|j|☆moicito
|j|☆dinglustan
|html|moicitodinglustan    
|uhtml|bestof|Game 1 of a best-of-3
|t:|1756260788
|gametype|doubles
|player|p1|moicito|266|1234
|player|p2|dinglustan|169|1234
|gen|9
|tier|[Gen 9] VGC 2025 Reg H (Bo3)
|rated|
|rule|Species Clause: Limit one of each Pokémon
|rule|Item Clause: Limit 1 of each item
|clearpoke
|poke|p1|Kingambit, L50, F|
|poke|p1|Rillaboom, L50, F|
|poke|p1|Electabuzz, L50, M|
|poke|p1|Volcarona, L50, M|
|poke|p1|Sneasler, L50, M|
|poke|p1|Dragonite, L50, F|
|poke|p2|Whimsicott, L50, F|
|poke|p2|Arcanine-Hisui, L50, M|
|poke|p2|Basculegion, L50, M|
|poke|p2|Hydreigon, L50, M|
|poke|p2|Farigiraf, L50, M|
|poke|p2|Pawmot, L50, F|
|teampreview|4
|showteam|p1|Kingambit||BlackGlasses|Defiant|Protect,KowtowCleave,SuckerPunch,SwordsDance|||F|||50|,,,,,Dark]Rillaboom||AssaultVest|GrassySurge|WoodHammer,GrassyGlide,HighHorsepower,FakeOut|||F|||50|,,,,,Fire]Electabuzz||Eviolite|VitalSpirit|Protect,Thunderbolt,HelpingHand,FollowMe|||M|||50|,,,,,Ghost]Volcarona||CovertCloak|FlameBody|Protect,HeatWave,TeraBlast,QuiverDance|||M|||50|,,,,,Fairy]Sneasler||FocusSash|Unburden|CloseCombat,DireClaw,Coaching,FakeOut|||M|||50|,,,,,Stellar]Dragonite||LoadedDice|Multiscale|ScaleShot,Haze,ExtremeSpeed,Protect|||F|||50|,,,,,Fairy
|showteam|p2|Whimsicott||CovertCloak|Prankster|Tailwind,Moonblast,GigaDrain,Encore|||F|||50|,,,,,Water]Arcanine-Hisui||AssaultVest|Intimidate|ExtremeSpeed,FlareBlitz,RockSlide,TeraBlast|||M|||50|,,,,,Grass]Basculegion||ChoiceBand|Adaptability|AquaJet,LastRespects,WaveCrash,TeraBlast|||M|||50|,,,,,Fairy]Hydreigon||LifeOrb|Levitate|Protect,DracoMeteor,DarkPulse,HeatWave|||M|||50|,,,,,Fire]Farigiraf||ThroatSpray|ArmorTail|Protect,TrickRoom,HyperVoice,TwinBeam|||M|||50|,,,,,Grass]Pawmot||FocusSash|VoltAbsorb|FakeOut,DoubleShock,CloseCombat,RevivalBlessing|||F|||50|,,,,,Electric
|inactive|Battle timer is ON: inactive players will automatically lose when time's up. (requested by dinglustan)
|inactive|moicito has 60 seconds left.
|inactive|moicito has 30 seconds left.
|
|t:|1756260856
|teamsize|p1|4
|teamsize|p2|4
|start
|switch|p1a: Kingii|Kingambit, L50, F, shiny|100/100
|switch|p1b: Dragii|Dragonite, L50, F|100/100
|switch|p2a: Whimsicott|Whimsicott, L50, F|100/100
|switch|p2b: Hydreigon|Hydreigon, L50, M|100/100
|turn|1
|inactive|moicito has 30 seconds left.
|inactive|moicito has 20 seconds left.
|inactive|moicito has 15 seconds left.
|inactive|moicito has 10 seconds left.
|inactive|moicito has 5 seconds left.
|
|t:|1756260910
|-terastallize|p2b: Hydreigon|Fire
|-terastallize|p1a: Kingii|Dark
|move|p2a: Whimsicott|Tailwind|p2a: Whimsicott
|-sidestart|p2: dinglustan|move: Tailwind
|move|p1a: Kingii|Sucker Punch|p2b: Hydreigon
|-damage|p2b: Hydreigon|26/100
|move|p2b: Hydreigon|Heat Wave|p1a: Kingii|[spread] p1a,p1b
|-resisted|p1b: Dragii
|-damage|p1a: Kingii|52/100
|-damage|p1b: Dragii|88/100
|-damage|p2b: Hydreigon|16/100|[from] item: Life Orb
|move|p1b: Dragii|Scale Shot|p2b: Hydreigon|[miss]
|-miss|p1b: Dragii|p2b: Hydreigon
|
|upkeep
|turn|2
|inactive|moicito has 30 seconds left.
|inactive|moicito has 20 seconds left.
|inactive|moicito has 15 seconds left.
|
|t:|1756260951
|switch|p2a: Farigiraf|Farigiraf, L50, M|100/100
|switch|p1a: Rilli|Rillaboom, L50, F, shiny|100/100
|-fieldstart|move: Grassy Terrain|[from] ability: Grassy Surge|[of] p1a: Rilli
|move|p1b: Dragii|Extreme Speed||[still]
|cant|p2a: Farigiraf|ability: Armor Tail|Extreme Speed|[of] p1b: Dragii
|move|p2b: Hydreigon|Draco Meteor|p1b: Dragii
|-supereffective|p1b: Dragii
|-damage|p1b: Dragii|0 fnt
|-unboost|p2b: Hydreigon|spa|2
|faint|p1b: Dragii
|-damage|p2b: Hydreigon|7/100|[from] item: Life Orb
|
|upkeep
|
|t:|1756260965
|switch|p1b: Snisli|Sneasler, L50, M|100/100
|turn|3
|
|t:|1756260986
|move|p2b: Hydreigon|Draco Meteor|p1b: Snisli
|-damage|p1b: Snisli|42/100
|-unboost|p2b: Hydreigon|spa|2
|-damage|p2b: Hydreigon|0 fnt|[from] item: Life Orb
|faint|p2b: Hydreigon
|move|p1b: Snisli|Dire Claw|p2a: Farigiraf
|-damage|p2a: Farigiraf|56/100
|-status|p2a: Farigiraf|psn
|move|p2a: Farigiraf|Hyper Voice|p1b: Snisli|[spread] p1a,p1b
|-damage|p1a: Rilli|79/100
|-damage|p1b: Snisli|0 fnt
|faint|p1b: Snisli
|-enditem|p2a: Farigiraf|Throat Spray
|-boost|p2a: Farigiraf|spa|1|[from] item: Throat Spray
|move|p1a: Rilli|Wood Hammer|p2a: Farigiraf
|-damage|p2a: Farigiraf|0 fnt
|faint|p2a: Farigiraf
|-damage|p1a: Rilli|60/100|[from] Recoil
|
|-heal|p1a: Rilli|66/100|[from] Grassy Terrain
|upkeep
|
|t:|1756261006
|switch|p1b: Kingii|Kingambit, L50, F, shiny, tera:Dark|52/100
|switch|p2b: Basculegion|Basculegion, L50, M|100/100
|switch|p2a: Whimsicott|Whimsicott, L50, F|100/100
|turn|4
|
|t:|1756261029
|move|p2b: Basculegion|Aqua Jet|p1b: Kingii
|-damage|p1b: Kingii|24/100
|move|p1a: Rilli|Grassy Glide|p2b: Basculegion
|-supereffective|p2b: Basculegion
|-damage|p2b: Basculegion|28/100
|move|p1b: Kingii|Sucker Punch||[still]
|-fail|p1b: Kingii
|move|p2a: Whimsicott|Moonblast|p1a: Rilli
|-damage|p1a: Rilli|48/100
|
|-heal|p2b: Basculegion|34/100|[from] Grassy Terrain
|-heal|p1a: Rilli|54/100|[from] Grassy Terrain
|-heal|p1b: Kingii|29/100|[from] Grassy Terrain
|-sideend|p2: dinglustan|move: Tailwind
|upkeep
|turn|5
|
|t:|1756261048
|move|p1b: Kingii|Protect|p1b: Kingii
|-singleturn|p1b: Kingii|Protect
|move|p2a: Whimsicott|Encore|p1a: Rilli
|-start|p1a: Rilli|Encore
|move|p2b: Basculegion|Aqua Jet|p1b: Kingii
|-activate|p1b: Kingii|move: Protect
|move|p1a: Rilli|Grassy Glide|p2b: Basculegion
|-supereffective|p2b: Basculegion
|-damage|p2b: Basculegion|0 fnt
|faint|p2b: Basculegion
|
|-heal|p1a: Rilli|60/100|[from] Grassy Terrain
|-heal|p1b: Kingii|35/100|[from] Grassy Terrain
|upkeep
|turn|6
|
|t:|1756261071
|move|p1a: Rilli|Grassy Glide|p2a: Whimsicott
|-resisted|p2a: Whimsicott
|-damage|p2a: Whimsicott|79/100
|move|p1b: Kingii|Sucker Punch|p2a: Whimsicott
|-resisted|p2a: Whimsicott
|-damage|p2a: Whimsicott|47/100
|move|p2a: Whimsicott|Moonblast|p1b: Kingii
|-supereffective|p1b: Kingii
|-damage|p1b: Kingii|0 fnt
|faint|p1b: Kingii
|
|-heal|p2a: Whimsicott|53/100|[from] Grassy Terrain
|-heal|p1a: Rilli|66/100|[from] Grassy Terrain
|-fieldend|move: Grassy Terrain
|upkeep
|turn|7
|
|t:|1756261086
|move|p2a: Whimsicott|Moonblast|p1a: Rilli
|-damage|p1a: Rilli|46/100
|move|p1a: Rilli|Grassy Glide|p2a: Whimsicott
|-resisted|p2a: Whimsicott
|-damage|p2a: Whimsicott|39/100
|
|-end|p1a: Rilli|Encore
|upkeep
|turn|8
|
|t:|1756261099
|move|p2a: Whimsicott|Moonblast|p1a: Rilli
|-damage|p1a: Rilli|26/100
|-unboost|p1a: Rilli|spa|1
|move|p1a: Rilli|Wood Hammer|p2a: Whimsicott
|-resisted|p2a: Whimsicott
|-damage|p2a: Whimsicott|9/100
|-damage|p1a: Rilli|18/100|[from] Recoil
|
|upkeep
|turn|9
|
|t:|1756261109
|move|p2a: Whimsicott|Moonblast|p1a: Rilli
|-damage|p1a: Rilli|0 fnt
|faint|p1a: Rilli
|
|win|dinglustan
||dinglustan is ready for game 2.
||moicito is ready for game 2.
|uhtml|next|Next: Game 2 of 3
|l|☆dinglustan
|player|p2|
