|j|☆MrGardnHose
|j|☆Schmixed_007
|html|MrGardnHoseSchmixed_007    
|uhtml|bestof|Game 2 of a best-of-3
|t:|1782509922
|gametype|doubles
|player|p1|MrGardnHose|jasmine-masters2|1211
|player|p2|Schmixed_007|1|1271
|gen|9
|tier|[Gen 9 Champions] VGC 2026 Reg M-B (Bo3)
|rated|
|rule|Species Clause: Limit one of each Pokémon
|rule|Item Clause: Limit 1 of each item
|clearpoke
|poke|p1|Whimsicott, L50, F, shiny|
|poke|p1|Swampert, L50, M, shiny|
|poke|p1|Pelipper, L50, F, shiny|
|poke|p1|Archaludon, L50, F, shiny|
|poke|p1|Basculegion, L50, M|
|poke|p1|Floette-Eternal, L50, F|
|poke|p2|Metagross, L50|
|poke|p2|Rotom-Wash, L50|
|poke|p2|Gengar, L50, M, shiny|
|poke|p2|Garchomp, L50, M|
|poke|p2|Ninetales-Alola, L50, M|
|poke|p2|Incineroar, L50, F|
|teampreview|4
|showteam|p1|Whimsicott||CobaBerry|Prankster|Moonblast,Tailwind,Encore,Protect|Bold||F|||50|]Swampert||Swampertite|Damp|WaveCrash,Earthquake,IcePunch,Protect|Adamant||M|||50|]Pelipper||LifeOrb|Drizzle|WeatherBall,Hurricane,Tailwind,Protect|Modest||F|||50|]Archaludon||Leftovers|Stamina|DracoMeteor,FlashCannon,ElectroShot,Protect|Modest||F|||50|]Basculegion||FocusSash|Adaptability|Liquidation,LastRespects,AquaJet,Protect|Adamant||M|||50|]Floette-Eternal||Floettite|FlowerVeil|Moonblast,DazzlingGleam,LightofRuin,Protect|Modest||F|||50|
|showteam|p2|Metagross||Metagrossite|ClearBody|MeteorMash,BulletPunch,BodyPress,Protect|Adamant|||||50|]Rotom-Wash||SitrusBerry|Levitate|HydroPump,Thunderbolt,WillOWisp,Protect|Modest|||||50|]Gengar||Gengarite|CursedBody|SludgeBomb,ShadowBall,Disable,Protect|Modest||M|||50|]Garchomp||LifeOrb|SandVeil|Earthquake,RockSlide,StompingTantrum,Protect|Adamant||M|||50|]Ninetales-Alola||FocusSash|SnowWarning|Blizzard,FreezeDry,Encore,Protect|Timid||M|||50|]Incineroar||PasshoBerry|Intimidate|FakeOut,PartingShot,DarkestLariat,CloseCombat|Brave||F|||50|
|
|t:|1782509951
|teamsize|p1|4
|teamsize|p2|4
|start
|switch|p1a: Whimsicott|Whimsicott, L50, F, shiny|100/100
|switch|p1b: Swampert|Swampert, L50, M, shiny|100/100
|switch|p2a: Incineroar|Incineroar, L50, F|100/100
|switch|p2b: Gengar|Gengar, L50, M, shiny|100/100
|-ability|p2a: Incineroar|Intimidate|boost
|-unboost|p1a: Whimsicott|atk|1
|-unboost|p1b: Swampert|atk|1
|turn|1
|
|t:|1782509967
|detailschange|p2b: Gengar|Gengar-Mega, L50, M, shiny
|-mega|p2b: Gengar|Gengar|Gengarite
|move|p1b: Swampert|Protect|p1b: Swampert
|-singleturn|p1b: Swampert|Protect
|move|p2a: Incineroar|Fake Out|p1b: Swampert
|-activate|p1b: Swampert|move: Protect
|move|p1a: Whimsicott|Tailwind|p1a: Whimsicott
|-sidestart|p1: MrGardnHose|move: Tailwind
|move|p2b: Gengar|Sludge Bomb|p1a: Whimsicott
|-supereffective|p1a: Whimsicott|2
|-damage|p1a: Whimsicott|0 fnt
|faint|p1a: Whimsicott
|
|upkeep
|
|t:|1782509974
|switch|p1a: Pelipper|Pelipper, L50, F, shiny|100/100
|-weather|RainDance|[from] ability: Drizzle|[of] p1a: Pelipper
|turn|2
|
|t:|1782509986
|switch|p2a: Rotom|Rotom-Wash, L50|100/100
|detailschange|p1b: Swampert|Swampert-Mega, L50, M, shiny
|-mega|p1b: Swampert|Swampert|Swampertite
|move|p2b: Gengar|Protect|p2b: Gengar
|-singleturn|p2b: Gengar|Protect
|move|p1b: Swampert|Earthquake|p2a: Rotom|[spread] 
|-activate|p2b: Gengar|move: Protect
|-immune|p1a: Pelipper
|-immune|p2a: Rotom|[from] ability: Levitate
|move|p1a: Pelipper|Weather Ball|p2b: Gengar
|-activate|p2b: Gengar|move: Protect
|
|-weather|RainDance|[upkeep]
|upkeep
|turn|3
|
|t:|1782510000
|switch|p2b: Incineroar|Incineroar, L50, F|100/100
|-ability|p2b: Incineroar|Intimidate|boost
|-unboost|p1a: Pelipper|atk|1
|-unboost|p1b: Swampert|atk|1
|move|p1a: Pelipper|Protect|p1a: Pelipper
|-singleturn|p1a: Pelipper|Protect
|move|p1b: Swampert|Earthquake|p2a: Rotom|[spread] p2b
|-activate|p1a: Pelipper|move: Protect
|-immune|p2a: Rotom|[from] ability: Levitate
|-supereffective|p2b: Incineroar|1
|-damage|p2b: Incineroar|54/100
|move|p2a: Rotom|Will-O-Wisp|p1b: Swampert|[miss]
|-miss|p2a: Rotom|p1b: Swampert
|
|-weather|RainDance|[upkeep]
|upkeep
|turn|4
|
|t:|1782510021
|switch|p1b: Basculegion|Basculegion, L50, M|100/100
|move|p2b: Incineroar|Fake Out|p1a: Pelipper
|-damage|p1a: Pelipper|85/100
|cant|p1a: Pelipper|flinch
|move|p2a: Rotom|Will-O-Wisp|p1b: Basculegion
|-status|p1b: Basculegion|brn
|
|-weather|RainDance|[upkeep]
|-damage|p1b: Basculegion|93/100 brn|[from] brn
|-sideend|p1: MrGardnHose|move: Tailwind
|upkeep
|turn|5
|
|t:|1782510042
|move|p1a: Pelipper|Protect|p1a: Pelipper
|-singleturn|p1a: Pelipper|Protect
|move|p1b: Basculegion|Liquidation|p2b: Incineroar
|-supereffective|p2b: Incineroar|1
|-enditem|p2b: Incineroar|Passho Berry|[eat]
|-enditem|p2b: Incineroar|Passho Berry|[weaken]
|-damage|p2b: Incineroar|16/100
|move|p2a: Rotom|Thunderbolt|p1a: Pelipper
|-activate|p1a: Pelipper|move: Protect
|move|p2b: Incineroar|Parting Shot|p1b: Basculegion
|-unboost|p1b: Basculegion|atk|1
|-unboost|p1b: Basculegion|spa|1
|
|t:|1782510053
|switch|p2b: Ninetales|Ninetales-Alola, L50, M|100/100|[from] Parting Shot
|-weather|Snowscape|[from] ability: Snow Warning|[of] p2b: Ninetales
|
|-weather|Snowscape|[upkeep]
|-damage|p1b: Basculegion|87/100 brn|[from] brn
|upkeep
|turn|6
|
|t:|1782510066
|switch|p1a: Swampert|Swampert-Mega, L50, M, shiny|100/100
|move|p2b: Ninetales|Freeze-Dry|p1a: Swampert
|-supereffective|p1a: Swampert|2
|-damage|p1a: Swampert|1/100
|move|p1b: Basculegion|Liquidation|p2b: Ninetales
|-crit|p2b: Ninetales
|-damage|p2b: Ninetales|55/100
|move|p2a: Rotom|Thunderbolt|p1b: Basculegion
|-supereffective|p1b: Basculegion|1
|-damage|p1b: Basculegion|0 fnt
|faint|p1b: Basculegion
|
|-weather|Snowscape|[upkeep]
|upkeep
|
|t:|1782510072
|switch|p1b: Pelipper|Pelipper, L50, F, shiny|85/100
|-weather|RainDance|[from] ability: Drizzle|[of] p1b: Pelipper
|turn|7
|-message|MrGardnHose forfeited.
|raw|MrGardnHose's rating: 1211 → 1190(-21 for losing)
|raw|Schmixed_007's rating: 1271 → 1292(+21 for winning)
|
|win|Schmixed_007
