|j|☆Oku_ACL
|j|☆4ci0l
|html|Oku_ACL4ci0l    
|uhtml|bestof|Game 2 of a best-of-3
|t:|1756308732
|gametype|doubles
|player|p1|Oku_ACL|266|
|player|p2|4ci0l|sage|
|gen|9
|tier|[Gen 9] VGC 2025 Reg H (Bo3)
|rule|Species Clause: Limit one of each Pokémon
|rule|Item Clause: Limit 1 of each item
|clearpoke
|poke|p1|Amoonguss, L50, M|
|poke|p1|Sneasler, L50, F|
|poke|p1|Gholdengo, L50|
|poke|p1|Incineroar, L50, F|
|poke|p1|Ursaluna-Bloodmoon, L50, M|
|poke|p1|Dragonite, L50, M|
|poke|p2|Sneasler, L50, M|
|poke|p2|Indeedee, L50, M|
|poke|p2|Volcarona, L50, M|
|poke|p2|Ursaluna-Bloodmoon, L50, M|
|poke|p2|Annihilape, L50, M|
|poke|p2|Tyranitar, L50, M|
|teampreview|4
|showteam|p1|Amoonguss||SitrusBerry|Regenerator|RagePowder,Spore,PollenPuff,Protect|||M|||50|,,,,,Psychic]Sneasler||FocusSash|Unburden|Protect,DireClaw,CloseCombat,ThroatChop|||F|||50|,,,,,Stellar]Gholdengo||LifeOrb|GoodasGold|Protect,MakeItRain,ShadowBall,NastyPlot||||||50|,,,,,Water]Incineroar||SafetyGoggles|Intimidate|KnockOff,PartingShot,FlareBlitz,FakeOut|||F|||50|,,,,,Ghost]Ursaluna-Bloodmoon||AssaultVest|MindsEye|BloodMoon,EarthPower,VacuumWave,HyperVoice|||M|||50|,,,,,Water]Dragonite||LoadedDice|Multiscale|ScaleShot,Tailwind,Haze,Protect|||M|||50|,,,,,Fairy
|showteam|p2|Sneasler||PsychicSeed|Unburden|CloseCombat,DireClaw,ThroatChop,Protect|||M|||50|,,,,,Dark]Indeedee||ChoiceScarf|PsychicSurge|ExpandingForce,TeraBlast,Trick,Protect|||M|||50|,,,,,Psychic]Volcarona||SitrusBerry|FlameBody|Overheat,StruggleBug,RagePowder,Tailwind|||M|||50|,,,,,Grass]Ursaluna-Bloodmoon||LifeOrb|MindsEye|BloodMoon,HyperVoice,EarthPower,Protect|||M|||50|,,,,,Normal]Annihilape||SafetyGoggles|Defiant|CloseCombat,RageFist,Taunt,FinalGambit|||M|||50|,,,,,Fairy]Tyranitar||AssaultVest|SandStream|RockSlide,KnockOff,TeraBlast,LowKick|||M|||50|,,,,,Flying
|inactive|Battle timer is ON: inactive players will automatically lose when time's up. (requested by 4ci0l)
|inactive|4ci0l has 60 seconds left.
|
|t:|1756308796
|teamsize|p1|4
|teamsize|p2|4
|start
|switch|p1a: Gholdengo|Gholdengo, L50|100/100
|switch|p1b: Incineroar|Incineroar, L50, F|100/100
|switch|p2a: Volcarona|Volcarona, L50, M|100/100
|switch|p2b: Annihilape|Annihilape, L50, M|100/100
|-ability|p1b: Incineroar|Intimidate|boost
|-unboost|p2a: Volcarona|atk|1
|-unboost|p2b: Annihilape|atk|1
|-ability|p2b: Annihilape|Defiant|boost
|-boost|p2b: Annihilape|atk|2
|turn|1
|inactive|Oku_ACL has 30 seconds left.
|inactive|4ci0l has 30 seconds left.
|inactive|Oku_ACL has 20 seconds left.
|
|t:|1756308835
|move|p1b: Incineroar|Fake Out|p2b: Annihilape
|-immune|p2b: Annihilape
|move|p2a: Volcarona|Overheat|p1a: Gholdengo
|-supereffective|p1a: Gholdengo
|-damage|p1a: Gholdengo|0 fnt
|-unboost|p2a: Volcarona|spa|2
|faint|p1a: Gholdengo
|move|p2b: Annihilape|Final Gambit|p1b: Incineroar
|-damage|p1b: Incineroar|0 fnt
|faint|p2b: Annihilape
|faint|p1b: Incineroar
|
|upkeep
|
|t:|1756308852
|switch|p2b: Indeedee|Indeedee, L50, M|100/100
|switch|p1a: Ursaluna|Ursaluna-Bloodmoon, L50, M|100/100
|switch|p1b: amogus|Amoonguss, L50, M|100/100
|-fieldstart|move: Psychic Terrain|[from] ability: Psychic Surge|[of] p2b: Indeedee
|turn|2
|inactive|Oku_ACL has 30 seconds left.
|
|t:|1756308878
|-terastallize|p1b: amogus|Psychic
|move|p2b: Indeedee|Expanding Force|p1b: amogus|[spread] p1a,p1b
|-resisted|p1b: amogus
|-damage|p1a: Ursaluna|61/100
|-damage|p1b: amogus|77/100
|move|p2a: Volcarona|Struggle Bug|p1b: amogus|[spread] p1a,p1b
|-supereffective|p1b: amogus
|-damage|p1a: Ursaluna|56/100
|-damage|p1b: amogus|60/100
|-unboost|p1a: Ursaluna|spa|1
|-unboost|p1b: amogus|spa|1
|move|p1a: Ursaluna|Blood Moon|p2a: Volcarona
|-damage|p2a: Volcarona|55/100
|move|p1b: amogus|Spore|p2b: Indeedee
|-status|p2b: Indeedee|slp|[from] move: Spore
|
|upkeep
|turn|3
|inactive|Oku_ACL has 30 seconds left.
|
|t:|1756308909
|move|p2a: Volcarona|Rage Powder|p2a: Volcarona
|-singleturn|p2a: Volcarona|move: Rage Powder
|cant|p2b: Indeedee|slp
|move|p1a: Ursaluna|Earth Power|p2a: Volcarona
|-crit|p2a: Volcarona
|-damage|p2a: Volcarona|0 fnt
|faint|p2a: Volcarona
|move|p1b: amogus|Pollen Puff|p2b: Indeedee
|-supereffective|p2b: Indeedee
|-damage|p2b: Indeedee|64/100 slp
|
|upkeep
|
|t:|1756308916
|switch|p2a: Sneasler|Sneasler, L50, M|100/100
|-enditem|p2a: Sneasler|Psychic Seed
|-boost|p2a: Sneasler|spd|1|[from] item: Psychic Seed
|turn|4
|
|t:|1756308939
|move|p2a: Sneasler|Protect|p2a: Sneasler
|-singleturn|p2a: Sneasler|Protect
|cant|p2b: Indeedee|slp
|move|p1a: Ursaluna|Earth Power|p2b: Indeedee
|-damage|p2b: Indeedee|19/100 slp
|move|p1b: amogus|Spore|p2a: Sneasler
|-activate|p2a: Sneasler|move: Protect
|
|upkeep
|turn|5
|inactive|4ci0l has 30 seconds left.
|inactive|4ci0l has 20 seconds left.
|
|t:|1756308977
|-terastallize|p2a: Sneasler|Dark
|move|p1b: amogus|Rage Powder|p1b: amogus
|-singleturn|p1b: amogus|move: Rage Powder
|move|p2a: Sneasler|Throat Chop|p1b: amogus
|-supereffective|p1b: amogus
|-damage|p1b: amogus|0 fnt
|faint|p1b: amogus
|-curestatus|p2b: Indeedee|slp|[msg]
|move|p2b: Indeedee|Expanding Force|p1a: Ursaluna
|-damage|p1a: Ursaluna|5/100
|move|p1a: Ursaluna|Earth Power|p2a: Sneasler
|-damage|p2a: Sneasler|69/100
|
|upkeep
|turn|6
|
|t:|1756308991
|move|p1a: Ursaluna|Vacuum Wave|p2a: Sneasler
|-activate|p2a: Sneasler|move: Psychic Terrain
|move|p2a: Sneasler|Close Combat|p1a: Ursaluna
|-supereffective|p1a: Ursaluna
|-damage|p1a: Ursaluna|0 fnt
|-unboost|p2a: Sneasler|def|1
|-unboost|p2a: Sneasler|spd|1
|faint|p1a: Ursaluna
|
|win|4ci0l
