|j|☆Alysonz
|j|☆benjitulio
|html|Alysonzbenjitulio    
|uhtml|bestof|Game 1 of a best-of-3
|t:|1783208729
|gametype|doubles
|player|p1|Alysonz|steven|1052
|player|p2|benjitulio|wattson|1000
|gen|9
|tier|[Gen 9 Champions] VGC 2026 Reg M-B (Bo3)
|rated|
|rule|Species Clause: Limit one of each Pokémon
|rule|Item Clause: Limit 1 of each item
|clearpoke
|poke|p1|Aegislash, L50, M|
|poke|p1|Greninja, L50, M|
|poke|p1|Gengar, L50, M|
|poke|p1|Ninetales-Alola, L50, F|
|poke|p1|Whimsicott, L50, M|
|poke|p1|Incineroar, L50, F|
|poke|p2|Maushold-Four, L50|
|poke|p2|Incineroar, L50, M|
|poke|p2|Metagross, L50|
|poke|p2|Aerodactyl, L50, F|
|poke|p2|Primarina, L50, M|
|poke|p2|Sinistcha, L50|
|teampreview|4
|showteam|p1|Aegislash||Leftovers|StanceChange|BrickBreak,KingsShield,IronHead,WideGuard|Adamant||M|||50|]Greninja||Greninjite|Protean|Blizzard,DarkPulse,WaterShuriken,Protect|Timid||M|||50|]Gengar||Gengarite|CursedBody|PerishSong,Protect,AcidSpray,ShadowBall|Timid||M|||50|]Ninetales-Alola||IcyRock|SnowWarning|FreezeDry,Blizzard,Encore,Protect|Timid||F|||50|]Whimsicott||FocusSash|Prankster|Encore,Tailwind,EnergyBall,Moonblast|Timid||M|||50|]Incineroar||SitrusBerry|Intimidate|Protect,FakeOut,PartingShot,FlareBlitz|Relaxed||F|||50|
|showteam|p2|Maushold-Four||FocusSash|FriendGuard|FollowMe,RainDance,PopulationBomb,SuperFang|Jolly|||||50|]Incineroar||ChopleBerry|Intimidate|FakeOut,FlareBlitz,PartingShot,DarkestLariat|Impish||M|||50|]Metagross||Metagrossite|ClearBody|IronHead,Protect,PsychicFangs,Earthquake|Adamant|||||50|]Aerodactyl||FocusBand|Unnerve|RockSlide,Protect,Tailwind,IceFang|Jolly||F|||50|]Primarina||ChoiceScarf|LiquidVoice|HyperVoice,HydroPump,IcyWind,Moonblast|Modest||M|||50|]Sinistcha||Leftovers|Hospitality|MatchaGotcha,LifeDew,ShadowBall,RagePowder|Calm|||||50|
|inactive|Battle timer is ON: inactive players will automatically lose when time's up. (requested by Alysonz)
|j| Agent_999_999
|
|t:|1783208759
|teamsize|p1|4
|teamsize|p2|4
|start
|switch|p1a: Aqua|Greninja, L50, M|100/100
|switch|p1b: Esdeath|Ninetales-Alola, L50, F|100/100
|switch|p2a: Metagross|Metagross, L50|100/100
|switch|p2b: Incineroar|Incineroar, L50, M|100/100
|-weather|Snowscape|[from] ability: Snow Warning|[of] p1b: Esdeath
|-ability|p2b: Incineroar|Intimidate|boost
|-unboost|p1a: Aqua|atk|1
|-unboost|p1b: Esdeath|atk|1
|turn|1
|inactive|Alysonz has 30 seconds left.
|
|t:|1783208784
|switch|p1b: Echidna|Whimsicott, L50, M|100/100
|detailschange|p1a: Aqua|Greninja-Mega, L50, M
|-mega|p1a: Aqua|Greninja|Greninjite
|detailschange|p2a: Metagross|Metagross-Mega, L50
|-mega|p2a: Metagross|Metagross|Metagrossite
|move|p2b: Incineroar|Fake Out|p1a: Aqua
|-damage|p1a: Aqua|83/100
|cant|p1a: Aqua|flinch
|move|p2a: Metagross|Iron Head|p1b: Echidna
|-supereffective|p1b: Echidna|1
|-enditem|p1b: Echidna|Focus Sash
|-damage|p1b: Echidna|1/100
|
|-weather|Snowscape|[upkeep]
|upkeep
|turn|2
|inactive|benjitulio has 30 seconds left.
|
|t:|1783208811
|switch|p2a: Primarina|Primarina, L50, M|100/100
|move|p1b: Echidna|Tailwind|p1b: Echidna
|-sidestart|p1: Alysonz|move: Tailwind
|move|p1a: Aqua|Dark Pulse|p2a: Primarina
|-start|p1a: Aqua|typechange|Dark|[from] ability: Protean
|-resisted|p2a: Primarina|1
|-damage|p2a: Primarina|80/100
|move|p2b: Incineroar|Parting Shot|p1a: Aqua
|-unboost|p1a: Aqua|atk|1
|-unboost|p1a: Aqua|spa|1
|l| Agent_999_999
|
|t:|1783208824
|switch|p2b: Sinistcha|Sinistcha, L50|100/100|[from] Parting Shot
|-heal|p2a: Primarina|100/100|[from] ability: Hospitality|[of] p2b: Sinistcha
|
|-weather|Snowscape|[upkeep]
|upkeep
|turn|3
|
|t:|1783208846
|switch|p1a: Esdeath|Ninetales-Alola, L50, F|100/100
|switch|p2b: Incineroar|Incineroar, L50, M|100/100
|-ability|p2b: Incineroar|Intimidate|boost
|-unboost|p1a: Esdeath|atk|1
|-unboost|p1b: Echidna|atk|1
|move|p1b: Echidna|Energy Ball|p2a: Primarina
|-supereffective|p2a: Primarina|1
|-damage|p2a: Primarina|37/100
|move|p2a: Primarina|Moonblast|p1a: Esdeath
|-damage|p1a: Esdeath|39/100
|
|-weather|Snowscape|[upkeep]
|upkeep
|turn|4
|inactive|benjitulio has 30 seconds left.
|inactive|benjitulio has 20 seconds left.
|inactive|benjitulio has 15 seconds left.
|inactive|benjitulio has 10 seconds left.
|
|t:|1783208893
|switch|p1b: Akashia|Aegislash, L50, M|100/100
|switch|p2a: Metagross|Metagross-Mega, L50|100/100
|move|p1a: Esdeath|Protect|p1a: Esdeath
|-singleturn|p1a: Esdeath|Protect
|move|p2b: Incineroar|Parting Shot|p1a: Esdeath
|-activate|p1a: Esdeath|move: Protect
|
|-weather|Snowscape|[upkeep]
|upkeep
|turn|5
|inactive|Alysonz has 30 seconds left.
|
|t:|1783208920
|move|p2a: Metagross|Protect|p2a: Metagross
|-singleturn|p2a: Metagross|Protect
|move|p1a: Esdeath|Blizzard|p2a: Metagross|[spread] p2b
|-activate|p2a: Metagross|move: Protect
|-resisted|p2b: Incineroar|1
|-damage|p2b: Incineroar|83/100
|-formechange|p1b: Akashia|Aegislash-Blade|
|move|p1b: Akashia|Brick Break|p2b: Incineroar
|-supereffective|p2b: Incineroar|1
|-enditem|p2b: Incineroar|Chople Berry|[eat]
|-enditem|p2b: Incineroar|Chople Berry|[weaken]
|-damage|p2b: Incineroar|55/100
|move|p2b: Incineroar|Flare Blitz|p1a: Esdeath
|-supereffective|p1a: Esdeath|1
|-damage|p1a: Esdeath|0 fnt
|faint|p1a: Esdeath
|-damage|p2b: Incineroar|46/100|[from] Recoil
|
|-weather|Snowscape|[upkeep]
|-sideend|p1: Alysonz|move: Tailwind
|upkeep
|
|t:|1783208941
|switch|p1a: Aqua|Greninja-Mega, L50, M|83/100
|turn|6
|
|t:|1783208954
|switch|p2a: Primarina|Primarina, L50, M|37/100
|move|p1a: Aqua|Dark Pulse|p2a: Primarina
|-start|p1a: Aqua|typechange|Dark|[from] ability: Protean
|-resisted|p2a: Primarina|1
|-damage|p2a: Primarina|16/100
|move|p1b: Akashia|Brick Break|p2b: Incineroar
|-supereffective|p2b: Incineroar|1
|-damage|p2b: Incineroar|0 fnt
|faint|p2b: Incineroar
|
|-weather|Snowscape|[upkeep]
|upkeep
|
|t:|1783208965
|switch|p2b: Sinistcha|Sinistcha, L50|100/100
|-heal|p2a: Primarina|41/100|[from] ability: Hospitality|[of] p2b: Sinistcha
|turn|7
|
|t:|1783208977
|move|p1a: Aqua|Dark Pulse|p2b: Sinistcha
|-supereffective|p2b: Sinistcha|1
|-damage|p2b: Sinistcha|19/100
|move|p2a: Primarina|Moonblast|p1a: Aqua
|-supereffective|p1a: Aqua|1
|-damage|p1a: Aqua|0 fnt
|faint|p1a: Aqua
|move|p1b: Akashia|Iron Head|p2a: Primarina
|-damage|p2a: Primarina|0 fnt
|faint|p2a: Primarina
|move|p2b: Sinistcha|Shadow Ball|p1b: Akashia
|-supereffective|p1b: Akashia|1
|-damage|p1b: Akashia|0 fnt
|faint|p1b: Akashia
|
|-weather|Snowscape|[upkeep]
|-heal|p2b: Sinistcha|25/100|[from] item: Leftovers
|upkeep
|
|t:|1783208995
|switch|p2a: Metagross|Metagross-Mega, L50|100/100
|switch|p1b: Echidna|Whimsicott, L50, M|1/100
|turn|8
|
|t:|1783209003
|move|p1b: Echidna|Moonblast|p2b: Sinistcha
|-damage|p2b: Sinistcha|0 fnt
|faint|p2b: Sinistcha
|move|p2a: Metagross|Iron Head|p1b: Echidna
|-supereffective|p1b: Echidna|1
|-damage|p1b: Echidna|0 fnt
|faint|p1b: Echidna
|
|win|benjitulio
