|j|☆Jiaco5
|j|☆catsharknado
|html|Jiaco5catsharknado    
|uhtml|bestof|Game 3 of a best-of-3
|t:|1784239759
|gametype|doubles
|player|p1|Jiaco5|1|1329
|player|p2|catsharknado|2|1244
|gen|9
|tier|[Gen 9 Champions] VGC 2026 Reg M-B (Bo3)
|rated|
|rule|Species Clause: Limit one of each Pokémon
|rule|Item Clause: Limit 1 of each item
|clearpoke
|poke|p1|Blastoise, L50, F|
|poke|p1|Sinistcha, L50|
|poke|p1|Delphox, L50, M|
|poke|p1|Sneasler, L50, M|
|poke|p1|Incineroar, L50, M|
|poke|p1|Kingambit, L50, F|
|poke|p2|Milotic, L50, M|
|poke|p2|Floette-Eternal, L50, F|
|poke|p2|Raichu, L50, M|
|poke|p2|Ceruledge, L50, F|
|poke|p2|Sinistcha, L50|
|poke|p2|Incineroar, L50, F|
|teampreview|4
|showteam|p1|Blastoise||Blastoisinite|RainDish|WaterSpout,DarkPulse,ShellSmash,Protect|Modest||F|||50|]Sinistcha||OccaBerry|Hospitality|MatchaGotcha,TrickRoom,RagePowder,Protect|Relaxed|||||50|]Delphox||Delphoxite|Blaze|HeatWave,Psychic,NastyPlot,Protect|Timid||M|||50|]Sneasler||FocusSash|PoisonTouch|CloseCombat,PoisonJab,FakeOut,QuickGuard|Jolly||M|||50|]Incineroar||SitrusBerry|Intimidate|FlareBlitz,FakeOut,ThroatChop,PartingShot|Impish||M|||50|]Kingambit||BlackGlasses|Defiant|KowtowCleave,SuckerPunch,SwordsDance,Protect|Adamant||F|||50|
|showteam|p2|Milotic||Leftovers|Competitive|Coil,Hypnosis,MuddyWater,Recover|Bold||M|||50|]Floette-Eternal||Floettite|FlowerVeil|CalmMind,DrainingKiss,DazzlingGleam,Protect|Timid||F|||50|]Raichu||RaichuniteY|LightningRod|FakeOut,ZapCannon,FocusBlast,Protect|Timid||M|||50|]Ceruledge||ColburBerry|FlashFire|Protect,BulkUp,BitterBlade,ShadowSneak|Adamant||F|||50|]Sinistcha||KasibBerry|Hospitality|MatchaGotcha,RagePowder,LifeDew,Protect|Relaxed|||||50|]Incineroar||SitrusBerry|Intimidate|FlareBlitz,ThroatChop,PartingShot,FakeOut|Impish||F|||50|
|inactive|Battle timer is ON: inactive players will automatically lose when time's up. (requested by catsharknado)
|inactive|Jiaco5 has 60 seconds left.
|inactive|catsharknado has 60 seconds left.
|inactive|catsharknado has 30 seconds left.
|inactive|Jiaco5 has 30 seconds left.
|inactive|catsharknado has 20 seconds left.
|inactive|Jiaco5 has 20 seconds left.
|inactive|Jiaco5 has 15 seconds left.
|inactive|Jiaco5 has 10 seconds left.
|
|t:|1784239854
|teamsize|p1|4
|teamsize|p2|4
|start
|switch|p1a: Kingambit|Kingambit, L50, F|100/100
|switch|p1b: Sinistcha|Sinistcha, L50|100/100
|switch|p2a: Floette|Floette-Eternal, L50, F|100/100
|switch|p2b: Milotic|Milotic, L50, M|100/100
|turn|1
|
|t:|1784239869
|detailschange|p2a: Floette|Floette-Mega, L50, F
|-mega|p2a: Floette|Floette|Floettite
|-ability|p2a: Floette|Fairy Aura
|move|p2a: Floette|Calm Mind|p2a: Floette
|-boost|p2a: Floette|spa|1
|-boost|p2a: Floette|spd|1
|move|p2b: Milotic|Coil|p2b: Milotic
|-boost|p2b: Milotic|atk|1
|-boost|p2b: Milotic|def|1
|-boost|p2b: Milotic|accuracy|1
|move|p1a: Kingambit|Swords Dance|p1a: Kingambit
|-boost|p1a: Kingambit|atk|2
|move|p1b: Sinistcha|Trick Room|p1b: Sinistcha
|-fieldstart|move: Trick Room|[of] p1b: Sinistcha
|
|upkeep
|turn|2
|inactive|Jiaco5 has 30 seconds left.
|inactive|catsharknado has 30 seconds left.
|
|t:|1784239906
|move|p1b: Sinistcha|Rage Powder|p1b: Sinistcha
|-singleturn|p1b: Sinistcha|move: Rage Powder
|move|p1a: Kingambit|Kowtow Cleave|p2a: Floette
|-resisted|p2a: Floette|1
|-damage|p2a: Floette|40/100
|move|p2b: Milotic|Hypnosis|p1b: Sinistcha
|-status|p1b: Sinistcha|slp|[from] move: Hypnosis
|move|p2a: Floette|Dazzling Gleam|p1a: Kingambit|[spread] p1a,p1b
|-damage|p1a: Kingambit|37/100
|-damage|p1b: Sinistcha|42/100 slp
|
|upkeep
|turn|3
|inactive|Jiaco5 has 30 seconds left.
|inactive|catsharknado has 30 seconds left.
|
|t:|1784239938
|move|p1a: Kingambit|Kowtow Cleave|p2b: Milotic
|-damage|p2b: Milotic|37/100
|cant|p1b: Sinistcha|slp
|move|p2b: Milotic|Hypnosis|p1a: Kingambit
|-status|p1a: Kingambit|slp|[from] move: Hypnosis
|move|p2a: Floette|Draining Kiss|p1b: Sinistcha
|-damage|p1b: Sinistcha|0 fnt
|-heal|p2a: Floette|76/100|[from] drain|[of] p1b: Sinistcha
|faint|p1b: Sinistcha
|
|-heal|p2b: Milotic|43/100|[from] item: Leftovers
|upkeep
|
|t:|1784239951
|switch|p1b: Sneasler|Sneasler, L50, M|100/100
|turn|4
|
|t:|1784239973
|move|p1b: Sneasler|Fake Out|p2a: Floette
|-damage|p2a: Floette|60/100
|cant|p1a: Kingambit|slp
|move|p2b: Milotic|Recover|p2b: Milotic
|-heal|p2b: Milotic|93/100
|cant|p2a: Floette|flinch
|
|-heal|p2b: Milotic|99/100|[from] item: Leftovers
|upkeep
|turn|5
|
|t:|1784239991
|move|p2a: Floette|Protect|p2a: Floette
|-singleturn|p2a: Floette|Protect
|cant|p1a: Kingambit|slp
|move|p2b: Milotic|Hypnosis|p1b: Sneasler
|-status|p1b: Sneasler|slp|[from] move: Hypnosis
|cant|p1b: Sneasler|slp
|
|-heal|p2b: Milotic|100/100|[from] item: Leftovers
|-fieldend|move: Trick Room
|upkeep
|turn|6
|
|t:|1784240005
|cant|p1b: Sneasler|slp
|move|p2a: Floette|Draining Kiss|p1a: Kingambit
|-damage|p1a: Kingambit|0 fnt
|-heal|p2a: Floette|98/100|[from] drain|[of] p1a: Kingambit
|faint|p1a: Kingambit
|move|p2b: Milotic|Muddy Water|p1b: Sneasler
|-damage|p1b: Sneasler|52/100 slp
|
|upkeep
|
|t:|1784240009
|switch|p1a: Delphox|Delphox, L50, M|100/100
|turn|7
|
|t:|1784240017
|detailschange|p1a: Delphox|Delphox-Mega, L50, M
|-mega|p1a: Delphox|Delphox|Delphoxite
|move|p1a: Delphox|Nasty Plot|p1a: Delphox
|-boost|p1a: Delphox|spa|2
|-curestatus|p1b: Sneasler|slp|[msg]
|move|p1b: Sneasler|Poison Jab|p2a: Floette
|-supereffective|p2a: Floette|1
|-damage|p2a: Floette|17/100
|move|p2a: Floette|Dazzling Gleam|p1a: Delphox|[spread] p1a,p1b
|-resisted|p1a: Delphox|1
|-damage|p1a: Delphox|73/100
|-damage|p1b: Sneasler|0 fnt
|faint|p1b: Sneasler
|move|p2b: Milotic|Hypnosis|p1a: Delphox
|-status|p1a: Delphox|slp|[from] move: Hypnosis
|
|upkeep
|turn|8
|inactive|Jiaco5 has 30 seconds left.
|
|t:|1784240045
|cant|p1a: Delphox|slp
|move|p2a: Floette|Dazzling Gleam|p1a: Delphox
|-resisted|p1a: Delphox|1
|-damage|p1a: Delphox|39/100 slp
|move|p2b: Milotic|Muddy Water|p1a: Delphox
|-supereffective|p1a: Delphox|1
|-damage|p1a: Delphox|0 fnt
|faint|p1a: Delphox
|
|win|catsharknado
|raw|Jiaco5's rating: 1329 → 1304(-25 for losing)
|raw|catsharknado's rating: 1244 → 1275(+31 for winning)
|l|☆Jiaco5
|player|p1|
