|j|☆parchesin
|j|☆okkoso
|html|parchesinokkoso    
|uhtml|bestof|Game 1 of a best-of-3
|t:|1756961718
|gametype|doubles
|player|p1|parchesin|265|1003
|player|p2|okkoso|waiter-gen4dp|1000
|gen|9
|tier|[Gen 9] VGC 2025 Reg H (Bo3)
|rated|
|rule|Species Clause: Limit one of each Pokémon
|rule|Item Clause: Limit 1 of each item
|clearpoke
|poke|p1|Ursaluna-Bloodmoon, L50, M|
|poke|p1|Sneasler, L50, F|
|poke|p1|Dragonite, L50, M|
|poke|p1|Incineroar, L50, M|
|poke|p1|Gholdengo, L50|
|poke|p1|Rillaboom, L50, F|
|poke|p2|Muk-Alola, L50, M|
|poke|p2|Smeargle, L50, F|
|poke|p2|Maushold-Four, L50|
|poke|p2|Annihilape, L50, F|
|poke|p2|Sinistcha, L50|
|poke|p2|Archaludon, L50, M|
|teampreview|4
|showteam|p1|Ursaluna-Bloodmoon||Leftovers|MindsEye|BloodMoon,EarthPower,CalmMind,Protect|||M|||50|,,,,,Electric]Sneasler||FocusSash|Unburden|CloseCombat,DireClaw,FakeOut,Coaching|||F|||50|,,,,,Ghost]Dragonite||LoadedDice|Multiscale|ScaleShot,Haze,Tailwind,Protect|||M|||50|,,,,,Steel]Incineroar||SafetyGoggles|Intimidate|FlareBlitz,KnockOff,PartingShot,FakeOut|||M|||50|,,,,,Ghost]Gholdengo||LifeOrb|GoodasGold|MakeItRain,ShadowBall,NastyPlot,Protect||||||50|,,,,,Water]Rillaboom||AssaultVest|GrassySurge|GrassyGlide,WoodHammer,HighHorsepower,FakeOut|||F|||50|,,,,,Fire
|showteam|p2|Muk-Alola||RockyHelmet|PowerofAlchemy|Curse,ShadowSneak,Protect,PoisonFang|||M|||50|,,,,,Ghost]Smeargle||FocusSash|Moody|FakeOut,PopulationBomb,Decorate,FollowMe|||F|||50|,,,,,Grass]Maushold-Four||SafetyGoggles|FriendGuard|PopulationBomb,Protect,FollowMe,BeatUp||||||50|,,,,,Ghost]Annihilape||ExpertBelt|Defiant|BulkUp,DrainPunch,RageFist,Protect|||F|||50|,,,,,Water]Sinistcha||SitrusBerry|Hospitality|MatchaGotcha,ShadowBall,CalmMind,RagePowder||||||50|,,,,,Ghost]Archaludon||AssaultVest|Stamina|DracoMeteor,ElectroShot,BodyPress,DragonPulse|||M|||50|,,,,,Water
|inactive|Battle timer is ON: inactive players will automatically lose when time's up. (requested by parchesin)
|
|t:|1756961751
|teamsize|p1|4
|teamsize|p2|4
|start
|switch|p1a: Sneasler|Sneasler, L50, F, shiny|100/100
|switch|p1b: Rillaboom|Rillaboom, L50, F|100/100
|switch|p2a: Annihilape|Annihilape, L50, F|100/100
|switch|p2b: Smeargle|Smeargle, L50, F|100/100
|-fieldstart|move: Grassy Terrain|[from] ability: Grassy Surge|[of] p1b: Rillaboom
|turn|1
|
|t:|1756961766
|move|p1a: Sneasler|Fake Out|p2b: Smeargle
|-damage|p2b: Smeargle|68/100
|move|p1b: Rillaboom|Grassy Glide|p2b: Smeargle
|-damage|p2b: Smeargle|0 fnt
|faint|p2b: Smeargle
|move|p2a: Annihilape|Rage Fist|p1a: Sneasler
|-damage|p1a: Sneasler|58/100
|
|-heal|p1a: Sneasler|63/100|[from] Grassy Terrain
|upkeep
|
|t:|1756961773
|switch|p2b: Maushold|Maushold-Four, L50|100/100
|turn|2
|
|t:|1756961790
|move|p2b: Maushold|Beat Up|p2a: Annihilape
|-damage|p2a: Annihilape|98/100
|-damage|p2a: Annihilape|96/100
|-crit|p2a: Annihilape
|-damage|p2a: Annihilape|93/100
|-hitcount|p2a: Annihilape|3
|move|p1a: Sneasler|Dire Claw|p2a: Annihilape
|-resisted|p2a: Annihilape
|-damage|p2a: Annihilape|74/100
|move|p1b: Rillaboom|Wood Hammer|p2a: Annihilape
|-damage|p2a: Annihilape|13/100
|-damage|p1b: Rillaboom|78/100|[from] Recoil
|move|p2a: Annihilape|Bulk Up|p2a: Annihilape
|-boost|p2a: Annihilape|atk|1
|-boost|p2a: Annihilape|def|1
|
|-heal|p1a: Sneasler|69/100|[from] Grassy Terrain
|-heal|p1b: Rillaboom|84/100|[from] Grassy Terrain
|-heal|p2a: Annihilape|19/100|[from] Grassy Terrain
|upkeep
|turn|3
|inactive|parchesin has 30 seconds left.
|
|t:|1756961820
|move|p2b: Maushold|Follow Me|p2b: Maushold
|-singleturn|p2b: Maushold|move: Follow Me
|move|p1b: Rillaboom|Grassy Glide|p2b: Maushold
|-damage|p2b: Maushold|50/100
|move|p1a: Sneasler|Dire Claw|p2b: Maushold
|-damage|p2b: Maushold|0 fnt
|faint|p2b: Maushold
|move|p2a: Annihilape|Drain Punch|p1a: Sneasler
|-resisted|p1a: Sneasler
|-damage|p1a: Sneasler|22/100
|-heal|p2a: Annihilape|36/100|[from] drain|[of] p1a: Sneasler
|
|-heal|p1a: Sneasler|28/100|[from] Grassy Terrain
|-heal|p1b: Rillaboom|90/100|[from] Grassy Terrain
|-heal|p2a: Annihilape|42/100|[from] Grassy Terrain
|upkeep
|
|t:|1756961832
|switch|p2b: Archaludon|Archaludon, L50, M, shiny|100/100
|turn|4
|
|t:|1756961852
|move|p1a: Sneasler|Coaching|p1b: Rillaboom
|-boost|p1b: Rillaboom|atk|1
|-boost|p1b: Rillaboom|def|1
|move|p2b: Archaludon|Dragon Pulse|p1a: Sneasler
|-damage|p1a: Sneasler|0 fnt
|faint|p1a: Sneasler
|move|p1b: Rillaboom|Wood Hammer|p2a: Annihilape
|-damage|p2a: Annihilape|0 fnt
|faint|p2a: Annihilape
|-damage|p1b: Rillaboom|75/100|[from] Recoil
|
|-heal|p1b: Rillaboom|82/100|[from] Grassy Terrain
|upkeep
|
|t:|1756961867
|switch|p1a: Ursaluna|Ursaluna-Bloodmoon, L50, M|100/100
|turn|5
|
|t:|1756961879
|-terastallize|p1a: Ursaluna|Electric
|move|p2b: Archaludon|Draco Meteor|p1b: Rillaboom
|-damage|p1b: Rillaboom|34/100
|-unboost|p2b: Archaludon|spa|2
|move|p1b: Rillaboom|High Horsepower|p2b: Archaludon
|-supereffective|p2b: Archaludon
|-damage|p2b: Archaludon|11/100
|-ability|p2b: Archaludon|Stamina|boost
|-boost|p2b: Archaludon|def|1
|move|p1a: Ursaluna|Earth Power|p2b: Archaludon
|-supereffective|p2b: Archaludon
|-damage|p2b: Archaludon|0 fnt
|faint|p2b: Archaludon
|
|win|parchesin
|l|☆okkoso
|player|p2|
|raw|parchesin's rating: 1003 → 1042(+39 for winning)
|raw|okkoso's rating: 1000 → 1000(+0 for losing)
