|j|☆Koraidonkoalition
|j|☆HEDGEHOGMEOW
|html|KoraidonkoalitionHEDGEHOGMEOW    
|uhtml|bestof|Game 3 of a best-of-3
|t:|1785127908
|gametype|doubles
|player|p1|Koraidonkoalition|colress|1196
|player|p2|HEDGEHOGMEOW|266|1174
|gen|9
|tier|[Gen 9 Champions] VGC 2026 Reg M-B (Bo3)
|rated|
|rule|Species Clause: Limit one of each Pokémon
|rule|Item Clause: Limit 1 of each item
|clearpoke
|poke|p1|Tyranitar, L50, M|
|poke|p1|Excadrill, L50, M|
|poke|p1|Milotic, L50, F|
|poke|p1|Sinistcha, L50|
|poke|p1|Staraptor, L50, M|
|poke|p1|Gholdengo, L50|
|poke|p2|Raichu, L50, M|
|poke|p2|Maushold-Four, L50|
|poke|p2|Farigiraf, L50, M|
|poke|p2|Sylveon, L50, F|
|poke|p2|Kingambit, L50, F|
|poke|p2|Camerupt, L50, F|
|teampreview|4
|showteam|p1|Tyranitar||Tyranitarite|SandStream|KnockOff,RockSlide,LowKick,Protect|Jolly||M|||50|]Excadrill||FocusSash|SandRush|Earthquake,IronHead,RockSlide,Protect|Adamant||M|||50|]Milotic||SitrusBerry|Competitive|Scald,IcyWind,Haze,Protect|Calm||F|||50|]Sinistcha||ColburBerry|Hospitality|MatchaGotcha,ShadowBall,Protect,RagePowder|Bold|||||50|]Staraptor||Staraptite|Intimidate|CloseCombat,BraveBird,Tailwind,Protect|Jolly||M|||50|]Gholdengo||LifeOrb|GoodasGold|MakeItRain,ShadowBall,NastyPlot,Protect|Modest|||||50|
|showteam|p2|Raichu||RaichuniteY|LightningRod|FakeOut,ZapCannon,FocusBlast,Protect|Timid||M|||50|]Maushold-Four||WideLens|Technician|PopulationBomb,Taunt,FollowMe,Protect|Jolly|||||50|]Farigiraf||SitrusBerry|ArmorTail|Psychic,TrickRoom,Protect,SkillSwap|Relaxed||M|||50|]Sylveon||FairyFeather|Pixilate|Detect,QuickAttack,HyperVoice,HyperBeam|Quiet||F|||50|]Kingambit||ChopleBerry|Defiant|SuckerPunch,KowtowCleave,IronHead,LowKick|Brave||F|||50|]Camerupt||Cameruptite|SolidRock|AncientPower,EarthPower,HeatWave,Protect|Quiet||F|||50|
|inactive|Battle timer is ON: inactive players will automatically lose when time's up. (requested by HEDGEHOGMEOW)
|inactive|Koraidonkoalition has 60 seconds left.
|inactive|HEDGEHOGMEOW has 60 seconds left.
|inactive|HEDGEHOGMEOW has 30 seconds left.
|inactive|HEDGEHOGMEOW has 20 seconds left.
|
|t:|1785127986
|teamsize|p1|4
|teamsize|p2|4
|start
|switch|p1a: Staraptor|Staraptor, L50, M|100/100
|switch|p1b: Excadrill|Excadrill, L50, M|100/100
|switch|p2a: Farigiraf|Farigiraf, L50, M|100/100
|switch|p2b: Camerupt|Camerupt, L50, F|100/100
|-ability|p1a: Staraptor|Intimidate|boost
|-unboost|p2a: Farigiraf|atk|1
|-unboost|p2b: Camerupt|atk|1
|turn|1
|inactive|HEDGEHOGMEOW has 30 seconds left.
|
|t:|1785128019
|detailschange|p1a: Staraptor|Staraptor-Mega, L50, M
|-mega|p1a: Staraptor|Staraptor|Staraptite
|detailschange|p2b: Camerupt|Camerupt-Mega, L50, F
|-mega|p2b: Camerupt|Camerupt|Cameruptite
|move|p2b: Camerupt|Protect|p2b: Camerupt
|-singleturn|p2b: Camerupt|Protect
|move|p1a: Staraptor|Close Combat|p2a: Farigiraf
|-damage|p2a: Farigiraf|61/100
|-boost|p1a: Staraptor|def|1
|-boost|p1a: Staraptor|spd|1
|move|p1b: Excadrill|Earthquake|p2a: Farigiraf|[spread] p2a
|-activate|p2b: Camerupt|move: Protect
|-immune|p1a: Staraptor
|-damage|p2a: Farigiraf|29/100
|-enditem|p2a: Farigiraf|Sitrus Berry|[eat]
|-heal|p2a: Farigiraf|54/100|[from] item: Sitrus Berry
|move|p2a: Farigiraf|Trick Room|p2a: Farigiraf
|-fieldstart|move: Trick Room|[of] p2a: Farigiraf
|
|upkeep
|turn|2
|inactive|HEDGEHOGMEOW has 30 seconds left.
|
|t:|1785128051
|move|p1b: Excadrill|Protect|p1b: Excadrill
|-singleturn|p1b: Excadrill|Protect
|move|p1a: Staraptor|Protect|p1a: Staraptor
|-singleturn|p1a: Staraptor|Protect
|move|p2b: Camerupt|Heat Wave|p1a: Staraptor|[spread] 
|-activate|p1a: Staraptor|move: Protect
|-activate|p1b: Excadrill|move: Protect
|move|p2a: Farigiraf|Skill Swap|p1a: Staraptor
|-activate|p1a: Staraptor|move: Protect
|
|upkeep
|turn|3
|inactive|Koraidonkoalition has 30 seconds left.
|inactive|HEDGEHOGMEOW has 30 seconds left.
|
|t:|1785128086
|switch|p1b: Tyranitar|Tyranitar, L50, M|100/100
|-weather|Sandstorm|[from] ability: Sand Stream|[of] p1b: Tyranitar
|move|p2b: Camerupt|Heat Wave|p1b: Tyranitar|[spread] p1a
|-miss|p2b: Camerupt|p1b: Tyranitar
|-damage|p1a: Staraptor|64/100
|move|p2a: Farigiraf|Psychic|p1a: Staraptor
|-supereffective|p1a: Staraptor|1
|-damage|p1a: Staraptor|19/100
|move|p1a: Staraptor|Close Combat|p2b: Camerupt
|-damage|p2b: Camerupt|53/100
|-boost|p1a: Staraptor|def|1
|-boost|p1a: Staraptor|spd|1
|
|-weather|Sandstorm|[upkeep]
|-damage|p2a: Farigiraf|48/100|[from] Sandstorm
|-damage|p1a: Staraptor|13/100|[from] Sandstorm
|upkeep
|turn|4
|
|t:|1785128110
|switch|p2a: Kingambit|Kingambit, L50, F|100/100
|move|p1a: Staraptor|Protect|p1a: Staraptor
|-singleturn|p1a: Staraptor|Protect
|move|p2b: Camerupt|Earth Power|p1b: Tyranitar
|-supereffective|p1b: Tyranitar|1
|-damage|p1b: Tyranitar|21/100
|move|p1b: Tyranitar|Rock Slide|p2a: Kingambit|[spread] p2b
|-miss|p1b: Tyranitar|p2a: Kingambit
|-damage|p2b: Camerupt|29/100
|
|-weather|Sandstorm|[upkeep]
|-damage|p1a: Staraptor|7/100|[from] Sandstorm
|upkeep
|turn|5
|inactive|Koraidonkoalition has 30 seconds left.
|inactive|HEDGEHOGMEOW has 30 seconds left.
|inactive|HEDGEHOGMEOW has 20 seconds left.
|
|t:|1785128149
|switch|p1b: Sinistcha|Sinistcha, L50|100/100
|-heal|p1a: Staraptor|32/100|[from] ability: Hospitality|[of] p1b: Sinistcha
|move|p1a: Staraptor|Protect||[still]
|-fail|p1a: Staraptor
|move|p2b: Camerupt|Heat Wave|p1a: Staraptor|[spread] p1a,p1b
|-supereffective|p1b: Sinistcha|1
|-damage|p1a: Staraptor|3/100
|-damage|p1b: Sinistcha|1/100
|move|p2a: Kingambit|Kowtow Cleave|p1a: Staraptor
|-resisted|p1a: Staraptor|1
|-damage|p1a: Staraptor|0 fnt
|faint|p1a: Staraptor
|
|-weather|Sandstorm|[upkeep]
|-damage|p1b: Sinistcha|0 fnt|[from] Sandstorm
|faint|p1b: Sinistcha
|-fieldend|move: Trick Room
|upkeep
|
|t:|1785128154
|switch|p1a: Tyranitar|Tyranitar, L50, M|21/100
|switch|p1b: Excadrill|Excadrill, L50, M|100/100
|turn|6
|inactive|HEDGEHOGMEOW has 30 seconds left.
|inactive|HEDGEHOGMEOW has 20 seconds left.
|inactive|HEDGEHOGMEOW has 15 seconds left.
|inactive|HEDGEHOGMEOW has 10 seconds left.
|
|t:|1785128203
|move|p2b: Camerupt|Protect|p2b: Camerupt
|-singleturn|p2b: Camerupt|Protect
|move|p2a: Kingambit|Sucker Punch|p1b: Excadrill
|-damage|p1b: Excadrill|45/100
|move|p1b: Excadrill|Rock Slide|p2b: Camerupt|[spread] p2a
|-activate|p2b: Camerupt|move: Protect
|-resisted|p2a: Kingambit|1
|-damage|p2a: Kingambit|91/100
|move|p1a: Tyranitar|Low Kick|p2a: Kingambit
|-supereffective|p2a: Kingambit|2
|-enditem|p2a: Kingambit|Chople Berry|[eat]
|-enditem|p2a: Kingambit|Chople Berry|[weaken]
|-damage|p2a: Kingambit|39/100
|
|-weather|Sandstorm|[upkeep]
|upkeep
|turn|7
|inactive|HEDGEHOGMEOW has 30 seconds left.
|
|t:|1785128232
|move|p2a: Kingambit|Sucker Punch|p1b: Excadrill
|-damage|p1b: Excadrill|0 fnt
|faint|p1b: Excadrill
|move|p1a: Tyranitar|Low Kick|p2a: Kingambit
|-supereffective|p2a: Kingambit|2
|-damage|p2a: Kingambit|0 fnt
|faint|p2a: Kingambit
|move|p2b: Camerupt|Heat Wave|p1a: Tyranitar
|-resisted|p1a: Tyranitar|1
|-damage|p1a: Tyranitar|0 fnt
|faint|p1a: Tyranitar
|
|win|HEDGEHOGMEOW
|raw|Koraidonkoalition's rating: 1196 → 1169(-27 for losing)
|raw|HEDGEHOGMEOW's rating: 1174 → 1201(+27 for winning)
