|j|☆meklae
|j|☆homerj71
|html|meklaehomerj71    
|uhtml|bestof|Game 1 of a best-of-3
|t:|1782408564
|gametype|doubles
|player|p1|meklae|266|1169
|player|p2|homerj71|266|1239
|gen|9
|tier|[Gen 9 Champions] VGC 2026 Reg M-B (Bo3)
|rated|
|rule|Species Clause: Limit one of each Pokémon
|rule|Item Clause: Limit 1 of each item
|clearpoke
|poke|p1|Floette-Eternal, L50, F|
|poke|p1|Sinistcha, L50|
|poke|p1|Annihilape, L50, F|
|poke|p1|Aerodactyl, L50, M|
|poke|p1|Kangaskhan, L50, F|
|poke|p1|Incineroar, L50, M|
|poke|p2|Charizard, L50, M|
|poke|p2|Garchomp, L50, M|
|poke|p2|Whimsicott, L50, M|
|poke|p2|Basculegion, L50, M|
|poke|p2|Kingambit, L50, M|
|poke|p2|Floette-Eternal, L50, F|
|teampreview|4
|showteam|p1|Floette-Eternal||Floettite|FlowerVeil|Protect,DazzlingGleam,DrainingKiss,CalmMind|Modest||F|||50|]Sinistcha||CobaBerry|Hospitality|MatchaGotcha,LifeDew,RagePowder,Protect|Bold|||||50|]Annihilape||Leftovers|Defiant|RageFist,DrainPunch,BulkUp,Protect|Adamant||F|||50|]Aerodactyl||FocusSash|Unnerve|RockSlide,DualWingbeat,Tailwind,Protect|Jolly||M|||50|]Kangaskhan||Kangaskhanite|Scrappy|FakeOut,DoubleEdge,SuckerPunch,DrainPunch|Adamant||F|||50|]Incineroar||SitrusBerry|Intimidate|FakeOut,FlareBlitz,ThroatChop,PartingShot|Careful||M|||50|
|showteam|p2|Charizard||CharizarditeY|Blaze|HeatWave,SolarBeam,WeatherBall,Protect|Modest||M|||50|]Garchomp||SitrusBerry|RoughSkin|DragonClaw,Earthquake,RockSlide,PoisonJab|Jolly||M|||50|]Whimsicott||FocusSash|Prankster|Moonblast,Tailwind,Encore,Protect|Timid||M|||50|]Basculegion||LifeOrb|Adaptability|WaveCrash,AquaJet,Protect,LastRespects|Adamant||M|||50|]Kingambit||BlackGlasses|Defiant|KowtowCleave,SuckerPunch,IronHead,Protect|Adamant||M|||50|]Floette-Eternal||Floettite|FlowerVeil|Moonblast,DazzlingGleam,LightofRuin,Protect|Timid||F|||50|
|inactive|Battle timer is ON: inactive players will automatically lose when time's up. (requested by homerj71)
|inactive|homerj71 has 60 seconds left.
|
|t:|1782408607
|teamsize|p1|4
|teamsize|p2|4
|start
|switch|p1a: Aerodactyl|Aerodactyl, L50, M|100/100
|switch|p1b: Kangaskhan|Kangaskhan, L50, F|100/100
|switch|p2a: Whimsicott|Whimsicott, L50, M|100/100
|switch|p2b: Floette|Floette-Eternal, L50, F|100/100
|-ability|p1a: Aerodactyl|Unnerve
|turn|1
|inactive|meklae has 30 seconds left.
|
|t:|1782408635
|detailschange|p1b: Kangaskhan|Kangaskhan-Mega, L50, F
|-mega|p1b: Kangaskhan|Kangaskhan|Kangaskhanite
|move|p2a: Whimsicott|Protect|p2a: Whimsicott
|-singleturn|p2a: Whimsicott|Protect
|move|p2b: Floette|Protect|p2b: Floette
|-singleturn|p2b: Floette|Protect
|move|p1a: Aerodactyl|Dual Wingbeat|p2a: Whimsicott
|-activate|p2a: Whimsicott|move: Protect
|move|p1b: Kangaskhan|Double-Edge|p2b: Floette
|-activate|p2b: Floette|move: Protect
|
|upkeep
|turn|2
|inactive|meklae has 30 seconds left.
|
|t:|1782408663
|detailschange|p2b: Floette|Floette-Mega, L50, F
|-mega|p2b: Floette|Floette|Floettite
|-ability|p2b: Floette|Fairy Aura
|move|p2a: Whimsicott|Tailwind|p2a: Whimsicott
|-sidestart|p2: homerj71|move: Tailwind
|move|p2b: Floette|Light of Ruin|p1b: Kangaskhan|[miss]
|-miss|p2b: Floette|p1b: Kangaskhan
|move|p1a: Aerodactyl|Dual Wingbeat|p2a: Whimsicott|[miss]
|-miss|p1a: Aerodactyl|p2a: Whimsicott
|move|p1b: Kangaskhan|Double-Edge|p2b: Floette
|-damage|p2b: Floette|8/100
|-damage|p2b: Floette|0 fnt
|faint|p2b: Floette
|-hitcount|p2: Floette|2
|-damage|p1b: Kangaskhan|76/100|[from] Recoil
|
|upkeep
|
|t:|1782408676
|switch|p2b: Basculegion|Basculegion, L50, M|100/100
|turn|3
|inactive|homerj71 has 30 seconds left.
|
|t:|1782408704
|switch|p1a: Incineroar|Incineroar, L50, M|100/100
|-ability|p1a: Incineroar|Intimidate|boost
|-unboost|p2a: Whimsicott|atk|1
|-unboost|p2b: Basculegion|atk|1
|move|p2a: Whimsicott|Moonblast|p1b: Kangaskhan
|-damage|p1b: Kangaskhan|45/100
|move|p2b: Basculegion|Wave Crash|p1a: Incineroar
|-supereffective|p1a: Incineroar|1
|-damage|p1a: Incineroar|0 fnt
|faint|p1a: Incineroar
|-damage|p2b: Basculegion|65/100|[from] Recoil
|-damage|p2b: Basculegion|55/100|[from] item: Life Orb
|move|p1b: Kangaskhan|Double-Edge|p2a: Whimsicott
|-damage|p2a: Whimsicott|5/100
|-damage|p2a: Whimsicott|0 fnt
|faint|p2a: Whimsicott
|-hitcount|p2: Whimsicott|2
|-damage|p1b: Kangaskhan|24/100|[from] Recoil
|
|upkeep
|inactive|meklae has 30 seconds left.
|
|t:|1782408737
|switch|p2a: Kingambit|Kingambit, L50, M|100/100
|switch|p1a: Sinistcha|Sinistcha, L50|100/100
|-heal|p1b: Kangaskhan|49/100|[from] ability: Hospitality|[of] p1a: Sinistcha
|turn|4
|inactive|meklae has 30 seconds left.
|
|t:|1782408765
|move|p1a: Sinistcha|Rage Powder|p1a: Sinistcha
|-singleturn|p1a: Sinistcha|move: Rage Powder
|move|p2b: Basculegion|Aqua Jet|p1a: Sinistcha
|-resisted|p1a: Sinistcha|1
|-damage|p1a: Sinistcha|91/100
|-damage|p2b: Basculegion|46/100|[from] item: Life Orb
|move|p2a: Kingambit|Kowtow Cleave|p1a: Sinistcha
|-supereffective|p1a: Sinistcha|1
|-damage|p1a: Sinistcha|5/100
|move|p1b: Kangaskhan|Drain Punch|p2a: Kingambit
|-supereffective|p2a: Kingambit|2
|-damage|p2a: Kingambit|20/100y
|-heal|p1b: Kangaskhan|88/100|[from] drain|[of] p2a: Kingambit
|-supereffective|p2a: Kingambit|2
|-crit|p2a: Kingambit
|-damage|p2a: Kingambit|0 fnt
|-heal|p1b: Kangaskhan|98/100|[from] drain|[of] p2a: Kingambit
|faint|p2a: Kingambit
|-hitcount|p2: Kingambit|2
|
|upkeep
|turn|5
|
|t:|1782408780
|move|p1a: Sinistcha|Rage Powder|p1a: Sinistcha
|-singleturn|p1a: Sinistcha|move: Rage Powder
|move|p2b: Basculegion|Aqua Jet|p1a: Sinistcha
|-resisted|p1a: Sinistcha|1
|-damage|p1a: Sinistcha|0 fnt
|faint|p1a: Sinistcha
|-damage|p2b: Basculegion|36/100|[from] item: Life Orb
|move|p1b: Kangaskhan|Sucker Punch||[still]
|-fail|p1b: Kangaskhan
|
|-sideend|p2: homerj71|move: Tailwind
|upkeep
|
|t:|1782408792
|switch|p1a: Aerodactyl|Aerodactyl, L50, M|100/100
|-ability|p1a: Aerodactyl|Unnerve
|turn|6
|-message|homerj71 forfeited.
|
|win|meklae
