|j|☆eykooooooo
|j|☆mayor of clowntown
|html|eykooooooomayor of clowntown    
|uhtml|bestof|Game 2 of a best-of-3
|t:|1785449775
|gametype|doubles
|player|p1|eykooooooo|170|1046
|player|p2|mayor of clowntown|clown|1094
|gen|9
|tier|[Gen 9 Champions] VGC 2026 Reg M-B (Bo3)
|rated|
|rule|Species Clause: Limit one of each Pokémon
|rule|Item Clause: Limit 1 of each item
|clearpoke
|poke|p1|Morpeko, L50, M, shiny|
|poke|p1|Farigiraf, L50, F|
|poke|p1|Gengar, L50, F|
|poke|p1|Incineroar, L50, F|
|poke|p1|Kingambit, L50, M|
|poke|p1|Sneasler, L50, M|
|poke|p2|Garchomp, L50, M, shiny|
|poke|p2|Charizard, L50, M, shiny|
|poke|p2|Whimsicott, L50, M|
|poke|p2|Floette-Eternal, L50, F|
|poke|p2|Basculegion, L50, M|
|poke|p2|Kingambit, L50, F, shiny|
|teampreview|4
|showteam|p1|Morpeko||FocusSash|HungerSwitch|AuraWheel,BatonPass,Protect,FakeOut|Jolly||M|||50|]Farigiraf||QuickClaw|ArmorTail|TrickRoom,Protect,Imprison,Psychic|Bold||F|||50|]Gengar||ChoiceScarf|CursedBody|Fling,DarkPulse,Protect,ShadowBall|Modest||F|||50|]Incineroar||SitrusBerry|Intimidate|FakeOut,CloseCombat,PartingShot,ThroatChop|Jolly||F|||50|]Kingambit||MetalCoat|Defiant|KowtowCleave,Protect,IronHead,Substitute|Adamant||M|||50|]Sneasler||MentalHerb|Pressure|Coaching,CloseCombat,DireClaw,Protect|Jolly||M|||50|
|showteam|p2|Garchomp||LifeOrb|RoughSkin|Earthquake,RockSlide,DragonClaw,Protect|Jolly||M|||50|]Charizard||CharizarditeY|Blaze|HeatWave,WeatherBall,SolarBeam,Protect|Modest||M|||50|]Whimsicott||FocusSash|Prankster|Moonblast,Tailwind,Encore,Protect|Timid||M|||50|]Floette-Eternal||Floettite|FlowerVeil|Moonblast,DazzlingGleam,LightofRuin,Protect|Modest||F|||50|]Basculegion||MysticWater|Adaptability|WaveCrash,LastRespects,AquaJet,Protect|Adamant||M|||50|]Kingambit||ChopleBerry|Defiant|KowtowCleave,SuckerPunch,IronHead,LowKick|Adamant||F|||50|
|inactive|Battle timer is ON: inactive players will automatically lose when time's up. (requested by mayor of clowntown)
|
|t:|1785449809
|teamsize|p1|4
|teamsize|p2|4
|start
|switch|p1a: Morpeko|Morpeko, L50, M, shiny|100/100
|switch|p1b: Farigiraf|Farigiraf, L50, F|100/100
|switch|p2a: Charizard|Charizard, L50, M, shiny|100/100
|switch|p2b: Garchomp|Garchomp, L50, M, shiny|100/100
|turn|1
|
|t:|1785449826
|move|p1a: Morpeko|Protect|p1a: Morpeko
|-singleturn|p1a: Morpeko|Protect
|move|p2a: Charizard|Protect|p2a: Charizard
|-singleturn|p2a: Charizard|Protect
|move|p1b: Farigiraf|Protect|p1b: Farigiraf
|-singleturn|p1b: Farigiraf|Protect
|move|p2b: Garchomp|Earthquake|p1b: Farigiraf|[spread] 
|-activate|p2a: Charizard|move: Protect
|-activate|p1a: Morpeko|move: Protect
|-activate|p1b: Farigiraf|move: Protect
|
|-formechange|p1a: Morpeko|Morpeko-Hangry|
|upkeep
|turn|2
|inactive|eykooooooo has 30 seconds left.
|inactive|eykooooooo has 20 seconds left.
|
|t:|1785449865
|detailschange|p2a: Charizard|Charizard-Mega-Y, L50, M, shiny
|-mega|p2a: Charizard|Charizard|Charizardite Y
|-weather|SunnyDay|[from] ability: Drought|[of] p2a: Charizard
|move|p2b: Garchomp|Earthquake|p1a: Morpeko|[spread] p1a,p1b
|-immune|p2a: Charizard
|-supereffective|p1a: Morpeko|1
|-enditem|p1a: Morpeko|Focus Sash
|-damage|p1a: Morpeko|1/100
|-damage|p1b: Farigiraf|59/100
|-damage|p2b: Garchomp|90/100|[from] item: Life Orb
|move|p1a: Morpeko|Baton Pass|p1a: Morpeko
|
|t:|1785449876
|switch|p1a: Incineroar|Incineroar, L50, F|100/100|[from] Baton Pass
|-ability|p1a: Incineroar|Intimidate|boost
|-unboost|p2a: Charizard|atk|1
|-unboost|p2b: Garchomp|atk|1
|move|p2a: Charizard|Heat Wave|p1a: Incineroar|[spread] p1a,p1b
|-resisted|p1a: Incineroar|1
|-damage|p1a: Incineroar|72/100
|-damage|p1b: Farigiraf|9/100
|move|p1b: Farigiraf|Imprison|p1b: Farigiraf
|-start|p1b: Farigiraf|move: Imprison
|
|-weather|SunnyDay|[upkeep]
|upkeep
|turn|3
|
|t:|1785449897
|move|p1b: Farigiraf|Protect|p1b: Farigiraf
|-singleturn|p1b: Farigiraf|Protect
|move|p2b: Garchomp|Earthquake|p1b: Farigiraf|[spread] p1a
|-activate|p1b: Farigiraf|move: Protect
|-immune|p2a: Charizard
|-supereffective|p1a: Incineroar|1
|-damage|p1a: Incineroar|10/100
|-enditem|p1a: Incineroar|Sitrus Berry|[eat]
|-heal|p1a: Incineroar|35/100|[from] item: Sitrus Berry
|-damage|p2b: Garchomp|80/100|[from] item: Life Orb
|move|p2a: Charizard|Heat Wave|p1a: Incineroar|[spread] p1a
|-activate|p1b: Farigiraf|move: Protect
|-resisted|p1a: Incineroar|1
|-damage|p1a: Incineroar|8/100
|move|p1a: Incineroar|Parting Shot|p2a: Charizard
|-unboost|p2a: Charizard|atk|1
|-unboost|p2a: Charizard|spa|1
|
|t:|1785449916
|switch|p1a: Sneasler|Sneasler, L50, M|100/100|[from] Parting Shot
|-ability|p1a: Sneasler|Pressure
|
|-weather|SunnyDay|[upkeep]
|upkeep
|turn|4
|inactive|eykooooooo has 30 seconds left.
|-activate|p1b: Farigiraf|item: Quick Claw
|
|t:|1785449945
|move|p1b: Farigiraf|Psychic|p2b: Garchomp
|-crit|p2b: Garchomp
|-damage|p2b: Garchomp|28/100
|move|p1a: Sneasler|Dire Claw|p2a: Charizard
|-damage|p2a: Charizard|60/100
|move|p2b: Garchomp|Earthquake|p1a: Sneasler|[spread] p1a,p1b
|-immune|p2a: Charizard
|-supereffective|p1a: Sneasler|1
|-damage|p1a: Sneasler|0 fnt
|-damage|p1b: Farigiraf|0 fnt
|faint|p1a: Sneasler
|faint|p1b: Farigiraf
|-damage|p2b: Garchomp|18/100|[from] item: Life Orb
|move|p2a: Charizard|Heat Wave|p1: Sneasler|[notarget]
|-fail|p2a: Charizard
|
|-weather|SunnyDay|[upkeep]
|upkeep
|
|t:|1785449965
|switch|p1a: Morpeko|Morpeko, L50, M, shiny|1/100
|switch|p1b: Incineroar|Incineroar, L50, F|8/100
|-ability|p1b: Incineroar|Intimidate|boost
|-unboost|p2a: Charizard|atk|1
|-unboost|p2b: Garchomp|atk|1
|turn|5
|
|t:|1785449978
|move|p1b: Incineroar|Fake Out|p2b: Garchomp
|-damage|p2b: Garchomp|4/100
|-damage|p1b: Incineroar|0 fnt|[from] ability: Rough Skin|[of] p2b: Garchomp
|faint|p1b: Incineroar
|cant|p2b: Garchomp|flinch
|move|p1a: Morpeko|Aura Wheel|p2a: Charizard
|-supereffective|p2a: Charizard|1
|-damage|p2a: Charizard|0 fnt
|-boost|p1a: Morpeko|spe|1
|faint|p2a: Charizard
|
|-weather|SunnyDay|[upkeep]
|-formechange|p1a: Morpeko|Morpeko-Hangry|
|upkeep
|
|t:|1785449990
|switch|p2a: Basculegion|Basculegion, L50, M|100/100
|turn|6
|
|t:|1785450000
|move|p2b: Garchomp|Protect|p2b: Garchomp
|-singleturn|p2b: Garchomp|Protect
|move|p2a: Basculegion|Aqua Jet|p2b: Garchomp
|-activate|p2b: Garchomp|move: Protect
|move|p1a: Morpeko|Aura Wheel|p2a: Basculegion
|-supereffective|p2a: Basculegion|1
|-damage|p2a: Basculegion|3/100
|-boost|p1a: Morpeko|spe|1
|
|-weather|none
|-formechange|p1a: Morpeko|Morpeko|
|upkeep
|turn|7
|
|t:|1785450016
|move|p1a: Morpeko|Protect|p1a: Morpeko
|-singleturn|p1a: Morpeko|Protect
|move|p2a: Basculegion|Aqua Jet|p1a: Morpeko
|-activate|p1a: Morpeko|move: Protect
|move|p2b: Garchomp|Rock Slide|p1a: Morpeko
|-activate|p1a: Morpeko|move: Protect
|
|-formechange|p1a: Morpeko|Morpeko-Hangry|
|upkeep
|turn|8
|
|t:|1785450030
|move|p1a: Morpeko|Aura Wheel|p2a: Basculegion
|-supereffective|p2a: Basculegion|1
|-crit|p2a: Basculegion
|-damage|p2a: Basculegion|0 fnt
|-boost|p1a: Morpeko|spe|1
|faint|p2a: Basculegion
|move|p2b: Garchomp|Earthquake|p1a: Morpeko
|-supereffective|p1a: Morpeko|1
|-damage|p1a: Morpeko|0 fnt
|faint|p1a: Morpeko
|-damage|p2b: Garchomp|0 fnt|[from] item: Life Orb
|faint|p2b: Garchomp
|
|win|mayor of clowntown
|raw|eykooooooo's rating: 1046 → 1031(-15 for losing)
|raw|mayor of clowntown's rating: 1094 → 1116(+22 for winning)
