|j|☆AN555GEL
|j|☆Miguedeth
|html|AN555GELMiguedeth    
|uhtml|bestof|Game 1 of a best-of-3
|t:|1756592869
|gametype|doubles
|player|p1|AN555GEL|169|1273
|player|p2|Miguedeth|266|1126
|gen|9
|tier|[Gen 9] VGC 2025 Reg H (Bo3)
|rated|
|rule|Species Clause: Limit one of each Pokémon
|rule|Item Clause: Limit 1 of each item
|clearpoke
|poke|p1|Dragonite, L50, M|
|poke|p1|Ursaluna, L50, M|
|poke|p1|Archaludon, L50, F|
|poke|p1|Sinistcha-Masterpiece, L50|
|poke|p1|Pelipper, L50, M|
|poke|p1|Gholdengo, L50|
|poke|p2|Volcarona, L50, F|
|poke|p2|Gholdengo, L50|
|poke|p2|Dragonite, L50, F|
|poke|p2|Incineroar, L50, M|
|poke|p2|Sneasler, L50, M|
|poke|p2|Electabuzz, L50, F|
|teampreview|4
|showteam|p1|Dragonite||LoadedDice|Multiscale|ScaleShot,Protect,Tailwind,Haze|||M|||50|,,,,,Fairy]Ursaluna||FlameOrb|Guts|Facade,HeadlongRush,Earthquake,Protect|||M|||50|,,,,,Ghost]Archaludon||AssaultVest|Stamina|BodyPress,Snarl,ElectroShot,FlashCannon|||F|||50|,,,,,Fighting]Sinistcha-Masterpiece||SitrusBerry|Hospitality|MatchaGotcha,RagePowder,TrickRoom,LifeDew||||||50|,,,,,Dark]Pelipper||FocusSash|Drizzle|MuddyWater,Hurricane,Tailwind,Protect|||M|||50|,,,,,Ghost]Gholdengo||ChoiceScarf|GoodasGold|MakeItRain,TeraBlast,ShadowBall,Trick||||||50|,,,,,Water
|showteam|p2|Volcarona||CovertCloak|FlameBody|QuiverDance,TeraBlast,HeatWave,Protect|||F|||50|,,,,,Fairy]Gholdengo||ChoiceSpecs|GoodasGold|MakeItRain,PowerGem,Thunderbolt,ShadowBall||||||50|,,,,,Steel]Dragonite||LoadedDice|Multiscale|Tailwind,ExtremeSpeed,ScaleShot,Haze|||F|||50|,,,,,Fairy]Incineroar||MirrorHerb|Intimidate|FakeOut,KnockOff,FlareBlitz,PartingShot|||M|||50|,,,,,Ghost]Sneasler||FocusSash|Unburden|DireClaw,CloseCombat,FakeOut,Coaching|||M|||50|,,,,,Stellar]Electabuzz||Eviolite|VitalSpirit|Electroweb,FollowMe,Taunt,Protect|||F|||50|,,,,,Ghost
|inactive|Battle timer is ON: inactive players will automatically lose when time's up. (requested by AN555GEL)
|inactive|AN555GEL has 60 seconds left.
|
|t:|1756592906
|teamsize|p1|4
|teamsize|p2|4
|start
|switch|p1a: Dragonite|Dragonite, L50, M|100/100
|switch|p1b: Ursaluna|Ursaluna, L50, M, shiny|100/100
|switch|p2a: Volcarona|Volcarona, L50, F, shiny|100/100
|switch|p2b: Sneasler|Sneasler, L50, M|100/100
|turn|1
|inactive|AN555GEL has 30 seconds left.
|inactive|AN555GEL has 20 seconds left.
|inactive|AN555GEL has 15 seconds left.
|inactive|AN555GEL has 10 seconds left.
|
|t:|1756592953
|switch|p1a: Archaludon|Archaludon, L50, F|100/100
|move|p1b: Ursaluna|Protect|p1b: Ursaluna
|-singleturn|p1b: Ursaluna|Protect
|move|p2b: Sneasler|Fake Out|p1a: Archaludon
|-resisted|p1a: Archaludon
|-damage|p1a: Archaludon|96/100
|-ability|p1a: Archaludon|Stamina|boost
|-boost|p1a: Archaludon|def|1
|move|p2a: Volcarona|Quiver Dance|p2a: Volcarona
|-boost|p2a: Volcarona|spa|1
|-boost|p2a: Volcarona|spd|1
|-boost|p2a: Volcarona|spe|1
|
|-status|p1b: Ursaluna|brn|[from] item: Flame Orb
|upkeep
|turn|2
|inactive|AN555GEL has 30 seconds left.
|inactive|Miguedeth has 30 seconds left.
|
|t:|1756592987
|-terastallize|p1b: Ursaluna|Ghost
|move|p2a: Volcarona|Heat Wave|p1a: Archaludon|[spread] p1b
|-miss|p2a: Volcarona|p1a: Archaludon
|-damage|p1b: Ursaluna|34/100 brn
|move|p2b: Sneasler|Close Combat|p1a: Archaludon
|-supereffective|p1a: Archaludon
|-damage|p1a: Archaludon|46/100
|-unboost|p2b: Sneasler|def|1
|-unboost|p2b: Sneasler|spd|1
|-ability|p1a: Archaludon|Stamina|boost
|-boost|p1a: Archaludon|def|1
|move|p1a: Archaludon|Snarl|p2b: Sneasler|[spread] p2a
|-miss|p1a: Archaludon|p2b: Sneasler
|-damage|p2a: Volcarona|92/100
|move|p1b: Ursaluna|Headlong Rush|p2a: Volcarona
|-damage|p2a: Volcarona|0 fnt
|-unboost|p1b: Ursaluna|def|1
|-unboost|p1b: Ursaluna|spd|1
|faint|p2a: Volcarona
|
|-damage|p1b: Ursaluna|28/100 brn|[from] brn
|upkeep
|
|t:|1756593012
|switch|p2a: Dragonite|Dragonite, L50, F|100/100
|turn|3
|
|t:|1756593035
|switch|p1b: Sinistcha|Sinistcha-Masterpiece, L50|100/100
|-heal|p1a: Archaludon|71/100|[from] ability: Hospitality|[of] p1b: Sinistcha
|move|p2b: Sneasler|Close Combat|p1a: Archaludon
|-supereffective|p1a: Archaludon
|-damage|p1a: Archaludon|30/100
|-unboost|p2b: Sneasler|def|1
|-unboost|p2b: Sneasler|spd|1
|-ability|p1a: Archaludon|Stamina|boost
|-boost|p1a: Archaludon|def|1
|move|p2a: Dragonite|Scale Shot|p1b: Sinistcha
|-damage|p1b: Sinistcha|87/100
|-damage|p1b: Sinistcha|74/100
|-damage|p1b: Sinistcha|62/100
|-damage|p1b: Sinistcha|49/100
|-enditem|p1b: Sinistcha|Sitrus Berry|[eat]
|-heal|p1b: Sinistcha|74/100|[from] item: Sitrus Berry
|-damage|p1b: Sinistcha|62/100
|-hitcount|p1b: Sinistcha|5
|-unboost|p2a: Dragonite|def|1
|-boost|p2a: Dragonite|spe|1
|move|p1a: Archaludon|Snarl|p2a: Dragonite|[spread] p2a
|-miss|p1a: Archaludon|p2b: Sneasler
|-damage|p2a: Dragonite|94/100
|-unboost|p2a: Dragonite|spa|1
|
|upkeep
|turn|4
|inactive|AN555GEL has 30 seconds left.
|inactive|Miguedeth has 30 seconds left.
|inactive|Miguedeth has 20 seconds left.
|
|t:|1756593073
|switch|p1a: Ursaluna|Ursaluna, L50, M, shiny, tera:Ghost|28/100 brn
|move|p2a: Dragonite|Scale Shot|p1b: Sinistcha
|-damage|p1b: Sinistcha|49/100
|-damage|p1b: Sinistcha|37/100
|-damage|p1b: Sinistcha|23/100
|-damage|p1b: Sinistcha|9/100
|-hitcount|p1b: Sinistcha|4
|-unboost|p2a: Dragonite|def|1
|-boost|p2a: Dragonite|spe|1
|move|p2b: Sneasler|Coaching|p2a: Dragonite
|-boost|p2a: Dragonite|atk|1
|-boost|p2a: Dragonite|def|1
|move|p1b: Sinistcha|Trick Room|p1b: Sinistcha
|-fieldstart|move: Trick Room|[of] p1b: Sinistcha
|
|-damage|p1a: Ursaluna|22/100 brn|[from] brn
|upkeep
|turn|5
|inactive|AN555GEL has 30 seconds left.
|
|t:|1756593100
|move|p1b: Sinistcha|Life Dew|p1b: Sinistcha|[spread] p1a,p1b
|-heal|p1a: Ursaluna|47/100 brn
|-heal|p1b: Sinistcha|35/100
|move|p1a: Ursaluna|Facade|p2a: Dragonite
|-damage|p2a: Dragonite|0 fnt
|faint|p2a: Dragonite
|move|p2b: Sneasler|Dire Claw|p1a: Ursaluna
|-resisted|p1a: Ursaluna
|-damage|p1a: Ursaluna|30/100 brn
|
|-damage|p1a: Ursaluna|24/100 brn|[from] brn
|upkeep
|
|t:|1756593112
|switch|p2a: Gholdengo|Gholdengo, L50|100/100
|turn|6
|
|t:|1756593120
|switch|p1b: Dragonite|Dragonite, L50, M|100/100
|move|p1a: Ursaluna|Earthquake|p2b: Sneasler|[spread] p2a,p2b
|-immune|p1b: Dragonite
|-supereffective|p2a: Gholdengo
|-supereffective|p2b: Sneasler
|-damage|p2a: Gholdengo|0 fnt
|-enditem|p2b: Sneasler|Focus Sash
|-damage|p2b: Sneasler|1/100
|faint|p2a: Gholdengo
|move|p2b: Sneasler|Dire Claw|p1a: Ursaluna
|-resisted|p1a: Ursaluna
|-damage|p1a: Ursaluna|7/100 brn
|
|-damage|p1a: Ursaluna|1/100 brn|[from] brn
|upkeep
|turn|7
|-message|Miguedeth forfeited.
|
|win|AN555GEL
|l|☆Miguedeth
|player|p2|
||Miguedeth is ready for game 2.
