|j|☆ultraclaw1
|j|☆lucky777n
|html|ultraclaw1lucky777n    
|uhtml|bestof|Game 1 of a best-of-3
|t:|1784038427
|gametype|doubles
|player|p1|ultraclaw1|brycenman|1219
|player|p2|lucky777n|boarder|1208
|gen|9
|tier|[Gen 9 Champions] VGC 2026 Reg M-B (Bo3)
|rated|
|rule|Species Clause: Limit one of each Pokémon
|rule|Item Clause: Limit 1 of each item
|clearpoke
|poke|p1|Maushold, L50|
|poke|p1|Kingambit, L50, M|
|poke|p1|Garchomp, L50, F|
|poke|p1|Basculegion, L50, M|
|poke|p1|Talonflame, L50, M|
|poke|p1|Floette-Eternal, L50, F|
|poke|p2|Gengar, L50, M|
|poke|p2|Incineroar, L50, M|
|poke|p2|Snorlax, L50, M|
|poke|p2|Ninetales-Alola, L50, M|
|poke|p2|Kingambit, L50, F|
|poke|p2|Sneasler, L50, M|
|teampreview|4
|showteam|p1|Maushold||FocusSash|FriendGuard|SuperFang,Taunt,FollowMe,Protect|Timid|||||50|]Kingambit||ChopleBerry|Defiant|KowtowCleave,SuckerPunch,LowKick,IronHead|Adamant||M|||50|]Garchomp||LifeOrb|RoughSkin|RockSlide,Earthquake,DragonClaw,Protect|Jolly||F|||50|]Basculegion||MysticWater|Adaptability|WaveCrash,LastRespects,AquaJet,Protect|Adamant||M|||50|]Talonflame||SharpBeak|GaleWings|QuickGuard,DualWingbeat,Tailwind,Protect|Jolly||M|||50|]Floette-Eternal||Floettite|FlowerVeil|LightofRuin,Protect,Moonblast,DazzlingGleam|Modest||F|||50|
|showteam|p2|Gengar||Gengarite|CursedBody|ShadowBall,Disable,PerishSong,Protect|Timid||M|||50|]Incineroar||SitrusBerry|Intimidate|FakeOut,FlareBlitz,PartingShot,Protect|Relaxed||M|||50|]Snorlax||Leftovers|ThickFat|Fissure,Encore,Yawn,Protect|Relaxed||M|||50|]Ninetales-Alola||NeverMeltIce|SnowWarning|Blizzard,FreezeDry,Encore,Protect|Timid||M|||50|]Kingambit||BlackGlasses|Defiant|SuckerPunch,KowtowCleave,SwordsDance,Protect|Adamant||F|||50|]Sneasler||WhiteHerb|Unburden|FakeOut,CloseCombat,GunkShot,Protect|Jolly||M|||50|
|inactive|Battle timer is ON: inactive players will automatically lose when time's up. (requested by ultraclaw1)
|
|t:|1784038450
|teamsize|p1|4
|teamsize|p2|4
|start
|switch|p1a: Floette|Floette-Eternal, L50, F|100/100
|switch|p1b: Talonflame|Talonflame, L50, M|100/100
|switch|p2a: Sneasler|Sneasler, L50, M|100/100
|switch|p2b: Kingambit|Kingambit, L50, F|100/100
|turn|1
|
|t:|1784038475
|detailschange|p1a: Floette|Floette-Mega, L50, F
|-mega|p1a: Floette|Floette|Floettite
|-ability|p1a: Floette|Fairy Aura
|move|p1b: Talonflame|Dual Wingbeat|p2a: Sneasler
|-supereffective|p2a: Sneasler|1
|-damage|p2a: Sneasler|55/100
|-supereffective|p2a: Sneasler|1
|-damage|p2a: Sneasler|13/100
|-hitcount|p2a: Sneasler|2
|move|p2a: Sneasler|Gunk Shot|p1a: Floette
|-supereffective|p1a: Floette|1
|-damage|p1a: Floette|0 fnt
|faint|p1a: Floette
|move|p2b: Kingambit|Swords Dance|p2b: Kingambit
|-boost|p2b: Kingambit|atk|2
|
|upkeep
|
|t:|1784038488
|switch|p1a: Garchomp|Garchomp, L50, F|100/100
|turn|2
|
|t:|1784038504
|switch|p2a: Incineroar|Incineroar, L50, M|100/100
|-ability|p2a: Incineroar|Intimidate|boost
|-unboost|p1a: Garchomp|atk|1
|-unboost|p1b: Talonflame|atk|1
|switch|p2b: Ninetales|Ninetales-Alola, L50, M|100/100
|-weather|Snowscape|[from] ability: Snow Warning|[of] p2b: Ninetales
|move|p1b: Talonflame|Tailwind|p1b: Talonflame
|-sidestart|p1: ultraclaw1|move: Tailwind
|move|p1a: Garchomp|Earthquake|p2b: Ninetales|[spread] p2a,p2b
|-immune|p1b: Talonflame
|-supereffective|p2a: Incineroar|1
|-damage|p2a: Incineroar|53/100
|-damage|p2b: Ninetales|70/100
|-damage|p1a: Garchomp|90/100|[from] item: Life Orb
|
|-weather|Snowscape|[upkeep]
|upkeep
|turn|3
|
|t:|1784038522
|move|p1b: Talonflame|Protect|p1b: Talonflame
|-singleturn|p1b: Talonflame|Protect
|move|p1a: Garchomp|Protect|p1a: Garchomp
|-singleturn|p1a: Garchomp|Protect
|move|p2a: Incineroar|Fake Out|p1a: Garchomp
|-activate|p1a: Garchomp|move: Protect
|move|p2b: Ninetales|Blizzard|p1b: Talonflame|[spread] 
|-activate|p1a: Garchomp|move: Protect
|-activate|p1b: Talonflame|move: Protect
|
|-weather|Snowscape|[upkeep]
|upkeep
|turn|4
|
|t:|1784038547
|switch|p2a: Sneasler|Sneasler, L50, M|13/100
|move|p2b: Ninetales|Protect|p2b: Ninetales
|-singleturn|p2b: Ninetales|Protect
|move|p1b: Talonflame|Dual Wingbeat|p2b: Ninetales
|-activate|p2b: Ninetales|move: Protect
|move|p1a: Garchomp|Rock Slide|p2b: Ninetales|[spread] p2a
|-activate|p2b: Ninetales|move: Protect
|-resisted|p2a: Sneasler|1
|-damage|p2a: Sneasler|5/100
|-damage|p1a: Garchomp|80/100|[from] item: Life Orb
|
|-weather|Snowscape|[upkeep]
|upkeep
|turn|5
|
|t:|1784038563
|move|p1b: Talonflame|Protect|p1b: Talonflame
|-singleturn|p1b: Talonflame|Protect
|move|p1a: Garchomp|Protect|p1a: Garchomp
|-singleturn|p1a: Garchomp|Protect
|move|p2a: Sneasler|Fake Out|p1a: Garchomp
|-activate|p1a: Garchomp|move: Protect
|move|p2b: Ninetales|Blizzard|p1a: Garchomp|[spread] 
|-activate|p1a: Garchomp|move: Protect
|-activate|p1b: Talonflame|move: Protect
|
|-weather|Snowscape|[upkeep]
|-sideend|p1: ultraclaw1|move: Tailwind
|upkeep
|turn|6
|inactive|lucky777n has 30 seconds left.
|
|t:|1784038591
|switch|p1a: Basculegion|Basculegion, L50, M|100/100
|move|p1b: Talonflame|Dual Wingbeat|p2a: Sneasler
|-supereffective|p2a: Sneasler|1
|-damage|p2a: Sneasler|0 fnt
|faint|p2a: Sneasler
|-hitcount|p2: Sneasler|1
|move|p2b: Ninetales|Blizzard|p1a: Basculegion|[spread] p1a,p1b
|-resisted|p1a: Basculegion|1
|-damage|p1a: Basculegion|82/100
|-damage|p1b: Talonflame|45/100
|
|-weather|none
|upkeep
|
|t:|1784038603
|switch|p2a: Kingambit|Kingambit, L50, F|100/100
|turn|7
|
|t:|1784038617
|move|p1a: Basculegion|Protect|p1a: Basculegion
|-singleturn|p1a: Basculegion|Protect
|move|p2a: Kingambit|Sucker Punch||[still]
|-fail|p2a: Kingambit
|move|p1b: Talonflame|Tailwind|p1b: Talonflame
|-sidestart|p1: ultraclaw1|move: Tailwind
|move|p2b: Ninetales|Freeze-Dry|p1b: Talonflame
|-damage|p1b: Talonflame|4/100
|
|upkeep
|turn|8
|
|t:|1784038634
|move|p1b: Talonflame|Quick Guard|p1b: Talonflame
|-singleturn|p1b: Talonflame|Quick Guard
|move|p2a: Kingambit|Sucker Punch|p1a: Basculegion
|-activate|p1a: Basculegion|move: Quick Guard
|move|p1a: Basculegion|Wave Crash|p2b: Ninetales
|-damage|p2b: Ninetales|0 fnt
|faint|p2b: Ninetales
|-damage|p1a: Basculegion|62/100|[from] Recoil
|
|upkeep
|
|t:|1784038643
|switch|p2b: Incineroar|Incineroar, L50, M|53/100
|-ability|p2b: Incineroar|Intimidate|boost
|-unboost|p1a: Basculegion|atk|1
|-unboost|p1b: Talonflame|atk|1
|turn|9
|
|t:|1784038661
|move|p1b: Talonflame|Quick Guard|p1b: Talonflame
|-singleturn|p1b: Talonflame|Quick Guard
|move|p2b: Incineroar|Fake Out|p1b: Talonflame
|-activate|p1b: Talonflame|move: Quick Guard
|move|p1a: Basculegion|Wave Crash|p2a: Kingambit
|-damage|p2a: Kingambit|54/100
|-damage|p1a: Basculegion|47/100|[from] Recoil
|move|p2a: Kingambit|Kowtow Cleave|p1a: Basculegion
|-supereffective|p1a: Basculegion|1
|-damage|p1a: Basculegion|0 fnt
|faint|p1a: Basculegion
|
|upkeep
|
|t:|1784038666
|switch|p1a: Garchomp|Garchomp, L50, F|80/100
|turn|10
|
|t:|1784038688
|move|p1b: Talonflame|Quick Guard|p1b: Talonflame
|-singleturn|p1b: Talonflame|Quick Guard
|move|p2a: Kingambit|Sucker Punch|p1a: Garchomp
|-activate|p1a: Garchomp|move: Quick Guard
|move|p1a: Garchomp|Earthquake|p2a: Kingambit|[spread] p2a,p2b
|-immune|p1b: Talonflame
|-supereffective|p2a: Kingambit|1
|-crit|p2a: Kingambit
|-supereffective|p2b: Incineroar|1
|-damage|p2a: Kingambit|0 fnt
|-damage|p2b: Incineroar|0 fnt
|faint|p2a: Kingambit
|faint|p2b: Incineroar
|-damage|p1a: Garchomp|70/100|[from] item: Life Orb
|
|win|ultraclaw1
||ultraclaw1 is ready for game 2.
||lucky777n is ready for game 2.
|uhtml|next|Next: Game 2 of 3
|l|☆ultraclaw1
|player|p1|
