|j|☆bestboi8989
|j|☆Megadimsum
|html|bestboi8989Megadimsum    
|uhtml|bestof|Game 2 of a best-of-3
|t:|1757857363
|gametype|doubles
|player|p1|bestboi8989|169|1156
|player|p2|Megadimsum|170|1050
|gen|9
|tier|[Gen 9] VGC 2025 Reg H (Bo3)
|rated|
|rule|Species Clause: Limit one of each Pokémon
|rule|Item Clause: Limit 1 of each item
|clearpoke
|poke|p1|Indeedee, L50, M|
|poke|p1|Sneasler, L50, F|
|poke|p1|Excadrill, L50, M|
|poke|p1|Magmar, L50, M|
|poke|p1|Corviknight, L50, F|
|poke|p1|Tyranitar, L50, F|
|poke|p2|Ursaluna-Bloodmoon, L50, M|
|poke|p2|Torkoal, L50, M|
|poke|p2|Porygon2, L50|
|poke|p2|Rillaboom, L50, M|
|poke|p2|Charizard, L50, M|
|poke|p2|Murkrow, L50, M|
|teampreview|4
|showteam|p1|Indeedee||ChoiceScarf|PsychicSurge|ExpandingForce,TeraBlast,Trick,Protect|||M|||50|,,,,,Psychic]Sneasler||WhiteHerb|Unburden|FakeOut,CloseCombat,DireClaw,Coaching|||F|||50|,,,,,Flying]Excadrill||FocusSash|SandRush|Earthquake,IronHead,SwordsDance,Protect|||M|||50|,,,,,Ground]Magmar||Eviolite|VitalSpirit|HeatWave,FollowMe,HelpingHand,Protect|||M|||50|,,,,,Flying]Corviknight||PsychicSeed|MirrorArmor|BraveBird,PowerTrip,BulkUp,Roost|||F|||50|,,,,,Water]Tyranitar||AssaultVest|SandStream|RockSlide,KnockOff,LowKick,TeraBlast|||F|||50|,,,,,Flying
|showteam|p2|Ursaluna-Bloodmoon||ThroatSpray|MindsEye|BloodMoon,HyperVoice,EarthPower,Protect|||M|||50|,,,,,Normal]Torkoal||EjectPack|Drought|Eruption,Overheat,HelpingHand,Protect|||M|||50|,,,,,Fire]Porygon2||Eviolite|Download|TeraBlast,IceBeam,TrickRoom,Recover||||||50|,,,,,Poison]Rillaboom||AssaultVest|GrassySurge|WoodHammer,GrassyGlide,Uturn,FakeOut|||M|||50|,,,,,Fire]Charizard||ChoiceSpecs|SolarPower|HeatWave,Overheat,WeatherBall,DragonPulse|||M|||50|,,,,,Ghost]Murkrow||FocusSash|Prankster|Tailwind,SunnyDay,FoulPlay,Protect|||M|||50|,,,,,Ghost
|inactive|Battle timer is ON: inactive players will automatically lose when time's up. (requested by bestboi8989)
|
|t:|1757857422
|teamsize|p1|4
|teamsize|p2|4
|start
|switch|p1a: Tyranitar|Tyranitar, L50, F|100/100
|switch|p1b: Excadrill|Excadrill, L50, M|100/100
|switch|p2a: Porygon2|Porygon2, L50|100/100
|switch|p2b: Torkoal|Torkoal, L50, M|100/100
|-weather|Sandstorm|[from] ability: Sand Stream|[of] p1a: Tyranitar
|-ability|p2a: Porygon2|Download|boost
|-boost|p2a: Porygon2|atk|1
|-weather|SunnyDay|[from] ability: Drought|[of] p2b: Torkoal
|turn|1
|inactive|Megadimsum has 30 seconds left.
|inactive|bestboi8989 has 30 seconds left.
|inactive|Megadimsum has 20 seconds left.
|inactive|bestboi8989 has 20 seconds left.
|inactive|Megadimsum has 15 seconds left.
|inactive|bestboi8989 has 15 seconds left.
|inactive|Megadimsum has 10 seconds left.
|
|t:|1757857474
|switch|p2a: Murkrow|Murkrow, L50, M|100/100
|move|p1b: Excadrill|Swords Dance|p1b: Excadrill
|-boost|p1b: Excadrill|atk|2
|move|p1a: Tyranitar|Rock Slide|p2b: Torkoal|[spread] p2a,p2b
|-supereffective|p2a: Murkrow
|-supereffective|p2b: Torkoal
|-damage|p2a: Murkrow|27/100
|-damage|p2b: Torkoal|56/100
|move|p2b: Torkoal|Overheat|p1b: Excadrill
|-supereffective|p1b: Excadrill
|-enditem|p1b: Excadrill|Focus Sash
|-damage|p1b: Excadrill|1/100
|-unboost|p2b: Torkoal|spa|2
|-enditem|p2b: Torkoal|Eject Pack
|
|t:|1757857487
|switch|p2b: Charizard|Charizard, L50, M|100/100
|
|-weather|SunnyDay|[upkeep]
|-damage|p2b: Charizard|88/100|[from] ability: Solar Power|[of] p2b: Charizard
|upkeep
|turn|2
|
|t:|1757857500
|-terastallize|p2b: Charizard|Ghost
|move|p1b: Excadrill|Protect|p1b: Excadrill
|-singleturn|p1b: Excadrill|Protect
|move|p2a: Murkrow|Tailwind|p2a: Murkrow
|-sidestart|p2: Megadimsum|move: Tailwind
|move|p2b: Charizard|Heat Wave|p1b: Excadrill|[spread] p1a
|-activate|p1b: Excadrill|move: Protect
|-resisted|p1a: Tyranitar
|-damage|p1a: Tyranitar|68/100
|move|p1a: Tyranitar|Rock Slide|p2b: Charizard|[spread] p2a,p2b
|-supereffective|p2a: Murkrow
|-crit|p2b: Charizard
|-damage|p2a: Murkrow|0 fnt
|-damage|p2b: Charizard|27/100
|faint|p2a: Murkrow
|
|-weather|SunnyDay|[upkeep]
|-damage|p2b: Charizard|15/100|[from] ability: Solar Power|[of] p2b: Charizard
|upkeep
|
|t:|1757857506
|switch|p2a: Torkoal|Torkoal, L50, M|56/100
|turn|3
|inactive|bestboi8989 has 30 seconds left.
|inactive|bestboi8989 has 20 seconds left.
|
|t:|1757857545
|move|p2a: Torkoal|Helping Hand|p2b: Charizard
|-singleturn|p2b: Charizard|Helping Hand|[of] p2a: Torkoal
|move|p2b: Charizard|Heat Wave|p1b: Excadrill|[spread] p1a,p1b
|-resisted|p1a: Tyranitar
|-supereffective|p1b: Excadrill
|-damage|p1a: Tyranitar|19/100
|-damage|p1b: Excadrill|0 fnt
|-status|p1a: Tyranitar|brn
|faint|p1b: Excadrill
|move|p1a: Tyranitar|Rock Slide|p2a: Torkoal|[spread] p2a,p2b
|-supereffective|p2a: Torkoal
|-damage|p2a: Torkoal|32/100
|-damage|p2b: Charizard|0 fnt
|faint|p2b: Charizard
|
|-weather|SunnyDay|[upkeep]
|-damage|p1a: Tyranitar|13/100 brn|[from] brn
|upkeep
|
|t:|1757857570
|switch|p1b: Corviknight|Corviknight, L50, F|100/100
|switch|p2b: Porygon2|Porygon2, L50|100/100
|-ability|p2b: Porygon2|Download|boost
|-boost|p2b: Porygon2|spa|1
|turn|4
|inactive|Megadimsum has 30 seconds left.
|
|t:|1757857598
|-terastallize|p1b: Corviknight|Water
|move|p2b: Porygon2|Tera Blast|p1a: Tyranitar
|-resisted|p1a: Tyranitar
|-damage|p1a: Tyranitar|2/100 brn
|move|p1b: Corviknight|Bulk Up|p1b: Corviknight
|-boost|p1b: Corviknight|atk|1
|-boost|p1b: Corviknight|def|1
|move|p1a: Tyranitar|Knock Off|p2b: Porygon2
|-damage|p2b: Porygon2|86/100
|-enditem|p2b: Porygon2|Eviolite|[from] move: Knock Off|[of] p1a: Tyranitar
|move|p2a: Torkoal|Overheat|p1b: Corviknight
|-resisted|p1b: Corviknight
|-damage|p1b: Corviknight|60/100
|-unboost|p2a: Torkoal|spa|2
|
|-weather|SunnyDay|[upkeep]
|-damage|p1a: Tyranitar|0 fnt|[from] brn
|faint|p1a: Tyranitar
|upkeep
|
|t:|1757857614
|switch|p1a: Indeedee|Indeedee, L50, M|100/100
|-fieldstart|move: Psychic Terrain|[from] ability: Psychic Surge|[of] p1a: Indeedee
|-enditem|p1b: Corviknight|Psychic Seed
|-boost|p1b: Corviknight|spd|1|[from] item: Psychic Seed
|turn|5
|
|t:|1757857627
|move|p2a: Torkoal|Helping Hand|p2b: Porygon2
|-singleturn|p2b: Porygon2|Helping Hand|[of] p2a: Torkoal
|move|p1a: Indeedee|Expanding Force|p2a: Torkoal|[spread] p2a,p2b
|-damage|p2a: Torkoal|0 fnt
|-damage|p2b: Porygon2|36/100
|faint|p2a: Torkoal
|move|p2b: Porygon2|Tera Blast|p1b: Corviknight
|-damage|p1b: Corviknight|14/100
|move|p1b: Corviknight|Brave Bird|p2b: Porygon2
|-damage|p2b: Porygon2|0 fnt
|faint|p2b: Porygon2
|-damage|p1b: Corviknight|3/100|[from] Recoil
|
|win|bestboi8989
||Megadimsum is ready for game 3.
|inactive|bestboi8989 has 30 seconds to confirm battle start!
||bestboi8989 is ready for game 3.
|uhtml|next|Next: Game 3 of 3
|l|☆Megadimsum
|player|p2|
