|j|☆LumiRev
|j|☆JamBear007
|html|LumiRevJamBear007    
|uhtml|bestof|Game 2 of a best-of-3
|t:|1757903508
|gametype|doubles
|player|p1|LumiRev|266|
|player|p2|JamBear007|skyla|
|gen|9
|tier|[Gen 9] VGC 2025 Reg H (Bo3)
|rule|Species Clause: Limit one of each Pokémon
|rule|Item Clause: Limit 1 of each item
|clearpoke
|poke|p1|Ursaluna, L50, F|
|poke|p1|Torkoal, L50, F|
|poke|p1|Jumpluff, L50, M|
|poke|p1|Incineroar, L50, M|
|poke|p1|Dusclops, L50, M|
|poke|p1|Charizard, L50, F|
|poke|p2|Sneasler, L50, M|
|poke|p2|Indeedee, L50, M|
|poke|p2|Azumarill, L50, M|
|poke|p2|Alcremie-Caramel-Swirl, L50, F|
|poke|p2|Gliscor, L50, F|
|poke|p2|Hydrapple, L50, M|
|teampreview|4
|showteam|p1|Ursaluna||FlameOrb|Guts|Facade,HeadlongRush,Earthquake,Protect|||F|||50|,,,,,Ghost]Torkoal||EjectPack|Drought|Eruption,Overheat,HelpingHand,Protect|||F|||50|,,,,,Fire]Jumpluff||CovertCloak|Chlorophyll|SleepPowder,RagePowder,SunnyDay,Tailwind|||M|||50|,,,,,Water]Incineroar||SafetyGoggles|Intimidate|FakeOut,PartingShot,KnockOff,FlareBlitz|||M|||50|,,,,,Ghost]Dusclops||Eviolite|Pressure|WillOWisp,HelpingHand,SunnyDay,TrickRoom|||M|||50|,,,,,Flying]Charizard||ChoiceSpecs|SolarPower|HeatWave,AirSlash,WeatherBall,Overheat|||F|||50|,,,,,Ghost
|showteam|p2|Sneasler||PsychicSeed|Unburden|CloseCombat,DireClaw,Uturn,Protect|||M|||50|,,,,,Stellar]Indeedee||SitrusBerry|PsychicSurge|ExpandingForce,TrickRoom,Imprison,TeraBlast|||M|||50|,,,,,Psychic]Azumarill||SafetyGoggles|HugePower|Liquidation,PlayRough,HelpingHand,KnockOff|||M|||50|,,,,,Water]Alcremie-Caramel-Swirl||Leftovers|AromaVeil|DazzlingGleam,Decorate,Encore,CalmMind|||F|||50|,,,,,Grass]Gliscor||ToxicOrb|PoisonHeal|Protect,Crabhammer,HighHorsepower,Tailwind|||F|||50|,,,,,Water]Hydrapple||AssaultVest|SupersweetSyrup|HydroPump,DracoMeteor,EnergyBall,EarthPower|||M|||50|,,,,,Water
|
|t:|1757903539
|teamsize|p1|4
|teamsize|p2|4
|start
|switch|p1a: Incineroar|Incineroar, L50, M|100/100
|switch|p1b: Dusclops|Dusclops, L50, M|100/100
|switch|p2a: weewoo weewoo|Indeedee, L50, M|100/100
|switch|p2b: eg|Azumarill, L50, M|100/100
|-ability|p1a: Incineroar|Intimidate|boost
|-unboost|p2a: weewoo weewoo|atk|1
|-unboost|p2b: eg|atk|1
|-fieldstart|move: Psychic Terrain|[from] ability: Psychic Surge|[of] p2a: weewoo weewoo
|-ability|p1b: Dusclops|Pressure
|turn|1
|
|t:|1757903563
|move|p1b: Dusclops|Helping Hand|p1a: Incineroar
|-singleturn|p1a: Incineroar|Helping Hand|[of] p1b: Dusclops
|move|p1a: Incineroar|Knock Off|p2a: weewoo weewoo
|-supereffective|p2a: weewoo weewoo
|-damage|p2a: weewoo weewoo|0 fnt
|-enditem|p2a: weewoo weewoo|Sitrus Berry|[from] move: Knock Off|[of] p1a: Incineroar
|faint|p2a: weewoo weewoo
|move|p2b: eg|Knock Off|p1b: Dusclops
|-supereffective|p1b: Dusclops
|-damage|p1b: Dusclops|69/100
|-enditem|p1b: Dusclops|Eviolite|[from] move: Knock Off|[of] p2b: eg
|
|upkeep
|
|t:|1757903573
|switch|p2a: ChaChaRealSmooth|Sneasler, L50, M|100/100
|-enditem|p2a: ChaChaRealSmooth|Psychic Seed
|-boost|p2a: ChaChaRealSmooth|spd|1|[from] item: Psychic Seed
|turn|2
|
|t:|1757903589
|-terastallize|p1a: Incineroar|Ghost
|move|p2b: eg|Helping Hand|p2a: ChaChaRealSmooth
|-singleturn|p2a: ChaChaRealSmooth|Helping Hand|[of] p2b: eg
|move|p2a: ChaChaRealSmooth|Dire Claw|p1b: Dusclops
|-resisted|p1b: Dusclops
|-damage|p1b: Dusclops|43/100
|-status|p1b: Dusclops|slp
|move|p1a: Incineroar|Parting Shot|p2a: ChaChaRealSmooth
|-unboost|p2a: ChaChaRealSmooth|atk|1
|-unboost|p2a: ChaChaRealSmooth|spa|1
|
|t:|1757903599
|switch|p1a: Ursaluna|Ursaluna, L50, F|100/100|[from] Parting Shot
|cant|p1b: Dusclops|slp
|
|-status|p1a: Ursaluna|brn|[from] item: Flame Orb
|upkeep
|turn|3
|j| Uniursh
|
|t:|1757903616
|switch|p1b: Incineroar|Incineroar, L50, M, tera:Ghost|100/100
|-ability|p1b: Incineroar|Intimidate|boost
|-unboost|p2a: ChaChaRealSmooth|atk|1
|-unboost|p2b: eg|atk|1
|move|p2b: eg|Helping Hand|p2a: ChaChaRealSmooth
|-singleturn|p2a: ChaChaRealSmooth|Helping Hand|[of] p2b: eg
|move|p1a: Ursaluna|Protect|p1a: Ursaluna
|-singleturn|p1a: Ursaluna|Protect
|move|p2a: ChaChaRealSmooth|Close Combat|p1a: Ursaluna
|-activate|p1a: Ursaluna|move: Protect
|
|-damage|p1a: Ursaluna|95/100 brn|[from] brn
|upkeep
|turn|4
|
|t:|1757903653
|move|p2b: eg|Helping Hand|p2a: ChaChaRealSmooth
|-singleturn|p2a: ChaChaRealSmooth|Helping Hand|[of] p2b: eg
|move|p1b: Incineroar|Fake Out|p2a: ChaChaRealSmooth
|-activate|p2a: ChaChaRealSmooth|move: Psychic Terrain
|move|p2a: ChaChaRealSmooth|Close Combat|p1a: Ursaluna
|-supereffective|p1a: Ursaluna
|-damage|p1a: Ursaluna|26/100 brn
|-unboost|p2a: ChaChaRealSmooth|def|1
|-unboost|p2a: ChaChaRealSmooth|spd|1
|move|p1a: Ursaluna|Facade|p2b: eg
|-damage|p2b: eg|0 fnt
|faint|p2b: eg
|
|-damage|p1a: Ursaluna|20/100 brn|[from] brn
|upkeep
|
|t:|1757903666
|switch|p2b: System of a Down?|Gliscor, L50, F|100/100
|turn|5
|
|t:|1757903686
|-terastallize|p2b: System of a Down?|Water
|move|p1a: Ursaluna|Protect|p1a: Ursaluna
|-singleturn|p1a: Ursaluna|Protect
|move|p2a: ChaChaRealSmooth|Close Combat|p1a: Ursaluna
|-activate|p1a: Ursaluna|move: Protect
|move|p2b: System of a Down?|Crabhammer|p1b: Incineroar
|-crit|p1b: Incineroar
|-damage|p1b: Incineroar|44/100
|move|p1b: Incineroar|Parting Shot|p2b: System of a Down?
|-unboost|p2b: System of a Down?|atk|1
|-unboost|p2b: System of a Down?|spa|1
|
|t:|1757903698
|switch|p1b: Dusclops|Dusclops, L50, M|43/100 slp|[from] Parting Shot
|-ability|p1b: Dusclops|Pressure
|
|-damage|p1a: Ursaluna|14/100 brn|[from] brn
|-fieldend|move: Psychic Terrain
|-status|p2b: System of a Down?|tox|[from] item: Toxic Orb
|upkeep
|turn|6
|
|t:|1757903723
|switch|p1a: Incineroar|Incineroar, L50, M, tera:Ghost|44/100
|-ability|p1a: Incineroar|Intimidate|boost
|-unboost|p2a: ChaChaRealSmooth|atk|1
|-unboost|p2b: System of a Down?|atk|1
|move|p2a: ChaChaRealSmooth|Close Combat|p1a: Incineroar
|-immune|p1a: Incineroar
|move|p2b: System of a Down?|High Horsepower|p1b: Dusclops
|-damage|p1b: Dusclops|24/100 slp
|cant|p1b: Dusclops|slp
|
|upkeep
|turn|7
|
|t:|1757903750
|move|p1a: Incineroar|Fake Out|p2b: System of a Down?
|-damage|p2b: System of a Down?|89/100 tox
|move|p2a: ChaChaRealSmooth|Dire Claw|p1b: Dusclops
|-resisted|p1b: Dusclops
|-damage|p1b: Dusclops|17/100 slp
|cant|p2b: System of a Down?|flinch
|cant|p1b: Dusclops|slp
|
|-heal|p2b: System of a Down?|100/100 tox|[from] ability: Poison Heal
|upkeep
|turn|8
|
|t:|1757903764
|move|p2a: ChaChaRealSmooth|Dire Claw|p1b: Dusclops
|-resisted|p1b: Dusclops
|-damage|p1b: Dusclops|10/100 slp
|move|p2b: System of a Down?|Crabhammer|p1b: Dusclops
|-damage|p1b: Dusclops|0 fnt
|faint|p1b: Dusclops
|move|p1a: Incineroar|Parting Shot|p2b: System of a Down?
|-unboost|p2b: System of a Down?|atk|1
|-unboost|p2b: System of a Down?|spa|1
|
|t:|1757903772
|switch|p1a: Torkoal|Torkoal, L50, F|100/100|[from] Parting Shot
|-weather|SunnyDay|[from] ability: Drought|[of] p1a: Torkoal
|
|-weather|SunnyDay|[upkeep]
|upkeep
|
|t:|1757903778
|switch|p1b: Incineroar|Incineroar, L50, M, tera:Ghost|44/100
|-ability|p1b: Incineroar|Intimidate|boost
|-unboost|p2a: ChaChaRealSmooth|atk|1
|-unboost|p2b: System of a Down?|atk|1
|turn|9
|
|t:|1757903790
|move|p1b: Incineroar|Fake Out|p2b: System of a Down?
|-damage|p2b: System of a Down?|88/100 tox
|move|p2a: ChaChaRealSmooth|Dire Claw|p1a: Torkoal
|-damage|p1a: Torkoal|90/100
|cant|p2b: System of a Down?|flinch
|move|p1a: Torkoal|Eruption|p2a: ChaChaRealSmooth|[spread] p2a,p2b
|-resisted|p2b: System of a Down?
|-damage|p2a: ChaChaRealSmooth|9/100
|-damage|p2b: System of a Down?|42/100 tox
|
|-weather|SunnyDay|[upkeep]
|-heal|p2b: System of a Down?|54/100 tox|[from] ability: Poison Heal
|upkeep
|turn|10
|
|t:|1757903811
|move|p2a: ChaChaRealSmooth|Protect|p2a: ChaChaRealSmooth
|-singleturn|p2a: ChaChaRealSmooth|Protect
|move|p2b: System of a Down?|Crabhammer|p1a: Torkoal
|-supereffective|p1a: Torkoal
|-damage|p1a: Torkoal|80/100
|move|p1b: Incineroar|Knock Off|p2a: ChaChaRealSmooth
|-activate|p2a: ChaChaRealSmooth|move: Protect
|move|p1a: Torkoal|Eruption|p2a: ChaChaRealSmooth|[spread] p2b
|-activate|p2a: ChaChaRealSmooth|move: Protect
|-resisted|p2b: System of a Down?
|-damage|p2b: System of a Down?|12/100 tox
|
|-weather|SunnyDay|[upkeep]
|-heal|p2b: System of a Down?|24/100 tox|[from] ability: Poison Heal
|upkeep
|turn|11
|
|t:|1757903838
|move|p1a: Torkoal|Protect|p1a: Torkoal
|-singleturn|p1a: Torkoal|Protect
|move|p2a: ChaChaRealSmooth|Dire Claw|p1b: Incineroar
|-resisted|p1b: Incineroar
|-damage|p1b: Incineroar|36/100
|move|p2b: System of a Down?|High Horsepower|p1a: Torkoal
|-activate|p1a: Torkoal|move: Protect
|move|p1b: Incineroar|Knock Off|p2a: ChaChaRealSmooth
|-resisted|p2a: ChaChaRealSmooth
|-damage|p2a: ChaChaRealSmooth|0 fnt
|faint|p2a: ChaChaRealSmooth
|
|-weather|SunnyDay|[upkeep]
|-heal|p2b: System of a Down?|36/100 tox|[from] ability: Poison Heal
|upkeep
|turn|12
|
|t:|1757903853
|move|p1a: Torkoal|Helping Hand|p1b: Incineroar
|-singleturn|p1b: Incineroar|Helping Hand|[of] p1a: Torkoal
|move|p2b: System of a Down?|Protect|p2b: System of a Down?
|-singleturn|p2b: System of a Down?|Protect
|move|p1b: Incineroar|Knock Off|p2b: System of a Down?
|-activate|p2b: System of a Down?|move: Protect
|
|-weather|none
|-heal|p2b: System of a Down?|48/100 tox|[from] ability: Poison Heal
|upkeep
|turn|13
|
|t:|1757903867
|move|p1a: Torkoal|Helping Hand|p1b: Incineroar
|-singleturn|p1b: Incineroar|Helping Hand|[of] p1a: Torkoal
|move|p2b: System of a Down?|Crabhammer|p1b: Incineroar
|-crit|p1b: Incineroar
|-damage|p1b: Incineroar|0 fnt
|faint|p1b: Incineroar
|
|-heal|p2b: System of a Down?|59/100 tox|[from] ability: Poison Heal
|upkeep
|
|t:|1757903874
|switch|p1b: Ursaluna|Ursaluna, L50, F|14/100 brn
|turn|14
|
|t:|1757903881
|move|p2b: System of a Down?|Protect|p2b: System of a Down?
|-singleturn|p2b: System of a Down?|Protect
|move|p1b: Ursaluna|Facade|p2b: System of a Down?
|-activate|p2b: System of a Down?|move: Protect
|move|p1a: Torkoal|Eruption|p2b: System of a Down?
|-activate|p2b: System of a Down?|move: Protect
|
|-heal|p2b: System of a Down?|71/100 tox|[from] ability: Poison Heal
|-damage|p1b: Ursaluna|9/100 brn|[from] brn
|upkeep
|turn|15
|
|t:|1757903911
|move|p2b: System of a Down?|High Horsepower|p1b: Ursaluna
|-damage|p1b: Ursaluna|0 fnt
|faint|p1b: Ursaluna
|move|p1a: Torkoal|Eruption|p2b: System of a Down?
|-resisted|p2b: System of a Down?
|-damage|p2b: System of a Down?|34/100 tox
|
|-heal|p2b: System of a Down?|46/100 tox|[from] ability: Poison Heal
|upkeep
|turn|16
|
|t:|1757903922
|move|p2b: System of a Down?|Protect|p2b: System of a Down?
|-singleturn|p2b: System of a Down?|Protect
|move|p1a: Torkoal|Overheat|p2b: System of a Down?
|-activate|p2b: System of a Down?|move: Protect
|
|-heal|p2b: System of a Down?|57/100 tox|[from] ability: Poison Heal
|upkeep
|turn|17
|
|t:|1757903938
|move|p2b: System of a Down?|Crabhammer|p1a: Torkoal
|-supereffective|p1a: Torkoal
|-damage|p1a: Torkoal|58/100
|move|p1a: Torkoal|Overheat|p2b: System of a Down?|[miss]
|-miss|p1a: Torkoal|p2b: System of a Down?
|
|-heal|p2b: System of a Down?|69/100 tox|[from] ability: Poison Heal
|upkeep
|turn|18
|
|t:|1757903951
|move|p2b: System of a Down?|Protect|p2b: System of a Down?
|-singleturn|p2b: System of a Down?|Protect
|move|p1a: Torkoal|Eruption|p2b: System of a Down?
|-activate|p2b: System of a Down?|move: Protect
|
|-heal|p2b: System of a Down?|81/100 tox|[from] ability: Poison Heal
|upkeep
|turn|19
|
|t:|1757903961
|move|p2b: System of a Down?|Crabhammer|p1a: Torkoal
|-supereffective|p1a: Torkoal
|-damage|p1a: Torkoal|37/100
|move|p1a: Torkoal|Eruption|p2b: System of a Down?
|-resisted|p2b: System of a Down?
|-damage|p2b: System of a Down?|63/100 tox
|
|-heal|p2b: System of a Down?|75/100 tox|[from] ability: Poison Heal
|upkeep
|turn|20
|
|t:|1757903970
|move|p2b: System of a Down?|Protect|p2b: System of a Down?
|-singleturn|p2b: System of a Down?|Protect
|move|p1a: Torkoal|Overheat|p2b: System of a Down?
|-activate|p2b: System of a Down?|move: Protect
|
|-heal|p2b: System of a Down?|87/100 tox|[from] ability: Poison Heal
|upkeep
|turn|21
|
|t:|1757903977
|move|p2b: System of a Down?|High Horsepower|p1a: Torkoal
|-supereffective|p1a: Torkoal
|-damage|p1a: Torkoal|15/100
|move|p1a: Torkoal|Overheat|p2b: System of a Down?
|-resisted|p2b: System of a Down?
|-damage|p2b: System of a Down?|43/100 tox
|-unboost|p1a: Torkoal|spa|2
|
|-heal|p2b: System of a Down?|55/100 tox|[from] ability: Poison Heal
|upkeep
|turn|22
|
|t:|1757903988
|move|p2b: System of a Down?|Crabhammer|p1a: Torkoal
|-supereffective|p1a: Torkoal
|-damage|p1a: Torkoal|0 fnt
|faint|p1a: Torkoal
|
|win|JamBear007
||LumiRev is ready for game 3.
||JamBear007 is ready for game 3.
|uhtml|next|Next: Game 3 of 3
