|j|ŌśåKingNoahC17
|j|Ōśåcastoriceball
|html|KingNoahC17castoriceball    
|uhtml|bestof|Game 2 of a best-of-3
|t:|1784019361
|gametype|doubles
|player|p1|KingNoahC17|alec-anime|
|player|p2|castoriceball|miku-flying|
|gen|9
|tier|[Gen 9 Champions] VGC 2026 Reg M-B (Bo3)
|rule|Species Clause: Limit one of each Pok├®mon
|rule|Item Clause: Limit 1 of each item
|clearpoke
|poke|p1|Volcarona, L50, F|
|poke|p1|Milotic, L50, F|
|poke|p1|Gholdengo, L50|
|poke|p1|Sinistcha, L50|
|poke|p1|Tyranitar, L50, F|
|poke|p1|Grimmsnarl, L50, M|
|poke|p2|Garchomp, L50, F|
|poke|p2|Floette-Eternal, L50, F|
|poke|p2|Talonflame, L50, M|
|poke|p2|Rotom-Wash, L50, shiny|
|poke|p2|Sneasler, L50, F|
|poke|p2|Sinistcha, L50|
|teampreview|4
|showteam|p1|Volcarona||SitrusBerry|FlameBody|FieryDance,StruggleBug,RagePowder,Tailwind|Timid||F|||50|]Milotic||Leftovers|Competitive|MuddyWater,Coil,Hypnosis,Recover|Calm||F|||50|]Gholdengo||LifeOrb|GoodasGold|MakeItRain,ShadowBall,NastyPlot,Protect|Modest|||||50|]Sinistcha||ColburBerry|Hospitality|MatchaGotcha,RagePowder,TrickRoom,Protect|Bold|||||50|]Tyranitar||Tyranitarite|SandStream|RockSlide,KnockOff,DragonDance,Protect|Jolly||F|||50|]Grimmsnarl||LightClay|Prankster|FakeOut,Reflect,LightScreen,PartingShot|Careful||M|||50|
|showteam|p2|Garchomp||LifeOrb|RoughSkin|DragonClaw,Earthquake,RockSlide,Protect|Adamant||F|||50|]Floette-Eternal||Floettite|FlowerVeil|Moonblast,DazzlingGleam,LightofRuin,Protect|Modest||F|||50|]Talonflame||SharpBeak|GaleWings|Tailwind,DualWingbeat,FlareBlitz,Protect|Jolly||M|||50|]Rotom-Wash||Magnet|Levitate|Thunderbolt,HydroPump,Electroweb,Protect|Modest|||||50|]Sneasler||FocusSash|PoisonTouch|FakeOut,CloseCombat,DireClaw,QuickGuard|Adamant||F|||50|]Sinistcha||MiracleSeed|Hospitality|TrickRoom,ShadowBall,RagePowder,MatchaGotcha|Modest|||||50|
|inactive|Battle timer is ON: inactive players will automatically lose when time's up. (requested by KingNoahC17)
|
|t:|1784019382
|teamsize|p1|4
|teamsize|p2|4
|start
|switch|p1a: Grimmsnarl|Grimmsnarl, L50, M|100/100
|switch|p1b: Milotic|Milotic, L50, F|100/100
|switch|p2a: BIRDD|Talonflame, L50, M|100/100
|switch|p2b: jarchomp|Garchomp, L50, F|100/100
|turn|1
|c|ŌśåKingNoahC17|i understand it now
|c|Ōśåcastoriceball|OMG he's gonna coil on me
|
|t:|1784019395
|switch|p2a: $70 flutter|Floette-Eternal, L50, F|100/100
|switch|p2b: Sinistcha|Sinistcha, L50|100/100
|move|p1a: Grimmsnarl|Reflect|p1a: Grimmsnarl
|-sidestart|p1: KingNoahC17|Reflect
|move|p1b: Milotic|Coil|p1b: Milotic
|-boost|p1b: Milotic|atk|1
|-boost|p1b: Milotic|def|1
|-boost|p1b: Milotic|accuracy|1
|
|upkeep
|turn|2
|c|Ōśåcastoriceball|I'm NOT into that
|c|ŌśåKingNoahC17|ayo
|c|ŌśåKingNoahC17|oh nah
|c|Ōśåcastoriceball|ready to get floettefucked
|
|t:|1784019415
|detailschange|p2a: $70 flutter|Floette-Mega, L50, F
|-mega|p2a: $70 flutter|Floette|Floettite
|-ability|p2a: $70 flutter|Fairy Aura
|move|p1a: Grimmsnarl|Light Screen|p1a: Grimmsnarl
|-sidestart|p1: KingNoahC17|move: Light Screen
|move|p2a: $70 flutter|Light of Ruin|p1b: Milotic
|-damage|p1b: Milotic|52/100
|-damage|p2a: $70 flutter|69/100|[from] Recoil
|move|p2b: Sinistcha|Matcha Gotcha|p1b: Milotic|[spread] p1a,p1b
|-supereffective|p1b: Milotic|1
|-damage|p1a: Grimmsnarl|81/100
|-damage|p1b: Milotic|20/100y
|move|p1b: Milotic|Hypnosis|p2b: Sinistcha
|-status|p2b: Sinistcha|slp|[from] move: Hypnosis
|
|-heal|p1b: Milotic|26/100|[from] item: Leftovers
|upkeep
|turn|3
|c|Ōśåcastoriceball|why did that do nothing.
|c|ŌśåKingNoahC17|LOL
|
|t:|1784019435
|move|p2a: $70 flutter|Protect|p2a: $70 flutter
|-singleturn|p2a: $70 flutter|Protect
|move|p1a: Grimmsnarl|Parting Shot|p2a: $70 flutter
|-activate|p2a: $70 flutter|move: Protect
|cant|p2b: Sinistcha|slp
|move|p1b: Milotic|Recover|p1b: Milotic
|-heal|p1b: Milotic|76/100
|
|-heal|p1b: Milotic|82/100|[from] item: Leftovers
|upkeep
|turn|4
|c|Ōśåcastoriceball|haha caught
|c|Ōśåcastoriceball|oh shit
|inactive|castoriceball has 30 seconds left.
|inactive|castoriceball has 20 seconds left.
|
|t:|1784019472
|move|p1a: Grimmsnarl|Parting Shot|p2a: $70 flutter
|-unboost|p2a: $70 flutter|atk|1
|-unboost|p2a: $70 flutter|spa|1
|
|t:|1784019477
|switch|p1a: Gholdengo|Gholdengo, L50|100/100|[from] Parting Shot
|move|p2a: $70 flutter|Moonblast|p1b: Milotic
|-damage|p1b: Milotic|57/100
|cant|p2b: Sinistcha|slp
|move|p1b: Milotic|Coil|p1b: Milotic
|-boost|p1b: Milotic|atk|1
|-boost|p1b: Milotic|def|1
|-boost|p1b: Milotic|accuracy|1
|
|-heal|p1b: Milotic|63/100|[from] item: Leftovers
|upkeep
|turn|5
|c|Ōśåcastoriceball|is this fucking calm milo
|
|t:|1784019491
|move|p2a: $70 flutter|Moonblast|p1b: Milotic
|-damage|p1b: Milotic|39/100
|move|p1a: Gholdengo|Shadow Ball|p2b: Sinistcha
|-supereffective|p2b: Sinistcha|1
|-damage|p2b: Sinistcha|0 fnt
|faint|p2b: Sinistcha
|-damage|p1a: Gholdengo|90/100|[from] item: Life Orb
|move|p1b: Milotic|Hypnosis|p2a: $70 flutter
|-status|p2a: $70 flutter|slp|[from] move: Hypnosis
|
|-heal|p1b: Milotic|45/100|[from] item: Leftovers
|upkeep
|c|ŌśåKingNoahC17|yeah
|c|Ōśåcastoriceball|you should shoot yourself
|
|t:|1784019502
|switch|p2b: jarchomp|Garchomp, L50, F|100/100
|turn|6
|c|ŌśåKingNoahC17|yeah ik
|
|t:|1784019515
|switch|p2a: BIRDD|Talonflame, L50, M|100/100
|switch|p1a: Sinistcha|Sinistcha, L50|100/100
|-heal|p1b: Milotic|70/100|[from] ability: Hospitality|[of] p1a: Sinistcha
|move|p2b: jarchomp|Protect|p2b: jarchomp
|-singleturn|p2b: jarchomp|Protect
|move|p1b: Milotic|Hypnosis|p2b: jarchomp
|-activate|p2b: jarchomp|move: Protect
|
|-heal|p1b: Milotic|76/100|[from] item: Leftovers
|upkeep
|turn|7
|c|Ōśåcastoriceball|this is gayer shit than i've seen ever before
|
|t:|1784019525
|switch|p2a: $70 flutter|Floette-Mega, L50, F|69/100 slp
|-ability|p2a: $70 flutter|Fairy Aura
|move|p2b: jarchomp|Rock Slide|p1a: Sinistcha|[spread] p1a,p1b
|-damage|p1a: Sinistcha|84/100
|-damage|p1b: Milotic|68/100
|-damage|p2b: jarchomp|90/100|[from] item: Life Orb
|move|p1b: Milotic|Muddy Water|p2b: jarchomp|[spread] p2a,p2b
|-damage|p2a: $70 flutter|50/100g slp
|-damage|p2b: jarchomp|64/100
|-unboost|p2b: jarchomp|accuracy|1
|move|p1a: Sinistcha|Matcha Gotcha|p2b: jarchomp|[spread] p2a,p2b
|-crit|p2a: $70 flutter
|-damage|p2a: $70 flutter|21/100 slp
|-heal|p1a: Sinistcha|97/100|[from] drain|[of] p2a: $70 flutter
|-damage|p2b: jarchomp|37/100
|-heal|p1a: Sinistcha|100/100|[from] drain|[of] p2b: jarchomp
|
|-heal|p1b: Milotic|74/100|[from] item: Leftovers
|upkeep
|turn|8
|
|t:|1784019545
|switch|p2b: BIRDD|Talonflame, L50, M|100/100
|cant|p2a: $70 flutter|slp
|move|p1b: Milotic|Muddy Water|p2b: BIRDD|[spread] p2a,p2b
|-supereffective|p2b: BIRDD|1
|-damage|p2a: $70 flutter|1/100 slp
|-damage|p2b: BIRDD|33/100
|move|p1a: Sinistcha|Trick Room|p1a: Sinistcha
|-fieldstart|move: Trick Room|[of] p1a: Sinistcha
|
|-heal|p1b: Milotic|80/100|[from] item: Leftovers
|-sideend|p1: KingNoahC17|Reflect
|upkeep
|turn|9
|-message|castoriceball forfeited.
|
|win|KingNoahC17
