|j|☆EggEngines2
|j|☆5NitesAtTrickRoom
|html|EggEngines25NitesAtTrickRoom    
|uhtml|bestof|Game 2 of a best-of-3
|t:|1757726427
|gametype|doubles
|player|p1|EggEngines2|collector|
|player|p2|5NitesAtTrickRoom|hilbert|
|gen|9
|tier|[Gen 9] VGC 2025 Reg H (Bo3)
|rule|Species Clause: Limit one of each Pokémon
|rule|Item Clause: Limit 1 of each item
|clearpoke
|poke|p1|Sneasler, L50, F|
|poke|p1|Indeedee, L50, M|
|poke|p1|Ursaluna-Bloodmoon, L50, M|
|poke|p1|Whimsicott, L50, M|
|poke|p1|Dondozo, L50, F|
|poke|p1|Tatsugiri, L50, F|
|poke|p2|Pelipper, L50, M|
|poke|p2|Archaludon, L50, F|
|poke|p2|Sinistcha-Masterpiece, L50|
|poke|p2|Maushold, L50|
|poke|p2|Basculegion, L50, M|
|poke|p2|Kingambit, L50, F|
|teampreview|4
|showteam|p1|Sneasler||PsychicSeed|Unburden|CloseCombat,DireClaw,ThroatChop,Protect|||F|||50|,,,,,Dark]Indeedee||FocusSash|PsychicSurge|ExpandingForce,TrickRoom,HelpingHand,Protect|||M|||50|,,,,,Psychic]Ursaluna-Bloodmoon||LifeOrb|MindsEye|BloodMoon,HyperVoice,EarthPower,Protect|||M|||50|,,,,,Normal]Whimsicott||CovertCloak|Prankster|Moonblast,Tailwind,LightScreen,Encore|||M|||50|,,,,,Poison]Dondozo||Leftovers|Unaware|Protect,Earthquake,WaveCrash,OrderUp|||F|||50|,,,,,Grass]Tatsugiri||ChoiceScarf|Commander|DracoMeteor,HelpingHand,MuddyWater,DragonPulse|||F|||50|,,,,,Steel
|showteam|p2|Pelipper||FocusSash|Drizzle|WeatherBall,Hurricane,Tailwind,Protect|||M|||50|,,,,,Grass]Archaludon||AssaultVest|Stamina|FlashCannon,BodyPress,ElectroShot,Snarl|||F|||50|,,,,,Fighting]Sinistcha-Masterpiece||SitrusBerry|Hospitality|RagePowder,MatchaGotcha,TrickRoom,LifeDew||||||50|,,,,,Water]Maushold||WideLens|Technician|Protect,Taunt,PopulationBomb,FollowMe||||||50|,,,,,Ghost]Basculegion||ChoiceScarf|Adaptability|WaveCrash,LastRespects,AquaJet,FlipTurn|||M|||50|,,,,,Water]Kingambit||SafetyGoggles|Defiant|KowtowCleave,SuckerPunch,SwordsDance,Protect|||F|||50|,,,,,Dark
|
|t:|1757726449
|teamsize|p1|4
|teamsize|p2|4
|start
|switch|p1a: Whimsicott|Whimsicott, L50, M, shiny|100/100
|switch|p1b: Ursaluna|Ursaluna-Bloodmoon, L50, M|100/100
|switch|p2a: Maushold|Maushold, L50|100/100
|switch|p2b: Basculegion|Basculegion, L50, M|100/100
|turn|1
|
|t:|1757726469
|-terastallize|p1b: Ursaluna|Normal
|move|p1a: Whimsicott|Tailwind|p1a: Whimsicott
|-sidestart|p1: EggEngines2|move: Tailwind
|move|p1b: Ursaluna|Blood Moon|p2b: Basculegion
|-damage|p2b: Basculegion|0 fnt
|faint|p2b: Basculegion
|-damage|p1b: Ursaluna|91/100|[from] item: Life Orb
|move|p2a: Maushold|Population Bomb|p1b: Ursaluna
|-damage|p1b: Ursaluna|81/100
|-damage|p1b: Ursaluna|73/100
|-damage|p1b: Ursaluna|63/100
|-damage|p1b: Ursaluna|54/100
|-damage|p1b: Ursaluna|45/100
|-damage|p1b: Ursaluna|36/100
|-damage|p1b: Ursaluna|27/100
|-damage|p1b: Ursaluna|17/100
|-damage|p1b: Ursaluna|9/100
|-damage|p1b: Ursaluna|0 fnt
|faint|p1b: Ursaluna
|-hitcount|p1: Ursaluna|10
|
|upkeep
|c|☆EggEngines2|does that always kill?
|
|t:|1757726496
|switch|p2b: Sinistcha|Sinistcha-Masterpiece, L50|100/100
|switch|p1b: Dondozo|Dondozo, L50, F|100/100
|turn|2
|c|☆5NitesAtTrickRoom|it should if its the turbo bear
|c|☆5NitesAtTrickRoom|after lorb chip
|
|t:|1757726528
|move|p1b: Dondozo|Protect|p1b: Dondozo
|-singleturn|p1b: Dondozo|Protect
|move|p1a: Whimsicott|Moonblast|p2b: Sinistcha
|-damage|p2b: Sinistcha|75/100
|move|p2a: Maushold|Population Bomb|p1a: Whimsicott|[miss]
|-miss|p2a: Maushold|p1a: Whimsicott
|move|p2b: Sinistcha|Trick Room|p2b: Sinistcha
|-fieldstart|move: Trick Room|[of] p2b: Sinistcha
|
|upkeep
|turn|3
|
|t:|1757726550
|move|p2a: Maushold|Follow Me|p2a: Maushold
|-singleturn|p2a: Maushold|move: Follow Me
|move|p1a: Whimsicott|Encore|p2a: Maushold
|-start|p2a: Maushold|Encore
|move|p2b: Sinistcha|Matcha Gotcha|p1b: Dondozo|[spread] p1a,p1b
|-resisted|p1a: Whimsicott
|-supereffective|p1b: Dondozo
|-damage|p1a: Whimsicott|83/100
|-heal|p2b: Sinistcha|83/100|[from] drain|[of] p1a: Whimsicott
|-damage|p1b: Dondozo|58/100
|-heal|p2b: Sinistcha|100/100|[from] drain|[of] p1b: Dondozo
|move|p1b: Dondozo|Wave Crash|p2a: Maushold
|-damage|p2a: Maushold|28/100
|-damage|p1b: Dondozo|42/100|[from] Recoil
|
|-heal|p1b: Dondozo|48/100|[from] item: Leftovers
|upkeep
|turn|4
|
|t:|1757726574
|move|p1b: Dondozo|Protect|p1b: Dondozo
|-singleturn|p1b: Dondozo|Protect
|move|p2a: Maushold|Follow Me|p2a: Maushold
|-singleturn|p2a: Maushold|move: Follow Me
|move|p2b: Sinistcha|Matcha Gotcha|p1a: Whimsicott|[spread] 
|-activate|p1b: Dondozo|move: Protect
|-miss|p2b: Sinistcha|p1a: Whimsicott
|move|p1a: Whimsicott|Moonblast|p2a: Maushold
|-damage|p2a: Maushold|0 fnt
|faint|p2a: Maushold
|
|-heal|p1b: Dondozo|54/100|[from] item: Leftovers
|-sideend|p1: EggEngines2|move: Tailwind
|upkeep
|
|t:|1757726576
|switch|p2a: Pelipper|Pelipper, L50, M, shiny|100/100
|-weather|RainDance|[from] ability: Drizzle|[of] p2a: Pelipper
|turn|5
|
|t:|1757726601
|move|p1a: Whimsicott|Light Screen|p1a: Whimsicott
|-sidestart|p1: EggEngines2|move: Light Screen
|move|p2b: Sinistcha|Matcha Gotcha|p1a: Whimsicott|[spread] p1b
|-miss|p2b: Sinistcha|p1a: Whimsicott
|-supereffective|p1b: Dondozo
|-damage|p1b: Dondozo|29/100
|-status|p1b: Dondozo|brn
|move|p1b: Dondozo|Wave Crash|p2a: Pelipper
|-resisted|p2a: Pelipper
|-damage|p2a: Pelipper|80/100
|-damage|p1b: Dondozo|25/100 brn|[from] Recoil
|move|p2a: Pelipper|Hurricane|p1b: Dondozo
|-damage|p1b: Dondozo|0 fnt
|faint|p1b: Dondozo
|
|-weather|RainDance|[upkeep]
|upkeep
|
|t:|1757726613
|switch|p1b: Tatsugiri|Tatsugiri, L50, F|100/100
|turn|6
|
|t:|1757726625
|move|p2b: Sinistcha|Matcha Gotcha|p1b: Tatsugiri|[spread] p1a,p1b
|-resisted|p1a: Whimsicott
|-damage|p1a: Whimsicott|72/100
|-damage|p1b: Tatsugiri|79/100
|-status|p1b: Tatsugiri|brn
|move|p2a: Pelipper|Hurricane|p1a: Whimsicott
|-supereffective|p1a: Whimsicott
|-damage|p1a: Whimsicott|0 fnt
|faint|p1a: Whimsicott
|move|p1b: Tatsugiri|Draco Meteor|p2b: Sinistcha
|-damage|p2b: Sinistcha|41/100
|-unboost|p1b: Tatsugiri|spa|2
|-enditem|p2b: Sinistcha|Sitrus Berry|[eat]
|-heal|p2b: Sinistcha|66/100|[from] item: Sitrus Berry
|
|-weather|RainDance|[upkeep]
|-damage|p1b: Tatsugiri|73/100 brn|[from] brn
|-fieldend|move: Trick Room
|upkeep
|turn|7
|
|t:|1757726644
|move|p1b: Tatsugiri|Draco Meteor|p2b: Sinistcha
|-damage|p2b: Sinistcha|38/100
|-unboost|p1b: Tatsugiri|spa|2
|move|p2a: Pelipper|Hurricane|p1b: Tatsugiri
|-damage|p1b: Tatsugiri|29/100 brn
|move|p2b: Sinistcha|Matcha Gotcha|p1b: Tatsugiri
|-damage|p1b: Tatsugiri|0 fnt
|-heal|p2b: Sinistcha|50/100|[from] drain|[of] p1b: Tatsugiri
|faint|p1b: Tatsugiri
|
|win|5NitesAtTrickRoom
||EggEngines2 is ready for game 3.
|inactive|5NitesAtTrickRoom has 30 seconds to confirm battle start!
||5NitesAtTrickRoom is ready for game 3.
|uhtml|next|Next: Game 3 of 3
