|j|☆Drilo
|j|☆1#MiraidonHater
|html|Drilo1#MiraidonHater    
|uhtml|bestof|Game 1 of a best-of-3
|t:|1782385260
|gametype|doubles
|player|p1|Drilo|veteran|1040
|player|p2|1#MiraidonHater|volkner|1132
|gen|9
|tier|[Gen 9 Champions] VGC 2026 Reg M-B (Bo3)
|rated|
|rule|Species Clause: Limit one of each Pokémon
|rule|Item Clause: Limit 1 of each item
|clearpoke
|poke|p1|Pyroar, L50, M|
|poke|p1|Whimsicott, L50, M|
|poke|p1|Basculegion, L50, M|
|poke|p1|Farigiraf, L50, M|
|poke|p1|Floette-Eternal, L50, F|
|poke|p1|Ninetales, L50, F, shiny|
|poke|p2|Dragalge, L50, F|
|poke|p2|Floette-Eternal, L50, F|
|poke|p2|Corviknight, L50, M|
|poke|p2|Incineroar, L50, M|
|poke|p2|Hydreigon, L50, M|
|poke|p2|Sinistcha, L50|
|teampreview|4
|showteam|p1|Pyroar||Pyroarite|Unnerve|HeatWave,HyperVoice,ScorchingSands,Protect|Timid||M|||50|]Whimsicott||FocusSash|Prankster|Tailwind,SunnyDay,Protect,Moonblast|Timid||M|||50|]Basculegion||LifeOrb|Adaptability|WaveCrash,AquaJet,LastRespects,Protect|Jolly||M|||50|]Farigiraf||SitrusBerry|ArmorTail|TwinBeam,Thunderbolt,HelpingHand,TrickRoom|Calm||M|||50|]Floette-Eternal||Floettite|FlowerVeil|LightofRuin,Moonblast,DazzlingGleam,Protect|Timid||F|||50|]Ninetales||ChoiceScarf|Drought|FakeTears,HeatWave,SolarBeam,Overheat|Timid||F|||50|
|showteam|p2|Dragalge||Dragalgite|PoisonPoint|Venoshock,DracoMeteor,Toxic,Protect|Bold||F|||50|]Floette-Eternal||Floettite|FlowerVeil|DrainingKiss,DazzlingGleam,CalmMind,Protect|Timid||F|||50|]Corviknight||Leftovers|MirrorArmor|BodyPress,Tailwind,BraveBird,Roost|Impish||M|||50|]Incineroar||ChopleBerry|Intimidate|FlareBlitz,ThroatChop,FakeOut,PartingShot|Impish||M|||50|]Hydreigon||ChoiceScarf|Levitate|DarkPulse,DracoMeteor,EarthPower,Snarl|Modest||M|||50|]Sinistcha||SitrusBerry|Hospitality|MatchaGotcha,RagePowder,LifeDew,TrickRoom|Calm|||||50|
|inactive|Battle timer is ON: inactive players will automatically lose when time's up. (requested by Drilo)
|
|t:|1782385330
|teamsize|p1|4
|teamsize|p2|4
|start
|switch|p1a: Pyroar|Pyroar, L50, M|100/100
|switch|p1b: Whimsicott|Whimsicott, L50, M|100/100
|switch|p2a: Hydreigon|Hydreigon, L50, M|100/100
|switch|p2b: Dragalge|Dragalge, L50, F|100/100
|-ability|p1a: Pyroar|Unnerve
|turn|1
|inactive|Drilo has 30 seconds left.
|inactive|1#MiraidonHater has 30 seconds left.
|j| porygon-epilepz
|
|t:|1782385364
|detailschange|p1a: Pyroar|Pyroar-Mega, L50, M
|-mega|p1a: Pyroar|Pyroar|Pyroarite
|detailschange|p2b: Dragalge|Dragalge-Mega, L50, F
|-mega|p2b: Dragalge|Dragalge|Dragalgite
|move|p1a: Pyroar|Protect|p1a: Pyroar
|-singleturn|p1a: Pyroar|Protect
|move|p2a: Hydreigon|Snarl|p1b: Whimsicott|[spread] p1b
|-activate|p1a: Pyroar|move: Protect
|-resisted|p1b: Whimsicott|1
|-damage|p1b: Whimsicott|82/100
|-unboost|p1b: Whimsicott|spa|1
|move|p1b: Whimsicott|Moonblast|p2a: Hydreigon
|-supereffective|p2a: Hydreigon|2
|-damage|p2a: Hydreigon|0 fnt
|faint|p2a: Hydreigon
|move|p2b: Dragalge|Venoshock|p1b: Whimsicott
|-supereffective|p1b: Whimsicott|2
|-damage|p1b: Whimsicott|0 fnt
|faint|p1b: Whimsicott
|
|upkeep
|
|t:|1782385386
|switch|p1b: Farigiraf|Farigiraf, L50, M|100/100
|switch|p2a: Incineroar|Incineroar, L50, M|100/100
|-ability|p2a: Incineroar|Intimidate|boost
|-unboost|p1a: Pyroar|atk|1
|-unboost|p1b: Farigiraf|atk|1
|turn|2
|inactive|1#MiraidonHater has 30 seconds left.
|
|t:|1782385411
|move|p1b: Farigiraf|Helping Hand|p1a: Pyroar
|-singleturn|p1a: Pyroar|Helping Hand|[of] p1b: Farigiraf
|move|p1a: Pyroar|Scorching Sands|p2a: Incineroar
|-supereffective|p2a: Incineroar|1
|-damage|p2a: Incineroar|27/100
|move|p2a: Incineroar|Throat Chop|p1b: Farigiraf
|-supereffective|p1b: Farigiraf|1
|-damage|p1b: Farigiraf|51/100
|-start|p1b: Farigiraf|Throat Chop|[silent]
|move|p2b: Dragalge|Toxic|p1a: Pyroar
|-status|p1a: Pyroar|tox
|
|-damage|p1a: Pyroar|93/100 tox|[from] psn
|upkeep
|turn|3
|inactive|Drilo has 30 seconds left.
|inactive|Drilo has 20 seconds left.
|
|t:|1782385451
|switch|p2a: Sinistcha|Sinistcha, L50|100/100
|move|p1b: Farigiraf|Helping Hand|p1a: Pyroar
|-singleturn|p1a: Pyroar|Helping Hand|[of] p1b: Farigiraf
|move|p1a: Pyroar|Heat Wave|p2b: Dragalge|[spread] p2a,p2b
|-supereffective|p2a: Sinistcha|1
|-crit|p2a: Sinistcha
|-resisted|p2b: Dragalge|1
|-damage|p2a: Sinistcha|0 fnt
|-damage|p2b: Dragalge|73/100
|faint|p2a: Sinistcha
|move|p2b: Dragalge|Venoshock|p1a: Pyroar
|-damage|p1a: Pyroar|18/100 tox
|
|-damage|p1a: Pyroar|6/100 tox|[from] psn
|-end|p1b: Farigiraf|Throat Chop|[silent]
|upkeep
|
|t:|1782385464
|switch|p2a: Incineroar|Incineroar, L50, M|27/100
|-ability|p2a: Incineroar|Intimidate|boost
|-unboost|p1a: Pyroar|atk|1
|-unboost|p1b: Farigiraf|atk|1
|turn|4
|
|t:|1782385473
|move|p1a: Pyroar|Heat Wave|p2b: Dragalge|[spread] p2a
|-miss|p1a: Pyroar|p2b: Dragalge
|-resisted|p2a: Incineroar|1
|-damage|p2a: Incineroar|2/100
|move|p1b: Farigiraf|Twin Beam|p2b: Dragalge
|-supereffective|p2b: Dragalge|1
|-damage|p2b: Dragalge|52/100
|-supereffective|p2b: Dragalge|1
|-damage|p2b: Dragalge|31/100
|-hitcount|p2b: Dragalge|2
|move|p2a: Incineroar|Throat Chop|p1b: Farigiraf
|-supereffective|p1b: Farigiraf|1
|-damage|p1b: Farigiraf|0 fnt
|faint|p1b: Farigiraf
|move|p2b: Dragalge|Toxic|p1a: Pyroar
|-fail|p1a: Pyroar|tox
|
|-damage|p1a: Pyroar|0 fnt|[from] psn
|faint|p1a: Pyroar
|upkeep
|
|t:|1782385485
|switch|p1b: Ninetales|Ninetales, L50, F, shiny|100/100
|-weather|SunnyDay|[from] ability: Drought|[of] p1b: Ninetales
|turn|5
|inactive|1#MiraidonHater has 30 seconds left.
|inactive|1#MiraidonHater has 20 seconds left.
|inactive|1#MiraidonHater has 15 seconds left.
|inactive|1#MiraidonHater has 10 seconds left.
|
|t:|1782385531
|move|p1b: Ninetales|Heat Wave|p2a: Incineroar|[spread] p2a
|-miss|p1b: Ninetales|p2b: Dragalge
|-resisted|p2a: Incineroar|1
|-damage|p2a: Incineroar|0 fnt
|faint|p2a: Incineroar
|move|p2b: Dragalge|Draco Meteor|p1b: Ninetales|[miss]
|-miss|p2b: Dragalge|p1b: Ninetales
|
|-weather|SunnyDay|[upkeep]
|upkeep
|turn|6
|
|t:|1782385543
|move|p1b: Ninetales|Heat Wave|p2b: Dragalge
|-resisted|p2b: Dragalge|1
|-damage|p2b: Dragalge|12/100
|move|p2b: Dragalge|Draco Meteor|p1b: Ninetales|[miss]
|-miss|p2b: Dragalge|p1b: Ninetales
|
|-weather|SunnyDay|[upkeep]
|upkeep
|turn|7
|-message|1#MiraidonHater forfeited.
|
|win|Drilo
