|j|☆flubberbut
|j|☆Grogguu
|html|flubberbutGrogguu    
|uhtml|bestof|Game 3 of a best-of-3
|t:|1756426015
|gametype|doubles
|player|p1|flubberbut|benga|1144
|player|p2|Grogguu|zinzolin|1067
|gen|9
|tier|[Gen 9] VGC 2025 Reg H (Bo3)
|rated|
|rule|Species Clause: Limit one of each Pokémon
|rule|Item Clause: Limit 1 of each item
|clearpoke
|poke|p1|Gholdengo, L50|
|poke|p1|Dragonite, L50, M|
|poke|p1|Talonflame, L50, M|
|poke|p1|Ursaluna-Bloodmoon, L50, M|
|poke|p1|Dondozo, L50, F|
|poke|p1|Tatsugiri, L50, F|
|poke|p2|Sneasler, L50, F|
|poke|p2|Dragapult, L50, M|
|poke|p2|Primarina, L50, M|
|poke|p2|Rillaboom, L50, M|
|poke|p2|Kingambit, L50, M|
|poke|p2|Magmar, L50, F|
|teampreview|4
|showteam|p1|Gholdengo||ChoiceSpecs|GoodasGold|MakeItRain,PowerGem,ShadowBall,Trick||||||50|,,,,,Steel]Dragonite||ChoiceBand|InnerFocus|ExtremeSpeed,Outrage,LowKick,Earthquake|||M|||50|,,,,,Normal]Talonflame||ClearAmulet|GaleWings|Tailwind,FlareBlitz,BraveBird,WillOWisp|||M|||50|,,,,,Ghost]Ursaluna-Bloodmoon||LifeOrb|MindsEye|HyperVoice,EarthPower,BloodMoon,Protect|||M|||50|,,,,,Normal]Dondozo||SafetyGoggles|Unaware|Protect,WaveCrash,OrderUp,Earthquake|||F|||50|,,,,,Ghost]Tatsugiri||FocusSash|Commander|DracoMeteor,MuddyWater,Protect,MirrorCoat|||F|||50|,,,,,Fairy
|showteam|p2|Sneasler||WhiteHerb|Unburden|CloseCombat,DireClaw,FakeOut,Protect|||F|||50|,,,,,Stellar]Dragapult||ChoiceBand|ClearBody|DragonDarts,TeraBlast,PhantomForce,Uturn|||M|||50|,,,,,Ghost]Primarina||SitrusBerry|LiquidVoice|HyperVoice,Moonblast,Haze,Protect|||M|||50|,,,,,Water]Rillaboom||AssaultVest|GrassySurge|WoodHammer,GrassyGlide,KnockOff,FakeOut|||M|||50|,,,,,Fire]Kingambit||BlackGlasses|Defiant|KowtowCleave,SuckerPunch,SwordsDance,Protect|||M|||50|,,,,,Ghost]Magmar||Eviolite|VitalSpirit|Overheat,WillOWisp,FollowMe,Protect|||F|||50|,,,,,Ghost
|inactive|Battle timer is ON: inactive players will automatically lose when time's up. (requested by flubberbut)
|
|t:|1756426039
|teamsize|p1|4
|teamsize|p2|4
|start
|switch|p1a: Gholdengo|Gholdengo, L50|100/100
|switch|p1b: Talonflame|Talonflame, L50, M|100/100
|switch|p2a: Kingambit|Kingambit, L50, M|100/100
|switch|p2b: Magmar|Magmar, L50, F|100/100
|turn|1
|
|t:|1756426058
|move|p2a: Kingambit|Protect|p2a: Kingambit
|-singleturn|p2a: Kingambit|Protect
|move|p1b: Talonflame|Tailwind|p1b: Talonflame
|-sidestart|p1: flubberbut|move: Tailwind
|move|p1a: Gholdengo|Power Gem|p2b: Magmar
|-supereffective|p2b: Magmar
|-damage|p2b: Magmar|37/100
|move|p2b: Magmar|Overheat|p1a: Gholdengo
|-supereffective|p1a: Gholdengo
|-damage|p1a: Gholdengo|0 fnt
|-unboost|p2b: Magmar|spa|2
|faint|p1a: Gholdengo
|
|upkeep
|
|t:|1756426073
|switch|p1a: Dragonite|Dragonite, L50, M|100/100
|turn|2
|inactive|flubberbut has 30 seconds left.
|
|t:|1756426106
|switch|p1b: Ursaluna|Ursaluna-Bloodmoon, L50, M|100/100
|-terastallize|p2a: Kingambit|Ghost
|move|p1a: Dragonite|Earthquake|p2a: Kingambit|[spread] p1b,p2a,p2b
|-supereffective|p2b: Magmar
|-damage|p1b: Ursaluna|71/100
|-damage|p2a: Kingambit|70/100
|-damage|p2b: Magmar|0 fnt
|faint|p2b: Magmar
|move|p2a: Kingambit|Swords Dance|p2a: Kingambit
|-boost|p2a: Kingambit|atk|2
|
|upkeep
|
|t:|1756426117
|switch|p2b: Dragapult|Dragapult, L50, M|100/100
|turn|3
|
|t:|1756426135
|switch|p2b: Rillaboom|Rillaboom, L50, M|100/100
|-fieldstart|move: Grassy Terrain|[from] ability: Grassy Surge|[of] p2b: Rillaboom
|-terastallize|p1a: Dragonite|Normal
|move|p1b: Ursaluna|Protect|p1b: Ursaluna
|-singleturn|p1b: Ursaluna|Protect
|move|p2a: Kingambit|Sucker Punch||[still]
|-fail|p2a: Kingambit
|move|p1a: Dragonite|Earthquake|p2a: Kingambit|[spread] p2a,p2b
|-activate|p1b: Ursaluna|move: Protect
|-resisted|p2b: Rillaboom
|-damage|p2a: Kingambit|55/100
|-damage|p2b: Rillaboom|91/100
|
|-heal|p1b: Ursaluna|77/100|[from] Grassy Terrain
|-heal|p2b: Rillaboom|97/100|[from] Grassy Terrain
|-heal|p2a: Kingambit|61/100|[from] Grassy Terrain
|upkeep
|turn|4
|
|t:|1756426155
|switch|p1b: Talonflame|Talonflame, L50, M|100/100
|move|p2b: Rillaboom|Grassy Glide|p1b: Talonflame
|-resisted|p1b: Talonflame
|-damage|p1b: Talonflame|85/100
|move|p1a: Dragonite|Earthquake|p2b: Rillaboom|[spread] p2a,p2b
|-immune|p1b: Talonflame
|-resisted|p2b: Rillaboom
|-damage|p2a: Kingambit|45/100
|-damage|p2b: Rillaboom|86/100
|move|p2a: Kingambit|Kowtow Cleave|p1a: Dragonite
|-damage|p1a: Dragonite|0 fnt
|faint|p1a: Dragonite
|
|-heal|p2b: Rillaboom|92/100|[from] Grassy Terrain
|-heal|p2a: Kingambit|51/100|[from] Grassy Terrain
|-sideend|p1: flubberbut|move: Tailwind
|upkeep
|
|t:|1756426167
|switch|p1a: Ursaluna|Ursaluna-Bloodmoon, L50, M|77/100
|turn|5
|
|t:|1756426180
|move|p1a: Ursaluna|Protect|p1a: Ursaluna
|-singleturn|p1a: Ursaluna|Protect
|move|p2a: Kingambit|Protect|p2a: Kingambit
|-singleturn|p2a: Kingambit|Protect
|move|p2b: Rillaboom|Grassy Glide|p1a: Ursaluna
|-activate|p1a: Ursaluna|move: Protect
|move|p1b: Talonflame|Will-O-Wisp|p2a: Kingambit
|-activate|p2a: Kingambit|move: Protect
|
|-heal|p2b: Rillaboom|98/100|[from] Grassy Terrain
|-heal|p1a: Ursaluna|83/100|[from] Grassy Terrain
|-heal|p2a: Kingambit|57/100|[from] Grassy Terrain
|upkeep
|turn|6
|
|t:|1756426203
|move|p2b: Rillaboom|Grassy Glide|p1a: Ursaluna
|-supereffective|p1a: Ursaluna
|-damage|p1a: Ursaluna|19/100
|move|p2a: Kingambit|Sucker Punch|p1a: Ursaluna
|-damage|p1a: Ursaluna|0 fnt
|faint|p1a: Ursaluna
|move|p1b: Talonflame|Tailwind|p1b: Talonflame
|-sidestart|p1: flubberbut|move: Tailwind
|
|-heal|p2b: Rillaboom|100/100|[from] Grassy Terrain
|-heal|p2a: Kingambit|63/100|[from] Grassy Terrain
|upkeep
|turn|7
|-message|flubberbut forfeited.
|
|win|Grogguu
|raw|flubberbut's rating: 1144 → 1114(-30 for losing)
|raw|Grogguu's rating: 1067 → 1103(+36 for winning)
|l|☆flubberbut
|player|p1|
