|j|☆Okami_6
|j|☆MR. HEROW
|html|Okami_6MR. HEROW    
|uhtml|bestof|Game 1 of a best-of-3
|t:|1756594645
|gametype|doubles
|player|p1|Okami_6|perrin|1000
|player|p2|MR. HEROW|1|1040
|gen|9
|tier|[Gen 9] VGC 2025 Reg H (Bo3)
|rated|
|rule|Species Clause: Limit one of each Pokémon
|rule|Item Clause: Limit 1 of each item
|clearpoke
|poke|p1|Dragonite, L50, M|
|poke|p1|Gholdengo, L50|
|poke|p1|Talonflame, L50, F|
|poke|p1|Glimmora, L50, F|
|poke|p1|Dondozo, L50, M|
|poke|p1|Tatsugiri, L50, F|
|poke|p2|Porygon2, L50|
|poke|p2|Golem-Alola, L50, M|
|poke|p2|Ursaluna-Bloodmoon, L50, M|
|poke|p2|Vikavolt, L50, F|
|poke|p2|Annihilape, L50, F|
|poke|p2|Dragapult, L50, F|
|teampreview|4
|showteam|p1|Dragonite||LoadedDice|InnerFocus|ExtremeSpeed,ScaleShot,StompingTantrum,Protect|||M|||50|,,,,,Normal]Gholdengo||ChoiceSpecs|GoodasGold|MakeItRain,ShadowBall,Thunderbolt,Trick||||||50|,,,,,Steel]Talonflame||CovertCloak|GaleWings|Tailwind,Taunt,BraveBird,WillOWisp|||F|||50|,,,,,Flying]Glimmora||FocusSash|ToxicDebris|SludgeBomb,EarthPower,MortalSpin,SpikyShield|||F|||50|,,,,,Grass]Dondozo||Leftovers|Unaware|OrderUp,WaveCrash,Earthquake,Protect|||M|||50|,,,,,Grass]Tatsugiri||ChoiceScarf|Commander|DracoMeteor,MuddyWater,IcyWind,DragonPulse|||F|||50|,,,,,Water
|showteam|p2|Porygon2||Eviolite|Download|IceBeam,TeraBlast,TrickRoom,Recover||||||50|,,,,,Ground]Golem-Alola||AirBalloon|Galvanize|DoubleEdge,Explosion,Protect,TeraBlast|||M|||50|,,,,,Water]Ursaluna-Bloodmoon||LifeOrb|MindsEye|BloodMoon,HyperVoice,EarthPower,Protect|||M|||50|,,,,,Normal]Vikavolt||AssaultVest|Levitate|Discharge,BugBuzz,Thunderbolt,StruggleBug|||F|||50|,,,,,Ghost]Annihilape||ChoiceScarf|Defiant|CloseCombat,RageFist,DrainPunch,FinalGambit|||F|||50|,,,,,Fighting]Dragapult||ChoiceBand|Infiltrator|DragonDarts,Uturn,DragonClaw,PhantomForce|||F|||50|,,,,,Dragon
|inactive|Battle timer is ON: inactive players will automatically lose when time's up. (requested by MR. HEROW)
|
|t:|1756594685
|teamsize|p1|4
|teamsize|p2|4
|start
|switch|p1a: Dondozo|Dondozo, L50, M|100/100
|switch|p1b: Tatsugiri|Tatsugiri, L50, F|100/100
|switch|p2a: Annihilape|Annihilape, L50, F|100/100
|switch|p2b: Dragapult|Dragapult, L50, F|100/100
|-activate|p1b: Tatsugiri|ability: Commander|[of] p1a: Dondozo
|-boost|p1a: Dondozo|atk|2
|-boost|p1a: Dondozo|spa|2
|-boost|p1a: Dondozo|spe|2
|-boost|p1a: Dondozo|def|2
|-boost|p1a: Dondozo|spd|2
|turn|1
|inactive|MR. HEROW has 30 seconds left.
|inactive|MR. HEROW has 20 seconds left.
|inactive|MR. HEROW has 15 seconds left.
|
|t:|1756594726
|move|p1a: Dondozo|Protect|p1a: Dondozo
|-singleturn|p1a: Dondozo|Protect
|move|p2b: Dragapult|Phantom Force||[still]
|-prepare|p2b: Dragapult|Phantom Force
|move|p2a: Annihilape|Final Gambit|p1a: Dondozo
|-activate|p1a: Dondozo|move: Protect
|
|upkeep
|turn|2
|
|t:|1756594738
|move|p2b: Dragapult|Phantom Force|p1a: Dondozo|[from] lockedmove
|-damage|p1a: Dondozo|77/100
|move|p2a: Annihilape|Final Gambit|p1a: Dondozo
|-damage|p1a: Dondozo|0 fnt
|faint|p2a: Annihilape
|faint|p1a: Dondozo
|
|upkeep
|
|t:|1756594748
|switch|p2a: Ursaluna|Ursaluna-Bloodmoon, L50, M|100/100
|switch|p1a: Talonflame|Talonflame, L50, F|100/100
|turn|3
|inactive|MR. HEROW has 30 seconds left.
|
|t:|1756594777
|switch|p2b: Golem|Golem-Alola, L50, M|100/100
|-item|p2b: Golem|Air Balloon
|-terastallize|p2a: Ursaluna|Normal
|move|p1a: Talonflame|Tailwind|p1a: Talonflame
|-sidestart|p1: Okami_6|move: Tailwind
|move|p1b: Tatsugiri|Muddy Water|p2b: Golem|[spread] p2a
|-miss|p1b: Tatsugiri|p2b: Golem
|-damage|p2a: Ursaluna|64/100
|move|p2a: Ursaluna|Hyper Voice|p1b: Tatsugiri|[spread] p1a,p1b
|-damage|p1a: Talonflame|0 fnt
|-damage|p1b: Tatsugiri|10/100
|faint|p1a: Talonflame
|-damage|p2a: Ursaluna|54/100|[from] item: Life Orb
|
|upkeep
|
|t:|1756594788
|switch|p1a: Dragonite|Dragonite, L50, M|100/100
|turn|4
|
|t:|1756594811
|move|p2a: Ursaluna|Protect|p2a: Ursaluna
|-singleturn|p2a: Ursaluna|Protect
|move|p2b: Golem|Protect|p2b: Golem
|-singleturn|p2b: Golem|Protect
|move|p1b: Tatsugiri|Muddy Water|p2b: Golem|[spread] 
|-activate|p2a: Ursaluna|move: Protect
|-activate|p2b: Golem|move: Protect
|move|p1a: Dragonite|Stomping Tantrum|p2b: Golem
|-activate|p2b: Golem|move: Protect
|
|upkeep
|turn|5
|
|t:|1756594833
|switch|p2b: Dragapult|Dragapult, L50, F|100/100
|-terastallize|p1b: Tatsugiri|Water
|move|p1b: Tatsugiri|Muddy Water|p2a: Ursaluna|[spread] p2a,p2b
|-crit|p2a: Ursaluna
|-resisted|p2b: Dragapult
|-damage|p2a: Ursaluna|0 fnt
|-damage|p2b: Dragapult|68/100
|-unboost|p2b: Dragapult|accuracy|1
|faint|p2a: Ursaluna
|move|p1a: Dragonite|Scale Shot|p2b: Dragapult
|-supereffective|p2b: Dragapult
|-damage|p2b: Dragapult|24/100
|-supereffective|p2b: Dragapult
|-damage|p2b: Dragapult|0 fnt
|faint|p2b: Dragapult
|-hitcount|p2: Dragapult|2
|-unboost|p1a: Dragonite|def|1
|-boost|p1a: Dragonite|spe|1
|
|upkeep
|
|t:|1756594839
|switch|p2b: Golem|Golem-Alola, L50, M|100/100
|-item|p2b: Golem|Air Balloon
|turn|6
|
|t:|1756594847
|move|p2b: Golem|Protect|p2b: Golem
|-singleturn|p2b: Golem|Protect
|move|p1b: Tatsugiri|Muddy Water|p2b: Golem
|-activate|p2b: Golem|move: Protect
|move|p1a: Dragonite|Scale Shot|p2b: Golem
|-activate|p2b: Golem|move: Protect
|
|-sideend|p1: Okami_6|move: Tailwind
|upkeep
|turn|7
|
|t:|1756594849
|move|p1b: Tatsugiri|Muddy Water|p2b: Golem
|-supereffective|p2b: Golem
|-damage|p2b: Golem|0 fnt
|-enditem|p2b: Golem|Air Balloon
|faint|p2b: Golem
|
|win|Okami_6
||MR. HEROW is ready for game 2.
||Okami_6 is ready for game 2.
|uhtml|next|Next: Game 2 of 3
|l|☆MR. HEROW
|player|p2|
