|j|☆bassacucina777
|j|☆fifthtimesthecharm
|html|bassacucina777fifthtimesthecharm    
|uhtml|bestof|Game 2 of a best-of-3
|t:|1756625468
|gametype|doubles
|player|p1|bassacucina777|170|1141
|player|p2|fifthtimesthecharm|marshal|1118
|gen|9
|tier|[Gen 9] VGC 2025 Reg H (Bo3)
|rated|
|rule|Species Clause: Limit one of each Pokémon
|rule|Item Clause: Limit 1 of each item
|clearpoke
|poke|p1|Ceruledge, L50, M|
|poke|p1|Rillaboom, L50, M|
|poke|p1|Dondozo, L50, F|
|poke|p1|Electabuzz, L50, M|
|poke|p1|Tyranitar, L50, F|
|poke|p1|Ursaluna-Bloodmoon, L50, M|
|poke|p2|Tyranitar, L50, M|
|poke|p2|Amoonguss, L50, M|
|poke|p2|Incineroar, L50, F|
|poke|p2|Gholdengo, L50|
|poke|p2|Porygon2, L50|
|poke|p2|Ursaluna, L50, F|
|teampreview|4
|showteam|p1|Ceruledge||GrassySeed|FlashFire|BitterBlade,ShadowSneak,SwordsDance,Protect|||M|||50|,,,,,Grass]Rillaboom||MiracleSeed|GrassySurge|DrumBeating,KnockOff,GrassyGlide,FakeOut|||M|||50|,,,,,Fire]Dondozo||Leftovers|Unaware|WaveCrash,Fissure,Yawn,Protect|||F|||50|,,,,,Poison]Electabuzz||Eviolite|VitalSpirit|Electroweb,Taunt,FollowMe,Protect|||M|||50|,,,,,Dragon]Tyranitar||AssaultVest|SandStream|TeraBlast,RockSlide,KnockOff,LowKick|||F|||50|,,,,,Flying]Ursaluna-Bloodmoon||LifeOrb|MindsEye|BloodMoon,HyperVoice,EarthPower,Protect|||M|||50|,,,,,Normal
|showteam|p2|Tyranitar||AssaultVest|SandStream|RockSlide,KnockOff,LowKick,TeraBlast|||M|||50|,,,,,Flying]Amoonguss||SitrusBerry|Regenerator|Spore,PollenPuff,RagePowder,Protect|||M|||50|,,,,,Psychic]Incineroar||SafetyGoggles|Intimidate|FlareBlitz,KnockOff,FakeOut,PartingShot|||F|||50|,,,,,Grass]Gholdengo||Leftovers|GoodasGold|MakeItRain,ShadowBall,NastyPlot,Protect||||||50|,,,,,Dragon]Porygon2||Eviolite|Download|TeraBlast,IceBeam,Recover,TrickRoom||||||50|,,,,,Flying]Ursaluna||FlameOrb|Guts|Facade,Earthquake,HeadlongRush,Protect|||F|||50|,,,,,Ghost
|inactive|Battle timer is ON: inactive players will automatically lose when time's up. (requested by fifthtimesthecharm)
|inactive|fifthtimesthecharm has 60 seconds left.
|
|t:|1756625504
|teamsize|p1|4
|teamsize|p2|4
|start
|switch|p1a: Ceruledge|Ceruledge, L50, M|100/100
|switch|p1b: Rillaboom|Rillaboom, L50, M|100/100
|switch|p2a: Porygon2|Porygon2, L50, shiny|100/100
|switch|p2b: Incineroar|Incineroar, L50, F|100/100
|-fieldstart|move: Grassy Terrain|[from] ability: Grassy Surge|[of] p1b: Rillaboom
|-enditem|p1a: Ceruledge|Grassy Seed
|-boost|p1a: Ceruledge|def|1|[from] item: Grassy Seed
|-ability|p2b: Incineroar|Intimidate|boost
|-unboost|p1a: Ceruledge|atk|1
|-unboost|p1b: Rillaboom|atk|1
|-ability|p2a: Porygon2|Download|boost
|-boost|p2a: Porygon2|spa|1
|turn|1
|
|t:|1756625522
|-terastallize|p1a: Ceruledge|Grass
|move|p1b: Rillaboom|Fake Out|p2a: Porygon2
|-damage|p2a: Porygon2|95/100
|move|p1a: Ceruledge|Swords Dance|p1a: Ceruledge
|-boost|p1a: Ceruledge|atk|2
|move|p2b: Incineroar|Parting Shot|p1a: Ceruledge
|-unboost|p1a: Ceruledge|atk|1
|-unboost|p1a: Ceruledge|spa|1
|
|t:|1756625530
|switch|p2b: Amoonguss|Amoonguss, L50, M, shiny|100/100|[from] Parting Shot
|cant|p2a: Porygon2|flinch
|
|-heal|p2a: Porygon2|100/100|[from] Grassy Terrain
|upkeep
|turn|2
|
|t:|1756625553
|switch|p2b: Incineroar|Incineroar, L50, F|100/100
|-ability|p2b: Incineroar|Intimidate|boost
|-unboost|p1a: Ceruledge|atk|1
|-unboost|p1b: Rillaboom|atk|1
|move|p1b: Rillaboom|Knock Off|p2b: Incineroar
|-resisted|p2b: Incineroar
|-damage|p2b: Incineroar|95/100
|-enditem|p2b: Incineroar|Safety Goggles|[from] move: Knock Off|[of] p1b: Rillaboom
|move|p1a: Ceruledge|Swords Dance|p1a: Ceruledge
|-boost|p1a: Ceruledge|atk|2
|move|p2a: Porygon2|Trick Room|p2a: Porygon2
|-fieldstart|move: Trick Room|[of] p2a: Porygon2
|
|-heal|p2b: Incineroar|100/100|[from] Grassy Terrain
|upkeep
|turn|3
|inactive|bassacucina777 has 30 seconds left.
|inactive|bassacucina777 has 20 seconds left.
|
|t:|1756625593
|move|p2a: Porygon2|Ice Beam|p1a: Ceruledge
|-supereffective|p1a: Ceruledge
|-damage|p1a: Ceruledge|30/100
|move|p2b: Incineroar|Flare Blitz|p1b: Rillaboom
|-supereffective|p1b: Rillaboom
|-damage|p1b: Rillaboom|11/100
|-damage|p2b: Incineroar|71/100|[from] Recoil
|move|p1a: Ceruledge|Bitter Blade|p2a: Porygon2
|-damage|p2a: Porygon2|65/100
|-heal|p1a: Ceruledge|49/100|[from] drain|[of] p2a: Porygon2
|move|p1b: Rillaboom|Knock Off|p2b: Incineroar
|-resisted|p2b: Incineroar
|-damage|p2b: Incineroar|67/100
|
|-heal|p2a: Porygon2|71/100|[from] Grassy Terrain
|-heal|p2b: Incineroar|73/100|[from] Grassy Terrain
|-heal|p1a: Ceruledge|55/100|[from] Grassy Terrain
|-heal|p1b: Rillaboom|17/100|[from] Grassy Terrain
|upkeep
|turn|4
|inactive|bassacucina777 has 30 seconds left.
|
|t:|1756625623
|switch|p2b: Ursaluna|Ursaluna, L50, F, shiny|100/100
|switch|p1b: Electabuzz|Electabuzz, L50, M|100/100
|move|p2a: Porygon2|Ice Beam|p1b: Electabuzz
|-damage|p1b: Electabuzz|67/100
|move|p1a: Ceruledge|Bitter Blade|p2a: Porygon2
|-damage|p2a: Porygon2|33/100
|-heal|p1a: Ceruledge|75/100|[from] drain|[of] p2a: Porygon2
|
|-heal|p2a: Porygon2|40/100|[from] Grassy Terrain
|-heal|p1a: Ceruledge|81/100|[from] Grassy Terrain
|-heal|p1b: Electabuzz|73/100|[from] Grassy Terrain
|-status|p2b: Ursaluna|brn|[from] item: Flame Orb
|upkeep
|turn|5
|
|t:|1756625640
|move|p1b: Electabuzz|Follow Me|p1b: Electabuzz
|-singleturn|p1b: Electabuzz|move: Follow Me
|move|p2b: Ursaluna|Facade|p1b: Electabuzz
|-damage|p1b: Electabuzz|0 fnt
|faint|p1b: Electabuzz
|move|p2a: Porygon2|Ice Beam|p1a: Ceruledge
|-supereffective|p1a: Ceruledge
|-damage|p1a: Ceruledge|16/100
|move|p1a: Ceruledge|Bitter Blade|p2b: Ursaluna
|-damage|p2b: Ursaluna|60/100 brn
|-heal|p1a: Ceruledge|42/100|[from] drain|[of] p2b: Ursaluna
|
|-heal|p2b: Ursaluna|66/100 brn|[from] Grassy Terrain
|-heal|p2a: Porygon2|46/100|[from] Grassy Terrain
|-heal|p1a: Ceruledge|49/100|[from] Grassy Terrain
|-damage|p2b: Ursaluna|60/100 brn|[from] brn
|-fieldend|move: Grassy Terrain
|upkeep
|-message|bassacucina777 forfeited.
|
|win|fifthtimesthecharm
|raw|bassacucina777's rating: 1141 → 1114(-27 for losing)
|raw|fifthtimesthecharm's rating: 1118 → 1145(+27 for winning)
