|j|☆xx_junior_rx7_xx
|j|☆colemarcusvgc
|html|xx_junior_rx7_xxcolemarcusvgc    
|uhtml|bestof|Game 2 of a best-of-3
|t:|1756527957
|gametype|doubles
|player|p1|xx_junior_rx7_xx|2|1040
|player|p2|colemarcusvgc|n|1003
|gen|9
|tier|[Gen 9] VGC 2025 Reg H (Bo3)
|rated|
|rule|Species Clause: Limit one of each Pokémon
|rule|Item Clause: Limit 1 of each item
|clearpoke
|poke|p1|Tyranitar, L50, M|
|poke|p1|Excadrill, L50, M|
|poke|p1|Magmar, L50, M|
|poke|p1|Sneasler, L50, M|
|poke|p1|Corviknight, L50, M|
|poke|p1|Indeedee, L50, M|
|poke|p2|Indeedee-F, L50, F|
|poke|p2|Hatterene, L50, F|
|poke|p2|Ursaluna, L50, F|
|poke|p2|Amoonguss, L50, M|
|poke|p2|Porygon2, L50|
|poke|p2|Tyranitar, L50, M|
|teampreview|4
|showteam|p1|Tyranitar||AssaultVest|SandStream|RockSlide,KnockOff,LowKick,TeraBlast|||M|||50|,,,,,Flying]Excadrill||FocusSash|SandRush|EarthPower,IronHead,SwordsDance,Protect|||M|||50|,,,,,Ground]Magmar||Eviolite|VitalSpirit|Protect,HelpingHand,FollowMe,HeatWave|||M|||50|,,,,,Ghost]Sneasler||WhiteHerb|Unburden|FakeOut,CloseCombat,DireClaw,Coaching|||M|||50|,,,,,Flying]Corviknight||PsychicSeed|MirrorArmor|BraveBird,PowerTrip,BulkUp,Roost|||M|||50|,,,,,Water]Indeedee||ChoiceScarf|PsychicSurge|ExpandingForce,TeraBlast,Trick,Protect|||M|||50|,,,,,Psychic
|showteam|p2|Indeedee-F||RockyHelmet|PsychicSurge|FollowMe,HelpingHand,TrickRoom,DazzlingGleam|||F|||50|,,,,,Steel]Hatterene||LifeOrb|MagicBounce|TrickRoom,ExpandingForce,MysticalFire,DazzlingGleam|||F|||50|,,,,,Ghost]Ursaluna||FlameOrb|Guts|Facade,HeadlongRush,Earthquake,Protect|||F|||50|,,,,,Ghost]Amoonguss||SitrusBerry|Regenerator|Spore,RagePowder,PollenPuff,SludgeBomb|||M|||50|,,,,,Water]Porygon2||Eviolite|Download|IceBeam,TeraBlast,Recover,TrickRoom||||||50|,,,,,Grass]Tyranitar||SafetyGoggles|SandStream|RockSlide,Crunch,LowKick,IcePunch|||M|||50|,,,,,Fairy
|inactive|Battle timer is ON: inactive players will automatically lose when time's up. (requested by colemarcusvgc)
|inactive|xx_junior_rx7_xx has 60 seconds left.
|
|t:|1756527992
|teamsize|p1|4
|teamsize|p2|4
|start
|switch|p1a: Tyranitar|Tyranitar, L50, M|100/100
|switch|p1b: Magmar|Magmar, L50, M|100/100
|switch|p2a: Hatterene|Hatterene, L50, F|100/100
|switch|p2b: Amoonguss|Amoonguss, L50, M|100/100
|-weather|Sandstorm|[from] ability: Sand Stream|[of] p1a: Tyranitar
|turn|1
|
|t:|1756528012
|move|p1b: Magmar|Follow Me|p1b: Magmar
|-singleturn|p1b: Magmar|move: Follow Me
|move|p2b: Amoonguss|Rage Powder|p2b: Amoonguss
|-singleturn|p2b: Amoonguss|move: Rage Powder
|move|p1a: Tyranitar|Knock Off|p2b: Amoonguss
|-damage|p2b: Amoonguss|53/100
|-enditem|p2b: Amoonguss|Sitrus Berry|[from] move: Knock Off|[of] p1a: Tyranitar
|move|p2a: Hatterene|Trick Room|p2a: Hatterene
|-fieldstart|move: Trick Room|[of] p2a: Hatterene
|
|-weather|Sandstorm|[upkeep]
|-damage|p2a: Hatterene|95/100|[from] Sandstorm
|-damage|p2b: Amoonguss|48/100|[from] Sandstorm
|-damage|p1b: Magmar|95/100|[from] Sandstorm
|upkeep
|turn|2
|
|t:|1756528027
|switch|p2a: Ursaluna|Ursaluna, L50, F|100/100
|move|p1b: Magmar|Follow Me|p1b: Magmar
|-singleturn|p1b: Magmar|move: Follow Me
|move|p2b: Amoonguss|Spore|p1b: Magmar
|-immune|p1b: Magmar|[from] ability: Vital Spirit
|move|p1a: Tyranitar|Knock Off|p2a: Ursaluna
|-damage|p2a: Ursaluna|62/100
|-enditem|p2a: Ursaluna|Flame Orb|[from] move: Knock Off|[of] p1a: Tyranitar
|
|-weather|Sandstorm|[upkeep]
|-damage|p2b: Amoonguss|42/100|[from] Sandstorm
|-damage|p1b: Magmar|89/100|[from] Sandstorm
|upkeep
|turn|3
|
|t:|1756528046
|-terastallize|p1a: Tyranitar|Flying
|move|p1b: Magmar|Protect|p1b: Magmar
|-singleturn|p1b: Magmar|Protect
|move|p2b: Amoonguss|Spore|p1a: Tyranitar
|-status|p1a: Tyranitar|slp|[from] move: Spore
|move|p2a: Ursaluna|Earthquake|p1a: Tyranitar|[spread] p2b
|-activate|p1b: Magmar|move: Protect
|-immune|p1a: Tyranitar
|-damage|p2b: Amoonguss|7/100
|cant|p1a: Tyranitar|slp
|
|-weather|Sandstorm|[upkeep]
|-damage|p2b: Amoonguss|1/100|[from] Sandstorm
|-damage|p1a: Tyranitar|95/100 slp|[from] Sandstorm
|-damage|p1b: Magmar|83/100|[from] Sandstorm
|upkeep
|turn|4
|inactive|colemarcusvgc has 30 seconds left.
|
|t:|1756528071
|switch|p1b: Corviknight|Corviknight, L50, M|100/100
|move|p2b: Amoonguss|Pollen Puff|p2a: Ursaluna
|-heal|p2a: Ursaluna|100/100
|move|p2a: Ursaluna|Earthquake|p1a: Tyranitar|[spread] p2b
|-immune|p1a: Tyranitar
|-immune|p1b: Corviknight
|-damage|p2b: Amoonguss|0 fnt
|faint|p2b: Amoonguss
|cant|p1a: Tyranitar|slp
|
|-weather|Sandstorm|[upkeep]
|-damage|p1a: Tyranitar|89/100 slp|[from] Sandstorm
|upkeep
|
|t:|1756528075
|switch|p2b: Hatterene|Hatterene, L50, F|95/100
|turn|5
|
|t:|1756528094
|switch|p2a: Tyranitar|Tyranitar, L50, M|100/100
|-terastallize|p2b: Hatterene|Ghost
|move|p2b: Hatterene|Mystical Fire|p1b: Corviknight
|-supereffective|p1b: Corviknight
|-damage|p1b: Corviknight|24/100
|-ability|p1b: Corviknight|Mirror Armor
|-unboost|p2b: Hatterene|spa|1
|-damage|p2b: Hatterene|85/100|[from] item: Life Orb
|cant|p1a: Tyranitar|slp
|move|p1b: Corviknight|Bulk Up|p1b: Corviknight
|-boost|p1b: Corviknight|atk|1
|-boost|p1b: Corviknight|def|1
|
|-weather|none
|-fieldend|move: Trick Room
|upkeep
|turn|6
|inactive|xx_junior_rx7_xx has 30 seconds left.
|
|t:|1756528121
|move|p1b: Corviknight|Roost|p1b: Corviknight
|-heal|p1b: Corviknight|74/100
|-singleturn|p1b: Corviknight|move: Roost
|-curestatus|p1a: Tyranitar|slp|[msg]
|move|p1a: Tyranitar|Knock Off|p2b: Hatterene
|-supereffective|p2b: Hatterene
|-damage|p2b: Hatterene|0 fnt
|-enditem|p2b: Hatterene|Life Orb|[from] move: Knock Off|[of] p1a: Tyranitar
|faint|p2b: Hatterene
|move|p2a: Tyranitar|Rock Slide|p1b: Corviknight|[spread] p1a,p1b
|-supereffective|p1a: Tyranitar
|-resisted|p1b: Corviknight
|-damage|p1a: Tyranitar|32/100
|-damage|p1b: Corviknight|65/100
|
|upkeep
|
|t:|1756528131
|switch|p2b: Ursaluna|Ursaluna, L50, F|100/100
|turn|7
|inactive|colemarcusvgc has 30 seconds left.
|
|t:|1756528156
|move|p1b: Corviknight|Bulk Up|p1b: Corviknight
|-boost|p1b: Corviknight|atk|1
|-boost|p1b: Corviknight|def|1
|move|p1a: Tyranitar|Low Kick|p2b: Ursaluna
|-supereffective|p2b: Ursaluna
|-damage|p2b: Ursaluna|38/100
|move|p2a: Tyranitar|Low Kick|p1b: Corviknight
|-damage|p1b: Corviknight|51/100
|move|p2b: Ursaluna|Headlong Rush|p1a: Tyranitar
|-immune|p1a: Tyranitar
|
|upkeep
|turn|8
|
|t:|1756528169
|move|p1b: Corviknight|Bulk Up|p1b: Corviknight
|-boost|p1b: Corviknight|atk|1
|-boost|p1b: Corviknight|def|1
|move|p1a: Tyranitar|Low Kick|p2b: Ursaluna
|-supereffective|p2b: Ursaluna
|-damage|p2b: Ursaluna|0 fnt
|faint|p2b: Ursaluna
|move|p2a: Tyranitar|Crunch|p1b: Corviknight
|-damage|p1b: Corviknight|36/100
|
|upkeep
|turn|9
|
|t:|1756528181
|move|p1b: Corviknight|Bulk Up|p1b: Corviknight
|-boost|p1b: Corviknight|atk|1
|-boost|p1b: Corviknight|def|1
|move|p1a: Tyranitar|Low Kick|p2a: Tyranitar
|-supereffective|p2a: Tyranitar
|-damage|p2a: Tyranitar|0 fnt
|faint|p2a: Tyranitar
|
|win|xx_junior_rx7_xx
|raw|xx_junior_rx7_xx's rating: 1040 → 1070(+30 for winning)
|raw|colemarcusvgc's rating: 1003 → 1000(-3 for losing)
|c|☆colemarcusvgc|gg!
