|j|☆Wild Card Kid
|j|☆spoolingus
|html|Wild Card Kidspoolingus    
|uhtml|bestof|Game 1 of a best-of-3
|t:|1782407273
|gametype|doubles
|player|p1|Wild Card Kid|pokemaniac|1131
|player|p2|spoolingus|170|1248
|gen|9
|tier|[Gen 9 Champions] VGC 2026 Reg M-B (Bo3)
|rated|
|rule|Species Clause: Limit one of each Pokémon
|rule|Item Clause: Limit 1 of each item
|clearpoke
|poke|p1|Raichu, L50, F|
|poke|p1|Farigiraf, L50, F, shiny|
|poke|p1|Palafin, L50, F|
|poke|p1|Whimsicott, L50, M|
|poke|p1|Incineroar, L50, F|
|poke|p1|Mawile, L50, F|
|poke|p2|Swampert, L50, M|
|poke|p2|Metagross, L50|
|poke|p2|Archaludon, L50, M|
|poke|p2|Grimmsnarl, L50, M|
|poke|p2|Pelipper, L50, M|
|poke|p2|Sinistcha, L50|
|teampreview|4
|showteam|p1|Raichu||RaichuniteY|LightningRod|FocusBlast,ZapCannon,FakeOut,Protect|Modest||F|||50|]Farigiraf||Leftovers|ArmorTail|Thunderbolt,TrickRoom,Psychic,Protect|Quiet||F|||50|]Palafin|||ZerotoHero|FlipTurn,Protect,WaveCrash,Taunt|Jolly||F|||50|]Whimsicott||FocusSash|Prankster|Tailwind,Encore,Moonblast,Protect|Calm||M|||50|]Incineroar||ChestoBerry|Intimidate|Protect,PartingShot,FakeOut,FlareBlitz|Jolly||F|||50|]Mawile||Mawilite|Intimidate|IcePunch,IronHead,PlayRough,Protect|Adamant||F|||50|
|showteam|p2|Swampert||Swampertite|Damp|WaveCrash,HighHorsepower,IcePunch,Protect|Adamant||M|||50|]Metagross||Metagrossite|ClearBody|IronHead,PsychicFangs,BodyPress,Protect|Jolly|||||50|]Archaludon||Leftovers|Stamina|DragonPulse,FlashCannon,ElectroShot,Protect|Calm||M|||50|]Grimmsnarl||LightClay|Prankster|FoulPlay,PartingShot,LightScreen,Reflect|Calm||M|||50|]Pelipper||FocusSash|Drizzle|Hurricane,WeatherBall,Tailwind,Protect|Modest||M|||50|]Sinistcha||KasibBerry|Hospitality|MatchaGotcha,RagePowder,LifeDew,TrickRoom|Bold|||||50|
|inactive|Battle timer is ON: inactive players will automatically lose when time's up. (requested by spoolingus)
|inactive|Wild Card Kid has 60 seconds left.
|inactive|spoolingus has 60 seconds left.
|inactive|Wild Card Kid has 30 seconds left.
|inactive|spoolingus has 30 seconds left.
|inactive|spoolingus has 20 seconds left.
|inactive|spoolingus has 15 seconds left.
|inactive|spoolingus has 10 seconds left.
|inactive|spoolingus has 5 seconds left.
|
|t:|1782407358
|teamsize|p1|4
|teamsize|p2|4
|start
|switch|p1a: Incineroar|Incineroar, L50, F|100/100
|switch|p1b: Palafin|Palafin, L50, F|100/100
|switch|p2a: Swampert|Swampert, L50, M|100/100
|switch|p2b: Grimmsnarl|Grimmsnarl, L50, M|100/100
|-ability|p1a: Incineroar|Intimidate|boost
|-unboost|p2a: Swampert|atk|1
|-unboost|p2b: Grimmsnarl|atk|1
|turn|1
|inactive|spoolingus has 30 seconds left.
|inactive|spoolingus has 20 seconds left.
|
|t:|1782407396
|switch|p2a: Pelipper|Pelipper, L50, M|100/100
|-weather|RainDance|[from] ability: Drizzle|[of] p2a: Pelipper
|move|p1a: Incineroar|Fake Out|p2a: Pelipper
|-damage|p2a: Pelipper|84/100
|move|p2b: Grimmsnarl|Reflect|p2b: Grimmsnarl
|-sidestart|p2: spoolingus|Reflect
|move|p1b: Palafin|Taunt|p2b: Grimmsnarl
|-start|p2b: Grimmsnarl|move: Taunt
|
|-weather|RainDance|[upkeep]
|upkeep
|turn|2
|inactive|Wild Card Kid has 30 seconds left.
|inactive|Wild Card Kid has 20 seconds left.
|
|t:|1782407436
|detailschange|p1b: Palafin|Palafin-Hero, L50, F
|switch|p1b: Whimsicott|Whimsicott, L50, M|100/100
|switch|p1a: Raichu|Raichu, L50, F|100/100
|switch|p2b: Swampert|Swampert, L50, M|100/100
|move|p2a: Pelipper|Weather Ball|p1a: Raichu
|-damage|p1a: Raichu|0 fnt
|faint|p1a: Raichu
|
|-weather|RainDance|[upkeep]
|upkeep
|
|t:|1782407448
|switch|p1a: Palafin|Palafin-Hero, L50, F|100/100
|-activate|p1a: Palafin|ability: Zero to Hero
|turn|3
|
|t:|1782407469
|detailschange|p2b: Swampert|Swampert-Mega, L50, M
|-mega|p2b: Swampert|Swampert|Swampertite
|move|p1b: Whimsicott|Tailwind|p1b: Whimsicott
|-sidestart|p1: Wild Card Kid|move: Tailwind
|move|p1a: Palafin|Wave Crash|p2b: Swampert
|-damage|p2b: Swampert|30/100
|-damage|p1a: Palafin|76/100|[from] Recoil
|move|p2b: Swampert|High Horsepower|p1a: Palafin
|-damage|p1a: Palafin|12/100
|move|p2a: Pelipper|Hurricane|p1a: Palafin
|-damage|p1a: Palafin|0 fnt
|faint|p1a: Palafin
|
|-weather|RainDance|[upkeep]
|upkeep
|
|t:|1782407488
|switch|p1a: Incineroar|Incineroar, L50, F|100/100
|-ability|p1a: Incineroar|Intimidate|boost
|-unboost|p2a: Pelipper|atk|1
|-unboost|p2b: Swampert|atk|1
|turn|4
|inactive|spoolingus has 30 seconds left.
|
|t:|1782407520
|switch|p2a: Sinistcha|Sinistcha, L50|100/100
|-heal|p2b: Swampert|55/100|[from] ability: Hospitality|[of] p2a: Sinistcha
|move|p1a: Incineroar|Fake Out|p2b: Swampert
|-damage|p2b: Swampert|47/100
|move|p1b: Whimsicott|Moonblast|p2b: Swampert
|-damage|p2b: Swampert|23/100
|-unboost|p2b: Swampert|spa|1
|cant|p2b: Swampert|flinch
|
|-weather|RainDance|[upkeep]
|upkeep
|turn|5
|inactive|Wild Card Kid has 30 seconds left.
|
|t:|1782407554
|move|p2b: Swampert|Protect|p2b: Swampert
|-singleturn|p2b: Swampert|Protect
|move|p1b: Whimsicott|Moonblast|p2b: Swampert
|-activate|p2b: Swampert|move: Protect
|move|p1a: Incineroar|Flare Blitz|p2a: Sinistcha
|-supereffective|p2a: Sinistcha|1
|-damage|p2a: Sinistcha|76/100
|-damage|p1a: Incineroar|93/100|[from] Recoil
|move|p2a: Sinistcha|Life Dew|p2a: Sinistcha|[spread] p2a,p2b
|-heal|p2a: Sinistcha|100/100
|-heal|p2b: Swampert|48/100
|
|-weather|none
|upkeep
|turn|6
|inactive|Wild Card Kid has 30 seconds left.
|
|t:|1782407579
|switch|p2b: Pelipper|Pelipper, L50, M|84/100
|-weather|RainDance|[from] ability: Drizzle|[of] p2b: Pelipper
|move|p1b: Whimsicott|Encore||[still]
|-fail|p1b: Whimsicott
|move|p1a: Incineroar|Flare Blitz|p2a: Sinistcha
|-supereffective|p2a: Sinistcha|1
|-damage|p2a: Sinistcha|76/100
|-damage|p1a: Incineroar|86/100|[from] Recoil
|move|p2a: Sinistcha|Life Dew|p2a: Sinistcha|[spread] p2a,p2b
|-heal|p2a: Sinistcha|100/100
|-heal|p2b: Pelipper|100/100
|
|-weather|RainDance|[upkeep]
|-sideend|p1: Wild Card Kid|move: Tailwind
|upkeep
|turn|7
|
|t:|1782407599
|move|p1b: Whimsicott|Moonblast|p2b: Pelipper
|-damage|p2b: Pelipper|53/100
|move|p2b: Pelipper|Weather Ball|p1a: Incineroar
|-supereffective|p1a: Incineroar|1
|-crit|p1a: Incineroar
|-damage|p1a: Incineroar|0 fnt
|faint|p1a: Incineroar
|move|p2a: Sinistcha|Life Dew||[still]|[spread] p2a,p2b
|-fail|p2a: Sinistcha|heal
|-heal|p2b: Pelipper|78/100
|
|-weather|RainDance|[upkeep]
|upkeep
|turn|8
|-message|Wild Card Kid forfeited.
|
|win|spoolingus
|l|☆Wild Card Kid
|player|p1|
||spoolingus is ready for game 2.
|inactive|Wild Card Kid has 30 seconds to confirm battle start!
|inactive|Wild Card Kid has 19 seconds to confirm battle start!
|inactive|Wild Card Kid has 9 seconds to confirm battle start!
||Wild Card Kid is ready for game 2.
|uhtml|next|Next: Game 2 of 3
