|j|☆jeanryupr
|j|☆Lev001
|html|jeanryuprLev001    
|uhtml|bestof|Game 2 of a best-of-3
|t:|1785773763
|gametype|doubles
|player|p1|jeanryupr|170|1235
|player|p2|Lev001|hilda-wonderlauncher|1273
|gen|9
|tier|[Gen 9 Champions] VGC 2026 Reg M-B (Bo3)
|rated|
|rule|Species Clause: Limit one of each Pokémon
|rule|Item Clause: Limit 1 of each item
|clearpoke
|poke|p1|Raichu, L50, M|
|poke|p1|Aerodactyl, L50, M|
|poke|p1|Floette-Eternal, L50, F|
|poke|p1|Kingambit, L50, F|
|poke|p1|Farigiraf, L50, F|
|poke|p1|Garchomp, L50, M|
|poke|p2|Whimsicott, L50, M|
|poke|p2|Tyranitar, L50, M|
|poke|p2|Garchomp, L50, M|
|poke|p2|Charizard, L50, M|
|poke|p2|Sinistcha, L50|
|poke|p2|Milotic, L50, F|
|teampreview|4
|showteam|p1|Raichu||RaichuniteY|LightningRod|ZapCannon,FocusBlast,FakeOut,Protect|Timid||M|||50|]Aerodactyl||FocusSash|Unnerve|WideGuard,DualWingbeat,RockSlide,Tailwind|Jolly||M|||50|]Floette-Eternal||Floettite|FlowerVeil|CalmMind,DazzlingGleam,DrainingKiss,Protect|Timid||F|||50|]Kingambit||BlackGlasses|Defiant|KowtowCleave,Protect,SuckerPunch,IronHead|Adamant||F|||50|]Farigiraf||SitrusBerry|ArmorTail|TrickRoom,HelpingHand,Thunderbolt,Psychic|Bold||F|||50|]Garchomp||LifeOrb|RoughSkin|Protect,Earthquake,DragonClaw,RockSlide|Jolly||M|||50|
|showteam|p2|Whimsicott||FocusSash|Prankster|Moonblast,Tailwind,Encore,Protect|Timid||M|||50|]Tyranitar||ChoiceScarf|SandStream|RockSlide,KnockOff,IcePunch,LowKick|Jolly||M|||50|]Garchomp||LifeOrb|RoughSkin|Earthquake,StompingTantrum,DragonClaw,Protect|Jolly||M|||50|]Charizard||CharizarditeY|Blaze|HeatWave,WeatherBall,SolarBeam,Protect|Modest||M|||50|]Sinistcha||KasibBerry|Hospitality|MatchaGotcha,ShadowBall,RagePowder,Protect|Modest|||||50|]Milotic||Leftovers|Competitive|IceBeam,Scald,IcyWind,Protect|Modest||F|||50|
|
|t:|1785773782
|teamsize|p1|4
|teamsize|p2|4
|start
|switch|p1a: Floette|Floette-Eternal, L50, F|100/100
|switch|p1b: Garchomp|Garchomp, L50, M|100/100
|switch|p2a: Whimsicott|Whimsicott, L50, M|100/100
|switch|p2b: Milotic|Milotic, L50, F|100/100
|turn|1
|
|t:|1785773805
|move|p1b: Garchomp|Protect|p1b: Garchomp
|-singleturn|p1b: Garchomp|Protect
|move|p2a: Whimsicott|Moonblast|p1a: Floette
|-damage|p1a: Floette|65/100
|move|p1a: Floette|Calm Mind|p1a: Floette
|-boost|p1a: Floette|spa|1
|-boost|p1a: Floette|spd|1
|move|p2b: Milotic|Ice Beam|p1b: Garchomp
|-activate|p1b: Garchomp|move: Protect
|
|upkeep
|turn|2
|
|t:|1785773829
|switch|p1b: Farigiraf|Farigiraf, L50, F|100/100
|detailschange|p1a: Floette|Floette-Mega, L50, F
|-mega|p1a: Floette|Floette|Floettite
|-ability|p1a: Floette|Fairy Aura
|move|p2a: Whimsicott|Encore||[still]
|cant|p1b: Farigiraf|ability: Armor Tail|Encore|[of] p2a: Whimsicott
|move|p1a: Floette|Draining Kiss|p2a: Whimsicott
|-damage|p2a: Whimsicott|8/100
|-heal|p1a: Floette|100/100|[from] drain|[of] p2a: Whimsicott
|move|p2b: Milotic|Ice Beam|p1b: Farigiraf
|-damage|p1b: Farigiraf|76/100
|-status|p1b: Farigiraf|frz
|
|upkeep
|turn|3
|
|t:|1785773857
|switch|p2a: Charizard|Charizard, L50, M|100/100
|cant|p1b: Farigiraf|frz
|move|p1a: Floette|Dazzling Gleam|p2a: Charizard|[spread] p2a,p2b
|-resisted|p2a: Charizard|1
|-damage|p2a: Charizard|59/100
|-damage|p2b: Milotic|48/100
|move|p2b: Milotic|Scald|p1a: Floette
|-damage|p1a: Floette|77/100
|
|-heal|p2b: Milotic|53/100|[from] item: Leftovers
|upkeep
|turn|4
|
|t:|1785773881
|detailschange|p2a: Charizard|Charizard-Mega-Y, L50, M
|-mega|p2a: Charizard|Charizard|Charizardite Y
|-weather|SunnyDay|[from] ability: Drought|[of] p2a: Charizard
|move|p1a: Floette|Draining Kiss|p2b: Milotic
|-damage|p2b: Milotic|10/100
|-heal|p1a: Floette|100/100|[from] drain|[of] p2b: Milotic
|move|p2a: Charizard|Heat Wave|p1a: Floette|[spread] p1a,p1b
|-damage|p1a: Floette|65/100
|-damage|p1b: Farigiraf|16/100 frz
|-curestatus|p1b: Farigiraf|frz|[msg]
|-enditem|p1b: Farigiraf|Sitrus Berry|[eat]
|-heal|p1b: Farigiraf|40/100|[from] item: Sitrus Berry
|move|p2b: Milotic|Ice Beam|p1a: Floette
|-damage|p1a: Floette|49/100
|move|p1b: Farigiraf|Thunderbolt|p2a: Charizard
|-supereffective|p2a: Charizard|1
|-damage|p2a: Charizard|21/100
|
|-weather|SunnyDay|[upkeep]
|-heal|p2b: Milotic|16/100|[from] item: Leftovers
|upkeep
|turn|5
|
|t:|1785773908
|move|p1b: Farigiraf|Helping Hand|p1a: Floette
|-singleturn|p1a: Floette|Helping Hand|[of] p1b: Farigiraf
|move|p1a: Floette|Dazzling Gleam|p2b: Milotic|[spread] p2a,p2b
|-resisted|p2a: Charizard|1
|-damage|p2a: Charizard|0 fnt
|-damage|p2b: Milotic|0 fnt
|faint|p2a: Charizard
|faint|p2b: Milotic
|
|-weather|SunnyDay|[upkeep]
|upkeep
|-message|Lev001 forfeited.
|
|win|jeanryupr
