|j|☆leomartinfa
|j|☆SelvesterTheYAK
|html|leomartinfaSelvesterTheYAK    
|uhtml|bestof|Game 3 of a best-of-3
|t:|1756924799
|gametype|doubles
|player|p1|leomartinfa|1|1031
|player|p2|SelvesterTheYAK|101|1097
|gen|9
|tier|[Gen 9] VGC 2025 Reg H (Bo3)
|rated|
|rule|Species Clause: Limit one of each Pokémon
|rule|Item Clause: Limit 1 of each item
|clearpoke
|poke|p1|Gholdengo, L50|
|poke|p1|Dragonite, L50, F|
|poke|p1|Ursaluna-Bloodmoon, L50, M|
|poke|p1|Sneasler, L50, M|
|poke|p1|Incineroar, L50, M|
|poke|p1|Amoonguss, L50, M|
|poke|p2|Tyranitar, L50, F|
|poke|p2|Garchomp, L50, F|
|poke|p2|Gholdengo, L50|
|poke|p2|Talonflame, L50, F|
|poke|p2|Amoonguss, L50, M|
|poke|p2|Milotic, L50, M|
|teampreview|4
|showteam|p1|Gholdengo||LifeOrb|GoodasGold|MakeItRain,ShadowBall,NastyPlot,Protect||||||50|,,,,,Steel]Dragonite||LoadedDice|Multiscale|ScaleShot,Tailwind,Haze,Protect|||F|||50|,,,,,Fairy]Ursaluna-Bloodmoon||AssaultVest|MindsEye|BloodMoon,HyperBeam,EarthPower,VacuumWave|||M|||50|,,,,,Normal]Sneasler||FocusSash|Unburden|DireClaw,CloseCombat,ThroatChop,Protect|||M|||50|,,,,,Dark]Incineroar||SafetyGoggles|Intimidate|KnockOff,FlareBlitz,PartingShot,FakeOut|||M|||50|,,,,,Ghost]Amoonguss||SitrusBerry|Regenerator|Spore,RagePowder,PollenPuff,Protect|||M|||50|,,,,,Water
|showteam|p2|Tyranitar||AssaultVest|SandStream|RockSlide,TeraBlast,KnockOff,LowKick|||F|||50|,,,,,Flying]Garchomp||LifeOrb|SandVeil|Protect,DragonClaw,StompingTantrum,Earthquake|||F|||50|,,,,,Steel]Gholdengo||MetalCoat|GoodasGold|MakeItRain,ShadowBall,Protect,NastyPlot||||||50|,,,,,Flying]Talonflame||CovertCloak|GaleWings|BraveBird,Tailwind,WillOWisp,Taunt|||F|||50|,,,,,Ghost]Amoonguss||SitrusBerry|Regenerator|Protect,Spore,RagePowder,PollenPuff|||M|||50|,,,,,Water]Milotic||SafetyGoggles|Competitive|Haze,Protect,IcyWind,Scald|||M|||50|,,,,,Dragon
|inactive|Battle timer is ON: inactive players will automatically lose when time's up. (requested by SelvesterTheYAK)
|inactive|leomartinfa has 60 seconds left.
|
|t:|1756924845
|teamsize|p1|4
|teamsize|p2|4
|start
|switch|p1a: Dragonite|Dragonite, L50, F|100/100
|switch|p1b: Gholdengo|Gholdengo, L50|100/100
|switch|p2a: Garchomp|Garchomp, L50, F|100/100
|switch|p2b: Talonflame|Talonflame, L50, F|100/100
|turn|1
|inactive|SelvesterTheYAK has 30 seconds left.
|
|t:|1756924878
|switch|p1b: Amoonguss|Amoonguss, L50, M|100/100
|move|p2b: Talonflame|Will-O-Wisp|p1a: Dragonite
|-status|p1a: Dragonite|brn
|move|p2a: Garchomp|Earthquake|p1b: Amoonguss|[spread] p1b
|-immune|p2b: Talonflame
|-immune|p1a: Dragonite
|-damage|p1b: Amoonguss|63/100
|-damage|p2a: Garchomp|91/100|[from] item: Life Orb
|move|p1a: Dragonite|Scale Shot|p2a: Garchomp
|-supereffective|p2a: Garchomp
|-damage|p2a: Garchomp|75/100
|-supereffective|p2a: Garchomp
|-damage|p2a: Garchomp|61/100
|-supereffective|p2a: Garchomp
|-damage|p2a: Garchomp|45/100
|-supereffective|p2a: Garchomp
|-damage|p2a: Garchomp|29/100
|-supereffective|p2a: Garchomp
|-damage|p2a: Garchomp|13/100
|-hitcount|p2a: Garchomp|5
|-unboost|p1a: Dragonite|def|1
|-boost|p1a: Dragonite|spe|1
|
|-damage|p1a: Dragonite|95/100 brn|[from] brn
|upkeep
|turn|2
|inactive|leomartinfa has 30 seconds left.
|inactive|SelvesterTheYAK has 30 seconds left.
|
|t:|1756924913
|move|p1b: Amoonguss|Protect|p1b: Amoonguss
|-singleturn|p1b: Amoonguss|Protect
|move|p2b: Talonflame|Brave Bird|p1b: Amoonguss
|-activate|p1b: Amoonguss|move: Protect
|move|p1a: Dragonite|Tailwind|p1a: Dragonite
|-sidestart|p1: leomartinfa|move: Tailwind
|move|p2a: Garchomp|Dragon Claw|p1a: Dragonite
|-supereffective|p1a: Dragonite
|-damage|p1a: Dragonite|0 fnt
|faint|p1a: Dragonite
|-damage|p2a: Garchomp|3/100|[from] item: Life Orb
|
|upkeep
|inactive|leomartinfa has 30 seconds left.
|
|t:|1756924941
|switch|p1a: Incineroar|Incineroar, L50, M|100/100
|-ability|p1a: Incineroar|Intimidate|boost
|-unboost|p2a: Garchomp|atk|1
|-unboost|p2b: Talonflame|atk|1
|turn|3
|
|t:|1756924965
|switch|p1b: Gholdengo|Gholdengo, L50|100/100
|move|p2a: Garchomp|Protect|p2a: Garchomp
|-singleturn|p2a: Garchomp|Protect
|move|p1a: Incineroar|Fake Out|p2a: Garchomp
|-activate|p2a: Garchomp|move: Protect
|move|p2b: Talonflame|Tailwind|p2b: Talonflame
|-sidestart|p2: SelvesterTheYAK|move: Tailwind
|
|upkeep
|turn|4
|inactive|leomartinfa has 30 seconds left.
|inactive|SelvesterTheYAK has 30 seconds left.
|inactive|SelvesterTheYAK has 20 seconds left.
|inactive|SelvesterTheYAK has 15 seconds left.
|
|t:|1756925006
|switch|p1b: Amoonguss|Amoonguss, L50, M|96/100
|move|p2b: Talonflame|Taunt|p1a: Incineroar
|-start|p1a: Incineroar|move: Taunt
|move|p2a: Garchomp|Earthquake|p1a: Incineroar|[spread] p1a,p1b
|-immune|p2b: Talonflame
|-supereffective|p1a: Incineroar
|-damage|p1a: Incineroar|42/100
|-damage|p1b: Amoonguss|68/100
|-damage|p2a: Garchomp|0 fnt|[from] item: Life Orb
|faint|p2a: Garchomp
|move|p1a: Incineroar|Knock Off|p2b: Talonflame
|-damage|p2b: Talonflame|47/100
|-enditem|p2b: Talonflame|Covert Cloak|[from] move: Knock Off|[of] p1a: Incineroar
|
|upkeep
|
|t:|1756925024
|switch|p2a: Gholdengo|Gholdengo, L50|100/100
|turn|5
|inactive|SelvesterTheYAK has 30 seconds left.
|
|t:|1756925055
|-terastallize|p2a: Gholdengo|Flying
|move|p2b: Talonflame|Taunt|p1b: Amoonguss
|-start|p1b: Amoonguss|move: Taunt
|move|p2a: Gholdengo|Nasty Plot|p2a: Gholdengo
|-boost|p2a: Gholdengo|spa|2
|move|p1a: Incineroar|Flare Blitz|p2a: Gholdengo
|-damage|p2a: Gholdengo|30/100
|-damage|p1a: Incineroar|23/100|[from] Recoil
|move|p1b: Amoonguss|Pollen Puff|p1a: Incineroar
|-heal|p1a: Incineroar|73/100
|
|-sideend|p1: leomartinfa|move: Tailwind
|upkeep
|turn|6
|
|t:|1756925075
|move|p2b: Talonflame|Brave Bird|p1a: Incineroar
|-damage|p1a: Incineroar|51/100
|-damage|p2b: Talonflame|38/100|[from] Recoil
|move|p2a: Gholdengo|Make It Rain|p1a: Incineroar|[spread] p1a,p1b
|-resisted|p1a: Incineroar
|-crit|p1b: Amoonguss
|-damage|p1a: Incineroar|0 fnt
|-damage|p1b: Amoonguss|0 fnt
|-unboost|p2a: Gholdengo|spa|1
|faint|p1a: Incineroar
|faint|p1b: Amoonguss
|
|-sideend|p2: SelvesterTheYAK|move: Tailwind
|upkeep
|
|t:|1756925083
|switch|p1b: Gholdengo|Gholdengo, L50|100/100
|turn|7
|
|t:|1756925100
|-terastallize|p1b: Gholdengo|Steel
|move|p2b: Talonflame|Tailwind|p2b: Talonflame
|-sidestart|p2: SelvesterTheYAK|move: Tailwind
|move|p2a: Gholdengo|Shadow Ball|p1b: Gholdengo
|-damage|p1b: Gholdengo|30/100
|move|p1b: Gholdengo|Make It Rain|p2b: Talonflame|[spread] p2a,p2b
|-resisted|p2b: Talonflame
|-damage|p2a: Gholdengo|0 fnt
|-damage|p2b: Talonflame|0 fnt
|-unboost|p1b: Gholdengo|spa|1
|faint|p2a: Gholdengo
|faint|p2b: Talonflame
|-damage|p1b: Gholdengo|20/100|[from] item: Life Orb
|
|upkeep
|
|t:|1756925114
|switch|p2a: Tyranitar|Tyranitar, L50, F|100/100
|-weather|Sandstorm|[from] ability: Sand Stream|[of] p2a: Tyranitar
|turn|8
|c|☆SelvesterTheYAK|ggwp
|
|t:|1756925127
|move|p1b: Gholdengo|Protect|p1b: Gholdengo
|-singleturn|p1b: Gholdengo|Protect
|move|p2a: Tyranitar|Low Kick|p1b: Gholdengo
|-activate|p1b: Gholdengo|move: Protect
|
|-weather|Sandstorm|[upkeep]
|upkeep
|turn|9
|
|t:|1756925135
|move|p2a: Tyranitar|Low Kick|p1b: Gholdengo
|-supereffective|p1b: Gholdengo
|-damage|p1b: Gholdengo|0 fnt
|faint|p1b: Gholdengo
|
|win|SelvesterTheYAK
|raw|leomartinfa's rating: 1031 → 1019(-12 for losing)
|raw|SelvesterTheYAK's rating: 1097 → 1118(+21 for winning)
|l|☆leomartinfa
|player|p1|
