|j|☆chefbenboyrd
|j|☆liamvgc1
|html|chefbenboyrdliamvgc1    
|uhtml|bestof|Game 2 of a best-of-3
|t:|1755888471
|gametype|doubles
|player|p1|chefbenboyrd|brawly|1201
|player|p2|liamvgc1|2|1311
|gen|9
|tier|[Gen 9] VGC 2025 Reg H (Bo3)
|rated|
|rule|Species Clause: Limit one of each Pokémon
|rule|Item Clause: Limit 1 of each item
|clearpoke
|poke|p1|Amoonguss, L50, F|
|poke|p1|Ursaluna, L50, M|
|poke|p1|Hydreigon, L50, M|
|poke|p1|Incineroar, L50, F|
|poke|p1|Porygon2, L50|
|poke|p1|Gholdengo, L50|
|poke|p2|Sneasler, L50, M|
|poke|p2|Indeedee, L50, M|
|poke|p2|Volcarona, L50, M|
|poke|p2|Ursaluna-Bloodmoon, L50, M|
|poke|p2|Annihilape, L50, M|
|poke|p2|Tyranitar, L50, M|
|teampreview|4
|showteam|p1|Amoonguss||RockyHelmet|Regenerator|SludgeBomb,Spore,RagePowder,Protect|||F|||50|,,,,,Water]Ursaluna||FlameOrb|Guts|Facade,HeadlongRush,Earthquake,Protect|||M|||50|,,,,,Ghost]Hydreigon||SafetyGoggles|Levitate|DracoMeteor,Snarl,Tailwind,Protect|||M|||50|,,,,,Ghost]Incineroar||SitrusBerry|Intimidate|FlareBlitz,KnockOff,PartingShot,FakeOut|||F|||50|,,,,,Ghost]Porygon2||Eviolite|Download|TeraBlast,IceBeam,Recover,TrickRoom||||||50|,,,,,Fighting]Gholdengo||MetalCoat|GoodasGold|MakeItRain,ShadowBall,NastyPlot,Protect||||||50|,,,,,Water
|showteam|p2|Sneasler||PsychicSeed|Unburden|CloseCombat,DireClaw,ThroatChop,Protect|||M|||50|,,,,,Dark]Indeedee||ChoiceScarf|PsychicSurge|ExpandingForce,TeraBlast,Trick,Protect|||M|||50|,,,,,Psychic]Volcarona||SitrusBerry|FlameBody|Overheat,StruggleBug,RagePowder,Tailwind|||M|||50|,,,,,Grass]Ursaluna-Bloodmoon||LifeOrb|MindsEye|BloodMoon,HyperVoice,EarthPower,Protect|||M|||50|,,,,,Normal]Annihilape||SafetyGoggles|Defiant|CloseCombat,RageFist,Taunt,FinalGambit|||M|||50|,,,,,Fairy]Tyranitar||AssaultVest|SandStream|RockSlide,KnockOff,TeraBlast,LowKick|||M|||50|,,,,,Flying
|inactive|Battle timer is ON: inactive players will automatically lose when time's up. (requested by liamvgc1)
|
|t:|1755888486
|teamsize|p1|4
|teamsize|p2|4
|start
|switch|p1a: Amoonguss|Amoonguss, L50, F|100/100
|switch|p1b: Gholdengo|Gholdengo, L50|100/100
|switch|p2a: Volcarona|Volcarona, L50, M|100/100
|switch|p2b: Annihilape|Annihilape, L50, M|100/100
|turn|1
|
|t:|1755888503
|-terastallize|p2a: Volcarona|Grass
|-terastallize|p1a: Amoonguss|Water
|move|p1b: Gholdengo|Protect|p1b: Gholdengo
|-singleturn|p1b: Gholdengo|Protect
|move|p2a: Volcarona|Overheat|p1b: Gholdengo
|-activate|p1b: Gholdengo|move: Protect
|move|p2b: Annihilape|Final Gambit|p1b: Gholdengo
|-activate|p1b: Gholdengo|move: Protect
|move|p1a: Amoonguss|Spore|p2b: Annihilape
|-activate|p2b: Annihilape|item: Safety Goggles|Spore
|
|upkeep
|turn|2
|inactive|chefbenboyrd has 30 seconds left.
|
|t:|1755888536
|move|p2a: Volcarona|Overheat|p1b: Gholdengo
|-supereffective|p1b: Gholdengo
|-damage|p1b: Gholdengo|0 fnt
|-unboost|p2a: Volcarona|spa|2
|faint|p1b: Gholdengo
|move|p2b: Annihilape|Taunt|p1a: Amoonguss
|-start|p1a: Amoonguss|move: Taunt
|move|p1a: Amoonguss|Sludge Bomb|p2a: Volcarona
|-supereffective|p2a: Volcarona
|-damage|p2a: Volcarona|50/100
|-status|p2a: Volcarona|psn
|-enditem|p2a: Volcarona|Sitrus Berry|[eat]
|-heal|p2a: Volcarona|75/100 psn|[from] item: Sitrus Berry
|
|-damage|p2a: Volcarona|63/100 psn|[from] psn
|upkeep
|
|t:|1755888553
|switch|p1b: Ursaluna|Ursaluna, L50, M|100/100
|turn|3
|
|t:|1755888564
|switch|p2a: Indeedee|Indeedee, L50, M|100/100
|-fieldstart|move: Psychic Terrain|[from] ability: Psychic Surge|[of] p2a: Indeedee
|move|p1b: Ursaluna|Protect|p1b: Ursaluna
|-singleturn|p1b: Ursaluna|Protect
|move|p2b: Annihilape|Final Gambit|p1b: Ursaluna
|-activate|p1b: Ursaluna|move: Protect
|move|p1a: Amoonguss|Sludge Bomb|p2a: Indeedee
|-damage|p2a: Indeedee|61/100
|-status|p2a: Indeedee|psn
|
|-damage|p2a: Indeedee|48/100 psn|[from] psn
|-status|p1b: Ursaluna|brn|[from] item: Flame Orb
|upkeep
|turn|4
|
|t:|1755888584
|switch|p1b: Incineroar|Incineroar, L50, F|100/100
|-ability|p1b: Incineroar|Intimidate|boost
|-unboost|p2a: Indeedee|atk|1
|-unboost|p2b: Annihilape|atk|1
|-ability|p2b: Annihilape|Defiant|boost
|-boost|p2b: Annihilape|atk|2
|move|p2a: Indeedee|Expanding Force|p1b: Incineroar|[spread] p1a
|-immune|p1b: Incineroar
|-damage|p1a: Amoonguss|51/100
|move|p2b: Annihilape|Final Gambit|p1b: Incineroar
|-damage|p1b: Incineroar|0 fnt
|faint|p2b: Annihilape
|faint|p1b: Incineroar
|move|p1a: Amoonguss|Sludge Bomb|p2a: Indeedee
|-damage|p2a: Indeedee|8/100 psn
|
|-damage|p2a: Indeedee|0 fnt|[from] psn
|faint|p2a: Indeedee
|-end|p1a: Amoonguss|move: Taunt
|upkeep
|
|t:|1755888604
|switch|p2b: Volcarona|Volcarona, L50, M, tera:Grass|63/100 psn
|switch|p2a: Ursaluna|Ursaluna-Bloodmoon, L50, M|100/100
|switch|p1b: Ursaluna|Ursaluna, L50, M|100/100 brn
|turn|5
|
|t:|1755888622
|move|p2b: Volcarona|Struggle Bug|p1b: Ursaluna|[spread] p1a,p1b
|-crit|p1b: Ursaluna
|-damage|p1a: Amoonguss|37/100
|-damage|p1b: Ursaluna|76/100 brn
|-unboost|p1a: Amoonguss|spa|1
|-unboost|p1b: Ursaluna|spa|1
|move|p2a: Ursaluna|Hyper Voice|p1b: Ursaluna|[spread] p1a,p1b
|-damage|p1a: Amoonguss|0 fnt
|-damage|p1b: Ursaluna|23/100 brn
|faint|p1a: Amoonguss
|-damage|p2a: Ursaluna|91/100|[from] item: Life Orb
|move|p1b: Ursaluna|Facade|p2a: Ursaluna
|-damage|p2a: Ursaluna|0 fnt
|faint|p2a: Ursaluna
|
|-damage|p2b: Volcarona|51/100 psn|[from] psn
|-damage|p1b: Ursaluna|17/100 brn|[from] brn
|upkeep
|turn|6
|
|t:|1755888641
|move|p1b: Ursaluna|Protect|p1b: Ursaluna
|-singleturn|p1b: Ursaluna|Protect
|move|p2b: Volcarona|Struggle Bug|p1b: Ursaluna
|-activate|p1b: Ursaluna|move: Protect
|
|-damage|p2b: Volcarona|39/100 psn|[from] psn
|-damage|p1b: Ursaluna|11/100 brn|[from] brn
|upkeep
|turn|7
|
|t:|1755888647
|move|p2b: Volcarona|Struggle Bug|p1b: Ursaluna
|-damage|p1b: Ursaluna|0 fnt
|faint|p1b: Ursaluna
|
|win|liamvgc1
|raw|chefbenboyrd's rating: 1201 → 1184(-17 for losing)
|raw|liamvgc1's rating: 1311 → 1325(+14 for winning)
