|j|☆1tz_Jae
|j|☆lolgz
|html|1tz_Jaelolgz    
|uhtml|bestof|Game 1 of a best-of-3
|t:|1782436749
|gametype|doubles
|player|p1|1tz_Jae|elesa|1104
|player|p2|lolgz|dawn|1188
|gen|9
|tier|[Gen 9 Champions] VGC 2026 Reg M-B (Bo3)
|rated|
|rule|Species Clause: Limit one of each Pokémon
|rule|Item Clause: Limit 1 of each item
|clearpoke
|poke|p1|Archaludon, L50, M, shiny|
|poke|p1|Blastoise, L50, M, shiny|
|poke|p1|Farigiraf, L50, M|
|poke|p1|Pelipper, L50, F|
|poke|p1|Sinistcha, L50|
|poke|p1|Sylveon, L50, F|
|poke|p2|Mawile, L50, F|
|poke|p2|Sneasler, L50, F|
|poke|p2|Farigiraf, L50, F|
|poke|p2|Ampharos, L50, F|
|poke|p2|Vileplume, L50, F|
|poke|p2|Torkoal, L50, M|
|teampreview|4
|showteam|p1|Archaludon||Leftovers|Stamina|ElectroShot,DragonPulse,FlashCannon,Protect|Modest||M|||50|]Blastoise||Blastoisinite|RainDish|FakeOut,WaterSpout,DarkPulse,AuraSphere|Modest||M|||50|]Farigiraf||LightClay|ArmorTail|TrickRoom,Psychic,Reflect,LightScreen|Relaxed||M|||50|]Pelipper||SitrusBerry|Drizzle|Hurricane,WeatherBall,Tailwind,WideGuard|Modest||F|||50|]Sinistcha||CobaBerry|Hospitality|MatchaGotcha,TrickRoom,LifeDew,Protect|Quiet|||||50|]Sylveon||FairyFeather|Pixilate|HyperVoice,Protect,QuickAttack,HyperBeam|Modest||F|||50|
|showteam|p2|Mawile||Mawilite|HyperCutter|PlayRough,SuckerPunch,SwordsDance,Protect|Serious||F|||50|]Sneasler||IronBall|PoisonTouch|FakeOut,DireClaw,CloseCombat,RockTomb|Brave||F|||50|]Farigiraf||SitrusBerry|ArmorTail|TrickRoom,Thunderbolt,Psychic,HelpingHand|Relaxed||F|||50|]Ampharos||Ampharosite|Static|Thunderbolt,DragonPulse,Protect,FocusBlast|Brave||F|||50|]Vileplume||FocusSash|Chlorophyll|SleepPowder,SludgeBomb,EnergyBall,AfterYou|Timid||F|||50|]Torkoal||Charcoal|Drought|Eruption,WeatherBall,EarthPower,Protect|Quiet||M|||50|
|inactive|Battle timer is ON: inactive players will automatically lose when time's up. (requested by lolgz)
|inactive|lolgz has 60 seconds left.
|inactive|lolgz has 30 seconds left.
|
|t:|1782436813
|teamsize|p1|4
|teamsize|p2|4
|start
|switch|p1a: Blastoise|Blastoise, L50, M, shiny|100/100
|switch|p1b: Farigiraf|Farigiraf, L50, M|100/100
|switch|p2a: Farigiraf|Farigiraf, L50, F|100/100
|switch|p2b: Sneasler|Sneasler, L50, F|100/100
|turn|1
|
|t:|1782436832
|detailschange|p1a: Blastoise|Blastoise-Mega, L50, M, shiny
|-mega|p1a: Blastoise|Blastoise|Blastoisinite
|move|p1a: Blastoise|Fake Out||[still]
|cant|p2a: Farigiraf|ability: Armor Tail|Fake Out|[of] p1a: Blastoise
|move|p1b: Farigiraf|Psychic|p2b: Sneasler
|-supereffective|p2b: Sneasler|2
|-damage|p2b: Sneasler|0 fnt
|faint|p2b: Sneasler
|move|p2a: Farigiraf|Trick Room|p2a: Farigiraf
|-fieldstart|move: Trick Room|[of] p2a: Farigiraf
|
|upkeep
|
|t:|1782436838
|switch|p2b: Ampharos|Ampharos, L50, F|100/100
|turn|2
|
|t:|1782436857
|detailschange|p2b: Ampharos|Ampharos-Mega, L50, F
|-mega|p2b: Ampharos|Ampharos|Ampharosite
|-ability|p2b: Ampharos|Mold Breaker
|move|p2a: Farigiraf|Helping Hand|p2b: Ampharos
|-singleturn|p2b: Ampharos|Helping Hand|[of] p2a: Farigiraf
|move|p2b: Ampharos|Thunderbolt|p1a: Blastoise
|-supereffective|p1a: Blastoise|1
|-damage|p1a: Blastoise|0 fnt
|faint|p1a: Blastoise
|move|p1b: Farigiraf|Light Screen|p1b: Farigiraf
|-sidestart|p1: 1tz_Jae|move: Light Screen
|
|upkeep
|
|t:|1782436866
|switch|p1a: Archaludon|Archaludon, L50, M, shiny|100/100
|turn|3
|
|t:|1782436885
|move|p2a: Farigiraf|Helping Hand|p2b: Ampharos
|-singleturn|p2b: Ampharos|Helping Hand|[of] p2a: Farigiraf
|move|p2b: Ampharos|Focus Blast|p1a: Archaludon
|-supereffective|p1a: Archaludon|1
|-damage|p1a: Archaludon|0 fnt
|faint|p1a: Archaludon
|move|p1b: Farigiraf|Trick Room|p1b: Farigiraf
|-fieldend|move: Trick Room
|
|upkeep
|
|t:|1782436892
|switch|p1a: Pelipper|Pelipper, L50, F|100/100
|-weather|RainDance|[from] ability: Drizzle|[of] p1a: Pelipper
|turn|4
|inactive|1tz_Jae has 30 seconds left.
|
|t:|1782436923
|move|p1a: Pelipper|Hurricane|p2a: Farigiraf
|-damage|p2a: Farigiraf|61/100
|-start|p2a: Farigiraf|confusion
|move|p1b: Farigiraf|Psychic|p2b: Ampharos
|-crit|p2b: Ampharos
|-damage|p2b: Ampharos|55/100
|move|p2b: Ampharos|Thunderbolt|p1a: Pelipper
|-supereffective|p1a: Pelipper|2
|-damage|p1a: Pelipper|0 fnt
|faint|p1a: Pelipper
|-activate|p2a: Farigiraf|confusion
|-damage|p2a: Farigiraf|55/100|[from] confusion
|
|-weather|RainDance|[upkeep]
|upkeep
|turn|5
|
|t:|1782436945
|move|p1b: Farigiraf|Psychic|p2a: Farigiraf
|-resisted|p2a: Farigiraf|1
|-damage|p2a: Farigiraf|40/100
|-enditem|p2a: Farigiraf|Sitrus Berry|[eat]
|-heal|p2a: Farigiraf|65/100|[from] item: Sitrus Berry
|move|p2b: Ampharos|Dragon Pulse|p1b: Farigiraf
|-damage|p1b: Farigiraf|70/100
|-activate|p2a: Farigiraf|confusion
|move|p2a: Farigiraf|Trick Room|p2a: Farigiraf
|-fieldstart|move: Trick Room|[of] p2a: Farigiraf
|
|-weather|RainDance|[upkeep]
|upkeep
|turn|6
|
|t:|1782436957
|-activate|p2a: Farigiraf|confusion
|-damage|p2a: Farigiraf|59/100|[from] confusion
|move|p2b: Ampharos|Thunderbolt|p1b: Farigiraf
|-damage|p1b: Farigiraf|36/100
|move|p1b: Farigiraf|Psychic|p2b: Ampharos
|-damage|p2b: Ampharos|24/100
|
|-weather|RainDance|[upkeep]
|upkeep
|turn|7
|
|t:|1782436969
|switch|p2a: Torkoal|Torkoal, L50, M|100/100
|-weather|SunnyDay|[from] ability: Drought|[of] p2a: Torkoal
|move|p2b: Ampharos|Dragon Pulse|p1b: Farigiraf
|-damage|p1b: Farigiraf|2/100
|move|p1b: Farigiraf|Psychic|p2b: Ampharos
|-damage|p2b: Ampharos|0 fnt
|faint|p2b: Ampharos
|
|-weather|SunnyDay|[upkeep]
|upkeep
|
|t:|1782436971
|switch|p2b: Farigiraf|Farigiraf, L50, F|59/100
|turn|8
|
|t:|1782436982
|move|p2a: Torkoal|Eruption|p1b: Farigiraf
|-damage|p1b: Farigiraf|0 fnt
|faint|p1b: Farigiraf
|
|win|lolgz
