|j|☆Mythic's Shadow
|j|☆jeffthebum
|html|Mythic's Shadowjeffthebum    
|uhtml|bestof|Game 2 of a best-of-3
|t:|1756918679
|gametype|doubles
|player|p1|Mythic's Shadow|swimmer-gen4|
|player|p2|jeffthebum|102|
|gen|9
|tier|[Gen 9] VGC 2025 Reg H (Bo3)
|rule|Species Clause: Limit one of each Pokémon
|rule|Item Clause: Limit 1 of each item
|clearpoke
|poke|p1|Gothitelle, L50, F|
|poke|p1|Rillaboom, L50, F|
|poke|p1|Azumarill, L50, F|
|poke|p1|Flamigo, L50, F|
|poke|p1|Dondozo, L50, M|
|poke|p1|Tatsugiri, L50, M|
|poke|p2|Breloom, L50, F|
|poke|p2|Slowbro-Galar, L50, M|
|poke|p2|Gardevoir, L50, F|
|poke|p2|Kilowattrel, L50, M|
|poke|p2|Indeedee-F, L50, F|
|poke|p2|Incineroar, L50, M|
|teampreview|4
|showteam|p1|Gothitelle||SitrusBerry|ShadowTag|Protect,Imprison,TrickRoom,Psyshock|||F|||50|,,,,,Dark]Rillaboom||AssaultVest|GrassySurge|FakeOut,GrassyGlide,KnockOff,Uturn|||F|||50|,,,,,Water]Azumarill||LifeOrb|HugePower|Protect,PerishSong,AquaJet,Liquidation|||F|||50|,,,,,Water]Flamigo||FocusSash|Costar|Protect,Tailwind,DualWingbeat,CloseCombat|||F|||50|,,,,,Stellar]Dondozo||Leftovers|Oblivious|Protect,WaveCrash,OrderUp,HeavySlam|||M|||50|,,,,,Steel]Tatsugiri||PsychicSeed|Commander|Protect,IcyWind,Taunt,HydroPump|||M|||50|,,,,,Ghost
|showteam|p2|Breloom||LoadedDice|Technician|CloseCombat,BulletSeed,Spore,Protect|||F|||50|,,,,,Grass]Slowbro-Galar||SitrusBerry|Regenerator|Haze,ShellSideArm,ExpandingForce,MuddyWater|||M|||50|,,,,,Dragon]Gardevoir||ChoiceScarf|Trace|Trick,ExpandingForce,DazzlingGleam,Thunderbolt|||F|||50|,,,,,Psychic]Kilowattrel||CovertCloak|WindPower|Tailwind,VoltSwitch,Thunderbolt,AirSlash|||M|||50|,,,,,Electric]Indeedee-F||RedCard|PsychicSurge|FollowMe,HealPulse,HelpingHand,HealingWish|||F|||50|,,,,,Fairy]Incineroar||PasshoBerry|Intimidate|FlareBlitz,KnockOff,Protect,WillOWisp|||M|||50|,,,,,Water
|inactive|Battle timer is ON: inactive players will automatically lose when time's up. (requested by Mythic's Shadow)
|inactive|Mythic's Shadow has 60 seconds left.
|inactive|jeffthebum has 60 seconds left.
|inactive|Mythic's Shadow has 30 seconds left.
|inactive|jeffthebum has 30 seconds left.
|inactive|jeffthebum has 20 seconds left.
|inactive|jeffthebum has 15 seconds left.
|
|t:|1756918756
|teamsize|p1|4
|teamsize|p2|4
|start
|switch|p1a: Azumarill|Azumarill, L50, F|100/100
|switch|p1b: Tatsugiri|Tatsugiri, L50, M|100/100
|switch|p2a: Breloom|Breloom, L50, F|100/100
|switch|p2b: Slowbro|Slowbro-Galar, L50, M|100/100
|turn|1
|inactive|jeffthebum has 30 seconds left.
|inactive|jeffthebum has 20 seconds left.
|
|t:|1756918791
|move|p1a: Azumarill|Protect|p1a: Azumarill
|-singleturn|p1a: Azumarill|Protect
|move|p1b: Tatsugiri|Icy Wind|p2b: Slowbro|[spread] p2a,p2b
|-supereffective|p2a: Breloom
|-damage|p2a: Breloom|53/100
|-damage|p2b: Slowbro|87/100
|-unboost|p2a: Breloom|spe|1
|-unboost|p2b: Slowbro|spe|1
|move|p2a: Breloom|Bullet Seed|p1a: Azumarill
|-activate|p1a: Azumarill|move: Protect
|move|p2b: Slowbro|Shell Side Arm|p1b: Tatsugiri|[anim] Shell Side Arm Special
|-damage|p1b: Tatsugiri|52/100
|-hint|Special Shell Side Arm
|
|upkeep
|turn|2
|inactive|Mythic's Shadow has 30 seconds left.
|inactive|jeffthebum has 30 seconds left.
|inactive|Mythic's Shadow has 20 seconds left.
|inactive|jeffthebum has 20 seconds left.
|inactive|jeffthebum has 15 seconds left.
|inactive|jeffthebum has 10 seconds left.
|
|t:|1756918837
|switch|p1a: Rillaboom|Rillaboom, L50, F|100/100
|-fieldstart|move: Grassy Terrain|[from] ability: Grassy Surge|[of] p1a: Rillaboom
|move|p1b: Tatsugiri|Protect|p1b: Tatsugiri
|-singleturn|p1b: Tatsugiri|Protect
|move|p2a: Breloom|Bullet Seed|p1a: Rillaboom
|-resisted|p1a: Rillaboom
|-damage|p1a: Rillaboom|89/100
|-resisted|p1a: Rillaboom
|-damage|p1a: Rillaboom|78/100
|-resisted|p1a: Rillaboom
|-damage|p1a: Rillaboom|66/100
|-resisted|p1a: Rillaboom
|-damage|p1a: Rillaboom|54/100
|-resisted|p1a: Rillaboom
|-damage|p1a: Rillaboom|42/100
|-hitcount|p1a: Rillaboom|5
|move|p2b: Slowbro|Shell Side Arm|p1a: Rillaboom|[anim] Shell Side Arm Special
|-supereffective|p1a: Rillaboom
|-damage|p1a: Rillaboom|0 fnt
|-hint|Special Shell Side Arm
|faint|p1a: Rillaboom
|
|-heal|p1b: Tatsugiri|58/100|[from] Grassy Terrain
|-heal|p2a: Breloom|59/100|[from] Grassy Terrain
|-heal|p2b: Slowbro|93/100|[from] Grassy Terrain
|upkeep
|
|t:|1756918854
|switch|p1a: Dondozo|Dondozo, L50, M|100/100
|-activate|p1b: Tatsugiri|ability: Commander|[of] p1a: Dondozo
|-boost|p1a: Dondozo|atk|2
|-boost|p1a: Dondozo|spa|2
|-boost|p1a: Dondozo|spe|2
|-boost|p1a: Dondozo|def|2
|-boost|p1a: Dondozo|spd|2
|turn|3
|inactive|jeffthebum has 30 seconds left.
|
|t:|1756918886
|-terastallize|p1a: Dondozo|Steel
|move|p2a: Breloom|Protect|p2a: Breloom
|-singleturn|p2a: Breloom|Protect
|move|p1a: Dondozo|Order Up|p2a: Breloom
|-activate|p2a: Breloom|move: Protect
|move|p2b: Slowbro|Haze|p2b: Slowbro
|-clearallboost
|
|-heal|p1b: Tatsugiri|64/100|[from] Grassy Terrain
|-heal|p2a: Breloom|65/100|[from] Grassy Terrain
|-heal|p2b: Slowbro|99/100|[from] Grassy Terrain
|upkeep
|turn|4
|inactive|jeffthebum has 30 seconds left.
|inactive|jeffthebum has 20 seconds left.
|inactive|jeffthebum has 15 seconds left.
|inactive|jeffthebum has 10 seconds left.
|inactive|jeffthebum has 5 seconds left.
|
|t:|1756918937
|switch|p2a: Incineroar|Incineroar, L50, M|100/100
|-ability|p2a: Incineroar|Intimidate|boost
|-fail|p1a: Dondozo|unboost|Attack|[from] ability: Oblivious|[of] p1a: Dondozo
|-unboost|p1b: Tatsugiri|atk|1
|switch|p2b: Indeedee|Indeedee-F, L50, F|100/100
|-fieldstart|move: Psychic Terrain|[from] ability: Psychic Surge|[of] p2b: Indeedee
|-enditem|p1b: Tatsugiri|Psychic Seed
|-boost|p1b: Tatsugiri|spd|1|[from] item: Psychic Seed
|move|p1a: Dondozo|Order Up|p2b: Indeedee
|-damage|p2b: Indeedee|74/100
|-enditem|p2b: Indeedee|Red Card|[of] p1a: Dondozo
|-boost|p1a: Dondozo|atk|1
|
|upkeep
|turn|5
|inactive|jeffthebum has 30 seconds left.
|
|t:|1756918969
|move|p1a: Dondozo|Protect|p1a: Dondozo
|-singleturn|p1a: Dondozo|Protect
|move|p2b: Indeedee|Follow Me|p2b: Indeedee
|-singleturn|p2b: Indeedee|move: Follow Me
|move|p2a: Incineroar|Flare Blitz|p1a: Dondozo
|-activate|p1a: Dondozo|move: Protect
|
|upkeep
|turn|6
|
|t:|1756918979
|move|p2b: Indeedee|Follow Me|p2b: Indeedee
|-singleturn|p2b: Indeedee|move: Follow Me
|move|p2a: Incineroar|Flare Blitz|p1a: Dondozo
|-supereffective|p1a: Dondozo
|-damage|p1a: Dondozo|17/100
|-status|p1a: Dondozo|brn
|-damage|p2a: Incineroar|68/100|[from] Recoil
|move|p1a: Dondozo|Wave Crash|p2b: Indeedee
|-damage|p2b: Indeedee|36/100
|-damage|p1a: Dondozo|8/100 brn|[from] Recoil
|
|-heal|p1a: Dondozo|14/100 brn|[from] item: Leftovers
|-damage|p1a: Dondozo|8/100 brn|[from] brn
|upkeep
|turn|7
|inactive|jeffthebum has 30 seconds left.
|inactive|jeffthebum has 20 seconds left.
|inactive|jeffthebum has 15 seconds left.
|
|t:|1756919024
|move|p2a: Incineroar|Protect|p2a: Incineroar
|-singleturn|p2a: Incineroar|Protect
|move|p1a: Dondozo|Protect|p1a: Dondozo
|-singleturn|p1a: Dondozo|Protect
|move|p2b: Indeedee|Healing Wish|p2b: Indeedee
|faint|p2b: Indeedee
|
|-heal|p1a: Dondozo|14/100 brn|[from] item: Leftovers
|-damage|p1a: Dondozo|8/100 brn|[from] brn
|upkeep
|
|t:|1756919030
|switch|p2b: Breloom|Breloom, L50, F|65/100
|-heal|p2b: Breloom|100/100|[from] move: Healing Wish
|turn|8
|inactive|jeffthebum has 30 seconds left.
|
|t:|1756919060
|switch|p2a: Slowbro|Slowbro-Galar, L50, M|100/100
|move|p2b: Breloom|Bullet Seed|p1a: Dondozo
|-resisted|p1a: Dondozo
|-damage|p1a: Dondozo|2/100 brn
|-resisted|p1a: Dondozo
|-damage|p1a: Dondozo|0 fnt
|faint|p1a: Dondozo
|-hitcount|p1: Dondozo|2
|
|-fieldend|move: Psychic Terrain
|upkeep
|
|t:|1756919067
|switch|p1a: Azumarill|Azumarill, L50, F|100/100
|turn|9
|
|t:|1756919078
|move|p1a: Azumarill|Protect|p1a: Azumarill
|-singleturn|p1a: Azumarill|Protect
|move|p1b: Tatsugiri|Icy Wind|p2b: Breloom|[spread] p2a,p2b
|-supereffective|p2b: Breloom
|-damage|p2a: Slowbro|86/100
|-damage|p2b: Breloom|52/100
|-unboost|p2a: Slowbro|spe|1
|-unboost|p2b: Breloom|spe|1
|move|p2b: Breloom|Bullet Seed|p1b: Tatsugiri
|-damage|p1b: Tatsugiri|29/100
|-damage|p1b: Tatsugiri|0 fnt
|faint|p1b: Tatsugiri
|-hitcount|p1: Tatsugiri|2
|move|p2a: Slowbro|Shell Side Arm|p1a: Azumarill|[anim] Shell Side Arm Special
|-activate|p1a: Azumarill|move: Protect
|
|upkeep
|turn|10
|
|t:|1756919094
|switch|p2b: Incineroar|Incineroar, L50, M|68/100
|-ability|p2b: Incineroar|Intimidate|boost
|-unboost|p1a: Azumarill|atk|1
|move|p1a: Azumarill|Aqua Jet|p2b: Incineroar
|-supereffective|p2b: Incineroar
|-enditem|p2b: Incineroar|Passho Berry|[eat]
|-enditem|p2b: Incineroar|Passho Berry|[weaken]
|-damage|p2b: Incineroar|50/100
|-damage|p1a: Azumarill|91/100|[from] item: Life Orb
|move|p2a: Slowbro|Shell Side Arm|p1a: Azumarill|[anim] Shell Side Arm Special
|-supereffective|p1a: Azumarill
|-damage|p1a: Azumarill|3/100
|-hint|Special Shell Side Arm
|
|upkeep
|turn|11
|
|t:|1756919107
|move|p2b: Incineroar|Protect|p2b: Incineroar
|-singleturn|p2b: Incineroar|Protect
|move|p1a: Azumarill|Protect|p1a: Azumarill
|-singleturn|p1a: Azumarill|Protect
|move|p2a: Slowbro|Shell Side Arm|p1a: Azumarill|[anim] Shell Side Arm Special
|-activate|p1a: Azumarill|move: Protect
|
|upkeep
|turn|12
|
|t:|1756919114
|move|p1a: Azumarill|Aqua Jet|p2b: Incineroar
|-supereffective|p2b: Incineroar
|-damage|p2b: Incineroar|16/100
|-damage|p1a: Azumarill|0 fnt|[from] item: Life Orb
|faint|p1a: Azumarill
|
|win|jeffthebum
||Mythic's Shadow is ready for game 3.
|inactive|jeffthebum has 30 seconds to confirm battle start!
||jeffthebum is ready for game 3.
|uhtml|next|Next: Game 3 of 3
