|j|☆iota_002
|j|☆hinoky
|html|iota_002hinoky    
|uhtml|bestof|Game 3 of a best-of-3
|t:|1785833007
|gametype|doubles
|player|p1|iota_002|ethan|1097
|player|p2|hinoky|wattson|1134
|gen|9
|tier|[Gen 9 Champions] VGC 2026 Reg M-B (Bo3)
|rated|
|rule|Species Clause: Limit one of each Pokémon
|rule|Item Clause: Limit 1 of each item
|clearpoke
|poke|p1|Beedrill, L50, F|
|poke|p1|Aegislash, L50, M|
|poke|p1|Talonflame, L50, M|
|poke|p1|Gardevoir, L50, F|
|poke|p1|Glimmora, L50, M|
|poke|p1|Weavile, L50, F|
|poke|p2|Kingambit, L50, F|
|poke|p2|Glimmora, L50, F|
|poke|p2|Whimsicott, L50, M|
|poke|p2|Delphox, L50, M|
|poke|p2|Garchomp, L50, M|
|poke|p2|Staraptor, L50, M|
|teampreview|4
|showteam|p1|Beedrill||Beedrillite|Sniper|Uturn,PoisonJab,DrillRun,Protect|Jolly||F|||50|]Aegislash||SitrusBerry|StanceChange|Poltergeist,SacredSword,WideGuard,KingsShield|Brave||M|||50|]Talonflame||SharpBeak|GaleWings|DualWingbeat,Tailwind,QuickGuard,Taunt|Jolly||M|||50|]Gardevoir||ExpertBelt|Trace|Thunderbolt,Moonblast,Encore,Protect|Quiet||F|||50|]Glimmora||FocusSash|ToxicDebris|EnergyBall,PowerGem,EarthPower,SpikyShield|Modest||M|||50|]Weavile||KingsRock|Pressure|FakeOut,Fling,KnockOff,IceSpinner|Jolly||F|||50|
|showteam|p2|Kingambit||ChopleBerry|Defiant|SuckerPunch,KowtowCleave,IronHead,LowKick|Adamant||F|||50|]Glimmora||FocusSash|ToxicDebris|SludgeBomb,PowerGem,EarthPower,SpikyShield|Timid||F|||50|]Whimsicott||OccaBerry|Prankster|Moonblast,Tailwind,Charm,Protect|Timid||M|||50|]Delphox||Delphoxite|Blaze|HeatWave,Psyshock,Substitute,Protect|Modest||M|||50|]Garchomp||LifeOrb|RoughSkin|DragonClaw,Earthquake,RockSlide,Protect|Jolly||M|||50|]Staraptor||Staraptite|Intimidate|BraveBird,CloseCombat,Roost,Protect|Jolly||M|||50|
|
|t:|1785833063
|teamsize|p1|4
|teamsize|p2|4
|start
|switch|p1a: Beedrill|Beedrill, L50, F|100/100
|switch|p1b: Talonflame|Talonflame, L50, M|100/100
|switch|p2a: Whimsicott|Whimsicott, L50, M|100/100
|switch|p2b: Glimmora|Glimmora, L50, F|100/100
|turn|1
|
|t:|1785833105
|detailschange|p1a: Beedrill|Beedrill-Mega, L50, F
|-mega|p1a: Beedrill|Beedrill|Beedrillite
|move|p1b: Talonflame|Tailwind|p1b: Talonflame
|-sidestart|p1: iota_002|move: Tailwind
|move|p2a: Whimsicott|Tailwind|p2a: Whimsicott
|-sidestart|p2: hinoky|move: Tailwind
|move|p1a: Beedrill|U-turn|p2b: Glimmora
|-resisted|p2b: Glimmora|1
|-damage|p2b: Glimmora|67/100
|-activate|p2b: Glimmora|ability: Toxic Debris
|-sidestart|p1: iota_002|move: Toxic Spikes
|
|t:|1785833115
|switch|p1a: Aegislash|Aegislash, L50, M|100/100|[from] U-turn
|move|p2b: Glimmora|Power Gem|p1a: Aegislash
|-resisted|p1a: Aegislash|1
|-damage|p1a: Aegislash|82/100
|
|upkeep
|turn|2
|
|t:|1785833128
|switch|p2a: Garchomp|Garchomp, L50, M|100/100
|move|p2b: Glimmora|Spiky Shield|p2b: Glimmora
|-singleturn|p2b: Glimmora|move: Protect
|move|p1b: Talonflame|Dual Wingbeat|p2a: Garchomp
|-damage|p2a: Garchomp|83/100
|-damage|p1b: Talonflame|87/100|[from] ability: Rough Skin|[of] p2a: Garchomp
|-damage|p2a: Garchomp|63/100
|-damage|p1b: Talonflame|75/100|[from] ability: Rough Skin|[of] p2a: Garchomp
|-hitcount|p2a: Garchomp|2
|-formechange|p1a: Aegislash|Aegislash-Blade|
|move|p1a: Aegislash|Poltergeist|p2b: Glimmora
|-activate|p2b: Glimmora|move: Protect
|
|upkeep
|turn|3
|
|t:|1785833158
|switch|p2b: Delphox|Delphox, L50, M|100/100
|-formechange|p1a: Aegislash|Aegislash|
|move|p1a: Aegislash|King's Shield|p1a: Aegislash
|-singleturn|p1a: Aegislash|Protect
|move|p1b: Talonflame|Taunt|p2b: Delphox
|-start|p2b: Delphox|move: Taunt
|move|p2a: Garchomp|Rock Slide|p1b: Talonflame|[spread] p1b
|-activate|p1a: Aegislash|move: Protect
|-supereffective|p1b: Talonflame|2
|-damage|p1b: Talonflame|0 fnt
|faint|p1b: Talonflame
|-damage|p2a: Garchomp|53/100|[from] item: Life Orb
|
|upkeep
|
|t:|1785833174
|switch|p1b: Beedrill|Beedrill-Mega, L50, F|100/100
|-sideend|p1: iota_002|move: Toxic Spikes|[of] p1b: Beedrill
|turn|4
|
|t:|1785833191
|switch|p2b: Whimsicott|Whimsicott, L50, M|100/100
|move|p1b: Beedrill|U-turn|p2a: Garchomp
|-damage|p2a: Garchomp|0 fnt
|-damage|p1b: Beedrill|87/100|[from] ability: Rough Skin|[of] p2a: Garchomp
|faint|p2a: Garchomp
|
|t:|1785833198
|switch|p1b: Weavile|Weavile, L50, F|100/100|[from] U-turn
|-ability|p1b: Weavile|Pressure
|-formechange|p1a: Aegislash|Aegislash-Blade|
|move|p1a: Aegislash|Poltergeist|p2b: Whimsicott
|-activate|p2b: Whimsicott|move: Poltergeist|Occa Berry
|-damage|p2b: Whimsicott|20/100y
|
|-sideend|p2: hinoky|move: Tailwind
|-sideend|p1: iota_002|move: Tailwind
|upkeep
|
|t:|1785833208
|switch|p2a: Delphox|Delphox, L50, M|100/100
|turn|5
|
|t:|1785833234
|detailschange|p2a: Delphox|Delphox-Mega, L50, M
|-mega|p2a: Delphox|Delphox|Delphoxite
|move|p2b: Whimsicott|Protect|p2b: Whimsicott
|-singleturn|p2b: Whimsicott|Protect
|move|p2a: Delphox|Protect|p2a: Delphox
|-singleturn|p2a: Delphox|Protect
|move|p1a: Aegislash|Wide Guard|p1a: Aegislash
|-singleturn|p1a: Aegislash|Wide Guard
|move|p1b: Weavile|Knock Off|p2a: Delphox
|-activate|p2a: Delphox|move: Protect
|
|upkeep
|turn|6
|
|t:|1785833250
|move|p1a: Aegislash|Wide Guard|p1a: Aegislash
|-singleturn|p1a: Aegislash|Wide Guard
|move|p2b: Whimsicott|Tailwind|p2b: Whimsicott
|-sidestart|p2: hinoky|move: Tailwind
|move|p2a: Delphox|Heat Wave|p1b: Weavile|[spread] 
|-activate|p1a: Aegislash|move: Wide Guard
|-activate|p1b: Weavile|move: Wide Guard
|move|p1b: Weavile|Knock Off|p2a: Delphox
|-supereffective|p2a: Delphox|1
|-damage|p2a: Delphox|18/100
|
|upkeep
|turn|7
|
|t:|1785833267
|-formechange|p1a: Aegislash|Aegislash|
|move|p1a: Aegislash|King's Shield||[still]
|-fail|p1a: Aegislash
|move|p2a: Delphox|Substitute|p2a: Delphox
|-fail|p2a: Delphox|move: Substitute|[weak]
|move|p2b: Whimsicott|Moonblast|p1b: Weavile
|-supereffective|p1b: Weavile|1
|-damage|p1b: Weavile|14/100
|move|p1b: Weavile|Knock Off|p2a: Delphox
|-supereffective|p2a: Delphox|1
|-damage|p2a: Delphox|0 fnt
|faint|p2a: Delphox
|
|upkeep
|
|t:|1785833278
|switch|p2a: Glimmora|Glimmora, L50, F|67/100
|turn|8
|
|t:|1785833289
|move|p2b: Whimsicott|Moonblast|p1b: Weavile
|-supereffective|p1b: Weavile|1
|-damage|p1b: Weavile|0 fnt
|faint|p1b: Weavile
|move|p2a: Glimmora|Earth Power|p1a: Aegislash
|-supereffective|p1a: Aegislash|1
|-damage|p1a: Aegislash|34/100
|-enditem|p1a: Aegislash|Sitrus Berry|[eat]
|-heal|p1a: Aegislash|58/100|[from] item: Sitrus Berry
|-formechange|p1a: Aegislash|Aegislash-Blade|
|move|p1a: Aegislash|Poltergeist|p2a: Glimmora
|-activate|p2a: Glimmora|move: Poltergeist|Focus Sash
|-damage|p2a: Glimmora|0 fnt
|-activate|p2a: Glimmora|ability: Toxic Debris
|-sidestart|p1: iota_002|move: Toxic Spikes
|faint|p2a: Glimmora
|
|upkeep
|-message|hinoky forfeited.
|
|win|iota_002
|raw|iota_002's rating: 1097 → 1125(+28 for winning)
|raw|hinoky's rating: 1134 → 1106(-28 for losing)
