|j|☆SaQurata
|j|☆Seteshy
|html|SaQurataSeteshy    
|uhtml|bestof|Game 1 of a best-of-3
|t:|1785297438
|gametype|doubles
|player|p1|SaQurata|170|1042
|player|p2|Seteshy|1|1036
|gen|9
|tier|[Gen 9 Champions] VGC 2026 Reg M-B (Bo3)
|rated|
|rule|Species Clause: Limit one of each Pokémon
|rule|Item Clause: Limit 1 of each item
|clearpoke
|poke|p1|Dragonite, L50, F|
|poke|p1|Metagross, L50|
|poke|p1|Ninetales-Alola, L50, M|
|poke|p1|Garchomp, L50, M|
|poke|p1|Incineroar, L50, F|
|poke|p1|Basculegion, L50, M|
|poke|p2|Tyranitar, L50, F|
|poke|p2|Glimmora, L50, F|
|poke|p2|Garganacl, L50, M|
|poke|p2|Kleavor, L50, M|
|poke|p2|Arcanine-Hisui, L50, F|
|poke|p2|Aerodactyl, L50, F|
|teampreview|4
|showteam|p1|Dragonite||Dragoninite|Multiscale|DracoMeteor,Flamethrower,Thunderbolt,Protect|Modest||F|||50|]Metagross||Metagrossite|ClearBody|PsychicFangs,BulletPunch,IcePunch,Protect|Adamant|||||50|]Ninetales-Alola||FocusSash|SnowWarning|Moonblast,FreezeDry,Blizzard,HelpingHand|Timid||M|||50|]Garchomp||LifeOrb|RoughSkin|DragonClaw,RockSlide,PoisonJab,StompingTantrum|Jolly||M|||50|]Incineroar||SitrusBerry|Intimidate|FakeOut,FlareBlitz,ThroatChop,PartingShot|Brave||F|||50|]Basculegion||MysticWater|Adaptability|WaveCrash,LastRespects,AquaJet,Protect|Jolly||M|||50|
|showteam|p2|Tyranitar||Tyranitarite|SandStream|RockSlide,KnockOff,Protect,LowKick|Adamant||F|||50|]Glimmora||FocusSash|ToxicDebris|PowerGem,SpikyShield,EarthPower,SludgeBomb|Modest||F|||50|]Garganacl||Leftovers|PurifyingSalt|SaltCure,BodyPress,IronDefense,Recover|Careful||M|||50|]Kleavor||ChoiceScarf|Sharpness|StoneAxe,XScissor,Uturn,CloseCombat|Adamant||M|||50|]Arcanine-Hisui||LifeOrb|RockHead|FlareBlitz,HeadSmash,WildCharge,ExtremeSpeed|Adamant||F|||50|]Aerodactyl||Aerodactylite|Unnerve|RockSlide,Tailwind,DualWingbeat,Protect|Jolly||F|||50|
|inactive|Battle timer is ON: inactive players will automatically lose when time's up. (requested by SaQurata)
|inactive|SaQurata has 60 seconds left.
|inactive|Seteshy has 60 seconds left.
|
|t:|1785297483
|teamsize|p1|4
|teamsize|p2|4
|start
|switch|p1a: Ninetales|Ninetales-Alola, L50, M|100/100
|switch|p1b: Garchomp|Garchomp, L50, M|100/100
|switch|p2a: Aerodactyl|Aerodactyl, L50, F|100/100
|switch|p2b: Arcanine|Arcanine-Hisui, L50, F|100/100
|-ability|p2a: Aerodactyl|Unnerve
|-weather|Snowscape|[from] ability: Snow Warning|[of] p1a: Ninetales
|turn|1
|inactive|Seteshy has 30 seconds left.
|
|t:|1785297511
|detailschange|p2a: Aerodactyl|Aerodactyl-Mega, L50, F
|-mega|p2a: Aerodactyl|Aerodactyl|Aerodactylite
|move|p2a: Aerodactyl|Tailwind|p2a: Aerodactyl
|-sidestart|p2: Seteshy|move: Tailwind
|move|p2b: Arcanine|Head Smash|p1a: Ninetales
|-supereffective|p1a: Ninetales|1
|-enditem|p1a: Ninetales|Focus Sash
|-damage|p1a: Ninetales|1/100
|-damage|p2b: Arcanine|90/100|[from] item: Life Orb
|move|p1a: Ninetales|Blizzard|p2a: Aerodactyl|[spread] p2a,p2b
|-supereffective|p2a: Aerodactyl|1
|-resisted|p2b: Arcanine|1
|-damage|p2a: Aerodactyl|26/100
|-damage|p2b: Arcanine|69/100
|move|p1b: Garchomp|Stomping Tantrum|p2b: Arcanine
|-supereffective|p2b: Arcanine|2
|-damage|p2b: Arcanine|0 fnt
|faint|p2b: Arcanine
|-damage|p1b: Garchomp|90/100|[from] item: Life Orb
|
|-weather|Snowscape|[upkeep]
|upkeep
|
|t:|1785297531
|switch|p2b: Tyranitar|Tyranitar, L50, F|100/100
|-weather|Sandstorm|[from] ability: Sand Stream|[of] p2b: Tyranitar
|turn|2
|
|t:|1785297543
|switch|p1a: Incineroar|Incineroar, L50, F|100/100
|-ability|p1a: Incineroar|Intimidate|boost
|-unboost|p2a: Aerodactyl|atk|1
|-unboost|p2b: Tyranitar|atk|1
|move|p2a: Aerodactyl|Protect|p2a: Aerodactyl
|-singleturn|p2a: Aerodactyl|Protect
|move|p1b: Garchomp|Rock Slide|p2b: Tyranitar|[spread] p2b
|-activate|p2a: Aerodactyl|move: Protect
|-damage|p2b: Tyranitar|81/100
|-damage|p1b: Garchomp|80/100|[from] item: Life Orb
|move|p2b: Tyranitar|Knock Off|p1b: Garchomp
|-damage|p1b: Garchomp|40/100
|-damage|p2b: Tyranitar|69/100|[from] ability: Rough Skin|[of] p1b: Garchomp
|-enditem|p1b: Garchomp|Life Orb|[from] move: Knock Off|[of] p2b: Tyranitar
|
|-weather|Sandstorm|[upkeep]
|-damage|p1a: Incineroar|94/100|[from] Sandstorm
|upkeep
|turn|3
|inactive|Seteshy has 30 seconds left.
|
|t:|1785297570
|move|p1a: Incineroar|Fake Out|p2b: Tyranitar
|-resisted|p2b: Tyranitar|1
|-damage|p2b: Tyranitar|64/100
|move|p2a: Aerodactyl|Dual Wingbeat|p1b: Garchomp
|-damage|p1b: Garchomp|24/100
|-damage|p2a: Aerodactyl|14/100|[from] ability: Rough Skin|[of] p1b: Garchomp
|-damage|p1b: Garchomp|7/100
|-damage|p2a: Aerodactyl|1/100|[from] ability: Rough Skin|[of] p1b: Garchomp
|-hitcount|p1b: Garchomp|2
|move|p1b: Garchomp|Rock Slide|p2b: Tyranitar|[spread] p2a,p2b
|-supereffective|p2a: Aerodactyl|1
|-damage|p2a: Aerodactyl|0 fnt
|-damage|p2b: Tyranitar|49/100
|faint|p2a: Aerodactyl
|cant|p2b: Tyranitar|flinch
|
|-weather|Sandstorm|[upkeep]
|-damage|p1a: Incineroar|88/100|[from] Sandstorm
|upkeep
|
|t:|1785297587
|switch|p2a: Kleavor|Kleavor, L50, M|100/100
|turn|4
|inactive|Seteshy has 30 seconds left.
|inactive|Seteshy has 20 seconds left.
|inactive|Seteshy has 15 seconds left.
|
|t:|1785297627
|move|p2a: Kleavor|X-Scissor|p1b: Garchomp
|-damage|p1b: Garchomp|0 fnt
|-damage|p2a: Kleavor|87/100|[from] ability: Rough Skin|[of] p1b: Garchomp
|faint|p1b: Garchomp
|move|p2b: Tyranitar|Low Kick|p1a: Incineroar
|-supereffective|p1a: Incineroar|1
|-damage|p1a: Incineroar|48/100
|-enditem|p1a: Incineroar|Sitrus Berry|[eat]
|-heal|p1a: Incineroar|73/100|[from] item: Sitrus Berry
|move|p1a: Incineroar|Flare Blitz|p2a: Kleavor
|-damage|p2a: Kleavor|12/100
|-damage|p1a: Incineroar|54/100|[from] Recoil
|
|-weather|Sandstorm|[upkeep]
|-damage|p1a: Incineroar|49/100|[from] Sandstorm
|-sideend|p2: Seteshy|move: Tailwind
|upkeep
|
|t:|1785297642
|switch|p1b: Ninetales|Ninetales-Alola, L50, M|1/100
|-weather|Snowscape|[from] ability: Snow Warning|[of] p1b: Ninetales
|turn|5
|
|t:|1785297649
|switch|p1a: Basculegion|Basculegion, L50, M|100/100
|move|p2a: Kleavor|X-Scissor|p1a: Basculegion
|-resisted|p1a: Basculegion|1
|-damage|p1a: Basculegion|62/100
|move|p1b: Ninetales|Blizzard|p2b: Tyranitar|[spread] p2a,p2b
|-damage|p2a: Kleavor|0 fnt
|-damage|p2b: Tyranitar|20/100y
|faint|p2a: Kleavor
|move|p2b: Tyranitar|Rock Slide|p1b: Ninetales|[spread] p1a,p1b
|-supereffective|p1b: Ninetales|1
|-damage|p1a: Basculegion|37/100
|-damage|p1b: Ninetales|0 fnt
|faint|p1b: Ninetales
|
|-weather|Snowscape|[upkeep]
|upkeep
|
|t:|1785297661
|switch|p1b: Incineroar|Incineroar, L50, F|49/100
|-ability|p1b: Incineroar|Intimidate|boost
|-unboost|p2b: Tyranitar|atk|1
|turn|6
|
|t:|1785297666
|move|p2b: Tyranitar|Protect|p2b: Tyranitar
|-singleturn|p2b: Tyranitar|Protect
|move|p1b: Incineroar|Fake Out|p2b: Tyranitar
|-activate|p2b: Tyranitar|move: Protect
|move|p1a: Basculegion|Wave Crash|p2b: Tyranitar
|-activate|p2b: Tyranitar|move: Protect
|
|-weather|Snowscape|[upkeep]
|upkeep
|turn|7
|
|t:|1785297685
|move|p1a: Basculegion|Aqua Jet|p2b: Tyranitar
|-supereffective|p2b: Tyranitar|1
|-damage|p2b: Tyranitar|0 fnt
|faint|p2b: Tyranitar
|
|win|SaQurata
||Seteshy is ready for game 2.
|inactive|SaQurata has 30 seconds to confirm battle start!
|inactive|SaQurata has 20 seconds to confirm battle start!
||SaQurata is ready for game 2.
|uhtml|next|Next: Game 2 of 3
|l|☆SaQurata
|player|p1|
