|j|☆Picoti
|j|☆avaiugg
|html|Picotiavaiugg    
|uhtml|bestof|Game 1 of a best-of-3
|t:|1784525471
|gametype|doubles
|player|p1|Picoti|1|1089
|player|p2|avaiugg|266|1077
|gen|9
|tier|[Gen 9 Champions] VGC 2026 Reg M-B (Bo3)
|rated|
|rule|Species Clause: Limit one of each Pokémon
|rule|Item Clause: Limit 1 of each item
|clearpoke
|poke|p1|Araquanid, L50, M|
|poke|p1|Mawile, L50, F|
|poke|p1|Farigiraf, L50, F|
|poke|p1|Armarouge, L50, F|
|poke|p1|Avalugg-Hisui, L50, M|
|poke|p1|Vileplume, L50, F|
|poke|p2|Meowstic, L50, M|
|poke|p2|Mamoswine, L50, M|
|poke|p2|Salazzle, L50, F|
|poke|p2|Kommo-o, L50, M|
|poke|p2|Scizor, L50, F|
|poke|p2|Aerodactyl, L50, M|
|teampreview|4
|showteam|p1|Araquanid||MysticWater|WaterBubble|WideGuard,Liquidation,LeechLife,Protect|Brave||M|||50|]Mawile||Mawilite|Intimidate|IronHead,SuckerPunch,PlayRough,Protect|Brave||F|||50|]Farigiraf||SitrusBerry|ArmorTail|TwinBeam,Thunderbolt,TrickRoom,Protect|Serious||F|||50|]Armarouge||MentalHerb|FlashFire|HeatWave,Psychic,Protect,TrickRoom|Quiet||F|||50|]Avalugg-Hisui||WideLens|Sturdy|RockSlide,MountainGale,Protect,WideGuard|Brave||M|||50|]Vileplume||Leftovers|EffectSpore|SleepPowder,StrengthSap,SludgeBomb,EnergyBall|Modest||F|||50|
|showteam|p2|Meowstic||SitrusBerry|Prankster|Gravity,QuickGuard,Psychic,FakeOut|Bold||M|||50|]Mamoswine||ChoiceScarf|Oblivious|IcicleCrash,Earthquake,RockSlide,KnockOff|Jolly||M|||50|]Salazzle||LifeOrb|Oblivious|DragonCheer,HeatWave,FakeOut,SludgeBomb|Naive||F|||50|]Kommo-o||ScopeLens|Overcoat|AuraSphere,ClangingScales,ClangorousSoul,Protect|Timid||M|||50|]Scizor||Scizorite|Technician|BulletPunch,BugBite,Protect,SwordsDance|Adamant||F|||50|]Aerodactyl||Aerodactylite|Unnerve|RockSlide,DualWingbeat,Tailwind,WideGuard|Jolly||M|||50|
|inactive|Battle timer is ON: inactive players will automatically lose when time's up. (requested by Picoti)
|inactive|avaiugg has 60 seconds left.
|
|t:|1784525520
|teamsize|p1|4
|teamsize|p2|4
|start
|switch|p1a: Araquanid|Araquanid, L50, M|100/100
|switch|p1b: Armarouge|Armarouge, L50, F|100/100
|switch|p2a: Meowstic|Meowstic, L50, M|100/100
|switch|p2b: Aerodactyl|Aerodactyl, L50, M|100/100
|-ability|p2b: Aerodactyl|Unnerve
|turn|1
|
|t:|1784525543
|detailschange|p2b: Aerodactyl|Aerodactyl-Mega, L50, M
|-mega|p2b: Aerodactyl|Aerodactyl|Aerodactylite
|move|p1b: Armarouge|Protect|p1b: Armarouge
|-singleturn|p1b: Armarouge|Protect
|move|p2a: Meowstic|Fake Out|p1b: Armarouge
|-activate|p1b: Armarouge|move: Protect
|move|p2b: Aerodactyl|Dual Wingbeat|p1a: Araquanid
|-supereffective|p1a: Araquanid|1
|-damage|p1a: Araquanid|41/100
|-supereffective|p1a: Araquanid|1
|-damage|p1a: Araquanid|0 fnt
|faint|p1a: Araquanid
|-hitcount|p1: Araquanid|2
|
|upkeep
|
|t:|1784525554
|switch|p1a: Farigiraf|Farigiraf, L50, F|100/100
|turn|2
|
|t:|1784525578
|move|p2a: Meowstic|Gravity|p2a: Meowstic
|-fieldstart|move: Gravity
|move|p2b: Aerodactyl|Rock Slide|p1b: Armarouge|[spread] p1a,p1b
|-supereffective|p1b: Armarouge|1
|-damage|p1a: Farigiraf|74/100
|-damage|p1b: Armarouge|36/100
|move|p1b: Armarouge|Psychic|p2b: Aerodactyl
|-damage|p2b: Aerodactyl|43/100
|cant|p1a: Farigiraf|flinch
|
|upkeep
|turn|3
|
|t:|1784525595
|move|p1b: Armarouge|Protect|p1b: Armarouge
|-singleturn|p1b: Armarouge|Protect
|move|p2b: Aerodactyl|Rock Slide|p1b: Armarouge|[spread] p1a
|-activate|p1b: Armarouge|move: Protect
|-crit|p1a: Farigiraf
|-damage|p1a: Farigiraf|37/100
|-enditem|p1a: Farigiraf|Sitrus Berry|[eat]
|-heal|p1a: Farigiraf|62/100|[from] item: Sitrus Berry
|move|p2a: Meowstic|Psychic|p1a: Farigiraf
|-resisted|p1a: Farigiraf|1
|-damage|p1a: Farigiraf|49/100
|cant|p1a: Farigiraf|flinch
|
|upkeep
|turn|4
|
|t:|1784525610
|switch|p1b: Mawile|Mawile, L50, F|100/100
|-ability|p1b: Mawile|Intimidate|boost
|-unboost|p2a: Meowstic|atk|1
|-unboost|p2b: Aerodactyl|atk|1
|move|p2b: Aerodactyl|Rock Slide|p1b: Mawile|[spread] p1a,p1b
|-resisted|p1b: Mawile|1
|-damage|p1a: Farigiraf|34/100
|-damage|p1b: Mawile|88/100
|move|p2a: Meowstic|Psychic|p1a: Farigiraf
|-resisted|p1a: Farigiraf|1
|-damage|p1a: Farigiraf|22/100
|move|p1a: Farigiraf|Thunderbolt|p2b: Aerodactyl
|-supereffective|p2b: Aerodactyl|1
|-damage|p2b: Aerodactyl|0 fnt
|faint|p2b: Aerodactyl
|
|upkeep
|
|t:|1784525617
|switch|p2b: Mamoswine|Mamoswine, L50, M|100/100
|turn|5
|
|t:|1784525627
|detailschange|p1b: Mawile|Mawile-Mega, L50, F
|-mega|p1b: Mawile|Mawile|Mawilite
|move|p2b: Mamoswine|Earthquake|p1b: Mawile|[spread] p2a,p1a,p1b
|-supereffective|p1b: Mawile|1
|-damage|p2a: Meowstic|69/100
|-damage|p1a: Farigiraf|0 fnt
|-damage|p1b: Mawile|14/100
|faint|p1a: Farigiraf
|move|p2a: Meowstic|Psychic|p1b: Mawile
|-resisted|p1b: Mawile|1
|-damage|p1b: Mawile|0 fnt
|faint|p1b: Mawile
|
|upkeep
|
|t:|1784525635
|switch|p1b: Armarouge|Armarouge, L50, F|36/100
|turn|6
|
|t:|1784525638
|move|p2b: Mamoswine|Earthquake|p1b: Armarouge|[spread] p2a,p1b
|-supereffective|p1b: Armarouge|1
|-damage|p2a: Meowstic|35/100
|-damage|p1b: Armarouge|0 fnt
|-enditem|p2a: Meowstic|Sitrus Berry|[eat]
|-heal|p2a: Meowstic|60/100|[from] item: Sitrus Berry
|faint|p1b: Armarouge
|
|win|avaiugg
