|j|ŌśåVlasaraptor33
|j|ŌśåTraining4perish
|html|Vlasaraptor33Training4perish    
|uhtml|bestof|Game 1 of a best-of-3
|t:|1756309564
|gametype|doubles
|player|p1|Vlasaraptor33|pokemaniac|1076
|player|p2|Training4perish|scientist|1000
|gen|9
|tier|[Gen 9] VGC 2025 Reg H (Bo3)
|rated|
|rule|Species Clause: Limit one of each Pok├®mon
|rule|Item Clause: Limit 1 of each item
|clearpoke
|poke|p1|Tyranitar, L50, M|
|poke|p1|Excadrill, L50, F|
|poke|p1|Palafin, L50, F|
|poke|p1|Farigiraf, L50, M|
|poke|p1|Amoonguss, L50, M|
|poke|p1|Dragapult, L50, F|
|poke|p2|Gothitelle, L50, F|
|poke|p2|Gengar, L50, F|
|poke|p2|Murkrow, L50, M|
|poke|p2|Annihilape, L50, F|
|poke|p2|Incineroar, L50, M|
|poke|p2|Amoonguss, L50, F|
|teampreview|4
|showteam|p1|Tyranitar||AssaultVest|SandStream|RockSlide,KnockOff,TeraBlast,LowKick|||M|||50|,,,,,Ghost]Excadrill||FocusSash|SandRush|IronHead,Earthquake,Protect,PoisonJab|||F|||50|,,,,,Stellar]Palafin||MysticWater|ZerotoHero|FlipTurn,WaveCrash,Protect,JetPunch|||F|||50|,,,,,Water]Farigiraf||ThroatSpray|ArmorTail|HelpingHand,HyperVoice,Psychic,Protect|||M|||50|,,,,,Normal]Amoonguss||SitrusBerry|Regenerator|Spore,RagePowder,PollenPuff,Protect|||M|||50|,,,,,Grass]Dragapult||LifeOrb|ClearBody|DragonDarts,PhantomForce,TeraBlast,Protect|||F|||50|,,,,,Fairy
|showteam|p2|Gothitelle||Leftovers|ShadowTag|FakeOut,Protect,Psychic,TrickRoom|||F|||50|,,,,,Water]Gengar||FocusSash|CursedBody|ShadowBall,SludgeBomb,PerishSong,Protect|||F|||50|,,,,,Normal]Murkrow||CovertCloak|Prankster|Tailwind,PerishSong,Protect,ThunderWave|||M|||50|,,,,,Steel]Annihilape||ChoiceScarf|Defiant|CloseCombat,DrainPunch,Uturn,RageFist|||F|||50|,,,,,Fire]Incineroar||SitrusBerry|Intimidate|FakeOut,Protect,KnockOff,PartingShot|||M|||50|,,,,,Grass]Amoonguss||EjectButton|Regenerator|Spore,Protect,PollenPuff,RagePowder|||F|||50|,,,,,Water
|inactive|Battle timer is ON: inactive players will automatically lose when time's up. (requested by Vlasaraptor33)
|inactive|Training4perish also wants the timer to be on.
|c|ŌśåVlasaraptor33|glhf
|c|ŌśåTraining4perish|U 2 :)
|c|ŌśåVlasaraptor33|ohhh a fun perish team
|inactive|Vlasaraptor33 has 60 seconds left.
|inactive|Training4perish has 60 seconds left.
|c|ŌśåVlasaraptor33|heck yea
|c|ŌśåTraining4perish|yea figured i may as well try some fun stuff lol
|c|ŌśåVlasaraptor33|here for it
|inactive|Training4perish has 30 seconds left.
|inactive|Training4perish has 20 seconds left.
|
|t:|1756309635
|teamsize|p1|4
|teamsize|p2|4
|start
|switch|p1a: Dragapult|Dragapult, L50, F, shiny|100/100
|switch|p1b: Amoonguss|Amoonguss, L50, M|100/100
|switch|p2a: Gengar|Gengar, L50, F, shiny|100/100
|switch|p2b: Annihilape|Annihilape, L50, F, shiny|100/100
|turn|1
|
|t:|1756309652
|move|p1a: Dragapult|Protect|p1a: Dragapult
|-singleturn|p1a: Dragapult|Protect
|move|p2b: Annihilape|U-turn|p1b: Amoonguss
|-damage|p1b: Amoonguss|82/100
|
|t:|1756309654
|switch|p2b: Amoonguss|Amoonguss, L50, F, shiny|100/100|[from] U-turn
|move|p2a: Gengar|Shadow Ball|p1a: Dragapult
|-activate|p1a: Dragapult|move: Protect
|move|p1b: Amoonguss|Spore|p2a: Gengar
|-status|p2a: Gengar|slp|[from] move: Spore
|
|upkeep
|turn|2
|
|t:|1756309678
|move|p1b: Amoonguss|Rage Powder|p1b: Amoonguss
|-singleturn|p1b: Amoonguss|move: Rage Powder
|move|p1a: Dragapult|Dragon Darts|p2a: Gengar
|-damage|p2a: Gengar|37/100 slp
|-start|p1a: Dragapult|Disable|Dragon Darts|[from] ability: Cursed Body|[of] p2a: Gengar
|-anim|p1a: Dragapult|Dragon Darts|p2b: Amoonguss
|-damage|p2b: Amoonguss|74/100
|-enditem|p2b: Amoonguss|Eject Button
|-damage|p1a: Dragapult|91/100|[from] item: Life Orb
|
|t:|1756309695
|switch|p2b: Annihilape|Annihilape, L50, F, shiny|100/100
|cant|p2a: Gengar|slp
|
|upkeep
|turn|3
|c|ŌśåTraining4perish|i forgot my own item lol
|
|t:|1756309717
|-terastallize|p1a: Dragapult|Fairy
|move|p1b: Amoonguss|Rage Powder|p1b: Amoonguss
|-singleturn|p1b: Amoonguss|move: Rage Powder
|move|p2b: Annihilape|U-turn|p1b: Amoonguss
|-damage|p1b: Amoonguss|65/100
|
|t:|1756309723
|switch|p2b: Amoonguss|Amoonguss, L50, F, shiny|100/100|[from] U-turn
|move|p1a: Dragapult|Tera Blast|p2b: Amoonguss|[anim] Tera Blast Fairy
|-resisted|p2b: Amoonguss
|-damage|p2b: Amoonguss|78/100
|-damage|p1a: Dragapult|81/100|[from] item: Life Orb
|cant|p2a: Gengar|slp
|
|upkeep
|turn|4
|c|ŌśåVlasaraptor33|rip lol
|inactive|Vlasaraptor33 has 30 seconds left.
|
|t:|1756309756
|switch|p1b: Palafin|Palafin, L50, F|100/100
|cant|p2a: Gengar|slp
|move|p1a: Dragapult|Phantom Force||[still]
|-prepare|p1a: Dragapult|Phantom Force
|move|p2b: Amoonguss|Spore|p1a: Dragapult|[miss]
|-miss|p2b: Amoonguss|p1a: Dragapult
|
|upkeep
|turn|5
|
|t:|1756309775
|-terastallize|p2a: Gengar|Normal
|-curestatus|p2a: Gengar|slp|[msg]
|move|p2a: Gengar|Protect|p2a: Gengar
|-singleturn|p2a: Gengar|Protect
|move|p1a: Dragapult|Phantom Force|p2a: Gengar|[from] lockedmove
|-immune|p2a: Gengar
|move|p1b: Palafin|Flip Turn|p2b: Amoonguss
|-resisted|p2b: Amoonguss
|-damage|p2b: Amoonguss|69/100
|
|t:|1756309785
|detailschange|p1b: Palafin|Palafin-Hero, L50, F
|switch|p1b: Amoonguss|Amoonguss, L50, M|98/100|[from] Flip Turn
|move|p2b: Amoonguss|Spore|p1a: Dragapult
|-status|p1a: Dragapult|slp|[from] move: Spore
|
|-end|p1a: Dragapult|Disable
|upkeep
|turn|6
|
|t:|1756309810
|cant|p1a: Dragapult|slp
|move|p2a: Gengar|Sludge Bomb|p1a: Dragapult
|-supereffective|p1a: Dragapult
|-damage|p1a: Dragapult|0 fnt
|faint|p1a: Dragapult
|move|p1b: Amoonguss|Spore|p2a: Gengar
|-status|p2a: Gengar|slp|[from] move: Spore
|move|p2b: Amoonguss|Pollen Puff|p2a: Gengar
|-heal|p2a: Gengar|87/100 slp
|
|upkeep
|
|t:|1756309823
|switch|p1a: Palafin|Palafin-Hero, L50, F|100/100
|-activate|p1a: Palafin|ability: Zero to Hero
|turn|7
|
|t:|1756309845
|move|p1b: Amoonguss|Rage Powder|p1b: Amoonguss
|-singleturn|p1b: Amoonguss|move: Rage Powder
|move|p2b: Amoonguss|Rage Powder|p2b: Amoonguss
|-singleturn|p2b: Amoonguss|move: Rage Powder
|cant|p2a: Gengar|slp
|move|p1a: Palafin|Wave Crash|p2b: Amoonguss
|-resisted|p2b: Amoonguss
|-damage|p2b: Amoonguss|29/100
|-damage|p1a: Palafin|86/100|[from] Recoil
|
|upkeep
|turn|8
|inactive|Training4perish has 30 seconds left.
|
|t:|1756309874
|switch|p2b: Gothitelle|Gothitelle, L50, F|100/100
|move|p1b: Amoonguss|Rage Powder|p1b: Amoonguss
|-singleturn|p1b: Amoonguss|move: Rage Powder
|cant|p2a: Gengar|slp
|move|p1a: Palafin|Wave Crash|p2a: Gengar
|-damage|p2a: Gengar|0 fnt
|faint|p2a: Gengar
|-damage|p1a: Palafin|66/100|[from] Recoil
|
|upkeep
|
|t:|1756309884
|switch|p2a: Amoonguss|Amoonguss, L50, F, shiny|62/100
|turn|9
|inactive|Training4perish has 30 seconds left.
|
|t:|1756309910
|move|p1a: Palafin|Protect|p1a: Palafin
|-singleturn|p1a: Palafin|Protect
|move|p2b: Gothitelle|Psychic|p1b: Amoonguss
|-supereffective|p1b: Amoonguss
|-crit|p1b: Amoonguss
|-damage|p1b: Amoonguss|23/100
|-enditem|p1b: Amoonguss|Sitrus Berry|[eat]
|-heal|p1b: Amoonguss|48/100|[from] item: Sitrus Berry
|move|p1b: Amoonguss|Spore|p2b: Gothitelle
|-status|p2b: Gothitelle|slp|[from] move: Spore
|move|p2a: Amoonguss|Spore|p1a: Palafin
|-activate|p1a: Palafin|move: Protect
|
|upkeep
|turn|10
|
|t:|1756309931
|switch|p2b: Annihilape|Annihilape, L50, F, shiny|100/100
|move|p1b: Amoonguss|Rage Powder|p1b: Amoonguss
|-singleturn|p1b: Amoonguss|move: Rage Powder
|move|p2a: Amoonguss|Rage Powder|p2a: Amoonguss
|-singleturn|p2a: Amoonguss|move: Rage Powder
|move|p1a: Palafin|Wave Crash|p2a: Amoonguss
|-resisted|p2a: Amoonguss
|-damage|p2a: Amoonguss|27/100
|-damage|p1a: Palafin|53/100|[from] Recoil
|
|upkeep
|turn|11
|
|t:|1756309950
|switch|p2a: Gothitelle|Gothitelle, L50, F|100/100 slp
|move|p1b: Amoonguss|Rage Powder|p1b: Amoonguss
|-singleturn|p1b: Amoonguss|move: Rage Powder
|move|p2b: Annihilape|U-turn|p1b: Amoonguss
|-damage|p1b: Amoonguss|31/100
|
|t:|1756309954
|switch|p2b: Amoonguss|Amoonguss, L50, F, shiny|60/100|[from] U-turn
|move|p1a: Palafin|Wave Crash|p2b: Amoonguss
|-resisted|p2b: Amoonguss
|-damage|p2b: Amoonguss|23/100
|-damage|p1a: Palafin|39/100|[from] Recoil
|
|upkeep
|turn|12
|
|t:|1756309972
|move|p2b: Amoonguss|Protect|p2b: Amoonguss
|-singleturn|p2b: Amoonguss|Protect
|cant|p2a: Gothitelle|slp
|move|p1b: Amoonguss|Rage Powder|p1b: Amoonguss
|-singleturn|p1b: Amoonguss|move: Rage Powder
|move|p1a: Palafin|Wave Crash|p2b: Amoonguss
|-activate|p2b: Amoonguss|move: Protect
|
|upkeep
|turn|13
|inactive|Vlasaraptor33 has 30 seconds left.
|
|t:|1756310005
|move|p1b: Amoonguss|Rage Powder|p1b: Amoonguss
|-singleturn|p1b: Amoonguss|move: Rage Powder
|move|p2b: Amoonguss|Rage Powder|p2b: Amoonguss
|-singleturn|p2b: Amoonguss|move: Rage Powder
|move|p1a: Palafin|Flip Turn|p2b: Amoonguss
|-resisted|p2b: Amoonguss
|-damage|p2b: Amoonguss|5/100
|
|t:|1756310012
|switch|p1a: Farigiraf|Farigiraf, L50, M, shiny|100/100|[from] Flip Turn
|cant|p2a: Gothitelle|slp
|
|upkeep
|turn|14
|
|t:|1756310021
|switch|p2b: Annihilape|Annihilape, L50, F, shiny|100/100
|move|p1b: Amoonguss|Rage Powder|p1b: Amoonguss
|-singleturn|p1b: Amoonguss|move: Rage Powder
|move|p1a: Farigiraf|Hyper Voice|p2a: Gothitelle|[spread] p2a
|-immune|p2b: Annihilape
|-damage|p2a: Gothitelle|73/100 slp
|-enditem|p1a: Farigiraf|Throat Spray
|-boost|p1a: Farigiraf|spa|1|[from] item: Throat Spray
|-curestatus|p2a: Gothitelle|slp|[msg]
|move|p2a: Gothitelle|Psychic|p1b: Amoonguss
|-supereffective|p1b: Amoonguss
|-damage|p1b: Amoonguss|0 fnt
|faint|p1b: Amoonguss
|
|-heal|p2a: Gothitelle|79/100|[from] item: Leftovers
|upkeep
|
|t:|1756310040
|switch|p1b: Palafin|Palafin-Hero, L50, F|39/100
|turn|15
|
|t:|1756310062
|switch|p2a: Amoonguss|Amoonguss, L50, F, shiny|39/100
|move|p1a: Farigiraf|Protect|p1a: Farigiraf
|-singleturn|p1a: Farigiraf|Protect
|move|p2b: Annihilape|U-turn|p1a: Farigiraf
|-activate|p1a: Farigiraf|move: Protect
|move|p1b: Palafin|Wave Crash|p2b: Annihilape
|-damage|p2b: Annihilape|5/100
|-damage|p1b: Palafin|8/100|[from] Recoil
|
|upkeep
|turn|16
|inactive|Vlasaraptor33 has 30 seconds left.
|inactive|Training4perish has 30 seconds left.
|inactive|Vlasaraptor33 has 20 seconds left.
|
|t:|1756310100
|switch|p2a: Gothitelle|Gothitelle, L50, F|79/100
|move|p1b: Palafin|Protect|p1b: Palafin
|-singleturn|p1b: Palafin|Protect
|move|p2b: Annihilape|U-turn|p1a: Farigiraf
|-supereffective|p1a: Farigiraf
|-damage|p1a: Farigiraf|59/100
|
|t:|1756310106
|switch|p2b: Amoonguss|Amoonguss, L50, F, shiny|72/100|[from] U-turn
|move|p1a: Farigiraf|Hyper Voice|p2a: Gothitelle|[spread] p2a,p2b
|-damage|p2a: Gothitelle|38/100
|-damage|p2b: Amoonguss|35/100
|
|-heal|p2a: Gothitelle|44/100|[from] item: Leftovers
|upkeep
|turn|17
|
|t:|1756310126
|move|p2b: Amoonguss|Rage Powder|p2b: Amoonguss
|-singleturn|p2b: Amoonguss|move: Rage Powder
|move|p1b: Palafin|Jet Punch|p2b: Amoonguss
|-resisted|p2b: Amoonguss
|-damage|p2b: Amoonguss|15/100
|move|p1a: Farigiraf|Psychic|p2b: Amoonguss
|-supereffective|p2b: Amoonguss
|-damage|p2b: Amoonguss|0 fnt
|faint|p2b: Amoonguss
|move|p2a: Gothitelle|Psychic|p1b: Palafin
|-damage|p1b: Palafin|0 fnt
|faint|p1b: Palafin
|
|-heal|p2a: Gothitelle|50/100|[from] item: Leftovers
|upkeep
|
|t:|1756310135
|switch|p2b: Annihilape|Annihilape, L50, F, shiny|5/100
|turn|18
|c|ŌśåVlasaraptor33|ggs
|
|t:|1756310153
|move|p2b: Annihilape|Close Combat|p1a: Farigiraf
|-damage|p1a: Farigiraf|6/100
|-unboost|p2b: Annihilape|def|1
|-unboost|p2b: Annihilape|spd|1
|move|p1a: Farigiraf|Psychic|p2b: Annihilape
|-supereffective|p2b: Annihilape
|-damage|p2b: Annihilape|0 fnt
|faint|p2b: Annihilape
|move|p2a: Gothitelle|Psychic|p1a: Farigiraf
|-resisted|p1a: Farigiraf
|-damage|p1a: Farigiraf|0 fnt
|faint|p1a: Farigiraf
|
|win|Training4perish
|c|ŌśåTraining4perish|Ggs
|c|ŌśåTraining4perish|wp
