|j|☆Lamortse
|j|☆Llama_Llord
|html|LamortseLlama_Llord    
|uhtml|bestof|Game 1 of a best-of-3
|t:|1756727851
|gametype|doubles
|player|p1|Lamortse|170|1072
|player|p2|Llama_Llord|265|1041
|gen|9
|tier|[Gen 9] VGC 2025 Reg H (Bo3)
|rated|
|rule|Species Clause: Limit one of each Pokémon
|rule|Item Clause: Limit 1 of each item
|clearpoke
|poke|p1|Archaludon, L50, F|
|poke|p1|Kingdra, L50, M|
|poke|p1|Politoed, L50, M|
|poke|p1|Incineroar, L50, M|
|poke|p1|Gothitelle, L50, M|
|poke|p1|Amoonguss, L50, M|
|poke|p2|Meowscarada, L50, M|
|poke|p2|Primarina, L50, F|
|poke|p2|Indeedee, L50, M|
|poke|p2|Sneasler, L50, F|
|poke|p2|Tatsugiri, L50, F|
|poke|p2|Kingambit, L50, F|
|teampreview|4
|showteam|p1|Archaludon||PowerHerb|Sturdy|Protect,ElectroShot,FlashCannon,DragonPulse|||F|||50|,,,,,Electric]Kingdra||LifeOrb|SwiftSwim|Protect,DracoMeteor,WeatherBall,MuddyWater|||M|||50|,,,,,Stellar]Politoed||Leftovers|Drizzle|Protect,WeatherBall,PerishSong,Encore|||M|||50|,,,,,Grass]Incineroar||SafetyGoggles|Intimidate|FakeOut,KnockOff,PartingShot,Protect|||M|||50|,,,,,Ghost]Gothitelle||SitrusBerry|ShadowTag|Protect,Psychic,FakeOut,TrickRoom|||M|||50|,,,,,Dark]Amoonguss||EjectButton|Regenerator|Protect,RagePowder,Spore,PollenPuff|||M|||50|,,,,,Fairy
|showteam|p2|Meowscarada||FocusSash|Overgrow|GrassPledge,KnockOff,FlowerTrick,Protect|||M|||50|,,,,,Fairy]Primarina||LifeOrb|LiquidVoice|WaterPledge,HyperVoice,Moonblast,Protect|||F|||50|,,,,,Poison]Indeedee||SafetyGoggles|PsychicSurge|ExpandingForce,Imprison,TrickRoom,Protect|||M|||50|,,,,,Fire]Sneasler||PsychicSeed|Unburden|DireClaw,CloseCombat,ThroatChop,Protect|||F|||50|,,,,,Stellar]Tatsugiri||AssaultVest|StormDrain|DracoMeteor,IcyWind,TeraBlast,Surf|||F|||50|,,,,,Ground]Kingambit||BlackGlasses|Defiant|KowtowCleave,IronHead,SuckerPunch,Protect|||F|||50|,,,,,Fairy
|inactive|Battle timer is ON: inactive players will automatically lose when time's up. (requested by Llama_Llord)
|inactive|Lamortse also wants the timer to be on.
|inactive|Lamortse has 60 seconds left.
|inactive|Llama_Llord has 60 seconds left.
|inactive|Llama_Llord has 30 seconds left.
|
|t:|1756727915
|teamsize|p1|4
|teamsize|p2|4
|start
|switch|p1a: Incineroar|Incineroar, L50, M|100/100
|switch|p1b: Politoed|Politoed, L50, M|100/100
|switch|p2a: Indeedee|Indeedee, L50, M|100/100
|switch|p2b: Sneasler|Sneasler, L50, F|100/100
|-fieldstart|move: Psychic Terrain|[from] ability: Psychic Surge|[of] p2a: Indeedee
|-enditem|p2b: Sneasler|Psychic Seed
|-boost|p2b: Sneasler|spd|1|[from] item: Psychic Seed
|-weather|RainDance|[from] ability: Drizzle|[of] p1b: Politoed
|-ability|p1a: Incineroar|Intimidate|boost
|-unboost|p2a: Indeedee|atk|1
|-unboost|p2b: Sneasler|atk|1
|turn|1
|
|t:|1756727929
|move|p2b: Sneasler|Dire Claw|p1b: Politoed
|-damage|p1b: Politoed|66/100
|move|p2a: Indeedee|Expanding Force|p1a: Incineroar|[spread] p1b
|-immune|p1a: Incineroar
|-damage|p1b: Politoed|26/100
|move|p1b: Politoed|Perish Song|p1b: Politoed
|-start|p1a: Incineroar|perish3|[silent]
|-start|p1b: Politoed|perish3|[silent]
|-start|p2a: Indeedee|perish3|[silent]
|-start|p2b: Sneasler|perish3|[silent]
|-fieldactivate|move: Perish Song
|move|p1a: Incineroar|Parting Shot|p2b: Sneasler
|-unboost|p2b: Sneasler|atk|1
|-unboost|p2b: Sneasler|spa|1
|
|t:|1756727937
|switch|p1a: Gothitelle|Gothitelle, L50, M|100/100|[from] Parting Shot
|
|-weather|RainDance|[upkeep]
|-heal|p1b: Politoed|32/100|[from] item: Leftovers
|-start|p2b: Sneasler|perish3
|-start|p2a: Indeedee|perish3
|-start|p1b: Politoed|perish3
|upkeep
|turn|2
|
|t:|1756727958
|switch|p1b: Incineroar|Incineroar, L50, M|100/100
|-ability|p1b: Incineroar|Intimidate|boost
|-unboost|p2a: Indeedee|atk|1
|-unboost|p2b: Sneasler|atk|1
|move|p1a: Gothitelle|Protect|p1a: Gothitelle
|-singleturn|p1a: Gothitelle|Protect
|move|p2b: Sneasler|Throat Chop|p1a: Gothitelle
|-activate|p1a: Gothitelle|move: Protect
|move|p2a: Indeedee|Expanding Force|p1a: Gothitelle|[spread] 
|-activate|p1a: Gothitelle|move: Protect
|-immune|p1b: Incineroar
|
|-weather|RainDance|[upkeep]
|-start|p2b: Sneasler|perish2
|-start|p2a: Indeedee|perish2
|upkeep
|turn|3
|
|t:|1756727971
|-terastallize|p1a: Gothitelle|Dark
|move|p2b: Sneasler|Throat Chop|p1a: Gothitelle
|-resisted|p1a: Gothitelle
|-damage|p1a: Gothitelle|94/100
|-start|p1a: Gothitelle|Throat Chop|[silent]
|move|p2a: Indeedee|Expanding Force|p1b: Incineroar|[spread] 
|-immune|p1a: Gothitelle
|-immune|p1b: Incineroar
|move|p1a: Gothitelle|Psychic|p2b: Sneasler
|-supereffective|p2b: Sneasler
|-damage|p2b: Sneasler|0 fnt
|faint|p2b: Sneasler
|move|p1b: Incineroar|Knock Off|p2a: Indeedee
|-supereffective|p2a: Indeedee
|-damage|p2a: Indeedee|0 fnt
|-enditem|p2a: Indeedee|Safety Goggles|[from] move: Knock Off|[of] p1b: Incineroar
|faint|p2a: Indeedee
|
|-weather|RainDance|[upkeep]
|upkeep
|
|t:|1756727975
|switch|p2b: Puss in Boots|Meowscarada, L50, M|100/100
|switch|p2a: Tatsugiri|Tatsugiri, L50, F|100/100
|turn|4
|
|t:|1756727996
|move|p2b: Puss in Boots|Protect|p2b: Puss in Boots
|-singleturn|p2b: Puss in Boots|Protect
|move|p2a: Tatsugiri|Surf|p1a: Gothitelle|[spread] p1a,p1b
|-activate|p2b: Puss in Boots|move: Protect
|-supereffective|p1b: Incineroar
|-damage|p1a: Gothitelle|55/100
|-damage|p1b: Incineroar|31/100
|move|p1a: Gothitelle|Psychic|p2a: Tatsugiri
|-damage|p2a: Tatsugiri|63/100
|-unboost|p2a: Tatsugiri|spd|1
|move|p1b: Incineroar|Knock Off|p2a: Tatsugiri
|-damage|p2a: Tatsugiri|0 fnt
|-enditem|p2a: Tatsugiri|Assault Vest|[from] move: Knock Off|[of] p1b: Incineroar
|faint|p2a: Tatsugiri
|
|-weather|RainDance|[upkeep]
|-end|p1a: Gothitelle|Throat Chop|[silent]
|upkeep
|turn|5
|
|t:|1756728010
|move|p1a: Gothitelle|Protect|p1a: Gothitelle
|-singleturn|p1a: Gothitelle|Protect
|move|p2b: Puss in Boots|Flower Trick|p1a: Gothitelle
|-activate|p1a: Gothitelle|move: Protect
|move|p1b: Incineroar|Parting Shot|p2b: Puss in Boots
|-unboost|p2b: Puss in Boots|atk|1
|-unboost|p2b: Puss in Boots|spa|1
|
|t:|1756728015
|switch|p1b: Archaludon|Archaludon, L50, F|100/100|[from] Parting Shot
|
|-weather|none
|-fieldend|move: Psychic Terrain
|upkeep
|turn|6
|-message|Llama_Llord forfeited.
|
|win|Lamortse
