|j|☆chrisjhall
|j|‽Sparkles1755
|html|chrisjhallSparkles1755    
|uhtml|bestof|Game 3 of a best-of-3
|t:|1785673488
|gametype|doubles
|player|p1|chrisjhall|dawn|1250
|player|p2|Sparkles1755|veteran|1233
|gen|9
|tier|[Gen 9 Champions] VGC 2026 Reg M-B (Bo3)
|rated|
|rule|Species Clause: Limit one of each Pokémon
|rule|Item Clause: Limit 1 of each item
|clearpoke
|poke|p1|Incineroar, L50, F|
|poke|p1|Gengar, L50, M|
|poke|p1|Kommo-o, L50, F|
|poke|p1|Ninetales-Alola, L50, M|
|poke|p1|Volcarona, L50, M|
|poke|p1|Raichu, L50, M|
|poke|p2|Blaziken, L50, F|
|poke|p2|Kingambit, L50, M|
|poke|p2|Ninetales-Alola, L50, M|
|poke|p2|Basculegion, L50, M|
|poke|p2|Whimsicott, L50, F|
|poke|p2|Farigiraf, L50, F|
|teampreview|4
|showteam|p1|Incineroar||PasshoBerry|Intimidate|FakeOut,ThroatChop,FlareBlitz,PartingShot|Adamant||F|||50|]Gengar||Gengarite|CursedBody|SludgeBomb,ShadowBall,Protect,Substitute|Modest||M|||50|]Kommo-o||Leftovers|Soundproof|ClangingScales,ClangorousSoul,AuraSphere,Protect|Modest||F|||50|]Ninetales-Alola||ChoiceScarf|SnowWarning|IcyWind,Blizzard,FreezeDry,Moonblast|Modest||M|||50|]Volcarona||SitrusBerry|FlameBody|StruggleBug,RagePowder,Flamethrower,Protect|Bold||M|||50|]Raichu||RaichuniteX|LightningRod|FakeOut,VoltTackle,VoltSwitch,Protect|Jolly||M|||50|
|showteam|p2|Blaziken||Blazikenite|SpeedBoost|CloseCombat,FlareBlitz,RockSlide,Detect|Adamant||F|||50|]Kingambit||LifeOrb|Defiant|IronHead,KowtowCleave,SuckerPunch,Protect|Adamant||M|||50|]Ninetales-Alola||NeverMeltIce|SnowWarning|Blizzard,FreezeDry,Encore,Protect|Timid||M|||50|]Basculegion||ChoiceScarf|Adaptability|LastRespects,WaveCrash,FlipTurn,AquaJet|Jolly||M|||50|]Whimsicott||FocusSash|Prankster|Moonblast,Tailwind,Encore,Protect|Timid||F|||50|]Farigiraf||SitrusBerry|ArmorTail|TwinBeam,Thunderbolt,TrickRoom,HelpingHand|Modest||F|||50|
|inactive|Battle timer is ON: inactive players will automatically lose when time's up. (requested by Sparkles1755)
|inactive|chrisjhall has 60 seconds left.
|inactive|Sparkles1755 has 60 seconds left.
|inactive|chrisjhall has 30 seconds left.
|
|t:|1785673561
|teamsize|p1|4
|teamsize|p2|4
|start
|switch|p1a: Gengar|Gengar, L50, M|100/100
|switch|p1b: Incineroar|Incineroar, L50, F|100/100
|switch|p2a: Kingambit|Kingambit, L50, M|100/100
|switch|p2b: Blaziken|Blaziken, L50, F|100/100
|-ability|p1b: Incineroar|Intimidate|boost
|-unboost|p2a: Kingambit|atk|1
|-ability|p2a: Kingambit|Defiant|boost
|-boost|p2a: Kingambit|atk|2
|-unboost|p2b: Blaziken|atk|1
|turn|1
|
|t:|1785673581
|switch|p2b: Farigiraf|Farigiraf, L50, F|100/100
|switch|p1b: Kommo-o|Kommo-o, L50, F|100/100
|detailschange|p1a: Gengar|Gengar-Mega, L50, M
|-mega|p1a: Gengar|Gengar|Gengarite
|move|p1a: Gengar|Substitute|p1a: Gengar
|-start|p1a: Gengar|Substitute
|-damage|p1a: Gengar|75/100
|move|p2a: Kingambit|Kowtow Cleave|p1a: Gengar
|-supereffective|p1a: Gengar|1
|-end|p1a: Gengar|Substitute
|-damage|p2a: Kingambit|90/100|[from] item: Life Orb
|
|upkeep
|turn|2
|inactive|Sparkles1755 has 30 seconds left.
|inactive|chrisjhall has 30 seconds left.
|inactive|Sparkles1755 has 20 seconds left.
|
|t:|1785673618
|move|p2a: Kingambit|Protect|p2a: Kingambit
|-singleturn|p2a: Kingambit|Protect
|move|p1a: Gengar|Substitute|p1a: Gengar
|-start|p1a: Gengar|Substitute
|-damage|p1a: Gengar|51/100
|move|p1b: Kommo-o|Aura Sphere|p2a: Kingambit
|-activate|p2a: Kingambit|move: Protect
|move|p2b: Farigiraf|Twin Beam|p1b: Kommo-o
|-supereffective|p1b: Kommo-o|1
|-damage|p1b: Kommo-o|67/100
|-supereffective|p1b: Kommo-o|1
|-damage|p1b: Kommo-o|32/100
|-hitcount|p1b: Kommo-o|2
|
|-heal|p1b: Kommo-o|38/100|[from] item: Leftovers
|upkeep
|turn|3
|
|t:|1785673634
|move|p2b: Farigiraf|Helping Hand|p2a: Kingambit
|-singleturn|p2a: Kingambit|Helping Hand|[of] p2b: Farigiraf
|move|p1a: Gengar|Protect|p1a: Gengar
|-singleturn|p1a: Gengar|Protect
|move|p2a: Kingambit|Sucker Punch|p1b: Kommo-o
|-resisted|p1b: Kommo-o|1
|-damage|p1b: Kommo-o|0 fnt
|faint|p1b: Kommo-o
|-damage|p2a: Kingambit|80/100|[from] item: Life Orb
|
|upkeep
|
|t:|1785673647
|switch|p1b: Incineroar|Incineroar, L50, F|100/100
|-ability|p1b: Incineroar|Intimidate|boost
|-unboost|p2a: Kingambit|atk|1
|-ability|p2a: Kingambit|Defiant|boost
|-boost|p2a: Kingambit|atk|2
|-unboost|p2b: Farigiraf|atk|1
|turn|4
|
|t:|1785673668
|move|p2b: Farigiraf|Helping Hand|p2a: Kingambit
|-singleturn|p2a: Kingambit|Helping Hand|[of] p2b: Farigiraf
|move|p1a: Gengar|Sludge Bomb|p2b: Farigiraf
|-damage|p2b: Farigiraf|47/100
|-enditem|p2b: Farigiraf|Sitrus Berry|[eat]
|-heal|p2b: Farigiraf|72/100|[from] item: Sitrus Berry
|move|p1b: Incineroar|Flare Blitz|p2a: Kingambit
|-supereffective|p2a: Kingambit|1
|-damage|p2a: Kingambit|0 fnt
|faint|p2a: Kingambit
|-damage|p1b: Incineroar|72/100|[from] Recoil
|
|upkeep
|
|t:|1785673685
|switch|p2a: Blaziken|Blaziken, L50, F|100/100
|turn|5
|
|t:|1785673698
|switch|p1b: Ninetales|Ninetales-Alola, L50, M|100/100
|-weather|Snowscape|[from] ability: Snow Warning|[of] p1b: Ninetales
|detailschange|p2a: Blaziken|Blaziken-Mega, L50, F
|-mega|p2a: Blaziken|Blaziken|Blazikenite
|move|p1a: Gengar|Protect|p1a: Gengar
|-singleturn|p1a: Gengar|Protect
|move|p2a: Blaziken|Flare Blitz|p1a: Gengar
|-activate|p1a: Gengar|move: Protect
|move|p2b: Farigiraf|Twin Beam|p1a: Gengar
|-activate|p1a: Gengar|move: Protect
|
|-weather|Snowscape|[upkeep]
|-ability|p2a: Blaziken|Speed Boost|boost
|-boost|p2a: Blaziken|spe|1
|upkeep
|turn|6
|inactive|chrisjhall has 30 seconds left.
|inactive|Sparkles1755 has 30 seconds left.
|
|t:|1785673732
|move|p1b: Ninetales|Blizzard|p2b: Farigiraf|[spread] p2a,p2b
|-resisted|p2a: Blaziken|1
|-damage|p2a: Blaziken|77/100
|-damage|p2b: Farigiraf|41/100
|move|p2a: Blaziken|Rock Slide|p1a: Gengar|[spread] p1a,p1b
|-end|p1a: Gengar|Substitute
|-supereffective|p1b: Ninetales|1
|-damage|p1b: Ninetales|48/100
|move|p1a: Gengar|Sludge Bomb|p2b: Farigiraf
|-damage|p2b: Farigiraf|0 fnt
|faint|p2b: Farigiraf
|
|-weather|Snowscape|[upkeep]
|-ability|p2a: Blaziken|Speed Boost|boost
|-boost|p2a: Blaziken|spe|1
|upkeep
|
|t:|1785673739
|switch|p2b: Ninetales|Ninetales-Alola, L50, M|100/100
|turn|7
|inactive|Sparkles1755 has 30 seconds left.
|
|t:|1785673771
|switch|p1b: Incineroar|Incineroar, L50, F|72/100
|-ability|p1b: Incineroar|Intimidate|boost
|-unboost|p2a: Blaziken|atk|1
|-unboost|p2b: Ninetales|atk|1
|move|p1a: Gengar|Protect|p1a: Gengar
|-singleturn|p1a: Gengar|Protect
|move|p2a: Blaziken|Rock Slide|p1b: Incineroar|[spread] p1b
|-activate|p1a: Gengar|move: Protect
|-supereffective|p1b: Incineroar|1
|-damage|p1b: Incineroar|39/100
|move|p2b: Ninetales|Blizzard|p1a: Gengar|[spread] p1b
|-activate|p1a: Gengar|move: Protect
|-resisted|p1b: Incineroar|1
|-damage|p1b: Incineroar|24/100
|
|-weather|Snowscape|[upkeep]
|-ability|p2a: Blaziken|Speed Boost|boost
|-boost|p2a: Blaziken|spe|1
|upkeep
|turn|8
|
|t:|1785673795
|move|p1b: Incineroar|Fake Out|p2a: Blaziken
|-damage|p2a: Blaziken|59/100
|cant|p2a: Blaziken|flinch
|move|p1a: Gengar|Substitute|p1a: Gengar
|-start|p1a: Gengar|Substitute
|-damage|p1a: Gengar|26/100
|move|p2b: Ninetales|Blizzard|p1b: Incineroar|[spread] p1a,p1b
|-end|p1a: Gengar|Substitute
|-resisted|p1b: Incineroar|1
|-damage|p1b: Incineroar|9/100
|
|-weather|Snowscape|[upkeep]
|-ability|p2a: Blaziken|Speed Boost|boost
|-boost|p2a: Blaziken|spe|1
|upkeep
|turn|9
|
|t:|1785673809
|switch|p1b: Ninetales|Ninetales-Alola, L50, M|48/100
|move|p1a: Gengar|Protect|p1a: Gengar
|-singleturn|p1a: Gengar|Protect
|move|p2a: Blaziken|Flare Blitz|p1a: Gengar
|-activate|p1a: Gengar|move: Protect
|move|p2b: Ninetales|Blizzard|p1b: Ninetales|[spread] p1b
|-activate|p1a: Gengar|move: Protect
|-resisted|p1b: Ninetales|1
|-damage|p1b: Ninetales|27/100
|
|-weather|none
|-ability|p2a: Blaziken|Speed Boost|boost
|-boost|p2a: Blaziken|spe|1
|upkeep
|turn|10
|
|t:|1785673827
|switch|p1b: Incineroar|Incineroar, L50, F|9/100
|-ability|p1b: Incineroar|Intimidate|boost
|-unboost|p2a: Blaziken|atk|1
|-unboost|p2b: Ninetales|atk|1
|move|p2a: Blaziken|Rock Slide|p1b: Incineroar|[spread] p1a
|-miss|p2a: Blaziken|p1b: Incineroar
|-damage|p1a: Gengar|8/100
|move|p1a: Gengar|Sludge Bomb|p2b: Ninetales
|-supereffective|p2b: Ninetales|1
|-damage|p2b: Ninetales|0 fnt
|faint|p2b: Ninetales
|
|-ability|p2a: Blaziken|Speed Boost|boost
|-boost|p2a: Blaziken|spe|1
|upkeep
|turn|11
|
|t:|1785673848
|switch|p1b: Ninetales|Ninetales-Alola, L50, M|27/100
|-weather|Snowscape|[from] ability: Snow Warning|[of] p1b: Ninetales
|move|p2a: Blaziken|Detect|p2a: Blaziken
|-singleturn|p2a: Blaziken|Protect
|move|p1a: Gengar|Protect||[still]
|-fail|p1a: Gengar
|
|-weather|Snowscape|[upkeep]
|upkeep
|turn|12
|
|t:|1785673863
|switch|p1a: Incineroar|Incineroar, L50, F|9/100
|-ability|p1a: Incineroar|Intimidate|boost
|-unboost|p2a: Blaziken|atk|1
|move|p2a: Blaziken|Rock Slide|p1b: Ninetales|[spread] p1a,p1b
|-supereffective|p1a: Incineroar|1
|-supereffective|p1b: Ninetales|1
|-damage|p1a: Incineroar|0 fnt
|-damage|p1b: Ninetales|8/100
|faint|p1a: Incineroar
|move|p1b: Ninetales|Moonblast|p2a: Blaziken
|-damage|p2a: Blaziken|5/100
|
|-weather|Snowscape|[upkeep]
|upkeep
|
|t:|1785673873
|switch|p1a: Gengar|Gengar-Mega, L50, M|8/100
|turn|13
|
|t:|1785673880
|move|p2a: Blaziken|Rock Slide|p1a: Gengar|[spread] p1a,p1b
|-supereffective|p1b: Ninetales|1
|-damage|p1a: Gengar|0 fnt
|-damage|p1b: Ninetales|0 fnt
|faint|p1a: Gengar
|faint|p1b: Ninetales
|
|win|Sparkles1755
|raw|chrisjhall's rating: 1250 → 1224(-26 for losing)
|raw|Sparkles1755's rating: 1233 → 1259(+26 for winning)
