|j|☆Blitzball Ace
|j|☆big-fo0t
|html|Blitzball Acebig-fo0t    
|uhtml|bestof|Game 2 of a best-of-3
|t:|1755635396
|gametype|doubles
|player|p1|Blitzball Ace|winona|1225
|player|p2|big-fo0t|ingo|1190
|gen|9
|tier|[Gen 9] VGC 2025 Reg H (Bo3)
|rated|
|rule|Species Clause: Limit one of each Pokémon
|rule|Item Clause: Limit 1 of each item
|clearpoke
|poke|p1|Garchomp, L50, M|
|poke|p1|Incineroar, L50, M|
|poke|p1|Gholdengo, L50|
|poke|p1|Porygon2, L50|
|poke|p1|Primarina, L50, M|
|poke|p1|Vivillon-Polar, L50, M|
|poke|p2|Sneasler, L50, F|
|poke|p2|Indeedee, L50, M|
|poke|p2|Ursaluna-Bloodmoon, L50, M|
|poke|p2|Electabuzz, L50, M|
|poke|p2|Talonflame, L50, M|
|poke|p2|Meowscarada, L50, M|
|teampreview|4
|showteam|p1|Garchomp||LifeOrb|RoughSkin|Earthquake,DragonClaw,StompingTantrum,Protect|||M|||50|,,,,,Steel]Incineroar||SafetyGoggles|Intimidate|FakeOut,FlareBlitz,KnockOff,PartingShot|||M|||50|,,,,,Ghost]Gholdengo||MetalCoat|GoodasGold|MakeItRain,ShadowBall,NastyPlot,Protect||||||50|,,,,,Dragon]Porygon2||Eviolite|Download|TeraBlast,IceBeam,TrickRoom,Recover||||||50|,,,,,Fighting]Primarina||SitrusBerry|LiquidVoice|HyperVoice,Moonblast,Haze,Protect|||M|||50|,,,,,Grass]Vivillon-Polar||FocusSash|CompoundEyes|Hurricane,SleepPowder,Protect,RagePowder|||M|||50|,,,,,Ghost
|showteam|p2|Sneasler||PsychicSeed|Unburden|CloseCombat,DireClaw,ThroatChop,Protect|||F|||50|,,,,,Stellar]Indeedee||ChoiceScarf|PsychicSurge|ExpandingForce,TeraBlast,Trick,Protect|||M|||50|,,,,,Fighting]Ursaluna-Bloodmoon||LifeOrb|MindsEye|HyperVoice,EarthPower,Protect,BloodMoon|||M|||50|,,,,,Normal]Electabuzz||Eviolite|VitalSpirit|FollowMe,Electroweb,Taunt,Protect|||M|||50|,,,,,Ghost]Talonflame||CovertCloak|GaleWings|Tailwind,BraveBird,FlareBlitz,Protect|||M|||50|,,,,,Flying]Meowscarada||FocusSash|Overgrow|FlowerTrick,KnockOff,Protect,ThroatChop|||M|||50|,,,,,Grass
|inactive|Battle timer is ON: inactive players will automatically lose when time's up. (requested by Blitzball Ace)
|
|t:|1755635438
|teamsize|p1|4
|teamsize|p2|4
|start
|switch|p1a: Sylphrena|Vivillon-Polar, L50, M|100/100
|switch|p1b: Taravangian|Porygon2, L50|100/100
|switch|p2a: Ursaluna|Ursaluna-Bloodmoon, L50, M|100/100
|switch|p2b: Indeedee|Indeedee, L50, M|100/100
|-fieldstart|move: Psychic Terrain|[from] ability: Psychic Surge|[of] p2b: Indeedee
|-ability|p1b: Taravangian|Download|boost
|-boost|p1b: Taravangian|spa|1
|turn|1
|inactive|Blitzball Ace has 30 seconds left.
|
|t:|1755635472
|-terastallize|p2a: Ursaluna|Normal
|move|p2b: Indeedee|Expanding Force|p1a: Sylphrena|[spread] p1a,p1b
|-enditem|p1a: Sylphrena|Focus Sash
|-damage|p1a: Sylphrena|1/100
|-damage|p1b: Taravangian|67/100
|move|p1a: Sylphrena|Sleep Powder|p2a: Ursaluna
|-status|p2a: Ursaluna|slp|[from] move: Sleep Powder
|cant|p2a: Ursaluna|slp
|move|p1b: Taravangian|Trick Room|p1b: Taravangian
|-fieldstart|move: Trick Room|[of] p1b: Taravangian
|
|upkeep
|turn|2
|
|t:|1755635495
|-terastallize|p1b: Taravangian|Fighting
|move|p1b: Taravangian|Tera Blast|p2a: Ursaluna|[anim] Tera Blast Fighting
|-supereffective|p2a: Ursaluna
|-damage|p2a: Ursaluna|0 fnt
|faint|p2a: Ursaluna
|move|p1a: Sylphrena|Sleep Powder|p2b: Indeedee
|-status|p2b: Indeedee|slp|[from] move: Sleep Powder
|cant|p2b: Indeedee|slp
|
|upkeep
|
|t:|1755635510
|switch|p2a: Meowscarada|Meowscarada, L50, M|100/100
|turn|3
|
|t:|1755635522
|move|p2a: Meowscarada|Protect|p2a: Meowscarada
|-singleturn|p2a: Meowscarada|Protect
|move|p1b: Taravangian|Tera Blast|p2b: Indeedee|[anim] Tera Blast Fighting
|-damage|p2b: Indeedee|28/100 slp
|move|p1a: Sylphrena|Hurricane|p2b: Indeedee
|-damage|p2b: Indeedee|0 fnt
|faint|p2b: Indeedee
|
|upkeep
|
|t:|1755635531
|switch|p2b: Sneasler|Sneasler, L50, F|100/100
|-enditem|p2b: Sneasler|Psychic Seed
|-boost|p2b: Sneasler|spd|1|[from] item: Psychic Seed
|turn|4
|
|t:|1755635544
|move|p1b: Taravangian|Ice Beam|p2a: Meowscarada
|-supereffective|p2a: Meowscarada
|-enditem|p2a: Meowscarada|Focus Sash
|-damage|p2a: Meowscarada|1/100
|-status|p2a: Meowscarada|frz
|move|p1a: Sylphrena|Hurricane|p2a: Meowscarada|[miss]
|-miss|p1a: Sylphrena|p2a: Meowscarada
|cant|p2a: Meowscarada|frz
|move|p2b: Sneasler|Dire Claw|p1b: Taravangian
|-damage|p1b: Taravangian|43/100
|-status|p1b: Taravangian|par
|
|upkeep
|turn|5
|inactive|Blitzball Ace has 30 seconds left.
|inactive|Blitzball Ace has 20 seconds left.
|
|t:|1755635581
|cant|p2a: Meowscarada|frz
|move|p2b: Sneasler|Protect|p2b: Sneasler
|-singleturn|p2b: Sneasler|Protect
|move|p1b: Taravangian|Tera Blast|p2a: Meowscarada|[anim] Tera Blast Fighting
|-supereffective|p2a: Meowscarada
|-damage|p2a: Meowscarada|0 fnt
|faint|p2a: Meowscarada
|move|p1a: Sylphrena|Sleep Powder|p2b: Sneasler
|-activate|p2b: Sneasler|move: Protect
|
|-fieldend|move: Trick Room
|-fieldend|move: Psychic Terrain
|upkeep
|turn|6
|
|t:|1755635593
|move|p2b: Sneasler|Dire Claw|p1a: Sylphrena
|-damage|p1a: Sylphrena|0 fnt
|faint|p1a: Sylphrena
|move|p1b: Taravangian|Trick Room|p1b: Taravangian
|-fieldstart|move: Trick Room|[of] p1b: Taravangian
|
|upkeep
|
|t:|1755635595
|switch|p1a: Shallan|Primarina, L50, M|100/100
|turn|7
|
|t:|1755635608
|move|p2b: Sneasler|Protect|p2b: Sneasler
|-singleturn|p2b: Sneasler|Protect
|cant|p1b: Taravangian|par
|move|p1a: Shallan|Moonblast|p2b: Sneasler
|-activate|p2b: Sneasler|move: Protect
|
|upkeep
|turn|8
|
|t:|1755635616
|cant|p1b: Taravangian|par
|move|p1a: Shallan|Moonblast|p2b: Sneasler
|-damage|p2b: Sneasler|57/100
|-unboost|p2b: Sneasler|spa|1
|move|p2b: Sneasler|Dire Claw|p1a: Shallan
|-supereffective|p1a: Shallan
|-damage|p1a: Shallan|13/100
|-status|p1a: Shallan|par
|-enditem|p1a: Shallan|Sitrus Berry|[eat]
|-heal|p1a: Shallan|38/100 par|[from] item: Sitrus Berry
|
|upkeep
|turn|9
|
|t:|1755635637
|cant|p1b: Taravangian|par
|cant|p1a: Shallan|par
|move|p2b: Sneasler|Dire Claw|p1a: Shallan
|-supereffective|p1a: Shallan
|-damage|p1a: Shallan|0 fnt
|faint|p1a: Shallan
|
|upkeep
|
|t:|1755635642
|switch|p1a: Adolin|Gholdengo, L50|100/100
|turn|10
|
|t:|1755635658
|move|p2b: Sneasler|Protect|p2b: Sneasler
|-singleturn|p2b: Sneasler|Protect
|move|p1b: Taravangian|Recover|p1b: Taravangian
|-heal|p1b: Taravangian|93/100 par
|move|p1a: Adolin|Make It Rain|p2b: Sneasler
|-activate|p2b: Sneasler|move: Protect
|
|-fieldend|move: Trick Room
|upkeep
|turn|11
|
|t:|1755635667
|move|p1a: Adolin|Protect|p1a: Adolin
|-singleturn|p1a: Adolin|Protect
|move|p2b: Sneasler|Throat Chop|p1a: Adolin
|-activate|p1a: Adolin|move: Protect
|move|p1b: Taravangian|Ice Beam|p2b: Sneasler
|-damage|p2b: Sneasler|21/100
|
|upkeep
|turn|12
|
|t:|1755635675
|move|p2b: Sneasler|Throat Chop|p1a: Adolin
|-supereffective|p1a: Adolin
|-damage|p1a: Adolin|48/100
|-start|p1a: Adolin|Throat Chop|[silent]
|move|p1a: Adolin|Make It Rain|p2b: Sneasler
|-damage|p2b: Sneasler|0 fnt
|-unboost|p1a: Adolin|spa|1
|faint|p2b: Sneasler
|
|win|Blitzball Ace
|raw|Blitzball Ace's rating: 1225 → 1247(+22 for winning)
|raw|big-fo0t's rating: 1190 → 1168(-22 for losing)
