|j|☆Fcjavic99
|j|☆lordtentacle69
|html|Fcjavic99lordtentacle69    
|uhtml|bestof|Game 2 of a best-of-3
|t:|1784883394
|gametype|doubles
|player|p1|Fcjavic99|1|1319
|player|p2|lordtentacle69|corbeau|1389
|gen|9
|tier|[Gen 9 Champions] VGC 2026 Reg M-B (Bo3)
|rated|
|rule|Species Clause: Limit one of each Pokémon
|rule|Item Clause: Limit 1 of each item
|clearpoke
|poke|p1|Floette-Eternal, L50, F|
|poke|p1|Charizard, L50, M|
|poke|p1|Basculegion, L50, M|
|poke|p1|Garchomp, L50, M|
|poke|p1|Whimsicott, L50, M|
|poke|p1|Kingambit, L50, M|
|poke|p2|Delphox, L50, M|
|poke|p2|Incineroar, L50, M|
|poke|p2|Maushold-Four, L50|
|poke|p2|Sinistcha, L50|
|poke|p2|Sneasler, L50, F|
|poke|p2|Blastoise, L50, M|
|teampreview|4
|showteam|p1|Floette-Eternal||Floettite|FlowerVeil|DazzlingGleam,Protect,Moonblast,LightofRuin|Modest||F|||50|]Charizard||CharizarditeY|SolarPower|Protect,SolarBeam,WeatherBall,HeatWave|Modest||M|||50|]Basculegion||ChoiceScarf|Adaptability|FlipTurn,WaveCrash,LastRespects,AquaJet|Jolly||M|||50|]Garchomp||LifeOrb|RoughSkin|Protect,Earthquake,DragonClaw,RockSlide|Jolly||M|||50|]Whimsicott||FocusSash|Prankster|Moonblast,Encore,Protect,Tailwind|Timid||M|||50|]Kingambit||BlackGlasses|Defiant|Protect,KowtowCleave,IronHead,SuckerPunch|Adamant||M|||50|
|showteam|p2|Delphox||Delphoxite|Blaze|HeatWave,Psychic,NastyPlot,Protect|Timid||M|||50|]Incineroar||SitrusBerry|Intimidate|FakeOut,PartingShot,FlareBlitz,ThroatChop|Impish||M|||50|]Maushold-Four||ChopleBerry|FriendGuard|Feint,HelpingHand,Protect,FollowMe|Impish|||||50|]Sinistcha||ColburBerry|Hospitality|Protect,MatchaGotcha,TrickRoom,RagePowder|Bold|||||50|]Sneasler||FocusSash|PoisonTouch|CloseCombat,PoisonJab,QuickGuard,FakeOut|Adamant||F|||50|]Blastoise||Blastoisinite|RainDish|Protect,WaterSpout,DarkPulse,ShellSmash|Timid||M|||50|
|inactive|Battle timer is ON: inactive players will automatically lose when time's up. (requested by Fcjavic99)
|
|t:|1784883416
|teamsize|p1|4
|teamsize|p2|4
|start
|switch|p1a: Basculegion|Basculegion, L50, M|100/100
|switch|p1b: Kingambit|Kingambit, L50, M|100/100
|switch|p2a: Unctober|Delphox, L50, M|100/100
|switch|p2b: Sarahn's OC|Sneasler, L50, F|100/100
|turn|1
|
|t:|1784883436
|switch|p2b: Green Day|Sinistcha, L50|100/100
|detailschange|p2a: Unctober|Delphox-Mega, L50, M
|-mega|p2a: Unctober|Delphox|Delphoxite
|move|p2a: Unctober|Protect|p2a: Unctober
|-singleturn|p2a: Unctober|Protect
|move|p1b: Kingambit|Protect|p1b: Kingambit
|-singleturn|p1b: Kingambit|Protect
|move|p1a: Basculegion|Wave Crash|p2a: Unctober
|-activate|p2a: Unctober|move: Protect
|
|upkeep
|turn|2
|inactive|lordtentacle69 has 30 seconds left.
|
|t:|1784883462
|switch|p1a: Garchomp|Garchomp, L50, M|100/100
|move|p2b: Green Day|Rage Powder|p2b: Green Day
|-singleturn|p2b: Green Day|move: Rage Powder
|move|p2a: Unctober|Nasty Plot|p2a: Unctober
|-boost|p2a: Unctober|spa|2
|move|p1b: Kingambit|Kowtow Cleave|p2b: Green Day
|-supereffective|p2b: Green Day|1
|-enditem|p2b: Green Day|Colbur Berry|[eat]
|-enditem|p2b: Green Day|Colbur Berry|[weaken]
|-damage|p2b: Green Day|50/100g
|
|upkeep
|turn|3
|
|t:|1784883483
|move|p2b: Green Day|Rage Powder|p2b: Green Day
|-singleturn|p2b: Green Day|move: Rage Powder
|move|p2a: Unctober|Heat Wave|p1a: Garchomp|[spread] p1a,p1b
|-resisted|p1a: Garchomp|1
|-supereffective|p1b: Kingambit|1
|-damage|p1a: Garchomp|58/100
|-damage|p1b: Kingambit|0 fnt
|faint|p1b: Kingambit
|move|p1a: Garchomp|Rock Slide|p2a: Unctober|[spread] p2a
|-miss|p1a: Garchomp|p2b: Green Day
|-supereffective|p2a: Unctober|1
|-damage|p2a: Unctober|30/100
|-damage|p1a: Garchomp|49/100|[from] item: Life Orb
|
|upkeep
|inactive|Fcjavic99 has 30 seconds left.
|
|t:|1784883509
|switch|p1b: Charizard|Charizard, L50, M|100/100
|turn|4
|
|t:|1784883516
|switch|p1a: Basculegion|Basculegion, L50, M|100/100
|switch|p2b: Gochujang|Incineroar, L50, M|100/100
|-ability|p2b: Gochujang|Intimidate|boost
|-unboost|p1a: Basculegion|atk|1
|-unboost|p1b: Charizard|atk|1
|detailschange|p1b: Charizard|Charizard-Mega-Y, L50, M
|-mega|p1b: Charizard|Charizard|Charizardite Y
|-weather|SunnyDay|[from] ability: Drought|[of] p1b: Charizard
|move|p2a: Unctober|Protect|p2a: Unctober
|-singleturn|p2a: Unctober|Protect
|move|p1b: Charizard|Heat Wave|p2a: Unctober|[spread] p2b
|-activate|p2a: Unctober|move: Protect
|-resisted|p2b: Gochujang|1
|-damage|p2b: Gochujang|71/100
|
|-weather|SunnyDay|[upkeep]
|upkeep
|turn|5
|
|t:|1784883539
|switch|p2a: Green Day|Sinistcha, L50|50/100g
|-heal|p2b: Gochujang|96/100|[from] ability: Hospitality|[of] p2a: Green Day
|switch|p1b: Garchomp|Garchomp, L50, M|49/100
|move|p1a: Basculegion|Flip Turn|p2a: Green Day
|-resisted|p2a: Green Day|1
|-damage|p2a: Green Day|46/100
|
|t:|1784883548
|switch|p1a: Charizard|Charizard-Mega-Y, L50, M|100/100|[from] Flip Turn
|move|p2b: Gochujang|Throat Chop|p1a: Charizard
|-damage|p1a: Charizard|68/100
|-start|p1a: Charizard|Throat Chop|[silent]
|
|-weather|SunnyDay|[upkeep]
|upkeep
|turn|6
|
|t:|1784883564
|move|p2a: Green Day|Protect|p2a: Green Day
|-singleturn|p2a: Green Day|Protect
|move|p1b: Garchomp|Earthquake|p2a: Green Day|[spread] p2b
|-activate|p2a: Green Day|move: Protect
|-immune|p1a: Charizard
|-supereffective|p2b: Gochujang|1
|-damage|p2b: Gochujang|17/100
|-enditem|p2b: Gochujang|Sitrus Berry|[eat]
|-heal|p2b: Gochujang|42/100|[from] item: Sitrus Berry
|-damage|p1b: Garchomp|39/100|[from] item: Life Orb
|move|p1a: Charizard|Heat Wave|p2b: Gochujang|[spread] p2b
|-activate|p2a: Green Day|move: Protect
|-resisted|p2b: Gochujang|1
|-damage|p2b: Gochujang|14/100
|move|p2b: Gochujang|Parting Shot|p1a: Charizard
|-unboost|p1a: Charizard|atk|1
|-unboost|p1a: Charizard|spa|1
|
|t:|1784883580
|switch|p2b: Unctober|Delphox-Mega, L50, M|30/100|[from] Parting Shot
|
|-weather|SunnyDay|[upkeep]
|-end|p1a: Charizard|Throat Chop|[silent]
|upkeep
|turn|7
|
|t:|1784883588
|switch|p1b: Basculegion|Basculegion, L50, M|100/100
|switch|p2a: Gochujang|Incineroar, L50, M|14/100
|-ability|p2a: Gochujang|Intimidate|boost
|-unboost|p1a: Charizard|atk|1
|-unboost|p1b: Basculegion|atk|1
|move|p2b: Unctober|Psychic|p1b: Basculegion
|-damage|p1b: Basculegion|44/100
|move|p1a: Charizard|Heat Wave|p2a: Gochujang|[spread] p2a,p2b
|-resisted|p2a: Gochujang|1
|-resisted|p2b: Unctober|1
|-damage|p2a: Gochujang|0 fnt
|-damage|p2b: Unctober|13/100
|faint|p2a: Gochujang
|
|-weather|SunnyDay|[upkeep]
|upkeep
|
|t:|1784883592
|switch|p2a: Green Day|Sinistcha, L50|46/100
|-heal|p2b: Unctober|37/100|[from] ability: Hospitality|[of] p2a: Green Day
|turn|8
|
|t:|1784883610
|move|p2b: Unctober|Protect|p2b: Unctober
|-singleturn|p2b: Unctober|Protect
|move|p2a: Green Day|Protect|p2a: Green Day
|-singleturn|p2a: Green Day|Protect
|move|p1b: Basculegion|Flip Turn|p2b: Unctober
|-activate|p2b: Unctober|move: Protect
|move|p1a: Charizard|Heat Wave|p2b: Unctober|[spread] 
|-activate|p2a: Green Day|move: Protect
|-activate|p2b: Unctober|move: Protect
|
|-weather|none
|upkeep
|turn|9
|
|t:|1784883630
|move|p2a: Green Day|Rage Powder|p2a: Green Day
|-singleturn|p2a: Green Day|move: Rage Powder
|move|p1b: Basculegion|Flip Turn|p2a: Green Day
|-resisted|p2a: Green Day|1
|-damage|p2a: Green Day|36/100
|
|t:|1784883635
|switch|p1b: Garchomp|Garchomp, L50, M|39/100|[from] Flip Turn
|move|p2b: Unctober|Nasty Plot|p2b: Unctober
|-boost|p2b: Unctober|spa|2
|move|p1a: Charizard|Heat Wave|p2b: Unctober|[spread] p2a,p2b
|-supereffective|p2a: Green Day|1
|-resisted|p2b: Unctober|1
|-damage|p2a: Green Day|0 fnt
|-damage|p2b: Unctober|26/100
|faint|p2a: Green Day
|
|upkeep
|
|t:|1784883644
|switch|p2a: Sarahn's OC|Sneasler, L50, F|100/100
|turn|10
|
|t:|1784883665
|move|p1b: Garchomp|Protect|p1b: Garchomp
|-singleturn|p1b: Garchomp|Protect
|move|p2a: Sarahn's OC|Fake Out|p1a: Charizard
|-damage|p1a: Charizard|51/100
|move|p2b: Unctober|Psychic|p1b: Garchomp
|-activate|p1b: Garchomp|move: Protect
|cant|p1a: Charizard|flinch
|
|upkeep
|turn|11
|
|t:|1784883685
|move|p1a: Charizard|Protect|p1a: Charizard
|-singleturn|p1a: Charizard|Protect
|move|p2b: Unctober|Heat Wave|p1a: Charizard|[spread] p1b
|-activate|p1a: Charizard|move: Protect
|-resisted|p1b: Garchomp|1
|-damage|p1b: Garchomp|0 fnt
|faint|p1b: Garchomp
|move|p2a: Sarahn's OC|Poison Jab|p1a: Charizard
|-activate|p1a: Charizard|move: Protect
|
|upkeep
|
|t:|1784883691
|switch|p1b: Basculegion|Basculegion, L50, M|44/100
|turn|12
|
|t:|1784883701
|move|p2b: Unctober|Protect|p2b: Unctober
|-singleturn|p2b: Unctober|Protect
|move|p1b: Basculegion|Last Respects|p2b: Unctober
|-activate|p2b: Unctober|move: Protect
|move|p2a: Sarahn's OC|Poison Jab|p1b: Basculegion
|-resisted|p1b: Basculegion|1
|-damage|p1b: Basculegion|21/100
|move|p1a: Charizard|Heat Wave|p2b: Unctober|[spread] p2a
|-activate|p2b: Unctober|move: Protect
|-damage|p2a: Sarahn's OC|61/100
|
|upkeep
|turn|13
|inactive|Fcjavic99 has 30 seconds left.
|inactive|Fcjavic99 has 20 seconds left.
|inactive|Fcjavic99 has 15 seconds left.
|
|t:|1784883741
|move|p1b: Basculegion|Last Respects|p2a: Sarahn's OC
|-damage|p2a: Sarahn's OC|0 fnt
|faint|p2a: Sarahn's OC
|move|p2b: Unctober|Heat Wave|p1a: Charizard|[spread] p1a,p1b
|-resisted|p1a: Charizard|1
|-resisted|p1b: Basculegion|1
|-damage|p1a: Charizard|13/100
|-damage|p1b: Basculegion|0 fnt
|faint|p1b: Basculegion
|move|p1a: Charizard|Heat Wave|p2b: Unctober
|-resisted|p2b: Unctober|1
|-damage|p2b: Unctober|10/100
|
|upkeep
|turn|14
|
|t:|1784883748
|move|p2b: Unctober|Psychic|p1a: Charizard
|-damage|p1a: Charizard|0 fnt
|faint|p1a: Charizard
|
|win|lordtentacle69
|raw|Fcjavic99's rating: 1319 → 1303(-16 for losing)
|raw|lordtentacle69's rating: 1389 → 1405(+16 for winning)
