|j|☆The Grindel
|j|☆SideB33563356
|html|The GrindelSideB33563356    
|uhtml|bestof|Game 2 of a best-of-3
|t:|1784165742
|gametype|doubles
|player|p1|The Grindel|101|
|player|p2|SideB33563356|1|
|gen|9
|tier|[Gen 9 Champions] VGC 2026 Reg M-B (Bo3)
|rule|Species Clause: Limit one of each Pokémon
|rule|Item Clause: Limit 1 of each item
|clearpoke
|poke|p1|Pelipper, L50, F|
|poke|p1|Sceptile, L50, M, shiny|
|poke|p1|Archaludon, L50, F|
|poke|p1|Basculegion, L50, M, shiny|
|poke|p1|Sinistcha, L50|
|poke|p1|Rotom-Heat, L50, shiny|
|poke|p2|Metagross, L50|
|poke|p2|Talonflame, L50, M|
|poke|p2|Basculegion, L50, M|
|poke|p2|Kingambit, L50, M|
|poke|p2|Hydreigon, L50, M|
|poke|p2|Ninetales-Alola, L50, F|
|teampreview|4
|showteam|p1|Pelipper||FocusSash|Drizzle|Tailwind,WeatherBall,DualWingbeat,IceBeam|Timid||F|||50|]Sceptile||Sceptilite|Overgrow|Detect,DragonPulse,EarthPower,LeafStorm|Timid||M|||50|]Archaludon||Leftovers|Stamina|Protect,FlashCannon,AuraSphere,ElectroShot|Modest||F|||50|]Basculegion||MysticWater|Adaptability|AquaJet,LastRespects,Protect,WaveCrash|Adamant||M|||50|]Sinistcha||SitrusBerry|Hospitality|MatchaGotcha,RagePowder,LifeDew,ShadowBall|Bold|||||50|]Rotom-Heat||ChoiceScarf|Levitate|Trick,Discharge,VoltSwitch,Overheat|Timid|||||50|
|showteam|p2|Metagross||Metagrossite|ClearBody|MeteorMash,PsychicFangs,BulletPunch,Protect|Jolly|||||50|]Talonflame||SharpBeak|GaleWings|BraveBird,WillOWisp,Tailwind,Protect|Jolly||M|||50|]Basculegion||LifeOrb|Adaptability|WaveCrash,LastRespects,AquaJet,Protect|Jolly||M|||50|]Kingambit||BlackGlasses|Defiant|KowtowCleave,LowKick,SuckerPunch,Protect|Adamant||M|||50|]Hydreigon||ChoiceScarf|Levitate|DarkPulse,DracoMeteor,Snarl,EarthPower|Modest||M|||50|]Ninetales-Alola||FocusSash|SnowWarning|Blizzard,FreezeDry,Encore,Protect|Timid||F|||50|
|
|t:|1784165789
|teamsize|p1|4
|teamsize|p2|4
|start
|switch|p1a: Gemini|Rotom-Heat, L50, shiny|100/100
|switch|p1b: July 4th|Sceptile, L50, M, shiny|100/100
|switch|p2a: knickswinthechip!|Hydreigon, L50, M|100/100
|switch|p2b: Texas Power Crisis|Ninetales-Alola, L50, F|100/100
|-weather|Snowscape|[from] ability: Snow Warning|[of] p2b: Texas Power Crisis
|turn|1
|
|t:|1784165824
|detailschange|p1b: July 4th|Sceptile-Mega, L50, M, shiny
|-mega|p1b: July 4th|Sceptile|Sceptilite
|move|p2b: Texas Power Crisis|Protect|p2b: Texas Power Crisis
|-singleturn|p2b: Texas Power Crisis|Protect
|move|p1a: Gemini|Discharge|p2b: Texas Power Crisis|[spread] p2a
|-activate|p2b: Texas Power Crisis|move: Protect
|-ability|p1b: July 4th|Lightning Rod|boost
|-boost|p1b: July 4th|spa|1
|-resisted|p2a: knickswinthechip!|1
|-damage|p2a: knickswinthechip!|85/100
|move|p2a: knickswinthechip!|Draco Meteor|p1b: July 4th
|-supereffective|p1b: July 4th|1
|-damage|p1b: July 4th|0 fnt
|-unboost|p2a: knickswinthechip!|spa|2
|faint|p1b: July 4th
|
|-weather|Snowscape|[upkeep]
|upkeep
|
|t:|1784165843
|switch|p1b: Claude Fable 5|Archaludon, L50, F|100/100
|turn|2
|
|t:|1784165875
|switch|p2a: Wave Crash My Wife|Basculegion, L50, M|100/100
|move|p1a: Gemini|Discharge|p2a: Wave Crash My Wife|[spread] p1b,p2a,p2b
|-resisted|p1b: Claude Fable 5|1
|-supereffective|p2a: Wave Crash My Wife|1
|-damage|p1b: Claude Fable 5|85/100
|-damage|p2a: Wave Crash My Wife|39/100
|-damage|p2b: Texas Power Crisis|67/100
|-status|p2a: Wave Crash My Wife|par
|-ability|p1b: Claude Fable 5|Stamina|boost
|-boost|p1b: Claude Fable 5|def|1
|move|p2b: Texas Power Crisis|Blizzard|p1a: Gemini|[spread] p1a,p1b
|-resisted|p1a: Gemini|1
|-damage|p1a: Gemini|78/100
|-damage|p1b: Claude Fable 5|54/100
|-ability|p1b: Claude Fable 5|Stamina|boost
|-boost|p1b: Claude Fable 5|def|1
|move|p1b: Claude Fable 5|Aura Sphere|p2a: Wave Crash My Wife
|-immune|p2a: Wave Crash My Wife
|
|-weather|Snowscape|[upkeep]
|-heal|p1b: Claude Fable 5|60/100|[from] item: Leftovers
|upkeep
|turn|3
|
|t:|1784165902
|move|p1b: Claude Fable 5|Protect|p1b: Claude Fable 5
|-singleturn|p1b: Claude Fable 5|Protect
|move|p2a: Wave Crash My Wife|Aqua Jet|p1a: Gemini
|-supereffective|p1a: Gemini|1
|-crit|p1a: Gemini
|-damage|p1a: Gemini|0 fnt
|faint|p1a: Gemini
|-damage|p2a: Wave Crash My Wife|29/100 par|[from] item: Life Orb
|move|p2b: Texas Power Crisis|Encore|p1b: Claude Fable 5
|-activate|p1b: Claude Fable 5|move: Protect
|
|-weather|Snowscape|[upkeep]
|-heal|p1b: Claude Fable 5|66/100|[from] item: Leftovers
|upkeep
|
|t:|1784165917
|switch|p1a: Cha GPT|Sinistcha, L50|100/100
|-heal|p1b: Claude Fable 5|91/100|[from] ability: Hospitality|[of] p1a: Cha GPT
|turn|4
|
|t:|1784165944
|move|p2b: Texas Power Crisis|Protect|p2b: Texas Power Crisis
|-singleturn|p2b: Texas Power Crisis|Protect
|move|p1a: Cha GPT|Rage Powder|p1a: Cha GPT
|-singleturn|p1a: Cha GPT|move: Rage Powder
|move|p1b: Claude Fable 5|Flash Cannon|p2a: Wave Crash My Wife
|-resisted|p2a: Wave Crash My Wife|1
|-crit|p2a: Wave Crash My Wife
|-damage|p2a: Wave Crash My Wife|0 fnt
|faint|p2a: Wave Crash My Wife
|
|-weather|Snowscape|[upkeep]
|-heal|p1b: Claude Fable 5|97/100|[from] item: Leftovers
|upkeep
|
|t:|1784165958
|switch|p2a: knickswinthechip!|Hydreigon, L50, M|85/100
|turn|5
|
|t:|1784165991
|move|p1a: Cha GPT|Rage Powder|p1a: Cha GPT
|-singleturn|p1a: Cha GPT|move: Rage Powder
|move|p2a: knickswinthechip!|Dark Pulse|p1a: Cha GPT
|-supereffective|p1a: Cha GPT|1
|-damage|p1a: Cha GPT|8/100
|-enditem|p1a: Cha GPT|Sitrus Berry|[eat]
|-heal|p1a: Cha GPT|33/100|[from] item: Sitrus Berry
|move|p2b: Texas Power Crisis|Blizzard|p1a: Cha GPT|[spread] p1a,p1b
|-supereffective|p1a: Cha GPT|1
|-damage|p1a: Cha GPT|0 fnt
|-damage|p1b: Claude Fable 5|61/100
|-status|p1b: Claude Fable 5|frz
|-ability|p1b: Claude Fable 5|Stamina|boost
|-boost|p1b: Claude Fable 5|def|1
|faint|p1a: Cha GPT
|cant|p1b: Claude Fable 5|frz
|
|-weather|none
|-heal|p1b: Claude Fable 5|68/100 frz|[from] item: Leftovers
|upkeep
|turn|6
|
|t:|1784166012
|move|p2a: knickswinthechip!|Dark Pulse|p1b: Claude Fable 5
|-damage|p1b: Claude Fable 5|19/100 frz
|-ability|p1b: Claude Fable 5|Stamina|boost
|-boost|p1b: Claude Fable 5|def|1
|move|p2b: Texas Power Crisis|Blizzard|p1b: Claude Fable 5
|-crit|p1b: Claude Fable 5
|-damage|p1b: Claude Fable 5|0 fnt
|faint|p1b: Claude Fable 5
|
|win|SideB33563356
|j| WrathofSharath
|l|☆The Grindel
|player|p1|
|l| WrathofSharath
