|j|☆ApostrofoRosaVGC
|j|☆buf0722shito
|html|ApostrofoRosaVGCbuf0722shito    
|uhtml|bestof|Game 2 of a best-of-3
|t:|1756212828
|gametype|doubles
|player|p1|ApostrofoRosaVGC|170|1307
|player|p2|buf0722shito|101|1246
|gen|9
|tier|[Gen 9] VGC 2025 Reg H (Bo3)
|rated|
|rule|Species Clause: Limit one of each Pokémon
|rule|Item Clause: Limit 1 of each item
|clearpoke
|poke|p1|Gholdengo, L50|
|poke|p1|Sneasler, L50, M|
|poke|p1|Ursaluna-Bloodmoon, L50, M|
|poke|p1|Dragonite, L50, M|
|poke|p1|Incineroar, L50, M|
|poke|p1|Amoonguss, L50, M|
|poke|p2|Charizard, L50, M|
|poke|p2|Torkoal, L50, M|
|poke|p2|Porygon2, L50|
|poke|p2|Incineroar, L50, M|
|poke|p2|Jumpluff, L50, M|
|poke|p2|Ursaluna, L50, F|
|teampreview|4
|showteam|p1|Gholdengo||LifeOrb|GoodasGold|MakeItRain,ShadowBall,NastyPlot,Protect||||||50|,,,,,Water]Sneasler||FocusSash|Unburden|CloseCombat,DireClaw,ThroatChop,Protect|||M|||50|,,,,,Stellar]Ursaluna-Bloodmoon||AssaultVest|MindsEye|EarthPower,BloodMoon,HyperVoice,VacuumWave|||M|||50|,,,,,Water]Dragonite||LoadedDice|Multiscale|ScaleShot,Tailwind,Haze,Protect|||M|||50|,,,,,Fairy]Incineroar||SafetyGoggles|Intimidate|FlareBlitz,KnockOff,FakeOut,PartingShot|||M|||50|,,,,,Ghost]Amoonguss||SitrusBerry|Regenerator|PollenPuff,Spore,RagePowder,Protect|||M|||50|,,,,,Psychic
|showteam|p2|Charizard||ChoiceSpecs|SolarPower|HeatWave,Overheat,WeatherBall,AirSlash|||M|||50|,,,,,Ghost]Torkoal||EjectPack|Drought|Eruption,Overheat,HelpingHand,Protect|||M|||50|,,,,,Fire]Porygon2||Eviolite|Download|IceBeam,TeraBlast,TrickRoom,Recover||||||50|,,,,,Fighting]Incineroar||SitrusBerry|Intimidate|FlareBlitz,KnockOff,FakeOut,PartingShot|||M|||50|,,,,,Ghost]Jumpluff||CovertCloak|Chlorophyll|SleepPowder,SunnyDay,RagePowder,Tailwind|||M|||50|,,,,,Water]Ursaluna||FlameOrb|Guts|HeadlongRush,Facade,Earthquake,Protect|||F|||50|,,,,,Ghost
|inactive|Battle timer is ON: inactive players will automatically lose when time's up. (requested by buf0722shito)
|inactive|buf0722shito has 60 seconds left.
|
|t:|1756212877
|teamsize|p1|4
|teamsize|p2|4
|start
|switch|p1a: Incineroar|Incineroar, L50, M|100/100
|switch|p1b: Dragonite|Dragonite, L50, M|100/100
|switch|p2a: Jumpluff|Jumpluff, L50, M|100/100
|switch|p2b: Charizard|Charizard, L50, M|100/100
|-ability|p1a: Incineroar|Intimidate|boost
|-unboost|p2a: Jumpluff|atk|1
|-unboost|p2b: Charizard|atk|1
|turn|1
|
|t:|1756212902
|switch|p2b: Incineroar|Incineroar, L50, M|100/100
|-ability|p2b: Incineroar|Intimidate|boost
|-unboost|p1a: Incineroar|atk|1
|-unboost|p1b: Dragonite|atk|1
|move|p1b: Dragonite|Protect|p1b: Dragonite
|-singleturn|p1b: Dragonite|Protect
|move|p2a: Jumpluff|Sleep Powder|p1b: Dragonite
|-activate|p1b: Dragonite|move: Protect
|move|p1a: Incineroar|Flare Blitz|p2a: Jumpluff
|-supereffective|p2a: Jumpluff
|-damage|p2a: Jumpluff|12/100
|-damage|p1a: Incineroar|76/100|[from] Recoil
|
|upkeep
|turn|2
|inactive|ApostrofoRosaVGC has 30 seconds left.
|
|t:|1756212933
|move|p2a: Jumpluff|Tailwind|p2a: Jumpluff
|-sidestart|p2: buf0722shito|move: Tailwind
|move|p2b: Incineroar|Parting Shot|p1b: Dragonite
|-unboost|p1b: Dragonite|atk|1
|-unboost|p1b: Dragonite|spa|1
|
|t:|1756212949
|switch|p2b: Ursaluna|Ursaluna, L50, F|100/100|[from] Parting Shot
|move|p1b: Dragonite|Haze|p1b: Dragonite
|-clearallboost
|move|p1a: Incineroar|Knock Off|p2a: Jumpluff
|-damage|p2a: Jumpluff|0 fnt
|-enditem|p2a: Jumpluff|Covert Cloak|[from] move: Knock Off|[of] p1a: Incineroar
|faint|p2a: Jumpluff
|
|-status|p2b: Ursaluna|brn|[from] item: Flame Orb
|upkeep
|
|t:|1756212968
|switch|p2a: Incineroar|Incineroar, L50, M|100/100
|-ability|p2a: Incineroar|Intimidate|boost
|-unboost|p1a: Incineroar|atk|1
|-unboost|p1b: Dragonite|atk|1
|turn|3
|inactive|ApostrofoRosaVGC has 30 seconds left.
|
|t:|1756212999
|-terastallize|p1a: Incineroar|Ghost
|move|p1b: Dragonite|Protect|p1b: Dragonite
|-singleturn|p1b: Dragonite|Protect
|move|p2a: Incineroar|Knock Off|p1b: Dragonite
|-activate|p1b: Dragonite|move: Protect
|move|p2b: Ursaluna|Facade|p1a: Incineroar
|-immune|p1a: Incineroar
|move|p1a: Incineroar|Parting Shot|p2b: Ursaluna
|-unboost|p2b: Ursaluna|atk|1
|-unboost|p2b: Ursaluna|spa|1
|
|t:|1756213010
|switch|p1a: Gholdengo|Gholdengo, L50|100/100|[from] Parting Shot
|
|-damage|p2b: Ursaluna|95/100 brn|[from] brn
|upkeep
|turn|4
|inactive|buf0722shito has 30 seconds left.
|
|t:|1756213037
|switch|p2b: Charizard|Charizard, L50, M|100/100
|switch|p1b: Incineroar|Incineroar, L50, M, tera:Ghost|76/100
|-ability|p1b: Incineroar|Intimidate|boost
|-unboost|p2a: Incineroar|atk|1
|-unboost|p2b: Charizard|atk|1
|move|p1a: Gholdengo|Protect|p1a: Gholdengo
|-singleturn|p1a: Gholdengo|Protect
|move|p2a: Incineroar|Parting Shot|p1b: Incineroar
|-unboost|p1b: Incineroar|atk|1
|-unboost|p1b: Incineroar|spa|1
|
|t:|1756213045
|switch|p2a: Ursaluna|Ursaluna, L50, F|95/100 brn|[from] Parting Shot
|
|-damage|p2a: Ursaluna|89/100 brn|[from] brn
|upkeep
|turn|5
|inactive|ApostrofoRosaVGC has 30 seconds left.
|
|t:|1756213076
|-terastallize|p2b: Charizard|Ghost
|move|p1b: Incineroar|Fake Out|p2b: Charizard
|-immune|p2b: Charizard
|move|p2b: Charizard|Heat Wave|p1a: Gholdengo|[spread] p1a,p1b
|-supereffective|p1a: Gholdengo
|-damage|p1a: Gholdengo|0 fnt
|-damage|p1b: Incineroar|26/100
|faint|p1a: Gholdengo
|move|p2a: Ursaluna|Headlong Rush|p1b: Incineroar
|-damage|p1b: Incineroar|0 fnt
|-unboost|p2a: Ursaluna|def|1
|-unboost|p2a: Ursaluna|spd|1
|faint|p1b: Incineroar
|
|-damage|p2a: Ursaluna|83/100 brn|[from] brn
|-sideend|p2: buf0722shito|move: Tailwind
|upkeep
|
|t:|1756213084
|switch|p1a: Dragonite|Dragonite, L50, M|100/100
|switch|p1b: Sneasler|Sneasler, L50, M|100/100
|turn|6
|inactive|ApostrofoRosaVGC has 30 seconds left.
|inactive|buf0722shito has 30 seconds left.
|
|t:|1756213121
|switch|p2a: Incineroar|Incineroar, L50, M|100/100
|-ability|p2a: Incineroar|Intimidate|boost
|-unboost|p1a: Dragonite|atk|1
|-unboost|p1b: Sneasler|atk|1
|move|p1b: Sneasler|Dire Claw|p2b: Charizard
|-resisted|p2b: Charizard
|-damage|p2b: Charizard|82/100
|-status|p2b: Charizard|psn
|move|p2b: Charizard|Heat Wave|p1b: Sneasler|[spread] p1a,p1b
|-resisted|p1a: Dragonite
|-damage|p1a: Dragonite|88/100
|-damage|p1b: Sneasler|29/100
|-status|p1b: Sneasler|brn
|move|p1a: Dragonite|Scale Shot|p2b: Charizard
|-damage|p2b: Charizard|67/100 psn
|-damage|p2b: Charizard|51/100 psn
|-damage|p2b: Charizard|37/100 psn
|-damage|p2b: Charizard|21/100 psn
|-hitcount|p2b: Charizard|4
|-unboost|p1a: Dragonite|def|1
|-boost|p1a: Dragonite|spe|1
|
|-damage|p2b: Charizard|9/100 psn|[from] psn
|-damage|p1b: Sneasler|24/100 brn|[from] brn
|upkeep
|turn|7
|inactive|buf0722shito has 30 seconds left.
|inactive|ApostrofoRosaVGC has 30 seconds left.
|
|t:|1756213156
|move|p1a: Dragonite|Protect|p1a: Dragonite
|-singleturn|p1a: Dragonite|Protect
|move|p1b: Sneasler|Protect|p1b: Sneasler
|-singleturn|p1b: Sneasler|Protect
|move|p2b: Charizard|Heat Wave|p1a: Dragonite|[spread] 
|-activate|p1a: Dragonite|move: Protect
|-activate|p1b: Sneasler|move: Protect
|move|p2a: Incineroar|Parting Shot|p1a: Dragonite
|-activate|p1a: Dragonite|move: Protect
|
|-damage|p2b: Charizard|0 fnt|[from] psn
|faint|p2b: Charizard
|-damage|p1b: Sneasler|18/100 brn|[from] brn
|upkeep
|
|t:|1756213160
|switch|p2b: Ursaluna|Ursaluna, L50, F|83/100 brn
|turn|8
|
|t:|1756213181
|move|p2b: Ursaluna|Protect|p2b: Ursaluna
|-singleturn|p2b: Ursaluna|Protect
|move|p1a: Dragonite|Haze|p1a: Dragonite
|-clearallboost
|move|p1b: Sneasler|Close Combat|p2b: Ursaluna
|-activate|p2b: Ursaluna|move: Protect
|move|p2a: Incineroar|Knock Off|p1b: Sneasler
|-resisted|p1b: Sneasler
|-damage|p1b: Sneasler|0 fnt
|-enditem|p1b: Sneasler|Focus Sash|[from] move: Knock Off|[of] p2a: Incineroar
|faint|p1b: Sneasler
|
|-damage|p2b: Ursaluna|77/100 brn|[from] brn
|upkeep
|turn|9
|
|t:|1756213191
|move|p1a: Dragonite|Scale Shot|p2b: Ursaluna
|-damage|p2b: Ursaluna|66/100 brn
|-damage|p2b: Ursaluna|55/100 brn
|-damage|p2b: Ursaluna|44/100 brn
|-damage|p2b: Ursaluna|34/100 brn
|-damage|p2b: Ursaluna|23/100 brn
|-hitcount|p2b: Ursaluna|5
|-unboost|p1a: Dragonite|def|1
|-boost|p1a: Dragonite|spe|1
|move|p2a: Incineroar|Knock Off|p1a: Dragonite
|-damage|p1a: Dragonite|14/100
|-enditem|p1a: Dragonite|Loaded Dice|[from] move: Knock Off|[of] p2a: Incineroar
|move|p2b: Ursaluna|Facade|p1a: Dragonite
|-damage|p1a: Dragonite|0 fnt
|faint|p1a: Dragonite
|
|win|buf0722shito
|raw|ApostrofoRosaVGC's rating: 1307 → 1284(-23 for losing)
|raw|buf0722shito's rating: 1246 → 1275(+29 for winning)
|c|☆buf0722shito|Gg
