|j|☆thebusinesspiggy2
|j|☆Skwovetboi
|html|thebusinesspiggy2Skwovetboi    
|uhtml|bestof|Game 1 of a best-of-3
|t:|1757726041
|gametype|doubles
|player|p1|thebusinesspiggy2|iris-gen5bw2|
|player|p2|Skwovetboi|turo-ai|
|gen|9
|tier|[Gen 9] VGC 2025 Reg H (Bo3)
|rule|Species Clause: Limit one of each Pokémon
|rule|Item Clause: Limit 1 of each item
|clearpoke
|poke|p1|Electrode, L50|
|poke|p1|Serperior, L50, M|
|poke|p1|Murkrow, L50, F|
|poke|p1|Arcanine-Hisui, L50, M|
|poke|p1|Bisharp, L50, F|
|poke|p1|Baxcalibur, L50, M|
|poke|p2|Altaria, L50, M|
|poke|p2|Chandelure, L50, M|
|poke|p2|Tauros-Paldea-Aqua, L50, M|
|poke|p2|Glimmora, L50, F|
|poke|p2|Arboliva, L50, M|
|poke|p2|Grimmsnarl, L50, M|
|teampreview|4
|showteam|p1|Electrode||CovertCloak|Soundproof|Electroweb,FoulPlay,EerieImpulse,Taunt||||||50|,,,,,Dark]Serperior||ChoiceSpecs|Contrary|LeafStorm,FrenzyPlant,TeraBlast,DragonPulse|||M|||50|,,,,,Stellar]Murkrow||FocusSash|Prankster|Tailwind,FeatherDance,FoulPlay,Quash|||F|||50|,,,,,Ghost]Arcanine-Hisui||SafetyGoggles|Intimidate|FlareBlitz,HeadSmash,RockSlide,Protect|||M|||50|,,,,,Dragon]Bisharp||Eviolite|Defiant|IronHead,ThroatChop,SuckerPunch,Protect|||F|||50|,,,,,Water]Baxcalibur||LifeOrb|ThermalExchange|IcicleCrash,GlaiveRush,HighHorsepower,Protect|||M|||50|,,,,,Steel
|showteam|p2|Altaria||ChoiceBand|CloudNine|BraveBird,DualWingbeat,PlayRough,BreakingSwipe|||M|||50|,,,,,Fairy]Chandelure||ChoiceScarf|Infiltrator|ShadowBall,HeatWave,Flamethrower,Trick|||M|||50|,,,,,Fire]Tauros-Paldea-Aqua||LifeOrb|Intimidate|WaveCrash,CloseCombat,AquaJet,Protect|||M|||50|,,,,,Water]Glimmora||AssaultVest|ToxicDebris|PowerGem,SludgeBomb,EarthPower,MortalSpin|||F|||50|,,,,,Water]Arboliva||Leftovers|SeedSower|LeechSeed,Protect,GigaDrain,StrengthSap|||M|||50|,,,,,Water]Grimmsnarl||LightClay|Prankster|FakeTears,Reflect,LightScreen,FoulPlay|||M|||50|,,,,,Ghost
|c|☆thebusinesspiggy2|oh that is a sick team
|c|☆Skwovetboi|Thank you
|c|☆thebusinesspiggy2|i'm a huge defender of everything there except glimmora and grimms
|c|☆thebusinesspiggy2|like i literally used all those in reg i lmao
|c|☆thebusinesspiggy2|glhf
|c|☆Skwovetboi|glhf
|
|t:|1757726106
|teamsize|p1|4
|teamsize|p2|4
|start
|switch|p1a: Dung Defender|Electrode, L50|100/100
|switch|p1b: Mossy|Serperior, L50, M, shiny|100/100
|switch|p2a: Queen Sectonia|Glimmora, L50, F, shiny|100/100
|switch|p2b: Marx|Grimmsnarl, L50, M|100/100
|turn|1
|
|t:|1757726134
|-terastallize|p1b: Mossy|Stellar
|move|p2b: Marx|Light Screen|p2b: Marx
|-sidestart|p2: Skwovetboi|move: Light Screen
|move|p1a: Dung Defender|Eerie Impulse|p1b: Mossy
|-boost|p1b: Mossy|spa|2
|move|p1b: Mossy|Leaf Storm|p2a: Queen Sectonia
|-damage|p2a: Queen Sectonia|5/100
|-boost|p1b: Mossy|spa|2
|move|p2a: Queen Sectonia|Sludge Bomb|p1b: Mossy
|-supereffective|p1b: Mossy
|-damage|p1b: Mossy|0 fnt
|faint|p1b: Mossy
|
|upkeep
|c|☆thebusinesspiggy2|yo why is grimms named after marx :sob:
|
|t:|1757726147
|switch|p1b: Grimm|Baxcalibur, L50, M|100/100
|turn|2
|c|☆Skwovetboi|Kirby reference
|c|☆thebusinesspiggy2|OHHHHH
|c|☆thebusinesspiggy2|wrong marx
|c|☆Skwovetboi|Marx but not of the Karl kind
|c|☆thebusinesspiggy2|exactly LOL
|
|t:|1757726170
|move|p2b: Marx|Reflect|p2b: Marx
|-sidestart|p2: Skwovetboi|Reflect
|move|p1a: Dung Defender|Electroweb|p2a: Queen Sectonia|[spread] p2a,p2b
|-damage|p2a: Queen Sectonia|0 fnt
|-damage|p2b: Marx|92/100
|-unboost|p2b: Marx|spe|1
|faint|p2a: Queen Sectonia
|move|p1b: Grimm|Icicle Crash|p2b: Marx
|-damage|p2b: Marx|47/100
|-damage|p1b: Grimm|91/100|[from] item: Life Orb
|
|upkeep
|
|t:|1757726181
|switch|p2a: Heavy Lobster|Tauros-Paldea-Aqua, L50, M|100/100
|-ability|p2a: Heavy Lobster|Intimidate|boost
|-unboost|p1a: Dung Defender|atk|1
|-unboost|p1b: Grimm|atk|1
|turn|3
|
|t:|1757726199
|move|p1a: Dung Defender|Electroweb|p2b: Marx|[spread] p2a,p2b
|-supereffective|p2a: Heavy Lobster
|-damage|p2a: Heavy Lobster|74/100
|-damage|p2b: Marx|38/100
|-unboost|p2a: Heavy Lobster|spe|1
|-unboost|p2b: Marx|spe|1
|move|p1b: Grimm|Glaive Rush|p2a: Heavy Lobster
|-damage|p2a: Heavy Lobster|29/100
|-singlemove|p1b: Grimm|Glaive Rush|[silent]
|-damage|p1b: Grimm|81/100|[from] item: Life Orb
|move|p2a: Heavy Lobster|Close Combat|p1b: Grimm
|-supereffective|p1b: Grimm
|-damage|p1b: Grimm|0 fnt
|-unboost|p2a: Heavy Lobster|def|1
|-unboost|p2a: Heavy Lobster|spd|1
|faint|p1b: Grimm
|-damage|p2a: Heavy Lobster|19/100|[from] item: Life Orb
|move|p2b: Marx|Foul Play|p1a: Dung Defender
|-damage|p1a: Dung Defender|87/100
|
|upkeep
|
|t:|1757726207
|switch|p1b: Crawbug|Murkrow, L50, F|100/100
|turn|4
|
|t:|1757726229
|move|p2a: Heavy Lobster|Aqua Jet|p1b: Crawbug
|-damage|p1b: Crawbug|58/100
|-damage|p2a: Heavy Lobster|9/100|[from] item: Life Orb
|move|p1a: Dung Defender|Electroweb|p2b: Marx|[spread] p2a,p2b
|-supereffective|p2a: Heavy Lobster
|-damage|p2a: Heavy Lobster|0 fnt
|-damage|p2b: Marx|31/100
|-unboost|p2b: Marx|spe|1
|faint|p2a: Heavy Lobster
|move|p1b: Crawbug|Foul Play|p2b: Marx
|-resisted|p2b: Marx
|-damage|p2b: Marx|26/100
|move|p2b: Marx|Foul Play|p1a: Dung Defender
|-damage|p1a: Dung Defender|76/100
|
|upkeep
|
|t:|1757726236
|switch|p2a: Star Dream|Chandelure, L50, M|100/100
|turn|5
|
|t:|1757726250
|-terastallize|p2a: Star Dream|Fire
|move|p1b: Crawbug|Quash|p2a: Star Dream
|-activate|p2a: Star Dream|move: Quash
|move|p1a: Dung Defender|Eerie Impulse|p2a: Star Dream
|-unboost|p2a: Star Dream|spa|2
|move|p2b: Marx|Foul Play|p1a: Dung Defender
|-damage|p1a: Dung Defender|63/100
|move|p2a: Star Dream|Heat Wave|p1a: Dung Defender|[spread] p1a,p1b
|-damage|p1a: Dung Defender|30/100
|-damage|p1b: Crawbug|16/100
|
|upkeep
|turn|6
|
|t:|1757726269
|move|p2b: Marx|Fake Tears|p1a: Dung Defender
|-unboost|p1a: Dung Defender|spd|2
|move|p1a: Dung Defender|Electroweb|p2a: Star Dream|[spread] p2a,p2b
|-damage|p2a: Star Dream|89/100
|-damage|p2b: Marx|18/100
|-unboost|p2a: Star Dream|spe|1
|-unboost|p2b: Marx|spe|1
|move|p2a: Star Dream|Heat Wave|p1a: Dung Defender|[spread] p1a,p1b
|-damage|p1a: Dung Defender|0 fnt
|-damage|p1b: Crawbug|0 fnt
|faint|p1a: Dung Defender
|faint|p1b: Crawbug
|
|win|Skwovetboi
||Skwovetboi is ready for game 2.
|inactive|thebusinesspiggy2 has 30 seconds to confirm battle start!
||thebusinesspiggy2 is ready for game 2.
|uhtml|next|Next: Game 2 of 3
