|j|☆belinvgc
|j|☆jayoticnl
|html|belinvgcjayoticnl    
|uhtml|bestof|Game 1 of a best-of-3
|t:|1757857689
|gametype|doubles
|player|p1|belinvgc|265|1291
|player|p2|jayoticnl|preschooler|1343
|gen|9
|tier|[Gen 9] VGC 2025 Reg H (Bo3)
|rated|
|rule|Species Clause: Limit one of each Pokémon
|rule|Item Clause: Limit 1 of each item
|clearpoke
|poke|p1|Ursaluna-Bloodmoon, L50, M|
|poke|p1|Sinistcha, L50|
|poke|p1|Rillaboom, L50, F|
|poke|p1|Incineroar, L50, F|
|poke|p1|Sneasler, L50, F|
|poke|p1|Kingambit, L50, M|
|poke|p2|Skeledirge, L50, F|
|poke|p2|Amoonguss, L50, F|
|poke|p2|Ninetales-Alola, L50, F|
|poke|p2|Garchomp, L50, F|
|poke|p2|Corviknight, L50, M|
|poke|p2|Sneasler, L50, M|
|teampreview|4
|showteam|p1|Ursaluna-Bloodmoon||Leftovers|MindsEye|BloodMoon,EarthPower,CalmMind,Protect|||M|||50|,,,,,Water]Sinistcha||SitrusBerry|Hospitality|MatchaGotcha,RagePowder,LifeDew,TrickRoom||||||50|,,,,,Water]Rillaboom||AssaultVest|GrassySurge|GrassyGlide,DrumBeating,Uturn,FakeOut|||F|||50|,,,,,Fire]Incineroar||FigyBerry|Intimidate|FlareBlitz,KnockOff,PartingShot,FakeOut|||F|||50|,,,,,Grass]Sneasler||GrassySeed|Unburden|DireClaw,CloseCombat,Taunt,Protect|||F|||50|,,,,,Stellar]Kingambit||SafetyGoggles|Defiant|KowtowCleave,SuckerPunch,SwordsDance,Protect|||M|||50|,,,,,Dark
|showteam|p2|Skeledirge||Leftovers|Unaware|TorchSong,ShadowBall,TeraBlast,Protect|||F|||50|,,,,,Grass]Amoonguss||SitrusBerry|Regenerator|PollenPuff,Spore,RagePowder,Protect|||F|||50|,,,,,Water]Ninetales-Alola||LightClay|SnowWarning|Blizzard,IcyWind,AuroraVeil,Protect|||F|||50|,,,,,Ghost]Garchomp||LifeOrb|RoughSkin|StompingTantrum,DragonClaw,Earthquake,Protect|||F|||50|,,,,,Ground]Corviknight||CovertCloak|MirrorArmor|BraveBird,BodyPress,Roost,BulkUp|||M|||50|,,,,,Dragon]Sneasler||FocusSash|Unburden|DireClaw,CloseCombat,FakeOut,Protect|||M|||50|,,,,,Stellar
|
|t:|1757857758
|teamsize|p1|4
|teamsize|p2|4
|start
|switch|p1a: Sneasler|Sneasler, L50, F|100/100
|switch|p1b: Kingambit|Kingambit, L50, M, shiny|100/100
|switch|p2a: Corviknight|Corviknight, L50, M|100/100
|switch|p2b: Sneasler|Sneasler, L50, M|100/100
|turn|1
|
|t:|1757857774
|-terastallize|p1b: Kingambit|Dark
|move|p2b: Sneasler|Fake Out|p1a: Sneasler
|-damage|p1a: Sneasler|79/100
|cant|p1a: Sneasler|flinch
|move|p2a: Corviknight|Bulk Up|p2a: Corviknight
|-boost|p2a: Corviknight|atk|1
|-boost|p2a: Corviknight|def|1
|move|p1b: Kingambit|Swords Dance|p1b: Kingambit
|-boost|p1b: Kingambit|atk|2
|
|upkeep
|turn|2
|
|t:|1757857798
|move|p1b: Kingambit|Protect|p1b: Kingambit
|-singleturn|p1b: Kingambit|Protect
|move|p2b: Sneasler|Close Combat|p1b: Kingambit
|-activate|p1b: Kingambit|move: Protect
|move|p1a: Sneasler|Dire Claw|p2b: Sneasler
|-resisted|p2b: Sneasler
|-damage|p2b: Sneasler|64/100
|-status|p2b: Sneasler|slp
|move|p2a: Corviknight|Bulk Up|p2a: Corviknight
|-boost|p2a: Corviknight|atk|1
|-boost|p2a: Corviknight|def|1
|
|upkeep
|turn|3
|
|t:|1757857825
|cant|p2b: Sneasler|slp
|move|p1a: Sneasler|Taunt|p2a: Corviknight
|-start|p2a: Corviknight|move: Taunt
|move|p2a: Corviknight|Brave Bird|p1a: Sneasler
|-supereffective|p1a: Sneasler
|-damage|p1a: Sneasler|0 fnt
|faint|p1a: Sneasler
|-damage|p2a: Corviknight|80/100|[from] Recoil
|move|p1b: Kingambit|Kowtow Cleave|p2b: Sneasler
|-resisted|p2b: Sneasler
|-damage|p2b: Sneasler|0 fnt
|faint|p2b: Sneasler
|
|upkeep
|
|t:|1757857840
|switch|p2b: Amoonguss|Amoonguss, L50, F|100/100
|switch|p1a: Incineroar|Incineroar, L50, F, shiny|100/100
|-ability|p1a: Incineroar|Intimidate|boost
|-ability|p2a: Corviknight|Mirror Armor
|-unboost|p1a: Incineroar|atk|1
|-unboost|p2b: Amoonguss|atk|1
|turn|4
|
|t:|1757857858
|move|p1a: Incineroar|Flare Blitz|p2a: Corviknight
|-supereffective|p2a: Corviknight
|-damage|p2a: Corviknight|55/100
|-damage|p1a: Incineroar|92/100|[from] Recoil
|move|p2a: Corviknight|Body Press|p1b: Kingambit
|-supereffective|p1b: Kingambit
|-damage|p1b: Kingambit|33/100
|move|p1b: Kingambit|Kowtow Cleave|p2a: Corviknight
|-damage|p2a: Corviknight|4/100
|move|p2b: Amoonguss|Spore|p1a: Incineroar
|-status|p1a: Incineroar|slp|[from] move: Spore
|
|upkeep
|turn|5
|
|t:|1757857894
|switch|p1a: Sinistcha|Sinistcha, L50, shiny|100/100
|-heal|p1b: Kingambit|58/100|[from] ability: Hospitality|[of] p1a: Sinistcha
|switch|p2a: Skeledirge|Skeledirge, L50, F|100/100
|move|p1b: Kingambit|Sucker Punch||[still]
|-fail|p1b: Kingambit
|move|p2b: Amoonguss|Pollen Puff|p1b: Kingambit
|-supereffective|p1b: Kingambit
|-damage|p1b: Kingambit|22/100
|
|upkeep
|turn|6
|
|t:|1757857938
|-terastallize|p2a: Skeledirge|Grass
|move|p1b: Kingambit|Sucker Punch|p2a: Skeledirge
|-damage|p2a: Skeledirge|53/100
|move|p2a: Skeledirge|Torch Song|p1b: Kingambit
|-damage|p1b: Kingambit|0 fnt
|-boost|p2a: Skeledirge|spa|1
|faint|p1b: Kingambit
|move|p1a: Sinistcha|Life Dew||[still]
|-fail|p1a: Sinistcha|heal
|move|p2b: Amoonguss|Pollen Puff|p2a: Skeledirge
|-heal|p2a: Skeledirge|100/100
|
|upkeep
|
|t:|1757857949
|switch|p1b: Incineroar|Incineroar, L50, F, shiny|92/100 slp
|-ability|p1b: Incineroar|Intimidate|boost
|-unboost|p2a: Skeledirge|atk|1
|-unboost|p2b: Amoonguss|atk|1
|turn|7
|
|t:|1757857968
|cant|p1b: Incineroar|slp
|move|p2a: Skeledirge|Torch Song|p1a: Sinistcha
|-supereffective|p1a: Sinistcha
|-damage|p1a: Sinistcha|4/100
|-boost|p2a: Skeledirge|spa|1
|-enditem|p1a: Sinistcha|Sitrus Berry|[eat]
|-heal|p1a: Sinistcha|29/100|[from] item: Sitrus Berry
|move|p1a: Sinistcha|Matcha Gotcha|p2a: Skeledirge|[spread] p2a
|-miss|p1a: Sinistcha|p2b: Amoonguss
|-resisted|p2a: Skeledirge
|-damage|p2a: Skeledirge|88/100
|-heal|p1a: Sinistcha|36/100|[from] drain|[of] p2a: Skeledirge
|-status|p2a: Skeledirge|brn
|move|p2b: Amoonguss|Pollen Puff|p1b: Incineroar
|-damage|p1b: Incineroar|75/100 slp
|
|-heal|p2a: Skeledirge|94/100 brn|[from] item: Leftovers
|-damage|p2a: Skeledirge|88/100 brn|[from] brn
|upkeep
|turn|8
|
|t:|1757857990
|cant|p1b: Incineroar|slp
|move|p2a: Skeledirge|Torch Song|p1a: Sinistcha
|-supereffective|p1a: Sinistcha
|-crit|p1a: Sinistcha
|-damage|p1a: Sinistcha|0 fnt
|-boost|p2a: Skeledirge|spa|1
|faint|p1a: Sinistcha
|move|p2b: Amoonguss|Spore|p1b: Incineroar
|-fail|p1b: Incineroar|slp
|
|-heal|p2a: Skeledirge|94/100 brn|[from] item: Leftovers
|-damage|p2a: Skeledirge|88/100 brn|[from] brn
|upkeep
|turn|9
|
|t:|1757857996
|move|p2a: Skeledirge|Protect|p2a: Skeledirge
|-singleturn|p2a: Skeledirge|Protect
|-curestatus|p1b: Incineroar|slp|[msg]
|move|p1b: Incineroar|Flare Blitz|p2a: Skeledirge
|-activate|p2a: Skeledirge|move: Protect
|move|p2b: Amoonguss|Spore|p1b: Incineroar
|-status|p1b: Incineroar|slp|[from] move: Spore
|
|-heal|p2a: Skeledirge|94/100 brn|[from] item: Leftovers
|-damage|p2a: Skeledirge|88/100 brn|[from] brn
|upkeep
|turn|10
|-message|belinvgc forfeited.
|
|win|jayoticnl
||jayoticnl is ready for game 2.
||belinvgc is ready for game 2.
|uhtml|next|Next: Game 2 of 3
