|j|☆clevername 30
|j|☆lolgz
|html|clevername 30lolgz    
|uhtml|bestof|Game 1 of a best-of-3
|t:|1782435160
|gametype|doubles
|player|p1|clevername 30|rancher|1030
|player|p2|lolgz|dawn|1139
|gen|9
|tier|[Gen 9 Champions] VGC 2026 Reg M-B (Bo3)
|rated|
|rule|Species Clause: Limit one of each Pokémon
|rule|Item Clause: Limit 1 of each item
|clearpoke
|poke|p1|Metagross, L50|
|poke|p1|Gengar, L50, F|
|poke|p1|Palafin, L50, M|
|poke|p1|Incineroar, L50, M|
|poke|p1|Corviknight, L50, F, shiny|
|poke|p1|Liepard, L50, F|
|poke|p2|Mawile, L50, F|
|poke|p2|Sneasler, L50, F|
|poke|p2|Farigiraf, L50, M|
|poke|p2|Ampharos, L50, F|
|poke|p2|Vileplume, L50, M|
|poke|p2|Torkoal, L50, F|
|teampreview|4
|showteam|p1|Metagross||Metagrossite|ClearBody|PsychicFangs,BulletPunch,MeteorMash,Protect|Jolly|||||50|]Gengar||Gengarite|CursedBody|Disable,PerishSong,Protect,ShadowBall|Timid||F|||50|]Palafin||ChoiceScarf|ZerotoHero|JetPunch,FlipTurn,WaveCrash,CloseCombat|Adamant||M|||50|]Incineroar||SitrusBerry|Intimidate|FakeOut,DarkestLariat,PartingShot,Protect|Careful||M|||50|]Corviknight||Leftovers|MirrorArmor|BodyPress,BraveBird,IronDefense,Roost|Impish||F|||50|]Liepard||MentalHerb|Prankster|Encore,FakeOut,Screech,KnockOff|Impish||F|||50|
|showteam|p2|Mawile||Mawilite|HyperCutter|PlayRough,SuckerPunch,SwordsDance,Protect|Serious||F|||50|]Sneasler||IronBall|PoisonTouch|FakeOut,DireClaw,CloseCombat,RockTomb|Brave||F|||50|]Farigiraf||SitrusBerry|ArmorTail|TrickRoom,Thunderbolt,Psychic,HelpingHand|Relaxed||M|||50|]Ampharos||Ampharosite|Static|Thunderbolt,DragonPulse,Protect,FocusBlast|Brave||F|||50|]Vileplume||FocusSash|Chlorophyll|SleepPowder,SludgeBomb,EnergyBall,AfterYou|Timid||M|||50|]Torkoal||Charcoal|Drought|Eruption,WeatherBall,EarthPower,Protect|Quiet||F|||50|
|inactive|Battle timer is ON: inactive players will automatically lose when time's up. (requested by lolgz)
|inactive|clevername 30 also wants the timer to be on.
|inactive|clevername 30 has 60 seconds left.
|inactive|clevername 30 has 30 seconds left.
|
|t:|1782435228
|teamsize|p1|4
|teamsize|p2|4
|start
|switch|p1a: Metagross|Metagross, L50|100/100
|switch|p1b: Palafin|Palafin, L50, M|100/100
|switch|p2a: Farigiraf|Farigiraf, L50, M|100/100
|switch|p2b: Sneasler|Sneasler, L50, F|100/100
|turn|1
|inactive|lolgz has 30 seconds left.
|
|t:|1782435255
|detailschange|p1a: Metagross|Metagross-Mega, L50
|-mega|p1a: Metagross|Metagross|Metagrossite
|move|p2b: Sneasler|Fake Out|p1b: Palafin
|-damage|p1b: Palafin|79/100
|-status|p1b: Palafin|psn|[from] ability: Poison Touch|[of] p2b: Sneasler
|cant|p1b: Palafin|flinch
|move|p1a: Metagross|Meteor Mash|p2a: Farigiraf
|-damage|p2a: Farigiraf|49/100
|-enditem|p2a: Farigiraf|Sitrus Berry|[eat]
|-heal|p2a: Farigiraf|74/100|[from] item: Sitrus Berry
|move|p2a: Farigiraf|Trick Room|p2a: Farigiraf
|-fieldstart|move: Trick Room|[of] p2a: Farigiraf
|
|-damage|p1b: Palafin|67/100 psn|[from] psn
|upkeep
|turn|2
|
|t:|1782435276
|move|p2a: Farigiraf|Helping Hand|p2b: Sneasler
|-singleturn|p2b: Sneasler|Helping Hand|[of] p2a: Farigiraf
|move|p1a: Metagross|Protect|p1a: Metagross
|-singleturn|p1a: Metagross|Protect
|move|p2b: Sneasler|Close Combat|p1a: Metagross
|-activate|p1a: Metagross|move: Protect
|move|p1b: Palafin|Flip Turn|p2a: Farigiraf
|-damage|p2a: Farigiraf|56/100
|
|t:|1782435288
|detailschange|p1b: Palafin|Palafin-Hero, L50, M
|switch|p1b: Incineroar|Incineroar, L50, M|100/100|[from] Flip Turn
|-ability|p1b: Incineroar|Intimidate|boost
|-unboost|p2a: Farigiraf|atk|1
|-unboost|p2b: Sneasler|atk|1
|
|upkeep
|turn|3
|
|t:|1782435311
|switch|p2a: Torkoal|Torkoal, L50, F|100/100
|-weather|SunnyDay|[from] ability: Drought|[of] p2a: Torkoal
|switch|p1a: Corviknight|Corviknight, L50, F, shiny|100/100
|move|p2b: Sneasler|Dire Claw|p1b: Incineroar
|-damage|p1b: Incineroar|69/100
|move|p1b: Incineroar|Darkest Lariat|p2a: Torkoal
|-damage|p2a: Torkoal|76/100
|
|-weather|SunnyDay|[upkeep]
|upkeep
|turn|4
|
|t:|1782435329
|move|p2a: Torkoal|Eruption|p1a: Corviknight|[spread] p1a,p1b
|-supereffective|p1a: Corviknight|1
|-resisted|p1b: Incineroar|1
|-damage|p1a: Corviknight|0 fnt
|-damage|p1b: Incineroar|46/100
|-enditem|p1b: Incineroar|Sitrus Berry|[eat]
|-heal|p1b: Incineroar|71/100|[from] item: Sitrus Berry
|faint|p1a: Corviknight
|move|p2b: Sneasler|Close Combat|p1b: Incineroar
|-supereffective|p1b: Incineroar|1
|-damage|p1b: Incineroar|0 fnt
|-unboost|p2b: Sneasler|def|1
|-unboost|p2b: Sneasler|spd|1
|faint|p1b: Incineroar
|
|-weather|SunnyDay|[upkeep]
|upkeep
|
|t:|1782435340
|switch|p1b: Metagross|Metagross-Mega, L50|100/100
|switch|p1a: Palafin|Palafin-Hero, L50, M|67/100 psn
|-activate|p1a: Palafin|ability: Zero to Hero
|turn|5
|inactive|clevername 30 has 30 seconds left.
|
|t:|1782435369
|switch|p2a: Farigiraf|Farigiraf, L50, M|56/100
|move|p1a: Palafin|Jet Punch||[still]
|cant|p2a: Farigiraf|ability: Armor Tail|Jet Punch|[of] p1a: Palafin
|move|p2b: Sneasler|Close Combat|p1a: Palafin
|-crit|p1a: Palafin
|-damage|p1a: Palafin|0 fnt
|-unboost|p2b: Sneasler|def|1
|-unboost|p2b: Sneasler|spd|1
|faint|p1a: Palafin
|move|p1b: Metagross|Psychic Fangs|p2b: Sneasler
|-supereffective|p2b: Sneasler|2
|-damage|p2b: Sneasler|0 fnt
|faint|p2b: Sneasler
|
|-weather|SunnyDay|[upkeep]
|-fieldend|move: Trick Room
|upkeep
|
|t:|1782435376
|switch|p2b: Torkoal|Torkoal, L50, F|76/100
|turn|6
|inactive|clevername 30 has 30 seconds left.
|l|☆clevername 30
|inactive|clevername 30 disconnected and has a minute to reconnect!
|player|p1|
|inactive|clevername 30 has 20 seconds left.
|inactive|clevername 30 has 15 seconds left.
|inactive|clevername 30 has 10 seconds left.
|inactive|clevername 30 has 5 seconds left.
|-message|clevername 30 lost due to inactivity.
|
|win|lolgz
