|j|☆hackervgc
|j|☆dragonite fraude
|html|hackervgcdragonite fraude    
|uhtml|bestof|Game 1 of a best-of-3
|t:|1757930524
|gametype|doubles
|player|p1|hackervgc|102|1239
|player|p2|dragonite fraude|1|1122
|gen|9
|tier|[Gen 9] VGC 2025 Reg H (Bo3)
|rated|
|rule|Species Clause: Limit one of each Pokémon
|rule|Item Clause: Limit 1 of each item
|clearpoke
|poke|p1|Sneasler, L50, F|
|poke|p1|Magmar, L50, F|
|poke|p1|Dragonite, L50, F|
|poke|p1|Ursaluna-Bloodmoon, L50, M|
|poke|p1|Farigiraf, L50, M|
|poke|p1|Gholdengo, L50|
|poke|p2|Maushold-Four, L50|
|poke|p2|Gholdengo, L50|
|poke|p2|Dragonite, L50, F|
|poke|p2|Annihilape, L50, M|
|poke|p2|Rillaboom, L50, F|
|poke|p2|Ursaluna-Bloodmoon, L50, M|
|teampreview|4
|showteam|p1|Sneasler||FocusSash|Unburden|CloseCombat,ThroatChop,DireClaw,Protect|||F|||50|,,,,,Stellar]Magmar||Eviolite|VitalSpirit|Flamethrower,HelpingHand,Protect,FollowMe|||F|||50|,,,,,Grass]Dragonite||LoadedDice|Multiscale|ScaleShot,Protect,Tailwind,Haze|||F|||50|,,,,,Fairy]Ursaluna-Bloodmoon||LifeOrb|MindsEye|BloodMoon,HyperVoice,EarthPower,Protect|||M|||50|,,,,,Normal]Farigiraf||SitrusBerry|ArmorTail|TrickRoom,HelpingHand,Psychic,Protect|||M|||50|,,,,,Water]Gholdengo||ChoiceScarf|GoodasGold|MakeItRain,ShadowBall,Trick,DazzlingGleam||||||50|,,,,,Steel
|showteam|p2|Maushold-Four||FocusSash|FriendGuard|SuperFang,BeatUp,FollowMe,Protect||||||50|,,,,,Ghost]Gholdengo||LifeOrb|GoodasGold|MakeItRain,ShadowBall,NastyPlot,Protect||||||50|,,,,,Water]Dragonite||LoadedDice|Multiscale|ScaleShot,Tailwind,Haze,Protect|||F|||50|,,,,,Fairy]Annihilape||SitrusBerry|Defiant|DrainPunch,RageFist,BulkUp,Protect|||M|||50|,,,,,Fire]Rillaboom||MiracleSeed|GrassySurge|WoodHammer,GrassyGlide,HighHorsepower,FakeOut|||F|||50|,,,,,Fire]Ursaluna-Bloodmoon||AssaultVest|MindsEye|BloodMoon,EarthPower,HyperVoice,VacuumWave|||M|||50|,,,,,Water
|inactive|Battle timer is ON: inactive players will automatically lose when time's up. (requested by dragonite fraude)
|inactive|hackervgc has 60 seconds left.
|
|t:|1757930604
|teamsize|p1|4
|teamsize|p2|4
|start
|switch|p1a: Dragonite|Dragonite, L50, F|100/100
|switch|p1b: Magmar|Magmar, L50, F|100/100
|switch|p2a: Gholdengo|Gholdengo, L50|100/100
|switch|p2b: Maushold|Maushold-Four, L50|100/100
|turn|1
|
|t:|1757930633
|move|p2b: Maushold|Super Fang|p1a: Dragonite
|-damage|p1a: Dragonite|50/100
|move|p2a: Gholdengo|Make It Rain|p1b: Magmar|[spread] p1a,p1b
|-resisted|p1b: Magmar
|-damage|p1a: Dragonite|0 fnt
|-damage|p1b: Magmar|81/100
|-unboost|p2a: Gholdengo|spa|1
|faint|p1a: Dragonite
|-damage|p2a: Gholdengo|91/100|[from] item: Life Orb
|move|p1b: Magmar|Flamethrower|p2a: Gholdengo
|-supereffective|p2a: Gholdengo
|-crit|p2a: Gholdengo
|-damage|p2a: Gholdengo|11/100
|
|upkeep
|
|t:|1757930639
|switch|p1a: Gholdengo|Gholdengo, L50|100/100
|turn|2
|
|t:|1757930654
|-terastallize|p1a: Gholdengo|Steel
|move|p1b: Magmar|Helping Hand|p1a: Gholdengo
|-immune|p1a: Gholdengo|[from] ability: Good as Gold
|move|p2b: Maushold|Protect|p2b: Maushold
|-singleturn|p2b: Maushold|Protect
|move|p1a: Gholdengo|Make It Rain|p2a: Gholdengo|[spread] p2a
|-activate|p2b: Maushold|move: Protect
|-resisted|p2a: Gholdengo
|-damage|p2a: Gholdengo|0 fnt
|-unboost|p1a: Gholdengo|spa|1
|faint|p2a: Gholdengo
|
|upkeep
|
|t:|1757930659
|switch|p2a: Ursaluna|Ursaluna-Bloodmoon, L50, M|100/100
|turn|3
|
|t:|1757930668
|-terastallize|p2a: Ursaluna|Water
|move|p1b: Magmar|Follow Me|p1b: Magmar
|-singleturn|p1b: Magmar|move: Follow Me
|move|p1a: Gholdengo|Make It Rain|p2a: Ursaluna|[spread] p2a,p2b
|-resisted|p2a: Ursaluna
|-crit|p2a: Ursaluna
|-damage|p2a: Ursaluna|76/100
|-damage|p2b: Maushold|38/100
|-unboost|p1a: Gholdengo|spa|1
|move|p2b: Maushold|Super Fang|p1b: Magmar
|-damage|p1b: Magmar|41/100
|move|p2a: Ursaluna|Earth Power|p1b: Magmar
|-supereffective|p1b: Magmar
|-damage|p1b: Magmar|0 fnt
|faint|p1b: Magmar
|
|upkeep
|
|t:|1757930679
|switch|p1b: Sneasler|Sneasler, L50, F|100/100
|turn|4
|
|t:|1757930701
|move|p2b: Maushold|Protect|p2b: Maushold
|-singleturn|p2b: Maushold|Protect
|move|p1a: Gholdengo|Make It Rain|p2b: Maushold|[spread] p2a
|-activate|p2b: Maushold|move: Protect
|-resisted|p2a: Ursaluna
|-damage|p2a: Ursaluna|67/100
|-unboost|p1a: Gholdengo|spa|1
|move|p1b: Sneasler|Dire Claw|p2a: Ursaluna
|-damage|p2a: Ursaluna|43/100
|-status|p2a: Ursaluna|slp
|cant|p2a: Ursaluna|slp
|
|upkeep
|turn|5
|
|t:|1757930722
|move|p2b: Maushold|Follow Me|p2b: Maushold
|-singleturn|p2b: Maushold|move: Follow Me
|move|p1a: Gholdengo|Make It Rain|p2b: Maushold|[spread] p2a,p2b
|-resisted|p2a: Ursaluna
|-damage|p2a: Ursaluna|36/100 slp
|-damage|p2b: Maushold|1/100
|-unboost|p1a: Gholdengo|spa|1
|move|p1b: Sneasler|Dire Claw|p2b: Maushold
|-damage|p2b: Maushold|0 fnt
|faint|p2b: Maushold
|cant|p2a: Ursaluna|slp
|
|upkeep
|
|t:|1757930731
|switch|p2b: Dragonite|Dragonite, L50, F|100/100
|turn|6
|
|t:|1757930739
|move|p1a: Gholdengo|Make It Rain|p2a: Ursaluna|[spread] p2a,p2b
|-resisted|p2a: Ursaluna
|-damage|p2a: Ursaluna|29/100 slp
|-damage|p2b: Dragonite|87/100
|-unboost|p1a: Gholdengo|spa|1
|move|p1b: Sneasler|Close Combat|p2a: Ursaluna
|-damage|p2a: Ursaluna|0 fnt
|-unboost|p1b: Sneasler|def|1
|-unboost|p1b: Sneasler|spd|1
|faint|p2a: Ursaluna
|move|p2b: Dragonite|Scale Shot|p1b: Sneasler
|-damage|p1b: Sneasler|61/100
|-damage|p1b: Sneasler|22/100
|-damage|p1b: Sneasler|0 fnt
|faint|p1b: Sneasler
|-hitcount|p1: Sneasler|3
|-unboost|p2b: Dragonite|def|1
|-boost|p2b: Dragonite|spe|1
|
|upkeep
|turn|7
|
|t:|1757930751
|move|p1a: Gholdengo|Make It Rain|p2b: Dragonite
|-damage|p2b: Dragonite|60/100
|-unboost|p1a: Gholdengo|spa|1
|move|p2b: Dragonite|Scale Shot|p1a: Gholdengo
|-resisted|p1a: Gholdengo
|-damage|p1a: Gholdengo|92/100
|-resisted|p1a: Gholdengo
|-damage|p1a: Gholdengo|84/100
|-resisted|p1a: Gholdengo
|-damage|p1a: Gholdengo|76/100
|-resisted|p1a: Gholdengo
|-damage|p1a: Gholdengo|68/100
|-resisted|p1a: Gholdengo
|-damage|p1a: Gholdengo|60/100
|-hitcount|p1a: Gholdengo|5
|-unboost|p2b: Dragonite|def|1
|-boost|p2b: Dragonite|spe|1
|
|upkeep
|turn|8
|
|t:|1757930764
|move|p2b: Dragonite|Protect|p2b: Dragonite
|-singleturn|p2b: Dragonite|Protect
|move|p1a: Gholdengo|Make It Rain|p2b: Dragonite
|-activate|p2b: Dragonite|move: Protect
|
|upkeep
|turn|9
|
|t:|1757930768
|move|p2b: Dragonite|Scale Shot|p1a: Gholdengo
|-resisted|p1a: Gholdengo
|-damage|p1a: Gholdengo|51/100
|-resisted|p1a: Gholdengo
|-damage|p1a: Gholdengo|43/100
|-resisted|p1a: Gholdengo
|-damage|p1a: Gholdengo|34/100
|-resisted|p1a: Gholdengo
|-damage|p1a: Gholdengo|27/100
|-resisted|p1a: Gholdengo
|-damage|p1a: Gholdengo|19/100
|-hitcount|p1a: Gholdengo|5
|-unboost|p2b: Dragonite|def|1
|-boost|p2b: Dragonite|spe|1
|move|p1a: Gholdengo|Make It Rain|p2b: Dragonite
|-damage|p2b: Dragonite|34/100
|
|upkeep
|turn|10
|
|t:|1757930781
|move|p2b: Dragonite|Scale Shot|p1a: Gholdengo
|-resisted|p1a: Gholdengo
|-damage|p1a: Gholdengo|11/100
|-resisted|p1a: Gholdengo
|-damage|p1a: Gholdengo|2/100
|-resisted|p1a: Gholdengo
|-damage|p1a: Gholdengo|0 fnt
|faint|p1a: Gholdengo
|-hitcount|p1: Gholdengo|3
|
|win|dragonite fraude
||hackervgc is ready for game 2.
||dragonite fraude is ready for game 2.
|uhtml|next|Next: Game 2 of 3
|l|☆hackervgc
|player|p1|
