|j|â˜†typographicvictim
|j|â˜†Mr. Kessler
|html|typographicvictimMr. Kessler    
|uhtml|bestof|Game 3 of a best-of-3
|t:|1783465438
|gametype|doubles
|player|p1|typographicvictim|unknown|
|player|p2|Mr. Kessler|veteran|
|gen|9
|tier|[Gen 9 Champions] VGC 2026 Reg M-B (Bo3)
|rule|Species Clause: Limit one of each PokÃ©mon
|rule|Item Clause: Limit 1 of each item
|clearpoke
|poke|p1|Orthworm, L50, M|
|poke|p1|Gengar, L50, M|
|poke|p1|Grimmsnarl, L50, M|
|poke|p1|Diggersby, L50, F|
|poke|p1|Rotom-Heat, L50|
|poke|p1|Kangaskhan, L50, F|
|poke|p2|Greninja, L50, M|
|poke|p2|Rotom-Wash, L50|
|poke|p2|Mamoswine, L50, F|
|poke|p2|Vileplume, L50, M|
|poke|p2|Sylveon, L50, F|
|poke|p2|Tyrantrum, L50, F|
|teampreview|4
|showteam|p1|Orthworm||Leftovers|EarthEater|IronDefense,BodyPress,HeavySlam,Protect|Careful||M|||50|]Gengar||Gengarite|CursedBody|Protect,SludgeBomb,ShadowBall,Disable|Modest||M|||50|]Grimmsnarl||LightClay|Prankster|Reflect,LightScreen,FoulPlay,PartingShot|Impish||M|||50|]Diggersby||FocusSash|HugePower|Protect,HighHorsepower,Earthquake,BodySlam|Adamant||F|||50|]Rotom-Heat||ChoiceScarf|Levitate|Overheat,Thunderbolt,VoltSwitch,WillOWisp|Timid|||||50|]Kangaskhan||SilkScarf|Scrappy|FakeOut,LastResort|Adamant||F|||50|
|showteam|p2|Greninja||Greninjite|Protean|DarkPulse,HydroPump,FlipTurn,SludgeWave|Timid||M|||50|]Rotom-Wash||BrightPowder|Levitate|Discharge,HydroPump,VoltSwitch,WillOWisp|Modest|||||50|]Mamoswine||LifeOrb|ThickFat|Earthquake,IceShard,RockSlide,IcicleCrash|Adamant||F|||50|]Vileplume||QuickClaw|EffectSpore|PollenPuff,SludgeBomb,SleepPowder,HelpingHand|Calm||M|||50|]Sylveon||FairyFeather|Pixilate|HyperVoice,Protect,MysticalFire,HyperBeam|Modest||F|||50|]Tyrantrum||ChoiceScarf|RockHead|RockSlide,DragonClaw,HeadSmash,BreakingSwipe|Adamant||F|||50|
|inactive|Battle timer is ON: inactive players will automatically lose when time's up. (requested by Mr. Kessler)
|j| MZMG
|inactive|typographicvictim has 60 seconds left.
|inactive|typographicvictim has 30 seconds left.
|inactive|typographicvictim has 20 seconds left.
|inactive|Mr. Kessler has 60 seconds left.
|inactive|typographicvictim has 15 seconds left.
|inactive|typographicvictim has 10 seconds left.
|
|t:|1783465521
|teamsize|p1|4
|teamsize|p2|4
|start
|switch|p1a: Kangaskhan|Kangaskhan, L50, F|100/100
|switch|p1b: Rotom|Rotom-Heat, L50|100/100
|switch|p2a: Rotom|Rotom-Wash, L50|100/100
|switch|p2b: Tyrantrum|Tyrantrum, L50, F|100/100
|turn|1
|
|t:|1783465533
|move|p1a: Kangaskhan|Fake Out|p2a: Rotom
|-damage|p2a: Rotom|77/100
|move|p1b: Rotom|Will-O-Wisp|p2b: Tyrantrum
|-status|p2b: Tyrantrum|brn
|move|p2b: Tyrantrum|Rock Slide|p1a: Kangaskhan|[spread] p1a,p1b
|-supereffective|p1b: Rotom|1
|-damage|p1a: Kangaskhan|81/100
|-damage|p1b: Rotom|61/100
|cant|p2a: Rotom|flinch
|
|-damage|p2b: Tyrantrum|94/100 brn|[from] brn
|upkeep
|turn|2
|
|t:|1783465555
|switch|p1b: ass eater|Orthworm, L50, M|100/100
|move|p2b: Tyrantrum|Rock Slide|p1b: ass eater|[spread] p1a,p1b
|-resisted|p1b: ass eater|1
|-damage|p1a: Kangaskhan|64/100
|-damage|p1b: ass eater|93/100
|cant|p1a: Kangaskhan|flinch
|move|p2a: Rotom|Will-O-Wisp|p1a: Kangaskhan
|-status|p1a: Kangaskhan|brn
|
|-heal|p1b: ass eater|100/100|[from] item: Leftovers
|-damage|p2b: Tyrantrum|88/100 brn|[from] brn
|-damage|p1a: Kangaskhan|58/100 brn|[from] brn
|upkeep
|turn|3
|c| MZMG|Why rotom made of paper
|c| MZMG|FLINCH OF A LIFETIME
|inactive|typographicvictim has 30 seconds left.
|
|t:|1783465585
|move|p2b: Tyrantrum|Rock Slide|p1b: ass eater|[spread] p1a,p1b
|-resisted|p1b: ass eater|1
|-damage|p1a: Kangaskhan|41/100 brn
|-damage|p1b: ass eater|94/100
|cant|p1a: Kangaskhan|flinch
|move|p2a: Rotom|Will-O-Wisp|p1b: ass eater|[miss]
|-miss|p2a: Rotom|p1b: ass eater
|move|p1b: ass eater|Iron Defense|p1b: ass eater
|-boost|p1b: ass eater|def|2
|
|-heal|p1b: ass eater|100/100|[from] item: Leftovers
|-damage|p2b: Tyrantrum|83/100 brn|[from] brn
|-damage|p1a: Kangaskhan|35/100 brn|[from] brn
|upkeep
|turn|4
|c|â˜†typographicvictim|rotom with its chud ass base hp lol
|c| MZMG|Oh god bro
|c|â˜†typographicvictim|rock slide moment
|inactive|typographicvictim has 30 seconds left.
|
|t:|1783465617
|move|p2b: Tyrantrum|Rock Slide|p1b: ass eater|[spread] p1a,p1b
|-resisted|p1b: ass eater|1
|-damage|p1a: Kangaskhan|17/100 brn
|-damage|p1b: ass eater|97/100
|move|p1a: Kangaskhan|Last Resort|p2a: Rotom
|-damage|p2a: Rotom|37/100
|move|p2a: Rotom|Will-O-Wisp|p1b: ass eater
|-status|p1b: ass eater|brn
|move|p1b: ass eater|Body Press|p2a: Rotom
|-damage|p2a: Rotom|8/100
|
|-heal|p1b: ass eater|100/100 brn|[from] item: Leftovers
|-damage|p2b: Tyrantrum|77/100 brn|[from] brn
|-damage|p1a: Kangaskhan|10/100 brn|[from] brn
|-damage|p1b: ass eater|93/100 brn|[from] brn
|upkeep
|turn|5
|
|t:|1783465639
|move|p1b: ass eater|Protect|p1b: ass eater
|-singleturn|p1b: ass eater|Protect
|move|p2b: Tyrantrum|Rock Slide|p1b: ass eater|[spread] 
|-activate|p1b: ass eater|move: Protect
|-miss|p2b: Tyrantrum|p1a: Kangaskhan
|move|p1a: Kangaskhan|Last Resort|p2a: Rotom
|-damage|p2a: Rotom|0 fnt
|faint|p2a: Rotom
|
|-heal|p1b: ass eater|100/100 brn|[from] item: Leftovers
|-damage|p2b: Tyrantrum|71/100 brn|[from] brn
|-damage|p1a: Kangaskhan|4/100 brn|[from] brn
|-damage|p1b: ass eater|93/100 brn|[from] brn
|upkeep
|
|t:|1783465645
|switch|p2a: Greninja|Greninja, L50, M|100/100
|turn|6
|c|â˜†typographicvictim|everyone is on fire today
|inactive|typographicvictim has 30 seconds left.
|
|t:|1783465675
|detailschange|p2a: Greninja|Greninja-Mega, L50, M
|-mega|p2a: Greninja|Greninja|Greninjite
|move|p2a: Greninja|Hydro Pump|p1b: ass eater
|-start|p2a: Greninja|typechange|Water|[from] ability: Protean
|-damage|p1b: ass eater|34/100 brn
|move|p2b: Tyrantrum|Rock Slide|p1b: ass eater|[spread] p1a,p1b
|-resisted|p1b: ass eater|1
|-damage|p1a: Kangaskhan|0 fnt
|-damage|p1b: ass eater|31/100 brn
|faint|p1a: Kangaskhan
|move|p1b: ass eater|Body Press|p2a: Greninja
|-damage|p2a: Greninja|64/100
|
|-heal|p1b: ass eater|37/100 brn|[from] item: Leftovers
|-damage|p2b: Tyrantrum|66/100 brn|[from] brn
|-damage|p1b: ass eater|31/100 brn|[from] brn
|upkeep
|
|t:|1783465694
|switch|p1a: Rotom|Rotom-Heat, L50|61/100
|turn|7
|
|t:|1783465704
|switch|p2a: Sylveon|Sylveon, L50, F|100/100
|move|p1a: Rotom|Will-O-Wisp|p2a: Sylveon|[miss]
|-miss|p1a: Rotom|p2a: Sylveon
|move|p2b: Tyrantrum|Rock Slide|p1b: ass eater|[spread] p1a,p1b
|-supereffective|p1a: Rotom|1
|-resisted|p1b: ass eater|1
|-damage|p1a: Rotom|21/100
|-damage|p1b: ass eater|28/100 brn
|move|p1b: ass eater|Body Press|p2a: Sylveon
|-resisted|p2a: Sylveon|1
|-damage|p2a: Sylveon|85/100
|
|-heal|p1b: ass eater|34/100 brn|[from] item: Leftovers
|-damage|p2b: Tyrantrum|60/100 brn|[from] brn
|-damage|p1b: ass eater|28/100 brn|[from] brn
|upkeep
|turn|8
|inactive|typographicvictim has 30 seconds left.
|
|t:|1783465729
|switch|p1a: Gengar|Gengar, L50, M|100/100
|move|p2a: Sylveon|Protect|p2a: Sylveon
|-singleturn|p2a: Sylveon|Protect
|move|p2b: Tyrantrum|Rock Slide|p1a: Gengar|[spread] p1a,p1b
|-resisted|p1b: ass eater|1
|-damage|p1a: Gengar|73/100
|-damage|p1b: ass eater|25/100 brn
|move|p1b: ass eater|Body Press|p2b: Tyrantrum
|-supereffective|p2b: Tyrantrum|1
|-damage|p2b: Tyrantrum|9/100 brn
|
|-heal|p1b: ass eater|31/100 brn|[from] item: Leftovers
|-damage|p2b: Tyrantrum|3/100 brn|[from] brn
|-damage|p1b: ass eater|25/100 brn|[from] brn
|upkeep
|turn|9
|
|t:|1783465748
|detailschange|p1a: Gengar|Gengar-Mega, L50, M
|-mega|p1a: Gengar|Gengar|Gengarite
|move|p2a: Sylveon|Protect|p2a: Sylveon
|-singleturn|p2a: Sylveon|Protect
|move|p2b: Tyrantrum|Rock Slide|p1b: ass eater|[spread] p1a,p1b
|-resisted|p1b: ass eater|1
|-damage|p1a: Gengar|53/100
|-damage|p1b: ass eater|23/100 brn
|move|p1a: Gengar|Sludge Bomb|p2a: Sylveon
|-activate|p2a: Sylveon|move: Protect
|move|p1b: ass eater|Heavy Slam|p2a: Sylveon
|-activate|p2a: Sylveon|move: Protect
|
|-heal|p1b: ass eater|29/100 brn|[from] item: Leftovers
|-damage|p2b: Tyrantrum|0 fnt|[from] brn
|faint|p2b: Tyrantrum
|-damage|p1b: ass eater|23/100 brn|[from] brn
|upkeep
|
|t:|1783465757
|switch|p2b: Greninja|Greninja-Mega, L50, M|64/100
|turn|10
|c| MZMG|OH MY GOD
|
|t:|1783465775
|move|p1a: Gengar|Protect|p1a: Gengar
|-singleturn|p1a: Gengar|Protect
|move|p2b: Greninja|Dark Pulse|p1a: Gengar
|-start|p2b: Greninja|typechange|Dark|[from] ability: Protean
|-activate|p1a: Gengar|move: Protect
|move|p1b: ass eater|Heavy Slam|p2a: Sylveon
|-supereffective|p2a: Sylveon|1
|-damage|p2a: Sylveon|40/100
|move|p2a: Sylveon|Hyper Voice|p1a: Gengar|[spread] p1b
|-activate|p1a: Gengar|move: Protect
|-resisted|p1b: ass eater|1
|-damage|p1b: ass eater|0 fnt
|faint|p1b: ass eater
|
|upkeep
|
|t:|1783465786
|switch|p1b: Rotom|Rotom-Heat, L50|21/100
|turn|11
|
|t:|1783465797
|move|p1b: Rotom|Overheat|p2b: Greninja
|-damage|p2b: Greninja|0 fnt
|-unboost|p1b: Rotom|spa|2
|faint|p2b: Greninja
|move|p1a: Gengar|Sludge Bomb|p2a: Sylveon
|-supereffective|p2a: Sylveon|1
|-damage|p2a: Sylveon|0 fnt
|faint|p2a: Sylveon
|
|win|typographicvictim
|c|â˜†Mr. Kessler|ggs
|c|â˜†typographicvictim|ggs
|c|â˜†typographicvictim|fire games bro
