|j|☆203Testing
|j|☆spellbreakvgc
|html|203Testingspellbreakvgc    
|uhtml|bestof|Game 2 of a best-of-3
|t:|1757724294
|gametype|doubles
|player|p1|203Testing|koga|1031
|player|p2|spellbreakvgc|lance|1107
|gen|9
|tier|[Gen 9] VGC 2025 Reg H (Bo3)
|rated|
|rule|Species Clause: Limit one of each Pokémon
|rule|Item Clause: Limit 1 of each item
|clearpoke
|poke|p1|Rillaboom, L50, M|
|poke|p1|Dragonite, L50, M|
|poke|p1|Sneasler, L50, F|
|poke|p1|Kingambit, L50, M|
|poke|p1|Electabuzz, L50, F|
|poke|p1|Volcarona, L50, F|
|poke|p2|Dondozo, L50, M|
|poke|p2|Sneasler, L50, M|
|poke|p2|Ursaluna-Bloodmoon, L50, M|
|poke|p2|Indeedee, L50, M|
|poke|p2|Tatsugiri, L50, F|
|poke|p2|Whimsicott, L50, M|
|teampreview|4
|showteam|p1|Rillaboom||AssaultVest|GrassySurge|FakeOut,HighHorsepower,WoodHammer,GrassyGlide|||M|||50|,,,,,Fire]Dragonite||LoadedDice|Multiscale|ExtremeSpeed,ScaleShot,Protect,Haze|||M|||50|,,,,,Steel]Sneasler||FocusSash|PoisonTouch|DireClaw,CloseCombat,FakeOut,Coaching|||F|||50|,,,,,Stellar]Kingambit||BlackGlasses|Defiant|KowtowCleave,SuckerPunch,SwordsDance,Protect|||M|||50|,,,,,Dark]Electabuzz||Eviolite|VitalSpirit|Thunderbolt,Taunt,FollowMe,Protect|||F|||50|,,,,,Ghost]Volcarona||Leftovers|FlameBody|HeatWave,TeraBlast,QuiverDance,Protect|||F|||50|,,,,,Fairy
|showteam|p2|Dondozo||Leftovers|Unaware|WaveCrash,OrderUp,Earthquake,Protect|||M|||50|,,,,,Grass]Sneasler||PsychicSeed|Unburden|DireClaw,CloseCombat,ThroatChop,Protect|||M|||50|,,,,,Dark]Ursaluna-Bloodmoon||LifeOrb|MindsEye|BloodMoon,HyperVoice,EarthPower,Protect|||M|||50|,,,,,Normal]Indeedee||FocusSash|PsychicSurge|ExpandingForce,TeraBlast,HelpingHand,Protect|||M|||50|,,,,,Psychic]Tatsugiri||SafetyGoggles|Commander|DracoMeteor,MuddyWater,HelpingHand,Protect|||F|||50|,,,,,Normal]Whimsicott||CovertCloak|Prankster|Moonblast,Tailwind,LightScreen,HelpingHand|||M|||50|,,,,,Poison
|inactive|Battle timer is ON: inactive players will automatically lose when time's up. (requested by spellbreakvgc)
|inactive|203Testing has 60 seconds left.
|inactive|spellbreakvgc has 60 seconds left.
|
|t:|1757724352
|teamsize|p1|4
|teamsize|p2|4
|start
|switch|p1a: Dragonite|Dragonite, L50, M|100/100
|switch|p1b: Sneasler|Sneasler, L50, F|100/100
|switch|p2a: Ursaluna|Ursaluna-Bloodmoon, L50, M|100/100
|switch|p2b: Whimsicott|Whimsicott, L50, M|100/100
|turn|1
|inactive|203Testing has 30 seconds left.
|
|t:|1757724384
|switch|p1a: Kingambit|Kingambit, L50, M|100/100
|-terastallize|p2b: Whimsicott|Poison
|move|p2b: Whimsicott|Tailwind|p2b: Whimsicott
|-sidestart|p2: spellbreakvgc|move: Tailwind
|move|p2a: Ursaluna|Hyper Voice|p1a: Kingambit|[spread] p1a,p1b
|-resisted|p1a: Kingambit
|-damage|p1a: Kingambit|75/100
|-damage|p1b: Sneasler|34/100
|-damage|p2a: Ursaluna|91/100|[from] item: Life Orb
|move|p1b: Sneasler|Dire Claw|p2b: Whimsicott
|-resisted|p2b: Whimsicott
|-damage|p2b: Whimsicott|73/100
|
|upkeep
|turn|2
|
|t:|1757724407
|switch|p2a: Indeedee|Indeedee, L50, M|100/100
|-fieldstart|move: Psychic Terrain|[from] ability: Psychic Surge|[of] p2a: Indeedee
|switch|p1b: Rillaboom|Rillaboom, L50, M|100/100
|-fieldstart|move: Grassy Terrain|[from] ability: Grassy Surge|[of] p1b: Rillaboom
|move|p2b: Whimsicott|Helping Hand|p2a: Indeedee
|-singleturn|p2a: Indeedee|Helping Hand|[of] p2b: Whimsicott
|move|p1a: Kingambit|Protect||[still]
|-fail|p1a: Kingambit
|
|-heal|p2b: Whimsicott|79/100|[from] Grassy Terrain
|-heal|p1a: Kingambit|81/100|[from] Grassy Terrain
|upkeep
|turn|3
|
|t:|1757724425
|switch|p2a: Ursaluna|Ursaluna-Bloodmoon, L50, M|91/100
|move|p1b: Rillaboom|Fake Out|p2a: Ursaluna
|-damage|p2a: Ursaluna|79/100
|move|p2b: Whimsicott|Moonblast|p1a: Kingambit
|-damage|p1a: Kingambit|56/100
|move|p1a: Kingambit|Swords Dance|p1a: Kingambit
|-boost|p1a: Kingambit|atk|2
|
|-heal|p2b: Whimsicott|85/100|[from] Grassy Terrain
|-heal|p2a: Ursaluna|85/100|[from] Grassy Terrain
|-heal|p1a: Kingambit|62/100|[from] Grassy Terrain
|upkeep
|turn|4
|
|t:|1757724441
|move|p2b: Whimsicott|Helping Hand|p2a: Ursaluna
|-singleturn|p2a: Ursaluna|Helping Hand|[of] p2b: Whimsicott
|move|p1a: Kingambit|Protect|p1a: Kingambit
|-singleturn|p1a: Kingambit|Protect
|move|p2a: Ursaluna|Blood Moon|p1b: Rillaboom
|-damage|p1b: Rillaboom|0 fnt
|faint|p1b: Rillaboom
|-damage|p2a: Ursaluna|75/100|[from] item: Life Orb
|
|-heal|p2b: Whimsicott|91/100|[from] Grassy Terrain
|-heal|p2a: Ursaluna|81/100|[from] Grassy Terrain
|-heal|p1a: Kingambit|68/100|[from] Grassy Terrain
|-sideend|p2: spellbreakvgc|move: Tailwind
|upkeep
|
|t:|1757724451
|switch|p1b: Dragonite|Dragonite, L50, M|100/100
|turn|5
|
|t:|1757724469
|-terastallize|p1a: Kingambit|Dark
|move|p2a: Ursaluna|Protect|p2a: Ursaluna
|-singleturn|p2a: Ursaluna|Protect
|move|p2b: Whimsicott|Tailwind|p2b: Whimsicott
|-sidestart|p2: spellbreakvgc|move: Tailwind
|move|p1b: Dragonite|Scale Shot|p2b: Whimsicott
|-damage|p2b: Whimsicott|70/100
|-damage|p2b: Whimsicott|50/100
|-damage|p2b: Whimsicott|28/100
|-damage|p2b: Whimsicott|6/100
|-hitcount|p2b: Whimsicott|4
|-unboost|p1b: Dragonite|def|1
|-boost|p1b: Dragonite|spe|1
|move|p1a: Kingambit|Kowtow Cleave|p2a: Ursaluna
|-activate|p2a: Ursaluna|move: Protect
|
|-heal|p2b: Whimsicott|12/100|[from] Grassy Terrain
|-heal|p2a: Ursaluna|87/100|[from] Grassy Terrain
|-heal|p1a: Kingambit|74/100|[from] Grassy Terrain
|upkeep
|turn|6
|inactive|203Testing has 30 seconds left.
|inactive|spellbreakvgc has 30 seconds left.
|
|t:|1757724498
|move|p2b: Whimsicott|Helping Hand|p2a: Ursaluna
|-singleturn|p2a: Ursaluna|Helping Hand|[of] p2b: Whimsicott
|move|p1a: Kingambit|Protect|p1a: Kingambit
|-singleturn|p1a: Kingambit|Protect
|move|p2a: Ursaluna|Hyper Voice|p1a: Kingambit|[spread] p1b
|-activate|p1a: Kingambit|move: Protect
|-damage|p1b: Dragonite|57/100
|-damage|p2a: Ursaluna|77/100|[from] item: Life Orb
|move|p1b: Dragonite|Scale Shot|p2b: Whimsicott
|-damage|p2b: Whimsicott|0 fnt
|faint|p2b: Whimsicott
|-hitcount|p2: Whimsicott|1
|-unboost|p1b: Dragonite|def|1
|-boost|p1b: Dragonite|spe|1
|
|-heal|p2a: Ursaluna|83/100|[from] Grassy Terrain
|-heal|p1a: Kingambit|80/100|[from] Grassy Terrain
|-fieldend|move: Grassy Terrain
|upkeep
|
|t:|1757724522
|switch|p2b: Sneasler|Sneasler, L50, M|100/100
|turn|7
|
|t:|1757724532
|switch|p2a: Indeedee|Indeedee, L50, M|100/100
|-fieldstart|move: Psychic Terrain|[from] ability: Psychic Surge|[of] p2a: Indeedee
|-enditem|p2b: Sneasler|Psychic Seed
|-boost|p2b: Sneasler|spd|1|[from] item: Psychic Seed
|move|p1a: Kingambit|Protect|p1a: Kingambit
|-singleturn|p1a: Kingambit|Protect
|move|p2b: Sneasler|Close Combat|p1a: Kingambit
|-activate|p1a: Kingambit|move: Protect
|move|p1b: Dragonite|Scale Shot|p2b: Sneasler
|-damage|p2b: Sneasler|79/100
|-damage|p2b: Sneasler|57/100
|-damage|p2b: Sneasler|35/100
|-damage|p2b: Sneasler|10/100
|-hitcount|p2b: Sneasler|4
|-unboost|p1b: Dragonite|def|1
|-boost|p1b: Dragonite|spe|1
|
|upkeep
|turn|8
|inactive|203Testing has 30 seconds left.
|
|t:|1757724558
|switch|p1a: Sneasler|Sneasler, L50, F|34/100
|move|p1b: Dragonite|Protect|p1b: Dragonite
|-singleturn|p1b: Dragonite|Protect
|move|p2b: Sneasler|Close Combat|p1a: Sneasler
|-resisted|p1a: Sneasler
|-damage|p1a: Sneasler|0 fnt
|-unboost|p2b: Sneasler|def|1
|-unboost|p2b: Sneasler|spd|1
|faint|p1a: Sneasler
|move|p2a: Indeedee|Expanding Force|p1b: Dragonite
|-activate|p1b: Dragonite|move: Protect
|
|-sideend|p2: spellbreakvgc|move: Tailwind
|upkeep
|
|t:|1757724567
|switch|p1a: Kingambit|Kingambit, L50, M, tera:Dark|80/100
|turn|9
|
|t:|1757724577
|move|p1b: Dragonite|Extreme Speed|p2b: Sneasler
|-activate|p2b: Sneasler|move: Psychic Terrain
|move|p2b: Sneasler|Dire Claw|p1b: Dragonite
|-damage|p1b: Dragonite|0 fnt
|faint|p1b: Dragonite
|move|p2a: Indeedee|Expanding Force|p1a: Kingambit
|-immune|p1a: Kingambit
|move|p1a: Kingambit|Kowtow Cleave|p2a: Indeedee
|-supereffective|p2a: Indeedee
|-enditem|p2a: Indeedee|Focus Sash
|-damage|p2a: Indeedee|1/100
|
|upkeep
|turn|10
|-message|203Testing forfeited.
|
|win|spellbreakvgc
|l|☆203Testing
|player|p1|
||203Testing is ready for game 3.
||spellbreakvgc is ready for game 3.
|uhtml|next|Next: Game 3 of 3
