|j|☆koihoiboi
|j|☆subhamcheee
|html|koihoiboisubhamcheee    
|uhtml|bestof|Game 1 of a best-of-3
|t:|1785923307
|gametype|doubles
|player|p1|koihoiboi|266|1149
|player|p2|subhamcheee|cynthia|1237
|gen|9
|tier|[Gen 9 Champions] VGC 2026 Reg M-B (Bo3)
|rated|
|rule|Species Clause: Limit one of each Pokémon
|rule|Item Clause: Limit 1 of each item
|clearpoke
|poke|p1|Staraptor, L50, M|
|poke|p1|Whimsicott, L50, M|
|poke|p1|Kingambit, L50, M|
|poke|p1|Gengar, L50, M|
|poke|p1|Garchomp, L50, M|
|poke|p1|Sinistcha, L50|
|poke|p2|Gardevoir, L50, F, shiny|
|poke|p2|Sneasler, L50, F|
|poke|p2|Farigiraf, L50, M|
|poke|p2|Sinistcha, L50|
|poke|p2|Aerodactyl, L50, M|
|poke|p2|Basculegion, L50, M|
|teampreview|4
|showteam|p1|Staraptor||Staraptite|Intimidate|Protect,BraveBird,CloseCombat,Roost|Jolly||M|||50|]Whimsicott||FairyFeather|Prankster|Encore,Tailwind,Charm,Moonblast|Timid||M|||50|]Kingambit||FocusSash|Defiant|Protect,IronHead,SuckerPunch,KowtowCleave|Adamant||M|||50|]Gengar||Gengarite|CursedBody|Protect,ShadowBall,Psychic,SludgeBomb|Timid||M|||50|]Garchomp||ChoiceScarf|RoughSkin|DragonClaw,Earthquake,RockSlide,StompingTantrum|Adamant||M|||50|]Sinistcha||SitrusBerry|Hospitality|MatchaGotcha,LifeDew,ShadowBall,TrickRoom|Modest|||||50|
|showteam|p2|Gardevoir||Gardevoirite|Trace|Protect,CalmMind,DrainingKiss,HyperVoice|Modest||F|||50|]Sneasler||WhiteHerb|Unburden|FakeOut,Protect,PoisonJab,CloseCombat|Adamant||F|||50|]Farigiraf||SitrusBerry|ArmorTail|Psychic,TrickRoom,Thunderbolt,HelpingHand|Bold||M|||50|]Sinistcha||ColburBerry|Hospitality|Protect,RagePowder,LifeDew,MatchaGotcha|Bold|||||50|]Aerodactyl||FocusSash|Unnerve|Protect,Tailwind,RockSlide,DualWingbeat|Jolly||M|||50|]Basculegion||ChoiceScarf|Adaptability|WaveCrash,LastRespects,AquaJet,FlipTurn|Jolly||M|||50|
|inactive|Battle timer is ON: inactive players will automatically lose when time's up. (requested by koihoiboi)
|inactive|koihoiboi has 60 seconds left.
|inactive|subhamcheee has 60 seconds left.
|
|t:|1785923361
|teamsize|p1|4
|teamsize|p2|4
|start
|switch|p1a: Whimsicott|Whimsicott, L50, M|100/100
|switch|p1b: Kingambit|Kingambit, L50, M|100/100
|switch|p2a: Aerodactyl|Aerodactyl, L50, M|100/100
|switch|p2b: Gardevoir|Gardevoir, L50, F, shiny|100/100
|-ability|p2a: Aerodactyl|Unnerve
|-ability|p2b: Gardevoir|Prankster|Trace|[from] ability: Trace|[of] p1a: Whimsicott
|turn|1
|c|☆koihoiboi|GL, hf
|
|t:|1785923380
|switch|p2b: Sneasler|Sneasler, L50, F|100/100
|move|p1a: Whimsicott|Tailwind|p1a: Whimsicott
|-sidestart|p1: koihoiboi|move: Tailwind
|move|p1b: Kingambit|Iron Head|p2b: Sneasler
|-damage|p2b: Sneasler|15/100
|move|p2a: Aerodactyl|Dual Wingbeat|p1a: Whimsicott
|-supereffective|p1a: Whimsicott|1
|-damage|p1a: Whimsicott|41/100
|-supereffective|p1a: Whimsicott|1
|-damage|p1a: Whimsicott|0 fnt
|faint|p1a: Whimsicott
|-hitcount|p1: Whimsicott|2
|
|upkeep
|
|t:|1785923384
|switch|p1a: Gengar|Gengar, L50, M|100/100
|turn|2
|
|t:|1785923399
|switch|p2a: Farigiraf|Farigiraf, L50, M|100/100
|detailschange|p1a: Gengar|Gengar-Mega, L50, M
|-mega|p1a: Gengar|Gengar|Gengarite
|move|p1a: Gengar|Protect|p1a: Gengar
|-singleturn|p1a: Gengar|Protect
|move|p1b: Kingambit|Protect|p1b: Kingambit
|-singleturn|p1b: Kingambit|Protect
|move|p2b: Sneasler|Close Combat|p1b: Kingambit
|-activate|p1b: Kingambit|move: Protect
|
|upkeep
|turn|3
|inactive|subhamcheee has 30 seconds left.
|inactive|subhamcheee has 20 seconds left.
|
|t:|1785923437
|move|p1a: Gengar|Psychic|p2b: Sneasler
|-supereffective|p2b: Sneasler|2
|-damage|p2b: Sneasler|0 fnt
|faint|p2b: Sneasler
|move|p1b: Kingambit|Kowtow Cleave|p2a: Farigiraf
|-supereffective|p2a: Farigiraf|1
|-damage|p2a: Farigiraf|27/100
|-enditem|p2a: Farigiraf|Sitrus Berry|[eat]
|-heal|p2a: Farigiraf|52/100|[from] item: Sitrus Berry
|move|p2a: Farigiraf|Psychic|p1a: Gengar
|-supereffective|p1a: Gengar|1
|-damage|p1a: Gengar|3/100
|-unboost|p1a: Gengar|spd|1
|
|upkeep
|inactive|subhamcheee has 30 seconds left.
|inactive|subhamcheee has 20 seconds left.
|
|t:|1785923475
|switch|p2b: Aerodactyl|Aerodactyl, L50, M|100/100
|-ability|p2b: Aerodactyl|Unnerve
|turn|4
|
|t:|1785923492
|move|p2a: Farigiraf|Helping Hand|p2b: Aerodactyl
|-singleturn|p2b: Aerodactyl|Helping Hand|[of] p2a: Farigiraf
|move|p1a: Gengar|Sludge Bomb|p2a: Farigiraf
|-damage|p2a: Farigiraf|0 fnt
|faint|p2a: Farigiraf
|move|p1b: Kingambit|Kowtow Cleave|p2b: Aerodactyl
|-damage|p2b: Aerodactyl|12/100
|move|p2b: Aerodactyl|Rock Slide|p1a: Gengar|[spread] p1a,p1b
|-resisted|p1b: Kingambit|1
|-damage|p1a: Gengar|0 fnt
|-damage|p1b: Kingambit|83/100
|faint|p1a: Gengar
|
|-sideend|p1: koihoiboi|move: Tailwind
|upkeep
|
|t:|1785923508
|switch|p1a: Sinistcha|Sinistcha, L50|100/100
|switch|p2a: Gardevoir|Gardevoir, L50, F, shiny|100/100
|-ability|p2a: Gardevoir|Defiant|Trace|[from] ability: Trace|[of] p1b: Kingambit
|-heal|p1b: Kingambit|100/100|[from] ability: Hospitality|[of] p1a: Sinistcha
|turn|5
|inactive|subhamcheee has 30 seconds left.
|
|t:|1785923537
|detailschange|p2a: Gardevoir|Gardevoir-Mega, L50, F, shiny
|-mega|p2a: Gardevoir|Gardevoir|Gardevoirite
|move|p1b: Kingambit|Sucker Punch|p2b: Aerodactyl
|-crit|p2b: Aerodactyl
|-damage|p2b: Aerodactyl|0 fnt
|faint|p2b: Aerodactyl
|move|p2a: Gardevoir|Hyper Voice|p1b: Kingambit|[spread] p1a,p1b
|-damage|p1a: Sinistcha|51/100
|-damage|p1b: Kingambit|49/100
|move|p1a: Sinistcha|Shadow Ball|p2a: Gardevoir
|-supereffective|p2a: Gardevoir|1
|-damage|p2a: Gardevoir|44/100
|-unboost|p2a: Gardevoir|spd|1
|
|upkeep
|turn|6
|
|t:|1785923556
|move|p1b: Kingambit|Sucker Punch|p2a: Gardevoir
|-damage|p2a: Gardevoir|0 fnt
|faint|p2a: Gardevoir
|
|win|koihoiboi
||koihoiboi is ready for game 2.
||subhamcheee is ready for game 2.
|uhtml|next|Next: Game 2 of 3
|l|☆subhamcheee
|player|p2|
