|j|â˜†Antboy12
|j|â˜†AustinMcballs
|html|Antboy12AustinMcballs    
|uhtml|bestof|Game 2 of a best-of-3
|t:|1786120548
|gametype|doubles
|player|p1|Antboy12|drayton|
|player|p2|AustinMcballs|ortega|
|gen|9
|tier|[Gen 9 Champions] VGC 2026 Reg M-B (Bo3)
|rule|Species Clause: Limit one of each PokÃ©mon
|rule|Item Clause: Limit 1 of each item
|clearpoke
|poke|p1|Floette-Eternal, L50, F|
|poke|p1|Sneasler, L50, F, shiny|
|poke|p1|Sinistcha, L50|
|poke|p1|Kingambit, L50, M, shiny|
|poke|p1|Garchomp, L50, M, shiny|
|poke|p1|Arcanine-Hisui, L50, F, shiny|
|poke|p2|Raichu, L50, M|
|poke|p2|Ninetales-Alola, L50, M|
|poke|p2|Kingambit, L50, F, shiny|
|poke|p2|Garchomp, L50, F|
|poke|p2|Sinistcha, L50|
|poke|p2|Aerodactyl, L50, M|
|teampreview|4
|showteam|p1|Floette-Eternal||Floettite|FlowerVeil|Moonblast,DazzlingGleam,Substitute,Protect|Timid||F|||50|]Sneasler||FocusSash|Unburden|DireClaw,CloseCombat,Taunt,Protect|Jolly||F|||50|]Sinistcha||SitrusBerry|Hospitality|MatchaGotcha,RagePowder,LifeDew,StrengthSap|Calm|||||50|]Kingambit||BlackGlasses|Defiant|ThroatChop,SuckerPunch,IronHead,Protect|Adamant||M|||50|]Garchomp||LifeOrb|RoughSkin|DragonClaw,StompingTantrum,RockSlide,Protect|Jolly||M|||50|]Arcanine-Hisui||ChoiceScarf|Intimidate|FlareBlitz,RockSlide,WildCharge,PsychicFangs|Jolly||F|||50|
|showteam|p2|Raichu||RaichuniteY|LightningRod|ZapCannon,FocusBlast,FakeOut,Protect|Timid||M|||50|]Ninetales-Alola||LifeOrb|SnowWarning|Moonblast,Blizzard,Encore,Protect|Timid||M|||50|]Kingambit||BlackGlasses|Defiant|KowtowCleave,SuckerPunch,IronHead,Protect|Adamant||F|||50|]Garchomp||SitrusBerry|RoughSkin|StompingTantrum,DragonClaw,SwordsDance,Protect|Adamant||F|||50|]Sinistcha||FocusSash|Hospitality|MatchaGotcha,ShadowBall,RagePowder,Protect|Modest|||||50|]Aerodactyl||Aerodactylite|Unnerve|RockSlide,DualWingbeat,Tailwind,Protect|Jolly||M|||50|
|inactive|Battle timer is ON: inactive players will automatically lose when time's up. (requested by AustinMcballs)
|
|t:|1786120579
|teamsize|p1|4
|teamsize|p2|4
|start
|switch|p1a: Catwoman|Sneasler, L50, F, shiny|100/100
|switch|p1b: Kozuki Oden|Kingambit, L50, M, shiny|100/100
|switch|p2a: Ninetales|Ninetales-Alola, L50, M|100/100
|switch|p2b: Aerodactyl|Aerodactyl, L50, M|100/100
|-ability|p2b: Aerodactyl|Unnerve
|-weather|Snowscape|[from] ability: Snow Warning|[of] p2a: Ninetales
|turn|1
|inactive|AustinMcballs has 30 seconds left.
|
|t:|1786120607
|switch|p2a: Garchomp|Garchomp, L50, F|100/100
|move|p2b: Aerodactyl|Protect|p2b: Aerodactyl
|-singleturn|p2b: Aerodactyl|Protect
|move|p1a: Catwoman|Protect|p1a: Catwoman
|-singleturn|p1a: Catwoman|Protect
|move|p1b: Kozuki Oden|Iron Head|p2b: Aerodactyl
|-activate|p2b: Aerodactyl|move: Protect
|
|-weather|Snowscape|[upkeep]
|upkeep
|turn|2
|
|t:|1786120630
|switch|p1a: Winged King Choso|Garchomp, L50, M, shiny|100/100
|detailschange|p2b: Aerodactyl|Aerodactyl-Mega, L50, M
|-mega|p2b: Aerodactyl|Aerodactyl|Aerodactylite
|move|p2b: Aerodactyl|Tailwind|p2b: Aerodactyl
|-sidestart|p2: AustinMcballs|move: Tailwind
|move|p2a: Garchomp|Swords Dance|p2a: Garchomp
|-boost|p2a: Garchomp|atk|2
|move|p1b: Kozuki Oden|Iron Head|p2b: Aerodactyl
|-supereffective|p2b: Aerodactyl|1
|-damage|p2b: Aerodactyl|0 fnt
|faint|p2b: Aerodactyl
|
|-weather|Snowscape|[upkeep]
|upkeep
|
|t:|1786120644
|switch|p2b: Ninetales|Ninetales-Alola, L50, M|100/100
|turn|3
|
|t:|1786120647
|move|p1a: Winged King Choso|Protect|p1a: Winged King Choso
|-singleturn|p1a: Winged King Choso|Protect
|move|p1b: Kozuki Oden|Protect|p1b: Kozuki Oden
|-singleturn|p1b: Kozuki Oden|Protect
|move|p2b: Ninetales|Blizzard|p1a: Winged King Choso|[spread] 
|-activate|p1a: Winged King Choso|move: Protect
|-activate|p1b: Kozuki Oden|move: Protect
|move|p2a: Garchomp|Stomping Tantrum|p1b: Kozuki Oden
|-activate|p1b: Kozuki Oden|move: Protect
|
|-weather|Snowscape|[upkeep]
|upkeep
|turn|4
|c|â˜†Antboy12|well
|c|â˜†Antboy12|thats not good
|inactive|Antboy12 has 30 seconds left.
|
|t:|1786120681
|switch|p1a: Catwoman|Sneasler, L50, F, shiny|100/100
|move|p1b: Kozuki Oden|Sucker Punch|p2a: Garchomp
|-damage|p2a: Garchomp|54/100
|-damage|p1b: Kozuki Oden|87/100|[from] ability: Rough Skin|[of] p2a: Garchomp
|move|p2b: Ninetales|Blizzard|p1b: Kozuki Oden|[spread] p1a,p1b
|-resisted|p1b: Kozuki Oden|1
|-damage|p1a: Catwoman|47/100
|-damage|p1b: Kozuki Oden|65/100
|-damage|p2b: Ninetales|90/100|[from] item: Life Orb
|move|p2a: Garchomp|Stomping Tantrum|p1b: Kozuki Oden
|-supereffective|p1b: Kozuki Oden|1
|-damage|p1b: Kozuki Oden|0 fnt
|faint|p1b: Kozuki Oden
|
|-weather|Snowscape|[upkeep]
|upkeep
|
|t:|1786120694
|switch|p1b: Winged King Choso|Garchomp, L50, M, shiny|100/100
|turn|5
|c|â˜†Antboy12|oh btw feel free to swords dance again
|
|t:|1786120719
|move|p1a: Catwoman|Protect|p1a: Catwoman
|-singleturn|p1a: Catwoman|Protect
|move|p1b: Winged King Choso|Protect|p1b: Winged King Choso
|-singleturn|p1b: Winged King Choso|Protect
|move|p2b: Ninetales|Blizzard|p1a: Catwoman|[spread] 
|-activate|p1a: Catwoman|move: Protect
|-activate|p1b: Winged King Choso|move: Protect
|move|p2a: Garchomp|Swords Dance|p2a: Garchomp
|-boost|p2a: Garchomp|atk|2
|
|-weather|none
|-sideend|p2: AustinMcballs|move: Tailwind
|upkeep
|turn|6
|c|â˜†Antboy12|wont really matter but you can go ahead
|c|â˜†AustinMcballs|What is your problem with being a fucking nerd during fights bro
|inactive|AustinMcballs has 30 seconds left.
|c|â˜†AustinMcballs|respect your opponents you weirdo
|
|t:|1786120748
|switch|p2b: Kingambit|Kingambit, L50, F, shiny|100/100
|move|p2a: Garchomp|Protect|p2a: Garchomp
|-singleturn|p2a: Garchomp|Protect
|move|p1a: Catwoman|Dire Claw|p2b: Kingambit
|-immune|p2b: Kingambit
|move|p1b: Winged King Choso|Dragon Claw|p2a: Garchomp
|-activate|p2a: Garchomp|move: Protect
|
|upkeep
|turn|7
|
|t:|1786120772
|switch|p2a: Ninetales|Ninetales-Alola, L50, M|90/100
|-weather|Snowscape|[from] ability: Snow Warning|[of] p2a: Ninetales
|move|p2b: Kingambit|Sucker Punch|p1a: Catwoman
|-resisted|p1a: Catwoman|1
|-damage|p1a: Catwoman|4/100
|move|p1a: Catwoman|Close Combat|p2b: Kingambit
|-supereffective|p2b: Kingambit|2
|-damage|p2b: Kingambit|0 fnt
|-unboost|p1a: Catwoman|def|1
|-unboost|p1a: Catwoman|spd|1
|faint|p2b: Kingambit
|move|p1b: Winged King Choso|Dragon Claw|p2a: Ninetales
|-immune|p2a: Ninetales
|
|-weather|Snowscape|[upkeep]
|upkeep
|
|t:|1786120778
|switch|p2b: Garchomp|Garchomp, L50, F|54/100
|turn|8
|
|t:|1786120793
|move|p1a: Catwoman|Dire Claw|p2a: Ninetales
|-supereffective|p2a: Ninetales|1
|-damage|p2a: Ninetales|18/100
|move|p2a: Ninetales|Blizzard|p1a: Catwoman|[spread] p1a,p1b
|-supereffective|p1b: Winged King Choso|2
|-damage|p1a: Catwoman|0 fnt
|-damage|p1b: Winged King Choso|0 fnt
|faint|p1a: Catwoman
|faint|p1b: Winged King Choso
|-damage|p2a: Ninetales|8/100|[from] item: Life Orb
|move|p2b: Garchomp|Dragon Claw|p1: Catwoman|[notarget]
|-fail|p2b: Garchomp
|
|-weather|Snowscape|[upkeep]
|upkeep
|
|t:|1786120803
|switch|p1b: Bailey|Arcanine-Hisui, L50, F, shiny|100/100
|-ability|p1b: Bailey|Intimidate|boost
|-unboost|p2a: Ninetales|atk|1
|-unboost|p2b: Garchomp|atk|1
|turn|9
|c|â˜†Antboy12|well
|c|â˜†Antboy12|that backfired
|c|â˜†Antboy12|ggs
|inactive|Antboy12 has 30 seconds left.
|c|â˜†Antboy12|unless a miracle comes and fangs kills chomp
|c|â˜†Antboy12|then i def lose
|inactive|Antboy12 has 20 seconds left.
|
|t:|1786120841
|move|p1b: Bailey|Psychic Fangs|p2b: Garchomp
|-crit|p2b: Garchomp
|-damage|p2b: Garchomp|23/100
|-damage|p1b: Bailey|87/100|[from] ability: Rough Skin|[of] p2b: Garchomp
|-enditem|p2b: Garchomp|Sitrus Berry|[eat]
|-heal|p2b: Garchomp|48/100|[from] item: Sitrus Berry
|move|p2a: Ninetales|Blizzard|p1b: Bailey
|-resisted|p1b: Bailey|1
|-damage|p1b: Bailey|51/100
|-damage|p2a: Ninetales|0 fnt|[from] item: Life Orb
|faint|p2a: Ninetales
|move|p2b: Garchomp|Stomping Tantrum|p1b: Bailey
|-supereffective|p1b: Bailey|2
|-damage|p1b: Bailey|0 fnt
|faint|p1b: Bailey
|
|win|AustinMcballs
|c|â˜†Antboy12|ye gg
|c|â˜†AustinMcballs|quit being annoying when youre battling
|c|â˜†AustinMcballs|this why you got kicked from crew
|l|â˜†AustinMcballs
|player|p2|
|l|â˜†Antboy12
|player|p1|
|j|â˜†AustinMcballs
|player|p2|AustinMcballs|ortega|
