|j|☆Govek314
|j|☆Acris
|html|Govek314Acris    
|uhtml|bestof|Game 2 of a best-of-3
|t:|1756856621
|gametype|doubles
|player|p1|Govek314|2|1123
|player|p2|Acris|169|1165
|gen|9
|tier|[Gen 9] VGC 2025 Reg H (Bo3)
|rated|
|rule|Species Clause: Limit one of each Pokémon
|rule|Item Clause: Limit 1 of each item
|clearpoke
|poke|p1|Hydreigon, L50, M|
|poke|p1|Ursaluna-Bloodmoon, L50, M|
|poke|p1|Gholdengo, L50|
|poke|p1|Weezing-Galar, L50, M|
|poke|p1|Porygon2, L50|
|poke|p1|Incineroar, L50, F|
|poke|p2|Archaludon, L50, M|
|poke|p2|Pelipper, L50, M|
|poke|p2|Basculegion, L50, M|
|poke|p2|Incineroar, L50, F|
|poke|p2|Maushold-Four, L50|
|poke|p2|Annihilape, L50, F|
|teampreview|4
|showteam|p1|Hydreigon||SafetyGoggles|Levitate|DracoMeteor,Snarl,Tailwind,Protect|||M|||50|,,,,,Ghost]Ursaluna-Bloodmoon||LifeOrb|MindsEye|BloodMoon,HyperVoice,Protect,EarthPower|||M|||50|,,,,,Normal]Gholdengo||ChoiceSpecs|GoodasGold|ShadowBall,DazzlingGleam,Thunderbolt,MakeItRain||||||50|,,,,,Fairy]Weezing-Galar||SitrusBerry|NeutralizingGas|GunkShot,PlayRough,Haze,Protect|||M|||50|,,,,,Water]Porygon2||Eviolite|Download|TeraBlast,IceBeam,Recover,TrickRoom||||||50|,,,,,Fighting]Incineroar||AbilityShield|Intimidate|FakeOut,FlareBlitz,KnockOff,PartingShot|||F|||50|,,,,,Ghost
|showteam|p2|Archaludon||AssaultVest|Stamina|DracoMeteor,FlashCannon,ElectroShot,BodyPress|||M|||50|,,,,,Grass]Pelipper||FocusSash|Drizzle|Hurricane,WeatherBall,Tailwind,HelpingHand|||M|||50|,,,,,Stellar]Basculegion||ChoiceBand|SwiftSwim|WaveCrash,FlipTurn,LastRespects,AquaJet|||M|||50|,,,,,Water]Incineroar||SafetyGoggles|Intimidate|FakeOut,KnockOff,Taunt,PartingShot|||F|||50|,,,,,Ghost]Maushold-Four||WideLens|Technician|PopulationBomb,BeatUp,FollowMe,Protect||||||50|,,,,,Ghost]Annihilape||Leftovers|Defiant|DrainPunch,RageFist,BulkUp,Protect|||F|||50|,,,,,Grass
|
|t:|1756856665
|teamsize|p1|4
|teamsize|p2|4
|start
|switch|p1a: Weezing|Weezing-Galar, L50, M, shiny|100/100
|switch|p1b: Hydreigon|Hydreigon, L50, M|100/100
|switch|p2a: Maushold|Maushold-Four, L50|100/100
|switch|p2b: Annihilape|Annihilape, L50, F|100/100
|-ability|p1a: Weezing|Neutralizing Gas
|turn|1
|
|t:|1756856697
|move|p1a: Weezing|Protect|p1a: Weezing
|-singleturn|p1a: Weezing|Protect
|move|p2a: Maushold|Population Bomb|p1a: Weezing
|-activate|p1a: Weezing|move: Protect
|move|p1b: Hydreigon|Tailwind|p1b: Hydreigon
|-sidestart|p1: Govek314|move: Tailwind
|move|p2b: Annihilape|Drain Punch|p1b: Hydreigon
|-supereffective|p1b: Hydreigon
|-damage|p1b: Hydreigon|32/100
|
|upkeep
|turn|2
|
|t:|1756856730
|move|p2a: Maushold|Protect|p2a: Maushold
|-singleturn|p2a: Maushold|Protect
|move|p1b: Hydreigon|Draco Meteor|p2a: Maushold
|-activate|p2a: Maushold|move: Protect
|move|p1a: Weezing|Play Rough|p2a: Maushold
|-activate|p2a: Maushold|move: Protect
|move|p2b: Annihilape|Drain Punch|p1b: Hydreigon
|-supereffective|p1b: Hydreigon
|-damage|p1b: Hydreigon|0 fnt
|faint|p1b: Hydreigon
|
|upkeep
|
|t:|1756856745
|switch|p1b: Gholdengo|Gholdengo, L50, shiny|100/100
|turn|3
|
|t:|1756856757
|switch|p2a: Incineroar|Incineroar, L50, F|100/100
|switch|p2b: Archaludon|Archaludon, L50, M|100/100
|move|p1b: Gholdengo|Make It Rain|p2a: Incineroar|[spread] p2a,p2b
|-resisted|p2a: Incineroar
|-resisted|p2b: Archaludon
|-damage|p2a: Incineroar|75/100
|-damage|p2b: Archaludon|68/100
|-unboost|p1b: Gholdengo|spa|1
|move|p1a: Weezing|Play Rough|p2b: Archaludon
|-damage|p2b: Archaludon|40/100
|
|upkeep
|turn|4
|
|t:|1756856779
|switch|p1b: Ursaluna|Ursaluna-Bloodmoon, L50, M|100/100
|-terastallize|p1a: Weezing|Water
|move|p1a: Weezing|Gunk Shot|p2a: Incineroar|[miss]
|-miss|p1a: Weezing|p2a: Incineroar
|move|p2b: Archaludon|Flash Cannon|p1a: Weezing
|-resisted|p1a: Weezing
|-damage|p1a: Weezing|73/100
|move|p2a: Incineroar|Knock Off|p1b: Ursaluna
|-damage|p1b: Ursaluna|73/100
|-enditem|p1b: Ursaluna|Life Orb|[from] move: Knock Off|[of] p2a: Incineroar
|
|-sideend|p1: Govek314|move: Tailwind
|upkeep
|turn|5
|
|t:|1756856819
|move|p1b: Ursaluna|Protect|p1b: Ursaluna
|-singleturn|p1b: Ursaluna|Protect
|move|p2b: Archaludon|Draco Meteor|p1b: Ursaluna
|-activate|p1b: Ursaluna|move: Protect
|move|p1a: Weezing|Play Rough|p2b: Archaludon
|-damage|p2b: Archaludon|15/100
|move|p2a: Incineroar|Knock Off|p1b: Ursaluna
|-activate|p1b: Ursaluna|move: Protect
|
|upkeep
|turn|6
|inactive|Battle timer is ON: inactive players will automatically lose when time's up. (requested by Acris)
|
|t:|1756856843
|switch|p1b: Gholdengo|Gholdengo, L50, shiny|100/100
|move|p2b: Archaludon|Draco Meteor|p1b: Gholdengo
|-resisted|p1b: Gholdengo
|-damage|p1b: Gholdengo|66/100
|-unboost|p2b: Archaludon|spa|2
|move|p1a: Weezing|Play Rough|p2b: Archaludon
|-damage|p2b: Archaludon|0 fnt
|faint|p2b: Archaludon
|move|p2a: Incineroar|Knock Off|p1b: Gholdengo
|-supereffective|p1b: Gholdengo
|-damage|p1b: Gholdengo|0 fnt
|-enditem|p1b: Gholdengo|Choice Specs|[from] move: Knock Off|[of] p2a: Incineroar
|faint|p1b: Gholdengo
|
|upkeep
|
|t:|1756856858
|switch|p2b: Annihilape|Annihilape, L50, F|100/100
|switch|p1b: Ursaluna|Ursaluna-Bloodmoon, L50, M|73/100
|turn|7
|
|t:|1756856877
|move|p2b: Annihilape|Drain Punch|p1b: Ursaluna
|-supereffective|p1b: Ursaluna
|-damage|p1b: Ursaluna|25/100
|move|p1b: Ursaluna|Blood Moon|p2b: Annihilape
|-immune|p2b: Annihilape
|move|p1a: Weezing|Gunk Shot|p2a: Incineroar
|-damage|p2a: Incineroar|25/100
|-status|p2a: Incineroar|psn
|move|p2a: Incineroar|Knock Off|p1b: Ursaluna
|-damage|p1b: Ursaluna|4/100
|
|-damage|p2a: Incineroar|12/100 psn|[from] psn
|upkeep
|turn|8
|
|t:|1756856892
|move|p1b: Ursaluna|Protect|p1b: Ursaluna
|-singleturn|p1b: Ursaluna|Protect
|move|p2b: Annihilape|Drain Punch|p1b: Ursaluna
|-activate|p1b: Ursaluna|move: Protect
|move|p1a: Weezing|Play Rough|p2b: Annihilape
|-supereffective|p2b: Annihilape
|-damage|p2b: Annihilape|17/100
|-unboost|p2b: Annihilape|atk|1
|move|p2a: Incineroar|Knock Off|p1a: Weezing
|-damage|p1a: Weezing|35/100
|-enditem|p1a: Weezing|Sitrus Berry|[from] move: Knock Off|[of] p2a: Incineroar
|
|-heal|p2b: Annihilape|23/100|[from] item: Leftovers
|-damage|p2a: Incineroar|0 fnt|[from] psn
|faint|p2a: Incineroar
|upkeep
|
|t:|1756856894
|switch|p2a: Maushold|Maushold-Four, L50|100/100
|turn|9
|
|t:|1756856913
|move|p1b: Ursaluna|Protect||[still]
|-fail|p1b: Ursaluna
|move|p2a: Maushold|Population Bomb|p1a: Weezing
|-damage|p1a: Weezing|27/100
|-damage|p1a: Weezing|19/100
|-damage|p1a: Weezing|13/100
|-hitcount|p1a: Weezing|3
|move|p2b: Annihilape|Drain Punch|p1b: Ursaluna
|-supereffective|p1b: Ursaluna
|-damage|p1b: Ursaluna|0 fnt
|-heal|p2b: Annihilape|25/100|[from] drain|[of] p1b: Ursaluna
|faint|p1b: Ursaluna
|move|p1a: Weezing|Play Rough|p2b: Annihilape
|-supereffective|p2b: Annihilape
|-damage|p2b: Annihilape|0 fnt
|faint|p2b: Annihilape
|
|upkeep
|turn|10
|c|☆Acris|ggwp
|
|t:|1756856930
|move|p2a: Maushold|Population Bomb|p1a: Weezing
|-damage|p1a: Weezing|6/100
|-damage|p1a: Weezing|0 fnt
|faint|p1a: Weezing
|-end|p1a: Weezing|ability: Neutralizing Gas
|-hitcount|p1: Weezing|2
|
|win|Acris
|raw|Govek314's rating: 1123 → 1101(-22 for losing)
|raw|Acris's rating: 1165 → 1187(+22 for winning)
