|j|☆palafineon
|j|☆KLOEEE
|html|palafineonKLOEEE    
|uhtml|bestof|Game 1 of a best-of-3
|t:|1756650851
|gametype|doubles
|player|p1|palafineon|265|1089
|player|p2|KLOEEE|caitlin-masters|1118
|gen|9
|tier|[Gen 9] VGC 2025 Reg H (Bo3)
|rated|
|rule|Species Clause: Limit one of each Pokémon
|rule|Item Clause: Limit 1 of each item
|clearpoke
|poke|p1|Delphox, L50, F|
|poke|p1|Indeedee-F, L50, F|
|poke|p1|Hatterene, L50, F|
|poke|p1|Torkoal, L50, F|
|poke|p1|Sneasler, L50, F|
|poke|p1|Jumpluff, L50, F|
|poke|p2|Archaludon, L50, M|
|poke|p2|Annihilape, L50, M|
|poke|p2|Maushold-Four, L50|
|poke|p2|Kingambit, L50, F|
|poke|p2|Talonflame, L50, F|
|poke|p2|Indeedee, L50, M|
|teampreview|4
|showteam|p1|Delphox|||Magician|Protect,NastyPlot,ExpandingForce,HeatWave|||F|||50|,,,,,Psychic]Indeedee-F||SitrusBerry|PsychicSurge|Protect,HelpingHand,FollowMe,AlluringVoice|||F|||50|,,,,,Fairy]Hatterene||LifeOrb|MagicBounce|Protect,TrickRoom,DazzlingGleam,ExpandingForce|||F|||50|,,,,,Psychic]Torkoal||EjectPack|Drought|Protect,HelpingHand,Overheat,Eruption|||F|||50|,,,,,Grass]Sneasler||PsychicSeed|Unburden|Protect,ThroatChop,DireClaw,CloseCombat|||F|||50|,,,,,Dark]Jumpluff||CovertCloak|Chlorophyll|RagePowder,SleepPowder,Tailwind,SunnyDay|||F|||50|,,,,,Water
|showteam|p2|Archaludon||AssaultVest|Stamina|ElectroShot,BodyPress,FlashCannon,DracoMeteor|||M|||50|,,,,,Grass]Annihilape||SafetyGoggles|Defiant|DrainPunch,RageFist,BulkUp,Protect|||M|||50|,,,,,Water]Maushold-Four||BrightPowder|FriendGuard|FollowMe,BeatUp,Taunt,Protect||||||50|,,,,,Ghost]Kingambit||BlackGlasses|Defiant|KowtowCleave,SuckerPunch,Protect,SwordsDance|||F|||50|,,,,,Dark]Talonflame||CovertCloak|GaleWings|BraveBird,Tailwind,FlareBlitz,Taunt|||F|||50|,,,,,Ghost]Indeedee||ChoiceScarf|PsychicSurge|ExpandingForce,DazzlingGleam,Trick,Protect|||M|||50|,,,,,Psychic
|inactive|Battle timer is ON: inactive players will automatically lose when time's up. (requested by KLOEEE)
|
|t:|1756650908
|teamsize|p1|4
|teamsize|p2|4
|start
|switch|p1a: Sneasler|Sneasler, L50, F, shiny|100/100
|switch|p1b: Jumpluff|Jumpluff, L50, F|100/100
|switch|p2a: Annihilape|Annihilape, L50, M|100/100
|switch|p2b: Maushold|Maushold-Four, L50|100/100
|turn|1
|inactive|KLOEEE has 30 seconds left.
|
|t:|1756650934
|move|p2b: Maushold|Beat Up|p2a: Annihilape
|-damage|p2a: Annihilape|97/100
|-damage|p2a: Annihilape|95/100
|-damage|p2a: Annihilape|93/100
|-crit|p2a: Annihilape
|-damage|p2a: Annihilape|89/100
|-hitcount|p2a: Annihilape|4
|move|p1b: Jumpluff|Sleep Powder|p2a: Annihilape
|-activate|p2a: Annihilape|item: Safety Goggles|Sleep Powder
|move|p1a: Sneasler|Close Combat|p2b: Maushold
|-supereffective|p2b: Maushold
|-damage|p2b: Maushold|0 fnt
|-unboost|p1a: Sneasler|def|1
|-unboost|p1a: Sneasler|spd|1
|faint|p2b: Maushold
|move|p2a: Annihilape|Rage Fist|p1b: Jumpluff
|-damage|p1b: Jumpluff|0 fnt
|faint|p1b: Jumpluff
|
|upkeep
|
|t:|1756650953
|switch|p2b: Indeedee|Indeedee, L50, M|100/100
|switch|p1b: Delphox|Delphox, L50, F, shiny|100/100
|-fieldstart|move: Psychic Terrain|[from] ability: Psychic Surge|[of] p2b: Indeedee
|-enditem|p1a: Sneasler|Psychic Seed
|-boost|p1a: Sneasler|spd|1|[from] item: Psychic Seed
|turn|2
|inactive|KLOEEE has 30 seconds left.
|
|t:|1756650982
|switch|p2b: Archaludon|Archaludon, L50, M|100/100
|move|p1a: Sneasler|Throat Chop|p2b: Archaludon
|-damage|p2b: Archaludon|78/100
|-start|p2b: Archaludon|Throat Chop|[silent]
|-ability|p2b: Archaludon|Stamina|boost
|-boost|p2b: Archaludon|def|1
|move|p1b: Delphox|Expanding Force|p2a: Annihilape|[spread] p2a,p2b
|-supereffective|p2a: Annihilape
|-resisted|p2b: Archaludon
|-damage|p2a: Annihilape|8/100
|-damage|p2b: Archaludon|61/100
|-ability|p2b: Archaludon|Stamina|boost
|-boost|p2b: Archaludon|def|1
|-item|p1b: Delphox|Safety Goggles|[from] ability: Magician|[of] p2a: Annihilape
|move|p2a: Annihilape|Rage Fist|p1b: Delphox
|-supereffective|p1b: Delphox
|-damage|p1b: Delphox|0 fnt
|faint|p1b: Delphox
|
|upkeep
|
|t:|1756651000
|switch|p1b: Torkoal|Torkoal, L50, F|100/100
|-weather|SunnyDay|[from] ability: Drought|[of] p1b: Torkoal
|turn|3
|
|t:|1756651021
|-terastallize|p1b: Torkoal|Grass
|move|p2a: Annihilape|Protect|p2a: Annihilape
|-singleturn|p2a: Annihilape|Protect
|move|p1a: Sneasler|Dire Claw|p2a: Annihilape
|-activate|p2a: Annihilape|move: Protect
|move|p2b: Archaludon|Draco Meteor|p1b: Torkoal
|-damage|p1b: Torkoal|25/100
|-unboost|p2b: Archaludon|spa|2
|move|p1b: Torkoal|Eruption|p2b: Archaludon|[spread] p2b
|-activate|p2a: Annihilape|move: Protect
|-damage|p2b: Archaludon|50/100
|-ability|p2b: Archaludon|Stamina|boost
|-boost|p2b: Archaludon|def|1
|
|-weather|SunnyDay|[upkeep]
|-end|p2b: Archaludon|Throat Chop|[silent]
|upkeep
|turn|4
|inactive|KLOEEE has 30 seconds left.
|inactive|KLOEEE has 20 seconds left.
|inactive|KLOEEE has 15 seconds left.
|
|t:|1756651062
|move|p1a: Sneasler|Close Combat|p2b: Archaludon
|-supereffective|p2b: Archaludon
|-damage|p2b: Archaludon|10/100
|-unboost|p1a: Sneasler|def|1
|-unboost|p1a: Sneasler|spd|1
|-ability|p2b: Archaludon|Stamina|boost
|-boost|p2b: Archaludon|def|1
|move|p2a: Annihilape|Rage Fist|p1b: Torkoal
|-damage|p1b: Torkoal|0 fnt
|faint|p1b: Torkoal
|move|p2b: Archaludon|Flash Cannon|p1a: Sneasler
|-damage|p1a: Sneasler|60/100
|
|-weather|SunnyDay|[upkeep]
|upkeep
|turn|5
|
|t:|1756651080
|move|p1a: Sneasler|Dire Claw|p2a: Annihilape
|-resisted|p2a: Annihilape
|-damage|p2a: Annihilape|0 fnt
|faint|p2a: Annihilape
|move|p2b: Archaludon|Body Press|p1a: Sneasler
|-resisted|p1a: Sneasler
|-damage|p1a: Sneasler|0 fnt
|faint|p1a: Sneasler
|
|win|KLOEEE
||palafineon is ready for game 2.
