|j|☆elmono11
|j|☆Inferno prodigy
|html|elmono11Inferno prodigy    
|uhtml|bestof|Game 1 of a best-of-3
|t:|1783980113
|gametype|doubles
|player|p1|elmono11|169|1352
|player|p2|Inferno prodigy|2|1366
|gen|9
|tier|[Gen 9 Champions] VGC 2026 Reg M-B (Bo3)
|rated|
|rule|Species Clause: Limit one of each Pokémon
|rule|Item Clause: Limit 1 of each item
|clearpoke
|poke|p1|Charizard, L50, F|
|poke|p1|Mamoswine, L50, F|
|poke|p1|Venusaur, L50, M|
|poke|p1|Garchomp, L50, M|
|poke|p1|Incineroar, L50, M|
|poke|p1|Sylveon, L50, M|
|poke|p2|Staraptor, L50, F|
|poke|p2|Metagross, L50|
|poke|p2|Farigiraf, L50, M|
|poke|p2|Whimsicott, L50, M|
|poke|p2|Garchomp, L50, F|
|poke|p2|Ceruledge, L50, M|
|teampreview|4
|showteam|p1|Charizard||CharizarditeY|Blaze|HeatWave,WeatherBall,HelpingHand,Protect|Modest||F|||50|]Mamoswine||FocusSash|Oblivious|HighHorsepower,IceShard,RockTomb,Protect|Jolly||F|||50|]Venusaur||LifeOrb|Chlorophyll|SolarBeam,SludgeBomb,EarthPower,Protect|Modest||M|||50|]Garchomp||ChoiceScarf|RoughSkin|RockSlide,DragonClaw,Earthquake,IronHead|Adamant||M|||50|]Incineroar||SitrusBerry|Intimidate|FlareBlitz,DarkestLariat,PartingShot,FakeOut|Careful||M|||50|]Sylveon||FairyFeather|Pixilate|HyperVoice,Yawn,QuickAttack,Protect|Modest||M|||50|
|showteam|p2|Staraptor||Staraptite|Intimidate|CloseCombat,Roost,BraveBird,Protect|Jolly||F|||50|]Metagross||Metagrossite|ClearBody|Protect,IronHead,PsychicFangs,BodyPress|Adamant|||||50|]Farigiraf||SitrusBerry|ArmorTail|Psychic,Thunderbolt,HelpingHand,TrickRoom|Calm||M|||50|]Whimsicott||FocusSash|Prankster|Moonblast,Tailwind,Encore,Charm|Timid||M|||50|]Garchomp||LifeOrb|RoughSkin|StompingTantrum,RockSlide,DragonClaw,Protect|Jolly||F|||50|]Ceruledge||ColburBerry|FlashFire|BitterBlade,ShadowSneak,BulkUp,Protect|Adamant||M|||50|
|inactive|Battle timer is ON: inactive players will automatically lose when time's up. (requested by elmono11)
|inactive|elmono11 has 60 seconds left.
|
|t:|1783980163
|teamsize|p1|4
|teamsize|p2|4
|start
|switch|p1a: Incineroar|Incineroar, L50, M|100/100
|switch|p1b: Charizard|Charizard, L50, F|100/100
|switch|p2a: Ceruledge|Ceruledge, L50, M|100/100
|switch|p2b: Staraptor|Staraptor, L50, F|100/100
|-ability|p2b: Staraptor|Intimidate|boost
|-unboost|p1a: Incineroar|atk|1
|-unboost|p1b: Charizard|atk|1
|-ability|p1a: Incineroar|Intimidate|boost
|-unboost|p2a: Ceruledge|atk|1
|-unboost|p2b: Staraptor|atk|1
|turn|1
|
|t:|1783980186
|switch|p1b: Garchomp|Garchomp, L50, M|100/100
|detailschange|p2b: Staraptor|Staraptor-Mega, L50, F
|-mega|p2b: Staraptor|Staraptor|Staraptite
|move|p2b: Staraptor|Protect|p2b: Staraptor
|-singleturn|p2b: Staraptor|Protect
|move|p2a: Ceruledge|Bulk Up|p2a: Ceruledge
|-boost|p2a: Ceruledge|atk|1
|-boost|p2a: Ceruledge|def|1
|move|p1a: Incineroar|Darkest Lariat|p2a: Ceruledge
|-supereffective|p2a: Ceruledge|1
|-enditem|p2a: Ceruledge|Colbur Berry|[eat]
|-enditem|p2a: Ceruledge|Colbur Berry|[weaken]
|-damage|p2a: Ceruledge|76/100
|
|upkeep
|turn|2
|
|t:|1783980208
|move|p1b: Garchomp|Rock Slide|p2b: Staraptor|[spread] p2a,p2b
|-supereffective|p2a: Ceruledge|1
|-damage|p2a: Ceruledge|41/100
|-damage|p2b: Staraptor|80/100
|move|p2b: Staraptor|Close Combat|p1a: Incineroar
|-supereffective|p1a: Incineroar|1
|-damage|p1a: Incineroar|34/100
|-boost|p2b: Staraptor|def|1
|-boost|p2b: Staraptor|spd|1
|-enditem|p1a: Incineroar|Sitrus Berry|[eat]
|-heal|p1a: Incineroar|59/100|[from] item: Sitrus Berry
|move|p2a: Ceruledge|Bitter Blade|p1a: Incineroar
|-resisted|p1a: Incineroar|1
|-damage|p1a: Incineroar|38/100
|-heal|p2a: Ceruledge|52/100|[from] drain|[of] p1a: Incineroar
|move|p1a: Incineroar|Darkest Lariat|p2a: Ceruledge
|-supereffective|p2a: Ceruledge|1
|-damage|p2a: Ceruledge|0 fnt
|faint|p2a: Ceruledge
|
|upkeep
|
|t:|1783980225
|switch|p2a: Whimsicott|Whimsicott, L50, M|100/100
|turn|3
|
|t:|1783980231
|move|p2a: Whimsicott|Charm|p2b: Staraptor
|-boost|p2b: Staraptor|atk|2
|move|p1b: Garchomp|Rock Slide|p2a: Whimsicott|[spread] p2a,p2b
|-damage|p2a: Whimsicott|69/100
|-damage|p2b: Staraptor|66/100
|cant|p2b: Staraptor|flinch
|move|p1a: Incineroar|Parting Shot|p2a: Whimsicott
|-unboost|p2a: Whimsicott|atk|1
|-unboost|p2a: Whimsicott|spa|1
|
|t:|1783980241
|switch|p1a: Charizard|Charizard, L50, F|100/100|[from] Parting Shot
|
|upkeep
|turn|4
|
|t:|1783980252
|detailschange|p1a: Charizard|Charizard-Mega-Y, L50, F
|-mega|p1a: Charizard|Charizard|Charizardite Y
|-weather|SunnyDay|[from] ability: Drought|[of] p1a: Charizard
|move|p2a: Whimsicott|Tailwind|p2a: Whimsicott
|-sidestart|p2: Inferno prodigy|move: Tailwind
|move|p2b: Staraptor|Brave Bird|p1a: Charizard
|-damage|p1a: Charizard|19/100
|-damage|p2b: Staraptor|41/100|[from] Recoil
|move|p1b: Garchomp|Rock Slide|p2a: Whimsicott|[spread] p2a,p2b
|-damage|p2a: Whimsicott|35/100
|-damage|p2b: Staraptor|28/100
|move|p1a: Charizard|Heat Wave|p2b: Staraptor|[spread] p2a,p2b
|-supereffective|p2a: Whimsicott|1
|-damage|p2a: Whimsicott|0 fnt
|-damage|p2b: Staraptor|0 fnt
|faint|p2a: Whimsicott
|faint|p2b: Staraptor
|
|-weather|SunnyDay|[upkeep]
|upkeep
|
|t:|1783980261
|switch|p2b: Garchomp|Garchomp, L50, F|100/100
|turn|5
|-message|Inferno prodigy forfeited.
|
|win|elmono11
