|j|☆wowiekazowee
|j|☆eltsurito
|html|wowiekazoweeeltsurito    
|uhtml|bestof|Game 1 of a best-of-3
|t:|1757190752
|gametype|doubles
|player|p1|wowiekazowee|idol|1134
|player|p2|eltsurito|265|1051
|gen|9
|tier|[Gen 9] VGC 2025 Reg H (Bo3)
|rated|
|rule|Species Clause: Limit one of each Pokémon
|rule|Item Clause: Limit 1 of each item
|clearpoke
|poke|p1|Incineroar, L50, F|
|poke|p1|Rillaboom, L50, M|
|poke|p1|Sneasler, L50, F|
|poke|p1|Gholdengo, L50|
|poke|p1|Ninetales-Alola, L50, F|
|poke|p1|Electabuzz, L50, F|
|poke|p2|Sneasler, L50, M|
|poke|p2|Indeedee, L50, M|
|poke|p2|Volcarona, L50, M|
|poke|p2|Ursaluna-Bloodmoon, L50, M|
|poke|p2|Annihilape, L50, F|
|poke|p2|Tyranitar, L50, M|
|teampreview|4
|showteam|p1|Incineroar||SafetyGoggles|Intimidate|FakeOut,FlareBlitz,KnockOff,PartingShot|||F|||50|,,,,,Water]Rillaboom||AssaultVest|GrassySurge|WoodHammer,GrassyGlide,FakeOut,Uturn|||M|||50|,,,,,Fire]Sneasler||GrassySeed|Unburden|CloseCombat,DireClaw,FakeOut,Protect|||F|||50|,,,,,Dark]Gholdengo||LifeOrb|GoodasGold|MakeItRain,ShadowBall,NastyPlot,Protect||||||50|,,,,,Dragon]Ninetales-Alola||LightClay|SnowWarning|Moonblast,AuroraVeil,Blizzard,Protect|||F|||50|,,,,,Fire]Electabuzz||Eviolite|Static|Electroweb,VoltSwitch,FollowMe,Protect|||F|||50|,,,,,Grass
|showteam|p2|Sneasler||PsychicSeed|Unburden|CloseCombat,DireClaw,ThroatChop,Protect|||M|||50|,,,,,Dark]Indeedee||ChoiceScarf|PsychicSurge|ExpandingForce,TeraBlast,Trick,Protect|||M|||50|,,,,,Psychic]Volcarona||SitrusBerry|FlameBody|Overheat,StruggleBug,RagePowder,Tailwind|||M|||50|,,,,,Grass]Ursaluna-Bloodmoon||LifeOrb|MindsEye|BloodMoon,HyperVoice,EarthPower,Protect|||M|||50|,,,,,Normal]Annihilape||SafetyGoggles|Defiant|CloseCombat,RageFist,Taunt,FinalGambit|||F|||50|,,,,,Fairy]Tyranitar||AssaultVest|SandStream|RockSlide,KnockOff,TeraBlast,LowKick|||M|||50|,,,,,Flying
|inactive|Battle timer is ON: inactive players will automatically lose when time's up. (requested by eltsurito)
|inactive|eltsurito has 60 seconds left.
|inactive|eltsurito has 30 seconds left.
|inactive|eltsurito has 20 seconds left.
|
|t:|1757190827
|teamsize|p1|4
|teamsize|p2|4
|start
|switch|p1a: Ninetales|Ninetales-Alola, L50, F|100/100
|switch|p1b: Pyre|Incineroar, L50, F, shiny|100/100
|switch|p2a: Sneasler|Sneasler, L50, M|100/100
|switch|p2b: Volcarona|Volcarona, L50, M|100/100
|-weather|Snowscape|[from] ability: Snow Warning|[of] p1a: Ninetales
|-ability|p1b: Pyre|Intimidate|boost
|-unboost|p2a: Sneasler|atk|1
|-unboost|p2b: Volcarona|atk|1
|turn|1
|inactive|eltsurito has 30 seconds left.
|
|t:|1757190853
|-terastallize|p1b: Pyre|Water
|move|p2a: Sneasler|Protect|p2a: Sneasler
|-singleturn|p2a: Sneasler|Protect
|move|p1b: Pyre|Fake Out|p2b: Volcarona
|-damage|p2b: Volcarona|82/100
|-status|p1b: Pyre|brn|[from] ability: Flame Body|[of] p2b: Volcarona
|move|p1a: Ninetales|Blizzard|p2a: Sneasler|[spread] p2b
|-activate|p2a: Sneasler|move: Protect
|-resisted|p2b: Volcarona
|-damage|p2b: Volcarona|70/100
|cant|p2b: Volcarona|flinch
|
|-weather|Snowscape|[upkeep]
|-damage|p1b: Pyre|95/100 brn|[from] brn
|upkeep
|turn|2
|inactive|eltsurito has 30 seconds left.
|inactive|eltsurito has 20 seconds left.
|inactive|eltsurito has 15 seconds left.
|
|t:|1757190895
|move|p1a: Ninetales|Blizzard|p2b: Volcarona|[spread] p2a,p2b
|-resisted|p2b: Volcarona
|-damage|p2a: Sneasler|63/100
|-damage|p2b: Volcarona|59/100
|move|p2a: Sneasler|Dire Claw|p1b: Pyre
|-damage|p1b: Pyre|64/100 brn
|move|p2b: Volcarona|Tailwind|p2b: Volcarona
|-sidestart|p2: eltsurito|move: Tailwind
|move|p1b: Pyre|Knock Off|p2b: Volcarona
|-damage|p2b: Volcarona|29/100
|-enditem|p2b: Volcarona|Sitrus Berry|[from] move: Knock Off|[of] p1b: Pyre
|
|-weather|Snowscape|[upkeep]
|-damage|p1b: Pyre|58/100 brn|[from] brn
|upkeep
|turn|3
|inactive|eltsurito has 30 seconds left.
|inactive|wowiekazowee has 30 seconds left.
|
|t:|1757190930
|switch|p2b: Annihilape|Annihilape, L50, F|100/100
|switch|p1a: Bornanors|Rillaboom, L50, M|100/100
|-fieldstart|move: Grassy Terrain|[from] ability: Grassy Surge|[of] p1a: Bornanors
|move|p2a: Sneasler|Protect|p2a: Sneasler
|-singleturn|p2a: Sneasler|Protect
|move|p1b: Pyre|Flare Blitz|p2b: Annihilape
|-damage|p2b: Annihilape|69/100
|-damage|p1b: Pyre|45/100 brn|[from] Recoil
|
|-weather|Snowscape|[upkeep]
|-heal|p2a: Sneasler|69/100|[from] Grassy Terrain
|-heal|p2b: Annihilape|75/100|[from] Grassy Terrain
|-heal|p1b: Pyre|51/100 brn|[from] Grassy Terrain
|-damage|p1b: Pyre|45/100 brn|[from] brn
|upkeep
|turn|4
|
|t:|1757190948
|switch|p2b: Indeedee|Indeedee, L50, M|100/100
|-fieldstart|move: Psychic Terrain|[from] ability: Psychic Surge|[of] p2b: Indeedee
|-enditem|p2a: Sneasler|Psychic Seed
|-boost|p2a: Sneasler|spd|1|[from] item: Psychic Seed
|move|p1a: Bornanors|Fake Out|p2a: Sneasler
|-activate|p2a: Sneasler|move: Psychic Terrain
|move|p2a: Sneasler|Dire Claw|p1a: Bornanors
|-supereffective|p1a: Bornanors
|-damage|p1a: Bornanors|42/100
|-status|p1a: Bornanors|par
|move|p1b: Pyre|Knock Off|p2b: Indeedee
|-supereffective|p2b: Indeedee
|-damage|p2b: Indeedee|0 fnt
|-enditem|p2b: Indeedee|Choice Scarf|[from] move: Knock Off|[of] p1b: Pyre
|faint|p2b: Indeedee
|
|-weather|Snowscape|[upkeep]
|-damage|p1b: Pyre|39/100 brn|[from] brn
|upkeep
|
|t:|1757190966
|switch|p2b: Annihilape|Annihilape, L50, F|75/100
|turn|5
|inactive|eltsurito has 30 seconds left.
|inactive|eltsurito has 20 seconds left.
|inactive|eltsurito has 15 seconds left.
|inactive|eltsurito has 10 seconds left.
|
|t:|1757191011
|switch|p1a: Ashleigh|Sneasler, L50, F|100/100
|move|p2a: Sneasler|Close Combat|p1b: Pyre
|-damage|p1b: Pyre|0 fnt
|-unboost|p2a: Sneasler|def|1
|-unboost|p2a: Sneasler|spd|1
|faint|p1b: Pyre
|move|p2b: Annihilape|Rage Fist|p1a: Ashleigh
|-damage|p1a: Ashleigh|27/100
|
|-weather|none
|-sideend|p2: eltsurito|move: Tailwind
|upkeep
|
|t:|1757191025
|switch|p1b: Bornanors|Rillaboom, L50, M|42/100 par
|-fieldstart|move: Grassy Terrain|[from] ability: Grassy Surge|[of] p1b: Bornanors
|-enditem|p1a: Ashleigh|Grassy Seed
|-boost|p1a: Ashleigh|def|1|[from] item: Grassy Seed
|turn|6
|inactive|eltsurito has 30 seconds left.
|
|t:|1757191052
|-terastallize|p2b: Annihilape|Fairy
|move|p2a: Sneasler|Dire Claw|p1b: Bornanors
|-supereffective|p1b: Bornanors
|-damage|p1b: Bornanors|0 fnt
|faint|p1b: Bornanors
|move|p1a: Ashleigh|Close Combat|p2a: Sneasler
|-resisted|p2a: Sneasler
|-damage|p2a: Sneasler|0 fnt
|-unboost|p1a: Ashleigh|def|1
|-unboost|p1a: Ashleigh|spd|1
|faint|p2a: Sneasler
|move|p2b: Annihilape|Close Combat|p1a: Ashleigh
|-resisted|p1a: Ashleigh
|-damage|p1a: Ashleigh|0 fnt
|-unboost|p2b: Annihilape|def|1
|-unboost|p2b: Annihilape|spd|1
|faint|p1a: Ashleigh
|
|-heal|p2b: Annihilape|81/100|[from] Grassy Terrain
|upkeep
|
|t:|1757191070
|switch|p2a: Volcarona|Volcarona, L50, M|29/100
|switch|p1b: Ninetales|Ninetales-Alola, L50, F|100/100
|-weather|Snowscape|[from] ability: Snow Warning|[of] p1b: Ninetales
|turn|7
|
|t:|1757191090
|move|p1b: Ninetales|Blizzard|p2a: Volcarona|[spread] p2a,p2b
|-resisted|p2a: Volcarona
|-damage|p2a: Volcarona|17/100
|-damage|p2b: Annihilape|48/100
|move|p2a: Volcarona|Overheat|p1b: Ninetales
|-supereffective|p1b: Ninetales
|-damage|p1b: Ninetales|0 fnt
|-unboost|p2a: Volcarona|spa|2
|faint|p1b: Ninetales
|
|win|eltsurito
||wowiekazowee is ready for game 2.
|inactive|eltsurito has 30 seconds to confirm battle start!
