|j|☆salvulcano24
|j|☆MikeRos
|html|salvulcano24MikeRos    
|uhtml|bestof|Game 2 of a best-of-3
|t:|1784665546
|gametype|doubles
|player|p1|salvulcano24|pokemonbreederf|1100
|player|p2|MikeRos|101|1131
|gen|9
|tier|[Gen 9 Champions] VGC 2026 Reg M-B (Bo3)
|rated|
|rule|Species Clause: Limit one of each Pokémon
|rule|Item Clause: Limit 1 of each item
|clearpoke
|poke|p1|Farigiraf, L50, M|
|poke|p1|Gardevoir, L50, M|
|poke|p1|Venusaur, L50, F|
|poke|p1|Aerodactyl, L50, M|
|poke|p1|Garchomp, L50, F|
|poke|p1|Rampardos, L50, M, shiny|
|poke|p2|Staraptor, L50, F|
|poke|p2|Metagross, L50|
|poke|p2|Farigiraf, L50, F|
|poke|p2|Whimsicott, L50, F|
|poke|p2|Garchomp, L50, M|
|poke|p2|Ceruledge, L50, F|
|teampreview|4
|showteam|p1|Farigiraf||SitrusBerry|ArmorTail|Psychic,TrickRoom,Protect,HelpingHand|Bold||M|||50|]Gardevoir||Gardevoirite|Synchronize|Protect,AuraSphere,HyperVoice,TrickRoom|Modest||M|||50|]Venusaur||Venusaurite|Overgrow|Protect,GigaDrain,SludgeBomb,EarthPower|Modest||F|||50|]Aerodactyl||FocusSash|Unnerve|RockSlide,DualWingbeat,Tailwind,WideGuard|Jolly||M|||50|]Garchomp||RoseliBerry|RoughSkin|StompingTantrum,DragonClaw,SwordsDance,Protect|Jolly||F|||50|]Rampardos||LifeOrb|SheerForce|RockSlide,FirePunch,ThunderPunch,Protect|Adamant||M|||50|
|showteam|p2|Staraptor||Staraptite|Intimidate|BraveBird,CloseCombat,Protect,Roost|Jolly||F|||50|]Metagross||Metagrossite|ClearBody|IronHead,PsychicFangs,Protect,StompingTantrum|Adamant|||||50|]Farigiraf||SitrusBerry|ArmorTail|TrickRoom,Psychic,Thunderbolt,HelpingHand|Calm||F|||50|]Whimsicott||FocusSash|Prankster|Moonblast,Tailwind,Encore,Charm|Timid||F|||50|]Garchomp||LifeOrb|RoughSkin|Protect,StompingTantrum,RockSlide,DragonClaw|Jolly||M|||50|]Ceruledge||ColburBerry|FlashFire|BitterBlade,Protect,BulkUp,ShadowSneak|Adamant||F|||50|
|inactive|Battle timer is ON: inactive players will automatically lose when time's up. (requested by MikeRos)
|inactive|salvulcano24 has 60 seconds left.
|
|t:|1784665603
|teamsize|p1|4
|teamsize|p2|4
|start
|switch|p1a: Garchomp|Garchomp, L50, F|100/100
|switch|p1b: Farigiraf|Farigiraf, L50, M|100/100
|switch|p2a: Metagross|Metagross, L50|100/100
|switch|p2b: Farigiraf|Farigiraf, L50, F|100/100
|turn|1
|
|t:|1784665626
|move|p2a: Metagross|Protect|p2a: Metagross
|-singleturn|p2a: Metagross|Protect
|move|p1b: Farigiraf|Protect|p1b: Farigiraf
|-singleturn|p1b: Farigiraf|Protect
|move|p1a: Garchomp|Swords Dance|p1a: Garchomp
|-boost|p1a: Garchomp|atk|2
|move|p2b: Farigiraf|Psychic|p1a: Garchomp
|-damage|p1a: Garchomp|70/100
|-unboost|p1a: Garchomp|spd|1
|
|upkeep
|turn|2
|inactive|MikeRos has 30 seconds left.
|
|t:|1784665660
|switch|p2a: Staraptor|Staraptor, L50, F|100/100
|-ability|p2a: Staraptor|Intimidate|boost
|-unboost|p1a: Garchomp|atk|1
|-unboost|p1b: Farigiraf|atk|1
|move|p1a: Garchomp|Stomping Tantrum|p2a: Staraptor
|-immune|p2a: Staraptor
|move|p2b: Farigiraf|Psychic|p1a: Garchomp
|-damage|p1a: Garchomp|25/100
|move|p1b: Farigiraf|Trick Room|p1b: Farigiraf
|-fieldstart|move: Trick Room|[of] p1b: Farigiraf
|
|upkeep
|turn|3
|inactive|salvulcano24 has 30 seconds left.
|inactive|MikeRos has 30 seconds left.
|
|t:|1784665688
|switch|p1a: Gardevoir|Gardevoir, L50, M|100/100
|detailschange|p2a: Staraptor|Staraptor-Mega, L50, F
|-mega|p2a: Staraptor|Staraptor|Staraptite
|move|p1b: Farigiraf|Psychic|p2a: Staraptor
|-supereffective|p2a: Staraptor|1
|-damage|p2a: Staraptor|21/100
|move|p2b: Farigiraf|Thunderbolt|p1b: Farigiraf
|-damage|p1b: Farigiraf|77/100
|move|p2a: Staraptor|Close Combat|p1a: Gardevoir
|-resisted|p1a: Gardevoir|2
|-damage|p1a: Gardevoir|79/100
|-boost|p2a: Staraptor|def|1
|-boost|p2a: Staraptor|spd|1
|
|upkeep
|turn|4
|
|t:|1784665713
|switch|p1b: Rampardos|Rampardos, L50, M, shiny|100/100
|detailschange|p1a: Gardevoir|Gardevoir-Mega, L50, M
|-mega|p1a: Gardevoir|Gardevoir|Gardevoirite
|move|p2a: Staraptor|Protect|p2a: Staraptor
|-singleturn|p2a: Staraptor|Protect
|move|p2b: Farigiraf|Thunderbolt|p1a: Gardevoir
|-damage|p1a: Gardevoir|63/100
|move|p1a: Gardevoir|Hyper Voice|p2a: Staraptor|[spread] p2b
|-activate|p2a: Staraptor|move: Protect
|-damage|p2b: Farigiraf|54/100
|
|upkeep
|turn|5
|
|t:|1784665730
|switch|p2a: Whimsicott|Whimsicott, L50, F|100/100
|move|p1b: Rampardos|Rock Slide|p2a: Whimsicott|[spread] p2a,p2b
|-crit|p2b: Farigiraf
|-damage|p2a: Whimsicott|8/100
|-damage|p2b: Farigiraf|0 fnt
|faint|p2b: Farigiraf
|move|p1a: Gardevoir|Hyper Voice|p2a: Whimsicott
|-damage|p2a: Whimsicott|0 fnt
|faint|p2a: Whimsicott
|
|upkeep
|
|t:|1784665739
|switch|p2b: Staraptor|Staraptor-Mega, L50, F|21/100
|switch|p2a: Metagross|Metagross, L50|100/100
|turn|6
|
|t:|1784665762
|switch|p1a: Farigiraf|Farigiraf, L50, M|77/100
|move|p2a: Metagross|Protect|p2a: Metagross
|-singleturn|p2a: Metagross|Protect
|move|p2b: Staraptor|Protect|p2b: Staraptor
|-singleturn|p2b: Staraptor|Protect
|move|p1b: Rampardos|Rock Slide|p2a: Metagross|[spread] 
|-activate|p2a: Metagross|move: Protect
|-activate|p2b: Staraptor|move: Protect
|
|-fieldend|move: Trick Room
|upkeep
|turn|7
|inactive|salvulcano24 has 30 seconds left.
|inactive|MikeRos has 30 seconds left.
|inactive|salvulcano24 has 20 seconds left.
|
|t:|1784665799
|move|p1b: Rampardos|Protect|p1b: Rampardos
|-singleturn|p1b: Rampardos|Protect
|move|p2b: Staraptor|Close Combat|p1b: Rampardos
|-activate|p1b: Rampardos|move: Protect
|move|p2a: Metagross|Iron Head|p1b: Rampardos
|-activate|p1b: Rampardos|move: Protect
|move|p1a: Farigiraf|Psychic|p2b: Staraptor
|-supereffective|p2b: Staraptor|1
|-damage|p2b: Staraptor|0 fnt
|faint|p2b: Staraptor
|
|upkeep
|turn|8
|-message|MikeRos forfeited.
|raw|salvulcano24's rating: 1100 → 1127(+27 for winning)
|raw|MikeRos's rating: 1131 → 1104(-27 for losing)
|
|win|salvulcano24
|l|☆MikeRos
|player|p2|
