|j|☆takeshivgc-test
|j|☆endertytar
|html|takeshivgc-testendertytar    
|uhtml|bestof|Game 3 of a best-of-3
|t:|1757780490
|gametype|doubles
|player|p1|takeshivgc-test|sabrina|1181
|player|p2|endertytar|hugh|1175
|gen|9
|tier|[Gen 9] VGC 2025 Reg H (Bo3)
|rated|
|rule|Species Clause: Limit one of each Pokémon
|rule|Item Clause: Limit 1 of each item
|clearpoke
|poke|p1|Armarouge, L50, M|
|poke|p1|Indeedee-F, L50, F|
|poke|p1|Torkoal, L50, F|
|poke|p1|Gallade, L50, M|
|poke|p1|Ursaluna, L50, M|
|poke|p1|Hatterene, L50, F|
|poke|p2|Crawdaunt, L50, M|
|poke|p2|Whimsicott, L50, M|
|poke|p2|Porygon2, L50|
|poke|p2|Dragapult, L50, F|
|poke|p2|Armarouge, L50, F|
|poke|p2|Ninetales-Alola, L50, M|
|teampreview|4
|showteam|p1|Armarouge||PowerHerb|FlashFire|ArmorCannon,ExpandingForce,TrickRoom,MeteorBeam|||M|||50|,,,,,Grass]Indeedee-F||PsychicSeed|PsychicSurge|Psychic,HelpingHand,TrickRoom,FollowMe|||F|||50|,,,,,Grass]Torkoal||ChoiceSpecs|Drought|Eruption,ClearSmog,WeatherBall,HeatWave|||F|||50|,,,,,Fire]Gallade||ClearAmulet|Sharpness|PsychoCut,SacredSword,TrickRoom,WideGuard|||M|||50|,,,,,Fire]Ursaluna||FlameOrb|Guts|Facade,HeadlongRush,Earthquake,Protect|||M|||50|,,,,,Ghost]Hatterene||LifeOrb|MagicBounce|ExpandingForce,DazzlingGleam,TrickRoom,MysticalFire|||F|||50|,,,,,Fire
|showteam|p2|Crawdaunt||FocusSash|Adaptability|KnockOff,CloseCombat,Crabhammer,Protect|||M|||50|,,,,,Stellar]Whimsicott||CovertCloak|Prankster|Protect,Encore,Tailwind,Moonblast|||M|||50|,,,,,Steel]Porygon2||Eviolite|Download|TeraBlast,IceBeam,TrickRoom,Recover||||||50|,,,,,Fighting]Dragapult||ChoiceBand|ClearBody|Uturn,DragonDarts,PhantomForce,Outrage|||F|||50|,,,,,Dragon]Armarouge||LifeOrb|FlashFire|ArmorCannon,ExpandingForce,Protect,EnergyBall|||F|||50|,,,,,Grass]Ninetales-Alola||ChoiceSpecs|SnowWarning|Blizzard,FreezeDry,Moonblast,DazzlingGleam|||M|||50|,,,,,Ice
|inactive|Battle timer is ON: inactive players will automatically lose when time's up. (requested by endertytar)
|
|t:|1757780519
|teamsize|p1|4
|teamsize|p2|4
|start
|switch|p1a: Indeedee|Indeedee-F, L50, F|100/100
|switch|p1b: Hatterene|Hatterene, L50, F, shiny|100/100
|switch|p2a: Dragapult|Dragapult, L50, F|100/100
|switch|p2b: Crawdaunt|Crawdaunt, L50, M|100/100
|-fieldstart|move: Psychic Terrain|[from] ability: Psychic Surge|[of] p1a: Indeedee
|-enditem|p1a: Indeedee|Psychic Seed
|-boost|p1a: Indeedee|spd|1|[from] item: Psychic Seed
|turn|1
|inactive|endertytar has 30 seconds left.
|inactive|endertytar has 20 seconds left.
|inactive|endertytar has 15 seconds left.
|inactive|endertytar has 10 seconds left.
|inactive|endertytar has 5 seconds left.
|
|t:|1757780574
|move|p1a: Indeedee|Helping Hand|p1b: Hatterene
|-singleturn|p1b: Hatterene|Helping Hand|[of] p1a: Indeedee
|move|p2a: Dragapult|U-turn|p1b: Hatterene
|-damage|p1b: Hatterene|56/100
|
|t:|1757780583
|switch|p2a: Porygon2|Porygon2, L50|100/100|[from] U-turn
|-ability|p2a: Porygon2|Download|boost
|-boost|p2a: Porygon2|atk|1
|move|p2b: Crawdaunt|Knock Off|p1a: Indeedee
|-supereffective|p1a: Indeedee
|-damage|p1a: Indeedee|8/100
|move|p1b: Hatterene|Dazzling Gleam|p2b: Crawdaunt|[spread] p2a,p2b
|-supereffective|p2b: Crawdaunt
|-damage|p2a: Porygon2|58/100
|-enditem|p2b: Crawdaunt|Focus Sash
|-damage|p2b: Crawdaunt|1/100
|-damage|p1b: Hatterene|46/100|[from] item: Life Orb
|
|upkeep
|turn|2
|inactive|endertytar has 30 seconds left.
|
|t:|1757780608
|move|p1a: Indeedee|Follow Me|p1a: Indeedee
|-singleturn|p1a: Indeedee|move: Follow Me
|move|p2b: Crawdaunt|Crabhammer|p1a: Indeedee
|-damage|p1a: Indeedee|0 fnt
|faint|p1a: Indeedee
|move|p2a: Porygon2|Tera Blast|p1b: Hatterene
|-damage|p1b: Hatterene|14/100
|move|p1b: Hatterene|Trick Room|p1b: Hatterene
|-fieldstart|move: Trick Room|[of] p1b: Hatterene
|
|upkeep
|
|t:|1757780616
|switch|p1a: Torkoal|Torkoal, L50, F|100/100
|-weather|SunnyDay|[from] ability: Drought|[of] p1a: Torkoal
|turn|3
|inactive|endertytar has 30 seconds left.
|
|t:|1757780651
|-terastallize|p1a: Torkoal|Fire
|move|p2b: Crawdaunt|Protect|p2b: Crawdaunt
|-singleturn|p2b: Crawdaunt|Protect
|move|p1a: Torkoal|Eruption|p2b: Crawdaunt|[spread] p2a
|-activate|p2b: Crawdaunt|move: Protect
|-damage|p2a: Porygon2|0 fnt
|faint|p2a: Porygon2
|move|p1b: Hatterene|Expanding Force|p2b: Crawdaunt
|-activate|p2b: Crawdaunt|move: Protect
|
|-weather|SunnyDay|[upkeep]
|upkeep
|
|t:|1757780659
|switch|p2a: Armarouge|Armarouge, L50, F|100/100
|turn|4
|
|t:|1757780676
|move|p1a: Torkoal|Eruption|p2a: Armarouge|[spread] p2b
|-start|p2a: Armarouge|ability: Flash Fire
|-resisted|p2b: Crawdaunt
|-damage|p2b: Crawdaunt|0 fnt
|faint|p2b: Crawdaunt
|move|p1b: Hatterene|Dazzling Gleam|p2a: Armarouge
|-resisted|p2a: Armarouge
|-damage|p2a: Armarouge|68/100
|-damage|p1b: Hatterene|4/100|[from] item: Life Orb
|move|p2a: Armarouge|Expanding Force|p1a: Torkoal|[spread] p1a,p1b
|-resisted|p1b: Hatterene
|-damage|p1a: Torkoal|0 fnt
|-damage|p1b: Hatterene|0 fnt
|faint|p1a: Torkoal
|faint|p1b: Hatterene
|-damage|p2a: Armarouge|58/100|[from] item: Life Orb
|
|-weather|SunnyDay|[upkeep]
|upkeep
|
|t:|1757780694
|switch|p1b: Gallade|Gallade, L50, M, shiny|100/100
|switch|p2b: Dragapult|Dragapult, L50, F|100/100
|turn|5
|
|t:|1757780706
|-terastallize|p2b: Dragapult|Dragon
|move|p2a: Armarouge|Armor Cannon|p1b: Gallade
|-damage|p1b: Gallade|0 fnt
|-unboost|p2a: Armarouge|def|1
|-unboost|p2a: Armarouge|spd|1
|faint|p1b: Gallade
|-damage|p2a: Armarouge|49/100|[from] item: Life Orb
|
|win|endertytar
|raw|takeshivgc-test's rating: 1181 → 1156(-25 for losing)
|raw|endertytar's rating: 1175 → 1200(+25 for winning)
|l|☆takeshivgc-test
|player|p1|
|l|☆endertytar
|player|p2|
