|j|☆carolchanning
|j|☆Chelicerate1
|html|carolchanningChelicerate1    
|uhtml|bestof|Game 2 of a best-of-3
|t:|1785688200
|gametype|doubles
|player|p1|carolchanning|169|1294
|player|p2|Chelicerate1|ethan|1295
|gen|9
|tier|[Gen 9 Champions] VGC 2026 Reg M-B (Bo3)
|rated|
|rule|Species Clause: Limit one of each Pokémon
|rule|Item Clause: Limit 1 of each item
|clearpoke
|poke|p1|Sinistcha, L50|
|poke|p1|Floette-Eternal, L50, F|
|poke|p1|Maushold, L50|
|poke|p1|Delphox, L50, M|
|poke|p1|Incineroar, L50, M|
|poke|p1|Kingambit, L50, M|
|poke|p2|Grimmsnarl, L50, M|
|poke|p2|Basculegion, L50, M|
|poke|p2|Charizard, L50, F|
|poke|p2|Pelipper, L50, M|
|poke|p2|Venusaur, L50, M|
|poke|p2|Archaludon, L50, M|
|teampreview|4
|showteam|p1|Sinistcha||OccaBerry|Hospitality|MatchaGotcha,RagePowder,TrickRoom,Protect|Bold|||||50|]Floette-Eternal||Floettite|FlowerVeil|Moonblast,DazzlingGleam,CalmMind,Protect|Timid||F|||50|]Maushold||FocusSash|FriendGuard|Feint,HelpingHand,FollowMe,Protect|Impish|||||50|]Delphox||Delphoxite|Blaze|HeatWave,Psyshock,NastyPlot,Protect|Timid||M|||50|]Incineroar||SitrusBerry|Intimidate|FakeOut,FlareBlitz,ThroatChop,PartingShot|Impish||M|||50|]Kingambit||LifeOrb|Defiant|KowtowCleave,SuckerPunch,IronHead,LowKick|Adamant||M|||50|
|showteam|p2|Grimmsnarl||LightClay|Prankster|SpiritBreak,PartingShot,Reflect,LightScreen|Sassy||M|||50|]Basculegion||ChoiceScarf|Adaptability|LastRespects,WaveCrash,AquaJet,FlipTurn|Jolly||M|||50|]Charizard||CharizarditeY|Blaze|Protect,HeatWave,WeatherBall,SolarBeam|Modest||F|||50|]Pelipper||SitrusBerry|Drizzle|Hurricane,WeatherBall,Tailwind,WideGuard|Modest||M|||50|]Venusaur||FocusSash|Chlorophyll|SludgeBomb,SleepPowder,EarthPower,Protect|Modest||M|||50|]Archaludon||Leftovers|Stamina|ElectroShot,DragonPulse,FlashCannon,Protect|Calm||M|||50|
|inactive|Battle timer is ON: inactive players will automatically lose when time's up. (requested by Chelicerate1)
|inactive|carolchanning also wants the timer to be on.
|
|t:|1785688215
|teamsize|p1|4
|teamsize|p2|4
|start
|switch|p1a: Floette|Floette-Eternal, L50, F|100/100
|switch|p1b: Incineroar|Incineroar, L50, M|100/100
|switch|p2a: Charizard|Charizard, L50, F|100/100
|switch|p2b: Grimmsnarl|Grimmsnarl, L50, M|100/100
|-ability|p1b: Incineroar|Intimidate|boost
|-unboost|p2a: Charizard|atk|1
|-unboost|p2b: Grimmsnarl|atk|1
|turn|1
|
|t:|1785688226
|detailschange|p1a: Floette|Floette-Mega, L50, F
|-mega|p1a: Floette|Floette|Floettite
|-ability|p1a: Floette|Fairy Aura
|detailschange|p2a: Charizard|Charizard-Mega-Y, L50, F
|-mega|p2a: Charizard|Charizard|Charizardite Y
|-weather|SunnyDay|[from] ability: Drought|[of] p2a: Charizard
|move|p1b: Incineroar|Fake Out|p2a: Charizard
|-damage|p2a: Charizard|88/100
|move|p1a: Floette|Calm Mind|p1a: Floette
|-boost|p1a: Floette|spa|1
|-boost|p1a: Floette|spd|1
|cant|p2a: Charizard|flinch
|move|p2b: Grimmsnarl|Spirit Break|p1a: Floette
|-damage|p1a: Floette|65/100
|-unboost|p1a: Floette|spa|1
|
|-weather|SunnyDay|[upkeep]
|upkeep
|turn|2
|
|t:|1785688246
|switch|p1b: Sinistcha|Sinistcha, L50|100/100
|-heal|p1a: Floette|90/100|[from] ability: Hospitality|[of] p1b: Sinistcha
|move|p2a: Charizard|Protect|p2a: Charizard
|-singleturn|p2a: Charizard|Protect
|move|p2b: Grimmsnarl|Light Screen|p2b: Grimmsnarl
|-sidestart|p2: Chelicerate1|move: Light Screen
|move|p1a: Floette|Calm Mind|p1a: Floette
|-boost|p1a: Floette|spa|1
|-boost|p1a: Floette|spd|1
|
|-weather|SunnyDay|[upkeep]
|upkeep
|turn|3
|
|t:|1785688267
|move|p1b: Sinistcha|Protect|p1b: Sinistcha
|-singleturn|p1b: Sinistcha|Protect
|move|p1a: Floette|Dazzling Gleam|p2b: Grimmsnarl|[spread] p2a,p2b
|-resisted|p2a: Charizard|1
|-supereffective|p2b: Grimmsnarl|1
|-damage|p2a: Charizard|68/100
|-damage|p2b: Grimmsnarl|20/100y
|move|p2a: Charizard|Heat Wave|p1b: Sinistcha|[spread] 
|-activate|p1b: Sinistcha|move: Protect
|-miss|p2a: Charizard|p1a: Floette
|move|p2b: Grimmsnarl|Spirit Break|p1a: Floette
|-damage|p1a: Floette|54/100
|-unboost|p1a: Floette|spa|1
|
|-weather|SunnyDay|[upkeep]
|upkeep
|turn|4
|inactive|Chelicerate1 has 30 seconds left.
|
|t:|1785688294
|switch|p1b: Incineroar|Incineroar, L50, M|100/100
|-ability|p1b: Incineroar|Intimidate|boost
|-unboost|p2a: Charizard|atk|1
|-unboost|p2b: Grimmsnarl|atk|1
|move|p1a: Floette|Dazzling Gleam|p2b: Grimmsnarl|[spread] p2a,p2b
|-resisted|p2a: Charizard|1
|-supereffective|p2b: Grimmsnarl|1
|-damage|p2a: Charizard|54/100
|-damage|p2b: Grimmsnarl|0 fnt
|faint|p2b: Grimmsnarl
|move|p2a: Charizard|Weather Ball|p1b: Incineroar
|-resisted|p1b: Incineroar|1
|-damage|p1b: Incineroar|58/100
|
|-weather|SunnyDay|[upkeep]
|upkeep
|
|t:|1785688298
|switch|p2b: Archaludon|Archaludon, L50, M|100/100
|turn|5
|
|t:|1785688311
|switch|p1b: Sinistcha|Sinistcha, L50|100/100
|-heal|p1a: Floette|78/100|[from] ability: Hospitality|[of] p1b: Sinistcha
|move|p2a: Charizard|Protect|p2a: Charizard
|-singleturn|p2a: Charizard|Protect
|move|p2b: Archaludon|Protect|p2b: Archaludon
|-singleturn|p2b: Archaludon|Protect
|move|p1a: Floette|Calm Mind|p1a: Floette
|-boost|p1a: Floette|spa|1
|-boost|p1a: Floette|spd|1
|
|-weather|none
|upkeep
|turn|6
|
|t:|1785688332
|switch|p2a: Pelipper|Pelipper, L50, M|100/100
|-weather|RainDance|[from] ability: Drizzle|[of] p2a: Pelipper
|switch|p1b: Maushold|Maushold, L50|100/100
|move|p1a: Floette|Moonblast|p2b: Archaludon
|-damage|p2b: Archaludon|33/100
|-ability|p2b: Archaludon|Stamina|boost
|-boost|p2b: Archaludon|def|1
|move|p2b: Archaludon|Electro Shot||[still]
|-prepare|p2b: Archaludon|Electro Shot
|-boost|p2b: Archaludon|spa|1
|-anim|p2b: Archaludon|Electro Shot|p1a: Floette
|-damage|p1a: Floette|64/100
|
|-weather|RainDance|[upkeep]
|-heal|p2b: Archaludon|39/100|[from] item: Leftovers
|upkeep
|turn|7
|
|t:|1785688350
|switch|p1b: Sinistcha|Sinistcha, L50|100/100
|-heal|p1a: Floette|89/100|[from] ability: Hospitality|[of] p1b: Sinistcha
|move|p2b: Archaludon|Protect|p2b: Archaludon
|-singleturn|p2b: Archaludon|Protect
|move|p1a: Floette|Moonblast|p2b: Archaludon
|-activate|p2b: Archaludon|move: Protect
|move|p2a: Pelipper|Weather Ball|p1a: Floette
|-damage|p1a: Floette|65/100
|
|-weather|RainDance|[upkeep]
|-heal|p2b: Archaludon|46/100|[from] item: Leftovers
|upkeep
|turn|8
|inactive|Chelicerate1 has 30 seconds left.
|
|t:|1785688376
|move|p1a: Floette|Moonblast|p2b: Archaludon
|-damage|p2b: Archaludon|0 fnt
|faint|p2b: Archaludon
|move|p2a: Pelipper|Hurricane|p1b: Sinistcha
|-supereffective|p1b: Sinistcha|1
|-damage|p1b: Sinistcha|14/100
|move|p1b: Sinistcha|Matcha Gotcha|p2a: Pelipper
|-damage|p2a: Pelipper|68/100
|-heal|p1b: Sinistcha|29/100|[from] drain|[of] p2a: Pelipper
|
|-weather|RainDance|[upkeep]
|upkeep
|
|t:|1785688378
|switch|p2b: Charizard|Charizard-Mega-Y, L50, F|54/100
|-weather|SunnyDay|[from] ability: Drought|[of] p2b: Charizard
|turn|9
|
|t:|1785688398
|switch|p1b: Maushold|Maushold, L50|100/100
|move|p1a: Floette|Moonblast|p2a: Pelipper
|-damage|p2a: Pelipper|0 fnt
|faint|p2a: Pelipper
|move|p2b: Charizard|Heat Wave|p1a: Floette|[spread] p1a,p1b
|-damage|p1a: Floette|49/100
|-damage|p1b: Maushold|29/100
|
|-weather|SunnyDay|[upkeep]
|-sideend|p2: Chelicerate1|move: Light Screen
|upkeep
|turn|10
|
|t:|1785688410
|switch|p1b: Sinistcha|Sinistcha, L50|29/100
|-heal|p1a: Floette|73/100|[from] ability: Hospitality|[of] p1b: Sinistcha
|move|p1a: Floette|Moonblast|p2b: Charizard
|-resisted|p2b: Charizard|1
|-damage|p2b: Charizard|4/100
|move|p2b: Charizard|Heat Wave|p1b: Sinistcha|[spread] p1a,p1b
|-supereffective|p1b: Sinistcha|1
|-enditem|p1b: Sinistcha|Occa Berry|[eat]
|-enditem|p1b: Sinistcha|Occa Berry|[weaken]
|-damage|p1a: Floette|52/100
|-damage|p1b: Sinistcha|0 fnt
|-status|p1a: Floette|brn
|faint|p1b: Sinistcha
|
|-weather|SunnyDay|[upkeep]
|-damage|p1a: Floette|47/100 brn|[from] brn
|upkeep
|
|t:|1785688422
|switch|p1b: Maushold|Maushold, L50|29/100
|turn|11
|
|t:|1785688427
|move|p1b: Maushold|Feint|p2b: Charizard
|-damage|p2b: Charizard|0 fnt
|faint|p2b: Charizard
|
|win|carolchanning
