|j|☆jiaco5
|j|☆IceyMochi
|html|jiaco5IceyMochi    
|uhtml|bestof|Game 1 of a best-of-3
|t:|1783995539
|gametype|doubles
|player|p1|jiaco5|102|1259
|player|p2|IceyMochi|caitlin|1216
|gen|9
|tier|[Gen 9 Champions] VGC 2026 Reg M-B (Bo3)
|rated|
|rule|Species Clause: Limit one of each Pokémon
|rule|Item Clause: Limit 1 of each item
|clearpoke
|poke|p1|Blastoise, L50, F|
|poke|p1|Sinistcha, L50|
|poke|p1|Delphox, L50, F|
|poke|p1|Sneasler, L50, F|
|poke|p1|Incineroar, L50, M|
|poke|p1|Kingambit, L50, M|
|poke|p2|Froslass, L50, F, shiny|
|poke|p2|Whimsicott, L50, M|
|poke|p2|Basculegion, L50, M|
|poke|p2|Kingambit, L50, F|
|poke|p2|Armarouge, L50, M|
|poke|p2|Farigiraf, L50, F|
|teampreview|4
|showteam|p1|Blastoise||Blastoisinite|RainDish|WaterSpout,DarkPulse,ShellSmash,Protect|Modest||F|||50|]Sinistcha||OccaBerry|Hospitality|MatchaGotcha,TrickRoom,RagePowder,Protect|Relaxed|||||50|]Delphox||Delphoxite|Blaze|HeatWave,Psyshock,NastyPlot,Protect|Timid||F|||50|]Sneasler||FocusSash|PoisonTouch|CloseCombat,DireClaw,FakeOut,QuickGuard|Jolly||F|||50|]Incineroar||SitrusBerry|Intimidate|FlareBlitz,FakeOut,ThroatChop,PartingShot|Impish||M|||50|]Kingambit||BlackGlasses|Defiant|KowtowCleave,SuckerPunch,SwordsDance,Protect|Adamant||M|||50|
|showteam|p2|Froslass||Froslassite|CursedBody|Protect,NastyPlot,Blizzard,ShadowBall|Timid||F|||50|]Whimsicott||FocusSash|Prankster|Tailwind,Encore,Moonblast,Protect|Bold||M|||50|]Basculegion||MysticWater|Adaptability|WaveCrash,LastRespects,AquaJet,Protect|Adamant||M|||50|]Kingambit||BlackGlasses|Defiant|SuckerPunch,KowtowCleave,IronHead,LowKick|Adamant||F|||50|]Armarouge||LifeOrb|FlashFire|WideGuard,HeatWave,EnergyBall,Psychic|Quiet||M|||50|]Farigiraf||SitrusBerry|ArmorTail|TrickRoom,HelpingHand,HyperVoice,AllySwitch|Sassy||F|||50|
|inactive|Battle timer is ON: inactive players will automatically lose when time's up. (requested by IceyMochi)
|
|t:|1783995581
|teamsize|p1|4
|teamsize|p2|4
|start
|switch|p1a: Incineroar|Incineroar, L50, M|100/100
|switch|p1b: Blastoise|Blastoise, L50, F|100/100
|switch|p2a: Kingambit|Kingambit, L50, F|100/100
|switch|p2b: Whimsicott|Whimsicott, L50, M|100/100
|-ability|p1a: Incineroar|Intimidate|boost
|-unboost|p2a: Kingambit|atk|1
|-ability|p2a: Kingambit|Defiant|boost
|-boost|p2a: Kingambit|atk|2
|-unboost|p2b: Whimsicott|atk|1
|turn|1
|
|t:|1783995593
|detailschange|p1b: Blastoise|Blastoise-Mega, L50, F
|-mega|p1b: Blastoise|Blastoise|Blastoisinite
|move|p2b: Whimsicott|Protect|p2b: Whimsicott
|-singleturn|p2b: Whimsicott|Protect
|move|p1a: Incineroar|Fake Out|p2a: Kingambit
|-resisted|p2a: Kingambit|1
|-damage|p2a: Kingambit|96/100
|move|p1b: Blastoise|Shell Smash|p1b: Blastoise
|-unboost|p1b: Blastoise|def|1
|-unboost|p1b: Blastoise|spd|1
|-boost|p1b: Blastoise|atk|2
|-boost|p1b: Blastoise|spa|2
|-boost|p1b: Blastoise|spe|2
|cant|p2a: Kingambit|flinch
|
|upkeep
|turn|2
|
|t:|1783995602
|switch|p1a: Sneasler|Sneasler, L50, F|100/100
|move|p1b: Blastoise|Protect|p1b: Blastoise
|-singleturn|p1b: Blastoise|Protect
|move|p2b: Whimsicott|Encore|p1b: Blastoise
|-activate|p1b: Blastoise|move: Protect
|move|p2a: Kingambit|Low Kick|p1a: Sneasler
|-resisted|p1a: Sneasler|1
|-damage|p1a: Sneasler|72/100
|
|upkeep
|turn|3
|
|t:|1783995619
|move|p1a: Sneasler|Fake Out|p2a: Kingambit
|-resisted|p2a: Kingambit|1
|-damage|p2a: Kingambit|91/100
|move|p2b: Whimsicott|Tailwind|p2b: Whimsicott
|-sidestart|p2: IceyMochi|move: Tailwind
|cant|p2a: Kingambit|flinch
|move|p1b: Blastoise|Water Spout|p2b: Whimsicott|[spread] p2a,p2b
|-resisted|p2b: Whimsicott|1
|-damage|p2a: Kingambit|0 fnt
|-damage|p2b: Whimsicott|13/100
|faint|p2a: Kingambit
|
|upkeep
|
|t:|1783995627
|switch|p2a: Basculegion|Basculegion, L50, M|100/100
|turn|4
|
|t:|1783995639
|switch|p1a: Incineroar|Incineroar, L50, M|100/100
|-ability|p1a: Incineroar|Intimidate|boost
|-unboost|p2a: Basculegion|atk|1
|-unboost|p2b: Whimsicott|atk|1
|move|p1b: Blastoise|Protect|p1b: Blastoise
|-singleturn|p1b: Blastoise|Protect
|move|p2b: Whimsicott|Encore|p1a: Incineroar
|-hint|Since gen 7, Dark is immune to Prankster moves.
|-immune|p1a: Incineroar
|move|p2a: Basculegion|Last Respects|p1b: Blastoise
|-activate|p1b: Blastoise|move: Protect
|
|upkeep
|turn|5
|
|t:|1783995657
|switch|p1b: Kingambit|Kingambit, L50, M|100/100
|move|p2b: Whimsicott|Encore|p1b: Kingambit
|-hint|Since gen 7, Dark is immune to Prankster moves.
|-immune|p1b: Kingambit
|move|p2a: Basculegion|Wave Crash|p1a: Incineroar
|-supereffective|p1a: Incineroar|1
|-damage|p1a: Incineroar|10/100
|-enditem|p1a: Incineroar|Sitrus Berry|[eat]
|-heal|p1a: Incineroar|35/100|[from] item: Sitrus Berry
|-damage|p2a: Basculegion|74/100|[from] Recoil
|move|p1a: Incineroar|Flare Blitz|p2b: Whimsicott
|-supereffective|p2b: Whimsicott|1
|-damage|p2b: Whimsicott|0 fnt
|faint|p2b: Whimsicott
|-damage|p1a: Incineroar|32/100|[from] Recoil
|
|upkeep
|
|t:|1783995663
|switch|p2b: Vanilla|Froslass, L50, F, shiny|100/100
|turn|6
|
|t:|1783995686
|switch|p1a: Sneasler|Sneasler, L50, F|72/100
|detailschange|p2b: Vanilla|Froslass-Mega, L50, F, shiny
|-mega|p2b: Vanilla|Froslass|Froslassite
|-weather|Snowscape|[from] ability: Snow Warning|[of] p2b: Vanilla
|move|p2b: Vanilla|Blizzard|p1a: Sneasler|[spread] p1a,p1b
|-resisted|p1b: Kingambit|1
|-damage|p1a: Sneasler|7/100
|-damage|p1b: Kingambit|75/100
|move|p2a: Basculegion|Wave Crash|p1b: Kingambit
|-damage|p1b: Kingambit|21/100
|-damage|p2a: Basculegion|57/100|[from] Recoil
|move|p1b: Kingambit|Swords Dance|p1b: Kingambit
|-boost|p1b: Kingambit|atk|2
|
|-weather|Snowscape|[upkeep]
|-sideend|p2: IceyMochi|move: Tailwind
|upkeep
|turn|7
|
|t:|1783995711
|move|p1a: Sneasler|Quick Guard|p1a: Sneasler
|-singleturn|p1a: Sneasler|Quick Guard
|move|p2a: Basculegion|Aqua Jet|p1b: Kingambit
|-activate|p1b: Kingambit|move: Quick Guard
|move|p1b: Kingambit|Sucker Punch|p2b: Vanilla
|-supereffective|p2b: Vanilla|1
|-damage|p2b: Vanilla|0 fnt
|faint|p2b: Vanilla
|
|-weather|Snowscape|[upkeep]
|upkeep
|turn|8
|
|t:|1783995723
|move|p2a: Basculegion|Aqua Jet|p1a: Sneasler
|-damage|p1a: Sneasler|0 fnt
|faint|p1a: Sneasler
|move|p1b: Kingambit|Kowtow Cleave|p2a: Basculegion
|-supereffective|p2a: Basculegion|1
|-damage|p2a: Basculegion|0 fnt
|faint|p2a: Basculegion
|
|win|jiaco5
||IceyMochi is ready for game 2.
