|j|☆lukeberno2
|j|☆GepecavaIIi
|html|lukeberno2GepecavaIIi    
|uhtml|bestof|Game 3 of a best-of-3
|t:|1757750993
|gametype|doubles
|player|p1|lukeberno2|n|1104
|player|p2|GepecavaIIi|lance|1121
|gen|9
|tier|[Gen 9] VGC 2025 Reg H (Bo3)
|rated|
|rule|Species Clause: Limit one of each Pokémon
|rule|Item Clause: Limit 1 of each item
|clearpoke
|poke|p1|Gothitelle, L50, F|
|poke|p1|Kingdra, L50, F|
|poke|p1|Politoed, L50, F|
|poke|p1|Incineroar, L50, M|
|poke|p1|Amoonguss, L50, M|
|poke|p1|Ursaluna, L50, M|
|poke|p2|Gothitelle, L50, M|
|poke|p2|Primarina, L50, F|
|poke|p2|Ursaluna-Bloodmoon, L50, M|
|poke|p2|Rillaboom, L50, F|
|poke|p2|Sneasler, L50, M|
|poke|p2|Incineroar, L50, M|
|teampreview|4
|showteam|p1|Gothitelle||SitrusBerry|ShadowTag|Psychic,FakeOut,Protect,TrickRoom|||F|||50|,,,,,Fairy]Kingdra||LifeOrb|SwiftSwim|DracoMeteor,WeatherBall,Protect,Hurricane|||F|||50|,,,,,Stellar]Politoed||Leftovers|Drizzle|WeatherBall,Protect,Encore,PerishSong|||F|||50|,,,,,Grass]Incineroar||SafetyGoggles|Intimidate|KnockOff,FakeOut,Protect,PartingShot|||M|||50|,,,,,Ghost]Amoonguss||MentalHerb|Regenerator|Spore,PollenPuff,Protect,RagePowder|||M|||50|,,,,,Water]Ursaluna||FlameOrb|Guts|Facade,Earthquake,HeadlongRush,Protect|||M|||50|,,,,,Normal
|showteam|p2|Gothitelle||SitrusBerry|ShadowTag|Psychic,Protect,TrickRoom,FakeOut|||M|||50|,,,,,Water]Primarina||ThroatSpray|LiquidVoice|HyperVoice,Moonblast,Protect,PerishSong|||F|||50|,,,,,Steel]Ursaluna-Bloodmoon||LifeOrb|MindsEye|HyperVoice,EarthPower,BloodMoon,Protect|||M|||50|,,,,,Grass]Rillaboom||AssaultVest|GrassySurge|GrassyGlide,KnockOff,FakeOut,Uturn|||F|||50|,,,,,Fire]Sneasler||FocusSash|Unburden|Protect,CloseCombat,ThroatChop,DireClaw|||M|||50|,,,,,Dark]Incineroar||SafetyGoggles|Intimidate|FakeOut,FlareBlitz,Protect,PartingShot|||M|||50|,,,,,Ghost
|inactive|Battle timer is ON: inactive players will automatically lose when time's up. (requested by lukeberno2)
|inactive|lukeberno2 has 60 seconds left.
|
|t:|1757751040
|teamsize|p1|4
|teamsize|p2|4
|start
|switch|p1a: Gothitelle|Gothitelle, L50, F, shiny|100/100
|switch|p1b: Amoonguss|Amoonguss, L50, M|100/100
|switch|p2a: Primarina|Primarina, L50, F|100/100
|switch|p2b: Gothitelle|Gothitelle, L50, M|100/100
|turn|1
|inactive|GepecavaIIi has 30 seconds left.
|
|t:|1757751074
|move|p2b: Gothitelle|Fake Out|p1b: Amoonguss
|-damage|p1b: Amoonguss|95/100
|move|p2a: Primarina|Perish Song|p2a: Primarina
|-start|p1a: Gothitelle|perish3|[silent]
|-start|p1b: Amoonguss|perish3|[silent]
|-start|p2a: Primarina|perish3|[silent]
|-start|p2b: Gothitelle|perish3|[silent]
|-fieldactivate|move: Perish Song
|-enditem|p2a: Primarina|Throat Spray
|-boost|p2a: Primarina|spa|1|[from] item: Throat Spray
|cant|p1b: Amoonguss|flinch
|move|p1a: Gothitelle|Trick Room|p1a: Gothitelle
|-fieldstart|move: Trick Room|[of] p1a: Gothitelle
|
|-start|p1b: Amoonguss|perish3
|-start|p2a: Primarina|perish3
|-start|p2b: Gothitelle|perish3
|-start|p1a: Gothitelle|perish3
|upkeep
|turn|2
|inactive|lukeberno2 has 30 seconds left.
|inactive|GepecavaIIi has 30 seconds left.
|inactive|GepecavaIIi has 20 seconds left.
|inactive|GepecavaIIi has 15 seconds left.
|inactive|lukeberno2 has 20 seconds left.
|inactive|GepecavaIIi has 10 seconds left.
|
|t:|1757751124
|move|p1b: Amoonguss|Spore|p2a: Primarina
|-status|p2a: Primarina|slp|[from] move: Spore
|cant|p2a: Primarina|slp
|move|p2b: Gothitelle|Psychic|p1b: Amoonguss
|-supereffective|p1b: Amoonguss
|-damage|p1b: Amoonguss|51/100
|-unboost|p1b: Amoonguss|spd|1
|move|p1a: Gothitelle|Psychic|p2a: Primarina
|-damage|p2a: Primarina|75/100 slp
|
|-start|p1b: Amoonguss|perish2
|-start|p2a: Primarina|perish2
|-start|p2b: Gothitelle|perish2
|-start|p1a: Gothitelle|perish2
|upkeep
|turn|3
|inactive|GepecavaIIi has 30 seconds left.
|inactive|GepecavaIIi has 20 seconds left.
|inactive|GepecavaIIi has 15 seconds left.
|inactive|GepecavaIIi has 10 seconds left.
|inactive|GepecavaIIi has 5 seconds left.
|
|t:|1757751175
|move|p2b: Gothitelle|Protect|p2b: Gothitelle
|-singleturn|p2b: Gothitelle|Protect
|move|p1b: Amoonguss|Spore|p2b: Gothitelle
|-activate|p2b: Gothitelle|move: Protect
|cant|p2a: Primarina|slp
|move|p1a: Gothitelle|Psychic|p2a: Primarina
|-damage|p2a: Primarina|49/100 slp
|
|-start|p1b: Amoonguss|perish1
|-start|p2a: Primarina|perish1
|-start|p2b: Gothitelle|perish1
|-start|p1a: Gothitelle|perish1
|upkeep
|turn|4
|inactive|lukeberno2 has 30 seconds left.
|inactive|GepecavaIIi has 30 seconds left.
|inactive|lukeberno2 has 20 seconds left.
|inactive|GepecavaIIi has 20 seconds left.
|inactive|lukeberno2 has 15 seconds left.
|inactive|lukeberno2 has 10 seconds left.
|
|t:|1757751222
|switch|p2b: Rillaboom|Rillaboom, L50, F|100/100
|-fieldstart|move: Grassy Terrain|[from] ability: Grassy Surge|[of] p2b: Rillaboom
|switch|p1a: Kingdra|Kingdra, L50, F|100/100
|move|p1b: Amoonguss|Rage Powder|p1b: Amoonguss
|-singleturn|p1b: Amoonguss|move: Rage Powder
|-curestatus|p2a: Primarina|slp|[msg]
|move|p2a: Primarina|Moonblast|p1b: Amoonguss
|-resisted|p1b: Amoonguss
|-damage|p1b: Amoonguss|10/100
|-unboost|p1b: Amoonguss|spa|1
|
|-heal|p1b: Amoonguss|16/100|[from] Grassy Terrain
|-heal|p2a: Primarina|55/100|[from] Grassy Terrain
|-start|p1b: Amoonguss|perish0
|-start|p2a: Primarina|perish0
|faint|p1b: Amoonguss
|faint|p2a: Primarina
|upkeep
|c|☆GepecavaIIi|🤝
|inactive|lukeberno2 has 30 seconds left.
|inactive|GepecavaIIi has 30 seconds left.
|inactive|lukeberno2 has 20 seconds left.
|inactive|GepecavaIIi has 20 seconds left.
|inactive|lukeberno2 has 15 seconds left.
|inactive|lukeberno2 has 10 seconds left.
|inactive|lukeberno2 has 5 seconds left.
|
|t:|1757751275
|switch|p1b: Ursaluna|Ursaluna, L50, M|100/100
|switch|p2a: Ursaluna|Ursaluna-Bloodmoon, L50, M|100/100
|turn|5
|inactive|lukeberno2 has 30 seconds left.
|inactive|GepecavaIIi has 30 seconds left.
|inactive|lukeberno2 has 20 seconds left.
|inactive|GepecavaIIi has 20 seconds left.
|inactive|lukeberno2 has 15 seconds left.
|inactive|GepecavaIIi has 15 seconds left.
|inactive|lukeberno2 has 10 seconds left.
|inactive|GepecavaIIi has 10 seconds left.
|
|t:|1757751325
|move|p1b: Ursaluna|Protect|p1b: Ursaluna
|-singleturn|p1b: Ursaluna|Protect
|move|p2b: Rillaboom|Fake Out|p1b: Ursaluna
|-activate|p1b: Ursaluna|move: Protect
|move|p2a: Ursaluna|Blood Moon|p1a: Kingdra
|-damage|p1a: Kingdra|0 fnt
|faint|p1a: Kingdra
|-damage|p2a: Ursaluna|90/100|[from] item: Life Orb
|
|-heal|p2a: Ursaluna|96/100|[from] Grassy Terrain
|-fieldend|move: Trick Room
|-status|p1b: Ursaluna|brn|[from] item: Flame Orb
|upkeep
|
|t:|1757751334
|switch|p1a: Gothitelle|Gothitelle, L50, F, shiny|100/100
|turn|6
|
|t:|1757751353
|-terastallize|p1b: Ursaluna|Normal
|move|p2a: Ursaluna|Protect|p2a: Ursaluna
|-singleturn|p2a: Ursaluna|Protect
|move|p2b: Rillaboom|Grassy Glide|p1b: Ursaluna
|-damage|p1b: Ursaluna|75/100 brn
|move|p1b: Ursaluna|Facade|p2b: Rillaboom
|-damage|p2b: Rillaboom|0 fnt
|faint|p2b: Rillaboom
|move|p1a: Gothitelle|Trick Room|p1a: Gothitelle
|-fieldstart|move: Trick Room|[of] p1a: Gothitelle
|
|-heal|p1b: Ursaluna|81/100 brn|[from] Grassy Terrain
|-heal|p2a: Ursaluna|100/100|[from] Grassy Terrain
|-damage|p1b: Ursaluna|75/100 brn|[from] brn
|upkeep
|
|t:|1757751364
|switch|p2b: Gothitelle|Gothitelle, L50, M|100/100
|turn|7
|inactive|lukeberno2 has 30 seconds left.
|inactive|GepecavaIIi has 30 seconds left.
|inactive|lukeberno2 has 20 seconds left.
|inactive|GepecavaIIi has 20 seconds left.
|inactive|lukeberno2 has 15 seconds left.
|inactive|lukeberno2 has 10 seconds left.
|inactive|lukeberno2 has 5 seconds left.
|
|t:|1757751418
|move|p1b: Ursaluna|Protect|p1b: Ursaluna
|-singleturn|p1b: Ursaluna|Protect
|move|p2b: Gothitelle|Fake Out|p1b: Ursaluna
|-activate|p1b: Ursaluna|move: Protect
|move|p2a: Ursaluna|Hyper Voice|p1a: Gothitelle|[spread] p1a
|-activate|p1b: Ursaluna|move: Protect
|-damage|p1a: Gothitelle|65/100
|-damage|p2a: Ursaluna|90/100|[from] item: Life Orb
|move|p1a: Gothitelle|Trick Room|p1a: Gothitelle
|-fieldend|move: Trick Room
|
|-heal|p1a: Gothitelle|72/100|[from] Grassy Terrain
|-heal|p2a: Ursaluna|96/100|[from] Grassy Terrain
|-heal|p1b: Ursaluna|81/100 brn|[from] Grassy Terrain
|-damage|p1b: Ursaluna|75/100 brn|[from] brn
|upkeep
|turn|8
|
|t:|1757751442
|move|p2b: Gothitelle|Protect|p2b: Gothitelle
|-singleturn|p2b: Gothitelle|Protect
|move|p1b: Ursaluna|Protect||[still]
|-fail|p1b: Ursaluna
|move|p2a: Ursaluna|Blood Moon|p1b: Ursaluna
|-damage|p1b: Ursaluna|0 fnt
|faint|p1b: Ursaluna
|-damage|p2a: Ursaluna|86/100|[from] item: Life Orb
|move|p1a: Gothitelle|Trick Room|p1a: Gothitelle
|-fieldstart|move: Trick Room|[of] p1a: Gothitelle
|
|-heal|p2a: Ursaluna|92/100|[from] Grassy Terrain
|-heal|p1a: Gothitelle|78/100|[from] Grassy Terrain
|-fieldend|move: Grassy Terrain
|upkeep
|turn|9
|-message|lukeberno2 forfeited.
|
|win|GepecavaIIi
|raw|lukeberno2's rating: 1104 → 1080(-24 for losing)
|raw|GepecavaIIi's rating: 1121 → 1145(+24 for winning)
|c|☆lukeberno2|Gg
|c|☆GepecavaIIi|gg
|c|☆lukeberno2|50%
|c|☆lukeberno2|Gg
