|j|☆Ramalon
|j|☆The PWC Luigi
|html|RamalonThe PWC Luigi    
|uhtml|bestof|Game 2 of a best-of-3
|t:|1756902463
|gametype|doubles
|player|p1|Ramalon|ingo|1039
|player|p2|The PWC Luigi|cheren-gen5bw2|1000
|gen|9
|tier|[Gen 9] VGC 2025 Reg H (Bo3)
|rated|
|rule|Species Clause: Limit one of each Pokémon
|rule|Item Clause: Limit 1 of each item
|clearpoke
|poke|p1|Pelipper, L50, M|
|poke|p1|Archaludon, L50, F|
|poke|p1|Amoonguss, L50, F|
|poke|p1|Gholdengo, L50|
|poke|p1|Basculegion, L50, M|
|poke|p1|Incineroar, L50, F|
|poke|p2|Tyranitar, L50, F|
|poke|p2|Excadrill, L50, M|
|poke|p2|Sinistcha-Masterpiece, L50|
|poke|p2|Salamence, L50, M|
|poke|p2|Blaziken, L50, F|
|poke|p2|Bruxish, L50, M|
|teampreview|4
|showteam|p1|Pelipper||FocusSash|Drizzle|Protect,Tailwind,Hurricane,WeatherBall|||M|||50|,,,,,Stellar]Archaludon||AssaultVest|Stamina|BodyPress,FlashCannon,DragonPulse,ElectroShot|||F|||50|,,,,,Grass]Amoonguss||RockyHelmet|Regenerator|Spore,RagePowder,PollenPuff,Protect|||F|||50|,,,,,Water]Gholdengo||LifeOrb|GoodasGold|MakeItRain,ShadowBall,NastyPlot,Protect||||||50|,,,,,Water]Basculegion||ChoiceScarf|Adaptability|WaveCrash,AquaJet,LastRespects,FlipTurn|||M|||50|,,,,,Water]Incineroar||SafetyGoggles|Intimidate|KnockOff,FlareBlitz,PartingShot,FakeOut|||F|||50|,,,,,Ghost
|showteam|p2|Tyranitar||ClearAmulet|SandStream|RockSlide,KnockOff,DragonDance,Protect|||F|||50|,,,,,Grass]Excadrill||AssaultVest|SandRush|Earthquake,IronHead,HighHorsepower,RockSlide|||M|||50|,,,,,Ghost]Sinistcha-Masterpiece||SitrusBerry|Hospitality|ShadowBall,MatchaGotcha,RagePowder,Protect||||||50|,,,,,Dark]Salamence||LifeOrb|Intimidate|DracoMeteor,AirSlash,Protect,Tailwind|||M|||50|,,,,,Ghost]Blaziken||CovertCloak|SpeedBoost|AuraSphere,HeatWave,Coaching,WillOWisp|||F|||50|,,,,,Dragon]Bruxish||ChoiceScarf|Dazzling|PsychicFangs,WaveCrash,FlipTurn,SuperFang|||M|||50|,,,,,Water
|
|t:|1756902495
|teamsize|p1|4
|teamsize|p2|4
|start
|switch|p1a: Pelipper|Pelipper, L50, M|100/100
|switch|p1b: Incineroar|Incineroar, L50, F|100/100
|switch|p2a: Bruxish|Bruxish, L50, M|100/100
|switch|p2b: Blaziken|Blaziken, L50, F|100/100
|-weather|RainDance|[from] ability: Drizzle|[of] p1a: Pelipper
|-ability|p1b: Incineroar|Intimidate|boost
|-unboost|p2a: Bruxish|atk|1
|-unboost|p2b: Blaziken|atk|1
|turn|1
|
|t:|1756902551
|switch|p2b: Salamence|Salamence, L50, M|100/100
|-ability|p2b: Salamence|Intimidate|boost
|-unboost|p1a: Pelipper|atk|1
|-unboost|p1b: Incineroar|atk|1
|move|p1b: Incineroar|Fake Out||[still]
|cant|p2a: Bruxish|ability: Dazzling|Fake Out|[of] p1b: Incineroar
|move|p2a: Bruxish|Flip Turn|p1b: Incineroar
|-supereffective|p1b: Incineroar
|-damage|p1b: Incineroar|41/100
|
|t:|1756902563
|switch|p2a: Blaziken|Blaziken, L50, F|100/100|[from] Flip Turn
|move|p1a: Pelipper|Tailwind|p1a: Pelipper
|-sidestart|p1: Ramalon|move: Tailwind
|
|-weather|RainDance|[upkeep]
|upkeep
|turn|2
|
|t:|1756902595
|switch|p2a: Bruxish|Bruxish, L50, M|100/100
|move|p1a: Pelipper|Weather Ball|p2a: Bruxish
|-resisted|p2a: Bruxish
|-damage|p2a: Bruxish|58/100
|move|p2b: Salamence|Tailwind|p2b: Salamence
|-sidestart|p2: The PWC Luigi|move: Tailwind
|move|p1b: Incineroar|Parting Shot|p2b: Salamence
|-unboost|p2b: Salamence|atk|1
|-unboost|p2b: Salamence|spa|1
|j| sandy ghost 5
|
|t:|1756902642
|switch|p1b: Basculegion|Basculegion, L50, M|100/100|[from] Parting Shot
|
|-weather|RainDance|[upkeep]
|upkeep
|turn|3
|
|t:|1756902681
|move|p2a: Bruxish|Psychic Fangs|p1a: Pelipper
|-damage|p1a: Pelipper|57/100
|move|p1b: Basculegion|Wave Crash|p2b: Salamence
|-resisted|p2b: Salamence
|-damage|p2b: Salamence|34/100
|-damage|p1b: Basculegion|82/100|[from] Recoil
|move|p2b: Salamence|Draco Meteor|p1a: Pelipper
|-damage|p1a: Pelipper|0 fnt
|-unboost|p2b: Salamence|spa|2
|faint|p1a: Pelipper
|-damage|p2b: Salamence|24/100|[from] item: Life Orb
|
|-weather|RainDance|[upkeep]
|upkeep
|
|t:|1756902701
|switch|p1a: Incineroar|Incineroar, L50, F|41/100
|-ability|p1a: Incineroar|Intimidate|boost
|-unboost|p2a: Bruxish|atk|1
|-unboost|p2b: Salamence|atk|1
|turn|4
|
|t:|1756902724
|switch|p2a: Blaziken|Blaziken, L50, F|100/100
|move|p2b: Salamence|Protect|p2b: Salamence
|-singleturn|p2b: Salamence|Protect
|move|p1a: Incineroar|Fake Out|p2a: Blaziken
|-damage|p2a: Blaziken|82/100
|move|p1b: Basculegion|Wave Crash|p2a: Blaziken
|-supereffective|p2a: Blaziken
|-damage|p2a: Blaziken|0 fnt
|faint|p2a: Blaziken
|-damage|p1b: Basculegion|58/100|[from] Recoil
|
|-weather|RainDance|[upkeep]
|-sideend|p1: Ramalon|move: Tailwind
|upkeep
|
|t:|1756902737
|switch|p2a: Excadrill|Excadrill, L50, M|100/100
|turn|5
|
|t:|1756902770
|move|p2b: Salamence|Air Slash|p1b: Basculegion
|-damage|p1b: Basculegion|37/100
|-damage|p2b: Salamence|15/100|[from] item: Life Orb
|move|p2a: Excadrill|Earthquake|p1a: Incineroar|[spread] p1a,p1b
|-immune|p2b: Salamence
|-supereffective|p1a: Incineroar
|-damage|p1a: Incineroar|0 fnt
|-damage|p1b: Basculegion|0 fnt
|faint|p1a: Incineroar
|faint|p1b: Basculegion
|
|-weather|none
|-sideend|p2: The PWC Luigi|move: Tailwind
|upkeep
|
|t:|1756902782
|switch|p1b: Gholdengo|Gholdengo, L50|100/100
|turn|6
|
|t:|1756902789
|-terastallize|p1b: Gholdengo|Water
|move|p2b: Salamence|Tailwind|p2b: Salamence
|-sidestart|p2: The PWC Luigi|move: Tailwind
|move|p2a: Excadrill|Earthquake|p1b: Gholdengo|[spread] p1b
|-immune|p2b: Salamence
|-damage|p1b: Gholdengo|47/100
|move|p1b: Gholdengo|Make It Rain|p2a: Excadrill|[spread] p2a,p2b
|-resisted|p2a: Excadrill
|-crit|p2a: Excadrill
|-damage|p2a: Excadrill|62/100
|-damage|p2b: Salamence|0 fnt
|-unboost|p1b: Gholdengo|spa|1
|faint|p2b: Salamence
|-damage|p1b: Gholdengo|37/100|[from] item: Life Orb
|
|upkeep
|
|t:|1756902798
|switch|p2b: Bruxish|Bruxish, L50, M|58/100
|turn|7
|
|t:|1756902824
|move|p2b: Bruxish|Psychic Fangs|p1b: Gholdengo
|-damage|p1b: Gholdengo|0 fnt
|faint|p1b: Gholdengo
|
|win|The PWC Luigi
|raw|Ramalon's rating: 1039 → 1021(-18 for losing)
|raw|The PWC Luigi's rating: 1000 → 1044(+44 for winning)
