|j|☆hondo civic
|j|☆tedidn
|html|hondo civictedidn    
|uhtml|bestof|Game 1 of a best-of-3
|t:|1756693527
|gametype|doubles
|player|p1|hondo civic|265|1425
|player|p2|tedidn|marshal|1311
|gen|9
|tier|[Gen 9] VGC 2025 Reg H (Bo3)
|rated|
|rule|Species Clause: Limit one of each Pokémon
|rule|Item Clause: Limit 1 of each item
|clearpoke
|poke|p1|Ninetales-Alola, L50, F|
|poke|p1|Rillaboom, L50, F|
|poke|p1|Magmar, L50, F|
|poke|p1|Sneasler, L50, M|
|poke|p1|Kingambit, L50, M|
|poke|p1|Basculegion, L50, M|
|poke|p2|Dragonite, L50, M|
|poke|p2|Rillaboom, L50, M|
|poke|p2|Sneasler, L50, F|
|poke|p2|Volcarona, L50, M|
|poke|p2|Electabuzz, L50, M|
|poke|p2|Kingambit, L50, M|
|teampreview|4
|showteam|p1|Ninetales-Alola||LifeOrb|SnowWarning|Blizzard,FreezeDry,Encore,Protect|||F|||50|,,,,,Ghost]Rillaboom||AssaultVest|GrassySurge|WoodHammer,FakeOut,Uturn,GrassyGlide|||F|||50|,,,,,Ghost]Magmar||Eviolite|VitalSpirit|Protect,HeatWave,Taunt,FollowMe|||F|||50|,,,,,Ghost]Sneasler||FocusSash|PoisonTouch|FakeOut,DireClaw,CloseCombat,Protect|||M|||50|,,,,,Ghost]Kingambit||BlackGlasses|Defiant|KowtowCleave,SwordsDance,SuckerPunch,Protect|||M|||50|,,,,,Fire]Basculegion||ChoiceScarf|Adaptability|WaveCrash,FlipTurn,TeraBlast,LastRespects|||M|||50|,,,,,Fairy
|showteam|p2|Dragonite||LoadedDice|Multiscale|ScaleShot,ExtremeSpeed,Haze,Protect|||M|||50|,,,,,Normal]Rillaboom||AssaultVest|GrassySurge|WoodHammer,GrassyGlide,FakeOut,Uturn|||M|||50|,,,,,Fire]Sneasler||FocusSash|Unburden|CloseCombat,Coaching,DireClaw,FakeOut|||F|||50|,,,,,Stellar]Volcarona||GrassySeed|FlameBody|Flamethrower,QuiverDance,GigaDrain,Protect|||M|||50|,,,,,Grass]Electabuzz||Eviolite|VitalSpirit|Thunderbolt,Taunt,FollowMe,Protect|||M|||50|,,,,,Ghost]Kingambit||SafetyGoggles|Defiant|KowtowCleave,SuckerPunch,SwordsDance,Protect|||M|||50|,,,,,Dark
|inactive|Battle timer is ON: inactive players will automatically lose when time's up. (requested by tedidn)
|inactive|tedidn has 60 seconds left.
|
|t:|1756693569
|teamsize|p1|4
|teamsize|p2|4
|start
|switch|p1a: Kingambit|Kingambit, L50, M, shiny|100/100
|switch|p1b: Sneasler|Sneasler, L50, M|100/100
|switch|p2a: Noxia|Sneasler, L50, F|100/100
|switch|p2b: Tokugawa|Kingambit, L50, M|100/100
|turn|1
|inactive|tedidn has 30 seconds left.
|
|t:|1756693601
|move|p2b: Tokugawa|Protect|p2b: Tokugawa
|-singleturn|p2b: Tokugawa|Protect
|move|p1b: Sneasler|Fake Out|p2a: Noxia
|-damage|p2a: Noxia|75/100
|cant|p2a: Noxia|flinch
|move|p1a: Kingambit|Swords Dance|p1a: Kingambit
|-boost|p1a: Kingambit|atk|2
|
|upkeep
|turn|2
|
|t:|1756693611
|-terastallize|p2b: Tokugawa|Dark
|move|p1a: Kingambit|Sucker Punch||[still]
|-fail|p1a: Kingambit
|move|p2b: Tokugawa|Sucker Punch|p1b: Sneasler
|-resisted|p1b: Sneasler
|-damage|p1b: Sneasler|55/100
|move|p1b: Sneasler|Close Combat|p2b: Tokugawa
|-supereffective|p2b: Tokugawa
|-damage|p2b: Tokugawa|6/100
|-unboost|p1b: Sneasler|def|1
|-unboost|p1b: Sneasler|spd|1
|move|p2a: Noxia|Coaching|p2b: Tokugawa
|-boost|p2b: Tokugawa|atk|1
|-boost|p2b: Tokugawa|def|1
|
|upkeep
|turn|3
|
|t:|1756693622
|switch|p1b: Ninetales|Ninetales-Alola, L50, F|100/100
|-weather|Snowscape|[from] ability: Snow Warning|[of] p1b: Ninetales
|move|p1a: Kingambit|Sucker Punch|p2a: Noxia
|-resisted|p2a: Noxia
|-damage|p2a: Noxia|0 fnt
|faint|p2a: Noxia
|move|p2b: Tokugawa|Sucker Punch||[still]
|-fail|p2b: Tokugawa
|
|-weather|Snowscape|[upkeep]
|upkeep
|
|t:|1756693625
|switch|p2a: Michael|Electabuzz, L50, M|100/100
|turn|4
|
|t:|1756693634
|move|p2b: Tokugawa|Protect|p2b: Tokugawa
|-singleturn|p2b: Tokugawa|Protect
|move|p1b: Ninetales|Blizzard|p2a: Michael|[spread] p2a
|-activate|p2b: Tokugawa|move: Protect
|-damage|p2a: Michael|67/100
|-status|p2a: Michael|frz
|-damage|p1b: Ninetales|91/100|[from] item: Life Orb
|-curestatus|p2a: Michael|frz|[msg]
|move|p2a: Michael|Thunderbolt|p1b: Ninetales
|-damage|p1b: Ninetales|53/100
|move|p1a: Kingambit|Kowtow Cleave|p2a: Michael
|-damage|p2a: Michael|0 fnt
|faint|p2a: Michael
|
|-weather|Snowscape|[upkeep]
|upkeep
|
|t:|1756693639
|switch|p2a: Douglass|Dragonite, L50, M|100/100
|turn|5
|
|t:|1756693663
|move|p2a: Douglass|Extreme Speed|p1b: Ninetales
|-damage|p1b: Ninetales|23/100
|move|p2b: Tokugawa|Sucker Punch|p1b: Ninetales
|-resisted|p1b: Ninetales
|-damage|p1b: Ninetales|0 fnt
|faint|p1b: Ninetales
|move|p1a: Kingambit|Kowtow Cleave|p2a: Douglass
|-damage|p2a: Douglass|32/100
|
|-weather|Snowscape|[upkeep]
|upkeep
|
|t:|1756693676
|switch|p1b: Magmar|Magmar, L50, F|100/100
|turn|6
|
|t:|1756693682
|move|p2a: Douglass|Extreme Speed|p1b: Magmar
|-damage|p1b: Magmar|78/100
|move|p2b: Tokugawa|Sucker Punch|p1b: Magmar
|-damage|p1b: Magmar|17/100
|move|p1b: Magmar|Heat Wave|p2a: Douglass|[spread] p2a,p2b
|-resisted|p2a: Douglass
|-damage|p2a: Douglass|20/100
|-damage|p2b: Tokugawa|0 fnt
|faint|p2b: Tokugawa
|move|p1a: Kingambit|Kowtow Cleave|p2a: Douglass
|-damage|p2a: Douglass|0 fnt
|faint|p2a: Douglass
|
|win|hondo civic
||hondo civic is ready for game 2.
||tedidn is ready for game 2.
|uhtml|next|Next: Game 2 of 3
|l|☆hondo civic
|player|p1|
