|j|☆ur1ryanpowney
|j|☆i cant fit in
|html|ur1ryanpowneyi cant fit in    
|uhtml|bestof|Game 3 of a best-of-3
|t:|1756236929
|gametype|doubles
|player|p1|ur1ryanpowney|nate|
|player|p2|i cant fit in|1|
|gen|9
|tier|[Gen 9] VGC 2025 Reg H (Bo3)
|rule|Species Clause: Limit one of each Pokémon
|rule|Item Clause: Limit 1 of each item
|clearpoke
|poke|p1|Ursaluna, L50, F|
|poke|p1|Kommo-o, L50, M|
|poke|p1|Indeedee-F, L50, F|
|poke|p1|Incineroar, L50, F|
|poke|p1|Braviary-Hisui, L50, M|
|poke|p1|Amoonguss, L50, M|
|poke|p2|Sneasler, L50, M|
|poke|p2|Clefable, L50, F|
|poke|p2|Gholdengo, L50|
|poke|p2|Rillaboom, L50, M|
|poke|p2|Magmar, L50, M|
|poke|p2|Dragapult, L50, F|
|teampreview|4
|showteam|p1|Ursaluna||FlameOrb|Guts|Facade,Earthquake,Protect,HeadlongRush|||F|||50|,,,,,Normal]Kommo-o||ThroatSpray|Overcoat|ClangorousSoul,ClangingScales,Protect,Flamethrower|||M|||50|,,,,,Fire]Indeedee-F||MentalHerb|PsychicSurge|DazzlingGleam,FollowMe,TrickRoom,HelpingHand|||F|||50|,,,,,Fairy]Incineroar||SafetyGoggles|Intimidate|FakeOut,KnockOff,PartingShot,FlareBlitz|||F|||50|,,,,,Grass]Braviary-Hisui||LifeOrb|TintedLens|ExpandingForce,Protect,TeraBlast,EsperWing|||M|||50|,,,,,Psychic]Amoonguss||RoomService|Regenerator|Spore,PollenPuff,RagePowder,ClearSmog|||M|||50|,,,,,Water
|showteam|p2|Sneasler||FocusSash|Unburden|CloseCombat,DireClaw,Protect,ThroatChop|||M|||50|,,,,,Dark]Clefable||RockyHelmet|Unaware|Moonblast,IcyWind,FollowMe,Protect|||F|||50|,,,,,Steel]Gholdengo||LifeOrb|GoodasGold|MakeItRain,ShadowBall,NastyPlot,Protect||||||50|,,,,,Water]Rillaboom||AssaultVest|GrassySurge|WoodHammer,GrassyGlide,HighHorsepower,FakeOut|||M|||50|,,,,,Fire]Magmar||Eviolite|VitalSpirit|Taunt,Overheat,FollowMe,Protect|||M|||50|,,,,,Ghost]Dragapult||ChoiceSpecs|ClearBody|ShadowBall,DracoMeteor,Thunderbolt,Flamethrower|||F|||50|,,,,,Fire
|
|t:|1756236959
|teamsize|p1|4
|teamsize|p2|4
|start
|switch|p1a: Braviary|Braviary-Hisui, L50, M|100/100
|switch|p1b: Amoonguss|Amoonguss, L50, M, shiny|100/100
|switch|p2a: Clefable|Clefable, L50, F, shiny|100/100
|switch|p2b: Gholdengo|Gholdengo, L50|100/100
|turn|1
|
|t:|1756236990
|-terastallize|p1a: Braviary|Psychic
|move|p2a: Clefable|Follow Me|p2a: Clefable
|-singleturn|p2a: Clefable|move: Follow Me
|move|p2b: Gholdengo|Shadow Ball|p1a: Braviary
|-supereffective|p1a: Braviary
|-damage|p1a: Braviary|0 fnt
|faint|p1a: Braviary
|-damage|p2b: Gholdengo|91/100|[from] item: Life Orb
|move|p1b: Amoonguss|Spore|p2a: Clefable
|-status|p2a: Clefable|slp|[from] move: Spore
|
|upkeep
|
|t:|1756237000
|switch|p1a: Incineroar|Incineroar, L50, F|100/100
|-ability|p1a: Incineroar|Intimidate|boost
|-unboost|p2a: Clefable|atk|1
|-unboost|p2b: Gholdengo|atk|1
|turn|2
|
|t:|1756237009
|switch|p1b: Indeedee|Indeedee-F, L50, F|100/100
|-fieldstart|move: Psychic Terrain|[from] ability: Psychic Surge|[of] p1b: Indeedee
|move|p2b: Gholdengo|Protect|p2b: Gholdengo
|-singleturn|p2b: Gholdengo|Protect
|move|p1a: Incineroar|Knock Off|p2b: Gholdengo
|-activate|p2b: Gholdengo|move: Protect
|cant|p2a: Clefable|slp
|
|upkeep
|turn|3
|
|t:|1756237024
|-terastallize|p2b: Gholdengo|Water
|cant|p2a: Clefable|slp
|move|p2b: Gholdengo|Nasty Plot|p2b: Gholdengo
|-boost|p2b: Gholdengo|spa|2
|move|p1a: Incineroar|Knock Off|p2b: Gholdengo
|-crit|p2b: Gholdengo
|-damage|p2b: Gholdengo|22/100
|-enditem|p2b: Gholdengo|Life Orb|[from] move: Knock Off|[of] p1a: Incineroar
|move|p1b: Indeedee|Trick Room|p1b: Indeedee
|-fieldstart|move: Trick Room|[of] p1b: Indeedee
|
|upkeep
|turn|4
|
|t:|1756237052
|switch|p1b: Amoonguss|Amoonguss, L50, M, shiny|100/100
|-enditem|p1b: Amoonguss|Room Service
|-unboost|p1b: Amoonguss|spe|1|[from] item: Room Service
|-curestatus|p2a: Clefable|slp|[msg]
|move|p2a: Clefable|Follow Me|p2a: Clefable
|-singleturn|p2a: Clefable|move: Follow Me
|move|p1a: Incineroar|Knock Off|p2a: Clefable
|-resisted|p2a: Clefable
|-damage|p2a: Clefable|83/100
|-damage|p1a: Incineroar|84/100|[from] item: Rocky Helmet|[of] p2a: Clefable
|-enditem|p2a: Clefable|Rocky Helmet|[from] move: Knock Off|[of] p1a: Incineroar
|move|p2b: Gholdengo|Make It Rain|p1a: Incineroar|[spread] p1a,p1b
|-resisted|p1a: Incineroar
|-damage|p1a: Incineroar|50/100
|-damage|p1b: Amoonguss|39/100
|-unboost|p2b: Gholdengo|spa|1
|
|upkeep
|turn|5
|
|t:|1756237087
|switch|p1b: Indeedee|Indeedee-F, L50, F|100/100
|move|p2a: Clefable|Follow Me|p2a: Clefable
|-singleturn|p2a: Clefable|move: Follow Me
|move|p1a: Incineroar|Flare Blitz|p2a: Clefable
|-damage|p2a: Clefable|43/100
|-damage|p1a: Incineroar|37/100|[from] Recoil
|move|p2b: Gholdengo|Make It Rain|p1a: Incineroar|[spread] p1a,p1b
|-resisted|p1a: Incineroar
|-damage|p1a: Incineroar|12/100
|-damage|p1b: Indeedee|42/100
|-unboost|p2b: Gholdengo|spa|1
|
|upkeep
|turn|6
|
|t:|1756237119
|move|p2a: Clefable|Protect|p2a: Clefable
|-singleturn|p2a: Clefable|Protect
|move|p2b: Gholdengo|Protect|p2b: Gholdengo
|-singleturn|p2b: Gholdengo|Protect
|move|p1a: Incineroar|Parting Shot|p2a: Clefable
|-activate|p2a: Clefable|move: Protect
|move|p1b: Indeedee|Dazzling Gleam|p2b: Gholdengo|[spread] 
|-activate|p2a: Clefable|move: Protect
|-activate|p2b: Gholdengo|move: Protect
|
|-fieldend|move: Psychic Terrain
|upkeep
|turn|7
|
|t:|1756237143
|move|p2a: Clefable|Moonblast|p1b: Indeedee
|-damage|p1b: Indeedee|12/100
|move|p1a: Incineroar|Parting Shot|p2a: Clefable
|-unboost|p2a: Clefable|atk|1
|-unboost|p2a: Clefable|spa|1
|
|t:|1756237148
|switch|p1a: Amoonguss|Amoonguss, L50, M, shiny|72/100|[from] Parting Shot
|move|p1b: Indeedee|Dazzling Gleam|p2b: Gholdengo|[spread] p2a,p2b
|-crit|p2b: Gholdengo
|-damage|p2a: Clefable|31/100
|-damage|p2b: Gholdengo|0 fnt
|faint|p2b: Gholdengo
|
|-fieldend|move: Trick Room
|upkeep
|
|t:|1756237163
|switch|p2b: Dragapult|Dragapult, L50, F, shiny|100/100
|turn|8
|
|t:|1756237171
|move|p1b: Indeedee|Follow Me|p1b: Indeedee
|-singleturn|p1b: Indeedee|move: Follow Me
|move|p2b: Dragapult|Flamethrower|p1b: Indeedee
|-damage|p1b: Indeedee|0 fnt
|faint|p1b: Indeedee
|move|p2a: Clefable|Icy Wind|p1a: Amoonguss|[miss]
|-miss|p2a: Clefable|p1a: Amoonguss
|move|p1a: Amoonguss|Spore|p2b: Dragapult
|-status|p2b: Dragapult|slp|[from] move: Spore
|
|upkeep
|
|t:|1756237181
|switch|p1b: Incineroar|Incineroar, L50, F|12/100
|-ability|p1b: Incineroar|Intimidate|boost
|-unboost|p2a: Clefable|atk|1
|-fail|p2b: Dragapult|unboost|[from] ability: Clear Body|[of] p2b: Dragapult
|turn|9
|
|t:|1756237191
|move|p2a: Clefable|Follow Me|p2a: Clefable
|-singleturn|p2a: Clefable|move: Follow Me
|cant|p2b: Dragapult|slp
|move|p1b: Incineroar|Knock Off|p2a: Clefable
|-resisted|p2a: Clefable
|-damage|p2a: Clefable|19/100
|move|p1a: Amoonguss|Pollen Puff|p2a: Clefable
|-resisted|p2a: Clefable
|-damage|p2a: Clefable|11/100
|
|upkeep
|turn|10
|
|t:|1756237206
|move|p2a: Clefable|Follow Me|p2a: Clefable
|-singleturn|p2a: Clefable|move: Follow Me
|-curestatus|p2b: Dragapult|slp|[msg]
|move|p2b: Dragapult|Flamethrower|p1b: Incineroar
|-resisted|p1b: Incineroar
|-damage|p1b: Incineroar|0 fnt
|faint|p1b: Incineroar
|move|p1a: Amoonguss|Pollen Puff|p2a: Clefable
|-resisted|p2a: Clefable
|-damage|p2a: Clefable|3/100
|
|upkeep
|turn|11
|-message|ur1ryanpowney forfeited.
|
|win|i cant fit in
|l|☆ur1ryanpowney
|player|p1|
