|j|☆ageil2
|j|☆CrawlingKingSnake
|html|ageil2CrawlingKingSnake    
|uhtml|bestof|Game 2 of a best-of-3
|t:|1785291506
|gametype|doubles
|player|p1|ageil2|266|1366
|player|p2|CrawlingKingSnake|kamado-armor|1238
|gen|9
|tier|[Gen 9 Champions] VGC 2026 Reg M-B (Bo3)
|rated|
|rule|Species Clause: Limit one of each Pokémon
|rule|Item Clause: Limit 1 of each item
|clearpoke
|poke|p1|Raichu, L50, F|
|poke|p1|Sylveon, L50, F|
|poke|p1|Staraptor, L50, F|
|poke|p1|Incineroar, L50, F|
|poke|p1|Toxapex, L50, M|
|poke|p1|Annihilape, L50, M|
|poke|p2|Floette-Eternal, L50, F|
|poke|p2|Palafin, L50, M, shiny|
|poke|p2|Incineroar, L50, M|
|poke|p2|Toxapex, L50, F|
|poke|p2|Delphox, L50, F|
|poke|p2|Kingambit, L50, F|
|teampreview|4
|showteam|p1|Raichu||RaichuniteY|LightningRod|ZapCannon,FocusBlast,FakeOut,Protect|Timid||F|||50|]Sylveon||SitrusBerry|Pixilate|HyperVoice,Moonblast,CalmMind,Detect|Modest||F|||50|]Staraptor||Staraptite|Intimidate|CloseCombat,BraveBird,Tailwind,Protect|Jolly||F|||50|]Incineroar||PasshoBerry|Intimidate|FakeOut,PartingShot,FlareBlitz,DarkestLariat|Impish||F|||50|]Toxapex||Leftovers|Regenerator|Toxic,Infestation,WideGuard,BanefulBunker|Sassy||M|||50|]Annihilape||ChoiceScarf|Defiant|PhantomForce,CloseCombat,RockSlide,IcePunch|Adamant||M|||50|
|showteam|p2|Floette-Eternal||Floettite|FlowerVeil|DazzlingGleam,DrainingKiss,CalmMind,Protect|Modest||F|||50|]Palafin||LifeOrb|ZerotoHero|WaveCrash,JetPunch,CloseCombat,Protect|Adamant||M|||50|]Incineroar||SitrusBerry|Intimidate|FlareBlitz,FakeOut,DarkestLariat,PartingShot|Careful||M|||50|]Toxapex||Leftovers|Regenerator|Infestation,Toxic,WideGuard,BanefulBunker|Bold||F|||50|]Delphox||Delphoxite|Blaze|HeatWave,Psychic,Substitute,Protect|Timid||F|||50|]Kingambit||FocusSash|Defiant|KowtowCleave,SuckerPunch,IronHead,LowKick|Adamant||F|||50|
|inactive|Battle timer is ON: inactive players will automatically lose when time's up. (requested by CrawlingKingSnake)
|inactive|CrawlingKingSnake has 60 seconds left.
|inactive|CrawlingKingSnake has 30 seconds left.
|inactive|CrawlingKingSnake has 20 seconds left.
|inactive|CrawlingKingSnake has 15 seconds left.
|inactive|CrawlingKingSnake has 10 seconds left.
|
|t:|1785291591
|teamsize|p1|4
|teamsize|p2|4
|start
|switch|p1a: Raichu|Raichu, L50, F|100/100
|switch|p1b: Annihilape|Annihilape, L50, M|100/100
|switch|p2a: Delphox|Delphox, L50, F|100/100
|switch|p2b: Incineroar|Incineroar, L50, M|100/100
|-ability|p2b: Incineroar|Intimidate|boost
|-unboost|p1a: Raichu|atk|1
|-unboost|p1b: Annihilape|atk|1
|-ability|p1b: Annihilape|Defiant|boost
|-boost|p1b: Annihilape|atk|2
|turn|1
|inactive|CrawlingKingSnake has 30 seconds left.
|
|t:|1785291620
|switch|p2a: Kingambit|Kingambit, L50, F|100/100
|switch|p1a: Incineroar|Incineroar, L50, F|100/100
|-ability|p1a: Incineroar|Intimidate|boost
|-unboost|p2a: Kingambit|atk|1
|-ability|p2a: Kingambit|Defiant|boost
|-boost|p2a: Kingambit|atk|2
|-unboost|p2b: Incineroar|atk|1
|move|p1b: Annihilape|Phantom Force||[still]
|-prepare|p1b: Annihilape|Phantom Force
|move|p2b: Incineroar|Parting Shot|p1a: Incineroar
|-unboost|p1a: Incineroar|atk|1
|-unboost|p1a: Incineroar|spa|1
|
|t:|1785291632
|switch|p2b: Toxapex|Toxapex, L50, F|100/100|[from] Parting Shot
|
|upkeep
|turn|2
|inactive|ageil2 has 30 seconds left.
|inactive|CrawlingKingSnake has 30 seconds left.
|
|t:|1785291662
|move|p1b: Annihilape|Phantom Force|p2a: Kingambit|[from] lockedmove
|-resisted|p2a: Kingambit|1
|-damage|p2a: Kingambit|68/100
|move|p2a: Kingambit|Kowtow Cleave|p1b: Annihilape
|-damage|p1b: Annihilape|14/100
|move|p1a: Incineroar|Flare Blitz|p2a: Kingambit
|-supereffective|p2a: Kingambit|1
|-damage|p2a: Kingambit|9/100
|-damage|p1a: Incineroar|83/100|[from] Recoil
|move|p2b: Toxapex|Infestation|p1b: Annihilape
|-resisted|p1b: Annihilape|2
|-damage|p1b: Annihilape|13/100
|-activate|p1b: Annihilape|move: Infestation|[of] p2b: Toxapex
|
|-damage|p1b: Annihilape|1/100|[from] move: Infestation|[partiallytrapped]
|upkeep
|turn|3
|
|t:|1785291683
|switch|p2a: Incineroar|Incineroar, L50, M|100/100
|-ability|p2a: Incineroar|Intimidate|boost
|-unboost|p1a: Incineroar|atk|1
|-unboost|p1b: Annihilape|atk|1
|-ability|p1b: Annihilape|Defiant|boost
|-boost|p1b: Annihilape|atk|2
|switch|p1a: Toxapex|Toxapex, L50, M|100/100
|move|p1b: Annihilape|Phantom Force||[still]
|-prepare|p1b: Annihilape|Phantom Force
|move|p2b: Toxapex|Toxic|p1a: Toxapex
|-immune|p1a: Toxapex
|
|-damage|p1b: Annihilape|0 fnt|[from] move: Infestation|[partiallytrapped]
|faint|p1b: Annihilape
|upkeep
|
|t:|1785291687
|switch|p1b: Raichu|Raichu, L50, F|100/100
|turn|4
|inactive|CrawlingKingSnake has 30 seconds left.
|inactive|CrawlingKingSnake has 20 seconds left.
|inactive|CrawlingKingSnake has 15 seconds left.
|inactive|CrawlingKingSnake has 10 seconds left.
|
|t:|1785291733
|switch|p2b: Delphox|Delphox, L50, F|100/100
|detailschange|p1b: Raichu|Raichu-Mega-Y, L50, F
|-mega|p1b: Raichu|Raichu|Raichunite Y
|move|p1b: Raichu|Fake Out|p2b: Delphox
|-damage|p2b: Delphox|87/100
|move|p2a: Incineroar|Fake Out|p1b: Raichu
|-damage|p1b: Raichu|82/100
|move|p1a: Toxapex|Toxic|p2a: Incineroar
|-status|p2a: Incineroar|tox
|
|-damage|p2a: Incineroar|94/100 tox|[from] psn
|upkeep
|turn|5
|inactive|CrawlingKingSnake has 30 seconds left.
|inactive|CrawlingKingSnake has 20 seconds left.
|inactive|CrawlingKingSnake has 15 seconds left.
|
|t:|1785291773
|detailschange|p2b: Delphox|Delphox-Mega, L50, F
|-mega|p2b: Delphox|Delphox|Delphoxite
|move|p2b: Delphox|Substitute|p2b: Delphox
|-start|p2b: Delphox|Substitute
|-damage|p2b: Delphox|62/100
|move|p1b: Raichu|Zap Cannon|p2b: Delphox
|-end|p2b: Delphox|Substitute
|move|p2a: Incineroar|Flare Blitz|p1b: Raichu
|-damage|p1b: Raichu|19/100
|-damage|p2a: Incineroar|77/100 tox|[from] Recoil
|move|p1a: Toxapex|Toxic|p2b: Delphox
|-status|p2b: Delphox|tox
|
|-damage|p2b: Delphox|56/100 tox|[from] psn
|-damage|p2a: Incineroar|65/100 tox|[from] psn
|upkeep
|turn|6
|inactive|ageil2 has 30 seconds left.
|inactive|CrawlingKingSnake has 30 seconds left.
|inactive|CrawlingKingSnake has 20 seconds left.
|inactive|CrawlingKingSnake has 15 seconds left.
|inactive|CrawlingKingSnake has 10 seconds left.
|
|t:|1785291822
|switch|p1b: Incineroar|Incineroar, L50, F|83/100
|-ability|p1b: Incineroar|Intimidate|boost
|-unboost|p2a: Incineroar|atk|1
|-unboost|p2b: Delphox|atk|1
|switch|p2a: Toxapex|Toxapex, L50, F|100/100
|move|p2b: Delphox|Substitute|p2b: Delphox
|-start|p2b: Delphox|Substitute
|-damage|p2b: Delphox|31/100 tox
|move|p1a: Toxapex|Infestation|p2a: Toxapex
|-resisted|p2a: Toxapex|1
|-damage|p2a: Toxapex|98/100
|-activate|p2a: Toxapex|move: Infestation|[of] p1a: Toxapex
|
|-heal|p2a: Toxapex|100/100|[from] item: Leftovers
|-damage|p2b: Delphox|19/100 tox|[from] psn
|-damage|p2a: Toxapex|87/100|[from] move: Infestation|[partiallytrapped]
|upkeep
|turn|7
|inactive|ageil2 has 30 seconds left.
|
|t:|1785291855
|move|p1a: Toxapex|Baneful Bunker|p1a: Toxapex
|-singleturn|p1a: Toxapex|move: Protect
|move|p1b: Incineroar|Fake Out|p2a: Toxapex
|-crit|p2a: Toxapex
|-damage|p2a: Toxapex|75/100
|move|p2b: Delphox|Psychic|p1a: Toxapex
|-activate|p1a: Toxapex|move: Protect
|cant|p2a: Toxapex|flinch
|
|-heal|p2a: Toxapex|80/100|[from] item: Leftovers
|-damage|p2b: Delphox|1/100 tox|[from] psn
|-damage|p2a: Toxapex|68/100|[from] move: Infestation|[partiallytrapped]
|upkeep
|turn|8
|inactive|ageil2 has 30 seconds left.
|
|t:|1785291883
|move|p2b: Delphox|Psychic|p1a: Toxapex
|-supereffective|p1a: Toxapex|1
|-damage|p1a: Toxapex|31/100
|move|p1b: Incineroar|Darkest Lariat|p2a: Toxapex
|-damage|p2a: Toxapex|43/100
|move|p2a: Toxapex|Toxic|p1b: Incineroar
|-status|p1b: Incineroar|tox
|move|p1a: Toxapex|Infestation|p2b: Delphox
|-activate|p2b: Delphox|move: Substitute|[damage]
|
|-heal|p2a: Toxapex|49/100|[from] item: Leftovers
|-heal|p1a: Toxapex|36/100|[from] item: Leftovers
|-damage|p2b: Delphox|0 fnt|[from] psn
|faint|p2b: Delphox
|-damage|p1b: Incineroar|77/100 tox|[from] psn
|-damage|p2a: Toxapex|37/100|[from] move: Infestation|[partiallytrapped]
|upkeep
|
|t:|1785291894
|switch|p2b: Incineroar|Incineroar, L50, M|65/100 tox
|-ability|p2b: Incineroar|Intimidate|boost
|-unboost|p1a: Toxapex|atk|1
|-unboost|p1b: Incineroar|atk|1
|turn|9
|
|t:|1785291910
|move|p2b: Incineroar|Fake Out|p1b: Incineroar
|-damage|p1b: Incineroar|68/100 tox
|cant|p1b: Incineroar|flinch
|move|p2a: Toxapex|Infestation|p1a: Toxapex
|-resisted|p1a: Toxapex|1
|-damage|p1a: Toxapex|35/100
|-activate|p1a: Toxapex|move: Infestation|[of] p2a: Toxapex
|move|p1a: Toxapex|Infestation|p2b: Incineroar
|-damage|p2b: Incineroar|63/100 tox
|-activate|p2b: Incineroar|move: Infestation|[of] p1a: Toxapex
|
|-heal|p2a: Toxapex|43/100|[from] item: Leftovers
|-heal|p1a: Toxapex|41/100|[from] item: Leftovers
|-damage|p2b: Incineroar|57/100 tox|[from] psn
|-damage|p1b: Incineroar|56/100 tox|[from] psn
|-damage|p2b: Incineroar|44/100 tox|[from] move: Infestation|[partiallytrapped]
|-damage|p2a: Toxapex|31/100|[from] move: Infestation|[partiallytrapped]
|-damage|p1a: Toxapex|29/100|[from] move: Infestation|[partiallytrapped]
|upkeep
|-enditem|p2b: Incineroar|Sitrus Berry|[eat]
|-heal|p2b: Incineroar|69/100 tox|[from] item: Sitrus Berry
|turn|10
|
|t:|1785291932
|move|p2a: Toxapex|Baneful Bunker|p2a: Toxapex
|-singleturn|p2a: Toxapex|move: Protect
|move|p1a: Toxapex|Baneful Bunker|p1a: Toxapex
|-singleturn|p1a: Toxapex|move: Protect
|move|p2b: Incineroar|Darkest Lariat|p1a: Toxapex
|-activate|p1a: Toxapex|move: Protect
|move|p1b: Incineroar|Darkest Lariat|p2a: Toxapex
|-activate|p2a: Toxapex|move: Protect
|
|-heal|p2a: Toxapex|36/100|[from] item: Leftovers
|-heal|p1a: Toxapex|35/100|[from] item: Leftovers
|-damage|p2b: Incineroar|57/100 tox|[from] psn
|-damage|p1b: Incineroar|38/100 tox|[from] psn
|-damage|p2b: Incineroar|45/100 tox|[from] move: Infestation|[partiallytrapped]
|-end|p2a: Toxapex|Infestation|[partiallytrapped]
|-damage|p1a: Toxapex|22/100|[from] move: Infestation|[partiallytrapped]
|upkeep
|turn|11
|inactive|CrawlingKingSnake has 30 seconds left.
|
|t:|1785291967
|move|p2b: Incineroar|Darkest Lariat|p1a: Toxapex
|-damage|p1a: Toxapex|0 fnt
|faint|p1a: Toxapex
|move|p1b: Incineroar|Darkest Lariat|p2a: Toxapex
|-damage|p2a: Toxapex|21/100
|move|p2a: Toxapex|Infestation|p1b: Incineroar
|-damage|p1b: Incineroar|34/100 tox
|-activate|p1b: Incineroar|move: Infestation|[of] p2a: Toxapex
|
|-heal|p2a: Toxapex|26/100|[from] item: Leftovers
|-damage|p2b: Incineroar|27/100 tox|[from] psn
|-damage|p1b: Incineroar|10/100 tox|[from] psn
|-end|p2b: Incineroar|Infestation|[partiallytrapped]|[silent]
|-damage|p1b: Incineroar|0 fnt|[from] move: Infestation|[partiallytrapped]
|faint|p1b: Incineroar
|upkeep
|-message|ageil2 forfeited.
|
|win|CrawlingKingSnake
|l|☆ageil2
|player|p1|
||ageil2 is ready for game 3.
||CrawlingKingSnake is ready for game 3.
|uhtml|next|Next: Game 3 of 3
