|j|☆Mortipherus
|j|☆tbone603
|html|Mortipherustbone603    
|uhtml|bestof|Game 1 of a best-of-3
|t:|1756495774
|gametype|doubles
|player|p1|Mortipherus|biker-gen4|1108
|player|p2|tbone603|102|1023
|gen|9
|tier|[Gen 9] VGC 2025 Reg H (Bo3)
|rated|
|rule|Species Clause: Limit one of each Pokémon
|rule|Item Clause: Limit 1 of each item
|clearpoke
|poke|p1|Hydrapple, L50, F|
|poke|p1|Arcanine-Hisui, L50, M|
|poke|p1|Gholdengo, L50|
|poke|p1|Electabuzz, L50, M|
|poke|p1|Indeedee, L50, M|
|poke|p1|Sneasler, L50, F|
|poke|p2|Orthworm, L50, F|
|poke|p2|Indeedee, L50, M|
|poke|p2|Garchomp, L50, F|
|poke|p2|Typhlosion-Hisui, L50, M|
|poke|p2|Gholdengo, L50|
|poke|p2|Murkrow, L50, F|
|teampreview|4
|showteam|p1|Hydrapple||AssaultVest|Regenerator|FickleBeam,EnergyBall,EarthPower,BreakingSwipe|||F|||50|,,,,,Ground]Arcanine-Hisui||ClearAmulet|Intimidate|Protect,ExtremeSpeed,FlareBlitz,RockSlide|||M|||50|,,,,,Grass]Gholdengo||LifeOrb|GoodasGold|Protect,NastyPlot,MakeItRain,ShadowBall||||||50|,,,,,Flying]Electabuzz||Eviolite|VitalSpirit|Protect,FollowMe,Taunt,Electroweb|||M|||50|,,,,,Dragon]Indeedee||FocusSash|PsychicSurge|Protect,TrickRoom,ExpandingForce,TeraBlast|||M|||50|,,,,,Ground]Sneasler||PsychicSeed|Unburden|Protect,ThroatChop,DireClaw,CloseCombat|||F|||50|,,,,,Dark
|showteam|p2|Orthworm||SafetyGoggles|EarthEater|ShedTail,BodyPress,HelpingHand,SmackDown|||F|||50|,,,,,Electric]Indeedee||ChoiceScarf|PsychicSurge|ExpandingForce,HyperVoice,TeraBlast,Trick|||M|||50|,,,,,Fighting]Garchomp||ChoiceBand|RoughSkin|Outrage,RockSlide,Earthquake,StompingTantrum|||F|||50|,,,,,Ground]Typhlosion-Hisui||FocusSash|Blaze|Protect,Overheat,ShadowBall,Eruption|||M|||50|,,,,,Fire]Gholdengo||AssaultVest|GoodasGold|MakeItRain,ShadowBall,Thunderbolt,PowerGem||||||50|,,,,,Flying]Murkrow||Eviolite|Prankster|SunnyDay,Haze,Tailwind,FoulPlay|||F|||50|,,,,,Ghost
|inactive|Battle timer is ON: inactive players will automatically lose when time's up. (requested by tbone603)
|inactive|Mortipherus has 60 seconds left.
|
|t:|1756495810
|teamsize|p1|4
|teamsize|p2|4
|start
|switch|p1a: Indeedee|Indeedee, L50, M|100/100
|switch|p1b: Arcanine|Arcanine-Hisui, L50, M|100/100
|switch|p2a: Typhlosion|Typhlosion-Hisui, L50, M|100/100
|switch|p2b: Garchomp|Garchomp, L50, F|100/100
|-fieldstart|move: Psychic Terrain|[from] ability: Psychic Surge|[of] p1a: Indeedee
|-ability|p1b: Arcanine|Intimidate|boost
|-unboost|p2a: Typhlosion|atk|1
|-unboost|p2b: Garchomp|atk|1
|turn|1
|inactive|Mortipherus has 30 seconds left.
|
|t:|1756495837
|move|p1b: Arcanine|Protect|p1b: Arcanine
|-singleturn|p1b: Arcanine|Protect
|move|p2b: Garchomp|Stomping Tantrum|p1b: Arcanine
|-activate|p1b: Arcanine|move: Protect
|move|p1a: Indeedee|Expanding Force|p2a: Typhlosion|[spread] p2a,p2b
|-damage|p2a: Typhlosion|33/100
|-damage|p2b: Garchomp|51/100
|move|p2a: Typhlosion|Eruption|p1b: Arcanine|[spread] p1a
|-activate|p1b: Arcanine|move: Protect
|-damage|p1a: Indeedee|56/100
|
|upkeep
|turn|2
|
|t:|1756495851
|switch|p1b: Hydrapple|Hydrapple, L50, F|100/100
|move|p2a: Typhlosion|Protect|p2a: Typhlosion
|-singleturn|p2a: Typhlosion|Protect
|move|p2b: Garchomp|Stomping Tantrum|p1b: Hydrapple
|-resisted|p1b: Hydrapple
|-damage|p1b: Hydrapple|87/100
|move|p1a: Indeedee|Expanding Force|p2b: Garchomp|[spread] p2b
|-activate|p2a: Typhlosion|move: Protect
|-damage|p2b: Garchomp|2/100
|
|upkeep
|turn|3
|
|t:|1756495868
|switch|p2a: Indeedee|Indeedee, L50, M|100/100
|move|p2b: Garchomp|Stomping Tantrum|p1a: Indeedee
|-damage|p1a: Indeedee|0 fnt
|faint|p1a: Indeedee
|move|p1b: Hydrapple|Breaking Swipe|p2b: Garchomp|[spread] p2a,p2b
|-supereffective|p2b: Garchomp
|-damage|p2a: Indeedee|72/100
|-damage|p2b: Garchomp|0 fnt
|-unboost|p2a: Indeedee|atk|1
|-damage|p1b: Hydrapple|74/100|[from] ability: Rough Skin|[of] p2b: Garchomp
|faint|p2b: Garchomp
|
|upkeep
|
|t:|1756495888
|switch|p2b: Typhlosion|Typhlosion-Hisui, L50, M|33/100
|switch|p1a: Sneasler|Sneasler, L50, F|100/100
|-enditem|p1a: Sneasler|Psychic Seed
|-boost|p1a: Sneasler|spd|1|[from] item: Psychic Seed
|turn|4
|
|t:|1756495910
|switch|p1b: Arcanine|Arcanine-Hisui, L50, M|100/100
|-ability|p1b: Arcanine|Intimidate|boost
|-unboost|p2a: Indeedee|atk|1
|-unboost|p2b: Typhlosion|atk|1
|-terastallize|p1a: Sneasler|Dark
|-terastallize|p2a: Indeedee|Fighting
|move|p1a: Sneasler|Throat Chop|p2a: Indeedee
|-resisted|p2a: Indeedee
|-damage|p2a: Indeedee|25/100
|-start|p2a: Indeedee|Throat Chop|[silent]
|move|p2a: Indeedee|Expanding Force|p1b: Arcanine|[spread] p1b
|-immune|p1a: Sneasler
|-damage|p1b: Arcanine|33/100
|move|p2b: Typhlosion|Overheat|p1a: Sneasler
|-damage|p1a: Sneasler|10/100
|-unboost|p2b: Typhlosion|spa|2
|
|upkeep
|turn|5
|c|☆tbone603|this typholosion is the worst mon ever
|inactive|tbone603 has 30 seconds left.
|
|t:|1756495941
|switch|p2a: Gholdengo|Gholdengo, L50|100/100
|move|p1a: Sneasler|Dire Claw|p2a: Gholdengo
|-immune|p2a: Gholdengo
|move|p2b: Typhlosion|Shadow Ball|p1a: Sneasler
|-resisted|p1a: Sneasler
|-damage|p1a: Sneasler|1/100
|move|p1b: Arcanine|Rock Slide|p2b: Typhlosion|[spread] p2a,p2b
|-resisted|p2a: Gholdengo
|-supereffective|p2b: Typhlosion
|-crit|p2b: Typhlosion
|-damage|p2a: Gholdengo|87/100
|-damage|p2b: Typhlosion|0 fnt
|faint|p2b: Typhlosion
|
|-fieldend|move: Psychic Terrain
|upkeep
|c|☆tbone603|WORST MON EVER
|
|t:|1756495951
|switch|p2b: Indeedee|Indeedee, L50, M, tera:Fighting|25/100
|-fieldstart|move: Psychic Terrain|[from] ability: Psychic Surge|[of] p2b: Indeedee
|turn|6
|
|t:|1756495964
|switch|p1b: Hydrapple|Hydrapple, L50, F|100/100
|move|p1a: Sneasler|Throat Chop|p2a: Gholdengo
|-supereffective|p2a: Gholdengo
|-damage|p2a: Gholdengo|9/100
|-start|p2a: Gholdengo|Throat Chop|[silent]
|move|p2b: Indeedee|Hyper Voice|p1a: Sneasler|[spread] p1a,p1b
|-damage|p1a: Sneasler|0 fnt
|-damage|p1b: Hydrapple|79/100
|faint|p1a: Sneasler
|move|p2a: Gholdengo|Make It Rain|p1b: Hydrapple
|-damage|p1b: Hydrapple|37/100
|-unboost|p2a: Gholdengo|spa|1
|
|upkeep
|
|t:|1756495977
|switch|p1a: Arcanine|Arcanine-Hisui, L50, M|33/100
|-ability|p1a: Arcanine|Intimidate|boost
|-unboost|p2a: Gholdengo|atk|1
|-unboost|p2b: Indeedee|atk|1
|turn|7
|
|t:|1756495985
|move|p1a: Arcanine|Protect|p1a: Arcanine
|-singleturn|p1a: Arcanine|Protect
|move|p2b: Indeedee|Hyper Voice|p1b: Hydrapple|[spread] p1b
|-activate|p1a: Arcanine|move: Protect
|-damage|p1b: Hydrapple|14/100
|move|p2a: Gholdengo|Make It Rain|p1a: Arcanine|[spread] p1b
|-activate|p1a: Arcanine|move: Protect
|-damage|p1b: Hydrapple|0 fnt
|-unboost|p2a: Gholdengo|spa|1
|faint|p1b: Hydrapple
|
|-end|p2a: Gholdengo|Throat Chop|[silent]
|upkeep
|turn|8
|
|t:|1756496002
|move|p2b: Indeedee|Hyper Voice|p1a: Arcanine
|-resisted|p1a: Arcanine
|-damage|p1a: Arcanine|8/100
|move|p1a: Arcanine|Rock Slide|p2a: Gholdengo|[spread] p2a,p2b
|-resisted|p2a: Gholdengo
|-resisted|p2b: Indeedee
|-damage|p2a: Gholdengo|0 fnt
|-damage|p2b: Indeedee|0 fnt
|faint|p2a: Gholdengo
|faint|p2b: Indeedee
|
|win|Mortipherus
||tbone603 is ready for game 2.
|inactive|Mortipherus has 30 seconds to confirm battle start!
||Mortipherus is ready for game 2.
|uhtml|next|Next: Game 2 of 3
