|j|☆Desirety
|j|☆natsukivgc
|html|Desiretynatsukivgc    
|uhtml|bestof|Game 2 of a best-of-3
|t:|1785479461
|gametype|doubles
|player|p1|Desirety|preschooler|1195
|player|p2|natsukivgc|1|1187
|gen|9
|tier|[Gen 9 Champions] VGC 2026 Reg M-B (Bo3)
|rated|
|rule|Species Clause: Limit one of each Pokémon
|rule|Item Clause: Limit 1 of each item
|clearpoke
|poke|p1|Charizard, L50, F|
|poke|p1|Floette-Eternal, L50, F|
|poke|p1|Sinistcha, L50|
|poke|p1|Incineroar, L50, F|
|poke|p1|Kingambit, L50, M, shiny|
|poke|p1|Aerodactyl, L50, M|
|poke|p2|Charizard, L50, F|
|poke|p2|Sneasler, L50, F|
|poke|p2|Kingambit, L50, F|
|poke|p2|Dragonite, L50, F|
|poke|p2|Floette-Eternal, L50, F|
|poke|p2|Whimsicott, L50, F|
|teampreview|4
|showteam|p1|Charizard||CharizarditeX|Blaze|DragonDance,DragonClaw,Protect,FlareBlitz|Adamant||F|||50|]Floette-Eternal||Floettite|FlowerVeil|DazzlingGleam,DrainingKiss,CalmMind,Protect|Modest||F|||50|]Sinistcha||CobaBerry|Hospitality|MatchaGotcha,TrickRoom,Imprison,RagePowder|Bold|||||50|]Incineroar||SitrusBerry|Intimidate|WillOWisp,PartingShot,DarkestLariat,FakeOut|Adamant||F|||50|]Kingambit||LifeOrb|Defiant|SuckerPunch,KowtowCleave,LowKick,Protect|Adamant||M|||50|]Aerodactyl||WideLens|Unnerve|RockSlide,Tailwind,Taunt,WideGuard|Jolly||M|||50|
|showteam|p2|Charizard||CharizarditeY|Blaze|HeatWave,SolarBeam,WeatherBall,Protect|Modest||F|||50|]Sneasler||WhiteHerb|Unburden|CloseCombat,DireClaw,FakeOut,Coaching|Jolly||F|||50|]Kingambit||BlackGlasses|Defiant|KowtowCleave,SuckerPunch,SwordsDance,Protect|Adamant||F|||50|]Dragonite||LifeOrb|InnerFocus|DragonClaw,LowKick,ExtremeSpeed,Protect|Adamant||F|||50|]Floette-Eternal||Floettite|FlowerVeil|Moonblast,DazzlingGleam,LightofRuin,Protect|Modest||F|||50|]Whimsicott||FocusSash|Prankster|Moonblast,Tailwind,Encore,Protect|Timid||F|||50|
|
|t:|1785479498
|teamsize|p1|4
|teamsize|p2|4
|start
|switch|p1a: Charizard|Charizard, L50, F|100/100
|switch|p1b: Incineroar|Incineroar, L50, F|100/100
|switch|p2a: Whimsicott|Whimsicott, L50, F|100/100
|switch|p2b: Floette|Floette-Eternal, L50, F|100/100
|-ability|p1b: Incineroar|Intimidate|boost
|-block|p2a: Whimsicott|ability: Flower Veil|[of] p2b: Floette
|-unboost|p2b: Floette|atk|1
|turn|1
|
|t:|1785479524
|detailschange|p2b: Floette|Floette-Mega, L50, F
|-mega|p2b: Floette|Floette|Floettite
|-ability|p2b: Floette|Fairy Aura
|detailschange|p1a: Charizard|Charizard-Mega-X, L50, F
|-mega|p1a: Charizard|Charizard|Charizardite X
|move|p2a: Whimsicott|Protect|p2a: Whimsicott
|-singleturn|p2a: Whimsicott|Protect
|move|p2b: Floette|Protect|p2b: Floette
|-singleturn|p2b: Floette|Protect
|move|p1b: Incineroar|Fake Out|p2a: Whimsicott
|-activate|p2a: Whimsicott|move: Protect
|move|p1a: Charizard|Flare Blitz|p2a: Whimsicott
|-activate|p2a: Whimsicott|move: Protect
|
|upkeep
|turn|2
|
|t:|1785479577
|move|p1a: Charizard|Protect|p1a: Charizard
|-singleturn|p1a: Charizard|Protect
|move|p2a: Whimsicott|Moonblast|p1a: Charizard
|-activate|p1a: Charizard|move: Protect
|move|p2b: Floette|Dazzling Gleam|p1b: Incineroar|[spread] p1b
|-activate|p1a: Charizard|move: Protect
|-damage|p1b: Incineroar|56/100
|move|p1b: Incineroar|Parting Shot|p2b: Floette
|-unboost|p2b: Floette|atk|1
|-unboost|p2b: Floette|spa|1
|
|t:|1785479584
|switch|p1b: Sinistcha|Sinistcha, L50|100/100|[from] Parting Shot
|
|upkeep
|turn|3
|
|t:|1785479606
|switch|p1a: Incineroar|Incineroar, L50, F|56/100
|-ability|p1a: Incineroar|Intimidate|boost
|-unboost|p2a: Whimsicott|atk|1
|-unboost|p2b: Floette|atk|1
|move|p2a: Whimsicott|Moonblast|p1a: Incineroar
|-damage|p1a: Incineroar|14/100
|-enditem|p1a: Incineroar|Sitrus Berry|[eat]
|-heal|p1a: Incineroar|39/100|[from] item: Sitrus Berry
|move|p2b: Floette|Dazzling Gleam|p1b: Sinistcha|[spread] p1a,p1b
|-damage|p1a: Incineroar|11/100
|-damage|p1b: Sinistcha|62/100
|move|p1b: Sinistcha|Trick Room|p1b: Sinistcha
|-fieldstart|move: Trick Room|[of] p1b: Sinistcha
|
|upkeep
|turn|4
|inactive|Battle timer is ON: inactive players will automatically lose when time's up. (requested by Desirety)
|inactive|natsukivgc has 60 seconds left.
|
|t:|1785479652
|switch|p1b: Charizard|Charizard-Mega-X, L50, F|100/100
|switch|p2b: Sneasler|Sneasler, L50, F|100/100
|move|p1a: Incineroar|Fake Out|p2a: Whimsicott
|-damage|p2a: Whimsicott|83/100
|cant|p2a: Whimsicott|flinch
|
|upkeep
|turn|5
|inactive|natsukivgc has 30 seconds left.
|
|t:|1785479683
|switch|p2a: Dragonite|Dragonite, L50, F|100/100
|move|p2b: Sneasler|Fake Out|p1b: Charizard
|-damage|p1b: Charizard|87/100
|move|p1a: Incineroar|Parting Shot|p2a: Dragonite
|-unboost|p2a: Dragonite|atk|1
|-unboost|p2a: Dragonite|spa|1
|
|t:|1785479688
|switch|p1a: Sinistcha|Sinistcha, L50|62/100|[from] Parting Shot
|-heal|p1b: Charizard|100/100|[from] ability: Hospitality|[of] p1a: Sinistcha
|cant|p1b: Charizard|flinch
|
|upkeep
|turn|6
|inactive|natsukivgc has 30 seconds left.
|
|t:|1785479716
|move|p2a: Dragonite|Protect|p2a: Dragonite
|-singleturn|p2a: Dragonite|Protect
|move|p1a: Sinistcha|Rage Powder|p1a: Sinistcha
|-singleturn|p1a: Sinistcha|move: Rage Powder
|move|p1b: Charizard|Dragon Dance|p1b: Charizard
|-boost|p1b: Charizard|atk|1
|-boost|p1b: Charizard|spe|1
|move|p2b: Sneasler|Dire Claw|p1a: Sinistcha
|-damage|p1a: Sinistcha|28/100
|-status|p1a: Sinistcha|psn
|
|-damage|p1a: Sinistcha|16/100 psn|[from] psn
|upkeep
|turn|7
|inactive|natsukivgc has 30 seconds left.
|inactive|natsukivgc has 20 seconds left.
|inactive|natsukivgc has 15 seconds left.
|inactive|natsukivgc has 10 seconds left.
|
|t:|1785479762
|move|p1a: Sinistcha|Rage Powder|p1a: Sinistcha
|-singleturn|p1a: Sinistcha|move: Rage Powder
|move|p2a: Dragonite|Dragon Claw|p1a: Sinistcha
|-damage|p1a: Sinistcha|0 fnt
|faint|p1a: Sinistcha
|-damage|p2a: Dragonite|90/100|[from] item: Life Orb
|move|p2b: Sneasler|Close Combat|p1b: Charizard
|-damage|p1b: Charizard|41/100
|-unboost|p2b: Sneasler|def|1
|-unboost|p2b: Sneasler|spd|1
|-enditem|p2b: Sneasler|White Herb
|-clearnegativeboost|p2b: Sneasler|[silent]
|move|p1b: Charizard|Dragon Claw|p2a: Dragonite
|-supereffective|p2a: Dragonite|1
|-damage|p2a: Dragonite|0 fnt
|faint|p2a: Dragonite
|
|-fieldend|move: Trick Room
|upkeep
|inactive|natsukivgc has 30 seconds left.
|
|t:|1785479790
|switch|p2a: Floette|Floette-Mega, L50, F|100/100
|switch|p1a: Incineroar|Incineroar, L50, F|11/100
|-ability|p2a: Floette|Fairy Aura
|-ability|p1a: Incineroar|Intimidate|boost
|-unboost|p2a: Floette|atk|1
|-unboost|p2b: Sneasler|atk|1
|turn|8
|inactive|natsukivgc has 30 seconds left.
|
|t:|1785479822
|move|p2a: Floette|Protect|p2a: Floette
|-singleturn|p2a: Floette|Protect
|move|p1a: Incineroar|Fake Out|p2b: Sneasler
|-damage|p2b: Sneasler|80/100
|cant|p2b: Sneasler|flinch
|move|p1b: Charizard|Flare Blitz|p2a: Floette
|-activate|p2a: Floette|move: Protect
|
|upkeep
|turn|9
|
|t:|1785479843
|move|p2b: Sneasler|Close Combat|p1b: Charizard
|-damage|p1b: Charizard|3/100
|-unboost|p2b: Sneasler|def|1
|-unboost|p2b: Sneasler|spd|1
|move|p1b: Charizard|Flare Blitz|p2a: Floette
|-crit|p2a: Floette
|-damage|p2a: Floette|0 fnt
|faint|p2a: Floette
|-damage|p1b: Charizard|0 fnt|[from] Recoil
|faint|p1b: Charizard
|move|p1a: Incineroar|Will-O-Wisp|p2b: Sneasler
|-status|p2b: Sneasler|brn
|
|-damage|p2b: Sneasler|74/100 brn|[from] brn
|upkeep
|
|t:|1785479857
|switch|p2a: Whimsicott|Whimsicott, L50, F|83/100
|switch|p1b: Aerodactyl|Aerodactyl, L50, M|100/100
|-ability|p1b: Aerodactyl|Unnerve
|turn|10
|
|t:|1785479879
|move|p2b: Sneasler|Dire Claw|p1b: Aerodactyl
|-resisted|p1b: Aerodactyl|1
|-damage|p1b: Aerodactyl|91/100
|move|p1b: Aerodactyl|Rock Slide|p2b: Sneasler|[spread] p2a,p2b
|-resisted|p2b: Sneasler|1
|-damage|p2a: Whimsicott|52/100
|-damage|p2b: Sneasler|49/100 brn
|move|p2a: Whimsicott|Moonblast|p1a: Incineroar
|-damage|p1a: Incineroar|0 fnt
|faint|p1a: Incineroar
|
|-damage|p2b: Sneasler|43/100 brn|[from] brn
|upkeep
|turn|11
|inactive|natsukivgc has 30 seconds left.
|
|t:|1785479913
|move|p2b: Sneasler|Dire Claw|p1b: Aerodactyl
|-resisted|p1b: Aerodactyl|1
|-damage|p1b: Aerodactyl|81/100
|move|p1b: Aerodactyl|Rock Slide|p2b: Sneasler|[spread] p2a,p2b
|-resisted|p2b: Sneasler|1
|-damage|p2a: Whimsicott|24/100
|-damage|p2b: Sneasler|17/100 brn
|cant|p2a: Whimsicott|flinch
|
|-damage|p2b: Sneasler|12/100 brn|[from] brn
|upkeep
|turn|12
|
|t:|1785479928
|move|p2b: Sneasler|Dire Claw|p1b: Aerodactyl
|-resisted|p1b: Aerodactyl|1
|-damage|p1b: Aerodactyl|71/100
|move|p1b: Aerodactyl|Rock Slide|p2b: Sneasler|[spread] p2a,p2b
|-resisted|p2b: Sneasler|1
|-damage|p2a: Whimsicott|0 fnt
|-damage|p2b: Sneasler|0 fnt
|faint|p2a: Whimsicott
|faint|p2b: Sneasler
|
|win|Desirety
