|j|☆jayoticnl
|j|☆Braixen coxuda
|html|jayoticnlBraixen coxuda    
|uhtml|bestof|Game 2 of a best-of-3
|t:|1757780879
|gametype|doubles
|player|p1|jayoticnl|preschooler|
|player|p2|Braixen coxuda|caitlin|
|gen|9
|tier|[Gen 9] VGC 2025 Reg H (Bo3)
|rule|Species Clause: Limit one of each Pokémon
|rule|Item Clause: Limit 1 of each item
|clearpoke
|poke|p1|Pelipper, L50, M|
|poke|p1|Basculegion, L50, M|
|poke|p1|Archaludon, L50, M|
|poke|p1|Rillaboom, L50, F|
|poke|p1|Comfey, L50, F|
|poke|p1|Annihilape, L50, F|
|poke|p2|Rillaboom, L50, M|
|poke|p2|Ursaluna-Bloodmoon, L50, M|
|poke|p2|Basculegion, L50, M|
|poke|p2|Murkrow, L50, M|
|poke|p2|Pelipper, L50, F|
|poke|p2|Archaludon, L50, F|
|teampreview|4
|showteam|p1|Pelipper||FocusSash|Drizzle|Hurricane,WeatherBall,Tailwind,Protect|||M|||50|,,,,,Ghost]Basculegion||ChoiceBand|SwiftSwim|WaveCrash,FlipTurn,LastRespects,AquaJet|||M|||50|,,,,,Grass]Archaludon||AssaultVest|Stamina|ElectroShot,BodyPress,FlashCannon,Snarl|||M|||50|,,,,,Bug]Rillaboom||LoadedDice|GrassySurge|GrassyGlide,BulletSeed,FakeOut,HighHorsepower|||F|||50|,,,,,Poison]Comfey||SafetyGoggles|Triage|DrainingKiss,FloralHealing,LightScreen,Protect|||F|||50|,,,,,Steel]Annihilape||Leftovers|Defiant|DrainPunch,RageFist,BulkUp,Protect|||F|||50|,,,,,Fire
|showteam|p2|Rillaboom||MiracleSeed|GrassySurge|WoodHammer,GrassyGlide,Taunt,FakeOut|||M|||50|,,,,,Fire]Ursaluna-Bloodmoon||LifeOrb|MindsEye|HyperVoice,Protect,BloodMoon,EarthPower|||M|||50|,,,,,Normal]Basculegion||ChoiceBand|SwiftSwim|FlipTurn,WaveCrash,AquaJet,LastRespects|||M|||50|,,,,,Grass]Murkrow||Eviolite|Prankster|Tailwind,Haze,FoulPlay,RainDance|||M|||50|,,,,,Ghost]Pelipper||FocusSash|Drizzle|Hurricane,WeatherBall,Protect,WideGuard|||F|||50|,,,,,Stellar]Archaludon||AssaultVest|Stamina|BodyPress,ElectroShot,FlashCannon,DragonPulse|||F|||50|,,,,,Bug
|inactive|Battle timer is ON: inactive players will automatically lose when time's up. (requested by Braixen coxuda)
|
|t:|1757780888
|teamsize|p1|4
|teamsize|p2|4
|start
|switch|p1a: Rillaboom|Rillaboom, L50, F|100/100
|switch|p1b: Archaludon|Archaludon, L50, M|100/100
|switch|p2a: Ursaluna|Ursaluna-Bloodmoon, L50, M|100/100
|switch|p2b: Murkrow|Murkrow, L50, M|100/100
|-fieldstart|move: Grassy Terrain|[from] ability: Grassy Surge|[of] p1a: Rillaboom
|turn|1
|inactive|Braixen coxuda has 30 seconds left.
|
|t:|1757780923
|-terastallize|p1b: Archaludon|Bug
|-terastallize|p2a: Ursaluna|Normal
|move|p2b: Murkrow|Tailwind|p2b: Murkrow
|-sidestart|p2: Braixen coxuda|move: Tailwind
|move|p2a: Ursaluna|Blood Moon|p1a: Rillaboom
|-damage|p1a: Rillaboom|0 fnt
|faint|p1a: Rillaboom
|-damage|p2a: Ursaluna|91/100|[from] item: Life Orb
|move|p1b: Archaludon|Body Press|p2b: Murkrow
|-damage|p2b: Murkrow|74/100
|
|-heal|p2a: Ursaluna|97/100|[from] Grassy Terrain
|upkeep
|
|t:|1757780936
|switch|p1a: Comfey|Comfey, L50, F|100/100
|turn|2
|
|t:|1757780946
|switch|p2b: Gendo|Archaludon, L50, F|100/100
|move|p1a: Comfey|Protect|p1a: Comfey
|-singleturn|p1a: Comfey|Protect
|move|p2a: Ursaluna|Hyper Voice|p1a: Comfey|[spread] p1b
|-activate|p1a: Comfey|move: Protect
|-damage|p1b: Archaludon|56/100
|-ability|p1b: Archaludon|Stamina|boost
|-boost|p1b: Archaludon|def|1
|-damage|p2a: Ursaluna|87/100|[from] item: Life Orb
|move|p1b: Archaludon|Body Press|p2a: Ursaluna
|-supereffective|p2a: Ursaluna
|-damage|p2a: Ursaluna|21/100
|
|-heal|p2a: Ursaluna|27/100|[from] Grassy Terrain
|-heal|p1b: Archaludon|62/100|[from] Grassy Terrain
|upkeep
|turn|3
|inactive|jayoticnl has 30 seconds left.
|
|t:|1757780974
|switch|p1b: Basculegion|Basculegion, L50, M|100/100
|move|p2b: Gendo|Dragon Pulse|p1b: Basculegion
|-damage|p1b: Basculegion|55/100
|move|p2a: Ursaluna|Blood Moon|p1b: Basculegion
|-damage|p1b: Basculegion|0 fnt
|faint|p1b: Basculegion
|-damage|p2a: Ursaluna|18/100|[from] item: Life Orb
|move|p1a: Comfey|Light Screen|p1a: Comfey
|-sidestart|p1: jayoticnl|move: Light Screen
|
|-heal|p2a: Ursaluna|23/100|[from] Grassy Terrain
|upkeep
|
|t:|1757780982
|switch|p1b: Archaludon|Archaludon, L50, M, tera:Bug|62/100
|turn|4
|
|t:|1757780999
|move|p1a: Comfey|Floral Healing|p1b: Archaludon
|-heal|p1b: Archaludon|100/100
|move|p2b: Gendo|Flash Cannon|p1a: Comfey
|-supereffective|p1a: Comfey
|-damage|p1a: Comfey|57/100
|move|p2a: Ursaluna|Hyper Voice|p1b: Archaludon|[spread] p1a,p1b
|-damage|p1a: Comfey|18/100
|-damage|p1b: Archaludon|69/100
|-ability|p1b: Archaludon|Stamina|boost
|-boost|p1b: Archaludon|def|1
|-damage|p2a: Ursaluna|14/100|[from] item: Life Orb
|move|p1b: Archaludon|Body Press|p2b: Gendo
|-supereffective|p2b: Gendo
|-damage|p2b: Gendo|48/100
|-ability|p2b: Gendo|Stamina|boost
|-boost|p2b: Gendo|def|1
|
|-heal|p2b: Gendo|54/100|[from] Grassy Terrain
|-heal|p2a: Ursaluna|20/100|[from] Grassy Terrain
|-heal|p1a: Comfey|24/100|[from] Grassy Terrain
|-heal|p1b: Archaludon|75/100|[from] Grassy Terrain
|-sideend|p2: Braixen coxuda|move: Tailwind
|upkeep
|turn|5
|
|t:|1757781015
|move|p1a: Comfey|Draining Kiss|p2a: Ursaluna
|-crit|p2a: Ursaluna
|-damage|p2a: Ursaluna|0 fnt
|-heal|p1a: Comfey|41/100|[from] drain|[of] p2a: Ursaluna
|faint|p2a: Ursaluna
|move|p2b: Gendo|Flash Cannon|p1a: Comfey
|-supereffective|p1a: Comfey
|-damage|p1a: Comfey|0 fnt
|faint|p1a: Comfey
|move|p1b: Archaludon|Body Press|p2b: Gendo
|-supereffective|p2b: Gendo
|-damage|p2b: Gendo|15/100
|-ability|p2b: Gendo|Stamina|boost
|-boost|p2b: Gendo|def|1
|
|-heal|p1b: Archaludon|81/100|[from] Grassy Terrain
|-heal|p2b: Gendo|21/100|[from] Grassy Terrain
|-fieldend|move: Grassy Terrain
|upkeep
|
|t:|1757781022
|switch|p2a: Murkrow|Murkrow, L50, M|74/100
|turn|6
|
|t:|1757781034
|move|p2a: Murkrow|Tailwind|p2a: Murkrow
|-sidestart|p2: Braixen coxuda|move: Tailwind
|move|p2b: Gendo|Dragon Pulse|p1b: Archaludon
|-damage|p1b: Archaludon|62/100
|-ability|p1b: Archaludon|Stamina|boost
|-boost|p1b: Archaludon|def|1
|move|p1b: Archaludon|Body Press|p2b: Gendo
|-supereffective|p2b: Gendo
|-crit|p2b: Gendo
|-damage|p2b: Gendo|0 fnt
|faint|p2b: Gendo
|
|upkeep
|
|t:|1757781037
|switch|p2b: Nobunaga|Basculegion, L50, M, shiny|100/100
|turn|7
|
|t:|1757781052
|move|p2a: Murkrow|Haze|p2a: Murkrow
|-clearallboost
|move|p2b: Nobunaga|Last Respects|p1b: Archaludon
|-damage|p1b: Archaludon|0 fnt
|faint|p1b: Archaludon
|
|win|Braixen coxuda
|c|☆jayoticnl|ggs
|l|☆Braixen coxuda
|player|p2|
