|j|☆Hockeykid1
|j|☆ChickenZX
|html|Hockeykid1ChickenZX    
|uhtml|bestof|Game 2 of a best-of-3
|t:|1756706234
|gametype|doubles
|player|p1|Hockeykid1|1|1084
|player|p2|ChickenZX|fisherman-gen4|1205
|gen|9
|tier|[Gen 9] VGC 2025 Reg H (Bo3)
|rated|
|rule|Species Clause: Limit one of each Pokémon
|rule|Item Clause: Limit 1 of each item
|clearpoke
|poke|p1|Greninja-*, L50, M|
|poke|p1|Archaludon, L50, M|
|poke|p1|Pelipper, L50, M|
|poke|p1|Annihilape, L50, F|
|poke|p1|Dragapult, L50, F|
|poke|p1|Electabuzz, L50, M|
|poke|p2|Lilligant-Hisui, L50, F|
|poke|p2|Torkoal, L50, M|
|poke|p2|Ursaluna-Bloodmoon, L50, M|
|poke|p2|Dragonite, L50, M|
|poke|p2|Rillaboom, L50, M|
|poke|p2|Kingambit, L50, M|
|teampreview|4
|showteam|p1|Greninja||LoadedDice|Torrent|WaterShuriken,DarkPulse,Haze,Protect|||M|||50|,,,,,Ghost]Archaludon||AssaultVest|Stamina|BodyPress,ElectroShot,FlashCannon,DracoMeteor|||M|||50|,,,,,Grass]Pelipper||FocusSash|Drizzle|Hurricane,WeatherBall,Tailwind,Protect|||M|||50|,,,,,Grass]Annihilape||ChoiceScarf|Defiant|RageFist,FinalGambit,CloseCombat,Uturn|||F|||50|,,,,,Dragon]Dragapult||LightClay|ClearBody|ThunderWave,DragonCheer,DragonDarts,HelpingHand|||F|||50|,,,,,Dark]Electabuzz||Eviolite|VitalSpirit|FollowMe,Electroweb,Taunt,VoltSwitch|||M|||50|,,,,,Bug
|showteam|p2|Lilligant-Hisui||FocusSash|Chlorophyll|CloseCombat,TripleAxel,SleepPowder,AfterYou|||F|||50|,,,,,Ghost]Torkoal||Charcoal|Drought|Eruption,WeatherBall,HelpingHand,Protect|||M|||50|,,,,,Fire]Ursaluna-Bloodmoon||LifeOrb|MindsEye|BloodMoon,HyperVoice,EarthPower,Protect|||M|||50|,,,,,Normal]Dragonite||LoadedDice|Multiscale|ScaleShot,Protect,Tailwind,Haze|||M|||50|,,,,,Fairy]Rillaboom||AssaultVest|GrassySurge|WoodHammer,GrassyGlide,HighHorsepower,FakeOut|||M|||50|,,,,,Fire]Kingambit||SafetyGoggles|Defiant|KowtowCleave,SuckerPunch,SwordsDance,Protect|||M|||50|,,,,,Dark
|inactive|Battle timer is ON: inactive players will automatically lose when time's up. (requested by ChickenZX)
|
|t:|1756706258
|teamsize|p1|4
|teamsize|p2|4
|start
|switch|p1a: Electabuzz|Electabuzz, L50, M|100/100
|switch|p1b: Archaludon|Archaludon, L50, M|100/100
|switch|p2a: Dragonite|Dragonite, L50, M|100/100
|switch|p2b: Ursaluna|Ursaluna-Bloodmoon, L50, M|100/100
|turn|1
|
|t:|1756706277
|move|p2b: Ursaluna|Protect|p2b: Ursaluna
|-singleturn|p2b: Ursaluna|Protect
|move|p1a: Electabuzz|Electroweb|p2a: Dragonite|[spread] p2a
|-activate|p2b: Ursaluna|move: Protect
|-damage|p2a: Dragonite|93/100
|-unboost|p2a: Dragonite|spe|1
|move|p1b: Archaludon|Draco Meteor|p2a: Dragonite
|-supereffective|p2a: Dragonite
|-damage|p2a: Dragonite|0 fnt
|-unboost|p1b: Archaludon|spa|2
|faint|p2a: Dragonite
|
|upkeep
|
|t:|1756706287
|switch|p2a: Lilligant|Lilligant-Hisui, L50, F, shiny|100/100
|turn|2
|
|t:|1756706306
|switch|p1b: Pelipper|Pelipper, L50, M|100/100
|-weather|RainDance|[from] ability: Drizzle|[of] p1b: Pelipper
|-terastallize|p2b: Ursaluna|Normal
|move|p2a: Lilligant|Close Combat|p1b: Pelipper
|-resisted|p1b: Pelipper
|-damage|p1b: Pelipper|66/100
|-unboost|p2a: Lilligant|def|1
|-unboost|p2a: Lilligant|spd|1
|move|p1a: Electabuzz|Electroweb|p2b: Ursaluna|[spread] p2a,p2b
|-resisted|p2a: Lilligant
|-damage|p2a: Lilligant|85/100
|-damage|p2b: Ursaluna|84/100
|-unboost|p2a: Lilligant|spe|1
|-unboost|p2b: Ursaluna|spe|1
|move|p2b: Ursaluna|Hyper Voice|p1a: Electabuzz|[spread] p1a,p1b
|-damage|p1a: Electabuzz|43/100
|-damage|p1b: Pelipper|0 fnt
|faint|p1b: Pelipper
|-damage|p2b: Ursaluna|74/100|[from] item: Life Orb
|
|-weather|RainDance|[upkeep]
|upkeep
|inactive|Hockeykid1 has 30 seconds left.
|
|t:|1756706334
|switch|p1b: Archaludon|Archaludon, L50, M|100/100
|turn|3
|l|☆Hockeykid1
|inactive|Hockeykid1 disconnected and has a minute to reconnect!
|player|p1|
|inactive|Hockeykid1 has 30 seconds left.
|j|☆Hockeykid1
|inactive|Hockeykid1 reconnected and has 30 seconds left.
|player|p1|Hockeykid1|1|
|inactive|Hockeykid1 has 20 seconds left.
|inactive|Hockeykid1 has 15 seconds left.
|inactive|Hockeykid1 has 10 seconds left.
|inactive|Hockeykid1 has 5 seconds left.
|
|t:|1756706389
|switch|p2b: Torkoal|Torkoal, L50, M|100/100
|-weather|SunnyDay|[from] ability: Drought|[of] p2b: Torkoal
|move|p1a: Electabuzz|Follow Me|p1a: Electabuzz
|-singleturn|p1a: Electabuzz|move: Follow Me
|move|p2a: Lilligant|Close Combat|p1a: Electabuzz
|-damage|p1a: Electabuzz|0 fnt
|-unboost|p2a: Lilligant|def|1
|-unboost|p2a: Lilligant|spd|1
|faint|p1a: Electabuzz
|move|p1b: Archaludon|Body Press|p2b: Torkoal
|-damage|p2b: Torkoal|84/100
|
|-weather|SunnyDay|[upkeep]
|upkeep
|l|☆Hockeykid1
|inactive|Hockeykid1 disconnected and has a minute to reconnect!
|player|p1|
|j|☆Hockeykid1
|inactive|Hockeykid1 reconnected and has 45 seconds left.
|player|p1|Hockeykid1|1|
|
|t:|1756706408
|switch|p1a: Greninja|Greninja, L50, M|100/100
|turn|4
|inactive|ChickenZX has 30 seconds left.
|
|t:|1756706433
|move|p1a: Greninja|Water Shuriken|p2b: Torkoal
|-supereffective|p2b: Torkoal
|-damage|p2b: Torkoal|76/100
|-supereffective|p2b: Torkoal
|-damage|p2b: Torkoal|68/100
|-supereffective|p2b: Torkoal
|-damage|p2b: Torkoal|60/100
|-supereffective|p2b: Torkoal
|-damage|p2b: Torkoal|52/100
|-supereffective|p2b: Torkoal
|-damage|p2b: Torkoal|45/100
|-hitcount|p2b: Torkoal|5
|move|p2a: Lilligant|Sleep Powder|p1a: Greninja
|-status|p1a: Greninja|slp|[from] move: Sleep Powder
|move|p1b: Archaludon|Flash Cannon|p2a: Lilligant
|-damage|p2a: Lilligant|0 fnt
|faint|p2a: Lilligant
|move|p2b: Torkoal|Weather Ball|p1b: Archaludon
|-damage|p1b: Archaludon|47/100
|-ability|p1b: Archaludon|Stamina|boost
|-boost|p1b: Archaludon|def|1
|
|-weather|SunnyDay|[upkeep]
|upkeep
|
|t:|1756706450
|switch|p2a: Ursaluna|Ursaluna-Bloodmoon, L50, M, tera:Normal|74/100
|turn|5
|
|t:|1756706472
|move|p2a: Ursaluna|Protect|p2a: Ursaluna
|-singleturn|p2a: Ursaluna|Protect
|cant|p1a: Greninja|slp
|move|p1b: Archaludon|Draco Meteor|p2a: Ursaluna
|-activate|p2a: Ursaluna|move: Protect
|move|p2b: Torkoal|Weather Ball|p1b: Archaludon
|-crit|p1b: Archaludon
|-damage|p1b: Archaludon|0 fnt
|faint|p1b: Archaludon
|
|-weather|SunnyDay|[upkeep]
|upkeep
|turn|6
|inactive|Hockeykid1 has 30 seconds left.
|inactive|Hockeykid1 has 20 seconds left.
|
|t:|1756706508
|cant|p1a: Greninja|slp
|move|p2a: Ursaluna|Blood Moon|p1a: Greninja
|-damage|p1a: Greninja|0 fnt
|faint|p1a: Greninja
|-damage|p2a: Ursaluna|64/100|[from] item: Life Orb
|
|win|ChickenZX
|raw|Hockeykid1's rating: 1084 → 1069(-15 for losing)
|raw|ChickenZX's rating: 1205 → 1222(+17 for winning)
|l|☆Hockeykid1
|player|p1|
|l|☆ChickenZX
|player|p2|
|j|☆ChickenZX
|player|p2|ChickenZX|fisherman-gen4|
