|j|☆silknotsong
|j|☆I LOVE KOMMO-O
|html|silknotsongI LOVE KOMMO-O    
|uhtml|bestof|Game 3 of a best-of-3
|t:|1756291393
|gametype|doubles
|player|p1|silknotsong|infielder|1158
|player|p2|I LOVE KOMMO-O|n|1139
|gen|9
|tier|[Gen 9] VGC 2025 Reg H (Bo3)
|rated|
|rule|Species Clause: Limit one of each Pokémon
|rule|Item Clause: Limit 1 of each item
|clearpoke
|poke|p1|Charizard, L50, F|
|poke|p1|Torkoal, L50, F|
|poke|p1|Porygon2, L50|
|poke|p1|Incineroar, L50, F|
|poke|p1|Jumpluff, L50, F|
|poke|p1|Ursaluna, L50, F|
|poke|p2|Drifblim, L50, M|
|poke|p2|Indeedee, L50, M|
|poke|p2|Kommo-o, L50, M|
|poke|p2|Hydreigon, L50, M|
|poke|p2|Toxtricity, L50, F|
|poke|p2|Klefki, L50, M|
|teampreview|4
|showteam|p1|Charizard||ChoiceSpecs|SolarPower|HeatWave,Overheat,WeatherBall,AirSlash|||F|||50|,,,,,Ghost]Torkoal||EjectPack|Drought|Eruption,Overheat,HelpingHand,Protect|||F|||50|,,,,,Fire]Porygon2||Eviolite|Download|TeraBlast,IceBeam,Recover,TrickRoom||||||50|,,,,,Fighting]Incineroar||SitrusBerry|Intimidate|FlareBlitz,KnockOff,FakeOut,PartingShot|||F|||50|,,,,,Ghost]Jumpluff||CovertCloak|Chlorophyll|SleepPowder,SunnyDay,RagePowder,Tailwind|||F|||50|,,,,,Water]Ursaluna||FlameOrb|Guts|HeadlongRush,Facade,Earthquake,Protect|||F|||50|,,,,,Ghost
|showteam|p2|Drifblim||PsychicSeed|Unburden|Acrobatics,Tailwind,WillOWisp,StrengthSap|||M|||50|,,,,,Grass]Indeedee||FocusSash|PsychicSurge|ExpandingForce,TeraBlast,TrickRoom,Imprison|||M|||50|,,,,,Ground]Kommo-o||Leftovers|Soundproof|BodyPress,Flamethrower,IronDefense,Protect|||M|||50|,,,,,Fire]Hydreigon||AssaultVest|Levitate|DarkPulse,Snarl,EarthPower,DracoMeteor|||M|||50|,,,,,Ghost]Toxtricity||ChoiceSpecs|PunkRock|Overdrive,Boomburst,SludgeBomb,VoltSwitch|||F|||50|,,,,,Normal]Klefki||SafetyGoggles|Prankster|RainDance,LightScreen,ThunderWave,DazzlingGleam|||M|||50|,,,,,Steel
|
|t:|1756291450
|teamsize|p1|4
|teamsize|p2|4
|start
|switch|p1a: Incineroar|Incineroar, L50, F|100/100
|switch|p1b: Charizard|Charizard, L50, F|100/100
|switch|p2a: Klefki|Klefki, L50, M|100/100
|switch|p2b: Indeedee|Indeedee, L50, M|100/100
|-fieldstart|move: Psychic Terrain|[from] ability: Psychic Surge|[of] p2b: Indeedee
|-ability|p1a: Incineroar|Intimidate|boost
|-unboost|p2a: Klefki|atk|1
|-unboost|p2b: Indeedee|atk|1
|turn|1
|
|t:|1756291480
|-terastallize|p1b: Charizard|Ghost
|move|p2a: Klefki|Rain Dance|p2a: Klefki
|-weather|RainDance
|move|p1b: Charizard|Heat Wave|p2a: Klefki|[spread] p2a
|-miss|p1b: Charizard|p2b: Indeedee
|-supereffective|p2a: Klefki
|-damage|p2a: Klefki|57/100
|move|p2b: Indeedee|Tera Blast|p1b: Charizard
|-immune|p1b: Charizard
|move|p1a: Incineroar|Knock Off|p2b: Indeedee
|-supereffective|p2b: Indeedee
|-enditem|p2b: Indeedee|Focus Sash
|-damage|p2b: Indeedee|1/100
|
|-weather|RainDance|[upkeep]
|upkeep
|turn|2
|
|t:|1756291504
|switch|p1a: Torkoal|Torkoal, L50, F|100/100
|-weather|SunnyDay|[from] ability: Drought|[of] p1a: Torkoal
|move|p2a: Klefki|Light Screen|p2a: Klefki
|-sidestart|p2: I LOVE KOMMO-O|move: Light Screen
|move|p1b: Charizard|Heat Wave|p2b: Indeedee|[spread] p2b
|-miss|p1b: Charizard|p2a: Klefki
|-damage|p2b: Indeedee|0 fnt
|faint|p2b: Indeedee
|
|-weather|SunnyDay|[upkeep]
|-damage|p1b: Charizard|88/100|[from] ability: Solar Power|[of] p1b: Charizard
|upkeep
|
|t:|1756291512
|switch|p2b: Toxtricity|Toxtricity, L50, F, shiny|100/100
|turn|3
|
|t:|1756291539
|switch|p1b: Incineroar|Incineroar, L50, F|100/100
|-ability|p1b: Incineroar|Intimidate|boost
|-unboost|p2a: Klefki|atk|1
|-unboost|p2b: Toxtricity|atk|1
|move|p2a: Klefki|Light Screen||[still]
|-fail|p2a: Klefki
|move|p2b: Toxtricity|Overdrive|p1a: Torkoal|[spread] p1a,p1b
|-damage|p1a: Torkoal|25/100
|-damage|p1b: Incineroar|44/100
|-enditem|p1b: Incineroar|Sitrus Berry|[eat]
|-heal|p1b: Incineroar|69/100|[from] item: Sitrus Berry
|move|p1a: Torkoal|Overheat|p2b: Toxtricity
|-damage|p2b: Toxtricity|8/100
|-unboost|p1a: Torkoal|spa|2
|-enditem|p1a: Torkoal|Eject Pack
|
|t:|1756291551
|switch|p1a: Charizard|Charizard, L50, F, tera:Ghost|88/100
|
|-weather|SunnyDay|[upkeep]
|-damage|p1a: Charizard|76/100|[from] ability: Solar Power|[of] p1a: Charizard
|upkeep
|turn|4
|
|t:|1756291565
|switch|p2b: Kommo-o|Kommo-o, L50, M, shiny|100/100
|move|p2a: Klefki|Rain Dance|p2a: Klefki
|-weather|RainDance
|move|p1a: Charizard|Heat Wave|p2a: Klefki|[spread] p2a,p2b
|-supereffective|p2a: Klefki
|-resisted|p2b: Kommo-o
|-damage|p2a: Klefki|27/100
|-damage|p2b: Kommo-o|93/100
|move|p1b: Incineroar|Flare Blitz|p2a: Klefki
|-supereffective|p2a: Klefki
|-damage|p2a: Klefki|0 fnt
|faint|p2a: Klefki
|-damage|p1b: Incineroar|61/100|[from] Recoil
|
|-weather|RainDance|[upkeep]
|-heal|p2b: Kommo-o|99/100|[from] item: Leftovers
|upkeep
|
|t:|1756291568
|switch|p2a: Toxtricity|Toxtricity, L50, F, shiny|8/100
|turn|5
|
|t:|1756291585
|switch|p1b: Torkoal|Torkoal, L50, F|25/100
|-weather|SunnyDay|[from] ability: Drought|[of] p1b: Torkoal
|move|p1a: Charizard|Heat Wave|p2a: Toxtricity|[spread] p2a,p2b
|-resisted|p2b: Kommo-o
|-damage|p2a: Toxtricity|0 fnt
|-damage|p2b: Kommo-o|67/100
|faint|p2a: Toxtricity
|move|p2b: Kommo-o|Iron Defense|p2b: Kommo-o
|-boost|p2b: Kommo-o|def|2
|
|-weather|SunnyDay|[upkeep]
|-damage|p1a: Charizard|63/100|[from] ability: Solar Power|[of] p1a: Charizard
|-heal|p2b: Kommo-o|73/100|[from] item: Leftovers
|-fieldend|move: Psychic Terrain
|upkeep
|turn|6
|
|t:|1756291606
|-terastallize|p2b: Kommo-o|Fire
|move|p1b: Torkoal|Helping Hand|p1a: Charizard
|-singleturn|p1a: Charizard|Helping Hand|[of] p1b: Torkoal
|move|p1a: Charizard|Heat Wave|p2b: Kommo-o
|-resisted|p2b: Kommo-o
|-damage|p2b: Kommo-o|11/100
|move|p2b: Kommo-o|Body Press|p1b: Torkoal
|-damage|p1b: Torkoal|0 fnt
|faint|p1b: Torkoal
|
|-weather|SunnyDay|[upkeep]
|-damage|p1a: Charizard|51/100|[from] ability: Solar Power|[of] p1a: Charizard
|-heal|p2b: Kommo-o|17/100|[from] item: Leftovers
|-sideend|p2: I LOVE KOMMO-O|move: Light Screen
|upkeep
|
|t:|1756291614
|switch|p1b: Incineroar|Incineroar, L50, F|61/100
|-ability|p1b: Incineroar|Intimidate|boost
|-unboost|p2b: Kommo-o|atk|1
|turn|7
|
|t:|1756291619
|switch|p1a: Jumpluff|Jumpluff, L50, F|100/100
|move|p2b: Kommo-o|Protect|p2b: Kommo-o
|-singleturn|p2b: Kommo-o|Protect
|move|p1b: Incineroar|Fake Out|p2b: Kommo-o
|-activate|p2b: Kommo-o|move: Protect
|
|-weather|SunnyDay|[upkeep]
|-heal|p2b: Kommo-o|23/100|[from] item: Leftovers
|upkeep
|turn|8
|
|t:|1756291628
|move|p1a: Jumpluff|Sleep Powder|p2b: Kommo-o
|-status|p2b: Kommo-o|slp|[from] move: Sleep Powder
|move|p1b: Incineroar|Knock Off|p2b: Kommo-o
|-damage|p2b: Kommo-o|8/100 slp
|-enditem|p2b: Kommo-o|Leftovers|[from] move: Knock Off|[of] p1b: Incineroar
|cant|p2b: Kommo-o|slp
|
|-weather|SunnyDay|[upkeep]
|upkeep
|turn|9
|-message|I LOVE KOMMO-O forfeited.
|
|win|silknotsong
|raw|silknotsong's rating: 1158 → 1182(+24 for winning)
|raw|I LOVE KOMMO-O's rating: 1139 → 1115(-24 for losing)
|l|☆I LOVE KOMMO-O
|player|p2|
