|j|☆Chapignon286
|j|☆PumitaNike
|html|Chapignon286PumitaNike    
|uhtml|bestof|Game 1 of a best-of-3
|t:|1757647681
|gametype|doubles
|player|p1|Chapignon286|265|1134
|player|p2|PumitaNike|170|1043
|gen|9
|tier|[Gen 9] VGC 2025 Reg H (Bo3)
|rated|
|rule|Species Clause: Limit one of each Pokémon
|rule|Item Clause: Limit 1 of each item
|clearpoke
|poke|p1|Dondozo, L50, M|
|poke|p1|Tatsugiri, L50, F|
|poke|p1|Kingambit, L50, F|
|poke|p1|Sneasler, L50, F|
|poke|p1|Volcarona, L50, M|
|poke|p1|Dragonite, L50, F|
|poke|p2|Porygon2, L50|
|poke|p2|Ursaluna, L50, F|
|poke|p2|Amoonguss, L50, F|
|poke|p2|Garchomp, L50, F|
|poke|p2|Talonflame, L50, F|
|poke|p2|Gholdengo, L50|
|teampreview|4
|showteam|p1|Dondozo||Leftovers|Unaware|WaveCrash,OrderUp,Yawn,Protect|||M|||50|,,,,,Grass]Tatsugiri||ChoiceScarf|Commander|IcyWind,DracoMeteor,MuddyWater,TeraBlast|||F|||50|,,,,,Steel]Kingambit||SafetyGoggles|Defiant|KowtowCleave,SuckerPunch,SwordsDance,Protect|||F|||50|,,,,,Ghost]Sneasler||FocusSash|Unburden|CloseCombat,DireClaw,Coaching,Protect|||F|||50|,,,,,Stellar]Volcarona||CovertCloak|FlameBody|HeatWave,TeraBlast,QuiverDance,Protect|||M|||50|,,,,,Fairy]Dragonite||LoadedDice|Multiscale|ScaleShot,Protect,Tailwind,StompingTantrum|||F|||50|,,,,,Fairy
|showteam|p2|Porygon2||Eviolite|Download|TeraBlast,IceBeam,Recover,TrickRoom||||||50|,,,,,Fighting]Ursaluna||FlameOrb|Guts|Facade,Protect,HeadlongRush,Earthquake|||F|||50|,,,,,Ghost]Amoonguss||RockyHelmet|Regenerator|PollenPuff,RagePowder,Spore,SludgeBomb|||F|||50|,,,,,Water]Garchomp||ClearAmulet|RoughSkin|SwordsDance,DragonClaw,StompingTantrum,Protect|||F|||50|,,,,,Steel]Talonflame||CovertCloak|GaleWings|DualWingbeat,WillOWisp,Tailwind,FlareBlitz|||F|||50|,,,,,Fire]Gholdengo||LifeOrb|GoodasGold|NastyPlot,ShadowBall,MakeItRain,Protect||||||50|,,,,,Steel
|inactive|Battle timer is ON: inactive players will automatically lose when time's up. (requested by Chapignon286)
|inactive|Chapignon286 has 60 seconds left.
|inactive|PumitaNike has 60 seconds left.
|inactive|PumitaNike has 30 seconds left.
|inactive|PumitaNike has 20 seconds left.
|inactive|PumitaNike has 15 seconds left.
|inactive|PumitaNike has 10 seconds left.
|inactive|PumitaNike has 5 seconds left.
|
|t:|1757647767
|teamsize|p1|4
|teamsize|p2|4
|start
|switch|p1a: Dragonite|Dragonite, L50, F|100/100
|switch|p1b: Volcarona|Volcarona, L50, M|100/100
|switch|p2a: Talonflame|Talonflame, L50, F|100/100
|switch|p2b: Gholdengo|Gholdengo, L50|100/100
|turn|1
|inactive|PumitaNike has 30 seconds left.
|
|t:|1757647793
|move|p1b: Volcarona|Protect|p1b: Volcarona
|-singleturn|p1b: Volcarona|Protect
|move|p2a: Talonflame|Dual Wingbeat|p1b: Volcarona
|-activate|p1b: Volcarona|move: Protect
|move|p2b: Gholdengo|Nasty Plot|p2b: Gholdengo
|-boost|p2b: Gholdengo|spa|2
|move|p1a: Dragonite|Scale Shot|p2a: Talonflame
|-damage|p2a: Talonflame|77/100
|-damage|p2a: Talonflame|52/100
|-damage|p2a: Talonflame|28/100
|-damage|p2a: Talonflame|5/100
|-damage|p2a: Talonflame|0 fnt
|faint|p2a: Talonflame
|-hitcount|p2: Talonflame|5
|-unboost|p1a: Dragonite|def|1
|-boost|p1a: Dragonite|spe|1
|
|upkeep
|
|t:|1757647799
|switch|p2a: Porygon2|Porygon2, L50|100/100
|-ability|p2a: Porygon2|Download|boost
|-boost|p2a: Porygon2|atk|1
|turn|2
|
|t:|1757647816
|move|p2b: Gholdengo|Protect|p2b: Gholdengo
|-singleturn|p2b: Gholdengo|Protect
|move|p1a: Dragonite|Stomping Tantrum|p2b: Gholdengo
|-activate|p2b: Gholdengo|move: Protect
|move|p1b: Volcarona|Heat Wave|p2a: Porygon2|[spread] p2a
|-activate|p2b: Gholdengo|move: Protect
|-damage|p2a: Porygon2|80/100
|move|p2a: Porygon2|Trick Room|p2a: Porygon2
|-fieldstart|move: Trick Room|[of] p2a: Porygon2
|
|upkeep
|turn|3
|inactive|PumitaNike has 30 seconds left.
|
|t:|1757647847
|switch|p1b: Dondozo|Dondozo, L50, M|100/100
|switch|p1a: Tatsugiri|Tatsugiri, L50, F|100/100
|-activate|p1a: Tatsugiri|ability: Commander|[of] p1b: Dondozo
|-boost|p1b: Dondozo|atk|2
|-boost|p1b: Dondozo|spa|2
|-boost|p1b: Dondozo|spe|2
|-boost|p1b: Dondozo|def|2
|-boost|p1b: Dondozo|spd|2
|move|p2a: Porygon2|Ice Beam|p1a: Tatsugiri|[miss]
|-miss|p2a: Porygon2|p1a: Tatsugiri
|move|p2b: Gholdengo|Make It Rain|p1a: Tatsugiri|[spread] p1b
|-miss|p2b: Gholdengo|p1a: Tatsugiri
|-resisted|p1b: Dondozo
|-damage|p1b: Dondozo|89/100
|-unboost|p2b: Gholdengo|spa|1
|-damage|p2b: Gholdengo|91/100|[from] item: Life Orb
|
|-heal|p1b: Dondozo|96/100|[from] item: Leftovers
|upkeep
|turn|4
|inactive|PumitaNike has 30 seconds left.
|
|t:|1757647873
|switch|p2a: Ursaluna|Ursaluna, L50, F|100/100
|move|p2b: Gholdengo|Nasty Plot|p2b: Gholdengo
|-boost|p2b: Gholdengo|spa|2
|move|p1b: Dondozo|Order Up|p2a: Ursaluna
|-damage|p2a: Ursaluna|67/100
|-boost|p1b: Dondozo|atk|1
|
|-heal|p1b: Dondozo|100/100|[from] item: Leftovers
|-status|p2a: Ursaluna|brn|[from] item: Flame Orb
|upkeep
|turn|5
|inactive|Chapignon286 has 30 seconds left.
|
|t:|1757647899
|move|p2a: Ursaluna|Facade|p1b: Dondozo
|-damage|p1b: Dondozo|59/100
|move|p2b: Gholdengo|Shadow Ball|p1b: Dondozo
|-damage|p1b: Dondozo|39/100
|-damage|p2b: Gholdengo|82/100|[from] item: Life Orb
|move|p1b: Dondozo|Wave Crash|p2a: Ursaluna
|-supereffective|p2a: Ursaluna
|-damage|p2a: Ursaluna|0 fnt
|faint|p2a: Ursaluna
|-damage|p1b: Dondozo|18/100|[from] Recoil
|
|-heal|p1b: Dondozo|24/100|[from] item: Leftovers
|upkeep
|
|t:|1757647914
|switch|p2a: Porygon2|Porygon2, L50|80/100
|-ability|p2a: Porygon2|Download|boost
|-boost|p2a: Porygon2|spa|1
|turn|6
|
|t:|1757647927
|move|p1b: Dondozo|Protect|p1b: Dondozo
|-singleturn|p1b: Dondozo|Protect
|move|p2a: Porygon2|Tera Blast|p1b: Dondozo
|-activate|p1b: Dondozo|move: Protect
|move|p2b: Gholdengo|Shadow Ball|p1b: Dondozo
|-activate|p1b: Dondozo|move: Protect
|
|-heal|p1b: Dondozo|30/100|[from] item: Leftovers
|-fieldend|move: Trick Room
|upkeep
|turn|7
|inactive|Chapignon286 has 30 seconds left.
|
|t:|1757647961
|move|p1b: Dondozo|Wave Crash|p2a: Porygon2
|-damage|p2a: Porygon2|5/100
|-damage|p1b: Dondozo|9/100|[from] Recoil
|move|p2b: Gholdengo|Shadow Ball|p1b: Dondozo
|-damage|p1b: Dondozo|0 fnt
|faint|p1b: Dondozo
|-damage|p2b: Gholdengo|72/100|[from] item: Life Orb
|move|p2a: Porygon2|Trick Room|p2a: Porygon2
|-fieldstart|move: Trick Room|[of] p2a: Porygon2
|
|upkeep
|
|t:|1757647979
|switch|p1b: Dragonite|Dragonite, L50, F|100/100
|turn|8
|inactive|Chapignon286 has 30 seconds left.
|
|t:|1757648008
|move|p1b: Dragonite|Protect|p1b: Dragonite
|-singleturn|p1b: Dragonite|Protect
|move|p2a: Porygon2|Recover|p2a: Porygon2
|-heal|p2a: Porygon2|55/100
|move|p2b: Gholdengo|Make It Rain|p1b: Dragonite|[spread] p1a
|-activate|p1b: Dragonite|move: Protect
|-resisted|p1a: Tatsugiri
|-crit|p1a: Tatsugiri
|-damage|p1a: Tatsugiri|0 fnt
|-unboost|p2b: Gholdengo|spa|1
|faint|p1a: Tatsugiri
|-damage|p2b: Gholdengo|63/100|[from] item: Life Orb
|
|upkeep
|
|t:|1757648016
|switch|p1a: Volcarona|Volcarona, L50, M|100/100
|turn|9
|inactive|Chapignon286 has 30 seconds left.
|
|t:|1757648050
|move|p2a: Porygon2|Recover|p2a: Porygon2
|-heal|p2a: Porygon2|100/100
|move|p1b: Dragonite|Stomping Tantrum|p2a: Porygon2
|-damage|p2a: Porygon2|82/100
|move|p2b: Gholdengo|Shadow Ball|p1a: Volcarona
|-damage|p1a: Volcarona|0 fnt
|faint|p1a: Volcarona
|-damage|p2b: Gholdengo|53/100|[from] item: Life Orb
|
|upkeep
|turn|10
|-message|Chapignon286 forfeited.
|
|win|PumitaNike
||Chapignon286 is ready for game 2.
||PumitaNike is ready for game 2.
|uhtml|next|Next: Game 2 of 3
|l|☆Chapignon286
|player|p1|
