|j|☆heycoachitsnate
|j|☆goodfish6211
|html|heycoachitsnategoodfish6211    
|uhtml|bestof|Game 3 of a best-of-3
|t:|1785479807
|gametype|doubles
|player|p1|heycoachitsnate|n|1000
|player|p2|goodfish6211|102|1115
|gen|9
|tier|[Gen 9 Champions] VGC 2026 Reg M-B (Bo3)
|rated|
|rule|Species Clause: Limit one of each Pokémon
|rule|Item Clause: Limit 1 of each item
|clearpoke
|poke|p1|Venusaur, L50, M|
|poke|p1|Charizard, L50, F, shiny|
|poke|p1|Garchomp, L50, M|
|poke|p1|Annihilape, L50, F, shiny|
|poke|p1|Incineroar, L50, F|
|poke|p1|Toxapex, L50, M, shiny|
|poke|p2|Charizard, L50, F|
|poke|p2|Sylveon, L50, M, shiny|
|poke|p2|Venusaur, L50, F|
|poke|p2|Kingambit, L50, F|
|poke|p2|Basculegion, L50, M|
|poke|p2|Aerodactyl, L50, M, shiny|
|teampreview|4
|showteam|p1|Venusaur||LifeOrb|Chlorophyll|SolarBeam,SludgeBomb,EarthPower,Protect|Modest||M|||50|]Charizard||CharizarditeY|Blaze|HeatWave,WeatherBall,HelpingHand,Protect|Bold||F|||50|]Garchomp||ChoiceScarf|RoughSkin|RockSlide,DragonClaw,Earthquake,StompingTantrum|Adamant||M|||50|]Annihilape||FocusSash|Defiant|PhantomForce,CloseCombat,RockTomb,Protect|Jolly||F|||50|]Incineroar||SitrusBerry|Intimidate|FlareBlitz,ThroatChop,PartingShot,FakeOut|Impish||F|||50|]Toxapex||Leftovers|Regenerator|Infestation,Toxic,WideGuard,BanefulBunker|Impish||M|||50|
|showteam|p2|Charizard||CharizarditeY|Blaze|HeatWave,WeatherBall,SolarBeam,Protect|Timid||F|||50|]Sylveon||FairyFeather|Pixilate|HyperVoice,Moonblast,QuickAttack,Detect|Modest||M|||50|]Venusaur||LifeOrb|Chlorophyll|GigaDrain,SludgeBomb,EarthPower,Protect|Timid||F|||50|]Kingambit||BlackGlasses|Defiant|KowtowCleave,SuckerPunch,SwordsDance,Protect|Adamant||F|||50|]Basculegion||MysticWater|Adaptability|WaveCrash,LastRespects,AquaJet,Protect|Adamant||M|||50|]Aerodactyl||Aerodactylite|Unnerve|RockSlide,DualWingbeat,Tailwind,Protect|Jolly||M|||50|
|inactive|Battle timer is ON: inactive players will automatically lose when time's up. (requested by goodfish6211)
|inactive|heycoachitsnate also wants the timer to be on.
|inactive|heycoachitsnate has 60 seconds left.
|inactive|heycoachitsnate has 30 seconds left.
|
|t:|1785479871
|teamsize|p1|4
|teamsize|p2|4
|start
|switch|p1a: Annihilape|Annihilape, L50, F, shiny|100/100
|switch|p1b: Incineroar|Incineroar, L50, F|100/100
|switch|p2a: Charizard|Charizard, L50, F|100/100
|switch|p2b: Venusaur|Venusaur, L50, F|100/100
|-ability|p1b: Incineroar|Intimidate|boost
|-unboost|p2a: Charizard|atk|1
|-unboost|p2b: Venusaur|atk|1
|turn|1
|
|t:|1785479884
|move|p2a: Charizard|Protect|p2a: Charizard
|-singleturn|p2a: Charizard|Protect
|move|p2b: Venusaur|Protect|p2b: Venusaur
|-singleturn|p2b: Venusaur|Protect
|move|p1b: Incineroar|Fake Out|p2b: Venusaur
|-activate|p2b: Venusaur|move: Protect
|move|p1a: Annihilape|Rock Tomb|p2a: Charizard
|-activate|p2a: Charizard|move: Protect
|
|upkeep
|turn|2
|inactive|goodfish6211 has 30 seconds left.
|inactive|goodfish6211 has 20 seconds left.
|inactive|goodfish6211 has 15 seconds left.
|inactive|goodfish6211 has 10 seconds left.
|
|t:|1785479930
|switch|p2b: Aerodactyl|Aerodactyl, L50, M, shiny|100/100
|-ability|p2b: Aerodactyl|Unnerve
|detailschange|p2a: Charizard|Charizard-Mega-Y, L50, F
|-mega|p2a: Charizard|Charizard|Charizardite Y
|-weather|SunnyDay|[from] ability: Drought|[of] p2a: Charizard
|move|p2a: Charizard|Weather Ball|p1a: Annihilape
|-damage|p1a: Annihilape|1/100
|move|p1a: Annihilape|Rock Tomb|p2a: Charizard
|-supereffective|p2a: Charizard|2
|-damage|p2a: Charizard|0 fnt
|faint|p2a: Charizard
|move|p1b: Incineroar|Parting Shot|p2b: Aerodactyl
|-unboost|p2b: Aerodactyl|atk|1
|-unboost|p2b: Aerodactyl|spa|1
|
|t:|1785479945
|switch|p1b: Venusaur|Venusaur, L50, M|100/100|[from] Parting Shot
|
|-weather|SunnyDay|[upkeep]
|upkeep
|
|t:|1785479952
|switch|p2a: Basculegion|Basculegion, L50, M|100/100
|turn|3
|inactive|heycoachitsnate has 30 seconds left.
|
|t:|1785479979
|switch|p1a: Incineroar|Incineroar, L50, F|100/100
|-ability|p1a: Incineroar|Intimidate|boost
|-unboost|p2a: Basculegion|atk|1
|-unboost|p2b: Aerodactyl|atk|1
|move|p2a: Basculegion|Protect|p2a: Basculegion
|-singleturn|p2a: Basculegion|Protect
|move|p1b: Venusaur|Solar Beam||[still]
|-prepare|p1b: Venusaur|Solar Beam
|-anim|p1b: Venusaur|Solar Beam|p2a: Basculegion
|-activate|p2a: Basculegion|move: Protect
|move|p2b: Aerodactyl|Tailwind|p2b: Aerodactyl
|-sidestart|p2: goodfish6211|move: Tailwind
|
|-weather|SunnyDay|[upkeep]
|upkeep
|turn|4
|inactive|heycoachitsnate has 30 seconds left.
|
|t:|1785480005
|switch|p2a: Venusaur|Venusaur, L50, F|100/100
|move|p2b: Aerodactyl|Protect|p2b: Aerodactyl
|-singleturn|p2b: Aerodactyl|Protect
|move|p1a: Incineroar|Fake Out|p2b: Aerodactyl
|-activate|p2b: Aerodactyl|move: Protect
|move|p1b: Venusaur|Solar Beam||[still]
|-prepare|p1b: Venusaur|Solar Beam
|-anim|p1b: Venusaur|Solar Beam|p2a: Venusaur
|-resisted|p2a: Venusaur|2
|-damage|p2a: Venusaur|80/100
|-damage|p1b: Venusaur|90/100|[from] item: Life Orb
|
|-weather|SunnyDay|[upkeep]
|upkeep
|turn|5
|
|t:|1785480017
|move|p2a: Venusaur|Earth Power|p1a: Incineroar
|-supereffective|p1a: Incineroar|1
|-damage|p1a: Incineroar|37/100
|-damage|p2a: Venusaur|70/100|[from] item: Life Orb
|move|p2b: Aerodactyl|Rock Slide|p1b: Venusaur|[spread] p1b
|-miss|p2b: Aerodactyl|p1a: Incineroar
|-damage|p1b: Venusaur|74/100
|move|p1b: Venusaur|Solar Beam||[still]
|-prepare|p1b: Venusaur|Solar Beam
|-anim|p1b: Venusaur|Solar Beam|p2b: Aerodactyl
|-damage|p2b: Aerodactyl|0 fnt
|-enditem|p1a: Incineroar|Sitrus Berry|[eat]
|-heal|p1a: Incineroar|61/100|[from] item: Sitrus Berry
|faint|p2b: Aerodactyl
|-damage|p1b: Venusaur|65/100|[from] item: Life Orb
|move|p1a: Incineroar|Parting Shot|p2a: Venusaur
|-unboost|p2a: Venusaur|atk|1
|-unboost|p2a: Venusaur|spa|1
|
|t:|1785480035
|switch|p1a: Charizard|Charizard, L50, F, shiny|100/100|[from] Parting Shot
|
|-weather|SunnyDay|[upkeep]
|upkeep
|
|t:|1785480037
|switch|p2b: Basculegion|Basculegion, L50, M|100/100
|turn|6
|
|t:|1785480056
|switch|p1a: Incineroar|Incineroar, L50, F|61/100
|-ability|p1a: Incineroar|Intimidate|boost
|-unboost|p2a: Venusaur|atk|1
|-unboost|p2b: Basculegion|atk|1
|move|p2a: Venusaur|Earth Power|p1b: Venusaur
|-damage|p1b: Venusaur|40/100
|-damage|p2a: Venusaur|61/100|[from] item: Life Orb
|move|p2b: Basculegion|Last Respects|p1a: Incineroar
|-resisted|p1a: Incineroar|1
|-damage|p1a: Incineroar|37/100
|move|p1b: Venusaur|Solar Beam||[still]
|-prepare|p1b: Venusaur|Solar Beam
|-anim|p1b: Venusaur|Solar Beam|p2b: Basculegion
|-supereffective|p2b: Basculegion|1
|-damage|p2b: Basculegion|0 fnt
|faint|p2b: Basculegion
|-damage|p1b: Venusaur|30/100|[from] item: Life Orb
|
|-weather|none
|-sideend|p2: goodfish6211|move: Tailwind
|upkeep
|turn|7
|-message|goodfish6211 forfeited.
|
|win|heycoachitsnate
|raw|heycoachitsnate's rating: 1000 → 1053(+53 for winning)
|raw|goodfish6211's rating: 1115 → 1082(-33 for losing)
|l|☆heycoachitsnate
|player|p1|
