|j|☆Mongoos19
|j|‽Chimazuru
|html|Mongoos19Chimazuru    
|uhtml|bestof|Game 1 of a best-of-3
|t:|1756569600
|gametype|doubles
|player|p1|Mongoos19|1|1098
|player|p2|Chimazuru|lady-gen4|1000
|gen|9
|tier|[Gen 9] VGC 2025 Reg H (Bo3)
|rated|
|rule|Species Clause: Limit one of each Pokémon
|rule|Item Clause: Limit 1 of each item
|clearpoke
|poke|p1|Rillaboom, L50, M|
|poke|p1|Incineroar, L50, M|
|poke|p1|Tauros-Paldea-Aqua, L50, M|
|poke|p1|Yanmega, L50, F|
|poke|p1|Glimmora, L50, F|
|poke|p1|Porygon-Z, L50|
|poke|p2|Armarouge, L50, F|
|poke|p2|Torkoal, L50, F|
|poke|p2|Ursaluna, L50, M|
|poke|p2|Indeedee-F, L50, F|
|poke|p2|Lilligant-Hisui, L50, F|
|poke|p2|Annihilape, L50, M|
|teampreview|4
|showteam|p1|Rillaboom||AssaultVest|GrassySurge|FakeOut,WoodHammer,GrassyGlide,Uturn|||M|||50|,,,,,Fire]Incineroar||SafetyGoggles|Intimidate|FakeOut,FlareBlitz,KnockOff,PartingShot|||M|||50|,,,,,Ghost]Tauros-Paldea-Aqua||MirrorHerb|Intimidate|WaveCrash,CloseCombat,WildCharge,Protect|||M|||50|,,,,,Fire]Yanmega||FocusSash|SpeedBoost|BugBuzz,AirSlash,Tailwind,Protect|||F|||50|,,,,,Ghost]Glimmora||PowerHerb|ToxicDebris|SludgeBomb,EarthPower,MeteorBeam,SpikyShield|||F|||50|,,,,,Grass]Porygon-Z||LifeOrb|Adaptability|TeraBlast,HyperBeam,IcyWind,Protect||||||50|,,,,,Fighting
|showteam|p2|Armarouge||LifeOrb|FlashFire|ExpandingForce,ArmorCannon,TrickRoom,Protect|||F|||50|,,,,,Grass]Torkoal||Charcoal|Drought|Protect,ClearSmog,WeatherBall,Eruption|||F|||50|,,,,,Fire]Ursaluna||FlameOrb|Guts|Facade,Protect,Earthquake,HeadlongRush|||M|||50|,,,,,Ghost]Indeedee-F||RockyHelmet|PsychicSurge|FollowMe,HelpingHand,TrickRoom,Psychic|||F|||50|,,,,,Psychic]Lilligant-Hisui||FocusSash|Chlorophyll|LeafBlade,CloseCombat,SleepPowder,AfterYou|||F|||50|,,,,,Ghost]Annihilape||SafetyGoggles|Defiant|FinalGambit,Protect,Taunt,CloseCombat|||M|||50|,,,,,Fire
|inactive|Battle timer is ON: inactive players will automatically lose when time's up. (requested by Mongoos19)
|
|t:|1756569623
|teamsize|p1|4
|teamsize|p2|4
|start
|switch|p1a: Incineroar|Incineroar, L50, M, shiny|100/100
|switch|p1b: Jackie Chan|Rillaboom, L50, M|100/100
|switch|p2a: Indeedee|Indeedee-F, L50, F|100/100
|switch|p2b: Armarouge|Armarouge, L50, F|100/100
|-fieldstart|move: Grassy Terrain|[from] ability: Grassy Surge|[of] p1b: Jackie Chan
|-fieldstart|move: Psychic Terrain|[from] ability: Psychic Surge|[of] p2a: Indeedee
|-ability|p1a: Incineroar|Intimidate|boost
|-unboost|p2a: Indeedee|atk|1
|-unboost|p2b: Armarouge|atk|1
|turn|1
|inactive|Mongoos19 has 30 seconds left.
|inactive|Chimazuru has 30 seconds left.
|
|t:|1756569655
|switch|p1b: Glimmora|Glimmora, L50, F|100/100
|move|p2a: Indeedee|Follow Me|p2a: Indeedee
|-singleturn|p2a: Indeedee|move: Follow Me
|move|p1a: Incineroar|Parting Shot|p2a: Indeedee
|-unboost|p2a: Indeedee|atk|1
|-unboost|p2a: Indeedee|spa|1
|
|t:|1756569662
|switch|p1a: Jackie Chan|Rillaboom, L50, M|100/100|[from] Parting Shot
|-fieldstart|move: Grassy Terrain|[from] ability: Grassy Surge|[of] p1a: Jackie Chan
|move|p2b: Armarouge|Trick Room|p2b: Armarouge
|-fieldstart|move: Trick Room|[of] p2b: Armarouge
|
|upkeep
|turn|2
|
|t:|1756569686
|move|p2a: Indeedee|Follow Me|p2a: Indeedee
|-singleturn|p2a: Indeedee|move: Follow Me
|move|p2b: Armarouge|Expanding Force|p1b: Glimmora
|-supereffective|p1b: Glimmora
|-damage|p1b: Glimmora|0 fnt
|faint|p1b: Glimmora
|-damage|p2b: Armarouge|91/100|[from] item: Life Orb
|move|p1a: Jackie Chan|U-turn|p2a: Indeedee
|-supereffective|p2a: Indeedee
|-damage|p2a: Indeedee|55/100
|-damage|p1a: Jackie Chan|84/100|[from] item: Rocky Helmet|[of] p2a: Indeedee
|
|t:|1756569693
|switch|p1a: Incineroar|Incineroar, L50, M, shiny|100/100|[from] U-turn
|-ability|p1a: Incineroar|Intimidate|boost
|-unboost|p2a: Indeedee|atk|1
|-unboost|p2b: Armarouge|atk|1
|
|-heal|p2a: Indeedee|62/100|[from] Grassy Terrain
|-heal|p2b: Armarouge|97/100|[from] Grassy Terrain
|upkeep
|
|t:|1756569699
|switch|p1b: Yanmega|Yanmega, L50, F|100/100
|turn|3
|inactive|Chimazuru has 30 seconds left.
|inactive|Chimazuru has 20 seconds left.
|
|t:|1756569735
|switch|p2b: Ursaluna|Ursaluna, L50, M|100/100
|move|p1a: Incineroar|Fake Out|p2b: Ursaluna
|-damage|p2b: Ursaluna|92/100
|move|p2a: Indeedee|Follow Me|p2a: Indeedee
|-singleturn|p2a: Indeedee|move: Follow Me
|move|p1b: Yanmega|Bug Buzz|p2a: Indeedee
|-supereffective|p2a: Indeedee
|-damage|p2a: Indeedee|0 fnt
|faint|p2a: Indeedee
|
|-heal|p2b: Ursaluna|97/100|[from] Grassy Terrain
|-status|p2b: Ursaluna|brn|[from] item: Flame Orb
|-ability|p1b: Yanmega|Speed Boost|boost
|-boost|p1b: Yanmega|spe|1
|upkeep
|
|t:|1756569752
|switch|p2a: Armarouge|Armarouge, L50, F|97/100
|turn|4
|
|t:|1756569763
|-terastallize|p1a: Incineroar|Ghost
|move|p2a: Armarouge|Protect|p2a: Armarouge
|-singleturn|p2a: Armarouge|Protect
|move|p1b: Yanmega|Protect|p1b: Yanmega
|-singleturn|p1b: Yanmega|Protect
|move|p2b: Ursaluna|Headlong Rush|p1a: Incineroar
|-crit|p1a: Incineroar
|-damage|p1a: Incineroar|0 fnt
|-unboost|p2b: Ursaluna|def|1
|-unboost|p2b: Ursaluna|spd|1
|faint|p1a: Incineroar
|
|-heal|p2b: Ursaluna|100/100 brn|[from] Grassy Terrain
|-heal|p2a: Armarouge|100/100|[from] Grassy Terrain
|-damage|p2b: Ursaluna|95/100 brn|[from] brn
|-ability|p1b: Yanmega|Speed Boost|boost
|-boost|p1b: Yanmega|spe|1
|upkeep
|
|t:|1756569773
|switch|p1a: Jackie Chan|Rillaboom, L50, M|84/100
|turn|5
|inactive|Chimazuru has 30 seconds left.
|
|t:|1756569804
|move|p1a: Jackie Chan|Fake Out|p2b: Ursaluna
|-damage|p2b: Ursaluna|81/100 brn
|cant|p2b: Ursaluna|flinch
|move|p2a: Armarouge|Armor Cannon|p1a: Jackie Chan
|-supereffective|p1a: Jackie Chan
|-damage|p1a: Jackie Chan|0 fnt
|-unboost|p2a: Armarouge|def|1
|-unboost|p2a: Armarouge|spd|1
|faint|p1a: Jackie Chan
|-damage|p2a: Armarouge|91/100|[from] item: Life Orb
|move|p1b: Yanmega|Bug Buzz|p2a: Armarouge
|-damage|p2a: Armarouge|8/100
|
|-heal|p2b: Ursaluna|87/100 brn|[from] Grassy Terrain
|-heal|p2a: Armarouge|14/100|[from] Grassy Terrain
|-damage|p2b: Ursaluna|81/100 brn|[from] brn
|-fieldend|move: Trick Room
|-fieldend|move: Grassy Terrain
|-ability|p1b: Yanmega|Speed Boost|boost
|-boost|p1b: Yanmega|spe|1
|upkeep
|turn|6
|inactive|Chimazuru has 30 seconds left.
|
|t:|1756569834
|-terastallize|p2b: Ursaluna|Ghost
|move|p1b: Yanmega|Bug Buzz|p2a: Armarouge
|-damage|p2a: Armarouge|0 fnt
|faint|p2a: Armarouge
|move|p2b: Ursaluna|Facade|p1b: Yanmega
|-enditem|p1b: Yanmega|Focus Sash
|-damage|p1b: Yanmega|1/100
|
|-damage|p2b: Ursaluna|75/100 brn|[from] brn
|-ability|p1b: Yanmega|Speed Boost|boost
|-boost|p1b: Yanmega|spe|1
|upkeep
|
|t:|1756569845
|switch|p2a: Lilligant|Lilligant-Hisui, L50, F|100/100
|turn|7
|
|t:|1756569870
|move|p1b: Yanmega|Air Slash|p2b: Ursaluna
|-damage|p2b: Ursaluna|21/100 brn
|move|p2a: Lilligant|After You||[still]
|-fail|p2a: Lilligant
|move|p2b: Ursaluna|Facade|p1b: Yanmega
|-damage|p1b: Yanmega|0 fnt
|faint|p1b: Yanmega
|
|win|Chimazuru
||Mongoos19 is ready for game 2.
