|j|☆Plopy14
|j|☆pati_patout
|html|Plopy14pati_patout    
|uhtml|bestof|Game 1 of a best-of-3
|t:|1783894989
|gametype|doubles
|player|p1|Plopy14|bugcatcher|1212
|player|p2|pati_patout|101|1179
|gen|9
|tier|[Gen 9 Champions] VGC 2026 Reg M-B (Bo3)
|rated|
|rule|Species Clause: Limit one of each Pokémon
|rule|Item Clause: Limit 1 of each item
|clearpoke
|poke|p1|Floette-Eternal, L50, F|
|poke|p1|Incineroar, L50, M|
|poke|p1|Sneasler, L50, F|
|poke|p1|Kingambit, L50, M|
|poke|p1|Sinistcha, L50|
|poke|p1|Delphox, L50, F|
|poke|p2|Gholdengo, L50|
|poke|p2|Incineroar, L50, F|
|poke|p2|Garchomp, L50, F|
|poke|p2|Tyranitar, L50, M|
|poke|p2|Rotom-Wash, L50|
|poke|p2|Scovillain, L50, M|
|teampreview|4
|showteam|p1|Floette-Eternal||Floettite|FlowerVeil|DazzlingGleam,Moonblast,CalmMind,Protect|Modest||F|||50|]Incineroar||SitrusBerry|Intimidate|FakeOut,FlareBlitz,HelpingHand,PartingShot|Careful||M|||50|]Sneasler||FocusSash|PoisonTouch|FakeOut,PoisonJab,CloseCombat,QuickGuard|Jolly||F|||50|]Kingambit||BlackGlasses|Defiant|KowtowCleave,SuckerPunch,SwordsDance,Protect|Adamant||M|||50|]Sinistcha||KasibBerry|Hospitality|MatchaGotcha,RagePowder,TrickRoom,Protect|Bold|||||50|]Delphox||Delphoxite|Blaze|HeatWave,Psyshock,NastyPlot,Protect|Timid||F|||50|
|showteam|p2|Gholdengo||MetalCoat|GoodasGold|Protect,MakeItRain,ShadowBall,NastyPlot|Timid|||||50|]Incineroar||SitrusBerry|Intimidate|FlareBlitz,ThroatChop,FakeOut,PartingShot|Careful||F|||50|]Garchomp||LifeOrb|RoughSkin|Protect,Earthquake,DragonClaw,StompingTantrum|Jolly||F|||50|]Tyranitar||Tyranitarite|SandStream|Protect,RockSlide,KnockOff,LowKick|Adamant||M|||50|]Rotom-Wash||ChoiceScarf|Levitate|HydroPump,Thunderbolt,Electroweb,VoltSwitch|Timid|||||50|]Scovillain||Scovillainite|Moody|Protect,GigaDrain,Overheat,RagePowder|Calm||M|||50|
|
|t:|1783895046
|teamsize|p1|4
|teamsize|p2|4
|start
|switch|p1a: Delphox|Delphox, L50, F|100/100
|switch|p1b: Incineroar|Incineroar, L50, M|100/100
|switch|p2a: Gholdengo|Gholdengo, L50|100/100
|switch|p2b: Rotom|Rotom-Wash, L50|100/100
|-ability|p1b: Incineroar|Intimidate|boost
|-unboost|p2a: Gholdengo|atk|1
|-unboost|p2b: Rotom|atk|1
|turn|1
|
|t:|1783895067
|switch|p2a: Tyranitar|Tyranitar, L50, M|100/100
|-weather|Sandstorm|[from] ability: Sand Stream|[of] p2a: Tyranitar
|detailschange|p1a: Delphox|Delphox-Mega, L50, F
|-mega|p1a: Delphox|Delphox|Delphoxite
|move|p1b: Incineroar|Fake Out|p2b: Rotom
|-damage|p2b: Rotom|86/100
|cant|p2b: Rotom|flinch
|move|p1a: Delphox|Nasty Plot|p1a: Delphox
|-boost|p1a: Delphox|spa|2
|
|-weather|Sandstorm|[upkeep]
|-damage|p2b: Rotom|81/100|[from] Sandstorm
|-damage|p1a: Delphox|94/100|[from] Sandstorm
|-damage|p1b: Incineroar|94/100|[from] Sandstorm
|upkeep
|turn|2
|
|t:|1783895094
|detailschange|p2a: Tyranitar|Tyranitar-Mega, L50, M
|-mega|p2a: Tyranitar|Tyranitar|Tyranitarite
|move|p1a: Delphox|Protect|p1a: Delphox
|-singleturn|p1a: Delphox|Protect
|move|p2b: Rotom|Electroweb|p1a: Delphox|[spread] p1b
|-activate|p1a: Delphox|move: Protect
|-damage|p1b: Incineroar|79/100
|-unboost|p1b: Incineroar|spe|1
|move|p2a: Tyranitar|Rock Slide|p1b: Incineroar|[spread] p1b
|-activate|p1a: Delphox|move: Protect
|-supereffective|p1b: Incineroar|1
|-damage|p1b: Incineroar|6/100
|-enditem|p1b: Incineroar|Sitrus Berry|[eat]
|-heal|p1b: Incineroar|31/100|[from] item: Sitrus Berry
|move|p1b: Incineroar|Parting Shot|p2b: Rotom
|-unboost|p2b: Rotom|atk|1
|-unboost|p2b: Rotom|spa|1
|
|t:|1783895120
|switch|p1b: Sneasler|Sneasler, L50, F|100/100|[from] Parting Shot
|
|-weather|Sandstorm|[upkeep]
|-damage|p2b: Rotom|75/100|[from] Sandstorm
|-damage|p1a: Delphox|88/100|[from] Sandstorm
|-damage|p1b: Sneasler|94/100|[from] Sandstorm
|upkeep
|turn|3
|
|t:|1783895131
|move|p2a: Tyranitar|Protect|p2a: Tyranitar
|-singleturn|p2a: Tyranitar|Protect
|move|p2b: Rotom|Electroweb|p1a: Delphox|[spread] p1a,p1b
|-damage|p1a: Delphox|77/100
|-damage|p1b: Sneasler|76/100
|-unboost|p1a: Delphox|spe|1
|-unboost|p1b: Sneasler|spe|1
|move|p1a: Delphox|Psyshock|p2b: Rotom
|-damage|p2b: Rotom|0 fnt
|faint|p2b: Rotom
|move|p1b: Sneasler|Close Combat|p2a: Tyranitar
|-activate|p2a: Tyranitar|move: Protect
|
|-weather|Sandstorm|[upkeep]
|-damage|p1a: Delphox|71/100|[from] Sandstorm
|-damage|p1b: Sneasler|71/100|[from] Sandstorm
|upkeep
|
|t:|1783895150
|switch|p2b: Gholdengo|Gholdengo, L50|100/100
|turn|4
|
|t:|1783895184
|switch|p1b: Incineroar|Incineroar, L50, M|31/100
|-ability|p1b: Incineroar|Intimidate|boost
|-unboost|p2a: Tyranitar|atk|1
|-unboost|p2b: Gholdengo|atk|1
|move|p2b: Gholdengo|Make It Rain|p1a: Delphox|[spread] p1a,p1b
|-resisted|p1a: Delphox|1
|-resisted|p1b: Incineroar|1
|-damage|p1a: Delphox|49/100
|-damage|p1b: Incineroar|10/100
|-unboost|p2b: Gholdengo|spa|2
|move|p1a: Delphox|Heat Wave|p2a: Tyranitar|[spread] p2a,p2b
|-resisted|p2a: Tyranitar|1
|-supereffective|p2b: Gholdengo|1
|-damage|p2a: Tyranitar|81/100
|-damage|p2b: Gholdengo|0 fnt
|faint|p2b: Gholdengo
|move|p2a: Tyranitar|Rock Slide|p1a: Delphox|[spread] p1a,p1b
|-supereffective|p1a: Delphox|1
|-supereffective|p1b: Incineroar|1
|-damage|p1a: Delphox|0 fnt
|-damage|p1b: Incineroar|0 fnt
|faint|p1a: Delphox
|faint|p1b: Incineroar
|
|-weather|Sandstorm|[upkeep]
|upkeep
|
|t:|1783895199
|switch|p1a: Sneasler|Sneasler, L50, F|71/100
|switch|p2b: Incineroar|Incineroar, L50, F|100/100
|switch|p1b: Sinistcha|Sinistcha, L50|100/100
|-ability|p2b: Incineroar|Intimidate|boost
|-unboost|p1a: Sneasler|atk|1
|-unboost|p1b: Sinistcha|atk|1
|-heal|p1a: Sneasler|96/100|[from] ability: Hospitality|[of] p1b: Sinistcha
|turn|5
|
|t:|1783895214
|move|p1a: Sneasler|Fake Out|p2b: Incineroar
|-damage|p2b: Incineroar|92/100
|move|p2a: Tyranitar|Knock Off|p1b: Sinistcha
|-supereffective|p1b: Sinistcha|1
|-damage|p1b: Sinistcha|31/100
|-enditem|p1b: Sinistcha|Kasib Berry|[from] move: Knock Off|[of] p2a: Tyranitar
|move|p1b: Sinistcha|Matcha Gotcha|p2a: Tyranitar|[spread] p2a,p2b
|-supereffective|p2a: Tyranitar|1
|-resisted|p2b: Incineroar|1
|-damage|p2a: Tyranitar|57/100
|-heal|p1b: Sinistcha|45/100|[from] drain|[of] p2a: Tyranitar
|-damage|p2b: Incineroar|83/100
|-heal|p1b: Sinistcha|50/100g|[from] drain|[of] p2b: Incineroar
|cant|p2b: Incineroar|flinch
|
|-weather|none
|upkeep
|turn|6
|
|t:|1783895240
|move|p2a: Tyranitar|Protect|p2a: Tyranitar
|-singleturn|p2a: Tyranitar|Protect
|move|p1b: Sinistcha|Rage Powder|p1b: Sinistcha
|-singleturn|p1b: Sinistcha|move: Rage Powder
|move|p1a: Sneasler|Close Combat|p2b: Incineroar
|-supereffective|p2b: Incineroar|1
|-damage|p2b: Incineroar|10/100
|-unboost|p1a: Sneasler|def|1
|-unboost|p1a: Sneasler|spd|1
|-enditem|p2b: Incineroar|Sitrus Berry|[eat]
|-heal|p2b: Incineroar|35/100|[from] item: Sitrus Berry
|move|p2b: Incineroar|Flare Blitz|p1b: Sinistcha
|-supereffective|p1b: Sinistcha|1
|-damage|p1b: Sinistcha|0 fnt
|faint|p1b: Sinistcha
|-damage|p2b: Incineroar|20/100y|[from] Recoil
|
|upkeep
|turn|7
|
|t:|1783895262
|move|p1a: Sneasler|Close Combat|p2b: Incineroar
|-supereffective|p2b: Incineroar|1
|-damage|p2b: Incineroar|0 fnt
|-unboost|p1a: Sneasler|def|1
|-unboost|p1a: Sneasler|spd|1
|faint|p2b: Incineroar
|move|p2a: Tyranitar|Knock Off|p1a: Sneasler
|-resisted|p1a: Sneasler|1
|-damage|p1a: Sneasler|19/100
|-enditem|p1a: Sneasler|Focus Sash|[from] move: Knock Off|[of] p2a: Tyranitar
|
|upkeep
|turn|8
|
|t:|1783895276
|move|p1a: Sneasler|Close Combat|p2a: Tyranitar
|-supereffective|p2a: Tyranitar|2
|-damage|p2a: Tyranitar|0 fnt
|-unboost|p1a: Sneasler|def|1
|-unboost|p1a: Sneasler|spd|1
|faint|p2a: Tyranitar
|
|win|Plopy14
