|j|☆bennoVGC
|j|☆A Regu1ar Guy
|html|bennoVGCA Regu1ar Guy    
|uhtml|bestof|Game 2 of a best-of-3
|t:|1755085906
|gametype|doubles
|player|p1|bennoVGC|265|1295
|player|p2|A Regu1ar Guy|elesa|1312
|gen|9
|tier|[Gen 9] VGC 2025 Reg H (Bo3)
|rated|
|rule|Species Clause: Limit one of each Pokémon
|rule|Item Clause: Limit 1 of each item
|clearpoke
|poke|p1|Ursaluna, L50, M|
|poke|p1|Kilowattrel, L50, F|
|poke|p1|Gholdengo, L50|
|poke|p1|Incineroar, L50, F|
|poke|p1|Amoonguss, L50, F|
|poke|p1|Porygon2, L50|
|poke|p2|Volcarona, L50, M|
|poke|p2|Rillaboom, L50, F|
|poke|p2|Electabuzz, L50, M|
|poke|p2|Primarina, L50, M|
|poke|p2|Incineroar, L50, M|
|poke|p2|Dragapult, L50, M|
|teampreview|4
|showteam|p1|Ursaluna||FlameOrb|Guts|Facade,HeadlongRush,Earthquake,Protect|||M|||50|,,,,,Fairy]Kilowattrel||FocusSash|Competitive|Thunderbolt,AirSlash,Tailwind,Protect|||F|||50|,,,,,Ghost]Gholdengo||LifeOrb|GoodasGold|MakeItRain,ShadowBall,NastyPlot,Protect||||||50|,,,,,Dragon]Incineroar||AssaultVest|Intimidate|KnockOff,FlareBlitz,Uturn,FakeOut|||F|||50|,,,,,Grass]Amoonguss||CovertCloak|Regenerator|Spore,RagePowder,SludgeBomb,Protect|||F|||50|,,,,,Dark]Porygon2||Eviolite|Download|TeraBlast,IceBeam,Recover,TrickRoom||||||50|,,,,,Fighting
|showteam|p2|Volcarona||GrassySeed|FlameBody|HeatWave,GigaDrain,QuiverDance,Protect|||M|||50|,,,,,Grass]Rillaboom||AssaultVest|GrassySurge|FakeOut,WoodHammer,GrassyGlide,HighHorsepower|||F|||50|,,,,,Fire]Electabuzz||Eviolite|VitalSpirit|Thunderbolt,FollowMe,Taunt,Protect|||M|||50|,,,,,Ghost]Primarina||ThroatSpray|LiquidVoice|HyperVoice,Moonblast,Haze,Protect|||M|||50|,,,,,Poison]Incineroar||SafetyGoggles|Intimidate|FakeOut,KnockOff,FlareBlitz,PartingShot|||M|||50|,,,,,Ghost]Dragapult||ChoiceBand|ClearBody|DragonDarts,PhantomForce,Outrage,Uturn|||M|||50|,,,,,Dragon
|
|t:|1755085941
|teamsize|p1|4
|teamsize|p2|4
|start
|switch|p1a: Ursaluna|Ursaluna, L50, M|100/100
|switch|p1b: Kilowattrel|Kilowattrel, L50, F, shiny|100/100
|switch|p2a: Volcarona|Volcarona, L50, M, shiny|100/100
|switch|p2b: Rillaboom|Rillaboom, L50, F|100/100
|-fieldstart|move: Grassy Terrain|[from] ability: Grassy Surge|[of] p2b: Rillaboom
|-enditem|p2a: Volcarona|Grassy Seed
|-boost|p2a: Volcarona|def|1|[from] item: Grassy Seed
|turn|1
|
|t:|1755085954
|-terastallize|p1b: Kilowattrel|Ghost
|move|p1a: Ursaluna|Protect|p1a: Ursaluna
|-singleturn|p1a: Ursaluna|Protect
|move|p2b: Rillaboom|Fake Out|p1b: Kilowattrel
|-immune|p1b: Kilowattrel
|move|p1b: Kilowattrel|Tailwind|p1b: Kilowattrel
|-sidestart|p1: bennoVGC|move: Tailwind
|move|p2a: Volcarona|Quiver Dance|p2a: Volcarona
|-boost|p2a: Volcarona|spa|1
|-boost|p2a: Volcarona|spd|1
|-boost|p2a: Volcarona|spe|1
|
|-status|p1a: Ursaluna|brn|[from] item: Flame Orb
|upkeep
|turn|2
|
|t:|1755085987
|switch|p1a: Incineroar|Incineroar, L50, F, shiny|100/100
|-ability|p1a: Incineroar|Intimidate|boost
|-unboost|p2a: Volcarona|atk|1
|-unboost|p2b: Rillaboom|atk|1
|move|p2a: Volcarona|Protect|p2a: Volcarona
|-singleturn|p2a: Volcarona|Protect
|move|p1b: Kilowattrel|Air Slash|p2a: Volcarona
|-activate|p2a: Volcarona|move: Protect
|move|p2b: Rillaboom|Wood Hammer|p1b: Kilowattrel
|-damage|p1b: Kilowattrel|5/100
|-damage|p2b: Rillaboom|78/100|[from] Recoil
|
|-heal|p1b: Kilowattrel|12/100|[from] Grassy Terrain
|-heal|p2b: Rillaboom|84/100|[from] Grassy Terrain
|upkeep
|turn|3
|
|t:|1755086015
|move|p1a: Incineroar|Fake Out|p2b: Rillaboom
|-damage|p2b: Rillaboom|73/100
|cant|p2b: Rillaboom|flinch
|move|p1b: Kilowattrel|Air Slash|p2a: Volcarona
|-supereffective|p2a: Volcarona
|-damage|p2a: Volcarona|60/100
|move|p2a: Volcarona|Quiver Dance|p2a: Volcarona
|-boost|p2a: Volcarona|spa|1
|-boost|p2a: Volcarona|spd|1
|-boost|p2a: Volcarona|spe|1
|
|-heal|p1b: Kilowattrel|18/100|[from] Grassy Terrain
|-heal|p2a: Volcarona|66/100|[from] Grassy Terrain
|-heal|p2b: Rillaboom|79/100|[from] Grassy Terrain
|upkeep
|turn|4
|
|t:|1755086055
|switch|p2b: Electabuzz|Electabuzz, L50, M|100/100
|move|p1b: Kilowattrel|Protect|p1b: Kilowattrel
|-singleturn|p1b: Kilowattrel|Protect
|move|p2a: Volcarona|Protect|p2a: Volcarona
|-singleturn|p2a: Volcarona|Protect
|move|p1a: Incineroar|U-turn|p2b: Electabuzz
|-damage|p2b: Electabuzz|81/100
|
|t:|1755086066
|switch|p1a: Ursaluna|Ursaluna, L50, M|100/100 brn|[from] U-turn
|
|-heal|p1b: Kilowattrel|24/100|[from] Grassy Terrain
|-heal|p2a: Volcarona|72/100|[from] Grassy Terrain
|-heal|p2b: Electabuzz|87/100|[from] Grassy Terrain
|-damage|p1a: Ursaluna|95/100 brn|[from] brn
|-sideend|p1: bennoVGC|move: Tailwind
|upkeep
|turn|5
|
|t:|1755086091
|switch|p2b: Incineroar|Incineroar, L50, M|100/100
|-ability|p2b: Incineroar|Intimidate|boost
|-unboost|p1a: Ursaluna|atk|1
|-unboost|p1b: Kilowattrel|atk|1
|-ability|p1b: Kilowattrel|Competitive|boost
|-boost|p1b: Kilowattrel|spa|2
|move|p1a: Ursaluna|Protect|p1a: Ursaluna
|-singleturn|p1a: Ursaluna|Protect
|move|p2a: Volcarona|Heat Wave|p1b: Kilowattrel|[spread] p1b
|-activate|p1a: Ursaluna|move: Protect
|-damage|p1b: Kilowattrel|0 fnt
|faint|p1b: Kilowattrel
|
|-heal|p2a: Volcarona|79/100|[from] Grassy Terrain
|-heal|p1a: Ursaluna|100/100 brn|[from] Grassy Terrain
|-damage|p1a: Ursaluna|95/100 brn|[from] brn
|-fieldend|move: Grassy Terrain
|upkeep
|
|t:|1755086101
|switch|p1b: Incineroar|Incineroar, L50, F, shiny|100/100
|-ability|p1b: Incineroar|Intimidate|boost
|-unboost|p2a: Volcarona|atk|1
|-unboost|p2b: Incineroar|atk|1
|turn|6
|
|t:|1755086116
|-terastallize|p2b: Incineroar|Ghost
|move|p2a: Volcarona|Protect|p2a: Volcarona
|-singleturn|p2a: Volcarona|Protect
|move|p1b: Incineroar|Fake Out|p2b: Incineroar
|-immune|p2b: Incineroar
|move|p1a: Ursaluna|Facade|p2a: Volcarona
|-activate|p2a: Volcarona|move: Protect
|move|p2b: Incineroar|Parting Shot|p1b: Incineroar
|-unboost|p1b: Incineroar|atk|1
|-unboost|p1b: Incineroar|spa|1
|
|t:|1755086122
|switch|p2b: Rillaboom|Rillaboom, L50, F|79/100|[from] Parting Shot
|-fieldstart|move: Grassy Terrain|[from] ability: Grassy Surge|[of] p2b: Rillaboom
|
|-heal|p2a: Volcarona|85/100|[from] Grassy Terrain
|-heal|p2b: Rillaboom|85/100|[from] Grassy Terrain
|-heal|p1a: Ursaluna|100/100 brn|[from] Grassy Terrain
|-damage|p1a: Ursaluna|95/100 brn|[from] brn
|upkeep
|turn|7
|
|t:|1755086127
|move|p1a: Ursaluna|Protect|p1a: Ursaluna
|-singleturn|p1a: Ursaluna|Protect
|move|p2a: Volcarona|Heat Wave|p1b: Incineroar|[spread] p1b
|-activate|p1a: Ursaluna|move: Protect
|-resisted|p1b: Incineroar
|-damage|p1b: Incineroar|77/100
|move|p2b: Rillaboom|High Horsepower|p1b: Incineroar
|-supereffective|p1b: Incineroar
|-damage|p1b: Incineroar|12/100
|move|p1b: Incineroar|Flare Blitz|p2a: Volcarona
|-damage|p2a: Volcarona|56/100
|-damage|p1b: Incineroar|3/100|[from] Recoil
|
|-heal|p2a: Volcarona|62/100|[from] Grassy Terrain
|-heal|p2b: Rillaboom|90/100|[from] Grassy Terrain
|-heal|p1b: Incineroar|9/100|[from] Grassy Terrain
|-heal|p1a: Ursaluna|100/100 brn|[from] Grassy Terrain
|-damage|p1a: Ursaluna|95/100 brn|[from] brn
|upkeep
|turn|8
|-message|bennoVGC forfeited.
|
|win|A Regu1ar Guy
|raw|bennoVGC's rating: 1295 → 1271(-24 for losing)
|raw|A Regu1ar Guy's rating: 1312 → 1331(+19 for winning)
