|j|☆AnriVGC
|j|☆funnymann66
|html|AnriVGCfunnymann66    
|uhtml|bestof|Game 1 of a best-of-3
|t:|1756495459
|gametype|doubles
|player|p1|AnriVGC|hilda-masters3|1088
|player|p2|funnymann66|lucas-gen4pt|1044
|gen|9
|tier|[Gen 9] VGC 2025 Reg H (Bo3)
|rated|
|rule|Species Clause: Limit one of each Pokémon
|rule|Item Clause: Limit 1 of each item
|clearpoke
|poke|p1|Gholdengo, L50|
|poke|p1|Sneasler, L50, F|
|poke|p1|Rillaboom, L50, F|
|poke|p1|Dragonite, L50, F|
|poke|p1|Ninetales-Alola, L50, M|
|poke|p1|Arcanine-Hisui, L50, M|
|poke|p2|Annihilape, L50, M|
|poke|p2|Archaludon, L50, M|
|poke|p2|Maushold, L50|
|poke|p2|Pelipper, L50, M|
|poke|p2|Sinistcha, L50|
|poke|p2|Ursaluna, L50, M|
|teampreview|4
|showteam|p1|Gholdengo||GrassySeed|GoodasGold|NastyPlot,MakeItRain,ShadowBall,Protect||||||50|,,,,,Water]Sneasler||FocusSash|Unburden|CloseCombat,DireClaw,Coaching,FakeOut|||F|||50|,,,,,Ghost]Rillaboom||AssaultVest|GrassySurge|FakeOut,DrumBeating,HighHorsepower,GrassyGlide|||F|||50|,,,,,Fire]Dragonite||LoadedDice|Multiscale|ScaleShot,StompingTantrum,Haze,Protect|||F|||50|,,,,,Steel]Ninetales-Alola||LightClay|SnowWarning|IcyWind,Blizzard,Moonblast,AuroraVeil|||M|||50|,,,,,Water]Arcanine-Hisui||ClearAmulet|Intimidate|RockSlide,FlareBlitz,ExtremeSpeed,Protect|||M|||50|,,,,,Grass
|showteam|p2|Annihilape||Leftovers|Defiant|DrainPunch,RageFist,Protect,BulkUp|||M|||50|,,,,,Steel]Archaludon||AssaultVest|Stamina|FlashCannon,DragonPulse,ElectroShot,BodyPress|||M|||50|,,,,,Bug]Maushold||SafetyGoggles|FriendGuard|FollowMe,Protect,BeatUp,Taunt||||||50|,,,,,Ghost]Pelipper||FocusSash|Drizzle|Hurricane,WeatherBall,Protect,Tailwind|||M|||50|,,,,,Flying]Sinistcha||SitrusBerry|Hospitality|MatchaGotcha,TrickRoom,RagePowder,LifeDew||||||50|,,,,,Fire]Ursaluna||FlameOrb|Guts|HeadlongRush,Facade,PlayRough,Protect|||M|||50|,,,,,Fairy
|inactive|Battle timer is ON: inactive players will automatically lose when time's up. (requested by funnymann66)
|inactive|AnriVGC has 60 seconds left.
|inactive|funnymann66 has 60 seconds left.
|inactive|funnymann66 has 30 seconds left.
|
|t:|1756495526
|teamsize|p1|4
|teamsize|p2|4
|start
|switch|p1a: Ninetales|Ninetales-Alola, L50, M|100/100
|switch|p1b: Arcanine|Arcanine-Hisui, L50, M|100/100
|switch|p2a: Maushold|Maushold, L50|100/100
|switch|p2b: Sinistcha|Sinistcha, L50|100/100
|-weather|Snowscape|[from] ability: Snow Warning|[of] p1a: Ninetales
|-ability|p1b: Arcanine|Intimidate|boost
|-unboost|p2a: Maushold|atk|1
|-unboost|p2b: Sinistcha|atk|1
|turn|1
|inactive|AnriVGC has 30 seconds left.
|inactive|funnymann66 has 30 seconds left.
|
|t:|1756495555
|move|p2a: Maushold|Follow Me|p2a: Maushold
|-singleturn|p2a: Maushold|move: Follow Me
|move|p1a: Ninetales|Aurora Veil|p1a: Ninetales
|-sidestart|p1: AnriVGC|move: Aurora Veil
|move|p1b: Arcanine|Rock Slide|p2b: Sinistcha|[spread] p2a
|-miss|p1b: Arcanine|p2b: Sinistcha
|-damage|p2a: Maushold|67/100
|move|p2b: Sinistcha|Trick Room|p2b: Sinistcha
|-fieldstart|move: Trick Room|[of] p2b: Sinistcha
|
|-weather|Snowscape|[upkeep]
|upkeep
|turn|2
|inactive|funnymann66 has 30 seconds left.
|inactive|funnymann66 has 20 seconds left.
|
|t:|1756495592
|switch|p2b: Annihilape|Annihilape, L50, M|100/100
|move|p2a: Maushold|Follow Me|p2a: Maushold
|-singleturn|p2a: Maushold|move: Follow Me
|move|p1b: Arcanine|Flare Blitz|p2a: Maushold
|-damage|p2a: Maushold|0 fnt
|faint|p2a: Maushold
|-damage|p1b: Arcanine|78/100|[from] Recoil
|move|p1a: Ninetales|Blizzard|p2b: Annihilape
|-damage|p2b: Annihilape|74/100
|
|-weather|Snowscape|[upkeep]
|-heal|p2b: Annihilape|80/100|[from] item: Leftovers
|upkeep
|
|t:|1756495598
|switch|p2a: Ursaluna|Ursaluna, L50, M|100/100
|turn|3
|inactive|AnriVGC has 30 seconds left.
|inactive|AnriVGC has 20 seconds left.
|
|t:|1756495634
|move|p2b: Annihilape|Protect|p2b: Annihilape
|-singleturn|p2b: Annihilape|Protect
|move|p1b: Arcanine|Protect|p1b: Arcanine
|-singleturn|p1b: Arcanine|Protect
|move|p2a: Ursaluna|Headlong Rush|p1a: Ninetales
|-damage|p1a: Ninetales|61/100
|-unboost|p2a: Ursaluna|def|1
|-unboost|p2a: Ursaluna|spd|1
|move|p1a: Ninetales|Blizzard|p2a: Ursaluna|[spread] p2a
|-activate|p2b: Annihilape|move: Protect
|-supereffective|p2a: Ursaluna
|-damage|p2a: Ursaluna|31/100
|
|-weather|Snowscape|[upkeep]
|-heal|p2b: Annihilape|86/100|[from] item: Leftovers
|-status|p2a: Ursaluna|brn|[from] item: Flame Orb
|upkeep
|turn|4
|inactive|funnymann66 has 30 seconds left.
|inactive|AnriVGC has 30 seconds left.
|inactive|AnriVGC has 20 seconds left.
|inactive|AnriVGC has 15 seconds left.
|inactive|AnriVGC has 10 seconds left.
|
|t:|1756495690
|switch|p1a: Sneasler|Sneasler, L50, F|100/100
|-terastallize|p1b: Arcanine|Grass
|move|p2a: Ursaluna|Protect|p2a: Ursaluna
|-singleturn|p2a: Ursaluna|Protect
|move|p2b: Annihilape|Drain Punch|p1b: Arcanine
|-damage|p1b: Arcanine|47/100
|-heal|p2b: Annihilape|100/100|[from] drain|[of] p1b: Arcanine
|move|p1b: Arcanine|Flare Blitz|p2a: Ursaluna
|-activate|p2a: Ursaluna|move: Protect
|
|-weather|Snowscape|[upkeep]
|-damage|p2a: Ursaluna|25/100 brn|[from] brn
|upkeep
|turn|5
|
|t:|1756495713
|switch|p2a: Sinistcha|Sinistcha, L50|100/100
|move|p1a: Sneasler|Fake Out|p2a: Sinistcha
|-immune|p2a: Sinistcha
|move|p2b: Annihilape|Bulk Up|p2b: Annihilape
|-boost|p2b: Annihilape|atk|1
|-boost|p2b: Annihilape|def|1
|move|p1b: Arcanine|Flare Blitz|p2a: Sinistcha
|-supereffective|p2a: Sinistcha
|-damage|p2a: Sinistcha|12/100
|-enditem|p2a: Sinistcha|Sitrus Berry|[eat]
|-heal|p2a: Sinistcha|36/100|[from] item: Sitrus Berry
|-damage|p1b: Arcanine|18/100|[from] Recoil
|
|-weather|none
|-fieldend|move: Trick Room
|upkeep
|turn|6
|inactive|funnymann66 has 30 seconds left.
|
|t:|1756495743
|move|p1a: Sneasler|Coaching|p1b: Arcanine
|-boost|p1b: Arcanine|atk|1
|-boost|p1b: Arcanine|def|1
|move|p1b: Arcanine|Rock Slide|p2b: Annihilape|[spread] p2a,p2b
|-resisted|p2b: Annihilape
|-damage|p2a: Sinistcha|4/100
|-damage|p2b: Annihilape|85/100
|cant|p2b: Annihilape|flinch
|cant|p2a: Sinistcha|flinch
|
|-heal|p2b: Annihilape|91/100|[from] item: Leftovers
|upkeep
|turn|7
|inactive|AnriVGC has 30 seconds left.
|inactive|AnriVGC has 20 seconds left.
|inactive|AnriVGC has 15 seconds left.
|inactive|AnriVGC has 10 seconds left.
|
|t:|1756495790
|switch|p1a: Gholdengo|Gholdengo, L50|100/100
|switch|p2a: Ursaluna|Ursaluna, L50, M|25/100 brn
|move|p1b: Arcanine|Flare Blitz|p2a: Ursaluna
|-damage|p2a: Ursaluna|0 fnt
|faint|p2a: Ursaluna
|-damage|p1b: Arcanine|7/100|[from] Recoil
|move|p2b: Annihilape|Rage Fist|p1a: Gholdengo
|-supereffective|p1a: Gholdengo
|-damage|p1a: Gholdengo|0 fnt
|faint|p1a: Gholdengo
|
|-heal|p2b: Annihilape|97/100|[from] item: Leftovers
|upkeep
|
|t:|1756495810
|switch|p1a: Sneasler|Sneasler, L50, F|100/100
|switch|p2a: Sinistcha|Sinistcha, L50|4/100
|-heal|p2b: Annihilape|100/100|[from] ability: Hospitality|[of] p2a: Sinistcha
|turn|8
|
|t:|1756495840
|move|p1b: Arcanine|Protect|p1b: Arcanine
|-singleturn|p1b: Arcanine|Protect
|move|p2a: Sinistcha|Rage Powder|p2a: Sinistcha
|-singleturn|p2a: Sinistcha|move: Rage Powder
|move|p1a: Sneasler|Dire Claw|p2a: Sinistcha
|-damage|p2a: Sinistcha|0 fnt
|faint|p2a: Sinistcha
|move|p2b: Annihilape|Rage Fist|p1b: Arcanine
|-activate|p1b: Arcanine|move: Protect
|
|-sideend|p1: AnriVGC|move: Aurora Veil
|upkeep
|turn|9
|
|t:|1756495857
|move|p1a: Sneasler|Coaching|p1b: Arcanine
|-boost|p1b: Arcanine|atk|1
|-boost|p1b: Arcanine|def|1
|move|p1b: Arcanine|Flare Blitz|p2b: Annihilape
|-damage|p2b: Annihilape|20/100
|-damage|p1b: Arcanine|0 fnt|[from] Recoil
|faint|p1b: Arcanine
|move|p2b: Annihilape|Rage Fist|p1a: Sneasler
|-enditem|p1a: Sneasler|Focus Sash
|-damage|p1a: Sneasler|1/100
|
|-heal|p2b: Annihilape|26/100|[from] item: Leftovers
|upkeep
|
|t:|1756495866
|switch|p1b: Ninetales|Ninetales-Alola, L50, M|61/100
|-weather|Snowscape|[from] ability: Snow Warning|[of] p1b: Ninetales
|turn|10
|
|t:|1756495875
|-terastallize|p2b: Annihilape|Steel
|move|p1a: Sneasler|Close Combat|p2b: Annihilape
|-supereffective|p2b: Annihilape
|-damage|p2b: Annihilape|0 fnt
|-unboost|p1a: Sneasler|def|1
|-unboost|p1a: Sneasler|spd|1
|faint|p2b: Annihilape
|
|win|AnriVGC
||funnymann66 is ready for game 2.
|inactive|AnriVGC has 29 seconds to confirm battle start!
