|j|☆Jaylek
|j|☆roman_legend
|html|Jaylekroman_legend    
|uhtml|bestof|Game 1 of a best-of-3
|t:|1756838989
|gametype|doubles
|player|p1|Jaylek|aaron|1185
|player|p2|roman_legend|101|1077
|gen|9
|tier|[Gen 9] VGC 2025 Reg H (Bo3)
|rated|
|rule|Species Clause: Limit one of each Pokémon
|rule|Item Clause: Limit 1 of each item
|clearpoke
|poke|p1|Basculegion, L50, M|
|poke|p1|Volcarona, L50, F|
|poke|p1|Ursaluna-Bloodmoon, L50, M|
|poke|p1|Rillaboom, L50, M|
|poke|p1|Hitmontop, L50, M|
|poke|p1|Kommo-o, L50, M|
|poke|p2|Gholdengo, L50|
|poke|p2|Sneasler, L50, M|
|poke|p2|Rillaboom, L50, F|
|poke|p2|Dragonite, L50, M|
|poke|p2|Ninetales-Alola, L50, F|
|poke|p2|Arcanine-Hisui, L50, M|
|teampreview|4
|showteam|p1|Basculegion||ChoiceScarf|Adaptability|WaveCrash,LastRespects,TeraBlast,FlipTurn|||M|||50|,,,,,Fairy]Volcarona||CovertCloak|FlameBody|HeatWave,TeraBlast,Protect,QuiverDance|||F|||50|,,,,,Fairy]Ursaluna-Bloodmoon||LifeOrb|MindsEye|BloodMoon,EarthPower,HyperVoice,Protect|||M|||50|,,,,,Ghost]Rillaboom||AssaultVest|GrassySurge|WoodHammer,HighHorsepower,GrassyGlide,FakeOut|||M|||50|,,,,,Dragon]Hitmontop||ClearAmulet|Intimidate|CloseCombat,WideGuard,Feint,FakeOut|||M|||50|,,,,,Dark]Kommo-o||ThroatSpray|Overcoat|ClangingScales,Flamethrower,Protect,ClangorousSoul|||M|||50|,,,,,Steel
|showteam|p2|Gholdengo||GrassySeed|GoodasGold|NastyPlot,MakeItRain,ShadowBall,Protect||||||50|,,,,,Water]Sneasler||WhiteHerb|Unburden|CloseCombat,DireClaw,Coaching,Protect|||M|||50|,,,,,Ghost]Rillaboom||AssaultVest|GrassySurge|FakeOut,GrassyGlide,DrumBeating,HighHorsepower|||F|||50|,,,,,Fire]Dragonite||LoadedDice|Multiscale|ScaleShot,StompingTantrum,Tailwind,Protect|||M|||50|,,,,,Ground]Ninetales-Alola||FocusSash|SnowWarning|Blizzard,IcyWind,Encore,AuroraVeil|||F|||50|,,,,,Ghost]Arcanine-Hisui||ClearAmulet|Intimidate|RockSlide,FlareBlitz,ExtremeSpeed,Protect|||M|||50|,,,,,Water
|inactive|Battle timer is ON: inactive players will automatically lose when time's up. (requested by Jaylek)
|
|t:|1756839047
|teamsize|p1|4
|teamsize|p2|4
|start
|switch|p1a: Volcarona|Volcarona, L50, F|100/100
|switch|p1b: Hitmontop|Hitmontop, L50, M|100/100
|switch|p2a: Gholdengo|Gholdengo, L50, shiny|100/100
|switch|p2b: Rillaboom|Rillaboom, L50, F|100/100
|-fieldstart|move: Grassy Terrain|[from] ability: Grassy Surge|[of] p2b: Rillaboom
|-enditem|p2a: Gholdengo|Grassy Seed
|-boost|p2a: Gholdengo|def|1|[from] item: Grassy Seed
|-ability|p1b: Hitmontop|Intimidate|boost
|-unboost|p2a: Gholdengo|atk|1
|-unboost|p2b: Rillaboom|atk|1
|turn|1
|inactive|Jaylek has 30 seconds left.
|inactive|roman_legend has 30 seconds left.
|inactive|roman_legend has 20 seconds left.
|inactive|roman_legend has 15 seconds left.
|inactive|roman_legend has 10 seconds left.
|
|t:|1756839094
|-terastallize|p2a: Gholdengo|Water
|move|p2b: Rillaboom|Fake Out|p1a: Volcarona
|-damage|p1a: Volcarona|90/100
|move|p2a: Gholdengo|Nasty Plot|p2a: Gholdengo
|-boost|p2a: Gholdengo|spa|2
|move|p1a: Volcarona|Quiver Dance|p1a: Volcarona
|-boost|p1a: Volcarona|spa|1
|-boost|p1a: Volcarona|spd|1
|-boost|p1a: Volcarona|spe|1
|move|p1b: Hitmontop|Close Combat|p2b: Rillaboom
|-damage|p2b: Rillaboom|43/100
|-unboost|p1b: Hitmontop|def|1
|-unboost|p1b: Hitmontop|spd|1
|
|-heal|p1a: Volcarona|96/100|[from] Grassy Terrain
|-heal|p2b: Rillaboom|49/100|[from] Grassy Terrain
|upkeep
|turn|2
|
|t:|1756839113
|switch|p2b: Arcanine|Arcanine-Hisui, L50, M, shiny|100/100
|-ability|p2b: Arcanine|Intimidate|boost
|-unboost|p1a: Volcarona|atk|1
|-fail|p1b: Hitmontop|unboost|[from] item: Clear Amulet|[of] p1b: Hitmontop
|move|p1a: Volcarona|Heat Wave|p2a: Gholdengo|[spread] p2a,p2b
|-resisted|p2a: Gholdengo
|-resisted|p2b: Arcanine
|-damage|p2a: Gholdengo|74/100
|-damage|p2b: Arcanine|83/100
|move|p2a: Gholdengo|Shadow Ball|p1a: Volcarona
|-damage|p1a: Volcarona|49/100
|move|p1b: Hitmontop|Close Combat|p2a: Gholdengo
|-damage|p2a: Gholdengo|42/100
|-unboost|p1b: Hitmontop|def|1
|-unboost|p1b: Hitmontop|spd|1
|
|-heal|p1a: Volcarona|56/100|[from] Grassy Terrain
|-heal|p2b: Arcanine|89/100|[from] Grassy Terrain
|-heal|p2a: Gholdengo|48/100|[from] Grassy Terrain
|upkeep
|turn|3
|inactive|Jaylek has 30 seconds left.
|inactive|roman_legend has 30 seconds left.
|
|t:|1756839147
|-terastallize|p1a: Volcarona|Fairy
|move|p2b: Arcanine|Protect|p2b: Arcanine
|-singleturn|p2b: Arcanine|Protect
|move|p1a: Volcarona|Tera Blast|p2a: Gholdengo|[anim] Tera Blast Fairy
|-damage|p2a: Gholdengo|0 fnt
|faint|p2a: Gholdengo
|move|p1b: Hitmontop|Close Combat|p2b: Arcanine
|-activate|p2b: Arcanine|move: Protect
|
|-heal|p1a: Volcarona|62/100|[from] Grassy Terrain
|-heal|p2b: Arcanine|95/100|[from] Grassy Terrain
|upkeep
|
|t:|1756839157
|switch|p2a: Sneasler|Sneasler, L50, M, shiny|100/100
|turn|4
|inactive|roman_legend has 30 seconds left.
|
|t:|1756839186
|move|p2a: Sneasler|Protect|p2a: Sneasler
|-singleturn|p2a: Sneasler|Protect
|move|p1b: Hitmontop|Feint|p2a: Sneasler
|-activate|p2a: Sneasler|move: Feint
|-damage|p2a: Sneasler|88/100
|move|p1a: Volcarona|Tera Blast|p2a: Sneasler|[anim] Tera Blast Fairy
|-damage|p2a: Sneasler|10/100
|move|p2b: Arcanine|Flare Blitz|p1a: Volcarona
|-damage|p1a: Volcarona|0 fnt
|faint|p1a: Volcarona
|-damage|p2b: Arcanine|72/100|[from] Recoil
|
|-heal|p2a: Sneasler|16/100|[from] Grassy Terrain
|-heal|p2b: Arcanine|78/100|[from] Grassy Terrain
|upkeep
|inactive|Jaylek has 30 seconds left.
|
|t:|1756839219
|switch|p1a: Rillaboom|Rillaboom, L50, M|100/100
|turn|5
|
|t:|1756839230
|move|p1a: Rillaboom|Fake Out|p2a: Sneasler
|-damage|p2a: Sneasler|0 fnt
|faint|p2a: Sneasler
|move|p2b: Arcanine|Extreme Speed|p1b: Hitmontop
|-damage|p1b: Hitmontop|37/100
|move|p1b: Hitmontop|Close Combat|p2b: Arcanine
|-supereffective|p2b: Arcanine
|-damage|p2b: Arcanine|0 fnt
|-unboost|p1b: Hitmontop|def|1
|-unboost|p1b: Hitmontop|spd|1
|faint|p2b: Arcanine
|
|-heal|p1b: Hitmontop|43/100|[from] Grassy Terrain
|-fieldend|move: Grassy Terrain
|upkeep
|-message|roman_legend forfeited.
|
|win|Jaylek
||roman_legend is ready for game 2.
||Jaylek is ready for game 2.
|uhtml|next|Next: Game 2 of 3
