|j|☆dragonite0618
|j|☆Jakobtc
|html|dragonite0618Jakobtc    
|uhtml|bestof|Game 3 of a best-of-3
|t:|1784519779
|gametype|doubles
|player|p1|dragonite0618|pokemonranger-gen4|1170
|player|p2|Jakobtc|riley|1149
|gen|9
|tier|[Gen 9 Champions] VGC 2026 Reg M-B (Bo3)
|rated|
|rule|Species Clause: Limit one of each Pokémon
|rule|Item Clause: Limit 1 of each item
|clearpoke
|poke|p1|Whimsicott, L50, F, shiny|
|poke|p1|Staraptor, L50, M, shiny|
|poke|p1|Garchomp, L50, F, shiny|
|poke|p1|Kingambit, L50, F, shiny|
|poke|p1|Ceruledge, L50, M, shiny|
|poke|p1|Gholdengo, L50, shiny|
|poke|p2|Zoroark-Hisui, L50, M|
|poke|p2|Charizard, L50, F|
|poke|p2|Whimsicott, L50, F|
|poke|p2|Gholdengo, L50|
|poke|p2|Incineroar, L50, M|
|poke|p2|Dragonite, L50, M|
|teampreview|4
|showteam|p1|Whimsicott||FocusSash|Prankster|Encore,Charm,Tailwind,Moonblast|Timid||F|||50|]Staraptor||Staraptite|Intimidate|Protect,CloseCombat,BraveBird,Roost|Adamant||M|||50|]Garchomp||LifeOrb|RoughSkin|Protect,Earthquake,RockSlide,DragonClaw|Jolly||F|||50|]Kingambit||ChopleBerry|Defiant|SuckerPunch,KowtowCleave,LowKick,IronHead|Adamant||F|||50|]Ceruledge||ColburBerry|FlashFire|Protect,BitterBlade,ShadowSneak,BulkUp|Adamant||M|||50|]Gholdengo||SpellTag|GoodasGold|Protect,MakeItRain,ShadowBall,NastyPlot|Modest|||||50|
|showteam|p2|Zoroark-Hisui||FocusSash|Illusion|BitterMalice,IcyWind,Taunt,Protect|Timid||M|||50|]Charizard||CharizarditeY|Blaze|HeatWave,WeatherBall,SolarBeam,Protect|Modest||F|||50|]Whimsicott||MentalHerb|Prankster|Moonblast,Tailwind,FakeTears,Encore|Timid||F|||50|]Gholdengo||MetalCoat|GoodasGold|MakeItRain,ShadowBall,NastyPlot,Protect|Modest|||||50|]Incineroar||SitrusBerry|Intimidate|FakeOut,FlareBlitz,DarkestLariat,PartingShot|Adamant||M|||50|]Dragonite||DragonFang|Multiscale|ScaleShot,ExtremeSpeed,LowKick,Protect|Adamant||M|||50|
|inactive|Battle timer is ON: inactive players will automatically lose when time's up. (requested by Jakobtc)
|inactive|dragonite0618 has 60 seconds left.
|inactive|Jakobtc has 60 seconds left.
|
|t:|1784519834
|teamsize|p1|4
|teamsize|p2|4
|start
|switch|p1a: Garchomp|Garchomp, L50, F, shiny|100/100
|switch|p1b: Staraptor|Staraptor, L50, M, shiny|100/100
|switch|p2a: Charizard|Charizard, L50, F|100/100
|switch|p2b: Whimsicott|Whimsicott, L50, F|100/100
|-ability|p1b: Staraptor|Intimidate|boost
|-unboost|p2a: Charizard|atk|1
|-unboost|p2b: Whimsicott|atk|1
|turn|1
|
|t:|1784519854
|switch|p2a: Incineroar|Incineroar, L50, M|100/100
|-ability|p2a: Incineroar|Intimidate|boost
|-unboost|p1a: Garchomp|atk|1
|-unboost|p1b: Staraptor|atk|1
|detailschange|p1b: Staraptor|Staraptor-Mega, L50, M, shiny
|-mega|p1b: Staraptor|Staraptor|Staraptite
|move|p1a: Garchomp|Rock Slide|p2a: Incineroar|[spread] p2a,p2b
|-supereffective|p2a: Incineroar|1
|-damage|p2a: Incineroar|69/100
|-damage|p2b: Whimsicott|84/100
|-damage|p1a: Garchomp|90/100|[from] item: Life Orb
|move|p2b: Whimsicott|Moonblast|p1b: Staraptor
|-supereffective|p1b: Staraptor|1
|-damage|p1b: Staraptor|45/100
|move|p1b: Staraptor|Close Combat|p2b: Whimsicott
|-resisted|p2b: Whimsicott|1
|-damage|p2b: Whimsicott|66/100
|-boost|p1b: Staraptor|def|1
|-boost|p1b: Staraptor|spd|1
|
|upkeep
|turn|2
|inactive|dragonite0618 has 30 seconds left.
|inactive|dragonite0618 has 20 seconds left.
|
|t:|1784519892
|move|p2a: Incineroar|Fake Out|p1b: Staraptor
|-damage|p1b: Staraptor|37/100
|move|p2b: Whimsicott|Tailwind|p2b: Whimsicott
|-sidestart|p2: Jakobtc|move: Tailwind
|move|p1a: Garchomp|Earthquake|p2b: Whimsicott|[spread] p2a,p2b
|-immune|p1b: Staraptor
|-supereffective|p2a: Incineroar|1
|-resisted|p2b: Whimsicott|1
|-damage|p2a: Incineroar|9/100
|-damage|p2b: Whimsicott|50/100g
|-enditem|p2a: Incineroar|Sitrus Berry|[eat]
|-heal|p2a: Incineroar|34/100|[from] item: Sitrus Berry
|-damage|p1a: Garchomp|80/100|[from] item: Life Orb
|cant|p1b: Staraptor|flinch
|
|upkeep
|turn|3
|
|t:|1784519908
|move|p2b: Whimsicott|Moonblast|p1b: Staraptor
|-supereffective|p1b: Staraptor|1
|-damage|p1b: Staraptor|0 fnt
|faint|p1b: Staraptor
|move|p2a: Incineroar|Parting Shot|p1a: Garchomp
|-unboost|p1a: Garchomp|atk|1
|-unboost|p1a: Garchomp|spa|1
|
|t:|1784519914
|switch|p2a: Gholdengo|Gholdengo, L50|100/100|[from] Parting Shot
|move|p1a: Garchomp|Earthquake|p2b: Whimsicott|[spread] p2a,p2b
|-supereffective|p2a: Gholdengo|1
|-resisted|p2b: Whimsicott|1
|-damage|p2a: Gholdengo|41/100
|-damage|p2b: Whimsicott|37/100
|-damage|p1a: Garchomp|70/100|[from] item: Life Orb
|
|upkeep
|
|t:|1784519925
|switch|p1b: Whimsicott|Whimsicott, L50, F, shiny|100/100
|turn|4
|inactive|dragonite0618 has 30 seconds left.
|
|t:|1784519960
|switch|p1a: Kingambit|Kingambit, L50, F, shiny|100/100
|move|p2a: Gholdengo|Protect|p2a: Gholdengo
|-singleturn|p2a: Gholdengo|Protect
|move|p2b: Whimsicott|Moonblast|p1a: Kingambit
|-damage|p1a: Kingambit|72/100
|move|p1b: Whimsicott|Moonblast|p2b: Whimsicott
|-damage|p2b: Whimsicott|0 fnt
|faint|p2b: Whimsicott
|
|upkeep
|
|t:|1784519970
|switch|p2b: Charizard|Charizard, L50, F|100/100
|turn|5
|inactive|dragonite0618 has 30 seconds left.
|
|t:|1784520003
|detailschange|p2b: Charizard|Charizard-Mega-Y, L50, F
|-mega|p2b: Charizard|Charizard|Charizardite Y
|-weather|SunnyDay|[from] ability: Drought|[of] p2b: Charizard
|move|p1b: Whimsicott|Tailwind|p1b: Whimsicott
|-sidestart|p1: dragonite0618|move: Tailwind
|move|p1a: Kingambit|Sucker Punch|p2b: Charizard
|-damage|p2b: Charizard|45/100
|move|p2b: Charizard|Heat Wave|p1a: Kingambit|[spread] 
|-miss|p2b: Charizard|p1a: Kingambit
|-miss|p2b: Charizard|p1b: Whimsicott
|move|p2a: Gholdengo|Nasty Plot|p2a: Gholdengo
|-boost|p2a: Gholdengo|spa|2
|
|-weather|SunnyDay|[upkeep]
|-sideend|p2: Jakobtc|move: Tailwind
|upkeep
|turn|6
|c|☆dragonite0618|sorry
|inactive|dragonite0618 has 30 seconds left.
|inactive|Jakobtc has 30 seconds left.
|c|☆Jakobtc|ya it sucks but thats the game
|inactive|Jakobtc has 20 seconds left.
|inactive|Jakobtc has 15 seconds left.
|
|t:|1784520044
|move|p1a: Kingambit|Sucker Punch|p2b: Charizard
|-damage|p2b: Charizard|0 fnt
|faint|p2b: Charizard
|move|p1b: Whimsicott|Moonblast|p2a: Gholdengo
|-resisted|p2a: Gholdengo|1
|-damage|p2a: Gholdengo|19/100
|move|p2a: Gholdengo|Make It Rain|p1b: Whimsicott|[spread] p1a,p1b
|-resisted|p1a: Kingambit|1
|-supereffective|p1b: Whimsicott|1
|-damage|p1a: Kingambit|6/100
|-enditem|p1b: Whimsicott|Focus Sash
|-damage|p1b: Whimsicott|1/100
|-unboost|p2a: Gholdengo|spa|2
|
|-weather|SunnyDay|[upkeep]
|upkeep
|
|t:|1784520057
|switch|p2b: Incineroar|Incineroar, L50, M|34/100
|-ability|p2b: Incineroar|Intimidate|boost
|-unboost|p1a: Kingambit|atk|1
|-ability|p1a: Kingambit|Defiant|boost
|-boost|p1a: Kingambit|atk|2
|-unboost|p1b: Whimsicott|atk|1
|turn|7
|inactive|Jakobtc has 30 seconds left.
|
|t:|1784520084
|move|p2b: Incineroar|Fake Out|p1a: Kingambit
|-resisted|p1a: Kingambit|1
|-damage|p1a: Kingambit|2/100
|cant|p1a: Kingambit|flinch
|move|p1b: Whimsicott|Moonblast|p2a: Gholdengo
|-resisted|p2a: Gholdengo|1
|-damage|p2a: Gholdengo|0 fnt
|faint|p2a: Gholdengo
|
|-weather|SunnyDay|[upkeep]
|upkeep
|turn|8
|
|t:|1784520099
|move|p1b: Whimsicott|Moonblast|p2b: Incineroar
|-crit|p2b: Incineroar
|-damage|p2b: Incineroar|0 fnt
|faint|p2b: Incineroar
|
|win|dragonite0618
|raw|dragonite0618's rating: 1170 → 1193(+23 for winning)
|raw|Jakobtc's rating: 1149 → 1126(-23 for losing)
|c|☆dragonite0618|gg
|c|☆Jakobtc|gg iguess
