|j|☆M00ncell
|j|☆Theo The Mighty
|html|M00ncellTheo The Mighty    
|uhtml|bestof|Game 1 of a best-of-3
|t:|1783354142
|gametype|doubles
|player|p1|M00ncell|plasmagrunt|
|player|p2|Theo The Mighty|acetrainer-gen4|
|gen|9
|tier|[Gen 9 Champions] VGC 2026 Reg M-B (Bo3)
|rule|Species Clause: Limit one of each Pokémon
|rule|Item Clause: Limit 1 of each item
|clearpoke
|poke|p1|Staraptor, L50, F|
|poke|p1|Whimsicott, L50, M|
|poke|p1|Garchomp, L50, M|
|poke|p1|Basculegion, L50, M|
|poke|p1|Incineroar, L50, F|
|poke|p1|Charizard, L50, M|
|poke|p2|Decidueye-Hisui, L50, F|
|poke|p2|Dragonite, L50, M|
|poke|p2|Zoroark-Hisui, L50, F|
|poke|p2|Excadrill, L50, F|
|poke|p2|Lycanroc-Dusk, L50, F|
|poke|p2|Incineroar, L50, F|
|teampreview|4
|showteam|p1|Staraptor||Staraptite|Intimidate|CloseCombat,BraveBird,Protect,Roost|Jolly||F|||50|]Whimsicott||FocusSash|Prankster|Moonblast,Tailwind,Encore,Protect|Timid||M|||50|]Garchomp||LifeOrb|RoughSkin|DragonClaw,Protect,Earthquake,RockSlide|Jolly||M|||50|]Basculegion||ChoiceScarf|Adaptability|LastRespects,AquaJet,WaveCrash,FlipTurn|Adamant||M|||50|]Incineroar||SitrusBerry|Intimidate|FakeOut,PartingShot,FlareBlitz,ThroatChop|Careful||F|||50|]Charizard||CharizarditeY|Blaze|Protect,HeatWave,SolarBeam,WeatherBall|Modest||M|||50|
|showteam|p2|Decidueye-Hisui||FocusSash|Scrappy|TripleArrows,LeafBlade,Tailwind,Protect|Adamant||F|||50|]Dragonite||Dragoninite|Multiscale|AirCutter,Thunderbolt,IceBeam,Protect|Timid||M|||50|]Zoroark-Hisui||LifeOrb|Illusion|ShadowBall,IcyWind,Taunt,Protect|Timid||F|||50|]Excadrill||Excadrite|MoldBreaker|IronHead,HighHorsepower,RockSlide,Protect|Adamant||F|||50|]Lycanroc-Dusk||MuscleBand|ToughClaws|Accelerock,SuckerPunch,PsychicFangs,Protect|Jolly||F|||50|]Incineroar||SitrusBerry|Intimidate|DarkestLariat,FakeOut,FlareBlitz,PartingShot|Adamant||F|||50|
|c|☆Theo The Mighty|Glhf
|c|☆M00ncell|gl hf
|
|t:|1783354269
|teamsize|p1|4
|teamsize|p2|4
|start
|switch|p1a: Incineroar|Incineroar, L50, F|100/100
|switch|p1b: Garchomp|Garchomp, L50, M|100/100
|switch|p2a: Decidueye|Decidueye-Hisui, L50, F|100/100
|switch|p2b: Lycanroc|Lycanroc-Dusk, L50, F|100/100
|-ability|p1a: Incineroar|Intimidate|boost
|-fail|p2a: Decidueye|unboost|Attack|[from] ability: Scrappy|[of] p2a: Decidueye
|-unboost|p2b: Lycanroc|atk|1
|turn|1
|
|t:|1783354323
|move|p2a: Decidueye|Protect|p2a: Decidueye
|-singleturn|p2a: Decidueye|Protect
|move|p1a: Incineroar|Fake Out|p2a: Decidueye
|-activate|p2a: Decidueye|move: Protect
|move|p2b: Lycanroc|Icy Wind|p1a: Incineroar|[spread] p1a,p1b
|-resisted|p1a: Incineroar|1
|-supereffective|p1b: Garchomp|2
|-damage|p1a: Incineroar|93/100
|-damage|p1b: Garchomp|14/100
|-unboost|p1a: Incineroar|spe|1
|-unboost|p1b: Garchomp|spe|1
|-damage|p2b: Lycanroc|90/100|[from] item: Life Orb
|move|p1b: Garchomp|Dragon Claw|p2a: Decidueye
|-activate|p2a: Decidueye|move: Protect
|
|upkeep
|turn|2
|
|t:|1783354348
|move|p2b: Lycanroc|Icy Wind|p1b: Garchomp|[spread] p1a,p1b
|-resisted|p1a: Incineroar|1
|-supereffective|p1b: Garchomp|2
|-damage|p1a: Incineroar|87/100
|-damage|p1b: Garchomp|0 fnt
|-unboost|p1a: Incineroar|spe|1
|faint|p1b: Garchomp
|-damage|p2b: Lycanroc|80/100|[from] item: Life Orb
|move|p2a: Decidueye|Triple Arrows|p1a: Incineroar
|-supereffective|p1a: Incineroar|1
|-damage|p1a: Incineroar|0 fnt
|faint|p1a: Incineroar
|
|upkeep
|
|t:|1783354358
|switch|p1b: Basculegion|Basculegion, L50, M|100/100
|switch|p1a: Staraptor|Staraptor, L50, F|100/100
|-ability|p1a: Staraptor|Intimidate|boost
|-fail|p2a: Decidueye|unboost|Attack|[from] ability: Scrappy|[of] p2a: Decidueye
|-unboost|p2b: Lycanroc|atk|1
|turn|3
|
|t:|1783354391
|detailschange|p1a: Staraptor|Staraptor-Mega, L50, F
|-mega|p1a: Staraptor|Staraptor|Staraptite
|move|p1b: Basculegion|Last Respects|p2b: Lycanroc
|-immune|p2b: Lycanroc
|move|p1a: Staraptor|Close Combat|p2a: Decidueye
|-damage|p2a: Decidueye|7/100
|-boost|p1a: Staraptor|def|1
|-boost|p1a: Staraptor|spd|1
|move|p2b: Lycanroc|Shadow Ball|p1b: Basculegion
|-supereffective|p1b: Basculegion|1
|-damage|p1b: Basculegion|0 fnt
|faint|p1b: Basculegion
|-damage|p2b: Lycanroc|70/100|[from] item: Life Orb
|move|p2a: Decidueye|Tailwind|p2a: Decidueye
|-sidestart|p2: Theo The Mighty|move: Tailwind
|
|upkeep
|turn|4
|
|t:|1783354414
|move|p2b: Lycanroc|Shadow Ball|p1a: Staraptor
|-damage|p1a: Staraptor|59/100
|-damage|p2b: Lycanroc|60/100|[from] item: Life Orb
|move|p2a: Decidueye|Triple Arrows|p1a: Staraptor
|-resisted|p1a: Staraptor|1
|-damage|p1a: Staraptor|43/100
|move|p1a: Staraptor|Close Combat|p2a: Decidueye
|-damage|p2a: Decidueye|0 fnt
|-boost|p1a: Staraptor|def|1
|-boost|p1a: Staraptor|spd|1
|faint|p2a: Decidueye
|
|upkeep
|
|t:|1783354429
|switch|p2a: Dragonite|Dragonite, L50, M|100/100
|turn|5
|
|t:|1783354436
|detailschange|p2a: Dragonite|Dragonite-Mega, L50, M
|-mega|p2a: Dragonite|Dragonite|Dragoninite
|move|p2b: Lycanroc|Shadow Ball|p1a: Staraptor
|-damage|p1a: Staraptor|11/100
|-damage|p2b: Lycanroc|50/100g|[from] item: Life Orb
|move|p2a: Dragonite|Thunderbolt|p1a: Staraptor
|-supereffective|p1a: Staraptor|1
|-damage|p1a: Staraptor|0 fnt
|faint|p1a: Staraptor
|
|win|Theo The Mighty
|inactive|M00ncell has 30 seconds to confirm battle start!
|inactive|Theo The Mighty has 30 seconds to confirm battle start!
||M00ncell is ready for game 2.
|inactive|Theo The Mighty has 20 seconds to confirm battle start!
|inactive|Theo The Mighty has 10 seconds to confirm battle start!
|uhtml|next|Next: Game 2 of 3
