|j|☆zweeta
|j|☆Vuultur
|html|zweetaVuultur    
|uhtml|bestof|Game 2 of a best-of-3
|t:|1756642518
|gametype|doubles
|player|p1|zweeta|pokekid|1098
|player|p2|Vuultur|hilbert-wonderlauncher|1209
|gen|9
|tier|[Gen 9] VGC 2025 Reg H (Bo3)
|rated|
|rule|Species Clause: Limit one of each Pokémon
|rule|Item Clause: Limit 1 of each item
|clearpoke
|poke|p1|Gholdengo, L50|
|poke|p1|Ursaluna, L50, M|
|poke|p1|Sinistcha, L50|
|poke|p1|Sneasler, L50, F|
|poke|p1|Dragonite, L50, M|
|poke|p1|Incineroar, L50, M|
|poke|p2|Pelipper, L50, F|
|poke|p2|Archaludon, L50, M|
|poke|p2|Annihilape, L50, M|
|poke|p2|Maushold, L50|
|poke|p2|Rillaboom, L50, F|
|poke|p2|Basculegion, L50, M|
|teampreview|4
|showteam|p1|Gholdengo||LifeOrb|GoodasGold|MakeItRain,ShadowBall,NastyPlot,Protect||||||50|,,,,,Water]Ursaluna||FlameOrb|Guts|Facade,HeadlongRush,Earthquake,Protect|||M|||50|,,,,,Ghost]Sinistcha||SitrusBerry|Hospitality|MatchaGotcha,LifeDew,RagePowder,TrickRoom||||||50|,,,,,Dark]Sneasler||FocusSash|PoisonTouch|DireClaw,CloseCombat,Coaching,Protect|||F|||50|,,,,,Flying]Dragonite||LoadedDice|Multiscale|ScaleShot,Haze,Tailwind,Protect|||M|||50|,,,,,Fairy]Incineroar||SafetyGoggles|Intimidate|FakeOut,FlareBlitz,KnockOff,PartingShot|||M|||50|,,,,,Ghost
|showteam|p2|Pelipper||FocusSash|Drizzle|WeatherBall,Hurricane,Protect,Tailwind|||F|||50|,,,,,Ghost]Archaludon||AssaultVest|Stamina|ElectroShot,DracoMeteor,FlashCannon,BodyPress|||M|||50|,,,,,Grass]Annihilape||SafetyGoggles|Defiant|RageFist,DrainPunch,BulkUp,Protect|||M|||50|,,,,,Fire]Maushold||SitrusBerry|FriendGuard|BeatUp,FollowMe,Taunt,Protect||||||50|,,,,,Ghost]Rillaboom||MiracleSeed|GrassySurge|FakeOut,GrassyGlide,WoodHammer,Uturn|||F|||50|,,,,,Fire]Basculegion||ChoiceBand|SwiftSwim|WaveCrash,AquaJet,LastRespects,FlipTurn|||M|||50|,,,,,Water
|inactive|Battle timer is ON: inactive players will automatically lose when time's up. (requested by zweeta)
|inactive|zweeta has 60 seconds left.
|inactive|Vuultur has 60 seconds left.
|inactive|Vuultur has 30 seconds left.
|
|t:|1756642579
|teamsize|p1|4
|teamsize|p2|4
|start
|switch|p1a: Dragonite|Dragonite, L50, M, shiny|100/100
|switch|p1b: Sneasler|Sneasler, L50, F, shiny|100/100
|switch|p2a: Maushold|Maushold, L50|100/100
|switch|p2b: Annihilape|Annihilape, L50, M|100/100
|turn|1
|
|t:|1756642600
|-terastallize|p2a: Maushold|Ghost
|move|p1b: Sneasler|Coaching|p1a: Dragonite
|-boost|p1a: Dragonite|atk|1
|-boost|p1a: Dragonite|def|1
|move|p1a: Dragonite|Scale Shot|p2b: Annihilape
|-damage|p2b: Annihilape|83/100
|-damage|p2b: Annihilape|66/100
|-damage|p2b: Annihilape|47/100
|-damage|p2b: Annihilape|30/100
|-hitcount|p2b: Annihilape|4
|-unboost|p1a: Dragonite|def|1
|-boost|p1a: Dragonite|spe|1
|move|p2a: Maushold|Beat Up|p2b: Annihilape
|-damage|p2b: Annihilape|28/100
|-damage|p2b: Annihilape|26/100
|-damage|p2b: Annihilape|24/100
|-damage|p2b: Annihilape|22/100
|-hitcount|p2b: Annihilape|4
|move|p2b: Annihilape|Rage Fist|p1a: Dragonite
|-damage|p1a: Dragonite|18/100
|
|upkeep
|turn|2
|inactive|zweeta has 30 seconds left.
|inactive|Vuultur has 30 seconds left.
|
|t:|1756642627
|move|p1a: Dragonite|Protect|p1a: Dragonite
|-singleturn|p1a: Dragonite|Protect
|move|p2a: Maushold|Follow Me|p2a: Maushold
|-singleturn|p2a: Maushold|move: Follow Me
|move|p1b: Sneasler|Dire Claw|p2a: Maushold
|-resisted|p2a: Maushold
|-damage|p2a: Maushold|81/100
|-status|p2a: Maushold|par
|move|p2b: Annihilape|Rage Fist|p1b: Sneasler
|-enditem|p1b: Sneasler|Focus Sash
|-damage|p1b: Sneasler|1/100
|
|upkeep
|turn|3
|
|t:|1756642652
|cant|p2a: Maushold|par
|move|p1a: Dragonite|Tailwind|p1a: Dragonite
|-sidestart|p1: zweeta|move: Tailwind
|move|p1b: Sneasler|Dire Claw|p2b: Annihilape
|-resisted|p2b: Annihilape
|-damage|p2b: Annihilape|4/100
|-status|p2b: Annihilape|par
|cant|p2b: Annihilape|par
|
|upkeep
|turn|4
|
|t:|1756642668
|cant|p2a: Maushold|par
|move|p1a: Dragonite|Scale Shot|p2a: Maushold
|-damage|p2a: Maushold|58/100 par
|-damage|p2a: Maushold|36/100 par
|-enditem|p2a: Maushold|Sitrus Berry|[eat]
|-heal|p2a: Maushold|61/100 par|[from] item: Sitrus Berry
|-damage|p2a: Maushold|39/100 par
|-damage|p2a: Maushold|19/100 par
|-damage|p2a: Maushold|0 fnt
|faint|p2a: Maushold
|-hitcount|p2: Maushold|5
|-unboost|p1a: Dragonite|def|1
|-boost|p1a: Dragonite|spe|1
|move|p1b: Sneasler|Dire Claw|p2b: Annihilape
|-resisted|p2b: Annihilape
|-damage|p2b: Annihilape|0 fnt
|faint|p2b: Annihilape
|
|upkeep
|
|t:|1756642683
|switch|p2a: Pelipper|Pelipper, L50, F|100/100
|switch|p2b: Archaludon|Archaludon, L50, M, shiny|100/100
|-weather|RainDance|[from] ability: Drizzle|[of] p2a: Pelipper
|turn|5
|
|t:|1756642707
|move|p2a: Pelipper|Protect|p2a: Pelipper
|-singleturn|p2a: Pelipper|Protect
|move|p1a: Dragonite|Scale Shot|p2a: Pelipper
|-activate|p2a: Pelipper|move: Protect
|move|p1b: Sneasler|Close Combat|p2b: Archaludon
|-supereffective|p2b: Archaludon
|-damage|p2b: Archaludon|20/100
|-unboost|p1b: Sneasler|def|1
|-unboost|p1b: Sneasler|spd|1
|-ability|p2b: Archaludon|Stamina|boost
|-boost|p2b: Archaludon|def|1
|move|p2b: Archaludon|Electro Shot||[still]
|-prepare|p2b: Archaludon|Electro Shot
|-boost|p2b: Archaludon|spa|1
|-anim|p2b: Archaludon|Electro Shot|p1b: Sneasler
|-damage|p1b: Sneasler|0 fnt
|faint|p1b: Sneasler
|
|-weather|RainDance|[upkeep]
|upkeep
|
|t:|1756642715
|switch|p1b: Gholdengo|Gholdengo, L50, shiny|100/100
|turn|6
|
|t:|1756642724
|move|p1a: Dragonite|Scale Shot|p2a: Pelipper
|-damage|p2a: Pelipper|72/100
|-damage|p2a: Pelipper|44/100
|-damage|p2a: Pelipper|18/100
|-damage|p2a: Pelipper|0 fnt
|faint|p2a: Pelipper
|-hitcount|p2: Pelipper|4
|-unboost|p1a: Dragonite|def|1
|-boost|p1a: Dragonite|spe|1
|move|p1b: Gholdengo|Make It Rain|p2b: Archaludon
|-resisted|p2b: Archaludon
|-damage|p2b: Archaludon|0 fnt
|-unboost|p1b: Gholdengo|spa|1
|faint|p2b: Archaludon
|-damage|p1b: Gholdengo|91/100|[from] item: Life Orb
|
|win|zweeta
||Vuultur is ready for game 3.
|inactive|zweeta has 30 seconds to confirm battle start!
||zweeta is ready for game 3.
|uhtml|next|Next: Game 3 of 3
|l|☆Vuultur
|player|p2|
