|j|☆the jake jupiter
|j|☆sorecruiser
|html|the jake jupitersorecruiser    
|uhtml|bestof|Game 1 of a best-of-3
|t:|1756527442
|gametype|doubles
|player|p1|the jake jupiter|shadowtriad|1000
|player|p2|sorecruiser|furisodegirl-black|1000
|gen|9
|tier|[Gen 9] VGC 2025 Reg H (Bo3)
|rated|
|rule|Species Clause: Limit one of each Pokémon
|rule|Item Clause: Limit 1 of each item
|clearpoke
|poke|p1|Torterra, L50, F|
|poke|p1|Metagross, L50|
|poke|p1|Alcremie, L50, F|
|poke|p1|Arcanine-Hisui, L50, F|
|poke|p1|Sableye, L50, F|
|poke|p1|Milotic, L50, M|
|poke|p2|Clefable, L50, M|
|poke|p2|Garchomp, L50, M|
|poke|p2|Whimsicott, L50, M|
|poke|p2|Hydreigon, L50, M|
|poke|p2|Annihilape, L50, F|
|poke|p2|Gholdengo, L50|
|teampreview|4
|showteam|p1|Torterra||WhiteHerb|Overgrow|HeadlongRush,GigaDrain,RockSlide,ShellSmash|||F|||50|,,,,,Water]Metagross||WeaknessPolicy|ClearBody|MeteorMash,PsychicFangs,KnockOff,BulletPunch||||||50|,,,,,Steel]Alcremie||Leftovers|AromaVeil|Decorate,HelpingHand,AlluringVoice,Protect|||F|||50|,,,,,Steel]Arcanine-Hisui||CovertCloak|RockHead|HeadSmash,FlareBlitz,ExtremeSpeed,WillOWisp|||F|||50|,,,,,Normal]Sableye||HeavyDutyBoots|Prankster|KnockOff,Encore,Taunt,WillOWisp|||F|||50|,,,,,Poison]Milotic||SitrusBerry|Competitive|Scald,DragonTail,Recover,IcyWind|||M|||50|,,,,,Fairy
|showteam|p2|Clefable||SitrusBerry|Unaware|FollowMe,Moonblast,MistyTerrain,Protect|||M|||50|,,,,,Water]Garchomp||LifeOrb|RoughSkin|StompingTantrum,DragonClaw,Earthquake,Protect|||M|||50|,,,,,Ground]Whimsicott||FocusSash|Prankster|Moonblast,Encore,Tailwind,SunnyDay|||M|||50|,,,,,Ghost]Hydreigon||ChoiceSpecs|Levitate|DarkPulse,DracoMeteor,Snarl,HeatWave|||M|||50|,,,,,Fire]Annihilape||Leftovers|Defiant|RageFist,DrainPunch,BulkUp,Protect|||F|||50|,,,,,Water]Gholdengo||IronPlate|GoodasGold|MakeItRain,ShadowBall,NastyPlot,Protect||||||50|,,,,,Steel
|inactive|Battle timer is ON: inactive players will automatically lose when time's up. (requested by the jake jupiter)
|inactive|sorecruiser has 60 seconds left.
|inactive|sorecruiser has 30 seconds left.
|
|t:|1756527593
|teamsize|p1|4
|teamsize|p2|4
|start
|switch|p1a: Metagross|Metagross, L50|100/100
|switch|p1b: Alcremie|Alcremie, L50, F|100/100
|switch|p2a: Whimsicott|Whimsicott, L50, M|100/100
|switch|p2b: Gholdengo|Gholdengo, L50|100/100
|turn|1
|inactive|sorecruiser has 30 seconds left.
|inactive|sorecruiser has 20 seconds left.
|inactive|sorecruiser has 15 seconds left.
|inactive|sorecruiser has 10 seconds left.
|inactiveoff|Battle timer is now OFF.
|
|t:|1756527642
|move|p1b: Alcremie|Helping Hand|p1a: Metagross
|-singleturn|p1a: Metagross|Helping Hand|[of] p1b: Alcremie
|move|p2a: Whimsicott|Sunny Day|p2a: Whimsicott
|-weather|SunnyDay
|move|p2b: Gholdengo|Nasty Plot|p2b: Gholdengo
|-boost|p2b: Gholdengo|spa|2
|move|p1a: Metagross|Knock Off|p2b: Gholdengo
|-supereffective|p2b: Gholdengo
|-damage|p2b: Gholdengo|0 fnt
|-enditem|p2b: Gholdengo|Iron Plate|[from] move: Knock Off|[of] p1a: Metagross
|faint|p2b: Gholdengo
|
|-weather|SunnyDay|[upkeep]
|upkeep
|
|t:|1756527651
|switch|p2b: Hydreigon|Hydreigon, L50, M|100/100
|turn|2
|inactive|Battle timer is ON: inactive players will automatically lose when time's up. (requested by sorecruiser)
|
|t:|1756527698
|-terastallize|p2b: Hydreigon|Fire
|move|p2a: Whimsicott|Encore|p1a: Metagross
|-block|p1a: Metagross|ability: Aroma Veil|[of] p1b: Alcremie
|move|p2b: Hydreigon|Heat Wave|p1b: Alcremie|[spread] p1a,p1b
|-supereffective|p1a: Metagross
|-damage|p1a: Metagross|0 fnt
|-damage|p1b: Alcremie|48/100
|faint|p1a: Metagross
|move|p1b: Alcremie|Decorate|p1: Metagross|[notarget]
|-fail|p1b: Alcremie
|
|-weather|SunnyDay|[upkeep]
|-heal|p1b: Alcremie|54/100|[from] item: Leftovers
|upkeep
|
|t:|1756527707
|switch|p1a: Arcanine|Arcanine-Hisui, L50, F|100/100
|turn|3
|
|t:|1756527728
|switch|p2b: Garchomp|Garchomp, L50, M|100/100
|move|p2a: Whimsicott|Moonblast|p1b: Alcremie
|-damage|p1b: Alcremie|29/100
|move|p1a: Arcanine|Head Smash|p2b: Garchomp
|-resisted|p2b: Garchomp
|-damage|p2b: Garchomp|67/100
|-damage|p1a: Arcanine|88/100|[from] ability: Rough Skin|[of] p2b: Garchomp
|move|p1b: Alcremie|Decorate|p1a: Arcanine
|-boost|p1a: Arcanine|atk|2
|-boost|p1a: Arcanine|spa|2
|
|-weather|SunnyDay|[upkeep]
|-heal|p1b: Alcremie|35/100|[from] item: Leftovers
|upkeep
|turn|4
|inactive|the jake jupiter has 30 seconds left.
|inactive|sorecruiser has 30 seconds left.
|inactive|sorecruiser has 20 seconds left.
|inactive|sorecruiser has 15 seconds left.
|inactive|sorecruiser has 10 seconds left.
|inactive|sorecruiser has 5 seconds left.
|
|t:|1756527783
|-terastallize|p1a: Arcanine|Normal
|move|p2a: Whimsicott|Moonblast|p1b: Alcremie
|-damage|p1b: Alcremie|9/100
|move|p2b: Garchomp|Stomping Tantrum|p1b: Alcremie
|-damage|p1b: Alcremie|0 fnt
|faint|p1b: Alcremie
|-damage|p2b: Garchomp|57/100|[from] item: Life Orb
|move|p1a: Arcanine|Flare Blitz|p2a: Whimsicott
|-supereffective|p2a: Whimsicott
|-enditem|p2a: Whimsicott|Focus Sash
|-damage|p2a: Whimsicott|1/100
|
|-weather|SunnyDay|[upkeep]
|upkeep
|
|t:|1756527796
|switch|p1b: Torterra|Torterra, L50, F|100/100
|turn|5
|
|t:|1756527820
|move|p1a: Arcanine|Extreme Speed|p2a: Whimsicott
|-damage|p2a: Whimsicott|0 fnt
|faint|p2a: Whimsicott
|move|p2b: Garchomp|Earthquake|p1b: Torterra|[spread] p1a,p1b
|-resisted|p1b: Torterra
|-damage|p1a: Arcanine|25/100
|-damage|p1b: Torterra|75/100
|-damage|p2b: Garchomp|47/100|[from] item: Life Orb
|move|p1b: Torterra|Shell Smash|p1b: Torterra
|-unboost|p1b: Torterra|def|1
|-unboost|p1b: Torterra|spd|1
|-boost|p1b: Torterra|atk|2
|-boost|p1b: Torterra|spa|2
|-boost|p1b: Torterra|spe|2
|-enditem|p1b: Torterra|White Herb
|-clearnegativeboost|p1b: Torterra|[silent]
|
|-weather|none
|upkeep
|
|t:|1756527830
|switch|p2a: Hydreigon|Hydreigon, L50, M, tera:Fire|100/100
|turn|6
|
|t:|1756527847
|move|p1b: Torterra|Headlong Rush|p2b: Garchomp
|-damage|p2b: Garchomp|0 fnt
|-unboost|p1b: Torterra|def|1
|-unboost|p1b: Torterra|spd|1
|-damage|p1b: Torterra|63/100|[from] ability: Rough Skin|[of] p2b: Garchomp
|faint|p2b: Garchomp
|move|p2a: Hydreigon|Heat Wave|p1b: Torterra|[spread] p1a,p1b
|-supereffective|p1b: Torterra
|-damage|p1a: Arcanine|0 fnt
|-damage|p1b: Torterra|0 fnt
|faint|p1a: Arcanine
|faint|p1b: Torterra
|
|win|sorecruiser
