|j|☆JDizzle98
|j|☆Sedrav
|html|JDizzle98Sedrav    
|uhtml|bestof|Game 1 of a best-of-3
|t:|1756954062
|gametype|doubles
|player|p1|JDizzle98|colress|1189
|player|p2|Sedrav|265|1156
|gen|9
|tier|[Gen 9] VGC 2025 Reg H (Bo3)
|rated|
|rule|Species Clause: Limit one of each Pokémon
|rule|Item Clause: Limit 1 of each item
|clearpoke
|poke|p1|Dragapult, L50, M|
|poke|p1|Blaziken, L50, M|
|poke|p1|Meowscarada, L50, M|
|poke|p1|Metagross, L50|
|poke|p1|Primarina, L50, M|
|poke|p1|Porygon2, L50|
|poke|p2|Garchomp, L50, F|
|poke|p2|Talonflame, L50, M|
|poke|p2|Gholdengo, L50|
|poke|p2|Tyranitar, L50, M|
|poke|p2|Amoonguss, L50, F|
|poke|p2|Milotic, L50, M|
|teampreview|4
|showteam|p1|Dragapult||ChoiceBand|ClearBody|Outrage,DragonDarts,PhantomForce,Uturn|||M|||50|,,,,,Dragon]Blaziken||CovertCloak|SpeedBoost|Coaching,FirePledge,Detect,HelpingHand|||M|||50|,,,,,Flying]Meowscarada||FocusSash|Overgrow|FlowerTrick,GrassPledge,PollenPuff,KnockOff|||M|||50|,,,,,Ghost]Metagross||AssaultVest|ClearBody|HeavySlam,PsychicFangs,KnockOff,BulletPunch||||||50|,,,,,Fire]Primarina||SitrusBerry|Torrent|Haze,Moonblast,WaterPledge,Protect|||M|||50|,,,,,Poison]Porygon2||Eviolite|Download|IceBeam,TeraBlast,Recover,TrickRoom||||||50|,,,,,Ground
|showteam|p2|Garchomp||LifeOrb|RoughSkin|DragonClaw,StompingTantrum,Earthquake,Protect|||F|||50|,,,,,Fairy]Talonflame||CovertCloak|GaleWings|BraveBird,Tailwind,WillOWisp,Taunt|||M|||50|,,,,,Grass]Gholdengo||MetalCoat|GoodasGold|MakeItRain,ShadowBall,NastyPlot,Protect||||||50|,,,,,Flying]Tyranitar||AssaultVest|SandStream|RockSlide,KnockOff,LowKick,TeraBlast|||M|||50|,,,,,Flying]Amoonguss||SitrusBerry|Regenerator|Spore,RagePowder,PollenPuff,Protect|||F|||50|,,,,,Water]Milotic||SafetyGoggles|Competitive|Scald,IcyWind,Haze,Protect|||M|||50|,,,,,Dragon
|inactive|Battle timer is ON: inactive players will automatically lose when time's up. (requested by Sedrav)
|inactive|JDizzle98 has 60 seconds left.
|inactive|Sedrav has 60 seconds left.
|
|t:|1756954117
|teamsize|p1|4
|teamsize|p2|4
|start
|switch|p1a: Dragapult|Dragapult, L50, M, shiny|100/100
|switch|p1b: Porygon2|Porygon2, L50, shiny|100/100
|switch|p2a: Garchomp|Garchomp, L50, F|100/100
|switch|p2b: Talonflame|Talonflame, L50, M|100/100
|-ability|p1b: Porygon2|Download|boost
|-boost|p1b: Porygon2|spa|1
|turn|1
|inactive|JDizzle98 has 30 seconds left.
|inactive|Sedrav has 30 seconds left.
|inactive|JDizzle98 has 20 seconds left.
|inactive|Sedrav has 20 seconds left.
|inactive|JDizzle98 has 15 seconds left.
|inactive|Sedrav has 15 seconds left.
|
|t:|1756954162
|switch|p1a: Primarina|Primarina, L50, M, shiny|100/100
|-terastallize|p2a: Garchomp|Fairy
|move|p2b: Talonflame|Taunt|p1b: Porygon2
|-start|p1b: Porygon2|move: Taunt
|move|p2a: Garchomp|Earthquake|p1b: Porygon2|[spread] p1a,p1b
|-immune|p2b: Talonflame
|-damage|p1a: Primarina|35/100
|-damage|p1b: Porygon2|69/100
|-enditem|p1a: Primarina|Sitrus Berry|[eat]
|-heal|p1a: Primarina|59/100|[from] item: Sitrus Berry
|-damage|p2a: Garchomp|91/100|[from] item: Life Orb
|move|p1b: Porygon2|Ice Beam|p2a: Garchomp
|-damage|p2a: Garchomp|49/100
|
|upkeep
|turn|2
|inactive|JDizzle98 has 30 seconds left.
|inactive|Sedrav has 30 seconds left.
|inactive|JDizzle98 has 20 seconds left.
|inactive|Sedrav has 20 seconds left.
|inactive|Sedrav has 15 seconds left.
|
|t:|1756954205
|switch|p2a: Milotic|Milotic, L50, M|100/100
|move|p1a: Primarina|Protect|p1a: Primarina
|-singleturn|p1a: Primarina|Protect
|move|p2b: Talonflame|Brave Bird|p1a: Primarina
|-activate|p1a: Primarina|move: Protect
|move|p1b: Porygon2|Tera Blast|p2a: Milotic
|-damage|p2a: Milotic|61/100
|
|upkeep
|turn|3
|inactive|Sedrav has 30 seconds left.
|
|t:|1756954231
|switch|p1a: Dragapult|Dragapult, L50, M, shiny|100/100
|move|p2b: Talonflame|Brave Bird|p1a: Dragapult
|-damage|p1a: Dragapult|34/100
|-damage|p2b: Talonflame|77/100|[from] Recoil
|move|p2a: Milotic|Haze|p2a: Milotic
|-clearallboost
|move|p1b: Porygon2|Tera Blast|p2a: Milotic
|-damage|p2a: Milotic|36/100
|
|-end|p1b: Porygon2|move: Taunt
|upkeep
|turn|4
|inactive|JDizzle98 has 30 seconds left.
|inactive|Sedrav has 30 seconds left.
|inactive|JDizzle98 has 20 seconds left.
|inactive|Sedrav has 20 seconds left.
|inactive|Sedrav has 15 seconds left.
|inactive|Sedrav has 10 seconds left.
|
|t:|1756954277
|-terastallize|p1a: Dragapult|Dragon
|move|p1a: Dragapult|Dragon Darts|p2b: Talonflame
|-damage|p2b: Talonflame|8/100
|-anim|p1a: Dragapult|Dragon Darts|p2a: Milotic
|-damage|p2a: Milotic|0 fnt
|faint|p2a: Milotic
|move|p2b: Talonflame|Taunt|p1b: Porygon2
|-start|p1b: Porygon2|move: Taunt
|cant|p1b: Porygon2|move: Taunt|Trick Room
|
|upkeep
|
|t:|1756954288
|switch|p2a: Garchomp|Garchomp, L50, F, tera:Fairy|49/100
|turn|5
|
|t:|1756954312
|move|p2a: Garchomp|Protect|p2a: Garchomp
|-singleturn|p2a: Garchomp|Protect
|move|p1a: Dragapult|Dragon Darts|p2b: Talonflame
|-damage|p2b: Talonflame|0 fnt
|faint|p2b: Talonflame
|move|p1b: Porygon2|Tera Blast|p2a: Garchomp
|-activate|p2a: Garchomp|move: Protect
|
|upkeep
|
|t:|1756954320
|switch|p2b: Amoonguss|Amoonguss, L50, F|100/100
|turn|6
|inactive|Sedrav has 30 seconds left.
|
|t:|1756954349
|switch|p1a: Primarina|Primarina, L50, M, shiny|59/100
|move|p2a: Garchomp|Earthquake|p1a: Primarina|[spread] p2b,p1a,p1b
|-damage|p2b: Amoonguss|55/100
|-damage|p1a: Primarina|0 fnt
|-damage|p1b: Porygon2|40/100
|faint|p1a: Primarina
|-damage|p2a: Garchomp|40/100|[from] item: Life Orb
|move|p1b: Porygon2|Tera Blast|p2a: Garchomp
|-damage|p2a: Garchomp|5/100
|move|p2b: Amoonguss|Pollen Puff|p2a: Garchomp
|-heal|p2a: Garchomp|55/100
|
|-end|p1b: Porygon2|move: Taunt
|upkeep
|
|t:|1756954362
|switch|p1a: Dragapult|Dragapult, L50, M, shiny, tera:Dragon|34/100
|turn|7
|
|t:|1756954382
|move|p2b: Amoonguss|Protect|p2b: Amoonguss
|-singleturn|p2b: Amoonguss|Protect
|move|p1a: Dragapult|Dragon Darts|p2b: Amoonguss
|-immune|p2a: Garchomp
|move|p2a: Garchomp|Earthquake|p1b: Porygon2|[spread] p1a,p1b
|-activate|p2b: Amoonguss|move: Protect
|-damage|p1a: Dragapult|0 fnt
|-damage|p1b: Porygon2|5/100
|faint|p1a: Dragapult
|-damage|p2a: Garchomp|46/100|[from] item: Life Orb
|move|p1b: Porygon2|Tera Blast|p2a: Garchomp
|-damage|p2a: Garchomp|8/100
|
|upkeep
|
|t:|1756954396
|switch|p1a: Metagross|Metagross, L50, shiny|100/100
|turn|8
|
|t:|1756954414
|move|p2a: Garchomp|Earthquake|p1a: Metagross|[spread] p2b,p1a,p1b
|-supereffective|p1a: Metagross
|-crit|p1a: Metagross
|-damage|p2b: Amoonguss|5/100
|-damage|p1a: Metagross|0 fnt
|-damage|p1b: Porygon2|0 fnt
|-enditem|p2b: Amoonguss|Sitrus Berry|[eat]
|-heal|p2b: Amoonguss|30/100|[from] item: Sitrus Berry
|faint|p1a: Metagross
|faint|p1b: Porygon2
|-damage|p2a: Garchomp|0 fnt|[from] item: Life Orb
|faint|p2a: Garchomp
|
|win|Sedrav
||JDizzle98 is ready for game 2.
