|j|☆eternatusgaming
|j|☆Midnight Crimsonn
|html|eternatusgamingMidnight Crimsonn    
|uhtml|bestof|Game 1 of a best-of-3
|t:|1783087566
|gametype|doubles
|player|p1|eternatusgaming|iono|
|player|p2|Midnight Crimsonn|acetrainerf-gen4dp|
|gen|9
|tier|[Gen 9 Champions] VGC 2026 Reg M-B (Bo3)
|rule|Species Clause: Limit one of each Pokémon
|rule|Item Clause: Limit 1 of each item
|clearpoke
|poke|p1|Pyroar, L50, M|
|poke|p1|Mamoswine, L50, M|
|poke|p1|Whimsicott, L50, M|
|poke|p1|Torkoal, L50, M, shiny|
|poke|p1|Floette-Eternal, L50, F|
|poke|p1|Basculegion, L50, M|
|poke|p2|Metagross, L50, shiny|
|poke|p2|Charizard, L50, F|
|poke|p2|Incineroar, L50, M, shiny|
|poke|p2|Garchomp, L50, M, shiny|
|poke|p2|Hydreigon, L50, M|
|poke|p2|Toxapex, L50, F, shiny|
|teampreview|4
|showteam|p1|Pyroar||Pyroarite|Unnerve|HeatWave,Overheat,WillOWisp,Protect|Modest||M|||50|]Mamoswine||FocusSash|Oblivious|IcicleCrash,IceShard,HighHorsepower,Protect|Adamant||M|||50|]Whimsicott||FairyFeather|Prankster|Moonblast,SunnyDay,Tailwind,Protect|Timid||M|||50|]Torkoal||SitrusBerry|Drought|Overheat,Yawn,HelpingHand,Protect|Modest||M|||50|]Floette-Eternal||Floettite|FlowerVeil|Moonblast,DazzlingGleam,LightofRuin,Protect|Modest||F|||50|]Basculegion||LifeOrb|Adaptability|WaveCrash,AquaJet,LastRespects,Protect|Jolly||M|||50|
|showteam|p2|Metagross||Metagrossite|ClearBody|IronHead,PsychicFangs,BodyPress,Protect|Jolly|||||50|]Charizard||CharizarditeY|Blaze|HeatWave,WeatherBall,SolarBeam,Protect|Timid||F|||50|]Incineroar||SitrusBerry|Intimidate|FlareBlitz,ThroatChop,FakeOut,PartingShot|Impish||M|||50|]Garchomp||LifeOrb|RoughSkin|Earthquake,DragonClaw,RockSlide,Protect|Jolly||M|||50|]Hydreigon||ChoiceScarf|Levitate|DracoMeteor,DarkPulse,Snarl,HeatWave|Modest||M|||50|]Toxapex||Leftovers|Regenerator|Infestation,WideGuard,Toxic,BanefulBunker|Bold||F|||50|
|inactive|Battle timer is ON: inactive players will automatically lose when time's up. (requested by Midnight Crimsonn)
|c|☆Midnight Crimsonn|did you by chance use etern on this account lmao
|c|☆Midnight Crimsonn|(also it was you who took that name damm XD)
|inactive|eternatusgaming has 60 seconds left.
|inactive|Midnight Crimsonn has 60 seconds left.
|inactiveoff|Battle timer is now OFF.
|c|☆eternatusgaming|lol sorry! xD
|c|☆eternatusgaming|also I forgot to actually pick big 6
|c|☆Midnight Crimsonn|nah its fine
|c|☆Midnight Crimsonn|its good prep if im against this somehow
|c|☆eternatusgaming|I sure hope you won't be considering this is one of my concoctions
|
|t:|1783087670
|teamsize|p1|4
|teamsize|p2|4
|start
|switch|p1a: Mamoswine|Mamoswine, L50, M|100/100
|switch|p1b: Pyroar|Pyroar, L50, M|100/100
|switch|p2a: Incineroar|Incineroar, L50, M, shiny|100/100
|switch|p2b: Toxapex|Toxapex, L50, F, shiny|100/100
|-ability|p1b: Pyroar|Unnerve
|-ability|p2a: Incineroar|Intimidate|boost
|-fail|p1a: Mamoswine|unboost|Attack|[from] ability: Oblivious|[of] p1a: Mamoswine
|-unboost|p1b: Pyroar|atk|1
|turn|1
|
|t:|1783087710
|switch|p1a: Torkoal|Torkoal, L50, M, shiny|100/100
|-weather|SunnyDay|[from] ability: Drought|[of] p1a: Torkoal
|detailschange|p1b: Pyroar|Pyroar-Mega, L50, M
|-mega|p1b: Pyroar|Pyroar|Pyroarite
|move|p2a: Incineroar|Fake Out|p1a: Torkoal
|-damage|p1a: Torkoal|90/100
|move|p1b: Pyroar|Heat Wave|p2a: Incineroar|[spread] p2b
|-miss|p1b: Pyroar|p2a: Incineroar
|-resisted|p2b: Toxapex|1
|-damage|p2b: Toxapex|67/100
|move|p2b: Toxapex|Toxic|p1b: Pyroar
|-status|p1b: Pyroar|tox
|
|-weather|SunnyDay|[upkeep]
|-heal|p2b: Toxapex|73/100|[from] item: Leftovers
|-damage|p1b: Pyroar|93/100 tox|[from] psn
|upkeep
|turn|2
|
|t:|1783087761
|move|p1a: Torkoal|Helping Hand|p1b: Pyroar
|-singleturn|p1b: Pyroar|Helping Hand|[of] p1a: Torkoal
|move|p2b: Toxapex|Baneful Bunker|p2b: Toxapex
|-singleturn|p2b: Toxapex|move: Protect
|move|p1b: Pyroar|Overheat|p2b: Toxapex
|-activate|p2b: Toxapex|move: Protect
|move|p2a: Incineroar|Parting Shot|p1b: Pyroar
|-unboost|p1b: Pyroar|atk|1
|-unboost|p1b: Pyroar|spa|1
|
|t:|1783087773
|switch|p2a: Garchomp|Garchomp, L50, M, shiny|100/100|[from] Parting Shot
|
|-weather|SunnyDay|[upkeep]
|-heal|p2b: Toxapex|78/100|[from] item: Leftovers
|-damage|p1b: Pyroar|81/100 tox|[from] psn
|upkeep
|turn|3
|
|t:|1783087793
|move|p2b: Toxapex|Wide Guard|p2b: Toxapex
|-singleturn|p2b: Toxapex|Wide Guard
|move|p1b: Pyroar|Will-O-Wisp|p2a: Garchomp
|-status|p2a: Garchomp|brn
|move|p2a: Garchomp|Earthquake|p1b: Pyroar|[spread] p1a,p1b
|-activate|p2b: Toxapex|move: Wide Guard
|-supereffective|p1a: Torkoal|1
|-supereffective|p1b: Pyroar|1
|-damage|p1a: Torkoal|54/100
|-damage|p1b: Pyroar|22/100 tox
|-damage|p2a: Garchomp|90/100 brn|[from] item: Life Orb
|move|p1a: Torkoal|Overheat|p2b: Toxapex
|-resisted|p2b: Toxapex|1
|-damage|p2b: Toxapex|49/100
|-unboost|p1a: Torkoal|spa|2
|
|-weather|SunnyDay|[upkeep]
|-heal|p2b: Toxapex|55/100|[from] item: Leftovers
|-damage|p1b: Pyroar|4/100 tox|[from] psn
|-damage|p2a: Garchomp|84/100 brn|[from] brn
|upkeep
|turn|4
|
|t:|1783087810
|-heal|p2b: Toxapex|88/100|[from] ability: Regenerator|[silent]
|switch|p2b: Incineroar|Incineroar, L50, M, shiny|100/100
|-ability|p2b: Incineroar|Intimidate|boost
|-unboost|p1a: Torkoal|atk|1
|-unboost|p1b: Pyroar|atk|1
|move|p1a: Torkoal|Helping Hand|p1b: Pyroar
|-singleturn|p1b: Pyroar|Helping Hand|[of] p1a: Torkoal
|move|p1b: Pyroar|Heat Wave|p2b: Incineroar|[spread] p2a,p2b
|-resisted|p2a: Garchomp|1
|-resisted|p2b: Incineroar|1
|-crit|p2b: Incineroar
|-damage|p2a: Garchomp|38/100 brn
|-damage|p2b: Incineroar|14/100
|-enditem|p2b: Incineroar|Sitrus Berry|[eat]
|-heal|p2b: Incineroar|39/100|[from] item: Sitrus Berry
|move|p2a: Garchomp|Rock Slide|p1b: Pyroar|[spread] p1a,p1b
|-supereffective|p1a: Torkoal|1
|-supereffective|p1b: Pyroar|1
|-damage|p1a: Torkoal|35/100
|-damage|p1b: Pyroar|0 fnt
|-enditem|p1a: Torkoal|Sitrus Berry|[eat]
|-heal|p1a: Torkoal|59/100|[from] item: Sitrus Berry
|faint|p1b: Pyroar
|-damage|p2a: Garchomp|29/100 brn|[from] item: Life Orb
|
|-weather|SunnyDay|[upkeep]
|-damage|p2a: Garchomp|23/100 brn|[from] brn
|upkeep
|c|☆Midnight Crimsonn|oof
|
|t:|1783087832
|switch|p1b: Basculegion|Basculegion, L50, M|100/100
|turn|5
|
|t:|1783087845
|switch|p1a: Mamoswine|Mamoswine, L50, M|100/100
|move|p2a: Garchomp|Rock Slide|p1b: Basculegion|[spread] p1a,p1b
|-damage|p1a: Mamoswine|85/100
|-damage|p1b: Basculegion|84/100
|-damage|p2a: Garchomp|13/100 brn|[from] item: Life Orb
|move|p1b: Basculegion|Wave Crash|p2b: Incineroar
|-supereffective|p2b: Incineroar|1
|-crit|p2b: Incineroar
|-damage|p2b: Incineroar|0 fnt
|faint|p2b: Incineroar
|-damage|p1b: Basculegion|71/100|[from] Recoil
|-damage|p1b: Basculegion|61/100|[from] item: Life Orb
|
|-weather|none
|-damage|p2a: Garchomp|7/100 brn|[from] brn
|upkeep
|
|t:|1783087853
|switch|p2b: Charizard|Charizard, L50, F|100/100
|turn|6
|
|t:|1783087895
|detailschange|p2b: Charizard|Charizard-Mega-Y, L50, F
|-mega|p2b: Charizard|Charizard|Charizardite Y
|-weather|SunnyDay|[from] ability: Drought|[of] p2b: Charizard
|move|p2b: Charizard|Protect|p2b: Charizard
|-singleturn|p2b: Charizard|Protect
|move|p1b: Basculegion|Aqua Jet|p2b: Charizard
|-activate|p2b: Charizard|move: Protect
|move|p1a: Mamoswine|Ice Shard|p2b: Charizard
|-activate|p2b: Charizard|move: Protect
|move|p2a: Garchomp|Earthquake|p1a: Mamoswine|[spread] p1a,p1b
|-activate|p2b: Charizard|move: Protect
|-damage|p1a: Mamoswine|55/100
|-damage|p1b: Basculegion|28/100
|-damage|p2a: Garchomp|0 fnt|[from] item: Life Orb
|faint|p2a: Garchomp
|
|-weather|SunnyDay|[upkeep]
|upkeep
|
|t:|1783087922
|switch|p2a: Toxapex|Toxapex, L50, F, shiny|88/100
|turn|7
|
|t:|1783087939
|move|p1b: Basculegion|Protect|p1b: Basculegion
|-singleturn|p1b: Basculegion|Protect
|move|p1a: Mamoswine|Ice Shard|p2b: Charizard
|-damage|p2b: Charizard|77/100
|move|p2b: Charizard|Heat Wave|p1a: Mamoswine|[spread] p1a
|-activate|p1b: Basculegion|move: Protect
|-supereffective|p1a: Mamoswine|1
|-damage|p1a: Mamoswine|0 fnt
|faint|p1a: Mamoswine
|move|p2a: Toxapex|Infestation|p1b: Basculegion
|-activate|p1b: Basculegion|move: Protect
|
|-weather|SunnyDay|[upkeep]
|-heal|p2a: Toxapex|94/100|[from] item: Leftovers
|upkeep
|
|t:|1783087943
|switch|p1a: Torkoal|Torkoal, L50, M, shiny|59/100
|turn|8
|
|t:|1783087966
|move|p1a: Torkoal|Helping Hand|p1b: Basculegion
|-singleturn|p1b: Basculegion|Helping Hand|[of] p1a: Torkoal
|move|p1b: Basculegion|Aqua Jet|p2b: Charizard
|-supereffective|p2b: Charizard|1
|-damage|p2b: Charizard|28/100
|-damage|p1b: Basculegion|18/100|[from] item: Life Orb
|move|p2b: Charizard|Solar Beam||[still]
|-prepare|p2b: Charizard|Solar Beam
|-anim|p2b: Charizard|Solar Beam|p1b: Basculegion
|-supereffective|p1b: Basculegion|1
|-damage|p1b: Basculegion|0 fnt
|faint|p1b: Basculegion
|move|p2a: Toxapex|Infestation|p1a: Torkoal
|-resisted|p1a: Torkoal|1
|-damage|p1a: Torkoal|58/100
|-activate|p1a: Torkoal|move: Infestation|[of] p2a: Toxapex
|
|-weather|SunnyDay|[upkeep]
|-heal|p2a: Toxapex|100/100|[from] item: Leftovers
|-damage|p1a: Torkoal|45/100|[from] move: Infestation|[partiallytrapped]
|upkeep
|turn|9
|-message|eternatusgaming forfeited.
|
|win|Midnight Crimsonn
||eternatusgaming is ready for game 2.
||Midnight Crimsonn is ready for game 2.
|uhtml|next|Next: Game 2 of 3
|l|☆eternatusgaming
|player|p1|
