|j|☆Djuseppe
|j|☆HowisZacLee
|html|DjuseppeHowisZacLee    
|uhtml|bestof|Game 2 of a best-of-3
|t:|1756988754
|gametype|doubles
|player|p1|Djuseppe|morty|1099
|player|p2|HowisZacLee|170|1090
|gen|9
|tier|[Gen 9] VGC 2025 Reg H (Bo3)
|rated|
|rule|Species Clause: Limit one of each Pokémon
|rule|Item Clause: Limit 1 of each item
|clearpoke
|poke|p1|Gholdengo, L50|
|poke|p1|Ninetales-Alola, L50, M|
|poke|p1|Incineroar, L50, M|
|poke|p1|Rillaboom, L50, M|
|poke|p1|Ursaluna-Bloodmoon, L50, M|
|poke|p1|Talonflame, L50, M|
|poke|p2|Dragonite, L50, F|
|poke|p2|Gholdengo, L50|
|poke|p2|Sneasler, L50, M|
|poke|p2|Garchomp, L50, M|
|poke|p2|Ninetales-Alola, L50, F|
|poke|p2|Arcanine-Hisui, L50, F|
|teampreview|4
|showteam|p1|Gholdengo||GrassySeed|GoodasGold|MakeItRain,ShadowBall,NastyPlot,Protect||||||50|,,,,,Water]Ninetales-Alola||LightClay|SnowWarning|AuroraVeil,FreezeDry,IcyWind,Encore|||M|||50|,,,,,Fire]Incineroar||AssaultVest|Intimidate|FakeOut,Uturn,KnockOff,Snarl|||M|||50|,,,,,Bug]Rillaboom||MiracleSeed|GrassySurge|WoodHammer,GrassyGlide,Uturn,FakeOut|||M|||50|,,,,,Fire]Ursaluna-Bloodmoon||LifeOrb|MindsEye|BloodMoon,HyperVoice,EarthPower,Protect|||M|||50|,,,,,Normal]Talonflame||CovertCloak|GaleWings|DualWingbeat,FlareBlitz,Tailwind,WillOWisp|||M|||50|,,,,,Stellar
|showteam|p2|Dragonite||LoadedDice|Multiscale|ScaleShot,Tailwind,Haze,Protect|||F|||50|,,,,,Fairy]Gholdengo||LifeOrb|GoodasGold|MakeItRain,ShadowBall,NastyPlot,Protect||||||50|,,,,,Water]Sneasler||FocusSash|Unburden|CloseCombat,DireClaw,FakeOut,Coaching|||M|||50|,,,,,Stellar]Garchomp||ClearAmulet|RoughSkin|Earthquake,StompingTantrum,DragonClaw,Protect|||M|||50|,,,,,Steel]Ninetales-Alola||ChoiceSpecs|SnowWarning|Blizzard,IcyWind,Moonblast,FreezeDry|||F|||50|,,,,,Ghost]Arcanine-Hisui||MirrorHerb|Intimidate|RockSlide,FlareBlitz,ExtremeSpeed,Protect|||F|||50|,,,,,Ghost
|inactive|Battle timer is ON: inactive players will automatically lose when time's up. (requested by Djuseppe)
|c|☆HowisZacLee|nah i feel you, you earned that win g1 and that was hax
|inactive|HowisZacLee has 60 seconds left.
|c|☆HowisZacLee|like 99.9% of time you win that
|c|☆Djuseppe|don't worry, not your fault ;)
|inactive|HowisZacLee has 30 seconds left.
|
|t:|1756988815
|teamsize|p1|4
|teamsize|p2|4
|start
|switch|p1a: Incineroar|Incineroar, L50, M|100/100
|switch|p1b: Gholdengo|Gholdengo, L50|100/100
|switch|p2a: icetile|Ninetales-Alola, L50, F|100/100
|switch|p2b: Gholdeggo|Gholdengo, L50|100/100
|-weather|Snowscape|[from] ability: Snow Warning|[of] p2a: icetile
|-ability|p1a: Incineroar|Intimidate|boost
|-unboost|p2a: icetile|atk|1
|-unboost|p2b: Gholdeggo|atk|1
|turn|1
|inactive|Djuseppe has 30 seconds left.
|inactive|HowisZacLee has 30 seconds left.
|inactive|Djuseppe has 20 seconds left.
|inactive|Djuseppe has 15 seconds left.
|
|t:|1756988856
|-terastallize|p1b: Gholdengo|Water
|move|p1a: Incineroar|Fake Out|p2a: icetile
|-damage|p2a: icetile|91/100
|cant|p2a: icetile|flinch
|move|p2b: Gholdeggo|Nasty Plot|p2b: Gholdeggo
|-boost|p2b: Gholdeggo|spa|2
|move|p1b: Gholdengo|Nasty Plot|p1b: Gholdengo
|-boost|p1b: Gholdengo|spa|2
|
|-weather|Snowscape|[upkeep]
|upkeep
|turn|2
|
|t:|1756988871
|-terastallize|p2b: Gholdeggo|Water
|move|p1b: Gholdengo|Protect|p1b: Gholdengo
|-singleturn|p1b: Gholdengo|Protect
|move|p2a: icetile|Freeze-Dry|p1b: Gholdengo
|-activate|p1b: Gholdengo|move: Protect
|move|p2b: Gholdeggo|Shadow Ball|p1a: Incineroar
|-resisted|p1a: Incineroar
|-damage|p1a: Incineroar|74/100
|-damage|p2b: Gholdeggo|91/100|[from] item: Life Orb
|move|p1a: Incineroar|Knock Off|p2b: Gholdeggo
|-damage|p2b: Gholdeggo|52/100
|-enditem|p2b: Gholdeggo|Life Orb|[from] move: Knock Off|[of] p1a: Incineroar
|
|-weather|Snowscape|[upkeep]
|upkeep
|turn|3
|inactive|Djuseppe has 30 seconds left.
|
|t:|1756988905
|move|p2a: icetile|Freeze-Dry|p1b: Gholdengo
|-supereffective|p1b: Gholdengo
|-damage|p1b: Gholdengo|12/100
|-status|p1b: Gholdengo|frz
|move|p2b: Gholdeggo|Make It Rain|p1b: Gholdengo|[spread] p1a,p1b
|-resisted|p1a: Incineroar
|-resisted|p1b: Gholdengo
|-damage|p1a: Incineroar|52/100
|-damage|p1b: Gholdengo|0 fnt
|-unboost|p2b: Gholdeggo|spa|1
|faint|p1b: Gholdengo
|move|p1a: Incineroar|U-turn|p2a: icetile
|-resisted|p2a: icetile
|-damage|p2a: icetile|82/100
|c|☆HowisZacLee|bruh
|
|t:|1756988921
|switch|p1a: Ursaluna|Ursaluna-Bloodmoon, L50, M|100/100|[from] U-turn
|
|-weather|Snowscape|[upkeep]
|upkeep
|
|t:|1756988925
|switch|p1b: Incineroar|Incineroar, L50, M|52/100
|-ability|p1b: Incineroar|Intimidate|boost
|-unboost|p2a: icetile|atk|1
|-unboost|p2b: Gholdeggo|atk|1
|turn|4
|
|t:|1756988942
|move|p1b: Incineroar|Fake Out|p2a: icetile
|-damage|p2a: icetile|71/100
|cant|p2a: icetile|flinch
|move|p2b: Gholdeggo|Make It Rain|p1a: Ursaluna|[spread] p1a,p1b
|-resisted|p1b: Incineroar
|-crit|p1b: Incineroar
|-damage|p1a: Ursaluna|10/100
|-damage|p1b: Incineroar|25/100
|-unboost|p2b: Gholdeggo|spa|1
|move|p1a: Ursaluna|Blood Moon|p2a: icetile
|-damage|p2a: icetile|0 fnt
|faint|p2a: icetile
|-damage|p1a: Ursaluna|0 fnt|[from] item: Life Orb
|faint|p1a: Ursaluna
|
|-weather|Snowscape|[upkeep]
|upkeep
|
|t:|1756988958
|switch|p2a: Arcanine|Arcanine-Hisui, L50, F|100/100
|switch|p1a: Rillaboom|Rillaboom, L50, M|100/100
|-ability|p2a: Arcanine|Intimidate|boost
|-unboost|p1a: Rillaboom|atk|1
|-unboost|p1b: Incineroar|atk|1
|-fieldstart|move: Grassy Terrain|[from] ability: Grassy Surge|[of] p1a: Rillaboom
|turn|5
|
|t:|1756988980
|move|p2a: Arcanine|Protect|p2a: Arcanine
|-singleturn|p2a: Arcanine|Protect
|move|p2b: Gholdeggo|Protect|p2b: Gholdeggo
|-singleturn|p2b: Gholdeggo|Protect
|move|p1a: Rillaboom|Fake Out|p2a: Arcanine
|-activate|p2a: Arcanine|move: Protect
|move|p1b: Incineroar|Knock Off|p2a: Arcanine
|-activate|p2a: Arcanine|move: Protect
|
|-weather|none
|-heal|p2b: Gholdeggo|58/100|[from] Grassy Terrain
|-heal|p1b: Incineroar|31/100|[from] Grassy Terrain
|upkeep
|turn|6
|
|t:|1756988991
|switch|p2b: scale shot misses|Dragonite, L50, F, shiny|100/100
|move|p2a: Arcanine|Rock Slide|p1a: Rillaboom|[spread] p1a
|-miss|p2a: Arcanine|p1b: Incineroar
|-damage|p1a: Rillaboom|72/100
|move|p1a: Rillaboom|Wood Hammer|p2a: Arcanine
|-damage|p2a: Arcanine|20/100
|-damage|p1a: Rillaboom|48/100|[from] Recoil
|move|p1b: Incineroar|Snarl|p2a: Arcanine|[spread] p2a,p2b
|-damage|p2a: Arcanine|9/100
|-damage|p2b: scale shot misses|96/100
|-unboost|p2a: Arcanine|spa|1
|-unboost|p2b: scale shot misses|spa|1
|
|-heal|p2a: Arcanine|15/100|[from] Grassy Terrain
|-heal|p1a: Rillaboom|55/100|[from] Grassy Terrain
|-heal|p1b: Incineroar|37/100|[from] Grassy Terrain
|upkeep
|turn|7
|
|t:|1756989013
|move|p1a: Rillaboom|Grassy Glide|p2a: Arcanine
|-damage|p2a: Arcanine|0 fnt
|faint|p2a: Arcanine
|move|p2b: scale shot misses|Scale Shot|p1a: Rillaboom
|-damage|p1a: Rillaboom|41/100
|-damage|p1a: Rillaboom|25/100
|-damage|p1a: Rillaboom|11/100
|-damage|p1a: Rillaboom|0 fnt
|faint|p1a: Rillaboom
|-hitcount|p1: Rillaboom|4
|-unboost|p2b: scale shot misses|def|1
|-boost|p2b: scale shot misses|spe|1
|move|p1b: Incineroar|Knock Off|p2b: scale shot misses
|-damage|p2b: scale shot misses|54/100
|-enditem|p2b: scale shot misses|Loaded Dice|[from] move: Knock Off|[of] p1b: Incineroar
|
|-heal|p1b: Incineroar|43/100|[from] Grassy Terrain
|upkeep
|
|t:|1756989017
|switch|p2a: Gholdeggo|Gholdengo, L50, tera:Water|58/100
|turn|8
|
|t:|1756989029
|move|p2b: scale shot misses|Scale Shot|p1b: Incineroar
|-damage|p1b: Incineroar|31/100
|-damage|p1b: Incineroar|19/100
|-damage|p1b: Incineroar|7/100
|-hitcount|p1b: Incineroar|3
|-unboost|p2b: scale shot misses|def|1
|-boost|p2b: scale shot misses|spe|1
|move|p2a: Gholdeggo|Make It Rain|p1b: Incineroar
|-resisted|p1b: Incineroar
|-damage|p1b: Incineroar|0 fnt
|-unboost|p2a: Gholdeggo|spa|1
|faint|p1b: Incineroar
|
|win|HowisZacLee
|raw|Djuseppe's rating: 1099 → 1074(-25 for losing)
|raw|HowisZacLee's rating: 1090 → 1117(+27 for winning)
|c|☆HowisZacLee|ggs sorry 4 hax
