|j|☆Cristante terabug
|j|☆bennoVGC
|html|Cristante terabugbennoVGC    
|uhtml|bestof|Game 3 of a best-of-3
|t:|1754924960
|gametype|doubles
|player|p1|Cristante terabug|kieran-champion|1240
|player|p2|bennoVGC|169|1283
|gen|9
|tier|[Gen 9] VGC 2025 Reg H (Bo3)
|rated|
|rule|Species Clause: Limit one of each Pokémon
|rule|Item Clause: Limit 1 of each item
|clearpoke
|poke|p1|Incineroar, L50, M|
|poke|p1|Pelipper, L50, M|
|poke|p1|Archaludon, L50, M|
|poke|p1|Dragonite, L50, M|
|poke|p1|Sinistcha, L50|
|poke|p1|Ursaluna, L50, M|
|poke|p2|Ursaluna, L50, M|
|poke|p2|Kilowattrel, L50, F|
|poke|p2|Gholdengo, L50|
|poke|p2|Incineroar, L50, F|
|poke|p2|Amoonguss, L50, M|
|poke|p2|Porygon2, L50|
|teampreview|4
|showteam|p1|Incineroar||SafetyGoggles|Intimidate|FlareBlitz,KnockOff,PartingShot,FakeOut|||M|||50|,,,,,Ghost]Pelipper||FocusSash|Drizzle|Hurricane,MuddyWater,Tailwind,Protect|||M|||50|,,,,,Ghost]Archaludon||AssaultVest|Stamina|ElectroShot,Snarl,FlashCannon,BodyPress|||M|||50|,,,,,Bug]Dragonite||LoadedDice|Multiscale|ScaleShot,Tailwind,Haze,Protect|||M|||50|,,,,,Fairy]Sinistcha||SitrusBerry|Hospitality|MatchaGotcha,RagePowder,LifeDew,TrickRoom||||||50|,,,,,Dark]Ursaluna||FlameOrb|Guts|Earthquake,Facade,HeadlongRush,Protect|||M|||50|,,,,,Ghost
|showteam|p2|Ursaluna||FlameOrb|Guts|Facade,HeadlongRush,Earthquake,Protect|||M|||50|,,,,,Fairy]Kilowattrel||FocusSash|Competitive|Thunderbolt,AirSlash,Tailwind,Protect|||F|||50|,,,,,Ghost]Gholdengo||LifeOrb|GoodasGold|MakeItRain,ShadowBall,NastyPlot,Protect||||||50|,,,,,Dragon]Incineroar||AssaultVest|Intimidate|KnockOff,FlareBlitz,Uturn,FakeOut|||F|||50|,,,,,Grass]Amoonguss||CovertCloak|Regenerator|Spore,RagePowder,PollenPuff,Protect|||M|||50|,,,,,Dark]Porygon2||Eviolite|Download|TeraBlast,IceBeam,Recover,TrickRoom||||||50|,,,,,Fighting
|
|t:|1754924996
|teamsize|p1|4
|teamsize|p2|4
|start
|switch|p1a: Pelipper|Pelipper, L50, M, shiny|100/100
|switch|p1b: Archaludon|Archaludon, L50, M|100/100
|switch|p2a: Mr Worldwide|Gholdengo, L50, shiny|100/100
|switch|p2b: 뽀록나|Amoonguss, L50, M, shiny|100/100
|-weather|RainDance|[from] ability: Drizzle|[of] p1a: Pelipper
|turn|1
|
|t:|1754925023
|-terastallize|p2a: Mr Worldwide|Dragon
|move|p2b: 뽀록나|Protect|p2b: 뽀록나
|-singleturn|p2b: 뽀록나|Protect
|move|p2a: Mr Worldwide|Nasty Plot|p2a: Mr Worldwide
|-boost|p2a: Mr Worldwide|spa|2
|move|p1b: Archaludon|Snarl|p2a: Mr Worldwide|[spread] p2a
|-activate|p2b: 뽀록나|move: Protect
|-damage|p2a: Mr Worldwide|87/100
|-unboost|p2a: Mr Worldwide|spa|1
|move|p1a: Pelipper|Hurricane|p2b: 뽀록나
|-activate|p2b: 뽀록나|move: Protect
|
|-weather|RainDance|[upkeep]
|upkeep
|turn|2
|
|t:|1754925075
|move|p2a: Mr Worldwide|Nasty Plot|p2a: Mr Worldwide
|-boost|p2a: Mr Worldwide|spa|2
|move|p1b: Archaludon|Flash Cannon|p2b: 뽀록나
|-damage|p2b: 뽀록나|73/100
|move|p1a: Pelipper|Hurricane|p2b: 뽀록나
|-supereffective|p2b: 뽀록나
|-damage|p2b: 뽀록나|3/100
|move|p2b: 뽀록나|Spore|p1b: Archaludon
|-status|p1b: Archaludon|slp|[from] move: Spore
|
|-weather|RainDance|[upkeep]
|upkeep
|turn|3
|
|t:|1754925095
|switch|p2b: Big Bird|Kilowattrel, L50, F, shiny|100/100
|move|p2a: Mr Worldwide|Shadow Ball|p1b: Archaludon
|-damage|p1b: Archaludon|0 fnt
|faint|p1b: Archaludon
|-damage|p2a: Mr Worldwide|78/100|[from] item: Life Orb
|move|p1a: Pelipper|Tailwind|p1a: Pelipper
|-sidestart|p1: Cristante terabug|move: Tailwind
|
|-weather|RainDance|[upkeep]
|upkeep
|
|t:|1754925108
|switch|p1b: Dragonite|Dragonite, L50, M|100/100
|turn|4
|
|t:|1754925141
|move|p1b: Dragonite|Scale Shot|p2b: Big Bird
|-damage|p2b: Big Bird|75/100
|-damage|p2b: Big Bird|48/100
|-damage|p2b: Big Bird|23/100
|-damage|p2b: Big Bird|0 fnt
|faint|p2b: Big Bird
|-hitcount|p2: Big Bird|4
|-unboost|p1b: Dragonite|def|1
|-boost|p1b: Dragonite|spe|1
|move|p1a: Pelipper|Hurricane|p2a: Mr Worldwide
|-damage|p2a: Mr Worldwide|24/100
|move|p2a: Mr Worldwide|Make It Rain|p1a: Pelipper|[spread] p1a,p1b
|-resisted|p1a: Pelipper
|-enditem|p1a: Pelipper|Focus Sash
|-damage|p1a: Pelipper|1/100
|-damage|p1b: Dragonite|22/100
|-unboost|p2a: Mr Worldwide|spa|1
|-damage|p2a: Mr Worldwide|15/100|[from] item: Life Orb
|
|-weather|RainDance|[upkeep]
|upkeep
|inactive|Battle timer is ON: inactive players will automatically lose when time's up. (requested by Cristante terabug)
|
|t:|1754925188
|switch|p2b: 뽀록나|Amoonguss, L50, M, shiny|36/100
|turn|5
|
|t:|1754925201
|move|p2a: Mr Worldwide|Protect|p2a: Mr Worldwide
|-singleturn|p2a: Mr Worldwide|Protect
|move|p2b: 뽀록나|Protect|p2b: 뽀록나
|-singleturn|p2b: 뽀록나|Protect
|move|p1b: Dragonite|Scale Shot|p2b: 뽀록나
|-activate|p2b: 뽀록나|move: Protect
|move|p1a: Pelipper|Hurricane|p2a: Mr Worldwide
|-activate|p2a: Mr Worldwide|move: Protect
|
|-weather|none
|upkeep
|turn|6
|inactive|bennoVGC has 30 seconds left.
|
|t:|1754925226
|switch|p2a: Dinko|Ursaluna, L50, M|100/100
|move|p1b: Dragonite|Scale Shot|p2a: Dinko
|-damage|p2a: Dinko|89/100
|-damage|p2a: Dinko|77/100
|-crit|p2a: Dinko
|-damage|p2a: Dinko|59/100
|-damage|p2a: Dinko|47/100
|-damage|p2a: Dinko|34/100
|-hitcount|p2a: Dinko|5
|-unboost|p1b: Dragonite|def|1
|-boost|p1b: Dragonite|spe|1
|move|p1a: Pelipper|Muddy Water|p2b: 뽀록나|[spread] p2b
|-miss|p1a: Pelipper|p2a: Dinko
|-resisted|p2b: 뽀록나
|-damage|p2b: 뽀록나|25/100
|move|p2b: 뽀록나|Spore|p1b: Dragonite
|-status|p1b: Dragonite|slp|[from] move: Spore
|
|-sideend|p1: Cristante terabug|move: Tailwind
|-status|p2a: Dinko|brn|[from] item: Flame Orb
|upkeep
|turn|7
|inactive|Cristante terabug has 30 seconds left.
|
|t:|1754925253
|move|p2a: Dinko|Protect|p2a: Dinko
|-singleturn|p2a: Dinko|Protect
|cant|p1b: Dragonite|slp
|move|p1a: Pelipper|Muddy Water|p2a: Dinko|[spread] p2b
|-activate|p2a: Dinko|move: Protect
|-resisted|p2b: 뽀록나
|-damage|p2b: 뽀록나|14/100
|move|p2b: 뽀록나|Pollen Puff|p1a: Pelipper
|-resisted|p1a: Pelipper
|-damage|p1a: Pelipper|0 fnt
|faint|p1a: Pelipper
|
|-damage|p2a: Dinko|29/100 brn|[from] brn
|upkeep
|
|t:|1754925256
|switch|p1a: Incineroar|Incineroar, L50, M|100/100
|-ability|p1a: Incineroar|Intimidate|boost
|-unboost|p2a: Dinko|atk|1
|-unboost|p2b: 뽀록나|atk|1
|turn|8
|inactive|bennoVGC has 30 seconds left.
|
|t:|1754925288
|switch|p2a: Mr Worldwide|Gholdengo, L50, shiny, tera:Dragon|15/100
|-terastallize|p1a: Incineroar|Ghost
|move|p2b: 뽀록나|Protect|p2b: 뽀록나
|-singleturn|p2b: 뽀록나|Protect
|-curestatus|p1b: Dragonite|slp|[msg]
|move|p1b: Dragonite|Scale Shot|p2b: 뽀록나
|-activate|p2b: 뽀록나|move: Protect
|move|p1a: Incineroar|Knock Off|p2a: Mr Worldwide
|-damage|p2a: Mr Worldwide|0 fnt
|-enditem|p2a: Mr Worldwide|Life Orb|[from] move: Knock Off|[of] p1a: Incineroar
|faint|p2a: Mr Worldwide
|
|upkeep
|
|t:|1754925291
|switch|p2a: Dinko|Ursaluna, L50, M|29/100 brn
|turn|9
|
|t:|1754925314
|move|p2b: 뽀록나|Rage Powder|p2b: 뽀록나
|-singleturn|p2b: 뽀록나|move: Rage Powder
|move|p1b: Dragonite|Scale Shot|p2b: 뽀록나
|-damage|p2b: 뽀록나|0 fnt
|faint|p2b: 뽀록나
|-hitcount|p2: 뽀록나|1
|-unboost|p1b: Dragonite|def|1
|-boost|p1b: Dragonite|spe|1
|move|p1a: Incineroar|Flare Blitz|p2a: Dinko
|-damage|p2a: Dinko|0 fnt
|faint|p2a: Dinko
|-damage|p1a: Incineroar|90/100|[from] Recoil
|
|win|Cristante terabug
|raw|Cristante terabug's rating: 1240 → 1268(+28 for winning)
|raw|bennoVGC's rating: 1283 → 1255(-28 for losing)
