|j|☆A Regu1ar Guy
|j|☆cocacolaindahhouse
|html|A Regu1ar Guycocacolaindahhouse    
|uhtml|bestof|Game 2 of a best-of-3
|t:|1756289309
|gametype|doubles
|player|p1|A Regu1ar Guy|elesa|1446
|player|p2|cocacolaindahhouse|1|1292
|gen|9
|tier|[Gen 9] VGC 2025 Reg H (Bo3)
|rated|
|rule|Species Clause: Limit one of each Pokémon
|rule|Item Clause: Limit 1 of each item
|clearpoke
|poke|p1|Volcarona, L50, M|
|poke|p1|Rillaboom, L50, F|
|poke|p1|Electabuzz, L50, F|
|poke|p1|Tauros-Paldea-Aqua, L50, M|
|poke|p1|Arcanine-Hisui, L50, M|
|poke|p1|Dragonite, L50, F|
|poke|p2|Ursaluna, L50, M|
|poke|p2|Dragonite, L50, M|
|poke|p2|Archaludon, L50, M|
|poke|p2|Sinistcha, L50|
|poke|p2|Pelipper, L50, M|
|poke|p2|Gholdengo, L50|
|teampreview|4
|showteam|p1|Volcarona||GrassySeed|FlameBody|HeatWave,GigaDrain,QuiverDance,Protect|||M|||50|,,,,,Grass]Rillaboom||AssaultVest|GrassySurge|FakeOut,WoodHammer,GrassyGlide,HighHorsepower|||F|||50|,,,,,Fire]Electabuzz||Eviolite|VitalSpirit|Electroweb,FollowMe,Taunt,Protect|||F|||50|,,,,,Ghost]Tauros-Paldea-Aqua||MirrorHerb|Intimidate|WaveCrash,AquaJet,CloseCombat,Protect|||M|||50|,,,,,Water]Arcanine-Hisui||ClearAmulet|Intimidate|FlareBlitz,RockSlide,ExtremeSpeed,Protect|||M|||50|,,,,,Water]Dragonite||LoadedDice|Multiscale|ScaleShot,ExtremeSpeed,Haze,Protect|||F|||50|,,,,,Fairy
|showteam|p2|Ursaluna||FlameOrb|Guts|Facade,Protect,HeadlongRush,Earthquake|||M|||50|,,,,,Ghost]Dragonite||LoadedDice|Multiscale|ScaleShot,Protect,Haze,Tailwind|||M|||50|,,,,,Fairy]Archaludon||AssaultVest|Stamina|FlashCannon,BodyPress,ElectroShot,Snarl|||M|||50|,,,,,Fighting]Sinistcha||SitrusBerry|Hospitality|LifeDew,MatchaGotcha,TrickRoom,RagePowder||||||50|,,,,,Dark]Pelipper||FocusSash|Drizzle|Hurricane,Tailwind,MuddyWater,Protect|||M|||50|,,,,,Ghost]Gholdengo||ChoiceScarf|GoodasGold|MakeItRain,ShadowBall,Trick,TeraBlast||||||50|,,,,,Water
|
|t:|1756289346
|teamsize|p1|4
|teamsize|p2|4
|start
|switch|p1a: Tauros|Tauros-Paldea-Aqua, L50, M|100/100
|switch|p1b: Arcanine|Arcanine-Hisui, L50, M|100/100
|switch|p2a: Dragonite|Dragonite, L50, M|100/100
|switch|p2b: Archaludon|Archaludon, L50, M|100/100
|-ability|p1a: Tauros|Intimidate|boost
|-unboost|p2a: Dragonite|atk|1
|-unboost|p2b: Archaludon|atk|1
|-ability|p1b: Arcanine|Intimidate|boost
|-unboost|p2a: Dragonite|atk|1
|-unboost|p2b: Archaludon|atk|1
|turn|1
|
|t:|1756289391
|-terastallize|p2b: Archaludon|Fighting
|move|p2a: Dragonite|Protect|p2a: Dragonite
|-singleturn|p2a: Dragonite|Protect
|move|p1a: Tauros|Close Combat|p2b: Archaludon
|-damage|p2b: Archaludon|65/100
|-unboost|p1a: Tauros|def|1
|-unboost|p1a: Tauros|spd|1
|-ability|p2b: Archaludon|Stamina|boost
|-boost|p2b: Archaludon|def|1
|-enditem|p1a: Tauros|Mirror Herb
|-boost|p1a: Tauros|def|1|[from] item: Mirror Herb
|move|p1b: Arcanine|Rock Slide|p2b: Archaludon|[spread] p2b
|-activate|p2a: Dragonite|move: Protect
|-resisted|p2b: Archaludon
|-damage|p2b: Archaludon|60/100
|-ability|p2b: Archaludon|Stamina|boost
|-boost|p2b: Archaludon|def|1
|cant|p2b: Archaludon|flinch
|
|upkeep
|turn|2
|
|t:|1756289417
|-terastallize|p1a: Tauros|Water
|move|p1a: Tauros|Wave Crash|p2b: Archaludon
|-damage|p2b: Archaludon|36/100
|-ability|p2b: Archaludon|Stamina|boost
|-boost|p2b: Archaludon|def|1
|-damage|p1a: Tauros|91/100|[from] Recoil
|move|p1b: Arcanine|Flare Blitz|p2b: Archaludon
|-damage|p2b: Archaludon|20/100
|-ability|p2b: Archaludon|Stamina|boost
|-boost|p2b: Archaludon|def|1
|-damage|p1b: Arcanine|95/100|[from] Recoil
|move|p2a: Dragonite|Tailwind|p2a: Dragonite
|-sidestart|p2: cocacolaindahhouse|move: Tailwind
|move|p2b: Archaludon|Body Press|p1b: Arcanine
|-supereffective|p1b: Arcanine
|-damage|p1b: Arcanine|0 fnt
|faint|p1b: Arcanine
|
|upkeep
|
|t:|1756289423
|switch|p1b: Volcarona|Volcarona, L50, M, shiny|100/100
|turn|3
|
|t:|1756289452
|switch|p1a: Rillaboom|Rillaboom, L50, F|100/100
|-fieldstart|move: Grassy Terrain|[from] ability: Grassy Surge|[of] p1a: Rillaboom
|-enditem|p1b: Volcarona|Grassy Seed
|-boost|p1b: Volcarona|def|1|[from] item: Grassy Seed
|move|p2a: Dragonite|Scale Shot|p1b: Volcarona
|-damage|p1b: Volcarona|95/100
|-damage|p1b: Volcarona|89/100
|-damage|p1b: Volcarona|83/100
|-damage|p1b: Volcarona|77/100
|-damage|p1b: Volcarona|70/100
|-hitcount|p1b: Volcarona|5
|-unboost|p2a: Dragonite|def|1
|-boost|p2a: Dragonite|spe|1
|move|p2b: Archaludon|Body Press|p1b: Volcarona
|-resisted|p1b: Volcarona
|-damage|p1b: Volcarona|23/100
|move|p1b: Volcarona|Quiver Dance|p1b: Volcarona
|-boost|p1b: Volcarona|spa|1
|-boost|p1b: Volcarona|spd|1
|-boost|p1b: Volcarona|spe|1
|
|-heal|p2b: Archaludon|27/100|[from] Grassy Terrain
|-heal|p1b: Volcarona|29/100|[from] Grassy Terrain
|upkeep
|turn|4
|
|t:|1756289491
|move|p2a: Dragonite|Protect|p2a: Dragonite
|-singleturn|p2a: Dragonite|Protect
|move|p1a: Rillaboom|Fake Out|p2b: Archaludon
|-damage|p2b: Archaludon|23/100
|-ability|p2b: Archaludon|Stamina|boost
|-boost|p2b: Archaludon|def|1
|cant|p2b: Archaludon|flinch
|move|p1b: Volcarona|Heat Wave|p2b: Archaludon|[spread] p2b
|-activate|p2a: Dragonite|move: Protect
|-damage|p2b: Archaludon|0 fnt
|faint|p2b: Archaludon
|
|-heal|p1b: Volcarona|35/100|[from] Grassy Terrain
|upkeep
|
|t:|1756289511
|switch|p2b: Pelipper|Pelipper, L50, M|100/100
|-weather|RainDance|[from] ability: Drizzle|[of] p2b: Pelipper
|turn|5
|
|t:|1756289539
|move|p2b: Pelipper|Protect|p2b: Pelipper
|-singleturn|p2b: Pelipper|Protect
|move|p1b: Volcarona|Protect|p1b: Volcarona
|-singleturn|p1b: Volcarona|Protect
|move|p2a: Dragonite|Haze|p2a: Dragonite
|-clearallboost
|move|p1a: Rillaboom|Wood Hammer|p2b: Pelipper
|-activate|p2b: Pelipper|move: Protect
|
|-weather|RainDance|[upkeep]
|-heal|p1b: Volcarona|42/100|[from] Grassy Terrain
|-sideend|p2: cocacolaindahhouse|move: Tailwind
|upkeep
|turn|6
|
|t:|1756289566
|move|p1b: Volcarona|Heat Wave|p2a: Dragonite|[spread] p2a,p2b
|-resisted|p2a: Dragonite
|-resisted|p2b: Pelipper
|-damage|p2a: Dragonite|96/100
|-damage|p2b: Pelipper|84/100
|-status|p2a: Dragonite|brn
|move|p2a: Dragonite|Scale Shot|p1b: Volcarona
|-damage|p1b: Volcarona|33/100
|-damage|p1b: Volcarona|23/100
|-damage|p1b: Volcarona|15/100
|-damage|p1b: Volcarona|6/100
|-hitcount|p1b: Volcarona|4
|-unboost|p2a: Dragonite|def|1
|-boost|p2a: Dragonite|spe|1
|move|p2b: Pelipper|Hurricane|p1b: Volcarona
|-supereffective|p1b: Volcarona
|-damage|p1b: Volcarona|0 fnt
|faint|p1b: Volcarona
|move|p1a: Rillaboom|Wood Hammer|p2b: Pelipper
|-damage|p2b: Pelipper|0 fnt
|faint|p2b: Pelipper
|-damage|p1a: Rillaboom|82/100|[from] Recoil
|
|-weather|RainDance|[upkeep]
|-heal|p1a: Rillaboom|88/100|[from] Grassy Terrain
|-damage|p2a: Dragonite|90/100 brn|[from] brn
|upkeep
|
|t:|1756289589
|switch|p1b: Tauros|Tauros-Paldea-Aqua, L50, M, tera:Water|91/100
|switch|p2b: Ursaluna|Ursaluna, L50, M|100/100
|-ability|p1b: Tauros|Intimidate|boost
|-unboost|p2a: Dragonite|atk|1
|-unboost|p2b: Ursaluna|atk|1
|turn|7
|
|t:|1756289632
|move|p2a: Dragonite|Protect|p2a: Dragonite
|-singleturn|p2a: Dragonite|Protect
|move|p2b: Ursaluna|Protect|p2b: Ursaluna
|-singleturn|p2b: Ursaluna|Protect
|move|p1b: Tauros|Wave Crash|p2a: Dragonite
|-activate|p2a: Dragonite|move: Protect
|move|p1a: Rillaboom|Wood Hammer|p2a: Dragonite
|-activate|p2a: Dragonite|move: Protect
|
|-weather|RainDance|[upkeep]
|-heal|p1b: Tauros|97/100|[from] Grassy Terrain
|-heal|p1a: Rillaboom|94/100|[from] Grassy Terrain
|-damage|p2a: Dragonite|84/100 brn|[from] brn
|-fieldend|move: Grassy Terrain
|-status|p2b: Ursaluna|brn|[from] item: Flame Orb
|upkeep
|turn|8
|
|t:|1756289652
|move|p2a: Dragonite|Tailwind|p2a: Dragonite
|-sidestart|p2: cocacolaindahhouse|move: Tailwind
|move|p2b: Ursaluna|Facade|p1b: Tauros
|-damage|p1b: Tauros|11/100
|move|p1b: Tauros|Wave Crash|p2a: Dragonite
|-resisted|p2a: Dragonite
|-damage|p2a: Dragonite|0 fnt
|faint|p2a: Dragonite
|-damage|p1b: Tauros|0 fnt|[from] Recoil
|faint|p1b: Tauros
|move|p1a: Rillaboom|Wood Hammer|p2b: Ursaluna
|-supereffective|p2b: Ursaluna
|-damage|p2b: Ursaluna|0 fnt
|faint|p2b: Ursaluna
|-damage|p1a: Rillaboom|61/100|[from] Recoil
|
|win|A Regu1ar Guy
||A Regu1ar Guy is ready for game 3.
|inactive|cocacolaindahhouse has 30 seconds to confirm battle start!
||cocacolaindahhouse is ready for game 3.
|uhtml|next|Next: Game 3 of 3
|l|☆A Regu1ar Guy
|player|p1|
