|j|☆hatsune p2
|j|☆RaikuDraco
|html|hatsune p2RaikuDraco    
|uhtml|bestof|Game 1 of a best-of-3
|t:|1756879001
|gametype|doubles
|player|p1|hatsune p2|miku-fairy|1192
|player|p2|RaikuDraco|drake-gen3|1170
|gen|9
|tier|[Gen 9] VGC 2025 Reg H (Bo3)
|rated|
|rule|Species Clause: Limit one of each Pokémon
|rule|Item Clause: Limit 1 of each item
|clearpoke
|poke|p1|Pelipper, L50, F|
|poke|p1|Archaludon, L50, F|
|poke|p1|Basculegion, L50, M|
|poke|p1|Incineroar, L50, F|
|poke|p1|Amoonguss, L50, F|
|poke|p1|Maushold, L50|
|poke|p2|Archaludon, L50, F|
|poke|p2|Sinistcha-Masterpiece, L50|
|poke|p2|Dragonite, L50, F|
|poke|p2|Pelipper, L50, F|
|poke|p2|Ursaluna, L50, M|
|poke|p2|Gholdengo, L50|
|teampreview|4
|showteam|p1|Pelipper||FocusSash|Drizzle|WeatherBall,Hurricane,Tailwind,WideGuard|||F|||50|,,,,,Ghost]Archaludon||AssaultVest|Stamina|BodyPress,FlashCannon,ElectroShot,DragonPulse|||F|||50|,,,,,Fairy]Basculegion||ChoiceScarf|Adaptability|LastRespects,WaveCrash,FlipTurn,AquaJet|||M|||50|,,,,,Grass]Incineroar||SafetyGoggles|Intimidate|FakeOut,FlareBlitz,KnockOff,PartingShot|||F|||50|,,,,,Ghost]Amoonguss||CovertCloak|Regenerator|RagePowder,Spore,PollenPuff,LeafStorm|||F|||50|,,,,,Water]Maushold||WideLens|FriendGuard|PopulationBomb,FollowMe,Taunt,Protect||||||50|,,,,,Ghost
|showteam|p2|Archaludon||AssaultVest|Stamina|BodyPress,Snarl,ElectroShot,FlashCannon|||F|||50|,,,,,Fighting]Sinistcha-Masterpiece||SitrusBerry|Hospitality|MatchaGotcha,RagePowder,TrickRoom,LifeDew||||||50|,,,,,Dark]Dragonite||LoadedDice|Multiscale|ScaleShot,Protect,Tailwind,Haze|||F|||50|,,,,,Steel]Pelipper||FocusSash|Drizzle|WeatherBall,Hurricane,Tailwind,Protect|||F|||50|,,,,,Ground]Ursaluna||FlameOrb|Guts|Facade,HeadlongRush,Earthquake,Protect|||M|||50|,,,,,Ghost]Gholdengo||ChoiceScarf|GoodasGold|MakeItRain,TeraBlast,ShadowBall,Trick||||||50|,,,,,Water
|c|☆hatsune p2|GLHF
|inactive|Battle timer is ON: inactive players will automatically lose when time's up. (requested by RaikuDraco)
|c|☆RaikuDraco|u2
|inactive|RaikuDraco has 60 seconds left.
|
|t:|1756879046
|teamsize|p1|4
|teamsize|p2|4
|start
|switch|p1a: Maushold|Maushold, L50|100/100
|switch|p1b: Basculegion|Basculegion, L50, M|100/100
|switch|p2a: Archaludon|Archaludon, L50, F|100/100
|switch|p2b: Dragonite|Dragonite, L50, F|100/100
|turn|1
|inactive|RaikuDraco has 30 seconds left.
|inactive|hatsune p2 has 30 seconds left.
|inactive|RaikuDraco has 20 seconds left.
|inactive|RaikuDraco has 15 seconds left.
|inactive|hatsune p2 has 20 seconds left.
|inactive|RaikuDraco has 10 seconds left.
|inactive|hatsune p2 has 15 seconds left.
|inactive|RaikuDraco has 5 seconds left.
|
|t:|1756879098
|switch|p2b: Sinistcha|Sinistcha-Masterpiece, L50|100/100
|move|p1b: Basculegion|Flip Turn|p2b: Sinistcha
|-resisted|p2b: Sinistcha
|-damage|p2b: Sinistcha|81/100
|
|t:|1756879102
|switch|p1b: Incineroar|Incineroar, L50, F|100/100|[from] Flip Turn
|-ability|p1b: Incineroar|Intimidate|boost
|-unboost|p2a: Archaludon|atk|1
|-unboost|p2b: Sinistcha|atk|1
|move|p1a: Maushold|Population Bomb|p2b: Sinistcha
|-immune|p2b: Sinistcha
|move|p2a: Archaludon|Body Press|p1a: Maushold
|-supereffective|p1a: Maushold
|-damage|p1a: Maushold|20/100
|
|upkeep
|turn|2
|inactive|hatsune p2 has 30 seconds left.
|inactive|RaikuDraco has 30 seconds left.
|inactive|hatsune p2 has 20 seconds left.
|inactive|RaikuDraco has 20 seconds left.
|inactive|RaikuDraco has 15 seconds left.
|inactive|RaikuDraco has 10 seconds left.
|
|t:|1756879152
|move|p1a: Maushold|Protect|p1a: Maushold
|-singleturn|p1a: Maushold|Protect
|move|p1b: Incineroar|Parting Shot|p2a: Archaludon
|-unboost|p2a: Archaludon|atk|1
|-unboost|p2a: Archaludon|spa|1
|
|t:|1756879160
|switch|p1b: Basculegion|Basculegion, L50, M|100/100|[from] Parting Shot
|move|p2a: Archaludon|Body Press|p1a: Maushold
|-activate|p1a: Maushold|move: Protect
|move|p2b: Sinistcha|Trick Room|p2b: Sinistcha
|-fieldstart|move: Trick Room|[of] p2b: Sinistcha
|
|upkeep
|turn|3
|inactive|hatsune p2 has 30 seconds left.
|inactive|RaikuDraco has 30 seconds left.
|
|t:|1756879191
|switch|p2b: Pelipper|Pelipper, L50, F|100/100
|-weather|RainDance|[from] ability: Drizzle|[of] p2b: Pelipper
|switch|p1b: Archaludon|Archaludon, L50, F|100/100
|move|p2a: Archaludon|Electro Shot||[still]
|-prepare|p2a: Archaludon|Electro Shot
|-boost|p2a: Archaludon|spa|1
|-anim|p2a: Archaludon|Electro Shot|p1b: Archaludon
|-resisted|p1b: Archaludon
|-damage|p1b: Archaludon|89/100
|-ability|p1b: Archaludon|Stamina|boost
|-boost|p1b: Archaludon|def|1
|move|p1a: Maushold|Population Bomb|p1b: Archaludon
|-resisted|p1b: Archaludon
|-damage|p1b: Archaludon|88/100
|-ability|p1b: Archaludon|Stamina|boost
|-boost|p1b: Archaludon|def|1
|-resisted|p1b: Archaludon
|-damage|p1b: Archaludon|87/100
|-ability|p1b: Archaludon|Stamina|boost
|-boost|p1b: Archaludon|def|1
|-resisted|p1b: Archaludon
|-damage|p1b: Archaludon|87/100
|-ability|p1b: Archaludon|Stamina|boost
|-boost|p1b: Archaludon|def|1
|-resisted|p1b: Archaludon
|-damage|p1b: Archaludon|86/100
|-ability|p1b: Archaludon|Stamina|boost
|-boost|p1b: Archaludon|def|1
|-resisted|p1b: Archaludon
|-damage|p1b: Archaludon|86/100
|-ability|p1b: Archaludon|Stamina|boost
|-boost|p1b: Archaludon|def|1
|-resisted|p1b: Archaludon
|-damage|p1b: Archaludon|85/100
|-resisted|p1b: Archaludon
|-damage|p1b: Archaludon|85/100
|-resisted|p1b: Archaludon
|-damage|p1b: Archaludon|84/100
|-resisted|p1b: Archaludon
|-crit|p1b: Archaludon
|-damage|p1b: Archaludon|82/100
|-resisted|p1b: Archaludon
|-damage|p1b: Archaludon|82/100
|-hitcount|p1b: Archaludon|10
|
|-weather|RainDance|[upkeep]
|upkeep
|turn|4
|inactive|RaikuDraco has 30 seconds left.
|inactive|RaikuDraco has 20 seconds left.
|inactive|RaikuDraco has 15 seconds left.
|inactive|RaikuDraco has 10 seconds left.
|inactive|RaikuDraco has 5 seconds left.
|
|t:|1756879246
|move|p1a: Maushold|Follow Me|p1a: Maushold
|-singleturn|p1a: Maushold|move: Follow Me
|move|p2a: Archaludon|Body Press|p1a: Maushold
|-supereffective|p1a: Maushold
|-damage|p1a: Maushold|0 fnt
|faint|p1a: Maushold
|move|p1b: Archaludon|Body Press|p2a: Archaludon
|-supereffective|p2a: Archaludon
|-damage|p2a: Archaludon|0 fnt
|faint|p2a: Archaludon
|move|p2b: Pelipper|Weather Ball|p1b: Archaludon
|-resisted|p1b: Archaludon
|-damage|p1b: Archaludon|57/100
|
|-weather|RainDance|[upkeep]
|upkeep
|inactive|RaikuDraco has 30 seconds left.
|inactive|RaikuDraco has 20 seconds left.
|
|t:|1756879286
|switch|p2a: Dragonite|Dragonite, L50, F|100/100
|switch|p1a: Incineroar|Incineroar, L50, F|100/100
|-ability|p1a: Incineroar|Intimidate|boost
|-unboost|p2a: Dragonite|atk|1
|-unboost|p2b: Pelipper|atk|1
|turn|5
|
|t:|1756879310
|move|p2b: Pelipper|Protect|p2b: Pelipper
|-singleturn|p2b: Pelipper|Protect
|move|p2a: Dragonite|Protect|p2a: Dragonite
|-singleturn|p2a: Dragonite|Protect
|move|p1a: Incineroar|Fake Out|p2b: Pelipper
|-activate|p2b: Pelipper|move: Protect
|move|p1b: Archaludon|Electro Shot||[still]
|-prepare|p1b: Archaludon|Electro Shot
|-boost|p1b: Archaludon|spa|1
|-anim|p1b: Archaludon|Electro Shot|p2a: Dragonite
|-activate|p2a: Dragonite|move: Protect
|
|-weather|RainDance|[upkeep]
|upkeep
|turn|6
|inactive|RaikuDraco has 30 seconds left.
|
|t:|1756879340
|move|p1b: Archaludon|Dragon Pulse|p2b: Pelipper
|-damage|p2b: Pelipper|8/100
|move|p1a: Incineroar|Knock Off|p2b: Pelipper
|-crit|p2b: Pelipper
|-damage|p2b: Pelipper|0 fnt
|-enditem|p2b: Pelipper|Focus Sash|[from] move: Knock Off|[of] p1a: Incineroar
|faint|p2b: Pelipper
|move|p2a: Dragonite|Haze|p2a: Dragonite
|-clearallboost
|
|-weather|RainDance|[upkeep]
|-fieldend|move: Trick Room
|upkeep
|
|t:|1756879353
|switch|p2b: Sinistcha|Sinistcha-Masterpiece, L50|81/100
|turn|7
|inactive|RaikuDraco has 30 seconds left.
|
|t:|1756879388
|-terastallize|p2a: Dragonite|Steel
|move|p2a: Dragonite|Scale Shot|p1a: Incineroar
|-damage|p1a: Incineroar|85/100
|-damage|p1a: Incineroar|69/100
|-damage|p1a: Incineroar|55/100
|-damage|p1a: Incineroar|41/100
|-hitcount|p1a: Incineroar|4
|-unboost|p2a: Dragonite|def|1
|-boost|p2a: Dragonite|spe|1
|move|p1a: Incineroar|Knock Off|p2b: Sinistcha
|-supereffective|p2b: Sinistcha
|-damage|p2b: Sinistcha|21/100
|-enditem|p2b: Sinistcha|Sitrus Berry|[from] move: Knock Off|[of] p1a: Incineroar
|move|p1b: Archaludon|Electro Shot||[still]
|-prepare|p1b: Archaludon|Electro Shot
|-boost|p1b: Archaludon|spa|1
|-anim|p1b: Archaludon|Electro Shot|p2b: Sinistcha
|-resisted|p2b: Sinistcha
|-damage|p2b: Sinistcha|0 fnt
|faint|p2b: Sinistcha
|
|-weather|none
|upkeep
|turn|8
|
|t:|1756879413
|switch|p1a: Basculegion|Basculegion, L50, M|100/100
|move|p2a: Dragonite|Scale Shot|p1a: Basculegion|[miss]
|-miss|p2a: Dragonite|p1a: Basculegion
|move|p1b: Archaludon|Body Press|p2a: Dragonite
|-supereffective|p2a: Dragonite
|-damage|p2a: Dragonite|55/100
|
|upkeep
|turn|9
|c|☆hatsune p2|gg
|
|t:|1756879424
|move|p1a: Basculegion|Aqua Jet|p2a: Dragonite
|-damage|p2a: Dragonite|9/100
|move|p2a: Dragonite|Scale Shot|p1a: Basculegion
|-damage|p1a: Basculegion|82/100
|-damage|p1a: Basculegion|62/100
|-damage|p1a: Basculegion|42/100
|-damage|p1a: Basculegion|22/100
|-hitcount|p1a: Basculegion|4
|-unboost|p2a: Dragonite|def|1
|-boost|p2a: Dragonite|spe|1
|move|p1b: Archaludon|Body Press|p2a: Dragonite
|-supereffective|p2a: Dragonite
|-damage|p2a: Dragonite|0 fnt
|faint|p2a: Dragonite
|
|win|hatsune p2
||hatsune p2 is ready for game 2.
|inactive|RaikuDraco has 30 seconds to confirm battle start!
||RaikuDraco is ready for game 2.
|uhtml|next|Next: Game 2 of 3
