|j|☆Elbovino
|j|☆ZXMaverickHunter
|html|ElbovinoZXMaverickHunter    
|uhtml|bestof|Game 1 of a best-of-3
|t:|1756506527
|gametype|doubles
|player|p1|Elbovino|riley|1173
|player|p2|ZXMaverickHunter|flint|1144
|gen|9
|tier|[Gen 9] VGC 2025 Reg H (Bo3)
|rated|
|rule|Species Clause: Limit one of each Pokémon
|rule|Item Clause: Limit 1 of each item
|clearpoke
|poke|p1|Ursaluna, L50, M|
|poke|p1|Incineroar, L50, M|
|poke|p1|Archaludon, L50, M|
|poke|p1|Pelipper, L50, F|
|poke|p1|Basculegion, L50, M|
|poke|p1|Sinistcha, L50|
|poke|p2|Rillaboom, L50, M|
|poke|p2|Dragonite, L50, M|
|poke|p2|Sneasler, L50, M|
|poke|p2|Ninetales-Alola, L50, M|
|poke|p2|Kingambit, L50, M|
|poke|p2|Magmar, L50, F|
|teampreview|4
|showteam|p1|Ursaluna||FlameOrb|Guts|Earthquake,Facade,HeadlongRush,Protect|||M|||50|,,,,,Ghost]Incineroar||SafetyGoggles|Intimidate|FakeOut,PartingShot,KnockOff,FlareBlitz|||M|||50|,,,,,Ghost]Archaludon||AssaultVest|Stamina|ElectroShot,DragonPulse,FlashCannon,BodyPress|||M|||50|,,,,,Bug]Pelipper||FocusSash|Drizzle|WeatherBall,Hurricane,Protect,Tailwind|||F|||50|,,,,,Stellar]Basculegion||ChoiceScarf|Adaptability|WaveCrash,AquaJet,LastRespects,FlipTurn|||M|||50|,,,,,Ghost]Sinistcha||SitrusBerry|Hospitality|RagePowder,LifeDew,GigaDrain,TrickRoom||||||50|,,,,,Dark
|showteam|p2|Rillaboom||AssaultVest|GrassySurge|WoodHammer,GrassyGlide,HighHorsepower,FakeOut|||M|||50|,,,,,Fire]Dragonite||LoadedDice|Multiscale|Protect,ScaleShot,LowKick,Haze|||M|||50|,,,,,Fairy]Sneasler||WhiteHerb|Unburden|Protect,DireClaw,CloseCombat,Coaching|||M|||50|,,,,,Ghost]Ninetales-Alola||ChoiceSpecs|SnowWarning|Blizzard,IcyWind,Moonblast,FreezeDry|||M|||50|,,,,,Ghost]Kingambit||SafetyGoggles|Defiant|Protect,KowtowCleave,SuckerPunch,SwordsDance|||M|||50|,,,,,Dark]Magmar||Eviolite|VitalSpirit|Protect,FollowMe,Overheat,WillOWisp|||F|||50|,,,,,Dragon
|inactive|Battle timer is ON: inactive players will automatically lose when time's up. (requested by Elbovino)
|inactive|ZXMaverickHunter has 60 seconds left.
|
|t:|1756506596
|teamsize|p1|4
|teamsize|p2|4
|start
|switch|p1a: Basculegion|Basculegion, L50, M|100/100
|switch|p1b: Archaludon|Archaludon, L50, M|100/100
|switch|p2a: 90% = 50%|Dragonite, L50, M, shiny|100/100
|switch|p2b: Noah's BFF|Sneasler, L50, M, shiny|100/100
|turn|1
|inactive|Elbovino has 30 seconds left.
|inactive|Elbovino has 20 seconds left.
|
|t:|1756506633
|move|p2b: Noah's BFF|Protect|p2b: Noah's BFF
|-singleturn|p2b: Noah's BFF|Protect
|move|p2a: 90% = 50%|Protect|p2a: 90% = 50%
|-singleturn|p2a: 90% = 50%|Protect
|move|p1a: Basculegion|Flip Turn|p2b: Noah's BFF
|-activate|p2b: Noah's BFF|move: Protect
|move|p1b: Archaludon|Electro Shot||[still]
|-prepare|p1b: Archaludon|Electro Shot
|-boost|p1b: Archaludon|spa|1
|
|upkeep
|turn|2
|inactive|ZXMaverickHunter has 30 seconds left.
|
|t:|1756506659
|switch|p2b: Monke|Rillaboom, L50, M, shiny|100/100
|-fieldstart|move: Grassy Terrain|[from] ability: Grassy Surge|[of] p2b: Monke
|move|p1a: Basculegion|Flip Turn|p2b: Monke
|-resisted|p2b: Monke
|-damage|p2b: Monke|79/100
|
|t:|1756506673
|switch|p1a: Sinistcha|Sinistcha, L50|100/100|[from] Flip Turn
|move|p2a: 90% = 50%|Scale Shot|p1a: Sinistcha
|-damage|p1a: Sinistcha|87/100
|-damage|p1a: Sinistcha|75/100
|-damage|p1a: Sinistcha|59/100
|-damage|p1a: Sinistcha|46/100
|-enditem|p1a: Sinistcha|Sitrus Berry|[eat]
|-heal|p1a: Sinistcha|71/100|[from] item: Sitrus Berry
|-damage|p1a: Sinistcha|56/100
|-hitcount|p1a: Sinistcha|5
|-unboost|p2a: 90% = 50%|def|1
|-boost|p2a: 90% = 50%|spe|1
|move|p1b: Archaludon|Electro Shot|p2a: 90% = 50%|[from] lockedmove
|-damage|p2a: 90% = 50%|69/100
|
|-heal|p2b: Monke|85/100|[from] Grassy Terrain
|-heal|p1a: Sinistcha|62/100|[from] Grassy Terrain
|upkeep
|turn|3
|inactive|Elbovino has 30 seconds left.
|inactive|ZXMaverickHunter has 30 seconds left.
|inactive|Elbovino has 20 seconds left.
|inactive|ZXMaverickHunter has 20 seconds left.
|inactive|ZXMaverickHunter has 15 seconds left.
|
|t:|1756506716
|-terastallize|p2a: 90% = 50%|Fairy
|move|p2a: 90% = 50%|Scale Shot|p1a: Sinistcha
|-damage|p1a: Sinistcha|47/100
|-damage|p1a: Sinistcha|33/100
|-damage|p1a: Sinistcha|19/100
|-damage|p1a: Sinistcha|5/100
|-damage|p1a: Sinistcha|0 fnt
|faint|p1a: Sinistcha
|-hitcount|p1: Sinistcha|5
|-unboost|p2a: 90% = 50%|def|1
|-boost|p2a: 90% = 50%|spe|1
|move|p2b: Monke|High Horsepower|p1b: Archaludon
|-supereffective|p1b: Archaludon
|-damage|p1b: Archaludon|57/100
|-ability|p1b: Archaludon|Stamina|boost
|-boost|p1b: Archaludon|def|1
|move|p1b: Archaludon|Dragon Pulse|p2b: Monke
|-damage|p2b: Monke|42/100
|
|-heal|p2a: 90% = 50%|75/100|[from] Grassy Terrain
|-heal|p2b: Monke|47/100|[from] Grassy Terrain
|-heal|p1b: Archaludon|63/100|[from] Grassy Terrain
|upkeep
|c|☆Elbovino|Dude
|
|t:|1756506738
|switch|p1a: Pelipper|Pelipper, L50, F|100/100
|-weather|RainDance|[from] ability: Drizzle|[of] p1a: Pelipper
|turn|4
|c|☆ZXMaverickHunter|hm?
|c|☆Elbovino|Doble 5 time scaleshot
|inactive|ZXMaverickHunter has 30 seconds left.
|inactive|ZXMaverickHunter has 20 seconds left.
|inactive|ZXMaverickHunter has 15 seconds left.
|
|t:|1756506779
|move|p2a: 90% = 50%|Scale Shot|p1a: Pelipper
|-damage|p1a: Pelipper|82/100
|-damage|p1a: Pelipper|62/100
|-damage|p1a: Pelipper|43/100
|-damage|p1a: Pelipper|23/100
|-hitcount|p1a: Pelipper|4
|-unboost|p2a: 90% = 50%|def|1
|-boost|p2a: 90% = 50%|spe|1
|move|p2b: Monke|High Horsepower|p1b: Archaludon
|-supereffective|p1b: Archaludon
|-damage|p1b: Archaludon|36/100
|-ability|p1b: Archaludon|Stamina|boost
|-boost|p1b: Archaludon|def|1
|move|p1b: Archaludon|Electro Shot||[still]
|-prepare|p1b: Archaludon|Electro Shot
|-boost|p1b: Archaludon|spa|1
|-anim|p1b: Archaludon|Electro Shot|p2a: 90% = 50%
|-damage|p2a: 90% = 50%|0 fnt
|faint|p2a: 90% = 50%
|move|p1a: Pelipper|Tailwind|p1a: Pelipper
|-sidestart|p1: Elbovino|move: Tailwind
|
|-weather|RainDance|[upkeep]
|-heal|p1b: Archaludon|42/100|[from] Grassy Terrain
|-heal|p2b: Monke|53/100|[from] Grassy Terrain
|upkeep
|inactive|ZXMaverickHunter has 30 seconds left.
|
|t:|1756506807
|switch|p2a: Noah's BFF|Sneasler, L50, M, shiny|100/100
|turn|5
|inactive|ZXMaverickHunter has 30 seconds left.
|inactive|ZXMaverickHunter has 20 seconds left.
|inactive|ZXMaverickHunter has 15 seconds left.
|inactive|Elbovino has 30 seconds left.
|inactive|ZXMaverickHunter has 10 seconds left.
|
|t:|1756506854
|switch|p2b: Hi peli|Ninetales-Alola, L50, M, shiny|100/100
|-weather|Snowscape|[from] ability: Snow Warning|[of] p2b: Hi peli
|-terastallize|p1b: Archaludon|Bug
|move|p1a: Pelipper|Protect|p1a: Pelipper
|-singleturn|p1a: Pelipper|Protect
|move|p2a: Noah's BFF|Protect|p2a: Noah's BFF
|-singleturn|p2a: Noah's BFF|Protect
|move|p1b: Archaludon|Flash Cannon|p2b: Hi peli
|-supereffective|p2b: Hi peli
|-damage|p2b: Hi peli|0 fnt
|faint|p2b: Hi peli
|
|-weather|Snowscape|[upkeep]
|-heal|p1b: Archaludon|48/100|[from] Grassy Terrain
|upkeep
|
|t:|1756506864
|switch|p2b: Monke|Rillaboom, L50, M, shiny|53/100
|turn|6
|
|t:|1756506888
|move|p2b: Monke|Grassy Glide|p1a: Pelipper
|-damage|p1a: Pelipper|0 fnt
|faint|p1a: Pelipper
|move|p1b: Archaludon|Dragon Pulse|p2b: Monke
|-damage|p2b: Monke|0 fnt
|faint|p2b: Monke
|move|p2a: Noah's BFF|Dire Claw|p1b: Archaludon
|-damage|p1b: Archaludon|35/100
|-status|p1b: Archaludon|psn
|-ability|p1b: Archaludon|Stamina|boost
|-boost|p1b: Archaludon|def|1
|
|-weather|Snowscape|[upkeep]
|-heal|p1b: Archaludon|41/100 psn|[from] Grassy Terrain
|-damage|p1b: Archaludon|29/100 psn|[from] psn
|-fieldend|move: Grassy Terrain
|upkeep
|
|t:|1756506898
|switch|p1a: Basculegion|Basculegion, L50, M|100/100
|turn|7
|
|t:|1756506906
|move|p2a: Noah's BFF|Protect|p2a: Noah's BFF
|-singleturn|p2a: Noah's BFF|Protect
|move|p1a: Basculegion|Last Respects|p2a: Noah's BFF
|-activate|p2a: Noah's BFF|move: Protect
|move|p1b: Archaludon|Dragon Pulse|p2a: Noah's BFF
|-activate|p2a: Noah's BFF|move: Protect
|
|-weather|Snowscape|[upkeep]
|-damage|p1b: Archaludon|17/100 psn|[from] psn
|-sideend|p1: Elbovino|move: Tailwind
|upkeep
|turn|8
|
|t:|1756506919
|move|p2a: Noah's BFF|Protect||[still]
|-fail|p2a: Noah's BFF
|move|p1a: Basculegion|Last Respects|p2a: Noah's BFF
|-damage|p2a: Noah's BFF|0 fnt
|faint|p2a: Noah's BFF
|
|win|Elbovino
||Elbovino is ready for game 2.
|inactive|ZXMaverickHunter has 30 seconds to confirm battle start!
|inactive|ZXMaverickHunter has 20 seconds to confirm battle start!
|inactive|ZXMaverickHunter has 10 seconds to confirm battle start!
|uhtml|next|Next: Game 2 of 3
|l|☆Elbovino
|player|p1|
