|j|☆predahound
|j|☆randomguy1114s
|html|predahoundrandomguy1114s    
|uhtml|bestof|Game 2 of a best-of-3
|t:|1756357215
|gametype|doubles
|player|p1|predahound|volkner|1152
|player|p2|randomguy1114s|lillie-masters|1226
|gen|9
|tier|[Gen 9] VGC 2025 Reg H (Bo3)
|rated|
|rule|Species Clause: Limit one of each Pokémon
|rule|Item Clause: Limit 1 of each item
|clearpoke
|poke|p1|Ursaluna-Bloodmoon, L50, M|
|poke|p1|Rillaboom, L50, M|
|poke|p1|Incineroar, L50, F|
|poke|p1|Electabuzz, L50, M|
|poke|p1|Annihilape, L50, M|
|poke|p1|Pelipper, L50, M|
|poke|p2|Arcanine-Hisui, L50, M|
|poke|p2|Dragonite, L50, F|
|poke|p2|Indeedee, L50, M|
|poke|p2|Sneasler, L50, M|
|poke|p2|Amoonguss, L50, F|
|poke|p2|Ninetales-Alola, L50, M|
|teampreview|4
|showteam|p1|Ursaluna-Bloodmoon||Leftovers|MindsEye|HyperVoice,EarthPower,CalmMind,Protect|||M|||50|,,,,,Fairy]Rillaboom||AssaultVest|GrassySurge|FakeOut,GrassyGlide,KnockOff,Uturn|||M|||50|,,,,,Fire]Incineroar||FigyBerry|Intimidate|FakeOut,KnockOff,PartingShot,WillOWisp|||F|||50|,,,,,Dragon]Electabuzz||Eviolite|VitalSpirit|Electroweb,FollowMe,EerieImpulse,Protect|||M|||50|,,,,,Ghost]Annihilape||SafetyGoggles|Defiant|DrainPunch,RageFist,BulkUp,Protect|||M|||50|,,,,,Poison]Pelipper||FocusSash|Drizzle|MuddyWater,Hurricane,Tailwind,Protect|||M|||50|,,,,,Ground
|showteam|p2|Arcanine-Hisui||ClearAmulet|Intimidate|RockSlide,FlareBlitz,ExtremeSpeed,Protect|||M|||50|,,,,,Water]Dragonite||LoadedDice|Multiscale|ScaleShot,StompingTantrum,Tailwind,Protect|||F|||50|,,,,,Ground]Indeedee||FocusSash|PsychicSurge|ExpandingForce,TrickRoom,Imprison,HelpingHand|||M|||50|,,,,,Psychic]Sneasler||PsychicSeed|Unburden|CloseCombat,DireClaw,ThroatChop,Protect|||M|||50|,,,,,Dark]Amoonguss||RockyHelmet|Regenerator|RagePowder,PollenPuff,Spore,Protect|||F|||50|,,,,,Water]Ninetales-Alola||ChoiceSpecs|SnowWarning|Blizzard,IcyWind,Moonblast,FreezeDry|||M|||50|,,,,,Ice
|
|t:|1756357230
|teamsize|p1|4
|teamsize|p2|4
|start
|switch|p1a: Ursaluna|Ursaluna-Bloodmoon, L50, M|100/100
|switch|p1b: Incineroar|Incineroar, L50, F|100/100
|switch|p2a: Arcanine|Arcanine-Hisui, L50, M, shiny|100/100
|switch|p2b: IM SHEDDING|Dragonite, L50, F|100/100
|-ability|p2a: Arcanine|Intimidate|boost
|-unboost|p1a: Ursaluna|atk|1
|-unboost|p1b: Incineroar|atk|1
|-ability|p1b: Incineroar|Intimidate|boost
|-fail|p2a: Arcanine|unboost|[from] item: Clear Amulet|[of] p2a: Arcanine
|-unboost|p2b: IM SHEDDING|atk|1
|turn|1
|
|t:|1756357271
|-terastallize|p1a: Ursaluna|Fairy
|move|p2a: Arcanine|Protect|p2a: Arcanine
|-singleturn|p2a: Arcanine|Protect
|move|p2b: IM SHEDDING|Protect|p2b: IM SHEDDING
|-singleturn|p2b: IM SHEDDING|Protect
|move|p1b: Incineroar|Fake Out|p2a: Arcanine
|-activate|p2a: Arcanine|move: Protect
|move|p1a: Ursaluna|Calm Mind|p1a: Ursaluna
|-boost|p1a: Ursaluna|spa|1
|-boost|p1a: Ursaluna|spd|1
|
|upkeep
|turn|2
|inactive|Battle timer is ON: inactive players will automatically lose when time's up. (requested by randomguy1114s)
|
|t:|1756357295
|switch|p1b: Pelipper|Pelipper, L50, M|100/100
|-weather|RainDance|[from] ability: Drizzle|[of] p1b: Pelipper
|move|p2a: Arcanine|Rock Slide|p1a: Ursaluna|[spread] p1a,p1b
|-supereffective|p1b: Pelipper
|-damage|p1a: Ursaluna|82/100
|-damage|p1b: Pelipper|37/100
|move|p2b: IM SHEDDING|Stomping Tantrum|p1b: Pelipper
|-immune|p1b: Pelipper
|cant|p1a: Ursaluna|flinch
|
|-weather|RainDance|[upkeep]
|-heal|p1a: Ursaluna|88/100|[from] item: Leftovers
|upkeep
|turn|3
|inactive|randomguy1114s has 30 seconds left.
|
|t:|1756357321
|switch|p1b: Rillaboom|Rillaboom, L50, M|100/100
|-fieldstart|move: Grassy Terrain|[from] ability: Grassy Surge|[of] p1b: Rillaboom
|move|p2a: Arcanine|Rock Slide|p1b: Rillaboom|[spread] p1a,p1b
|-damage|p1a: Ursaluna|70/100
|-damage|p1b: Rillaboom|76/100
|move|p2b: IM SHEDDING|Stomping Tantrum|p1a: Ursaluna
|-damage|p1a: Ursaluna|41/100
|move|p1a: Ursaluna|Earth Power|p2a: Arcanine
|-supereffective|p2a: Arcanine
|-damage|p2a: Arcanine|0 fnt
|faint|p2a: Arcanine
|
|-weather|RainDance|[upkeep]
|-heal|p1b: Rillaboom|82/100|[from] Grassy Terrain
|-heal|p1a: Ursaluna|47/100|[from] Grassy Terrain
|-heal|p1a: Ursaluna|53/100|[from] item: Leftovers
|upkeep
|
|t:|1756357333
|switch|p2a: chillingly cruel|Ninetales-Alola, L50, M|100/100
|-weather|Snowscape|[from] ability: Snow Warning|[of] p2a: chillingly cruel
|turn|4
|
|t:|1756357350
|switch|p2b: Indeedee|Indeedee, L50, M, shiny|100/100
|-fieldstart|move: Psychic Terrain|[from] ability: Psychic Surge|[of] p2b: Indeedee
|-terastallize|p2a: chillingly cruel|Ice
|move|p1b: Rillaboom|Fake Out|p2a: chillingly cruel
|-activate|p2a: chillingly cruel|move: Psychic Terrain
|move|p2a: chillingly cruel|Blizzard|p1b: Rillaboom|[spread] p1a,p1b
|-supereffective|p1b: Rillaboom
|-damage|p1a: Ursaluna|10/100
|-damage|p1b: Rillaboom|0 fnt
|faint|p1b: Rillaboom
|move|p1a: Ursaluna|Hyper Voice|p2a: chillingly cruel|[spread] p2a,p2b
|-damage|p2a: chillingly cruel|43/100
|-damage|p2b: Indeedee|29/100
|
|-weather|Snowscape|[upkeep]
|-heal|p1a: Ursaluna|16/100|[from] item: Leftovers
|upkeep
|
|t:|1756357359
|switch|p1b: Incineroar|Incineroar, L50, F|100/100
|-ability|p1b: Incineroar|Intimidate|boost
|-unboost|p2a: chillingly cruel|atk|1
|-unboost|p2b: Indeedee|atk|1
|turn|5
|
|t:|1756357376
|switch|p2a: IM SHEDDING|Dragonite, L50, F|100/100
|move|p1a: Ursaluna|Protect|p1a: Ursaluna
|-singleturn|p1a: Ursaluna|Protect
|move|p2b: Indeedee|Expanding Force|p1a: Ursaluna|[spread] 
|-activate|p1a: Ursaluna|move: Protect
|-immune|p1b: Incineroar
|move|p1b: Incineroar|Knock Off|p2a: IM SHEDDING
|-damage|p2a: IM SHEDDING|80/100
|-enditem|p2a: IM SHEDDING|Loaded Dice|[from] move: Knock Off|[of] p1b: Incineroar
|
|-weather|Snowscape|[upkeep]
|-heal|p1a: Ursaluna|22/100|[from] item: Leftovers
|upkeep
|turn|6
|
|t:|1756357394
|move|p1a: Ursaluna|Protect|p1a: Ursaluna
|-singleturn|p1a: Ursaluna|Protect
|move|p2b: Indeedee|Expanding Force|p1b: Incineroar|[spread] 
|-activate|p1a: Ursaluna|move: Protect
|-immune|p1b: Incineroar
|move|p2a: IM SHEDDING|Stomping Tantrum|p1b: Incineroar
|-supereffective|p1b: Incineroar
|-damage|p1b: Incineroar|47/100
|move|p1b: Incineroar|Knock Off|p2b: Indeedee
|-supereffective|p2b: Indeedee
|-damage|p2b: Indeedee|0 fnt
|-enditem|p2b: Indeedee|Focus Sash|[from] move: Knock Off|[of] p1b: Incineroar
|faint|p2b: Indeedee
|
|-weather|Snowscape|[upkeep]
|-heal|p1a: Ursaluna|28/100|[from] item: Leftovers
|upkeep
|
|t:|1756357396
|switch|p2b: chillingly cruel|Ninetales-Alola, L50, M, tera:Ice|43/100
|turn|7
|
|t:|1756357412
|switch|p1b: Pelipper|Pelipper, L50, M|37/100
|-weather|RainDance|[from] ability: Drizzle|[of] p1b: Pelipper
|move|p2b: chillingly cruel|Moonblast|p1b: Pelipper
|-damage|p1b: Pelipper|0 fnt
|faint|p1b: Pelipper
|move|p2a: IM SHEDDING|Stomping Tantrum|p1a: Ursaluna
|-damage|p1a: Ursaluna|6/100
|move|p1a: Ursaluna|Hyper Voice|p2a: IM SHEDDING|[spread] p2a,p2b
|-damage|p2a: IM SHEDDING|27/100
|-damage|p2b: chillingly cruel|0 fnt
|faint|p2b: chillingly cruel
|
|-weather|RainDance|[upkeep]
|-heal|p1a: Ursaluna|12/100|[from] item: Leftovers
|upkeep
|
|t:|1756357426
|switch|p1b: Incineroar|Incineroar, L50, F|47/100
|-ability|p1b: Incineroar|Intimidate|boost
|-unboost|p2a: IM SHEDDING|atk|1
|turn|8
|
|t:|1756357433
|move|p2a: IM SHEDDING|Protect|p2a: IM SHEDDING
|-singleturn|p2a: IM SHEDDING|Protect
|move|p1b: Incineroar|Fake Out|p2a: IM SHEDDING
|-hint|Psychic Terrain doesn't affect Pokémon immune to Ground.
|-activate|p2a: IM SHEDDING|move: Protect
|move|p1a: Ursaluna|Hyper Voice|p2a: IM SHEDDING
|-activate|p2a: IM SHEDDING|move: Protect
|
|-weather|RainDance|[upkeep]
|-heal|p1a: Ursaluna|18/100|[from] item: Leftovers
|-fieldend|move: Psychic Terrain
|upkeep
|turn|9
|
|t:|1756357445
|move|p2a: IM SHEDDING|Stomping Tantrum|p1a: Ursaluna
|-damage|p1a: Ursaluna|5/100
|move|p1a: Ursaluna|Hyper Voice|p2a: IM SHEDDING
|-damage|p2a: IM SHEDDING|0 fnt
|faint|p2a: IM SHEDDING
|
|win|predahound
