|j|☆poopybutt714
|j|☆JAIQI7
|html|poopybutt714JAIQI7    
|uhtml|bestof|Game 1 of a best-of-3
|t:|1785468816
|gametype|doubles
|player|p1|poopybutt714|266|1176
|player|p2|JAIQI7|lady|1158
|gen|9
|tier|[Gen 9 Champions] VGC 2026 Reg M-B (Bo3)
|rated|
|rule|Species Clause: Limit one of each Pokémon
|rule|Item Clause: Limit 1 of each item
|clearpoke
|poke|p1|Farigiraf, L50, M|
|poke|p1|Garchomp, L50, M|
|poke|p1|Charizard, L50, F|
|poke|p1|Venusaur, L50, F|
|poke|p1|Sylveon, L50, F|
|poke|p1|Aerodactyl, L50, F|
|poke|p2|Floette-Eternal, L50, F|
|poke|p2|Sneasler, L50, F|
|poke|p2|Sinistcha, L50|
|poke|p2|Incineroar, L50, M|
|poke|p2|Milotic, L50, M|
|poke|p2|Delphox, L50, M|
|teampreview|4
|showteam|p1|Farigiraf||SitrusBerry|ArmorTail|Protect,HyperVoice,Thunderbolt,TrickRoom|Sassy||M|||50|]Garchomp||LifeOrb|RoughSkin|Protect,RockSlide,DragonClaw,Earthquake|Jolly||M|||50|]Charizard||CharizarditeY|Blaze|SolarBeam,WeatherBall,Protect,HeatWave|Timid||F|||50|]Venusaur||WideLens|Chlorophyll|SleepPowder,Protect,SludgeBomb,GigaDrain|Timid||F|||50|]Sylveon||FairyFeather|Pixilate|QuickAttack,Protect,HyperVoice,HyperBeam|Quiet||F|||50|]Aerodactyl||Aerodactylite|Unnerve|Protect,Tailwind,WideGuard,RockSlide|Adamant||F|||50|
|showteam|p2|Floette-Eternal||Floettite|FlowerVeil|Protect,Moonblast,DazzlingGleam,CalmMind|Modest||F|||50|]Sneasler||FocusSash|Unburden|DireClaw,FakeOut,CloseCombat,QuickGuard|Jolly||F|||50|]Sinistcha||KasibBerry|Hospitality|MatchaGotcha,Protect,RagePowder,LifeDew|Bold|||||50|]Incineroar||SitrusBerry|Intimidate|FlareBlitz,FakeOut,DarkestLariat,PartingShot|Careful||M|||50|]Milotic||Leftovers|Competitive|MuddyWater,Hypnosis,Coil,Protect|Calm||M|||50|]Delphox||Delphoxite|Blaze|HeatWave,Protect,Psychic,NastyPlot|Timid||M|||50|
|
|t:|1785468850
|teamsize|p1|4
|teamsize|p2|4
|start
|switch|p1a: Charizard|Charizard, L50, F|100/100
|switch|p1b: Venusaur|Venusaur, L50, F|100/100
|switch|p2a: Incineroar|Incineroar, L50, M|100/100
|switch|p2b: Milotic|Milotic, L50, M|100/100
|-ability|p2a: Incineroar|Intimidate|boost
|-unboost|p1a: Charizard|atk|1
|-unboost|p1b: Venusaur|atk|1
|turn|1
|inactive|Battle timer is ON: inactive players will automatically lose when time's up. (requested by JAIQI7)
|
|t:|1785468874
|detailschange|p1a: Charizard|Charizard-Mega-Y, L50, F
|-mega|p1a: Charizard|Charizard|Charizardite Y
|-weather|SunnyDay|[from] ability: Drought|[of] p1a: Charizard
|move|p2a: Incineroar|Fake Out|p1b: Venusaur
|-damage|p1b: Venusaur|90/100
|cant|p1b: Venusaur|flinch
|move|p1a: Charizard|Solar Beam||[still]
|-prepare|p1a: Charizard|Solar Beam
|-anim|p1a: Charizard|Solar Beam|p2b: Milotic
|-supereffective|p2b: Milotic|1
|-damage|p2b: Milotic|31/100
|move|p2b: Milotic|Coil|p2b: Milotic
|-boost|p2b: Milotic|atk|1
|-boost|p2b: Milotic|def|1
|-boost|p2b: Milotic|accuracy|1
|
|-weather|SunnyDay|[upkeep]
|-heal|p2b: Milotic|37/100|[from] item: Leftovers
|upkeep
|turn|2
|
|t:|1785468889
|move|p2b: Milotic|Protect|p2b: Milotic
|-singleturn|p2b: Milotic|Protect
|move|p1b: Venusaur|Sleep Powder|p2a: Incineroar
|-status|p2a: Incineroar|slp|[from] move: Sleep Powder
|move|p1a: Charizard|Solar Beam||[still]
|-prepare|p1a: Charizard|Solar Beam
|-anim|p1a: Charizard|Solar Beam|p2b: Milotic
|-activate|p2b: Milotic|move: Protect
|cant|p2a: Incineroar|slp
|
|-weather|SunnyDay|[upkeep]
|-heal|p2b: Milotic|43/100|[from] item: Leftovers
|upkeep
|turn|3
|
|t:|1785468913
|move|p1b: Venusaur|Sludge Bomb|p2a: Incineroar
|-damage|p2a: Incineroar|72/100 slp
|move|p1a: Charizard|Solar Beam||[still]
|-prepare|p1a: Charizard|Solar Beam
|-anim|p1a: Charizard|Solar Beam|p2b: Milotic
|-supereffective|p2b: Milotic|1
|-damage|p2b: Milotic|0 fnt
|faint|p2b: Milotic
|cant|p2a: Incineroar|slp
|
|-weather|SunnyDay|[upkeep]
|upkeep
|
|t:|1785468919
|switch|p2b: Sneasler|Sneasler, L50, F|100/100
|turn|4
|
|t:|1785468924
|move|p2b: Sneasler|Fake Out|p1a: Charizard
|-crit|p1a: Charizard
|-damage|p1a: Charizard|70/100
|move|p1b: Venusaur|Sleep Powder|p2b: Sneasler
|-status|p2b: Sneasler|slp|[from] move: Sleep Powder
|cant|p1a: Charizard|flinch
|-curestatus|p2a: Incineroar|slp|[msg]
|move|p2a: Incineroar|Flare Blitz|p1b: Venusaur
|-supereffective|p1b: Venusaur|1
|-damage|p1b: Venusaur|0 fnt
|faint|p1b: Venusaur
|-damage|p2a: Incineroar|45/100|[from] Recoil
|-enditem|p2a: Incineroar|Sitrus Berry|[eat]
|-heal|p2a: Incineroar|69/100|[from] item: Sitrus Berry
|
|-weather|SunnyDay|[upkeep]
|upkeep
|
|t:|1785468926
|switch|p1b: Garchomp|Garchomp, L50, M|100/100
|turn|5
|
|t:|1785468942
|switch|p1a: Aerodactyl|Aerodactyl, L50, F|100/100
|-ability|p1a: Aerodactyl|Unnerve
|cant|p2b: Sneasler|slp
|move|p1b: Garchomp|Earthquake|p2b: Sneasler|[spread] p2a,p2b
|-immune|p1a: Aerodactyl
|-supereffective|p2a: Incineroar|1
|-supereffective|p2b: Sneasler|1
|-damage|p2a: Incineroar|0 fnt
|-enditem|p2b: Sneasler|Focus Sash
|-damage|p2b: Sneasler|1/100 slp
|faint|p2a: Incineroar
|-damage|p1b: Garchomp|90/100|[from] item: Life Orb
|
|-weather|none
|upkeep
|
|t:|1785468950
|switch|p2a: Floette|Floette-Eternal, L50, F|100/100
|turn|6
|
|t:|1785468961
|detailschange|p2a: Floette|Floette-Mega, L50, F
|-mega|p2a: Floette|Floette|Floettite
|-ability|p2a: Floette|Fairy Aura
|cant|p2b: Sneasler|slp
|move|p1a: Aerodactyl|Rock Slide|p2a: Floette|[spread] p2a,p2b
|-resisted|p2b: Sneasler|1
|-damage|p2a: Floette|68/100
|-damage|p2b: Sneasler|0 fnt
|faint|p2b: Sneasler
|move|p1b: Garchomp|Earthquake|p2a: Floette|[spread] p2a
|-immune|p1a: Aerodactyl
|-damage|p2a: Floette|10/100
|-damage|p1b: Garchomp|80/100|[from] item: Life Orb
|cant|p2a: Floette|flinch
|
|upkeep
|turn|7
|
|t:|1785468972
|move|p1a: Aerodactyl|Rock Slide|p2a: Floette
|-damage|p2a: Floette|0 fnt
|faint|p2a: Floette
|
|win|poopybutt714
||JAIQI7 is ready for game 2.
||poopybutt714 is ready for game 2.
|uhtml|next|Next: Game 2 of 3
|l|☆poopybutt714
|player|p1|
