|j|☆trainerlovepokeomn
|j|☆testdigi
|html|trainerlovepokeomntestdigi    
|uhtml|bestof|Game 1 of a best-of-3
|t:|1784908230
|gametype|doubles
|player|p1|trainerlovepokeomn|169|1067
|player|p2|testdigi|101|1130
|gen|9
|tier|[Gen 9 Champions] VGC 2026 Reg M-B (Bo3)
|rated|
|rule|Species Clause: Limit one of each Pokémon
|rule|Item Clause: Limit 1 of each item
|clearpoke
|poke|p1|Snorlax, L50, M|
|poke|p1|Hawlucha, L50, F|
|poke|p1|Eelektross, L50, F|
|poke|p1|Incineroar, L50, F|
|poke|p1|Basculegion, L50, M|
|poke|p1|Sinistcha, L50|
|poke|p2|Raichu, L50, M|
|poke|p2|Sinistcha, L50|
|poke|p2|Corviknight, L50, F|
|poke|p2|Sylveon, L50, F|
|poke|p2|Garchomp, L50, F|
|poke|p2|Tyranitar, L50, M|
|teampreview|4
|showteam|p1|Snorlax||Leftovers|ThickFat|Fissure,Earthquake,Protect,Substitute|Impish||M|||50|]Hawlucha||Hawluchanite|Limber|Entrainment,Protect,RockSlide,PoisonJab|Careful||F|||50|]Eelektross||Eelektrossite|Levitate|Coil,Substitute,Protect,SupercellSlam|Adamant||F|||50|]Incineroar||ShucaBerry|Intimidate|DarkestLariat,FakeOut,FlareBlitz,PartingShot|Jolly||F|||50|]Basculegion||LifeOrb|Adaptability|AquaJet,LastRespects,Protect,WaveCrash|Adamant||M|||50|]Sinistcha||SitrusBerry|Hospitality|RagePowder,MatchaGotcha,LifeDew,StrengthSap|Bold|||||50|
|showteam|p2|Raichu||RaichuniteY|LightningRod|ZapCannon,FocusBlast,FakeOut,Protect|Timid||M|||50|]Sinistcha||KasibBerry|Hospitality|MatchaGotcha,ShadowBall,RagePowder,Protect|Modest|||||50|]Corviknight||OccaBerry|MirrorArmor|IronHead,BraveBird,Tailwind,Protect|Adamant||F|||50|]Sylveon||FairyFeather|Pixilate|HyperVoice,QuickAttack,Yawn,Detect|Modest||F|||50|]Garchomp||SitrusBerry|RoughSkin|DragonClaw,StompingTantrum,RockSlide,Protect|Adamant||F|||50|]Tyranitar||FocusSash|SandStream|RockSlide,KnockOff,Superpower,Protect|Adamant||M|||50|
|
|t:|1784908282
|teamsize|p1|4
|teamsize|p2|4
|start
|switch|p1a: Snorlax|Snorlax, L50, M|100/100
|switch|p1b: Hawlucha|Hawlucha, L50, F|100/100
|switch|p2a: Raichu|Raichu, L50, M|100/100
|switch|p2b: Corviknight|Corviknight, L50, F|100/100
|turn|1
|inactive|Battle timer is ON: inactive players will automatically lose when time's up. (requested by testdigi)
|
|t:|1784908347
|move|p1a: Snorlax|Protect|p1a: Snorlax
|-singleturn|p1a: Snorlax|Protect
|move|p2a: Raichu|Fake Out|p1b: Hawlucha
|-damage|p1b: Hawlucha|90/100
|cant|p1b: Hawlucha|flinch
|move|p2b: Corviknight|Tailwind|p2b: Corviknight
|-sidestart|p2: testdigi|move: Tailwind
|
|upkeep
|turn|2
|
|t:|1784908364
|detailschange|p2a: Raichu|Raichu-Mega-Y, L50, M
|-mega|p2a: Raichu|Raichu|Raichunite Y
|detailschange|p1b: Hawlucha|Hawlucha-Mega, L50, F
|-mega|p1b: Hawlucha|Hawlucha|Hawluchanite
|move|p2a: Raichu|Zap Cannon|p1a: Snorlax
|-damage|p1a: Snorlax|63/100
|-status|p1a: Snorlax|par
|move|p2b: Corviknight|Brave Bird|p1b: Hawlucha
|-supereffective|p1b: Hawlucha|1
|-damage|p1b: Hawlucha|0 fnt
|faint|p1b: Hawlucha
|-damage|p2b: Corviknight|71/100|[from] Recoil
|move|p1a: Snorlax|Fissure|p2a: Raichu
|-damage|p2a: Raichu|0 fnt
|faint|p2a: Raichu
|-ohko
|
|-heal|p1a: Snorlax|69/100 par|[from] item: Leftovers
|upkeep
|
|t:|1784908383
|switch|p2a: Tyranitar|Tyranitar, L50, M|100/100
|switch|p1b: Incineroar|Incineroar, L50, F|100/100
|-weather|Sandstorm|[from] ability: Sand Stream|[of] p2a: Tyranitar
|-ability|p1b: Incineroar|Intimidate|boost
|-unboost|p2a: Tyranitar|atk|1
|-ability|p2b: Corviknight|Mirror Armor
|-unboost|p1b: Incineroar|atk|1
|turn|3
|inactive|trainerlovepokeomn has 30 seconds left.
|
|t:|1784908409
|move|p1b: Incineroar|Fake Out|p2a: Tyranitar
|-resisted|p2a: Tyranitar|1
|-damage|p2a: Tyranitar|96/100
|cant|p2a: Tyranitar|flinch
|move|p2b: Corviknight|Iron Head|p1a: Snorlax
|-crit|p1a: Snorlax
|-damage|p1a: Snorlax|39/100 par
|cant|p1a: Snorlax|flinch
|
|-weather|Sandstorm|[upkeep]
|-damage|p1b: Incineroar|94/100|[from] Sandstorm
|-damage|p1a: Snorlax|33/100 par|[from] Sandstorm
|-heal|p1a: Snorlax|39/100 par|[from] item: Leftovers
|upkeep
|turn|4
|
|t:|1784908425
|move|p2a: Tyranitar|Knock Off|p1a: Snorlax
|-damage|p1a: Snorlax|14/100 par
|-enditem|p1a: Snorlax|Leftovers|[from] move: Knock Off|[of] p2a: Tyranitar
|move|p2b: Corviknight|Brave Bird|p1b: Incineroar
|-damage|p1b: Incineroar|46/100
|-damage|p2b: Corviknight|54/100|[from] Recoil
|move|p1b: Incineroar|Flare Blitz|p2b: Corviknight
|-supereffective|p2b: Corviknight|1
|-enditem|p2b: Corviknight|Occa Berry|[eat]
|-enditem|p2b: Corviknight|Occa Berry|[weaken]
|-damage|p2b: Corviknight|25/100
|-damage|p1b: Incineroar|37/100|[from] Recoil
|move|p1a: Snorlax|Earthquake|p2b: Corviknight|[spread] p1b,p2a
|-immune|p2b: Corviknight
|-supereffective|p1b: Incineroar|1
|-enditem|p1b: Incineroar|Shuca Berry|[eat]
|-enditem|p1b: Incineroar|Shuca Berry|[weaken]
|-supereffective|p2a: Tyranitar|1
|-damage|p1b: Incineroar|18/100
|-damage|p2a: Tyranitar|63/100
|
|-weather|Sandstorm|[upkeep]
|-damage|p1b: Incineroar|12/100|[from] Sandstorm
|-damage|p1a: Snorlax|8/100 par|[from] Sandstorm
|-sideend|p2: testdigi|move: Tailwind
|upkeep
|turn|5
|inactive|trainerlovepokeomn has 30 seconds left.
|
|t:|1784908455
|move|p1a: Snorlax|Protect|p1a: Snorlax
|-singleturn|p1a: Snorlax|Protect
|move|p1b: Incineroar|Parting Shot|p2a: Tyranitar
|-unboost|p2a: Tyranitar|atk|1
|-unboost|p2a: Tyranitar|spa|1
|
|t:|1784908461
|switch|p1b: Basculegion|Basculegion, L50, M|100/100|[from] Parting Shot
|move|p2a: Tyranitar|Rock Slide|p1b: Basculegion|[spread] p1b
|-activate|p1a: Snorlax|move: Protect
|-damage|p1b: Basculegion|81/100
|move|p2b: Corviknight|Tailwind|p2b: Corviknight
|-sidestart|p2: testdigi|move: Tailwind
|
|-weather|Sandstorm|[upkeep]
|-damage|p1b: Basculegion|74/100|[from] Sandstorm
|-damage|p1a: Snorlax|2/100 par|[from] Sandstorm
|upkeep
|turn|6
|
|t:|1784908474
|switch|p2a: Sylveon|Sylveon, L50, F|100/100
|move|p1b: Basculegion|Protect|p1b: Basculegion
|-singleturn|p1b: Basculegion|Protect
|move|p2b: Corviknight|Iron Head|p1a: Snorlax
|-damage|p1a: Snorlax|0 fnt
|faint|p1a: Snorlax
|
|-weather|Sandstorm|[upkeep]
|-damage|p2a: Sylveon|94/100|[from] Sandstorm
|-damage|p1b: Basculegion|68/100|[from] Sandstorm
|upkeep
|-message|trainerlovepokeomn forfeited.
|
|win|testdigi
|l|☆trainerlovepokeomn
|player|p1|
||trainerlovepokeomn is ready for game 2.
||testdigi is ready for game 2.
|uhtml|next|Next: Game 2 of 3
