|j|☆chocokoala vgc
|j|☆Wavelet
|html|chocokoala vgcWavelet    
|uhtml|bestof|Game 1 of a best-of-3
|t:|1784994375
|gametype|doubles
|player|p1|chocokoala vgc|benga|1205
|player|p2|Wavelet|red-masters|1075
|gen|9
|tier|[Gen 9 Champions] VGC 2026 Reg M-B (Bo3)
|rated|
|rule|Species Clause: Limit one of each Pokémon
|rule|Item Clause: Limit 1 of each item
|clearpoke
|poke|p1|Scovillain, L50, F|
|poke|p1|Primarina, L50, F|
|poke|p1|Aerodactyl, L50, M|
|poke|p1|Garchomp, L50, F|
|poke|p1|Gholdengo, L50|
|poke|p1|Grimmsnarl, L50, M|
|poke|p2|Golurk, L50|
|poke|p2|Oranguru, L50, M|
|poke|p2|Farigiraf, L50, M|
|poke|p2|Torkoal, L50, M|
|poke|p2|Staraptor, L50, F|
|poke|p2|Venusaur, L50, M|
|teampreview|4
|showteam|p1|Scovillain||Scovillainite|Moody|Flamethrower,GigaDrain,Protect,RagePowder|Bold||F|||50|]Primarina||Leftovers|LiquidVoice|HyperVoice,Moonblast,Protect,CalmMind|Modest||F|||50|]Aerodactyl||Aerodactylite|Unnerve|RockSlide,DualWingbeat,Protect,Tailwind|Jolly||M|||50|]Garchomp||SoftSand|RoughSkin|Earthquake,StompingTantrum,Protect,DragonClaw|Jolly||F|||50|]Gholdengo||LifeOrb|GoodasGold|MakeItRain,ShadowBall,Protect,NastyPlot|Modest|||||50|]Grimmsnarl||LightClay|Prankster|LightScreen,Reflect,FakeOut,FoulPlay|Sassy||M|||50|
|showteam|p2|Golurk||Golurkite|IronFist|IcePunch,HeadlongRush,Poltergeist,Protect|Brave|||||50|]Oranguru||IronBall|InnerFocus|Instruct,TrickRoom,SkillSwap,Protect|Impish||M|||50|]Farigiraf||SitrusBerry|ArmorTail|HelpingHand,TwinBeam,TrickRoom,Thunderbolt|Quiet||M|||50|]Torkoal||Charcoal|Drought|Eruption,SolarBeam,WeatherBall,Protect|Quiet||M|||50|]Staraptor||ChoiceScarf|Intimidate|CloseCombat,Uturn,FinalGambit,BraveBird|Jolly||F|||50|]Venusaur||Venusaurite|Chlorophyll|SludgeBomb,SleepPowder,EarthPower,GigaDrain|Timid||M|||50|
|inactive|Battle timer is ON: inactive players will automatically lose when time's up. (requested by chocokoala vgc)
|j| pluem_pony
|inactive|chocokoala vgc has 60 seconds left.
|inactive|Wavelet has 60 seconds left.
|l| pluem_pony
|
|t:|1784994414
|teamsize|p1|4
|teamsize|p2|4
|start
|switch|p1a: Gholdengo|Gholdengo, L50|100/100
|switch|p1b: Primarina|Primarina, L50, F|100/100
|switch|p2a: Hard AF|Farigiraf, L50, M|100/100
|switch|p2b: 4Hirohito-Sama|Staraptor, L50, F|100/100
|-ability|p2b: 4Hirohito-Sama|Intimidate|boost
|-unboost|p1a: Gholdengo|atk|1
|-unboost|p1b: Primarina|atk|1
|turn|1
|
|t:|1784994421
|move|p1b: Primarina|Protect|p1b: Primarina
|-singleturn|p1b: Primarina|Protect
|move|p2b: 4Hirohito-Sama|Final Gambit|p1b: Primarina
|-activate|p1b: Primarina|move: Protect
|move|p1a: Gholdengo|Nasty Plot|p1a: Gholdengo
|-boost|p1a: Gholdengo|spa|2
|move|p2a: Hard AF|Trick Room|p2a: Hard AF
|-fieldstart|move: Trick Room|[of] p2a: Hard AF
|
|upkeep
|turn|2
|
|t:|1784994433
|move|p2a: Hard AF|Thunderbolt|p1b: Primarina
|-supereffective|p1b: Primarina|1
|-damage|p1b: Primarina|57/100
|move|p1b: Primarina|Calm Mind|p1b: Primarina
|-boost|p1b: Primarina|spa|1
|-boost|p1b: Primarina|spd|1
|move|p1a: Gholdengo|Make It Rain|p2a: Hard AF|[spread] p2a,p2b
|-damage|p2a: Hard AF|0 fnt
|-damage|p2b: 4Hirohito-Sama|0 fnt
|-unboost|p1a: Gholdengo|spa|2
|faint|p2a: Hard AF
|faint|p2b: 4Hirohito-Sama
|-damage|p1a: Gholdengo|90/100|[from] item: Life Orb
|
|-heal|p1b: Primarina|63/100|[from] item: Leftovers
|upkeep
|
|t:|1784994436
|switch|p2a: Gigante de Hierro|Golurk, L50|100/100
|switch|p2b: Dr. Dre|Torkoal, L50, M|100/100
|-weather|SunnyDay|[from] ability: Drought|[of] p2b: Dr. Dre
|turn|3
|inactive|chocokoala vgc has 30 seconds left.
|
|t:|1784994463
|detailschange|p2a: Gigante de Hierro|Golurk-Mega, L50
|-mega|p2a: Gigante de Hierro|Golurk|Golurkite
|move|p1b: Primarina|Protect|p1b: Primarina
|-singleturn|p1b: Primarina|Protect
|move|p2b: Dr. Dre|Weather Ball|p1a: Gholdengo
|-supereffective|p1a: Gholdengo|1
|-damage|p1a: Gholdengo|0 fnt
|faint|p1a: Gholdengo
|move|p2a: Gigante de Hierro|Poltergeist|p1b: Primarina
|-activate|p1b: Primarina|move: Protect
|
|-weather|SunnyDay|[upkeep]
|-heal|p1b: Primarina|69/100|[from] item: Leftovers
|upkeep
|
|t:|1784994473
|switch|p1a: Scovillain|Scovillain, L50, F|100/100
|turn|4
|
|t:|1784994485
|detailschange|p1a: Scovillain|Scovillain-Mega, L50, F
|-mega|p1a: Scovillain|Scovillain|Scovillainite
|move|p1a: Scovillain|Rage Powder|p1a: Scovillain
|-singleturn|p1a: Scovillain|move: Rage Powder
|move|p2b: Dr. Dre|Weather Ball|p1a: Scovillain
|-damage|p1a: Scovillain|30/100
|-immune|p2b: Dr. Dre
|move|p2a: Gigante de Hierro|Poltergeist|p1a: Scovillain
|-activate|p1a: Scovillain|move: Poltergeist|Scovillainite
|-damage|p1a: Scovillain|0 fnt
|-status|p2a: Gigante de Hierro|brn|[from] ability: Spicy Spray|[of] p1a: Scovillain
|faint|p1a: Scovillain
|move|p1b: Primarina|Calm Mind|p1b: Primarina
|-boost|p1b: Primarina|spa|1
|-boost|p1b: Primarina|spd|1
|
|-weather|SunnyDay|[upkeep]
|-heal|p1b: Primarina|75/100|[from] item: Leftovers
|-damage|p2a: Gigante de Hierro|93/100 brn|[from] brn
|upkeep
|
|t:|1784994501
|switch|p1a: Grimmsnarl|Grimmsnarl, L50, M|100/100
|turn|5
|
|t:|1784994520
|move|p1b: Primarina|Protect|p1b: Primarina
|-singleturn|p1b: Primarina|Protect
|move|p1a: Grimmsnarl|Reflect|p1a: Grimmsnarl
|-sidestart|p1: chocokoala vgc|Reflect
|move|p2b: Dr. Dre|Solar Beam||[still]
|-prepare|p2b: Dr. Dre|Solar Beam
|-anim|p2b: Dr. Dre|Solar Beam|p1b: Primarina
|-activate|p1b: Primarina|move: Protect
|move|p2a: Gigante de Hierro|Headlong Rush|p1a: Grimmsnarl
|-damage|p1a: Grimmsnarl|71/100
|-unboost|p2a: Gigante de Hierro|def|1
|-unboost|p2a: Gigante de Hierro|spd|1
|
|-weather|SunnyDay|[upkeep]
|-heal|p1b: Primarina|80/100|[from] item: Leftovers
|-damage|p2a: Gigante de Hierro|87/100 brn|[from] brn
|-fieldend|move: Trick Room
|upkeep
|turn|6
|
|t:|1784994539
|move|p1b: Primarina|Hyper Voice|p2a: Gigante de Hierro|[spread] p2a,p2b
|-supereffective|p2a: Gigante de Hierro|1
|-supereffective|p2b: Dr. Dre|1
|-damage|p2a: Gigante de Hierro|8/100 brn
|-damage|p2b: Dr. Dre|8/100
|move|p1a: Grimmsnarl|Foul Play|p2a: Gigante de Hierro
|-supereffective|p2a: Gigante de Hierro|1
|-damage|p2a: Gigante de Hierro|0 fnt
|faint|p2a: Gigante de Hierro
|move|p2b: Dr. Dre|Solar Beam||[still]
|-prepare|p2b: Dr. Dre|Solar Beam
|-anim|p2b: Dr. Dre|Solar Beam|p1b: Primarina
|-supereffective|p1b: Primarina|1
|-damage|p1b: Primarina|52/100
|
|-weather|SunnyDay|[upkeep]
|-heal|p1b: Primarina|58/100|[from] item: Leftovers
|upkeep
|turn|7
|-message|Wavelet forfeited.
|
|win|chocokoala vgc
