|j|☆new mental
|j|☆Russel25
|html|new mentalRussel25    
|uhtml|bestof|Game 2 of a best-of-3
|t:|1783259443
|gametype|doubles
|player|p1|new mental|volkner|1192
|player|p2|Russel25|265|1150
|gen|9
|tier|[Gen 9 Champions] VGC 2026 Reg M-B (Bo3)
|rated|
|rule|Species Clause: Limit one of each Pokémon
|rule|Item Clause: Limit 1 of each item
|clearpoke
|poke|p1|Aerodactyl, L50, M|
|poke|p1|Garchomp, L50, M|
|poke|p1|Kingambit, L50, F|
|poke|p1|Charizard, L50, M|
|poke|p1|Sylveon, L50, F|
|poke|p1|Farigiraf, L50, F|
|poke|p2|Sylveon, L50, F, shiny|
|poke|p2|Incineroar, L50, F, shiny|
|poke|p2|Aerodactyl, L50, F, shiny|
|poke|p2|Charizard, L50, M, shiny|
|poke|p2|Metagross, L50, shiny|
|poke|p2|Garchomp, L50, F, shiny|
|teampreview|4
|showteam|p1|Aerodactyl||Aerodactylite|Unnerve|IceFang,RockSlide,Tailwind,DualWingbeat|Jolly||M|||50|]Garchomp||LifeOrb|RoughSkin|DragonClaw,StompingTantrum,Earthquake,Protect|Jolly||M|||50|]Kingambit||FocusSash|Defiant|SuckerPunch,KowtowCleave,IronHead,LowKick|Adamant||F|||50|]Charizard||CharizarditeY|SolarPower|Protect,HeatWave,SolarBeam,WeatherBall|Timid||M|||50|]Sylveon||FairyFeather|Pixilate|Protect,HyperVoice,HyperBeam,QuickAttack|Modest||F|||50|]Farigiraf||SitrusBerry|ArmorTail|TrickRoom,Thunderbolt,Psychic,Roar|Bold||F|||50|
|showteam|p2|Sylveon||FairyFeather|Pixilate|HyperVoice,HyperBeam,QuickAttack,Detect|Modest||F|||50|]Incineroar||SitrusBerry|Intimidate|FakeOut,DarkestLariat,FlareBlitz,PartingShot|Careful||F|||50|]Aerodactyl||FocusSash|Unnerve|Tailwind,RockSlide,DualWingbeat,Protect|Jolly||F|||50|]Charizard||CharizarditeY|Blaze|HeatWave,WeatherBall,SolarBeam,Protect|Modest||M|||50|]Metagross||Metagrossite|ClearBody|BodyPress,BulletPunch,PsychicFangs,Protect|Adamant|||||50|]Garchomp||LifeOrb|SandVeil|Protect,RockSlide,Earthquake,DragonClaw|Jolly||F|||50|
|inactive|Battle timer is ON: inactive players will automatically lose when time's up. (requested by new mental)
|
|t:|1783259482
|teamsize|p1|4
|teamsize|p2|4
|start
|switch|p1a: Farigiraf|Farigiraf, L50, F|100/100
|switch|p1b: Garchomp|Garchomp, L50, M|100/100
|switch|p2a: Aerodactyl|Aerodactyl, L50, F, shiny|100/100
|switch|p2b: Garchomp|Garchomp, L50, F, shiny|100/100
|-ability|p2a: Aerodactyl|Unnerve
|turn|1
|inactive|Russel25 has 30 seconds left.
|
|t:|1783259510
|switch|p2a: Incineroar|Incineroar, L50, F, shiny|100/100
|-ability|p2a: Incineroar|Intimidate|boost
|-unboost|p1a: Farigiraf|atk|1
|-unboost|p1b: Garchomp|atk|1
|move|p1b: Garchomp|Dragon Claw|p2a: Incineroar
|-damage|p2a: Incineroar|72/100
|-damage|p1b: Garchomp|90/100|[from] item: Life Orb
|move|p2b: Garchomp|Dragon Claw|p1b: Garchomp
|-supereffective|p1b: Garchomp|1
|-damage|p1b: Garchomp|0 fnt
|-damage|p2b: Garchomp|87/100|[from] ability: Rough Skin|[of] p1b: Garchomp
|faint|p1b: Garchomp
|-damage|p2b: Garchomp|78/100|[from] item: Life Orb
|move|p1a: Farigiraf|Trick Room|p1a: Farigiraf
|-fieldstart|move: Trick Room|[of] p1a: Farigiraf
|
|upkeep
|
|t:|1783259524
|switch|p1b: Sylveon|Sylveon, L50, F|100/100
|turn|2
|
|t:|1783259540
|switch|p2b: Metagross|Metagross, L50, shiny|100/100
|move|p2a: Incineroar|Parting Shot|p1b: Sylveon
|-unboost|p1b: Sylveon|atk|1
|-unboost|p1b: Sylveon|spa|1
|
|t:|1783259547
|switch|p2a: Aerodactyl|Aerodactyl, L50, F, shiny|100/100|[from] Parting Shot
|-ability|p2a: Aerodactyl|Unnerve
|move|p1b: Sylveon|Hyper Voice|p2b: Metagross|[spread] p2a,p2b
|-resisted|p2b: Metagross|1
|-damage|p2a: Aerodactyl|54/100
|-damage|p2b: Metagross|82/100
|move|p1a: Farigiraf|Roar|p2a: Aerodactyl
|drag|p2a: Garchomp|Garchomp, L50, F, shiny|78/100
|
|upkeep
|turn|3
|inactive|Russel25 has 30 seconds left.
|
|t:|1783259575
|switch|p2b: Aerodactyl|Aerodactyl, L50, F, shiny|54/100
|-ability|p2b: Aerodactyl|Unnerve
|move|p1a: Farigiraf|Thunderbolt|p2b: Aerodactyl
|-supereffective|p2b: Aerodactyl|1
|-damage|p2b: Aerodactyl|0 fnt
|faint|p2b: Aerodactyl
|move|p1b: Sylveon|Hyper Voice|p2a: Garchomp
|-supereffective|p2a: Garchomp|1
|-damage|p2a: Garchomp|0 fnt
|faint|p2a: Garchomp
|
|upkeep
|
|t:|1783259587
|switch|p2a: Metagross|Metagross, L50, shiny|82/100
|switch|p2b: Incineroar|Incineroar, L50, F, shiny|72/100
|-ability|p2b: Incineroar|Intimidate|boost
|-unboost|p1a: Farigiraf|atk|1
|-unboost|p1b: Sylveon|atk|1
|turn|4
|
|t:|1783259613
|move|p2a: Metagross|Protect|p2a: Metagross
|-singleturn|p2a: Metagross|Protect
|move|p1a: Farigiraf|Thunderbolt|p2b: Incineroar
|-damage|p2b: Incineroar|53/100
|move|p2b: Incineroar|Parting Shot|p1b: Sylveon
|-unboost|p1b: Sylveon|atk|1
|-unboost|p1b: Sylveon|spa|1
|move|p1b: Sylveon|Hyper Beam|p2b: Incineroar
|-crit|p2b: Incineroar
|-damage|p2b: Incineroar|0 fnt
|-mustrecharge|p1b: Sylveon
|faint|p2b: Incineroar
|
|upkeep
|turn|5
|
|t:|1783259629
|detailschange|p2a: Metagross|Metagross-Mega, L50, shiny
|-mega|p2a: Metagross|Metagross|Metagrossite
|move|p1a: Farigiraf|Thunderbolt|p2a: Metagross
|-damage|p2a: Metagross|62/100
|cant|p1b: Sylveon|recharge
|move|p2a: Metagross|Body Press|p1a: Farigiraf
|-damage|p1a: Farigiraf|73/100
|
|-fieldend|move: Trick Room
|upkeep
|turn|6
|
|t:|1783259643
|move|p2a: Metagross|Psychic Fangs|p1b: Sylveon
|-damage|p1b: Sylveon|24/100
|move|p1b: Sylveon|Hyper Voice|p2a: Metagross
|-resisted|p2a: Metagross|1
|-damage|p2a: Metagross|47/100
|move|p1a: Farigiraf|Trick Room|p1a: Farigiraf
|-fieldstart|move: Trick Room|[of] p1a: Farigiraf
|
|upkeep
|turn|7
|
|t:|1783259651
|move|p1a: Farigiraf|Thunderbolt|p2a: Metagross
|-damage|p2a: Metagross|23/100
|move|p1b: Sylveon|Hyper Voice|p2a: Metagross
|-resisted|p2a: Metagross|1
|-damage|p2a: Metagross|6/100
|move|p2a: Metagross|Psychic Fangs|p1b: Sylveon
|-damage|p1b: Sylveon|0 fnt
|faint|p1b: Sylveon
|
|upkeep
|
|t:|1783259655
|switch|p1b: Kingambit|Kingambit, L50, F|100/100
|turn|8
|
|t:|1783259664
|move|p2a: Metagross|Protect|p2a: Metagross
|-singleturn|p2a: Metagross|Protect
|move|p1a: Farigiraf|Psychic|p2a: Metagross
|-activate|p2a: Metagross|move: Protect
|move|p1b: Kingambit|Kowtow Cleave|p2a: Metagross
|-activate|p2a: Metagross|move: Protect
|
|upkeep
|turn|9
|
|t:|1783259672
|move|p2a: Metagross|Protect||[still]
|-fail|p2a: Metagross
|move|p1a: Farigiraf|Psychic|p2a: Metagross
|-resisted|p2a: Metagross|2
|-damage|p2a: Metagross|0 fnt
|faint|p2a: Metagross
|
|win|new mental
||Russel25 is ready for game 3.
||new mental is ready for game 3.
|uhtml|next|Next: Game 3 of 3
