|j|☆crystal_soul27
|j|☆Chug132
|html|crystal_soul27Chug132    
|uhtml|bestof|Game 2 of a best-of-3
|t:|1784249956
|gametype|doubles
|player|p1|crystal_soul27|waiter-gen4|
|player|p2|Chug132|169|
|gen|9
|tier|[Gen 9 Champions] VGC 2026 Reg M-B (Bo3)
|rule|Species Clause: Limit one of each Pokémon
|rule|Item Clause: Limit 1 of each item
|clearpoke
|poke|p1|Staraptor, L50, F|
|poke|p1|Grimmsnarl, L50, M|
|poke|p1|Gengar, L50, M, shiny|
|poke|p1|Arcanine-Hisui, L50, F|
|poke|p1|Meowscarada, L50, M|
|poke|p1|Empoleon, L50, F|
|poke|p2|Froslass, L50, F|
|poke|p2|Infernape, L50, M|
|poke|p2|Kingambit, L50, F|
|poke|p2|Ninetales-Alola, L50, F|
|poke|p2|Swampert, L50, F|
|poke|p2|Beartic, L50, M|
|teampreview|4
|showteam|p1|Staraptor||Staraptite|Intimidate|CloseCombat,BraveBird,Tailwind,Protect|Jolly||F|||50|]Grimmsnarl||LightClay|Prankster|SpiritBreak,Reflect,LightScreen,PartingShot|Careful||M|||50|]Gengar||FocusSash|CursedBody|ShadowBall,SludgeBomb,ThunderWave,Taunt|Timid||M|||50|]Arcanine-Hisui||LifeOrb|RockHead|FlareBlitz,HeadSmash,RockSlide,PsychicFangs|Jolly||F|||50|]Meowscarada||ExpertBelt|Protean|FlowerTrick,ThroatChop,BrickBreak,Uturn|Jolly||M|||50|]Empoleon||SitrusBerry|Competitive|HydroPump,FlashCannon,IcyWind,FlipTurn|Modest||F|||50|
|showteam|p2|Froslass||Froslassite|SnowCloak|Blizzard,ShadowBall,Protect,AuroraVeil|Timid||F|||50|]Infernape||FocusSash|IronFist|FakeOut,CloseCombat,MachPunch,Protect|Jolly||M|||50|]Kingambit||LifeOrb|Defiant|KowtowCleave,IronHead,Protect,SuckerPunch|Adamant||F|||50|]Ninetales-Alola||LightClay|SnowCloak|AuroraVeil,Blizzard,Moonblast,Protect|Timid||F|||50|]Swampert||SitrusBerry|Torrent|Earthquake,WaveCrash,IceBeam,Protect|Adamant||F|||50|]Beartic||Leftovers|SlushRush|SwordsDance,IcicleCrash,Superpower,Protect|Adamant||M|||50|
|
|t:|1784250063
|teamsize|p1|4
|teamsize|p2|4
|start
|switch|p1a: Hi|Gengar, L50, M, shiny|100/100
|switch|p1b: Grimmsnarl|Grimmsnarl, L50, M|100/100
|switch|p2a: Froslass|Froslass, L50, F|100/100
|switch|p2b: Ninetales|Ninetales-Alola, L50, F|100/100
|turn|1
|
|t:|1784250092
|detailschange|p2a: Froslass|Froslass-Mega, L50, F
|-mega|p2a: Froslass|Froslass|Froslassite
|-weather|Snowscape|[from] ability: Snow Warning|[of] p2a: Froslass
|move|p1b: Grimmsnarl|Light Screen|p1b: Grimmsnarl
|-sidestart|p1: crystal_soul27|move: Light Screen
|move|p2a: Froslass|Aurora Veil|p2a: Froslass
|-sidestart|p2: Chug132|move: Aurora Veil
|move|p1a: Hi|Taunt|p2b: Ninetales
|-start|p2b: Ninetales|move: Taunt
|move|p2b: Ninetales|Blizzard|p1b: Grimmsnarl|[spread] p1a,p1b
|-damage|p1a: Hi|64/100
|-damage|p1b: Grimmsnarl|82/100
|
|-weather|Snowscape|[upkeep]
|upkeep
|turn|2
|
|t:|1784250119
|switch|p1a: Staraptor|Staraptor, L50, F|100/100
|-ability|p1a: Staraptor|Intimidate|boost
|-unboost|p2a: Froslass|atk|1
|-unboost|p2b: Ninetales|atk|1
|move|p1b: Grimmsnarl|Parting Shot|p2a: Froslass
|-unboost|p2a: Froslass|atk|1
|-unboost|p2a: Froslass|spa|1
|
|t:|1784250130
|switch|p1b: Hi|Gengar, L50, M, shiny|64/100|[from] Parting Shot
|move|p2a: Froslass|Shadow Ball|p1a: Staraptor
|-immune|p1a: Staraptor
|move|p2b: Ninetales|Moonblast|p1b: Hi
|-resisted|p1b: Hi|1
|-damage|p1b: Hi|45/100
|
|-weather|Snowscape|[upkeep]
|upkeep
|turn|3
|
|t:|1784250179
|detailschange|p1a: Staraptor|Staraptor-Mega, L50, F
|-mega|p1a: Staraptor|Staraptor|Staraptite
|move|p2a: Froslass|Blizzard|p1a: Staraptor|[spread] p1a,p1b
|-supereffective|p1a: Staraptor|1
|-damage|p1a: Staraptor|52/100
|-damage|p1b: Hi|10/100
|move|p1a: Staraptor|Tailwind|p1a: Staraptor
|-sidestart|p1: crystal_soul27|move: Tailwind
|move|p1b: Hi|Thunder Wave|p2a: Froslass|[miss]
|-miss|p1b: Hi|p2a: Froslass
|move|p2b: Ninetales|Blizzard|p1b: Hi|[spread] p1a,p1b
|-supereffective|p1a: Staraptor|1
|-damage|p1a: Staraptor|0 fnt
|-damage|p1b: Hi|0 fnt
|-start|p2b: Ninetales|Disable|Blizzard|[from] ability: Cursed Body|[of] p1b: Hi
|faint|p1a: Staraptor
|faint|p1b: Hi
|
|-weather|Snowscape|[upkeep]
|-end|p2b: Ninetales|move: Taunt
|upkeep
|
|t:|1784250195
|switch|p1b: Grimmsnarl|Grimmsnarl, L50, M|82/100
|switch|p1a: Meowscarada|Meowscarada, L50, M|100/100
|turn|4
|
|t:|1784250217
|move|p1b: Grimmsnarl|Reflect|p1b: Grimmsnarl
|-sidestart|p1: crystal_soul27|Reflect
|move|p1a: Meowscarada|Throat Chop|p2a: Froslass
|-start|p1a: Meowscarada|typechange|Dark|[from] ability: Protean
|-supereffective|p2a: Froslass|1
|-damage|p2a: Froslass|40/100
|-start|p2a: Froslass|Throat Chop|[silent]
|move|p2a: Froslass|Blizzard|p1a: Meowscarada|[spread] p1a,p1b
|-damage|p1a: Meowscarada|69/100
|-damage|p1b: Grimmsnarl|65/100
|move|p2b: Ninetales|Moonblast|p1a: Meowscarada
|-supereffective|p1a: Meowscarada|1
|-crit|p1a: Meowscarada
|-damage|p1a: Meowscarada|0 fnt
|faint|p1a: Meowscarada
|
|-weather|Snowscape|[upkeep]
|upkeep
|turn|5
|
|t:|1784250239
|move|p2a: Froslass|Blizzard|p1b: Grimmsnarl
|-damage|p1b: Grimmsnarl|43/100
|move|p2b: Ninetales|Moonblast|p1b: Grimmsnarl
|-supereffective|p1b: Grimmsnarl|1
|-damage|p1b: Grimmsnarl|7/100
|-unboost|p1b: Grimmsnarl|spa|1
|move|p1b: Grimmsnarl|Spirit Break|p2a: Froslass
|-damage|p2a: Froslass|19/100
|-unboost|p2a: Froslass|spa|1
|
|-weather|none
|-end|p2a: Froslass|Throat Chop|[silent]
|-sideend|p2: Chug132|move: Aurora Veil
|upkeep
|turn|6
|
|t:|1784250264
|move|p2a: Froslass|Blizzard|p1b: Grimmsnarl
|-damage|p1b: Grimmsnarl|0 fnt
|faint|p1b: Grimmsnarl
|
|win|Chug132
||crystal_soul27 is ready for game 3.
|inactive|Chug132 has 30 seconds to confirm battle start!
||Chug132 is ready for game 3.
|uhtml|next|Next: Game 3 of 3
|l|☆Chug132
|player|p2|
