|j|☆B South
|j|☆NicoViBrittania
|html|B SouthNicoViBrittania    
|uhtml|bestof|Game 2 of a best-of-3
|t:|1757696109
|gametype|doubles
|player|p1|B South|169|1094
|player|p2|NicoViBrittania|266|1123
|gen|9
|tier|[Gen 9] VGC 2025 Reg H (Bo3)
|rated|
|rule|Species Clause: Limit one of each Pokémon
|rule|Item Clause: Limit 1 of each item
|clearpoke
|poke|p1|Pelipper, L50, F|
|poke|p1|Archaludon, L50, F|
|poke|p1|Basculegion, L50, M|
|poke|p1|Barraskewda, L50, M|
|poke|p1|Maushold, L50|
|poke|p1|Annihilape, L50, F|
|poke|p2|Annihilape, L50, F|
|poke|p2|Porygon2, L50|
|poke|p2|Primarina, L50, F|
|poke|p2|Torkoal, L50, M|
|poke|p2|Exeggutor-Alola, L50, M|
|poke|p2|Charizard, L50, F|
|teampreview|4
|showteam|p1|Pelipper||ChoiceScarf|Drizzle|Tailwind,WeatherBall,Hurricane,WideGuard|||F|||50|,,,,,Stellar]Archaludon||AssaultVest|Stamina|ElectroShot,BodyPress,DracoMeteor,FlashCannon|||F|||50|,,,,,Bug]Basculegion||MysticWater|SwiftSwim|AquaJet,FlipTurn,WaveCrash,LastRespects|||M|||50|,,,,,Water]Barraskewda||ChoiceBand|SwiftSwim|FlipTurn,Liquidation,CloseCombat,AquaJet|||M|||50|,,,,,Fighting]Maushold||SafetyGoggles|FriendGuard|BeatUp,FollowMe,Taunt,Protect||||||50|,,,,,Ghost]Annihilape||Leftovers|Defiant|BulkUp,RageFist,DrainPunch,Protect|||F|||50|,,,,,Grass
|showteam|p2|Annihilape||SafetyGoggles|Defiant|Encore,Taunt,FinalGambit,RageFist|||F|||50|,,,,,Fire]Porygon2||Eviolite|Trace|TrickRoom,TriAttack,Protect,Recover||||||50|,,,,,Ghost]Primarina||ThroatSpray|LiquidVoice|Moonblast,Protect,HyperVoice,TeraBlast|||F|||50|,,,,,Ground]Torkoal||CovertCloak|Drought|HeatWave,HelpingHand,Protect,Eruption|||M|||50|,,,,,Fire]Exeggutor-Alola||SitrusBerry|Harvest|DracoMeteor,GigaDrain,TrickRoom,WoodHammer|||M|||50|,,,,,Ghost]Charizard||LifeOrb|SolarPower|DragonPulse,HeatWave,AirCutter,HelpingHand|||F|||50|,,,,,Fire
|inactive|Battle timer is ON: inactive players will automatically lose when time's up. (requested by B South)
|
|t:|1757696138
|teamsize|p1|4
|teamsize|p2|4
|start
|switch|p1a: Maushold|Maushold, L50|100/100
|switch|p1b: Annihilape|Annihilape, L50, F|100/100
|switch|p2a: Charizard|Charizard, L50, F|100/100
|switch|p2b: Annihilape|Annihilape, L50, F|100/100
|turn|1
|inactive|NicoViBrittania has 30 seconds left.
|
|t:|1757696163
|switch|p2b: Torkoal|Torkoal, L50, M|100/100
|-weather|SunnyDay|[from] ability: Drought|[of] p2b: Torkoal
|-terastallize|p1a: Maushold|Ghost
|move|p1a: Maushold|Beat Up|p1b: Annihilape
|-damage|p1b: Annihilape|99/100
|-damage|p1b: Annihilape|97/100
|-damage|p1b: Annihilape|95/100
|-damage|p1b: Annihilape|94/100
|-hitcount|p1b: Annihilape|4
|move|p2a: Charizard|Heat Wave|p1a: Maushold|[spread] p1a,p1b
|-damage|p1a: Maushold|0 fnt
|-damage|p1b: Annihilape|42/100
|faint|p1a: Maushold
|-damage|p2a: Charizard|91/100|[from] item: Life Orb
|move|p1b: Annihilape|Rage Fist|p2a: Charizard
|-damage|p2a: Charizard|0 fnt
|faint|p2a: Charizard
|
|-weather|SunnyDay|[upkeep]
|-heal|p1b: Annihilape|48/100|[from] item: Leftovers
|upkeep
|inactive|B South has 30 seconds left.
|inactive|NicoViBrittania has 30 seconds left.
|
|t:|1757696198
|switch|p1a: Basculegion|Basculegion, L50, M|100/100
|switch|p2a: Exeggutor|Exeggutor-Alola, L50, M|100/100
|turn|2
|
|t:|1757696211
|switch|p1b: Peeko|Pelipper, L50, F, shiny|100/100
|-weather|RainDance|[from] ability: Drizzle|[of] p1b: Peeko
|move|p1a: Basculegion|Flip Turn|p2b: Torkoal
|-supereffective|p2b: Torkoal
|-damage|p2b: Torkoal|21/100
|
|t:|1757696218
|switch|p1a: Annihilape|Annihilape, L50, F|48/100|[from] Flip Turn
|move|p2b: Torkoal|Eruption|p1b: Peeko|[spread] p1a,p1b
|-resisted|p1b: Peeko
|-damage|p1a: Annihilape|45/100
|-damage|p1b: Peeko|96/100
|move|p2a: Exeggutor|Trick Room|p2a: Exeggutor
|-fieldstart|move: Trick Room|[of] p2a: Exeggutor
|
|-weather|RainDance|[upkeep]
|-heal|p1a: Annihilape|51/100|[from] item: Leftovers
|upkeep
|turn|3
|
|t:|1757696241
|-terastallize|p2a: Exeggutor|Ghost
|move|p2b: Torkoal|Helping Hand|p2a: Exeggutor
|-singleturn|p2a: Exeggutor|Helping Hand|[of] p2b: Torkoal
|move|p2a: Exeggutor|Giga Drain|p1a: Annihilape
|-damage|p1a: Annihilape|11/100
|move|p1a: Annihilape|Rage Fist|p2b: Torkoal
|-damage|p2b: Torkoal|0 fnt
|faint|p2b: Torkoal
|move|p1b: Peeko|Hurricane|p2a: Exeggutor
|-damage|p2a: Exeggutor|47/100
|-enditem|p2a: Exeggutor|Sitrus Berry|[eat]
|-heal|p2a: Exeggutor|71/100|[from] item: Sitrus Berry
|
|-weather|RainDance|[upkeep]
|-heal|p1a: Annihilape|17/100|[from] item: Leftovers
|-item|p2a: Exeggutor|Sitrus Berry|[from] ability: Harvest
|upkeep
|
|t:|1757696260
|switch|p2b: Annihilape|Annihilape, L50, F|100/100
|turn|4
|
|t:|1757696276
|move|p1a: Annihilape|Protect|p1a: Annihilape
|-singleturn|p1a: Annihilape|Protect
|move|p2a: Exeggutor|Giga Drain|p1a: Annihilape
|-activate|p1a: Annihilape|move: Protect
|move|p2b: Annihilape|Rage Fist|p1b: Peeko
|-damage|p1b: Peeko|69/100
|move|p1b: Peeko|Hurricane|p2b: Annihilape
|-supereffective|p2b: Annihilape
|-damage|p2b: Annihilape|14/100
|
|-weather|RainDance|[upkeep]
|-heal|p1a: Annihilape|23/100|[from] item: Leftovers
|upkeep
|turn|5
|
|t:|1757696301
|move|p1a: Annihilape|Protect|p1a: Annihilape
|-singleturn|p1a: Annihilape|Protect
|move|p2a: Exeggutor|Giga Drain|p1b: Peeko
|-damage|p1b: Peeko|1/100
|-heal|p2a: Exeggutor|94/100|[from] drain|[of] p1b: Peeko
|move|p2b: Annihilape|Rage Fist|p1a: Annihilape
|-activate|p1a: Annihilape|move: Protect
|move|p1b: Peeko|Hurricane|p2b: Annihilape
|-supereffective|p2b: Annihilape
|-crit|p2b: Annihilape
|-damage|p2b: Annihilape|0 fnt
|faint|p2b: Annihilape
|
|-weather|RainDance|[upkeep]
|-heal|p1a: Annihilape|29/100|[from] item: Leftovers
|upkeep
|turn|6
|
|t:|1757696321
|move|p2a: Exeggutor|Giga Drain|p1a: Annihilape
|-damage|p1a: Annihilape|1/100
|-heal|p2a: Exeggutor|100/100|[from] drain|[of] p1a: Annihilape
|move|p1a: Annihilape|Rage Fist|p2a: Exeggutor
|-supereffective|p2a: Exeggutor
|-damage|p2a: Exeggutor|0 fnt
|faint|p2a: Exeggutor
|
|win|B South
|raw|B South's rating: 1094 → 1122(+28 for winning)
|raw|NicoViBrittania's rating: 1123 → 1096(-27 for losing)
|l|☆NicoViBrittania
|player|p2|
