|j|☆bimbo mafioso
|j|☆uhhhhh_plz
|html|bimbo mafiosouhhhhh_plz    
|uhtml|bestof|Game 2 of a best-of-3
|t:|1756761568
|gametype|doubles
|player|p1|bimbo mafioso|swimmerf|1158
|player|p2|uhhhhh_plz|169|1177
|gen|9
|tier|[Gen 9] VGC 2025 Reg H (Bo3)
|rated|
|rule|Species Clause: Limit one of each Pokémon
|rule|Item Clause: Limit 1 of each item
|clearpoke
|poke|p1|Gholdengo, L50|
|poke|p1|Amoonguss, L50, F|
|poke|p1|Basculegion, L50, M|
|poke|p1|Pelipper, L50, M|
|poke|p1|Incineroar, L50, F|
|poke|p1|Archaludon, L50, M|
|poke|p2|Rillaboom, L50, M|
|poke|p2|Ursaluna-Bloodmoon, L50, M|
|poke|p2|Comfey, L50, F|
|poke|p2|Volcarona, L50, F|
|poke|p2|Electabuzz, L50, M|
|poke|p2|Dragonite, L50, F|
|teampreview|4
|showteam|p1|Gholdengo||LifeOrb|GoodasGold|MakeItRain,ShadowBall,NastyPlot,Protect||||||50|,,,,,Water]Amoonguss||SitrusBerry|Regenerator|Spore,RagePowder,PollenPuff,Protect|||F|||50|,,,,,Water]Basculegion||ChoiceBand|SwiftSwim|WaveCrash,AquaJet,LastRespects,FlipTurn|||M|||50|,,,,,Water]Pelipper||FocusSash|Drizzle|WeatherBall,Hurricane,Tailwind,Protect|||M|||50|,,,,,Ground]Incineroar||SafetyGoggles|Intimidate|FakeOut,KnockOff,Taunt,PartingShot|||F|||50|,,,,,Ghost]Archaludon||AssaultVest|Stamina|ElectroShot,FlashCannon,DracoMeteor,BodyPress|||M|||50|,,,,,Bug
|showteam|p2|Rillaboom||AssaultVest|GrassySurge|FakeOut,Uturn,GrassyGlide,HighHorsepower|||M|||50|,,,,,Fire]Ursaluna-Bloodmoon||Leftovers|MindsEye|Protect,CalmMind,EarthPower,HyperVoice|||M|||50|,,,,,Poison]Comfey||FocusSash|Triage|Protect,HelpingHand,FloralHealing,DrainingKiss|||F|||50|,,,,,Ghost]Volcarona||GrassySeed|FlameBody|Protect,QuiverDance,FieryDance,GigaDrain|||F|||50|,,,,,Grass]Electabuzz||Eviolite|VitalSpirit|Protect,FollowMe,Taunt,Thunderbolt|||M|||50|,,,,,Ghost]Dragonite||LoadedDice|InnerFocus|Protect,Haze,AquaJet,ScaleShot|||F|||50|,,,,,Fairy
|inactive|Battle timer is ON: inactive players will automatically lose when time's up. (requested by bimbo mafioso)
|inactive|uhhhhh_plz also wants the timer to be on.
|
|t:|1756761596
|teamsize|p1|4
|teamsize|p2|4
|start
|switch|p1a: Incineroar|Incineroar, L50, F|100/100
|switch|p1b: Gholdengo|Gholdengo, L50|100/100
|switch|p2a: Dragonite|Dragonite, L50, F|100/100
|switch|p2b: Electabuzz|Electabuzz, L50, M|100/100
|-ability|p1a: Incineroar|Intimidate|boost
|-fail|p2a: Dragonite|unboost|Attack|[from] ability: Inner Focus|[of] p2a: Dragonite
|-unboost|p2b: Electabuzz|atk|1
|turn|1
|inactive|uhhhhh_plz has 30 seconds left.
|
|t:|1756761626
|move|p1b: Gholdengo|Nasty Plot|p1b: Gholdengo
|-boost|p1b: Gholdengo|spa|2
|move|p2a: Dragonite|Scale Shot|p1a: Incineroar
|-damage|p1a: Incineroar|86/100
|-damage|p1a: Incineroar|72/100
|-damage|p1a: Incineroar|58/100
|-damage|p1a: Incineroar|45/100
|-damage|p1a: Incineroar|30/100
|-hitcount|p1a: Incineroar|5
|-unboost|p2a: Dragonite|def|1
|-boost|p2a: Dragonite|spe|1
|move|p2b: Electabuzz|Thunderbolt|p1b: Gholdengo
|-damage|p1b: Gholdengo|64/100
|move|p1a: Incineroar|Knock Off|p2a: Dragonite
|-damage|p2a: Dragonite|27/100
|-enditem|p2a: Dragonite|Loaded Dice|[from] move: Knock Off|[of] p1a: Incineroar
|
|upkeep
|turn|2
|inactive|bimbo mafioso has 30 seconds left.
|inactive|bimbo mafioso has 20 seconds left.
|
|t:|1756761665
|move|p2a: Dragonite|Haze|p2a: Dragonite
|-clearallboost
|move|p1b: Gholdengo|Make It Rain|p2b: Electabuzz|[spread] p2a,p2b
|-resisted|p2b: Electabuzz
|-damage|p2a: Dragonite|0 fnt
|-damage|p2b: Electabuzz|75/100
|-unboost|p1b: Gholdengo|spa|1
|faint|p2a: Dragonite
|-damage|p1b: Gholdengo|55/100|[from] item: Life Orb
|move|p2b: Electabuzz|Thunderbolt|p1a: Incineroar
|-damage|p1a: Incineroar|5/100
|move|p1a: Incineroar|Taunt|p2b: Electabuzz
|-start|p2b: Electabuzz|move: Taunt
|
|upkeep
|
|t:|1756761675
|switch|p2a: Ursaluna|Ursaluna-Bloodmoon, L50, M|100/100
|turn|3
|
|t:|1756761681
|move|p1b: Gholdengo|Protect|p1b: Gholdengo
|-singleturn|p1b: Gholdengo|Protect
|move|p2b: Electabuzz|Thunderbolt|p1a: Incineroar
|-damage|p1a: Incineroar|0 fnt
|faint|p1a: Incineroar
|move|p2a: Ursaluna|Calm Mind|p2a: Ursaluna
|-boost|p2a: Ursaluna|spa|1
|-boost|p2a: Ursaluna|spd|1
|
|upkeep
|
|t:|1756761687
|switch|p1a: Basculegion|Basculegion, L50, M|100/100
|turn|4
|inactive|bimbo mafioso has 30 seconds left.
|inactive|uhhhhh_plz has 30 seconds left.
|inactive|uhhhhh_plz has 20 seconds left.
|inactive|bimbo mafioso has 20 seconds left.
|inactive|uhhhhh_plz has 15 seconds left.
|inactive|bimbo mafioso has 15 seconds left.
|inactive|uhhhhh_plz has 10 seconds left.
|inactive|bimbo mafioso has 10 seconds left.
|
|t:|1756761742
|switch|p1b: Pelipper|Pelipper, L50, M|100/100
|-weather|RainDance|[from] ability: Drizzle|[of] p1b: Pelipper
|-terastallize|p1a: Basculegion|Water
|-terastallize|p2a: Ursaluna|Poison
|move|p1a: Basculegion|Flip Turn|p2b: Electabuzz
|-damage|p2b: Electabuzz|10/100
|
|t:|1756761751
|switch|p1a: Gholdengo|Gholdengo, L50|55/100|[from] Flip Turn
|move|p2b: Electabuzz|Thunderbolt|p1a: Gholdengo
|-damage|p1a: Gholdengo|21/100
|move|p2a: Ursaluna|Hyper Voice|p1b: Pelipper|[spread] p1a,p1b
|-resisted|p1a: Gholdengo
|-damage|p1a: Gholdengo|0 fnt
|-enditem|p1b: Pelipper|Focus Sash
|-damage|p1b: Pelipper|1/100
|faint|p1a: Gholdengo
|
|-weather|RainDance|[upkeep]
|upkeep
|
|t:|1756761774
|switch|p1a: Basculegion|Basculegion, L50, M, tera:Water|100/100
|turn|5
|
|t:|1756761794
|move|p1b: Pelipper|Protect|p1b: Pelipper
|-singleturn|p1b: Pelipper|Protect
|move|p1a: Basculegion|Last Respects|p2a: Ursaluna
|-damage|p2a: Ursaluna|12/100
|move|p2b: Electabuzz|Thunderbolt|p1b: Pelipper
|-activate|p1b: Pelipper|move: Protect
|move|p2a: Ursaluna|Hyper Voice|p1a: Basculegion|[spread] p1a
|-activate|p1b: Pelipper|move: Protect
|-damage|p1a: Basculegion|31/100
|
|-weather|RainDance|[upkeep]
|-heal|p2a: Ursaluna|18/100|[from] item: Leftovers
|-end|p2b: Electabuzz|move: Taunt
|upkeep
|turn|6
|
|t:|1756761816
|move|p2a: Ursaluna|Protect|p2a: Ursaluna
|-singleturn|p2a: Ursaluna|Protect
|move|p1a: Basculegion|Last Respects|p2b: Electabuzz
|-damage|p2b: Electabuzz|0 fnt
|faint|p2b: Electabuzz
|move|p1b: Pelipper|Weather Ball|p2a: Ursaluna
|-activate|p2a: Ursaluna|move: Protect
|
|-weather|RainDance|[upkeep]
|-heal|p2a: Ursaluna|25/100|[from] item: Leftovers
|upkeep
|
|t:|1756761822
|switch|p2b: Comfey|Comfey, L50, F|100/100
|turn|7
|
|t:|1756761846
|move|p2b: Comfey|Draining Kiss|p1b: Pelipper
|-damage|p1b: Pelipper|0 fnt
|faint|p1b: Pelipper
|move|p1a: Basculegion|Last Respects|p2a: Ursaluna
|-damage|p2a: Ursaluna|0 fnt
|faint|p2a: Ursaluna
|
|-weather|RainDance|[upkeep]
|upkeep
|turn|8
|
|t:|1756761852
|move|p2b: Comfey|Draining Kiss|p1a: Basculegion
|-crit|p1a: Basculegion
|-damage|p1a: Basculegion|7/100
|move|p1a: Basculegion|Last Respects|p2b: Comfey
|-enditem|p2b: Comfey|Focus Sash
|-damage|p2b: Comfey|1/100
|
|-weather|none
|upkeep
|turn|9
|
|t:|1756761870
|move|p2b: Comfey|Draining Kiss|p1a: Basculegion
|-damage|p1a: Basculegion|0 fnt
|-heal|p2b: Comfey|7/100|[from] drain|[of] p1a: Basculegion
|faint|p1a: Basculegion
|
|win|uhhhhh_plz
|raw|bimbo mafioso's rating: 1158 → 1134(-24 for losing)
|raw|uhhhhh_plz's rating: 1177 → 1201(+24 for winning)
|c|☆uhhhhh_plz|ggs wp!
|c|☆bimbo mafioso|i didnt play well actually
|c|☆bimbo mafioso|so many mistakes
