|j|☆bcoffey1010
|j|☆Bosilek
|html|bcoffey1010Bosilek    
|uhtml|bestof|Game 2 of a best-of-3
|t:|1756237083
|gametype|doubles
|player|p1|bcoffey1010|102|1203
|player|p2|Bosilek|lance|1052
|gen|9
|tier|[Gen 9] VGC 2025 Reg H (Bo3)
|rated|
|rule|Species Clause: Limit one of each Pokémon
|rule|Item Clause: Limit 1 of each item
|clearpoke
|poke|p1|Talonflame, L50, M|
|poke|p1|Gholdengo, L50|
|poke|p1|Dragonite, L50, M|
|poke|p1|Archaludon, L50, M|
|poke|p1|Tyranitar, L50, M|
|poke|p1|Garchomp, L50, F|
|poke|p2|Annihilape, L50, M|
|poke|p2|Maushold, L50|
|poke|p2|Archaludon, L50, F|
|poke|p2|Pelipper, L50, M|
|poke|p2|Amoonguss, L50, F|
|poke|p2|Ursaluna, L50, M|
|teampreview|4
|showteam|p1|Talonflame||CovertCloak|GaleWings|Tailwind,BraveBird,Taunt,WillOWisp|||M|||50|,,,,,Ghost]Gholdengo||ChoiceSpecs|GoodasGold|MakeItRain,SteelBeam,ShadowBall,PowerGem||||||50|,,,,,Steel]Dragonite||LoadedDice|Multiscale|ScaleShot,Protect,Haze,ExtremeSpeed|||M|||50|,,,,,Steel]Archaludon||PowerHerb|Sturdy|FlashCannon,ElectroShot,DracoMeteor,Protect|||M|||50|,,,,,Flying]Tyranitar||AssaultVest|SandStream|KnockOff,RockSlide,TeraBlast,LowKick|||M|||50|,,,,,Flying]Garchomp||LifeOrb|RoughSkin|DragonClaw,StompingTantrum,Earthquake,Protect|||F|||50|,,,,,Steel
|showteam|p2|Annihilape||SafetyGoggles|Defiant|Protect,BulkUp,DrainPunch,RageFist|||M|||50|,,,,,Water]Maushold||CovertCloak|FriendGuard|FollowMe,Taunt,BeatUp,SuperFang||||||50|,,,,,Ghost]Archaludon||AssaultVest|Stamina|FlashCannon,DragonPulse,ElectroShot,BodyPress|||F|||50|,,,,,Bug]Pelipper||FocusSash|Drizzle|Protect,WeatherBall,Hurricane,Tailwind|||M|||50|,,,,,Ghost]Amoonguss||SitrusBerry|Regenerator|SludgeBomb,PollenPuff,Spore,RagePowder|||F|||50|,,,,,Water]Ursaluna||FlameOrb|Guts|Protect,HeadlongRush,Earthquake,Facade|||M|||50|,,,,,Ghost
|inactive|Battle timer is ON: inactive players will automatically lose when time's up. (requested by bcoffey1010)
|
|t:|1756237141
|teamsize|p1|4
|teamsize|p2|4
|start
|switch|p1a: Gholdengo|Gholdengo, L50|100/100
|switch|p1b: Talonflame|Talonflame, L50, M|100/100
|switch|p2a: Archaludon|Archaludon, L50, F|100/100
|switch|p2b: Pelipper|Pelipper, L50, M|100/100
|-weather|RainDance|[from] ability: Drizzle|[of] p2b: Pelipper
|turn|1
|
|t:|1756237156
|switch|p1b: Tyranitar|Tyranitar, L50, M|100/100
|-weather|Sandstorm|[from] ability: Sand Stream|[of] p1b: Tyranitar
|move|p1a: Gholdengo|Shadow Ball|p2a: Archaludon
|-damage|p2a: Archaludon|48/100
|-ability|p2a: Archaludon|Stamina|boost
|-boost|p2a: Archaludon|def|1
|move|p2b: Pelipper|Hurricane|p1a: Gholdengo
|-resisted|p1a: Gholdengo
|-damage|p1a: Gholdengo|75/100
|-start|p1a: Gholdengo|confusion
|move|p2a: Archaludon|Electro Shot||[still]
|-prepare|p2a: Archaludon|Electro Shot
|-boost|p2a: Archaludon|spa|1
|
|-weather|Sandstorm|[upkeep]
|-damage|p2b: Pelipper|95/100|[from] Sandstorm
|upkeep
|turn|2
|
|t:|1756237178
|switch|p2b: Maushold|Maushold, L50|100/100
|-activate|p1a: Gholdengo|confusion
|move|p1a: Gholdengo|Shadow Ball|p2a: Archaludon
|-damage|p2a: Archaludon|10/100
|-ability|p2a: Archaludon|Stamina|boost
|-boost|p2a: Archaludon|def|1
|move|p2a: Archaludon|Electro Shot|p1b: Tyranitar|[from] lockedmove
|-damage|p1b: Tyranitar|74/100
|move|p1b: Tyranitar|Rock Slide|p2a: Archaludon|[spread] p2a,p2b
|-resisted|p2a: Archaludon
|-crit|p2a: Archaludon
|-damage|p2a: Archaludon|0 fnt
|-damage|p2b: Maushold|64/100
|faint|p2a: Archaludon
|
|-weather|Sandstorm|[upkeep]
|-damage|p2b: Maushold|58/100|[from] Sandstorm
|upkeep
|
|t:|1756237181
|switch|p2a: Pelipper|Pelipper, L50, M|95/100
|-weather|RainDance|[from] ability: Drizzle|[of] p2a: Pelipper
|turn|3
|inactive|bcoffey1010 has 30 seconds left.
|inactive|bcoffey1010 has 20 seconds left.
|
|t:|1756237219
|switch|p1a: Garchomp|Garchomp, L50, F|100/100
|move|p2b: Maushold|Super Fang|p1b: Tyranitar
|-damage|p1b: Tyranitar|38/100
|move|p2a: Pelipper|Weather Ball|p1a: Garchomp
|-damage|p1a: Garchomp|22/100
|move|p1b: Tyranitar|Rock Slide|p2a: Pelipper|[spread] p2a,p2b
|-supereffective|p2a: Pelipper
|-damage|p2a: Pelipper|35/100
|-damage|p2b: Maushold|19/100
|
|-weather|RainDance|[upkeep]
|upkeep
|turn|4
|inactive|bcoffey1010 has 30 seconds left.
|inactive|bcoffey1010 has 20 seconds left.
|inactive|bcoffey1010 has 15 seconds left.
|
|t:|1756237264
|move|p2b: Maushold|Follow Me|p2b: Maushold
|-singleturn|p2b: Maushold|move: Follow Me
|move|p1a: Garchomp|Dragon Claw|p2b: Maushold
|-damage|p2b: Maushold|0 fnt
|faint|p2b: Maushold
|-damage|p1a: Garchomp|12/100|[from] item: Life Orb
|move|p2a: Pelipper|Weather Ball|p1b: Tyranitar
|-supereffective|p1b: Tyranitar
|-damage|p1b: Tyranitar|0 fnt
|faint|p1b: Tyranitar
|
|-weather|RainDance|[upkeep]
|upkeep
|
|t:|1756237276
|switch|p2b: Annihilape|Annihilape, L50, M|100/100
|switch|p1b: Talonflame|Talonflame, L50, M|100/100
|turn|5
|inactive|Bosilek has 30 seconds left.
|inactive|Bosilek has 20 seconds left.
|
|t:|1756237311
|-terastallize|p2b: Annihilape|Water
|move|p1b: Talonflame|Will-O-Wisp|p2b: Annihilape
|-status|p2b: Annihilape|brn
|move|p1a: Garchomp|Dragon Claw|p2a: Pelipper
|-damage|p2a: Pelipper|0 fnt
|faint|p2a: Pelipper
|-damage|p1a: Garchomp|3/100|[from] item: Life Orb
|move|p2b: Annihilape|Bulk Up|p2b: Annihilape
|-boost|p2b: Annihilape|atk|1
|-boost|p2b: Annihilape|def|1
|
|-weather|RainDance|[upkeep]
|-damage|p2b: Annihilape|95/100 brn|[from] brn
|upkeep
|turn|6
|
|t:|1756237332
|move|p1b: Talonflame|Brave Bird|p2b: Annihilape
|-damage|p2b: Annihilape|72/100 brn
|-damage|p1b: Talonflame|92/100|[from] Recoil
|move|p1a: Garchomp|Earthquake|p2b: Annihilape|[spread] p2b
|-immune|p1b: Talonflame
|-damage|p2b: Annihilape|41/100 brn
|-damage|p1a: Garchomp|0 fnt|[from] item: Life Orb
|faint|p1a: Garchomp
|move|p2b: Annihilape|Drain Punch|p1b: Talonflame
|-resisted|p1b: Talonflame
|-damage|p1b: Talonflame|78/100
|-heal|p2b: Annihilape|47/100 brn|[from] drain|[of] p1b: Talonflame
|
|-weather|RainDance|[upkeep]
|-damage|p2b: Annihilape|41/100 brn|[from] brn
|upkeep
|
|t:|1756237340
|switch|p1a: Gholdengo|Gholdengo, L50|75/100
|turn|7
|-message|Bosilek forfeited.
|
|win|bcoffey1010
|raw|bcoffey1010's rating: 1203 → 1218(+15 for winning)
|raw|Bosilek's rating: 1052 → 1041(-11 for losing)
|l|☆bcoffey1010
|player|p1|
