|j|☆lillyrosethedemon
|j|☆Mega Chime Time
|html|lillyrosethedemonMega Chime Time    
|uhtml|bestof|Game 2 of a best-of-3
|t:|1783475027
|gametype|doubles
|player|p1|lillyrosethedemon|madame|
|player|p2|Mega Chime Time|miku-flying|
|gen|9
|tier|[Gen 9 Champions] VGC 2026 Reg M-B (Bo3)
|rule|Species Clause: Limit one of each Pokémon
|rule|Item Clause: Limit 1 of each item
|clearpoke
|poke|p1|Ariados, L50, M|
|poke|p1|Houndoom, L50, M|
|poke|p1|Feraligatr, L50, M|
|poke|p1|Florges-White, L50, F|
|poke|p1|Medicham, L50, F|
|poke|p1|Rhyperior, L50, F|
|poke|p2|Altaria, L50, M|
|poke|p2|Salazzle, L50, F|
|poke|p2|Blastoise, L50, M|
|poke|p2|Rotom-Mow, L50, shiny|
|poke|p2|Chimecho, L50, M, shiny|
|poke|p2|Mudsdale, L50, M|
|teampreview|4
|showteam|p1|Ariados||SitrusBerry|Insomnia|RagePowder,KnockOff,StringShot,Protect|Careful||M|||50|]Houndoom||FocusSash|FlashFire|Snarl,DarkPulse,HeatWave,Protect|Timid||M|||50|]Feraligatr||LifeOrb|SheerForce|DragonDance,Liquidation,IcePunch,Protect|Adamant||M|||50|]Florges-White||ChoiceScarf|FlowerVeil|Moonblast,DazzlingGleam,Psychic,PollenPuff|Timid||F|||50|]Medicham||Medichamite|PurePower|FakeOut,Protect,CloseCombat,PsychoCut|Jolly||F|||50|]Rhyperior||PasshoBerry|SolidRock|RockSlide,HighHorsepower,Megahorn,Protect|Adamant||F|||50|
|showteam|p2|Altaria||Altarianite|NaturalCure|HyperVoice,Roost,WillOWisp,Protect|Modest||M|||50|]Salazzle||FocusSash|Corrosion|FakeOut,HeatWave,Encore,Protect|Hasty||F|||50|]Blastoise||SitrusBerry|RainDish|FakeOut,WaveCrash,Yawn,LifeDew|Adamant||M|||50|]Rotom-Mow||ChoiceScarf|Levitate|Electroweb,Trick,LeafStorm,Thunderbolt|Timid|||||50|]Chimecho||Chimechite|Levitate|FlashCannon,Psyshock,Protect,EnergyBall|Modest||M|||50|]Mudsdale||Leftovers|Stamina|BodyPress,HighHorsepower,HeavySlam,Protect|Adamant||M|||50|
|inactive|Battle timer is ON: inactive players will automatically lose when time's up. (requested by Mega Chime Time)
|inactive|lillyrosethedemon has 60 seconds left.
|
|t:|1783475066
|teamsize|p1|4
|teamsize|p2|4
|start
|switch|p1a: Florges|Florges-White, L50, F|100/100
|switch|p1b: Medicham|Medicham, L50, F|100/100
|switch|p2a: Blastoise|Blastoise, L50, M|100/100
|switch|p2b: Rotom|Rotom-Mow, L50, shiny|100/100
|turn|1
|inactive|lillyrosethedemon has 30 seconds left.
|
|t:|1783475098
|switch|p2a: Mudsdale|Mudsdale, L50, M|100/100
|detailschange|p1b: Medicham|Medicham-Mega, L50, F
|-mega|p1b: Medicham|Medicham|Medichamite
|move|p1b: Medicham|Fake Out|p2b: Rotom
|-damage|p2b: Rotom|67/100
|cant|p2b: Rotom|flinch
|move|p1a: Florges|Moonblast|p2b: Rotom
|-damage|p2b: Rotom|7/100
|
|upkeep
|turn|2
|inactive|lillyrosethedemon has 30 seconds left.
|
|t:|1783475125
|switch|p1a: Ariados|Ariados, L50, M|100/100
|move|p2b: Rotom|Electroweb|p1b: Medicham|[spread] p1a,p1b
|-damage|p1a: Ariados|79/100
|-damage|p1b: Medicham|70/100
|-unboost|p1a: Ariados|spe|1
|-unboost|p1b: Medicham|spe|1
|move|p1b: Medicham|Close Combat|p2a: Mudsdale
|-damage|p2a: Mudsdale|15/100
|-unboost|p1b: Medicham|def|1
|-unboost|p1b: Medicham|spd|1
|-ability|p2a: Mudsdale|Stamina|boost
|-boost|p2a: Mudsdale|def|1
|move|p2a: Mudsdale|High Horsepower|p1b: Medicham
|-damage|p1b: Medicham|0 fnt
|faint|p1b: Medicham
|
|-heal|p2a: Mudsdale|21/100|[from] item: Leftovers
|upkeep
|
|t:|1783475146
|switch|p1b: Florges|Florges-White, L50, F|100/100
|turn|3
|
|t:|1783475159
|switch|p2b: Blastoise|Blastoise, L50, M|100/100
|move|p2a: Mudsdale|Protect|p2a: Mudsdale
|-singleturn|p2a: Mudsdale|Protect
|move|p1b: Florges|Dazzling Gleam|p2a: Mudsdale|[spread] p2b
|-activate|p2a: Mudsdale|move: Protect
|-damage|p2b: Blastoise|74/100
|move|p1a: Ariados|String Shot|p2a: Mudsdale|[spread] p2b
|-activate|p2a: Mudsdale|move: Protect
|-unboost|p2b: Blastoise|spe|2
|
|-heal|p2a: Mudsdale|27/100|[from] item: Leftovers
|upkeep
|turn|4
|
|t:|1783475181
|move|p2b: Blastoise|Fake Out|p1b: Florges
|-damage|p1b: Florges|81/100
|move|p1a: Ariados|Rage Powder|p1a: Ariados
|-singleturn|p1a: Ariados|move: Rage Powder
|cant|p1b: Florges|flinch
|move|p2a: Mudsdale|Heavy Slam|p1a: Ariados
|-damage|p1a: Ariados|31/100
|-enditem|p1a: Ariados|Sitrus Berry|[eat]
|-heal|p1a: Ariados|55/100|[from] item: Sitrus Berry
|
|-heal|p2a: Mudsdale|32/100|[from] item: Leftovers
|upkeep
|turn|5
|
|t:|1783475198
|switch|p1b: Feraligatr|Feraligatr, L50, M|100/100
|move|p2a: Mudsdale|Protect|p2a: Mudsdale
|-singleturn|p2a: Mudsdale|Protect
|move|p2b: Blastoise|Life Dew|p2b: Blastoise|[spread] p2a,p2b
|-heal|p2a: Mudsdale|57/100
|-heal|p2b: Blastoise|99/100
|move|p1a: Ariados|Knock Off|p2b: Blastoise
|-damage|p2b: Blastoise|79/100
|-enditem|p2b: Blastoise|Sitrus Berry|[from] move: Knock Off|[of] p1a: Ariados
|
|-heal|p2a: Mudsdale|63/100|[from] item: Leftovers
|upkeep
|turn|6
|
|t:|1783475221
|move|p1a: Ariados|Rage Powder|p1a: Ariados
|-singleturn|p1a: Ariados|move: Rage Powder
|move|p1b: Feraligatr|Dragon Dance|p1b: Feraligatr
|-boost|p1b: Feraligatr|atk|1
|-boost|p1b: Feraligatr|spe|1
|move|p2a: Mudsdale|Body Press|p1a: Ariados
|-resisted|p1a: Ariados|2
|-damage|p1a: Ariados|48/100
|move|p2b: Blastoise|Wave Crash|p1a: Ariados
|-damage|p1a: Ariados|0 fnt
|faint|p1a: Ariados
|-damage|p2b: Blastoise|64/100|[from] Recoil
|
|-heal|p2a: Mudsdale|69/100|[from] item: Leftovers
|upkeep
|
|t:|1783475240
|switch|p1a: Florges|Florges-White, L50, F|81/100
|turn|7
|
|t:|1783475259
|move|p1a: Florges|Moonblast|p2b: Blastoise
|-damage|p2b: Blastoise|24/100
|move|p1b: Feraligatr|Liquidation|p2a: Mudsdale
|-supereffective|p2a: Mudsdale|1
|-damage|p2a: Mudsdale|0 fnt
|faint|p2a: Mudsdale
|move|p2b: Blastoise|Yawn|p1b: Feraligatr
|-start|p1b: Feraligatr|move: Yawn|[of] p2b: Blastoise
|
|upkeep
|
|t:|1783475267
|switch|p2a: Rotom|Rotom-Mow, L50, shiny|7/100
|turn|8
|
|t:|1783475284
|move|p2a: Rotom|Leaf Storm|p1a: Florges
|-damage|p1a: Florges|37/100
|-unboost|p2a: Rotom|spa|2
|move|p1a: Florges|Moonblast|p2b: Blastoise
|-damage|p2b: Blastoise|0 fnt
|faint|p2b: Blastoise
|move|p1b: Feraligatr|Ice Punch|p2a: Rotom
|-supereffective|p2a: Rotom|1
|-damage|p2a: Rotom|0 fnt
|faint|p2a: Rotom
|
|-end|p1b: Feraligatr|move: Yawn|[silent]
|-status|p1b: Feraligatr|slp
|upkeep
|
|t:|1783475292
|switch|p2b: Altaria|Altaria, L50, M|100/100
|turn|9
|
|t:|1783475299
|detailschange|p2b: Altaria|Altaria-Mega, L50, M
|-mega|p2b: Altaria|Altaria|Altarianite
|move|p1a: Florges|Moonblast|p2b: Altaria
|-supereffective|p2b: Altaria|1
|-damage|p2b: Altaria|13/100
|cant|p1b: Feraligatr|slp
|move|p2b: Altaria|Hyper Voice|p1a: Florges|[spread] p1a,p1b
|-damage|p1a: Florges|7/100
|-damage|p1b: Feraligatr|55/100 slp
|
|upkeep
|turn|10
|c|☆Mega Chime Time|my calc was not right
|c|☆Mega Chime Time|my calc was very wrong
|c|☆lillyrosethedemon|ggwp
|c|☆Mega Chime Time|GGs
|
|t:|1783475315
|move|p1a: Florges|Moonblast|p2b: Altaria
|-supereffective|p2b: Altaria|1
|-damage|p2b: Altaria|0 fnt
|faint|p2b: Altaria
|
|win|lillyrosethedemon
|l|☆lillyrosethedemon
|player|p1|
