|j|‽Juaner95
|j|☆unspecific
|html|Juaner95unspecific    
|uhtml|bestof|Game 2 of a best-of-3
|t:|1784769269
|gametype|doubles
|player|p1|Juaner95|ash-hoenn|1143
|player|p2|unspecific|265|1049
|gen|9
|tier|[Gen 9 Champions] VGC 2026 Reg M-B (Bo3)
|rated|
|rule|Species Clause: Limit one of each Pokémon
|rule|Item Clause: Limit 1 of each item
|clearpoke
|poke|p1|Eelektross, L50, M|
|poke|p1|Ninetales-Alola, L50, F, shiny|
|poke|p1|Talonflame, L50, M|
|poke|p1|Garchomp, L50, M|
|poke|p1|Incineroar, L50, M, shiny|
|poke|p1|Kingambit, L50, M|
|poke|p2|Drampa, L50, M|
|poke|p2|Farigiraf, L50, F|
|poke|p2|Primarina, L50, F|
|poke|p2|Oranguru, L50, F|
|poke|p2|Scizor, L50, M|
|poke|p2|Sneasler, L50, F|
|teampreview|4
|showteam|p1|Eelektross||Eelektrossite|Levitate|SupercellSlam,DrainPunch,Coil,Protect|Adamant||M|||50|]Ninetales-Alola||ChoiceScarf|SnowWarning|Blizzard,FreezeDry,IcyWind,Moonblast|Modest||F|||50|]Talonflame||SharpBeak|GaleWings|BraveBird,FlareBlitz,Tailwind,Protect|Jolly||M|||50|]Garchomp||LifeOrb|RoughSkin|RockSlide,Earthquake,DragonClaw,Protect|Jolly||M|||50|]Incineroar||SitrusBerry|Intimidate|FlareBlitz,ThroatChop,PartingShot,FakeOut|Careful||M|||50|]Kingambit||FocusSash|Defiant|KowtowCleave,SuckerPunch,LowKick,Protect|Adamant||M|||50|
|showteam|p2|Drampa||Drampanite|CloudNine|DracoMeteor,HyperVoice,HeatWave,Protect|Relaxed||M|||50|]Farigiraf|||ArmorTail|TrickRoom,Thunderbolt,Imprison,Protect|Sassy||F|||50|]Primarina||MysticWater|LiquidVoice|HyperVoice,DazzlingGleam,PerishSong,Protect|Relaxed||F|||50|]Oranguru||MentalHerb|InnerFocus|Instruct,Quash,Yawn,ScaryFace|Relaxed||F|||50|]Scizor||Scizorite|Technician|BulletPunch,BugBite,SwordsDance,Protect|Brave||M|||50|]Sneasler||WhiteHerb|Unburden|FakeOut,CloseCombat,DireClaw,Acrobatics|Adamant||F|||50|
|inactive|Battle timer is ON: inactive players will automatically lose when time's up. (requested by unspecific)
|inactive|Juaner95 has 60 seconds left.
|inactive|Juaner95 has 30 seconds left.
|inactive|Juaner95 has 20 seconds left.
|
|t:|1784769492
|teamsize|p1|4
|teamsize|p2|4
|start
|switch|p1a: Talonflame|Talonflame, L50, M|100/100
|switch|p1b: Ninetales|Ninetales-Alola, L50, F, shiny|100/100
|switch|p2a: Farigiraf|Farigiraf, L50, F|100/100
|switch|p2b: Sneasler|Sneasler, L50, F|100/100
|-weather|Snowscape|[from] ability: Snow Warning|[of] p1b: Ninetales
|turn|1
|
|t:|1784769512
|move|p1a: Talonflame|Protect|p1a: Talonflame
|-singleturn|p1a: Talonflame|Protect
|move|p2b: Sneasler|Fake Out|p1b: Ninetales
|-damage|p1b: Ninetales|84/100
|cant|p1b: Ninetales|flinch
|move|p2a: Farigiraf|Trick Room|p2a: Farigiraf
|-fieldstart|move: Trick Room|[of] p2a: Farigiraf
|
|-weather|Snowscape|[upkeep]
|upkeep
|turn|2
|inactive|unspecific has 30 seconds left.
|
|t:|1784769541
|switch|p1a: Eelektross|Eelektross, L50, M|100/100
|switch|p1b: Garchomp|Garchomp, L50, M|100/100
|move|p2a: Farigiraf|Imprison|p2a: Farigiraf
|-start|p2a: Farigiraf|move: Imprison
|move|p2b: Sneasler|Dire Claw|p1b: Garchomp
|-resisted|p1b: Garchomp|1
|-damage|p1b: Garchomp|78/100
|-status|p1b: Garchomp|par
|-damage|p2b: Sneasler|87/100|[from] ability: Rough Skin|[of] p1b: Garchomp
|
|-weather|Snowscape|[upkeep]
|upkeep
|turn|3
|inactive|unspecific has 30 seconds left.
|inactive|unspecific has 20 seconds left.
|inactive|unspecific has 15 seconds left.
|inactive|unspecific has 10 seconds left.
|
|t:|1784769589
|switch|p2a: Primarina|Primarina, L50, F|100/100
|switch|p2b: Scizor|Scizor, L50, M|100/100
|detailschange|p1a: Eelektross|Eelektross-Mega, L50, M
|-mega|p1a: Eelektross|Eelektross|Eelektrossite
|move|p1b: Garchomp|Earthquake|p2b: Scizor|[spread] p2a,p2b
|-immune|p1a: Eelektross|[from] ability: Eelevate
|-damage|p2a: Primarina|55/100
|-damage|p2b: Scizor|50/100g
|-damage|p1b: Garchomp|69/100 par|[from] item: Life Orb
|move|p1a: Eelektross|Coil|p1a: Eelektross
|-boost|p1a: Eelektross|atk|1
|-boost|p1a: Eelektross|def|1
|-boost|p1a: Eelektross|accuracy|1
|
|-weather|Snowscape|[upkeep]
|upkeep
|turn|4
|
|t:|1784769613
|detailschange|p2b: Scizor|Scizor-Mega, L50, M
|-mega|p2b: Scizor|Scizor|Scizorite
|move|p1b: Garchomp|Protect|p1b: Garchomp
|-singleturn|p1b: Garchomp|Protect
|move|p2b: Scizor|Protect|p2b: Scizor
|-singleturn|p2b: Scizor|Protect
|move|p1a: Eelektross|Protect|p1a: Eelektross
|-singleturn|p1a: Eelektross|Protect
|move|p2a: Primarina|Dazzling Gleam|p1a: Eelektross|[spread] 
|-activate|p1a: Eelektross|move: Protect
|-activate|p1b: Garchomp|move: Protect
|
|-weather|Snowscape|[upkeep]
|upkeep
|turn|5
|inactive|unspecific has 30 seconds left.
|inactive|Juaner95 has 30 seconds left.
|inactive|unspecific has 20 seconds left.
|
|t:|1784769655
|switch|p2b: Farigiraf|Farigiraf, L50, F|100/100
|move|p2a: Primarina|Protect|p2a: Primarina
|-singleturn|p2a: Primarina|Protect
|move|p1b: Garchomp|Earthquake|p2b: Farigiraf|[spread] p2b
|-activate|p2a: Primarina|move: Protect
|-immune|p1a: Eelektross|[from] ability: Eelevate
|-damage|p2b: Farigiraf|57/100
|-damage|p1b: Garchomp|59/100 par|[from] item: Life Orb
|move|p1a: Eelektross|Supercell Slam|p2b: Farigiraf
|-damage|p2b: Farigiraf|0 fnt
|faint|p2b: Farigiraf
|-ability|p1a: Eelektross|Eelevate|boost
|-boost|p1a: Eelektross|atk|1
|
|-weather|none
|-fieldend|move: Trick Room
|upkeep
|
|t:|1784769673
|switch|p2b: Sneasler|Sneasler, L50, F|87/100
|turn|6
|
|t:|1784769693
|move|p1a: Eelektross|Protect|p1a: Eelektross
|-singleturn|p1a: Eelektross|Protect
|move|p1b: Garchomp|Protect|p1b: Garchomp
|-singleturn|p1b: Garchomp|Protect
|move|p2b: Sneasler|Fake Out|p1a: Eelektross
|-activate|p1a: Eelektross|move: Protect
|move|p2a: Primarina|Dazzling Gleam|p1a: Eelektross|[spread] 
|-activate|p1a: Eelektross|move: Protect
|-activate|p1b: Garchomp|move: Protect
|
|upkeep
|turn|7
|inactive|unspecific has 30 seconds left.
|
|t:|1784769727
|move|p2b: Sneasler|Close Combat|p1a: Eelektross
|-damage|p1a: Eelektross|56/100
|-unboost|p2b: Sneasler|def|1
|-unboost|p2b: Sneasler|spd|1
|-enditem|p2b: Sneasler|White Herb
|-clearnegativeboost|p2b: Sneasler|[silent]
|move|p1a: Eelektross|Supercell Slam|p2b: Sneasler
|-damage|p2b: Sneasler|0 fnt
|faint|p2b: Sneasler
|-ability|p1a: Eelektross|Eelevate|boost
|-boost|p1a: Eelektross|atk|1
|cant|p1b: Garchomp|par
|move|p2a: Primarina|Dazzling Gleam|p1a: Eelektross|[spread] p1a,p1b
|-supereffective|p1b: Garchomp|1
|-damage|p1a: Eelektross|30/100
|-damage|p1b: Garchomp|1/100 par
|
|upkeep
|
|t:|1784769742
|switch|p2b: Scizor|Scizor-Mega, L50, M|50/100g
|turn|8
|
|t:|1784769762
|move|p1a: Eelektross|Protect|p1a: Eelektross
|-singleturn|p1a: Eelektross|Protect
|move|p1b: Garchomp|Protect|p1b: Garchomp
|-singleturn|p1b: Garchomp|Protect
|move|p2b: Scizor|Bullet Punch|p1b: Garchomp
|-activate|p1b: Garchomp|move: Protect
|move|p2a: Primarina|Dazzling Gleam|p1a: Eelektross|[spread] 
|-activate|p1a: Eelektross|move: Protect
|-activate|p1b: Garchomp|move: Protect
|
|upkeep
|turn|9
|
|t:|1784769778
|move|p2b: Scizor|Protect|p2b: Scizor
|-singleturn|p2b: Scizor|Protect
|move|p2a: Primarina|Protect|p2a: Primarina
|-singleturn|p2a: Primarina|Protect
|move|p1a: Eelektross|Drain Punch|p2b: Scizor
|-activate|p2b: Scizor|move: Protect
|cant|p1b: Garchomp|par
|
|upkeep
|turn|10
|
|t:|1784769795
|move|p2b: Scizor|Bullet Punch|p1a: Eelektross
|-resisted|p1a: Eelektross|1
|-damage|p1a: Eelektross|18/100
|move|p1a: Eelektross|Supercell Slam|p2a: Primarina
|-supereffective|p2a: Primarina|1
|-damage|p2a: Primarina|0 fnt
|faint|p2a: Primarina
|-ability|p1a: Eelektross|Eelevate|boost
|-boost|p1a: Eelektross|atk|1
|move|p1b: Garchomp|Earthquake|p2b: Scizor|[spread] p2b
|-immune|p1a: Eelektross|[from] ability: Eelevate
|-damage|p2b: Scizor|12/100
|-damage|p1b: Garchomp|0 fnt|[from] item: Life Orb
|faint|p1b: Garchomp
|
|upkeep
|
|t:|1784769810
|switch|p1b: Talonflame|Talonflame, L50, M|100/100
|turn|11
|-message|unspecific forfeited.
|
|win|Juaner95
|l|☆unspecific
|player|p2|
|raw|Juaner95's rating: 1143 → 1161(+18 for winning)
|raw|unspecific's rating: 1049 → 1036(-13 for losing)
