|j|☆PuniHina
|j|☆yinobo
|html|PuniHinayinobo    
|uhtml|bestof|Game 1 of a best-of-3
|t:|1783347024
|gametype|doubles
|player|p1|PuniHina|lacey|1183
|player|p2|yinobo|lucas|1353
|gen|9
|tier|[Gen 9 Champions] VGC 2026 Reg M-B (Bo3)
|rated|
|rule|Species Clause: Limit one of each Pokémon
|rule|Item Clause: Limit 1 of each item
|clearpoke
|poke|p1|Meganium, L50, M, shiny|
|poke|p1|Altaria, L50, F|
|poke|p1|Incineroar, L50, M|
|poke|p1|Scizor, L50, M|
|poke|p1|Basculegion, L50, M|
|poke|p1|Garchomp, L50, F|
|poke|p2|Charizard, L50, M, shiny|
|poke|p2|Garchomp, L50, M, shiny|
|poke|p2|Sylveon, L50, M, shiny|
|poke|p2|Kingambit, L50, F, shiny|
|poke|p2|Farigiraf, L50, M, shiny|
|poke|p2|Aerodactyl, L50, M|
|teampreview|4
|showteam|p1|Meganium||Meganiumite|LeafGuard|SolarBeam,DazzlingGleam,Protect,EarthPower|Modest||M|||50|]Altaria||RoseliBerry|CloudNine|BraveBird,Roost,Tailwind,WillOWisp|Impish||F|||50|]Incineroar||PasshoBerry|Intimidate|FakeOut,ThroatChop,FlareBlitz,PartingShot|Careful||M|||50|]Scizor||Scizorite|Technician|BulletPunch,BugBite,Protect,SwordsDance|Adamant||M|||50|]Basculegion||SitrusBerry|Adaptability|WaveCrash,LastRespects,AquaJet,Protect|Adamant||M|||50|]Garchomp||LifeOrb|RoughSkin|StompingTantrum,DragonClaw,RockSlide,Protect|Jolly||F|||50|
|showteam|p2|Charizard||CharizarditeY|SolarPower|Protect,HeatWave,SolarBeam,WeatherBall|Modest||M|||50|]Garchomp||LifeOrb|RoughSkin|Protect,DragonClaw,Earthquake,StompingTantrum|Jolly||M|||50|]Sylveon||FairyFeather|Pixilate|Detect,HyperVoice,HyperBeam,QuickAttack|Modest||M|||50|]Kingambit||FocusSash|Defiant|KowtowCleave,SuckerPunch,IronHead,LowKick|Adamant||F|||50|]Farigiraf||SitrusBerry|ArmorTail|Psychic,Thunderbolt,TrickRoom,Roar|Bold||M|||50|]Aerodactyl||Aerodactylite|Unnerve|IceFang,RockSlide,DualWingbeat,Tailwind|Jolly||M|||50|
|inactive|Battle timer is ON: inactive players will automatically lose when time's up. (requested by yinobo)
|inactive|yinobo has 60 seconds left.
|inactive|yinobo has 30 seconds left.
|
|t:|1783347089
|teamsize|p1|4
|teamsize|p2|4
|start
|switch|p1a: Scizor|Scizor, L50, M|100/100
|switch|p1b: Garchomp|Garchomp, L50, F|100/100
|switch|p2a: Farigiraf|Farigiraf, L50, M, shiny|100/100
|switch|p2b: Kingambit|Kingambit, L50, F, shiny|100/100
|turn|1
|inactive|PuniHina has 30 seconds left.
|inactive|yinobo has 30 seconds left.
|
|t:|1783347121
|detailschange|p1a: Scizor|Scizor-Mega, L50, M
|-mega|p1a: Scizor|Scizor|Scizorite
|move|p1b: Garchomp|Rock Slide|p2a: Farigiraf|[spread] p2a,p2b
|-resisted|p2b: Kingambit|1
|-damage|p2a: Farigiraf|80/100
|-damage|p2b: Kingambit|89/100
|-damage|p1b: Garchomp|90/100|[from] item: Life Orb
|move|p2b: Kingambit|Kowtow Cleave|p1b: Garchomp
|-damage|p1b: Garchomp|38/100
|-damage|p2b: Kingambit|76/100|[from] ability: Rough Skin|[of] p1b: Garchomp
|move|p1a: Scizor|Swords Dance|p1a: Scizor
|-boost|p1a: Scizor|atk|2
|move|p2a: Farigiraf|Trick Room|p2a: Farigiraf
|-fieldstart|move: Trick Room|[of] p2a: Farigiraf
|
|upkeep
|turn|2
|inactive|yinobo has 30 seconds left.
|inactive|yinobo has 20 seconds left.
|
|t:|1783347159
|move|p1b: Garchomp|Protect|p1b: Garchomp
|-singleturn|p1b: Garchomp|Protect
|move|p2a: Farigiraf|Psychic|p1a: Scizor
|-resisted|p1a: Scizor|1
|-damage|p1a: Scizor|81/100
|move|p1a: Scizor|Bug Bite|p2b: Kingambit
|-damage|p2b: Kingambit|0 fnt
|faint|p2b: Kingambit
|
|upkeep
|
|t:|1783347170
|switch|p2b: Charizard|Charizard, L50, M, shiny|100/100
|turn|3
|
|t:|1783347176
|switch|p1b: Incineroar|Incineroar, L50, M|100/100
|-ability|p1b: Incineroar|Intimidate|boost
|-unboost|p2a: Farigiraf|atk|1
|-unboost|p2b: Charizard|atk|1
|detailschange|p2b: Charizard|Charizard-Mega-Y, L50, M, shiny
|-mega|p2b: Charizard|Charizard|Charizardite Y
|-weather|SunnyDay|[from] ability: Drought|[of] p2b: Charizard
|move|p1a: Scizor|Protect|p1a: Scizor
|-singleturn|p1a: Scizor|Protect
|move|p2a: Farigiraf|Psychic|p1b: Incineroar
|-immune|p1b: Incineroar
|move|p2b: Charizard|Heat Wave|p1a: Scizor|[spread] p1b
|-activate|p1a: Scizor|move: Protect
|-resisted|p1b: Incineroar|1
|-damage|p1b: Incineroar|77/100
|
|-weather|SunnyDay|[upkeep]
|upkeep
|turn|4
|
|t:|1783347199
|switch|p2a: Sylveon|Sylveon, L50, M, shiny|100/100
|move|p1b: Incineroar|Parting Shot|p2b: Charizard
|-unboost|p2b: Charizard|atk|1
|-unboost|p2b: Charizard|spa|1
|
|t:|1783347205
|switch|p1b: Basculegion|Basculegion, L50, M|100/100|[from] Parting Shot
|move|p1a: Scizor|Bug Bite|p2a: Sylveon
|-resisted|p2a: Sylveon|1
|-damage|p2a: Sylveon|32/100
|move|p2b: Charizard|Heat Wave|p1a: Scizor|[spread] p1a,p1b
|-supereffective|p1a: Scizor|2
|-resisted|p1b: Basculegion|1
|-damage|p1a: Scizor|0 fnt
|-damage|p1b: Basculegion|79/100
|faint|p1a: Scizor
|
|-weather|SunnyDay|[upkeep]
|upkeep
|
|t:|1783347216
|switch|p1a: Garchomp|Garchomp, L50, F|38/100
|turn|5
|
|t:|1783347227
|switch|p2b: Farigiraf|Farigiraf, L50, M, shiny|80/100
|move|p1b: Basculegion|Protect|p1b: Basculegion
|-singleturn|p1b: Basculegion|Protect
|move|p1a: Garchomp|Protect|p1a: Garchomp
|-singleturn|p1a: Garchomp|Protect
|move|p2a: Sylveon|Hyper Voice|p1a: Garchomp|[spread] 
|-activate|p1a: Garchomp|move: Protect
|-activate|p1b: Basculegion|move: Protect
|
|-weather|SunnyDay|[upkeep]
|-fieldend|move: Trick Room
|upkeep
|turn|6
|
|t:|1783347242
|switch|p1a: Incineroar|Incineroar, L50, M|77/100
|-ability|p1a: Incineroar|Intimidate|boost
|-unboost|p2a: Sylveon|atk|1
|-unboost|p2b: Farigiraf|atk|1
|move|p2a: Sylveon|Detect|p2a: Sylveon
|-singleturn|p2a: Sylveon|Protect
|move|p1b: Basculegion|Last Respects|p2a: Sylveon
|-activate|p2a: Sylveon|move: Protect
|move|p2b: Farigiraf|Trick Room|p2b: Farigiraf
|-fieldstart|move: Trick Room|[of] p2b: Farigiraf
|
|-weather|SunnyDay|[upkeep]
|upkeep
|turn|7
|
|t:|1783347258
|move|p1b: Basculegion|Protect|p1b: Basculegion
|-singleturn|p1b: Basculegion|Protect
|move|p2b: Farigiraf|Thunderbolt|p1a: Incineroar
|-damage|p1a: Incineroar|60/100
|move|p1a: Incineroar|Flare Blitz|p2a: Sylveon
|-damage|p2a: Sylveon|0 fnt
|faint|p2a: Sylveon
|-damage|p1a: Incineroar|51/100|[from] Recoil
|
|-weather|none
|upkeep
|
|t:|1783347271
|switch|p2a: Charizard|Charizard-Mega-Y, L50, M, shiny|100/100
|-weather|SunnyDay|[from] ability: Drought|[of] p2a: Charizard
|turn|8
|
|t:|1783347291
|move|p2b: Farigiraf|Thunderbolt|p1a: Incineroar
|-damage|p1a: Incineroar|32/100
|move|p1a: Incineroar|Throat Chop|p2a: Charizard
|-damage|p2a: Charizard|71/100
|-start|p2a: Charizard|Throat Chop|[silent]
|move|p1b: Basculegion|Last Respects|p2a: Charizard
|-damage|p2a: Charizard|12/100
|move|p2a: Charizard|Solar Beam||[still]
|-prepare|p2a: Charizard|Solar Beam
|-anim|p2a: Charizard|Solar Beam|p1b: Basculegion
|-supereffective|p1b: Basculegion|1
|-damage|p1b: Basculegion|0 fnt
|faint|p1b: Basculegion
|
|-weather|SunnyDay|[upkeep]
|upkeep
|
|t:|1783347301
|switch|p1b: Garchomp|Garchomp, L50, F|38/100
|turn|9
|inactive|yinobo has 30 seconds left.
|
|t:|1783347328
|move|p2b: Farigiraf|Thunderbolt|p1a: Incineroar
|-damage|p1a: Incineroar|16/100
|move|p1a: Incineroar|Throat Chop|p2b: Farigiraf
|-supereffective|p2b: Farigiraf|1
|-damage|p2b: Farigiraf|29/100
|-start|p2b: Farigiraf|Throat Chop|[silent]
|-enditem|p2b: Farigiraf|Sitrus Berry|[eat]
|-heal|p2b: Farigiraf|54/100|[from] item: Sitrus Berry
|move|p2a: Charizard|Weather Ball|p1a: Incineroar
|-resisted|p1a: Incineroar|1
|-damage|p1a: Incineroar|0 fnt
|faint|p1a: Incineroar
|move|p1b: Garchomp|Dragon Claw|p2b: Farigiraf
|-damage|p2b: Farigiraf|15/100
|-damage|p1b: Garchomp|28/100|[from] item: Life Orb
|
|-weather|SunnyDay|[upkeep]
|-end|p2a: Charizard|Throat Chop|[silent]
|upkeep
|turn|10
|inactive|yinobo has 30 seconds left.
|
|t:|1783347354
|move|p1b: Garchomp|Protect|p1b: Garchomp
|-singleturn|p1b: Garchomp|Protect
|move|p2b: Farigiraf|Psychic|p1b: Garchomp
|-activate|p1b: Garchomp|move: Protect
|move|p2a: Charizard|Weather Ball|p1b: Garchomp
|-activate|p1b: Garchomp|move: Protect
|
|-weather|SunnyDay|[upkeep]
|-end|p2b: Farigiraf|Throat Chop|[silent]
|-fieldend|move: Trick Room
|upkeep
|turn|11
|
|t:|1783347375
|move|p1b: Garchomp|Rock Slide|p2a: Charizard|[spread] p2a,p2b
|-supereffective|p2a: Charizard|2
|-damage|p2a: Charizard|0 fnt
|-damage|p2b: Farigiraf|0 fnt
|faint|p2a: Charizard
|faint|p2b: Farigiraf
|-damage|p1b: Garchomp|19/100|[from] item: Life Orb
|
|win|PuniHina
||PuniHina is ready for game 2.
|inactive|yinobo has 30 seconds to confirm battle start!
||yinobo is ready for game 2.
|uhtml|next|Next: Game 2 of 3
