|j|☆masterhax3
|j|☆speedracer1
|html|masterhax3speedracer1    
|uhtml|bestof|Game 1 of a best-of-3
|t:|1756854569
|gametype|doubles
|player|p1|masterhax3|scientist-gen4dp|1085
|player|p2|speedracer1|169|1154
|gen|9
|tier|[Gen 9] VGC 2025 Reg H (Bo3)
|rated|
|rule|Species Clause: Limit one of each Pokémon
|rule|Item Clause: Limit 1 of each item
|clearpoke
|poke|p1|Vivillon-Pokeball, L50, M|
|poke|p1|Garganacl, L50, M|
|poke|p1|Garchomp, L50, M|
|poke|p1|Gardevoir, L50, F|
|poke|p1|Dondozo, L50, M|
|poke|p1|Ninetales-Alola, L50, F|
|poke|p2|Charizard, L50, M|
|poke|p2|Torkoal, L50, M|
|poke|p2|Porygon2, L50|
|poke|p2|Incineroar, L50, F|
|poke|p2|Jumpluff, L50, M|
|poke|p2|Ursaluna, L50, M|
|teampreview|4
|showteam|p1|Vivillon-Pokeball||FocusSash|CompoundEyes|SleepPowder,Tailwind,PollenPuff,Hurricane|||M|||50|,,,,,Ghost]Garganacl||MarangaBerry|PurifyingSalt|SaltCure,StealthRock,Protect,Recover|||M|||50|,,,,,Flying]Garchomp||LifeOrb|RoughSkin|Earthquake,DragonClaw,RockSlide,Protect|||M|||50|,,,,,Ground]Gardevoir||ChoiceScarf|Telepathy|Trick,Moonblast,Psychic,IcyWind|||F|||50|,,,,,Steel]Dondozo||Leftovers|Unaware|Liquidation,Yawn,Fissure,Protect|||M|||50|,,,,,Poison]Ninetales-Alola||NeverMeltIce|SnowWarning|Blizzard,FreezeDry,Protect,AuroraVeil|||F|||50|,,,,,Ice
|showteam|p2|Charizard||ChoiceSpecs|SolarPower|HeatWave,Overheat,WeatherBall,AirSlash|||M|||50|,,,,,Ghost]Torkoal||EjectPack|Drought|Eruption,Overheat,HelpingHand,Protect|||M|||50|,,,,,Fire]Porygon2||Eviolite|Download|TeraBlast,IceBeam,Recover,TrickRoom||||||50|,,,,,Fighting]Incineroar||SitrusBerry|Intimidate|FlareBlitz,KnockOff,FakeOut,PartingShot|||F|||50|,,,,,Ghost]Jumpluff||CovertCloak|Chlorophyll|SleepPowder,SunnyDay,RagePowder,Tailwind|||M|||50|,,,,,Water]Ursaluna||FlameOrb|Guts|HeadlongRush,Facade,Earthquake,Protect|||M|||50|,,,,,Ghost
|inactive|Battle timer is ON: inactive players will automatically lose when time's up. (requested by speedracer1)
|inactive|speedracer1 has 60 seconds left.
|inactive|speedracer1 has 30 seconds left.
|inactive|speedracer1 has 20 seconds left.
|inactive|speedracer1 has 15 seconds left.
|
|t:|1756854674
|teamsize|p1|4
|teamsize|p2|4
|start
|switch|p1a: Gardevoir|Gardevoir, L50, F|100/100
|switch|p1b: Garganacl|Garganacl, L50, M|100/100
|switch|p2a: Jumpluff|Jumpluff, L50, M|100/100
|switch|p2b: Torkoal|Torkoal, L50, M|100/100
|-weather|SunnyDay|[from] ability: Drought|[of] p2b: Torkoal
|turn|1
|inactive|masterhax3 has 30 seconds left.
|inactive|speedracer1 has 30 seconds left.
|inactive|masterhax3 has 20 seconds left.
|inactive|speedracer1 has 20 seconds left.
|inactive|masterhax3 has 15 seconds left.
|inactive|speedracer1 has 15 seconds left.
|inactive|speedracer1 has 10 seconds left.
|
|t:|1756854722
|switch|p1a: Ninetales|Ninetales-Alola, L50, F|100/100
|-weather|Snowscape|[from] ability: Snow Warning|[of] p1a: Ninetales
|move|p2a: Jumpluff|Tailwind|p2a: Jumpluff
|-sidestart|p2: speedracer1|move: Tailwind
|move|p2b: Torkoal|Overheat|p1a: Ninetales
|-supereffective|p1a: Ninetales
|-damage|p1a: Ninetales|0 fnt
|-unboost|p2b: Torkoal|spa|2
|faint|p1a: Ninetales
|-enditem|p2b: Torkoal|Eject Pack
|
|t:|1756854738
|switch|p2b: Charizard|Charizard, L50, M|100/100
|move|p1b: Garganacl|Stealth Rock|p2a: Jumpluff
|-sidestart|p2: speedracer1|move: Stealth Rock
|
|-weather|Snowscape|[upkeep]
|upkeep
|
|t:|1756854748
|switch|p1a: Vivillon|Vivillon-Pokeball, L50, M|100/100
|turn|2
|inactive|speedracer1 has 30 seconds left.
|inactive|speedracer1 has 20 seconds left.
|inactive|speedracer1 has 15 seconds left.
|inactive|speedracer1 has 10 seconds left.
|inactive|speedracer1 has 5 seconds left.
|
|t:|1756854799
|-terastallize|p2b: Charizard|Ghost
|move|p2a: Jumpluff|Sleep Powder|p1a: Vivillon
|-status|p1a: Vivillon|slp|[from] move: Sleep Powder
|move|p2b: Charizard|Heat Wave|p1b: Garganacl|[spread] p1a,p1b
|-supereffective|p1a: Vivillon
|-resisted|p1b: Garganacl
|-enditem|p1a: Vivillon|Focus Sash
|-damage|p1a: Vivillon|1/100 slp
|-damage|p1b: Garganacl|83/100
|-enditem|p1b: Garganacl|Maranga Berry|[eat]
|-boost|p1b: Garganacl|spd|1|[from] item: Maranga Berry
|cant|p1a: Vivillon|slp
|move|p1b: Garganacl|Salt Cure|p2b: Charizard
|-damage|p2b: Charizard|80/100
|-start|p2b: Charizard|Salt Cure
|
|-weather|Snowscape|[upkeep]
|-damage|p2b: Charizard|68/100|[from] Salt Cure
|upkeep
|turn|3
|inactive|masterhax3 has 30 seconds left.
|inactive|speedracer1 has 30 seconds left.
|
|t:|1756854832
|move|p2a: Jumpluff|Sunny Day|p2a: Jumpluff
|-weather|SunnyDay
|move|p2b: Charizard|Heat Wave|p1b: Garganacl|[spread] p1b
|-miss|p2b: Charizard|p1a: Vivillon
|-resisted|p1b: Garganacl
|-damage|p1b: Garganacl|59/100
|-curestatus|p1a: Vivillon|slp|[msg]
|move|p1a: Vivillon|Sleep Powder|p2b: Charizard
|-status|p2b: Charizard|slp|[from] move: Sleep Powder
|move|p1b: Garganacl|Salt Cure|p2a: Jumpluff
|-supereffective|p2a: Jumpluff
|-damage|p2a: Jumpluff|63/100
|
|-weather|SunnyDay|[upkeep]
|-damage|p2b: Charizard|55/100 slp|[from] ability: Solar Power|[of] p2b: Charizard
|-damage|p2b: Charizard|43/100 slp|[from] Salt Cure
|upkeep
|turn|4
|inactive|masterhax3 has 30 seconds left.
|
|t:|1756854861
|move|p2a: Jumpluff|Sleep Powder|p1a: Vivillon
|-status|p1a: Vivillon|slp|[from] move: Sleep Powder
|cant|p2b: Charizard|slp
|cant|p1a: Vivillon|slp
|move|p1b: Garganacl|Salt Cure|p2a: Jumpluff
|-supereffective|p2a: Jumpluff
|-damage|p2a: Jumpluff|29/100
|
|-weather|SunnyDay|[upkeep]
|-damage|p2b: Charizard|31/100 slp|[from] ability: Solar Power|[of] p2b: Charizard
|-damage|p2b: Charizard|18/100 slp|[from] Salt Cure
|-sideend|p2: speedracer1|move: Tailwind
|upkeep
|turn|5
|
|t:|1756854885
|move|p2a: Jumpluff|Tailwind|p2a: Jumpluff
|-sidestart|p2: speedracer1|move: Tailwind
|-curestatus|p2b: Charizard|slp|[msg]
|move|p2b: Charizard|Heat Wave|p1b: Garganacl|[spread] p1a,p1b
|-supereffective|p1a: Vivillon
|-resisted|p1b: Garganacl
|-damage|p1a: Vivillon|0 fnt
|-damage|p1b: Garganacl|35/100
|faint|p1a: Vivillon
|move|p1b: Garganacl|Recover|p1b: Garganacl
|-heal|p1b: Garganacl|85/100
|
|-weather|SunnyDay|[upkeep]
|-damage|p2b: Charizard|6/100|[from] ability: Solar Power|[of] p2b: Charizard
|-damage|p2b: Charizard|0 fnt|[from] Salt Cure
|faint|p2b: Charizard
|upkeep
|inactive|speedracer1 has 30 seconds left.
|
|t:|1756854916
|switch|p2b: Incineroar|Incineroar, L50, F|100/100
|switch|p1a: Gardevoir|Gardevoir, L50, F|100/100
|-damage|p2b: Incineroar|76/100|[from] Stealth Rock
|-ability|p2b: Incineroar|Intimidate|boost
|-unboost|p1a: Gardevoir|atk|1
|-unboost|p1b: Garganacl|atk|1
|turn|6
|
|t:|1756854938
|move|p2a: Jumpluff|Sleep Powder|p1a: Gardevoir
|-status|p1a: Gardevoir|slp|[from] move: Sleep Powder
|cant|p1a: Gardevoir|slp
|move|p2b: Incineroar|Flare Blitz|p1a: Gardevoir
|-damage|p1a: Gardevoir|0 fnt
|faint|p1a: Gardevoir
|-damage|p2b: Incineroar|52/100|[from] Recoil
|move|p1b: Garganacl|Salt Cure|p2a: Jumpluff
|-supereffective|p2a: Jumpluff
|-damage|p2a: Jumpluff|4/100
|
|-weather|SunnyDay|[upkeep]
|upkeep
|turn|7
|
|t:|1756854960
|move|p2a: Jumpluff|Rage Powder|p2a: Jumpluff
|-singleturn|p2a: Jumpluff|move: Rage Powder
|move|p2b: Incineroar|Flare Blitz|p1b: Garganacl
|-resisted|p1b: Garganacl
|-damage|p1b: Garganacl|58/100
|-damage|p2b: Incineroar|44/100|[from] Recoil
|-enditem|p2b: Incineroar|Sitrus Berry|[eat]
|-heal|p2b: Incineroar|68/100|[from] item: Sitrus Berry
|move|p1b: Garganacl|Salt Cure|p2a: Jumpluff
|-supereffective|p2a: Jumpluff
|-damage|p2a: Jumpluff|0 fnt
|faint|p2a: Jumpluff
|
|-weather|none
|upkeep
|
|t:|1756854964
|switch|p2a: Torkoal|Torkoal, L50, M|100/100
|-damage|p2a: Torkoal|76/100|[from] Stealth Rock
|-weather|SunnyDay|[from] ability: Drought|[of] p2a: Torkoal
|turn|8
|
|t:|1756854968
|move|p2b: Incineroar|Flare Blitz|p1b: Garganacl
|-resisted|p1b: Garganacl
|-damage|p1b: Garganacl|31/100
|-damage|p2b: Incineroar|59/100|[from] Recoil
|move|p2a: Torkoal|Eruption|p1b: Garganacl
|-resisted|p1b: Garganacl
|-damage|p1b: Garganacl|16/100
|move|p1b: Garganacl|Recover|p1b: Garganacl
|-heal|p1b: Garganacl|67/100
|
|-weather|SunnyDay|[upkeep]
|-sideend|p2: speedracer1|move: Tailwind
|upkeep
|turn|9
|
|t:|1756854988
|move|p1b: Garganacl|Protect|p1b: Garganacl
|-singleturn|p1b: Garganacl|Protect
|move|p2b: Incineroar|Flare Blitz|p1b: Garganacl
|-activate|p1b: Garganacl|move: Protect
|move|p2a: Torkoal|Eruption|p1b: Garganacl
|-activate|p1b: Garganacl|move: Protect
|
|-weather|SunnyDay|[upkeep]
|upkeep
|turn|10
|
|t:|1756854992
|move|p2b: Incineroar|Flare Blitz|p1b: Garganacl
|-resisted|p1b: Garganacl
|-damage|p1b: Garganacl|39/100
|-damage|p2b: Incineroar|50/100|[from] Recoil
|move|p1b: Garganacl|Recover|p1b: Garganacl
|-heal|p1b: Garganacl|89/100
|move|p2a: Torkoal|Eruption|p1b: Garganacl
|-resisted|p1b: Garganacl
|-damage|p1b: Garganacl|74/100
|
|-weather|SunnyDay|[upkeep]
|upkeep
|turn|11
|
|t:|1756854997
|move|p2b: Incineroar|Flare Blitz|p1b: Garganacl
|-resisted|p1b: Garganacl
|-damage|p1b: Garganacl|46/100
|-damage|p2b: Incineroar|41/100|[from] Recoil
|move|p1b: Garganacl|Salt Cure|p2a: Torkoal
|-supereffective|p2a: Torkoal
|-damage|p2a: Torkoal|61/100
|-start|p2a: Torkoal|Salt Cure
|move|p2a: Torkoal|Eruption|p1b: Garganacl
|-resisted|p1b: Garganacl
|-damage|p1b: Garganacl|32/100
|
|-weather|SunnyDay|[upkeep]
|-damage|p2a: Torkoal|49/100|[from] Salt Cure
|upkeep
|turn|12
|
|t:|1756855014
|move|p2a: Torkoal|Helping Hand|p2b: Incineroar
|-singleturn|p2b: Incineroar|Helping Hand|[of] p2a: Torkoal
|move|p1b: Garganacl|Protect|p1b: Garganacl
|-singleturn|p1b: Garganacl|Protect
|move|p2b: Incineroar|Flare Blitz|p1b: Garganacl
|-activate|p1b: Garganacl|move: Protect
|
|-weather|none
|-damage|p2a: Torkoal|36/100|[from] Salt Cure
|upkeep
|turn|13
|
|t:|1756855022
|move|p2a: Torkoal|Helping Hand|p2b: Incineroar
|-singleturn|p2b: Incineroar|Helping Hand|[of] p2a: Torkoal
|move|p2b: Incineroar|Knock Off|p1b: Garganacl
|-damage|p1b: Garganacl|3/100
|move|p1b: Garganacl|Recover|p1b: Garganacl
|-heal|p1b: Garganacl|54/100
|
|-damage|p2a: Torkoal|24/100|[from] Salt Cure
|upkeep
|turn|14
|
|t:|1756855033
|move|p2a: Torkoal|Helping Hand|p2b: Incineroar
|-singleturn|p2b: Incineroar|Helping Hand|[of] p2a: Torkoal
|move|p2b: Incineroar|Knock Off|p1b: Garganacl
|-damage|p1b: Garganacl|23/100
|move|p1b: Garganacl|Recover|p1b: Garganacl
|-heal|p1b: Garganacl|73/100
|
|-damage|p2a: Torkoal|11/100|[from] Salt Cure
|upkeep
|turn|15
|
|t:|1756855037
|move|p2b: Incineroar|Knock Off|p1b: Garganacl
|-damage|p1b: Garganacl|52/100
|move|p1b: Garganacl|Salt Cure|p2b: Incineroar
|-supereffective|p2b: Incineroar
|-damage|p2b: Incineroar|23/100
|-start|p2b: Incineroar|Salt Cure
|move|p2a: Torkoal|Overheat|p1b: Garganacl
|-resisted|p1b: Garganacl
|-damage|p1b: Garganacl|40/100
|-unboost|p2a: Torkoal|spa|2
|
|-damage|p2b: Incineroar|10/100|[from] Salt Cure
|-damage|p2a: Torkoal|0 fnt|[from] Salt Cure
|faint|p2a: Torkoal
|upkeep
|turn|16
|
|t:|1756855041
|move|p1b: Garganacl|Protect|p1b: Garganacl
|-singleturn|p1b: Garganacl|Protect
|move|p2b: Incineroar|Flare Blitz|p1b: Garganacl
|-activate|p1b: Garganacl|move: Protect
|
|-damage|p2b: Incineroar|0 fnt|[from] Salt Cure
|faint|p2b: Incineroar
|
|win|masterhax3
||speedracer1 is ready for game 2.
|inactive|masterhax3 has 30 seconds to confirm battle start!
|inactive|masterhax3 has 20 seconds to confirm battle start!
||masterhax3 is ready for game 2.
|uhtml|next|Next: Game 2 of 3
