|j|☆capspungo
|j|☆dialghite
|html|capspungodialghite    
|uhtml|bestof|Game 3 of a best-of-3
|t:|1756730641
|gametype|doubles
|player|p1|capspungo|170|1329
|player|p2|dialghite|volkner|1420
|gen|9
|tier|[Gen 9] VGC 2025 Reg H (Bo3)
|rated|
|rule|Species Clause: Limit one of each Pokémon
|rule|Item Clause: Limit 1 of each item
|clearpoke
|poke|p1|Incineroar, L50, F|
|poke|p1|Dragonite, L50, M|
|poke|p1|Volcarona, L50, F|
|poke|p1|Smeargle, L50, F|
|poke|p1|Rillaboom, L50, M|
|poke|p1|Kingambit, L50, M|
|poke|p2|Whimsicott, L50, M|
|poke|p2|Corviknight, L50, F|
|poke|p2|Indeedee, L50, M|
|poke|p2|Sneasler, L50, M|
|poke|p2|Ursaluna-Bloodmoon, L50, M|
|poke|p2|Archaludon, L50, M|
|teampreview|4
|showteam|p1|Incineroar||SafetyGoggles|Intimidate|FakeOut,PartingShot,FlareBlitz,KnockOff|||F|||50|,,,,,Water]Dragonite||LoadedDice|Multiscale|ScaleShot,ExtremeSpeed,Haze,Protect|||M|||50|,,,,,Fairy]Volcarona||Leftovers|FlameBody|HeatWave,TeraBlast,QuiverDance,Protect|||F|||50|,,,,,Fairy]Smeargle||FocusSash|Moody|FakeOut,FollowMe,SpikyShield,Spore|||F|||50|,,,,,Grass]Rillaboom||AssaultVest|GrassySurge|WoodHammer,GrassyGlide,HighHorsepower,FakeOut|||M|||50|,,,,,Water]Kingambit||BlackGlasses|Defiant|KowtowCleave,SuckerPunch,SwordsDance,Protect|||M|||50|,,,,,Dark
|showteam|p2|Whimsicott||CovertCloak|Prankster|Moonblast,Taunt,Tailwind,FakeTears|||M|||50|,,,,,Water]Corviknight||Leftovers|MirrorArmor|BraveBird,Tailwind,BulkUp,Roost|||F|||50|,,,,,Dragon]Indeedee||FocusSash|PsychicSurge|ExpandingForce,TeraBlast,Imprison,TrickRoom|||M|||50|,,,,,Psychic]Sneasler||PsychicSeed|Unburden|CloseCombat,DireClaw,ThroatChop,Protect|||M|||50|,,,,,Dark]Ursaluna-Bloodmoon||LifeOrb|MindsEye|HyperVoice,BloodMoon,EarthPower,Protect|||M|||50|,,,,,Normal]Archaludon||PowerHerb|Stalwart|ElectroShot,DragonPulse,Thunderbolt,Protect|||M|||50|,,,,,Electric
|inactive|Battle timer is ON: inactive players will automatically lose when time's up. (requested by capspungo)
|
|t:|1756730650
|teamsize|p1|4
|teamsize|p2|4
|start
|switch|p1a: Volcarona|Volcarona, L50, F|100/100
|switch|p1b: Smeargle|Smeargle, L50, F|100/100
|switch|p2a: Whimsicott|Whimsicott, L50, M|100/100
|switch|p2b: Archaludon|Archaludon, L50, M|100/100
|turn|1
|
|t:|1756730669
|move|p2b: Archaludon|Protect|p2b: Archaludon
|-singleturn|p2b: Archaludon|Protect
|move|p1b: Smeargle|Follow Me|p1b: Smeargle
|-singleturn|p1b: Smeargle|move: Follow Me
|move|p2a: Whimsicott|Taunt|p1b: Smeargle
|-start|p1b: Smeargle|move: Taunt
|move|p1a: Volcarona|Quiver Dance|p1a: Volcarona
|-boost|p1a: Volcarona|spa|1
|-boost|p1a: Volcarona|spd|1
|-boost|p1a: Volcarona|spe|1
|
|-ability|p1b: Smeargle|Moody|boost
|-boost|p1b: Smeargle|def|2
|-unboost|p1b: Smeargle|spe|1
|upkeep
|turn|2
|inactive|dialghite has 30 seconds left.
|
|t:|1756730700
|switch|p1b: Rillaboom|Rillaboom, L50, M|100/100
|-fieldstart|move: Grassy Terrain|[from] ability: Grassy Surge|[of] p1b: Rillaboom
|-terastallize|p2b: Archaludon|Electric
|move|p2a: Whimsicott|Fake Tears|p1a: Volcarona
|-unboost|p1a: Volcarona|spd|2
|move|p1a: Volcarona|Heat Wave|p2b: Archaludon|[spread] p2a,p2b
|-supereffective|p2a: Whimsicott
|-damage|p2a: Whimsicott|0 fnt
|-damage|p2b: Archaludon|17/100
|faint|p2a: Whimsicott
|move|p2b: Archaludon|Electro Shot||[still]
|-prepare|p2b: Archaludon|Electro Shot
|-boost|p2b: Archaludon|spa|1
|-enditem|p2b: Archaludon|Power Herb
|-anim|p2b: Archaludon|Electro Shot|p1a: Volcarona
|-damage|p1a: Volcarona|0 fnt
|faint|p1a: Volcarona
|
|-heal|p2b: Archaludon|23/100|[from] Grassy Terrain
|upkeep
|
|t:|1756730724
|switch|p2a: Sneasler|Sneasler, L50, M|100/100
|switch|p1a: Incineroar|Incineroar, L50, F|100/100
|-ability|p1a: Incineroar|Intimidate|boost
|-unboost|p2a: Sneasler|atk|1
|-unboost|p2b: Archaludon|atk|1
|turn|3
|inactive|capspungo has 30 seconds left.
|
|t:|1756730752
|switch|p1b: Smeargle|Smeargle, L50, F|100/100
|-terastallize|p1a: Incineroar|Water
|move|p2a: Sneasler|Protect|p2a: Sneasler
|-singleturn|p2a: Sneasler|Protect
|move|p2b: Archaludon|Protect|p2b: Archaludon
|-singleturn|p2b: Archaludon|Protect
|move|p1a: Incineroar|Knock Off|p2a: Sneasler
|-activate|p2a: Sneasler|move: Protect
|
|-heal|p2b: Archaludon|29/100|[from] Grassy Terrain
|-ability|p1b: Smeargle|Moody|boost
|-boost|p1b: Smeargle|atk|2
|-unboost|p1b: Smeargle|spe|1
|upkeep
|turn|4
|inactive|capspungo has 30 seconds left.
|inactive|capspungo has 20 seconds left.
|inactive|capspungo has 15 seconds left.
|
|t:|1756730794
|move|p1b: Smeargle|Fake Out|p2a: Sneasler
|-damage|p2a: Sneasler|75/100
|cant|p2a: Sneasler|flinch
|move|p2b: Archaludon|Dragon Pulse|p1b: Smeargle
|-enditem|p1b: Smeargle|Focus Sash
|-damage|p1b: Smeargle|1/100
|move|p1a: Incineroar|Knock Off|p2a: Sneasler
|-resisted|p2a: Sneasler
|-damage|p2a: Sneasler|45/100
|-enditem|p2a: Sneasler|Psychic Seed|[from] move: Knock Off|[of] p1a: Incineroar
|
|-heal|p2a: Sneasler|50/100|[from] Grassy Terrain
|-heal|p2b: Archaludon|35/100|[from] Grassy Terrain
|-heal|p1b: Smeargle|7/100|[from] Grassy Terrain
|-ability|p1b: Smeargle|Moody|boost
|-boost|p1b: Smeargle|def|2
|-unboost|p1b: Smeargle|atk|1
|upkeep
|turn|5
|
|t:|1756730816
|move|p1b: Smeargle|Follow Me|p1b: Smeargle
|-singleturn|p1b: Smeargle|move: Follow Me
|move|p2a: Sneasler|Dire Claw|p1b: Smeargle
|-damage|p1b: Smeargle|0 fnt
|faint|p1b: Smeargle
|move|p2b: Archaludon|Thunderbolt|p1a: Incineroar
|-supereffective|p1a: Incineroar
|-damage|p1a: Incineroar|0 fnt
|faint|p1a: Incineroar
|
|-heal|p2a: Sneasler|56/100|[from] Grassy Terrain
|-heal|p2b: Archaludon|41/100|[from] Grassy Terrain
|upkeep
|
|t:|1756730829
|switch|p1b: Rillaboom|Rillaboom, L50, M|100/100
|turn|6
|
|t:|1756730840
|move|p2a: Sneasler|Protect|p2a: Sneasler
|-singleturn|p2a: Sneasler|Protect
|move|p2b: Archaludon|Protect|p2b: Archaludon
|-singleturn|p2b: Archaludon|Protect
|move|p1b: Rillaboom|Grassy Glide|p2a: Sneasler
|-activate|p2a: Sneasler|move: Protect
|
|-heal|p2a: Sneasler|62/100|[from] Grassy Terrain
|-heal|p2b: Archaludon|47/100|[from] Grassy Terrain
|-fieldend|move: Grassy Terrain
|upkeep
|turn|7
|
|t:|1756730853
|move|p2a: Sneasler|Dire Claw|p1b: Rillaboom
|-supereffective|p1b: Rillaboom
|-damage|p1b: Rillaboom|40/100
|move|p2b: Archaludon|Dragon Pulse|p1b: Rillaboom
|-damage|p1b: Rillaboom|0 fnt
|faint|p1b: Rillaboom
|
|win|dialghite
|raw|capspungo's rating: 1329 → 1314(-15 for losing)
|raw|dialghite's rating: 1420 → 1435(+15 for winning)
