|j|☆naovi
|j|☆Descugi
|html|naoviDescugi    
|uhtml|bestof|Game 3 of a best-of-3
|t:|1756931512
|gametype|doubles
|player|p1|naovi|169|
|player|p2|Descugi|266|
|gen|9
|tier|[Gen 9] VGC 2025 Reg H (Bo3)
|rule|Species Clause: Limit one of each Pokémon
|rule|Item Clause: Limit 1 of each item
|clearpoke
|poke|p1|Electabuzz, L50, M|
|poke|p1|Sneasler, L50, M|
|poke|p1|Rillaboom, L50, F|
|poke|p1|Kingambit, L50, M|
|poke|p1|Volcarona, L50, F|
|poke|p1|Dragonite, L50, M|
|poke|p2|Corviknight, L50, M|
|poke|p2|Garchomp, L50, M|
|poke|p2|Tyranitar, L50, M|
|poke|p2|Gholdengo, L50|
|poke|p2|Sneasler, L50, M|
|poke|p2|Incineroar, L50, M|
|teampreview|4
|showteam|p1|Electabuzz||Eviolite|VitalSpirit|Thunderbolt,FollowMe,Taunt,Protect|||M|||50|,,,,,Ghost]Sneasler||FocusSash|Unburden|Coaching,DireClaw,Protect,CloseCombat|||M|||50|,,,,,Stellar]Rillaboom||AssaultVest|GrassySurge|HighHorsepower,GrassyGlide,WoodHammer,FakeOut|||F|||50|,,,,,Fire]Kingambit||SafetyGoggles|Defiant|KowtowCleave,SuckerPunch,SwordsDance,Protect|||M|||50|,,,,,Dark]Volcarona||CovertCloak|FlameBody|HeatWave,TeraBlast,QuiverDance,Protect|||F|||50|,,,,,Fairy]Dragonite||LoadedDice|Multiscale|ScaleShot,ExtremeSpeed,Haze,Protect|||M|||50|,,,,,Steel
|showteam|p2|Corviknight||CovertCloak|MirrorArmor|BraveBird,Taunt,Roost,Tailwind|||M|||50|,,,,,Dragon]Garchomp||ClearAmulet|RoughSkin|Earthquake,DragonClaw,StompingTantrum,Protect|||M|||50|,,,,,Ground]Tyranitar||AssaultVest|SandStream|RockSlide,KnockOff,TeraBlast,LowKick|||M|||50|,,,,,Flying]Gholdengo||LifeOrb|GoodasGold|MakeItRain,ShadowBall,NastyPlot,Protect||||||50|,,,,,Water]Sneasler||WhiteHerb|Unburden|DireClaw,CloseCombat,Coaching,Protect|||M|||50|,,,,,Ghost]Incineroar||SitrusBerry|Intimidate|FlareBlitz,KnockOff,PartingShot,FakeOut|||M|||50|,,,,,Grass
|
|t:|1756931550
|teamsize|p1|4
|teamsize|p2|4
|start
|switch|p1a: Electabuzz|Electabuzz, L50, M|100/100
|switch|p1b: Volcarona|Volcarona, L50, F|100/100
|switch|p2a: Corviknight|Corviknight, L50, M|100/100
|switch|p2b: Tyranitar|Tyranitar, L50, M|100/100
|-weather|Sandstorm|[from] ability: Sand Stream|[of] p2b: Tyranitar
|turn|1
|
|t:|1756931570
|-terastallize|p1b: Volcarona|Fairy
|move|p1b: Volcarona|Quiver Dance|p1b: Volcarona
|-boost|p1b: Volcarona|spa|1
|-boost|p1b: Volcarona|spd|1
|-boost|p1b: Volcarona|spe|1
|move|p1a: Electabuzz|Taunt|p2a: Corviknight
|-start|p2a: Corviknight|move: Taunt
|cant|p2a: Corviknight|move: Taunt|Taunt
|move|p2b: Tyranitar|Knock Off|p1a: Electabuzz
|-damage|p1a: Electabuzz|62/100
|-enditem|p1a: Electabuzz|Eviolite|[from] move: Knock Off|[of] p2b: Tyranitar
|
|-weather|Sandstorm|[upkeep]
|-damage|p1b: Volcarona|94/100|[from] Sandstorm
|-damage|p1a: Electabuzz|56/100|[from] Sandstorm
|upkeep
|turn|2
|
|t:|1756931600
|switch|p2a: Garchomp|Garchomp, L50, M|100/100
|move|p1b: Volcarona|Heat Wave|p2a: Garchomp|[spread] p2b
|-miss|p1b: Volcarona|p2a: Garchomp
|-resisted|p2b: Tyranitar
|-damage|p2b: Tyranitar|90/100
|move|p1a: Electabuzz|Thunderbolt|p2a: Garchomp
|-immune|p2a: Garchomp
|move|p2b: Tyranitar|Rock Slide|p1b: Volcarona|[spread] p1a,p1b
|-damage|p1a: Electabuzz|23/100
|-damage|p1b: Volcarona|61/100
|
|-weather|Sandstorm|[upkeep]
|-damage|p1b: Volcarona|55/100|[from] Sandstorm
|-damage|p1a: Electabuzz|17/100|[from] Sandstorm
|upkeep
|turn|3
|
|t:|1756931645
|switch|p1a: Rillaboom|Rillaboom, L50, F|100/100
|-fieldstart|move: Grassy Terrain|[from] ability: Grassy Surge|[of] p1a: Rillaboom
|switch|p2b: Corviknight|Corviknight, L50, M|100/100
|-terastallize|p2a: Garchomp|Ground
|move|p1b: Volcarona|Tera Blast|p2a: Garchomp|[anim] Tera Blast Fairy
|-damage|p2a: Garchomp|40/100
|move|p2a: Garchomp|Earthquake|p1b: Volcarona|[spread] p1a,p1b
|-immune|p2b: Corviknight
|-resisted|p1a: Rillaboom
|-damage|p1a: Rillaboom|84/100
|-damage|p1b: Volcarona|21/100
|
|-weather|Sandstorm|[upkeep]
|-damage|p1b: Volcarona|15/100|[from] Sandstorm
|-damage|p1a: Rillaboom|78/100|[from] Sandstorm
|-heal|p1b: Volcarona|21/100|[from] Grassy Terrain
|-heal|p2a: Garchomp|46/100|[from] Grassy Terrain
|-heal|p1a: Rillaboom|84/100|[from] Grassy Terrain
|upkeep
|turn|4
|
|t:|1756931675
|move|p1a: Rillaboom|Grassy Glide|p2a: Garchomp
|-supereffective|p2a: Garchomp
|-damage|p2a: Garchomp|0 fnt
|-damage|p1a: Rillaboom|72/100|[from] ability: Rough Skin|[of] p2a: Garchomp
|faint|p2a: Garchomp
|move|p1b: Volcarona|Heat Wave|p2b: Corviknight
|-supereffective|p2b: Corviknight
|-damage|p2b: Corviknight|0 fnt
|faint|p2b: Corviknight
|
|-weather|Sandstorm|[upkeep]
|-damage|p1b: Volcarona|15/100|[from] Sandstorm
|-damage|p1a: Rillaboom|66/100|[from] Sandstorm
|-heal|p1b: Volcarona|21/100|[from] Grassy Terrain
|-heal|p1a: Rillaboom|72/100|[from] Grassy Terrain
|upkeep
|
|t:|1756931687
|switch|p2a: Sneasler|Sneasler, L50, M|100/100
|switch|p2b: Tyranitar|Tyranitar, L50, M|90/100
|turn|5
|
|t:|1756931708
|switch|p1a: Electabuzz|Electabuzz, L50, M|17/100
|move|p1b: Volcarona|Protect|p1b: Volcarona
|-singleturn|p1b: Volcarona|Protect
|move|p2a: Sneasler|Dire Claw|p1b: Volcarona
|-activate|p1b: Volcarona|move: Protect
|move|p2b: Tyranitar|Knock Off|p1a: Electabuzz
|-damage|p1a: Electabuzz|0 fnt
|faint|p1a: Electabuzz
|
|-weather|none
|-heal|p1b: Volcarona|27/100|[from] Grassy Terrain
|-heal|p2b: Tyranitar|95/100|[from] Grassy Terrain
|upkeep
|
|t:|1756931721
|switch|p1a: Rillaboom|Rillaboom, L50, F|72/100
|turn|6
|
|t:|1756931730
|move|p1a: Rillaboom|Fake Out|p2a: Sneasler
|-damage|p2a: Sneasler|76/100
|move|p1b: Volcarona|Tera Blast|p2b: Tyranitar|[anim] Tera Blast Fairy
|-supereffective|p2b: Tyranitar
|-damage|p2b: Tyranitar|20/100
|cant|p2a: Sneasler|flinch
|move|p2b: Tyranitar|Knock Off|p1a: Rillaboom
|-damage|p1a: Rillaboom|12/100
|-enditem|p1a: Rillaboom|Assault Vest|[from] move: Knock Off|[of] p2b: Tyranitar
|
|-heal|p1b: Volcarona|33/100|[from] Grassy Terrain
|-heal|p2a: Sneasler|82/100|[from] Grassy Terrain
|-heal|p1a: Rillaboom|19/100|[from] Grassy Terrain
|-heal|p2b: Tyranitar|26/100|[from] Grassy Terrain
|upkeep
|turn|7
|
|t:|1756931772
|move|p1a: Rillaboom|Grassy Glide|p2b: Tyranitar
|-supereffective|p2b: Tyranitar
|-damage|p2b: Tyranitar|0 fnt
|faint|p2b: Tyranitar
|move|p1b: Volcarona|Heat Wave|p2a: Sneasler
|-damage|p2a: Sneasler|0 fnt
|faint|p2a: Sneasler
|
|win|naovi
