|j|☆bruGno
|j|☆MaaxidiazzVGC
|html|bruGnoMaaxidiazzVGC    
|uhtml|bestof|Game 3 of a best-of-3
|t:|1786182583
|gametype|doubles
|player|p1|bruGno|ash-kalos|1359
|player|p2|MaaxidiazzVGC|cynthia-gen4|1296
|gen|9
|tier|[Gen 9 Champions] VGC 2026 Reg M-B (Bo3)
|rated|
|rule|Species Clause: Limit one of each Pokémon
|rule|Item Clause: Limit 1 of each item
|clearpoke
|poke|p1|Staraptor, L50, F|
|poke|p1|Arcanine-Hisui, L50, F|
|poke|p1|Kingambit, L50, M|
|poke|p1|Sylveon, L50, M|
|poke|p1|Raichu, L50, M|
|poke|p1|Farigiraf, L50, M|
|poke|p2|Charizard, L50, M|
|poke|p2|Whimsicott, L50, F|
|poke|p2|Basculegion, L50, M|
|poke|p2|Garchomp, L50, M|
|poke|p2|Kingambit, L50, M|
|poke|p2|Floette-Eternal, L50, F|
|teampreview|4
|showteam|p1|Staraptor||Staraptite|Intimidate|DualWingbeat,CloseCombat,Tailwind,Protect|Jolly||F|||50|]Arcanine-Hisui||FocusSash|RockHead|FlareBlitz,HeadSmash,ExtremeSpeed,Protect|Jolly||F|||50|]Kingambit||LifeOrb|Defiant|KowtowCleave,SuckerPunch,SwordsDance,Protect|Adamant||M|||50|]Sylveon||FairyFeather|Pixilate|HyperVoice,HyperBeam,QuickAttack,Detect|Modest||M|||50|]Raichu||RaichuniteY|LightningRod|ZapCannon,FocusBlast,FakeOut,Protect|Timid||M|||50|]Farigiraf||SitrusBerry|ArmorTail|Psychic,HelpingHand,TrickRoom,Protect|Calm||M|||50|
|showteam|p2|Charizard||CharizarditeY|Blaze|HeatWave,SolarBeam,WeatherBall,Protect|Modest||M|||50|]Whimsicott||FocusSash|Prankster|Moonblast,Encore,Tailwind,Protect|Timid||F|||50|]Basculegion||MysticWater|Adaptability|WaveCrash,LastRespects,AquaJet,Protect|Adamant||M|||50|]Garchomp||LifeOrb|RoughSkin|Earthquake,DragonClaw,RockSlide,Protect|Jolly||M|||50|]Kingambit||BlackGlasses|Defiant|KowtowCleave,IronHead,SuckerPunch,Protect|Adamant||M|||50|]Floette-Eternal||Floettite|FlowerVeil|Moonblast,LightofRuin,DazzlingGleam,Protect|Timid||F|||50|
|inactive|Battle timer is ON: inactive players will automatically lose when time's up. (requested by MaaxidiazzVGC)
|inactive|bruGno has 60 seconds left.
|
|t:|1786182634
|teamsize|p1|4
|teamsize|p2|4
|start
|switch|p1a: Arcanine|Arcanine-Hisui, L50, F|100/100
|switch|p1b: Raichu|Raichu, L50, M|100/100
|switch|p2a: Whimsicott|Whimsicott, L50, F|100/100
|switch|p2b: Basculegion|Basculegion, L50, M|100/100
|turn|1
|inactive|bruGno has 30 seconds left.
|
|t:|1786182662
|switch|p1a: Staraptor|Staraptor, L50, F|100/100
|-ability|p1a: Staraptor|Intimidate|boost
|-unboost|p2a: Whimsicott|atk|1
|-unboost|p2b: Basculegion|atk|1
|detailschange|p1b: Raichu|Raichu-Mega-Y, L50, M
|-mega|p1b: Raichu|Raichu|Raichunite Y
|move|p2a: Whimsicott|Protect|p2a: Whimsicott
|-singleturn|p2a: Whimsicott|Protect
|move|p2b: Basculegion|Aqua Jet|p1a: Staraptor
|-damage|p1a: Staraptor|70/100
|move|p1b: Raichu|Zap Cannon|p2b: Basculegion
|-supereffective|p2b: Basculegion|1
|-damage|p2b: Basculegion|0 fnt
|faint|p2b: Basculegion
|
|upkeep
|
|t:|1786182667
|switch|p2b: Floette|Floette-Eternal, L50, F|100/100
|turn|2
|inactive|bruGno has 30 seconds left.
|inactive|bruGno has 20 seconds left.
|inactive|bruGno has 15 seconds left.
|inactive|bruGno has 10 seconds left.
|
|t:|1786182715
|detailschange|p2b: Floette|Floette-Mega, L50, F
|-mega|p2b: Floette|Floette|Floettite
|-ability|p2b: Floette|Fairy Aura
|move|p2a: Whimsicott|Tailwind|p2a: Whimsicott
|-sidestart|p2: MaaxidiazzVGC|move: Tailwind
|move|p2b: Floette|Moonblast|p1b: Raichu
|-damage|p1b: Raichu|4/100
|move|p1b: Raichu|Zap Cannon|p2b: Floette
|-damage|p2b: Floette|50/100g
|-status|p2b: Floette|par
|move|p1a: Staraptor|Tailwind|p1a: Staraptor
|-sidestart|p1: bruGno|move: Tailwind
|
|upkeep
|turn|3
|inactive|bruGno has 30 seconds left.
|
|t:|1786182741
|move|p1b: Raichu|Zap Cannon|p2a: Whimsicott
|-resisted|p2a: Whimsicott|1
|-damage|p2a: Whimsicott|48/100
|-status|p2a: Whimsicott|par
|move|p1a: Staraptor|Dual Wingbeat|p2a: Whimsicott
|-supereffective|p2a: Whimsicott|1
|-damage|p2a: Whimsicott|0 fnt
|faint|p2a: Whimsicott
|-hitcount|p2: Whimsicott|1
|move|p2b: Floette|Moonblast|p1a: Staraptor
|-damage|p1a: Staraptor|0 fnt
|faint|p1a: Staraptor
|
|upkeep
|
|t:|1786182752
|switch|p2a: Garchomp|Garchomp, L50, M|100/100
|switch|p1a: Arcanine|Arcanine-Hisui, L50, F|100/100
|turn|4
|
|t:|1786182763
|move|p1a: Arcanine|Protect|p1a: Arcanine
|-singleturn|p1a: Arcanine|Protect
|move|p2b: Floette|Protect|p2b: Floette
|-singleturn|p2b: Floette|Protect
|move|p1b: Raichu|Focus Blast|p2a: Garchomp
|-damage|p2a: Garchomp|50/100g
|move|p2a: Garchomp|Earthquake|p1a: Arcanine|[spread] p1b
|-activate|p2b: Floette|move: Protect
|-activate|p1a: Arcanine|move: Protect
|-supereffective|p1b: Raichu|1
|-damage|p1b: Raichu|0 fnt
|faint|p1b: Raichu
|-damage|p2a: Garchomp|40/100|[from] item: Life Orb
|
|upkeep
|
|t:|1786182773
|switch|p1b: Sylveon|Sylveon, L50, M|100/100
|turn|5
|
|t:|1786182782
|move|p2a: Garchomp|Rock Slide|p1b: Sylveon|[spread] p1a,p1b
|-supereffective|p1a: Arcanine|1
|-damage|p1a: Arcanine|34/100
|-damage|p1b: Sylveon|65/100
|-damage|p2a: Garchomp|30/100|[from] item: Life Orb
|move|p1a: Arcanine|Flare Blitz|p2b: Floette
|-damage|p2b: Floette|0 fnt
|faint|p2b: Floette
|move|p1b: Sylveon|Hyper Voice|p2a: Garchomp
|-supereffective|p2a: Garchomp|1
|-damage|p2a: Garchomp|0 fnt
|faint|p2a: Garchomp
|
|win|bruGno
|raw|bruGno's rating: 1359 → 1375(+16 for winning)
|raw|MaaxidiazzVGC's rating: 1296 → 1275(-21 for losing)
|l|☆MaaxidiazzVGC
|player|p2|
