|j|☆mariogang
|j|☆ParroTiest
|html|mariogangParroTiest    
|uhtml|bestof|Game 2 of a best-of-3
|t:|1757824160
|gametype|doubles
|player|p1|mariogang|bugcatcher-gen4dp|1167
|player|p2|ParroTiest|wallace|1178
|gen|9
|tier|[Gen 9] VGC 2025 Reg H (Bo3)
|rated|
|rule|Species Clause: Limit one of each Pokémon
|rule|Item Clause: Limit 1 of each item
|clearpoke
|poke|p1|Indeedee, L50, M|
|poke|p1|Sneasler, L50, F|
|poke|p1|Excadrill, L50, M|
|poke|p1|Magmar, L50, M|
|poke|p1|Tyranitar, L50, M|
|poke|p1|Corviknight, L50, F|
|poke|p2|Grimmsnarl, L50, M|
|poke|p2|Ursaluna-Bloodmoon, L50, M|
|poke|p2|Gholdengo, L50|
|poke|p2|Rillaboom, L50, F|
|poke|p2|Volcarona, L50, M|
|poke|p2|Electabuzz, L50, F|
|teampreview|4
|showteam|p1|Indeedee||ChoiceScarf|PsychicSurge|ExpandingForce,TeraBlast,Trick,Protect|||M|||50|,,,,,Fighting]Sneasler||WhiteHerb|Unburden|FakeOut,CloseCombat,DireClaw,Coaching|||F|||50|,,,,,Flying]Excadrill||FocusSash|SandRush|Earthquake,IronHead,SwordsDance,Protect|||M|||50|,,,,,Ground]Magmar||Eviolite|VitalSpirit|HeatWave,FollowMe,WillOWisp,Protect|||M|||50|,,,,,Flying]Tyranitar||AssaultVest|SandStream|RockSlide,KnockOff,LowKick,TeraBlast|||M|||50|,,,,,Flying]Corviknight||PsychicSeed|MirrorArmor|BraveBird,PowerTrip,BulkUp,Roost|||F|||50|,,,,,Water
|showteam|p2|Grimmsnarl||LightClay|Prankster|Reflect,LightScreen,SpiritBreak,ThunderWave|||M|||50|,,,,,Ghost]Ursaluna-Bloodmoon||LifeOrb|MindsEye|BloodMoon,HyperVoice,EarthPower,Protect|||M|||50|,,,,,Normal]Gholdengo||ChoiceSpecs|GoodasGold|MakeItRain,ShadowBall,PowerGem,Trick||||||50|,,,,,Water]Rillaboom||AssaultVest|GrassySurge|FakeOut,WoodHammer,GrassyGlide,Uturn|||F|||50|,,,,,Fire]Volcarona||Leftovers|FlameBody|QuiverDance,HeatWave,GigaDrain,Protect|||M|||50|,,,,,Grass]Electabuzz||Eviolite|VitalSpirit|Electroweb,FollowMe,Taunt,Protect|||F|||50|,,,,,Ghost
|inactive|Battle timer is ON: inactive players will automatically lose when time's up. (requested by ParroTiest)
|
|t:|1757824191
|teamsize|p1|4
|teamsize|p2|4
|start
|switch|p1a: Excadrill|Excadrill, L50, M|100/100
|switch|p1b: Tyranitar|Tyranitar, L50, M|100/100
|switch|p2a: gremlin|Grimmsnarl, L50, M, shiny|100/100
|switch|p2b: instakill button|Ursaluna-Bloodmoon, L50, M|100/100
|-weather|Sandstorm|[from] ability: Sand Stream|[of] p1b: Tyranitar
|turn|1
|inactive|mariogang has 30 seconds left.
|
|t:|1757824220
|move|p2b: instakill button|Protect|p2b: instakill button
|-singleturn|p2b: instakill button|Protect
|move|p2a: gremlin|Reflect|p2a: gremlin
|-sidestart|p2: ParroTiest|Reflect
|move|p1a: Excadrill|Swords Dance|p1a: Excadrill
|-boost|p1a: Excadrill|atk|2
|move|p1b: Tyranitar|Low Kick|p2b: instakill button
|-activate|p2b: instakill button|move: Protect
|
|-weather|Sandstorm|[upkeep]
|-damage|p2a: gremlin|95/100|[from] Sandstorm
|upkeep
|turn|2
|
|t:|1757824244
|switch|p2a: monke|Rillaboom, L50, F|100/100
|-fieldstart|move: Grassy Terrain|[from] ability: Grassy Surge|[of] p2a: monke
|switch|p1b: Corviknight|Corviknight, L50, F|100/100
|move|p1a: Excadrill|Iron Head|p2a: monke
|-damage|p2a: monke|40/100
|move|p2b: instakill button|Earth Power|p1a: Excadrill
|-supereffective|p1a: Excadrill
|-enditem|p1a: Excadrill|Focus Sash
|-damage|p1a: Excadrill|1/100
|-unboost|p1a: Excadrill|spd|1
|-damage|p2b: instakill button|91/100|[from] item: Life Orb
|
|-weather|Sandstorm|[upkeep]
|-damage|p2a: monke|34/100|[from] Sandstorm
|-heal|p1a: Excadrill|7/100|[from] Grassy Terrain
|-heal|p2a: monke|40/100|[from] Grassy Terrain
|-heal|p2b: instakill button|97/100|[from] Grassy Terrain
|upkeep
|turn|3
|inactive|mariogang has 30 seconds left.
|inactive|ParroTiest has 30 seconds left.
|inactive|ParroTiest has 20 seconds left.
|inactive|ParroTiest has 15 seconds left.
|inactive|ParroTiest has 10 seconds left.
|
|t:|1757824290
|-terastallize|p2b: instakill button|Normal
|move|p2a: monke|Fake Out|p1b: Corviknight
|-resisted|p1b: Corviknight
|-damage|p1b: Corviknight|95/100
|move|p1a: Excadrill|Iron Head|p2a: monke
|-damage|p2a: monke|0 fnt
|faint|p2a: monke
|move|p2b: instakill button|Hyper Voice|p1b: Corviknight|[spread] p1a,p1b
|-resisted|p1a: Excadrill
|-resisted|p1b: Corviknight
|-damage|p1a: Excadrill|0 fnt
|-damage|p1b: Corviknight|72/100
|faint|p1a: Excadrill
|-damage|p2b: instakill button|87/100|[from] item: Life Orb
|cant|p1b: Corviknight|flinch
|
|-weather|Sandstorm|[upkeep]
|-damage|p2b: instakill button|81/100|[from] Sandstorm
|-heal|p2b: instakill button|87/100|[from] Grassy Terrain
|upkeep
|
|t:|1757824310
|switch|p1a: Sneasler|Sneasler, L50, F|100/100
|switch|p2a: quarters|Gholdengo, L50|100/100
|turn|4
|inactive|ParroTiest has 30 seconds left.
|inactive|ParroTiest has 20 seconds left.
|inactive|ParroTiest has 15 seconds left.
|
|t:|1757824351
|move|p2b: instakill button|Protect|p2b: instakill button
|-singleturn|p2b: instakill button|Protect
|move|p1a: Sneasler|Close Combat|p2b: instakill button
|-activate|p2b: instakill button|move: Protect
|move|p2a: quarters|Make It Rain|p1a: Sneasler|[spread] p1a,p1b
|-resisted|p1b: Corviknight
|-damage|p1a: Sneasler|2/100
|-damage|p1b: Corviknight|45/100
|-unboost|p2a: quarters|spa|1
|move|p1b: Corviknight|Bulk Up|p1b: Corviknight
|-boost|p1b: Corviknight|atk|1
|-boost|p1b: Corviknight|def|1
|
|-weather|Sandstorm|[upkeep]
|-damage|p1a: Sneasler|0 fnt|[from] Sandstorm
|-damage|p2b: instakill button|81/100|[from] Sandstorm
|faint|p1a: Sneasler
|-heal|p2b: instakill button|87/100|[from] Grassy Terrain
|upkeep
|
|t:|1757824368
|switch|p1a: Tyranitar|Tyranitar, L50, M|100/100
|turn|5
|
|t:|1757824380
|-terastallize|p1a: Tyranitar|Flying
|move|p2a: quarters|Make It Rain|p1b: Corviknight|[spread] p1a,p1b
|-resisted|p1b: Corviknight
|-damage|p1a: Tyranitar|70/100
|-damage|p1b: Corviknight|29/100
|-unboost|p2a: quarters|spa|1
|move|p2b: instakill button|Blood Moon|p1a: Tyranitar
|-damage|p1a: Tyranitar|0 fnt
|faint|p1a: Tyranitar
|-damage|p2b: instakill button|78/100|[from] item: Life Orb
|move|p1b: Corviknight|Roost|p1b: Corviknight
|-heal|p1b: Corviknight|79/100
|-singleturn|p1b: Corviknight|move: Roost
|
|-weather|none
|-heal|p2b: instakill button|84/100|[from] Grassy Terrain
|-heal|p1b: Corviknight|85/100|[from] Grassy Terrain
|upkeep
|turn|6
|inactive|mariogang has 30 seconds left.
|inactive|mariogang has 20 seconds left.
|c|☆mariogang|ursa always feel like cheating ahah i cant really deal w him
|c|☆mariogang|gg
|inactive|mariogang has 15 seconds left.
|-message|mariogang forfeited.
|raw|mariogang's rating: 1167 → 1143(-24 for losing)
|raw|ParroTiest's rating: 1178 → 1202(+24 for winning)
|
|win|ParroTiest
|c|☆ParroTiest|gg
|l|☆ParroTiest
|player|p2|
|l|☆mariogang
|player|p1|
|j|☆ParroTiest
|player|p2|ParroTiest|wallace|
