|j|☆pod_warbatino
|j|☆Lord Of Bulky
|html|pod_warbatinoLord Of Bulky    
|uhtml|bestof|Game 2 of a best-of-3
|t:|1782679336
|gametype|doubles
|player|p1|pod_warbatino|richboy|1000
|player|p2|Lord Of Bulky|alder|1050
|gen|9
|tier|[Gen 9 Champions] VGC 2026 Reg M-B (Bo3)
|rated|
|rule|Species Clause: Limit one of each Pokémon
|rule|Item Clause: Limit 1 of each item
|clearpoke
|poke|p1|Ditto, L50, shiny|
|poke|p1|Glimmora, L50, M, shiny|
|poke|p1|Sneasler, L50, M, shiny|
|poke|p1|Basculegion, L50, M, shiny|
|poke|p1|Kingambit, L50, M|
|poke|p1|Whimsicott, L50, F|
|poke|p2|Metagross, L50, shiny|
|poke|p2|Grimmsnarl, L50, M, shiny|
|poke|p2|Sinistcha, L50, shiny|
|poke|p2|Archaludon, L50, M, shiny|
|poke|p2|Swampert, L50, F, shiny|
|poke|p2|Pelipper, L50, F|
|teampreview|4
|showteam|p1|Ditto||Leftovers|Imposter|Transform|Bold|||||50|]Glimmora||Glimmoranite|ToxicDebris|EarthPower,PowerGem,SludgeBomb,SpikyShield|Timid||M|||50|]Sneasler||WhiteHerb|Unburden|Protect,CloseCombat,FakeOut,DireClaw|Adamant||M|||50|]Basculegion||MysticWater|Adaptability|LastRespects,FlipTurn,Protect,WaveCrash|Jolly||M|||50|]Kingambit||ExpertBelt|Defiant|IronHead,SuckerPunch,BrickBreak,Protect|Adamant||M|||50|]Whimsicott||FocusSash|Prankster|Tailwind,Moonblast,WorrySeed,HelpingHand|Bold||F|||50|
|showteam|p2|Metagross||Metagrossite|ClearBody|IronHead,PsychicFangs,Protect,BodyPress|Jolly|||||50|]Grimmsnarl||LightClay|Prankster|PartingShot,FoulPlay,Reflect,LightScreen|Careful||M|||50|]Sinistcha||CobaBerry|Hospitality|MatchaGotcha,Protect,RagePowder,TrickRoom|Bold|||||50|]Archaludon||Leftovers|Stamina|Protect,FlashCannon,DragonPulse,ElectroShot|Modest||M|||50|]Swampert||Swampertite|Damp|WaveCrash,HighHorsepower,Protect,IcePunch|Adamant||F|||50|]Pelipper||SitrusBerry|Drizzle|WeatherBall,Hurricane,WideGuard,Tailwind|Calm||F|||50|
|inactive|Battle timer is ON: inactive players will automatically lose when time's up. (requested by Lord Of Bulky)
|inactive|Lord Of Bulky has 60 seconds left.
|
|t:|1782679378
|teamsize|p1|4
|teamsize|p2|4
|start
|switch|p1a: Theridiosa|Sneasler, L50, M, shiny|100/100
|switch|p1b: Whimsicott|Whimsicott, L50, F|100/100
|switch|p2a: Metagross|Metagross, L50, shiny|100/100
|switch|p2b: Grimmsnarl|Grimmsnarl, L50, M, shiny|100/100
|turn|1
|j| yamomshooen
|
|t:|1782679402
|detailschange|p2a: Metagross|Metagross-Mega, L50, shiny
|-mega|p2a: Metagross|Metagross|Metagrossite
|move|p1a: Theridiosa|Fake Out|p2a: Metagross
|-resisted|p2a: Metagross|1
|-crit|p2a: Metagross
|-damage|p2a: Metagross|91/100
|move|p1b: Whimsicott|Tailwind|p1b: Whimsicott
|-sidestart|p1: pod_warbatino|move: Tailwind
|move|p2b: Grimmsnarl|Reflect|p2b: Grimmsnarl
|-sidestart|p2: Lord Of Bulky|Reflect
|cant|p2a: Metagross|flinch
|
|upkeep
|turn|2
|inactive|Lord Of Bulky has 30 seconds left.
|
|t:|1782679434
|switch|p1a: Kingambit|Kingambit, L50, M|100/100
|move|p1b: Whimsicott|Worry Seed|p2a: Metagross
|-ability|p2a: Metagross|Insomnia|Tough Claws|[from] move: Worry Seed
|move|p2b: Grimmsnarl|Parting Shot|p1b: Whimsicott
|-unboost|p1b: Whimsicott|atk|1
|-unboost|p1b: Whimsicott|spa|1
|
|t:|1782679443
|switch|p2b: Archaludon|Archaludon, L50, M, shiny|100/100|[from] Parting Shot
|move|p2a: Metagross|Psychic Fangs|p1a: Kingambit
|-immune|p1a: Kingambit
|
|upkeep
|turn|3
|
|t:|1782679461
|move|p1b: Whimsicott|Worry Seed|p2b: Archaludon
|-ability|p2b: Archaludon|Insomnia|Stamina|[from] move: Worry Seed
|move|p2a: Metagross|Body Press|p1a: Kingambit
|-supereffective|p1a: Kingambit|2
|-damage|p1a: Kingambit|28/100
|move|p1a: Kingambit|Brick Break|p2b: Archaludon
|-sideend|p2: Lord Of Bulky|Reflect
|-supereffective|p2b: Archaludon|1
|-damage|p2b: Archaludon|43/100
|move|p2b: Archaludon|Dragon Pulse|p1a: Kingambit
|-resisted|p1a: Kingambit|1
|-damage|p1a: Kingambit|8/100
|
|-heal|p2b: Archaludon|50/100y|[from] item: Leftovers
|upkeep
|turn|4
|inactive|pod_warbatino has 30 seconds left.
|
|t:|1782679490
|switch|p2b: Grimmsnarl|Grimmsnarl, L50, M, shiny|100/100
|move|p1a: Kingambit|Sucker Punch|p2a: Metagross
|-supereffective|p2a: Metagross|1
|-damage|p2a: Metagross|22/100
|move|p1b: Whimsicott|Moonblast|p2b: Grimmsnarl
|-supereffective|p2b: Grimmsnarl|1
|-damage|p2b: Grimmsnarl|64/100
|-unboost|p2b: Grimmsnarl|spa|1
|move|p2a: Metagross|Body Press|p1a: Kingambit
|-supereffective|p1a: Kingambit|2
|-damage|p1a: Kingambit|0 fnt
|faint|p1a: Kingambit
|
|-sideend|p1: pod_warbatino|move: Tailwind
|upkeep
|
|t:|1782679507
|switch|p1a: Theridiosa|Sneasler, L50, M, shiny|100/100
|turn|5
|l| yamomshooen
|
|t:|1782679526
|move|p2a: Metagross|Protect|p2a: Metagross
|-singleturn|p2a: Metagross|Protect
|move|p1a: Theridiosa|Fake Out|p2a: Metagross
|-activate|p2a: Metagross|move: Protect
|move|p1b: Whimsicott|Tailwind|p1b: Whimsicott
|-sidestart|p1: pod_warbatino|move: Tailwind
|move|p2b: Grimmsnarl|Reflect|p2b: Grimmsnarl
|-sidestart|p2: Lord Of Bulky|Reflect
|
|upkeep
|turn|6
|inactive|pod_warbatino has 30 seconds left.
|
|t:|1782679558
|move|p1b: Whimsicott|Helping Hand|p1a: Theridiosa
|-singleturn|p1a: Theridiosa|Helping Hand|[of] p1b: Whimsicott
|move|p2b: Grimmsnarl|Parting Shot|p1b: Whimsicott
|-unboost|p1b: Whimsicott|atk|1
|-unboost|p1b: Whimsicott|spa|1
|
|t:|1782679566
|switch|p2b: Archaludon|Archaludon, L50, M, shiny|50/100y|[from] Parting Shot
|move|p1a: Theridiosa|Close Combat|p2a: Metagross
|-damage|p2a: Metagross|0 fnt
|-unboost|p1a: Theridiosa|def|1
|-unboost|p1a: Theridiosa|spd|1
|faint|p2a: Metagross
|-enditem|p1a: Theridiosa|White Herb
|-clearnegativeboost|p1a: Theridiosa|[silent]
|
|-heal|p2b: Archaludon|56/100|[from] item: Leftovers
|upkeep
|
|t:|1782679578
|switch|p2a: Pelipper|Pelipper, L50, F|100/100
|-weather|RainDance|[from] ability: Drizzle|[of] p2a: Pelipper
|turn|7
|
|t:|1782679590
|move|p1a: Theridiosa|Protect|p1a: Theridiosa
|-singleturn|p1a: Theridiosa|Protect
|move|p2b: Archaludon|Protect|p2b: Archaludon
|-singleturn|p2b: Archaludon|Protect
|move|p1b: Whimsicott|Worry Seed|p2b: Archaludon
|-activate|p2b: Archaludon|move: Protect
|move|p2a: Pelipper|Hurricane|p1a: Theridiosa
|-activate|p1a: Theridiosa|move: Protect
|
|-weather|RainDance|[upkeep]
|-heal|p2b: Archaludon|62/100|[from] item: Leftovers
|upkeep
|turn|8
|inactive|pod_warbatino has 30 seconds left.
|inactive|pod_warbatino has 20 seconds left.
|
|t:|1782679625
|switch|p2b: Grimmsnarl|Grimmsnarl, L50, M, shiny|64/100
|move|p1b: Whimsicott|Worry Seed|p2b: Grimmsnarl
|-hint|Since gen 7, Dark is immune to Prankster moves.
|-immune|p2b: Grimmsnarl
|move|p1a: Theridiosa|Close Combat|p2b: Grimmsnarl
|-damage|p2b: Grimmsnarl|16/100
|-unboost|p1a: Theridiosa|def|1
|-unboost|p1a: Theridiosa|spd|1
|move|p2a: Pelipper|Hurricane|p1a: Theridiosa
|-supereffective|p1a: Theridiosa|1
|-damage|p1a: Theridiosa|0 fnt
|faint|p1a: Theridiosa
|
|-weather|RainDance|[upkeep]
|-sideend|p1: pod_warbatino|move: Tailwind
|upkeep
|
|t:|1782679642
|switch|p1a: Basculegion|Basculegion, L50, M, shiny|100/100
|turn|9
|
|t:|1782679663
|move|p2b: Grimmsnarl|Parting Shot|p1a: Basculegion
|-unboost|p1a: Basculegion|atk|1
|-unboost|p1a: Basculegion|spa|1
|
|t:|1782679666
|switch|p2b: Archaludon|Archaludon, L50, M, shiny|62/100|[from] Parting Shot
|move|p1a: Basculegion|Last Respects|p2a: Pelipper
|-crit|p2a: Pelipper
|-damage|p2a: Pelipper|0 fnt
|faint|p2a: Pelipper
|move|p1b: Whimsicott|Moonblast|p2b: Archaludon
|-damage|p2b: Archaludon|48/100
|-ability|p2b: Archaludon|Stamina|boost
|-boost|p2b: Archaludon|def|1
|
|-weather|RainDance|[upkeep]
|-heal|p2b: Archaludon|54/100|[from] item: Leftovers
|upkeep
|
|t:|1782679679
|switch|p2a: Grimmsnarl|Grimmsnarl, L50, M, shiny|16/100
|turn|10
|
|t:|1782679702
|move|p2b: Archaludon|Protect|p2b: Archaludon
|-singleturn|p2b: Archaludon|Protect
|move|p1b: Whimsicott|Worry Seed|p2b: Archaludon
|-activate|p2b: Archaludon|move: Protect
|move|p2a: Grimmsnarl|Parting Shot|p1a: Basculegion
|-unboost|p1a: Basculegion|atk|1
|-unboost|p1a: Basculegion|spa|1
|move|p1a: Basculegion|Flip Turn|p2a: Grimmsnarl
|-damage|p2a: Grimmsnarl|0 fnt
|faint|p2a: Grimmsnarl
|
|-weather|RainDance|[upkeep]
|-heal|p2b: Archaludon|60/100|[from] item: Leftovers
|upkeep
|turn|11
|inactive|pod_warbatino has 30 seconds left.
|
|t:|1782679736
|move|p1b: Whimsicott|Worry Seed|p2b: Archaludon
|-ability|p2b: Archaludon|Insomnia|Stamina|[from] move: Worry Seed
|move|p1a: Basculegion|Last Respects|p2b: Archaludon
|-damage|p2b: Archaludon|46/100
|move|p2b: Archaludon|Electro Shot||[still]
|-prepare|p2b: Archaludon|Electro Shot
|-boost|p2b: Archaludon|spa|1
|-anim|p2b: Archaludon|Electro Shot|p1a: Basculegion
|-supereffective|p1a: Basculegion|1
|-damage|p1a: Basculegion|0 fnt
|faint|p1a: Basculegion
|
|-weather|none
|-heal|p2b: Archaludon|52/100|[from] item: Leftovers
|upkeep
|turn|12
|
|t:|1782679759
|move|p1b: Whimsicott|Moonblast|p2b: Archaludon
|-damage|p2b: Archaludon|38/100
|move|p2b: Archaludon|Flash Cannon|p1b: Whimsicott
|-supereffective|p1b: Whimsicott|1
|-enditem|p1b: Whimsicott|Focus Sash
|-damage|p1b: Whimsicott|1/100
|
|-heal|p2b: Archaludon|44/100|[from] item: Leftovers
|-sideend|p2: Lord Of Bulky|Reflect
|upkeep
|turn|13
|
|t:|1782679772
|move|p1b: Whimsicott|Moonblast|p2b: Archaludon
|-damage|p2b: Archaludon|32/100
|move|p2b: Archaludon|Flash Cannon|p1b: Whimsicott
|-supereffective|p1b: Whimsicott|1
|-damage|p1b: Whimsicott|0 fnt
|faint|p1b: Whimsicott
|
|win|Lord Of Bulky
|raw|pod_warbatino's rating: 1000 → 1000(+0 for losing)
|raw|Lord Of Bulky's rating: 1050 → 1078(+28 for winning)
