|j|☆tomnumbers
|j|☆thatguy145
|html|tomnumbersthatguy145    
|uhtml|bestof|Game 1 of a best-of-3
|t:|1756317355
|gametype|doubles
|player|p1|tomnumbers|gambler|1127
|player|p2|thatguy145|ninjaboy|1130
|gen|9
|tier|[Gen 9] VGC 2025 Reg H (Bo3)
|rated|
|rule|Species Clause: Limit one of each Pokémon
|rule|Item Clause: Limit 1 of each item
|clearpoke
|poke|p1|Electabuzz, L50, F|
|poke|p1|Volcarona, L50, F|
|poke|p1|Dragonite, L50, M|
|poke|p1|Rillaboom, L50, M|
|poke|p1|Gholdengo, L50|
|poke|p1|Ursaluna-Bloodmoon, L50, M|
|poke|p2|Ursaluna-Bloodmoon, L50, M|
|poke|p2|Gholdengo, L50|
|poke|p2|Indeedee-F, L50, F|
|poke|p2|Gyarados, L50, M|
|poke|p2|Amoonguss, L50, F|
|poke|p2|Armarouge, L50, F|
|teampreview|4
|showteam|p1|Electabuzz||Eviolite|VitalSpirit|Electroweb,FollowMe,Taunt,Protect|||F|||50|,,,,,Dragon]Volcarona||Leftovers|FlameBody|HeatWave,TeraBlast,QuiverDance,Protect|||F|||50|,,,,,Fairy]Dragonite||LoadedDice|Multiscale|ScaleShot,ExtremeSpeed,Tailwind,Protect|||M|||50|,,,,,Steel]Rillaboom||AssaultVest|GrassySurge|FakeOut,WoodHammer,GrassyGlide,HighHorsepower|||M|||50|,,,,,Fire]Gholdengo||GrassySeed|GoodasGold|MakeItRain,ShadowBall,NastyPlot,Protect||||||50|,,,,,Water]Ursaluna-Bloodmoon||LifeOrb|MindsEye|BloodMoon,HyperVoice,EarthPower,Protect|||M|||50|,,,,,Normal
|showteam|p2|Ursaluna-Bloodmoon||SilkScarf|MindsEye|HyperVoice,BloodMoon,EarthPower,Protect|||M|||50|,,,,,Ground]Gholdengo||Leftovers|GoodasGold|Protect,NastyPlot,ShadowBall,MakeItRain||||||50|,,,,,Steel]Indeedee-F||RockyHelmet|PsychicSurge|FollowMe,TrickRoom,HelpingHand,DazzlingGleam|||F|||50|,,,,,Psychic]Gyarados||SitrusBerry|Intimidate|Waterfall,Taunt,Protect,ThunderWave|||M|||50|,,,,,Water]Amoonguss||IapapaBerry|Regenerator|Spore,RagePowder,PollenPuff,Protect|||F|||50|,,,,,Dark]Armarouge||LifeOrb|FlashFire|ExpandingForce,ArmorCannon,Protect,TrickRoom|||F|||50|,,,,,Psychic
|inactive|Battle timer is ON: inactive players will automatically lose when time's up. (requested by tomnumbers)
|inactive|tomnumbers has 60 seconds left.
|inactive|thatguy145 has 60 seconds left.
|inactive|tomnumbers has 30 seconds left.
|inactive|tomnumbers has 20 seconds left.
|inactive|tomnumbers has 15 seconds left.
|
|t:|1756317435
|teamsize|p1|4
|teamsize|p2|4
|start
|switch|p1a: Electabuzz|Electabuzz, L50, F|100/100
|switch|p1b: Ursaluna|Ursaluna-Bloodmoon, L50, M|100/100
|switch|p2a: Gyarados|Gyarados, L50, M|100/100
|switch|p2b: Armarouge|Armarouge, L50, F|100/100
|-ability|p2a: Gyarados|Intimidate|boost
|-unboost|p1a: Electabuzz|atk|1
|-unboost|p1b: Ursaluna|atk|1
|turn|1
|
|t:|1756317455
|-terastallize|p1b: Ursaluna|Normal
|move|p2b: Armarouge|Protect|p2b: Armarouge
|-singleturn|p2b: Armarouge|Protect
|move|p1a: Electabuzz|Electroweb|p2b: Armarouge|[spread] p2a
|-activate|p2b: Armarouge|move: Protect
|-supereffective|p2a: Gyarados
|-damage|p2a: Gyarados|47/100
|-unboost|p2a: Gyarados|spe|1
|-enditem|p2a: Gyarados|Sitrus Berry|[eat]
|-heal|p2a: Gyarados|72/100|[from] item: Sitrus Berry
|move|p1b: Ursaluna|Blood Moon|p2b: Armarouge
|-activate|p2b: Armarouge|move: Protect
|move|p2a: Gyarados|Taunt|p1a: Electabuzz
|-start|p1a: Electabuzz|move: Taunt
|
|upkeep
|turn|2
|
|t:|1756317474
|switch|p2a: Indeedee|Indeedee-F, L50, F|100/100
|-fieldstart|move: Psychic Terrain|[from] ability: Psychic Surge|[of] p2a: Indeedee
|-terastallize|p2b: Armarouge|Psychic
|move|p1a: Electabuzz|Electroweb|p2b: Armarouge|[spread] p2a,p2b
|-damage|p2a: Indeedee|87/100
|-damage|p2b: Armarouge|86/100
|-unboost|p2a: Indeedee|spe|1
|-unboost|p2b: Armarouge|spe|1
|move|p1b: Ursaluna|Hyper Voice|p2a: Indeedee|[spread] p2a,p2b
|-damage|p2a: Indeedee|15/100
|-damage|p2b: Armarouge|6/100
|-damage|p1b: Ursaluna|91/100|[from] item: Life Orb
|move|p2b: Armarouge|Expanding Force|p1b: Ursaluna|[spread] p1a,p1b
|-damage|p1a: Electabuzz|15/100
|-damage|p1b: Ursaluna|0 fnt
|faint|p1b: Ursaluna
|-damage|p2b: Armarouge|0 fnt|[from] item: Life Orb
|faint|p2b: Armarouge
|
|upkeep
|
|t:|1756317496
|switch|p1b: Volcarona|Volcarona, L50, F|100/100
|switch|p2b: Ursaluna|Ursaluna-Bloodmoon, L50, M|100/100
|turn|3
|
|t:|1756317506
|switch|p1a: Rillaboom|Rillaboom, L50, M|100/100
|-fieldstart|move: Grassy Terrain|[from] ability: Grassy Surge|[of] p1a: Rillaboom
|move|p2a: Indeedee|Helping Hand|p2b: Ursaluna
|-singleturn|p2b: Ursaluna|Helping Hand|[of] p2a: Indeedee
|move|p1b: Volcarona|Quiver Dance|p1b: Volcarona
|-boost|p1b: Volcarona|spa|1
|-boost|p1b: Volcarona|spd|1
|-boost|p1b: Volcarona|spe|1
|move|p2b: Ursaluna|Hyper Voice|p1a: Rillaboom|[spread] p1a,p1b
|-damage|p1a: Rillaboom|44/100
|-damage|p1b: Volcarona|60/100
|
|-heal|p1b: Volcarona|66/100|[from] Grassy Terrain
|-heal|p1b: Volcarona|72/100|[from] item: Leftovers
|-heal|p1a: Rillaboom|50/100|[from] Grassy Terrain
|-heal|p2a: Indeedee|21/100|[from] Grassy Terrain
|upkeep
|turn|4
|
|t:|1756317520
|move|p2b: Ursaluna|Protect|p2b: Ursaluna
|-singleturn|p2b: Ursaluna|Protect
|move|p1a: Rillaboom|Fake Out|p2b: Ursaluna
|-activate|p2b: Ursaluna|move: Protect
|move|p1b: Volcarona|Heat Wave|p2a: Indeedee|[spread] p2a
|-activate|p2b: Ursaluna|move: Protect
|-damage|p2a: Indeedee|0 fnt
|faint|p2a: Indeedee
|
|-heal|p1b: Volcarona|79/100|[from] Grassy Terrain
|-heal|p1b: Volcarona|85/100|[from] item: Leftovers
|-heal|p1a: Rillaboom|56/100|[from] Grassy Terrain
|upkeep
|
|t:|1756317528
|switch|p2a: Gyarados|Gyarados, L50, M|72/100
|-ability|p2a: Gyarados|Intimidate|boost
|-unboost|p1a: Rillaboom|atk|1
|-unboost|p1b: Volcarona|atk|1
|turn|5
|c|☆tomnumbers|think you forgot some teras
|
|t:|1756317543
|move|p1b: Volcarona|Tera Blast|p2b: Ursaluna
|-damage|p2b: Ursaluna|55/100
|move|p2a: Gyarados|Waterfall|p1b: Volcarona
|-supereffective|p1b: Volcarona
|-damage|p1b: Volcarona|13/100
|move|p1a: Rillaboom|Wood Hammer|p2b: Ursaluna
|-supereffective|p2b: Ursaluna
|-damage|p2b: Ursaluna|0 fnt
|faint|p2b: Ursaluna
|-damage|p1a: Rillaboom|36/100|[from] Recoil
|
|-heal|p1b: Volcarona|19/100|[from] Grassy Terrain
|-heal|p1b: Volcarona|25/100|[from] item: Leftovers
|-heal|p1a: Rillaboom|42/100|[from] Grassy Terrain
|upkeep
|turn|6
|-message|thatguy145 forfeited.
|
|win|tomnumbers
|l|☆thatguy145
|player|p2|
||thatguy145 is ready for game 2.
||tomnumbers is ready for game 2.
|uhtml|next|Next: Game 2 of 3
