|j|‽vilan333
|j|☆gostzin
|html|vilan333gostzin    
|uhtml|bestof|Game 2 of a best-of-3
|t:|1757082760
|gametype|doubles
|player|p1|vilan333|101|1180
|player|p2|gostzin|101|1130
|gen|9
|tier|[Gen 9] VGC 2025 Reg H (Bo3)
|rated|
|rule|Species Clause: Limit one of each Pokémon
|rule|Item Clause: Limit 1 of each item
|clearpoke
|poke|p1|Sneasler, L50, M|
|poke|p1|Indeedee, L50, M|
|poke|p1|Ursaluna-Bloodmoon, L50, M|
|poke|p1|Electabuzz, L50, F|
|poke|p1|Talonflame, L50, M|
|poke|p1|Incineroar, L50, F|
|poke|p2|Incineroar, L50, M|
|poke|p2|Volcarona, L50, M|
|poke|p2|Ninetales-Alola, L50, M|
|poke|p2|Ursaluna-Bloodmoon, L50, M|
|poke|p2|Indeedee-F, L50, F|
|poke|p2|Sneasler, L50, M|
|teampreview|4
|showteam|p1|Sneasler||PsychicSeed|Unburden|Protect,CloseCombat,DireClaw,ThroatChop|||M|||50|,,,,,Dark]Indeedee||FocusSash|PsychicSurge|Protect,TrickRoom,ExpandingForce,TeraBlast|||M|||50|,,,,,Fighting]Ursaluna-Bloodmoon||LifeOrb|MindsEye|Protect,HyperVoice,BloodMoon,EarthPower|||M|||50|,,,,,Normal]Electabuzz||Eviolite|VitalSpirit|Electroweb,Protect,Taunt,FollowMe|||F|||50|,,,,,Ghost]Talonflame||CovertCloak|GaleWings|Tailwind,WillOWisp,DualWingbeat,FlareBlitz|||M|||50|,,,,,Fairy]Incineroar||SafetyGoggles|Intimidate|FakeOut,KnockOff,PartingShot,FlareBlitz|||F|||50|,,,,,Ghost
|showteam|p2|Incineroar||SafetyGoggles|Intimidate|WillOWisp,FakeOut,Taunt,KnockOff|||M|||50|,,,,,Ghost]Volcarona||CovertCloak|FlameBody|QuiverDance,FieryDance,GigaDrain,Protect|||M|||50|,,,,,Fairy]Ninetales-Alola||FocusSash|SnowWarning|Blizzard,Encore,IcyWind,AuroraVeil|||M|||50|,,,,,Ghost]Ursaluna-Bloodmoon||AssaultVest|MindsEye|BloodMoon,EarthPower,HyperVoice,VacuumWave|||M|||50|,,,,,Ghost]Indeedee-F||RockyHelmet|PsychicSurge|TrickRoom,FollowMe,Psyshock,HelpingHand|||F|||50|,,,,,Grass]Sneasler||PsychicSeed|Unburden|CloseCombat,DireClaw,Protect,ThroatChop|||M|||50|,,,,,Stellar
|inactive|Battle timer is ON: inactive players will automatically lose when time's up. (requested by gostzin)
|
|t:|1757082776
|teamsize|p1|4
|teamsize|p2|4
|start
|switch|p1a: Electabuzz|Electabuzz, L50, F, shiny|100/100
|switch|p1b: Ursaluna|Ursaluna-Bloodmoon, L50, M|100/100
|switch|p2a: Ursaluna|Ursaluna-Bloodmoon, L50, M|100/100
|switch|p2b: Ninetales|Ninetales-Alola, L50, M, shiny|100/100
|-weather|Snowscape|[from] ability: Snow Warning|[of] p2b: Ninetales
|turn|1
|inactive|vilan333 has 30 seconds left.
|
|t:|1757082808
|-terastallize|p1b: Ursaluna|Normal
|move|p2b: Ninetales|Aurora Veil|p2b: Ninetales
|-sidestart|p2: gostzin|move: Aurora Veil
|move|p1a: Electabuzz|Electroweb|p2a: Ursaluna|[spread] p2b
|-immune|p2a: Ursaluna
|-damage|p2b: Ninetales|90/100
|-unboost|p2b: Ninetales|spe|1
|move|p1b: Ursaluna|Hyper Voice|p2b: Ninetales|[spread] p2a,p2b
|-damage|p2a: Ursaluna|71/100
|-damage|p2b: Ninetales|34/100
|-damage|p1b: Ursaluna|91/100|[from] item: Life Orb
|move|p2a: Ursaluna|Earth Power|p1a: Electabuzz
|-supereffective|p1a: Electabuzz
|-damage|p1a: Electabuzz|23/100
|
|-weather|Snowscape|[upkeep]
|upkeep
|turn|2
|inactive|gostzin has 30 seconds left.
|
|t:|1757082834
|move|p1a: Electabuzz|Protect|p1a: Electabuzz
|-singleturn|p1a: Electabuzz|Protect
|move|p1b: Ursaluna|Protect|p1b: Ursaluna
|-singleturn|p1b: Ursaluna|Protect
|move|p2b: Ninetales|Blizzard|p1a: Electabuzz|[spread] 
|-activate|p1a: Electabuzz|move: Protect
|-activate|p1b: Ursaluna|move: Protect
|move|p2a: Ursaluna|Blood Moon|p1b: Ursaluna
|-activate|p1b: Ursaluna|move: Protect
|
|-weather|Snowscape|[upkeep]
|upkeep
|turn|3
|
|t:|1757082853
|move|p1a: Electabuzz|Follow Me|p1a: Electabuzz
|-singleturn|p1a: Electabuzz|move: Follow Me
|move|p2b: Ninetales|Icy Wind|p1b: Ursaluna|[spread] p1a,p1b
|-damage|p1a: Electabuzz|12/100
|-damage|p1b: Ursaluna|74/100
|-unboost|p1a: Electabuzz|spe|1
|-unboost|p1b: Ursaluna|spe|1
|move|p1b: Ursaluna|Blood Moon|p2a: Ursaluna
|-damage|p2a: Ursaluna|2/100
|-damage|p1b: Ursaluna|64/100|[from] item: Life Orb
|move|p2a: Ursaluna|Hyper Voice|p1b: Ursaluna|[spread] p1a,p1b
|-damage|p1a: Electabuzz|0 fnt
|-damage|p1b: Ursaluna|12/100
|faint|p1a: Electabuzz
|
|-weather|Snowscape|[upkeep]
|upkeep
|
|t:|1757082871
|switch|p1a: Incineroar|Incineroar, L50, F|100/100
|-ability|p1a: Incineroar|Intimidate|boost
|-unboost|p2a: Ursaluna|atk|1
|-unboost|p2b: Ninetales|atk|1
|turn|4
|
|t:|1757082886
|move|p1a: Incineroar|Fake Out|p2a: Ursaluna
|-damage|p2a: Ursaluna|0 fnt
|faint|p2a: Ursaluna
|move|p2b: Ninetales|Blizzard|p1a: Incineroar|[spread] p1a,p1b
|-resisted|p1a: Incineroar
|-damage|p1a: Incineroar|90/100
|-damage|p1b: Ursaluna|0 fnt
|faint|p1b: Ursaluna
|
|-weather|Snowscape|[upkeep]
|upkeep
|
|t:|1757082896
|switch|p1b: Sneasler|Sneasler, L50, M|100/100
|switch|p2a: Sneasler|Sneasler, L50, M|100/100
|turn|5
|
|t:|1757082913
|switch|p2b: Incineroar|Incineroar, L50, M, shiny|100/100
|-ability|p2b: Incineroar|Intimidate|boost
|-unboost|p1a: Incineroar|atk|1
|-unboost|p1b: Sneasler|atk|1
|-terastallize|p2a: Sneasler|Stellar
|move|p2a: Sneasler|Close Combat|p1a: Incineroar
|-supereffective|p1a: Incineroar
|-damage|p1a: Incineroar|0 fnt
|-unboost|p2a: Sneasler|def|1
|-unboost|p2a: Sneasler|spd|1
|faint|p1a: Incineroar
|move|p1b: Sneasler|Dire Claw|p2a: Sneasler
|-resisted|p2a: Sneasler
|-damage|p2a: Sneasler|74/100
|
|-weather|none
|-sideend|p2: gostzin|move: Aurora Veil
|upkeep
|turn|6
|-message|vilan333 forfeited.
|
|win|gostzin
|raw|vilan333's rating: 1180 → 1151(-29 for losing)
|raw|gostzin's rating: 1130 → 1159(+29 for winning)
|l|‽vilan333
|player|p1|
|j|‽vilan333
|player|p1|vilan333|101|
