|j|☆Zdog2015
|j|☆Master M-rada
|html|Zdog2015Master M-rada    
|uhtml|bestof|Game 2 of a best-of-3
|t:|1784206432
|gametype|doubles
|player|p1|Zdog2015|1|1167
|player|p2|Master M-rada|miku-ice|1195
|gen|9
|tier|[Gen 9 Champions] VGC 2026 Reg M-B (Bo3)
|rated|
|rule|Species Clause: Limit one of each Pokémon
|rule|Item Clause: Limit 1 of each item
|clearpoke
|poke|p1|Kingambit, L50, F|
|poke|p1|Whimsicott, L50, M|
|poke|p1|Basculegion, L50, M|
|poke|p1|Garchomp, L50, M|
|poke|p1|Charizard, L50, M|
|poke|p1|Floette-Eternal, L50, F|
|poke|p2|Sneasler, L50, F|
|poke|p2|Blastoise, L50, F, shiny|
|poke|p2|Delphox, L50, M|
|poke|p2|Incineroar, L50, M|
|poke|p2|Sinistcha, L50, shiny|
|poke|p2|Kingambit, L50, M, shiny|
|teampreview|4
|showteam|p1|Kingambit||ChopleBerry|Defiant|KowtowCleave,LowKick,SuckerPunch,Protect|Adamant||F|||50|]Whimsicott||FocusSash|Prankster|Moonblast,Tailwind,Encore,Protect|Timid||M|||50|]Basculegion||MysticWater|Adaptability|WaveCrash,LastRespects,AquaJet,Protect|Adamant||M|||50|]Garchomp||LifeOrb|RoughSkin|DragonClaw,RockSlide,Earthquake,Protect|Jolly||M|||50|]Charizard||CharizarditeY|Blaze|WeatherBall,HeatWave,SolarBeam,Protect|Modest||M|||50|]Floette-Eternal||Floettite|FlowerVeil|Moonblast,DazzlingGleam,LightofRuin,Protect|Timid||F|||50|
|showteam|p2|Sneasler||FocusSash|PoisonTouch|PoisonJab,CloseCombat,FakeOut,QuickGuard|Jolly||F|||50|]Blastoise||Blastoisinite|RainDish|WaterSpout,DarkPulse,ShellSmash,Protect|Modest||F|||50|]Delphox||Delphoxite|Blaze|HeatWave,Psyshock,NastyPlot,Protect|Modest||M|||50|]Incineroar||SitrusBerry|Intimidate|FakeOut,PartingShot,FlareBlitz,Taunt|Careful||M|||50|]Sinistcha||KasibBerry|Hospitality|MatchaGotcha,RagePowder,TrickRoom,Protect|Bold|||||50|]Kingambit||BlackGlasses|Defiant|KowtowCleave,SuckerPunch,SwordsDance,Protect|Adamant||M|||50|
|inactive|Battle timer is ON: inactive players will automatically lose when time's up. (requested by Master M-rada)
|inactive|Zdog2015 has 60 seconds left.
|
|t:|1784206488
|teamsize|p1|4
|teamsize|p2|4
|start
|switch|p1a: Whimsicott|Whimsicott, L50, M|100/100
|switch|p1b: Basculegion|Basculegion, L50, M|100/100
|switch|p2a: Delphox|Delphox, L50, M|100/100
|switch|p2b: Sneasler|Sneasler, L50, F|100/100
|turn|1
|
|t:|1784206507
|switch|p2a: Sinistcha|Sinistcha, L50, shiny|100/100
|move|p1a: Whimsicott|Tailwind|p1a: Whimsicott
|-sidestart|p1: Zdog2015|move: Tailwind
|move|p1b: Basculegion|Wave Crash|p2a: Sinistcha
|-resisted|p2a: Sinistcha|1
|-damage|p2a: Sinistcha|56/100
|-damage|p1b: Basculegion|87/100|[from] Recoil
|move|p2b: Sneasler|Poison Jab|p1b: Basculegion
|-resisted|p1b: Basculegion|1
|-damage|p1b: Basculegion|62/100
|
|upkeep
|turn|2
|inactive|Master M-rada has 30 seconds left.
|inactive|Zdog2015 has 30 seconds left.
|inactive|Master M-rada has 20 seconds left.
|
|t:|1784206548
|switch|p1b: Kingambit|Kingambit, L50, F|100/100
|switch|p2b: Incineroar|Incineroar, L50, M|100/100
|-ability|p2b: Incineroar|Intimidate|boost
|-unboost|p1a: Whimsicott|atk|1
|-unboost|p1b: Kingambit|atk|1
|-ability|p1b: Kingambit|Defiant|boost
|-boost|p1b: Kingambit|atk|2
|move|p1a: Whimsicott|Encore|p2b: Incineroar
|-hint|Since gen 7, Dark is immune to Prankster moves.
|-immune|p2b: Incineroar
|move|p2a: Sinistcha|Matcha Gotcha|p1b: Kingambit|[spread] p1a,p1b
|-resisted|p1a: Whimsicott|1
|-resisted|p1b: Kingambit|1
|-damage|p1a: Whimsicott|81/100
|-heal|p2a: Sinistcha|64/100|[from] drain|[of] p1a: Whimsicott
|-damage|p1b: Kingambit|86/100
|-heal|p2a: Sinistcha|71/100|[from] drain|[of] p1b: Kingambit
|-status|p1a: Whimsicott|brn
|
|-damage|p1a: Whimsicott|75/100 brn|[from] brn
|upkeep
|turn|3
|inactive|Zdog2015 has 30 seconds left.
|inactive|Master M-rada has 30 seconds left.
|inactive|Master M-rada has 20 seconds left.
|inactive|Master M-rada has 15 seconds left.
|inactive|Master M-rada has 10 seconds left.
|
|t:|1784206594
|switch|p1a: Charizard|Charizard, L50, M|100/100
|move|p2a: Sinistcha|Rage Powder|p2a: Sinistcha
|-singleturn|p2a: Sinistcha|move: Rage Powder
|move|p1b: Kingambit|Low Kick|p2a: Sinistcha
|-immune|p2a: Sinistcha
|move|p2b: Incineroar|Flare Blitz|p1b: Kingambit
|-supereffective|p1b: Kingambit|1
|-damage|p1b: Kingambit|23/100
|-damage|p2b: Incineroar|78/100|[from] Recoil
|
|upkeep
|turn|4
|inactive|Master M-rada has 30 seconds left.
|
|t:|1784206627
|detailschange|p1a: Charizard|Charizard-Mega-Y, L50, M
|-mega|p1a: Charizard|Charizard|Charizardite Y
|-weather|SunnyDay|[from] ability: Drought|[of] p1a: Charizard
|move|p2a: Sinistcha|Protect|p2a: Sinistcha
|-singleturn|p2a: Sinistcha|Protect
|move|p1a: Charizard|Heat Wave|p2b: Incineroar|[spread] p2b
|-activate|p2a: Sinistcha|move: Protect
|-resisted|p2b: Incineroar|1
|-damage|p2b: Incineroar|55/100
|move|p1b: Kingambit|Low Kick|p2b: Incineroar
|-supereffective|p2b: Incineroar|1
|-damage|p2b: Incineroar|0 fnt
|faint|p2b: Incineroar
|
|-weather|SunnyDay|[upkeep]
|-sideend|p1: Zdog2015|move: Tailwind
|upkeep
|
|t:|1784206640
|switch|p2b: Delphox|Delphox, L50, M|100/100
|turn|5
|
|t:|1784206655
|detailschange|p2b: Delphox|Delphox-Mega, L50, M
|-mega|p2b: Delphox|Delphox|Delphoxite
|move|p2a: Sinistcha|Rage Powder|p2a: Sinistcha
|-singleturn|p2a: Sinistcha|move: Rage Powder
|move|p1b: Kingambit|Sucker Punch||[still]
|-fail|p1b: Kingambit
|move|p2b: Delphox|Psyshock|p1a: Charizard
|-damage|p1a: Charizard|48/100
|move|p1a: Charizard|Heat Wave|p2a: Sinistcha|[spread] p2a,p2b
|-supereffective|p2a: Sinistcha|1
|-resisted|p2b: Delphox|1
|-damage|p2a: Sinistcha|0 fnt
|-damage|p2b: Delphox|73/100
|faint|p2a: Sinistcha
|
|-weather|SunnyDay|[upkeep]
|upkeep
|
|t:|1784206672
|switch|p2a: Sneasler|Sneasler, L50, F|100/100
|turn|6
|
|t:|1784206691
|switch|p1a: Basculegion|Basculegion, L50, M|62/100
|move|p1b: Kingambit|Protect|p1b: Kingambit
|-singleturn|p1b: Kingambit|Protect
|move|p2a: Sneasler|Fake Out|p1b: Kingambit
|-activate|p1b: Kingambit|move: Protect
|move|p2b: Delphox|Nasty Plot|p2b: Delphox
|-boost|p2b: Delphox|spa|2
|
|-weather|SunnyDay|[upkeep]
|upkeep
|turn|7
|
|t:|1784206707
|move|p2a: Sneasler|Quick Guard|p2a: Sneasler
|-singleturn|p2a: Sneasler|Quick Guard
|move|p1b: Kingambit|Sucker Punch|p2b: Delphox
|-activate|p2b: Delphox|move: Quick Guard
|move|p2b: Delphox|Heat Wave|p1b: Kingambit|[spread] p1a,p1b
|-resisted|p1a: Basculegion|1
|-supereffective|p1b: Kingambit|1
|-damage|p1a: Basculegion|0 fnt
|-damage|p1b: Kingambit|0 fnt
|faint|p1a: Basculegion
|faint|p1b: Kingambit
|
|-weather|SunnyDay|[upkeep]
|upkeep
|
|t:|1784206718
|switch|p1a: Whimsicott|Whimsicott, L50, M|75/100 brn
|switch|p1b: Charizard|Charizard-Mega-Y, L50, M|48/100
|turn|8
|
|t:|1784206738
|move|p1a: Whimsicott|Tailwind|p1a: Whimsicott
|-sidestart|p1: Zdog2015|move: Tailwind
|move|p1b: Charizard|Weather Ball|p2b: Delphox
|-resisted|p2b: Delphox|1
|-damage|p2b: Delphox|38/100
|move|p2a: Sneasler|Poison Jab|p1a: Whimsicott
|-supereffective|p1a: Whimsicott|2
|-damage|p1a: Whimsicott|0 fnt
|faint|p1a: Whimsicott
|move|p2b: Delphox|Psyshock|p1b: Charizard
|-damage|p1b: Charizard|0 fnt
|faint|p1b: Charizard
|
|win|Master M-rada
|raw|Zdog2015's rating: 1167 → 1144(-23 for losing)
|raw|Master M-rada's rating: 1195 → 1218(+23 for winning)
