|j|☆Rexolboy
|j|‽Corach-lover
|html|RexolboyCorach-lover    
|uhtml|bestof|Game 1 of a best-of-3
|t:|1756555034
|gametype|doubles
|player|p1|Rexolboy|266|1082
|player|p2|Corach-lover|2|1058
|gen|9
|tier|[Gen 9] VGC 2025 Reg H (Bo3)
|rated|
|rule|Species Clause: Limit one of each Pokémon
|rule|Item Clause: Limit 1 of each item
|clearpoke
|poke|p1|Archaludon, L50, M|
|poke|p1|Incineroar, L50, M|
|poke|p1|Whimsicott, L50, F|
|poke|p1|Ursaluna, L50, M|
|poke|p1|Indeedee-F, L50, F|
|poke|p1|Armarouge, L50, M|
|poke|p2|Ursaluna, L50, F|
|poke|p2|Jumpluff, L50, M|
|poke|p2|Charizard, L50, F|
|poke|p2|Torkoal, L50, F|
|poke|p2|Incineroar, L50, F|
|poke|p2|Porygon2, L50|
|teampreview|4
|showteam|p1|Archaludon||PowerHerb|Stalwart|ElectroShot,FlashCannon,DragonPulse,Protect|||M|||50|,,,,,Electric]Incineroar||SitrusBerry|Intimidate|FlareBlitz,KnockOff,FakeOut,PartingShot|||M|||50|,,,,,Ghost]Whimsicott||CovertCloak|Prankster|Moonblast,Encore,LightScreen,Tailwind|||F|||50|,,,,,Water]Ursaluna||FlameOrb|Guts|Facade,RainDance,HeadlongRush,Protect|||M|||50|,,,,,Ghost]Indeedee-F||SafetyGoggles|PsychicSurge|DazzlingGleam,HelpingHand,FollowMe,TrickRoom|||F|||50|,,,,,Fairy]Armarouge||LifeOrb|FlashFire|ExpandingForce,ArmorCannon,EnergyBall,Protect|||M|||50|,,,,,Stellar
|showteam|p2|Ursaluna||FlameOrb|Guts|HeadlongRush,Facade,Earthquake,Protect|||F|||50|,,,,,Ghost]Jumpluff||CovertCloak|Chlorophyll|SleepPowder,SunnyDay,Tailwind,RagePowder|||M|||50|,,,,,Water]Charizard||ChoiceSpecs|SolarPower|AirSlash,HeatWave,Overheat,WeatherBall|||F|||50|,,,,,Ghost]Torkoal||EjectPack|Drought|HelpingHand,Eruption,Overheat,Protect|||F|||50|,,,,,Fire]Incineroar||SitrusBerry|Intimidate|FakeOut,FlareBlitz,KnockOff,PartingShot|||F|||50|,,,,,Ghost]Porygon2||Eviolite|Download|TeraBlast,IceBeam,Recover,TrickRoom||||||50|,,,,,Fighting
|
|t:|1756555075
|teamsize|p1|4
|teamsize|p2|4
|start
|switch|p1a: Whimsicott|Whimsicott, L50, F|100/100
|switch|p1b: Ursaluna|Ursaluna, L50, M|100/100
|switch|p2a: Torkoal|Torkoal, L50, F|100/100
|switch|p2b: Jumpluff|Jumpluff, L50, M|100/100
|-weather|SunnyDay|[from] ability: Drought|[of] p2a: Torkoal
|turn|1
|
|t:|1756555099
|-terastallize|p1a: Whimsicott|Water
|move|p1a: Whimsicott|Light Screen|p1a: Whimsicott
|-sidestart|p1: Rexolboy|move: Light Screen
|move|p2b: Jumpluff|Tailwind|p2b: Jumpluff
|-sidestart|p2: Corach-lover|move: Tailwind
|move|p1b: Ursaluna|Headlong Rush|p2a: Torkoal
|-supereffective|p2a: Torkoal
|-damage|p2a: Torkoal|0 fnt
|-unboost|p1b: Ursaluna|def|1
|-unboost|p1b: Ursaluna|spd|1
|faint|p2a: Torkoal
|
|-weather|SunnyDay|[upkeep]
|-status|p1b: Ursaluna|brn|[from] item: Flame Orb
|upkeep
|
|t:|1756555112
|switch|p2a: Charizard|Charizard, L50, F|100/100
|turn|2
|
|t:|1756555121
|switch|p1b: Armarouge|Armarouge, L50, M|100/100
|move|p1a: Whimsicott|Encore|p2b: Jumpluff
|-start|p2b: Jumpluff|Encore
|move|p2b: Jumpluff|Tailwind||[still]
|-fail|p2b: Jumpluff
|move|p2a: Charizard|Heat Wave|p1a: Whimsicott|[spread] p1a
|-start|p1b: Armarouge|ability: Flash Fire
|-resisted|p1a: Whimsicott
|-damage|p1a: Whimsicott|61/100
|
|-weather|SunnyDay|[upkeep]
|-damage|p2a: Charizard|88/100|[from] ability: Solar Power|[of] p2a: Charizard
|upkeep
|turn|3
|
|t:|1756555138
|switch|p2b: Ursaluna|Ursaluna, L50, F|100/100
|switch|p1a: Indeedee|Indeedee-F, L50, F|100/100
|-fieldstart|move: Psychic Terrain|[from] ability: Psychic Surge|[of] p1a: Indeedee
|move|p2a: Charizard|Heat Wave|p1b: Armarouge|[spread] p1a
|-immune|p1b: Armarouge|[from] ability: Flash Fire
|-damage|p1a: Indeedee|33/100
|move|p1b: Armarouge|Expanding Force|p2b: Ursaluna|[spread] p2a,p2b
|-damage|p2a: Charizard|0 fnt
|-damage|p2b: Ursaluna|16/100
|faint|p2a: Charizard
|-damage|p1b: Armarouge|91/100|[from] item: Life Orb
|
|-weather|SunnyDay|[upkeep]
|-status|p2b: Ursaluna|brn|[from] item: Flame Orb
|upkeep
|
|t:|1756555154
|switch|p2a: Jumpluff|Jumpluff, L50, M|100/100
|turn|4
|
|t:|1756555190
|move|p1b: Armarouge|Protect|p1b: Armarouge
|-singleturn|p1b: Armarouge|Protect
|move|p1a: Indeedee|Follow Me|p1a: Indeedee
|-singleturn|p1a: Indeedee|move: Follow Me
|move|p2a: Jumpluff|Sleep Powder|p1a: Indeedee
|-activate|p1a: Indeedee|item: Safety Goggles|Sleep Powder
|move|p2b: Ursaluna|Earthquake|p1b: Armarouge|[spread] p1a
|-activate|p1b: Armarouge|move: Protect
|-immune|p2a: Jumpluff
|-damage|p1a: Indeedee|0 fnt
|faint|p1a: Indeedee
|
|-weather|SunnyDay|[upkeep]
|-damage|p2b: Ursaluna|10/100 brn|[from] brn
|-sideend|p2: Corach-lover|move: Tailwind
|upkeep
|
|t:|1756555193
|switch|p1a: Whimsicott|Whimsicott, L50, F, tera:Water|61/100
|turn|5
|
|t:|1756555241
|move|p1a: Whimsicott|Tailwind|p1a: Whimsicott
|-sidestart|p1: Rexolboy|move: Tailwind
|move|p2a: Jumpluff|Tailwind|p2a: Jumpluff
|-sidestart|p2: Corach-lover|move: Tailwind
|move|p1b: Armarouge|Expanding Force|p2a: Jumpluff|[spread] p2a,p2b
|-damage|p2a: Jumpluff|16/100
|-damage|p2b: Ursaluna|0 fnt
|faint|p2b: Ursaluna
|-damage|p1b: Armarouge|81/100|[from] item: Life Orb
|
|-weather|none
|-sideend|p1: Rexolboy|move: Light Screen
|upkeep
|turn|6
|
|t:|1756555254
|move|p1a: Whimsicott|Encore|p2a: Jumpluff
|-start|p2a: Jumpluff|Encore
|move|p2a: Jumpluff|Tailwind||[still]
|-fail|p2a: Jumpluff
|move|p1b: Armarouge|Armor Cannon|p2a: Jumpluff
|-supereffective|p2a: Jumpluff
|-damage|p2a: Jumpluff|0 fnt
|-unboost|p1b: Armarouge|def|1
|-unboost|p1b: Armarouge|spd|1
|faint|p2a: Jumpluff
|-damage|p1b: Armarouge|71/100|[from] item: Life Orb
|
|win|Rexolboy
||Rexolboy is ready for game 2.
||Corach-lover is ready for game 2.
|uhtml|next|Next: Game 2 of 3
