|j|☆JinWasHere
|j|☆Alex Agni
|html|JinWasHereAlex Agni    
|uhtml|bestof|Game 2 of a best-of-3
|t:|1786041995
|gametype|doubles
|player|p1|JinWasHere|wallace|
|player|p2|Alex Agni|shadowtriad|
|gen|9
|tier|[Gen 9 Champions] VGC 2026 Reg M-B (Bo3)
|rule|Species Clause: Limit one of each Pokémon
|rule|Item Clause: Limit 1 of each item
|clearpoke
|poke|p1|Scolipede, L50, M, shiny|
|poke|p1|Annihilape, L50, M|
|poke|p1|Hydreigon, L50, M|
|poke|p1|Aerodactyl, L50, F|
|poke|p1|Basculegion, L50, M|
|poke|p1|Glimmora, L50, F|
|poke|p2|Blastoise, L50, F|
|poke|p2|Delphox, L50, F|
|poke|p2|Sinistcha, L50|
|poke|p2|Incineroar, L50, M|
|poke|p2|Sneasler, L50, M|
|poke|p2|Primarina, L50, F|
|teampreview|4
|showteam|p1|Scolipede||Scolipite|SpeedBoost|PoisonJab,LeechLife,SwordsDance,Protect|Adamant||M|||50|]Annihilape||FocusSash|Defiant|Coaching,DrainPunch,CloseCombat,PhantomForce|Jolly||M|||50|]Hydreigon||ChoiceScarf|Levitate|DarkPulse,Snarl,HeatWave,DracoMeteor|Timid||M|||50|]Aerodactyl||Aerodactylite|Unnerve|Tailwind,DualWingbeat,RockSlide,WideGuard|Jolly||F|||50|]Basculegion||MysticWater|Adaptability|AquaJet,LastRespects,FlipTurn,Protect|Jolly||M|||50|]Glimmora||Leftovers|ToxicDebris|PowerGem,SludgeBomb,Toxic,SpikyShield|Bold||F|||50|
|showteam|p2|Blastoise||Blastoisinite|Torrent|WaterSpout,DarkPulse,ShellSmash,Protect|Modest||F|||50|]Delphox||Delphoxite|Blaze|HeatWave,Psyshock,NastyPlot,Protect|Timid||F|||50|]Sinistcha||KasibBerry|Hospitality|MatchaGotcha,ShadowBall,RagePowder,Protect|Bold|||||50|]Incineroar||SitrusBerry|Intimidate|FlareBlitz,DarkestLariat,FakeOut,PartingShot|Adamant||M|||50|]Sneasler||FocusSash|PoisonTouch|FakeOut,CloseCombat,PoisonJab,Protect|Jolly||M|||50|]Primarina||Leftovers|LiquidVoice|DrainingKiss,HyperVoice,ShadowBall,Protect|Modest||F|||50|
|j| Energiesole
|j| reifard
|j| Raspree
|l| Energiesole
|c| Raspree|Potete cominciare. Buona fortuna
|
|t:|1786042173
|teamsize|p1|4
|teamsize|p2|4
|start
|switch|p1a: Hydreigon|Hydreigon, L50, M|100/100
|switch|p1b: Aerodactyl|Aerodactyl, L50, F|100/100
|switch|p2a: Sonne|Delphox, L50, F|100/100
|switch|p2b: Vivarium|Sinistcha, L50|100/100
|-ability|p1b: Aerodactyl|Unnerve
|turn|1
|
|t:|1786042189
|detailschange|p1b: Aerodactyl|Aerodactyl-Mega, L50, F
|-mega|p1b: Aerodactyl|Aerodactyl|Aerodactylite
|detailschange|p2a: Sonne|Delphox-Mega, L50, F
|-mega|p2a: Sonne|Delphox|Delphoxite
|move|p2a: Sonne|Protect|p2a: Sonne
|-singleturn|p2a: Sonne|Protect
|move|p2b: Vivarium|Protect|p2b: Vivarium
|-singleturn|p2b: Vivarium|Protect
|move|p1a: Hydreigon|Snarl|p2b: Vivarium|[spread] 
|-activate|p2a: Sonne|move: Protect
|-activate|p2b: Vivarium|move: Protect
|move|p1b: Aerodactyl|Tailwind|p1b: Aerodactyl
|-sidestart|p1: JinWasHere|move: Tailwind
|
|upkeep
|turn|2
|j| zanfire73
|
|t:|1786042211
|switch|p2b: Bohemian Rhapsody|Incineroar, L50, M|100/100
|-ability|p2b: Bohemian Rhapsody|Intimidate|boost
|-unboost|p1a: Hydreigon|atk|1
|-unboost|p1b: Aerodactyl|atk|1
|move|p1a: Hydreigon|Snarl|p2a: Sonne|[spread] p2a,p2b
|-supereffective|p2a: Sonne|1
|-resisted|p2b: Bohemian Rhapsody|1
|-damage|p2a: Sonne|60/100
|-damage|p2b: Bohemian Rhapsody|91/100
|-unboost|p2a: Sonne|spa|1
|-unboost|p2b: Bohemian Rhapsody|spa|1
|move|p1b: Aerodactyl|Rock Slide|p2b: Bohemian Rhapsody|[spread] p2b
|-miss|p1b: Aerodactyl|p2a: Sonne
|-supereffective|p2b: Bohemian Rhapsody|1
|-damage|p2b: Bohemian Rhapsody|55/100
|move|p2a: Sonne|Nasty Plot|p2a: Sonne
|-boost|p2a: Sonne|spa|2
|
|upkeep
|turn|3
|
|t:|1786042235
|switch|p1b: Basculegion|Basculegion, L50, M|100/100
|move|p2b: Bohemian Rhapsody|Fake Out|p1a: Hydreigon
|-damage|p1a: Hydreigon|85/100
|cant|p1a: Hydreigon|flinch
|move|p2a: Sonne|Psyshock|p1b: Basculegion
|-damage|p1b: Basculegion|20/100y
|
|upkeep
|turn|4
|
|t:|1786042252
|switch|p2b: Vivarium|Sinistcha, L50|100/100
|-heal|p2a: Sonne|84/100|[from] ability: Hospitality|[of] p2b: Vivarium
|move|p2a: Sonne|Protect|p2a: Sonne
|-singleturn|p2a: Sonne|Protect
|move|p1a: Hydreigon|Snarl|p2b: Vivarium|[spread] p2b
|-activate|p2a: Sonne|move: Protect
|-supereffective|p2b: Vivarium|1
|-damage|p2b: Vivarium|62/100
|-unboost|p2b: Vivarium|spa|1
|move|p1b: Basculegion|Flip Turn|p2b: Vivarium
|-resisted|p2b: Vivarium|1
|-damage|p2b: Vivarium|44/100
|
|t:|1786042265
|switch|p1b: Aerodactyl|Aerodactyl-Mega, L50, F|100/100|[from] Flip Turn
|
|-sideend|p1: JinWasHere|move: Tailwind
|upkeep
|turn|5
|
|t:|1786042278
|move|p2b: Vivarium|Rage Powder|p2b: Vivarium
|-singleturn|p2b: Vivarium|move: Rage Powder
|move|p1a: Hydreigon|Snarl|p2b: Vivarium|[spread] p2a,p2b
|-supereffective|p2a: Sonne|1
|-supereffective|p2b: Vivarium|1
|-damage|p2a: Sonne|41/100
|-damage|p2b: Vivarium|2/100
|-unboost|p2a: Sonne|spa|1
|-unboost|p2b: Vivarium|spa|1
|move|p2a: Sonne|Psyshock|p1b: Aerodactyl
|-damage|p1b: Aerodactyl|49/100
|move|p1b: Aerodactyl|Tailwind|p1b: Aerodactyl
|-sidestart|p1: JinWasHere|move: Tailwind
|
|upkeep
|turn|6
|
|t:|1786042293
|switch|p2b: 99 Problem|Sneasler, L50, M|100/100
|move|p2a: Sonne|Protect|p2a: Sonne
|-singleturn|p2a: Sonne|Protect
|move|p1a: Hydreigon|Snarl|p2b: 99 Problem|[spread] p2b
|-activate|p2a: Sonne|move: Protect
|-resisted|p2b: 99 Problem|1
|-damage|p2b: 99 Problem|86/100
|-unboost|p2b: 99 Problem|spa|1
|move|p1b: Aerodactyl|Dual Wingbeat|p2a: Sonne
|-activate|p2a: Sonne|move: Protect
|
|upkeep
|turn|7
|
|t:|1786042309
|switch|p1b: Basculegion|Basculegion, L50, M|20/100y
|switch|p2a: Vivarium|Sinistcha, L50|2/100
|-heal|p2b: 99 Problem|100/100|[from] ability: Hospitality|[of] p2a: Vivarium
|move|p1a: Hydreigon|Snarl|p2a: Vivarium|[spread] p2a,p2b
|-supereffective|p2a: Vivarium|1
|-resisted|p2b: 99 Problem|1
|-damage|p2a: Vivarium|0 fnt
|-damage|p2b: 99 Problem|85/100
|-unboost|p2b: 99 Problem|spa|1
|faint|p2a: Vivarium
|move|p2b: 99 Problem|Close Combat|p1a: Hydreigon
|-supereffective|p1a: Hydreigon|1
|-damage|p1a: Hydreigon|0 fnt
|-unboost|p2b: 99 Problem|def|1
|-unboost|p2b: 99 Problem|spd|1
|faint|p1a: Hydreigon
|
|upkeep
|
|t:|1786042329
|switch|p1a: Aerodactyl|Aerodactyl-Mega, L50, F|49/100
|switch|p2a: Bohemian Rhapsody|Incineroar, L50, M|55/100
|-ability|p2a: Bohemian Rhapsody|Intimidate|boost
|-unboost|p1a: Aerodactyl|atk|1
|-unboost|p1b: Basculegion|atk|1
|turn|8
|
|t:|1786042343
|switch|p1a: Glimmora|Glimmora, L50, F|100/100
|move|p2a: Bohemian Rhapsody|Fake Out|p1a: Glimmora
|-resisted|p1a: Glimmora|1
|-damage|p1a: Glimmora|95/100
|-activate|p1a: Glimmora|ability: Toxic Debris
|-sidestart|p2: Alex Agni|move: Toxic Spikes
|move|p1b: Basculegion|Flip Turn|p2a: Bohemian Rhapsody
|-supereffective|p2a: Bohemian Rhapsody|1
|-damage|p2a: Bohemian Rhapsody|5/100
|-enditem|p2a: Bohemian Rhapsody|Sitrus Berry|[eat]
|-heal|p2a: Bohemian Rhapsody|30/100|[from] item: Sitrus Berry
|
|t:|1786042354
|switch|p1b: Aerodactyl|Aerodactyl-Mega, L50, F|49/100|[from] Flip Turn
|move|p2b: 99 Problem|Close Combat|p1a: Glimmora
|-damage|p1a: Glimmora|39/100
|-unboost|p2b: 99 Problem|def|1
|-unboost|p2b: 99 Problem|spd|1
|-activate|p1a: Glimmora|ability: Toxic Debris
|-sidestart|p2: Alex Agni|move: Toxic Spikes
|
|-heal|p1a: Glimmora|45/100|[from] item: Leftovers
|-sideend|p1: JinWasHere|move: Tailwind
|upkeep
|turn|9
|
|t:|1786042376
|move|p1b: Aerodactyl|Tailwind|p1b: Aerodactyl
|-sidestart|p1: JinWasHere|move: Tailwind
|move|p1a: Glimmora|Power Gem|p2a: Bohemian Rhapsody
|-supereffective|p2a: Bohemian Rhapsody|1
|-crit|p2a: Bohemian Rhapsody
|-damage|p2a: Bohemian Rhapsody|0 fnt
|faint|p2a: Bohemian Rhapsody
|move|p2b: 99 Problem|Close Combat|p1a: Glimmora
|-damage|p1a: Glimmora|0 fnt
|-unboost|p2b: 99 Problem|def|1
|-unboost|p2b: 99 Problem|spd|1
|faint|p1a: Glimmora
|
|upkeep
|
|t:|1786042387
|switch|p1a: Basculegion|Basculegion, L50, M|20/100y
|switch|p2a: Sonne|Delphox-Mega, L50, F|41/100
|turn|10
|
|t:|1786042409
|move|p2a: Sonne|Protect|p2a: Sonne
|-singleturn|p2a: Sonne|Protect
|move|p1b: Aerodactyl|Dual Wingbeat|p2b: 99 Problem|[miss]
|-miss|p1b: Aerodactyl|p2b: 99 Problem
|move|p1a: Basculegion|Last Respects|p2a: Sonne
|-activate|p2a: Sonne|move: Protect
|move|p2b: 99 Problem|Close Combat|p1b: Aerodactyl
|-damage|p1b: Aerodactyl|0 fnt
|-unboost|p2b: 99 Problem|def|1
|-unboost|p2b: 99 Problem|spd|1
|faint|p1b: Aerodactyl
|
|upkeep
|turn|11
|
|t:|1786042426
|move|p1a: Basculegion|Last Respects|p2a: Sonne
|-supereffective|p2a: Sonne|1
|-damage|p2a: Sonne|0 fnt
|faint|p2a: Sonne
|move|p2b: 99 Problem|Poison Jab|p1a: Basculegion
|-resisted|p1a: Basculegion|1
|-damage|p1a: Basculegion|0 fnt
|faint|p1a: Basculegion
|
|win|Alex Agni
||Alex Agni is ready for game 3.
||JinWasHere is ready for game 3.
|uhtml|next|Next: Game 3 of 3
