|j|☆ToastedArt
|j|☆thedragonrush
|html|ToastedArtthedragonrush    
|uhtml|bestof|Game 3 of a best-of-3
|t:|1784503174
|gametype|doubles
|player|p1|ToastedArt|iris|1058
|player|p2|thedragonrush|rosa|1120
|gen|9
|tier|[Gen 9 Champions] VGC 2026 Reg M-B (Bo3)
|rated|
|rule|Species Clause: Limit one of each Pokémon
|rule|Item Clause: Limit 1 of each item
|clearpoke
|poke|p1|Falinks, L50, shiny|
|poke|p1|Incineroar, L50, F|
|poke|p1|Basculegion, L50, M|
|poke|p1|Sneasler, L50, F|
|poke|p1|Vanilluxe, L50, M, shiny|
|poke|p1|Dragonite, L50, F|
|poke|p2|Charizard, L50, M, shiny|
|poke|p2|Sneasler, L50, F|
|poke|p2|Incineroar, L50, M|
|poke|p2|Sinistcha-Masterpiece, L50|
|poke|p2|Garchomp, L50, M|
|poke|p2|Floette-Eternal, L50, F|
|teampreview|4
|showteam|p1|Falinks||Falinksite|Defiant|NoRetreat,CloseCombat,RockSlide,Protect|Adamant|||||50|]Incineroar||PasshoBerry|Intimidate|FlareBlitz,ThroatChop,FakeOut,PartingShot|Adamant||F|||50|]Basculegion||SitrusBerry|Adaptability|WaveCrash,LastRespects,AquaJet,Protect|Adamant||M|||50|]Sneasler||FocusSash|PoisonTouch|PoisonJab,CloseCombat,FakeOut,Coaching|Jolly||F|||50|]Vanilluxe||ChoiceScarf|SnowWarning|Blizzard,FreezeDry,IcyWind,SheerCold|Modest||M|||50|]Dragonite||LifeOrb|InnerFocus|DragonClaw,ExtremeSpeed,ThunderPunch,Tailwind|Adamant||F|||50|
|showteam|p2|Charizard||CharizarditeY|Blaze|HeatWave,WeatherBall,SolarBeam,Protect|Modest||M|||50|]Sneasler||WhiteHerb|Unburden|FakeOut,DireClaw,CloseCombat,Taunt|Adamant||F|||50|]Incineroar||SitrusBerry|Intimidate|FakeOut,PartingShot,ThroatChop,FlareBlitz|Careful||M|||50|]Sinistcha-Masterpiece||KasibBerry|Hospitality|RagePowder,MatchaGotcha,TrickRoom,Protect|Relaxed|||||50|]Garchomp||ChoiceScarf|SandVeil|RockSlide,StompingTantrum,Earthquake,DragonClaw|Adamant||M|||50|]Floette-Eternal||Floettite|FlowerVeil|Psychic,CalmMind,DazzlingGleam,Protect|Modest||F|||50|
|inactive|Battle timer is ON: inactive players will automatically lose when time's up. (requested by ToastedArt)
|
|t:|1784503184
|teamsize|p1|4
|teamsize|p2|4
|start
|switch|p1a: Sneasler|Sneasler, L50, F|100/100
|switch|p1b: Vanilluxe|Vanilluxe, L50, M, shiny|100/100
|switch|p2a: Floette|Floette-Eternal, L50, F|100/100
|switch|p2b: Incineroar|Incineroar, L50, M|100/100
|-weather|Snowscape|[from] ability: Snow Warning|[of] p1b: Vanilluxe
|-ability|p2b: Incineroar|Intimidate|boost
|-unboost|p1a: Sneasler|atk|1
|-unboost|p1b: Vanilluxe|atk|1
|turn|1
|
|t:|1784503205
|detailschange|p2a: Floette|Floette-Mega, L50, F
|-mega|p2a: Floette|Floette|Floettite
|-ability|p2a: Floette|Fairy Aura
|move|p1a: Sneasler|Fake Out|p2b: Incineroar
|-crit|p2b: Incineroar
|-damage|p2b: Incineroar|79/100
|-status|p2b: Incineroar|psn|[from] ability: Poison Touch|[of] p1a: Sneasler
|cant|p2b: Incineroar|flinch
|move|p1b: Vanilluxe|Icy Wind|p2b: Incineroar|[spread] p2a,p2b
|-resisted|p2b: Incineroar|1
|-damage|p2a: Floette|83/100
|-damage|p2b: Incineroar|70/100 psn
|-unboost|p2a: Floette|spe|1
|-unboost|p2b: Incineroar|spe|1
|move|p2a: Floette|Calm Mind|p2a: Floette
|-boost|p2a: Floette|spa|1
|-boost|p2a: Floette|spd|1
|
|-weather|Snowscape|[upkeep]
|-damage|p2b: Incineroar|57/100 psn|[from] psn
|upkeep
|turn|2
|
|t:|1784503225
|switch|p2b: Sinistcha|Sinistcha-Masterpiece, L50|100/100
|-heal|p2a: Floette|100/100|[from] ability: Hospitality|[of] p2b: Sinistcha
|move|p2a: Floette|Protect|p2a: Floette
|-singleturn|p2a: Floette|Protect
|move|p1b: Vanilluxe|Icy Wind|p2a: Floette|[spread] p2b
|-activate|p2a: Floette|move: Protect
|-supereffective|p2b: Sinistcha|1
|-damage|p2b: Sinistcha|59/100
|-unboost|p2b: Sinistcha|spe|1
|move|p1a: Sneasler|Poison Jab|p2a: Floette
|-activate|p2a: Floette|move: Protect
|
|-weather|Snowscape|[upkeep]
|upkeep
|turn|3
|
|t:|1784503243
|move|p1b: Vanilluxe|Icy Wind|p2b: Sinistcha|[spread] p2a,p2b
|-supereffective|p2b: Sinistcha|1
|-damage|p2a: Floette|89/100
|-damage|p2b: Sinistcha|22/100
|-unboost|p2a: Floette|spe|1
|-unboost|p2b: Sinistcha|spe|1
|move|p1a: Sneasler|Poison Jab|p2a: Floette
|-supereffective|p2a: Floette|1
|-damage|p2a: Floette|16/100
|-status|p2a: Floette|psn
|move|p2a: Floette|Dazzling Gleam|p1b: Vanilluxe|[spread] p1a,p1b
|-damage|p1a: Sneasler|4/100
|-damage|p1b: Vanilluxe|7/100
|move|p2b: Sinistcha|Trick Room|p2b: Sinistcha
|-fieldstart|move: Trick Room|[of] p2b: Sinistcha
|
|-weather|Snowscape|[upkeep]
|-damage|p2a: Floette|4/100 psn|[from] psn
|upkeep
|turn|4
|inactive|ToastedArt has 30 seconds left.
|inactive|thedragonrush has 30 seconds left.
|
|t:|1784503273
|switch|p1b: Basculegion|Basculegion, L50, M|100/100
|move|p2b: Sinistcha|Matcha Gotcha|p1a: Sneasler|[spread] p1a,p1b
|-resisted|p1a: Sneasler|1
|-supereffective|p1b: Basculegion|1
|-crit|p1b: Basculegion
|-damage|p1a: Sneasler|0 fnt
|-heal|p2b: Sinistcha|24/100|[from] drain|[of] p1a: Sneasler
|-damage|p1b: Basculegion|29/100
|-heal|p2b: Sinistcha|65/100|[from] drain|[of] p1b: Basculegion
|-enditem|p1b: Basculegion|Sitrus Berry|[eat]
|-heal|p1b: Basculegion|54/100|[from] item: Sitrus Berry
|faint|p1a: Sneasler
|move|p2a: Floette|Dazzling Gleam|p1b: Basculegion
|-damage|p1b: Basculegion|0 fnt
|faint|p1b: Basculegion
|
|-weather|Snowscape|[upkeep]
|-damage|p2a: Floette|0 fnt|[from] psn
|faint|p2a: Floette
|upkeep
|
|t:|1784503291
|switch|p1b: Falinks|Falinks, L50, shiny|100/100
|switch|p2a: Incineroar|Incineroar, L50, M|57/100 psn
|switch|p1a: Vanilluxe|Vanilluxe, L50, M, shiny|7/100
|-ability|p2a: Incineroar|Intimidate|boost
|-unboost|p1a: Vanilluxe|atk|1
|-unboost|p1b: Falinks|atk|1
|-ability|p1b: Falinks|Defiant|boost
|-boost|p1b: Falinks|atk|2
|turn|5
|
|t:|1784503308
|detailschange|p1b: Falinks|Falinks-Mega, L50, shiny
|-mega|p1b: Falinks|Falinks|Falinksite
|move|p2b: Sinistcha|Matcha Gotcha|p1a: Vanilluxe|[spread] p1a,p1b
|-damage|p1a: Vanilluxe|0 fnt
|-heal|p2b: Sinistcha|68/100|[from] drain|[of] p1a: Vanilluxe
|-damage|p1b: Falinks|68/100
|-heal|p2b: Sinistcha|81/100|[from] drain|[of] p1b: Falinks
|-status|p1b: Falinks|brn
|faint|p1a: Vanilluxe
|move|p2a: Incineroar|Flare Blitz|p1b: Falinks
|-damage|p1b: Falinks|25/100 brn
|-damage|p2a: Incineroar|48/100 psn|[from] Recoil
|-enditem|p2a: Incineroar|Sitrus Berry|[eat]
|-heal|p2a: Incineroar|72/100 psn|[from] item: Sitrus Berry
|move|p1b: Falinks|No Retreat|p1b: Falinks
|-boost|p1b: Falinks|atk|1
|-boost|p1b: Falinks|def|1
|-boost|p1b: Falinks|spa|1
|-boost|p1b: Falinks|spd|1
|-boost|p1b: Falinks|spe|1
|-start|p1b: Falinks|move: No Retreat
|
|-weather|none
|-damage|p2a: Incineroar|60/100 psn|[from] psn
|-damage|p1b: Falinks|19/100 brn|[from] brn
|upkeep
|turn|6
|-message|ToastedArt forfeited.
|
|win|thedragonrush
|raw|ToastedArt's rating: 1058 → 1043(-15 for losing)
|raw|thedragonrush's rating: 1120 → 1141(+21 for winning)
