|j|☆colemarcusvgc
|j|☆zaher birgir
|html|colemarcusvgczaher birgir    
|uhtml|bestof|Game 1 of a best-of-3
|t:|1756590525
|gametype|doubles
|player|p1|colemarcusvgc|n|1096
|player|p2|zaher birgir|wallace|1100
|gen|9
|tier|[Gen 9] VGC 2025 Reg H (Bo3)
|rated|
|rule|Species Clause: Limit one of each Pokémon
|rule|Item Clause: Limit 1 of each item
|clearpoke
|poke|p1|Indeedee-F, L50, F|
|poke|p1|Hatterene, L50, F|
|poke|p1|Ursaluna, L50, F|
|poke|p1|Amoonguss, L50, M|
|poke|p1|Porygon2, L50|
|poke|p1|Tyranitar, L50, M|
|poke|p2|Rillaboom, L50, M|
|poke|p2|Sneasler, L50, F|
|poke|p2|Incineroar, L50, M|
|poke|p2|Hydreigon, L50, M|
|poke|p2|Whimsicott, L50, M|
|poke|p2|Metagross, L50|
|teampreview|4
|showteam|p1|Indeedee-F||RockyHelmet|PsychicSurge|FollowMe,HelpingHand,TrickRoom,DazzlingGleam|||F|||50|,,,,,Steel]Hatterene||LifeOrb|MagicBounce|TrickRoom,ExpandingForce,MysticalFire,DazzlingGleam|||F|||50|,,,,,Ghost]Ursaluna||FlameOrb|Guts|Facade,HeadlongRush,Earthquake,Protect|||F|||50|,,,,,Ghost]Amoonguss||SitrusBerry|Regenerator|Spore,RagePowder,PollenPuff,SludgeBomb|||M|||50|,,,,,Water]Porygon2||Eviolite|Download|IceBeam,TeraBlast,Recover,TrickRoom||||||50|,,,,,Grass]Tyranitar||SafetyGoggles|SandStream|RockSlide,Crunch,LowKick,IcePunch|||M|||50|,,,,,Fairy
|showteam|p2|Rillaboom||AssaultVest|GrassySurge|FakeOut,WoodHammer,HighHorsepower,Uturn|||M|||50|,,,,,Fire]Sneasler||GrassySeed|Unburden|DireClaw,CloseCombat,Protect,Coaching|||F|||50|,,,,,Flying]Incineroar||SafetyGoggles|Intimidate|FakeOut,PartingShot,FlareBlitz,KnockOff|||M|||50|,,,,,Ghost]Hydreigon||ChoiceSpecs|Levitate|DarkPulse,Snarl,DracoMeteor,HeatWave|||M|||50|,,,,,Poison]Whimsicott||CovertCloak|Prankster|Tailwind,Protect,Moonblast,Encore|||M|||50|,,,,,Water]Metagross||WeaknessPolicy|ClearBody|HeavySlam,BulletPunch,Protect,Earthquake||||||50|,,,,,Fire
|inactive|Battle timer is ON: inactive players will automatically lose when time's up. (requested by zaher birgir)
|inactive|colemarcusvgc has 60 seconds left.
|inactive|zaher birgir has 60 seconds left.
|
|t:|1756590575
|teamsize|p1|4
|teamsize|p2|4
|start
|switch|p1a: Indeedee|Indeedee-F, L50, F|100/100
|switch|p1b: Tyranitar|Tyranitar, L50, M|100/100
|switch|p2a: Sneasler|Sneasler, L50, F|100/100
|switch|p2b: Hydreigon|Hydreigon, L50, M|100/100
|-fieldstart|move: Psychic Terrain|[from] ability: Psychic Surge|[of] p1a: Indeedee
|-weather|Sandstorm|[from] ability: Sand Stream|[of] p1b: Tyranitar
|turn|1
|inactive|colemarcusvgc has 30 seconds left.
|inactive|zaher birgir has 30 seconds left.
|inactive|colemarcusvgc has 20 seconds left.
|inactive|colemarcusvgc has 15 seconds left.
|
|t:|1756590617
|move|p2b: Hydreigon|Dark Pulse|p1a: Indeedee
|-supereffective|p1a: Indeedee
|-damage|p1a: Indeedee|8/100
|move|p2a: Sneasler|Dire Claw|p1b: Tyranitar
|-resisted|p1b: Tyranitar
|-damage|p1b: Tyranitar|81/100
|move|p1b: Tyranitar|Low Kick|p2b: Hydreigon
|-supereffective|p2b: Hydreigon
|-damage|p2b: Hydreigon|21/100
|move|p1a: Indeedee|Trick Room|p1a: Indeedee
|-fieldstart|move: Trick Room|[of] p1a: Indeedee
|
|-weather|Sandstorm|[upkeep]
|-damage|p1a: Indeedee|2/100|[from] Sandstorm
|-damage|p2a: Sneasler|95/100|[from] Sandstorm
|-damage|p2b: Hydreigon|15/100|[from] Sandstorm
|upkeep
|turn|2
|
|t:|1756590641
|switch|p2b: Metagross|Metagross, L50|100/100
|move|p1a: Indeedee|Follow Me|p1a: Indeedee
|-singleturn|p1a: Indeedee|move: Follow Me
|move|p1b: Tyranitar|Rock Slide|p2a: Sneasler|[spread] p2a,p2b
|-resisted|p2a: Sneasler
|-resisted|p2b: Metagross
|-damage|p2a: Sneasler|72/100
|-damage|p2b: Metagross|88/100
|move|p2a: Sneasler|Close Combat|p1a: Indeedee
|-damage|p1a: Indeedee|0 fnt
|-unboost|p2a: Sneasler|def|1
|-unboost|p2a: Sneasler|spd|1
|-damage|p2a: Sneasler|55/100|[from] item: Rocky Helmet|[of] p1a: Indeedee
|faint|p1a: Indeedee
|
|-weather|Sandstorm|[upkeep]
|-damage|p2a: Sneasler|49/100|[from] Sandstorm
|upkeep
|
|t:|1756590656
|switch|p1a: Ursaluna|Ursaluna, L50, F|100/100
|turn|3
|
|t:|1756590678
|-terastallize|p1a: Ursaluna|Ghost
|move|p2b: Metagross|Protect|p2b: Metagross
|-singleturn|p2b: Metagross|Protect
|move|p1a: Ursaluna|Facade|p2a: Sneasler
|-damage|p2a: Sneasler|0 fnt
|faint|p2a: Sneasler
|move|p1b: Tyranitar|Low Kick|p2b: Metagross
|-activate|p2b: Metagross|move: Protect
|
|-weather|Sandstorm|[upkeep]
|-damage|p1a: Ursaluna|95/100|[from] Sandstorm
|-status|p1a: Ursaluna|brn|[from] item: Flame Orb
|upkeep
|
|t:|1756590686
|switch|p2a: Rillaboom|Rillaboom, L50, M|100/100
|-fieldstart|move: Grassy Terrain|[from] ability: Grassy Surge|[of] p2a: Rillaboom
|turn|4
|
|t:|1756590703
|-terastallize|p2b: Metagross|Fire
|move|p1a: Ursaluna|Facade|p2a: Rillaboom
|-damage|p2a: Rillaboom|0 fnt
|faint|p2a: Rillaboom
|move|p1b: Tyranitar|Ice Punch|p2b: Metagross
|-resisted|p2b: Metagross
|-damage|p2b: Metagross|75/100
|move|p2b: Metagross|Heavy Slam|p1b: Tyranitar
|-supereffective|p1b: Tyranitar
|-damage|p1b: Tyranitar|39/100
|
|-weather|Sandstorm|[upkeep]
|-damage|p1a: Ursaluna|89/100 brn|[from] Sandstorm
|-damage|p2b: Metagross|69/100|[from] Sandstorm
|-heal|p1a: Ursaluna|95/100 brn|[from] Grassy Terrain
|-heal|p1b: Tyranitar|45/100|[from] Grassy Terrain
|-heal|p2b: Metagross|75/100|[from] Grassy Terrain
|-damage|p1a: Ursaluna|89/100 brn|[from] brn
|upkeep
|
|t:|1756590709
|switch|p2a: Hydreigon|Hydreigon, L50, M|15/100
|turn|5
|
|t:|1756590723
|switch|p1a: Hatterene|Hatterene, L50, F|100/100
|move|p2b: Metagross|Bullet Punch|p1b: Tyranitar
|-supereffective|p1b: Tyranitar
|-damage|p1b: Tyranitar|16/100
|move|p1b: Tyranitar|Rock Slide|p2b: Metagross|[spread] p2a,p2b
|-supereffective|p2b: Metagross
|-damage|p2a: Hydreigon|0 fnt
|-damage|p2b: Metagross|26/100
|-enditem|p2b: Metagross|Weakness Policy
|-boost|p2b: Metagross|atk|2|[from] item: Weakness Policy
|-boost|p2b: Metagross|spa|2|[from] item: Weakness Policy
|faint|p2a: Hydreigon
|
|-weather|none
|-heal|p1b: Tyranitar|22/100|[from] Grassy Terrain
|-heal|p2b: Metagross|32/100|[from] Grassy Terrain
|-fieldend|move: Trick Room
|upkeep
|turn|6
|
|t:|1756590745
|move|p2b: Metagross|Earthquake|p1b: Tyranitar|[spread] p1a,p1b
|-supereffective|p1b: Tyranitar
|-damage|p1a: Hatterene|75/100
|-damage|p1b: Tyranitar|0 fnt
|faint|p1b: Tyranitar
|move|p1a: Hatterene|Trick Room|p1a: Hatterene
|-fieldstart|move: Trick Room|[of] p1a: Hatterene
|
|-heal|p1a: Hatterene|80/100|[from] Grassy Terrain
|-heal|p2b: Metagross|38/100|[from] Grassy Terrain
|upkeep
|
|t:|1756590751
|switch|p1b: Ursaluna|Ursaluna, L50, F, tera:Ghost|89/100 brn
|turn|7
|
|t:|1756590764
|move|p2b: Metagross|Bullet Punch|p1a: Hatterene
|-supereffective|p1a: Hatterene
|-damage|p1a: Hatterene|0 fnt
|faint|p1a: Hatterene
|move|p1b: Ursaluna|Facade|p2b: Metagross
|-damage|p2b: Metagross|0 fnt
|faint|p2b: Metagross
|
|win|colemarcusvgc
||zaher birgir is ready for game 2.
|l|☆zaher birgir
|player|p2|
|inactive|colemarcusvgc has 30 seconds to confirm battle start!
|inactive|colemarcusvgc has 20 seconds to confirm battle start!
||colemarcusvgc is ready for game 2.
|uhtml|next|Next: Game 2 of 3
