|j|☆AndrewsWho
|j|☆Kurolax
|html|AndrewsWhoKurolax    
|uhtml|bestof|Game 3 of a best-of-3
|t:|1756389798
|gametype|doubles
|player|p1|AndrewsWho|102|1125
|player|p2|Kurolax|1|1077
|gen|9
|tier|[Gen 9] VGC 2025 Reg H (Bo3)
|rated|
|rule|Species Clause: Limit one of each Pokémon
|rule|Item Clause: Limit 1 of each item
|clearpoke
|poke|p1|Charizard, L50, F|
|poke|p1|Torkoal, L50, F|
|poke|p1|Porygon2, L50|
|poke|p1|Incineroar, L50, M|
|poke|p1|Jumpluff, L50, F|
|poke|p1|Ursaluna, L50, M|
|poke|p2|Volcarona, L50, F|
|poke|p2|Tyranitar, L50, M|
|poke|p2|Rillaboom, L50, F|
|poke|p2|Primarina, L50, F|
|poke|p2|Sneasler, L50, M|
|poke|p2|Dragonite, L50, F|
|teampreview|4
|showteam|p1|Charizard||ChoiceSpecs|SolarPower|HeatWave,Overheat,WeatherBall,AirSlash|||F|||50|,,,,,Ghost]Torkoal||EjectPack|Drought|Eruption,Overheat,HelpingHand,Protect|||F|||50|,,,,,Fire]Porygon2||Eviolite|Download|TeraBlast,IceBeam,Recover,TrickRoom||||||50|,,,,,Fighting]Incineroar||SitrusBerry|Intimidate|FlareBlitz,KnockOff,FakeOut,PartingShot|||M|||50|,,,,,Ghost]Jumpluff||CovertCloak|Chlorophyll|SleepPowder,SunnyDay,RagePowder,Tailwind|||F|||50|,,,,,Water]Ursaluna||FlameOrb|Guts|HeadlongRush,Facade,Earthquake,Protect|||M|||50|,,,,,Ghost
|showteam|p2|Volcarona||GrassySeed|FlameBody|QuiverDance,HeatWave,TeraBlast,BugBuzz|||F|||50|,,,,,Fairy]Tyranitar||AssaultVest|SandStream|RockSlide,KnockOff,TeraBlast,LowKick|||M|||50|,,,,,Flying]Rillaboom||MiracleSeed|GrassySurge|KnockOff,Uturn,GrassyGlide,FakeOut|||F|||50|,,,,,Grass]Primarina||SitrusBerry|LiquidVoice|HyperVoice,Moonblast,CalmMind,Protect|||F|||50|,,,,,Poison]Sneasler||WhiteHerb|Unburden|DireClaw,FakeOut,ThroatChop,CloseCombat|||M|||50|,,,,,Dark]Dragonite||ClearAmulet|Multiscale|Tailwind,Haze,StompingTantrum,IceSpinner|||F|||50|,,,,,Fairy
|
|t:|1756389814
|teamsize|p1|4
|teamsize|p2|4
|start
|switch|p1a: Porygon2|Porygon2, L50|100/100
|switch|p1b: Ursaluna|Ursaluna, L50, M|100/100
|switch|p2a: Rillaboom|Rillaboom, L50, F|100/100
|switch|p2b: Volcarona|Volcarona, L50, F|100/100
|-fieldstart|move: Grassy Terrain|[from] ability: Grassy Surge|[of] p2a: Rillaboom
|-enditem|p2b: Volcarona|Grassy Seed
|-boost|p2b: Volcarona|def|1|[from] item: Grassy Seed
|-ability|p1a: Porygon2|Download|boost
|-boost|p1a: Porygon2|spa|1
|turn|1
|
|t:|1756389831
|-terastallize|p1b: Ursaluna|Ghost
|move|p2a: Rillaboom|Grassy Glide|p1b: Ursaluna
|-damage|p1b: Ursaluna|62/100
|move|p2b: Volcarona|Heat Wave|p1a: Porygon2|[spread] p1a
|-miss|p2b: Volcarona|p1b: Ursaluna
|-damage|p1a: Porygon2|77/100
|move|p1b: Ursaluna|Headlong Rush|p2b: Volcarona
|-damage|p2b: Volcarona|38/100
|-unboost|p1b: Ursaluna|def|1
|-unboost|p1b: Ursaluna|spd|1
|-status|p1b: Ursaluna|brn|[from] ability: Flame Body|[of] p2b: Volcarona
|move|p1a: Porygon2|Ice Beam|p2a: Rillaboom
|-supereffective|p2a: Rillaboom
|-damage|p2a: Rillaboom|0 fnt
|faint|p2a: Rillaboom
|
|-heal|p2b: Volcarona|45/100|[from] Grassy Terrain
|-heal|p1b: Ursaluna|68/100 brn|[from] Grassy Terrain
|-heal|p1a: Porygon2|83/100|[from] Grassy Terrain
|-damage|p1b: Ursaluna|62/100 brn|[from] brn
|upkeep
|
|t:|1756389836
|switch|p2a: Sneasler|Sneasler, L50, M|100/100
|turn|2
|
|t:|1756389859
|switch|p1b: Incineroar|Incineroar, L50, M|100/100
|-ability|p1b: Incineroar|Intimidate|boost
|-unboost|p2a: Sneasler|atk|1
|-unboost|p2b: Volcarona|atk|1
|-enditem|p2a: Sneasler|White Herb
|-clearnegativeboost|p2a: Sneasler|[silent]
|move|p2a: Sneasler|Throat Chop|p1b: Incineroar
|-resisted|p1b: Incineroar
|-damage|p1b: Incineroar|86/100
|-start|p1b: Incineroar|Throat Chop|[silent]
|move|p2b: Volcarona|Heat Wave|p1a: Porygon2|[spread] p1a,p1b
|-resisted|p1b: Incineroar
|-damage|p1a: Porygon2|62/100
|-damage|p1b: Incineroar|69/100
|move|p1a: Porygon2|Tera Blast|p2b: Volcarona
|-damage|p2b: Volcarona|0 fnt
|faint|p2b: Volcarona
|
|-heal|p1b: Incineroar|75/100|[from] Grassy Terrain
|-heal|p1a: Porygon2|68/100|[from] Grassy Terrain
|upkeep
|
|t:|1756389862
|switch|p2b: Tyranitar|Tyranitar, L50, M|100/100
|-weather|Sandstorm|[from] ability: Sand Stream|[of] p2b: Tyranitar
|turn|3
|
|t:|1756389890
|move|p1b: Incineroar|Fake Out|p2a: Sneasler
|-damage|p2a: Sneasler|80/100
|cant|p2a: Sneasler|flinch
|move|p2b: Tyranitar|Rock Slide|p1a: Porygon2|[spread] p1a,p1b
|-supereffective|p1b: Incineroar
|-damage|p1a: Porygon2|49/100
|-damage|p1b: Incineroar|25/100
|-enditem|p1b: Incineroar|Sitrus Berry|[eat]
|-heal|p1b: Incineroar|50/100|[from] item: Sitrus Berry
|move|p1a: Porygon2|Tera Blast|p2a: Sneasler
|-damage|p2a: Sneasler|2/100
|
|-weather|Sandstorm|[upkeep]
|-damage|p2a: Sneasler|0 fnt|[from] Sandstorm
|-damage|p1b: Incineroar|44/100|[from] Sandstorm
|-damage|p1a: Porygon2|43/100|[from] Sandstorm
|faint|p2a: Sneasler
|-heal|p1b: Incineroar|50/100|[from] Grassy Terrain
|-heal|p1a: Porygon2|49/100|[from] Grassy Terrain
|-end|p1b: Incineroar|Throat Chop|[silent]
|upkeep
|turn|4
|
|t:|1756389910
|-terastallize|p2b: Tyranitar|Flying
|move|p1b: Incineroar|Parting Shot|p2b: Tyranitar
|-unboost|p2b: Tyranitar|atk|1
|-unboost|p2b: Tyranitar|spa|1
|
|t:|1756389914
|switch|p1b: Ursaluna|Ursaluna, L50, M, tera:Ghost|62/100 brn|[from] Parting Shot
|move|p2b: Tyranitar|Tera Blast|p1a: Porygon2|[anim] Tera Blast Flying
|-damage|p1a: Porygon2|30/100
|move|p1a: Porygon2|Ice Beam|p2b: Tyranitar
|-supereffective|p2b: Tyranitar
|-damage|p2b: Tyranitar|61/100
|
|-weather|Sandstorm|[upkeep]
|-damage|p1b: Ursaluna|57/100 brn|[from] Sandstorm
|-damage|p2b: Tyranitar|55/100|[from] Sandstorm
|-damage|p1a: Porygon2|24/100|[from] Sandstorm
|-heal|p1b: Ursaluna|62/100 brn|[from] Grassy Terrain
|-heal|p1a: Porygon2|30/100|[from] Grassy Terrain
|-damage|p1b: Ursaluna|57/100 brn|[from] brn
|upkeep
|turn|5
|
|t:|1756389922
|move|p1b: Ursaluna|Facade|p2b: Tyranitar
|-damage|p2b: Tyranitar|0 fnt
|faint|p2b: Tyranitar
|
|win|AndrewsWho
|raw|AndrewsWho's rating: 1125 → 1147(+22 for winning)
|raw|Kurolax's rating: 1077 → 1058(-19 for losing)
