|j|☆serbol03
|j|☆goatdengo77
|html|serbol03goatdengo77    
|uhtml|bestof|Game 1 of a best-of-3
|t:|1756917348
|gametype|doubles
|player|p1|serbol03|giovanni|1196
|player|p2|goatdengo77|265|1092
|gen|9
|tier|[Gen 9] VGC 2025 Reg H (Bo3)
|rated|
|rule|Species Clause: Limit one of each Pokémon
|rule|Item Clause: Limit 1 of each item
|clearpoke
|poke|p1|Porygon2, L50|
|poke|p1|Incineroar, L50, M|
|poke|p1|Ursaluna, L50, F|
|poke|p1|Amoonguss, L50, F|
|poke|p1|Gholdengo, L50|
|poke|p1|Dragonite, L50, M|
|poke|p2|Pelipper, L50, F|
|poke|p2|Archaludon, L50, M|
|poke|p2|Incineroar, L50, F|
|poke|p2|Gholdengo, L50|
|poke|p2|Amoonguss, L50, F|
|poke|p2|Indeedee, L50, M|
|teampreview|4
|showteam|p1|Porygon2||Eviolite|Download|TeraBlast,IceBeam,Recover,TrickRoom||||||50|,,,,,Fighting]Incineroar||SafetyGoggles|Intimidate|FakeOut,KnockOff,FlareBlitz,PartingShot|||M|||50|,,,,,Ghost]Ursaluna||FlameOrb|Guts|HeadlongRush,Facade,Earthquake,Protect|||F|||50|,,,,,Ghost]Amoonguss||SitrusBerry|Regenerator|PollenPuff,Spore,RagePowder,Protect|||F|||50|,,,,,Water]Gholdengo||LifeOrb|GoodasGold|MakeItRain,ShadowBall,NastyPlot,Protect||||||50|,,,,,Water]Dragonite||LoadedDice|Multiscale|ScaleShot,Haze,Tailwind,Protect|||M|||50|,,,,,Steel
|showteam|p2|Pelipper||FocusSash|Drizzle|Hurricane,WeatherBall,WideGuard,Protect|||F|||50|,,,,,Ghost]Archaludon||AssaultVest|Stamina|ElectroShot,DracoMeteor,BodyPress,Snarl|||M|||50|,,,,,Grass]Incineroar||SafetyGoggles|Intimidate|FakeOut,FlareBlitz,KnockOff,PartingShot|||F|||50|,,,,,Bug]Gholdengo||Leftovers|GoodasGold|MakeItRain,ShadowBall,NastyPlot,Protect||||||50|,,,,,Water]Amoonguss||RockyHelmet|Regenerator|Spore,RagePowder,PollenPuff,ClearSmog|||F|||50|,,,,,Ghost]Indeedee||ChoiceScarf|PsychicSurge|ExpandingForce,DazzlingGleam,HyperVoice,TrickRoom|||M|||50|,,,,,Psychic
|inactive|Battle timer is ON: inactive players will automatically lose when time's up. (requested by goatdengo77)
|
|t:|1756917394
|teamsize|p1|4
|teamsize|p2|4
|start
|switch|p1a: Porygon2|Porygon2, L50|100/100
|switch|p1b: Incineroar|Incineroar, L50, M|100/100
|switch|p2a: Pelipper|Pelipper, L50, F|100/100
|switch|p2b: Amoonguss|Amoonguss, L50, F|100/100
|-weather|RainDance|[from] ability: Drizzle|[of] p2a: Pelipper
|-ability|p1b: Incineroar|Intimidate|boost
|-unboost|p2a: Pelipper|atk|1
|-unboost|p2b: Amoonguss|atk|1
|-ability|p1a: Porygon2|Download|boost
|-boost|p1a: Porygon2|spa|1
|turn|1
|inactive|serbol03 has 30 seconds left.
|
|t:|1756917419
|-terastallize|p1b: Incineroar|Ghost
|move|p2a: Pelipper|Weather Ball|p1b: Incineroar
|-damage|p1b: Incineroar|41/100
|move|p1b: Incineroar|Knock Off|p2b: Amoonguss
|-damage|p2b: Amoonguss|67/100
|-damage|p1b: Incineroar|24/100|[from] item: Rocky Helmet|[of] p2b: Amoonguss
|-enditem|p2b: Amoonguss|Rocky Helmet|[from] move: Knock Off|[of] p1b: Incineroar
|move|p1a: Porygon2|Ice Beam|p2b: Amoonguss
|-supereffective|p2b: Amoonguss
|-damage|p2b: Amoonguss|0 fnt
|faint|p2b: Amoonguss
|
|-weather|RainDance|[upkeep]
|upkeep
|
|t:|1756917434
|switch|p2b: Archaludon|Archaludon, L50, M|100/100
|turn|2
|
|t:|1756917458
|move|p2a: Pelipper|Hurricane|p1a: Porygon2
|-damage|p1a: Porygon2|71/100
|move|p1b: Incineroar|Knock Off|p2a: Pelipper
|-crit|p2a: Pelipper
|-damage|p2a: Pelipper|19/100
|-enditem|p2a: Pelipper|Focus Sash|[from] move: Knock Off|[of] p1b: Incineroar
|move|p2b: Archaludon|Electro Shot||[still]
|-prepare|p2b: Archaludon|Electro Shot
|-boost|p2b: Archaludon|spa|1
|-anim|p2b: Archaludon|Electro Shot|p1b: Incineroar
|-damage|p1b: Incineroar|0 fnt
|faint|p1b: Incineroar
|move|p1a: Porygon2|Trick Room|p1a: Porygon2
|-fieldstart|move: Trick Room|[of] p1a: Porygon2
|
|-weather|RainDance|[upkeep]
|upkeep
|
|t:|1756917472
|switch|p1b: Ursaluna|Ursaluna, L50, F|100/100
|turn|3
|
|t:|1756917486
|switch|p2a: Incineroar|Incineroar, L50, F|100/100
|-ability|p2a: Incineroar|Intimidate|boost
|-unboost|p1a: Porygon2|atk|1
|-unboost|p1b: Ursaluna|atk|1
|move|p1b: Ursaluna|Protect|p1b: Ursaluna
|-singleturn|p1b: Ursaluna|Protect
|move|p1a: Porygon2|Ice Beam|p2a: Incineroar
|-resisted|p2a: Incineroar
|-damage|p2a: Incineroar|85/100
|move|p2b: Archaludon|Electro Shot||[still]
|-prepare|p2b: Archaludon|Electro Shot
|-boost|p2b: Archaludon|spa|1
|-anim|p2b: Archaludon|Electro Shot|p1a: Porygon2
|-damage|p1a: Porygon2|16/100
|
|-weather|RainDance|[upkeep]
|-status|p1b: Ursaluna|brn|[from] item: Flame Orb
|upkeep
|turn|4
|inactive|goatdengo77 has 30 seconds left.
|
|t:|1756917513
|switch|p1a: Amoonguss|Amoonguss, L50, F|100/100
|-terastallize|p2b: Archaludon|Grass
|move|p2a: Incineroar|Fake Out|p1b: Ursaluna
|-damage|p1b: Ursaluna|92/100 brn
|cant|p1b: Ursaluna|flinch
|move|p2b: Archaludon|Draco Meteor|p1b: Ursaluna
|-damage|p1b: Ursaluna|0 fnt
|-unboost|p2b: Archaludon|spa|2
|faint|p1b: Ursaluna
|
|-weather|RainDance|[upkeep]
|upkeep
|
|t:|1756917526
|switch|p1b: Porygon2|Porygon2, L50|16/100
|-ability|p1b: Porygon2|Download|boost
|-boost|p1b: Porygon2|spa|1
|turn|5
|inactive|serbol03 has 30 seconds left.
|
|t:|1756917551
|move|p1a: Amoonguss|Pollen Puff|p1b: Porygon2
|-heal|p1b: Porygon2|66/100
|move|p2a: Incineroar|Parting Shot|p1b: Porygon2
|-unboost|p1b: Porygon2|atk|1
|-unboost|p1b: Porygon2|spa|1
|
|t:|1756917561
|switch|p2a: Pelipper|Pelipper, L50, F|19/100|[from] Parting Shot
|move|p1b: Porygon2|Ice Beam|p2b: Archaludon
|-supereffective|p2b: Archaludon
|-damage|p2b: Archaludon|59/100
|-ability|p2b: Archaludon|Stamina|boost
|-boost|p2b: Archaludon|def|1
|move|p2b: Archaludon|Snarl|p1a: Amoonguss|[spread] p1a,p1b
|-damage|p1a: Amoonguss|89/100
|-damage|p1b: Porygon2|56/100
|-unboost|p1a: Amoonguss|spa|1
|-unboost|p1b: Porygon2|spa|1
|
|-weather|none
|upkeep
|turn|6
|inactive|goatdengo77 has 30 seconds left.
|inactive|goatdengo77 has 20 seconds left.
|inactive|goatdengo77 has 15 seconds left.
|
|t:|1756917601
|move|p1a: Amoonguss|Pollen Puff|p1b: Porygon2
|-heal|p1b: Porygon2|100/100
|move|p1b: Porygon2|Ice Beam|p2b: Archaludon
|-supereffective|p2b: Archaludon
|-damage|p2b: Archaludon|28/100
|-ability|p2b: Archaludon|Stamina|boost
|-boost|p2b: Archaludon|def|1
|move|p2b: Archaludon|Body Press|p1b: Porygon2
|-supereffective|p1b: Porygon2
|-damage|p1b: Porygon2|45/100
|move|p2a: Pelipper|Hurricane|p1a: Amoonguss|[miss]
|-miss|p2a: Pelipper|p1a: Amoonguss
|
|-fieldend|move: Trick Room
|upkeep
|turn|7
|inactive|serbol03 has 30 seconds left.
|inactive|serbol03 has 20 seconds left.
|inactive|serbol03 has 15 seconds left.
|inactive|serbol03 has 10 seconds left.
|inactive|serbol03 has 5 seconds left.
|
|t:|1756917652
|move|p2a: Pelipper|Hurricane|p1a: Amoonguss|[miss]
|-miss|p2a: Pelipper|p1a: Amoonguss
|move|p2b: Archaludon|Body Press|p1b: Porygon2
|-supereffective|p1b: Porygon2
|-damage|p1b: Porygon2|0 fnt
|faint|p1b: Porygon2
|move|p1a: Amoonguss|Pollen Puff|p1: Porygon2|[notarget]
|-fail|p1a: Amoonguss
|
|upkeep
|turn|8
|-message|serbol03 forfeited.
|
|win|goatdengo77
