|j|☆KChiefs7
|j|☆chzao
|html|KChiefs7chzao    
|uhtml|bestof|Game 3 of a best-of-3
|t:|1756825078
|gametype|doubles
|player|p1|KChiefs7|swimmer-gen4|1071
|player|p2|chzao|clay|1014
|gen|9
|tier|[Gen 9] VGC 2025 Reg H (Bo3)
|rated|
|rule|Species Clause: Limit one of each Pokémon
|rule|Item Clause: Limit 1 of each item
|clearpoke
|poke|p1|Ursaluna, L50, F|
|poke|p1|Gholdengo, L50|
|poke|p1|Flamigo, L50, M|
|poke|p1|Amoonguss, L50, F|
|poke|p1|Porygon2, L50|
|poke|p1|Incineroar, L50, F|
|poke|p2|Swampert, L50, M|
|poke|p2|Sinistcha-Masterpiece, L50|
|poke|p2|Hatterene, L50, F|
|poke|p2|Hitmontop, L50, M|
|poke|p2|Indeedee-F, L50, F|
|poke|p2|Dragonite, L50, M|
|teampreview|4
|showteam|p1|Ursaluna||FlameOrb|Guts|Facade,HeadlongRush,Earthquake,Protect|||F|||50|,,,,,Ghost]Gholdengo||LifeOrb|GoodasGold|MakeItRain,ShadowBall,NastyPlot,Protect||||||50|,,,,,Water]Flamigo||FocusSash|Scrappy|Detect,CloseCombat,WideGuard,DualWingbeat|||M|||50|,,,,,Ghost]Amoonguss||CovertCloak|Regenerator|RagePowder,Spore,PollenPuff,ClearSmog|||F|||50|,,,,,Fairy]Porygon2||Eviolite|Download|TeraBlast,IceBeam,Recover,TrickRoom||||||50|,,,,,Fighting]Incineroar||SafetyGoggles|Intimidate|FlareBlitz,KnockOff,FakeOut,PartingShot|||F|||50|,,,,,Ghost
|showteam|p2|Swampert||ClearAmulet|Torrent|WideGuard,Liquidation,Earthquake,IcePunch|||M|||50|,,,,,Stellar]Sinistcha-Masterpiece||EjectPack|Hospitality|LifeDew,MatchaGotcha,RagePowder,StrengthSap||||||50|,,,,,Grass]Hatterene||SafetyGoggles|Healer|ExpandingForce,Protect,MysticalFire,TrickRoom|||F|||50|,,,,,Fire]Hitmontop||GrassySeed|Intimidate|BrickBreak,Coaching,Protect,IceSpinner|||M|||50|,,,,,Ice]Indeedee-F||MentalHerb|PsychicSurge|HelpingHand,TrickRoom,DazzlingGleam,FollowMe|||F|||50|,,,,,Dark]Dragonite||CovertCloak|Multiscale|DragonClaw,BrickBreak,IronHead,Roost|||M|||50|,,,,,Dragon
|inactive|Battle timer is ON: inactive players will automatically lose when time's up. (requested by KChiefs7)
|inactive|chzao also wants the timer to be on.
|inactive|chzao has 60 seconds left.
|
|t:|1756825135
|teamsize|p1|4
|teamsize|p2|4
|start
|switch|p1a: Incineroar|Incineroar, L50, F|100/100
|switch|p1b: Flamigo|Flamigo, L50, M|100/100
|switch|p2a: Indeedee|Indeedee-F, L50, F|100/100
|switch|p2b: Hatterene|Hatterene, L50, F|100/100
|-fieldstart|move: Psychic Terrain|[from] ability: Psychic Surge|[of] p2a: Indeedee
|-ability|p1a: Incineroar|Intimidate|boost
|-unboost|p2a: Indeedee|atk|1
|-unboost|p2b: Hatterene|atk|1
|turn|1
|inactive|KChiefs7 has 30 seconds left.
|inactive|chzao has 30 seconds left.
|inactive|KChiefs7 has 20 seconds left.
|inactive|KChiefs7 has 15 seconds left.
|inactive|KChiefs7 has 10 seconds left.
|inactive|KChiefs7 has 5 seconds left.
|
|t:|1756825187
|move|p2a: Indeedee|Follow Me|p2a: Indeedee
|-singleturn|p2a: Indeedee|move: Follow Me
|move|p1b: Flamigo|Dual Wingbeat|p2a: Indeedee
|-damage|p2a: Indeedee|76/100
|-damage|p2a: Indeedee|54/100
|-hitcount|p2a: Indeedee|2
|move|p1a: Incineroar|Knock Off|p2a: Indeedee
|-supereffective|p2a: Indeedee
|-damage|p2a: Indeedee|0 fnt
|-enditem|p2a: Indeedee|Mental Herb|[from] move: Knock Off|[of] p1a: Incineroar
|faint|p2a: Indeedee
|move|p2b: Hatterene|Trick Room|p2b: Hatterene
|-fieldstart|move: Trick Room|[of] p2b: Hatterene
|
|upkeep
|
|t:|1756825199
|switch|p2a: Swampert|Swampert, L50, M|100/100
|turn|2
|inactive|chzao has 30 seconds left.
|inactive|chzao has 20 seconds left.
|inactive|chzao has 15 seconds left.
|
|t:|1756825240
|-terastallize|p2b: Hatterene|Fire
|-terastallize|p1a: Incineroar|Ghost
|move|p1b: Flamigo|Wide Guard|p1b: Flamigo
|-singleturn|p1b: Flamigo|Wide Guard
|move|p2b: Hatterene|Mystical Fire|p1b: Flamigo
|-damage|p1b: Flamigo|30/100
|-unboost|p1b: Flamigo|spa|1
|move|p2a: Swampert|Liquidation|p1a: Incineroar
|-damage|p1a: Incineroar|62/100
|-unboost|p1a: Incineroar|def|1
|move|p1a: Incineroar|Knock Off|p2b: Hatterene
|-damage|p2b: Hatterene|47/100
|-enditem|p2b: Hatterene|Safety Goggles|[from] move: Knock Off|[of] p1a: Incineroar
|
|upkeep
|turn|3
|inactive|KChiefs7 has 30 seconds left.
|inactive|chzao has 30 seconds left.
|inactive|KChiefs7 has 20 seconds left.
|inactive|chzao has 20 seconds left.
|inactive|KChiefs7 has 15 seconds left.
|inactive|KChiefs7 has 10 seconds left.
|inactive|chzao has 15 seconds left.
|inactive|KChiefs7 has 5 seconds left.
|inactive|chzao has 10 seconds left.
|
|t:|1756825294
|switch|p1a: Ursaluna|Ursaluna, L50, F|100/100
|move|p1b: Flamigo|Wide Guard|p1b: Flamigo
|-singleturn|p1b: Flamigo|Wide Guard
|move|p2b: Hatterene|Expanding Force|p1a: Ursaluna|[spread] 
|-activate|p1a: Ursaluna|move: Wide Guard
|-activate|p1b: Flamigo|move: Wide Guard
|move|p2a: Swampert|Liquidation|p1a: Ursaluna
|-supereffective|p1a: Ursaluna
|-damage|p1a: Ursaluna|33/100
|
|-status|p1a: Ursaluna|brn|[from] item: Flame Orb
|upkeep
|turn|4
|inactive|KChiefs7 has 30 seconds left.
|
|t:|1756825324
|switch|p1a: Incineroar|Incineroar, L50, F, tera:Ghost|62/100
|-ability|p1a: Incineroar|Intimidate|boost
|-fail|p2a: Swampert|unboost|[from] item: Clear Amulet|[of] p2a: Swampert
|-unboost|p2b: Hatterene|atk|1
|move|p1b: Flamigo|Detect||[still]
|-fail|p1b: Flamigo
|move|p2b: Hatterene|Expanding Force|p1a: Incineroar|[spread] p1a,p1b
|-supereffective|p1b: Flamigo
|-damage|p1a: Incineroar|0 fnt
|-damage|p1b: Flamigo|0 fnt
|faint|p1a: Incineroar
|faint|p1b: Flamigo
|move|p2a: Swampert|Liquidation|p1: Incineroar|[notarget]
|-fail|p2a: Swampert
|
|upkeep
|
|t:|1756825333
|switch|p1a: Ursaluna|Ursaluna, L50, F|33/100 brn
|switch|p1b: Porygon2|Porygon2, L50|100/100
|-ability|p1b: Porygon2|Download|boost
|-boost|p1b: Porygon2|atk|1
|turn|5
|inactive|KChiefs7 has 30 seconds left.
|
|t:|1756825363
|switch|p2a: Sinistcha|Sinistcha-Masterpiece, L50|100/100
|-heal|p2b: Hatterene|72/100|[from] ability: Hospitality|[of] p2a: Sinistcha
|move|p1a: Ursaluna|Protect|p1a: Ursaluna
|-singleturn|p1a: Ursaluna|Protect
|move|p2b: Hatterene|Expanding Force|p1a: Ursaluna|[spread] p1b
|-activate|p1a: Ursaluna|move: Protect
|-damage|p1b: Porygon2|56/100
|move|p1b: Porygon2|Ice Beam|p2a: Sinistcha
|-supereffective|p2a: Sinistcha
|-damage|p2a: Sinistcha|43/100
|
|-damage|p1a: Ursaluna|27/100 brn|[from] brn
|-fieldend|move: Trick Room
|-fieldend|move: Psychic Terrain
|upkeep
|turn|6
|
|t:|1756825387
|move|p2a: Sinistcha|Rage Powder|p2a: Sinistcha
|-singleturn|p2a: Sinistcha|move: Rage Powder
|move|p1b: Porygon2|Recover|p1b: Porygon2
|-heal|p1b: Porygon2|100/100
|move|p1a: Ursaluna|Earthquake|p2b: Hatterene|[spread] p1b,p2a,p2b
|-resisted|p2a: Sinistcha
|-supereffective|p2b: Hatterene
|-damage|p1b: Porygon2|56/100
|-damage|p2a: Sinistcha|18/100
|-damage|p2b: Hatterene|0 fnt
|faint|p2b: Hatterene
|
|-damage|p1a: Ursaluna|22/100 brn|[from] brn
|upkeep
|
|t:|1756825402
|switch|p2b: Swampert|Swampert, L50, M|100/100
|turn|7
|inactive|chzao has 30 seconds left.
|inactive|KChiefs7 has 30 seconds left.
|inactive|chzao has 20 seconds left.
|
|t:|1756825441
|move|p1a: Ursaluna|Protect|p1a: Ursaluna
|-singleturn|p1a: Ursaluna|Protect
|move|p2a: Sinistcha|Matcha Gotcha|p1a: Ursaluna|[spread] p1b
|-activate|p1a: Ursaluna|move: Protect
|-damage|p1b: Porygon2|42/100
|-heal|p2a: Sinistcha|26/100|[from] drain|[of] p1b: Porygon2
|move|p1b: Porygon2|Recover|p1b: Porygon2
|-heal|p1b: Porygon2|92/100
|move|p2b: Swampert|Liquidation|p1b: Porygon2
|-damage|p1b: Porygon2|62/100
|
|-damage|p1a: Ursaluna|16/100 brn|[from] brn
|upkeep
|turn|8
|
|t:|1756825465
|move|p2a: Sinistcha|Matcha Gotcha|p1a: Ursaluna|[spread] p1a,p1b
|-supereffective|p1a: Ursaluna
|-damage|p1a: Ursaluna|0 fnt
|-heal|p2a: Sinistcha|36/100|[from] drain|[of] p1a: Ursaluna
|-damage|p1b: Porygon2|46/100
|-heal|p2a: Sinistcha|45/100|[from] drain|[of] p1b: Porygon2
|faint|p1a: Ursaluna
|move|p1b: Porygon2|Ice Beam|p2a: Sinistcha
|-supereffective|p2a: Sinistcha
|-damage|p2a: Sinistcha|0 fnt
|faint|p2a: Sinistcha
|move|p2b: Swampert|Liquidation|p1b: Porygon2
|-damage|p1b: Porygon2|16/100
|
|upkeep
|turn|9
|
|t:|1756825480
|move|p1b: Porygon2|Recover|p1b: Porygon2
|-heal|p1b: Porygon2|66/100
|move|p2b: Swampert|Earthquake|p1b: Porygon2
|-damage|p1b: Porygon2|32/100
|
|upkeep
|turn|10
|
|t:|1756825488
|move|p1b: Porygon2|Recover|p1b: Porygon2
|-heal|p1b: Porygon2|82/100
|move|p2b: Swampert|Earthquake|p1b: Porygon2
|-damage|p1b: Porygon2|47/100
|
|upkeep
|turn|11
|
|t:|1756825494
|move|p1b: Porygon2|Recover|p1b: Porygon2
|-heal|p1b: Porygon2|97/100
|move|p2b: Swampert|Liquidation|p1b: Porygon2
|-damage|p1b: Porygon2|69/100
|
|upkeep
|turn|12
|
|t:|1756825505
|move|p1b: Porygon2|Ice Beam|p2b: Swampert
|-damage|p2b: Swampert|74/100
|move|p2b: Swampert|Liquidation|p1b: Porygon2
|-damage|p1b: Porygon2|40/100
|
|upkeep
|turn|13
|
|t:|1756825517
|move|p1b: Porygon2|Recover|p1b: Porygon2
|-heal|p1b: Porygon2|90/100
|move|p2b: Swampert|Earthquake|p1b: Porygon2
|-damage|p1b: Porygon2|57/100
|
|upkeep
|turn|14
|
|t:|1756825525
|move|p1b: Porygon2|Ice Beam|p2b: Swampert
|-damage|p2b: Swampert|49/100
|move|p2b: Swampert|Liquidation|p1b: Porygon2
|-damage|p1b: Porygon2|28/100
|-unboost|p1b: Porygon2|def|1
|
|upkeep
|turn|15
|
|t:|1756825533
|move|p1b: Porygon2|Recover|p1b: Porygon2
|-heal|p1b: Porygon2|78/100
|move|p2b: Swampert|Earthquake|p1b: Porygon2
|-damage|p1b: Porygon2|32/100
|
|upkeep
|turn|16
|
|t:|1756825542
|move|p1b: Porygon2|Recover|p1b: Porygon2
|-heal|p1b: Porygon2|82/100
|move|p2b: Swampert|Liquidation|p1b: Porygon2
|-damage|p1b: Porygon2|37/100
|
|upkeep
|turn|17
|
|t:|1756825555
|move|p1b: Porygon2|Ice Beam|p2b: Swampert
|-damage|p2b: Swampert|22/100
|move|p2b: Swampert|Liquidation|p1b: Porygon2
|-damage|p1b: Porygon2|0 fnt
|faint|p1b: Porygon2
|
|win|chzao
|raw|KChiefs7's rating: 1071 → 1047(-24 for losing)
|raw|chzao's rating: 1014 → 1058(+44 for winning)
|c|☆KChiefs7|That defense drop was nice
|l|☆chzao
|player|p2|
|c|☆KChiefs7|It had to proc at some point
