|j|☆Slowjow
|j|☆n-da-npc
|html|Slowjown-da-npc    
|uhtml|bestof|Game 3 of a best-of-3
|t:|1785904099
|gametype|doubles
|player|p1|Slowjow|2|1121
|player|p2|n-da-npc|nate|1199
|gen|9
|tier|[Gen 9 Champions] VGC 2026 Reg M-B (Bo3)
|rated|
|rule|Species Clause: Limit one of each Pokémon
|rule|Item Clause: Limit 1 of each item
|clearpoke
|poke|p1|Blaziken, L50, F|
|poke|p1|Raichu, L50, F|
|poke|p1|Incineroar, L50, M|
|poke|p1|Milotic, L50, F|
|poke|p1|Grimmsnarl, L50, M|
|poke|p1|Gholdengo, L50|
|poke|p2|Staraptor, L50, M|
|poke|p2|Mamoswine, L50, M|
|poke|p2|Samurott-Hisui, L50, M|
|poke|p2|Overqwil, L50, M|
|poke|p2|Raichu, L50, M|
|poke|p2|Sinistcha, L50|
|teampreview|4
|showteam|p1|Blaziken||Blazikenite|SpeedBoost|CloseCombat,FlareBlitz,RockSlide,Protect|Adamant||F|||50|]Raichu||RaichuniteY|LightningRod|FakeOut,Encore,ZapCannon,FocusBlast|Timid||F|||50|]Incineroar||SitrusBerry|Intimidate|FakeOut,PartingShot,FlareBlitz,DarkestLariat|Careful||M|||50|]Milotic||Leftovers|Competitive|Scald,IceBeam,Recover,Protect|Bold||F|||50|]Grimmsnarl||BlackGlasses|Prankster|FakeOut,SpiritBreak,SuckerPunch,PartingShot|Adamant||M|||50|]Gholdengo||LifeOrb|GoodasGold|MakeItRain,ShadowBall,NastyPlot,Protect|Modest|||||50|
|showteam|p2|Staraptor||Staraptite|Intimidate|Protect,DualWingbeat,CloseCombat,Roost|Jolly||M|||50|]Mamoswine||LifeOrb|Oblivious|Protect,IceShard,Earthquake,IcicleCrash|Adamant||M|||50|]Samurott-Hisui||ChoiceScarf|Sharpness|CeaselessEdge,AquaCutter,SacredSword,NightSlash|Jolly||M|||50|]Overqwil||Leftovers|Intimidate|Protect,PoisonJab,Crunch,IcyWind|Brave||M|||50|]Raichu||RaichuniteY|LightningRod|Protect,FakeOut,ZapCannon,Charm|Timid||M|||50|]Sinistcha||OccaBerry|Hospitality|LifeDew,MatchaGotcha,RagePowder,TrickRoom|Calm|||||50|
|inactive|Battle timer is ON: inactive players will automatically lose when time's up. (requested by n-da-npc)
|inactive|Slowjow has 60 seconds left.
|inactive|Slowjow has 30 seconds left.
|inactive|Slowjow has 20 seconds left.
|inactive|Slowjow has 15 seconds left.
|inactive|Slowjow has 10 seconds left.
|
|t:|1785904184
|teamsize|p1|4
|teamsize|p2|4
|start
|switch|p1a: Milotic|Milotic, L50, F|100/100
|switch|p1b: Grimmsnarl|Grimmsnarl, L50, M|100/100
|switch|p2a: menace 1|Staraptor, L50, M|100/100
|switch|p2b: menace 2|Mamoswine, L50, M|100/100
|-ability|p2a: menace 1|Intimidate|boost
|-unboost|p1a: Milotic|atk|1
|-ability|p1a: Milotic|Competitive|boost
|-boost|p1a: Milotic|spa|2
|-unboost|p1b: Grimmsnarl|atk|1
|turn|1
|inactive|Slowjow has 30 seconds left.
|
|t:|1785904209
|move|p2a: menace 1|Protect|p2a: menace 1
|-singleturn|p2a: menace 1|Protect
|move|p2b: menace 2|Protect|p2b: menace 2
|-singleturn|p2b: menace 2|Protect
|move|p1b: Grimmsnarl|Fake Out|p2a: menace 1
|-activate|p2a: menace 1|move: Protect
|move|p1a: Milotic|Scald|p2b: menace 2
|-activate|p2b: menace 2|move: Protect
|
|upkeep
|turn|2
|
|t:|1785904229
|switch|p2b: menace 3|Samurott-Hisui, L50, M|100/100
|detailschange|p2a: menace 1|Staraptor-Mega, L50, M
|-mega|p2a: menace 1|Staraptor|Staraptite
|move|p2a: menace 1|Close Combat|p1a: Milotic
|-damage|p1a: Milotic|48/100
|-boost|p2a: menace 1|def|1
|-boost|p2a: menace 1|spd|1
|move|p1a: Milotic|Scald|p2b: menace 3
|-resisted|p2b: menace 3|1
|-damage|p2b: menace 3|57/100
|-status|p2b: menace 3|brn
|move|p1b: Grimmsnarl|Spirit Break|p2b: menace 3
|-supereffective|p2b: menace 3|1
|-damage|p2b: menace 3|0 fnt
|faint|p2b: menace 3
|
|-heal|p1a: Milotic|54/100|[from] item: Leftovers
|upkeep
|
|t:|1785904245
|switch|p2b: zardy nightmare|Raichu, L50, M|100/100
|turn|3
|inactive|Slowjow has 30 seconds left.
|
|t:|1785904272
|switch|p1b: Raichu|Raichu, L50, F|100/100
|move|p1a: Milotic|Protect|p1a: Milotic
|-singleturn|p1a: Milotic|Protect
|move|p2b: zardy nightmare|Fake Out|p1b: Raichu
|-damage|p1b: Raichu|86/100
|move|p2a: menace 1|Close Combat|p1b: Raichu
|-damage|p1b: Raichu|0 fnt
|-boost|p2a: menace 1|def|1
|-boost|p2a: menace 1|spd|1
|faint|p1b: Raichu
|
|-heal|p1a: Milotic|60/100|[from] item: Leftovers
|upkeep
|
|t:|1785904288
|switch|p1b: Grimmsnarl|Grimmsnarl, L50, M|100/100
|turn|4
|
|t:|1785904304
|move|p1b: Grimmsnarl|Fake Out|p2b: zardy nightmare
|-damage|p2b: zardy nightmare|74/100
|cant|p2b: zardy nightmare|flinch
|move|p2a: menace 1|Close Combat|p1a: Milotic
|-damage|p1a: Milotic|9/100
|-boost|p2a: menace 1|def|1
|-boost|p2a: menace 1|spd|1
|move|p1a: Milotic|Recover|p1a: Milotic
|-heal|p1a: Milotic|59/100
|
|-heal|p1a: Milotic|65/100|[from] item: Leftovers
|upkeep
|turn|5
|
|t:|1785904329
|move|p1a: Milotic|Protect|p1a: Milotic
|-singleturn|p1a: Milotic|Protect
|move|p1b: Grimmsnarl|Sucker Punch||[still]
|-fail|p1b: Grimmsnarl
|move|p2b: zardy nightmare|Charm|p2a: menace 1
|-boost|p2a: menace 1|atk|2
|move|p2a: menace 1|Close Combat|p1a: Milotic
|-activate|p1a: Milotic|move: Protect
|
|-heal|p1a: Milotic|71/100|[from] item: Leftovers
|upkeep
|turn|6
|c|☆n-da-npc|gg
|
|t:|1785904352
|move|p2b: zardy nightmare|Charm|p2a: menace 1
|-boost|p2a: menace 1|atk|2
|move|p2a: menace 1|Close Combat|p1a: Milotic
|-damage|p1a: Milotic|0 fnt
|-boost|p2a: menace 1|def|1
|-boost|p2a: menace 1|spd|1
|faint|p1a: Milotic
|move|p1b: Grimmsnarl|Spirit Break|p2b: zardy nightmare
|-damage|p2b: zardy nightmare|4/100
|-unboost|p2b: zardy nightmare|spa|1
|
|upkeep
|
|t:|1785904365
|switch|p1a: Blaziken|Blaziken, L50, F|100/100
|turn|7
|
|t:|1785904376
|move|p1a: Blaziken|Protect|p1a: Blaziken
|-singleturn|p1a: Blaziken|Protect
|move|p2b: zardy nightmare|Charm|p2a: menace 1
|-boost|p2a: menace 1|atk|2
|move|p2a: menace 1|Close Combat|p1b: Grimmsnarl
|-damage|p1b: Grimmsnarl|0 fnt
|-boost|p2a: menace 1|def|1
|-boost|p2a: menace 1|spd|1
|faint|p1b: Grimmsnarl
|
|-ability|p1a: Blaziken|Speed Boost|boost
|-boost|p1a: Blaziken|spe|1
|upkeep
|turn|8
|
|t:|1785904390
|detailschange|p1a: Blaziken|Blaziken-Mega, L50, F
|-mega|p1a: Blaziken|Blaziken|Blazikenite
|move|p1a: Blaziken|Rock Slide|p2a: menace 1|[spread] p2a,p2b
|-damage|p2a: menace 1|93/100
|-damage|p2b: zardy nightmare|0 fnt
|faint|p2b: zardy nightmare
|cant|p2a: menace 1|flinch
|
|-ability|p1a: Blaziken|Speed Boost|boost
|-boost|p1a: Blaziken|spe|1
|upkeep
|
|t:|1785904397
|switch|p2b: menace 2|Mamoswine, L50, M|100/100
|turn|9
|
|t:|1785904403
|move|p2b: menace 2|Protect|p2b: menace 2
|-singleturn|p2b: menace 2|Protect
|move|p1a: Blaziken|Rock Slide|p2b: menace 2|[spread] 
|-activate|p2b: menace 2|move: Protect
|-miss|p1a: Blaziken|p2a: menace 1
|move|p2a: menace 1|Close Combat|p1a: Blaziken
|-damage|p1a: Blaziken|0 fnt
|-boost|p2a: menace 1|def|1
|-boost|p2a: menace 1|spd|1
|faint|p1a: Blaziken
|
|win|n-da-npc
|raw|Slowjow's rating: 1121 → 1102(-19 for losing)
|raw|n-da-npc's rating: 1199 → 1218(+19 for winning)
|l|☆Slowjow
|player|p1|
