|j|☆renki134
|j|☆kazthespaz
|html|renki134kazthespaz    
|uhtml|bestof|Game 1 of a best-of-3
|t:|1783616478
|gametype|doubles
|player|p1|renki134|wattson|
|player|p2|kazthespaz|cynthia|
|gen|9
|tier|[Gen 9 Champions] VGC 2026 Reg M-B (Bo3)
|rule|Species Clause: Limit one of each Pokémon
|rule|Item Clause: Limit 1 of each item
|clearpoke
|poke|p1|Mawile, L50, M|
|poke|p1|Raichu, L50, F|
|poke|p1|Sableye, L50, F|
|poke|p1|Kleavor, L50, F|
|poke|p1|Scovillain, L50, F|
|poke|p1|Sneasler, L50, M|
|poke|p2|Arcanine, L50, M|
|poke|p2|Staraptor, L50, M|
|poke|p2|Garchomp, L50, F|
|poke|p2|Whimsicott, L50, F|
|poke|p2|Barbaracle, L50, M|
|poke|p2|Alakazam, L50, M|
|teampreview|4
|showteam|p1|Mawile||Mawilite|Intimidate|PlayRough,IcePunch,SuckerPunch,IronHead|Adamant||M|||50|]Raichu||RaichuniteY|LightningRod|ZapCannon,FocusBlast,AlluringVoice,VoltSwitch|Modest||F|||50|]Sableye||SitrusBerry|Prankster|FoulPlay,Quash,Encore,Taunt|Impish||F|||50|]Kleavor||FocusSash|Sharpness|StoneAxe,XScissor,Acrobatics,Tailwind|Adamant||F|||50|]Scovillain||Scovillainite|Moody|Protect,Flamethrower,LeechSeed,RagePowder|Modest||F|||50|]Sneasler||WhiteHerb|Unburden|DireClaw,CloseCombat,FakeOut,ThroatChop|Adamant||M|||50|
|showteam|p2|Arcanine||ChoiceScarf|Intimidate|FlareBlitz,WildCharge,PsychicFangs,PlayRough|Adamant||M|||50|]Staraptor||Staraptite|Intimidate|BraveBird,Protect,Roost,CloseCombat|Adamant||M|||50|]Garchomp||LifeOrb|RoughSkin|Earthquake,RockSlide,Protect,SwordsDance|Jolly||F|||50|]Whimsicott||FocusSash|Prankster|Protect,Moonblast,Tailwind,Charm|Modest||F|||50|]Barbaracle||Barbaracite|ToughClaws|ShellSmash,RockSlide,Protect,Liquidation|Adamant||M|||50|]Alakazam||BrightPowder|InnerFocus|EnergyBall,Psychic,Protect,NastyPlot|Timid||M|||50|
|
|t:|1783616512
|teamsize|p1|4
|teamsize|p2|4
|start
|switch|p1a: Scovillain|Scovillain, L50, F|100/100
|switch|p1b: Kleavor|Kleavor, L50, F|100/100
|switch|p2a: Arcanine|Arcanine, L50, M|100/100
|switch|p2b: Whimsicott|Whimsicott, L50, F|100/100
|-ability|p2a: Arcanine|Intimidate|boost
|-unboost|p1a: Scovillain|atk|1
|-unboost|p1b: Kleavor|atk|1
|turn|1
|
|t:|1783616534
|detailschange|p1a: Scovillain|Scovillain-Mega, L50, F
|-mega|p1a: Scovillain|Scovillain|Scovillainite
|move|p2a: Arcanine|Flare Blitz|p1b: Kleavor
|-damage|p1b: Kleavor|25/100
|-damage|p2a: Arcanine|80/100|[from] Recoil
|move|p2b: Whimsicott|Moonblast|p1b: Kleavor
|-damage|p1b: Kleavor|0 fnt
|faint|p1b: Kleavor
|move|p1a: Scovillain|Flamethrower|p2b: Whimsicott
|-supereffective|p2b: Whimsicott|1
|-enditem|p2b: Whimsicott|Focus Sash
|-damage|p2b: Whimsicott|1/100
|
|upkeep
|
|t:|1783616553
|switch|p1b: Sneasler|Sneasler, L50, M|100/100
|turn|2
|
|t:|1783616576
|move|p2b: Whimsicott|Protect|p2b: Whimsicott
|-singleturn|p2b: Whimsicott|Protect
|move|p1b: Sneasler|Fake Out|p2b: Whimsicott
|-activate|p2b: Whimsicott|move: Protect
|move|p2a: Arcanine|Flare Blitz|p1a: Scovillain
|-damage|p1a: Scovillain|41/100
|-immune|p2a: Arcanine
|-damage|p2a: Arcanine|61/100|[from] Recoil
|move|p1a: Scovillain|Leech Seed|p2a: Arcanine
|-start|p2a: Arcanine|move: Leech Seed
|
|-damage|p2a: Arcanine|49/100|[from] Leech Seed|[of] p1a: Scovillain
|-heal|p1a: Scovillain|54/100|[silent]
|upkeep
|turn|3
|
|t:|1783616600
|move|p1a: Scovillain|Protect|p1a: Scovillain
|-singleturn|p1a: Scovillain|Protect
|move|p2b: Whimsicott|Tailwind|p2b: Whimsicott
|-sidestart|p2: kazthespaz|move: Tailwind
|move|p2a: Arcanine|Flare Blitz|p1b: Sneasler
|-damage|p1b: Sneasler|0 fnt
|faint|p1b: Sneasler
|-damage|p2a: Arcanine|21/100|[from] Recoil
|
|-damage|p2a: Arcanine|8/100|[from] Leech Seed|[of] p1a: Scovillain
|-heal|p1a: Scovillain|67/100|[silent]
|upkeep
|j| Jabby Wabby
|
|t:|1783616613
|switch|p1b: Sableye|Sableye, L50, F|100/100
|turn|4
|
|t:|1783616648
|move|p2b: Whimsicott|Protect|p2b: Whimsicott
|-singleturn|p2b: Whimsicott|Protect
|move|p1a: Scovillain|Rage Powder|p1a: Scovillain
|-singleturn|p1a: Scovillain|move: Rage Powder
|move|p1b: Sableye|Taunt|p2b: Whimsicott
|-activate|p2b: Whimsicott|move: Protect
|move|p2a: Arcanine|Flare Blitz|p1a: Scovillain
|-damage|p1a: Scovillain|2/100
|-immune|p2a: Arcanine
|-damage|p2a: Arcanine|0 fnt|[from] Recoil
|faint|p2a: Arcanine
|
|upkeep
|
|t:|1783616670
|switch|p2a: Garchomp|Garchomp, L50, F|100/100
|turn|5
|
|t:|1783616687
|move|p2a: Garchomp|Earthquake|p1b: Sableye|[spread] p2b,p1a,p1b
|-resisted|p2b: Whimsicott|1
|-damage|p2b: Whimsicott|0 fnt
|-damage|p1a: Scovillain|0 fnt
|-damage|p1b: Sableye|31/100
|-status|p2a: Garchomp|brn|[from] ability: Spicy Spray|[of] p1a: Scovillain
|-enditem|p1b: Sableye|Sitrus Berry|[eat]
|-heal|p1b: Sableye|56/100|[from] item: Sitrus Berry
|faint|p2b: Whimsicott
|faint|p1a: Scovillain
|-damage|p2a: Garchomp|90/100 brn|[from] item: Life Orb
|move|p1b: Sableye|Foul Play|p2a: Garchomp
|-damage|p2a: Garchomp|47/100 brn
|-damage|p1b: Sableye|44/100|[from] ability: Rough Skin|[of] p2a: Garchomp
|
|-damage|p2a: Garchomp|41/100 brn|[from] brn
|upkeep
|
|t:|1783616701
|switch|p2b: Staraptor|Staraptor, L50, M|100/100
|-ability|p2b: Staraptor|Intimidate|boost
|-unboost|p1b: Sableye|atk|1
|turn|6
|
|t:|1783616711
|detailschange|p2b: Staraptor|Staraptor-Mega, L50, M
|-mega|p2b: Staraptor|Staraptor|Staraptite
|move|p2a: Garchomp|Earthquake|p1b: Sableye|[spread] p1b
|-immune|p2b: Staraptor
|-damage|p1b: Sableye|14/100
|-damage|p2a: Garchomp|31/100 brn|[from] item: Life Orb
|move|p2b: Staraptor|Brave Bird|p1b: Sableye
|-crit|p1b: Sableye
|-damage|p1b: Sableye|0 fnt
|faint|p1b: Sableye
|-damage|p2b: Staraptor|95/100|[from] Recoil
|
|win|kazthespaz
|inactive|renki134 has 30 seconds to confirm battle start!
|inactive|kazthespaz has 30 seconds to confirm battle start!
