|j|☆five_loko_gold
|j|☆moth.o
|html|five_loko_goldmoth.o    
|uhtml|bestof|Game 2 of a best-of-3
|t:|1756336626
|gametype|doubles
|player|p1|five_loko_gold|102|1046
|player|p2|moth.o|roxie|1058
|gen|9
|tier|[Gen 9] VGC 2025 Reg H (Bo3)
|rated|
|rule|Species Clause: Limit one of each Pokémon
|rule|Item Clause: Limit 1 of each item
|clearpoke
|poke|p1|Rillaboom, L50, F|
|poke|p1|Sneasler, L50, M|
|poke|p1|Dragonite, L50, F|
|poke|p1|Kingambit, L50, F|
|poke|p1|Electabuzz, L50, M|
|poke|p1|Volcarona, L50, M|
|poke|p2|Arcanine-Hisui, L50, M|
|poke|p2|Indeedee-F, L50, F|
|poke|p2|Gallade, L50, M|
|poke|p2|Gholdengo, L50|
|poke|p2|Whimsicott, L50, M|
|poke|p2|Hydreigon, L50, M|
|teampreview|4
|showteam|p1|Rillaboom||AssaultVest|GrassySurge|WoodHammer,GrassyGlide,HighHorsepower,FakeOut|||F|||50|,,,,,Fire]Sneasler||FocusSash|Unburden|CloseCombat,DireClaw,Coaching,Protect|||M|||50|,,,,,Stellar]Dragonite||LoadedDice|Multiscale|ScaleShot,Haze,ExtremeSpeed,Protect|||F|||50|,,,,,Fairy]Kingambit||BlackGlasses|Defiant|Protect,KowtowCleave,SuckerPunch,SwordsDance|||F|||50|,,,,,Dark]Electabuzz||Eviolite|VitalSpirit|Taunt,FollowMe,Thunderbolt,Protect|||M|||50|,,,,,Ghost]Volcarona||Leftovers|FlameBody|Protect,HeatWave,TeraBlast,QuiverDance|||M|||50|,,,,,Fairy
|showteam|p2|Arcanine-Hisui||SafetyGoggles|Intimidate|Protect,RockSlide,FlareBlitz,ExtremeSpeed|||M|||50|,,,,,Fairy]Indeedee-F||SitrusBerry|PsychicSurge|TrickRoom,FollowMe,Psychic,HelpingHand|||F|||50|,,,,,Fairy]Gallade||LifeOrb|Sharpness|Protect,ThroatChop,SacredSword,PsychoCut|||M|||50|,,,,,Grass]Gholdengo||ChoiceSpecs|GoodasGold|MakeItRain,ShadowBall,PowerGem,Thunderbolt||||||50|,,,,,Steel]Whimsicott||CovertCloak|Prankster|Uturn,Moonblast,Encore,Tailwind|||M|||50|,,,,,Dark]Hydreigon||AssaultVest|Levitate|Uturn,Snarl,DarkPulse,DracoMeteor|||M|||50|,,,,,Ghost
|
|t:|1756336665
|teamsize|p1|4
|teamsize|p2|4
|start
|switch|p1a: Kingambit|Kingambit, L50, F|100/100
|switch|p1b: Electabuzz|Electabuzz, L50, M|100/100
|switch|p2a: Galantería|Gallade, L50, M, shiny|100/100
|switch|p2b: Servicial|Indeedee-F, L50, F|100/100
|-fieldstart|move: Psychic Terrain|[from] ability: Psychic Surge|[of] p2b: Servicial
|turn|1
|
|t:|1756336686
|move|p2b: Servicial|Helping Hand|p2a: Galantería
|-singleturn|p2a: Galantería|Helping Hand|[of] p2b: Servicial
|move|p1a: Kingambit|Protect|p1a: Kingambit
|-singleturn|p1a: Kingambit|Protect
|move|p1b: Electabuzz|Taunt|p2b: Servicial
|-start|p2b: Servicial|move: Taunt
|move|p2a: Galantería|Psycho Cut|p1b: Electabuzz
|-damage|p1b: Electabuzz|0 fnt
|faint|p1b: Electabuzz
|-damage|p2a: Galantería|91/100|[from] item: Life Orb
|
|upkeep
|
|t:|1756336698
|switch|p1b: Rillaboom|Rillaboom, L50, F|100/100
|-fieldstart|move: Grassy Terrain|[from] ability: Grassy Surge|[of] p1b: Rillaboom
|turn|2
|
|t:|1756336719
|switch|p2b: Meigallo|Whimsicott, L50, M, shiny|100/100
|move|p2a: Galantería|Protect|p2a: Galantería
|-singleturn|p2a: Galantería|Protect
|move|p1b: Rillaboom|Fake Out|p2a: Galantería
|-activate|p2a: Galantería|move: Protect
|move|p1a: Kingambit|Swords Dance|p1a: Kingambit
|-boost|p1a: Kingambit|atk|2
|
|-heal|p2a: Galantería|96/100|[from] Grassy Terrain
|upkeep
|turn|3
|
|t:|1756336741
|switch|p1b: Sneasler|Sneasler, L50, M|100/100
|move|p1a: Kingambit|Protect|p1a: Kingambit
|-singleturn|p1a: Kingambit|Protect
|move|p2b: Meigallo|Moonblast|p1b: Sneasler
|-damage|p1b: Sneasler|62/100
|move|p2a: Galantería|Sacred Sword|p1b: Sneasler
|-resisted|p1b: Sneasler
|-damage|p1b: Sneasler|0 fnt
|faint|p1b: Sneasler
|-damage|p2a: Galantería|87/100|[from] item: Life Orb
|
|-heal|p2a: Galantería|92/100|[from] Grassy Terrain
|upkeep
|
|t:|1756336754
|switch|p1b: Rillaboom|Rillaboom, L50, F|100/100
|turn|4
|
|t:|1756336768
|switch|p2b: Servicial|Indeedee-F, L50, F|100/100
|-fieldstart|move: Psychic Terrain|[from] ability: Psychic Surge|[of] p2b: Servicial
|-terastallize|p1a: Kingambit|Dark
|move|p1b: Rillaboom|Fake Out|p2a: Galantería
|-activate|p2a: Galantería|move: Psychic Terrain
|move|p2a: Galantería|Sacred Sword|p1a: Kingambit
|-supereffective|p1a: Kingambit
|-damage|p1a: Kingambit|0 fnt
|faint|p1a: Kingambit
|-damage|p2a: Galantería|82/100|[from] item: Life Orb
|
|upkeep
|turn|5
|-message|five_loko_gold forfeited.
|
|win|moth.o
|l|☆five_loko_gold
|player|p1|
||five_loko_gold is ready for game 3.
||moth.o is ready for game 3.
|uhtml|next|Next: Game 3 of 3
|l|☆moth.o
|player|p2|
|j|☆moth.o
|player|p2|moth.o|roxie|
