|j|☆lettitripppp
|j|☆WhatsUpkeep
|html|lettitrippppWhatsUpkeep    
|uhtml|bestof|Game 3 of a best-of-3
|t:|1785456319
|gametype|doubles
|player|p1|lettitripppp|lucas|1160
|player|p2|WhatsUpkeep|backersf|1078
|gen|9
|tier|[Gen 9 Champions] VGC 2026 Reg M-B (Bo3)
|rated|
|rule|Species Clause: Limit one of each Pokémon
|rule|Item Clause: Limit 1 of each item
|clearpoke
|poke|p1|Charizard, L50, M|
|poke|p1|Glimmora, L50, F|
|poke|p1|Ninetales-Alola, L50, M|
|poke|p1|Whimsicott, L50, F|
|poke|p1|Kingambit, L50, F, shiny|
|poke|p1|Kommo-o, L50, F|
|poke|p2|Ninetales-Alola, L50, F|
|poke|p2|Kingambit, L50, M|
|poke|p2|Glimmora, L50, F|
|poke|p2|Kommo-o, L50, M|
|poke|p2|Whimsicott, L50, F|
|poke|p2|Basculegion, L50, M|
|teampreview|4
|showteam|p1|Charizard||CharizarditeY|Blaze|WeatherBall,SolarBeam,HeatWave,Protect|Modest||M|||50|]Glimmora||Glimmoranite|ToxicDebris|SludgeBomb,EarthPower,PowerGem,SpikyShield|Timid||F|||50|]Ninetales-Alola||NeverMeltIce|SnowWarning|FreezeDry,Blizzard,Disable,Protect|Timid||M|||50|]Whimsicott||FocusSash|Prankster|Moonblast,Tailwind,Encore,Protect|Timid||F|||50|]Kingambit||BlackGlasses|Defiant|KowtowCleave,SuckerPunch,IronHead,Protect|Adamant||F|||50|]Kommo-o||LifeOrb|Overcoat|ClangingScales,VacuumWave,AuraSphere,Protect|Timid||F|||50|
|showteam|p2|Ninetales-Alola||NeverMeltIce|SnowWarning|Protect,Blizzard,FreezeDry,HelpingHand|Timid||F|||50|]Kingambit||ChopleBerry|Defiant|Protect,KowtowCleave,LowKick,SuckerPunch|Adamant||M|||50|]Glimmora||Glimmoranite|ToxicDebris|PowerGem,SludgeBomb,EarthPower,SpikyShield|Modest||F|||50|]Kommo-o||LifeOrb|Soundproof|AuraSphere,ClangingScales,VacuumWave,Protect|Modest||M|||50|]Whimsicott||FocusSash|Prankster|Protect,Moonblast,Tailwind,Encore|Timid||F|||50|]Basculegion||ChoiceScarf|Adaptability|WaveCrash,LastRespects,FlipTurn,AquaJet|Jolly||M|||50|
|inactive|Battle timer is ON: inactive players will automatically lose when time's up. (requested by lettitripppp)
|
|t:|1785456345
|teamsize|p1|4
|teamsize|p2|4
|start
|switch|p1a: SOULOLA|Kommo-o, L50, F|100/100
|switch|p1b: LETS GO GO|Whimsicott, L50, F|100/100
|switch|p2a: Kommo-o|Kommo-o, L50, M|100/100
|switch|p2b: Whimsicott|Whimsicott, L50, F|100/100
|turn|1
|inactive|WhatsUpkeep has 30 seconds left.
|
|t:|1785456375
|switch|p1a: SNOWRUMA|Ninetales-Alola, L50, M|100/100
|-weather|Snowscape|[from] ability: Snow Warning|[of] p1a: SNOWRUMA
|switch|p2a: Glimmora|Glimmora, L50, F|100/100
|move|p1b: LETS GO GO|Tailwind|p1b: LETS GO GO
|-sidestart|p1: lettitripppp|move: Tailwind
|move|p2b: Whimsicott|Moonblast|p1a: SNOWRUMA
|-damage|p1a: SNOWRUMA|54/100
|
|-weather|Snowscape|[upkeep]
|upkeep
|turn|2
|inactive|WhatsUpkeep has 30 seconds left.
|
|t:|1785456403
|detailschange|p2a: Glimmora|Glimmora-Mega, L50, F
|-mega|p2a: Glimmora|Glimmora|Glimmoranite
|move|p1a: SNOWRUMA|Protect|p1a: SNOWRUMA
|-singleturn|p1a: SNOWRUMA|Protect
|move|p1b: LETS GO GO|Encore|p2b: Whimsicott
|-start|p2b: Whimsicott|Encore
|move|p2b: Whimsicott|Moonblast|p1b: LETS GO GO
|-damage|p1b: LETS GO GO|50/100y
|move|p2a: Glimmora|Sludge Bomb|p1a: SNOWRUMA
|-activate|p1a: SNOWRUMA|move: Protect
|
|-weather|Snowscape|[upkeep]
|upkeep
|turn|3
|inactive|WhatsUpkeep has 30 seconds left.
|inactive|WhatsUpkeep has 20 seconds left.
|inactive|WhatsUpkeep has 15 seconds left.
|
|t:|1785456445
|move|p1b: LETS GO GO|Moonblast|p2b: Whimsicott
|-damage|p2b: Whimsicott|51/100
|move|p1a: SNOWRUMA|Blizzard|p2b: Whimsicott|[spread] p2a,p2b
|-supereffective|p2b: Whimsicott|1
|-damage|p2a: Glimmora|55/100
|-damage|p2b: Whimsicott|0 fnt
|faint|p2b: Whimsicott
|move|p2a: Glimmora|Power Gem|p1a: SNOWRUMA
|-supereffective|p1a: SNOWRUMA|1
|-damage|p1a: SNOWRUMA|0 fnt
|faint|p1a: SNOWRUMA
|
|-weather|Snowscape|[upkeep]
|upkeep
|
|t:|1785456463
|switch|p2b: Kommo-o|Kommo-o, L50, M|100/100
|switch|p1a: SOULOLA|Kommo-o, L50, F|100/100
|turn|4
|
|t:|1785456486
|switch|p2b: Basculegion|Basculegion, L50, M|100/100
|move|p1b: LETS GO GO|Moonblast|p2a: Glimmora
|-resisted|p2a: Glimmora|1
|-damage|p2a: Glimmora|40/100
|move|p1a: SOULOLA|Clanging Scales|p2b: Basculegion|[spread] p2a,p2b
|-damage|p2a: Glimmora|0 fnt
|-damage|p2b: Basculegion|46/100
|faint|p2a: Glimmora
|-unboost|p1a: SOULOLA|def|1
|-damage|p1a: SOULOLA|90/100|[from] item: Life Orb
|
|-weather|Snowscape|[upkeep]
|-sideend|p1: lettitripppp|move: Tailwind
|upkeep
|
|t:|1785456490
|switch|p2a: Kommo-o|Kommo-o, L50, M|100/100
|turn|5
|
|t:|1785456512
|move|p1b: LETS GO GO|Tailwind|p1b: LETS GO GO
|-sidestart|p1: lettitripppp|move: Tailwind
|move|p1a: SOULOLA|Clanging Scales|p2a: Kommo-o|[spread] p2b
|-immune|p2a: Kommo-o|[from] ability: Soundproof
|-damage|p2b: Basculegion|0 fnt
|faint|p2b: Basculegion
|-unboost|p1a: SOULOLA|def|1
|-damage|p1a: SOULOLA|80/100|[from] item: Life Orb
|move|p2a: Kommo-o|Clanging Scales|p1b: LETS GO GO|[spread] p1a
|-immune|p1b: LETS GO GO
|-supereffective|p1a: SOULOLA|1
|-damage|p1a: SOULOLA|0 fnt
|faint|p1a: SOULOLA
|-unboost|p2a: Kommo-o|def|1
|-damage|p2a: Kommo-o|90/100|[from] item: Life Orb
|
|-weather|none
|upkeep
|-message|WhatsUpkeep forfeited.
|
|win|lettitripppp
|raw|lettitripppp's rating: 1160 → 1179(+19 for winning)
|raw|WhatsUpkeep's rating: 1078 → 1061(-17 for losing)
