|j|☆KMMULLER2020
|j|☆pranavg_oat
|html|KMMULLER2020pranavg_oat    
|uhtml|bestof|Game 3 of a best-of-3
|t:|1784017343
|gametype|doubles
|player|p1|KMMULLER2020|nate|1107
|player|p2|pranavg_oat|1|1101
|gen|9
|tier|[Gen 9 Champions] VGC 2026 Reg M-B (Bo3)
|rated|
|rule|Species Clause: Limit one of each Pokémon
|rule|Item Clause: Limit 1 of each item
|clearpoke
|poke|p1|Froslass, L50, F|
|poke|p1|Whimsicott, L50, F|
|poke|p1|Glimmora, L50, M|
|poke|p1|Garchomp, L50, F|
|poke|p1|Mawile, L50, M|
|poke|p1|Farigiraf, L50, M|
|poke|p2|Whimsicott, L50, F|
|poke|p2|Staraptor, L50, M|
|poke|p2|Garchomp, L50, M|
|poke|p2|Gholdengo, L50|
|poke|p2|Basculegion, L50, M|
|poke|p2|Kingambit, L50, F|
|teampreview|4
|showteam|p1|Froslass||Froslassite|CursedBody|Protect,AuroraVeil,ShadowBall,Blizzard|Timid||F|||50|]Whimsicott||FairyFeather|Prankster|Protect,Tailwind,Encore,Moonblast|Bold||F|||50|]Glimmora||FocusSash|ToxicDebris|SpikyShield,PowerGem,SludgeBomb,EarthPower|Modest||M|||50|]Garchomp||LifeOrb|RoughSkin|Protect,DragonClaw,StompingTantrum,RockSlide|Adamant||F|||50|]Mawile||Mawilite|Intimidate|Protect,PlayRough,IronHead,KnockOff|Adamant||M|||50|]Farigiraf||SitrusBerry|ArmorTail|TrickRoom,HelpingHand,TwinBeam,Thunderbolt|Relaxed||M|||50|
|showteam|p2|Whimsicott||FocusSash|Prankster|Charm,Tailwind,Moonblast,Taunt|Timid||F|||50|]Staraptor||Staraptite|Intimidate|CloseCombat,BraveBird,Protect,Roost|Jolly||M|||50|]Garchomp||YacheBerry|RoughSkin|Earthquake,StompingTantrum,Protect,RockSlide|Jolly||M|||50|]Gholdengo||LifeOrb|GoodasGold|MakeItRain,ShadowBall,PowerGem,Protect|Modest|||||50|]Basculegion||MysticWater|Adaptability|WaveCrash,LastRespects,AquaJet,Protect|Adamant||M|||50|]Kingambit||BlackGlasses|Defiant|SuckerPunch,KowtowCleave,IronHead,Protect|Brave||F|||50|
|inactive|Battle timer is ON: inactive players will automatically lose when time's up. (requested by KMMULLER2020)
|c|☆KMMULLER2020|g2, gg
|c|☆pranavg_oat|glhf
|
|t:|1784017371
|teamsize|p1|4
|teamsize|p2|4
|start
|switch|p1a: Garchomp|Garchomp, L50, F|100/100
|switch|p1b: Farigiraf|Farigiraf, L50, M|100/100
|switch|p2a: Kingambit|Kingambit, L50, F|100/100
|switch|p2b: Basculegion|Basculegion, L50, M|100/100
|turn|1
|
|t:|1784017391
|move|p1b: Farigiraf|Helping Hand|p1a: Garchomp
|-singleturn|p1a: Garchomp|Helping Hand|[of] p1b: Farigiraf
|move|p2a: Kingambit|Protect|p2a: Kingambit
|-singleturn|p2a: Kingambit|Protect
|move|p1a: Garchomp|Dragon Claw|p2b: Basculegion
|-crit|p2b: Basculegion
|-damage|p2b: Basculegion|0 fnt
|faint|p2b: Basculegion
|-damage|p1a: Garchomp|90/100|[from] item: Life Orb
|
|upkeep
|
|t:|1784017405
|switch|p2b: Staraptor|Staraptor, L50, M|100/100
|-ability|p2b: Staraptor|Intimidate|boost
|-unboost|p1a: Garchomp|atk|1
|-unboost|p1b: Farigiraf|atk|1
|turn|2
|inactive|KMMULLER2020 has 30 seconds left.
|inactive|KMMULLER2020 has 20 seconds left.
|inactive|KMMULLER2020 has 15 seconds left.
|inactive|KMMULLER2020 has 10 seconds left.
|
|t:|1784017451
|detailschange|p2b: Staraptor|Staraptor-Mega, L50, M
|-mega|p2b: Staraptor|Staraptor|Staraptite
|move|p2b: Staraptor|Close Combat|p1b: Farigiraf
|-damage|p1b: Farigiraf|53/100
|-boost|p2b: Staraptor|def|1
|-boost|p2b: Staraptor|spd|1
|move|p1a: Garchomp|Stomping Tantrum|p2a: Kingambit
|-supereffective|p2a: Kingambit|1
|-damage|p2a: Kingambit|42/100
|-damage|p1a: Garchomp|80/100|[from] item: Life Orb
|move|p2a: Kingambit|Kowtow Cleave|p1a: Garchomp
|-damage|p1a: Garchomp|24/100
|-damage|p2a: Kingambit|29/100|[from] ability: Rough Skin|[of] p1a: Garchomp
|move|p1b: Farigiraf|Trick Room|p1b: Farigiraf
|-fieldstart|move: Trick Room|[of] p1b: Farigiraf
|
|upkeep
|turn|3
|
|t:|1784017472
|move|p2a: Kingambit|Kowtow Cleave|p1b: Farigiraf
|-supereffective|p1b: Farigiraf|1
|-damage|p1b: Farigiraf|0 fnt
|faint|p1b: Farigiraf
|move|p1a: Garchomp|Stomping Tantrum|p2a: Kingambit
|-supereffective|p2a: Kingambit|1
|-damage|p2a: Kingambit|0 fnt
|faint|p2a: Kingambit
|-damage|p1a: Garchomp|15/100|[from] item: Life Orb
|move|p2b: Staraptor|Close Combat|p1a: Garchomp
|-damage|p1a: Garchomp|0 fnt
|-boost|p2b: Staraptor|def|1
|-boost|p2b: Staraptor|spd|1
|-damage|p2b: Staraptor|87/100|[from] ability: Rough Skin|[of] p1a: Garchomp
|faint|p1a: Garchomp
|
|upkeep
|
|t:|1784017490
|switch|p2a: Whimsicott|Whimsicott, L50, F|100/100
|switch|p1b: Glimmora|Glimmora, L50, M|100/100
|switch|p1a: Mawile|Mawile, L50, M|100/100
|-ability|p1a: Mawile|Intimidate|boost
|-unboost|p2a: Whimsicott|atk|1
|-boost|p2b: Staraptor|atk|1
|turn|4
|
|t:|1784017513
|detailschange|p1a: Mawile|Mawile-Mega, L50, M
|-mega|p1a: Mawile|Mawile|Mawilite
|move|p2b: Staraptor|Protect|p2b: Staraptor
|-singleturn|p2b: Staraptor|Protect
|move|p2a: Whimsicott|Taunt|p1b: Glimmora
|-start|p1b: Glimmora|move: Taunt
|move|p1a: Mawile|Play Rough|p2b: Staraptor
|-activate|p2b: Staraptor|move: Protect
|move|p1b: Glimmora|Sludge Bomb|p2b: Staraptor
|-activate|p2b: Staraptor|move: Protect
|
|upkeep
|turn|5
|inactive|KMMULLER2020 has 30 seconds left.
|inactive|pranavg_oat has 30 seconds left.
|
|t:|1784017541
|move|p2a: Whimsicott|Taunt|p1a: Mawile
|-start|p1a: Mawile|move: Taunt
|move|p1a: Mawile|Play Rough|p2b: Staraptor|[miss]
|-miss|p1a: Mawile|p2b: Staraptor
|move|p1b: Glimmora|Sludge Bomb|p2b: Staraptor
|-damage|p2b: Staraptor|56/100
|-status|p2b: Staraptor|psn
|move|p2b: Staraptor|Close Combat|p1b: Glimmora
|-enditem|p1b: Glimmora|Focus Sash
|-damage|p1b: Glimmora|1/100
|-boost|p2b: Staraptor|def|1
|-boost|p2b: Staraptor|spd|1
|-activate|p1b: Glimmora|ability: Toxic Debris
|-sidestart|p2: pranavg_oat|move: Toxic Spikes
|
|-damage|p2b: Staraptor|43/100 psn|[from] psn
|upkeep
|turn|6
|
|t:|1784017563
|move|p2b: Staraptor|Protect|p2b: Staraptor
|-singleturn|p2b: Staraptor|Protect
|move|p2a: Whimsicott|Tailwind|p2a: Whimsicott
|-sidestart|p2: pranavg_oat|move: Tailwind
|move|p1a: Mawile|Iron Head|p2a: Whimsicott
|-supereffective|p2a: Whimsicott|1
|-enditem|p2a: Whimsicott|Focus Sash
|-damage|p2a: Whimsicott|1/100
|move|p1b: Glimmora|Sludge Bomb|p2a: Whimsicott
|-supereffective|p2a: Whimsicott|2
|-damage|p2a: Whimsicott|0 fnt
|faint|p2a: Whimsicott
|
|-damage|p2b: Staraptor|31/100 psn|[from] psn
|-end|p1b: Glimmora|move: Taunt
|-fieldend|move: Trick Room
|upkeep
|turn|7
|inactive|pranavg_oat has 30 seconds left.
|
|t:|1784017590
|move|p2b: Staraptor|Roost|p2b: Staraptor
|-heal|p2b: Staraptor|81/100 psn
|-singleturn|p2b: Staraptor|move: Roost
|move|p1b: Glimmora|Sludge Bomb|p2b: Staraptor
|-damage|p2b: Staraptor|54/100 psn
|move|p1a: Mawile|Play Rough|p2b: Staraptor
|-supereffective|p2b: Staraptor|1
|-damage|p2b: Staraptor|0 fnt
|faint|p2b: Staraptor
|
|win|KMMULLER2020
|raw|KMMULLER2020's rating: 1107 → 1132(+25 for winning)
|raw|pranavg_oat's rating: 1101 → 1076(-25 for losing)
|c|☆KMMULLER2020|gg
|c|☆pranavg_oat|gg
|c|☆KMMULLER2020|really well played
|c|☆pranavg_oat|u too
|c|☆pranavg_oat|great game
|l|☆pranavg_oat
|player|p2|
|c|☆KMMULLER2020|had my blood running cold too many times
