|j|☆Alysa Liu
|j|☆Notaplaceofhonor
|html|Alysa LiuNotaplaceofhonor    
|uhtml|bestof|Game 2 of a best-of-3
|t:|1754597531
|gametype|doubles
|player|p1|Alysa Liu|lady|1239
|player|p2|Notaplaceofhonor|juan-gen3|1127
|gen|9
|tier|[Gen 9] VGC 2025 Reg H (Bo3)
|rated|
|rule|Species Clause: Limit one of each Pokémon
|rule|Item Clause: Limit 1 of each item
|clearpoke
|poke|p1|Dachsbun, L50, M|
|poke|p1|Typhlosion-Hisui, L50, M|
|poke|p1|Whimsicott, L50, M|
|poke|p1|Torkoal, L50, F|
|poke|p1|Lilligant-Hisui, L50, F|
|poke|p1|Farigiraf, L50, M|
|poke|p2|Ursaluna-Bloodmoon, L50, M|
|poke|p2|Sneasler, L50, F|
|poke|p2|Incineroar, L50, F|
|poke|p2|Gholdengo, L50|
|poke|p2|Dragonite, L50, M|
|poke|p2|Talonflame, L50, F|
|teampreview|4
|showteam|p1|Dachsbun||Leftovers|WellBakedBody|BodyPress,Snarl,HelpingHand,Protect|||M|||50|,,,,,Steel]Typhlosion-Hisui||ChoiceSpecs|Blaze|Eruption,HeatWave,ShadowBall,LavaPlume|||M|||50|,,,,,Fire]Whimsicott||CovertCloak|Prankster|Moonblast,Tailwind,SunnyDay,Encore|||M|||50|,,,,,Steel]Torkoal||AssaultVest|Drought|Eruption,LavaPlume,BodyPress,Fissure|||F|||50|,,,,,Grass]Lilligant-Hisui||FocusSash|Chlorophyll|SolarBlade,CloseCombat,SleepPowder,AfterYou|||F|||50|,,,,,Ghost]Farigiraf||ThroatSpray|ArmorTail|HyperVoice,Psychic,TrickRoom,Imprison|||M|||50|,,,,,Normal
|showteam|p2|Ursaluna-Bloodmoon||LifeOrb|MindsEye|BloodMoon,HyperVoice,EarthPower,Protect|||M|||50|,,,,,Normal]Sneasler||FocusSash|Unburden|DireClaw,CloseCombat,FakeOut,Protect|||F|||50|,,,,,Stellar]Incineroar||AssaultVest|Intimidate|FakeOut,KnockOff,Uturn,Snarl|||F|||50|,,,,,Water]Gholdengo||ChoiceSpecs|GoodasGold|MakeItRain,ShadowBall,PowerGem,Trick||||||50|,,,,,Steel]Dragonite||LoadedDice|InnerFocus|ScaleShot,ExtremeSpeed,TeraBlast,Protect|||M|||50|,,,,,Flying]Talonflame||CovertCloak|GaleWings|FlareBlitz,BraveBird,Tailwind,WillOWisp|||F|||50|,,,,,Stellar
|inactive|Battle timer is ON: inactive players will automatically lose when time's up. (requested by Alysa Liu)
|
|t:|1754597556
|teamsize|p1|4
|teamsize|p2|4
|start
|switch|p1a: Typhlosion|Typhlosion-Hisui, L50, M|100/100
|switch|p1b: Whimsicott|Whimsicott, L50, M|100/100
|switch|p2a: Gholdengo|Gholdengo, L50|100/100
|switch|p2b: Talonflame|Talonflame, L50, F|100/100
|turn|1
|
|t:|1754597572
|-terastallize|p1b: Whimsicott|Steel
|move|p2b: Talonflame|Brave Bird|p1a: Typhlosion
|-damage|p1a: Typhlosion|36/100
|-damage|p2b: Talonflame|80/100|[from] Recoil
|move|p1b: Whimsicott|Tailwind|p1b: Whimsicott
|-sidestart|p1: Alysa Liu|move: Tailwind
|move|p1a: Typhlosion|Heat Wave|p2a: Gholdengo|[spread] p2b
|-miss|p1a: Typhlosion|p2a: Gholdengo
|-resisted|p2b: Talonflame
|-damage|p2b: Talonflame|39/100
|move|p2a: Gholdengo|Make It Rain|p1b: Whimsicott|[spread] p1a,p1b
|-resisted|p1a: Typhlosion
|-resisted|p1b: Whimsicott
|-damage|p1a: Typhlosion|0 fnt
|-damage|p1b: Whimsicott|50/100
|-unboost|p2a: Gholdengo|spa|1
|faint|p1a: Typhlosion
|
|upkeep
|
|t:|1754597583
|switch|p1a: Lilligant|Lilligant-Hisui, L50, F|100/100
|turn|2
|
|t:|1754597596
|switch|p1b: Torkoal|Torkoal, L50, F|100/100
|-weather|SunnyDay|[from] ability: Drought|[of] p1b: Torkoal
|switch|p2a: Dragonite|Dragonite, L50, M|100/100
|move|p1a: Lilligant|Close Combat|p2b: Talonflame
|-resisted|p2b: Talonflame
|-damage|p2b: Talonflame|0 fnt
|-unboost|p1a: Lilligant|def|1
|-unboost|p1a: Lilligant|spd|1
|faint|p2b: Talonflame
|
|-weather|SunnyDay|[upkeep]
|upkeep
|
|t:|1754597608
|switch|p2b: Sneasler|Sneasler, L50, F|100/100
|turn|3
|
|t:|1754597620
|-terastallize|p2a: Dragonite|Flying
|move|p2b: Sneasler|Fake Out|p1a: Lilligant
|-damage|p1a: Lilligant|66/100
|cant|p1a: Lilligant|flinch
|move|p2a: Dragonite|Tera Blast|p1a: Lilligant|[anim] Tera Blast Flying
|-supereffective|p1a: Lilligant
|-damage|p1a: Lilligant|0 fnt
|faint|p1a: Lilligant
|move|p1b: Torkoal|Body Press|p2b: Sneasler
|-resisted|p2b: Sneasler
|-damage|p2b: Sneasler|75/100
|
|-weather|SunnyDay|[upkeep]
|upkeep
|
|t:|1754597624
|switch|p1a: Whimsicott|Whimsicott, L50, M, tera:Steel|50/100
|turn|4
|
|t:|1754597634
|move|p2b: Sneasler|Protect|p2b: Sneasler
|-singleturn|p2b: Sneasler|Protect
|move|p2a: Dragonite|Protect|p2a: Dragonite
|-singleturn|p2a: Dragonite|Protect
|move|p1a: Whimsicott|Moonblast|p2b: Sneasler
|-activate|p2b: Sneasler|move: Protect
|move|p1b: Torkoal|Eruption|p2b: Sneasler|[spread] 
|-activate|p2a: Dragonite|move: Protect
|-activate|p2b: Sneasler|move: Protect
|
|-weather|SunnyDay|[upkeep]
|-sideend|p1: Alysa Liu|move: Tailwind
|upkeep
|turn|5
|
|t:|1754597648
|move|p1a: Whimsicott|Encore|p2b: Sneasler
|-start|p2b: Sneasler|Encore
|move|p2b: Sneasler|Protect||[still]
|-fail|p2b: Sneasler
|move|p2a: Dragonite|Tera Blast|p1b: Torkoal|[anim] Tera Blast Flying
|-damage|p1b: Torkoal|58/100
|move|p1b: Torkoal|Eruption|p2a: Dragonite|[spread] p2a,p2b
|-damage|p2a: Dragonite|68/100
|-damage|p2b: Sneasler|33/100
|
|-weather|SunnyDay|[upkeep]
|upkeep
|turn|6
|
|t:|1754597671
|move|p2b: Sneasler|Protect|p2b: Sneasler
|-singleturn|p2b: Sneasler|Protect
|move|p1a: Whimsicott|Moonblast|p2a: Dragonite
|-damage|p2a: Dragonite|37/100
|-unboost|p2a: Dragonite|spa|1
|move|p2a: Dragonite|Tera Blast|p1b: Torkoal|[anim] Tera Blast Flying
|-damage|p1b: Torkoal|11/100
|move|p1b: Torkoal|Eruption|p2a: Dragonite|[spread] p2a
|-activate|p2b: Sneasler|move: Protect
|-damage|p2a: Dragonite|32/100
|
|-weather|none
|upkeep
|turn|7
|
|t:|1754597690
|switch|p2b: Gholdengo|Gholdengo, L50|100/100
|move|p2a: Dragonite|Extreme Speed|p1b: Torkoal
|-damage|p1b: Torkoal|0 fnt
|faint|p1b: Torkoal
|move|p1a: Whimsicott|Moonblast|p2a: Dragonite
|-damage|p2a: Dragonite|1/100
|
|upkeep
|turn|8
|-message|Alysa Liu forfeited.
|
|win|Notaplaceofhonor
|raw|Alysa Liu's rating: 1239 → 1206(-33 for losing)
|raw|Notaplaceofhonor's rating: 1127 → 1160(+33 for winning)
