|j|☆beapboop
|j|☆ruddyreboot
|html|beapboopruddyreboot    
|uhtml|bestof|Game 2 of a best-of-3
|t:|1757676488
|gametype|doubles
|player|p1|beapboop|crasherwake|1220
|player|p2|ruddyreboot|crasherwake|1173
|gen|9
|tier|[Gen 9] VGC 2025 Reg H (Bo3)
|rated|
|rule|Species Clause: Limit one of each Pokémon
|rule|Item Clause: Limit 1 of each item
|clearpoke
|poke|p1|Dragonite, L50, M|
|poke|p1|Talonflame, L50, F|
|poke|p1|Glimmora, L50, M|
|poke|p1|Tatsugiri, L50, M|
|poke|p1|Dondozo, L50, M|
|poke|p1|Gholdengo, L50|
|poke|p2|Tsareena, L50, F|
|poke|p2|Sneasler, L50, F|
|poke|p2|Ursaluna-Bloodmoon, L50, M|
|poke|p2|Farigiraf, L50, F|
|poke|p2|Murkrow, L50, F|
|poke|p2|Gholdengo, L50|
|teampreview|4
|showteam|p1|Dragonite||ChoiceBand|InnerFocus|ExtremeSpeed,IceSpinner,AerialAce,Outrage|||M|||50|,,,,,Normal]Talonflame||CovertCloak|GaleWings|Tailwind,Taunt,BraveBird,WillOWisp|||F|||50|,,,,,Flying]Glimmora||PowerHerb|ToxicDebris|SludgeBomb,MeteorBeam,EarthPower,SpikyShield|||M|||50|,,,,,Grass]Tatsugiri||ChoiceScarf|Commander|DracoMeteor,MuddyWater,IcyWind,DragonPulse|||M|||50|,,,,,Water]Dondozo||Leftovers|Unaware|OrderUp,WaveCrash,Earthquake,Protect|||M|||50|,,,,,Grass]Gholdengo||MetalCoat|GoodasGold|MakeItRain,ShadowBall,NastyPlot,Protect||||||50|,,,,,Water
|showteam|p2|Tsareena||LoadedDice|QueenlyMajesty|TripleAxel,BulletSeed,Protect,Taunt|||F|||50|,,,,,Fire]Sneasler||FocusSash|Unburden|CloseCombat,DireClaw,Protect,ThroatChop|||F|||50|,,,,,Dark]Ursaluna-Bloodmoon||LifeOrb|MindsEye|Protect,BloodMoon,HyperVoice,EarthPower|||M|||50|,,,,,Ghost]Farigiraf||ThroatSpray|ArmorTail|Imprison,TrickRoom,ExpandingForce,HyperVoice|||F|||50|,,,,,Grass]Murkrow||Eviolite|Prankster|FoulPlay,Tailwind,Haze,Quash|||F|||50|,,,,,Ghost]Gholdengo||ChoiceSpecs|GoodasGold|MakeItRain,ShadowBall,Trick,PowerGem||||||50|,,,,,Steel
|inactive|Battle timer is ON: inactive players will automatically lose when time's up. (requested by ruddyreboot)
|
|t:|1757676510
|teamsize|p1|4
|teamsize|p2|4
|start
|switch|p1a: Talonflame|Talonflame, L50, F, shiny|100/100
|switch|p1b: Glimmora|Glimmora, L50, M, shiny|100/100
|switch|p2a: Tsareena|Tsareena, L50, F, shiny|100/100
|switch|p2b: Murkrow|Murkrow, L50, F|100/100
|turn|1
|inactive|beapboop has 30 seconds left.
|
|t:|1757676537
|move|p1a: Talonflame|Brave Bird||[still]
|cant|p2a: Tsareena|ability: Queenly Majesty|Brave Bird|[of] p1a: Talonflame
|move|p2b: Murkrow|Quash|p1b: Glimmora
|-activate|p1b: Glimmora|move: Quash
|move|p2a: Tsareena|Bullet Seed|p1b: Glimmora
|-damage|p1b: Glimmora|84/100
|-activate|p1b: Glimmora|ability: Toxic Debris
|-sidestart|p2: ruddyreboot|move: Toxic Spikes
|-damage|p1b: Glimmora|69/100
|-activate|p1b: Glimmora|ability: Toxic Debris
|-sidestart|p2: ruddyreboot|move: Toxic Spikes
|-damage|p1b: Glimmora|53/100
|-damage|p1b: Glimmora|38/100
|-damage|p1b: Glimmora|21/100
|-hitcount|p1b: Glimmora|5
|move|p1b: Glimmora|Meteor Beam||[still]
|-prepare|p1b: Glimmora|Meteor Beam
|-boost|p1b: Glimmora|spa|1
|-enditem|p1b: Glimmora|Power Herb
|-anim|p1b: Glimmora|Meteor Beam|p2b: Murkrow
|-supereffective|p2b: Murkrow
|-damage|p2b: Murkrow|0 fnt
|faint|p2b: Murkrow
|
|upkeep
|
|t:|1757676549
|switch|p2b: Gholdengo|Gholdengo, L50|100/100
|turn|2
|inactive|beapboop has 30 seconds left.
|
|t:|1757676576
|move|p2a: Tsareena|Protect|p2a: Tsareena
|-singleturn|p2a: Tsareena|Protect
|move|p1a: Talonflame|Tailwind|p1a: Talonflame
|-sidestart|p1: beapboop|move: Tailwind
|move|p1b: Glimmora|Earth Power|p2a: Tsareena
|-activate|p2a: Tsareena|move: Protect
|move|p2b: Gholdengo|Make It Rain|p1a: Talonflame|[spread] p1a,p1b
|-resisted|p1a: Talonflame
|-supereffective|p1b: Glimmora
|-damage|p1a: Talonflame|40/100
|-damage|p1b: Glimmora|0 fnt
|-unboost|p2b: Gholdengo|spa|1
|faint|p1b: Glimmora
|
|upkeep
|
|t:|1757676579
|switch|p1b: Dondozo|Dondozo, L50, M, shiny|100/100
|turn|3
|
|t:|1757676600
|switch|p1a: Tatsugiri|Tatsugiri, L50, M, shiny|100/100
|-activate|p1a: Tatsugiri|ability: Commander|[of] p1b: Dondozo
|-boost|p1b: Dondozo|atk|2
|-boost|p1b: Dondozo|spa|2
|-boost|p1b: Dondozo|spe|2
|-boost|p1b: Dondozo|def|2
|-boost|p1b: Dondozo|spd|2
|switch|p2b: Ursaluna|Ursaluna-Bloodmoon, L50, M|100/100
|-status|p2b: Ursaluna|tox
|-terastallize|p2a: Tsareena|Fire
|move|p1b: Dondozo|Earthquake|p2a: Tsareena|[spread] p2a,p2b
|-miss|p1b: Dondozo|p1a: Tatsugiri
|-supereffective|p2a: Tsareena
|-damage|p2a: Tsareena|0 fnt
|-damage|p2b: Ursaluna|64/100 tox
|faint|p2a: Tsareena
|
|-damage|p2b: Ursaluna|58/100 tox|[from] psn
|upkeep
|
|t:|1757676614
|switch|p2a: Gholdengo|Gholdengo, L50|100/100
|turn|4
|
|t:|1757676626
|move|p1b: Dondozo|Protect|p1b: Dondozo
|-singleturn|p1b: Dondozo|Protect
|move|p2b: Ursaluna|Protect|p2b: Ursaluna
|-singleturn|p2b: Ursaluna|Protect
|move|p2a: Gholdengo|Trick|p1b: Dondozo
|-activate|p1b: Dondozo|move: Protect
|
|-damage|p2b: Ursaluna|47/100 tox|[from] psn
|upkeep
|turn|5
|
|t:|1757676639
|move|p1b: Dondozo|Earthquake|p2b: Ursaluna|[spread] p2a,p2b
|-miss|p1b: Dondozo|p1a: Tatsugiri
|-supereffective|p2a: Gholdengo
|-damage|p2a: Gholdengo|0 fnt
|-damage|p2b: Ursaluna|12/100 tox
|faint|p2a: Gholdengo
|move|p2b: Ursaluna|Blood Moon|p1b: Dondozo
|-damage|p1b: Dondozo|47/100
|-damage|p2b: Ursaluna|3/100 tox|[from] item: Life Orb
|
|-heal|p1b: Dondozo|53/100|[from] item: Leftovers
|-damage|p2b: Ursaluna|0 fnt|[from] psn
|faint|p2b: Ursaluna
|
|win|beapboop
||ruddyreboot is ready for game 3.
|l|☆ruddyreboot
|player|p2|
|inactive|beapboop has 30 seconds to confirm battle start!
||beapboop is ready for game 3.
|uhtml|next|Next: Game 3 of 3
|l|☆beapboop
|player|p1|
