|j|☆somecanadian
|j|☆KodeBeast0526
|html|somecanadianKodeBeast0526    
|uhtml|bestof|Game 2 of a best-of-3
|t:|1783404449
|gametype|doubles
|player|p1|somecanadian|yellow|1000
|player|p2|KodeBeast0526|sailor|1161
|gen|9
|tier|[Gen 9 Champions] VGC 2026 Reg M-B (Bo3)
|rated|
|rule|Species Clause: Limit one of each Pokémon
|rule|Item Clause: Limit 1 of each item
|clearpoke
|poke|p1|Mamoswine, L50, M|
|poke|p1|Talonflame, L50, F|
|poke|p1|Glimmora, L50, F|
|poke|p1|Heliolisk, L50, M|
|poke|p1|Tinkaton, L50, F|
|poke|p1|Tsareena, L50, F|
|poke|p2|Gengar, L50, M|
|poke|p2|Swampert, L50, M|
|poke|p2|Incineroar, L50, M|
|poke|p2|Politoed, L50, F|
|poke|p2|Archaludon, L50, M|
|poke|p2|Vivillon-Ocean, L50, F|
|teampreview|4
|showteam|p1|Mamoswine||FocusSash|Oblivious|Earthquake,IceShard,IcicleCrash,Protect|Adamant||M|||50|]Talonflame||ChartiBerry|FlameBody|Tailwind,BraveBird,FlareBlitz,QuickAttack|Jolly||F|||50|]Glimmora||Glimmoranite|ToxicDebris|PowerGem,SludgeBomb,EarthPower,Protect|Timid||F|||50|]Heliolisk||LifeOrb|DrySkin|Electroweb,HyperVoice,FocusBlast,AllySwitch|Timid||M|||50|]Tinkaton||SitrusBerry|MoldBreaker|FakeOut,GigatonHammer,Encore,Protect|Jolly||F|||50|]Tsareena||ChoiceScarf|QueenlyMajesty|HighJumpKick,TripleAxel,Uturn,PowerWhip|Jolly||F|||50|
|showteam|p2|Gengar||Gengarite|CursedBody|ShadowBall,PerishSong,SludgeBomb,Protect|Timid||M|||50|]Swampert||Swampertite|Torrent|WaveCrash,Earthquake,IcePunch,Protect|Adamant||M|||50|]Incineroar||PasshoBerry|Intimidate|ThroatChop,PartingShot,FakeOut,Protect|Sassy||M|||50|]Politoed||SitrusBerry|Drizzle|WeatherBall,PerishSong,Encore,Protect|Calm||F|||50|]Archaludon||Leftovers|Stamina|DragonPulse,FlashCannon,ElectroShot,Protect|Bold||M|||50|]Vivillon-Ocean||FocusSash|CompoundEyes|Hurricane,SleepPowder,RagePowder,Protect|Timid||F|||50|
|
|t:|1783404467
|teamsize|p1|4
|teamsize|p2|4
|start
|switch|p1a: Talonflame|Talonflame, L50, F|100/100
|switch|p1b: Mamoswine|Mamoswine, L50, M|100/100
|switch|p2a: Politoed|Politoed, L50, F|100/100
|switch|p2b: Swampert|Swampert, L50, M|100/100
|-weather|RainDance|[from] ability: Drizzle|[of] p2a: Politoed
|turn|1
|inactive|Battle timer is ON: inactive players will automatically lose when time's up. (requested by somecanadian)
|
|t:|1783404494
|switch|p1a: Tsareena|Tsareena, L50, F|100/100
|switch|p1b: Heliolisk|Heliolisk, L50, M|100/100
|switch|p2b: Archaludon|Archaludon, L50, M|100/100
|move|p2a: Politoed|Weather Ball|p1b: Heliolisk
|-immune|p1b: Heliolisk|[from] ability: Dry Skin
|
|-weather|RainDance|[upkeep]
|upkeep
|turn|2
|inactive|KodeBeast0526 has 30 seconds left.
|
|t:|1783404522
|move|p1b: Heliolisk|Ally Switch|p1b: Heliolisk
|swap|p1b: Heliolisk|0|[from] move: Ally Switch
|move|p1b: Tsareena|U-turn|p2a: Politoed
|-damage|p2a: Politoed|81/100
|
|t:|1783404525
|switch|p1b: Talonflame|Talonflame, L50, F|100/100|[from] U-turn
|move|p2b: Archaludon|Dragon Pulse|p1b: Talonflame
|-damage|p1b: Talonflame|47/100
|move|p2a: Politoed|Perish Song|p2a: Politoed
|-start|p1a: Heliolisk|perish3|[silent]
|-start|p1b: Talonflame|perish3|[silent]
|-start|p2a: Politoed|perish3|[silent]
|-start|p2b: Archaludon|perish3|[silent]
|-fieldactivate|move: Perish Song
|
|-weather|RainDance|[upkeep]
|-start|p1b: Talonflame|perish3
|-start|p1a: Heliolisk|perish3
|-start|p2b: Archaludon|perish3
|-start|p2a: Politoed|perish3
|upkeep
|turn|3
|
|t:|1783404539
|switch|p2a: Swampert|Swampert, L50, M|100/100
|move|p1b: Talonflame|Tailwind|p1b: Talonflame
|-sidestart|p1: somecanadian|move: Tailwind
|move|p1a: Heliolisk|Focus Blast|p2b: Archaludon
|-supereffective|p2b: Archaludon|1
|-damage|p2b: Archaludon|3/100
|-ability|p2b: Archaludon|Stamina|boost
|-boost|p2b: Archaludon|def|1
|-damage|p1a: Heliolisk|90/100|[from] item: Life Orb
|move|p2b: Archaludon|Electro Shot||[still]
|-prepare|p2b: Archaludon|Electro Shot
|-boost|p2b: Archaludon|spa|1
|-anim|p2b: Archaludon|Electro Shot|p1b: Talonflame
|-supereffective|p1b: Talonflame|1
|-damage|p1b: Talonflame|0 fnt
|faint|p1b: Talonflame
|
|-weather|RainDance|[upkeep]
|-heal|p1a: Heliolisk|100/100|[from] ability: Dry Skin
|-heal|p2b: Archaludon|9/100|[from] item: Leftovers
|-start|p1a: Heliolisk|perish2
|-start|p2b: Archaludon|perish2
|upkeep
|
|t:|1783404551
|switch|p1b: Tsareena|Tsareena, L50, F|100/100
|turn|4
|
|t:|1783404562
|switch|p2b: Vivillon|Vivillon-Ocean, L50, F|100/100
|move|p2a: Swampert|Protect|p2a: Swampert
|-singleturn|p2a: Swampert|Protect
|move|p1b: Tsareena|Power Whip|p2a: Swampert
|-activate|p2a: Swampert|move: Protect
|move|p1a: Heliolisk|Hyper Voice|p2a: Swampert|[spread] p2b
|-activate|p2a: Swampert|move: Protect
|-damage|p2b: Vivillon|17/100
|-damage|p1a: Heliolisk|90/100|[from] item: Life Orb
|
|-weather|RainDance|[upkeep]
|-heal|p1a: Heliolisk|100/100|[from] ability: Dry Skin
|-start|p1a: Heliolisk|perish1
|upkeep
|turn|5
|
|t:|1783404578
|switch|p1a: Mamoswine|Mamoswine, L50, M|100/100
|switch|p2a: Archaludon|Archaludon, L50, M|9/100
|move|p1b: Tsareena|Power Whip|p2a: Archaludon|[miss]
|-miss|p1b: Tsareena|p2a: Archaludon
|move|p2b: Vivillon|Hurricane|p1b: Tsareena
|-supereffective|p1b: Tsareena|1
|-damage|p1b: Tsareena|0 fnt
|faint|p1b: Tsareena
|
|-weather|none
|-heal|p2a: Archaludon|15/100|[from] item: Leftovers
|upkeep
|
|t:|1783404582
|switch|p1b: Heliolisk|Heliolisk, L50, M|100/100
|turn|6
|
|t:|1783404604
|switch|p2b: Politoed|Politoed, L50, F|81/100
|-weather|RainDance|[from] ability: Drizzle|[of] p2b: Politoed
|move|p1a: Mamoswine|Ice Shard|p2b: Politoed
|-resisted|p2b: Politoed|1
|-damage|p2b: Politoed|69/100
|move|p1b: Heliolisk|Electroweb|p2a: Archaludon|[spread] p2a,p2b
|-resisted|p2a: Archaludon|1
|-supereffective|p2b: Politoed|1
|-damage|p2a: Archaludon|1/100
|-damage|p2b: Politoed|28/100
|-unboost|p2a: Archaludon|spe|1
|-unboost|p2b: Politoed|spe|1
|-ability|p2a: Archaludon|Stamina|boost
|-boost|p2a: Archaludon|def|1
|-enditem|p2b: Politoed|Sitrus Berry|[eat]
|-heal|p2b: Politoed|53/100|[from] item: Sitrus Berry
|-damage|p1b: Heliolisk|90/100|[from] item: Life Orb
|move|p2a: Archaludon|Flash Cannon|p1a: Mamoswine
|-supereffective|p1a: Mamoswine|1
|-damage|p1a: Mamoswine|6/100
|
|-weather|RainDance|[upkeep]
|-heal|p1b: Heliolisk|100/100|[from] ability: Dry Skin
|-heal|p2a: Archaludon|7/100|[from] item: Leftovers
|-sideend|p1: somecanadian|move: Tailwind
|upkeep
|turn|7
|
|t:|1783404623
|move|p1b: Heliolisk|Ally Switch|p1b: Heliolisk
|swap|p1b: Heliolisk|0|[from] move: Ally Switch
|move|p1b: Mamoswine|Ice Shard|p2a: Archaludon
|-damage|p2a: Archaludon|0 fnt
|faint|p2a: Archaludon
|move|p2b: Politoed|Perish Song|p2b: Politoed
|-start|p1a: Heliolisk|perish3|[silent]
|-start|p1b: Mamoswine|perish3|[silent]
|-start|p2b: Politoed|perish3|[silent]
|-fieldactivate|move: Perish Song
|
|-weather|RainDance|[upkeep]
|-start|p1a: Heliolisk|perish3
|-start|p1b: Mamoswine|perish3
|-start|p2b: Politoed|perish3
|upkeep
|
|t:|1783404627
|switch|p2a: Swampert|Swampert, L50, M|100/100
|turn|8
|
|t:|1783404633
|switch|p2b: Vivillon|Vivillon-Ocean, L50, F|17/100
|detailschange|p2a: Swampert|Swampert-Mega, L50, M
|-mega|p2a: Swampert|Swampert|Swampertite
|move|p1b: Mamoswine|Protect|p1b: Mamoswine
|-singleturn|p1b: Mamoswine|Protect
|move|p2a: Swampert|Earthquake|p1b: Mamoswine|[spread] p1a
|-activate|p1b: Mamoswine|move: Protect
|-immune|p2b: Vivillon
|-supereffective|p1a: Heliolisk|1
|-damage|p1a: Heliolisk|0 fnt
|faint|p1a: Heliolisk
|
|-weather|RainDance|[upkeep]
|-start|p1b: Mamoswine|perish2
|upkeep
|turn|9
|-message|somecanadian forfeited.
|
|win|KodeBeast0526
|raw|somecanadian's rating: 1000 → 1000(+0 for losing)
|raw|KodeBeast0526's rating: 1161 → 1175(+14 for winning)
|l|☆somecanadian
|player|p1|
