|j|☆asmodeo666
|j|☆liellastan
|html|asmodeo666liellastan    
|uhtml|bestof|Game 2 of a best-of-3
|t:|1757628174
|gametype|doubles
|player|p1|asmodeo666|266|1200
|player|p2|liellastan|102|1207
|gen|9
|tier|[Gen 9] VGC 2025 Reg H (Bo3)
|rated|
|rule|Species Clause: Limit one of each Pokémon
|rule|Item Clause: Limit 1 of each item
|clearpoke
|poke|p1|Riolu, L50, M|
|poke|p1|Ceruledge, L50, M|
|poke|p1|Rillaboom, L50, F|
|poke|p1|Dragonite, L50, F|
|poke|p1|Gholdengo, L50|
|poke|p1|Maushold, L50|
|poke|p2|Amoonguss, L50, F|
|poke|p2|Gholdengo, L50|
|poke|p2|Ursaluna-Bloodmoon, L50, M|
|poke|p2|Incineroar, L50, F|
|poke|p2|Sneasler, L50, F|
|poke|p2|Dragonite, L50, F|
|teampreview|4
|showteam|p1|Riolu||FocusSash|Prankster|Coaching,CloseCombat,SunnyDay,Protect|||M|||50|,,,,,Ghost]Ceruledge||ClearAmulet|FlashFire|BitterBlade,ShadowSneak,CloseCombat,Protect|||M|||50|,,,,,Bug]Rillaboom||AssaultVest|GrassySurge|FakeOut,GrassyGlide,WoodHammer,Uturn|||F|||50|,,,,,Fire]Dragonite||LoadedDice|InnerFocus|ScaleShot,ExtremeSpeed,Tailwind,Protect|||F|||50|,,,,,Steel]Gholdengo||LifeOrb|GoodasGold|MakeItRain,ShadowBall,NastyPlot,Protect||||||50|,,,,,Water]Maushold||SafetyGoggles|FriendGuard|FollowMe,Encore,SuperFang,Protect||||||50|,,,,,Ghost
|showteam|p2|Amoonguss||SitrusBerry|Regenerator|PollenPuff,Spore,RagePowder,Protect|||F|||50|,,,,,Psychic]Gholdengo||LifeOrb|GoodasGold|MakeItRain,ShadowBall,NastyPlot,Protect||||||50|,,,,,Water]Ursaluna-Bloodmoon||AssaultVest|MindsEye|HyperVoice,BloodMoon,EarthPower,VacuumWave|||M|||50|,,,,,Water]Incineroar||SafetyGoggles|Intimidate|FlareBlitz,KnockOff,PartingShot,FakeOut|||F|||50|,,,,,Ghost]Sneasler||FocusSash|Unburden|DireClaw,CloseCombat,FakeOut,Protect|||F|||50|,,,,,Stellar]Dragonite||LoadedDice|Multiscale|ScaleShot,StompingTantrum,Tailwind,Protect|||F|||50|,,,,,Fairy
|inactive|Battle timer is ON: inactive players will automatically lose when time's up. (requested by asmodeo666)
|
|t:|1757628202
|teamsize|p1|4
|teamsize|p2|4
|start
|switch|p1a: Riolu|Riolu, L50, M|100/100
|switch|p1b: Ceruledge|Ceruledge, L50, M|100/100
|switch|p2a: Ursaluna|Ursaluna-Bloodmoon, L50, M|100/100
|switch|p2b: Dragonite|Dragonite, L50, F|100/100
|turn|1
|
|t:|1757628223
|-terastallize|p2a: Ursaluna|Water
|move|p1b: Ceruledge|Protect|p1b: Ceruledge
|-singleturn|p1b: Ceruledge|Protect
|move|p1a: Riolu|Coaching|p1b: Ceruledge
|-boost|p1b: Ceruledge|atk|1
|-boost|p1b: Ceruledge|def|1
|move|p2b: Dragonite|Tailwind|p2b: Dragonite
|-sidestart|p2: liellastan|move: Tailwind
|move|p2a: Ursaluna|Earth Power|p1b: Ceruledge
|-activate|p1b: Ceruledge|move: Protect
|
|upkeep
|turn|2
|
|t:|1757628243
|-terastallize|p1b: Ceruledge|Bug
|move|p2b: Dragonite|Protect|p2b: Dragonite
|-singleturn|p2b: Dragonite|Protect
|move|p1a: Riolu|Coaching|p1b: Ceruledge
|-boost|p1b: Ceruledge|atk|1
|-boost|p1b: Ceruledge|def|1
|move|p2a: Ursaluna|Blood Moon|p1b: Ceruledge
|-damage|p1b: Ceruledge|27/100
|move|p1b: Ceruledge|Bitter Blade|p2b: Dragonite
|-activate|p2b: Dragonite|move: Protect
|
|upkeep
|turn|3
|
|t:|1757628266
|switch|p1a: Rillaboom|Rillaboom, L50, F|100/100
|-fieldstart|move: Grassy Terrain|[from] ability: Grassy Surge|[of] p1a: Rillaboom
|move|p1b: Ceruledge|Protect|p1b: Ceruledge
|-singleturn|p1b: Ceruledge|Protect
|move|p2b: Dragonite|Scale Shot|p1a: Rillaboom
|-damage|p1a: Rillaboom|86/100
|-damage|p1a: Rillaboom|71/100
|-damage|p1a: Rillaboom|57/100
|-damage|p1a: Rillaboom|42/100
|-hitcount|p1a: Rillaboom|4
|-unboost|p2b: Dragonite|def|1
|-boost|p2b: Dragonite|spe|1
|move|p2a: Ursaluna|Hyper Voice|p1b: Ceruledge|[spread] p1a
|-activate|p1b: Ceruledge|move: Protect
|-damage|p1a: Rillaboom|15/100
|
|-heal|p1b: Ceruledge|34/100|[from] Grassy Terrain
|-heal|p1a: Rillaboom|21/100|[from] Grassy Terrain
|upkeep
|turn|4
|
|t:|1757628292
|switch|p2a: Amoonguss|Amoonguss, L50, F|100/100
|move|p2b: Dragonite|Protect|p2b: Dragonite
|-singleturn|p2b: Dragonite|Protect
|move|p1b: Ceruledge|Shadow Sneak|p2a: Amoonguss
|-damage|p2a: Amoonguss|70/100
|move|p1a: Rillaboom|Grassy Glide|p2a: Amoonguss
|-resisted|p2a: Amoonguss
|-damage|p2a: Amoonguss|64/100
|
|-heal|p1b: Ceruledge|40/100|[from] Grassy Terrain
|-heal|p1a: Rillaboom|27/100|[from] Grassy Terrain
|-heal|p2a: Amoonguss|70/100|[from] Grassy Terrain
|-sideend|p2: liellastan|move: Tailwind
|upkeep
|turn|5
|
|t:|1757628316
|switch|p1a: Riolu|Riolu, L50, M|100/100
|switch|p2a: Ursaluna|Ursaluna-Bloodmoon, L50, M, tera:Water|100/100
|move|p2b: Dragonite|Scale Shot|p1a: Riolu|[miss]
|-miss|p2b: Dragonite|p1a: Riolu
|move|p1b: Ceruledge|Bitter Blade|p2a: Ursaluna
|-resisted|p2a: Ursaluna
|-damage|p2a: Ursaluna|67/100
|-heal|p1b: Ceruledge|59/100|[from] drain|[of] p2a: Ursaluna
|
|-heal|p1b: Ceruledge|66/100|[from] Grassy Terrain
|-heal|p2a: Ursaluna|73/100|[from] Grassy Terrain
|upkeep
|turn|6
|
|t:|1757628338
|move|p1b: Ceruledge|Protect|p1b: Ceruledge
|-singleturn|p1b: Ceruledge|Protect
|move|p1a: Riolu|Coaching|p1b: Ceruledge
|-boost|p1b: Ceruledge|atk|1
|-boost|p1b: Ceruledge|def|1
|move|p2b: Dragonite|Scale Shot|p1a: Riolu
|-damage|p1a: Riolu|53/100
|-damage|p1a: Riolu|5/100
|-damage|p1a: Riolu|0 fnt
|faint|p1a: Riolu
|-hitcount|p1: Riolu|3
|-unboost|p2b: Dragonite|def|1
|-boost|p2b: Dragonite|spe|1
|move|p2a: Ursaluna|Blood Moon|p1b: Ceruledge
|-activate|p1b: Ceruledge|move: Protect
|
|-heal|p1b: Ceruledge|72/100|[from] Grassy Terrain
|-heal|p2a: Ursaluna|79/100|[from] Grassy Terrain
|upkeep
|
|t:|1757628359
|switch|p1a: Dragonite|Dragonite, L50, F|100/100
|turn|7
|
|t:|1757628377
|move|p1a: Dragonite|Extreme Speed|p2a: Ursaluna
|-damage|p2a: Ursaluna|54/100
|move|p1b: Ceruledge|Shadow Sneak|p2a: Ursaluna
|-damage|p2a: Ursaluna|20/100
|move|p2b: Dragonite|Scale Shot|p1a: Dragonite
|-supereffective|p1a: Dragonite
|-damage|p1a: Dragonite|64/100
|-supereffective|p1a: Dragonite
|-damage|p1a: Dragonite|28/100
|-supereffective|p1a: Dragonite
|-crit|p1a: Dragonite
|-damage|p1a: Dragonite|0 fnt
|faint|p1a: Dragonite
|-hitcount|p1: Dragonite|3
|-unboost|p2b: Dragonite|def|1
|-boost|p2b: Dragonite|spe|1
|move|p2a: Ursaluna|Hyper Voice|p1b: Ceruledge
|-damage|p1b: Ceruledge|27/100
|
|-heal|p1b: Ceruledge|34/100|[from] Grassy Terrain
|-heal|p2a: Ursaluna|26/100|[from] Grassy Terrain
|-fieldend|move: Grassy Terrain
|upkeep
|
|t:|1757628383
|switch|p1a: Rillaboom|Rillaboom, L50, F|27/100
|-fieldstart|move: Grassy Terrain|[from] ability: Grassy Surge|[of] p1a: Rillaboom
|turn|8
|
|t:|1757628404
|move|p1b: Ceruledge|Shadow Sneak|p2b: Dragonite
|-damage|p2b: Dragonite|40/100
|move|p1a: Rillaboom|Grassy Glide|p2b: Dragonite
|-resisted|p2b: Dragonite
|-damage|p2b: Dragonite|17/100
|move|p2b: Dragonite|Scale Shot|p1b: Ceruledge
|-damage|p1b: Ceruledge|26/100
|-damage|p1b: Ceruledge|19/100
|-damage|p1b: Ceruledge|12/100
|-damage|p1b: Ceruledge|4/100
|-hitcount|p1b: Ceruledge|4
|-unboost|p2b: Dragonite|def|1
|-boost|p2b: Dragonite|spe|1
|move|p2a: Ursaluna|Hyper Voice|p1a: Rillaboom|[spread] p1a,p1b
|-damage|p1a: Rillaboom|0 fnt
|-damage|p1b: Ceruledge|0 fnt
|faint|p1a: Rillaboom
|faint|p1b: Ceruledge
|
|win|liellastan
||asmodeo666 is ready for game 3.
|l|☆asmodeo666
|player|p1|
|inactive|liellastan has 30 seconds to confirm battle start!
||liellastan is ready for game 3.
|uhtml|next|Next: Game 3 of 3
|l|☆liellastan
|player|p2|
