|j|☆lerry27
|j|☆raulhm10
|html|lerry27raulhm10    
|uhtml|bestof|Game 2 of a best-of-3
|t:|1783075283
|gametype|doubles
|player|p1|lerry27|266|1117
|player|p2|raulhm10|n|1141
|gen|9
|tier|[Gen 9 Champions] VGC 2026 Reg M-B (Bo3)
|rated|
|rule|Species Clause: Limit one of each Pokémon
|rule|Item Clause: Limit 1 of each item
|clearpoke
|poke|p1|Floette-Eternal, L50, F, shiny|
|poke|p1|Maushold-Four, L50|
|poke|p1|Gengar, L50, M, shiny|
|poke|p1|Politoed, L50, M|
|poke|p1|Grimmsnarl, L50, M|
|poke|p1|Incineroar, L50, M, shiny|
|poke|p2|Sylveon, L50, M|
|poke|p2|Incineroar, L50, M|
|poke|p2|Aerodactyl, L50, M|
|poke|p2|Charizard, L50, M|
|poke|p2|Metagross, L50|
|poke|p2|Garchomp, L50, M|
|teampreview|4
|showteam|p1|Floette-Eternal||Floettite|FlowerVeil|DrainingKiss,DazzlingGleam,CalmMind,Protect|Timid||F|||50|]Maushold-Four||ChopleBerry|FriendGuard|FollowMe,HelpingHand,Uturn,Protect|Impish|||||50|]Gengar||Gengarite|CursedBody|ShadowBall,PerishSong,Disable,Protect|Bold||M|||50|]Politoed||SitrusBerry|Drizzle|WeatherBall,IceBeam,PerishSong,Protect|Calm||M|||50|]Grimmsnarl||LightClay|Prankster|FakeOut,PartingShot,LightScreen,Reflect|Careful||M|||50|]Incineroar||PasshoBerry|Intimidate|FakeOut,ThroatChop,PartingShot,Protect|Careful||M|||50|
|showteam|p2|Sylveon||FairyFeather|Pixilate|HyperVoice,HyperBeam,QuickAttack,Protect|Modest||M|||50|]Incineroar||SitrusBerry|Intimidate|FlareBlitz,DarkestLariat,PartingShot,FakeOut|Careful||M|||50|]Aerodactyl||FocusSash|Unnerve|RockSlide,DualWingbeat,Tailwind,Protect|Jolly||M|||50|]Charizard||CharizarditeY|Blaze|HeatWave,WeatherBall,SolarBeam,Protect|Modest||M|||50|]Metagross||Metagrossite|ClearBody|BulletPunch,PsychicFangs,BodyPress,Protect|Adamant|||||50|]Garchomp||LifeOrb|RoughSkin|DragonClaw,Earthquake,RockSlide,Protect|Jolly||M|||50|
|
|t:|1783075351
|teamsize|p1|4
|teamsize|p2|4
|start
|switch|p1a: Grimmsnarl|Grimmsnarl, L50, M|100/100
|switch|p1b: Floette|Floette-Eternal, L50, F, shiny|100/100
|switch|p2a: Aerodactyl|Aerodactyl, L50, M|100/100
|switch|p2b: Charizard|Charizard, L50, M|100/100
|-ability|p2a: Aerodactyl|Unnerve
|turn|1
|
|t:|1783075388
|switch|p2b: Incineroar|Incineroar, L50, M|100/100
|-ability|p2b: Incineroar|Intimidate|boost
|-unboost|p1a: Grimmsnarl|atk|1
|-unboost|p1b: Floette|atk|1
|detailschange|p1b: Floette|Floette-Mega, L50, F, shiny
|-mega|p1b: Floette|Floette|Floettite
|-ability|p1b: Floette|Fairy Aura
|move|p2a: Aerodactyl|Protect|p2a: Aerodactyl
|-singleturn|p2a: Aerodactyl|Protect
|move|p1a: Grimmsnarl|Fake Out|p2b: Incineroar
|-damage|p2b: Incineroar|94/100
|move|p1b: Floette|Calm Mind|p1b: Floette
|-boost|p1b: Floette|spa|1
|-boost|p1b: Floette|spd|1
|
|upkeep
|turn|2
|
|t:|1783075436
|move|p1b: Floette|Protect|p1b: Floette
|-singleturn|p1b: Floette|Protect
|move|p2b: Incineroar|Fake Out|p1a: Grimmsnarl
|-damage|p1a: Grimmsnarl|88/100
|cant|p1a: Grimmsnarl|flinch
|move|p2a: Aerodactyl|Tailwind|p2a: Aerodactyl
|-sidestart|p2: raulhm10|move: Tailwind
|
|upkeep
|turn|3
|
|t:|1783075459
|move|p1a: Grimmsnarl|Reflect|p1a: Grimmsnarl
|-sidestart|p1: lerry27|Reflect
|move|p2a: Aerodactyl|Rock Slide|p1a: Grimmsnarl|[spread] p1a,p1b
|-damage|p1a: Grimmsnarl|70/100
|-damage|p1b: Floette|83/100
|move|p2b: Incineroar|Flare Blitz|p1b: Floette
|-damage|p1b: Floette|55/100
|-damage|p2b: Incineroar|86/100|[from] Recoil
|cant|p1b: Floette|flinch
|
|upkeep
|turn|4
|
|t:|1783075496
|move|p1a: Grimmsnarl|Parting Shot|p2a: Aerodactyl
|-unboost|p2a: Aerodactyl|atk|1
|-unboost|p2a: Aerodactyl|spa|1
|
|t:|1783075503
|switch|p1a: Maushold|Maushold-Four, L50|100/100|[from] Parting Shot
|move|p2a: Aerodactyl|Rock Slide|p1a: Maushold|[spread] p1a,p1b
|-damage|p1a: Maushold|89/100
|-damage|p1b: Floette|47/100
|move|p2b: Incineroar|Flare Blitz|p1b: Floette
|-damage|p1b: Floette|23/100
|-damage|p2b: Incineroar|79/100|[from] Recoil
|move|p1b: Floette|Calm Mind|p1b: Floette
|-boost|p1b: Floette|spa|1
|-boost|p1b: Floette|spd|1
|
|upkeep
|turn|5
|
|t:|1783075544
|switch|p2b: Charizard|Charizard, L50, M|100/100
|move|p1a: Maushold|Follow Me|p1a: Maushold
|-singleturn|p1a: Maushold|move: Follow Me
|move|p2a: Aerodactyl|Rock Slide|p1a: Maushold|[spread] p1a,p1b
|-damage|p1a: Maushold|80/100
|-damage|p1b: Floette|15/100
|move|p1b: Floette|Draining Kiss|p2a: Aerodactyl
|-damage|p2a: Aerodactyl|6/100
|-heal|p1b: Floette|80/100|[from] drain|[of] p2a: Aerodactyl
|
|-sideend|p2: raulhm10|move: Tailwind
|upkeep
|turn|6
|
|t:|1783075562
|detailschange|p2b: Charizard|Charizard-Mega-Y, L50, M
|-mega|p2b: Charizard|Charizard|Charizardite Y
|-weather|SunnyDay|[from] ability: Drought|[of] p2b: Charizard
|move|p1a: Maushold|Helping Hand|p1b: Floette
|-singleturn|p1b: Floette|Helping Hand|[of] p1a: Maushold
|move|p2a: Aerodactyl|Tailwind|p2a: Aerodactyl
|-sidestart|p2: raulhm10|move: Tailwind
|move|p2b: Charizard|Heat Wave|p1b: Floette|[spread] p1a,p1b
|-damage|p1a: Maushold|5/100
|-damage|p1b: Floette|63/100
|move|p1b: Floette|Dazzling Gleam|p2b: Charizard|[spread] p2a,p2b
|-resisted|p2b: Charizard|1
|-damage|p2a: Aerodactyl|0 fnt
|-damage|p2b: Charizard|46/100
|faint|p2a: Aerodactyl
|
|-weather|SunnyDay|[upkeep]
|upkeep
|
|t:|1783075577
|switch|p2a: Sylveon|Sylveon, L50, M|100/100
|turn|7
|
|t:|1783075603
|move|p1a: Maushold|Helping Hand|p1b: Floette
|-singleturn|p1b: Floette|Helping Hand|[of] p1a: Maushold
|move|p2b: Charizard|Heat Wave|p1a: Maushold|[spread] p1a,p1b
|-damage|p1a: Maushold|0 fnt
|-damage|p1b: Floette|47/100
|faint|p1a: Maushold
|move|p2a: Sylveon|Hyper Voice|p1b: Floette
|-damage|p1b: Floette|13/100
|move|p1b: Floette|Dazzling Gleam|p2b: Charizard|[spread] p2a,p2b
|-crit|p2a: Sylveon
|-resisted|p2b: Charizard|1
|-damage|p2a: Sylveon|0 fnt
|-damage|p2b: Charizard|0 fnt
|faint|p2a: Sylveon
|faint|p2b: Charizard
|
|-weather|SunnyDay|[upkeep]
|upkeep
|
|t:|1783075619
|switch|p1a: Grimmsnarl|Grimmsnarl, L50, M|70/100
|switch|p2a: Incineroar|Incineroar, L50, M|79/100
|-ability|p2a: Incineroar|Intimidate|boost
|-unboost|p1a: Grimmsnarl|atk|1
|-unboost|p1b: Floette|atk|1
|turn|8
|
|t:|1783075633
|move|p2a: Incineroar|Fake Out|p1b: Floette
|-damage|p1b: Floette|6/100
|move|p1a: Grimmsnarl|Fake Out|p2a: Incineroar
|-damage|p2a: Incineroar|72/100
|cant|p1b: Floette|flinch
|
|-weather|SunnyDay|[upkeep]
|upkeep
|turn|9
|
|t:|1783075668
|switch|p1a: Incineroar|Incineroar, L50, M, shiny|100/100
|-ability|p1a: Incineroar|Intimidate|boost
|-unboost|p2a: Incineroar|atk|1
|move|p1b: Floette|Protect|p1b: Floette
|-singleturn|p1b: Floette|Protect
|move|p2a: Incineroar|Flare Blitz|p1b: Floette
|-activate|p1b: Floette|move: Protect
|
|-weather|SunnyDay|[upkeep]
|-sideend|p2: raulhm10|move: Tailwind
|upkeep
|turn|10
|
|t:|1783075683
|move|p1b: Floette|Draining Kiss|p2a: Incineroar
|-crit|p2a: Incineroar
|-damage|p2a: Incineroar|0 fnt
|-heal|p1b: Floette|72/100|[from] drain|[of] p2a: Incineroar
|faint|p2a: Incineroar
|
|win|lerry27
|raw|lerry27's rating: 1117 → 1144(+27 for winning)
|raw|raulhm10's rating: 1141 → 1114(-27 for losing)
|l|☆lerry27
|player|p1|
|j|☆lerry27
|player|p1|lerry27|266|
