|j|☆25th_mang
|j|☆Chelicerate1
|html|25th_mangChelicerate1    
|uhtml|bestof|Game 1 of a best-of-3
|t:|1785739824
|gametype|doubles
|player|p1|25th_mang|ballguy|1230
|player|p2|Chelicerate1|ethan|1285
|gen|9
|tier|[Gen 9 Champions] VGC 2026 Reg M-B (Bo3)
|rated|
|rule|Species Clause: Limit one of each Pokémon
|rule|Item Clause: Limit 1 of each item
|clearpoke
|poke|p1|Chandelure, L50, M|
|poke|p1|Garchomp, L50, F|
|poke|p1|Kingambit, L50, M|
|poke|p1|Tsareena, L50, F|
|poke|p1|Whimsicott, L50, F|
|poke|p1|Staraptor, L50, F|
|poke|p2|Grimmsnarl, L50, M|
|poke|p2|Basculegion, L50, M|
|poke|p2|Charizard, L50, F|
|poke|p2|Pelipper, L50, M|
|poke|p2|Venusaur, L50, M|
|poke|p2|Archaludon, L50, M|
|teampreview|4
|showteam|p1|Chandelure||Chandelurite|FlashFire|HeatWave,ShadowBall,TrickRoom,Protect|Modest||M|||50|]Garchomp||LifeOrb|RoughSkin|StompingTantrum,DragonClaw,RockSlide,Protect|Jolly||F|||50|]Kingambit||ChopleBerry|Defiant|IronHead,SuckerPunch,LowKick,Protect|Adamant||M|||50|]Tsareena||WideLens|QueenlyMajesty|PowerWhip,TripleAxel,HelpingHand,Protect|Adamant||F|||50|]Whimsicott||FocusSash|Prankster|Moonblast,Tailwind,Encore,SunnyDay|Modest||F|||50|]Staraptor||ChoiceScarf|Reckless|FinalGambit,BraveBird,Uturn,CloseCombat|Jolly||F|||50|
|showteam|p2|Grimmsnarl||LightClay|Prankster|SpiritBreak,PartingShot,Reflect,LightScreen|Sassy||M|||50|]Basculegion||ChoiceScarf|Adaptability|LastRespects,WaveCrash,AquaJet,FlipTurn|Jolly||M|||50|]Charizard||CharizarditeY|Blaze|Protect,HeatWave,WeatherBall,SolarBeam|Modest||F|||50|]Pelipper||SitrusBerry|Drizzle|Hurricane,WeatherBall,Tailwind,WideGuard|Modest||M|||50|]Venusaur||FocusSash|Chlorophyll|SludgeBomb,SleepPowder,EarthPower,Protect|Modest||M|||50|]Archaludon||Leftovers|Stamina|ElectroShot,DragonPulse,FlashCannon,Protect|Calm||M|||50|
|inactive|Battle timer is ON: inactive players will automatically lose when time's up. (requested by 25th_mang)
|inactive|Chelicerate1 also wants the timer to be on.
|inactive|25th_mang has 60 seconds left.
|
|t:|1785739869
|teamsize|p1|4
|teamsize|p2|4
|start
|switch|p1a: MONEYBALL|Whimsicott, L50, F|100/100
|switch|p1b: Love&Fear|Kingambit, L50, M|100/100
|switch|p2a: Charizard|Charizard, L50, F|100/100
|switch|p2b: Grimmsnarl|Grimmsnarl, L50, M|100/100
|turn|1
|inactive|25th_mang has 30 seconds left.
|
|t:|1785739900
|switch|p1b: Voyager|Chandelure, L50, M|100/100
|detailschange|p2a: Charizard|Charizard-Mega-Y, L50, F
|-mega|p2a: Charizard|Charizard|Charizardite Y
|-weather|SunnyDay|[from] ability: Drought|[of] p2a: Charizard
|move|p1a: MONEYBALL|Tailwind|p1a: MONEYBALL
|-sidestart|p1: 25th_mang|move: Tailwind
|move|p2a: Charizard|Heat Wave|p1a: MONEYBALL|[spread] p1a
|-start|p1b: Voyager|ability: Flash Fire
|-supereffective|p1a: MONEYBALL|1
|-enditem|p1a: MONEYBALL|Focus Sash
|-damage|p1a: MONEYBALL|1/100
|move|p2b: Grimmsnarl|Spirit Break|p1a: MONEYBALL
|-damage|p1a: MONEYBALL|0 fnt
|faint|p1a: MONEYBALL
|
|-weather|SunnyDay|[upkeep]
|upkeep
|inactive|25th_mang has 30 seconds left.
|
|t:|1785739926
|switch|p1a: Love&Fear|Kingambit, L50, M|100/100
|turn|2
|
|t:|1785739944
|detailschange|p1b: Voyager|Chandelure-Mega, L50, M
|-mega|p1b: Voyager|Chandelure|Chandelurite
|-end|p1b: Voyager|ability: Flash Fire|[silent]
|move|p1a: Love&Fear|Sucker Punch|p2a: Charizard
|-damage|p2a: Charizard|56/100
|move|p2b: Grimmsnarl|Light Screen|p2b: Grimmsnarl
|-sidestart|p2: Chelicerate1|move: Light Screen
|move|p1b: Voyager|Shadow Ball|p2a: Charizard
|-damage|p2a: Charizard|6/100
|move|p2a: Charizard|Weather Ball|p1a: Love&Fear
|-supereffective|p1a: Love&Fear|1
|-crit|p1a: Love&Fear
|-damage|p1a: Love&Fear|0 fnt
|faint|p1a: Love&Fear
|
|-weather|SunnyDay|[upkeep]
|upkeep
|
|t:|1785739955
|switch|p1a: Her Majesty 5|Tsareena, L50, F|100/100
|turn|3
|
|t:|1785739967
|move|p1a: Her Majesty 5|Helping Hand|p1b: Voyager
|-singleturn|p1b: Voyager|Helping Hand|[of] p1a: Her Majesty 5
|move|p2a: Charizard|Protect|p2a: Charizard
|-singleturn|p2a: Charizard|Protect
|move|p1b: Voyager|Heat Wave|p2b: Grimmsnarl|[spread] p2b
|-activate|p2a: Charizard|move: Protect
|-damage|p2b: Grimmsnarl|8/100
|move|p2b: Grimmsnarl|Spirit Break|p1b: Voyager
|-resisted|p1b: Voyager|1
|-crit|p1b: Voyager
|-damage|p1b: Voyager|77/100
|-unboost|p1b: Voyager|spa|1
|
|-weather|SunnyDay|[upkeep]
|upkeep
|turn|4
|
|t:|1785739989
|move|p1a: Her Majesty 5|Helping Hand|p1b: Voyager
|-singleturn|p1b: Voyager|Helping Hand|[of] p1a: Her Majesty 5
|move|p2b: Grimmsnarl|Reflect|p2b: Grimmsnarl
|-sidestart|p2: Chelicerate1|Reflect
|move|p1b: Voyager|Heat Wave|p2b: Grimmsnarl|[spread] p2a
|-miss|p1b: Voyager|p2b: Grimmsnarl
|-resisted|p2a: Charizard|1
|-damage|p2a: Charizard|0 fnt
|faint|p2a: Charizard
|
|-weather|SunnyDay|[upkeep]
|-sideend|p1: 25th_mang|move: Tailwind
|upkeep
|
|t:|1785740000
|switch|p2a: Pelipper|Pelipper, L50, M|100/100
|-weather|RainDance|[from] ability: Drizzle|[of] p2a: Pelipper
|turn|5
|
|t:|1785740018
|move|p1b: Voyager|Shadow Ball|p2a: Pelipper
|-damage|p2a: Pelipper|43/100
|-enditem|p2a: Pelipper|Sitrus Berry|[eat]
|-heal|p2a: Pelipper|68/100|[from] item: Sitrus Berry
|move|p1a: Her Majesty 5|Power Whip|p2a: Pelipper
|-damage|p2a: Pelipper|27/100
|move|p2a: Pelipper|Hurricane|p1a: Her Majesty 5
|-supereffective|p1a: Her Majesty 5|1
|-damage|p1a: Her Majesty 5|7/100
|move|p2b: Grimmsnarl|Spirit Break|p1b: Voyager
|-resisted|p1b: Voyager|1
|-damage|p1b: Voyager|61/100
|-unboost|p1b: Voyager|spa|1
|
|-weather|RainDance|[upkeep]
|upkeep
|turn|6
|
|t:|1785740040
|move|p1b: Voyager|Shadow Ball|p2a: Pelipper
|-damage|p2a: Pelipper|0 fnt
|faint|p2a: Pelipper
|move|p1a: Her Majesty 5|Power Whip|p2b: Grimmsnarl
|-damage|p2b: Grimmsnarl|0 fnt
|faint|p2b: Grimmsnarl
|
|-weather|RainDance|[upkeep]
|upkeep
|
|t:|1785740048
|switch|p2b: Archaludon|Archaludon, L50, M|100/100
|turn|7
|
|t:|1785740058
|move|p1a: Her Majesty 5|Helping Hand|p1b: Voyager
|-singleturn|p1b: Voyager|Helping Hand|[of] p1a: Her Majesty 5
|move|p1b: Voyager|Shadow Ball|p2b: Archaludon
|-damage|p2b: Archaludon|62/100
|-ability|p2b: Archaludon|Stamina|boost
|-boost|p2b: Archaludon|def|1
|move|p2b: Archaludon|Electro Shot||[still]
|-prepare|p2b: Archaludon|Electro Shot
|-boost|p2b: Archaludon|spa|1
|-anim|p2b: Archaludon|Electro Shot|p1b: Voyager
|-damage|p1b: Voyager|11/100
|
|-weather|RainDance|[upkeep]
|-heal|p2b: Archaludon|68/100|[from] item: Leftovers
|upkeep
|turn|8
|
|t:|1785740073
|move|p1a: Her Majesty 5|Helping Hand|p1b: Voyager
|-singleturn|p1b: Voyager|Helping Hand|[of] p1a: Her Majesty 5
|move|p1b: Voyager|Shadow Ball|p2b: Archaludon
|-damage|p2b: Archaludon|30/100
|-ability|p2b: Archaludon|Stamina|boost
|-boost|p2b: Archaludon|def|1
|move|p2b: Archaludon|Electro Shot||[still]
|-prepare|p2b: Archaludon|Electro Shot
|-boost|p2b: Archaludon|spa|1
|-anim|p2b: Archaludon|Electro Shot|p1b: Voyager
|-damage|p1b: Voyager|0 fnt
|faint|p1b: Voyager
|
|-weather|RainDance|[upkeep]
|-heal|p2b: Archaludon|36/100|[from] item: Leftovers
|upkeep
|turn|9
|-message|25th_mang forfeited.
|
|win|Chelicerate1
|l|☆25th_mang
|player|p1|
