|j|☆SunshineTufo
|j|☆mb gang
|html|SunshineTufomb gang    
|uhtml|bestof|Game 2 of a best-of-3
|t:|1785441479
|gametype|doubles
|player|p1|SunshineTufo|li|1324
|player|p2|mb gang|skier|1394
|gen|9
|tier|[Gen 9 Champions] VGC 2026 Reg M-B (Bo3)
|rated|
|rule|Species Clause: Limit one of each Pokémon
|rule|Item Clause: Limit 1 of each item
|clearpoke
|poke|p1|Charizard, L50, M, shiny|
|poke|p1|Incineroar, L50, M, shiny|
|poke|p1|Sylveon, L50, M, shiny|
|poke|p1|Aerodactyl, L50, M, shiny|
|poke|p1|Garchomp, L50, M, shiny|
|poke|p1|Farigiraf, L50, M, shiny|
|poke|p2|Drampa, L50, M|
|poke|p2|Kingambit, L50, M|
|poke|p2|Delphox, L50, M|
|poke|p2|Sinistcha, L50|
|poke|p2|Sneasler, L50, M|
|poke|p2|Tauros-Paldea-Aqua, L50, M|
|teampreview|4
|showteam|p1|Charizard||CharizarditeY|SolarPower|HeatWave,WeatherBall,SolarBeam,Protect|Modest||M|||50|]Incineroar||Charcoal|Intimidate|FlareBlitz,DarkestLariat,FakeOut,PartingShot|Brave||M|||50|]Sylveon||FairyFeather|Pixilate|HyperVoice,QuickAttack,HyperBeam,Detect|Modest||M|||50|]Aerodactyl||Aerodactylite|Unnerve|WideGuard,RockSlide,DualWingbeat,Tailwind|Jolly||M|||50|]Garchomp||LifeOrb|RoughSkin|Protect,StompingTantrum,DragonClaw,Earthquake|Adamant||M|||50|]Farigiraf||SitrusBerry|ArmorTail|SunnyDay,PsychicFangs,Thunderbolt,TrickRoom|Relaxed||M|||50|
|showteam|p2|Drampa||HabanBerry|CloudNine|LightScreen,Protect,HelpingHand,DracoMeteor|Sassy||M|||50|]Kingambit||BlackGlasses|Defiant|KowtowCleave,SuckerPunch,IronHead,Protect|Brave||M|||50|]Delphox||Delphoxite|Blaze|HeatWave,Psychic,CalmMind,Protect|Timid||M|||50|]Sinistcha||SitrusBerry|Hospitality|MatchaGotcha,Protect,RagePowder,TrickRoom|Relaxed|||||50|]Sneasler||FocusSash|PoisonTouch|PoisonJab,CloseCombat,FakeOut,Protect|Jolly||M|||50|]Tauros-Paldea-Aqua||ChoiceScarf|Intimidate|CloseCombat,RockSlide,WaveCrash,AquaJet|Jolly||M|||50|
|inactive|Battle timer is ON: inactive players will automatically lose when time's up. (requested by mb gang)
|inactive|SunshineTufo also wants the timer to be on.
|j| Agent_999_999
|l| Agent_999_999
|
|t:|1785441508
|teamsize|p1|4
|teamsize|p2|4
|start
|switch|p1a: Incineroar|Incineroar, L50, M, shiny|100/100
|switch|p1b: Farigiraf|Farigiraf, L50, M, shiny|100/100
|switch|p2a: Kingambit|Kingambit, L50, M|100/100
|switch|p2b: Tauros|Tauros-Paldea-Aqua, L50, M|100/100
|-ability|p2b: Tauros|Intimidate|boost
|-unboost|p1a: Incineroar|atk|1
|-unboost|p1b: Farigiraf|atk|1
|-ability|p1a: Incineroar|Intimidate|boost
|-unboost|p2a: Kingambit|atk|1
|-ability|p2a: Kingambit|Defiant|boost
|-boost|p2a: Kingambit|atk|2
|-unboost|p2b: Tauros|atk|1
|turn|1
|
|t:|1785441537
|move|p2b: Tauros|Close Combat|p1a: Incineroar
|-supereffective|p1a: Incineroar|1
|-damage|p1a: Incineroar|33/100
|-unboost|p2b: Tauros|def|1
|-unboost|p2b: Tauros|spd|1
|move|p1a: Incineroar|Flare Blitz|p2a: Kingambit
|-supereffective|p2a: Kingambit|1
|-damage|p2a: Kingambit|32/100
|-damage|p1a: Incineroar|10/100|[from] Recoil
|move|p1b: Farigiraf|Thunderbolt|p2a: Kingambit
|-damage|p2a: Kingambit|12/100
|move|p2a: Kingambit|Kowtow Cleave|p1b: Farigiraf
|-supereffective|p1b: Farigiraf|1
|-damage|p1b: Farigiraf|0 fnt
|faint|p1b: Farigiraf
|
|upkeep
|
|t:|1785441544
|switch|p1b: Sylveon|Sylveon, L50, M, shiny|100/100
|turn|2
|
|t:|1785441567
|switch|p2b: Delphox|Delphox, L50, M|100/100
|switch|p1a: Garchomp|Garchomp, L50, M, shiny|100/100
|move|p2a: Kingambit|Sucker Punch||[still]
|-fail|p2a: Kingambit
|move|p1b: Sylveon|Hyper Voice|p2a: Kingambit|[spread] p2a,p2b
|-resisted|p2b: Delphox|1
|-damage|p2a: Kingambit|0 fnt
|-damage|p2b: Delphox|76/100
|faint|p2a: Kingambit
|
|upkeep
|
|t:|1785441581
|switch|p2a: Sinistcha|Sinistcha, L50|100/100
|-heal|p2b: Delphox|100/100|[from] ability: Hospitality|[of] p2a: Sinistcha
|turn|3
|
|t:|1785441591
|detailschange|p2b: Delphox|Delphox-Mega, L50, M
|-mega|p2b: Delphox|Delphox|Delphoxite
|move|p2a: Sinistcha|Rage Powder|p2a: Sinistcha
|-singleturn|p2a: Sinistcha|move: Rage Powder
|move|p2b: Delphox|Calm Mind|p2b: Delphox
|-boost|p2b: Delphox|spa|1
|-boost|p2b: Delphox|spd|1
|move|p1a: Garchomp|Dragon Claw|p2a: Sinistcha
|-damage|p2a: Sinistcha|56/100
|-damage|p1a: Garchomp|90/100|[from] item: Life Orb
|move|p1b: Sylveon|Hyper Voice|p2a: Sinistcha|[spread] p2a,p2b
|-resisted|p2b: Delphox|1
|-damage|p2a: Sinistcha|3/100
|-damage|p2b: Delphox|85/100
|-enditem|p2a: Sinistcha|Sitrus Berry|[eat]
|-heal|p2a: Sinistcha|28/100|[from] item: Sitrus Berry
|
|upkeep
|turn|4
|
|t:|1785441609
|switch|p1a: Incineroar|Incineroar, L50, M, shiny|10/100
|-ability|p1a: Incineroar|Intimidate|boost
|-unboost|p2a: Sinistcha|atk|1
|-unboost|p2b: Delphox|atk|1
|move|p2a: Sinistcha|Rage Powder|p2a: Sinistcha
|-singleturn|p2a: Sinistcha|move: Rage Powder
|move|p2b: Delphox|Heat Wave|p1b: Sylveon|[spread] p1a
|-miss|p2b: Delphox|p1b: Sylveon
|-resisted|p1a: Incineroar|1
|-damage|p1a: Incineroar|0 fnt
|faint|p1a: Incineroar
|move|p1b: Sylveon|Hyper Voice|p2b: Delphox|[spread] p2a,p2b
|-resisted|p2b: Delphox|1
|-damage|p2a: Sinistcha|0 fnt
|-damage|p2b: Delphox|72/100
|faint|p2a: Sinistcha
|
|upkeep
|
|t:|1785441619
|switch|p2a: Tauros|Tauros-Paldea-Aqua, L50, M|100/100
|switch|p1a: Garchomp|Garchomp, L50, M, shiny|90/100
|-ability|p2a: Tauros|Intimidate|boost
|-unboost|p1a: Garchomp|atk|1
|-unboost|p1b: Sylveon|atk|1
|turn|5
|
|t:|1785441638
|move|p1b: Sylveon|Detect|p1b: Sylveon
|-singleturn|p1b: Sylveon|Protect
|move|p2a: Tauros|Wave Crash|p1b: Sylveon
|-activate|p1b: Sylveon|move: Protect
|move|p2b: Delphox|Psychic|p1b: Sylveon
|-activate|p1b: Sylveon|move: Protect
|move|p1a: Garchomp|Dragon Claw|p2b: Delphox
|-damage|p2b: Delphox|25/100
|-damage|p1a: Garchomp|80/100|[from] item: Life Orb
|
|upkeep
|turn|6
|
|t:|1785441650
|move|p1b: Sylveon|Detect|p1b: Sylveon
|-singleturn|p1b: Sylveon|Protect
|move|p2a: Tauros|Wave Crash|p1b: Sylveon
|-activate|p1b: Sylveon|move: Protect
|move|p2b: Delphox|Psychic|p1b: Sylveon
|-activate|p1b: Sylveon|move: Protect
|move|p1a: Garchomp|Dragon Claw|p2b: Delphox
|-damage|p2b: Delphox|0 fnt
|faint|p2b: Delphox
|-damage|p1a: Garchomp|71/100|[from] item: Life Orb
|
|upkeep
|turn|7
|
|t:|1785441655
|move|p2a: Tauros|Wave Crash|p1b: Sylveon
|-damage|p1b: Sylveon|39/100
|-damage|p2a: Tauros|78/100|[from] Recoil
|move|p1a: Garchomp|Dragon Claw|p2a: Tauros
|-damage|p2a: Tauros|40/100
|-damage|p1a: Garchomp|61/100|[from] item: Life Orb
|move|p1b: Sylveon|Hyper Voice|p2a: Tauros
|-supereffective|p2a: Tauros|1
|-damage|p2a: Tauros|0 fnt
|faint|p2a: Tauros
|
|win|SunshineTufo
|raw|SunshineTufo's rating: 1324 → 1348(+24 for winning)
|raw|mb gang's rating: 1394 → 1370(-24 for losing)
