|j|☆mikelpoyarzabal
|j|☆NyulaDraws
|html|mikelpoyarzabalNyulaDraws    
|uhtml|bestof|Game 2 of a best-of-3
|t:|1784044668
|gametype|doubles
|player|p1|mikelpoyarzabal|arven-s|1297
|player|p2|NyulaDraws|backpacker|1257
|gen|9
|tier|[Gen 9 Champions] VGC 2026 Reg M-B (Bo3)
|rated|
|rule|Species Clause: Limit one of each Pokémon
|rule|Item Clause: Limit 1 of each item
|clearpoke
|poke|p1|Garchomp, L50, M|
|poke|p1|Venusaur, L50, F|
|poke|p1|Incineroar, L50, F|
|poke|p1|Charizard, L50, M|
|poke|p1|Toxapex, L50, M|
|poke|p1|Annihilape, L50, M|
|poke|p2|Metagross, L50|
|poke|p2|Tyranitar, L50, M|
|poke|p2|Sinistcha, L50|
|poke|p2|Sneasler, L50, F|
|poke|p2|Floette-Eternal, L50, F|
|poke|p2|Incineroar, L50, F|
|teampreview|4
|showteam|p1|Garchomp||ChoiceScarf|RoughSkin|Earthquake,RockSlide,DragonClaw,StompingTantrum|Adamant||M|||50|]Venusaur||LifeOrb|Chlorophyll|SludgeBomb,SolarBeam,EarthPower,Protect|Modest||F|||50|]Incineroar||SitrusBerry|Intimidate|FakeOut,FlareBlitz,ThroatChop,PartingShot|Impish||F|||50|]Charizard||CharizarditeY|Blaze|HeatWave,WeatherBall,Protect,HelpingHand|Modest||M|||50|]Toxapex||Leftovers|Regenerator|Infestation,Toxic,WideGuard,BanefulBunker|Impish||M|||50|]Annihilape||FocusSash|Defiant|CloseCombat,PhantomForce,RockTomb,Protect|Jolly||M|||50|
|showteam|p2|Metagross||Metagrossite|ClearBody|PsychicFangs,IronHead,StompingTantrum,Protect|Jolly|||||50|]Tyranitar||ChoiceScarf|SandStream|RockSlide,KnockOff,IcePunch,Superpower|Jolly||M|||50|]Sinistcha||KasibBerry|Hospitality|MatchaGotcha,LifeDew,Protect,RagePowder|Bold|||||50|]Sneasler||FocusSash|Unburden|CloseCombat,DireClaw,Coaching,FakeOut|Jolly||F|||50|]Floette-Eternal||Floettite|FlowerVeil|DrainingKiss,DazzlingGleam,CalmMind,Protect|Modest||F|||50|]Incineroar||SitrusBerry|Intimidate|FakeOut,Taunt,PartingShot,FlareBlitz|Impish||F|||50|
|inactive|Battle timer is ON: inactive players will automatically lose when time's up. (requested by mikelpoyarzabal)
|c|☆NyulaDraws|los muertos de chari
|c|☆mikelpoyarzabal|jajajaj
|inactive|mikelpoyarzabal has 60 seconds left.
|inactive|NyulaDraws has 60 seconds left.
|c|☆mikelpoyarzabal|a ver si lamine juega hoy como chari
|c|☆NyulaDraws|más le vale
|inactive|NyulaDraws has 30 seconds left.
|
|t:|1784044738
|teamsize|p1|4
|teamsize|p2|4
|start
|switch|p1a: Garchomp|Garchomp, L50, M|100/100
|switch|p1b: Charizard|Charizard, L50, M|100/100
|switch|p2a: Metagross|Metagross, L50|100/100
|switch|p2b: Sneasler|Sneasler, L50, F|100/100
|turn|1
|inactive|mikelpoyarzabal has 30 seconds left.
|inactive|NyulaDraws has 30 seconds left.
|
|t:|1784044768
|detailschange|p2a: Metagross|Metagross-Mega, L50
|-mega|p2a: Metagross|Metagross|Metagrossite
|detailschange|p1b: Charizard|Charizard-Mega-Y, L50, M
|-mega|p1b: Charizard|Charizard|Charizardite Y
|-weather|SunnyDay|[from] ability: Drought|[of] p1b: Charizard
|move|p2b: Sneasler|Fake Out|p1b: Charizard
|-damage|p1b: Charizard|86/100
|move|p1a: Garchomp|Earthquake|p2a: Metagross|[spread] p2a,p2b
|-immune|p1b: Charizard
|-supereffective|p2a: Metagross|1
|-supereffective|p2b: Sneasler|1
|-damage|p2a: Metagross|40/100
|-enditem|p2b: Sneasler|Focus Sash
|-damage|p2b: Sneasler|1/100
|move|p2a: Metagross|Psychic Fangs|p1b: Charizard
|-damage|p1b: Charizard|32/100
|cant|p1b: Charizard|flinch
|
|-weather|SunnyDay|[upkeep]
|upkeep
|turn|2
|
|t:|1784044788
|switch|p2b: Incineroar|Incineroar, L50, F|100/100
|-ability|p2b: Incineroar|Intimidate|boost
|-unboost|p1a: Garchomp|atk|1
|-unboost|p1b: Charizard|atk|1
|move|p2a: Metagross|Protect|p2a: Metagross
|-singleturn|p2a: Metagross|Protect
|move|p1b: Charizard|Protect|p1b: Charizard
|-singleturn|p1b: Charizard|Protect
|move|p1a: Garchomp|Earthquake|p2a: Metagross|[spread] p2b
|-activate|p1b: Charizard|move: Protect
|-activate|p2a: Metagross|move: Protect
|-supereffective|p2b: Incineroar|1
|-damage|p2b: Incineroar|58/100
|
|-weather|SunnyDay|[upkeep]
|upkeep
|turn|3
|inactive|NyulaDraws has 30 seconds left.
|
|t:|1784044814
|switch|p1a: Venusaur|Venusaur, L50, F|100/100
|switch|p2a: Tyranitar|Tyranitar, L50, M|100/100
|-weather|Sandstorm|[from] ability: Sand Stream|[of] p2a: Tyranitar
|switch|p1b: Incineroar|Incineroar, L50, F|100/100
|-ability|p1b: Incineroar|Intimidate|boost
|-unboost|p2a: Tyranitar|atk|1
|-unboost|p2b: Incineroar|atk|1
|move|p2b: Incineroar|Fake Out|p1b: Incineroar
|-damage|p1b: Incineroar|94/100
|
|-weather|Sandstorm|[upkeep]
|-damage|p1a: Venusaur|94/100|[from] Sandstorm
|-damage|p2b: Incineroar|52/100|[from] Sandstorm
|-damage|p1b: Incineroar|88/100|[from] Sandstorm
|upkeep
|turn|4
|inactive|NyulaDraws has 30 seconds left.
|
|t:|1784044846
|switch|p2a: Sneasler|Sneasler, L50, F|1/100
|move|p1a: Venusaur|Earth Power|p2b: Incineroar
|-supereffective|p2b: Incineroar|1
|-crit|p2b: Incineroar
|-damage|p2b: Incineroar|0 fnt
|faint|p2b: Incineroar
|-damage|p1a: Venusaur|84/100|[from] item: Life Orb
|move|p1b: Incineroar|Parting Shot|p2a: Sneasler
|-unboost|p2a: Sneasler|atk|1
|-unboost|p2a: Sneasler|spa|1
|
|t:|1784044860
|switch|p1b: Garchomp|Garchomp, L50, M|100/100|[from] Parting Shot
|
|-weather|Sandstorm|[upkeep]
|-damage|p2a: Sneasler|0 fnt|[from] Sandstorm
|-damage|p1a: Venusaur|79/100|[from] Sandstorm
|faint|p2a: Sneasler
|upkeep
|
|t:|1784044867
|switch|p2a: Metagross|Metagross-Mega, L50|40/100
|switch|p2b: Tyranitar|Tyranitar, L50, M|100/100
|turn|5
|
|t:|1784044884
|switch|p1a: Charizard|Charizard-Mega-Y, L50, M|32/100
|-weather|SunnyDay|[from] ability: Drought|[of] p1a: Charizard
|move|p1b: Garchomp|Earthquake|p2a: Metagross|[spread] p2a,p2b
|-immune|p1a: Charizard
|-supereffective|p2a: Metagross|1
|-supereffective|p2b: Tyranitar|1
|-damage|p2a: Metagross|0 fnt
|-damage|p2b: Tyranitar|35/100
|faint|p2a: Metagross
|move|p2b: Tyranitar|Rock Slide|p1a: Charizard|[spread] p1a,p1b
|-supereffective|p1a: Charizard|2
|-resisted|p1b: Garchomp|1
|-damage|p1a: Charizard|0 fnt
|-damage|p1b: Garchomp|86/100
|faint|p1a: Charizard
|
|-weather|SunnyDay|[upkeep]
|upkeep
|
|t:|1784044892
|switch|p1a: Venusaur|Venusaur, L50, F|79/100
|turn|6
|-message|NyulaDraws forfeited.
|
|win|mikelpoyarzabal
|raw|mikelpoyarzabal's rating: 1297 → 1319(+22 for winning)
|raw|NyulaDraws's rating: 1257 → 1235(-22 for losing)
