|j|☆zachlobbed
|j|☆Hawkc10ie
|html|zachlobbedHawkc10ie    
|uhtml|bestof|Game 2 of a best-of-3
|t:|1784485483
|gametype|doubles
|player|p1|zachlobbed|brock|1123
|player|p2|Hawkc10ie|101|1214
|gen|9
|tier|[Gen 9 Champions] VGC 2026 Reg M-B (Bo3)
|rated|
|rule|Species Clause: Limit one of each Pokémon
|rule|Item Clause: Limit 1 of each item
|clearpoke
|poke|p1|Charizard, L50, M|
|poke|p1|Floette-Eternal, L50, F|
|poke|p1|Whimsicott, L50, M|
|poke|p1|Garchomp, L50, F|
|poke|p1|Basculegion, L50, M|
|poke|p1|Kingambit, L50, M|
|poke|p2|Sinistcha, L50|
|poke|p2|Rotom-Wash, L50|
|poke|p2|Camerupt, L50, M|
|poke|p2|Ampharos, L50, M|
|poke|p2|Tinkaton, L50, F|
|poke|p2|Farigiraf, L50, M|
|teampreview|4
|showteam|p1|Charizard||CharizarditeY|Blaze|Protect,HeatWave,SolarBeam,WeatherBall|Modest||M|||50|]Floette-Eternal||Floettite|FlowerVeil|Protect,LightofRuin,Moonblast,DazzlingGleam|Timid||F|||50|]Whimsicott||FocusSash|Prankster|Protect,Tailwind,Moonblast,Encore|Timid||M|||50|]Garchomp||LifeOrb|RoughSkin|Protect,DragonClaw,Earthquake,RockSlide|Jolly||F|||50|]Basculegion||MysticWater|Adaptability|Protect,AquaJet,WaveCrash,LastRespects|Adamant||M|||50|]Kingambit||BlackGlasses|Defiant|Protect,LowKick,SuckerPunch,KowtowCleave|Adamant||M|||50|
|showteam|p2|Sinistcha||CobaBerry|Hospitality|StrengthSap,TrickRoom,MatchaGotcha,RagePowder|Bold|||||50|]Rotom-Wash||LifeOrb|Levitate|Thunderbolt,HydroPump,WillOWisp,LightScreen|Bold|||||50|]Camerupt||Cameruptite|MagmaArmor|Eruption,HeatWave,EarthPower,AncientPower|Quiet||M|||50|]Ampharos||Ampharosite|Static|Protect,Thunderbolt,DragonPulse,FocusBlast|Modest||M|||50|]Tinkaton||FocusSash|MoldBreaker|FakeOut,GigatonHammer,RockSlide,PlayRough|Brave||F|||50|]Farigiraf||ColburBerry|ArmorTail|TrickRoom,TwinBeam,HelpingHand,FoulPlay|Modest||M|||50|
|inactive|Battle timer is ON: inactive players will automatically lose when time's up. (requested by zachlobbed)
|inactive|Hawkc10ie has 60 seconds left.
|
|t:|1784485524
|teamsize|p1|4
|teamsize|p2|4
|start
|switch|p1a: Basculegion|Basculegion, L50, M|100/100
|switch|p1b: Kingambit|Kingambit, L50, M|100/100
|switch|p2a: Farigiraf|Farigiraf, L50, M|100/100
|switch|p2b: Rotom|Rotom-Wash, L50|100/100
|turn|1
|
|t:|1784485536
|switch|p2a: Tinkaton|Tinkaton, L50, F|100/100
|-ability|p2a: Tinkaton|Mold Breaker
|move|p1a: Basculegion|Wave Crash|p2a: Tinkaton
|-enditem|p2a: Tinkaton|Focus Sash
|-damage|p2a: Tinkaton|1/100
|-damage|p1a: Basculegion|69/100|[from] Recoil
|move|p2b: Rotom|Thunderbolt|p1a: Basculegion
|-supereffective|p1a: Basculegion|1
|-damage|p1a: Basculegion|0 fnt
|faint|p1a: Basculegion
|-damage|p2b: Rotom|90/100|[from] item: Life Orb
|move|p1b: Kingambit|Kowtow Cleave|p2a: Tinkaton
|-resisted|p2a: Tinkaton|1
|-damage|p2a: Tinkaton|0 fnt
|faint|p2a: Tinkaton
|
|upkeep
|inactive|Hawkc10ie has 30 seconds left.
|inactive|Hawkc10ie has 20 seconds left.
|
|t:|1784485571
|switch|p1a: Floette|Floette-Eternal, L50, F|100/100
|switch|p2a: Camerupt|Camerupt, L50, M|100/100
|turn|2
|
|t:|1784485591
|switch|p1b: Charizard|Charizard, L50, M|100/100
|detailschange|p2a: Camerupt|Camerupt-Mega, L50, M
|-mega|p2a: Camerupt|Camerupt|Cameruptite
|move|p1a: Floette|Light of Ruin|p2a: Camerupt
|-resisted|p2a: Camerupt|1
|-damage|p2a: Camerupt|64/100
|-damage|p1a: Floette|79/100|[from] Recoil
|move|p2b: Rotom|Thunderbolt|p1a: Floette
|-damage|p1a: Floette|37/100
|-status|p1a: Floette|par
|-damage|p2b: Rotom|80/100|[from] item: Life Orb
|move|p2a: Camerupt|Heat Wave|p1a: Floette|[spread] p1a
|-miss|p2a: Camerupt|p1b: Charizard
|-damage|p1a: Floette|0 fnt
|faint|p1a: Floette
|
|upkeep
|
|t:|1784485592
|switch|p1a: Kingambit|Kingambit, L50, M|100/100
|turn|3
|
|t:|1784485616
|detailschange|p1b: Charizard|Charizard-Mega-Y, L50, M
|-mega|p1b: Charizard|Charizard|Charizardite Y
|-weather|SunnyDay|[from] ability: Drought|[of] p1b: Charizard
|move|p1b: Charizard|Solar Beam||[still]
|-prepare|p1b: Charizard|Solar Beam
|-anim|p1b: Charizard|Solar Beam|p2b: Rotom
|-supereffective|p2b: Rotom|1
|-damage|p2b: Rotom|0 fnt
|faint|p2b: Rotom
|move|p1a: Kingambit|Kowtow Cleave|p2a: Camerupt
|-damage|p2a: Camerupt|5/100
|move|p2a: Camerupt|Heat Wave|p1a: Kingambit|[spread] p1a,p1b
|-supereffective|p1a: Kingambit|1
|-resisted|p1b: Charizard|1
|-damage|p1a: Kingambit|0 fnt
|-damage|p1b: Charizard|62/100
|faint|p1a: Kingambit
|
|-weather|SunnyDay|[upkeep]
|upkeep
|
|t:|1784485630
|switch|p2b: Farigiraf|Farigiraf, L50, M|100/100
|turn|4
|
|t:|1784485641
|move|p1b: Charizard|Heat Wave|p2a: Camerupt|[spread] p2a,p2b
|-resisted|p2a: Camerupt|1
|-damage|p2a: Camerupt|0 fnt
|-damage|p2b: Farigiraf|41/100
|faint|p2a: Camerupt
|move|p2b: Farigiraf|Twin Beam|p1b: Charizard
|-damage|p1b: Charizard|46/100
|-damage|p1b: Charizard|31/100
|-hitcount|p1b: Charizard|2
|
|-weather|SunnyDay|[upkeep]
|upkeep
|turn|5
|
|t:|1784485647
|move|p1b: Charizard|Weather Ball|p2b: Farigiraf
|-damage|p2b: Farigiraf|0 fnt
|faint|p2b: Farigiraf
|
|win|zachlobbed
|raw|zachlobbed's rating: 1123 → 1154(+31 for winning)
|raw|Hawkc10ie's rating: 1214 → 1183(-31 for losing)
