|j|☆1Manuel1410
|j|☆platanoso
|html|1Manuel1410platanoso    
|uhtml|bestof|Game 2 of a best-of-3
|t:|1785878039
|gametype|doubles
|player|p1|1Manuel1410|palmer|1324
|player|p2|platanoso|madame-gen4|1237
|gen|9
|tier|[Gen 9 Champions] VGC 2026 Reg M-B (Bo3)
|rated|
|rule|Species Clause: Limit one of each Pokémon
|rule|Item Clause: Limit 1 of each item
|clearpoke
|poke|p1|Staraptor, L50, M|
|poke|p1|Whimsicott, L50, M|
|poke|p1|Primarina, L50, F|
|poke|p1|Maushold-Four, L50|
|poke|p1|Delphox, L50, F|
|poke|p1|Sneasler, L50, F|
|poke|p2|Floette-Eternal, L50, F|
|poke|p2|Sneasler, L50, M|
|poke|p2|Incineroar, L50, M|
|poke|p2|Sinistcha, L50|
|poke|p2|Delphox, L50, M|
|poke|p2|Garchomp, L50, M|
|teampreview|4
|showteam|p1|Staraptor||Staraptite|Intimidate|Protect,Roost,CloseCombat,DualWingbeat|Jolly||M|||50|]Whimsicott||FocusSash|Prankster|Tailwind,Moonblast,LightScreen,Charm|Timid||M|||50|]Primarina||Leftovers|LiquidVoice|Protect,CalmMind,HyperVoice,Moonblast|Modest||F|||50|]Maushold-Four||ChopleBerry|FriendGuard|Protect,FollowMe,Charm,Feint|Jolly|||||50|]Delphox||Delphoxite|Blaze|Psychic,HeatWave,NastyPlot,Protect|Timid||F|||50|]Sneasler||LifeOrb|PoisonTouch|FakeOut,CloseCombat,DireClaw,Protect|Adamant||F|||50|
|showteam|p2|Floette-Eternal||Floettite|FlowerVeil|DazzlingGleam,DrainingKiss,CalmMind,Protect|Modest||F|||50|]Sneasler||FocusSash|PoisonTouch|CloseCombat,PoisonJab,FakeOut,Protect|Jolly||M|||50|]Incineroar||SitrusBerry|Intimidate|FlareBlitz,DarkestLariat,PartingShot,FakeOut|Impish||M|||50|]Sinistcha||OccaBerry|Hospitality|MatchaGotcha,RagePowder,TrickRoom,Protect|Bold|||||50|]Delphox||Delphoxite|Blaze|HeatWave,Psychic,NastyPlot,Protect|Modest||M|||50|]Garchomp||ChoiceScarf|RoughSkin|DragonClaw,StompingTantrum,Earthquake,RockSlide|Adamant||M|||50|
|inactive|Battle timer is ON: inactive players will automatically lose when time's up. (requested by 1Manuel1410)
|
|t:|1785878068
|teamsize|p1|4
|teamsize|p2|4
|start
|switch|p1a: Delphox|Delphox, L50, F|100/100
|switch|p1b: Sneasler|Sneasler, L50, F|100/100
|switch|p2a: Incineroar|Incineroar, L50, M|100/100
|switch|p2b: Delphox|Delphox, L50, M|100/100
|-ability|p2a: Incineroar|Intimidate|boost
|-unboost|p1a: Delphox|atk|1
|-unboost|p1b: Sneasler|atk|1
|turn|1
|inactive|platanoso has 30 seconds left.
|
|t:|1785878095
|detailschange|p1a: Delphox|Delphox-Mega, L50, F
|-mega|p1a: Delphox|Delphox|Delphoxite
|detailschange|p2b: Delphox|Delphox-Mega, L50, M
|-mega|p2b: Delphox|Delphox|Delphoxite
|move|p1b: Sneasler|Fake Out|p2a: Incineroar
|-damage|p2a: Incineroar|90/100
|-status|p2a: Incineroar|psn|[from] ability: Poison Touch|[of] p1b: Sneasler
|-damage|p1b: Sneasler|90/100|[from] item: Life Orb
|move|p1a: Delphox|Nasty Plot|p1a: Delphox
|-boost|p1a: Delphox|spa|2
|move|p2b: Delphox|Nasty Plot|p2b: Delphox
|-boost|p2b: Delphox|spa|2
|cant|p2a: Incineroar|flinch
|
|-damage|p2a: Incineroar|78/100 psn|[from] psn
|upkeep
|turn|2
|
|t:|1785878118
|switch|p2a: Sinistcha|Sinistcha, L50|100/100
|move|p1a: Delphox|Protect|p1a: Delphox
|-singleturn|p1a: Delphox|Protect
|move|p1b: Sneasler|Close Combat|p2a: Sinistcha
|-immune|p2a: Sinistcha
|move|p2b: Delphox|Heat Wave|p1b: Sneasler|[spread] 
|-activate|p1a: Delphox|move: Protect
|-miss|p2b: Delphox|p1b: Sneasler
|
|upkeep
|turn|3
|inactive|platanoso has 30 seconds left.
|
|t:|1785878145
|switch|p2a: Incineroar|Incineroar, L50, M|78/100 psn
|-ability|p2a: Incineroar|Intimidate|boost
|-unboost|p1a: Delphox|atk|1
|-unboost|p1b: Sneasler|atk|1
|move|p1b: Sneasler|Protect|p1b: Sneasler
|-singleturn|p1b: Sneasler|Protect
|move|p1a: Delphox|Heat Wave|p2b: Delphox|[spread] p2a,p2b
|-resisted|p2a: Incineroar|1
|-resisted|p2b: Delphox|1
|-damage|p2a: Incineroar|42/100 psn
|-damage|p2b: Delphox|61/100
|-enditem|p2a: Incineroar|Sitrus Berry|[eat]
|-heal|p2a: Incineroar|67/100 psn|[from] item: Sitrus Berry
|move|p2b: Delphox|Heat Wave|p1a: Delphox|[spread] p1a
|-activate|p1b: Sneasler|move: Protect
|-resisted|p1a: Delphox|1
|-damage|p1a: Delphox|60/100
|
|-damage|p2a: Incineroar|54/100 psn|[from] psn
|upkeep
|turn|4
|
|t:|1785878168
|switch|p1b: Primarina|Primarina, L50, F|100/100
|move|p1a: Delphox|Protect|p1a: Delphox
|-singleturn|p1a: Delphox|Protect
|move|p2a: Incineroar|Fake Out|p1a: Delphox
|-activate|p1a: Delphox|move: Protect
|move|p2b: Delphox|Heat Wave|p1a: Delphox|[spread] p1b
|-activate|p1a: Delphox|move: Protect
|-resisted|p1b: Primarina|1
|-damage|p1b: Primarina|65/100
|
|-heal|p1b: Primarina|71/100|[from] item: Leftovers
|-damage|p2a: Incineroar|42/100 psn|[from] psn
|upkeep
|turn|5
|inactive|1Manuel1410 has 30 seconds left.
|
|t:|1785878201
|move|p2b: Delphox|Protect|p2b: Delphox
|-singleturn|p2b: Delphox|Protect
|move|p1a: Delphox|Heat Wave|p2b: Delphox|[spread] 
|-activate|p2b: Delphox|move: Protect
|-miss|p1a: Delphox|p2a: Incineroar
|move|p1b: Primarina|Hyper Voice|p2b: Delphox|[spread] p2a
|-activate|p2b: Delphox|move: Protect
|-supereffective|p2a: Incineroar|1
|-damage|p2a: Incineroar|0 fnt
|faint|p2a: Incineroar
|
|-heal|p1b: Primarina|77/100|[from] item: Leftovers
|upkeep
|
|t:|1785878211
|switch|p2a: Sinistcha|Sinistcha, L50|100/100
|-heal|p2b: Delphox|86/100|[from] ability: Hospitality|[of] p2a: Sinistcha
|turn|6
|
|t:|1785878224
|move|p1a: Delphox|Heat Wave|p2a: Sinistcha|[spread] p2a,p2b
|-supereffective|p2a: Sinistcha|1
|-enditem|p2a: Sinistcha|Occa Berry|[eat]
|-enditem|p2a: Sinistcha|Occa Berry|[weaken]
|-resisted|p2b: Delphox|1
|-damage|p2a: Sinistcha|18/100
|-damage|p2b: Delphox|53/100
|move|p2b: Delphox|Psychic|p1a: Delphox
|-resisted|p1a: Delphox|1
|-damage|p1a: Delphox|9/100
|move|p1b: Primarina|Hyper Voice|p2b: Delphox|[spread] p2a,p2b
|-resisted|p2a: Sinistcha|1
|-supereffective|p2b: Delphox|1
|-damage|p2a: Sinistcha|4/100
|-damage|p2b: Delphox|5/100
|move|p2a: Sinistcha|Matcha Gotcha|p1b: Primarina|[spread] p1a,p1b
|-resisted|p1a: Delphox|1
|-supereffective|p1b: Primarina|1
|-damage|p1a: Delphox|0 fnt
|-heal|p2a: Sinistcha|8/100|[from] drain|[of] p1a: Delphox
|-damage|p1b: Primarina|37/100
|-heal|p2a: Sinistcha|29/100|[from] drain|[of] p1b: Primarina
|faint|p1a: Delphox
|
|-heal|p1b: Primarina|43/100|[from] item: Leftovers
|upkeep
|
|t:|1785878239
|switch|p1a: Sneasler|Sneasler, L50, F|90/100
|turn|7
|inactive|platanoso has 30 seconds left.
|
|t:|1785878273
|move|p2b: Delphox|Protect|p2b: Delphox
|-singleturn|p2b: Delphox|Protect
|move|p2a: Sinistcha|Protect|p2a: Sinistcha
|-singleturn|p2a: Sinistcha|Protect
|move|p1a: Sneasler|Fake Out|p2b: Delphox
|-activate|p2b: Delphox|move: Protect
|move|p1b: Primarina|Moonblast|p2a: Sinistcha
|-activate|p2a: Sinistcha|move: Protect
|
|-heal|p1b: Primarina|49/100|[from] item: Leftovers
|upkeep
|turn|8
|inactive|platanoso has 30 seconds left.
|
|t:|1785878303
|move|p1a: Sneasler|Dire Claw|p2b: Delphox
|-damage|p2b: Delphox|0 fnt
|faint|p2b: Delphox
|-damage|p1a: Sneasler|80/100|[from] item: Life Orb
|move|p1b: Primarina|Hyper Voice|p2a: Sinistcha
|-resisted|p2a: Sinistcha|1
|-crit|p2a: Sinistcha
|-damage|p2a: Sinistcha|0 fnt
|faint|p2a: Sinistcha
|
|-heal|p1b: Primarina|55/100|[from] item: Leftovers
|upkeep
|-message|platanoso forfeited.
|
|win|1Manuel1410
