|j|☆Lightoz
|j|☆palle synchro
|html|Lightozpalle synchro    
|uhtml|bestof|Game 2 of a best-of-3
|t:|1783695075
|gametype|doubles
|player|p1|Lightoz|blue-gen2|1397
|player|p2|palle synchro|volkner|1514
|gen|9
|tier|[Gen 9 Champions] VGC 2026 Reg M-B (Bo3)
|rated|
|rule|Species Clause: Limit one of each Pokémon
|rule|Item Clause: Limit 1 of each item
|clearpoke
|poke|p1|Raichu, L50, F|
|poke|p1|Tsareena, L50, F|
|poke|p1|Basculegion, L50, M|
|poke|p1|Aerodactyl, L50, F|
|poke|p1|Garchomp, L50, F|
|poke|p1|Sylveon, L50, M, shiny|
|poke|p2|Swampert, L50, M|
|poke|p2|Pelipper, L50, M|
|poke|p2|Archaludon, L50, M, shiny|
|poke|p2|Sableye, L50, M|
|poke|p2|Venusaur, L50, M|
|poke|p2|Charizard, L50, F, shiny|
|teampreview|4
|showteam|p1|Raichu||RaichuniteY|LightningRod|ZapCannon,FocusBlast,FakeOut,Protect|Timid||F|||50|]Tsareena||ChoiceScarf|QueenlyMajesty|TropKick,TripleAxel,Uturn,LowKick|Jolly||F|||50|]Basculegion||MysticWater|Adaptability|LastRespects,WaveCrash,AquaJet,Protect|Adamant||M|||50|]Aerodactyl||Aerodactylite|Unnerve|RockSlide,DualWingbeat,Tailwind,Protect|Jolly||F|||50|]Garchomp||LifeOrb|RoughSkin|Earthquake,DragonClaw,RockSlide,Protect|Jolly||F|||50|]Sylveon||FairyFeather|Pixilate|HyperVoice,HyperBeam,QuickAttack,Protect|Modest||M|||50|
|showteam|p2|Swampert||Swampertite|Torrent|WaveCrash,HighHorsepower,IcePunch,Protect|Adamant||M|||50|]Pelipper||SitrusBerry|Drizzle|WeatherBall,Hurricane,Tailwind,Protect|Modest||M|||50|]Archaludon||Leftovers|Stamina|DragonPulse,FlashCannon,ElectroShot,Protect|Modest||M|||50|]Sableye||RoseliBerry|Prankster|Encore,LightScreen,WillOWisp,RainDance|Sassy||M|||50|]Venusaur||LifeOrb|Chlorophyll|EnergyBall,SludgeBomb,EarthPower,Protect|Modest||M|||50|]Charizard||CharizarditeY|Blaze|WeatherBall,HeatWave,Hurricane,Protect|Modest||F|||50|
|inactive|Battle timer is ON: inactive players will automatically lose when time's up. (requested by palle synchro)
|
|t:|1783695103
|teamsize|p1|4
|teamsize|p2|4
|start
|switch|p1a: Aerodactyl|Aerodactyl, L50, F|100/100
|switch|p1b: Basculegion|Basculegion, L50, M|100/100
|switch|p2a: Sableye|Sableye, L50, M|100/100
|switch|p2b: Swampert|Swampert, L50, M|100/100
|-ability|p1a: Aerodactyl|Unnerve
|turn|1
|inactive|palle synchro has 30 seconds left.
|
|t:|1783695128
|detailschange|p2b: Swampert|Swampert-Mega, L50, M
|-mega|p2b: Swampert|Swampert|Swampertite
|move|p2a: Sableye|Will-O-Wisp|p1b: Basculegion
|-status|p1b: Basculegion|brn
|move|p1a: Aerodactyl|Tailwind|p1a: Aerodactyl
|-sidestart|p1: Lightoz|move: Tailwind
|move|p1b: Basculegion|Wave Crash|p2b: Swampert
|-crit|p2b: Swampert
|-damage|p2b: Swampert|35/100
|-damage|p1b: Basculegion|80/100 brn|[from] Recoil
|move|p2b: Swampert|Wave Crash|p1a: Aerodactyl
|-supereffective|p1a: Aerodactyl|1
|-damage|p1a: Aerodactyl|0 fnt
|faint|p1a: Aerodactyl
|-damage|p2b: Swampert|4/100|[from] Recoil
|
|-damage|p1b: Basculegion|74/100 brn|[from] brn
|upkeep
|
|t:|1783695135
|switch|p1a: Raichu|Raichu, L50, F|100/100
|turn|2
|
|t:|1783695156
|detailschange|p1a: Raichu|Raichu-Mega-Y, L50, F
|-mega|p1a: Raichu|Raichu|Raichunite Y
|move|p2b: Swampert|Protect|p2b: Swampert
|-singleturn|p2b: Swampert|Protect
|move|p2a: Sableye|Light Screen|p2a: Sableye
|-sidestart|p2: palle synchro|move: Light Screen
|move|p1a: Raichu|Focus Blast|p2b: Swampert
|-activate|p2b: Swampert|move: Protect
|move|p1b: Basculegion|Last Respects|p2a: Sableye
|-damage|p2a: Sableye|54/100
|
|-damage|p1b: Basculegion|67/100 brn|[from] brn
|upkeep
|turn|3
|inactive|Lightoz has 30 seconds left.
|inactive|Lightoz has 20 seconds left.
|inactive|Lightoz has 15 seconds left.
|
|t:|1783695199
|switch|p2b: Pelipper|Pelipper, L50, M|100/100
|-weather|RainDance|[from] ability: Drizzle|[of] p2b: Pelipper
|move|p2a: Sableye|Encore|p1a: Raichu
|-start|p1a: Raichu|Encore
|move|p1a: Raichu|Focus Blast|p2b: Pelipper
|-resisted|p2b: Pelipper|1
|-damage|p2b: Pelipper|82/100
|move|p1b: Basculegion|Last Respects|p2a: Sableye
|-damage|p2a: Sableye|6/100
|
|-weather|RainDance|[upkeep]
|-damage|p1b: Basculegion|61/100 brn|[from] brn
|upkeep
|turn|4
|inactive|palle synchro has 30 seconds left.
|
|t:|1783695229
|switch|p1a: Garchomp|Garchomp, L50, F|100/100
|move|p2a: Sableye|Will-O-Wisp|p1a: Garchomp
|-status|p1a: Garchomp|brn
|move|p1b: Basculegion|Last Respects|p2b: Pelipper
|-damage|p2b: Pelipper|43/100
|-enditem|p2b: Pelipper|Sitrus Berry|[eat]
|-heal|p2b: Pelipper|68/100|[from] item: Sitrus Berry
|move|p2b: Pelipper|Tailwind|p2b: Pelipper
|-sidestart|p2: palle synchro|move: Tailwind
|
|-weather|RainDance|[upkeep]
|-damage|p1a: Garchomp|93/100 brn|[from] brn
|-damage|p1b: Basculegion|55/100 brn|[from] brn
|-sideend|p1: Lightoz|move: Tailwind
|upkeep
|turn|5
|inactive|palle synchro has 30 seconds left.
|
|t:|1783695261
|switch|p2b: Archaludon|Archaludon, L50, M, shiny|100/100
|move|p1b: Basculegion|Protect|p1b: Basculegion
|-singleturn|p1b: Basculegion|Protect
|move|p2a: Sableye|Encore|p1b: Basculegion
|-activate|p1b: Basculegion|move: Protect
|move|p1a: Garchomp|Dragon Claw|p2b: Archaludon
|-damage|p2b: Archaludon|80/100
|-ability|p2b: Archaludon|Stamina|boost
|-boost|p2b: Archaludon|def|1
|-damage|p1a: Garchomp|84/100 brn|[from] item: Life Orb
|
|-weather|RainDance|[upkeep]
|-heal|p2b: Archaludon|86/100|[from] item: Leftovers
|-damage|p1a: Garchomp|78/100 brn|[from] brn
|-damage|p1b: Basculegion|49/100 brn|[from] brn
|upkeep
|turn|6
|inactive|palle synchro has 30 seconds left.
|
|t:|1783695291
|switch|p1a: Raichu|Raichu-Mega-Y, L50, F|100/100
|move|p2a: Sableye|Encore|p1b: Basculegion
|-start|p1b: Basculegion|Encore
|move|p1b: Basculegion|Protect||[still]
|-fail|p1b: Basculegion
|move|p2b: Archaludon|Dragon Pulse|p1a: Raichu
|-damage|p1a: Raichu|50/100g
|
|-weather|RainDance|[upkeep]
|-heal|p2b: Archaludon|92/100|[from] item: Leftovers
|-damage|p1b: Basculegion|43/100 brn|[from] brn
|-sideend|p2: palle synchro|move: Light Screen
|upkeep
|turn|7
|
|t:|1783695312
|switch|p1b: Garchomp|Garchomp, L50, F|78/100 brn
|move|p2a: Sableye|Light Screen|p2a: Sableye
|-sidestart|p2: palle synchro|move: Light Screen
|move|p2b: Archaludon|Dragon Pulse|p1a: Raichu
|-damage|p1a: Raichu|0 fnt
|faint|p1a: Raichu
|
|-weather|none
|-heal|p2b: Archaludon|98/100|[from] item: Leftovers
|-damage|p1b: Garchomp|72/100 brn|[from] brn
|-sideend|p2: palle synchro|move: Tailwind
|upkeep
|-message|Lightoz forfeited.
|
|win|palle synchro
