|j|☆BoloinaBox
|j|☆Pumpkinman
|html|BoloinaBoxPumpkinman    
|uhtml|bestof|Game 3 of a best-of-3
|t:|1757184243
|gametype|doubles
|player|p1|BoloinaBox|170|1138
|player|p2|Pumpkinman|cyclist-gen4|1124
|gen|9
|tier|[Gen 9] VGC 2025 Reg H (Bo3)
|rated|
|rule|Species Clause: Limit one of each Pokémon
|rule|Item Clause: Limit 1 of each item
|clearpoke
|poke|p1|Kingambit, L50, M|
|poke|p1|Electabuzz, L50, M|
|poke|p1|Primarina, L50, F|
|poke|p1|Rillaboom, L50, M|
|poke|p1|Sneasler, L50, F|
|poke|p1|Ceruledge, L50, M|
|poke|p2|Charizard, L50, M|
|poke|p2|Torkoal, L50, F|
|poke|p2|Porygon2, L50|
|poke|p2|Incineroar, L50, F|
|poke|p2|Jumpluff, L50, F|
|poke|p2|Ursaluna, L50, M|
|teampreview|4
|showteam|p1|Kingambit||DreadPlate|Defiant|KowtowCleave,SuckerPunch,SwordsDance,Protect|||M|||50|,,,,,Dark]Electabuzz||Eviolite|VitalSpirit|Electroweb,Taunt,FollowMe,Protect|||M|||50|,,,,,Dragon]Primarina||ThroatSpray|LiquidVoice|HyperVoice,Moonblast,Haze,Protect|||F|||50|,,,,,Poison]Rillaboom||AssaultVest|GrassySurge|GrassyGlide,DrumBeating,KnockOff,FakeOut|||M|||50|,,,,,Fire]Sneasler||FocusSash|Unburden|CloseCombat,DireClaw,Coaching,FakeOut|||F|||50|,,,,,Stellar]Ceruledge||ClearAmulet|FlashFire|BitterBlade,Poltergeist,BulkUp,Protect|||M|||50|,,,,,Grass
|showteam|p2|Charizard||ChoiceSpecs|SolarPower|HeatWave,Overheat,WeatherBall,AirSlash|||M|||50|,,,,,Ghost]Torkoal||EjectPack|Drought|Eruption,Overheat,HelpingHand,Protect|||F|||50|,,,,,Fire]Porygon2||Eviolite|Download|TeraBlast,IceBeam,Recover,TrickRoom||||||50|,,,,,Fighting]Incineroar||SitrusBerry|Intimidate|FlareBlitz,KnockOff,FakeOut,PartingShot|||F|||50|,,,,,Ghost]Jumpluff||CovertCloak|Chlorophyll|SleepPowder,SunnyDay,RagePowder,Tailwind|||F|||50|,,,,,Water]Ursaluna||FlameOrb|Guts|HeadlongRush,Facade,Earthquake,Protect|||M|||50|,,,,,Ghost
|inactive|Battle timer is ON: inactive players will automatically lose when time's up. (requested by BoloinaBox)
|inactive|Pumpkinman also wants the timer to be on.
|inactive|BoloinaBox has 60 seconds left.
|inactive|Pumpkinman has 60 seconds left.
|
|t:|1757184287
|teamsize|p1|4
|teamsize|p2|4
|start
|switch|p1a: Rillaboom|Rillaboom, L50, M|100/100
|switch|p1b: Ceruledge|Ceruledge, L50, M|100/100
|switch|p2a: Jumpluff|Jumpluff, L50, F|100/100
|switch|p2b: Ursaluna|Ursaluna, L50, M|100/100
|-fieldstart|move: Grassy Terrain|[from] ability: Grassy Surge|[of] p1a: Rillaboom
|turn|1
|inactive|BoloinaBox has 30 seconds left.
|inactive|BoloinaBox has 20 seconds left.
|inactive|BoloinaBox has 15 seconds left.
|
|t:|1757184328
|-terastallize|p1b: Ceruledge|Grass
|move|p2b: Ursaluna|Protect|p2b: Ursaluna
|-singleturn|p2b: Ursaluna|Protect
|move|p2a: Jumpluff|Tailwind|p2a: Jumpluff
|-sidestart|p2: Pumpkinman|move: Tailwind
|move|p1a: Rillaboom|Drum Beating|p2a: Jumpluff
|-resisted|p2a: Jumpluff
|-damage|p2a: Jumpluff|84/100
|move|p1b: Ceruledge|Bulk Up|p1b: Ceruledge
|-boost|p1b: Ceruledge|atk|1
|-boost|p1b: Ceruledge|def|1
|
|-status|p2b: Ursaluna|brn|[from] item: Flame Orb
|upkeep
|turn|2
|inactive|BoloinaBox has 30 seconds left.
|inactive|Pumpkinman has 30 seconds left.
|
|t:|1757184360
|switch|p2a: Incineroar|Incineroar, L50, F|100/100
|-ability|p2a: Incineroar|Intimidate|boost
|-unboost|p1a: Rillaboom|atk|1
|-fail|p1b: Ceruledge|unboost|[from] item: Clear Amulet|[of] p1b: Ceruledge
|switch|p1a: Sneasler|Sneasler, L50, F|100/100
|move|p1b: Ceruledge|Protect|p1b: Ceruledge
|-singleturn|p1b: Ceruledge|Protect
|move|p2b: Ursaluna|Facade|p1b: Ceruledge
|-activate|p1b: Ceruledge|move: Protect
|
|-damage|p2b: Ursaluna|95/100 brn|[from] brn
|upkeep
|turn|3
|inactive|BoloinaBox has 30 seconds left.
|inactive|Pumpkinman has 30 seconds left.
|inactive|BoloinaBox has 20 seconds left.
|inactive|Pumpkinman has 20 seconds left.
|inactive|BoloinaBox has 15 seconds left.
|inactive|Pumpkinman has 15 seconds left.
|inactive|Pumpkinman has 10 seconds left.
|
|t:|1757184409
|switch|p1a: Electabuzz|Electabuzz, L50, M|100/100
|move|p2a: Incineroar|Fake Out|p1a: Electabuzz
|-damage|p1a: Electabuzz|90/100
|move|p2b: Ursaluna|Facade|p1b: Ceruledge
|-damage|p1b: Ceruledge|0 fnt
|faint|p1b: Ceruledge
|
|-heal|p2b: Ursaluna|100/100 brn|[from] Grassy Terrain
|-heal|p1a: Electabuzz|96/100|[from] Grassy Terrain
|-damage|p2b: Ursaluna|95/100 brn|[from] brn
|upkeep
|
|t:|1757184424
|switch|p1b: Rillaboom|Rillaboom, L50, M|100/100
|turn|4
|inactive|BoloinaBox has 30 seconds left.
|inactive|Pumpkinman has 30 seconds left.
|
|t:|1757184456
|-terastallize|p2b: Ursaluna|Ghost
|move|p1a: Electabuzz|Follow Me|p1a: Electabuzz
|-singleturn|p1a: Electabuzz|move: Follow Me
|move|p2a: Incineroar|Parting Shot|p1a: Electabuzz
|-unboost|p1a: Electabuzz|atk|1
|-unboost|p1a: Electabuzz|spa|1
|
|t:|1757184461
|switch|p2a: Jumpluff|Jumpluff, L50, F|84/100|[from] Parting Shot
|move|p2b: Ursaluna|Earthquake|p1b: Rillaboom|[spread] p1a,p1b
|-immune|p2a: Jumpluff
|-supereffective|p1a: Electabuzz
|-resisted|p1b: Rillaboom
|-damage|p1a: Electabuzz|44/100
|-damage|p1b: Rillaboom|82/100
|move|p1b: Rillaboom|Drum Beating|p2b: Ursaluna
|-damage|p2b: Ursaluna|52/100 brn
|-unboost|p2b: Ursaluna|spe|1
|
|-heal|p1a: Electabuzz|50/100|[from] Grassy Terrain
|-heal|p1b: Rillaboom|89/100|[from] Grassy Terrain
|-heal|p2b: Ursaluna|57/100 brn|[from] Grassy Terrain
|-damage|p2b: Ursaluna|52/100 brn|[from] brn
|-sideend|p2: Pumpkinman|move: Tailwind
|upkeep
|turn|5
|inactive|Pumpkinman has 30 seconds left.
|
|t:|1757184490
|switch|p2b: Incineroar|Incineroar, L50, F|100/100
|-ability|p2b: Incineroar|Intimidate|boost
|-unboost|p1a: Electabuzz|atk|1
|-unboost|p1b: Rillaboom|atk|1
|move|p2a: Jumpluff|Tailwind|p2a: Jumpluff
|-sidestart|p2: Pumpkinman|move: Tailwind
|move|p1a: Electabuzz|Electroweb|p2b: Incineroar|[spread] p2a,p2b
|-damage|p2a: Jumpluff|74/100
|-damage|p2b: Incineroar|93/100
|-unboost|p2b: Incineroar|spe|1
|move|p1b: Rillaboom|Knock Off|p2b: Incineroar
|-resisted|p2b: Incineroar
|-crit|p2b: Incineroar
|-damage|p2b: Incineroar|67/100
|-enditem|p2b: Incineroar|Sitrus Berry|[from] move: Knock Off|[of] p1b: Rillaboom
|
|-heal|p1a: Electabuzz|56/100|[from] Grassy Terrain
|-heal|p1b: Rillaboom|95/100|[from] Grassy Terrain
|-heal|p2b: Incineroar|73/100|[from] Grassy Terrain
|-fieldend|move: Grassy Terrain
|upkeep
|turn|6
|inactive|Pumpkinman has 30 seconds left.
|inactive|Pumpkinman has 20 seconds left.
|
|t:|1757184525
|move|p1a: Electabuzz|Follow Me|p1a: Electabuzz
|-singleturn|p1a: Electabuzz|move: Follow Me
|move|p2a: Jumpluff|Sunny Day|p2a: Jumpluff
|-weather|SunnyDay
|move|p1b: Rillaboom|Knock Off|p2a: Jumpluff
|-damage|p2a: Jumpluff|49/100
|-enditem|p2a: Jumpluff|Covert Cloak|[from] move: Knock Off|[of] p1b: Rillaboom
|move|p2b: Incineroar|Flare Blitz|p1a: Electabuzz
|-damage|p1a: Electabuzz|0 fnt
|faint|p1a: Electabuzz
|-damage|p2b: Incineroar|58/100|[from] Recoil
|
|-weather|SunnyDay|[upkeep]
|upkeep
|
|t:|1757184533
|switch|p1a: Sneasler|Sneasler, L50, F|100/100
|turn|7
|inactive|BoloinaBox has 30 seconds left.
|inactive|Pumpkinman has 30 seconds left.
|inactive|BoloinaBox has 20 seconds left.
|inactive|BoloinaBox has 15 seconds left.
|inactive|BoloinaBox has 10 seconds left.
|
|t:|1757184580
|switch|p2b: Porygon2|Porygon2, L50|100/100
|-ability|p2b: Porygon2|Download|boost
|-boost|p2b: Porygon2|spa|1
|move|p1a: Sneasler|Fake Out|p2b: Porygon2
|-damage|p2b: Porygon2|92/100
|move|p2a: Jumpluff|Sleep Powder|p1a: Sneasler
|-status|p1a: Sneasler|slp|[from] move: Sleep Powder
|move|p1b: Rillaboom|Drum Beating|p2a: Jumpluff
|-resisted|p2a: Jumpluff
|-damage|p2a: Jumpluff|41/100
|-unboost|p2a: Jumpluff|spe|1
|
|-weather|SunnyDay|[upkeep]
|upkeep
|turn|8
|-message|BoloinaBox forfeited.
|
|win|Pumpkinman
|raw|BoloinaBox's rating: 1138 → 1112(-26 for losing)
|raw|Pumpkinman's rating: 1124 → 1150(+26 for winning)
|l|☆BoloinaBox
|player|p1|
