|j|☆Sabasvgc
|j|☆Professor_J93
|html|SabasvgcProfessor_J93    
|uhtml|bestof|Game 2 of a best-of-3
|t:|1757740290
|gametype|doubles
|player|p1|Sabasvgc|169|1298
|player|p2|Professor_J93|n|1230
|gen|9
|tier|[Gen 9] VGC 2025 Reg H (Bo3)
|rated|
|rule|Species Clause: Limit one of each Pokémon
|rule|Item Clause: Limit 1 of each item
|clearpoke
|poke|p1|Dondozo, L50, F|
|poke|p1|Tatsugiri-Droopy, L50, F|
|poke|p1|Slaking, L50, M|
|poke|p1|Weezing, L50, F|
|poke|p1|Garchomp, L50, M|
|poke|p1|Kilowattrel, L50, M|
|poke|p2|Decidueye-Hisui, L50, M|
|poke|p2|Electabuzz, L50, M|
|poke|p2|Yanmega, L50, M|
|poke|p2|Chandelure, L50, M|
|poke|p2|Metagross, L50|
|poke|p2|Palafin, L50, M|
|teampreview|4
|showteam|p1|Dondozo||Leftovers|Unaware|Protect,OrderUp,BodyPress,RockSlide|||F|||50|,,,,,Grass]Tatsugiri-Droopy||ChoiceScarf|Commander|HelpingHand,IcyWind,MuddyWater,DracoMeteor|||F|||50|,,,,,Steel]Slaking||SitrusBerry|Truant|PlayRough,HighHorsepower,KnockOff,Protect|||M|||50|,,,,,Fairy]Weezing||RockyHelmet|NeutralizingGas|Protect,Taunt,WillOWisp,SludgeBomb|||F|||50|,,,,,Flying]Garchomp||LifeOrb|RoughSkin|Earthquake,StompingTantrum,DragonClaw,Protect|||M|||50|,,,,,Ground]Kilowattrel||FocusSash|Competitive|Discharge,Tailwind,AirSlash,Protect|||M|||50|,,,,,Ghost
|showteam|p2|Decidueye-Hisui||ScopeLens|Scrappy|TripleArrows,LeafBlade,Haze,Protect|||M|||50|,,,,,Fire]Electabuzz||Eviolite|VitalSpirit|Electroweb,FollowMe,Taunt,Thunderbolt|||M|||50|,,,,,Dragon]Yanmega||FocusSash|SpeedBoost|AirSlash,BugBuzz,Tailwind,Protect|||M|||50|,,,,,Ghost]Chandelure||FlamePlate|FlashFire|ShadowBall,HeatWave,TrickRoom,Protect|||M|||50|,,,,,Grass]Metagross||AssaultVest|ClearBody|HeavySlam,PsychicFangs,KnockOff,BulletPunch||||||50|,,,,,Dark]Palafin||LifeOrb|ZerotoHero|JetPunch,WaveCrash,Encore,Protect|||M|||50|,,,,,Water
|inactive|Battle timer is ON: inactive players will automatically lose when time's up. (requested by Professor_J93)
|
|t:|1757740302
|teamsize|p1|4
|teamsize|p2|4
|start
|switch|p1a: Slaking|Slaking, L50, M, shiny|100/100
|switch|p1b: Weezing|Weezing, L50, F, shiny|100/100
|switch|p2a: ElectaGOAT|Electabuzz, L50, M, shiny|100/100
|switch|p2b: Palafin|Palafin, L50, M|100/100
|-ability|p1b: Weezing|Neutralizing Gas
|turn|1
|
|t:|1757740311
|detailschange|p2b: Palafin|Palafin-Hero, L50, M
|switch|p2b: Metagross|Metagross, L50, shiny|100/100
|move|p2a: ElectaGOAT|Taunt|p1b: Weezing
|-start|p1b: Weezing|move: Taunt
|move|p1a: Slaking|High Horsepower|p2a: ElectaGOAT
|-supereffective|p2a: ElectaGOAT
|-damage|p2a: ElectaGOAT|15/100
|cant|p1b: Weezing|move: Taunt|Will-O-Wisp
|
|upkeep
|turn|2
|inactive|Sabasvgc has 30 seconds left.
|inactive|Sabasvgc has 20 seconds left.
|
|t:|1757740346
|move|p2a: ElectaGOAT|Electroweb|p1a: Slaking|[spread] p1a,p1b
|-damage|p1a: Slaking|85/100
|-damage|p1b: Weezing|87/100
|-unboost|p1a: Slaking|spe|1
|-unboost|p1b: Weezing|spe|1
|move|p2b: Metagross|Psychic Fangs|p1b: Weezing
|-supereffective|p1b: Weezing
|-damage|p1b: Weezing|0 fnt
|-damage|p2b: Metagross|84/100|[from] item: Rocky Helmet|[of] p1b: Weezing
|faint|p1b: Weezing
|-end|p1b: Weezing|ability: Neutralizing Gas
|move|p1a: Slaking|Knock Off|p2b: Metagross
|-supereffective|p2b: Metagross
|-damage|p2b: Metagross|16/100
|-enditem|p2b: Metagross|Assault Vest|[from] move: Knock Off|[of] p1a: Slaking
|
|upkeep
|
|t:|1757740357
|switch|p1b: Garchomp|Garchomp, L50, M, shiny|100/100
|turn|3
|inactive|Professor_J93 has 30 seconds left.
|inactive|Professor_J93 has 20 seconds left.
|inactive|Professor_J93 has 15 seconds left.
|
|t:|1757740397
|switch|p1a: Kilowattrel|Kilowattrel, L50, M, shiny|100/100
|move|p2b: Metagross|Bullet Punch|p1a: Kilowattrel
|-resisted|p1a: Kilowattrel
|-damage|p1a: Kilowattrel|80/100
|move|p2a: ElectaGOAT|Thunderbolt|p1a: Kilowattrel
|-crit|p1a: Kilowattrel
|-damage|p1a: Kilowattrel|0 fnt
|faint|p1a: Kilowattrel
|move|p1b: Garchomp|Earthquake|p2b: Metagross|[spread] p2a,p2b
|-supereffective|p2a: ElectaGOAT
|-supereffective|p2b: Metagross
|-damage|p2a: ElectaGOAT|0 fnt
|-damage|p2b: Metagross|0 fnt
|faint|p2a: ElectaGOAT
|faint|p2b: Metagross
|-damage|p1b: Garchomp|91/100|[from] item: Life Orb
|
|upkeep
|
|t:|1757740416
|switch|p1a: Slaking|Slaking, L50, M, shiny|85/100
|switch|p2a: Palafin|Palafin-Hero, L50, M|100/100
|switch|p2b: Ullr|Decidueye-Hisui, L50, M, shiny|100/100
|-activate|p2a: Palafin|ability: Zero to Hero
|turn|4
|
|t:|1757740434
|move|p2a: Palafin|Protect|p2a: Palafin
|-singleturn|p2a: Palafin|Protect
|move|p2b: Ullr|Protect|p2b: Ullr
|-singleturn|p2b: Ullr|Protect
|move|p1b: Garchomp|Dragon Claw|p2b: Ullr
|-activate|p2b: Ullr|move: Protect
|move|p1a: Slaking|Play Rough|p2b: Ullr
|-activate|p2b: Ullr|move: Protect
|
|upkeep
|turn|5
|
|t:|1757740448
|-terastallize|p2a: Palafin|Water
|move|p2a: Palafin|Wave Crash|p1b: Garchomp
|-crit|p1b: Garchomp
|-damage|p1b: Garchomp|0 fnt
|-damage|p2a: Palafin|88/100|[from] ability: Rough Skin|[of] p1b: Garchomp
|faint|p1b: Garchomp
|-damage|p2a: Palafin|57/100|[from] Recoil
|-damage|p2a: Palafin|47/100|[from] item: Life Orb
|cant|p1a: Slaking|ability: Truant
|move|p2b: Ullr|Triple Arrows|p1a: Slaking
|-supereffective|p1a: Slaking
|-damage|p1a: Slaking|10/100
|-unboost|p1a: Slaking|def|1
|-enditem|p1a: Slaking|Sitrus Berry|[eat]
|-heal|p1a: Slaking|35/100|[from] item: Sitrus Berry
|
|upkeep
|turn|6
|l|☆Sabasvgc
|inactive|Sabasvgc disconnected and has a minute to reconnect!
|player|p1|
|inactive|Sabasvgc has 30 seconds left.
|inactive|Sabasvgc has 20 seconds left.
|inactive|Sabasvgc has 15 seconds left.
|inactive|Sabasvgc has 10 seconds left.
|inactive|Sabasvgc has 5 seconds left.
|-message|Sabasvgc lost due to inactivity.
|
|win|Professor_J93
|raw|Sabasvgc's rating: 1298 → 1268(-30 for losing)
|raw|Professor_J93's rating: 1230 → 1260(+30 for winning)
|l|☆Professor_J93
|player|p2|
