|j|☆angandi01
|j|☆PyreAeroVGC
|html|angandi01PyreAeroVGC    
|uhtml|bestof|Game 1 of a best-of-3
|t:|1757183377
|gametype|doubles
|player|p1|angandi01|101|1130
|player|p2|PyreAeroVGC|169|1234
|gen|9
|tier|[Gen 9] VGC 2025 Reg H (Bo3)
|rated|
|rule|Species Clause: Limit one of each Pokémon
|rule|Item Clause: Limit 1 of each item
|clearpoke
|poke|p1|Archaludon, L50, M|
|poke|p1|Basculegion, L50, M|
|poke|p1|Pelipper, L50, M|
|poke|p1|Amoonguss, L50, F|
|poke|p1|Kingambit, L50, F|
|poke|p1|Greninja-*, L50, F|
|poke|p2|Politoed, L50, M|
|poke|p2|Gothitelle, L50, M|
|poke|p2|Incineroar, L50, M|
|poke|p2|Amoonguss, L50, M|
|poke|p2|Kingdra, L50, F|
|poke|p2|Archaludon, L50, F|
|teampreview|4
|showteam|p1|Archaludon||AssaultVest|Stamina|FlashCannon,DracoMeteor,ElectroShot,BodyPress|||M|||50|,,,,,Bug]Basculegion||ChoiceBand|SwiftSwim|WaveCrash,LastRespects,FlipTurn,AquaJet|||M|||50|,,,,,Water]Pelipper||FocusSash|Drizzle|WeatherBall,Hurricane,Tailwind,Protect|||M|||50|,,,,,Steel]Amoonguss||SitrusBerry|Regenerator|PollenPuff,RagePowder,Spore,Protect|||F|||50|,,,,,Psychic]Kingambit||SafetyGoggles|Defiant|KowtowCleave,SuckerPunch,SwordsDance,Protect|||F|||50|,,,,,Dark]Greninja||LoadedDice|Torrent|WaterShuriken,DarkPulse,Taunt,Protect|||F|||50|,,,,,Ghost
|showteam|p2|Politoed||Leftovers|Drizzle|Protect,WeatherBall,PerishSong,Encore|||M|||50|,,,,,Grass]Gothitelle||SitrusBerry|ShadowTag|Protect,Psychic,FakeOut,TrickRoom|||M|||50|,,,,,Dark]Incineroar||SafetyGoggles|Intimidate|Protect,KnockOff,FakeOut,PartingShot|||M|||50|,,,,,Ghost]Amoonguss||EjectButton|Regenerator|Protect,RagePowder,PollenPuff,Spore|||M|||50|,,,,,Fairy]Kingdra||LifeOrb|SwiftSwim|Protect,WeatherBall,DracoMeteor,MuddyWater|||F|||50|,,,,,Stellar]Archaludon||PowerHerb|Sturdy|Protect,ElectroShot,DragonPulse,FlashCannon|||F|||50|,,,,,Electric
|inactive|Battle timer is ON: inactive players will automatically lose when time's up. (requested by PyreAeroVGC)
|j| We_Are_Toasted
|l| We_Are_Toasted
|inactive|angandi01 has 60 seconds left.
|inactive|PyreAeroVGC has 60 seconds left.
|
|t:|1757183428
|teamsize|p1|4
|teamsize|p2|4
|start
|switch|p1a: Archaludon|Archaludon, L50, M|100/100
|switch|p1b: Greninja|Greninja, L50, F|100/100
|switch|p2a: Politoed|Politoed, L50, M|100/100
|switch|p2b: Amoonguss|Amoonguss, L50, M|100/100
|-weather|RainDance|[from] ability: Drizzle|[of] p2a: Politoed
|turn|1
|inactive|angandi01 has 30 seconds left.
|inactive|PyreAeroVGC has 30 seconds left.
|inactive|angandi01 has 20 seconds left.
|inactive|angandi01 has 15 seconds left.
|inactive|angandi01 has 10 seconds left.
|inactive|angandi01 has 5 seconds left.
|
|t:|1757183479
|-terastallize|p2a: Politoed|Grass
|move|p2b: Amoonguss|Rage Powder|p2b: Amoonguss
|-singleturn|p2b: Amoonguss|move: Rage Powder
|move|p1b: Greninja|Water Shuriken|p2b: Amoonguss
|-resisted|p2b: Amoonguss
|-crit|p2b: Amoonguss
|-damage|p2b: Amoonguss|93/100
|-resisted|p2b: Amoonguss
|-damage|p2b: Amoonguss|88/100
|-resisted|p2b: Amoonguss
|-damage|p2b: Amoonguss|83/100
|-resisted|p2b: Amoonguss
|-damage|p2b: Amoonguss|78/100
|-resisted|p2b: Amoonguss
|-damage|p2b: Amoonguss|73/100
|-hitcount|p2b: Amoonguss|5
|-enditem|p2b: Amoonguss|Eject Button
|
|t:|1757183492
|switch|p2b: Gothitelle|Gothitelle, L50, M|100/100
|move|p1a: Archaludon|Electro Shot||[still]
|-prepare|p1a: Archaludon|Electro Shot
|-boost|p1a: Archaludon|spa|1
|-anim|p1a: Archaludon|Electro Shot|p2a: Politoed
|-resisted|p2a: Politoed
|-damage|p2a: Politoed|80/100
|move|p2a: Politoed|Perish Song|p2a: Politoed
|-start|p1a: Archaludon|perish3|[silent]
|-start|p1b: Greninja|perish3|[silent]
|-start|p2a: Politoed|perish3|[silent]
|-start|p2b: Gothitelle|perish3|[silent]
|-fieldactivate|move: Perish Song
|
|-weather|RainDance|[upkeep]
|-heal|p2a: Politoed|86/100|[from] item: Leftovers
|-start|p1b: Greninja|perish3
|-start|p1a: Archaludon|perish3
|-start|p2a: Politoed|perish3
|-start|p2b: Gothitelle|perish3
|upkeep
|turn|2
|inactive|angandi01 has 30 seconds left.
|inactive|PyreAeroVGC has 30 seconds left.
|
|t:|1757183528
|switch|p2a: Amoonguss|Amoonguss, L50, M|100/100
|move|p2b: Gothitelle|Fake Out|p1b: Greninja
|-damage|p1b: Greninja|93/100
|cant|p1b: Greninja|flinch
|move|p1a: Archaludon|Flash Cannon|p2a: Amoonguss
|-damage|p2a: Amoonguss|53/100
|
|-weather|RainDance|[upkeep]
|-start|p1b: Greninja|perish2
|-start|p1a: Archaludon|perish2
|-start|p2b: Gothitelle|perish2
|upkeep
|turn|3
|inactive|angandi01 has 30 seconds left.
|inactive|PyreAeroVGC has 30 seconds left.
|inactive|angandi01 has 20 seconds left.
|inactive|angandi01 has 15 seconds left.
|inactive|angandi01 has 10 seconds left.
|
|t:|1757183573
|switch|p2a: Politoed|Politoed, L50, M, tera:Grass|86/100
|move|p2b: Gothitelle|Protect|p2b: Gothitelle
|-singleturn|p2b: Gothitelle|Protect
|move|p1b: Greninja|Taunt|p2a: Politoed
|-start|p2a: Politoed|move: Taunt
|move|p1a: Archaludon|Draco Meteor|p2b: Gothitelle
|-activate|p2b: Gothitelle|move: Protect
|
|-weather|RainDance|[upkeep]
|-heal|p2a: Politoed|92/100|[from] item: Leftovers
|-start|p1b: Greninja|perish1
|-start|p1a: Archaludon|perish1
|-start|p2b: Gothitelle|perish1
|upkeep
|turn|4
|inactive|angandi01 has 30 seconds left.
|inactive|angandi01 has 20 seconds left.
|inactive|angandi01 has 15 seconds left.
|
|t:|1757183616
|switch|p2b: Amoonguss|Amoonguss, L50, M|86/100
|move|p1b: Greninja|Dark Pulse|p2b: Amoonguss
|-damage|p2b: Amoonguss|57/100
|move|p1a: Archaludon|Draco Meteor|p2a: Politoed
|-damage|p2a: Politoed|28/100
|-unboost|p1a: Archaludon|spa|2
|move|p2a: Politoed|Weather Ball|p1a: Archaludon
|-resisted|p1a: Archaludon
|-damage|p1a: Archaludon|79/100
|-ability|p1a: Archaludon|Stamina|boost
|-boost|p1a: Archaludon|def|1
|
|-weather|RainDance|[upkeep]
|-heal|p2a: Politoed|35/100|[from] item: Leftovers
|-start|p1b: Greninja|perish0
|-start|p1a: Archaludon|perish0
|upkeep
|faint|p1b: Greninja
|faint|p1a: Archaludon
|
|t:|1757183635
|switch|p1b: Pelipper|Pelipper, L50, M, shiny|100/100
|switch|p1a: Basculegion|Basculegion, L50, M|100/100
|turn|5
|inactive|PyreAeroVGC has 30 seconds left.
|
|t:|1757183669
|switch|p2a: Gothitelle|Gothitelle, L50, M|100/100
|move|p2b: Amoonguss|Protect|p2b: Amoonguss
|-singleturn|p2b: Amoonguss|Protect
|move|p1a: Basculegion|Last Respects|p2b: Amoonguss
|-activate|p2b: Amoonguss|move: Protect
|move|p1b: Pelipper|Hurricane|p2a: Gothitelle
|-damage|p2a: Gothitelle|66/100
|
|-weather|none
|upkeep
|turn|6
|inactive|angandi01 has 30 seconds left.
|
|t:|1757183700
|move|p1a: Basculegion|Last Respects|p2b: Amoonguss
|-damage|p2b: Amoonguss|0 fnt
|faint|p2b: Amoonguss
|move|p1b: Pelipper|Tailwind|p1b: Pelipper
|-sidestart|p1: angandi01|move: Tailwind
|move|p2a: Gothitelle|Trick Room|p2a: Gothitelle
|-fieldstart|move: Trick Room|[of] p2a: Gothitelle
|
|upkeep
|
|t:|1757183706
|switch|p2b: Archaludon|Archaludon, L50, F|100/100
|turn|7
|
|t:|1757183723
|move|p2a: Gothitelle|Psychic|p1b: Pelipper
|-damage|p1b: Pelipper|45/100
|move|p2b: Archaludon|Electro Shot||[still]
|-prepare|p2b: Archaludon|Electro Shot
|-boost|p2b: Archaludon|spa|1
|-enditem|p2b: Archaludon|Power Herb
|-anim|p2b: Archaludon|Electro Shot|p1a: Basculegion
|-supereffective|p1a: Basculegion
|-damage|p1a: Basculegion|0 fnt
|faint|p1a: Basculegion
|move|p1b: Pelipper|Hurricane|p2a: Gothitelle
|-damage|p2a: Gothitelle|32/100
|-enditem|p2a: Gothitelle|Sitrus Berry|[eat]
|-heal|p2a: Gothitelle|56/100|[from] item: Sitrus Berry
|
|upkeep
|turn|8
|-message|angandi01 forfeited.
|
|win|PyreAeroVGC
|l|☆angandi01
|player|p1|
||PyreAeroVGC is ready for game 2.
||angandi01 is ready for game 2.
|uhtml|next|Next: Game 2 of 3
