|j|☆liamgar
|j|☆SilverSocks
|html|liamgarSilverSocks    
|uhtml|bestof|Game 1 of a best-of-3
|t:|1782332907
|gametype|doubles
|player|p1|liamgar|1|1040
|player|p2|SilverSocks|drayton|1000
|gen|9
|tier|[Gen 9 Champions] VGC 2026 Reg M-B (Bo3)
|rated|
|rule|Species Clause: Limit one of each Pokémon
|rule|Item Clause: Limit 1 of each item
|clearpoke
|poke|p1|Blaziken, L50, M|
|poke|p1|Sceptile, L50, F|
|poke|p1|Basculegion, L50, M|
|poke|p1|Clefable, L50, F|
|poke|p1|Kingambit, L50, M|
|poke|p1|Gengar, L50, F, shiny|
|poke|p2|Sableye, L50, F, shiny|
|poke|p2|Raichu, L50, F|
|poke|p2|Sinistcha-Masterpiece, L50|
|poke|p2|Farigiraf, L50, M|
|poke|p2|Torkoal, L50, F|
|poke|p2|Krookodile, L50, M|
|teampreview|4
|showteam|p1|Blaziken||Blazikenite|SpeedBoost|Protect,SwordsDance,CloseCombat,FlareBlitz|Adamant||M|||50|]Sceptile||QuickClaw|Overgrow|LeafStorm,EnergyBall,Trailblaze,LeechSeed|Hasty||F|||50|]Basculegion||FocusSash|Adaptability|LastRespects,Soak,WaveCrash,Protect|Adamant||M|||50|]Clefable||Leftovers|Unaware|KnockOff,Wish,Protect,FollowMe|Careful||F|||50|]Kingambit||SitrusBerry|Defiant|KowtowCleave,IronHead,SuckerPunch,SwordsDance|Adamant||M|||50|]Gengar||Gengarite|CursedBody|PerishSong,Protect,Rest,DestinyBond|Sassy||F|||50|
|showteam|p2|Sableye||LightClay|KeenEye|Reflect,LightScreen,Quash,ThunderWave|Bold||F|||50|]Raichu||RaichuniteX|Static|RisingVoltage,GrassKnot,NastyPlot,Protect|Timid||F|||50|]Sinistcha-Masterpiece||Leftovers|Hospitality|MatchaGotcha,RagePowder,Protect,LifeDew|Sassy|||||50|]Farigiraf||ColburBerry|ArmorTail|HyperVoice,TwinBeam,TrickRoom,ThunderWave|Modest||M|||50|]Torkoal||QuickClaw|Drought|Eruption,HeatWave,Yawn,HelpingHand|Quiet||F|||50|]Krookodile||FocusSash|Intimidate|Earthquake,KnockOff,RockSlide,Protect|Jolly||M|||50|
|inactive|Battle timer is ON: inactive players will automatically lose when time's up. (requested by liamgar)
|c|☆liamgar|good luck
|c|☆SilverSocks|Good luck to you as well
|
|t:|1782332946
|teamsize|p1|4
|teamsize|p2|4
|start
|switch|p1a: Sceptile|Sceptile, L50, F|100/100
|switch|p1b: Julian|Kingambit, L50, M|100/100
|switch|p2a: Sableye|Sableye, L50, F, shiny|100/100
|switch|p2b: Raichu|Raichu, L50, F|100/100
|turn|1
|inactive|liamgar has 30 seconds left.
|
|t:|1782332973
|detailschange|p2b: Raichu|Raichu-Mega-X, L50, F
|-mega|p2b: Raichu|Raichu|Raichunite X
|-fieldstart|move: Electric Terrain|[from] ability: Electric Surge|[of] p2b: Raichu
|move|p2b: Raichu|Protect|p2b: Raichu
|-singleturn|p2b: Raichu|Protect
|move|p1a: Sceptile|Leaf Storm|p2b: Raichu
|-activate|p2b: Raichu|move: Protect
|move|p2a: Sableye|Reflect|p2a: Sableye
|-sidestart|p2: SilverSocks|Reflect
|move|p1b: Julian|Kowtow Cleave|p2b: Raichu
|-activate|p2b: Raichu|move: Protect
|
|upkeep
|turn|2
|
|t:|1782332987
|move|p1a: Sceptile|Leaf Storm|p2b: Raichu
|-damage|p2b: Raichu|20/100y
|-unboost|p1a: Sceptile|spa|2
|move|p2b: Raichu|Nasty Plot|p2b: Raichu
|-boost|p2b: Raichu|spa|2
|move|p2a: Sableye|Light Screen|p2a: Sableye
|-sidestart|p2: SilverSocks|move: Light Screen
|move|p1b: Julian|Kowtow Cleave|p2b: Raichu
|-damage|p2b: Raichu|0 fnt
|faint|p2b: Raichu
|
|upkeep
|
|t:|1782333010
|switch|p2b: Krookodile|Krookodile, L50, M|100/100
|-ability|p2b: Krookodile|Intimidate|boost
|-unboost|p1a: Sceptile|atk|1
|-unboost|p1b: Julian|atk|1
|-ability|p1b: Julian|Defiant|boost
|-boost|p1b: Julian|atk|2
|turn|3
|-activate|p1a: Sceptile|item: Quick Claw
|
|t:|1782333023
|move|p1a: Sceptile|Leaf Storm|p2b: Krookodile
|-supereffective|p2b: Krookodile|1
|-damage|p2b: Krookodile|48/100
|-unboost|p1a: Sceptile|spa|2
|move|p2b: Krookodile|Earthquake|p1a: Sceptile|[spread] p2a,p1a,p1b
|-resisted|p1a: Sceptile|1
|-supereffective|p1b: Julian|1
|-damage|p2a: Sableye|77/100
|-damage|p1a: Sceptile|64/100
|-damage|p1b: Julian|46/100
|-enditem|p1b: Julian|Sitrus Berry|[eat]
|-heal|p1b: Julian|71/100|[from] item: Sitrus Berry
|move|p2a: Sableye|Quash||[still]
|-fail|p2a: Sableye
|move|p1b: Julian|Swords Dance|p1b: Julian
|-boost|p1b: Julian|atk|2
|
|upkeep
|turn|4
|inactive|liamgar has 30 seconds left.
|inactive|SilverSocks has 30 seconds left.
|-activate|p1a: Sceptile|item: Quick Claw
|
|t:|1782333058
|switch|p2a: Farigiraf|Farigiraf, L50, M|100/100
|move|p1b: Julian|Sucker Punch||[still]
|cant|p2a: Farigiraf|ability: Armor Tail|Sucker Punch|[of] p1b: Julian
|move|p1a: Sceptile|Leech Seed|p2a: Farigiraf
|-start|p2a: Farigiraf|move: Leech Seed
|move|p2b: Krookodile|Earthquake|p1b: Julian|[spread] p2a,p1a,p1b
|-crit|p2a: Farigiraf
|-resisted|p1a: Sceptile|1
|-supereffective|p1b: Julian|1
|-damage|p2a: Farigiraf|47/100
|-damage|p1a: Sceptile|29/100
|-damage|p1b: Julian|18/100
|
|-damage|p2a: Farigiraf|34/100|[from] Leech Seed|[of] p1a: Sceptile
|-heal|p1a: Sceptile|48/100|[silent]
|upkeep
|turn|5
|
|t:|1782333076
|move|p1a: Sceptile|Leaf Storm|p2b: Krookodile|[miss]
|-miss|p1a: Sceptile|p2b: Krookodile
|move|p2b: Krookodile|Earthquake|p1a: Sceptile|[spread] p2a,p1a,p1b
|-resisted|p1a: Sceptile|1
|-supereffective|p1b: Julian|1
|-damage|p2a: Farigiraf|8/100
|-damage|p1a: Sceptile|11/100
|-damage|p1b: Julian|0 fnt
|faint|p1b: Julian
|move|p2a: Farigiraf|Hyper Voice|p1a: Sceptile
|-damage|p1a: Sceptile|0 fnt
|faint|p1a: Sceptile
|
|-fieldend|move: Electric Terrain
|upkeep
|
|t:|1782333083
|switch|p1a: Bo nix|Basculegion, L50, M|100/100
|switch|p1b: greg|Blaziken, L50, M|100/100
|turn|6
|
|t:|1782333102
|move|p2b: Krookodile|Protect|p2b: Krookodile
|-singleturn|p2b: Krookodile|Protect
|move|p1b: greg|Protect|p1b: greg
|-singleturn|p1b: greg|Protect
|move|p1a: Bo nix|Protect|p1a: Bo nix
|-singleturn|p1a: Bo nix|Protect
|move|p2a: Farigiraf|Thunder Wave|p1a: Bo nix
|-activate|p1a: Bo nix|move: Protect
|
|-damage|p2a: Farigiraf|0 fnt|[from] Leech Seed|[of] p1a: Bo nix
|faint|p2a: Farigiraf
|-ability|p1b: greg|Speed Boost|boost
|-boost|p1b: greg|spe|1
|upkeep
|
|t:|1782333115
|switch|p2a: Sableye|Sableye, L50, F, shiny|77/100
|turn|7
|
|t:|1782333136
|detailschange|p1b: greg|Blaziken-Mega, L50, M
|-mega|p1b: greg|Blaziken|Blazikenite
|move|p1b: greg|Close Combat|p2b: Krookodile
|-supereffective|p2b: Krookodile|1
|-damage|p2b: Krookodile|0 fnt
|-unboost|p1b: greg|def|1
|-unboost|p1b: greg|spd|1
|faint|p2b: Krookodile
|move|p1a: Bo nix|Last Respects|p2a: Sableye
|-damage|p2a: Sableye|5/100
|move|p2a: Sableye|Thunder Wave|p1a: Bo nix|[miss]
|-miss|p2a: Sableye|p1a: Bo nix
|
|-ability|p1b: greg|Speed Boost|boost
|-boost|p1b: greg|spe|1
|upkeep
|turn|8
|
|t:|1782333151
|move|p1b: greg|Flare Blitz|p2a: Sableye
|-damage|p2a: Sableye|0 fnt
|faint|p2a: Sableye
|-damage|p1b: greg|98/100|[from] Recoil
|
|win|liamgar
|c|☆liamgar|gg
||liamgar is ready for game 2.
