|j|☆Seteshy
|j|☆Park Su Kim
|html|SeteshyPark Su Kim    
|uhtml|bestof|Game 3 of a best-of-3
|t:|1785382723
|gametype|doubles
|player|p1|Seteshy|266|1070
|player|p2|Park Su Kim|linebacker|1145
|gen|9
|tier|[Gen 9 Champions] VGC 2026 Reg M-B (Bo3)
|rated|
|rule|Species Clause: Limit one of each Pokémon
|rule|Item Clause: Limit 1 of each item
|clearpoke
|poke|p1|Tyranitar, L50, F|
|poke|p1|Glimmora, L50, M|
|poke|p1|Garganacl, L50, M|
|poke|p1|Kleavor, L50, F|
|poke|p1|Arcanine-Hisui, L50, F|
|poke|p1|Aerodactyl, L50, F|
|poke|p2|Torkoal, L50, M|
|poke|p2|Venusaur, L50, M|
|poke|p2|Farigiraf, L50, F|
|poke|p2|Scrafty, L50, F|
|poke|p2|Mamoswine, L50, M|
|poke|p2|Pyroar, L50, F|
|teampreview|4
|showteam|p1|Tyranitar||Tyranitarite|SandStream|RockSlide,KnockOff,Protect,LowKick|Adamant||F|||50|]Glimmora||FocusSash|ToxicDebris|PowerGem,SpikyShield,EarthPower,MortalSpin|Modest||M|||50|]Garganacl||Leftovers|PurifyingSalt|SaltCure,BodyPress,IronDefense,Recover|Careful||M|||50|]Kleavor||ChoiceScarf|Sharpness|StoneAxe,XScissor,Uturn,CloseCombat|Adamant||F|||50|]Arcanine-Hisui||LifeOrb|RockHead|FlareBlitz,HeadSmash,WildCharge,ExtremeSpeed|Adamant||F|||50|]Aerodactyl||Aerodactylite|Unnerve|RockSlide,Tailwind,DualWingbeat,Protect|Jolly||F|||50|
|showteam|p2|Torkoal||HeatRock|Drought|Eruption,WeatherBall,HelpingHand,Protect|Quiet||M|||50|]Venusaur||LifeOrb|Chlorophyll|EnergyBall,SludgeBomb,EarthPower,Protect|Modest||M|||50|]Farigiraf||SitrusBerry|ArmorTail|Psychic,Thunderbolt,TrickRoom,Protect|Quiet||F|||50|]Scrafty||Scraftinite|Intimidate|KnockOff,DrainPunch,FakeOut,IcePunch|Adamant||F|||50|]Mamoswine||FocusSash|Oblivious|HighHorsepower,RockSlide,IceShard,Protect|Jolly||M|||50|]Pyroar||Pyroarite|Unnerve|HeatWave,Overheat,Yawn,Protect|Timid||F|||50|
|inactive|Battle timer is ON: inactive players will automatically lose when time's up. (requested by Park Su Kim)
|inactive|Seteshy has 60 seconds left.
|
|t:|1785382755
|teamsize|p1|4
|teamsize|p2|4
|start
|switch|p1a: Aerodactyl|Aerodactyl, L50, F|100/100
|switch|p1b: Arcanine|Arcanine-Hisui, L50, F|100/100
|switch|p2a: Venusaur|Venusaur, L50, M|100/100
|switch|p2b: Scrafty|Scrafty, L50, F|100/100
|-ability|p1a: Aerodactyl|Unnerve
|-ability|p2b: Scrafty|Intimidate|boost
|-unboost|p1a: Aerodactyl|atk|1
|-unboost|p1b: Arcanine|atk|1
|turn|1
|inactive|Seteshy has 30 seconds left.
|inactive|Park Su Kim has 30 seconds left.
|
|t:|1785382784
|detailschange|p2b: Scrafty|Scrafty-Mega, L50, F
|-mega|p2b: Scrafty|Scrafty|Scraftinite
|-ability|p2b: Scrafty|Intimidate|boost
|-unboost|p1a: Aerodactyl|atk|1
|-unboost|p1b: Arcanine|atk|1
|move|p2a: Venusaur|Protect|p2a: Venusaur
|-singleturn|p2a: Venusaur|Protect
|move|p1a: Aerodactyl|Tailwind|p1a: Aerodactyl
|-sidestart|p1: Seteshy|move: Tailwind
|move|p1b: Arcanine|Flare Blitz|p2a: Venusaur
|-activate|p2a: Venusaur|move: Protect
|move|p2b: Scrafty|Drain Punch|p1b: Arcanine
|-supereffective|p1b: Arcanine|1
|-damage|p1b: Arcanine|0 fnt
|faint|p1b: Arcanine
|
|upkeep
|
|t:|1785382805
|switch|p1b: Kleavor|Kleavor, L50, F|100/100
|turn|2
|inactive|Seteshy has 30 seconds left.
|
|t:|1785382834
|switch|p2a: Torkoal|Torkoal, L50, M|100/100
|-weather|SunnyDay|[from] ability: Drought|[of] p2a: Torkoal
|move|p1b: Kleavor|X-Scissor|p2b: Scrafty
|-damage|p2b: Scrafty|48/100
|move|p1a: Aerodactyl|Dual Wingbeat|p2b: Scrafty
|-supereffective|p2b: Scrafty|1
|-damage|p2b: Scrafty|31/100
|-supereffective|p2b: Scrafty|1
|-damage|p2b: Scrafty|13/100
|-hitcount|p2b: Scrafty|2
|move|p2b: Scrafty|Ice Punch|p1a: Aerodactyl
|-supereffective|p1a: Aerodactyl|1
|-damage|p1a: Aerodactyl|7/100
|
|-weather|SunnyDay|[upkeep]
|upkeep
|turn|3
|inactive|Park Su Kim has 30 seconds left.
|
|t:|1785382865
|switch|p1b: Tyranitar|Tyranitar, L50, F|100/100
|-weather|Sandstorm|[from] ability: Sand Stream|[of] p1b: Tyranitar
|switch|p2b: Farigiraf|Farigiraf, L50, F|100/100
|move|p1a: Aerodactyl|Rock Slide|p2a: Torkoal|[spread] p2a,p2b
|-supereffective|p2a: Torkoal|1
|-damage|p2a: Torkoal|79/100
|-damage|p2b: Farigiraf|89/100
|move|p2a: Torkoal|Weather Ball|p1a: Aerodactyl
|-supereffective|p1a: Aerodactyl|1
|-damage|p1a: Aerodactyl|0 fnt
|faint|p1a: Aerodactyl
|
|-weather|Sandstorm|[upkeep]
|-damage|p2b: Farigiraf|83/100|[from] Sandstorm
|-damage|p2a: Torkoal|73/100|[from] Sandstorm
|upkeep
|
|t:|1785382880
|switch|p1a: Kleavor|Kleavor, L50, F|100/100
|turn|4
|inactive|Seteshy has 30 seconds left.
|inactive|Seteshy has 20 seconds left.
|
|t:|1785382918
|switch|p2a: Scrafty|Scrafty-Mega, L50, F|13/100
|-ability|p2a: Scrafty|Intimidate|boost
|-unboost|p1a: Kleavor|atk|1
|-unboost|p1b: Tyranitar|atk|1
|detailschange|p1b: Tyranitar|Tyranitar-Mega, L50, F
|-mega|p1b: Tyranitar|Tyranitar|Tyranitarite
|move|p2b: Farigiraf|Protect|p2b: Farigiraf
|-singleturn|p2b: Farigiraf|Protect
|move|p1a: Kleavor|X-Scissor|p2b: Farigiraf
|-activate|p2b: Farigiraf|move: Protect
|move|p1b: Tyranitar|Rock Slide|p2b: Farigiraf|[spread] p2a
|-activate|p2b: Farigiraf|move: Protect
|-resisted|p2a: Scrafty|1
|-damage|p2a: Scrafty|3/100
|
|-weather|Sandstorm|[upkeep]
|-damage|p2a: Scrafty|0 fnt|[from] Sandstorm
|-damage|p2b: Farigiraf|76/100|[from] Sandstorm
|faint|p2a: Scrafty
|-sideend|p1: Seteshy|move: Tailwind
|upkeep
|
|t:|1785382939
|switch|p2a: Torkoal|Torkoal, L50, M|73/100
|-weather|SunnyDay|[from] ability: Drought|[of] p2a: Torkoal
|turn|5
|
|t:|1785382955
|move|p1a: Kleavor|X-Scissor|p2a: Torkoal
|-resisted|p2a: Torkoal|1
|-damage|p2a: Torkoal|56/100
|move|p1b: Tyranitar|Rock Slide|p2a: Torkoal|[spread] p2a,p2b
|-supereffective|p2a: Torkoal|1
|-damage|p2a: Torkoal|18/100
|-damage|p2b: Farigiraf|52/100
|move|p2b: Farigiraf|Thunderbolt|p1b: Tyranitar
|-damage|p1b: Tyranitar|81/100
|cant|p2a: Torkoal|flinch
|
|-weather|SunnyDay|[upkeep]
|upkeep
|turn|6
|
|t:|1785382971
|move|p1a: Kleavor|X-Scissor|p2b: Farigiraf
|-supereffective|p2b: Farigiraf|1
|-damage|p2b: Farigiraf|0 fnt
|faint|p2b: Farigiraf
|move|p1b: Tyranitar|Rock Slide|p2a: Torkoal
|-supereffective|p2a: Torkoal|1
|-damage|p2a: Torkoal|0 fnt
|faint|p2a: Torkoal
|
|-weather|SunnyDay|[upkeep]
|upkeep
|
|t:|1785382975
|switch|p2a: Venusaur|Venusaur, L50, M|100/100
|turn|7
|
|t:|1785382988
|move|p2a: Venusaur|Energy Ball|p1a: Kleavor
|-damage|p1a: Kleavor|8/100
|-damage|p2a: Venusaur|90/100|[from] item: Life Orb
|move|p1a: Kleavor|X-Scissor|p2a: Venusaur
|-damage|p2a: Venusaur|30/100
|move|p1b: Tyranitar|Knock Off|p2a: Venusaur
|-damage|p2a: Venusaur|0 fnt
|-enditem|p2a: Venusaur|Life Orb|[from] move: Knock Off|[of] p1b: Tyranitar
|faint|p2a: Venusaur
|
|win|Seteshy
|raw|Seteshy's rating: 1070 → 1106(+36 for winning)
|raw|Park Su Kim's rating: 1145 → 1115(-30 for losing)
|c|☆Park Su Kim|You rock 😆
|c|☆Seteshy|ggs man
|c|☆Seteshy|🚀🚀
|l|☆Park Su Kim
|player|p2|
