|j|☆The OG Trainer Red
|j|☆Plopy14
|html|The OG Trainer RedPlopy14    
|uhtml|bestof|Game 2 of a best-of-3
|t:|1785470272
|gametype|doubles
|player|p1|The OG Trainer Red|266|1135
|player|p2|Plopy14|bugcatcher|1226
|gen|9
|tier|[Gen 9 Champions] VGC 2026 Reg M-B (Bo3)
|rated|
|rule|Species Clause: Limit one of each Pokémon
|rule|Item Clause: Limit 1 of each item
|clearpoke
|poke|p1|Charizard, L50, F|
|poke|p1|Venusaur, L50, F|
|poke|p1|Garchomp, L50, F|
|poke|p1|Annihilape, L50, F|
|poke|p1|Ninetales-Alola, L50, F|
|poke|p1|Dragonite, L50, F|
|poke|p2|Toxapex, L50, F|
|poke|p2|Annihilape, L50, F|
|poke|p2|Incineroar, L50, M|
|poke|p2|Garchomp, L50, F|
|poke|p2|Venusaur, L50, F|
|poke|p2|Charizard, L50, F|
|teampreview|4
|showteam|p1|Charizard||CharizarditeY|Blaze|HeatWave,SolarBeam,AirSlash,Protect|Timid||F|||50|]Venusaur||WideLens|Chlorophyll|SleepPowder,SludgeBomb,GigaDrain,EarthPower|Modest||F|||50|]Garchomp||LifeOrb|RoughSkin|Earthquake,RockSlide,DragonClaw,Crunch|Jolly||F|||50|]Annihilape||SitrusBerry|Defiant|DrainPunch,RageFist,RockSlide,BulkUp|Jolly||F|||50|]Ninetales-Alola||FocusSash|SnowWarning|AuroraVeil,Blizzard,FreezeDry,Protect|Timid||F|||50|]Dragonite||Dragoninite|Multiscale|WeatherBall,Hurricane,DracoMeteor,Tailwind|Serious||F|||50|
|showteam|p2|Toxapex||Leftovers|Regenerator|WideGuard,Infestation,Toxic,BanefulBunker|Bold||F|||50|]Annihilape||FocusSash|Defiant|PhantomForce,CloseCombat,Taunt,Protect|Jolly||F|||50|]Incineroar||SitrusBerry|Intimidate|FlareBlitz,DarkestLariat,FakeOut,PartingShot|Careful||M|||50|]Garchomp||ChoiceScarf|RoughSkin|StompingTantrum,DragonClaw,RockSlide,Earthquake|Jolly||F|||50|]Venusaur||LifeOrb|Chlorophyll|SludgeBomb,SolarBeam,EarthPower,Protect|Modest||F|||50|]Charizard||CharizarditeY|Blaze|HeatWave,WeatherBall,HelpingHand,Protect|Modest||F|||50|
|inactive|Battle timer is ON: inactive players will automatically lose when time's up. (requested by The OG Trainer Red)
|
|t:|1785470297
|teamsize|p1|4
|teamsize|p2|4
|start
|switch|p1a: Charizard|Charizard, L50, F|100/100
|switch|p1b: Venusaur|Venusaur, L50, F|100/100
|switch|p2a: Toxapex|Toxapex, L50, F|100/100
|switch|p2b: Charizard|Charizard, L50, F|100/100
|turn|1
|
|t:|1785470317
|detailschange|p1a: Charizard|Charizard-Mega-Y, L50, F
|-mega|p1a: Charizard|Charizard|Charizardite Y
|-weather|SunnyDay|[from] ability: Drought|[of] p1a: Charizard
|detailschange|p2b: Charizard|Charizard-Mega-Y, L50, F
|-mega|p2b: Charizard|Charizard|Charizardite Y
|move|p1a: Charizard|Protect|p1a: Charizard
|-singleturn|p1a: Charizard|Protect
|move|p1b: Venusaur|Sleep Powder|p2b: Charizard
|-status|p2b: Charizard|slp|[from] move: Sleep Powder
|cant|p2b: Charizard|slp
|move|p2a: Toxapex|Toxic|p1a: Charizard
|-activate|p1a: Charizard|move: Protect
|
|-weather|SunnyDay|[upkeep]
|upkeep
|turn|2
|inactive|The OG Trainer Red has 30 seconds left.
|
|t:|1785470344
|move|p2a: Toxapex|Baneful Bunker|p2a: Toxapex
|-singleturn|p2a: Toxapex|move: Protect
|move|p1b: Venusaur|Earth Power|p2a: Toxapex
|-activate|p2a: Toxapex|move: Protect
|move|p1a: Charizard|Solar Beam||[still]
|-prepare|p1a: Charizard|Solar Beam
|-anim|p1a: Charizard|Solar Beam|p2a: Toxapex
|-activate|p2a: Toxapex|move: Protect
|-curestatus|p2b: Charizard|slp|[msg]
|move|p2b: Charizard|Heat Wave|p1a: Charizard|[spread] p1a,p1b
|-resisted|p1a: Charizard|1
|-supereffective|p1b: Venusaur|1
|-damage|p1a: Charizard|68/100
|-damage|p1b: Venusaur|0 fnt
|faint|p1b: Venusaur
|
|-weather|SunnyDay|[upkeep]
|upkeep
|
|t:|1785470359
|switch|p1b: Garchomp|Garchomp, L50, F|100/100
|turn|3
|
|t:|1785470377
|switch|p2b: Incineroar|Incineroar, L50, M|100/100
|-ability|p2b: Incineroar|Intimidate|boost
|-unboost|p1a: Charizard|atk|1
|-unboost|p1b: Garchomp|atk|1
|move|p2a: Toxapex|Wide Guard|p2a: Toxapex
|-singleturn|p2a: Toxapex|Wide Guard
|move|p1b: Garchomp|Dragon Claw|p2a: Toxapex
|-damage|p2a: Toxapex|74/100
|-damage|p1b: Garchomp|90/100|[from] item: Life Orb
|move|p1a: Charizard|Air Slash|p2a: Toxapex
|-damage|p2a: Toxapex|38/100
|
|-weather|SunnyDay|[upkeep]
|-heal|p2a: Toxapex|43/100|[from] item: Leftovers
|upkeep
|turn|4
|
|t:|1785470400
|switch|p1b: Annihilape|Annihilape, L50, F|100/100
|move|p2b: Incineroar|Fake Out|p1b: Annihilape
|-immune|p1b: Annihilape
|move|p1a: Charizard|Solar Beam||[still]
|-prepare|p1a: Charizard|Solar Beam
|-anim|p1a: Charizard|Solar Beam|p2a: Toxapex
|-damage|p2a: Toxapex|7/100
|move|p2a: Toxapex|Toxic|p1a: Charizard
|-status|p1a: Charizard|tox
|
|-weather|SunnyDay|[upkeep]
|-heal|p2a: Toxapex|12/100|[from] item: Leftovers
|-damage|p1a: Charizard|62/100 tox|[from] psn
|upkeep
|turn|5
|inactive|Plopy14 has 30 seconds left.
|
|t:|1785470426
|-heal|p2a: Toxapex|45/100|[from] ability: Regenerator|[silent]
|switch|p2a: Garchomp|Garchomp, L50, F|100/100
|move|p1a: Charizard|Air Slash|p2a: Garchomp
|-damage|p2a: Garchomp|50/100g
|move|p1b: Annihilape|Rock Slide|p2a: Garchomp|[spread] p2b
|-miss|p1b: Annihilape|p2a: Garchomp
|-supereffective|p2b: Incineroar|1
|-damage|p2b: Incineroar|67/100
|cant|p2b: Incineroar|flinch
|
|-weather|none
|-damage|p1a: Charizard|50/100g tox|[from] psn
|upkeep
|turn|6
|
|t:|1785470449
|switch|p1a: Garchomp|Garchomp, L50, F|90/100
|switch|p2b: Charizard|Charizard-Mega-Y, L50, F|100/100
|-weather|SunnyDay|[from] ability: Drought|[of] p2b: Charizard
|move|p2a: Garchomp|Dragon Claw|p1a: Garchomp
|-supereffective|p1a: Garchomp|1
|-damage|p1a: Garchomp|11/100
|-damage|p2a: Garchomp|38/100|[from] ability: Rough Skin|[of] p1a: Garchomp
|move|p1b: Annihilape|Bulk Up|p1b: Annihilape
|-boost|p1b: Annihilape|atk|1
|-boost|p1b: Annihilape|def|1
|
|-weather|SunnyDay|[upkeep]
|upkeep
|turn|7
|
|t:|1785470471
|move|p2b: Charizard|Protect|p2b: Charizard
|-singleturn|p2b: Charizard|Protect
|move|p2a: Garchomp|Dragon Claw|p1a: Garchomp
|-supereffective|p1a: Garchomp|1
|-damage|p1a: Garchomp|0 fnt
|-damage|p2a: Garchomp|26/100|[from] ability: Rough Skin|[of] p1a: Garchomp
|faint|p1a: Garchomp
|move|p1b: Annihilape|Rock Slide|p2b: Charizard|[spread] p2a
|-activate|p2b: Charizard|move: Protect
|-resisted|p2a: Garchomp|1
|-crit|p2a: Garchomp
|-damage|p2a: Garchomp|7/100
|
|-weather|SunnyDay|[upkeep]
|upkeep
|
|t:|1785470485
|switch|p1a: Charizard|Charizard-Mega-Y, L50, F|50/100g tox
|turn|8
|inactive|Plopy14 has 30 seconds left.
|
|t:|1785470510
|switch|p2b: Toxapex|Toxapex, L50, F|45/100
|move|p2a: Garchomp|Dragon Claw|p1a: Charizard
|-damage|p1a: Charizard|0 fnt
|faint|p1a: Charizard
|move|p1b: Annihilape|Rock Slide|p2a: Garchomp|[spread] 
|-miss|p1b: Annihilape|p2a: Garchomp
|-miss|p1b: Annihilape|p2b: Toxapex
|
|-weather|SunnyDay|[upkeep]
|-heal|p2b: Toxapex|51/100|[from] item: Leftovers
|upkeep
|turn|9
|c|☆The OG Trainer Red|unbelievable..
|inactive|Plopy14 has 30 seconds left.
|
|t:|1785470543
|switch|p2a: Charizard|Charizard-Mega-Y, L50, F|100/100
|move|p1b: Annihilape|Rage Fist|p2a: Charizard
|-damage|p2a: Charizard|63/100
|move|p2b: Toxapex|Toxic|p1b: Annihilape
|-status|p1b: Annihilape|tox
|
|-weather|SunnyDay|[upkeep]
|-heal|p2b: Toxapex|57/100|[from] item: Leftovers
|-damage|p1b: Annihilape|94/100 tox|[from] psn
|upkeep
|turn|10
|c|☆The OG Trainer Red|unfuckingbelievable..
|
|t:|1785470563
|move|p2b: Toxapex|Wide Guard|p2b: Toxapex
|-singleturn|p2b: Toxapex|Wide Guard
|move|p1b: Annihilape|Rock Slide|p2a: Charizard|[spread] 
|-activate|p2a: Charizard|move: Wide Guard
|-activate|p2b: Toxapex|move: Wide Guard
|move|p2a: Charizard|Weather Ball|p1b: Annihilape
|-damage|p1b: Annihilape|2/100 tox
|-enditem|p1b: Annihilape|Sitrus Berry|[eat]
|-heal|p1b: Annihilape|26/100 tox|[from] item: Sitrus Berry
|
|-weather|none
|-heal|p2b: Toxapex|63/100|[from] item: Leftovers
|-damage|p1b: Annihilape|14/100 tox|[from] psn
|upkeep
|turn|11
|-message|The OG Trainer Red forfeited.
|
|win|Plopy14
