|j|☆elmono11
|j|☆GabboVGC
|html|elmono11GabboVGC    
|uhtml|bestof|Game 2 of a best-of-3
|t:|1756289160
|gametype|doubles
|player|p1|elmono11|2|1278
|player|p2|GabboVGC|marnie-league|1173
|gen|9
|tier|[Gen 9] VGC 2025 Reg H (Bo3)
|rated|
|rule|Species Clause: Limit one of each Pokémon
|rule|Item Clause: Limit 1 of each item
|clearpoke
|poke|p1|Gholdengo, L50|
|poke|p1|Sneasler, L50, M|
|poke|p1|Rillaboom, L50, F|
|poke|p1|Dragonite, L50, M|
|poke|p1|Ninetales-Alola, L50, M|
|poke|p1|Arcanine-Hisui, L50, F|
|poke|p2|Annihilape, L50, M|
|poke|p2|Ursaluna-Bloodmoon, L50, M|
|poke|p2|Tyranitar, L50, F|
|poke|p2|Sneasler, L50, M|
|poke|p2|Volcarona, L50, M|
|poke|p2|Indeedee, L50, M|
|teampreview|4
|showteam|p1|Gholdengo||GrassySeed|GoodasGold|NastyPlot,MakeItRain,ShadowBall,Protect||||||50|,,,,,Water]Sneasler||WhiteHerb|Unburden|CloseCombat,DireClaw,Coaching,Protect|||M|||50|,,,,,Ghost]Rillaboom||AssaultVest|GrassySurge|FakeOut,GrassyGlide,DrumBeating,HighHorsepower|||F|||50|,,,,,Fire]Dragonite||LoadedDice|Multiscale|ScaleShot,Haze,Tailwind,Protect|||M|||50|,,,,,Steel]Ninetales-Alola||FocusSash|SnowWarning|Blizzard,IcyWind,Encore,AuroraVeil|||M|||50|,,,,,Ghost]Arcanine-Hisui||ClearAmulet|Intimidate|RockSlide,FlareBlitz,ExtremeSpeed,Protect|||F|||50|,,,,,Water
|showteam|p2|Annihilape||SafetyGoggles|Defiant|DrainPunch,RageFist,BulkUp,Protect|||M|||50|,,,,,Fairy]Ursaluna-Bloodmoon||LifeOrb|MindsEye|BloodMoon,HyperVoice,EarthPower,Protect|||M|||50|,,,,,Normal]Tyranitar||AssaultVest|SandStream|RockSlide,KnockOff,LowKick,TeraBlast|||F|||50|,,,,,Flying]Sneasler||PsychicSeed|Unburden|CloseCombat,DireClaw,ThroatChop,Protect|||M|||50|,,,,,Dark]Volcarona||SitrusBerry|FlameBody|Overheat,StruggleBug,RagePowder,Tailwind|||M|||50|,,,,,Grass]Indeedee||ChoiceScarf|PsychicSurge|ExpandingForce,TeraBlast,Trick,Protect|||M|||50|,,,,,Psychic
|inactive|Battle timer is ON: inactive players will automatically lose when time's up. (requested by elmono11)
|inactive|elmono11 has 60 seconds left.
|inactive|GabboVGC has 60 seconds left.
|
|t:|1756289199
|teamsize|p1|4
|teamsize|p2|4
|start
|switch|p1a: Gholdengo|Gholdengo, L50|100/100
|switch|p1b: Sneasler|Sneasler, L50, M|100/100
|switch|p2a: Annihilape|Annihilape, L50, M, shiny|100/100
|switch|p2b: Sneasler|Sneasler, L50, M, shiny|100/100
|turn|1
|inactive|elmono11 has 30 seconds left.
|inactive|elmono11 has 20 seconds left.
|inactive|GabboVGC has 30 seconds left.
|inactive|elmono11 has 15 seconds left.
|inactive|elmono11 has 10 seconds left.
|inactive|GabboVGC has 20 seconds left.
|
|t:|1756289248
|move|p2b: Sneasler|Throat Chop|p1a: Gholdengo
|-supereffective|p1a: Gholdengo
|-damage|p1a: Gholdengo|44/100
|-start|p1a: Gholdengo|Throat Chop|[silent]
|move|p1b: Sneasler|Dire Claw|p2a: Annihilape
|-resisted|p2a: Annihilape
|-damage|p2a: Annihilape|81/100
|move|p1a: Gholdengo|Make It Rain|p2b: Sneasler|[spread] p2a,p2b
|-damage|p2a: Annihilape|38/100
|-damage|p2b: Sneasler|43/100
|-unboost|p1a: Gholdengo|spa|1
|move|p2a: Annihilape|Bulk Up|p2a: Annihilape
|-boost|p2a: Annihilape|atk|1
|-boost|p2a: Annihilape|def|1
|
|upkeep
|turn|2
|inactive|elmono11 has 30 seconds left.
|inactive|elmono11 has 20 seconds left.
|
|t:|1756289286
|switch|p1b: Rillaboom|Rillaboom, L50, F|100/100
|-fieldstart|move: Grassy Terrain|[from] ability: Grassy Surge|[of] p1b: Rillaboom
|-enditem|p1a: Gholdengo|Grassy Seed
|-boost|p1a: Gholdengo|def|1|[from] item: Grassy Seed
|move|p2b: Sneasler|Protect|p2b: Sneasler
|-singleturn|p2b: Sneasler|Protect
|move|p2a: Annihilape|Protect|p2a: Annihilape
|-singleturn|p2a: Annihilape|Protect
|move|p1a: Gholdengo|Shadow Ball|p2a: Annihilape
|-activate|p2a: Annihilape|move: Protect
|
|-heal|p2b: Sneasler|48/100|[from] Grassy Terrain
|-heal|p1a: Gholdengo|50/100|[from] Grassy Terrain
|-heal|p2a: Annihilape|44/100|[from] Grassy Terrain
|-end|p1a: Gholdengo|Throat Chop|[silent]
|upkeep
|turn|3
|
|t:|1756289308
|switch|p2b: Indeedee|Indeedee, L50, M, shiny|100/100
|-fieldstart|move: Psychic Terrain|[from] ability: Psychic Surge|[of] p2b: Indeedee
|move|p1b: Rillaboom|Drum Beating|p2a: Annihilape
|-damage|p2a: Annihilape|17/100
|-unboost|p2a: Annihilape|spe|1
|-ability|p2a: Annihilape|Defiant|boost
|-boost|p2a: Annihilape|atk|2
|move|p1a: Gholdengo|Make It Rain|p2b: Indeedee|[spread] p2a,p2b
|-damage|p2a: Annihilape|0 fnt
|-damage|p2b: Indeedee|64/100
|-unboost|p1a: Gholdengo|spa|1
|faint|p2a: Annihilape
|
|upkeep
|
|t:|1756289322
|switch|p2a: Sneasler|Sneasler, L50, M, shiny|48/100
|-enditem|p2a: Sneasler|Psychic Seed
|-boost|p2a: Sneasler|spd|1|[from] item: Psychic Seed
|turn|4
|inactive|elmono11 has 30 seconds left.
|inactive|elmono11 has 20 seconds left.
|inactive|elmono11 has 15 seconds left.
|
|t:|1756289365
|-terastallize|p2b: Indeedee|Psychic
|-terastallize|p1b: Rillaboom|Fire
|move|p2a: Sneasler|Close Combat|p1b: Rillaboom
|-damage|p1b: Rillaboom|25/100
|-unboost|p2a: Sneasler|def|1
|-unboost|p2a: Sneasler|spd|1
|move|p2b: Indeedee|Expanding Force|p1b: Rillaboom|[spread] p1a,p1b
|-resisted|p1a: Gholdengo
|-damage|p1a: Gholdengo|11/100
|-damage|p1b: Rillaboom|0 fnt
|faint|p1b: Rillaboom
|move|p1a: Gholdengo|Make It Rain|p2a: Sneasler|[spread] p2a,p2b
|-damage|p2a: Sneasler|19/100
|-damage|p2b: Indeedee|37/100
|-unboost|p1a: Gholdengo|spa|1
|
|upkeep
|inactive|elmono11 has 30 seconds left.
|
|t:|1756289394
|switch|p1b: Ninetales|Ninetales-Alola, L50, M|100/100
|-weather|Snowscape|[from] ability: Snow Warning|[of] p1b: Ninetales
|turn|5
|
|t:|1756289407
|switch|p2a: Tyranitar|Tyranitar, L50, F, shiny|100/100
|-weather|Sandstorm|[from] ability: Sand Stream|[of] p2a: Tyranitar
|switch|p1a: Sneasler|Sneasler, L50, M|100/100
|move|p2b: Indeedee|Expanding Force|p1a: Sneasler|[spread] p1a,p1b
|-supereffective|p1a: Sneasler
|-damage|p1a: Sneasler|0 fnt
|-damage|p1b: Ninetales|8/100
|faint|p1a: Sneasler
|move|p1b: Ninetales|Blizzard|p2a: Tyranitar|[spread] p2b
|-miss|p1b: Ninetales|p2a: Tyranitar
|-damage|p2b: Indeedee|0 fnt
|faint|p2b: Indeedee
|
|-weather|Sandstorm|[upkeep]
|-damage|p1b: Ninetales|2/100|[from] Sandstorm
|upkeep
|
|t:|1756289419
|switch|p1a: Gholdengo|Gholdengo, L50|11/100
|switch|p2b: Sneasler|Sneasler, L50, M, shiny|19/100
|turn|6
|
|t:|1756289430
|move|p1a: Gholdengo|Protect|p1a: Gholdengo
|-singleturn|p1a: Gholdengo|Protect
|move|p1b: Ninetales|Blizzard|p2a: Tyranitar|[spread] 
|-miss|p1b: Ninetales|p2a: Tyranitar
|-miss|p1b: Ninetales|p2b: Sneasler
|move|p2b: Sneasler|Throat Chop|p1a: Gholdengo
|-activate|p1a: Gholdengo|move: Protect
|move|p2a: Tyranitar|Knock Off|p1b: Ninetales
|-resisted|p1b: Ninetales
|-damage|p1b: Ninetales|0 fnt
|-enditem|p1b: Ninetales|Focus Sash|[from] move: Knock Off|[of] p2a: Tyranitar
|faint|p1b: Ninetales
|
|-weather|Sandstorm|[upkeep]
|-damage|p2b: Sneasler|13/100|[from] Sandstorm
|upkeep
|turn|7
|c|☆elmono11|wow
|c|☆elmono11|'
|-message|elmono11 forfeited.
|
|win|GabboVGC
|raw|elmono11's rating: 1278 → 1246(-32 for losing)
|raw|GabboVGC's rating: 1173 → 1205(+32 for winning)
