|j|☆the bags12
|j|☆new mental
|html|the bags12new mental    
|uhtml|bestof|Game 3 of a best-of-3
|t:|1785607035
|gametype|doubles
|player|p1|the bags12|falkner|1271
|player|p2|new mental|volkner|1356
|gen|9
|tier|[Gen 9 Champions] VGC 2026 Reg M-B (Bo3)
|rated|
|rule|Species Clause: Limit one of each Pokémon
|rule|Item Clause: Limit 1 of each item
|clearpoke
|poke|p1|Staraptor, L50, M, shiny|
|poke|p1|Garchomp, L50, M, shiny|
|poke|p1|Basculegion, L50, M, shiny|
|poke|p1|Scizor, L50, M, shiny|
|poke|p1|Grimmsnarl, L50, M, shiny|
|poke|p1|Incineroar, L50, M, shiny|
|poke|p2|Charizard, L50, F|
|poke|p2|Garchomp, L50, F|
|poke|p2|Incineroar, L50, F|
|poke|p2|Venusaur, L50, M|
|poke|p2|Toxapex, L50, F|
|poke|p2|Sylveon, L50, F|
|teampreview|4
|showteam|p1|Staraptor||Staraptite|Intimidate|CloseCombat,DualWingbeat,Roost,Protect|Adamant||M|||50|]Garchomp||LifeOrb|RoughSkin|DragonClaw,Earthquake,IronHead,RockSlide|Adamant||M|||50|]Basculegion||ChoiceScarf|Adaptability|LastRespects,WaveCrash,AquaJet,FlipTurn|Jolly||M|||50|]Scizor||MetalCoat|Technician|Uturn,BulletPunch,KnockOff,CloseCombat|Brave||M|||50|]Grimmsnarl||LightClay|Prankster|PartingShot,ScaryFace,Reflect,LightScreen|Calm||M|||50|]Incineroar||Leftovers|Intimidate|FlareBlitz,PartingShot,FakeOut,DarkestLariat|Adamant||M|||50|
|showteam|p2|Charizard||CharizarditeY|Blaze|WeatherBall,HeatWave,AncientPower,Protect|Modest||F|||50|]Garchomp||ChoiceScarf|RoughSkin|RockSlide,DragonClaw,Earthquake,StompingTantrum|Adamant||F|||50|]Incineroar||SitrusBerry|Intimidate|FlareBlitz,FakeOut,DarkestLariat,PartingShot|Impish||F|||50|]Venusaur||LifeOrb|Chlorophyll|SludgeBomb,LeafStorm,EarthPower,Protect|Modest||M|||50|]Toxapex||Leftovers|Regenerator|Infestation,Toxic,WideGuard,BanefulBunker|Bold||F|||50|]Sylveon||FairyFeather|Pixilate|HyperVoice,QuickAttack,Yawn,Detect|Modest||F|||50|
|inactive|Battle timer is ON: inactive players will automatically lose when time's up. (requested by the bags12)
|
|t:|1785607045
|teamsize|p1|4
|teamsize|p2|4
|start
|switch|p1a: Chumps|Garchomp, L50, M, shiny|100/100
|switch|p1b: Incin|Incineroar, L50, M, shiny|100/100
|switch|p2a: Charizard|Charizard, L50, F|100/100
|switch|p2b: Sylveon|Sylveon, L50, F|100/100
|-ability|p1b: Incin|Intimidate|boost
|-unboost|p2a: Charizard|atk|1
|-unboost|p2b: Sylveon|atk|1
|turn|1
|
|t:|1785607054
|switch|p2a: Incineroar|Incineroar, L50, F|100/100
|-ability|p2a: Incineroar|Intimidate|boost
|-unboost|p1a: Chumps|atk|1
|-unboost|p1b: Incin|atk|1
|move|p2b: Sylveon|Detect|p2b: Sylveon
|-singleturn|p2b: Sylveon|Protect
|move|p1a: Chumps|Rock Slide|p2a: Incineroar|[spread] p2a
|-activate|p2b: Sylveon|move: Protect
|-supereffective|p2a: Incineroar|1
|-damage|p2a: Incineroar|74/100
|-damage|p1a: Chumps|90/100|[from] item: Life Orb
|move|p1b: Incin|Flare Blitz|p2b: Sylveon
|-activate|p2b: Sylveon|move: Protect
|
|upkeep
|turn|2
|
|t:|1785607068
|move|p2a: Incineroar|Fake Out|p1b: Incin
|-damage|p1b: Incin|88/100
|move|p1a: Chumps|Iron Head|p2b: Sylveon
|-supereffective|p2b: Sylveon|1
|-damage|p2b: Sylveon|51/100
|-damage|p1a: Chumps|80/100|[from] item: Life Orb
|move|p2b: Sylveon|Hyper Voice|p1b: Incin|[spread] p1a,p1b
|-supereffective|p1a: Chumps|1
|-crit|p1a: Chumps
|-damage|p1a: Chumps|0 fnt
|-damage|p1b: Incin|46/100
|faint|p1a: Chumps
|cant|p1b: Incin|flinch
|
|-heal|p1b: Incin|52/100|[from] item: Leftovers
|upkeep
|
|t:|1785607074
|switch|p1a: Mighty Eagle|Staraptor, L50, M, shiny|100/100
|-ability|p1a: Mighty Eagle|Intimidate|boost
|-unboost|p2a: Incineroar|atk|1
|-unboost|p2b: Sylveon|atk|1
|turn|3
|
|t:|1785607087
|detailschange|p1a: Mighty Eagle|Staraptor-Mega, L50, M, shiny
|-mega|p1a: Mighty Eagle|Staraptor|Staraptite
|move|p1a: Mighty Eagle|Close Combat|p2b: Sylveon
|-resisted|p2b: Sylveon|1
|-damage|p2b: Sylveon|19/100
|-boost|p1a: Mighty Eagle|def|1
|-boost|p1a: Mighty Eagle|spd|1
|move|p1b: Incin|Parting Shot|p1a: Mighty Eagle
|-boost|p1a: Mighty Eagle|atk|1
|-boost|p1a: Mighty Eagle|spa|1
|
|t:|1785607090
|switch|p1b: Haaland|Grimmsnarl, L50, M, shiny|100/100|[from] Parting Shot
|move|p2a: Incineroar|Parting Shot|p1b: Haaland
|-unboost|p1b: Haaland|atk|1
|-unboost|p1b: Haaland|spa|1
|
|t:|1785607096
|switch|p2a: Charizard|Charizard, L50, F|100/100|[from] Parting Shot
|move|p2b: Sylveon|Hyper Voice|p1a: Mighty Eagle|[spread] p1a,p1b
|-supereffective|p1a: Mighty Eagle|1
|-supereffective|p1b: Haaland|1
|-damage|p1a: Mighty Eagle|37/100
|-damage|p1b: Haaland|37/100
|
|upkeep
|turn|4
|
|t:|1785607110
|detailschange|p2a: Charizard|Charizard-Mega-Y, L50, F
|-mega|p2a: Charizard|Charizard|Charizardite Y
|-weather|SunnyDay|[from] ability: Drought|[of] p2a: Charizard
|move|p1b: Haaland|Scary Face|p1a: Mighty Eagle
|-boost|p1a: Mighty Eagle|spe|2
|move|p1a: Mighty Eagle|Close Combat|p2b: Sylveon
|-resisted|p2b: Sylveon|1
|-crit|p2b: Sylveon
|-damage|p2b: Sylveon|0 fnt
|-boost|p1a: Mighty Eagle|def|1
|-boost|p1a: Mighty Eagle|spd|1
|faint|p2b: Sylveon
|move|p2a: Charizard|Heat Wave|p1a: Mighty Eagle|[spread] p1a,p1b
|-damage|p1a: Mighty Eagle|5/100
|-damage|p1b: Haaland|0 fnt
|faint|p1b: Haaland
|
|-weather|SunnyDay|[upkeep]
|upkeep
|
|t:|1785607119
|switch|p2b: Toxapex|Toxapex, L50, F|100/100
|switch|p1b: Incin|Incineroar, L50, M, shiny|52/100
|-ability|p1b: Incin|Intimidate|boost
|-unboost|p2a: Charizard|atk|1
|-unboost|p2b: Toxapex|atk|1
|turn|5
|
|t:|1785607124
|move|p1a: Mighty Eagle|Protect|p1a: Mighty Eagle
|-singleturn|p1a: Mighty Eagle|Protect
|move|p1b: Incin|Fake Out|p2b: Toxapex
|-crit|p2b: Toxapex
|-damage|p2b: Toxapex|85/100
|move|p2a: Charizard|Heat Wave|p1a: Mighty Eagle|[spread] p1b
|-activate|p1a: Mighty Eagle|move: Protect
|-resisted|p1b: Incin|1
|-damage|p1b: Incin|25/100
|cant|p2b: Toxapex|flinch
|
|-weather|SunnyDay|[upkeep]
|-heal|p1b: Incin|31/100|[from] item: Leftovers
|-heal|p2b: Toxapex|91/100|[from] item: Leftovers
|upkeep
|turn|6
|
|t:|1785607129
|move|p1a: Mighty Eagle|Roost|p1a: Mighty Eagle
|-heal|p1a: Mighty Eagle|55/100
|-singleturn|p1a: Mighty Eagle|move: Roost
|move|p2a: Charizard|Heat Wave|p1a: Mighty Eagle|[spread] p1a,p1b
|-resisted|p1b: Incin|1
|-damage|p1a: Mighty Eagle|22/100
|-damage|p1b: Incin|4/100
|move|p1b: Incin|Darkest Lariat|p2b: Toxapex
|-damage|p2b: Toxapex|63/100
|move|p2b: Toxapex|Toxic|p1a: Mighty Eagle
|-status|p1a: Mighty Eagle|tox
|
|-weather|SunnyDay|[upkeep]
|-heal|p1b: Incin|10/100|[from] item: Leftovers
|-heal|p2b: Toxapex|69/100|[from] item: Leftovers
|-damage|p1a: Mighty Eagle|16/100 tox|[from] psn
|upkeep
|turn|7
|
|t:|1785607135
|move|p1a: Mighty Eagle|Dual Wingbeat|p2a: Charizard
|-damage|p2a: Charizard|58/100
|-damage|p2a: Charizard|17/100
|-hitcount|p2a: Charizard|2
|move|p2a: Charizard|Heat Wave|p1a: Mighty Eagle|[spread] p1b
|-miss|p2a: Charizard|p1a: Mighty Eagle
|-resisted|p1b: Incin|1
|-damage|p1b: Incin|0 fnt
|faint|p1b: Incin
|move|p2b: Toxapex|Infestation|p1a: Mighty Eagle
|-resisted|p1a: Mighty Eagle|2
|-damage|p1a: Mighty Eagle|16/100 tox
|-activate|p1a: Mighty Eagle|move: Infestation|[of] p2b: Toxapex
|
|-weather|SunnyDay|[upkeep]
|-heal|p2b: Toxapex|75/100|[from] item: Leftovers
|-damage|p1a: Mighty Eagle|4/100 tox|[from] psn
|-damage|p1a: Mighty Eagle|0 fnt|[from] move: Infestation|[partiallytrapped]
|faint|p1a: Mighty Eagle
|
|win|new mental
|raw|the bags12's rating: 1271 → 1252(-19 for losing)
|raw|new mental's rating: 1356 → 1371(+15 for winning)
