|j|☆monsoonisbest
|j|☆15Hugs
|html|monsoonisbest15Hugs    
|uhtml|bestof|Game 3 of a best-of-3
|t:|1784829545
|gametype|doubles
|player|p1|monsoonisbest|170|1147
|player|p2|15Hugs|ingo|1083
|gen|9
|tier|[Gen 9 Champions] VGC 2026 Reg M-B (Bo3)
|rated|
|rule|Species Clause: Limit one of each Pokémon
|rule|Item Clause: Limit 1 of each item
|clearpoke
|poke|p1|Venusaur, L50, M|
|poke|p1|Grimmsnarl, L50, M|
|poke|p1|Pelipper, L50, M|
|poke|p1|Archaludon, L50, F|
|poke|p1|Charizard, L50, F|
|poke|p1|Basculegion, L50, M|
|poke|p2|Mawile, L50, F|
|poke|p2|Sneasler, L50, M|
|poke|p2|Raichu, L50, F|
|poke|p2|Hydreigon, L50, F|
|poke|p2|Farigiraf, L50, M, shiny|
|poke|p2|Ceruledge, L50, F|
|teampreview|4
|showteam|p1|Venusaur||Venusaurite|Chlorophyll|SludgeBomb,EarthPower,SleepPowder,Protect|Modest||M|||50|]Grimmsnarl||LightClay|Prankster|SpiritBreak,Reflect,LightScreen,PartingShot|Careful||M|||50|]Pelipper||SitrusBerry|Drizzle|Hurricane,WeatherBall,Tailwind,WideGuard|Modest||M|||50|]Archaludon||Leftovers|Stamina|DragonPulse,FlashCannon,ElectroShot,Protect|Modest||F|||50|]Charizard||CharizarditeY|Blaze|HeatWave,SolarBeam,WeatherBall,Protect|Modest||F|||50|]Basculegion||ChoiceScarf|Adaptability|WaveCrash,FlipTurn,LastRespects,AquaJet|Jolly||M|||50|
|showteam|p2|Mawile||Mawilite|Intimidate|Protect,PlayRough,IronHead,RockSlide|Brave||F|||50|]Sneasler||WhiteHerb|Unburden|FakeOut,Coaching,CloseCombat,DireClaw|Jolly||M|||50|]Raichu||RaichuniteY|LightningRod|Protect,FakeOut,ZapCannon,FocusBlast|Timid||F|||50|]Hydreigon||ChoiceScarf|Levitate|DracoMeteor,Snarl,DarkPulse,EarthPower|Timid||F|||50|]Farigiraf||SitrusBerry|ArmorTail|TrickRoom,HelpingHand,FoulPlay,Psychic|Relaxed||M|||50|]Ceruledge||LifeOrb|FlashFire|Protect,ShadowSneak,Poltergeist,BitterBlade|Brave||F|||50|
|inactive|Battle timer is ON: inactive players will automatically lose when time's up. (requested by 15Hugs)
|inactive|15Hugs has 60 seconds left.
|
|t:|1784829645
|teamsize|p1|4
|teamsize|p2|4
|start
|switch|p1a: Venusaur|Venusaur, L50, M|100/100
|switch|p1b: Charizard|Charizard, L50, F|100/100
|switch|p2a: Farigiraf|Farigiraf, L50, M, shiny|100/100
|switch|p2b: Mawile|Mawile, L50, F|100/100
|-ability|p2b: Mawile|Intimidate|boost
|-unboost|p1a: Venusaur|atk|1
|-unboost|p1b: Charizard|atk|1
|turn|1
|
|t:|1784829665
|detailschange|p1b: Charizard|Charizard-Mega-Y, L50, F
|-mega|p1b: Charizard|Charizard|Charizardite Y
|-weather|SunnyDay|[from] ability: Drought|[of] p1b: Charizard
|detailschange|p2b: Mawile|Mawile-Mega, L50, F
|-mega|p2b: Mawile|Mawile|Mawilite
|move|p2b: Mawile|Protect|p2b: Mawile
|-singleturn|p2b: Mawile|Protect
|move|p1a: Venusaur|Sleep Powder|p2a: Farigiraf
|-status|p2a: Farigiraf|slp|[from] move: Sleep Powder
|move|p1b: Charizard|Heat Wave|p2a: Farigiraf|[spread] p2a
|-activate|p2b: Mawile|move: Protect
|-damage|p2a: Farigiraf|49/100 slp
|-enditem|p2a: Farigiraf|Sitrus Berry|[eat]
|-heal|p2a: Farigiraf|74/100 slp|[from] item: Sitrus Berry
|cant|p2a: Farigiraf|slp
|
|-weather|SunnyDay|[upkeep]
|upkeep
|turn|2
|
|t:|1784829683
|switch|p2b: Ceruledge|Ceruledge, L50, F|100/100
|move|p1a: Venusaur|Sludge Bomb|p2a: Farigiraf
|-damage|p2a: Farigiraf|40/100 slp
|move|p1b: Charizard|Heat Wave|p2b: Ceruledge|[spread] p2a
|-start|p2b: Ceruledge|ability: Flash Fire
|-damage|p2a: Farigiraf|0 fnt
|faint|p2a: Farigiraf
|
|-weather|SunnyDay|[upkeep]
|upkeep
|
|t:|1784829694
|switch|p2a: Hydreigon|Hydreigon, L50, F|100/100
|turn|3
|
|t:|1784829718
|switch|p1b: Grimmsnarl|Grimmsnarl, L50, M|100/100
|move|p2b: Ceruledge|Shadow Sneak|p1a: Venusaur
|-damage|p1a: Venusaur|65/100
|-damage|p2b: Ceruledge|90/100|[from] item: Life Orb
|move|p1a: Venusaur|Earth Power|p2b: Ceruledge
|-supereffective|p2b: Ceruledge|1
|-damage|p2b: Ceruledge|34/100
|move|p2a: Hydreigon|Draco Meteor|p1a: Venusaur|[miss]
|-miss|p2a: Hydreigon|p1a: Venusaur
|
|-weather|SunnyDay|[upkeep]
|upkeep
|turn|4
|
|t:|1784829732
|move|p2b: Ceruledge|Protect|p2b: Ceruledge
|-singleturn|p2b: Ceruledge|Protect
|move|p1a: Venusaur|Earth Power|p2b: Ceruledge
|-activate|p2b: Ceruledge|move: Protect
|move|p2a: Hydreigon|Draco Meteor|p1a: Venusaur
|-damage|p1a: Venusaur|1/100
|-unboost|p2a: Hydreigon|spa|2
|move|p1b: Grimmsnarl|Spirit Break|p2a: Hydreigon
|-supereffective|p2a: Hydreigon|2
|-damage|p2a: Hydreigon|0 fnt
|faint|p2a: Hydreigon
|
|-weather|SunnyDay|[upkeep]
|upkeep
|
|t:|1784829742
|switch|p2a: Mawile|Mawile-Mega, L50, F|100/100
|turn|5
|
|t:|1784829760
|move|p2b: Ceruledge|Shadow Sneak|p1a: Venusaur
|-damage|p1a: Venusaur|0 fnt
|faint|p1a: Venusaur
|-damage|p2b: Ceruledge|24/100|[from] item: Life Orb
|move|p1b: Grimmsnarl|Reflect|p1b: Grimmsnarl
|-sidestart|p1: monsoonisbest|Reflect
|move|p2a: Mawile|Iron Head|p1b: Grimmsnarl
|-supereffective|p1b: Grimmsnarl|1
|-damage|p1b: Grimmsnarl|1/100
|
|-weather|none
|upkeep
|
|t:|1784829763
|switch|p1a: Basculegion|Basculegion, L50, M|100/100
|turn|6
|
|t:|1784829778
|move|p2a: Mawile|Protect|p2a: Mawile
|-singleturn|p2a: Mawile|Protect
|move|p1a: Basculegion|Aqua Jet|p2b: Ceruledge
|-supereffective|p2b: Ceruledge|1
|-damage|p2b: Ceruledge|0 fnt
|faint|p2b: Ceruledge
|move|p1b: Grimmsnarl|Spirit Break|p2a: Mawile
|-activate|p2a: Mawile|move: Protect
|
|upkeep
|turn|7
|
|t:|1784829791
|move|p1a: Basculegion|Aqua Jet|p2a: Mawile
|-damage|p2a: Mawile|77/100
|move|p1b: Grimmsnarl|Parting Shot|p2a: Mawile
|-unboost|p2a: Mawile|atk|1
|-unboost|p2a: Mawile|spa|1
|
|t:|1784829792
|switch|p1b: Charizard|Charizard-Mega-Y, L50, F|100/100|[from] Parting Shot
|-weather|SunnyDay|[from] ability: Drought|[of] p1b: Charizard
|move|p2a: Mawile|Rock Slide|p1a: Basculegion|[spread] p1a,p1b
|-supereffective|p1b: Charizard|2
|-damage|p1a: Basculegion|80/100
|-damage|p1b: Charizard|43/100
|
|-weather|SunnyDay|[upkeep]
|upkeep
|turn|8
|
|t:|1784829804
|switch|p1a: Grimmsnarl|Grimmsnarl, L50, M|1/100
|move|p1b: Charizard|Weather Ball|p2a: Mawile
|-supereffective|p2a: Mawile|1
|-damage|p2a: Mawile|0 fnt
|faint|p2a: Mawile
|
|win|monsoonisbest
|raw|monsoonisbest's rating: 1147 → 1167(+20 for winning)
|raw|15Hugs's rating: 1083 → 1065(-18 for losing)
