|j|☆WeezingFan12
|j|☆NEZK025
|html|WeezingFan12NEZK025    
|uhtml|bestof|Game 2 of a best-of-3
|t:|1783703581
|gametype|doubles
|player|p1|WeezingFan12|265|
|player|p2|NEZK025|nate|
|gen|9
|tier|[Gen 9 Champions] VGC 2026 Reg M-B (Bo3)
|rule|Species Clause: Limit one of each Pokémon
|rule|Item Clause: Limit 1 of each item
|clearpoke
|poke|p1|Charizard, L50, M, shiny|
|poke|p1|Venusaur, L50, F|
|poke|p1|Torkoal, L50, F|
|poke|p1|Incineroar, L50, F|
|poke|p1|Farigiraf, L50, M|
|poke|p1|Steelix, L50, F|
|poke|p2|Excadrill, L50, F|
|poke|p2|Tyranitar, L50, M|
|poke|p2|Corviknight, L50, F|
|poke|p2|Hydreigon, L50, F|
|poke|p2|Rotom-Wash, L50|
|poke|p2|Mimikyu, L50, F|
|teampreview|4
|showteam|p1|Charizard||ChoiceScarf|SolarPower|HeatWave,WeatherBall,DragonPulse,ScorchingSands|Modest||M|||50|]Venusaur||FocusSash|Chlorophyll|SludgeBomb,LeafStorm,SleepPowder,Protect|Modest||F|||50|]Torkoal||Charcoal|Drought|Eruption,WeatherBall,HelpingHand,Protect|Quiet||F|||50|]Incineroar||PasshoBerry|Intimidate|FakeOut,DarkestLariat,FlareBlitz,PartingShot|Adamant||F|||50|]Farigiraf||SitrusBerry|ArmorTail|Psychic,HelpingHand,TrickRoom,Protect|Bold||M|||50|]Steelix||Steelixite|Sturdy|HeavySlam,BodyPress,RockSlide,WideGuard|Adamant||F|||50|
|showteam|p2|Excadrill||FocusSash|SandRush|Protect,Earthquake,IronHead,RockTomb|Adamant||F|||50|]Tyranitar||Tyranitarite|SandStream|Protect,RockSlide,KnockOff,LowKick|Adamant||M|||50|]Corviknight||Leftovers|MirrorArmor|Roost,BraveBird,Tailwind,BulkUp|Careful||F|||50|]Hydreigon||ChoiceScarf|Levitate|DragonPulse,DarkPulse,Snarl,EarthPower|Modest||F|||50|]Rotom-Wash||SitrusBerry|Levitate|Protect,Thunderbolt,HydroPump,Reflect|Modest|||||50|]Mimikyu||FairyFeather|Disguise|Protect,PlayRough,ShadowClaw,ShadowSneak|Adamant||F|||50|
|
|t:|1783703600
|teamsize|p1|4
|teamsize|p2|4
|start
|switch|p1a: Venusaur|Venusaur, L50, F|100/100
|switch|p1b: Steelix|Steelix, L50, F|100/100
|switch|p2a: Tyranitar|Tyranitar, L50, M|100/100
|switch|p2b: Hydreigon|Hydreigon, L50, F|100/100
|-weather|Sandstorm|[from] ability: Sand Stream|[of] p2a: Tyranitar
|turn|1
|
|t:|1783703622
|detailschange|p1b: Steelix|Steelix-Mega, L50, F
|-mega|p1b: Steelix|Steelix|Steelixite
|move|p2a: Tyranitar|Protect|p2a: Tyranitar
|-singleturn|p2a: Tyranitar|Protect
|move|p2b: Hydreigon|Dark Pulse|p1a: Venusaur
|-damage|p1a: Venusaur|47/100
|cant|p1a: Venusaur|flinch
|move|p1b: Steelix|Body Press|p2b: Hydreigon
|-supereffective|p2b: Hydreigon|1
|-damage|p2b: Hydreigon|16/100
|
|-weather|Sandstorm|[upkeep]
|-damage|p2b: Hydreigon|11/100|[from] Sandstorm
|-damage|p1a: Venusaur|42/100|[from] Sandstorm
|upkeep
|turn|2
|c|☆NEZK025|My bad
|j| Tyho45
|
|t:|1783703640
|switch|p2a: Rotom|Rotom-Wash, L50|100/100
|switch|p1b: Torkoal|Torkoal, L50, F|100/100
|-weather|SunnyDay|[from] ability: Drought|[of] p1b: Torkoal
|move|p1a: Venusaur|Leaf Storm|p2a: Rotom
|-supereffective|p2a: Rotom|1
|-damage|p2a: Rotom|0 fnt
|-unboost|p1a: Venusaur|spa|2
|faint|p2a: Rotom
|move|p2b: Hydreigon|Dark Pulse|p1a: Venusaur
|-damage|p1a: Venusaur|0 fnt
|faint|p1a: Venusaur
|
|-weather|SunnyDay|[upkeep]
|upkeep
|
|t:|1783703652
|switch|p1a: Steelix|Steelix-Mega, L50, F|100/100
|switch|p2a: Tyranitar|Tyranitar, L50, M|100/100
|-weather|Sandstorm|[from] ability: Sand Stream|[of] p2a: Tyranitar
|turn|3
|
|t:|1783703662
|switch|p1a: Charizard|Charizard, L50, M, shiny|100/100
|move|p2b: Hydreigon|Dark Pulse|p1a: Charizard
|-damage|p1a: Charizard|38/100
|move|p2a: Tyranitar|Low Kick|p1a: Charizard
|-resisted|p1a: Charizard|1
|-damage|p1a: Charizard|16/100
|move|p1b: Torkoal|Weather Ball|p2b: Hydreigon
|-damage|p2b: Hydreigon|0 fnt
|faint|p2b: Hydreigon
|
|-weather|Sandstorm|[upkeep]
|-damage|p1a: Charizard|10/100|[from] Sandstorm
|-damage|p1b: Torkoal|93/100|[from] Sandstorm
|upkeep
|
|t:|1783703673
|switch|p2b: Excadrill|Excadrill, L50, F|100/100
|turn|4
|
|t:|1783703682
|switch|p1b: Steelix|Steelix-Mega, L50, F|100/100
|move|p2b: Excadrill|Protect|p2b: Excadrill
|-singleturn|p2b: Excadrill|Protect
|move|p1a: Charizard|Heat Wave|p2a: Tyranitar|[spread] p2a
|-activate|p2b: Excadrill|move: Protect
|-resisted|p2a: Tyranitar|1
|-damage|p2a: Tyranitar|89/100
|move|p2a: Tyranitar|Knock Off|p1b: Steelix
|-damage|p1b: Steelix|81/100
|
|-weather|Sandstorm|[upkeep]
|-damage|p1a: Charizard|5/100|[from] Sandstorm
|upkeep
|turn|5
|
|t:|1783703705
|move|p2a: Tyranitar|Protect|p2a: Tyranitar
|-singleturn|p2a: Tyranitar|Protect
|move|p2b: Excadrill|Iron Head|p1a: Charizard
|-resisted|p1a: Charizard|1
|-damage|p1a: Charizard|0 fnt
|faint|p1a: Charizard
|move|p1b: Steelix|Body Press|p2b: Excadrill
|-supereffective|p2b: Excadrill|1
|-enditem|p2b: Excadrill|Focus Sash
|-damage|p2b: Excadrill|1/100
|
|-weather|Sandstorm|[upkeep]
|upkeep
|
|t:|1783703711
|switch|p1a: Torkoal|Torkoal, L50, F|93/100
|-weather|SunnyDay|[from] ability: Drought|[of] p1a: Torkoal
|turn|6
|
|t:|1783703720
|detailschange|p2a: Tyranitar|Tyranitar-Mega, L50, M
|-mega|p2a: Tyranitar|Tyranitar|Tyranitarite
|-weather|Sandstorm|[from] ability: Sand Stream|[of] p2a: Tyranitar
|move|p2b: Excadrill|Earthquake|p1a: Torkoal|[spread] p2a,p1a,p1b
|-supereffective|p2a: Tyranitar|1
|-supereffective|p1a: Torkoal|1
|-supereffective|p1b: Steelix|1
|-damage|p2a: Tyranitar|32/100
|-damage|p1a: Torkoal|31/100
|-damage|p1b: Steelix|41/100
|move|p2a: Tyranitar|Rock Slide|p1b: Steelix|[spread] p1a,p1b
|-supereffective|p1a: Torkoal|1
|-resisted|p1b: Steelix|2
|-damage|p1a: Torkoal|0 fnt
|-damage|p1b: Steelix|37/100
|faint|p1a: Torkoal
|cant|p1b: Steelix|flinch
|
|-weather|Sandstorm|[upkeep]
|upkeep
|turn|7
|c|☆WeezingFan12|Welp
|c|☆NEZK025|My bad
|c|☆WeezingFan12|Gg lol it happens
|
|t:|1783703744
|move|p2b: Excadrill|Earthquake|p1b: Steelix|[spread] p2a,p1b
|-supereffective|p2a: Tyranitar|1
|-supereffective|p1b: Steelix|1
|-damage|p2a: Tyranitar|0 fnt
|-damage|p1b: Steelix|0 fnt
|faint|p2a: Tyranitar
|faint|p1b: Steelix
|
|win|NEZK025
|l|☆WeezingFan12
|player|p1|
|l| Tyho45
