|j|☆iFHGAGFu
|j|☆musicismypassion
|html|iFHGAGFumusicismypassion    
|uhtml|bestof|Game 2 of a best-of-3
|t:|1756350829
|gametype|doubles
|player|p1|iFHGAGFu|ninjaboy|1099
|player|p2|musicismypassion|miku-fairy|1049
|gen|9
|tier|[Gen 9] VGC 2025 Reg H (Bo3)
|rated|
|rule|Species Clause: Limit one of each Pokémon
|rule|Item Clause: Limit 1 of each item
|clearpoke
|poke|p1|Pelipper, L50, M|
|poke|p1|Archaludon, L50, F|
|poke|p1|Incineroar, L50, M|
|poke|p1|Kingdra, L50, F|
|poke|p1|Amoonguss, L50, F|
|poke|p1|Rillaboom, L50, M|
|poke|p2|Annihilape, L50, M|
|poke|p2|Sinistcha, L50|
|poke|p2|Ursaluna-Bloodmoon, L50, M|
|poke|p2|Grimmsnarl, L50, M|
|poke|p2|Hydreigon, L50, M|
|poke|p2|Maushold-Four, L50|
|teampreview|4
|showteam|p1|Pelipper||FocusSash|Drizzle|Hurricane,WeatherBall,Tailwind,WideGuard|||M|||50|,,,,,Ground]Archaludon||AssaultVest|Stamina|ElectroShot,FlashCannon,DragonPulse,BodyPress|||F|||50|,,,,,Bug]Incineroar||SafetyGoggles|Intimidate|FlareBlitz,KnockOff,PartingShot,FakeOut|||M|||50|,,,,,Ghost]Kingdra||LifeOrb|SwiftSwim|DracoMeteor,WeatherBall,Protect,MuddyWater|||F|||50|,,,,,Stellar]Amoonguss||SitrusBerry|Regenerator|PollenPuff,Protect,RagePowder,Spore|||F|||50|,,,,,Water]Rillaboom||LoadedDice|GrassySurge|BulletSeed,GrassyGlide,FakeOut,HighHorsepower|||M|||50|,,,,,Water
|showteam|p2|Annihilape||LumBerry|Defiant|RageFist,DrainPunch,BulkUp,Protect|||M|||50|,,,,,Fire]Sinistcha||SitrusBerry|Hospitality|MatchaGotcha,RagePowder,GrassyTerrain,LifeDew||||||50|,,,,,Dark]Ursaluna-Bloodmoon||LifeOrb|MindsEye|BloodMoon,HyperVoice,EarthPower,Protect|||M|||50|,,,,,Normal]Grimmsnarl||CovertCloak|Prankster|LightScreen,Reflect,PartingShot,SpiritBreak|||M|||50|,,,,,Poison]Hydreigon||ChoiceSpecs|Levitate|DracoMeteor,DarkPulse,HeatWave,EarthPower|||M|||50|,,,,,Fire]Maushold-Four||SafetyGoggles|FriendGuard|FollowMe,BeatUp,Taunt,HelpingHand||||||50|,,,,,Ghost
|inactive|Battle timer is ON: inactive players will automatically lose when time's up. (requested by iFHGAGFu)
|
|t:|1756350846
|teamsize|p1|4
|teamsize|p2|4
|start
|switch|p1a: Amoonguss|Amoonguss, L50, F|100/100
|switch|p1b: Pelipper|Pelipper, L50, M|100/100
|switch|p2a: Midwest Emo|Ursaluna-Bloodmoon, L50, M|100/100
|switch|p2b: Metalcore|Grimmsnarl, L50, M|100/100
|-weather|RainDance|[from] ability: Drizzle|[of] p1b: Pelipper
|turn|1
|
|t:|1756350859
|-terastallize|p2a: Midwest Emo|Normal
|move|p2b: Metalcore|Light Screen|p2b: Metalcore
|-sidestart|p2: musicismypassion|move: Light Screen
|move|p1b: Pelipper|Tailwind|p1b: Pelipper
|-sidestart|p1: iFHGAGFu|move: Tailwind
|move|p2a: Midwest Emo|Blood Moon|p1a: Amoonguss
|-damage|p1a: Amoonguss|0 fnt
|faint|p1a: Amoonguss
|-damage|p2a: Midwest Emo|91/100|[from] item: Life Orb
|
|-weather|RainDance|[upkeep]
|upkeep
|
|t:|1756350876
|switch|p1a: Rillaboom|Rillaboom, L50, M|100/100
|-fieldstart|move: Grassy Terrain|[from] ability: Grassy Surge|[of] p1a: Rillaboom
|turn|2
|
|t:|1756350890
|move|p2a: Midwest Emo|Protect|p2a: Midwest Emo
|-singleturn|p2a: Midwest Emo|Protect
|move|p2b: Metalcore|Reflect|p2b: Metalcore
|-sidestart|p2: musicismypassion|Reflect
|move|p1b: Pelipper|Weather Ball|p2a: Midwest Emo
|-activate|p2a: Midwest Emo|move: Protect
|move|p1a: Rillaboom|Bullet Seed|p2b: Metalcore
|-damage|p2b: Metalcore|90/100
|-damage|p2b: Metalcore|78/100
|-damage|p2b: Metalcore|67/100
|-damage|p2b: Metalcore|56/100
|-damage|p2b: Metalcore|45/100
|-hitcount|p2b: Metalcore|5
|
|-weather|RainDance|[upkeep]
|-heal|p2a: Midwest Emo|97/100|[from] Grassy Terrain
|-heal|p2b: Metalcore|50/100|[from] Grassy Terrain
|upkeep
|turn|3
|
|t:|1756350906
|move|p2b: Metalcore|Parting Shot|p1b: Pelipper
|-unboost|p1b: Pelipper|atk|1
|-unboost|p1b: Pelipper|spa|1
|
|t:|1756350910
|switch|p2b: Math Rock|Sinistcha, L50|100/100|[from] Parting Shot
|-heal|p2a: Midwest Emo|100/100|[from] ability: Hospitality|[of] p2b: Math Rock
|move|p1b: Pelipper|Weather Ball|p2a: Midwest Emo
|-damage|p2a: Midwest Emo|59/100
|move|p1a: Rillaboom|Bullet Seed|p2a: Midwest Emo
|-damage|p2a: Midwest Emo|48/100
|-damage|p2a: Midwest Emo|39/100
|-damage|p2a: Midwest Emo|30/100
|-damage|p2a: Midwest Emo|20/100
|-damage|p2a: Midwest Emo|11/100
|-hitcount|p2a: Midwest Emo|5
|move|p2a: Midwest Emo|Blood Moon|p1a: Rillaboom
|-crit|p1a: Rillaboom
|-damage|p1a: Rillaboom|0 fnt
|faint|p1a: Rillaboom
|-damage|p2a: Midwest Emo|1/100|[from] item: Life Orb
|
|-weather|RainDance|[upkeep]
|-heal|p2a: Midwest Emo|7/100|[from] Grassy Terrain
|upkeep
|
|t:|1756350923
|switch|p1a: Archaludon|Archaludon, L50, F|100/100
|turn|4
|
|t:|1756350938
|-terastallize|p1a: Archaludon|Bug
|move|p2a: Midwest Emo|Protect|p2a: Midwest Emo
|-singleturn|p2a: Midwest Emo|Protect
|move|p1a: Archaludon|Electro Shot||[still]
|-prepare|p1a: Archaludon|Electro Shot
|-boost|p1a: Archaludon|spa|1
|-anim|p1a: Archaludon|Electro Shot|p2a: Midwest Emo
|-activate|p2a: Midwest Emo|move: Protect
|move|p1b: Pelipper|Hurricane|p2b: Math Rock
|-supereffective|p2b: Math Rock
|-damage|p2b: Math Rock|60/100
|move|p2b: Math Rock|Life Dew|p2b: Math Rock|[spread] p2a,p2b
|-heal|p2a: Midwest Emo|32/100
|-heal|p2b: Math Rock|85/100
|
|-weather|RainDance|[upkeep]
|-heal|p2a: Midwest Emo|38/100|[from] Grassy Terrain
|-heal|p2b: Math Rock|91/100|[from] Grassy Terrain
|-sideend|p1: iFHGAGFu|move: Tailwind
|upkeep
|turn|5
|
|t:|1756350962
|move|p2b: Math Rock|Rage Powder|p2b: Math Rock
|-singleturn|p2b: Math Rock|move: Rage Powder
|move|p1a: Archaludon|Electro Shot||[still]
|-prepare|p1a: Archaludon|Electro Shot
|-boost|p1a: Archaludon|spa|1
|-anim|p1a: Archaludon|Electro Shot|p2b: Math Rock
|-resisted|p2b: Math Rock
|-crit|p2b: Math Rock
|-damage|p2b: Math Rock|35/100
|-enditem|p2b: Math Rock|Sitrus Berry|[eat]
|-heal|p2b: Math Rock|60/100|[from] item: Sitrus Berry
|move|p1b: Pelipper|Hurricane|p2b: Math Rock
|-supereffective|p2b: Math Rock
|-damage|p2b: Math Rock|20/100
|move|p2a: Midwest Emo|Blood Moon|p1a: Archaludon
|-damage|p1a: Archaludon|0 fnt
|faint|p1a: Archaludon
|-damage|p2a: Midwest Emo|28/100|[from] item: Life Orb
|
|-weather|none
|-heal|p2a: Midwest Emo|34/100|[from] Grassy Terrain
|-heal|p2b: Math Rock|27/100|[from] Grassy Terrain
|-sideend|p2: musicismypassion|move: Light Screen
|upkeep
|turn|6
|-message|iFHGAGFu forfeited.
|
|win|musicismypassion
|l|☆iFHGAGFu
|player|p1|
||iFHGAGFu is ready for game 3.
|inactive|musicismypassion has 30 seconds to confirm battle start!
