|j|☆Beanybag
|j|☆RXUXBXEXN
|html|BeanybagRXUXBXEXN    
|uhtml|bestof|Game 3 of a best-of-3
|t:|1784202297
|gametype|doubles
|player|p1|Beanybag|102|1120
|player|p2|RXUXBXEXN|265|1125
|gen|9
|tier|[Gen 9 Champions] VGC 2026 Reg M-B (Bo3)
|rated|
|rule|Species Clause: Limit one of each Pokémon
|rule|Item Clause: Limit 1 of each item
|clearpoke
|poke|p1|Incineroar, L50, M, shiny|
|poke|p1|Scovillain, L50, M|
|poke|p1|Sinistcha, L50|
|poke|p1|Bellibolt, L50, M|
|poke|p1|Gengar, L50, F|
|poke|p1|Araquanid, L50, M, shiny|
|poke|p2|Charizard, L50, F, shiny|
|poke|p2|Glimmora, L50, F, shiny|
|poke|p2|Basculegion, L50, M, shiny|
|poke|p2|Whimsicott, L50, F, shiny|
|poke|p2|Hydreigon, L50, M, shiny|
|poke|p2|Aegislash, L50, M|
|teampreview|4
|showteam|p1|Incineroar||SitrusBerry|Intimidate|FakeOut,PartingShot,ThroatChop,BurningJealousy|Relaxed||M|||50|]Scovillain||Scovillainite|Moody|GigaDrain,LeechSeed,RagePowder,Protect|Calm||M|||50|]Sinistcha||FocusSash|Hospitality|MatchaGotcha,Imprison,Protect,TrickRoom|Quiet|||||50|]Bellibolt||ShucaBerry|Electromorphosis|Soak,VoltSwitch,ParabolicCharge,Protect|Relaxed||M|||50|]Gengar||Gengarite|CursedBody|GigaDrain,Toxic,Disable,Protect|Timid||F|||50|]Araquanid||Leftovers|WaterBubble|Soak,Stockpile,Infestation,Protect|Relaxed||M|||50|
|showteam|p2|Charizard||CharizarditeY|Blaze|HeatWave,WeatherBall,SolarBeam,Protect|Timid||F|||50|]Glimmora||Glimmoranite|ToxicDebris|PowerGem,SludgeBomb,EarthPower,SpikyShield|Timid||F|||50|]Basculegion||ChoiceScarf|Adaptability|WaveCrash,FlipTurn,LastRespects,AquaJet|Adamant||M|||50|]Whimsicott||LifeOrb|Prankster|Moonblast,EnergyBall,Tailwind,Encore|Timid||F|||50|]Hydreigon||HabanBerry|Levitate|DracoMeteor,DarkPulse,EarthPower,Protect|Timid||M|||50|]Aegislash||ColburBerry|StanceChange|KingsShield,ShadowSneak,SacredSword,IronHead|Adamant||M|||50|
|
|t:|1784202323
|teamsize|p1|4
|teamsize|p2|4
|start
|switch|p1a: H3LL K1TTY|Incineroar, L50, M, shiny|100/100
|switch|p1b: GREEN LAVA|Sinistcha, L50|100/100
|switch|p2a: Whimsicott|Whimsicott, L50, F, shiny|100/100
|switch|p2b: Hydreigon|Hydreigon, L50, M, shiny|100/100
|-ability|p1a: H3LL K1TTY|Intimidate|boost
|-unboost|p2a: Whimsicott|atk|1
|-unboost|p2b: Hydreigon|atk|1
|turn|1
|
|t:|1784202333
|move|p2b: Hydreigon|Protect|p2b: Hydreigon
|-singleturn|p2b: Hydreigon|Protect
|move|p1a: H3LL K1TTY|Fake Out|p2b: Hydreigon
|-activate|p2b: Hydreigon|move: Protect
|move|p2a: Whimsicott|Encore|p1a: H3LL K1TTY
|-hint|Since gen 7, Dark is immune to Prankster moves.
|-immune|p1a: H3LL K1TTY
|move|p1b: GREEN LAVA|Trick Room|p1b: GREEN LAVA
|-fieldstart|move: Trick Room|[of] p1b: GREEN LAVA
|
|upkeep
|turn|2
|
|t:|1784202369
|switch|p1b: SQRTTTT|Bellibolt, L50, M|100/100
|switch|p2a: Glimmora|Glimmora, L50, F, shiny|100/100
|move|p1a: H3LL K1TTY|Parting Shot|p2b: Hydreigon
|-unboost|p2b: Hydreigon|atk|1
|-unboost|p2b: Hydreigon|spa|1
|
|t:|1784202375
|switch|p1a: GREEN LAVA|Sinistcha, L50|100/100|[from] Parting Shot
|move|p2b: Hydreigon|Dark Pulse|p1b: SQRTTTT
|-damage|p1b: SQRTTTT|80/100
|-start|p1b: SQRTTTT|Charge|Dark Pulse|[from] ability: Electromorphosis
|
|upkeep
|turn|3
|
|t:|1784202392
|detailschange|p2a: Glimmora|Glimmora-Mega, L50, F, shiny
|-mega|p2a: Glimmora|Glimmora|Glimmoranite
|move|p1b: SQRTTTT|Soak|p2b: Hydreigon
|-start|p2b: Hydreigon|typechange|Water
|move|p1a: GREEN LAVA|Matcha Gotcha|p2b: Hydreigon|[spread] p2a,p2b
|-supereffective|p2b: Hydreigon|1
|-damage|p2a: Glimmora|63/100
|-damage|p2b: Hydreigon|27/100
|-status|p2a: Glimmora|brn
|move|p2a: Glimmora|Earth Power|p1b: SQRTTTT
|-supereffective|p1b: SQRTTTT|1
|-enditem|p1b: SQRTTTT|Shuca Berry|[eat]
|-enditem|p1b: SQRTTTT|Shuca Berry|[weaken]
|-damage|p1b: SQRTTTT|54/100
|-start|p1b: SQRTTTT|Charge|Earth Power|[from] ability: Electromorphosis
|move|p2b: Hydreigon|Dark Pulse|p1a: GREEN LAVA
|-supereffective|p1a: GREEN LAVA|1
|-damage|p1a: GREEN LAVA|60/100
|
|-damage|p2a: Glimmora|58/100 brn|[from] brn
|upkeep
|turn|4
|
|t:|1784202423
|move|p2a: Glimmora|Spiky Shield|p2a: Glimmora
|-singleturn|p2a: Glimmora|move: Protect
|move|p1b: SQRTTTT|Soak|p2a: Glimmora
|-activate|p2a: Glimmora|move: Protect
|move|p1a: GREEN LAVA|Matcha Gotcha|p2a: Glimmora|[spread] p2b
|-activate|p2a: Glimmora|move: Protect
|-supereffective|p2b: Hydreigon|1
|-damage|p2b: Hydreigon|0 fnt
|-heal|p1a: GREEN LAVA|74/100|[from] drain|[of] p2b: Hydreigon
|faint|p2b: Hydreigon
|
|-damage|p2a: Glimmora|52/100 brn|[from] brn
|upkeep
|
|t:|1784202434
|switch|p2b: Charizard|Charizard, L50, F, shiny|100/100
|turn|5
|
|t:|1784202445
|move|p1b: SQRTTTT|Soak|p2a: Glimmora
|-start|p2a: Glimmora|typechange|Water
|move|p1a: GREEN LAVA|Matcha Gotcha|p2b: Charizard|[spread] p2b
|-miss|p1a: GREEN LAVA|p2a: Glimmora
|-resisted|p2b: Charizard|2
|-damage|p2b: Charizard|90/100
|-heal|p1a: GREEN LAVA|79/100|[from] drain|[of] p2b: Charizard
|move|p2a: Glimmora|Power Gem|p1a: GREEN LAVA
|-damage|p1a: GREEN LAVA|43/100
|move|p2b: Charizard|Heat Wave|p1b: SQRTTTT|[spread] p1a
|-miss|p2b: Charizard|p1b: SQRTTTT
|-supereffective|p1a: GREEN LAVA|1
|-damage|p1a: GREEN LAVA|0 fnt
|faint|p1a: GREEN LAVA
|
|-damage|p2a: Glimmora|46/100 brn|[from] brn
|-fieldend|move: Trick Room
|upkeep
|
|t:|1784202456
|switch|p1a: H3LL K1TTY|Incineroar, L50, M, shiny|100/100
|-ability|p1a: H3LL K1TTY|Intimidate|boost
|-unboost|p2a: Glimmora|atk|1
|-unboost|p2b: Charizard|atk|1
|turn|6
|
|t:|1784202472
|move|p2b: Charizard|Protect|p2b: Charizard
|-singleturn|p2b: Charizard|Protect
|move|p2a: Glimmora|Spiky Shield|p2a: Glimmora
|-singleturn|p2a: Glimmora|move: Protect
|move|p1a: H3LL K1TTY|Fake Out|p2a: Glimmora
|-activate|p2a: Glimmora|move: Protect
|-damage|p1a: H3LL K1TTY|87/100|[from] Spiky Shield|[of] p2a: Glimmora
|move|p1b: SQRTTTT|Parabolic Charge|p2b: Charizard|[spread] p1a
|-activate|p2a: Glimmora|move: Protect
|-activate|p2b: Charizard|move: Protect
|-damage|p1a: H3LL K1TTY|59/100
|-heal|p1b: SQRTTTT|68/100|[from] drain|[of] p1a: H3LL K1TTY
|-end|p1b: SQRTTTT|Charge|[silent]
|
|-damage|p2a: Glimmora|41/100 brn|[from] brn
|upkeep
|turn|7
|
|t:|1784202486
|move|p1b: SQRTTTT|Protect|p1b: SQRTTTT
|-singleturn|p1b: SQRTTTT|Protect
|move|p2b: Charizard|Heat Wave|p1b: SQRTTTT|[spread] p1a
|-activate|p1b: SQRTTTT|move: Protect
|-resisted|p1a: H3LL K1TTY|1
|-damage|p1a: H3LL K1TTY|48/100
|-enditem|p1a: H3LL K1TTY|Sitrus Berry|[eat]
|-heal|p1a: H3LL K1TTY|73/100|[from] item: Sitrus Berry
|move|p2a: Glimmora|Power Gem|p1a: H3LL K1TTY
|-supereffective|p1a: H3LL K1TTY|1
|-damage|p1a: H3LL K1TTY|28/100
|move|p1a: H3LL K1TTY|Parting Shot|p2a: Glimmora
|-unboost|p2a: Glimmora|atk|1
|-unboost|p2a: Glimmora|spa|1
|
|t:|1784202489
|switch|p1a: SP00KR|Gengar, L50, F|100/100|[from] Parting Shot
|
|-damage|p2a: Glimmora|35/100 brn|[from] brn
|upkeep
|turn|8
|
|t:|1784202516
|detailschange|p1a: SP00KR|Gengar-Mega, L50, F
|-mega|p1a: SP00KR|Gengar|Gengarite
|move|p1a: SP00KR|Giga Drain|p2a: Glimmora
|-supereffective|p2a: Glimmora|1
|-damage|p2a: Glimmora|0 fnt
|faint|p2a: Glimmora
|move|p2b: Charizard|Heat Wave|p1b: SQRTTTT|[spread] p1a,p1b
|-damage|p1a: SP00KR|67/100
|-damage|p1b: SQRTTTT|46/100
|-start|p1b: SQRTTTT|Charge|Heat Wave|[from] ability: Electromorphosis
|move|p1b: SQRTTTT|Soak|p2b: Charizard
|-start|p2b: Charizard|typechange|Water
|
|upkeep
|
|t:|1784202530
|switch|p2a: Whimsicott|Whimsicott, L50, F, shiny|100/100
|turn|9
|
|t:|1784202545
|move|p2a: Whimsicott|Tailwind|p2a: Whimsicott
|-sidestart|p2: RXUXBXEXN|move: Tailwind
|move|p2b: Charizard|Heat Wave|p1b: SQRTTTT|[spread] p1a,p1b
|-damage|p1a: SP00KR|44/100
|-damage|p1b: SQRTTTT|28/100
|-start|p1b: SQRTTTT|Charge|Heat Wave|[from] ability: Electromorphosis
|move|p1a: SP00KR|Giga Drain|p2b: Charizard
|-supereffective|p2b: Charizard|1
|-damage|p2b: Charizard|18/100
|-heal|p1a: SP00KR|77/100|[from] drain|[of] p2b: Charizard
|move|p1b: SQRTTTT|Soak|p2a: Whimsicott
|-start|p2a: Whimsicott|typechange|Water
|
|upkeep
|turn|10
|
|t:|1784202574
|move|p2a: Whimsicott|Moonblast|p1b: SQRTTTT
|-damage|p1b: SQRTTTT|7/100
|-start|p1b: SQRTTTT|Charge|Moonblast|[from] ability: Electromorphosis
|-damage|p2a: Whimsicott|90/100|[from] item: Life Orb
|move|p2b: Charizard|Heat Wave|p1b: SQRTTTT|[spread] p1a,p1b
|-damage|p1a: SP00KR|41/100
|-damage|p1b: SQRTTTT|0 fnt
|faint|p1b: SQRTTTT
|move|p1a: SP00KR|Giga Drain|p2a: Whimsicott
|-supereffective|p2a: Whimsicott|1
|-damage|p2a: Whimsicott|13/100
|-heal|p1a: SP00KR|77/100|[from] drain|[of] p2a: Whimsicott
|
|upkeep
|
|t:|1784202576
|switch|p1b: H3LL K1TTY|Incineroar, L50, M, shiny|28/100
|-ability|p1b: H3LL K1TTY|Intimidate|boost
|-unboost|p2a: Whimsicott|atk|1
|-unboost|p2b: Charizard|atk|1
|turn|11
|
|t:|1784202598
|move|p2b: Charizard|Protect|p2b: Charizard
|-singleturn|p2b: Charizard|Protect
|move|p1b: H3LL K1TTY|Fake Out|p2b: Charizard
|-activate|p2b: Charizard|move: Protect
|move|p2a: Whimsicott|Moonblast|p1b: H3LL K1TTY
|-damage|p1b: H3LL K1TTY|9/100
|-damage|p2a: Whimsicott|3/100|[from] item: Life Orb
|move|p1a: SP00KR|Giga Drain|p2a: Whimsicott
|-supereffective|p2a: Whimsicott|1
|-damage|p2a: Whimsicott|0 fnt
|-heal|p1a: SP00KR|79/100|[from] drain|[of] p2a: Whimsicott
|faint|p2a: Whimsicott
|
|upkeep
|turn|12
|
|t:|1784202609
|move|p2b: Charizard|Heat Wave|p1b: H3LL K1TTY|[spread] p1a,p1b
|-resisted|p1b: H3LL K1TTY|1
|-damage|p1a: SP00KR|44/100
|-damage|p1b: H3LL K1TTY|0 fnt
|faint|p1b: H3LL K1TTY
|move|p1a: SP00KR|Giga Drain|p2b: Charizard
|-supereffective|p2b: Charizard|1
|-damage|p2b: Charizard|0 fnt
|-heal|p1a: SP00KR|52/100|[from] drain|[of] p2b: Charizard
|faint|p2b: Charizard
|
|win|Beanybag
|raw|Beanybag's rating: 1120 → 1145(+25 for winning)
|raw|RXUXBXEXN's rating: 1125 → 1100(-25 for losing)
|l|☆RXUXBXEXN
|player|p2|
