|j|☆samworldwide
|j|☆NoiceDynamite
|html|samworldwideNoiceDynamite    
|uhtml|bestof|Game 2 of a best-of-3
|t:|1757813081
|gametype|doubles
|player|p1|samworldwide|psychic-gen3|1111
|player|p2|NoiceDynamite|cynthia|1034
|gen|9
|tier|[Gen 9] VGC 2025 Reg H (Bo3)
|rated|
|rule|Species Clause: Limit one of each Pokémon
|rule|Item Clause: Limit 1 of each item
|clearpoke
|poke|p1|Garchomp, L50, M|
|poke|p1|Hydreigon, L50, F|
|poke|p1|Typhlosion-Hisui, L50, F|
|poke|p1|Venusaur, L50, M|
|poke|p1|Torkoal, L50, F|
|poke|p1|Whimsicott, L50, M|
|poke|p2|Archaludon, L50, F|
|poke|p2|Pelipper, L50, F|
|poke|p2|Sinistcha, L50|
|poke|p2|Ursaluna, L50, F|
|poke|p2|Dragonite, L50, M|
|poke|p2|Gholdengo, L50|
|teampreview|4
|showteam|p1|Garchomp||ClearAmulet|RoughSkin|StompingTantrum,DragonClaw,Earthquake,Protect|||M|||50|,,,,,Steel]Hydreigon||LifeOrb|Levitate|DracoMeteor,DarkPulse,HeatWave,Protect|||F|||50|,,,,,Poison]Typhlosion-Hisui||ChoiceSpecs|Blaze|Eruption,HeatWave,SolarBeam,ShadowBall|||F|||50|,,,,,Fire]Venusaur||FocusSash|Chlorophyll|GrassKnot,WeatherBall,SleepPowder,Protect|||M|||50|,,,,,Fire]Torkoal||EjectPack|Drought|Overheat,Eruption,HelpingHand,Protect|||F|||50|,,,,,Flying]Whimsicott||CovertCloak|Prankster|Moonblast,SunnyDay,Tailwind,Encore|||M|||50|,,,,,Water
|showteam|p2|Archaludon||AssaultVest|Stamina|Snarl,ElectroShot,FlashCannon,BodyPress|||F|||50|,,,,,Fighting]Pelipper||FocusSash|Drizzle|WeatherBall,MuddyWater,Tailwind,WideGuard|||F|||50|,,,,,Ghost]Sinistcha||SitrusBerry|Hospitality|MatchaGotcha,RagePowder,LifeDew,TrickRoom||||||50|,,,,,Dark]Ursaluna||FlameOrb|Guts|Facade,HeadlongRush,Earthquake,Protect|||F|||50|,,,,,Ghost]Dragonite||LoadedDice|Multiscale|Tailwind,Haze,ScaleShot,Protect|||M|||50|,,,,,Fairy]Gholdengo||ChoiceScarf|GoodasGold|MakeItRain,ShadowBall,TeraBlast,Trick||||||50|,,,,,Water
|
|t:|1757813092
|teamsize|p1|4
|teamsize|p2|4
|start
|switch|p1a: Hydreigon|Hydreigon, L50, F|100/100
|switch|p1b: Whimsicott|Whimsicott, L50, M|100/100
|switch|p2a: Archaludon|Archaludon, L50, F|100/100
|switch|p2b: Pelipper|Pelipper, L50, F|100/100
|-weather|RainDance|[from] ability: Drizzle|[of] p2b: Pelipper
|turn|1
|
|t:|1757813122
|move|p1b: Whimsicott|Sunny Day|p1b: Whimsicott
|-weather|SunnyDay
|move|p1a: Hydreigon|Draco Meteor|p2a: Archaludon
|-damage|p2a: Archaludon|40/100
|-unboost|p1a: Hydreigon|spa|2
|-ability|p2a: Archaludon|Stamina|boost
|-boost|p2a: Archaludon|def|1
|-damage|p1a: Hydreigon|91/100|[from] item: Life Orb
|move|p2b: Pelipper|Muddy Water|p1a: Hydreigon|[spread] p1a,p1b
|-resisted|p1a: Hydreigon
|-resisted|p1b: Whimsicott
|-damage|p1a: Hydreigon|82/100
|-damage|p1b: Whimsicott|92/100
|move|p2a: Archaludon|Flash Cannon|p1b: Whimsicott
|-supereffective|p1b: Whimsicott
|-damage|p1b: Whimsicott|1/100
|
|-weather|SunnyDay|[upkeep]
|upkeep
|turn|2
|
|t:|1757813159
|switch|p2a: Sinistcha|Sinistcha, L50|100/100
|move|p1b: Whimsicott|Tailwind|p1b: Whimsicott
|-sidestart|p1: samworldwide|move: Tailwind
|move|p1a: Hydreigon|Draco Meteor|p2a: Sinistcha
|-damage|p2a: Sinistcha|58/100
|-unboost|p1a: Hydreigon|spa|2
|-damage|p1a: Hydreigon|72/100|[from] item: Life Orb
|move|p2b: Pelipper|Muddy Water|p1b: Whimsicott|[spread] p1a,p1b
|-resisted|p1a: Hydreigon
|-resisted|p1b: Whimsicott
|-damage|p1a: Hydreigon|63/100
|-damage|p1b: Whimsicott|0 fnt
|faint|p1b: Whimsicott
|
|-weather|SunnyDay|[upkeep]
|upkeep
|
|t:|1757813172
|switch|p1b: Venusaur|Venusaur, L50, M|100/100
|turn|3
|
|t:|1757813199
|switch|p1a: Torkoal|Torkoal, L50, F|100/100
|move|p2b: Pelipper|Wide Guard|p2b: Pelipper
|-singleturn|p2b: Pelipper|Wide Guard
|move|p1b: Venusaur|Weather Ball|p2a: Sinistcha
|-supereffective|p2a: Sinistcha
|-damage|p2a: Sinistcha|0 fnt
|faint|p2a: Sinistcha
|
|-weather|SunnyDay|[upkeep]
|upkeep
|
|t:|1757813208
|switch|p2a: Ursaluna|Ursaluna, L50, F|100/100
|turn|4
|
|t:|1757813227
|switch|p1a: Hydreigon|Hydreigon, L50, F|63/100
|move|p2a: Ursaluna|Protect|p2a: Ursaluna
|-singleturn|p2a: Ursaluna|Protect
|move|p1b: Venusaur|Grass Knot|p2a: Ursaluna
|-activate|p2a: Ursaluna|move: Protect
|move|p2b: Pelipper|Muddy Water|p1b: Venusaur|[spread] p1a,p1b
|-resisted|p1a: Hydreigon
|-resisted|p1b: Venusaur
|-damage|p1a: Hydreigon|55/100
|-damage|p1b: Venusaur|91/100
|
|-weather|SunnyDay|[upkeep]
|-status|p2a: Ursaluna|brn|[from] item: Flame Orb
|upkeep
|turn|5
|
|t:|1757813243
|-terastallize|p2a: Ursaluna|Ghost
|move|p1b: Venusaur|Grass Knot|p2a: Ursaluna
|-damage|p2a: Ursaluna|46/100 brn
|move|p1a: Hydreigon|Dark Pulse|p2a: Ursaluna
|-supereffective|p2a: Ursaluna
|-damage|p2a: Ursaluna|0 fnt
|faint|p2a: Ursaluna
|-damage|p1a: Hydreigon|45/100|[from] item: Life Orb
|move|p2b: Pelipper|Tailwind|p2b: Pelipper
|-sidestart|p2: NoiceDynamite|move: Tailwind
|
|-weather|none
|-sideend|p1: samworldwide|move: Tailwind
|upkeep
|
|t:|1757813254
|switch|p2a: Archaludon|Archaludon, L50, F|40/100
|turn|6
|
|t:|1757813262
|move|p2b: Pelipper|Muddy Water|p1b: Venusaur|[spread] 
|-miss|p2b: Pelipper|p1a: Hydreigon
|-miss|p2b: Pelipper|p1b: Venusaur
|move|p2a: Archaludon|Body Press|p1a: Hydreigon
|-supereffective|p1a: Hydreigon
|-damage|p1a: Hydreigon|0 fnt
|faint|p1a: Hydreigon
|move|p1b: Venusaur|Grass Knot|p2b: Pelipper
|-damage|p2b: Pelipper|48/100
|
|upkeep
|
|t:|1757813270
|switch|p1a: Torkoal|Torkoal, L50, F|100/100
|-weather|SunnyDay|[from] ability: Drought|[of] p1a: Torkoal
|turn|7
|
|t:|1757813281
|-terastallize|p1b: Venusaur|Fire
|move|p1a: Torkoal|Helping Hand|p1b: Venusaur
|-singleturn|p1b: Venusaur|Helping Hand|[of] p1a: Torkoal
|move|p1b: Venusaur|Weather Ball|p2a: Archaludon
|-damage|p2a: Archaludon|0 fnt
|faint|p2a: Archaludon
|move|p2b: Pelipper|Weather Ball|p1b: Venusaur
|-resisted|p1b: Venusaur
|-damage|p1b: Venusaur|66/100
|
|-weather|SunnyDay|[upkeep]
|upkeep
|turn|8
|
|t:|1757813292
|move|p1a: Torkoal|Helping Hand|p1b: Venusaur
|-singleturn|p1b: Venusaur|Helping Hand|[of] p1a: Torkoal
|move|p1b: Venusaur|Grass Knot|p2b: Pelipper
|-damage|p2b: Pelipper|0 fnt
|faint|p2b: Pelipper
|
|win|samworldwide
|raw|samworldwide's rating: 1111 → 1131(+20 for winning)
|raw|NoiceDynamite's rating: 1034 → 1022(-12 for losing)
