|j|☆maish
|j|☆Chavo666
|html|maishChavo666    
|uhtml|bestof|Game 1 of a best-of-3
|t:|1756991634
|gametype|doubles
|player|p1|maish|roxie|1083
|player|p2|Chavo666|policeman-gen4|1072
|gen|9
|tier|[Gen 9] VGC 2025 Reg H (Bo3)
|rated|
|rule|Species Clause: Limit one of each Pokémon
|rule|Item Clause: Limit 1 of each item
|clearpoke
|poke|p1|Dragonite, L50, M|
|poke|p1|Gholdengo, L50|
|poke|p1|Rillaboom, L50, F|
|poke|p1|Arcanine-Hisui, L50, M|
|poke|p1|Annihilape, L50, M|
|poke|p1|Murkrow, L50, M|
|poke|p2|Reuniclus, L50, F|
|poke|p2|Indeedee-F, L50, F|
|poke|p2|Torkoal, L50, M|
|poke|p2|Gastrodon, L50, F|
|poke|p2|Venusaur, L50, F|
|poke|p2|Incineroar, L50, M|
|teampreview|4
|showteam|p1|Dragonite||LoadedDice|Multiscale|Protect,ScaleShot,LowKick,ExtremeSpeed|||M|||50|,,,,,Fairy]Gholdengo||ChoiceSpecs|GoodasGold|Thunderbolt,PowerGem,MakeItRain,ShadowBall||||||50|,,,,,Steel]Rillaboom||AssaultVest|GrassySurge|FakeOut,HighHorsepower,WoodHammer,GrassyGlide|||F|||50|,,,,,Fire]Arcanine-Hisui||ClearAmulet|Intimidate|Protect,FlareBlitz,RockSlide,ExtremeSpeed|||M|||50|,,,,,Water]Annihilape||FocusSash|Defiant|Coaching,CloseCombat,RageFist,FinalGambit|||M|||50|,,,,,Stellar]Murkrow||Eviolite|Prankster|Haze,Tailwind,FoulPlay,Taunt|||M|||50|,,,,,Ghost
|showteam|p2|Reuniclus||LifeOrb|Regenerator|ExpandingForce,Encore,TrickRoom,TeraBlast|||F|||50|,,,,,Fairy]Indeedee-F||PsychicSeed|PsychicSurge|DazzlingGleam,FollowMe,HelpingHand,TrickRoom|||F|||50|,,,,,Fairy]Torkoal||ChoiceSpecs|Drought|HeatWave,Eruption,EarthPower,SolarBeam|||M|||50|,,,,,Fire]Gastrodon||Leftovers|StormDrain|EarthPower,IceBeam,Recover,Yawn|||F|||50|,,,,,Fire]Venusaur||SitrusBerry|Chlorophyll|SleepPowder,SludgeBomb,GigaDrain,Protect|||F|||50|,,,,,Fire]Incineroar||SafetyGoggles|Intimidate|FakeOut,PartingShot,FlareBlitz,KnockOff|||M|||50|,,,,,Fire
|
|t:|1756991683
|teamsize|p1|4
|teamsize|p2|4
|start
|switch|p1a: Dragonite|Dragonite, L50, M|100/100
|switch|p1b: Annihilape|Annihilape, L50, M|100/100
|switch|p2a: Venusaur|Venusaur, L50, F, shiny|100/100
|switch|p2b: Torkoal|Torkoal, L50, M|100/100
|-weather|SunnyDay|[from] ability: Drought|[of] p2b: Torkoal
|turn|1
|inactive|Battle timer is ON: inactive players will automatically lose when time's up. (requested by maish)
|
|t:|1756991713
|move|p2a: Venusaur|Sleep Powder|p1b: Annihilape
|-status|p1b: Annihilape|slp|[from] move: Sleep Powder
|cant|p1b: Annihilape|slp
|move|p1a: Dragonite|Scale Shot|p2b: Torkoal
|-damage|p2b: Torkoal|88/100
|-damage|p2b: Torkoal|74/100
|-damage|p2b: Torkoal|61/100
|-damage|p2b: Torkoal|48/100
|-hitcount|p2b: Torkoal|4
|-unboost|p1a: Dragonite|def|1
|-boost|p1a: Dragonite|spe|1
|move|p2b: Torkoal|Heat Wave|p1b: Annihilape|[spread] p1a,p1b
|-resisted|p1a: Dragonite
|-crit|p1a: Dragonite
|-damage|p1a: Dragonite|75/100
|-damage|p1b: Annihilape|37/100 slp
|
|-weather|SunnyDay|[upkeep]
|upkeep
|turn|2
|inactive|maish has 30 seconds left.
|inactive|Chavo666 has 30 seconds left.
|
|t:|1756991744
|move|p1a: Dragonite|Protect|p1a: Dragonite
|-singleturn|p1a: Dragonite|Protect
|move|p2a: Venusaur|Giga Drain|p1b: Annihilape
|-damage|p1b: Annihilape|13/100 slp
|cant|p1b: Annihilape|slp
|move|p2b: Torkoal|Heat Wave|p1a: Dragonite|[spread] p1b
|-activate|p1a: Dragonite|move: Protect
|-damage|p1b: Annihilape|0 fnt
|faint|p1b: Annihilape
|
|-weather|SunnyDay|[upkeep]
|upkeep
|
|t:|1756991760
|switch|p1b: Rillaboom|Rillaboom, L50, F|100/100
|-fieldstart|move: Grassy Terrain|[from] ability: Grassy Surge|[of] p1b: Rillaboom
|turn|3
|
|t:|1756991770
|switch|p2b: Indeedee|Indeedee-F, L50, F|100/100
|-fieldstart|move: Psychic Terrain|[from] ability: Psychic Surge|[of] p2b: Indeedee
|-enditem|p2b: Indeedee|Psychic Seed
|-boost|p2b: Indeedee|spd|1|[from] item: Psychic Seed
|move|p1b: Rillaboom|Fake Out|p2a: Venusaur
|-activate|p2a: Venusaur|move: Psychic Terrain
|move|p2a: Venusaur|Sleep Powder|p1a: Dragonite
|-status|p1a: Dragonite|slp|[from] move: Sleep Powder
|cant|p1a: Dragonite|slp
|
|-weather|SunnyDay|[upkeep]
|upkeep
|turn|4
|inactive|maish has 30 seconds left.
|
|t:|1756991805
|move|p2a: Venusaur|Sludge Bomb|p1b: Rillaboom
|-supereffective|p1b: Rillaboom
|-damage|p1b: Rillaboom|58/100
|cant|p1a: Dragonite|slp
|move|p1b: Rillaboom|Wood Hammer|p2b: Indeedee
|-damage|p2b: Indeedee|33/100
|-damage|p1b: Rillaboom|41/100|[from] Recoil
|move|p2b: Indeedee|Dazzling Gleam|p1b: Rillaboom|[spread] p1a,p1b
|-supereffective|p1a: Dragonite
|-damage|p1a: Dragonite|45/100 slp
|-damage|p1b: Rillaboom|32/100
|
|-weather|SunnyDay|[upkeep]
|upkeep
|turn|5
|inactive|maish has 30 seconds left.
|
|t:|1756991835
|switch|p1b: Arcanine|Arcanine-Hisui, L50, M|100/100
|-ability|p1b: Arcanine|Intimidate|boost
|-unboost|p2a: Venusaur|atk|1
|-unboost|p2b: Indeedee|atk|1
|move|p2b: Indeedee|Helping Hand|p2a: Venusaur
|-singleturn|p2a: Venusaur|Helping Hand|[of] p2b: Indeedee
|move|p2a: Venusaur|Sludge Bomb|p1b: Arcanine
|-resisted|p1b: Arcanine
|-damage|p1b: Arcanine|74/100
|cant|p1a: Dragonite|slp
|
|-weather|none
|upkeep
|turn|6
|inactive|maish has 30 seconds left.
|inactive|Chavo666 has 30 seconds left.
|
|t:|1756991867
|switch|p2b: Torkoal|Torkoal, L50, M|48/100
|-weather|SunnyDay|[from] ability: Drought|[of] p2b: Torkoal
|move|p1b: Arcanine|Protect|p1b: Arcanine
|-singleturn|p1b: Arcanine|Protect
|move|p2a: Venusaur|Sleep Powder|p1b: Arcanine
|-activate|p1b: Arcanine|move: Protect
|-curestatus|p1a: Dragonite|slp|[msg]
|move|p1a: Dragonite|Scale Shot|p2a: Venusaur
|-damage|p2a: Venusaur|84/100
|-damage|p2a: Venusaur|70/100
|-damage|p2a: Venusaur|54/100
|-damage|p2a: Venusaur|38/100
|-enditem|p2a: Venusaur|Sitrus Berry|[eat]
|-heal|p2a: Venusaur|62/100|[from] item: Sitrus Berry
|-damage|p2a: Venusaur|47/100
|-hitcount|p2a: Venusaur|5
|-unboost|p1a: Dragonite|def|1
|-boost|p1a: Dragonite|spe|1
|
|-weather|SunnyDay|[upkeep]
|upkeep
|turn|7
|inactive|maish has 30 seconds left.
|inactive|Chavo666 has 30 seconds left.
|inactive|Chavo666 has 20 seconds left.
|
|t:|1756991903
|move|p2a: Venusaur|Protect|p2a: Venusaur
|-singleturn|p2a: Venusaur|Protect
|move|p1a: Dragonite|Scale Shot|p2a: Venusaur
|-activate|p2a: Venusaur|move: Protect
|move|p1b: Arcanine|Rock Slide|p2b: Torkoal|[spread] p2b
|-activate|p2a: Venusaur|move: Protect
|-supereffective|p2b: Torkoal
|-damage|p2b: Torkoal|0 fnt
|faint|p2b: Torkoal
|
|-weather|SunnyDay|[upkeep]
|-fieldend|move: Psychic Terrain
|upkeep
|
|t:|1756991915
|switch|p2b: Gastrodon|Gastrodon, L50, F|100/100
|turn|8
|
|t:|1756991932
|switch|p2a: Indeedee|Indeedee-F, L50, F|33/100
|-fieldstart|move: Psychic Terrain|[from] ability: Psychic Surge|[of] p2a: Indeedee
|switch|p1b: Rillaboom|Rillaboom, L50, F|32/100
|-fieldstart|move: Grassy Terrain|[from] ability: Grassy Surge|[of] p1b: Rillaboom
|move|p1a: Dragonite|Scale Shot|p2a: Indeedee|[miss]
|-miss|p1a: Dragonite|p2a: Indeedee
|move|p2b: Gastrodon|Ice Beam|p1a: Dragonite
|-supereffective|p1a: Dragonite
|-damage|p1a: Dragonite|0 fnt
|faint|p1a: Dragonite
|
|-weather|SunnyDay|[upkeep]
|-heal|p1b: Rillaboom|38/100|[from] Grassy Terrain
|-heal|p2a: Indeedee|39/100|[from] Grassy Terrain
|upkeep
|
|t:|1756991941
|switch|p1a: Arcanine|Arcanine-Hisui, L50, M|74/100
|-ability|p1a: Arcanine|Intimidate|boost
|-unboost|p2a: Indeedee|atk|1
|-unboost|p2b: Gastrodon|atk|1
|turn|9
|inactive|maish has 30 seconds left.
|
|t:|1756991967
|switch|p2b: Venusaur|Venusaur, L50, F, shiny|47/100
|move|p1a: Arcanine|Rock Slide|p2b: Venusaur|[spread] p2a,p2b
|-crit|p2a: Indeedee
|-damage|p2a: Indeedee|0 fnt
|-damage|p2b: Venusaur|21/100
|faint|p2a: Indeedee
|move|p1b: Rillaboom|High Horsepower|p2b: Venusaur
|-damage|p2b: Venusaur|0 fnt
|faint|p2b: Venusaur
|
|-weather|SunnyDay|[upkeep]
|-heal|p1a: Arcanine|80/100|[from] Grassy Terrain
|-heal|p1b: Rillaboom|44/100|[from] Grassy Terrain
|upkeep
|
|t:|1756991980
|switch|p2b: Gastrodon|Gastrodon, L50, F|100/100
|turn|10
|
|t:|1756991993
|-terastallize|p1a: Arcanine|Water
|-terastallize|p2b: Gastrodon|Fire
|move|p1a: Arcanine|Extreme Speed|p2b: Gastrodon
|-damage|p2b: Gastrodon|76/100
|move|p1b: Rillaboom|Grassy Glide|p2b: Gastrodon
|-resisted|p2b: Gastrodon
|-damage|p2b: Gastrodon|59/100
|move|p2b: Gastrodon|Earth Power|p1a: Arcanine
|-damage|p1a: Arcanine|39/100
|
|-weather|none
|-heal|p1a: Arcanine|45/100|[from] Grassy Terrain
|-heal|p1b: Rillaboom|50/100|[from] Grassy Terrain
|-heal|p2b: Gastrodon|65/100|[from] Grassy Terrain
|-heal|p2b: Gastrodon|71/100|[from] item: Leftovers
|upkeep
|turn|11
|
|t:|1756992009
|move|p1a: Arcanine|Rock Slide|p2b: Gastrodon
|-supereffective|p2b: Gastrodon
|-damage|p2b: Gastrodon|0 fnt
|faint|p2b: Gastrodon
|
|win|maish
