|j|☆Jakobtc
|j|☆endK649
|html|JakobtcendK649    
|uhtml|bestof|Game 1 of a best-of-3
|t:|1757039717
|gametype|doubles
|player|p1|Jakobtc|riley|1119
|player|p2|endK649|gambler|1185
|gen|9
|tier|[Gen 9] VGC 2025 Reg H (Bo3)
|rated|
|rule|Species Clause: Limit one of each Pokémon
|rule|Item Clause: Limit 1 of each item
|clearpoke
|poke|p1|Gholdengo, L50|
|poke|p1|Incineroar, L50, M|
|poke|p1|Rillaboom, L50, M|
|poke|p1|Dragonite, L50, F|
|poke|p1|Sneasler, L50, F|
|poke|p1|Electabuzz, L50, M|
|poke|p2|Feraligatr, L50, M|
|poke|p2|Flamigo, L50, M|
|poke|p2|Politoed, L50, F|
|poke|p2|Rillaboom, L50, M|
|poke|p2|Incineroar, L50, M|
|poke|p2|Amoonguss, L50, F|
|teampreview|4
|showteam|p1|Gholdengo||LifeOrb|GoodasGold|MakeItRain,ShadowBall,NastyPlot,Protect||||||50|,,,,,Water]Incineroar||SafetyGoggles|Intimidate|FakeOut,FlareBlitz,KnockOff,PartingShot|||M|||50|,,,,,Bug]Rillaboom||AssaultVest|GrassySurge|FakeOut,GrassyGlide,WoodHammer,HighHorsepower|||M|||50|,,,,,Rock]Dragonite||LoadedDice|Multiscale|ScaleShot,TeraBlast,Tailwind,Protect|||F|||50|,,,,,Flying]Sneasler||FocusSash|Unburden|DireClaw,CloseCombat,Taunt,Protect|||F|||50|,,,,,Stellar]Electabuzz||Eviolite|VitalSpirit|FollowMe,Electroweb,VoltSwitch,Protect|||M|||50|,,,,,Fairy
|showteam|p2|Feraligatr||LifeOrb|SheerForce|Liquidation,Crunch,DragonDance,Protect|||M|||50|,,,,,Dark]Flamigo||FocusSash|Scrappy|BraveBird,CloseCombat,ThroatChop,Protect|||M|||50|,,,,,Stellar]Politoed||SitrusBerry|Drizzle|WeatherBall,IcyWind,Haze,Protect|||F|||50|,,,,,Grass]Rillaboom||AssaultVest|GrassySurge|WoodHammer,GrassyGlide,FakeOut,Uturn|||M|||50|,,,,,Fire]Incineroar||SafetyGoggles|Intimidate|KnockOff,FakeOut,Taunt,PartingShot|||M|||50|,,,,,Ghost]Amoonguss||CovertCloak|Regenerator|PollenPuff,Spore,RagePowder,Protect|||F|||50|,,,,,Water
|c|☆Jakobtc|glhf
|inactive|Battle timer is ON: inactive players will automatically lose when time's up. (requested by endK649)
|
|t:|1757039785
|teamsize|p1|4
|teamsize|p2|4
|start
|switch|p1a: Gholdengo|Gholdengo, L50|100/100
|switch|p1b: Electabuzz|Electabuzz, L50, M|100/100
|switch|p2a: Flamigo|Flamigo, L50, M, shiny|100/100
|switch|p2b: Incineroar|Incineroar, L50, M, shiny|100/100
|-ability|p2b: Incineroar|Intimidate|boost
|-unboost|p1a: Gholdengo|atk|1
|-unboost|p1b: Electabuzz|atk|1
|turn|1
|inactive|Jakobtc has 30 seconds left.
|inactive|Jakobtc has 20 seconds left.
|inactive|Jakobtc has 15 seconds left.
|
|t:|1757039826
|move|p2a: Flamigo|Protect|p2a: Flamigo
|-singleturn|p2a: Flamigo|Protect
|move|p1a: Gholdengo|Protect|p1a: Gholdengo
|-singleturn|p1a: Gholdengo|Protect
|move|p1b: Electabuzz|Protect|p1b: Electabuzz
|-singleturn|p1b: Electabuzz|Protect
|move|p2b: Incineroar|Taunt|p1b: Electabuzz
|-activate|p1b: Electabuzz|move: Protect
|
|upkeep
|turn|2
|
|t:|1757039842
|-terastallize|p1a: Gholdengo|Water
|move|p2a: Flamigo|Close Combat|p1a: Gholdengo
|-damage|p1a: Gholdengo|40/100
|-unboost|p2a: Flamigo|def|1
|-unboost|p2a: Flamigo|spd|1
|move|p1a: Gholdengo|Shadow Ball|p2a: Flamigo
|-enditem|p2a: Flamigo|Focus Sash
|-damage|p2a: Flamigo|1/100
|-damage|p1a: Gholdengo|30/100|[from] item: Life Orb
|move|p1b: Electabuzz|Electroweb|p2b: Incineroar|[spread] p2a,p2b
|-supereffective|p2a: Flamigo
|-damage|p2a: Flamigo|0 fnt
|-damage|p2b: Incineroar|88/100
|-unboost|p2b: Incineroar|spe|1
|faint|p2a: Flamigo
|move|p2b: Incineroar|Taunt|p1b: Electabuzz
|-start|p1b: Electabuzz|move: Taunt
|
|upkeep
|
|t:|1757039851
|switch|p2a: Feraligatr|Feraligatr, L50, M, shiny|100/100
|turn|3
|
|t:|1757039862
|switch|p1a: Rillaboom|Rillaboom, L50, M|100/100
|-fieldstart|move: Grassy Terrain|[from] ability: Grassy Surge|[of] p1a: Rillaboom
|-terastallize|p2a: Feraligatr|Dark
|move|p1b: Electabuzz|Electroweb|p2a: Feraligatr|[spread] p2a,p2b
|-damage|p2a: Feraligatr|84/100
|-damage|p2b: Incineroar|78/100
|-unboost|p2a: Feraligatr|spe|1
|-unboost|p2b: Incineroar|spe|1
|move|p2a: Feraligatr|Dragon Dance|p2a: Feraligatr
|-boost|p2a: Feraligatr|atk|1
|-boost|p2a: Feraligatr|spe|1
|move|p2b: Incineroar|Knock Off|p1a: Rillaboom
|-damage|p1a: Rillaboom|66/100
|-enditem|p1a: Rillaboom|Assault Vest|[from] move: Knock Off|[of] p2b: Incineroar
|
|-heal|p2a: Feraligatr|90/100|[from] Grassy Terrain
|-heal|p1a: Rillaboom|72/100|[from] Grassy Terrain
|-heal|p2b: Incineroar|84/100|[from] Grassy Terrain
|upkeep
|turn|4
|inactive|Jakobtc has 30 seconds left.
|
|t:|1757039890
|move|p2a: Feraligatr|Protect|p2a: Feraligatr
|-singleturn|p2a: Feraligatr|Protect
|move|p1b: Electabuzz|Electroweb|p2b: Incineroar|[spread] p2b
|-activate|p2a: Feraligatr|move: Protect
|-damage|p2b: Incineroar|72/100
|-unboost|p2b: Incineroar|spe|1
|move|p1a: Rillaboom|High Horsepower|p2b: Incineroar
|-supereffective|p2b: Incineroar
|-damage|p2b: Incineroar|17/100
|move|p2b: Incineroar|Parting Shot|p1a: Rillaboom
|-unboost|p1a: Rillaboom|atk|1
|-unboost|p1a: Rillaboom|spa|1
|
|t:|1757039898
|switch|p2b: Amoonguss|Amoonguss, L50, F, shiny|100/100|[from] Parting Shot
|
|-heal|p2a: Feraligatr|96/100|[from] Grassy Terrain
|-heal|p1a: Rillaboom|77/100|[from] Grassy Terrain
|upkeep
|turn|5
|
|t:|1757039915
|move|p1b: Electabuzz|Electroweb|p2a: Feraligatr|[spread] p2a,p2b
|-resisted|p2b: Amoonguss
|-damage|p2a: Feraligatr|79/100
|-damage|p2b: Amoonguss|94/100
|-unboost|p2a: Feraligatr|spe|1
|move|p1a: Rillaboom|Wood Hammer|p2a: Feraligatr
|-damage|p2a: Feraligatr|28/100
|-damage|p1a: Rillaboom|63/100|[from] Recoil
|move|p2a: Feraligatr|Crunch|p1a: Rillaboom
|-damage|p1a: Rillaboom|0 fnt
|faint|p1a: Rillaboom
|move|p2b: Amoonguss|Pollen Puff|p2a: Feraligatr
|-heal|p2a: Feraligatr|77/100
|
|-heal|p2a: Feraligatr|83/100|[from] Grassy Terrain
|-heal|p2b: Amoonguss|99/100|[from] Grassy Terrain
|-end|p1b: Electabuzz|move: Taunt
|upkeep
|
|t:|1757039935
|switch|p1a: Gholdengo|Gholdengo, L50, tera:Water|30/100
|turn|6
|inactive|endK649 has 30 seconds left.
|inactive|endK649 has 20 seconds left.
|inactive|endK649 has 15 seconds left.
|
|t:|1757039977
|switch|p2b: Incineroar|Incineroar, L50, M, shiny|17/100
|-ability|p2b: Incineroar|Intimidate|boost
|-unboost|p1a: Gholdengo|atk|1
|-unboost|p1b: Electabuzz|atk|1
|move|p1b: Electabuzz|Follow Me|p1b: Electabuzz
|-singleturn|p1b: Electabuzz|move: Follow Me
|move|p1a: Gholdengo|Nasty Plot|p1a: Gholdengo
|-boost|p1a: Gholdengo|spa|2
|move|p2a: Feraligatr|Liquidation|p1b: Electabuzz
|-damage|p1b: Electabuzz|17/100
|
|-heal|p1a: Gholdengo|36/100|[from] Grassy Terrain
|-heal|p1b: Electabuzz|23/100|[from] Grassy Terrain
|-heal|p2b: Incineroar|23/100|[from] Grassy Terrain
|-heal|p2a: Feraligatr|89/100|[from] Grassy Terrain
|upkeep
|turn|7
|
|t:|1757039998
|move|p1a: Gholdengo|Protect|p1a: Gholdengo
|-singleturn|p1a: Gholdengo|Protect
|move|p1b: Electabuzz|Protect|p1b: Electabuzz
|-singleturn|p1b: Electabuzz|Protect
|move|p2b: Incineroar|Fake Out|p1a: Gholdengo
|-activate|p1a: Gholdengo|move: Protect
|move|p2a: Feraligatr|Dragon Dance|p2a: Feraligatr
|-boost|p2a: Feraligatr|atk|1
|-boost|p2a: Feraligatr|spe|1
|
|-heal|p1a: Gholdengo|42/100|[from] Grassy Terrain
|-heal|p1b: Electabuzz|28/100|[from] Grassy Terrain
|-heal|p2a: Feraligatr|95/100|[from] Grassy Terrain
|-heal|p2b: Incineroar|29/100|[from] Grassy Terrain
|-fieldend|move: Grassy Terrain
|upkeep
|turn|8
|
|t:|1757040016
|switch|p2b: Amoonguss|Amoonguss, L50, F, shiny|100/100
|move|p2a: Feraligatr|Protect|p2a: Feraligatr
|-singleturn|p2a: Feraligatr|Protect
|move|p1b: Electabuzz|Follow Me|p1b: Electabuzz
|-singleturn|p1b: Electabuzz|move: Follow Me
|move|p1a: Gholdengo|Make It Rain|p2a: Feraligatr|[spread] p2b
|-activate|p2a: Feraligatr|move: Protect
|-damage|p2b: Amoonguss|0 fnt
|-unboost|p1a: Gholdengo|spa|1
|faint|p2b: Amoonguss
|-damage|p1a: Gholdengo|33/100|[from] item: Life Orb
|
|upkeep
|
|t:|1757040025
|switch|p2b: Incineroar|Incineroar, L50, M, shiny|29/100
|-ability|p2b: Incineroar|Intimidate|boost
|-unboost|p1a: Gholdengo|atk|1
|-unboost|p1b: Electabuzz|atk|1
|turn|9
|
|t:|1757040036
|move|p1a: Gholdengo|Protect|p1a: Gholdengo
|-singleturn|p1a: Gholdengo|Protect
|move|p2b: Incineroar|Fake Out|p1b: Electabuzz
|-damage|p1b: Electabuzz|20/100
|cant|p1b: Electabuzz|flinch
|move|p2a: Feraligatr|Liquidation|p1a: Gholdengo
|-activate|p1a: Gholdengo|move: Protect
|
|upkeep
|turn|10
|inactive|Jakobtc has 30 seconds left.
|inactive|endK649 has 30 seconds left.
|
|t:|1757040066
|move|p2a: Feraligatr|Protect|p2a: Feraligatr
|-singleturn|p2a: Feraligatr|Protect
|move|p1a: Gholdengo|Make It Rain|p2a: Feraligatr|[spread] p2b
|-activate|p2a: Feraligatr|move: Protect
|-resisted|p2b: Incineroar
|-damage|p2b: Incineroar|0 fnt
|-unboost|p1a: Gholdengo|spa|1
|faint|p2b: Incineroar
|-damage|p1a: Gholdengo|23/100|[from] item: Life Orb
|move|p1b: Electabuzz|Electroweb|p2a: Feraligatr
|-activate|p2a: Feraligatr|move: Protect
|
|upkeep
|turn|11
|
|t:|1757040081
|move|p1a: Gholdengo|Protect|p1a: Gholdengo
|-singleturn|p1a: Gholdengo|Protect
|move|p1b: Electabuzz|Electroweb|p2a: Feraligatr
|-damage|p2a: Feraligatr|75/100
|-unboost|p2a: Feraligatr|spe|1
|move|p2a: Feraligatr|Liquidation|p1b: Electabuzz
|-damage|p1b: Electabuzz|0 fnt
|faint|p1b: Electabuzz
|
|upkeep
|
|t:|1757040090
|switch|p1b: Dragonite|Dragonite, L50, F|100/100
|turn|12
|
|t:|1757040099
|move|p1a: Gholdengo|Make It Rain|p2a: Feraligatr
|-damage|p2a: Feraligatr|0 fnt
|-unboost|p1a: Gholdengo|spa|1
|faint|p2a: Feraligatr
|-damage|p1a: Gholdengo|14/100|[from] item: Life Orb
|
|win|Jakobtc
||endK649 is ready for game 2.
