|j|☆WASHINGTONGARGACHA
|j|☆HunterOnShowdown
|html|WASHINGTONGARGACHAHunterOnShowdown    
|uhtml|bestof|Game 1 of a best-of-3
|t:|1756685993
|gametype|doubles
|player|p1|WASHINGTONGARGACHA|2|1165
|player|p2|HunterOnShowdown|hilbert-masters2|1115
|gen|9
|tier|[Gen 9] VGC 2025 Reg H (Bo3)
|rated|
|rule|Species Clause: Limit one of each Pokémon
|rule|Item Clause: Limit 1 of each item
|clearpoke
|poke|p1|Gholdengo, L50|
|poke|p1|Garchomp, L50, M|
|poke|p1|Archaludon, L50, M|
|poke|p1|Murkrow, L50, F|
|poke|p1|Farigiraf, L50, M|
|poke|p1|Sneasler, L50, M|
|poke|p2|Volcarona, L50, F|
|poke|p2|Dragonite, L50, M|
|poke|p2|Sneasler, L50, M|
|poke|p2|Meowscarada, L50, M|
|poke|p2|Kingambit, L50, M|
|poke|p2|Electabuzz, L50, M|
|teampreview|4
|showteam|p1|Gholdengo||LifeOrb|GoodasGold|ShadowBall,MakeItRain,NastyPlot,Protect||||||50|,,,,,Water]Garchomp||ChoiceScarf|RoughSkin|Earthquake,Outrage,RockSlide,StompingTantrum|||M|||50|,,,,,Ground]Archaludon||PowerHerb|Sturdy|ElectroShot,FlashCannon,DracoMeteor,Protect|||M|||50|,,,,,Grass]Murkrow||Eviolite|Prankster|Tailwind,RainDance,FoulPlay,Haze|||F|||50|,,,,,Dark]Farigiraf||ThroatSpray|ArmorTail|HyperVoice,TrickRoom,Psychic,Protect|||M|||50|,,,,,Fairy]Sneasler||AirBalloon|Unburden|DireClaw,CloseCombat,Protect,ThroatChop|||M|||50|,,,,,Flying
|showteam|p2|Volcarona||Leftovers|FlameBody|FieryDance,QuiverDance,TeraBlast,Protect|||F|||50|,,,,,Dragon]Dragonite||LoadedDice|Multiscale|Haze,ScaleShot,StompingTantrum,Protect|||M|||50|,,,,,Fairy]Sneasler||WhiteHerb|Unburden|Coaching,CloseCombat,DireClaw,FakeOut|||M|||50|,,,,,Ghost]Meowscarada||FocusSash|Overgrow|KnockOff,FlowerTrick,TripleAxel,Protect|||M|||50|,,,,,Ghost]Kingambit||BlackGlasses|Defiant|SuckerPunch,KowtowCleave,SwordsDance,Protect|||M|||50|,,,,,Dark]Electabuzz||Eviolite|VitalSpirit|Taunt,Electroweb,FollowMe,Protect|||M|||50|,,,,,Ghost
|inactive|Battle timer is ON: inactive players will automatically lose when time's up. (requested by HunterOnShowdown)
|inactive|HunterOnShowdown has 60 seconds left.
|inactive|HunterOnShowdown has 30 seconds left.
|inactive|HunterOnShowdown has 20 seconds left.
|inactive|HunterOnShowdown has 15 seconds left.
|inactive|HunterOnShowdown has 10 seconds left.
|
|t:|1756686078
|teamsize|p1|4
|teamsize|p2|4
|start
|switch|p1a: Garchomp|Garchomp, L50, M|100/100
|switch|p1b: Murkrow|Murkrow, L50, F|100/100
|switch|p2a: Sneasler|Sneasler, L50, M|100/100
|switch|p2b: Meowscarada|Meowscarada, L50, M|100/100
|turn|1
|
|t:|1756686097
|-terastallize|p1a: Garchomp|Ground
|move|p2a: Sneasler|Fake Out|p1a: Garchomp
|-damage|p1a: Garchomp|85/100
|-damage|p2a: Sneasler|88/100|[from] ability: Rough Skin|[of] p1a: Garchomp
|cant|p1a: Garchomp|flinch
|move|p2b: Meowscarada|Triple Axel|p1a: Garchomp|[miss]
|-miss|p2b: Meowscarada|p1a: Garchomp
|move|p1b: Murkrow|Foul Play|p2b: Meowscarada
|-resisted|p2b: Meowscarada
|-damage|p2b: Meowscarada|68/100
|
|upkeep
|turn|2
|
|t:|1756686111
|switch|p2a: Dragonite|Dragonite, L50, M|100/100
|move|p1b: Murkrow|Tailwind|p1b: Murkrow
|-sidestart|p1: WASHINGTONGARGACHA|move: Tailwind
|move|p1a: Garchomp|Earthquake|p2b: Meowscarada|[spread] p2b
|-immune|p1b: Murkrow
|-immune|p2a: Dragonite
|-resisted|p2b: Meowscarada
|-damage|p2b: Meowscarada|30/100
|move|p2b: Meowscarada|Flower Trick|p1a: Garchomp
|-supereffective|p1a: Garchomp
|-crit|p1a: Garchomp
|-damage|p1a: Garchomp|0 fnt
|faint|p1a: Garchomp
|
|upkeep
|
|t:|1756686130
|switch|p1a: Archaludon|Archaludon, L50, M|100/100
|turn|3
|
|t:|1756686150
|move|p1a: Archaludon|Electro Shot||[still]
|-prepare|p1a: Archaludon|Electro Shot
|-boost|p1a: Archaludon|spa|1
|-enditem|p1a: Archaludon|Power Herb
|-anim|p1a: Archaludon|Electro Shot|p2a: Dragonite
|-damage|p2a: Dragonite|68/100
|move|p1b: Murkrow|Foul Play|p2a: Dragonite
|-damage|p2a: Dragonite|9/100
|move|p2b: Meowscarada|Triple Axel|p1b: Murkrow
|-supereffective|p1b: Murkrow
|-damage|p1b: Murkrow|83/100
|-supereffective|p1b: Murkrow
|-damage|p1b: Murkrow|44/100
|-supereffective|p1b: Murkrow
|-damage|p1b: Murkrow|0 fnt
|faint|p1b: Murkrow
|-hitcount|p1: Murkrow|3
|move|p2a: Dragonite|Scale Shot|p1a: Archaludon
|-damage|p1a: Archaludon|88/100
|-damage|p1a: Archaludon|76/100
|-damage|p1a: Archaludon|65/100
|-damage|p1a: Archaludon|51/100
|-damage|p1a: Archaludon|38/100
|-hitcount|p1a: Archaludon|5
|-unboost|p2a: Dragonite|def|1
|-boost|p2a: Dragonite|spe|1
|
|upkeep
|
|t:|1756686173
|switch|p1b: Sneasler|Sneasler, L50, M|100/100
|-item|p1b: Sneasler|Air Balloon
|turn|4
|
|t:|1756686196
|move|p2a: Dragonite|Protect|p2a: Dragonite
|-singleturn|p2a: Dragonite|Protect
|move|p2b: Meowscarada|Protect|p2b: Meowscarada
|-singleturn|p2b: Meowscarada|Protect
|move|p1b: Sneasler|Dire Claw|p2b: Meowscarada
|-activate|p2b: Meowscarada|move: Protect
|move|p1a: Archaludon|Flash Cannon|p2a: Dragonite
|-activate|p2a: Dragonite|move: Protect
|
|upkeep
|turn|5
|inactive|WASHINGTONGARGACHA has 30 seconds left.
|
|t:|1756686225
|switch|p2b: Volcarona|Volcarona, L50, F|100/100
|move|p1b: Sneasler|Close Combat|p2a: Dragonite
|-resisted|p2a: Dragonite
|-damage|p2a: Dragonite|0 fnt
|-unboost|p1b: Sneasler|def|1
|-unboost|p1b: Sneasler|spd|1
|faint|p2a: Dragonite
|move|p1a: Archaludon|Draco Meteor|p2b: Volcarona
|-damage|p2b: Volcarona|13/100
|-unboost|p1a: Archaludon|spa|2
|
|-heal|p2b: Volcarona|19/100|[from] item: Leftovers
|-sideend|p1: WASHINGTONGARGACHA|move: Tailwind
|upkeep
|
|t:|1756686245
|switch|p2a: Meowscarada|Meowscarada, L50, M|30/100
|turn|6
|
|t:|1756686250
|move|p1b: Sneasler|Protect|p1b: Sneasler
|-singleturn|p1b: Sneasler|Protect
|move|p1a: Archaludon|Protect|p1a: Archaludon
|-singleturn|p1a: Archaludon|Protect
|move|p2a: Meowscarada|Triple Axel|p1b: Sneasler
|-activate|p1b: Sneasler|move: Protect
|move|p2b: Volcarona|Fiery Dance|p1a: Archaludon
|-activate|p1a: Archaludon|move: Protect
|
|-heal|p2b: Volcarona|25/100|[from] item: Leftovers
|upkeep
|turn|7
|inactive|WASHINGTONGARGACHA has 30 seconds left.
|
|t:|1756686282
|move|p2a: Meowscarada|Triple Axel|p1b: Sneasler
|-damage|p1b: Sneasler|86/100
|-enditem|p1b: Sneasler|Air Balloon
|-damage|p1b: Sneasler|55/100
|-crit|p1b: Sneasler
|-damage|p1b: Sneasler|0 fnt
|faint|p1b: Sneasler
|-hitcount|p1: Sneasler|3
|move|p2b: Volcarona|Fiery Dance|p1a: Archaludon
|-damage|p1a: Archaludon|0 fnt
|-boost|p2b: Volcarona|spa|1
|faint|p1a: Archaludon
|
|win|HunterOnShowdown
