|j|☆pakaan64
|j|☆Imaginary Iris
|html|pakaan64Imaginary Iris    
|uhtml|bestof|Game 3 of a best-of-3
|t:|1757636036
|gametype|doubles
|player|p1|pakaan64|101|1139
|player|p2|Imaginary Iris|lady|1120
|gen|9
|tier|[Gen 9] VGC 2025 Reg H (Bo3)
|rated|
|rule|Species Clause: Limit one of each Pokémon
|rule|Item Clause: Limit 1 of each item
|clearpoke
|poke|p1|Kingambit, L50, F|
|poke|p1|Arcanine, L50, F|
|poke|p1|Serperior, L50, F|
|poke|p1|Sneasler, L50, F|
|poke|p1|Dondozo, L50, M|
|poke|p1|Tatsugiri, L50, M|
|poke|p2|Dachsbun, L50, F|
|poke|p2|Typhlosion-Hisui, L50, F|
|poke|p2|Kingambit, L50, M|
|poke|p2|Jumpluff, L50, F|
|poke|p2|Rillaboom, L50, F|
|poke|p2|Torkoal, L50, F|
|teampreview|4
|showteam|p1|Kingambit||AssaultVest|Defiant|SuckerPunch,KowtowCleave,IronHead,LowKick|||F|||50|,,,,,Ghost]Arcanine||SitrusBerry|Intimidate|FlareBlitz,ExtremeSpeed,Protect,HelpingHand|||F|||50|,,,,,Water]Serperior||FocusSash|Contrary|LeafStorm,Protect,TeraBlast,Glare|||F|||50|,,,,,Stellar]Sneasler||WhiteHerb|Unburden|DireClaw,CloseCombat,Protect,Coaching|||F|||50|,,,,,Dark]Dondozo||Leftovers|Unaware|TeraBlast,Protect,WaveCrash,OrderUp|||M|||50|,,,,,Flying]Tatsugiri||ToxicOrb|Commander|Protect,MuddyWater,DracoMeteor,DragonPulse|||M|||50|,,,,,Steel
|showteam|p2|Dachsbun||Leftovers|WellBakedBody|Protect,BodyPress,HelpingHand,Snarl|||F|||50|,,,,,Steel]Typhlosion-Hisui||ChoiceSpecs|Blaze|Eruption,LavaPlume,Overheat,ShadowBall|||F|||50|,,,,,Fire]Kingambit||SafetyGoggles|Defiant|Protect,KowtowCleave,SuckerPunch,SwordsDance|||M|||50|,,,,,Dark]Jumpluff||CovertCloak|Chlorophyll|LeafStorm,Encore,SleepPowder,Tailwind|||F|||50|,,,,,Water]Rillaboom||AssaultVest|GrassySurge|WoodHammer,FakeOut,GrassyGlide,HighHorsepower|||F|||50|,,,,,Fire]Torkoal||SitrusBerry|Drought|Protect,ClearSmog,HeatWave,LavaPlume|||F|||50|,,,,,Fairy
|inactive|Battle timer is ON: inactive players will automatically lose when time's up. (requested by pakaan64)
|
|t:|1757636075
|teamsize|p1|4
|teamsize|p2|4
|start
|switch|p1a: Sneasler|Sneasler, L50, F|100/100
|switch|p1b: Arcanine|Arcanine, L50, F, shiny|100/100
|switch|p2a: Rillaboom|Rillaboom, L50, F, shiny|100/100
|switch|p2b: Jumpluff|Jumpluff, L50, F, shiny|100/100
|-ability|p1b: Arcanine|Intimidate|boost
|-unboost|p2a: Rillaboom|atk|1
|-unboost|p2b: Jumpluff|atk|1
|-fieldstart|move: Grassy Terrain|[from] ability: Grassy Surge|[of] p2a: Rillaboom
|turn|1
|inactive|Imaginary Iris has 30 seconds left.
|
|t:|1757636109
|move|p1a: Sneasler|Protect|p1a: Sneasler
|-singleturn|p1a: Sneasler|Protect
|move|p2a: Rillaboom|Fake Out|p1a: Sneasler
|-activate|p1a: Sneasler|move: Protect
|move|p2b: Jumpluff|Tailwind|p2b: Jumpluff
|-sidestart|p2: Imaginary Iris|move: Tailwind
|move|p1b: Arcanine|Flare Blitz|p2b: Jumpluff
|-supereffective|p2b: Jumpluff
|-damage|p2b: Jumpluff|0 fnt
|faint|p2b: Jumpluff
|-damage|p1b: Arcanine|66/100|[from] Recoil
|
|-heal|p1b: Arcanine|72/100|[from] Grassy Terrain
|upkeep
|
|t:|1757636125
|switch|p2b: Typhlosion|Typhlosion-Hisui, L50, F|100/100
|turn|2
|inactive|pakaan64 has 30 seconds left.
|inactive|Imaginary Iris has 30 seconds left.
|
|t:|1757636159
|switch|p2a: Torkoal|Torkoal, L50, F|100/100
|-weather|SunnyDay|[from] ability: Drought|[of] p2a: Torkoal
|switch|p1a: Tatsugiri|Tatsugiri, L50, M|100/100
|-terastallize|p2b: Typhlosion|Fire
|-terastallize|p1b: Arcanine|Water
|move|p2b: Typhlosion|Overheat|p1b: Arcanine
|-resisted|p1b: Arcanine
|-damage|p1b: Arcanine|0 fnt
|-unboost|p2b: Typhlosion|spa|2
|faint|p1b: Arcanine
|
|-weather|SunnyDay|[upkeep]
|-status|p1a: Tatsugiri|tox|[from] item: Toxic Orb
|upkeep
|
|t:|1757636177
|switch|p1b: Dondozo|Dondozo, L50, M|100/100
|-activate|p1a: Tatsugiri|ability: Commander|[of] p1b: Dondozo
|-boost|p1b: Dondozo|atk|2
|-boost|p1b: Dondozo|spa|2
|-boost|p1b: Dondozo|spe|2
|-boost|p1b: Dondozo|def|2
|-boost|p1b: Dondozo|spd|2
|turn|3
|
|t:|1757636188
|switch|p2b: Rillaboom|Rillaboom, L50, F, shiny|100/100
|move|p1b: Dondozo|Protect|p1b: Dondozo
|-singleturn|p1b: Dondozo|Protect
|move|p2a: Torkoal|Protect||[still]
|-fail|p2a: Torkoal
|
|-weather|SunnyDay|[upkeep]
|-damage|p1a: Tatsugiri|95/100 tox|[from] psn
|upkeep
|turn|4
|
|t:|1757636199
|move|p2b: Rillaboom|Fake Out|p1b: Dondozo
|-damage|p1b: Dondozo|95/100
|cant|p1b: Dondozo|flinch
|move|p2a: Torkoal|Clear Smog|p1b: Dondozo
|-damage|p1b: Dondozo|87/100
|-clearboost|p1b: Dondozo
|
|-weather|SunnyDay|[upkeep]
|-heal|p1a: Tatsugiri|100/100 tox|[from] Grassy Terrain
|-heal|p1b: Dondozo|93/100|[from] Grassy Terrain
|-heal|p1b: Dondozo|99/100|[from] item: Leftovers
|-damage|p1a: Tatsugiri|89/100 tox|[from] psn
|-sideend|p2: Imaginary Iris|move: Tailwind
|upkeep
|turn|5
|
|t:|1757636212
|move|p1b: Dondozo|Protect|p1b: Dondozo
|-singleturn|p1b: Dondozo|Protect
|move|p2b: Rillaboom|Wood Hammer|p1b: Dondozo
|-activate|p1b: Dondozo|move: Protect
|move|p2a: Torkoal|Heat Wave|p1a: Tatsugiri|[spread] 
|-miss|p2a: Torkoal|p1a: Tatsugiri
|-activate|p1b: Dondozo|move: Protect
|
|-weather|SunnyDay|[upkeep]
|-heal|p1a: Tatsugiri|95/100 tox|[from] Grassy Terrain
|-heal|p1b: Dondozo|100/100|[from] Grassy Terrain
|-damage|p1a: Tatsugiri|78/100 tox|[from] psn
|-fieldend|move: Grassy Terrain
|upkeep
|turn|6
|inactive|Imaginary Iris has 30 seconds left.
|
|t:|1757636239
|move|p2a: Torkoal|Protect|p2a: Torkoal
|-singleturn|p2a: Torkoal|Protect
|move|p2b: Rillaboom|Wood Hammer|p1b: Dondozo
|-supereffective|p1b: Dondozo
|-damage|p1b: Dondozo|9/100
|-damage|p2b: Rillaboom|68/100|[from] Recoil
|move|p1b: Dondozo|Wave Crash|p2a: Torkoal
|-activate|p2a: Torkoal|move: Protect
|
|-weather|none
|-heal|p1b: Dondozo|16/100|[from] item: Leftovers
|-damage|p1a: Tatsugiri|56/100 tox|[from] psn
|upkeep
|turn|7
|
|t:|1757636261
|switch|p2a: Typhlosion|Typhlosion-Hisui, L50, F, tera:Fire|100/100
|move|p2b: Rillaboom|Wood Hammer|p1b: Dondozo
|-supereffective|p1b: Dondozo
|-damage|p1b: Dondozo|0 fnt
|faint|p1b: Dondozo
|-damage|p2b: Rillaboom|62/100|[from] Recoil
|
|-damage|p1a: Tatsugiri|28/100 tox|[from] psn
|upkeep
|
|t:|1757636266
|switch|p1b: Sneasler|Sneasler, L50, F|100/100
|turn|8
|
|t:|1757636278
|switch|p2b: Torkoal|Torkoal, L50, F|100/100
|-weather|SunnyDay|[from] ability: Drought|[of] p2b: Torkoal
|move|p1b: Sneasler|Close Combat|p2a: Typhlosion
|-damage|p2a: Typhlosion|6/100
|-unboost|p1b: Sneasler|def|1
|-unboost|p1b: Sneasler|spd|1
|-enditem|p1b: Sneasler|White Herb
|-clearnegativeboost|p1b: Sneasler|[silent]
|move|p2a: Typhlosion|Lava Plume|p1b: Sneasler|[spread] p2b,p1a,p1b
|-resisted|p2b: Torkoal
|-resisted|p1a: Tatsugiri
|-damage|p2b: Torkoal|15/100
|-damage|p1a: Tatsugiri|0 fnt
|-damage|p1b: Sneasler|0 fnt
|-enditem|p2b: Torkoal|Sitrus Berry|[eat]
|-heal|p2b: Torkoal|40/100|[from] item: Sitrus Berry
|faint|p1a: Tatsugiri
|faint|p1b: Sneasler
|
|win|Imaginary Iris
|raw|pakaan64's rating: 1139 → 1113(-26 for losing)
|raw|Imaginary Iris's rating: 1120 → 1146(+26 for winning)
