|j|☆5nightsatblursa
|j|☆Realfrytki
|html|5nightsatblursaRealfrytki    
|uhtml|bestof|Game 2 of a best-of-3
|t:|1782489056
|gametype|doubles
|player|p1|5nightsatblursa|ghetsis|1290
|player|p2|Realfrytki|veteranf|1407
|gen|9
|tier|[Gen 9 Champions] VGC 2026 Reg M-B (Bo3)
|rated|
|rule|Species Clause: Limit one of each Pokémon
|rule|Item Clause: Limit 1 of each item
|clearpoke
|poke|p1|Grimmsnarl, L50, M|
|poke|p1|Swampert, L50, M|
|poke|p1|Pelipper, L50, M|
|poke|p1|Archaludon, L50, M|
|poke|p1|Sinistcha, L50|
|poke|p1|Metagross, L50|
|poke|p2|Archaludon, L50, M|
|poke|p2|Pelipper, L50, F|
|poke|p2|Mawile, L50, M|
|poke|p2|Grimmsnarl, L50, M|
|poke|p2|Sinistcha, L50|
|poke|p2|Swampert, L50, M|
|teampreview|4
|showteam|p1|Grimmsnarl||LightClay|Prankster|FoulPlay,PartingShot,Reflect,LightScreen|Calm||M|||50|]Swampert||Swampertite|Damp|WaveCrash,Earthquake,IcePunch,Protect|Adamant||M|||50|]Pelipper||SitrusBerry|Drizzle|Hurricane,WeatherBall,Tailwind,WideGuard|Modest||M|||50|]Archaludon||Leftovers|Stamina|ElectroShot,DragonPulse,FlashCannon,Protect|Modest||M|||50|]Sinistcha||CobaBerry|Hospitality|MatchaGotcha,RagePowder,TrickRoom,Protect|Relaxed|||||50|]Metagross||Metagrossite|ClearBody|IronHead,PsychicFangs,BodyPress,Protect|Jolly|||||50|
|showteam|p2|Archaludon||Leftovers|Stamina|DragonPulse,FlashCannon,ElectroShot,Protect|Modest||M|||50|]Pelipper||LifeOrb|Drizzle|Hurricane,WeatherBall,Protect,Tailwind|Modest||F|||50|]Mawile||Mawilite|Intimidate|PlayRough,IronHead,SuckerPunch,Protect|Adamant||M|||50|]Grimmsnarl||LightClay|Prankster|FoulPlay,PartingShot,LightScreen,Reflect|Sassy||M|||50|]Sinistcha||ColburBerry|Hospitality|MatchaGotcha,Protect,RagePowder,TrickRoom|Bold|||||50|]Swampert||Swampertite|Torrent|WaveCrash,Earthquake,IcePunch,Protect|Adamant||M|||50|
|inactive|Battle timer is ON: inactive players will automatically lose when time's up. (requested by 5nightsatblursa)
|
|t:|1782489069
|teamsize|p1|4
|teamsize|p2|4
|start
|switch|p1a: Archaludon|Archaludon, L50, M|100/100
|switch|p1b: Grimmsnarl|Grimmsnarl, L50, M|100/100
|switch|p2a: Grimmsnarl|Grimmsnarl, L50, M|100/100
|switch|p2b: Archaludon|Archaludon, L50, M|100/100
|turn|1
|
|t:|1782489083
|move|p1b: Grimmsnarl|Light Screen|p1b: Grimmsnarl
|-sidestart|p1: 5nightsatblursa|move: Light Screen
|move|p2a: Grimmsnarl|Light Screen|p2a: Grimmsnarl
|-sidestart|p2: Realfrytki|move: Light Screen
|move|p1a: Archaludon|Flash Cannon|p2a: Grimmsnarl
|-supereffective|p2a: Grimmsnarl|1
|-damage|p2a: Grimmsnarl|56/100
|move|p2b: Archaludon|Electro Shot||[still]
|-prepare|p2b: Archaludon|Electro Shot
|-boost|p2b: Archaludon|spa|1
|
|upkeep
|turn|2
|
|t:|1782489095
|move|p1b: Grimmsnarl|Parting Shot|p2b: Archaludon
|-unboost|p2b: Archaludon|atk|1
|-unboost|p2b: Archaludon|spa|1
|
|t:|1782489099
|switch|p1b: Metagross|Metagross, L50|100/100|[from] Parting Shot
|move|p2a: Grimmsnarl|Parting Shot|p1a: Archaludon
|-unboost|p1a: Archaludon|atk|1
|-unboost|p1a: Archaludon|spa|1
|
|t:|1782489106
|switch|p2a: Swampert|Swampert, L50, M|100/100|[from] Parting Shot
|move|p1a: Archaludon|Electro Shot||[still]
|-prepare|p1a: Archaludon|Electro Shot
|-boost|p1a: Archaludon|spa|1
|move|p2b: Archaludon|Electro Shot|p1a: Archaludon|[from] lockedmove
|-resisted|p1a: Archaludon|1
|-damage|p1a: Archaludon|87/100
|-ability|p1a: Archaludon|Stamina|boost
|-boost|p1a: Archaludon|def|1
|
|-heal|p1a: Archaludon|93/100|[from] item: Leftovers
|upkeep
|turn|3
|
|t:|1782489124
|detailschange|p2a: Swampert|Swampert-Mega, L50, M
|-mega|p2a: Swampert|Swampert|Swampertite
|move|p1b: Metagross|Protect|p1b: Metagross
|-singleturn|p1b: Metagross|Protect
|move|p2b: Archaludon|Protect|p2b: Archaludon
|-singleturn|p2b: Archaludon|Protect
|move|p2a: Swampert|Earthquake|p1b: Metagross|[spread] p1a
|-activate|p2b: Archaludon|move: Protect
|-activate|p1b: Metagross|move: Protect
|-supereffective|p1a: Archaludon|1
|-damage|p1a: Archaludon|48/100
|-ability|p1a: Archaludon|Stamina|boost
|-boost|p1a: Archaludon|def|1
|move|p1a: Archaludon|Electro Shot|p2b: Archaludon|[from] lockedmove
|-activate|p2b: Archaludon|move: Protect
|
|-heal|p1a: Archaludon|54/100|[from] item: Leftovers
|upkeep
|turn|4
|
|t:|1782489147
|switch|p2b: Sinistcha|Sinistcha, L50|100/100
|detailschange|p1b: Metagross|Metagross-Mega, L50
|-mega|p1b: Metagross|Metagross|Metagrossite
|move|p1b: Metagross|Body Press|p2a: Swampert
|-damage|p2a: Swampert|68/100
|move|p1a: Archaludon|Dragon Pulse|p2a: Swampert
|-damage|p2a: Swampert|43/100
|move|p2a: Swampert|Earthquake|p1b: Metagross|[spread] p2b,p1a,p1b
|-resisted|p2b: Sinistcha|1
|-supereffective|p1a: Archaludon|1
|-supereffective|p1b: Metagross|1
|-damage|p2b: Sinistcha|80/100
|-damage|p1a: Archaludon|20/100y
|-damage|p1b: Metagross|34/100
|-ability|p1a: Archaludon|Stamina|boost
|-boost|p1a: Archaludon|def|1
|
|-heal|p1a: Archaludon|26/100|[from] item: Leftovers
|upkeep
|turn|5
|inactive|Realfrytki has 30 seconds left.
|
|t:|1782489176
|move|p1a: Archaludon|Protect|p1a: Archaludon
|-singleturn|p1a: Archaludon|Protect
|move|p2b: Sinistcha|Rage Powder|p2b: Sinistcha
|-singleturn|p2b: Sinistcha|move: Rage Powder
|move|p1b: Metagross|Psychic Fangs|p2b: Sinistcha
|-sideend|p2: Realfrytki|move: Light Screen
|-damage|p2b: Sinistcha|32/100
|move|p2a: Swampert|Wave Crash|p1b: Metagross
|-damage|p1b: Metagross|0 fnt
|faint|p1b: Metagross
|-damage|p2a: Swampert|33/100|[from] Recoil
|
|-heal|p1a: Archaludon|32/100|[from] item: Leftovers
|upkeep
|
|t:|1782489185
|switch|p1b: Sinistcha|Sinistcha, L50|100/100
|-heal|p1a: Archaludon|57/100|[from] ability: Hospitality|[of] p1b: Sinistcha
|turn|6
|
|t:|1782489210
|switch|p2b: Grimmsnarl|Grimmsnarl, L50, M|56/100
|move|p2a: Swampert|Ice Punch|p1b: Sinistcha
|-supereffective|p1b: Sinistcha|1
|-damage|p1b: Sinistcha|42/100
|move|p1a: Archaludon|Dragon Pulse|p2b: Grimmsnarl
|-immune|p2b: Grimmsnarl
|move|p1b: Sinistcha|Matcha Gotcha|p2a: Swampert|[spread] p2a,p2b
|-supereffective|p2a: Swampert|2
|-damage|p2a: Swampert|0 fnt
|-heal|p1b: Sinistcha|61/100|[from] drain|[of] p2a: Swampert
|-damage|p2b: Grimmsnarl|35/100
|-heal|p1b: Sinistcha|73/100|[from] drain|[of] p2b: Grimmsnarl
|faint|p2a: Swampert
|
|-heal|p1a: Archaludon|63/100|[from] item: Leftovers
|upkeep
|
|t:|1782489226
|switch|p2a: Archaludon|Archaludon, L50, M|100/100
|turn|7
|
|t:|1782489236
|switch|p1b: Grimmsnarl|Grimmsnarl, L50, M|100/100
|move|p2b: Grimmsnarl|Light Screen|p2b: Grimmsnarl
|-sidestart|p2: Realfrytki|move: Light Screen
|move|p1a: Archaludon|Electro Shot||[still]
|-prepare|p1a: Archaludon|Electro Shot
|-boost|p1a: Archaludon|spa|1
|move|p2a: Archaludon|Electro Shot||[still]
|-prepare|p2a: Archaludon|Electro Shot
|-boost|p2a: Archaludon|spa|1
|
|-heal|p1a: Archaludon|70/100|[from] item: Leftovers
|upkeep
|turn|8
|
|t:|1782489248
|move|p1b: Grimmsnarl|Light Screen||[still]
|-fail|p1b: Grimmsnarl
|move|p2b: Grimmsnarl|Parting Shot|p1a: Archaludon
|-unboost|p1a: Archaludon|atk|1
|-unboost|p1a: Archaludon|spa|1
|
|t:|1782489253
|switch|p2b: Sinistcha|Sinistcha, L50|32/100|[from] Parting Shot
|move|p1a: Archaludon|Electro Shot|p2b: Sinistcha|[from] lockedmove
|-resisted|p2b: Sinistcha|1
|-damage|p2b: Sinistcha|19/100
|move|p2a: Archaludon|Electro Shot|p1b: Grimmsnarl|[from] lockedmove
|-damage|p1b: Grimmsnarl|62/100
|
|-heal|p1a: Archaludon|76/100|[from] item: Leftovers
|-sideend|p1: 5nightsatblursa|move: Light Screen
|upkeep
|turn|9
|
|t:|1782489269
|move|p2b: Sinistcha|Protect|p2b: Sinistcha
|-singleturn|p2b: Sinistcha|Protect
|move|p1b: Grimmsnarl|Parting Shot|p2a: Archaludon
|-unboost|p2a: Archaludon|atk|1
|-unboost|p2a: Archaludon|spa|1
|
|t:|1782489274
|switch|p1b: Sinistcha|Sinistcha, L50|73/100|[from] Parting Shot
|-heal|p1a: Archaludon|100/100|[from] ability: Hospitality|[of] p1b: Sinistcha
|move|p1a: Archaludon|Electro Shot||[still]
|-prepare|p1a: Archaludon|Electro Shot
|-boost|p1a: Archaludon|spa|1
|move|p2a: Archaludon|Flash Cannon|p1b: Sinistcha
|-damage|p1b: Sinistcha|39/100
|
|upkeep
|turn|10
|
|t:|1782489293
|move|p1a: Archaludon|Electro Shot|p2b: Sinistcha|[from] lockedmove
|-resisted|p2b: Sinistcha|1
|-damage|p2b: Sinistcha|2/100
|move|p2a: Archaludon|Electro Shot||[still]
|-prepare|p2a: Archaludon|Electro Shot
|-boost|p2a: Archaludon|spa|1
|move|p2b: Sinistcha|Matcha Gotcha|p1b: Sinistcha|[spread] p1a,p1b
|-resisted|p1a: Archaludon|2
|-resisted|p1b: Sinistcha|1
|-damage|p1a: Archaludon|94/100
|-heal|p2b: Sinistcha|6/100|[from] drain|[of] p1a: Archaludon
|-damage|p1b: Sinistcha|28/100
|-heal|p2b: Sinistcha|11/100|[from] drain|[of] p1b: Sinistcha
|-status|p1a: Archaludon|brn
|-ability|p1a: Archaludon|Stamina|boost
|-boost|p1a: Archaludon|def|1
|move|p1b: Sinistcha|Matcha Gotcha|p2b: Sinistcha|[spread] p2a,p2b
|-resisted|p2a: Archaludon|2
|-resisted|p2b: Sinistcha|1
|-damage|p2a: Archaludon|96/100
|-heal|p1b: Sinistcha|30/100|[from] drain|[of] p2a: Archaludon
|-damage|p2b: Sinistcha|4/100
|-heal|p1b: Sinistcha|34/100|[from] drain|[of] p2b: Sinistcha
|-status|p2b: Sinistcha|brn
|-ability|p2a: Archaludon|Stamina|boost
|-boost|p2a: Archaludon|def|1
|
|-heal|p1a: Archaludon|100/100 brn|[from] item: Leftovers
|-heal|p2a: Archaludon|100/100|[from] item: Leftovers
|-damage|p1a: Archaludon|93/100 brn|[from] brn
|-damage|p2b: Sinistcha|0 fnt|[from] brn
|faint|p2b: Sinistcha
|upkeep
|inactive|Realfrytki has 30 seconds left.
|
|t:|1782489321
|switch|p2b: Grimmsnarl|Grimmsnarl, L50, M|35/100
|turn|11
|
|t:|1782489329
|move|p1b: Sinistcha|Rage Powder|p1b: Sinistcha
|-singleturn|p1b: Sinistcha|move: Rage Powder
|move|p2b: Grimmsnarl|Parting Shot|p1b: Sinistcha
|-unboost|p1b: Sinistcha|atk|1
|-unboost|p1b: Sinistcha|spa|1
|move|p1a: Archaludon|Flash Cannon|p2b: Grimmsnarl
|-supereffective|p2b: Grimmsnarl|1
|-damage|p2b: Grimmsnarl|0 fnt
|faint|p2b: Grimmsnarl
|move|p2a: Archaludon|Electro Shot|p1b: Sinistcha|[from] lockedmove
|-resisted|p1b: Sinistcha|1
|-damage|p1b: Sinistcha|4/100
|
|-heal|p1a: Archaludon|100/100 brn|[from] item: Leftovers
|-damage|p1a: Archaludon|93/100 brn|[from] brn
|upkeep
|turn|12
|
|t:|1782489344
|switch|p1b: Grimmsnarl|Grimmsnarl, L50, M|62/100
|move|p1a: Archaludon|Electro Shot||[still]
|-prepare|p1a: Archaludon|Electro Shot
|-boost|p1a: Archaludon|spa|1
|move|p2a: Archaludon|Dragon Pulse|p1a: Archaludon
|-damage|p1a: Archaludon|35/100 brn
|-ability|p1a: Archaludon|Stamina|boost
|-boost|p1a: Archaludon|def|1
|
|-heal|p1a: Archaludon|41/100 brn|[from] item: Leftovers
|-damage|p1a: Archaludon|35/100 brn|[from] brn
|upkeep
|turn|13
|
|t:|1782489360
|move|p1b: Grimmsnarl|Light Screen|p1b: Grimmsnarl
|-sidestart|p1: 5nightsatblursa|move: Light Screen
|move|p1a: Archaludon|Electro Shot|p2a: Archaludon|[from] lockedmove
|-resisted|p2a: Archaludon|1
|-damage|p2a: Archaludon|76/100
|-ability|p2a: Archaludon|Stamina|boost
|-boost|p2a: Archaludon|def|1
|move|p2a: Archaludon|Electro Shot||[still]
|-prepare|p2a: Archaludon|Electro Shot
|-boost|p2a: Archaludon|spa|1
|
|-heal|p1a: Archaludon|41/100 brn|[from] item: Leftovers
|-heal|p2a: Archaludon|82/100|[from] item: Leftovers
|-damage|p1a: Archaludon|35/100 brn|[from] brn
|upkeep
|turn|14
|
|t:|1782489372
|move|p1a: Archaludon|Protect|p1a: Archaludon
|-singleturn|p1a: Archaludon|Protect
|move|p1b: Grimmsnarl|Parting Shot|p2a: Archaludon
|-unboost|p2a: Archaludon|atk|1
|-unboost|p2a: Archaludon|spa|1
|
|t:|1782489378
|switch|p1b: Sinistcha|Sinistcha, L50|4/100|[from] Parting Shot
|-heal|p1a: Archaludon|60/100 brn|[from] ability: Hospitality|[of] p1b: Sinistcha
|move|p2a: Archaludon|Electro Shot|p1b: Sinistcha|[from] lockedmove
|-resisted|p1b: Sinistcha|1
|-damage|p1b: Sinistcha|0 fnt
|faint|p1b: Sinistcha
|
|-heal|p1a: Archaludon|66/100 brn|[from] item: Leftovers
|-heal|p2a: Archaludon|88/100|[from] item: Leftovers
|-damage|p1a: Archaludon|60/100 brn|[from] brn
|-sideend|p2: Realfrytki|move: Light Screen
|upkeep
|
|t:|1782489385
|switch|p1b: Grimmsnarl|Grimmsnarl, L50, M|62/100
|turn|15
|
|t:|1782489393
|move|p1b: Grimmsnarl|Parting Shot|p2a: Archaludon
|-unboost|p2a: Archaludon|atk|1
|-unboost|p2a: Archaludon|spa|1
|move|p1a: Archaludon|Dragon Pulse|p2a: Archaludon
|-damage|p2a: Archaludon|5/100
|-ability|p2a: Archaludon|Stamina|boost
|-boost|p2a: Archaludon|def|1
|move|p2a: Archaludon|Dragon Pulse|p1a: Archaludon
|-damage|p1a: Archaludon|32/100 brn
|-ability|p1a: Archaludon|Stamina|boost
|-boost|p1a: Archaludon|def|1
|
|-heal|p1a: Archaludon|39/100 brn|[from] item: Leftovers
|-heal|p2a: Archaludon|11/100|[from] item: Leftovers
|-damage|p1a: Archaludon|32/100 brn|[from] brn
|upkeep
|turn|16
|
|t:|1782489410
|move|p1b: Grimmsnarl|Parting Shot|p2a: Archaludon
|-unboost|p2a: Archaludon|atk|1
|-unboost|p2a: Archaludon|spa|1
|move|p1a: Archaludon|Dragon Pulse|p2a: Archaludon
|-damage|p2a: Archaludon|0 fnt
|faint|p2a: Archaludon
|
|win|5nightsatblursa
||Realfrytki is ready for game 3.
|c|☆5nightsatblursa|riveting
|c|☆5nightsatblursa|lol
||5nightsatblursa is ready for game 3.
|uhtml|next|Next: Game 3 of 3
