|j|☆dambro222
|j|☆ReonaReona
|html|dambro222ReonaReona    
|uhtml|bestof|Game 2 of a best-of-3
|t:|1756282229
|gametype|doubles
|player|p1|dambro222|ethan|1173
|player|p2|ReonaReona|dawn|1109
|gen|9
|tier|[Gen 9] VGC 2025 Reg H (Bo3)
|rated|
|rule|Species Clause: Limit one of each Pokémon
|rule|Item Clause: Limit 1 of each item
|clearpoke
|poke|p1|Dragonite, L50, M|
|poke|p1|Volcarona, L50, F|
|poke|p1|Sneasler, L50, M|
|poke|p1|Rillaboom, L50, M|
|poke|p1|Electabuzz, L50, M|
|poke|p1|Kingambit, L50, M|
|poke|p2|Talonflame, L50, M|
|poke|p2|Indeedee, L50, M|
|poke|p2|Garchomp, L50, M|
|poke|p2|Sneasler, L50, M|
|poke|p2|Glaceon, L50, F|
|poke|p2|Ninetales-Alola, L50, F|
|teampreview|4
|showteam|p1|Dragonite||LoadedDice|Multiscale|ScaleShot,ExtremeSpeed,Haze,Protect|||M|||50|,,,,,Fairy]Volcarona||CovertCloak|FlameBody|HeatWave,TeraBlast,QuiverDance,Protect|||F|||50|,,,,,Fairy]Sneasler||FocusSash|Unburden|CloseCombat,DireClaw,Coaching,Protect|||M|||50|,,,,,Stellar]Rillaboom||AssaultVest|GrassySurge|WoodHammer,GrassyGlide,HighHorsepower,FakeOut|||M|||50|,,,,,Water]Electabuzz||Eviolite|VitalSpirit|Electroweb,FollowMe,Taunt,Protect|||M|||50|,,,,,Ghost]Kingambit||BlackGlasses|Defiant|KowtowCleave,SuckerPunch,SwordsDance,Protect|||M|||50|,,,,,Dark
|showteam|p2|Talonflame||CovertCloak|GaleWings|Tailwind,BraveBird,TemperFlare,DualWingbeat|||M|||50|,,,,,Fire]Indeedee||FocusSash|PsychicSurge|ExpandingForce,TeraBlast,Protect,DazzlingGleam|||M|||50|,,,,,Fighting]Garchomp||ChoiceBand|RoughSkin|Earthquake,Bulldoze,DragonClaw,Outrage|||M|||50|,,,,,Ground]Sneasler||PsychicSeed|Unburden|DireClaw,CloseCombat,ThroatChop,Protect|||M|||50|,,,,,Fighting]Glaceon||BrightPowder|SnowCloak|Blizzard,FreezeDry,TeraBlast,Protect|||F|||50|,,,,,Fire]Ninetales-Alola||ChoiceSpecs|SnowWarning|Blizzard,FreezeDry,DazzlingGleam,Protect|||F|||50|,,,,,Ice
|inactive|Battle timer is ON: inactive players will automatically lose when time's up. (requested by dambro222)
|inactive|ReonaReona also wants the timer to be on.
|inactive|dambro222 has 60 seconds left.
|inactive|ReonaReona has 60 seconds left.
|inactive|ReonaReona has 30 seconds left.
|inactive|ReonaReona has 20 seconds left.
|inactive|ReonaReona has 15 seconds left.
|
|t:|1756282309
|teamsize|p1|4
|teamsize|p2|4
|start
|switch|p1a: Volcarona|Volcarona, L50, F|100/100
|switch|p1b: Rillaboom|Rillaboom, L50, M|100/100
|switch|p2a: Talonflame|Talonflame, L50, M|100/100
|switch|p2b: Garchomp|Garchomp, L50, M|100/100
|-fieldstart|move: Grassy Terrain|[from] ability: Grassy Surge|[of] p1b: Rillaboom
|turn|1
|inactive|ReonaReona has 30 seconds left.
|
|t:|1756282336
|move|p1a: Volcarona|Protect|p1a: Volcarona
|-singleturn|p1a: Volcarona|Protect
|move|p2a: Talonflame|Brave Bird|p1a: Volcarona
|-activate|p1a: Volcarona|move: Protect
|move|p2b: Garchomp|Outrage|p1b: Rillaboom
|-damage|p1b: Rillaboom|14/100
|move|p1b: Rillaboom|Wood Hammer|p2b: Garchomp
|-damage|p2b: Garchomp|19/100
|-damage|p1b: Rillaboom|1/100|[from] ability: Rough Skin|[of] p2b: Garchomp
|-damage|p1b: Rillaboom|0 fnt|[from] Recoil
|faint|p1b: Rillaboom
|
|-heal|p2b: Garchomp|25/100|[from] Grassy Terrain
|upkeep
|
|t:|1756282352
|switch|p1b: Electabuzz|Electabuzz, L50, M|100/100
|turn|2
|inactive|ReonaReona has 30 seconds left.
|
|t:|1756282381
|move|p1b: Electabuzz|Follow Me|p1b: Electabuzz
|-singleturn|p1b: Electabuzz|move: Follow Me
|move|p2a: Talonflame|Brave Bird|p1b: Electabuzz
|-resisted|p1b: Electabuzz
|-damage|p1b: Electabuzz|83/100
|-damage|p2a: Talonflame|94/100|[from] Recoil
|move|p2b: Garchomp|Outrage|p1b: Electabuzz|[from] lockedmove
|-damage|p1b: Electabuzz|16/100
|move|p1a: Volcarona|Quiver Dance|p1a: Volcarona
|-boost|p1a: Volcarona|spa|1
|-boost|p1a: Volcarona|spd|1
|-boost|p1a: Volcarona|spe|1
|
|-heal|p2b: Garchomp|31/100|[from] Grassy Terrain
|-heal|p1b: Electabuzz|22/100|[from] Grassy Terrain
|upkeep
|turn|3
|
|t:|1756282406
|-terastallize|p1a: Volcarona|Fairy
|move|p1b: Electabuzz|Follow Me|p1b: Electabuzz
|-singleturn|p1b: Electabuzz|move: Follow Me
|move|p1a: Volcarona|Tera Blast|p2b: Garchomp|[anim] Tera Blast Fairy
|-supereffective|p2b: Garchomp
|-damage|p2b: Garchomp|0 fnt
|faint|p2b: Garchomp
|move|p2a: Talonflame|Tailwind|p2a: Talonflame
|-sidestart|p2: ReonaReona|move: Tailwind
|
|-heal|p1b: Electabuzz|28/100|[from] Grassy Terrain
|upkeep
|
|t:|1756282415
|switch|p2b: Ninetales|Ninetales-Alola, L50, F|100/100
|-weather|Snowscape|[from] ability: Snow Warning|[of] p2b: Ninetales
|turn|4
|inactive|ReonaReona has 30 seconds left.
|
|t:|1756282442
|switch|p2a: Glaceon|Glaceon, L50, F|100/100
|-terastallize|p2b: Ninetales|Ice
|move|p1b: Electabuzz|Follow Me|p1b: Electabuzz
|-singleturn|p1b: Electabuzz|move: Follow Me
|move|p2b: Ninetales|Blizzard|p1b: Electabuzz|[spread] p1a,p1b
|-damage|p1a: Volcarona|63/100
|-damage|p1b: Electabuzz|0 fnt
|faint|p1b: Electabuzz
|move|p1a: Volcarona|Heat Wave|p2a: Glaceon|[spread] p2a
|-miss|p1a: Volcarona|p2b: Ninetales
|-supereffective|p2a: Glaceon
|-damage|p2a: Glaceon|0 fnt
|faint|p2a: Glaceon
|
|-weather|Snowscape|[upkeep]
|-heal|p1a: Volcarona|69/100|[from] Grassy Terrain
|upkeep
|
|t:|1756282459
|switch|p1b: Sneasler|Sneasler, L50, M|100/100
|switch|p2a: Talonflame|Talonflame, L50, M|94/100
|turn|5
|
|t:|1756282479
|move|p1b: Sneasler|Protect|p1b: Sneasler
|-singleturn|p1b: Sneasler|Protect
|move|p2a: Talonflame|Dual Wingbeat|p1b: Sneasler
|-activate|p1b: Sneasler|move: Protect
|move|p2b: Ninetales|Blizzard|p1b: Sneasler|[spread] p1a
|-activate|p1b: Sneasler|move: Protect
|-damage|p1a: Volcarona|31/100
|move|p1a: Volcarona|Heat Wave|p2a: Talonflame|[spread] p2a
|-miss|p1a: Volcarona|p2b: Ninetales
|-resisted|p2a: Talonflame
|-damage|p2a: Talonflame|55/100
|
|-weather|Snowscape|[upkeep]
|-heal|p1a: Volcarona|37/100|[from] Grassy Terrain
|-fieldend|move: Grassy Terrain
|upkeep
|turn|6
|inactive|dambro222 has 30 seconds left.
|inactive|dambro222 has 20 seconds left.
|inactive|dambro222 has 15 seconds left.
|
|t:|1756282519
|move|p1a: Volcarona|Protect|p1a: Volcarona
|-singleturn|p1a: Volcarona|Protect
|move|p1b: Sneasler|Protect||[still]
|-fail|p1b: Sneasler
|move|p2a: Talonflame|Dual Wingbeat|p1b: Sneasler
|-supereffective|p1b: Sneasler
|-damage|p1b: Sneasler|42/100
|-supereffective|p1b: Sneasler
|-damage|p1b: Sneasler|0 fnt
|faint|p1b: Sneasler
|-hitcount|p1: Sneasler|2
|move|p2b: Ninetales|Blizzard|p1a: Volcarona
|-activate|p1a: Volcarona|move: Protect
|
|-weather|Snowscape|[upkeep]
|-sideend|p2: ReonaReona|move: Tailwind
|upkeep
|turn|7
|inactive|ReonaReona has 30 seconds left.
|
|t:|1756282547
|move|p1a: Volcarona|Heat Wave|p2a: Talonflame|[spread] p2a,p2b
|-resisted|p2a: Talonflame
|-supereffective|p2b: Ninetales
|-damage|p2a: Talonflame|12/100
|-damage|p2b: Ninetales|0 fnt
|faint|p2b: Ninetales
|move|p2a: Talonflame|Brave Bird|p1a: Volcarona
|-damage|p1a: Volcarona|0 fnt
|faint|p1a: Volcarona
|-damage|p2a: Talonflame|0 fnt|[from] Recoil
|faint|p2a: Talonflame
|
|win|ReonaReona
|raw|dambro222's rating: 1173 → 1143(-30 for losing)
|raw|ReonaReona's rating: 1109 → 1139(+30 for winning)
|l|☆dambro222
|player|p1|
|c|☆ReonaReona|Ggs wp
|j|☆dambro222
|player|p1|dambro222|ethan|
