|j|☆420dablord
|j|☆MrPhoenixGC
|html|420dablordMrPhoenixGC    
|uhtml|bestof|Game 1 of a best-of-3
|t:|1757653073
|gametype|doubles
|player|p1|420dablord|102|1084
|player|p2|MrPhoenixGC|steven|1121
|gen|9
|tier|[Gen 9] VGC 2025 Reg H (Bo3)
|rated|
|rule|Species Clause: Limit one of each Pokémon
|rule|Item Clause: Limit 1 of each item
|clearpoke
|poke|p1|Rillaboom, L50, F|
|poke|p1|Gholdengo, L50|
|poke|p1|Pelipper, L50, F|
|poke|p1|Kingambit, L50, M|
|poke|p1|Basculegion, L50, M|
|poke|p1|Sneasler, L50, M|
|poke|p2|Gholdengo, L50|
|poke|p2|Pelipper, L50, M|
|poke|p2|Archaludon, L50, M|
|poke|p2|Ursaluna, L50, M|
|poke|p2|Dragonite, L50, M|
|poke|p2|Sinistcha, L50|
|teampreview|4
|showteam|p1|Rillaboom||AssaultVest|GrassySurge|GrassyGlide,WoodHammer,FakeOut,HighHorsepower|||F|||50|,,,,,Ground]Gholdengo||LifeOrb|GoodasGold|MakeItRain,NastyPlot,Protect,ShadowBall||||||50|,,,,,Dark]Pelipper||DampRock|Drizzle|Tailwind,WeatherBall,Hurricane,HelpingHand|||F|||50|,,,,,Grass]Kingambit||BlackGlasses|Defiant|SuckerPunch,KowtowCleave,SwordsDance,Protect|||M|||50|,,,,,Ghost]Basculegion||ChoiceBand|SwiftSwim|FlipTurn,AquaJet,LastRespects,WaveCrash|||M|||50|,,,,,Dark]Sneasler||FocusSash|Unburden|CloseCombat,Protect,DireClaw,FakeOut|||M|||50|,,,,,Fighting
|showteam|p2|Gholdengo||LifeOrb|GoodasGold|MakeItRain,ShadowBall,NastyPlot,Protect||||||50|,,,,,Dragon]Pelipper||FocusSash|Drizzle|Protect,MuddyWater,Hurricane,WideGuard|||M|||50|,,,,,Ground]Archaludon||AssaultVest|Stamina|BodyPress,Snarl,ElectroShot,FlashCannon|||M|||50|,,,,,Bug]Ursaluna||FlameOrb|Guts|Protect,Facade,Earthquake,HeadlongRush|||M|||50|,,,,,Ghost]Dragonite||LoadedDice|Multiscale|ScaleShot,Haze,Tailwind,Protect|||M|||50|,,,,,Fairy]Sinistcha||SitrusBerry|Hospitality|TrickRoom,MatchaGotcha,LifeDew,RagePowder||||||50|,,,,,Dark
|inactive|Battle timer is ON: inactive players will automatically lose when time's up. (requested by 420dablord)
|inactive|MrPhoenixGC has 60 seconds left.
|
|t:|1757653132
|teamsize|p1|4
|teamsize|p2|4
|start
|switch|p1a: Sneasler|Sneasler, L50, M|100/100
|switch|p1b: Gholdengo|Gholdengo, L50|100/100
|switch|p2a: Gholdengo|Gholdengo, L50|100/100
|switch|p2b: Dragonite|Dragonite, L50, M|100/100
|turn|1
|inactive|MrPhoenixGC has 30 seconds left.
|
|t:|1757653159
|-terastallize|p1b: Gholdengo|Dark
|move|p1a: Sneasler|Fake Out|p2b: Dragonite
|-damage|p2b: Dragonite|92/100
|move|p1b: Gholdengo|Nasty Plot|p1b: Gholdengo
|-boost|p1b: Gholdengo|spa|2
|move|p2a: Gholdengo|Nasty Plot|p2a: Gholdengo
|-boost|p2a: Gholdengo|spa|2
|cant|p2b: Dragonite|flinch
|
|upkeep
|turn|2
|
|t:|1757653177
|move|p2a: Gholdengo|Protect|p2a: Gholdengo
|-singleturn|p2a: Gholdengo|Protect
|move|p1a: Sneasler|Dire Claw|p2b: Dragonite
|-damage|p2b: Dragonite|38/100
|move|p1b: Gholdengo|Shadow Ball|p2a: Gholdengo
|-activate|p2a: Gholdengo|move: Protect
|move|p2b: Dragonite|Tailwind|p2b: Dragonite
|-sidestart|p2: MrPhoenixGC|move: Tailwind
|
|upkeep
|turn|3
|
|t:|1757653201
|-terastallize|p2a: Gholdengo|Dragon
|move|p1b: Gholdengo|Protect|p1b: Gholdengo
|-singleturn|p1b: Gholdengo|Protect
|move|p2a: Gholdengo|Make It Rain|p1a: Sneasler|[spread] p1a
|-activate|p1b: Gholdengo|move: Protect
|-enditem|p1a: Sneasler|Focus Sash
|-damage|p1a: Sneasler|1/100
|-unboost|p2a: Gholdengo|spa|1
|-damage|p2a: Gholdengo|91/100|[from] item: Life Orb
|move|p1a: Sneasler|Dire Claw|p2b: Dragonite
|-damage|p2b: Dragonite|0 fnt
|faint|p2b: Dragonite
|
|upkeep
|inactive|MrPhoenixGC has 30 seconds left.
|
|t:|1757653227
|switch|p2b: Sinistcha|Sinistcha, L50|100/100
|-heal|p2a: Gholdengo|100/100|[from] ability: Hospitality|[of] p2b: Sinistcha
|turn|4
|
|t:|1757653238
|switch|p2b: Archaludon|Archaludon, L50, M|100/100
|move|p1a: Sneasler|Dire Claw|p2a: Gholdengo
|-damage|p2a: Gholdengo|52/100
|move|p2a: Gholdengo|Make It Rain|p1b: Gholdengo|[spread] p1a,p1b
|-damage|p1a: Sneasler|0 fnt
|-damage|p1b: Gholdengo|0 fnt
|-unboost|p2a: Gholdengo|spa|1
|faint|p1a: Sneasler
|faint|p1b: Gholdengo
|-damage|p2a: Gholdengo|42/100|[from] item: Life Orb
|
|upkeep
|
|t:|1757653252
|switch|p1a: Basculegion|Basculegion, L50, M|100/100
|switch|p1b: Rillaboom|Rillaboom, L50, F|100/100
|-fieldstart|move: Grassy Terrain|[from] ability: Grassy Surge|[of] p1b: Rillaboom
|turn|5
|inactive|MrPhoenixGC has 30 seconds left.
|
|t:|1757653279
|switch|p2b: Sinistcha|Sinistcha, L50|100/100
|-heal|p2a: Gholdengo|67/100|[from] ability: Hospitality|[of] p2b: Sinistcha
|move|p1b: Rillaboom|Fake Out|p2a: Gholdengo
|-damage|p2a: Gholdengo|52/100
|cant|p2a: Gholdengo|flinch
|move|p1a: Basculegion|Last Respects|p2b: Sinistcha
|-supereffective|p2b: Sinistcha
|-damage|p2b: Sinistcha|0 fnt
|faint|p2b: Sinistcha
|
|-heal|p2a: Gholdengo|58/100|[from] Grassy Terrain
|-sideend|p2: MrPhoenixGC|move: Tailwind
|upkeep
|
|t:|1757653292
|switch|p2b: Archaludon|Archaludon, L50, M|100/100
|turn|6
|
|t:|1757653314
|move|p1b: Rillaboom|Wood Hammer|p2a: Gholdengo
|-resisted|p2a: Gholdengo
|-damage|p2a: Gholdengo|16/100
|-damage|p1b: Rillaboom|87/100|[from] Recoil
|move|p2a: Gholdengo|Shadow Ball|p1a: Basculegion
|-supereffective|p1a: Basculegion
|-damage|p1a: Basculegion|0 fnt
|faint|p1a: Basculegion
|-damage|p2a: Gholdengo|6/100|[from] item: Life Orb
|move|p2b: Archaludon|Flash Cannon|p1b: Rillaboom
|-damage|p1b: Rillaboom|58/100
|
|-heal|p1b: Rillaboom|64/100|[from] Grassy Terrain
|-heal|p2a: Gholdengo|12/100|[from] Grassy Terrain
|upkeep
|turn|7
|-message|420dablord forfeited.
|
|win|MrPhoenixGC
|l|☆420dablord
|player|p1|
