|j|☆dhrx
|j|☆jcoisa
|html|dhrxjcoisa    
|uhtml|bestof|Game 2 of a best-of-3
|t:|1783988944
|gametype|doubles
|player|p1|dhrx|lucian|
|player|p2|jcoisa|1|
|gen|9
|tier|[Gen 9 Champions] VGC 2026 Reg M-B (Bo3)
|rule|Species Clause: Limit one of each Pokémon
|rule|Item Clause: Limit 1 of each item
|clearpoke
|poke|p1|Mawile, L50, F|
|poke|p1|Farigiraf, L50, M|
|poke|p1|Torkoal, L50, M|
|poke|p1|Vivillon, L50, F|
|poke|p1|Incineroar, L50, M|
|poke|p1|Gallade, L50, M|
|poke|p2|Basculegion, L50, M|
|poke|p2|Sneasler, L50, M|
|poke|p2|Pelipper, L50, M|
|poke|p2|Tsareena, L50, F|
|poke|p2|Archaludon, L50, M|
|poke|p2|Manectric, L50, M|
|teampreview|4
|showteam|p1|Mawile||Mawilite|HyperCutter|PlayRough,RockSlide,SuckerPunch,Protect|Brave||F|||50|]Farigiraf||SitrusBerry|ArmorTail|Psychic,Thunderbolt,TrickRoom,Protect|Quiet||M|||50|]Torkoal||Charcoal|Drought|Eruption,WeatherBall,HelpingHand,Protect|Quiet||M|||50|]Vivillon||FocusSash|CompoundEyes|Hurricane,SleepPowder,RagePowder,Protect|Timid||F|||50|]Incineroar||LifeOrb|Intimidate|FlareBlitz,DarkestLariat,CloseCombat,FakeOut|Brave||M|||50|]Gallade||IronBall|Sharpness|SacredSword,PsychoCut,LeafBlade,TrickRoom|Brave||M|||50|
|showteam|p2|Basculegion||MysticWater|SwiftSwim|WaveCrash,AquaJet,LastRespects,Protect|Adamant||M|||50|]Sneasler||WhiteHerb|Unburden|DireClaw,CloseCombat,FakeOut,Protect|Adamant||M|||50|]Pelipper||SitrusBerry|Drizzle|WeatherBall,Hurricane,Tailwind,WideGuard|Modest||M|||50|]Tsareena||ChoiceScarf|QueenlyMajesty|TropKick,TripleAxel,ZenHeadbutt,Uturn|Jolly||F|||50|]Archaludon||Leftovers|Stamina|ElectroShot,DracoMeteor,AuraSphere,Protect|Modest||M|||50|]Manectric||Manectite|LightningRod|Thunder,VoltSwitch,Snarl,Protect|Timid||M|||50|
|inactive|Battle timer is ON: inactive players will automatically lose when time's up. (requested by jcoisa)
|
|t:|1783989005
|teamsize|p1|4
|teamsize|p2|4
|start
|switch|p1a: Vivillon|Vivillon, L50, F|100/100
|switch|p1b: Farigiraf|Farigiraf, L50, M|100/100
|switch|p2a: Sneasler|Sneasler, L50, M|100/100
|switch|p2b: Pelipper|Pelipper, L50, M|100/100
|-weather|RainDance|[from] ability: Drizzle|[of] p2b: Pelipper
|turn|1
|
|t:|1783989025
|move|p1b: Farigiraf|Protect|p1b: Farigiraf
|-singleturn|p1b: Farigiraf|Protect
|move|p2a: Sneasler|Dire Claw|p1a: Vivillon
|-damage|p1a: Vivillon|15/100
|move|p1a: Vivillon|Hurricane|p2a: Sneasler
|-supereffective|p2a: Sneasler|1
|-damage|p2a: Sneasler|0 fnt
|faint|p2a: Sneasler
|move|p2b: Pelipper|Hurricane|p1a: Vivillon
|-supereffective|p1a: Vivillon|1
|-damage|p1a: Vivillon|0 fnt
|faint|p1a: Vivillon
|
|-weather|RainDance|[upkeep]
|upkeep
|
|t:|1783989047
|switch|p2a: Archaludon|Archaludon, L50, M|100/100
|switch|p1a: Gallade|Gallade, L50, M|100/100
|turn|2
|inactive|jcoisa has 30 seconds left.
|
|t:|1783989074
|move|p2a: Archaludon|Draco Meteor|p1b: Farigiraf
|-damage|p1b: Farigiraf|45/100
|-unboost|p2a: Archaludon|spa|2
|-enditem|p1b: Farigiraf|Sitrus Berry|[eat]
|-heal|p1b: Farigiraf|70/100|[from] item: Sitrus Berry
|move|p2b: Pelipper|Hurricane|p1a: Gallade
|-supereffective|p1a: Gallade|1
|-crit|p1a: Gallade
|-damage|p1a: Gallade|0 fnt
|faint|p1a: Gallade
|move|p1b: Farigiraf|Thunderbolt|p2b: Pelipper
|-supereffective|p2b: Pelipper|2
|-damage|p2b: Pelipper|0 fnt
|faint|p2b: Pelipper
|
|-weather|RainDance|[upkeep]
|upkeep
|
|t:|1783989090
|switch|p2b: Basculegion|Basculegion, L50, M|100/100
|switch|p1a: Mawile|Mawile, L50, F|100/100
|turn|3
|
|t:|1783989115
|detailschange|p1a: Mawile|Mawile-Mega, L50, F
|-mega|p1a: Mawile|Mawile|Mawilite
|move|p2b: Basculegion|Protect|p2b: Basculegion
|-singleturn|p2b: Basculegion|Protect
|move|p1a: Mawile|Sucker Punch||[still]
|-fail|p1a: Mawile
|move|p2a: Archaludon|Aura Sphere|p1a: Mawile
|-damage|p1a: Mawile|85/100
|move|p1b: Farigiraf|Trick Room|p1b: Farigiraf
|-fieldstart|move: Trick Room|[of] p1b: Farigiraf
|
|-weather|RainDance|[upkeep]
|upkeep
|turn|4
|inactive|jcoisa has 30 seconds left.
|
|t:|1783989144
|move|p1a: Mawile|Sucker Punch|p2b: Basculegion
|-supereffective|p2b: Basculegion|1
|-damage|p2b: Basculegion|0 fnt
|faint|p2b: Basculegion
|move|p1b: Farigiraf|Thunderbolt|p2a: Archaludon
|-resisted|p2a: Archaludon|1
|-damage|p2a: Archaludon|86/100
|-ability|p2a: Archaludon|Stamina|boost
|-boost|p2a: Archaludon|def|1
|move|p2a: Archaludon|Electro Shot||[still]
|-prepare|p2a: Archaludon|Electro Shot
|-boost|p2a: Archaludon|spa|1
|-anim|p2a: Archaludon|Electro Shot|p1b: Farigiraf
|-damage|p1b: Farigiraf|44/100
|
|-weather|RainDance|[upkeep]
|-heal|p2a: Archaludon|92/100|[from] item: Leftovers
|upkeep
|turn|5
|
|t:|1783989168
|move|p1a: Mawile|Play Rough|p2a: Archaludon
|-damage|p2a: Archaludon|51/100
|-ability|p2a: Archaludon|Stamina|boost
|-boost|p2a: Archaludon|def|1
|move|p1b: Farigiraf|Psychic|p2a: Archaludon
|-resisted|p2a: Archaludon|1
|-damage|p2a: Archaludon|33/100
|-ability|p2a: Archaludon|Stamina|boost
|-boost|p2a: Archaludon|def|1
|move|p2a: Archaludon|Draco Meteor|p1a: Mawile
|-immune|p1a: Mawile
|
|-weather|none
|-heal|p2a: Archaludon|39/100|[from] item: Leftovers
|upkeep
|turn|6
|
|t:|1783989185
|move|p1a: Mawile|Play Rough|p2a: Archaludon
|-damage|p2a: Archaludon|14/100
|-ability|p2a: Archaludon|Stamina|boost
|-boost|p2a: Archaludon|def|1
|move|p1b: Farigiraf|Psychic|p2a: Archaludon
|-resisted|p2a: Archaludon|1
|-damage|p2a: Archaludon|0 fnt
|faint|p2a: Archaludon
|
|win|dhrx
