|j|☆durugista
|j|☆castoriceball
|html|durugistacastoriceball    
|uhtml|bestof|Game 3 of a best-of-3
|t:|1785641066
|gametype|doubles
|player|p1|durugista|169|1206
|player|p2|castoriceball|miku-flying|1291
|gen|9
|tier|[Gen 9 Champions] VGC 2026 Reg M-B (Bo3)
|rated|
|rule|Species Clause: Limit one of each Pokémon
|rule|Item Clause: Limit 1 of each item
|clearpoke
|poke|p1|Farigiraf, L50, M|
|poke|p1|Zoroark-Hisui, L50, M|
|poke|p1|Sylveon, L50, M|
|poke|p1|Torkoal, L50, F|
|poke|p1|Kangaskhan, L50, F|
|poke|p1|Blastoise, L50, M|
|poke|p2|Raichu, L50, M, shiny|
|poke|p2|Mamoswine, L50, M|
|poke|p2|Basculegion, L50, M, shiny|
|poke|p2|Farigiraf, L50, M|
|poke|p2|Sylveon, L50, M|
|poke|p2|Torkoal, L50, F|
|teampreview|4
|showteam|p1|Farigiraf||SitrusBerry|ArmorTail|TwinBeam,HelpingHand,TrickRoom,Thunderbolt|Relaxed||M|||50|]Zoroark-Hisui||FocusSash|Illusion|BitterMalice,Psychic,Protect,Round|Timid||M|||50|]Sylveon||FairyFeather|Pixilate|Round,HyperVoice,QuickAttack,Detect|Quiet||M|||50|]Torkoal||Charcoal|Drought|Eruption,HeatWave,Protect,WeatherBall|Quiet||F|||50|]Kangaskhan||Kangaskhanite|Scrappy|FakeOut,IcePunch,DrainPunch,DoubleEdge|Adamant||F|||50|]Blastoise||Blastoisinite|Torrent|FakeOut,WaterSpout,DarkPulse,AuraSphere|Quiet||M|||50|
|showteam|p2|Raichu||RaichuniteY|LightningRod|ZapCannon,FocusBlast,FakeOut,Protect|Timid||M|||50|]Mamoswine||FocusSash|Oblivious|IcicleCrash,HighHorsepower,IceShard,Protect|Adamant||M|||50|]Basculegion||ChoiceScarf|Adaptability|LastRespects,WaveCrash,AquaJet,FlipTurn|Jolly||M|||50|]Farigiraf||SitrusBerry|ArmorTail|Psychic,HelpingHand,TrickRoom,Protect|Bold||M|||50|]Sylveon||FairyFeather|Pixilate|HyperVoice,QuickAttack,HyperBeam,Detect|Modest||M|||50|]Torkoal||Charcoal|Drought|Eruption,WeatherBall,SolarBeam,Protect|Quiet||F|||50|
|inactive|Battle timer is ON: inactive players will automatically lose when time's up. (requested by durugista)
|
|t:|1785641095
|teamsize|p1|4
|teamsize|p2|4
|start
|switch|p1a: Kangaskhan|Kangaskhan, L50, F|100/100
|switch|p1b: Sylveon|Sylveon, L50, M|100/100
|switch|p2a: WHYYCHU|Raichu, L50, M, shiny|100/100
|switch|p2b: budget floette|Sylveon, L50, M|100/100
|turn|1
|
|t:|1785641113
|detailschange|p2a: WHYYCHU|Raichu-Mega-Y, L50, M, shiny
|-mega|p2a: WHYYCHU|Raichu|Raichunite Y
|detailschange|p1a: Kangaskhan|Kangaskhan-Mega, L50, F
|-mega|p1a: Kangaskhan|Kangaskhan|Kangaskhanite
|move|p1a: Kangaskhan|Fake Out|p2a: WHYYCHU
|-damage|p2a: WHYYCHU|64/100
|-damage|p2a: WHYYCHU|57/100
|-hitcount|p2a: WHYYCHU|2
|cant|p2a: WHYYCHU|flinch
|move|p2b: budget floette|Hyper Voice|p1b: Sylveon|[spread] p1a,p1b
|-crit|p1b: Sylveon
|-damage|p1a: Kangaskhan|57/100
|-damage|p1b: Sylveon|46/100
|move|p1b: Sylveon|Hyper Voice|p2b: budget floette|[spread] p2a,p2b
|-damage|p2a: WHYYCHU|0 fnt
|-damage|p2b: budget floette|63/100
|faint|p2a: WHYYCHU
|
|upkeep
|
|t:|1785641127
|switch|p2a: WolfeyFriend|Mamoswine, L50, M|100/100
|turn|2
|
|t:|1785641137
|move|p2a: WolfeyFriend|High Horsepower|p1a: Kangaskhan
|-damage|p1a: Kangaskhan|16/100
|move|p1a: Kangaskhan|Drain Punch|p2a: WolfeyFriend
|-supereffective|p2a: WolfeyFriend|1
|-damage|p2a: WolfeyFriend|36/100
|-heal|p1a: Kangaskhan|43/100|[from] drain|[of] p2a: WolfeyFriend
|-supereffective|p2a: WolfeyFriend|1
|-crit|p2a: WolfeyFriend
|-damage|p2a: WolfeyFriend|12/100
|-heal|p1a: Kangaskhan|54/100|[from] drain|[of] p2a: WolfeyFriend
|-hitcount|p2a: WolfeyFriend|2
|move|p2b: budget floette|Hyper Voice|p1a: Kangaskhan|[spread] p1a,p1b
|-damage|p1a: Kangaskhan|15/100
|-damage|p1b: Sylveon|9/100
|move|p1b: Sylveon|Hyper Voice|p2b: budget floette|[spread] p2a,p2b
|-damage|p2a: WolfeyFriend|0 fnt
|-damage|p2b: budget floette|25/100
|faint|p2a: WolfeyFriend
|
|upkeep
|
|t:|1785641142
|switch|p2a: turtle|Torkoal, L50, F|100/100
|-weather|SunnyDay|[from] ability: Drought|[of] p2a: turtle
|turn|3
|inactive|durugista has 30 seconds left.
|
|t:|1785641169
|move|p2b: budget floette|Quick Attack|p1b: Sylveon
|-damage|p1b: Sylveon|0 fnt
|faint|p1b: Sylveon
|move|p1a: Kangaskhan|Double-Edge|p2a: turtle
|-damage|p2a: turtle|50/100g
|-damage|p2a: turtle|38/100
|-hitcount|p2a: turtle|2
|-damage|p1a: Kangaskhan|0 fnt|[from] Recoil
|faint|p1a: Kangaskhan
|move|p2a: turtle|Weather Ball|p1: Kangaskhan|[notarget]
|-fail|p2a: turtle
|
|-weather|SunnyDay|[upkeep]
|upkeep
|
|t:|1785641178
|switch|p1a: Farigiraf|Farigiraf, L50, M|100/100
|switch|p1b: Torkoal|Torkoal, L50, F|100/100
|turn|4
|
|t:|1785641202
|move|p2b: budget floette|Hyper Beam|p1a: Farigiraf|[miss]
|-miss|p2b: budget floette|p1a: Farigiraf
|move|p1a: Farigiraf|Thunderbolt|p2a: turtle
|-damage|p2a: turtle|8/100
|move|p1b: Torkoal|Weather Ball|p2b: budget floette
|-damage|p2b: budget floette|0 fnt
|faint|p2b: budget floette
|move|p2a: turtle|Weather Ball|p1a: Farigiraf
|-crit|p1a: Farigiraf
|-damage|p1a: Farigiraf|0 fnt
|faint|p1a: Farigiraf
|
|-weather|SunnyDay|[upkeep]
|upkeep
|turn|5
|
|t:|1785641219
|move|p1b: Torkoal|Weather Ball|p2a: turtle
|-resisted|p2a: turtle|1
|-damage|p2a: turtle|0 fnt
|faint|p2a: turtle
|
|win|durugista
|raw|durugista's rating: 1206 → 1237(+31 for winning)
|raw|castoriceball's rating: 1291 → 1260(-31 for losing)
