|j|☆magicalarcher57
|j|☆MangoldVGC
|html|magicalarcher57MangoldVGC    
|uhtml|bestof|Game 1 of a best-of-3
|t:|1783340051
|gametype|doubles
|player|p1|magicalarcher57|diantha|1215
|player|p2|MangoldVGC|265|1167
|gen|9
|tier|[Gen 9 Champions] VGC 2026 Reg M-B (Bo3)
|rated|
|rule|Species Clause: Limit one of each Pokémon
|rule|Item Clause: Limit 1 of each item
|clearpoke
|poke|p1|Raichu, L50, F, shiny|
|poke|p1|Garchomp, L50, M, shiny|
|poke|p1|Whimsicott, L50, F, shiny|
|poke|p1|Kingambit, L50, M, shiny|
|poke|p1|Basculegion, L50, M, shiny|
|poke|p1|Charizard, L50, F, shiny|
|poke|p2|Froslass, L50, F|
|poke|p2|Lycanroc-Dusk, L50, M|
|poke|p2|Sneasler, L50, M|
|poke|p2|Basculegion, L50, M|
|poke|p2|Kingambit, L50, F|
|poke|p2|Scovillain, L50, M|
|teampreview|4
|showteam|p1|Raichu||RaichuniteY|LightningRod|FakeOut,FocusBlast,ZapCannon,Protect|Timid||F|||50|]Garchomp||LifeOrb|RoughSkin|DragonClaw,Earthquake,StompingTantrum,Protect|Jolly||M|||50|]Whimsicott||FocusSash|Prankster|Moonblast,Tailwind,SunnyDay,Encore|Timid||F|||50|]Kingambit||BlackGlasses|Defiant|SuckerPunch,KowtowCleave,IronHead,Protect|Adamant||M|||50|]Basculegion||MysticWater|Adaptability|LastRespects,WaveCrash,Protect,AquaJet|Adamant||M|||50|]Charizard||CharizarditeY|Blaze|WeatherBall,SolarBeam,HeatWave,Protect|Modest||F|||50|
|showteam|p2|Froslass||Froslassite|CursedBody|Protect,Blizzard,AuroraVeil,ShadowBall|Timid||F|||50|]Lycanroc-Dusk||FocusSash|ToughClaws|Protect,CloseCombat,Accelerock,RockSlide|Jolly||M|||50|]Sneasler||WhiteHerb|Unburden|Protect,CloseCombat,DireClaw,FakeOut|Jolly||M|||50|]Basculegion||ChoiceScarf|Adaptability|LastRespects,WaveCrash,AquaJet,FlipTurn|Serious||M|||50|]Kingambit||BlackGlasses|Defiant|Protect,KowtowCleave,SuckerPunch,SwordsDance|Adamant||F|||50|]Scovillain||Scovillainite|Moody|Protect,GigaDrain,Overheat,RagePowder|Bold||M|||50|
|inactive|Battle timer is ON: inactive players will automatically lose when time's up. (requested by magicalarcher57)
|
|t:|1783340080
|teamsize|p1|4
|teamsize|p2|4
|start
|switch|p1a: Whimsicott|Whimsicott, L50, F, shiny|100/100
|switch|p1b: Raichu|Raichu, L50, F, shiny|100/100
|switch|p2a: Froslass|Froslass, L50, F|100/100
|switch|p2b: Sneasler|Sneasler, L50, M|100/100
|turn|1
|inactive|MangoldVGC has 30 seconds left.
|inactive|MangoldVGC has 20 seconds left.
|inactive|MangoldVGC has 15 seconds left.
|inactive|MangoldVGC has 10 seconds left.
|
|t:|1783340127
|detailschange|p2a: Froslass|Froslass-Mega, L50, F
|-mega|p2a: Froslass|Froslass|Froslassite
|-weather|Snowscape|[from] ability: Snow Warning|[of] p2a: Froslass
|detailschange|p1b: Raichu|Raichu-Mega-Y, L50, F, shiny
|-mega|p1b: Raichu|Raichu|Raichunite Y
|move|p1b: Raichu|Fake Out|p2b: Sneasler
|-damage|p2b: Sneasler|86/100
|cant|p2b: Sneasler|flinch
|move|p1a: Whimsicott|Tailwind|p1a: Whimsicott
|-sidestart|p1: magicalarcher57|move: Tailwind
|move|p2a: Froslass|Blizzard|p1a: Whimsicott|[spread] p1a,p1b
|-supereffective|p1a: Whimsicott|1
|-enditem|p1a: Whimsicott|Focus Sash
|-damage|p1a: Whimsicott|1/100
|-damage|p1b: Raichu|31/100
|
|-weather|Snowscape|[upkeep]
|upkeep
|turn|2
|
|t:|1783340146
|move|p1b: Raichu|Zap Cannon|p2a: Froslass
|-damage|p2a: Froslass|24/100
|-status|p2a: Froslass|par
|move|p1a: Whimsicott|Moonblast|p2b: Sneasler
|-damage|p2b: Sneasler|43/100
|-unboost|p2b: Sneasler|spa|1
|-enditem|p2b: Sneasler|White Herb
|-clearnegativeboost|p2b: Sneasler|[silent]
|move|p2b: Sneasler|Close Combat|p1b: Raichu
|-damage|p1b: Raichu|0 fnt
|-unboost|p2b: Sneasler|def|1
|-unboost|p2b: Sneasler|spd|1
|faint|p1b: Raichu
|cant|p2a: Froslass|par
|
|-weather|Snowscape|[upkeep]
|upkeep
|
|t:|1783340149
|switch|p1b: Garchomp|Garchomp, L50, M, shiny|100/100
|turn|3
|inactive|MangoldVGC has 30 seconds left.
|
|t:|1783340175
|switch|p1a: Kingambit|Kingambit, L50, M, shiny|100/100
|move|p2a: Froslass|Protect|p2a: Froslass
|-singleturn|p2a: Froslass|Protect
|move|p2b: Sneasler|Dire Claw|p1a: Kingambit
|-immune|p1a: Kingambit
|move|p1b: Garchomp|Stomping Tantrum|p2a: Froslass
|-activate|p2a: Froslass|move: Protect
|
|-weather|Snowscape|[upkeep]
|upkeep
|turn|4
|inactive|magicalarcher57 has 30 seconds left.
|
|t:|1783340210
|switch|p2a: Basculegion|Basculegion, L50, M|100/100
|move|p1a: Kingambit|Sucker Punch|p2b: Sneasler
|-resisted|p2b: Sneasler|1
|-damage|p2b: Sneasler|0 fnt
|faint|p2b: Sneasler
|move|p1b: Garchomp|Dragon Claw|p2a: Basculegion
|-damage|p2a: Basculegion|28/100
|-damage|p1b: Garchomp|90/100|[from] item: Life Orb
|
|-weather|Snowscape|[upkeep]
|-sideend|p1: magicalarcher57|move: Tailwind
|upkeep
|
|t:|1783340220
|switch|p2b: Kingambit|Kingambit, L50, F|100/100
|turn|5
|
|t:|1783340234
|move|p1a: Kingambit|Protect|p1a: Kingambit
|-singleturn|p1a: Kingambit|Protect
|move|p2a: Basculegion|Wave Crash|p1b: Garchomp
|-damage|p1b: Garchomp|14/100
|-damage|p2a: Basculegion|16/100|[from] ability: Rough Skin|[of] p1b: Garchomp
|-damage|p2a: Basculegion|0 fnt|[from] Recoil
|faint|p2a: Basculegion
|move|p1b: Garchomp|Earthquake|p2b: Kingambit|[spread] p2b
|-activate|p1a: Kingambit|move: Protect
|-supereffective|p2b: Kingambit|1
|-damage|p2b: Kingambit|28/100
|-damage|p1b: Garchomp|4/100|[from] item: Life Orb
|move|p2b: Kingambit|Swords Dance|p2b: Kingambit
|-boost|p2b: Kingambit|atk|2
|
|-weather|none
|upkeep
|
|t:|1783340249
|switch|p2a: Froslass|Froslass-Mega, L50, F|24/100 par
|-weather|Snowscape|[from] ability: Snow Warning|[of] p2a: Froslass
|turn|6
|inactive|magicalarcher57 has 30 seconds left.
|inactive|magicalarcher57 has 20 seconds left.
|inactive|magicalarcher57 has 15 seconds left.
|inactive|magicalarcher57 has 10 seconds left.
|inactive|magicalarcher57 has 5 seconds left.
|
|t:|1783340304
|move|p2a: Froslass|Protect|p2a: Froslass
|-singleturn|p2a: Froslass|Protect
|move|p1a: Kingambit|Sucker Punch|p2b: Kingambit
|-resisted|p2b: Kingambit|1
|-damage|p2b: Kingambit|11/100
|move|p2b: Kingambit|Sucker Punch|p1b: Garchomp
|-damage|p1b: Garchomp|0 fnt
|-damage|p2b: Kingambit|0 fnt|[from] ability: Rough Skin|[of] p1b: Garchomp
|faint|p1b: Garchomp
|faint|p2b: Kingambit
|
|-weather|Snowscape|[upkeep]
|upkeep
|inactive|magicalarcher57 has 30 seconds left.
|
|t:|1783340338
|switch|p1b: Whimsicott|Whimsicott, L50, F, shiny|1/100
|turn|7
|
|t:|1783340356
|move|p1a: Kingambit|Sucker Punch|p2a: Froslass
|-supereffective|p2a: Froslass|1
|-damage|p2a: Froslass|0 fnt
|faint|p2a: Froslass
|
|win|magicalarcher57
