|j|☆chalizhou
|j|☆incartamene2etti
|html|chalizhouincartamene2etti    
|uhtml|bestof|Game 1 of a best-of-3
|t:|1757084671
|gametype|doubles
|player|p1|chalizhou|rosa|1176
|player|p2|incartamene2etti|plasmagrunt|1266
|gen|9
|tier|[Gen 9] VGC 2025 Reg H (Bo3)
|rated|
|rule|Species Clause: Limit one of each Pokémon
|rule|Item Clause: Limit 1 of each item
|clearpoke
|poke|p1|Umbreon, L50, F|
|poke|p1|Gholdengo, L50|
|poke|p1|Rillaboom, L50, M|
|poke|p1|Dragonite, L50, F|
|poke|p1|Whimsicott, L50, M|
|poke|p1|Arcanine, L50, F|
|poke|p2|Incineroar, L50, F|
|poke|p2|Gholdengo, L50|
|poke|p2|Amoonguss, L50, M|
|poke|p2|Hydreigon, L50, F|
|poke|p2|Porygon2, L50|
|poke|p2|Ursaluna, L50, F|
|teampreview|4
|showteam|p1|Umbreon||Leftovers|Synchronize|FoulPlay,Toxic,Protect,Wish|||F|||50|,,,,,Dark]Gholdengo||ChoiceSpecs|GoodasGold|MakeItRain,ShadowBall,PowerGem,Thunderbolt||||||50|,,,,,Steel]Rillaboom||AssaultVest|GrassySurge|WoodHammer,FakeOut,GrassyGlide,HighHorsepower|||M|||50|,,,,,Water]Dragonite||LoadedDice|Multiscale|Roost,Tailwind,ScaleShot,Haze|||F|||50|,,,,,Dragon]Whimsicott||FocusSash|Prankster|HelpingHand,Tailwind,Endeavor,Encore|||M|||50|,,,,,Grass]Arcanine||AguavBerry|Intimidate|ExtremeSpeed,FlareBlitz,HelpingHand,WillOWisp|||F|||50|,,,,,Fire
|showteam|p2|Incineroar||SitrusBerry|Intimidate|KnockOff,FakeOut,FlareBlitz,PartingShot|||F|||50|,,,,,Ghost]Gholdengo||LifeOrb|GoodasGold|Protect,NastyPlot,ShadowBall,MakeItRain||||||50|,,,,,Water]Amoonguss||RockyHelmet|Regenerator|Spore,RagePowder,PollenPuff,Protect|||M|||50|,,,,,Fairy]Hydreigon||SafetyGoggles|Levitate|DracoMeteor,Snarl,Tailwind,Protect|||F|||50|,,,,,Ghost]Porygon2||Eviolite|Download|Recover,IceBeam,TeraBlast,TrickRoom||||||50|,,,,,Fighting]Ursaluna||FlameOrb|Guts|Earthquake,Facade,HeadlongRush,Protect|||F|||50|,,,,,Ghost
|inactive|Battle timer is ON: inactive players will automatically lose when time's up. (requested by incartamene2etti)
|inactive|incartamene2etti has 60 seconds left.
|inactive|incartamene2etti has 30 seconds left.
|
|t:|1757084786
|teamsize|p1|4
|teamsize|p2|4
|start
|switch|p1a: Whimsicott|Whimsicott, L50, M|100/100
|switch|p1b: Umbreon|Umbreon, L50, F|100/100
|switch|p2a: Porygon2|Porygon2, L50|100/100
|switch|p2b: Incineroar|Incineroar, L50, F|100/100
|-ability|p2b: Incineroar|Intimidate|boost
|-unboost|p1a: Whimsicott|atk|1
|-unboost|p1b: Umbreon|atk|1
|-ability|p2a: Porygon2|Download|boost
|-boost|p2a: Porygon2|spa|1
|turn|1
|inactive|incartamene2etti has 30 seconds left.
|
|t:|1757084812
|move|p2b: Incineroar|Fake Out|p1a: Whimsicott
|-damage|p1a: Whimsicott|86/100
|cant|p1a: Whimsicott|flinch
|move|p1b: Umbreon|Toxic|p2a: Porygon2|[miss]
|-miss|p1b: Umbreon|p2a: Porygon2
|move|p2a: Porygon2|Ice Beam|p1a: Whimsicott
|-supereffective|p1a: Whimsicott
|-damage|p1a: Whimsicott|0 fnt
|faint|p1a: Whimsicott
|
|upkeep
|
|t:|1757084827
|switch|p1a: Rillaboom|Rillaboom, L50, M|100/100
|-fieldstart|move: Grassy Terrain|[from] ability: Grassy Surge|[of] p1a: Rillaboom
|turn|2
|inactive|incartamene2etti has 30 seconds left.
|inactive|incartamene2etti has 20 seconds left.
|inactive|incartamene2etti has 15 seconds left.
|
|t:|1757084870
|-terastallize|p1a: Rillaboom|Water
|move|p1a: Rillaboom|High Horsepower|p2b: Incineroar
|-supereffective|p2b: Incineroar
|-damage|p2b: Incineroar|43/100
|-enditem|p2b: Incineroar|Sitrus Berry|[eat]
|-heal|p2b: Incineroar|68/100|[from] item: Sitrus Berry
|move|p2b: Incineroar|Flare Blitz|p1a: Rillaboom
|-resisted|p1a: Rillaboom
|-damage|p1a: Rillaboom|77/100
|-damage|p2b: Incineroar|60/100|[from] Recoil
|move|p1b: Umbreon|Toxic|p2a: Porygon2
|-status|p2a: Porygon2|tox
|move|p2a: Porygon2|Trick Room|p2a: Porygon2
|-fieldstart|move: Trick Room|[of] p2a: Porygon2
|
|-heal|p2b: Incineroar|66/100|[from] Grassy Terrain
|-heal|p1a: Rillaboom|83/100|[from] Grassy Terrain
|-damage|p2a: Porygon2|94/100 tox|[from] psn
|upkeep
|turn|3
|inactive|chalizhou has 30 seconds left.
|inactive|chalizhou has 20 seconds left.
|inactive|chalizhou has 15 seconds left.
|
|t:|1757084910
|-terastallize|p2a: Porygon2|Fighting
|move|p2a: Porygon2|Tera Blast|p1b: Umbreon|[anim] Tera Blast Fighting
|-supereffective|p1b: Umbreon
|-damage|p1b: Umbreon|17/100
|move|p1b: Umbreon|Wish|p1b: Umbreon
|move|p2b: Incineroar|Parting Shot|p1a: Rillaboom
|-unboost|p1a: Rillaboom|atk|1
|-unboost|p1a: Rillaboom|spa|1
|
|t:|1757084920
|switch|p2b: Gholdengo|Gholdengo, L50|100/100|[from] Parting Shot
|move|p1a: Rillaboom|High Horsepower|p2b: Gholdengo
|-supereffective|p2b: Gholdengo
|-damage|p2b: Gholdengo|59/100
|
|-heal|p2a: Porygon2|100/100 tox|[from] Grassy Terrain
|-heal|p1b: Umbreon|23/100|[from] Grassy Terrain
|-heal|p1b: Umbreon|29/100|[from] item: Leftovers
|-heal|p1a: Rillaboom|89/100|[from] Grassy Terrain
|-heal|p2b: Gholdengo|65/100|[from] Grassy Terrain
|-damage|p2a: Porygon2|88/100 tox|[from] psn
|upkeep
|turn|4
|inactive|incartamene2etti has 30 seconds left.
|
|t:|1757084946
|move|p1b: Umbreon|Protect|p1b: Umbreon
|-singleturn|p1b: Umbreon|Protect
|move|p2a: Porygon2|Tera Blast|p1b: Umbreon|[anim] Tera Blast Fighting
|-activate|p1b: Umbreon|move: Protect
|move|p1a: Rillaboom|Wood Hammer|p2a: Porygon2
|-damage|p2a: Porygon2|52/100 tox
|-damage|p1a: Rillaboom|78/100|[from] Recoil
|move|p2b: Gholdengo|Shadow Ball|p1a: Rillaboom
|-damage|p1a: Rillaboom|40/100
|-damage|p2b: Gholdengo|56/100|[from] item: Life Orb
|
|-heal|p1b: Umbreon|79/100|[from] move: Wish|[wisher] Umbreon
|-heal|p2a: Porygon2|58/100 tox|[from] Grassy Terrain
|-heal|p1b: Umbreon|85/100|[from] Grassy Terrain
|-heal|p1b: Umbreon|91/100|[from] item: Leftovers
|-heal|p1a: Rillaboom|46/100|[from] Grassy Terrain
|-heal|p2b: Gholdengo|61/100|[from] Grassy Terrain
|-damage|p2a: Porygon2|40/100 tox|[from] psn
|upkeep
|turn|5
|inactive|chalizhou has 30 seconds left.
|inactive|incartamene2etti has 30 seconds left.
|
|t:|1757084983
|switch|p1b: Gholdengo|Gholdengo, L50|100/100
|switch|p2b: Incineroar|Incineroar, L50, F|66/100
|-ability|p2b: Incineroar|Intimidate|boost
|-unboost|p1a: Rillaboom|atk|1
|-unboost|p1b: Gholdengo|atk|1
|move|p2a: Porygon2|Tera Blast|p1b: Gholdengo|[anim] Tera Blast Fighting
|-immune|p1b: Gholdengo
|move|p1a: Rillaboom|High Horsepower|p2b: Incineroar
|-supereffective|p2b: Incineroar
|-damage|p2b: Incineroar|33/100
|
|-heal|p2a: Porygon2|46/100 tox|[from] Grassy Terrain
|-heal|p2b: Incineroar|39/100|[from] Grassy Terrain
|-heal|p1a: Rillaboom|52/100|[from] Grassy Terrain
|-damage|p2a: Porygon2|21/100 tox|[from] psn
|upkeep
|turn|6
|inactive|incartamene2etti has 30 seconds left.
|
|t:|1757085011
|switch|p1b: Umbreon|Umbreon, L50, F|91/100
|move|p2a: Porygon2|Recover|p2a: Porygon2
|-heal|p2a: Porygon2|71/100 tox
|move|p2b: Incineroar|Flare Blitz|p1b: Umbreon
|-damage|p1b: Umbreon|59/100
|-damage|p2b: Incineroar|28/100|[from] Recoil
|move|p1a: Rillaboom|High Horsepower|p2b: Incineroar
|-supereffective|p2b: Incineroar
|-damage|p2b: Incineroar|0 fnt
|faint|p2b: Incineroar
|
|-heal|p2a: Porygon2|77/100 tox|[from] Grassy Terrain
|-heal|p1b: Umbreon|65/100|[from] Grassy Terrain
|-heal|p1b: Umbreon|71/100|[from] item: Leftovers
|-heal|p1a: Rillaboom|58/100|[from] Grassy Terrain
|-damage|p2a: Porygon2|46/100 tox|[from] psn
|-fieldend|move: Trick Room
|-fieldend|move: Grassy Terrain
|upkeep
|
|t:|1757085027
|switch|p2b: Ursaluna|Ursaluna, L50, F|100/100
|turn|7
|
|t:|1757085049
|switch|p1a: Gholdengo|Gholdengo, L50|100/100
|move|p2b: Ursaluna|Protect|p2b: Ursaluna
|-singleturn|p2b: Ursaluna|Protect
|move|p1b: Umbreon|Protect|p1b: Umbreon
|-singleturn|p1b: Umbreon|Protect
|move|p2a: Porygon2|Trick Room|p2a: Porygon2
|-fieldstart|move: Trick Room|[of] p2a: Porygon2
|
|-heal|p1b: Umbreon|77/100|[from] item: Leftovers
|-damage|p2a: Porygon2|8/100 tox|[from] psn
|-status|p2b: Ursaluna|brn|[from] item: Flame Orb
|upkeep
|turn|8
|inactive|chalizhou has 30 seconds left.
|
|t:|1757085076
|switch|p1b: Rillaboom|Rillaboom, L50, M, tera:Water|58/100
|-fieldstart|move: Grassy Terrain|[from] ability: Grassy Surge|[of] p1b: Rillaboom
|move|p2a: Porygon2|Tera Blast|p1b: Rillaboom|[anim] Tera Blast Fighting
|-damage|p1b: Rillaboom|20/100
|move|p2b: Ursaluna|Headlong Rush|p1a: Gholdengo
|-supereffective|p1a: Gholdengo
|-damage|p1a: Gholdengo|0 fnt
|-unboost|p2b: Ursaluna|def|1
|-unboost|p2b: Ursaluna|spd|1
|faint|p1a: Gholdengo
|
|-heal|p2a: Porygon2|15/100 tox|[from] Grassy Terrain
|-heal|p1b: Rillaboom|26/100|[from] Grassy Terrain
|-damage|p2a: Porygon2|0 fnt|[from] psn
|faint|p2a: Porygon2
|-damage|p2b: Ursaluna|95/100 brn|[from] brn
|upkeep
|
|t:|1757085092
|switch|p2a: Gholdengo|Gholdengo, L50|61/100
|switch|p1a: Umbreon|Umbreon, L50, F|77/100
|turn|9
|inactive|incartamene2etti has 30 seconds left.
|
|t:|1757085121
|move|p1b: Rillaboom|Fake Out|p2b: Ursaluna
|-damage|p2b: Ursaluna|79/100 brn
|move|p1a: Umbreon|Foul Play|p2a: Gholdengo
|-supereffective|p2a: Gholdengo
|-damage|p2a: Gholdengo|29/100
|cant|p2b: Ursaluna|flinch
|move|p2a: Gholdengo|Shadow Ball|p1b: Rillaboom
|-damage|p1b: Rillaboom|0 fnt
|faint|p1b: Rillaboom
|-damage|p2a: Gholdengo|19/100|[from] item: Life Orb
|
|-heal|p1a: Umbreon|83/100|[from] Grassy Terrain
|-heal|p2b: Ursaluna|84/100 brn|[from] Grassy Terrain
|-heal|p1a: Umbreon|89/100|[from] item: Leftovers
|-heal|p2a: Gholdengo|25/100|[from] Grassy Terrain
|-damage|p2b: Ursaluna|79/100 brn|[from] brn
|upkeep
|turn|10
|inactive|chalizhou has 30 seconds left.
|
|t:|1757085146
|move|p1a: Umbreon|Protect|p1a: Umbreon
|-singleturn|p1a: Umbreon|Protect
|move|p2b: Ursaluna|Facade|p1a: Umbreon
|-activate|p1a: Umbreon|move: Protect
|move|p2a: Gholdengo|Nasty Plot|p2a: Gholdengo
|-boost|p2a: Gholdengo|spa|2
|
|-heal|p1a: Umbreon|95/100|[from] Grassy Terrain
|-heal|p2b: Ursaluna|84/100 brn|[from] Grassy Terrain
|-heal|p1a: Umbreon|100/100|[from] item: Leftovers
|-heal|p2a: Gholdengo|31/100|[from] Grassy Terrain
|-damage|p2b: Ursaluna|79/100 brn|[from] brn
|upkeep
|turn|11
|
|t:|1757085159
|move|p1a: Umbreon|Foul Play|p2a: Gholdengo
|-supereffective|p2a: Gholdengo
|-crit|p2a: Gholdengo
|-damage|p2a: Gholdengo|0 fnt
|faint|p2a: Gholdengo
|move|p2b: Ursaluna|Facade|p1a: Umbreon
|-crit|p1a: Umbreon
|-damage|p1a: Umbreon|0 fnt
|faint|p1a: Umbreon
|
|win|incartamene2etti
|inactive|chalizhou has 30 seconds to confirm battle start!
|inactive|incartamene2etti has 30 seconds to confirm battle start!
