|j|☆snocks
|j|☆Birchythesnakerat
|html|snocksBirchythesnakerat    
|uhtml|bestof|Game 3 of a best-of-3
|t:|1757249244
|gametype|doubles
|player|p1|snocks|102|1005
|player|p2|Birchythesnakerat|101|1065
|gen|9
|tier|[Gen 9] VGC 2025 Reg H (Bo3)
|rated|
|rule|Species Clause: Limit one of each Pokémon
|rule|Item Clause: Limit 1 of each item
|clearpoke
|poke|p1|Dragonite, L50, F|
|poke|p1|Incineroar, L50, M|
|poke|p1|Primarina, L50, M|
|poke|p1|Amoonguss, L50, M|
|poke|p1|Gothitelle, L50, M|
|poke|p1|Maushold-Four, L50|
|poke|p2|Ursaluna-Bloodmoon, L50, M|
|poke|p2|Kingambit, L50, F|
|poke|p2|Indeedee-F, L50, F|
|poke|p2|Annihilape, L50, M|
|poke|p2|Dondozo, L50, F|
|poke|p2|Tatsugiri, L50, M|
|teampreview|4
|showteam|p1|Dragonite||LoadedDice|Multiscale|DragonDance,Protect,ScaleShot,ExtremeSpeed|||F|||50|,,,,,Normal]Incineroar||SafetyGoggles|Intimidate|KnockOff,FakeOut,PartingShot,FlareBlitz|||M|||50|,,,,,Ghost]Primarina||LifeOrb|LiquidVoice|HyperVoice,Protect,Moonblast,PerishSong|||M|||50|,,,,,Grass]Amoonguss||SitrusBerry|Regenerator|SludgeBomb,Spore,Protect,RagePowder|||M|||50|,,,,,Water]Gothitelle||Leftovers|ShadowTag|TrickRoom,FakeOut,Psychic,Protect|||M|||50|,,,,,Dark]Maushold-Four||WideLens|Technician|PopulationBomb,Protect,FollowMe,HelpingHand||||||50|,,,,,Normal
|showteam|p2|Ursaluna-Bloodmoon||LifeOrb|MindsEye|EarthPower,HyperVoice,Protect,BloodMoon|||M|||50|,,,,,Normal]Kingambit||BlackGlasses|Defiant|SwordsDance,SuckerPunch,KowtowCleave,Protect|||F|||50|,,,,,Fairy]Indeedee-F||MentalHerb|PsychicSurge|HelpingHand,TrickRoom,FollowMe,Psychic|||F|||50|,,,,,Fairy]Annihilape||ChoiceScarf|Defiant|DrainPunch,RageFist,FinalGambit,CloseCombat|||M|||50|,,,,,Grass]Dondozo||ClearAmulet|Unaware|OrderUp,WaveCrash,Protect,Earthquake|||F|||50|,,,,,Grass]Tatsugiri||FocusSash|Commander|DracoMeteor,IcyWind,Taunt,Protect|||M|||50|,,,,,Dragon
|
|t:|1757249281
|teamsize|p1|4
|teamsize|p2|4
|start
|switch|p1a: Gothitelle|Gothitelle, L50, M, shiny|100/100
|switch|p1b: Dragonite|Dragonite, L50, F|100/100
|switch|p2a: Ursaluna|Ursaluna-Bloodmoon, L50, M|100/100
|switch|p2b: Indeedee|Indeedee-F, L50, F, shiny|100/100
|-fieldstart|move: Psychic Terrain|[from] ability: Psychic Surge|[of] p2b: Indeedee
|turn|1
|inactive|Battle timer is ON: inactive players will automatically lose when time's up. (requested by snocks)
|inactive|snocks has 60 seconds left.
|inactive|Birchythesnakerat has 60 seconds left.
|
|t:|1757249319
|move|p2b: Indeedee|Helping Hand|p2a: Ursaluna
|-singleturn|p2a: Ursaluna|Helping Hand|[of] p2b: Indeedee
|move|p1b: Dragonite|Dragon Dance|p1b: Dragonite
|-boost|p1b: Dragonite|atk|1
|-boost|p1b: Dragonite|spe|1
|move|p2a: Ursaluna|Hyper Voice|p1a: Gothitelle|[spread] p1a,p1b
|-crit|p1a: Gothitelle
|-damage|p1a: Gothitelle|12/100
|-damage|p1b: Dragonite|59/100
|-damage|p2a: Ursaluna|91/100|[from] item: Life Orb
|move|p1a: Gothitelle|Psychic|p2a: Ursaluna
|-damage|p2a: Ursaluna|52/100
|
|-heal|p1a: Gothitelle|19/100|[from] item: Leftovers
|upkeep
|turn|2
|
|t:|1757249343
|move|p2b: Indeedee|Follow Me|p2b: Indeedee
|-singleturn|p2b: Indeedee|move: Follow Me
|move|p1b: Dragonite|Scale Shot|p2b: Indeedee
|-damage|p2b: Indeedee|81/100
|-damage|p2b: Indeedee|60/100
|-damage|p2b: Indeedee|40/100
|-damage|p2b: Indeedee|21/100
|-hitcount|p2b: Indeedee|4
|-unboost|p1b: Dragonite|def|1
|-boost|p1b: Dragonite|spe|1
|move|p2a: Ursaluna|Hyper Voice|p1b: Dragonite|[spread] p1a,p1b
|-damage|p1a: Gothitelle|0 fnt
|-damage|p1b: Dragonite|5/100
|faint|p1a: Gothitelle
|-damage|p2a: Ursaluna|42/100|[from] item: Life Orb
|
|upkeep
|
|t:|1757249357
|switch|p1a: Maushold|Maushold-Four, L50, shiny|100/100
|turn|3
|inactive|Birchythesnakerat has 30 seconds left.
|
|t:|1757249388
|-terastallize|p2b: Indeedee|Fairy
|move|p2b: Indeedee|Follow Me|p2b: Indeedee
|-singleturn|p2b: Indeedee|move: Follow Me
|move|p1b: Dragonite|Scale Shot|p2b: Indeedee
|-immune|p2b: Indeedee
|move|p1a: Maushold|Population Bomb|p2b: Indeedee
|-crit|p2b: Indeedee
|-damage|p2b: Indeedee|2/100
|-crit|p2b: Indeedee
|-damage|p2b: Indeedee|0 fnt
|faint|p2b: Indeedee
|-hitcount|p2: Indeedee|2
|move|p2a: Ursaluna|Hyper Voice|p1a: Maushold|[spread] p1a,p1b
|-damage|p1a: Maushold|27/100
|-damage|p1b: Dragonite|0 fnt
|faint|p1b: Dragonite
|-damage|p2a: Ursaluna|32/100|[from] item: Life Orb
|
|upkeep
|
|t:|1757249412
|switch|p1b: Amoonguss|Amoonguss, L50, M, shiny|100/100
|switch|p2b: Tatsugiri|Tatsugiri, L50, M, shiny|100/100
|turn|4
|inactive|Birchythesnakerat has 30 seconds left.
|
|t:|1757249438
|move|p1a: Maushold|Population Bomb|p2a: Ursaluna
|-damage|p2a: Ursaluna|23/100
|-damage|p2a: Ursaluna|13/100
|-damage|p2a: Ursaluna|4/100
|-damage|p2a: Ursaluna|0 fnt
|faint|p2a: Ursaluna
|-hitcount|p2: Ursaluna|4
|move|p2b: Tatsugiri|Icy Wind|p1b: Amoonguss|[spread] p1a,p1b
|-supereffective|p1b: Amoonguss
|-crit|p1b: Amoonguss
|-damage|p1a: Maushold|5/100
|-damage|p1b: Amoonguss|71/100
|-unboost|p1a: Maushold|spe|1
|-unboost|p1b: Amoonguss|spe|1
|move|p1b: Amoonguss|Spore|p2b: Tatsugiri
|-status|p2b: Tatsugiri|slp|[from] move: Spore
|
|upkeep
|
|t:|1757249442
|switch|p2a: Dondozo|Dondozo, L50, F, shiny|100/100
|-activate|p2b: Tatsugiri|ability: Commander|[of] p2a: Dondozo
|-boost|p2a: Dondozo|atk|2
|-boost|p2a: Dondozo|spa|2
|-boost|p2a: Dondozo|spe|2
|-boost|p2a: Dondozo|def|2
|-boost|p2a: Dondozo|spd|2
|turn|5
|
|t:|1757249456
|move|p1a: Maushold|Protect|p1a: Maushold
|-singleturn|p1a: Maushold|Protect
|move|p2a: Dondozo|Earthquake|p1b: Amoonguss|[spread] p1b
|-miss|p2a: Dondozo|p2b: Tatsugiri
|-activate|p1a: Maushold|move: Protect
|-damage|p1b: Amoonguss|28/100
|-enditem|p1b: Amoonguss|Sitrus Berry|[eat]
|-heal|p1b: Amoonguss|53/100|[from] item: Sitrus Berry
|move|p1b: Amoonguss|Spore|p2a: Dondozo
|-status|p2a: Dondozo|slp|[from] move: Spore
|
|-fieldend|move: Psychic Terrain
|upkeep
|turn|6
|
|t:|1757249472
|-terastallize|p1a: Maushold|Normal
|cant|p2a: Dondozo|slp
|move|p1a: Maushold|Population Bomb|p2a: Dondozo
|-damage|p2a: Dondozo|94/100 slp
|-damage|p2a: Dondozo|89/100 slp
|-damage|p2a: Dondozo|84/100 slp
|-damage|p2a: Dondozo|77/100 slp
|-damage|p2a: Dondozo|71/100 slp
|-damage|p2a: Dondozo|65/100 slp
|-damage|p2a: Dondozo|59/100 slp
|-damage|p2a: Dondozo|53/100 slp
|-damage|p2a: Dondozo|47/100 slp
|-damage|p2a: Dondozo|41/100 slp
|-hitcount|p2a: Dondozo|10
|move|p1b: Amoonguss|Sludge Bomb|p2a: Dondozo
|-damage|p2a: Dondozo|29/100 slp
|
|upkeep
|turn|7
|
|t:|1757249489
|-curestatus|p2a: Dondozo|slp|[msg]
|move|p2a: Dondozo|Protect|p2a: Dondozo
|-singleturn|p2a: Dondozo|Protect
|move|p1b: Amoonguss|Rage Powder|p1b: Amoonguss
|-singleturn|p1b: Amoonguss|move: Rage Powder
|move|p1a: Maushold|Population Bomb|p2a: Dondozo
|-activate|p2a: Dondozo|move: Protect
|
|upkeep
|turn|8
|inactive|Birchythesnakerat has 30 seconds left.
|
|t:|1757249516
|move|p1a: Maushold|Protect|p1a: Maushold
|-singleturn|p1a: Maushold|Protect
|move|p2a: Dondozo|Earthquake|p1a: Maushold|[spread] p1b
|-miss|p2a: Dondozo|p2b: Tatsugiri
|-activate|p1a: Maushold|move: Protect
|-damage|p1b: Amoonguss|12/100
|move|p1b: Amoonguss|Spore|p2a: Dondozo
|-status|p2a: Dondozo|slp|[from] move: Spore
|
|upkeep
|turn|9
|
|t:|1757249531
|cant|p2a: Dondozo|slp
|move|p1a: Maushold|Population Bomb|p2a: Dondozo
|-damage|p2a: Dondozo|23/100 slp
|-damage|p2a: Dondozo|16/100 slp
|-damage|p2a: Dondozo|11/100 slp
|-damage|p2a: Dondozo|5/100 slp
|-damage|p2a: Dondozo|0 fnt
|faint|p2a: Dondozo
|-hitcount|p2: Dondozo|5
|move|p1b: Amoonguss|Spore|p2b: Tatsugiri
|-fail|p2b: Tatsugiri|slp
|
|upkeep
|turn|10
|
|t:|1757249550
|cant|p2b: Tatsugiri|slp
|move|p1b: Amoonguss|Rage Powder|p1b: Amoonguss
|-singleturn|p1b: Amoonguss|move: Rage Powder
|move|p1a: Maushold|Population Bomb|p2b: Tatsugiri
|-damage|p2b: Tatsugiri|73/100 slp
|-damage|p2b: Tatsugiri|41/100 slp
|-damage|p2b: Tatsugiri|9/100 slp
|-damage|p2b: Tatsugiri|0 fnt
|faint|p2b: Tatsugiri
|-hitcount|p2: Tatsugiri|4
|
|win|snocks
|raw|snocks's rating: 1005 → 1051(+46 for winning)
|raw|Birchythesnakerat's rating: 1065 → 1042(-23 for losing)
|l|☆Birchythesnakerat
|player|p2|
