|j|☆Zacharykeith
|j|☆Luckk1011 VGC
|html|ZacharykeithLuckk1011 VGC    
|uhtml|bestof|Game 2 of a best-of-3
|t:|1757761592
|gametype|doubles
|player|p1|Zacharykeith|fisherman-gen4|1119
|player|p2|Luckk1011 VGC|ghetsis|1062
|gen|9
|tier|[Gen 9] VGC 2025 Reg H (Bo3)
|rated|
|rule|Species Clause: Limit one of each Pokémon
|rule|Item Clause: Limit 1 of each item
|clearpoke
|poke|p1|Baxcalibur, L50, F|
|poke|p1|Kingambit, L50, M|
|poke|p1|Dondozo, L50, M|
|poke|p1|Rillaboom, L50, F|
|poke|p1|Magmar, L50, F|
|poke|p1|Sneasler, L50, M|
|poke|p2|Maushold, L50|
|poke|p2|Annihilape, L50, M|
|poke|p2|Sinistcha, L50|
|poke|p2|Incineroar, L50, M|
|poke|p2|Pelipper, L50, M|
|poke|p2|Archaludon, L50, M|
|teampreview|4
|showteam|p1|Baxcalibur||LoadedDice|ThermalExchange|IcicleSpear,IceShard,ScaleShot,Protect|||F|||50|,,,,,Ghost]Kingambit||BlackGlasses|Defiant|SuckerPunch,KowtowCleave,SwordsDance,Protect|||M|||50|,,,,,Dark]Dondozo||Leftovers|Unaware|WaveCrash,Fissure,Yawn,Protect|||M|||50|,,,,,Grass]Rillaboom||AssaultVest|GrassySurge|FakeOut,GrassyGlide,WoodHammer,Uturn|||F|||50|,,,,,Fire]Magmar||Eviolite|VitalSpirit|Overheat,WillOWisp,FollowMe,Protect|||F|||50|,,,,,Fairy]Sneasler||FocusSash|PoisonTouch|DireClaw,CloseCombat,Coaching,Protect|||M|||50|,,,,,Stellar
|showteam|p2|Maushold||SafetyGoggles|FriendGuard|BeatUp,Taunt,FollowMe,Protect||||||50|,,,,,Ghost]Annihilape||Leftovers|Defiant|RageFist,DrainPunch,BulkUp,Protect|||M|||50|,,,,,Water]Sinistcha||RockyHelmet|Hospitality|MatchaGotcha,LifeDew,TrickRoom,RagePowder||||||50|,,,,,Dark]Incineroar||SitrusBerry|Intimidate|KnockOff,WillOWisp,PartingShot,FakeOut|||M|||50|,,,,,Grass]Pelipper||FocusSash|Drizzle|WeatherBall,Hurricane,WideGuard,Protect|||M|||50|,,,,,Stellar]Archaludon||AssaultVest|Stamina|ElectroShot,DracoMeteor,BodyPress,FlashCannon|||M|||50|,,,,,Grass
|inactive|Battle timer is ON: inactive players will automatically lose when time's up. (requested by Zacharykeith)
|
|t:|1757761607
|teamsize|p1|4
|teamsize|p2|4
|start
|switch|p1a: King Bug|Kingambit, L50, M, shiny|100/100
|switch|p1b: Forest Dude|Rillaboom, L50, F, shiny|100/100
|switch|p2a: Maushold|Maushold, L50|100/100
|switch|p2b: Archaludon|Archaludon, L50, M|100/100
|-fieldstart|move: Grassy Terrain|[from] ability: Grassy Surge|[of] p1b: Forest Dude
|turn|1
|
|t:|1757761620
|move|p2a: Maushold|Protect|p2a: Maushold
|-singleturn|p2a: Maushold|Protect
|move|p1b: Forest Dude|Fake Out|p2b: Archaludon
|-resisted|p2b: Archaludon
|-damage|p2b: Archaludon|97/100
|-ability|p2b: Archaludon|Stamina|boost
|-boost|p2b: Archaludon|def|1
|cant|p2b: Archaludon|flinch
|move|p1a: King Bug|Swords Dance|p1a: King Bug
|-boost|p1a: King Bug|atk|2
|
|-heal|p2b: Archaludon|100/100|[from] Grassy Terrain
|upkeep
|turn|2
|inactive|Zacharykeith has 30 seconds left.
|inactive|Luckk1011 VGC has 30 seconds left.
|inactive|Zacharykeith has 20 seconds left.
|
|t:|1757761658
|move|p1a: King Bug|Protect|p1a: King Bug
|-singleturn|p1a: King Bug|Protect
|move|p2a: Maushold|Taunt|p1a: King Bug
|-activate|p1a: King Bug|move: Protect
|move|p2b: Archaludon|Body Press|p1b: Forest Dude
|-damage|p1b: Forest Dude|65/100
|move|p1b: Forest Dude|U-turn|p2a: Maushold
|-damage|p2a: Maushold|71/100
|
|t:|1757761667
|switch|p1b: Sneezy|Sneasler, L50, M|100/100|[from] U-turn
|
|-heal|p2a: Maushold|77/100|[from] Grassy Terrain
|upkeep
|turn|3
|inactive|Luckk1011 VGC has 30 seconds left.
|
|t:|1757761705
|-terastallize|p2a: Maushold|Ghost
|-terastallize|p1a: King Bug|Dark
|move|p2a: Maushold|Follow Me|p2a: Maushold
|-singleturn|p2a: Maushold|move: Follow Me
|move|p1b: Sneezy|Coaching|p1a: King Bug
|-boost|p1a: King Bug|atk|1
|-boost|p1a: King Bug|def|1
|move|p2b: Archaludon|Body Press|p1a: King Bug
|-supereffective|p1a: King Bug
|-damage|p1a: King Bug|68/100
|move|p1a: King Bug|Kowtow Cleave|p2a: Maushold
|-supereffective|p2a: Maushold
|-damage|p2a: Maushold|0 fnt
|faint|p2a: Maushold
|
|-heal|p1a: King Bug|73/100|[from] Grassy Terrain
|upkeep
|
|t:|1757761721
|switch|p2a: Pelipper|Pelipper, L50, M|100/100
|-weather|RainDance|[from] ability: Drizzle|[of] p2a: Pelipper
|turn|4
|
|t:|1757761739
|move|p1a: King Bug|Sucker Punch|p2a: Pelipper
|-enditem|p2a: Pelipper|Focus Sash
|-damage|p2a: Pelipper|1/100
|move|p1b: Sneezy|Dire Claw|p2a: Pelipper
|-damage|p2a: Pelipper|0 fnt
|faint|p2a: Pelipper
|move|p2b: Archaludon|Electro Shot||[still]
|-prepare|p2b: Archaludon|Electro Shot
|-boost|p2b: Archaludon|spa|1
|-anim|p2b: Archaludon|Electro Shot|p1b: Sneezy
|-damage|p1b: Sneezy|17/100
|
|-weather|RainDance|[upkeep]
|-heal|p1b: Sneezy|23/100|[from] Grassy Terrain
|-heal|p1a: King Bug|79/100|[from] Grassy Terrain
|upkeep
|
|t:|1757761751
|switch|p2a: Incineroar|Incineroar, L50, M|100/100
|-ability|p2a: Incineroar|Intimidate|boost
|-unboost|p1a: King Bug|atk|1
|-ability|p1a: King Bug|Defiant|boost
|-boost|p1a: King Bug|atk|2
|-unboost|p1b: Sneezy|atk|1
|turn|5
|
|t:|1757761773
|move|p1a: King Bug|Protect|p1a: King Bug
|-singleturn|p1a: King Bug|Protect
|move|p2a: Incineroar|Fake Out|p1b: Sneezy
|-damage|p1b: Sneezy|6/100
|cant|p1b: Sneezy|flinch
|move|p2b: Archaludon|Body Press|p1a: King Bug
|-activate|p1a: King Bug|move: Protect
|
|-weather|RainDance|[upkeep]
|-heal|p1b: Sneezy|11/100|[from] Grassy Terrain
|-heal|p1a: King Bug|85/100|[from] Grassy Terrain
|-fieldend|move: Grassy Terrain
|upkeep
|turn|6
|
|t:|1757761789
|move|p1b: Sneezy|Coaching|p1a: King Bug
|-boost|p1a: King Bug|atk|1
|-boost|p1a: King Bug|def|1
|move|p2b: Archaludon|Electro Shot||[still]
|-prepare|p2b: Archaludon|Electro Shot
|-boost|p2b: Archaludon|spa|1
|-anim|p2b: Archaludon|Electro Shot|p1a: King Bug
|-damage|p1a: King Bug|0 fnt
|faint|p1a: King Bug
|move|p2a: Incineroar|Will-O-Wisp|p1b: Sneezy|[miss]
|-miss|p2a: Incineroar|p1b: Sneezy
|
|-weather|RainDance|[upkeep]
|upkeep
|
|t:|1757761803
|switch|p1a: Donbozo|Dondozo, L50, M, shiny|100/100
|turn|7
|
|t:|1757761812
|switch|p1b: Forest Dude|Rillaboom, L50, F, shiny|65/100
|-fieldstart|move: Grassy Terrain|[from] ability: Grassy Surge|[of] p1b: Forest Dude
|move|p2b: Archaludon|Electro Shot||[still]
|-prepare|p2b: Archaludon|Electro Shot
|-boost|p2b: Archaludon|spa|1
|-anim|p2b: Archaludon|Electro Shot|p1a: Donbozo
|-supereffective|p1a: Donbozo
|-damage|p1a: Donbozo|38/100
|move|p2a: Incineroar|Knock Off|p1b: Forest Dude
|-damage|p1b: Forest Dude|28/100
|-enditem|p1b: Forest Dude|Assault Vest|[from] move: Knock Off|[of] p2a: Incineroar
|move|p1a: Donbozo|Wave Crash|p2a: Incineroar
|-supereffective|p2a: Incineroar
|-damage|p2a: Incineroar|0 fnt
|faint|p2a: Incineroar
|-damage|p1a: Donbozo|12/100|[from] Recoil
|
|-weather|RainDance|[upkeep]
|-heal|p1b: Forest Dude|33/100|[from] Grassy Terrain
|-heal|p1a: Donbozo|18/100|[from] Grassy Terrain
|-heal|p1a: Donbozo|25/100|[from] item: Leftovers
|upkeep
|turn|8
|inactive|Zacharykeith has 30 seconds left.
|inactive|Zacharykeith has 20 seconds left.
|
|t:|1757761851
|move|p1a: Donbozo|Protect|p1a: Donbozo
|-singleturn|p1a: Donbozo|Protect
|move|p2b: Archaludon|Electro Shot||[still]
|-prepare|p2b: Archaludon|Electro Shot
|-boost|p2b: Archaludon|spa|1
|-anim|p2b: Archaludon|Electro Shot|p1a: Donbozo
|-activate|p1a: Donbozo|move: Protect
|move|p1b: Forest Dude|U-turn|p2b: Archaludon
|-resisted|p2b: Archaludon
|-damage|p2b: Archaludon|94/100
|-ability|p2b: Archaludon|Stamina|boost
|-boost|p2b: Archaludon|def|1
|
|t:|1757761862
|switch|p1b: Sneezy|Sneasler, L50, M|11/100|[from] U-turn
|
|-weather|none
|-heal|p1b: Sneezy|17/100|[from] Grassy Terrain
|-heal|p2b: Archaludon|100/100|[from] Grassy Terrain
|-heal|p1a: Donbozo|31/100|[from] Grassy Terrain
|-heal|p1a: Donbozo|37/100|[from] item: Leftovers
|upkeep
|turn|9
|
|t:|1757761871
|move|p1b: Sneezy|Close Combat|p2b: Archaludon
|-supereffective|p2b: Archaludon
|-damage|p2b: Archaludon|52/100
|-unboost|p1b: Sneezy|def|1
|-unboost|p1b: Sneezy|spd|1
|-ability|p2b: Archaludon|Stamina|boost
|-boost|p2b: Archaludon|def|1
|move|p2b: Archaludon|Flash Cannon|p1a: Donbozo
|-resisted|p1a: Donbozo
|-damage|p1a: Donbozo|22/100
|move|p1a: Donbozo|Fissure|p2b: Archaludon
|-damage|p2b: Archaludon|0 fnt
|faint|p2b: Archaludon
|-ohko
|
|win|Zacharykeith
|raw|Zacharykeith's rating: 1119 → 1140(+21 for winning)
|raw|Luckk1011 VGC's rating: 1062 → 1046(-16 for losing)
