|j|☆Turtlenator6
|j|☆sig.kire
|html|Turtlenator6sig.kire    
|uhtml|bestof|Game 1 of a best-of-3
|t:|1757823028
|gametype|doubles
|player|p1|Turtlenator6|grimsley|1197
|player|p2|sig.kire|sailor|1141
|gen|9
|tier|[Gen 9] VGC 2025 Reg H (Bo3)
|rated|
|rule|Species Clause: Limit one of each Pokémon
|rule|Item Clause: Limit 1 of each item
|clearpoke
|poke|p1|Archaludon, L50, M|
|poke|p1|Pelipper, L50, M|
|poke|p1|Dragapult, L50, F|
|poke|p1|Decidueye-Hisui, L50, M|
|poke|p1|Sinistcha-Masterpiece, L50|
|poke|p1|Ursaluna, L50, M|
|poke|p2|Corviknight, L50, M|
|poke|p2|Garchomp, L50, M|
|poke|p2|Tyranitar, L50, M|
|poke|p2|Volcarona, L50, F|
|poke|p2|Indeedee, L50, M|
|poke|p2|Sneasler, L50, M|
|teampreview|4
|showteam|p1|Archaludon||AssaultVest|Stamina|FlashCannon,BodyPress,ElectroShot,Snarl|||M|||50|,,,,,Grass]Pelipper||FocusSash|Drizzle|WeatherBall,Hurricane,Tailwind,WideGuard|||M|||50|,,,,,Ghost]Dragapult||ChoiceBand|ClearBody|DragonDarts,PhantomForce,BreakingSwipe,Uturn|||F|||50|,,,,,Dragon]Decidueye-Hisui||CovertCloak|Scrappy|TripleArrows,Trailblaze,Haze,Protect|||M|||50|,,,,,Fighting]Sinistcha-Masterpiece||Leftovers|Hospitality|MatchaGotcha,RagePowder,LifeDew,TrickRoom||||||50|,,,,,Dark]Ursaluna||FlameOrb|Guts|HeadlongRush,Facade,Earthquake,Protect|||M|||50|,,,,,Normal
|showteam|p2|Corviknight||SitrusBerry|MirrorArmor|BraveBird,BodyPress,BulkUp,Roost|||M|||50|,,,,,Fire]Garchomp||LifeOrb|RoughSkin|DragonClaw,StompingTantrum,Earthquake,Protect|||M|||50|,,,,,Ground]Tyranitar||AssaultVest|SandStream|RockSlide,KnockOff,TeraBlast,LowKick|||M|||50|,,,,,Flying]Volcarona||SafetyGoggles|FlameBody|Overheat,Protect,RagePowder,Tailwind|||F|||50|,,,,,Fairy]Indeedee||ChoiceScarf|PsychicSurge|ExpandingForce,HelpingHand,Trick,TrickRoom|||M|||50|,,,,,Psychic]Sneasler||PsychicSeed|Unburden|DireClaw,CloseCombat,ThroatChop,Protect|||M|||50|,,,,,Dark
|
|t:|1757823066
|teamsize|p1|4
|teamsize|p2|4
|start
|switch|p1a: Blue Angel|Dragapult, L50, F, shiny|100/100
|switch|p1b: Sinistcha|Sinistcha-Masterpiece, L50, shiny|100/100
|switch|p2a: Indeedee|Indeedee, L50, M|100/100
|switch|p2b: Sneasler|Sneasler, L50, M|100/100
|-fieldstart|move: Psychic Terrain|[from] ability: Psychic Surge|[of] p2a: Indeedee
|-enditem|p2b: Sneasler|Psychic Seed
|-boost|p2b: Sneasler|spd|1|[from] item: Psychic Seed
|turn|1
|
|t:|1757823082
|-terastallize|p1a: Blue Angel|Dragon
|move|p2b: Sneasler|Protect|p2b: Sneasler
|-singleturn|p2b: Sneasler|Protect
|move|p2a: Indeedee|Expanding Force|p1a: Blue Angel|[spread] p1a,p1b
|-damage|p1a: Blue Angel|33/100
|-damage|p1b: Sinistcha|46/100
|move|p1a: Blue Angel|Dragon Darts|p2a: Indeedee
|-damage|p2a: Indeedee|0 fnt
|faint|p2a: Indeedee
|move|p1b: Sinistcha|Trick Room|p1b: Sinistcha
|-fieldstart|move: Trick Room|[of] p1b: Sinistcha
|
|-heal|p1b: Sinistcha|52/100|[from] item: Leftovers
|upkeep
|
|t:|1757823088
|switch|p2a: Tyranitar|Tyranitar, L50, M|100/100
|-weather|Sandstorm|[from] ability: Sand Stream|[of] p2a: Tyranitar
|turn|2
|
|t:|1757823101
|switch|p1a: Florida Man|Pelipper, L50, M, shiny|100/100
|-weather|RainDance|[from] ability: Drizzle|[of] p1a: Florida Man
|move|p1b: Sinistcha|Matcha Gotcha|p2b: Sneasler|[spread] p2a
|-miss|p1b: Sinistcha|p2b: Sneasler
|-supereffective|p2a: Tyranitar
|-damage|p2a: Tyranitar|71/100
|-heal|p1b: Sinistcha|69/100|[from] drain|[of] p2a: Tyranitar
|move|p2a: Tyranitar|Rock Slide|p1b: Sinistcha|[spread] p1a,p1b
|-supereffective|p1a: Florida Man
|-crit|p1b: Sinistcha
|-damage|p1a: Florida Man|12/100
|-damage|p1b: Sinistcha|25/100
|move|p2b: Sneasler|Throat Chop|p1b: Sinistcha
|-supereffective|p1b: Sinistcha
|-damage|p1b: Sinistcha|0 fnt
|faint|p1b: Sinistcha
|
|-weather|RainDance|[upkeep]
|upkeep
|
|t:|1757823119
|switch|p1b: Heavy|Ursaluna, L50, M, shiny|100/100
|turn|3
|
|t:|1757823127
|-terastallize|p2a: Tyranitar|Flying
|move|p1b: Heavy|Protect|p1b: Heavy
|-singleturn|p1b: Heavy|Protect
|move|p2b: Sneasler|Protect|p2b: Sneasler
|-singleturn|p2b: Sneasler|Protect
|move|p1a: Florida Man|Wide Guard|p1a: Florida Man
|-singleturn|p1a: Florida Man|Wide Guard
|move|p2a: Tyranitar|Low Kick|p1b: Heavy
|-activate|p1b: Heavy|move: Protect
|
|-weather|RainDance|[upkeep]
|-status|p1b: Heavy|brn|[from] item: Flame Orb
|upkeep
|turn|4
|
|t:|1757823144
|move|p2a: Tyranitar|Low Kick|p1b: Heavy
|-supereffective|p1b: Heavy
|-crit|p1b: Heavy
|-damage|p1b: Heavy|2/100 brn
|move|p1b: Heavy|Facade|p2a: Tyranitar
|-damage|p2a: Tyranitar|0 fnt
|faint|p2a: Tyranitar
|move|p1a: Florida Man|Hurricane|p2b: Sneasler
|-supereffective|p2b: Sneasler
|-damage|p2b: Sneasler|10/100
|-start|p2b: Sneasler|confusion
|-activate|p2b: Sneasler|confusion
|move|p2b: Sneasler|Close Combat|p1b: Heavy
|-supereffective|p1b: Heavy
|-damage|p1b: Heavy|0 fnt
|-unboost|p2b: Sneasler|def|1
|-unboost|p2b: Sneasler|spd|1
|faint|p1b: Heavy
|
|-weather|RainDance|[upkeep]
|upkeep
|
|t:|1757823157
|switch|p2a: Corviknight|Corviknight, L50, M|100/100
|switch|p1b: Blue Angel|Dragapult, L50, F, shiny, tera:Dragon|33/100
|turn|5
|
|t:|1757823172
|move|p2a: Corviknight|Brave Bird|p1b: Blue Angel
|-damage|p1b: Blue Angel|0 fnt
|faint|p1b: Blue Angel
|-damage|p2a: Corviknight|91/100|[from] Recoil
|move|p1a: Florida Man|Weather Ball|p2a: Corviknight
|-damage|p2a: Corviknight|37/100
|-enditem|p2a: Corviknight|Sitrus Berry|[eat]
|-heal|p2a: Corviknight|62/100|[from] item: Sitrus Berry
|-activate|p2b: Sneasler|confusion
|-damage|p2b: Sneasler|0 fnt|[from] confusion
|faint|p2b: Sneasler
|
|-weather|RainDance|[upkeep]
|-fieldend|move: Trick Room
|-fieldend|move: Psychic Terrain
|upkeep
|turn|6
|
|t:|1757823187
|move|p1a: Florida Man|Weather Ball|p2a: Corviknight
|-damage|p2a: Corviknight|0 fnt
|faint|p2a: Corviknight
|
|win|Turtlenator6
||Turtlenator6 is ready for game 2.
||sig.kire is ready for game 2.
|uhtml|next|Next: Game 2 of 3
|l|☆Turtlenator6
|player|p1|
