|j|☆dondozo ate my son
|j|☆Adriatic Tides
|html|dondozo ate my sonAdriatic Tides    
|uhtml|bestof|Game 1 of a best-of-3
|t:|1784764896
|gametype|doubles
|player|p1|dondozo ate my son|265|1337
|player|p2|Adriatic Tides|leon|1205
|gen|9
|tier|[Gen 9 Champions] VGC 2026 Reg M-B (Bo3)
|rated|
|rule|Species Clause: Limit one of each Pokémon
|rule|Item Clause: Limit 1 of each item
|clearpoke
|poke|p1|Gengar, L50, M|
|poke|p1|Swampert, L50, F|
|poke|p1|Incineroar, L50, M|
|poke|p1|Politoed, L50, F|
|poke|p1|Archaludon, L50, M|
|poke|p1|Vivillon, L50, M|
|poke|p2|Tyranitar, L50, F|
|poke|p2|Excadrill, L50, M|
|poke|p2|Delphox, L50, F|
|poke|p2|Sinistcha, L50|
|poke|p2|Rotom-Wash, L50|
|poke|p2|Incineroar, L50, M|
|teampreview|4
|showteam|p1|Gengar||Gengarite|CursedBody|ShadowBall,PerishSong,SludgeBomb,Protect|Timid||M|||50|]Swampert||Swampertite|Torrent|WaveCrash,Earthquake,IcePunch,Protect|Adamant||F|||50|]Incineroar||PasshoBerry|Intimidate|ThroatChop,PartingShot,FakeOut,Protect|Sassy||M|||50|]Politoed||SitrusBerry|Drizzle|WeatherBall,PerishSong,Encore,Protect|Calm||F|||50|]Archaludon||Leftovers|Stamina|DragonPulse,FlashCannon,ElectroShot,Protect|Bold||M|||50|]Vivillon||FocusSash|CompoundEyes|Hurricane,SleepPowder,RagePowder,Protect|Timid||M|||50|
|showteam|p2|Tyranitar||Tyranitarite|SandStream|KnockOff,RockSlide,Protect,LowKick|Adamant||F|||50|]Excadrill||FocusSash|SandRush|Protect,Earthquake,IronHead,RockSlide|Adamant||M|||50|]Delphox||Delphoxite|Blaze|NastyPlot,HeatWave,Psyshock,Protect|Timid||F|||50|]Sinistcha||ColburBerry|Hospitality|TrickRoom,MatchaGotcha,Protect,RagePowder|Bold|||||50|]Rotom-Wash||Leftovers|Levitate|Electroweb,HydroPump,Protect,Thunderbolt|Modest|||||50|]Incineroar||SitrusBerry|Intimidate|FakeOut,FlareBlitz,PartingShot,ThroatChop|Careful||M|||50|
|c|☆Adriatic Tides|gl hf
|
|t:|1784764934
|teamsize|p1|4
|teamsize|p2|4
|start
|switch|p1a: Incineroar|Incineroar, L50, M|100/100
|switch|p1b: Big Pert|Swampert, L50, F|100/100
|switch|p2a: Sinistcha|Sinistcha, L50|100/100
|switch|p2b: Delphox|Delphox, L50, F|100/100
|-ability|p1a: Incineroar|Intimidate|boost
|-unboost|p2a: Sinistcha|atk|1
|-unboost|p2b: Delphox|atk|1
|turn|1
|
|t:|1784764958
|switch|p2b: Incineroar|Incineroar, L50, M|100/100
|-ability|p2b: Incineroar|Intimidate|boost
|-unboost|p1a: Incineroar|atk|1
|-unboost|p1b: Big Pert|atk|1
|switch|p1b: Archaludon|Archaludon, L50, M|100/100
|move|p2a: Sinistcha|Matcha Gotcha|p1a: Incineroar|[spread] p1a,p1b
|-resisted|p1a: Incineroar|1
|-resisted|p1b: Archaludon|2
|-damage|p1a: Incineroar|91/100
|-damage|p1b: Archaludon|94/100
|-status|p1b: Archaludon|brn
|-ability|p1b: Archaludon|Stamina|boost
|-boost|p1b: Archaludon|def|1
|move|p1a: Incineroar|Parting Shot|p2b: Incineroar
|-unboost|p2b: Incineroar|atk|1
|-unboost|p2b: Incineroar|spa|1
|
|t:|1784764973
|switch|p1a: Politoed|Politoed, L50, F|100/100|[from] Parting Shot
|-weather|RainDance|[from] ability: Drizzle|[of] p1a: Politoed
|
|-weather|RainDance|[upkeep]
|-heal|p1b: Archaludon|100/100 brn|[from] item: Leftovers
|-damage|p1b: Archaludon|93/100 brn|[from] brn
|upkeep
|turn|2
|
|t:|1784764984
|move|p1b: Archaludon|Electro Shot||[still]
|-prepare|p1b: Archaludon|Electro Shot
|-boost|p1b: Archaludon|spa|1
|-anim|p1b: Archaludon|Electro Shot|p2b: Incineroar
|-damage|p2b: Incineroar|61/100
|move|p1a: Politoed|Encore|p2a: Sinistcha
|-start|p2a: Sinistcha|Encore
|move|p2a: Sinistcha|Matcha Gotcha|p1b: Archaludon|[spread] p1a,p1b
|-supereffective|p1a: Politoed|1
|-resisted|p1b: Archaludon|2
|-damage|p1a: Politoed|65/100
|-damage|p1b: Archaludon|88/100 brn
|-ability|p1b: Archaludon|Stamina|boost
|-boost|p1b: Archaludon|def|1
|move|p2b: Incineroar|Parting Shot|p1b: Archaludon
|-unboost|p1b: Archaludon|atk|1
|-unboost|p1b: Archaludon|spa|1
|
|t:|1784765003
|switch|p2b: Rotom|Rotom-Wash, L50|100/100|[from] Parting Shot
|
|-weather|RainDance|[upkeep]
|-heal|p1b: Archaludon|94/100 brn|[from] item: Leftovers
|-damage|p1b: Archaludon|88/100 brn|[from] brn
|upkeep
|turn|3
|
|t:|1784765015
|switch|p1a: Incineroar|Incineroar, L50, M|91/100
|-ability|p1a: Incineroar|Intimidate|boost
|-unboost|p2a: Sinistcha|atk|1
|-unboost|p2b: Rotom|atk|1
|move|p2b: Rotom|Thunderbolt|p1a: Incineroar
|-damage|p1a: Incineroar|62/100
|move|p1b: Archaludon|Electro Shot||[still]
|-prepare|p1b: Archaludon|Electro Shot
|-boost|p1b: Archaludon|spa|1
|-anim|p1b: Archaludon|Electro Shot|p2b: Rotom
|-damage|p2b: Rotom|39/100
|move|p2a: Sinistcha|Matcha Gotcha|p1b: Archaludon|[spread] p1a,p1b
|-resisted|p1a: Incineroar|1
|-resisted|p1b: Archaludon|2
|-damage|p1a: Incineroar|53/100
|-damage|p1b: Archaludon|83/100 brn
|-ability|p1b: Archaludon|Stamina|boost
|-boost|p1b: Archaludon|def|1
|
|-weather|RainDance|[upkeep]
|-heal|p2b: Rotom|45/100|[from] item: Leftovers
|-heal|p1b: Archaludon|89/100 brn|[from] item: Leftovers
|-damage|p1b: Archaludon|83/100 brn|[from] brn
|upkeep
|turn|4
|
|t:|1784765035
|switch|p2b: Incineroar|Incineroar, L50, M|61/100
|-ability|p2b: Incineroar|Intimidate|boost
|-unboost|p1a: Incineroar|atk|1
|-unboost|p1b: Archaludon|atk|1
|move|p1a: Incineroar|Fake Out|p2b: Incineroar
|-damage|p2b: Incineroar|55/100
|move|p1b: Archaludon|Electro Shot||[still]
|-prepare|p1b: Archaludon|Electro Shot
|-boost|p1b: Archaludon|spa|1
|-anim|p1b: Archaludon|Electro Shot|p2a: Sinistcha
|-resisted|p2a: Sinistcha|1
|-damage|p2a: Sinistcha|58/100
|move|p2a: Sinistcha|Matcha Gotcha|p1a: Incineroar|[spread] p1a,p1b
|-resisted|p1a: Incineroar|1
|-resisted|p1b: Archaludon|2
|-damage|p1a: Incineroar|44/100
|-heal|p2a: Sinistcha|64/100|[from] drain|[of] p1a: Incineroar
|-damage|p1b: Archaludon|78/100 brn
|-heal|p2a: Sinistcha|66/100|[from] drain|[of] p1b: Archaludon
|-ability|p1b: Archaludon|Stamina|boost
|-boost|p1b: Archaludon|def|1
|
|-weather|RainDance|[upkeep]
|-heal|p1b: Archaludon|84/100 brn|[from] item: Leftovers
|-damage|p1b: Archaludon|78/100 brn|[from] brn
|-end|p2a: Sinistcha|Encore
|upkeep
|turn|5
|
|t:|1784765079
|move|p1a: Incineroar|Protect|p1a: Incineroar
|-singleturn|p1a: Incineroar|Protect
|move|p2a: Sinistcha|Rage Powder|p2a: Sinistcha
|-singleturn|p2a: Sinistcha|move: Rage Powder
|move|p1b: Archaludon|Electro Shot||[still]
|-prepare|p1b: Archaludon|Electro Shot
|-boost|p1b: Archaludon|spa|1
|-anim|p1b: Archaludon|Electro Shot|p2a: Sinistcha
|-resisted|p2a: Sinistcha|1
|-damage|p2a: Sinistcha|15/100
|move|p2b: Incineroar|Parting Shot|p1b: Archaludon
|-unboost|p1b: Archaludon|atk|1
|-unboost|p1b: Archaludon|spa|1
|
|t:|1784765088
|switch|p2b: Delphox|Delphox, L50, F|100/100|[from] Parting Shot
|
|-weather|none
|-heal|p1b: Archaludon|84/100 brn|[from] item: Leftovers
|-damage|p1b: Archaludon|78/100 brn|[from] brn
|upkeep
|turn|6
|
|t:|1784765099
|detailschange|p2b: Delphox|Delphox-Mega, L50, F
|-mega|p2b: Delphox|Delphox|Delphoxite
|move|p2a: Sinistcha|Rage Powder|p2a: Sinistcha
|-singleturn|p2a: Sinistcha|move: Rage Powder
|move|p2b: Delphox|Heat Wave|p1b: Archaludon|[spread] p1a,p1b
|-resisted|p1a: Incineroar|1
|-damage|p1a: Incineroar|29/100
|-damage|p1b: Archaludon|38/100 brn
|-ability|p1b: Archaludon|Stamina|boost
|-boost|p1b: Archaludon|def|1
|move|p1b: Archaludon|Dragon Pulse|p2a: Sinistcha
|-damage|p2a: Sinistcha|0 fnt
|faint|p2a: Sinistcha
|move|p1a: Incineroar|Parting Shot|p2b: Delphox
|-unboost|p2b: Delphox|atk|1
|-unboost|p2b: Delphox|spa|1
|
|t:|1784765109
|switch|p1a: Politoed|Politoed, L50, F|65/100|[from] Parting Shot
|-weather|RainDance|[from] ability: Drizzle|[of] p1a: Politoed
|
|-weather|RainDance|[upkeep]
|-heal|p1b: Archaludon|44/100 brn|[from] item: Leftovers
|-damage|p1b: Archaludon|38/100 brn|[from] brn
|upkeep
|
|t:|1784765115
|switch|p2a: Rotom|Rotom-Wash, L50|45/100
|turn|7
|
|t:|1784765128
|move|p2b: Delphox|Protect|p2b: Delphox
|-singleturn|p2b: Delphox|Protect
|move|p2a: Rotom|Thunderbolt|p1a: Politoed
|-supereffective|p1a: Politoed|1
|-damage|p1a: Politoed|9/100
|-status|p1a: Politoed|par
|-enditem|p1a: Politoed|Sitrus Berry|[eat]
|-heal|p1a: Politoed|34/100 par|[from] item: Sitrus Berry
|move|p1b: Archaludon|Electro Shot||[still]
|-prepare|p1b: Archaludon|Electro Shot
|-boost|p1b: Archaludon|spa|1
|-anim|p1b: Archaludon|Electro Shot|p2b: Delphox
|-activate|p2b: Delphox|move: Protect
|move|p1a: Politoed|Weather Ball|p2b: Delphox
|-activate|p2b: Delphox|move: Protect
|
|-weather|RainDance|[upkeep]
|-heal|p2a: Rotom|50/100g|[from] item: Leftovers
|-heal|p1b: Archaludon|44/100 brn|[from] item: Leftovers
|-damage|p1b: Archaludon|38/100 brn|[from] brn
|upkeep
|turn|8
|l|☆Adriatic Tides
|player|p2|
|j|☆Adriatic Tides
|player|p2|Adriatic Tides|leon|
|inactive|Battle timer is ON: inactive players will automatically lose when time's up. (requested by dondozo ate my son)
|
|t:|1784765177
|switch|p2b: Incineroar|Incineroar, L50, M|55/100
|-ability|p2b: Incineroar|Intimidate|boost
|-unboost|p1a: Politoed|atk|1
|-unboost|p1b: Archaludon|atk|1
|switch|p1a: Incineroar|Incineroar, L50, M|29/100
|-ability|p1a: Incineroar|Intimidate|boost
|-unboost|p2a: Rotom|atk|1
|-unboost|p2b: Incineroar|atk|1
|move|p2a: Rotom|Hydro Pump|p1b: Archaludon
|-resisted|p1b: Archaludon|1
|-damage|p1b: Archaludon|4/100 brn
|-ability|p1b: Archaludon|Stamina|boost
|-boost|p1b: Archaludon|def|1
|move|p1b: Archaludon|Electro Shot||[still]
|-prepare|p1b: Archaludon|Electro Shot
|-boost|p1b: Archaludon|spa|1
|-anim|p1b: Archaludon|Electro Shot|p2b: Incineroar
|-crit|p2b: Incineroar
|-damage|p2b: Incineroar|0 fnt
|faint|p2b: Incineroar
|
|-weather|RainDance|[upkeep]
|-heal|p2a: Rotom|56/100|[from] item: Leftovers
|-heal|p1b: Archaludon|10/100 brn|[from] item: Leftovers
|-damage|p1b: Archaludon|4/100 brn|[from] brn
|upkeep
|
|t:|1784765189
|switch|p2b: Delphox|Delphox-Mega, L50, F|100/100
|turn|9
|
|t:|1784765204
|move|p2b: Delphox|Protect|p2b: Delphox
|-singleturn|p2b: Delphox|Protect
|move|p2a: Rotom|Protect|p2a: Rotom
|-singleturn|p2a: Rotom|Protect
|move|p1a: Incineroar|Fake Out|p2b: Delphox
|-activate|p2b: Delphox|move: Protect
|move|p1b: Archaludon|Electro Shot||[still]
|-prepare|p1b: Archaludon|Electro Shot
|-boost|p1b: Archaludon|spa|1
|-anim|p1b: Archaludon|Electro Shot|p2a: Rotom
|-activate|p2a: Rotom|move: Protect
|
|-weather|RainDance|[upkeep]
|-heal|p2a: Rotom|62/100|[from] item: Leftovers
|-heal|p1b: Archaludon|10/100 brn|[from] item: Leftovers
|-damage|p1b: Archaludon|4/100 brn|[from] brn
|upkeep
|turn|10
|
|t:|1784765223
|move|p2b: Delphox|Heat Wave|p1b: Archaludon|[spread] p1a,p1b
|-resisted|p1a: Incineroar|1
|-crit|p1b: Archaludon
|-damage|p1a: Incineroar|22/100
|-damage|p1b: Archaludon|0 fnt
|faint|p1b: Archaludon
|move|p2a: Rotom|Thunderbolt|p1a: Incineroar
|-damage|p1a: Incineroar|0 fnt
|faint|p1a: Incineroar
|
|-weather|none
|-heal|p2a: Rotom|68/100|[from] item: Leftovers
|upkeep
|
|t:|1784765225
|switch|p1b: Politoed|Politoed, L50, F|34/100 par
|switch|p1a: Big Pert|Swampert, L50, F|100/100
|-weather|RainDance|[from] ability: Drizzle|[of] p1b: Politoed
|turn|11
|
|t:|1784765237
|detailschange|p1a: Big Pert|Swampert-Mega, L50, F
|-mega|p1a: Big Pert|Swampert|Swampertite
|move|p2b: Delphox|Protect|p2b: Delphox
|-singleturn|p2b: Delphox|Protect
|move|p1a: Big Pert|Wave Crash|p2a: Rotom
|-resisted|p2a: Rotom|1
|-damage|p2a: Rotom|3/100
|-damage|p1a: Big Pert|81/100|[from] Recoil
|move|p2a: Rotom|Thunderbolt|p1b: Politoed
|-supereffective|p1b: Politoed|1
|-damage|p1b: Politoed|0 fnt
|faint|p1b: Politoed
|
|-weather|RainDance|[upkeep]
|-heal|p2a: Rotom|8/100|[from] item: Leftovers
|upkeep
|turn|12
|
|t:|1784765250
|move|p1a: Big Pert|Wave Crash|p2b: Delphox
|-supereffective|p2b: Delphox|1
|-damage|p2b: Delphox|0 fnt
|faint|p2b: Delphox
|-damage|p1a: Big Pert|54/100|[from] Recoil
|move|p2a: Rotom|Hydro Pump|p1a: Big Pert
|-damage|p1a: Big Pert|0 fnt
|faint|p1a: Big Pert
|
|win|Adriatic Tides
||Adriatic Tides is ready for game 2.
|inactive|dondozo ate my son has 30 seconds to confirm battle start!
||dondozo ate my son is ready for game 2.
|uhtml|next|Next: Game 2 of 3
