|j|☆new mental
|j|☆12304b
|html|new mental12304b    
|uhtml|bestof|Game 2 of a best-of-3
|t:|1783335956
|gametype|doubles
|player|p1|new mental|volkner|1466
|player|p2|12304b|tuberf|1368
|gen|9
|tier|[Gen 9 Champions] VGC 2026 Reg M-B (Bo3)
|rated|
|rule|Species Clause: Limit one of each Pokémon
|rule|Item Clause: Limit 1 of each item
|clearpoke
|poke|p1|Aerodactyl, L50, M|
|poke|p1|Garchomp, L50, F|
|poke|p1|Kingambit, L50, M|
|poke|p1|Charizard, L50, F|
|poke|p1|Sylveon, L50, F|
|poke|p1|Farigiraf, L50, M|
|poke|p2|Venusaur, L50, F|
|poke|p2|Charizard, L50, M|
|poke|p2|Sylveon, L50, F|
|poke|p2|Incineroar, L50, F|
|poke|p2|Garchomp, L50, F|
|poke|p2|Farigiraf, L50, F|
|teampreview|4
|showteam|p1|Aerodactyl||Aerodactylite|Unnerve|IceFang,RockSlide,Tailwind,DualWingbeat|Jolly||M|||50|]Garchomp||LifeOrb|RoughSkin|DragonClaw,StompingTantrum,Earthquake,Protect|Jolly||F|||50|]Kingambit||FocusSash|Defiant|SuckerPunch,KowtowCleave,IronHead,LowKick|Adamant||M|||50|]Charizard||CharizarditeY|SolarPower|Protect,HeatWave,SolarBeam,WeatherBall|Timid||F|||50|]Sylveon||FairyFeather|Pixilate|Protect,HyperVoice,HyperBeam,QuickAttack|Modest||F|||50|]Farigiraf||SitrusBerry|ArmorTail|TrickRoom,Thunderbolt,Psychic,Roar|Bold||M|||50|
|showteam|p2|Venusaur||FocusSash|Chlorophyll|SludgeBomb,SleepPowder,LeafStorm,Protect|Modest||F|||50|]Charizard||CharizarditeY|Blaze|Protect,HeatWave,WeatherBall,SolarBeam|Modest||M|||50|]Sylveon||FairyFeather|Pixilate|HyperVoice,HyperBeam,QuickAttack,Detect|Modest||F|||50|]Incineroar||SitrusBerry|Intimidate|DarkestLariat,FlareBlitz,PartingShot,FakeOut|Careful||F|||50|]Garchomp||LifeOrb|RoughSkin|Earthquake,DragonClaw,RockSlide,Protect|Jolly||F|||50|]Farigiraf||ColburBerry|ArmorTail|Psychic,Thunderbolt,TrickRoom,Protect|Modest||F|||50|
|inactive|Battle timer is ON: inactive players will automatically lose when time's up. (requested by new mental)
|inactive|12304b has 60 seconds left.
|inactive|12304b has 30 seconds left.
|inactive|12304b has 20 seconds left.
|inactive|12304b has 15 seconds left.
|inactive|new mental has 30 seconds left.
|
|t:|1783336102
|teamsize|p1|4
|teamsize|p2|4
|start
|switch|p1a: Aerodactyl|Aerodactyl, L50, M|100/100
|switch|p1b: Charizard|Charizard, L50, F|100/100
|switch|p2a: Charizard|Charizard, L50, M|100/100
|switch|p2b: Venusaur|Venusaur, L50, F|100/100
|-ability|p1a: Aerodactyl|Unnerve
|turn|1
|inactive|12304b has 30 seconds left.
|
|t:|1783336129
|detailschange|p1a: Aerodactyl|Aerodactyl-Mega, L50, M
|-mega|p1a: Aerodactyl|Aerodactyl|Aerodactylite
|detailschange|p2a: Charizard|Charizard-Mega-Y, L50, M
|-mega|p2a: Charizard|Charizard|Charizardite Y
|-weather|SunnyDay|[from] ability: Drought|[of] p2a: Charizard
|move|p2b: Venusaur|Sleep Powder|p1a: Aerodactyl
|-status|p1a: Aerodactyl|slp|[from] move: Sleep Powder
|cant|p1a: Aerodactyl|slp
|move|p1b: Charizard|Heat Wave|p2a: Charizard|[spread] p2b
|-miss|p1b: Charizard|p2a: Charizard
|-supereffective|p2b: Venusaur|1
|-enditem|p2b: Venusaur|Focus Sash
|-damage|p2b: Venusaur|1/100
|move|p2a: Charizard|Weather Ball|p1a: Aerodactyl
|-resisted|p1a: Aerodactyl|1
|-damage|p1a: Aerodactyl|55/100 slp
|
|-weather|SunnyDay|[upkeep]
|-damage|p1b: Charizard|87/100|[from] ability: Solar Power|[of] p1b: Charizard
|upkeep
|turn|2
|
|t:|1783336141
|move|p2b: Venusaur|Leaf Storm|p1a: Aerodactyl
|-damage|p1a: Aerodactyl|0 fnt
|-unboost|p2b: Venusaur|spa|2
|faint|p1a: Aerodactyl
|move|p1b: Charizard|Heat Wave|p2a: Charizard|[spread] p2a
|-miss|p1b: Charizard|p2b: Venusaur
|-resisted|p2a: Charizard|1
|-damage|p2a: Charizard|74/100
|move|p2a: Charizard|Weather Ball|p1b: Charizard
|-resisted|p1b: Charizard|1
|-damage|p1b: Charizard|36/100
|
|-weather|SunnyDay|[upkeep]
|-damage|p1b: Charizard|24/100|[from] ability: Solar Power|[of] p1b: Charizard
|upkeep
|
|t:|1783336151
|switch|p1a: Farigiraf|Farigiraf, L50, M|100/100
|turn|3
|
|t:|1783336170
|move|p2b: Venusaur|Sleep Powder|p1b: Charizard
|-status|p1b: Charizard|slp|[from] move: Sleep Powder
|cant|p1b: Charizard|slp
|move|p2a: Charizard|Weather Ball|p1a: Farigiraf
|-damage|p1a: Farigiraf|9/100
|-enditem|p1a: Farigiraf|Sitrus Berry|[eat]
|-heal|p1a: Farigiraf|34/100|[from] item: Sitrus Berry
|move|p1a: Farigiraf|Trick Room|p1a: Farigiraf
|-fieldstart|move: Trick Room|[of] p1a: Farigiraf
|
|-weather|SunnyDay|[upkeep]
|-damage|p1b: Charizard|12/100 slp|[from] ability: Solar Power|[of] p1b: Charizard
|upkeep
|turn|4
|
|t:|1783336182
|move|p1a: Farigiraf|Thunderbolt|p2a: Charizard
|-supereffective|p2a: Charizard|1
|-damage|p2a: Charizard|29/100
|move|p2a: Charizard|Heat Wave|p1b: Charizard|[spread] p1a,p1b
|-resisted|p1b: Charizard|1
|-damage|p1a: Farigiraf|0 fnt
|-damage|p1b: Charizard|0 fnt
|faint|p1a: Farigiraf
|faint|p1b: Charizard
|move|p2b: Venusaur|Sludge Bomb|p1: Farigiraf|[notarget]
|-fail|p2b: Venusaur
|
|-weather|SunnyDay|[upkeep]
|upkeep
|
|t:|1783336188
|switch|p1b: Sylveon|Sylveon, L50, F|100/100
|turn|5
|inactive|12304b has 30 seconds left.
|inactive|12304b has 20 seconds left.
|inactive|12304b has 15 seconds left.
|inactive|12304b has 10 seconds left.
|inactive|12304b has 5 seconds left.
|
|t:|1783336238
|move|p2a: Charizard|Protect|p2a: Charizard
|-singleturn|p2a: Charizard|Protect
|move|p2b: Venusaur|Protect|p2b: Venusaur
|-singleturn|p2b: Venusaur|Protect
|move|p1b: Sylveon|Hyper Voice|p2a: Charizard|[spread] 
|-activate|p2a: Charizard|move: Protect
|-activate|p2b: Venusaur|move: Protect
|
|-weather|none
|upkeep
|turn|6
|
|t:|1783336242
|switch|p2a: Incineroar|Incineroar, L50, F|100/100
|-ability|p2a: Incineroar|Intimidate|boost
|-unboost|p1b: Sylveon|atk|1
|move|p1b: Sylveon|Hyper Voice|p2b: Venusaur|[spread] p2a,p2b
|-resisted|p2b: Venusaur|1
|-damage|p2a: Incineroar|64/100
|-damage|p2b: Venusaur|0 fnt
|faint|p2b: Venusaur
|
|upkeep
|
|t:|1783336245
|switch|p2b: Charizard|Charizard-Mega-Y, L50, M|29/100
|-weather|SunnyDay|[from] ability: Drought|[of] p2b: Charizard
|turn|7
|
|t:|1783336254
|move|p2a: Incineroar|Fake Out|p1b: Sylveon
|-damage|p1b: Sylveon|88/100
|cant|p1b: Sylveon|flinch
|move|p2b: Charizard|Weather Ball|p1b: Sylveon
|-damage|p1b: Sylveon|10/100
|
|-weather|SunnyDay|[upkeep]
|-fieldend|move: Trick Room
|upkeep
|turn|8
|
|t:|1783336267
|move|p2b: Charizard|Weather Ball|p1b: Sylveon
|-damage|p1b: Sylveon|0 fnt
|faint|p1b: Sylveon
|
|win|12304b
|raw|new mental's rating: 1466 → 1442(-24 for losing)
|raw|12304b's rating: 1404 → 1428(+24 for winning)
|l|☆12304b
|player|p2|
