|j|☆testingqueen001
|j|☆RagCheese
|html|testingqueen001RagCheese    
|uhtml|bestof|Game 3 of a best-of-3
|t:|1784971285
|gametype|doubles
|player|p1|testingqueen001|265|1222
|player|p2|RagCheese|bellelba|1143
|gen|9
|tier|[Gen 9 Champions] VGC 2026 Reg M-B (Bo3)
|rated|
|rule|Species Clause: Limit one of each Pokémon
|rule|Item Clause: Limit 1 of each item
|clearpoke
|poke|p1|Floette-Eternal, L50, F|
|poke|p1|Garchomp, L50, M|
|poke|p1|Sinistcha, L50|
|poke|p1|Sneasler, L50, F|
|poke|p1|Kingambit, L50, F|
|poke|p1|Incineroar, L50, F|
|poke|p2|Raichu, L50, M|
|poke|p2|Pelipper, L50, M|
|poke|p2|Garchomp, L50, F|
|poke|p2|Archaludon, L50, M|
|poke|p2|Orthworm, L50, M|
|poke|p2|Slowbro, L50, M|
|teampreview|4
|showteam|p1|Floette-Eternal||Floettite|FlowerVeil|DazzlingGleam,DrainingKiss,CalmMind,Protect|Timid||F|||50|]Garchomp||Garchompite|SandVeil|StompingTantrum,ScaleShot,RockSlide,Protect|Adamant||M|||50|]Sinistcha||Leftovers|Hospitality|MatchaGotcha,RagePowder,LifeDew,Protect|Calm|||||50|]Sneasler||MentalHerb|Unburden|FakeOut,Coaching,DireClaw,CloseCombat|Jolly||F|||50|]Kingambit||LifeOrb|Defiant|IronHead,SuckerPunch,KowtowCleave,Protect|Adamant||F|||50|]Incineroar||SitrusBerry|Intimidate|ThroatChop,FlareBlitz,FakeOut,PartingShot|Careful||F|||50|
|showteam|p2|Raichu||RaichuniteX|LightningRod|Protect,FakeOut,Encore,RisingVoltage|Modest||M|||50|]Pelipper||FocusSash|Drizzle|Hurricane,WeatherBall,Tailwind,WideGuard|Modest||M|||50|]Garchomp||ChoiceScarf|RoughSkin|Earthquake,StompingTantrum,DragonClaw,RockSlide|Adamant||F|||50|]Archaludon||LifeOrb|Stamina|DracoMeteor,ElectroShot,FlashCannon,Protect|Modest||M|||50|]Orthworm||SitrusBerry|EarthEater|ShedTail,HelpingHand,BodyPress,IronHead|Adamant||M|||50|]Slowbro||Slowbronite|Regenerator|MuddyWater,Yawn,TrickRoom,Protect|Quiet||M|||50|
|inactive|Battle timer is ON: inactive players will automatically lose when time's up. (requested by testingqueen001)
|
|t:|1784971312
|teamsize|p1|4
|teamsize|p2|4
|start
|switch|p1a: Incineroar|Incineroar, L50, F|100/100
|switch|p1b: Floette|Floette-Eternal, L50, F|100/100
|switch|p2a: Slowbro|Slowbro, L50, M|100/100
|switch|p2b: Pelipper|Pelipper, L50, M|100/100
|-weather|RainDance|[from] ability: Drizzle|[of] p2b: Pelipper
|-ability|p1a: Incineroar|Intimidate|boost
|-unboost|p2a: Slowbro|atk|1
|-unboost|p2b: Pelipper|atk|1
|turn|1
|inactive|RagCheese has 30 seconds left.
|
|t:|1784971340
|detailschange|p1b: Floette|Floette-Mega, L50, F
|-mega|p1b: Floette|Floette|Floettite
|-ability|p1b: Floette|Fairy Aura
|detailschange|p2a: Slowbro|Slowbro-Mega, L50, M
|-mega|p2a: Slowbro|Slowbro|Slowbronite
|move|p1a: Incineroar|Fake Out|p2a: Slowbro
|-damage|p2a: Slowbro|93/100
|move|p1b: Floette|Calm Mind|p1b: Floette
|-boost|p1b: Floette|spa|1
|-boost|p1b: Floette|spd|1
|move|p2b: Pelipper|Weather Ball|p1a: Incineroar
|-supereffective|p1a: Incineroar|1
|-damage|p1a: Incineroar|4/100
|-enditem|p1a: Incineroar|Sitrus Berry|[eat]
|-heal|p1a: Incineroar|29/100|[from] item: Sitrus Berry
|cant|p2a: Slowbro|flinch
|
|-weather|RainDance|[upkeep]
|upkeep
|turn|2
|
|t:|1784971363
|switch|p1a: Kingambit|Kingambit, L50, F|100/100
|move|p1b: Floette|Calm Mind|p1b: Floette
|-boost|p1b: Floette|spa|1
|-boost|p1b: Floette|spd|1
|move|p2b: Pelipper|Weather Ball|p1a: Kingambit
|-damage|p1a: Kingambit|36/100
|move|p2a: Slowbro|Trick Room|p2a: Slowbro
|-fieldstart|move: Trick Room|[of] p2a: Slowbro
|
|-weather|RainDance|[upkeep]
|upkeep
|turn|3
|
|t:|1784971387
|move|p2a: Slowbro|Muddy Water|p1a: Kingambit|[spread] p1a,p1b
|-damage|p1a: Kingambit|0 fnt
|-damage|p1b: Floette|81/100
|faint|p1a: Kingambit
|move|p2b: Pelipper|Weather Ball|p1b: Floette
|-damage|p1b: Floette|57/100
|move|p1b: Floette|Calm Mind|p1b: Floette
|-boost|p1b: Floette|spa|1
|-boost|p1b: Floette|spd|1
|
|-weather|RainDance|[upkeep]
|upkeep
|
|t:|1784971391
|switch|p1a: Sinistcha|Sinistcha, L50|100/100
|-heal|p1b: Floette|82/100|[from] ability: Hospitality|[of] p1a: Sinistcha
|turn|4
|
|t:|1784971401
|move|p1a: Sinistcha|Protect|p1a: Sinistcha
|-singleturn|p1a: Sinistcha|Protect
|move|p2a: Slowbro|Muddy Water|p1a: Sinistcha|[spread] p1b
|-activate|p1a: Sinistcha|move: Protect
|-damage|p1b: Floette|65/100
|move|p2b: Pelipper|Hurricane|p1a: Sinistcha
|-activate|p1a: Sinistcha|move: Protect
|move|p1b: Floette|Dazzling Gleam|p2b: Pelipper|[spread] p2a,p2b
|-damage|p2a: Slowbro|12/100
|-enditem|p2b: Pelipper|Focus Sash
|-damage|p2b: Pelipper|1/100
|
|-weather|RainDance|[upkeep]
|upkeep
|turn|5
|
|t:|1784971418
|switch|p1a: Incineroar|Incineroar, L50, F|29/100
|-ability|p1a: Incineroar|Intimidate|boost
|-unboost|p2a: Slowbro|atk|1
|-unboost|p2b: Pelipper|atk|1
|move|p2a: Slowbro|Muddy Water|p1b: Floette|[spread] p1a
|-miss|p2a: Slowbro|p1b: Floette
|-supereffective|p1a: Incineroar|1
|-damage|p1a: Incineroar|0 fnt
|faint|p1a: Incineroar
|move|p2b: Pelipper|Weather Ball|p1b: Floette
|-damage|p1b: Floette|46/100
|move|p1b: Floette|Dazzling Gleam|p2a: Slowbro|[spread] p2a,p2b
|-damage|p2a: Slowbro|0 fnt
|-damage|p2b: Pelipper|0 fnt
|faint|p2a: Slowbro
|faint|p2b: Pelipper
|
|-weather|none
|upkeep
|
|t:|1784971432
|switch|p2a: Garchomp|Garchomp, L50, F|100/100
|switch|p1a: Sinistcha|Sinistcha, L50|100/100
|switch|p2b: Archaludon|Archaludon, L50, M|100/100
|-heal|p1b: Floette|70/100|[from] ability: Hospitality|[of] p1a: Sinistcha
|turn|6
|
|t:|1784971450
|move|p1a: Sinistcha|Rage Powder|p1a: Sinistcha
|-singleturn|p1a: Sinistcha|move: Rage Powder
|move|p2b: Archaludon|Flash Cannon|p1a: Sinistcha
|-damage|p1a: Sinistcha|48/100
|-damage|p2b: Archaludon|90/100|[from] item: Life Orb
|move|p1b: Floette|Dazzling Gleam|p2b: Archaludon|[spread] p2a,p2b
|-supereffective|p2a: Garchomp|1
|-damage|p2a: Garchomp|0 fnt
|-damage|p2b: Archaludon|0 fnt
|faint|p2a: Garchomp
|faint|p2b: Archaludon
|
|win|testingqueen001
|raw|testingqueen001's rating: 1222 → 1241(+19 for winning)
|raw|RagCheese's rating: 1143 → 1124(-19 for losing)
|l|☆RagCheese
|player|p2|
