|j|☆Prepucio Santos
|j|☆The Yegorushhka
|html|Prepucio SantosThe Yegorushhka    
|uhtml|bestof|Game 1 of a best-of-3
|t:|1784458125
|gametype|doubles
|player|p1|Prepucio Santos|striker|1237
|player|p2|The Yegorushhka|may-masters2|1293
|gen|9
|tier|[Gen 9 Champions] VGC 2026 Reg M-B (Bo3)
|rated|
|rule|Species Clause: Limit one of each Pokémon
|rule|Item Clause: Limit 1 of each item
|clearpoke
|poke|p1|Incineroar, L50, M|
|poke|p1|Sinistcha-Masterpiece, L50, shiny|
|poke|p1|Floette-Eternal, L50, F|
|poke|p1|Sneasler, L50, M|
|poke|p1|Kingambit, L50, F|
|poke|p1|Dragonite, L50, M|
|poke|p2|Kingambit, L50, M|
|poke|p2|Whimsicott, L50, M|
|poke|p2|Basculegion, L50, M|
|poke|p2|Garchomp, L50, F|
|poke|p2|Charizard, L50, M|
|poke|p2|Floette-Eternal, L50, F|
|teampreview|4
|showteam|p1|Incineroar||SitrusBerry|Intimidate|FakeOut,PartingShot,ThroatChop,FlareBlitz|Careful||M|||50|]Sinistcha-Masterpiece||Leftovers|Hospitality|MatchaGotcha,TrickRoom,RagePowder,Protect|Bold|||||50|]Floette-Eternal||Floettite|FlowerVeil|Moonblast,DazzlingGleam,CalmMind,Protect|Modest||F|||50|]Sneasler||FocusSash|PoisonTouch|FakeOut,CloseCombat,DireClaw,Coaching|Jolly||M|||50|]Kingambit||ChopleBerry|Defiant|KowtowCleave,SuckerPunch,SwordsDance,Protect|Adamant||F|||50|]Dragonite||LumBerry|Multiscale|ExtremeSpeed,DragonClaw,FirePunch,Protect|Adamant||M|||50|
|showteam|p2|Kingambit||BlackGlasses|Defiant|KowtowCleave,SuckerPunch,IronHead,Protect|Adamant||M|||50|]Whimsicott||FocusSash|Prankster|Moonblast,Tailwind,Encore,Protect|Timid||M|||50|]Basculegion||MysticWater|Adaptability|WaveCrash,LastRespects,AquaJet,Protect|Adamant||M|||50|]Garchomp||LifeOrb|RoughSkin|DragonClaw,RockSlide,Earthquake,Protect|Jolly||F|||50|]Charizard||CharizarditeY|Blaze|WeatherBall,HeatWave,SolarBeam,Protect|Modest||M|||50|]Floette-Eternal||Floettite|FlowerVeil|Moonblast,DazzlingGleam,LightofRuin,Protect|Modest||F|||50|
|inactive|Battle timer is ON: inactive players will automatically lose when time's up. (requested by The Yegorushhka)
|inactive|Prepucio Santos has 60 seconds left.
|inactive|Prepucio Santos has 30 seconds left.
|inactive|Prepucio Santos has 20 seconds left.
|inactive|Prepucio Santos has 15 seconds left.
|inactive|Prepucio Santos has 10 seconds left.
|
|t:|1784458209
|teamsize|p1|4
|teamsize|p2|4
|start
|switch|p1a: Sneasler|Sneasler, L50, M|100/100
|switch|p1b: Dragonite|Dragonite, L50, M|100/100
|switch|p2a: Floette|Floette-Eternal, L50, F|100/100
|switch|p2b: Whimsicott|Whimsicott, L50, M|100/100
|turn|1
|
|t:|1784458223
|move|p2b: Whimsicott|Protect|p2b: Whimsicott
|-singleturn|p2b: Whimsicott|Protect
|move|p2a: Floette|Protect|p2a: Floette
|-singleturn|p2a: Floette|Protect
|move|p1b: Dragonite|Extreme Speed|p2a: Floette
|-activate|p2a: Floette|move: Protect
|move|p1a: Sneasler|Dire Claw|p2a: Floette
|-activate|p2a: Floette|move: Protect
|
|upkeep
|turn|2
|
|t:|1784458237
|switch|p2a: Basculegion|Basculegion, L50, M|100/100
|move|p1b: Dragonite|Extreme Speed|p2a: Basculegion
|-immune|p2a: Basculegion
|move|p2b: Whimsicott|Tailwind|p2b: Whimsicott
|-sidestart|p2: The Yegorushhka|move: Tailwind
|move|p1a: Sneasler|Dire Claw|p2a: Basculegion
|-resisted|p2a: Basculegion|1
|-damage|p2a: Basculegion|76/100
|-status|p2a: Basculegion|psn|[from] ability: Poison Touch|[of] p1a: Sneasler
|
|-damage|p2a: Basculegion|64/100 psn|[from] psn
|upkeep
|turn|3
|
|t:|1784458257
|move|p1b: Dragonite|Extreme Speed|p2b: Whimsicott
|-damage|p2b: Whimsicott|51/100
|move|p2b: Whimsicott|Moonblast|p1a: Sneasler
|-damage|p1a: Sneasler|51/100
|move|p2a: Basculegion|Wave Crash|p1a: Sneasler
|-damage|p1a: Sneasler|0 fnt
|faint|p1a: Sneasler
|-damage|p2a: Basculegion|51/100 psn|[from] Recoil
|
|-damage|p2a: Basculegion|39/100 psn|[from] psn
|upkeep
|
|t:|1784458272
|switch|p1a: Floette|Floette-Eternal, L50, F|100/100
|turn|4
|
|t:|1784458284
|detailschange|p1a: Floette|Floette-Mega, L50, F
|-mega|p1a: Floette|Floette|Floettite
|-ability|p1a: Floette|Fairy Aura
|move|p2b: Whimsicott|Protect|p2b: Whimsicott
|-singleturn|p2b: Whimsicott|Protect
|move|p1b: Dragonite|Protect|p1b: Dragonite
|-singleturn|p1b: Dragonite|Protect
|move|p2a: Basculegion|Wave Crash|p1a: Floette
|-crit|p1a: Floette
|-damage|p1a: Floette|0 fnt
|faint|p1a: Floette
|-damage|p2a: Basculegion|10/100 psn|[from] Recoil
|
|-damage|p2a: Basculegion|0 fnt|[from] psn
|faint|p2a: Basculegion
|upkeep
|j| ilikecsr
|
|t:|1784458298
|switch|p1a: Incineroar|Incineroar, L50, M|100/100
|switch|p2a: Floette|Floette-Eternal, L50, F|100/100
|-ability|p1a: Incineroar|Intimidate|boost
|-unboost|p2a: Floette|atk|1
|-block|p2b: Whimsicott|ability: Flower Veil|[of] p2a: Floette
|turn|5
|
|t:|1784458313
|detailschange|p2a: Floette|Floette-Mega, L50, F
|-mega|p2a: Floette|Floette|Floettite
|-ability|p2a: Floette|Fairy Aura
|move|p1a: Incineroar|Fake Out|p2a: Floette
|-damage|p2a: Floette|86/100
|move|p2b: Whimsicott|Encore|p1b: Dragonite
|-start|p1b: Dragonite|Encore
|move|p1b: Dragonite|Protect|p1b: Dragonite
|-singleturn|p1b: Dragonite|Protect
|cant|p2a: Floette|flinch
|
|-sideend|p2: The Yegorushhka|move: Tailwind
|upkeep
|turn|6
|-message|Prepucio Santos forfeited.
|
|win|The Yegorushhka
||Prepucio Santos is ready for game 2.
||The Yegorushhka is ready for game 2.
|uhtml|next|Next: Game 2 of 3
|l|☆The Yegorushhka
|player|p2|
