|j|☆helpimbadatthislol
|j|☆Butternut_Cream
|html|helpimbadatthislolButternut_Cream    
|uhtml|bestof|Game 3 of a best-of-3
|t:|1784072544
|gametype|doubles
|player|p1|helpimbadatthislol|rosa|1096
|player|p2|Butternut_Cream|lorelei-gen3|1000
|gen|9
|tier|[Gen 9 Champions] VGC 2026 Reg M-B (Bo3)
|rated|
|rule|Species Clause: Limit one of each Pokémon
|rule|Item Clause: Limit 1 of each item
|clearpoke
|poke|p1|Raichu, L50, M|
|poke|p1|Scizor, L50, M|
|poke|p1|Rotom-Wash, L50|
|poke|p1|Heliolisk, L50, M|
|poke|p1|Dedenne, L50, M|
|poke|p1|Dragonite, L50, F|
|poke|p2|Charizard, L50, M|
|poke|p2|Abomasnow, L50, M|
|poke|p2|Sneasler, L50, M|
|poke|p2|Aerodactyl, L50, M|
|poke|p2|Malamar, L50, M|
|poke|p2|Tauros-Paldea-Aqua, L50, M|
|teampreview|4
|showteam|p1|Raichu||RaichuniteY|LightningRod|ZapCannon,FakeOut,AlluringVoice,FocusBlast|Timid||M|||50|]Scizor||LifeOrb|Technician|BulletPunch,Uturn,CloseCombat,Protect|Adamant||M|||50|]Rotom-Wash||SitrusBerry|Levitate|HydroPump,Discharge,WillOWisp,VoltSwitch|Modest|||||50|]Heliolisk||ExpertBelt|SolarPower|Discharge,Glare,WeatherBall,HyperVoice|Modest||M|||50|]Dedenne||FocusSash|Pickup|Nuzzle,SuperFang,SunnyDay,Thunderbolt|Hasty||M|||50|]Dragonite||ChestoBerry|Multiscale|Rest,DragonClaw,ExtremeSpeed,Tailwind|Adamant||F|||50|
|showteam|p2|Charizard||CharizarditeY|Blaze|HeatWave,SolarBeam,Overheat,Protect|Timid||M|||50|]Abomasnow||Abomasite|SnowWarning|LeafStorm,Blizzard,IceShard,Protect|Modest||M|||50|]Sneasler||WhiteHerb|Unburden|FakeOut,CloseCombat,DireClaw,Protect|Jolly||M|||50|]Aerodactyl||FocusSash|Unnerve|RockSlide,DualWingbeat,WideGuard,Tailwind|Jolly||M|||50|]Malamar||ChoiceScarf|Contrary|Superpower,SkillSwap,DestinyBond,TopsyTurvy|Jolly||M|||50|]Tauros-Paldea-Aqua||SitrusBerry|Intimidate|WaveCrash,AquaJet,CloseCombat,Protect|Adamant||M|||50|
|
|t:|1784072592
|teamsize|p1|4
|teamsize|p2|4
|start
|switch|p1a: Scizor|Scizor, L50, M|100/100
|switch|p1b: Rotom|Rotom-Wash, L50|100/100
|switch|p2a: Abomasnow|Abomasnow, L50, M|100/100
|switch|p2b: Malamar|Malamar, L50, M|100/100
|-weather|Snowscape|[from] ability: Snow Warning|[of] p2a: Abomasnow
|turn|1
|
|t:|1784072606
|detailschange|p2a: Abomasnow|Abomasnow-Mega, L50, M
|-mega|p2a: Abomasnow|Abomasnow|Abomasite
|move|p2b: Malamar|Skill Swap|p2a: Abomasnow
|-activate|p2b: Malamar|Skill Swap|||[of] p2a: Abomasnow
|move|p1b: Rotom|Will-O-Wisp|p2b: Malamar
|-status|p2b: Malamar|brn
|move|p1a: Scizor|U-turn|p2a: Abomasnow
|-supereffective|p2a: Abomasnow|1
|-damage|p2a: Abomasnow|38/100
|-damage|p1a: Scizor|90/100|[from] item: Life Orb
|
|t:|1784072613
|switch|p1a: Dragonite|Dragonite, L50, F|100/100|[from] U-turn
|move|p2a: Abomasnow|Leaf Storm|p1b: Rotom
|-supereffective|p1b: Rotom|1
|-damage|p1b: Rotom|0 fnt
|-boost|p2a: Abomasnow|spa|2
|faint|p1b: Rotom
|
|-weather|Snowscape|[upkeep]
|-damage|p2b: Malamar|93/100 brn|[from] brn
|upkeep
|
|t:|1784072618
|switch|p1b: Scizor|Scizor, L50, M|90/100
|turn|2
|
|t:|1784072631
|switch|p2b: Sneasler|Sneasler, L50, M|100/100
|move|p2a: Abomasnow|Protect|p2a: Abomasnow
|-singleturn|p2a: Abomasnow|Protect
|move|p1b: Scizor|Bullet Punch|p2a: Abomasnow
|-activate|p2a: Abomasnow|move: Protect
|move|p1a: Dragonite|Dragon Claw|p2b: Sneasler
|-damage|p2b: Sneasler|21/100
|
|-weather|Snowscape|[upkeep]
|upkeep
|turn|3
|
|t:|1784072645
|move|p2b: Sneasler|Fake Out|p1b: Scizor
|-resisted|p1b: Scizor|1
|-damage|p1b: Scizor|83/100
|move|p1a: Dragonite|Extreme Speed|p2b: Sneasler
|-damage|p2b: Sneasler|0 fnt
|faint|p2b: Sneasler
|cant|p1b: Scizor|flinch
|move|p2a: Abomasnow|Ice Shard|p1a: Dragonite
|-supereffective|p1a: Dragonite|2
|-damage|p1a: Dragonite|67/100
|
|-weather|Snowscape|[upkeep]
|upkeep
|
|t:|1784072655
|switch|p2b: Aerodactyl|Aerodactyl, L50, M|100/100
|-ability|p2b: Aerodactyl|Unnerve
|turn|4
|
|t:|1784072670
|move|p1b: Scizor|Bullet Punch|p2a: Abomasnow
|-supereffective|p2a: Abomasnow|1
|-damage|p2a: Abomasnow|0 fnt
|faint|p2a: Abomasnow
|-damage|p1b: Scizor|74/100|[from] item: Life Orb
|move|p2b: Aerodactyl|Tailwind|p2b: Aerodactyl
|-sidestart|p2: Butternut_Cream|move: Tailwind
|move|p1a: Dragonite|Dragon Claw|p2b: Aerodactyl
|-damage|p2b: Aerodactyl|24/100
|
|-weather|Snowscape|[upkeep]
|upkeep
|
|t:|1784072675
|switch|p2a: Malamar|Malamar, L50, M|93/100 brn
|turn|5
|
|t:|1784072703
|move|p1a: Dragonite|Extreme Speed|p2b: Aerodactyl
|-resisted|p2b: Aerodactyl|1
|-damage|p2b: Aerodactyl|1/100
|move|p2a: Malamar|Superpower|p1b: Scizor
|-damage|p1b: Scizor|58/100
|-boost|p2a: Malamar|atk|1
|-boost|p2a: Malamar|def|1
|move|p2b: Aerodactyl|Rock Slide|p1b: Scizor|[spread] p1a
|-miss|p2b: Aerodactyl|p1b: Scizor
|-supereffective|p1a: Dragonite|1
|-damage|p1a: Dragonite|17/100
|move|p1b: Scizor|U-turn|p2a: Malamar
|-supereffective|p2a: Malamar|2
|-damage|p2a: Malamar|0 fnt
|faint|p2a: Malamar
|-damage|p1b: Scizor|48/100|[from] item: Life Orb
|
|t:|1784072708
|switch|p1b: Raichu|Raichu, L50, M|100/100|[from] U-turn
|
|-weather|none
|upkeep
|turn|6
|-message|Butternut_Cream forfeited.
|
|win|helpimbadatthislol
|raw|helpimbadatthislol's rating: 1096 → 1115(+19 for winning)
|raw|Butternut_Cream's rating: 1000 → 1000(+0 for losing)
