|j|☆Arhanjunior
|j|☆daikyh
|html|Arhanjuniordaikyh    
|uhtml|bestof|Game 2 of a best-of-3
|t:|1782620238
|gametype|doubles
|player|p1|Arhanjunior|2|1069
|player|p2|daikyh|170|1000
|gen|9
|tier|[Gen 9 Champions] VGC 2026 Reg M-B (Bo3)
|rated|
|rule|Species Clause: Limit one of each Pokémon
|rule|Item Clause: Limit 1 of each item
|clearpoke
|poke|p1|Swampert, L50, F|
|poke|p1|Pelipper, L50, F|
|poke|p1|Archaludon, L50, M|
|poke|p1|Sinistcha, L50|
|poke|p1|Maushold-Four, L50|
|poke|p1|Gholdengo, L50|
|poke|p2|Mawile, L50, F|
|poke|p2|Pelipper, L50, M|
|poke|p2|Archaludon, L50, M|
|poke|p2|Dragonite, L50, M|
|poke|p2|Basculegion, L50, M|
|poke|p2|Maushold-Four, L50|
|teampreview|4
|showteam|p1|Swampert||Swampertite|Damp|HighHorsepower,WaveCrash,IcePunch,Protect|Adamant||F|||50|]Pelipper||SitrusBerry|Drizzle|Hurricane,WeatherBall,Tailwind,WideGuard|Modest||F|||50|]Archaludon||Leftovers|Stamina|DragonPulse,ElectroShot,AuraSphere,FlashCannon|Modest||M|||50|]Sinistcha||KasibBerry|Hospitality|MatchaGotcha,TrickRoom,RagePowder,LifeDew|Bold|||||50|]Maushold-Four||FocusSash|FriendGuard|SuperFang,FollowMe,RainDance,Protect|Timid|||||50|]Gholdengo||LifeOrb|GoodasGold|MakeItRain,ShadowBall,NastyPlot,Protect|Modest|||||50|
|showteam|p2|Mawile||Mawilite|HyperCutter|Protect,SuckerPunch,PlayRough,IronHead|Adamant||F|||50|]Pelipper||FocusSash|Drizzle|WeatherBall,Hurricane,Tailwind,Protect|Modest||M|||50|]Archaludon||Leftovers|Stamina|Protect,DragonPulse,ElectroShot,FlashCannon|Modest||M|||50|]Dragonite||Dragoninite|Multiscale|Protect,WeatherBall,DragonPulse,Hurricane|Modest||M|||50|]Basculegion||ChoiceScarf|SwiftSwim|LastRespects,WaveCrash,AquaJet,FlipTurn|Jolly||M|||50|]Maushold-Four||WideLens|FriendGuard|Protect,RainDance,FollowMe,PopulationBomb|Jolly|||||50|
|
|t:|1782620268
|teamsize|p1|4
|teamsize|p2|4
|start
|switch|p1a: Swampert|Swampert, L50, F|100/100
|switch|p1b: Maushold|Maushold-Four, L50|100/100
|switch|p2a: Dragonite|Dragonite, L50, M|100/100
|switch|p2b: Archaludon|Archaludon, L50, M|100/100
|turn|1
|inactive|Battle timer is ON: inactive players will automatically lose when time's up. (requested by Arhanjunior)
|
|t:|1782620299
|switch|p2a: Basculegion|Basculegion, L50, M|100/100
|detailschange|p1a: Swampert|Swampert-Mega, L50, F
|-mega|p1a: Swampert|Swampert|Swampertite
|move|p2b: Archaludon|Protect|p2b: Archaludon
|-singleturn|p2b: Archaludon|Protect
|move|p1b: Maushold|Super Fang|p2b: Archaludon
|-activate|p2b: Archaludon|move: Protect
|move|p1a: Swampert|High Horsepower|p2b: Archaludon
|-activate|p2b: Archaludon|move: Protect
|
|upkeep
|turn|2
|
|t:|1782620316
|switch|p2b: Pelipper|Pelipper, L50, M|100/100
|-weather|RainDance|[from] ability: Drizzle|[of] p2b: Pelipper
|move|p2a: Basculegion|Wave Crash|p1a: Swampert
|-damage|p1a: Swampert|44/100
|-damage|p2a: Basculegion|83/100|[from] Recoil
|move|p1a: Swampert|High Horsepower|p2b: Pelipper
|-immune|p2b: Pelipper
|move|p1b: Maushold|Super Fang|p2b: Pelipper
|-damage|p2b: Pelipper|50/100g
|
|-weather|RainDance|[upkeep]
|upkeep
|turn|3
|
|t:|1782620340
|move|p1b: Maushold|Follow Me|p1b: Maushold
|-singleturn|p1b: Maushold|move: Follow Me
|move|p2a: Basculegion|Wave Crash|p1b: Maushold
|-enditem|p1b: Maushold|Focus Sash
|-damage|p1b: Maushold|1/100
|-damage|p2a: Basculegion|52/100|[from] Recoil
|move|p1a: Swampert|High Horsepower|p2a: Basculegion
|-crit|p2a: Basculegion
|-damage|p2a: Basculegion|0 fnt
|faint|p2a: Basculegion
|move|p2b: Pelipper|Tailwind|p2b: Pelipper
|-sidestart|p2: daikyh|move: Tailwind
|
|-weather|RainDance|[upkeep]
|upkeep
|
|t:|1782620363
|switch|p2a: Archaludon|Archaludon, L50, M|100/100
|turn|4
|
|t:|1782620386
|move|p2a: Archaludon|Protect|p2a: Archaludon
|-singleturn|p2a: Archaludon|Protect
|move|p1a: Swampert|High Horsepower|p2a: Archaludon
|-activate|p2a: Archaludon|move: Protect
|move|p2b: Pelipper|Weather Ball|p1a: Swampert
|-damage|p1a: Swampert|0 fnt
|faint|p1a: Swampert
|move|p1b: Maushold|Super Fang|p2a: Archaludon
|-activate|p2a: Archaludon|move: Protect
|
|-weather|RainDance|[upkeep]
|upkeep
|
|t:|1782620391
|switch|p1a: Archaludon|Archaludon, L50, M|100/100
|turn|5
|inactive|daikyh has 30 seconds left.
|
|t:|1782620417
|move|p2b: Pelipper|Protect|p2b: Pelipper
|-singleturn|p2b: Pelipper|Protect
|move|p2a: Archaludon|Electro Shot||[still]
|-prepare|p2a: Archaludon|Electro Shot
|-boost|p2a: Archaludon|spa|1
|-anim|p2a: Archaludon|Electro Shot|p1a: Archaludon
|-resisted|p1a: Archaludon|1
|-damage|p1a: Archaludon|76/100
|-ability|p1a: Archaludon|Stamina|boost
|-boost|p1a: Archaludon|def|1
|move|p1b: Maushold|Super Fang|p2a: Archaludon|[miss]
|-miss|p1b: Maushold|p2a: Archaludon
|move|p1a: Archaludon|Aura Sphere|p2a: Archaludon
|-supereffective|p2a: Archaludon|1
|-damage|p2a: Archaludon|50/100g
|-ability|p2a: Archaludon|Stamina|boost
|-boost|p2a: Archaludon|def|1
|
|-weather|RainDance|[upkeep]
|-heal|p2a: Archaludon|56/100|[from] item: Leftovers
|-heal|p1a: Archaludon|82/100|[from] item: Leftovers
|upkeep
|turn|6
|inactive|Arhanjunior has 30 seconds left.
|inactive|daikyh has 30 seconds left.
|
|t:|1782620443
|move|p1b: Maushold|Follow Me|p1b: Maushold
|-singleturn|p1b: Maushold|move: Follow Me
|move|p2b: Pelipper|Hurricane|p1b: Maushold
|-damage|p1b: Maushold|0 fnt
|faint|p1b: Maushold
|move|p2a: Archaludon|Dragon Pulse|p1a: Archaludon
|-damage|p1a: Archaludon|27/100
|-ability|p1a: Archaludon|Stamina|boost
|-boost|p1a: Archaludon|def|1
|move|p1a: Archaludon|Aura Sphere|p2a: Archaludon
|-supereffective|p2a: Archaludon|1
|-damage|p2a: Archaludon|6/100
|-ability|p2a: Archaludon|Stamina|boost
|-boost|p2a: Archaludon|def|1
|
|-weather|none
|-heal|p2a: Archaludon|12/100|[from] item: Leftovers
|-heal|p1a: Archaludon|33/100|[from] item: Leftovers
|-sideend|p2: daikyh|move: Tailwind
|upkeep
|
|t:|1782620453
|switch|p1b: Sinistcha|Sinistcha, L50|100/100
|-heal|p1a: Archaludon|58/100|[from] ability: Hospitality|[of] p1b: Sinistcha
|turn|7
|
|t:|1782620473
|move|p2a: Archaludon|Protect|p2a: Archaludon
|-singleturn|p2a: Archaludon|Protect
|move|p1b: Sinistcha|Rage Powder|p1b: Sinistcha
|-singleturn|p1b: Sinistcha|move: Rage Powder
|move|p2b: Pelipper|Hurricane|p1b: Sinistcha
|-supereffective|p1b: Sinistcha|1
|-damage|p1b: Sinistcha|2/100
|move|p1a: Archaludon|Aura Sphere|p2a: Archaludon
|-activate|p2a: Archaludon|move: Protect
|
|-heal|p2a: Archaludon|18/100|[from] item: Leftovers
|-heal|p1a: Archaludon|64/100|[from] item: Leftovers
|upkeep
|turn|8
|inactive|daikyh has 30 seconds left.
|inactive|daikyh has 20 seconds left.
|
|t:|1782620508
|move|p1b: Sinistcha|Rage Powder|p1b: Sinistcha
|-singleturn|p1b: Sinistcha|move: Rage Powder
|move|p2b: Pelipper|Hurricane|p1b: Sinistcha
|-supereffective|p1b: Sinistcha|1
|-damage|p1b: Sinistcha|0 fnt
|faint|p1b: Sinistcha
|move|p2a: Archaludon|Dragon Pulse|p1a: Archaludon
|-damage|p1a: Archaludon|4/100
|-ability|p1a: Archaludon|Stamina|boost
|-boost|p1a: Archaludon|def|1
|move|p1a: Archaludon|Dragon Pulse|p2a: Archaludon
|-damage|p2a: Archaludon|0 fnt
|faint|p2a: Archaludon
|
|-heal|p1a: Archaludon|10/100|[from] item: Leftovers
|upkeep
|-message|Arhanjunior forfeited.
|
|win|daikyh
|raw|Arhanjunior's rating: 1069 → 1045(-24 for losing)
|raw|daikyh's rating: 1000 → 1048(+48 for winning)
|l|☆Arhanjunior
|player|p1|
|j|☆Arhanjunior
|player|p1|Arhanjunior|2|
|l|☆daikyh
|player|p2|
