|j|☆lettitripppp
|j|☆Junior weltmeister
|html|lettitrippppJunior weltmeister    
|uhtml|bestof|Game 2 of a best-of-3
|t:|1783316459
|gametype|doubles
|player|p1|lettitripppp|lucas|1235
|player|p2|Junior weltmeister|101|1170
|gen|9
|tier|[Gen 9 Champions] VGC 2026 Reg M-B (Bo3)
|rated|
|rule|Species Clause: Limit one of each Pokémon
|rule|Item Clause: Limit 1 of each item
|clearpoke
|poke|p1|Charizard, L50, M|
|poke|p1|Basculegion, L50, M|
|poke|p1|Whimsicott, L50, F, shiny|
|poke|p1|Garchomp, L50, M, shiny|
|poke|p1|Floette-Eternal, L50, F|
|poke|p1|Kingambit, L50, F, shiny|
|poke|p2|Garchomp, L50, M|
|poke|p2|Basculegion, L50, M|
|poke|p2|Kingambit, L50, F|
|poke|p2|Whimsicott, L50, M|
|poke|p2|Floette-Eternal, L50, F|
|poke|p2|Charizard, L50, F|
|teampreview|4
|showteam|p1|Charizard||CharizarditeY|Blaze|WeatherBall,SolarBeam,HeatWave,Protect|Modest||M|||50|]Basculegion||MysticWater|Adaptability|LastRespects,WaveCrash,AquaJet,Protect|Adamant||M|||50|]Whimsicott||FocusSash|Prankster|Moonblast,Tailwind,Encore,Protect|Timid||F|||50|]Garchomp||LifeOrb|RoughSkin|DragonClaw,Earthquake,RockSlide,Protect|Jolly||M|||50|]Floette-Eternal||Floettite|FlowerVeil|DazzlingGleam,LightofRuin,Moonblast,Protect|Modest||F|||50|]Kingambit||ChopleBerry|Defiant|KowtowCleave,SuckerPunch,IronHead,LowKick|Adamant||F|||50|
|showteam|p2|Garchomp||RoseliBerry|RoughSkin|Earthquake,DragonClaw,RockSlide,Protect|Jolly||M|||50|]Basculegion||LifeOrb|Adaptability|WaveCrash,LastRespects,AquaJet,Protect|Adamant||M|||50|]Kingambit||ChopleBerry|Defiant|KowtowCleave,IronHead,SuckerPunch,Protect|Adamant||F|||50|]Whimsicott||FocusSash|Prankster|Moonblast,Tailwind,Encore,Protect|Timid||M|||50|]Floette-Eternal||Floettite|FlowerVeil|DazzlingGleam,Moonblast,LightofRuin,Protect|Modest||F|||50|]Charizard||CharizarditeY|SolarPower|HeatWave,WeatherBall,SolarBeam,Protect|Modest||F|||50|
|inactive|Battle timer is ON: inactive players will automatically lose when time's up. (requested by lettitripppp)
|
|t:|1783316477
|teamsize|p1|4
|teamsize|p2|4
|start
|switch|p1a: CRUSH SHARK|Garchomp, L50, M, shiny|100/100
|switch|p1b: LETS GO GO|Whimsicott, L50, F, shiny|100/100
|switch|p2a: Whimsicott|Whimsicott, L50, M|100/100
|switch|p2b: Kingambit|Kingambit, L50, F|100/100
|turn|1
|
|t:|1783316498
|move|p1b: LETS GO GO|Tailwind|p1b: LETS GO GO
|-sidestart|p1: lettitripppp|move: Tailwind
|move|p1a: CRUSH SHARK|Earthquake|p2b: Kingambit|[spread] p1b,p2a,p2b
|-resisted|p1b: LETS GO GO|1
|-resisted|p2a: Whimsicott|1
|-supereffective|p2b: Kingambit|1
|-damage|p1b: LETS GO GO|65/100
|-damage|p2a: Whimsicott|59/100
|-damage|p2b: Kingambit|24/100
|-damage|p1a: CRUSH SHARK|90/100|[from] item: Life Orb
|move|p2a: Whimsicott|Moonblast|p1b: LETS GO GO
|-damage|p1b: LETS GO GO|15/100
|move|p2b: Kingambit|Iron Head|p1b: LETS GO GO
|-supereffective|p1b: LETS GO GO|1
|-damage|p1b: LETS GO GO|0 fnt
|faint|p1b: LETS GO GO
|
|upkeep
|
|t:|1783316509
|switch|p1b: AGNI|Charizard, L50, M|100/100
|turn|2
|
|t:|1783316517
|detailschange|p1b: AGNI|Charizard-Mega-Y, L50, M
|-mega|p1b: AGNI|Charizard|Charizardite Y
|-weather|SunnyDay|[from] ability: Drought|[of] p1b: AGNI
|move|p2a: Whimsicott|Protect|p2a: Whimsicott
|-singleturn|p2a: Whimsicott|Protect
|move|p2b: Kingambit|Protect|p2b: Kingambit
|-singleturn|p2b: Kingambit|Protect
|move|p1a: CRUSH SHARK|Earthquake|p2a: Whimsicott|[spread] 
|-activate|p2a: Whimsicott|move: Protect
|-activate|p2b: Kingambit|move: Protect
|-immune|p1b: AGNI
|move|p1b: AGNI|Heat Wave|p2b: Kingambit|[spread] 
|-activate|p2a: Whimsicott|move: Protect
|-activate|p2b: Kingambit|move: Protect
|
|-weather|SunnyDay|[upkeep]
|upkeep
|turn|3
|inactive|Junior weltmeister has 30 seconds left.
|
|t:|1783316552
|move|p2a: Whimsicott|Tailwind|p2a: Whimsicott
|-sidestart|p2: Junior weltmeister|move: Tailwind
|move|p2b: Kingambit|Sucker Punch|p1b: AGNI
|-damage|p1b: AGNI|60/100
|move|p1a: CRUSH SHARK|Earthquake|p2a: Whimsicott|[spread] p2a,p2b
|-immune|p1b: AGNI
|-resisted|p2a: Whimsicott|1
|-supereffective|p2b: Kingambit|1
|-damage|p2a: Whimsicott|22/100
|-damage|p2b: Kingambit|0 fnt
|faint|p2b: Kingambit
|-damage|p1a: CRUSH SHARK|80/100|[from] item: Life Orb
|move|p1b: AGNI|Heat Wave|p2a: Whimsicott
|-supereffective|p2a: Whimsicott|1
|-damage|p2a: Whimsicott|0 fnt
|faint|p2a: Whimsicott
|
|-weather|SunnyDay|[upkeep]
|upkeep
|
|t:|1783316566
|switch|p2a: Floette|Floette-Eternal, L50, F|100/100
|switch|p2b: Basculegion|Basculegion, L50, M|100/100
|turn|4
|
|t:|1783316574
|switch|p1a: GENERAL BLADUS|Kingambit, L50, F, shiny|100/100
|move|p2a: Floette|Protect|p2a: Floette
|-singleturn|p2a: Floette|Protect
|move|p1b: AGNI|Protect|p1b: AGNI
|-singleturn|p1b: AGNI|Protect
|move|p2b: Basculegion|Protect||[still]
|-fail|p2b: Basculegion
|
|-weather|SunnyDay|[upkeep]
|-sideend|p1: lettitripppp|move: Tailwind
|upkeep
|turn|5
|
|t:|1783316592
|detailschange|p2a: Floette|Floette-Mega, L50, F
|-mega|p2a: Floette|Floette|Floettite
|-ability|p2a: Floette|Fairy Aura
|move|p1a: GENERAL BLADUS|Sucker Punch|p2b: Basculegion
|-supereffective|p2b: Basculegion|1
|-damage|p2b: Basculegion|12/100
|move|p2a: Floette|Light of Ruin|p1a: GENERAL BLADUS
|-damage|p1a: GENERAL BLADUS|0 fnt
|faint|p1a: GENERAL BLADUS
|-damage|p2a: Floette|34/100|[from] Recoil
|move|p2b: Basculegion|Last Respects|p1b: AGNI
|-damage|p1b: AGNI|0 fnt
|faint|p1b: AGNI
|-damage|p2b: Basculegion|3/100|[from] item: Life Orb
|
|-weather|SunnyDay|[upkeep]
|upkeep
|
|t:|1783316614
|switch|p1b: CRUSH SHARK|Garchomp, L50, M, shiny|80/100
|turn|6
|
|t:|1783316621
|move|p1b: CRUSH SHARK|Protect|p1b: CRUSH SHARK
|-singleturn|p1b: CRUSH SHARK|Protect
|move|p2a: Floette|Light of Ruin|p1b: CRUSH SHARK
|-activate|p1b: CRUSH SHARK|move: Protect
|move|p2b: Basculegion|Last Respects|p1b: CRUSH SHARK
|-activate|p1b: CRUSH SHARK|move: Protect
|
|-weather|none
|-sideend|p2: Junior weltmeister|move: Tailwind
|upkeep
|turn|7
|c|☆lettitripppp|gg
|
|t:|1783316628
|move|p1b: CRUSH SHARK|Earthquake|p2b: Basculegion|[spread] p2a,p2b
|-damage|p2a: Floette|0 fnt
|-damage|p2b: Basculegion|0 fnt
|faint|p2a: Floette
|faint|p2b: Basculegion
|-damage|p1b: CRUSH SHARK|70/100|[from] item: Life Orb
|
|win|lettitripppp
|raw|lettitripppp's rating: 1235 → 1255(+20 for winning)
|raw|Junior weltmeister's rating: 1170 → 1150(-20 for losing)
