|j|☆Maffles
|j|☆Ossi1590
|html|MafflesOssi1590    
|uhtml|bestof|Game 3 of a best-of-3
|t:|1783502915
|gametype|doubles
|player|p1|Maffles|265|1268
|player|p2|Ossi1590|colress|1374
|gen|9
|tier|[Gen 9 Champions] VGC 2026 Reg M-B (Bo3)
|rated|
|rule|Species Clause: Limit one of each Pokémon
|rule|Item Clause: Limit 1 of each item
|clearpoke
|poke|p1|Gengar, L50, F|
|poke|p1|Kingambit, L50, F|
|poke|p1|Ninetales-Alola, L50, M|
|poke|p1|Appletun, L50, F|
|poke|p1|Basculegion, L50, M|
|poke|p1|Lopunny, L50, F|
|poke|p2|Raichu, L50, M|
|poke|p2|Mawile, L50, M|
|poke|p2|Sinistcha, L50|
|poke|p2|Ceruledge, L50, M|
|poke|p2|Milotic, L50, F|
|poke|p2|Incineroar, L50, F|
|teampreview|4
|showteam|p1|Gengar||Gengarite|CursedBody|SludgeBomb,Disable,PerishSong,Protect|Timid||F|||50|]Kingambit||ChopleBerry|Defiant|KowtowCleave,SuckerPunch,SwordsDance,Protect|Adamant||F|||50|]Ninetales-Alola||FocusSash|SnowWarning|Blizzard,Moonblast,Encore,Protect|Timid||M|||50|]Appletun||Leftovers|ThickFat|AppleAcid,LeechSeed,Recover,Protect|Calm||F|||50|]Basculegion||SitrusBerry|Adaptability|LastRespects,FlipTurn,Soak,Protect|Sassy||M|||50|]Lopunny||Lopunnite|CuteCharm|CloseCombat,FakeOut,Encore,Protect|Jolly||F|||50|
|showteam|p2|Raichu||RaichuniteY|LightningRod|ZapCannon,FocusBlast,FakeOut,Protect|Timid||M|||50|]Mawile||Mawilite|HyperCutter|PlayRough,SuckerPunch,SwordsDance,Protect|Adamant||M|||50|]Sinistcha||KasibBerry|Hospitality|MatchaGotcha,LifeDew,RagePowder,Protect|Relaxed|||||50|]Ceruledge||ColburBerry|FlashFire|BitterBlade,ShadowSneak,BulkUp,Protect|Adamant||M|||50|]Milotic||Leftovers|Competitive|MuddyWater,Coil,Hypnosis,Protect|Calm||F|||50|]Incineroar||SitrusBerry|Intimidate|FlareBlitz,ThroatChop,FakeOut,PartingShot|Impish||F|||50|
|inactive|Battle timer is ON: inactive players will automatically lose when time's up. (requested by Ossi1590)
|inactive|Maffles has 60 seconds left.
|
|t:|1783502982
|teamsize|p1|4
|teamsize|p2|4
|start
|switch|p1a: Gengar|Gengar, L50, F|100/100
|switch|p1b: Basculegion|Basculegion, L50, M|100/100
|switch|p2a: Incineroar|Incineroar, L50, F|100/100
|switch|p2b: Ceruledge|Ceruledge, L50, M|100/100
|-ability|p2a: Incineroar|Intimidate|boost
|-unboost|p1a: Gengar|atk|1
|-unboost|p1b: Basculegion|atk|1
|turn|1
|
|t:|1783502994
|detailschange|p1a: Gengar|Gengar-Mega, L50, F
|-mega|p1a: Gengar|Gengar|Gengarite
|move|p1a: Gengar|Protect|p1a: Gengar
|-singleturn|p1a: Gengar|Protect
|move|p2b: Ceruledge|Protect|p2b: Ceruledge
|-singleturn|p2b: Ceruledge|Protect
|move|p1b: Basculegion|Flip Turn|p2b: Ceruledge
|-activate|p2b: Ceruledge|move: Protect
|move|p2a: Incineroar|Parting Shot|p1a: Gengar
|-activate|p1a: Gengar|move: Protect
|
|upkeep
|turn|2
|inactive|Ossi1590 has 30 seconds left.
|
|t:|1783503025
|switch|p1a: Kingambit|Kingambit, L50, F|100/100
|switch|p2b: Raichu|Raichu, L50, M|100/100
|move|p1b: Basculegion|Flip Turn|p2b: Raichu
|-damage|p2b: Raichu|68/100
|
|t:|1783503033
|switch|p1b: Gengar|Gengar-Mega, L50, F|100/100|[from] Flip Turn
|move|p2a: Incineroar|Parting Shot|p1a: Kingambit
|-unboost|p1a: Kingambit|atk|1
|-ability|p1a: Kingambit|Defiant|boost
|-boost|p1a: Kingambit|atk|2
|-unboost|p1a: Kingambit|spa|1
|-ability|p1a: Kingambit|Defiant|boost
|-boost|p1a: Kingambit|atk|2
|
|t:|1783503039
|switch|p2a: Sinistcha|Sinistcha, L50|100/100|[from] Parting Shot
|-heal|p2b: Raichu|93/100|[from] ability: Hospitality|[of] p2a: Sinistcha
|
|upkeep
|turn|3
|
|t:|1783503054
|switch|p2a: Incineroar|Incineroar, L50, F|100/100
|-ability|p2a: Incineroar|Intimidate|boost
|-unboost|p1a: Kingambit|atk|1
|-ability|p1a: Kingambit|Defiant|boost
|-boost|p1a: Kingambit|atk|2
|-unboost|p1b: Gengar|atk|1
|detailschange|p2b: Raichu|Raichu-Mega-Y, L50, M
|-mega|p2b: Raichu|Raichu|Raichunite Y
|move|p1b: Gengar|Perish Song|p1b: Gengar
|-start|p1a: Kingambit|perish3|[silent]
|-start|p1b: Gengar|perish3|[silent]
|-start|p2a: Incineroar|perish3|[silent]
|-start|p2b: Raichu|perish3|[silent]
|-fieldactivate|move: Perish Song
|move|p2b: Raichu|Focus Blast|p1a: Kingambit
|-supereffective|p1a: Kingambit|2
|-enditem|p1a: Kingambit|Chople Berry|[eat]
|-enditem|p1a: Kingambit|Chople Berry|[weaken]
|-damage|p1a: Kingambit|18/100
|move|p1a: Kingambit|Kowtow Cleave|p2a: Incineroar
|-resisted|p2a: Incineroar|1
|-damage|p2a: Incineroar|51/100
|
|-start|p1b: Gengar|perish3
|-start|p2b: Raichu|perish3
|-start|p2a: Incineroar|perish3
|-start|p1a: Kingambit|perish3
|upkeep
|turn|4
|
|t:|1783503077
|move|p1a: Kingambit|Sucker Punch|p2b: Raichu
|-damage|p2b: Raichu|0 fnt
|faint|p2b: Raichu
|move|p1b: Gengar|Sludge Bomb|p2a: Incineroar
|-damage|p2a: Incineroar|11/100
|-status|p2a: Incineroar|psn
|-enditem|p2a: Incineroar|Sitrus Berry|[eat]
|-heal|p2a: Incineroar|36/100 psn|[from] item: Sitrus Berry
|move|p2a: Incineroar|Parting Shot|p1b: Gengar
|-unboost|p1b: Gengar|atk|1
|-unboost|p1b: Gengar|spa|1
|
|t:|1783503081
|switch|p2a: Sinistcha|Sinistcha, L50|100/100|[from] Parting Shot
|
|-start|p1b: Gengar|perish2
|-start|p1a: Kingambit|perish2
|upkeep
|
|t:|1783503083
|switch|p2b: Ceruledge|Ceruledge, L50, M|100/100
|turn|5
|inactive|Maffles has 30 seconds left.
|
|t:|1783503110
|switch|p1b: Lopunny|Lopunny, L50, F|100/100
|move|p2a: Sinistcha|Rage Powder|p2a: Sinistcha
|-singleturn|p2a: Sinistcha|move: Rage Powder
|move|p2b: Ceruledge|Bulk Up|p2b: Ceruledge
|-boost|p2b: Ceruledge|atk|1
|-boost|p2b: Ceruledge|def|1
|move|p1a: Kingambit|Kowtow Cleave|p2a: Sinistcha
|-supereffective|p2a: Sinistcha|1
|-damage|p2a: Sinistcha|0 fnt
|faint|p2a: Sinistcha
|
|-start|p1a: Kingambit|perish1
|upkeep
|
|t:|1783503114
|switch|p2a: Incineroar|Incineroar, L50, F|36/100 psn
|-ability|p2a: Incineroar|Intimidate|boost
|-unboost|p1a: Kingambit|atk|1
|-ability|p1a: Kingambit|Defiant|boost
|-boost|p1a: Kingambit|atk|2
|-unboost|p1b: Lopunny|atk|1
|turn|6
|
|t:|1783503127
|move|p2b: Ceruledge|Protect|p2b: Ceruledge
|-singleturn|p2b: Ceruledge|Protect
|move|p1b: Lopunny|Fake Out|p2a: Incineroar
|-damage|p2a: Incineroar|28/100 psn
|cant|p2a: Incineroar|flinch
|move|p1a: Kingambit|Sucker Punch||[still]
|-fail|p1a: Kingambit
|
|-damage|p2a: Incineroar|16/100 psn|[from] psn
|-start|p1a: Kingambit|perish0
|faint|p1a: Kingambit
|upkeep
|
|t:|1783503132
|switch|p1a: Gengar|Gengar-Mega, L50, F|100/100
|turn|7
|
|t:|1783503142
|move|p1a: Gengar|Sludge Bomb|p2a: Incineroar
|-damage|p2a: Incineroar|0 fnt
|faint|p2a: Incineroar
|move|p1b: Lopunny|Encore|p2b: Ceruledge
|-start|p2b: Ceruledge|Encore
|move|p2b: Ceruledge|Protect||[still]
|-fail|p2b: Ceruledge
|
|upkeep
|turn|8
|c|☆Ossi1590|gg
|c|☆Maffles|ggs
|
|t:|1783503153
|move|p2b: Ceruledge|Protect|p2b: Ceruledge
|-singleturn|p2b: Ceruledge|Protect
|move|p1a: Gengar|Sludge Bomb|p2b: Ceruledge
|-activate|p2b: Ceruledge|move: Protect
|move|p1b: Lopunny|Close Combat|p2b: Ceruledge
|-activate|p2b: Ceruledge|move: Protect
|
|upkeep
|turn|9
|c|☆Maffles|that was stressful
|
|t:|1783503159
|switch|p1a: Basculegion|Basculegion, L50, M|100/100
|move|p2b: Ceruledge|Protect||[still]
|-fail|p2b: Ceruledge
|move|p1b: Lopunny|Close Combat|p2b: Ceruledge
|-immune|p2b: Ceruledge
|
|-end|p2b: Ceruledge|Encore
|upkeep
|turn|10
|
|t:|1783503165
|move|p2b: Ceruledge|Shadow Sneak|p1a: Basculegion
|-supereffective|p1a: Basculegion|1
|-damage|p1a: Basculegion|34/100
|-enditem|p1a: Basculegion|Sitrus Berry|[eat]
|-heal|p1a: Basculegion|59/100|[from] item: Sitrus Berry
|move|p1b: Lopunny|Encore|p2b: Ceruledge
|-start|p2b: Ceruledge|Encore
|move|p1a: Basculegion|Last Respects|p2b: Ceruledge
|-supereffective|p2b: Ceruledge|1
|-damage|p2b: Ceruledge|22/100
|
|upkeep
|turn|11
|
|t:|1783503176
|switch|p1b: Gengar|Gengar-Mega, L50, F|100/100
|move|p1a: Basculegion|Protect|p1a: Basculegion
|-singleturn|p1a: Basculegion|Protect
|move|p2b: Ceruledge|Shadow Sneak|p1a: Basculegion
|-activate|p1a: Basculegion|move: Protect
|
|upkeep
|turn|12
|
|t:|1783503183
|move|p2b: Ceruledge|Shadow Sneak|p1a: Basculegion
|-supereffective|p1a: Basculegion|1
|-damage|p1a: Basculegion|1/100
|move|p1b: Gengar|Disable|p2b: Ceruledge
|-start|p2b: Ceruledge|Disable|Shadow Sneak
|move|p1a: Basculegion|Last Respects|p2b: Ceruledge
|-supereffective|p2b: Ceruledge|1
|-damage|p2b: Ceruledge|0 fnt
|faint|p2b: Ceruledge
|
|win|Maffles
|raw|Maffles's rating: 1268 → 1300(+32 for winning)
|raw|Ossi1590's rating: 1374 → 1348(-26 for losing)
|c|☆Ossi1590|I played really bad
