|j|☆zileu
|j|☆StarDoor01
|html|zileuStarDoor01    
|uhtml|bestof|Game 2 of a best-of-3
|t:|1785228419
|gametype|doubles
|player|p1|zileu|cyclist-gen4|1095
|player|p2|StarDoor01|2|1118
|gen|9
|tier|[Gen 9 Champions] VGC 2026 Reg M-B (Bo3)
|rated|
|rule|Species Clause: Limit one of each Pokémon
|rule|Item Clause: Limit 1 of each item
|clearpoke
|poke|p1|Heracross, L50, M|
|poke|p1|Mamoswine, L50, M|
|poke|p1|Gholdengo, L50|
|poke|p1|Milotic, L50, M|
|poke|p1|Farigiraf, L50, F|
|poke|p1|Incineroar, L50, F|
|poke|p2|Scovillain, L50, F|
|poke|p2|Sylveon, L50, M|
|poke|p2|Kingambit, L50, F|
|poke|p2|Lycanroc-Dusk, L50, M|
|poke|p2|Basculegion, L50, M|
|poke|p2|Metagross, L50|
|teampreview|4
|showteam|p1|Heracross||Heracronite|Moxie|PinMissile,RockBlast,CloseCombat,Protect|Brave||M|||50|]Mamoswine||LifeOrb|Oblivious|HighHorsepower,IceShard,IcicleCrash,Protect|Adamant||M|||50|]Gholdengo||FocusSash|GoodasGold|NastyPlot,MakeItRain,ShadowBall,Protect|Timid|||||50|]Milotic||Leftovers|Competitive|Protect,Scald,IceBeam,AlluringVoice|Modest||M|||50|]Farigiraf||ColburBerry|ArmorTail|Protect,TrickRoom,HelpingHand,Psychic|Sassy||F|||50|]Incineroar||SitrusBerry|Intimidate|FakeOut,PartingShot,DarkestLariat,FlareBlitz|Adamant||F|||50|
|showteam|p2|Scovillain||Scovillainite|Moody|GigaDrain,Overheat,RagePowder,Protect|Bold||F|||50|]Sylveon||FairyFeather|Pixilate|HyperVoice,HyperBeam,QuickAttack,Detect|Modest||M|||50|]Kingambit||BlackGlasses|Defiant|KowtowCleave,SuckerPunch,SwordsDance,Protect|Adamant||F|||50|]Lycanroc-Dusk||FocusSash|ToughClaws|CloseCombat,Accelerock,RockSlide,Protect|Adamant||M|||50|]Basculegion||SitrusBerry|Adaptability|WaveCrash,LastRespects,AquaJet,Protect|Adamant||M|||50|]Metagross||Metagrossite|ClearBody|IronHead,PsychicFangs,IcePunch,Protect|Jolly|||||50|
|inactive|Battle timer is ON: inactive players will automatically lose when time's up. (requested by zileu)
|inactive|StarDoor01 has 60 seconds left.
|
|t:|1785228459
|teamsize|p1|4
|teamsize|p2|4
|start
|switch|p1a: Farigiraf|Farigiraf, L50, F|100/100
|switch|p1b: Incineroar|Incineroar, L50, F|100/100
|switch|p2a: Scovillain|Scovillain, L50, F|100/100
|switch|p2b: Basculegion|Basculegion, L50, M|100/100
|-ability|p1b: Incineroar|Intimidate|boost
|-unboost|p2a: Scovillain|atk|1
|-unboost|p2b: Basculegion|atk|1
|turn|1
|inactive|zileu has 30 seconds left.
|inactive|StarDoor01 has 30 seconds left.
|
|t:|1785228491
|move|p1b: Incineroar|Fake Out|p2a: Scovillain
|-damage|p2a: Scovillain|82/100
|move|p2b: Basculegion|Wave Crash|p1b: Incineroar
|-supereffective|p1b: Incineroar|1
|-damage|p1b: Incineroar|0 fnt
|faint|p1b: Incineroar
|-damage|p2b: Basculegion|66/100|[from] Recoil
|cant|p2a: Scovillain|flinch
|move|p1a: Farigiraf|Trick Room|p1a: Farigiraf
|-fieldstart|move: Trick Room|[of] p1a: Farigiraf
|
|-ability|p2a: Scovillain|Moody|boost
|-boost|p2a: Scovillain|atk|2
|-unboost|p2a: Scovillain|spe|1
|upkeep
|
|t:|1785228502
|switch|p1b: Heracross|Heracross, L50, M|100/100
|turn|2
|inactive|StarDoor01 has 30 seconds left.
|
|t:|1785228535
|detailschange|p2a: Scovillain|Scovillain-Mega, L50, F
|-mega|p2a: Scovillain|Scovillain|Scovillainite
|detailschange|p1b: Heracross|Heracross-Mega, L50, M
|-mega|p1b: Heracross|Heracross|Heracronite
|move|p1b: Heracross|Protect|p1b: Heracross
|-singleturn|p1b: Heracross|Protect
|move|p2a: Scovillain|Rage Powder|p2a: Scovillain
|-singleturn|p2a: Scovillain|move: Rage Powder
|move|p1a: Farigiraf|Psychic|p2a: Scovillain
|-damage|p2a: Scovillain|48/100
|-status|p1a: Farigiraf|brn|[from] ability: Spicy Spray|[of] p2a: Scovillain
|move|p2b: Basculegion|Wave Crash|p1a: Farigiraf
|-crit|p1a: Farigiraf
|-damage|p1a: Farigiraf|0 fnt
|faint|p1a: Farigiraf
|-damage|p2b: Basculegion|29/100|[from] Recoil
|-enditem|p2b: Basculegion|Sitrus Berry|[eat]
|-heal|p2b: Basculegion|54/100|[from] item: Sitrus Berry
|
|upkeep
|
|t:|1785228547
|switch|p1a: Gholdengo|Gholdengo, L50|100/100
|turn|3
|
|t:|1785228557
|move|p1b: Heracross|Protect||[still]
|-fail|p1b: Heracross
|move|p2a: Scovillain|Rage Powder|p2a: Scovillain
|-singleturn|p2a: Scovillain|move: Rage Powder
|move|p2b: Basculegion|Last Respects|p1a: Gholdengo
|-supereffective|p1a: Gholdengo|1
|-damage|p1a: Gholdengo|48/100
|move|p1a: Gholdengo|Shadow Ball|p2a: Scovillain
|-damage|p2a: Scovillain|6/100
|-status|p1a: Gholdengo|brn|[from] ability: Spicy Spray|[of] p2a: Scovillain
|
|-damage|p1a: Gholdengo|42/100 brn|[from] brn
|upkeep
|turn|4
|
|t:|1785228580
|move|p1b: Heracross|Protect|p1b: Heracross
|-singleturn|p1b: Heracross|Protect
|move|p2b: Basculegion|Protect|p2b: Basculegion
|-singleturn|p2b: Basculegion|Protect
|move|p2a: Scovillain|Overheat|p1a: Gholdengo
|-supereffective|p1a: Gholdengo|1
|-damage|p1a: Gholdengo|0 fnt
|-unboost|p2a: Scovillain|spa|2
|faint|p1a: Gholdengo
|
|upkeep
|turn|5
|
|t:|1785228594
|move|p2a: Scovillain|Rage Powder|p2a: Scovillain
|-singleturn|p2a: Scovillain|move: Rage Powder
|move|p1b: Heracross|Rock Blast|p2a: Scovillain
|-supereffective|p2a: Scovillain|1
|-damage|p2a: Scovillain|0 fnt
|-status|p1b: Heracross|brn|[from] ability: Spicy Spray|[of] p2a: Scovillain
|faint|p2a: Scovillain
|-hitcount|p2: Scovillain|1
|move|p2b: Basculegion|Wave Crash|p1b: Heracross
|-damage|p1b: Heracross|54/100 brn
|-damage|p2b: Basculegion|40/100|[from] Recoil
|
|-damage|p1b: Heracross|48/100 brn|[from] brn
|-fieldend|move: Trick Room
|upkeep
|
|t:|1785228603
|switch|p2a: Sylveon|Sylveon, L50, M|100/100
|turn|6
|-message|zileu forfeited.
|
|win|StarDoor01
|l|☆zileu
|player|p1|
||zileu is ready for game 3.
