|j|☆practicesemijrlman
|j|☆ShadowJeffX
|html|practicesemijrlmanShadowJeffX    
|uhtml|bestof|Game 2 of a best-of-3
|t:|1757737698
|gametype|doubles
|player|p1|practicesemijrlman|265|1324
|player|p2|ShadowJeffX|ethan|1152
|gen|9
|tier|[Gen 9] VGC 2025 Reg H (Bo3)
|rated|
|rule|Species Clause: Limit one of each Pokémon
|rule|Item Clause: Limit 1 of each item
|clearpoke
|poke|p1|Dondozo, L50, M|
|poke|p1|Tatsugiri, L50, M|
|poke|p1|Indeedee, L50, M|
|poke|p1|Garchomp, L50, M|
|poke|p1|Gholdengo, L50|
|poke|p1|Murkrow, L50, F|
|poke|p2|Jumpluff, L50, F|
|poke|p2|Charizard, L50, M|
|poke|p2|Torkoal, L50, F|
|poke|p2|Ursaluna, L50, M|
|poke|p2|Incineroar, L50, F|
|poke|p2|Porygon2, L50|
|teampreview|4
|showteam|p1|Dondozo||Leftovers|Unaware|OrderUp,Earthquake,WaveCrash,Protect|||M|||50|,,,,,Grass]Tatsugiri||FocusSash|Commander|DracoMeteor,MuddyWater,IcyWind,Protect|||M|||50|,,,,,Stellar]Indeedee||ChoiceScarf|PsychicSurge|ExpandingForce,Trick,AfterYou,HyperVoice|||M|||50|,,,,,Psychic]Garchomp||LifeOrb|RoughSkin|Earthquake,StompingTantrum,DragonClaw,Protect|||M|||50|,,,,,Ground]Gholdengo||ChoiceSpecs|GoodasGold|MakeItRain,ShadowBall,SteelBeam,Thunderbolt||||||50|,,,,,Steel]Murkrow||Eviolite|Prankster|FoulPlay,Tailwind,Quash,Haze|||F|||50|,,,,,Ghost
|showteam|p2|Jumpluff||CovertCloak|Chlorophyll|SleepPowder,Tailwind,SunnyDay,RagePowder|||F|||50|,,,,,Water]Charizard||ChoiceSpecs|SolarPower|HeatWave,Overheat,WeatherBall,AirSlash|||M|||50|,,,,,Ghost]Torkoal||EjectPack|Drought|Eruption,Overheat,HelpingHand,Protect|||F|||50|,,,,,Fire]Ursaluna||FlameOrb|Guts|Earthquake,Facade,HeadlongRush,Protect|||M|||50|,,,,,Ghost]Incineroar||SitrusBerry|Intimidate|FlareBlitz,KnockOff,FakeOut,PartingShot|||F|||50|,,,,,Grass]Porygon2||Eviolite|Download|TeraBlast,IceBeam,Recover,TrickRoom||||||50|,,,,,Fighting
|inactive|Battle timer is ON: inactive players will automatically lose when time's up. (requested by practicesemijrlman)
|inactive|ShadowJeffX has 60 seconds left.
|
|t:|1757737750
|teamsize|p1|4
|teamsize|p2|4
|start
|switch|p1a: Indeedee|Indeedee, L50, M|100/100
|switch|p1b: Murkrow|Murkrow, L50, F|100/100
|switch|p2a: Jumpluff|Jumpluff, L50, F|100/100
|switch|p2b: Torkoal|Torkoal, L50, F|100/100
|-fieldstart|move: Psychic Terrain|[from] ability: Psychic Surge|[of] p1a: Indeedee
|-weather|SunnyDay|[from] ability: Drought|[of] p2b: Torkoal
|turn|1
|
|t:|1757737763
|-terastallize|p1a: Indeedee|Psychic
|move|p2b: Torkoal|Protect|p2b: Torkoal
|-singleturn|p2b: Torkoal|Protect
|move|p1b: Murkrow|Tailwind|p1b: Murkrow
|-sidestart|p1: practicesemijrlman|move: Tailwind
|move|p1a: Indeedee|Expanding Force|p2b: Torkoal|[spread] p2a
|-activate|p2b: Torkoal|move: Protect
|-damage|p2a: Jumpluff|18/100
|move|p2a: Jumpluff|Sleep Powder|p1a: Indeedee
|-status|p1a: Indeedee|slp|[from] move: Sleep Powder
|
|-weather|SunnyDay|[upkeep]
|upkeep
|turn|2
|
|t:|1757737783
|cant|p1a: Indeedee|slp
|move|p2a: Jumpluff|Sleep Powder|p1b: Murkrow
|-status|p1b: Murkrow|slp|[from] move: Sleep Powder
|cant|p1b: Murkrow|slp
|move|p2b: Torkoal|Overheat|p1a: Indeedee
|-damage|p1a: Indeedee|0 fnt
|-unboost|p2b: Torkoal|spa|2
|faint|p1a: Indeedee
|-enditem|p2b: Torkoal|Eject Pack
|
|t:|1757737795
|switch|p2b: Ursaluna|Ursaluna, L50, M|100/100
|
|-weather|SunnyDay|[upkeep]
|-status|p2b: Ursaluna|brn|[from] item: Flame Orb
|upkeep
|
|t:|1757737802
|switch|p1a: Dondozo|Dondozo, L50, M|100/100
|turn|3
|
|t:|1757737824
|switch|p2a: Incineroar|Incineroar, L50, F|100/100
|-ability|p2a: Incineroar|Intimidate|boost
|-unboost|p1a: Dondozo|atk|1
|-unboost|p1b: Murkrow|atk|1
|move|p1a: Dondozo|Protect|p1a: Dondozo
|-singleturn|p1a: Dondozo|Protect
|cant|p1b: Murkrow|slp
|move|p2b: Ursaluna|Facade|p1a: Dondozo
|-activate|p1a: Dondozo|move: Protect
|
|-weather|SunnyDay|[upkeep]
|-damage|p2b: Ursaluna|95/100 brn|[from] brn
|upkeep
|turn|4
|
|t:|1757737841
|switch|p1b: Tatsugiri|Tatsugiri, L50, M, shiny|100/100
|-activate|p1b: Tatsugiri|ability: Commander|[of] p1a: Dondozo
|-boost|p1a: Dondozo|atk|2
|-boost|p1a: Dondozo|spa|2
|-boost|p1a: Dondozo|spe|2
|-boost|p1a: Dondozo|def|2
|-boost|p1a: Dondozo|spd|2
|move|p2a: Incineroar|Fake Out|p1a: Dondozo
|-activate|p1a: Dondozo|move: Psychic Terrain
|move|p1a: Dondozo|Earthquake|p2a: Incineroar|[spread] p2a,p2b
|-miss|p1a: Dondozo|p1b: Tatsugiri
|-supereffective|p2a: Incineroar
|-damage|p2a: Incineroar|55/100
|-damage|p2b: Ursaluna|73/100 brn
|move|p2b: Ursaluna|Facade|p1a: Dondozo
|-damage|p1a: Dondozo|63/100
|
|-weather|SunnyDay|[upkeep]
|-heal|p1a: Dondozo|69/100|[from] item: Leftovers
|-damage|p2b: Ursaluna|67/100 brn|[from] brn
|-sideend|p1: practicesemijrlman|move: Tailwind
|upkeep
|turn|5
|
|t:|1757737864
|-terastallize|p2a: Incineroar|Grass
|move|p1a: Dondozo|Protect|p1a: Dondozo
|-singleturn|p1a: Dondozo|Protect
|move|p2b: Ursaluna|Protect|p2b: Ursaluna
|-singleturn|p2b: Ursaluna|Protect
|move|p2a: Incineroar|Parting Shot|p1a: Dondozo
|-activate|p1a: Dondozo|move: Protect
|
|-weather|none
|-heal|p1a: Dondozo|75/100|[from] item: Leftovers
|-damage|p2b: Ursaluna|61/100 brn|[from] brn
|-fieldend|move: Psychic Terrain
|upkeep
|turn|6
|
|t:|1757737879
|switch|p2b: Torkoal|Torkoal, L50, F|100/100
|-weather|SunnyDay|[from] ability: Drought|[of] p2b: Torkoal
|move|p1a: Dondozo|Wave Crash|p2b: Torkoal
|-supereffective|p2b: Torkoal
|-damage|p2b: Torkoal|39/100
|-damage|p1a: Dondozo|60/100|[from] Recoil
|move|p2a: Incineroar|Parting Shot|p1a: Dondozo
|-unboost|p1a: Dondozo|atk|1
|-unboost|p1a: Dondozo|spa|1
|
|t:|1757737896
|switch|p2a: Jumpluff|Jumpluff, L50, F|18/100|[from] Parting Shot
|
|-weather|SunnyDay|[upkeep]
|-heal|p1a: Dondozo|66/100|[from] item: Leftovers
|upkeep
|turn|7
|
|t:|1757737907
|move|p1a: Dondozo|Protect|p1a: Dondozo
|-singleturn|p1a: Dondozo|Protect
|move|p2a: Jumpluff|Tailwind|p2a: Jumpluff
|-sidestart|p2: ShadowJeffX|move: Tailwind
|move|p2b: Torkoal|Overheat|p1a: Dondozo
|-activate|p1a: Dondozo|move: Protect
|
|-weather|SunnyDay|[upkeep]
|-heal|p1a: Dondozo|72/100|[from] item: Leftovers
|upkeep
|turn|8
|
|t:|1757737920
|move|p2a: Jumpluff|Sleep Powder|p1a: Dondozo|[miss]
|-miss|p2a: Jumpluff|p1a: Dondozo
|move|p1a: Dondozo|Order Up|p2a: Jumpluff
|-damage|p2a: Jumpluff|0 fnt
|faint|p2a: Jumpluff
|-boost|p1a: Dondozo|atk|1
|move|p2b: Torkoal|Overheat|p1a: Dondozo
|-resisted|p1a: Dondozo
|-damage|p1a: Dondozo|52/100
|-unboost|p2b: Torkoal|spa|2
|
|-weather|SunnyDay|[upkeep]
|-heal|p1a: Dondozo|58/100|[from] item: Leftovers
|upkeep
|
|t:|1757737934
|switch|p2a: Incineroar|Incineroar, L50, F, tera:Grass|55/100
|-ability|p2a: Incineroar|Intimidate|boost
|-unboost|p1a: Dondozo|atk|1
|-unboost|p1b: Tatsugiri|atk|1
|turn|9
|
|t:|1757737945
|switch|p2a: Ursaluna|Ursaluna, L50, M|61/100 brn
|move|p1a: Dondozo|Protect|p1a: Dondozo
|-singleturn|p1a: Dondozo|Protect
|move|p2b: Torkoal|Protect||[still]
|-fail|p2b: Torkoal
|
|-weather|SunnyDay|[upkeep]
|-heal|p1a: Dondozo|64/100|[from] item: Leftovers
|-damage|p2a: Ursaluna|55/100 brn|[from] brn
|upkeep
|turn|10
|
|t:|1757737960
|switch|p2b: Incineroar|Incineroar, L50, F, tera:Grass|55/100
|-ability|p2b: Incineroar|Intimidate|boost
|-unboost|p1a: Dondozo|atk|1
|-unboost|p1b: Tatsugiri|atk|1
|move|p2a: Ursaluna|Facade|p1a: Dondozo
|-damage|p1a: Dondozo|27/100
|move|p1a: Dondozo|Earthquake|p2b: Incineroar|[spread] p2a,p2b
|-miss|p1a: Dondozo|p1b: Tatsugiri
|-resisted|p2b: Incineroar
|-damage|p2a: Ursaluna|45/100 brn
|-damage|p2b: Incineroar|50/100
|-enditem|p2b: Incineroar|Sitrus Berry|[eat]
|-heal|p2b: Incineroar|75/100|[from] item: Sitrus Berry
|
|-weather|none
|-heal|p1a: Dondozo|33/100|[from] item: Leftovers
|-damage|p2a: Ursaluna|40/100 brn|[from] brn
|-sideend|p2: ShadowJeffX|move: Tailwind
|upkeep
|turn|11
|
|t:|1757737981
|switch|p2a: Torkoal|Torkoal, L50, F|39/100
|-weather|SunnyDay|[from] ability: Drought|[of] p2a: Torkoal
|move|p1a: Dondozo|Protect|p1a: Dondozo
|-singleturn|p1a: Dondozo|Protect
|move|p2b: Incineroar|Knock Off|p1a: Dondozo
|-activate|p1a: Dondozo|move: Protect
|
|-weather|SunnyDay|[upkeep]
|-heal|p1a: Dondozo|39/100|[from] item: Leftovers
|upkeep
|turn|12
|
|t:|1757737993
|move|p2a: Torkoal|Protect|p2a: Torkoal
|-singleturn|p2a: Torkoal|Protect
|move|p1a: Dondozo|Earthquake|p2b: Incineroar|[spread] p2b
|-miss|p1a: Dondozo|p1b: Tatsugiri
|-activate|p2a: Torkoal|move: Protect
|-resisted|p2b: Incineroar
|-damage|p2b: Incineroar|70/100
|move|p2b: Incineroar|Knock Off|p1a: Dondozo
|-damage|p1a: Dondozo|27/100
|-enditem|p1a: Dondozo|Leftovers|[from] move: Knock Off|[of] p2b: Incineroar
|
|-weather|SunnyDay|[upkeep]
|upkeep
|turn|13
|
|t:|1757738008
|move|p1a: Dondozo|Earthquake|p2a: Torkoal|[spread] p2a,p2b
|-miss|p1a: Dondozo|p1b: Tatsugiri
|-supereffective|p2a: Torkoal
|-resisted|p2b: Incineroar
|-damage|p2a: Torkoal|16/100
|-damage|p2b: Incineroar|65/100
|move|p2b: Incineroar|Parting Shot|p1a: Dondozo
|-unboost|p1a: Dondozo|atk|1
|-unboost|p1a: Dondozo|spa|1
|
|t:|1757738016
|switch|p2b: Ursaluna|Ursaluna, L50, M|40/100 brn|[from] Parting Shot
|move|p2a: Torkoal|Overheat|p1a: Dondozo
|-resisted|p1a: Dondozo
|-damage|p1a: Dondozo|8/100
|-unboost|p2a: Torkoal|spa|2
|
|-weather|SunnyDay|[upkeep]
|-damage|p2b: Ursaluna|34/100 brn|[from] brn
|upkeep
|turn|14
|
|t:|1757738030
|switch|p2a: Incineroar|Incineroar, L50, F, tera:Grass|65/100
|-ability|p2a: Incineroar|Intimidate|boost
|-unboost|p1a: Dondozo|atk|1
|-unboost|p1b: Tatsugiri|atk|1
|move|p1a: Dondozo|Earthquake|p2a: Incineroar|[spread] p2a,p2b
|-miss|p1a: Dondozo|p1b: Tatsugiri
|-resisted|p2a: Incineroar
|-damage|p2a: Incineroar|63/100
|-damage|p2b: Ursaluna|27/100 brn
|move|p2b: Ursaluna|Facade|p1a: Dondozo
|-damage|p1a: Dondozo|0 fnt
|faint|p1a: Dondozo
|
|-weather|SunnyDay|[upkeep]
|-damage|p2b: Ursaluna|21/100 brn|[from] brn
|upkeep
|
|t:|1757738034
|switch|p1a: Murkrow|Murkrow, L50, F|100/100 slp
|turn|15
|
|t:|1757738055
|move|p1b: Tatsugiri|Protect|p1b: Tatsugiri
|-singleturn|p1b: Tatsugiri|Protect
|move|p2a: Incineroar|Fake Out|p1b: Tatsugiri
|-activate|p1b: Tatsugiri|move: Protect
|-curestatus|p1a: Murkrow|slp|[msg]
|move|p1a: Murkrow|Foul Play|p2b: Ursaluna
|-damage|p2b: Ursaluna|0 fnt
|faint|p2b: Ursaluna
|
|-weather|none
|upkeep
|
|t:|1757738065
|switch|p2b: Torkoal|Torkoal, L50, F|16/100
|-weather|SunnyDay|[from] ability: Drought|[of] p2b: Torkoal
|turn|16
|
|t:|1757738075
|move|p1b: Tatsugiri|Draco Meteor|p2a: Incineroar
|-damage|p2a: Incineroar|6/100
|-unboost|p1b: Tatsugiri|spa|2
|move|p1a: Murkrow|Foul Play|p2a: Incineroar
|-damage|p2a: Incineroar|0 fnt
|faint|p2a: Incineroar
|move|p2b: Torkoal|Overheat|p1b: Tatsugiri
|-resisted|p1b: Tatsugiri
|-damage|p1b: Tatsugiri|71/100
|-unboost|p2b: Torkoal|spa|2
|
|-weather|SunnyDay|[upkeep]
|upkeep
|turn|17
|-message|ShadowJeffX forfeited.
|
|win|practicesemijrlman
|raw|practicesemijrlman's rating: 1324 → 1335(+11 for winning)
|raw|ShadowJeffX's rating: 1152 → 1138(-14 for losing)
|l|☆ShadowJeffX
|player|p2|
|l|☆practicesemijrlman
|player|p1|
