|j|☆Inushimi
|j|☆MessyBench
|html|InushimiMessyBench    
|uhtml|bestof|Game 1 of a best-of-3
|t:|1783193221
|gametype|doubles
|player|p1|Inushimi|265|1124
|player|p2|MessyBench|170|1150
|gen|9
|tier|[Gen 9 Champions] VGC 2026 Reg M-B (Bo3)
|rated|
|rule|Species Clause: Limit one of each Pokémon
|rule|Item Clause: Limit 1 of each item
|clearpoke
|poke|p1|Kingambit, L50, F|
|poke|p1|Charizard, L50, F|
|poke|p1|Aerodactyl, L50, M|
|poke|p1|Farigiraf, L50, F|
|poke|p1|Garchomp, L50, F|
|poke|p1|Sylveon, L50, M|
|poke|p2|Raichu, L50, F|
|poke|p2|Ninetales-Alola, L50, F|
|poke|p2|Jolteon, L50, M|
|poke|p2|Archaludon, L50, F|
|poke|p2|Sneasler, L50, M|
|poke|p2|Sceptile, L50, F|
|teampreview|4
|showteam|p1|Kingambit||FocusSash|Defiant|KowtowCleave,IronHead,SuckerPunch,LowKick|Adamant||F|||50|]Charizard||CharizarditeY|Blaze|HeatWave,SolarBeam,WeatherBall,Protect|Timid||F|||50|]Aerodactyl||Aerodactylite|Unnerve|RockSlide,DualWingbeat,IceFang,Tailwind|Jolly||M|||50|]Farigiraf||SitrusBerry|ArmorTail|Psychic,Thunderbolt,TrickRoom,Protect|Bold||F|||50|]Garchomp||LifeOrb|RoughSkin|Earthquake,DragonClaw,StompingTantrum,Protect|Jolly||F|||50|]Sylveon||FairyFeather|Pixilate|HyperVoice,HyperBeam,QuickAttack,Protect|Modest||M|||50|
|showteam|p2|Raichu||RaichuniteX|Static|FakeOut,VoltTackle,PlayRough,Protect|Jolly||F|||50|]Ninetales-Alola||FocusSash|SnowWarning|Blizzard,FreezeDry,Protect,AuroraVeil|Timid||F|||50|]Jolteon||LifeOrb|VoltAbsorb|RisingVoltage,Protect,Electroweb,WeatherBall|Timid||M|||50|]Archaludon||ChoiceScarf|Stalwart|Thunderbolt,DracoMeteor,FlashCannon,DragonPulse|Timid||F|||50|]Sneasler||WhiteHerb|Unburden|FakeOut,CloseCombat,DireClaw,Coaching|Jolly||M|||50|]Sceptile||Sceptilite|Overgrow|Protect,LeafStorm,DragonPulse,EarthPower|Timid||F|||50|
|inactive|Battle timer is ON: inactive players will automatically lose when time's up. (requested by Inushimi)
|inactive|Inushimi has 60 seconds left.
|inactive|MessyBench has 60 seconds left.
|
|t:|1783193269
|teamsize|p1|4
|teamsize|p2|4
|start
|switch|p1a: Garchomp|Garchomp, L50, F|100/100
|switch|p1b: Farigiraf|Farigiraf, L50, F|100/100
|switch|p2a: Ninetales|Ninetales-Alola, L50, F|100/100
|switch|p2b: Sceptile|Sceptile, L50, F|100/100
|-weather|Snowscape|[from] ability: Snow Warning|[of] p2a: Ninetales
|turn|1
|
|t:|1783193291
|switch|p1a: Charizard|Charizard, L50, F|100/100
|detailschange|p2b: Sceptile|Sceptile-Mega, L50, F
|-mega|p2b: Sceptile|Sceptile|Sceptilite
|move|p2b: Sceptile|Leaf Storm|p1b: Farigiraf
|-damage|p1b: Farigiraf|37/100
|-unboost|p2b: Sceptile|spa|2
|-enditem|p1b: Farigiraf|Sitrus Berry|[eat]
|-heal|p1b: Farigiraf|62/100|[from] item: Sitrus Berry
|move|p2a: Ninetales|Blizzard|p1b: Farigiraf|[spread] p1a,p1b
|-damage|p1a: Charizard|56/100
|-damage|p1b: Farigiraf|35/100
|move|p1b: Farigiraf|Psychic|p2b: Sceptile
|-damage|p2b: Sceptile|50/100g
|
|-weather|Snowscape|[upkeep]
|upkeep
|turn|2
|inactive|MessyBench has 30 seconds left.
|inactive|Inushimi has 30 seconds left.
|
|t:|1783193322
|switch|p1b: Garchomp|Garchomp, L50, F|100/100
|detailschange|p1a: Charizard|Charizard-Mega-Y, L50, F
|-mega|p1a: Charizard|Charizard|Charizardite Y
|-weather|SunnyDay|[from] ability: Drought|[of] p1a: Charizard
|move|p2b: Sceptile|Dragon Pulse|p1a: Charizard
|-damage|p1a: Charizard|31/100
|move|p2a: Ninetales|Blizzard|p1b: Garchomp|[spread] p1a
|-miss|p2a: Ninetales|p1b: Garchomp
|-damage|p1a: Charizard|1/100
|move|p1a: Charizard|Heat Wave|p2b: Sceptile|[spread] p2a
|-miss|p1a: Charizard|p2b: Sceptile
|-supereffective|p2a: Ninetales|1
|-enditem|p2a: Ninetales|Focus Sash
|-damage|p2a: Ninetales|1/100
|
|-weather|SunnyDay|[upkeep]
|upkeep
|turn|3
|
|t:|1783193343
|move|p1a: Charizard|Protect|p1a: Charizard
|-singleturn|p1a: Charizard|Protect
|move|p2b: Sceptile|Dragon Pulse|p1a: Charizard
|-activate|p1a: Charizard|move: Protect
|move|p2a: Ninetales|Freeze-Dry|p1b: Garchomp
|-supereffective|p1b: Garchomp|2
|-damage|p1b: Garchomp|0 fnt
|faint|p1b: Garchomp
|
|-weather|SunnyDay|[upkeep]
|upkeep
|
|t:|1783193352
|switch|p1b: Kingambit|Kingambit, L50, F|100/100
|turn|4
|
|t:|1783193366
|move|p1b: Kingambit|Sucker Punch|p2b: Sceptile
|-damage|p2b: Sceptile|0 fnt
|faint|p2b: Sceptile
|move|p2a: Ninetales|Freeze-Dry|p1a: Charizard
|-damage|p1a: Charizard|0 fnt
|faint|p1a: Charizard
|
|-weather|SunnyDay|[upkeep]
|upkeep
|
|t:|1783193379
|switch|p2b: Archaludon|Archaludon, L50, F|100/100
|switch|p1a: Farigiraf|Farigiraf, L50, F|35/100
|turn|5
|
|t:|1783193391
|switch|p2a: Sneasler|Sneasler, L50, M|100/100
|move|p2b: Archaludon|Draco Meteor|p1a: Farigiraf
|-damage|p1a: Farigiraf|0 fnt
|-unboost|p2b: Archaludon|spa|2
|faint|p1a: Farigiraf
|move|p1b: Kingambit|Low Kick|p2b: Archaludon
|-supereffective|p2b: Archaludon|1
|-damage|p2b: Archaludon|44/100
|
|-weather|SunnyDay|[upkeep]
|upkeep
|turn|6
|inactive|Inushimi has 30 seconds left.
|
|t:|1783193420
|switch|p2b: Ninetales|Ninetales-Alola, L50, F|1/100
|-weather|Snowscape|[from] ability: Snow Warning|[of] p2b: Ninetales
|move|p2a: Sneasler|Close Combat|p1b: Kingambit
|-supereffective|p1b: Kingambit|2
|-enditem|p1b: Kingambit|Focus Sash
|-damage|p1b: Kingambit|1/100
|-unboost|p2a: Sneasler|def|1
|-unboost|p2a: Sneasler|spd|1
|-enditem|p2a: Sneasler|White Herb
|-clearnegativeboost|p2a: Sneasler|[silent]
|move|p1b: Kingambit|Iron Head|p2a: Sneasler
|-damage|p2a: Sneasler|15/100
|
|-weather|Snowscape|[upkeep]
|upkeep
|turn|7
|
|t:|1783193437
|move|p1b: Kingambit|Sucker Punch|p2a: Sneasler
|-resisted|p2a: Sneasler|1
|-damage|p2a: Sneasler|0 fnt
|faint|p2a: Sneasler
|move|p2b: Ninetales|Freeze-Dry|p1b: Kingambit
|-resisted|p1b: Kingambit|1
|-damage|p1b: Kingambit|0 fnt
|faint|p1b: Kingambit
|
|win|MessyBench
||MessyBench is ready for game 2.
||Inushimi is ready for game 2.
|uhtml|next|Next: Game 2 of 3
