|j|☆SeymoursLeftToeVGC
|j|☆derekingf
|html|SeymoursLeftToeVGCderekingf    
|uhtml|bestof|Game 3 of a best-of-3
|t:|1783292863
|gametype|doubles
|player|p1|SeymoursLeftToeVGC|ninjaboy|1155
|player|p2|derekingf|265|1236
|gen|9
|tier|[Gen 9 Champions] VGC 2026 Reg M-B (Bo3)
|rated|
|rule|Species Clause: Limit one of each Pokémon
|rule|Item Clause: Limit 1 of each item
|clearpoke
|poke|p1|Tyranitar, L50, F, shiny|
|poke|p1|Excadrill, L50, M, shiny|
|poke|p1|Kangaskhan, L50, F, shiny|
|poke|p1|Tsareena, L50, F, shiny|
|poke|p1|Clefable, L50, F, shiny|
|poke|p1|Talonflame, L50, M, shiny|
|poke|p2|Charizard, L50, F, shiny|
|poke|p2|Whimsicott, L50, M|
|poke|p2|Sylveon, L50, F, shiny|
|poke|p2|Garchomp, L50, F, shiny|
|poke|p2|Kingambit, L50, F|
|poke|p2|Basculegion, L50, M|
|teampreview|4
|showteam|p1|Tyranitar||Tyranitarite|SandStream|RockSlide,Protect,DragonDance,KnockOff|Adamant||F|||50|]Excadrill||FocusSash|SandRush|Earthquake,IronHead,Protect,HighHorsepower|Adamant||M|||50|]Kangaskhan||Kangaskhanite|Scrappy|FakeOut,LastResort|Adamant||F|||50|]Tsareena||LifeOrb|QueenlyMajesty|LowKick,Protect,TropKick,Uturn|Adamant||F|||50|]Clefable||SitrusBerry|Unaware|FollowMe,IceBeam,Protect,HelpingHand|Modest||F|||50|]Talonflame||SharpBeak|GaleWings|DualWingbeat,Tailwind,Protect,Taunt|Adamant||M|||50|
|showteam|p2|Charizard||CharizarditeY|Blaze|HeatWave,SolarBeam,FocusBlast,Protect|Modest||F|||50|]Whimsicott||FocusSash|Prankster|Moonblast,Tailwind,TrickRoom,Encore|Timid||M|||50|]Sylveon||FairyFeather|Pixilate|HyperVoice,HyperBeam,QuickAttack,Protect|Modest||F|||50|]Garchomp||LifeOrb|RoughSkin|Earthquake,DragonClaw,StoneEdge,Protect|Jolly||F|||50|]Kingambit||BlackGlasses|Defiant|KowtowCleave,SuckerPunch,IronHead,Protect|Brave||F|||50|]Basculegion||ChoiceScarf|Adaptability|WaveCrash,AquaJet,LastRespects,FlipTurn|Jolly||M|||50|
|inactive|Battle timer is ON: inactive players will automatically lose when time's up. (requested by SeymoursLeftToeVGC)
|
|t:|1783292878
|teamsize|p1|4
|teamsize|p2|4
|start
|switch|p1a: Kangaskhan|Kangaskhan, L50, F, shiny|100/100
|switch|p1b: Tyranitar|Tyranitar, L50, F, shiny|100/100
|switch|p2a: Charizard|Charizard, L50, F, shiny|100/100
|switch|p2b: Garchomp|Garchomp, L50, F, shiny|100/100
|-weather|Sandstorm|[from] ability: Sand Stream|[of] p1b: Tyranitar
|turn|1
|
|t:|1783292893
|detailschange|p1a: Kangaskhan|Kangaskhan-Mega, L50, F, shiny
|-mega|p1a: Kangaskhan|Kangaskhan|Kangaskhanite
|move|p2a: Charizard|Protect|p2a: Charizard
|-singleturn|p2a: Charizard|Protect
|move|p1a: Kangaskhan|Fake Out|p2b: Garchomp
|-damage|p2b: Garchomp|76/100
|-damage|p1a: Kangaskhan|87/100|[from] ability: Rough Skin|[of] p2b: Garchomp
|-damage|p2b: Garchomp|71/100
|-damage|p1a: Kangaskhan|75/100|[from] ability: Rough Skin|[of] p2b: Garchomp
|-hitcount|p2b: Garchomp|2
|cant|p2b: Garchomp|flinch
|move|p1b: Tyranitar|Dragon Dance|p1b: Tyranitar
|-boost|p1b: Tyranitar|atk|1
|-boost|p1b: Tyranitar|spe|1
|
|-weather|Sandstorm|[upkeep]
|-damage|p2a: Charizard|94/100|[from] Sandstorm
|-damage|p1a: Kangaskhan|69/100|[from] Sandstorm
|upkeep
|turn|2
|
|t:|1783292913
|detailschange|p2a: Charizard|Charizard-Mega-Y, L50, F, shiny
|-mega|p2a: Charizard|Charizard|Charizardite Y
|-weather|SunnyDay|[from] ability: Drought|[of] p2a: Charizard
|move|p1b: Tyranitar|Protect|p1b: Tyranitar
|-singleturn|p1b: Tyranitar|Protect
|move|p2b: Garchomp|Earthquake|p1a: Kangaskhan|[spread] p1a
|-activate|p1b: Tyranitar|move: Protect
|-immune|p2a: Charizard
|-damage|p1a: Kangaskhan|26/100
|-damage|p2b: Garchomp|61/100|[from] item: Life Orb
|move|p2a: Charizard|Heat Wave|p1a: Kangaskhan|[spread] p1a
|-activate|p1b: Tyranitar|move: Protect
|-damage|p1a: Kangaskhan|0 fnt
|faint|p1a: Kangaskhan
|
|-weather|SunnyDay|[upkeep]
|upkeep
|
|t:|1783292930
|switch|p1a: Tsareena|Tsareena, L50, F, shiny|100/100
|turn|3
|
|t:|1783292935
|move|p2b: Garchomp|Earthquake|p1a: Tsareena|[spread] p1a,p1b
|-immune|p2a: Charizard
|-resisted|p1a: Tsareena|1
|-supereffective|p1b: Tyranitar|1
|-damage|p1a: Tsareena|70/100
|-damage|p1b: Tyranitar|15/100
|-damage|p2b: Garchomp|51/100|[from] item: Life Orb
|move|p1b: Tyranitar|Rock Slide|p2b: Garchomp|[spread] p2a,p2b
|-supereffective|p2a: Charizard|2
|-resisted|p2b: Garchomp|1
|-damage|p2a: Charizard|0 fnt
|-damage|p2b: Garchomp|27/100
|faint|p2a: Charizard
|move|p1a: Tsareena|Trop Kick|p2b: Garchomp
|-damage|p2b: Garchomp|0 fnt
|-damage|p1a: Tsareena|58/100|[from] ability: Rough Skin|[of] p2b: Garchomp
|faint|p2b: Garchomp
|-damage|p1a: Tsareena|48/100|[from] item: Life Orb
|
|-weather|SunnyDay|[upkeep]
|upkeep
|
|t:|1783292953
|switch|p2b: Basculegion|Basculegion, L50, M|100/100
|switch|p2a: Sylveon|Sylveon, L50, F, shiny|100/100
|turn|4
|
|t:|1783292968
|move|p1b: Tyranitar|Protect|p1b: Tyranitar
|-singleturn|p1b: Tyranitar|Protect
|move|p2b: Basculegion|Last Respects|p1a: Tsareena
|-damage|p1a: Tsareena|0 fnt
|faint|p1a: Tsareena
|move|p2a: Sylveon|Hyper Voice|p1b: Tyranitar
|-activate|p1b: Tyranitar|move: Protect
|
|-weather|SunnyDay|[upkeep]
|upkeep
|
|t:|1783292976
|switch|p1a: Excadrill|Excadrill, L50, M, shiny|100/100
|turn|5
|
|t:|1783292982
|move|p2b: Basculegion|Last Respects|p1a: Excadrill
|-enditem|p1a: Excadrill|Focus Sash
|-damage|p1a: Excadrill|1/100
|move|p1b: Tyranitar|Knock Off|p2b: Basculegion
|-supereffective|p2b: Basculegion|1
|-damage|p2b: Basculegion|0 fnt
|-enditem|p2b: Basculegion|Choice Scarf|[from] move: Knock Off|[of] p1b: Tyranitar
|faint|p2b: Basculegion
|move|p1a: Excadrill|Iron Head|p2a: Sylveon
|-supereffective|p2a: Sylveon|1
|-damage|p2a: Sylveon|0 fnt
|faint|p2a: Sylveon
|
|win|SeymoursLeftToeVGC
|raw|SeymoursLeftToeVGC's rating: 1155 → 1186(+31 for winning)
|raw|derekingf's rating: 1236 → 1205(-31 for losing)
