|j|☆SlipperyDanger
|j|☆Mr Woah
|html|SlipperyDangerMr Woah    
|uhtml|bestof|Game 1 of a best-of-3
|t:|1757712924
|gametype|doubles
|player|p1|SlipperyDanger|cynthia-gen4|1291
|player|p2|Mr Woah|winona|1430
|gen|9
|tier|[Gen 9] VGC 2025 Reg H (Bo3)
|rated|
|rule|Species Clause: Limit one of each Pokémon
|rule|Item Clause: Limit 1 of each item
|clearpoke
|poke|p1|Weezing, L50, M|
|poke|p1|Slaking, L50, M|
|poke|p1|Dondozo, L50, M|
|poke|p1|Tatsugiri, L50, M|
|poke|p1|Kilowattrel, L50, M|
|poke|p1|Mamoswine, L50, F|
|poke|p2|Ninetales-Alola, L50, F|
|poke|p2|Ursaluna-Bloodmoon, L50, M|
|poke|p2|Gholdengo, L50|
|poke|p2|Annihilape, L50, F|
|poke|p2|Dragonite, L50, F|
|poke|p2|Rillaboom, L50, M|
|teampreview|4
|showteam|p1|Weezing||CovertCloak|NeutralizingGas|SludgeBomb,ToxicSpikes,WillOWisp,Protect|||M|||50|,,,,,Fairy]Slaking||LifeOrb|Truant|DoubleEdge,SuckerPunch,HighHorsepower,Protect|||M|||50|,,,,,Ghost]Dondozo||Leftovers|Unaware|WaveCrash,Earthquake,Substitute,Protect|||M|||50|,,,,,Ground]Tatsugiri||AssaultVest|Commander|DracoMeteor,MuddyWater,MirrorCoat,IcyWind|||M|||50|,,,,,Steel]Kilowattrel||ChoiceSpecs|Competitive|Discharge,Thunderbolt,VoltSwitch,AirSlash|||M|||50|,,,,,Ghost]Mamoswine||FocusSash|Oblivious|IcicleCrash,Earthquake,IceShard,Protect|||F|||50|,,,,,Ghost
|showteam|p2|Ninetales-Alola||CovertCloak|SnowWarning|IcyWind,Blizzard,AuroraVeil,IcicleSpear|||F|||50|,,,,,Water]Ursaluna-Bloodmoon||AssaultVest|MindsEye|BloodMoon,EarthPower,HyperVoice,VacuumWave|||M|||50|,,,,,Water]Gholdengo||LifeOrb|GoodasGold|Protect,NastyPlot,MakeItRain,ShadowBall||||||50|,,,,,Water]Annihilape||SafetyGoggles|Defiant|RageFist,BulkUp,DrainPunch,Protect|||F|||50|,,,,,Fire]Dragonite||LoadedDice|Multiscale|ScaleShot,Tailwind,Haze,Protect|||F|||50|,,,,,Fairy]Rillaboom||MiracleSeed|GrassySurge|WoodHammer,GrassyGlide,FakeOut,Protect|||M|||50|,,,,,Grass
|
|t:|1757712965
|teamsize|p1|4
|teamsize|p2|4
|start
|switch|p1a: Kilowattrel|Kilowattrel, L50, M|100/100
|switch|p1b: Mamoswine|Mamoswine, L50, F|100/100
|switch|p2a: Gholdengo|Gholdengo, L50|100/100
|switch|p2b: Ursaluna|Ursaluna-Bloodmoon, L50, M|100/100
|turn|1
|
|t:|1757712983
|-terastallize|p2b: Ursaluna|Water
|move|p2a: Gholdengo|Protect|p2a: Gholdengo
|-singleturn|p2a: Gholdengo|Protect
|move|p1a: Kilowattrel|Volt Switch|p2a: Gholdengo
|-activate|p2a: Gholdengo|move: Protect
|move|p1b: Mamoswine|Icicle Crash|p2b: Ursaluna
|-resisted|p2b: Ursaluna
|-damage|p2b: Ursaluna|85/100
|move|p2b: Ursaluna|Blood Moon|p1a: Kilowattrel
|-damage|p1a: Kilowattrel|0 fnt
|faint|p1a: Kilowattrel
|
|upkeep
|
|t:|1757712995
|switch|p1a: Slaking|Slaking, L50, M|100/100
|turn|2
|
|t:|1757713010
|move|p1a: Slaking|Double-Edge|p2b: Ursaluna
|-damage|p2b: Ursaluna|20/100
|-damage|p1a: Slaking|81/100|[from] Recoil
|-damage|p1a: Slaking|71/100|[from] item: Life Orb
|move|p2a: Gholdengo|Make It Rain|p1b: Mamoswine|[spread] p1a,p1b
|-supereffective|p1b: Mamoswine
|-damage|p1a: Slaking|0 fnt
|-enditem|p1b: Mamoswine|Focus Sash
|-damage|p1b: Mamoswine|1/100
|-unboost|p2a: Gholdengo|spa|1
|faint|p1a: Slaking
|-damage|p2a: Gholdengo|91/100|[from] item: Life Orb
|move|p1b: Mamoswine|Earthquake|p2a: Gholdengo|[spread] p2a,p2b
|-supereffective|p2a: Gholdengo
|-damage|p2a: Gholdengo|9/100
|-damage|p2b: Ursaluna|0 fnt
|faint|p2b: Ursaluna
|
|upkeep
|
|t:|1757713031
|switch|p1a: Weezing|Weezing, L50, M|100/100
|switch|p2b: Rillaboom|Rillaboom, L50, M|100/100
|-ability|p1a: Weezing|Neutralizing Gas
|turn|3
|inactive|Battle timer is ON: inactive players will automatically lose when time's up. (requested by Mr Woah)
|inactive|SlipperyDanger has 60 seconds left.
|
|t:|1757713096
|move|p2a: Gholdengo|Protect|p2a: Gholdengo
|-singleturn|p2a: Gholdengo|Protect
|move|p1b: Mamoswine|Protect|p1b: Mamoswine
|-singleturn|p1b: Mamoswine|Protect
|move|p2b: Rillaboom|Fake Out|p1b: Mamoswine
|-activate|p1b: Mamoswine|move: Protect
|move|p1a: Weezing|Will-O-Wisp|p2a: Gholdengo
|-activate|p2a: Gholdengo|move: Protect
|
|upkeep
|turn|4
|inactive|SlipperyDanger has 30 seconds left.
|
|t:|1757713124
|move|p1a: Weezing|Protect|p1a: Weezing
|-singleturn|p1a: Weezing|Protect
|move|p2a: Gholdengo|Make It Rain|p1b: Mamoswine|[spread] p1b
|-activate|p1a: Weezing|move: Protect
|-supereffective|p1b: Mamoswine
|-damage|p1b: Mamoswine|0 fnt
|-unboost|p2a: Gholdengo|spa|1
|faint|p1b: Mamoswine
|-damage|p2a: Gholdengo|0 fnt|[from] item: Life Orb
|faint|p2a: Gholdengo
|move|p2b: Rillaboom|Wood Hammer|p1a: Weezing
|-activate|p1a: Weezing|move: Protect
|
|upkeep
|
|t:|1757713129
|switch|p2a: Dragonite|Dragonite, L50, F|100/100
|turn|5
|
|t:|1757713135
|-terastallize|p1a: Weezing|Fairy
|move|p2a: Dragonite|Scale Shot|p1a: Weezing
|-immune|p1a: Weezing
|move|p2b: Rillaboom|Wood Hammer|p1a: Weezing
|-damage|p1a: Weezing|32/100
|-damage|p2b: Rillaboom|80/100|[from] Recoil
|move|p1a: Weezing|Sludge Bomb|p2b: Rillaboom
|-supereffective|p2b: Rillaboom
|-damage|p2b: Rillaboom|17/100
|
|upkeep
|turn|6
|
|t:|1757713153
|move|p2a: Dragonite|Tailwind|p2a: Dragonite
|-sidestart|p2: Mr Woah|move: Tailwind
|move|p2b: Rillaboom|Wood Hammer|p1a: Weezing
|-damage|p1a: Weezing|0 fnt
|faint|p1a: Weezing
|-end|p1a: Weezing|ability: Neutralizing Gas
|-fieldstart|move: Grassy Terrain|[from] ability: Grassy Surge|[of] p2b: Rillaboom
|-damage|p2b: Rillaboom|7/100|[from] Recoil
|
|win|Mr Woah
||SlipperyDanger is ready for game 2.
||Mr Woah is ready for game 2.
|uhtml|next|Next: Game 2 of 3
|l|☆SlipperyDanger
|player|p1|
