|j|☆thedarkmages
|j|☆marcusquinn
|html|thedarkmagesmarcusquinn    
|uhtml|bestof|Game 2 of a best-of-3
|t:|1757653035
|gametype|doubles
|player|p1|thedarkmages|lucian|1184
|player|p2|marcusquinn|hilbert-wonderlauncher|1138
|gen|9
|tier|[Gen 9] VGC 2025 Reg H (Bo3)
|rated|
|rule|Species Clause: Limit one of each Pokémon
|rule|Item Clause: Limit 1 of each item
|clearpoke
|poke|p1|Indeedee-F, L50, F|
|poke|p1|Gallade, L50, M|
|poke|p1|Hatterene, L50, F|
|poke|p1|Exeggutor, L50, F|
|poke|p1|Zoroark-Hisui, L50, F|
|poke|p1|Torkoal, L50, F|
|poke|p2|Archaludon, L50, M|
|poke|p2|Porygon2, L50|
|poke|p2|Incineroar, L50, M|
|poke|p2|Ursaluna, L50, F|
|poke|p2|Sneasler, L50, M|
|poke|p2|Dragonite, L50, F|
|teampreview|4
|showteam|p1|Indeedee-F||RockyHelmet|PsychicSurge|Psychic,FollowMe,HelpingHand,TrickRoom|||F|||50|,,,,,Grass]Gallade||ClearAmulet|Sharpness|SacredSword,PsychoCut,WideGuard,TrickRoom|||M|||50|,,,,,Water]Hatterene||LifeOrb|MagicBounce|ExpandingForce,DazzlingGleam,TrickRoom,Protect|||F|||50|,,,,,Water]Exeggutor||FocusSash|Chlorophyll|SleepPowder,ExpandingForce,LeafStorm,TrickRoom|||F|||50|,,,,,Psychic]Zoroark-Hisui||ChoiceSpecs|Illusion|HyperBeam,ShadowBall,HyperVoice,FocusBlast|||F|||50|,,,,,Normal]Torkoal||Charcoal|Drought|Protect,Eruption,HeatWave,EarthPower|||F|||50|,,,,,Fire
|showteam|p2|Archaludon||PowerHerb|Sturdy|Protect,ElectroShot,DracoMeteor,FlashCannon|||M|||50|,,,,,Electric]Porygon2||Eviolite|Download|TeraBlast,IceBeam,Recover,TrickRoom||||||50|,,,,,Fighting]Incineroar||SafetyGoggles|Intimidate|FlareBlitz,KnockOff,FakeOut,PartingShot|||M|||50|,,,,,Ghost]Ursaluna||FlameOrb|Guts|HeadlongRush,Facade,Earthquake,Protect|||F|||50|,,,,,Ghost]Sneasler||FocusSash|Unburden|Protect,CloseCombat,DireClaw,ThroatChop|||M|||50|,,,,,Stellar]Dragonite||LoadedDice|Multiscale|ScaleShot,Tailwind,Haze,Protect|||F|||50|,,,,,Fairy
|inactive|Battle timer is ON: inactive players will automatically lose when time's up. (requested by marcusquinn)
|
|t:|1757653047
|teamsize|p1|4
|teamsize|p2|4
|start
|switch|p1a: Exeggutor|Exeggutor, L50, F|100/100
|switch|p1b: Torkoal c:|Torkoal, L50, F|100/100
|switch|p2a: Ursaluna|Ursaluna, L50, F|100/100
|switch|p2b: Sneasler|Sneasler, L50, M|100/100
|-weather|SunnyDay|[from] ability: Drought|[of] p1b: Torkoal c:
|turn|1
|
|t:|1757653064
|switch|p2b: Incineroar|Incineroar, L50, M, shiny|100/100
|-ability|p2b: Incineroar|Intimidate|boost
|-unboost|p1a: Exeggutor|atk|1
|-unboost|p1b: Torkoal c:|atk|1
|switch|p1b: Hate GF|Indeedee-F, L50, F|100/100
|-fieldstart|move: Psychic Terrain|[from] ability: Psychic Surge|[of] p1b: Hate GF
|move|p2a: Ursaluna|Protect|p2a: Ursaluna
|-singleturn|p2a: Ursaluna|Protect
|move|p1a: Exeggutor|Expanding Force|p2a: Ursaluna|[spread] 
|-activate|p2a: Ursaluna|move: Protect
|-immune|p2b: Incineroar
|
|-weather|SunnyDay|[upkeep]
|-status|p2a: Ursaluna|brn|[from] item: Flame Orb
|upkeep
|turn|2
|inactive|marcusquinn has 30 seconds left.
|
|t:|1757653092
|move|p1a: Exeggutor|Leaf Storm|p2a: Ursaluna
|-supereffective|p2a: Ursaluna
|-damage|p2a: Ursaluna|0 fnt
|-unboost|p1a: Exeggutor|spa|2
|faint|p2a: Ursaluna
|move|p2b: Incineroar|Flare Blitz|p1b: Hate GF
|-damage|p1b: Hate GF|26/100
|-damage|p2b: Incineroar|84/100|[from] item: Rocky Helmet|[of] p1b: Hate GF
|-damage|p2b: Incineroar|62/100|[from] Recoil
|move|p1b: Hate GF|Trick Room|p1b: Hate GF
|-fieldstart|move: Trick Room|[of] p1b: Hate GF
|
|-weather|SunnyDay|[upkeep]
|upkeep
|
|t:|1757653102
|switch|p2a: Archaludon|Archaludon, L50, M, shiny|100/100
|turn|3
|
|t:|1757653119
|move|p1b: Hate GF|Follow Me|p1b: Hate GF
|-singleturn|p1b: Hate GF|move: Follow Me
|move|p2b: Incineroar|Flare Blitz|p1b: Hate GF
|-damage|p1b: Hate GF|0 fnt
|-damage|p2b: Incineroar|46/100|[from] item: Rocky Helmet|[of] p1b: Hate GF
|faint|p1b: Hate GF
|-damage|p2b: Incineroar|39/100|[from] Recoil
|move|p2a: Archaludon|Electro Shot||[still]
|-prepare|p2a: Archaludon|Electro Shot
|-boost|p2a: Archaludon|spa|1
|-enditem|p2a: Archaludon|Power Herb
|-anim|p2a: Archaludon|Electro Shot|p1a: Exeggutor
|-resisted|p1a: Exeggutor
|-damage|p1a: Exeggutor|60/100
|move|p1a: Exeggutor|Sleep Powder|p2a: Archaludon
|-status|p2a: Archaludon|slp|[from] move: Sleep Powder
|
|-weather|SunnyDay|[upkeep]
|upkeep
|
|t:|1757653135
|switch|p1b: Torkoal c:|Torkoal, L50, F|100/100
|turn|4
|
|t:|1757653147
|switch|p1a: Indee GF|Hatterene, L50, F|100/100
|-terastallize|p1b: Torkoal c:|Fire
|move|p1b: Torkoal c:|Eruption|p2a: Archaludon|[spread] p2a,p2b
|-resisted|p2b: Incineroar
|-ability|p2a: Archaludon|Sturdy
|-damage|p2a: Archaludon|1/100 slp
|-damage|p2b: Incineroar|0 fnt
|faint|p2b: Incineroar
|cant|p2a: Archaludon|slp
|
|-weather|SunnyDay|[upkeep]
|upkeep
|
|t:|1757653158
|switch|p2b: Sneasler|Sneasler, L50, M|100/100
|turn|5
|inactive|thedarkmages has 30 seconds left.
|
|t:|1757653193
|cant|p2a: Archaludon|slp
|move|p2b: Sneasler|Protect|p2b: Sneasler
|-singleturn|p2b: Sneasler|Protect
|move|p1b: Torkoal c:|Eruption|p2a: Archaludon|[spread] p2a
|-activate|p2b: Sneasler|move: Protect
|-damage|p2a: Archaludon|0 fnt
|faint|p2a: Archaludon
|move|p1a: Indee GF|Expanding Force|p2b: Sneasler
|-activate|p2b: Sneasler|move: Protect
|
|-weather|none
|-fieldend|move: Psychic Terrain
|upkeep
|turn|6
|-message|marcusquinn forfeited.
|
|win|thedarkmages
|l|☆marcusquinn
|player|p2|
||marcusquinn is ready for game 3.
||thedarkmages is ready for game 3.
|uhtml|next|Next: Game 3 of 3
|j|☆marcusquinn
|player|p2|marcusquinn|hilbert-wonderlauncher|
|l|☆marcusquinn
|player|p2|
