|j|☆DrCups
|j|☆Madzisbadz
|html|DrCupsMadzisbadz    
|uhtml|bestof|Game 2 of a best-of-3
|t:|1785629842
|gametype|doubles
|player|p1|DrCups|266|1234
|player|p2|Madzisbadz|101|1255
|gen|9
|tier|[Gen 9 Champions] VGC 2026 Reg M-B (Bo3)
|rated|
|rule|Species Clause: Limit one of each Pokémon
|rule|Item Clause: Limit 1 of each item
|clearpoke
|poke|p1|Tyranitar, L50, F|
|poke|p1|Excadrill, L50, F|
|poke|p1|Milotic, L50, M|
|poke|p1|Sinistcha, L50|
|poke|p1|Staraptor, L50, M|
|poke|p1|Gholdengo, L50|
|poke|p2|Blaziken, L50, F|
|poke|p2|Kingambit, L50, F|
|poke|p2|Farigiraf, L50, F|
|poke|p2|Sylveon, L50, M|
|poke|p2|Aerodactyl, L50, M|
|poke|p2|Basculegion, L50, M|
|teampreview|4
|showteam|p1|Tyranitar||Tyranitarite|SandStream|KnockOff,RockSlide,HighHorsepower,Protect|Jolly||F|||50|]Excadrill||FocusSash|SandRush|Earthquake,IronHead,RockSlide,Protect|Adamant||F|||50|]Milotic||SitrusBerry|Competitive|Scald,IcyWind,Haze,Protect|Calm||M|||50|]Sinistcha||ColburBerry|Hospitality|MatchaGotcha,ShadowBall,Protect,RagePowder|Bold|||||50|]Staraptor||Staraptite|Intimidate|CloseCombat,BraveBird,Tailwind,Protect|Jolly||M|||50|]Gholdengo||LifeOrb|GoodasGold|MakeItRain,ShadowBall,NastyPlot,Protect|Modest|||||50|
|showteam|p2|Blaziken||Blazikenite|SpeedBoost|FlareBlitz,CloseCombat,RockSlide,Detect|Adamant||F|||50|]Kingambit||FocusSash|Defiant|KowtowCleave,IronHead,SuckerPunch,LowKick|Adamant||F|||50|]Farigiraf||SitrusBerry|ArmorTail|Thunderbolt,Psychic,TrickRoom,HelpingHand|Bold||F|||50|]Sylveon||FairyFeather|Pixilate|HyperVoice,HyperBeam,QuickAttack,Detect|Modest||M|||50|]Aerodactyl||Aerodactylite|Unnerve|RockSlide,DualWingbeat,IceFang,Tailwind|Jolly||M|||50|]Basculegion||LifeOrb|Adaptability|WaveCrash,LastRespects,AquaJet,Protect|Adamant||M|||50|
|inactive|Battle timer is ON: inactive players will automatically lose when time's up. (requested by Madzisbadz)
|l|☆Madzisbadz
|inactive|Madzisbadz disconnected and has a minute to reconnect!
|player|p2|
|j|☆Madzisbadz
|inactive|Madzisbadz reconnected.
|player|p2|Madzisbadz|101|
|inactive|DrCups has 60 seconds left.
|
|t:|1785629928
|teamsize|p1|4
|teamsize|p2|4
|start
|switch|p1a: Sinistcha|Sinistcha, L50|100/100
|switch|p1b: Gholdengo|Gholdengo, L50|100/100
|switch|p2a: Kingambit|Kingambit, L50, F|100/100
|switch|p2b: Aerodactyl|Aerodactyl, L50, M|100/100
|-ability|p2b: Aerodactyl|Unnerve
|turn|1
|inactive|Madzisbadz has 30 seconds left.
|
|t:|1785629963
|detailschange|p2b: Aerodactyl|Aerodactyl-Mega, L50, M
|-mega|p2b: Aerodactyl|Aerodactyl|Aerodactylite
|move|p1a: Sinistcha|Rage Powder|p1a: Sinistcha
|-singleturn|p1a: Sinistcha|move: Rage Powder
|move|p2b: Aerodactyl|Tailwind|p2b: Aerodactyl
|-sidestart|p2: Madzisbadz|move: Tailwind
|move|p2a: Kingambit|Kowtow Cleave|p1a: Sinistcha
|-supereffective|p1a: Sinistcha|1
|-enditem|p1a: Sinistcha|Colbur Berry|[eat]
|-enditem|p1a: Sinistcha|Colbur Berry|[weaken]
|-damage|p1a: Sinistcha|63/100
|move|p1b: Gholdengo|Nasty Plot|p1b: Gholdengo
|-boost|p1b: Gholdengo|spa|2
|
|upkeep
|turn|2
|
|t:|1785629985
|move|p1b: Gholdengo|Protect|p1b: Gholdengo
|-singleturn|p1b: Gholdengo|Protect
|move|p2b: Aerodactyl|Dual Wingbeat|p1a: Sinistcha
|-supereffective|p1a: Sinistcha|1
|-damage|p1a: Sinistcha|25/100
|-supereffective|p1a: Sinistcha|1
|-damage|p1a: Sinistcha|0 fnt
|faint|p1a: Sinistcha
|-hitcount|p1: Sinistcha|2
|move|p2a: Kingambit|Kowtow Cleave|p1b: Gholdengo
|-activate|p1b: Gholdengo|move: Protect
|
|upkeep
|
|t:|1785629998
|switch|p1a: Excadrill|Excadrill, L50, F|100/100
|turn|3
|inactive|DrCups has 30 seconds left.
|
|t:|1785630025
|move|p2b: Aerodactyl|Ice Fang|p1a: Excadrill
|-damage|p1a: Excadrill|62/100
|move|p2a: Kingambit|Kowtow Cleave|p1b: Gholdengo
|-supereffective|p1b: Gholdengo|1
|-damage|p1b: Gholdengo|10/100
|move|p1a: Excadrill|Iron Head|p2a: Kingambit
|-resisted|p2a: Kingambit|1
|-damage|p2a: Kingambit|80/100
|move|p1b: Gholdengo|Make It Rain|p2b: Aerodactyl|[spread] p2a,p2b
|-resisted|p2a: Kingambit|1
|-supereffective|p2b: Aerodactyl|1
|-damage|p2a: Kingambit|16/100
|-damage|p2b: Aerodactyl|0 fnt
|-unboost|p1b: Gholdengo|spa|2
|faint|p2b: Aerodactyl
|-damage|p1b: Gholdengo|1/100|[from] item: Life Orb
|
|upkeep
|inactive|Madzisbadz has 30 seconds left.
|
|t:|1785630051
|switch|p2b: Basculegion|Basculegion, L50, M|100/100
|turn|4
|inactive|Madzisbadz has 30 seconds left.
|
|t:|1785630080
|move|p1a: Excadrill|Protect|p1a: Excadrill
|-singleturn|p1a: Excadrill|Protect
|move|p2a: Kingambit|Sucker Punch|p1b: Gholdengo
|-supereffective|p1b: Gholdengo|1
|-damage|p1b: Gholdengo|0 fnt
|faint|p1b: Gholdengo
|move|p2b: Basculegion|Wave Crash|p1a: Excadrill
|-activate|p1a: Excadrill|move: Protect
|
|-sideend|p2: Madzisbadz|move: Tailwind
|upkeep
|
|t:|1785630086
|switch|p1b: Staraptor|Staraptor, L50, M|100/100
|-ability|p1b: Staraptor|Intimidate|boost
|-unboost|p2a: Kingambit|atk|1
|-ability|p2a: Kingambit|Defiant|boost
|-boost|p2a: Kingambit|atk|2
|-unboost|p2b: Basculegion|atk|1
|turn|5
|
|t:|1785630109
|detailschange|p1b: Staraptor|Staraptor-Mega, L50, M
|-mega|p1b: Staraptor|Staraptor|Staraptite
|move|p2a: Kingambit|Sucker Punch|p1a: Excadrill
|-damage|p1a: Excadrill|0 fnt
|faint|p1a: Excadrill
|move|p1b: Staraptor|Brave Bird|p2b: Basculegion
|-damage|p2b: Basculegion|35/100
|-damage|p1b: Staraptor|76/100|[from] Recoil
|move|p2b: Basculegion|Wave Crash|p1b: Staraptor
|-damage|p1b: Staraptor|14/100
|-damage|p2b: Basculegion|16/100|[from] Recoil
|-damage|p2b: Basculegion|7/100|[from] item: Life Orb
|
|upkeep
|turn|6
|
|t:|1785630129
|move|p2b: Basculegion|Aqua Jet|p1b: Staraptor
|-damage|p1b: Staraptor|0 fnt
|faint|p1b: Staraptor
|-damage|p2b: Basculegion|0 fnt|[from] item: Life Orb
|faint|p2b: Basculegion
|
|win|Madzisbadz
|raw|DrCups's rating: 1234 → 1211(-23 for losing)
|raw|Madzisbadz's rating: 1255 → 1278(+23 for winning)
|c|☆Madzisbadz|Gg
