|j|☆p1ch1pichi
|j|☆narutothe19
|html|p1ch1pichinarutothe19    
|uhtml|bestof|Game 2 of a best-of-3
|t:|1785145293
|gametype|doubles
|player|p1|p1ch1pichi|n|1108
|player|p2|narutothe19|bellelba|1000
|gen|9
|tier|[Gen 9 Champions] VGC 2026 Reg M-B (Bo3)
|rated|
|rule|Species Clause: Limit one of each Pokémon
|rule|Item Clause: Limit 1 of each item
|clearpoke
|poke|p1|Raichu, L50, M, shiny|
|poke|p1|Meganium, L50, M, shiny|
|poke|p1|Pelipper, L50, M|
|poke|p1|Archaludon, L50, M|
|poke|p1|Sableye, L50, M|
|poke|p1|Basculegion, L50, M|
|poke|p2|Staraptor, L50, F|
|poke|p2|Tyranitar, L50, M|
|poke|p2|Gholdengo, L50|
|poke|p2|Milotic, L50, F|
|poke|p2|Sinistcha, L50|
|poke|p2|Excadrill, L50, F|
|teampreview|4
|showteam|p1|Raichu||RaichuniteX|LightningRod|Protect,FakeOut,VoltSwitch,RisingVoltage|Timid||M|||50|]Meganium||Meganiumite|Overgrow|Protect,SolarBeam,WeatherBall,DazzlingGleam|Modest||M|||50|]Pelipper||FocusSash|Drizzle|Soak,Tailwind,Hurricane,WeatherBall|Timid||M|||50|]Archaludon||Leftovers|Stamina|ElectroShot,AuraSphere,DracoMeteor,Protect|Modest||M|||50|]Sableye||RoseliBerry|Prankster|Quash,Reflect,LightScreen,RainDance|Bold||M|||50|]Basculegion||ChoiceScarf|Adaptability|FlipTurn,WaveCrash,AquaJet,LastRespects|Jolly||M|||50|
|showteam|p2|Staraptor||Staraptite|Intimidate|CloseCombat,BraveBird,Protect,Tailwind|Jolly||F|||50|]Tyranitar||Tyranitarite|SandStream|KnockOff,HighHorsepower,RockSlide,Protect|Jolly||M|||50|]Gholdengo||LifeOrb|GoodasGold|MakeItRain,DazzlingGleam,Protect,NastyPlot|Modest|||||50|]Milotic||SitrusBerry|Competitive|Scald,IcyWind,Protect,Haze|Timid||F|||50|]Sinistcha||ColburBerry|Hospitality|MatchaGotcha,RagePowder,ShadowBall,Protect|Bold|||||50|]Excadrill||FocusSash|SandRush|IronHead,Earthquake,RockSlide,Protect|Jolly||F|||50|
|inactive|Battle timer is ON: inactive players will automatically lose when time's up. (requested by p1ch1pichi)
|inactive|narutothe19 also wants the timer to be on.
|
|t:|1785145313
|teamsize|p1|4
|teamsize|p2|4
|start
|switch|p1a: Hikaru|Raichu, L50, M, shiny|100/100
|switch|p1b: San Juanico|Archaludon, L50, M|100/100
|switch|p2a: Milotic|Milotic, L50, F|100/100
|switch|p2b: Staraptor|Staraptor, L50, F|100/100
|-ability|p2b: Staraptor|Intimidate|boost
|-unboost|p1a: Hikaru|atk|1
|-unboost|p1b: San Juanico|atk|1
|turn|1
|inactive|p1ch1pichi has 30 seconds left.
|
|t:|1785145343
|detailschange|p1a: Hikaru|Raichu-Mega-X, L50, M, shiny
|-mega|p1a: Hikaru|Raichu|Raichunite X
|-fieldstart|move: Electric Terrain|[from] ability: Electric Surge|[of] p1a: Hikaru
|move|p1a: Hikaru|Rising Voltage|p2a: Milotic
|-hint|Rising Voltage's BP doubled on grounded target.
|-supereffective|p2a: Milotic|1
|-damage|p2a: Milotic|0 fnt
|faint|p2a: Milotic
|move|p2b: Staraptor|Tailwind|p2b: Staraptor
|-sidestart|p2: narutothe19|move: Tailwind
|move|p1b: San Juanico|Draco Meteor|p2b: Staraptor|[miss]
|-miss|p1b: San Juanico|p2b: Staraptor
|
|upkeep
|
|t:|1785145357
|switch|p2a: Tyranitar|Tyranitar, L50, M|100/100
|-weather|Sandstorm|[from] ability: Sand Stream|[of] p2a: Tyranitar
|turn|2
|
|t:|1785145365
|move|p1a: Hikaru|Protect|p1a: Hikaru
|-singleturn|p1a: Hikaru|Protect
|move|p2b: Staraptor|Close Combat|p1b: San Juanico
|-supereffective|p1b: San Juanico|1
|-damage|p1b: San Juanico|52/100
|-unboost|p2b: Staraptor|def|1
|-unboost|p2b: Staraptor|spd|1
|-ability|p1b: San Juanico|Stamina|boost
|-boost|p1b: San Juanico|def|1
|move|p2a: Tyranitar|High Horsepower|p1b: San Juanico
|-supereffective|p1b: San Juanico|1
|-damage|p1b: San Juanico|23/100
|-ability|p1b: San Juanico|Stamina|boost
|-boost|p1b: San Juanico|def|1
|move|p1b: San Juanico|Aura Sphere|p2a: Tyranitar
|-supereffective|p2a: Tyranitar|2
|-damage|p2a: Tyranitar|39/100
|
|-weather|Sandstorm|[upkeep]
|-damage|p2b: Staraptor|94/100|[from] Sandstorm
|-damage|p1a: Hikaru|94/100|[from] Sandstorm
|-heal|p1b: San Juanico|29/100|[from] item: Leftovers
|upkeep
|turn|3
|inactive|narutothe19 has 30 seconds left.
|
|t:|1785145395
|switch|p1a: High Tide|Basculegion, L50, M|100/100
|move|p1b: San Juanico|Protect|p1b: San Juanico
|-singleturn|p1b: San Juanico|Protect
|move|p2b: Staraptor|Close Combat|p1b: San Juanico
|-activate|p1b: San Juanico|move: Protect
|move|p2a: Tyranitar|Rock Slide|p1b: San Juanico|[spread] p1a
|-activate|p1b: San Juanico|move: Protect
|-damage|p1a: High Tide|66/100
|
|-weather|Sandstorm|[upkeep]
|-damage|p2b: Staraptor|88/100|[from] Sandstorm
|-damage|p1a: High Tide|60/100|[from] Sandstorm
|-heal|p1b: San Juanico|36/100|[from] item: Leftovers
|upkeep
|turn|4
|
|t:|1785145419
|move|p2b: Staraptor|Close Combat|p1b: San Juanico
|-supereffective|p1b: San Juanico|1
|-damage|p1b: San Juanico|11/100
|-unboost|p2b: Staraptor|def|1
|-unboost|p2b: Staraptor|spd|1
|-ability|p1b: San Juanico|Stamina|boost
|-boost|p1b: San Juanico|def|1
|move|p2a: Tyranitar|Knock Off|p1a: High Tide
|-supereffective|p1a: High Tide|1
|-damage|p1a: High Tide|0 fnt
|-enditem|p1a: High Tide|Choice Scarf|[from] move: Knock Off|[of] p2a: Tyranitar
|faint|p1a: High Tide
|move|p1b: San Juanico|Aura Sphere|p2a: Tyranitar
|-supereffective|p2a: Tyranitar|2
|-damage|p2a: Tyranitar|0 fnt
|faint|p2a: Tyranitar
|
|-weather|Sandstorm|[upkeep]
|-damage|p2b: Staraptor|82/100|[from] Sandstorm
|-heal|p1b: San Juanico|17/100|[from] item: Leftovers
|-sideend|p2: narutothe19|move: Tailwind
|upkeep
|
|t:|1785145436
|switch|p1a: Inidoro|Pelipper, L50, M|100/100
|switch|p2a: Excadrill|Excadrill, L50, F|100/100
|-weather|RainDance|[from] ability: Drizzle|[of] p1a: Inidoro
|turn|5
|
|t:|1785145447
|detailschange|p2b: Staraptor|Staraptor-Mega, L50, F
|-mega|p2b: Staraptor|Staraptor|Staraptite
|move|p2b: Staraptor|Close Combat|p1b: San Juanico
|-supereffective|p1b: San Juanico|1
|-damage|p1b: San Juanico|0 fnt
|-boost|p2b: Staraptor|def|1
|-boost|p2b: Staraptor|spd|1
|faint|p1b: San Juanico
|move|p2a: Excadrill|Rock Slide|p1a: Inidoro
|-supereffective|p1a: Inidoro|1
|-damage|p1a: Inidoro|24/100
|cant|p1a: Inidoro|flinch
|
|-weather|RainDance|[upkeep]
|-fieldend|move: Electric Terrain
|upkeep
|
|t:|1785145460
|switch|p1b: Hikaru|Raichu-Mega-X, L50, M, shiny|94/100
|-fieldstart|move: Electric Terrain|[from] ability: Electric Surge|[of] p1b: Hikaru
|turn|6
|
|t:|1785145470
|move|p1b: Hikaru|Protect|p1b: Hikaru
|-singleturn|p1b: Hikaru|Protect
|move|p2b: Staraptor|Tailwind|p2b: Staraptor
|-sidestart|p2: narutothe19|move: Tailwind
|move|p2a: Excadrill|Earthquake|p1a: Inidoro|[spread] 
|-activate|p1b: Hikaru|move: Protect
|-immune|p2b: Staraptor
|-immune|p1a: Inidoro
|move|p1a: Inidoro|Soak|p2b: Staraptor
|-start|p2b: Staraptor|typechange|Water
|
|-weather|RainDance|[upkeep]
|upkeep
|turn|7
|
|t:|1785145488
|move|p1b: Hikaru|Protect|p1b: Hikaru
|-singleturn|p1b: Hikaru|Protect
|move|p2b: Staraptor|Close Combat|p1b: Hikaru
|-activate|p1b: Hikaru|move: Protect
|move|p2a: Excadrill|Rock Slide|p1b: Hikaru|[spread] p1a
|-activate|p1b: Hikaru|move: Protect
|-supereffective|p1a: Inidoro|1
|-damage|p1a: Inidoro|0 fnt
|faint|p1a: Inidoro
|
|-weather|RainDance|[upkeep]
|upkeep
|turn|8
|
|t:|1785145503
|move|p2b: Staraptor|Close Combat|p1b: Hikaru
|-damage|p1b: Hikaru|54/100
|-boost|p2b: Staraptor|def|1
|-boost|p2b: Staraptor|spd|1
|move|p2a: Excadrill|Earthquake|p1b: Hikaru|[spread] p2b,p1b
|-supereffective|p1b: Hikaru|1
|-damage|p2b: Staraptor|47/100
|-damage|p1b: Hikaru|0 fnt
|faint|p1b: Hikaru
|
|win|narutothe19
||p1ch1pichi is ready for game 3.
||narutothe19 is ready for game 3.
|uhtml|next|Next: Game 3 of 3
