|j|☆bolta1
|j|☆JeanChasuble
|html|bolta1JeanChasuble    
|uhtml|bestof|Game 1 of a best-of-3
|t:|1757705078
|gametype|doubles
|player|p1|bolta1|266|1046
|player|p2|JeanChasuble|cheren-gen5bw2|1200
|gen|9
|tier|[Gen 9] VGC 2025 Reg H (Bo3)
|rated|
|rule|Species Clause: Limit one of each Pokémon
|rule|Item Clause: Limit 1 of each item
|clearpoke
|poke|p1|Slowking-Galar, L50, M|
|poke|p1|Rillaboom, L50, M|
|poke|p1|Incineroar, L50, M|
|poke|p1|Hydreigon, L50, F|
|poke|p1|Smeargle, L50, M|
|poke|p1|Gholdengo, L50|
|poke|p2|Porygon2, L50|
|poke|p2|Ursaluna, L50, M|
|poke|p2|Incineroar, L50, F|
|poke|p2|Sneasler, L50, M|
|poke|p2|Hydreigon, L50, F|
|poke|p2|Amoonguss, L50, F|
|teampreview|4
|showteam|p1|Slowking-Galar||ExpertBelt|CuriousMedicine|EerieSpell,AcidSpray,TrickRoom,Protect|||M|||50|,,,,,Poison]Rillaboom||AssaultVest|GrassySurge|FakeOut,GrassyGlide,HighHorsepower,Uturn|||M|||50|,,,,,Grass]Incineroar||SitrusBerry|Intimidate|FakeOut,PartingShot,KnockOff,FlareBlitz|||M|||50|,,,,,Dragon]Hydreigon||ScopeLens|Levitate|FocusEnergy,DracoMeteor,EarthPower,Protect|||F|||50|,,,,,Dark]Smeargle||FocusSash|Moody|FakeOut,Tailwind,Spore,SpikyShield|||M|||50|,,,,,Normal]Gholdengo||GrassySeed|GoodasGold|NastyPlot,MakeItRain,ShadowBall,Protect||||||50|,,,,,Steel
|showteam|p2|Porygon2||Eviolite|Download|TeraBlast,IceBeam,TrickRoom,Recover||||||50|,,,,,Flying]Ursaluna||FlameOrb|Guts|Facade,Substitute,HeadlongRush,Protect|||M|||50|,,,,,Ghost]Incineroar||RockyHelmet|Intimidate|FlareBlitz,FakeOut,KnockOff,PartingShot|||F|||50|,,,,,Grass]Sneasler||FocusSash|Unburden|CloseCombat,DireClaw,FakeOut,Protect|||M|||50|,,,,,Stellar]Hydreigon||SafetyGoggles|Levitate|DracoMeteor,Snarl,Protect,Tailwind|||F|||50|,,,,,Ghost]Amoonguss||SitrusBerry|Regenerator|SludgeBomb,Spore,RagePowder,Protect|||F|||50|,,,,,Water
|inactive|Battle timer is ON: inactive players will automatically lose when time's up. (requested by bolta1)
|
|t:|1757705173
|teamsize|p1|4
|teamsize|p2|4
|start
|switch|p1a: Rillaboom|Rillaboom, L50, M|100/100
|switch|p1b: Smeargle|Smeargle, L50, M|100/100
|switch|p2a: Sneasler|Sneasler, L50, M|100/100
|switch|p2b: Porygon2|Porygon2, L50|100/100
|-fieldstart|move: Grassy Terrain|[from] ability: Grassy Surge|[of] p1a: Rillaboom
|-ability|p2b: Porygon2|Download|boost
|-boost|p2b: Porygon2|spa|1
|turn|1
|inactive|bolta1 has 30 seconds left.
|
|t:|1757705199
|move|p2a: Sneasler|Fake Out|p1b: Smeargle
|-damage|p1b: Smeargle|61/100
|cant|p1b: Smeargle|flinch
|move|p1a: Rillaboom|Fake Out|p2b: Porygon2
|-damage|p2b: Porygon2|90/100
|cant|p2b: Porygon2|flinch
|
|-heal|p1b: Smeargle|67/100|[from] Grassy Terrain
|-heal|p2b: Porygon2|96/100|[from] Grassy Terrain
|-ability|p1b: Smeargle|Moody|boost
|-boost|p1b: Smeargle|def|2
|-unboost|p1b: Smeargle|spe|1
|upkeep
|turn|2
|
|t:|1757705215
|switch|p1b: Incineroar|Incineroar, L50, M|100/100
|-ability|p1b: Incineroar|Intimidate|boost
|-unboost|p2a: Sneasler|atk|1
|-unboost|p2b: Porygon2|atk|1
|-terastallize|p2b: Porygon2|Flying
|move|p2a: Sneasler|Close Combat|p1b: Incineroar
|-supereffective|p1b: Incineroar
|-damage|p1b: Incineroar|16/100
|-unboost|p2a: Sneasler|def|1
|-unboost|p2a: Sneasler|spd|1
|-enditem|p1b: Incineroar|Sitrus Berry|[eat]
|-heal|p1b: Incineroar|41/100|[from] item: Sitrus Berry
|move|p1a: Rillaboom|High Horsepower|p2a: Sneasler
|-supereffective|p2a: Sneasler
|-enditem|p2a: Sneasler|Focus Sash
|-damage|p2a: Sneasler|1/100
|move|p2b: Porygon2|Ice Beam|p1a: Rillaboom
|-supereffective|p1a: Rillaboom
|-damage|p1a: Rillaboom|46/100
|
|-heal|p2a: Sneasler|7/100|[from] Grassy Terrain
|-heal|p1a: Rillaboom|52/100|[from] Grassy Terrain
|-heal|p1b: Incineroar|47/100|[from] Grassy Terrain
|upkeep
|turn|3
|inactive|bolta1 has 30 seconds left.
|inactive|JeanChasuble has 30 seconds left.
|
|t:|1757705247
|switch|p2a: Incineroar|Incineroar, L50, F|100/100
|-ability|p2a: Incineroar|Intimidate|boost
|-unboost|p1a: Rillaboom|atk|1
|-unboost|p1b: Incineroar|atk|1
|move|p1b: Incineroar|Fake Out|p2b: Porygon2
|-damage|p2b: Porygon2|90/100
|move|p1a: Rillaboom|Grassy Glide|p2a: Incineroar
|-resisted|p2a: Incineroar
|-damage|p2a: Incineroar|90/100
|-damage|p1a: Rillaboom|36/100|[from] item: Rocky Helmet|[of] p2a: Incineroar
|cant|p2b: Porygon2|flinch
|
|-heal|p2a: Incineroar|96/100|[from] Grassy Terrain
|-heal|p1a: Rillaboom|42/100|[from] Grassy Terrain
|-heal|p1b: Incineroar|53/100|[from] Grassy Terrain
|upkeep
|turn|4
|
|t:|1757705271
|move|p2a: Incineroar|Parting Shot|p1b: Incineroar
|-unboost|p1b: Incineroar|atk|1
|-unboost|p1b: Incineroar|spa|1
|
|t:|1757705275
|switch|p2a: Amoonguss|Amoonguss, L50, F|100/100|[from] Parting Shot
|move|p1a: Rillaboom|U-turn|p2a: Amoonguss
|-damage|p2a: Amoonguss|85/100
|
|t:|1757705282
|switch|p1a: Smeargle|Smeargle, L50, M|67/100|[from] U-turn
|move|p1b: Incineroar|Parting Shot|p2a: Amoonguss
|-unboost|p2a: Amoonguss|atk|1
|-unboost|p2a: Amoonguss|spa|1
|
|t:|1757705291
|switch|p1b: Rillaboom|Rillaboom, L50, M|42/100|[from] Parting Shot
|move|p2b: Porygon2|Trick Room|p2b: Porygon2
|-fieldstart|move: Trick Room|[of] p2b: Porygon2
|
|-heal|p2a: Amoonguss|91/100|[from] Grassy Terrain
|-heal|p1b: Rillaboom|47/100|[from] Grassy Terrain
|-heal|p1a: Smeargle|73/100|[from] Grassy Terrain
|-ability|p1a: Smeargle|Moody|boost
|-boost|p1a: Smeargle|atk|2
|-unboost|p1a: Smeargle|def|1
|upkeep
|turn|5
|
|t:|1757705305
|move|p1b: Rillaboom|Fake Out|p2b: Porygon2
|-damage|p2b: Porygon2|81/100
|move|p1a: Smeargle|Fake Out|p2a: Amoonguss
|-damage|p2a: Amoonguss|83/100
|cant|p2a: Amoonguss|flinch
|cant|p2b: Porygon2|flinch
|
|-heal|p2a: Amoonguss|89/100|[from] Grassy Terrain
|-heal|p1b: Rillaboom|53/100|[from] Grassy Terrain
|-heal|p1a: Smeargle|80/100|[from] Grassy Terrain
|-fieldend|move: Grassy Terrain
|-ability|p1a: Smeargle|Moody|boost
|-boost|p1a: Smeargle|spd|2
|-unboost|p1a: Smeargle|atk|1
|upkeep
|turn|6
|inactive|bolta1 has 30 seconds left.
|
|t:|1757705331
|switch|p1b: Incineroar|Incineroar, L50, M|53/100
|-ability|p1b: Incineroar|Intimidate|boost
|-unboost|p2a: Amoonguss|atk|1
|-unboost|p2b: Porygon2|atk|1
|move|p1a: Smeargle|Spiky Shield|p1a: Smeargle
|-singleturn|p1a: Smeargle|move: Protect
|move|p2a: Amoonguss|Spore|p1a: Smeargle
|-activate|p1a: Smeargle|move: Protect
|move|p2b: Porygon2|Tera Blast|p1b: Incineroar|[anim] Tera Blast Flying
|-damage|p1b: Incineroar|5/100
|
|-ability|p1a: Smeargle|Moody|boost
|-boost|p1a: Smeargle|spe|2
|-unboost|p1a: Smeargle|def|1
|upkeep
|turn|7
|inactive|bolta1 has 30 seconds left.
|inactive|JeanChasuble has 30 seconds left.
|
|t:|1757705363
|switch|p2a: Incineroar|Incineroar, L50, F|96/100
|-ability|p2a: Incineroar|Intimidate|boost
|-unboost|p1a: Smeargle|atk|1
|-unboost|p1b: Incineroar|atk|1
|switch|p1a: Rillaboom|Rillaboom, L50, M|53/100
|-fieldstart|move: Grassy Terrain|[from] ability: Grassy Surge|[of] p1a: Rillaboom
|move|p1b: Incineroar|Fake Out|p2b: Porygon2
|-crit|p2b: Porygon2
|-damage|p2b: Porygon2|67/100
|cant|p2b: Porygon2|flinch
|
|-heal|p1b: Incineroar|11/100|[from] Grassy Terrain
|-heal|p1a: Rillaboom|59/100|[from] Grassy Terrain
|-heal|p2a: Incineroar|100/100|[from] Grassy Terrain
|upkeep
|turn|8
|inactive|bolta1 has 30 seconds left.
|
|t:|1757705388
|move|p1a: Rillaboom|Fake Out|p2a: Incineroar
|-damage|p2a: Incineroar|89/100
|-damage|p1a: Rillaboom|43/100|[from] item: Rocky Helmet|[of] p2a: Incineroar
|move|p1b: Incineroar|Knock Off|p2b: Porygon2
|-damage|p2b: Porygon2|44/100
|-enditem|p2b: Porygon2|Eviolite|[from] move: Knock Off|[of] p1b: Incineroar
|move|p2b: Porygon2|Recover|p2b: Porygon2
|-heal|p2b: Porygon2|94/100
|cant|p2a: Incineroar|flinch
|
|-heal|p1b: Incineroar|17/100|[from] Grassy Terrain
|-heal|p1a: Rillaboom|48/100|[from] Grassy Terrain
|-heal|p2a: Incineroar|95/100|[from] Grassy Terrain
|-fieldend|move: Trick Room
|upkeep
|turn|9
|inactive|bolta1 has 30 seconds left.
|inactive|bolta1 has 20 seconds left.
|inactive|bolta1 has 15 seconds left.
|inactive|bolta1 has 10 seconds left.
|
|t:|1757705436
|move|p2a: Incineroar|Flare Blitz|p1a: Rillaboom
|-supereffective|p1a: Rillaboom
|-damage|p1a: Rillaboom|0 fnt
|faint|p1a: Rillaboom
|-damage|p2a: Incineroar|79/100|[from] Recoil
|move|p2b: Porygon2|Tera Blast|p1b: Incineroar|[anim] Tera Blast Flying
|-damage|p1b: Incineroar|0 fnt
|faint|p1b: Incineroar
|
|-heal|p2a: Incineroar|85/100|[from] Grassy Terrain
|upkeep
|
|t:|1757705444
|switch|p1a: Hydreigon|Hydreigon, L50, F|100/100
|switch|p1b: Smeargle|Smeargle, L50, M|80/100
|turn|10
|
|t:|1757705463
|move|p1b: Smeargle|Fake Out|p2b: Porygon2
|-damage|p2b: Porygon2|87/100
|move|p1a: Hydreigon|Focus Energy|p1a: Hydreigon
|-start|p1a: Hydreigon|move: Focus Energy
|move|p2a: Incineroar|Knock Off|p1a: Hydreigon
|-resisted|p1a: Hydreigon
|-damage|p1a: Hydreigon|78/100
|-enditem|p1a: Hydreigon|Scope Lens|[from] move: Knock Off|[of] p2a: Incineroar
|cant|p2b: Porygon2|flinch
|
|-heal|p1b: Smeargle|86/100|[from] Grassy Terrain
|-heal|p2a: Incineroar|91/100|[from] Grassy Terrain
|-ability|p1b: Smeargle|Moody|boost
|-boost|p1b: Smeargle|spd|2
|-unboost|p1b: Smeargle|spe|1
|upkeep
|turn|11
|inactive|bolta1 has 30 seconds left.
|
|t:|1757705491
|move|p1a: Hydreigon|Earth Power|p2a: Incineroar
|-supereffective|p2a: Incineroar
|-crit|p2a: Incineroar
|-damage|p2a: Incineroar|14/100
|move|p1b: Smeargle|Spore|p2b: Porygon2
|-status|p2b: Porygon2|slp|[from] move: Spore
|move|p2a: Incineroar|Flare Blitz|p1b: Smeargle
|-damage|p1b: Smeargle|0 fnt
|faint|p1b: Smeargle
|-damage|p2a: Incineroar|0 fnt|[from] Recoil
|faint|p2a: Incineroar
|cant|p2b: Porygon2|slp
|
|-fieldend|move: Grassy Terrain
|upkeep
|
|t:|1757705499
|switch|p2a: Amoonguss|Amoonguss, L50, F|100/100
|turn|12
|
|t:|1757705514
|move|p1a: Hydreigon|Draco Meteor|p2b: Porygon2
|-crit|p2b: Porygon2
|-damage|p2b: Porygon2|3/100 slp
|-unboost|p1a: Hydreigon|spa|2
|cant|p2b: Porygon2|slp
|move|p2a: Amoonguss|Spore|p1a: Hydreigon
|-status|p1a: Hydreigon|slp|[from] move: Spore
|
|upkeep
|turn|13
|
|t:|1757705523
|switch|p2b: Sneasler|Sneasler, L50, M|7/100
|move|p2a: Amoonguss|Rage Powder|p2a: Amoonguss
|-singleturn|p2a: Amoonguss|move: Rage Powder
|cant|p1a: Hydreigon|slp
|
|upkeep
|turn|14
|
|t:|1757705531
|move|p2a: Amoonguss|Rage Powder|p2a: Amoonguss
|-singleturn|p2a: Amoonguss|move: Rage Powder
|move|p2b: Sneasler|Close Combat|p1a: Hydreigon
|-supereffective|p1a: Hydreigon
|-damage|p1a: Hydreigon|0 fnt
|-unboost|p2b: Sneasler|def|1
|-unboost|p2b: Sneasler|spd|1
|faint|p1a: Hydreigon
|
|win|JeanChasuble
||JeanChasuble is ready for game 2.
|l|☆bolta1
|player|p1|
||bolta1 is ready for game 2.
|uhtml|next|Next: Game 2 of 3
