|j|☆Kampfstube
|j|☆Slaklord
|html|KampfstubeSlaklord    
|uhtml|bestof|Game 3 of a best-of-3
|t:|1757652323
|gametype|doubles
|player|p1|Kampfstube|n|1193
|player|p2|Slaklord|unknown|1000
|gen|9
|tier|[Gen 9] VGC 2025 Reg H (Bo3)
|rated|
|rule|Species Clause: Limit one of each Pokémon
|rule|Item Clause: Limit 1 of each item
|clearpoke
|poke|p1|Grimmsnarl, L50, M|
|poke|p1|Volcarona, L50, F|
|poke|p1|Annihilape, L50, F|
|poke|p1|Ursaluna-Bloodmoon, L50, M|
|poke|p1|Sneasler, L50, F|
|poke|p1|Dragonite, L50, M|
|poke|p2|Incineroar, L50, M|
|poke|p2|Pelipper, L50, F|
|poke|p2|Basculegion, L50, M|
|poke|p2|Amoonguss, L50, F|
|poke|p2|Maushold-Four, L50|
|poke|p2|Archaludon, L50, M|
|teampreview|4
|showteam|p1|Grimmsnarl||CovertCloak|Prankster|SpiritBreak,LightScreen,Reflect,ThunderWave|||M|||50|,,,,,Steel]Volcarona||SitrusBerry|FlameBody|GigaDrain,QuiverDance,FieryDance,Protect|||F|||50|,,,,,Grass]Annihilape||SafetyGoggles|Defiant|BulkUp,DrainPunch,Protect,RageFist|||F|||50|,,,,,Fire]Ursaluna-Bloodmoon||AssaultVest|MindsEye|EarthPower,BloodMoon,HyperVoice,VacuumWave|||M|||50|,,,,,Water]Sneasler||FocusSash|Unburden|FakeOut,Coaching,CloseCombat,DireClaw|||F|||50|,,,,,Ghost]Dragonite||LoadedDice|Multiscale|ScaleShot,Protect,Haze,ExtremeSpeed|||M|||50|,,,,,Steel
|showteam|p2|Incineroar||SafetyGoggles|Intimidate|FakeOut,FlareBlitz,KnockOff,PartingShot|||M|||50|,,,,,Ghost]Pelipper||FocusSash|Drizzle|Hurricane,WeatherBall,Tailwind,Protect|||F|||50|,,,,,Ghost]Basculegion||MysticWater|SwiftSwim|Protect,WaveCrash,AquaJet,LastRespects|||M|||50|,,,,,Water]Amoonguss||SitrusBerry|Regenerator|Spore,RagePowder,PollenPuff,ClearSmog|||F|||50|,,,,,Water]Maushold-Four||WideLens|Technician|PopulationBomb,FollowMe,Taunt,Protect||||||50|,,,,,Grass]Archaludon||AssaultVest|Stamina|ElectroShot,DragonPulse,FlashCannon,BodyPress|||M|||50|,,,,,Grass
|inactive|Battle timer is ON: inactive players will automatically lose when time's up. (requested by Kampfstube)
|inactive|Kampfstube has 60 seconds left.
|
|t:|1757652364
|teamsize|p1|4
|teamsize|p2|4
|start
|switch|p1a: Volcarona|Volcarona, L50, F, shiny|100/100
|switch|p1b: Sneasler|Sneasler, L50, F, shiny|100/100
|switch|p2a: Happy|Pelipper, L50, F|100/100
|switch|p2b: Goldie|Basculegion, L50, M|100/100
|-weather|RainDance|[from] ability: Drizzle|[of] p2a: Happy
|turn|1
|inactive|Slaklord has 30 seconds left.
|
|t:|1757652394
|-terastallize|p1a: Volcarona|Grass
|move|p1b: Sneasler|Fake Out|p2a: Happy
|-damage|p2a: Happy|81/100
|move|p2b: Goldie|Wave Crash|p1b: Sneasler
|-enditem|p1b: Sneasler|Focus Sash
|-damage|p1b: Sneasler|1/100
|-damage|p2b: Goldie|74/100|[from] Recoil
|move|p1a: Volcarona|Quiver Dance|p1a: Volcarona
|-boost|p1a: Volcarona|spa|1
|-boost|p1a: Volcarona|spd|1
|-boost|p1a: Volcarona|spe|1
|cant|p2a: Happy|flinch
|
|-weather|RainDance|[upkeep]
|upkeep
|turn|2
|
|t:|1757652417
|switch|p1b: Grimmsnarl|Grimmsnarl, L50, M|100/100
|move|p2b: Goldie|Aqua Jet|p1b: Grimmsnarl
|-damage|p1b: Grimmsnarl|67/100
|move|p1a: Volcarona|Giga Drain|p2a: Happy
|-damage|p2a: Happy|0 fnt
|faint|p2a: Happy
|
|-weather|RainDance|[upkeep]
|upkeep
|
|t:|1757652431
|switch|p2a: Jerry&Family|Maushold-Four, L50, shiny|100/100
|turn|3
|
|t:|1757652444
|move|p2b: Goldie|Protect|p2b: Goldie
|-singleturn|p2b: Goldie|Protect
|move|p1a: Volcarona|Protect|p1a: Volcarona
|-singleturn|p1a: Volcarona|Protect
|move|p1b: Grimmsnarl|Reflect|p1b: Grimmsnarl
|-sidestart|p1: Kampfstube|Reflect
|move|p2a: Jerry&Family|Population Bomb|p1a: Volcarona
|-activate|p1a: Volcarona|move: Protect
|
|-weather|RainDance|[upkeep]
|upkeep
|turn|4
|inactive|Slaklord has 30 seconds left.
|
|t:|1757652472
|move|p1b: Grimmsnarl|Thunder Wave|p2a: Jerry&Family
|-status|p2a: Jerry&Family|par
|move|p2b: Goldie|Wave Crash|p1b: Grimmsnarl
|-damage|p1b: Grimmsnarl|0 fnt
|faint|p1b: Grimmsnarl
|-damage|p2b: Goldie|52/100|[from] Recoil
|move|p1a: Volcarona|Giga Drain|p2b: Goldie
|-supereffective|p2b: Goldie
|-damage|p2b: Goldie|0 fnt
|faint|p2b: Goldie
|cant|p2a: Jerry&Family|par
|
|-weather|RainDance|[upkeep]
|upkeep
|
|t:|1757652486
|switch|p2b: Tom|Incineroar, L50, M|100/100
|switch|p1b: Sneasler|Sneasler, L50, F, shiny|1/100
|-ability|p2b: Tom|Intimidate|boost
|-unboost|p1a: Volcarona|atk|1
|-unboost|p1b: Sneasler|atk|1
|turn|5
|
|t:|1757652507
|-terastallize|p2b: Tom|Ghost
|move|p1b: Sneasler|Fake Out|p2a: Jerry&Family
|-damage|p2a: Jerry&Family|87/100 par
|move|p2b: Tom|Fake Out|p1b: Sneasler
|-damage|p1b: Sneasler|0 fnt
|faint|p1b: Sneasler
|move|p1a: Volcarona|Quiver Dance|p1a: Volcarona
|-boost|p1a: Volcarona|spa|1
|-boost|p1a: Volcarona|spd|1
|-boost|p1a: Volcarona|spe|1
|cant|p2a: Jerry&Family|flinch
|
|-weather|none
|upkeep
|
|t:|1757652519
|switch|p1b: Annihilape|Annihilape, L50, F|100/100
|turn|6
|
|t:|1757652534
|move|p1a: Volcarona|Giga Drain|p2a: Jerry&Family
|-damage|p2a: Jerry&Family|0 fnt
|faint|p2a: Jerry&Family
|move|p1b: Annihilape|Rage Fist|p2b: Tom
|-supereffective|p2b: Tom
|-damage|p2b: Tom|54/100
|move|p2b: Tom|Flare Blitz|p1b: Annihilape
|-damage|p1b: Annihilape|66/100
|-damage|p2b: Tom|42/100|[from] Recoil
|
|upkeep
|turn|7
|
|t:|1757652551
|move|p1a: Volcarona|Fiery Dance|p2b: Tom
|-damage|p2b: Tom|0 fnt
|-boost|p1a: Volcarona|spa|1
|faint|p2b: Tom
|
|win|Kampfstube
|raw|Kampfstube's rating: 1193 → 1205(+12 for winning)
|raw|Slaklord's rating: 1000 → 1000(+0 for losing)
