|j|☆billimagchili
|j|☆Dawsonschris
|html|billimagchiliDawsonschris    
|uhtml|bestof|Game 1 of a best-of-3
|t:|1756986648
|gametype|doubles
|player|p1|billimagchili|red|1071
|player|p2|Dawsonschris|artist-gen4|1239
|gen|9
|tier|[Gen 9] VGC 2025 Reg H (Bo3)
|rated|
|rule|Species Clause: Limit one of each Pokémon
|rule|Item Clause: Limit 1 of each item
|clearpoke
|poke|p1|Incineroar, L50, M|
|poke|p1|Dragonite, L50, M|
|poke|p1|Whimsicott, L50, F|
|poke|p1|Sneasler, L50, F|
|poke|p1|Primarina, L50, F|
|poke|p1|Annihilape, L50, M|
|poke|p2|Ursaluna-Bloodmoon, L50, M|
|poke|p2|Electabuzz, L50, M|
|poke|p2|Sneasler, L50, F|
|poke|p2|Indeedee, L50, M|
|poke|p2|Whimsicott, L50, M|
|poke|p2|Typhlosion-Hisui, L50, F|
|teampreview|4
|showteam|p1|Incineroar||SafetyGoggles|Intimidate|FakeOut,KnockOff,PartingShot,Taunt|||M|||50|,,,,,Ghost]Dragonite||LoadedDice|InnerFocus|ScaleShot,ExtremeSpeed,Protect,Haze|||M|||50|,,,,,Fairy]Whimsicott||CovertCloak|Prankster|Tailwind,Encore,Moonblast,SunnyDay|||F|||50|,,,,,Poison]Sneasler||FocusSash|Unburden|DireClaw,CloseCombat,Taunt,Protect|||F|||50|,,,,,Dark]Primarina||ThroatSpray|LiquidVoice|HyperVoice,Moonblast,DrainingKiss,Protect|||F|||50|,,,,,Poison]Annihilape||SitrusBerry|Defiant|RageFist,DrainPunch,Protect,BulkUp|||M|||50|,,,,,Fire
|showteam|p2|Ursaluna-Bloodmoon||LifeOrb|MindsEye|Protect,BloodMoon,EarthPower,HyperVoice|||M|||50|,,,,,Normal]Electabuzz||Eviolite|VitalSpirit|FollowMe,Taunt,Electroweb,Protect|||M|||50|,,,,,Dragon]Sneasler||PsychicSeed|Unburden|ThroatChop,DireClaw,CloseCombat,Protect|||F|||50|,,,,,Dark]Indeedee||FocusSash|PsychicSurge|ExpandingForce,TrickRoom,HelpingHand,Protect|||M|||50|,,,,,Psychic]Whimsicott||CovertCloak|Prankster|Tailwind,Moonblast,Encore,SunnyDay|||M|||50|,,,,,Ghost]Typhlosion-Hisui||ChoiceSpecs|Blaze|Eruption,HeatWave,ShadowBall,Flamethrower|||F|||50|,,,,,Fire
|inactive|Battle timer is ON: inactive players will automatically lose when time's up. (requested by Dawsonschris)
|
|t:|1756986694
|teamsize|p1|4
|teamsize|p2|4
|start
|switch|p1a: Aurra Sing|Sneasler, L50, F, shiny|100/100
|switch|p1b: Rajah|Incineroar, L50, M|100/100
|switch|p2a: Electabuzz|Electabuzz, L50, M|100/100
|switch|p2b: Ursaluna|Ursaluna-Bloodmoon, L50, M|100/100
|-ability|p1b: Rajah|Intimidate|boost
|-unboost|p2a: Electabuzz|atk|1
|-unboost|p2b: Ursaluna|atk|1
|turn|1
|
|t:|1756986713
|move|p2a: Electabuzz|Protect|p2a: Electabuzz
|-singleturn|p2a: Electabuzz|Protect
|move|p2b: Ursaluna|Protect|p2b: Ursaluna
|-singleturn|p2b: Ursaluna|Protect
|move|p1b: Rajah|Fake Out|p2a: Electabuzz
|-activate|p2a: Electabuzz|move: Protect
|move|p1a: Aurra Sing|Close Combat|p2b: Ursaluna
|-activate|p2b: Ursaluna|move: Protect
|
|upkeep
|turn|2
|
|t:|1756986727
|move|p1a: Aurra Sing|Protect|p1a: Aurra Sing
|-singleturn|p1a: Aurra Sing|Protect
|move|p2a: Electabuzz|Follow Me|p2a: Electabuzz
|-singleturn|p2a: Electabuzz|move: Follow Me
|move|p1b: Rajah|Taunt|p2a: Electabuzz
|-start|p2a: Electabuzz|move: Taunt
|move|p2b: Ursaluna|Earth Power|p1b: Rajah
|-supereffective|p1b: Rajah
|-damage|p1b: Rajah|0 fnt
|faint|p1b: Rajah
|-damage|p2b: Ursaluna|91/100|[from] item: Life Orb
|
|upkeep
|
|t:|1756986739
|switch|p1b: Rikki|Primarina, L50, F, shiny|100/100
|turn|3
|
|t:|1756986754
|move|p2b: Ursaluna|Protect|p2b: Ursaluna
|-singleturn|p2b: Ursaluna|Protect
|move|p2a: Electabuzz|Electroweb|p1b: Rikki|[spread] p1a,p1b
|-supereffective|p1b: Rikki
|-damage|p1a: Aurra Sing|82/100
|-damage|p1b: Rikki|75/100
|-unboost|p1a: Aurra Sing|spe|1
|-unboost|p1b: Rikki|spe|1
|move|p1a: Aurra Sing|Close Combat|p2b: Ursaluna
|-activate|p2b: Ursaluna|move: Protect
|move|p1b: Rikki|Hyper Voice|p2a: Electabuzz|[spread] p2a
|-activate|p2b: Ursaluna|move: Protect
|-damage|p2a: Electabuzz|68/100
|-enditem|p1b: Rikki|Throat Spray
|-boost|p1b: Rikki|spa|1|[from] item: Throat Spray
|
|upkeep
|turn|4
|
|t:|1756986775
|switch|p2b: Whimsicott|Whimsicott, L50, M|100/100
|move|p2a: Electabuzz|Electroweb|p1a: Aurra Sing|[spread] p1a
|-miss|p2a: Electabuzz|p1b: Rikki
|-damage|p1a: Aurra Sing|63/100
|-unboost|p1a: Aurra Sing|spe|1
|move|p1a: Aurra Sing|Close Combat|p2b: Whimsicott
|-resisted|p2b: Whimsicott
|-damage|p2b: Whimsicott|54/100
|-unboost|p1a: Aurra Sing|def|1
|-unboost|p1a: Aurra Sing|spd|1
|move|p1b: Rikki|Draining Kiss|p2a: Electabuzz
|-damage|p2a: Electabuzz|36/100
|-heal|p1b: Rikki|99/100|[from] drain|[of] p2a: Electabuzz
|
|upkeep
|turn|5
|inactive|Dawsonschris has 30 seconds left.
|
|t:|1756986801
|-terastallize|p1a: Aurra Sing|Dark
|move|p2b: Whimsicott|Tailwind|p2b: Whimsicott
|-sidestart|p2: Dawsonschris|move: Tailwind
|move|p2a: Electabuzz|Electroweb|p1a: Aurra Sing|[spread] p1a,p1b
|-supereffective|p1b: Rikki
|-damage|p1a: Aurra Sing|34/100
|-damage|p1b: Rikki|73/100
|-unboost|p1a: Aurra Sing|spe|1
|-unboost|p1b: Rikki|spe|1
|move|p1a: Aurra Sing|Dire Claw|p2b: Whimsicott
|-supereffective|p2b: Whimsicott
|-damage|p2b: Whimsicott|0 fnt
|faint|p2b: Whimsicott
|move|p1b: Rikki|Moonblast|p2a: Electabuzz
|-damage|p2a: Electabuzz|0 fnt
|faint|p2a: Electabuzz
|
|upkeep
|
|t:|1756986819
|switch|p2b: Typhlosion|Typhlosion-Hisui, L50, F|100/100
|switch|p2a: Ursaluna|Ursaluna-Bloodmoon, L50, M|91/100
|turn|6
|inactive|billimagchili has 30 seconds left.
|inactive|billimagchili has 20 seconds left.
|
|t:|1756986857
|-terastallize|p2b: Typhlosion|Fire
|move|p1b: Rikki|Protect|p1b: Rikki
|-singleturn|p1b: Rikki|Protect
|move|p2b: Typhlosion|Eruption|p1a: Aurra Sing|[spread] p1a
|-activate|p1b: Rikki|move: Protect
|-damage|p1a: Aurra Sing|0 fnt
|faint|p1a: Aurra Sing
|move|p2a: Ursaluna|Hyper Voice|p1b: Rikki
|-activate|p1b: Rikki|move: Protect
|
|upkeep
|
|t:|1756986863
|switch|p1a: Silvermist|Whimsicott, L50, F, shiny|100/100
|turn|7
|inactive|billimagchili has 30 seconds left.
|inactive|billimagchili has 20 seconds left.
|
|t:|1756986900
|move|p1a: Silvermist|Encore|p2a: Ursaluna
|-start|p2a: Ursaluna|Encore
|move|p2b: Typhlosion|Eruption|p1b: Rikki|[spread] p1a,p1b
|-supereffective|p1a: Silvermist
|-resisted|p1b: Rikki
|-damage|p1a: Silvermist|0 fnt
|-damage|p1b: Rikki|18/100
|faint|p1a: Silvermist
|move|p2a: Ursaluna|Hyper Voice|p1b: Rikki
|-damage|p1b: Rikki|0 fnt
|faint|p1b: Rikki
|-damage|p2a: Ursaluna|81/100|[from] item: Life Orb
|
|win|Dawsonschris
|l|☆billimagchili
|player|p1|
||billimagchili is ready for game 2.
|inactive|Dawsonschris has 30 seconds to confirm battle start!
