|j|☆Shahrozkhan096
|j|☆babayaga27
|html|Shahrozkhan096babayaga27    
|uhtml|bestof|Game 2 of a best-of-3
|t:|1785951794
|gametype|doubles
|player|p1|Shahrozkhan096|2|
|player|p2|babayaga27|101|
|gen|9
|tier|[Gen 9 Champions] VGC 2026 Reg M-B (Bo3)
|rule|Species Clause: Limit one of each Pokémon
|rule|Item Clause: Limit 1 of each item
|clearpoke
|poke|p1|Charizard, L50, F, shiny|
|poke|p1|Tyrantrum, L50, F, shiny|
|poke|p1|Talonflame, L50, M|
|poke|p1|Sinistcha, L50|
|poke|p1|Milotic, L50, M, shiny|
|poke|p1|Machamp, L50, F|
|poke|p2|Delphox, L50, M, shiny|
|poke|p2|Zoroark-Hisui, L50, M, shiny|
|poke|p2|Kangaskhan, L50, F|
|poke|p2|Mamoswine, L50, M|
|poke|p2|Ninetales-Alola, L50, F, shiny|
|poke|p2|Whimsicott, L50, F, shiny|
|teampreview|4
|showteam|p1|Charizard||CharizarditeY|Blaze|HeatWave,WeatherBall,SolarBeam,Protect|Modest||F|||50|]Tyrantrum||ChoiceScarf|RockHead|HeadSmash,RockSlide,DragonClaw,Crunch|Jolly||F|||50|]Talonflame||FocusSash|GaleWings|Tailwind,BraveBird,FlareBlitz,Protect|Adamant||M|||50|]Sinistcha||SitrusBerry|Hospitality|MatchaGotcha,RagePowder,Protect,StrengthSap|Bold|||||50|]Milotic||Leftovers|Competitive|Scald,IceBeam,Protect,Recover|Modest||M|||50|]Machamp||QuickClaw|NoGuard|DynamicPunch,Detect,BrickBreak,StoneEdge|Adamant||F|||50|
|showteam|p2|Delphox||Delphoxite|Blaze|Psychic,NastyPlot,HeatWave,Protect|Modest||M|||50|]Zoroark-Hisui||BrightPowder|Illusion|BitterMalice,HyperVoice,Protect,DarkPulse|Modest||M|||50|]Kangaskhan||SilkScarf|Scrappy|FakeOut,LastResort|Adamant||F|||50|]Mamoswine||LifeOrb|ThickFat|IcicleCrash,Earthquake,Protect,RockSlide|Adamant||M|||50|]Ninetales-Alola||ChoiceScarf|SnowWarning|IceBeam,FreezeDry,Blizzard,Moonblast|Modest||F|||50|]Whimsicott||FocusSash|Prankster|Tailwind,DazzlingGleam,Protect,Encore|Timid||F|||50|
|
|t:|1785951814
|teamsize|p1|4
|teamsize|p2|4
|start
|switch|p1a: Talonflame|Talonflame, L50, M|100/100
|switch|p1b: Machamp|Machamp, L50, F|100/100
|switch|p2a: Whims|Whimsicott, L50, F, shiny|100/100
|switch|p2b: Mommy|Kangaskhan, L50, F|100/100
|turn|1
|-activate|p1b: Machamp|item: Quick Claw
|
|t:|1785951835
|move|p2b: Mommy|Fake Out|p1a: Talonflame
|-damage|p1a: Talonflame|67/100
|move|p1b: Machamp|Dynamic Punch|p2b: Mommy
|-supereffective|p2b: Mommy|1
|-damage|p2b: Mommy|0 fnt
|faint|p2b: Mommy
|move|p2a: Whims|Dazzling Gleam|p1b: Machamp|[spread] p1a,p1b
|-resisted|p1a: Talonflame|1
|-supereffective|p1b: Machamp|1
|-damage|p1a: Talonflame|56/100
|-damage|p1b: Machamp|66/100
|cant|p1a: Talonflame|flinch
|
|upkeep
|
|t:|1785951844
|switch|p2b: Magician|Delphox, L50, M, shiny|100/100
|turn|2
|
|t:|1785951858
|detailschange|p2b: Magician|Delphox-Mega, L50, M, shiny
|-mega|p2b: Magician|Delphox|Delphoxite
|move|p2a: Whims|Dazzling Gleam|p1a: Talonflame|[spread] p1a,p1b
|-resisted|p1a: Talonflame|1
|-supereffective|p1b: Machamp|1
|-damage|p1a: Talonflame|45/100
|-damage|p1b: Machamp|29/100
|move|p2b: Magician|Heat Wave|p1b: Machamp|[spread] p1b
|-miss|p2b: Magician|p1a: Talonflame
|-damage|p1b: Machamp|0 fnt
|faint|p1b: Machamp
|move|p1a: Talonflame|Tailwind|p1a: Talonflame
|-sidestart|p1: Shahrozkhan096|move: Tailwind
|
|upkeep
|
|t:|1785951883
|switch|p1b: Tyrantrum|Tyrantrum, L50, F, shiny|100/100
|turn|3
|
|t:|1785951899
|move|p2b: Magician|Protect|p2b: Magician
|-singleturn|p2b: Magician|Protect
|move|p2a: Whims|Tailwind|p2a: Whims
|-sidestart|p2: babayaga27|move: Tailwind
|move|p1b: Tyrantrum|Head Smash|p2a: Whims|[miss]
|-miss|p1b: Tyrantrum|p2a: Whims
|move|p1a: Talonflame|Brave Bird|p2a: Whims
|-supereffective|p2a: Whims|1
|-enditem|p2a: Whims|Focus Sash
|-damage|p2a: Whims|1/100
|-damage|p1a: Talonflame|9/100|[from] Recoil
|
|upkeep
|turn|4
|
|t:|1785951944
|switch|p2b: Mamoswine|Mamoswine, L50, M|100/100
|move|p1b: Tyrantrum|Head Smash|p2b: Mamoswine|[miss]
|-miss|p1b: Tyrantrum|p2b: Mamoswine
|move|p2a: Whims|Dazzling Gleam|p1a: Talonflame|[spread] p1a,p1b
|-resisted|p1a: Talonflame|1
|-supereffective|p1b: Tyrantrum|1
|-damage|p1a: Talonflame|0 fnt
|-damage|p1b: Tyrantrum|39/100
|faint|p1a: Talonflame
|
|upkeep
|
|t:|1785951955
|switch|p1a: Charizard|Charizard, L50, F, shiny|100/100
|turn|5
|
|t:|1785951965
|detailschange|p1a: Charizard|Charizard-Mega-Y, L50, F, shiny
|-mega|p1a: Charizard|Charizard|Charizardite Y
|-weather|SunnyDay|[from] ability: Drought|[of] p1a: Charizard
|move|p2a: Whims|Protect|p2a: Whims
|-singleturn|p2a: Whims|Protect
|move|p2b: Mamoswine|Protect|p2b: Mamoswine
|-singleturn|p2b: Mamoswine|Protect
|move|p1b: Tyrantrum|Head Smash|p2b: Mamoswine
|-activate|p2b: Mamoswine|move: Protect
|move|p1a: Charizard|Heat Wave|p2a: Whims|[spread] 
|-activate|p2a: Whims|move: Protect
|-activate|p2b: Mamoswine|move: Protect
|
|-weather|SunnyDay|[upkeep]
|-sideend|p1: Shahrozkhan096|move: Tailwind
|upkeep
|turn|6
|
|t:|1785951981
|move|p2a: Whims|Dazzling Gleam|p1b: Tyrantrum|[spread] p1a,p1b
|-resisted|p1a: Charizard|1
|-supereffective|p1b: Tyrantrum|1
|-damage|p1a: Charizard|90/100
|-damage|p1b: Tyrantrum|0 fnt
|faint|p1b: Tyrantrum
|move|p2b: Mamoswine|Rock Slide|p1a: Charizard
|-supereffective|p1a: Charizard|2
|-damage|p1a: Charizard|0 fnt
|faint|p1a: Charizard
|-damage|p2b: Mamoswine|90/100|[from] item: Life Orb
|
|win|babayaga27
|inactive|Shahrozkhan096 has 30 seconds to confirm battle start!
|inactive|babayaga27 has 30 seconds to confirm battle start!
|inactive|Shahrozkhan096 has 20 seconds to confirm battle start!
|inactive|babayaga27 has 20 seconds to confirm battle start!
