|j|☆Zurneus
|j|☆BigfootBender
|html|ZurneusBigfootBender    
|uhtml|bestof|Game 3 of a best-of-3
|t:|1756178900
|gametype|doubles
|player|p1|Zurneus|silver|1128
|player|p2|BigfootBender|rocketgruntf|1015
|gen|9
|tier|[Gen 9] VGC 2025 Reg H (Bo3)
|rated|
|rule|Species Clause: Limit one of each Pokémon
|rule|Item Clause: Limit 1 of each item
|clearpoke
|poke|p1|Gyarados, L50, F|
|poke|p1|Indeedee, L50, M|
|poke|p1|Volcarona, L50, F|
|poke|p1|Excadrill, L50, M|
|poke|p1|Amoonguss, L50, M|
|poke|p1|Tyranitar, L50, F|
|poke|p2|Dragapult, L50, F|
|poke|p2|Kingdra, L50, F|
|poke|p2|Pelipper, L50, F|
|poke|p2|Archaludon, L50, M|
|poke|p2|Indeedee-F, L50, F|
|poke|p2|Goodra-Hisui, L50, M|
|teampreview|4
|showteam|p1|Gyarados||SafetyGoggles|Intimidate|Taunt,ThunderWave,Waterfall,Protect|||F|||50|,,,,,Steel]Indeedee||ChoiceScarf|PsychicSurge|DazzlingGleam,TeraBlast,Trick,ExpandingForce|||M|||50|,,,,,Psychic]Volcarona||LifeOrb|FlameBody|HeatWave,Tailwind,TeraBlast,Protect|||F|||50|,,,,,Fairy]Excadrill||ClearAmulet|SandRush|Protect,Earthquake,HighHorsepower,IronHead|||M|||50|,,,,,Ghost]Amoonguss||SitrusBerry|Regenerator|Protect,ClearSmog,RagePowder,Spore|||M|||50|,,,,,Water]Tyranitar||AssaultVest|SandStream|LowKick,TeraBlast,KnockOff,RockSlide|||F|||50|,,,,,Flying
|showteam|p2|Dragapult||LifeOrb|ClearBody|DragonDarts,PsychicFangs,SuckerPunch,Protect|||F|||50|,,,,,Dragon]Kingdra||ScopeLens|SwiftSwim|DracoMeteor,MuddyWater,Protect,WeatherBall|||F|||50|,,,,,Fairy]Pelipper||SitrusBerry|Drizzle|Hurricane,WideGuard,Tailwind,Uturn|||F|||50|,,,,,Grass]Archaludon||AssaultVest|Stamina|ElectroShot,BodyPress,FlashCannon,DracoMeteor|||M|||50|,,,,,Ghost]Indeedee-F||SafetyGoggles|PsychicSurge|FollowMe,HealPulse,Protect,HelpingHand|||F|||50|,,,,,Fairy]Goodra-Hisui||Leftovers|Gooey|DragonCheer,BodyPress,Shelter,DracoMeteor|||M|||50|,,,,,Grass
|inactive|Battle timer is ON: inactive players will automatically lose when time's up. (requested by BigfootBender)
|
|t:|1756178930
|teamsize|p1|4
|teamsize|p2|4
|start
|switch|p1a: Volcarona|Volcarona, L50, F|100/100
|switch|p1b: Indeedee|Indeedee, L50, M|100/100
|switch|p2a: Pelipper|Pelipper, L50, F|100/100
|switch|p2b: Archaludon|Archaludon, L50, M|100/100
|-fieldstart|move: Psychic Terrain|[from] ability: Psychic Surge|[of] p1b: Indeedee
|-weather|RainDance|[from] ability: Drizzle|[of] p2a: Pelipper
|turn|1
|inactive|Zurneus has 30 seconds left.
|inactive|BigfootBender has 30 seconds left.
|inactive|Zurneus has 20 seconds left.
|inactive|BigfootBender has 20 seconds left.
|inactive|Zurneus has 15 seconds left.
|
|t:|1756178976
|-terastallize|p1a: Volcarona|Fairy
|move|p1b: Indeedee|Tera Blast|p2a: Pelipper
|-damage|p2a: Pelipper|39/100
|-enditem|p2a: Pelipper|Sitrus Berry|[eat]
|-heal|p2a: Pelipper|63/100|[from] item: Sitrus Berry
|move|p1a: Volcarona|Tailwind|p1a: Volcarona
|-sidestart|p1: Zurneus|move: Tailwind
|move|p2a: Pelipper|Tailwind|p2a: Pelipper
|-sidestart|p2: BigfootBender|move: Tailwind
|move|p2b: Archaludon|Flash Cannon|p1a: Volcarona
|-supereffective|p1a: Volcarona
|-damage|p1a: Volcarona|27/100
|
|-weather|RainDance|[upkeep]
|upkeep
|turn|2
|inactive|Zurneus has 30 seconds left.
|inactive|BigfootBender has 30 seconds left.
|
|t:|1756179008
|move|p1b: Indeedee|Tera Blast|p2a: Pelipper
|-damage|p2a: Pelipper|6/100
|move|p1a: Volcarona|Tera Blast|p2b: Archaludon|[anim] Tera Blast Fairy
|-damage|p2b: Archaludon|60/100
|-ability|p2b: Archaludon|Stamina|boost
|-boost|p2b: Archaludon|def|1
|-damage|p1a: Volcarona|17/100|[from] item: Life Orb
|move|p2a: Pelipper|Hurricane|p1a: Volcarona
|-damage|p1a: Volcarona|0 fnt
|faint|p1a: Volcarona
|move|p2b: Archaludon|Electro Shot||[still]
|-prepare|p2b: Archaludon|Electro Shot
|-boost|p2b: Archaludon|spa|1
|-anim|p2b: Archaludon|Electro Shot|p1b: Indeedee
|-damage|p1b: Indeedee|16/100
|
|-weather|RainDance|[upkeep]
|upkeep
|
|t:|1756179026
|switch|p1a: Tyranitar|Tyranitar, L50, F|100/100
|-weather|Sandstorm|[from] ability: Sand Stream|[of] p1a: Tyranitar
|turn|3
|
|t:|1756179042
|switch|p2a: Goodra|Goodra-Hisui, L50, M|100/100
|switch|p1a: Amoonguss|Amoonguss, L50, M|100/100
|move|p1b: Indeedee|Tera Blast|p2a: Goodra
|-resisted|p2a: Goodra
|-damage|p2a: Goodra|90/100
|move|p2b: Archaludon|Body Press|p1b: Indeedee
|-damage|p1b: Indeedee|0 fnt
|faint|p1b: Indeedee
|
|-weather|Sandstorm|[upkeep]
|-damage|p1a: Amoonguss|95/100|[from] Sandstorm
|-heal|p2a: Goodra|96/100|[from] item: Leftovers
|upkeep
|
|t:|1756179056
|switch|p1b: Tyranitar|Tyranitar, L50, F|100/100
|turn|4
|
|t:|1756179071
|move|p1a: Amoonguss|Rage Powder|p1a: Amoonguss
|-singleturn|p1a: Amoonguss|move: Rage Powder
|move|p2b: Archaludon|Draco Meteor|p1a: Amoonguss
|-damage|p1a: Amoonguss|3/100
|-unboost|p2b: Archaludon|spa|2
|-enditem|p1a: Amoonguss|Sitrus Berry|[eat]
|-heal|p1a: Amoonguss|28/100|[from] item: Sitrus Berry
|move|p1b: Tyranitar|Low Kick|p2b: Archaludon
|-supereffective|p2b: Archaludon
|-damage|p2b: Archaludon|21/100
|-ability|p2b: Archaludon|Stamina|boost
|-boost|p2b: Archaludon|def|1
|move|p2a: Goodra|Dragon Cheer|p2b: Archaludon
|-start|p2b: Archaludon|move: Dragon Cheer
|
|-weather|Sandstorm|[upkeep]
|-damage|p1a: Amoonguss|22/100|[from] Sandstorm
|-heal|p2a: Goodra|100/100|[from] item: Leftovers
|-sideend|p2: BigfootBender|move: Tailwind
|-sideend|p1: Zurneus|move: Tailwind
|upkeep
|turn|5
|inactive|BigfootBender has 30 seconds left.
|inactive|BigfootBender has 20 seconds left.
|
|t:|1756179110
|move|p1a: Amoonguss|Protect|p1a: Amoonguss
|-singleturn|p1a: Amoonguss|Protect
|move|p2b: Archaludon|Flash Cannon|p1a: Amoonguss
|-activate|p1a: Amoonguss|move: Protect
|move|p1b: Tyranitar|Low Kick|p2b: Archaludon
|-supereffective|p2b: Archaludon
|-damage|p2b: Archaludon|0 fnt
|faint|p2b: Archaludon
|move|p2a: Goodra|Body Press|p1b: Tyranitar
|-supereffective|p1b: Tyranitar
|-damage|p1b: Tyranitar|44/100
|
|-weather|Sandstorm|[upkeep]
|-damage|p1a: Amoonguss|16/100|[from] Sandstorm
|-fieldend|move: Psychic Terrain
|upkeep
|
|t:|1756179123
|switch|p2b: Pelipper|Pelipper, L50, F|6/100
|-weather|RainDance|[from] ability: Drizzle|[of] p2b: Pelipper
|turn|6
|-message|Zurneus forfeited.
|
|win|BigfootBender
|raw|Zurneus's rating: 1128 → 1095(-33 for losing)
|raw|BigfootBender's rating: 1015 → 1065(+50 for winning)
|l|☆BigfootBender
|player|p2|
