|j|☆entei enthusiast
|j|☆thegreatestnone
|html|entei enthusiastthegreatestnone    
|uhtml|bestof|Game 1 of a best-of-3
|t:|1783909351
|gametype|doubles
|player|p1|entei enthusiast|kamado-armor|1207
|player|p2|thegreatestnone|1|1265
|gen|9
|tier|[Gen 9 Champions] VGC 2026 Reg M-B (Bo3)
|rated|
|rule|Species Clause: Limit one of each Pokémon
|rule|Item Clause: Limit 1 of each item
|clearpoke
|poke|p1|Floette-Eternal, L50, F|
|poke|p1|Palafin, L50, M, shiny|
|poke|p1|Kingambit, L50, M|
|poke|p1|Sneasler, L50, M|
|poke|p1|Incineroar, L50, M|
|poke|p1|Aerodactyl, L50, F|
|poke|p2|Grimmsnarl, L50, M|
|poke|p2|Toxapex, L50, M|
|poke|p2|Dragonite, L50, F|
|poke|p2|Garchomp, L50, M|
|poke|p2|Sinistcha, L50|
|poke|p2|Scovillain, L50, M|
|teampreview|4
|showteam|p1|Floette-Eternal||Floettite|FlowerVeil|DazzlingGleam,DrainingKiss,CalmMind,Protect|Modest||F|||50|]Palafin||Leftovers|ZerotoHero|WaveCrash,JetPunch,BulkUp,Protect|Adamant||M|||50|]Kingambit||BlackGlasses|Defiant|KowtowCleave,SuckerPunch,SwordsDance,Protect|Adamant||M|||50|]Sneasler||FocusSash|Unburden|CloseCombat,DireClaw,FakeOut,Coaching|Jolly||M|||50|]Incineroar||SitrusBerry|Intimidate|FlareBlitz,FakeOut,DarkestLariat,PartingShot|Careful||M|||50|]Aerodactyl||Aerodactylite|Unnerve|RockSlide,DualWingbeat,IceFang,Protect|Jolly||F|||50|
|showteam|p2|Grimmsnarl||LightClay|Prankster|Taunt,Reflect,PartingShot,LightScreen|Sassy||M|||50|]Toxapex||Leftovers|Regenerator|BanefulBunker,Infestation,Toxic,Recover|Relaxed||M|||50|]Dragonite||Dragoninite|Multiscale|ThunderPunch,BreakingSwipe,RockSlide,DragonDance|Adamant||F|||50|]Garchomp||SitrusBerry|RoughSkin|Protect,RockSlide,StompingTantrum,SwordsDance|Impish||M|||50|]Sinistcha||OccaBerry|Hospitality|Protect,MatchaGotcha,ShadowBall,GrassyTerrain|Bold|||||50|]Scovillain||Scovillainite|Chlorophyll|LeechSeed,RagePowder,Protect,Flamethrower|Calm||M|||50|
|inactive|Battle timer is ON: inactive players will automatically lose when time's up. (requested by entei enthusiast)
|inactive|entei enthusiast has 60 seconds left.
|inactive|entei enthusiast has 30 seconds left.
|inactive|entei enthusiast has 20 seconds left.
|
|t:|1783909428
|teamsize|p1|4
|teamsize|p2|4
|start
|switch|p1a: Floette|Floette-Eternal, L50, F|100/100
|switch|p1b: Incineroar|Incineroar, L50, M|100/100
|switch|p2a: Grimmsnarl|Grimmsnarl, L50, M|100/100
|switch|p2b: Scovillain|Scovillain, L50, M|100/100
|-ability|p1b: Incineroar|Intimidate|boost
|-unboost|p2a: Grimmsnarl|atk|1
|-unboost|p2b: Scovillain|atk|1
|turn|1
|
|t:|1783909452
|detailschange|p1a: Floette|Floette-Mega, L50, F
|-mega|p1a: Floette|Floette|Floettite
|-ability|p1a: Floette|Fairy Aura
|detailschange|p2b: Scovillain|Scovillain-Mega, L50, M
|-mega|p2b: Scovillain|Scovillain|Scovillainite
|move|p1b: Incineroar|Fake Out|p2b: Scovillain
|-damage|p2b: Scovillain|88/100
|-immune|p1b: Incineroar
|move|p2a: Grimmsnarl|Light Screen|p2a: Grimmsnarl
|-sidestart|p2: thegreatestnone|move: Light Screen
|move|p1a: Floette|Draining Kiss|p2a: Grimmsnarl
|-supereffective|p2a: Grimmsnarl|1
|-damage|p2a: Grimmsnarl|54/100
|cant|p2b: Scovillain|flinch
|
|upkeep
|turn|2
|inactive|entei enthusiast has 30 seconds left.
|
|t:|1783909478
|move|p2b: Scovillain|Rage Powder|p2b: Scovillain
|-singleturn|p2b: Scovillain|move: Rage Powder
|move|p2a: Grimmsnarl|Reflect|p2a: Grimmsnarl
|-sidestart|p2: thegreatestnone|Reflect
|move|p1a: Floette|Calm Mind|p1a: Floette
|-boost|p1a: Floette|spa|1
|-boost|p1a: Floette|spd|1
|move|p1b: Incineroar|Flare Blitz|p2b: Scovillain
|-crit|p2b: Scovillain
|-damage|p2b: Scovillain|14/100
|-immune|p1b: Incineroar
|-damage|p1b: Incineroar|79/100|[from] Recoil
|
|upkeep
|turn|3
|
|t:|1783909492
|switch|p2b: Toxapex|Toxapex, L50, M|100/100
|move|p1a: Floette|Protect|p1a: Floette
|-singleturn|p1a: Floette|Protect
|move|p2a: Grimmsnarl|Taunt|p1a: Floette
|-activate|p1a: Floette|move: Protect
|move|p1b: Incineroar|Flare Blitz|p2b: Toxapex
|-resisted|p2b: Toxapex|1
|-damage|p2b: Toxapex|89/100
|-damage|p1b: Incineroar|76/100|[from] Recoil
|
|-heal|p2b: Toxapex|95/100|[from] item: Leftovers
|upkeep
|turn|4
|
|t:|1783909500
|move|p2a: Grimmsnarl|Parting Shot|p1a: Floette
|-unboost|p1a: Floette|atk|1
|-unboost|p1a: Floette|spa|1
|
|t:|1783909504
|switch|p2a: Scovillain|Scovillain-Mega, L50, M|14/100|[from] Parting Shot
|move|p1a: Floette|Dazzling Gleam|p2a: Scovillain|[spread] p2a,p2b
|-resisted|p2a: Scovillain|1
|-resisted|p2b: Toxapex|1
|-damage|p2a: Scovillain|1/100
|-damage|p2b: Toxapex|85/100
|-status|p1a: Floette|brn|[from] ability: Spicy Spray|[of] p2a: Scovillain
|move|p1b: Incineroar|Parting Shot|p2b: Toxapex
|-unboost|p2b: Toxapex|atk|1
|-unboost|p2b: Toxapex|spa|1
|
|t:|1783909514
|switch|p1b: Kingambit|Kingambit, L50, M|100/100|[from] Parting Shot
|move|p2b: Toxapex|Toxic||[still]
|-fail|p2b: Toxapex
|
|-heal|p2b: Toxapex|91/100|[from] item: Leftovers
|-damage|p1a: Floette|93/100 brn|[from] brn
|upkeep
|turn|5
|inactive|entei enthusiast has 30 seconds left.
|
|t:|1783909544
|move|p1a: Floette|Dazzling Gleam|p2b: Toxapex|[spread] p2a,p2b
|-resisted|p2a: Scovillain|1
|-resisted|p2b: Toxapex|1
|-damage|p2a: Scovillain|0 fnt
|-damage|p2b: Toxapex|80/100
|faint|p2a: Scovillain
|move|p1b: Kingambit|Swords Dance|p1b: Kingambit
|-boost|p1b: Kingambit|atk|2
|move|p2b: Toxapex|Infestation|p1a: Floette
|-resisted|p1a: Floette|1
|-damage|p1a: Floette|93/100 brn
|-activate|p1a: Floette|move: Infestation|[of] p2b: Toxapex
|
|-heal|p2b: Toxapex|85/100|[from] item: Leftovers
|-damage|p1a: Floette|87/100 brn|[from] brn
|-damage|p1a: Floette|74/100 brn|[from] move: Infestation|[partiallytrapped]
|upkeep
|
|t:|1783909557
|switch|p2a: Garchomp|Garchomp, L50, M|100/100
|turn|6
|
|t:|1783909579
|move|p1a: Floette|Draining Kiss|p2a: Garchomp
|-supereffective|p2a: Garchomp|1
|-damage|p2a: Garchomp|49/100
|-heal|p1a: Floette|100/100 brn|[from] drain|[of] p2a: Garchomp
|-damage|p1a: Floette|87/100 brn|[from] ability: Rough Skin|[of] p2a: Garchomp
|-enditem|p2a: Garchomp|Sitrus Berry|[eat]
|-heal|p2a: Garchomp|73/100|[from] item: Sitrus Berry
|move|p2a: Garchomp|Stomping Tantrum|p1b: Kingambit
|-supereffective|p1b: Kingambit|1
|-damage|p1b: Kingambit|49/100
|move|p1b: Kingambit|Swords Dance|p1b: Kingambit
|-boost|p1b: Kingambit|atk|2
|move|p2b: Toxapex|Infestation|p1b: Kingambit
|-damage|p1b: Kingambit|47/100
|-activate|p1b: Kingambit|move: Infestation|[of] p2b: Toxapex
|
|-heal|p2b: Toxapex|91/100|[from] item: Leftovers
|-damage|p1a: Floette|81/100 brn|[from] brn
|-damage|p1a: Floette|68/100 brn|[from] move: Infestation|[partiallytrapped]
|-damage|p1b: Kingambit|34/100|[from] move: Infestation|[partiallytrapped]
|upkeep
|turn|7
|
|t:|1783909603
|move|p2a: Garchomp|Protect|p2a: Garchomp
|-singleturn|p2a: Garchomp|Protect
|move|p1b: Kingambit|Sucker Punch||[still]
|-fail|p1b: Kingambit
|move|p1a: Floette|Calm Mind|p1a: Floette
|-boost|p1a: Floette|spa|1
|-boost|p1a: Floette|spd|1
|move|p2b: Toxapex|Infestation|p1b: Kingambit
|-damage|p1b: Kingambit|32/100
|
|-heal|p2b: Toxapex|97/100|[from] item: Leftovers
|-damage|p1a: Floette|62/100 brn|[from] brn
|-damage|p1a: Floette|50/100g brn|[from] move: Infestation|[partiallytrapped]
|-damage|p1b: Kingambit|19/100|[from] move: Infestation|[partiallytrapped]
|upkeep
|turn|8
|
|t:|1783909624
|switch|p2a: Grimmsnarl|Grimmsnarl, L50, M|54/100
|move|p1a: Floette|Dazzling Gleam|p2b: Toxapex|[spread] p2a,p2b
|-supereffective|p2a: Grimmsnarl|1
|-resisted|p2b: Toxapex|1
|-damage|p2a: Grimmsnarl|0 fnt
|-damage|p2b: Toxapex|80/100
|faint|p2a: Grimmsnarl
|move|p1b: Kingambit|Kowtow Cleave|p2b: Toxapex
|-damage|p2b: Toxapex|6/100
|move|p2b: Toxapex|Recover|p2b: Toxapex
|-heal|p2b: Toxapex|56/100
|
|-heal|p2b: Toxapex|62/100|[from] item: Leftovers
|-damage|p1a: Floette|44/100 brn|[from] brn
|-damage|p1a: Floette|31/100 brn|[from] move: Infestation|[partiallytrapped]
|-damage|p1b: Kingambit|7/100|[from] move: Infestation|[partiallytrapped]
|-sideend|p2: thegreatestnone|move: Light Screen
|upkeep
|
|t:|1783909643
|switch|p2a: Garchomp|Garchomp, L50, M|73/100
|turn|9
|
|t:|1783909650
|move|p2a: Garchomp|Protect|p2a: Garchomp
|-singleturn|p2a: Garchomp|Protect
|move|p2b: Toxapex|Baneful Bunker|p2b: Toxapex
|-singleturn|p2b: Toxapex|move: Protect
|move|p1a: Floette|Draining Kiss|p2a: Garchomp
|-activate|p2a: Garchomp|move: Protect
|move|p1b: Kingambit|Kowtow Cleave|p2b: Toxapex
|-activate|p2b: Toxapex|move: Protect
|
|-heal|p2b: Toxapex|68/100|[from] item: Leftovers
|-damage|p1a: Floette|25/100 brn|[from] brn
|-damage|p1a: Floette|12/100 brn|[from] move: Infestation|[partiallytrapped]
|-damage|p1b: Kingambit|0 fnt|[from] move: Infestation|[partiallytrapped]
|faint|p1b: Kingambit
|-sideend|p2: thegreatestnone|Reflect
|upkeep
|
|t:|1783909656
|switch|p1b: Incineroar|Incineroar, L50, M|76/100
|-ability|p1b: Incineroar|Intimidate|boost
|-unboost|p2a: Garchomp|atk|1
|-unboost|p2b: Toxapex|atk|1
|turn|10
|
|t:|1783909663
|move|p2a: Garchomp|Protect||[still]
|-fail|p2a: Garchomp
|move|p1b: Incineroar|Fake Out|p2b: Toxapex
|-damage|p2b: Toxapex|61/100
|move|p1a: Floette|Draining Kiss|p2a: Garchomp
|-supereffective|p2a: Garchomp|1
|-damage|p2a: Garchomp|0 fnt
|-heal|p1a: Floette|80/100 brn|[from] drain|[of] p2a: Garchomp
|-damage|p1a: Floette|67/100 brn|[from] ability: Rough Skin|[of] p2a: Garchomp
|faint|p2a: Garchomp
|cant|p2b: Toxapex|flinch
|
|-heal|p2b: Toxapex|66/100|[from] item: Leftovers
|-damage|p1a: Floette|61/100 brn|[from] brn
|-end|p1a: Floette|Infestation|[partiallytrapped]
|upkeep
|turn|11
|
|t:|1783909671
|move|p1a: Floette|Dazzling Gleam|p2b: Toxapex
|-resisted|p2b: Toxapex|1
|-damage|p2b: Toxapex|30/100
|move|p1b: Incineroar|Darkest Lariat|p2b: Toxapex
|-damage|p2b: Toxapex|9/100
|move|p2b: Toxapex|Infestation|p1b: Incineroar
|-damage|p1b: Incineroar|74/100
|-activate|p1b: Incineroar|move: Infestation|[of] p2b: Toxapex
|
|-heal|p2b: Toxapex|15/100|[from] item: Leftovers
|-damage|p1a: Floette|55/100 brn|[from] brn
|-damage|p1b: Incineroar|62/100|[from] move: Infestation|[partiallytrapped]
|upkeep
|turn|12
|
|t:|1783909679
|move|p1a: Floette|Dazzling Gleam|p2b: Toxapex
|-resisted|p2b: Toxapex|1
|-damage|p2b: Toxapex|0 fnt
|faint|p2b: Toxapex
|
|win|entei enthusiast
||entei enthusiast is ready for game 2.
||thegreatestnone is ready for game 2.
|uhtml|next|Next: Game 2 of 3
|l|☆thegreatestnone
|player|p2|
