|j|☆Jirai Gumomon
|j|☆Trafalgar-Froakie
|html|Jirai GumomonTrafalgar-Froakie    
|uhtml|bestof|Game 1 of a best-of-3
|t:|1756738098
|gametype|doubles
|player|p1|Jirai Gumomon|1|1088
|player|p2|Trafalgar-Froakie|marshal|1000
|gen|9
|tier|[Gen 9] VGC 2025 Reg H (Bo3)
|rated|
|rule|Species Clause: Limit one of each Pokémon
|rule|Item Clause: Limit 1 of each item
|clearpoke
|poke|p1|Dragonite, L50, F|
|poke|p1|Garchomp, L50, M|
|poke|p1|Kingambit, L50, M|
|poke|p1|Talonflame, L50, F|
|poke|p1|Primarina, L50, M|
|poke|p1|Amoonguss, L50, F|
|poke|p2|Archaludon, L50, M|
|poke|p2|Pelipper, L50, F|
|poke|p2|Sinistcha, L50|
|poke|p2|Ursaluna, L50, F|
|poke|p2|Dragonite, L50, M|
|poke|p2|Gholdengo, L50|
|teampreview|4
|showteam|p1|Dragonite||LumBerry|Multiscale|TeraBlast,ExtremeSpeed,LowKick,Protect|||F|||50|,,,,,Flying]Garchomp||LifeOrb|RoughSkin|Earthquake,DragonClaw,StompingTantrum,Protect|||M|||50|,,,,,Steel]Kingambit||AssaultVest|Defiant|KowtowCleave,IronHead,SuckerPunch,LowKick|||M|||50|,,,,,Fire]Talonflame||CovertCloak|GaleWings|BraveBird,Tailwind,WillOWisp,Taunt|||F|||50|,,,,,Ghost]Primarina||SafetyGoggles|LiquidVoice|HyperVoice,Moonblast,Haze,Protect|||M|||50|,,,,,Dragon]Amoonguss||SitrusBerry|Regenerator|PollenPuff,Spore,RagePowder,Protect|||F|||50|,,,,,Water
|showteam|p2|Archaludon||AssaultVest|Stamina|FlashCannon,BodyPress,ElectroShot,Snarl|||M|||50|,,,,,Fighting]Pelipper||FocusSash|Drizzle|Hurricane,MuddyWater,Tailwind,WideGuard|||F|||50|,,,,,Ghost]Sinistcha||SitrusBerry|Hospitality|MatchaGotcha,RagePowder,LifeDew,TrickRoom||||||50|,,,,,Dark]Ursaluna||FlameOrb|Guts|Facade,HeadlongRush,Earthquake,Protect|||F|||50|,,,,,Ghost]Dragonite||LoadedDice|Multiscale|Tailwind,Haze,ScaleShot,Protect|||M|||50|,,,,,Fairy]Gholdengo||ChoiceScarf|GoodasGold|MakeItRain,ShadowBall,TeraBlast,Trick||||||50|,,,,,Water
|
|t:|1756738183
|teamsize|p1|4
|teamsize|p2|4
|start
|switch|p1a: Garchomp|Garchomp, L50, M|100/100
|switch|p1b: Talonflame|Talonflame, L50, F|100/100
|switch|p2a: Pelipper|Pelipper, L50, F|100/100
|switch|p2b: Ursaluna|Ursaluna, L50, F|100/100
|-weather|RainDance|[from] ability: Drizzle|[of] p2a: Pelipper
|turn|1
|
|t:|1756738217
|move|p2b: Ursaluna|Protect|p2b: Ursaluna
|-singleturn|p2b: Ursaluna|Protect
|move|p1b: Talonflame|Brave Bird|p2a: Pelipper
|-damage|p2a: Pelipper|54/100
|-damage|p1b: Talonflame|88/100|[from] Recoil
|move|p1a: Garchomp|Dragon Claw|p2a: Pelipper
|-damage|p2a: Pelipper|0 fnt
|faint|p2a: Pelipper
|-damage|p1a: Garchomp|91/100|[from] item: Life Orb
|
|-weather|RainDance|[upkeep]
|-status|p2b: Ursaluna|brn|[from] item: Flame Orb
|upkeep
|
|t:|1756738231
|switch|p2a: Sinistcha|Sinistcha, L50|100/100
|turn|2
|
|t:|1756738266
|-terastallize|p2a: Sinistcha|Dark
|move|p1b: Talonflame|Taunt|p2a: Sinistcha
|-start|p2a: Sinistcha|move: Taunt
|move|p1a: Garchomp|Earthquake|p2a: Sinistcha|[spread] p2a,p2b
|-immune|p1b: Talonflame
|-damage|p2a: Sinistcha|58/100
|-damage|p2b: Ursaluna|63/100 brn
|-damage|p1a: Garchomp|81/100|[from] item: Life Orb
|move|p2a: Sinistcha|Matcha Gotcha|p1b: Talonflame|[spread] p1a,p1b
|-resisted|p1b: Talonflame
|-damage|p1a: Garchomp|54/100
|-heal|p2a: Sinistcha|72/100|[from] drain|[of] p1a: Garchomp
|-damage|p1b: Talonflame|80/100
|-heal|p2a: Sinistcha|76/100|[from] drain|[of] p1b: Talonflame
|move|p2b: Ursaluna|Facade|p1a: Garchomp
|-damage|p1a: Garchomp|0 fnt
|-damage|p2b: Ursaluna|51/100 brn|[from] ability: Rough Skin|[of] p1a: Garchomp
|faint|p1a: Garchomp
|
|-weather|RainDance|[upkeep]
|-damage|p2b: Ursaluna|45/100 brn|[from] brn
|upkeep
|
|t:|1756738292
|switch|p1a: Dragonite|Dragonite, L50, F|100/100
|turn|3
|
|t:|1756738316
|switch|p2b: Archaludon|Archaludon, L50, M|100/100
|-terastallize|p1a: Dragonite|Flying
|move|p1b: Talonflame|Brave Bird|p2b: Archaludon
|-resisted|p2b: Archaludon
|-damage|p2b: Archaludon|88/100
|-ability|p2b: Archaludon|Stamina|boost
|-boost|p2b: Archaludon|def|1
|-damage|p1b: Talonflame|76/100|[from] Recoil
|move|p1a: Dragonite|Tera Blast|p2a: Sinistcha|[anim] Tera Blast Flying
|-damage|p2a: Sinistcha|23/100
|-enditem|p2a: Sinistcha|Sitrus Berry|[eat]
|-heal|p2a: Sinistcha|48/100|[from] item: Sitrus Berry
|move|p2a: Sinistcha|Matcha Gotcha|p1b: Talonflame|[spread] p1a
|-miss|p2a: Sinistcha|p1b: Talonflame
|-resisted|p1a: Dragonite
|-damage|p1a: Dragonite|95/100
|-heal|p2a: Sinistcha|50/100|[from] drain|[of] p1a: Dragonite
|
|-weather|RainDance|[upkeep]
|upkeep
|turn|4
|
|t:|1756738345
|move|p1b: Talonflame|Will-O-Wisp|p2b: Archaludon
|-status|p2b: Archaludon|brn
|move|p1a: Dragonite|Low Kick|p2b: Archaludon
|-supereffective|p2b: Archaludon
|-damage|p2b: Archaludon|63/100 brn
|-ability|p2b: Archaludon|Stamina|boost
|-boost|p2b: Archaludon|def|1
|move|p2b: Archaludon|Electro Shot||[still]
|-prepare|p2b: Archaludon|Electro Shot
|-boost|p2b: Archaludon|spa|1
|-anim|p2b: Archaludon|Electro Shot|p1b: Talonflame
|-supereffective|p1b: Talonflame
|-damage|p1b: Talonflame|0 fnt
|faint|p1b: Talonflame
|move|p2a: Sinistcha|Matcha Gotcha|p1a: Dragonite
|-resisted|p1a: Dragonite
|-damage|p1a: Dragonite|80/100
|-heal|p2a: Sinistcha|58/100|[from] drain|[of] p1a: Dragonite
|
|-weather|RainDance|[upkeep]
|-damage|p2b: Archaludon|57/100 brn|[from] brn
|-end|p2a: Sinistcha|move: Taunt
|upkeep
|
|t:|1756738364
|switch|p1b: Primarina|Primarina, L50, M|100/100
|turn|5
|
|t:|1756738394
|move|p1a: Dragonite|Protect|p1a: Dragonite
|-singleturn|p1a: Dragonite|Protect
|move|p1b: Primarina|Protect|p1b: Primarina
|-singleturn|p1b: Primarina|Protect
|move|p2b: Archaludon|Electro Shot||[still]
|-prepare|p2b: Archaludon|Electro Shot
|-boost|p2b: Archaludon|spa|1
|-anim|p2b: Archaludon|Electro Shot|p1a: Dragonite
|-activate|p1a: Dragonite|move: Protect
|move|p2a: Sinistcha|Trick Room|p2a: Sinistcha
|-fieldstart|move: Trick Room|[of] p2a: Sinistcha
|
|-weather|none
|-damage|p2b: Archaludon|50/100 brn|[from] brn
|upkeep
|turn|6
|
|t:|1756738414
|move|p1b: Primarina|Moonblast|p2a: Sinistcha
|-supereffective|p2a: Sinistcha
|-damage|p2a: Sinistcha|0 fnt
|faint|p2a: Sinistcha
|move|p2b: Archaludon|Flash Cannon|p1a: Dragonite
|-damage|p1a: Dragonite|13/100
|move|p1a: Dragonite|Tera Blast|p2b: Archaludon|[anim] Tera Blast Flying
|-resisted|p2b: Archaludon
|-damage|p2b: Archaludon|40/100 brn
|-ability|p2b: Archaludon|Stamina|boost
|-boost|p2b: Archaludon|def|1
|
|-damage|p2b: Archaludon|34/100 brn|[from] brn
|upkeep
|
|t:|1756738425
|switch|p2a: Ursaluna|Ursaluna, L50, F|45/100 brn
|turn|7
|
|t:|1756738444
|move|p2a: Ursaluna|Facade|p1b: Primarina
|-damage|p1b: Primarina|0 fnt
|faint|p1b: Primarina
|move|p2b: Archaludon|Flash Cannon|p1a: Dragonite
|-damage|p1a: Dragonite|0 fnt
|faint|p1a: Dragonite
|
|win|Trafalgar-Froakie
||Jirai Gumomon is ready for game 2.
||Trafalgar-Froakie is ready for game 2.
|uhtml|next|Next: Game 2 of 3
|l|☆Jirai Gumomon
|player|p1|
