|j|☆tr4ppy08
|j|☆nillythekid
|html|tr4ppy08nillythekid    
|uhtml|bestof|Game 1 of a best-of-3
|t:|1783532108
|gametype|doubles
|player|p1|tr4ppy08|hilbert|
|player|p2|nillythekid|hiker-gen4|
|gen|9
|tier|[Gen 9 Champions] VGC 2026 Reg M-B (Bo3)
|rule|Species Clause: Limit one of each Pokémon
|rule|Item Clause: Limit 1 of each item
|clearpoke
|poke|p1|Gholdengo, L50|
|poke|p1|Hydreigon, L50, F, shiny|
|poke|p1|Staraptor, L50, M, shiny|
|poke|p1|Maushold, L50, shiny|
|poke|p1|Incineroar, L50, M|
|poke|p1|Whimsicott, L50, M, shiny|
|poke|p2|Sinistcha, L50|
|poke|p2|Incineroar, L50, F|
|poke|p2|Milotic, L50, F|
|poke|p2|Raichu, L50, M|
|poke|p2|Floette-Eternal, L50, F|
|poke|p2|Ceruledge, L50, F|
|teampreview|4
|showteam|p1|Gholdengo||LifeOrb|GoodasGold|NastyPlot,MakeItRain,ShadowBall,Protect|Modest|||||50|]Hydreigon||ChoiceScarf|Levitate|Tailwind,DracoMeteor,DarkPulse,Flamethrower|Modest||F|||50|]Staraptor||Staraptite|Intimidate|BraveBird,CloseCombat,Roost,Protect|Adamant||M|||50|]Maushold||SitrusBerry|FriendGuard|Feint,FollowMe,Taunt,Protect|Jolly|||||50|]Incineroar||ChopleBerry|Intimidate|FakeOut,ThroatChop,FlareBlitz,PartingShot|Careful||M|||50|]Whimsicott||FocusSash|Prankster|Moonblast,Tailwind,Charm,Encore|Timid||M|||50|
|showteam|p2|Sinistcha||KasibBerry|Hospitality|MatchaGotcha,LifeDew,RagePowder,Protect|Relaxed|||||50|]Incineroar||SitrusBerry|Intimidate|FlareBlitz,ThroatChop,FakeOut,PartingShot|Impish||F|||50|]Milotic||Leftovers|Competitive|MuddyWater,Coil,Hypnosis,Protect|Calm||F|||50|]Raichu||RaichuniteY|LightningRod|ZapCannon,FocusBlast,FakeOut,Protect|Timid||M|||50|]Floette-Eternal||Floettite|FlowerVeil|DazzlingGleam,DrainingKiss,CalmMind,Protect|Timid||F|||50|]Ceruledge||ColburBerry|FlashFire|BitterBlade,ShadowSneak,BulkUp,Protect|Adamant||F|||50|
|
|t:|1783532153
|teamsize|p1|4
|teamsize|p2|4
|start
|switch|p1a: Gholdengo|Gholdengo, L50|100/100
|switch|p1b: Hydreigon|Hydreigon, L50, F, shiny|100/100
|switch|p2a: Milotic|Milotic, L50, F|100/100
|switch|p2b: Incineroar|Incineroar, L50, F|100/100
|-ability|p2b: Incineroar|Intimidate|boost
|-unboost|p1a: Gholdengo|atk|1
|-unboost|p1b: Hydreigon|atk|1
|turn|1
|
|t:|1783532187
|switch|p1a: Maushold|Maushold, L50, shiny|100/100
|move|p1b: Hydreigon|Draco Meteor|p2a: Milotic
|-damage|p2a: Milotic|49/100
|-unboost|p1b: Hydreigon|spa|2
|move|p2a: Milotic|Coil|p2a: Milotic
|-boost|p2a: Milotic|atk|1
|-boost|p2a: Milotic|def|1
|-boost|p2a: Milotic|accuracy|1
|move|p2b: Incineroar|Flare Blitz|p1a: Maushold
|-damage|p1a: Maushold|39/100
|-enditem|p1a: Maushold|Sitrus Berry|[eat]
|-heal|p1a: Maushold|64/100|[from] item: Sitrus Berry
|-damage|p2b: Incineroar|82/100|[from] Recoil
|
|-heal|p2a: Milotic|54/100|[from] item: Leftovers
|upkeep
|turn|2
|
|t:|1783532225
|switch|p1b: Incineroar|Incineroar, L50, M|100/100
|-ability|p1b: Incineroar|Intimidate|boost
|-unboost|p2a: Milotic|atk|1
|-ability|p2a: Milotic|Competitive|boost
|-boost|p2a: Milotic|spa|2
|-unboost|p2b: Incineroar|atk|1
|move|p1a: Maushold|Taunt|p2a: Milotic
|-start|p2a: Milotic|move: Taunt
|move|p2a: Milotic|Muddy Water|p1b: Incineroar|[spread] p1a,p1b
|-supereffective|p1b: Incineroar|1
|-damage|p1a: Maushold|11/100
|-damage|p1b: Incineroar|47/100
|move|p2b: Incineroar|Parting Shot|p1b: Incineroar
|-unboost|p1b: Incineroar|atk|1
|-unboost|p1b: Incineroar|spa|1
|
|t:|1783532242
|switch|p2b: Ceruledge|Ceruledge, L50, F|100/100|[from] Parting Shot
|
|-heal|p2a: Milotic|60/100|[from] item: Leftovers
|upkeep
|turn|3
|
|t:|1783532274
|switch|p1b: Hydreigon|Hydreigon, L50, F, shiny|100/100
|move|p1a: Maushold|Protect|p1a: Maushold
|-singleturn|p1a: Maushold|Protect
|move|p2b: Ceruledge|Bitter Blade|p1b: Hydreigon
|-resisted|p1b: Hydreigon|1
|-damage|p1b: Hydreigon|78/100
|move|p2a: Milotic|Muddy Water|p1b: Hydreigon|[spread] p1b
|-activate|p1a: Maushold|move: Protect
|-resisted|p1b: Hydreigon|1
|-damage|p1b: Hydreigon|58/100
|
|-heal|p2a: Milotic|66/100|[from] item: Leftovers
|upkeep
|turn|4
|
|t:|1783532310
|switch|p2b: Incineroar|Incineroar, L50, F|82/100
|-ability|p2b: Incineroar|Intimidate|boost
|-unboost|p1a: Maushold|atk|1
|-unboost|p1b: Hydreigon|atk|1
|move|p1b: Hydreigon|Draco Meteor|p2a: Milotic
|-damage|p2a: Milotic|15/100
|-unboost|p1b: Hydreigon|spa|2
|move|p1a: Maushold|Taunt|p2b: Incineroar
|-start|p2b: Incineroar|move: Taunt
|move|p2a: Milotic|Muddy Water|p1b: Hydreigon|[spread] p1a,p1b
|-resisted|p1b: Hydreigon|1
|-damage|p1a: Maushold|0 fnt
|-damage|p1b: Hydreigon|39/100
|faint|p1a: Maushold
|
|-heal|p2a: Milotic|21/100|[from] item: Leftovers
|-end|p2a: Milotic|move: Taunt
|upkeep
|
|t:|1783532341
|switch|p1a: Incineroar|Incineroar, L50, M|47/100
|-ability|p1a: Incineroar|Intimidate|boost
|-unboost|p2a: Milotic|atk|1
|-ability|p2a: Milotic|Competitive|boost
|-boost|p2a: Milotic|spa|2
|-unboost|p2b: Incineroar|atk|1
|turn|5
|
|t:|1783532375
|switch|p2b: Raichu|Raichu, L50, M|100/100
|move|p2a: Milotic|Protect|p2a: Milotic
|-singleturn|p2a: Milotic|Protect
|move|p1a: Incineroar|Fake Out|p2b: Raichu
|-damage|p2b: Raichu|84/100
|move|p1b: Hydreigon|Draco Meteor|p2a: Milotic
|-activate|p2a: Milotic|move: Protect
|
|-heal|p2a: Milotic|27/100|[from] item: Leftovers
|upkeep
|turn|6
|
|t:|1783532405
|detailschange|p2b: Raichu|Raichu-Mega-Y, L50, M
|-mega|p2b: Raichu|Raichu|Raichunite Y
|move|p2b: Raichu|Fake Out|p1b: Hydreigon
|-damage|p1b: Hydreigon|29/100
|cant|p1b: Hydreigon|flinch
|move|p2a: Milotic|Muddy Water|p1b: Hydreigon|[spread] p1a,p1b
|-supereffective|p1a: Incineroar|1
|-resisted|p1b: Hydreigon|1
|-damage|p1a: Incineroar|0 fnt
|-damage|p1b: Hydreigon|0 fnt
|faint|p1a: Incineroar
|faint|p1b: Hydreigon
|
|-heal|p2a: Milotic|33/100|[from] item: Leftovers
|upkeep
|-message|tr4ppy08 forfeited.
|
|win|nillythekid
|l|☆tr4ppy08
|player|p1|
||tr4ppy08 is ready for game 2.
