|j|☆PepsiMaxmax
|j|☆bassacucina777
|html|PepsiMaxmaxbassacucina777    
|uhtml|bestof|Game 2 of a best-of-3
|t:|1756315989
|gametype|doubles
|player|p1|PepsiMaxmax|fisherman-gen4|1102
|player|p2|bassacucina777|1|1146
|gen|9
|tier|[Gen 9] VGC 2025 Reg H (Bo3)
|rated|
|rule|Species Clause: Limit one of each Pokémon
|rule|Item Clause: Limit 1 of each item
|clearpoke
|poke|p1|Mamoswine, L50, F|
|poke|p1|Annihilape, L50, M|
|poke|p1|Whimsicott, L50, F|
|poke|p1|Rillaboom, L50, F|
|poke|p1|Tyranitar, L50, F|
|poke|p1|Gholdengo, L50|
|poke|p2|Garchomp, L50, F|
|poke|p2|Jumpluff, L50, F|
|poke|p2|Torkoal, L50, M|
|poke|p2|Dragonite, L50, M|
|poke|p2|Kingambit, L50, F|
|poke|p2|Typhlosion-Hisui, L50, M|
|teampreview|4
|showteam|p1|Mamoswine||ClearAmulet|ThickFat|IcicleCrash,HighHorsepower,IceShard,Protect|||F|||50|,,,,,Grass]Annihilape||ChoiceScarf|VitalSpirit|Coaching,CloseCombat,FinalGambit,ShadowClaw|||M|||50|,,,,,Fire]Whimsicott||CovertCloak|Prankster|Moonblast,LightScreen,Tailwind,Encore|||F|||50|,,,,,Dragon]Rillaboom||AssaultVest|GrassySurge|GrassyGlide,FakeOut,DrumBeating,WoodHammer|||F|||50|,,,,,Water]Tyranitar||FocusSash|SandStream|RockSlide,KnockOff,Taunt,Protect|||F|||50|,,,,,Flying]Gholdengo||LifeOrb|GoodasGold|NastyPlot,MakeItRain,ShadowBall,Protect||||||50|,,,,,Steel
|showteam|p2|Garchomp||LifeOrb|RoughSkin|Earthquake,DragonClaw,StompingTantrum,Protect|||F|||50|,,,,,Fire]Jumpluff||CovertCloak|Chlorophyll|LeafStorm,SleepPowder,Encore,Tailwind|||F|||50|,,,,,Water]Torkoal||EjectPack|Drought|Overheat,BurningJealousy,HelpingHand,Protect|||M|||50|,,,,,Flying]Dragonite||LoadedDice|Multiscale|ScaleShot,ExtremeSpeed,Haze,Protect|||M|||50|,,,,,Fairy]Kingambit||AssaultVest|Defiant|IronHead,SuckerPunch,Assurance,LowKick|||F|||50|,,,,,Flying]Typhlosion-Hisui||ChoiceSpecs|Blaze|Eruption,ShadowBall,HeatWave,Overheat|||M|||50|,,,,,Fire
|
|t:|1756316011
|teamsize|p1|4
|teamsize|p2|4
|start
|switch|p1a: Annihilape|Annihilape, L50, M|100/100
|switch|p1b: Whimsicott|Whimsicott, L50, F|100/100
|switch|p2a: Jumpluff|Jumpluff, L50, F|100/100
|switch|p2b: Typhlosion|Typhlosion-Hisui, L50, M|100/100
|turn|1
|
|t:|1756316062
|move|p1b: Whimsicott|Light Screen|p1b: Whimsicott
|-sidestart|p1: PepsiMaxmax|move: Light Screen
|move|p1a: Annihilape|Final Gambit|p2b: Typhlosion
|-immune|p2b: Typhlosion
|move|p2a: Jumpluff|Tailwind|p2a: Jumpluff
|-sidestart|p2: bassacucina777|move: Tailwind
|move|p2b: Typhlosion|Heat Wave|p1b: Whimsicott|[spread] p1a,p1b
|-supereffective|p1b: Whimsicott
|-damage|p1a: Annihilape|71/100
|-damage|p1b: Whimsicott|14/100
|
|upkeep
|turn|2
|
|t:|1756316090
|move|p1b: Whimsicott|Tailwind|p1b: Whimsicott
|-sidestart|p1: PepsiMaxmax|move: Tailwind
|move|p1a: Annihilape|Final Gambit|p2a: Jumpluff
|-damage|p2a: Jumpluff|15/100
|faint|p1a: Annihilape
|move|p2a: Jumpluff|Sleep Powder|p1b: Whimsicott
|-immune|p1b: Whimsicott
|move|p2b: Typhlosion|Heat Wave|p1b: Whimsicott|[miss]
|-miss|p2b: Typhlosion|p1b: Whimsicott
|
|upkeep
|
|t:|1756316101
|switch|p1a: Tyranitar|Tyranitar, L50, F|100/100
|-weather|Sandstorm|[from] ability: Sand Stream|[of] p1a: Tyranitar
|turn|3
|
|t:|1756316122
|switch|p2a: Torkoal|Torkoal, L50, M|100/100
|-weather|SunnyDay|[from] ability: Drought|[of] p2a: Torkoal
|-terastallize|p2b: Typhlosion|Fire
|move|p1a: Tyranitar|Protect|p1a: Tyranitar
|-singleturn|p1a: Tyranitar|Protect
|move|p1b: Whimsicott|Moonblast|p2a: Torkoal
|-resisted|p2a: Torkoal
|-damage|p2a: Torkoal|83/100
|move|p2b: Typhlosion|Heat Wave|p1a: Tyranitar|[spread] p1b
|-activate|p1a: Tyranitar|move: Protect
|-supereffective|p1b: Whimsicott
|-damage|p1b: Whimsicott|0 fnt
|faint|p1b: Whimsicott
|
|-weather|SunnyDay|[upkeep]
|upkeep
|
|t:|1756316137
|switch|p1b: Mamoswine|Mamoswine, L50, F|100/100
|turn|4
|
|t:|1756316143
|move|p2a: Torkoal|Helping Hand|p2b: Typhlosion
|-singleturn|p2b: Typhlosion|Helping Hand|[of] p2a: Torkoal
|move|p1b: Mamoswine|Protect|p1b: Mamoswine
|-singleturn|p1b: Mamoswine|Protect
|move|p2b: Typhlosion|Heat Wave|p1b: Mamoswine|[spread] 
|-activate|p1b: Mamoswine|move: Protect
|-miss|p2b: Typhlosion|p1a: Tyranitar
|move|p1a: Tyranitar|Rock Slide|p2b: Typhlosion|[spread] p2b
|-miss|p1a: Tyranitar|p2a: Torkoal
|-supereffective|p2b: Typhlosion
|-damage|p2b: Typhlosion|7/100
|
|-weather|SunnyDay|[upkeep]
|-sideend|p2: bassacucina777|move: Tailwind
|upkeep
|turn|5
|
|t:|1756316159
|move|p2a: Torkoal|Helping Hand|p2b: Typhlosion
|-singleturn|p2b: Typhlosion|Helping Hand|[of] p2a: Torkoal
|move|p1a: Tyranitar|Rock Slide|p2a: Torkoal|[spread] p2b
|-miss|p1a: Tyranitar|p2a: Torkoal
|-supereffective|p2b: Typhlosion
|-crit|p2b: Typhlosion
|-damage|p2b: Typhlosion|0 fnt
|faint|p2b: Typhlosion
|move|p1b: Mamoswine|High Horsepower|p2a: Torkoal
|-supereffective|p2a: Torkoal
|-damage|p2a: Torkoal|0 fnt
|faint|p2a: Torkoal
|
|-weather|SunnyDay|[upkeep]
|-sideend|p1: PepsiMaxmax|move: Light Screen
|-sideend|p1: PepsiMaxmax|move: Tailwind
|upkeep
|
|t:|1756316171
|switch|p2b: Dragonite|Dragonite, L50, M|100/100
|switch|p2a: Jumpluff|Jumpluff, L50, F|15/100
|turn|6
|
|t:|1756316204
|move|p1b: Mamoswine|Ice Shard|p2a: Jumpluff
|-supereffective|p2a: Jumpluff
|-damage|p2a: Jumpluff|0 fnt
|faint|p2a: Jumpluff
|move|p2b: Dragonite|Scale Shot|p1b: Mamoswine|[miss]
|-miss|p2b: Dragonite|p1b: Mamoswine
|move|p1a: Tyranitar|Rock Slide|p2b: Dragonite
|-supereffective|p2b: Dragonite
|-damage|p2b: Dragonite|54/100
|
|-weather|SunnyDay|[upkeep]
|upkeep
|turn|7
|-message|bassacucina777 forfeited.
|
|win|PepsiMaxmax
|raw|PepsiMaxmax's rating: 1102 → 1130(+28 for winning)
|raw|bassacucina777's rating: 1146 → 1118(-28 for losing)
