|j|☆kikuey
|j|☆wodaiogien
|html|kikueywodaiogien    
|uhtml|bestof|Game 3 of a best-of-3
|t:|1782243111
|gametype|doubles
|player|p1|kikuey|blue-gen2|1136
|player|p2|wodaiogien|265|1069
|gen|9
|tier|[Gen 9 Champions] VGC 2026 Reg M-B (Bo3)
|rated|
|rule|Species Clause: Limit one of each Pokémon
|rule|Item Clause: Limit 1 of each item
|clearpoke
|poke|p1|Gengar, L50, F|
|poke|p1|Ninetales-Alola, L50, F|
|poke|p1|Garchomp, L50, M|
|poke|p1|Metagross, L50|
|poke|p1|Rotom-Wash, L50|
|poke|p1|Incineroar, L50, M|
|poke|p2|Ninetales-Alola, L50, F|
|poke|p2|Raichu, L50, F|
|poke|p2|Basculegion, L50, M|
|poke|p2|Incineroar, L50, F|
|poke|p2|Kingambit, L50, F|
|poke|p2|Farigiraf, L50, M|
|teampreview|4
|showteam|p1|Gengar||Gengarite|CursedBody|SludgeBomb,ShadowBall,Disable,Protect|Timid||F|||50|]Ninetales-Alola||NeverMeltIce|SnowWarning|Encore,Protect,Blizzard,Moonblast|Timid||F|||50|]Garchomp||LifeOrb|RoughSkin|RockSlide,Earthquake,DragonClaw,Protect|Jolly||M|||50|]Metagross||Metagrossite|ClearBody|MeteorMash,PsychicFangs,Protect,RockTomb|Jolly|||||50|]Rotom-Wash||SitrusBerry|Levitate|WillOWisp,Thunderbolt,Protect,HydroPump|Bold|||||50|]Incineroar||ShucaBerry|Intimidate|FlareBlitz,ThroatChop,PartingShot,FakeOut|Impish||M|||50|
|showteam|p2|Ninetales-Alola||FocusSash|SnowWarning|Blizzard,FreezeDry,Encore,Protect|Timid||F|||50|]Raichu||RaichuniteY|LightningRod|ZapCannon,FocusBlast,FakeOut,Protect|Timid||F|||50|]Basculegion||LifeOrb|Adaptability|WaveCrash,AquaJet,LastRespects,Protect|Adamant||M|||50|]Incineroar||ShucaBerry|Intimidate|FlareBlitz,PartingShot,FakeOut,Taunt|Careful||F|||50|]Kingambit||ChopleBerry|Defiant|KowtowCleave,SuckerPunch,IronHead,LowKick|Adamant||F|||50|]Farigiraf||SitrusBerry|ArmorTail|TwinBeam,TrickRoom,HelpingHand,Protect|Relaxed||M|||50|
|inactive|Battle timer is ON: inactive players will automatically lose when time's up. (requested by wodaiogien)
|inactive|kikuey also wants the timer to be on.
|inactive|wodaiogien has 60 seconds left.
|
|t:|1782243145
|teamsize|p1|4
|teamsize|p2|4
|start
|switch|p1a: Gengar|Gengar, L50, F|100/100
|switch|p1b: Rotom|Rotom-Wash, L50|100/100
|switch|p2a: Raichu|Raichu, L50, F|100/100
|switch|p2b: Kingambit|Kingambit, L50, F|100/100
|turn|1
|inactive|wodaiogien has 30 seconds left.
|inactive|wodaiogien has 20 seconds left.
|inactive|wodaiogien has 15 seconds left.
|
|t:|1782243187
|switch|p1b: Garchomp|Garchomp, L50, M|100/100
|detailschange|p1a: Gengar|Gengar-Mega, L50, F
|-mega|p1a: Gengar|Gengar|Gengarite
|move|p1a: Gengar|Protect|p1a: Gengar
|-singleturn|p1a: Gengar|Protect
|move|p2a: Raichu|Fake Out|p1b: Garchomp
|-damage|p1b: Garchomp|92/100
|-damage|p2a: Raichu|88/100|[from] ability: Rough Skin|[of] p1b: Garchomp
|move|p2b: Kingambit|Sucker Punch||[still]
|-fail|p2b: Kingambit
|
|upkeep
|turn|2
|
|t:|1782243207
|switch|p1a: Rotom|Rotom-Wash, L50|100/100
|detailschange|p2a: Raichu|Raichu-Mega-Y, L50, F
|-mega|p2a: Raichu|Raichu|Raichunite Y
|move|p2a: Raichu|Zap Cannon|p1a: Rotom
|-damage|p1a: Rotom|40/100
|-enditem|p1a: Rotom|Sitrus Berry|[eat]
|-heal|p1a: Rotom|64/100|[from] item: Sitrus Berry
|move|p1b: Garchomp|Earthquake|p2a: Raichu|[spread] p2a,p2b
|-immune|p1a: Rotom|[from] ability: Levitate
|-supereffective|p2a: Raichu|1
|-supereffective|p2b: Kingambit|1
|-damage|p2a: Raichu|0 fnt
|-damage|p2b: Kingambit|35/100
|faint|p2a: Raichu
|-damage|p1b: Garchomp|82/100|[from] item: Life Orb
|move|p2b: Kingambit|Kowtow Cleave|p1a: Rotom
|-damage|p1a: Rotom|26/100
|
|upkeep
|
|t:|1782243218
|switch|p2a: Incineroar|Incineroar, L50, F|100/100
|-ability|p2a: Incineroar|Intimidate|boost
|-unboost|p1a: Rotom|atk|1
|-unboost|p1b: Garchomp|atk|1
|turn|3
|
|t:|1782243239
|move|p1b: Garchomp|Protect|p1b: Garchomp
|-singleturn|p1b: Garchomp|Protect
|move|p1a: Rotom|Protect|p1a: Rotom
|-singleturn|p1a: Rotom|Protect
|move|p2b: Kingambit|Sucker Punch||[still]
|-fail|p2b: Kingambit
|move|p2a: Incineroar|Parting Shot|p1b: Garchomp
|-activate|p1b: Garchomp|move: Protect
|
|upkeep
|turn|4
|inactive|wodaiogien has 30 seconds left.
|inactive|wodaiogien has 20 seconds left.
|inactive|wodaiogien has 15 seconds left.
|inactive|wodaiogien has 10 seconds left.
|inactive|wodaiogien has 5 seconds left.
|
|t:|1782243290
|switch|p2b: Ninetales|Ninetales-Alola, L50, F|100/100
|-weather|Snowscape|[from] ability: Snow Warning|[of] p2b: Ninetales
|move|p1b: Garchomp|Earthquake|p2b: Ninetales|[spread] p2a,p2b
|-immune|p1a: Rotom|[from] ability: Levitate
|-supereffective|p2a: Incineroar|1
|-enditem|p2a: Incineroar|Shuca Berry|[eat]
|-enditem|p2a: Incineroar|Shuca Berry|[weaken]
|-damage|p2a: Incineroar|71/100
|-damage|p2b: Ninetales|62/100
|-damage|p1b: Garchomp|72/100|[from] item: Life Orb
|move|p1a: Rotom|Hydro Pump|p2a: Incineroar
|-supereffective|p2a: Incineroar|1
|-damage|p2a: Incineroar|8/100
|move|p2a: Incineroar|Parting Shot|p1b: Garchomp
|-unboost|p1b: Garchomp|atk|1
|-unboost|p1b: Garchomp|spa|1
|
|t:|1782243310
|switch|p2a: Kingambit|Kingambit, L50, F|35/100|[from] Parting Shot
|
|-weather|Snowscape|[upkeep]
|upkeep
|turn|5
|
|t:|1782243321
|move|p1b: Garchomp|Protect|p1b: Garchomp
|-singleturn|p1b: Garchomp|Protect
|move|p2b: Ninetales|Blizzard|p1a: Rotom|[spread] p1a
|-activate|p1b: Garchomp|move: Protect
|-resisted|p1a: Rotom|1
|-damage|p1a: Rotom|12/100
|move|p1a: Rotom|Thunderbolt|p2a: Kingambit
|-damage|p2a: Kingambit|3/100
|move|p2a: Kingambit|Kowtow Cleave|p1b: Garchomp
|-activate|p1b: Garchomp|move: Protect
|
|-weather|Snowscape|[upkeep]
|upkeep
|turn|6
|inactive|wodaiogien has 30 seconds left.
|
|t:|1782243350
|switch|p1b: Ninetales|Ninetales-Alola, L50, F|100/100
|move|p1a: Rotom|Protect|p1a: Rotom
|-singleturn|p1a: Rotom|Protect
|move|p2b: Ninetales|Blizzard|p1b: Ninetales|[spread] p1b
|-activate|p1a: Rotom|move: Protect
|-resisted|p1b: Ninetales|1
|-damage|p1b: Ninetales|81/100
|move|p2a: Kingambit|Kowtow Cleave|p1b: Ninetales
|-resisted|p1b: Ninetales|1
|-crit|p1b: Ninetales
|-damage|p1b: Ninetales|46/100
|
|-weather|Snowscape|[upkeep]
|upkeep
|turn|7
|inactive|wodaiogien has 30 seconds left.
|inactive|wodaiogien has 20 seconds left.
|inactive|wodaiogien has 15 seconds left.
|
|t:|1782243393
|move|p2a: Kingambit|Sucker Punch|p1b: Ninetales
|-resisted|p1b: Ninetales|1
|-damage|p1b: Ninetales|26/100
|move|p2b: Ninetales|Freeze-Dry|p1a: Rotom
|-supereffective|p1a: Rotom|1
|-damage|p1a: Rotom|0 fnt
|faint|p1a: Rotom
|move|p1b: Ninetales|Blizzard|p2a: Kingambit|[spread] p2a,p2b
|-resisted|p2a: Kingambit|1
|-resisted|p2b: Ninetales|1
|-damage|p2a: Kingambit|0 fnt
|-damage|p2b: Ninetales|37/100
|faint|p2a: Kingambit
|
|-weather|Snowscape|[upkeep]
|upkeep
|-message|wodaiogien forfeited.
|
|win|kikuey
|raw|kikuey's rating: 1136 → 1156(+20 for winning)
|raw|wodaiogien's rating: 1069 → 1053(-16 for losing)
