|j|ŌśåAlfaceb
|j|ŌśåSpinySpino
|html|AlfacebSpinySpino    
|uhtml|bestof|Game 2 of a best-of-3
|t:|1783025664
|gametype|doubles
|player|p1|Alfaceb|pokefan|1060
|player|p2|SpinySpino|pokemaniac|1000
|gen|9
|tier|[Gen 9 Champions] VGC 2026 Reg M-B (Bo3)
|rated|
|rule|Species Clause: Limit one of each Pok├®mon
|rule|Item Clause: Limit 1 of each item
|clearpoke
|poke|p1|Charizard, L50, F|
|poke|p1|Blastoise, L50, F|
|poke|p1|Venusaur, L50, M|
|poke|p1|Aerodactyl, L50, F, shiny|
|poke|p1|Kangaskhan, L50, F|
|poke|p1|Clefable, L50, F|
|poke|p2|Eelektross, L50, M, shiny|
|poke|p2|Charizard, L50, F|
|poke|p2|Sinistcha, L50|
|poke|p2|Garchomp, L50, M|
|poke|p2|Basculegion, L50, M|
|poke|p2|Whimsicott, L50, F|
|teampreview|4
|showteam|p1|Charizard||CharizarditeY|SolarPower|HeatWave,WeatherBall,Protect,SolarBeam|Modest||F|||50|]Blastoise||Blastoisinite|Torrent|ShellSmash,WaterSpout,AuraSphere,Protect|Modest||F|||50|]Venusaur||LifeOrb|Chlorophyll|SleepPowder,SludgeBomb,EnergyBall,Protect|Modest||M|||50|]Aerodactyl||FocusSash|Unnerve|DualWingbeat,RockSlide,Protect,Tailwind|Jolly||F|||50|]Kangaskhan||SilkScarf|Scrappy|FakeOut,LastResort|Adamant||F|||50|]Clefable||SitrusBerry|Unaware|Moonblast,FollowMe,HelpingHand,Protect|Bold||F|||50|
|showteam|p2|Eelektross||Eelektrossite|Levitate|GigaDrain,Protect,Electroweb,Flamethrower|Modest||M|||50|]Charizard||Charcoal|Blaze|Protect,Overheat,SolarBeam,HeatWave|Modest||F|||50|]Sinistcha||Leftovers|Hospitality|MatchaGotcha,ShadowBall,LifeDew,RagePowder|Timid|||||50|]Garchomp||LifeOrb|RoughSkin|Earthquake,DragonClaw,RockSlide,Protect|Adamant||M|||50|]Basculegion||ShellBell|Adaptability|WaveCrash,AquaJet,PhantomForce,LastRespects|Adamant||M|||50|]Whimsicott||FocusSash|Prankster|Encore,DazzlingGleam,SunnyDay,Tailwind|Timid||F|||50|
|j| mii_miim
|
|t:|1783025686
|teamsize|p1|4
|teamsize|p2|4
|start
|switch|p1a: Aerodactyl|Aerodactyl, L50, F, shiny|100/100
|switch|p1b: Kangaskhan|Kangaskhan, L50, F|100/100
|switch|p2a: Eelektross|Eelektross, L50, M, shiny|100/100
|switch|p2b: Garchomp|Garchomp, L50, M|100/100
|-ability|p1a: Aerodactyl|Unnerve
|turn|1
|
|t:|1783025711
|detailschange|p2a: Eelektross|Eelektross-Mega, L50, M, shiny
|-mega|p2a: Eelektross|Eelektross|Eelektrossite
|move|p1b: Kangaskhan|Fake Out|p2a: Eelektross
|-damage|p2a: Eelektross|68/100
|move|p1a: Aerodactyl|Tailwind|p1a: Aerodactyl
|-sidestart|p1: Alfaceb|move: Tailwind
|move|p2b: Garchomp|Rock Slide|p1a: Aerodactyl|[spread] p1a,p1b
|-supereffective|p1a: Aerodactyl|1
|-damage|p1a: Aerodactyl|17/100
|-damage|p1b: Kangaskhan|65/100
|-damage|p2b: Garchomp|90/100|[from] item: Life Orb
|cant|p2a: Eelektross|flinch
|
|upkeep
|turn|2
|
|t:|1783025729
|move|p1a: Aerodactyl|Protect|p1a: Aerodactyl
|-singleturn|p1a: Aerodactyl|Protect
|move|p1b: Kangaskhan|Last Resort|p2b: Garchomp
|-damage|p2b: Garchomp|14/100
|-damage|p1b: Kangaskhan|53/100|[from] ability: Rough Skin|[of] p2b: Garchomp
|move|p2b: Garchomp|Rock Slide|p1a: Aerodactyl|[spread] p1b
|-activate|p1a: Aerodactyl|move: Protect
|-damage|p1b: Kangaskhan|20/100y
|-damage|p2b: Garchomp|4/100|[from] item: Life Orb
|move|p2a: Eelektross|Electroweb|p1b: Kangaskhan|[spread] p1b
|-activate|p1a: Aerodactyl|move: Protect
|-damage|p1b: Kangaskhan|0 fnt
|faint|p1b: Kangaskhan
|-ability|p2a: Eelektross|Eelevate|boost
|-boost|p2a: Eelektross|spa|1
|
|upkeep
|l|ŌśåAlfaceb
|player|p1|
|j|ŌśåAlfaceb
|player|p1|Alfaceb|pokefan|
|
|t:|1783025753
|switch|p1b: Clefable|Clefable, L50, F|100/100
|turn|3
|
|t:|1783025767
|move|p1b: Clefable|Helping Hand|p1a: Aerodactyl
|-singleturn|p1a: Aerodactyl|Helping Hand|[of] p1b: Clefable
|move|p2a: Eelektross|Protect|p2a: Eelektross
|-singleturn|p2a: Eelektross|Protect
|move|p1a: Aerodactyl|Rock Slide|p2a: Eelektross|[spread] p2b
|-activate|p2a: Eelektross|move: Protect
|-resisted|p2b: Garchomp|1
|-damage|p2b: Garchomp|0 fnt
|faint|p2b: Garchomp
|
|upkeep
|l|ŌśåAlfaceb
|player|p1|
|
|t:|1783025790
|switch|p2b: Whimsicott|Whimsicott, L50, F|100/100
|turn|4
|j|ŌśåAlfaceb
|player|p1|Alfaceb|pokefan|
|
|t:|1783025816
|move|p2b: Whimsicott|Tailwind|p2b: Whimsicott
|-sidestart|p2: SpinySpino|move: Tailwind
|move|p1a: Aerodactyl|Rock Slide|p2a: Eelektross|[spread] p2a,p2b
|-damage|p2a: Eelektross|34/100
|-damage|p2b: Whimsicott|62/100
|move|p2a: Eelektross|Electroweb|p1a: Aerodactyl|[spread] p1a,p1b
|-supereffective|p1a: Aerodactyl|1
|-damage|p1a: Aerodactyl|0 fnt
|-damage|p1b: Clefable|80/100
|-unboost|p1b: Clefable|spe|1
|faint|p1a: Aerodactyl
|-ability|p2a: Eelektross|Eelevate|boost
|-boost|p2a: Eelektross|spa|1
|move|p1b: Clefable|Moonblast|p2a: Eelektross
|-damage|p2a: Eelektross|0 fnt
|faint|p2a: Eelektross
|
|-sideend|p1: Alfaceb|move: Tailwind
|upkeep
|l|ŌśåAlfaceb
|player|p1|
|j|ŌśåAlfaceb
|player|p1|Alfaceb|pokefan|
|
|t:|1783025841
|switch|p1a: Blastoise|Blastoise, L50, F|100/100
|switch|p2a: Sinistcha|Sinistcha, L50|100/100
|-heal|p2b: Whimsicott|86/100|[from] ability: Hospitality|[of] p2a: Sinistcha
|turn|5
|l|ŌśåAlfaceb
|player|p1|
|j|ŌśåAlfaceb
|player|p1|Alfaceb|pokefan|
|
|t:|1783025874
|detailschange|p1a: Blastoise|Blastoise-Mega, L50, F
|-mega|p1a: Blastoise|Blastoise|Blastoisinite
|move|p1a: Blastoise|Protect|p1a: Blastoise
|-singleturn|p1a: Blastoise|Protect
|move|p2b: Whimsicott|Dazzling Gleam|p1b: Clefable|[spread] p1b
|-activate|p1a: Blastoise|move: Protect
|-damage|p1b: Clefable|61/100
|move|p2a: Sinistcha|Matcha Gotcha|p1a: Blastoise|[spread] p1b
|-activate|p1a: Blastoise|move: Protect
|-damage|p1b: Clefable|36/100
|-enditem|p1b: Clefable|Sitrus Berry|[eat]
|-heal|p1b: Clefable|60/100|[from] item: Sitrus Berry
|move|p1b: Clefable|Moonblast|p2a: Sinistcha
|-damage|p2a: Sinistcha|52/100
|
|-heal|p2a: Sinistcha|58/100|[from] item: Leftovers
|upkeep
|turn|6
|l|ŌśåAlfaceb
|player|p1|
|j|ŌśåAlfaceb
|player|p1|Alfaceb|pokefan|
|
|t:|1783025922
|move|p1a: Blastoise|Protect||[still]
|-fail|p1a: Blastoise
|move|p2b: Whimsicott|Encore|p1a: Blastoise
|-start|p1a: Blastoise|Encore
|move|p2a: Sinistcha|Matcha Gotcha|p1a: Blastoise|[spread] p1a,p1b
|-supereffective|p1a: Blastoise|1
|-damage|p1a: Blastoise|44/100
|-heal|p2a: Sinistcha|91/100|[from] drain|[of] p1a: Blastoise
|-damage|p1b: Clefable|35/100
|-heal|p2a: Sinistcha|100/100|[from] drain|[of] p1b: Clefable
|move|p1b: Clefable|Moonblast|p2a: Sinistcha
|-damage|p2a: Sinistcha|52/100
|
|-heal|p2a: Sinistcha|58/100|[from] item: Leftovers
|upkeep
|turn|7
|l|ŌśåAlfaceb
|player|p1|
|j|ŌśåAlfaceb
|player|p1|Alfaceb|pokefan|
|
|t:|1783025954
|move|p1a: Blastoise|Protect|p1a: Blastoise
|-singleturn|p1a: Blastoise|Protect
|move|p2b: Whimsicott|Dazzling Gleam|p1b: Clefable|[spread] p1b
|-activate|p1a: Blastoise|move: Protect
|-damage|p1b: Clefable|15/100
|move|p2a: Sinistcha|Matcha Gotcha|p1a: Blastoise|[spread] p1b
|-activate|p1a: Blastoise|move: Protect
|-damage|p1b: Clefable|0 fnt
|-heal|p2a: Sinistcha|69/100|[from] drain|[of] p1b: Clefable
|faint|p1b: Clefable
|
|-heal|p2a: Sinistcha|75/100|[from] item: Leftovers
|-sideend|p2: SpinySpino|move: Tailwind
|upkeep
|turn|8
|l|ŌśåAlfaceb
|player|p1|
|j|ŌśåAlfaceb
|player|p1|Alfaceb|pokefan|
|
|t:|1783025977
|move|p1a: Blastoise|Protect||[still]
|-fail|p1a: Blastoise
|move|p2b: Whimsicott|Dazzling Gleam|p1a: Blastoise
|-damage|p1a: Blastoise|15/100
|move|p2a: Sinistcha|Matcha Gotcha|p1a: Blastoise
|-supereffective|p1a: Blastoise|1
|-damage|p1a: Blastoise|0 fnt
|-heal|p2a: Sinistcha|84/100|[from] drain|[of] p1a: Blastoise
|faint|p1a: Blastoise
|
|win|SpinySpino
||Alfaceb is ready for game 3.
|inactive|SpinySpino has 30 seconds to confirm battle start!
||SpinySpino is ready for game 3.
|uhtml|next|Next: Game 3 of 3
|l|ŌśåAlfaceb
|player|p1|
|l|ŌśåSpinySpino
|player|p2|
|j|ŌśåAlfaceb
|player|p1|Alfaceb|pokefan|
