|j|☆Sedrav
|j|☆TacCat
|html|SedravTacCat    
|uhtml|bestof|Game 2 of a best-of-3
|t:|1756942052
|gametype|doubles
|player|p1|Sedrav|265|1110
|player|p2|TacCat|ltsurge|1057
|gen|9
|tier|[Gen 9] VGC 2025 Reg H (Bo3)
|rated|
|rule|Species Clause: Limit one of each Pokémon
|rule|Item Clause: Limit 1 of each item
|clearpoke
|poke|p1|Garchomp, L50, F|
|poke|p1|Talonflame, L50, M|
|poke|p1|Gholdengo, L50|
|poke|p1|Tyranitar, L50, M|
|poke|p1|Amoonguss, L50, F|
|poke|p1|Milotic, L50, M|
|poke|p2|Annihilape, L50, F|
|poke|p2|Dragonite, L50, F|
|poke|p2|Gholdengo, L50|
|poke|p2|Porygon2, L50|
|poke|p2|Ursaluna, L50, F|
|poke|p2|Incineroar, L50, M|
|teampreview|4
|showteam|p1|Garchomp||LifeOrb|RoughSkin|DragonClaw,StompingTantrum,Earthquake,Protect|||F|||50|,,,,,Fairy]Talonflame||CovertCloak|GaleWings|BraveBird,Tailwind,WillOWisp,Taunt|||M|||50|,,,,,Grass]Gholdengo||MetalCoat|GoodasGold|MakeItRain,ShadowBall,NastyPlot,Protect||||||50|,,,,,Flying]Tyranitar||AssaultVest|SandStream|RockSlide,KnockOff,LowKick,TeraBlast|||M|||50|,,,,,Flying]Amoonguss||SitrusBerry|Regenerator|Spore,RagePowder,PollenPuff,Protect|||F|||50|,,,,,Water]Milotic||SafetyGoggles|Competitive|Scald,IcyWind,Haze,Protect|||M|||50|,,,,,Dragon
|showteam|p2|Annihilape||FocusSash|Defiant|RageFist,CloseCombat,Coaching,Taunt|||F|||50|,,,,,Stellar]Dragonite||LoadedDice|Multiscale|ScaleShot,ExtremeSpeed,Tailwind,Protect|||F|||50|,,,,,Fairy]Gholdengo||LifeOrb|GoodasGold|ShadowBall,MakeItRain,NastyPlot,Protect||||||50|,,,,,Water]Porygon2||Eviolite|Download|IceBeam,TeraBlast,Recover,TrickRoom||||||50|,,,,,Fighting]Ursaluna||FlameOrb|Guts|Facade,Earthquake,HeadlongRush,Protect|||F|||50|,,,,,Ghost]Incineroar||SafetyGoggles|Intimidate|FakeOut,KnockOff,FlareBlitz,PartingShot|||M|||50|,,,,,Ghost
|inactive|Battle timer is ON: inactive players will automatically lose when time's up. (requested by Sedrav)
|inactive|Sedrav has 60 seconds left.
|
|t:|1756942100
|teamsize|p1|4
|teamsize|p2|4
|start
|switch|p1a: Tyranitar|Tyranitar, L50, M|100/100
|switch|p1b: Amoonguss|Amoonguss, L50, F|100/100
|switch|p2a: Annihilape|Annihilape, L50, F|100/100
|switch|p2b: Dragonite|Dragonite, L50, F|100/100
|-weather|Sandstorm|[from] ability: Sand Stream|[of] p1a: Tyranitar
|turn|1
|inactive|Sedrav has 30 seconds left.
|inactive|Sedrav has 20 seconds left.
|inactive|TacCat has 30 seconds left.
|inactive|Sedrav has 15 seconds left.
|
|t:|1756942143
|switch|p2b: Ursaluna|Ursaluna, L50, F|100/100
|-terastallize|p1a: Tyranitar|Flying
|move|p1b: Amoonguss|Protect|p1b: Amoonguss
|-singleturn|p1b: Amoonguss|Protect
|move|p2a: Annihilape|Taunt|p1b: Amoonguss
|-activate|p1b: Amoonguss|move: Protect
|move|p1a: Tyranitar|Rock Slide|p2b: Ursaluna|[spread] p2b
|-miss|p1a: Tyranitar|p2a: Annihilape
|-resisted|p2b: Ursaluna
|-damage|p2b: Ursaluna|90/100
|
|-weather|Sandstorm|[upkeep]
|-damage|p2a: Annihilape|95/100|[from] Sandstorm
|-damage|p1a: Tyranitar|95/100|[from] Sandstorm
|-damage|p1b: Amoonguss|95/100|[from] Sandstorm
|-status|p2b: Ursaluna|brn|[from] item: Flame Orb
|upkeep
|turn|2
|inactive|Sedrav has 30 seconds left.
|inactive|Sedrav has 20 seconds left.
|
|t:|1756942183
|move|p1b: Amoonguss|Rage Powder|p1b: Amoonguss
|-singleturn|p1b: Amoonguss|move: Rage Powder
|move|p2a: Annihilape|Coaching|p2b: Ursaluna
|-boost|p2b: Ursaluna|atk|1
|-boost|p2b: Ursaluna|def|1
|move|p1a: Tyranitar|Knock Off|p2b: Ursaluna
|-damage|p2b: Ursaluna|63/100 brn
|-enditem|p2b: Ursaluna|Flame Orb|[from] move: Knock Off|[of] p1a: Tyranitar
|move|p2b: Ursaluna|Facade|p1b: Amoonguss
|-damage|p1b: Amoonguss|0 fnt
|faint|p1b: Amoonguss
|
|-weather|Sandstorm|[upkeep]
|-damage|p2a: Annihilape|89/100|[from] Sandstorm
|-damage|p1a: Tyranitar|89/100|[from] Sandstorm
|-damage|p2b: Ursaluna|57/100 brn|[from] brn
|upkeep
|
|t:|1756942199
|switch|p1b: Talonflame|Talonflame, L50, M|100/100
|turn|3
|inactive|TacCat has 30 seconds left.
|inactive|TacCat has 20 seconds left.
|
|t:|1756942238
|switch|p2a: Incineroar|Incineroar, L50, M|100/100
|-ability|p2a: Incineroar|Intimidate|boost
|-unboost|p1a: Tyranitar|atk|1
|-unboost|p1b: Talonflame|atk|1
|move|p2b: Ursaluna|Protect|p2b: Ursaluna
|-singleturn|p2b: Ursaluna|Protect
|move|p1b: Talonflame|Brave Bird|p2a: Incineroar
|-damage|p2a: Incineroar|76/100
|-damage|p1b: Talonflame|90/100|[from] Recoil
|move|p1a: Tyranitar|Rock Slide|p2b: Ursaluna|[spread] p2a
|-activate|p2b: Ursaluna|move: Protect
|-supereffective|p2a: Incineroar
|-damage|p2a: Incineroar|47/100
|
|-weather|Sandstorm|[upkeep]
|-damage|p1b: Talonflame|84/100|[from] Sandstorm
|-damage|p1a: Tyranitar|83/100|[from] Sandstorm
|-damage|p2b: Ursaluna|51/100 brn|[from] brn
|upkeep
|turn|4
|inactive|Sedrav has 30 seconds left.
|
|t:|1756942269
|switch|p1a: Milotic|Milotic, L50, M|100/100
|move|p2a: Incineroar|Fake Out|p1a: Milotic
|-damage|p1a: Milotic|92/100
|move|p1b: Talonflame|Tailwind|p1b: Talonflame
|-sidestart|p1: Sedrav|move: Tailwind
|move|p2b: Ursaluna|Facade|p1a: Milotic
|-damage|p1a: Milotic|0 fnt
|faint|p1a: Milotic
|
|-weather|Sandstorm|[upkeep]
|-damage|p1b: Talonflame|78/100|[from] Sandstorm
|-damage|p2b: Ursaluna|45/100 brn|[from] brn
|upkeep
|
|t:|1756942281
|switch|p1a: Tyranitar|Tyranitar, L50, M, tera:Flying|83/100
|turn|5
|inactive|Sedrav has 30 seconds left.
|
|t:|1756942308
|switch|p2a: Annihilape|Annihilape, L50, F|89/100
|move|p2b: Ursaluna|Protect|p2b: Ursaluna
|-singleturn|p2b: Ursaluna|Protect
|move|p1b: Talonflame|Brave Bird|p2a: Annihilape
|-supereffective|p2a: Annihilape
|-damage|p2a: Annihilape|23/100
|-damage|p1b: Talonflame|52/100|[from] Recoil
|move|p1a: Tyranitar|Rock Slide|p2b: Ursaluna|[spread] p2a
|-activate|p2b: Ursaluna|move: Protect
|-resisted|p2a: Annihilape
|-damage|p2a: Annihilape|6/100
|
|-weather|none
|-damage|p2b: Ursaluna|39/100 brn|[from] brn
|upkeep
|turn|6
|inactive|Sedrav has 30 seconds left.
|
|t:|1756942337
|switch|p2a: Incineroar|Incineroar, L50, M|47/100
|-ability|p2a: Incineroar|Intimidate|boost
|-unboost|p1a: Tyranitar|atk|1
|-unboost|p1b: Talonflame|atk|1
|move|p1b: Talonflame|Brave Bird|p2b: Ursaluna
|-crit|p2b: Ursaluna
|-damage|p2b: Ursaluna|0 fnt
|faint|p2b: Ursaluna
|-damage|p1b: Talonflame|34/100|[from] Recoil
|move|p1a: Tyranitar|Low Kick|p2a: Incineroar
|-supereffective|p2a: Incineroar
|-damage|p2a: Incineroar|17/100
|
|upkeep
|
|t:|1756942361
|switch|p2b: Dragonite|Dragonite, L50, F|100/100
|turn|7
|
|t:|1756942372
|-terastallize|p2b: Dragonite|Fairy
|move|p2a: Incineroar|Fake Out|p1b: Talonflame
|-damage|p1b: Talonflame|17/100
|move|p2b: Dragonite|Extreme Speed|p1b: Talonflame
|-damage|p1b: Talonflame|0 fnt
|faint|p1b: Talonflame
|move|p1a: Tyranitar|Rock Slide|p2a: Incineroar|[spread] p2b
|-miss|p1a: Tyranitar|p2a: Incineroar
|-damage|p2b: Dragonite|90/100
|
|-sideend|p1: Sedrav|move: Tailwind
|upkeep
|turn|8
|-message|Sedrav forfeited.
|
|win|TacCat
|l|☆Sedrav
|player|p1|
|j|☆Sedrav
|player|p1|Sedrav|265|
