|j|☆Vola alto indio
|j|☆dignity1151
|html|Vola alto indiodignity1151    
|uhtml|bestof|Game 2 of a best-of-3
|t:|1783617010
|gametype|doubles
|player|p1|Vola alto indio|ruinmaniac|
|player|p2|dignity1151|bugcatcher-gen4dp|
|gen|9
|tier|[Gen 9 Champions] VGC 2026 Reg M-B (Bo3)
|rule|Species Clause: Limit one of each Pokémon
|rule|Item Clause: Limit 1 of each item
|clearpoke
|poke|p1|Blastoise, L50, F|
|poke|p1|Delphox, L50, M|
|poke|p1|Incineroar, L50, M|
|poke|p1|Sneasler, L50, F|
|poke|p1|Sinistcha-Masterpiece, L50|
|poke|p1|Kingambit, L50, F|
|poke|p2|Gallade, L50, M|
|poke|p2|Farigiraf, L50, M|
|poke|p2|Kangaskhan, L50, F|
|poke|p2|Kingambit, L50, M|
|poke|p2|Hatterene, L50, F|
|poke|p2|Torkoal, L50, F|
|teampreview|4
|showteam|p1|Blastoise||Blastoisinite|Torrent|WaterSpout,DarkPulse,ShellSmash,Protect|Modest||F|||50|]Delphox||Delphoxite|Blaze|HeatWave,Psychic,NastyPlot,Protect|Timid||M|||50|]Incineroar||SitrusBerry|Intimidate|FlareBlitz,HelpingHand,PartingShot,FakeOut|Careful||M|||50|]Sneasler||FocusSash|PoisonTouch|CloseCombat,PoisonJab,FakeOut,QuickGuard|Jolly||F|||50|]Sinistcha-Masterpiece||KasibBerry|Hospitality|MatchaGotcha,RagePowder,LifeDew,Protect|Bold|||||50|]Kingambit||BlackGlasses|Defiant|KowtowCleave,SuckerPunch,SwordsDance,Protect|Adamant||F|||50|
|showteam|p2|Gallade||FocusSash|Sharpness|TrickRoom,WideGuard,PsychoCut,SacredSword|Brave||M|||50|]Farigiraf||ColburBerry|ArmorTail|HelpingHand,TrickRoom,Thunderbolt,TwinBeam|Relaxed||M|||50|]Kangaskhan||Kangaskhanite|Scrappy|FakeOut,Crunch,DoubleEdge,HammerArm|Brave||F|||50|]Kingambit||ChopleBerry|Defiant|KowtowCleave,SuckerPunch,IronHead,LowKick|Brave||M|||50|]Hatterene||FairyFeather|MagicBounce|DazzlingGleam,TrickRoom,Psychic,Psyshock|Quiet||F|||50|]Torkoal||Charcoal|Drought|Eruption,HeatWave,WeatherBall,EarthPower|Quiet||F|||50|
|inactive|Battle timer is ON: inactive players will automatically lose when time's up. (requested by Vola alto indio)
|j| Shemages
|j| Maxisc23
|j| ch4inisss
|j| BrunoNueveCatorce
|j| ignaa
|c| Maxisc23|Quien es quien
|c| ignaa|Si la das vuelta te doy 1000 pesos en la pokeferia
|
|t:|1783617033
|teamsize|p1|4
|teamsize|p2|4
|start
|switch|p1a: quiero debutar|Delphox, L50, M|100/100
|switch|p1b: PESO PLUMA|Incineroar, L50, M|100/100
|switch|p2a: Farigiraf|Farigiraf, L50, M|100/100
|switch|p2b: Kingambit|Kingambit, L50, M|100/100
|-ability|p1b: PESO PLUMA|Intimidate|boost
|-unboost|p2a: Farigiraf|atk|1
|-unboost|p2b: Kingambit|atk|1
|-ability|p2b: Kingambit|Defiant|boost
|-boost|p2b: Kingambit|atk|2
|turn|1
|c|☆Vola alto indio|yo soy lagarto
|c| ignaa|Vola alto indio es ivo
|
|t:|1783617045
|switch|p1a: KinGAGAmbit|Kingambit, L50, F|100/100
|move|p1b: PESO PLUMA|Flare Blitz|p2b: Kingambit
|-supereffective|p2b: Kingambit|1
|-damage|p2b: Kingambit|29/100
|-status|p2b: Kingambit|brn
|-damage|p1b: PESO PLUMA|76/100|[from] Recoil
|move|p2b: Kingambit|Kowtow Cleave|p1a: KinGAGAmbit
|-resisted|p1a: KinGAGAmbit|1
|-damage|p1a: KinGAGAmbit|86/100
|move|p2a: Farigiraf|Trick Room|p2a: Farigiraf
|-fieldstart|move: Trick Room|[of] p2a: Farigiraf
|
|-damage|p2b: Kingambit|23/100 brn|[from] brn
|upkeep
|turn|2
|c| BrunoNueveCatorce|lagarto dice igna que si remontas te entrega la colacha
|c| Maxisc23|Como roba
|
|t:|1783617063
|move|p2a: Farigiraf|Helping Hand|p2b: Kingambit
|-singleturn|p2b: Kingambit|Helping Hand|[of] p2a: Farigiraf
|move|p2b: Kingambit|Low Kick|p1a: KinGAGAmbit
|-supereffective|p1a: KinGAGAmbit|2
|-damage|p1a: KinGAGAmbit|0 fnt
|faint|p1a: KinGAGAmbit
|move|p1b: PESO PLUMA|Parting Shot|p2a: Farigiraf
|-unboost|p2a: Farigiraf|atk|1
|-unboost|p2a: Farigiraf|spa|1
|
|t:|1783617069
|switch|p1b: quiero debutar|Delphox, L50, M|100/100|[from] Parting Shot
|
|-damage|p2b: Kingambit|18/100 brn|[from] brn
|upkeep
|
|t:|1783617073
|switch|p1a: CHIP|Sinistcha-Masterpiece, L50|100/100
|turn|3
|
|t:|1783617082
|detailschange|p1b: quiero debutar|Delphox-Mega, L50, M
|-mega|p1b: quiero debutar|Delphox|Delphoxite
|move|p2a: Farigiraf|Helping Hand|p2b: Kingambit
|-singleturn|p2b: Kingambit|Helping Hand|[of] p2a: Farigiraf
|move|p1a: CHIP|Rage Powder|p1a: CHIP
|-singleturn|p1a: CHIP|move: Rage Powder
|move|p2b: Kingambit|Kowtow Cleave|p1a: CHIP
|-supereffective|p1a: CHIP|1
|-damage|p1a: CHIP|20/100y
|move|p1b: quiero debutar|Nasty Plot|p1b: quiero debutar
|-boost|p1b: quiero debutar|spa|2
|
|-damage|p2b: Kingambit|12/100 brn|[from] brn
|upkeep
|turn|4
|c| Shemages|Como roba mi player carajo
|
|t:|1783617095
|move|p2a: Farigiraf|Helping Hand|p2b: Kingambit
|-singleturn|p2b: Kingambit|Helping Hand|[of] p2a: Farigiraf
|move|p1a: CHIP|Protect|p1a: CHIP
|-singleturn|p1a: CHIP|Protect
|move|p1b: quiero debutar|Protect|p1b: quiero debutar
|-singleturn|p1b: quiero debutar|Protect
|move|p2b: Kingambit|Kowtow Cleave|p1b: quiero debutar
|-activate|p1b: quiero debutar|move: Protect
|
|-damage|p2b: Kingambit|6/100 brn|[from] brn
|upkeep
|turn|5
|inactive|dignity1151 has 30 seconds left.
|
|t:|1783617125
|move|p1a: CHIP|Rage Powder|p1a: CHIP
|-singleturn|p1a: CHIP|move: Rage Powder
|move|p2b: Kingambit|Sucker Punch||[still]
|-fail|p2b: Kingambit
|move|p2a: Farigiraf|Twin Beam|p1a: CHIP
|-damage|p1a: CHIP|10/100
|-damage|p1a: CHIP|1/100
|-hitcount|p1a: CHIP|2
|move|p1b: quiero debutar|Heat Wave|p2b: Kingambit|[spread] p2b
|-miss|p1b: quiero debutar|p2a: Farigiraf
|-supereffective|p2b: Kingambit|1
|-damage|p2b: Kingambit|0 fnt
|faint|p2b: Kingambit
|
|-fieldend|move: Trick Room
|upkeep
|
|t:|1783617133
|switch|p2b: Kangaskhan|Kangaskhan, L50, F|100/100
|turn|6
|c| BrunoNueveCatorce|kjjjj}
|
|t:|1783617150
|detailschange|p2b: Kangaskhan|Kangaskhan-Mega, L50, F
|-mega|p2b: Kangaskhan|Kangaskhan|Kangaskhanite
|move|p1b: quiero debutar|Heat Wave|p2a: Farigiraf|[spread] p2a,p2b
|-damage|p2a: Farigiraf|36/100
|-damage|p2b: Kangaskhan|40/100
|move|p2b: Kangaskhan|Crunch|p1b: quiero debutar
|-supereffective|p1b: quiero debutar|1
|-damage|p1b: quiero debutar|30/100
|-supereffective|p1b: quiero debutar|1
|-damage|p1b: quiero debutar|14/100
|-unboost|p1b: quiero debutar|def|1
|-hitcount|p1b: quiero debutar|2
|move|p1a: CHIP|Matcha Gotcha|p2b: Kangaskhan|[spread] p2a
|-miss|p1a: CHIP|p2b: Kangaskhan
|-damage|p2a: Farigiraf|14/100
|-heal|p1a: CHIP|15/100|[from] drain|[of] p2a: Farigiraf
|move|p2a: Farigiraf|Trick Room|p2a: Farigiraf
|-fieldstart|move: Trick Room|[of] p2a: Farigiraf
|
|upkeep
|turn|7
|
|t:|1783617169
|switch|p1a: PESO PLUMA|Incineroar, L50, M|76/100
|-ability|p1a: PESO PLUMA|Intimidate|boost
|-unboost|p2a: Farigiraf|atk|1
|-unboost|p2b: Kangaskhan|atk|1
|move|p1b: quiero debutar|Protect|p1b: quiero debutar
|-singleturn|p1b: quiero debutar|Protect
|move|p2a: Farigiraf|Thunderbolt|p1a: PESO PLUMA
|-damage|p1a: PESO PLUMA|64/100
|move|p2b: Kangaskhan|Crunch|p1b: quiero debutar
|-activate|p1b: quiero debutar|move: Protect
|
|upkeep
|turn|8
|inactive|Vola alto indio has 30 seconds left.
|inactive|Vola alto indio has 20 seconds left.
|inactive|Vola alto indio has 15 seconds left.
|l| ignaa
|j| tiagodetonador
|
|t:|1783617211
|switch|p1b: CHIP|Sinistcha-Masterpiece, L50|15/100
|-heal|p1a: PESO PLUMA|89/100|[from] ability: Hospitality|[of] p1b: CHIP
|move|p2a: Farigiraf|Thunderbolt|p1b: CHIP
|-resisted|p1b: CHIP|1
|-damage|p1b: CHIP|7/100
|move|p1a: PESO PLUMA|Parting Shot|p2b: Kangaskhan
|-unboost|p2b: Kangaskhan|atk|1
|-unboost|p2b: Kangaskhan|spa|1
|
|t:|1783617218
|switch|p1a: quiero debutar|Delphox-Mega, L50, M|14/100|[from] Parting Shot
|move|p2b: Kangaskhan|Hammer Arm|p1a: quiero debutar
|-resisted|p1a: quiero debutar|1
|-damage|p1a: quiero debutar|3/100
|-unboost|p2b: Kangaskhan|spe|1
|-resisted|p1a: quiero debutar|1
|-damage|p1a: quiero debutar|1/100
|-unboost|p2b: Kangaskhan|spe|1
|-hitcount|p1a: quiero debutar|2
|
|upkeep
|turn|9
|j| ignaa
|
|t:|1783617239
|switch|p1b: PESO PLUMA|Incineroar, L50, M|89/100
|-ability|p1b: PESO PLUMA|Intimidate|boost
|-unboost|p2a: Farigiraf|atk|1
|-unboost|p2b: Kangaskhan|atk|1
|move|p1a: quiero debutar|Protect|p1a: quiero debutar
|-singleturn|p1a: quiero debutar|Protect
|move|p2b: Kangaskhan|Crunch|p1b: PESO PLUMA
|-resisted|p1b: PESO PLUMA|1
|-damage|p1b: PESO PLUMA|83/100
|-resisted|p1b: PESO PLUMA|1
|-damage|p1b: PESO PLUMA|82/100
|-unboost|p1b: PESO PLUMA|def|1
|-hitcount|p1b: PESO PLUMA|2
|move|p2a: Farigiraf|Thunderbolt|p1a: quiero debutar
|-activate|p1a: quiero debutar|move: Protect
|
|upkeep
|turn|10
|
|t:|1783617263
|switch|p1a: CHIP|Sinistcha-Masterpiece, L50|7/100
|-heal|p1b: PESO PLUMA|100/100|[from] ability: Hospitality|[of] p1a: CHIP
|move|p2b: Kangaskhan|Hammer Arm|p1b: PESO PLUMA
|-supereffective|p1b: PESO PLUMA|1
|-damage|p1b: PESO PLUMA|52/100
|-unboost|p2b: Kangaskhan|spe|1
|-supereffective|p1b: PESO PLUMA|1
|-damage|p1b: PESO PLUMA|42/100
|-unboost|p2b: Kangaskhan|spe|1
|-enditem|p1b: PESO PLUMA|Sitrus Berry|[eat]
|-heal|p1b: PESO PLUMA|67/100|[from] item: Sitrus Berry
|-hitcount|p1b: PESO PLUMA|2
|move|p2a: Farigiraf|Twin Beam|p1a: CHIP
|-damage|p1a: CHIP|0 fnt
|faint|p1a: CHIP
|-hitcount|p1: CHIP|1
|move|p1b: PESO PLUMA|Flare Blitz|p2a: Farigiraf
|-damage|p2a: Farigiraf|0 fnt
|faint|p2a: Farigiraf
|-damage|p1b: PESO PLUMA|61/100|[from] Recoil
|
|-fieldend|move: Trick Room
|upkeep
|
|t:|1783617266
|switch|p1a: quiero debutar|Delphox-Mega, L50, M|1/100
|switch|p2a: Gallade|Gallade, L50, M|100/100
|turn|11
|l| tiagodetonador
|
|t:|1783617279
|move|p1a: quiero debutar|Psychic|p2a: Gallade
|-damage|p2a: Gallade|58/100
|move|p1b: PESO PLUMA|Flare Blitz|p2a: Gallade
|-damage|p2a: Gallade|0 fnt
|faint|p2a: Gallade
|-damage|p1b: PESO PLUMA|45/100|[from] Recoil
|move|p2b: Kangaskhan|Hammer Arm|p1b: PESO PLUMA
|-supereffective|p1b: PESO PLUMA|1
|-damage|p1b: PESO PLUMA|4/100
|-unboost|p2b: Kangaskhan|spe|1
|-supereffective|p1b: PESO PLUMA|1
|-damage|p1b: PESO PLUMA|0 fnt
|-unboost|p2b: Kangaskhan|spe|1
|faint|p1b: PESO PLUMA
|-hitcount|p1: PESO PLUMA|2
|
|upkeep
|turn|12
|c|☆Vola alto indio|GG
|
|t:|1783617288
|move|p1a: quiero debutar|Psychic|p2b: Kangaskhan
|-damage|p2b: Kangaskhan|2/100
|move|p2b: Kangaskhan|Crunch|p1a: quiero debutar
|-supereffective|p1a: quiero debutar|1
|-damage|p1a: quiero debutar|0 fnt
|faint|p1a: quiero debutar
|
|win|dignity1151
|c| BrunoNueveCatorce|NOOOOO
|l| Shemages
|l| BrunoNueveCatorce
|l| Maxisc23
|c|☆dignity1151|GG
|l|☆dignity1151
|player|p2|
|l| ch4inisss
|l| ignaa
|j|☆dignity1151
|player|p2|dignity1151|bugcatcher-gen4dp|
|l|☆dignity1151
|player|p2|
|j| frangorem
|l| frangorem
|l|☆Vola alto indio
|player|p1|
|j| doyouneedmyname
