|j|☆FERA kApset
|j|☆asdasdasdss
|html|FERA kApsetasdasdasdss    
|uhtml|bestof|Game 2 of a best-of-3
|t:|1782432399
|gametype|doubles
|player|p1|FERA kApset|byron|1040
|player|p2|asdasdasdss|2|1000
|gen|9
|tier|[Gen 9 Champions] VGC 2026 Reg M-B (Bo3)
|rated|
|rule|Species Clause: Limit one of each Pokémon
|rule|Item Clause: Limit 1 of each item
|clearpoke
|poke|p1|Aerodactyl, L50, M|
|poke|p1|Garchomp, L50, F|
|poke|p1|Kingambit, L50, M|
|poke|p1|Farigiraf, L50, F|
|poke|p1|Sylveon, L50, F|
|poke|p1|Charizard, L50, F|
|poke|p2|Crabominable, L50, F|
|poke|p2|Tyranitar, L50, M|
|poke|p2|Sinistcha, L50|
|poke|p2|Farigiraf, L50, F|
|poke|p2|Milotic, L50, M|
|poke|p2|Corviknight, L50, F|
|teampreview|4
|showteam|p1|Aerodactyl||Aerodactylite|Unnerve|RockSlide,Protect,DualWingbeat,Tailwind|Jolly||M|||50|]Garchomp||LifeOrb|RoughSkin|Protect,DragonClaw,Earthquake,StompingTantrum|Adamant||F|||50|]Kingambit||FocusSash|Defiant|KowtowCleave,IronHead,SuckerPunch,Protect|Adamant||M|||50|]Farigiraf||SitrusBerry|ArmorTail|Roar,TwinBeam,TrickRoom,EnergyBall|Bold||F|||50|]Sylveon||FairyFeather|Pixilate|HyperVoice,Protect,HyperBeam,QuickAttack|Bold||F|||50|]Charizard||CharizarditeY|Blaze|HeatWave,WeatherBall,SolarBeam,Protect|Modest||F|||50|
|showteam|p2|Crabominable||Crabominite|IronFist|MachPunch,Protect,Crabhammer,IcePunch|Brave||F|||50|]Tyranitar||Tyranitarite|SandStream|Protect,RockSlide,KnockOff,Earthquake|Adamant||M|||50|]Sinistcha||ColburBerry|Hospitality|MatchaGotcha,RagePowder,TrickRoom,LifeDew|Sassy|||||50|]Farigiraf||SitrusBerry|ArmorTail|TrickRoom,HelpingHand,Psychic,Protect|Sassy||F|||50|]Milotic||Leftovers|Competitive|Protect,Scald,IcyWind,AquaRing|Relaxed||M|||50|]Corviknight||SharpBeak|MirrorArmor|BraveBird,IronHead,DualWingbeat,Roost|Adamant||F|||50|
|inactive|Battle timer is ON: inactive players will automatically lose when time's up. (requested by FERA kApset)
|inactive|FERA kApset has 60 seconds left.
|inactive|asdasdasdss has 60 seconds left.
|inactive|asdasdasdss has 30 seconds left.
|inactive|asdasdasdss has 20 seconds left.
|inactive|asdasdasdss has 15 seconds left.
|inactive|asdasdasdss has 10 seconds left.
|inactive|asdasdasdss has 5 seconds left.
|
|t:|1782432489
|teamsize|p1|4
|teamsize|p2|4
|start
|switch|p1a: Aerodactyl|Aerodactyl, L50, M|100/100
|switch|p1b: Kingambit|Kingambit, L50, M|100/100
|switch|p2a: Crabominable|Crabominable, L50, F|100/100
|switch|p2b: Tyranitar|Tyranitar, L50, M|100/100
|-ability|p1a: Aerodactyl|Unnerve
|-weather|Sandstorm|[from] ability: Sand Stream|[of] p2b: Tyranitar
|turn|1
|inactive|asdasdasdss has 30 seconds left.
|inactive|asdasdasdss has 20 seconds left.
|inactive|asdasdasdss has 15 seconds left.
|inactive|asdasdasdss has 10 seconds left.
|inactive|asdasdasdss has 5 seconds left.
|
|t:|1782432544
|detailschange|p1a: Aerodactyl|Aerodactyl-Mega, L50, M
|-mega|p1a: Aerodactyl|Aerodactyl|Aerodactylite
|move|p2b: Tyranitar|Protect|p2b: Tyranitar
|-singleturn|p2b: Tyranitar|Protect
|move|p2a: Crabominable|Mach Punch|p1b: Kingambit
|-supereffective|p1b: Kingambit|2
|-damage|p1b: Kingambit|2/100
|move|p1a: Aerodactyl|Tailwind|p1a: Aerodactyl
|-sidestart|p1: FERA kApset|move: Tailwind
|move|p1b: Kingambit|Iron Head|p2a: Crabominable
|-supereffective|p2a: Crabominable|1
|-damage|p2a: Crabominable|5/100
|
|-weather|Sandstorm|[upkeep]
|-damage|p2a: Crabominable|0 fnt|[from] Sandstorm
|faint|p2a: Crabominable
|upkeep
|
|t:|1782432558
|switch|p2a: Sinistcha|Sinistcha, L50|100/100
|turn|2
|
|t:|1782432570
|detailschange|p2b: Tyranitar|Tyranitar-Mega, L50, M
|-mega|p2b: Tyranitar|Tyranitar|Tyranitarite
|move|p1a: Aerodactyl|Rock Slide|p2b: Tyranitar|[spread] p2b
|-miss|p1a: Aerodactyl|p2a: Sinistcha
|-damage|p2b: Tyranitar|83/100
|move|p1b: Kingambit|Kowtow Cleave|p2a: Sinistcha
|-supereffective|p2a: Sinistcha|1
|-enditem|p2a: Sinistcha|Colbur Berry|[eat]
|-enditem|p2a: Sinistcha|Colbur Berry|[weaken]
|-damage|p2a: Sinistcha|52/100
|cant|p2b: Tyranitar|flinch
|move|p2a: Sinistcha|Trick Room|p2a: Sinistcha
|-fieldstart|move: Trick Room|[of] p2a: Sinistcha
|
|-weather|Sandstorm|[upkeep]
|-damage|p2a: Sinistcha|46/100|[from] Sandstorm
|upkeep
|turn|3
|
|t:|1782432593
|move|p1b: Kingambit|Sucker Punch|p2a: Sinistcha
|-supereffective|p2a: Sinistcha|1
|-damage|p2a: Sinistcha|0 fnt
|faint|p2a: Sinistcha
|move|p2b: Tyranitar|Rock Slide|p1a: Aerodactyl|[spread] p1a,p1b
|-supereffective|p1a: Aerodactyl|1
|-resisted|p1b: Kingambit|1
|-damage|p1a: Aerodactyl|24/100
|-damage|p1b: Kingambit|0 fnt
|faint|p1b: Kingambit
|move|p1a: Aerodactyl|Rock Slide|p2b: Tyranitar
|-damage|p2b: Tyranitar|62/100
|
|-weather|Sandstorm|[upkeep]
|upkeep
|
|t:|1782432612
|switch|p2a: Farigiraf|Farigiraf, L50, F|100/100
|switch|p1b: Sylveon|Sylveon, L50, F|100/100
|turn|4
|
|t:|1782432624
|move|p1a: Aerodactyl|Protect|p1a: Aerodactyl
|-singleturn|p1a: Aerodactyl|Protect
|move|p2a: Farigiraf|Psychic|p1b: Sylveon
|-damage|p1b: Sylveon|71/100
|move|p2b: Tyranitar|Rock Slide|p1b: Sylveon|[spread] p1b
|-activate|p1a: Aerodactyl|move: Protect
|-damage|p1b: Sylveon|31/100
|cant|p1b: Sylveon|flinch
|
|-weather|Sandstorm|[upkeep]
|-damage|p2a: Farigiraf|93/100|[from] Sandstorm
|-damage|p1b: Sylveon|25/100|[from] Sandstorm
|-sideend|p1: FERA kApset|move: Tailwind
|upkeep
|turn|5
|
|t:|1782432648
|switch|p1a: Garchomp|Garchomp, L50, F|100/100
|move|p2a: Farigiraf|Helping Hand|p2b: Tyranitar
|-singleturn|p2b: Tyranitar|Helping Hand|[of] p2a: Farigiraf
|move|p2b: Tyranitar|Rock Slide|p1b: Sylveon|[spread] p1a,p1b
|-resisted|p1a: Garchomp|1
|-damage|p1a: Garchomp|74/100
|-damage|p1b: Sylveon|0 fnt
|faint|p1b: Sylveon
|
|-weather|none
|upkeep
|
|t:|1782432658
|switch|p1b: Aerodactyl|Aerodactyl-Mega, L50, M|24/100
|turn|6
|
|t:|1782432663
|move|p1a: Garchomp|Protect|p1a: Garchomp
|-singleturn|p1a: Garchomp|Protect
|move|p1b: Aerodactyl|Protect|p1b: Aerodactyl
|-singleturn|p1b: Aerodactyl|Protect
|move|p2a: Farigiraf|Psychic|p1a: Garchomp
|-activate|p1a: Garchomp|move: Protect
|move|p2b: Tyranitar|Rock Slide|p1b: Aerodactyl|[spread] 
|-activate|p1a: Garchomp|move: Protect
|-activate|p1b: Aerodactyl|move: Protect
|
|-fieldend|move: Trick Room
|upkeep
|turn|7
|
|t:|1782432684
|move|p2b: Tyranitar|Protect|p2b: Tyranitar
|-singleturn|p2b: Tyranitar|Protect
|move|p1b: Aerodactyl|Rock Slide|p2b: Tyranitar|[spread] p2a
|-activate|p2b: Tyranitar|move: Protect
|-damage|p2a: Farigiraf|67/100
|move|p1a: Garchomp|Earthquake|p2a: Farigiraf|[spread] p2a
|-activate|p2b: Tyranitar|move: Protect
|-immune|p1b: Aerodactyl
|-damage|p2a: Farigiraf|4/100
|-enditem|p2a: Farigiraf|Sitrus Berry|[eat]
|-heal|p2a: Farigiraf|29/100|[from] item: Sitrus Berry
|-damage|p1a: Garchomp|64/100|[from] item: Life Orb
|move|p2a: Farigiraf|Trick Room|p2a: Farigiraf
|-fieldstart|move: Trick Room|[of] p2a: Farigiraf
|
|upkeep
|turn|8
|
|t:|1782432701
|move|p1b: Aerodactyl|Protect|p1b: Aerodactyl
|-singleturn|p1b: Aerodactyl|Protect
|move|p2a: Farigiraf|Psychic|p1a: Garchomp
|-damage|p1a: Garchomp|28/100
|move|p2b: Tyranitar|Rock Slide|p1a: Garchomp|[spread] p1a
|-activate|p1b: Aerodactyl|move: Protect
|-resisted|p1a: Garchomp|1
|-damage|p1a: Garchomp|13/100
|move|p1a: Garchomp|Earthquake|p2a: Farigiraf|[spread] p2a,p2b
|-activate|p1b: Aerodactyl|move: Protect
|-supereffective|p2b: Tyranitar|1
|-damage|p2a: Farigiraf|0 fnt
|-damage|p2b: Tyranitar|0 fnt
|faint|p2a: Farigiraf
|faint|p2b: Tyranitar
|-damage|p1a: Garchomp|3/100|[from] item: Life Orb
|
|win|FERA kApset
|raw|FERA kApset's rating: 1040 → 1070(+30 for winning)
|raw|asdasdasdss's rating: 1000 → 1000(+0 for losing)
