|j|☆divyansh sharma
|j|☆hide on whimsicott
|html|divyansh sharmahide on whimsicott    
|uhtml|bestof|Game 2 of a best-of-3
|t:|1785681238
|gametype|doubles
|player|p1|divyansh sharma|cyrus|1108
|player|p2|hide on whimsicott|artist-gen4|1219
|gen|9
|tier|[Gen 9 Champions] VGC 2026 Reg M-B (Bo3)
|rated|
|rule|Species Clause: Limit one of each Pokémon
|rule|Item Clause: Limit 1 of each item
|clearpoke
|poke|p1|Metagross, L50|
|poke|p1|Milotic, L50, M|
|poke|p1|Sceptile, L50, F|
|poke|p1|Rotom-Wash, L50|
|poke|p1|Garchomp, L50, M|
|poke|p1|Clefable, L50, F|
|poke|p2|Blastoise, L50, M|
|poke|p2|Sinistcha, L50|
|poke|p2|Delphox, L50, M|
|poke|p2|Sneasler, L50, F|
|poke|p2|Incineroar, L50, F|
|poke|p2|Kingambit, L50, F|
|teampreview|4
|showteam|p1|Metagross||Metagrossite|ClearBody|PsychicFangs,IronHead,StompingTantrum,Protect|Jolly|||||50|]Milotic||SitrusBerry|Competitive|Scald,Haze,IcyWind,Protect|Bold||M|||50|]Sceptile||Sceptilite|Overgrow|GigaDrain,DragonPulse,EarthPower,Detect|Timid||F|||50|]Rotom-Wash||Leftovers|Levitate|HydroPump,Discharge,WillOWisp,Protect|Calm|||||50|]Garchomp||ChoiceScarf|RoughSkin|Earthquake,RockSlide,DragonClaw,PoisonJab|Adamant||M|||50|]Clefable||LifeOrb|MagicGuard|Moonblast,AirSlash,Protect,Flamethrower|Modest||F|||50|
|showteam|p2|Blastoise||Blastoisinite|RainDish|WaterSpout,DarkPulse,ShellSmash,Protect|Modest||M|||50|]Sinistcha||KasibBerry|Hospitality|MatchaGotcha,LifeDew,RagePowder,Protect|Relaxed|||||50|]Delphox||Delphoxite|Blaze|HeatWave,Psychic,NastyPlot,Protect|Timid||M|||50|]Sneasler||FocusSash|Unburden|CloseCombat,DireClaw,FakeOut,Protect|Jolly||F|||50|]Incineroar||SitrusBerry|Intimidate|FlareBlitz,FakeOut,HelpingHand,PartingShot|Impish||F|||50|]Kingambit||LifeOrb|Defiant|KowtowCleave,SuckerPunch,SwordsDance,Protect|Adamant||F|||50|
|inactive|Battle timer is ON: inactive players will automatically lose when time's up. (requested by divyansh sharma)
|inactive|hide on whimsicott also wants the timer to be on.
|
|t:|1785681268
|teamsize|p1|4
|teamsize|p2|4
|start
|switch|p1a: Sceptile|Sceptile, L50, F|100/100
|switch|p1b: Rotom|Rotom-Wash, L50|100/100
|switch|p2a: Sinistcha|Sinistcha, L50|100/100
|switch|p2b: Delphox|Delphox, L50, M|100/100
|turn|1
|
|t:|1785681284
|detailschange|p1a: Sceptile|Sceptile-Mega, L50, F
|-mega|p1a: Sceptile|Sceptile|Sceptilite
|detailschange|p2b: Delphox|Delphox-Mega, L50, M
|-mega|p2b: Delphox|Delphox|Delphoxite
|move|p2b: Delphox|Protect|p2b: Delphox
|-singleturn|p2b: Delphox|Protect
|move|p1a: Sceptile|Dragon Pulse|p2a: Sinistcha
|-damage|p2a: Sinistcha|58/100
|move|p1b: Rotom|Discharge|p2b: Delphox|[spread] p2a
|-activate|p2b: Delphox|move: Protect
|-ability|p1a: Sceptile|Lightning Rod|boost
|-boost|p1a: Sceptile|spa|1
|-resisted|p2a: Sinistcha|1
|-damage|p2a: Sinistcha|47/100
|move|p2a: Sinistcha|Matcha Gotcha|p1a: Sceptile|[spread] p1a,p1b
|-resisted|p1a: Sceptile|2
|-supereffective|p1b: Rotom|1
|-damage|p1a: Sceptile|91/100
|-heal|p2a: Sinistcha|50/100g|[from] drain|[of] p1a: Sceptile
|-damage|p1b: Rotom|52/100
|-heal|p2a: Sinistcha|71/100|[from] drain|[of] p1b: Rotom
|
|-heal|p1b: Rotom|58/100|[from] item: Leftovers
|upkeep
|turn|2
|inactive|hide on whimsicott has 30 seconds left.
|inactive|hide on whimsicott has 20 seconds left.
|
|t:|1785681320
|move|p1a: Sceptile|Dragon Pulse|p2b: Delphox
|-damage|p2b: Delphox|32/100
|move|p2b: Delphox|Psychic|p1a: Sceptile
|-damage|p1a: Sceptile|21/100
|-unboost|p1a: Sceptile|spd|1
|move|p1b: Rotom|Discharge|p2a: Sinistcha|[spread] p2a,p2b
|-ability|p1a: Sceptile|Lightning Rod|boost
|-boost|p1a: Sceptile|spa|1
|-resisted|p2a: Sinistcha|1
|-damage|p2a: Sinistcha|60/100
|-damage|p2b: Delphox|9/100
|move|p2a: Sinistcha|Matcha Gotcha|p1b: Rotom|[spread] p1a,p1b
|-resisted|p1a: Sceptile|2
|-supereffective|p1b: Rotom|1
|-damage|p1a: Sceptile|8/100
|-heal|p2a: Sinistcha|65/100|[from] drain|[of] p1a: Sceptile
|-damage|p1b: Rotom|15/100
|-heal|p2a: Sinistcha|84/100|[from] drain|[of] p1b: Rotom
|
|-heal|p1b: Rotom|21/100|[from] item: Leftovers
|upkeep
|turn|3
|inactive|divyansh sharma has 30 seconds left.
|inactive|hide on whimsicott has 30 seconds left.
|
|t:|1785681349
|move|p1a: Sceptile|Dragon Pulse|p2a: Sinistcha
|-damage|p2a: Sinistcha|0 fnt
|faint|p2a: Sinistcha
|move|p2b: Delphox|Psychic|p1b: Rotom
|-damage|p1b: Rotom|0 fnt
|faint|p1b: Rotom
|
|upkeep
|
|t:|1785681357
|switch|p1b: Clefable|Clefable, L50, F|100/100
|switch|p2a: Incineroar|Incineroar, L50, F|100/100
|-ability|p2a: Incineroar|Intimidate|boost
|-unboost|p1a: Sceptile|atk|1
|-unboost|p1b: Clefable|atk|1
|turn|4
|
|t:|1785681382
|move|p1a: Sceptile|Detect|p1a: Sceptile
|-singleturn|p1a: Sceptile|Protect
|move|p2a: Incineroar|Fake Out|p1a: Sceptile
|-activate|p1a: Sceptile|move: Protect
|move|p2b: Delphox|Psychic|p1b: Clefable
|-damage|p1b: Clefable|54/100
|move|p1b: Clefable|Air Slash|p2b: Delphox
|-damage|p2b: Delphox|0 fnt
|faint|p2b: Delphox
|
|upkeep
|
|t:|1785681384
|switch|p2b: Sneasler|Sneasler, L50, F|100/100
|turn|5
|
|t:|1785681406
|switch|p1a: Garchomp|Garchomp, L50, M|100/100
|move|p2b: Sneasler|Fake Out|p1a: Garchomp
|-damage|p1a: Garchomp|86/100
|-damage|p2b: Sneasler|87/100|[from] ability: Rough Skin|[of] p1a: Garchomp
|move|p1b: Clefable|Moonblast|p2a: Incineroar
|-damage|p2a: Incineroar|52/100
|move|p2a: Incineroar|Flare Blitz|p1b: Clefable
|-damage|p1b: Clefable|0 fnt
|faint|p1b: Clefable
|-damage|p2a: Incineroar|36/100|[from] Recoil
|-enditem|p2a: Incineroar|Sitrus Berry|[eat]
|-heal|p2a: Incineroar|61/100|[from] item: Sitrus Berry
|
|upkeep
|
|t:|1785681418
|switch|p1b: Sceptile|Sceptile-Mega, L50, F|8/100
|turn|6
|
|t:|1785681433
|move|p1b: Sceptile|Detect|p1b: Sceptile
|-singleturn|p1b: Sceptile|Protect
|move|p2b: Sneasler|Protect|p2b: Sneasler
|-singleturn|p2b: Sneasler|Protect
|move|p1a: Garchomp|Earthquake|p2b: Sneasler|[spread] p2a
|-activate|p1b: Sceptile|move: Protect
|-activate|p2b: Sneasler|move: Protect
|-supereffective|p2a: Incineroar|1
|-damage|p2a: Incineroar|0 fnt
|faint|p2a: Incineroar
|
|upkeep
|turn|7
|-message|hide on whimsicott forfeited.
|
|win|divyansh sharma
