|j|☆T8mcrae
|j|☆northfacefan
|html|T8mcraenorthfacefan    
|uhtml|bestof|Game 3 of a best-of-3
|t:|1756924788
|gametype|doubles
|player|p1|T8mcrae|265|1198
|player|p2|northfacefan|lance|1231
|gen|9
|tier|[Gen 9] VGC 2025 Reg H (Bo3)
|rated|
|rule|Species Clause: Limit one of each Pokémon
|rule|Item Clause: Limit 1 of each item
|clearpoke
|poke|p1|Annihilape, L50, M|
|poke|p1|Primarina, L50, F|
|poke|p1|Gholdengo, L50|
|poke|p1|Maushold, L50|
|poke|p1|Vivillon-Ocean, L50, F|
|poke|p1|Rillaboom, L50, M|
|poke|p2|Kingambit, L50, M|
|poke|p2|Electabuzz, L50, M|
|poke|p2|Sneasler, L50, M|
|poke|p2|Ursaluna-Bloodmoon, L50, M|
|poke|p2|Dragonite, L50, F|
|poke|p2|Rillaboom, L50, M|
|teampreview|4
|showteam|p1|Annihilape||SafetyGoggles|Defiant|RageFist,DrainPunch,BulkUp,Protect|||M|||50|,,,,,Fire]Primarina||SitrusBerry|LiquidVoice|HyperVoice,Moonblast,Haze,Protect|||F|||50|,,,,,Water]Gholdengo||LifeOrb|GoodasGold|MakeItRain,ShadowBall,NastyPlot,Protect||||||50|,,,,,Dragon]Maushold||WideLens|FriendGuard|PopulationBomb,FollowMe,BeatUp,Protect||||||50|,,,,,Grass]Vivillon-Ocean||FocusSash|CompoundEyes|Hurricane,SleepPowder,Tailwind,Protect|||F|||50|,,,,,Ghost]Rillaboom||AssaultVest|GrassySurge|FakeOut,GrassyGlide,DrumBeating,HighHorsepower|||M|||50|,,,,,Fire
|showteam|p2|Kingambit||DreadPlate|Defiant|KowtowCleave,SuckerPunch,SwordsDance,Protect|||M|||50|,,,,,Dark]Electabuzz||Eviolite|VitalSpirit|Electroweb,FollowMe,Taunt,Protect|||M|||50|,,,,,Fairy]Sneasler||FocusSash|Unburden|CloseCombat,DireClaw,FakeOut,Protect|||M|||50|,,,,,Stellar]Ursaluna-Bloodmoon||LifeOrb|MindsEye|BloodMoon,HyperVoice,EarthPower,Protect|||M|||50|,,,,,Ghost]Dragonite||LoadedDice|Multiscale|ScaleShot,Haze,Protect,Tailwind|||F|||50|,,,,,Fairy]Rillaboom||AssaultVest|GrassySurge|FakeOut,GrassyGlide,WoodHammer,HighHorsepower|||M|||50|,,,,,Fire
|inactive|Battle timer is ON: inactive players will automatically lose when time's up. (requested by T8mcrae)
|
|t:|1756924828
|teamsize|p1|4
|teamsize|p2|4
|start
|switch|p1a: Rillaboom|Rillaboom, L50, M, shiny|100/100
|switch|p1b: Annihilape|Annihilape, L50, M, shiny|100/100
|switch|p2a: Sneasler|Sneasler, L50, M, shiny|100/100
|switch|p2b: Kingambit|Kingambit, L50, M, shiny|100/100
|-fieldstart|move: Grassy Terrain|[from] ability: Grassy Surge|[of] p1a: Rillaboom
|turn|1
|inactive|northfacefan has 30 seconds left.
|
|t:|1756924861
|-terastallize|p2b: Kingambit|Dark
|move|p2a: Sneasler|Fake Out|p1a: Rillaboom
|-damage|p1a: Rillaboom|85/100
|cant|p1a: Rillaboom|flinch
|move|p1b: Annihilape|Bulk Up|p1b: Annihilape
|-boost|p1b: Annihilape|atk|1
|-boost|p1b: Annihilape|def|1
|move|p2b: Kingambit|Swords Dance|p2b: Kingambit
|-boost|p2b: Kingambit|atk|2
|
|-heal|p1a: Rillaboom|91/100|[from] Grassy Terrain
|upkeep
|turn|2
|inactive|T8mcrae has 30 seconds left.
|
|t:|1756924891
|switch|p1a: Vivillon|Vivillon-Ocean, L50, F|100/100
|move|p2a: Sneasler|Dire Claw|p1b: Annihilape
|-resisted|p1b: Annihilape
|-damage|p1b: Annihilape|86/100
|move|p1b: Annihilape|Bulk Up|p1b: Annihilape
|-boost|p1b: Annihilape|atk|1
|-boost|p1b: Annihilape|def|1
|move|p2b: Kingambit|Kowtow Cleave|p1b: Annihilape
|-damage|p1b: Annihilape|8/100
|
|-heal|p1b: Annihilape|14/100|[from] Grassy Terrain
|upkeep
|turn|3
|
|t:|1756924915
|move|p2b: Kingambit|Sucker Punch||[still]
|-fail|p2b: Kingambit
|move|p2a: Sneasler|Dire Claw|p1a: Vivillon
|-damage|p1a: Vivillon|17/100
|-status|p1a: Vivillon|psn
|move|p1b: Annihilape|Bulk Up|p1b: Annihilape
|-boost|p1b: Annihilape|atk|1
|-boost|p1b: Annihilape|def|1
|move|p1a: Vivillon|Tailwind|p1a: Vivillon
|-sidestart|p1: T8mcrae|move: Tailwind
|
|-heal|p1b: Annihilape|21/100|[from] Grassy Terrain
|-damage|p1a: Vivillon|5/100 psn|[from] psn
|upkeep
|turn|4
|inactive|northfacefan has 30 seconds left.
|
|t:|1756924940
|move|p1b: Annihilape|Bulk Up|p1b: Annihilape
|-boost|p1b: Annihilape|atk|1
|-boost|p1b: Annihilape|def|1
|move|p1a: Vivillon|Sleep Powder|p2b: Kingambit
|-status|p2b: Kingambit|slp|[from] move: Sleep Powder
|move|p2a: Sneasler|Dire Claw|p1b: Annihilape
|-resisted|p1b: Annihilape
|-damage|p1b: Annihilape|13/100
|-status|p1b: Annihilape|psn
|cant|p2b: Kingambit|slp
|
|-heal|p1b: Annihilape|19/100 psn|[from] Grassy Terrain
|-damage|p1b: Annihilape|7/100 psn|[from] psn
|-damage|p1a: Vivillon|0 fnt|[from] psn
|faint|p1a: Vivillon
|upkeep
|
|t:|1756924963
|switch|p1a: Rillaboom|Rillaboom, L50, M, shiny|91/100
|turn|5
|
|t:|1756924981
|switch|p2b: Dragonite|Dragonite, L50, F, shiny|100/100
|move|p2a: Sneasler|Protect|p2a: Sneasler
|-singleturn|p2a: Sneasler|Protect
|move|p1a: Rillaboom|Fake Out|p2a: Sneasler
|-activate|p2a: Sneasler|move: Protect
|move|p1b: Annihilape|Drain Punch|p2b: Dragonite
|-resisted|p2b: Dragonite
|-damage|p2b: Dragonite|75/100
|-heal|p1b: Annihilape|17/100 psn|[from] drain|[of] p2b: Dragonite
|
|-heal|p1b: Annihilape|24/100 psn|[from] Grassy Terrain
|-heal|p1a: Rillaboom|97/100|[from] Grassy Terrain
|-damage|p1b: Annihilape|11/100 psn|[from] psn
|-fieldend|move: Grassy Terrain
|upkeep
|turn|6
|inactive|T8mcrae has 30 seconds left.
|
|t:|1756925011
|move|p1b: Annihilape|Drain Punch|p2a: Sneasler
|-resisted|p2a: Sneasler
|-damage|p2a: Sneasler|17/100
|-heal|p1b: Annihilape|42/100 psn|[from] drain|[of] p2a: Sneasler
|move|p1a: Rillaboom|Drum Beating|p2a: Sneasler
|-resisted|p2a: Sneasler
|-damage|p2a: Sneasler|0 fnt
|faint|p2a: Sneasler
|move|p2b: Dragonite|Scale Shot|p1b: Annihilape
|-damage|p1b: Annihilape|37/100 psn
|-damage|p1b: Annihilape|32/100 psn
|-damage|p1b: Annihilape|26/100 psn
|-damage|p1b: Annihilape|21/100 psn
|-hitcount|p1b: Annihilape|4
|-unboost|p2b: Dragonite|def|1
|-boost|p2b: Dragonite|spe|1
|
|-damage|p1b: Annihilape|9/100 psn|[from] psn
|-sideend|p1: T8mcrae|move: Tailwind
|upkeep
|
|t:|1756925031
|switch|p2a: Electabuzz|Electabuzz, L50, M, shiny|100/100
|turn|7
|inactive|T8mcrae has 30 seconds left.
|inactive|T8mcrae has 20 seconds left.
|
|t:|1756925068
|switch|p1b: Primarina|Primarina, L50, F|100/100
|move|p2a: Electabuzz|Follow Me|p2a: Electabuzz
|-singleturn|p2a: Electabuzz|move: Follow Me
|move|p2b: Dragonite|Haze|p2b: Dragonite
|-clearallboost
|move|p1a: Rillaboom|High Horsepower|p2a: Electabuzz
|-supereffective|p2a: Electabuzz
|-damage|p2a: Electabuzz|55/100
|
|upkeep
|turn|8
|
|t:|1756925087
|switch|p1a: Annihilape|Annihilape, L50, M, shiny|9/100 psn
|move|p2b: Dragonite|Tailwind|p2b: Dragonite
|-sidestart|p2: northfacefan|move: Tailwind
|move|p2a: Electabuzz|Electroweb|p1b: Primarina|[spread] p1a,p1b
|-supereffective|p1b: Primarina
|-damage|p1a: Annihilape|0 fnt
|-damage|p1b: Primarina|77/100
|-unboost|p1b: Primarina|spe|1
|faint|p1a: Annihilape
|move|p1b: Primarina|Hyper Voice|p2a: Electabuzz|[spread] p2a,p2b
|-resisted|p2b: Dragonite
|-damage|p2a: Electabuzz|32/100
|-damage|p2b: Dragonite|59/100
|
|upkeep
|
|t:|1756925096
|switch|p1a: Rillaboom|Rillaboom, L50, M, shiny|97/100
|-fieldstart|move: Grassy Terrain|[from] ability: Grassy Surge|[of] p1a: Rillaboom
|turn|9
|
|t:|1756925112
|move|p2b: Dragonite|Protect|p2b: Dragonite
|-singleturn|p2b: Dragonite|Protect
|move|p2a: Electabuzz|Protect|p2a: Electabuzz
|-singleturn|p2a: Electabuzz|Protect
|move|p1a: Rillaboom|Fake Out|p2a: Electabuzz
|-activate|p2a: Electabuzz|move: Protect
|move|p1b: Primarina|Moonblast|p2b: Dragonite
|-activate|p2b: Dragonite|move: Protect
|
|-heal|p2a: Electabuzz|38/100|[from] Grassy Terrain
|-heal|p1a: Rillaboom|100/100|[from] Grassy Terrain
|-heal|p1b: Primarina|83/100|[from] Grassy Terrain
|upkeep
|turn|10
|
|t:|1756925132
|move|p1b: Primarina|Protect|p1b: Primarina
|-singleturn|p1b: Primarina|Protect
|move|p2b: Dragonite|Scale Shot|p1a: Rillaboom
|-damage|p1a: Rillaboom|84/100
|-damage|p1a: Rillaboom|67/100
|-damage|p1a: Rillaboom|51/100
|-damage|p1a: Rillaboom|35/100
|-damage|p1a: Rillaboom|19/100
|-hitcount|p1a: Rillaboom|5
|-unboost|p2b: Dragonite|def|1
|-boost|p2b: Dragonite|spe|1
|move|p2a: Electabuzz|Electroweb|p1b: Primarina|[spread] p1a
|-activate|p1b: Primarina|move: Protect
|-resisted|p1a: Rillaboom
|-damage|p1a: Rillaboom|14/100
|-unboost|p1a: Rillaboom|spe|1
|move|p1a: Rillaboom|High Horsepower|p2a: Electabuzz
|-supereffective|p2a: Electabuzz
|-damage|p2a: Electabuzz|0 fnt
|faint|p2a: Electabuzz
|
|-heal|p1a: Rillaboom|20/100|[from] Grassy Terrain
|-heal|p1b: Primarina|89/100|[from] Grassy Terrain
|upkeep
|
|t:|1756925152
|switch|p2a: Kingambit|Kingambit, L50, M, shiny, tera:Dark|100/100 slp
|turn|11
|inactive|northfacefan has 30 seconds left.
|
|t:|1756925183
|cant|p2a: Kingambit|slp
|move|p1a: Rillaboom|Grassy Glide|p2a: Kingambit
|-damage|p2a: Kingambit|77/100 slp
|move|p2b: Dragonite|Scale Shot|p1a: Rillaboom
|-damage|p1a: Rillaboom|4/100
|-damage|p1a: Rillaboom|0 fnt
|faint|p1a: Rillaboom
|-hitcount|p1: Rillaboom|2
|-unboost|p2b: Dragonite|def|1
|-boost|p2b: Dragonite|spe|1
|move|p1b: Primarina|Moonblast|p2a: Kingambit
|-supereffective|p2a: Kingambit
|-damage|p2a: Kingambit|0 fnt
|faint|p2a: Kingambit
|
|-heal|p1b: Primarina|95/100|[from] Grassy Terrain
|-sideend|p2: northfacefan|move: Tailwind
|upkeep
|turn|12
|-message|northfacefan forfeited.
|
|win|T8mcrae
|raw|T8mcrae's rating: 1198 → 1225(+27 for winning)
|raw|northfacefan's rating: 1231 → 1204(-27 for losing)
|l|☆northfacefan
|player|p2|
