|j|☆marcoslegui
|j|☆sol n luna
|html|marcosleguisol n luna    
|uhtml|bestof|Game 2 of a best-of-3
|t:|1756419638
|gametype|doubles
|player|p1|marcoslegui|pokekid|1192
|player|p2|sol n luna|caitlin|1225
|gen|9
|tier|[Gen 9] VGC 2025 Reg H (Bo3)
|rated|
|rule|Species Clause: Limit one of each Pokémon
|rule|Item Clause: Limit 1 of each item
|clearpoke
|poke|p1|Clefairy, L50, M|
|poke|p1|Kommo-o, L50, F|
|poke|p1|Sneasler, L50, M|
|poke|p1|Primarina, L50, F|
|poke|p1|Rillaboom, L50, F|
|poke|p1|Gholdengo, L50|
|poke|p2|Kingambit, L50, F|
|poke|p2|Rillaboom, L50, F|
|poke|p2|Electabuzz, L50, M|
|poke|p2|Volcarona, L50, M|
|poke|p2|Sneasler, L50, F|
|poke|p2|Dragonite, L50, M|
|teampreview|4
|showteam|p1|Clefairy||Eviolite|FriendGuard|FollowMe,HelpingHand,Protect,LifeDew|||M|||50|,,,,,Poison]Kommo-o||ThroatSpray|Overcoat|ClangingScales,ClangorousSoul,Flamethrower,Protect|||F|||50|,,,,,Fire]Sneasler||FocusSash|Unburden|FakeOut,Protect,DireClaw,CloseCombat|||M|||50|,,,,,Stellar]Primarina||LifeOrb|LiquidVoice|HyperVoice,Moonblast,Haze,Protect|||F|||50|,,,,,Poison]Rillaboom||AssaultVest|GrassySurge|FakeOut,GrassyGlide,WoodHammer,HighHorsepower|||F|||50|,,,,,Fire]Gholdengo||ChoiceSpecs|GoodasGold|DazzlingGleam,MakeItRain,ShadowBall,PowerGem||||||50|,,,,,Fairy
|showteam|p2|Kingambit||BlackGlasses|Defiant|Protect,KowtowCleave,SuckerPunch,SwordsDance|||F|||50|,,,,,Dark]Rillaboom||AssaultVest|GrassySurge|WoodHammer,GrassyGlide,Uturn,FakeOut|||F|||50|,,,,,Fire]Electabuzz||Eviolite|VitalSpirit|Protect,Thunderbolt,HelpingHand,FollowMe|||M|||50|,,,,,Ghost]Volcarona||CovertCloak|FlameBody|Protect,HeatWave,TeraBlast,QuiverDance|||M|||50|,,,,,Fairy]Sneasler||FocusSash|Unburden|CloseCombat,DireClaw,Coaching,FakeOut|||F|||50|,,,,,Stellar]Dragonite||LoadedDice|Multiscale|ScaleShot,Haze,ExtremeSpeed,Protect|||M|||50|,,,,,Fairy
|inactive|Battle timer is ON: inactive players will automatically lose when time's up. (requested by sol n luna)
|inactive|marcoslegui has 60 seconds left.
|
|t:|1756419670
|teamsize|p1|4
|teamsize|p2|4
|start
|switch|p1a: Kommo-o|Kommo-o, L50, F|100/100
|switch|p1b: Primarina|Primarina, L50, F|100/100
|switch|p2a: Sneasler|Sneasler, L50, F|100/100
|switch|p2b: Electabuzz|Electabuzz, L50, M|100/100
|turn|1
|inactive|marcoslegui has 30 seconds left.
|inactive|marcoslegui has 20 seconds left.
|inactive|marcoslegui has 15 seconds left.
|inactive|marcoslegui has 10 seconds left.
|
|t:|1756419719
|-terastallize|p1b: Primarina|Poison
|move|p2a: Sneasler|Fake Out|p1a: Kommo-o
|-damage|p1a: Kommo-o|87/100
|cant|p1a: Kommo-o|flinch
|move|p2b: Electabuzz|Thunderbolt|p1b: Primarina
|-damage|p1b: Primarina|73/100
|-status|p1b: Primarina|par
|move|p1b: Primarina|Hyper Voice|p2a: Sneasler|[spread] p2a,p2b
|-crit|p2b: Electabuzz
|-damage|p2a: Sneasler|43/100
|-damage|p2b: Electabuzz|49/100
|-damage|p1b: Primarina|64/100 par|[from] item: Life Orb
|
|upkeep
|turn|2
|inactive|sol n luna has 30 seconds left.
|
|t:|1756419747
|move|p2b: Electabuzz|Protect|p2b: Electabuzz
|-singleturn|p2b: Electabuzz|Protect
|move|p2a: Sneasler|Dire Claw|p1a: Kommo-o
|-damage|p1a: Kommo-o|49/100
|-status|p1a: Kommo-o|psn
|move|p1a: Kommo-o|Clangorous Soul|p1a: Kommo-o
|-boost|p1a: Kommo-o|atk|1
|-boost|p1a: Kommo-o|def|1
|-boost|p1a: Kommo-o|spa|1
|-boost|p1a: Kommo-o|spd|1
|-boost|p1a: Kommo-o|spe|1
|-damage|p1a: Kommo-o|16/100 psn
|-enditem|p1a: Kommo-o|Throat Spray
|-boost|p1a: Kommo-o|spa|1|[from] item: Throat Spray
|move|p1b: Primarina|Hyper Voice|p2a: Sneasler|[spread] p2a
|-activate|p2b: Electabuzz|move: Protect
|-crit|p2a: Sneasler
|-damage|p2a: Sneasler|0 fnt
|faint|p2a: Sneasler
|-damage|p1b: Primarina|54/100 par|[from] item: Life Orb
|
|-damage|p1a: Kommo-o|4/100 psn|[from] psn
|upkeep
|
|t:|1756419764
|switch|p2a: Dragonite|Dragonite, L50, M|100/100
|turn|3
|inactive|sol n luna has 30 seconds left.
|inactive|sol n luna has 20 seconds left.
|inactive|sol n luna has 15 seconds left.
|inactive|sol n luna has 10 seconds left.
|
|t:|1756419810
|move|p2a: Dragonite|Extreme Speed|p1a: Kommo-o
|-damage|p1a: Kommo-o|0 fnt
|faint|p1a: Kommo-o
|move|p2b: Electabuzz|Thunderbolt|p1b: Primarina
|-damage|p1b: Primarina|30/100 par
|move|p1b: Primarina|Hyper Voice|p2a: Dragonite|[spread] p2a,p2b
|-resisted|p2a: Dragonite
|-damage|p2a: Dragonite|89/100
|-damage|p2b: Electabuzz|14/100
|-damage|p1b: Primarina|21/100 par|[from] item: Life Orb
|
|upkeep
|
|t:|1756419824
|switch|p1a: Clefairy|Clefairy, L50, M|100/100
|turn|4
|inactive|sol n luna has 30 seconds left.
|
|t:|1756419856
|switch|p2b: Volcarona|Volcarona, L50, M|100/100
|move|p2a: Dragonite|Protect|p2a: Dragonite
|-singleturn|p2a: Dragonite|Protect
|move|p1b: Primarina|Protect|p1b: Primarina
|-singleturn|p1b: Primarina|Protect
|move|p1a: Clefairy|Life Dew||[still]|[spread] p1a,p1b
|-fail|p1a: Clefairy|heal
|-heal|p1b: Primarina|46/100 par
|
|upkeep
|turn|5
|inactive|sol n luna has 30 seconds left.
|
|t:|1756419881
|-terastallize|p2b: Volcarona|Fairy
|move|p2a: Dragonite|Extreme Speed|p1b: Primarina
|-damage|p1b: Primarina|16/100 par
|move|p2b: Volcarona|Quiver Dance|p2b: Volcarona
|-boost|p2b: Volcarona|spa|1
|-boost|p2b: Volcarona|spd|1
|-boost|p2b: Volcarona|spe|1
|move|p1b: Primarina|Moonblast|p2a: Dragonite
|-supereffective|p2a: Dragonite
|-damage|p2a: Dragonite|0 fnt
|faint|p2a: Dragonite
|-damage|p1b: Primarina|6/100 par|[from] item: Life Orb
|move|p1a: Clefairy|Life Dew||[still]|[spread] p1a,p1b
|-fail|p1a: Clefairy|heal
|-heal|p1b: Primarina|31/100 par
|
|upkeep
|
|t:|1756419894
|switch|p2a: Electabuzz|Electabuzz, L50, M|14/100
|turn|6
|inactive|marcoslegui has 30 seconds left.
|
|t:|1756419924
|move|p2a: Electabuzz|Helping Hand|p2b: Volcarona
|-singleturn|p2b: Volcarona|Helping Hand|[of] p2a: Electabuzz
|move|p1a: Clefairy|Follow Me|p1a: Clefairy
|-singleturn|p1a: Clefairy|move: Follow Me
|move|p2b: Volcarona|Heat Wave|p1b: Primarina|[spread] p1a,p1b
|-damage|p1a: Clefairy|36/100
|-damage|p1b: Primarina|0 fnt
|faint|p1b: Primarina
|
|upkeep
|
|t:|1756419933
|switch|p1b: Gholdengo|Gholdengo, L50|100/100
|turn|7
|
|t:|1756419939
|move|p2a: Electabuzz|Helping Hand|p2b: Volcarona
|-singleturn|p2b: Volcarona|Helping Hand|[of] p2a: Electabuzz
|move|p1a: Clefairy|Follow Me|p1a: Clefairy
|-singleturn|p1a: Clefairy|move: Follow Me
|move|p2b: Volcarona|Heat Wave|p1a: Clefairy|[spread] p1b
|-miss|p2b: Volcarona|p1a: Clefairy
|-supereffective|p1b: Gholdengo
|-damage|p1b: Gholdengo|0 fnt
|faint|p1b: Gholdengo
|
|upkeep
|turn|8
|-message|marcoslegui forfeited.
|
|win|sol n luna
|l|☆marcoslegui
|player|p1|
||sol n luna is ready for game 3.
|inactive|marcoslegui has 30 seconds to confirm battle start!
|raw|marcoslegui's rating: 1192 → 1169(-23 for losing)
|raw|sol n luna's rating: 1225 → 1248(+23 for winning)
