|j|☆SrStarVGC
|j|☆spodermees
|html|SrStarVGCspodermees    
|uhtml|bestof|Game 2 of a best-of-3
|t:|1784136482
|gametype|doubles
|player|p1|SrStarVGC|drayden|1069
|player|p2|spodermees|sailor|1158
|gen|9
|tier|[Gen 9 Champions] VGC 2026 Reg M-B (Bo3)
|rated|
|rule|Species Clause: Limit one of each Pokémon
|rule|Item Clause: Limit 1 of each item
|clearpoke
|poke|p1|Delphox, L50, F|
|poke|p1|Sneasler, L50, F|
|poke|p1|Incineroar, L50, M|
|poke|p1|Sinistcha, L50|
|poke|p1|Maushold-Four, L50|
|poke|p1|Blastoise, L50, F|
|poke|p2|Floette-Eternal, L50, F|
|poke|p2|Sneasler, L50, M|
|poke|p2|Incineroar, L50, M|
|poke|p2|Sinistcha, L50|
|poke|p2|Delphox, L50, F|
|poke|p2|Garchomp, L50, M|
|teampreview|4
|showteam|p1|Delphox||Delphoxite|Blaze|HeatWave,Psyshock,NastyPlot,Protect|Timid||F|||50|]Sneasler||FocusSash|PoisonTouch|CloseCombat,PoisonJab,FakeOut,QuickGuard|Jolly||F|||50|]Incineroar||SitrusBerry|Intimidate|FlareBlitz,ThroatChop,FakeOut,PartingShot|Impish||M|||50|]Sinistcha||OccaBerry|Hospitality|MatchaGotcha,RagePowder,LifeDew,Protect|Bold|||||50|]Maushold-Four||ChopleBerry|FriendGuard|FollowMe,Feint,HelpingHand,Protect|Impish|||||50|]Blastoise||Blastoisinite|RainDish|WaterSpout,DarkPulse,ShellSmash,Protect|Modest||F|||50|
|showteam|p2|Floette-Eternal||Floettite|FlowerVeil|DazzlingGleam,DrainingKiss,Protect,CalmMind|Timid||F|||50|]Sneasler||FocusSash|PoisonTouch|FakeOut,PoisonJab,CloseCombat,Protect|Jolly||M|||50|]Incineroar||SitrusBerry|Intimidate|FakeOut,FlareBlitz,PartingShot,DarkestLariat|Careful||M|||50|]Sinistcha||Leftovers|Hospitality|MatchaGotcha,Protect,TrickRoom,RagePowder|Bold|||||50|]Delphox||Delphoxite|Blaze|HeatWave,Psyshock,NastyPlot,Protect|Timid||F|||50|]Garchomp||LifeOrb|RoughSkin|Earthquake,Protect,RockSlide,DragonClaw|Adamant||M|||50|
|inactive|Battle timer is ON: inactive players will automatically lose when time's up. (requested by spodermees)
|inactive|SrStarVGC also wants the timer to be on.
|
|t:|1784136497
|teamsize|p1|4
|teamsize|p2|4
|start
|switch|p1a: Blastoise|Blastoise, L50, F|100/100
|switch|p1b: Incineroar|Incineroar, L50, M|100/100
|switch|p2a: Sinistcha|Sinistcha, L50|100/100
|switch|p2b: Floette|Floette-Eternal, L50, F|100/100
|-ability|p1b: Incineroar|Intimidate|boost
|-block|p2a: Sinistcha|ability: Flower Veil|[of] p2b: Floette
|-unboost|p2b: Floette|atk|1
|turn|1
|inactive|SrStarVGC has 30 seconds left.
|
|t:|1784136531
|detailschange|p2b: Floette|Floette-Mega, L50, F
|-mega|p2b: Floette|Floette|Floettite
|-ability|p2b: Floette|Fairy Aura
|detailschange|p1a: Blastoise|Blastoise-Mega, L50, F
|-mega|p1a: Blastoise|Blastoise|Blastoisinite
|move|p1b: Incineroar|Fake Out|p2b: Floette
|-damage|p2b: Floette|86/100
|cant|p2b: Floette|flinch
|move|p1a: Blastoise|Dark Pulse|p2a: Sinistcha
|-supereffective|p2a: Sinistcha|1
|-damage|p2a: Sinistcha|3/100
|move|p2a: Sinistcha|Matcha Gotcha|p1a: Blastoise|[spread] p1a,p1b
|-supereffective|p1a: Blastoise|1
|-crit|p1a: Blastoise
|-resisted|p1b: Incineroar|1
|-damage|p1a: Blastoise|23/100
|-heal|p2a: Sinistcha|37/100|[from] drain|[of] p1a: Blastoise
|-damage|p1b: Incineroar|87/100
|-heal|p2a: Sinistcha|44/100|[from] drain|[of] p1b: Incineroar
|
|-heal|p2a: Sinistcha|50/100g|[from] item: Leftovers
|upkeep
|turn|2
|inactive|spodermees has 30 seconds left.
|
|t:|1784136558
|switch|p2a: Incineroar|Incineroar, L50, M|100/100
|-ability|p2a: Incineroar|Intimidate|boost
|-unboost|p1a: Blastoise|atk|1
|-unboost|p1b: Incineroar|atk|1
|move|p1a: Blastoise|Protect|p1a: Blastoise
|-singleturn|p1a: Blastoise|Protect
|move|p2b: Floette|Calm Mind|p2b: Floette
|-boost|p2b: Floette|spa|1
|-boost|p2b: Floette|spd|1
|move|p1b: Incineroar|Parting Shot|p2b: Floette
|-unboost|p2b: Floette|atk|1
|-unboost|p2b: Floette|spa|1
|
|t:|1784136583
|switch|p1b: Sneasler|Sneasler, L50, F|100/100|[from] Parting Shot
|
|upkeep
|turn|3
|
|t:|1784136595
|switch|p1a: Incineroar|Incineroar, L50, M|87/100
|-ability|p1a: Incineroar|Intimidate|boost
|-unboost|p2a: Incineroar|atk|1
|-unboost|p2b: Floette|atk|1
|move|p1b: Sneasler|Fake Out|p2a: Incineroar
|-damage|p2a: Incineroar|87/100
|-status|p2a: Incineroar|psn|[from] ability: Poison Touch|[of] p1b: Sneasler
|cant|p2a: Incineroar|flinch
|move|p2b: Floette|Dazzling Gleam|p1b: Sneasler|[spread] p1a,p1b
|-damage|p1a: Incineroar|41/100
|-damage|p1b: Sneasler|35/100
|-enditem|p1a: Incineroar|Sitrus Berry|[eat]
|-heal|p1a: Incineroar|66/100|[from] item: Sitrus Berry
|
|-damage|p2a: Incineroar|75/100 psn|[from] psn
|upkeep
|turn|4
|
|t:|1784136613
|switch|p2a: Sinistcha|Sinistcha, L50|50/100g
|-heal|p2b: Floette|100/100|[from] ability: Hospitality|[of] p2a: Sinistcha
|move|p2b: Floette|Protect|p2b: Floette
|-singleturn|p2b: Floette|Protect
|move|p1b: Sneasler|Poison Jab|p2b: Floette
|-activate|p2b: Floette|move: Protect
|move|p1a: Incineroar|Flare Blitz|p2b: Floette
|-activate|p2b: Floette|move: Protect
|
|-heal|p2a: Sinistcha|56/100|[from] item: Leftovers
|upkeep
|turn|5
|inactive|SrStarVGC has 30 seconds left.
|inactive|SrStarVGC has 20 seconds left.
|
|t:|1784136649
|switch|p1b: Sinistcha|Sinistcha, L50|100/100
|-heal|p1a: Incineroar|91/100|[from] ability: Hospitality|[of] p1b: Sinistcha
|move|p2a: Sinistcha|Rage Powder|p2a: Sinistcha
|-singleturn|p2a: Sinistcha|move: Rage Powder
|move|p2b: Floette|Dazzling Gleam|p1b: Sinistcha|[spread] p1a,p1b
|-crit|p1a: Incineroar
|-damage|p1a: Incineroar|25/100
|-damage|p1b: Sinistcha|47/100
|move|p1a: Incineroar|Flare Blitz|p2a: Sinistcha
|-supereffective|p2a: Sinistcha|1
|-crit|p2a: Sinistcha
|-damage|p2a: Sinistcha|0 fnt
|faint|p2a: Sinistcha
|-damage|p1a: Incineroar|8/100|[from] Recoil
|
|upkeep
|
|t:|1784136658
|switch|p2a: Sneasler|Sneasler, L50, M|100/100
|turn|6
|
|t:|1784136677
|switch|p1a: Sneasler|Sneasler, L50, F|35/100
|move|p1b: Sinistcha|Protect|p1b: Sinistcha
|-singleturn|p1b: Sinistcha|Protect
|move|p2a: Sneasler|Poison Jab|p1b: Sinistcha
|-activate|p1b: Sinistcha|move: Protect
|move|p2b: Floette|Dazzling Gleam|p1b: Sinistcha|[spread] p1a
|-activate|p1b: Sinistcha|move: Protect
|-damage|p1a: Sneasler|0 fnt
|faint|p1a: Sneasler
|
|upkeep
|
|t:|1784136690
|switch|p1a: Blastoise|Blastoise-Mega, L50, F|23/100
|turn|7
|
|t:|1784136694
|move|p1a: Blastoise|Protect|p1a: Blastoise
|-singleturn|p1a: Blastoise|Protect
|move|p2a: Sneasler|Poison Jab|p1b: Sinistcha
|-damage|p1b: Sinistcha|16/100
|-status|p1b: Sinistcha|psn
|move|p2b: Floette|Dazzling Gleam|p1b: Sinistcha|[spread] p1b
|-activate|p1a: Blastoise|move: Protect
|-crit|p1b: Sinistcha
|-damage|p1b: Sinistcha|0 fnt
|faint|p1b: Sinistcha
|
|upkeep
|
|t:|1784136710
|switch|p1b: Incineroar|Incineroar, L50, M|8/100
|-ability|p1b: Incineroar|Intimidate|boost
|-unboost|p2a: Sneasler|atk|1
|-unboost|p2b: Floette|atk|1
|turn|8
|
|t:|1784136733
|move|p1b: Incineroar|Fake Out|p2b: Floette
|-damage|p2b: Floette|86/100
|move|p2a: Sneasler|Close Combat|p1a: Blastoise
|-damage|p1a: Blastoise|0 fnt
|-unboost|p2a: Sneasler|def|1
|-unboost|p2a: Sneasler|spd|1
|faint|p1a: Blastoise
|cant|p2b: Floette|flinch
|
|upkeep
|turn|9
|-message|SrStarVGC forfeited.
|
|win|spodermees
||SrStarVGC is ready for game 3.
|l|☆spodermees
|player|p2|
||spodermees is ready for game 3.
|uhtml|next|Next: Game 3 of 3
|l|☆SrStarVGC
|player|p1|
|j|☆SrStarVGC
|player|p1|SrStarVGC|drayden|
