|j|☆fookinraw42
|j|☆atahualpamaia
|html|fookinraw42atahualpamaia    
|uhtml|bestof|Game 1 of a best-of-3
|t:|1756237094
|gametype|doubles
|player|p1|fookinraw42|flannery|1117
|player|p2|atahualpamaia|jogger|1000
|gen|9
|tier|[Gen 9] VGC 2025 Reg H (Bo3)
|rated|
|rule|Species Clause: Limit one of each Pokémon
|rule|Item Clause: Limit 1 of each item
|clearpoke
|poke|p1|Gholdengo, L50|
|poke|p1|Amoonguss, L50, M|
|poke|p1|Basculegion, L50, M|
|poke|p1|Incineroar, L50, F|
|poke|p1|Archaludon, L50, F|
|poke|p1|Pelipper, L50, M|
|poke|p2|Goodra-Hisui, L50, F|
|poke|p2|Sneasler, L50, M|
|poke|p2|Ursaluna-Bloodmoon, L50, M|
|poke|p2|Sinistcha, L50|
|poke|p2|Whimsicott, L50, M|
|poke|p2|Farigiraf, L50, M|
|teampreview|4
|showteam|p1|Gholdengo||LifeOrb|GoodasGold|MakeItRain,ShadowBall,NastyPlot,Protect||||||50|,,,,,Water]Amoonguss||SitrusBerry|Regenerator|Spore,RagePowder,PollenPuff,Protect|||M|||50|,,,,,Electric]Basculegion||ChoiceBand|SwiftSwim|WaveCrash,FlipTurn,AquaJet,LastRespects|||M|||50|,,,,,Water]Incineroar||SafetyGoggles|Intimidate|KnockOff,PartingShot,WillOWisp,FakeOut|||F|||50|,,,,,Ghost]Archaludon||AssaultVest|Stamina|FlashCannon,DracoMeteor,ElectroShot,BodyPress|||F|||50|,,,,,Bug]Pelipper||CovertCloak|Drizzle|WeatherBall,Hurricane,Tailwind,Protect|||M|||50|,,,,,Dragon
|showteam|p2|Goodra-Hisui||LifeOrb|Gooey|DragonPulse,Flamethrower,MuddyWater,Protect|||F|||50|,,,,,Ghost]Sneasler||WhiteHerb|Unburden|CloseCombat,DireClaw,ThroatChop,Protect|||M|||50|,,,,,Flying]Ursaluna-Bloodmoon||SitrusBerry|MindsEye|BloodMoon,EarthPower,HyperVoice,Protect|||M|||50|,,,,,Ghost]Sinistcha||Leftovers|Hospitality|MatchaGotcha,ShadowBall,RagePowder,Protect||||||50|,,,,,Water]Whimsicott||FocusSash|Prankster|Moonblast,Encore,Tailwind,Protect|||M|||50|,,,,,Ghost]Farigiraf||ThroatSpray|ArmorTail|HyperVoice,HelpingHand,TrickRoom,Protect|||M|||50|,,,,,Water
|inactive|Battle timer is ON: inactive players will automatically lose when time's up. (requested by fookinraw42)
|inactive|atahualpamaia also wants the timer to be on.
|inactive|fookinraw42 has 60 seconds left.
|inactive|atahualpamaia has 60 seconds left.
|inactive|atahualpamaia has 30 seconds left.
|
|t:|1756237163
|teamsize|p1|4
|teamsize|p2|4
|start
|switch|p1a: Incineroar|Incineroar, L50, F|100/100
|switch|p1b: Gholdengo|Gholdengo, L50|100/100
|switch|p2a: Sneasler|Sneasler, L50, M|100/100
|switch|p2b: Whimsicott|Whimsicott, L50, M|100/100
|-ability|p1a: Incineroar|Intimidate|boost
|-unboost|p2a: Sneasler|atk|1
|-unboost|p2b: Whimsicott|atk|1
|-enditem|p2a: Sneasler|White Herb
|-clearnegativeboost|p2a: Sneasler|[silent]
|turn|1
|inactive|atahualpamaia has 30 seconds left.
|
|t:|1756237193
|-terastallize|p2b: Whimsicott|Ghost
|move|p2a: Sneasler|Protect|p2a: Sneasler
|-singleturn|p2a: Sneasler|Protect
|move|p1a: Incineroar|Fake Out|p2a: Sneasler
|-activate|p2a: Sneasler|move: Protect
|move|p2b: Whimsicott|Encore|p1b: Gholdengo
|-immune|p1b: Gholdengo|[from] ability: Good as Gold
|move|p1b: Gholdengo|Nasty Plot|p1b: Gholdengo
|-boost|p1b: Gholdengo|spa|2
|
|upkeep
|turn|2
|inactive|fookinraw42 has 30 seconds left.
|inactive|atahualpamaia has 30 seconds left.
|
|t:|1756237220
|-terastallize|p1b: Gholdengo|Water
|move|p2b: Whimsicott|Tailwind|p2b: Whimsicott
|-sidestart|p2: atahualpamaia|move: Tailwind
|move|p2a: Sneasler|Close Combat|p1a: Incineroar
|-supereffective|p1a: Incineroar
|-damage|p1a: Incineroar|0 fnt
|-unboost|p2a: Sneasler|def|1
|-unboost|p2a: Sneasler|spd|1
|faint|p1a: Incineroar
|move|p1b: Gholdengo|Make It Rain|p2a: Sneasler|[spread] p2a,p2b
|-damage|p2a: Sneasler|0 fnt
|-enditem|p2b: Whimsicott|Focus Sash
|-damage|p2b: Whimsicott|1/100
|-unboost|p1b: Gholdengo|spa|1
|faint|p2a: Sneasler
|-damage|p1b: Gholdengo|91/100|[from] item: Life Orb
|
|upkeep
|
|t:|1756237241
|switch|p2a: Goodra|Goodra-Hisui, L50, F|100/100
|switch|p1a: Basculegion|Basculegion, L50, M|100/100
|turn|3
|inactive|atahualpamaia has 30 seconds left.
|inactive|atahualpamaia has 20 seconds left.
|inactive|atahualpamaia has 15 seconds left.
|
|t:|1756237284
|switch|p1a: Pelipper|Pelipper, L50, M|100/100
|-weather|RainDance|[from] ability: Drizzle|[of] p1a: Pelipper
|move|p2b: Whimsicott|Moonblast|p1b: Gholdengo
|-damage|p1b: Gholdengo|59/100
|move|p2a: Goodra|Dragon Pulse|p1b: Gholdengo
|-damage|p1b: Gholdengo|0 fnt
|faint|p1b: Gholdengo
|-damage|p2a: Goodra|91/100|[from] item: Life Orb
|
|-weather|RainDance|[upkeep]
|upkeep
|
|t:|1756237295
|switch|p1b: Basculegion|Basculegion, L50, M|100/100
|turn|4
|
|t:|1756237316
|move|p2b: Whimsicott|Protect|p2b: Whimsicott
|-singleturn|p2b: Whimsicott|Protect
|move|p1b: Basculegion|Wave Crash|p2b: Whimsicott
|-activate|p2b: Whimsicott|move: Protect
|move|p2a: Goodra|Dragon Pulse|p1b: Basculegion
|-damage|p1b: Basculegion|37/100
|-damage|p2a: Goodra|81/100|[from] item: Life Orb
|move|p1a: Pelipper|Hurricane|p2a: Goodra
|-resisted|p2a: Goodra
|-damage|p2a: Goodra|68/100
|
|-weather|RainDance|[upkeep]
|upkeep
|turn|5
|
|t:|1756237337
|move|p2b: Whimsicott|Moonblast|p1b: Basculegion
|-damage|p1b: Basculegion|8/100
|move|p1b: Basculegion|Wave Crash|p2a: Goodra
|-resisted|p2a: Goodra
|-damage|p2a: Goodra|3/100
|-ability|p2a: Goodra|Gooey
|-unboost|p1b: Basculegion|spe|1
|-damage|p1b: Basculegion|0 fnt|[from] Recoil
|faint|p1b: Basculegion
|move|p2a: Goodra|Dragon Pulse|p1a: Pelipper
|-damage|p1a: Pelipper|33/100
|-damage|p2a: Goodra|0 fnt|[from] item: Life Orb
|faint|p2a: Goodra
|move|p1a: Pelipper|Hurricane|p2b: Whimsicott
|-damage|p2b: Whimsicott|0 fnt
|faint|p2b: Whimsicott
|
|-weather|RainDance|[upkeep]
|-sideend|p2: atahualpamaia|move: Tailwind
|upkeep
|
|t:|1756237358
|switch|p2b: Farigiraf|Farigiraf, L50, M|100/100
|turn|6
|
|t:|1756237373
|move|p1a: Pelipper|Hurricane|p2b: Farigiraf
|-damage|p2b: Farigiraf|63/100
|move|p2b: Farigiraf|Hyper Voice|p1a: Pelipper
|-damage|p1a: Pelipper|0 fnt
|faint|p1a: Pelipper
|-enditem|p2b: Farigiraf|Throat Spray
|
|win|atahualpamaia
||fookinraw42 is ready for game 2.
||atahualpamaia is ready for game 2.
|uhtml|next|Next: Game 2 of 3
