|j|☆Frisk Azzy
|j|☆LittleSunLight
|html|Frisk AzzyLittleSunLight    
|uhtml|bestof|Game 2 of a best-of-3
|t:|1783893190
|gametype|doubles
|player|p1|Frisk Azzy|riley|
|player|p2|LittleSunLight|beauty|
|gen|9
|tier|[Gen 9 Champions] VGC 2026 Reg M-B (Bo3)
|rule|Species Clause: Limit one of each Pokémon
|rule|Item Clause: Limit 1 of each item
|clearpoke
|poke|p1|Charizard, L50, M, shiny|
|poke|p1|Venusaur, L50, M|
|poke|p1|Whimsicott, L50, M|
|poke|p1|Luxray, L50, M, shiny|
|poke|p1|Aegislash, L50, M|
|poke|p1|Garchomp, L50, F, shiny|
|poke|p2|Dragonite, L50, F, shiny|
|poke|p2|Froslass, L50, F|
|poke|p2|Sneasler, L50, M|
|poke|p2|Arcanine-Hisui, L50, M|
|poke|p2|Basculegion, L50, M|
|poke|p2|Kingambit, L50, F|
|teampreview|4
|showteam|p1|Charizard||CharizarditeY|SolarPower|HeatWave,Protect,SolarBeam,AirSlash|Timid||M|||50|]Venusaur||LifeOrb|Chlorophyll|GigaDrain,SludgeBomb,Protect,EarthPower|Modest||M|||50|]Whimsicott||FocusSash|Prankster|Moonblast,Tailwind,Taunt,SunnyDay|Timid||M|||50|]Luxray||SitrusBerry|Intimidate|Crunch,WildCharge,Protect,VoltSwitch|Sassy||M|||50|]Aegislash||SpellTag|StanceChange|IronHead,KingsShield,WideGuard,ShadowSneak|Adamant||M|||50|]Garchomp||YacheBerry|RoughSkin|DragonClaw,Protect,Earthquake,RockSlide|Jolly||F|||50|
|showteam|p2|Dragonite||Dragoninite|Multiscale|Protect,Tailwind,DragonPulse,Flamethrower|Modest||F|||50|]Froslass||Froslassite|CursedBody|Protect,Blizzard,ShadowBall,AuroraVeil|Timid||F|||50|]Sneasler||WhiteHerb|Unburden|Protect,CloseCombat,DireClaw,FakeOut|Jolly||M|||50|]Arcanine-Hisui||FocusSash|RockHead|FlareBlitz,HeadSmash,RockSlide,ExtremeSpeed|Jolly||M|||50|]Basculegion||LifeOrb|Adaptability|Protect,WaveCrash,AquaJet,LastRespects|Adamant||M|||50|]Kingambit||ChopleBerry|Defiant|Protect,KowtowCleave,IronHead,SuckerPunch|Adamant||F|||50|
|inactive|Battle timer is ON: inactive players will automatically lose when time's up. (requested by LittleSunLight)
|c|☆LittleSunLight|that cc had to be close
|c|☆LittleSunLight|i watnt to calc that after
|inactive|LittleSunLight has 60 seconds left.
|
|t:|1783893242
|teamsize|p1|4
|teamsize|p2|4
|start
|switch|p1a: Bow|Garchomp, L50, F, shiny|100/100
|switch|p1b: Dr While|Whimsicott, L50, M|100/100
|switch|p2a: Helix!|Dragonite, L50, F, shiny|100/100
|switch|p2b: Mochi|Sneasler, L50, M|100/100
|turn|1
|inactive|LittleSunLight has 30 seconds left.
|inactive|LittleSunLight has 20 seconds left.
|
|t:|1783893278
|move|p2b: Mochi|Fake Out|p1b: Dr While
|-damage|p1b: Dr While|80/100
|cant|p1b: Dr While|flinch
|move|p1a: Bow|Earthquake|p2a: Helix!|[spread] p1b,p2b
|-immune|p2a: Helix!
|-resisted|p1b: Dr While|1
|-supereffective|p2b: Mochi|1
|-damage|p1b: Dr While|55/100
|-damage|p2b: Mochi|0 fnt
|faint|p2b: Mochi
|move|p2a: Helix!|Dragon Pulse|p1a: Bow
|-supereffective|p1a: Bow|1
|-damage|p1a: Bow|16/100
|
|upkeep
|inactive|LittleSunLight has 30 seconds left.
|inactive|LittleSunLight has 20 seconds left.
|inactive|LittleSunLight has 15 seconds left.
|inactive|LittleSunLight has 10 seconds left.
|inactive|LittleSunLight has 5 seconds left.
|
|t:|1783893329
|switch|p2b: Elssssa|Froslass, L50, F|100/100
|turn|2
|
|t:|1783893349
|switch|p1a: Skippy|Luxray, L50, M, shiny|100/100
|-ability|p1a: Skippy|Intimidate|boost
|-unboost|p2a: Helix!|atk|1
|-unboost|p2b: Elssssa|atk|1
|detailschange|p2b: Elssssa|Froslass-Mega, L50, F
|-mega|p2b: Elssssa|Froslass|Froslassite
|-weather|Snowscape|[from] ability: Snow Warning|[of] p2b: Elssssa
|move|p1b: Dr While|Tailwind|p1b: Dr While
|-sidestart|p1: Frisk Azzy|move: Tailwind
|move|p2b: Elssssa|Blizzard|p1a: Skippy|[spread] p1a,p1b
|-supereffective|p1b: Dr While|1
|-damage|p1a: Skippy|56/100
|-damage|p1b: Dr While|0 fnt
|faint|p1b: Dr While
|move|p2a: Helix!|Tailwind|p2a: Helix!
|-sidestart|p2: LittleSunLight|move: Tailwind
|
|-weather|Snowscape|[upkeep]
|upkeep
|
|t:|1783893366
|switch|p1b: Dragonoid|Charizard, L50, M, shiny|100/100
|turn|3
|inactive|LittleSunLight has 30 seconds left.
|inactive|LittleSunLight has 20 seconds left.
|
|t:|1783893403
|switch|p2b: Frisk|Arcanine-Hisui, L50, M|100/100
|detailschange|p1b: Dragonoid|Charizard-Mega-Y, L50, M, shiny
|-mega|p1b: Dragonoid|Charizard|Charizardite Y
|-weather|SunnyDay|[from] ability: Drought|[of] p1b: Dragonoid
|move|p1b: Dragonoid|Heat Wave|p2a: Helix!|[spread] p2a,p2b
|-resisted|p2a: Helix!|1
|-crit|p2a: Helix!
|-resisted|p2b: Frisk|2
|-damage|p2a: Helix!|75/100
|-damage|p2b: Frisk|80/100
|-status|p2a: Helix!|brn
|move|p2a: Helix!|Flamethrower|p1a: Skippy
|-damage|p1a: Skippy|13/100
|-enditem|p1a: Skippy|Sitrus Berry|[eat]
|-heal|p1a: Skippy|38/100|[from] item: Sitrus Berry
|move|p1a: Skippy|Volt Switch|p2a: Helix!
|-damage|p2a: Helix!|48/100 brn
|
|t:|1783893423
|switch|p1a: Bow|Garchomp, L50, F, shiny|16/100|[from] Volt Switch
|
|-weather|SunnyDay|[upkeep]
|-damage|p2a: Helix!|42/100 brn|[from] brn
|upkeep
|turn|4
|inactive|LittleSunLight has 30 seconds left.
|inactive|LittleSunLight has 20 seconds left.
|inactive|LittleSunLight has 15 seconds left.
|
|t:|1783893465
|switch|p1b: Skippy|Luxray, L50, M, shiny|38/100
|-ability|p1b: Skippy|Intimidate|boost
|-unboost|p2a: Helix!|atk|1
|-unboost|p2b: Frisk|atk|1
|move|p2b: Frisk|Extreme Speed|p1a: Bow
|-damage|p1a: Bow|1/100
|-damage|p2b: Frisk|68/100|[from] ability: Rough Skin|[of] p1a: Bow
|move|p1a: Bow|Rock Slide|p2a: Helix!|[spread] p2a,p2b
|-supereffective|p2a: Helix!|1
|-supereffective|p2b: Frisk|1
|-damage|p2a: Helix!|0 fnt
|-damage|p2b: Frisk|22/100
|faint|p2a: Helix!
|
|-weather|SunnyDay|[upkeep]
|upkeep
|c|☆LittleSunLight|1hp!
|
|t:|1783893482
|switch|p2a: Elssssa|Froslass-Mega, L50, F|100/100
|-weather|Snowscape|[from] ability: Snow Warning|[of] p2a: Elssssa
|turn|5
|inactive|LittleSunLight has 30 seconds left.
|inactive|LittleSunLight has 20 seconds left.
|
|t:|1783893517
|move|p1a: Bow|Protect|p1a: Bow
|-singleturn|p1a: Bow|Protect
|move|p2a: Elssssa|Shadow Ball|p1a: Bow
|-activate|p1a: Bow|move: Protect
|move|p2b: Frisk|Rock Slide|p1a: Bow|[spread] p1b
|-activate|p1a: Bow|move: Protect
|-damage|p1b: Skippy|17/100
|move|p1b: Skippy|Crunch|p2a: Elssssa
|-supereffective|p2a: Elssssa|1
|-damage|p2a: Elssssa|42/100
|
|-weather|Snowscape|[upkeep]
|-sideend|p2: LittleSunLight|move: Tailwind
|-sideend|p1: Frisk Azzy|move: Tailwind
|upkeep
|turn|6
|
|t:|1783893537
|switch|p1a: Dragonoid|Charizard-Mega-Y, L50, M, shiny|100/100
|-weather|SunnyDay|[from] ability: Drought|[of] p1a: Dragonoid
|move|p2b: Frisk|Extreme Speed|p1a: Dragonoid
|-damage|p1a: Dragonoid|77/100
|move|p2a: Elssssa|Shadow Ball|p1b: Skippy
|-damage|p1b: Skippy|0 fnt
|faint|p1b: Skippy
|
|-weather|SunnyDay|[upkeep]
|upkeep
|
|t:|1783893550
|switch|p1b: Bow|Garchomp, L50, F, shiny|1/100
|turn|7
|inactive|LittleSunLight has 30 seconds left.
|inactive|LittleSunLight has 20 seconds left.
|inactive|LittleSunLight has 15 seconds left.
|
|t:|1783893593
|move|p1b: Bow|Protect|p1b: Bow
|-singleturn|p1b: Bow|Protect
|move|p2b: Frisk|Extreme Speed|p1b: Bow
|-activate|p1b: Bow|move: Protect
|move|p2a: Elssssa|Shadow Ball|p1a: Dragonoid
|-damage|p1a: Dragonoid|32/100
|move|p1a: Dragonoid|Heat Wave|p2b: Frisk|[spread] p2a,p2b
|-supereffective|p2a: Elssssa|1
|-resisted|p2b: Frisk|2
|-damage|p2a: Elssssa|0 fnt
|-damage|p2b: Frisk|1/100
|faint|p2a: Elssssa
|
|-weather|SunnyDay|[upkeep]
|upkeep
|turn|8
|
|t:|1783893611
|move|p1b: Bow|Dragon Claw|p2b: Frisk
|-damage|p2b: Frisk|0 fnt
|faint|p2b: Frisk
|
|win|Frisk Azzy
|inactive|Frisk Azzy has 30 seconds to confirm battle start!
|inactive|LittleSunLight has 30 seconds to confirm battle start!
|c|☆LittleSunLight|gg!
|c|☆Frisk Azzy|Ggwp
|inactive|Frisk Azzy has 20 seconds to confirm battle start!
|inactive|LittleSunLight has 20 seconds to confirm battle start!
