|j|☆dsfrgfjhksdf4
|j|☆enanoaceitunas
|html|dsfrgfjhksdf4enanoaceitunas    
|uhtml|bestof|Game 2 of a best-of-3
|t:|1782981171
|gametype|doubles
|player|p1|dsfrgfjhksdf4|169|1050
|player|p2|enanoaceitunas|li|1007
|gen|9
|tier|[Gen 9 Champions] VGC 2026 Reg M-B (Bo3)
|rated|
|rule|Species Clause: Limit one of each Pokémon
|rule|Item Clause: Limit 1 of each item
|clearpoke
|poke|p1|Pelipper, L50, M|
|poke|p1|Archaludon, L50, F|
|poke|p1|Metagross, L50|
|poke|p1|Sableye, L50, M|
|poke|p1|Swampert, L50, F|
|poke|p1|Sinistcha, L50|
|poke|p2|Aerodactyl, L50, F|
|poke|p2|Charizard, L50, F|
|poke|p2|Farigiraf, L50, F|
|poke|p2|Sylveon, L50, F|
|poke|p2|Kingambit, L50, F|
|poke|p2|Garchomp, L50, F|
|teampreview|4
|showteam|p1|Pelipper||FocusSash|Drizzle|WeatherBall,Hurricane,Protect,Tailwind|Modest||M|||50|]Archaludon||Leftovers|Stamina|DragonPulse,FlashCannon,ElectroShot,Protect|Calm||F|||50|]Metagross||Metagrossite|ClearBody|IronHead,BodyPress,PsychicFangs,Protect|Jolly|||||50|]Sableye||LightClay|Prankster|Quash,LightScreen,Reflect,RainDance|Careful||M|||50|]Swampert||Swampertite|Torrent|WaveCrash,HighHorsepower,IcePunch,Protect|Adamant||F|||50|]Sinistcha||SitrusBerry|Hospitality|MatchaGotcha,LifeDew,TrickRoom,RagePowder|Bold|||||50|
|showteam|p2|Aerodactyl||Aerodactylite|Unnerve|RockSlide,DualWingbeat,IceFang,Tailwind|Jolly||F|||50|]Charizard||CharizarditeY|Blaze|Protect,HeatWave,WeatherBall,SolarBeam|Modest||F|||50|]Farigiraf||SitrusBerry|ArmorTail|PsychicFangs,Thunderbolt,TrickRoom,SunnyDay|Relaxed||F|||50|]Sylveon||FairyFeather|Pixilate|Detect,QuickAttack,HyperVoice,HyperBeam|Modest||F|||50|]Kingambit||FocusSash|Defiant|KowtowCleave,IronHead,SuckerPunch,LowKick|Adamant||F|||50|]Garchomp||LifeOrb|RoughSkin|Protect,DragonClaw,StompingTantrum,Earthquake|Jolly||F|||50|
|inactive|Battle timer is ON: inactive players will automatically lose when time's up. (requested by dsfrgfjhksdf4)
|
|t:|1782981190
|teamsize|p1|4
|teamsize|p2|4
|start
|switch|p1a: Sableye|Sableye, L50, M|100/100
|switch|p1b: Swampert|Swampert, L50, F|100/100
|switch|p2a: Sylveon|Sylveon, L50, F|100/100
|switch|p2b: Farigiraf|Farigiraf, L50, F|100/100
|turn|1
|inactive|enanoaceitunas has 30 seconds left.
|
|t:|1782981216
|detailschange|p1b: Swampert|Swampert-Mega, L50, F
|-mega|p1b: Swampert|Swampert|Swampertite
|move|p1a: Sableye|Light Screen|p1a: Sableye
|-sidestart|p1: dsfrgfjhksdf4|move: Light Screen
|move|p1b: Swampert|High Horsepower|p2b: Farigiraf
|-damage|p2b: Farigiraf|54/100
|move|p2a: Sylveon|Hyper Voice|p1b: Swampert|[spread] p1a,p1b
|-supereffective|p1a: Sableye|1
|-damage|p1a: Sableye|23/100
|-damage|p1b: Swampert|69/100
|move|p2b: Farigiraf|Psychic Fangs|p1b: Swampert
|-sideend|p1: dsfrgfjhksdf4|move: Light Screen
|-damage|p1b: Swampert|42/100
|
|upkeep
|turn|2
|
|t:|1782981240
|switch|p2b: Charizard|Charizard, L50, F|100/100
|move|p2a: Sylveon|Quick Attack|p1a: Sableye
|-supereffective|p1a: Sableye|1
|-damage|p1a: Sableye|0 fnt
|faint|p1a: Sableye
|move|p1b: Swampert|Wave Crash|p2a: Sylveon
|-damage|p2a: Sylveon|5/100
|-damage|p1b: Swampert|10/100|[from] Recoil
|
|upkeep
|
|t:|1782981247
|switch|p1a: Archaludon|Archaludon, L50, F|100/100
|turn|3
|
|t:|1782981260
|detailschange|p2b: Charizard|Charizard-Mega-Y, L50, F
|-mega|p2b: Charizard|Charizard|Charizardite Y
|-weather|SunnyDay|[from] ability: Drought|[of] p2b: Charizard
|move|p1b: Swampert|Protect|p1b: Swampert
|-singleturn|p1b: Swampert|Protect
|move|p1a: Archaludon|Protect|p1a: Archaludon
|-singleturn|p1a: Archaludon|Protect
|move|p2b: Charizard|Heat Wave|p1a: Archaludon|[spread] 
|-activate|p1a: Archaludon|move: Protect
|-activate|p1b: Swampert|move: Protect
|move|p2a: Sylveon|Hyper Beam|p1a: Archaludon
|-activate|p1a: Archaludon|move: Protect
|
|-weather|SunnyDay|[upkeep]
|upkeep
|turn|4
|
|t:|1782981280
|switch|p1a: Pelipper|Pelipper, L50, M|100/100
|-weather|RainDance|[from] ability: Drizzle|[of] p1a: Pelipper
|move|p2a: Sylveon|Quick Attack|p1b: Swampert
|-damage|p1b: Swampert|0 fnt
|faint|p1b: Swampert
|move|p2b: Charizard|Weather Ball|p1a: Pelipper
|-resisted|p1a: Pelipper|1
|-damage|p1a: Pelipper|47/100
|
|-weather|RainDance|[upkeep]
|upkeep
|
|t:|1782981286
|switch|p1b: Archaludon|Archaludon, L50, F|100/100
|turn|5
|
|t:|1782981305
|switch|p2b: Garchomp|Garchomp, L50, F|100/100
|move|p1b: Archaludon|Electro Shot||[still]
|-prepare|p1b: Archaludon|Electro Shot
|-boost|p1b: Archaludon|spa|1
|-anim|p1b: Archaludon|Electro Shot|p2b: Garchomp
|-immune|p2b: Garchomp
|move|p1a: Pelipper|Weather Ball|p2a: Sylveon
|-damage|p2a: Sylveon|0 fnt
|faint|p2a: Sylveon
|
|-weather|RainDance|[upkeep]
|upkeep
|
|t:|1782981317
|switch|p2a: Charizard|Charizard-Mega-Y, L50, F|100/100
|-weather|SunnyDay|[from] ability: Drought|[of] p2a: Charizard
|turn|6
|
|t:|1782981327
|move|p2b: Garchomp|Dragon Claw|p1a: Pelipper
|-damage|p1a: Pelipper|0 fnt
|faint|p1a: Pelipper
|-damage|p2b: Garchomp|90/100|[from] item: Life Orb
|move|p2a: Charizard|Heat Wave|p1b: Archaludon
|-damage|p1b: Archaludon|18/100
|-ability|p1b: Archaludon|Stamina|boost
|-boost|p1b: Archaludon|def|1
|move|p1b: Archaludon|Dragon Pulse|p2b: Garchomp
|-supereffective|p2b: Garchomp|1
|-damage|p2b: Garchomp|0 fnt
|faint|p2b: Garchomp
|
|-weather|SunnyDay|[upkeep]
|-heal|p1b: Archaludon|24/100|[from] item: Leftovers
|upkeep
|-message|dsfrgfjhksdf4 forfeited.
|
|win|enanoaceitunas
