|j|☆Saicam16
|j|☆Snivii
|html|Saicam16Snivii    
|uhtml|bestof|Game 2 of a best-of-3
|t:|1783450848
|gametype|doubles
|player|p1|Saicam16|170|1031
|player|p2|Snivii|1|1151
|gen|9
|tier|[Gen 9 Champions] VGC 2026 Reg M-B (Bo3)
|rated|
|rule|Species Clause: Limit one of each Pokémon
|rule|Item Clause: Limit 1 of each item
|clearpoke
|poke|p1|Charizard, L50, F|
|poke|p1|Primarina, L50, F, shiny|
|poke|p1|Kingambit, L50, M, shiny|
|poke|p1|Incineroar, L50, F|
|poke|p1|Sneasler, L50, M|
|poke|p1|Sinistcha, L50|
|poke|p2|Serperior, L50, M|
|poke|p2|Grimmsnarl, L50, M|
|poke|p2|Staraptor, L50, F|
|poke|p2|Incineroar, L50, F|
|poke|p2|Whimsicott, L50, F|
|poke|p2|Charizard, L50, F|
|teampreview|4
|showteam|p1|Charizard||CharizarditeX|Blaze|DragonDance,Protect,DragonClaw,FlareBlitz|Jolly||F|||50|]Primarina||MysticWater|LiquidVoice|Protect,HyperVoice,Moonblast,Haze|Modest||F|||50|]Kingambit||BlackGlasses|Defiant|KowtowCleave,SuckerPunch,IronHead,Protect|Adamant||M|||50|]Incineroar||SitrusBerry|Intimidate|FakeOut,PartingShot,FlareBlitz,DarkestLariat|Careful||F|||50|]Sneasler||FocusSash|Unburden|DireClaw,Protect,Coaching,CloseCombat|Adamant||M|||50|]Sinistcha||KasibBerry|Hospitality|RagePowder,MatchaGotcha,TrickRoom,ShadowBall|Calm|||||50|
|showteam|p2|Serperior||WideLens|Contrary|LeafStorm,Glare,Protect,GastroAcid|Timid||M|||50|]Grimmsnarl||LightClay|Prankster|SpiritBreak,LightScreen,Reflect,PartingShot|Careful||M|||50|]Staraptor||Staraptite|Intimidate|BraveBird,CloseCombat,Roost,Protect|Jolly||F|||50|]Incineroar||SitrusBerry|Intimidate|FlareBlitz,DarkestLariat,FakeOut,PartingShot|Adamant||F|||50|]Whimsicott||FocusSash|Prankster|Moonblast,Charm,Encore,Tailwind|Timid||F|||50|]Charizard||CharizarditeY|SolarPower|HeatWave,AncientPower,WeatherBall,Protect|Timid||F|||50|
|
|t:|1783450889
|teamsize|p1|4
|teamsize|p2|4
|start
|switch|p1a: Sinistcha|Sinistcha, L50|100/100
|switch|p1b: Kingambit|Kingambit, L50, M, shiny|100/100
|switch|p2a: Grimmsnarl|Grimmsnarl, L50, M|100/100
|switch|p2b: Serperior|Serperior, L50, M|100/100
|turn|1
|
|t:|1783450911
|move|p2a: Grimmsnarl|Reflect|p2a: Grimmsnarl
|-sidestart|p2: Snivii|Reflect
|move|p2b: Serperior|Gastro Acid|p1b: Kingambit
|-endability|p1b: Kingambit
|move|p1b: Kingambit|Iron Head|p2a: Grimmsnarl
|-supereffective|p2a: Grimmsnarl|1
|-damage|p2a: Grimmsnarl|34/100
|move|p1a: Sinistcha|Trick Room|p1a: Sinistcha
|-fieldstart|move: Trick Room|[of] p1a: Sinistcha
|
|upkeep
|turn|2
|
|t:|1783450948
|switch|p1b: Primarina|Primarina, L50, F, shiny|100/100
|move|p2a: Grimmsnarl|Parting Shot|p2b: Serperior
|-boost|p2b: Serperior|atk|1
|-boost|p2b: Serperior|spa|1
|
|t:|1783450955
|switch|p2a: Incineroar|Incineroar, L50, F|100/100|[from] Parting Shot
|-ability|p2a: Incineroar|Intimidate|boost
|-unboost|p1a: Sinistcha|atk|1
|-unboost|p1b: Primarina|atk|1
|move|p1a: Sinistcha|Matcha Gotcha|p2b: Serperior|[spread] p2a,p2b
|-resisted|p2a: Incineroar|1
|-resisted|p2b: Serperior|1
|-damage|p2a: Incineroar|87/100
|-damage|p2b: Serperior|85/100
|move|p2b: Serperior|Leaf Storm|p1a: Sinistcha
|-resisted|p1a: Sinistcha|1
|-damage|p1a: Sinistcha|74/100
|-boost|p2b: Serperior|spa|2
|
|upkeep
|turn|3
|
|t:|1783450970
|move|p1a: Sinistcha|Rage Powder|p1a: Sinistcha
|-singleturn|p1a: Sinistcha|move: Rage Powder
|move|p1b: Primarina|Haze|p1b: Primarina
|-clearallboost
|move|p2a: Incineroar|Parting Shot|p1a: Sinistcha
|-unboost|p1a: Sinistcha|atk|1
|-unboost|p1a: Sinistcha|spa|1
|
|t:|1783450977
|switch|p2a: Grimmsnarl|Grimmsnarl, L50, M|34/100|[from] Parting Shot
|move|p2b: Serperior|Leaf Storm|p1b: Primarina
|-supereffective|p1b: Primarina|1
|-damage|p1b: Primarina|39/100
|-boost|p2b: Serperior|spa|2
|
|upkeep
|turn|4
|
|t:|1783450988
|switch|p1b: Kingambit|Kingambit, L50, M, shiny|100/100
|move|p2a: Grimmsnarl|Light Screen|p2a: Grimmsnarl
|-sidestart|p2: Snivii|move: Light Screen
|move|p1a: Sinistcha|Matcha Gotcha|p2b: Serperior|[spread] p2a,p2b
|-resisted|p2b: Serperior|1
|-damage|p2a: Grimmsnarl|23/100
|-heal|p1a: Sinistcha|81/100|[from] drain|[of] p2a: Grimmsnarl
|-damage|p2b: Serperior|78/100
|-heal|p1a: Sinistcha|84/100|[from] drain|[of] p2b: Serperior
|-status|p2b: Serperior|brn
|move|p2b: Serperior|Leaf Storm|p1b: Kingambit
|-resisted|p1b: Kingambit|1
|-crit|p1b: Kingambit
|-damage|p1b: Kingambit|42/100
|-boost|p2b: Serperior|spa|2
|
|-damage|p2b: Serperior|72/100 brn|[from] brn
|upkeep
|turn|5
|
|t:|1783451016
|switch|p1a: Charizard|Charizard, L50, F|100/100
|move|p1b: Kingambit|Kowtow Cleave|p2b: Serperior
|-damage|p2b: Serperior|28/100 brn
|move|p2a: Grimmsnarl|Spirit Break|p1b: Kingambit
|-damage|p1b: Kingambit|18/100
|-unboost|p1b: Kingambit|spa|1
|-ability|p1b: Kingambit|Defiant|boost
|-boost|p1b: Kingambit|atk|2
|move|p2b: Serperior|Leaf Storm|p1a: Charizard
|-resisted|p1a: Charizard|2
|-damage|p1a: Charizard|62/100
|-boost|p2b: Serperior|spa|2
|
|-damage|p2b: Serperior|22/100 brn|[from] brn
|-fieldend|move: Trick Room
|upkeep
|turn|6
|
|t:|1783451045
|detailschange|p1a: Charizard|Charizard-Mega-X, L50, F
|-mega|p1a: Charizard|Charizard|Charizardite X
|move|p2a: Grimmsnarl|Parting Shot|p1a: Charizard
|-unboost|p1a: Charizard|atk|1
|-unboost|p1a: Charizard|spa|1
|
|t:|1783451049
|switch|p2a: Incineroar|Incineroar, L50, F|87/100|[from] Parting Shot
|-ability|p2a: Incineroar|Intimidate|boost
|-unboost|p1a: Charizard|atk|1
|-unboost|p1b: Kingambit|atk|1
|-ability|p1b: Kingambit|Defiant|boost
|-boost|p1b: Kingambit|atk|2
|move|p2b: Serperior|Glare|p1a: Charizard
|-status|p1a: Charizard|par
|move|p1b: Kingambit|Kowtow Cleave|p2a: Incineroar
|-resisted|p2a: Incineroar|1
|-damage|p2a: Incineroar|39/100
|-enditem|p2a: Incineroar|Sitrus Berry|[eat]
|-heal|p2a: Incineroar|63/100|[from] item: Sitrus Berry
|cant|p1a: Charizard|par
|
|-damage|p2b: Serperior|16/100 brn|[from] brn
|upkeep
|turn|7
|
|t:|1783451070
|switch|p1a: Sinistcha|Sinistcha, L50|84/100
|-heal|p1b: Kingambit|43/100|[from] ability: Hospitality|[of] p1a: Sinistcha
|move|p1b: Kingambit|Protect|p1b: Kingambit
|-singleturn|p1b: Kingambit|Protect
|move|p2b: Serperior|Gastro Acid|p1b: Kingambit
|-activate|p1b: Kingambit|move: Protect
|move|p2a: Incineroar|Parting Shot|p2b: Serperior
|-boost|p2b: Serperior|atk|1
|-boost|p2b: Serperior|spa|0
|
|t:|1783451082
|switch|p2a: Staraptor|Staraptor, L50, F|100/100|[from] Parting Shot
|-ability|p2a: Staraptor|Intimidate|boost
|-unboost|p1a: Sinistcha|atk|1
|-unboost|p1b: Kingambit|atk|1
|-ability|p1b: Kingambit|Defiant|boost
|-boost|p1b: Kingambit|atk|2
|
|-damage|p2b: Serperior|10/100 brn|[from] brn
|upkeep
|turn|8
|
|t:|1783451123
|detailschange|p2a: Staraptor|Staraptor-Mega, L50, F
|-mega|p2a: Staraptor|Staraptor|Staraptite
|move|p1b: Kingambit|Sucker Punch|p2a: Staraptor
|-resisted|p2a: Staraptor|1
|-damage|p2a: Staraptor|48/100
|move|p2b: Serperior|Leaf Storm|p1b: Kingambit
|-resisted|p1b: Kingambit|1
|-damage|p1b: Kingambit|0 fnt
|faint|p1b: Kingambit
|move|p2a: Staraptor|Brave Bird|p1a: Sinistcha
|-supereffective|p1a: Sinistcha|1
|-damage|p1a: Sinistcha|0 fnt
|faint|p1a: Sinistcha
|-damage|p2a: Staraptor|21/100|[from] Recoil
|
|-damage|p2b: Serperior|4/100 brn|[from] brn
|-sideend|p2: Snivii|Reflect
|upkeep
|
|t:|1783451138
|switch|p1a: Primarina|Primarina, L50, F, shiny|39/100
|switch|p1b: Charizard|Charizard-Mega-X, L50, F|62/100 par
|turn|9
|
|t:|1783451152
|move|p1a: Primarina|Protect|p1a: Primarina
|-singleturn|p1a: Primarina|Protect
|move|p1b: Charizard|Protect|p1b: Charizard
|-singleturn|p1b: Charizard|Protect
|move|p2b: Serperior|Leaf Storm|p1a: Primarina
|-activate|p1a: Primarina|move: Protect
|move|p2a: Staraptor|Roost|p2a: Staraptor
|-heal|p2a: Staraptor|71/100
|-singleturn|p2a: Staraptor|move: Roost
|
|-damage|p2b: Serperior|0 fnt|[from] brn
|faint|p2b: Serperior
|upkeep
|
|t:|1783451160
|switch|p2b: Grimmsnarl|Grimmsnarl, L50, M|23/100
|turn|10
|
|t:|1783451176
|move|p2b: Grimmsnarl|Parting Shot|p2a: Staraptor
|-boost|p2a: Staraptor|atk|1
|-boost|p2a: Staraptor|spa|1
|
|t:|1783451180
|switch|p2b: Incineroar|Incineroar, L50, F|63/100|[from] Parting Shot
|-ability|p2b: Incineroar|Intimidate|boost
|-unboost|p1a: Primarina|atk|1
|-unboost|p1b: Charizard|atk|1
|move|p2a: Staraptor|Brave Bird|p1a: Primarina
|-damage|p1a: Primarina|0 fnt
|faint|p1a: Primarina
|-damage|p2a: Staraptor|57/100|[from] Recoil
|move|p1b: Charizard|Dragon Dance|p1b: Charizard
|-boost|p1b: Charizard|atk|1
|-boost|p1b: Charizard|spe|1
|
|upkeep
|turn|11
|
|t:|1783451193
|move|p1b: Charizard|Protect|p1b: Charizard
|-singleturn|p1b: Charizard|Protect
|move|p2a: Staraptor|Close Combat|p1b: Charizard
|-activate|p1b: Charizard|move: Protect
|move|p2b: Incineroar|Parting Shot|p2a: Staraptor
|-boost|p2a: Staraptor|atk|1
|-boost|p2a: Staraptor|spa|1
|
|t:|1783451200
|switch|p2b: Grimmsnarl|Grimmsnarl, L50, M|23/100|[from] Parting Shot
|
|-sideend|p2: Snivii|move: Light Screen
|upkeep
|turn|12
|
|t:|1783451206
|move|p2b: Grimmsnarl|Parting Shot|p1b: Charizard
|-unboost|p1b: Charizard|atk|1
|-unboost|p1b: Charizard|spa|1
|
|t:|1783451210
|switch|p2b: Incineroar|Incineroar, L50, F|63/100|[from] Parting Shot
|-ability|p2b: Incineroar|Intimidate|boost
|-unboost|p1b: Charizard|atk|1
|move|p2a: Staraptor|Close Combat|p1b: Charizard
|-damage|p1b: Charizard|0 fnt
|-boost|p2a: Staraptor|def|1
|-boost|p2a: Staraptor|spd|1
|faint|p1b: Charizard
|
|win|Snivii
|raw|Saicam16's rating: 1031 → 1021(-10 for losing)
|raw|Snivii's rating: 1151 → 1168(+17 for winning)
