|j|☆repo2
|j|☆Mastermoi17
|html|repo2Mastermoi17    
|uhtml|bestof|Game 3 of a best-of-3
|t:|1785774156
|gametype|doubles
|player|p1|repo2|pokemonrangerf|1114
|player|p2|Mastermoi17|scientist|1022
|gen|9
|tier|[Gen 9 Champions] VGC 2026 Reg M-B (Bo3)
|rated|
|rule|Species Clause: Limit one of each Pokémon
|rule|Item Clause: Limit 1 of each item
|clearpoke
|poke|p1|Staraptor, L50, F|
|poke|p1|Farigiraf, L50, M|
|poke|p1|Incineroar, L50, M|
|poke|p1|Floette-Eternal, L50, F|
|poke|p1|Excadrill, L50, F|
|poke|p1|Milotic, L50, M|
|poke|p2|Gardevoir, L50, F, shiny|
|poke|p2|Tsareena, L50, F|
|poke|p2|Delphox, L50, M|
|poke|p2|Sneasler, L50, M, shiny|
|poke|p2|Grimmsnarl, L50, M, shiny|
|poke|p2|Aerodactyl, L50, M|
|teampreview|4
|showteam|p1|Staraptor||ChoiceScarf|Intimidate|FinalGambit,CloseCombat,Uturn,BraveBird|Jolly||F|||50|]Farigiraf||SitrusBerry|ArmorTail|TrickRoom,Psychic,Thunderbolt,HelpingHand|Bold||M|||50|]Incineroar||FocusSash|Intimidate|FakeOut,PartingShot,FlareBlitz,ThroatChop|Adamant||M|||50|]Floette-Eternal||Floettite|FlowerVeil|DazzlingGleam,Protect,CalmMind,DrainingKiss|Modest||F|||50|]Excadrill||LifeOrb|MoldBreaker|IronHead,HighHorsepower,Protect,RockSlide|Jolly||F|||50|]Milotic||Leftovers|Competitive|MuddyWater,Hypnosis,Coil,Recover|Calm||M|||50|
|showteam|p2|Gardevoir||Gardevoirite|Trace|HyperVoice,Protect,Psychic,CalmMind|Timid||F|||50|]Tsareena||WideLens|QueenlyMajesty|TropKick,TripleAxel,Protect,HighJumpKick|Adamant||F|||50|]Delphox||Delphoxite|Magician|Psychic,Protect,HeatWave,NastyPlot|Modest||M|||50|]Sneasler||WhiteHerb|Unburden|DireClaw,FakeOut,Protect,CloseCombat|Adamant||M|||50|]Grimmsnarl||LightClay|Prankster|LightScreen,Reflect,SpiritBreak,PartingShot|Careful||M|||50|]Aerodactyl||FocusSash|Unnerve|RockSlide,DualWingbeat,WideGuard,Tailwind|Jolly||M|||50|
|inactive|Battle timer is ON: inactive players will automatically lose when time's up. (requested by repo2)
|
|t:|1785774181
|teamsize|p1|4
|teamsize|p2|4
|start
|switch|p1a: Farigiraf|Farigiraf, L50, M|100/100
|switch|p1b: Incineroar|Incineroar, L50, M|100/100
|switch|p2a: Aerodactyl|Aerodactyl, L50, M|100/100
|switch|p2b: Sneasler|Sneasler, L50, M, shiny|100/100
|-ability|p2a: Aerodactyl|Unnerve
|-ability|p1b: Incineroar|Intimidate|boost
|-unboost|p2a: Aerodactyl|atk|1
|-unboost|p2b: Sneasler|atk|1
|-enditem|p2b: Sneasler|White Herb
|-clearnegativeboost|p2b: Sneasler|[silent]
|turn|1
|inactive|Mastermoi17 has 30 seconds left.
|
|t:|1785774212
|switch|p2a: Tsareena|Tsareena, L50, F|100/100
|move|p1b: Incineroar|Fake Out||[still]
|cant|p2a: Tsareena|ability: Queenly Majesty|Fake Out|[of] p1b: Incineroar
|move|p2b: Sneasler|Close Combat|p1b: Incineroar
|-supereffective|p1b: Incineroar|1
|-crit|p1b: Incineroar
|-enditem|p1b: Incineroar|Focus Sash
|-damage|p1b: Incineroar|1/100
|-unboost|p2b: Sneasler|def|1
|-unboost|p2b: Sneasler|spd|1
|move|p1a: Farigiraf|Trick Room|p1a: Farigiraf
|-fieldstart|move: Trick Room|[of] p1a: Farigiraf
|
|upkeep
|turn|2
|inactive|Mastermoi17 has 30 seconds left.
|
|t:|1785774245
|switch|p2b: Aerodactyl|Aerodactyl, L50, M|100/100
|-ability|p2b: Aerodactyl|Unnerve
|move|p1a: Farigiraf|Psychic|p2b: Aerodactyl
|-damage|p2b: Aerodactyl|55/100
|move|p2a: Tsareena|High Jump Kick|p1b: Incineroar
|-supereffective|p1b: Incineroar|1
|-damage|p1b: Incineroar|0 fnt
|faint|p1b: Incineroar
|
|upkeep
|
|t:|1785774250
|switch|p1b: Staraptor|Staraptor, L50, F|100/100
|-ability|p1b: Staraptor|Intimidate|boost
|-unboost|p2a: Tsareena|atk|1
|-unboost|p2b: Aerodactyl|atk|1
|turn|3
|
|t:|1785774264
|switch|p1b: Floette|Floette-Eternal, L50, F|100/100
|move|p1a: Farigiraf|Thunderbolt|p2b: Aerodactyl
|-supereffective|p2b: Aerodactyl|1
|-damage|p2b: Aerodactyl|0 fnt
|faint|p2b: Aerodactyl
|move|p2a: Tsareena|Triple Axel|p1b: Floette
|-damage|p1b: Floette|93/100
|-damage|p1b: Floette|82/100
|-damage|p1b: Floette|65/100
|-hitcount|p1b: Floette|3
|
|upkeep
|
|t:|1785774275
|switch|p2b: Gardevoir|Gardevoir, L50, F, shiny|100/100
|-ability|p2b: Gardevoir|Flower Veil|Trace|[from] ability: Trace|[of] p1b: Floette
|turn|4
|inactive|Mastermoi17 has 30 seconds left.
|
|t:|1785774304
|switch|p2a: Sneasler|Sneasler, L50, M, shiny|100/100
|detailschange|p1b: Floette|Floette-Mega, L50, F
|-mega|p1b: Floette|Floette|Floettite
|-ability|p1b: Floette|Fairy Aura
|move|p1a: Farigiraf|Helping Hand|p1b: Floette
|-singleturn|p1b: Floette|Helping Hand|[of] p1a: Farigiraf
|move|p1b: Floette|Draining Kiss|p2b: Gardevoir
|-damage|p2b: Gardevoir|42/100
|-heal|p1b: Floette|100/100|[from] drain|[of] p2b: Gardevoir
|move|p2b: Gardevoir|Calm Mind|p2b: Gardevoir
|-boost|p2b: Gardevoir|spa|1
|-boost|p2b: Gardevoir|spd|1
|
|upkeep
|turn|5
|
|t:|1785774326
|switch|p1b: Staraptor|Staraptor, L50, F|100/100
|-ability|p1b: Staraptor|Intimidate|boost
|-unboost|p2a: Sneasler|atk|1
|-unboost|p2b: Gardevoir|atk|1
|detailschange|p2b: Gardevoir|Gardevoir-Mega, L50, F, shiny
|-mega|p2b: Gardevoir|Gardevoir|Gardevoirite
|move|p2b: Gardevoir|Protect|p2b: Gardevoir
|-singleturn|p2b: Gardevoir|Protect
|move|p2a: Sneasler|Protect|p2a: Sneasler
|-singleturn|p2a: Sneasler|Protect
|move|p1a: Farigiraf|Thunderbolt|p2b: Gardevoir
|-activate|p2b: Gardevoir|move: Protect
|
|-fieldend|move: Trick Room
|upkeep
|turn|6
|
|t:|1785774348
|switch|p2a: Tsareena|Tsareena, L50, F|100/100
|move|p1b: Staraptor|Brave Bird|p2b: Gardevoir
|-damage|p2b: Gardevoir|0 fnt
|faint|p2b: Gardevoir
|-damage|p1b: Staraptor|89/100|[from] Recoil
|move|p1a: Farigiraf|Psychic|p2a: Tsareena
|-damage|p2a: Tsareena|67/100
|
|upkeep
|
|t:|1785774357
|switch|p2b: Sneasler|Sneasler, L50, M, shiny|100/100
|turn|7
|
|t:|1785774365
|move|p2a: Tsareena|Protect|p2a: Tsareena
|-singleturn|p2a: Tsareena|Protect
|move|p1b: Staraptor|Brave Bird|p2a: Tsareena
|-activate|p2a: Tsareena|move: Protect
|move|p2b: Sneasler|Close Combat|p1b: Staraptor
|-damage|p1b: Staraptor|10/100
|-unboost|p2b: Sneasler|def|1
|-unboost|p2b: Sneasler|spd|1
|move|p1a: Farigiraf|Psychic|p2b: Sneasler
|-supereffective|p2b: Sneasler|2
|-damage|p2b: Sneasler|0 fnt
|faint|p2b: Sneasler
|
|upkeep
|turn|8
|-message|Mastermoi17 forfeited.
|
|win|repo2
|raw|repo2's rating: 1114 → 1133(+19 for winning)
|raw|Mastermoi17's rating: 1022 → 1012(-10 for losing)
|l|☆Mastermoi17
|player|p2|
