|j|☆SomeKidJon
|j|☆exessvgc
|html|SomeKidJonexessvgc    
|uhtml|bestof|Game 2 of a best-of-3
|t:|1782247516
|gametype|doubles
|player|p1|SomeKidJon|scientistf|1281
|player|p2|exessvgc|265|1130
|gen|9
|tier|[Gen 9 Champions] VGC 2026 Reg M-B (Bo3)
|rated|
|rule|Species Clause: Limit one of each Pokémon
|rule|Item Clause: Limit 1 of each item
|clearpoke
|poke|p1|Camerupt, L50, M|
|poke|p1|Farigiraf, L50, F, shiny|
|poke|p1|Incineroar, L50, F|
|poke|p1|Primarina, L50, F|
|poke|p1|Staraptor, L50, F|
|poke|p1|Ninetales-Alola, L50, M|
|poke|p2|Sceptile, L50, M|
|poke|p2|Rotom-Heat, L50|
|poke|p2|Basculegion, L50, M|
|poke|p2|Aerodactyl, L50, M|
|poke|p2|Garchomp, L50, M|
|poke|p2|Floette-Eternal, L50, F|
|teampreview|4
|showteam|p1|Camerupt||Cameruptite|SolidRock|Protect,HeatWave,AncientPower,EarthPower|Quiet||M|||50|]Farigiraf||SitrusBerry|ArmorTail|HelpingHand,TrickRoom,DazzlingGleam,Protect|Calm||F|||50|]Incineroar||PasshoBerry|Intimidate|PartingShot,FakeOut,FlareBlitz,ThroatChop|Careful||F|||50|]Primarina||Leftovers|LiquidVoice|HyperVoice,Protect,Moonblast,CalmMind|Modest||F|||50|]Staraptor||Staraptite|Intimidate|Tailwind,CloseCombat,BraveBird,Protect|Jolly||F|||50|]Ninetales-Alola||LightClay|SnowWarning|AuroraVeil,Blizzard,FreezeDry,Protect|Timid||M|||50|
|showteam|p2|Sceptile||Sceptilite|Overgrow|GrassKnot,DragonPulse,EarthPower,Detect|Modest||M|||50|]Rotom-Heat||ChoiceScarf|Levitate|Thunderbolt,Overheat,VoltSwitch,Discharge|Timid|||||50|]Basculegion||SitrusBerry|Adaptability|WaveCrash,LastRespects,AquaJet,Protect|Adamant||M|||50|]Aerodactyl||FocusSash|Unnerve|RockSlide,DualWingbeat,Tailwind,WideGuard|Jolly||M|||50|]Garchomp||LifeOrb|RoughSkin|DragonClaw,Earthquake,RockSlide,Protect|Jolly||M|||50|]Floette-Eternal||Floettite|FlowerVeil|Moonblast,DazzlingGleam,LightofRuin,Protect|Timid||F|||50|
|inactive|Battle timer is ON: inactive players will automatically lose when time's up. (requested by exessvgc)
|
|t:|1782247527
|teamsize|p1|4
|teamsize|p2|4
|start
|switch|p1a: Incineroar|Incineroar, L50, F|100/100
|switch|p1b: Staraptor|Staraptor, L50, F|100/100
|switch|p2a: Sceptile|Sceptile, L50, M|100/100
|switch|p2b: Rotom|Rotom-Heat, L50|100/100
|-ability|p1b: Staraptor|Intimidate|boost
|-unboost|p2a: Sceptile|atk|1
|-unboost|p2b: Rotom|atk|1
|-ability|p1a: Incineroar|Intimidate|boost
|-unboost|p2a: Sceptile|atk|1
|-unboost|p2b: Rotom|atk|1
|turn|1
|inactive|exessvgc has 30 seconds left.
|
|t:|1782247556
|detailschange|p2a: Sceptile|Sceptile-Mega, L50, M
|-mega|p2a: Sceptile|Sceptile|Sceptilite
|detailschange|p1b: Staraptor|Staraptor-Mega, L50, F
|-mega|p1b: Staraptor|Staraptor|Staraptite
|move|p1a: Incineroar|Fake Out|p2b: Rotom
|-damage|p2b: Rotom|84/100
|cant|p2b: Rotom|flinch
|move|p2a: Sceptile|Dragon Pulse|p1b: Staraptor
|-damage|p1b: Staraptor|38/100
|move|p1b: Staraptor|Tailwind|p1b: Staraptor
|-sidestart|p1: SomeKidJon|move: Tailwind
|
|upkeep
|turn|2
|inactive|exessvgc has 30 seconds left.
|
|t:|1782247583
|move|p1b: Staraptor|Close Combat|p2b: Rotom
|-damage|p2b: Rotom|0 fnt
|-boost|p1b: Staraptor|def|1
|-boost|p1b: Staraptor|spd|1
|faint|p2b: Rotom
|move|p2a: Sceptile|Earth Power|p1a: Incineroar
|-supereffective|p1a: Incineroar|1
|-damage|p1a: Incineroar|41/100
|move|p1a: Incineroar|Flare Blitz|p2a: Sceptile
|-damage|p2a: Sceptile|29/100
|-damage|p1a: Incineroar|24/100|[from] Recoil
|
|upkeep
|
|t:|1782247596
|switch|p2b: Garchomp|Garchomp, L50, M|100/100
|turn|3
|
|t:|1782247620
|switch|p2a: Basculegion|Basculegion, L50, M|100/100
|switch|p1a: Ninetales|Ninetales-Alola, L50, M|100/100
|-weather|Snowscape|[from] ability: Snow Warning|[of] p1a: Ninetales
|move|p1b: Staraptor|Close Combat|p2b: Garchomp
|-damage|p2b: Garchomp|30/100
|-boost|p1b: Staraptor|def|1
|-boost|p1b: Staraptor|spd|1
|-damage|p1b: Staraptor|26/100|[from] ability: Rough Skin|[of] p2b: Garchomp
|move|p2b: Garchomp|Rock Slide|p1a: Ninetales|[spread] p1a,p1b
|-supereffective|p1a: Ninetales|1
|-damage|p1a: Ninetales|49/100
|-damage|p1b: Staraptor|11/100
|-damage|p2b: Garchomp|20/100y|[from] item: Life Orb
|
|-weather|Snowscape|[upkeep]
|upkeep
|turn|4
|inactive|exessvgc has 30 seconds left.
|
|t:|1782247647
|move|p1b: Staraptor|Protect|p1b: Staraptor
|-singleturn|p1b: Staraptor|Protect
|move|p2b: Garchomp|Protect|p2b: Garchomp
|-singleturn|p2b: Garchomp|Protect
|move|p2a: Basculegion|Aqua Jet|p1b: Staraptor
|-activate|p1b: Staraptor|move: Protect
|move|p1a: Ninetales|Aurora Veil|p1a: Ninetales
|-sidestart|p1: SomeKidJon|move: Aurora Veil
|
|-weather|Snowscape|[upkeep]
|-sideend|p1: SomeKidJon|move: Tailwind
|upkeep
|turn|5
|
|t:|1782247663
|move|p2a: Basculegion|Aqua Jet|p1b: Staraptor
|-damage|p1b: Staraptor|1/100
|move|p1b: Staraptor|Tailwind|p1b: Staraptor
|-sidestart|p1: SomeKidJon|move: Tailwind
|move|p1a: Ninetales|Blizzard|p2a: Basculegion|[spread] p2a,p2b
|-resisted|p2a: Basculegion|1
|-supereffective|p2b: Garchomp|2
|-damage|p2a: Basculegion|81/100
|-damage|p2b: Garchomp|0 fnt
|faint|p2b: Garchomp
|
|-weather|Snowscape|[upkeep]
|upkeep
|
|t:|1782247670
|switch|p2b: Sceptile|Sceptile-Mega, L50, M|29/100
|turn|6
|
|t:|1782247690
|move|p2a: Basculegion|Protect|p2a: Basculegion
|-singleturn|p2a: Basculegion|Protect
|move|p1b: Staraptor|Brave Bird|p2a: Basculegion
|-activate|p2a: Basculegion|move: Protect
|move|p1a: Ninetales|Blizzard|p2a: Basculegion|[spread] p2b
|-activate|p2a: Basculegion|move: Protect
|-supereffective|p2b: Sceptile|2
|-damage|p2b: Sceptile|0 fnt
|faint|p2b: Sceptile
|
|-weather|Snowscape|[upkeep]
|upkeep
|turn|7
|-message|exessvgc forfeited.
|
|win|SomeKidJon
|l|☆exessvgc
|player|p2|
||exessvgc is ready for game 3.
||SomeKidJon is ready for game 3.
|uhtml|next|Next: Game 3 of 3
|l|☆SomeKidJon
|player|p1|
|j|☆exessvgc
|player|p2|exessvgc|265|
