|j|☆Gozante
|j|☆Bread248
|html|GozanteBread248    
|uhtml|bestof|Game 2 of a best-of-3
|t:|1756149835
|gametype|doubles
|player|p1|Gozante|101|1372
|player|p2|Bread248|170|1348
|gen|9
|tier|[Gen 9] VGC 2025 Reg H (Bo3)
|rated|
|rule|Species Clause: Limit one of each Pokémon
|rule|Item Clause: Limit 1 of each item
|clearpoke
|poke|p1|Pelipper, L50, M|
|poke|p1|Archaludon, L50, F|
|poke|p1|Sinistcha, L50|
|poke|p1|Ursaluna, L50, F|
|poke|p1|Dragonite, L50, M|
|poke|p1|Incineroar, L50, M|
|poke|p2|Kingambit, L50, F|
|poke|p2|Rillaboom, L50, F|
|poke|p2|Electabuzz, L50, M|
|poke|p2|Volcarona, L50, M|
|poke|p2|Sneasler, L50, M|
|poke|p2|Dragonite, L50, F|
|teampreview|4
|showteam|p1|Pelipper||FocusSash|Drizzle|MuddyWater,Hurricane,Protect,Tailwind|||M|||50|,,,,,Ghost]Archaludon||AssaultVest|Stamina|FlashCannon,BodyPress,ElectroShot,Snarl|||F|||50|,,,,,Bug]Sinistcha||SitrusBerry|Hospitality|MatchaGotcha,LifeDew,RagePowder,TrickRoom||||||50|,,,,,Dark]Ursaluna||FlameOrb|Guts|Protect,Facade,HeadlongRush,Earthquake|||F|||50|,,,,,Ghost]Dragonite||LoadedDice|Multiscale|Protect,ScaleShot,Haze,Tailwind|||M|||50|,,,,,Fairy]Incineroar||SafetyGoggles|Intimidate|FakeOut,PartingShot,KnockOff,FlareBlitz|||M|||50|,,,,,Ghost
|showteam|p2|Kingambit||BlackGlasses|Defiant|Protect,KowtowCleave,SuckerPunch,SwordsDance|||F|||50|,,,,,Dark]Rillaboom||AssaultVest|GrassySurge|WoodHammer,GrassyGlide,HighHorsepower,FakeOut|||F|||50|,,,,,Fire]Electabuzz||Eviolite|VitalSpirit|Protect,Thunderbolt,HelpingHand,FollowMe|||M|||50|,,,,,Ghost]Volcarona||CovertCloak|FlameBody|Protect,HeatWave,TeraBlast,QuiverDance|||M|||50|,,,,,Fairy]Sneasler||FocusSash|Unburden|CloseCombat,DireClaw,Coaching,FakeOut|||M|||50|,,,,,Stellar]Dragonite||LoadedDice|Multiscale|ScaleShot,Haze,ExtremeSpeed,Protect|||F|||50|,,,,,Fairy
|inactive|Battle timer is ON: inactive players will automatically lose when time's up. (requested by Bread248)
|inactive|Gozante has 60 seconds left.
|inactive|Bread248 has 60 seconds left.
|inactive|Gozante has 30 seconds left.
|
|t:|1756149901
|teamsize|p1|4
|teamsize|p2|4
|start
|switch|p1a: Dragonite|Dragonite, L50, M|100/100
|switch|p1b: Archaludon|Archaludon, L50, F|100/100
|switch|p2a: Kingambit|Kingambit, L50, F, shiny|100/100
|switch|p2b: Sneasler|Sneasler, L50, M|100/100
|turn|1
|
|t:|1756149915
|switch|p1a: Pelipper|Pelipper, L50, M|100/100
|-weather|RainDance|[from] ability: Drizzle|[of] p1a: Pelipper
|-terastallize|p2a: Kingambit|Dark
|move|p2b: Sneasler|Fake Out|p1a: Pelipper
|-damage|p1a: Pelipper|84/100
|move|p1b: Archaludon|Electro Shot||[still]
|-prepare|p1b: Archaludon|Electro Shot
|-boost|p1b: Archaludon|spa|1
|-anim|p1b: Archaludon|Electro Shot|p2a: Kingambit
|-damage|p2a: Kingambit|42/100
|move|p2a: Kingambit|Swords Dance|p2a: Kingambit
|-boost|p2a: Kingambit|atk|2
|
|-weather|RainDance|[upkeep]
|upkeep
|turn|2
|
|t:|1756149935
|-terastallize|p1b: Archaludon|Bug
|move|p2a: Kingambit|Sucker Punch|p1b: Archaludon
|-damage|p1b: Archaludon|12/100
|-ability|p1b: Archaludon|Stamina|boost
|-boost|p1b: Archaludon|def|1
|move|p2b: Sneasler|Close Combat|p1b: Archaludon
|-resisted|p1b: Archaludon
|-damage|p1b: Archaludon|0 fnt
|-unboost|p2b: Sneasler|def|1
|-unboost|p2b: Sneasler|spd|1
|faint|p1b: Archaludon
|move|p1a: Pelipper|Muddy Water|p2a: Kingambit|[spread] p2a,p2b
|-damage|p2a: Kingambit|1/100
|-damage|p2b: Sneasler|6/100
|
|-weather|RainDance|[upkeep]
|upkeep
|
|t:|1756149947
|switch|p1b: Sinistcha|Sinistcha, L50|100/100
|-heal|p1a: Pelipper|100/100|[from] ability: Hospitality|[of] p1b: Sinistcha
|turn|3
|inactive|Bread248 has 30 seconds left.
|
|t:|1756149973
|move|p2a: Kingambit|Protect|p2a: Kingambit
|-singleturn|p2a: Kingambit|Protect
|move|p1b: Sinistcha|Rage Powder|p1b: Sinistcha
|-singleturn|p1b: Sinistcha|move: Rage Powder
|move|p2b: Sneasler|Dire Claw|p1b: Sinistcha
|-damage|p1b: Sinistcha|67/100
|move|p1a: Pelipper|Muddy Water|p2b: Sneasler|[spread] p2b
|-activate|p2a: Kingambit|move: Protect
|-damage|p2b: Sneasler|0 fnt
|faint|p2b: Sneasler
|
|-weather|RainDance|[upkeep]
|upkeep
|
|t:|1756149982
|switch|p2b: Rillaboom|Rillaboom, L50, F, shiny|100/100
|-fieldstart|move: Grassy Terrain|[from] ability: Grassy Surge|[of] p2b: Rillaboom
|turn|4
|
|t:|1756150004
|move|p2b: Rillaboom|Fake Out|p1a: Pelipper
|-damage|p1a: Pelipper|83/100
|move|p2a: Kingambit|Sucker Punch|p1b: Sinistcha
|-supereffective|p1b: Sinistcha
|-damage|p1b: Sinistcha|0 fnt
|faint|p1b: Sinistcha
|cant|p1a: Pelipper|flinch
|
|-weather|RainDance|[upkeep]
|-heal|p2a: Kingambit|7/100|[from] Grassy Terrain
|upkeep
|
|t:|1756150008
|switch|p1b: Dragonite|Dragonite, L50, M|100/100
|turn|5
|
|t:|1756150019
|move|p1a: Pelipper|Protect|p1a: Pelipper
|-singleturn|p1a: Pelipper|Protect
|move|p2a: Kingambit|Sucker Punch|p1b: Dragonite
|-damage|p1b: Dragonite|31/100
|move|p1b: Dragonite|Scale Shot|p2a: Kingambit
|-damage|p2a: Kingambit|0 fnt
|faint|p2a: Kingambit
|-hitcount|p2: Kingambit|1
|-unboost|p1b: Dragonite|def|1
|-boost|p1b: Dragonite|spe|1
|move|p2b: Rillaboom|Wood Hammer|p1a: Pelipper
|-activate|p1a: Pelipper|move: Protect
|
|-weather|none
|upkeep
|
|t:|1756150022
|switch|p2a: Volcarona|Volcarona, L50, M, shiny|100/100
|turn|6
|
|t:|1756150036
|move|p1b: Dragonite|Scale Shot|p2b: Rillaboom
|-damage|p2b: Rillaboom|86/100
|-damage|p2b: Rillaboom|72/100
|-damage|p2b: Rillaboom|57/100
|-crit|p2b: Rillaboom
|-damage|p2b: Rillaboom|35/100
|-crit|p2b: Rillaboom
|-damage|p2b: Rillaboom|15/100
|-hitcount|p2b: Rillaboom|5
|-unboost|p1b: Dragonite|def|1
|-boost|p1b: Dragonite|spe|1
|move|p2a: Volcarona|Heat Wave|p1b: Dragonite|[spread] p1a,p1b
|-resisted|p1a: Pelipper
|-resisted|p1b: Dragonite
|-damage|p1a: Pelipper|54/100
|-damage|p1b: Dragonite|13/100
|move|p1a: Pelipper|Hurricane|p2b: Rillaboom
|-supereffective|p2b: Rillaboom
|-damage|p2b: Rillaboom|0 fnt
|faint|p2b: Rillaboom
|
|upkeep
|turn|7
|inactive|Gozante has 30 seconds left.
|
|t:|1756150062
|move|p1b: Dragonite|Scale Shot|p2a: Volcarona
|-damage|p2a: Volcarona|83/100
|-damage|p2a: Volcarona|66/100
|-damage|p2a: Volcarona|47/100
|-damage|p2a: Volcarona|30/100
|-damage|p2a: Volcarona|11/100
|-hitcount|p2a: Volcarona|5
|-unboost|p1b: Dragonite|def|1
|-boost|p1b: Dragonite|spe|1
|move|p2a: Volcarona|Heat Wave|p1a: Pelipper|[spread] p1a,p1b
|-resisted|p1a: Pelipper
|-resisted|p1b: Dragonite
|-damage|p1a: Pelipper|21/100
|-damage|p1b: Dragonite|0 fnt
|faint|p1b: Dragonite
|move|p1a: Pelipper|Hurricane|p2a: Volcarona|[miss]
|-miss|p1a: Pelipper|p2a: Volcarona
|
|-heal|p2a: Volcarona|17/100|[from] Grassy Terrain
|upkeep
|turn|8
|c|☆Gozante|xd
|c|☆Bread248|Sorry
|
|t:|1756150082
|move|p2a: Volcarona|Tera Blast|p1a: Pelipper
|-damage|p1a: Pelipper|0 fnt
|faint|p1a: Pelipper
|
|win|Bread248
|raw|Gozante's rating: 1372 → 1351(-21 for losing)
|raw|Bread248's rating: 1348 → 1369(+21 for winning)
|l|☆Gozante
|player|p1|
