|j|☆Cyclondo3
|j|☆Jessditta
|html|Cyclondo3Jessditta    
|uhtml|bestof|Game 1 of a best-of-3
|t:|1757761309
|gametype|doubles
|player|p1|Cyclondo3|hilbert|1088
|player|p2|Jessditta|hilda|1215
|gen|9
|tier|[Gen 9] VGC 2025 Reg H (Bo3)
|rated|
|rule|Species Clause: Limit one of each Pokémon
|rule|Item Clause: Limit 1 of each item
|clearpoke
|poke|p1|Carbink, L50|
|poke|p1|Tyranitar, L50, M|
|poke|p1|Indeedee-F, L50, F|
|poke|p1|Farigiraf, L50, F|
|poke|p1|Sableye, L50, F|
|poke|p1|Maushold-Four, L50|
|poke|p2|Volcarona, L50, F|
|poke|p2|Gyarados, L50, M|
|poke|p2|Tyranitar, L50, M|
|poke|p2|Annihilape, L50, F|
|poke|p2|Maushold, L50|
|poke|p2|Whimsicott, L50, M|
|teampreview|4
|showteam|p1|Carbink||MentalHerb|Sturdy|TrickRoom,Sandstorm,Endeavor,BodyPress||||||50|,,,,,Grass]Tyranitar||CovertCloak|SandStream|Protect,Taunt,RockSlide,Crunch|||M|||50|,,,,,Grass]Indeedee-F||PsychicSeed|PsychicSurge|FollowMe,TrickRoom,HelpingHand,Psychic|||F|||50|,,,,,Dark]Farigiraf||ThroatSpray|ArmorTail|Protect,TrickRoom,HyperVoice,ExpandingForce|||F|||50|,,,,,Dark]Sableye||SafetyGoggles|Prankster|Protect,Gravity,Encore,Disable|||F|||50|,,,,,Dark]Maushold-Four||FocusSash|Technician|Protect,FollowMe,TidyUp,PopulationBomb||||||50|,,,,,Grass
|showteam|p2|Volcarona||SitrusBerry|FlameBody|HeatWave,GigaDrain,QuiverDance,Protect|||F|||50|,,,,,Grass]Gyarados||SafetyGoggles|Intimidate|Waterfall,ThunderWave,Taunt,Protect|||M|||50|,,,,,Steel]Tyranitar||ChoiceBand|SandStream|RockSlide,KnockOff,LowKick,TeraBlast|||M|||50|,,,,,Flying]Annihilape||Leftovers|Defiant|CloseCombat,RageFist,BulkUp,Protect|||F|||50|,,,,,Fairy]Maushold||WideLens|FriendGuard|BeatUp,FollowMe,PopulationBomb,Protect||||||50|,,,,,Ghost]Whimsicott||CovertCloak|Prankster|Moonblast,Tailwind,Encore,Endeavor|||M|||50|,,,,,Ghost
|inactive|Battle timer is ON: inactive players will automatically lose when time's up. (requested by Cyclondo3)
|c|☆Cyclondo3|Glhf
|inactive|Jessditta has 60 seconds left.
|
|t:|1757761349
|teamsize|p1|4
|teamsize|p2|4
|start
|switch|p1a: Carbink|Carbink, L50|100/100
|switch|p1b: Farigiraf|Farigiraf, L50, F|100/100
|switch|p2a: Annihilape|Annihilape, L50, F, shiny|100/100
|switch|p2b: Maushold|Maushold, L50|100/100
|turn|1
|
|t:|1757761359
|move|p1b: Farigiraf|Protect|p1b: Farigiraf
|-singleturn|p1b: Farigiraf|Protect
|move|p2b: Maushold|Population Bomb|p1b: Farigiraf
|-activate|p1b: Farigiraf|move: Protect
|move|p2a: Annihilape|Bulk Up|p2a: Annihilape
|-boost|p2a: Annihilape|atk|1
|-boost|p2a: Annihilape|def|1
|move|p1a: Carbink|Trick Room|p1a: Carbink
|-fieldstart|move: Trick Room|[of] p1a: Carbink
|
|upkeep
|turn|2
|
|t:|1757761381
|switch|p1a: Indeedee|Indeedee-F, L50, F|100/100
|-fieldstart|move: Psychic Terrain|[from] ability: Psychic Surge|[of] p1a: Indeedee
|-enditem|p1a: Indeedee|Psychic Seed
|-boost|p1a: Indeedee|spd|1|[from] item: Psychic Seed
|move|p1b: Farigiraf|Expanding Force|p2a: Annihilape|[spread] p2a,p2b
|-supereffective|p2a: Annihilape
|-damage|p2a: Annihilape|15/100
|-damage|p2b: Maushold|25/100
|move|p2a: Annihilape|Rage Fist|p1a: Indeedee
|-immune|p1a: Indeedee
|move|p2b: Maushold|Population Bomb|p1b: Farigiraf
|-damage|p1b: Farigiraf|95/100
|-damage|p1b: Farigiraf|88/100
|-damage|p1b: Farigiraf|82/100
|-damage|p1b: Farigiraf|77/100
|-damage|p1b: Farigiraf|70/100
|-hitcount|p1b: Farigiraf|5
|
|-heal|p2a: Annihilape|21/100|[from] item: Leftovers
|upkeep
|turn|3
|inactive|Cyclondo3 has 30 seconds left.
|
|t:|1757761407
|switch|p2b: Tyranitar|Tyranitar, L50, M|100/100
|-weather|Sandstorm|[from] ability: Sand Stream|[of] p2b: Tyranitar
|move|p1a: Indeedee|Helping Hand|p1b: Farigiraf
|-singleturn|p1b: Farigiraf|Helping Hand|[of] p1a: Indeedee
|move|p2a: Annihilape|Protect|p2a: Annihilape
|-singleturn|p2a: Annihilape|Protect
|move|p1b: Farigiraf|Expanding Force|p2a: Annihilape|[spread] 
|-activate|p2a: Annihilape|move: Protect
|-immune|p2b: Tyranitar
|
|-weather|Sandstorm|[upkeep]
|-damage|p1b: Farigiraf|64/100|[from] Sandstorm
|-damage|p1a: Indeedee|94/100|[from] Sandstorm
|-damage|p2a: Annihilape|15/100|[from] Sandstorm
|-heal|p2a: Annihilape|21/100|[from] item: Leftovers
|upkeep
|turn|4
|
|t:|1757761425
|switch|p2a: Maushold|Maushold, L50|25/100
|move|p1a: Indeedee|Follow Me|p1a: Indeedee
|-singleturn|p1a: Indeedee|move: Follow Me
|move|p1b: Farigiraf|Hyper Voice|p2a: Maushold|[spread] p2a,p2b
|-resisted|p2b: Tyranitar
|-damage|p2a: Maushold|0 fnt
|-damage|p2b: Tyranitar|92/100
|faint|p2a: Maushold
|-enditem|p1b: Farigiraf|Throat Spray
|-boost|p1b: Farigiraf|spa|1|[from] item: Throat Spray
|move|p2b: Tyranitar|Rock Slide|p1b: Farigiraf|[spread] p1a,p1b
|-damage|p1a: Indeedee|46/100
|-damage|p1b: Farigiraf|13/100
|
|-weather|Sandstorm|[upkeep]
|-damage|p1b: Farigiraf|7/100|[from] Sandstorm
|-damage|p1a: Indeedee|40/100|[from] Sandstorm
|upkeep
|
|t:|1757761441
|switch|p2a: Gyarados|Gyarados, L50, M|100/100
|-ability|p2a: Gyarados|Intimidate|boost
|-unboost|p1a: Indeedee|atk|1
|-unboost|p1b: Farigiraf|atk|1
|turn|5
|
|t:|1757761449
|move|p1a: Indeedee|Helping Hand|p1b: Farigiraf
|-singleturn|p1b: Farigiraf|Helping Hand|[of] p1a: Indeedee
|move|p2a: Gyarados|Protect|p2a: Gyarados
|-singleturn|p2a: Gyarados|Protect
|move|p1b: Farigiraf|Expanding Force|p2a: Gyarados|[spread] 
|-activate|p2a: Gyarados|move: Protect
|-immune|p2b: Tyranitar
|move|p2b: Tyranitar|Rock Slide|p1b: Farigiraf|[spread] p1a,p1b
|-damage|p1a: Indeedee|0 fnt
|-damage|p1b: Farigiraf|0 fnt
|faint|p1a: Indeedee
|faint|p1b: Farigiraf
|
|-weather|Sandstorm|[upkeep]
|-fieldend|move: Trick Room
|upkeep
|
|t:|1757761454
|switch|p1a: Carbink|Carbink, L50|100/100
|switch|p1b: Tyranitar|Tyranitar, L50, M|100/100
|turn|6
|
|t:|1757761476
|-terastallize|p1b: Tyranitar|Grass
|move|p2a: Gyarados|Thunder Wave|p1b: Tyranitar
|-status|p1b: Tyranitar|par
|move|p2b: Tyranitar|Rock Slide|p1b: Tyranitar|[spread] p1a,p1b
|-damage|p1a: Carbink|57/100
|-damage|p1b: Tyranitar|65/100 par
|move|p1a: Carbink|Body Press|p2b: Tyranitar
|-supereffective|p2b: Tyranitar
|-damage|p2b: Tyranitar|0 fnt
|faint|p2b: Tyranitar
|move|p1b: Tyranitar|Rock Slide|p2a: Gyarados
|-supereffective|p2a: Gyarados
|-damage|p2a: Gyarados|13/100
|
|-weather|Sandstorm|[upkeep]
|-damage|p1b: Tyranitar|59/100 par|[from] Sandstorm
|-fieldend|move: Psychic Terrain
|upkeep
|
|t:|1757761491
|switch|p2b: Annihilape|Annihilape, L50, F, shiny|21/100
|turn|7
|
|t:|1757761504
|cant|p1b: Tyranitar|par
|move|p2a: Gyarados|Waterfall|p1a: Carbink
|-supereffective|p1a: Carbink
|-damage|p1a: Carbink|0 fnt
|faint|p1a: Carbink
|move|p2b: Annihilape|Close Combat|p1b: Tyranitar
|-damage|p1b: Tyranitar|10/100 par
|-unboost|p2b: Annihilape|def|1
|-unboost|p2b: Annihilape|spd|1
|
|-weather|none
|-heal|p2b: Annihilape|27/100|[from] item: Leftovers
|upkeep
|turn|8
|-message|Cyclondo3 forfeited.
|
|win|Jessditta
|l|☆Cyclondo3
|player|p1|
||Cyclondo3 is ready for game 2.
||Jessditta is ready for game 2.
|uhtml|next|Next: Game 2 of 3
|l|☆Jessditta
|player|p2|
