|j|☆Lorido
|j|☆chewy230
|html|Loridochewy230    
|uhtml|bestof|Game 2 of a best-of-3
|t:|1784723098
|gametype|doubles
|player|p1|Lorido|169|1185
|player|p2|chewy230|blaine|1116
|gen|9
|tier|[Gen 9 Champions] VGC 2026 Reg M-B (Bo3)
|rated|
|rule|Species Clause: Limit one of each Pokémon
|rule|Item Clause: Limit 1 of each item
|clearpoke
|poke|p1|Aerodactyl, L50, M|
|poke|p1|Kingambit, L50, M|
|poke|p1|Sylveon, L50, F|
|poke|p1|Charizard, L50, M|
|poke|p1|Garchomp, L50, F|
|poke|p1|Farigiraf, L50, F|
|poke|p2|Medicham, L50, F|
|poke|p2|Milotic, L50, M|
|poke|p2|Garchomp, L50, F, shiny|
|poke|p2|Whimsicott, L50, M|
|poke|p2|Incineroar, L50, F|
|poke|p2|Sneasler, L50, M|
|teampreview|4
|showteam|p1|Aerodactyl||Aerodactylite|Unnerve|RockSlide,DualWingbeat,IceFang,Tailwind|Jolly||M|||50|]Kingambit||BlackGlasses|Defiant|KowtowCleave,IronHead,SuckerPunch,LowKick|Jolly||M|||50|]Sylveon||FairyFeather|Pixilate|HyperVoice,QuickAttack,HyperBeam,Detect|Modest||F|||50|]Charizard||CharizarditeY|Blaze|HeatWave,WeatherBall,SolarBeam,Protect|Modest||M|||50|]Garchomp||LifeOrb|RoughSkin|DragonClaw,Earthquake,RockSlide,Protect|Jolly||F|||50|]Farigiraf||SitrusBerry|ArmorTail|TwinBeam,Thunderbolt,TrickRoom,HelpingHand|Relaxed||F|||50|
|showteam|p2|Medicham||Medichamite|PurePower|FakeOut,BrickBreak,PsychoCut,BulletPunch|Adamant||F|||50|]Milotic||WacanBerry|Competitive|HydroPump,IcyWind,LifeDew,Protect|Modest||M|||50|]Garchomp||Garchompite|RoughSkin|DragonClaw,Earthquake,RockSlide,Protect|Adamant||F|||50|]Whimsicott||FocusSash|Infiltrator|EnergyBall,Protect,Tailwind,WorrySeed|Timid||M|||50|]Incineroar||Leftovers|Intimidate|FakeOut,FlareBlitz,ThroatChop,Protect|Relaxed||F|||50|]Sneasler||SitrusBerry|Unburden|Feint,DireClaw,Coaching,Protect|Jolly||M|||50|
|inactive|Battle timer is ON: inactive players will automatically lose when time's up. (requested by Lorido)
|
|t:|1784723127
|teamsize|p1|4
|teamsize|p2|4
|start
|switch|p1a: Farigiraf|Farigiraf, L50, F|100/100
|switch|p1b: Charizard|Charizard, L50, M|100/100
|switch|p2a: Medicham|Medicham, L50, F|100/100
|switch|p2b: Sneasler|Sneasler, L50, M|100/100
|turn|1
|inactive|chewy230 has 30 seconds left.
|
|t:|1784723154
|switch|p2a: Incineroar|Incineroar, L50, F|100/100
|-ability|p2a: Incineroar|Intimidate|boost
|-unboost|p1a: Farigiraf|atk|1
|-unboost|p1b: Charizard|atk|1
|detailschange|p1b: Charizard|Charizard-Mega-Y, L50, M
|-mega|p1b: Charizard|Charizard|Charizardite Y
|-weather|SunnyDay|[from] ability: Drought|[of] p1b: Charizard
|move|p1a: Farigiraf|Helping Hand|p1b: Charizard
|-singleturn|p1b: Charizard|Helping Hand|[of] p1a: Farigiraf
|move|p2b: Sneasler|Dire Claw|p1a: Farigiraf
|-damage|p1a: Farigiraf|73/100
|-status|p1a: Farigiraf|par
|move|p1b: Charizard|Heat Wave|p2b: Sneasler|[spread] p2b
|-miss|p1b: Charizard|p2a: Incineroar
|-damage|p2b: Sneasler|0 fnt
|faint|p2b: Sneasler
|
|-weather|SunnyDay|[upkeep]
|upkeep
|inactive|chewy230 has 30 seconds left.
|
|t:|1784723179
|switch|p2b: Milotic|Milotic, L50, M|100/100
|turn|2
|
|t:|1784723200
|move|p1b: Charizard|Solar Beam||[still]
|-prepare|p1b: Charizard|Solar Beam
|-anim|p1b: Charizard|Solar Beam|p2b: Milotic
|-supereffective|p2b: Milotic|1
|-damage|p2b: Milotic|36/100
|move|p2b: Milotic|Life Dew||[still]|[spread] p2a,p2b
|-fail|p2a: Incineroar|heal
|-heal|p2b: Milotic|61/100
|move|p2a: Incineroar|Throat Chop|p1a: Farigiraf
|-supereffective|p1a: Farigiraf|1
|-damage|p1a: Farigiraf|27/100 par
|-start|p1a: Farigiraf|Throat Chop|[silent]
|-enditem|p1a: Farigiraf|Sitrus Berry|[eat]
|-heal|p1a: Farigiraf|52/100 par|[from] item: Sitrus Berry
|move|p1a: Farigiraf|Trick Room|p1a: Farigiraf
|-fieldstart|move: Trick Room|[of] p1a: Farigiraf
|
|-weather|SunnyDay|[upkeep]
|upkeep
|turn|3
|inactive|chewy230 has 30 seconds left.
|
|t:|1784723230
|switch|p1a: Garchomp|Garchomp, L50, F|100/100
|move|p2a: Incineroar|Flare Blitz|p1a: Garchomp
|-resisted|p1a: Garchomp|1
|-damage|p1a: Garchomp|67/100
|-damage|p2a: Incineroar|87/100|[from] ability: Rough Skin|[of] p1a: Garchomp
|-damage|p2a: Incineroar|77/100|[from] Recoil
|move|p2b: Milotic|Life Dew|p2b: Milotic|[spread] p2a,p2b
|-heal|p2a: Incineroar|100/100
|-heal|p2b: Milotic|87/100
|move|p1b: Charizard|Solar Beam||[still]
|-prepare|p1b: Charizard|Solar Beam
|-anim|p1b: Charizard|Solar Beam|p2b: Milotic
|-supereffective|p2b: Milotic|1
|-damage|p2b: Milotic|18/100
|
|-weather|SunnyDay|[upkeep]
|upkeep
|turn|4
|inactive|Lorido has 30 seconds left.
|
|t:|1784723262
|move|p2a: Incineroar|Throat Chop|p1b: Charizard
|-damage|p1b: Charizard|71/100
|-start|p1b: Charizard|Throat Chop|[silent]
|move|p2b: Milotic|Icy Wind|p1b: Charizard|[spread] p1a,p1b
|-supereffective|p1a: Garchomp|2
|-damage|p1a: Garchomp|15/100
|-damage|p1b: Charizard|60/100
|-unboost|p1a: Garchomp|spe|1
|-unboost|p1b: Charizard|spe|1
|move|p1b: Charizard|Heat Wave|p2a: Incineroar|[spread] p2a,p2b
|-resisted|p2a: Incineroar|1
|-resisted|p2b: Milotic|1
|-damage|p2a: Incineroar|71/100
|-damage|p2b: Milotic|0 fnt
|faint|p2b: Milotic
|move|p1a: Garchomp|Earthquake|p2a: Incineroar|[spread] p2a
|-immune|p1b: Charizard
|-supereffective|p2a: Incineroar|1
|-damage|p2a: Incineroar|0 fnt
|faint|p2a: Incineroar
|-damage|p1a: Garchomp|5/100|[from] item: Life Orb
|
|-weather|SunnyDay|[upkeep]
|upkeep
|
|t:|1784723284
|switch|p2b: Medicham|Medicham, L50, F|100/100
|turn|5
|inactive|chewy230 has 30 seconds left.
|
|t:|1784723311
|detailschange|p2b: Medicham|Medicham-Mega, L50, F
|-mega|p2b: Medicham|Medicham|Medichamite
|move|p2b: Medicham|Fake Out|p1a: Garchomp
|-damage|p1a: Garchomp|0 fnt
|-damage|p2b: Medicham|87/100|[from] ability: Rough Skin|[of] p1a: Garchomp
|faint|p1a: Garchomp
|move|p1b: Charizard|Weather Ball|p2b: Medicham
|-damage|p2b: Medicham|0 fnt
|faint|p2b: Medicham
|
|win|Lorido
|raw|Lorido's rating: 1185 → 1205(+20 for winning)
|raw|chewy230's rating: 1116 → 1096(-20 for losing)
