|j|☆Mirthinion
|j|☆KatKraydel
|html|MirthinionKatKraydel    
|uhtml|bestof|Game 1 of a best-of-3
|t:|1757703906
|gametype|doubles
|player|p1|Mirthinion|veteran|1246
|player|p2|KatKraydel|caitlin-masters|1153
|gen|9
|tier|[Gen 9] VGC 2025 Reg H (Bo3)
|rated|
|rule|Species Clause: Limit one of each Pokémon
|rule|Item Clause: Limit 1 of each item
|clearpoke
|poke|p1|Incineroar, L50, M|
|poke|p1|Ursaluna, L50, M|
|poke|p1|Gholdengo, L50|
|poke|p1|Murkrow, L50, M|
|poke|p1|Annihilape, L50, M|
|poke|p1|Sinistcha, L50|
|poke|p2|Primarina, L50, F|
|poke|p2|Talonflame, L50, M|
|poke|p2|Garchomp, L50, M|
|poke|p2|Ninetales-Alola, L50, M|
|poke|p2|Sinistcha, L50|
|poke|p2|Conkeldurr, L50, F|
|teampreview|4
|showteam|p1|Incineroar||SafetyGoggles|Intimidate|FakeOut,PartingShot,KnockOff,FlareBlitz|||M|||50|,,,,,Bug]Ursaluna||FlameOrb|Guts|Protect,Facade,HeadlongRush,Earthquake|||M|||50|,,,,,Ghost]Gholdengo||LifeOrb|GoodasGold|Protect,NastyPlot,ShadowBall,MakeItRain||||||50|,,,,,Water]Murkrow||Eviolite|Prankster|Tailwind,RainDance,FoulPlay,Haze|||M|||50|,,,,,Ghost]Annihilape||Leftovers|Defiant|Protect,BulkUp,RageFist,DrainPunch|||M|||50|,,,,,Fire]Sinistcha||SitrusBerry|Hospitality|TrickRoom,MatchaGotcha,RagePowder,LifeDew||||||50|,,,,,Dark
|showteam|p2|Primarina||SitrusBerry|LiquidVoice|HyperVoice,Moonblast,Haze,Protect|||F|||50|,,,,,Poison]Talonflame||SharpBeak|GaleWings|DualWingbeat,FlareBlitz,Tailwind,Taunt|||M|||50|,,,,,Ghost]Garchomp||LifeOrb|RoughSkin|StompingTantrum,Earthquake,Protect,DragonClaw|||M|||50|,,,,,Ground]Ninetales-Alola||FocusSash|SnowWarning|Blizzard,FreezeDry,Moonblast,Protect|||M|||50|,,,,,Fire]Sinistcha||RockyHelmet|Hospitality|MatchaGotcha,RagePowder,LifeDew,Protect||||||50|,,,,,Water]Conkeldurr||FlameOrb|Guts|CloseCombat,KnockOff,WideGuard,MachPunch|||F|||50|,,,,,Dark
|inactive|Battle timer is ON: inactive players will automatically lose when time's up. (requested by Mirthinion)
|inactive|Mirthinion has 60 seconds left.
|inactive|Mirthinion has 30 seconds left.
|inactive|Mirthinion has 20 seconds left.
|inactive|Mirthinion has 15 seconds left.
|inactive|Mirthinion has 10 seconds left.
|
|t:|1757703987
|teamsize|p1|4
|teamsize|p2|4
|start
|switch|p1a: Annihilape|Annihilape, L50, M|100/100
|switch|p1b: Sinistcha|Sinistcha, L50|100/100
|switch|p2a: Ninetales|Ninetales-Alola, L50, M, shiny|100/100
|switch|p2b: Garchomp|Garchomp, L50, M, shiny|100/100
|-weather|Snowscape|[from] ability: Snow Warning|[of] p2a: Ninetales
|turn|1
|inactive|Mirthinion has 30 seconds left.
|inactive|Mirthinion has 20 seconds left.
|
|t:|1757704025
|-terastallize|p2b: Garchomp|Ground
|move|p1b: Sinistcha|Rage Powder|p1b: Sinistcha
|-singleturn|p1b: Sinistcha|move: Rage Powder
|move|p2b: Garchomp|Earthquake|p1a: Annihilape|[spread] p2a,p1a,p1b
|-crit|p1a: Annihilape
|-resisted|p1b: Sinistcha
|-damage|p2a: Ninetales|45/100
|-damage|p1a: Annihilape|5/100
|-damage|p1b: Sinistcha|70/100
|-damage|p2b: Garchomp|91/100|[from] item: Life Orb
|move|p1a: Annihilape|Bulk Up|p1a: Annihilape
|-boost|p1a: Annihilape|atk|1
|-boost|p1a: Annihilape|def|1
|move|p2a: Ninetales|Blizzard|p1a: Annihilape|[spread] p1a,p1b
|-supereffective|p1b: Sinistcha
|-damage|p1a: Annihilape|0 fnt
|-damage|p1b: Sinistcha|8/100
|-enditem|p1b: Sinistcha|Sitrus Berry|[eat]
|-heal|p1b: Sinistcha|33/100|[from] item: Sitrus Berry
|faint|p1a: Annihilape
|
|-weather|Snowscape|[upkeep]
|upkeep
|
|t:|1757704041
|switch|p1a: Incineroar|Incineroar, L50, M|100/100
|-ability|p1a: Incineroar|Intimidate|boost
|-unboost|p2a: Ninetales|atk|1
|-unboost|p2b: Garchomp|atk|1
|turn|2
|
|t:|1757704047
|move|p2b: Garchomp|Protect|p2b: Garchomp
|-singleturn|p2b: Garchomp|Protect
|move|p2a: Ninetales|Protect|p2a: Ninetales
|-singleturn|p2a: Ninetales|Protect
|move|p1a: Incineroar|Fake Out|p2b: Garchomp
|-activate|p2b: Garchomp|move: Protect
|move|p1b: Sinistcha|Trick Room|p1b: Sinistcha
|-fieldstart|move: Trick Room|[of] p1b: Sinistcha
|
|-weather|Snowscape|[upkeep]
|upkeep
|turn|3
|
|t:|1757704060
|switch|p2a: Mermadonna|Primarina, L50, F, shiny|100/100
|switch|p2b: Conkeldurr|Conkeldurr, L50, F, shiny|100/100
|move|p1a: Incineroar|Knock Off|p2a: Mermadonna
|-resisted|p2a: Mermadonna
|-crit|p2a: Mermadonna
|-damage|p2a: Mermadonna|68/100
|-enditem|p2a: Mermadonna|Sitrus Berry|[from] move: Knock Off|[of] p1a: Incineroar
|move|p1b: Sinistcha|Matcha Gotcha|p2a: Mermadonna|[spread] p2a,p2b
|-supereffective|p2a: Mermadonna
|-damage|p2a: Mermadonna|25/100
|-heal|p1b: Sinistcha|53/100|[from] drain|[of] p2a: Mermadonna
|-damage|p2b: Conkeldurr|75/100
|-heal|p1b: Sinistcha|68/100|[from] drain|[of] p2b: Conkeldurr
|
|-weather|Snowscape|[upkeep]
|-status|p2b: Conkeldurr|brn|[from] item: Flame Orb
|upkeep
|turn|4
|inactive|Mirthinion has 30 seconds left.
|
|t:|1757704091
|-terastallize|p1a: Incineroar|Bug
|move|p2b: Conkeldurr|Knock Off|p1b: Sinistcha
|-supereffective|p1b: Sinistcha
|-damage|p1b: Sinistcha|7/100
|move|p2a: Mermadonna|Hyper Voice|p1a: Incineroar|[spread] p1a,p1b
|-resisted|p1b: Sinistcha
|-damage|p1a: Incineroar|75/100
|-damage|p1b: Sinistcha|0 fnt
|faint|p1b: Sinistcha
|move|p1a: Incineroar|Parting Shot|p2b: Conkeldurr
|-unboost|p2b: Conkeldurr|atk|1
|-unboost|p2b: Conkeldurr|spa|1
|
|t:|1757704101
|switch|p1a: Ursaluna|Ursaluna, L50, M|100/100|[from] Parting Shot
|
|-weather|Snowscape|[upkeep]
|-damage|p2b: Conkeldurr|68/100 brn|[from] brn
|-status|p1a: Ursaluna|brn|[from] item: Flame Orb
|upkeep
|
|t:|1757704107
|switch|p1b: Incineroar|Incineroar, L50, M, tera:Bug|75/100
|-ability|p1b: Incineroar|Intimidate|boost
|-unboost|p2a: Mermadonna|atk|1
|-unboost|p2b: Conkeldurr|atk|1
|turn|5
|
|t:|1757704125
|move|p1b: Incineroar|Fake Out|p2a: Mermadonna
|-damage|p2a: Mermadonna|13/100
|move|p2b: Conkeldurr|Close Combat|p1a: Ursaluna
|-supereffective|p1a: Ursaluna
|-damage|p1a: Ursaluna|27/100 brn
|-unboost|p2b: Conkeldurr|def|1
|-unboost|p2b: Conkeldurr|spd|1
|move|p1a: Ursaluna|Facade|p2b: Conkeldurr
|-damage|p2b: Conkeldurr|0 fnt
|faint|p2b: Conkeldurr
|cant|p2a: Mermadonna|flinch
|
|-weather|none
|-damage|p1a: Ursaluna|21/100 brn|[from] brn
|upkeep
|
|t:|1757704131
|switch|p2b: Ninetales|Ninetales-Alola, L50, M, shiny|45/100
|-weather|Snowscape|[from] ability: Snow Warning|[of] p2b: Ninetales
|turn|6
|
|t:|1757704143
|move|p2a: Mermadonna|Protect|p2a: Mermadonna
|-singleturn|p2a: Mermadonna|Protect
|move|p2b: Ninetales|Protect|p2b: Ninetales
|-singleturn|p2b: Ninetales|Protect
|move|p1a: Ursaluna|Facade|p2a: Mermadonna
|-activate|p2a: Mermadonna|move: Protect
|move|p1b: Incineroar|Flare Blitz|p2b: Ninetales
|-activate|p2b: Ninetales|move: Protect
|
|-weather|Snowscape|[upkeep]
|-damage|p1a: Ursaluna|15/100 brn|[from] brn
|-fieldend|move: Trick Room
|upkeep
|turn|7
|
|t:|1757704157
|move|p1a: Ursaluna|Protect|p1a: Ursaluna
|-singleturn|p1a: Ursaluna|Protect
|move|p2b: Ninetales|Blizzard|p1a: Ursaluna|[spread] p1b
|-activate|p1a: Ursaluna|move: Protect
|-damage|p1b: Incineroar|47/100
|-status|p1b: Incineroar|frz
|-curestatus|p1b: Incineroar|frz|[from] move: Flare Blitz
|move|p1b: Incineroar|Flare Blitz|p2b: Ninetales
|-supereffective|p2b: Ninetales
|-damage|p2b: Ninetales|0 fnt
|faint|p2b: Ninetales
|-damage|p1b: Incineroar|36/100|[from] Recoil
|move|p2a: Mermadonna|Hyper Voice|p1a: Ursaluna|[spread] p1b
|-activate|p1a: Ursaluna|move: Protect
|-damage|p1b: Incineroar|7/100
|
|-weather|Snowscape|[upkeep]
|-damage|p1a: Ursaluna|9/100 brn|[from] brn
|upkeep
|
|t:|1757704165
|switch|p2b: Garchomp|Garchomp, L50, M, shiny, tera:Ground|91/100
|turn|8
|
|t:|1757704177
|move|p2b: Garchomp|Protect|p2b: Garchomp
|-singleturn|p2b: Garchomp|Protect
|move|p2a: Mermadonna|Protect|p2a: Mermadonna
|-singleturn|p2a: Mermadonna|Protect
|move|p1b: Incineroar|Knock Off|p2b: Garchomp
|-activate|p2b: Garchomp|move: Protect
|move|p1a: Ursaluna|Earthquake|p2a: Mermadonna|[spread] p1b
|-activate|p2a: Mermadonna|move: Protect
|-activate|p2b: Garchomp|move: Protect
|-resisted|p1b: Incineroar
|-damage|p1b: Incineroar|0 fnt
|faint|p1b: Incineroar
|
|-weather|Snowscape|[upkeep]
|-damage|p1a: Ursaluna|3/100 brn|[from] brn
|upkeep
|turn|9
|
|t:|1757704190
|move|p2b: Garchomp|Dragon Claw|p1a: Ursaluna
|-damage|p1a: Ursaluna|0 fnt
|faint|p1a: Ursaluna
|-damage|p2b: Garchomp|81/100|[from] item: Life Orb
|
|win|KatKraydel
||Mirthinion is ready for game 2.
|inactive|KatKraydel has 30 seconds to confirm battle start!
||KatKraydel is ready for game 2.
|uhtml|next|Next: Game 2 of 3
