|j|☆sole excption 1
|j|☆D-Rex22
|html|sole excption 1D-Rex22    
|uhtml|bestof|Game 1 of a best-of-3
|t:|1785854412
|gametype|doubles
|player|p1|sole excption 1|lucas|1000
|player|p2|D-Rex22|alder|1046
|gen|9
|tier|[Gen 9 Champions] VGC 2026 Reg M-B (Bo3)
|rated|
|rule|Species Clause: Limit one of each Pokémon
|rule|Item Clause: Limit 1 of each item
|clearpoke
|poke|p1|Whimsicott, L50, F|
|poke|p1|Swampert, L50, F|
|poke|p1|Scizor, L50, M|
|poke|p1|Pelipper, L50, F|
|poke|p1|Aerodactyl, L50, M|
|poke|p1|Tyranitar, L50, M|
|poke|p2|Cofagrigus, L50, M|
|poke|p2|Espathra, L50, F|
|poke|p2|Lucario, L50, M|
|poke|p2|Torkoal, L50, M|
|poke|p2|Krookodile, L50, F, shiny|
|poke|p2|Volcarona, L50, F|
|teampreview|4
|showteam|p1|Whimsicott||FocusSash|Prankster|Tailwind,Encore,Taunt,Uturn|Impish||F|||50|]Swampert||Swampertite|Torrent|FlipTurn,HydroPump,Earthquake,Protect|Sassy||F|||50|]Scizor||MetalCoat|Technician|BulletPunch,CloseCombat,SwordsDance,Protect|Adamant||M|||50|]Pelipper||DampRock|Drizzle|Hurricane,WeatherBall,Protect,DualWingbeat|Relaxed||F|||50|]Aerodactyl|||RockHead|RockSlide,Tailwind,WideGuard,Protect|Hasty||M|||50|]Tyranitar||Tyranitarite|SandStream|SmackDown,Earthquake,DarkPulse,Protect|Sassy||M|||50|
|showteam|p2|Cofagrigus||Leftovers|Mummy|BodyPress,AllySwitch,TrickRoom,WillOWisp|Careful||M|||50|]Espathra||FocusSash|SpeedBoost|ShadowBall,Protect,SkillSwap,LuminaCrash|Hasty||F|||50|]Lucario||ChoiceScarf|InnerFocus|FinalGambit,HelpingHand,BulletPunch,Protect|Rash||M|||50|]Torkoal||Charcoal|Drought|Eruption,EarthPower,Protect,HeatWave|Calm||M|||50|]Krookodile||ExpertBelt|Intimidate|Taunt,KnockOff,LowKick,HighHorsepower|Naive||F|||50|]Volcarona||SitrusBerry|FlameBody|Tailwind,RagePowder,GigaDrain,FieryDance|Modest||F|||50|
|
|t:|1785854431
|teamsize|p1|4
|teamsize|p2|4
|start
|switch|p1a: Pelipper|Pelipper, L50, F|100/100
|switch|p1b: Swampert|Swampert, L50, F|100/100
|switch|p2a: Tutankamón|Cofagrigus, L50, M|100/100
|switch|p2b: Owei|Torkoal, L50, M|100/100
|-weather|RainDance|[from] ability: Drizzle|[of] p1a: Pelipper
|-weather|SunnyDay|[from] ability: Drought|[of] p2b: Owei
|turn|1
|
|t:|1785854463
|switch|p1a: Whimsicott|Whimsicott, L50, F|100/100
|detailschange|p1b: Swampert|Swampert-Mega, L50, F
|-mega|p1b: Swampert|Swampert|Swampertite
|move|p2b: Owei|Protect|p2b: Owei
|-singleturn|p2b: Owei|Protect
|move|p1b: Swampert|Earthquake|p2a: Tutankamón|[spread] p1a,p2a
|-activate|p2b: Owei|move: Protect
|-resisted|p1a: Whimsicott|1
|-damage|p1a: Whimsicott|85/100
|-damage|p2a: Tutankamón|75/100
|move|p2a: Tutankamón|Trick Room|p2a: Tutankamón
|-fieldstart|move: Trick Room|[of] p2a: Tutankamón
|
|-weather|SunnyDay|[upkeep]
|-heal|p2a: Tutankamón|81/100|[from] item: Leftovers
|upkeep
|turn|2
|
|t:|1785854489
|switch|p2a: Doechii|Krookodile, L50, F, shiny|100/100
|-ability|p2a: Doechii|Intimidate|boost
|-unboost|p1a: Whimsicott|atk|1
|-unboost|p1b: Swampert|atk|1
|switch|p1b: Pelipper|Pelipper, L50, F|100/100
|-weather|RainDance|[from] ability: Drizzle|[of] p1b: Pelipper
|move|p1a: Whimsicott|Encore|p2b: Owei
|-start|p2b: Owei|Encore
|move|p2b: Owei|Protect||[still]
|-fail|p2b: Owei
|
|-weather|RainDance|[upkeep]
|upkeep
|turn|3
|
|t:|1785854520
|switch|p2b: Tutankamón|Cofagrigus, L50, M|81/100
|switch|p1a: Swampert|Swampert-Mega, L50, F|100/100
|move|p1b: Pelipper|Weather Ball|p2a: Doechii
|-supereffective|p2a: Doechii|1
|-damage|p2a: Doechii|0 fnt
|faint|p2a: Doechii
|
|-weather|RainDance|[upkeep]
|-heal|p2b: Tutankamón|87/100|[from] item: Leftovers
|upkeep
|
|t:|1785854538
|switch|p2a: Mothra|Volcarona, L50, F|100/100
|turn|4
|
|t:|1785854549
|switch|p1b: Whimsicott|Whimsicott, L50, F|85/100
|move|p2b: Tutankamón|Ally Switch|p2b: Tutankamón
|swap|p2b: Tutankamón|0|[from] move: Ally Switch
|move|p2b: Mothra|Giga Drain|p1a: Swampert
|-supereffective|p1a: Swampert|2
|-damage|p1a: Swampert|40/100
|move|p1a: Swampert|Hydro Pump|p2a: Tutankamón
|-damage|p2a: Tutankamón|40/100
|
|-weather|RainDance|[upkeep]
|-heal|p2a: Tutankamón|46/100|[from] item: Leftovers
|upkeep
|turn|5
|
|t:|1785854576
|switch|p2a: Owei|Torkoal, L50, M|100/100
|-weather|SunnyDay|[from] ability: Drought|[of] p2a: Owei
|move|p1b: Whimsicott|Encore|p2b: Mothra
|-start|p2b: Mothra|Encore
|move|p1a: Swampert|Hydro Pump|p2a: Owei
|-supereffective|p2a: Owei|1
|-damage|p2a: Owei|55/100
|move|p2b: Mothra|Giga Drain|p1a: Swampert
|-supereffective|p1a: Swampert|2
|-damage|p1a: Swampert|0 fnt
|faint|p1a: Swampert
|
|-weather|SunnyDay|[upkeep]
|-fieldend|move: Trick Room
|upkeep
|
|t:|1785854589
|switch|p1a: Pelipper|Pelipper, L50, F|100/100
|-weather|RainDance|[from] ability: Drizzle|[of] p1a: Pelipper
|turn|6
|
|t:|1785854610
|switch|p2b: Tutankamón|Cofagrigus, L50, M|46/100
|move|p2a: Owei|Protect|p2a: Owei
|-singleturn|p2a: Owei|Protect
|move|p1b: Whimsicott|Tailwind|p1b: Whimsicott
|-sidestart|p1: sole excption 1|move: Tailwind
|move|p1a: Pelipper|Weather Ball|p2b: Tutankamón
|-damage|p2b: Tutankamón|4/100
|
|-weather|RainDance|[upkeep]
|-heal|p2b: Tutankamón|10/100|[from] item: Leftovers
|upkeep
|turn|7
|
|t:|1785854635
|switch|p1a: Scizor|Scizor, L50, M|100/100
|move|p2b: Tutankamón|Ally Switch|p2b: Tutankamón
|swap|p2b: Tutankamón|0|[from] move: Ally Switch
|move|p1b: Whimsicott|Encore|p2a: Tutankamón
|-start|p2a: Tutankamón|Encore
|move|p2b: Owei|Heat Wave|p1a: Scizor|[spread] p1b
|-miss|p2b: Owei|p1a: Scizor
|-supereffective|p1b: Whimsicott|1
|-damage|p1b: Whimsicott|44/100
|
|-weather|RainDance|[upkeep]
|-heal|p2a: Tutankamón|16/100|[from] item: Leftovers
|upkeep
|turn|8
|inactive|Battle timer is ON: inactive players will automatically lose when time's up. (requested by D-Rex22)
|
|t:|1785854691
|move|p2a: Tutankamón|Ally Switch||[still]
|-fail|p2a: Tutankamón
|move|p1b: Whimsicott|Taunt|p2a: Tutankamón
|-start|p2a: Tutankamón|move: Taunt
|move|p1a: Scizor|Swords Dance|p1a: Scizor
|-boost|p1a: Scizor|atk|2
|move|p2b: Owei|Heat Wave|p1b: Whimsicott|[spread] p1a,p1b
|-supereffective|p1a: Scizor|2
|-supereffective|p1b: Whimsicott|1
|-damage|p1a: Scizor|18/100
|-damage|p1b: Whimsicott|0 fnt
|faint|p1b: Whimsicott
|
|-weather|RainDance|[upkeep]
|-heal|p2a: Tutankamón|22/100|[from] item: Leftovers
|upkeep
|
|t:|1785854705
|switch|p1b: Pelipper|Pelipper, L50, F|100/100
|turn|9
|
|t:|1785854725
|move|p1a: Scizor|Protect|p1a: Scizor
|-singleturn|p1a: Scizor|Protect
|move|p2b: Owei|Protect|p2b: Owei
|-singleturn|p2b: Owei|Protect
|move|p1b: Pelipper|Weather Ball|p2b: Owei
|-activate|p2b: Owei|move: Protect
|-activate|p2a: Tutankamón|move: Struggle
|move|p2a: Tutankamón|Struggle|p1b: Pelipper
|-damage|p1b: Pelipper|94/100
|-damage|p2a: Tutankamón|0 fnt|[from] recoil
|faint|p2a: Tutankamón
|
|-weather|RainDance|[upkeep]
|-sideend|p1: sole excption 1|move: Tailwind
|upkeep
|
|t:|1785854743
|switch|p2a: Mothra|Volcarona, L50, F|100/100
|turn|10
|
|t:|1785854759
|move|p1a: Scizor|Bullet Punch|p2b: Owei
|-resisted|p2b: Owei|1
|-damage|p2b: Owei|25/100
|move|p2a: Mothra|Fiery Dance|p1a: Scizor
|-supereffective|p1a: Scizor|2
|-damage|p1a: Scizor|0 fnt
|-boost|p2a: Mothra|spa|1
|faint|p1a: Scizor
|move|p1b: Pelipper|Weather Ball|p2a: Mothra
|-supereffective|p2a: Mothra|1
|-damage|p2a: Mothra|9/100
|-enditem|p2a: Mothra|Sitrus Berry|[eat]
|-heal|p2a: Mothra|34/100|[from] item: Sitrus Berry
|move|p2b: Owei|Heat Wave|p1b: Pelipper
|-resisted|p1b: Pelipper|1
|-damage|p1b: Pelipper|78/100
|
|-weather|RainDance|[upkeep]
|upkeep
|turn|11
|inactive|D-Rex22 has 30 seconds left.
|
|t:|1785854787
|move|p2a: Mothra|Giga Drain|p1b: Pelipper
|-damage|p1b: Pelipper|16/100
|-heal|p2a: Mothra|61/100|[from] drain|[of] p1b: Pelipper
|move|p1b: Pelipper|Weather Ball|p2b: Owei
|-supereffective|p2b: Owei|1
|-damage|p2b: Owei|0 fnt
|faint|p2b: Owei
|
|-weather|RainDance|[upkeep]
|upkeep
|turn|12
|
|t:|1785854799
|move|p2a: Mothra|Giga Drain|p1b: Pelipper
|-damage|p1b: Pelipper|0 fnt
|-heal|p2a: Mothra|68/100|[from] drain|[of] p1b: Pelipper
|faint|p1b: Pelipper
|
|win|D-Rex22
||sole excption 1 is ready for game 2.
