|j|☆new mental
|j|☆Beanybag
|html|new mentalBeanybag    
|uhtml|bestof|Game 1 of a best-of-3
|t:|1784375094
|gametype|doubles
|player|p1|new mental|volkner|1214
|player|p2|Beanybag|169|1142
|gen|9
|tier|[Gen 9 Champions] VGC 2026 Reg M-B (Bo3)
|rated|
|rule|Species Clause: Limit one of each Pokémon
|rule|Item Clause: Limit 1 of each item
|clearpoke
|poke|p1|Charizard, L50, F|
|poke|p1|Kingambit, L50, M|
|poke|p1|Sylveon, L50, M|
|poke|p1|Garchomp, L50, M|
|poke|p1|Aerodactyl, L50, M|
|poke|p1|Farigiraf, L50, F|
|poke|p2|Incineroar, L50, F, shiny|
|poke|p2|Scovillain, L50, M|
|poke|p2|Sinistcha, L50|
|poke|p2|Bellibolt, L50, F|
|poke|p2|Gengar, L50, M, shiny|
|poke|p2|Araquanid, L50, F, shiny|
|teampreview|4
|showteam|p1|Charizard||CharizarditeY|SolarPower|Protect,HeatWave,SolarBeam,WeatherBall|Modest||F|||50|]Kingambit||FocusSash|Defiant|IronHead,SuckerPunch,KowtowCleave,LowKick|Adamant||M|||50|]Sylveon||FairyFeather|Pixilate|Detect,HyperVoice,HyperBeam,QuickAttack|Modest||M|||50|]Garchomp||LifeOrb|RoughSkin|Protect,DragonClaw,Earthquake,RockSlide|Jolly||M|||50|]Aerodactyl||Aerodactylite|Unnerve|IceFang,RockSlide,Tailwind,DualWingbeat|Jolly||M|||50|]Farigiraf||SitrusBerry|ArmorTail|TrickRoom,Psychic,Thunderbolt,Roar|Bold||F|||50|
|showteam|p2|Incineroar||SitrusBerry|Intimidate|FakeOut,PartingShot,ThroatChop,BurningJealousy|Relaxed||F|||50|]Scovillain||Scovillainite|Moody|GigaDrain,LeechSeed,RagePowder,Protect|Calm||M|||50|]Sinistcha||FocusSash|Hospitality|MatchaGotcha,Imprison,Protect,TrickRoom|Quiet|||||50|]Bellibolt||ShucaBerry|Electromorphosis|Soak,VoltSwitch,ParabolicCharge,Protect|Relaxed||F|||50|]Gengar||Gengarite|CursedBody|GigaDrain,Substitute,Disable,Protect|Timid||M|||50|]Araquanid||Leftovers|WaterBubble|Soak,Stockpile,Infestation,Protect|Relaxed||F|||50|
|inactive|Battle timer is ON: inactive players will automatically lose when time's up. (requested by new mental)
|
|t:|1784375174
|teamsize|p1|4
|teamsize|p2|4
|start
|switch|p1a: Charizard|Charizard, L50, F|100/100
|switch|p1b: Kingambit|Kingambit, L50, M|100/100
|switch|p2a: NONO SQUARE|Scovillain, L50, M|100/100
|switch|p2b: SUPA SOOKA|Araquanid, L50, F, shiny|100/100
|turn|1
|inactive|new mental has 30 seconds left.
|
|t:|1784375201
|switch|p1b: Sylveon|Sylveon, L50, M|100/100
|detailschange|p1a: Charizard|Charizard-Mega-Y, L50, F
|-mega|p1a: Charizard|Charizard|Charizardite Y
|-weather|SunnyDay|[from] ability: Drought|[of] p1a: Charizard
|move|p2a: NONO SQUARE|Protect|p2a: NONO SQUARE
|-singleturn|p2a: NONO SQUARE|Protect
|move|p1a: Charizard|Weather Ball|p2a: NONO SQUARE
|-activate|p2a: NONO SQUARE|move: Protect
|move|p2b: SUPA SOOKA|Infestation|p1a: Charizard
|-resisted|p1a: Charizard|2
|-damage|p1a: Charizard|99/100
|-activate|p1a: Charizard|move: Infestation|[of] p2b: SUPA SOOKA
|
|-weather|SunnyDay|[upkeep]
|-damage|p1a: Charizard|87/100|[from] move: Infestation|[partiallytrapped]
|-ability|p2a: NONO SQUARE|Moody|boost
|-boost|p2a: NONO SQUARE|spe|2
|-unboost|p2a: NONO SQUARE|spa|1
|upkeep
|turn|2
|inactive|Beanybag has 30 seconds left.
|
|t:|1784375229
|switch|p2a: H3LL K1TTY|Incineroar, L50, F, shiny|100/100
|-ability|p2a: H3LL K1TTY|Intimidate|boost
|-unboost|p1a: Charizard|atk|1
|-unboost|p1b: Sylveon|atk|1
|move|p1a: Charizard|Protect|p1a: Charizard
|-singleturn|p1a: Charizard|Protect
|move|p1b: Sylveon|Hyper Voice|p2a: H3LL K1TTY|[spread] p2a,p2b
|-damage|p2a: H3LL K1TTY|67/100
|-damage|p2b: SUPA SOOKA|58/100
|move|p2b: SUPA SOOKA|Infestation|p1b: Sylveon
|-resisted|p1b: Sylveon|1
|-crit|p1b: Sylveon
|-damage|p1b: Sylveon|96/100
|-activate|p1b: Sylveon|move: Infestation|[of] p2b: SUPA SOOKA
|
|-weather|SunnyDay|[upkeep]
|-heal|p2b: SUPA SOOKA|64/100|[from] item: Leftovers
|-damage|p1a: Charizard|75/100|[from] move: Infestation|[partiallytrapped]
|-damage|p1b: Sylveon|84/100|[from] move: Infestation|[partiallytrapped]
|upkeep
|turn|3
|
|t:|1784375244
|move|p2b: SUPA SOOKA|Protect|p2b: SUPA SOOKA
|-singleturn|p2b: SUPA SOOKA|Protect
|move|p1a: Charizard|Heat Wave|p2a: H3LL K1TTY|[spread] p2a
|-activate|p2b: SUPA SOOKA|move: Protect
|-resisted|p2a: H3LL K1TTY|1
|-damage|p2a: H3LL K1TTY|46/100
|-enditem|p2a: H3LL K1TTY|Sitrus Berry|[eat]
|-heal|p2a: H3LL K1TTY|70/100|[from] item: Sitrus Berry
|move|p1b: Sylveon|Hyper Voice|p2a: H3LL K1TTY|[spread] p2a
|-activate|p2b: SUPA SOOKA|move: Protect
|-damage|p2a: H3LL K1TTY|34/100
|move|p2a: H3LL K1TTY|Parting Shot|p1a: Charizard
|-unboost|p1a: Charizard|atk|1
|-unboost|p1a: Charizard|spa|1
|
|t:|1784375249
|switch|p2a: NONO SQUARE|Scovillain, L50, M|100/100|[from] Parting Shot
|
|-weather|SunnyDay|[upkeep]
|-heal|p2b: SUPA SOOKA|70/100|[from] item: Leftovers
|-damage|p1a: Charizard|63/100|[from] move: Infestation|[partiallytrapped]
|-damage|p1b: Sylveon|71/100|[from] move: Infestation|[partiallytrapped]
|-ability|p2a: NONO SQUARE|Moody|boost
|-boost|p2a: NONO SQUARE|atk|2
|-unboost|p2a: NONO SQUARE|def|1
|upkeep
|turn|4
|inactive|Beanybag has 30 seconds left.
|
|t:|1784375277
|detailschange|p2a: NONO SQUARE|Scovillain-Mega, L50, M
|-mega|p2a: NONO SQUARE|Scovillain|Scovillainite
|move|p1a: Charizard|Heat Wave|p2a: NONO SQUARE|[spread] p2a,p2b
|-damage|p2a: NONO SQUARE|64/100
|-damage|p2b: SUPA SOOKA|54/100
|-immune|p1a: Charizard
|move|p2a: NONO SQUARE|Leech Seed|p1b: Sylveon
|-start|p1b: Sylveon|move: Leech Seed
|move|p1b: Sylveon|Hyper Voice|p2a: NONO SQUARE|[spread] p2a,p2b
|-resisted|p2a: NONO SQUARE|1
|-damage|p2a: NONO SQUARE|45/100
|-damage|p2b: SUPA SOOKA|18/100
|-status|p1b: Sylveon|brn|[from] ability: Spicy Spray|[of] p2a: NONO SQUARE
|move|p2b: SUPA SOOKA|Soak|p1a: Charizard
|-start|p1a: Charizard|typechange|Water
|
|-weather|SunnyDay|[upkeep]
|-heal|p2b: SUPA SOOKA|24/100|[from] item: Leftovers
|-damage|p1b: Sylveon|59/100 brn|[from] Leech Seed|[of] p2a: NONO SQUARE
|-heal|p2a: NONO SQUARE|57/100|[silent]
|-damage|p1b: Sylveon|53/100 brn|[from] brn
|-damage|p1a: Charizard|51/100|[from] move: Infestation|[partiallytrapped]
|-damage|p1b: Sylveon|40/100 brn|[from] move: Infestation|[partiallytrapped]
|upkeep
|turn|5
|
|t:|1784375291
|move|p2b: SUPA SOOKA|Protect|p2b: SUPA SOOKA
|-singleturn|p2b: SUPA SOOKA|Protect
|move|p1a: Charizard|Weather Ball|p2a: NONO SQUARE
|-damage|p2a: NONO SQUARE|23/100
|-status|p1a: Charizard|brn|[from] ability: Spicy Spray|[of] p2a: NONO SQUARE
|move|p2a: NONO SQUARE|Giga Drain|p1a: Charizard
|-supereffective|p1a: Charizard|1
|-damage|p1a: Charizard|0 fnt
|-heal|p2a: NONO SQUARE|50/100g|[from] drain|[of] p1a: Charizard
|faint|p1a: Charizard
|move|p1b: Sylveon|Hyper Voice|p2a: NONO SQUARE|[spread] p2a
|-activate|p2b: SUPA SOOKA|move: Protect
|-resisted|p2a: NONO SQUARE|1
|-damage|p2a: NONO SQUARE|32/100
|
|-weather|none
|-heal|p2b: SUPA SOOKA|29/100|[from] item: Leftovers
|-damage|p1b: Sylveon|28/100 brn|[from] Leech Seed|[of] p2a: NONO SQUARE
|-heal|p2a: NONO SQUARE|45/100|[silent]
|-damage|p1b: Sylveon|22/100 brn|[from] brn
|-damage|p1b: Sylveon|9/100 brn|[from] move: Infestation|[partiallytrapped]
|upkeep
|
|t:|1784375311
|switch|p1a: Farigiraf|Farigiraf, L50, F|100/100
|turn|6
|inactive|Beanybag has 30 seconds left.
|inactive|Beanybag has 20 seconds left.
|inactive|Beanybag has 15 seconds left.
|
|t:|1784375351
|switch|p2a: GREEN LAVA|Sinistcha, L50|100/100
|-heal|p2b: SUPA SOOKA|54/100|[from] ability: Hospitality|[of] p2a: GREEN LAVA
|move|p1b: Sylveon|Hyper Beam|p2a: GREEN LAVA
|-enditem|p2a: GREEN LAVA|Focus Sash
|-damage|p2a: GREEN LAVA|1/100
|-mustrecharge|p1b: Sylveon
|move|p1a: Farigiraf|Thunderbolt|p2b: SUPA SOOKA
|-supereffective|p2b: SUPA SOOKA|1
|-crit|p2b: SUPA SOOKA
|-damage|p2b: SUPA SOOKA|2/100
|move|p2b: SUPA SOOKA|Infestation|p1a: Farigiraf
|-supereffective|p1a: Farigiraf|1
|-damage|p1a: Farigiraf|91/100
|-activate|p1a: Farigiraf|move: Infestation|[of] p2b: SUPA SOOKA
|
|-heal|p2b: SUPA SOOKA|8/100|[from] item: Leftovers
|-damage|p1b: Sylveon|0 fnt|[from] Leech Seed|[of] p2a: GREEN LAVA
|-heal|p2a: GREEN LAVA|10/100|[silent]
|faint|p1b: Sylveon
|-damage|p1a: Farigiraf|79/100|[from] move: Infestation|[partiallytrapped]
|upkeep
|
|t:|1784375358
|switch|p1b: Kingambit|Kingambit, L50, M|100/100
|turn|7
|inactive|Beanybag has 30 seconds left.
|inactive|Beanybag has 20 seconds left.
|inactive|Beanybag has 15 seconds left.
|
|t:|1784375400
|move|p2b: SUPA SOOKA|Protect|p2b: SUPA SOOKA
|-singleturn|p2b: SUPA SOOKA|Protect
|move|p1b: Kingambit|Kowtow Cleave|p2a: GREEN LAVA
|-supereffective|p2a: GREEN LAVA|1
|-damage|p2a: GREEN LAVA|0 fnt
|faint|p2a: GREEN LAVA
|move|p1a: Farigiraf|Psychic|p2b: SUPA SOOKA
|-activate|p2b: SUPA SOOKA|move: Protect
|
|-heal|p2b: SUPA SOOKA|14/100|[from] item: Leftovers
|-damage|p1a: Farigiraf|67/100|[from] move: Infestation|[partiallytrapped]
|upkeep
|
|t:|1784375406
|switch|p2a: NONO SQUARE|Scovillain-Mega, L50, M|45/100
|turn|8
|inactive|Beanybag has 30 seconds left.
|
|t:|1784375433
|move|p2a: NONO SQUARE|Rage Powder|p2a: NONO SQUARE
|-singleturn|p2a: NONO SQUARE|move: Rage Powder
|move|p1b: Kingambit|Sucker Punch||[still]
|-fail|p1b: Kingambit
|move|p1a: Farigiraf|Psychic|p2a: NONO SQUARE
|-damage|p2a: NONO SQUARE|13/100
|-status|p1a: Farigiraf|brn|[from] ability: Spicy Spray|[of] p2a: NONO SQUARE
|move|p2b: SUPA SOOKA|Infestation|p1b: Kingambit
|-damage|p1b: Kingambit|94/100
|-activate|p1b: Kingambit|move: Infestation|[of] p2b: SUPA SOOKA
|
|-heal|p2b: SUPA SOOKA|20/100r|[from] item: Leftovers
|-damage|p1a: Farigiraf|61/100 brn|[from] brn
|-damage|p1b: Kingambit|82/100|[from] move: Infestation|[partiallytrapped]
|-damage|p1a: Farigiraf|49/100 brn|[from] move: Infestation|[partiallytrapped]
|upkeep
|-enditem|p1a: Farigiraf|Sitrus Berry|[eat]
|-heal|p1a: Farigiraf|74/100 brn|[from] item: Sitrus Berry
|turn|9
|
|t:|1784375452
|move|p2a: NONO SQUARE|Protect|p2a: NONO SQUARE
|-singleturn|p2a: NONO SQUARE|Protect
|move|p2b: SUPA SOOKA|Protect|p2b: SUPA SOOKA
|-singleturn|p2b: SUPA SOOKA|Protect
|move|p1b: Kingambit|Sucker Punch||[still]
|-fail|p1b: Kingambit
|move|p1a: Farigiraf|Psychic|p2b: SUPA SOOKA
|-activate|p2b: SUPA SOOKA|move: Protect
|
|-heal|p2b: SUPA SOOKA|25/100|[from] item: Leftovers
|-damage|p1a: Farigiraf|68/100 brn|[from] brn
|-damage|p1b: Kingambit|70/100|[from] move: Infestation|[partiallytrapped]
|-damage|p1a: Farigiraf|55/100 brn|[from] move: Infestation|[partiallytrapped]
|upkeep
|turn|10
|
|t:|1784375464
|move|p2a: NONO SQUARE|Rage Powder|p2a: NONO SQUARE
|-singleturn|p2a: NONO SQUARE|move: Rage Powder
|move|p1b: Kingambit|Kowtow Cleave|p2a: NONO SQUARE
|-damage|p2a: NONO SQUARE|0 fnt
|-status|p1b: Kingambit|brn|[from] ability: Spicy Spray|[of] p2a: NONO SQUARE
|faint|p2a: NONO SQUARE
|move|p1a: Farigiraf|Psychic|p2b: SUPA SOOKA
|-damage|p2b: SUPA SOOKA|0 fnt
|faint|p2b: SUPA SOOKA
|
|-damage|p1b: Kingambit|63/100 brn|[from] brn
|-damage|p1a: Farigiraf|50/100y brn|[from] brn
|-end|p1b: Kingambit|Infestation|[partiallytrapped]|[silent]
|-end|p1a: Farigiraf|Infestation|[partiallytrapped]|[silent]
|upkeep
|
|t:|1784375468
|switch|p2a: H3LL K1TTY|Incineroar, L50, F, shiny|34/100
|-ability|p2a: H3LL K1TTY|Intimidate|boost
|-unboost|p1a: Farigiraf|atk|1
|-unboost|p1b: Kingambit|atk|1
|-ability|p1b: Kingambit|Defiant|boost
|-boost|p1b: Kingambit|atk|2
|turn|11
|
|t:|1784375484
|move|p2a: H3LL K1TTY|Fake Out||[still]
|cant|p1a: Farigiraf|ability: Armor Tail|Fake Out|[of] p2a: H3LL K1TTY
|move|p1b: Kingambit|Low Kick|p2a: H3LL K1TTY
|-supereffective|p2a: H3LL K1TTY|1
|-damage|p2a: H3LL K1TTY|0 fnt
|faint|p2a: H3LL K1TTY
|
|win|new mental
