|j|☆chocokoala vgc
|j|☆Purgatory12
|html|chocokoala vgcPurgatory12    
|uhtml|bestof|Game 2 of a best-of-3
|t:|1784479300
|gametype|doubles
|player|p1|chocokoala vgc|benga|1302
|player|p2|Purgatory12|170|1219
|gen|9
|tier|[Gen 9 Champions] VGC 2026 Reg M-B (Bo3)
|rated|
|rule|Species Clause: Limit one of each Pokémon
|rule|Item Clause: Limit 1 of each item
|clearpoke
|poke|p1|Scovillain, L50, M|
|poke|p1|Primarina, L50, F|
|poke|p1|Aerodactyl, L50, F|
|poke|p1|Garchomp, L50, M|
|poke|p1|Gholdengo, L50|
|poke|p1|Grimmsnarl, L50, M|
|poke|p2|Whimsicott, L50, F|
|poke|p2|Raichu, L50, M|
|poke|p2|Aerodactyl, L50, M|
|poke|p2|Farigiraf, L50, M|
|poke|p2|Basculegion, L50, M|
|poke|p2|Hydreigon, L50, M|
|teampreview|4
|showteam|p1|Scovillain||Scovillainite|Moody|Flamethrower,GigaDrain,Protect,RagePowder|Bold||M|||50|]Primarina||Leftovers|LiquidVoice|HyperVoice,Moonblast,Protect,CalmMind|Modest||F|||50|]Aerodactyl||Aerodactylite|Unnerve|RockSlide,DualWingbeat,Protect,Tailwind|Jolly||F|||50|]Garchomp||SoftSand|RoughSkin|Earthquake,StompingTantrum,Protect,DragonClaw|Jolly||M|||50|]Gholdengo||LifeOrb|GoodasGold|MakeItRain,ShadowBall,Protect,NastyPlot|Modest|||||50|]Grimmsnarl||LightClay|Prankster|LightScreen,Reflect,PartingShot,SpiritBreak|Sassy||M|||50|
|showteam|p2|Whimsicott||FocusSash|Prankster|Moonblast,Tailwind,Protect,Encore|Timid||F|||50|]Raichu||RaichuniteY|LightningRod|Protect,ZapCannon,FocusBlast,GrassKnot|Timid||M|||50|]Aerodactyl||Aerodactylite|Unnerve|Protect,RockSlide,IceFang,DualWingbeat|Jolly||M|||50|]Farigiraf||SitrusBerry|ArmorTail|TwinBeam,TrickRoom,HelpingHand,HyperVoice|Bold||M|||50|]Basculegion||LifeOrb|Adaptability|WaveCrash,LastRespects,Protect,AquaJet|Jolly||M|||50|]Hydreigon||ChoiceScarf|Levitate|DracoMeteor,DarkPulse,HeatWave,EarthPower|Modest||M|||50|
|inactive|Battle timer is ON: inactive players will automatically lose when time's up. (requested by chocokoala vgc)
|
|t:|1784479321
|teamsize|p1|4
|teamsize|p2|4
|start
|switch|p1a: Grimmsnarl|Grimmsnarl, L50, M|100/100
|switch|p1b: Garchomp|Garchomp, L50, M|100/100
|switch|p2a: Farigiraf|Farigiraf, L50, M|100/100
|switch|p2b: Raichu|Raichu, L50, M|100/100
|turn|1
|
|t:|1784479344
|switch|p2b: Hydreigon|Hydreigon, L50, M|100/100
|move|p1a: Grimmsnarl|Light Screen|p1a: Grimmsnarl
|-sidestart|p1: chocokoala vgc|move: Light Screen
|move|p1b: Garchomp|Stomping Tantrum|p2b: Hydreigon
|-immune|p2b: Hydreigon|[from] ability: Levitate
|move|p2a: Farigiraf|Hyper Voice|p1a: Grimmsnarl|[spread] p1a,p1b
|-damage|p1a: Grimmsnarl|85/100
|-damage|p1b: Garchomp|82/100
|
|upkeep
|turn|2
|
|t:|1784479363
|move|p2a: Farigiraf|Helping Hand|p2b: Hydreigon
|-singleturn|p2b: Hydreigon|Helping Hand|[of] p2a: Farigiraf
|move|p1b: Garchomp|Protect|p1b: Garchomp
|-singleturn|p1b: Garchomp|Protect
|move|p2b: Hydreigon|Draco Meteor|p1b: Garchomp
|-activate|p1b: Garchomp|move: Protect
|move|p1a: Grimmsnarl|Spirit Break|p2b: Hydreigon
|-supereffective|p2b: Hydreigon|2
|-damage|p2b: Hydreigon|0 fnt
|faint|p2b: Hydreigon
|
|upkeep
|
|t:|1784479370
|switch|p2b: Basculegion|Basculegion, L50, M|100/100
|turn|3
|
|t:|1784479379
|move|p2a: Farigiraf|Helping Hand|p2b: Basculegion
|-singleturn|p2b: Basculegion|Helping Hand|[of] p2a: Farigiraf
|move|p1a: Grimmsnarl|Reflect|p1a: Grimmsnarl
|-sidestart|p1: chocokoala vgc|Reflect
|move|p1b: Garchomp|Stomping Tantrum|p2b: Basculegion
|-damage|p2b: Basculegion|37/100
|move|p2b: Basculegion|Wave Crash|p1b: Garchomp
|-damage|p1b: Garchomp|0 fnt
|-damage|p2b: Basculegion|25/100|[from] ability: Rough Skin|[of] p1b: Garchomp
|faint|p1b: Garchomp
|-damage|p2b: Basculegion|0 fnt|[from] Recoil
|faint|p2b: Basculegion
|
|upkeep
|
|t:|1784479395
|switch|p1b: Scovillain|Scovillain, L50, M|100/100
|switch|p2b: Raichu|Raichu, L50, M|100/100
|turn|4
|
|t:|1784479407
|detailschange|p2b: Raichu|Raichu-Mega-Y, L50, M
|-mega|p2b: Raichu|Raichu|Raichunite Y
|move|p2a: Farigiraf|Helping Hand|p2b: Raichu
|-singleturn|p2b: Raichu|Helping Hand|[of] p2a: Farigiraf
|move|p1b: Scovillain|Protect|p1b: Scovillain
|-singleturn|p1b: Scovillain|Protect
|move|p2b: Raichu|Zap Cannon|p1a: Grimmsnarl
|-damage|p1a: Grimmsnarl|23/100
|-status|p1a: Grimmsnarl|par
|move|p1a: Grimmsnarl|Spirit Break|p2b: Raichu
|-damage|p2b: Raichu|37/100
|-unboost|p2b: Raichu|spa|1
|
|-ability|p1b: Scovillain|Moody|boost
|-boost|p1b: Scovillain|atk|2
|-unboost|p1b: Scovillain|spd|1
|upkeep
|turn|5
|inactive|Purgatory12 has 30 seconds left.
|
|t:|1784479438
|switch|p1b: Primarina|Primarina, L50, F|100/100
|move|p2b: Raichu|Zap Cannon|p1a: Grimmsnarl
|-damage|p1a: Grimmsnarl|0 fnt
|faint|p1a: Grimmsnarl
|move|p2a: Farigiraf|Hyper Voice|p1b: Primarina
|-damage|p1b: Primarina|80/100
|
|-heal|p1b: Primarina|86/100|[from] item: Leftovers
|upkeep
|
|t:|1784479442
|switch|p1a: Scovillain|Scovillain, L50, M|100/100
|turn|6
|
|t:|1784479454
|detailschange|p1a: Scovillain|Scovillain-Mega, L50, M
|-mega|p1a: Scovillain|Scovillain|Scovillainite
|move|p2b: Raichu|Protect|p2b: Raichu
|-singleturn|p2b: Raichu|Protect
|move|p1a: Scovillain|Rage Powder|p1a: Scovillain
|-singleturn|p1a: Scovillain|move: Rage Powder
|move|p2a: Farigiraf|Hyper Voice|p1a: Scovillain|[spread] p1a,p1b
|-damage|p1a: Scovillain|83/100
|-damage|p1b: Primarina|73/100
|-status|p2a: Farigiraf|brn|[from] ability: Spicy Spray|[of] p1a: Scovillain
|move|p1b: Primarina|Hyper Voice|p2b: Raichu|[spread] p2a
|-activate|p2b: Raichu|move: Protect
|-crit|p2a: Farigiraf
|-damage|p2a: Farigiraf|45/100 brn
|-enditem|p2a: Farigiraf|Sitrus Berry|[eat]
|-heal|p2a: Farigiraf|70/100 brn|[from] item: Sitrus Berry
|
|-heal|p1b: Primarina|79/100|[from] item: Leftovers
|-damage|p2a: Farigiraf|64/100 brn|[from] brn
|upkeep
|turn|7
|
|t:|1784479470
|move|p1a: Scovillain|Rage Powder|p1a: Scovillain
|-singleturn|p1a: Scovillain|move: Rage Powder
|move|p2b: Raichu|Zap Cannon|p1a: Scovillain
|-resisted|p1a: Scovillain|1
|-crit|p1a: Scovillain
|-damage|p1a: Scovillain|28/100
|-status|p1a: Scovillain|par
|-status|p2b: Raichu|brn|[from] ability: Spicy Spray|[of] p1a: Scovillain
|move|p2a: Farigiraf|Hyper Voice|p1a: Scovillain|[spread] p1a,p1b
|-damage|p1a: Scovillain|12/100 par
|-damage|p1b: Primarina|64/100
|move|p1b: Primarina|Hyper Voice|p2b: Raichu|[spread] p2a,p2b
|-damage|p2a: Farigiraf|27/100 brn
|-damage|p2b: Raichu|0 fnt
|faint|p2b: Raichu
|
|-heal|p1b: Primarina|70/100|[from] item: Leftovers
|-damage|p2a: Farigiraf|20/100y brn|[from] brn
|upkeep
|turn|8
|
|t:|1784479489
|move|p1a: Scovillain|Rage Powder|p1a: Scovillain
|-singleturn|p1a: Scovillain|move: Rage Powder
|move|p2a: Farigiraf|Hyper Voice|p1b: Primarina|[spread] p1a,p1b
|-damage|p1a: Scovillain|0 fnt
|-damage|p1b: Primarina|56/100
|faint|p1a: Scovillain
|move|p1b: Primarina|Moonblast|p2a: Farigiraf
|-crit|p2a: Farigiraf
|-damage|p2a: Farigiraf|0 fnt
|faint|p2a: Farigiraf
|
|win|chocokoala vgc
