|j|☆knkjxgfzs
|j|☆TheFire722
|html|knkjxgfzsTheFire722    
|uhtml|bestof|Game 3 of a best-of-3
|t:|1783128270
|gametype|doubles
|player|p1|knkjxgfzs|101|1000
|player|p2|TheFire722|n|1000
|gen|9
|tier|[Gen 9 Champions] VGC 2026 Reg M-B (Bo3)
|rated|
|rule|Species Clause: Limit one of each Pokémon
|rule|Item Clause: Limit 1 of each item
|clearpoke
|poke|p1|Grimmsnarl, L50, M|
|poke|p1|Pelipper, L50, M|
|poke|p1|Gholdengo, L50|
|poke|p1|Sinistcha, L50|
|poke|p1|Swampert, L50, M|
|poke|p1|Archaludon, L50, M|
|poke|p2|Swampert, L50, M|
|poke|p2|Grimmsnarl, L50, M|
|poke|p2|Pelipper, L50, F|
|poke|p2|Archaludon, L50, M|
|poke|p2|Sinistcha, L50|
|poke|p2|Metagross, L50|
|teampreview|4
|showteam|p1|Grimmsnarl||LightClay|Prankster|Reflect,LightScreen,FoulPlay,PartingShot|Careful||M|||50|]Pelipper||SitrusBerry|Drizzle|Hurricane,WeatherBall,WideGuard,Tailwind|Modest||M|||50|]Gholdengo||LifeOrb|GoodasGold|NastyPlot,ShadowBall,MakeItRain,Protect|Modest|||||50|]Sinistcha||CobaBerry|Hospitality|Protect,RagePowder,MatchaGotcha,LifeDew|Bold|||||50|]Swampert||Swampertite|Damp|WaveCrash,Earthquake,IcePunch,Protect|Adamant||M|||50|]Archaludon||Leftovers|Stamina|ElectroShot,FlashCannon,DragonPulse,Protect|Modest||M|||50|
|showteam|p2|Swampert||Swampertite|Torrent|WaveCrash,Earthquake,FlipTurn,Protect|Adamant||M|||50|]Grimmsnarl||LightClay|Prankster|SpiritBreak,PartingShot,Reflect,LightScreen|Careful||M|||50|]Pelipper||SitrusBerry|Drizzle|WideGuard,Hurricane,WeatherBall,Tailwind|Modest||F|||50|]Archaludon||Leftovers|Stamina|ElectroShot,DragonPulse,FlashCannon,Protect|Modest||M|||50|]Sinistcha||KasibBerry|Hospitality|MatchaGotcha,RagePowder,TrickRoom,Protect|Relaxed|||||50|]Metagross||Metagrossite|ClearBody|IronHead,PsychicFangs,IcePunch,Protect|Adamant|||||50|
|
|t:|1783128285
|teamsize|p1|4
|teamsize|p2|4
|start
|switch|p1a: Grimmsnarl|Grimmsnarl, L50, M|100/100
|switch|p1b: Archaludon|Archaludon, L50, M|100/100
|switch|p2a: Swampert|Swampert, L50, M|100/100
|switch|p2b: Grimmsnarl|Grimmsnarl, L50, M|100/100
|turn|1
|
|t:|1783128314
|detailschange|p2a: Swampert|Swampert-Mega, L50, M
|-mega|p2a: Swampert|Swampert|Swampertite
|move|p1a: Grimmsnarl|Reflect|p1a: Grimmsnarl
|-sidestart|p1: knkjxgfzs|Reflect
|move|p2b: Grimmsnarl|Parting Shot|p1b: Archaludon
|-unboost|p1b: Archaludon|atk|1
|-unboost|p1b: Archaludon|spa|1
|
|t:|1783128319
|switch|p2b: Sinistcha|Sinistcha, L50|100/100|[from] Parting Shot
|move|p2a: Swampert|Earthquake|p1a: Grimmsnarl|[spread] p2b,p1a,p1b
|-resisted|p2b: Sinistcha|1
|-supereffective|p1b: Archaludon|1
|-damage|p2b: Sinistcha|79/100
|-damage|p1a: Grimmsnarl|65/100
|-damage|p1b: Archaludon|57/100
|-ability|p1b: Archaludon|Stamina|boost
|-boost|p1b: Archaludon|def|1
|move|p1b: Archaludon|Flash Cannon|p2b: Sinistcha
|-damage|p2b: Sinistcha|55/100
|
|-heal|p1b: Archaludon|63/100|[from] item: Leftovers
|upkeep
|turn|2
|
|t:|1783128349
|switch|p2b: Archaludon|Archaludon, L50, M|100/100
|move|p1a: Grimmsnarl|Parting Shot|p2a: Swampert
|-unboost|p2a: Swampert|atk|1
|-unboost|p2a: Swampert|spa|1
|
|t:|1783128354
|switch|p1a: Sinistcha|Sinistcha, L50|100/100|[from] Parting Shot
|-heal|p1b: Archaludon|88/100|[from] ability: Hospitality|[of] p1a: Sinistcha
|move|p2a: Swampert|Flip Turn|p1a: Sinistcha
|-resisted|p1a: Sinistcha|1
|-damage|p1a: Sinistcha|92/100
|
|t:|1783128362
|switch|p2a: Grimmsnarl|Grimmsnarl, L50, M|100/100|[from] Flip Turn
|move|p1b: Archaludon|Dragon Pulse|p2b: Archaludon
|-damage|p2b: Archaludon|74/100
|-ability|p2b: Archaludon|Stamina|boost
|-boost|p2b: Archaludon|def|1
|
|-heal|p2b: Archaludon|80/100|[from] item: Leftovers
|-heal|p1b: Archaludon|94/100|[from] item: Leftovers
|upkeep
|turn|3
|
|t:|1783128379
|switch|p1a: Swampert|Swampert, L50, M|100/100
|move|p2a: Grimmsnarl|Light Screen|p2a: Grimmsnarl
|-sidestart|p2: TheFire722|move: Light Screen
|move|p1b: Archaludon|Flash Cannon|p2a: Grimmsnarl
|-supereffective|p2a: Grimmsnarl|1
|-damage|p2a: Grimmsnarl|73/100
|move|p2b: Archaludon|Dragon Pulse|p1b: Archaludon
|-damage|p1b: Archaludon|57/100
|-ability|p1b: Archaludon|Stamina|boost
|-boost|p1b: Archaludon|def|1
|
|-heal|p1b: Archaludon|63/100|[from] item: Leftovers
|-heal|p2b: Archaludon|86/100|[from] item: Leftovers
|upkeep
|turn|4
|
|t:|1783128396
|detailschange|p1a: Swampert|Swampert-Mega, L50, M
|-mega|p1a: Swampert|Swampert|Swampertite
|move|p1b: Archaludon|Protect|p1b: Archaludon
|-singleturn|p1b: Archaludon|Protect
|move|p2a: Grimmsnarl|Reflect|p2a: Grimmsnarl
|-sidestart|p2: TheFire722|Reflect
|move|p2b: Archaludon|Dragon Pulse|p1b: Archaludon
|-activate|p1b: Archaludon|move: Protect
|move|p1a: Swampert|Earthquake|p2b: Archaludon|[spread] p2a,p2b
|-activate|p1b: Archaludon|move: Protect
|-supereffective|p2b: Archaludon|1
|-damage|p2a: Grimmsnarl|39/100
|-damage|p2b: Archaludon|55/100
|-ability|p2b: Archaludon|Stamina|boost
|-boost|p2b: Archaludon|def|1
|
|-heal|p1b: Archaludon|70/100|[from] item: Leftovers
|-heal|p2b: Archaludon|61/100|[from] item: Leftovers
|upkeep
|turn|5
|
|t:|1783128416
|move|p2a: Grimmsnarl|Parting Shot|p1b: Archaludon
|-unboost|p1b: Archaludon|atk|1
|-unboost|p1b: Archaludon|spa|1
|
|t:|1783128419
|switch|p2a: Sinistcha|Sinistcha, L50|55/100|[from] Parting Shot
|-heal|p2b: Archaludon|86/100|[from] ability: Hospitality|[of] p2a: Sinistcha
|move|p1b: Archaludon|Dragon Pulse|p2b: Archaludon
|-damage|p2b: Archaludon|72/100
|-ability|p2b: Archaludon|Stamina|boost
|-boost|p2b: Archaludon|def|1
|move|p2b: Archaludon|Dragon Pulse|p1a: Swampert
|-damage|p1a: Swampert|65/100
|move|p1a: Swampert|Earthquake|p2a: Sinistcha|[spread] p1b,p2a,p2b
|-supereffective|p1b: Archaludon|1
|-resisted|p2a: Sinistcha|1
|-crit|p2a: Sinistcha
|-supereffective|p2b: Archaludon|1
|-damage|p1b: Archaludon|47/100
|-damage|p2a: Sinistcha|24/100
|-damage|p2b: Archaludon|55/100
|-ability|p1b: Archaludon|Stamina|boost
|-boost|p1b: Archaludon|def|1
|-ability|p2b: Archaludon|Stamina|boost
|-boost|p2b: Archaludon|def|1
|
|-heal|p2b: Archaludon|61/100|[from] item: Leftovers
|-heal|p1b: Archaludon|53/100|[from] item: Leftovers
|upkeep
|turn|6
|inactive|Battle timer is ON: inactive players will automatically lose when time's up. (requested by knkjxgfzs)
|
|t:|1783128461
|switch|p1a: Sinistcha|Sinistcha, L50|92/100
|-heal|p1b: Archaludon|78/100|[from] ability: Hospitality|[of] p1a: Sinistcha
|move|p2a: Sinistcha|Protect|p2a: Sinistcha
|-singleturn|p2a: Sinistcha|Protect
|move|p2b: Archaludon|Dragon Pulse|p1b: Archaludon
|-damage|p1b: Archaludon|43/100
|-ability|p1b: Archaludon|Stamina|boost
|-boost|p1b: Archaludon|def|1
|move|p1b: Archaludon|Flash Cannon|p2a: Sinistcha
|-activate|p2a: Sinistcha|move: Protect
|
|-heal|p2b: Archaludon|68/100|[from] item: Leftovers
|-heal|p1b: Archaludon|49/100|[from] item: Leftovers
|upkeep
|turn|7
|inactive|TheFire722 has 30 seconds left.
|
|t:|1783128495
|switch|p2a: Swampert|Swampert-Mega, L50, M|100/100
|move|p2b: Archaludon|Dragon Pulse|p1b: Archaludon
|-damage|p1b: Archaludon|11/100
|-ability|p1b: Archaludon|Stamina|boost
|-boost|p1b: Archaludon|def|1
|move|p1b: Archaludon|Flash Cannon|p2a: Swampert
|-resisted|p2a: Swampert|1
|-damage|p2a: Swampert|94/100
|-unboost|p2a: Swampert|spd|1
|move|p1a: Sinistcha|Matcha Gotcha|p2a: Swampert|[spread] p2a,p2b
|-supereffective|p2a: Swampert|2
|-resisted|p2b: Archaludon|2
|-damage|p2a: Swampert|15/100
|-heal|p1a: Sinistcha|100/100|[from] drain|[of] p2a: Swampert
|-damage|p2b: Archaludon|64/100
|-status|p2a: Swampert|brn
|-ability|p2b: Archaludon|Stamina|boost
|-boost|p2b: Archaludon|def|1
|
|-heal|p1b: Archaludon|17/100|[from] item: Leftovers
|-heal|p2b: Archaludon|70/100|[from] item: Leftovers
|-damage|p2a: Swampert|9/100 brn|[from] brn
|upkeep
|turn|8
|inactive|TheFire722 has 30 seconds left.
|inactive|TheFire722 has 20 seconds left.
|
|t:|1783128531
|switch|p1a: Grimmsnarl|Grimmsnarl, L50, M|65/100
|move|p1b: Archaludon|Protect|p1b: Archaludon
|-singleturn|p1b: Archaludon|Protect
|move|p2a: Swampert|Flip Turn|p1a: Grimmsnarl
|-damage|p1a: Grimmsnarl|52/100
|
|t:|1783128540
|switch|p2a: Sinistcha|Sinistcha, L50|24/100|[from] Flip Turn
|-heal|p2b: Archaludon|95/100|[from] ability: Hospitality|[of] p2a: Sinistcha
|move|p2b: Archaludon|Dragon Pulse|p1a: Grimmsnarl
|-immune|p1a: Grimmsnarl
|
|-heal|p1b: Archaludon|23/100|[from] item: Leftovers
|-heal|p2b: Archaludon|100/100|[from] item: Leftovers
|-sideend|p1: knkjxgfzs|Reflect
|upkeep
|turn|9
|
|t:|1783128566
|move|p1a: Grimmsnarl|Parting Shot|p2b: Archaludon
|-unboost|p2b: Archaludon|atk|1
|-unboost|p2b: Archaludon|spa|1
|
|t:|1783128569
|switch|p1a: Sinistcha|Sinistcha, L50|100/100|[from] Parting Shot
|-heal|p1b: Archaludon|48/100|[from] ability: Hospitality|[of] p1a: Sinistcha
|move|p1b: Archaludon|Flash Cannon|p2a: Sinistcha
|-damage|p2a: Sinistcha|13/100
|move|p2b: Archaludon|Dragon Pulse|p1b: Archaludon
|-damage|p1b: Archaludon|23/100
|-ability|p1b: Archaludon|Stamina|boost
|-boost|p1b: Archaludon|def|1
|move|p2a: Sinistcha|Trick Room|p2a: Sinistcha
|-fieldstart|move: Trick Room|[of] p2a: Sinistcha
|
|-heal|p1b: Archaludon|29/100|[from] item: Leftovers
|upkeep
|turn|10
|inactive|TheFire722 has 30 seconds left.
|
|t:|1783128604
|switch|p2a: Swampert|Swampert-Mega, L50, M|9/100 brn
|move|p1b: Archaludon|Protect|p1b: Archaludon
|-singleturn|p1b: Archaludon|Protect
|move|p1a: Sinistcha|Matcha Gotcha|p2a: Swampert|[spread] p2a,p2b
|-supereffective|p2a: Swampert|2
|-resisted|p2b: Archaludon|2
|-damage|p2a: Swampert|0 fnt
|-damage|p2b: Archaludon|96/100
|-ability|p2b: Archaludon|Stamina|boost
|-boost|p2b: Archaludon|def|1
|faint|p2a: Swampert
|move|p2b: Archaludon|Flash Cannon|p1a: Sinistcha
|-damage|p1a: Sinistcha|75/100
|
|-heal|p1b: Archaludon|35/100|[from] item: Leftovers
|-heal|p2b: Archaludon|100/100|[from] item: Leftovers
|-sideend|p2: TheFire722|move: Light Screen
|upkeep
|
|t:|1783128618
|switch|p2a: Grimmsnarl|Grimmsnarl, L50, M|39/100
|turn|11
|
|t:|1783128626
|move|p2a: Grimmsnarl|Light Screen|p2a: Grimmsnarl
|-sidestart|p2: TheFire722|move: Light Screen
|move|p1a: Sinistcha|Matcha Gotcha|p2a: Grimmsnarl|[spread] p2a
|-miss|p1a: Sinistcha|p2b: Archaludon
|-damage|p2a: Grimmsnarl|25/100
|-heal|p1a: Sinistcha|83/100|[from] drain|[of] p2a: Grimmsnarl
|move|p1b: Archaludon|Flash Cannon|p2a: Grimmsnarl
|-supereffective|p2a: Grimmsnarl|1
|-damage|p2a: Grimmsnarl|5/100
|move|p2b: Archaludon|Dragon Pulse|p1b: Archaludon
|-damage|p1b: Archaludon|9/100
|
|-heal|p1b: Archaludon|15/100|[from] item: Leftovers
|-sideend|p2: TheFire722|Reflect
|upkeep
|turn|12
|
|t:|1783128647
|move|p1b: Archaludon|Protect|p1b: Archaludon
|-singleturn|p1b: Archaludon|Protect
|move|p2a: Grimmsnarl|Parting Shot|p1a: Sinistcha
|-unboost|p1a: Sinistcha|atk|1
|-unboost|p1a: Sinistcha|spa|1
|
|t:|1783128650
|switch|p2a: Sinistcha|Sinistcha, L50|13/100|[from] Parting Shot
|move|p1a: Sinistcha|Matcha Gotcha|p2a: Sinistcha|[spread] p2b
|-miss|p1a: Sinistcha|p2a: Sinistcha
|-resisted|p2b: Archaludon|2
|-damage|p2b: Archaludon|97/100
|-heal|p1a: Sinistcha|85/100|[from] drain|[of] p2b: Archaludon
|move|p2b: Archaludon|Dragon Pulse|p1b: Archaludon
|-activate|p1b: Archaludon|move: Protect
|
|-heal|p1b: Archaludon|21/100|[from] item: Leftovers
|-heal|p2b: Archaludon|100/100|[from] item: Leftovers
|upkeep
|turn|13
|
|t:|1783128668
|switch|p1b: Grimmsnarl|Grimmsnarl, L50, M|52/100
|move|p2a: Sinistcha|Protect|p2a: Sinistcha
|-singleturn|p2a: Sinistcha|Protect
|move|p1a: Sinistcha|Matcha Gotcha|p2b: Archaludon|[spread] p2b
|-activate|p2a: Sinistcha|move: Protect
|-resisted|p2b: Archaludon|2
|-damage|p2b: Archaludon|97/100
|-heal|p1a: Sinistcha|87/100|[from] drain|[of] p2b: Archaludon
|-status|p2b: Archaludon|brn
|move|p2b: Archaludon|Dragon Pulse|p1b: Grimmsnarl
|-immune|p1b: Grimmsnarl
|
|-heal|p2b: Archaludon|100/100 brn|[from] item: Leftovers
|-damage|p2b: Archaludon|93/100 brn|[from] brn
|-fieldend|move: Trick Room
|upkeep
|turn|14
|
|t:|1783128692
|move|p2b: Archaludon|Flash Cannon|p1b: Grimmsnarl
|-supereffective|p1b: Grimmsnarl|1
|-damage|p1b: Grimmsnarl|13/100
|move|p1a: Sinistcha|Life Dew|p1a: Sinistcha|[spread] p1a,p1b
|-heal|p1a: Sinistcha|100/100
|-heal|p1b: Grimmsnarl|38/100
|move|p2a: Sinistcha|Matcha Gotcha|p1b: Grimmsnarl|[spread] p1b
|-miss|p2a: Sinistcha|p1a: Sinistcha
|-damage|p1b: Grimmsnarl|16/100
|-heal|p2a: Sinistcha|26/100|[from] drain|[of] p1b: Grimmsnarl
|move|p1b: Grimmsnarl|Foul Play|p2a: Sinistcha
|-supereffective|p2a: Sinistcha|1
|-damage|p2a: Sinistcha|0 fnt
|faint|p2a: Sinistcha
|
|-heal|p2b: Archaludon|100/100 brn|[from] item: Leftovers
|-damage|p2b: Archaludon|93/100 brn|[from] brn
|upkeep
|
|t:|1783128709
|switch|p2a: Grimmsnarl|Grimmsnarl, L50, M|5/100
|turn|15
|
|t:|1783128722
|move|p1b: Grimmsnarl|Parting Shot|p2b: Archaludon
|-unboost|p2b: Archaludon|atk|1
|-unboost|p2b: Archaludon|spa|1
|
|t:|1783128725
|switch|p1b: Swampert|Swampert-Mega, L50, M|65/100|[from] Parting Shot
|move|p2b: Archaludon|Dragon Pulse|p1a: Sinistcha
|-damage|p1a: Sinistcha|81/100
|move|p1a: Sinistcha|Life Dew|p1a: Sinistcha|[spread] p1a,p1b
|-heal|p1a: Sinistcha|100/100
|-heal|p1b: Swampert|90/100
|move|p2a: Grimmsnarl|Spirit Break|p1b: Swampert
|-damage|p1b: Swampert|65/100
|-unboost|p1b: Swampert|spa|1
|
|-heal|p2b: Archaludon|100/100 brn|[from] item: Leftovers
|-damage|p2b: Archaludon|93/100 brn|[from] brn
|upkeep
|turn|16
|
|t:|1783128748
|move|p2a: Grimmsnarl|Reflect|p2a: Grimmsnarl
|-sidestart|p2: TheFire722|Reflect
|move|p2b: Archaludon|Electro Shot||[still]
|-prepare|p2b: Archaludon|Electro Shot
|-boost|p2b: Archaludon|spa|1
|move|p1b: Swampert|Wave Crash|p2a: Grimmsnarl
|-damage|p2a: Grimmsnarl|0 fnt
|faint|p2a: Grimmsnarl
|-damage|p1b: Swampert|63/100|[from] Recoil
|move|p1a: Sinistcha|Life Dew||[still]|[spread] p1a,p1b
|-fail|p1a: Sinistcha|heal
|-heal|p1b: Swampert|88/100
|
|-heal|p2b: Archaludon|100/100 brn|[from] item: Leftovers
|-damage|p2b: Archaludon|93/100 brn|[from] brn
|upkeep
|turn|17
|
|t:|1783128767
|move|p2b: Archaludon|Electro Shot|p1a: Sinistcha|[from] lockedmove
|-resisted|p1a: Sinistcha|1
|-damage|p1a: Sinistcha|88/100
|move|p1b: Swampert|Earthquake|p2b: Archaludon|[spread] p1a,p2b
|-resisted|p1a: Sinistcha|1
|-supereffective|p2b: Archaludon|1
|-damage|p1a: Sinistcha|66/100
|-damage|p2b: Archaludon|81/100 brn
|move|p1a: Sinistcha|Life Dew|p1a: Sinistcha|[spread] p1a,p1b
|-heal|p1a: Sinistcha|91/100
|-heal|p1b: Swampert|100/100
|
|-heal|p2b: Archaludon|87/100 brn|[from] item: Leftovers
|-damage|p2b: Archaludon|81/100 brn|[from] brn
|upkeep
|turn|18
|-message|TheFire722 forfeited.
|
|win|knkjxgfzs
|raw|knkjxgfzs's rating: 1000 → 1040(+40 for winning)
|raw|TheFire722's rating: 1000 → 1000(+0 for losing)
|l|☆TheFire722
|player|p2|
