|j|☆Hi Hi Mr. Magpie
|j|☆BroDontFuckWithMe
|html|Hi Hi Mr. MagpieBroDontFuckWithMe    
|uhtml|bestof|Game 3 of a best-of-3
|t:|1755546451
|gametype|doubles
|player|p1|Hi Hi Mr. Magpie|li|1180
|player|p2|BroDontFuckWithMe|266|1233
|gen|9
|tier|[Gen 9] VGC 2025 Reg H (Bo3)
|rated|
|rule|Species Clause: Limit one of each Pokémon
|rule|Item Clause: Limit 1 of each item
|clearpoke
|poke|p1|Archaludon, L50, M|
|poke|p1|Politoed, L50, M|
|poke|p1|Dragonite, L50, F|
|poke|p1|Rillaboom, L50, M|
|poke|p1|Incineroar, L50, F|
|poke|p1|Electabuzz, L50, F|
|poke|p2|Electabuzz, L50, M|
|poke|p2|Ursaluna-Bloodmoon, L50, M|
|poke|p2|Archaludon, L50, F|
|poke|p2|Talonflame, L50, F|
|poke|p2|Indeedee, L50, M|
|poke|p2|Sneasler, L50, F|
|teampreview|4
|showteam|p1|Archaludon||AssaultVest|Stamina|BodyPress,ElectroShot,DragonPulse,Snarl|||M|||50|,,,,,Fairy]Politoed||MysticWater|Drizzle|Protect,WeatherBall,MuddyWater,IcyWind|||M|||50|,,,,,Poison]Dragonite||LoadedDice|Multiscale|Protect,ScaleShot,StompingTantrum,Haze|||F|||50|,,,,,Steel]Rillaboom||MiracleSeed|GrassySurge|WoodHammer,FakeOut,GrassyGlide,Uturn|||M|||50|,,,,,Fire]Incineroar||SafetyGoggles|Intimidate|PartingShot,FakeOut,KnockOff,FlareBlitz|||F|||50|,,,,,Ghost]Electabuzz||Eviolite|VitalSpirit|Protect,Electroweb,FollowMe,Taunt|||F|||50|,,,,,Ghost
|showteam|p2|Electabuzz||Eviolite|VitalSpirit|Electroweb,FollowMe,Taunt,Protect|||M|||50|,,,,,Dragon]Ursaluna-Bloodmoon||LifeOrb|MindsEye|BloodMoon,EarthPower,HyperVoice,Protect|||M|||50|,,,,,Normal]Archaludon||PowerHerb|Sturdy|ElectroShot,DracoMeteor,FlashCannon,Protect|||F|||50|,,,,,Electric]Talonflame||CovertCloak|GaleWings|DualWingbeat,FlareBlitz,Tailwind,WillOWisp|||F|||50|,,,,,Stellar]Indeedee||FocusSash|PsychicSurge|ExpandingForce,HelpingHand,Imprison,TrickRoom|||M|||50|,,,,,Psychic]Sneasler||PsychicSeed|Unburden|CloseCombat,DireClaw,ThroatChop,Protect|||F|||50|,,,,,Dark
|inactive|Battle timer is ON: inactive players will automatically lose when time's up. (requested by Hi Hi Mr. Magpie)
|
|t:|1755546466
|teamsize|p1|4
|teamsize|p2|4
|start
|switch|p1a: Politoed|Politoed, L50, M|100/100
|switch|p1b: Incineroar|Incineroar, L50, F|100/100
|switch|p2a: Indeedee|Indeedee, L50, M|100/100
|switch|p2b: Archaludon|Archaludon, L50, F|100/100
|-fieldstart|move: Psychic Terrain|[from] ability: Psychic Surge|[of] p2a: Indeedee
|-weather|RainDance|[from] ability: Drizzle|[of] p1a: Politoed
|-ability|p1b: Incineroar|Intimidate|boost
|-unboost|p2a: Indeedee|atk|1
|-unboost|p2b: Archaludon|atk|1
|turn|1
|inactive|Hi Hi Mr. Magpie has 30 seconds left.
|inactive|Hi Hi Mr. Magpie has 20 seconds left.
|inactive|Hi Hi Mr. Magpie has 15 seconds left.
|inactive|Hi Hi Mr. Magpie has 10 seconds left.
|
|t:|1755546514
|-terastallize|p2b: Archaludon|Electric
|move|p2a: Indeedee|Helping Hand|p2b: Archaludon
|-singleturn|p2b: Archaludon|Helping Hand|[of] p2a: Indeedee
|move|p1a: Politoed|Protect|p1a: Politoed
|-singleturn|p1a: Politoed|Protect
|move|p2b: Archaludon|Electro Shot||[still]
|-prepare|p2b: Archaludon|Electro Shot
|-boost|p2b: Archaludon|spa|1
|-anim|p2b: Archaludon|Electro Shot|p1b: Incineroar
|-damage|p1b: Incineroar|0 fnt
|faint|p1b: Incineroar
|
|-weather|RainDance|[upkeep]
|upkeep
|
|t:|1755546526
|switch|p1b: Rillaboom|Rillaboom, L50, M|100/100
|-fieldstart|move: Grassy Terrain|[from] ability: Grassy Surge|[of] p1b: Rillaboom
|turn|2
|
|t:|1755546538
|switch|p2a: Electabuzz|Electabuzz, L50, M|100/100
|move|p2b: Archaludon|Protect|p2b: Archaludon
|-singleturn|p2b: Archaludon|Protect
|move|p1b: Rillaboom|U-turn|p2a: Electabuzz
|-damage|p2a: Electabuzz|78/100
|
|t:|1755546546
|switch|p1b: Archaludon|Archaludon, L50, M|100/100|[from] U-turn
|move|p1a: Politoed|Muddy Water|p2b: Archaludon|[spread] p2a
|-activate|p2b: Archaludon|move: Protect
|-damage|p2a: Electabuzz|41/100
|-unboost|p2a: Electabuzz|accuracy|1
|
|-weather|RainDance|[upkeep]
|-heal|p2a: Electabuzz|47/100|[from] Grassy Terrain
|upkeep
|turn|3
|
|t:|1755546566
|-terastallize|p1a: Politoed|Poison
|move|p2a: Electabuzz|Follow Me|p2a: Electabuzz
|-singleturn|p2a: Electabuzz|move: Follow Me
|move|p2b: Archaludon|Electro Shot||[still]
|-prepare|p2b: Archaludon|Electro Shot
|-boost|p2b: Archaludon|spa|1
|-anim|p2b: Archaludon|Electro Shot|p1a: Politoed
|-damage|p1a: Politoed|0 fnt
|faint|p1a: Politoed
|move|p1b: Archaludon|Electro Shot||[still]
|-prepare|p1b: Archaludon|Electro Shot
|-boost|p1b: Archaludon|spa|1
|-anim|p1b: Archaludon|Electro Shot|p2a: Electabuzz
|-resisted|p2a: Electabuzz
|-damage|p2a: Electabuzz|24/100
|
|-weather|RainDance|[upkeep]
|-heal|p2a: Electabuzz|30/100|[from] Grassy Terrain
|upkeep
|
|t:|1755546582
|switch|p1a: Rillaboom|Rillaboom, L50, M|100/100
|turn|4
|
|t:|1755546594
|switch|p2a: Indeedee|Indeedee, L50, M|100/100
|-fieldstart|move: Psychic Terrain|[from] ability: Psychic Surge|[of] p2a: Indeedee
|move|p2b: Archaludon|Draco Meteor|p1b: Archaludon
|-damage|p1b: Archaludon|0 fnt
|-unboost|p2b: Archaludon|spa|2
|faint|p1b: Archaludon
|move|p1a: Rillaboom|Wood Hammer|p2a: Indeedee
|-crit|p2a: Indeedee
|-enditem|p2a: Indeedee|Focus Sash
|-damage|p2a: Indeedee|1/100
|-damage|p1a: Rillaboom|78/100|[from] Recoil
|
|-weather|RainDance|[upkeep]
|upkeep
|turn|5
|-message|Hi Hi Mr. Magpie forfeited.
|
|win|BroDontFuckWithMe
|raw|Hi Hi Mr. Magpie's rating: 1180 → 1159(-21 for losing)
|raw|BroDontFuckWithMe's rating: 1233 → 1254(+21 for winning)
|l|☆Hi Hi Mr. Magpie
|player|p1|
