|j|☆Arnauz10
|j|☆dunknut2
|html|Arnauz10dunknut2    
|uhtml|bestof|Game 2 of a best-of-3
|t:|1756315120
|gametype|doubles
|player|p1|Arnauz10|ghetsis|1122
|player|p2|dunknut2|265|1203
|gen|9
|tier|[Gen 9] VGC 2025 Reg H (Bo3)
|rated|
|rule|Species Clause: Limit one of each Pokémon
|rule|Item Clause: Limit 1 of each item
|clearpoke
|poke|p1|Annihilape, L50, M|
|poke|p1|Dragonite, L50, F|
|poke|p1|Gholdengo, L50|
|poke|p1|Porygon2, L50|
|poke|p1|Ursaluna, L50, F|
|poke|p1|Incineroar, L50, M|
|poke|p2|Annihilape, L50, F|
|poke|p2|Sinistcha, L50|
|poke|p2|Maushold-Four, L50|
|poke|p2|Klefki, L50, M|
|poke|p2|Ursaluna-Bloodmoon, L50, M|
|poke|p2|Ninetales-Alola, L50, F|
|teampreview|4
|showteam|p1|Annihilape||FocusSash|Defiant|RageFist,CloseCombat,Coaching,Taunt|||M|||50|,,,,,Stellar]Dragonite||LoadedDice|Multiscale|ScaleShot,Haze,Tailwind,Protect|||F|||50|,,,,,Fairy]Gholdengo||LifeOrb|GoodasGold|ShadowBall,MakeItRain,NastyPlot,Protect||||||50|,,,,,Water]Porygon2||Eviolite|Download|IceBeam,TeraBlast,Recover,TrickRoom||||||50|,,,,,Fighting]Ursaluna||FlameOrb|Guts|Facade,Earthquake,HeadlongRush,Protect|||F|||50|,,,,,Ghost]Incineroar||SafetyGoggles|Intimidate|FakeOut,KnockOff,FlareBlitz,PartingShot|||M|||50|,,,,,Ghost
|showteam|p2|Annihilape||Leftovers|Defiant|Protect,BulkUp,DrainPunch,RageFist|||F|||50|,,,,,Fire]Sinistcha||SitrusBerry|Hospitality|MatchaGotcha,TrickRoom,LifeDew,RagePowder||||||50|,,,,,Water]Maushold-Four||FocusSash|FriendGuard|FollowMe,Taunt,BeatUp,Protect||||||50|,,,,,Ghost]Klefki||LightClay|Prankster|Reflect,LightScreen,MistyTerrain,DazzlingGleam|||M|||50|,,,,,Ghost]Ursaluna-Bloodmoon||AssaultVest|MindsEye|BloodMoon,HyperVoice,EarthPower,VacuumWave|||M|||50|,,,,,Water]Ninetales-Alola||NeverMeltIce|SnowWarning|Protect,FreezeDry,Blizzard,AuroraVeil|||F|||50|,,,,,Ghost
|inactive|Battle timer is ON: inactive players will automatically lose when time's up. (requested by dunknut2)
|inactive|Arnauz10 has 60 seconds left.
|inactive|Arnauz10 has 30 seconds left.
|inactive|Arnauz10 has 20 seconds left.
|inactive|Arnauz10 has 15 seconds left.
|
|t:|1756315259
|teamsize|p1|4
|teamsize|p2|4
|start
|switch|p1a: Annihilape|Annihilape, L50, M|100/100
|switch|p1b: Dragonite|Dragonite, L50, F|100/100
|switch|p2a: Annihilape|Annihilape, L50, F, shiny|100/100
|switch|p2b: Maushold|Maushold-Four, L50|100/100
|turn|1
|
|t:|1756315283
|move|p2b: Maushold|Protect|p2b: Maushold
|-singleturn|p2b: Maushold|Protect
|move|p2a: Annihilape|Bulk Up|p2a: Annihilape
|-boost|p2a: Annihilape|atk|1
|-boost|p2a: Annihilape|def|1
|move|p1a: Annihilape|Coaching|p1b: Dragonite
|-boost|p1b: Dragonite|atk|1
|-boost|p1b: Dragonite|def|1
|move|p1b: Dragonite|Scale Shot|p2b: Maushold
|-activate|p2b: Maushold|move: Protect
|
|upkeep
|turn|2
|inactive|dunknut2 has 30 seconds left.
|inactive|dunknut2 has 20 seconds left.
|
|t:|1756315318
|move|p2b: Maushold|Beat Up|p2a: Annihilape
|-damage|p2a: Annihilape|99/100
|-damage|p2a: Annihilape|98/100
|-damage|p2a: Annihilape|97/100
|-damage|p2a: Annihilape|96/100
|-hitcount|p2a: Annihilape|4
|move|p1a: Annihilape|Coaching|p1b: Dragonite
|-boost|p1b: Dragonite|atk|1
|-boost|p1b: Dragonite|def|1
|move|p2a: Annihilape|Rage Fist|p1a: Annihilape
|-supereffective|p1a: Annihilape
|-enditem|p1a: Annihilape|Focus Sash
|-damage|p1a: Annihilape|1/100
|move|p1b: Dragonite|Scale Shot|p2b: Maushold
|-damage|p2b: Maushold|65/100
|-damage|p2b: Maushold|32/100
|-damage|p2b: Maushold|0 fnt
|faint|p2b: Maushold
|-hitcount|p2: Maushold|3
|-unboost|p1b: Dragonite|def|1
|-boost|p1b: Dragonite|spe|1
|
|-heal|p2a: Annihilape|100/100|[from] item: Leftovers
|upkeep
|inactive|dunknut2 has 30 seconds left.
|
|t:|1756315344
|switch|p2b: Sinistcha|Sinistcha, L50|100/100
|turn|3
|inactive|dunknut2 has 30 seconds left.
|inactive|dunknut2 has 20 seconds left.
|
|t:|1756315381
|move|p1b: Dragonite|Scale Shot|p2b: Sinistcha
|-damage|p2b: Sinistcha|77/100
|-damage|p2b: Sinistcha|53/100
|-damage|p2b: Sinistcha|31/100
|-enditem|p2b: Sinistcha|Sitrus Berry|[eat]
|-heal|p2b: Sinistcha|56/100|[from] item: Sitrus Berry
|-damage|p2b: Sinistcha|32/100
|-hitcount|p2b: Sinistcha|4
|-unboost|p1b: Dragonite|def|1
|-boost|p1b: Dragonite|spe|1
|move|p2a: Annihilape|Rage Fist|p1a: Annihilape
|-supereffective|p1a: Annihilape
|-damage|p1a: Annihilape|0 fnt
|faint|p1a: Annihilape
|move|p2b: Sinistcha|Trick Room|p2b: Sinistcha
|-fieldstart|move: Trick Room|[of] p2b: Sinistcha
|
|upkeep
|
|t:|1756315402
|switch|p1a: Porygon2|Porygon2, L50|100/100
|-ability|p1a: Porygon2|Download|boost
|-boost|p1a: Porygon2|spa|1
|turn|4
|
|t:|1756315427
|move|p1a: Porygon2|Ice Beam|p2b: Sinistcha
|-supereffective|p2b: Sinistcha
|-damage|p2b: Sinistcha|0 fnt
|faint|p2b: Sinistcha
|move|p2a: Annihilape|Drain Punch|p1a: Porygon2
|-supereffective|p1a: Porygon2
|-damage|p1a: Porygon2|44/100
|move|p1b: Dragonite|Scale Shot|p2a: Annihilape
|-damage|p2a: Annihilape|79/100
|-damage|p2a: Annihilape|57/100
|-damage|p2a: Annihilape|38/100
|-damage|p2a: Annihilape|17/100
|-damage|p2a: Annihilape|0 fnt
|faint|p2a: Annihilape
|-hitcount|p2: Annihilape|5
|-unboost|p1b: Dragonite|def|1
|-boost|p1b: Dragonite|spe|1
|
|upkeep
|
|t:|1756315437
|switch|p2b: Ursaluna|Ursaluna-Bloodmoon, L50, M|100/100
|turn|5
|inactive|Arnauz10 has 30 seconds left.
|
|t:|1756315463
|move|p2b: Ursaluna|Blood Moon|p1b: Dragonite
|-damage|p1b: Dragonite|63/100
|move|p1a: Porygon2|Ice Beam|p2b: Ursaluna
|-supereffective|p2b: Ursaluna
|-damage|p2b: Ursaluna|53/100
|move|p1b: Dragonite|Scale Shot|p2b: Ursaluna
|-damage|p2b: Ursaluna|34/100
|-damage|p2b: Ursaluna|15/100
|-damage|p2b: Ursaluna|0 fnt
|faint|p2b: Ursaluna
|-hitcount|p2: Ursaluna|3
|
|win|Arnauz10
