|j|☆yunsen
|j|☆iplaypadel
|html|yunseniplaypadel    
|uhtml|bestof|Game 3 of a best-of-3
|t:|1785184765
|gametype|doubles
|player|p1|yunsen|bellelba|1092
|player|p2|iplaypadel|2|1171
|gen|9
|tier|[Gen 9 Champions] VGC 2026 Reg M-B (Bo3)
|rated|
|rule|Species Clause: Limit one of each Pokémon
|rule|Item Clause: Limit 1 of each item
|clearpoke
|poke|p1|Staraptor, L50, M|
|poke|p1|Vanilluxe, L50, F|
|poke|p1|Farigiraf, L50, F|
|poke|p1|Blastoise, L50, F|
|poke|p1|Kingambit, L50, M|
|poke|p1|Camerupt, L50, M|
|poke|p2|Basculegion, L50, M|
|poke|p2|Aerodactyl, L50, M|
|poke|p2|Sinistcha, L50|
|poke|p2|Kangaskhan, L50, F|
|poke|p2|Floette-Eternal, L50, F|
|poke|p2|Incineroar, L50, M|
|teampreview|4
|showteam|p1|Staraptor||ChoiceScarf|Intimidate|FinalGambit,BraveBird,CloseCombat,Uturn|Jolly||M|||50|]Vanilluxe||NeverMeltIce|SnowWarning|Blizzard,FreezeDry,Protect,IceShard|Quiet||F|||50|]Farigiraf||SitrusBerry|ArmorTail|PsychicFangs,HyperVoice,HelpingHand,TrickRoom|Relaxed||F|||50|]Blastoise||Blastoisinite|Torrent|FakeOut,WaterSpout,AuraSphere,DarkPulse|Quiet||F|||50|]Kingambit||LifeOrb|Defiant|KowtowCleave,IronHead,Protect,SuckerPunch|Brave||M|||50|]Camerupt||Cameruptite|SolidRock|HeatWave,EarthPower,Protect,AncientPower|Quiet||M|||50|
|showteam|p2|Basculegion||ChoiceScarf|Adaptability|LastRespects,FlipTurn,WaveCrash,AquaJet|Jolly||M|||50|]Aerodactyl||FocusSash|Unnerve|Protect,Tailwind,RockSlide,DualWingbeat|Jolly||M|||50|]Sinistcha||KasibBerry|Hospitality|TrickRoom,RagePowder,MatchaGotcha,LifeDew|Relaxed|||||50|]Kangaskhan||Kangaskhanite|Scrappy|Protect,Crunch,DoubleEdge,DrainPunch|Jolly||F|||50|]Floette-Eternal||Floettite|FlowerVeil|DrainingKiss,DazzlingGleam,CalmMind,Protect|Timid||F|||50|]Incineroar||SitrusBerry|Intimidate|FakeOut,FlareBlitz,DarkestLariat,PartingShot|Adamant||M|||50|
|inactive|Battle timer is ON: inactive players will automatically lose when time's up. (requested by yunsen)
|
|t:|1785184793
|teamsize|p1|4
|teamsize|p2|4
|start
|switch|p1a: Farigiraf|Farigiraf, L50, F|100/100
|switch|p1b: Vanilluxe|Vanilluxe, L50, F|100/100
|switch|p2a: Floette|Floette-Eternal, L50, F|100/100
|switch|p2b: Sinistcha|Sinistcha, L50|100/100
|-weather|Snowscape|[from] ability: Snow Warning|[of] p1b: Vanilluxe
|turn|1
|inactive|yunsen has 30 seconds left.
|inactive|iplaypadel has 30 seconds left.
|inactive|iplaypadel has 20 seconds left.
|inactive|iplaypadel has 15 seconds left.
|inactive|yunsen has 20 seconds left.
|inactive|iplaypadel has 10 seconds left.
|inactive|yunsen has 15 seconds left.
|
|t:|1785184851
|switch|p2b: Aerodactyl|Aerodactyl, L50, M|100/100
|-ability|p2b: Aerodactyl|Unnerve
|detailschange|p2a: Floette|Floette-Mega, L50, F
|-mega|p2a: Floette|Floette|Floettite
|-ability|p2a: Floette|Fairy Aura
|move|p2a: Floette|Calm Mind|p2a: Floette
|-boost|p2a: Floette|spa|1
|-boost|p2a: Floette|spd|1
|move|p1b: Vanilluxe|Blizzard|p2b: Aerodactyl|[spread] p2a,p2b
|-supereffective|p2b: Aerodactyl|1
|-damage|p2a: Floette|68/100
|-enditem|p2b: Aerodactyl|Focus Sash
|-damage|p2b: Aerodactyl|1/100
|move|p1a: Farigiraf|Trick Room|p1a: Farigiraf
|-fieldstart|move: Trick Room|[of] p1a: Farigiraf
|
|-weather|Snowscape|[upkeep]
|upkeep
|turn|2
|
|t:|1785184870
|move|p1a: Farigiraf|Helping Hand|p1b: Vanilluxe
|-singleturn|p1b: Vanilluxe|Helping Hand|[of] p1a: Farigiraf
|move|p2a: Floette|Protect|p2a: Floette
|-singleturn|p2a: Floette|Protect
|move|p1b: Vanilluxe|Blizzard|p2a: Floette|[spread] p2b
|-activate|p2a: Floette|move: Protect
|-supereffective|p2b: Aerodactyl|1
|-damage|p2b: Aerodactyl|0 fnt
|faint|p2b: Aerodactyl
|
|-weather|Snowscape|[upkeep]
|upkeep
|
|t:|1785184877
|switch|p2b: Sinistcha|Sinistcha, L50|100/100
|-heal|p2a: Floette|92/100|[from] ability: Hospitality|[of] p2b: Sinistcha
|turn|3
|
|t:|1785184887
|move|p1a: Farigiraf|Helping Hand|p1b: Vanilluxe
|-singleturn|p1b: Vanilluxe|Helping Hand|[of] p1a: Farigiraf
|move|p1b: Vanilluxe|Blizzard|p2b: Sinistcha|[spread] p2a,p2b
|-supereffective|p2b: Sinistcha|1
|-damage|p2a: Floette|48/100
|-damage|p2b: Sinistcha|0 fnt
|faint|p2b: Sinistcha
|move|p2a: Floette|Calm Mind|p2a: Floette
|-boost|p2a: Floette|spa|1
|-boost|p2a: Floette|spd|1
|
|-weather|Snowscape|[upkeep]
|upkeep
|
|t:|1785184895
|switch|p2b: Basculegion|Basculegion, L50, M|100/100
|turn|4
|j| sunrakugaming
|inactive|yunsen has 30 seconds left.
|
|t:|1785184929
|move|p2a: Floette|Protect|p2a: Floette
|-singleturn|p2a: Floette|Protect
|move|p1a: Farigiraf|Psychic Fangs|p2a: Floette
|-activate|p2a: Floette|move: Protect
|move|p1b: Vanilluxe|Blizzard|p2b: Basculegion|[spread] p2b
|-activate|p2a: Floette|move: Protect
|-resisted|p2b: Basculegion|1
|-damage|p2b: Basculegion|69/100
|move|p2b: Basculegion|Wave Crash|p1b: Vanilluxe
|-damage|p1b: Vanilluxe|42/100
|-damage|p2b: Basculegion|51/100|[from] Recoil
|
|-weather|Snowscape|[upkeep]
|upkeep
|turn|5
|
|t:|1785184945
|move|p1a: Farigiraf|Psychic Fangs|p2a: Floette
|-damage|p2a: Floette|13/100
|move|p1b: Vanilluxe|Blizzard|p2a: Floette|[spread] p2a,p2b
|-resisted|p2b: Basculegion|1
|-damage|p2a: Floette|0 fnt
|-damage|p2b: Basculegion|21/100
|-status|p2b: Basculegion|frz
|faint|p2a: Floette
|-curestatus|p2b: Basculegion|frz|[msg]
|move|p2b: Basculegion|Wave Crash|p1b: Vanilluxe
|-damage|p1b: Vanilluxe|0 fnt
|faint|p1b: Vanilluxe
|-damage|p2b: Basculegion|8/100|[from] Recoil
|
|-weather|none
|-fieldend|move: Trick Room
|upkeep
|
|t:|1785184950
|switch|p1b: Kingambit|Kingambit, L50, M|100/100
|turn|6
|l|☆iplaypadel
|inactive|iplaypadel disconnected and has a minute to reconnect!
|player|p2|
|inactive|iplaypadel has 30 seconds left.
|inactive|iplaypadel has 20 seconds left.
|inactive|iplaypadel has 15 seconds left.
|inactive|iplaypadel has 10 seconds left.
|inactive|iplaypadel has 5 seconds left.
|-message|iplaypadel lost due to inactivity.
|
|win|yunsen
|raw|yunsen's rating: 1092 → 1124(+32 for winning)
|raw|iplaypadel's rating: 1171 → 1140(-31 for losing)
