|j|☆Sakky09
|j|☆dont make me walk
|html|Sakky09dont make me walk    
|uhtml|bestof|Game 1 of a best-of-3
|t:|1757059126
|gametype|doubles
|player|p1|Sakky09|sailor|1271
|player|p2|dont make me walk|red-masters3|1417
|gen|9
|tier|[Gen 9] VGC 2025 Reg H (Bo3)
|rated|
|rule|Species Clause: Limit one of each Pokémon
|rule|Item Clause: Limit 1 of each item
|clearpoke
|poke|p1|Pelipper, L50, M|
|poke|p1|Archaludon, L50, M|
|poke|p1|Dragonite, L50, M|
|poke|p1|Gholdengo, L50|
|poke|p1|Ursaluna, L50, M|
|poke|p1|Sinistcha, L50|
|poke|p2|Ursaluna-Bloodmoon, L50, M|
|poke|p2|Indeedee, L50, M|
|poke|p2|Sneasler, L50, M|
|poke|p2|Incineroar, L50, M|
|poke|p2|Talonflame, L50, F|
|poke|p2|Garchomp, L50, M|
|teampreview|4
|showteam|p1|Pelipper||FocusSash|Drizzle|MuddyWater,Hurricane,Tailwind,Protect|||M|||50|,,,,,Ghost]Archaludon||AssaultVest|Stamina|FlashCannon,BodyPress,ElectroShot,Snarl|||M|||50|,,,,,Fighting]Dragonite||LoadedDice|Multiscale|ScaleShot,Tailwind,Haze,Protect|||M|||50|,,,,,Fairy]Gholdengo||ChoiceScarf|GoodasGold|MakeItRain,ShadowBall,Trick,Protect||||||50|,,,,,Flying]Ursaluna||FlameOrb|Guts|Facade,HeadlongRush,Earthquake,Protect|||M|||50|,,,,,Ghost]Sinistcha||SitrusBerry|Hospitality|MatchaGotcha,LifeDew,RagePowder,TrickRoom||||||50|,,,,,Dark
|showteam|p2|Ursaluna-Bloodmoon||LifeOrb|MindsEye|Protect,EarthPower,HyperVoice,BloodMoon|||M|||50|,,,,,Normal]Indeedee||FocusSash|PsychicSurge|ExpandingForce,Protect,TrickRoom,Imprison|||M|||50|,,,,,Psychic]Sneasler||PsychicSeed|Unburden|DireClaw,CloseCombat,ThroatChop,Protect|||M|||50|,,,,,Dark]Incineroar||SafetyGoggles|Intimidate|FakeOut,KnockOff,FlareBlitz,PartingShot|||M|||50|,,,,,Ghost]Talonflame||CovertCloak|GaleWings|FlareBlitz,DualWingbeat,WillOWisp,Tailwind|||F|||50|,,,,,Fairy]Garchomp||ClearAmulet|RoughSkin|Earthquake,StompingTantrum,DragonClaw,Protect|||M|||50|,,,,,Fairy
|inactive|Battle timer is ON: inactive players will automatically lose when time's up. (requested by dont make me walk)
|inactive|Sakky09 has 60 seconds left.
|inactive|Sakky09 has 30 seconds left.
|inactive|Sakky09 has 20 seconds left.
|
|t:|1757059197
|teamsize|p1|4
|teamsize|p2|4
|start
|switch|p1a: Gholdengo|Gholdengo, L50|100/100
|switch|p1b: Dragonite|Dragonite, L50, M|100/100
|switch|p2a: Sneasler|Sneasler, L50, M|100/100
|switch|p2b: Indeedee|Indeedee, L50, M|100/100
|-fieldstart|move: Psychic Terrain|[from] ability: Psychic Surge|[of] p2b: Indeedee
|-enditem|p2a: Sneasler|Psychic Seed
|-boost|p2a: Sneasler|spd|1|[from] item: Psychic Seed
|turn|1
|inactive|Sakky09 has 30 seconds left.
|inactive|dont make me walk has 30 seconds left.
|inactive|Sakky09 has 20 seconds left.
|inactive|Sakky09 has 15 seconds left.
|
|t:|1757059241
|move|p2a: Sneasler|Dire Claw|p1b: Dragonite
|-damage|p1b: Dragonite|77/100
|move|p1a: Gholdengo|Make It Rain|p2a: Sneasler|[spread] p2a,p2b
|-damage|p2a: Sneasler|51/100
|-damage|p2b: Indeedee|29/100
|-unboost|p1a: Gholdengo|spa|1
|move|p2b: Indeedee|Expanding Force|p1b: Dragonite|[spread] p1a,p1b
|-resisted|p1a: Gholdengo
|-damage|p1a: Gholdengo|70/100
|-damage|p1b: Dragonite|21/100
|move|p1b: Dragonite|Scale Shot|p2a: Sneasler
|-damage|p2a: Sneasler|26/100
|-damage|p2a: Sneasler|2/100
|-damage|p2a: Sneasler|0 fnt
|faint|p2a: Sneasler
|-hitcount|p2: Sneasler|3
|-unboost|p1b: Dragonite|def|1
|-boost|p1b: Dragonite|spe|1
|
|upkeep
|
|t:|1757059251
|switch|p2a: Talonflame|Talonflame, L50, F|100/100
|turn|2
|
|t:|1757059270
|move|p1b: Dragonite|Protect|p1b: Dragonite
|-singleturn|p1b: Dragonite|Protect
|move|p2a: Talonflame|Tailwind|p2a: Talonflame
|-sidestart|p2: dont make me walk|move: Tailwind
|move|p2b: Indeedee|Expanding Force|p1b: Dragonite|[spread] p1a
|-activate|p1b: Dragonite|move: Protect
|-resisted|p1a: Gholdengo
|-damage|p1a: Gholdengo|42/100
|move|p1a: Gholdengo|Make It Rain|p2a: Talonflame|[spread] p2a,p2b
|-resisted|p2a: Talonflame
|-damage|p2a: Talonflame|76/100
|-damage|p2b: Indeedee|0 fnt
|-unboost|p1a: Gholdengo|spa|1
|faint|p2b: Indeedee
|
|upkeep
|
|t:|1757059273
|switch|p2b: Ursaluna|Ursaluna-Bloodmoon, L50, M|100/100
|turn|3
|inactive|Sakky09 has 30 seconds left.
|
|t:|1757059307
|switch|p1a: Ursaluna|Ursaluna, L50, M|100/100
|-terastallize|p2b: Ursaluna|Normal
|move|p1b: Dragonite|Protect||[still]
|-fail|p1b: Dragonite
|move|p2a: Talonflame|Flare Blitz|p1a: Ursaluna
|-damage|p1a: Ursaluna|71/100
|-damage|p2a: Talonflame|65/100|[from] Recoil
|move|p2b: Ursaluna|Hyper Voice|p1b: Dragonite|[spread] p1a,p1b
|-damage|p1a: Ursaluna|0 fnt
|-damage|p1b: Dragonite|0 fnt
|faint|p1a: Ursaluna
|faint|p1b: Dragonite
|-damage|p2b: Ursaluna|91/100|[from] item: Life Orb
|
|upkeep
|
|t:|1757059324
|switch|p1b: Gholdengo|Gholdengo, L50|42/100
|switch|p1a: Pelipper|Pelipper, L50, M|100/100
|-weather|RainDance|[from] ability: Drizzle|[of] p1a: Pelipper
|turn|4
|inactive|Sakky09 has 30 seconds left.
|inactive|Sakky09 has 20 seconds left.
|inactive|Sakky09 has 15 seconds left.
|
|t:|1757059369
|move|p1a: Pelipper|Protect|p1a: Pelipper
|-singleturn|p1a: Pelipper|Protect
|move|p2a: Talonflame|Dual Wingbeat|p1a: Pelipper
|-activate|p1a: Pelipper|move: Protect
|move|p1b: Gholdengo|Shadow Ball|p2a: Talonflame
|-damage|p2a: Talonflame|1/100
|move|p2b: Ursaluna|Hyper Voice|p1b: Gholdengo|[spread] p1b
|-activate|p1a: Pelipper|move: Protect
|-resisted|p1b: Gholdengo
|-damage|p1b: Gholdengo|0 fnt
|faint|p1b: Gholdengo
|-damage|p2b: Ursaluna|81/100|[from] item: Life Orb
|
|-weather|RainDance|[upkeep]
|upkeep
|turn|5
|inactive|Sakky09 has 30 seconds left.
|
|t:|1757059394
|move|p2a: Talonflame|Flare Blitz|p1a: Pelipper
|-resisted|p1a: Pelipper
|-damage|p1a: Pelipper|89/100
|-damage|p2a: Talonflame|0 fnt|[from] Recoil
|faint|p2a: Talonflame
|move|p2b: Ursaluna|Blood Moon|p1a: Pelipper
|-damage|p1a: Pelipper|0 fnt
|faint|p1a: Pelipper
|-damage|p2b: Ursaluna|72/100|[from] item: Life Orb
|
|win|dont make me walk
||dont make me walk is ready for game 2.
|inactive|Sakky09 has 30 seconds to confirm battle start!
||Sakky09 is ready for game 2.
|uhtml|next|Next: Game 2 of 3
