|j|☆Freudianbreath
|j|☆Raw_jello
|html|FreudianbreathRaw_jello    
|uhtml|bestof|Game 1 of a best-of-3
|t:|1756954848
|gametype|doubles
|player|p1|Freudianbreath|102|1088
|player|p2|Raw_jello|rood|1027
|gen|9
|tier|[Gen 9] VGC 2025 Reg H (Bo3)
|rated|
|rule|Species Clause: Limit one of each Pokémon
|rule|Item Clause: Limit 1 of each item
|clearpoke
|poke|p1|Incineroar, L50, F|
|poke|p1|Rillaboom, L50, F|
|poke|p1|Palafin, L50, M|
|poke|p1|Pelipper, L50, M|
|poke|p1|Amoonguss, L50, M|
|poke|p1|Primarina, L50, F|
|poke|p2|Metagross, L50|
|poke|p2|Rillaboom, L50, M|
|poke|p2|Gengar, L50, F|
|poke|p2|Porygon2, L50|
|poke|p2|Garchomp, L50, M|
|poke|p2|Conkeldurr, L50, M|
|teampreview|4
|showteam|p1|Incineroar||SafetyGoggles|Intimidate|FakeOut,KnockOff,WillOWisp,FlareBlitz|||F|||50|,,,,,Ghost]Rillaboom||AssaultVest|GrassySurge|WoodHammer,GrassyGlide,FakeOut,Uturn|||F|||50|,,,,,Fire]Palafin||Leftovers|ZerotoHero|BulkUp,JetPunch,DrainPunch,Protect|||M|||50|,,,,,Grass]Pelipper||FocusSash|Drizzle|Hurricane,WeatherBall,Tailwind,Protect|||M|||50|,,,,,Stellar]Amoonguss||RockyHelmet|Regenerator|PollenPuff,Spore,RagePowder,Protect|||M|||50|,,,,,Fairy]Primarina||ThroatSpray|LiquidVoice|HyperVoice,Moonblast,Haze,Protect|||F|||50|,,,,,Grass
|showteam|p2|Metagross||Leftovers|ClearBody|PsychicFangs,MeteorMash,BulletPunch,Protect||||||50|,,,,,Grass]Rillaboom||AssaultVest|GrassySurge|FakeOut,GrassyGlide,HighHorsepower,Uturn|||M|||50|,,,,,Poison]Gengar||FocusSash|CursedBody|ShadowBall,SludgeBomb,Encore,Protect|||F|||50|,,,,,Fairy]Porygon2||Eviolite|Download|TeraBlast,ShadowBall,Recover,TrickRoom||||||50|,,,,,Flying]Garchomp||ChoiceBand|RoughSkin|StompingTantrum,Earthquake,DragonClaw,IronHead|||M|||50|,,,,,Steel]Conkeldurr||ClearAmulet|Guts|DrainPunch,MachPunch,KnockOff,Protect|||M|||50|,,,,,Water
|inactive|Battle timer is ON: inactive players will automatically lose when time's up. (requested by Raw_jello)
|inactive|Freudianbreath has 60 seconds left.
|inactive|Freudianbreath has 30 seconds left.
|inactive|Freudianbreath has 20 seconds left.
|inactive|Freudianbreath has 15 seconds left.
|inactive|Freudianbreath has 10 seconds left.
|inactive|Freudianbreath has 5 seconds left.
|
|t:|1756954955
|teamsize|p1|4
|teamsize|p2|4
|start
|switch|p1a: Rillaboom|Rillaboom, L50, F|100/100
|switch|p1b: Incineroar|Incineroar, L50, F|100/100
|switch|p2a: Gengar|Gengar, L50, F|100/100
|switch|p2b: Porygon2|Porygon2, L50|100/100
|-fieldstart|move: Grassy Terrain|[from] ability: Grassy Surge|[of] p1a: Rillaboom
|-ability|p1b: Incineroar|Intimidate|boost
|-unboost|p2a: Gengar|atk|1
|-unboost|p2b: Porygon2|atk|1
|-ability|p2b: Porygon2|Download|boost
|-boost|p2b: Porygon2|spa|1
|turn|1
|inactive|Freudianbreath has 30 seconds left.
|inactive|Freudianbreath has 20 seconds left.
|inactive|Raw_jello has 30 seconds left.
|
|t:|1756954995
|-terastallize|p2b: Porygon2|Flying
|move|p2a: Gengar|Protect|p2a: Gengar
|-singleturn|p2a: Gengar|Protect
|move|p1a: Rillaboom|Fake Out|p2b: Porygon2
|-damage|p2b: Porygon2|92/100
|move|p1b: Incineroar|Knock Off|p2b: Porygon2
|-damage|p2b: Porygon2|71/100
|-enditem|p2b: Porygon2|Eviolite|[from] move: Knock Off|[of] p1b: Incineroar
|cant|p2b: Porygon2|flinch
|
|upkeep
|turn|2
|inactive|Freudianbreath has 30 seconds left.
|inactive|Raw_jello has 30 seconds left.
|
|t:|1756955028
|switch|p1a: Pelipper|Pelipper, L50, M|100/100
|-weather|RainDance|[from] ability: Drizzle|[of] p1a: Pelipper
|move|p2a: Gengar|Encore||[still]
|-fail|p2a: Gengar
|move|p1b: Incineroar|Knock Off|p2a: Gengar
|-supereffective|p2a: Gengar
|-enditem|p2a: Gengar|Focus Sash
|-damage|p2a: Gengar|1/100
|move|p2b: Porygon2|Tera Blast|p1b: Incineroar|[anim] Tera Blast Flying
|-damage|p1b: Incineroar|63/100
|
|-weather|RainDance|[upkeep]
|-heal|p2a: Gengar|7/100|[from] Grassy Terrain
|-heal|p1b: Incineroar|69/100|[from] Grassy Terrain
|upkeep
|turn|3
|inactive|Freudianbreath has 30 seconds left.
|inactive|Freudianbreath has 20 seconds left.
|inactive|Freudianbreath has 15 seconds left.
|inactive|Freudianbreath has 10 seconds left.
|
|t:|1756955080
|move|p2a: Gengar|Sludge Bomb|p1a: Pelipper
|-damage|p1a: Pelipper|21/100
|move|p1a: Pelipper|Hurricane|p2b: Porygon2
|-damage|p2b: Porygon2|25/100
|move|p1b: Incineroar|Knock Off|p2b: Porygon2
|-damage|p2b: Porygon2|4/100
|move|p2b: Porygon2|Trick Room|p2b: Porygon2
|-fieldstart|move: Trick Room|[of] p2b: Porygon2
|
|-weather|RainDance|[upkeep]
|-heal|p1b: Incineroar|75/100|[from] Grassy Terrain
|-heal|p2a: Gengar|13/100|[from] Grassy Terrain
|upkeep
|turn|4
|inactive|Freudianbreath has 30 seconds left.
|inactive|Raw_jello has 30 seconds left.
|inactive|Freudianbreath has 20 seconds left.
|
|t:|1756955117
|switch|p2a: Metagross|Metagross, L50|100/100
|move|p1a: Pelipper|Protect|p1a: Pelipper
|-singleturn|p1a: Pelipper|Protect
|move|p2b: Porygon2|Recover|p2b: Porygon2
|-heal|p2b: Porygon2|54/100
|move|p1b: Incineroar|Knock Off|p2a: Metagross
|-supereffective|p2a: Metagross
|-damage|p2a: Metagross|32/100
|-enditem|p2a: Metagross|Leftovers|[from] move: Knock Off|[of] p1b: Incineroar
|
|-weather|RainDance|[upkeep]
|-heal|p1b: Incineroar|81/100|[from] Grassy Terrain
|-heal|p2a: Metagross|38/100|[from] Grassy Terrain
|upkeep
|turn|5
|inactive|Freudianbreath has 30 seconds left.
|
|t:|1756955144
|move|p2b: Porygon2|Tera Blast|p1b: Incineroar|[anim] Tera Blast Flying
|-damage|p1b: Incineroar|43/100
|move|p1b: Incineroar|Will-O-Wisp|p2a: Metagross
|-status|p2a: Metagross|brn
|move|p2a: Metagross|Meteor Mash|p1a: Pelipper
|-resisted|p1a: Pelipper
|-damage|p1a: Pelipper|3/100
|-boost|p2a: Metagross|atk|1
|move|p1a: Pelipper|Hurricane|p2b: Porygon2
|-damage|p2b: Porygon2|11/100
|
|-weather|RainDance|[upkeep]
|-heal|p1b: Incineroar|49/100|[from] Grassy Terrain
|-heal|p2a: Metagross|44/100 brn|[from] Grassy Terrain
|-damage|p2a: Metagross|38/100 brn|[from] brn
|-fieldend|move: Grassy Terrain
|upkeep
|turn|6
|
|t:|1756955168
|move|p1a: Pelipper|Protect|p1a: Pelipper
|-singleturn|p1a: Pelipper|Protect
|move|p2a: Metagross|Bullet Punch|p1a: Pelipper
|-activate|p1a: Pelipper|move: Protect
|move|p2b: Porygon2|Recover|p2b: Porygon2
|-heal|p2b: Porygon2|61/100
|move|p1b: Incineroar|Knock Off|p2b: Porygon2
|-damage|p2b: Porygon2|36/100
|
|-weather|none
|-damage|p2a: Metagross|32/100 brn|[from] brn
|upkeep
|turn|7
|inactive|Freudianbreath has 30 seconds left.
|
|t:|1756955194
|switch|p1a: Rillaboom|Rillaboom, L50, F|100/100
|-fieldstart|move: Grassy Terrain|[from] ability: Grassy Surge|[of] p1a: Rillaboom
|move|p2b: Porygon2|Recover|p2b: Porygon2
|-heal|p2b: Porygon2|86/100
|move|p1b: Incineroar|Knock Off|p2b: Porygon2
|-damage|p2b: Porygon2|63/100
|move|p2a: Metagross|Meteor Mash|p1a: Rillaboom
|-damage|p1a: Rillaboom|62/100
|
|-heal|p1b: Incineroar|55/100|[from] Grassy Terrain
|-heal|p2a: Metagross|38/100 brn|[from] Grassy Terrain
|-heal|p1a: Rillaboom|68/100|[from] Grassy Terrain
|-damage|p2a: Metagross|32/100 brn|[from] brn
|-fieldend|move: Trick Room
|upkeep
|turn|8
|inactive|Freudianbreath has 30 seconds left.
|inactive|Raw_jello has 30 seconds left.
|
|t:|1756955229
|move|p1a: Rillaboom|Fake Out|p2b: Porygon2
|-damage|p2b: Porygon2|50/100
|move|p2a: Metagross|Psychic Fangs|p1a: Rillaboom
|-damage|p1a: Rillaboom|32/100
|move|p1b: Incineroar|Flare Blitz|p2b: Porygon2
|-damage|p2b: Porygon2|8/100
|-status|p2b: Porygon2|brn
|-damage|p1b: Incineroar|41/100|[from] Recoil
|cant|p2b: Porygon2|flinch
|
|-heal|p1a: Rillaboom|38/100|[from] Grassy Terrain
|-heal|p2a: Metagross|38/100 brn|[from] Grassy Terrain
|-heal|p1b: Incineroar|47/100|[from] Grassy Terrain
|-damage|p2a: Metagross|32/100 brn|[from] brn
|-damage|p2b: Porygon2|2/100 brn|[from] brn
|upkeep
|turn|9
|inactive|Freudianbreath has 30 seconds left.
|
|t:|1756955259
|move|p1a: Rillaboom|Grassy Glide|p2b: Porygon2
|-resisted|p2b: Porygon2
|-damage|p2b: Porygon2|0 fnt
|faint|p2b: Porygon2
|move|p2a: Metagross|Psychic Fangs|p1a: Rillaboom
|-damage|p1a: Rillaboom|2/100
|move|p1b: Incineroar|Flare Blitz|p2a: Metagross
|-supereffective|p2a: Metagross
|-damage|p2a: Metagross|0 fnt
|faint|p2a: Metagross
|-damage|p1b: Incineroar|38/100|[from] Recoil
|
|-heal|p1a: Rillaboom|8/100|[from] Grassy Terrain
|-heal|p1b: Incineroar|44/100|[from] Grassy Terrain
|upkeep
|
|t:|1756955263
|switch|p2a: Rillaboom|Rillaboom, L50, M|100/100
|switch|p2b: Gengar|Gengar, L50, F|13/100
|turn|10
|inactive|Freudianbreath has 30 seconds left.
|inactive|Freudianbreath has 20 seconds left.
|inactive|Freudianbreath has 15 seconds left.
|inactive|Freudianbreath has 10 seconds left.
|inactive|Freudianbreath has 5 seconds left.
|
|t:|1756955313
|move|p1a: Rillaboom|Grassy Glide|p2b: Gengar
|-resisted|p2b: Gengar
|-damage|p2b: Gengar|0 fnt
|faint|p2b: Gengar
|move|p2a: Rillaboom|Grassy Glide|p1a: Rillaboom
|-resisted|p1a: Rillaboom
|-damage|p1a: Rillaboom|0 fnt
|faint|p1a: Rillaboom
|move|p1b: Incineroar|Knock Off|p2a: Rillaboom
|-damage|p2a: Rillaboom|62/100
|-enditem|p2a: Rillaboom|Assault Vest|[from] move: Knock Off|[of] p1b: Incineroar
|
|-heal|p2a: Rillaboom|68/100|[from] Grassy Terrain
|-heal|p1b: Incineroar|50/100|[from] Grassy Terrain
|upkeep
|
|t:|1756955322
|switch|p1a: Primarina|Primarina, L50, F|100/100
|turn|11
|-message|Raw_jello forfeited.
|
|win|Freudianbreath
|l|☆Raw_jello
|player|p2|
