|j|☆Avocanoodle
|j|☆TheMismatcher
|html|AvocanoodleTheMismatcher    
|uhtml|bestof|Game 1 of a best-of-3
|t:|1756190224
|gametype|doubles
|player|p1|Avocanoodle|102|1316
|player|p2|TheMismatcher|170|1363
|gen|9
|tier|[Gen 9] VGC 2025 Reg H (Bo3)
|rated|
|rule|Species Clause: Limit one of each Pokémon
|rule|Item Clause: Limit 1 of each item
|clearpoke
|poke|p1|Dragonite, L50, M|
|poke|p1|Ursaluna-Bloodmoon, L50, M|
|poke|p1|Archaludon, L50, F|
|poke|p1|Annihilape, L50, F|
|poke|p1|Garganacl, L50, F|
|poke|p1|Clefable, L50, M|
|poke|p2|Pelipper, L50, M|
|poke|p2|Basculegion, L50, M|
|poke|p2|Amoonguss, L50, F|
|poke|p2|Archaludon, L50, M|
|poke|p2|Greninja-*, L50, F|
|poke|p2|Annihilape, L50, M|
|teampreview|4
|showteam|p1|Dragonite||LoadedDice|Multiscale|ScaleShot,Protect,Tailwind,TeraBlast|||M|||50|,,,,,Flying]Ursaluna-Bloodmoon||AssaultVest|MindsEye|BloodMoon,VacuumWave,HyperVoice,EarthPower|||M|||50|,,,,,Water]Archaludon||PowerHerb|Sturdy|DracoMeteor,Protect,ElectroShot,Thunderbolt|||F|||50|,,,,,Electric]Annihilape||SitrusBerry|Defiant|FinalGambit,RageFist,CloseCombat,Coaching|||F|||50|,,,,,Water]Garganacl||Leftovers|PurifyingSalt|WideGuard,Protect,SaltCure,HeavySlam|||F|||50|,,,,,Bug]Clefable||SafetyGoggles|Unaware|Protect,FollowMe,Moonblast,LifeDew|||M|||50|,,,,,Water
|showteam|p2|Pelipper||FocusSash|Drizzle|WeatherBall,Hurricane,Tailwind,WideGuard|||M|||50|,,,,,Stellar]Basculegion||ChoiceBand|SwiftSwim|WaveCrash,FlipTurn,LastRespects,AquaJet|||M|||50|,,,,,Grass]Amoonguss||SitrusBerry|Regenerator|Spore,RagePowder,PollenPuff,ClearSmog|||F|||50|,,,,,Dark]Archaludon||AssaultVest|Stamina|DragonPulse,FlashCannon,ElectroShot,BodyPress|||M|||50|,,,,,Grass]Greninja||LoadedDice|Torrent|WaterShuriken,Protect,Taunt,RainDance|||F|||50|,,,,,Ghost]Annihilape||ChoiceScarf|Defiant|CloseCombat,RageFist,Uturn,FinalGambit|||M|||50|,,,,,Grass
|inactive|Battle timer is ON: inactive players will automatically lose when time's up. (requested by Avocanoodle)
|inactive|Avocanoodle has 60 seconds left.
|inactive|TheMismatcher has 60 seconds left.
|inactive|TheMismatcher has 30 seconds left.
|
|t:|1756190290
|teamsize|p1|4
|teamsize|p2|4
|start
|switch|p1a: Annihilape|Annihilape, L50, F|100/100
|switch|p1b: Dragonite|Dragonite, L50, M|100/100
|switch|p2a: Greninja|Greninja, L50, F|100/100
|switch|p2b: Annihilape|Annihilape, L50, M|100/100
|turn|1
|inactive|Avocanoodle has 30 seconds left.
|
|t:|1756190321
|move|p1b: Dragonite|Protect|p1b: Dragonite
|-singleturn|p1b: Dragonite|Protect
|move|p2a: Greninja|Water Shuriken|p2b: Annihilape
|-damage|p2b: Annihilape|95/100
|-damage|p2b: Annihilape|89/100
|-damage|p2b: Annihilape|83/100
|-damage|p2b: Annihilape|77/100
|-damage|p2b: Annihilape|72/100
|-hitcount|p2b: Annihilape|5
|move|p2b: Annihilape|Rage Fist|p1a: Annihilape
|-supereffective|p1a: Annihilape
|-damage|p1a: Annihilape|0 fnt
|faint|p1a: Annihilape
|
|upkeep
|inactive|Avocanoodle has 30 seconds left.
|inactive|Avocanoodle has 20 seconds left.
|inactive|Avocanoodle has 15 seconds left.
|inactive|Avocanoodle has 10 seconds left.
|
|t:|1756190370
|switch|p1a: Clefable|Clefable, L50, M|100/100
|turn|2
|
|t:|1756190386
|move|p1a: Clefable|Follow Me|p1a: Clefable
|-singleturn|p1a: Clefable|move: Follow Me
|move|p2a: Greninja|Water Shuriken|p1a: Clefable
|-damage|p1a: Clefable|95/100
|-damage|p1a: Clefable|90/100
|-damage|p1a: Clefable|84/100
|-damage|p1a: Clefable|79/100
|-damage|p1a: Clefable|73/100
|-hitcount|p1a: Clefable|5
|move|p2b: Annihilape|Rage Fist|p1a: Clefable
|-damage|p1a: Clefable|0 fnt
|faint|p1a: Clefable
|move|p1b: Dragonite|Tailwind|p1b: Dragonite
|-sidestart|p1: Avocanoodle|move: Tailwind
|
|upkeep
|
|t:|1756190391
|switch|p1a: Archaludon|Archaludon, L50, F|100/100
|turn|3
|inactive|TheMismatcher has 30 seconds left.
|
|t:|1756190419
|switch|p2b: Archaludon|Archaludon, L50, M|100/100
|-terastallize|p1b: Dragonite|Flying
|move|p2a: Greninja|Water Shuriken|p1b: Dragonite
|-damage|p1b: Dragonite|98/100
|-damage|p1b: Dragonite|93/100
|-damage|p1b: Dragonite|88/100
|-crit|p1b: Dragonite
|-damage|p1b: Dragonite|79/100
|-hitcount|p1b: Dragonite|4
|move|p1a: Archaludon|Electro Shot||[still]
|-prepare|p1a: Archaludon|Electro Shot
|-boost|p1a: Archaludon|spa|1
|-enditem|p1a: Archaludon|Power Herb
|-anim|p1a: Archaludon|Electro Shot|p2a: Greninja
|-supereffective|p2a: Greninja
|-damage|p2a: Greninja|0 fnt
|faint|p2a: Greninja
|move|p1b: Dragonite|Tera Blast|p2b: Archaludon|[anim] Tera Blast Flying
|-resisted|p2b: Archaludon
|-damage|p2b: Archaludon|79/100
|-ability|p2b: Archaludon|Stamina|boost
|-boost|p2b: Archaludon|def|1
|
|upkeep
|
|t:|1756190431
|switch|p2a: Pelipper|Pelipper, L50, M|100/100
|-weather|RainDance|[from] ability: Drizzle|[of] p2a: Pelipper
|turn|4
|
|t:|1756190452
|move|p1a: Archaludon|Draco Meteor|p2b: Archaludon|[miss]
|-miss|p1a: Archaludon|p2b: Archaludon
|move|p1b: Dragonite|Scale Shot|p2b: Archaludon
|-damage|p2b: Archaludon|72/100
|-ability|p2b: Archaludon|Stamina|boost
|-boost|p2b: Archaludon|def|1
|-damage|p2b: Archaludon|67/100
|-ability|p2b: Archaludon|Stamina|boost
|-boost|p2b: Archaludon|def|1
|-damage|p2b: Archaludon|62/100
|-ability|p2b: Archaludon|Stamina|boost
|-boost|p2b: Archaludon|def|1
|-damage|p2b: Archaludon|57/100
|-ability|p2b: Archaludon|Stamina|boost
|-boost|p2b: Archaludon|def|1
|-damage|p2b: Archaludon|54/100
|-ability|p2b: Archaludon|Stamina|boost
|-boost|p2b: Archaludon|def|1
|-hitcount|p2b: Archaludon|5
|-unboost|p1b: Dragonite|def|1
|-boost|p1b: Dragonite|spe|1
|move|p2b: Archaludon|Electro Shot||[still]
|-prepare|p2b: Archaludon|Electro Shot
|-boost|p2b: Archaludon|spa|1
|-anim|p2b: Archaludon|Electro Shot|p1b: Dragonite
|-supereffective|p1b: Dragonite
|-damage|p1b: Dragonite|0 fnt
|faint|p1b: Dragonite
|move|p2a: Pelipper|Tailwind|p2a: Pelipper
|-sidestart|p2: TheMismatcher|move: Tailwind
|
|-weather|RainDance|[upkeep]
|upkeep
|turn|5
|-message|Avocanoodle forfeited.
|
|win|TheMismatcher
||Avocanoodle is ready for game 2.
||TheMismatcher is ready for game 2.
|uhtml|next|Next: Game 2 of 3
|l|☆Avocanoodle
|player|p1|
