|j|☆viatles
|j|☆Prof Cycad
|html|viatlesProf Cycad    
|uhtml|bestof|Game 1 of a best-of-3
|t:|1785271926
|gametype|doubles
|player|p1|viatles|hiker|1184
|player|p2|Prof Cycad|scientist|1119
|gen|9
|tier|[Gen 9 Champions] VGC 2026 Reg M-B (Bo3)
|rated|
|rule|Species Clause: Limit one of each Pokémon
|rule|Item Clause: Limit 1 of each item
|clearpoke
|poke|p1|Eelektross, L50, M|
|poke|p1|Raichu, L50, M|
|poke|p1|Tyranitar, L50, M|
|poke|p1|Gliscor, L50, M|
|poke|p1|Garchomp, L50, F|
|poke|p1|Sinistcha, L50|
|poke|p2|Aerodactyl, L50, F|
|poke|p2|Basculegion, L50, M|
|poke|p2|Garchomp, L50, F|
|poke|p2|Tyranitar, L50, M|
|poke|p2|Charizard, L50, M|
|poke|p2|Meganium, L50, F|
|teampreview|4
|showteam|p1|Eelektross||Eelektrossite|Levitate|Discharge,Flamethrower,GigaDrain,Protect|Modest||M|||50|]Raichu||FocusSash|LightningRod|FakeOut,Thunderbolt,Endeavor,Protect|Hasty||M|||50|]Tyranitar||Tyranitarite|SandStream|KnockOff,RockSlide,LowKick,Protect|Adamant||M|||50|]Gliscor||BrightPowder|SandVeil|RockSlide,DualWingbeat,Tailwind,Earthquake|Adamant||M|||50|]Garchomp||ChoiceScarf|RoughSkin|DragonClaw,StompingTantrum,RockSlide,Earthquake|Adamant||F|||50|]Sinistcha||SitrusBerry|Hospitality|MatchaGotcha,RagePowder,Imprison,TrickRoom|Bold|||||50|
|showteam|p2|Aerodactyl||FocusSash|Unnerve|RockSlide,Tailwind,DualWingbeat,Protect|Adamant||F|||50|]Basculegion||LifeOrb|Adaptability|WaveCrash,LastRespects,AquaJet,FlipTurn|Adamant||M|||50|]Garchomp||BrightPowder|SandVeil|Earthquake,DragonClaw,Protect,IronHead|Jolly||F|||50|]Tyranitar||Tyranitarite|SandStream|RockSlide,KnockOff,LowKick,Protect|Brave||M|||50|]Charizard||CharizarditeY|Blaze|HeatWave,WeatherBall,Protect|Modest||M|||50|]Meganium||Meganiumite|LeafGuard|SolarBeam,DazzlingGleam,WeatherBall,Protect|Calm||F|||50|
|c|☆viatles|gl hf
|inactive|Battle timer is ON: inactive players will automatically lose when time's up. (requested by viatles)
|
|t:|1785271953
|teamsize|p1|4
|teamsize|p2|4
|start
|switch|p1a: Raichu|Raichu, L50, M|100/100
|switch|p1b: Eelektross|Eelektross, L50, M|100/100
|switch|p2a: Aerodactyl|Aerodactyl, L50, F|100/100
|switch|p2b: Tyranitar|Tyranitar, L50, M|100/100
|-ability|p2a: Aerodactyl|Unnerve
|-weather|Sandstorm|[from] ability: Sand Stream|[of] p2b: Tyranitar
|turn|1
|
|t:|1785271974
|switch|p2b: Garchomp|Garchomp, L50, F|100/100
|detailschange|p1b: Eelektross|Eelektross-Mega, L50, M
|-mega|p1b: Eelektross|Eelektross|Eelektrossite
|move|p2a: Aerodactyl|Protect|p2a: Aerodactyl
|-singleturn|p2a: Aerodactyl|Protect
|move|p1a: Raichu|Fake Out|p2a: Aerodactyl
|-activate|p2a: Aerodactyl|move: Protect
|move|p1b: Eelektross|Discharge|p2b: Garchomp|[spread] 
|-activate|p2a: Aerodactyl|move: Protect
|-ability|p1a: Raichu|Lightning Rod|boost
|-boost|p1a: Raichu|spa|1
|-immune|p2b: Garchomp
|
|-weather|Sandstorm|[upkeep]
|-damage|p1a: Raichu|94/100|[from] Sandstorm
|-damage|p1b: Eelektross|94/100|[from] Sandstorm
|upkeep
|turn|2
|
|t:|1785271997
|move|p2a: Aerodactyl|Tailwind|p2a: Aerodactyl
|-sidestart|p2: Prof Cycad|move: Tailwind
|move|p2b: Garchomp|Earthquake|p1a: Raichu|[spread] p1a
|-immune|p2a: Aerodactyl
|-immune|p1b: Eelektross|[from] ability: Eelevate
|-supereffective|p1a: Raichu|1
|-damage|p1a: Raichu|0 fnt
|faint|p1a: Raichu
|move|p1b: Eelektross|Giga Drain|p2b: Garchomp
|-damage|p2b: Garchomp|68/100
|-heal|p1b: Eelektross|100/100|[from] drain|[of] p2b: Garchomp
|
|-weather|Sandstorm|[upkeep]
|-damage|p1b: Eelektross|94/100|[from] Sandstorm
|upkeep
|
|t:|1785272010
|switch|p1a: Gliscor|Gliscor, L50, M|100/100
|turn|3
|
|t:|1785272019
|move|p1b: Eelektross|Protect|p1b: Eelektross
|-singleturn|p1b: Eelektross|Protect
|move|p2a: Aerodactyl|Rock Slide|p1b: Eelektross|[spread] p1a
|-activate|p1b: Eelektross|move: Protect
|-damage|p1a: Gliscor|80/100
|move|p2b: Garchomp|Dragon Claw|p1b: Eelektross
|-activate|p1b: Eelektross|move: Protect
|move|p1a: Gliscor|Tailwind|p1a: Gliscor
|-sidestart|p1: viatles|move: Tailwind
|
|-weather|Sandstorm|[upkeep]
|-damage|p1b: Eelektross|88/100|[from] Sandstorm
|upkeep
|turn|4
|
|t:|1785272039
|move|p2a: Aerodactyl|Rock Slide|p1b: Eelektross|[spread] p1a,p1b
|-damage|p1a: Gliscor|58/100
|-damage|p1b: Eelektross|57/100
|move|p2b: Garchomp|Dragon Claw|p1b: Eelektross
|-damage|p1b: Eelektross|4/100
|move|p1b: Eelektross|Giga Drain|p2b: Garchomp
|-damage|p2b: Garchomp|37/100
|-heal|p1b: Eelektross|20/100y|[from] drain|[of] p2b: Garchomp
|cant|p1a: Gliscor|flinch
|
|-weather|Sandstorm|[upkeep]
|-damage|p1b: Eelektross|14/100|[from] Sandstorm
|upkeep
|turn|5
|
|t:|1785272063
|move|p1b: Eelektross|Protect|p1b: Eelektross
|-singleturn|p1b: Eelektross|Protect
|move|p2a: Aerodactyl|Rock Slide|p1b: Eelektross|[spread] p1a
|-activate|p1b: Eelektross|move: Protect
|-damage|p1a: Gliscor|36/100
|move|p2b: Garchomp|Dragon Claw|p1a: Gliscor|[miss]
|-miss|p2b: Garchomp|p1a: Gliscor
|move|p1a: Gliscor|Rock Slide|p2b: Garchomp|[spread] p2b
|-miss|p1a: Gliscor|p2a: Aerodactyl
|-resisted|p2b: Garchomp|1
|-damage|p2b: Garchomp|31/100
|
|-weather|none
|-sideend|p2: Prof Cycad|move: Tailwind
|upkeep
|turn|6
|
|t:|1785272087
|switch|p1b: Tyranitar|Tyranitar, L50, M|100/100
|-weather|Sandstorm|[from] ability: Sand Stream|[of] p1b: Tyranitar
|move|p2b: Garchomp|Protect|p2b: Garchomp
|-singleturn|p2b: Garchomp|Protect
|move|p1a: Gliscor|Rock Slide|p2b: Garchomp|[spread] p2a
|-activate|p2b: Garchomp|move: Protect
|-supereffective|p2a: Aerodactyl|1
|-damage|p2a: Aerodactyl|54/100
|move|p2a: Aerodactyl|Tailwind|p2a: Aerodactyl
|-sidestart|p2: Prof Cycad|move: Tailwind
|
|-weather|Sandstorm|[upkeep]
|-sideend|p1: viatles|move: Tailwind
|upkeep
|turn|7
|
|t:|1785272104
|move|p1b: Tyranitar|Protect|p1b: Tyranitar
|-singleturn|p1b: Tyranitar|Protect
|move|p2a: Aerodactyl|Rock Slide|p1a: Gliscor|[spread] p1a
|-activate|p1b: Tyranitar|move: Protect
|-damage|p1a: Gliscor|17/100
|move|p2b: Garchomp|Earthquake|p1a: Gliscor|[spread] 
|-activate|p1b: Tyranitar|move: Protect
|-immune|p2a: Aerodactyl
|-immune|p1a: Gliscor
|cant|p1a: Gliscor|flinch
|
|-weather|Sandstorm|[upkeep]
|upkeep
|turn|8
|
|t:|1785272125
|move|p2a: Aerodactyl|Rock Slide|p1b: Tyranitar|[spread] p1a,p1b
|-damage|p1a: Gliscor|0 fnt
|-damage|p1b: Tyranitar|74/100
|faint|p1a: Gliscor
|move|p2b: Garchomp|Earthquake|p1b: Tyranitar|[spread] p1b
|-immune|p2a: Aerodactyl
|-supereffective|p1b: Tyranitar|1
|-damage|p1b: Tyranitar|15/100
|move|p1b: Tyranitar|Rock Slide|p2b: Garchomp|[spread] p2a,p2b
|-supereffective|p2a: Aerodactyl|1
|-resisted|p2b: Garchomp|1
|-damage|p2a: Aerodactyl|0 fnt
|-damage|p2b: Garchomp|18/100
|faint|p2a: Aerodactyl
|
|-weather|Sandstorm|[upkeep]
|upkeep
|
|t:|1785272144
|switch|p2a: Basculegion|Basculegion, L50, M|100/100
|switch|p1a: Eelektross|Eelektross-Mega, L50, M|14/100
|turn|9
|inactive|Prof Cycad has 30 seconds left.
|
|t:|1785272171
|move|p1a: Eelektross|Protect|p1a: Eelektross
|-singleturn|p1a: Eelektross|Protect
|move|p1b: Tyranitar|Protect|p1b: Tyranitar
|-singleturn|p1b: Tyranitar|Protect
|move|p2b: Garchomp|Dragon Claw|p1b: Tyranitar
|-activate|p1b: Tyranitar|move: Protect
|move|p2a: Basculegion|Last Respects|p1a: Eelektross
|-activate|p1a: Eelektross|move: Protect
|
|-weather|Sandstorm|[upkeep]
|-damage|p2a: Basculegion|93/100|[from] Sandstorm
|-damage|p1a: Eelektross|9/100|[from] Sandstorm
|-sideend|p2: Prof Cycad|move: Tailwind
|upkeep
|turn|10
|
|t:|1785272193
|move|p2a: Basculegion|Aqua Jet|p1a: Eelektross
|-damage|p1a: Eelektross|0 fnt
|faint|p1a: Eelektross
|-damage|p2a: Basculegion|84/100|[from] item: Life Orb
|move|p2b: Garchomp|Iron Head|p1b: Tyranitar
|-supereffective|p1b: Tyranitar|1
|-damage|p1b: Tyranitar|0 fnt
|faint|p1b: Tyranitar
|
|win|Prof Cycad
||viatles is ready for game 2.
|inactive|Prof Cycad has 30 seconds to confirm battle start!
||Prof Cycad is ready for game 2.
|uhtml|next|Next: Game 2 of 3
