|j|☆baarboo
|j|☆redx50
|html|baarbooredx50    
|uhtml|bestof|Game 1 of a best-of-3
|t:|1783623104
|gametype|doubles
|player|p1|baarboo|102|1349
|player|p2|redx50|red|1305
|gen|9
|tier|[Gen 9 Champions] VGC 2026 Reg M-B (Bo3)
|rated|
|rule|Species Clause: Limit one of each Pokémon
|rule|Item Clause: Limit 1 of each item
|clearpoke
|poke|p1|Charizard, L50, M|
|poke|p1|Kingambit, L50, M|
|poke|p1|Sylveon, L50, M|
|poke|p1|Farigiraf, L50, M|
|poke|p1|Garchomp, L50, M|
|poke|p1|Aerodactyl, L50, M|
|poke|p2|Raichu, L50, M|
|poke|p2|Hydreigon, L50, M|
|poke|p2|Arcanine-Hisui, L50, F|
|poke|p2|Tinkaton, L50, F, shiny|
|poke|p2|Tsareena, L50, F|
|poke|p2|Greninja, L50, F|
|teampreview|4
|showteam|p1|Charizard||CharizarditeY|SolarPower|SolarBeam,WeatherBall,Protect,HeatWave|Modest||M|||50|]Kingambit||FocusSash|Defiant|KowtowCleave,SuckerPunch,LowKick,IronHead|Adamant||M|||50|]Sylveon||FairyFeather|Pixilate|Detect,HyperBeam,HyperVoice,QuickAttack|Modest||M|||50|]Farigiraf||SitrusBerry|ArmorTail|TrickRoom,TwinBeam,GrassKnot,Thunderbolt|Bold||M|||50|]Garchomp||LifeOrb|RoughSkin|Protect,Earthquake,DragonClaw,StompingTantrum|Jolly||M|||50|]Aerodactyl||Aerodactylite|Unnerve|RockSlide,IceFang,Tailwind,DualWingbeat|Jolly||M|||50|
|showteam|p2|Raichu||RaichuniteY|LightningRod|ZapCannon,VoltSwitch,Protect,FocusBlast|Timid||M|||50|]Hydreigon||ChoiceScarf|Levitate|DracoMeteor,DarkPulse,Snarl,EarthPower|Modest||M|||50|]Arcanine-Hisui||LifeOrb|RockHead|RockSlide,FlareBlitz,ExtremeSpeed,Protect|Adamant||F|||50|]Tinkaton||SitrusBerry|MoldBreaker|FakeOut,PlayRough,Feint,GigatonHammer|Adamant||F|||50|]Tsareena||MiracleSeed|QueenlyMajesty|Taunt,HelpingHand,TropKick,LowKick|Adamant||F|||50|]Greninja||Greninjite|Protean|IcyWind,DarkPulse,Extrasensory,Protect|Timid||F|||50|
|inactive|Battle timer is ON: inactive players will automatically lose when time's up. (requested by redx50)
|inactive|redx50 has 60 seconds left.
|inactive|redx50 has 30 seconds left.
|inactive|redx50 has 20 seconds left.
|inactive|redx50 has 15 seconds left.
|inactive|redx50 has 10 seconds left.
|
|t:|1783623190
|teamsize|p1|4
|teamsize|p2|4
|start
|switch|p1a: Aerodactyl|Aerodactyl, L50, M|100/100
|switch|p1b: Garchomp|Garchomp, L50, M|100/100
|switch|p2a: Bacon|Tinkaton, L50, F, shiny|100/100
|switch|p2b: Raichu|Raichu, L50, M|100/100
|-ability|p1a: Aerodactyl|Unnerve
|-ability|p2a: Bacon|Mold Breaker
|turn|1
|
|t:|1783623206
|detailschange|p1a: Aerodactyl|Aerodactyl-Mega, L50, M
|-mega|p1a: Aerodactyl|Aerodactyl|Aerodactylite
|detailschange|p2b: Raichu|Raichu-Mega-Y, L50, M
|-mega|p2b: Raichu|Raichu|Raichunite Y
|move|p2a: Bacon|Fake Out|p1a: Aerodactyl
|-resisted|p1a: Aerodactyl|1
|-damage|p1a: Aerodactyl|94/100
|cant|p1a: Aerodactyl|flinch
|move|p2b: Raichu|Volt Switch|p1a: Aerodactyl
|-supereffective|p1a: Aerodactyl|1
|-damage|p1a: Aerodactyl|12/100
|
|t:|1783623209
|switch|p2b: Hydreigon|Hydreigon, L50, M|100/100|[from] Volt Switch
|move|p1b: Garchomp|Earthquake|p2a: Bacon|[spread] p2a
|-immune|p1a: Aerodactyl
|-immune|p2b: Hydreigon|[from] ability: Levitate
|-supereffective|p2a: Bacon|1
|-damage|p2a: Bacon|5/100
|-enditem|p2a: Bacon|Sitrus Berry|[eat]
|-heal|p2a: Bacon|30/100|[from] item: Sitrus Berry
|-damage|p1b: Garchomp|90/100|[from] item: Life Orb
|
|upkeep
|turn|2
|inactive|redx50 has 30 seconds left.
|
|t:|1783623238
|switch|p2a: Tsareena|Tsareena, L50, F|100/100
|move|p2b: Hydreigon|Dark Pulse|p1a: Aerodactyl
|-damage|p1a: Aerodactyl|0 fnt
|faint|p1a: Aerodactyl
|move|p1b: Garchomp|Stomping Tantrum|p2a: Tsareena
|-resisted|p2a: Tsareena|1
|-damage|p2a: Tsareena|77/100
|-damage|p1b: Garchomp|80/100|[from] item: Life Orb
|
|upkeep
|
|t:|1783623243
|switch|p1a: Sylveon|Sylveon, L50, M|100/100
|turn|3
|
|t:|1783623266
|move|p2b: Hydreigon|Dark Pulse|p1b: Garchomp
|-damage|p1b: Garchomp|34/100
|cant|p1b: Garchomp|flinch
|move|p2a: Tsareena|Trop Kick|p1b: Garchomp
|-damage|p1b: Garchomp|0 fnt
|-damage|p2a: Tsareena|65/100|[from] ability: Rough Skin|[of] p1b: Garchomp
|faint|p1b: Garchomp
|move|p1a: Sylveon|Hyper Voice|p2b: Hydreigon|[spread] p2a,p2b
|-supereffective|p2b: Hydreigon|2
|-damage|p2a: Tsareena|18/100
|-damage|p2b: Hydreigon|0 fnt
|faint|p2b: Hydreigon
|
|upkeep
|
|t:|1783623277
|switch|p1b: Kingambit|Kingambit, L50, M|100/100
|switch|p2b: Bacon|Tinkaton, L50, F, shiny|30/100
|-ability|p2b: Bacon|Mold Breaker
|turn|4
|
|t:|1783623289
|move|p2b: Bacon|Fake Out|p1b: Kingambit
|-resisted|p1b: Kingambit|1
|-damage|p1b: Kingambit|95/100
|cant|p1b: Kingambit|flinch
|move|p2a: Tsareena|Low Kick|p1b: Kingambit
|-supereffective|p1b: Kingambit|2
|-damage|p1b: Kingambit|0 fnt
|faint|p1b: Kingambit
|move|p1a: Sylveon|Hyper Voice|p2b: Bacon|[spread] p2a,p2b
|-resisted|p2b: Bacon|1
|-crit|p2b: Bacon
|-damage|p2a: Tsareena|0 fnt
|-damage|p2b: Bacon|0 fnt
|faint|p2a: Tsareena
|faint|p2b: Bacon
|
|upkeep
|
|t:|1783623292
|switch|p2b: Raichu|Raichu-Mega-Y, L50, M|100/100
|turn|5
|
|t:|1783623295
|move|p2b: Raichu|Zap Cannon|p1a: Sylveon
|-damage|p1a: Sylveon|41/100
|-status|p1a: Sylveon|par
|move|p1a: Sylveon|Hyper Beam|p2b: Raichu
|-damage|p2b: Raichu|0 fnt
|-mustrecharge|p1a: Sylveon
|faint|p2b: Raichu
|
|win|baarboo
||redx50 is ready for game 2.
||baarboo is ready for game 2.
|uhtml|next|Next: Game 2 of 3
