|j|☆5hef
|j|☆irluke
|html|5hefirluke    
|uhtml|bestof|Game 2 of a best-of-3
|t:|1756314229
|gametype|doubles
|player|p1|5hef|cynthia-masters3|1159
|player|p2|irluke|n|1173
|gen|9
|tier|[Gen 9] VGC 2025 Reg H (Bo3)
|rated|
|rule|Species Clause: Limit one of each Pokémon
|rule|Item Clause: Limit 1 of each item
|clearpoke
|poke|p1|Archaludon, L50, M|
|poke|p1|Pelipper, L50, F|
|poke|p1|Rillaboom, L50, F|
|poke|p1|Basculegion, L50, M|
|poke|p1|Amoonguss, L50, F|
|poke|p1|Palafin, L50, F|
|poke|p2|Amoonguss, L50, F|
|poke|p2|Incineroar, L50, F|
|poke|p2|Hydreigon, L50, M|
|poke|p2|Gholdengo, L50|
|poke|p2|Ursaluna, L50, M|
|poke|p2|Porygon2, L50|
|teampreview|4
|showteam|p1|Archaludon||AssaultVest|Stamina|DracoMeteor,FlashCannon,ElectroShot,BodyPress|||M|||50|,,,,,Grass]Pelipper||CovertCloak|Drizzle|WeatherBall,Hurricane,Protect,Tailwind|||F|||50|,,,,,Grass]Rillaboom||SitrusBerry|GrassySurge|WoodHammer,GrassyGlide,FakeOut,Uturn|||F|||50|,,,,,Fire]Basculegion||LifeOrb|SwiftSwim|LastRespects,WaveCrash,AquaJet,RainDance|||M|||50|,,,,,Ghost]Amoonguss||RockyHelmet|Regenerator|Spore,RagePowder,PollenPuff,BulletSeed|||F|||50|,,,,,Water]Palafin||ChoiceBand|ZerotoHero|JetPunch,FlipTurn,WaveCrash,ZenHeadbutt|||F|||50|,,,,,Water
|showteam|p2|Amoonguss||RockyHelmet|Regenerator|PollenPuff,Spore,RagePowder,Protect|||F|||50|,,,,,Fairy]Incineroar||AssaultVest|Intimidate|FakeOut,KnockOff,FlareBlitz,Uturn|||F|||50|,,,,,Ghost]Hydreigon||SafetyGoggles|Levitate|DracoMeteor,Snarl,Tailwind,Protect|||M|||50|,,,,,Ghost]Gholdengo||MetalCoat|GoodasGold|MakeItRain,ShadowBall,NastyPlot,Protect||||||50|,,,,,Water]Ursaluna||FlameOrb|Guts|Facade,HeadlongRush,Earthquake,Protect|||M|||50|,,,,,Ghost]Porygon2||Eviolite|Download|TeraBlast,IceBeam,Recover,TrickRoom||||||50|,,,,,Fighting
|inactive|Battle timer is ON: inactive players will automatically lose when time's up. (requested by 5hef)
|inactive|irluke also wants the timer to be on.
|
|t:|1756314247
|teamsize|p1|4
|teamsize|p2|4
|start
|switch|p1a: fuk as bird|Pelipper, L50, F|100/100
|switch|p1b: Palafin|Palafin, L50, F|100/100
|switch|p2a: Hydreigon|Hydreigon, L50, M|100/100
|switch|p2b: Porygon2|Porygon2, L50|100/100
|-weather|RainDance|[from] ability: Drizzle|[of] p1a: fuk as bird
|-ability|p2b: Porygon2|Download|boost
|-boost|p2b: Porygon2|spa|1
|turn|1
|
|t:|1756314267
|switch|p2a: Incineroar|Incineroar, L50, F, shiny|100/100
|-ability|p2a: Incineroar|Intimidate|boost
|-unboost|p1a: fuk as bird|atk|1
|-unboost|p1b: Palafin|atk|1
|switch|p1a: my worst nightmare|Rillaboom, L50, F|100/100
|-fieldstart|move: Grassy Terrain|[from] ability: Grassy Surge|[of] p1a: my worst nightmare
|move|p1b: Palafin|Flip Turn|p2b: Porygon2
|-damage|p2b: Porygon2|79/100
|
|t:|1756314279
|detailschange|p1b: Palafin|Palafin-Hero, L50, F
|switch|p1b: Bridge|Archaludon, L50, M|100/100|[from] Flip Turn
|move|p2b: Porygon2|Trick Room|p2b: Porygon2
|-fieldstart|move: Trick Room|[of] p2b: Porygon2
|
|-weather|RainDance|[upkeep]
|-heal|p2b: Porygon2|85/100|[from] Grassy Terrain
|upkeep
|turn|2
|inactive|5hef has 30 seconds left.
|inactive|5hef has 20 seconds left.
|inactive|5hef has 15 seconds left.
|inactive|5hef has 10 seconds left.
|
|t:|1756314325
|-terastallize|p1b: Bridge|Grass
|move|p2a: Incineroar|Fake Out|p1a: my worst nightmare
|-damage|p1a: my worst nightmare|88/100
|cant|p1a: my worst nightmare|flinch
|move|p2b: Porygon2|Ice Beam|p1a: my worst nightmare
|-supereffective|p1a: my worst nightmare
|-damage|p1a: my worst nightmare|16/100
|-enditem|p1a: my worst nightmare|Sitrus Berry|[eat]
|-heal|p1a: my worst nightmare|41/100|[from] item: Sitrus Berry
|move|p1b: Bridge|Body Press|p2a: Incineroar
|-supereffective|p2a: Incineroar
|-damage|p2a: Incineroar|56/100
|
|-weather|RainDance|[upkeep]
|-heal|p2b: Porygon2|91/100|[from] Grassy Terrain
|-heal|p2a: Incineroar|62/100|[from] Grassy Terrain
|-heal|p1a: my worst nightmare|46/100|[from] Grassy Terrain
|upkeep
|turn|3
|inactive|irluke has 30 seconds left.
|
|t:|1756314356
|switch|p1a: fuk as bird|Pelipper, L50, F|100/100
|move|p2b: Porygon2|Ice Beam|p1a: fuk as bird
|-damage|p1a: fuk as bird|42/100
|move|p2a: Incineroar|U-turn|p1b: Bridge
|-supereffective|p1b: Bridge
|-damage|p1b: Bridge|72/100
|-ability|p1b: Bridge|Stamina|boost
|-boost|p1b: Bridge|def|1
|
|t:|1756314365
|switch|p2a: Ursaluna|Ursaluna, L50, M|100/100|[from] U-turn
|move|p1b: Bridge|Electro Shot||[still]
|-prepare|p1b: Bridge|Electro Shot
|-boost|p1b: Bridge|spa|1
|-anim|p1b: Bridge|Electro Shot|p2b: Porygon2
|-damage|p2b: Porygon2|57/100
|
|-weather|RainDance|[upkeep]
|-heal|p2b: Porygon2|63/100|[from] Grassy Terrain
|-heal|p1b: Bridge|78/100|[from] Grassy Terrain
|-status|p2a: Ursaluna|brn|[from] item: Flame Orb
|upkeep
|turn|4
|inactive|irluke has 30 seconds left.
|inactive|5hef has 30 seconds left.
|
|t:|1756314402
|move|p1a: fuk as bird|Protect|p1a: fuk as bird
|-singleturn|p1a: fuk as bird|Protect
|move|p2b: Porygon2|Ice Beam|p1b: Bridge
|-supereffective|p1b: Bridge
|-damage|p1b: Bridge|25/100
|-ability|p1b: Bridge|Stamina|boost
|-boost|p1b: Bridge|def|1
|move|p2a: Ursaluna|Facade|p1b: Bridge
|-damage|p1b: Bridge|0 fnt
|faint|p1b: Bridge
|
|-weather|RainDance|[upkeep]
|-heal|p2b: Porygon2|69/100|[from] Grassy Terrain
|-damage|p2a: Ursaluna|95/100 brn|[from] brn
|upkeep
|
|t:|1756314411
|switch|p1b: my worst nightmare|Rillaboom, L50, F|46/100
|turn|5
|l|☆5hef
|inactive|5hef disconnected and has a minute to reconnect!
|player|p1|
|inactive|5hef has 30 seconds left.
|inactive|5hef has 20 seconds left.
|inactive|5hef has 15 seconds left.
|inactive|5hef has 10 seconds left.
|inactive|5hef has 5 seconds left.
|-message|5hef lost due to inactivity.
|
|win|irluke
|raw|5hef's rating: 1159 → 1135(-24 for losing)
|raw|irluke's rating: 1173 → 1197(+24 for winning)
