|j|☆ming0mang0
|j|☆Buhbuhbuhdoof
|html|ming0mang0Buhbuhbuhdoof    
|uhtml|bestof|Game 2 of a best-of-3
|t:|1756848960
|gametype|doubles
|player|p1|ming0mang0|harlequin|1040
|player|p2|Buhbuhbuhdoof|169|1012
|gen|9
|tier|[Gen 9] VGC 2025 Reg H (Bo3)
|rated|
|rule|Species Clause: Limit one of each Pokémon
|rule|Item Clause: Limit 1 of each item
|clearpoke
|poke|p1|Excadrill, L50, F|
|poke|p1|Tyranitar, L50, M|
|poke|p1|Sneasler, L50, M|
|poke|p1|Indeedee, L50, M|
|poke|p1|Corviknight, L50, M|
|poke|p1|Annihilape, L50, M|
|poke|p2|Sneasler, L50, M|
|poke|p2|Rillaboom, L50, F|
|poke|p2|Gholdengo, L50|
|poke|p2|Ursaluna, L50, M|
|poke|p2|Dragonite, L50, M|
|poke|p2|Incineroar, L50, M|
|teampreview|4
|showteam|p1|Excadrill||FocusSash|SandRush|IronHead,HighHorsepower,Earthquake,Protect|||F|||50|,,,,,Stellar]Tyranitar||AssaultVest|SandStream|RockSlide,KnockOff,TeraBlast,LowKick|||M|||50|,,,,,Flying]Sneasler||PsychicSeed|Unburden|DireClaw,CloseCombat,ThroatChop,Protect|||M|||50|,,,,,Dark]Indeedee||ChoiceScarf|PsychicSurge|ExpandingForce,TeraBlast,Protect,Trick|||M|||50|,,,,,Psychic]Corviknight||Leftovers|MirrorArmor|BraveBird,BulkUp,Roost,Tailwind|||M|||50|,,,,,Dragon]Annihilape||SafetyGoggles|Defiant|CloseCombat,FinalGambit,RageFist,Taunt|||M|||50|,,,,,Water
|showteam|p2|Sneasler||GrassySeed|Unburden|DireClaw,CloseCombat,ThroatChop,Protect|||M|||50|,,,,,Poison]Rillaboom||MiracleSeed|GrassySurge|HighHorsepower,GrassyGlide,Protect,FakeOut|||F|||50|,,,,,Fire]Gholdengo||LifeOrb|GoodasGold|NastyPlot,MakeItRain,ShadowBall,Protect||||||50|,,,,,Water]Ursaluna||FlameOrb|Guts|Facade,HeadlongRush,Protect,Earthquake|||M|||50|,,,,,Normal]Dragonite||LoadedDice|InnerFocus|ScaleShot,Haze,Tailwind,ThunderPunch|||M|||50|,,,,,Fairy]Incineroar||SalacBerry|Intimidate|FlareBlitz,KnockOff,FakeOut,PartingShot|||M|||50|,,,,,Fire
|inactive|Battle timer is ON: inactive players will automatically lose when time's up. (requested by Buhbuhbuhdoof)
|inactive|ming0mang0 has 60 seconds left.
|
|t:|1756849054
|teamsize|p1|4
|teamsize|p2|4
|start
|switch|p1a: Corviknight|Corviknight, L50, M, shiny|100/100
|switch|p1b: Annihilape|Annihilape, L50, M|100/100
|switch|p2a: Incineroar|Incineroar, L50, M|100/100
|switch|p2b: Dragonite|Dragonite, L50, M|100/100
|-ability|p2a: Incineroar|Intimidate|boost
|-ability|p1a: Corviknight|Mirror Armor
|-unboost|p2a: Incineroar|atk|1
|-unboost|p1b: Annihilape|atk|1
|-ability|p1b: Annihilape|Defiant|boost
|-boost|p1b: Annihilape|atk|2
|turn|1
|inactive|ming0mang0 has 30 seconds left.
|inactive|Buhbuhbuhdoof has 30 seconds left.
|inactive|ming0mang0 has 20 seconds left.
|
|t:|1756849093
|move|p1b: Annihilape|Taunt|p2b: Dragonite
|-start|p2b: Dragonite|move: Taunt
|move|p2b: Dragonite|Scale Shot|p1b: Annihilape
|-damage|p1b: Annihilape|88/100
|-crit|p1b: Annihilape
|-damage|p1b: Annihilape|68/100
|-damage|p1b: Annihilape|55/100
|-damage|p1b: Annihilape|41/100
|-hitcount|p1b: Annihilape|4
|-unboost|p2b: Dragonite|def|1
|-boost|p2b: Dragonite|spe|1
|move|p1a: Corviknight|Tailwind|p1a: Corviknight
|-sidestart|p1: ming0mang0|move: Tailwind
|move|p2a: Incineroar|Flare Blitz|p1a: Corviknight
|-supereffective|p1a: Corviknight
|-damage|p1a: Corviknight|28/100
|-damage|p2a: Incineroar|78/100|[from] Recoil
|
|-heal|p1a: Corviknight|34/100|[from] item: Leftovers
|upkeep
|turn|2
|inactive|ming0mang0 has 30 seconds left.
|inactive|Buhbuhbuhdoof has 30 seconds left.
|
|t:|1756849124
|move|p1b: Annihilape|Rage Fist|p2b: Dragonite
|-damage|p2b: Dragonite|0 fnt
|faint|p2b: Dragonite
|move|p1a: Corviknight|Roost|p1a: Corviknight
|-heal|p1a: Corviknight|84/100
|-singleturn|p1a: Corviknight|move: Roost
|move|p2a: Incineroar|Flare Blitz|p1a: Corviknight
|-supereffective|p1a: Corviknight
|-damage|p1a: Corviknight|18/100
|-damage|p2a: Incineroar|57/100|[from] Recoil
|
|-heal|p1a: Corviknight|24/100|[from] item: Leftovers
|upkeep
|
|t:|1756849140
|switch|p2b: Ursaluna|Ursaluna, L50, M|100/100
|turn|3
|inactive|Buhbuhbuhdoof has 30 seconds left.
|inactive|ming0mang0 has 30 seconds left.
|inactive|ming0mang0 has 20 seconds left.
|inactive|ming0mang0 has 15 seconds left.
|inactive|ming0mang0 has 10 seconds left.
|
|t:|1756849197
|move|p1b: Annihilape|Close Combat|p2a: Incineroar
|-supereffective|p2a: Incineroar
|-damage|p2a: Incineroar|0 fnt
|-unboost|p1b: Annihilape|def|1
|-unboost|p1b: Annihilape|spd|1
|faint|p2a: Incineroar
|move|p1a: Corviknight|Roost|p1a: Corviknight
|-heal|p1a: Corviknight|74/100
|-singleturn|p1a: Corviknight|move: Roost
|move|p2b: Ursaluna|Earthquake|p1b: Annihilape|[spread] p1a,p1b
|-supereffective|p1a: Corviknight
|-damage|p1a: Corviknight|2/100
|-damage|p1b: Annihilape|0 fnt
|faint|p1b: Annihilape
|
|-heal|p1a: Corviknight|8/100|[from] item: Leftovers
|-status|p2b: Ursaluna|brn|[from] item: Flame Orb
|upkeep
|inactive|ming0mang0 has 30 seconds left.
|
|t:|1756849225
|switch|p1b: Tyranitar|Tyranitar, L50, M|100/100
|switch|p2a: Gholdengo|Gholdengo, L50|100/100
|-weather|Sandstorm|[from] ability: Sand Stream|[of] p1b: Tyranitar
|turn|4
|inactive|ming0mang0 has 30 seconds left.
|inactive|Buhbuhbuhdoof has 30 seconds left.
|inactive|ming0mang0 has 20 seconds left.
|inactive|ming0mang0 has 15 seconds left.
|inactive|ming0mang0 has 10 seconds left.
|
|t:|1756849274
|-terastallize|p2b: Ursaluna|Normal
|move|p2a: Gholdengo|Protect|p2a: Gholdengo
|-singleturn|p2a: Gholdengo|Protect
|move|p1b: Tyranitar|Low Kick|p2b: Ursaluna
|-supereffective|p2b: Ursaluna
|-damage|p2b: Ursaluna|26/100 brn
|move|p1a: Corviknight|Roost|p1a: Corviknight
|-heal|p1a: Corviknight|58/100
|-singleturn|p1a: Corviknight|move: Roost
|move|p2b: Ursaluna|Facade|p1a: Corviknight
|-resisted|p1a: Corviknight
|-damage|p1a: Corviknight|0 fnt
|faint|p1a: Corviknight
|
|-weather|Sandstorm|[upkeep]
|-damage|p2b: Ursaluna|20/100 brn|[from] Sandstorm
|-damage|p2b: Ursaluna|14/100 brn|[from] brn
|-sideend|p1: ming0mang0|move: Tailwind
|upkeep
|
|t:|1756849290
|switch|p1a: Excadrill|Excadrill, L50, F|100/100
|turn|5
|inactive|ming0mang0 has 30 seconds left.
|inactive|Buhbuhbuhdoof has 30 seconds left.
|inactive|ming0mang0 has 20 seconds left.
|inactive|Buhbuhbuhdoof has 20 seconds left.
|inactive|ming0mang0 has 15 seconds left.
|
|t:|1756849334
|-terastallize|p1a: Excadrill|Stellar
|move|p2b: Ursaluna|Protect|p2b: Ursaluna
|-singleturn|p2b: Ursaluna|Protect
|move|p1a: Excadrill|Earthquake|p2a: Gholdengo|[spread] p1b,p2a
|-activate|p2b: Ursaluna|move: Protect
|-supereffective|p1b: Tyranitar
|-supereffective|p2a: Gholdengo
|-damage|p1b: Tyranitar|0 fnt
|-damage|p2a: Gholdengo|0 fnt
|faint|p1b: Tyranitar
|faint|p2a: Gholdengo
|
|-weather|Sandstorm|[upkeep]
|-damage|p2b: Ursaluna|8/100 brn|[from] Sandstorm
|-damage|p2b: Ursaluna|2/100 brn|[from] brn
|upkeep
|turn|6
|inactive|Buhbuhbuhdoof has 30 seconds left.
|-message|Buhbuhbuhdoof forfeited.
|
|win|ming0mang0
|raw|ming0mang0's rating: 1040 → 1071(+31 for winning)
|raw|Buhbuhbuhdoof's rating: 1012 → 1001(-11 for losing)
