|j|☆naovi
|j|☆Descugi
|html|naoviDescugi    
|uhtml|bestof|Game 2 of a best-of-3
|t:|1756932398
|gametype|doubles
|player|p1|naovi|169|
|player|p2|Descugi|266|
|gen|9
|tier|[Gen 9] VGC 2025 Reg H (Bo3)
|rule|Species Clause: Limit one of each Pokémon
|rule|Item Clause: Limit 1 of each item
|clearpoke
|poke|p1|Electabuzz, L50, M|
|poke|p1|Sneasler, L50, M|
|poke|p1|Rillaboom, L50, F|
|poke|p1|Kingambit, L50, M|
|poke|p1|Volcarona, L50, M|
|poke|p1|Dragonite, L50, M|
|poke|p2|Corviknight, L50, M|
|poke|p2|Garchomp, L50, M|
|poke|p2|Tyranitar, L50, M|
|poke|p2|Gholdengo, L50|
|poke|p2|Sneasler, L50, M|
|poke|p2|Incineroar, L50, M|
|teampreview|4
|showteam|p1|Electabuzz||Eviolite|VitalSpirit|Thunderbolt,FollowMe,Taunt,Protect|||M|||50|,,,,,Ghost]Sneasler||FocusSash|Unburden|Coaching,DireClaw,Protect,CloseCombat|||M|||50|,,,,,Stellar]Rillaboom||AssaultVest|GrassySurge|HighHorsepower,GrassyGlide,WoodHammer,FakeOut|||F|||50|,,,,,Fire]Kingambit||SafetyGoggles|Defiant|KowtowCleave,SuckerPunch,SwordsDance,Protect|||M|||50|,,,,,Dark]Volcarona||CovertCloak|FlameBody|HeatWave,TeraBlast,QuiverDance,Protect|||M|||50|,,,,,Fairy]Dragonite||LoadedDice|Multiscale|ScaleShot,ExtremeSpeed,Haze,Protect|||M|||50|,,,,,Steel
|showteam|p2|Corviknight||CovertCloak|MirrorArmor|BraveBird,Taunt,Roost,Tailwind|||M|||50|,,,,,Dragon]Garchomp||ClearAmulet|RoughSkin|Earthquake,DragonClaw,StompingTantrum,Protect|||M|||50|,,,,,Ground]Tyranitar||AssaultVest|SandStream|RockSlide,KnockOff,TeraBlast,LowKick|||M|||50|,,,,,Flying]Gholdengo||LifeOrb|GoodasGold|MakeItRain,ShadowBall,NastyPlot,Protect||||||50|,,,,,Water]Sneasler||WhiteHerb|Unburden|DireClaw,CloseCombat,Coaching,Protect|||M|||50|,,,,,Ghost]Incineroar||SitrusBerry|Intimidate|FlareBlitz,KnockOff,PartingShot,FakeOut|||M|||50|,,,,,Grass
|
|t:|1756932475
|teamsize|p1|4
|teamsize|p2|4
|start
|switch|p1a: Rillaboom|Rillaboom, L50, F|100/100
|switch|p1b: Dragonite|Dragonite, L50, M|100/100
|switch|p2a: Corviknight|Corviknight, L50, M|100/100
|switch|p2b: Tyranitar|Tyranitar, L50, M|100/100
|-fieldstart|move: Grassy Terrain|[from] ability: Grassy Surge|[of] p1a: Rillaboom
|-weather|Sandstorm|[from] ability: Sand Stream|[of] p2b: Tyranitar
|turn|1
|
|t:|1756932514
|-terastallize|p2b: Tyranitar|Flying
|move|p1a: Rillaboom|Fake Out|p2b: Tyranitar
|-damage|p2b: Tyranitar|87/100
|move|p1b: Dragonite|Scale Shot|p2b: Tyranitar
|-damage|p2b: Tyranitar|73/100
|-damage|p2b: Tyranitar|59/100
|-damage|p2b: Tyranitar|47/100
|-damage|p2b: Tyranitar|32/100
|-damage|p2b: Tyranitar|19/100
|-hitcount|p2b: Tyranitar|5
|-unboost|p1b: Dragonite|def|1
|-boost|p1b: Dragonite|spe|1
|move|p2a: Corviknight|Tailwind|p2a: Corviknight
|-sidestart|p2: Descugi|move: Tailwind
|cant|p2b: Tyranitar|flinch
|
|-weather|Sandstorm|[upkeep]
|-damage|p2b: Tyranitar|14/100|[from] Sandstorm
|-damage|p1b: Dragonite|95/100|[from] Sandstorm
|-damage|p1a: Rillaboom|94/100|[from] Sandstorm
|-heal|p1a: Rillaboom|100/100|[from] Grassy Terrain
|upkeep
|turn|2
|
|t:|1756932549
|switch|p1a: Kingambit|Kingambit, L50, M|100/100
|move|p1b: Dragonite|Extreme Speed|p2b: Tyranitar
|-damage|p2b: Tyranitar|0 fnt
|faint|p2b: Tyranitar
|move|p2a: Corviknight|Brave Bird|p1a: Kingambit
|-resisted|p1a: Kingambit
|-damage|p1a: Kingambit|87/100
|-damage|p2a: Corviknight|96/100|[from] Recoil
|
|-weather|Sandstorm|[upkeep]
|-damage|p1b: Dragonite|89/100|[from] Sandstorm
|-heal|p1a: Kingambit|93/100|[from] Grassy Terrain
|upkeep
|
|t:|1756932558
|switch|p2b: Garchomp|Garchomp, L50, M|100/100
|turn|3
|
|t:|1756932588
|move|p1b: Dragonite|Protect|p1b: Dragonite
|-singleturn|p1b: Dragonite|Protect
|move|p1a: Kingambit|Protect|p1a: Kingambit
|-singleturn|p1a: Kingambit|Protect
|move|p2b: Garchomp|Dragon Claw|p1b: Dragonite
|-activate|p1b: Dragonite|move: Protect
|move|p2a: Corviknight|Taunt|p1a: Kingambit
|-activate|p1a: Kingambit|move: Protect
|
|-weather|Sandstorm|[upkeep]
|-damage|p1b: Dragonite|83/100|[from] Sandstorm
|-heal|p1a: Kingambit|99/100|[from] Grassy Terrain
|upkeep
|turn|4
|
|t:|1756932641
|-terastallize|p1a: Kingambit|Dark
|move|p2b: Garchomp|Dragon Claw|p1b: Dragonite
|-supereffective|p1b: Dragonite
|-damage|p1b: Dragonite|0 fnt
|faint|p1b: Dragonite
|move|p2a: Corviknight|Taunt|p1a: Kingambit
|-start|p1a: Kingambit|move: Taunt
|move|p1a: Kingambit|Kowtow Cleave|p2a: Corviknight
|-damage|p2a: Corviknight|44/100
|
|-weather|Sandstorm|[upkeep]
|-heal|p1a: Kingambit|100/100|[from] Grassy Terrain
|-sideend|p2: Descugi|move: Tailwind
|upkeep
|
|t:|1756932658
|switch|p1b: Sneasler|Sneasler, L50, M, shiny|100/100
|turn|5
|
|t:|1756932684
|move|p1b: Sneasler|Coaching|p1a: Kingambit
|-boost|p1a: Kingambit|atk|1
|-boost|p1a: Kingambit|def|1
|move|p2b: Garchomp|Dragon Claw|p1a: Kingambit
|-damage|p1a: Kingambit|81/100
|move|p2a: Corviknight|Brave Bird|p1b: Sneasler
|-supereffective|p1b: Sneasler
|-enditem|p1b: Sneasler|Focus Sash
|-damage|p1b: Sneasler|1/100
|-damage|p2a: Corviknight|20/100|[from] Recoil
|move|p1a: Kingambit|Kowtow Cleave|p2a: Corviknight
|-damage|p2a: Corviknight|0 fnt
|faint|p2a: Corviknight
|
|-weather|none
|-heal|p1b: Sneasler|7/100|[from] Grassy Terrain
|-heal|p1a: Kingambit|87/100|[from] Grassy Terrain
|-fieldend|move: Grassy Terrain
|upkeep
|
|t:|1756932700
|switch|p2a: Sneasler|Sneasler, L50, M|100/100
|turn|6
|
|t:|1756932731
|move|p1a: Kingambit|Sucker Punch|p2a: Sneasler
|-resisted|p2a: Sneasler
|-damage|p2a: Sneasler|34/100
|move|p1b: Sneasler|Close Combat|p2b: Garchomp
|-damage|p2b: Garchomp|35/100
|-unboost|p1b: Sneasler|def|1
|-unboost|p1b: Sneasler|spd|1
|-damage|p1b: Sneasler|0 fnt|[from] ability: Rough Skin|[of] p2b: Garchomp
|faint|p1b: Sneasler
|move|p2a: Sneasler|Close Combat|p1a: Kingambit
|-supereffective|p1a: Kingambit
|-damage|p1a: Kingambit|17/100
|-unboost|p2a: Sneasler|def|1
|-unboost|p2a: Sneasler|spd|1
|-enditem|p2a: Sneasler|White Herb
|-clearnegativeboost|p2a: Sneasler|[silent]
|move|p2b: Garchomp|Dragon Claw|p1a: Kingambit
|-damage|p1a: Kingambit|0 fnt
|faint|p1a: Kingambit
|
|upkeep
|
|t:|1756932749
|switch|p1b: Rillaboom|Rillaboom, L50, F|100/100
|-fieldstart|move: Grassy Terrain|[from] ability: Grassy Surge|[of] p1b: Rillaboom
|turn|7
|
|t:|1756932761
|move|p2a: Sneasler|Protect|p2a: Sneasler
|-singleturn|p2a: Sneasler|Protect
|move|p2b: Garchomp|Protect|p2b: Garchomp
|-singleturn|p2b: Garchomp|Protect
|move|p1b: Rillaboom|Grassy Glide|p2a: Sneasler
|-activate|p2a: Sneasler|move: Protect
|
|-heal|p2a: Sneasler|40/100|[from] Grassy Terrain
|-heal|p2b: Garchomp|41/100|[from] Grassy Terrain
|upkeep
|turn|8
|
|t:|1756932774
|move|p1b: Rillaboom|Grassy Glide|p2a: Sneasler
|-resisted|p2a: Sneasler
|-damage|p2a: Sneasler|8/100
|move|p2a: Sneasler|Dire Claw|p1b: Rillaboom
|-supereffective|p1b: Rillaboom
|-damage|p1b: Rillaboom|16/100
|-status|p1b: Rillaboom|slp
|move|p2b: Garchomp|Dragon Claw|p1b: Rillaboom
|-damage|p1b: Rillaboom|0 fnt
|faint|p1b: Rillaboom
|
|win|Descugi
||naovi is ready for game 3.
|inactive|Descugi has 30 seconds to confirm battle start!
