|j|☆patback0
|j|☆J.otiz93
|html|patback0J.otiz93    
|uhtml|bestof|Game 2 of a best-of-3
|t:|1757643143
|gametype|doubles
|player|p1|patback0|265|1016
|player|p2|J.otiz93|265|1043
|gen|9
|tier|[Gen 9] VGC 2025 Reg H (Bo3)
|rated|
|rule|Species Clause: Limit one of each Pokémon
|rule|Item Clause: Limit 1 of each item
|clearpoke
|poke|p1|Whimsicott, L50, F|
|poke|p1|Ursaluna-Bloodmoon, L50, M|
|poke|p1|Incineroar, L50, M|
|poke|p1|Charizard, L50, M|
|poke|p1|Rillaboom, L50, M|
|poke|p1|Porygon2, L50|
|poke|p2|Dragonite, L50, M|
|poke|p2|Weezing-Galar, L50, F|
|poke|p2|Mienshao, L50, M|
|poke|p2|Arcanine-Hisui, L50, M|
|poke|p2|Abomasnow, L50, M|
|poke|p2|Kingdra, L50, F|
|teampreview|4
|showteam|p1|Whimsicott||FocusSash|Prankster|Moonblast,Tailwind,Encore,SunnyDay|||F|||50|,,,,,Ghost]Ursaluna-Bloodmoon||LifeOrb|MindsEye|BloodMoon,HyperVoice,EarthPower,Protect|||M|||50|,,,,,Normal]Incineroar||SafetyGoggles|Intimidate|FakeOut,FlareBlitz,KnockOff,PartingShot|||M|||50|,,,,,Ghost]Charizard||ChoiceSpecs|SolarPower|WeatherBall,HeatWave,Overheat,AirSlash|||M|||50|,,,,,Fire]Rillaboom||AssaultVest|GrassySurge|FakeOut,WoodHammer,Uturn,GrassyGlide|||M|||50|,,,,,Water]Porygon2||Eviolite|Download|TeraBlast,IceBeam,TrickRoom,Recover||||||50|,,,,,Fighting
|showteam|p2|Dragonite||MistySeed|InnerFocus|Protect,Tailwind,IceSpinner,StompingTantrum|||M|||50|,,,,,Flying]Weezing-Galar||Leftovers|MistySurge|Protect,Haze,DazzlingGleam,SludgeBomb|||F|||50|,,,,,Bug]Mienshao||FocusSash|InnerFocus|FakeOut,Uturn,WideGuard,CloseCombat|||M|||50|,,,,,Fighting]Arcanine-Hisui||ClearAmulet|FlashFire|Protect,RockSlide,FlareBlitz,Snarl|||M|||50|,,,,,Steel]Abomasnow||LightClay|SnowWarning|Protect,AuroraVeil,Blizzard,GigaDrain|||M|||50|,,,,,Water]Kingdra||ScopeLens|Sniper|Protect,FocusEnergy,Scald,DracoMeteor|||F|||50|,,,,,Fairy
|
|t:|1757643167
|teamsize|p1|4
|teamsize|p2|4
|start
|switch|p1a: Whimsicott|Whimsicott, L50, F|100/100
|switch|p1b: Charizard|Charizard, L50, M|100/100
|switch|p2a: Arcanine|Arcanine-Hisui, L50, M|100/100
|switch|p2b: Mienshao|Mienshao, L50, M|100/100
|turn|1
|
|t:|1757643309
|-terastallize|p1a: Whimsicott|Ghost
|move|p2b: Mienshao|Fake Out|p1b: Charizard
|-damage|p1b: Charizard|80/100
|move|p1a: Whimsicott|Tailwind|p1a: Whimsicott
|-sidestart|p1: patback0|move: Tailwind
|cant|p1b: Charizard|flinch
|move|p2a: Arcanine|Rock Slide|p1a: Whimsicott|[spread] p1a,p1b
|-supereffective|p1b: Charizard
|-damage|p1a: Whimsicott|60/100
|-damage|p1b: Charizard|0 fnt
|faint|p1b: Charizard
|
|upkeep
|
|t:|1757643334
|switch|p1b: Ursaluna|Ursaluna-Bloodmoon, L50, M|100/100
|turn|2
|
|t:|1757643396
|switch|p1a: Incineroar|Incineroar, L50, M|100/100
|-ability|p1a: Incineroar|Intimidate|boost
|-fail|p2a: Arcanine|unboost|[from] item: Clear Amulet|[of] p2a: Arcanine
|-fail|p2b: Mienshao|unboost|Attack|[from] ability: Inner Focus|[of] p2b: Mienshao
|switch|p2b: Abomasnow|Abomasnow, L50, M|100/100
|-weather|Snowscape|[from] ability: Snow Warning|[of] p2b: Abomasnow
|move|p2a: Arcanine|Protect|p2a: Arcanine
|-singleturn|p2a: Arcanine|Protect
|move|p1b: Ursaluna|Hyper Voice|p2b: Abomasnow|[spread] p2b
|-activate|p2a: Arcanine|move: Protect
|-damage|p2b: Abomasnow|45/100
|-damage|p1b: Ursaluna|91/100|[from] item: Life Orb
|
|-weather|Snowscape|[upkeep]
|upkeep
|turn|3
|
|t:|1757643453
|switch|p2a: Weezing|Weezing-Galar, L50, F|100/100
|-fieldstart|move: Misty Terrain|[from] ability: Misty Surge|[of] p2a: Weezing
|move|p2b: Abomasnow|Protect|p2b: Abomasnow
|-singleturn|p2b: Abomasnow|Protect
|move|p1a: Incineroar|Flare Blitz|p2b: Abomasnow
|-activate|p2b: Abomasnow|move: Protect
|move|p1b: Ursaluna|Earth Power|p2a: Weezing
|-supereffective|p2a: Weezing
|-damage|p2a: Weezing|0 fnt
|faint|p2a: Weezing
|-damage|p1b: Ursaluna|81/100|[from] item: Life Orb
|
|-weather|Snowscape|[upkeep]
|upkeep
|
|t:|1757643473
|switch|p2a: Mienshao|Mienshao, L50, M|100/100
|turn|4
|
|t:|1757643509
|switch|p1b: Whimsicott|Whimsicott, L50, F, tera:Ghost|60/100
|-terastallize|p2b: Abomasnow|Water
|move|p2a: Mienshao|Fake Out|p1b: Whimsicott
|-immune|p1b: Whimsicott
|move|p1a: Incineroar|Flare Blitz|p2b: Abomasnow
|-resisted|p2b: Abomasnow
|-damage|p2b: Abomasnow|17/100
|-damage|p1a: Incineroar|92/100|[from] Recoil
|move|p2b: Abomasnow|Blizzard|p1b: Whimsicott|[spread] p1a,p1b
|-resisted|p1a: Incineroar
|-damage|p1a: Incineroar|77/100
|-damage|p1b: Whimsicott|5/100
|
|-weather|Snowscape|[upkeep]
|-sideend|p1: patback0|move: Tailwind
|upkeep
|turn|5
|
|t:|1757643572
|switch|p2a: Arcanine|Arcanine-Hisui, L50, M|100/100
|move|p1b: Whimsicott|Sunny Day|p1b: Whimsicott
|-weather|SunnyDay
|move|p1a: Incineroar|Flare Blitz|p2b: Abomasnow
|-resisted|p2b: Abomasnow
|-crit|p2b: Abomasnow
|-damage|p2b: Abomasnow|0 fnt
|faint|p2b: Abomasnow
|-damage|p1a: Incineroar|72/100|[from] Recoil
|
|-weather|SunnyDay|[upkeep]
|upkeep
|
|t:|1757643584
|switch|p2b: Mienshao|Mienshao, L50, M|100/100
|turn|6
|
|t:|1757643700
|switch|p1a: Ursaluna|Ursaluna-Bloodmoon, L50, M|81/100
|move|p1b: Whimsicott|Tailwind|p1b: Whimsicott
|-sidestart|p1: patback0|move: Tailwind
|move|p2b: Mienshao|Close Combat|p1a: Ursaluna
|-supereffective|p1a: Ursaluna
|-damage|p1a: Ursaluna|0 fnt
|-unboost|p2b: Mienshao|def|1
|-unboost|p2b: Mienshao|spd|1
|faint|p1a: Ursaluna
|move|p2a: Arcanine|Rock Slide|p1b: Whimsicott
|-damage|p1b: Whimsicott|0 fnt
|faint|p1b: Whimsicott
|
|-weather|SunnyDay|[upkeep]
|upkeep
|
|t:|1757643717
|switch|p1b: Incineroar|Incineroar, L50, M|72/100
|-ability|p1b: Incineroar|Intimidate|boost
|-fail|p2a: Arcanine|unboost|[from] item: Clear Amulet|[of] p2a: Arcanine
|-fail|p2b: Mienshao|unboost|Attack|[from] ability: Inner Focus|[of] p2b: Mienshao
|turn|7
|
|t:|1757643728
|move|p1b: Incineroar|Flare Blitz|p2b: Mienshao
|-enditem|p2b: Mienshao|Focus Sash
|-damage|p2b: Mienshao|1/100
|-damage|p1b: Incineroar|49/100|[from] Recoil
|move|p2b: Mienshao|Close Combat|p1b: Incineroar
|-supereffective|p1b: Incineroar
|-damage|p1b: Incineroar|0 fnt
|-unboost|p2b: Mienshao|def|1
|-unboost|p2b: Mienshao|spd|1
|faint|p1b: Incineroar
|
|win|J.otiz93
||patback0 is ready for game 3.
|inactive|J.otiz93 has 30 seconds to confirm battle start!
|l|☆J.otiz93
|player|p2|
|inactive|J.otiz93 has 20 seconds to confirm battle start!
|inactive|J.otiz93 has 10 seconds to confirm battle start!
|uhtml|next|Next: Game 3 of 3
