|j|☆gbaromsenjoyer
|j|☆Mr. Johnny Test
|html|gbaromsenjoyerMr. Johnny Test    
|uhtml|bestof|Game 2 of a best-of-3
|t:|1784123817
|gametype|doubles
|player|p1|gbaromsenjoyer|1|1176
|player|p2|Mr. Johnny Test|265|1146
|gen|9
|tier|[Gen 9 Champions] VGC 2026 Reg M-B (Bo3)
|rated|
|rule|Species Clause: Limit one of each Pokémon
|rule|Item Clause: Limit 1 of each item
|clearpoke
|poke|p1|Blastoise, L50, M|
|poke|p1|Annihilape, L50, F|
|poke|p1|Gallade, L50, M|
|poke|p1|Farigiraf, L50, F|
|poke|p1|Mawile, L50, M|
|poke|p1|Maushold-Four, L50|
|poke|p2|Mawile, L50, F, shiny|
|poke|p2|Charizard, L50, M|
|poke|p2|Sinistcha-Masterpiece, L50, shiny|
|poke|p2|Milotic, L50, F, shiny|
|poke|p2|Whimsicott, L50, M, shiny|
|poke|p2|Garchomp, L50, M|
|teampreview|4
|showteam|p1|Blastoise||Blastoisinite|RainDish|MuddyWater,DarkPulse,ShellSmash,Protect|Modest||M|||50|]Annihilape||SitrusBerry|Defiant|BulkUp,DrainPunch,Protect,RageFist|Adamant||F|||50|]Gallade||IronBall|Sharpness|SacredSword,PsychoCut,LeafBlade,TrickRoom|Brave||M|||50|]Farigiraf||ColburBerry|ArmorTail|Psychic,Thunderbolt,HelpingHand,TrickRoom|Quiet||F|||50|]Mawile||Mawilite|HyperCutter|RockSlide,PlayRough,KnockOff,Protect|Brave||M|||50|]Maushold-Four||WideLens|Technician|PopulationBomb,Protect,FollowMe,BeatUp|Jolly|||||50|
|showteam|p2|Mawile||Mawilite|Intimidate|SuckerPunch,IronHead,PlayRough,Protect|Adamant||F|||50|]Charizard||CharizarditeX|Blaze|Protect,FlameCharge,DragonClaw,BellyDrum|Adamant||M|||50|]Sinistcha-Masterpiece||SitrusBerry|Hospitality|LifeDew,RagePowder,TrickRoom,MatchaGotcha|Calm|||||50|]Milotic||Leftovers|Competitive|IcyWind,MuddyWater,Coil,Hypnosis|Bold||F|||50|]Whimsicott||FocusSash|Prankster|Tailwind,GrassyTerrain,Moonblast,Protect|Timid||M|||50|]Garchomp||LifeOrb|RoughSkin|DragonClaw,StompingTantrum,RockSlide,Protect|Jolly||M|||50|
|
|t:|1784123849
|teamsize|p1|4
|teamsize|p2|4
|start
|switch|p1a: Annihilape|Annihilape, L50, F|100/100
|switch|p1b: Maushold|Maushold-Four, L50|100/100
|switch|p2a: Brimstone|Charizard, L50, M|100/100
|switch|p2b: Southern|Sinistcha-Masterpiece, L50, shiny|100/100
|turn|1
|inactive|Battle timer is ON: inactive players will automatically lose when time's up. (requested by Mr. Johnny Test)
|
|t:|1784123894
|detailschange|p2a: Brimstone|Charizard-Mega-X, L50, M
|-mega|p2a: Brimstone|Charizard|Charizardite X
|move|p2b: Southern|Rage Powder|p2b: Southern
|-singleturn|p2b: Southern|move: Rage Powder
|move|p1b: Maushold|Beat Up|p2b: Southern
|-supereffective|p2b: Southern|1
|-damage|p2b: Southern|88/100
|-supereffective|p2b: Southern|1
|-damage|p2b: Southern|78/100
|-supereffective|p2b: Southern|1
|-damage|p2b: Southern|69/100
|-supereffective|p2b: Southern|1
|-damage|p2b: Southern|59/100
|-hitcount|p2b: Southern|4
|move|p2a: Brimstone|Belly Drum|p2a: Brimstone
|-damage|p2a: Brimstone|50/100y
|-setboost|p2a: Brimstone|atk|6|[from] move: Belly Drum
|move|p1a: Annihilape|Rage Fist|p2b: Southern
|-supereffective|p2b: Southern|1
|-damage|p2b: Southern|11/100
|-enditem|p2b: Southern|Sitrus Berry|[eat]
|-heal|p2b: Southern|36/100|[from] item: Sitrus Berry
|
|upkeep
|turn|2
|c|☆gbaromsenjoyer|i misclicked
|inactive|gbaromsenjoyer has 30 seconds left.
|inactive|gbaromsenjoyer has 20 seconds left.
|inactive|gbaromsenjoyer has 15 seconds left.
|
|t:|1784123937
|move|p1b: Maushold|Follow Me|p1b: Maushold
|-singleturn|p1b: Maushold|move: Follow Me
|move|p2b: Southern|Rage Powder|p2b: Southern
|-singleturn|p2b: Southern|move: Rage Powder
|move|p2a: Brimstone|Flame Charge|p1b: Maushold
|-damage|p1b: Maushold|0 fnt
|-boost|p2a: Brimstone|spe|1
|faint|p1b: Maushold
|move|p1a: Annihilape|Rage Fist|p2b: Southern
|-supereffective|p2b: Southern|1
|-damage|p2b: Southern|0 fnt
|faint|p2b: Southern
|
|upkeep
|
|t:|1784123955
|switch|p1b: Blastoise|Blastoise, L50, M|100/100
|switch|p2b: HammerHead|Garchomp, L50, M|100/100
|turn|3
|inactive|gbaromsenjoyer has 30 seconds left.
|inactive|Mr. Johnny Test has 30 seconds left.
|inactive|gbaromsenjoyer has 20 seconds left.
|
|t:|1784123993
|detailschange|p1b: Blastoise|Blastoise-Mega, L50, M
|-mega|p1b: Blastoise|Blastoise|Blastoisinite
|move|p2a: Brimstone|Flame Charge|p1a: Annihilape
|-damage|p1a: Annihilape|0 fnt
|-boost|p2a: Brimstone|spe|1
|faint|p1a: Annihilape
|move|p2b: HammerHead|Rock Slide|p1b: Blastoise
|-damage|p1b: Blastoise|69/100
|-damage|p2b: HammerHead|90/100|[from] item: Life Orb
|move|p1b: Blastoise|Shell Smash|p1b: Blastoise
|-unboost|p1b: Blastoise|def|1
|-unboost|p1b: Blastoise|spd|1
|-boost|p1b: Blastoise|atk|2
|-boost|p1b: Blastoise|spa|2
|-boost|p1b: Blastoise|spe|2
|
|upkeep
|
|t:|1784124010
|switch|p1a: Farigiraf|Farigiraf, L50, F|100/100
|turn|4
|
|t:|1784124032
|move|p1b: Blastoise|Protect|p1b: Blastoise
|-singleturn|p1b: Blastoise|Protect
|move|p2a: Brimstone|Dragon Claw|p1b: Blastoise
|-activate|p1b: Blastoise|move: Protect
|move|p2b: HammerHead|Rock Slide|p1a: Farigiraf|[spread] 
|-activate|p1b: Blastoise|move: Protect
|-miss|p2b: HammerHead|p1a: Farigiraf
|move|p1a: Farigiraf|Psychic|p2a: Brimstone
|-damage|p2a: Brimstone|2/100
|
|upkeep
|turn|5
|
|t:|1784124054
|move|p1b: Blastoise|Protect||[still]
|-fail|p1b: Blastoise
|move|p2a: Brimstone|Dragon Claw|p1b: Blastoise
|-damage|p1b: Blastoise|0 fnt
|faint|p1b: Blastoise
|move|p2b: HammerHead|Stomping Tantrum|p1a: Farigiraf
|-damage|p1a: Farigiraf|12/100
|-damage|p2b: HammerHead|80/100|[from] item: Life Orb
|move|p1a: Farigiraf|Trick Room|p1a: Farigiraf
|-fieldstart|move: Trick Room|[of] p1a: Farigiraf
|
|upkeep
|turn|6
|
|t:|1784124064
|move|p2a: Brimstone|Protect|p2a: Brimstone
|-singleturn|p2a: Brimstone|Protect
|move|p1a: Farigiraf|Psychic|p2a: Brimstone
|-activate|p2a: Brimstone|move: Protect
|move|p2b: HammerHead|Dragon Claw|p1a: Farigiraf
|-damage|p1a: Farigiraf|0 fnt
|faint|p1a: Farigiraf
|-damage|p2b: HammerHead|70/100|[from] item: Life Orb
|
|win|Mr. Johnny Test
|raw|gbaromsenjoyer's rating: 1176 → 1149(-27 for losing)
|raw|Mr. Johnny Test's rating: 1146 → 1173(+27 for winning)
|c|☆gbaromsenjoyer|gg bro
|c|☆gbaromsenjoyer|the correct play there was to trick room right away
|l|☆gbaromsenjoyer
|player|p1|
|l|☆Mr. Johnny Test
|player|p2|
