|j|☆huhvin
|j|☆Backwards_Aerial
|html|huhvinBackwards_Aerial    
|uhtml|bestof|Game 2 of a best-of-3
|t:|1783277243
|gametype|doubles
|player|p1|huhvin|266|
|player|p2|Backwards_Aerial|palmer|
|gen|9
|tier|[Gen 9 Champions] VGC 2026 Reg M-B (Bo3)
|rule|Species Clause: Limit one of each Pokémon
|rule|Item Clause: Limit 1 of each item
|clearpoke
|poke|p1|Vileplume, L50, F|
|poke|p1|Incineroar, L50, M|
|poke|p1|Torkoal, L50, M|
|poke|p1|Scizor, L50, F|
|poke|p1|Typhlosion-Hisui, L50, F|
|poke|p1|Annihilape, L50, F|
|poke|p2|Swampert, L50, F|
|poke|p2|Noivern, L50, F|
|poke|p2|Sneasler, L50, F|
|poke|p2|Scrafty, L50, F|
|poke|p2|Politoed, L50, M|
|poke|p2|Staraptor, L50, F|
|teampreview|4
|showteam|p1|Vileplume||YacheBerry|Chlorophyll|StrengthSap,SolarBeam,SludgeWave,WeatherBall|Modest||F|||50|]Incineroar||Charcoal|Intimidate|FakeOut,PartingShot,Earthquake,BlazeKick|Adamant||M|||50|]Torkoal||HeatRock|Drought|Eruption,SolarBeam,HeatWave,Protect|Quiet||M|||50|]Scizor||Scizorite|Technician|BulletPunch,Tailwind,KnockOff,Uturn|Adamant||F|||50|]Typhlosion-Hisui||ChoiceScarf|Blaze|Eruption,InfernalParade,SolarBeam,ShadowBall|Timid||F|||50|]Annihilape||ChestoBerry|Defiant|RageFist,Rest,DrainPunch,BulkUp|Adamant||F|||50|
|showteam|p2|Swampert||Swampertite|Torrent|WaveCrash,Earthquake,FlipTurn,Protect|Adamant||F|||50|]Noivern||LifeOrb|Infiltrator|Hurricane,Tailwind,DracoMeteor,Protect|Modest||F|||50|]Sneasler||FocusSash|Unburden|DireClaw,FakeOut,CloseCombat,Coaching|Adamant||F|||50|]Scrafty||SitrusBerry|Intimidate|FakeOut,KnockOff,CloseCombat,Protect|Impish||F|||50|]Politoed||RindoBerry|Drizzle|WeatherBall,RainDance,Encore,Protect|Calm||M|||50|]Staraptor||ChoiceScarf|Intimidate|FinalGambit,DoubleEdge,BraveBird,Uturn|Adamant||F|||50|
|
|t:|1783277339
|teamsize|p1|4
|teamsize|p2|4
|start
|switch|p1a: Scizor|Scizor, L50, F|100/100
|switch|p1b: Incineroar|Incineroar, L50, M|100/100
|switch|p2a: WolfeyVGCfromTemu|Scrafty, L50, F|100/100
|switch|p2b: 40 KILOTON NUKE|Staraptor, L50, F|100/100
|-ability|p2b: 40 KILOTON NUKE|Intimidate|boost
|-unboost|p1a: Scizor|atk|1
|-unboost|p1b: Incineroar|atk|1
|-ability|p1b: Incineroar|Intimidate|boost
|-unboost|p2a: WolfeyVGCfromTemu|atk|1
|-unboost|p2b: 40 KILOTON NUKE|atk|1
|-ability|p2a: WolfeyVGCfromTemu|Intimidate|boost
|-unboost|p1a: Scizor|atk|1
|-unboost|p1b: Incineroar|atk|1
|turn|1
|
|t:|1783277377
|detailschange|p1a: Scizor|Scizor-Mega, L50, F
|-mega|p1a: Scizor|Scizor|Scizorite
|move|p1b: Incineroar|Fake Out|p2b: 40 KILOTON NUKE
|-damage|p2b: 40 KILOTON NUKE|91/100
|cant|p2b: 40 KILOTON NUKE|flinch
|move|p1a: Scizor|Tailwind|p1a: Scizor
|-sidestart|p1: huhvin|move: Tailwind
|move|p2a: WolfeyVGCfromTemu|Close Combat|p1b: Incineroar
|-supereffective|p1b: Incineroar|1
|-damage|p1b: Incineroar|42/100
|-unboost|p2a: WolfeyVGCfromTemu|def|1
|-unboost|p2a: WolfeyVGCfromTemu|spd|1
|
|upkeep
|turn|2
|
|t:|1783277425
|switch|p2a: Mr. Drizzle|Politoed, L50, M|100/100
|-weather|RainDance|[from] ability: Drizzle|[of] p2a: Mr. Drizzle
|move|p2b: 40 KILOTON NUKE|Final Gambit|p1a: Scizor
|-damage|p1a: Scizor|5/100
|faint|p2b: 40 KILOTON NUKE
|move|p1a: Scizor|U-turn|p2a: Mr. Drizzle
|-damage|p2a: Mr. Drizzle|72/100
|
|t:|1783277435
|switch|p1a: Torkoal|Torkoal, L50, M|100/100|[from] U-turn
|-weather|SunnyDay|[from] ability: Drought|[of] p1a: Torkoal
|move|p1b: Incineroar|Blaze Kick|p2a: Mr. Drizzle
|-resisted|p2a: Mr. Drizzle|1
|-damage|p2a: Mr. Drizzle|51/100
|
|-weather|SunnyDay|[upkeep]
|upkeep
|
|t:|1783277463
|switch|p2b: WolfeyVGCfromTemu|Scrafty, L50, F|100/100
|-ability|p2b: WolfeyVGCfromTemu|Intimidate|boost
|-unboost|p1a: Torkoal|atk|1
|-unboost|p1b: Incineroar|atk|1
|turn|3
|
|t:|1783277490
|switch|p1a: Typhlosion|Typhlosion-Hisui, L50, F|100/100
|move|p2b: WolfeyVGCfromTemu|Fake Out|p1a: Typhlosion
|-immune|p1a: Typhlosion
|move|p1b: Incineroar|Blaze Kick|p2b: WolfeyVGCfromTemu
|-damage|p2b: WolfeyVGCfromTemu|74/100
|move|p2a: Mr. Drizzle|Rain Dance|p2a: Mr. Drizzle
|-weather|RainDance
|
|-weather|RainDance|[upkeep]
|upkeep
|turn|4
|
|t:|1783277516
|switch|p1a: Scizor|Scizor-Mega, L50, F|5/100
|move|p1b: Incineroar|Parting Shot|p2a: Mr. Drizzle
|-unboost|p2a: Mr. Drizzle|atk|1
|-unboost|p2a: Mr. Drizzle|spa|1
|
|t:|1783277522
|switch|p1b: Torkoal|Torkoal, L50, M|100/100|[from] Parting Shot
|-weather|SunnyDay|[from] ability: Drought|[of] p1b: Torkoal
|move|p2a: Mr. Drizzle|Rain Dance|p2a: Mr. Drizzle
|-weather|RainDance
|move|p2b: WolfeyVGCfromTemu|Knock Off|p1a: Scizor
|-damage|p1a: Scizor|0 fnt
|faint|p1a: Scizor
|
|-weather|RainDance|[upkeep]
|-sideend|p1: huhvin|move: Tailwind
|upkeep
|
|t:|1783277534
|switch|p1a: Typhlosion|Typhlosion-Hisui, L50, F|100/100
|turn|5
|
|t:|1783277545
|move|p1b: Torkoal|Protect|p1b: Torkoal
|-singleturn|p1b: Torkoal|Protect
|move|p1a: Typhlosion|Shadow Ball|p2a: Mr. Drizzle
|-damage|p2a: Mr. Drizzle|23/100
|move|p2a: Mr. Drizzle|Weather Ball|p1b: Torkoal
|-activate|p1b: Torkoal|move: Protect
|move|p2b: WolfeyVGCfromTemu|Knock Off|p1a: Typhlosion
|-supereffective|p1a: Typhlosion|1
|-damage|p1a: Typhlosion|0 fnt
|-enditem|p1a: Typhlosion|Choice Scarf|[from] move: Knock Off|[of] p2b: WolfeyVGCfromTemu
|faint|p1a: Typhlosion
|
|-weather|RainDance|[upkeep]
|upkeep
|
|t:|1783277557
|switch|p1a: Incineroar|Incineroar, L50, M|42/100
|-ability|p1a: Incineroar|Intimidate|boost
|-unboost|p2a: Mr. Drizzle|atk|1
|-unboost|p2b: WolfeyVGCfromTemu|atk|1
|turn|6
|
|t:|1783277566
|move|p2a: Mr. Drizzle|Protect|p2a: Mr. Drizzle
|-singleturn|p2a: Mr. Drizzle|Protect
|move|p1a: Incineroar|Fake Out|p2a: Mr. Drizzle
|-activate|p2a: Mr. Drizzle|move: Protect
|move|p2b: WolfeyVGCfromTemu|Close Combat|p1a: Incineroar
|-supereffective|p1a: Incineroar|1
|-damage|p1a: Incineroar|0 fnt
|-unboost|p2b: WolfeyVGCfromTemu|def|1
|-unboost|p2b: WolfeyVGCfromTemu|spd|1
|faint|p1a: Incineroar
|move|p1b: Torkoal|Eruption|p2b: WolfeyVGCfromTemu|[spread] p2b
|-activate|p2a: Mr. Drizzle|move: Protect
|-damage|p2b: WolfeyVGCfromTemu|37/100
|-enditem|p2b: WolfeyVGCfromTemu|Sitrus Berry|[eat]
|-heal|p2b: WolfeyVGCfromTemu|61/100|[from] item: Sitrus Berry
|
|-weather|RainDance|[upkeep]
|upkeep
|turn|7
|
|t:|1783277583
|move|p2a: Mr. Drizzle|Weather Ball|p1b: Torkoal
|-supereffective|p1b: Torkoal|1
|-damage|p1b: Torkoal|15/100
|move|p2b: WolfeyVGCfromTemu|Knock Off|p1b: Torkoal
|-damage|p1b: Torkoal|0 fnt
|-enditem|p1b: Torkoal|Heat Rock|[from] move: Knock Off|[of] p2b: WolfeyVGCfromTemu
|faint|p1b: Torkoal
|
|win|Backwards_Aerial
|l|☆huhvin
|player|p1|
