|j|☆neonninja09
|j|☆Person_McSomeone
|html|neonninja09Person_McSomeone    
|uhtml|bestof|Game 2 of a best-of-3
|t:|1783322773
|gametype|doubles
|player|p1|neonninja09|ingo|1063
|player|p2|Person_McSomeone|miku-psychic|1097
|gen|9
|tier|[Gen 9 Champions] VGC 2026 Reg M-B (Bo3)
|rated|
|rule|Species Clause: Limit one of each Pokémon
|rule|Item Clause: Limit 1 of each item
|clearpoke
|poke|p1|Aegislash, L50, M, shiny|
|poke|p1|Floette-Eternal, L50, F, shiny|
|poke|p1|Hydreigon, L50, F, shiny|
|poke|p1|Rotom-Wash, L50, shiny|
|poke|p1|Aerodactyl, L50, M, shiny|
|poke|p1|Chesnaught, L50, M, shiny|
|poke|p2|Dragonite, L50, M|
|poke|p2|Pelipper, L50, F|
|poke|p2|Scovillain, L50, F|
|poke|p2|Archaludon, L50, F|
|poke|p2|Sneasler, L50, M|
|poke|p2|Lycanroc-Dusk, L50, F|
|teampreview|4
|showteam|p1|Aegislash||Leftovers|StanceChange|KingsShield,IronHead,SacredSword,ShadowClaw|Adamant||M|||50|]Floette-Eternal||Floettite|FlowerVeil|Protect,Moonblast,Psychic,EnergyBall|Timid||F|||50|]Hydreigon||ExpertBelt|Levitate|Protect,Tailwind,ThroatChop,RockSlide|Jolly||F|||50|]Rotom-Wash||SitrusBerry|Levitate|Protect,HydroPump,ShadowBall,Thunderbolt|Timid|||||50|]Aerodactyl||LifeOrb|Pressure|Protect,Tailwind,RockSlide,FireFang|Jolly||M|||50|]Chesnaught||Chesnaughtite|Overgrow|Protect,DrainPunch,PoisonJab,SeedBomb|Adamant||M|||50|
|showteam|p2|Dragonite||Dragoninite|InnerFocus|Tailwind,Hurricane,Thunder,Protect|Timid||M|||50|]Pelipper||SitrusBerry|Drizzle|Tailwind,WeatherBall,Protect,HelpingHand|Calm||F|||50|]Scovillain||Scovillainite|Chlorophyll|RagePowder,Protect,EnergyBall,LeechSeed|Bold||F|||50|]Archaludon||ChopleBerry|Stamina|ElectroShot,DracoMeteor,FlashCannon,Protect|Modest||F|||50|]Sneasler||WhiteHerb|Unburden|FakeOut,DireClaw,CloseCombat,Protect|Jolly||M|||50|]Lycanroc-Dusk||FocusSash|ToughClaws|RockSlide,PlayRough,Protect,Accelerock|Jolly||F|||50|
|inactive|Battle timer is ON: inactive players will automatically lose when time's up. (requested by neonninja09)
|inactive|Person_McSomeone also wants the timer to be on.
|inactive|Person_McSomeone has 60 seconds left.
|
|t:|1783322812
|teamsize|p1|4
|teamsize|p2|4
|start
|switch|p1a: Hydreigon|Hydreigon, L50, F, shiny|100/100
|switch|p1b: Floette|Floette-Eternal, L50, F, shiny|100/100
|switch|p2a: Pelipper|Pelipper, L50, F|100/100
|switch|p2b: Archaludon|Archaludon, L50, F|100/100
|-weather|RainDance|[from] ability: Drizzle|[of] p2a: Pelipper
|turn|1
|
|t:|1783322832
|switch|p1b: Chesnaught|Chesnaught, L50, M, shiny|100/100
|move|p1a: Hydreigon|Rock Slide|p2b: Archaludon|[spread] p2a,p2b
|-supereffective|p2a: Pelipper|1
|-resisted|p2b: Archaludon|1
|-crit|p2b: Archaludon
|-damage|p2a: Pelipper|60/100
|-damage|p2b: Archaludon|89/100
|-ability|p2b: Archaludon|Stamina|boost
|-boost|p2b: Archaludon|def|1
|cant|p2b: Archaludon|flinch
|cant|p2a: Pelipper|flinch
|
|-weather|RainDance|[upkeep]
|upkeep
|turn|2
|
|t:|1783322851
|detailschange|p1b: Chesnaught|Chesnaught-Mega, L50, M, shiny
|-mega|p1b: Chesnaught|Chesnaught|Chesnaughtite
|move|p1b: Chesnaught|Protect|p1b: Chesnaught
|-singleturn|p1b: Chesnaught|Protect
|move|p1a: Hydreigon|Tailwind|p1a: Hydreigon
|-sidestart|p1: neonninja09|move: Tailwind
|move|p2b: Archaludon|Electro Shot||[still]
|-prepare|p2b: Archaludon|Electro Shot
|-boost|p2b: Archaludon|spa|1
|-anim|p2b: Archaludon|Electro Shot|p1b: Chesnaught
|-activate|p1b: Chesnaught|move: Protect
|move|p2a: Pelipper|Tailwind|p2a: Pelipper
|-sidestart|p2: Person_McSomeone|move: Tailwind
|
|-weather|RainDance|[upkeep]
|upkeep
|turn|3
|inactive|Person_McSomeone has 30 seconds left.
|inactive|Person_McSomeone has 20 seconds left.
|
|t:|1783322891
|move|p2a: Pelipper|Helping Hand|p2b: Archaludon
|-singleturn|p2b: Archaludon|Helping Hand|[of] p2a: Pelipper
|move|p1a: Hydreigon|Rock Slide|p2b: Archaludon|[spread] p2a
|-miss|p1a: Hydreigon|p2b: Archaludon
|-supereffective|p2a: Pelipper|1
|-damage|p2a: Pelipper|21/100
|-enditem|p2a: Pelipper|Sitrus Berry|[eat]
|-heal|p2a: Pelipper|46/100|[from] item: Sitrus Berry
|move|p2b: Archaludon|Electro Shot||[still]
|-prepare|p2b: Archaludon|Electro Shot
|-boost|p2b: Archaludon|spa|1
|-anim|p2b: Archaludon|Electro Shot|p1b: Chesnaught
|-resisted|p1b: Chesnaught|1
|-damage|p1b: Chesnaught|38/100
|move|p1b: Chesnaught|Drain Punch|p2b: Archaludon
|-supereffective|p2b: Archaludon|1
|-enditem|p2b: Archaludon|Chople Berry|[eat]
|-enditem|p2b: Archaludon|Chople Berry|[weaken]
|-damage|p2b: Archaludon|64/100
|-heal|p1b: Chesnaught|50/100g|[from] drain|[of] p2b: Archaludon
|-ability|p2b: Archaludon|Stamina|boost
|-boost|p2b: Archaludon|def|1
|
|-weather|RainDance|[upkeep]
|upkeep
|turn|4
|
|t:|1783322913
|move|p2a: Pelipper|Helping Hand|p2b: Archaludon
|-singleturn|p2b: Archaludon|Helping Hand|[of] p2a: Pelipper
|move|p1a: Hydreigon|Rock Slide|p2b: Archaludon|[spread] p2a,p2b
|-supereffective|p2a: Pelipper|1
|-resisted|p2b: Archaludon|1
|-damage|p2a: Pelipper|6/100
|-damage|p2b: Archaludon|60/100
|-ability|p2b: Archaludon|Stamina|boost
|-boost|p2b: Archaludon|def|1
|cant|p2b: Archaludon|flinch
|move|p1b: Chesnaught|Drain Punch|p2b: Archaludon
|-supereffective|p2b: Archaludon|1
|-damage|p2b: Archaludon|32/100
|-heal|p1b: Chesnaught|63/100|[from] drain|[of] p2b: Archaludon
|-ability|p2b: Archaludon|Stamina|boost
|-boost|p2b: Archaludon|def|1
|
|-weather|RainDance|[upkeep]
|upkeep
|turn|5
|
|t:|1783322933
|move|p1a: Hydreigon|Rock Slide|p2a: Pelipper|[spread] p2a,p2b
|-supereffective|p2a: Pelipper|1
|-resisted|p2b: Archaludon|1
|-damage|p2a: Pelipper|0 fnt
|-damage|p2b: Archaludon|30/100
|-ability|p2b: Archaludon|Stamina|boost
|-boost|p2b: Archaludon|def|1
|faint|p2a: Pelipper
|move|p2b: Archaludon|Electro Shot||[still]
|-prepare|p2b: Archaludon|Electro Shot
|-boost|p2b: Archaludon|spa|1
|-anim|p2b: Archaludon|Electro Shot|p1b: Chesnaught
|-resisted|p1b: Chesnaught|1
|-damage|p1b: Chesnaught|16/100
|move|p1b: Chesnaught|Drain Punch|p2b: Archaludon
|-supereffective|p2b: Archaludon|1
|-damage|p2b: Archaludon|9/100
|-heal|p1b: Chesnaught|26/100|[from] drain|[of] p2b: Archaludon
|-ability|p2b: Archaludon|Stamina|boost
|-boost|p2b: Archaludon|def|1
|
|-weather|none
|-sideend|p2: Person_McSomeone|move: Tailwind
|-sideend|p1: neonninja09|move: Tailwind
|upkeep
|
|t:|1783322945
|switch|p2a: Scovillain|Scovillain, L50, F|100/100
|turn|6
|
|t:|1783322951
|detailschange|p2a: Scovillain|Scovillain-Mega, L50, F
|-mega|p2a: Scovillain|Scovillain|Scovillainite
|move|p2b: Archaludon|Protect|p2b: Archaludon
|-singleturn|p2b: Archaludon|Protect
|move|p1b: Chesnaught|Protect|p1b: Chesnaught
|-singleturn|p1b: Chesnaught|Protect
|move|p1a: Hydreigon|Tailwind|p1a: Hydreigon
|-sidestart|p1: neonninja09|move: Tailwind
|move|p2a: Scovillain|Leech Seed|p1a: Hydreigon
|-start|p1a: Hydreigon|move: Leech Seed
|
|-damage|p1a: Hydreigon|87/100|[from] Leech Seed|[of] p2a: Scovillain
|upkeep
|turn|7
|
|t:|1783322965
|move|p2a: Scovillain|Rage Powder|p2a: Scovillain
|-singleturn|p2a: Scovillain|move: Rage Powder
|move|p1a: Hydreigon|Rock Slide|p2b: Archaludon|[spread] p2a,p2b
|-supereffective|p2a: Scovillain|1
|-resisted|p2b: Archaludon|1
|-damage|p2a: Scovillain|65/100
|-damage|p2b: Archaludon|7/100
|-status|p1a: Hydreigon|brn|[from] ability: Spicy Spray|[of] p2a: Scovillain
|move|p1b: Chesnaught|Poison Jab|p2a: Scovillain
|-supereffective|p2a: Scovillain|1
|-damage|p2a: Scovillain|9/100
|-status|p1b: Chesnaught|brn|[from] ability: Spicy Spray|[of] p2a: Scovillain
|move|p2b: Archaludon|Flash Cannon|p1b: Chesnaught
|-damage|p1b: Chesnaught|0 fnt
|faint|p1b: Chesnaught
|
|-damage|p1a: Hydreigon|75/100 brn|[from] Leech Seed|[of] p2a: Scovillain
|-heal|p2a: Scovillain|21/100|[silent]
|-damage|p1a: Hydreigon|69/100 brn|[from] brn
|upkeep
|
|t:|1783322975
|switch|p1b: Aerodactyl|Aerodactyl, L50, M, shiny|100/100
|-ability|p1b: Aerodactyl|Pressure
|turn|8
|inactive|Person_McSomeone has 30 seconds left.
|
|t:|1783323001
|move|p2b: Archaludon|Protect|p2b: Archaludon
|-singleturn|p2b: Archaludon|Protect
|move|p2a: Scovillain|Protect|p2a: Scovillain
|-singleturn|p2a: Scovillain|Protect
|move|p1b: Aerodactyl|Rock Slide|p2b: Archaludon|[spread] 
|-activate|p2a: Scovillain|move: Protect
|-activate|p2b: Archaludon|move: Protect
|move|p1a: Hydreigon|Rock Slide|p2b: Archaludon|[spread] 
|-activate|p2a: Scovillain|move: Protect
|-activate|p2b: Archaludon|move: Protect
|
|-damage|p1a: Hydreigon|56/100 brn|[from] Leech Seed|[of] p2a: Scovillain
|-heal|p2a: Scovillain|33/100|[silent]
|-damage|p1a: Hydreigon|50/100g brn|[from] brn
|upkeep
|turn|9
|inactive|Person_McSomeone has 30 seconds left.
|
|t:|1783323034
|move|p1b: Aerodactyl|Rock Slide|p2b: Archaludon|[spread] p2a,p2b
|-supereffective|p2a: Scovillain|1
|-resisted|p2b: Archaludon|1
|-damage|p2a: Scovillain|0 fnt
|-damage|p2b: Archaludon|5/100
|-status|p1b: Aerodactyl|brn|[from] ability: Spicy Spray|[of] p2a: Scovillain
|faint|p2a: Scovillain
|-damage|p1b: Aerodactyl|90/100 brn|[from] item: Life Orb
|move|p1a: Hydreigon|Rock Slide|p2b: Archaludon|[miss]
|-miss|p1a: Hydreigon|p2b: Archaludon
|move|p2b: Archaludon|Flash Cannon|p1b: Aerodactyl
|-supereffective|p1b: Aerodactyl|1
|-damage|p1b: Aerodactyl|0 fnt
|faint|p1b: Aerodactyl
|
|-damage|p1a: Hydreigon|44/100 brn|[from] brn
|-sideend|p1: neonninja09|move: Tailwind
|upkeep
|
|t:|1783323047
|switch|p1b: Floette|Floette-Eternal, L50, F, shiny|100/100
|switch|p2a: Lycanroc|Lycanroc-Dusk, L50, F|100/100
|turn|10
|
|t:|1783323058
|move|p1b: Floette|Protect|p1b: Floette
|-singleturn|p1b: Floette|Protect
|move|p2a: Lycanroc|Rock Slide|p1b: Floette|[spread] p1a
|-activate|p1b: Floette|move: Protect
|-damage|p1a: Hydreigon|12/100 brn
|move|p1a: Hydreigon|Tailwind|p1a: Hydreigon
|-sidestart|p1: neonninja09|move: Tailwind
|move|p2b: Archaludon|Flash Cannon|p1b: Floette
|-activate|p1b: Floette|move: Protect
|
|-damage|p1a: Hydreigon|0 fnt|[from] Leech Seed|[of] p2a: Lycanroc
|faint|p1a: Hydreigon
|upkeep
|turn|11
|
|t:|1783323077
|move|p1b: Floette|Energy Ball|p2a: Lycanroc
|-supereffective|p2a: Lycanroc|1
|-enditem|p2a: Lycanroc|Focus Sash
|-damage|p2a: Lycanroc|1/100
|move|p2a: Lycanroc|Play Rough|p1b: Floette|[miss]
|-miss|p2a: Lycanroc|p1b: Floette
|move|p2b: Archaludon|Flash Cannon|p1b: Floette
|-supereffective|p1b: Floette|1
|-damage|p1b: Floette|0 fnt
|faint|p1b: Floette
|
|win|Person_McSomeone
|raw|neonninja09's rating: 1063 → 1045(-18 for losing)
|raw|Person_McSomeone's rating: 1097 → 1120(+23 for winning)
|l|☆neonninja09
|player|p1|
