|j|☆chemi30
|j|☆eggtophat_real
|html|chemi30eggtophat_real    
|uhtml|bestof|Game 2 of a best-of-3
|t:|1757051064
|gametype|doubles
|player|p1|chemi30|1|1037
|player|p2|eggtophat_real|n-masters|1063
|gen|9
|tier|[Gen 9] VGC 2025 Reg H (Bo3)
|rated|
|rule|Species Clause: Limit one of each Pokémon
|rule|Item Clause: Limit 1 of each item
|clearpoke
|poke|p1|Incineroar, L50, F|
|poke|p1|Pelipper, L50, F|
|poke|p1|Basculegion, L50, M|
|poke|p1|Amoonguss, L50, M|
|poke|p1|Maushold-Four, L50|
|poke|p1|Archaludon, L50, M|
|poke|p2|Gholdengo, L50|
|poke|p2|Sneasler, L50, M|
|poke|p2|Rillaboom, L50, M|
|poke|p2|Dragonite, L50, M|
|poke|p2|Ninetales-Alola, L50, F|
|poke|p2|Arcanine-Hisui, L50, F|
|teampreview|4
|showteam|p1|Incineroar||SafetyGoggles|Intimidate|FakeOut,FlareBlitz,KnockOff,PartingShot|||F|||50|,,,,,Ghost]Pelipper||FocusSash|Drizzle|Hurricane,WeatherBall,Tailwind,Protect|||F|||50|,,,,,Ghost]Basculegion||MysticWater|SwiftSwim|Protect,WaveCrash,AquaJet,LastRespects|||M|||50|,,,,,Water]Amoonguss||SitrusBerry|Regenerator|Spore,RagePowder,PollenPuff,ClearSmog|||M|||50|,,,,,Water]Maushold-Four||WideLens|Technician|PopulationBomb,FollowMe,Taunt,Protect||||||50|,,,,,Grass]Archaludon||AssaultVest|Stamina|ElectroShot,DragonPulse,FlashCannon,BodyPress|||M|||50|,,,,,Grass
|showteam|p2|Gholdengo||GrassySeed|GoodasGold|NastyPlot,MakeItRain,ShadowBall,Protect||||||50|,,,,,Water]Sneasler||WhiteHerb|Unburden|CloseCombat,DireClaw,Coaching,Protect|||M|||50|,,,,,Ghost]Rillaboom||AssaultVest|GrassySurge|FakeOut,GrassyGlide,DrumBeating,HighHorsepower|||M|||50|,,,,,Fire]Dragonite||LoadedDice|Multiscale|ScaleShot,StompingTantrum,Tailwind,Protect|||M|||50|,,,,,Ground]Ninetales-Alola||FocusSash|SnowWarning|Blizzard,IcyWind,Encore,AuroraVeil|||F|||50|,,,,,Ghost]Arcanine-Hisui||ClearAmulet|Intimidate|RockSlide,FlareBlitz,ExtremeSpeed,Protect|||F|||50|,,,,,Water
|inactive|Battle timer is ON: inactive players will automatically lose when time's up. (requested by eggtophat_real)
|inactive|chemi30 has 60 seconds left.
|
|t:|1757051095
|teamsize|p1|4
|teamsize|p2|4
|start
|switch|p1a: Pelipper|Pelipper, L50, F|100/100
|switch|p1b: Basculegion|Basculegion, L50, M|100/100
|switch|p2a: Rillaboom|Rillaboom, L50, M|100/100
|switch|p2b: Gholdengo|Gholdengo, L50|100/100
|-fieldstart|move: Grassy Terrain|[from] ability: Grassy Surge|[of] p2a: Rillaboom
|-enditem|p2b: Gholdengo|Grassy Seed
|-boost|p2b: Gholdengo|def|1|[from] item: Grassy Seed
|-weather|RainDance|[from] ability: Drizzle|[of] p1a: Pelipper
|turn|1
|
|t:|1757051107
|switch|p2b: Ninetales|Ninetales-Alola, L50, F|100/100
|-weather|Snowscape|[from] ability: Snow Warning|[of] p2b: Ninetales
|move|p1b: Basculegion|Protect|p1b: Basculegion
|-singleturn|p1b: Basculegion|Protect
|move|p1a: Pelipper|Protect|p1a: Pelipper
|-singleturn|p1a: Pelipper|Protect
|move|p2a: Rillaboom|Drum Beating|p1b: Basculegion
|-activate|p1b: Basculegion|move: Protect
|
|-weather|Snowscape|[upkeep]
|upkeep
|turn|2
|
|t:|1757051131
|switch|p1b: Amoonguss|Amoonguss, L50, M|100/100
|move|p2b: Ninetales|Aurora Veil|p2b: Ninetales
|-sidestart|p2: eggtophat_real|move: Aurora Veil
|move|p2a: Rillaboom|Drum Beating|p1b: Amoonguss
|-resisted|p1b: Amoonguss
|-damage|p1b: Amoonguss|89/100
|-unboost|p1b: Amoonguss|spe|1
|move|p1a: Pelipper|Hurricane|p2a: Rillaboom
|-supereffective|p2a: Rillaboom
|-damage|p2a: Rillaboom|43/100
|
|-weather|Snowscape|[upkeep]
|-heal|p2a: Rillaboom|49/100|[from] Grassy Terrain
|-heal|p1b: Amoonguss|95/100|[from] Grassy Terrain
|upkeep
|turn|3
|inactive|chemi30 has 30 seconds left.
|
|t:|1757051159
|switch|p1b: Archaludon|Archaludon, L50, M|100/100
|move|p1a: Pelipper|Protect|p1a: Pelipper
|-singleturn|p1a: Pelipper|Protect
|move|p2b: Ninetales|Blizzard|p1b: Archaludon|[spread] p1b
|-activate|p1a: Pelipper|move: Protect
|-crit|p1b: Archaludon
|-damage|p1b: Archaludon|67/100
|-ability|p1b: Archaludon|Stamina|boost
|-boost|p1b: Archaludon|def|1
|move|p2a: Rillaboom|Drum Beating|p1a: Pelipper
|-activate|p1a: Pelipper|move: Protect
|
|-weather|Snowscape|[upkeep]
|-heal|p2a: Rillaboom|54/100|[from] Grassy Terrain
|-heal|p1b: Archaludon|73/100|[from] Grassy Terrain
|upkeep
|turn|4
|inactive|chemi30 has 30 seconds left.
|inactive|chemi30 has 20 seconds left.
|
|t:|1757051195
|move|p2b: Ninetales|Blizzard|p1b: Archaludon|[spread] p1a,p1b
|-damage|p1a: Pelipper|51/100
|-damage|p1b: Archaludon|53/100
|-ability|p1b: Archaludon|Stamina|boost
|-boost|p1b: Archaludon|def|1
|move|p2a: Rillaboom|Drum Beating|p1a: Pelipper
|-damage|p1a: Pelipper|0 fnt
|faint|p1a: Pelipper
|move|p1b: Archaludon|Dragon Pulse|p2a: Rillaboom
|-damage|p2a: Rillaboom|32/100
|
|-weather|Snowscape|[upkeep]
|-heal|p2a: Rillaboom|38/100|[from] Grassy Terrain
|-heal|p1b: Archaludon|59/100|[from] Grassy Terrain
|upkeep
|
|t:|1757051208
|switch|p1a: Amoonguss|Amoonguss, L50, M|100/100
|turn|5
|
|t:|1757051227
|move|p1a: Amoonguss|Rage Powder|p1a: Amoonguss
|-singleturn|p1a: Amoonguss|move: Rage Powder
|move|p2b: Ninetales|Blizzard|p1b: Archaludon|[spread] p1a,p1b
|-supereffective|p1a: Amoonguss
|-damage|p1a: Amoonguss|57/100
|-damage|p1b: Archaludon|36/100
|-ability|p1b: Archaludon|Stamina|boost
|-boost|p1b: Archaludon|def|1
|move|p2a: Rillaboom|High Horsepower|p1b: Archaludon
|-supereffective|p1b: Archaludon
|-damage|p1b: Archaludon|19/100
|-ability|p1b: Archaludon|Stamina|boost
|-boost|p1b: Archaludon|def|1
|move|p1b: Archaludon|Flash Cannon|p2a: Rillaboom
|-damage|p2a: Rillaboom|18/100
|
|-weather|none
|-heal|p2a: Rillaboom|24/100|[from] Grassy Terrain
|-heal|p1b: Archaludon|25/100|[from] Grassy Terrain
|-heal|p1a: Amoonguss|63/100|[from] Grassy Terrain
|-fieldend|move: Grassy Terrain
|upkeep
|turn|6
|
|t:|1757051246
|move|p2b: Ninetales|Blizzard|p1a: Amoonguss|[spread] p1b
|-miss|p2b: Ninetales|p1a: Amoonguss
|-damage|p1b: Archaludon|2/100
|-ability|p1b: Archaludon|Stamina|boost
|-boost|p1b: Archaludon|def|1
|move|p2a: Rillaboom|High Horsepower|p1a: Amoonguss
|-damage|p1a: Amoonguss|36/100
|-enditem|p1a: Amoonguss|Sitrus Berry|[eat]
|-heal|p1a: Amoonguss|61/100|[from] item: Sitrus Berry
|move|p1b: Archaludon|Dragon Pulse|p2a: Rillaboom
|-damage|p2a: Rillaboom|0 fnt
|faint|p2a: Rillaboom
|move|p1a: Amoonguss|Spore|p2b: Ninetales
|-status|p2b: Ninetales|slp|[from] move: Spore
|
|-sideend|p2: eggtophat_real|move: Aurora Veil
|upkeep
|
|t:|1757051256
|switch|p2a: Sneasler|Sneasler, L50, M|100/100
|turn|7
|
|t:|1757051278
|switch|p2b: Gholdengo|Gholdengo, L50|100/100
|-terastallize|p2a: Sneasler|Ghost
|move|p1a: Amoonguss|Rage Powder|p1a: Amoonguss
|-singleturn|p1a: Amoonguss|move: Rage Powder
|move|p2a: Sneasler|Close Combat|p1a: Amoonguss
|-resisted|p1a: Amoonguss
|-damage|p1a: Amoonguss|31/100
|-unboost|p2a: Sneasler|def|1
|-unboost|p2a: Sneasler|spd|1
|-enditem|p2a: Sneasler|White Herb
|-clearnegativeboost|p2a: Sneasler|[silent]
|move|p1b: Archaludon|Body Press|p2a: Sneasler
|-immune|p2a: Sneasler
|
|upkeep
|turn|8
|
|t:|1757051299
|move|p1a: Amoonguss|Rage Powder|p1a: Amoonguss
|-singleturn|p1a: Amoonguss|move: Rage Powder
|move|p2a: Sneasler|Dire Claw|p1a: Amoonguss
|-damage|p1a: Amoonguss|0 fnt
|faint|p1a: Amoonguss
|move|p2b: Gholdengo|Shadow Ball|p1b: Archaludon
|-damage|p1b: Archaludon|0 fnt
|faint|p1b: Archaludon
|
|upkeep
|
|t:|1757051317
|switch|p1a: Basculegion|Basculegion, L50, M|100/100
|turn|9
|
|t:|1757051324
|move|p2a: Sneasler|Dire Claw|p1a: Basculegion
|-resisted|p1a: Basculegion
|-damage|p1a: Basculegion|73/100
|-status|p1a: Basculegion|slp
|move|p2b: Gholdengo|Shadow Ball|p1a: Basculegion
|-supereffective|p1a: Basculegion
|-crit|p1a: Basculegion
|-damage|p1a: Basculegion|0 fnt
|faint|p1a: Basculegion
|
|win|eggtophat_real
|raw|chemi30's rating: 1037 → 1023(-14 for losing)
|raw|eggtophat_real's rating: 1063 → 1091(+28 for winning)
