|j|☆xhooorxhi
|j|☆breloomb01
|html|xhooorxhibreloomb01    
|uhtml|bestof|Game 2 of a best-of-3
|t:|1785347004
|gametype|doubles
|player|p1|xhooorxhi|102|1147
|player|p2|breloomb01|roughneck|1129
|gen|9
|tier|[Gen 9 Champions] VGC 2026 Reg M-B (Bo3)
|rated|
|rule|Species Clause: Limit one of each Pokémon
|rule|Item Clause: Limit 1 of each item
|clearpoke
|poke|p1|Altaria, L50, M|
|poke|p1|Delphox, L50, F|
|poke|p1|Sneasler, L50, F, shiny|
|poke|p1|Sinistcha, L50, shiny|
|poke|p1|Floette-Eternal, L50, F|
|poke|p1|Kingambit, L50, M, shiny|
|poke|p2|Floette-Eternal, L50, F|
|poke|p2|Incineroar, L50, F|
|poke|p2|Sinistcha, L50|
|poke|p2|Garchomp, L50, M|
|poke|p2|Sneasler, L50, F|
|poke|p2|Rotom-Wash, L50|
|teampreview|4
|showteam|p1|Altaria||SitrusBerry|CloudNine|DragonPulse,WillOWisp,Tailwind,Protect|Timid||M|||50|]Delphox||Delphoxite|Blaze|HeatWave,Psychic,NastyPlot,Protect|Jolly||F|||50|]Sneasler||FocusSash|PoisonTouch|CloseCombat,PoisonJab,Coaching,FakeOut|Adamant||F|||50|]Sinistcha||LifeOrb|Hospitality|MatchaGotcha,ShadowBall,RagePowder,Protect|Modest|||||50|]Floette-Eternal||Floettite|FlowerVeil|Moonblast,DazzlingGleam,LightofRuin,Protect|Modest||F|||50|]Kingambit||ExpertBelt|Defiant|IronHead,KowtowCleave,SuckerPunch,LowKick|Adamant||M|||50|
|showteam|p2|Floette-Eternal||Floettite|FlowerVeil|DrainingKiss,DazzlingGleam,CalmMind,Protect|Modest||F|||50|]Incineroar||SitrusBerry|Intimidate|FakeOut,FlareBlitz,ThroatChop,PartingShot|Careful||F|||50|]Sinistcha||KasibBerry|Hospitality|MatchaGotcha,RagePowder,LifeDew,TrickRoom|Calm|||||50|]Garchomp||LifeOrb|RoughSkin|Earthquake,DragonClaw,RockSlide,Protect|Jolly||M|||50|]Sneasler||FocusSash|PoisonTouch|FakeOut,DireClaw,CloseCombat,Protect|Jolly||F|||50|]Rotom-Wash||Leftovers|Levitate|HydroPump,VoltSwitch,WillOWisp,Electroweb|Modest|||||50|
|
|t:|1785347056
|teamsize|p1|4
|teamsize|p2|4
|start
|switch|p1a: Sneasler|Sneasler, L50, F, shiny|100/100
|switch|p1b: Floette|Floette-Eternal, L50, F|100/100
|switch|p2a: Floette|Floette-Eternal, L50, F|100/100
|switch|p2b: Sneasler|Sneasler, L50, F|100/100
|turn|1
|
|t:|1785347074
|switch|p2a: Incineroar|Incineroar, L50, F|100/100
|-ability|p2a: Incineroar|Intimidate|boost
|-unboost|p1a: Sneasler|atk|1
|-unboost|p1b: Floette|atk|1
|detailschange|p1b: Floette|Floette-Mega, L50, F
|-mega|p1b: Floette|Floette|Floettite
|-ability|p1b: Floette|Fairy Aura
|move|p2b: Sneasler|Fake Out|p1b: Floette
|-damage|p1b: Floette|80/100
|-status|p1b: Floette|psn|[from] ability: Poison Touch|[of] p2b: Sneasler
|move|p1a: Sneasler|Fake Out|p2a: Incineroar
|-damage|p2a: Incineroar|90/100
|cant|p1b: Floette|flinch
|
|-damage|p1b: Floette|68/100 psn|[from] psn
|upkeep
|turn|2
|
|t:|1785347099
|switch|p1a: Sinistcha|Sinistcha, L50, shiny|100/100
|-heal|p1b: Floette|92/100 psn|[from] ability: Hospitality|[of] p1a: Sinistcha
|move|p2b: Sneasler|Dire Claw|p1b: Floette
|-supereffective|p1b: Floette|1
|-damage|p1b: Floette|0 fnt
|-fail|p1b: Floette
|faint|p1b: Floette
|move|p2a: Incineroar|Parting Shot|p1a: Sinistcha
|-unboost|p1a: Sinistcha|atk|1
|-unboost|p1a: Sinistcha|spa|1
|
|t:|1785347102
|switch|p2a: Floette|Floette-Eternal, L50, F|100/100|[from] Parting Shot
|
|upkeep
|
|t:|1785347106
|switch|p1b: Sneasler|Sneasler, L50, F, shiny|100/100
|turn|3
|
|t:|1785347125
|switch|p2b: Incineroar|Incineroar, L50, F|90/100
|-ability|p2b: Incineroar|Intimidate|boost
|-unboost|p1a: Sinistcha|atk|1
|-unboost|p1b: Sneasler|atk|1
|move|p2a: Floette|Protect|p2a: Floette
|-singleturn|p2a: Floette|Protect
|move|p1b: Sneasler|Poison Jab|p2a: Floette
|-activate|p2a: Floette|move: Protect
|move|p1a: Sinistcha|Shadow Ball|p2b: Incineroar
|-resisted|p2b: Incineroar|1
|-damage|p2b: Incineroar|76/100
|-damage|p1a: Sinistcha|90/100|[from] item: Life Orb
|
|upkeep
|turn|4
|
|t:|1785347133
|switch|p1a: Altaria|Altaria, L50, M|100/100
|-ability|p1a: Altaria|Cloud Nine
|detailschange|p2a: Floette|Floette-Mega, L50, F
|-mega|p2a: Floette|Floette|Floettite
|-ability|p2a: Floette|Fairy Aura
|move|p2b: Incineroar|Fake Out|p1b: Sneasler
|-damage|p1b: Sneasler|81/100
|cant|p1b: Sneasler|flinch
|move|p2a: Floette|Calm Mind|p2a: Floette
|-boost|p2a: Floette|spa|1
|-boost|p2a: Floette|spd|1
|
|upkeep
|turn|5
|
|t:|1785347155
|move|p2a: Floette|Protect|p2a: Floette
|-singleturn|p2a: Floette|Protect
|move|p1b: Sneasler|Close Combat|p2b: Incineroar
|-supereffective|p2b: Incineroar|1
|-damage|p2b: Incineroar|0 fnt
|-unboost|p1b: Sneasler|def|1
|-unboost|p1b: Sneasler|spd|1
|faint|p2b: Incineroar
|move|p1a: Altaria|Tailwind|p1a: Altaria
|-sidestart|p1: xhooorxhi|move: Tailwind
|
|upkeep
|
|t:|1785347163
|switch|p2b: Sneasler|Sneasler, L50, F|100/100
|turn|6
|
|t:|1785347175
|switch|p1a: Sinistcha|Sinistcha, L50, shiny|90/100
|-heal|p1b: Sneasler|100/100|[from] ability: Hospitality|[of] p1a: Sinistcha
|move|p2b: Sneasler|Fake Out|p1b: Sneasler
|-damage|p1b: Sneasler|61/100
|cant|p1b: Sneasler|flinch
|move|p2a: Floette|Dazzling Gleam|p1a: Sinistcha|[spread] p1a,p1b
|-damage|p1a: Sinistcha|0 fnt
|-damage|p1b: Sneasler|0 fnt
|faint|p1a: Sinistcha
|faint|p1b: Sneasler
|
|upkeep
|
|t:|1785347183
|switch|p1b: Altaria|Altaria, L50, M|100/100
|-ability|p1b: Altaria|Cloud Nine
|turn|7
|
|t:|1785347186
|move|p2b: Sneasler|Protect|p2b: Sneasler
|-singleturn|p2b: Sneasler|Protect
|move|p1b: Altaria|Will-O-Wisp|p2a: Floette
|-status|p2a: Floette|brn
|move|p2a: Floette|Draining Kiss|p1b: Altaria
|-supereffective|p1b: Altaria|1
|-damage|p1b: Altaria|0 fnt
|faint|p1b: Altaria
|
|win|breloomb01
|raw|xhooorxhi's rating: 1147 → 1121(-26 for losing)
|raw|breloomb01's rating: 1129 → 1155(+26 for winning)
|l|☆xhooorxhi
|player|p1|
