|j|☆Yuste3_
|j|☆pressinblades
|html|Yuste3_pressinblades    
|uhtml|bestof|Game 1 of a best-of-3
|t:|1756156458
|gametype|doubles
|player|p1|Yuste3_|lucas|1113
|player|p2|pressinblades|steven|1005
|gen|9
|tier|[Gen 9] VGC 2025 Reg H (Bo3)
|rated|
|rule|Species Clause: Limit one of each Pokémon
|rule|Item Clause: Limit 1 of each item
|clearpoke
|poke|p1|Wugtrio, L50, M|
|poke|p1|Tyranitar, L50, M|
|poke|p1|Volcarona, L50, F|
|poke|p1|Mandibuzz, L50, F|
|poke|p1|Indeedee, L50, M|
|poke|p1|Delphox, L50, M|
|poke|p2|Talonflame, L50, F|
|poke|p2|Torkoal, L50, F|
|poke|p2|Garchomp, L50, M|
|poke|p2|Mimikyu, L50, M|
|poke|p2|Rillaboom, L50, M|
|poke|p2|Conkeldurr, L50, M|
|teampreview|4
|showteam|p1|Wugtrio||ChoiceBand|SandVeil|TripleDive,AquaJet,SuckerPunch,ThroatChop|||M|||50|,,,,,Water]Tyranitar||AssaultVest|SandStream|RockSlide,KnockOff,TeraBlast,LowKick|||M|||50|,,,,,Flying]Volcarona||CovertCloak|FlameBody|HeatWave,StruggleBug,QuiverDance,Protect|||F|||50|,,,,,Bug]Mandibuzz||SitrusBerry|Overcoat|FoulPlay,Taunt,Roost,Tailwind|||F|||50|,,,,,Steel]Indeedee||ChoiceScarf|PsychicSurge|ExpandingForce,HyperVoice,Psychic,Trick|||M|||50|,,,,,Psychic]Delphox||PsychicSeed|Magician|HeatWave,ExpandingForce,TeraBlast,Protect|||M|||50|,,,,,Fighting
|showteam|p2|Talonflame||ExpertBelt|GaleWings|Tailwind,BraveBird,Overheat,Taunt|||F|||50|,,,,,Ghost]Torkoal||EjectPack|Drought|Protect,Overheat,EarthPower,HelpingHand|||F|||50|,,,,,Flying]Garchomp||ClearAmulet|RoughSkin|Protect,SwordsDance,Earthquake,RockSlide|||M|||50|,,,,,Fire]Mimikyu||SitrusBerry|Disguise|Protect,TrickRoom,ShadowClaw,Curse|||M|||50|,,,,,Water]Rillaboom||AssaultVest|GrassySurge|FakeOut,WoodHammer,GrassyGlide,Uturn|||M|||50|,,,,,Fire]Conkeldurr||FlameOrb|Guts|MachPunch,DrainPunch,IcePunch,WideGuard|||M|||50|,,,,,Steel
|inactive|Battle timer is ON: inactive players will automatically lose when time's up. (requested by Yuste3_)
|inactive|Yuste3_ has 60 seconds left.
|
|t:|1756156504
|teamsize|p1|4
|teamsize|p2|4
|start
|switch|p1a: Wugtrio|Wugtrio, L50, M|100/100
|switch|p1b: Volcarona|Volcarona, L50, F|100/100
|switch|p2a: Mimikyu|Mimikyu, L50, M, shiny|100/100
|switch|p2b: Garchomp|Garchomp, L50, M|100/100
|turn|1
|inactive|pressinblades has 30 seconds left.
|inactive|pressinblades has 20 seconds left.
|inactive|pressinblades has 15 seconds left.
|inactive|pressinblades has 10 seconds left.
|
|t:|1756156550
|move|p1b: Volcarona|Protect|p1b: Volcarona
|-singleturn|p1b: Volcarona|Protect
|move|p1a: Wugtrio|Triple Dive|p2b: Garchomp
|-damage|p2b: Garchomp|80/100
|-damage|p1a: Wugtrio|89/100|[from] ability: Rough Skin|[of] p2b: Garchomp
|-damage|p2b: Garchomp|61/100
|-damage|p1a: Wugtrio|77/100|[from] ability: Rough Skin|[of] p2b: Garchomp
|-damage|p2b: Garchomp|40/100
|-damage|p1a: Wugtrio|65/100|[from] ability: Rough Skin|[of] p2b: Garchomp
|-hitcount|p2b: Garchomp|3
|move|p2b: Garchomp|Rock Slide|p1b: Volcarona|[spread] p1a
|-activate|p1b: Volcarona|move: Protect
|-damage|p1a: Wugtrio|16/100
|move|p2a: Mimikyu|Trick Room|p2a: Mimikyu
|-fieldstart|move: Trick Room|[of] p2a: Mimikyu
|
|upkeep
|turn|2
|inactive|pressinblades has 30 seconds left.
|
|t:|1756156576
|switch|p1b: Tyranitar|Tyranitar, L50, M|100/100
|-weather|Sandstorm|[from] ability: Sand Stream|[of] p1b: Tyranitar
|move|p2a: Mimikyu|Shadow Claw|p1a: Wugtrio|[miss]
|-miss|p2a: Mimikyu|p1a: Wugtrio
|move|p2b: Garchomp|Rock Slide|p1a: Wugtrio|[spread] p1a,p1b
|-damage|p1a: Wugtrio|0 fnt
|-damage|p1b: Tyranitar|86/100
|faint|p1a: Wugtrio
|
|-weather|Sandstorm|[upkeep]
|-damage|p2a: Mimikyu|94/100|[from] Sandstorm
|upkeep
|
|t:|1756156588
|switch|p1a: Indeedee|Indeedee, L50, M|100/100
|-fieldstart|move: Psychic Terrain|[from] ability: Psychic Surge|[of] p1a: Indeedee
|turn|3
|
|t:|1756156604
|switch|p2b: Rillaboom|Rillaboom, L50, M|100/100
|-fieldstart|move: Grassy Terrain|[from] ability: Grassy Surge|[of] p2b: Rillaboom
|move|p1b: Tyranitar|Low Kick|p2b: Rillaboom
|-damage|p2b: Rillaboom|74/100
|move|p2a: Mimikyu|Curse|p1a: Indeedee
|-start|p1a: Indeedee|Curse|[of] p2a: Mimikyu
|-damage|p2a: Mimikyu|44/100
|-enditem|p2a: Mimikyu|Sitrus Berry|[eat]
|-heal|p2a: Mimikyu|69/100|[from] item: Sitrus Berry
|move|p1a: Indeedee|Expanding Force|p2a: Mimikyu
|-activate|p2a: Mimikyu|ability: Disguise
|-damage|p2a: Mimikyu|69/100
|detailschange|p2a: Mimikyu|Mimikyu-Busted, L50, M, shiny
|-damage|p2a: Mimikyu|57/100|[from] pokemon: Mimikyu-Busted
|
|-weather|Sandstorm|[upkeep]
|-damage|p2a: Mimikyu|50/100|[from] Sandstorm
|-damage|p2b: Rillaboom|68/100|[from] Sandstorm
|-damage|p1a: Indeedee|95/100|[from] Sandstorm
|-heal|p1b: Tyranitar|92/100|[from] Grassy Terrain
|-heal|p2a: Mimikyu|57/100|[from] Grassy Terrain
|-heal|p2b: Rillaboom|74/100|[from] Grassy Terrain
|-heal|p1a: Indeedee|100/100|[from] Grassy Terrain
|-damage|p1a: Indeedee|75/100|[from] Curse
|upkeep
|turn|4
|inactive|pressinblades has 30 seconds left.
|
|t:|1756156635
|switch|p1a: Volcarona|Volcarona, L50, F|100/100
|-terastallize|p1b: Tyranitar|Flying
|move|p2a: Mimikyu|Protect|p2a: Mimikyu
|-singleturn|p2a: Mimikyu|Protect
|move|p1b: Tyranitar|Tera Blast|p2b: Rillaboom|[anim] Tera Blast Flying
|-supereffective|p2b: Rillaboom
|-damage|p2b: Rillaboom|0 fnt
|faint|p2b: Rillaboom
|
|-weather|Sandstorm|[upkeep]
|-damage|p1b: Tyranitar|86/100|[from] Sandstorm
|-damage|p2a: Mimikyu|50/100|[from] Sandstorm
|-damage|p1a: Volcarona|94/100|[from] Sandstorm
|-heal|p2a: Mimikyu|57/100|[from] Grassy Terrain
|-heal|p1a: Volcarona|100/100|[from] Grassy Terrain
|upkeep
|
|t:|1756156649
|switch|p2b: Conkeldurr|Conkeldurr, L50, M|100/100
|turn|5
|
|t:|1756156663
|move|p2b: Conkeldurr|Ice Punch|p1b: Tyranitar
|-supereffective|p1b: Tyranitar
|-damage|p1b: Tyranitar|41/100
|move|p1b: Tyranitar|Tera Blast|p2b: Conkeldurr|[anim] Tera Blast Flying
|-supereffective|p2b: Conkeldurr
|-damage|p2b: Conkeldurr|14/100
|move|p2a: Mimikyu|Shadow Claw|p1b: Tyranitar
|-crit|p1b: Tyranitar
|-damage|p1b: Tyranitar|12/100
|move|p1a: Volcarona|Quiver Dance|p1a: Volcarona
|-boost|p1a: Volcarona|spa|1
|-boost|p1a: Volcarona|spd|1
|-boost|p1a: Volcarona|spe|1
|
|-weather|Sandstorm|[upkeep]
|-damage|p2b: Conkeldurr|8/100|[from] Sandstorm
|-damage|p1b: Tyranitar|6/100|[from] Sandstorm
|-damage|p2a: Mimikyu|50/100|[from] Sandstorm
|-damage|p1a: Volcarona|94/100|[from] Sandstorm
|-heal|p2b: Conkeldurr|14/100|[from] Grassy Terrain
|-heal|p2a: Mimikyu|57/100|[from] Grassy Terrain
|-heal|p1a: Volcarona|100/100|[from] Grassy Terrain
|-fieldend|move: Trick Room
|-status|p2b: Conkeldurr|brn|[from] item: Flame Orb
|upkeep
|turn|6
|inactive|pressinblades has 30 seconds left.
|
|t:|1756156691
|move|p2b: Conkeldurr|Mach Punch|p1b: Tyranitar
|-resisted|p1b: Tyranitar
|-damage|p1b: Tyranitar|0 fnt
|faint|p1b: Tyranitar
|move|p1a: Volcarona|Heat Wave|p2b: Conkeldurr|[spread] p2a,p2b
|-damage|p2a: Mimikyu|9/100
|-damage|p2b: Conkeldurr|0 fnt
|faint|p2b: Conkeldurr
|move|p2a: Mimikyu|Trick Room|p2a: Mimikyu
|-fieldstart|move: Trick Room|[of] p2a: Mimikyu
|
|-weather|none
|-heal|p2a: Mimikyu|15/100|[from] Grassy Terrain
|upkeep
|
|t:|1756156701
|switch|p2b: Garchomp|Garchomp, L50, M|40/100
|switch|p1b: Indeedee|Indeedee, L50, M|75/100
|-fieldstart|move: Psychic Terrain|[from] ability: Psychic Surge|[of] p1b: Indeedee
|turn|7
|
|t:|1756156720
|move|p2b: Garchomp|Protect|p2b: Garchomp
|-singleturn|p2b: Garchomp|Protect
|move|p2a: Mimikyu|Curse|p1b: Indeedee
|-start|p1b: Indeedee|Curse|[of] p2a: Mimikyu
|-damage|p2a: Mimikyu|0 fnt
|faint|p2a: Mimikyu
|move|p1a: Volcarona|Heat Wave|p2b: Garchomp
|-activate|p2b: Garchomp|move: Protect
|move|p1b: Indeedee|Expanding Force|p2b: Garchomp
|-activate|p2b: Garchomp|move: Protect
|
|-damage|p1b: Indeedee|50/100|[from] Curse
|upkeep
|turn|8
|
|t:|1756156734
|-terastallize|p2b: Garchomp|Fire
|move|p2b: Garchomp|Rock Slide|p1a: Volcarona|[spread] p1a,p1b
|-supereffective|p1a: Volcarona
|-damage|p1a: Volcarona|34/100
|-damage|p1b: Indeedee|7/100
|move|p1a: Volcarona|Heat Wave|p2b: Garchomp
|-resisted|p2b: Garchomp
|-damage|p2b: Garchomp|6/100
|cant|p1b: Indeedee|flinch
|
|-damage|p1b: Indeedee|0 fnt|[from] Curse
|faint|p1b: Indeedee
|upkeep
|turn|9
|c|☆pressinblades|oh im zesty witit
|c|☆pressinblades|gg
|
|t:|1756156758
|move|p1a: Volcarona|Protect|p1a: Volcarona
|-singleturn|p1a: Volcarona|Protect
|move|p2b: Garchomp|Earthquake|p1a: Volcarona
|-activate|p1a: Volcarona|move: Protect
|
|upkeep
|turn|10
|
|t:|1756156768
|move|p2b: Garchomp|Earthquake|p1a: Volcarona
|-damage|p1a: Volcarona|0 fnt
|faint|p1a: Volcarona
|
|win|pressinblades
