|j|☆unique_name_#37
|j|☆ZeGaboVGC
|html|unique_name_#37ZeGaboVGC    
|uhtml|bestof|Game 1 of a best-of-3
|t:|1756909755
|gametype|doubles
|player|p1|unique_name_#37|blackbelt-gen4dp|1115
|player|p2|ZeGaboVGC|benga|1211
|gen|9
|tier|[Gen 9] VGC 2025 Reg H (Bo3)
|rated|
|rule|Species Clause: Limit one of each Pokémon
|rule|Item Clause: Limit 1 of each item
|clearpoke
|poke|p1|Incineroar, L50, F|
|poke|p1|Porygon2, L50|
|poke|p1|Ursaluna-Bloodmoon, L50, M|
|poke|p1|Mimikyu, L50, F|
|poke|p1|Toucannon, L50, M|
|poke|p1|Pincurchin, L50, M|
|poke|p2|Incineroar, L50, F|
|poke|p2|Amoonguss, L50, F|
|poke|p2|Ursaluna-Bloodmoon, L50, M|
|poke|p2|Sneasler, L50, F|
|poke|p2|Gholdengo, L50|
|poke|p2|Dragonite, L50, M|
|teampreview|4
|showteam|p1|Incineroar||CovertCloak|Intimidate|FakeOut,PartingShot,KnockOff,WillOWisp|||F|||50|,,,,,Water]Porygon2||Eviolite|Download|TrickRoom,TeraBlast,IceBeam,Recover||||||50|,,,,,Fighting]Ursaluna-Bloodmoon||SafetyGoggles|MindsEye|HyperVoice,Protect,BloodMoon,EarthPower|||M|||50|,,,,,Ghost]Mimikyu||MentalHerb|Disguise|TrickRoom,PlayRough,DrainPunch,Taunt|||F|||50|,,,,,Fighting]Toucannon||RoomService|SkillLink|BulletSeed,BraveBird,RockBlast,Protect|||M|||50|,,,,,Rock]Pincurchin||ElectricSeed|ElectricSurge|SuckerPunch,Liquidation,ZingZap,Curse|||M|||50|,,,,,Stellar
|showteam|p2|Incineroar||SafetyGoggles|Intimidate|FlareBlitz,KnockOff,PartingShot,FakeOut|||F|||50|,,,,,Ghost]Amoonguss||SitrusBerry|Regenerator|Spore,RagePowder,PollenPuff,Protect|||F|||50|,,,,,Dark]Ursaluna-Bloodmoon||AssaultVest|MindsEye|HyperVoice,BloodMoon,EarthPower,VacuumWave|||M|||50|,,,,,Water]Sneasler||FocusSash|Unburden|CloseCombat,DireClaw,ThroatChop,Protect|||F|||50|,,,,,Stellar]Gholdengo||LifeOrb|GoodasGold|MakeItRain,ShadowBall,NastyPlot,Protect||||||50|,,,,,Water]Dragonite||LoadedDice|Multiscale|ScaleShot,Tailwind,Haze,Protect|||M|||50|,,,,,Fairy
|inactive|Battle timer is ON: inactive players will automatically lose when time's up. (requested by ZeGaboVGC)
|inactive|ZeGaboVGC has 60 seconds left.
|
|t:|1756909811
|teamsize|p1|4
|teamsize|p2|4
|start
|switch|p1a: Incineroar|Incineroar, L50, F|100/100
|switch|p1b: Porygon2|Porygon2, L50|100/100
|switch|p2a: Sneasler|Sneasler, L50, F|100/100
|switch|p2b: Incineroar|Incineroar, L50, F|100/100
|-ability|p2b: Incineroar|Intimidate|boost
|-unboost|p1a: Incineroar|atk|1
|-unboost|p1b: Porygon2|atk|1
|-ability|p1b: Porygon2|Download|boost
|-boost|p1b: Porygon2|atk|1
|-ability|p1a: Incineroar|Intimidate|boost
|-unboost|p2a: Sneasler|atk|1
|-unboost|p2b: Incineroar|atk|1
|turn|1
|inactive|unique_name_#37 has 30 seconds left.
|inactive|ZeGaboVGC has 30 seconds left.
|inactive|ZeGaboVGC has 20 seconds left.
|inactive|ZeGaboVGC has 15 seconds left.
|
|t:|1756909853
|switch|p2a: Amoonguss|Amoonguss, L50, F|100/100
|switch|p1b: Toucannon|Toucannon, L50, M|100/100
|move|p1a: Incineroar|Fake Out|p2a: Amoonguss
|-damage|p2a: Amoonguss|94/100
|move|p2b: Incineroar|Knock Off|p1b: Toucannon
|-damage|p1b: Toucannon|67/100
|-enditem|p1b: Toucannon|Room Service|[from] move: Knock Off|[of] p2b: Incineroar
|
|upkeep
|turn|2
|inactive|unique_name_#37 has 30 seconds left.
|inactive|ZeGaboVGC has 30 seconds left.
|inactive|unique_name_#37 has 20 seconds left.
|inactive|ZeGaboVGC has 20 seconds left.
|inactive|unique_name_#37 has 15 seconds left.
|inactive|ZeGaboVGC has 15 seconds left.
|inactive|unique_name_#37 has 10 seconds left.
|inactive|ZeGaboVGC has 10 seconds left.
|inactive|unique_name_#37 has 5 seconds left.
|inactive|ZeGaboVGC has 5 seconds left.
|
|t:|1756909908
|-terastallize|p2b: Incineroar|Ghost
|move|p2a: Amoonguss|Protect|p2a: Amoonguss
|-singleturn|p2a: Amoonguss|Protect
|move|p1a: Incineroar|Fake Out||[still]
|-hint|Fake Out only works on your first turn out.
|-fail|p1a: Incineroar
|move|p2b: Incineroar|Parting Shot|p1b: Toucannon
|-unboost|p1b: Toucannon|atk|1
|-unboost|p1b: Toucannon|spa|1
|
|t:|1756909917
|switch|p2b: Ursaluna|Ursaluna-Bloodmoon, L50, M|100/100|[from] Parting Shot
|move|p1b: Toucannon|Bullet Seed|p2a: Amoonguss
|-activate|p2a: Amoonguss|move: Protect
|
|upkeep
|turn|3
|
|t:|1756909933
|switch|p2a: Incineroar|Incineroar, L50, F, tera:Ghost|100/100
|-ability|p2a: Incineroar|Intimidate|boost
|-unboost|p1a: Incineroar|atk|1
|-unboost|p1b: Toucannon|atk|1
|move|p1a: Incineroar|Parting Shot|p2b: Ursaluna
|-unboost|p2b: Ursaluna|atk|1
|-unboost|p2b: Ursaluna|spa|1
|
|t:|1756909943
|switch|p1a: Ursaluna|Ursaluna-Bloodmoon, L50, M|100/100|[from] Parting Shot
|move|p2b: Ursaluna|Earth Power|p1a: Ursaluna
|-damage|p1a: Ursaluna|63/100
|move|p1b: Toucannon|Brave Bird|p2a: Incineroar
|-damage|p2a: Incineroar|72/100
|-damage|p1b: Toucannon|57/100|[from] Recoil
|
|upkeep
|turn|4
|
|t:|1756909967
|move|p1a: Ursaluna|Protect|p1a: Ursaluna
|-singleturn|p1a: Ursaluna|Protect
|move|p2a: Incineroar|Parting Shot|p1a: Ursaluna
|-activate|p1a: Ursaluna|move: Protect
|move|p2b: Ursaluna|Hyper Voice|p1a: Ursaluna|[spread] p1b
|-activate|p1a: Ursaluna|move: Protect
|-damage|p1b: Toucannon|29/100
|move|p1b: Toucannon|Bullet Seed|p2b: Ursaluna
|-supereffective|p2b: Ursaluna
|-damage|p2b: Ursaluna|93/100
|-supereffective|p2b: Ursaluna
|-damage|p2b: Ursaluna|85/100
|-supereffective|p2b: Ursaluna
|-damage|p2b: Ursaluna|78/100
|-supereffective|p2b: Ursaluna
|-damage|p2b: Ursaluna|71/100
|-supereffective|p2b: Ursaluna
|-damage|p2b: Ursaluna|64/100
|-hitcount|p2b: Ursaluna|5
|
|upkeep
|turn|5
|inactive|unique_name_#37 has 30 seconds left.
|inactive|unique_name_#37 has 20 seconds left.
|inactive|unique_name_#37 has 15 seconds left.
|inactive|unique_name_#37 has 10 seconds left.
|inactive|unique_name_#37 has 5 seconds left.
|
|t:|1756910019
|switch|p1a: Incineroar|Incineroar, L50, F|100/100
|-ability|p1a: Incineroar|Intimidate|boost
|-unboost|p2a: Incineroar|atk|1
|-unboost|p2b: Ursaluna|atk|1
|move|p2a: Incineroar|Parting Shot|p1a: Incineroar
|-unboost|p1a: Incineroar|atk|1
|-unboost|p1a: Incineroar|spa|1
|
|t:|1756910030
|switch|p2a: Amoonguss|Amoonguss, L50, F|100/100|[from] Parting Shot
|move|p2b: Ursaluna|Hyper Voice|p1b: Toucannon|[spread] p1a,p1b
|-damage|p1a: Incineroar|85/100
|-damage|p1b: Toucannon|0 fnt
|faint|p1b: Toucannon
|
|upkeep
|
|t:|1756910039
|switch|p1b: Ursaluna|Ursaluna-Bloodmoon, L50, M|63/100
|turn|6
|
|t:|1756910051
|switch|p2b: Incineroar|Incineroar, L50, F, tera:Ghost|72/100
|-ability|p2b: Incineroar|Intimidate|boost
|-unboost|p1a: Incineroar|atk|1
|-unboost|p1b: Ursaluna|atk|1
|move|p2a: Amoonguss|Protect|p2a: Amoonguss
|-singleturn|p2a: Amoonguss|Protect
|move|p1a: Incineroar|Fake Out|p2b: Incineroar
|-immune|p2b: Incineroar
|move|p1b: Ursaluna|Blood Moon|p2a: Amoonguss
|-activate|p2a: Amoonguss|move: Protect
|
|upkeep
|turn|7
|
|t:|1756910064
|switch|p1a: Porygon2|Porygon2, L50|100/100
|-ability|p1a: Porygon2|Download|boost
|-boost|p1a: Porygon2|atk|1
|move|p1b: Ursaluna|Protect|p1b: Ursaluna
|-singleturn|p1b: Ursaluna|Protect
|move|p2b: Incineroar|Fake Out|p1b: Ursaluna
|-activate|p1b: Ursaluna|move: Protect
|move|p2a: Amoonguss|Spore|p1a: Porygon2
|-status|p1a: Porygon2|slp|[from] move: Spore
|
|upkeep
|turn|8
|-message|unique_name_#37 forfeited.
|
|win|ZeGaboVGC
|l|☆unique_name_#37
|player|p1|
