|j|☆lets buy packs
|j|☆Pakaan64
|html|lets buy packsPakaan64    
|uhtml|bestof|Game 2 of a best-of-3
|t:|1783898812
|gametype|doubles
|player|p1|lets buy packs|red-masters3|1190
|player|p2|Pakaan64|koga|1262
|gen|9
|tier|[Gen 9 Champions] VGC 2026 Reg M-B (Bo3)
|rated|
|rule|Species Clause: Limit one of each Pokémon
|rule|Item Clause: Limit 1 of each item
|clearpoke
|poke|p1|Farigiraf, L50, M|
|poke|p1|Incineroar, L50, F|
|poke|p1|Gardevoir, L50, M, shiny|
|poke|p1|Torkoal, L50, M|
|poke|p1|Mudsdale, L50, M|
|poke|p1|Vivillon-Marine, L50, F|
|poke|p2|Aerodactyl, L50, M|
|poke|p2|Garchomp, L50, M|
|poke|p2|Farigiraf, L50, F|
|poke|p2|Sylveon, L50, M|
|poke|p2|Charizard, L50, F, shiny|
|poke|p2|Kingambit, L50, F|
|teampreview|4
|showteam|p1|Farigiraf||ColburBerry|ArmorTail|Psychic,Thunderbolt,TrickRoom,Protect|Sassy||M|||50|]Incineroar||BlackGlasses|Intimidate|FakeOut,PartingShot,FlareBlitz,DarkestLariat|Adamant||F|||50|]Gardevoir||Gardevoirite|Telepathy|HyperVoice,Psychic,TrickRoom,Protect|Quiet||M|||50|]Torkoal||Charcoal|Drought|Eruption,Flamethrower,SolarBeam,Protect|Quiet||M|||50|]Mudsdale||LifeOrb|InnerFocus|Earthquake,HighHorsepower,RockSlide,HeavySlam|Brave||M|||50|]Vivillon-Marine||FocusSash|CompoundEyes|Hurricane,RagePowder,SleepPowder,Protect|Timid||F|||50|
|showteam|p2|Aerodactyl||Aerodactylite|Unnerve|Tailwind,IceFang,RockSlide,WideGuard|Adamant||M|||50|]Garchomp||SitrusBerry|RoughSkin|DragonClaw,SwordsDance,Earthquake,Protect|Impish||M|||50|]Farigiraf||ColburBerry|ArmorTail|Protect,TrickRoom,TwinBeam,HelpingHand|Sassy||F|||50|]Sylveon||LifeOrb|Pixilate|Protect,HyperBeam,HyperVoice,QuickAttack|Serious||M|||50|]Charizard||CharizarditeY|SolarPower|SolarBeam,Protect,HeatWave,WeatherBall|Serious||F|||50|]Kingambit||FocusSash|Defiant|SuckerPunch,LowKick,KowtowCleave,IronHead|Adamant||F|||50|
|inactive|Battle timer is ON: inactive players will automatically lose when time's up. (requested by lets buy packs)
|inactive|Pakaan64 also wants the timer to be on.
|
|t:|1783898837
|teamsize|p1|4
|teamsize|p2|4
|start
|switch|p1a: Vivillon|Vivillon-Marine, L50, F|100/100
|switch|p1b: Gardevoir|Gardevoir, L50, M, shiny|100/100
|switch|p2a: Kingambit|Kingambit, L50, F|100/100
|switch|p2b: Farigiraf|Farigiraf, L50, F|100/100
|turn|1
|
|t:|1783898856
|detailschange|p1b: Gardevoir|Gardevoir-Mega, L50, M, shiny
|-mega|p1b: Gardevoir|Gardevoir|Gardevoirite
|move|p1a: Vivillon|Sleep Powder|p2a: Kingambit
|-status|p2a: Kingambit|slp|[from] move: Sleep Powder
|move|p1b: Gardevoir|Hyper Voice|p2a: Kingambit|[spread] p2a,p2b
|-damage|p2a: Kingambit|34/100 slp
|-damage|p2b: Farigiraf|61/100
|cant|p2a: Kingambit|slp
|move|p2b: Farigiraf|Twin Beam|p1a: Vivillon
|-damage|p1a: Vivillon|66/100
|-damage|p1a: Vivillon|38/100
|-hitcount|p1a: Vivillon|2
|
|upkeep
|turn|2
|inactive|Pakaan64 has 30 seconds left.
|inactive|Pakaan64 has 20 seconds left.
|inactive|Pakaan64 has 15 seconds left.
|
|t:|1783898898
|cant|p2a: Kingambit|slp
|move|p1a: Vivillon|Hurricane|p2b: Farigiraf|[miss]
|-miss|p1a: Vivillon|p2b: Farigiraf
|move|p1b: Gardevoir|Hyper Voice|p2b: Farigiraf|[spread] p2a,p2b
|-damage|p2a: Kingambit|0 fnt
|-damage|p2b: Farigiraf|20/100y
|faint|p2a: Kingambit
|move|p2b: Farigiraf|Twin Beam|p1a: Vivillon
|-damage|p1a: Vivillon|7/100
|-damage|p1a: Vivillon|0 fnt
|faint|p1a: Vivillon
|-hitcount|p1: Vivillon|2
|
|upkeep
|
|t:|1783898907
|switch|p1a: Incineroar|Incineroar, L50, F|100/100
|switch|p2a: Charizard|Charizard, L50, F, shiny|100/100
|-ability|p1a: Incineroar|Intimidate|boost
|-unboost|p2a: Charizard|atk|1
|-unboost|p2b: Farigiraf|atk|1
|turn|3
|
|t:|1783898919
|detailschange|p2a: Charizard|Charizard-Mega-Y, L50, F, shiny
|-mega|p2a: Charizard|Charizard|Charizardite Y
|-weather|SunnyDay|[from] ability: Drought|[of] p2a: Charizard
|move|p2b: Farigiraf|Helping Hand|p2a: Charizard
|-singleturn|p2a: Charizard|Helping Hand|[of] p2b: Farigiraf
|move|p2a: Charizard|Heat Wave|p1a: Incineroar|[spread] p1a,p1b
|-resisted|p1a: Incineroar|1
|-damage|p1a: Incineroar|54/100
|-damage|p1b: Gardevoir|22/100
|move|p1a: Incineroar|Darkest Lariat|p2b: Farigiraf
|-supereffective|p2b: Farigiraf|1
|-enditem|p2b: Farigiraf|Colbur Berry|[eat]
|-enditem|p2b: Farigiraf|Colbur Berry|[weaken]
|-damage|p2b: Farigiraf|0 fnt
|faint|p2b: Farigiraf
|move|p1b: Gardevoir|Trick Room|p1b: Gardevoir
|-fieldstart|move: Trick Room|[of] p1b: Gardevoir
|
|-weather|SunnyDay|[upkeep]
|upkeep
|
|t:|1783898933
|switch|p2b: Sylveon|Sylveon, L50, M|100/100
|turn|4
|inactive|Pakaan64 has 30 seconds left.
|
|t:|1783898968
|move|p1b: Gardevoir|Protect|p1b: Gardevoir
|-singleturn|p1b: Gardevoir|Protect
|move|p2b: Sylveon|Protect|p2b: Sylveon
|-singleturn|p2b: Sylveon|Protect
|move|p1a: Incineroar|Flare Blitz|p2b: Sylveon
|-activate|p2b: Sylveon|move: Protect
|move|p2a: Charizard|Heat Wave|p1b: Gardevoir|[spread] p1a
|-activate|p1b: Gardevoir|move: Protect
|-resisted|p1a: Incineroar|1
|-damage|p1a: Incineroar|23/100
|
|-weather|SunnyDay|[upkeep]
|upkeep
|turn|5
|inactive|Pakaan64 has 30 seconds left.
|
|t:|1783898995
|move|p2b: Sylveon|Protect|p2b: Sylveon
|-singleturn|p2b: Sylveon|Protect
|move|p1a: Incineroar|Darkest Lariat|p2a: Charizard
|-damage|p2a: Charizard|38/100
|move|p1b: Gardevoir|Psychic|p2a: Charizard
|-damage|p2a: Charizard|0 fnt
|faint|p2a: Charizard
|
|-weather|SunnyDay|[upkeep]
|upkeep
|turn|6
|
|t:|1783899016
|switch|p1a: Mudsdale|Mudsdale, L50, M|100/100
|move|p1b: Gardevoir|Protect|p1b: Gardevoir
|-singleturn|p1b: Gardevoir|Protect
|move|p2b: Sylveon|Hyper Voice|p1a: Mudsdale|[spread] p1a
|-activate|p1b: Gardevoir|move: Protect
|-damage|p1a: Mudsdale|50/100g
|-damage|p2b: Sylveon|90/100|[from] item: Life Orb
|
|-weather|SunnyDay|[upkeep]
|upkeep
|turn|7
|
|t:|1783899030
|switch|p1b: Incineroar|Incineroar, L50, F|23/100
|-ability|p1b: Incineroar|Intimidate|boost
|-unboost|p2b: Sylveon|atk|1
|move|p1a: Mudsdale|High Horsepower|p2b: Sylveon
|-damage|p2b: Sylveon|0 fnt
|faint|p2b: Sylveon
|-damage|p1a: Mudsdale|40/100|[from] item: Life Orb
|
|win|lets buy packs
