|j|☆JakAttack101
|j|☆ivanthesaxophonist
|html|JakAttack101ivanthesaxophonist    
|uhtml|bestof|Game 2 of a best-of-3
|t:|1756495295
|gametype|doubles
|player|p1|JakAttack101|blaine|1078
|player|p2|ivanthesaxophonist|acetrainer-gen4dp|1088
|gen|9
|tier|[Gen 9] VGC 2025 Reg H (Bo3)
|rated|
|rule|Species Clause: Limit one of each Pokémon
|rule|Item Clause: Limit 1 of each item
|clearpoke
|poke|p1|Annihilape, L50, M|
|poke|p1|Ninetales-Alola, L50, M|
|poke|p1|Garchomp, L50, F|
|poke|p1|Dragonite, L50, M|
|poke|p1|Sneasler, L50, M|
|poke|p1|Incineroar, L50, F|
|poke|p2|Zoroark-Hisui, L50, M|
|poke|p2|Annihilape, L50, F|
|poke|p2|Archaludon, L50, F|
|poke|p2|Maushold-Four, L50|
|poke|p2|Sinistcha-Masterpiece, L50|
|poke|p2|Milotic, L50, F|
|teampreview|4
|showteam|p1|Annihilape||AssaultVest|Defiant|RageFist,DrainPunch,RockTomb,FinalGambit|||M|||50|,,,,,Fire]Ninetales-Alola||ChoiceSpecs|SnowWarning|Blizzard,Moonblast,FreezeDry,IcyWind|||M|||50|,,,,,Ghost]Garchomp||LifeOrb|RoughSkin|Earthquake,StompingTantrum,DragonClaw,Protect|||F|||50|,,,,,Steel]Dragonite||LoadedDice|Multiscale|ScaleShot,Tailwind,Protect,Haze|||M|||50|,,,,,Fairy]Sneasler||FocusSash|Unburden|CloseCombat,DireClaw,FakeOut,Coaching|||M|||50|,,,,,Ghost]Incineroar||SafetyGoggles|Intimidate|KnockOff,Taunt,FakeOut,PartingShot|||F|||50|,,,,,Fairy
|showteam|p2|Zoroark-Hisui||ChoiceSpecs|Illusion|HyperVoice,ShadowBall,TeraBlast,IcyWind|||M|||50|,,,,,Normal]Annihilape||SafetyGoggles|Defiant|RageFist,CloseCombat,BulkUp,Protect|||F|||50|,,,,,Fighting]Archaludon||AssaultVest|Stamina|BodyPress,DragonPulse,ElectroShot,FlashCannon|||F|||50|,,,,,Steel]Maushold-Four||WideLens|Technician|PopulationBomb,FollowMe,Taunt,Protect||||||50|,,,,,Normal]Sinistcha-Masterpiece||SitrusBerry|Hospitality|MatchaGotcha,LifeDew,RagePowder,ShadowBall||||||50|,,,,,Grass]Milotic||Leftovers|Competitive|AlluringVoice,IcyWind,Scald,Protect|||F|||50|,,,,,Water
|inactive|Battle timer is ON: inactive players will automatically lose when time's up. (requested by JakAttack101)
|
|t:|1756495319
|teamsize|p1|4
|teamsize|p2|4
|start
|switch|p1a: Garchomp|Garchomp, L50, F|100/100
|switch|p1b: Dragonite|Dragonite, L50, M, shiny|100/100
|switch|p2a: Archaludon|Archaludon, L50, F|100/100
|switch|p2b: Maushold|Maushold-Four, L50|100/100
|turn|1
|
|t:|1756495343
|move|p2b: Maushold|Population Bomb|p1b: Dragonite
|-damage|p1b: Dragonite|94/100
|-damage|p1b: Dragonite|83/100
|-damage|p1b: Dragonite|69/100
|-damage|p1b: Dragonite|57/100
|-damage|p1b: Dragonite|44/100
|-damage|p1b: Dragonite|30/100
|-damage|p1b: Dragonite|17/100
|-damage|p1b: Dragonite|6/100
|-damage|p1b: Dragonite|0 fnt
|faint|p1b: Dragonite
|-hitcount|p1: Dragonite|9
|move|p1a: Garchomp|Earthquake|p2a: Archaludon|[spread] p2a,p2b
|-supereffective|p2a: Archaludon
|-damage|p2a: Archaludon|19/100
|-damage|p2b: Maushold|24/100
|-ability|p2a: Archaludon|Stamina|boost
|-boost|p2a: Archaludon|def|1
|-damage|p1a: Garchomp|91/100|[from] item: Life Orb
|move|p2a: Archaludon|Dragon Pulse|p1a: Garchomp
|-supereffective|p1a: Garchomp
|-damage|p1a: Garchomp|0 fnt
|faint|p1a: Garchomp
|
|upkeep
|
|t:|1756495348
|switch|p1a: Annihilape|Annihilape, L50, M, shiny|100/100
|switch|p1b: Ninetales|Ninetales-Alola, L50, M, shiny|100/100
|-weather|Snowscape|[from] ability: Snow Warning|[of] p1b: Ninetales
|turn|2
|inactive|ivanthesaxophonist has 30 seconds left.
|inactive|ivanthesaxophonist has 20 seconds left.
|inactive|ivanthesaxophonist has 15 seconds left.
|
|t:|1756495391
|-terastallize|p1b: Ninetales|Ghost
|move|p2b: Maushold|Population Bomb|p1b: Ninetales
|-immune|p1b: Ninetales
|move|p1b: Ninetales|Freeze-Dry|p2b: Maushold
|-damage|p2b: Maushold|0 fnt
|faint|p2b: Maushold
|move|p1a: Annihilape|Drain Punch|p2a: Archaludon
|-supereffective|p2a: Archaludon
|-damage|p2a: Archaludon|0 fnt
|faint|p2a: Archaludon
|
|-weather|Snowscape|[upkeep]
|upkeep
|
|t:|1756495402
|switch|p2b: Sinistcha|Sinistcha-Masterpiece, L50|100/100
|switch|p2a: Milotic|Milotic, L50, F|100/100
|turn|3
|
|t:|1756495423
|-terastallize|p2b: Sinistcha|Grass
|move|p1b: Ninetales|Freeze-Dry|p2b: Sinistcha
|-supereffective|p2b: Sinistcha
|-damage|p2b: Sinistcha|25/100
|-status|p2b: Sinistcha|frz
|-enditem|p2b: Sinistcha|Sitrus Berry|[eat]
|-heal|p2b: Sinistcha|50/100 frz|[from] item: Sitrus Berry
|move|p1a: Annihilape|Rage Fist|p2b: Sinistcha
|-damage|p2b: Sinistcha|29/100 frz
|move|p2a: Milotic|Scald|p1a: Annihilape
|-damage|p1a: Annihilape|85/100
|cant|p2b: Sinistcha|frz
|
|-weather|Snowscape|[upkeep]
|upkeep
|turn|4
|
|t:|1756495443
|move|p1b: Ninetales|Freeze-Dry|p2b: Sinistcha
|-supereffective|p2b: Sinistcha
|-damage|p2b: Sinistcha|0 fnt
|faint|p2b: Sinistcha
|move|p1a: Annihilape|Rage Fist|p2a: Milotic
|-damage|p2a: Milotic|63/100
|move|p2a: Milotic|Scald|p1a: Annihilape
|-damage|p1a: Annihilape|67/100
|
|-weather|Snowscape|[upkeep]
|-heal|p2a: Milotic|69/100|[from] item: Leftovers
|upkeep
|turn|5
|
|t:|1756495459
|move|p1b: Ninetales|Freeze-Dry|p2a: Milotic
|-supereffective|p2a: Milotic
|-damage|p2a: Milotic|16/100
|move|p1a: Annihilape|Rage Fist|p2a: Milotic
|-damage|p2a: Milotic|0 fnt
|faint|p2a: Milotic
|
|win|JakAttack101
|raw|JakAttack101's rating: 1078 → 1107(+29 for winning)
|raw|ivanthesaxophonist's rating: 1088 → 1064(-24 for losing)
