|j|☆HeatInSeven14
|j|☆Cannon14
|html|HeatInSeven14Cannon14    
|uhtml|bestof|Game 3 of a best-of-3
|t:|1783026496
|gametype|doubles
|player|p1|HeatInSeven14|169|1081
|player|p2|Cannon14|steven|1174
|gen|9
|tier|[Gen 9 Champions] VGC 2026 Reg M-B (Bo3)
|rated|
|rule|Species Clause: Limit one of each Pokémon
|rule|Item Clause: Limit 1 of each item
|clearpoke
|poke|p1|Gallade, L50, M|
|poke|p1|Farigiraf, L50, M|
|poke|p1|Kangaskhan, L50, F, shiny|
|poke|p1|Hydrapple, L50, M|
|poke|p1|Torkoal, L50, M|
|poke|p1|Mawile, L50, M|
|poke|p2|Archaludon, L50, F|
|poke|p2|Pelipper, L50, F|
|poke|p2|Sinistcha, L50|
|poke|p2|Grimmsnarl, L50, M|
|poke|p2|Swampert, L50, F|
|poke|p2|Mimikyu, L50, M|
|teampreview|4
|showteam|p1|Gallade||FocusSash|Sharpness|SacredSword,PsychoCut,LeafBlade,WillOWisp|Adamant||M|||50|]Farigiraf||SitrusBerry|ArmorTail|TwinBeam,Thunderbolt,TrickRoom,Protect|Bold||M|||50|]Kangaskhan||Kangaskhanite|Scrappy|FakeOut,DoubleEdge,HammerArm,RockSlide|Brave||F|||50|]Hydrapple||LifeOrb|SupersweetSyrup|DracoMeteor,EnergyBall,EarthPower,Protect|Quiet||M|||50|]Torkoal||Charcoal|Drought|Eruption,WeatherBall,EarthPower,WillOWisp|Quiet||M|||50|]Mawile||Mawilite|HyperCutter|PlayRough,IronHead,SuckerPunch,Protect|Adamant||M|||50|
|showteam|p2|Archaludon||Leftovers|Stamina|ElectroShot,DragonPulse,AuraSphere,Protect|Bold||F|||50|]Pelipper||LifeOrb|Drizzle|Tailwind,Protect,Hurricane,WeatherBall|Modest||F|||50|]Sinistcha||KasibBerry|Hospitality|MatchaGotcha,RagePowder,Protect,TrickRoom|Bold|||||50|]Grimmsnarl||LightClay|Prankster|FoulPlay,Reflect,LightScreen,PartingShot|Careful||M|||50|]Swampert||Swampertite|Torrent|WaveCrash,Protect,Earthquake,HighHorsepower|Adamant||F|||50|]Mimikyu||WhiteHerb|Disguise|PlayRough,Protect,ShadowClaw,ShadowSneak|Adamant||M|||50|
|
|t:|1783026522
|teamsize|p1|4
|teamsize|p2|4
|start
|switch|p1a: Farigiraf|Farigiraf, L50, M|100/100
|switch|p1b: Gallade|Gallade, L50, M|100/100
|switch|p2a: Mimikyu|Mimikyu, L50, M|100/100
|switch|p2b: Grimmsnarl|Grimmsnarl, L50, M|100/100
|turn|1
|
|t:|1783026546
|move|p2b: Grimmsnarl|Reflect|p2b: Grimmsnarl
|-sidestart|p2: Cannon14|Reflect
|move|p1b: Gallade|Sacred Sword|p2b: Grimmsnarl
|-damage|p2b: Grimmsnarl|47/100
|move|p2a: Mimikyu|Play Rough|p1a: Farigiraf
|-damage|p1a: Farigiraf|69/100
|move|p1a: Farigiraf|Twin Beam|p2a: Mimikyu
|-activate|p2a: Mimikyu|ability: Disguise
|-damage|p2a: Mimikyu|100/100
|detailschange|p2a: Mimikyu|Mimikyu-Busted, L50, M
|-damage|p2a: Mimikyu|87/100|[from] pokemon: Mimikyu-Busted
|-damage|p2a: Mimikyu|70/100
|-hitcount|p2a: Mimikyu|2
|
|upkeep
|turn|2
|
|t:|1783026581
|move|p2b: Grimmsnarl|Light Screen|p2b: Grimmsnarl
|-sidestart|p2: Cannon14|move: Light Screen
|move|p1b: Gallade|Sacred Sword|p2b: Grimmsnarl
|-damage|p2b: Grimmsnarl|0 fnt
|faint|p2b: Grimmsnarl
|move|p2a: Mimikyu|Shadow Claw|p1b: Gallade
|-supereffective|p1b: Gallade|1
|-enditem|p1b: Gallade|Focus Sash
|-damage|p1b: Gallade|1/100
|move|p1a: Farigiraf|Trick Room|p1a: Farigiraf
|-fieldstart|move: Trick Room|[of] p1a: Farigiraf
|
|upkeep
|
|t:|1783026596
|switch|p2b: Swampert|Swampert, L50, F|100/100
|turn|3
|
|t:|1783026611
|detailschange|p2b: Swampert|Swampert-Mega, L50, F
|-mega|p2b: Swampert|Swampert|Swampertite
|move|p2b: Swampert|Protect|p2b: Swampert
|-singleturn|p2b: Swampert|Protect
|move|p1a: Farigiraf|Twin Beam|p2a: Mimikyu
|-damage|p2a: Mimikyu|59/100
|-damage|p2a: Mimikyu|47/100
|-hitcount|p2a: Mimikyu|2
|move|p2a: Mimikyu|Play Rough|p1a: Farigiraf
|-damage|p1a: Farigiraf|37/100
|-enditem|p1a: Farigiraf|Sitrus Berry|[eat]
|-heal|p1a: Farigiraf|61/100|[from] item: Sitrus Berry
|move|p1b: Gallade|Will-O-Wisp|p2b: Swampert
|-activate|p2b: Swampert|move: Protect
|
|upkeep
|turn|4
|
|t:|1783026638
|switch|p1b: Hydrapple|Hydrapple, L50, M|100/100
|-ability|p1b: Hydrapple|Supersweet Syrup
|-unboost|p2a: Mimikyu|evasion|1
|-unboost|p2b: Swampert|evasion|1
|-enditem|p2a: Mimikyu|White Herb
|-clearnegativeboost|p2a: Mimikyu|[silent]
|move|p1a: Farigiraf|Protect|p1a: Farigiraf
|-singleturn|p1a: Farigiraf|Protect
|move|p2b: Swampert|Earthquake|p1a: Farigiraf|[spread] p2a,p1b
|-activate|p1a: Farigiraf|move: Protect
|-resisted|p1b: Hydrapple|1
|-damage|p2a: Mimikyu|4/100
|-damage|p1b: Hydrapple|81/100
|move|p2a: Mimikyu|Play Rough|p1a: Farigiraf
|-activate|p1a: Farigiraf|move: Protect
|
|upkeep
|turn|5
|
|t:|1783026666
|switch|p2a: Pelipper|Pelipper, L50, F|100/100
|-weather|RainDance|[from] ability: Drizzle|[of] p2a: Pelipper
|move|p2b: Swampert|Protect|p2b: Swampert
|-singleturn|p2b: Swampert|Protect
|move|p1b: Hydrapple|Energy Ball|p2b: Swampert
|-activate|p2b: Swampert|move: Protect
|move|p1a: Farigiraf|Thunderbolt|p2a: Pelipper
|-supereffective|p2a: Pelipper|2
|-damage|p2a: Pelipper|19/100
|
|-weather|RainDance|[upkeep]
|upkeep
|turn|6
|
|t:|1783026699
|switch|p1b: Mawile|Mawile, L50, M|100/100
|switch|p2b: Mimikyu|Mimikyu-Busted, L50, M|4/100
|move|p2a: Pelipper|Protect|p2a: Pelipper
|-singleturn|p2a: Pelipper|Protect
|move|p1a: Farigiraf|Twin Beam|p2b: Mimikyu
|-damage|p2b: Mimikyu|0 fnt
|faint|p2b: Mimikyu
|-hitcount|p2: Mimikyu|1
|
|-weather|RainDance|[upkeep]
|-fieldend|move: Trick Room
|upkeep
|
|t:|1783026706
|switch|p2b: Swampert|Swampert-Mega, L50, F|100/100
|turn|7
|
|t:|1783026721
|move|p2a: Pelipper|Protect||[still]
|-fail|p2a: Pelipper
|move|p1a: Farigiraf|Protect|p1a: Farigiraf
|-singleturn|p1a: Farigiraf|Protect
|move|p1b: Mawile|Protect|p1b: Mawile
|-singleturn|p1b: Mawile|Protect
|move|p2b: Swampert|Wave Crash|p1a: Farigiraf
|-activate|p1a: Farigiraf|move: Protect
|
|-weather|RainDance|[upkeep]
|upkeep
|turn|8
|
|t:|1783026745
|detailschange|p1b: Mawile|Mawile-Mega, L50, M
|-mega|p1b: Mawile|Mawile|Mawilite
|move|p1b: Mawile|Sucker Punch|p2a: Pelipper
|-damage|p2a: Pelipper|0 fnt
|faint|p2a: Pelipper
|move|p2b: Swampert|Earthquake|p1b: Mawile|[spread] p1a,p1b
|-supereffective|p1b: Mawile|1
|-damage|p1a: Farigiraf|26/100
|-damage|p1b: Mawile|18/100
|move|p1a: Farigiraf|Trick Room|p1a: Farigiraf
|-fieldstart|move: Trick Room|[of] p1a: Farigiraf
|
|-weather|RainDance|[upkeep]
|-sideend|p2: Cannon14|Reflect
|upkeep
|turn|9
|
|t:|1783026756
|move|p1b: Mawile|Play Rough|p2b: Swampert
|-damage|p2b: Swampert|22/100
|move|p1a: Farigiraf|Twin Beam|p2b: Swampert
|-crit|p2b: Swampert
|-damage|p2b: Swampert|0 fnt
|faint|p2b: Swampert
|-hitcount|p2: Swampert|1
|
|win|HeatInSeven14
|raw|HeatInSeven14's rating: 1081 → 1116(+35 for winning)
|raw|Cannon14's rating: 1174 → 1142(-32 for losing)
|c|☆HeatInSeven14|gg
