|j|☆breadconsumer124
|j|☆artyowls
|html|breadconsumer124artyowls    
|uhtml|bestof|Game 1 of a best-of-3
|t:|1756815235
|gametype|doubles
|player|p1|breadconsumer124|169|1062
|player|p2|artyowls|plasmagrunt|1036
|gen|9
|tier|[Gen 9] VGC 2025 Reg H (Bo3)
|rated|
|rule|Species Clause: Limit one of each Pokémon
|rule|Item Clause: Limit 1 of each item
|clearpoke
|poke|p1|Farigiraf, L50, F|
|poke|p1|Ursaluna, L50, F|
|poke|p1|Whimsicott, L50, F|
|poke|p1|Incineroar, L50, F|
|poke|p1|Annihilape, L50, F|
|poke|p1|Archaludon, L50, M|
|poke|p2|Incineroar, L50, F|
|poke|p2|Rillaboom, L50, M|
|poke|p2|Gholdengo, L50|
|poke|p2|Electabuzz, L50, F|
|poke|p2|Dragonite, L50, M|
|poke|p2|Volcarona, L50, M|
|teampreview|4
|showteam|p1|Farigiraf||ThroatSpray|ArmorTail|HyperVoice,Psychic,TrickRoom,Protect|||F|||50|,,,,,Grass]Ursaluna||FlameOrb|Guts|Facade,HeadlongRush,Earthquake,Protect|||F|||50|,,,,,Ghost]Whimsicott||CovertCloak|Prankster|Moonblast,Tailwind,BeatUp,LightScreen|||F|||50|,,,,,Dark]Incineroar||SafetyGoggles|Intimidate|FlareBlitz,KnockOff,FakeOut,Uturn|||F|||50|,,,,,Bug]Annihilape||AssaultVest|Defiant|DrainPunch,RageFist,CloseCombat,FinalGambit|||F|||50|,,,,,Water]Archaludon||PowerHerb|Stalwart|ElectroShot,Thunderbolt,DragonPulse,Protect|||M|||50|,,,,,Electric
|showteam|p2|Incineroar||SafetyGoggles|Intimidate|FakeOut,KnockOff,PartingShot,FlareBlitz|||F|||50|,,,,,Ghost]Rillaboom||AssaultVest|GrassySurge|GrassyGlide,FakeOut,WoodHammer,HighHorsepower|||M|||50|,,,,,Fire]Gholdengo||LifeOrb|GoodasGold|MakeItRain,ShadowBall,Protect,NastyPlot||||||50|,,,,,Water]Electabuzz||Eviolite|VitalSpirit|FollowMe,Protect,Taunt,Electroweb|||F|||50|,,,,,Ghost]Dragonite||LoadedDice|Multiscale|ScaleShot,Protect,Haze,ExtremeSpeed|||M|||50|,,,,,Normal]Volcarona||RockyHelmet|FlameBody|StruggleBug,RagePowder,FieryDance,WillOWisp|||M|||50|,,,,,Water
|inactive|Battle timer is ON: inactive players will automatically lose when time's up. (requested by breadconsumer124)
|inactive|breadconsumer124 has 60 seconds left.
|inactive|artyowls has 60 seconds left.
|inactive|breadconsumer124 has 30 seconds left.
|inactive|breadconsumer124 has 20 seconds left.
|inactive|breadconsumer124 has 15 seconds left.
|
|t:|1756815317
|teamsize|p1|4
|teamsize|p2|4
|start
|switch|p1a: Annihilape|Annihilape, L50, F|100/100
|switch|p1b: Archaludon|Archaludon, L50, M|100/100
|switch|p2a: Gholdengo|Gholdengo, L50|100/100
|switch|p2b: Dragonite|Dragonite, L50, M|100/100
|turn|1
|inactive|artyowls has 30 seconds left.
|inactive|artyowls has 20 seconds left.
|
|t:|1756815354
|move|p1a: Annihilape|Final Gambit|p2b: Dragonite
|-damage|p2b: Dragonite|0 fnt
|faint|p1a: Annihilape
|faint|p2b: Dragonite
|move|p2a: Gholdengo|Nasty Plot|p2a: Gholdengo
|-boost|p2a: Gholdengo|spa|2
|move|p1b: Archaludon|Electro Shot||[still]
|-prepare|p1b: Archaludon|Electro Shot
|-boost|p1b: Archaludon|spa|1
|-enditem|p1b: Archaludon|Power Herb
|-anim|p1b: Archaludon|Electro Shot|p2a: Gholdengo
|-damage|p2a: Gholdengo|13/100
|
|upkeep
|
|t:|1756815371
|switch|p1a: Whimsicott|Whimsicott, L50, F|100/100
|switch|p2b: Rillaboom|Rillaboom, L50, M|100/100
|-fieldstart|move: Grassy Terrain|[from] ability: Grassy Surge|[of] p2b: Rillaboom
|turn|2
|inactive|artyowls has 30 seconds left.
|
|t:|1756815402
|move|p1b: Archaludon|Protect|p1b: Archaludon
|-singleturn|p1b: Archaludon|Protect
|move|p2b: Rillaboom|Fake Out|p1b: Archaludon
|-activate|p1b: Archaludon|move: Protect
|move|p1a: Whimsicott|Tailwind|p1a: Whimsicott
|-sidestart|p1: breadconsumer124|move: Tailwind
|move|p2a: Gholdengo|Shadow Ball|p1b: Archaludon
|-activate|p1b: Archaludon|move: Protect
|
|-heal|p2a: Gholdengo|20/100|[from] Grassy Terrain
|upkeep
|turn|3
|
|t:|1756815427
|switch|p2b: Volcarona|Volcarona, L50, M|100/100
|move|p2a: Gholdengo|Protect|p2a: Gholdengo
|-singleturn|p2a: Gholdengo|Protect
|move|p1a: Whimsicott|Moonblast|p2b: Volcarona
|-resisted|p2b: Volcarona
|-damage|p2b: Volcarona|89/100
|move|p1b: Archaludon|Thunderbolt|p2a: Gholdengo
|-activate|p2a: Gholdengo|move: Protect
|
|-heal|p2b: Volcarona|95/100|[from] Grassy Terrain
|-heal|p2a: Gholdengo|26/100|[from] Grassy Terrain
|upkeep
|turn|4
|inactive|artyowls has 30 seconds left.
|
|t:|1756815458
|move|p2b: Volcarona|Rage Powder|p2b: Volcarona
|-singleturn|p2b: Volcarona|move: Rage Powder
|move|p1a: Whimsicott|Light Screen|p1a: Whimsicott
|-sidestart|p1: breadconsumer124|move: Light Screen
|move|p1b: Archaludon|Thunderbolt|p2a: Gholdengo
|-damage|p2a: Gholdengo|0 fnt
|faint|p2a: Gholdengo
|
|-heal|p2b: Volcarona|100/100|[from] Grassy Terrain
|upkeep
|
|t:|1756815465
|switch|p2a: Rillaboom|Rillaboom, L50, M|100/100
|turn|5
|
|t:|1756815487
|move|p1b: Archaludon|Protect|p1b: Archaludon
|-singleturn|p1b: Archaludon|Protect
|move|p2a: Rillaboom|Fake Out|p1b: Archaludon
|-activate|p1b: Archaludon|move: Protect
|move|p1a: Whimsicott|Moonblast|p2b: Volcarona
|-resisted|p2b: Volcarona
|-damage|p2b: Volcarona|89/100
|-unboost|p2b: Volcarona|spa|1
|move|p2b: Volcarona|Fiery Dance|p1a: Whimsicott
|-supereffective|p1a: Whimsicott
|-damage|p1a: Whimsicott|60/100
|
|-heal|p1a: Whimsicott|66/100|[from] Grassy Terrain
|-heal|p2b: Volcarona|95/100|[from] Grassy Terrain
|-sideend|p1: breadconsumer124|move: Tailwind
|upkeep
|turn|6
|inactive|artyowls has 30 seconds left.
|
|t:|1756815521
|move|p1a: Whimsicott|Moonblast|p2b: Volcarona
|-resisted|p2b: Volcarona
|-damage|p2b: Volcarona|83/100
|move|p2b: Volcarona|Will-O-Wisp|p1b: Archaludon|[miss]
|-miss|p2b: Volcarona|p1b: Archaludon
|move|p1b: Archaludon|Dragon Pulse|p2b: Volcarona
|-damage|p2b: Volcarona|17/100
|move|p2a: Rillaboom|High Horsepower|p1b: Archaludon
|-supereffective|p1b: Archaludon
|-damage|p1b: Archaludon|48/100
|
|-heal|p1a: Whimsicott|72/100|[from] Grassy Terrain
|-heal|p2b: Volcarona|23/100|[from] Grassy Terrain
|-heal|p1b: Archaludon|54/100|[from] Grassy Terrain
|-fieldend|move: Grassy Terrain
|upkeep
|turn|7
|inactive|artyowls has 30 seconds left.
|
|t:|1756815556
|move|p1a: Whimsicott|Moonblast|p2a: Rillaboom
|-damage|p2a: Rillaboom|83/100
|move|p2b: Volcarona|Fiery Dance|p1a: Whimsicott
|-supereffective|p1a: Whimsicott
|-damage|p1a: Whimsicott|35/100
|-boost|p2b: Volcarona|spa|1
|move|p1b: Archaludon|Dragon Pulse|p2b: Volcarona
|-damage|p2b: Volcarona|0 fnt
|faint|p2b: Volcarona
|move|p2a: Rillaboom|High Horsepower|p1b: Archaludon
|-supereffective|p1b: Archaludon
|-damage|p1b: Archaludon|0 fnt
|faint|p1b: Archaludon
|
|upkeep
|
|t:|1756815558
|switch|p1b: Ursaluna|Ursaluna, L50, F|100/100
|turn|8
|inactive|artyowls has 30 seconds left.
|
|t:|1756815587
|move|p1b: Ursaluna|Protect|p1b: Ursaluna
|-singleturn|p1b: Ursaluna|Protect
|move|p1a: Whimsicott|Tailwind|p1a: Whimsicott
|-sidestart|p1: breadconsumer124|move: Tailwind
|move|p2a: Rillaboom|Wood Hammer|p1a: Whimsicott
|-resisted|p1a: Whimsicott
|-damage|p1a: Whimsicott|0 fnt
|faint|p1a: Whimsicott
|-damage|p2a: Rillaboom|74/100|[from] Recoil
|
|-sideend|p1: breadconsumer124|move: Light Screen
|-status|p1b: Ursaluna|brn|[from] item: Flame Orb
|upkeep
|turn|9
|inactive|artyowls has 30 seconds left.
|
|t:|1756815615
|-terastallize|p1b: Ursaluna|Ghost
|move|p1b: Ursaluna|Facade|p2a: Rillaboom
|-damage|p2a: Rillaboom|0 fnt
|faint|p2a: Rillaboom
|
|win|breadconsumer124
||breadconsumer124 is ready for game 2.
||artyowls is ready for game 2.
|uhtml|next|Next: Game 2 of 3
|l|☆breadconsumer124
|player|p1|
|l|☆artyowls
|player|p2|
|j|☆artyowls
|player|p2|artyowls|plasmagrunt|
