|j|☆natsukivgc
|j|☆Milikito05
|html|natsukivgcMilikito05    
|uhtml|bestof|Game 3 of a best-of-3
|t:|1785411888
|gametype|doubles
|player|p1|natsukivgc|1|1173
|player|p2|Milikito05|cheren|1142
|gen|9
|tier|[Gen 9 Champions] VGC 2026 Reg M-B (Bo3)
|rated|
|rule|Species Clause: Limit one of each Pokémon
|rule|Item Clause: Limit 1 of each item
|clearpoke
|poke|p1|Garchomp, L50, F|
|poke|p1|Venusaur, L50, M|
|poke|p1|Incineroar, L50, F|
|poke|p1|Charizard, L50, M|
|poke|p1|Toxapex, L50, M|
|poke|p1|Annihilape, L50, M|
|poke|p2|Metagross, L50, shiny|
|poke|p2|Charizard, L50, F|
|poke|p2|Aerodactyl, L50, M|
|poke|p2|Milotic, L50, F|
|poke|p2|Sneasler, L50, M|
|poke|p2|Sinistcha, L50|
|teampreview|4
|showteam|p1|Garchomp||ChoiceScarf|RoughSkin|Earthquake,DragonClaw,StompingTantrum,RockSlide|Adamant||F|||50|]Venusaur||LifeOrb|Chlorophyll|SolarBeam,SludgeBomb,EarthPower,Protect|Modest||M|||50|]Incineroar||SitrusBerry|Intimidate|FlareBlitz,ThroatChop,FakeOut,PartingShot|Impish||F|||50|]Charizard||CharizarditeY|Blaze|HeatWave,WeatherBall,HelpingHand,Protect|Modest||M|||50|]Toxapex||Leftovers|Regenerator|Infestation,Toxic,WideGuard,BanefulBunker|Bold||M|||50|]Annihilape||FocusSash|Defiant|CloseCombat,PhantomForce,StealthRock,Protect|Jolly||M|||50|
|showteam|p2|Metagross||Metagrossite|ClearBody|IronHead,PsychicFangs,ThunderPunch,Protect|Jolly|||||50|]Charizard||CharizarditeX|Blaze|FlareBlitz,DragonClaw,DragonDance,Protect|Adamant||F|||50|]Aerodactyl||FocusSash|Unnerve|RockSlide,DualWingbeat,Tailwind,Protect|Jolly||M|||50|]Milotic||Leftovers|Competitive|Scald,IceBeam,LifeDew,Protect|Bold||F|||50|]Sneasler||WhiteHerb|Unburden|DireClaw,CloseCombat,FakeOut,Coaching|Jolly||M|||50|]Sinistcha||SitrusBerry|Hospitality|MatchaGotcha,RagePowder,Imprison,TrickRoom|Bold|||||50|
|inactive|Battle timer is ON: inactive players will automatically lose when time's up. (requested by Milikito05)
|
|t:|1785411909
|teamsize|p1|4
|teamsize|p2|4
|start
|switch|p1a: Toxapex|Toxapex, L50, M|100/100
|switch|p1b: Charizard|Charizard, L50, M|100/100
|switch|p2a: Aerodactyl|Aerodactyl, L50, M|100/100
|switch|p2b: Metagross|Metagross, L50, shiny|100/100
|-ability|p2a: Aerodactyl|Unnerve
|turn|1
|
|t:|1785411930
|detailschange|p1b: Charizard|Charizard-Mega-Y, L50, M
|-mega|p1b: Charizard|Charizard|Charizardite Y
|-weather|SunnyDay|[from] ability: Drought|[of] p1b: Charizard
|detailschange|p2b: Metagross|Metagross-Mega, L50, shiny
|-mega|p2b: Metagross|Metagross|Metagrossite
|move|p1a: Toxapex|Wide Guard|p1a: Toxapex
|-singleturn|p1a: Toxapex|Wide Guard
|move|p2a: Aerodactyl|Dual Wingbeat|p1b: Charizard
|-damage|p1b: Charizard|81/100
|-damage|p1b: Charizard|63/100
|-hitcount|p1b: Charizard|2
|move|p2b: Metagross|Thunder Punch|p1b: Charizard
|-supereffective|p1b: Charizard|1
|-damage|p1b: Charizard|0 fnt
|faint|p1b: Charizard
|
|-weather|SunnyDay|[upkeep]
|upkeep
|
|t:|1785411945
|switch|p1b: Venusaur|Venusaur, L50, M|100/100
|turn|2
|
|t:|1785411958
|move|p2b: Metagross|Protect|p2b: Metagross
|-singleturn|p2b: Metagross|Protect
|move|p1b: Venusaur|Solar Beam||[still]
|-prepare|p1b: Venusaur|Solar Beam
|-anim|p1b: Venusaur|Solar Beam|p2a: Aerodactyl
|-enditem|p2a: Aerodactyl|Focus Sash
|-damage|p2a: Aerodactyl|1/100
|-damage|p1b: Venusaur|90/100|[from] item: Life Orb
|move|p2a: Aerodactyl|Tailwind|p2a: Aerodactyl
|-sidestart|p2: Milikito05|move: Tailwind
|move|p1a: Toxapex|Infestation|p2b: Metagross
|-activate|p2b: Metagross|move: Protect
|
|-weather|SunnyDay|[upkeep]
|upkeep
|turn|3
|
|t:|1785411978
|switch|p2a: Sneasler|Sneasler, L50, M|100/100
|switch|p1b: Incineroar|Incineroar, L50, F|100/100
|-ability|p1b: Incineroar|Intimidate|boost
|-unboost|p2a: Sneasler|atk|1
|-unboost|p2b: Metagross|atk|1
|-enditem|p2a: Sneasler|White Herb
|-clearnegativeboost|p2a: Sneasler|[silent]
|move|p2b: Metagross|Psychic Fangs|p1b: Incineroar
|-immune|p1b: Incineroar
|move|p1a: Toxapex|Infestation|p2a: Sneasler
|-resisted|p2a: Sneasler|2
|-damage|p2a: Sneasler|99/100
|-activate|p2a: Sneasler|move: Infestation|[of] p1a: Toxapex
|
|-weather|SunnyDay|[upkeep]
|-damage|p2a: Sneasler|87/100|[from] move: Infestation|[partiallytrapped]
|upkeep
|turn|4
|inactive|natsukivgc has 30 seconds left.
|
|t:|1785412008
|switch|p2b: Milotic|Milotic, L50, F|100/100
|move|p1b: Incineroar|Fake Out|p2a: Sneasler
|-damage|p2a: Sneasler|70/100
|cant|p2a: Sneasler|flinch
|move|p1a: Toxapex|Infestation|p2b: Milotic
|-damage|p2b: Milotic|97/100
|-activate|p2b: Milotic|move: Infestation|[of] p1a: Toxapex
|
|-weather|SunnyDay|[upkeep]
|-heal|p2b: Milotic|100/100|[from] item: Leftovers
|-damage|p2a: Sneasler|58/100|[from] move: Infestation|[partiallytrapped]
|-damage|p2b: Milotic|87/100|[from] move: Infestation|[partiallytrapped]
|upkeep
|turn|5
|
|t:|1785412027
|switch|p1b: Venusaur|Venusaur, L50, M|90/100
|move|p2a: Sneasler|Close Combat|p1b: Venusaur
|-resisted|p1b: Venusaur|1
|-damage|p1b: Venusaur|53/100
|-unboost|p2a: Sneasler|def|1
|-unboost|p2a: Sneasler|spd|1
|move|p2b: Milotic|Life Dew|p2b: Milotic|[spread] p2a,p2b
|-heal|p2a: Sneasler|83/100
|-heal|p2b: Milotic|100/100
|move|p1a: Toxapex|Toxic|p2b: Milotic
|-status|p2b: Milotic|tox
|
|-weather|none
|-damage|p2b: Milotic|94/100 tox|[from] psn
|-damage|p2a: Sneasler|71/100|[from] move: Infestation|[partiallytrapped]
|-damage|p2b: Milotic|81/100 tox|[from] move: Infestation|[partiallytrapped]
|-sideend|p2: Milikito05|move: Tailwind
|upkeep
|turn|6
|inactive|natsukivgc has 30 seconds left.
|inactive|Milikito05 has 30 seconds left.
|
|t:|1785412059
|move|p2a: Sneasler|Dire Claw|p1b: Venusaur
|-damage|p1b: Venusaur|3/100
|move|p1b: Venusaur|Earth Power|p2a: Sneasler
|-supereffective|p2a: Sneasler|1
|-damage|p2a: Sneasler|0 fnt
|faint|p2a: Sneasler
|-damage|p1b: Venusaur|0 fnt|[from] item: Life Orb
|faint|p1b: Venusaur
|move|p2b: Milotic|Life Dew|p2b: Milotic
|-heal|p2b: Milotic|100/100 tox
|move|p1a: Toxapex|Infestation|p2b: Milotic
|-damage|p2b: Milotic|97/100 tox
|
|-heal|p2b: Milotic|100/100 tox|[from] item: Leftovers
|-damage|p2b: Milotic|88/100 tox|[from] psn
|-damage|p2b: Milotic|75/100 tox|[from] move: Infestation|[partiallytrapped]
|upkeep
|
|t:|1785412075
|switch|p2a: Metagross|Metagross-Mega, L50, shiny|100/100
|switch|p1b: Incineroar|Incineroar, L50, F|100/100
|-ability|p1b: Incineroar|Intimidate|boost
|-unboost|p2a: Metagross|atk|1
|-unboost|p2b: Milotic|atk|1
|-ability|p2b: Milotic|Competitive|boost
|-boost|p2b: Milotic|spa|2
|turn|7
|
|t:|1785412090
|move|p1a: Toxapex|Baneful Bunker|p1a: Toxapex
|-singleturn|p1a: Toxapex|move: Protect
|move|p2a: Metagross|Psychic Fangs|p1a: Toxapex
|-activate|p1a: Toxapex|move: Protect
|move|p2b: Milotic|Scald|p1b: Incineroar
|-supereffective|p1b: Incineroar|1
|-damage|p1b: Incineroar|0 fnt
|faint|p1b: Incineroar
|
|-heal|p2b: Milotic|81/100 tox|[from] item: Leftovers
|-damage|p2b: Milotic|63/100 tox|[from] psn
|-damage|p2b: Milotic|51/100 tox|[from] move: Infestation|[partiallytrapped]
|upkeep
|turn|8
|
|t:|1785412108
|move|p2a: Metagross|Psychic Fangs|p1a: Toxapex
|-supereffective|p1a: Toxapex|1
|-damage|p1a: Toxapex|46/100
|move|p2b: Milotic|Scald|p1a: Toxapex
|-resisted|p1a: Toxapex|1
|-damage|p1a: Toxapex|21/100
|move|p1a: Toxapex|Infestation|p2a: Metagross
|-damage|p2a: Metagross|97/100
|-activate|p2a: Metagross|move: Infestation|[of] p1a: Toxapex
|
|-heal|p2b: Milotic|57/100 tox|[from] item: Leftovers
|-heal|p1a: Toxapex|27/100|[from] item: Leftovers
|-damage|p2b: Milotic|33/100 tox|[from] psn
|-damage|p2a: Metagross|84/100|[from] move: Infestation|[partiallytrapped]
|-end|p2b: Milotic|Infestation|[partiallytrapped]
|upkeep
|turn|9
|-message|natsukivgc forfeited by changing their name.
|l| natsukivgc
|
|win|Milikito05
|raw|natsukivgc's rating: 1170 → 1143(-27 for losing)
|raw|Milikito05's rating: 1142 → 1169(+27 for winning)
