|j|☆MrTedno
|j|☆elmeroromerovgc
|html|MrTednoelmeroromerovgc    
|uhtml|bestof|Game 3 of a best-of-3
|t:|1756330653
|gametype|doubles
|player|p1|MrTedno|barry|1220
|player|p2|elmeroromerovgc|265|1152
|gen|9
|tier|[Gen 9] VGC 2025 Reg H (Bo3)
|rated|
|rule|Species Clause: Limit one of each Pokémon
|rule|Item Clause: Limit 1 of each item
|clearpoke
|poke|p1|Dondozo, L50, M|
|poke|p1|Tatsugiri, L50, M|
|poke|p1|Politoed, L50, F|
|poke|p1|Archaludon, L50, M|
|poke|p1|Amoonguss, L50, M|
|poke|p1|Overqwil, L50, M|
|poke|p2|Gholdengo, L50|
|poke|p2|Sneasler, L50, M|
|poke|p2|Rillaboom, L50, F|
|poke|p2|Dragonite, L50, F|
|poke|p2|Ninetales-Alola, L50, F|
|poke|p2|Arcanine-Hisui, L50, M|
|teampreview|4
|showteam|p1|Dondozo||LifeOrb|Unaware|Surf,Protect,SleepTalk|||M|||50|,,,,,Water]Tatsugiri||FocusSash|Commander|DracoMeteor,Protect,MuddyWater,Taunt|||M|||50|,,,,,Stellar]Politoed||SitrusBerry|Drizzle|WeatherBall,IceBeam,Haze,Protect|||F|||50|,,,,,Steel]Archaludon||AssaultVest|Stamina|BodyPress,ElectroShot,DragonPulse,FlashCannon|||M|||50|,,,,,Grass]Amoonguss||RockyHelmet|Regenerator|Spore,RagePowder,PollenPuff,Protect|||M|||50|,,,,,Fairy]Overqwil||ChoiceBand|SwiftSwim|PoisonJab,ThroatChop,Liquidation,PinMissile|||M|||50|,,,,,Ghost
|showteam|p2|Gholdengo||GrassySeed|GoodasGold|NastyPlot,MakeItRain,ShadowBall,Protect||||||50|,,,,,Water]Sneasler||WhiteHerb|Unburden|CloseCombat,DireClaw,Coaching,Protect|||M|||50|,,,,,Ghost]Rillaboom||AssaultVest|GrassySurge|FakeOut,GrassyGlide,DrumBeating,HighHorsepower|||F|||50|,,,,,Fire]Dragonite||LoadedDice|Multiscale|ScaleShot,StompingTantrum,Tailwind,Protect|||F|||50|,,,,,Ground]Ninetales-Alola||FocusSash|SnowWarning|Blizzard,IcyWind,Encore,AuroraVeil|||F|||50|,,,,,Ghost]Arcanine-Hisui||ClearAmulet|Intimidate|RockSlide,FlareBlitz,ExtremeSpeed,Protect|||M|||50|,,,,,Water
|
|t:|1756330675
|teamsize|p1|4
|teamsize|p2|4
|start
|switch|p1a: Barnacles|Archaludon, L50, M|100/100
|switch|p1b: Turnip|Amoonguss, L50, M|100/100
|switch|p2a: Rillaboom|Rillaboom, L50, F|100/100
|switch|p2b: Sneasler|Sneasler, L50, M|100/100
|-fieldstart|move: Grassy Terrain|[from] ability: Grassy Surge|[of] p2a: Rillaboom
|turn|1
|
|t:|1756330697
|switch|p1b: Tweak|Politoed, L50, F|100/100
|-weather|RainDance|[from] ability: Drizzle|[of] p1b: Tweak
|-terastallize|p1a: Barnacles|Grass
|move|p2a: Rillaboom|Fake Out|p1b: Tweak
|-damage|p1b: Tweak|85/100
|move|p2b: Sneasler|Close Combat|p1a: Barnacles
|-damage|p1a: Barnacles|54/100
|-unboost|p2b: Sneasler|def|1
|-unboost|p2b: Sneasler|spd|1
|-ability|p1a: Barnacles|Stamina|boost
|-boost|p1a: Barnacles|def|1
|-enditem|p2b: Sneasler|White Herb
|-clearnegativeboost|p2b: Sneasler|[silent]
|move|p1a: Barnacles|Electro Shot||[still]
|-prepare|p1a: Barnacles|Electro Shot
|-boost|p1a: Barnacles|spa|1
|-anim|p1a: Barnacles|Electro Shot|p2b: Sneasler
|-damage|p2b: Sneasler|28/100
|
|-weather|RainDance|[upkeep]
|-heal|p2b: Sneasler|34/100|[from] Grassy Terrain
|-heal|p1a: Barnacles|60/100|[from] Grassy Terrain
|-heal|p1b: Tweak|91/100|[from] Grassy Terrain
|upkeep
|turn|2
|
|t:|1756330749
|switch|p1b: Turnip|Amoonguss, L50, M|100/100
|move|p2b: Sneasler|Dire Claw|p1a: Barnacles
|-supereffective|p1a: Barnacles
|-damage|p1a: Barnacles|16/100
|-ability|p1a: Barnacles|Stamina|boost
|-boost|p1a: Barnacles|def|1
|move|p2a: Rillaboom|Drum Beating|p1b: Turnip
|-resisted|p1b: Turnip
|-damage|p1b: Turnip|90/100
|-unboost|p1b: Turnip|spe|1
|move|p1a: Barnacles|Flash Cannon|p2b: Sneasler
|-damage|p2b: Sneasler|0 fnt
|faint|p2b: Sneasler
|
|-weather|RainDance|[upkeep]
|-heal|p1a: Barnacles|23/100|[from] Grassy Terrain
|-heal|p1b: Turnip|96/100|[from] Grassy Terrain
|upkeep
|
|t:|1756330759
|switch|p2b: Gholdengo|Gholdengo, L50|100/100
|-enditem|p2b: Gholdengo|Grassy Seed
|-boost|p2b: Gholdengo|def|1|[from] item: Grassy Seed
|turn|3
|
|t:|1756330800
|move|p1b: Turnip|Rage Powder|p1b: Turnip
|-singleturn|p1b: Turnip|move: Rage Powder
|move|p2a: Rillaboom|Drum Beating|p1a: Barnacles
|-resisted|p1a: Barnacles
|-damage|p1a: Barnacles|13/100
|-unboost|p1a: Barnacles|spe|1
|-ability|p1a: Barnacles|Stamina|boost
|-boost|p1a: Barnacles|def|1
|move|p2b: Gholdengo|Make It Rain|p1b: Turnip|[spread] p1a,p1b
|-damage|p1a: Barnacles|0 fnt
|-damage|p1b: Turnip|55/100
|-unboost|p2b: Gholdengo|spa|1
|faint|p1a: Barnacles
|
|-weather|RainDance|[upkeep]
|-heal|p1b: Turnip|60/100|[from] Grassy Terrain
|upkeep
|
|t:|1756330818
|switch|p1a: Shellington|Overqwil, L50, M|100/100
|turn|4
|
|t:|1756330838
|-terastallize|p2b: Gholdengo|Water
|move|p1a: Shellington|Poison Jab|p2a: Rillaboom
|-supereffective|p2a: Rillaboom
|-damage|p2a: Rillaboom|0 fnt
|faint|p2a: Rillaboom
|move|p2b: Gholdengo|Nasty Plot|p2b: Gholdengo
|-boost|p2b: Gholdengo|spa|2
|move|p1b: Turnip|Pollen Puff|p1a: Shellington
|
|-weather|RainDance|[upkeep]
|-heal|p1b: Turnip|66/100|[from] Grassy Terrain
|upkeep
|
|t:|1756330843
|switch|p2a: Dragonite|Dragonite, L50, F|100/100
|turn|5
|
|t:|1756330883
|move|p1b: Turnip|Rage Powder|p1b: Turnip
|-singleturn|p1b: Turnip|move: Rage Powder
|move|p1a: Shellington|Poison Jab|p2a: Dragonite
|-damage|p2a: Dragonite|67/100
|move|p2b: Gholdengo|Make It Rain|p1b: Turnip|[spread] p1a,p1b
|-damage|p1a: Shellington|0 fnt
|-damage|p1b: Turnip|13/100
|-unboost|p2b: Gholdengo|spa|1
|faint|p1a: Shellington
|move|p2a: Dragonite|Tailwind|p2a: Dragonite
|-sidestart|p2: elmeroromerovgc|move: Tailwind
|
|-weather|none
|-heal|p1b: Turnip|19/100|[from] Grassy Terrain
|-fieldend|move: Grassy Terrain
|upkeep
|-message|MrTedno forfeited.
|
|win|elmeroromerovgc
|raw|MrTedno's rating: 1220 → 1190(-30 for losing)
|raw|elmeroromerovgc's rating: 1152 → 1182(+30 for winning)
|l|☆elmeroromerovgc
|player|p2|
