|j|☆phuc_lamvgc
|j|☆Marvcolor
|html|phuc_lamvgcMarvcolor    
|uhtml|bestof|Game 2 of a best-of-3
|t:|1784182397
|gametype|doubles
|player|p1|phuc_lamvgc|miku-ghost|1236
|player|p2|Marvcolor|giovanni|1310
|gen|9
|tier|[Gen 9 Champions] VGC 2026 Reg M-B (Bo3)
|rated|
|rule|Species Clause: Limit one of each Pokémon
|rule|Item Clause: Limit 1 of each item
|clearpoke
|poke|p1|Blastoise, L50, M|
|poke|p1|Delphox, L50, F|
|poke|p1|Kingambit, L50, M|
|poke|p1|Sneasler, L50, M|
|poke|p1|Incineroar, L50, F|
|poke|p1|Sinistcha, L50|
|poke|p2|Gengar, L50, M, shiny|
|poke|p2|Politoed, L50, F, shiny|
|poke|p2|Archaludon, L50, F, shiny|
|poke|p2|Swampert, L50, M, shiny|
|poke|p2|Incineroar, L50, F, shiny|
|poke|p2|Vivillon, L50, F, shiny|
|teampreview|4
|showteam|p1|Blastoise||Blastoisinite|Torrent|WaterSpout,DarkPulse,ShellSmash,Protect|Modest||M|||50|]Delphox||Delphoxite|Blaze|HeatWave,Psyshock,NastyPlot,Protect|Timid||F|||50|]Kingambit||BlackGlasses|Defiant|KowtowCleave,SuckerPunch,SwordsDance,Protect|Adamant||M|||50|]Sneasler||FocusSash|Unburden|CloseCombat,DireClaw,FakeOut,QuickGuard|Jolly||M|||50|]Incineroar||SitrusBerry|Intimidate|FlareBlitz,ThroatChop,FakeOut,PartingShot|Impish||F|||50|]Sinistcha||KasibBerry|Hospitality|MatchaGotcha,RagePowder,LifeDew,Protect|Bold|||||50|
|showteam|p2|Gengar||Gengarite|CursedBody|ShadowBall,SludgeBomb,PerishSong,Protect|Modest||M|||50|]Politoed||SitrusBerry|Drizzle|WeatherBall,PerishSong,Encore,Protect|Calm||F|||50|]Archaludon||Leftovers|Stamina|ElectroShot,DragonPulse,FlashCannon,Protect|Bold||F|||50|]Swampert||Swampertite|Damp|WaveCrash,Earthquake,IcePunch,Protect|Adamant||M|||50|]Incineroar||PasshoBerry|Intimidate|ThroatChop,PartingShot,Protect,FakeOut|Sassy||F|||50|]Vivillon||FocusSash|CompoundEyes|Hurricane,SleepPowder,RagePowder,Protect|Timid||F|||50|
|inactive|Battle timer is ON: inactive players will automatically lose when time's up. (requested by Marvcolor)
|
|t:|1784182417
|teamsize|p1|4
|teamsize|p2|4
|start
|switch|p1a: Kamekkusu|Blastoise, L50, M|100/100
|switch|p1b: Ōnyūra|Sneasler, L50, M|100/100
|switch|p2a: 3R|Swampert, L50, M, shiny|100/100
|switch|p2b: Time Walk|Vivillon, L50, F, shiny|100/100
|turn|1
|
|t:|1784182439
|detailschange|p1a: Kamekkusu|Blastoise-Mega, L50, M
|-mega|p1a: Kamekkusu|Blastoise|Blastoisinite
|detailschange|p2a: 3R|Swampert-Mega, L50, M, shiny
|-mega|p2a: 3R|Swampert|Swampertite
|move|p1b: Ōnyūra|Fake Out|p2b: Time Walk
|-damage|p2b: Time Walk|75/100
|cant|p2b: Time Walk|flinch
|move|p1a: Kamekkusu|Shell Smash|p1a: Kamekkusu
|-unboost|p1a: Kamekkusu|def|1
|-unboost|p1a: Kamekkusu|spd|1
|-boost|p1a: Kamekkusu|atk|2
|-boost|p1a: Kamekkusu|spa|2
|-boost|p1a: Kamekkusu|spe|2
|move|p2a: 3R|Earthquake|p1a: Kamekkusu|[spread] p1a,p1b
|-immune|p2b: Time Walk
|-supereffective|p1b: Ōnyūra|1
|-damage|p1a: Kamekkusu|26/100
|-enditem|p1b: Ōnyūra|Focus Sash
|-damage|p1b: Ōnyūra|1/100
|
|upkeep
|turn|2
|
|t:|1784182463
|switch|p1b: Yabasocha|Sinistcha, L50|100/100
|-heal|p1a: Kamekkusu|51/100|[from] ability: Hospitality|[of] p1b: Yabasocha
|move|p2b: Time Walk|Rage Powder|p2b: Time Walk
|-singleturn|p2b: Time Walk|move: Rage Powder
|move|p1a: Kamekkusu|Water Spout|p2a: 3R|[spread] p2a,p2b
|-damage|p2a: 3R|36/100
|-damage|p2b: Time Walk|0 fnt
|faint|p2b: Time Walk
|move|p2a: 3R|Earthquake|p1a: Kamekkusu|[spread] p1a,p1b
|-resisted|p1b: Yabasocha|1
|-damage|p1a: Kamekkusu|0 fnt
|-damage|p1b: Yabasocha|83/100
|faint|p1a: Kamekkusu
|
|upkeep
|
|t:|1784182476
|switch|p2b: Centralian|Archaludon, L50, F, shiny|100/100
|switch|p1a: Gaogaen|Incineroar, L50, F|100/100
|-ability|p1a: Gaogaen|Intimidate|boost
|-unboost|p2a: 3R|atk|1
|-unboost|p2b: Centralian|atk|1
|turn|3
|
|t:|1784182482
|switch|p2a: Connect|Politoed, L50, F, shiny|100/100
|-weather|RainDance|[from] ability: Drizzle|[of] p2a: Connect
|move|p1a: Gaogaen|Fake Out|p2b: Centralian
|-resisted|p2b: Centralian|1
|-damage|p2b: Centralian|96/100
|-ability|p2b: Centralian|Stamina|boost
|-boost|p2b: Centralian|def|1
|cant|p2b: Centralian|flinch
|move|p1b: Yabasocha|Matcha Gotcha|p2a: Connect|[spread] p2a,p2b
|-supereffective|p2a: Connect|1
|-resisted|p2b: Centralian|2
|-damage|p2a: Connect|60/100
|-heal|p1b: Yabasocha|100/100|[from] drain|[of] p2a: Connect
|-damage|p2b: Centralian|91/100
|-status|p2a: Connect|brn
|-ability|p2b: Centralian|Stamina|boost
|-boost|p2b: Centralian|def|1
|
|-weather|RainDance|[upkeep]
|-heal|p2b: Centralian|97/100|[from] item: Leftovers
|-damage|p2a: Connect|54/100 brn|[from] brn
|upkeep
|turn|4
|
|t:|1784182504
|move|p2b: Centralian|Electro Shot||[still]
|-prepare|p2b: Centralian|Electro Shot
|-boost|p2b: Centralian|spa|1
|-anim|p2b: Centralian|Electro Shot|p1a: Gaogaen
|-damage|p1a: Gaogaen|51/100
|move|p2a: Connect|Weather Ball|p1a: Gaogaen
|-supereffective|p1a: Gaogaen|1
|-damage|p1a: Gaogaen|0 fnt
|faint|p1a: Gaogaen
|move|p1b: Yabasocha|Matcha Gotcha|p2a: Connect|[spread] p2a,p2b
|-supereffective|p2a: Connect|1
|-resisted|p2b: Centralian|2
|-damage|p2a: Connect|16/100 brn
|-damage|p2b: Centralian|92/100
|-ability|p2b: Centralian|Stamina|boost
|-boost|p2b: Centralian|def|1
|-enditem|p2a: Connect|Sitrus Berry|[eat]
|-heal|p2a: Connect|41/100 brn|[from] item: Sitrus Berry
|
|-weather|RainDance|[upkeep]
|-heal|p2b: Centralian|98/100|[from] item: Leftovers
|-damage|p2a: Connect|35/100 brn|[from] brn
|upkeep
|
|t:|1784182512
|switch|p1a: Ōnyūra|Sneasler, L50, M|1/100
|turn|5
|
|t:|1784182530
|move|p2a: Connect|Protect|p2a: Connect
|-singleturn|p2a: Connect|Protect
|move|p1a: Ōnyūra|Close Combat|p2b: Centralian
|-supereffective|p2b: Centralian|1
|-damage|p2b: Centralian|67/100
|-unboost|p1a: Ōnyūra|def|1
|-unboost|p1a: Ōnyūra|spd|1
|-ability|p2b: Centralian|Stamina|boost
|-boost|p2b: Centralian|def|1
|move|p2b: Centralian|Electro Shot||[still]
|-prepare|p2b: Centralian|Electro Shot
|-boost|p2b: Centralian|spa|1
|-anim|p2b: Centralian|Electro Shot|p1a: Ōnyūra
|-damage|p1a: Ōnyūra|0 fnt
|faint|p1a: Ōnyūra
|move|p1b: Yabasocha|Matcha Gotcha|p2a: Connect|[spread] p2b
|-activate|p2a: Connect|move: Protect
|-resisted|p2b: Centralian|2
|-damage|p2b: Centralian|60/100
|-ability|p2b: Centralian|Stamina|boost
|-boost|p2b: Centralian|def|1
|
|-weather|RainDance|[upkeep]
|-heal|p2b: Centralian|67/100|[from] item: Leftovers
|-damage|p2a: Connect|29/100 brn|[from] brn
|upkeep
|turn|6
|
|t:|1784182545
|move|p2b: Centralian|Dragon Pulse|p1b: Yabasocha
|-damage|p1b: Yabasocha|23/100
|move|p2a: Connect|Weather Ball|p1b: Yabasocha
|-resisted|p1b: Yabasocha|1
|-damage|p1b: Yabasocha|0 fnt
|faint|p1b: Yabasocha
|
|win|Marvcolor
|raw|phuc_lamvgc's rating: 1236 → 1216(-20 for losing)
|raw|Marvcolor's rating: 1310 → 1326(+16 for winning)
|l|☆phuc_lamvgc
|player|p1|
