|j|☆FlareIsSolar
|j|☆dont make me walk
|html|FlareIsSolardont make me walk    
|uhtml|bestof|Game 2 of a best-of-3
|t:|1757020920
|gametype|doubles
|player|p1|FlareIsSolar|volkner|1318
|player|p2|dont make me walk|red-masters3|1382
|gen|9
|tier|[Gen 9] VGC 2025 Reg H (Bo3)
|rated|
|rule|Species Clause: Limit one of each Pokémon
|rule|Item Clause: Limit 1 of each item
|clearpoke
|poke|p1|Tyranitar, L50, M|
|poke|p1|Excadrill, L50, F|
|poke|p1|Kommo-o, L50, F|
|poke|p1|Basculegion, L50, M|
|poke|p1|Amoonguss, L50, F|
|poke|p1|Incineroar, L50, M|
|poke|p2|Ursaluna-Bloodmoon, L50, M|
|poke|p2|Indeedee, L50, M|
|poke|p2|Sneasler, L50, M|
|poke|p2|Incineroar, L50, M|
|poke|p2|Talonflame, L50, F|
|poke|p2|Garchomp, L50, F|
|teampreview|4
|showteam|p1|Tyranitar||AssaultVest|SandStream|KnockOff,RockSlide,LowKick,TeraBlast|||M|||50|,,,,,Flying]Excadrill||FocusSash|SandRush|Earthquake,HighHorsepower,IronHead,Protect|||F|||50|,,,,,Ground]Kommo-o||ThroatSpray|Overcoat|ClangorousSoul,ClangingScales,AuraSphere,Protect|||F|||50|,,,,,Steel]Basculegion||ChoiceScarf|Adaptability|WaveCrash,LastRespects,FlipTurn,AquaJet|||M|||50|,,,,,Grass]Amoonguss||SitrusBerry|Regenerator|PollenPuff,Spore,RagePowder,Protect|||F|||50|,,,,,Water]Incineroar||SafetyGoggles|Intimidate|KnockOff,FlareBlitz,PartingShot,FakeOut|||M|||50|,,,,,Ghost
|showteam|p2|Ursaluna-Bloodmoon||LifeOrb|MindsEye|Protect,EarthPower,HyperVoice,BloodMoon|||M|||50|,,,,,Normal]Indeedee||FocusSash|PsychicSurge|ExpandingForce,Protect,TrickRoom,Imprison|||M|||50|,,,,,Psychic]Sneasler||PsychicSeed|Unburden|DireClaw,CloseCombat,ThroatChop,Protect|||M|||50|,,,,,Dark]Incineroar||SafetyGoggles|Intimidate|FakeOut,KnockOff,FlareBlitz,PartingShot|||M|||50|,,,,,Ghost]Talonflame||CovertCloak|GaleWings|FlareBlitz,DualWingbeat,WillOWisp,Tailwind|||F|||50|,,,,,Fairy]Garchomp||ClearAmulet|RoughSkin|Earthquake,StompingTantrum,DragonClaw,Protect|||F|||50|,,,,,Fairy
|inactive|Battle timer is ON: inactive players will automatically lose when time's up. (requested by dont make me walk)
|
|t:|1757020950
|teamsize|p1|4
|teamsize|p2|4
|start
|switch|p1a: Incineroar|Incineroar, L50, M|100/100
|switch|p1b: Tyranitar|Tyranitar, L50, M|100/100
|switch|p2a: Talonflame|Talonflame, L50, F|100/100
|switch|p2b: Garchomp|Garchomp, L50, F|100/100
|-weather|Sandstorm|[from] ability: Sand Stream|[of] p1b: Tyranitar
|-ability|p1a: Incineroar|Intimidate|boost
|-unboost|p2a: Talonflame|atk|1
|-fail|p2b: Garchomp|unboost|[from] item: Clear Amulet|[of] p2b: Garchomp
|turn|1
|
|t:|1757020972
|move|p2b: Garchomp|Protect|p2b: Garchomp
|-singleturn|p2b: Garchomp|Protect
|move|p1a: Incineroar|Fake Out|p2b: Garchomp
|-activate|p2b: Garchomp|move: Protect
|move|p2a: Talonflame|Will-O-Wisp|p1b: Tyranitar
|-status|p1b: Tyranitar|brn
|move|p1b: Tyranitar|Rock Slide|p2a: Talonflame|[spread] p2a
|-activate|p2b: Garchomp|move: Protect
|-supereffective|p2a: Talonflame
|-damage|p2a: Talonflame|36/100
|
|-weather|Sandstorm|[upkeep]
|-damage|p2a: Talonflame|30/100|[from] Sandstorm
|-damage|p1b: Tyranitar|94/100 brn|[from] brn
|upkeep
|turn|2
|
|t:|1757020984
|move|p2a: Talonflame|Tailwind|p2a: Talonflame
|-sidestart|p2: dont make me walk|move: Tailwind
|move|p2b: Garchomp|Earthquake|p1a: Incineroar|[spread] p1a,p1b
|-immune|p2a: Talonflame
|-supereffective|p1a: Incineroar
|-supereffective|p1b: Tyranitar
|-damage|p1a: Incineroar|30/100
|-damage|p1b: Tyranitar|31/100 brn
|move|p1b: Tyranitar|Knock Off|p2b: Garchomp
|-damage|p2b: Garchomp|76/100
|-damage|p1b: Tyranitar|18/100 brn|[from] ability: Rough Skin|[of] p2b: Garchomp
|-enditem|p2b: Garchomp|Clear Amulet|[from] move: Knock Off|[of] p1b: Tyranitar
|move|p1a: Incineroar|Parting Shot|p2b: Garchomp
|-unboost|p2b: Garchomp|atk|1
|-unboost|p2b: Garchomp|spa|1
|
|t:|1757020990
|switch|p1a: Kommo-o|Kommo-o, L50, F|100/100|[from] Parting Shot
|
|-weather|Sandstorm|[upkeep]
|-damage|p2a: Talonflame|23/100|[from] Sandstorm
|-damage|p1b: Tyranitar|12/100 brn|[from] brn
|upkeep
|turn|3
|inactive|FlareIsSolar has 30 seconds left.
|inactive|FlareIsSolar has 20 seconds left.
|inactive|dont make me walk has 30 seconds left.
|inactive|FlareIsSolar has 15 seconds left.
|
|t:|1757021038
|switch|p1b: Incineroar|Incineroar, L50, M|30/100
|-ability|p1b: Incineroar|Intimidate|boost
|-unboost|p2a: Talonflame|atk|1
|-unboost|p2b: Garchomp|atk|1
|-terastallize|p1a: Kommo-o|Steel
|move|p2a: Talonflame|Dual Wingbeat|p1a: Kommo-o
|-resisted|p1a: Kommo-o
|-damage|p1a: Kommo-o|97/100
|-resisted|p1a: Kommo-o
|-damage|p1a: Kommo-o|94/100
|-hitcount|p1a: Kommo-o|2
|move|p2b: Garchomp|Earthquake|p1b: Incineroar|[spread] p1a,p1b
|-immune|p2a: Talonflame
|-supereffective|p1a: Kommo-o
|-supereffective|p1b: Incineroar
|-damage|p1a: Kommo-o|51/100
|-damage|p1b: Incineroar|0 fnt
|faint|p1b: Incineroar
|move|p1a: Kommo-o|Clangorous Soul|p1a: Kommo-o
|-boost|p1a: Kommo-o|atk|1
|-boost|p1a: Kommo-o|def|1
|-boost|p1a: Kommo-o|spa|1
|-boost|p1a: Kommo-o|spd|1
|-boost|p1a: Kommo-o|spe|1
|-damage|p1a: Kommo-o|19/100
|-enditem|p1a: Kommo-o|Throat Spray
|-boost|p1a: Kommo-o|spa|1|[from] item: Throat Spray
|
|-weather|Sandstorm|[upkeep]
|-damage|p2a: Talonflame|17/100|[from] Sandstorm
|upkeep
|
|t:|1757021053
|switch|p1b: Tyranitar|Tyranitar, L50, M|12/100 brn
|turn|4
|
|t:|1757021060
|move|p1a: Kommo-o|Protect|p1a: Kommo-o
|-singleturn|p1a: Kommo-o|Protect
|move|p2a: Talonflame|Flare Blitz|p1a: Kommo-o
|-activate|p1a: Kommo-o|move: Protect
|move|p2b: Garchomp|Earthquake|p1a: Kommo-o|[spread] p1b
|-activate|p1a: Kommo-o|move: Protect
|-immune|p2a: Talonflame
|-supereffective|p1b: Tyranitar
|-damage|p1b: Tyranitar|0 fnt
|faint|p1b: Tyranitar
|
|-weather|Sandstorm|[upkeep]
|-damage|p2a: Talonflame|11/100|[from] Sandstorm
|upkeep
|
|t:|1757021064
|switch|p1b: Excadrill|Excadrill, L50, F|100/100
|turn|5
|
|t:|1757021078
|move|p1b: Excadrill|Protect|p1b: Excadrill
|-singleturn|p1b: Excadrill|Protect
|move|p1a: Kommo-o|Protect||[still]
|-fail|p1a: Kommo-o
|move|p2a: Talonflame|Flare Blitz|p1b: Excadrill
|-activate|p1b: Excadrill|move: Protect
|move|p2b: Garchomp|Earthquake|p1a: Kommo-o|[spread] p1a
|-activate|p1b: Excadrill|move: Protect
|-immune|p2a: Talonflame
|-supereffective|p1a: Kommo-o
|-damage|p1a: Kommo-o|0 fnt
|faint|p1a: Kommo-o
|
|-weather|none
|-sideend|p2: dont make me walk|move: Tailwind
|upkeep
|turn|6
|-message|FlareIsSolar forfeited.
|
|win|dont make me walk
||FlareIsSolar is ready for game 3.
||dont make me walk is ready for game 3.
|uhtml|next|Next: Game 3 of 3
|l|☆FlareIsSolar
|player|p1|
