|j|☆MoltresMania
|j|☆namboyVGC
|html|MoltresManianamboyVGC    
|uhtml|bestof|Game 2 of a best-of-3
|t:|1755101610
|gametype|doubles
|player|p1|MoltresMania|170|1241
|player|p2|namboyVGC|pokemonranger-gen4|1254
|gen|9
|tier|[Gen 9] VGC 2025 Reg H (Bo3)
|rated|
|rule|Species Clause: Limit one of each Pokémon
|rule|Item Clause: Limit 1 of each item
|clearpoke
|poke|p1|Gholdengo, L50|
|poke|p1|Milotic, L50, F|
|poke|p1|Rillaboom, L50, M|
|poke|p1|Smeargle, L50, F|
|poke|p1|Dragonite, L50, M|
|poke|p1|Sneasler, L50, F|
|poke|p2|Sneasler, L50, F|
|poke|p2|Indeedee, L50, M|
|poke|p2|Volcarona, L50, M|
|poke|p2|Annihilape, L50, F|
|poke|p2|Tyranitar, L50, M|
|poke|p2|Excadrill, L50, F|
|teampreview|4
|showteam|p1|Gholdengo||LifeOrb|GoodasGold|MakeItRain,NastyPlot,ShadowBall,Protect||||||50|,,,,,Water]Milotic||SitrusBerry|Competitive|Scald,IcyWind,Haze,Protect|||F|||50|,,,,,Dragon]Rillaboom||AssaultVest|GrassySurge|DrumBeating,GrassyGlide,FakeOut,HighHorsepower|||M|||50|,,,,,Fire]Smeargle||FocusSash|Moody|SpikyShield,WideGuard,FollowMe,Spore|||F|||50|,,,,,Grass]Dragonite||LoadedDice|Multiscale|ScaleShot,Tailwind,Protect,StompingTantrum|||M|||50|,,,,,Fairy]Sneasler||WhiteHerb|Unburden|CloseCombat,DireClaw,Coaching,Protect|||F|||50|,,,,,Ghost
|showteam|p2|Sneasler||PsychicSeed|Unburden|CloseCombat,DireClaw,ThroatChop,Protect|||F|||50|,,,,,Dark]Indeedee||ChoiceScarf|PsychicSurge|ExpandingForce,TeraBlast,Trick,DazzlingGleam|||M|||50|,,,,,Fire]Volcarona||SitrusBerry|FlameBody|Overheat,StruggleBug,RagePowder,Tailwind|||M|||50|,,,,,Fairy]Annihilape||SafetyGoggles|Defiant|CloseCombat,RageFist,Taunt,FinalGambit|||F|||50|,,,,,Psychic]Tyranitar||AssaultVest|SandStream|RockSlide,KnockOff,TeraBlast,LowKick|||M|||50|,,,,,Flying]Excadrill||FocusSash|SandRush|HighHorsepower,Earthquake,IronHead,Protect|||F|||50|,,,,,Ground
|inactive|Battle timer is ON: inactive players will automatically lose when time's up. (requested by namboyVGC)
|inactive|MoltresMania also wants the timer to be on.
|inactive|MoltresMania has 60 seconds left.
|inactive|MoltresMania has 30 seconds left.
|inactive|MoltresMania has 20 seconds left.
|
|t:|1755101682
|teamsize|p1|4
|teamsize|p2|4
|start
|switch|p1a: Smeargle|Smeargle, L50, F|100/100
|switch|p1b: Gholdengo|Gholdengo, L50|100/100
|switch|p2a: Sneasler|Sneasler, L50, F|100/100
|switch|p2b: Indeedee|Indeedee, L50, M|100/100
|-fieldstart|move: Psychic Terrain|[from] ability: Psychic Surge|[of] p2b: Indeedee
|-enditem|p2a: Sneasler|Psychic Seed
|-boost|p2a: Sneasler|spd|1|[from] item: Psychic Seed
|turn|1
|
|t:|1755101705
|move|p1b: Gholdengo|Protect|p1b: Gholdengo
|-singleturn|p1b: Gholdengo|Protect
|move|p1a: Smeargle|Spiky Shield|p1a: Smeargle
|-singleturn|p1a: Smeargle|move: Protect
|move|p2a: Sneasler|Throat Chop|p1b: Gholdengo
|-activate|p1b: Gholdengo|move: Protect
|move|p2b: Indeedee|Expanding Force|p1a: Smeargle|[spread] 
|-activate|p1a: Smeargle|move: Protect
|-activate|p1b: Gholdengo|move: Protect
|
|-ability|p1a: Smeargle|Moody|boost
|-boost|p1a: Smeargle|spe|2
|-unboost|p1a: Smeargle|def|1
|upkeep
|turn|2
|inactive|MoltresMania has 30 seconds left.
|inactive|namboyVGC has 30 seconds left.
|inactive|MoltresMania has 20 seconds left.
|
|t:|1755101740
|-terastallize|p1b: Gholdengo|Water
|move|p2a: Sneasler|Dire Claw|p1a: Smeargle
|-crit|p1a: Smeargle
|-enditem|p1a: Smeargle|Focus Sash
|-damage|p1a: Smeargle|1/100
|move|p1a: Smeargle|Spore|p2b: Indeedee
|-status|p2b: Indeedee|slp|[from] move: Spore
|cant|p2b: Indeedee|slp
|move|p1b: Gholdengo|Nasty Plot|p1b: Gholdengo
|-boost|p1b: Gholdengo|spa|2
|
|-ability|p1a: Smeargle|Moody|boost
|-boost|p1a: Smeargle|def|2
|-unboost|p1a: Smeargle|spa|1
|upkeep
|turn|3
|
|t:|1755101761
|move|p2a: Sneasler|Protect|p2a: Sneasler
|-singleturn|p2a: Sneasler|Protect
|move|p1a: Smeargle|Spore|p2a: Sneasler
|-activate|p2a: Sneasler|move: Protect
|cant|p2b: Indeedee|slp
|move|p1b: Gholdengo|Make It Rain|p2a: Sneasler|[spread] p2b
|-activate|p2a: Sneasler|move: Protect
|-damage|p2b: Indeedee|0 fnt
|-unboost|p1b: Gholdengo|spa|1
|faint|p2b: Indeedee
|-damage|p1b: Gholdengo|91/100|[from] item: Life Orb
|
|-ability|p1a: Smeargle|Moody|boost
|-boost|p1a: Smeargle|spa|2
|-unboost|p1a: Smeargle|spd|1
|upkeep
|
|t:|1755101782
|switch|p2b: Tyranitar|Tyranitar, L50, M|100/100
|-weather|Sandstorm|[from] ability: Sand Stream|[of] p2b: Tyranitar
|turn|4
|
|t:|1755101792
|move|p1a: Smeargle|Follow Me|p1a: Smeargle
|-singleturn|p1a: Smeargle|move: Follow Me
|move|p2a: Sneasler|Dire Claw|p1a: Smeargle
|-damage|p1a: Smeargle|0 fnt
|faint|p1a: Smeargle
|move|p1b: Gholdengo|Make It Rain|p2a: Sneasler|[spread] p2a,p2b
|-supereffective|p2b: Tyranitar
|-damage|p2a: Sneasler|15/100
|-damage|p2b: Tyranitar|23/100
|-unboost|p1b: Gholdengo|spa|1
|-damage|p1b: Gholdengo|82/100|[from] item: Life Orb
|move|p2b: Tyranitar|Rock Slide|p1b: Gholdengo|[miss]
|-miss|p2b: Tyranitar|p1b: Gholdengo
|
|-weather|Sandstorm|[upkeep]
|-damage|p2a: Sneasler|9/100|[from] Sandstorm
|-damage|p1b: Gholdengo|76/100|[from] Sandstorm
|upkeep
|
|t:|1755101806
|switch|p1a: Rillaboom|Rillaboom, L50, M|100/100
|-fieldstart|move: Grassy Terrain|[from] ability: Grassy Surge|[of] p1a: Rillaboom
|turn|5
|-message|namboyVGC forfeited.
|
|win|MoltresMania
|raw|MoltresMania's rating: 1241 → 1267(+26 for winning)
|raw|namboyVGC's rating: 1254 → 1228(-26 for losing)
|l|☆namboyVGC
|player|p2|
|j|☆namboyVGC
|player|p2|namboyVGC|pokemonranger-gen4|
