|j|☆25th_mang
|j|☆K0deBeast
|html|25th_mangK0deBeast    
|uhtml|bestof|Game 3 of a best-of-3
|t:|1782359061
|gametype|doubles
|player|p1|25th_mang|ballguy|1147
|player|p2|K0deBeast|hiker|1224
|gen|9
|tier|[Gen 9 Champions] VGC 2026 Reg M-B (Bo3)
|rated|
|rule|Species Clause: Limit one of each Pokémon
|rule|Item Clause: Limit 1 of each item
|clearpoke
|poke|p1|Crabominable, L50, M|
|poke|p1|Farigiraf, L50, M|
|poke|p1|Incineroar, L50, F|
|poke|p1|Archaludon, L50, M|
|poke|p1|Pelipper, L50, F|
|poke|p1|Sinistcha, L50|
|poke|p2|Garchomp, L50, M, shiny|
|poke|p2|Staraptor, L50, F, shiny|
|poke|p2|Whimsicott, L50, F, shiny|
|poke|p2|Rotom-Heat, L50|
|poke|p2|Incineroar, L50, M, shiny|
|poke|p2|Gholdengo, L50|
|teampreview|4
|showteam|p1|Crabominable||Crabominite|HyperCutter|IceHammer,DrainPunch,Protect,ThunderPunch|Brave||M|||50|]Farigiraf||MentalHerb|ArmorTail|TrickRoom,Psychic,HyperVoice,HelpingHand|Relaxed||M|||50|]Incineroar||Charcoal|Intimidate|FakeOut,FlareBlitz,Assurance,Snarl|Adamant||F|||50|]Archaludon||Magnet|Stalwart|ElectroShot,AuraSphere,DracoMeteor,Protect|Quiet||M|||50|]Pelipper||SharpBeak|Drizzle|Hurricane,WeatherBall,WideGuard,Protect|Modest||F|||50|]Sinistcha||SitrusBerry|Hospitality|MatchaGotcha,RagePowder,LifeDew,TrickRoom|Relaxed|||||50|
|showteam|p2|Garchomp||LifeOrb|RoughSkin|Earthquake,Protect,RockSlide,DragonClaw|Adamant||M|||50|]Staraptor||Staraptite|Intimidate|BraveBird,CloseCombat,Roost,Protect|Jolly||F|||50|]Whimsicott||FocusSash|Prankster|Moonblast,Tailwind,Tickle,FakeTears|Timid||F|||50|]Rotom-Heat||ChoiceScarf|Levitate|Discharge,Overheat,ShadowBall,Trick|Modest|||||50|]Incineroar||SitrusBerry|Intimidate|FakeOut,PartingShot,FlareBlitz,DarkestLariat|Impish||M|||50|]Gholdengo||WiseGlasses|GoodasGold|Protect,ShadowBall,MakeItRain,NastyPlot|Modest|||||50|
|inactive|Battle timer is ON: inactive players will automatically lose when time's up. (requested by 25th_mang)
|inactive|25th_mang has 60 seconds left.
|
|t:|1782359113
|teamsize|p1|4
|teamsize|p2|4
|start
|switch|p1a: My1stRoar|Incineroar, L50, F|100/100
|switch|p1b: My1stFlip|Farigiraf, L50, M|100/100
|switch|p2a: Staraptor|Staraptor, L50, F, shiny|100/100
|switch|p2b: Whimsicott|Whimsicott, L50, F, shiny|100/100
|-ability|p2a: Staraptor|Intimidate|boost
|-unboost|p1a: My1stRoar|atk|1
|-unboost|p1b: My1stFlip|atk|1
|-ability|p1a: My1stRoar|Intimidate|boost
|-unboost|p2a: Staraptor|atk|1
|-unboost|p2b: Whimsicott|atk|1
|turn|1
|
|t:|1782359127
|detailschange|p2a: Staraptor|Staraptor-Mega, L50, F, shiny
|-mega|p2a: Staraptor|Staraptor|Staraptite
|move|p1a: My1stRoar|Fake Out|p2a: Staraptor
|-crit|p2a: Staraptor
|-damage|p2a: Staraptor|79/100
|move|p2b: Whimsicott|Fake Tears|p2a: Staraptor
|-boost|p2a: Staraptor|spd|2
|cant|p2a: Staraptor|flinch
|move|p1b: My1stFlip|Trick Room|p1b: My1stFlip
|-fieldstart|move: Trick Room|[of] p1b: My1stFlip
|
|upkeep
|turn|2
|
|t:|1782359141
|move|p2b: Whimsicott|Fake Tears|p2a: Staraptor
|-boost|p2a: Staraptor|spd|2
|move|p1b: My1stFlip|Psychic|p2a: Staraptor
|-supereffective|p2a: Staraptor|1
|-damage|p2a: Staraptor|53/100
|move|p1a: My1stRoar|Flare Blitz|p2a: Staraptor
|-damage|p2a: Staraptor|6/100
|-damage|p1a: My1stRoar|85/100|[from] Recoil
|move|p2a: Staraptor|Roost|p2a: Staraptor
|-heal|p2a: Staraptor|56/100
|-singleturn|p2a: Staraptor|move: Roost
|
|upkeep
|turn|3
|
|t:|1782359159
|move|p1b: My1stFlip|Helping Hand|p1a: My1stRoar
|-singleturn|p1a: My1stRoar|Helping Hand|[of] p1b: My1stFlip
|move|p2a: Staraptor|Protect|p2a: Staraptor
|-singleturn|p2a: Staraptor|Protect
|move|p1a: My1stRoar|Flare Blitz|p2a: Staraptor
|-activate|p2a: Staraptor|move: Protect
|move|p2b: Whimsicott|Moonblast|p1a: My1stRoar
|-damage|p1a: My1stRoar|55/100
|
|upkeep
|turn|4
|
|t:|1782359174
|move|p1b: My1stFlip|Helping Hand|p1a: My1stRoar
|-singleturn|p1a: My1stRoar|Helping Hand|[of] p1b: My1stFlip
|move|p2b: Whimsicott|Tickle|p2a: Staraptor
|-boost|p2a: Staraptor|atk|1
|-boost|p2a: Staraptor|def|1
|move|p1a: My1stRoar|Flare Blitz|p2a: Staraptor
|-damage|p2a: Staraptor|4/100
|-damage|p1a: My1stRoar|40/100|[from] Recoil
|move|p2a: Staraptor|Roost|p2a: Staraptor
|-heal|p2a: Staraptor|54/100
|-singleturn|p2a: Staraptor|move: Roost
|
|upkeep
|turn|5
|inactive|25th_mang has 30 seconds left.
|
|t:|1782359199
|move|p2a: Staraptor|Protect|p2a: Staraptor
|-singleturn|p2a: Staraptor|Protect
|move|p1b: My1stFlip|Hyper Voice|p2a: Staraptor|[spread] p2b
|-activate|p2a: Staraptor|move: Protect
|-damage|p2b: Whimsicott|53/100
|move|p1a: My1stRoar|Flare Blitz|p2b: Whimsicott
|-supereffective|p2b: Whimsicott|1
|-damage|p2b: Whimsicott|0 fnt
|faint|p2b: Whimsicott
|-damage|p1a: My1stRoar|27/100|[from] Recoil
|
|-fieldend|move: Trick Room
|upkeep
|
|t:|1782359212
|switch|p2b: Gholdengo|Gholdengo, L50|100/100
|turn|6
|
|t:|1782359220
|move|p2a: Staraptor|Close Combat|p1b: My1stFlip
|-damage|p1b: My1stFlip|46/100
|-boost|p2a: Staraptor|def|1
|-boost|p2a: Staraptor|spd|1
|move|p2b: Gholdengo|Make It Rain|p1a: My1stRoar|[spread] p1b
|-miss|p2b: Gholdengo|p1a: My1stRoar
|-damage|p1b: My1stFlip|1/100
|-unboost|p2b: Gholdengo|spa|2
|move|p1a: My1stRoar|Flare Blitz|p2b: Gholdengo
|-supereffective|p2b: Gholdengo|1
|-damage|p2b: Gholdengo|10/100
|-damage|p1a: My1stRoar|0 fnt|[from] Recoil
|faint|p1a: My1stRoar
|move|p1b: My1stFlip|Trick Room|p1b: My1stFlip
|-fieldstart|move: Trick Room|[of] p1b: My1stFlip
|
|upkeep
|
|t:|1782359237
|switch|p1a: Doomscroll|Archaludon, L50, M|100/100
|turn|7
|
|t:|1782359249
|switch|p1b: Stup!b|Pelipper, L50, F|100/100
|-weather|RainDance|[from] ability: Drizzle|[of] p1b: Stup!b
|switch|p2b: Incineroar|Incineroar, L50, M, shiny|100/100
|-ability|p2b: Incineroar|Intimidate|boost
|-unboost|p1a: Doomscroll|atk|1
|-unboost|p1b: Stup!b|atk|1
|move|p1a: Doomscroll|Protect|p1a: Doomscroll
|-singleturn|p1a: Doomscroll|Protect
|move|p2a: Staraptor|Protect||[still]
|-fail|p2a: Staraptor
|
|-weather|RainDance|[upkeep]
|upkeep
|turn|8
|
|t:|1782359272
|switch|p1a: My1stFlip|Farigiraf, L50, M|1/100
|move|p2b: Incineroar|Fake Out||[still]
|cant|p1a: My1stFlip|ability: Armor Tail|Fake Out|[of] p2b: Incineroar
|move|p1b: Stup!b|Weather Ball|p2b: Incineroar
|-supereffective|p2b: Incineroar|1
|-damage|p2b: Incineroar|0 fnt
|faint|p2b: Incineroar
|move|p2a: Staraptor|Roost|p2a: Staraptor
|-heal|p2a: Staraptor|100/100
|-singleturn|p2a: Staraptor|move: Roost
|
|-weather|RainDance|[upkeep]
|upkeep
|
|t:|1782359277
|switch|p2b: Gholdengo|Gholdengo, L50|10/100
|turn|9
|
|t:|1782359294
|move|p1a: My1stFlip|Psychic|p2b: Gholdengo
|-resisted|p2b: Gholdengo|1
|-damage|p2b: Gholdengo|0 fnt
|faint|p2b: Gholdengo
|move|p1b: Stup!b|Hurricane|p2a: Staraptor
|-supereffective|p2a: Staraptor|1
|-damage|p2a: Staraptor|59/100
|-start|p2a: Staraptor|confusion
|-activate|p2a: Staraptor|confusion
|move|p2a: Staraptor|Close Combat|p1b: Stup!b
|-resisted|p1b: Stup!b|1
|-damage|p1b: Stup!b|63/100
|-boost|p2a: Staraptor|def|1
|-boost|p2a: Staraptor|spd|1
|
|-weather|RainDance|[upkeep]
|upkeep
|turn|10
|
|t:|1782359307
|-activate|p2a: Staraptor|confusion
|move|p2a: Staraptor|Protect|p2a: Staraptor
|-singleturn|p2a: Staraptor|Protect
|move|p1a: My1stFlip|Psychic|p2a: Staraptor
|-activate|p2a: Staraptor|move: Protect
|move|p1b: Stup!b|Hurricane|p2a: Staraptor
|-activate|p2a: Staraptor|move: Protect
|
|-weather|RainDance|[upkeep]
|-fieldend|move: Trick Room
|upkeep
|turn|11
|
|t:|1782359315
|move|p1a: My1stFlip|Helping Hand|p1b: Stup!b
|-singleturn|p1b: Stup!b|Helping Hand|[of] p1a: My1stFlip
|-activate|p2a: Staraptor|confusion
|move|p2a: Staraptor|Roost|p2a: Staraptor
|-heal|p2a: Staraptor|100/100
|-singleturn|p2a: Staraptor|move: Roost
|move|p1b: Stup!b|Hurricane|p2a: Staraptor
|-supereffective|p2a: Staraptor|1
|-damage|p2a: Staraptor|43/100
|
|-weather|none
|upkeep
|turn|12
|
|t:|1782359329
|move|p1a: My1stFlip|Helping Hand|p1b: Stup!b
|-singleturn|p1b: Stup!b|Helping Hand|[of] p1a: My1stFlip
|-end|p2a: Staraptor|confusion
|move|p2a: Staraptor|Close Combat|p1a: My1stFlip
|-damage|p1a: My1stFlip|0 fnt
|-boost|p2a: Staraptor|def|1
|faint|p1a: My1stFlip
|move|p1b: Stup!b|Hurricane|p2a: Staraptor
|-supereffective|p2a: Staraptor|1
|-damage|p2a: Staraptor|0 fnt
|faint|p2a: Staraptor
|
|win|25th_mang
|raw|25th_mang's rating: 1147 → 1177(+30 for winning)
|raw|K0deBeast's rating: 1224 → 1194(-30 for losing)
|l|☆K0deBeast
|player|p2|
|l|☆25th_mang
|player|p1|
|j|☆25th_mang
|player|p1|25th_mang|ballguy|
