|j|☆Diego Han
|j|☆geardox
|html|Diego Hangeardox    
|uhtml|bestof|Game 1 of a best-of-3
|t:|1756916698
|gametype|doubles
|player|p1|Diego Han|li|1261
|player|p2|geardox|265|1191
|gen|9
|tier|[Gen 9] VGC 2025 Reg H (Bo3)
|rated|
|rule|Species Clause: Limit one of each Pokémon
|rule|Item Clause: Limit 1 of each item
|clearpoke
|poke|p1|Archaludon, L50, M|
|poke|p1|Rillaboom, L50, F|
|poke|p1|Basculegion, L50, M|
|poke|p1|Kingambit, L50, F|
|poke|p1|Pelipper, L50, F|
|poke|p1|Electabuzz, L50, M|
|poke|p2|Sneasler, L50, M|
|poke|p2|Garchomp, L50, M|
|poke|p2|Corviknight, L50, M|
|poke|p2|Archaludon, L50, M|
|poke|p2|Amoonguss, L50, F|
|poke|p2|Incineroar, L50, M|
|teampreview|4
|showteam|p1|Archaludon||AssaultVest|Stamina|ElectroShot,DracoMeteor,FlashCannon,BodyPress|||M|||50|,,,,,Fairy]Rillaboom||LoadedDice|GrassySurge|BulletSeed,GrassyGlide,FakeOut,HighHorsepower|||F|||50|,,,,,Fire]Basculegion||ChoiceBand|SwiftSwim|WaveCrash,LastRespects,FlipTurn,AquaJet|||M|||50|,,,,,Water]Kingambit||BlackGlasses|Defiant|KowtowCleave,SuckerPunch,SwordsDance,Protect|||F|||50|,,,,,Dark]Pelipper||FocusSash|Drizzle|WeatherBall,Hurricane,Tailwind,Protect|||F|||50|,,,,,Ghost]Electabuzz||Eviolite|VitalSpirit|Electroweb,Taunt,FollowMe,Protect|||M|||50|,,,,,Ghost
|showteam|p2|Sneasler||FocusSash|Unburden|DireClaw,CloseCombat,ThroatChop,Coaching|||M|||50|,,,,,Ghost]Garchomp||LifeOrb|RoughSkin|Protect,Earthquake,DragonClaw,StompingTantrum|||M|||50|,,,,,Ground]Corviknight||SitrusBerry|MirrorArmor|BraveBird,Tailwind,Roost,IronHead|||M|||50|,,,,,Fire]Archaludon||PowerHerb|Stamina|Protect,DracoMeteor,FlashCannon,ElectroShot|||M|||50|,,,,,Dragon]Amoonguss||RockyHelmet|Regenerator|ClearSmog,RagePowder,Spore,PollenPuff|||F|||50|,,,,,Water]Incineroar||AssaultVest|Intimidate|KnockOff,FlareBlitz,FakeOut,Uturn|||M|||50|,,,,,Ghost
|inactive|Battle timer is ON: inactive players will automatically lose when time's up. (requested by geardox)
|inactive|Diego Han has 60 seconds left.
|inactive|geardox has 60 seconds left.
|inactive|Diego Han has 30 seconds left.
|inactive|Diego Han has 20 seconds left.
|inactive|Diego Han has 15 seconds left.
|inactive|Diego Han has 10 seconds left.
|inactive|Diego Han has 5 seconds left.
|
|t:|1756916804
|teamsize|p1|4
|teamsize|p2|4
|start
|switch|p1a: Pelipper|Pelipper, L50, F|100/100
|switch|p1b: Basculegion|Basculegion, L50, M|100/100
|switch|p2a: Big Mo|Archaludon, L50, M|100/100
|switch|p2b: Eggman|Corviknight, L50, M, shiny|100/100
|-weather|RainDance|[from] ability: Drizzle|[of] p1a: Pelipper
|turn|1
|inactive|Diego Han has 30 seconds left.
|inactive|Diego Han has 20 seconds left.
|
|t:|1756916844
|switch|p2b: Amoonguss|Amoonguss, L50, F, shiny|100/100
|move|p1b: Basculegion|Flip Turn|p2b: Amoonguss
|-resisted|p2b: Amoonguss
|-damage|p2b: Amoonguss|71/100
|-damage|p1b: Basculegion|84/100|[from] item: Rocky Helmet|[of] p2b: Amoonguss
|
|t:|1756916852
|switch|p1b: Archaludon|Archaludon, L50, M|100/100|[from] Flip Turn
|move|p2a: Big Mo|Electro Shot||[still]
|-prepare|p2a: Big Mo|Electro Shot
|-boost|p2a: Big Mo|spa|1
|-anim|p2a: Big Mo|Electro Shot|p1a: Pelipper
|-supereffective|p1a: Pelipper
|-enditem|p1a: Pelipper|Focus Sash
|-damage|p1a: Pelipper|1/100
|move|p1a: Pelipper|Weather Ball|p2b: Amoonguss
|-resisted|p2b: Amoonguss
|-damage|p2b: Amoonguss|43/100
|
|-weather|RainDance|[upkeep]
|upkeep
|turn|2
|inactive|geardox has 30 seconds left.
|inactive|geardox has 20 seconds left.
|inactive|geardox has 15 seconds left.
|
|t:|1756916896
|switch|p1a: Electabuzz|Electabuzz, L50, M|100/100
|switch|p2b: Eggman|Corviknight, L50, M, shiny|100/100
|move|p2a: Big Mo|Electro Shot||[still]
|-prepare|p2a: Big Mo|Electro Shot
|-boost|p2a: Big Mo|spa|1
|-anim|p2a: Big Mo|Electro Shot|p1a: Electabuzz
|-resisted|p1a: Electabuzz
|-damage|p1a: Electabuzz|65/100
|move|p1b: Archaludon|Draco Meteor|p2b: Eggman
|-resisted|p2b: Eggman
|-damage|p2b: Eggman|79/100
|-unboost|p1b: Archaludon|spa|2
|
|-weather|RainDance|[upkeep]
|upkeep
|turn|3
|inactive|Diego Han has 30 seconds left.
|inactive|geardox has 30 seconds left.
|
|t:|1756916930
|move|p2a: Big Mo|Flash Cannon|p1a: Electabuzz
|-resisted|p1a: Electabuzz
|-damage|p1a: Electabuzz|34/100
|move|p1a: Electabuzz|Taunt|p2b: Eggman
|-start|p2b: Eggman|move: Taunt
|move|p1b: Archaludon|Electro Shot||[still]
|-prepare|p1b: Archaludon|Electro Shot
|-boost|p1b: Archaludon|spa|1
|-anim|p1b: Archaludon|Electro Shot|p2a: Big Mo
|-resisted|p2a: Big Mo
|-damage|p2a: Big Mo|83/100
|-ability|p2a: Big Mo|Stamina|boost
|-boost|p2a: Big Mo|def|1
|cant|p2b: Eggman|move: Taunt|Tailwind
|
|-weather|RainDance|[upkeep]
|upkeep
|turn|4
|
|t:|1756916951
|move|p2a: Big Mo|Electro Shot||[still]
|-prepare|p2a: Big Mo|Electro Shot
|-boost|p2a: Big Mo|spa|1
|-anim|p2a: Big Mo|Electro Shot|p1b: Archaludon
|-resisted|p1b: Archaludon
|-damage|p1b: Archaludon|61/100
|-ability|p1b: Archaludon|Stamina|boost
|-boost|p1b: Archaludon|def|1
|move|p1a: Electabuzz|Electroweb|p2a: Big Mo|[spread] p2a,p2b
|-resisted|p2a: Big Mo
|-supereffective|p2b: Eggman
|-damage|p2a: Big Mo|74/100
|-damage|p2b: Eggman|61/100
|-unboost|p2a: Big Mo|spe|1
|-ability|p2b: Eggman|Mirror Armor
|-unboost|p1a: Electabuzz|spe|1
|-ability|p2a: Big Mo|Stamina|boost
|-boost|p2a: Big Mo|def|1
|move|p1b: Archaludon|Electro Shot||[still]
|-prepare|p1b: Archaludon|Electro Shot
|-boost|p1b: Archaludon|spa|1
|-anim|p1b: Archaludon|Electro Shot|p2b: Eggman
|-supereffective|p2b: Eggman
|-damage|p2b: Eggman|2/100
|-enditem|p2b: Eggman|Sitrus Berry|[eat]
|-heal|p2b: Eggman|27/100|[from] item: Sitrus Berry
|move|p2b: Eggman|Brave Bird|p1a: Electabuzz
|-resisted|p1a: Electabuzz
|-damage|p1a: Electabuzz|19/100
|-damage|p2b: Eggman|23/100|[from] Recoil
|
|-weather|RainDance|[upkeep]
|upkeep
|turn|5
|inactive|geardox has 30 seconds left.
|inactive|geardox has 20 seconds left.
|
|t:|1756916988
|switch|p2b: Stinky Pete|Garchomp, L50, M|100/100
|move|p1a: Electabuzz|Follow Me|p1a: Electabuzz
|-singleturn|p1a: Electabuzz|move: Follow Me
|move|p1b: Archaludon|Electro Shot||[still]
|-prepare|p1b: Archaludon|Electro Shot
|-boost|p1b: Archaludon|spa|1
|-anim|p1b: Archaludon|Electro Shot|p2a: Big Mo
|-resisted|p2a: Big Mo
|-damage|p2a: Big Mo|38/100
|-ability|p2a: Big Mo|Stamina|boost
|-boost|p2a: Big Mo|def|1
|move|p2a: Big Mo|Electro Shot||[still]
|-prepare|p2a: Big Mo|Electro Shot
|-boost|p2a: Big Mo|spa|1
|-anim|p2a: Big Mo|Electro Shot|p1a: Electabuzz
|-resisted|p1a: Electabuzz
|-damage|p1a: Electabuzz|0 fnt
|faint|p1a: Electabuzz
|
|-weather|none
|upkeep
|inactive|Diego Han has 30 seconds left.
|
|t:|1756917015
|switch|p1a: Basculegion|Basculegion, L50, M|84/100
|turn|6
|
|t:|1756917029
|move|p2b: Stinky Pete|Protect|p2b: Stinky Pete
|-singleturn|p2b: Stinky Pete|Protect
|move|p2a: Big Mo|Protect|p2a: Big Mo
|-singleturn|p2a: Big Mo|Protect
|move|p1a: Basculegion|Wave Crash|p2b: Stinky Pete
|-activate|p2b: Stinky Pete|move: Protect
|move|p1b: Archaludon|Draco Meteor|p2a: Big Mo
|-activate|p2a: Big Mo|move: Protect
|
|upkeep
|turn|7
|
|t:|1756917046
|switch|p2b: Amoonguss|Amoonguss, L50, F, shiny|76/100
|-terastallize|p1a: Basculegion|Water
|move|p1b: Archaludon|Draco Meteor|p2a: Big Mo|[miss]
|-miss|p1b: Archaludon|p2a: Big Mo
|move|p1a: Basculegion|Wave Crash|p2b: Amoonguss
|-resisted|p2b: Amoonguss
|-damage|p2b: Amoonguss|23/100
|-damage|p1a: Basculegion|68/100|[from] item: Rocky Helmet|[of] p2b: Amoonguss
|-damage|p1a: Basculegion|48/100|[from] Recoil
|move|p2a: Big Mo|Electro Shot||[still]
|-prepare|p2a: Big Mo|Electro Shot
|-boost|p2a: Big Mo|spa|1
|-enditem|p2a: Big Mo|Power Herb
|-anim|p2a: Big Mo|Electro Shot|p1a: Basculegion
|-supereffective|p1a: Basculegion
|-damage|p1a: Basculegion|0 fnt
|faint|p1a: Basculegion
|
|upkeep
|
|t:|1756917065
|switch|p1a: Pelipper|Pelipper, L50, F|1/100
|-weather|RainDance|[from] ability: Drizzle|[of] p1a: Pelipper
|turn|8
|
|t:|1756917073
|move|p2b: Amoonguss|Rage Powder|p2b: Amoonguss
|-singleturn|p2b: Amoonguss|move: Rage Powder
|move|p1b: Archaludon|Draco Meteor|p2b: Amoonguss|[miss]
|-miss|p1b: Archaludon|p2b: Amoonguss
|move|p1a: Pelipper|Hurricane|p2b: Amoonguss
|-supereffective|p2b: Amoonguss
|-damage|p2b: Amoonguss|0 fnt
|faint|p2b: Amoonguss
|move|p2a: Big Mo|Draco Meteor|p1b: Archaludon
|-damage|p1b: Archaludon|0 fnt
|-unboost|p2a: Big Mo|spa|2
|faint|p1b: Archaludon
|
|-weather|RainDance|[upkeep]
|upkeep
|
|t:|1756917086
|switch|p2b: Stinky Pete|Garchomp, L50, M|100/100
|turn|9
|
|t:|1756917094
|move|p2b: Stinky Pete|Dragon Claw|p1a: Pelipper
|-damage|p1a: Pelipper|0 fnt
|faint|p1a: Pelipper
|-damage|p2b: Stinky Pete|91/100|[from] item: Life Orb
|
|win|geardox
||Diego Han is ready for game 2.
