|j|☆CaratroncoSun
|j|☆JvinsVGC
|html|CaratroncoSunJvinsVGC    
|uhtml|bestof|Game 2 of a best-of-3
|t:|1782400773
|gametype|doubles
|player|p1|CaratroncoSun|juan|1215
|player|p2|JvinsVGC|102|1301
|gen|9
|tier|[Gen 9 Champions] VGC 2026 Reg M-B (Bo3)
|rated|
|rule|Species Clause: Limit one of each Pokémon
|rule|Item Clause: Limit 1 of each item
|clearpoke
|poke|p1|Overqwil, L50, F, shiny|
|poke|p1|Swampert, L50, M|
|poke|p1|Pelipper, L50, F|
|poke|p1|Metagross, L50, shiny|
|poke|p1|Sneasler, L50, F|
|poke|p1|Sinistcha-Masterpiece, L50|
|poke|p2|Staraptor, L50, M|
|poke|p2|Grimmsnarl, L50, M|
|poke|p2|Arcanine-Hisui, L50, M|
|poke|p2|Garchomp, L50, F|
|poke|p2|Gholdengo, L50|
|poke|p2|Maushold-Four, L50|
|teampreview|4
|showteam|p1|Overqwil||LifeOrb|SwiftSwim|Protect,PoisonJab,ThroatChop,Liquidation|Adamant||F|||50|]Swampert||Swampertite|Damp|Protect,WaveCrash,HighHorsepower,IcePunch|Adamant||M|||50|]Pelipper||FocusSash|Drizzle|RainDance,Tailwind,Hurricane,WeatherBall|Modest||F|||50|]Metagross||Metagrossite|ClearBody|Protect,PsychicFangs,IronHead,IcePunch|Jolly|||||50|]Sneasler||WhiteHerb|Unburden|Coaching,FakeOut,DireClaw,CloseCombat|Jolly||F|||50|]Sinistcha-Masterpiece||SitrusBerry|Hospitality|MatchaGotcha,TrickRoom,LifeDew,RagePowder|Bold|||||50|
|showteam|p2|Staraptor||Staraptite|Intimidate|CloseCombat,BraveBird,Tailwind,Roost|Adamant||M|||50|]Grimmsnarl||LightClay|Prankster|LightScreen,Reflect,SpiritBreak,PartingShot|Careful||M|||50|]Arcanine-Hisui||HardStone|RockHead|FlareBlitz,RockSlide,HeadSmash,Protect|Adamant||M|||50|]Garchomp||LifeOrb|RoughSkin|Earthquake,DragonClaw,SwordsDance,Protect|Adamant||F|||50|]Gholdengo||SitrusBerry|GoodasGold|MakeItRain,ShadowBall,NastyPlot,Protect|Modest|||||50|]Maushold-Four||FocusSash|FriendGuard|FollowMe,SuperFang,Charm,Protect|Timid|||||50|
|
|t:|1782400792
|teamsize|p1|4
|teamsize|p2|4
|start
|switch|p1a: Metagross|Metagross, L50, shiny|100/100
|switch|p1b: Sneasler|Sneasler, L50, F|100/100
|switch|p2a: Gholdengo|Gholdengo, L50|100/100
|switch|p2b: Maushold|Maushold-Four, L50|100/100
|turn|1
|
|t:|1782400812
|detailschange|p1a: Metagross|Metagross-Mega, L50, shiny
|-mega|p1a: Metagross|Metagross|Metagrossite
|move|p2b: Maushold|Protect|p2b: Maushold
|-singleturn|p2b: Maushold|Protect
|move|p1b: Sneasler|Coaching|p1a: Metagross
|-boost|p1a: Metagross|atk|1
|-boost|p1a: Metagross|def|1
|move|p1a: Metagross|Psychic Fangs|p2a: Gholdengo
|-resisted|p2a: Gholdengo|1
|-damage|p2a: Gholdengo|70/100
|move|p2a: Gholdengo|Nasty Plot|p2a: Gholdengo
|-boost|p2a: Gholdengo|spa|2
|
|upkeep
|turn|2
|
|t:|1782400829
|move|p1a: Metagross|Protect|p1a: Metagross
|-singleturn|p1a: Metagross|Protect
|move|p2b: Maushold|Follow Me|p2b: Maushold
|-singleturn|p2b: Maushold|move: Follow Me
|move|p1b: Sneasler|Close Combat|p2b: Maushold
|-supereffective|p2b: Maushold|1
|-enditem|p2b: Maushold|Focus Sash
|-damage|p2b: Maushold|1/100
|-unboost|p1b: Sneasler|def|1
|-unboost|p1b: Sneasler|spd|1
|-enditem|p1b: Sneasler|White Herb
|-clearnegativeboost|p1b: Sneasler|[silent]
|move|p2a: Gholdengo|Shadow Ball|p1a: Metagross
|-activate|p1a: Metagross|move: Protect
|
|upkeep
|turn|3
|
|t:|1782400859
|switch|p1a: Pelipper|Pelipper, L50, F|100/100
|-weather|RainDance|[from] ability: Drizzle|[of] p1a: Pelipper
|move|p1b: Sneasler|Dire Claw|p2b: Maushold
|-damage|p2b: Maushold|0 fnt
|faint|p2b: Maushold
|move|p2a: Gholdengo|Shadow Ball|p1a: Pelipper
|-enditem|p1a: Pelipper|Focus Sash
|-damage|p1a: Pelipper|1/100
|
|-weather|RainDance|[upkeep]
|upkeep
|
|t:|1782400873
|switch|p2b: Staraptor|Staraptor, L50, M|100/100
|-ability|p2b: Staraptor|Intimidate|boost
|-unboost|p1a: Pelipper|atk|1
|-unboost|p1b: Sneasler|atk|1
|turn|4
|
|t:|1782400895
|detailschange|p2b: Staraptor|Staraptor-Mega, L50, M
|-mega|p2b: Staraptor|Staraptor|Staraptite
|move|p1b: Sneasler|Dire Claw|p2b: Staraptor
|-damage|p2b: Staraptor|78/100
|move|p2b: Staraptor|Close Combat|p1a: Pelipper
|-resisted|p1a: Pelipper|1
|-damage|p1a: Pelipper|0 fnt
|-boost|p2b: Staraptor|def|1
|-boost|p2b: Staraptor|spd|1
|faint|p1a: Pelipper
|move|p2a: Gholdengo|Shadow Ball|p1b: Sneasler
|-damage|p1b: Sneasler|0 fnt
|faint|p1b: Sneasler
|
|-weather|RainDance|[upkeep]
|upkeep
|
|t:|1782400910
|switch|p1b: Metagross|Metagross-Mega, L50, shiny|100/100
|switch|p1a: Overqwil|Overqwil, L50, F, shiny|100/100
|turn|5
|
|t:|1782400926
|move|p1a: Overqwil|Throat Chop|p2a: Gholdengo
|-supereffective|p2a: Gholdengo|1
|-damage|p2a: Gholdengo|0 fnt
|faint|p2a: Gholdengo
|-damage|p1a: Overqwil|90/100|[from] item: Life Orb
|move|p1b: Metagross|Psychic Fangs|p2b: Staraptor
|-supereffective|p2b: Staraptor|1
|-damage|p2b: Staraptor|15/100
|move|p2b: Staraptor|Close Combat|p1a: Overqwil
|-damage|p1a: Overqwil|20/100r
|-boost|p2b: Staraptor|def|1
|-boost|p2b: Staraptor|spd|1
|
|-weather|RainDance|[upkeep]
|upkeep
|
|t:|1782400944
|switch|p2a: Grimmsnarl|Grimmsnarl, L50, M|100/100
|turn|6
|-message|JvinsVGC forfeited.
|
|win|CaratroncoSun
|raw|CaratroncoSun's rating: 1215 → 1246(+31 for winning)
|raw|JvinsVGC's rating: 1301 → 1276(-25 for losing)
