|j|☆txabo mctxabo
|j|☆snailboss
|html|txabo mctxabosnailboss    
|uhtml|bestof|Game 3 of a best-of-3
|t:|1755364429
|gametype|doubles
|player|p1|txabo mctxabo|102|1242
|player|p2|snailboss|265|1235
|gen|9
|tier|[Gen 9] VGC 2025 Reg H (Bo3)
|rated|
|rule|Species Clause: Limit one of each Pokémon
|rule|Item Clause: Limit 1 of each item
|clearpoke
|poke|p1|Arcanine-Hisui, L50, M|
|poke|p1|Gengar, L50, F|
|poke|p1|Rillaboom, L50, F|
|poke|p1|Hydreigon, L50, F|
|poke|p1|Electabuzz, L50, M|
|poke|p1|Ursaluna-Bloodmoon, L50, M|
|poke|p2|Kingambit, L50, M|
|poke|p2|Zoroark-Hisui, L50, F|
|poke|p2|Rillaboom, L50, M|
|poke|p2|Volcarona, L50, M|
|poke|p2|Tauros-Paldea-Aqua, L50, M|
|poke|p2|Clefable, L50, M|
|teampreview|4
|showteam|p1|Arcanine-Hisui||ChoiceBand|Intimidate|RockSlide,HeadSmash,ExtremeSpeed,FlareBlitz|||M|||50|,,,,,Normal]Gengar||FocusSash|CursedBody|ShadowBall,SludgeBomb,Haze,Protect|||F|||50|,,,,,Dark]Rillaboom||AssaultVest|GrassySurge|FakeOut,GrassyGlide,WoodHammer,Uturn|||F|||50|,,,,,Fire]Hydreigon||SitrusBerry|Levitate|Snarl,Tailwind,DracoMeteor,Protect|||F|||50|,,,,,Fire]Electabuzz||Eviolite|VitalSpirit|FollowMe,Taunt,Electroweb,Protect|||M|||50|,,,,,Ghost]Ursaluna-Bloodmoon||LifeOrb|MindsEye|EarthPower,HyperVoice,BloodMoon,Protect|||M|||50|,,,,,Normal
|showteam|p2|Kingambit||BlackGlasses|Defiant|SuckerPunch,KowtowCleave,SwordsDance,Protect|||M|||50|,,,,,Ghost]Zoroark-Hisui||ChoiceSpecs|Illusion|HyperVoice,ShadowBall,HyperBeam,Flamethrower|||F|||50|,,,,,Normal]Rillaboom||AssaultVest|GrassySurge|FakeOut,GrassyGlide,WoodHammer,HighHorsepower|||M|||50|,,,,,Fire]Volcarona||CovertCloak|FlameBody|QuiverDance,HeatWave,GigaDrain,Protect|||M|||50|,,,,,Grass]Tauros-Paldea-Aqua||GrassySeed|Intimidate|WaveCrash,BodyPress,Protect,AquaJet|||M|||50|,,,,,Fire]Clefable||SafetyGoggles|Unaware|Moonblast,FollowMe,Protect,HelpingHand|||M|||50|,,,,,Ghost
|inactive|Battle timer is ON: inactive players will automatically lose when time's up. (requested by txabo mctxabo)
|inactive|snailboss has 60 seconds left.
|
|t:|1755364461
|teamsize|p1|4
|teamsize|p2|4
|start
|switch|p1a: Gengar|Gengar, L50, F, shiny|100/100
|switch|p1b: Electabuzz|Electabuzz, L50, M|100/100
|switch|p2a: Volcarona|Volcarona, L50, M|100/100
|switch|p2b: Rillaboom|Rillaboom, L50, M|100/100
|-fieldstart|move: Grassy Terrain|[from] ability: Grassy Surge|[of] p2b: Rillaboom
|turn|1
|
|t:|1755364480
|switch|p2b: Kingambit|Kingambit, L50, M|100/100
|-terastallize|p1b: Electabuzz|Ghost
|move|p1a: Gengar|Sludge Bomb|p2b: Kingambit
|-immune|p2b: Kingambit
|move|p1b: Electabuzz|Taunt|p2a: Volcarona
|-start|p2a: Volcarona|move: Taunt
|move|p2a: Volcarona|Heat Wave|p1a: Gengar|[spread] p1a,p1b
|-damage|p1a: Gengar|47/100
|-damage|p1b: Electabuzz|73/100
|
|-heal|p1a: Gengar|53/100|[from] Grassy Terrain
|-heal|p1b: Electabuzz|78/100|[from] Grassy Terrain
|upkeep
|turn|2
|
|t:|1755364500
|move|p1a: Gengar|Sludge Bomb|p2a: Volcarona
|-damage|p2a: Volcarona|61/100
|move|p1b: Electabuzz|Taunt|p2b: Kingambit
|-start|p2b: Kingambit|move: Taunt
|move|p2a: Volcarona|Heat Wave|p1a: Gengar|[spread] p1a,p1b
|-damage|p1a: Gengar|2/100
|-damage|p1b: Electabuzz|50/100
|cant|p2b: Kingambit|move: Taunt|Swords Dance
|
|-heal|p1a: Gengar|8/100|[from] Grassy Terrain
|-heal|p1b: Electabuzz|56/100|[from] Grassy Terrain
|-heal|p2a: Volcarona|66/100|[from] Grassy Terrain
|upkeep
|turn|3
|inactive|snailboss has 30 seconds left.
|
|t:|1755364532
|switch|p2b: Rillaboom|Rillaboom, L50, M|100/100
|move|p1a: Gengar|Protect|p1a: Gengar
|-singleturn|p1a: Gengar|Protect
|move|p1b: Electabuzz|Electroweb|p2a: Volcarona|[spread] p2a,p2b
|-resisted|p2b: Rillaboom
|-damage|p2a: Volcarona|57/100
|-damage|p2b: Rillaboom|96/100
|-unboost|p2b: Rillaboom|spe|1
|move|p2a: Volcarona|Heat Wave|p1a: Gengar|[spread] p1b
|-activate|p1a: Gengar|move: Protect
|-damage|p1b: Electabuzz|28/100
|
|-heal|p1a: Gengar|14/100|[from] Grassy Terrain
|-heal|p1b: Electabuzz|34/100|[from] Grassy Terrain
|-heal|p2a: Volcarona|62/100|[from] Grassy Terrain
|-heal|p2b: Rillaboom|100/100|[from] Grassy Terrain
|-end|p2a: Volcarona|move: Taunt
|upkeep
|turn|4
|
|t:|1755364549
|switch|p1a: Arcanine|Arcanine-Hisui, L50, M|100/100
|-ability|p1a: Arcanine|Intimidate|boost
|-unboost|p2a: Volcarona|atk|1
|-unboost|p2b: Rillaboom|atk|1
|move|p2b: Rillaboom|Grassy Glide|p1a: Arcanine
|-damage|p1a: Arcanine|71/100
|move|p1b: Electabuzz|Taunt|p2a: Volcarona
|-start|p2a: Volcarona|move: Taunt
|cant|p2a: Volcarona|move: Taunt|Quiver Dance
|
|-heal|p1b: Electabuzz|39/100|[from] Grassy Terrain
|-heal|p2a: Volcarona|68/100|[from] Grassy Terrain
|-heal|p1a: Arcanine|77/100|[from] Grassy Terrain
|upkeep
|turn|5
|inactive|snailboss has 30 seconds left.
|inactive|txabo mctxabo has 30 seconds left.
|inactive|snailboss has 20 seconds left.
|
|t:|1755364586
|switch|p2a: Tauros|Tauros-Paldea-Aqua, L50, M|100/100
|-ability|p2a: Tauros|Intimidate|boost
|-unboost|p1a: Arcanine|atk|1
|-unboost|p1b: Electabuzz|atk|1
|-enditem|p2a: Tauros|Grassy Seed
|-boost|p2a: Tauros|def|1|[from] item: Grassy Seed
|-terastallize|p2b: Rillaboom|Fire
|move|p1b: Electabuzz|Follow Me|p1b: Electabuzz
|-singleturn|p1b: Electabuzz|move: Follow Me
|move|p1a: Arcanine|Flare Blitz|p2a: Tauros
|-resisted|p2a: Tauros
|-damage|p2a: Tauros|81/100
|-damage|p1a: Arcanine|71/100|[from] Recoil
|move|p2b: Rillaboom|Wood Hammer|p1b: Electabuzz
|-damage|p1b: Electabuzz|0 fnt
|faint|p1b: Electabuzz
|-damage|p2b: Rillaboom|90/100|[from] Recoil
|
|-heal|p2a: Tauros|87/100|[from] Grassy Terrain
|-heal|p1a: Arcanine|77/100|[from] Grassy Terrain
|-heal|p2b: Rillaboom|96/100|[from] Grassy Terrain
|-fieldend|move: Grassy Terrain
|upkeep
|
|t:|1755364604
|switch|p1b: Ursaluna|Ursaluna-Bloodmoon, L50, M|100/100
|turn|6
|
|t:|1755364612
|switch|p1a: Gengar|Gengar, L50, F, shiny|14/100
|switch|p2b: Volcarona|Volcarona, L50, M|68/100
|move|p2a: Tauros|Protect|p2a: Tauros
|-singleturn|p2a: Tauros|Protect
|move|p1b: Ursaluna|Protect||[still]
|-fail|p1b: Ursaluna
|
|upkeep
|turn|7
|
|t:|1755364623
|switch|p1a: Arcanine|Arcanine-Hisui, L50, M|77/100
|-ability|p1a: Arcanine|Intimidate|boost
|-unboost|p2a: Tauros|atk|1
|-unboost|p2b: Volcarona|atk|1
|move|p2a: Tauros|Aqua Jet|p1a: Arcanine
|-supereffective|p1a: Arcanine
|-damage|p1a: Arcanine|27/100
|move|p2b: Volcarona|Quiver Dance|p2b: Volcarona
|-boost|p2b: Volcarona|spa|1
|-boost|p2b: Volcarona|spd|1
|-boost|p2b: Volcarona|spe|1
|move|p1b: Ursaluna|Hyper Voice|p2a: Tauros|[spread] p2a,p2b
|-damage|p2a: Tauros|4/100
|-damage|p2b: Volcarona|41/100
|-damage|p1b: Ursaluna|91/100|[from] item: Life Orb
|
|upkeep
|turn|8
|
|t:|1755364648
|move|p2a: Tauros|Protect|p2a: Tauros
|-singleturn|p2a: Tauros|Protect
|move|p1a: Arcanine|Extreme Speed|p2b: Volcarona
|-damage|p2b: Volcarona|0 fnt
|faint|p2b: Volcarona
|move|p1b: Ursaluna|Hyper Voice|p2a: Tauros
|-activate|p2a: Tauros|move: Protect
|
|upkeep
|
|t:|1755364653
|switch|p2b: Rillaboom|Rillaboom, L50, M, tera:Fire|96/100
|-fieldstart|move: Grassy Terrain|[from] ability: Grassy Surge|[of] p2b: Rillaboom
|turn|9
|inactive|txabo mctxabo has 30 seconds left.
|
|t:|1755364681
|switch|p1a: Gengar|Gengar, L50, F, shiny|14/100
|move|p2b: Rillaboom|Fake Out|p1a: Gengar
|-immune|p1a: Gengar
|move|p2a: Tauros|Body Press|p1b: Ursaluna
|-supereffective|p1b: Ursaluna
|-damage|p1b: Ursaluna|0 fnt
|faint|p1b: Ursaluna
|
|-heal|p1a: Gengar|20/100|[from] Grassy Terrain
|-heal|p2a: Tauros|10/100|[from] Grassy Terrain
|-heal|p2b: Rillaboom|100/100|[from] Grassy Terrain
|upkeep
|
|t:|1755364690
|switch|p1b: Arcanine|Arcanine-Hisui, L50, M|27/100
|-ability|p1b: Arcanine|Intimidate|boost
|-unboost|p2a: Tauros|atk|1
|-unboost|p2b: Rillaboom|atk|1
|turn|10
|
|t:|1755364697
|move|p2a: Tauros|Protect|p2a: Tauros
|-singleturn|p2a: Tauros|Protect
|move|p2b: Rillaboom|Grassy Glide|p1b: Arcanine
|-damage|p1b: Arcanine|0 fnt
|faint|p1b: Arcanine
|move|p1a: Gengar|Shadow Ball|p2a: Tauros
|-activate|p2a: Tauros|move: Protect
|
|-heal|p1a: Gengar|26/100|[from] Grassy Terrain
|-heal|p2a: Tauros|16/100|[from] Grassy Terrain
|upkeep
|turn|11
|-message|txabo mctxabo forfeited.
|
|win|snailboss
|raw|txabo mctxabo's rating: 1242 → 1216(-26 for losing)
|raw|snailboss's rating: 1235 → 1261(+26 for winning)
