|j|☆Ferran Tiburon
|j|☆v_meili
|html|Ferran Tiburonv_meili    
|uhtml|bestof|Game 1 of a best-of-3
|t:|1783199641
|gametype|doubles
|player|p1|Ferran Tiburon|265|1181
|player|p2|v_meili|elesa|1072
|gen|9
|tier|[Gen 9 Champions] VGC 2026 Reg M-B (Bo3)
|rated|
|rule|Species Clause: Limit one of each Pokémon
|rule|Item Clause: Limit 1 of each item
|clearpoke
|poke|p1|Charizard, L50, M|
|poke|p1|Kingambit, L50, F|
|poke|p1|Sylveon, L50, F|
|poke|p1|Garchomp, L50, M|
|poke|p1|Aerodactyl, L50, M|
|poke|p1|Farigiraf, L50, M|
|poke|p2|Pelipper, L50, F|
|poke|p2|Archaludon, L50, F|
|poke|p2|Basculegion, L50, M|
|poke|p2|Grimmsnarl, L50, M|
|poke|p2|Metagross, L50|
|poke|p2|Scovillain, L50, F|
|teampreview|4
|showteam|p1|Charizard||CharizarditeY|SolarPower|Protect,HeatWave,SolarBeam,WeatherBall|Modest||M|||50|]Kingambit||FocusSash|Defiant|IronHead,SuckerPunch,KowtowCleave,LowKick|Adamant||F|||50|]Sylveon||FairyFeather|Pixilate|Detect,HyperVoice,HyperBeam,QuickAttack|Modest||F|||50|]Garchomp||LifeOrb|RoughSkin|Protect,DragonClaw,Earthquake,StompingTantrum|Jolly||M|||50|]Aerodactyl||Aerodactylite|Unnerve|IceFang,RockSlide,Tailwind,DualWingbeat|Jolly||M|||50|]Farigiraf||SitrusBerry|ArmorTail|TrickRoom,Psychic,Thunderbolt,Roar|Bold||M|||50|
|showteam|p2|Pelipper||FocusSash|Drizzle|WeatherBall,Protect,Tailwind,Hurricane|Timid||F|||50|]Archaludon||Leftovers|Stamina|FlashCannon,DragonPulse,Protect,ElectroShot|Calm||F|||50|]Basculegion||LifeOrb|SwiftSwim|Protect,WaveCrash,AquaJet,LastRespects|Jolly||M|||50|]Grimmsnarl||LightClay|Prankster|Reflect,LightScreen,PartingShot,SpiritBreak|Careful||M|||50|]Metagross||Metagrossite|ClearBody|BulletPunch,RockTomb,BrickBreak,Protect|Jolly|||||50|]Scovillain||Scovillainite|Moody|Protect,RagePowder,GigaDrain,LeechSeed|Bold||F|||50|
|inactive|Battle timer is ON: inactive players will automatically lose when time's up. (requested by Ferran Tiburon)
|
|t:|1783199670
|teamsize|p1|4
|teamsize|p2|4
|start
|switch|p1a: Sylveon|Sylveon, L50, F|100/100
|switch|p1b: Farigiraf|Farigiraf, L50, M|100/100
|switch|p2a: Grimmsnarl|Grimmsnarl, L50, M|100/100
|switch|p2b: Metagross|Metagross, L50|100/100
|turn|1
|inactive|Ferran Tiburon has 30 seconds left.
|inactive|v_meili has 30 seconds left.
|inactive|Ferran Tiburon has 20 seconds left.
|inactive|Ferran Tiburon has 15 seconds left.
|inactive|Ferran Tiburon has 10 seconds left.
|inactive|Ferran Tiburon has 5 seconds left.
|
|t:|1783199725
|detailschange|p2b: Metagross|Metagross-Mega, L50
|-mega|p2b: Metagross|Metagross|Metagrossite
|move|p1a: Sylveon|Detect|p1a: Sylveon
|-singleturn|p1a: Sylveon|Protect
|move|p2a: Grimmsnarl|Light Screen|p2a: Grimmsnarl
|-sidestart|p2: v_meili|move: Light Screen
|move|p2b: Metagross|Brick Break|p1b: Farigiraf
|-damage|p1b: Farigiraf|73/100
|move|p1b: Farigiraf|Trick Room|p1b: Farigiraf
|-fieldstart|move: Trick Room|[of] p1b: Farigiraf
|
|upkeep
|turn|2
|inactive|v_meili has 30 seconds left.
|
|t:|1783199759
|move|p2a: Grimmsnarl|Spirit Break|p1a: Sylveon
|-damage|p1a: Sylveon|65/100
|-unboost|p1a: Sylveon|spa|1
|move|p1b: Farigiraf|Thunderbolt|p2a: Grimmsnarl
|-damage|p2a: Grimmsnarl|86/100
|move|p1a: Sylveon|Hyper Voice|p2b: Metagross|[spread] p2a,p2b
|-supereffective|p2a: Grimmsnarl|1
|-resisted|p2b: Metagross|1
|-damage|p2a: Grimmsnarl|51/100
|-damage|p2b: Metagross|89/100
|move|p2b: Metagross|Brick Break|p1b: Farigiraf
|-damage|p1b: Farigiraf|45/100
|-enditem|p1b: Farigiraf|Sitrus Berry|[eat]
|-heal|p1b: Farigiraf|70/100|[from] item: Sitrus Berry
|
|upkeep
|turn|3
|inactive|Ferran Tiburon has 30 seconds left.
|inactive|v_meili has 30 seconds left.
|
|t:|1783199796
|switch|p1a: Kingambit|Kingambit, L50, F|100/100
|move|p2a: Grimmsnarl|Spirit Break|p1a: Kingambit
|-damage|p1a: Kingambit|72/100
|-unboost|p1a: Kingambit|spa|1
|-ability|p1a: Kingambit|Defiant|boost
|-boost|p1a: Kingambit|atk|2
|move|p2b: Metagross|Rock Tomb|p1b: Farigiraf
|-damage|p1b: Farigiraf|54/100
|-unboost|p1b: Farigiraf|spe|1
|move|p1b: Farigiraf|Roar|p2a: Grimmsnarl
|drag|p2a: Pelipper|Pelipper, L50, F|100/100
|-weather|RainDance|[from] ability: Drizzle|[of] p2a: Pelipper
|
|-weather|RainDance|[upkeep]
|upkeep
|turn|4
|inactive|Ferran Tiburon has 30 seconds left.
|inactive|v_meili has 30 seconds left.
|inactive|v_meili has 20 seconds left.
|
|t:|1783199833
|switch|p2b: Grimmsnarl|Grimmsnarl, L50, M|51/100
|move|p1b: Farigiraf|Thunderbolt|p2a: Pelipper
|-supereffective|p2a: Pelipper|2
|-damage|p2a: Pelipper|1/100
|move|p1a: Kingambit|Kowtow Cleave|p2a: Pelipper
|-damage|p2a: Pelipper|0 fnt
|faint|p2a: Pelipper
|
|-weather|RainDance|[upkeep]
|upkeep
|
|t:|1783199840
|switch|p2a: Metagross|Metagross-Mega, L50|89/100
|turn|5
|inactive|Ferran Tiburon has 30 seconds left.
|inactive|v_meili has 30 seconds left.
|inactive|Ferran Tiburon has 20 seconds left.
|
|t:|1783199878
|move|p2b: Grimmsnarl|Reflect|p2b: Grimmsnarl
|-sidestart|p2: v_meili|Reflect
|move|p1b: Farigiraf|Thunderbolt|p2a: Metagross
|-damage|p2a: Metagross|71/100
|move|p1a: Kingambit|Iron Head|p2b: Grimmsnarl
|-supereffective|p2b: Grimmsnarl|1
|-damage|p2b: Grimmsnarl|0 fnt
|faint|p2b: Grimmsnarl
|move|p2a: Metagross|Brick Break|p1a: Kingambit
|-supereffective|p1a: Kingambit|2
|-damage|p1a: Kingambit|0 fnt
|faint|p1a: Kingambit
|
|-weather|RainDance|[upkeep]
|-fieldend|move: Trick Room
|upkeep
|
|t:|1783199897
|switch|p1a: Charizard|Charizard, L50, M|100/100
|switch|p2b: Basculegion|Basculegion, L50, M|100/100
|turn|6
|inactive|Ferran Tiburon has 30 seconds left.
|inactive|v_meili has 30 seconds left.
|
|t:|1783199930
|detailschange|p1a: Charizard|Charizard-Mega-Y, L50, M
|-mega|p1a: Charizard|Charizard|Charizardite Y
|-weather|SunnyDay|[from] ability: Drought|[of] p1a: Charizard
|move|p2b: Basculegion|Protect|p2b: Basculegion
|-singleturn|p2b: Basculegion|Protect
|move|p2a: Metagross|Rock Tomb|p1a: Charizard
|-supereffective|p1a: Charizard|2
|-damage|p1a: Charizard|12/100
|-unboost|p1a: Charizard|spe|1
|move|p1a: Charizard|Solar Beam||[still]
|-prepare|p1a: Charizard|Solar Beam
|-anim|p1a: Charizard|Solar Beam|p2b: Basculegion
|-activate|p2b: Basculegion|move: Protect
|move|p1b: Farigiraf|Thunderbolt|p2b: Basculegion
|-activate|p2b: Basculegion|move: Protect
|
|-weather|SunnyDay|[upkeep]
|upkeep
|turn|7
|inactive|v_meili has 30 seconds left.
|
|t:|1783199962
|switch|p1a: Sylveon|Sylveon, L50, F|65/100
|move|p2a: Metagross|Rock Tomb|p1a: Sylveon
|-damage|p1a: Sylveon|40/100
|-unboost|p1a: Sylveon|spe|1
|move|p2b: Basculegion|Wave Crash|p1b: Farigiraf
|-damage|p1b: Farigiraf|25/100
|-damage|p2b: Basculegion|89/100|[from] Recoil
|-damage|p2b: Basculegion|79/100|[from] item: Life Orb
|move|p1b: Farigiraf|Thunderbolt|p2b: Basculegion
|-supereffective|p2b: Basculegion|1
|-damage|p2b: Basculegion|47/100
|
|-weather|SunnyDay|[upkeep]
|upkeep
|turn|8
|inactive|Ferran Tiburon has 30 seconds left.
|inactive|Ferran Tiburon has 20 seconds left.
|
|t:|1783200001
|move|p2a: Metagross|Brick Break|p1b: Farigiraf
|-crit|p1b: Farigiraf
|-damage|p1b: Farigiraf|0 fnt
|faint|p1b: Farigiraf
|move|p2b: Basculegion|Last Respects|p1a: Sylveon
|-damage|p1a: Sylveon|0 fnt
|faint|p1a: Sylveon
|-damage|p2b: Basculegion|37/100|[from] item: Life Orb
|
|-weather|SunnyDay|[upkeep]
|-sideend|p2: v_meili|move: Light Screen
|upkeep
|
|t:|1783200004
|switch|p1b: Charizard|Charizard-Mega-Y, L50, M|12/100
|turn|9
|
|t:|1783200015
|move|p2b: Basculegion|Aqua Jet|p1b: Charizard
|-supereffective|p1b: Charizard|1
|-damage|p1b: Charizard|0 fnt
|faint|p1b: Charizard
|-damage|p2b: Basculegion|27/100|[from] item: Life Orb
|
|win|v_meili
||v_meili is ready for game 2.
||Ferran Tiburon is ready for game 2.
|uhtml|next|Next: Game 2 of 3
|l|☆v_meili
|player|p2|
