|j|☆Ng010394
|j|☆CoinsDengoDollar
|html|Ng010394CoinsDengoDollar    
|uhtml|bestof|Game 1 of a best-of-3
|t:|1782471335
|gametype|doubles
|player|p1|Ng010394|265|1024
|player|p2|CoinsDengoDollar|lillie-z|1040
|gen|9
|tier|[Gen 9 Champions] VGC 2026 Reg M-B (Bo3)
|rated|
|rule|Species Clause: Limit one of each Pokémon
|rule|Item Clause: Limit 1 of each item
|clearpoke
|poke|p1|Corviknight, L50, F|
|poke|p1|Raichu, L50, M|
|poke|p1|Primarina, L50, F|
|poke|p1|Dragapult, L50, F|
|poke|p1|Incineroar, L50, M|
|poke|p1|Starmie, L50|
|poke|p2|Charizard, L50, M|
|poke|p2|Whimsicott, L50, M|
|poke|p2|Garchomp, L50, F|
|poke|p2|Basculegion, L50, M|
|poke|p2|Gholdengo, L50|
|poke|p2|Floette-Eternal, L50, F|
|teampreview|4
|showteam|p1|Corviknight||Leftovers|MirrorArmor|Tailwind,BodyPress,IronHead,BulkUp|Impish||F|||50|]Raichu||RaichuniteY|LightningRod|ZapCannon,FocusBlast,FakeOut,Protect|Hasty||M|||50|]Primarina||MysticWater|LiquidVoice|Moonblast,Protect,HyperVoice,EnergyBall|Modest||F|||50|]Dragapult||LifeOrb|ClearBody|DragonDarts,ShadowBall,Flamethrower,Protect|Hasty||F|||50|]Incineroar||SitrusBerry|Intimidate|FakeOut,PartingShot,ThroatChop,FlareBlitz|Careful||M|||50|]Starmie||Starminite|NaturalCure|AquaJet,Waterfall,ZenHeadbutt,IceSpinner|Jolly|||||50|
|showteam|p2|Charizard||CharizarditeY|Blaze|HeatWave,WeatherBall,SolarBeam,Protect|Modest||M|||50|]Whimsicott||FocusSash|Prankster|Moonblast,Tailwind,Encore,Protect|Timid||M|||50|]Garchomp||LifeOrb|RoughSkin|Earthquake,DragonClaw,RockSlide,Protect|Jolly||F|||50|]Basculegion||MysticWater|Adaptability|WaveCrash,LastRespects,AquaJet,Protect|Adamant||M|||50|]Gholdengo||ChoiceScarf|GoodasGold|MakeItRain,ShadowBall,PowerGem,Trick|Timid|||||50|]Floette-Eternal||Floettite|FlowerVeil|DazzlingGleam,Moonblast,LightofRuin,Protect|Timid||F|||50|
|inactive|Battle timer is ON: inactive players will automatically lose when time's up. (requested by Ng010394)
|inactive|CoinsDengoDollar has 60 seconds left.
|inactive|CoinsDengoDollar has 30 seconds left.
|inactive|CoinsDengoDollar has 20 seconds left.
|
|t:|1782471430
|teamsize|p1|4
|teamsize|p2|4
|start
|switch|p1a: Incineroar|Incineroar, L50, M|100/100
|switch|p1b: Starmie|Starmie, L50|100/100
|switch|p2a: Charizard|Charizard, L50, M|100/100
|switch|p2b: Whimsicott|Whimsicott, L50, M|100/100
|-ability|p1a: Incineroar|Intimidate|boost
|-unboost|p2a: Charizard|atk|1
|-unboost|p2b: Whimsicott|atk|1
|turn|1
|
|t:|1782471454
|detailschange|p1b: Starmie|Starmie-Mega, L50
|-mega|p1b: Starmie|Starmie|Starminite
|move|p2b: Whimsicott|Protect|p2b: Whimsicott
|-singleturn|p2b: Whimsicott|Protect
|move|p2a: Charizard|Protect|p2a: Charizard
|-singleturn|p2a: Charizard|Protect
|move|p1a: Incineroar|Fake Out|p2b: Whimsicott
|-activate|p2b: Whimsicott|move: Protect
|move|p1b: Starmie|Waterfall|p2a: Charizard
|-activate|p2a: Charizard|move: Protect
|
|upkeep
|turn|2
|inactive|CoinsDengoDollar has 30 seconds left.
|inactive|CoinsDengoDollar has 20 seconds left.
|inactive|CoinsDengoDollar has 15 seconds left.
|inactive|CoinsDengoDollar has 10 seconds left.
|
|t:|1782471502
|switch|p1b: Dragapult|Dragapult, L50, F|100/100
|detailschange|p2a: Charizard|Charizard-Mega-Y, L50, M
|-mega|p2a: Charizard|Charizard|Charizardite Y
|-weather|SunnyDay|[from] ability: Drought|[of] p2a: Charizard
|move|p2b: Whimsicott|Tailwind|p2b: Whimsicott
|-sidestart|p2: CoinsDengoDollar|move: Tailwind
|move|p2a: Charizard|Solar Beam||[still]
|-prepare|p2a: Charizard|Solar Beam
|-anim|p2a: Charizard|Solar Beam|p1b: Dragapult
|-resisted|p1b: Dragapult|1
|-damage|p1b: Dragapult|70/100
|move|p1a: Incineroar|Parting Shot|p2a: Charizard
|-unboost|p2a: Charizard|atk|1
|-unboost|p2a: Charizard|spa|1
|
|t:|1782471518
|switch|p1a: Starmie|Starmie-Mega, L50|100/100|[from] Parting Shot
|
|-weather|SunnyDay|[upkeep]
|upkeep
|turn|3
|
|t:|1782471530
|switch|p2a: Basculegion|Basculegion, L50, M|100/100
|move|p1a: Starmie|Aqua Jet|p2a: Basculegion
|-resisted|p2a: Basculegion|1
|-damage|p2a: Basculegion|91/100
|move|p2b: Whimsicott|Moonblast|p1b: Dragapult
|-supereffective|p1b: Dragapult|1
|-damage|p1b: Dragapult|0 fnt
|faint|p1b: Dragapult
|
|-weather|SunnyDay|[upkeep]
|upkeep
|
|t:|1782471544
|switch|p1b: Incineroar|Incineroar, L50, M|100/100
|-ability|p1b: Incineroar|Intimidate|boost
|-unboost|p2a: Basculegion|atk|1
|-unboost|p2b: Whimsicott|atk|1
|turn|4
|
|t:|1782471556
|move|p2b: Whimsicott|Encore|p1a: Starmie
|-start|p1a: Starmie|Encore
|move|p1a: Starmie|Aqua Jet|p2a: Basculegion
|-resisted|p2a: Basculegion|1
|-damage|p2a: Basculegion|82/100
|move|p2a: Basculegion|Wave Crash|p1b: Incineroar
|-supereffective|p1b: Incineroar|1
|-damage|p1b: Incineroar|40/100
|-enditem|p1b: Incineroar|Sitrus Berry|[eat]
|-heal|p1b: Incineroar|65/100|[from] item: Sitrus Berry
|-damage|p2a: Basculegion|62/100|[from] Recoil
|move|p1b: Incineroar|Throat Chop|p2a: Basculegion
|-supereffective|p2a: Basculegion|1
|-damage|p2a: Basculegion|0 fnt
|faint|p2a: Basculegion
|
|-weather|SunnyDay|[upkeep]
|upkeep
|
|t:|1782471569
|switch|p2a: Charizard|Charizard-Mega-Y, L50, M|100/100
|turn|5
|
|t:|1782471580
|switch|p1a: Corviknight|Corviknight, L50, F|100/100
|move|p2b: Whimsicott|Moonblast|p1b: Incineroar
|-damage|p1b: Incineroar|38/100
|move|p2a: Charizard|Weather Ball|p1b: Incineroar
|-resisted|p1b: Incineroar|1
|-damage|p1b: Incineroar|11/100
|move|p1b: Incineroar|Parting Shot|p2a: Charizard
|-unboost|p2a: Charizard|atk|1
|-unboost|p2a: Charizard|spa|1
|
|t:|1782471592
|switch|p1b: Starmie|Starmie-Mega, L50|100/100|[from] Parting Shot
|
|-weather|SunnyDay|[upkeep]
|-sideend|p2: CoinsDengoDollar|move: Tailwind
|upkeep
|turn|6
|
|t:|1782471605
|switch|p2a: Garchomp|Garchomp, L50, F|100/100
|move|p2b: Whimsicott|Tailwind|p2b: Whimsicott
|-sidestart|p2: CoinsDengoDollar|move: Tailwind
|move|p1b: Starmie|Ice Spinner|p2b: Whimsicott
|-supereffective|p2b: Whimsicott|1
|-enditem|p2b: Whimsicott|Focus Sash
|-damage|p2b: Whimsicott|1/100
|move|p1a: Corviknight|Iron Head|p2b: Whimsicott
|-supereffective|p2b: Whimsicott|1
|-damage|p2b: Whimsicott|0 fnt
|faint|p2b: Whimsicott
|
|-weather|none
|upkeep
|
|t:|1782471608
|switch|p2b: Charizard|Charizard-Mega-Y, L50, M|100/100
|-weather|SunnyDay|[from] ability: Drought|[of] p2b: Charizard
|turn|7
|inactive|CoinsDengoDollar has 30 seconds left.
|
|t:|1782471635
|switch|p1a: Incineroar|Incineroar, L50, M|11/100
|-ability|p1a: Incineroar|Intimidate|boost
|-unboost|p2a: Garchomp|atk|1
|-unboost|p2b: Charizard|atk|1
|move|p2a: Garchomp|Rock Slide|p1a: Incineroar|[spread] p1a,p1b
|-supereffective|p1a: Incineroar|1
|-damage|p1a: Incineroar|0 fnt
|-damage|p1b: Starmie|80/100
|faint|p1a: Incineroar
|-damage|p2a: Garchomp|90/100|[from] item: Life Orb
|move|p2b: Charizard|Solar Beam||[still]
|-prepare|p2b: Charizard|Solar Beam
|-anim|p2b: Charizard|Solar Beam|p1b: Starmie
|-supereffective|p1b: Starmie|1
|-damage|p1b: Starmie|0 fnt
|faint|p1b: Starmie
|
|-weather|SunnyDay|[upkeep]
|upkeep
|
|t:|1782471654
|switch|p1b: Corviknight|Corviknight, L50, F|100/100
|turn|8
|
|t:|1782471678
|move|p2a: Garchomp|Rock Slide|p1b: Corviknight
|-damage|p1b: Corviknight|83/100
|-damage|p2a: Garchomp|80/100|[from] item: Life Orb
|move|p2b: Charizard|Weather Ball|p1b: Corviknight
|-supereffective|p1b: Corviknight|1
|-damage|p1b: Corviknight|0 fnt
|faint|p1b: Corviknight
|
|win|CoinsDengoDollar
||CoinsDengoDollar is ready for game 2.
||Ng010394 is ready for game 2.
|uhtml|next|Next: Game 2 of 3
