|j|☆Notaplaceofhonor
|j|☆KKirby
|html|NotaplaceofhonorKKirby    
|uhtml|bestof|Game 2 of a best-of-3
|t:|1755576067
|gametype|doubles
|player|p1|Notaplaceofhonor|266|1298
|player|p2|KKirby|2|1227
|gen|9
|tier|[Gen 9] VGC 2025 Reg H (Bo3)
|rated|
|rule|Species Clause: Limit one of each Pokémon
|rule|Item Clause: Limit 1 of each item
|clearpoke
|poke|p1|Tyranitar, L50, M|
|poke|p1|Sneasler, L50, M|
|poke|p1|Gholdengo, L50|
|poke|p1|Talonflame, L50, M|
|poke|p1|Electabuzz, L50, F|
|poke|p1|Rillaboom, L50, F|
|poke|p2|Whimsicott, L50, F|
|poke|p2|Gholdengo, L50|
|poke|p2|Rillaboom, L50, M|
|poke|p2|Arcanine-Hisui, L50, F|
|poke|p2|Ursaluna-Bloodmoon, L50, M|
|poke|p2|Dragapult, L50, M|
|teampreview|4
|showteam|p1|Tyranitar||AssaultVest|SandStream|RockSlide,KnockOff,LowKick,TeraBlast|||M|||50|,,,,,Flying]Sneasler||FocusSash|Unburden|Protect,FakeOut,DireClaw,CloseCombat|||M|||50|,,,,,Stellar]Gholdengo||LifeOrb|GoodasGold|Protect,NastyPlot,MakeItRain,ShadowBall||||||50|,,,,,Water]Talonflame||SharpBeak|GaleWings|Protect,Tailwind,BraveBird,FlareBlitz|||M|||50|,,,,,Flying]Electabuzz||Eviolite|VitalSpirit|Protect,Electroweb,Taunt,FollowMe|||F|||50|,,,,,Ghost]Rillaboom||GrassySeed|GrassySurge|GrassyGlide,WoodHammer,FakeOut,HighHorsepower|||F|||50|,,,,,Fire
|showteam|p2|Whimsicott||CovertCloak|Prankster|Tailwind,LightScreen,Encore,Moonblast|||F|||50|,,,,,Steel]Gholdengo||GrassySeed|GoodasGold|NastyPlot,MakeItRain,ShadowBall,Protect||||||50|,,,,,Water]Rillaboom||AssaultVest|GrassySurge|DrumBeating,GrassyGlide,Uturn,FakeOut|||M|||50|,,,,,Fire]Arcanine-Hisui||SafetyGoggles|RockHead|FlareBlitz,RockSlide,ExtremeSpeed,Protect|||F|||50|,,,,,Fairy]Ursaluna-Bloodmoon||LifeOrb|MindsEye|BloodMoon,HyperVoice,EarthPower,Protect|||M|||50|,,,,,Water]Dragapult||ChoiceBand|ClearBody|DragonDarts,PhantomForce,Outrage,Uturn|||M|||50|,,,,,Dragon
|
|t:|1755576110
|teamsize|p1|4
|teamsize|p2|4
|start
|switch|p1a: Gholdengo|Gholdengo, L50|100/100
|switch|p1b: Talonflame|Talonflame, L50, M|100/100
|switch|p2a: Whimsicott|Whimsicott, L50, F|100/100
|switch|p2b: Gholdengo|Gholdengo, L50|100/100
|turn|1
|
|t:|1755576148
|-terastallize|p2b: Gholdengo|Water
|move|p2a: Whimsicott|Light Screen|p2a: Whimsicott
|-sidestart|p2: KKirby|move: Light Screen
|move|p1b: Talonflame|Brave Bird|p2a: Whimsicott
|-supereffective|p2a: Whimsicott
|-damage|p2a: Whimsicott|0 fnt
|faint|p2a: Whimsicott
|-damage|p1b: Talonflame|65/100|[from] Recoil
|move|p1a: Gholdengo|Nasty Plot|p1a: Gholdengo
|-boost|p1a: Gholdengo|spa|2
|move|p2b: Gholdengo|Nasty Plot|p2b: Gholdengo
|-boost|p2b: Gholdengo|spa|2
|
|upkeep
|
|t:|1755576162
|switch|p2a: Rillaboom|Rillaboom, L50, M|100/100
|-fieldstart|move: Grassy Terrain|[from] ability: Grassy Surge|[of] p2a: Rillaboom
|-enditem|p2b: Gholdengo|Grassy Seed
|-boost|p2b: Gholdengo|def|1|[from] item: Grassy Seed
|turn|2
|
|t:|1755576189
|switch|p1b: Sneasler|Sneasler, L50, M|100/100
|move|p1a: Gholdengo|Protect|p1a: Gholdengo
|-singleturn|p1a: Gholdengo|Protect
|move|p2a: Rillaboom|Fake Out|p1b: Sneasler
|-damage|p1b: Sneasler|82/100
|move|p2b: Gholdengo|Shadow Ball|p1a: Gholdengo
|-activate|p1a: Gholdengo|move: Protect
|
|-heal|p1b: Sneasler|88/100|[from] Grassy Terrain
|upkeep
|turn|3
|
|t:|1755576219
|switch|p2a: Ursaluna|Ursaluna-Bloodmoon, L50, M|100/100
|-terastallize|p1a: Gholdengo|Water
|move|p1b: Sneasler|Dire Claw|p2a: Ursaluna
|-resisted|p2a: Ursaluna
|-damage|p2a: Ursaluna|82/100
|-status|p2a: Ursaluna|psn
|move|p1a: Gholdengo|Make It Rain|p2a: Ursaluna|[spread] p2a,p2b
|-resisted|p2b: Gholdengo
|-damage|p2a: Ursaluna|0 fnt
|-damage|p2b: Gholdengo|57/100
|-unboost|p1a: Gholdengo|spa|1
|faint|p2a: Ursaluna
|-damage|p1a: Gholdengo|91/100|[from] item: Life Orb
|move|p2b: Gholdengo|Shadow Ball|p1a: Gholdengo
|-damage|p1a: Gholdengo|0 fnt
|faint|p1a: Gholdengo
|
|-heal|p1b: Sneasler|93/100|[from] Grassy Terrain
|-heal|p2b: Gholdengo|63/100|[from] Grassy Terrain
|upkeep
|
|t:|1755576238
|switch|p1a: Talonflame|Talonflame, L50, M|65/100
|switch|p2a: Rillaboom|Rillaboom, L50, M|100/100
|turn|4
|
|t:|1755576257
|move|p1b: Sneasler|Protect|p1b: Sneasler
|-singleturn|p1b: Sneasler|Protect
|move|p1a: Talonflame|Protect|p1a: Talonflame
|-singleturn|p1a: Talonflame|Protect
|move|p2a: Rillaboom|Fake Out|p1b: Sneasler
|-activate|p1b: Sneasler|move: Protect
|move|p2b: Gholdengo|Shadow Ball|p1a: Talonflame
|-activate|p1a: Talonflame|move: Protect
|
|-heal|p1b: Sneasler|99/100|[from] Grassy Terrain
|-heal|p2b: Gholdengo|69/100|[from] Grassy Terrain
|upkeep
|turn|5
|
|t:|1755576278
|move|p2a: Rillaboom|Grassy Glide|p1a: Talonflame
|-resisted|p1a: Talonflame
|-damage|p1a: Talonflame|53/100
|move|p1b: Sneasler|Dire Claw|p2b: Gholdengo
|-damage|p2b: Gholdengo|43/100
|move|p1a: Talonflame|Brave Bird|p2b: Gholdengo
|-damage|p2b: Gholdengo|1/100
|-damage|p1a: Talonflame|36/100|[from] Recoil
|move|p2b: Gholdengo|Make It Rain|p1a: Talonflame|[spread] p1a,p1b
|-resisted|p1a: Talonflame
|-damage|p1a: Talonflame|0 fnt
|-damage|p1b: Sneasler|0 fnt
|-unboost|p2b: Gholdengo|spa|1
|faint|p1a: Talonflame
|faint|p1b: Sneasler
|
|-heal|p2b: Gholdengo|7/100|[from] Grassy Terrain
|-sideend|p2: KKirby|move: Light Screen
|upkeep
|
|t:|1755576296
|switch|p1b: Tyranitar|Tyranitar, L50, M|100/100
|-weather|Sandstorm|[from] ability: Sand Stream|[of] p1b: Tyranitar
|turn|6
|
|t:|1755576304
|move|p2a: Rillaboom|Drum Beating|p1b: Tyranitar
|-supereffective|p1b: Tyranitar
|-damage|p1b: Tyranitar|31/100
|-unboost|p1b: Tyranitar|spe|1
|move|p2b: Gholdengo|Make It Rain|p1b: Tyranitar
|-supereffective|p1b: Tyranitar
|-damage|p1b: Tyranitar|0 fnt
|-unboost|p2b: Gholdengo|spa|1
|faint|p1b: Tyranitar
|
|win|KKirby
|raw|Notaplaceofhonor's rating: 1298 → 1268(-30 for losing)
|raw|KKirby's rating: 1227 → 1257(+30 for winning)
|c|☆KKirby|ggwp
|l|☆Notaplaceofhonor
|player|p1|
|j|☆Notaplaceofhonor
|player|p1|Notaplaceofhonor|266|
