|j|☆eres_un_cracki2
|j|☆sorecruiser
|html|eres_un_cracki2sorecruiser    
|uhtml|bestof|Game 1 of a best-of-3
|t:|1756924617
|gametype|doubles
|player|p1|eres_un_cracki2|n|1171
|player|p2|sorecruiser|furisodegirl-black|1131
|gen|9
|tier|[Gen 9] VGC 2025 Reg H (Bo3)
|rated|
|rule|Species Clause: Limit one of each Pokémon
|rule|Item Clause: Limit 1 of each item
|clearpoke
|poke|p1|Charizard, L50, F|
|poke|p1|Torkoal, L50, F|
|poke|p1|Incineroar, L50, M|
|poke|p1|Jumpluff, L50, F|
|poke|p1|Ursaluna, L50, F|
|poke|p1|Dusclops, L50, M|
|poke|p2|Gholdengo, L50|
|poke|p2|Whimsicott, L50, M|
|poke|p2|Sneasler, L50, F|
|poke|p2|Basculegion, L50, M|
|poke|p2|Hydreigon, L50, F|
|poke|p2|Magmar, L50, F|
|teampreview|4
|showteam|p1|Charizard||ChoiceSpecs|SolarPower|HeatWave,Overheat,WeatherBall,AirSlash|||F|||50|,,,,,Ghost]Torkoal||EjectPack|Drought|Eruption,Overheat,HelpingHand,Protect|||F|||50|,,,,,Fire]Incineroar||SafetyGoggles|Intimidate|FlareBlitz,KnockOff,FakeOut,PartingShot|||M|||50|,,,,,Ghost]Jumpluff||CovertCloak|Chlorophyll|SleepPowder,SunnyDay,RagePowder,Tailwind|||F|||50|,,,,,Water]Ursaluna||FlameOrb|Guts|HeadlongRush,Facade,Earthquake,Protect|||F|||50|,,,,,Ghost]Dusclops||Eviolite|Pressure|PainSplit,Haze,WillOWisp,TrickRoom|||M|||50|,,,,,Grass
|showteam|p2|Gholdengo||MetalCoat|GoodasGold|MakeItRain,ShadowBall,NastyPlot,Protect||||||50|,,,,,Steel]Whimsicott||CovertCloak|Prankster|Tailwind,Encore,FakeTears,Moonblast|||M|||50|,,,,,Dark]Sneasler||FocusSash|PoisonTouch|Protect,CloseCombat,DireClaw,ThroatChop|||F|||50|,,,,,Dark]Basculegion||ChoiceScarf|Adaptability|LastRespects,WaveCrash,AquaJet,FlipTurn|||M|||50|,,,,,Ghost]Hydreigon||ChoiceSpecs|Levitate|DarkPulse,DracoMeteor,Snarl,HeatWave|||F|||50|,,,,,Fire]Magmar||Eviolite|VitalSpirit|Protect,FollowMe,HeatWave,Taunt|||F|||50|,,,,,Water
|inactive|Battle timer is ON: inactive players will automatically lose when time's up. (requested by eres_un_cracki2)
|
|t:|1756924655
|teamsize|p1|4
|teamsize|p2|4
|start
|switch|p1a: Incineroar|Incineroar, L50, M|100/100
|switch|p1b: Dusclops|Dusclops, L50, M|100/100
|switch|p2a: Sneasler|Sneasler, L50, F|100/100
|switch|p2b: Magmar|Magmar, L50, F|100/100
|-ability|p1a: Incineroar|Intimidate|boost
|-unboost|p2a: Sneasler|atk|1
|-unboost|p2b: Magmar|atk|1
|-ability|p1b: Dusclops|Pressure
|turn|1
|
|t:|1756924672
|move|p1a: Incineroar|Fake Out|p2b: Magmar
|-damage|p2b: Magmar|91/100
|move|p2a: Sneasler|Dire Claw|p1b: Dusclops
|-resisted|p1b: Dusclops
|-damage|p1b: Dusclops|92/100
|cant|p2b: Magmar|flinch
|move|p1b: Dusclops|Trick Room|p1b: Dusclops
|-fieldstart|move: Trick Room|[of] p1b: Dusclops
|
|upkeep
|turn|2
|
|t:|1756924696
|move|p2b: Magmar|Follow Me|p2b: Magmar
|-singleturn|p2b: Magmar|move: Follow Me
|move|p1b: Dusclops|Will-O-Wisp|p2b: Magmar
|-immune|p2b: Magmar
|move|p1a: Incineroar|Parting Shot|p2b: Magmar
|-unboost|p2b: Magmar|atk|1
|-unboost|p2b: Magmar|spa|1
|
|t:|1756924707
|switch|p1a: Ursaluna|Ursaluna, L50, F|100/100|[from] Parting Shot
|move|p2a: Sneasler|Dire Claw|p1b: Dusclops
|-resisted|p1b: Dusclops
|-damage|p1b: Dusclops|83/100
|
|-status|p1a: Ursaluna|brn|[from] item: Flame Orb
|upkeep
|turn|3
|
|t:|1756924723
|switch|p2a: Hydreigon|Hydreigon, L50, F|100/100
|-terastallize|p1a: Ursaluna|Ghost
|move|p1b: Dusclops|Pain Split|p2a: Hydreigon
|-sethp|p2a: Hydreigon|87/100|[from] move: Pain Split|[silent]
|-sethp|p1b: Dusclops|98/100|[from] move: Pain Split
|move|p1a: Ursaluna|Earthquake|p2a: Hydreigon|[spread] p1b,p2b
|-immune|p2a: Hydreigon|[from] ability: Levitate
|-supereffective|p2b: Magmar
|-damage|p1b: Dusclops|59/100
|-damage|p2b: Magmar|0 fnt
|faint|p2b: Magmar
|
|-damage|p1a: Ursaluna|95/100 brn|[from] brn
|upkeep
|
|t:|1756924735
|switch|p2b: Sneasler|Sneasler, L50, F|100/100
|turn|4
|
|t:|1756924751
|-terastallize|p2a: Hydreigon|Fire
|move|p1b: Dusclops|Will-O-Wisp|p2b: Sneasler
|-status|p2b: Sneasler|brn
|move|p1a: Ursaluna|Facade|p2a: Hydreigon
|-damage|p2a: Hydreigon|0 fnt
|faint|p2a: Hydreigon
|move|p2b: Sneasler|Throat Chop|p1a: Ursaluna
|-supereffective|p1a: Ursaluna
|-damage|p1a: Ursaluna|70/100 brn
|-start|p1a: Ursaluna|Throat Chop|[silent]
|
|-damage|p1a: Ursaluna|64/100 brn|[from] brn
|-damage|p2b: Sneasler|95/100 brn|[from] brn
|upkeep
|
|t:|1756924761
|switch|p2a: Basculegion|Basculegion, L50, M|100/100
|turn|5
|
|t:|1756924780
|move|p2b: Sneasler|Protect|p2b: Sneasler
|-singleturn|p2b: Sneasler|Protect
|move|p1b: Dusclops|Pain Split|p2b: Sneasler
|-activate|p2b: Sneasler|move: Protect
|move|p1a: Ursaluna|Headlong Rush|p2a: Basculegion
|-damage|p2a: Basculegion|0 fnt
|-unboost|p1a: Ursaluna|def|1
|-unboost|p1a: Ursaluna|spd|1
|faint|p2a: Basculegion
|
|-damage|p1a: Ursaluna|58/100 brn|[from] brn
|-damage|p2b: Sneasler|89/100 brn|[from] brn
|-end|p1a: Ursaluna|Throat Chop|[silent]
|-fieldend|move: Trick Room
|upkeep
|turn|6
|c|☆sorecruiser|gg
|-message|sorecruiser forfeited.
|
|win|eres_un_cracki2
