|j|☆caZISA
|j|☆MetaphorCrazyMonk
|html|caZISAMetaphorCrazyMonk    
|uhtml|bestof|Game 2 of a best-of-3
|t:|1782274751
|gametype|doubles
|player|p1|caZISA|red|1320
|player|p2|MetaphorCrazyMonk|expert-gen6|1219
|gen|9
|tier|[Gen 9 Champions] VGC 2026 Reg M-B (Bo3)
|rated|
|rule|Species Clause: Limit one of each Pokémon
|rule|Item Clause: Limit 1 of each item
|clearpoke
|poke|p1|Charizard, L50, F, shiny|
|poke|p1|Floette-Eternal, L50, F|
|poke|p1|Garchomp, L50, M|
|poke|p1|Venusaur, L50, F|
|poke|p1|Incineroar, L50, M|
|poke|p1|Sneasler, L50, M|
|poke|p2|Floette-Eternal, L50, F|
|poke|p2|Sinistcha, L50|
|poke|p2|Incineroar, L50, M|
|poke|p2|Delphox, L50, M|
|poke|p2|Kingambit, L50, M|
|poke|p2|Sneasler, L50, M|
|teampreview|4
|showteam|p1|Charizard||CharizarditeY|Blaze|HeatWave,WeatherBall,AncientPower,Protect|Modest||F|||50|]Floette-Eternal||Floettite|FlowerVeil|DazzlingGleam,DrainingKiss,CalmMind,Protect|Timid||F|||50|]Garchomp||ChoiceScarf|RoughSkin|DragonClaw,RockSlide,Earthquake,StompingTantrum|Adamant||M|||50|]Venusaur||WideLens|Chlorophyll|LeafStorm,SludgeBomb,SleepPowder,Protect|Modest||F|||50|]Incineroar||ChopleBerry|Intimidate|FakeOut,FlareBlitz,ThroatChop,PartingShot|Careful||M|||50|]Sneasler||WhiteHerb|Unburden|FakeOut,DireClaw,CloseCombat,Protect|Jolly||M|||50|
|showteam|p2|Floette-Eternal||Floettite|FlowerVeil|Moonblast,DazzlingGleam,CalmMind,Protect|Modest||F|||50|]Sinistcha||CobaBerry|Hospitality|MatchaGotcha,RagePowder,Protect,TrickRoom|Bold|||||50|]Incineroar||SitrusBerry|Intimidate|FlareBlitz,PartingShot,FakeOut,HelpingHand|Careful||M|||50|]Delphox||Delphoxite|Blaze|HeatWave,Psyshock,NastyPlot,Protect|Timid||M|||50|]Kingambit||BlackGlasses|Defiant|KowtowCleave,SuckerPunch,SwordsDance,Protect|Adamant||M|||50|]Sneasler||FocusSash|Unburden|CloseCombat,DireClaw,FakeOut,QuickGuard|Jolly||M|||50|
|
|t:|1782274785
|teamsize|p1|4
|teamsize|p2|4
|start
|switch|p1a: Sneasler|Sneasler, L50, M|100/100
|switch|p1b: Saphira|Charizard, L50, F, shiny|100/100
|switch|p2a: Delphox|Delphox, L50, M|100/100
|switch|p2b: Vigile|Sneasler, L50, M|100/100
|turn|1
|inactive|Battle timer is ON: inactive players will automatically lose when time's up. (requested by caZISA)
|
|t:|1782274812
|switch|p1b: Tigre Toño|Incineroar, L50, M|100/100
|-ability|p1b: Tigre Toño|Intimidate|boost
|-unboost|p2a: Delphox|atk|1
|-unboost|p2b: Vigile|atk|1
|detailschange|p2a: Delphox|Delphox-Mega, L50, M
|-mega|p2a: Delphox|Delphox|Delphoxite
|move|p1a: Sneasler|Fake Out|p2a: Delphox
|-damage|p2a: Delphox|82/100
|move|p2b: Vigile|Fake Out|p1b: Tigre Toño
|-damage|p1b: Tigre Toño|91/100
|cant|p2a: Delphox|flinch
|
|upkeep
|turn|2
|inactive|MetaphorCrazyMonk has 30 seconds left.
|
|t:|1782274845
|switch|p2b: Il Conto?|Sinistcha, L50|100/100
|-heal|p2a: Delphox|100/100|[from] ability: Hospitality|[of] p2b: Il Conto?
|move|p2a: Delphox|Protect|p2a: Delphox
|-singleturn|p2a: Delphox|Protect
|move|p1b: Tigre Toño|Fake Out|p2a: Delphox
|-activate|p2a: Delphox|move: Protect
|move|p1a: Sneasler|Dire Claw|p2a: Delphox
|-activate|p2a: Delphox|move: Protect
|
|upkeep
|turn|3
|
|t:|1782274859
|switch|p1a: Sharkboy|Garchomp, L50, M|100/100
|move|p2b: Il Conto?|Rage Powder|p2b: Il Conto?
|-singleturn|p2b: Il Conto?|move: Rage Powder
|move|p2a: Delphox|Nasty Plot|p2a: Delphox
|-boost|p2a: Delphox|spa|2
|move|p1b: Tigre Toño|Parting Shot|p2b: Il Conto?
|-unboost|p2b: Il Conto?|atk|1
|-unboost|p2b: Il Conto?|spa|1
|
|t:|1782274863
|switch|p1b: Saphira|Charizard, L50, F, shiny|100/100|[from] Parting Shot
|
|upkeep
|turn|4
|
|t:|1782274872
|switch|p2b: Gradisce|Incineroar, L50, M|100/100
|-ability|p2b: Gradisce|Intimidate|boost
|-unboost|p1a: Sharkboy|atk|1
|-unboost|p1b: Saphira|atk|1
|move|p1a: Sharkboy|Rock Slide|p2a: Delphox|[spread] p2a,p2b
|-supereffective|p2a: Delphox|1
|-supereffective|p2b: Gradisce|1
|-damage|p2a: Delphox|61/100
|-damage|p2b: Gradisce|75/100
|move|p2a: Delphox|Psyshock|p1b: Saphira
|-damage|p1b: Saphira|0 fnt
|faint|p1b: Saphira
|
|upkeep
|
|t:|1782274876
|switch|p1b: Tigre Toño|Incineroar, L50, M|91/100
|-ability|p1b: Tigre Toño|Intimidate|boost
|-unboost|p2a: Delphox|atk|1
|-unboost|p2b: Gradisce|atk|1
|turn|5
|
|t:|1782274884
|switch|p2b: Il Conto?|Sinistcha, L50|100/100
|-heal|p2a: Delphox|86/100|[from] ability: Hospitality|[of] p2b: Il Conto?
|move|p2a: Delphox|Protect|p2a: Delphox
|-singleturn|p2a: Delphox|Protect
|move|p1b: Tigre Toño|Fake Out|p2b: Il Conto?
|-immune|p2b: Il Conto?
|move|p1a: Sharkboy|Rock Slide|p2b: Il Conto?|[spread] p2b
|-activate|p2a: Delphox|move: Protect
|-damage|p2b: Il Conto?|88/100
|
|upkeep
|turn|6
|-message|caZISA forfeited.
|
|win|MetaphorCrazyMonk
|l|☆caZISA
|player|p1|
||caZISA is ready for game 3.
||MetaphorCrazyMonk is ready for game 3.
|uhtml|next|Next: Game 3 of 3
|l|☆MetaphorCrazyMonk
|player|p2|
|j|☆MetaphorCrazyMonk
|player|p2|MetaphorCrazyMonk|expert-gen6|
