|j|☆ctr+alt+sup
|j|☆Spottedwoot
|html|ctr+alt+supSpottedwoot    
|uhtml|bestof|Game 2 of a best-of-3
|t:|1754349509
|gametype|doubles
|player|p1|ctr+alt+sup|169|1165
|player|p2|Spottedwoot|169|1335
|gen|9
|tier|[Gen 9] VGC 2025 Reg H (Bo3)
|rated|
|rule|Species Clause: Limit one of each Pokémon
|rule|Item Clause: Limit 1 of each item
|clearpoke
|poke|p1|Incineroar, L50, F|
|poke|p1|Dragonite, L50, M|
|poke|p1|Amoonguss, L50, F|
|poke|p1|Kingambit, L50, M|
|poke|p1|Ursaluna-Bloodmoon, L50, M|
|poke|p1|Ninetales-Alola, L50, F|
|poke|p2|Kingambit, L50, M|
|poke|p2|Primarina, L50, F|
|poke|p2|Salamence, L50, M|
|poke|p2|Gholdengo, L50|
|poke|p2|Sneasler, L50, F|
|poke|p2|Electabuzz, L50, F|
|teampreview|4
|showteam|p1|Incineroar||SitrusBerry|Intimidate|FlareBlitz,KnockOff,PartingShot,FakeOut|||F|||50|,,,,,Ghost]Dragonite||LoadedDice|Multiscale|Protect,ExtremeSpeed,ScaleShot,Haze|||M|||50|,,,,,Normal]Amoonguss||CovertCloak|Regenerator|Protect,PollenPuff,RagePowder,Spore|||F|||50|,,,,,Water]Kingambit||BlackGlasses|Defiant|Protect,KowtowCleave,SuckerPunch,SwordsDance|||M|||50|,,,,,Dark]Ursaluna-Bloodmoon||AssaultVest|MindsEye|BloodMoon,HyperVoice,EarthPower,VacuumWave|||M|||50|,,,,,Ghost]Ninetales-Alola||FocusSash|SnowWarning|Protect,FreezeDry,Blizzard,Encore|||F|||50|,,,,,Ice
|showteam|p2|Kingambit||BlackGlasses|Defiant|KowtowCleave,Protect,SuckerPunch,SwordsDance|||M|||50|,,,,,Dark]Primarina||ThroatSpray|LiquidVoice|Haze,HyperVoice,Protect,Moonblast|||F|||50|,,,,,Poison]Salamence||LifeOrb|Intimidate|Tailwind,Protect,DracoMeteor,Hurricane|||M|||50|,,,,,Fairy]Gholdengo||ChoiceSpecs|GoodasGold|MakeItRain,Trick,ShadowBall,FocusBlast||||||50|,,,,,Steel]Sneasler||FocusSash|Unburden|FakeOut,Protect,CloseCombat,DireClaw|||F|||50|,,,,,Steel]Electabuzz||Eviolite|VitalSpirit|FollowMe,Thunderbolt,Taunt,Protect|||F|||50|,,,,,Electric
|inactive|Battle timer is ON: inactive players will automatically lose when time's up. (requested by ctr+alt+sup)
|
|t:|1754349517
|teamsize|p1|4
|teamsize|p2|4
|start
|switch|p1a: Kingambit|Kingambit, L50, M|100/100
|switch|p1b: Amoonguss|Amoonguss, L50, F, shiny|100/100
|switch|p2a: Electabuzz|Electabuzz, L50, F|100/100
|switch|p2b: Kingambit|Kingambit, L50, M|100/100
|turn|1
|
|t:|1754349539
|move|p2a: Electabuzz|Follow Me|p2a: Electabuzz
|-singleturn|p2a: Electabuzz|move: Follow Me
|move|p1b: Amoonguss|Rage Powder|p1b: Amoonguss
|-singleturn|p1b: Amoonguss|move: Rage Powder
|move|p1a: Kingambit|Swords Dance|p1a: Kingambit
|-boost|p1a: Kingambit|atk|2
|move|p2b: Kingambit|Swords Dance|p2b: Kingambit
|-boost|p2b: Kingambit|atk|2
|
|upkeep
|turn|2
|
|t:|1754349555
|-terastallize|p1a: Kingambit|Dark
|-terastallize|p2b: Kingambit|Dark
|move|p2a: Electabuzz|Protect|p2a: Electabuzz
|-singleturn|p2a: Electabuzz|Protect
|move|p1b: Amoonguss|Protect|p1b: Amoonguss
|-singleturn|p1b: Amoonguss|Protect
|move|p1a: Kingambit|Kowtow Cleave|p2a: Electabuzz
|-activate|p2a: Electabuzz|move: Protect
|move|p2b: Kingambit|Kowtow Cleave|p1b: Amoonguss
|-activate|p1b: Amoonguss|move: Protect
|
|upkeep
|turn|3
|
|t:|1754349572
|move|p2a: Electabuzz|Thunderbolt|p1a: Kingambit
|-damage|p1a: Kingambit|69/100
|move|p1a: Kingambit|Kowtow Cleave|p2a: Electabuzz
|-damage|p2a: Electabuzz|0 fnt
|faint|p2a: Electabuzz
|move|p2b: Kingambit|Kowtow Cleave|p1b: Amoonguss
|-damage|p1b: Amoonguss|0 fnt
|faint|p1b: Amoonguss
|
|upkeep
|
|t:|1754349582
|switch|p2a: Sneasler|Sneasler, L50, F|100/100
|switch|p1b: Dragonite|Dragonite, L50, M|100/100
|turn|4
|inactive|ctr+alt+sup has 30 seconds left.
|
|t:|1754349613
|move|p1b: Dragonite|Protect|p1b: Dragonite
|-singleturn|p1b: Dragonite|Protect
|move|p2a: Sneasler|Fake Out|p1b: Dragonite
|-activate|p1b: Dragonite|move: Protect
|move|p1a: Kingambit|Kowtow Cleave|p2b: Kingambit
|-resisted|p2b: Kingambit
|-damage|p2b: Kingambit|46/100
|move|p2b: Kingambit|Swords Dance|p2b: Kingambit
|-boost|p2b: Kingambit|atk|2
|
|upkeep
|turn|5
|
|t:|1754349631
|move|p1a: Kingambit|Sucker Punch|p2a: Sneasler
|-resisted|p2a: Sneasler
|-enditem|p2a: Sneasler|Focus Sash
|-damage|p2a: Sneasler|1/100
|move|p2a: Sneasler|Close Combat|p1a: Kingambit
|-supereffective|p1a: Kingambit
|-damage|p1a: Kingambit|0 fnt
|-unboost|p2a: Sneasler|def|1
|-unboost|p2a: Sneasler|spd|1
|faint|p1a: Kingambit
|move|p1b: Dragonite|Scale Shot|p2b: Kingambit
|-damage|p2b: Kingambit|35/100
|-damage|p2b: Kingambit|24/100
|-damage|p2b: Kingambit|14/100
|-damage|p2b: Kingambit|2/100
|-damage|p2b: Kingambit|0 fnt
|faint|p2b: Kingambit
|-hitcount|p2: Kingambit|5
|-unboost|p1b: Dragonite|def|1
|-boost|p1b: Dragonite|spe|1
|
|upkeep
|
|t:|1754349646
|switch|p1a: Incineroar|Incineroar, L50, F|100/100
|switch|p2b: Primarina|Primarina, L50, F|100/100
|-ability|p1a: Incineroar|Intimidate|boost
|-unboost|p2a: Sneasler|atk|1
|-unboost|p2b: Primarina|atk|1
|turn|6
|
|t:|1754349667
|move|p1a: Incineroar|Fake Out|p2b: Primarina
|-damage|p2b: Primarina|86/100
|move|p1b: Dragonite|Extreme Speed|p2a: Sneasler
|-damage|p2a: Sneasler|0 fnt
|faint|p2a: Sneasler
|cant|p2b: Primarina|flinch
|
|upkeep
|turn|7
|
|t:|1754349680
|move|p1b: Dragonite|Extreme Speed|p2b: Primarina
|-damage|p2b: Primarina|46/100
|move|p2b: Primarina|Hyper Voice|p1a: Incineroar|[spread] p1a,p1b
|-supereffective|p1a: Incineroar
|-resisted|p1b: Dragonite
|-damage|p1a: Incineroar|33/100
|-damage|p1b: Dragonite|93/100
|-enditem|p1a: Incineroar|Sitrus Berry|[eat]
|-heal|p1a: Incineroar|58/100|[from] item: Sitrus Berry
|-enditem|p2b: Primarina|Throat Spray
|-boost|p2b: Primarina|spa|1|[from] item: Throat Spray
|move|p1a: Incineroar|Knock Off|p2b: Primarina
|-resisted|p2b: Primarina
|-damage|p2b: Primarina|29/100
|
|upkeep
|turn|8
|-message|Spottedwoot forfeited.
|
|win|ctr+alt+sup
|raw|ctr+alt+sup's rating: 1165 → 1201(+36 for winning)
|raw|Spottedwoot's rating: 1335 → 1306(-29 for losing)
|l|☆Spottedwoot
|player|p2|
