|j|☆chawieeee
|j|☆JuanGuerrero09
|html|chawieeeeJuanGuerrero09    
|uhtml|bestof|Game 3 of a best-of-3
|t:|1756903637
|gametype|doubles
|player|p1|chawieeee|102|1093
|player|p2|JuanGuerrero09|1|1088
|gen|9
|tier|[Gen 9] VGC 2025 Reg H (Bo3)
|rated|
|rule|Species Clause: Limit one of each Pokémon
|rule|Item Clause: Limit 1 of each item
|clearpoke
|poke|p1|Tinkaton, L50, F|
|poke|p1|Ursaluna-Bloodmoon, L50, M|
|poke|p1|Rillaboom, L50, M|
|poke|p1|Incineroar, L50, M|
|poke|p1|Sneasler, L50, F|
|poke|p1|Basculegion, L50, M|
|poke|p2|Sneasler, L50, M|
|poke|p2|Indeedee, L50, M|
|poke|p2|Tyranitar, L50, M|
|poke|p2|Excadrill, L50, M|
|poke|p2|Gholdengo, L50|
|poke|p2|Incineroar, L50, M|
|teampreview|4
|showteam|p1|Tinkaton||WideLens|MoldBreaker|FakeOut,ThunderWave,Encore,PlayRough|||F|||50|,,,,,Grass]Ursaluna-Bloodmoon||LifeOrb|MindsEye|BloodMoon,EarthPower,HyperVoice,Protect|||M|||50|,,,,,Ghost]Rillaboom||AssaultVest|GrassySurge|FakeOut,Uturn,WoodHammer,GrassyGlide|||M|||50|,,,,,Fire]Incineroar||SafetyGoggles|Intimidate|FakeOut,PartingShot,KnockOff,FlareBlitz|||M|||50|,,,,,Bug]Sneasler||FocusSash|Unburden|CloseCombat,DireClaw,SwordsDance,Protect|||F|||50|,,,,,Stellar]Basculegion||ChoiceScarf|Adaptability|WaveCrash,FlipTurn,LastRespects,AquaJet|||M|||50|,,,,,Water
|showteam|p2|Sneasler||WhiteHerb|Unburden|CloseCombat,DireClaw,FakeOut,Protect|||M|||50|,,,,,Dark]Indeedee||ChoiceScarf|PsychicSurge|ExpandingForce,TeraBlast,Trick,Protect|||M|||50|,,,,,Fire]Tyranitar||AssaultVest|SandStream|RockSlide,KnockOff,TeraBlast,LowKick|||M|||50|,,,,,Flying]Excadrill||FocusSash|SandRush|HighHorsepower,Earthquake,IronHead,Protect|||M|||50|,,,,,Ground]Gholdengo||MetalCoat|GoodasGold|ShadowBall,Protect,MakeItRain,NastyPlot||||||50|,,,,,Water]Incineroar||SafetyGoggles|Intimidate|FakeOut,KnockOff,FlareBlitz,PartingShot|||M|||50|,,,,,Ghost
|inactive|Battle timer is ON: inactive players will automatically lose when time's up. (requested by chawieeee)
|inactive|JuanGuerrero09 has 60 seconds left.
|
|t:|1756903680
|teamsize|p1|4
|teamsize|p2|4
|start
|switch|p1a: Basculegion|Basculegion, L50, M|100/100
|switch|p1b: Tinkaton|Tinkaton, L50, F|100/100
|switch|p2a: Tyranitar|Tyranitar, L50, M|100/100
|switch|p2b: Excadrill|Excadrill, L50, M|100/100
|-ability|p1b: Tinkaton|Mold Breaker
|-weather|Sandstorm|[from] ability: Sand Stream|[of] p2a: Tyranitar
|turn|1
|
|t:|1756903700
|-terastallize|p2a: Tyranitar|Flying
|move|p1b: Tinkaton|Fake Out|p2b: Excadrill
|-resisted|p2b: Excadrill
|-damage|p2b: Excadrill|96/100
|cant|p2b: Excadrill|flinch
|move|p1a: Basculegion|Flip Turn|p2a: Tyranitar
|-damage|p2a: Tyranitar|69/100
|
|t:|1756903707
|switch|p1a: Incineroar|Incineroar, L50, M|100/100|[from] Flip Turn
|-ability|p1a: Incineroar|Intimidate|boost
|-unboost|p2a: Tyranitar|atk|1
|-unboost|p2b: Excadrill|atk|1
|move|p2a: Tyranitar|Knock Off|p1a: Incineroar
|-resisted|p1a: Incineroar
|-damage|p1a: Incineroar|86/100
|-enditem|p1a: Incineroar|Safety Goggles|[from] move: Knock Off|[of] p2a: Tyranitar
|
|-weather|Sandstorm|[upkeep]
|-damage|p1a: Incineroar|80/100|[from] Sandstorm
|-damage|p2a: Tyranitar|63/100|[from] Sandstorm
|upkeep
|turn|2
|j| Trestkon
|inactive|chawieeee has 30 seconds left.
|inactive|chawieeee has 20 seconds left.
|inactive|chawieeee has 15 seconds left.
|inactive|chawieeee has 10 seconds left.
|inactive|JuanGuerrero09 has 30 seconds left.
|
|t:|1756903758
|switch|p1b: Ursaluna|Ursaluna-Bloodmoon, L50, M|100/100
|switch|p2a: Incineroar|Incineroar, L50, M|100/100
|-ability|p2a: Incineroar|Intimidate|boost
|-unboost|p1a: Incineroar|atk|1
|-unboost|p1b: Ursaluna|atk|1
|-terastallize|p1a: Incineroar|Bug
|move|p2b: Excadrill|Protect|p2b: Excadrill
|-singleturn|p2b: Excadrill|Protect
|move|p1a: Incineroar|Parting Shot|p2b: Excadrill
|-activate|p2b: Excadrill|move: Protect
|
|-weather|Sandstorm|[upkeep]
|-damage|p1a: Incineroar|74/100|[from] Sandstorm
|upkeep
|turn|3
|inactive|chawieeee has 30 seconds left.
|inactive|JuanGuerrero09 has 30 seconds left.
|
|t:|1756903789
|switch|p2b: Tyranitar|Tyranitar, L50, M, tera:Flying|63/100
|move|p1b: Ursaluna|Earth Power|p2b: Tyranitar
|-immune|p2b: Tyranitar
|move|p2a: Incineroar|Flare Blitz|p1a: Incineroar
|-supereffective|p1a: Incineroar
|-damage|p1a: Incineroar|0 fnt
|faint|p1a: Incineroar
|-damage|p2a: Incineroar|76/100|[from] Recoil
|
|-weather|Sandstorm|[upkeep]
|-damage|p2b: Tyranitar|57/100|[from] Sandstorm
|upkeep
|
|t:|1756903801
|switch|p1a: Basculegion|Basculegion, L50, M|100/100
|turn|4
|inactive|chawieeee has 30 seconds left.
|inactive|JuanGuerrero09 has 30 seconds left.
|
|t:|1756903828
|switch|p2a: Excadrill|Excadrill, L50, M|96/100
|move|p1a: Basculegion|Flip Turn|p2a: Excadrill
|-supereffective|p2a: Excadrill
|-damage|p2a: Excadrill|0 fnt
|faint|p2a: Excadrill
|
|t:|1756903834
|switch|p1a: Tinkaton|Tinkaton, L50, F|100/100|[from] Flip Turn
|-ability|p1a: Tinkaton|Mold Breaker
|move|p1b: Ursaluna|Blood Moon|p2b: Tyranitar
|-damage|p2b: Tyranitar|0 fnt
|faint|p2b: Tyranitar
|-damage|p1b: Ursaluna|91/100|[from] item: Life Orb
|
|-weather|Sandstorm|[upkeep]
|upkeep
|
|t:|1756903846
|switch|p2a: Incineroar|Incineroar, L50, M|76/100
|switch|p2b: Gholdengo|Gholdengo, L50|100/100
|-ability|p2a: Incineroar|Intimidate|boost
|-unboost|p1a: Tinkaton|atk|1
|-unboost|p1b: Ursaluna|atk|1
|turn|5
|inactive|JuanGuerrero09 has 30 seconds left.
|inactive|chawieeee has 30 seconds left.
|
|t:|1756903886
|move|p2b: Gholdengo|Protect|p2b: Gholdengo
|-singleturn|p2b: Gholdengo|Protect
|move|p1a: Tinkaton|Thunder Wave|p2b: Gholdengo
|-activate|p2b: Gholdengo|move: Protect
|move|p1b: Ursaluna|Earth Power|p2b: Gholdengo
|-activate|p2b: Gholdengo|move: Protect
|move|p2a: Incineroar|Parting Shot|p1b: Ursaluna
|-unboost|p1b: Ursaluna|atk|1
|-unboost|p1b: Ursaluna|spa|1
|
|-weather|none
|upkeep
|turn|6
|inactive|JuanGuerrero09 has 30 seconds left.
|inactive|JuanGuerrero09 has 20 seconds left.
|inactive|JuanGuerrero09 has 15 seconds left.
|inactive|JuanGuerrero09 has 10 seconds left.
|
|t:|1756903933
|move|p1a: Tinkaton|Encore|p2b: Gholdengo
|-start|p2b: Gholdengo|Encore
|move|p2b: Gholdengo|Protect||[still]
|-fail|p2b: Gholdengo
|move|p1b: Ursaluna|Earth Power|p2a: Incineroar
|-supereffective|p2a: Incineroar
|-damage|p2a: Incineroar|0 fnt
|faint|p2a: Incineroar
|-damage|p1b: Ursaluna|81/100|[from] item: Life Orb
|
|upkeep
|turn|7
|-message|JuanGuerrero09 forfeited.
|raw|chawieeee's rating: 1093 → 1119(+26 for winning)
|raw|JuanGuerrero09's rating: 1088 → 1065(-23 for losing)
|
|win|chawieeee
