|j|☆ikeer.ros
|j|☆helio list
|html|ikeer.roshelio list    
|uhtml|bestof|Game 2 of a best-of-3
|t:|1756055848
|gametype|doubles
|player|p1|ikeer.ros|brawly|1206
|player|p2|helio list|pokemonbreederf|1331
|gen|9
|tier|[Gen 9] VGC 2025 Reg H (Bo3)
|rated|
|rule|Species Clause: Limit one of each Pokémon
|rule|Item Clause: Limit 1 of each item
|clearpoke
|poke|p1|Kilowattrel, L50, F|
|poke|p1|Gholdengo, L50|
|poke|p1|Ursaluna, L50, M|
|poke|p1|Incineroar, L50, M|
|poke|p1|Dragonite, L50, M|
|poke|p1|Electabuzz, L50, M|
|poke|p2|Rillaboom, L50, F|
|poke|p2|Sneasler, L50, F|
|poke|p2|Gholdengo, L50|
|poke|p2|Tatsugiri, L50, M|
|poke|p2|Dondozo, L50, F|
|poke|p2|Glimmora, L50, M|
|teampreview|4
|showteam|p1|Kilowattrel||FocusSash|Competitive|Tailwind,Protect,Thunderbolt,AirSlash|||F|||50|,,,,,Ghost]Gholdengo||LifeOrb|GoodasGold|NastyPlot,Protect,ShadowBall,MakeItRain||||||50|,,,,,Dragon]Ursaluna||FlameOrb|Guts|Earthquake,Protect,Facade,HeadlongRush|||M|||50|,,,,,Ghost]Incineroar||RockyHelmet|Intimidate|PartingShot,FlareBlitz,KnockOff,FakeOut|||M|||50|,,,,,Bug]Dragonite||LoadedDice|Multiscale|ScaleShot,Tailwind,Haze,Protect|||M|||50|,,,,,Fairy]Electabuzz||Eviolite|VitalSpirit|Electroweb,Taunt,FollowMe,Protect|||M|||50|,,,,,Dragon
|showteam|p2|Rillaboom||AssaultVest|GrassySurge|FakeOut,WoodHammer,GrassyGlide,HighHorsepower|||F|||50|,,,,,Water]Sneasler||GrassySeed|Unburden|ThroatChop,DireClaw,CloseCombat,Protect|||F|||50|,,,,,Dark]Gholdengo||LifeOrb|GoodasGold|MakeItRain,ShadowBall,NastyPlot,Protect||||||50|,,,,,Water]Tatsugiri||ChoiceScarf|Commander|MuddyWater,IcyWind,DracoMeteor,DragonPulse|||M|||50|,,,,,Ghost]Dondozo||Leftovers|Unaware|OrderUp,Protect,Yawn,WaveCrash|||F|||50|,,,,,Steel]Glimmora||PowerHerb|ToxicDebris|MeteorBeam,SludgeBomb,EarthPower,SpikyShield|||M|||50|,,,,,Grass
|inactive|Battle timer is ON: inactive players will automatically lose when time's up. (requested by helio list)
|
|t:|1756055878
|teamsize|p1|4
|teamsize|p2|4
|start
|switch|p1a: podemos|Incineroar, L50, M, shiny|100/100
|switch|p1b: Psoe|Gholdengo, L50|100/100
|switch|p2a: Glimmora|Glimmora, L50, M|100/100
|switch|p2b: Dondozo|Dondozo, L50, F|100/100
|-ability|p1a: podemos|Intimidate|boost
|-unboost|p2a: Glimmora|atk|1
|-unboost|p2b: Dondozo|atk|1
|turn|1
|
|t:|1756055898
|move|p1a: podemos|Fake Out|p2a: Glimmora
|-resisted|p2a: Glimmora
|-damage|p2a: Glimmora|93/100
|-activate|p2a: Glimmora|ability: Toxic Debris
|-sidestart|p1: ikeer.ros|move: Toxic Spikes
|cant|p2a: Glimmora|flinch
|move|p1b: Psoe|Make It Rain|p2b: Dondozo|[spread] p2a,p2b
|-supereffective|p2a: Glimmora
|-resisted|p2b: Dondozo
|-damage|p2a: Glimmora|0 fnt
|-damage|p2b: Dondozo|71/100
|-unboost|p1b: Psoe|spa|1
|faint|p2a: Glimmora
|-damage|p1b: Psoe|91/100|[from] item: Life Orb
|move|p2b: Dondozo|Wave Crash|p1b: Psoe
|-damage|p1b: Psoe|57/100
|-damage|p2b: Dondozo|63/100|[from] Recoil
|
|-heal|p2b: Dondozo|69/100|[from] item: Leftovers
|upkeep
|
|t:|1756055910
|switch|p2a: Rillaboom|Rillaboom, L50, F|100/100
|-fieldstart|move: Grassy Terrain|[from] ability: Grassy Surge|[of] p2a: Rillaboom
|turn|2
|
|t:|1756055922
|switch|p1a: PP|Kilowattrel, L50, F, shiny|100/100
|move|p1b: Psoe|Nasty Plot|p1b: Psoe
|-boost|p1b: Psoe|spa|2
|move|p2a: Rillaboom|High Horsepower|p1b: Psoe
|-supereffective|p1b: Psoe
|-damage|p1b: Psoe|0 fnt
|faint|p1b: Psoe
|move|p2b: Dondozo|Yawn|p1a: PP
|-start|p1a: PP|move: Yawn|[of] p2b: Dondozo
|
|-heal|p2b: Dondozo|75/100|[from] Grassy Terrain
|-heal|p2b: Dondozo|82/100|[from] item: Leftovers
|upkeep
|
|t:|1756055939
|switch|p1b: Vox|Dragonite, L50, M, shiny|100/100
|turn|3
|
|t:|1756055955
|switch|p1a: podemos|Incineroar, L50, M, shiny|100/100
|-status|p1a: podemos|psn
|-ability|p1a: podemos|Intimidate|boost
|-unboost|p2a: Rillaboom|atk|1
|-unboost|p2b: Dondozo|atk|1
|-terastallize|p2b: Dondozo|Steel
|move|p1b: Vox|Scale Shot|p2b: Dondozo
|-resisted|p2b: Dondozo
|-damage|p2b: Dondozo|77/100
|-resisted|p2b: Dondozo
|-damage|p2b: Dondozo|72/100
|-resisted|p2b: Dondozo
|-damage|p2b: Dondozo|67/100
|-resisted|p2b: Dondozo
|-damage|p2b: Dondozo|62/100
|-resisted|p2b: Dondozo
|-damage|p2b: Dondozo|57/100
|-hitcount|p2b: Dondozo|5
|-unboost|p1b: Vox|def|1
|-boost|p1b: Vox|spe|1
|move|p2a: Rillaboom|High Horsepower|p1a: podemos
|-supereffective|p1a: podemos
|-damage|p1a: podemos|62/100 psn
|-damage|p2a: Rillaboom|84/100|[from] item: Rocky Helmet|[of] p1a: podemos
|move|p2b: Dondozo|Yawn|p1b: Vox
|-start|p1b: Vox|move: Yawn|[of] p2b: Dondozo
|
|-heal|p2a: Rillaboom|90/100|[from] Grassy Terrain
|-heal|p1a: podemos|68/100 psn|[from] Grassy Terrain
|-heal|p2b: Dondozo|63/100|[from] Grassy Terrain
|-heal|p2b: Dondozo|70/100|[from] item: Leftovers
|-damage|p1a: podemos|56/100 psn|[from] psn
|upkeep
|turn|4
|inactive|ikeer.ros has 30 seconds left.
|inactive|ikeer.ros has 20 seconds left.
|inactive|ikeer.ros has 15 seconds left.
|
|t:|1756056002
|switch|p2b: Sneasler|Sneasler, L50, F|100/100
|-enditem|p2b: Sneasler|Grassy Seed
|-boost|p2b: Sneasler|def|1|[from] item: Grassy Seed
|-terastallize|p1b: Vox|Fairy
|move|p1b: Vox|Scale Shot|p2a: Rillaboom
|-damage|p2a: Rillaboom|76/100
|-damage|p2a: Rillaboom|60/100
|-damage|p2a: Rillaboom|45/100
|-damage|p2a: Rillaboom|29/100
|-hitcount|p2a: Rillaboom|4
|-unboost|p1b: Vox|def|1
|-boost|p1b: Vox|spe|1
|move|p2a: Rillaboom|Wood Hammer|p1b: Vox
|-damage|p1b: Vox|42/100
|-damage|p2a: Rillaboom|13/100|[from] Recoil
|move|p1a: podemos|Flare Blitz|p2b: Sneasler
|-damage|p2b: Sneasler|44/100
|-damage|p1a: podemos|41/100 psn|[from] Recoil
|
|-heal|p2b: Sneasler|50/100|[from] Grassy Terrain
|-heal|p1b: Vox|48/100|[from] Grassy Terrain
|-heal|p2a: Rillaboom|19/100|[from] Grassy Terrain
|-heal|p1a: podemos|47/100 psn|[from] Grassy Terrain
|-damage|p1a: podemos|35/100 psn|[from] psn
|-end|p1b: Vox|move: Yawn|[silent]
|-status|p1b: Vox|slp
|upkeep
|turn|5
|inactive|ikeer.ros has 30 seconds left.
|
|t:|1756056035
|switch|p1a: PP|Kilowattrel, L50, F, shiny|100/100
|move|p2b: Sneasler|Dire Claw|p1b: Vox
|-supereffective|p1b: Vox
|-damage|p1b: Vox|0 fnt
|faint|p1b: Vox
|move|p2a: Rillaboom|High Horsepower|p1a: PP
|-immune|p1a: PP
|
|-heal|p2b: Sneasler|56/100|[from] Grassy Terrain
|-heal|p2a: Rillaboom|25/100|[from] Grassy Terrain
|upkeep
|
|t:|1756056043
|switch|p1b: podemos|Incineroar, L50, M, shiny|35/100 psn
|-ability|p1b: podemos|Intimidate|boost
|-unboost|p2a: Rillaboom|atk|1
|-unboost|p2b: Sneasler|atk|1
|turn|6
|
|t:|1756056057
|move|p2b: Sneasler|Protect|p2b: Sneasler
|-singleturn|p2b: Sneasler|Protect
|move|p2a: Rillaboom|Grassy Glide|p1a: PP
|-resisted|p1a: PP
|-damage|p1a: PP|83/100
|move|p1a: PP|Tailwind|p1a: PP
|-sidestart|p1: ikeer.ros|move: Tailwind
|move|p1b: podemos|Knock Off|p2a: Rillaboom
|-damage|p2a: Rillaboom|0 fnt
|-enditem|p2a: Rillaboom|Assault Vest|[from] move: Knock Off|[of] p1b: podemos
|faint|p2a: Rillaboom
|
|-heal|p2b: Sneasler|62/100|[from] Grassy Terrain
|-heal|p1b: podemos|41/100 psn|[from] Grassy Terrain
|-damage|p1b: podemos|29/100 psn|[from] psn
|-fieldend|move: Grassy Terrain
|upkeep
|
|t:|1756056066
|switch|p2a: Dondozo|Dondozo, L50, F, tera:Steel|70/100
|turn|7
|
|t:|1756056081
|move|p1a: PP|Air Slash|p2b: Sneasler
|-supereffective|p2b: Sneasler
|-damage|p2b: Sneasler|0 fnt
|faint|p2b: Sneasler
|move|p1b: podemos|Flare Blitz|p2a: Dondozo
|-supereffective|p2a: Dondozo
|-damage|p2a: Dondozo|1/100
|-damage|p1b: podemos|2/100 psn|[from] Recoil
|move|p2a: Dondozo|Yawn|p1a: PP
|-start|p1a: PP|move: Yawn|[of] p2a: Dondozo
|
|-heal|p2a: Dondozo|8/100|[from] item: Leftovers
|-damage|p1b: podemos|0 fnt|[from] psn
|faint|p1b: podemos
|upkeep
|turn|8
|
|t:|1756056098
|move|p2a: Dondozo|Protect|p2a: Dondozo
|-singleturn|p2a: Dondozo|Protect
|move|p1a: PP|Thunderbolt|p2a: Dondozo
|-activate|p2a: Dondozo|move: Protect
|
|-heal|p2a: Dondozo|14/100|[from] item: Leftovers
|-end|p1a: PP|move: Yawn|[silent]
|-status|p1a: PP|slp
|upkeep
|turn|9
|
|t:|1756056101
|cant|p1a: PP|slp
|move|p2a: Dondozo|Order Up|p1a: PP
|-damage|p1a: PP|38/100 slp
|
|-heal|p2a: Dondozo|20/100|[from] item: Leftovers
|-sideend|p1: ikeer.ros|move: Tailwind
|upkeep
|turn|10
|
|t:|1756056107
|-curestatus|p1a: PP|slp|[msg]
|move|p1a: PP|Thunderbolt|p2a: Dondozo
|-damage|p2a: Dondozo|0 fnt
|faint|p2a: Dondozo
|
|win|ikeer.ros
|raw|ikeer.ros's rating: 1206 → 1240(+34 for winning)
|raw|helio list's rating: 1331 → 1304(-27 for losing)
|l|☆helio list
|player|p2|
