|j|☆Ribombees believer
|j|☆SnorlaxPikachu1
|html|Ribombees believerSnorlaxPikachu1    
|uhtml|bestof|Game 2 of a best-of-3
|t:|1756675216
|gametype|doubles
|player|p1|Ribombees believer|skier|1317
|player|p2|SnorlaxPikachu1|palmer|1376
|gen|9
|tier|[Gen 9] VGC 2025 Reg H (Bo3)
|rated|
|rule|Species Clause: Limit one of each Pokémon
|rule|Item Clause: Limit 1 of each item
|clearpoke
|poke|p1|Dondozo, L50, M|
|poke|p1|Tatsugiri, L50, F|
|poke|p1|Indeedee, L50, M|
|poke|p1|Dragapult, L50, M|
|poke|p1|Ribombee, L50, M|
|poke|p1|Gholdengo, L50|
|poke|p2|Kingambit, L50, F|
|poke|p2|Rillaboom, L50, F|
|poke|p2|Ninetales-Alola, L50, F|
|poke|p2|Magmar, L50, M|
|poke|p2|Sneasler, L50, F|
|poke|p2|Basculegion, L50, M|
|teampreview|4
|showteam|p1|Dondozo||Leftovers|Unaware|WaveCrash,Earthquake,OrderUp,Protect|||M|||50|,,,,,Grass]Tatsugiri||ChoiceScarf|Commander|MuddyWater,DracoMeteor,DragonPulse,TeraBlast|||F|||50|,,,,,Fairy]Indeedee||FocusSash|PsychicSurge|ExpandingForce,TeraBlast,HyperVoice,Protect|||M|||50|,,,,,Fighting]Dragapult||ChoiceBand|ClearBody|DragonDarts,Outrage,PhantomForce,Uturn|||M|||50|,,,,,Dragon]Ribombee||ChoiceSpecs|ShieldDust|Moonblast,PollenPuff,DazzlingGleam,TeraBlast|||M|||50|,,,,,Ground]Gholdengo||LifeOrb|GoodasGold|MakeItRain,ShadowBall,Thunderbolt,Protect||||||50|,,,,,Water
|showteam|p2|Kingambit||BlackGlasses|Defiant|SuckerPunch,KowtowCleave,SwordsDance,Protect|||F|||50|,,,,,Fire]Rillaboom||AssaultVest|GrassySurge|WoodHammer,GrassyGlide,Uturn,FakeOut|||F|||50|,,,,,Ghost]Ninetales-Alola||LifeOrb|SnowWarning|Blizzard,FreezeDry,Encore,Protect|||F|||50|,,,,,Ice]Magmar||Eviolite|VitalSpirit|HeatWave,WillOWisp,FollowMe,Protect|||M|||50|,,,,,Ghost]Sneasler||FocusSash|PoisonTouch|DireClaw,CloseCombat,FakeOut,Protect|||F|||50|,,,,,Ghost]Basculegion||ChoiceScarf|Adaptability|TeraBlast,LastRespects,WaveCrash,FlipTurn|||M|||50|,,,,,Fighting
|inactive|Battle timer is ON: inactive players will automatically lose when time's up. (requested by Ribombees believer)
|inactive|SnorlaxPikachu1 has 60 seconds left.
|
|t:|1756675258
|teamsize|p1|4
|teamsize|p2|4
|start
|switch|p1a: ilaunchmybro|Dragapult, L50, M|100/100
|switch|p1b: Main Character|Ribombee, L50, M|100/100
|switch|p2a: Kingambit|Kingambit, L50, F|100/100
|switch|p2b: Sneasler|Sneasler, L50, F|100/100
|turn|1
|inactive|Ribombees believer has 30 seconds left.
|
|t:|1756675287
|-terastallize|p1a: ilaunchmybro|Dragon
|move|p2b: Sneasler|Fake Out|p1a: ilaunchmybro
|-damage|p1a: ilaunchmybro|82/100
|-status|p1a: ilaunchmybro|psn|[from] ability: Poison Touch|[of] p2b: Sneasler
|move|p2a: Kingambit|Sucker Punch|p1a: ilaunchmybro
|-damage|p1a: ilaunchmybro|12/100 psn
|cant|p1a: ilaunchmybro|flinch
|move|p1b: Main Character|Dazzling Gleam|p2b: Sneasler|[spread] p2a,p2b
|-damage|p2a: Kingambit|59/100
|-damage|p2b: Sneasler|49/100
|
|-damage|p1a: ilaunchmybro|0 fnt|[from] psn
|faint|p1a: ilaunchmybro
|upkeep
|
|t:|1756675306
|switch|p1a: Big Back|Dondozo, L50, M|100/100
|turn|2
|
|t:|1756675319
|move|p2a: Kingambit|Protect|p2a: Kingambit
|-singleturn|p2a: Kingambit|Protect
|move|p1b: Main Character|Dazzling Gleam|p2a: Kingambit|[spread] p2b
|-activate|p2a: Kingambit|move: Protect
|-damage|p2b: Sneasler|0 fnt
|faint|p2b: Sneasler
|move|p1a: Big Back|Wave Crash|p2a: Kingambit
|-activate|p2a: Kingambit|move: Protect
|
|upkeep
|
|t:|1756675335
|switch|p2b: Rillaboom|Rillaboom, L50, F|100/100
|-fieldstart|move: Grassy Terrain|[from] ability: Grassy Surge|[of] p2b: Rillaboom
|turn|3
|
|t:|1756675349
|switch|p2a: Ninetales|Ninetales-Alola, L50, F|100/100
|-weather|Snowscape|[from] ability: Snow Warning|[of] p2a: Ninetales
|move|p1a: Big Back|Protect|p1a: Big Back
|-singleturn|p1a: Big Back|Protect
|move|p1b: Main Character|Dazzling Gleam|p2a: Ninetales|[spread] p2a,p2b
|-damage|p2a: Ninetales|52/100
|-damage|p2b: Rillaboom|74/100
|move|p2b: Rillaboom|Wood Hammer|p1a: Big Back
|-activate|p1a: Big Back|move: Protect
|
|-weather|Snowscape|[upkeep]
|-heal|p2a: Ninetales|58/100|[from] Grassy Terrain
|-heal|p2b: Rillaboom|80/100|[from] Grassy Terrain
|upkeep
|turn|4
|inactive|Ribombees believer has 30 seconds left.
|
|t:|1756675380
|switch|p1b: Alaskan Roll|Tatsugiri, L50, F|100/100
|-activate|p1b: Alaskan Roll|ability: Commander|[of] p1a: Big Back
|-boost|p1a: Big Back|atk|2
|-boost|p1a: Big Back|spa|2
|-boost|p1a: Big Back|spe|2
|-boost|p1a: Big Back|def|2
|-boost|p1a: Big Back|spd|2
|-terastallize|p2a: Ninetales|Ice
|move|p1a: Big Back|Wave Crash|p2a: Ninetales
|-damage|p2a: Ninetales|0 fnt
|faint|p2a: Ninetales
|-damage|p1a: Big Back|88/100|[from] Recoil
|move|p2b: Rillaboom|Wood Hammer|p1a: Big Back
|-supereffective|p1a: Big Back
|-damage|p1a: Big Back|38/100
|-damage|p2b: Rillaboom|61/100|[from] Recoil
|
|-weather|Snowscape|[upkeep]
|-heal|p1a: Big Back|44/100|[from] Grassy Terrain
|-heal|p1a: Big Back|50/100|[from] item: Leftovers
|-heal|p2b: Rillaboom|67/100|[from] Grassy Terrain
|upkeep
|
|t:|1756675397
|switch|p2a: Kingambit|Kingambit, L50, F|59/100
|turn|5
|
|t:|1756675407
|move|p1a: Big Back|Protect|p1a: Big Back
|-singleturn|p1a: Big Back|Protect
|move|p2b: Rillaboom|Grassy Glide|p1a: Big Back
|-activate|p1a: Big Back|move: Protect
|move|p2a: Kingambit|Sucker Punch||[still]
|-fail|p2a: Kingambit
|
|-weather|Snowscape|[upkeep]
|-heal|p1a: Big Back|56/100|[from] Grassy Terrain
|-heal|p1a: Big Back|62/100|[from] item: Leftovers
|-heal|p2b: Rillaboom|73/100|[from] Grassy Terrain
|-heal|p2a: Kingambit|66/100|[from] Grassy Terrain
|upkeep
|turn|6
|
|t:|1756675421
|move|p2b: Rillaboom|Grassy Glide|p1a: Big Back
|-supereffective|p1a: Big Back
|-damage|p1a: Big Back|35/100
|move|p2a: Kingambit|Sucker Punch|p1a: Big Back
|-damage|p1a: Big Back|17/100
|move|p1a: Big Back|Wave Crash|p2a: Kingambit
|-damage|p2a: Kingambit|0 fnt
|faint|p2a: Kingambit
|-damage|p1a: Big Back|0 fnt|[from] Recoil
|faint|p1a: Big Back
|
|-weather|Snowscape|[upkeep]
|-heal|p2b: Rillaboom|79/100|[from] Grassy Terrain
|upkeep
|
|t:|1756675428
|switch|p1a: Main Character|Ribombee, L50, M|100/100
|turn|7
|
|t:|1756675434
|move|p2b: Rillaboom|Grassy Glide|p1b: Alaskan Roll
|-damage|p1b: Alaskan Roll|32/100
|move|p1b: Alaskan Roll|Dragon Pulse|p2b: Rillaboom
|-damage|p2b: Rillaboom|49/100
|move|p1a: Main Character|Pollen Puff|p2b: Rillaboom
|-supereffective|p2b: Rillaboom
|-damage|p2b: Rillaboom|0 fnt
|faint|p2b: Rillaboom
|
|win|Ribombees believer
|raw|Ribombees believer's rating: 1317 → 1340(+23 for winning)
|raw|SnorlaxPikachu1's rating: 1376 → 1353(-23 for losing)
|c|☆SnorlaxPikachu1|ggwp
|l|☆SnorlaxPikachu1
|player|p2|
|c|☆Ribombees believer|ggs
