|j|☆annoptan
|j|☆bobak dotto
|html|annoptanbobak dotto    
|uhtml|bestof|Game 2 of a best-of-3
|t:|1784889787
|gametype|doubles
|player|p1|annoptan|2|1157
|player|p2|bobak dotto|265|1138
|gen|9
|tier|[Gen 9 Champions] VGC 2026 Reg M-B (Bo3)
|rated|
|rule|Species Clause: Limit one of each Pokémon
|rule|Item Clause: Limit 1 of each item
|clearpoke
|poke|p1|Gengar, L50, F|
|poke|p1|Archaludon, L50, M|
|poke|p1|Politoed, L50, F|
|poke|p1|Swampert, L50, F|
|poke|p1|Vivillon-Fancy, L50, M|
|poke|p1|Incineroar, L50, F|
|poke|p2|Froslass, L50, F|
|poke|p2|Talonflame, L50, M|
|poke|p2|Pyroar, L50, F|
|poke|p2|Garchomp, L50, F|
|poke|p2|Annihilape, L50, F|
|poke|p2|Maushold-Four, L50|
|teampreview|4
|showteam|p1|Gengar||Gengarite|CursedBody|ShadowBall,SludgeBomb,PerishSong,Protect|Modest||F|||50|]Archaludon||Leftovers|Stamina|ElectroShot,DragonPulse,FlashCannon,Protect|Bold||M|||50|]Politoed||SitrusBerry|Drizzle|WeatherBall,Hypnosis,PerishSong,Protect|Calm||F|||50|]Swampert||Swampertite|Torrent|Earthquake,WaveCrash,IcePunch,Protect|Adamant||F|||50|]Vivillon-Fancy||FocusSash|CompoundEyes|Hurricane,SleepPowder,RagePowder,Protect|Timid||M|||50|]Incineroar||PasshoBerry|Intimidate|ThroatChop,FakeOut,PartingShot,Protect|Impish||F|||50|
|showteam|p2|Froslass||Froslassite|SnowCloak|Blizzard,ShadowBall,AuroraVeil,Protect|Timid||F|||50|]Talonflame||SharpBeak|GaleWings|DualWingbeat,Taunt,Tailwind,QuickGuard|Jolly||M|||50|]Pyroar||Pyroarite|Unnerve|HeatWave,Overheat,Yawn,Protect|Modest||F|||50|]Garchomp||LifeOrb|RoughSkin|Earthquake,DragonClaw,RockSlide,Protect|Jolly||F|||50|]Annihilape||FocusSash|Defiant|CloseCombat,RageFist,Taunt,Protect|Jolly||F|||50|]Maushold-Four||ChopleBerry|FriendGuard|BeatUp,SuperFang,Feint,FollowMe|Jolly|||||50|
|inactive|Battle timer is ON: inactive players will automatically lose when time's up. (requested by annoptan)
|
|t:|1784889825
|teamsize|p1|4
|teamsize|p2|4
|start
|switch|p1a: Swampert|Swampert, L50, F|100/100
|switch|p1b: Incineroar|Incineroar, L50, F|100/100
|switch|p2a: Garchomp|Garchomp, L50, F|100/100
|switch|p2b: Talonflame|Talonflame, L50, M|100/100
|-ability|p1b: Incineroar|Intimidate|boost
|-unboost|p2a: Garchomp|atk|1
|-unboost|p2b: Talonflame|atk|1
|turn|1
|inactive|annoptan has 30 seconds left.
|
|t:|1784889853
|detailschange|p1a: Swampert|Swampert-Mega, L50, F
|-mega|p1a: Swampert|Swampert|Swampertite
|move|p2b: Talonflame|Quick Guard|p2b: Talonflame
|-singleturn|p2b: Talonflame|Quick Guard
|move|p1b: Incineroar|Fake Out|p2b: Talonflame
|-activate|p2b: Talonflame|move: Quick Guard
|move|p2a: Garchomp|Earthquake|p1b: Incineroar|[spread] p1a,p1b
|-immune|p2b: Talonflame
|-crit|p1a: Swampert
|-supereffective|p1b: Incineroar|1
|-damage|p1a: Swampert|28/100
|-damage|p1b: Incineroar|40/100
|-damage|p2a: Garchomp|90/100|[from] item: Life Orb
|move|p1a: Swampert|Wave Crash|p2b: Talonflame
|-supereffective|p2b: Talonflame|1
|-damage|p2b: Talonflame|0 fnt
|faint|p2b: Talonflame
|-damage|p1a: Swampert|0 fnt|[from] Recoil
|faint|p1a: Swampert
|
|upkeep
|
|t:|1784889876
|switch|p2b: Annihilape|Annihilape, L50, F|100/100
|switch|p1a: Archaludon|Archaludon, L50, M|100/100
|turn|2
|inactive|bobak dotto has 30 seconds left.
|
|t:|1784889904
|move|p1b: Incineroar|Protect|p1b: Incineroar
|-singleturn|p1b: Incineroar|Protect
|move|p2a: Garchomp|Dragon Claw|p1b: Incineroar
|-activate|p1b: Incineroar|move: Protect
|move|p2b: Annihilape|Close Combat|p1b: Incineroar
|-activate|p1b: Incineroar|move: Protect
|move|p1a: Archaludon|Dragon Pulse|p2a: Garchomp
|-supereffective|p2a: Garchomp|1
|-damage|p2a: Garchomp|12/100
|
|upkeep
|turn|3
|
|t:|1784889926
|move|p2a: Garchomp|Dragon Claw|p1b: Incineroar
|-damage|p1b: Incineroar|12/100
|-damage|p2a: Garchomp|2/100|[from] item: Life Orb
|move|p2b: Annihilape|Close Combat|p1b: Incineroar
|-supereffective|p1b: Incineroar|1
|-damage|p1b: Incineroar|0 fnt
|-unboost|p2b: Annihilape|def|1
|-unboost|p2b: Annihilape|spd|1
|faint|p1b: Incineroar
|move|p1a: Archaludon|Flash Cannon|p2a: Garchomp
|-damage|p2a: Garchomp|0 fnt
|faint|p2a: Garchomp
|
|upkeep
|
|t:|1784889939
|switch|p2a: Froslass|Froslass, L50, F|100/100
|switch|p1b: Politoed|Politoed, L50, F|100/100
|-weather|RainDance|[from] ability: Drizzle|[of] p1b: Politoed
|turn|4
|
|t:|1784889960
|detailschange|p2a: Froslass|Froslass-Mega, L50, F
|-mega|p2a: Froslass|Froslass|Froslassite
|-weather|Snowscape|[from] ability: Snow Warning|[of] p2a: Froslass
|move|p1a: Archaludon|Protect|p1a: Archaludon
|-singleturn|p1a: Archaludon|Protect
|move|p2a: Froslass|Blizzard|p1b: Politoed|[spread] p1b
|-activate|p1a: Archaludon|move: Protect
|-resisted|p1b: Politoed|1
|-damage|p1b: Politoed|82/100
|-status|p1b: Politoed|frz
|move|p2b: Annihilape|Taunt|p1b: Politoed
|-start|p1b: Politoed|move: Taunt
|cant|p1b: Politoed|frz
|
|-weather|Snowscape|[upkeep]
|upkeep
|turn|5
|
|t:|1784889982
|move|p2a: Froslass|Aurora Veil|p2a: Froslass
|-sidestart|p2: bobak dotto|move: Aurora Veil
|move|p2b: Annihilape|Close Combat|p1a: Archaludon
|-supereffective|p1a: Archaludon|1
|-damage|p1a: Archaludon|22/100
|-unboost|p2b: Annihilape|def|1
|-unboost|p2b: Annihilape|spd|1
|-ability|p1a: Archaludon|Stamina|boost
|-boost|p1a: Archaludon|def|1
|move|p1a: Archaludon|Flash Cannon|p2a: Froslass
|-supereffective|p2a: Froslass|1
|-damage|p2a: Froslass|44/100
|cant|p1b: Politoed|frz
|
|-weather|Snowscape|[upkeep]
|-heal|p1a: Archaludon|28/100|[from] item: Leftovers
|upkeep
|turn|6
|
|t:|1784890001
|move|p1a: Archaludon|Protect|p1a: Archaludon
|-singleturn|p1a: Archaludon|Protect
|move|p2a: Froslass|Shadow Ball|p1b: Politoed
|-damage|p1b: Politoed|50/100g frz
|move|p2b: Annihilape|Rage Fist|p1b: Politoed
|-crit|p1b: Politoed
|-damage|p1b: Politoed|16/100 frz
|-enditem|p1b: Politoed|Sitrus Berry|[eat]
|-heal|p1b: Politoed|41/100 frz|[from] item: Sitrus Berry
|-curestatus|p1b: Politoed|frz|[msg]
|move|p1b: Politoed|Weather Ball|p2b: Annihilape
|-damage|p2b: Annihilape|70/100
|
|-weather|Snowscape|[upkeep]
|-heal|p1a: Archaludon|35/100|[from] item: Leftovers
|-end|p1b: Politoed|move: Taunt
|upkeep
|turn|7
|
|t:|1784890023
|move|p1a: Archaludon|Protect||[still]
|-fail|p1a: Archaludon
|move|p2a: Froslass|Shadow Ball|p1b: Politoed
|-damage|p1b: Politoed|5/100
|move|p2b: Annihilape|Close Combat|p1a: Archaludon
|-supereffective|p1a: Archaludon|1
|-damage|p1a: Archaludon|0 fnt
|-unboost|p2b: Annihilape|def|1
|-unboost|p2b: Annihilape|spd|1
|faint|p1a: Archaludon
|move|p1b: Politoed|Hypnosis|p2a: Froslass|[miss]
|-miss|p1b: Politoed|p2a: Froslass
|
|-weather|Snowscape|[upkeep]
|upkeep
|turn|8
|
|t:|1784890038
|move|p2a: Froslass|Shadow Ball|p1b: Politoed
|-damage|p1b: Politoed|0 fnt
|faint|p1b: Politoed
|
|win|bobak dotto
||bobak dotto is ready for game 3.
||annoptan is ready for game 3.
|uhtml|next|Next: Game 3 of 3
