|j|☆YungDungBeetle
|j|☆Frakub
|html|YungDungBeetleFrakub    
|uhtml|bestof|Game 3 of a best-of-3
|t:|1757855005
|gametype|doubles
|player|p1|YungDungBeetle|n|1151
|player|p2|Frakub|acetrainer-gen4dp|1106
|gen|9
|tier|[Gen 9] VGC 2025 Reg H (Bo3)
|rated|
|rule|Species Clause: Limit one of each Pokémon
|rule|Item Clause: Limit 1 of each item
|clearpoke
|poke|p1|Annihilape, L50, F|
|poke|p1|Baxcalibur, L50, M|
|poke|p1|Rillaboom, L50, F|
|poke|p1|Volcarona, L50, M|
|poke|p1|Kingambit, L50, F|
|poke|p1|Dondozo, L50, M|
|poke|p2|Kingambit, L50, F|
|poke|p2|Primarina, L50, F|
|poke|p2|Sneasler, L50, F|
|poke|p2|Magmar, L50, M|
|poke|p2|Rillaboom, L50, F|
|poke|p2|Dragapult, L50, M|
|teampreview|4
|showteam|p1|Annihilape||FocusSash|Defiant|CloseCombat,RageFist,Coaching,FinalGambit|||F|||50|,,,,,Grass]Baxcalibur||LoadedDice|ThermalExchange|Protect,IceShard,ScaleShot,IcicleSpear|||M|||50|,,,,,Ghost]Rillaboom||AssaultVest|GrassySurge|WoodHammer,GrassyGlide,HighHorsepower,FakeOut|||F|||50|,,,,,Water]Volcarona||CovertCloak|FlameBody|QuiverDance,HeatWave,GigaDrain,RagePowder|||M|||50|,,,,,Grass]Kingambit||SafetyGoggles|Defiant|SuckerPunch,KowtowCleave,SwordsDance,Protect|||F|||50|,,,,,Ghost]Dondozo||Leftovers|Unaware|Protect,Yawn,WaveCrash,Fissure|||M|||50|,,,,,Bug
|showteam|p2|Kingambit||BlackGlasses|Defiant|KowtowCleave,SuckerPunch,SwordsDance,Protect|||F|||50|,,,,,Dark]Primarina||SitrusBerry|LiquidVoice|HyperVoice,Moonblast,Haze,Protect|||F|||50|,,,,,Poison]Sneasler||FocusSash|PoisonTouch|CloseCombat,DireClaw,FakeOut,Protect|||F|||50|,,,,,Stellar]Magmar||Eviolite|VitalSpirit|Overheat,Taunt,FollowMe,Protect|||M|||50|,,,,,Ghost]Rillaboom||AssaultVest|GrassySurge|WoodHammer,GrassyGlide,HighHorsepower,FakeOut|||F|||50|,,,,,Fire]Dragapult||ChoiceBand|ClearBody|DragonDarts,PhantomForce,Outrage,Uturn|||M|||50|,,,,,Dragon
|inactive|Battle timer is ON: inactive players will automatically lose when time's up. (requested by Frakub)
|inactive|YungDungBeetle also wants the timer to be on.
|inactive|YungDungBeetle has 60 seconds left.
|
|t:|1757855049
|teamsize|p1|4
|teamsize|p2|4
|start
|switch|p1a: Annihilape|Annihilape, L50, F|100/100
|switch|p1b: Volcarona|Volcarona, L50, M|100/100
|switch|p2a: Primarina|Primarina, L50, F|100/100
|switch|p2b: Sneasler|Sneasler, L50, F|100/100
|turn|1
|
|t:|1757855065
|switch|p2a: Dragapult|Dragapult, L50, M|100/100
|-terastallize|p2b: Sneasler|Stellar
|move|p2b: Sneasler|Dire Claw|p1b: Volcarona
|-damage|p1b: Volcarona|31/100
|-status|p2b: Sneasler|brn|[from] ability: Flame Body|[of] p1b: Volcarona
|move|p1b: Volcarona|Quiver Dance|p1b: Volcarona
|-boost|p1b: Volcarona|spa|1
|-boost|p1b: Volcarona|spd|1
|-boost|p1b: Volcarona|spe|1
|move|p1a: Annihilape|Final Gambit|p2a: Dragapult
|-immune|p2a: Dragapult
|
|-damage|p2b: Sneasler|95/100 brn|[from] brn
|upkeep
|turn|2
|inactive|Frakub has 30 seconds left.
|
|t:|1757855093
|switch|p2b: Primarina|Primarina, L50, F|100/100
|move|p1b: Volcarona|Heat Wave|p2b: Primarina|[spread] p2a,p2b
|-resisted|p2a: Dragapult
|-resisted|p2b: Primarina
|-damage|p2a: Dragapult|71/100
|-damage|p2b: Primarina|81/100
|move|p2a: Dragapult|Outrage|p1a: Annihilape
|-damage|p1a: Annihilape|6/100
|move|p1a: Annihilape|Rage Fist|p2a: Dragapult
|-supereffective|p2a: Dragapult
|-damage|p2a: Dragapult|0 fnt
|faint|p2a: Dragapult
|
|upkeep
|
|t:|1757855104
|switch|p2a: Sneasler|Sneasler, L50, F, tera:Stellar|95/100 brn
|turn|3
|inactive|YungDungBeetle has 30 seconds left.
|inactive|YungDungBeetle has 20 seconds left.
|
|t:|1757855142
|move|p2a: Sneasler|Fake Out|p1b: Volcarona
|-damage|p1b: Volcarona|20/100
|move|p1b: Volcarona|Giga Drain|p2b: Primarina
|-supereffective|p2b: Primarina
|-damage|p2b: Primarina|20/100
|-heal|p1b: Volcarona|50/100|[from] drain|[of] p2b: Primarina
|-enditem|p2b: Primarina|Sitrus Berry|[eat]
|-heal|p2b: Primarina|45/100|[from] item: Sitrus Berry
|move|p1a: Annihilape|Rage Fist|p2a: Sneasler
|-damage|p2a: Sneasler|29/100 brn
|move|p2b: Primarina|Hyper Voice|p1a: Annihilape|[spread] p1a,p1b
|-supereffective|p1b: Volcarona
|-damage|p1a: Annihilape|0 fnt
|-damage|p1b: Volcarona|16/100
|faint|p1a: Annihilape
|
|-damage|p2a: Sneasler|23/100 brn|[from] brn
|upkeep
|
|t:|1757855157
|switch|p1a: Kingambit|Kingambit, L50, F|100/100
|turn|4
|inactive|YungDungBeetle has 30 seconds left.
|
|t:|1757855184
|-terastallize|p1b: Volcarona|Grass
|move|p1a: Kingambit|Sucker Punch|p2a: Sneasler
|-resisted|p2a: Sneasler
|-damage|p2a: Sneasler|0 fnt
|faint|p2a: Sneasler
|move|p1b: Volcarona|Giga Drain|p2b: Primarina
|-supereffective|p2b: Primarina
|-damage|p2b: Primarina|0 fnt
|-heal|p1b: Volcarona|37/100|[from] drain|[of] p2b: Primarina
|faint|p2b: Primarina
|
|upkeep
|
|t:|1757855189
|switch|p2b: Kingambit|Kingambit, L50, F|100/100
|turn|5
|
|t:|1757855200
|move|p2b: Kingambit|Sucker Punch||[still]
|-fail|p2b: Kingambit
|move|p1b: Volcarona|Quiver Dance|p1b: Volcarona
|-boost|p1b: Volcarona|spa|1
|-boost|p1b: Volcarona|spd|1
|-boost|p1b: Volcarona|spe|1
|move|p1a: Kingambit|Swords Dance|p1a: Kingambit
|-boost|p1a: Kingambit|atk|2
|
|upkeep
|turn|6
|
|t:|1757855213
|move|p2b: Kingambit|Sucker Punch|p1b: Volcarona
|-damage|p1b: Volcarona|0 fnt
|faint|p1b: Volcarona
|move|p1a: Kingambit|Swords Dance|p1a: Kingambit
|-boost|p1a: Kingambit|atk|2
|
|upkeep
|
|t:|1757855215
|switch|p1b: Baxcalibur|Baxcalibur, L50, M|100/100
|turn|7
|
|t:|1757855223
|move|p1b: Baxcalibur|Icicle Spear|p2b: Kingambit
|-resisted|p2b: Kingambit
|-damage|p2b: Kingambit|95/100
|-resisted|p2b: Kingambit
|-damage|p2b: Kingambit|89/100
|-resisted|p2b: Kingambit
|-damage|p2b: Kingambit|83/100
|-resisted|p2b: Kingambit
|-crit|p2b: Kingambit
|-damage|p2b: Kingambit|74/100
|-hitcount|p2b: Kingambit|4
|move|p1a: Kingambit|Kowtow Cleave|p2b: Kingambit
|-resisted|p2b: Kingambit
|-damage|p2b: Kingambit|24/100
|move|p2b: Kingambit|Kowtow Cleave|p1b: Baxcalibur
|-damage|p1b: Baxcalibur|37/100
|
|upkeep
|turn|8
|
|t:|1757855229
|move|p2b: Kingambit|Sucker Punch|p1b: Baxcalibur
|-damage|p1b: Baxcalibur|0 fnt
|faint|p1b: Baxcalibur
|move|p1a: Kingambit|Kowtow Cleave|p2b: Kingambit
|-resisted|p2b: Kingambit
|-damage|p2b: Kingambit|0 fnt
|faint|p2b: Kingambit
|
|win|YungDungBeetle
|raw|YungDungBeetle's rating: 1151 → 1173(+22 for winning)
|raw|Frakub's rating: 1106 → 1084(-22 for losing)
|c|☆Frakub|gg
|c|☆YungDungBeetle|gg
