|j|☆2BStellar
|j|☆manikman
|html|2BStellarmanikman    
|uhtml|bestof|Game 1 of a best-of-3
|t:|1783917319
|gametype|doubles
|player|p1|2BStellar|hilbert-wonderlauncher|1166
|player|p2|manikman|steven|1231
|gen|9
|tier|[Gen 9 Champions] VGC 2026 Reg M-B (Bo3)
|rated|
|rule|Species Clause: Limit one of each Pokémon
|rule|Item Clause: Limit 1 of each item
|clearpoke
|poke|p1|Garchomp, L50, M|
|poke|p1|Charizard, L50, M|
|poke|p1|Kingambit, L50, M|
|poke|p1|Sylveon, L50, M|
|poke|p1|Aerodactyl, L50, M|
|poke|p1|Incineroar, L50, M|
|poke|p2|Scolipede, L50, M|
|poke|p2|Raichu, L50, M|
|poke|p2|Sinistcha, L50|
|poke|p2|Weavile, L50, M|
|poke|p2|Ceruledge, L50, F|
|poke|p2|Milotic, L50, F|
|teampreview|4
|showteam|p1|Garchomp||LifeOrb|RoughSkin|Protect,StompingTantrum,DragonClaw,Earthquake|Jolly||M|||50|]Charizard||CharizarditeY|Blaze|Protect,HeatWave,SolarBeam,WeatherBall|Modest||M|||50|]Kingambit||FocusSash|Defiant|Protect,SuckerPunch,IronHead,KowtowCleave|Adamant||M|||50|]Sylveon||FairyFeather|Pixilate|Detect,HyperVoice,HyperBeam,QuickAttack|Modest||M|||50|]Aerodactyl||Aerodactylite|Unnerve|Protect,Tailwind,DualWingbeat,RockSlide|Jolly||M|||50|]Incineroar||SitrusBerry|Intimidate|FakeOut,PartingShot,DarkestLariat,FlareBlitz|Impish||M|||50|
|showteam|p2|Scolipede||Scolipite|SpeedBoost|LeechLife,PoisonJab,SwordsDance,Protect|Jolly||M|||50|]Raichu||RaichuniteY|LightningRod|ZapCannon,FocusBlast,Protect,FakeOut|Timid||M|||50|]Sinistcha||KasibBerry|Hospitality|MatchaGotcha,LifeDew,Protect,RagePowder|Relaxed|||||50|]Weavile||FocusSash|Pickpocket|KnockOff,TripleAxel,LowKick,FakeOut|Jolly||M|||50|]Ceruledge||ColburBerry|FlashFire|BitterBlade,ShadowSneak,Protect,BulkUp|Adamant||F|||50|]Milotic||Leftovers|Competitive|MuddyWater,Coil,Protect,Hypnosis|Calm||F|||50|
|inactive|Battle timer is ON: inactive players will automatically lose when time's up. (requested by manikman)
|inactive|2BStellar has 60 seconds left.
|inactive|manikman has 60 seconds left.
|inactive|2BStellar has 30 seconds left.
|inactive|2BStellar has 20 seconds left.
|inactive|2BStellar has 15 seconds left.
|
|t:|1783917403
|teamsize|p1|4
|teamsize|p2|4
|start
|switch|p1a: Aerodactyl|Aerodactyl, L50, M|100/100
|switch|p1b: Sylveon|Sylveon, L50, M|100/100
|switch|p2a: Raichu|Raichu, L50, M|100/100
|switch|p2b: Ceruledge|Ceruledge, L50, F|100/100
|-ability|p1a: Aerodactyl|Unnerve
|turn|1
|inactive|2BStellar has 30 seconds left.
|inactive|manikman has 30 seconds left.
|
|t:|1783917429
|detailschange|p1a: Aerodactyl|Aerodactyl-Mega, L50, M
|-mega|p1a: Aerodactyl|Aerodactyl|Aerodactylite
|move|p2a: Raichu|Fake Out|p1a: Aerodactyl
|-resisted|p1a: Aerodactyl|1
|-damage|p1a: Aerodactyl|96/100
|cant|p1a: Aerodactyl|flinch
|move|p2b: Ceruledge|Bulk Up|p2b: Ceruledge
|-boost|p2b: Ceruledge|atk|1
|-boost|p2b: Ceruledge|def|1
|move|p1b: Sylveon|Hyper Voice|p2a: Raichu|[spread] p2a,p2b
|-resisted|p2b: Ceruledge|1
|-damage|p2a: Raichu|43/100
|-damage|p2b: Ceruledge|76/100
|
|upkeep
|turn|2
|
|t:|1783917452
|detailschange|p2a: Raichu|Raichu-Mega-Y, L50, M
|-mega|p2a: Raichu|Raichu|Raichunite Y
|move|p1a: Aerodactyl|Tailwind|p1a: Aerodactyl
|-sidestart|p1: 2BStellar|move: Tailwind
|move|p1b: Sylveon|Hyper Voice|p2b: Ceruledge|[spread] p2a,p2b
|-resisted|p2b: Ceruledge|1
|-damage|p2a: Raichu|0 fnt
|-damage|p2b: Ceruledge|54/100
|faint|p2a: Raichu
|move|p2b: Ceruledge|Bitter Blade|p1b: Sylveon
|-damage|p1b: Sylveon|18/100
|-heal|p2b: Ceruledge|96/100|[from] drain|[of] p1b: Sylveon
|
|upkeep
|
|t:|1783917460
|switch|p2a: Milotic|Milotic, L50, F|100/100
|turn|3
|
|t:|1783917475
|move|p1a: Aerodactyl|Rock Slide|p2a: Milotic|[spread] p2a,p2b
|-supereffective|p2b: Ceruledge|1
|-damage|p2a: Milotic|74/100
|-damage|p2b: Ceruledge|57/100
|move|p1b: Sylveon|Hyper Voice|p2b: Ceruledge|[spread] p2a,p2b
|-resisted|p2b: Ceruledge|1
|-damage|p2a: Milotic|44/100
|-damage|p2b: Ceruledge|35/100
|move|p2a: Milotic|Coil|p2a: Milotic
|-boost|p2a: Milotic|atk|1
|-boost|p2a: Milotic|def|1
|-boost|p2a: Milotic|accuracy|1
|move|p2b: Ceruledge|Bulk Up|p2b: Ceruledge
|-boost|p2b: Ceruledge|atk|1
|-boost|p2b: Ceruledge|def|1
|
|-heal|p2a: Milotic|50/100g|[from] item: Leftovers
|upkeep
|turn|4
|
|t:|1783917495
|move|p2b: Ceruledge|Protect|p2b: Ceruledge
|-singleturn|p2b: Ceruledge|Protect
|move|p1a: Aerodactyl|Rock Slide|p2a: Milotic|[spread] p2a
|-activate|p2b: Ceruledge|move: Protect
|-damage|p2a: Milotic|34/100
|move|p1b: Sylveon|Hyper Voice|p2a: Milotic|[spread] p2a
|-activate|p2b: Ceruledge|move: Protect
|-damage|p2a: Milotic|5/100
|cant|p2a: Milotic|flinch
|
|-heal|p2a: Milotic|11/100|[from] item: Leftovers
|upkeep
|turn|5
|
|t:|1783917511
|move|p2a: Milotic|Protect|p2a: Milotic
|-singleturn|p2a: Milotic|Protect
|move|p2b: Ceruledge|Shadow Sneak|p1b: Sylveon
|-damage|p1b: Sylveon|0 fnt
|faint|p1b: Sylveon
|move|p1a: Aerodactyl|Rock Slide|p2a: Milotic|[spread] p2b
|-activate|p2a: Milotic|move: Protect
|-supereffective|p2b: Ceruledge|1
|-damage|p2b: Ceruledge|2/100
|
|-heal|p2a: Milotic|17/100|[from] item: Leftovers
|-sideend|p1: 2BStellar|move: Tailwind
|upkeep
|
|t:|1783917522
|switch|p1b: Garchomp|Garchomp, L50, M|100/100
|turn|6
|
|t:|1783917547
|switch|p2b: Sinistcha|Sinistcha, L50|100/100
|-heal|p2a: Milotic|42/100|[from] ability: Hospitality|[of] p2b: Sinistcha
|move|p1a: Aerodactyl|Rock Slide|p2b: Sinistcha|[spread] p2a,p2b
|-crit|p2b: Sinistcha
|-damage|p2a: Milotic|24/100
|-damage|p2b: Sinistcha|62/100
|move|p1b: Garchomp|Earthquake|p2a: Milotic|[spread] p2a,p2b
|-immune|p1a: Aerodactyl
|-resisted|p2b: Sinistcha|1
|-damage|p2a: Milotic|0 fnt
|-damage|p2b: Sinistcha|43/100
|faint|p2a: Milotic
|-damage|p1b: Garchomp|90/100|[from] item: Life Orb
|
|upkeep
|-message|manikman forfeited.
|
|win|2BStellar
|l|☆manikman
|player|p2|
||manikman is ready for game 2.
||2BStellar is ready for game 2.
|uhtml|next|Next: Game 2 of 3
