|j|ŌśåTMJS01
|j|Ōśåeriksp
|html|TMJS01eriksp    
|uhtml|bestof|Game 1 of a best-of-3
|t:|1783222640
|gametype|doubles
|player|p1|TMJS01|unknown|
|player|p2|eriksp|cynthia-masters4|
|gen|9
|tier|[Gen 9 Champions] VGC 2026 Reg M-B (Bo3)
|rule|Species Clause: Limit one of each Pok├®mon
|rule|Item Clause: Limit 1 of each item
|clearpoke
|poke|p1|Gengar, L50, M|
|poke|p1|Swampert, L50, M|
|poke|p1|Incineroar, L50, F|
|poke|p1|Politoed, L50, F|
|poke|p1|Archaludon, L50, M|
|poke|p1|Sableye, L50, F|
|poke|p2|Floette-Eternal, L50, F|
|poke|p2|Charizard, L50, M|
|poke|p2|Whimsicott, L50, M|
|poke|p2|Garchomp, L50, M|
|poke|p2|Basculegion, L50, M|
|poke|p2|Kingambit, L50, M|
|teampreview|4
|showteam|p1|Gengar||Gengarite|CursedBody|ShadowBall,PerishSong,Disable,Protect|Timid||M|||50|]Swampert||Swampertite|Torrent|WaveCrash,Earthquake,IcePunch,Protect|Adamant||M|||50|]Incineroar||PasshoBerry|Intimidate|ThroatChop,PartingShot,FakeOut,Protect|Sassy||F|||50|]Politoed||SitrusBerry|Drizzle|WeatherBall,PerishSong,Encore,Protect|Calm||F|||50|]Archaludon||Leftovers|Stamina|DragonPulse,FlashCannon,ElectroShot,Protect|Bold||M|||50|]Sableye||LightClay|Prankster|RainDance,WillOWisp,LightScreen,Reflect|Bold||F|||50|
|showteam|p2|Floette-Eternal||Floettite|FlowerVeil|Moonblast,DazzlingGleam,LightofRuin,Protect|Modest||F|||50|]Charizard||CharizarditeY|Blaze|HeatWave,WeatherBall,SolarBeam,Protect|Timid||M|||50|]Whimsicott||FocusSash|Prankster|Moonblast,Tailwind,Encore,Protect|Timid||M|||50|]Garchomp||LifeOrb|RoughSkin|DragonClaw,Earthquake,Protect,RockSlide|Jolly||M|||50|]Basculegion||MysticWater|Adaptability|WaveCrash,LastRespects,AquaJet,Protect|Adamant||M|||50|]Kingambit||ChopleBerry|Defiant|KowtowCleave,IronHead,SuckerPunch,LowKick|Adamant||M|||50|
|inactive|Battle timer is ON: inactive players will automatically lose when time's up. (requested by TMJS01)
|inactive|TMJS01 has 60 seconds left.
|inactive|eriksp has 60 seconds left.
|c|Ōśåeriksp|esto lo practique con un amigo y lo que lo complica es que no se que mega traer
|inactive|eriksp has 30 seconds left.
|c|ŌśåTMJS01|pucha
|c|ŌśåTMJS01|es una de dos
|c|Ōśåeriksp|porque chari es mejor para gengar pero floette es mejor para sableye arch
|c|ŌśåTMJS01|si llevas floette
|c|ŌśåTMJS01|y te llevan gengar
|c|ŌśåTMJS01|f
|c|Ōśåeriksp|aja
|inactive|eriksp has 20 seconds left.
|inactive|eriksp has 15 seconds left.
|inactive|eriksp has 10 seconds left.
|
|t:|1783222724
|teamsize|p1|4
|teamsize|p2|4
|start
|switch|p1a: Sableye|Sableye, L50, F|100/100
|switch|p1b: Swampert|Swampert, L50, M|100/100
|switch|p2a: Charizard|Charizard, L50, M|100/100
|switch|p2b: Garchomp|Garchomp, L50, M|100/100
|turn|1
|inactive|TMJS01 has 30 seconds left.
|inactive|eriksp has 30 seconds left.
|
|t:|1783222752
|switch|p2b: Basculegion|Basculegion, L50, M|100/100
|detailschange|p2a: Charizard|Charizard-Mega-Y, L50, M
|-mega|p2a: Charizard|Charizard|Charizardite Y
|-weather|SunnyDay|[from] ability: Drought|[of] p2a: Charizard
|detailschange|p1b: Swampert|Swampert-Mega, L50, M
|-mega|p1b: Swampert|Swampert|Swampertite
|move|p1a: Sableye|Rain Dance|p1a: Sableye
|-weather|RainDance
|move|p1b: Swampert|Ice Punch|p2b: Basculegion
|-resisted|p2b: Basculegion|1
|-damage|p2b: Basculegion|80/100
|move|p2a: Charizard|Weather Ball|p1a: Sableye
|-crit|p1a: Sableye
|-damage|p1a: Sableye|0 fnt
|faint|p1a: Sableye
|
|-weather|RainDance|[upkeep]
|upkeep
|
|t:|1783222758
|switch|p1a: Archaludon|Archaludon, L50, M|100/100
|turn|2
|
|t:|1783222777
|switch|p2a: Kingambit|Kingambit, L50, M|100/100
|move|p1b: Swampert|Wave Crash|p2a: Kingambit
|-damage|p2a: Kingambit|13/100
|-damage|p1b: Swampert|67/100|[from] Recoil
|move|p2b: Basculegion|Wave Crash|p1b: Swampert
|-damage|p1b: Swampert|0 fnt
|faint|p1b: Swampert
|-damage|p2b: Basculegion|59/100|[from] Recoil
|move|p1a: Archaludon|Electro Shot||[still]
|-prepare|p1a: Archaludon|Electro Shot
|-boost|p1a: Archaludon|spa|1
|-anim|p1a: Archaludon|Electro Shot|p2b: Basculegion
|-supereffective|p2b: Basculegion|1
|-damage|p2b: Basculegion|0 fnt
|faint|p2b: Basculegion
|
|-weather|RainDance|[upkeep]
|upkeep
|
|t:|1783222786
|switch|p2b: Garchomp|Garchomp, L50, M|100/100
|switch|p1b: Politoed|Politoed, L50, F|100/100
|turn|3
|
|t:|1783222808
|move|p1a: Archaludon|Protect|p1a: Archaludon
|-singleturn|p1a: Archaludon|Protect
|move|p2b: Garchomp|Dragon Claw|p1b: Politoed
|-damage|p1b: Politoed|46/100
|-enditem|p1b: Politoed|Sitrus Berry|[eat]
|-heal|p1b: Politoed|71/100|[from] item: Sitrus Berry
|-damage|p2b: Garchomp|90/100|[from] item: Life Orb
|move|p1b: Politoed|Weather Ball|p2a: Kingambit
|-damage|p2a: Kingambit|0 fnt
|faint|p2a: Kingambit
|
|-weather|RainDance|[upkeep]
|upkeep
|
|t:|1783222817
|switch|p2a: Charizard|Charizard-Mega-Y, L50, M|100/100
|-weather|SunnyDay|[from] ability: Drought|[of] p2a: Charizard
|turn|4
|
|t:|1783222824
|move|p2b: Garchomp|Earthquake|p1a: Archaludon|[spread] p1a,p1b
|-immune|p2a: Charizard
|-supereffective|p1a: Archaludon|1
|-damage|p1a: Archaludon|35/100
|-damage|p1b: Politoed|27/100
|-ability|p1a: Archaludon|Stamina|boost
|-boost|p1a: Archaludon|def|1
|-damage|p2b: Garchomp|80/100|[from] item: Life Orb
|move|p2a: Charizard|Solar Beam||[still]
|-prepare|p2a: Charizard|Solar Beam
|-anim|p2a: Charizard|Solar Beam|p1b: Politoed
|-supereffective|p1b: Politoed|1
|-damage|p1b: Politoed|0 fnt
|faint|p1b: Politoed
|move|p1a: Archaludon|Dragon Pulse|p2b: Garchomp
|-supereffective|p2b: Garchomp|1
|-damage|p2b: Garchomp|0 fnt
|faint|p2b: Garchomp
|
|-weather|SunnyDay|[upkeep]
|-heal|p1a: Archaludon|41/100|[from] item: Leftovers
|upkeep
|turn|5
|
|t:|1783222830
|move|p2a: Charizard|Weather Ball|p1a: Archaludon
|-damage|p1a: Archaludon|0 fnt
|faint|p1a: Archaludon
|
|win|eriksp
