|j|☆The median voter
|j|☆Yunobo7
|html|The median voterYunobo7    
|uhtml|bestof|Game 3 of a best-of-3
|t:|1755029720
|gametype|doubles
|player|p1|The median voter|scientist-gen4dp|1268
|player|p2|Yunobo7|170|1207
|gen|9
|tier|[Gen 9] VGC 2025 Reg H (Bo3)
|rated|
|rule|Species Clause: Limit one of each Pokémon
|rule|Item Clause: Limit 1 of each item
|clearpoke
|poke|p1|Kommo-o, L50, F|
|poke|p1|Volcarona, L50, F|
|poke|p1|Rillaboom, L50, F|
|poke|p1|Kingambit, L50, M|
|poke|p1|Ninetales-Alola, L50, M|
|poke|p1|Arcanine-Hisui, L50, F|
|poke|p2|Glimmora, L50, F|
|poke|p2|Maushold-Four, L50|
|poke|p2|Incineroar, L50, M|
|poke|p2|Rillaboom, L50, M|
|poke|p2|Dondozo, L50, M|
|poke|p2|Garchomp, L50, M|
|teampreview|4
|showteam|p1|Kommo-o||GrassySeed|Overcoat|BodyPress,Taunt,Protect,Flamethrower|||F|||50|,,,,,Steel]Volcarona||SitrusBerry|FlameBody|HeatWave,TeraBlast,QuiverDance,Protect|||F|||50|,,,,,Water]Rillaboom||AssaultVest|GrassySurge|FakeOut,GrassyGlide,WoodHammer,HighHorsepower|||F|||50|,,,,,Fire]Kingambit||BlackGlasses|Defiant|KowtowCleave,SuckerPunch,SwordsDance,Protect|||M|||50|,,,,,Dark]Ninetales-Alola||LifeOrb|SnowWarning|Blizzard,Protect,Encore,FreezeDry|||M|||50|,,,,,Ghost]Arcanine-Hisui||FocusSash|Intimidate|RockSlide,FlareBlitz,ExtremeSpeed,Protect|||F|||50|,,,,,Ghost
|showteam|p2|Glimmora||PowerHerb|ToxicDebris|MeteorBeam,EarthPower,SludgeBomb,SpikyShield|||F|||50|,,,,,Grass]Maushold-Four||WideLens|Technician|PopulationBomb,FollowMe,Taunt,Protect||||||50|,,,,,Ghost]Incineroar||SafetyGoggles|Intimidate|FlareBlitz,PartingShot,KnockOff,FakeOut|||M|||50|,,,,,Ghost]Rillaboom||AssaultVest|GrassySurge|WoodHammer,HighHorsepower,GrassyGlide,FakeOut|||M|||50|,,,,,Rock]Dondozo||Leftovers|Unaware|WaveCrash,Yawn,Fissure,Protect|||M|||50|,,,,,Grass]Garchomp||LifeOrb|RoughSkin|Earthquake,StompingTantrum,DragonClaw,Protect|||M|||50|,,,,,Steel
|inactive|Battle timer is ON: inactive players will automatically lose when time's up. (requested by Yunobo7)
|
|t:|1755029738
|teamsize|p1|4
|teamsize|p2|4
|start
|switch|p1a: Kingambit|Kingambit, L50, M|100/100
|switch|p1b: Ninetales|Ninetales-Alola, L50, M|100/100
|switch|p2a: Maushold|Maushold-Four, L50, shiny|100/100
|switch|p2b: Glimmora|Glimmora, L50, F, shiny|100/100
|-weather|Snowscape|[from] ability: Snow Warning|[of] p1b: Ninetales
|turn|1
|
|t:|1755029762
|-terastallize|p1a: Kingambit|Dark
|move|p1b: Ninetales|Protect|p1b: Ninetales
|-singleturn|p1b: Ninetales|Protect
|move|p2b: Glimmora|Spiky Shield|p2b: Glimmora
|-singleturn|p2b: Glimmora|move: Protect
|move|p2a: Maushold|Population Bomb|p1b: Ninetales
|-activate|p1b: Ninetales|move: Protect
|move|p1a: Kingambit|Kowtow Cleave|p2a: Maushold
|-damage|p2a: Maushold|0 fnt
|faint|p2a: Maushold
|
|-weather|Snowscape|[upkeep]
|upkeep
|
|t:|1755029768
|switch|p2a: Dondozo|Dondozo, L50, M, shiny|100/100
|turn|2
|
|t:|1755029775
|move|p1b: Ninetales|Encore|p2b: Glimmora
|-start|p2b: Glimmora|Encore
|move|p2b: Glimmora|Spiky Shield||[still]
|-fail|p2b: Glimmora
|move|p1a: Kingambit|Kowtow Cleave|p2a: Dondozo
|-damage|p2a: Dondozo|57/100
|move|p2a: Dondozo|Yawn|p1b: Ninetales
|-start|p1b: Ninetales|move: Yawn|[of] p2a: Dondozo
|
|-weather|Snowscape|[upkeep]
|-heal|p2a: Dondozo|63/100|[from] item: Leftovers
|upkeep
|turn|3
|
|t:|1755029791
|move|p2b: Glimmora|Spiky Shield|p2b: Glimmora
|-singleturn|p2b: Glimmora|move: Protect
|move|p1b: Ninetales|Blizzard|p2a: Dondozo|[spread] p2a
|-activate|p2b: Glimmora|move: Protect
|-resisted|p2a: Dondozo
|-damage|p2a: Dondozo|49/100
|-damage|p1b: Ninetales|91/100|[from] item: Life Orb
|move|p1a: Kingambit|Kowtow Cleave|p2b: Glimmora
|-activate|p2b: Glimmora|move: Protect
|-damage|p1a: Kingambit|88/100|[from] Spiky Shield|[of] p2b: Glimmora
|move|p2a: Dondozo|Yawn|p1a: Kingambit
|-start|p1a: Kingambit|move: Yawn|[of] p2a: Dondozo
|
|-weather|Snowscape|[upkeep]
|-heal|p2a: Dondozo|56/100|[from] item: Leftovers
|-end|p1b: Ninetales|move: Yawn|[silent]
|-status|p1b: Ninetales|slp
|upkeep
|turn|4
|
|t:|1755029813
|switch|p1a: Rillaboom|Rillaboom, L50, F|100/100
|-fieldstart|move: Grassy Terrain|[from] ability: Grassy Surge|[of] p1a: Rillaboom
|switch|p2a: Incineroar|Incineroar, L50, M, shiny|100/100
|-ability|p2a: Incineroar|Intimidate|boost
|-unboost|p1a: Rillaboom|atk|1
|-unboost|p1b: Ninetales|atk|1
|move|p2b: Glimmora|Spiky Shield||[still]
|-fail|p2b: Glimmora
|cant|p1b: Ninetales|slp
|
|-weather|Snowscape|[upkeep]
|-heal|p1b: Ninetales|97/100 slp|[from] Grassy Terrain
|-end|p2b: Glimmora|Encore
|upkeep
|turn|5
|
|t:|1755029828
|switch|p1a: Kingambit|Kingambit, L50, M, tera:Dark|88/100
|-curestatus|p1b: Ninetales|slp|[msg]
|move|p1b: Ninetales|Protect|p1b: Ninetales
|-singleturn|p1b: Ninetales|Protect
|move|p2b: Glimmora|Meteor Beam||[still]
|-prepare|p2b: Glimmora|Meteor Beam
|-boost|p2b: Glimmora|spa|1
|-enditem|p2b: Glimmora|Power Herb
|-anim|p2b: Glimmora|Meteor Beam|p1b: Ninetales
|-activate|p1b: Ninetales|move: Protect
|move|p2a: Incineroar|Knock Off|p1a: Kingambit
|-resisted|p1a: Kingambit
|-damage|p1a: Kingambit|72/100
|-enditem|p1a: Kingambit|Black Glasses|[from] move: Knock Off|[of] p2a: Incineroar
|
|-weather|none
|-heal|p1b: Ninetales|100/100|[from] Grassy Terrain
|-heal|p1a: Kingambit|77/100|[from] Grassy Terrain
|upkeep
|turn|6
|
|t:|1755029839
|move|p2b: Glimmora|Spiky Shield|p2b: Glimmora
|-singleturn|p2b: Glimmora|move: Protect
|move|p1a: Kingambit|Sucker Punch||[still]
|-fail|p1a: Kingambit
|move|p1b: Ninetales|Blizzard|p2a: Incineroar|[spread] p2a
|-activate|p2b: Glimmora|move: Protect
|-resisted|p2a: Incineroar
|-damage|p2a: Incineroar|83/100
|-damage|p1b: Ninetales|91/100|[from] item: Life Orb
|move|p2a: Incineroar|Flare Blitz|p1b: Ninetales
|-supereffective|p1b: Ninetales
|-damage|p1b: Ninetales|0 fnt
|faint|p1b: Ninetales
|-damage|p2a: Incineroar|60/100|[from] Recoil
|
|-heal|p2a: Incineroar|66/100|[from] Grassy Terrain
|-heal|p1a: Kingambit|83/100|[from] Grassy Terrain
|upkeep
|
|t:|1755029842
|switch|p1b: Rillaboom|Rillaboom, L50, F|100/100
|turn|7
|
|t:|1755029853
|move|p1b: Rillaboom|Grassy Glide|p2b: Glimmora
|-damage|p2b: Glimmora|55/100
|-activate|p2b: Glimmora|ability: Toxic Debris
|-sidestart|p1: The median voter|move: Toxic Spikes
|move|p1a: Kingambit|Sucker Punch|p2b: Glimmora
|-damage|p2b: Glimmora|0 fnt
|-activate|p2b: Glimmora|ability: Toxic Debris
|-sidestart|p1: The median voter|move: Toxic Spikes
|faint|p2b: Glimmora
|move|p2a: Incineroar|Flare Blitz|p1b: Rillaboom
|-supereffective|p1b: Rillaboom
|-damage|p1b: Rillaboom|0 fnt
|faint|p1b: Rillaboom
|-damage|p2a: Incineroar|32/100|[from] Recoil
|
|-heal|p2a: Incineroar|38/100|[from] Grassy Terrain
|-heal|p1a: Kingambit|89/100|[from] Grassy Terrain
|upkeep
|
|t:|1755029860
|switch|p2b: Dondozo|Dondozo, L50, M, shiny|56/100
|switch|p1b: Volcarona|Volcarona, L50, F|100/100
|-status|p1b: Volcarona|tox
|turn|8
|
|t:|1755029881
|move|p2b: Dondozo|Protect|p2b: Dondozo
|-singleturn|p2b: Dondozo|Protect
|move|p1a: Kingambit|Sucker Punch|p2a: Incineroar
|-resisted|p2a: Incineroar
|-damage|p2a: Incineroar|14/100
|move|p1b: Volcarona|Tera Blast|p2a: Incineroar
|-damage|p2a: Incineroar|0 fnt
|faint|p2a: Incineroar
|
|-heal|p1a: Kingambit|95/100|[from] Grassy Terrain
|-heal|p2b: Dondozo|62/100|[from] Grassy Terrain
|-heal|p2b: Dondozo|68/100|[from] item: Leftovers
|-damage|p1b: Volcarona|94/100 tox|[from] psn
|-fieldend|move: Grassy Terrain
|upkeep
|turn|9
|
|t:|1755029892
|move|p1b: Volcarona|Quiver Dance|p1b: Volcarona
|-boost|p1b: Volcarona|spa|1
|-boost|p1b: Volcarona|spd|1
|-boost|p1b: Volcarona|spe|1
|move|p1a: Kingambit|Kowtow Cleave|p2b: Dondozo
|-damage|p2b: Dondozo|29/100
|move|p2b: Dondozo|Yawn|p1a: Kingambit
|-start|p1a: Kingambit|move: Yawn|[of] p2b: Dondozo
|
|-heal|p2b: Dondozo|35/100|[from] item: Leftovers
|-damage|p1b: Volcarona|82/100 tox|[from] psn
|upkeep
|turn|10
|
|t:|1755029896
|move|p2b: Dondozo|Protect|p2b: Dondozo
|-singleturn|p2b: Dondozo|Protect
|move|p1b: Volcarona|Tera Blast|p2b: Dondozo
|-activate|p2b: Dondozo|move: Protect
|move|p1a: Kingambit|Kowtow Cleave|p2b: Dondozo
|-activate|p2b: Dondozo|move: Protect
|
|-heal|p2b: Dondozo|42/100|[from] item: Leftovers
|-damage|p1b: Volcarona|63/100 tox|[from] psn
|-end|p1a: Kingambit|move: Yawn|[silent]
|-status|p1a: Kingambit|slp
|upkeep
|turn|11
|
|t:|1755029900
|move|p1b: Volcarona|Tera Blast|p2b: Dondozo
|-damage|p2b: Dondozo|23/100
|cant|p1a: Kingambit|slp
|move|p2b: Dondozo|Fissure|p1a: Kingambit|[miss]
|-miss|p2b: Dondozo|p1a: Kingambit
|
|-heal|p2b: Dondozo|29/100|[from] item: Leftovers
|-damage|p1b: Volcarona|38/100 tox|[from] psn
|upkeep
|-enditem|p1b: Volcarona|Sitrus Berry|[eat]
|-heal|p1b: Volcarona|63/100 tox|[from] item: Sitrus Berry
|turn|12
|
|t:|1755029906
|move|p1b: Volcarona|Tera Blast|p2b: Dondozo
|-damage|p2b: Dondozo|11/100
|cant|p1a: Kingambit|slp
|move|p2b: Dondozo|Fissure|p1a: Kingambit|[miss]
|-miss|p2b: Dondozo|p1a: Kingambit
|
|-heal|p2b: Dondozo|17/100|[from] item: Leftovers
|-damage|p1b: Volcarona|32/100 tox|[from] psn
|upkeep
|turn|13
|
|t:|1755029912
|move|p2b: Dondozo|Protect|p2b: Dondozo
|-singleturn|p2b: Dondozo|Protect
|move|p1b: Volcarona|Tera Blast|p2b: Dondozo
|-activate|p2b: Dondozo|move: Protect
|cant|p1a: Kingambit|slp
|
|-heal|p2b: Dondozo|24/100|[from] item: Leftovers
|-damage|p1b: Volcarona|0 fnt|[from] psn
|faint|p1b: Volcarona
|upkeep
|turn|14
|
|t:|1755029916
|-curestatus|p1a: Kingambit|slp|[msg]
|move|p1a: Kingambit|Kowtow Cleave|p2b: Dondozo
|-damage|p2b: Dondozo|0 fnt
|faint|p2b: Dondozo
|
|win|The median voter
|raw|The median voter's rating: 1268 → 1289(+21 for winning)
|raw|Yunobo7's rating: 1207 → 1186(-21 for losing)
