|j|☆Whiteflame20
|j|☆Ken084
|html|Whiteflame20Ken084    
|uhtml|bestof|Game 1 of a best-of-3
|t:|1757638112
|gametype|doubles
|player|p1|Whiteflame20|hilda-masters3|
|player|p2|Ken084|n|
|gen|9
|tier|[Gen 9] VGC 2025 Reg H (Bo3)
|rule|Species Clause: Limit one of each Pokémon
|rule|Item Clause: Limit 1 of each item
|clearpoke
|poke|p1|Weezing-Galar, L50, F|
|poke|p1|Slaking, L50, F|
|poke|p1|Muk-Alola, L50, F|
|poke|p1|Smeargle, L50, M|
|poke|p1|Comfey, L50, M|
|poke|p1|Flamigo, L50, F|
|poke|p2|Primarina, L50, M|
|poke|p2|Annihilape, L50, F|
|poke|p2|Gholdengo, L50|
|poke|p2|Incineroar, L50, F|
|poke|p2|Amoonguss, L50, F|
|poke|p2|Talonflame, L50, M|
|teampreview|4
|showteam|p1|Weezing-Galar||SitrusBerry|NeutralizingGas|SludgeBomb,WillOWisp,Taunt,Protect|||F|||50|,,,,,Water]Slaking||LifeOrb|Truant|DoubleEdge,KnockOff,HighHorsepower,Protect|||F|||50|,,,,,Stellar]Muk-Alola||Leftovers|PowerofAlchemy|KnockOff,Minimize,PoisonJab,Protect|||F|||50|,,,,,Grass]Smeargle||FocusSash|Moody|FakeOut,Spore,SpikyShield,FollowMe|||M|||50|,,,,,Ghost]Comfey||SafetyGoggles|Triage|DrainingKiss,PsychUp,LeechSeed,FloralHealing|||M|||50|,,,,,Steel]Flamigo||CovertCloak|Costar|CloseCombat,BraveBird,ThroatChop,Protect|||F|||50|,,,,,Fire
|showteam|p2|Primarina||ThroatSpray|LiquidVoice|HyperVoice,Moonblast,Protect,Haze|||M|||50|,,,,,Steel]Annihilape||Leftovers|Defiant|DrainPunch,RageFist,Protect,BulkUp|||F|||50|,,,,,Water]Gholdengo||LifeOrb|GoodasGold|MakeItRain,ShadowBall,NastyPlot,Protect||||||50|,,,,,Steel]Incineroar||SafetyGoggles|Intimidate|FakeOut,PartingShot,KnockOff,WillOWisp|||F|||50|,,,,,Ghost]Amoonguss||SitrusBerry|Regenerator|Spore,PollenPuff,RagePowder,Protect|||F|||50|,,,,,Water]Talonflame||CovertCloak|GaleWings|Tailwind,BraveBird,FlareBlitz,Uturn|||M|||50|,,,,,Flying
|
|t:|1757638144
|teamsize|p1|4
|teamsize|p2|4
|start
|switch|p1a: Smeargle|Smeargle, L50, M|100/100
|switch|p1b: Flamigo|Flamigo, L50, F|100/100
|switch|p2a: Incineroar|Incineroar, L50, F|100/100
|switch|p2b: Amoonguss|Amoonguss, L50, F, shiny|100/100
|-ability|p2a: Incineroar|Intimidate|boost
|-unboost|p1a: Smeargle|atk|1
|-unboost|p1b: Flamigo|atk|1
|-copyboost|p1b: Flamigo|p1a: Smeargle|[from] ability: Costar
|turn|1
|
|t:|1757638175
|move|p1b: Flamigo|Protect|p1b: Flamigo
|-singleturn|p1b: Flamigo|Protect
|move|p2b: Amoonguss|Protect|p2b: Amoonguss
|-singleturn|p2b: Amoonguss|Protect
|move|p1a: Smeargle|Fake Out|p2a: Incineroar
|-damage|p2a: Incineroar|98/100
|cant|p2a: Incineroar|flinch
|
|-ability|p1a: Smeargle|Moody|boost
|-boost|p1a: Smeargle|spe|2
|-unboost|p1a: Smeargle|def|1
|upkeep
|turn|2
|
|t:|1757638203
|switch|p2b: Primarina|Primarina, L50, M, shiny|100/100
|move|p1a: Smeargle|Follow Me|p1a: Smeargle
|-singleturn|p1a: Smeargle|move: Follow Me
|move|p1b: Flamigo|Brave Bird|p2b: Primarina
|-damage|p2b: Primarina|51/100
|-damage|p1b: Flamigo|81/100|[from] Recoil
|move|p2a: Incineroar|Knock Off|p1a: Smeargle
|-enditem|p1a: Smeargle|Focus Sash
|-damage|p1a: Smeargle|1/100
|
|-ability|p1a: Smeargle|Moody|boost
|-boost|p1a: Smeargle|atk|2
|-unboost|p1a: Smeargle|spa|1
|upkeep
|turn|3
|
|t:|1757638224
|move|p1b: Flamigo|Protect|p1b: Flamigo
|-singleturn|p1b: Flamigo|Protect
|move|p2b: Primarina|Protect|p2b: Primarina
|-singleturn|p2b: Primarina|Protect
|move|p1a: Smeargle|Spore|p2a: Incineroar
|-activate|p2a: Incineroar|item: Safety Goggles|Spore
|move|p2a: Incineroar|Will-O-Wisp|p1b: Flamigo
|-activate|p1b: Flamigo|move: Protect
|
|-ability|p1a: Smeargle|Moody|boost
|-boost|p1a: Smeargle|def|2
|-unboost|p1a: Smeargle|spa|1
|upkeep
|turn|4
|j| eleuname0
|
|t:|1757638254
|switch|p2b: Amoonguss|Amoonguss, L50, F, shiny|100/100
|move|p1a: Smeargle|Spore|p2b: Amoonguss
|-immune|p2b: Amoonguss
|move|p1b: Flamigo|Close Combat|p2a: Incineroar
|-supereffective|p2a: Incineroar
|-damage|p2a: Incineroar|31/100
|-unboost|p1b: Flamigo|def|1
|-unboost|p1b: Flamigo|spd|1
|move|p2a: Incineroar|Will-O-Wisp|p1b: Flamigo
|-status|p1b: Flamigo|brn
|
|-damage|p1b: Flamigo|75/100 brn|[from] brn
|-ability|p1a: Smeargle|Moody|boost
|-boost|p1a: Smeargle|atk|2
|-unboost|p1a: Smeargle|spe|1
|upkeep
|turn|5
|
|t:|1757638293
|move|p1a: Smeargle|Follow Me|p1a: Smeargle
|-singleturn|p1a: Smeargle|move: Follow Me
|move|p1b: Flamigo|Close Combat|p2a: Incineroar
|-supereffective|p2a: Incineroar
|-damage|p2a: Incineroar|0 fnt
|-unboost|p1b: Flamigo|def|1
|-unboost|p1b: Flamigo|spd|1
|faint|p2a: Incineroar
|move|p2b: Amoonguss|Pollen Puff|p1a: Smeargle
|-damage|p1a: Smeargle|0 fnt
|faint|p1a: Smeargle
|
|-damage|p1b: Flamigo|69/100 brn|[from] brn
|upkeep
|
|t:|1757638311
|switch|p1a: Weezing|Weezing-Galar, L50, F|100/100
|switch|p2a: Primarina|Primarina, L50, M, shiny|51/100
|-ability|p1a: Weezing|Neutralizing Gas
|turn|6
|
|t:|1757638333
|move|p2a: Primarina|Protect|p2a: Primarina
|-singleturn|p2a: Primarina|Protect
|move|p1b: Flamigo|Brave Bird|p2b: Amoonguss
|-supereffective|p2b: Amoonguss
|-damage|p2b: Amoonguss|68/100
|-damage|p1b: Flamigo|54/100 brn|[from] Recoil
|move|p1a: Weezing|Sludge Bomb|p2a: Primarina
|-activate|p2a: Primarina|move: Protect
|move|p2b: Amoonguss|Spore|p1a: Weezing
|-status|p1a: Weezing|slp|[from] move: Spore
|
|-damage|p1b: Flamigo|49/100 brn|[from] brn
|upkeep
|turn|7
|
|t:|1757638365
|-terastallize|p2b: Amoonguss|Water
|move|p2b: Amoonguss|Rage Powder|p2b: Amoonguss
|-singleturn|p2b: Amoonguss|move: Rage Powder
|move|p1b: Flamigo|Brave Bird|p2b: Amoonguss
|-crit|p2b: Amoonguss
|-damage|p2b: Amoonguss|33/100
|-enditem|p2b: Amoonguss|Sitrus Berry|[eat]
|-heal|p2b: Amoonguss|58/100|[from] item: Sitrus Berry
|-damage|p1b: Flamigo|33/100 brn|[from] Recoil
|cant|p1a: Weezing|slp
|move|p2a: Primarina|Hyper Voice|p1b: Flamigo|[spread] p1a,p1b
|-damage|p1a: Weezing|75/100 slp
|-damage|p1b: Flamigo|0 fnt
|faint|p1b: Flamigo
|-enditem|p2a: Primarina|Throat Spray
|-boost|p2a: Primarina|spa|1|[from] item: Throat Spray
|
|upkeep
|
|t:|1757638378
|switch|p1b: Slaking|Slaking, L50, F|100/100
|turn|8
|
|t:|1757638401
|switch|p2b: Annihilape|Annihilape, L50, F, shiny|100/100
|move|p2a: Primarina|Protect|p2a: Primarina
|-singleturn|p2a: Primarina|Protect
|move|p1b: Slaking|Double-Edge|p2b: Annihilape
|-immune|p2b: Annihilape
|cant|p1a: Weezing|slp
|
|upkeep
|turn|9
|
|t:|1757638433
|switch|p2a: Amoonguss|Amoonguss, L50, F, shiny, tera:Water|58/100
|move|p1b: Slaking|Protect|p1b: Slaking
|-singleturn|p1b: Slaking|Protect
|move|p2b: Annihilape|Drain Punch|p1b: Slaking
|-activate|p1b: Slaking|move: Protect
|cant|p1a: Weezing|slp
|
|upkeep
|turn|10
|
|t:|1757638460
|move|p2a: Amoonguss|Rage Powder|p2a: Amoonguss
|-singleturn|p2a: Amoonguss|move: Rage Powder
|move|p1b: Slaking|Double-Edge|p2a: Amoonguss
|-crit|p2a: Amoonguss
|-damage|p2a: Amoonguss|0 fnt
|faint|p2a: Amoonguss
|-damage|p1b: Slaking|82/100|[from] Recoil
|-damage|p1b: Slaking|72/100|[from] item: Life Orb
|move|p2b: Annihilape|Drain Punch|p1b: Slaking
|-supereffective|p1b: Slaking
|-damage|p1b: Slaking|22/100
|-curestatus|p1a: Weezing|slp|[msg]
|move|p1a: Weezing|Will-O-Wisp|p2b: Annihilape
|-status|p2b: Annihilape|brn
|
|-damage|p2b: Annihilape|95/100 brn|[from] brn
|upkeep
|
|t:|1757638475
|switch|p2a: Primarina|Primarina, L50, M, shiny|51/100
|turn|11
|
|t:|1757638494
|move|p1b: Slaking|Protect|p1b: Slaking
|-singleturn|p1b: Slaking|Protect
|move|p2a: Primarina|Protect|p2a: Primarina
|-singleturn|p2a: Primarina|Protect
|move|p2b: Annihilape|Drain Punch|p1b: Slaking
|-activate|p1b: Slaking|move: Protect
|move|p1a: Weezing|Sludge Bomb|p2a: Primarina
|-activate|p2a: Primarina|move: Protect
|
|-heal|p2b: Annihilape|100/100 brn|[from] item: Leftovers
|-damage|p2b: Annihilape|95/100 brn|[from] brn
|upkeep
|turn|12
|
|t:|1757638520
|move|p1b: Slaking|High Horsepower|p2b: Annihilape
|-damage|p2b: Annihilape|41/100 brn
|-damage|p1b: Slaking|12/100|[from] item: Life Orb
|move|p2b: Annihilape|Drain Punch|p1b: Slaking
|-supereffective|p1b: Slaking
|-damage|p1b: Slaking|0 fnt
|-heal|p2b: Annihilape|47/100 brn|[from] drain|[of] p1b: Slaking
|faint|p1b: Slaking
|move|p1a: Weezing|Sludge Bomb|p2a: Primarina
|-supereffective|p2a: Primarina
|-damage|p2a: Primarina|6/100
|move|p2a: Primarina|Hyper Voice|p1a: Weezing
|-damage|p1a: Weezing|39/100
|-enditem|p1a: Weezing|Sitrus Berry|[eat]
|-heal|p1a: Weezing|64/100|[from] item: Sitrus Berry
|
|-heal|p2b: Annihilape|53/100 brn|[from] item: Leftovers
|-damage|p2b: Annihilape|47/100 brn|[from] brn
|upkeep
|turn|13
|
|t:|1757638561
|move|p1a: Weezing|Protect|p1a: Weezing
|-singleturn|p1a: Weezing|Protect
|move|p2b: Annihilape|Rage Fist|p1a: Weezing
|-activate|p1a: Weezing|move: Protect
|move|p2a: Primarina|Hyper Voice|p1a: Weezing
|-activate|p1a: Weezing|move: Protect
|
|-heal|p2b: Annihilape|53/100 brn|[from] item: Leftovers
|-damage|p2b: Annihilape|47/100 brn|[from] brn
|upkeep
|turn|14
|
|t:|1757638630
|move|p2b: Annihilape|Rage Fist|p1a: Weezing
|-damage|p1a: Weezing|48/100
|move|p1a: Weezing|Sludge Bomb|p2b: Annihilape
|-resisted|p2b: Annihilape
|-damage|p2b: Annihilape|34/100 brn
|move|p2a: Primarina|Hyper Voice|p1a: Weezing
|-damage|p1a: Weezing|14/100
|
|-heal|p2b: Annihilape|40/100 brn|[from] item: Leftovers
|-damage|p2b: Annihilape|34/100 brn|[from] brn
|upkeep
|turn|15
|
|t:|1757638660
|move|p1a: Weezing|Protect|p1a: Weezing
|-singleturn|p1a: Weezing|Protect
|move|p2b: Annihilape|Rage Fist|p1a: Weezing
|-activate|p1a: Weezing|move: Protect
|move|p2a: Primarina|Hyper Voice|p1a: Weezing
|-activate|p1a: Weezing|move: Protect
|
|-heal|p2b: Annihilape|40/100 brn|[from] item: Leftovers
|-damage|p2b: Annihilape|34/100 brn|[from] brn
|upkeep
|turn|16
|
|t:|1757638694
|move|p2b: Annihilape|Rage Fist|p1a: Weezing
|-damage|p1a: Weezing|0 fnt
|faint|p1a: Weezing
|-end|p1a: Weezing|ability: Neutralizing Gas
|
|win|Ken084
||Whiteflame20 is ready for game 2.
|inactive|Ken084 has 30 seconds to confirm battle start!
||Ken084 is ready for game 2.
|uhtml|next|Next: Game 2 of 3
|l| eleuname0
|j| eleuname0
|l| eleuname0
|j| eleuname0
|l| eleuname0
