|j|☆sopa de moscas
|j|☆Zvhxii
|html|sopa de moscasZvhxii    
|uhtml|bestof|Game 1 of a best-of-3
|t:|1783521599
|gametype|doubles
|player|p1|sopa de moscas|miku-ghost|1382
|player|p2|Zvhxii|ghetsis-gen5bw|1291
|gen|9
|tier|[Gen 9 Champions] VGC 2026 Reg M-B (Bo3)
|rated|
|rule|Species Clause: Limit one of each Pokémon
|rule|Item Clause: Limit 1 of each item
|clearpoke
|poke|p1|Incineroar, L50, F|
|poke|p1|Farigiraf, L50, F|
|poke|p1|Torkoal, L50, M|
|poke|p1|Floette-Eternal, L50, F|
|poke|p1|Maushold-Four, L50|
|poke|p1|Golurk, L50|
|poke|p2|Whimsicott, L50, M|
|poke|p2|Skarmory, L50, F|
|poke|p2|Sneasler, L50, M|
|poke|p2|Kingambit, L50, F|
|poke|p2|Charizard, L50, F|
|poke|p2|Milotic, L50, F|
|teampreview|4
|showteam|p1|Incineroar||ChopleBerry|Intimidate|ThroatChop,FakeOut,FlareBlitz,PartingShot|Careful||F|||50|]Farigiraf||SitrusBerry|ArmorTail|Thunderbolt,Psychic,TrickRoom,Protect|Sassy||F|||50|]Torkoal||Charcoal|Drought|Eruption,HeatWave,WeatherBall,Protect|Quiet||M|||50|]Floette-Eternal||Floettite|FlowerVeil|Moonblast,DazzlingGleam,LightofRuin,Protect|Modest||F|||50|]Maushold-Four||WideLens|Technician|PopulationBomb,FollowMe,HelpingHand,Protect|Jolly|||||50|]Golurk||LifeOrb|NoGuard|HeadlongRush,Poltergeist,Protect,StoneEdge|Brave|||||50|
|showteam|p2|Whimsicott||FocusSash|Prankster|Moonblast,Tailwind,Encore,Protect|Timid||M|||50|]Skarmory||Skarmorite|Sturdy|BraveBird,IronHead,SwordsDance,Protect|Jolly||F|||50|]Sneasler||WhiteHerb|Unburden|DireClaw,CloseCombat,FakeOut,Protect|Jolly||M|||50|]Kingambit||BlackGlasses|Defiant|KowtowCleave,SuckerPunch,LowKick,Protect|Adamant||F|||50|]Charizard||CharizarditeY|Blaze|HeatWave,WeatherBall,SolarBeam,Protect|Modest||F|||50|]Milotic||Leftovers|Competitive|MuddyWater,Coil,Hypnosis,Protect|Calm||F|||50|
|inactive|Battle timer is ON: inactive players will automatically lose when time's up. (requested by sopa de moscas)
|inactive|Zvhxii has 60 seconds left.
|
|t:|1783521643
|teamsize|p1|4
|teamsize|p2|4
|start
|switch|p1a: Maushold|Maushold-Four, L50|100/100
|switch|p1b: Farigiraf|Farigiraf, L50, F|100/100
|switch|p2a: Milotic|Milotic, L50, F|100/100
|switch|p2b: Sneasler|Sneasler, L50, M|100/100
|turn|1
|
|t:|1783521662
|move|p1a: Maushold|Protect|p1a: Maushold
|-singleturn|p1a: Maushold|Protect
|move|p2b: Sneasler|Close Combat|p1a: Maushold
|-activate|p1a: Maushold|move: Protect
|move|p2a: Milotic|Coil|p2a: Milotic
|-boost|p2a: Milotic|atk|1
|-boost|p2a: Milotic|def|1
|-boost|p2a: Milotic|accuracy|1
|move|p1b: Farigiraf|Psychic|p2b: Sneasler
|-supereffective|p2b: Sneasler|2
|-damage|p2b: Sneasler|0 fnt
|faint|p2b: Sneasler
|
|upkeep
|
|t:|1783521668
|switch|p2b: Charizard|Charizard, L50, F|100/100
|turn|2
|
|t:|1783521687
|detailschange|p2b: Charizard|Charizard-Mega-Y, L50, F
|-mega|p2b: Charizard|Charizard|Charizardite Y
|-weather|SunnyDay|[from] ability: Drought|[of] p2b: Charizard
|move|p1a: Maushold|Population Bomb|p2a: Milotic
|-damage|p2a: Milotic|93/100
|-damage|p2a: Milotic|86/100
|-damage|p2a: Milotic|78/100
|-damage|p2a: Milotic|72/100
|-damage|p2a: Milotic|64/100
|-damage|p2a: Milotic|57/100
|-damage|p2a: Milotic|50/100y
|-damage|p2a: Milotic|43/100
|-damage|p2a: Milotic|36/100
|-damage|p2a: Milotic|29/100
|-hitcount|p2a: Milotic|10
|move|p2b: Charizard|Weather Ball|p1b: Farigiraf
|-damage|p1b: Farigiraf|10/100
|-enditem|p1b: Farigiraf|Sitrus Berry|[eat]
|-heal|p1b: Farigiraf|34/100|[from] item: Sitrus Berry
|move|p2a: Milotic|Coil|p2a: Milotic
|-boost|p2a: Milotic|atk|1
|-boost|p2a: Milotic|def|1
|-boost|p2a: Milotic|accuracy|1
|move|p1b: Farigiraf|Trick Room|p1b: Farigiraf
|-fieldstart|move: Trick Room|[of] p1b: Farigiraf
|
|-weather|SunnyDay|[upkeep]
|-heal|p2a: Milotic|35/100|[from] item: Leftovers
|upkeep
|turn|3
|inactive|sopa de moscas has 30 seconds left.
|
|t:|1783521715
|move|p2a: Milotic|Protect|p2a: Milotic
|-singleturn|p2a: Milotic|Protect
|move|p1b: Farigiraf|Thunderbolt|p2a: Milotic
|-activate|p2a: Milotic|move: Protect
|move|p2b: Charizard|Heat Wave|p1a: Maushold|[spread] p1a,p1b
|-damage|p1a: Maushold|5/100
|-damage|p1b: Farigiraf|0 fnt
|faint|p1b: Farigiraf
|move|p1a: Maushold|Population Bomb|p2b: Charizard
|-damage|p2b: Charizard|86/100
|-damage|p2b: Charizard|74/100
|-damage|p2b: Charizard|61/100
|-damage|p2b: Charizard|48/100
|-damage|p2b: Charizard|35/100
|-damage|p2b: Charizard|23/100
|-damage|p2b: Charizard|9/100
|-damage|p2b: Charizard|0 fnt
|faint|p2b: Charizard
|-hitcount|p2: Charizard|8
|
|-weather|SunnyDay|[upkeep]
|-heal|p2a: Milotic|41/100|[from] item: Leftovers
|upkeep
|
|t:|1783521726
|switch|p1b: Golurk|Golurk, L50|100/100
|switch|p2b: Kingambit|Kingambit, L50, F|100/100
|turn|4
|inactive|Zvhxii has 30 seconds left.
|inactive|Zvhxii has 20 seconds left.
|
|t:|1783521764
|move|p1a: Maushold|Helping Hand|p1b: Golurk
|-singleturn|p1b: Golurk|Helping Hand|[of] p1a: Maushold
|move|p2a: Milotic|Protect||[still]
|-fail|p2a: Milotic
|move|p1b: Golurk|Headlong Rush|p2a: Milotic
|-damage|p2a: Milotic|0 fnt
|-unboost|p1b: Golurk|def|1
|-unboost|p1b: Golurk|spd|1
|faint|p2a: Milotic
|-damage|p1b: Golurk|90/100|[from] item: Life Orb
|move|p2b: Kingambit|Kowtow Cleave|p1b: Golurk
|-supereffective|p1b: Golurk|1
|-damage|p1b: Golurk|0 fnt
|faint|p1b: Golurk
|
|-weather|SunnyDay|[upkeep]
|upkeep
|
|t:|1783521772
|switch|p1b: Torkoal|Torkoal, L50, M|100/100
|turn|5
|-message|Zvhxii forfeited.
|
|win|sopa de moscas
|l|☆Zvhxii
|player|p2|
||Zvhxii is ready for game 2.
||sopa de moscas is ready for game 2.
|uhtml|next|Next: Game 2 of 3
