|j|☆richardf99
|j|☆aqueousbloop
|html|richardf99aqueousbloop    
|uhtml|bestof|Game 3 of a best-of-3
|t:|1785592589
|gametype|doubles
|player|p1|richardf99|265|1115
|player|p2|aqueousbloop|102|1082
|gen|9
|tier|[Gen 9 Champions] VGC 2026 Reg M-B (Bo3)
|rated|
|rule|Species Clause: Limit one of each Pokémon
|rule|Item Clause: Limit 1 of each item
|clearpoke
|poke|p1|Charizard, L50, F, shiny|
|poke|p1|Floette-Eternal, L50, F|
|poke|p1|Whimsicott, L50, M|
|poke|p1|Garchomp, L50, F|
|poke|p1|Kingambit, L50, F|
|poke|p1|Basculegion, L50, M|
|poke|p2|Hatterene, L50, F|
|poke|p2|Oranguru, L50, F|
|poke|p2|Mawile, L50, F|
|poke|p2|Kangaskhan, L50, F|
|poke|p2|Venusaur, L50, F|
|poke|p2|Torkoal, L50, F|
|teampreview|4
|showteam|p1|Charizard||CharizarditeY|Blaze|HeatWave,SolarBeam,AirSlash,Protect|Modest||F|||50|]Floette-Eternal||SitrusBerry|FlowerVeil|LightofRuin,DazzlingGleam,Moonblast,Protect|Modest||F|||50|]Whimsicott||FocusSash|Prankster|Tailwind,Moonblast,Encore,Protect|Timid||M|||50|]Garchomp||LifeOrb|RoughSkin|Earthquake,DragonClaw,RockSlide,Protect|Jolly||F|||50|]Kingambit||BlackGlasses|SupremeOverlord|KowtowCleave,SuckerPunch,IronHead,Protect|Adamant||F|||50|]Basculegion||SpellTag|Adaptability|WaveCrash,LastRespects,FlipTurn,AquaJet|Jolly||M|||50|
|showteam|p2|Hatterene||LifeOrb|MagicBounce|Protect,Psychic,TrickRoom,DazzlingGleam|Quiet||F|||50|]Oranguru||MentalHerb|InnerFocus|Protect,Instruct,Psychic,TrickRoom|Bold||F|||50|]Mawile||Mawilite|HyperCutter|SuckerPunch,PlayRough,Protect,IronHead|Brave||F|||50|]Kangaskhan||SilkScarf|Scrappy|LastResort,FakeOut|Brave||F|||50|]Venusaur||FocusSash|Chlorophyll|LeafStorm,SludgeBomb,SleepPowder,Protect|Modest||F|||50|]Torkoal||Charcoal|Drought|Eruption,Protect,EarthPower,HeatWave|Quiet||F|||50|
|inactive|Battle timer is ON: inactive players will automatically lose when time's up. (requested by richardf99)
|
|t:|1785592662
|teamsize|p1|4
|teamsize|p2|4
|start
|switch|p1a: Charizard|Charizard, L50, F, shiny|100/100
|switch|p1b: Garchomp|Garchomp, L50, F|100/100
|switch|p2a: Kangaskhan|Kangaskhan, L50, F|100/100
|switch|p2b: Oranguru|Oranguru, L50, F|100/100
|turn|1
|
|t:|1785592681
|detailschange|p1a: Charizard|Charizard-Mega-Y, L50, F, shiny
|-mega|p1a: Charizard|Charizard|Charizardite Y
|-weather|SunnyDay|[from] ability: Drought|[of] p1a: Charizard
|move|p2a: Kangaskhan|Fake Out|p1b: Garchomp
|-crit|p1b: Garchomp
|-damage|p1b: Garchomp|64/100
|-damage|p2a: Kangaskhan|87/100|[from] ability: Rough Skin|[of] p1b: Garchomp
|cant|p1b: Garchomp|flinch
|move|p1a: Charizard|Heat Wave|p2a: Kangaskhan|[spread] p2a
|-miss|p1a: Charizard|p2b: Oranguru
|-crit|p2a: Kangaskhan
|-damage|p2a: Kangaskhan|0 fnt
|faint|p2a: Kangaskhan
|move|p2b: Oranguru|Trick Room|p2b: Oranguru
|-fieldstart|move: Trick Room|[of] p2b: Oranguru
|
|-weather|SunnyDay|[upkeep]
|upkeep
|
|t:|1785592696
|switch|p2a: Torkoal|Torkoal, L50, F|100/100
|turn|2
|inactive|richardf99 has 30 seconds left.
|
|t:|1785592729
|move|p1a: Charizard|Protect|p1a: Charizard
|-singleturn|p1a: Charizard|Protect
|move|p1b: Garchomp|Protect|p1b: Garchomp
|-singleturn|p1b: Garchomp|Protect
|move|p2a: Torkoal|Eruption|p1a: Charizard|[spread] 
|-activate|p1a: Charizard|move: Protect
|-activate|p1b: Garchomp|move: Protect
|move|p2b: Oranguru|Instruct|p2a: Torkoal
|-singleturn|p2a: Torkoal|move: Instruct|[of] p2b: Oranguru
|move|p2a: Torkoal|Eruption|p1b: Garchomp|[spread] 
|-activate|p1a: Charizard|move: Protect
|-activate|p1b: Garchomp|move: Protect
|
|-weather|SunnyDay|[upkeep]
|upkeep
|turn|3
|
|t:|1785592752
|switch|p1a: Basculegion|Basculegion, L50, M|100/100
|move|p2a: Torkoal|Eruption|p1b: Garchomp|[spread] p1a,p1b
|-resisted|p1a: Basculegion|1
|-resisted|p1b: Garchomp|1
|-damage|p1a: Basculegion|52/100
|-damage|p1b: Garchomp|12/100
|move|p2b: Oranguru|Instruct|p2a: Torkoal
|-singleturn|p2a: Torkoal|move: Instruct|[of] p2b: Oranguru
|move|p2a: Torkoal|Eruption|p1b: Garchomp|[spread] p1a,p1b
|-resisted|p1a: Basculegion|1
|-resisted|p1b: Garchomp|1
|-damage|p1a: Basculegion|1/100
|-damage|p1b: Garchomp|0 fnt
|faint|p1b: Garchomp
|
|-weather|SunnyDay|[upkeep]
|upkeep
|
|t:|1785592769
|switch|p1b: Kingambit|Kingambit, L50, F|100/100
|-activate|p1b: Kingambit|ability: Supreme Overlord
|-start|p1b: Kingambit|fallen1|[silent]
|turn|4
|
|t:|1785592782
|move|p1b: Kingambit|Protect|p1b: Kingambit
|-singleturn|p1b: Kingambit|Protect
|move|p1a: Basculegion|Aqua Jet|p2a: Torkoal
|-supereffective|p2a: Torkoal|1
|-damage|p2a: Torkoal|79/100
|move|p2a: Torkoal|Eruption|p1a: Basculegion|[spread] p1a
|-activate|p1b: Kingambit|move: Protect
|-resisted|p1a: Basculegion|1
|-damage|p1a: Basculegion|0 fnt
|faint|p1a: Basculegion
|move|p2b: Oranguru|Instruct|p2a: Torkoal
|-singleturn|p2a: Torkoal|move: Instruct|[of] p2b: Oranguru
|move|p2a: Torkoal|Eruption|p1b: Kingambit
|-activate|p1b: Kingambit|move: Protect
|
|-weather|SunnyDay|[upkeep]
|upkeep
|
|t:|1785592798
|switch|p1a: Charizard|Charizard-Mega-Y, L50, F, shiny|100/100
|turn|5
|
|t:|1785592816
|move|p1b: Kingambit|Sucker Punch|p2a: Torkoal
|-damage|p2a: Torkoal|36/100
|move|p2a: Torkoal|Heat Wave|p1b: Kingambit|[spread] p1a,p1b
|-resisted|p1a: Charizard|1
|-supereffective|p1b: Kingambit|1
|-damage|p1a: Charizard|73/100
|-damage|p1b: Kingambit|0 fnt
|faint|p1b: Kingambit
|-end|p1b: Kingambit|fallen1|[silent]
|move|p2b: Oranguru|Instruct|p2a: Torkoal
|-singleturn|p2a: Torkoal|move: Instruct|[of] p2b: Oranguru
|move|p2a: Torkoal|Heat Wave|p1a: Charizard
|-resisted|p1a: Charizard|1
|-damage|p1a: Charizard|32/100
|move|p1a: Charizard|Heat Wave|p2a: Torkoal|[spread] p2a,p2b
|-resisted|p2a: Torkoal|1
|-damage|p2a: Torkoal|0 fnt
|-damage|p2b: Oranguru|46/100
|-status|p2b: Oranguru|brn
|faint|p2a: Torkoal
|
|-weather|none
|-damage|p2b: Oranguru|40/100 brn|[from] brn
|-fieldend|move: Trick Room
|upkeep
|
|t:|1785592834
|switch|p2a: Venusaur|Venusaur, L50, F|100/100
|turn|6
|inactive|aqueousbloop has 30 seconds left.
|
|t:|1785592860
|move|p1a: Charizard|Heat Wave|p2b: Oranguru|[spread] p2a,p2b
|-supereffective|p2a: Venusaur|1
|-enditem|p2a: Venusaur|Focus Sash
|-damage|p2a: Venusaur|1/100
|-damage|p2b: Oranguru|2/100 brn
|move|p2a: Venusaur|Sludge Bomb|p1a: Charizard
|-damage|p1a: Charizard|0 fnt
|faint|p1a: Charizard
|
|win|aqueousbloop
|raw|richardf99's rating: 1115 → 1088(-27 for losing)
|raw|aqueousbloop's rating: 1082 → 1112(+30 for winning)
|l|☆richardf99
|player|p1|
