|j|☆Latario
|j|☆palle synchro
|html|Latariopalle synchro    
|uhtml|bestof|Game 1 of a best-of-3
|t:|1784989113
|gametype|doubles
|player|p1|Latario|101|1355
|player|p2|palle synchro|volkner|1388
|gen|9
|tier|[Gen 9 Champions] VGC 2026 Reg M-B (Bo3)
|rated|
|rule|Species Clause: Limit one of each Pokémon
|rule|Item Clause: Limit 1 of each item
|clearpoke
|poke|p1|Froslass, L50, F|
|poke|p1|Dragonite, L50, M|
|poke|p1|Toxapex, L50, F|
|poke|p1|Sneasler, L50, F|
|poke|p1|Kingambit, L50, F|
|poke|p1|Blaziken, L50, F|
|poke|p2|Charizard, L50, M|
|poke|p2|Venusaur, L50, M|
|poke|p2|Grimmsnarl, L50, M|
|poke|p2|Archaludon, L50, F|
|poke|p2|Pelipper, L50, F|
|poke|p2|Swampert, L50, M|
|teampreview|4
|showteam|p1|Froslass||Froslassite|CursedBody|Blizzard,ShadowBall,AuroraVeil,Protect|Timid||F|||50|]Dragonite||LifeOrb|InnerFocus|DragonClaw,ExtremeSpeed,LowKick,Protect|Adamant||M|||50|]Toxapex||Leftovers|Regenerator|Infestation,Toxic,WideGuard,BanefulBunker|Bold||F|||50|]Sneasler||FocusSash|PoisonTouch|CloseCombat,PoisonJab,FakeOut,Protect|Jolly||F|||50|]Kingambit||BlackGlasses|Defiant|KowtowCleave,IronHead,SuckerPunch,Protect|Adamant||F|||50|]Blaziken||Blazikenite|SpeedBoost|CloseCombat,FlareBlitz,RockSlide,Protect|Adamant||F|||50|
|showteam|p2|Charizard||CharizarditeY|Blaze|HeatWave,WeatherBall,Hurricane,Protect|Modest||M|||50|]Venusaur||FocusSash|Chlorophyll|EnergyBall,SludgeBomb,EarthPower,SleepPowder|Modest||M|||50|]Grimmsnarl||LightClay|Prankster|SpiritBreak,PartingShot,Reflect,LightScreen|Careful||M|||50|]Archaludon||Leftovers|Stamina|ElectroShot,DragonPulse,FlashCannon,Protect|Modest||F|||50|]Pelipper||SitrusBerry|Drizzle|WeatherBall,Hurricane,Tailwind,Protect|Modest||F|||50|]Swampert||Swampertite|Torrent|WaveCrash,HighHorsepower,IcePunch,Protect|Adamant||M|||50|
|inactive|Battle timer is ON: inactive players will automatically lose when time's up. (requested by palle synchro)
|
|t:|1784989137
|teamsize|p1|4
|teamsize|p2|4
|start
|switch|p1a: Froslass|Froslass, L50, F|100/100
|switch|p1b: Dragonite|Dragonite, L50, M|100/100
|switch|p2a: Swampert|Swampert, L50, M|100/100
|switch|p2b: Grimmsnarl|Grimmsnarl, L50, M|100/100
|turn|1
|
|t:|1784989156
|switch|p1b: Toxapex|Toxapex, L50, F|100/100
|detailschange|p1a: Froslass|Froslass-Mega, L50, F
|-mega|p1a: Froslass|Froslass|Froslassite
|-weather|Snowscape|[from] ability: Snow Warning|[of] p1a: Froslass
|detailschange|p2a: Swampert|Swampert-Mega, L50, M
|-mega|p2a: Swampert|Swampert|Swampertite
|move|p2b: Grimmsnarl|Parting Shot|p1a: Froslass
|-unboost|p1a: Froslass|atk|1
|-unboost|p1a: Froslass|spa|1
|
|t:|1784989161
|switch|p2b: Pelipper|Pelipper, L50, F|100/100|[from] Parting Shot
|-weather|RainDance|[from] ability: Drizzle|[of] p2b: Pelipper
|move|p2a: Swampert|Ice Punch|p1b: Toxapex
|-resisted|p1b: Toxapex|1
|-damage|p1b: Toxapex|90/100
|move|p1a: Froslass|Blizzard|p2a: Swampert|[spread] p2a,p2b
|-damage|p2a: Swampert|76/100
|-damage|p2b: Pelipper|71/100
|
|-weather|RainDance|[upkeep]
|-heal|p1b: Toxapex|96/100|[from] item: Leftovers
|upkeep
|turn|2
|
|t:|1784989186
|switch|p1a: Dragonite|Dragonite, L50, M|100/100
|switch|p2b: Archaludon|Archaludon, L50, F|100/100
|move|p2a: Swampert|High Horsepower|p1b: Toxapex
|-supereffective|p1b: Toxapex|1
|-damage|p1b: Toxapex|22/100
|move|p1b: Toxapex|Infestation|p2a: Swampert
|-damage|p2a: Swampert|74/100
|-activate|p2a: Swampert|move: Infestation|[of] p1b: Toxapex
|
|-weather|RainDance|[upkeep]
|-heal|p1b: Toxapex|28/100|[from] item: Leftovers
|-damage|p2a: Swampert|61/100|[from] move: Infestation|[partiallytrapped]
|upkeep
|turn|3
|
|t:|1784989209
|move|p1b: Toxapex|Baneful Bunker|p1b: Toxapex
|-singleturn|p1b: Toxapex|move: Protect
|move|p2a: Swampert|High Horsepower|p1b: Toxapex
|-activate|p1b: Toxapex|move: Protect
|-status|p2a: Swampert|psn
|move|p2b: Archaludon|Dragon Pulse|p1a: Dragonite
|-supereffective|p1a: Dragonite|1
|-damage|p1a: Dragonite|23/100
|move|p1a: Dragonite|Dragon Claw|p2a: Swampert
|-damage|p2a: Swampert|9/100 psn
|-damage|p1a: Dragonite|14/100|[from] item: Life Orb
|
|-weather|RainDance|[upkeep]
|-heal|p1b: Toxapex|33/100|[from] item: Leftovers
|-damage|p2a: Swampert|0 fnt|[from] psn
|faint|p2a: Swampert
|upkeep
|
|t:|1784989220
|switch|p2a: Grimmsnarl|Grimmsnarl, L50, M|100/100
|turn|4
|
|t:|1784989231
|switch|p1a: Froslass|Froslass-Mega, L50, F|100/100
|-weather|Snowscape|[from] ability: Snow Warning|[of] p1a: Froslass
|move|p2b: Archaludon|Dragon Pulse|p1b: Toxapex
|-damage|p1b: Toxapex|5/100
|move|p2a: Grimmsnarl|Spirit Break|p1b: Toxapex
|-resisted|p1b: Toxapex|1
|-damage|p1b: Toxapex|0 fnt
|faint|p1b: Toxapex
|
|-weather|Snowscape|[upkeep]
|upkeep
|
|t:|1784989240
|switch|p1b: Sneasler|Sneasler, L50, F|100/100
|turn|5
|
|t:|1784989252
|move|p1b: Sneasler|Protect|p1b: Sneasler
|-singleturn|p1b: Sneasler|Protect
|move|p2b: Archaludon|Protect|p2b: Archaludon
|-singleturn|p2b: Archaludon|Protect
|move|p2a: Grimmsnarl|Reflect|p2a: Grimmsnarl
|-sidestart|p2: palle synchro|Reflect
|move|p1a: Froslass|Aurora Veil|p1a: Froslass
|-sidestart|p1: Latario|move: Aurora Veil
|
|-weather|Snowscape|[upkeep]
|upkeep
|turn|6
|
|t:|1784989276
|move|p2a: Grimmsnarl|Parting Shot|p1a: Froslass
|-unboost|p1a: Froslass|atk|1
|-unboost|p1a: Froslass|spa|1
|
|t:|1784989279
|switch|p2a: Pelipper|Pelipper, L50, F|71/100|[from] Parting Shot
|-weather|RainDance|[from] ability: Drizzle|[of] p2a: Pelipper
|move|p1b: Sneasler|Close Combat|p2b: Archaludon
|-supereffective|p2b: Archaludon|1
|-damage|p2b: Archaludon|42/100
|-unboost|p1b: Sneasler|def|1
|-unboost|p1b: Sneasler|spd|1
|-ability|p2b: Archaludon|Stamina|boost
|-boost|p2b: Archaludon|def|1
|move|p1a: Froslass|Shadow Ball|p2b: Archaludon
|-damage|p2b: Archaludon|15/100
|-ability|p2b: Archaludon|Stamina|boost
|-boost|p2b: Archaludon|def|1
|move|p2b: Archaludon|Flash Cannon|p1a: Froslass
|-supereffective|p1a: Froslass|1
|-damage|p1a: Froslass|42/100
|
|-weather|RainDance|[upkeep]
|-heal|p2b: Archaludon|22/100|[from] item: Leftovers
|upkeep
|turn|7
|
|t:|1784989295
|move|p2b: Archaludon|Protect|p2b: Archaludon
|-singleturn|p2b: Archaludon|Protect
|move|p1b: Sneasler|Poison Jab|p2a: Pelipper
|-damage|p2a: Pelipper|43/100
|-status|p2a: Pelipper|psn|[from] ability: Poison Touch|[of] p1b: Sneasler
|-enditem|p2a: Pelipper|Sitrus Berry|[eat]
|-heal|p2a: Pelipper|68/100 psn|[from] item: Sitrus Berry
|move|p1a: Froslass|Shadow Ball|p2a: Pelipper
|-damage|p2a: Pelipper|35/100 psn
|move|p2a: Pelipper|Tailwind|p2a: Pelipper
|-sidestart|p2: palle synchro|move: Tailwind
|
|-weather|RainDance|[upkeep]
|-heal|p2b: Archaludon|28/100|[from] item: Leftovers
|-damage|p2a: Pelipper|23/100 psn|[from] psn
|upkeep
|turn|8
|
|t:|1784989318
|move|p2b: Archaludon|Electro Shot||[still]
|-prepare|p2b: Archaludon|Electro Shot
|-boost|p2b: Archaludon|spa|1
|-anim|p2b: Archaludon|Electro Shot|p1b: Sneasler
|-damage|p1b: Sneasler|10/100
|move|p2a: Pelipper|Hurricane|p1b: Sneasler
|-supereffective|p1b: Sneasler|1
|-damage|p1b: Sneasler|0 fnt
|faint|p1b: Sneasler
|move|p1a: Froslass|Blizzard|p2b: Archaludon|[spread] p2a
|-miss|p1a: Froslass|p2b: Archaludon
|-damage|p2a: Pelipper|0 fnt
|faint|p2a: Pelipper
|
|-weather|RainDance|[upkeep]
|-heal|p2b: Archaludon|34/100|[from] item: Leftovers
|upkeep
|
|t:|1784989325
|switch|p1b: Dragonite|Dragonite, L50, M|14/100
|switch|p2a: Grimmsnarl|Grimmsnarl, L50, M|100/100
|turn|9
|
|t:|1784989334
|move|p2b: Archaludon|Flash Cannon|p1a: Froslass
|-supereffective|p1a: Froslass|1
|-damage|p1a: Froslass|0 fnt
|faint|p1a: Froslass
|move|p2a: Grimmsnarl|Spirit Break|p1b: Dragonite
|-supereffective|p1b: Dragonite|1
|-damage|p1b: Dragonite|0 fnt
|faint|p1b: Dragonite
|
|win|palle synchro
