|j|☆TopekaMelon
|j|☆ohmelia
|html|TopekaMelonohmelia    
|uhtml|bestof|Game 3 of a best-of-3
|t:|1783899427
|gametype|doubles
|player|p1|TopekaMelon|sabrina|
|player|p2|ohmelia|bugcatcher-gen4dp|
|gen|9
|tier|[Gen 9 Champions] VGC 2026 Reg M-B (Bo3)
|rule|Species Clause: Limit one of each Pokémon
|rule|Item Clause: Limit 1 of each item
|clearpoke
|poke|p1|Farigiraf, L50, F|
|poke|p1|Torkoal, L50, F|
|poke|p1|Incineroar, L50, M|
|poke|p1|Vivillon-Elegant, L50, M|
|poke|p1|Gardevoir, L50, M|
|poke|p1|Mudsdale, L50, M|
|poke|p2|Delphox, L50, F|
|poke|p2|Blastoise, L50, M|
|poke|p2|Sneasler, L50, F|
|poke|p2|Incineroar, L50, M|
|poke|p2|Sinistcha, L50|
|poke|p2|Maushold-Four, L50|
|teampreview|4
|showteam|p1|Farigiraf||SitrusBerry|ArmorTail|Protect,TrickRoom,Thunderbolt,Psychic|Sassy||F|||50|]Torkoal||Charcoal|Drought|Protect,SolarBeam,WeatherBall,Eruption|Quiet||F|||50|]Incineroar||WhiteHerb|Intimidate|FlareBlitz,DarkestLariat,CloseCombat,FakeOut|Brave||M|||50|]Vivillon-Elegant||FocusSash|CompoundEyes|Protect,RagePowder,SleepPowder,Hurricane|Timid||M|||50|]Gardevoir||Gardevoirite|Telepathy|Protect,TrickRoom,Psychic,HyperVoice|Quiet||M|||50|]Mudsdale||LifeOrb|InnerFocus|Earthquake,HighHorsepower,HeavySlam,RockSlide|Brave||M|||50|
|showteam|p2|Delphox||Delphoxite|Blaze|Protect,NastyPlot,HeatWave,Psyshock|Modest||F|||50|]Blastoise||Blastoisinite|RainDish|Protect,ShellSmash,WaterSpout,DarkPulse|Modest||M|||50|]Sneasler||WhiteHerb|Unburden|CloseCombat,GunkShot,FakeOut,RainDance|Jolly||F|||50|]Incineroar||SitrusBerry|Intimidate|FlareBlitz,FakeOut,ThroatChop,PartingShot|Impish||M|||50|]Sinistcha||KasibBerry|Hospitality|Protect,MatchaGotcha,RagePowder,LifeDew|Bold|||||50|]Maushold-Four||FocusSash|FriendGuard|Protect,FollowMe,SuperFang,Feint|Jolly|||||50|
|
|t:|1783899475
|teamsize|p1|4
|teamsize|p2|4
|start
|switch|p1a: Vivillon|Vivillon-Elegant, L50, M|100/100
|switch|p1b: Gardevoir|Gardevoir, L50, M|100/100
|switch|p2a: Blastoise|Blastoise, L50, M|100/100
|switch|p2b: Maushold|Maushold-Four, L50|100/100
|turn|1
|
|t:|1783899538
|detailschange|p2a: Blastoise|Blastoise-Mega, L50, M
|-mega|p2a: Blastoise|Blastoise|Blastoisinite
|detailschange|p1b: Gardevoir|Gardevoir-Mega, L50, M
|-mega|p1b: Gardevoir|Gardevoir|Gardevoirite
|move|p2b: Maushold|Follow Me|p2b: Maushold
|-singleturn|p2b: Maushold|move: Follow Me
|move|p1a: Vivillon|Sleep Powder|p2b: Maushold
|-status|p2b: Maushold|slp|[from] move: Sleep Powder
|move|p2a: Blastoise|Water Spout|p1a: Vivillon|[spread] p1a,p1b
|-enditem|p1a: Vivillon|Focus Sash
|-damage|p1a: Vivillon|1/100
|-damage|p1b: Gardevoir|48/100
|move|p1b: Gardevoir|Trick Room|p1b: Gardevoir
|-fieldstart|move: Trick Room|[of] p1b: Gardevoir
|
|upkeep
|turn|2
|
|t:|1783899580
|switch|p1a: Torkoal|Torkoal, L50, F|100/100
|-weather|SunnyDay|[from] ability: Drought|[of] p1a: Torkoal
|move|p2a: Blastoise|Protect|p2a: Blastoise
|-singleturn|p2a: Blastoise|Protect
|cant|p2b: Maushold|slp
|move|p1b: Gardevoir|Hyper Voice|p2b: Maushold|[spread] p2b
|-activate|p2a: Blastoise|move: Protect
|-damage|p2b: Maushold|26/100 slp
|
|-weather|SunnyDay|[upkeep]
|upkeep
|turn|3
|
|t:|1783899624
|switch|p2a: Incineroar|Incineroar, L50, M|100/100
|-ability|p2a: Incineroar|Intimidate|boost
|-unboost|p1a: Torkoal|atk|1
|-unboost|p1b: Gardevoir|atk|1
|-curestatus|p2b: Maushold|slp|[msg]
|move|p2b: Maushold|Protect|p2b: Maushold
|-singleturn|p2b: Maushold|Protect
|move|p1a: Torkoal|Eruption|p2b: Maushold|[spread] p2a
|-activate|p2b: Maushold|move: Protect
|-resisted|p2a: Incineroar|1
|-damage|p2a: Incineroar|68/100
|move|p1b: Gardevoir|Hyper Voice|p2a: Incineroar|[spread] p2a
|-activate|p2b: Maushold|move: Protect
|-damage|p2a: Incineroar|26/100
|-enditem|p2a: Incineroar|Sitrus Berry|[eat]
|-heal|p2a: Incineroar|51/100|[from] item: Sitrus Berry
|
|-weather|SunnyDay|[upkeep]
|upkeep
|turn|4
|
|t:|1783899697
|switch|p1b: Farigiraf|Farigiraf, L50, F|100/100
|move|p2b: Maushold|Feint||[still]
|cant|p1b: Farigiraf|ability: Armor Tail|Feint|[of] p2b: Maushold
|move|p1a: Torkoal|Eruption|p2a: Incineroar|[spread] p2a,p2b
|-resisted|p2a: Incineroar|1
|-damage|p2a: Incineroar|21/100
|-damage|p2b: Maushold|0 fnt
|faint|p2b: Maushold
|move|p2a: Incineroar|Throat Chop|p1b: Farigiraf
|-supereffective|p1b: Farigiraf|1
|-damage|p1b: Farigiraf|48/100
|-start|p1b: Farigiraf|Throat Chop|[silent]
|-enditem|p1b: Farigiraf|Sitrus Berry|[eat]
|-heal|p1b: Farigiraf|73/100|[from] item: Sitrus Berry
|
|-weather|SunnyDay|[upkeep]
|upkeep
|
|t:|1783899711
|switch|p2b: Sneasler|Sneasler, L50, F|100/100
|turn|5
|
|t:|1783899748
|move|p1a: Torkoal|Eruption|p2b: Sneasler|[spread] p2a,p2b
|-resisted|p2a: Incineroar|1
|-damage|p2a: Incineroar|0 fnt
|-damage|p2b: Sneasler|2/100
|faint|p2a: Incineroar
|move|p1b: Farigiraf|Psychic|p2b: Sneasler
|-supereffective|p2b: Sneasler|2
|-damage|p2b: Sneasler|0 fnt
|faint|p2b: Sneasler
|
|-weather|SunnyDay|[upkeep]
|-end|p1b: Farigiraf|Throat Chop|[silent]
|-fieldend|move: Trick Room
|upkeep
|
|t:|1783899754
|switch|p2a: Blastoise|Blastoise-Mega, L50, M|100/100
|turn|6
|
|t:|1783899764
|move|p1a: Torkoal|Protect|p1a: Torkoal
|-singleturn|p1a: Torkoal|Protect
|move|p2a: Blastoise|Dark Pulse|p1b: Farigiraf
|-supereffective|p1b: Farigiraf|1
|-damage|p1b: Farigiraf|0 fnt
|faint|p1b: Farigiraf
|
|-weather|none
|upkeep
|
|t:|1783899774
|switch|p1b: Gardevoir|Gardevoir-Mega, L50, M|48/100
|turn|7
|
|t:|1783899782
|switch|p1a: Vivillon|Vivillon-Elegant, L50, M|1/100
|move|p2a: Blastoise|Water Spout|p1a: Vivillon|[spread] p1a,p1b
|-damage|p1a: Vivillon|0 fnt
|-damage|p1b: Gardevoir|0 fnt
|faint|p1a: Vivillon
|faint|p1b: Gardevoir
|
|upkeep
|
|t:|1783899790
|switch|p1b: Torkoal|Torkoal, L50, F|100/100
|-weather|SunnyDay|[from] ability: Drought|[of] p1b: Torkoal
|turn|8
|
|t:|1783899800
|move|p2a: Blastoise|Water Spout|p1b: Torkoal
|-supereffective|p1b: Torkoal|1
|-damage|p1b: Torkoal|0 fnt
|faint|p1b: Torkoal
|
|win|ohmelia
|l|☆TopekaMelon
|player|p1|
