|j|☆KoopaPlays
|j|☆whipq
|html|KoopaPlayswhipq    
|uhtml|bestof|Game 2 of a best-of-3
|t:|1783814468
|gametype|doubles
|player|p1|KoopaPlays|hiker|
|player|p2|whipq|2|
|gen|9
|tier|[Gen 9 Champions] VGC 2026 Reg M-B (Bo3)
|rule|Species Clause: Limit one of each Pokémon
|rule|Item Clause: Limit 1 of each item
|clearpoke
|poke|p1|Glimmora, L50, M, shiny|
|poke|p1|Liepard, L50, F, shiny|
|poke|p1|Krookodile, L50, M|
|poke|p1|Rotom-Heat, L50, shiny|
|poke|p1|Corviknight, L50, M, shiny|
|poke|p1|Mawile, L50, F, shiny|
|poke|p2|Simipour, L50, F, shiny|
|poke|p2|Salazzle, L50, F, shiny|
|poke|p2|Sableye, L50, M, shiny|
|poke|p2|Snorlax, L50, M, shiny|
|poke|p2|Chesnaught, L50, M, shiny|
|poke|p2|Aegislash, L50, F, shiny|
|teampreview|4
|showteam|p1|Glimmora||Glimmoranite|ToxicDebris|SludgeBomb,EarthPower,PowerGem,SpikyShield|Modest||M|||50|]Liepard||FocusSash|Prankster|FakeOut,FakeTears,Encore,Taunt|Jolly||F|||50|]Krookodile||LifeOrb|Intimidate|KnockOff,CloseCombat,HighHorsepower,Protect|Adamant||M|||50|]Rotom-Heat||SitrusBerry|Levitate|Overheat,Thunderbolt,Electroweb,VoltSwitch|Modest|||||50|]Corviknight||OccaBerry|Unnerve|BraveBird,Tailwind,IronHead,Protect|Careful||M|||50|]Mawile||Mawilite|HyperCutter|SuckerPunch,PlayRough,IronHead,Protect|Adamant||F|||50|
|showteam|p2|Simipour||SitrusBerry|Gluttony|IcePunch,Liquidation,FlipTurn,FakeOut|Jolly||F|||50|]Salazzle||FocusSash|Oblivious|HeatWave,SludgeWave,Protect,NastyPlot|Timid||F|||50|]Sableye||Sablenite|Prankster|Poltergeist,FakeOut,WillOWisp,DrainPunch|Adamant||M|||50|]Snorlax||Leftovers|ThickFat|BodySlam,IcePunch,Rest,SleepTalk|Adamant||M|||50|]Chesnaught||Chesnaughtite|Bulletproof|WoodHammer,BodyPress,SpikyShield,LeechSeed|Impish||M|||50|]Aegislash||OccaBerry|StanceChange|SacredSword,DestinyBond,KingsShield,Poltergeist|Careful||F|||50|
|
|t:|1783814523
|teamsize|p1|4
|teamsize|p2|4
|start
|switch|p1a: Glimmora|Glimmora, L50, M, shiny|100/100
|switch|p1b: Liepard|Liepard, L50, F, shiny|100/100
|switch|p2a: Simipour|Simipour, L50, F, shiny|100/100
|switch|p2b: Chesnaught|Chesnaught, L50, M, shiny|100/100
|turn|1
|
|t:|1783814585
|detailschange|p2b: Chesnaught|Chesnaught-Mega, L50, M, shiny
|-mega|p2b: Chesnaught|Chesnaught|Chesnaughtite
|move|p1a: Glimmora|Spiky Shield|p1a: Glimmora
|-singleturn|p1a: Glimmora|move: Protect
|move|p2b: Chesnaught|Spiky Shield|p2b: Chesnaught
|-singleturn|p2b: Chesnaught|move: Protect
|move|p1b: Liepard|Fake Tears|p2b: Chesnaught
|-activate|p2b: Chesnaught|move: Protect
|move|p2a: Simipour|Liquidation|p1b: Liepard
|-damage|p1b: Liepard|38/100
|
|upkeep
|turn|2
|
|t:|1783814685
|switch|p2b: Aegislash|Aegislash, L50, F, shiny|100/100
|detailschange|p1a: Glimmora|Glimmora-Mega, L50, M, shiny
|-mega|p1a: Glimmora|Glimmora|Glimmoranite
|move|p1b: Liepard|Fake Tears|p2b: Aegislash
|-unboost|p2b: Aegislash|spd|2
|move|p2a: Simipour|Flip Turn|p1b: Liepard
|-damage|p1b: Liepard|0 fnt
|faint|p1b: Liepard
|
|t:|1783814699
|switch|p2a: Chesnaught|Chesnaught-Mega, L50, M, shiny|100/100|[from] Flip Turn
|move|p1a: Glimmora|Power Gem|p2b: Aegislash
|-resisted|p2b: Aegislash|1
|-damage|p2b: Aegislash|58/100
|
|upkeep
|
|t:|1783814736
|switch|p1b: Krookodile|Krookodile, L50, M|100/100
|-ability|p1b: Krookodile|Intimidate|boost
|-unboost|p2a: Chesnaught|atk|1
|-unboost|p2b: Aegislash|atk|1
|turn|3
|
|t:|1783814834
|move|p1a: Glimmora|Earth Power|p2b: Aegislash
|-supereffective|p2b: Aegislash|1
|-damage|p2b: Aegislash|0 fnt
|faint|p2b: Aegislash
|move|p1b: Krookodile|Knock Off|p2a: Chesnaught
|-resisted|p2a: Chesnaught|1
|-damage|p2a: Chesnaught|89/100
|-damage|p1b: Krookodile|90/100|[from] item: Life Orb
|move|p2a: Chesnaught|Body Press|p1a: Glimmora
|-damage|p1a: Glimmora|38/100
|
|upkeep
|
|t:|1783814844
|switch|p2b: Simipour|Simipour, L50, F, shiny|100/100
|turn|4
|
|t:|1783814874
|switch|p1b: Corviknight|Corviknight, L50, M, shiny|100/100
|-ability|p1b: Corviknight|Unnerve
|move|p2a: Chesnaught|Spiky Shield|p2a: Chesnaught
|-singleturn|p2a: Chesnaught|move: Protect
|move|p2b: Simipour|Fake Out|p1a: Glimmora
|-resisted|p1a: Glimmora|1
|-damage|p1a: Glimmora|32/100
|cant|p1a: Glimmora|flinch
|
|upkeep
|turn|5
|
|t:|1783814911
|switch|p2a: Salazzle|Salazzle, L50, F, shiny|100/100
|move|p2b: Simipour|Liquidation|p1a: Glimmora
|-supereffective|p1a: Glimmora|1
|-damage|p1a: Glimmora|0 fnt
|faint|p1a: Glimmora
|move|p1b: Corviknight|Brave Bird|p2a: Salazzle
|-damage|p2a: Salazzle|6/100
|-damage|p1b: Corviknight|76/100|[from] Recoil
|
|upkeep
|
|t:|1783814920
|switch|p1a: Krookodile|Krookodile, L50, M|90/100
|-ability|p1a: Krookodile|Intimidate|boost
|-fail|p2a: Salazzle|unboost|Attack|[from] ability: Oblivious|[of] p2a: Salazzle
|-unboost|p2b: Simipour|atk|1
|turn|6
|
|t:|1783814944
|move|p2a: Salazzle|Heat Wave|p1a: Krookodile|[spread] p1a,p1b
|-supereffective|p1b: Corviknight|1
|-enditem|p1b: Corviknight|Occa Berry|[eat]
|-enditem|p1b: Corviknight|Occa Berry|[weaken]
|-damage|p1a: Krookodile|40/100
|-damage|p1b: Corviknight|45/100
|move|p2b: Simipour|Liquidation|p1a: Krookodile
|-supereffective|p1a: Krookodile|1
|-damage|p1a: Krookodile|0 fnt
|faint|p1a: Krookodile
|move|p1b: Corviknight|Brave Bird|p2a: Salazzle
|-damage|p2a: Salazzle|0 fnt
|faint|p2a: Salazzle
|-damage|p1b: Corviknight|43/100|[from] Recoil
|
|upkeep
|
|t:|1783814949
|switch|p2a: Chesnaught|Chesnaught-Mega, L50, M, shiny|89/100
|turn|7
|
|t:|1783814961
|move|p2a: Chesnaught|Spiky Shield|p2a: Chesnaught
|-singleturn|p2a: Chesnaught|move: Protect
|move|p2b: Simipour|Liquidation|p1b: Corviknight
|-damage|p1b: Corviknight|19/100
|move|p1b: Corviknight|Brave Bird|p2b: Simipour
|-damage|p2b: Simipour|10/100
|-damage|p1b: Corviknight|0 fnt|[from] Recoil
|-enditem|p2b: Simipour|Sitrus Berry|[eat]
|-heal|p2b: Simipour|35/100|[from] item: Sitrus Berry
|faint|p1b: Corviknight
|
|win|whipq
||KoopaPlays is ready for game 3.
|inactive|whipq has 30 seconds to confirm battle start!
||whipq is ready for game 3.
|uhtml|next|Next: Game 3 of 3
