|j|☆PYS_Max2
|j|☆d1mo22
|html|PYS_Max2d1mo22    
|uhtml|bestof|Game 1 of a best-of-3
|t:|1785513245
|gametype|doubles
|player|p1|PYS_Max2|clay|1386
|player|p2|d1mo22|169|1302
|gen|9
|tier|[Gen 9 Champions] VGC 2026 Reg M-B (Bo3)
|rated|
|rule|Species Clause: Limit one of each Pokémon
|rule|Item Clause: Limit 1 of each item
|clearpoke
|poke|p1|Blastoise, L50, M|
|poke|p1|Aerodactyl, L50, M|
|poke|p1|Gholdengo, L50|
|poke|p1|Garchomp, L50, F|
|poke|p1|Incineroar, L50, M|
|poke|p1|Farigiraf, L50, F|
|poke|p2|Tyranitar, L50, F|
|poke|p2|Milotic, L50, F|
|poke|p2|Gholdengo, L50|
|poke|p2|Staraptor, L50, M, shiny|
|poke|p2|Sinistcha, L50|
|poke|p2|Excadrill, L50, M, shiny|
|teampreview|4
|showteam|p1|Blastoise||Blastoisinite|RainDish|FakeOut,WaterSpout,DarkPulse,AuraSphere|Modest||M|||50|]Aerodactyl||FocusSash|Unnerve|RockSlide,Tailwind,DualWingbeat,RainDance|Jolly||M|||50|]Gholdengo||Leftovers|GoodasGold|NastyPlot,ShadowBall,MakeItRain,Protect|Modest|||||50|]Garchomp||LifeOrb|RoughSkin|Earthquake,DragonClaw,RockSlide,Protect|Jolly||F|||50|]Incineroar||SitrusBerry|Intimidate|FakeOut,FlareBlitz,ThroatChop,PartingShot|Impish||M|||50|]Farigiraf||ColburBerry|ArmorTail|TrickRoom,Psychic,HelpingHand,LowKick|Sassy||F|||50|
|showteam|p2|Tyranitar||Tyranitarite|SandStream|KnockOff,RockSlide,LowKick,Protect|Jolly||F|||50|]Milotic||SitrusBerry|Competitive|Scald,IcyWind,IceBeam,Protect|Calm||F|||50|]Gholdengo||LifeOrb|GoodasGold|MakeItRain,ShadowBall,NastyPlot,Protect|Modest|||||50|]Staraptor||Staraptite|Intimidate|CloseCombat,BraveBird,Tailwind,Protect|Jolly||M|||50|]Sinistcha||ColburBerry|Hospitality|MatchaGotcha,ShadowBall,Protect,RagePowder|Bold|||||50|]Excadrill||FocusSash|SandRush|HighHorsepower,IronHead,RockSlide,Protect|Jolly||M|||50|
|inactive|Battle timer is ON: inactive players will automatically lose when time's up. (requested by d1mo22)
|inactive|d1mo22 has 60 seconds left.
|
|t:|1785513276
|teamsize|p1|4
|teamsize|p2|4
|start
|switch|p1a: Aerodactyl|Aerodactyl, L50, M|100/100
|switch|p1b: Blastoise|Blastoise, L50, M|100/100
|switch|p2a: Staraptor|Staraptor, L50, M, shiny|100/100
|switch|p2b: Sinistcha|Sinistcha, L50|100/100
|-ability|p1a: Aerodactyl|Unnerve
|-ability|p2a: Staraptor|Intimidate|boost
|-unboost|p1a: Aerodactyl|atk|1
|-unboost|p1b: Blastoise|atk|1
|turn|1
|inactive|PYS_Max2 has 30 seconds left.
|inactive|d1mo22 has 30 seconds left.
|
|t:|1785513308
|detailschange|p1b: Blastoise|Blastoise-Mega, L50, M
|-mega|p1b: Blastoise|Blastoise|Blastoisinite
|move|p2a: Staraptor|Protect|p2a: Staraptor
|-singleturn|p2a: Staraptor|Protect
|move|p1a: Aerodactyl|Tailwind|p1a: Aerodactyl
|-sidestart|p1: PYS_Max2|move: Tailwind
|move|p1b: Blastoise|Water Spout|p2b: Sinistcha|[spread] p2b
|-activate|p2a: Staraptor|move: Protect
|-resisted|p2b: Sinistcha|1
|-damage|p2b: Sinistcha|65/100
|move|p2b: Sinistcha|Matcha Gotcha|p1a: Aerodactyl|[spread] p1a,p1b
|-supereffective|p1b: Blastoise|1
|-damage|p1a: Aerodactyl|64/100
|-heal|p2b: Sinistcha|81/100|[from] drain|[of] p1a: Aerodactyl
|-damage|p1b: Blastoise|58/100
|-heal|p2b: Sinistcha|100/100|[from] drain|[of] p1b: Blastoise
|
|upkeep
|turn|2
|
|t:|1785513328
|switch|p2a: Milotic|Milotic, L50, F|100/100
|move|p1a: Aerodactyl|Rock Slide|p2b: Sinistcha|[spread] p2a,p2b
|-damage|p2a: Milotic|83/100
|-damage|p2b: Sinistcha|87/100
|move|p1b: Blastoise|Dark Pulse|p2b: Sinistcha
|-supereffective|p2b: Sinistcha|1
|-damage|p2b: Sinistcha|0 fnt
|faint|p2b: Sinistcha
|
|upkeep
|
|t:|1785513335
|switch|p2b: Staraptor|Staraptor, L50, M, shiny|100/100
|-ability|p2b: Staraptor|Intimidate|boost
|-unboost|p1a: Aerodactyl|atk|1
|-unboost|p1b: Blastoise|atk|1
|turn|3
|
|t:|1785513352
|switch|p1a: Gholdengo|Gholdengo, L50|100/100
|move|p2b: Staraptor|Protect|p2b: Staraptor
|-singleturn|p2b: Staraptor|Protect
|move|p1b: Blastoise|Water Spout|p2a: Milotic|[spread] p2a
|-activate|p2b: Staraptor|move: Protect
|-resisted|p2a: Milotic|1
|-damage|p2a: Milotic|71/100
|move|p2a: Milotic|Icy Wind|p1a: Gholdengo|[spread] p1a,p1b
|-resisted|p1a: Gholdengo|1
|-resisted|p1b: Blastoise|1
|-damage|p1a: Gholdengo|94/100
|-damage|p1b: Blastoise|53/100
|-unboost|p1a: Gholdengo|spe|1
|-unboost|p1b: Blastoise|spe|1
|
|-heal|p1a: Gholdengo|100/100|[from] item: Leftovers
|upkeep
|turn|4
|inactive|d1mo22 has 30 seconds left.
|
|t:|1785513386
|move|p2b: Staraptor|Brave Bird|p1a: Gholdengo
|-resisted|p1a: Gholdengo|1
|-damage|p1a: Gholdengo|74/100
|-damage|p2b: Staraptor|91/100|[from] Recoil
|move|p1a: Gholdengo|Nasty Plot|p1a: Gholdengo
|-boost|p1a: Gholdengo|spa|2
|move|p1b: Blastoise|Dark Pulse|p2a: Milotic
|-damage|p2a: Milotic|38/100
|-enditem|p2a: Milotic|Sitrus Berry|[eat]
|-heal|p2a: Milotic|63/100|[from] item: Sitrus Berry
|move|p2a: Milotic|Icy Wind|p1b: Blastoise|[spread] p1a,p1b
|-resisted|p1a: Gholdengo|1
|-resisted|p1b: Blastoise|1
|-damage|p1a: Gholdengo|69/100
|-damage|p1b: Blastoise|50/100y
|-unboost|p1a: Gholdengo|spe|1
|-unboost|p1b: Blastoise|spe|1
|
|-heal|p1a: Gholdengo|75/100|[from] item: Leftovers
|-sideend|p1: PYS_Max2|move: Tailwind
|upkeep
|turn|5
|
|t:|1785513409
|detailschange|p2b: Staraptor|Staraptor-Mega, L50, M, shiny
|-mega|p2b: Staraptor|Staraptor|Staraptite
|move|p2b: Staraptor|Close Combat|p1b: Blastoise
|-damage|p1b: Blastoise|4/100
|-boost|p2b: Staraptor|def|1
|-boost|p2b: Staraptor|spd|1
|move|p2a: Milotic|Scald|p1a: Gholdengo
|-damage|p1a: Gholdengo|46/100
|move|p1a: Gholdengo|Nasty Plot|p1a: Gholdengo
|-boost|p1a: Gholdengo|spa|2
|move|p1b: Blastoise|Dark Pulse|p2a: Milotic
|-damage|p2a: Milotic|33/100
|
|-heal|p1a: Gholdengo|52/100|[from] item: Leftovers
|upkeep
|turn|6
|inactive|d1mo22 has 30 seconds left.
|
|t:|1785513442
|move|p2b: Staraptor|Close Combat|p1b: Blastoise
|-damage|p1b: Blastoise|0 fnt
|-boost|p2b: Staraptor|def|1
|-boost|p2b: Staraptor|spd|1
|faint|p1b: Blastoise
|move|p2a: Milotic|Scald|p1a: Gholdengo
|-damage|p1a: Gholdengo|25/100
|move|p1a: Gholdengo|Make It Rain|p2b: Staraptor|[spread] p2a,p2b
|-resisted|p2a: Milotic|1
|-damage|p2a: Milotic|0 fnt
|-damage|p2b: Staraptor|14/100
|-unboost|p1a: Gholdengo|spa|2
|faint|p2a: Milotic
|
|-heal|p1a: Gholdengo|31/100|[from] item: Leftovers
|upkeep
|
|t:|1785513466
|switch|p2a: Tyranitar|Tyranitar, L50, F|100/100
|switch|p1b: Garchomp|Garchomp, L50, F|100/100
|-weather|Sandstorm|[from] ability: Sand Stream|[of] p2a: Tyranitar
|turn|7
|
|t:|1785513482
|move|p2b: Staraptor|Close Combat|p1b: Garchomp
|-damage|p1b: Garchomp|43/100
|-boost|p2b: Staraptor|def|1
|-boost|p2b: Staraptor|spd|1
|-damage|p2b: Staraptor|2/100|[from] ability: Rough Skin|[of] p1b: Garchomp
|move|p1b: Garchomp|Dragon Claw|p2b: Staraptor
|-damage|p2b: Staraptor|0 fnt
|faint|p2b: Staraptor
|-damage|p1b: Garchomp|33/100|[from] item: Life Orb
|move|p2a: Tyranitar|Knock Off|p1a: Gholdengo
|-supereffective|p1a: Gholdengo|1
|-damage|p1a: Gholdengo|0 fnt
|-enditem|p1a: Gholdengo|Leftovers|[from] move: Knock Off|[of] p2a: Tyranitar
|faint|p1a: Gholdengo
|
|-weather|Sandstorm|[upkeep]
|upkeep
|
|t:|1785513496
|switch|p1a: Aerodactyl|Aerodactyl, L50, M|64/100
|-ability|p1a: Aerodactyl|Unnerve
|turn|8
|
|t:|1785513503
|move|p1a: Aerodactyl|Rock Slide|p2a: Tyranitar
|-damage|p2a: Tyranitar|71/100
|move|p1b: Garchomp|Earthquake|p2a: Tyranitar|[spread] p2a
|-immune|p1a: Aerodactyl
|-supereffective|p2a: Tyranitar|1
|-damage|p2a: Tyranitar|0 fnt
|faint|p2a: Tyranitar
|-damage|p1b: Garchomp|23/100|[from] item: Life Orb
|
|win|PYS_Max2
