|j|☆James Ferraro
|j|☆Tatsugrilo
|html|James FerraroTatsugrilo    
|uhtml|bestof|Game 2 of a best-of-3
|t:|1782227413
|gametype|doubles
|player|p1|James Ferraro|veteranf|1181
|player|p2|Tatsugrilo|169|1286
|gen|9
|tier|[Gen 9 Champions] VGC 2026 Reg M-B (Bo3)
|rated|
|rule|Species Clause: Limit one of each Pokémon
|rule|Item Clause: Limit 1 of each item
|clearpoke
|poke|p1|Basculegion, L50, M|
|poke|p1|Kingambit, L50, M|
|poke|p1|Sneasler, L50, M|
|poke|p1|Incineroar, L50, F|
|poke|p1|Sinistcha, L50|
|poke|p1|Floette-Eternal, L50, F|
|poke|p2|Swampert, L50, M|
|poke|p2|Pelipper, L50, M|
|poke|p2|Incineroar, L50, M|
|poke|p2|Archaludon, L50, F|
|poke|p2|Floette-Eternal, L50, F|
|poke|p2|Basculegion, L50, M|
|teampreview|4
|showteam|p1|Basculegion||ChoiceScarf|Adaptability|LastRespects,WaveCrash,FlipTurn,AquaJet|Adamant||M|||50|]Kingambit||BlackGlasses|Defiant|KowtowCleave,SuckerPunch,SwordsDance,Protect|Adamant||M|||50|]Sneasler||FocusSash|PoisonTouch|CloseCombat,DireClaw,FakeOut,Protect|Jolly||M|||50|]Incineroar||SitrusBerry|Intimidate|FlareBlitz,ThroatChop,FakeOut,PartingShot|Impish||F|||50|]Sinistcha||KasibBerry|Hospitality|MatchaGotcha,LifeDew,RagePowder,Protect|Relaxed|||||50|]Floette-Eternal||Floettite|FlowerVeil|DazzlingGleam,DrainingKiss,CalmMind,Protect|Timid||F|||50|
|showteam|p2|Swampert||Swampertite|Torrent|WaveCrash,Earthquake,IcePunch,Protect|Adamant||M|||50|]Pelipper||SitrusBerry|Drizzle|WeatherBall,Hurricane,Tailwind,WideGuard|Modest||M|||50|]Incineroar||ChopleBerry|Intimidate|FlareBlitz,ThroatChop,PartingShot,FakeOut|Impish||M|||50|]Archaludon||Magnet|Sturdy|FlashCannon,ElectroShot,DragonPulse,Protect|Timid||F|||50|]Floette-Eternal||Floettite|FlowerVeil|Moonblast,DazzlingGleam,CalmMind,Protect|Timid||F|||50|]Basculegion||FocusSash|Adaptability|Liquidation,LastRespects,AquaJet,Protect|Jolly||M|||50|
|
|t:|1782227425
|teamsize|p1|4
|teamsize|p2|4
|start
|switch|p1a: Incineroar|Incineroar, L50, F|100/100
|switch|p1b: Floette|Floette-Eternal, L50, F|100/100
|switch|p2a: vini jr|Incineroar, L50, M|100/100
|switch|p2b: virginia|Floette-Eternal, L50, F|100/100
|-ability|p2a: vini jr|Intimidate|boost
|-unboost|p1a: Incineroar|atk|1
|-unboost|p1b: Floette|atk|1
|-ability|p1a: Incineroar|Intimidate|boost
|-unboost|p2a: vini jr|atk|1
|-unboost|p2b: virginia|atk|1
|turn|1
|
|t:|1782227465
|detailschange|p1b: Floette|Floette-Mega, L50, F
|-mega|p1b: Floette|Floette|Floettite
|-ability|p1b: Floette|Fairy Aura
|detailschange|p2b: virginia|Floette-Mega, L50, F
|-mega|p2b: virginia|Floette|Floettite
|-ability|p2b: virginia|Fairy Aura
|move|p2a: vini jr|Fake Out|p1a: Incineroar
|-crit|p1a: Incineroar
|-damage|p1a: Incineroar|87/100
|cant|p1a: Incineroar|flinch
|move|p2b: virginia|Calm Mind|p2b: virginia
|-boost|p2b: virginia|spa|1
|-boost|p2b: virginia|spd|1
|move|p1b: Floette|Calm Mind|p1b: Floette
|-boost|p1b: Floette|spa|1
|-boost|p1b: Floette|spd|1
|
|upkeep
|turn|2
|
|t:|1782227479
|move|p2b: virginia|Moonblast|p1a: Incineroar
|-damage|p1a: Incineroar|0 fnt
|faint|p1a: Incineroar
|move|p1b: Floette|Calm Mind|p1b: Floette
|-boost|p1b: Floette|spa|1
|-boost|p1b: Floette|spd|1
|move|p2a: vini jr|Parting Shot|p1b: Floette
|-unboost|p1b: Floette|atk|1
|-unboost|p1b: Floette|spa|1
|
|t:|1782227487
|switch|p2a: danilo|Pelipper, L50, M|100/100|[from] Parting Shot
|-weather|RainDance|[from] ability: Drizzle|[of] p2a: danilo
|
|-weather|RainDance|[upkeep]
|upkeep
|
|t:|1782227489
|switch|p1a: Basculegion|Basculegion, L50, M|100/100
|turn|3
|
|t:|1782227504
|move|p2b: virginia|Protect|p2b: virginia
|-singleturn|p2b: virginia|Protect
|move|p1a: Basculegion|Last Respects|p2a: danilo
|-damage|p2a: danilo|19/100
|-enditem|p2a: danilo|Sitrus Berry|[eat]
|-heal|p2a: danilo|44/100|[from] item: Sitrus Berry
|move|p1b: Floette|Draining Kiss|p2a: danilo
|-damage|p2a: danilo|0 fnt
|faint|p2a: danilo
|
|-weather|RainDance|[upkeep]
|upkeep
|
|t:|1782227513
|switch|p2a: vini jr|Incineroar, L50, M|100/100
|-ability|p2a: vini jr|Intimidate|boost
|-unboost|p1a: Basculegion|atk|1
|-unboost|p1b: Floette|atk|1
|turn|4
|
|t:|1782227532
|move|p1b: Floette|Protect|p1b: Floette
|-singleturn|p1b: Floette|Protect
|move|p2a: vini jr|Fake Out|p1b: Floette
|-activate|p1b: Floette|move: Protect
|move|p1a: Basculegion|Last Respects|p2b: virginia
|-damage|p2b: virginia|43/100
|move|p2b: virginia|Calm Mind|p2b: virginia
|-boost|p2b: virginia|spa|1
|-boost|p2b: virginia|spd|1
|
|-weather|RainDance|[upkeep]
|upkeep
|turn|5
|
|t:|1782227544
|move|p2b: virginia|Protect|p2b: virginia
|-singleturn|p2b: virginia|Protect
|move|p1a: Basculegion|Last Respects|p2b: virginia
|-activate|p2b: virginia|move: Protect
|move|p1b: Floette|Dazzling Gleam|p2b: virginia|[spread] p2a
|-activate|p2b: virginia|move: Protect
|-damage|p2a: vini jr|44/100
|move|p2a: vini jr|Parting Shot|p1a: Basculegion
|-unboost|p1a: Basculegion|atk|1
|-unboost|p1a: Basculegion|spa|1
|
|t:|1782227554
|switch|p2a: endrick|Basculegion, L50, M|100/100|[from] Parting Shot
|
|-weather|RainDance|[upkeep]
|upkeep
|turn|6
|inactive|Battle timer is ON: inactive players will automatically lose when time's up. (requested by James Ferraro)
|
|t:|1782227587
|move|p2a: endrick|Protect|p2a: endrick
|-singleturn|p2a: endrick|Protect
|move|p1a: Basculegion|Last Respects|p2a: endrick
|-activate|p2a: endrick|move: Protect
|move|p2b: virginia|Moonblast|p1a: Basculegion
|-damage|p1a: Basculegion|0 fnt
|faint|p1a: Basculegion
|move|p1b: Floette|Dazzling Gleam|p2b: virginia|[spread] p2b
|-activate|p2a: endrick|move: Protect
|-damage|p2b: virginia|19/100
|
|-weather|none
|upkeep
|
|t:|1782227590
|switch|p1a: Sinistcha|Sinistcha, L50|100/100
|turn|7
|
|t:|1782227605
|move|p1b: Floette|Dazzling Gleam|p2a: endrick|[spread] p2a,p2b
|-damage|p2a: endrick|35/100
|-damage|p2b: virginia|0 fnt
|faint|p2b: virginia
|move|p2a: endrick|Last Respects|p1b: Floette
|-damage|p1b: Floette|2/100
|move|p1a: Sinistcha|Matcha Gotcha|p2a: endrick
|-supereffective|p2a: endrick|1
|-damage|p2a: endrick|0 fnt
|faint|p2a: endrick
|
|upkeep
|-message|Tatsugrilo forfeited.
|
|win|James Ferraro
|raw|James Ferraro's rating: 1181 → 1213(+32 for winning)
|raw|Tatsugrilo's rating: 1286 → 1254(-32 for losing)
