|j|☆I am the Sweeper
|j|☆Lego Darth Malgus
|html|I am the SweeperLego Darth Malgus    
|uhtml|bestof|Game 3 of a best-of-3
|t:|1757717956
|gametype|doubles
|player|p1|I am the Sweeper|janitor|1083
|player|p2|Lego Darth Malgus|265|1097
|gen|9
|tier|[Gen 9] VGC 2025 Reg H (Bo3)
|rated|
|rule|Species Clause: Limit one of each Pokémon
|rule|Item Clause: Limit 1 of each item
|clearpoke
|poke|p1|Annihilape, L50, F|
|poke|p1|Archaludon, L50, F|
|poke|p1|Pelipper, L50, F|
|poke|p1|Maushold-Four, L50|
|poke|p1|Sinistcha, L50|
|poke|p1|Grimmsnarl, L50, M|
|poke|p2|Garchomp, L50, M|
|poke|p2|Tyranitar, L50, F|
|poke|p2|Empoleon, L50, F|
|poke|p2|Meowscarada, L50, F|
|poke|p2|Volcarona, L50, F|
|poke|p2|Overqwil, L50, M|
|teampreview|4
|showteam|p1|Annihilape||SpellTag|Defiant|RageFist,DrainPunch,BulkUp,Protect|||F|||50|,,,,,Fire]Archaludon||AssaultVest|Stamina|ElectroShot,DracoMeteor,Snarl,BodyPress|||F|||50|,,,,,Bug]Pelipper||LifeOrb|Drizzle|Tailwind,Hurricane,WeatherBall,Protect|||F|||50|,,,,,Stellar]Maushold-Four||SafetyGoggles|FriendGuard|Taunt,FollowMe,BeatUp,Protect||||||50|,,,,,Ghost]Sinistcha||SitrusBerry|Hospitality|LifeDew,TrickRoom,StrengthSap,MatchaGotcha||||||50|,,,,,Water]Grimmsnarl||LightClay|Prankster|ThunderWave,LightScreen,Reflect,SpiritBreak|||M|||50|,,,,,Ghost
|showteam|p2|Garchomp||LifeOrb|SandVeil|StompingTantrum,DragonClaw,Earthquake,Protect|||M|||50|,,,,,Steel]Tyranitar||AssaultVest|SandStream|RockSlide,TeraBlast,KnockOff,LowKick|||F|||50|,,,,,Flying]Empoleon||Leftovers|Competitive|WaterPledge,Protect,IcyWind,SteelBeam|||F|||50|,,,,,Ghost]Meowscarada||FocusSash|Overgrow|FlowerTrick,KnockOff,Protect,GrassPledge|||F|||50|,,,,,Ghost]Volcarona||SitrusBerry|FlameBody|QuiverDance,HeatWave,TeraBlast,Protect|||F|||50|,,,,,Fairy]Overqwil||CovertCloak|Intimidate|BarbBarrage,Taunt,ThroatChop,IcyWind|||M|||50|,,,,,Grass
|inactive|Battle timer is ON: inactive players will automatically lose when time's up. (requested by Lego Darth Malgus)
|inactive|Lego Darth Malgus has 60 seconds left.
|
|t:|1757717989
|teamsize|p1|4
|teamsize|p2|4
|start
|switch|p1a: Archaludon|Archaludon, L50, F|100/100
|switch|p1b: Maushold|Maushold-Four, L50|100/100
|switch|p2a: Meowscarada|Meowscarada, L50, F|100/100
|switch|p2b: Garchomp|Garchomp, L50, M|100/100
|turn|1
|inactive|I am the Sweeper has 30 seconds left.
|
|t:|1757718017
|-terastallize|p1a: Archaludon|Bug
|move|p2a: Meowscarada|Flower Trick|p1b: Maushold
|-crit|p1b: Maushold
|-damage|p1b: Maushold|51/100
|move|p2b: Garchomp|Earthquake|p1b: Maushold|[spread] p2a,p1a,p1b
|-resisted|p2a: Meowscarada
|-resisted|p1a: Archaludon
|-damage|p2a: Meowscarada|52/100
|-damage|p1a: Archaludon|87/100
|-damage|p1b: Maushold|0 fnt
|-ability|p1a: Archaludon|Stamina|boost
|-boost|p1a: Archaludon|def|1
|faint|p1b: Maushold
|-damage|p2b: Garchomp|91/100|[from] item: Life Orb
|move|p1a: Archaludon|Draco Meteor|p2b: Garchomp|[miss]
|-miss|p1a: Archaludon|p2b: Garchomp
|
|upkeep
|
|t:|1757718038
|switch|p1b: Pelipper|Pelipper, L50, F|100/100
|-weather|RainDance|[from] ability: Drizzle|[of] p1b: Pelipper
|turn|2
|inactive|Lego Darth Malgus has 30 seconds left.
|
|t:|1757718076
|switch|p2b: Tyranitar|Tyranitar, L50, F|100/100
|-weather|Sandstorm|[from] ability: Sand Stream|[of] p2b: Tyranitar
|switch|p1b: Sinistcha|Sinistcha, L50|100/100
|-heal|p1a: Archaludon|100/100|[from] ability: Hospitality|[of] p1b: Sinistcha
|move|p2a: Meowscarada|Knock Off|p1b: Sinistcha
|-supereffective|p1b: Sinistcha
|-damage|p1b: Sinistcha|15/100
|-enditem|p1b: Sinistcha|Sitrus Berry|[from] move: Knock Off|[of] p2a: Meowscarada
|move|p1a: Archaludon|Body Press|p2a: Meowscarada
|-supereffective|p2a: Meowscarada
|-damage|p2a: Meowscarada|0 fnt
|faint|p2a: Meowscarada
|
|-weather|Sandstorm|[upkeep]
|-damage|p1a: Archaludon|94/100|[from] Sandstorm
|-damage|p1b: Sinistcha|9/100|[from] Sandstorm
|upkeep
|
|t:|1757718092
|switch|p2a: Empoleon|Empoleon, L50, F, shiny|100/100
|turn|3
|
|t:|1757718117
|switch|p2b: Garchomp|Garchomp, L50, M|91/100
|switch|p1b: Pelipper|Pelipper, L50, F|100/100
|-weather|RainDance|[from] ability: Drizzle|[of] p1b: Pelipper
|-terastallize|p2a: Empoleon|Ghost
|move|p1a: Archaludon|Electro Shot||[still]
|-prepare|p1a: Archaludon|Electro Shot
|-boost|p1a: Archaludon|spa|1
|-anim|p1a: Archaludon|Electro Shot|p2a: Empoleon
|-damage|p2a: Empoleon|50/100
|move|p2a: Empoleon|Icy Wind|p1b: Pelipper|[spread] p1a,p1b
|-damage|p1a: Archaludon|85/100
|-damage|p1b: Pelipper|76/100
|-unboost|p1a: Archaludon|spe|1
|-unboost|p1b: Pelipper|spe|1
|-ability|p1a: Archaludon|Stamina|boost
|-boost|p1a: Archaludon|def|1
|
|-weather|RainDance|[upkeep]
|-heal|p2a: Empoleon|56/100|[from] item: Leftovers
|upkeep
|turn|4
|inactive|I am the Sweeper has 30 seconds left.
|inactive|Lego Darth Malgus has 30 seconds left.
|inactive|I am the Sweeper has 20 seconds left.
|inactive|Lego Darth Malgus has 20 seconds left.
|inactive|I am the Sweeper has 15 seconds left.
|inactive|Lego Darth Malgus has 15 seconds left.
|inactive|I am the Sweeper has 10 seconds left.
|inactive|Lego Darth Malgus has 10 seconds left.
|inactive|I am the Sweeper has 5 seconds left.
|
|t:|1757718170
|switch|p1b: Sinistcha|Sinistcha, L50|9/100
|-heal|p1a: Archaludon|100/100|[from] ability: Hospitality|[of] p1b: Sinistcha
|move|p2b: Garchomp|Dragon Claw|p1a: Archaludon
|-damage|p1a: Archaludon|81/100
|-ability|p1a: Archaludon|Stamina|boost
|-boost|p1a: Archaludon|def|1
|-damage|p2b: Garchomp|81/100|[from] item: Life Orb
|move|p2a: Empoleon|Steel Beam|p1a: Archaludon
|-damage|p1a: Archaludon|38/100
|-ability|p1a: Archaludon|Stamina|boost
|-boost|p1a: Archaludon|def|1
|-damage|p2a: Empoleon|5/100|[from] steelbeam
|move|p1a: Archaludon|Body Press|p2b: Garchomp
|-damage|p2b: Garchomp|5/100
|
|-weather|RainDance|[upkeep]
|-heal|p2a: Empoleon|11/100|[from] item: Leftovers
|upkeep
|turn|5
|inactive|I am the Sweeper has 30 seconds left.
|inactive|Lego Darth Malgus has 30 seconds left.
|inactive|I am the Sweeper has 20 seconds left.
|inactive|I am the Sweeper has 15 seconds left.
|
|t:|1757718213
|move|p2a: Empoleon|Protect|p2a: Empoleon
|-singleturn|p2a: Empoleon|Protect
|move|p2b: Garchomp|Dragon Claw|p1b: Sinistcha
|-damage|p1b: Sinistcha|0 fnt
|faint|p1b: Sinistcha
|-damage|p2b: Garchomp|0 fnt|[from] item: Life Orb
|faint|p2b: Garchomp
|move|p1a: Archaludon|Snarl|p2a: Empoleon
|-activate|p2a: Empoleon|move: Protect
|
|-weather|RainDance|[upkeep]
|-heal|p2a: Empoleon|17/100|[from] item: Leftovers
|upkeep
|
|t:|1757718221
|switch|p2b: Tyranitar|Tyranitar, L50, F|100/100
|switch|p1b: Pelipper|Pelipper, L50, F|76/100
|-weather|Sandstorm|[from] ability: Sand Stream|[of] p2b: Tyranitar
|turn|6
|inactive|I am the Sweeper has 30 seconds left.
|
|t:|1757718251
|move|p1b: Pelipper|Weather Ball|p2a: Empoleon
|-damage|p2a: Empoleon|0 fnt
|faint|p2a: Empoleon
|-damage|p1b: Pelipper|67/100|[from] item: Life Orb
|move|p2b: Tyranitar|Rock Slide|p1a: Archaludon|[spread] p1a,p1b
|-supereffective|p1a: Archaludon
|-supereffective|p1b: Pelipper
|-damage|p1a: Archaludon|23/100
|-damage|p1b: Pelipper|0 fnt
|-ability|p1a: Archaludon|Stamina|boost
|-boost|p1a: Archaludon|def|1
|faint|p1b: Pelipper
|move|p1a: Archaludon|Body Press|p2b: Tyranitar
|-supereffective|p2b: Tyranitar
|-damage|p2b: Tyranitar|0 fnt
|faint|p2b: Tyranitar
|
|win|I am the Sweeper
|raw|I am the Sweeper's rating: 1083 → 1112(+29 for winning)
|raw|Lego Darth Malgus's rating: 1097 → 1071(-26 for losing)
|l|☆Lego Darth Malgus
|player|p2|
