|j|☆Vuultur
|j|☆MidoMidori
|html|VuulturMidoMidori    
|uhtml|bestof|Game 2 of a best-of-3
|t:|1755626736
|gametype|doubles
|player|p1|Vuultur|hilbert-wonderlauncher|1233
|player|p2|MidoMidori|roxanne-gen6|1294
|gen|9
|tier|[Gen 9] VGC 2025 Reg H (Bo3)
|rated|
|rule|Species Clause: Limit one of each Pokémon
|rule|Item Clause: Limit 1 of each item
|clearpoke
|poke|p1|Pelipper, L50, F|
|poke|p1|Archaludon, L50, M|
|poke|p1|Annihilape, L50, M|
|poke|p1|Maushold, L50|
|poke|p1|Rillaboom, L50, F|
|poke|p1|Basculegion, L50, M|
|poke|p2|Annihilape, L50, M|
|poke|p2|Maushold, L50|
|poke|p2|Sinistcha, L50|
|poke|p2|Ninetales-Alola, L50, M|
|poke|p2|Garchomp, L50, F|
|poke|p2|Klefki, L50, M|
|teampreview|4
|showteam|p1|Pelipper||FocusSash|Drizzle|WeatherBall,Hurricane,Protect,Tailwind|||F|||50|,,,,,Ghost]Archaludon||AssaultVest|Stamina|ElectroShot,DracoMeteor,FlashCannon,BodyPress|||M|||50|,,,,,Grass]Annihilape||SafetyGoggles|Defiant|RageFist,DrainPunch,BulkUp,Protect|||M|||50|,,,,,Fire]Maushold||SitrusBerry|FriendGuard|BeatUp,FollowMe,Taunt,Protect||||||50|,,,,,Ghost]Rillaboom||MiracleSeed|GrassySurge|FakeOut,GrassyGlide,WoodHammer,Uturn|||F|||50|,,,,,Fire]Basculegion||ChoiceBand|SwiftSwim|WaveCrash,AquaJet,LastRespects,FlipTurn|||M|||50|,,,,,Water
|showteam|p2|Annihilape||Leftovers|Defiant|RageFist,DrainPunch,BulkUp,Protect|||M|||50|,,,,,Fire]Maushold||SafetyGoggles|FriendGuard|FollowMe,BeatUp,Taunt,Protect||||||50|,,,,,Ghost]Sinistcha||SitrusBerry|Hospitality|MatchaGotcha,ShadowBall,TrickRoom,RagePowder||||||50|,,,,,Fire]Ninetales-Alola||FocusSash|SnowWarning|Encore,Blizzard,FreezeDry,Protect|||M|||50|,,,,,Ice]Garchomp||ClearAmulet|RoughSkin|StompingTantrum,DragonClaw,SwordsDance,Protect|||F|||50|,,,,,Water]Klefki||LightClay|Prankster|Reflect,LightScreen,MistyTerrain,FoulPlay|||M|||50|,,,,,Ghost
|inactive|Battle timer is ON: inactive players will automatically lose when time's up. (requested by Vuultur)
|
|t:|1755626757
|teamsize|p1|4
|teamsize|p2|4
|start
|switch|p1a: Maushold|Maushold, L50|100/100
|switch|p1b: Annihilape|Annihilape, L50, M|100/100
|switch|p2a: Garchomp|Garchomp, L50, F|100/100
|switch|p2b: Klefki|Klefki, L50, M|100/100
|turn|1
|
|t:|1755626770
|move|p2a: Garchomp|Swords Dance|p2a: Garchomp
|-boost|p2a: Garchomp|atk|2
|move|p1a: Maushold|Beat Up|p1b: Annihilape
|-damage|p1b: Annihilape|98/100
|-damage|p1b: Annihilape|96/100
|-damage|p1b: Annihilape|94/100
|-damage|p1b: Annihilape|92/100
|-hitcount|p1b: Annihilape|4
|move|p1b: Annihilape|Bulk Up|p1b: Annihilape
|-boost|p1b: Annihilape|atk|1
|-boost|p1b: Annihilape|def|1
|move|p2b: Klefki|Foul Play|p1b: Annihilape
|-damage|p1b: Annihilape|71/100
|
|upkeep
|turn|2
|inactive|Vuultur has 30 seconds left.
|
|t:|1755626797
|switch|p2b: Maushold|Maushold, L50|100/100
|move|p2a: Garchomp|Protect|p2a: Garchomp
|-singleturn|p2a: Garchomp|Protect
|move|p1a: Maushold|Follow Me|p1a: Maushold
|-singleturn|p1a: Maushold|move: Follow Me
|move|p1b: Annihilape|Rage Fist|p2a: Garchomp
|-activate|p2a: Garchomp|move: Protect
|
|upkeep
|turn|3
|inactive|Vuultur has 30 seconds left.
|inactive|Vuultur has 20 seconds left.
|inactive|Vuultur has 15 seconds left.
|
|t:|1755626838
|-terastallize|p2b: Maushold|Ghost
|move|p2b: Maushold|Follow Me|p2b: Maushold
|-singleturn|p2b: Maushold|move: Follow Me
|move|p2a: Garchomp|Dragon Claw|p1a: Maushold
|-damage|p1a: Maushold|26/100
|-enditem|p1a: Maushold|Sitrus Berry|[eat]
|-heal|p1a: Maushold|51/100|[from] item: Sitrus Berry
|move|p1a: Maushold|Taunt|p2b: Maushold
|-start|p2b: Maushold|move: Taunt
|move|p1b: Annihilape|Drain Punch|p2b: Maushold
|-immune|p2b: Maushold
|
|upkeep
|turn|4
|inactive|MidoMidori has 30 seconds left.
|inactive|MidoMidori has 20 seconds left.
|inactive|MidoMidori has 15 seconds left.
|inactive|MidoMidori has 10 seconds left.
|inactive|MidoMidori has 5 seconds left.
|
|t:|1755626899
|switch|p2b: Klefki|Klefki, L50, M|100/100
|move|p1a: Maushold|Protect|p1a: Maushold
|-singleturn|p1a: Maushold|Protect
|move|p2a: Garchomp|Dragon Claw|p1b: Annihilape
|-damage|p1b: Annihilape|23/100
|move|p1b: Annihilape|Rage Fist|p2a: Garchomp
|-damage|p2a: Garchomp|0 fnt
|-damage|p1b: Annihilape|11/100|[from] ability: Rough Skin|[of] p2a: Garchomp
|faint|p2a: Garchomp
|
|upkeep
|
|t:|1755626904
|switch|p2a: Ninetales|Ninetales-Alola, L50, M|100/100
|-weather|Snowscape|[from] ability: Snow Warning|[of] p2a: Ninetales
|turn|5
|
|t:|1755626926
|-terastallize|p1b: Annihilape|Fire
|move|p1a: Maushold|Follow Me|p1a: Maushold
|-singleturn|p1a: Maushold|move: Follow Me
|move|p2b: Klefki|Reflect|p2b: Klefki
|-sidestart|p2: MidoMidori|Reflect
|move|p2a: Ninetales|Blizzard|p1b: Annihilape|[spread] p1a,p1b
|-resisted|p1b: Annihilape
|-damage|p1a: Maushold|14/100
|-damage|p1b: Annihilape|3/100
|move|p1b: Annihilape|Rage Fist|p2b: Klefki
|-damage|p2b: Klefki|0 fnt
|faint|p2b: Klefki
|
|-weather|Snowscape|[upkeep]
|upkeep
|
|t:|1755626934
|switch|p2b: Maushold|Maushold, L50, tera:Ghost|100/100
|turn|6
|inactive|Vuultur has 30 seconds left.
|inactive|Vuultur has 20 seconds left.
|inactive|Vuultur has 15 seconds left.
|
|t:|1755626978
|move|p1a: Maushold|Protect|p1a: Maushold
|-singleturn|p1a: Maushold|Protect
|move|p2b: Maushold|Beat Up|p1a: Maushold
|-activate|p1a: Maushold|move: Protect
|move|p2a: Ninetales|Blizzard|p1a: Maushold|[spread] p1b
|-activate|p1a: Maushold|move: Protect
|-resisted|p1b: Annihilape
|-damage|p1b: Annihilape|0 fnt
|faint|p1b: Annihilape
|
|-weather|Snowscape|[upkeep]
|upkeep
|
|t:|1755626992
|switch|p1b: Pelipper|Pelipper, L50, F|100/100
|-weather|RainDance|[from] ability: Drizzle|[of] p1b: Pelipper
|turn|7
|
|t:|1755627007
|move|p1a: Maushold|Follow Me|p1a: Maushold
|-singleturn|p1a: Maushold|move: Follow Me
|move|p2b: Maushold|Beat Up|p1a: Maushold
|-damage|p1a: Maushold|12/100
|-damage|p1a: Maushold|10/100
|-hitcount|p1a: Maushold|2
|move|p2a: Ninetales|Blizzard|p1a: Maushold|[spread] p1a,p1b
|-damage|p1a: Maushold|0 fnt
|-damage|p1b: Pelipper|58/100
|faint|p1a: Maushold
|move|p1b: Pelipper|Weather Ball|p2a: Ninetales
|-damage|p2a: Ninetales|38/100
|
|-weather|RainDance|[upkeep]
|upkeep
|
|t:|1755627019
|switch|p1a: Basculegion|Basculegion, L50, M|100/100
|turn|8
|
|t:|1755627039
|move|p2b: Maushold|Follow Me|p2b: Maushold
|-singleturn|p2b: Maushold|move: Follow Me
|move|p1a: Basculegion|Last Respects|p2b: Maushold
|-supereffective|p2b: Maushold
|-damage|p2b: Maushold|0 fnt
|faint|p2b: Maushold
|move|p2a: Ninetales|Freeze-Dry|p1b: Pelipper
|-supereffective|p1b: Pelipper
|-damage|p1b: Pelipper|0 fnt
|faint|p1b: Pelipper
|
|-weather|RainDance|[upkeep]
|upkeep
|turn|9
|c|☆MidoMidori|Gg
|
|t:|1755627050
|move|p1a: Basculegion|Last Respects|p2a: Ninetales
|-damage|p2a: Ninetales|0 fnt
|faint|p2a: Ninetales
|
|win|Vuultur
|raw|Vuultur's rating: 1233 → 1262(+29 for winning)
|raw|MidoMidori's rating: 1294 → 1265(-29 for losing)
|c|☆Vuultur|gg
|l|☆Vuultur
|player|p1|
