|j|☆asher255
|j|☆geoo_4789
|html|asher255geoo_4789    
|uhtml|bestof|Game 2 of a best-of-3
|t:|1783520589
|gametype|doubles
|player|p1|asher255|dawn-masters|
|player|p2|geoo_4789|265|
|gen|9
|tier|[Gen 9 Champions] VGC 2026 Reg M-B (Bo3)
|rule|Species Clause: Limit one of each Pokémon
|rule|Item Clause: Limit 1 of each item
|clearpoke
|poke|p1|Grimmsnarl, L50, M|
|poke|p1|Scovillain, L50, F|
|poke|p1|Garchomp, L50, M|
|poke|p1|Sneasler, L50, M|
|poke|p1|Lycanroc, L50, M|
|poke|p1|Ninetales-Alola, L50, M|
|poke|p2|Raichu, L50, F|
|poke|p2|Mawile, L50, F|
|poke|p2|Sinistcha, L50|
|poke|p2|Ceruledge, L50, M|
|poke|p2|Milotic, L50, M|
|poke|p2|Incineroar, L50, M|
|teampreview|4
|showteam|p1|Grimmsnarl||LightClay|Prankster|PartingShot,Reflect,LightScreen,FakeOut|Careful||M|||50|]Scovillain||Scovillainite|Chlorophyll|RagePowder,Protect,HelpingHand,EnergyBall|Calm||F|||50|]Garchomp||LifeOrb|SandVeil|Earthquake,RockSlide,Protect,PoisonJab|Jolly||M|||50|]Sneasler||FocusSash|Pressure|DireClaw,CloseCombat,Protect,FakeOut|Jolly||M|||50|]Lycanroc||ExpertBelt|SandRush|Taunt,Protect,StoneEdge,CloseCombat|Adamant||M|||50|]Ninetales-Alola||NeverMeltIce|SnowWarning|FreezeDry,Moonblast,Protect,Blizzard|Timid||M|||50|
|showteam|p2|Raichu||RaichuniteY|LightningRod|ZapCannon,FocusBlast,FakeOut,Protect|Timid||F|||50|]Mawile||Mawilite|HyperCutter|PlayRough,SuckerPunch,SwordsDance,Protect|Adamant||F|||50|]Sinistcha||KasibBerry|Hospitality|MatchaGotcha,LifeDew,RagePowder,Protect|Relaxed|||||50|]Ceruledge||ColburBerry|FlashFire|BitterBlade,ShadowSneak,BulkUp,Protect|Adamant||M|||50|]Milotic||Leftovers|Competitive|MuddyWater,Coil,Hypnosis,Protect|Calm||M|||50|]Incineroar||SitrusBerry|Intimidate|FlareBlitz,ThroatChop,FakeOut,PartingShot|Impish||M|||50|
|inactive|Battle timer is ON: inactive players will automatically lose when time's up. (requested by asher255)
|c|☆asher255|Time to stall
|inactive|geoo_4789 has 60 seconds left.
|
|t:|1783520632
|teamsize|p1|4
|teamsize|p2|4
|start
|switch|p1a: Lycanroc|Lycanroc, L50, M|100/100
|switch|p1b: Ninetales|Ninetales-Alola, L50, M|100/100
|switch|p2a: Incineroar|Incineroar, L50, M|100/100
|switch|p2b: Ceruledge|Ceruledge, L50, M|100/100
|-weather|Snowscape|[from] ability: Snow Warning|[of] p1b: Ninetales
|-ability|p2a: Incineroar|Intimidate|boost
|-unboost|p1a: Lycanroc|atk|1
|-unboost|p1b: Ninetales|atk|1
|turn|1
|inactive|asher255 has 30 seconds left.
|inactive|geoo_4789 has 30 seconds left.
|inactive|geoo_4789 has 20 seconds left.
|
|t:|1783520669
|move|p1b: Ninetales|Protect|p1b: Ninetales
|-singleturn|p1b: Ninetales|Protect
|move|p1a: Lycanroc|Protect|p1a: Lycanroc
|-singleturn|p1a: Lycanroc|Protect
|move|p2a: Incineroar|Fake Out|p1a: Lycanroc
|-activate|p1a: Lycanroc|move: Protect
|move|p2b: Ceruledge|Bitter Blade|p1b: Ninetales
|-activate|p1b: Ninetales|move: Protect
|
|-weather|Snowscape|[upkeep]
|upkeep
|turn|2
|
|t:|1783520692
|move|p2b: Ceruledge|Protect|p2b: Ceruledge
|-singleturn|p2b: Ceruledge|Protect
|move|p1b: Ninetales|Blizzard|p2b: Ceruledge|[spread] p2a
|-activate|p2b: Ceruledge|move: Protect
|-resisted|p2a: Incineroar|1
|-damage|p2a: Incineroar|83/100
|-status|p2a: Incineroar|frz
|move|p1a: Lycanroc|Stone Edge|p2b: Ceruledge
|-activate|p2b: Ceruledge|move: Protect
|-curestatus|p2a: Incineroar|frz|[from] move: Flare Blitz
|move|p2a: Incineroar|Flare Blitz|p1b: Ninetales
|-supereffective|p1b: Ninetales|1
|-damage|p1b: Ninetales|7/100
|-damage|p2a: Incineroar|60/100|[from] Recoil
|
|-weather|Snowscape|[upkeep]
|upkeep
|turn|3
|inactive|geoo_4789 has 30 seconds left.
|
|t:|1783520721
|switch|p2b: Sinistcha|Sinistcha, L50|100/100
|-heal|p2a: Incineroar|85/100|[from] ability: Hospitality|[of] p2b: Sinistcha
|move|p1b: Ninetales|Blizzard|p2b: Sinistcha|[spread] p2a,p2b
|-resisted|p2a: Incineroar|1
|-supereffective|p2b: Sinistcha|1
|-damage|p2a: Incineroar|67/100
|-damage|p2b: Sinistcha|22/100
|move|p1a: Lycanroc|Stone Edge|p2b: Sinistcha
|-crit|p2b: Sinistcha
|-damage|p2b: Sinistcha|0 fnt
|faint|p2b: Sinistcha
|move|p2a: Incineroar|Throat Chop|p1b: Ninetales
|-resisted|p1b: Ninetales|1
|-damage|p1b: Ninetales|0 fnt
|faint|p1b: Ninetales
|
|-weather|Snowscape|[upkeep]
|upkeep
|
|t:|1783520745
|switch|p1b: Garchomp|Garchomp, L50, M|100/100
|switch|p2b: Raichu|Raichu, L50, F|100/100
|turn|4
|
|t:|1783520758
|detailschange|p2b: Raichu|Raichu-Mega-Y, L50, F
|-mega|p2b: Raichu|Raichu|Raichunite Y
|move|p1a: Lycanroc|Protect|p1a: Lycanroc
|-singleturn|p1a: Lycanroc|Protect
|move|p2b: Raichu|Focus Blast|p1b: Garchomp
|-damage|p1b: Garchomp|51/100
|move|p1b: Garchomp|Earthquake|p2a: Incineroar|[spread] p2a,p2b
|-activate|p1a: Lycanroc|move: Protect
|-supereffective|p2a: Incineroar|1
|-supereffective|p2b: Raichu|1
|-damage|p2a: Incineroar|0 fnt
|-damage|p2b: Raichu|0 fnt
|faint|p2a: Incineroar
|faint|p2b: Raichu
|-damage|p1b: Garchomp|41/100|[from] item: Life Orb
|
|-weather|Snowscape|[upkeep]
|upkeep
|
|t:|1783520770
|switch|p2b: Ceruledge|Ceruledge, L50, M|100/100
|turn|5
|c|☆asher255|Holy chomp
|
|t:|1783520778
|move|p2b: Ceruledge|Shadow Sneak|p1b: Garchomp
|-damage|p1b: Garchomp|18/100
|move|p1b: Garchomp|Rock Slide|p2b: Ceruledge
|-supereffective|p2b: Ceruledge|1
|-damage|p2b: Ceruledge|26/100
|-damage|p1b: Garchomp|9/100|[from] item: Life Orb
|move|p1a: Lycanroc|Stone Edge|p2b: Ceruledge
|-supereffective|p2b: Ceruledge|1
|-damage|p2b: Ceruledge|0 fnt
|faint|p2b: Ceruledge
|
|win|asher255
||geoo_4789 is ready for game 3.
||asher255 is ready for game 3.
|uhtml|next|Next: Game 3 of 3
