|j|☆lox1sm
|j|☆icanttext
|html|lox1smicanttext    
|uhtml|bestof|Game 2 of a best-of-3
|t:|1783636258
|gametype|doubles
|player|p1|lox1sm|veteran|1106
|player|p2|icanttext|266|1170
|gen|9
|tier|[Gen 9 Champions] VGC 2026 Reg M-B (Bo3)
|rated|
|rule|Species Clause: Limit one of each Pokémon
|rule|Item Clause: Limit 1 of each item
|clearpoke
|poke|p1|Charizard, L50, M|
|poke|p1|Aerodactyl, L50, F|
|poke|p1|Garchomp, L50, M|
|poke|p1|Kingambit, L50, F|
|poke|p1|Farigiraf, L50, M|
|poke|p1|Primarina, L50, F|
|poke|p2|Staraptor, L50, M, shiny|
|poke|p2|Grimmsnarl, L50, M, shiny|
|poke|p2|Whimsicott, L50, F, shiny|
|poke|p2|Incineroar, L50, F, shiny|
|poke|p2|Sinistcha-Masterpiece, L50|
|poke|p2|Gengar, L50, F|
|teampreview|4
|showteam|p1|Charizard||CharizarditeY|Blaze|HeatWave,WeatherBall,SolarBeam,Protect|Modest||M|||50|]Aerodactyl||Aerodactylite|Unnerve|RockSlide,IceFang,Tailwind,Protect|Jolly||F|||50|]Garchomp||LifeOrb|RoughSkin|DragonClaw,Earthquake,RockSlide,Protect|Jolly||M|||50|]Kingambit||FocusSash|Defiant|KowtowCleave,SuckerPunch,IronHead,LowKick|Adamant||F|||50|]Farigiraf||ExpertBelt|ArmorTail|Psychic,DazzlingGleam,Thunderbolt,TrickRoom|Modest||M|||50|]Primarina||MysticWater|LiquidVoice|HyperVoice,Moonblast,Haze,Protect|Modest||F|||50|
|showteam|p2|Staraptor||Staraptite|Intimidate|BraveBird,CloseCombat,Roost,Protect|Jolly||M|||50|]Grimmsnarl||LightClay|Prankster|SpiritBreak,PartingShot,Reflect,LightScreen|Impish||M|||50|]Whimsicott||FocusSash|Prankster|Moonblast,Tailwind,Taunt,Protect|Timid||F|||50|]Incineroar||ShucaBerry|Intimidate|FakeOut,FlareBlitz,PartingShot,Snarl|Impish||F|||50|]Sinistcha-Masterpiece||SitrusBerry|Hospitality|MatchaGotcha,LifeDew,RagePowder,Protect|Calm|||||50|]Gengar||Gengarite|CursedBody|ShadowBall,SludgeBomb,DarkPulse,Protect|Timid||F|||50|
|inactive|Battle timer is ON: inactive players will automatically lose when time's up. (requested by icanttext)
|inactive|lox1sm has 60 seconds left.
|inactive|lox1sm has 30 seconds left.
|
|t:|1783636324
|teamsize|p1|4
|teamsize|p2|4
|start
|switch|p1a: Aerodactyl|Aerodactyl, L50, F|100/100
|switch|p1b: Kingambit|Kingambit, L50, F|100/100
|switch|p2a: Grimmsnarl|Grimmsnarl, L50, M, shiny|100/100
|switch|p2b: Gengar|Gengar, L50, F|100/100
|-ability|p1a: Aerodactyl|Unnerve
|turn|1
|inactive|lox1sm has 30 seconds left.
|inactive|icanttext has 30 seconds left.
|inactive|lox1sm has 20 seconds left.
|inactive|icanttext has 20 seconds left.
|inactive|lox1sm has 15 seconds left.
|inactive|icanttext has 15 seconds left.
|inactive|lox1sm has 10 seconds left.
|inactive|icanttext has 10 seconds left.
|inactive|lox1sm has 5 seconds left.
|inactive|icanttext has 5 seconds left.
|
|t:|1783636379
|move|p2a: Grimmsnarl|Reflect|p2a: Grimmsnarl
|-sidestart|p2: icanttext|Reflect
|move|p1a: Aerodactyl|Rock Slide|p2b: Gengar|[spread] p2a,p2b
|-damage|p2a: Grimmsnarl|85/100
|-damage|p2b: Gengar|72/100
|move|p2b: Gengar|Shadow Ball|p1a: Aerodactyl
|-damage|p1a: Aerodactyl|36/100
|move|p1b: Kingambit|Kowtow Cleave|p2b: Gengar
|-supereffective|p2b: Gengar|1
|-damage|p2b: Gengar|0 fnt
|faint|p2b: Gengar
|
|upkeep
|
|t:|1783636390
|switch|p2b: Staraptor|Staraptor, L50, M, shiny|100/100
|-ability|p2b: Staraptor|Intimidate|boost
|-unboost|p1a: Aerodactyl|atk|1
|-unboost|p1b: Kingambit|atk|1
|-ability|p1b: Kingambit|Defiant|boost
|-boost|p1b: Kingambit|atk|2
|turn|2
|inactive|lox1sm has 30 seconds left.
|
|t:|1783636425
|detailschange|p1a: Aerodactyl|Aerodactyl-Mega, L50, F
|-mega|p1a: Aerodactyl|Aerodactyl|Aerodactylite
|detailschange|p2b: Staraptor|Staraptor-Mega, L50, M, shiny
|-mega|p2b: Staraptor|Staraptor|Staraptite
|move|p2a: Grimmsnarl|Parting Shot|p1a: Aerodactyl
|-unboost|p1a: Aerodactyl|atk|1
|-unboost|p1a: Aerodactyl|spa|1
|
|t:|1783636433
|switch|p2a: Incineroar|Incineroar, L50, F, shiny|100/100|[from] Parting Shot
|-ability|p2a: Incineroar|Intimidate|boost
|-unboost|p1a: Aerodactyl|atk|1
|-unboost|p1b: Kingambit|atk|1
|-ability|p1b: Kingambit|Defiant|boost
|-boost|p1b: Kingambit|atk|2
|move|p1a: Aerodactyl|Tailwind|p1a: Aerodactyl
|-sidestart|p1: lox1sm|move: Tailwind
|move|p1b: Kingambit|Iron Head|p2a: Incineroar
|-resisted|p2a: Incineroar|1
|-damage|p2a: Incineroar|75/100
|move|p2b: Staraptor|Close Combat|p1b: Kingambit
|-supereffective|p1b: Kingambit|2
|-enditem|p1b: Kingambit|Focus Sash
|-damage|p1b: Kingambit|1/100
|-boost|p2b: Staraptor|def|1
|-boost|p2b: Staraptor|spd|1
|
|upkeep
|turn|3
|inactive|lox1sm has 30 seconds left.
|inactive|icanttext has 30 seconds left.
|inactive|icanttext has 20 seconds left.
|
|t:|1783636469
|switch|p1a: Farigiraf|Farigiraf, L50, M|100/100
|move|p2a: Incineroar|Fake Out||[still]
|cant|p1a: Farigiraf|ability: Armor Tail|Fake Out|[of] p2a: Incineroar
|move|p1b: Kingambit|Iron Head|p2b: Staraptor
|-damage|p2b: Staraptor|52/100
|move|p2b: Staraptor|Close Combat|p1b: Kingambit
|-supereffective|p1b: Kingambit|2
|-damage|p1b: Kingambit|0 fnt
|-boost|p2b: Staraptor|def|1
|-boost|p2b: Staraptor|spd|1
|faint|p1b: Kingambit
|
|upkeep
|inactive|lox1sm has 30 seconds left.
|inactive|lox1sm has 20 seconds left.
|inactive|lox1sm has 15 seconds left.
|inactive|lox1sm has 10 seconds left.
|inactive|lox1sm has 5 seconds left.
|
|t:|1783636521
|switch|p1b: Aerodactyl|Aerodactyl-Mega, L50, F|36/100
|turn|4
|inactive|lox1sm has 30 seconds left.
|inactive|icanttext has 30 seconds left.
|inactive|icanttext has 20 seconds left.
|
|t:|1783636560
|move|p2b: Staraptor|Protect|p2b: Staraptor
|-singleturn|p2b: Staraptor|Protect
|move|p1b: Aerodactyl|Rock Slide|p2a: Incineroar|[spread] p2a
|-activate|p2b: Staraptor|move: Protect
|-supereffective|p2a: Incineroar|1
|-damage|p2a: Incineroar|47/100
|move|p1a: Farigiraf|Psychic|p2b: Staraptor
|-activate|p2b: Staraptor|move: Protect
|cant|p2a: Incineroar|flinch
|
|upkeep
|turn|5
|inactive|lox1sm has 30 seconds left.
|inactive|icanttext has 30 seconds left.
|inactive|lox1sm has 20 seconds left.
|inactive|lox1sm has 15 seconds left.
|
|t:|1783636602
|move|p1b: Aerodactyl|Rock Slide|p2a: Incineroar|[spread] p2a,p2b
|-supereffective|p2a: Incineroar|1
|-damage|p2a: Incineroar|17/100
|-damage|p2b: Staraptor|41/100
|move|p2b: Staraptor|Roost|p2b: Staraptor
|-heal|p2b: Staraptor|91/100
|-singleturn|p2b: Staraptor|move: Roost
|move|p1a: Farigiraf|Psychic|p2b: Staraptor
|-supereffective|p2b: Staraptor|1
|-damage|p2b: Staraptor|23/100
|move|p2a: Incineroar|Parting Shot|p1b: Aerodactyl
|-unboost|p1b: Aerodactyl|atk|1
|-unboost|p1b: Aerodactyl|spa|1
|
|t:|1783636618
|switch|p2a: Grimmsnarl|Grimmsnarl, L50, M, shiny|85/100|[from] Parting Shot
|
|-sideend|p1: lox1sm|move: Tailwind
|upkeep
|turn|6
|
|t:|1783636635
|move|p2a: Grimmsnarl|Light Screen|p2a: Grimmsnarl
|-sidestart|p2: icanttext|move: Light Screen
|move|p1b: Aerodactyl|Ice Fang|p2b: Staraptor
|-supereffective|p2b: Staraptor|1
|-damage|p2b: Staraptor|9/100
|move|p2b: Staraptor|Roost|p2b: Staraptor
|-heal|p2b: Staraptor|59/100
|-singleturn|p2b: Staraptor|move: Roost
|move|p1a: Farigiraf|Dazzling Gleam|p2b: Staraptor|[spread] p2a,p2b
|-supereffective|p2a: Grimmsnarl|1
|-supereffective|p2b: Staraptor|1
|-damage|p2a: Grimmsnarl|55/100
|-damage|p2b: Staraptor|39/100
|
|upkeep
|turn|7
|inactive|lox1sm has 30 seconds left.
|inactive|lox1sm has 20 seconds left.
|inactive|lox1sm has 15 seconds left.
|inactive|lox1sm has 10 seconds left.
|
|t:|1783636684
|move|p2b: Staraptor|Protect|p2b: Staraptor
|-singleturn|p2b: Staraptor|Protect
|move|p1b: Aerodactyl|Rock Slide|p2a: Grimmsnarl|[spread] p2a
|-activate|p2b: Staraptor|move: Protect
|-damage|p2a: Grimmsnarl|43/100
|move|p1a: Farigiraf|Psychic|p2b: Staraptor
|-activate|p2b: Staraptor|move: Protect
|move|p2a: Grimmsnarl|Spirit Break|p1a: Farigiraf
|-damage|p1a: Farigiraf|67/100
|-unboost|p1a: Farigiraf|spa|1
|
|upkeep
|turn|8
|inactive|lox1sm has 30 seconds left.
|
|t:|1783636715
|move|p1b: Aerodactyl|Rock Slide|p2b: Staraptor|[spread] p2a,p2b
|-damage|p2a: Grimmsnarl|32/100
|-damage|p2b: Staraptor|32/100
|cant|p2b: Staraptor|flinch
|move|p1a: Farigiraf|Dazzling Gleam|p2a: Grimmsnarl|[spread] p2a,p2b
|-supereffective|p2a: Grimmsnarl|1
|-supereffective|p2b: Staraptor|1
|-damage|p2a: Grimmsnarl|9/100
|-damage|p2b: Staraptor|19/100
|cant|p2a: Grimmsnarl|flinch
|
|-sideend|p2: icanttext|Reflect
|upkeep
|turn|9
|inactive|lox1sm has 30 seconds left.
|
|t:|1783636747
|move|p2a: Grimmsnarl|Reflect|p2a: Grimmsnarl
|-sidestart|p2: icanttext|Reflect
|move|p1b: Aerodactyl|Ice Fang|p2b: Staraptor
|-supereffective|p2b: Staraptor|1
|-damage|p2b: Staraptor|4/100
|move|p2b: Staraptor|Roost|p2b: Staraptor
|-heal|p2b: Staraptor|54/100
|-singleturn|p2b: Staraptor|move: Roost
|move|p1a: Farigiraf|Dazzling Gleam|p2b: Staraptor|[spread] p2a,p2b
|-supereffective|p2a: Grimmsnarl|1
|-supereffective|p2b: Staraptor|1
|-damage|p2a: Grimmsnarl|0 fnt
|-damage|p2b: Staraptor|41/100
|faint|p2a: Grimmsnarl
|
|upkeep
|
|t:|1783636760
|switch|p2a: Incineroar|Incineroar, L50, F, shiny|17/100
|-ability|p2a: Incineroar|Intimidate|boost
|-unboost|p1a: Farigiraf|atk|1
|-unboost|p1b: Aerodactyl|atk|1
|turn|10
|inactive|lox1sm has 30 seconds left.
|
|t:|1783636794
|move|p1b: Aerodactyl|Rock Slide|p2a: Incineroar|[spread] p2a,p2b
|-supereffective|p2a: Incineroar|1
|-damage|p2a: Incineroar|4/100
|-damage|p2b: Staraptor|35/100
|move|p2b: Staraptor|Roost|p2b: Staraptor
|-heal|p2b: Staraptor|85/100
|-singleturn|p2b: Staraptor|move: Roost
|move|p1a: Farigiraf|Psychic|p2b: Staraptor
|-supereffective|p2b: Staraptor|1
|-damage|p2b: Staraptor|53/100
|move|p2a: Incineroar|Snarl|p1a: Farigiraf|[spread] p1a,p1b
|-supereffective|p1a: Farigiraf|1
|-damage|p1a: Farigiraf|45/100
|-damage|p1b: Aerodactyl|24/100
|-unboost|p1a: Farigiraf|spa|1
|-unboost|p1b: Aerodactyl|spa|1
|
|upkeep
|turn|11
|
|t:|1783636812
|move|p1b: Aerodactyl|Rock Slide|p2b: Staraptor|[spread] p2a,p2b
|-supereffective|p2a: Incineroar|1
|-damage|p2a: Incineroar|0 fnt
|-damage|p2b: Staraptor|48/100
|faint|p2a: Incineroar
|move|p2b: Staraptor|Roost|p2b: Staraptor
|-heal|p2b: Staraptor|98/100
|-singleturn|p2b: Staraptor|move: Roost
|move|p1a: Farigiraf|Psychic|p2b: Staraptor
|-supereffective|p2b: Staraptor|1
|-damage|p2b: Staraptor|73/100
|
|upkeep
|turn|12
|inactive|lox1sm has 30 seconds left.
|
|t:|1783636833
|switch|p1a: Garchomp|Garchomp, L50, M|100/100
|move|p1b: Aerodactyl|Rock Slide|p2b: Staraptor
|-damage|p2b: Staraptor|66/100
|move|p2b: Staraptor|Close Combat|p1a: Garchomp
|-damage|p1a: Garchomp|34/100
|-boost|p2b: Staraptor|def|1
|-boost|p2b: Staraptor|spd|1
|-damage|p2b: Staraptor|53/100|[from] ability: Rough Skin|[of] p1a: Garchomp
|
|upkeep
|turn|13
|inactive|lox1sm has 30 seconds left this turn.
|
|t:|1783636850
|move|p1b: Aerodactyl|Rock Slide|p2b: Staraptor|[miss]
|-miss|p1b: Aerodactyl|p2b: Staraptor
|move|p2b: Staraptor|Roost|p2b: Staraptor
|-heal|p2b: Staraptor|100/100
|-singleturn|p2b: Staraptor|move: Roost
|move|p1a: Garchomp|Dragon Claw|p2b: Staraptor
|-damage|p2b: Staraptor|82/100
|-damage|p1a: Garchomp|24/100|[from] item: Life Orb
|
|-sideend|p2: icanttext|move: Light Screen
|upkeep
|turn|14
|inactive|lox1sm has 25 seconds left this turn.
|inactive|lox1sm has 20 seconds left.
|
|t:|1783636865
|move|p1b: Aerodactyl|Rock Slide|p2b: Staraptor
|-damage|p2b: Staraptor|76/100
|move|p2b: Staraptor|Close Combat|p1a: Garchomp
|-damage|p1a: Garchomp|0 fnt
|-boost|p2b: Staraptor|def|1
|-boost|p2b: Staraptor|spd|1
|-damage|p2b: Staraptor|64/100|[from] ability: Rough Skin|[of] p1a: Garchomp
|faint|p1a: Garchomp
|
|upkeep
|inactive|lox1sm has 20 seconds left this turn.
|
|t:|1783636868
|switch|p1a: Farigiraf|Farigiraf, L50, M|45/100
|turn|15
|inactive|lox1sm has 20 seconds left this turn.
|
|t:|1783636880
|move|p1b: Aerodactyl|Ice Fang|p2b: Staraptor
|-supereffective|p2b: Staraptor|1
|-damage|p2b: Staraptor|56/100
|move|p2b: Staraptor|Roost|p2b: Staraptor
|-heal|p2b: Staraptor|100/100
|-singleturn|p2b: Staraptor|move: Roost
|move|p1a: Farigiraf|Psychic|p2b: Staraptor
|-supereffective|p2b: Staraptor|1
|-crit|p2b: Staraptor
|-damage|p2b: Staraptor|0 fnt
|faint|p2b: Staraptor
|
|win|lox1sm
|raw|lox1sm's rating: 1106 → 1136(+30 for winning)
|raw|icanttext's rating: 1170 → 1140(-30 for losing)
|l|☆icanttext
|player|p2|
