|j|☆Stenbuck
|j|☆MobiusVGC
|html|StenbuckMobiusVGC    
|uhtml|bestof|Game 2 of a best-of-3
|t:|1756220479
|gametype|doubles
|player|p1|Stenbuck|102|1058
|player|p2|MobiusVGC|gentleman-gen4dp|1151
|gen|9
|tier|[Gen 9] VGC 2025 Reg H (Bo3)
|rated|
|rule|Species Clause: Limit one of each Pokémon
|rule|Item Clause: Limit 1 of each item
|clearpoke
|poke|p1|Ursaluna-Bloodmoon, L50, M|
|poke|p1|Porygon2, L50|
|poke|p1|Amoonguss, L50, F|
|poke|p1|Incineroar, L50, M|
|poke|p1|Dragapult, L50, M|
|poke|p1|Sneasler, L50, M|
|poke|p2|Sneasler, L50, M|
|poke|p2|Dragapult, L50, F|
|poke|p2|Primarina, L50, M|
|poke|p2|Rillaboom, L50, F|
|poke|p2|Kingambit, L50, F|
|poke|p2|Magmar, L50, F|
|teampreview|4
|showteam|p1|Ursaluna-Bloodmoon||AssaultVest|MindsEye|BloodMoon,HyperVoice,EarthPower,VacuumWave|||M|||50|,,,,,Normal]Porygon2||Eviolite|Trace|IceBeam,Thunderbolt,Recover,TrickRoom||||||50|,,,,,Ghost]Amoonguss||CovertCloak|Regenerator|Spore,RagePowder,PollenPuff,SludgeBomb|||F|||50|,,,,,Water]Incineroar||SafetyGoggles|Intimidate|KnockOff,FakeOut,PartingShot,FlareBlitz|||M|||50|,,,,,Ghost]Dragapult||ChoiceBand|ClearBody|DragonDarts,Outrage,PhantomForce,Uturn|||M|||50|,,,,,Dragon]Sneasler||FocusSash|PoisonTouch|CloseCombat,DireClaw,ThroatChop,FakeOut|||M|||50|,,,,,Dark
|showteam|p2|Sneasler||FocusSash|PoisonTouch|CloseCombat,DireClaw,FakeOut,Protect|||M|||50|,,,,,Stellar]Dragapult||ChoiceBand|ClearBody|DragonDarts,TeraBlast,PhantomForce,Uturn|||F|||50|,,,,,Ghost]Primarina||SitrusBerry|LiquidVoice|HyperVoice,Moonblast,Haze,Protect|||M|||50|,,,,,Water]Rillaboom||AssaultVest|GrassySurge|WoodHammer,GrassyGlide,HighHorsepower,FakeOut|||F|||50|,,,,,Fire]Kingambit||BlackGlasses|Defiant|KowtowCleave,SuckerPunch,SwordsDance,Protect|||F|||50|,,,,,Ghost]Magmar||Eviolite|VitalSpirit|Overheat,WillOWisp,FollowMe,Protect|||F|||50|,,,,,Ghost
|
|t:|1756220503
|teamsize|p1|4
|teamsize|p2|4
|start
|switch|p1a: Sneasler|Sneasler, L50, M|100/100
|switch|p1b: Dragapult|Dragapult, L50, M|100/100
|switch|p2a: Dragapult|Dragapult, L50, F|100/100
|switch|p2b: Kingambit|Kingambit, L50, F|100/100
|turn|1
|
|t:|1756220551
|-terastallize|p1a: Sneasler|Dark
|move|p2b: Kingambit|Protect|p2b: Kingambit
|-singleturn|p2b: Kingambit|Protect
|move|p2a: Dragapult|Phantom Force||[still]
|-prepare|p2a: Dragapult|Phantom Force
|move|p1b: Dragapult|U-turn|p2b: Kingambit
|-activate|p2b: Kingambit|move: Protect
|move|p1a: Sneasler|Throat Chop|p2a: Dragapult|[miss]
|-miss|p1a: Sneasler|p2a: Dragapult
|
|upkeep
|turn|2
|
|t:|1756220568
|switch|p2b: Magmar|Magmar, L50, F|100/100
|move|p2a: Dragapult|Phantom Force|p1a: Sneasler|[from] lockedmove
|-resisted|p1a: Sneasler
|-damage|p1a: Sneasler|43/100
|move|p1b: Dragapult|U-turn|p2b: Magmar
|-resisted|p2b: Magmar
|-damage|p2b: Magmar|86/100
|
|t:|1756220579
|switch|p1b: Ursaluna|Ursaluna-Bloodmoon, L50, M|100/100|[from] U-turn
|move|p1a: Sneasler|Close Combat|p2b: Magmar
|-damage|p2b: Magmar|38/100
|-unboost|p1a: Sneasler|def|1
|-unboost|p1a: Sneasler|spd|1
|-status|p2b: Magmar|psn|[from] ability: Poison Touch|[of] p1a: Sneasler
|
|-damage|p2b: Magmar|26/100 psn|[from] psn
|upkeep
|turn|3
|
|t:|1756220603
|switch|p1a: Amoonguss|Amoonguss, L50, F|100/100
|move|p2b: Magmar|Protect|p2b: Magmar
|-singleturn|p2b: Magmar|Protect
|move|p2a: Dragapult|Phantom Force||[still]
|-prepare|p2a: Dragapult|Phantom Force
|move|p1b: Ursaluna|Earth Power|p2b: Magmar
|-activate|p2b: Magmar|move: Protect
|
|-damage|p2b: Magmar|14/100 psn|[from] psn
|upkeep
|turn|4
|
|t:|1756220620
|move|p2a: Dragapult|Phantom Force|p1a: Amoonguss|[from] lockedmove
|-damage|p1a: Amoonguss|47/100
|move|p2b: Magmar|Overheat|p1b: Ursaluna|[miss]
|-miss|p2b: Magmar|p1b: Ursaluna
|move|p1b: Ursaluna|Blood Moon|p2a: Dragapult
|-damage|p2a: Dragapult|0 fnt
|faint|p2a: Dragapult
|move|p1a: Amoonguss|Spore||[still]
|-fail|p1a: Amoonguss
|
|-damage|p2b: Magmar|2/100 psn|[from] psn
|upkeep
|
|t:|1756220636
|switch|p2a: Kingambit|Kingambit, L50, F|100/100
|turn|5
|
|t:|1756220654
|switch|p1a: Sneasler|Sneasler, L50, M, tera:Dark|43/100
|move|p2a: Kingambit|Protect|p2a: Kingambit
|-singleturn|p2a: Kingambit|Protect
|move|p2b: Magmar|Overheat|p1b: Ursaluna
|-damage|p1b: Ursaluna|68/100
|-unboost|p2b: Magmar|spa|2
|move|p1b: Ursaluna|Hyper Voice|p2b: Magmar|[spread] p2b
|-activate|p2a: Kingambit|move: Protect
|-damage|p2b: Magmar|0 fnt
|faint|p2b: Magmar
|
|upkeep
|
|t:|1756220664
|switch|p2b: Sneasler|Sneasler, L50, M|100/100
|turn|6
|
|t:|1756220711
|-terastallize|p2a: Kingambit|Ghost
|move|p2b: Sneasler|Fake Out|p1b: Ursaluna
|-damage|p1b: Ursaluna|57/100
|move|p1a: Sneasler|Fake Out|p2b: Sneasler
|-damage|p2b: Sneasler|74/100
|cant|p1b: Ursaluna|flinch
|move|p2a: Kingambit|Swords Dance|p2a: Kingambit
|-boost|p2a: Kingambit|atk|2
|
|upkeep
|turn|7
|
|t:|1756220731
|move|p1a: Sneasler|Throat Chop|p2a: Kingambit
|-supereffective|p2a: Kingambit
|-damage|p2a: Kingambit|36/100
|-start|p2a: Kingambit|Throat Chop|[silent]
|move|p2b: Sneasler|Dire Claw|p1a: Sneasler
|-damage|p1a: Sneasler|0 fnt
|faint|p1a: Sneasler
|move|p1b: Ursaluna|Blood Moon|p2b: Sneasler
|-damage|p2b: Sneasler|0 fnt
|faint|p2b: Sneasler
|move|p2a: Kingambit|Kowtow Cleave|p1b: Ursaluna
|-damage|p1b: Ursaluna|0 fnt
|faint|p1b: Ursaluna
|
|upkeep
|
|t:|1756220745
|switch|p1a: Dragapult|Dragapult, L50, M|100/100
|switch|p1b: Amoonguss|Amoonguss, L50, F|80/100
|turn|8
|
|t:|1756220752
|move|p1b: Amoonguss|Rage Powder|p1b: Amoonguss
|-singleturn|p1b: Amoonguss|move: Rage Powder
|move|p2a: Kingambit|Sucker Punch||[still]
|-fail|p2a: Kingambit
|move|p1a: Dragapult|Phantom Force||[still]
|-prepare|p1a: Dragapult|Phantom Force
|
|-end|p2a: Kingambit|Throat Chop|[silent]
|upkeep
|turn|9
|
|t:|1756220762
|move|p1b: Amoonguss|Rage Powder|p1b: Amoonguss
|-singleturn|p1b: Amoonguss|move: Rage Powder
|move|p2a: Kingambit|Sucker Punch||[still]
|-fail|p2a: Kingambit
|move|p1a: Dragapult|Phantom Force|p2a: Kingambit|[from] lockedmove
|-supereffective|p2a: Kingambit
|-damage|p2a: Kingambit|0 fnt
|faint|p2a: Kingambit
|
|win|Stenbuck
||MobiusVGC is ready for game 3.
