|j|‽Juaner95
|j|☆geckoface
|html|Juaner95geckoface    
|uhtml|bestof|Game 3 of a best-of-3
|t:|1784093533
|gametype|doubles
|player|p1|Juaner95|ash-hoenn|1072
|player|p2|geckoface|alder|1094
|gen|9
|tier|[Gen 9 Champions] VGC 2026 Reg M-B (Bo3)
|rated|
|rule|Species Clause: Limit one of each Pokémon
|rule|Item Clause: Limit 1 of each item
|clearpoke
|poke|p1|Scrafty, L50, M|
|poke|p1|Vileplume, L50, M, shiny|
|poke|p1|Oranguru, L50, M|
|poke|p1|Torkoal, L50, F, shiny|
|poke|p1|Gholdengo, L50, shiny|
|poke|p1|Lucario, L50, M|
|poke|p2|Maushold, L50|
|poke|p2|Garchomp, L50, F|
|poke|p2|Whimsicott, L50, M|
|poke|p2|Beedrill, L50, F|
|poke|p2|Incineroar, L50, F|
|poke|p2|Rotom-Wash, L50|
|teampreview|4
|showteam|p1|Scrafty||Scraftinite|Intimidate|FakeOut,KnockOff,DrainPunch,RockSlide|Brave||M|||50|]Vileplume||FocusSash|Chlorophyll|AfterYou,SludgeBomb,LeafStorm,Protect|Modest||M|||50|]Oranguru||MentalHerb|InnerFocus|Instruct,Encore,TrickRoom,Protect|Bold||M|||50|]Torkoal||Charcoal|Drought|Eruption,EarthPower,HeatWave,Protect|Quiet||F|||50|]Gholdengo||LifeOrb|GoodasGold|ShadowBall,MakeItRain,NastyPlot,Protect|Timid|||||50|]Lucario||ChoiceScarf|InnerFocus|FinalGambit,HelpingHand,SunnyDay,HealPulse|Timid||M|||50|
|showteam|p2|Maushold||WideLens|Technician|PopulationBomb,FollowMe,Protect,Bite|Jolly|||||50|]Garchomp||LifeOrb|RoughSkin|StompingTantrum,RockSlide,DragonClaw,Protect|Jolly||F|||50|]Whimsicott||FocusSash|Prankster|Moonblast,Tailwind,Encore,Protect|Timid||M|||50|]Beedrill||Beedrillite|Swarm|DrillRun,Lunge,PoisonJab,Protect|Adamant||F|||50|]Incineroar||ChopleBerry|Intimidate|FlareBlitz,DarkestLariat,FakeOut,PartingShot|Adamant||F|||50|]Rotom-Wash||ChoiceScarf|Levitate|HydroPump,VoltSwitch,Thunderbolt,Electroweb|Timid|||||50|
|inactive|Battle timer is ON: inactive players will automatically lose when time's up. (requested by Juaner95)
|inactive|Juaner95 has 60 seconds left.
|inactive|Juaner95 has 30 seconds left.
|inactive|Juaner95 has 20 seconds left.
|inactive|Juaner95 has 15 seconds left.
|inactive|Juaner95 has 10 seconds left.
|inactiveoff|Battle timer is now OFF.
|
|t:|1784094059
|teamsize|p1|4
|teamsize|p2|4
|start
|switch|p1a: Torkoal|Torkoal, L50, F, shiny|100/100
|switch|p1b: Oranguru|Oranguru, L50, M|100/100
|switch|p2a: news mark|Garchomp, L50, F|100/100
|switch|p2b: we can finally|Whimsicott, L50, M|100/100
|-weather|SunnyDay|[from] ability: Drought|[of] p1a: Torkoal
|turn|1
|
|t:|1784094084
|move|p1a: Torkoal|Protect|p1a: Torkoal
|-singleturn|p1a: Torkoal|Protect
|move|p2b: we can finally|Moonblast|p1b: Oranguru
|-damage|p1b: Oranguru|75/100
|move|p2a: news mark|Stomping Tantrum|p1b: Oranguru
|-damage|p1b: Oranguru|29/100
|-damage|p2a: news mark|90/100|[from] item: Life Orb
|move|p1b: Oranguru|Trick Room|p1b: Oranguru
|-fieldstart|move: Trick Room|[of] p1b: Oranguru
|
|-weather|SunnyDay|[upkeep]
|upkeep
|turn|2
|
|t:|1784094104
|move|p2b: we can finally|Protect|p2b: we can finally
|-singleturn|p2b: we can finally|Protect
|move|p1a: Torkoal|Eruption|p2b: we can finally|[spread] p2a
|-activate|p2b: we can finally|move: Protect
|-resisted|p2a: news mark|1
|-damage|p2a: news mark|43/100
|move|p1b: Oranguru|Instruct|p1a: Torkoal
|-singleturn|p1a: Torkoal|move: Instruct|[of] p1b: Oranguru
|move|p1a: Torkoal|Eruption|p2b: we can finally|[spread] p2a
|-activate|p2b: we can finally|move: Protect
|-resisted|p2a: news mark|1
|-damage|p2a: news mark|0 fnt
|faint|p2a: news mark
|
|-weather|SunnyDay|[upkeep]
|upkeep
|
|t:|1784094118
|switch|p2a: you can|Incineroar, L50, F|100/100
|-ability|p2a: you can|Intimidate|boost
|-unboost|p1a: Torkoal|atk|1
|-fail|p1b: Oranguru|unboost|Attack|[from] ability: Inner Focus|[of] p1b: Oranguru
|turn|3
|
|t:|1784094153
|move|p1a: Torkoal|Protect|p1a: Torkoal
|-singleturn|p1a: Torkoal|Protect
|move|p2b: we can finally|Encore|p1b: Oranguru
|-start|p1b: Oranguru|Encore
|-enditem|p1b: Oranguru|Mental Herb
|-end|p1b: Oranguru|Encore
|move|p1b: Oranguru|Encore||[still]
|-fail|p1b: Oranguru
|move|p2a: you can|Darkest Lariat|p1b: Oranguru
|-supereffective|p1b: Oranguru|1
|-damage|p1b: Oranguru|0 fnt
|faint|p1b: Oranguru
|
|-weather|SunnyDay|[upkeep]
|upkeep
|
|t:|1784094163
|switch|p1b: Scrafty|Scrafty, L50, M|100/100
|-ability|p1b: Scrafty|Intimidate|boost
|-unboost|p2a: you can|atk|1
|-unboost|p2b: we can finally|atk|1
|turn|4
|
|t:|1784094183
|detailschange|p1b: Scrafty|Scrafty-Mega, L50, M
|-mega|p1b: Scrafty|Scrafty|Scraftinite
|-ability|p1b: Scrafty|Intimidate|boost
|-unboost|p2a: you can|atk|1
|-unboost|p2b: we can finally|atk|1
|move|p2b: we can finally|Protect|p2b: we can finally
|-singleturn|p2b: we can finally|Protect
|move|p1b: Scrafty|Fake Out|p2b: we can finally
|-activate|p2b: we can finally|move: Protect
|move|p1a: Torkoal|Eruption|p2a: you can|[spread] p2a
|-activate|p2b: we can finally|move: Protect
|-resisted|p2a: you can|1
|-damage|p2a: you can|55/100
|move|p2a: you can|Parting Shot|p1a: Torkoal
|-unboost|p1a: Torkoal|atk|1
|-unboost|p1a: Torkoal|spa|1
|
|t:|1784094197
|switch|p2a: Be bees|Beedrill, L50, F|100/100|[from] Parting Shot
|
|-weather|SunnyDay|[upkeep]
|upkeep
|turn|5
|
|t:|1784094208
|switch|p1a: Gholdengo|Gholdengo, L50, shiny|100/100
|switch|p2b: you can|Incineroar, L50, F|55/100
|-ability|p2b: you can|Intimidate|boost
|-unboost|p1a: Gholdengo|atk|1
|-unboost|p1b: Scrafty|atk|1
|move|p2a: Be bees|Protect|p2a: Be bees
|-singleturn|p2a: Be bees|Protect
|move|p1b: Scrafty|Rock Slide|p2b: you can|[spread] p2b
|-activate|p2a: Be bees|move: Protect
|-supereffective|p2b: you can|1
|-damage|p2b: you can|26/100
|
|-weather|none
|-fieldend|move: Trick Room
|upkeep
|turn|6
|inactive|Battle timer is ON: inactive players will automatically lose when time's up. (requested by Juaner95)
|
|t:|1784094255
|switch|p1b: Torkoal|Torkoal, L50, F, shiny|100/100
|-weather|SunnyDay|[from] ability: Drought|[of] p1b: Torkoal
|detailschange|p2a: Be bees|Beedrill-Mega, L50, F
|-mega|p2a: Be bees|Beedrill|Beedrillite
|move|p2a: Be bees|Lunge|p1b: Torkoal
|-resisted|p1b: Torkoal|1
|-damage|p1b: Torkoal|76/100
|-unboost|p1b: Torkoal|atk|1
|move|p1a: Gholdengo|Make It Rain|p2a: Be bees|[spread] p2a,p2b
|-resisted|p2b: you can|1
|-damage|p2a: Be bees|14/100
|-damage|p2b: you can|0 fnt
|-unboost|p1a: Gholdengo|spa|2
|faint|p2b: you can
|-damage|p1a: Gholdengo|90/100|[from] item: Life Orb
|
|-weather|SunnyDay|[upkeep]
|upkeep
|
|t:|1784094271
|switch|p2b: we can finally|Whimsicott, L50, M|100/100
|turn|7
|inactive|geckoface has 30 seconds left.
|inactive|geckoface has 20 seconds left.
|
|t:|1784094310
|switch|p1a: Scrafty|Scrafty-Mega, L50, M|100/100
|-ability|p1a: Scrafty|Intimidate|boost
|-unboost|p2a: Be bees|atk|1
|-unboost|p2b: we can finally|atk|1
|move|p2a: Be bees|Drill Run|p1b: Torkoal
|-supereffective|p1b: Torkoal|1
|-damage|p1b: Torkoal|40/100
|move|p2b: we can finally|Moonblast|p1a: Scrafty
|-supereffective|p1a: Scrafty|2
|-damage|p1a: Scrafty|0 fnt
|faint|p1a: Scrafty
|move|p1b: Torkoal|Heat Wave|p2b: we can finally|[spread] p2a,p2b
|-supereffective|p2a: Be bees|1
|-supereffective|p2b: we can finally|1
|-damage|p2a: Be bees|0 fnt
|-enditem|p2b: we can finally|Focus Sash
|-damage|p2b: we can finally|1/100
|faint|p2a: Be bees
|
|-weather|SunnyDay|[upkeep]
|upkeep
|
|t:|1784094328
|switch|p1a: Gholdengo|Gholdengo, L50, shiny|90/100
|turn|8
|-message|geckoface forfeited.
|
|win|Juaner95
|raw|Juaner95's rating: 1072 → 1103(+31 for winning)
|raw|geckoface's rating: 1094 → 1068(-26 for losing)
|l|☆geckoface
|player|p2|
