|j|☆arushd02
|j|☆ground tera
|html|arushd02ground tera    
|uhtml|bestof|Game 2 of a best-of-3
|t:|1783103951
|gametype|doubles
|player|p1|arushd02|1|1082
|player|p2|ground tera|170|1000
|gen|9
|tier|[Gen 9 Champions] VGC 2026 Reg M-B (Bo3)
|rated|
|rule|Species Clause: Limit one of each Pokémon
|rule|Item Clause: Limit 1 of each item
|clearpoke
|poke|p1|Staraptor, L50, M|
|poke|p1|Grimmsnarl, L50, M|
|poke|p1|Incineroar, L50, M|
|poke|p1|Aggron, L50, M|
|poke|p1|Sinistcha-Masterpiece, L50|
|poke|p1|Aerodactyl, L50, F|
|poke|p2|Archaludon, L50, F|
|poke|p2|Floette-Eternal, L50, F|
|poke|p2|Incineroar, L50, F|
|poke|p2|Pelipper, L50, F|
|poke|p2|Sinistcha, L50|
|poke|p2|Swampert, L50, F|
|teampreview|4
|showteam|p1|Staraptor||Staraptite|Intimidate|CloseCombat,BraveBird,Roost,Protect|Careful||M|||50|]Grimmsnarl||LightClay|Prankster|Reflect,LightScreen,PartingShot,Taunt|Calm||M|||50|]Incineroar||SitrusBerry|Intimidate|PartingShot,FakeOut,FlareBlitz,WillOWisp|Impish||M|||50|]Aggron||Aggronite|Sturdy|HeavySlam,BodyPress,IronDefense,Protect|Careful||M|||50|]Sinistcha-Masterpiece||CobaBerry|Hospitality|MatchaGotcha,TrickRoom,LifeDew,RagePowder|Relaxed|||||50|]Aerodactyl||FocusSash|Unnerve|Tailwind,Taunt,Protect,RockSlide|Jolly||F|||50|
|showteam|p2|Archaludon||Leftovers|Stamina|Protect,ElectroShot,DracoMeteor,FlashCannon|Modest||F|||50|]Floette-Eternal||Floettite|FlowerVeil|Protect,Moonblast,DazzlingGleam,CalmMind|Modest||F|||50|]Incineroar||PasshoBerry|Intimidate|FakeOut,PartingShot,FlareBlitz,DarkestLariat|Careful||F|||50|]Pelipper||LifeOrb|Drizzle|Tailwind,WeatherBall,Hurricane,HelpingHand|Modest||F|||50|]Sinistcha||SitrusBerry|Hospitality|Protect,MatchaGotcha,RagePowder,TrickRoom|Bold|||||50|]Swampert||Swampertite|Torrent|Protect,WaveCrash,HighHorsepower,IcePunch|Adamant||F|||50|
|inactive|Battle timer is ON: inactive players will automatically lose when time's up. (requested by arushd02)
|
|t:|1783103981
|teamsize|p1|4
|teamsize|p2|4
|start
|switch|p1a: Aggron|Aggron, L50, M|100/100
|switch|p1b: Incineroar|Incineroar, L50, M|100/100
|switch|p2a: Incineroar|Incineroar, L50, F|100/100
|switch|p2b: Floette|Floette-Eternal, L50, F|100/100
|-ability|p2a: Incineroar|Intimidate|boost
|-unboost|p1a: Aggron|atk|1
|-unboost|p1b: Incineroar|atk|1
|-ability|p1b: Incineroar|Intimidate|boost
|-unboost|p2a: Incineroar|atk|1
|-unboost|p2b: Floette|atk|1
|turn|1
|
|t:|1783103999
|move|p1a: Aggron|Protect|p1a: Aggron
|-singleturn|p1a: Aggron|Protect
|move|p2a: Incineroar|Fake Out|p1a: Aggron
|-activate|p1a: Aggron|move: Protect
|move|p1b: Incineroar|Fake Out|p2a: Incineroar
|-crit|p2a: Incineroar
|-damage|p2a: Incineroar|85/100
|move|p2b: Floette|Calm Mind|p2b: Floette
|-boost|p2b: Floette|spa|1
|-boost|p2b: Floette|spd|1
|
|upkeep
|turn|2
|
|t:|1783104021
|detailschange|p2b: Floette|Floette-Mega, L50, F
|-mega|p2b: Floette|Floette|Floettite
|-ability|p2b: Floette|Fairy Aura
|detailschange|p1a: Aggron|Aggron-Mega, L50, M
|-mega|p1a: Aggron|Aggron|Aggronite
|move|p2b: Floette|Calm Mind|p2b: Floette
|-boost|p2b: Floette|spa|1
|-boost|p2b: Floette|spd|1
|move|p2a: Incineroar|Parting Shot|p1a: Aggron
|-unboost|p1a: Aggron|atk|1
|-unboost|p1a: Aggron|spa|1
|inactive|ground tera has 30 seconds left.
|
|t:|1783104052
|switch|p2a: Sinistcha|Sinistcha, L50|100/100|[from] Parting Shot
|move|p1b: Incineroar|Parting Shot|p2a: Sinistcha
|-unboost|p2a: Sinistcha|atk|1
|-unboost|p2a: Sinistcha|spa|1
|
|t:|1783104060
|switch|p1b: Grimmsnarl|Grimmsnarl, L50, M|100/100|[from] Parting Shot
|move|p1a: Aggron|Heavy Slam|p2b: Floette
|-supereffective|p2b: Floette|1
|-damage|p2b: Floette|58/100
|
|upkeep
|turn|3
|
|t:|1783104076
|switch|p1a: Incineroar|Incineroar, L50, M|100/100
|-ability|p1a: Incineroar|Intimidate|boost
|-unboost|p2a: Sinistcha|atk|1
|-unboost|p2b: Floette|atk|1
|move|p2a: Sinistcha|Rage Powder|p2a: Sinistcha
|-singleturn|p2a: Sinistcha|move: Rage Powder
|move|p1b: Grimmsnarl|Taunt|p2a: Sinistcha
|-start|p2a: Sinistcha|move: Taunt
|move|p2b: Floette|Dazzling Gleam|p1b: Grimmsnarl|[spread] p1a,p1b
|-supereffective|p1b: Grimmsnarl|1
|-damage|p1a: Incineroar|7/100
|-damage|p1b: Grimmsnarl|0 fnt
|-enditem|p1a: Incineroar|Sitrus Berry|[eat]
|-heal|p1a: Incineroar|32/100|[from] item: Sitrus Berry
|faint|p1b: Grimmsnarl
|
|upkeep
|
|t:|1783104079
|switch|p1b: Aggron|Aggron-Mega, L50, M|100/100
|turn|4
|
|t:|1783104091
|switch|p2a: Incineroar|Incineroar, L50, F|85/100
|-ability|p2a: Incineroar|Intimidate|boost
|-unboost|p1a: Incineroar|atk|1
|-unboost|p1b: Aggron|atk|1
|move|p2b: Floette|Protect|p2b: Floette
|-singleturn|p2b: Floette|Protect
|move|p1a: Incineroar|Flare Blitz|p2a: Incineroar
|-resisted|p2a: Incineroar|1
|-damage|p2a: Incineroar|71/100
|-damage|p1a: Incineroar|28/100|[from] Recoil
|move|p1b: Aggron|Heavy Slam|p2a: Incineroar
|-resisted|p2a: Incineroar|1
|-damage|p2a: Incineroar|57/100
|
|upkeep
|turn|5
|
|t:|1783104115
|move|p1b: Aggron|Protect|p1b: Aggron
|-singleturn|p1b: Aggron|Protect
|move|p2a: Incineroar|Fake Out|p1b: Aggron
|-activate|p1b: Aggron|move: Protect
|move|p2b: Floette|Dazzling Gleam|p1a: Incineroar|[spread] p1a
|-activate|p1b: Aggron|move: Protect
|-damage|p1a: Incineroar|0 fnt
|faint|p1a: Incineroar
|
|upkeep
|
|t:|1783104123
|switch|p1a: Sinistcha|Sinistcha-Masterpiece, L50|100/100
|turn|6
|
|t:|1783104133
|move|p2b: Floette|Dazzling Gleam|p1b: Aggron|[spread] p1a,p1b
|-resisted|p1b: Aggron|1
|-damage|p1a: Sinistcha|0 fnt
|-damage|p1b: Aggron|59/100
|faint|p1a: Sinistcha
|move|p2a: Incineroar|Parting Shot|p1b: Aggron
|-unboost|p1b: Aggron|atk|1
|-unboost|p1b: Aggron|spa|1
|
|t:|1783104138
|switch|p2a: Sinistcha|Sinistcha, L50|100/100|[from] Parting Shot
|-heal|p2b: Floette|83/100|[from] ability: Hospitality|[of] p2a: Sinistcha
|move|p1b: Aggron|Body Press|p2a: Sinistcha
|-immune|p2a: Sinistcha
|
|upkeep
|turn|7
|-message|arushd02 forfeited.
|
|win|ground tera
|raw|arushd02's rating: 1082 → 1055(-27 for losing)
|raw|ground tera's rating: 1000 → 1049(+49 for winning)
|l|☆arushd02
|player|p1|
