|j|☆isthis6thgood
|j|☆MangoldVGC
|html|isthis6thgoodMangoldVGC    
|uhtml|bestof|Game 2 of a best-of-3
|t:|1784900331
|gametype|doubles
|player|p1|isthis6thgood|170|1150
|player|p2|MangoldVGC|2|1172
|gen|9
|tier|[Gen 9 Champions] VGC 2026 Reg M-B (Bo3)
|rated|
|rule|Species Clause: Limit one of each Pokémon
|rule|Item Clause: Limit 1 of each item
|clearpoke
|poke|p1|Swampert, L50, F|
|poke|p1|Mawile, L50, M|
|poke|p1|Pelipper, L50, F|
|poke|p1|Archaludon, L50, F|
|poke|p1|Sableye, L50, M|
|poke|p1|Farigiraf, L50, M|
|poke|p2|Tyranitar, L50, F|
|poke|p2|Excadrill, L50, M|
|poke|p2|Milotic, L50, M|
|poke|p2|Sinistcha, L50|
|poke|p2|Staraptor, L50, M|
|poke|p2|Gholdengo, L50|
|teampreview|4
|showteam|p1|Swampert||Swampertite|Damp|Protect,IcePunch,WaveCrash,Earthquake|Adamant||F|||50|]Mawile||Mawilite|Intimidate|Protect,RockSlide,IronHead,PlayRough|Adamant||M|||50|]Pelipper||FocusSash|Drizzle|Tailwind,WideGuard,WeatherBall,Hurricane|Modest||F|||50|]Archaludon||Leftovers|Stamina|Protect,ElectroShot,FlashCannon,DragonPulse|Modest||F|||50|]Sableye||RoseliBerry|Prankster|LightScreen,FoulPlay,RainDance,Reflect|Sassy||M|||50|]Farigiraf||SitrusBerry|ArmorTail|HelpingHand,TrickRoom,Psychic,Thunderbolt|Bold||M|||50|
|showteam|p2|Tyranitar||Tyranitarite|SandStream|KnockOff,RockSlide,HighHorsepower,Protect|Jolly||F|||50|]Excadrill||FocusSash|SandRush|Earthquake,IronHead,RockSlide,Protect|Adamant||M|||50|]Milotic||SitrusBerry|Competitive|Scald,IcyWind,Haze,Protect|Calm||M|||50|]Sinistcha||ColburBerry|Hospitality|MatchaGotcha,ShadowBall,Protect,RagePowder|Bold|||||50|]Staraptor||Staraptite|Intimidate|CloseCombat,BraveBird,Tailwind,Protect|Jolly||M|||50|]Gholdengo||LifeOrb|GoodasGold|MakeItRain,ShadowBall,NastyPlot,Protect|Modest|||||50|
|l|☆isthis6thgood
|player|p1|
|j|☆isthis6thgood
|player|p1|isthis6thgood|170|
|inactive|Battle timer is ON: inactive players will automatically lose when time's up. (requested by isthis6thgood)
|inactive|isthis6thgood has 60 seconds left.
|
|t:|1784900405
|teamsize|p1|4
|teamsize|p2|4
|start
|switch|p1a: Sableye|Sableye, L50, M|100/100
|switch|p1b: Archaludon|Archaludon, L50, F|100/100
|switch|p2a: Staraptor|Staraptor, L50, M|100/100
|switch|p2b: Sinistcha|Sinistcha, L50|100/100
|-ability|p2a: Staraptor|Intimidate|boost
|-unboost|p1a: Sableye|atk|1
|-unboost|p1b: Archaludon|atk|1
|turn|1
|l|☆MangoldVGC
|inactive|MangoldVGC disconnected and has a minute to reconnect!
|player|p2|
|j|☆MangoldVGC
|inactive|MangoldVGC reconnected and has 45 seconds left.
|player|p2|MangoldVGC|2|
|inactive|MangoldVGC has 30 seconds left.
|inactive|MangoldVGC has 20 seconds left.
|inactive|MangoldVGC has 15 seconds left.
|inactive|MangoldVGC has 10 seconds left.
|
|t:|1784900453
|switch|p2a: Tyranitar|Tyranitar, L50, F|100/100
|-weather|Sandstorm|[from] ability: Sand Stream|[of] p2a: Tyranitar
|move|p1b: Archaludon|Protect|p1b: Archaludon
|-singleturn|p1b: Archaludon|Protect
|move|p1a: Sableye|Reflect|p1a: Sableye
|-sidestart|p1: isthis6thgood|Reflect
|move|p2b: Sinistcha|Shadow Ball|p1a: Sableye
|-damage|p1a: Sableye|61/100
|
|-weather|Sandstorm|[upkeep]
|-damage|p2b: Sinistcha|94/100|[from] Sandstorm
|-damage|p1a: Sableye|56/100|[from] Sandstorm
|upkeep
|turn|2
|
|t:|1784900475
|move|p1a: Sableye|Rain Dance|p1a: Sableye
|-weather|RainDance
|move|p2a: Tyranitar|Knock Off|p1b: Archaludon
|-damage|p1b: Archaludon|75/100
|-ability|p1b: Archaludon|Stamina|boost
|-boost|p1b: Archaludon|def|1
|-enditem|p1b: Archaludon|Leftovers|[from] move: Knock Off|[of] p2a: Tyranitar
|move|p1b: Archaludon|Electro Shot||[still]
|-prepare|p1b: Archaludon|Electro Shot
|-boost|p1b: Archaludon|spa|1
|-anim|p1b: Archaludon|Electro Shot|p2a: Tyranitar
|-damage|p2a: Tyranitar|45/100
|move|p2b: Sinistcha|Shadow Ball|p1a: Sableye
|-damage|p1a: Sableye|21/100
|
|-weather|RainDance|[upkeep]
|upkeep
|turn|3
|
|t:|1784900497
|move|p2a: Tyranitar|Protect|p2a: Tyranitar
|-singleturn|p2a: Tyranitar|Protect
|move|p1a: Sableye|Light Screen|p1a: Sableye
|-sidestart|p1: isthis6thgood|move: Light Screen
|move|p1b: Archaludon|Electro Shot||[still]
|-prepare|p1b: Archaludon|Electro Shot
|-boost|p1b: Archaludon|spa|1
|-anim|p1b: Archaludon|Electro Shot|p2a: Tyranitar
|-activate|p2a: Tyranitar|move: Protect
|move|p2b: Sinistcha|Shadow Ball|p1a: Sableye
|-damage|p1a: Sableye|0 fnt
|faint|p1a: Sableye
|
|-weather|RainDance|[upkeep]
|upkeep
|
|t:|1784900515
|switch|p1a: Pelipper|Pelipper, L50, F|100/100
|turn|4
|inactive|MangoldVGC has 30 seconds left.
|
|t:|1784900549
|switch|p1a: Swampert|Swampert, L50, F|100/100
|detailschange|p2a: Tyranitar|Tyranitar-Mega, L50, F
|-mega|p2a: Tyranitar|Tyranitar|Tyranitarite
|-weather|Sandstorm|[from] ability: Sand Stream|[of] p2a: Tyranitar
|move|p2b: Sinistcha|Protect|p2b: Sinistcha
|-singleturn|p2b: Sinistcha|Protect
|move|p2a: Tyranitar|High Horsepower|p1b: Archaludon
|-supereffective|p1b: Archaludon|1
|-damage|p1b: Archaludon|51/100
|-ability|p1b: Archaludon|Stamina|boost
|-boost|p1b: Archaludon|def|1
|move|p1b: Archaludon|Flash Cannon|p2a: Tyranitar
|-supereffective|p2a: Tyranitar|1
|-damage|p2a: Tyranitar|0 fnt
|faint|p2a: Tyranitar
|
|-weather|Sandstorm|[upkeep]
|-damage|p2b: Sinistcha|88/100|[from] Sandstorm
|upkeep
|
|t:|1784900571
|switch|p2a: Gholdengo|Gholdengo, L50|100/100
|turn|5
|
|t:|1784900581
|switch|p1a: Pelipper|Pelipper, L50, F|100/100
|-weather|RainDance|[from] ability: Drizzle|[of] p1a: Pelipper
|move|p2a: Gholdengo|Make It Rain|p1b: Archaludon|[spread] p1a,p1b
|-resisted|p1a: Pelipper|1
|-resisted|p1b: Archaludon|1
|-damage|p1a: Pelipper|69/100
|-damage|p1b: Archaludon|31/100
|-unboost|p2a: Gholdengo|spa|2
|-ability|p1b: Archaludon|Stamina|boost
|-boost|p1b: Archaludon|def|1
|-damage|p2a: Gholdengo|90/100|[from] item: Life Orb
|move|p1b: Archaludon|Electro Shot||[still]
|-prepare|p1b: Archaludon|Electro Shot
|-boost|p1b: Archaludon|spa|1
|-anim|p1b: Archaludon|Electro Shot|p2a: Gholdengo
|-damage|p2a: Gholdengo|0 fnt
|faint|p2a: Gholdengo
|move|p2b: Sinistcha|Matcha Gotcha|p1b: Archaludon|[spread] p1a,p1b
|-resisted|p1b: Archaludon|2
|-damage|p1a: Pelipper|40/100
|-heal|p2b: Sinistcha|100/100|[from] drain|[of] p1a: Pelipper
|-damage|p1b: Archaludon|27/100
|-ability|p1b: Archaludon|Stamina|boost
|-boost|p1b: Archaludon|def|1
|
|-weather|RainDance|[upkeep]
|-sideend|p1: isthis6thgood|Reflect
|upkeep
|inactive|MangoldVGC has 30 seconds left.
|
|t:|1784900609
|switch|p2a: Staraptor|Staraptor, L50, M|100/100
|-ability|p2a: Staraptor|Intimidate|boost
|-unboost|p1a: Pelipper|atk|1
|-unboost|p1b: Archaludon|atk|1
|turn|6
|inactive|MangoldVGC has 30 seconds left.
|inactive|isthis6thgood has 30 seconds left.
|inactive|MangoldVGC has 20 seconds left.
|inactive|MangoldVGC has 15 seconds left.
|
|t:|1784900650
|move|p2a: Staraptor|Brave Bird|p1a: Pelipper
|-damage|p1a: Pelipper|0 fnt
|faint|p1a: Pelipper
|-damage|p2a: Staraptor|90/100|[from] Recoil
|move|p1b: Archaludon|Electro Shot||[still]
|-prepare|p1b: Archaludon|Electro Shot
|-boost|p1b: Archaludon|spa|1
|-anim|p1b: Archaludon|Electro Shot|p2a: Staraptor
|-supereffective|p2a: Staraptor|1
|-damage|p2a: Staraptor|0 fnt
|faint|p2a: Staraptor
|move|p2b: Sinistcha|Shadow Ball|p1b: Archaludon
|-damage|p1b: Archaludon|7/100
|-ability|p1b: Archaludon|Stamina|boost
|-boost|p1b: Archaludon|def|1
|
|-weather|RainDance|[upkeep]
|upkeep
|
|t:|1784900667
|switch|p1a: Swampert|Swampert, L50, F|100/100
|turn|7
|
|t:|1784900674
|detailschange|p1a: Swampert|Swampert-Mega, L50, F
|-mega|p1a: Swampert|Swampert|Swampertite
|move|p1a: Swampert|Ice Punch|p2b: Sinistcha
|-supereffective|p2b: Sinistcha|1
|-damage|p2b: Sinistcha|50/100g
|move|p1b: Archaludon|Dragon Pulse|p2b: Sinistcha
|-damage|p2b: Sinistcha|0 fnt
|faint|p2b: Sinistcha
|
|win|isthis6thgood
|raw|isthis6thgood's rating: 1150 → 1177(+27 for winning)
|raw|MangoldVGC's rating: 1172 → 1145(-27 for losing)
