|j|☆nutbuster151
|j|☆testdigi
|html|nutbuster151testdigi    
|uhtml|bestof|Game 1 of a best-of-3
|t:|1782482765
|gametype|doubles
|player|p1|nutbuster151|acetrainer|1136
|player|p2|testdigi|1|1084
|gen|9
|tier|[Gen 9 Champions] VGC 2026 Reg M-B (Bo3)
|rated|
|rule|Species Clause: Limit one of each Pokémon
|rule|Item Clause: Limit 1 of each item
|clearpoke
|poke|p1|Floette-Eternal, L50, F|
|poke|p1|Charizard, L50, F|
|poke|p1|Whimsicott, L50, F|
|poke|p1|Garchomp, L50, M|
|poke|p1|Basculegion, L50, M|
|poke|p1|Kingambit, L50, F|
|poke|p2|Hydreigon, L50, M|
|poke|p2|Garchomp, L50, M|
|poke|p2|Metagross, L50, shiny|
|poke|p2|Grimmsnarl, L50, M, shiny|
|poke|p2|Charizard, L50, M, shiny|
|poke|p2|Toxapex, L50, F, shiny|
|teampreview|4
|showteam|p1|Floette-Eternal||Floettite|FlowerVeil|Moonblast,DazzlingGleam,LightofRuin,Protect|Modest||F|||50|]Charizard||CharizarditeY|Blaze|HeatWave,SolarBeam,WeatherBall,Protect|Modest||F|||50|]Whimsicott||FocusSash|Prankster|Moonblast,Tailwind,Encore,Protect|Timid||F|||50|]Garchomp||RoseliBerry|RoughSkin|DragonClaw,StompingTantrum,PoisonJab,RockSlide|Adamant||M|||50|]Basculegion||MysticWater|Adaptability|WaveCrash,LastRespects,AquaJet,Protect|Adamant||M|||50|]Kingambit||OccaBerry|Defiant|KowtowCleave,IronHead,SuckerPunch,Protect|Adamant||F|||50|
|showteam|p2|Hydreigon||ChoiceScarf|Levitate|HeatWave,DarkPulse,DracoMeteor,Snarl|Modest||M|||50|]Garchomp||LifeOrb|RoughSkin|Protect,RockSlide,DragonClaw,Earthquake|Jolly||M|||50|]Metagross||Metagrossite|ClearBody|Protect,HammerArm,BulletPunch,IronHead|Brave|||||50|]Grimmsnarl||RoseliBerry|Prankster|FakeOut,LightScreen,Reflect,PartingShot|Sassy||M|||50|]Charizard||CharizarditeY|Blaze|Protect,HeatWave,SolarBeam,WeatherBall|Timid||M|||50|]Toxapex||Leftovers|Regenerator|Infestation,Toxic,BanefulBunker,WideGuard|Relaxed||F|||50|
|inactive|Battle timer is ON: inactive players will automatically lose when time's up. (requested by testdigi)
|
|t:|1782482831
|teamsize|p1|4
|teamsize|p2|4
|start
|switch|p1a: Whimsicott|Whimsicott, L50, F|100/100
|switch|p1b: Garchomp|Garchomp, L50, M|100/100
|switch|p2a: Garchomp|Garchomp, L50, M|100/100
|switch|p2b: Grimmsnarl|Grimmsnarl, L50, M, shiny|100/100
|turn|1
|inactive|nutbuster151 has 30 seconds left.
|inactive|nutbuster151 has 20 seconds left.
|
|t:|1782482870
|switch|p1b: Basculegion|Basculegion, L50, M|100/100
|move|p2b: Grimmsnarl|Fake Out|p1a: Whimsicott
|-damage|p1a: Whimsicott|83/100
|cant|p1a: Whimsicott|flinch
|move|p2a: Garchomp|Dragon Claw|p1b: Basculegion
|-damage|p1b: Basculegion|34/100
|-damage|p2a: Garchomp|90/100|[from] item: Life Orb
|
|upkeep
|turn|2
|
|t:|1782482888
|move|p2a: Garchomp|Protect|p2a: Garchomp
|-singleturn|p2a: Garchomp|Protect
|move|p1a: Whimsicott|Tailwind|p1a: Whimsicott
|-sidestart|p1: nutbuster151|move: Tailwind
|move|p2b: Grimmsnarl|Reflect|p2b: Grimmsnarl
|-sidestart|p2: testdigi|Reflect
|move|p1b: Basculegion|Wave Crash|p2a: Garchomp
|-activate|p2a: Garchomp|move: Protect
|
|upkeep
|turn|3
|
|t:|1782482900
|move|p2b: Grimmsnarl|Parting Shot|p1b: Basculegion
|-unboost|p1b: Basculegion|atk|1
|-unboost|p1b: Basculegion|spa|1
|
|t:|1782482905
|switch|p2b: Toxapex|Toxapex, L50, F, shiny|100/100|[from] Parting Shot
|move|p1a: Whimsicott|Moonblast|p2a: Garchomp
|-supereffective|p2a: Garchomp|1
|-damage|p2a: Garchomp|10/100
|move|p1b: Basculegion|Wave Crash|p2a: Garchomp
|-damage|p2a: Garchomp|0 fnt
|-damage|p1b: Basculegion|22/100|[from] ability: Rough Skin|[of] p2a: Garchomp
|faint|p2a: Garchomp
|-damage|p1b: Basculegion|19/100|[from] Recoil
|
|upkeep
|
|t:|1782482910
|switch|p2a: Grimmsnarl|Grimmsnarl, L50, M, shiny|100/100
|turn|4
|
|t:|1782482932
|switch|p1b: Charizard|Charizard, L50, F|100/100
|move|p2a: Grimmsnarl|Fake Out|p1a: Whimsicott
|-damage|p1a: Whimsicott|65/100
|cant|p1a: Whimsicott|flinch
|move|p2b: Toxapex|Infestation|p1b: Charizard
|-resisted|p1b: Charizard|2
|-damage|p1b: Charizard|99/100
|-activate|p1b: Charizard|move: Infestation|[of] p2b: Toxapex
|
|-damage|p1b: Charizard|86/100|[from] move: Infestation|[partiallytrapped]
|upkeep
|turn|5
|
|t:|1782482951
|detailschange|p1b: Charizard|Charizard-Mega-Y, L50, F
|-mega|p1b: Charizard|Charizard|Charizardite Y
|-weather|SunnyDay|[from] ability: Drought|[of] p1b: Charizard
|move|p2a: Grimmsnarl|Light Screen|p2a: Grimmsnarl
|-sidestart|p2: testdigi|move: Light Screen
|move|p1a: Whimsicott|Moonblast|p2a: Grimmsnarl
|-supereffective|p2a: Grimmsnarl|1
|-enditem|p2a: Grimmsnarl|Roseli Berry|[eat]
|-enditem|p2a: Grimmsnarl|Roseli Berry|[weaken]
|-damage|p2a: Grimmsnarl|77/100
|move|p1b: Charizard|Weather Ball|p2b: Toxapex
|-resisted|p2b: Toxapex|1
|-damage|p2b: Toxapex|78/100
|move|p2b: Toxapex|Infestation|p1a: Whimsicott
|-damage|p1a: Whimsicott|60/100
|-activate|p1a: Whimsicott|move: Infestation|[of] p2b: Toxapex
|
|-weather|SunnyDay|[upkeep]
|-heal|p2b: Toxapex|84/100|[from] item: Leftovers
|-damage|p1a: Whimsicott|48/100|[from] move: Infestation|[partiallytrapped]
|-damage|p1b: Charizard|74/100|[from] move: Infestation|[partiallytrapped]
|-sideend|p1: nutbuster151|move: Tailwind
|upkeep
|turn|6
|inactive|nutbuster151 has 30 seconds left.
|inactive|nutbuster151 has 20 seconds left.
|
|t:|1782482989
|move|p1a: Whimsicott|Encore|p2b: Toxapex
|-start|p2b: Toxapex|Encore
|move|p2a: Grimmsnarl|Parting Shot|p1b: Charizard
|-unboost|p1b: Charizard|atk|1
|-unboost|p1b: Charizard|spa|1
|
|t:|1782482994
|switch|p2a: Charizard|Charizard, L50, M, shiny|100/100|[from] Parting Shot
|move|p1b: Charizard|Heat Wave|p2b: Toxapex|[spread] p2a,p2b
|-resisted|p2a: Charizard|1
|-resisted|p2b: Toxapex|1
|-crit|p2b: Toxapex
|-damage|p2a: Charizard|83/100
|-damage|p2b: Toxapex|44/100
|move|p2b: Toxapex|Infestation|p1a: Whimsicott
|-damage|p1a: Whimsicott|43/100
|
|-weather|SunnyDay|[upkeep]
|-heal|p2b: Toxapex|50/100g|[from] item: Leftovers
|-damage|p1a: Whimsicott|30/100|[from] move: Infestation|[partiallytrapped]
|-damage|p1b: Charizard|62/100|[from] move: Infestation|[partiallytrapped]
|-sideend|p2: testdigi|Reflect
|upkeep
|turn|7
|inactive|nutbuster151 has 30 seconds left.
|
|t:|1782483022
|-heal|p2b: Toxapex|83/100|[from] ability: Regenerator|[silent]
|switch|p2b: Grimmsnarl|Grimmsnarl, L50, M, shiny|77/100
|move|p2a: Charizard|Protect|p2a: Charizard
|-singleturn|p2a: Charizard|Protect
|move|p1a: Whimsicott|Tailwind|p1a: Whimsicott
|-sidestart|p1: nutbuster151|move: Tailwind
|move|p1b: Charizard|Solar Beam||[still]
|-prepare|p1b: Charizard|Solar Beam
|-anim|p1b: Charizard|Solar Beam|p2b: Grimmsnarl
|-damage|p2b: Grimmsnarl|58/100
|
|-weather|SunnyDay|[upkeep]
|-end|p1a: Whimsicott|Infestation|[partiallytrapped]|[silent]
|-end|p1b: Charizard|Infestation|[partiallytrapped]|[silent]
|upkeep
|turn|8
|inactive|nutbuster151 has 30 seconds left.
|
|t:|1782483049
|detailschange|p2a: Charizard|Charizard-Mega-Y, L50, M, shiny
|-mega|p2a: Charizard|Charizard|Charizardite Y
|move|p1a: Whimsicott|Protect|p1a: Whimsicott
|-singleturn|p1a: Whimsicott|Protect
|move|p2b: Grimmsnarl|Fake Out|p1a: Whimsicott
|-activate|p1a: Whimsicott|move: Protect
|move|p1b: Charizard|Heat Wave|p2b: Grimmsnarl|[spread] p2a,p2b
|-resisted|p2a: Charizard|1
|-damage|p2a: Charizard|70/100
|-damage|p2b: Grimmsnarl|32/100
|move|p2a: Charizard|Weather Ball|p1a: Whimsicott
|-activate|p1a: Whimsicott|move: Protect
|
|-weather|SunnyDay|[upkeep]
|upkeep
|turn|9
|
|t:|1782483069
|move|p1a: Whimsicott|Encore|p2b: Grimmsnarl
|-hint|Since gen 7, Dark is immune to Prankster moves.
|-immune|p2b: Grimmsnarl
|move|p2b: Grimmsnarl|Parting Shot|p1b: Charizard
|-unboost|p1b: Charizard|atk|1
|-unboost|p1b: Charizard|spa|1
|
|t:|1782483072
|switch|p2b: Toxapex|Toxapex, L50, F, shiny|83/100|[from] Parting Shot
|move|p1b: Charizard|Solar Beam||[still]
|-prepare|p1b: Charizard|Solar Beam
|-anim|p1b: Charizard|Solar Beam|p2b: Toxapex
|-damage|p2b: Toxapex|71/100
|move|p2a: Charizard|Heat Wave|p1a: Whimsicott|[spread] p1a,p1b
|-supereffective|p1a: Whimsicott|1
|-resisted|p1b: Charizard|1
|-damage|p1a: Whimsicott|0 fnt
|-damage|p1b: Charizard|34/100
|faint|p1a: Whimsicott
|
|-weather|none
|-heal|p2b: Toxapex|77/100|[from] item: Leftovers
|-sideend|p2: testdigi|move: Light Screen
|upkeep
|inactive|nutbuster151 has 30 seconds left.
|
|t:|1782483097
|switch|p1a: Garchomp|Garchomp, L50, M|100/100
|turn|10
|
|t:|1782483108
|switch|p1b: Basculegion|Basculegion, L50, M|19/100
|switch|p2a: Grimmsnarl|Grimmsnarl, L50, M, shiny|32/100
|move|p2b: Toxapex|Wide Guard|p2b: Toxapex
|-singleturn|p2b: Toxapex|Wide Guard
|move|p1a: Garchomp|Rock Slide|p2a: Grimmsnarl|[spread] 
|-activate|p2a: Grimmsnarl|move: Wide Guard
|-activate|p2b: Toxapex|move: Wide Guard
|
|-heal|p2b: Toxapex|82/100|[from] item: Leftovers
|-sideend|p1: nutbuster151|move: Tailwind
|upkeep
|turn|11
|inactive|nutbuster151 has 30 seconds left.
|
|t:|1782483137
|move|p2a: Grimmsnarl|Fake Out|p1a: Garchomp
|-damage|p1a: Garchomp|88/100
|-damage|p2a: Grimmsnarl|19/100|[from] ability: Rough Skin|[of] p1a: Garchomp
|cant|p1a: Garchomp|flinch
|move|p1b: Basculegion|Last Respects|p2b: Toxapex
|-damage|p2b: Toxapex|40/100
|move|p2b: Toxapex|Infestation|p1b: Basculegion
|-resisted|p1b: Basculegion|1
|-damage|p1b: Basculegion|18/100
|-activate|p1b: Basculegion|move: Infestation|[of] p2b: Toxapex
|
|-heal|p2b: Toxapex|46/100|[from] item: Leftovers
|-damage|p1b: Basculegion|6/100|[from] move: Infestation|[partiallytrapped]
|upkeep
|turn|12
|inactive|testdigi has 30 seconds left.
|
|t:|1782483163
|-heal|p2b: Toxapex|79/100|[from] ability: Regenerator|[silent]
|switch|p2b: Charizard|Charizard-Mega-Y, L50, M, shiny|70/100
|-weather|SunnyDay|[from] ability: Drought|[of] p2b: Charizard
|move|p2a: Grimmsnarl|Reflect|p2a: Grimmsnarl
|-sidestart|p2: testdigi|Reflect
|move|p1a: Garchomp|Stomping Tantrum|p2a: Grimmsnarl
|-damage|p2a: Grimmsnarl|0 fnt
|faint|p2a: Grimmsnarl
|move|p1b: Basculegion|Last Respects|p2b: Charizard
|-damage|p2b: Charizard|19/100
|
|-weather|SunnyDay|[upkeep]
|-end|p1b: Basculegion|Infestation|[partiallytrapped]|[silent]
|upkeep
|
|t:|1782483166
|switch|p2a: Toxapex|Toxapex, L50, F, shiny|79/100
|turn|13
|
|t:|1782483186
|switch|p1b: Charizard|Charizard-Mega-Y, L50, F|34/100
|move|p2b: Charizard|Protect|p2b: Charizard
|-singleturn|p2b: Charizard|Protect
|move|p1a: Garchomp|Dragon Claw|p2b: Charizard
|-activate|p2b: Charizard|move: Protect
|move|p2a: Toxapex|Toxic|p1a: Garchomp
|-status|p1a: Garchomp|tox
|
|-weather|SunnyDay|[upkeep]
|-heal|p2a: Toxapex|85/100|[from] item: Leftovers
|-damage|p1a: Garchomp|82/100 tox|[from] psn
|upkeep
|turn|14
|
|t:|1782483209
|move|p2b: Charizard|Weather Ball|p1b: Charizard
|-resisted|p1b: Charizard|1
|-damage|p1b: Charizard|0 fnt
|faint|p1b: Charizard
|move|p1a: Garchomp|Dragon Claw|p2b: Charizard
|-damage|p2b: Charizard|0 fnt
|faint|p2b: Charizard
|move|p2a: Toxapex|Infestation|p1a: Garchomp
|-damage|p1a: Garchomp|78/100 tox
|-activate|p1a: Garchomp|move: Infestation|[of] p2a: Toxapex
|-damage|p2a: Toxapex|73/100|[from] ability: Rough Skin|[of] p1a: Garchomp
|
|-weather|SunnyDay|[upkeep]
|-heal|p2a: Toxapex|78/100|[from] item: Leftovers
|-damage|p1a: Garchomp|66/100 tox|[from] psn
|-damage|p1a: Garchomp|54/100 tox|[from] move: Infestation|[partiallytrapped]
|upkeep
|
|t:|1782483227
|switch|p1b: Basculegion|Basculegion, L50, M|6/100
|turn|15
|
|t:|1782483236
|move|p1a: Garchomp|Stomping Tantrum|p2a: Toxapex
|-supereffective|p2a: Toxapex|1
|-damage|p2a: Toxapex|40/100
|move|p1b: Basculegion|Last Respects|p2a: Toxapex
|-damage|p2a: Toxapex|0 fnt
|faint|p2a: Toxapex
|
|win|nutbuster151
||testdigi is ready for game 2.
|inactive|nutbuster151 has 30 seconds to confirm battle start!
||nutbuster151 is ready for game 2.
|uhtml|next|Next: Game 2 of 3
