|j|☆fili53
|j|☆shiva2099
|html|fili53shiva2099    
|uhtml|bestof|Game 2 of a best-of-3
|t:|1756464202
|gametype|doubles
|player|p1|fili53|cress|1186
|player|p2|shiva2099|steven|1128
|gen|9
|tier|[Gen 9] VGC 2025 Reg H (Bo3)
|rated|
|rule|Species Clause: Limit one of each Pokémon
|rule|Item Clause: Limit 1 of each item
|clearpoke
|poke|p1|Arcanine-Hisui, L50, F|
|poke|p1|Rillaboom, L50, M|
|poke|p1|Clefable, L50, M|
|poke|p1|Inteleon, L50, M|
|poke|p1|Sneasler, L50, F|
|poke|p1|Dragapult, L50, M|
|poke|p2|Ursaluna-Bloodmoon, L50, M|
|poke|p2|Gholdengo, L50|
|poke|p2|Dragonite, L50, F|
|poke|p2|Sneasler, L50, F|
|poke|p2|Rillaboom, L50, F|
|poke|p2|Metagross, L50|
|teampreview|4
|showteam|p1|Arcanine-Hisui||ClearAmulet|Intimidate|FlareBlitz,RockSlide,ExtremeSpeed,Protect|||F|||50|,,,,,Water]Rillaboom||AssaultVest|GrassySurge|WoodHammer,GrassyGlide,HighHorsepower,FakeOut|||M|||50|,,,,,Fire]Clefable||SafetyGoggles|Unaware|Moonblast,FollowMe,HelpingHand,Protect|||M|||50|,,,,,Poison]Inteleon||RazorClaw|Sniper|SnipeShot,IceBeam,Taunt,Protect|||M|||50|,,,,,Water]Sneasler||FocusSash|Unburden|CloseCombat,DireClaw,FakeOut,Protect|||F|||50|,,,,,Stellar]Dragapult||ChoiceBand|ClearBody|DragonDarts,Outrage,PhantomForce,Uturn|||M|||50|,,,,,Dragon
|showteam|p2|Ursaluna-Bloodmoon||AssaultVest|MindsEye|BloodMoon,Bulldoze,HyperVoice,EarthPower|||M|||50|,,,,,Ghost]Gholdengo||LifeOrb|GoodasGold|ShadowBall,MakeItRain,Protect,NastyPlot||||||50|,,,,,Water]Dragonite||LoadedDice|Multiscale|Tailwind,ScaleShot,Haze,StompingTantrum|||F|||50|,,,,,Dragon]Sneasler||FocusSash|Unburden|FakeOut,DireClaw,CloseCombat,Protect|||F|||50|,,,,,Dark]Rillaboom||Leftovers|GrassySurge|FakeOut,HighHorsepower,Taunt,WoodHammer|||F|||50|,,,,,Fire]Metagross||WeaknessPolicy|ClearBody|KnockOff,HeavySlam,Protect,PsychicFangs||||||50|,,,,,Dark
|inactive|Battle timer is ON: inactive players will automatically lose when time's up. (requested by fili53)
|
|t:|1756464228
|teamsize|p1|4
|teamsize|p2|4
|start
|switch|p1a: Dragapult|Dragapult, L50, M|100/100
|switch|p1b: Sneasler|Sneasler, L50, F|100/100
|switch|p2a: Dragonite|Dragonite, L50, F|100/100
|switch|p2b: Gholdengo|Gholdengo, L50|100/100
|turn|1
|inactive|fili53 has 30 seconds left.
|inactive|shiva2099 has 30 seconds left.
|inactive|shiva2099 has 20 seconds left.
|
|t:|1756464265
|move|p1b: Sneasler|Fake Out|p2a: Dragonite
|-damage|p2a: Dragonite|93/100
|move|p1a: Dragapult|Phantom Force||[still]
|-prepare|p1a: Dragapult|Phantom Force
|move|p2b: Gholdengo|Make It Rain|p1b: Sneasler|[spread] p1b
|-miss|p2b: Gholdengo|p1a: Dragapult
|-damage|p1b: Sneasler|28/100
|-unboost|p2b: Gholdengo|spa|1
|-damage|p2b: Gholdengo|91/100|[from] item: Life Orb
|cant|p2a: Dragonite|flinch
|
|upkeep
|turn|2
|inactive|shiva2099 has 30 seconds left.
|
|t:|1756464297
|-terastallize|p2b: Gholdengo|Water
|move|p2b: Gholdengo|Protect|p2b: Gholdengo
|-singleturn|p2b: Gholdengo|Protect
|move|p1a: Dragapult|Phantom Force|p2a: Dragonite|[from] lockedmove
|-damage|p2a: Dragonite|22/100
|move|p1b: Sneasler|Dire Claw|p2a: Dragonite
|-damage|p2a: Dragonite|0 fnt
|faint|p2a: Dragonite
|
|upkeep
|
|t:|1756464315
|switch|p2a: Ursaluna|Ursaluna-Bloodmoon, L50, M|100/100
|turn|3
|
|t:|1756464337
|switch|p2a: Sneasler|Sneasler, L50, F|100/100
|move|p1b: Sneasler|Protect|p1b: Sneasler
|-singleturn|p1b: Sneasler|Protect
|move|p1a: Dragapult|Phantom Force||[still]
|-prepare|p1a: Dragapult|Phantom Force
|move|p2b: Gholdengo|Make It Rain|p1a: Dragapult|[spread] 
|-miss|p2b: Gholdengo|p1a: Dragapult
|-activate|p1b: Sneasler|move: Protect
|
|upkeep
|turn|4
|inactive|fili53 has 30 seconds left.
|
|t:|1756464368
|switch|p1b: Arcanine|Arcanine-Hisui, L50, F|100/100
|-ability|p1b: Arcanine|Intimidate|boost
|-unboost|p2a: Sneasler|atk|1
|-unboost|p2b: Gholdengo|atk|1
|move|p1a: Dragapult|Phantom Force|p2b: Gholdengo|[from] lockedmove
|-damage|p2b: Gholdengo|17/100
|move|p2a: Sneasler|Dire Claw|p1b: Arcanine
|-resisted|p1b: Arcanine
|-damage|p1b: Arcanine|82/100
|move|p2b: Gholdengo|Shadow Ball|p1a: Dragapult
|-supereffective|p1a: Dragapult
|-damage|p1a: Dragapult|8/100
|-damage|p2b: Gholdengo|8/100|[from] item: Life Orb
|
|upkeep
|turn|5
|inactive|fili53 has 30 seconds left.
|inactive|shiva2099 has 30 seconds left.
|inactive|shiva2099 has 20 seconds left.
|inactive|shiva2099 has 15 seconds left.
|inactive|shiva2099 has 10 seconds left.
|
|t:|1756464413
|switch|p2a: Ursaluna|Ursaluna-Bloodmoon, L50, M|100/100
|-terastallize|p1b: Arcanine|Water
|move|p1a: Dragapult|Phantom Force||[still]
|-prepare|p1a: Dragapult|Phantom Force
|move|p1b: Arcanine|Flare Blitz|p2a: Ursaluna
|-damage|p2a: Ursaluna|67/100
|-damage|p1b: Arcanine|70/100|[from] Recoil
|move|p2b: Gholdengo|Shadow Ball|p1b: Arcanine
|-damage|p1b: Arcanine|33/100
|-damage|p2b: Gholdengo|0 fnt|[from] item: Life Orb
|faint|p2b: Gholdengo
|
|upkeep
|
|t:|1756464430
|switch|p2b: Sneasler|Sneasler, L50, F|100/100
|turn|6
|
|t:|1756464442
|move|p1b: Arcanine|Protect|p1b: Arcanine
|-singleturn|p1b: Arcanine|Protect
|move|p2b: Sneasler|Fake Out|p1b: Arcanine
|-activate|p1b: Arcanine|move: Protect
|move|p1a: Dragapult|Phantom Force|p2a: Ursaluna|[from] lockedmove
|-immune|p2a: Ursaluna
|move|p2a: Ursaluna|Hyper Voice|p1b: Arcanine|[spread] p1a
|-activate|p1b: Arcanine|move: Protect
|-damage|p1a: Dragapult|0 fnt
|faint|p1a: Dragapult
|
|upkeep
|inactive|fili53 has 30 seconds left.
|
|t:|1756464475
|switch|p1a: Sneasler|Sneasler, L50, F|28/100
|turn|7
|
|t:|1756464497
|move|p1b: Arcanine|Extreme Speed|p2b: Sneasler
|-damage|p2b: Sneasler|60/100
|move|p1a: Sneasler|Close Combat|p2a: Ursaluna
|-supereffective|p2a: Ursaluna
|-damage|p2a: Ursaluna|0 fnt
|-unboost|p1a: Sneasler|def|1
|-unboost|p1a: Sneasler|spd|1
|faint|p2a: Ursaluna
|move|p2b: Sneasler|Dire Claw|p1a: Sneasler
|-resisted|p1a: Sneasler
|-damage|p1a: Sneasler|0 fnt
|faint|p1a: Sneasler
|
|upkeep
|
|t:|1756464508
|switch|p1a: Rillaboom|Rillaboom, L50, M|100/100
|-fieldstart|move: Grassy Terrain|[from] ability: Grassy Surge|[of] p1a: Rillaboom
|turn|8
|
|t:|1756464522
|move|p2b: Sneasler|Protect|p2b: Sneasler
|-singleturn|p2b: Sneasler|Protect
|move|p1a: Rillaboom|Fake Out|p2b: Sneasler
|-activate|p2b: Sneasler|move: Protect
|move|p1b: Arcanine|Flare Blitz|p2b: Sneasler
|-activate|p2b: Sneasler|move: Protect
|
|-heal|p2b: Sneasler|66/100|[from] Grassy Terrain
|-heal|p1b: Arcanine|38/100|[from] Grassy Terrain
|upkeep
|turn|9
|
|t:|1756464540
|move|p2b: Sneasler|Dire Claw|p1a: Rillaboom
|-supereffective|p1a: Rillaboom
|-damage|p1a: Rillaboom|4/100
|-status|p1a: Rillaboom|slp
|move|p1b: Arcanine|Flare Blitz|p2b: Sneasler
|-damage|p2b: Sneasler|0 fnt
|faint|p2b: Sneasler
|-damage|p1b: Arcanine|20/100|[from] Recoil
|
|win|fili53
|raw|fili53's rating: 1186 → 1207(+21 for winning)
|raw|shiva2099's rating: 1128 → 1107(-21 for losing)
|l|☆shiva2099
|player|p2|
