|j|☆Assassinator.dr
|j|☆theboyparris
|html|Assassinator.drtheboyparris    
|uhtml|bestof|Game 2 of a best-of-3
|t:|1785954867
|gametype|doubles
|player|p1|Assassinator.dr|youngster-gen4dp|1168
|player|p2|theboyparris|102|1311
|gen|9
|tier|[Gen 9 Champions] VGC 2026 Reg M-B (Bo3)
|rated|
|rule|Species Clause: Limit one of each Pokémon
|rule|Item Clause: Limit 1 of each item
|clearpoke
|poke|p1|Kangaskhan, L50, F|
|poke|p1|Swampert, L50, M|
|poke|p1|Beedrill, L50, F|
|poke|p1|Pelipper, L50, F|
|poke|p1|Sableye, L50, M|
|poke|p1|Sylveon, L50, F|
|poke|p2|Metagross, L50|
|poke|p2|Ceruledge, L50, M|
|poke|p2|Kommo-o, L50, M|
|poke|p2|Serperior, L50, F|
|poke|p2|Weavile, L50, M|
|poke|p2|Swampert, L50, M|
|teampreview|4
|showteam|p1|Kangaskhan||SilkScarf|Scrappy|FakeOut,LastResort|Adamant||F|||50|]Swampert||Swampertite|Torrent|Protect,WaveCrash,Earthquake,IcePunch|Adamant||M|||50|]Beedrill||Beedrillite|Sniper|Protect,PoisonJab,DrillRun,Uturn|Adamant||F|||50|]Pelipper||FocusSash|Drizzle|WideGuard,Tailwind,WeatherBall,Hurricane|Modest||F|||50|]Sableye||SitrusBerry|Prankster|Quash,FoulPlay,RainDance,WillOWisp|Careful||M|||50|]Sylveon||LifeOrb|Pixilate|HyperVoice,HyperBeam,Protect,QuickAttack|Quiet||F|||50|
|showteam|p2|Metagross||Metagrossite|ClearBody|HardPress,BodyPress,PsychicFangs,Protect|Jolly|||||50|]Ceruledge||LifeOrb|FlashFire|BitterBlade,ShadowSneak,BulkUp,Protect|Adamant||M|||50|]Kommo-o||DragonFang|Bulletproof|ClangingScales,Flamethrower,ClangorousSoul,Protect|Timid||M|||50|]Serperior||WideLens|Contrary|LeafStorm,LightScreen,Reflect,Glare|Timid||F|||50|]Weavile||FocusSash|Pickpocket|KnockOff,IceSpinner,LowKick,FakeOut|Jolly||M|||50|]Swampert||SitrusBerry|Damp|HighHorsepower,IcePunch,WideGuard,Yawn|Adamant||M|||50|
|inactive|Battle timer is ON: inactive players will automatically lose when time's up. (requested by theboyparris)
|inactive|theboyparris has 60 seconds left.
|
|t:|1785954900
|teamsize|p1|4
|teamsize|p2|4
|start
|switch|p1a: Swampert|Swampert, L50, M|100/100
|switch|p1b: Pelipper|Pelipper, L50, F|100/100
|switch|p2a: Weavile|Weavile, L50, M|100/100
|switch|p2b: Serperior|Serperior, L50, F|100/100
|-weather|RainDance|[from] ability: Drizzle|[of] p1b: Pelipper
|turn|1
|
|t:|1785954913
|move|p1a: Swampert|Protect|p1a: Swampert
|-singleturn|p1a: Swampert|Protect
|move|p2a: Weavile|Fake Out|p1b: Pelipper
|-damage|p1b: Pelipper|82/100
|move|p2b: Serperior|Leaf Storm|p1b: Pelipper
|-damage|p1b: Pelipper|20/100r
|-boost|p2b: Serperior|spa|2
|cant|p1b: Pelipper|flinch
|
|-weather|RainDance|[upkeep]
|upkeep
|turn|2
|
|t:|1785954926
|move|p2a: Weavile|Ice Spinner|p1b: Pelipper
|-damage|p1b: Pelipper|0 fnt
|faint|p1b: Pelipper
|move|p2b: Serperior|Leaf Storm|p1a: Swampert
|-supereffective|p1a: Swampert|2
|-damage|p1a: Swampert|0 fnt
|-boost|p2b: Serperior|spa|2
|faint|p1a: Swampert
|
|-weather|RainDance|[upkeep]
|upkeep
|
|t:|1785954931
|switch|p1b: Kangaskhan|Kangaskhan, L50, F|100/100
|switch|p1a: Beedrill|Beedrill, L50, F|100/100
|turn|3
|
|t:|1785954945
|detailschange|p1a: Beedrill|Beedrill-Mega, L50, F
|-mega|p1a: Beedrill|Beedrill|Beedrillite
|move|p1b: Kangaskhan|Fake Out|p2a: Weavile
|-damage|p2a: Weavile|66/100
|move|p1a: Beedrill|Poison Jab|p2b: Serperior
|-supereffective|p2b: Serperior|1
|-damage|p2b: Serperior|0 fnt
|faint|p2b: Serperior
|cant|p2a: Weavile|flinch
|
|-weather|RainDance|[upkeep]
|upkeep
|
|t:|1785954957
|switch|p2b: Metagross|Metagross, L50|100/100
|turn|4
|
|t:|1785954971
|detailschange|p2b: Metagross|Metagross-Mega, L50
|-mega|p2b: Metagross|Metagross|Metagrossite
|move|p1a: Beedrill|Protect|p1a: Beedrill
|-singleturn|p1a: Beedrill|Protect
|move|p2a: Weavile|Knock Off|p1b: Kangaskhan
|-damage|p1b: Kangaskhan|53/100
|-enditem|p1b: Kangaskhan|Silk Scarf|[from] move: Knock Off|[of] p2a: Weavile
|move|p2b: Metagross|Psychic Fangs|p1a: Beedrill
|-activate|p1a: Beedrill|move: Protect
|move|p1b: Kangaskhan|Last Resort|p2b: Metagross
|-resisted|p2b: Metagross|1
|-damage|p2b: Metagross|76/100
|
|-weather|RainDance|[upkeep]
|upkeep
|turn|5
|
|t:|1785954988
|move|p1a: Beedrill|Drill Run|p2b: Metagross
|-supereffective|p2b: Metagross|1
|-damage|p2b: Metagross|25/100
|move|p2a: Weavile|Low Kick|p1b: Kangaskhan
|-supereffective|p1b: Kangaskhan|1
|-damage|p1b: Kangaskhan|0 fnt
|faint|p1b: Kangaskhan
|move|p2b: Metagross|Psychic Fangs|p1a: Beedrill
|-supereffective|p1a: Beedrill|1
|-damage|p1a: Beedrill|0 fnt
|faint|p1a: Beedrill
|
|win|theboyparris
|raw|Assassinator.dr's rating: 1168 → 1153(-15 for losing)
|raw|theboyparris's rating: 1311 → 1323(+12 for winning)
