|j|☆natsukivgc
|j|☆Artere Happy
|html|natsukivgcArtere Happy    
|uhtml|bestof|Game 1 of a best-of-3
|t:|1785397725
|gametype|doubles
|player|p1|natsukivgc|1|1226
|player|p2|Artere Happy|medium|1168
|gen|9
|tier|[Gen 9 Champions] VGC 2026 Reg M-B (Bo3)
|rated|
|rule|Species Clause: Limit one of each Pokémon
|rule|Item Clause: Limit 1 of each item
|clearpoke
|poke|p1|Garchomp, L50, F|
|poke|p1|Venusaur, L50, F|
|poke|p1|Incineroar, L50, M|
|poke|p1|Charizard, L50, F|
|poke|p1|Toxapex, L50, M|
|poke|p1|Annihilape, L50, F|
|poke|p2|Lycanroc-Dusk, L50, M|
|poke|p2|Froslass, L50, F|
|poke|p2|Scovillain, L50, F|
|poke|p2|Gholdengo, L50|
|poke|p2|Incineroar, L50, F|
|poke|p2|Dragonite, L50, M|
|teampreview|4
|showteam|p1|Garchomp||ChoiceScarf|RoughSkin|Earthquake,DragonClaw,StompingTantrum,RockSlide|Adamant||F|||50|]Venusaur||LifeOrb|Chlorophyll|SolarBeam,SludgeBomb,EarthPower,Protect|Modest||F|||50|]Incineroar||SitrusBerry|Intimidate|FlareBlitz,ThroatChop,FakeOut,PartingShot|Impish||M|||50|]Charizard||CharizarditeY|Blaze|HeatWave,WeatherBall,HelpingHand,Protect|Modest||F|||50|]Toxapex||Leftovers|Regenerator|Infestation,Toxic,WideGuard,BanefulBunker|Bold||M|||50|]Annihilape||FocusSash|Defiant|CloseCombat,PhantomForce,StealthRock,Protect|Jolly||F|||50|
|showteam|p2|Lycanroc-Dusk||FocusSash|ToughClaws|Accelerock,RockSlide,CloseCombat,Protect|Adamant||M|||50|]Froslass||Froslassite|CursedBody|ShadowBall,Blizzard,AuroraVeil,Protect|Timid||F|||50|]Scovillain||Scovillainite|Moody|LeechSeed,Overheat,RagePowder,Protect|Calm||F|||50|]Gholdengo||Leftovers|GoodasGold|ShadowBall,MakeItRain,NastyPlot,Protect|Modest|||||50|]Incineroar||PasshoBerry|Intimidate|FakeOut,FlareBlitz,ThroatChop,PartingShot|Careful||F|||50|]Dragonite||DragonFang|Multiscale|DragonClaw,LowKick,Tailwind,Protect|Adamant||M|||50|
|inactive|Battle timer is ON: inactive players will automatically lose when time's up. (requested by Artere Happy)
|inactive|natsukivgc has 60 seconds left.
|inactive|Artere Happy has 60 seconds left.
|
|t:|1785397781
|teamsize|p1|4
|teamsize|p2|4
|start
|switch|p1a: Incineroar|Incineroar, L50, M|100/100
|switch|p1b: Toxapex|Toxapex, L50, M|100/100
|switch|p2a: Incineroar|Incineroar, L50, F|100/100
|switch|p2b: Lycanroc|Lycanroc-Dusk, L50, M|100/100
|-ability|p2a: Incineroar|Intimidate|boost
|-unboost|p1a: Incineroar|atk|1
|-unboost|p1b: Toxapex|atk|1
|-ability|p1a: Incineroar|Intimidate|boost
|-unboost|p2a: Incineroar|atk|1
|-unboost|p2b: Lycanroc|atk|1
|turn|1
|inactive|natsukivgc has 30 seconds left.
|
|t:|1785397811
|switch|p1a: Garchomp|Garchomp, L50, F|100/100
|move|p2b: Lycanroc|Protect|p2b: Lycanroc
|-singleturn|p2b: Lycanroc|Protect
|move|p2a: Incineroar|Parting Shot|p1a: Garchomp
|-unboost|p1a: Garchomp|atk|1
|-unboost|p1a: Garchomp|spa|1
|
|t:|1785397821
|switch|p2a: Froslass|Froslass, L50, F|100/100|[from] Parting Shot
|move|p1b: Toxapex|Infestation|p2b: Lycanroc
|-activate|p2b: Lycanroc|move: Protect
|
|upkeep
|turn|2
|
|t:|1785397841
|switch|p1a: Charizard|Charizard, L50, F|100/100
|switch|p2b: Incineroar|Incineroar, L50, F|100/100
|-ability|p2b: Incineroar|Intimidate|boost
|-unboost|p1a: Charizard|atk|1
|-unboost|p1b: Toxapex|atk|1
|detailschange|p2a: Froslass|Froslass-Mega, L50, F
|-mega|p2a: Froslass|Froslass|Froslassite
|-weather|Snowscape|[from] ability: Snow Warning|[of] p2a: Froslass
|move|p1b: Toxapex|Wide Guard|p1b: Toxapex
|-singleturn|p1b: Toxapex|Wide Guard
|move|p2a: Froslass|Blizzard|p1b: Toxapex|[spread] 
|-activate|p1a: Charizard|move: Wide Guard
|-activate|p1b: Toxapex|move: Wide Guard
|
|-weather|Snowscape|[upkeep]
|upkeep
|turn|3
|inactive|natsukivgc has 30 seconds left.
|
|t:|1785397869
|switch|p2a: Dragonite|Dragonite, L50, M|100/100
|detailschange|p1a: Charizard|Charizard-Mega-Y, L50, F
|-mega|p1a: Charizard|Charizard|Charizardite Y
|-weather|SunnyDay|[from] ability: Drought|[of] p1a: Charizard
|move|p1a: Charizard|Protect|p1a: Charizard
|-singleturn|p1a: Charizard|Protect
|move|p2b: Incineroar|Fake Out|p1a: Charizard
|-activate|p1a: Charizard|move: Protect
|move|p1b: Toxapex|Toxic|p2b: Incineroar
|-status|p2b: Incineroar|tox
|
|-weather|SunnyDay|[upkeep]
|-damage|p2b: Incineroar|94/100 tox|[from] psn
|upkeep
|turn|4
|inactive|natsukivgc has 30 seconds left.
|
|t:|1785397898
|switch|p1a: Incineroar|Incineroar, L50, M|100/100
|-ability|p1a: Incineroar|Intimidate|boost
|-unboost|p2a: Dragonite|atk|1
|-unboost|p2b: Incineroar|atk|1
|move|p2a: Dragonite|Dragon Claw|p1b: Toxapex
|-damage|p1b: Toxapex|76/100
|move|p2b: Incineroar|Parting Shot|p1a: Incineroar
|-unboost|p1a: Incineroar|atk|1
|-unboost|p1a: Incineroar|spa|1
|
|t:|1785397908
|switch|p2b: Lycanroc|Lycanroc-Dusk, L50, M|100/100|[from] Parting Shot
|move|p1b: Toxapex|Toxic|p2a: Dragonite
|-status|p2a: Dragonite|tox
|
|-weather|SunnyDay|[upkeep]
|-heal|p1b: Toxapex|82/100|[from] item: Leftovers
|-damage|p2a: Dragonite|94/100 tox|[from] psn
|upkeep
|turn|5
|
|t:|1785397922
|switch|p2a: Froslass|Froslass-Mega, L50, F|100/100
|-weather|Snowscape|[from] ability: Snow Warning|[of] p2a: Froslass
|move|p2b: Lycanroc|Protect|p2b: Lycanroc
|-singleturn|p2b: Lycanroc|Protect
|move|p1a: Incineroar|Fake Out|p2b: Lycanroc
|-activate|p2b: Lycanroc|move: Protect
|move|p1b: Toxapex|Infestation|p2a: Froslass
|-resisted|p2a: Froslass|1
|-damage|p2a: Froslass|98/100
|-activate|p2a: Froslass|move: Infestation|[of] p1b: Toxapex
|
|-weather|Snowscape|[upkeep]
|-heal|p1b: Toxapex|87/100|[from] item: Leftovers
|-damage|p2a: Froslass|85/100|[from] move: Infestation|[partiallytrapped]
|upkeep
|turn|6
|inactive|natsukivgc has 30 seconds left.
|inactive|natsukivgc has 20 seconds left.
|
|t:|1785397960
|move|p2a: Froslass|Shadow Ball|p1b: Toxapex
|-damage|p1b: Toxapex|60/100
|move|p2b: Lycanroc|Close Combat|p1a: Incineroar
|-supereffective|p1a: Incineroar|1
|-damage|p1a: Incineroar|14/100
|-unboost|p2b: Lycanroc|def|1
|-unboost|p2b: Lycanroc|spd|1
|-enditem|p1a: Incineroar|Sitrus Berry|[eat]
|-heal|p1a: Incineroar|39/100|[from] item: Sitrus Berry
|move|p1a: Incineroar|Flare Blitz|p2a: Froslass
|-supereffective|p2a: Froslass|1
|-damage|p2a: Froslass|38/100
|-status|p2a: Froslass|brn
|-damage|p1a: Incineroar|25/100|[from] Recoil
|move|p1b: Toxapex|Toxic||[still]
|-fail|p1b: Toxapex
|
|-weather|Snowscape|[upkeep]
|-heal|p1b: Toxapex|66/100|[from] item: Leftovers
|-damage|p2a: Froslass|32/100 brn|[from] brn
|-damage|p2a: Froslass|19/100 brn|[from] move: Infestation|[partiallytrapped]
|upkeep
|turn|7
|
|t:|1785397984
|switch|p1a: Charizard|Charizard-Mega-Y, L50, F|100/100
|-weather|SunnyDay|[from] ability: Drought|[of] p1a: Charizard
|move|p1b: Toxapex|Wide Guard|p1b: Toxapex
|-singleturn|p1b: Toxapex|Wide Guard
|move|p2b: Lycanroc|Accelerock|p1a: Charizard
|-supereffective|p1a: Charizard|2
|-damage|p1a: Charizard|0 fnt
|faint|p1a: Charizard
|move|p2a: Froslass|Shadow Ball|p1b: Toxapex
|-damage|p1b: Toxapex|39/100
|-unboost|p1b: Toxapex|spd|1
|
|-weather|SunnyDay|[upkeep]
|-heal|p1b: Toxapex|45/100|[from] item: Leftovers
|-damage|p2a: Froslass|13/100 brn|[from] brn
|-damage|p2a: Froslass|1/100 brn|[from] move: Infestation|[partiallytrapped]
|upkeep
|
|t:|1785398001
|switch|p1a: Incineroar|Incineroar, L50, M|25/100
|-ability|p1a: Incineroar|Intimidate|boost
|-unboost|p2a: Froslass|atk|1
|-unboost|p2b: Lycanroc|atk|1
|turn|8
|
|t:|1785398014
|switch|p2b: Incineroar|Incineroar, L50, F|94/100 tox
|-ability|p2b: Incineroar|Intimidate|boost
|-unboost|p1a: Incineroar|atk|1
|-unboost|p1b: Toxapex|atk|1
|-heal|p1b: Toxapex|78/100|[from] ability: Regenerator|[silent]
|switch|p1b: Garchomp|Garchomp, L50, F|100/100
|move|p1a: Incineroar|Fake Out|p2b: Incineroar
|-damage|p2b: Incineroar|87/100 tox
|move|p2a: Froslass|Shadow Ball|p1b: Garchomp
|-damage|p1b: Garchomp|64/100
|
|-weather|SunnyDay|[upkeep]
|-damage|p2b: Incineroar|81/100 tox|[from] psn
|-damage|p2a: Froslass|0 fnt|[from] brn
|faint|p2a: Froslass
|upkeep
|
|t:|1785398027
|switch|p2a: Dragonite|Dragonite, L50, M|94/100 tox
|turn|9
|inactive|natsukivgc has 30 seconds left.
|
|t:|1785398061
|switch|p1b: Toxapex|Toxapex, L50, M|78/100
|move|p2b: Incineroar|Fake Out|p1b: Toxapex
|-damage|p1b: Toxapex|71/100
|move|p2a: Dragonite|Tailwind|p2a: Dragonite
|-sidestart|p2: Artere Happy|move: Tailwind
|move|p1a: Incineroar|Parting Shot|p2a: Dragonite
|-unboost|p2a: Dragonite|atk|1
|-unboost|p2a: Dragonite|spa|1
|
|t:|1785398070
|switch|p1a: Garchomp|Garchomp, L50, F|64/100|[from] Parting Shot
|
|-weather|SunnyDay|[upkeep]
|-heal|p1b: Toxapex|77/100|[from] item: Leftovers
|-damage|p2a: Dragonite|88/100 tox|[from] psn
|-damage|p2b: Incineroar|69/100 tox|[from] psn
|upkeep
|turn|10
|inactive|Artere Happy has 30 seconds left.
|
|t:|1785398098
|switch|p1a: Incineroar|Incineroar, L50, M|25/100
|-ability|p1a: Incineroar|Intimidate|boost
|-unboost|p2a: Dragonite|atk|1
|-unboost|p2b: Incineroar|atk|1
|switch|p2a: Lycanroc|Lycanroc-Dusk, L50, M|100/100
|move|p2b: Incineroar|Parting Shot|p1a: Incineroar
|-unboost|p1a: Incineroar|atk|1
|-unboost|p1a: Incineroar|spa|1
|
|t:|1785398107
|switch|p2b: Dragonite|Dragonite, L50, M|88/100 tox|[from] Parting Shot
|move|p1b: Toxapex|Infestation|p2a: Lycanroc
|-damage|p2a: Lycanroc|94/100
|-activate|p2a: Lycanroc|move: Infestation|[of] p1b: Toxapex
|
|-weather|SunnyDay|[upkeep]
|-heal|p1b: Toxapex|82/100|[from] item: Leftovers
|-damage|p2b: Dragonite|82/100 tox|[from] psn
|-damage|p2a: Lycanroc|82/100|[from] move: Infestation|[partiallytrapped]
|upkeep
|turn|11
|
|t:|1785398128
|switch|p1a: Garchomp|Garchomp, L50, F|64/100
|move|p2a: Lycanroc|Protect|p2a: Lycanroc
|-singleturn|p2a: Lycanroc|Protect
|move|p2b: Dragonite|Dragon Claw|p1a: Garchomp
|-supereffective|p1a: Garchomp|1
|-damage|p1a: Garchomp|0 fnt
|-damage|p2b: Dragonite|70/100 tox|[from] ability: Rough Skin|[of] p1a: Garchomp
|faint|p1a: Garchomp
|move|p1b: Toxapex|Infestation|p2b: Dragonite
|-resisted|p2b: Dragonite|1
|-damage|p2b: Dragonite|69/100 tox
|-activate|p2b: Dragonite|move: Infestation|[of] p1b: Toxapex
|
|-weather|none
|-heal|p1b: Toxapex|88/100|[from] item: Leftovers
|-damage|p2b: Dragonite|57/100 tox|[from] psn
|-damage|p2a: Lycanroc|70/100|[from] move: Infestation|[partiallytrapped]
|-damage|p2b: Dragonite|45/100 tox|[from] move: Infestation|[partiallytrapped]
|upkeep
|
|t:|1785398145
|switch|p1a: Incineroar|Incineroar, L50, M|25/100
|-ability|p1a: Incineroar|Intimidate|boost
|-unboost|p2a: Lycanroc|atk|1
|-unboost|p2b: Dragonite|atk|1
|turn|12
|
|t:|1785398166
|move|p2a: Lycanroc|Protect||[still]
|-fail|p2a: Lycanroc
|move|p2b: Dragonite|Protect|p2b: Dragonite
|-singleturn|p2b: Dragonite|Protect
|move|p1a: Incineroar|Fake Out|p2b: Dragonite
|-activate|p2b: Dragonite|move: Protect
|move|p1b: Toxapex|Toxic|p2a: Lycanroc
|-status|p2a: Lycanroc|tox
|
|-heal|p1b: Toxapex|94/100|[from] item: Leftovers
|-damage|p2a: Lycanroc|64/100 tox|[from] psn
|-damage|p2b: Dragonite|28/100 tox|[from] psn
|-damage|p2a: Lycanroc|52/100 tox|[from] move: Infestation|[partiallytrapped]
|-damage|p2b: Dragonite|16/100 tox|[from] move: Infestation|[partiallytrapped]
|-sideend|p2: Artere Happy|move: Tailwind
|upkeep
|turn|13
|inactive|natsukivgc has 30 seconds left.
|inactive|Artere Happy has 30 seconds left.
|inactive|Artere Happy has 20 seconds left.
|
|t:|1785398202
|move|p1b: Toxapex|Baneful Bunker|p1b: Toxapex
|-singleturn|p1b: Toxapex|move: Protect
|move|p2a: Lycanroc|Rock Slide|p1b: Toxapex|[spread] p1a
|-activate|p1b: Toxapex|move: Protect
|-supereffective|p1a: Incineroar|1
|-damage|p1a: Incineroar|0 fnt
|faint|p1a: Incineroar
|move|p2b: Dragonite|Dragon Claw|p1b: Toxapex
|-activate|p1b: Toxapex|move: Protect
|
|-heal|p1b: Toxapex|100/100|[from] item: Leftovers
|-damage|p2a: Lycanroc|40/100 tox|[from] psn
|-damage|p2b: Dragonite|0 fnt|[from] psn
|faint|p2b: Dragonite
|-damage|p2a: Lycanroc|28/100 tox|[from] move: Infestation|[partiallytrapped]
|upkeep
|
|t:|1785398205
|switch|p2b: Incineroar|Incineroar, L50, F|69/100 tox
|-ability|p2b: Incineroar|Intimidate|boost
|-unboost|p1b: Toxapex|atk|1
|turn|14
|
|t:|1785398223
|move|p2b: Incineroar|Fake Out|p1b: Toxapex
|-damage|p1b: Toxapex|92/100
|move|p2a: Lycanroc|Rock Slide|p1b: Toxapex
|-damage|p1b: Toxapex|73/100
|cant|p1b: Toxapex|flinch
|
|-heal|p1b: Toxapex|78/100|[from] item: Leftovers
|-damage|p2a: Lycanroc|10/100 tox|[from] psn
|-damage|p2b: Incineroar|63/100 tox|[from] psn
|-end|p2a: Lycanroc|Infestation|[partiallytrapped]
|upkeep
|turn|15
|-message|Artere Happy forfeited.
|
|win|natsukivgc
