|j|☆dawnenen
|j|☆CammelloGasante
|html|dawnenenCammelloGasante    
|uhtml|bestof|Game 2 of a best-of-3
|t:|1784980069
|gametype|doubles
|player|p1|dawnenen|galacticgruntf|1109
|player|p2|CammelloGasante|palmer|1317
|gen|9
|tier|[Gen 9 Champions] VGC 2026 Reg M-B (Bo3)
|rated|
|rule|Species Clause: Limit one of each Pokémon
|rule|Item Clause: Limit 1 of each item
|clearpoke
|poke|p1|Venusaur, L50, M|
|poke|p1|Charizard, L50, M|
|poke|p1|Grimmsnarl, L50, M|
|poke|p1|Archaludon, L50, F|
|poke|p1|Basculegion, L50, M|
|poke|p1|Pelipper, L50, F|
|poke|p2|Staraptor, L50, F|
|poke|p2|Whimsicott, L50, M|
|poke|p2|Gholdengo, L50|
|poke|p2|Tyranitar, L50, F|
|poke|p2|Venusaur, L50, F|
|poke|p2|Mamoswine, L50, F|
|teampreview|4
|showteam|p1|Venusaur||FocusSash|Chlorophyll|SludgeBomb,EarthPower,SleepPowder,Protect|Modest||M|||50|]Charizard||CharizarditeY|Blaze|Protect,HeatWave,SolarBeam,WeatherBall|Modest||M|||50|]Grimmsnarl||LightClay|Prankster|SpiritBreak,LightScreen,Reflect,PartingShot|Sassy||M|||50|]Archaludon||Leftovers|Stamina|ElectroShot,DragonPulse,FlashCannon,Protect|Calm||F|||50|]Basculegion||ChoiceScarf|Adaptability|WaveCrash,LastRespects,AquaJet,FlipTurn|Jolly||M|||50|]Pelipper||SitrusBerry|Drizzle|Hurricane,WeatherBall,Tailwind,WideGuard|Modest||F|||50|
|showteam|p2|Staraptor||Staraptite|Intimidate|CloseCombat,DualWingbeat,BlazeKick,Protect|Jolly||F|||50|]Whimsicott||FocusSash|Prankster|Moonblast,Charm,FakeTears,Tailwind|Timid||M|||50|]Gholdengo||LifeOrb|GoodasGold|MakeItRain,ShadowBall,PowerGem,Protect|Modest|||||50|]Tyranitar||WhiteHerb|SandStream|RockSlide,KnockOff,RockTomb,Protect|Adamant||F|||50|]Venusaur||Venusaurite|Chlorophyll|EnergyBall,EarthPower,SludgeBomb,Protect|Modest||F|||50|]Mamoswine||ChoiceScarf|Oblivious|IcicleCrash,RockSlide,HighHorsepower,IceShard|Jolly||F|||50|
|inactive|Battle timer is ON: inactive players will automatically lose when time's up. (requested by CammelloGasante)
|inactive|dawnenen also wants the timer to be on.
|inactive|dawnenen has 60 seconds left.
|
|t:|1784980100
|teamsize|p1|4
|teamsize|p2|4
|start
|switch|p1a: Grimmsnarl|Grimmsnarl, L50, M|100/100
|switch|p1b: Archaludon|Archaludon, L50, F|100/100
|switch|p2a: Venusaur|Venusaur, L50, F|100/100
|switch|p2b: Whimsicott|Whimsicott, L50, M|100/100
|turn|1
|
|t:|1784980115
|detailschange|p2a: Venusaur|Venusaur-Mega, L50, F
|-mega|p2a: Venusaur|Venusaur|Venusaurite
|move|p2b: Whimsicott|Fake Tears|p1b: Archaludon
|-unboost|p1b: Archaludon|spd|2
|move|p1a: Grimmsnarl|Light Screen|p1a: Grimmsnarl
|-sidestart|p1: dawnenen|move: Light Screen
|move|p1b: Archaludon|Flash Cannon|p2b: Whimsicott
|-supereffective|p2b: Whimsicott|1
|-enditem|p2b: Whimsicott|Focus Sash
|-damage|p2b: Whimsicott|1/100
|move|p2a: Venusaur|Earth Power|p1b: Archaludon
|-supereffective|p1b: Archaludon|1
|-damage|p1b: Archaludon|29/100
|-ability|p1b: Archaludon|Stamina|boost
|-boost|p1b: Archaludon|def|1
|
|-heal|p1b: Archaludon|35/100|[from] item: Leftovers
|upkeep
|turn|2
|
|t:|1784980132
|move|p1b: Archaludon|Protect|p1b: Archaludon
|-singleturn|p1b: Archaludon|Protect
|move|p2b: Whimsicott|Tailwind|p2b: Whimsicott
|-sidestart|p2: CammelloGasante|move: Tailwind
|move|p1a: Grimmsnarl|Reflect|p1a: Grimmsnarl
|-sidestart|p1: dawnenen|Reflect
|move|p2a: Venusaur|Sludge Bomb|p1a: Grimmsnarl
|-supereffective|p1a: Grimmsnarl|1
|-crit|p1a: Grimmsnarl
|-damage|p1a: Grimmsnarl|0 fnt
|faint|p1a: Grimmsnarl
|
|-heal|p1b: Archaludon|41/100|[from] item: Leftovers
|upkeep
|
|t:|1784980145
|switch|p1a: Pelipper|Pelipper, L50, F|100/100
|-weather|RainDance|[from] ability: Drizzle|[of] p1a: Pelipper
|turn|3
|
|t:|1784980157
|switch|p1b: Charizard|Charizard, L50, M|100/100
|move|p2b: Whimsicott|Fake Tears|p1a: Pelipper
|-unboost|p1a: Pelipper|spd|2
|move|p2a: Venusaur|Energy Ball|p1a: Pelipper
|-damage|p1a: Pelipper|5/100
|-enditem|p1a: Pelipper|Sitrus Berry|[eat]
|-heal|p1a: Pelipper|29/100|[from] item: Sitrus Berry
|move|p1a: Pelipper|Tailwind|p1a: Pelipper
|-sidestart|p1: dawnenen|move: Tailwind
|
|-weather|RainDance|[upkeep]
|upkeep
|turn|4
|inactive|CammelloGasante has 30 seconds left.
|
|t:|1784980185
|move|p1b: Charizard|Protect|p1b: Charizard
|-singleturn|p1b: Charizard|Protect
|move|p2b: Whimsicott|Fake Tears|p1b: Charizard
|-activate|p1b: Charizard|move: Protect
|move|p2a: Venusaur|Sludge Bomb|p1b: Charizard
|-activate|p1b: Charizard|move: Protect
|move|p1a: Pelipper|Hurricane|p2a: Venusaur
|-supereffective|p2a: Venusaur|1
|-damage|p2a: Venusaur|23/100
|
|-weather|RainDance|[upkeep]
|upkeep
|turn|5
|
|t:|1784980204
|switch|p1b: Archaludon|Archaludon, L50, F|41/100
|move|p2b: Whimsicott|Fake Tears|p1b: Archaludon
|-unboost|p1b: Archaludon|spd|2
|move|p2a: Venusaur|Sludge Bomb|p1b: Archaludon
|-immune|p1b: Archaludon
|move|p1a: Pelipper|Hurricane|p2a: Venusaur
|-supereffective|p2a: Venusaur|1
|-damage|p2a: Venusaur|0 fnt
|faint|p2a: Venusaur
|
|-weather|RainDance|[upkeep]
|-heal|p1b: Archaludon|47/100|[from] item: Leftovers
|-sideend|p2: CammelloGasante|move: Tailwind
|upkeep
|
|t:|1784980208
|switch|p2a: Gholdengo|Gholdengo, L50|100/100
|turn|6
|inactive|dawnenen has 30 seconds left.
|
|t:|1784980238
|switch|p1a: Charizard|Charizard, L50, M|100/100
|move|p2b: Whimsicott|Tailwind|p2b: Whimsicott
|-sidestart|p2: CammelloGasante|move: Tailwind
|move|p2a: Gholdengo|Power Gem|p1a: Charizard
|-supereffective|p1a: Charizard|2
|-damage|p1a: Charizard|0 fnt
|faint|p1a: Charizard
|-damage|p2a: Gholdengo|90/100|[from] item: Life Orb
|move|p1b: Archaludon|Electro Shot||[still]
|-prepare|p1b: Archaludon|Electro Shot
|-boost|p1b: Archaludon|spa|1
|-anim|p1b: Archaludon|Electro Shot|p2a: Gholdengo
|-damage|p2a: Gholdengo|32/100
|
|-weather|RainDance|[upkeep]
|-heal|p1b: Archaludon|53/100|[from] item: Leftovers
|-sideend|p1: dawnenen|move: Tailwind
|upkeep
|
|t:|1784980256
|switch|p1a: Pelipper|Pelipper, L50, F|29/100
|turn|7
|
|t:|1784980273
|move|p2b: Whimsicott|Fake Tears|p1b: Archaludon
|-unboost|p1b: Archaludon|spd|2
|move|p2a: Gholdengo|Shadow Ball|p1b: Archaludon
|-damage|p1b: Archaludon|0 fnt
|faint|p1b: Archaludon
|-damage|p2a: Gholdengo|22/100|[from] item: Life Orb
|move|p1a: Pelipper|Tailwind|p1a: Pelipper
|-sidestart|p1: dawnenen|move: Tailwind
|
|-weather|none
|upkeep
|turn|8
|-message|dawnenen forfeited.
|
|win|CammelloGasante
|raw|dawnenen's rating: 1109 → 1097(-12 for losing)
|raw|CammelloGasante's rating: 1317 → 1326(+9 for winning)
|c|☆dawnenen|gg
|c|☆CammelloGasante|gg
|l|☆CammelloGasante
|player|p2|
