|j|☆streetlightking
|j|☆MiroKart 8 Deluxe
|html|streetlightkingMiroKart 8 Deluxe    
|uhtml|bestof|Game 2 of a best-of-3
|t:|1756154863
|gametype|doubles
|player|p1|streetlightking|morty|1304
|player|p2|MiroKart 8 Deluxe|2|1334
|gen|9
|tier|[Gen 9] VGC 2025 Reg H (Bo3)
|rated|
|rule|Species Clause: Limit one of each Pokémon
|rule|Item Clause: Limit 1 of each item
|clearpoke
|poke|p1|Dragapult, L50, F|
|poke|p1|Rillaboom, L50, F|
|poke|p1|Kingambit, L50, M|
|poke|p1|Politoed, L50, F|
|poke|p1|Magmar, L50, F|
|poke|p1|Sneasler, L50, F|
|poke|p2|Rillaboom, L50, M|
|poke|p2|Kingambit, L50, F|
|poke|p2|Dragapult, L50, M|
|poke|p2|Sneasler, L50, M|
|poke|p2|Primarina, L50, F|
|poke|p2|Electabuzz, L50, M|
|teampreview|4
|showteam|p1|Dragapult||ChoiceBand|ClearBody|DragonDarts,Outrage,PhantomForce,Uturn|||F|||50|,,,,,Dragon]Rillaboom||AssaultVest|GrassySurge|WoodHammer,GrassyGlide,HighHorsepower,FakeOut|||F|||50|,,,,,Fire]Kingambit||SafetyGoggles|Defiant|KowtowCleave,SuckerPunch,SwordsDance,Protect|||M|||50|,,,,,Dark]Politoed||MysticWater|Drizzle|WeatherBall,MuddyWater,Haze,Protect|||F|||50|,,,,,Steel]Magmar||Eviolite|VitalSpirit|Overheat,HelpingHand,FollowMe,Protect|||F|||50|,,,,,Ghost]Sneasler||FocusSash|PoisonTouch|CloseCombat,DireClaw,FakeOut,Protect|||F|||50|,,,,,Stellar
|showteam|p2|Rillaboom||AssaultVest|GrassySurge|FakeOut,GrassyGlide,WoodHammer,Uturn|||M|||50|,,,,,Fire]Kingambit||SafetyGoggles|Defiant|KowtowCleave,SuckerPunch,SwordsDance,Protect|||F|||50|,,,,,Dark]Dragapult||ChoiceBand|ClearBody|DragonDarts,Outrage,Uturn,PhantomForce|||M|||50|,,,,,Dragon]Sneasler||FocusSash|PoisonTouch|DireClaw,CloseCombat,FakeOut,Protect|||M|||50|,,,,,Stellar]Primarina||ThroatSpray|LiquidVoice|HyperVoice,Moonblast,Haze,Protect|||F|||50|,,,,,Poison]Electabuzz||Eviolite|VitalSpirit|FollowMe,Taunt,Electroweb,Protect|||M|||50|,,,,,Fairy
|inactive|Battle timer is ON: inactive players will automatically lose when time's up. (requested by streetlightking)
|j| teamthief420
|inactive|streetlightking has 60 seconds left.
|inactive|MiroKart 8 Deluxe has 60 seconds left.
|
|t:|1756154908
|teamsize|p1|4
|teamsize|p2|4
|start
|switch|p1a: Magmar|Magmar, L50, F, shiny|100/100
|switch|p1b: Sneasler|Sneasler, L50, F|100/100
|switch|p2a: Dragapult|Dragapult, L50, M|100/100
|switch|p2b: Sneasler|Sneasler, L50, M|100/100
|turn|1
|
|t:|1756154931
|switch|p2b: Electabuzz|Electabuzz, L50, M|100/100
|-terastallize|p2a: Dragapult|Dragon
|move|p1a: Magmar|Follow Me|p1a: Magmar
|-singleturn|p1a: Magmar|move: Follow Me
|move|p2a: Dragapult|Dragon Darts|p1a: Magmar
|-damage|p1a: Magmar|59/100
|-anim|p2a: Dragapult|Dragon Darts|p1a: Magmar
|-damage|p1a: Magmar|13/100
|move|p1b: Sneasler|Dire Claw|p2a: Dragapult
|-damage|p2a: Dragapult|46/100
|-status|p2a: Dragapult|par
|
|upkeep
|turn|2
|
|t:|1756154948
|move|p1a: Magmar|Helping Hand|p1b: Sneasler
|-singleturn|p1b: Sneasler|Helping Hand|[of] p1a: Magmar
|move|p1b: Sneasler|Dire Claw|p2a: Dragapult
|-damage|p2a: Dragapult|0 fnt
|faint|p2a: Dragapult
|move|p2b: Electabuzz|Electroweb|p1b: Sneasler|[spread] p1a,p1b
|-crit|p1b: Sneasler
|-damage|p1a: Magmar|2/100
|-damage|p1b: Sneasler|71/100
|-unboost|p1a: Magmar|spe|1
|-unboost|p1b: Sneasler|spe|1
|
|upkeep
|
|t:|1756154958
|switch|p2a: Sneasler|Sneasler, L50, M|100/100
|turn|3
|
|t:|1756154975
|move|p1b: Sneasler|Protect|p1b: Sneasler
|-singleturn|p1b: Sneasler|Protect
|move|p1a: Magmar|Protect|p1a: Magmar
|-singleturn|p1a: Magmar|Protect
|move|p2a: Sneasler|Fake Out|p1b: Sneasler
|-activate|p1b: Sneasler|move: Protect
|move|p2b: Electabuzz|Electroweb|p1b: Sneasler|[spread] 
|-activate|p1a: Magmar|move: Protect
|-activate|p1b: Sneasler|move: Protect
|
|upkeep
|turn|4
|
|t:|1756154987
|move|p2a: Sneasler|Protect|p2a: Sneasler
|-singleturn|p2a: Sneasler|Protect
|move|p1a: Magmar|Follow Me|p1a: Magmar
|-singleturn|p1a: Magmar|move: Follow Me
|move|p1b: Sneasler|Dire Claw|p2a: Sneasler
|-activate|p2a: Sneasler|move: Protect
|move|p2b: Electabuzz|Electroweb|p1a: Magmar|[spread] p1a,p1b
|-damage|p1a: Magmar|0 fnt
|-damage|p1b: Sneasler|53/100
|-unboost|p1b: Sneasler|spe|1
|faint|p1a: Magmar
|
|upkeep
|
|t:|1756155003
|switch|p1a: Rillaboom|Rillaboom, L50, F|100/100
|-fieldstart|move: Grassy Terrain|[from] ability: Grassy Surge|[of] p1a: Rillaboom
|turn|5
|
|t:|1756155022
|switch|p2a: Rillaboom|Rillaboom, L50, M|100/100
|-terastallize|p1b: Sneasler|Stellar
|move|p2b: Electabuzz|Protect|p2b: Electabuzz
|-singleturn|p2b: Electabuzz|Protect
|move|p1a: Rillaboom|Fake Out|p2a: Rillaboom
|-damage|p2a: Rillaboom|88/100
|move|p1b: Sneasler|Dire Claw|p2a: Rillaboom
|-supereffective|p2a: Rillaboom
|-damage|p2a: Rillaboom|0 fnt
|faint|p2a: Rillaboom
|
|-heal|p1b: Sneasler|59/100|[from] Grassy Terrain
|upkeep
|
|t:|1756155034
|switch|p2a: Sneasler|Sneasler, L50, M|100/100
|turn|6
|
|t:|1756155040
|switch|p1b: Jimbo|Politoed, L50, F, shiny|100/100
|-weather|RainDance|[from] ability: Drizzle|[of] p1b: Jimbo
|move|p1a: Rillaboom|Grassy Glide|p2a: Sneasler
|-resisted|p2a: Sneasler
|-damage|p2a: Sneasler|68/100
|move|p2a: Sneasler|Dire Claw|p1a: Rillaboom
|-supereffective|p1a: Rillaboom
|-damage|p1a: Rillaboom|6/100
|-status|p1a: Rillaboom|par
|move|p2b: Electabuzz|Electroweb|p1b: Jimbo|[spread] p1a,p1b
|-resisted|p1a: Rillaboom
|-supereffective|p1b: Jimbo
|-damage|p1a: Rillaboom|1/100 par
|-damage|p1b: Jimbo|74/100
|-unboost|p1a: Rillaboom|spe|1
|-unboost|p1b: Jimbo|spe|1
|
|-weather|RainDance|[upkeep]
|-heal|p2a: Sneasler|74/100|[from] Grassy Terrain
|-heal|p1b: Jimbo|81/100|[from] Grassy Terrain
|-heal|p1a: Rillaboom|7/100 par|[from] Grassy Terrain
|upkeep
|turn|7
|
|t:|1756155063
|move|p2a: Sneasler|Protect|p2a: Sneasler
|-singleturn|p2a: Sneasler|Protect
|cant|p1a: Rillaboom|par
|move|p2b: Electabuzz|Electroweb|p1a: Rillaboom|[spread] p1a,p1b
|-resisted|p1a: Rillaboom
|-supereffective|p1b: Jimbo
|-damage|p1a: Rillaboom|2/100 par
|-damage|p1b: Jimbo|56/100
|-unboost|p1a: Rillaboom|spe|1
|-unboost|p1b: Jimbo|spe|1
|move|p1b: Jimbo|Weather Ball|p2a: Sneasler
|-activate|p2a: Sneasler|move: Protect
|
|-weather|RainDance|[upkeep]
|-heal|p2a: Sneasler|80/100|[from] Grassy Terrain
|-heal|p1b: Jimbo|62/100|[from] Grassy Terrain
|-heal|p1a: Rillaboom|8/100 par|[from] Grassy Terrain
|upkeep
|turn|8
|
|t:|1756155077
|move|p1a: Rillaboom|Grassy Glide|p2a: Sneasler
|-resisted|p2a: Sneasler
|-damage|p2a: Sneasler|48/100
|move|p2a: Sneasler|Close Combat|p1b: Jimbo
|-damage|p1b: Jimbo|0 fnt
|-unboost|p2a: Sneasler|def|1
|-unboost|p2a: Sneasler|spd|1
|faint|p1b: Jimbo
|move|p2b: Electabuzz|Electroweb|p1a: Rillaboom
|-resisted|p1a: Rillaboom
|-damage|p1a: Rillaboom|1/100 par
|-unboost|p1a: Rillaboom|spe|1
|
|-weather|RainDance|[upkeep]
|-heal|p2a: Sneasler|54/100|[from] Grassy Terrain
|-heal|p1a: Rillaboom|7/100 par|[from] Grassy Terrain
|upkeep
|
|t:|1756155084
|switch|p1b: Sneasler|Sneasler, L50, F, tera:Stellar|59/100
|turn|9
|
|t:|1756155093
|move|p2a: Sneasler|Protect|p2a: Sneasler
|-singleturn|p2a: Sneasler|Protect
|move|p2b: Electabuzz|Protect|p2b: Electabuzz
|-singleturn|p2b: Electabuzz|Protect
|cant|p1a: Rillaboom|par
|move|p1b: Sneasler|Close Combat|p2b: Electabuzz
|-activate|p2b: Electabuzz|move: Protect
|
|-weather|RainDance|[upkeep]
|-heal|p1b: Sneasler|65/100|[from] Grassy Terrain
|-heal|p2a: Sneasler|59/100|[from] Grassy Terrain
|-heal|p1a: Rillaboom|13/100 par|[from] Grassy Terrain
|-fieldend|move: Grassy Terrain
|upkeep
|turn|10
|
|t:|1756155109
|move|p2b: Electabuzz|Follow Me|p2b: Electabuzz
|-singleturn|p2b: Electabuzz|move: Follow Me
|move|p1b: Sneasler|Close Combat|p2b: Electabuzz
|-damage|p2b: Electabuzz|35/100
|-unboost|p1b: Sneasler|def|1
|-unboost|p1b: Sneasler|spd|1
|move|p2a: Sneasler|Dire Claw|p1a: Rillaboom
|-supereffective|p1a: Rillaboom
|-damage|p1a: Rillaboom|0 fnt
|faint|p1a: Rillaboom
|
|-weather|none
|upkeep
|turn|11
|
|t:|1756155119
|move|p2b: Electabuzz|Follow Me|p2b: Electabuzz
|-singleturn|p2b: Electabuzz|move: Follow Me
|move|p1b: Sneasler|Dire Claw|p2b: Electabuzz
|-damage|p2b: Electabuzz|2/100
|-status|p2b: Electabuzz|psn|[from] ability: Poison Touch|[of] p1b: Sneasler
|move|p2a: Sneasler|Close Combat|p1b: Sneasler
|-resisted|p1b: Sneasler
|-damage|p1b: Sneasler|0 fnt
|-unboost|p2a: Sneasler|def|1
|-unboost|p2a: Sneasler|spd|1
|faint|p1b: Sneasler
|
|win|MiroKart 8 Deluxe
||streetlightking is ready for game 3.
||MiroKart 8 Deluxe is ready for game 3.
|uhtml|next|Next: Game 3 of 3
|l| teamthief420
|l|☆MiroKart 8 Deluxe
|player|p2|
