|j|☆sirdfrechd400
|j|☆UpstartMannekin
|html|sirdfrechd400UpstartMannekin    
|uhtml|bestof|Game 1 of a best-of-3
|t:|1784392589
|gametype|doubles
|player|p1|sirdfrechd400|170|1145
|player|p2|UpstartMannekin|cheren|1133
|gen|9
|tier|[Gen 9 Champions] VGC 2026 Reg M-B (Bo3)
|rated|
|rule|Species Clause: Limit one of each Pokémon
|rule|Item Clause: Limit 1 of each item
|clearpoke
|poke|p1|Blastoise, L50, M|
|poke|p1|Sinistcha, L50|
|poke|p1|Incineroar, L50, F|
|poke|p1|Whimsicott, L50, F|
|poke|p1|Kingambit, L50, M|
|poke|p1|Garchomp, L50, F|
|poke|p2|Froslass, L50, F|
|poke|p2|Dragonite, L50, M|
|poke|p2|Toxapex, L50, F|
|poke|p2|Sneasler, L50, M|
|poke|p2|Kingambit, L50, M|
|poke|p2|Blaziken, L50, F|
|teampreview|4
|showteam|p1|Blastoise||Blastoisinite|Torrent|WaterSpout,DarkPulse,Protect,ShellSmash|Modest||M|||50|]Sinistcha||SitrusBerry|Hospitality|RagePowder,TrickRoom,MatchaGotcha,ShadowBall|Calm|||||50|]Incineroar||PasshoBerry|Intimidate|FakeOut,PartingShot,DarkestLariat,FlareBlitz|Careful||F|||50|]Whimsicott||FairyFeather|Prankster|Moonblast,Tailwind,Protect,Encore|Modest||F|||50|]Kingambit||BlackGlasses|Defiant|SuckerPunch,SwordsDance,Protect,KowtowCleave|Adamant||M|||50|]Garchomp||LifeOrb|RoughSkin|RockSlide,StompingTantrum,DragonClaw,Protect|Jolly||F|||50|
|showteam|p2|Froslass||Froslassite|CursedBody|Blizzard,ShadowBall,AuroraVeil,Protect|Timid||F|||50|]Dragonite||LifeOrb|InnerFocus|DragonClaw,ExtremeSpeed,LowKick,Protect|Adamant||M|||50|]Toxapex||Leftovers|Regenerator|Infestation,Toxic,WideGuard,BanefulBunker|Bold||F|||50|]Sneasler||FocusSash|PoisonTouch|CloseCombat,PoisonJab,FakeOut,Protect|Jolly||M|||50|]Kingambit||BlackGlasses|Defiant|KowtowCleave,IronHead,SuckerPunch,Protect|Adamant||M|||50|]Blaziken||Blazikenite|SpeedBoost|CloseCombat,FlareBlitz,RockSlide,Protect|Adamant||F|||50|
|inactive|Battle timer is ON: inactive players will automatically lose when time's up. (requested by UpstartMannekin)
|
|t:|1784392632
|teamsize|p1|4
|teamsize|p2|4
|start
|switch|p1a: Blastoise|Blastoise, L50, M|100/100
|switch|p1b: Whimsicott|Whimsicott, L50, F|100/100
|switch|p2a: Toxapex|Toxapex, L50, F|100/100
|switch|p2b: Sneasler|Sneasler, L50, M|100/100
|turn|1
|
|t:|1784392650
|switch|p1a: Kingambit|Kingambit, L50, M|100/100
|move|p1b: Whimsicott|Protect|p1b: Whimsicott
|-singleturn|p1b: Whimsicott|Protect
|move|p2b: Sneasler|Poison Jab|p1b: Whimsicott
|-activate|p1b: Whimsicott|move: Protect
|move|p2a: Toxapex|Toxic|p1a: Kingambit
|-immune|p1a: Kingambit
|
|upkeep
|turn|2
|
|t:|1784392666
|switch|p2a: Kingambit|Kingambit, L50, M|100/100
|move|p1b: Whimsicott|Encore|p2b: Sneasler
|-start|p2b: Sneasler|Encore
|move|p2b: Sneasler|Poison Jab|p1b: Whimsicott
|-supereffective|p1b: Whimsicott|2
|-damage|p1b: Whimsicott|0 fnt
|faint|p1b: Whimsicott
|move|p1a: Kingambit|Swords Dance|p1a: Kingambit
|-boost|p1a: Kingambit|atk|2
|
|upkeep
|
|t:|1784392679
|switch|p1b: Blastoise|Blastoise, L50, M|100/100
|turn|3
|
|t:|1784392691
|switch|p2b: Toxapex|Toxapex, L50, F|100/100
|detailschange|p1b: Blastoise|Blastoise-Mega, L50, M
|-mega|p1b: Blastoise|Blastoise|Blastoisinite
|move|p1b: Blastoise|Water Spout|p2b: Toxapex|[spread] p2a,p2b
|-resisted|p2b: Toxapex|1
|-damage|p2a: Kingambit|38/100
|-damage|p2b: Toxapex|75/100
|move|p2a: Kingambit|Kowtow Cleave|p1b: Blastoise
|-damage|p1b: Blastoise|47/100
|move|p1a: Kingambit|Swords Dance|p1a: Kingambit
|-boost|p1a: Kingambit|atk|2
|
|-heal|p2b: Toxapex|80/100|[from] item: Leftovers
|upkeep
|turn|4
|inactive|sirdfrechd400 has 30 seconds left.
|
|t:|1784392718
|move|p2a: Kingambit|Sucker Punch|p1b: Blastoise
|-damage|p1b: Blastoise|2/100
|move|p1b: Blastoise|Dark Pulse|p2a: Kingambit
|-resisted|p2a: Kingambit|1
|-damage|p2a: Kingambit|17/100
|move|p1a: Kingambit|Kowtow Cleave|p2b: Toxapex
|-damage|p2b: Toxapex|0 fnt
|faint|p2b: Toxapex
|
|upkeep
|
|t:|1784392723
|switch|p2b: Sneasler|Sneasler, L50, M|100/100
|turn|5
|j| H4AMPTER
|
|t:|1784392742
|switch|p1b: Sinistcha|Sinistcha, L50|100/100
|move|p1a: Kingambit|Protect|p1a: Kingambit
|-singleturn|p1a: Kingambit|Protect
|move|p2b: Sneasler|Fake Out|p1b: Sinistcha
|-immune|p1b: Sinistcha
|move|p2a: Kingambit|Sucker Punch||[still]
|-fail|p2a: Kingambit
|
|upkeep
|turn|6
|
|t:|1784392764
|move|p2b: Sneasler|Protect|p2b: Sneasler
|-singleturn|p2b: Sneasler|Protect
|move|p1b: Sinistcha|Rage Powder|p1b: Sinistcha
|-singleturn|p1b: Sinistcha|move: Rage Powder
|move|p2a: Kingambit|Kowtow Cleave|p1b: Sinistcha
|-supereffective|p1b: Sinistcha|1
|-damage|p1b: Sinistcha|0 fnt
|faint|p1b: Sinistcha
|move|p1a: Kingambit|Kowtow Cleave|p2b: Sneasler
|-activate|p2b: Sneasler|move: Protect
|
|upkeep
|
|t:|1784392776
|switch|p1b: Blastoise|Blastoise-Mega, L50, M|2/100
|turn|7
|
|t:|1784392787
|move|p1a: Kingambit|Protect|p1a: Kingambit
|-singleturn|p1a: Kingambit|Protect
|move|p2a: Kingambit|Sucker Punch|p1b: Blastoise
|-damage|p1b: Blastoise|0 fnt
|faint|p1b: Blastoise
|move|p2b: Sneasler|Close Combat|p1a: Kingambit
|-activate|p1a: Kingambit|move: Protect
|
|upkeep
|turn|8
|
|t:|1784392798
|move|p2a: Kingambit|Sucker Punch|p1a: Kingambit
|-resisted|p1a: Kingambit|1
|-damage|p1a: Kingambit|81/100
|move|p1a: Kingambit|Sucker Punch||[still]
|-fail|p1a: Kingambit
|move|p2b: Sneasler|Close Combat|p1a: Kingambit
|-supereffective|p1a: Kingambit|2
|-damage|p1a: Kingambit|0 fnt
|-unboost|p2b: Sneasler|def|1
|-unboost|p2b: Sneasler|spd|1
|faint|p1a: Kingambit
|
|win|UpstartMannekin
||UpstartMannekin is ready for game 2.
||sirdfrechd400 is ready for game 2.
|uhtml|next|Next: Game 2 of 3
|l| H4AMPTER
