|j|☆Avocanoodle
|j|☆magic 561
|html|Avocanoodlemagic 561    
|uhtml|bestof|Game 3 of a best-of-3
|t:|1755935892
|gametype|doubles
|player|p1|Avocanoodle|miku-ground|1276
|player|p2|magic 561|101|1347
|gen|9
|tier|[Gen 9] VGC 2025 Reg H (Bo3)
|rated|
|rule|Species Clause: Limit one of each Pokémon
|rule|Item Clause: Limit 1 of each item
|clearpoke
|poke|p1|Garganacl, L50, F|
|poke|p1|Archaludon, L50, M|
|poke|p1|Magmar, L50, F|
|poke|p1|Ursaluna-Bloodmoon, L50, M|
|poke|p1|Annihilape, L50, F|
|poke|p1|Dragonite, L50, F|
|poke|p2|Hydreigon, L50, F|
|poke|p2|Metagross, L50|
|poke|p2|Ninetales-Alola, L50, F|
|poke|p2|Basculegion, L50, M|
|poke|p2|Kilowattrel, L50, F|
|poke|p2|Incineroar, L50, M|
|teampreview|4
|showteam|p1|Garganacl||Leftovers|PurifyingSalt|SaltCure,HeavySlam,Protect,WideGuard|||F|||50|,,,,,Bug]Archaludon||PowerHerb|Sturdy|DracoMeteor,ElectroShot,Thunderbolt,Protect|||M|||50|,,,,,Electric]Magmar||Eviolite|VitalSpirit|Overheat,ClearSmog,Protect,FollowMe|||F|||50|,,,,,Fairy]Ursaluna-Bloodmoon||AssaultVest|MindsEye|BloodMoon,VacuumWave,Snarl,EarthPower|||M|||50|,,,,,Water]Annihilape||SitrusBerry|Defiant|FinalGambit,RageFist,CloseCombat,Coaching|||F|||50|,,,,,Water]Dragonite||LoadedDice|Multiscale|ScaleShot,Protect,Tailwind,TeraBlast|||F|||50|,,,,,Flying
|showteam|p2|Hydreigon||LifeOrb|Levitate|DarkPulse,DracoMeteor,EarthPower,Protect|||F|||50|,,,,,Poison]Metagross||AssaultVest|ClearBody|BulletPunch,HeavySlam,PsychicFangs,HammerArm||||||50|,,,,,Water]Ninetales-Alola||NeverMeltIce|SnowWarning|Moonblast,IcyWind,Blizzard,Protect|||F|||50|,,,,,Ice]Basculegion||ChoiceScarf|Adaptability|WaveCrash,LastRespects,AquaJet,FlipTurn|||M|||50|,,,,,Grass]Kilowattrel||FocusSash|Competitive|Thunderbolt,AirSlash,Tailwind,Protect|||F|||50|,,,,,Ghost]Incineroar||SafetyGoggles|Intimidate|KnockOff,FlareBlitz,PartingShot,FakeOut|||M|||50|,,,,,Ghost
|inactive|Battle timer is ON: inactive players will automatically lose when time's up. (requested by magic 561)
|inactive|Avocanoodle also wants the timer to be on.
|inactive|magic 561 has 60 seconds left.
|inactive|magic 561 has 30 seconds left.
|
|t:|1755935955
|teamsize|p1|4
|teamsize|p2|4
|start
|switch|p1a: Garganacl|Garganacl, L50, F|100/100
|switch|p1b: Ursaluna|Ursaluna-Bloodmoon, L50, M|100/100
|switch|p2a: Basculegion|Basculegion, L50, M|100/100
|switch|p2b: Kilowattrel|Kilowattrel, L50, F|100/100
|turn|1
|inactive|Avocanoodle has 30 seconds left.
|inactive|magic 561 has 30 seconds left.
|
|t:|1755935984
|switch|p1b: Dragonite|Dragonite, L50, F|100/100
|move|p2a: Basculegion|Flip Turn|p1b: Dragonite
|-resisted|p1b: Dragonite
|-damage|p1b: Dragonite|90/100
|
|t:|1755935993
|switch|p2a: Adel|Hydreigon, L50, F|100/100|[from] Flip Turn
|move|p2b: Kilowattrel|Thunderbolt|p1b: Dragonite
|-damage|p1b: Dragonite|51/100
|move|p1a: Garganacl|Salt Cure|p2a: Adel
|-damage|p2a: Adel|84/100
|-start|p2a: Adel|Salt Cure
|
|-damage|p2a: Adel|71/100|[from] Salt Cure
|upkeep
|turn|2
|inactive|magic 561 has 30 seconds left.
|inactive|magic 561 has 20 seconds left.
|inactive|magic 561 has 15 seconds left.
|
|t:|1755936033
|switch|p1b: Ursaluna|Ursaluna-Bloodmoon, L50, M|100/100
|move|p2b: Kilowattrel|Protect|p2b: Kilowattrel
|-singleturn|p2b: Kilowattrel|Protect
|move|p2a: Adel|Draco Meteor|p1b: Ursaluna
|-damage|p1b: Ursaluna|42/100
|-unboost|p2a: Adel|spa|2
|-damage|p2a: Adel|62/100|[from] item: Life Orb
|move|p1a: Garganacl|Salt Cure|p2b: Kilowattrel
|-activate|p2b: Kilowattrel|move: Protect
|
|-damage|p2a: Adel|49/100|[from] Salt Cure
|upkeep
|turn|3
|inactive|Avocanoodle has 30 seconds left.
|
|t:|1755936064
|switch|p2a: Metagross|Metagross, L50|100/100
|move|p2b: Kilowattrel|Air Slash|p1b: Ursaluna
|-damage|p1b: Ursaluna|19/100
|cant|p1b: Ursaluna|flinch
|move|p1a: Garganacl|Salt Cure|p2b: Kilowattrel
|-supereffective|p2b: Kilowattrel
|-damage|p2b: Kilowattrel|45/100
|-start|p2b: Kilowattrel|Salt Cure
|
|-damage|p2b: Kilowattrel|33/100|[from] Salt Cure
|upkeep
|turn|4
|inactive|Avocanoodle has 30 seconds left.
|inactive|magic 561 has 30 seconds left.
|inactive|Avocanoodle has 20 seconds left.
|inactive|Avocanoodle has 15 seconds left.
|inactive|Avocanoodle has 10 seconds left.
|inactive|Avocanoodle has 5 seconds left.
|
|t:|1755936116
|-terastallize|p1a: Garganacl|Bug
|move|p1b: Ursaluna|Vacuum Wave|p2b: Kilowattrel
|-resisted|p2b: Kilowattrel
|-damage|p2b: Kilowattrel|18/100
|move|p2b: Kilowattrel|Air Slash|p1b: Ursaluna
|-damage|p1b: Ursaluna|0 fnt
|faint|p1b: Ursaluna
|move|p2a: Metagross|Hammer Arm|p1a: Garganacl
|-resisted|p1a: Garganacl
|-damage|p1a: Garganacl|87/100
|-unboost|p2a: Metagross|spe|1
|move|p1a: Garganacl|Salt Cure|p2a: Metagross
|-resisted|p2a: Metagross
|-damage|p2a: Metagross|96/100
|-start|p2a: Metagross|Salt Cure
|
|-heal|p1a: Garganacl|93/100|[from] item: Leftovers
|-damage|p2b: Kilowattrel|5/100|[from] Salt Cure
|-damage|p2a: Metagross|71/100|[from] Salt Cure
|upkeep
|inactive|Avocanoodle has 30 seconds left.
|inactive|Avocanoodle has 20 seconds left.
|
|t:|1755936154
|switch|p1b: Dragonite|Dragonite, L50, F|51/100
|turn|5
|
|t:|1755936176
|switch|p2a: Adel|Hydreigon, L50, F|49/100
|move|p1a: Garganacl|Protect|p1a: Garganacl
|-singleturn|p1a: Garganacl|Protect
|move|p2b: Kilowattrel|Tailwind|p2b: Kilowattrel
|-sidestart|p2: magic 561|move: Tailwind
|move|p1b: Dragonite|Scale Shot|p2a: Adel
|-supereffective|p2a: Adel
|-damage|p2a: Adel|17/100
|-supereffective|p2a: Adel
|-damage|p2a: Adel|0 fnt
|faint|p2a: Adel
|-hitcount|p2: Adel|2
|-unboost|p1b: Dragonite|def|1
|-boost|p1b: Dragonite|spe|1
|
|-heal|p1a: Garganacl|99/100|[from] item: Leftovers
|-damage|p2b: Kilowattrel|0 fnt|[from] Salt Cure
|faint|p2b: Kilowattrel
|upkeep
|
|t:|1755936180
|switch|p2b: Basculegion|Basculegion, L50, M|100/100
|switch|p2a: Metagross|Metagross, L50|71/100
|turn|6
|inactive|Avocanoodle has 30 seconds left.
|inactive|magic 561 has 30 seconds left.
|inactive|Avocanoodle has 20 seconds left.
|inactive|magic 561 has 20 seconds left.
|inactive|Avocanoodle has 15 seconds left.
|
|t:|1755936221
|-terastallize|p2b: Basculegion|Grass
|move|p2b: Basculegion|Last Respects|p1a: Garganacl
|-damage|p1a: Garganacl|72/100
|move|p1b: Dragonite|Tailwind|p1b: Dragonite
|-sidestart|p1: Avocanoodle|move: Tailwind
|move|p2a: Metagross|Psychic Fangs|p1a: Garganacl
|-damage|p1a: Garganacl|41/100
|move|p1a: Garganacl|Salt Cure|p2a: Metagross
|-resisted|p2a: Metagross
|-damage|p2a: Metagross|66/100
|-start|p2a: Metagross|Salt Cure
|
|-heal|p1a: Garganacl|46/100|[from] item: Leftovers
|-damage|p2a: Metagross|42/100|[from] Salt Cure
|upkeep
|turn|7
|
|t:|1755936241
|move|p1b: Dragonite|Protect|p1b: Dragonite
|-singleturn|p1b: Dragonite|Protect
|move|p1a: Garganacl|Protect|p1a: Garganacl
|-singleturn|p1a: Garganacl|Protect
|move|p2b: Basculegion|Last Respects|p1b: Dragonite
|-activate|p1b: Dragonite|move: Protect
|move|p2a: Metagross|Psychic Fangs|p1a: Garganacl
|-activate|p1a: Garganacl|move: Protect
|
|-heal|p1a: Garganacl|52/100|[from] item: Leftovers
|-damage|p2a: Metagross|17/100|[from] Salt Cure
|upkeep
|turn|8
|
|t:|1755936264
|move|p2a: Metagross|Bullet Punch|p1b: Dragonite
|-damage|p1b: Dragonite|17/100
|move|p1b: Dragonite|Scale Shot|p2b: Basculegion
|-damage|p2b: Basculegion|83/100
|-damage|p2b: Basculegion|67/100
|-damage|p2b: Basculegion|49/100
|-damage|p2b: Basculegion|33/100
|-damage|p2b: Basculegion|16/100
|-hitcount|p2b: Basculegion|5
|-unboost|p1b: Dragonite|def|1
|-boost|p1b: Dragonite|spe|1
|move|p2b: Basculegion|Last Respects|p1a: Garganacl
|-damage|p1a: Garganacl|28/100
|move|p1a: Garganacl|Salt Cure|p2b: Basculegion
|-damage|p2b: Basculegion|0 fnt
|faint|p2b: Basculegion
|
|-heal|p1a: Garganacl|33/100|[from] item: Leftovers
|-damage|p2a: Metagross|0 fnt|[from] Salt Cure
|faint|p2a: Metagross
|
|win|Avocanoodle
|raw|Avocanoodle's rating: 1276 → 1306(+30 for winning)
|raw|magic 561's rating: 1347 → 1323(-24 for losing)
|l|☆magic 561
|player|p2|
