|j|☆Ahsanul
|j|☆FizzureX
|html|AhsanulFizzureX    
|uhtml|bestof|Game 1 of a best-of-3
|t:|1784633959
|gametype|doubles
|player|p1|Ahsanul|2|1000
|player|p2|FizzureX|wattson|1025
|gen|9
|tier|[Gen 9 Champions] VGC 2026 Reg M-B (Bo3)
|rated|
|rule|Species Clause: Limit one of each Pokémon
|rule|Item Clause: Limit 1 of each item
|clearpoke
|poke|p1|Eelektross, L50, F|
|poke|p1|Garchomp, L50, M|
|poke|p1|Talonflame, L50, M|
|poke|p1|Tsareena, L50, F|
|poke|p1|Altaria, L50, F|
|poke|p1|Vivillon-Ocean, L50, F|
|poke|p2|Charizard, L50, F|
|poke|p2|Farigiraf, L50, M|
|poke|p2|Venusaur, L50, F|
|poke|p2|Garchomp, L50, M|
|poke|p2|Incineroar, L50, F|
|poke|p2|Sylveon, L50, F|
|teampreview|4
|showteam|p1|Eelektross||Eelektrossite|Levitate|Discharge,Thunderbolt,GigaDrain,Protect|Modest||F|||50|]Garchomp||LifeOrb|RoughSkin|RockSlide,Earthquake,PoisonJab,Protect|Jolly||M|||50|]Talonflame|||GaleWings|Overheat,Acrobatics,Tailwind,WillOWisp|Naive||M|||50|]Tsareena||WideLens|QueenlyMajesty|TropKick,TripleAxel,Protect,Taunt|Jolly||F|||50|]Altaria||Altarianite|CloudNine|CottonGuard,Earthquake,DoubleEdge,DragonDance|Serious||F|||50|]Vivillon-Ocean||FocusSash|CompoundEyes|SleepPowder,Hurricane,RagePowder,BugBuzz|Timid||F|||50|
|showteam|p2|Charizard||CharizarditeY|Blaze|HeatWave,WeatherBall,SolarBeam,Protect|Modest||F|||50|]Farigiraf||ColburBerry|ArmorTail|Psychic,Thunderbolt,HelpingHand,TrickRoom|Modest||M|||50|]Venusaur||FocusSash|Chlorophyll|LeafStorm,SludgeBomb,SleepPowder,Protect|Modest||F|||50|]Garchomp||LifeOrb|RoughSkin|RockSlide,DragonClaw,Earthquake,Protect|Jolly||M|||50|]Incineroar||SitrusBerry|Intimidate|FlareBlitz,DarkestLariat,PartingShot,FakeOut|Careful||F|||50|]Sylveon||FairyFeather|Pixilate|HyperVoice,HyperBeam,QuickAttack,Protect|Modest||F|||50|
|inactive|Battle timer is ON: inactive players will automatically lose when time's up. (requested by Ahsanul)
|
|t:|1784634013
|teamsize|p1|4
|teamsize|p2|4
|start
|switch|p1a: Vivillon|Vivillon-Ocean, L50, F|100/100
|switch|p1b: Altaria|Altaria, L50, F|100/100
|switch|p2a: Incineroar|Incineroar, L50, F|100/100
|switch|p2b: Sylveon|Sylveon, L50, F|100/100
|-ability|p1b: Altaria|Cloud Nine
|-ability|p2a: Incineroar|Intimidate|boost
|-unboost|p1a: Vivillon|atk|1
|-unboost|p1b: Altaria|atk|1
|turn|1
|inactive|FizzureX has 30 seconds left.
|inactive|FizzureX has 20 seconds left.
|inactive|FizzureX has 15 seconds left.
|
|t:|1784634057
|switch|p1b: Tsareena|Tsareena, L50, F|100/100
|move|p2a: Incineroar|Fake Out||[still]
|cant|p1b: Tsareena|ability: Queenly Majesty|Fake Out|[of] p2a: Incineroar
|move|p1a: Vivillon|Sleep Powder|p2b: Sylveon
|-status|p2b: Sylveon|slp|[from] move: Sleep Powder
|cant|p2b: Sylveon|slp
|
|upkeep
|turn|2
|inactive|Ahsanul has 30 seconds left.
|
|t:|1784634087
|switch|p1b: Altaria|Altaria, L50, F|100/100
|-ability|p1b: Altaria|Cloud Nine
|cant|p2b: Sylveon|slp
|move|p1a: Vivillon|Hurricane|p2a: Incineroar
|-damage|p2a: Incineroar|54/100
|move|p2a: Incineroar|Flare Blitz|p1a: Vivillon
|-supereffective|p1a: Vivillon|1
|-enditem|p1a: Vivillon|Focus Sash
|-damage|p1a: Vivillon|1/100
|-damage|p2a: Incineroar|24/100|[from] Recoil
|-enditem|p2a: Incineroar|Sitrus Berry|[eat]
|-heal|p2a: Incineroar|48/100|[from] item: Sitrus Berry
|
|upkeep
|turn|3
|inactive|FizzureX has 30 seconds left.
|
|t:|1784634112
|detailschange|p1b: Altaria|Altaria-Mega, L50, F
|-mega|p1b: Altaria|Altaria|Altarianite
|-curestatus|p2b: Sylveon|slp|[msg]
|move|p2b: Sylveon|Protect|p2b: Sylveon
|-singleturn|p2b: Sylveon|Protect
|move|p1a: Vivillon|Rage Powder|p1a: Vivillon
|-singleturn|p1a: Vivillon|move: Rage Powder
|move|p1b: Altaria|Dragon Dance|p1b: Altaria
|-boost|p1b: Altaria|atk|1
|-boost|p1b: Altaria|spe|1
|move|p2a: Incineroar|Darkest Lariat|p1a: Vivillon
|-damage|p1a: Vivillon|0 fnt
|faint|p1a: Vivillon
|
|upkeep
|
|t:|1784634120
|switch|p1a: Talonflame|Talonflame, L50, M|100/100
|turn|4
|
|t:|1784634138
|move|p2b: Sylveon|Quick Attack|p1b: Altaria
|-supereffective|p1b: Altaria|1
|-damage|p1b: Altaria|71/100
|move|p1b: Altaria|Earthquake|p2a: Incineroar|[spread] p2a,p2b
|-immune|p1a: Talonflame
|-supereffective|p2a: Incineroar|1
|-damage|p2a: Incineroar|0 fnt
|-damage|p2b: Sylveon|46/100
|faint|p2a: Incineroar
|move|p1a: Talonflame|Overheat|p2b: Sylveon
|-damage|p2b: Sylveon|17/100
|-unboost|p1a: Talonflame|spa|2
|
|upkeep
|
|t:|1784634151
|switch|p2a: Charizard|Charizard, L50, F|100/100
|turn|5
|
|t:|1784634174
|detailschange|p2a: Charizard|Charizard-Mega-Y, L50, F
|-mega|p2a: Charizard|Charizard|Charizardite Y
|-weather|SunnyDay|[from] ability: Drought|[of] p2a: Charizard
|move|p2b: Sylveon|Protect|p2b: Sylveon
|-singleturn|p2b: Sylveon|Protect
|move|p1a: Talonflame|Acrobatics|p2b: Sylveon
|-activate|p2b: Sylveon|move: Protect
|move|p1b: Altaria|Double-Edge|p2a: Charizard
|-resisted|p2a: Charizard|1
|-damage|p2a: Charizard|35/100
|-damage|p1b: Altaria|50/100y|[from] Recoil
|move|p2a: Charizard|Weather Ball|p1b: Altaria
|-resisted|p1b: Altaria|1
|-damage|p1b: Altaria|2/100
|
|-weather|SunnyDay|[upkeep]
|upkeep
|turn|6
|
|t:|1784634193
|move|p2a: Charizard|Protect|p2a: Charizard
|-singleturn|p2a: Charizard|Protect
|move|p1a: Talonflame|Acrobatics|p2b: Sylveon
|-damage|p2b: Sylveon|0 fnt
|faint|p2b: Sylveon
|move|p1b: Altaria|Double-Edge|p2a: Charizard
|-activate|p2a: Charizard|move: Protect
|
|-weather|SunnyDay|[upkeep]
|upkeep
|
|t:|1784634202
|switch|p2b: Venusaur|Venusaur, L50, F|100/100
|turn|7
|
|t:|1784634225
|move|p2b: Venusaur|Protect|p2b: Venusaur
|-singleturn|p2b: Venusaur|Protect
|move|p1a: Talonflame|Acrobatics|p2b: Venusaur
|-activate|p2b: Venusaur|move: Protect
|move|p1b: Altaria|Double-Edge|p2a: Charizard
|-resisted|p2a: Charizard|1
|-damage|p2a: Charizard|0 fnt
|faint|p2a: Charizard
|-damage|p1b: Altaria|0 fnt|[from] Recoil
|faint|p1b: Altaria
|
|-weather|SunnyDay|[upkeep]
|upkeep
|
|t:|1784634232
|switch|p1b: Tsareena|Tsareena, L50, F|100/100
|turn|8
|
|t:|1784634243
|move|p1a: Talonflame|Acrobatics|p2b: Venusaur
|-supereffective|p2b: Venusaur|1
|-damage|p2b: Venusaur|14/100
|move|p2b: Venusaur|Sludge Bomb|p1b: Tsareena
|-supereffective|p1b: Tsareena|1
|-damage|p1b: Tsareena|14/100
|-status|p1b: Tsareena|psn
|move|p1b: Tsareena|Triple Axel|p2b: Venusaur
|-supereffective|p2b: Venusaur|1
|-damage|p2b: Venusaur|0 fnt
|faint|p2b: Venusaur
|-hitcount|p2: Venusaur|1
|
|win|Ahsanul
||Ahsanul is ready for game 2.
||FizzureX is ready for game 2.
|uhtml|next|Next: Game 2 of 3
