|j|☆CaratroncoSun
|j|☆NotAfrog123
|html|CaratroncoSunNotAfrog123    
|uhtml|bestof|Game 1 of a best-of-3
|t:|1784129885
|gametype|doubles
|player|p1|CaratroncoSun|juan|1255
|player|p2|NotAfrog123|2|1283
|gen|9
|tier|[Gen 9 Champions] VGC 2026 Reg M-B (Bo3)
|rated|
|rule|Species Clause: Limit one of each Pokémon
|rule|Item Clause: Limit 1 of each item
|clearpoke
|poke|p1|Charizard, L50, F, shiny|
|poke|p1|Venusaur, L50, M, shiny|
|poke|p1|Whimsicott, L50, M, shiny|
|poke|p1|Basculegion, L50, M|
|poke|p1|Tyranitar, L50, M|
|poke|p1|Mamoswine, L50, M|
|poke|p2|Raichu, L50, F|
|poke|p2|Kingambit, L50, M, shiny|
|poke|p2|Ceruledge, L50, M|
|poke|p2|Whimsicott, L50, M, shiny|
|poke|p2|Staraptor, L50, F, shiny|
|poke|p2|Venusaur, L50, M, shiny|
|teampreview|4
|showteam|p1|Charizard||CharizarditeY|Blaze|Protect,SolarBeam,HeatWave,AirSlash|Modest||F|||50|]Venusaur||WideLens|Chlorophyll|Protect,GigaDrain,EarthPower,SleepPowder|Modest||M|||50|]Whimsicott||FocusSash|Prankster|Protect,Moonblast,Tailwind,Encore|Timid||M|||50|]Basculegion||MysticWater|Adaptability|Protect,AquaJet,WaveCrash,LastRespects|Adamant||M|||50|]Tyranitar||Tyranitarite|SandStream|Protect,RockSlide,KnockOff,LowKick|Adamant||M|||50|]Mamoswine||LifeOrb|Oblivious|Protect,HighHorsepower,RockSlide,IceShard|Adamant||M|||50|
|showteam|p2|Raichu||RaichuniteY|LightningRod|Protect,ZapCannon,FocusBlast,FakeOut|Timid||F|||50|]Kingambit||BlackGlasses|Defiant|KowtowCleave,SuckerPunch,IronHead,Protect|Adamant||M|||50|]Ceruledge||ColburBerry|FlashFire|Protect,BitterBlade,ShadowSneak,BulkUp|Adamant||M|||50|]Whimsicott||FocusSash|Prankster|Moonblast,Tailwind,Encore,Charm|Timid||M|||50|]Staraptor||Staraptite|Intimidate|Protect,CloseCombat,BraveBird,Roost|Jolly||F|||50|]Venusaur||LifeOrb|Chlorophyll|EnergyBall,SludgeBomb,EarthPower,Protect|Modest||M|||50|
|inactive|Battle timer is ON: inactive players will automatically lose when time's up. (requested by CaratroncoSun)
|
|t:|1784130045
|teamsize|p1|4
|teamsize|p2|4
|start
|switch|p1a: Whimsicott|Whimsicott, L50, M, shiny|100/100
|switch|p1b: Mamoswine|Mamoswine, L50, M|100/100
|switch|p2a: Whimsicott|Whimsicott, L50, M, shiny|100/100
|switch|p2b: Zappy|Raichu, L50, F|100/100
|turn|1
|inactive|CaratroncoSun has 30 seconds left.
|inactive|NotAfrog123 has 30 seconds left.
|inactive|CaratroncoSun has 20 seconds left.
|inactive|NotAfrog123 has 20 seconds left.
|inactive|CaratroncoSun has 15 seconds left.
|inactive|NotAfrog123 has 15 seconds left.
|inactive|CaratroncoSun has 10 seconds left.
|
|t:|1784130093
|detailschange|p2b: Zappy|Raichu-Mega-Y, L50, F
|-mega|p2b: Zappy|Raichu|Raichunite Y
|move|p1a: Whimsicott|Protect|p1a: Whimsicott
|-singleturn|p1a: Whimsicott|Protect
|move|p1b: Mamoswine|Protect|p1b: Mamoswine
|-singleturn|p1b: Mamoswine|Protect
|move|p2a: Whimsicott|Charm|p1b: Mamoswine
|-activate|p1b: Mamoswine|move: Protect
|move|p2b: Zappy|Focus Blast|p1b: Mamoswine
|-activate|p1b: Mamoswine|move: Protect
|
|upkeep
|turn|2
|inactive|NotAfrog123 has 30 seconds left.
|inactive|NotAfrog123 has 20 seconds left.
|
|t:|1784130131
|switch|p2b: Punkture II|Kingambit, L50, M, shiny|100/100
|move|p2a: Whimsicott|Charm|p1b: Mamoswine
|-unboost|p1b: Mamoswine|atk|2
|move|p1a: Whimsicott|Tailwind|p1a: Whimsicott
|-sidestart|p1: CaratroncoSun|move: Tailwind
|move|p1b: Mamoswine|High Horsepower|p2b: Punkture II
|-supereffective|p2b: Punkture II|1
|-damage|p2b: Punkture II|49/100
|-damage|p1b: Mamoswine|90/100|[from] item: Life Orb
|
|upkeep
|turn|3
|
|t:|1784130151
|move|p1a: Whimsicott|Encore|p2a: Whimsicott
|-start|p2a: Whimsicott|Encore
|move|p2a: Whimsicott|Charm|p1b: Mamoswine
|-unboost|p1b: Mamoswine|atk|2
|move|p1b: Mamoswine|High Horsepower|p2b: Punkture II
|-supereffective|p2b: Punkture II|1
|-damage|p2b: Punkture II|15/100
|-damage|p1b: Mamoswine|80/100|[from] item: Life Orb
|move|p2b: Punkture II|Iron Head|p1b: Mamoswine
|-supereffective|p1b: Mamoswine|1
|-damage|p1b: Mamoswine|0 fnt
|faint|p1b: Mamoswine
|
|upkeep
|
|t:|1784130168
|switch|p1b: Charizard|Charizard, L50, F, shiny|100/100
|turn|4
|
|t:|1784130176
|switch|p1a: Venusaur|Venusaur, L50, M, shiny|100/100
|switch|p2a: Ceruledge|Ceruledge, L50, M|100/100
|detailschange|p1b: Charizard|Charizard-Mega-Y, L50, F, shiny
|-mega|p1b: Charizard|Charizard|Charizardite Y
|-weather|SunnyDay|[from] ability: Drought|[of] p1b: Charizard
|move|p2b: Punkture II|Sucker Punch|p1b: Charizard
|-damage|p1b: Charizard|44/100
|move|p1b: Charizard|Heat Wave|p2a: Ceruledge|[spread] p2b
|-start|p2a: Ceruledge|ability: Flash Fire
|-supereffective|p2b: Punkture II|1
|-damage|p2b: Punkture II|0 fnt
|faint|p2b: Punkture II
|
|-weather|SunnyDay|[upkeep]
|upkeep
|
|t:|1784130193
|switch|p2b: Zappy|Raichu-Mega-Y, L50, F|100/100
|turn|5
|
|t:|1784130207
|move|p2b: Zappy|Fake Out|p1a: Venusaur
|-damage|p1a: Venusaur|88/100
|cant|p1a: Venusaur|flinch
|move|p1b: Charizard|Heat Wave|p2b: Zappy|[spread] p2b
|-immune|p2a: Ceruledge|[from] ability: Flash Fire
|-damage|p2b: Zappy|4/100
|move|p2a: Ceruledge|Bulk Up|p2a: Ceruledge
|-boost|p2a: Ceruledge|atk|1
|-boost|p2a: Ceruledge|def|1
|
|-weather|SunnyDay|[upkeep]
|-sideend|p1: CaratroncoSun|move: Tailwind
|upkeep
|turn|6
|inactive|CaratroncoSun has 30 seconds left.
|inactive|NotAfrog123 has 30 seconds left.
|inactive|NotAfrog123 has 20 seconds left.
|inactive|NotAfrog123 has 15 seconds left.
|
|t:|1784130247
|switch|p2b: Whimsicott|Whimsicott, L50, M, shiny|100/100
|switch|p1b: Whimsicott|Whimsicott, L50, M, shiny|100/100
|move|p2a: Ceruledge|Protect|p2a: Ceruledge
|-singleturn|p2a: Ceruledge|Protect
|move|p1a: Venusaur|Sleep Powder|p2a: Ceruledge
|-activate|p2a: Ceruledge|move: Protect
|
|-weather|SunnyDay|[upkeep]
|upkeep
|turn|7
|inactive|NotAfrog123 has 30 seconds left.
|
|t:|1784130274
|move|p1b: Whimsicott|Tailwind|p1b: Whimsicott
|-sidestart|p1: CaratroncoSun|move: Tailwind
|move|p2b: Whimsicott|Tailwind|p2b: Whimsicott
|-sidestart|p2: NotAfrog123|move: Tailwind
|move|p2a: Ceruledge|Shadow Sneak|p1a: Venusaur
|-damage|p1a: Venusaur|48/100
|move|p1a: Venusaur|Sleep Powder|p2a: Ceruledge
|-status|p2a: Ceruledge|slp|[from] move: Sleep Powder
|
|-weather|SunnyDay|[upkeep]
|upkeep
|turn|8
|
|t:|1784130296
|move|p1a: Venusaur|Earth Power|p2a: Ceruledge
|-supereffective|p2a: Ceruledge|1
|-damage|p2a: Ceruledge|40/100 slp
|move|p1b: Whimsicott|Moonblast|p2b: Whimsicott
|-damage|p2b: Whimsicott|41/100
|move|p2b: Whimsicott|Moonblast|p1b: Whimsicott
|-damage|p1b: Whimsicott|35/100
|cant|p2a: Ceruledge|slp
|
|-weather|none
|upkeep
|turn|9
|inactive|NotAfrog123 has 30 seconds left.
|
|t:|1784130323
|cant|p2a: Ceruledge|slp
|move|p2b: Whimsicott|Moonblast|p1b: Whimsicott
|-damage|p1b: Whimsicott|0 fnt
|faint|p1b: Whimsicott
|move|p1a: Venusaur|Earth Power|p2a: Ceruledge
|-supereffective|p2a: Ceruledge|1
|-damage|p2a: Ceruledge|0 fnt
|faint|p2a: Ceruledge
|
|upkeep
|
|t:|1784130333
|switch|p1b: Charizard|Charizard-Mega-Y, L50, F, shiny|44/100
|switch|p2a: Zappy|Raichu-Mega-Y, L50, F|4/100
|-weather|SunnyDay|[from] ability: Drought|[of] p1b: Charizard
|turn|10
|inactive|NotAfrog123 has 30 seconds left.
|
|t:|1784130358
|move|p2a: Zappy|Protect|p2a: Zappy
|-singleturn|p2a: Zappy|Protect
|move|p1a: Venusaur|Earth Power|p2a: Zappy
|-activate|p2a: Zappy|move: Protect
|move|p2b: Whimsicott|Moonblast|p1b: Charizard
|-resisted|p1b: Charizard|1
|-damage|p1b: Charizard|28/100
|move|p1b: Charizard|Heat Wave|p2b: Whimsicott|[spread] p2b
|-activate|p2a: Zappy|move: Protect
|-supereffective|p2b: Whimsicott|1
|-damage|p2b: Whimsicott|0 fnt
|faint|p2b: Whimsicott
|
|-weather|SunnyDay|[upkeep]
|-sideend|p2: NotAfrog123|move: Tailwind
|-sideend|p1: CaratroncoSun|move: Tailwind
|upkeep
|turn|11
|-message|NotAfrog123 forfeited.
|
|win|CaratroncoSun
