|j|â˜†TyphEnthusiast
|j|â˜†CDJM
|html|TyphEnthusiastCDJM    
|uhtml|bestof|Game 2 of a best-of-3
|t:|1784001634
|gametype|doubles
|player|p1|TyphEnthusiast|pokemaniac|
|player|p2|CDJM|hilda|
|gen|9
|tier|[Gen 9 Champions] VGC 2026 Reg M-B (Bo3)
|rule|Species Clause: Limit one of each PokÃ©mon
|rule|Item Clause: Limit 1 of each item
|clearpoke
|poke|p1|Charizard, L50, F, shiny|
|poke|p1|Politoed, L50, M, shiny|
|poke|p1|Basculegion, L50, M|
|poke|p1|Archaludon, L50, M|
|poke|p1|Rampardos, L50, M|
|poke|p1|Floette-Eternal, L50, F|
|poke|p2|Swampert, L50, M|
|poke|p2|Pelipper, L50, M|
|poke|p2|Sinistcha, L50|
|poke|p2|Grimmsnarl, L50, M, shiny|
|poke|p2|Metagross, L50, shiny|
|poke|p2|Hydreigon, L50, F|
|teampreview|4
|showteam|p1|Charizard||CharizarditeY|Blaze|HeatWave,WeatherBall,SolarBeam,Protect|Modest||F|||50|]Politoed||SitrusBerry|Drizzle|WeatherBall,Encore,Protect,HydroPump|Modest||M|||50|]Basculegion||MysticWater|Adaptability|WaveCrash,AquaJet,FlipTurn,LastRespects|Adamant||M|||50|]Archaludon||Leftovers|Stamina|ElectroShot,DracoMeteor,Thunderbolt,DragonPulse|Modest||M|||50|]Rampardos||LifeOrb|MoldBreaker|Earthquake,RockSlide,DoubleEdge,BrickBreak|Adamant||M|||50|]Floette-Eternal||Floettite|FlowerVeil|LightofRuin,Moonblast,DazzlingGleam,Protect|Modest||F|||50|
|showteam|p2|Swampert||Swampertite|Damp|WaveCrash,Earthquake,IcePunch,Superpower|Serious||M|||50|]Pelipper||SitrusBerry|Drizzle|Hurricane,WeatherBall,Tailwind,WideGuard|Serious||M|||50|]Sinistcha||CobaBerry|Hospitality|Protect,RagePowder,MatchaGotcha,LifeDew|Bold|||||50|]Grimmsnarl||LightClay|Prankster|Reflect,LightScreen,FoulPlay,PartingShot|Careful||M|||50|]Metagross||Leftovers|ClearBody|MeteorMash,StompingTantrum,BulletPunch,Protect|Adamant|||||50|]Hydreigon||LifeOrb|Levitate|DracoMeteor,DarkPulse,HeatWave,Protect|Serious||F|||50|
|
|t:|1784001669
|teamsize|p1|4
|teamsize|p2|4
|start
|switch|p1a: Lil Dude|Politoed, L50, M, shiny|100/100
|switch|p1b: World Trade Center|Archaludon, L50, M|100/100
|switch|p2a: Cervy|Hydreigon, L50, F|100/100
|switch|p2b: Metagross|Metagross, L50, shiny|100/100
|-weather|RainDance|[from] ability: Drizzle|[of] p1a: Lil Dude
|turn|1
|
|t:|1784001687
|move|p2b: Metagross|Protect|p2b: Metagross
|-singleturn|p2b: Metagross|Protect
|move|p2a: Cervy|Heat Wave|p1a: Lil Dude|[spread] p1a,p1b
|-resisted|p1a: Lil Dude|1
|-damage|p1a: Lil Dude|93/100
|-damage|p1b: World Trade Center|80/100
|-ability|p1b: World Trade Center|Stamina|boost
|-boost|p1b: World Trade Center|def|1
|-damage|p2a: Cervy|90/100|[from] item: Life Orb
|move|p1b: World Trade Center|Electro Shot||[still]
|-prepare|p1b: World Trade Center|Electro Shot
|-boost|p1b: World Trade Center|spa|1
|-anim|p1b: World Trade Center|Electro Shot|p2a: Cervy
|-resisted|p2a: Cervy|1
|-damage|p2a: Cervy|48/100
|move|p1a: Lil Dude|Weather Ball|p2b: Metagross
|-activate|p2b: Metagross|move: Protect
|
|-weather|RainDance|[upkeep]
|-heal|p1b: World Trade Center|86/100|[from] item: Leftovers
|upkeep
|turn|2
|
|t:|1784001719
|move|p2a: Cervy|Heat Wave|p1a: Lil Dude|[spread] p1b
|-miss|p2a: Cervy|p1a: Lil Dude
|-damage|p1b: World Trade Center|67/100
|-ability|p1b: World Trade Center|Stamina|boost
|-boost|p1b: World Trade Center|def|1
|-damage|p2a: Cervy|39/100|[from] item: Life Orb
|move|p2b: Metagross|Stomping Tantrum|p1b: World Trade Center
|-supereffective|p1b: World Trade Center|1
|-crit|p1b: World Trade Center
|-damage|p1b: World Trade Center|0 fnt
|faint|p1b: World Trade Center
|move|p1a: Lil Dude|Weather Ball|p2b: Metagross
|-damage|p2b: Metagross|10/100
|
|-weather|RainDance|[upkeep]
|-heal|p2b: Metagross|16/100|[from] item: Leftovers
|upkeep
|
|t:|1784001730
|switch|p1b: Miguel|Floette-Eternal, L50, F|100/100
|turn|3
|c|â˜†TyphEnthusiast|crit
|c|â˜†TyphEnthusiast|dawg
|
|t:|1784001758
|switch|p1a: Basculegion|Basculegion, L50, M|100/100
|detailschange|p1b: Miguel|Floette-Mega, L50, F
|-mega|p1b: Miguel|Floette|Floettite
|-ability|p1b: Miguel|Fairy Aura
|move|p2a: Cervy|Protect|p2a: Cervy
|-singleturn|p2a: Cervy|Protect
|move|p1b: Miguel|Dazzling Gleam|p2a: Cervy|[spread] p2b
|-activate|p2a: Cervy|move: Protect
|-resisted|p2b: Metagross|1
|-damage|p2b: Metagross|0 fnt
|faint|p2b: Metagross
|
|-weather|RainDance|[upkeep]
|upkeep
|
|t:|1784001772
|switch|p2b: Lil Man Man|Swampert, L50, M|100/100
|turn|4
|
|t:|1784001793
|detailschange|p2b: Lil Man Man|Swampert-Mega, L50, M
|-mega|p2b: Lil Man Man|Swampert|Swampertite
|move|p2b: Lil Man Man|Earthquake|p1a: Basculegion|[spread] p1a,p1b
|-immune|p2a: Cervy|[from] ability: Levitate
|-damage|p1a: Basculegion|50/100g
|-damage|p1b: Miguel|46/100
|move|p1b: Miguel|Dazzling Gleam|p2a: Cervy|[spread] p2a,p2b
|-supereffective|p2a: Cervy|2
|-crit|p2a: Cervy
|-damage|p2a: Cervy|0 fnt
|-damage|p2b: Lil Man Man|59/100
|faint|p2a: Cervy
|move|p1a: Basculegion|Last Respects|p2b: Lil Man Man
|-damage|p2b: Lil Man Man|3/100
|
|-weather|RainDance|[upkeep]
|upkeep
|
|t:|1784001807
|switch|p2a: Popchyk|Sinistcha, L50|100/100
|-heal|p2b: Lil Man Man|28/100|[from] ability: Hospitality|[of] p2a: Popchyk
|turn|5
|
|t:|1784001859
|move|p1b: Miguel|Protect|p1b: Miguel
|-singleturn|p1b: Miguel|Protect
|move|p2b: Lil Man Man|Ice Punch|p1b: Miguel
|-activate|p1b: Miguel|move: Protect
|move|p1a: Basculegion|Last Respects|p2a: Popchyk
|-supereffective|p2a: Popchyk|1
|-damage|p2a: Popchyk|0 fnt
|faint|p2a: Popchyk
|
|-weather|none
|upkeep
|turn|6
|
|t:|1784001873
|move|p1b: Miguel|Light of Ruin|p2b: Lil Man Man
|-damage|p2b: Lil Man Man|0 fnt
|faint|p2b: Lil Man Man
|-damage|p1b: Miguel|27/100|[from] Recoil
|
|win|TyphEnthusiast
|c|â˜†TyphEnthusiast|gg
|l|â˜†TyphEnthusiast
|player|p1|
