|j|☆HunTerDx36
|j|☆clarocojones
|html|HunTerDx36clarocojones    
|uhtml|bestof|Game 1 of a best-of-3
|t:|1786120766
|gametype|doubles
|player|p1|HunTerDx36|cynthia|1172
|player|p2|clarocojones|striker|1338
|gen|9
|tier|[Gen 9 Champions] VGC 2026 Reg M-B (Bo3)
|rated|
|rule|Species Clause: Limit one of each Pokémon
|rule|Item Clause: Limit 1 of each item
|clearpoke
|poke|p1|Swampert, L50, F|
|poke|p1|Pelipper, L50, F|
|poke|p1|Sinistcha-Masterpiece, L50|
|poke|p1|Gholdengo, L50|
|poke|p1|Grimmsnarl, L50, M|
|poke|p1|Mawile, L50, M|
|poke|p2|Floette-Eternal, L50, F|
|poke|p2|Incineroar, L50, M, shiny|
|poke|p2|Sinistcha-Masterpiece, L50, shiny|
|poke|p2|Milotic, L50, M|
|poke|p2|Raichu, L50, M|
|poke|p2|Ceruledge, L50, M|
|teampreview|4
|showteam|p1|Swampert||Swampertite|Torrent|WaveCrash,HighHorsepower,IcePunch,Protect|Adamant||F|||50|]Pelipper||DampRock|Drizzle|WeatherBall,IceBeam,Tailwind,Protect|Bold||F|||50|]Sinistcha-Masterpiece||Leftovers|Hospitality|MatchaGotcha,TrickRoom,RagePowder,Protect|Bold|||||50|]Gholdengo||ColburBerry|GoodasGold|MakeItRain,ShadowBall,NastyPlot,Protect|Bold|||||50|]Grimmsnarl||LightClay|Prankster|SpiritBreak,FakeOut,Reflect,LightScreen|Adamant||M|||50|]Mawile||Mawilite|Intimidate|PlayRough,IronHead,KnockOff,Protect|Adamant||M|||50|
|showteam|p2|Floette-Eternal||Floettite|FlowerVeil|Moonblast,DazzlingGleam,CalmMind,Protect|Modest||F|||50|]Incineroar||SitrusBerry|Intimidate|FakeOut,PartingShot,ThroatChop,FlareBlitz|Careful||M|||50|]Sinistcha-Masterpiece||KasibBerry|Hospitality|MatchaGotcha,LifeDew,RagePowder,TrickRoom|Bold|||||50|]Milotic||Leftovers|Competitive|MuddyWater,Coil,Hypnosis,Recover|Calm||M|||50|]Raichu||RaichuniteY|Static|FakeOut,ZapCannon,FocusBlast,Protect|Timid||M|||50|]Ceruledge||ColburBerry|FlashFire|BitterBlade,ShadowSneak,BulkUp,Protect|Adamant||M|||50|
|inactive|Battle timer is ON: inactive players will automatically lose when time's up. (requested by clarocojones)
|inactive|HunTerDx36 also wants the timer to be on.
|inactive|HunTerDx36 has 60 seconds left.
|
|t:|1786120869
|teamsize|p1|4
|teamsize|p2|4
|start
|switch|p1a: Gholdengo|Gholdengo, L50|100/100
|switch|p1b: Grimmsnarl|Grimmsnarl, L50, M|100/100
|switch|p2a: Friends Take|Incineroar, L50, M, shiny|100/100
|switch|p2b: Felicidad|Floette-Eternal, L50, F|100/100
|-ability|p2a: Friends Take|Intimidate|boost
|-unboost|p1a: Gholdengo|atk|1
|-unboost|p1b: Grimmsnarl|atk|1
|turn|1
|
|t:|1786120891
|detailschange|p2b: Felicidad|Floette-Mega, L50, F
|-mega|p2b: Felicidad|Floette|Floettite
|-ability|p2b: Felicidad|Fairy Aura
|move|p1a: Gholdengo|Protect|p1a: Gholdengo
|-singleturn|p1a: Gholdengo|Protect
|move|p1b: Grimmsnarl|Light Screen|p1b: Grimmsnarl
|-sidestart|p1: HunTerDx36|move: Light Screen
|move|p2b: Felicidad|Dazzling Gleam|p1a: Gholdengo|[spread] p1b
|-activate|p1a: Gholdengo|move: Protect
|-supereffective|p1b: Grimmsnarl|1
|-damage|p1b: Grimmsnarl|41/100
|move|p2a: Friends Take|Flare Blitz|p1a: Gholdengo
|-activate|p1a: Gholdengo|move: Protect
|
|upkeep
|turn|2
|
|t:|1786120915
|move|p1b: Grimmsnarl|Reflect|p1b: Grimmsnarl
|-sidestart|p1: HunTerDx36|Reflect
|move|p2b: Felicidad|Moonblast|p1a: Gholdengo
|-resisted|p1a: Gholdengo|1
|-damage|p1a: Gholdengo|79/100
|move|p1a: Gholdengo|Make It Rain|p2b: Felicidad|[spread] p2a,p2b
|-resisted|p2a: Friends Take|1
|-supereffective|p2b: Felicidad|1
|-damage|p2a: Friends Take|82/100
|-damage|p2b: Felicidad|39/100
|-unboost|p1a: Gholdengo|spa|2
|move|p2a: Friends Take|Flare Blitz|p1a: Gholdengo
|-supereffective|p1a: Gholdengo|1
|-damage|p1a: Gholdengo|23/100
|-damage|p2a: Friends Take|65/100|[from] Recoil
|
|upkeep
|turn|3
|inactive|clarocojones has 30 seconds left.
|
|t:|1786120941
|switch|p2a: DON JULIO|Sinistcha-Masterpiece, L50, shiny|100/100
|-heal|p2b: Felicidad|64/100|[from] ability: Hospitality|[of] p2a: DON JULIO
|move|p2b: Felicidad|Dazzling Gleam|p1a: Gholdengo|[spread] p1a,p1b
|-resisted|p1a: Gholdengo|1
|-crit|p1a: Gholdengo
|-supereffective|p1b: Grimmsnarl|1
|-damage|p1a: Gholdengo|0 fnt
|-damage|p1b: Grimmsnarl|0 fnt
|faint|p1a: Gholdengo
|faint|p1b: Grimmsnarl
|
|upkeep
|
|t:|1786120953
|switch|p1a: Pelipper|Pelipper, L50, F|100/100
|switch|p1b: Swampert|Swampert, L50, F|100/100
|-weather|RainDance|[from] ability: Drizzle|[of] p1a: Pelipper
|turn|4
|
|t:|1786120977
|switch|p2a: Friends Take|Incineroar, L50, M, shiny|65/100
|-ability|p2a: Friends Take|Intimidate|boost
|-unboost|p1a: Pelipper|atk|1
|-unboost|p1b: Swampert|atk|1
|detailschange|p1b: Swampert|Swampert-Mega, L50, F
|-mega|p1b: Swampert|Swampert|Swampertite
|move|p2b: Felicidad|Protect|p2b: Felicidad
|-singleturn|p2b: Felicidad|Protect
|move|p1b: Swampert|High Horsepower|p2b: Felicidad
|-activate|p2b: Felicidad|move: Protect
|move|p1a: Pelipper|Ice Beam|p2a: Friends Take
|-resisted|p2a: Friends Take|1
|-damage|p2a: Friends Take|57/100
|
|-weather|RainDance|[upkeep]
|upkeep
|turn|5
|-message|HunTerDx36 forfeited.
|
|win|clarocojones
|l|☆HunTerDx36
|player|p1|
||clarocojones is ready for game 2.
||HunTerDx36 is ready for game 2.
|uhtml|next|Next: Game 2 of 3
