|j|☆oapals121
|j|☆fatlittlechuddy
|html|oapals121fatlittlechuddy    
|uhtml|bestof|Game 2 of a best-of-3
|t:|1786139056
|gametype|doubles
|player|p1|oapals121|blue|1158
|player|p2|fatlittlechuddy|265|1146
|gen|9
|tier|[Gen 9 Champions] VGC 2026 Reg M-B (Bo3)
|rated|
|rule|Species Clause: Limit one of each Pokémon
|rule|Item Clause: Limit 1 of each item
|clearpoke
|poke|p1|Aerodactyl, L50, M|
|poke|p1|Kingambit, L50, M|
|poke|p1|Farigiraf, L50, F|
|poke|p1|Sylveon, L50, F|
|poke|p1|Charizard, L50, M|
|poke|p1|Garchomp, L50, M|
|poke|p2|Charizard, L50, M|
|poke|p2|Garchomp, L50, F|
|poke|p2|Incineroar, L50, F|
|poke|p2|Venusaur, L50, F|
|poke|p2|Toxapex, L50, M|
|poke|p2|Annihilape, L50, F|
|teampreview|4
|showteam|p1|Aerodactyl||Aerodactylite|Unnerve|RockSlide,DualWingbeat,IceFang,Tailwind|Jolly||M|||50|]Kingambit||FocusSash|Defiant|KowtowCleave,IronHead,SuckerPunch,LowKick|Adamant||M|||50|]Farigiraf||SitrusBerry|ArmorTail|Psychic,Thunderbolt,TrickRoom,Protect|Quiet||F|||50|]Sylveon||FairyFeather|Pixilate|HyperVoice,Yawn,QuickAttack,Detect|Modest||F|||50|]Charizard||CharizarditeY|Blaze|HeatWave,SolarBeam,WeatherBall,Protect|Modest||M|||50|]Garchomp||LifeOrb|RoughSkin|Earthquake,DragonClaw,RockSlide,Protect|Jolly||M|||50|
|showteam|p2|Charizard||CharizarditeY|Blaze|WeatherBall,HeatWave,HelpingHand,Protect|Modest||M|||50|]Garchomp||ChoiceScarf|RoughSkin|RockSlide,DragonClaw,Earthquake,StompingTantrum|Adamant||F|||50|]Incineroar||SitrusBerry|Intimidate|FlareBlitz,FakeOut,DarkestLariat,PartingShot|Impish||F|||50|]Venusaur||LifeOrb|Chlorophyll|SludgeBomb,LeafStorm,EarthPower,Protect|Modest||F|||50|]Toxapex||Leftovers|Regenerator|Infestation,Toxic,WideGuard,BanefulBunker|Bold||M|||50|]Annihilape||FocusSash|Defiant|CloseCombat,PhantomForce,RockTomb,Protect|Jolly||F|||50|
|inactive|Battle timer is ON: inactive players will automatically lose when time's up. (requested by fatlittlechuddy)
|
|t:|1786139157
|teamsize|p1|4
|teamsize|p2|4
|start
|switch|p1a: Aerodactyl|Aerodactyl, L50, M|100/100
|switch|p1b: Kingambit|Kingambit, L50, M|100/100
|switch|p2a: Venusaur|Venusaur, L50, F|100/100
|switch|p2b: Charizard|Charizard, L50, M|100/100
|-ability|p1a: Aerodactyl|Unnerve
|turn|1
|inactive|oapals121 has 30 seconds left.
|inactive|fatlittlechuddy has 30 seconds left.
|inactive|oapals121 has 20 seconds left.
|inactive|oapals121 has 15 seconds left.
|inactive|oapals121 has 10 seconds left.
|inactive|oapals121 has 5 seconds left.
|
|t:|1786139209
|detailschange|p1a: Aerodactyl|Aerodactyl-Mega, L50, M
|-mega|p1a: Aerodactyl|Aerodactyl|Aerodactylite
|detailschange|p2b: Charizard|Charizard-Mega-Y, L50, M
|-mega|p2b: Charizard|Charizard|Charizardite Y
|-weather|SunnyDay|[from] ability: Drought|[of] p2b: Charizard
|move|p2b: Charizard|Helping Hand|p2a: Venusaur
|-singleturn|p2a: Venusaur|Helping Hand|[of] p2b: Charizard
|move|p1b: Kingambit|Sucker Punch|p2a: Venusaur
|-damage|p2a: Venusaur|44/100
|move|p2a: Venusaur|Leaf Storm|p1a: Aerodactyl
|-damage|p1a: Aerodactyl|0 fnt
|-unboost|p2a: Venusaur|spa|2
|faint|p1a: Aerodactyl
|-damage|p2a: Venusaur|35/100|[from] item: Life Orb
|
|-weather|SunnyDay|[upkeep]
|upkeep
|
|t:|1786139228
|switch|p1a: Garchomp|Garchomp, L50, M|100/100
|turn|2
|inactive|oapals121 has 30 seconds left.
|inactive|oapals121 has 20 seconds left.
|inactive|oapals121 has 15 seconds left.
|inactive|oapals121 has 10 seconds left.
|inactive|oapals121 has 5 seconds left.
|
|t:|1786139281
|switch|p2a: Garchomp|Garchomp, L50, F|100/100
|move|p2b: Charizard|Protect|p2b: Charizard
|-singleturn|p2b: Charizard|Protect
|move|p1b: Kingambit|Sucker Punch||[still]
|-fail|p1b: Kingambit
|move|p1a: Garchomp|Rock Slide|p2a: Garchomp|[spread] p2a
|-activate|p2b: Charizard|move: Protect
|-resisted|p2a: Garchomp|1
|-damage|p2a: Garchomp|86/100
|-damage|p1a: Garchomp|90/100|[from] item: Life Orb
|
|-weather|SunnyDay|[upkeep]
|upkeep
|turn|3
|inactive|oapals121 has 30 seconds left.
|inactive|oapals121 has 20 seconds left.
|inactive|oapals121 has 15 seconds left.
|
|t:|1786139324
|move|p2b: Charizard|Helping Hand|p2a: Garchomp
|-singleturn|p2a: Garchomp|Helping Hand|[of] p2b: Charizard
|move|p1b: Kingambit|Sucker Punch||[still]
|-fail|p1b: Kingambit
|move|p2a: Garchomp|Dragon Claw|p1a: Garchomp
|-supereffective|p1a: Garchomp|1
|-damage|p1a: Garchomp|0 fnt
|-damage|p2a: Garchomp|74/100|[from] ability: Rough Skin|[of] p1a: Garchomp
|faint|p1a: Garchomp
|
|-weather|SunnyDay|[upkeep]
|upkeep
|
|t:|1786139336
|switch|p1a: Sylveon|Sylveon, L50, F|100/100
|turn|4
|inactive|oapals121 has 30 seconds left.
|inactive|oapals121 has 20 seconds left.
|inactive|oapals121 has 15 seconds left.
|
|t:|1786139377
|move|p2b: Charizard|Protect|p2b: Charizard
|-singleturn|p2b: Charizard|Protect
|move|p2a: Garchomp|Dragon Claw|p1b: Kingambit
|-resisted|p1b: Kingambit|1
|-damage|p1b: Kingambit|79/100
|move|p1b: Kingambit|Kowtow Cleave|p2a: Garchomp
|-damage|p2a: Garchomp|23/100
|-damage|p1b: Kingambit|67/100|[from] ability: Rough Skin|[of] p2a: Garchomp
|move|p1a: Sylveon|Yawn|p2b: Charizard
|-activate|p2b: Charizard|move: Protect
|
|-weather|SunnyDay|[upkeep]
|upkeep
|turn|5
|inactive|oapals121 has 30 seconds left.
|inactive|fatlittlechuddy has 30 seconds left.
|inactive|oapals121 has 20 seconds left.
|inactive|oapals121 has 15 seconds left.
|
|t:|1786139418
|move|p1b: Kingambit|Sucker Punch|p2b: Charizard
|-damage|p2b: Charizard|57/100
|move|p2a: Garchomp|Dragon Claw|p1b: Kingambit
|-resisted|p1b: Kingambit|1
|-damage|p1b: Kingambit|48/100
|move|p2b: Charizard|Heat Wave|p1b: Kingambit|[spread] p1a,p1b
|-crit|p1a: Sylveon
|-supereffective|p1b: Kingambit|1
|-damage|p1a: Sylveon|29/100
|-damage|p1b: Kingambit|0 fnt
|faint|p1b: Kingambit
|move|p1a: Sylveon|Hyper Voice|p2a: Garchomp|[spread] p2a,p2b
|-supereffective|p2a: Garchomp|1
|-resisted|p2b: Charizard|1
|-damage|p2a: Garchomp|0 fnt
|-damage|p2b: Charizard|36/100
|faint|p2a: Garchomp
|
|-weather|none
|upkeep
|
|t:|1786139422
|switch|p2a: Annihilape|Annihilape, L50, F|100/100
|turn|6
|
|t:|1786139441
|move|p1a: Sylveon|Detect|p1a: Sylveon
|-singleturn|p1a: Sylveon|Protect
|move|p2a: Annihilape|Close Combat|p1a: Sylveon
|-activate|p1a: Sylveon|move: Protect
|move|p2b: Charizard|Heat Wave|p1a: Sylveon
|-activate|p1a: Sylveon|move: Protect
|
|upkeep
|turn|7
|inactive|oapals121 has 30 seconds left.
|inactive|oapals121 has 20 seconds left.
|inactive|oapals121 has 15 seconds left.
|inactive|oapals121 has 10 seconds left.
|inactive|oapals121 has 5 seconds left.
|
|t:|1786139494
|move|p1a: Sylveon|Quick Attack|p2a: Annihilape
|-supereffective|p2a: Annihilape|1
|-damage|p2a: Annihilape|66/100
|move|p2a: Annihilape|Close Combat|p1a: Sylveon
|-resisted|p1a: Sylveon|1
|-damage|p1a: Sylveon|0 fnt
|-unboost|p2a: Annihilape|def|1
|-unboost|p2a: Annihilape|spd|1
|faint|p1a: Sylveon
|
|win|fatlittlechuddy
||fatlittlechuddy is ready for game 3.
|inactive|oapals121 has 30 seconds to confirm battle start!
|inactive|oapals121 has 20 seconds to confirm battle start!
|inactive|oapals121 has 10 seconds to confirm battle start!
||oapals121 is ready for game 3.
|uhtml|next|Next: Game 3 of 3
|l|☆fatlittlechuddy
|player|p2|
