|j|☆edwarthdf
|j|☆Zengikk
|html|edwarthdfZengikk    
|uhtml|bestof|Game 2 of a best-of-3
|t:|1756676253
|gametype|doubles
|player|p1|edwarthdf|acetrainer-gen4dp|1090
|player|p2|Zengikk|giovanni|1112
|gen|9
|tier|[Gen 9] VGC 2025 Reg H (Bo3)
|rated|
|rule|Species Clause: Limit one of each Pokémon
|rule|Item Clause: Limit 1 of each item
|clearpoke
|poke|p1|Gholdengo, L50|
|poke|p1|Sneasler, L50, F|
|poke|p1|Rillaboom, L50, M|
|poke|p1|Ninetales-Alola, L50, F|
|poke|p1|Dragonite, L50, M|
|poke|p1|Arcanine-Hisui, L50, M|
|poke|p2|Sneasler, L50, F|
|poke|p2|Dragapult, L50, M|
|poke|p2|Primarina, L50, F|
|poke|p2|Rillaboom, L50, M|
|poke|p2|Kingambit, L50, M|
|poke|p2|Magmar, L50, M|
|teampreview|4
|showteam|p1|Gholdengo||GrassySeed|GoodasGold|NastyPlot,MakeItRain,ShadowBall,Protect||||||50|,,,,,Water]Sneasler||WhiteHerb|Unburden|CloseCombat,DireClaw,Coaching,Protect|||F|||50|,,,,,Ghost]Rillaboom||AssaultVest|GrassySurge|FakeOut,GrassyGlide,DrumBeating,HighHorsepower|||M|||50|,,,,,Fire]Ninetales-Alola||FocusSash|SnowWarning|Blizzard,IcyWind,Encore,AuroraVeil|||F|||50|,,,,,Ghost]Dragonite||LoadedDice|Multiscale|ScaleShot,StompingTantrum,Tailwind,Protect|||M|||50|,,,,,Ground]Arcanine-Hisui||ClearAmulet|Intimidate|RockSlide,FlareBlitz,ExtremeSpeed,Protect|||M|||50|,,,,,Water
|showteam|p2|Sneasler||FocusSash|PoisonTouch|CloseCombat,DireClaw,FakeOut,Protect|||F|||50|,,,,,Stellar]Dragapult||ChoiceBand|ClearBody|DragonDarts,TeraBlast,PhantomForce,Uturn|||M|||50|,,,,,Ghost]Primarina||SitrusBerry|LiquidVoice|HyperVoice,Moonblast,Haze,Protect|||F|||50|,,,,,Water]Rillaboom||AssaultVest|GrassySurge|WoodHammer,GrassyGlide,HighHorsepower,FakeOut|||M|||50|,,,,,Fire]Kingambit||BlackGlasses|Defiant|KowtowCleave,SuckerPunch,SwordsDance,Protect|||M|||50|,,,,,Ghost]Magmar||Eviolite|VitalSpirit|Overheat,WillOWisp,FollowMe,Protect|||M|||50|,,,,,Ghost
|inactive|Battle timer is ON: inactive players will automatically lose when time's up. (requested by edwarthdf)
|
|t:|1756676275
|teamsize|p1|4
|teamsize|p2|4
|start
|switch|p1a: Ninetales|Ninetales-Alola, L50, F, shiny|100/100
|switch|p1b: Arcanine|Arcanine-Hisui, L50, M, shiny|100/100
|switch|p2a: Sneasler|Sneasler, L50, F|100/100
|switch|p2b: Dragapult|Dragapult, L50, M|100/100
|-weather|Snowscape|[from] ability: Snow Warning|[of] p1a: Ninetales
|-ability|p1b: Arcanine|Intimidate|boost
|-unboost|p2a: Sneasler|atk|1
|-fail|p2b: Dragapult|unboost|[from] ability: Clear Body|[of] p2b: Dragapult
|turn|1
|inactive|Zengikk has 30 seconds left.
|inactive|edwarthdf has 30 seconds left.
|
|t:|1756676309
|switch|p2a: Magmar|Magmar, L50, M|100/100
|move|p2b: Dragapult|U-turn|p1a: Ninetales
|-resisted|p1a: Ninetales
|-damage|p1a: Ninetales|82/100
|
|t:|1756676317
|switch|p2b: Sneasler|Sneasler, L50, F|100/100|[from] U-turn
|move|p1a: Ninetales|Aurora Veil|p1a: Ninetales
|-sidestart|p1: edwarthdf|move: Aurora Veil
|move|p1b: Arcanine|Flare Blitz|p2a: Magmar
|-resisted|p2a: Magmar
|-damage|p2a: Magmar|77/100
|-damage|p1b: Arcanine|93/100|[from] Recoil
|
|-weather|Snowscape|[upkeep]
|upkeep
|turn|2
|inactive|edwarthdf has 30 seconds left.
|
|t:|1756676347
|switch|p1a: Gholdengo|Gholdengo, L50|100/100
|move|p1b: Arcanine|Extreme Speed|p2b: Sneasler
|-damage|p2b: Sneasler|53/100
|move|p2b: Sneasler|Dire Claw|p1b: Arcanine
|-resisted|p1b: Arcanine
|-damage|p1b: Arcanine|77/100
|move|p2a: Magmar|Overheat|p1a: Gholdengo
|-supereffective|p1a: Gholdengo
|-damage|p1a: Gholdengo|40/100
|-unboost|p2a: Magmar|spa|2
|
|-weather|Snowscape|[upkeep]
|upkeep
|turn|3
|inactive|edwarthdf has 30 seconds left.
|inactive|Zengikk has 30 seconds left.
|
|t:|1756676381
|move|p1a: Gholdengo|Protect|p1a: Gholdengo
|-singleturn|p1a: Gholdengo|Protect
|move|p2a: Magmar|Follow Me|p2a: Magmar
|-singleturn|p2a: Magmar|move: Follow Me
|move|p2b: Sneasler|Dire Claw|p1b: Arcanine
|-resisted|p1b: Arcanine
|-damage|p1b: Arcanine|57/100
|-status|p1b: Arcanine|slp
|cant|p1b: Arcanine|slp
|
|-weather|Snowscape|[upkeep]
|upkeep
|turn|4
|
|t:|1756676400
|switch|p1b: Rillaboom|Rillaboom, L50, M, shiny|100/100
|-fieldstart|move: Grassy Terrain|[from] ability: Grassy Surge|[of] p1b: Rillaboom
|-enditem|p1a: Gholdengo|Grassy Seed
|-boost|p1a: Gholdengo|def|1|[from] item: Grassy Seed
|-terastallize|p1a: Gholdengo|Water
|move|p2b: Sneasler|Dire Claw|p1b: Rillaboom
|-supereffective|p1b: Rillaboom
|-damage|p1b: Rillaboom|47/100
|-status|p1b: Rillaboom|par
|move|p1a: Gholdengo|Make It Rain|p2b: Sneasler|[spread] p2a,p2b
|-resisted|p2a: Magmar
|-damage|p2a: Magmar|58/100
|-damage|p2b: Sneasler|0 fnt
|-unboost|p1a: Gholdengo|spa|1
|faint|p2b: Sneasler
|move|p2a: Magmar|Overheat|p1a: Gholdengo
|-resisted|p1a: Gholdengo
|-crit|p1a: Gholdengo
|-damage|p1a: Gholdengo|0 fnt
|-unboost|p2a: Magmar|spa|2
|faint|p1a: Gholdengo
|
|-weather|Snowscape|[upkeep]
|-heal|p2a: Magmar|64/100|[from] Grassy Terrain
|-heal|p1b: Rillaboom|53/100 par|[from] Grassy Terrain
|upkeep
|inactive|edwarthdf has 30 seconds left.
|inactive|Zengikk has 30 seconds left.
|
|t:|1756676428
|switch|p2b: Kingambit|Kingambit, L50, M|100/100
|switch|p1a: Arcanine|Arcanine-Hisui, L50, M, shiny|57/100 slp
|-ability|p1a: Arcanine|Intimidate|boost
|-unboost|p2a: Magmar|atk|1
|-unboost|p2b: Kingambit|atk|1
|-ability|p2b: Kingambit|Defiant|boost
|-boost|p2b: Kingambit|atk|2
|turn|5
|
|t:|1756676442
|-terastallize|p2b: Kingambit|Ghost
|move|p2a: Magmar|Protect|p2a: Magmar
|-singleturn|p2a: Magmar|Protect
|move|p1b: Rillaboom|Fake Out|p2b: Kingambit
|-immune|p2b: Kingambit
|-curestatus|p1a: Arcanine|slp|[msg]
|move|p1a: Arcanine|Flare Blitz|p2b: Kingambit
|-damage|p2b: Kingambit|55/100
|-status|p2b: Kingambit|brn
|-damage|p1a: Arcanine|40/100|[from] Recoil
|move|p2b: Kingambit|Swords Dance|p2b: Kingambit
|-boost|p2b: Kingambit|atk|2
|
|-weather|none
|-heal|p1a: Arcanine|46/100|[from] Grassy Terrain
|-heal|p2a: Magmar|70/100|[from] Grassy Terrain
|-heal|p1b: Rillaboom|59/100 par|[from] Grassy Terrain
|-heal|p2b: Kingambit|61/100 brn|[from] Grassy Terrain
|-damage|p2b: Kingambit|55/100 brn|[from] brn
|-sideend|p1: edwarthdf|move: Aurora Veil
|upkeep
|turn|6
|
|t:|1756676467
|switch|p1a: Ninetales|Ninetales-Alola, L50, F, shiny|82/100
|-weather|Snowscape|[from] ability: Snow Warning|[of] p1a: Ninetales
|move|p2b: Kingambit|Sucker Punch||[still]
|-fail|p2b: Kingambit
|move|p2a: Magmar|Overheat|p1b: Rillaboom
|-supereffective|p1b: Rillaboom
|-damage|p1b: Rillaboom|29/100 par
|-unboost|p2a: Magmar|spa|2
|cant|p1b: Rillaboom|par
|
|-weather|Snowscape|[upkeep]
|-heal|p1a: Ninetales|88/100|[from] Grassy Terrain
|-heal|p2a: Magmar|75/100|[from] Grassy Terrain
|-heal|p1b: Rillaboom|35/100 par|[from] Grassy Terrain
|-heal|p2b: Kingambit|61/100 brn|[from] Grassy Terrain
|-damage|p2b: Kingambit|55/100 brn|[from] brn
|upkeep
|turn|7
|
|t:|1756676491
|move|p2a: Magmar|Follow Me|p2a: Magmar
|-singleturn|p2a: Magmar|move: Follow Me
|move|p1a: Ninetales|Aurora Veil|p1a: Ninetales
|-sidestart|p1: edwarthdf|move: Aurora Veil
|cant|p1b: Rillaboom|par
|move|p2b: Kingambit|Kowtow Cleave|p1a: Ninetales
|-resisted|p1a: Ninetales
|-damage|p1a: Ninetales|64/100
|
|-weather|Snowscape|[upkeep]
|-heal|p1a: Ninetales|70/100|[from] Grassy Terrain
|-heal|p2a: Magmar|81/100|[from] Grassy Terrain
|-heal|p1b: Rillaboom|41/100 par|[from] Grassy Terrain
|-heal|p2b: Kingambit|61/100 brn|[from] Grassy Terrain
|-damage|p2b: Kingambit|55/100 brn|[from] brn
|upkeep
|turn|8
|
|t:|1756676510
|move|p2b: Kingambit|Protect|p2b: Kingambit
|-singleturn|p2b: Kingambit|Protect
|move|p1a: Ninetales|Blizzard|p2a: Magmar|[spread] p2a
|-activate|p2b: Kingambit|move: Protect
|-resisted|p2a: Magmar
|-damage|p2a: Magmar|69/100
|move|p2a: Magmar|Will-O-Wisp|p1a: Ninetales
|-status|p1a: Ninetales|brn
|move|p1b: Rillaboom|High Horsepower|p2a: Magmar
|-supereffective|p2a: Magmar
|-damage|p2a: Magmar|23/100
|
|-weather|Snowscape|[upkeep]
|-heal|p1a: Ninetales|76/100 brn|[from] Grassy Terrain
|-heal|p2a: Magmar|28/100|[from] Grassy Terrain
|-heal|p1b: Rillaboom|47/100 par|[from] Grassy Terrain
|-heal|p2b: Kingambit|61/100 brn|[from] Grassy Terrain
|-damage|p1a: Ninetales|70/100 brn|[from] brn
|-damage|p2b: Kingambit|55/100 brn|[from] brn
|-fieldend|move: Grassy Terrain
|upkeep
|turn|9
|inactive|edwarthdf has 30 seconds left.
|inactive|Zengikk has 30 seconds left.
|
|t:|1756676541
|move|p1a: Ninetales|Blizzard|p2a: Magmar|[spread] p2a,p2b
|-resisted|p2a: Magmar
|-damage|p2a: Magmar|17/100
|-damage|p2b: Kingambit|25/100 brn
|move|p2a: Magmar|Overheat|p1b: Rillaboom
|-supereffective|p1b: Rillaboom
|-damage|p1b: Rillaboom|32/100 par
|move|p1b: Rillaboom|Drum Beating|p2b: Kingambit
|-damage|p2b: Kingambit|0 fnt
|faint|p2b: Kingambit
|
|-weather|Snowscape|[upkeep]
|-damage|p1a: Ninetales|64/100 brn|[from] brn
|upkeep
|
|t:|1756676555
|switch|p2b: Dragapult|Dragapult, L50, M|100/100
|turn|10
|
|t:|1756676572
|switch|p1b: Arcanine|Arcanine-Hisui, L50, M, shiny|46/100
|-ability|p1b: Arcanine|Intimidate|boost
|-unboost|p2a: Magmar|atk|1
|-fail|p2b: Dragapult|unboost|[from] ability: Clear Body|[of] p2b: Dragapult
|move|p2a: Magmar|Protect|p2a: Magmar
|-singleturn|p2a: Magmar|Protect
|move|p2b: Dragapult|Phantom Force||[still]
|-prepare|p2b: Dragapult|Phantom Force
|move|p1a: Ninetales|Blizzard|p2a: Magmar|[spread] 
|-miss|p1a: Ninetales|p2b: Dragapult
|-activate|p2a: Magmar|move: Protect
|
|-weather|none
|-damage|p1a: Ninetales|58/100 brn|[from] brn
|upkeep
|turn|11
|inactive|edwarthdf has 30 seconds left.
|
|t:|1756676599
|move|p2a: Magmar|Follow Me|p2a: Magmar
|-singleturn|p2a: Magmar|move: Follow Me
|move|p2b: Dragapult|Phantom Force|p1a: Ninetales|[from] lockedmove
|-crit|p1a: Ninetales
|-damage|p1a: Ninetales|0 fnt
|faint|p1a: Ninetales
|move|p1b: Arcanine|Rock Slide|p2a: Magmar|[spread] p2b
|-miss|p1b: Arcanine|p2a: Magmar
|-damage|p2b: Dragapult|64/100
|
|-sideend|p1: edwarthdf|move: Aurora Veil
|upkeep
|
|t:|1756676611
|switch|p1a: Rillaboom|Rillaboom, L50, M, shiny|32/100 par
|-fieldstart|move: Grassy Terrain|[from] ability: Grassy Surge|[of] p1a: Rillaboom
|turn|12
|inactive|edwarthdf has 30 seconds left.
|inactive|edwarthdf has 20 seconds left.
|
|t:|1756676651
|move|p2a: Magmar|Follow Me|p2a: Magmar
|-singleturn|p2a: Magmar|move: Follow Me
|move|p2b: Dragapult|Phantom Force||[still]
|-prepare|p2b: Dragapult|Phantom Force
|move|p1b: Arcanine|Rock Slide|p2a: Magmar|[spread] p2a
|-miss|p1b: Arcanine|p2b: Dragapult
|-supereffective|p2a: Magmar
|-damage|p2a: Magmar|0 fnt
|faint|p2a: Magmar
|move|p1a: Rillaboom|High Horsepower|p2b: Dragapult|[miss]
|-miss|p1a: Rillaboom|p2b: Dragapult
|
|-heal|p1b: Arcanine|51/100|[from] Grassy Terrain
|-heal|p1a: Rillaboom|38/100 par|[from] Grassy Terrain
|upkeep
|turn|13
|inactive|edwarthdf has 30 seconds left.
|
|t:|1756676677
|move|p2b: Dragapult|Phantom Force|p1b: Arcanine|[from] lockedmove
|-damage|p1b: Arcanine|0 fnt
|faint|p1b: Arcanine
|move|p1a: Rillaboom|Drum Beating|p2b: Dragapult
|-resisted|p2b: Dragapult
|-damage|p2b: Dragapult|32/100
|
|-heal|p2b: Dragapult|39/100|[from] Grassy Terrain
|-heal|p1a: Rillaboom|43/100 par|[from] Grassy Terrain
|upkeep
|turn|14
|
|t:|1756676688
|cant|p1a: Rillaboom|par
|move|p2b: Dragapult|Phantom Force||[still]
|-prepare|p2b: Dragapult|Phantom Force
|
|-heal|p1a: Rillaboom|49/100 par|[from] Grassy Terrain
|upkeep
|turn|15
|
|t:|1756676701
|move|p2b: Dragapult|Phantom Force|p1a: Rillaboom|[from] lockedmove
|-damage|p1a: Rillaboom|0 fnt
|faint|p1a: Rillaboom
|
|win|Zengikk
|raw|edwarthdf's rating: 1090 → 1068(-22 for losing)
|raw|Zengikk's rating: 1112 → 1135(+23 for winning)
