|j|☆lolgz
|j|☆Arahelis
|html|lolgzArahelis    
|uhtml|bestof|Game 1 of a best-of-3
|t:|1783510695
|gametype|doubles
|player|p1|lolgz|dawn|1090
|player|p2|Arahelis|sailor|1019
|gen|9
|tier|[Gen 9 Champions] VGC 2026 Reg M-B (Bo3)
|rated|
|rule|Species Clause: Limit one of each Pokémon
|rule|Item Clause: Limit 1 of each item
|clearpoke
|poke|p1|Scrafty, L50, M|
|poke|p1|Vivillon, L50, M|
|poke|p1|Incineroar, L50, F|
|poke|p1|Sinistcha, L50|
|poke|p1|Kingambit, L50, M|
|poke|p1|Delphox, L50, M|
|poke|p2|Dragalge, L50, F|
|poke|p2|Scrafty, L50, M|
|poke|p2|Arcanine, L50, M|
|poke|p2|Delphox, L50, F|
|poke|p2|Sinistcha-Masterpiece, L50|
|poke|p2|Krookodile, L50, F|
|teampreview|4
|showteam|p1|Scrafty||Scraftinite|Intimidate|DrainPunch,KnockOff,Protect,DragonDance|Jolly||M|||50|]Vivillon||ChoiceScarf|CompoundEyes|SleepPowder,Hurricane,RagePowder,Tailwind|Timid||M|||50|]Incineroar||PasshoBerry|Intimidate|PartingShot,FakeOut,ThroatChop,FlareBlitz|Careful||F|||50|]Sinistcha||KasibBerry|Hospitality|MatchaGotcha,RagePowder,TrickRoom,Protect|Serious|||||50|]Kingambit||BlackGlasses|Defiant|SuckerPunch,KowtowCleave,Protect,SwordsDance|Adamant||M|||50|]Delphox||Delphoxite|Blaze|HeatWave,Psychic,Protect,NastyPlot|Timid||M|||50|
|showteam|p2|Dragalge||Dragalgite|PoisonPoint|Scald,ToxicSpikes,Toxic,Protect|Calm||F|||50|]Scrafty||SitrusBerry|Intimidate|FakeOut,KnockOff,Roar,QuickGuard|Careful||M|||50|]Arcanine||Charcoal|Intimidate|FlareBlitz,ExtremeSpeed,Snarl,Protect|Adamant||M|||50|]Delphox||Delphoxite|Blaze|Overheat,Psychic,ScorchingSands,Protect|Timid||F|||50|]Sinistcha-Masterpiece||Leftovers|Hospitality|MatchaGotcha,StrengthSap,Hex,LifeDew|Calm|||||50|]Krookodile||FocusSash|Intimidate|HighHorsepower,CloseCombat,ThroatChop,Protect|Jolly||F|||50|
|inactive|Battle timer is ON: inactive players will automatically lose when time's up. (requested by lolgz)
|
|t:|1783510709
|teamsize|p1|4
|teamsize|p2|4
|start
|switch|p1a: Vivillon|Vivillon, L50, M|100/100
|switch|p1b: Delphox|Delphox, L50, M|100/100
|switch|p2a: Toxicity|Dragalge, L50, F|100/100
|switch|p2b: Mesmerize|Scrafty, L50, M|100/100
|-ability|p2b: Mesmerize|Intimidate|boost
|-unboost|p1a: Vivillon|atk|1
|-unboost|p1b: Delphox|atk|1
|turn|1
|inactive|lolgz has 30 seconds left.
|
|t:|1783510734
|detailschange|p1b: Delphox|Delphox-Mega, L50, M
|-mega|p1b: Delphox|Delphox|Delphoxite
|detailschange|p2a: Toxicity|Dragalge-Mega, L50, F
|-mega|p2a: Toxicity|Dragalge|Dragalgite
|move|p2b: Mesmerize|Fake Out|p1a: Vivillon
|-damage|p1a: Vivillon|87/100
|cant|p1a: Vivillon|flinch
|move|p1b: Delphox|Nasty Plot|p1b: Delphox
|-boost|p1b: Delphox|spa|2
|move|p2a: Toxicity|Scald|p1b: Delphox
|-supereffective|p1b: Delphox|1
|-damage|p1b: Delphox|62/100
|
|upkeep
|turn|2
|
|t:|1783510757
|switch|p2a: Prison System|Krookodile, L50, F|100/100
|-ability|p2a: Prison System|Intimidate|boost
|-unboost|p1a: Vivillon|atk|1
|-unboost|p1b: Delphox|atk|1
|move|p1a: Vivillon|Sleep Powder|p2b: Mesmerize
|-status|p2b: Mesmerize|slp|[from] move: Sleep Powder
|move|p1b: Delphox|Psychic|p2a: Prison System
|-immune|p2a: Prison System
|cant|p2b: Mesmerize|slp
|
|upkeep
|turn|3
|
|t:|1783510770
|move|p1a: Vivillon|Sleep Powder|p2a: Prison System
|-status|p2a: Prison System|slp|[from] move: Sleep Powder
|move|p1b: Delphox|Heat Wave|p2a: Prison System|[spread] p2a,p2b
|-enditem|p2a: Prison System|Focus Sash
|-damage|p2a: Prison System|1/100 slp
|-damage|p2b: Mesmerize|41/100 slp
|-enditem|p2b: Mesmerize|Sitrus Berry|[eat]
|-heal|p2b: Mesmerize|66/100 slp|[from] item: Sitrus Berry
|cant|p2a: Prison System|slp
|-curestatus|p2b: Mesmerize|slp|[msg]
|move|p2b: Mesmerize|Knock Off|p1b: Delphox
|-supereffective|p1b: Delphox|1
|-damage|p1b: Delphox|11/100
|
|upkeep
|turn|4
|
|t:|1783510792
|switch|p2a: Toxicity|Dragalge-Mega, L50, F|100/100
|move|p1a: Vivillon|Sleep Powder|p2b: Mesmerize
|-status|p2b: Mesmerize|slp|[from] move: Sleep Powder
|move|p1b: Delphox|Heat Wave|p2b: Mesmerize|[spread] p2a,p2b
|-resisted|p2a: Toxicity|1
|-damage|p2a: Toxicity|79/100
|-damage|p2b: Mesmerize|10/100 slp
|cant|p2b: Mesmerize|slp
|
|upkeep
|turn|5
|inactive|Arahelis has 30 seconds left.
|
|t:|1783510824
|switch|p2b: Dreaming|Sinistcha-Masterpiece, L50|100/100
|-heal|p2a: Toxicity|100/100|[from] ability: Hospitality|[of] p2b: Dreaming
|move|p1a: Vivillon|Sleep Powder|p2a: Toxicity
|-status|p2a: Toxicity|slp|[from] move: Sleep Powder
|move|p1b: Delphox|Heat Wave|p2a: Toxicity|[spread] p2a,p2b
|-resisted|p2a: Toxicity|1
|-supereffective|p2b: Dreaming|1
|-damage|p2a: Toxicity|80/100 slp
|-damage|p2b: Dreaming|0 fnt
|faint|p2b: Dreaming
|cant|p2a: Toxicity|slp
|
|upkeep
|-message|Arahelis forfeited.
|
|win|lolgz
