|j|☆chochitos gustar
|j|☆sandy ghost 5
|html|chochitos gustarsandy ghost 5    
|uhtml|bestof|Game 1 of a best-of-3
|t:|1756985962
|gametype|doubles
|player|p1|chochitos gustar|rosa|1285
|player|p2|sandy ghost 5|baker|1330
|gen|9
|tier|[Gen 9] VGC 2025 Reg H (Bo3)
|rated|
|rule|Species Clause: Limit one of each Pokémon
|rule|Item Clause: Limit 1 of each item
|clearpoke
|poke|p1|Grimmsnarl, L50, M|
|poke|p1|Annihilape, L50, F|
|poke|p1|Maushold, L50|
|poke|p1|Rillaboom, L50, M|
|poke|p1|Volcarona, L50, F|
|poke|p1|Ninetales-Alola, L50, M|
|poke|p2|Tyranitar, L50, F|
|poke|p2|Excadrill, L50, M|
|poke|p2|Sinistcha-Masterpiece, L50|
|poke|p2|Salamence, L50, F|
|poke|p2|Blaziken, L50, F|
|poke|p2|Bruxish, L50, M|
|teampreview|4
|showteam|p1|Grimmsnarl||LightClay|Prankster|SpiritBreak,ThunderWave,Reflect,LightScreen|||M|||50|,,,,,Ghost]Annihilape||Leftovers|Defiant|DrainPunch,RageFist,BulkUp,Protect|||F|||50|,,,,,Fire]Maushold||SafetyGoggles|FriendGuard|BeatUp,FollowMe,Taunt,Protect||||||50|,,,,,Ghost]Rillaboom||MeadowPlate|GrassySurge|FakeOut,GrassyGlide,WoodHammer,HighHorsepower|||M|||50|,,,,,Fire]Volcarona||GrassySeed|FlameBody|QuiverDance,GigaDrain,HeatWave,Protect|||F|||50|,,,,,Grass]Ninetales-Alola||FocusSash|SnowWarning|Blizzard,Encore,Moonblast,Protect|||M|||50|,,,,,Steel
|showteam|p2|Tyranitar||ClearAmulet|SandStream|RockSlide,KnockOff,DragonDance,Protect|||F|||50|,,,,,Grass]Excadrill||AssaultVest|SandRush|Earthquake,IronHead,HighHorsepower,RockSlide|||M|||50|,,,,,Ghost]Sinistcha-Masterpiece||SitrusBerry|Hospitality|ShadowBall,MatchaGotcha,RagePowder,Protect||||||50|,,,,,Dark]Salamence||LifeOrb|Intimidate|DracoMeteor,AirSlash,Protect,Tailwind|||F|||50|,,,,,Ghost]Blaziken||CovertCloak|SpeedBoost|AuraSphere,HeatWave,Coaching,WillOWisp|||F|||50|,,,,,Dragon]Bruxish||ChoiceScarf|Dazzling|PsychicFangs,FlipTurn,WaveCrash,SuperFang|||M|||50|,,,,,Water
|
|t:|1756986031
|teamsize|p1|4
|teamsize|p2|4
|start
|switch|p1a: Annihilape|Annihilape, L50, F|100/100
|switch|p1b: Grimmsnarl|Grimmsnarl, L50, M|100/100
|switch|p2a: Excadrill|Excadrill, L50, M|100/100
|switch|p2b: Blaziken|Blaziken, L50, F|100/100
|turn|1
|
|t:|1756986059
|-terastallize|p1a: Annihilape|Fire
|move|p1b: Grimmsnarl|Reflect|p1b: Grimmsnarl
|-sidestart|p1: chochitos gustar|Reflect
|move|p1a: Annihilape|Bulk Up|p1a: Annihilape
|-boost|p1a: Annihilape|atk|1
|-boost|p1a: Annihilape|def|1
|move|p2b: Blaziken|Will-O-Wisp|p1a: Annihilape
|-immune|p1a: Annihilape
|move|p2a: Excadrill|Iron Head|p1b: Grimmsnarl
|-supereffective|p1b: Grimmsnarl
|-damage|p1b: Grimmsnarl|49/100
|
|-ability|p2b: Blaziken|Speed Boost|boost
|-boost|p2b: Blaziken|spe|1
|upkeep
|turn|2
|
|t:|1756986090
|-terastallize|p2a: Excadrill|Ghost
|move|p2b: Blaziken|Coaching|p2a: Excadrill
|-boost|p2a: Excadrill|atk|1
|-boost|p2a: Excadrill|def|1
|move|p1a: Annihilape|Drain Punch|p2a: Excadrill
|-immune|p2a: Excadrill
|move|p2a: Excadrill|High Horsepower|p1a: Annihilape
|-supereffective|p1a: Annihilape
|-damage|p1a: Annihilape|30/100
|move|p1b: Grimmsnarl|Spirit Break|p2b: Blaziken
|-damage|p2b: Blaziken|59/100
|
|-heal|p1a: Annihilape|36/100|[from] item: Leftovers
|-ability|p2b: Blaziken|Speed Boost|boost
|-boost|p2b: Blaziken|spe|1
|upkeep
|turn|3
|
|t:|1756986110
|move|p1b: Grimmsnarl|Thunder Wave|p2b: Blaziken
|-status|p2b: Blaziken|par
|move|p1a: Annihilape|Rage Fist|p2a: Excadrill
|-supereffective|p2a: Excadrill
|-crit|p2a: Excadrill
|-damage|p2a: Excadrill|0 fnt
|faint|p2a: Excadrill
|move|p2b: Blaziken|Coaching|p2: Excadrill|[notarget]
|-fail|p2b: Blaziken
|
|-heal|p1a: Annihilape|42/100|[from] item: Leftovers
|-ability|p2b: Blaziken|Speed Boost|boost
|-boost|p2b: Blaziken|spe|1
|upkeep
|
|t:|1756986124
|switch|p2a: Salamence|Salamence, L50, F|100/100
|-ability|p2a: Salamence|Intimidate|boost
|-unboost|p1a: Annihilape|atk|1
|-ability|p1a: Annihilape|Defiant|boost
|-boost|p1a: Annihilape|atk|2
|-unboost|p1b: Grimmsnarl|atk|1
|turn|4
|
|t:|1756986154
|move|p1b: Grimmsnarl|Thunder Wave|p2a: Salamence
|-status|p2a: Salamence|par
|move|p2b: Blaziken|Aura Sphere|p1a: Annihilape
|-damage|p1a: Annihilape|11/100
|move|p1a: Annihilape|Rage Fist|p2a: Salamence
|-damage|p2a: Salamence|0 fnt
|faint|p2a: Salamence
|
|-heal|p1a: Annihilape|17/100|[from] item: Leftovers
|-ability|p2b: Blaziken|Speed Boost|boost
|-boost|p2b: Blaziken|spe|1
|upkeep
|
|t:|1756986164
|switch|p2a: Tyranitar|Tyranitar, L50, F|100/100
|-weather|Sandstorm|[from] ability: Sand Stream|[of] p2a: Tyranitar
|turn|5
|
|t:|1756986178
|move|p1b: Grimmsnarl|Light Screen|p1b: Grimmsnarl
|-sidestart|p1: chochitos gustar|move: Light Screen
|cant|p2b: Blaziken|par
|move|p1a: Annihilape|Drain Punch|p2a: Tyranitar
|-supereffective|p2a: Tyranitar
|-damage|p2a: Tyranitar|0 fnt
|-heal|p1a: Annihilape|57/100|[from] drain|[of] p2a: Tyranitar
|faint|p2a: Tyranitar
|
|-weather|Sandstorm|[upkeep]
|-damage|p2b: Blaziken|53/100 par|[from] Sandstorm
|-damage|p1a: Annihilape|51/100|[from] Sandstorm
|-damage|p1b: Grimmsnarl|43/100|[from] Sandstorm
|-heal|p1a: Annihilape|57/100|[from] item: Leftovers
|-ability|p2b: Blaziken|Speed Boost|boost
|-boost|p2b: Blaziken|spe|1
|upkeep
|turn|6
|c|☆sandy ghost 5|gg
|
|t:|1756986191
|cant|p2b: Blaziken|par
|move|p1a: Annihilape|Rage Fist|p2b: Blaziken
|-damage|p2b: Blaziken|0 fnt
|faint|p2b: Blaziken
|
|win|chochitos gustar
||chochitos gustar is ready for game 2.
||sandy ghost 5 is ready for game 2.
|uhtml|next|Next: Game 2 of 3
