|j|☆RaikuDraco
|j|☆LastHorzion
|html|RaikuDracoLastHorzion    
|uhtml|bestof|Game 3 of a best-of-3
|t:|1757119087
|gametype|doubles
|player|p1|RaikuDraco|drake-gen3|1217
|player|p2|LastHorzion|steven|1324
|gen|9
|tier|[Gen 9] VGC 2025 Reg H (Bo3)
|rated|
|rule|Species Clause: Limit one of each Pokémon
|rule|Item Clause: Limit 1 of each item
|clearpoke
|poke|p1|Archaludon, L50, M|
|poke|p1|Sinistcha-Masterpiece, L50|
|poke|p1|Dragonite, L50, F|
|poke|p1|Pelipper, L50, M|
|poke|p1|Ursaluna, L50, M|
|poke|p1|Gholdengo, L50|
|poke|p2|Sneasler, L50, M|
|poke|p2|Indeedee, L50, M|
|poke|p2|Ursaluna-Bloodmoon, L50, M|
|poke|p2|Electabuzz, L50, M|
|poke|p2|Tyranitar, L50, M|
|poke|p2|Dragapult, L50, F|
|teampreview|4
|showteam|p1|Archaludon||AssaultVest|Stamina|BodyPress,Snarl,ElectroShot,FlashCannon|||M|||50|,,,,,Fighting]Sinistcha-Masterpiece||SitrusBerry|Hospitality|MatchaGotcha,RagePowder,TrickRoom,LifeDew||||||50|,,,,,Dark]Dragonite||LoadedDice|Multiscale|ScaleShot,Protect,Tailwind,Haze|||F|||50|,,,,,Steel]Pelipper||FocusSash|Drizzle|WeatherBall,Hurricane,Tailwind,Protect|||M|||50|,,,,,Ground]Ursaluna||FlameOrb|Guts|Facade,HeadlongRush,Earthquake,Protect|||M|||50|,,,,,Ghost]Gholdengo||ChoiceScarf|GoodasGold|MakeItRain,TeraBlast,ShadowBall,Trick||||||50|,,,,,Water
|showteam|p2|Sneasler||PsychicSeed|Unburden|CloseCombat,DireClaw,ThroatChop,Protect|||M|||50|,,,,,Dark]Indeedee||FocusSash|PsychicSurge|ExpandingForce,TrickRoom,Imprison,Protect|||M|||50|,,,,,Psychic]Ursaluna-Bloodmoon||LifeOrb|MindsEye|BloodMoon,HyperVoice,EarthPower,Protect|||M|||50|,,,,,Normal]Electabuzz||Eviolite|VitalSpirit|Electroweb,FollowMe,Taunt,Protect|||M|||50|,,,,,Dragon]Tyranitar||AssaultVest|SandStream|KnockOff,TeraBlast,RockSlide,LowKick|||M|||50|,,,,,Flying]Dragapult||ChoiceBand|ClearBody|DragonDarts,Uturn,PhantomForce,Outrage|||F|||50|,,,,,Dragon
|inactive|Battle timer is ON: inactive players will automatically lose when time's up. (requested by RaikuDraco)
|inactive|LastHorzion also wants the timer to be on.
|inactive|RaikuDraco has 60 seconds left.
|
|t:|1757119137
|teamsize|p1|4
|teamsize|p2|4
|start
|switch|p1a: Dragonite|Dragonite, L50, F|100/100
|switch|p1b: Gholdengo|Gholdengo, L50|100/100
|switch|p2a: Tyranitar|Tyranitar, L50, M|100/100
|switch|p2b: Sneasler|Sneasler, L50, M|100/100
|-weather|Sandstorm|[from] ability: Sand Stream|[of] p2a: Tyranitar
|turn|1
|inactive|RaikuDraco has 30 seconds left.
|inactive|LastHorzion has 30 seconds left.
|inactive|RaikuDraco has 20 seconds left.
|
|t:|1757119175
|move|p2b: Sneasler|Protect|p2b: Sneasler
|-singleturn|p2b: Sneasler|Protect
|move|p1b: Gholdengo|Make It Rain|p2a: Tyranitar|[spread] p2a
|-activate|p2b: Sneasler|move: Protect
|-supereffective|p2a: Tyranitar
|-damage|p2a: Tyranitar|59/100
|-unboost|p1b: Gholdengo|spa|1
|move|p1a: Dragonite|Scale Shot|p2a: Tyranitar|[miss]
|-miss|p1a: Dragonite|p2a: Tyranitar
|move|p2a: Tyranitar|Knock Off|p1b: Gholdengo
|-supereffective|p1b: Gholdengo
|-damage|p1b: Gholdengo|0 fnt
|-enditem|p1b: Gholdengo|Choice Scarf|[from] move: Knock Off|[of] p2a: Tyranitar
|faint|p1b: Gholdengo
|
|-weather|Sandstorm|[upkeep]
|-damage|p2b: Sneasler|95/100|[from] Sandstorm
|-damage|p1a: Dragonite|95/100|[from] Sandstorm
|upkeep
|inactive|RaikuDraco has 30 seconds left.
|
|t:|1757119204
|switch|p1b: Archaludon|Archaludon, L50, M|100/100
|turn|2
|inactive|LastHorzion has 30 seconds left.
|inactive|LastHorzion has 20 seconds left.
|
|t:|1757119243
|switch|p2b: Indeedee|Indeedee, L50, M|100/100
|-fieldstart|move: Psychic Terrain|[from] ability: Psychic Surge|[of] p2b: Indeedee
|-terastallize|p1b: Archaludon|Fighting
|move|p1a: Dragonite|Scale Shot|p2b: Indeedee
|-damage|p2b: Indeedee|69/100
|-damage|p2b: Indeedee|38/100
|-damage|p2b: Indeedee|9/100
|-damage|p2b: Indeedee|0 fnt
|faint|p2b: Indeedee
|-hitcount|p2: Indeedee|4
|-unboost|p1a: Dragonite|def|1
|-boost|p1a: Dragonite|spe|1
|move|p1b: Archaludon|Body Press|p2a: Tyranitar
|-supereffective|p2a: Tyranitar
|-damage|p2a: Tyranitar|0 fnt
|faint|p2a: Tyranitar
|
|-weather|Sandstorm|[upkeep]
|-damage|p1a: Dragonite|89/100|[from] Sandstorm
|-damage|p1b: Archaludon|94/100|[from] Sandstorm
|upkeep
|
|t:|1757119255
|switch|p2b: Dragapult|Dragapult, L50, F, shiny|100/100
|switch|p2a: Sneasler|Sneasler, L50, M|95/100
|-enditem|p2a: Sneasler|Psychic Seed
|-boost|p2a: Sneasler|spd|1|[from] item: Psychic Seed
|turn|3
|inactive|RaikuDraco has 30 seconds left.
|inactive|RaikuDraco has 20 seconds left.
|
|t:|1757119291
|-terastallize|p2b: Dragapult|Dragon
|move|p2a: Sneasler|Dire Claw|p1a: Dragonite
|-damage|p1a: Dragonite|11/100
|-status|p1a: Dragonite|slp
|cant|p1a: Dragonite|slp
|move|p2b: Dragapult|Dragon Darts|p1a: Dragonite
|-supereffective|p1a: Dragonite
|-crit|p1a: Dragonite
|-damage|p1a: Dragonite|0 fnt
|-anim|p2b: Dragapult|Dragon Darts|p1b: Archaludon
|-damage|p1b: Archaludon|59/100
|-ability|p1b: Archaludon|Stamina|boost
|-boost|p1b: Archaludon|def|1
|faint|p1a: Dragonite
|move|p1b: Archaludon|Snarl|p2b: Dragapult|[spread] p2a,p2b
|-resisted|p2a: Sneasler
|-damage|p2a: Sneasler|90/100
|-damage|p2b: Dragapult|85/100
|-unboost|p2a: Sneasler|spa|1
|
|-weather|Sandstorm|[upkeep]
|-damage|p2a: Sneasler|84/100|[from] Sandstorm
|-damage|p2b: Dragapult|79/100|[from] Sandstorm
|-damage|p1b: Archaludon|53/100|[from] Sandstorm
|upkeep
|
|t:|1757119312
|switch|p1a: Pelipper|Pelipper, L50, M|100/100
|-weather|RainDance|[from] ability: Drizzle|[of] p1a: Pelipper
|turn|4
|inactive|RaikuDraco has 30 seconds left.
|inactive|LastHorzion has 30 seconds left.
|inactive|RaikuDraco has 20 seconds left.
|
|t:|1757119350
|move|p2a: Sneasler|Close Combat|p1b: Archaludon
|-damage|p1b: Archaludon|21/100
|-unboost|p2a: Sneasler|def|1
|-unboost|p2a: Sneasler|spd|1
|-ability|p1b: Archaludon|Stamina|boost
|-boost|p1b: Archaludon|def|1
|move|p2b: Dragapult|Dragon Darts|p1a: Pelipper
|-damage|p1a: Pelipper|31/100
|-anim|p2b: Dragapult|Dragon Darts|p1b: Archaludon
|-damage|p1b: Archaludon|4/100
|-ability|p1b: Archaludon|Stamina|boost
|-boost|p1b: Archaludon|def|1
|move|p1a: Pelipper|Tailwind|p1a: Pelipper
|-sidestart|p1: RaikuDraco|move: Tailwind
|move|p1b: Archaludon|Electro Shot||[still]
|-prepare|p1b: Archaludon|Electro Shot
|-boost|p1b: Archaludon|spa|1
|-anim|p1b: Archaludon|Electro Shot|p2a: Sneasler
|-damage|p2a: Sneasler|10/100
|
|-weather|RainDance|[upkeep]
|upkeep
|turn|5
|inactive|RaikuDraco has 30 seconds left.
|
|t:|1757119382
|move|p2a: Sneasler|Close Combat|p1b: Archaludon
|-damage|p1b: Archaludon|0 fnt
|-unboost|p2a: Sneasler|def|1
|-unboost|p2a: Sneasler|spd|1
|faint|p1b: Archaludon
|move|p1a: Pelipper|Weather Ball|p2a: Sneasler
|-damage|p2a: Sneasler|0 fnt
|faint|p2a: Sneasler
|move|p2b: Dragapult|Dragon Darts|p1a: Pelipper
|-damage|p1a: Pelipper|0 fnt
|faint|p1a: Pelipper
|
|win|LastHorzion
|raw|RaikuDraco's rating: 1217 → 1199(-18 for losing)
|raw|LastHorzion's rating: 1324 → 1338(+14 for winning)
|l|☆LastHorzion
|player|p2|
