|j|☆MazapanAzteca
|j|☆jar55
|html|MazapanAztecajar55    
|uhtml|bestof|Game 2 of a best-of-3
|t:|1756765340
|gametype|doubles
|player|p1|MazapanAzteca|ingo|1130
|player|p2|jar55|bugsy|1055
|gen|9
|tier|[Gen 9] VGC 2025 Reg H (Bo3)
|rated|
|rule|Species Clause: Limit one of each Pokémon
|rule|Item Clause: Limit 1 of each item
|clearpoke
|poke|p1|Dragonite, L50, F|
|poke|p1|Sneasler, L50, M|
|poke|p1|Gholdengo, L50|
|poke|p1|Rillaboom, L50, F|
|poke|p1|Arcanine-Hisui, L50, M|
|poke|p1|Ninetales-Alola, L50, M|
|poke|p2|Smeargle, L50, M|
|poke|p2|Gothitelle, L50, M|
|poke|p2|Volcarona, L50, M|
|poke|p2|Annihilape, L50, M|
|poke|p2|Gholdengo, L50|
|poke|p2|Ursaluna, L50, M|
|teampreview|4
|showteam|p1|Dragonite||LoadedDice|Multiscale|ScaleShot,StompingTantrum,Protect,Tailwind|||F|||50|,,,,,Ground]Sneasler||WhiteHerb|Unburden|CloseCombat,DireClaw,Protect,Coaching|||M|||50|,,,,,Ghost]Gholdengo||GrassySeed|GoodasGold|MakeItRain,ShadowBall,Protect,NastyPlot||||||50|,,,,,Water]Rillaboom||AssaultVest|GrassySurge|DrumBeating,GrassyGlide,HighHorsepower,FakeOut|||F|||50|,,,,,Fire]Arcanine-Hisui||ClearAmulet|Intimidate|FlareBlitz,RockSlide,ExtremeSpeed,Protect|||M|||50|,,,,,Water]Ninetales-Alola||FocusSash|SnowWarning|Blizzard,IcyWind,Encore,AuroraVeil|||M|||50|,,,,,Ghost
|showteam|p2|Smeargle||FocusSash|Moody|FakeOut,Spore,PerishSong,PartingShot|||M|||50|,,,,,Ghost]Gothitelle||SitrusBerry|ShadowTag|FakeOut,Taunt,TrickRoom,Protect|||M|||50|,,,,,Dark]Volcarona||Leftovers|FlameBody|FieryDance,GigaDrain,QuiverDance,Protect|||M|||50|,,,,,Grass]Annihilape||SafetyGoggles|Defiant|RageFist,CloseCombat,FinalGambit,Protect|||M|||50|,,,,,Normal]Gholdengo||LifeOrb|GoodasGold|MakeItRain,ShadowBall,NastyPlot,Protect||||||50|,,,,,Water]Ursaluna||FlameOrb|Guts|Facade,HeadlongRush,Earthquake,Protect|||M|||50|,,,,,Ghost
|inactive|Battle timer is ON: inactive players will automatically lose when time's up. (requested by jar55)
|inactive|MazapanAzteca has 60 seconds left.
|inactive|jar55 has 60 seconds left.
|inactive|MazapanAzteca has 30 seconds left.
|inactive|MazapanAzteca has 20 seconds left.
|inactive|MazapanAzteca has 15 seconds left.
|inactive|MazapanAzteca has 10 seconds left.
|inactive|MazapanAzteca has 5 seconds left.
|
|t:|1756765429
|teamsize|p1|4
|teamsize|p2|4
|start
|switch|p1a: Gholdengo|Gholdengo, L50|100/100
|switch|p1b: Ninetales|Ninetales-Alola, L50, M|100/100
|switch|p2a: Smeargle|Smeargle, L50, M|100/100
|switch|p2b: Volcarona|Volcarona, L50, M|100/100
|-weather|Snowscape|[from] ability: Snow Warning|[of] p1b: Ninetales
|turn|1
|inactive|MazapanAzteca has 30 seconds left.
|inactive|jar55 has 30 seconds left.
|inactive|MazapanAzteca has 20 seconds left.
|inactive|jar55 has 20 seconds left.
|inactive|jar55 has 15 seconds left.
|inactive|jar55 has 10 seconds left.
|
|t:|1756765478
|switch|p1a: Arcanine|Arcanine-Hisui, L50, M|100/100
|-ability|p1a: Arcanine|Intimidate|boost
|-unboost|p2a: Smeargle|atk|1
|-unboost|p2b: Volcarona|atk|1
|switch|p2b: Gothitelle|Gothitelle, L50, M|100/100
|-terastallize|p1b: Ninetales|Ghost
|move|p1b: Ninetales|Icy Wind|p2a: Smeargle|[spread] p2b
|-miss|p1b: Ninetales|p2a: Smeargle
|-damage|p2b: Gothitelle|90/100
|-unboost|p2b: Gothitelle|spe|1
|move|p2a: Smeargle|Perish Song|p2a: Smeargle
|-start|p1a: Arcanine|perish3|[silent]
|-start|p1b: Ninetales|perish3|[silent]
|-start|p2a: Smeargle|perish3|[silent]
|-start|p2b: Gothitelle|perish3|[silent]
|-fieldactivate|move: Perish Song
|
|-weather|Snowscape|[upkeep]
|-start|p1b: Ninetales|perish3
|-start|p1a: Arcanine|perish3
|-start|p2a: Smeargle|perish3
|-start|p2b: Gothitelle|perish3
|-ability|p2a: Smeargle|Moody|boost
|-boost|p2a: Smeargle|atk|2
|-unboost|p2a: Smeargle|spa|1
|upkeep
|turn|2
|inactive|MazapanAzteca has 30 seconds left.
|inactive|jar55 has 30 seconds left.
|inactive|MazapanAzteca has 20 seconds left.
|inactive|jar55 has 20 seconds left.
|inactive|MazapanAzteca has 15 seconds left.
|inactive|MazapanAzteca has 10 seconds left.
|
|t:|1756765524
|move|p2b: Gothitelle|Fake Out|p1a: Arcanine
|-resisted|p1a: Arcanine
|-damage|p1a: Arcanine|98/100
|move|p1b: Ninetales|Encore|p2a: Smeargle
|-start|p2a: Smeargle|Encore
|cant|p1a: Arcanine|flinch
|move|p2a: Smeargle|Perish Song||[still]
|-fail|p2a: Smeargle
|
|-weather|Snowscape|[upkeep]
|-start|p1b: Ninetales|perish2
|-start|p1a: Arcanine|perish2
|-start|p2a: Smeargle|perish2
|-start|p2b: Gothitelle|perish2
|-ability|p2a: Smeargle|Moody|boost
|-boost|p2a: Smeargle|spd|2
|-unboost|p2a: Smeargle|atk|1
|upkeep
|turn|3
|inactive|jar55 has 30 seconds left.
|inactive|jar55 has 20 seconds left.
|inactive|jar55 has 15 seconds left.
|
|t:|1756765568
|switch|p2a: Ursaluna|Ursaluna, L50, M|100/100
|move|p1b: Ninetales|Aurora Veil|p1b: Ninetales
|-sidestart|p1: MazapanAzteca|move: Aurora Veil
|move|p1a: Arcanine|Flare Blitz|p2b: Gothitelle
|-damage|p2b: Gothitelle|33/100
|-enditem|p2b: Gothitelle|Sitrus Berry|[eat]
|-heal|p2b: Gothitelle|58/100|[from] item: Sitrus Berry
|-damage|p1a: Arcanine|78/100|[from] Recoil
|move|p2b: Gothitelle|Trick Room|p2b: Gothitelle
|-fieldstart|move: Trick Room|[of] p2b: Gothitelle
|
|-weather|Snowscape|[upkeep]
|-start|p2b: Gothitelle|perish1
|-start|p1a: Arcanine|perish1
|-start|p1b: Ninetales|perish1
|-status|p2a: Ursaluna|brn|[from] item: Flame Orb
|upkeep
|turn|4
|
|t:|1756765593
|switch|p2b: Smeargle|Smeargle, L50, M|100/100
|move|p2a: Ursaluna|Protect|p2a: Ursaluna
|-singleturn|p2a: Ursaluna|Protect
|move|p1a: Arcanine|Extreme Speed|p2a: Ursaluna
|-activate|p2a: Ursaluna|move: Protect
|move|p1b: Ninetales|Encore||[still]
|-fail|p1b: Ninetales
|
|-weather|Snowscape|[upkeep]
|-damage|p2a: Ursaluna|95/100 brn|[from] brn
|-start|p1a: Arcanine|perish0
|-start|p1b: Ninetales|perish0
|faint|p1a: Arcanine
|faint|p1b: Ninetales
|-ability|p2b: Smeargle|Moody|boost
|-boost|p2b: Smeargle|spd|2
|-unboost|p2b: Smeargle|def|1
|upkeep
|
|t:|1756765596
|switch|p1a: Rillaboom|Rillaboom, L50, F|100/100
|switch|p1b: Gholdengo|Gholdengo, L50|100/100
|-fieldstart|move: Grassy Terrain|[from] ability: Grassy Surge|[of] p1a: Rillaboom
|-enditem|p1b: Gholdengo|Grassy Seed
|-boost|p1b: Gholdengo|def|1|[from] item: Grassy Seed
|turn|5
|inactive|jar55 has 30 seconds left.
|inactive|jar55 has 20 seconds left.
|inactive|jar55 has 15 seconds left.
|inactive|jar55 has 10 seconds left.
|inactive|jar55 has 5 seconds left.
|
|t:|1756765649
|move|p2b: Smeargle|Fake Out|p1a: Rillaboom
|-crit|p1a: Rillaboom
|-damage|p1a: Rillaboom|92/100
|cant|p1a: Rillaboom|flinch
|move|p2a: Ursaluna|Earthquake|p1b: Gholdengo|[spread] p2b,p1a,p1b
|-resisted|p1a: Rillaboom
|-supereffective|p1b: Gholdengo
|-enditem|p2b: Smeargle|Focus Sash
|-damage|p2b: Smeargle|1/100
|-damage|p1a: Rillaboom|81/100
|-damage|p1b: Gholdengo|71/100
|move|p1b: Gholdengo|Nasty Plot|p1b: Gholdengo
|-boost|p1b: Gholdengo|spa|2
|
|-weather|none
|-heal|p2a: Ursaluna|100/100 brn|[from] Grassy Terrain
|-heal|p1b: Gholdengo|78/100|[from] Grassy Terrain
|-heal|p2b: Smeargle|7/100|[from] Grassy Terrain
|-heal|p1a: Rillaboom|87/100|[from] Grassy Terrain
|-damage|p2a: Ursaluna|95/100 brn|[from] brn
|-ability|p2b: Smeargle|Moody|boost
|-boost|p2b: Smeargle|spe|2
|-unboost|p2b: Smeargle|def|1
|upkeep
|turn|6
|inactive|jar55 has 30 seconds left.
|
|t:|1756765679
|move|p2a: Ursaluna|Protect|p2a: Ursaluna
|-singleturn|p2a: Ursaluna|Protect
|move|p1a: Rillaboom|Grassy Glide|p2a: Ursaluna
|-activate|p2a: Ursaluna|move: Protect
|move|p1b: Gholdengo|Make It Rain|p2a: Ursaluna|[spread] p2b
|-activate|p2a: Ursaluna|move: Protect
|-damage|p2b: Smeargle|0 fnt
|-unboost|p1b: Gholdengo|spa|1
|faint|p2b: Smeargle
|
|-heal|p2a: Ursaluna|100/100 brn|[from] Grassy Terrain
|-heal|p1b: Gholdengo|84/100|[from] Grassy Terrain
|-heal|p1a: Rillaboom|93/100|[from] Grassy Terrain
|-damage|p2a: Ursaluna|95/100 brn|[from] brn
|upkeep
|
|t:|1756765693
|switch|p2b: Volcarona|Volcarona, L50, M|100/100
|turn|7
|-message|MazapanAzteca forfeited.
|
|win|jar55
||MazapanAzteca is ready for game 3.
||jar55 is ready for game 3.
|uhtml|next|Next: Game 3 of 3
|l|☆jar55
|player|p2|
