|j|☆RonJohn
|j|☆meekmatt
|html|RonJohnmeekmatt    
|uhtml|bestof|Game 1 of a best-of-3
|t:|1756151378
|gametype|doubles
|player|p1|RonJohn|1|1070
|player|p2|meekmatt|265|1145
|gen|9
|tier|[Gen 9] VGC 2025 Reg H (Bo3)
|rated|
|rule|Species Clause: Limit one of each Pokémon
|rule|Item Clause: Limit 1 of each item
|clearpoke
|poke|p1|Sneasler, L50, F|
|poke|p1|Gholdengo, L50|
|poke|p1|Dragonite, L50, F|
|poke|p1|Ursaluna-Bloodmoon, L50, M|
|poke|p1|Amoonguss, L50, M|
|poke|p1|Incineroar, L50, M|
|poke|p2|Whimsicott, L50, M|
|poke|p2|Annihilape, L50, M|
|poke|p2|Typhlosion-Hisui, L50, F|
|poke|p2|Lilligant-Hisui, L50, F|
|poke|p2|Incineroar, L50, F|
|poke|p2|Gholdengo, L50|
|teampreview|4
|showteam|p1|Sneasler||WhiteHerb|Unburden|CloseCombat,ThroatChop,DireClaw,Protect|||F|||50|,,,,,Stellar]Gholdengo||LifeOrb|GoodasGold|MakeItRain,ShadowBall,NastyPlot,Protect||||||50|,,,,,Water]Dragonite||LoadedDice|Multiscale|ScaleShot,Tailwind,Haze,Protect|||F|||50|,,,,,Fairy]Ursaluna-Bloodmoon||AssaultVest|MindsEye|VacuumWave,EarthPower,HyperVoice,BloodMoon|||M|||50|,,,,,Water]Amoonguss||SitrusBerry|Regenerator|PollenPuff,Spore,Protect,RagePowder|||M|||50|,,,,,Psychic]Incineroar||SafetyGoggles|Intimidate|FlareBlitz,KnockOff,FakeOut,PartingShot|||M|||50|,,,,,Ghost
|showteam|p2|Whimsicott||CovertCloak|Prankster|Moonblast,Tailwind,Taunt,SunnyDay|||M|||50|,,,,,Fairy]Annihilape||FocusSash|Defiant|FinalGambit,CloseCombat,RageFist,Protect|||M|||50|,,,,,Grass]Typhlosion-Hisui||ChoiceSpecs|Blaze|Eruption,HeatWave,ShadowBall,Overheat|||F|||50|,,,,,Fire]Lilligant-Hisui||HeavyDutyBoots|Chlorophyll|HelpingHand,AfterYou,CloseCombat,Encore|||F|||50|,,,,,Fighting]Incineroar||SafetyGoggles|Intimidate|FakeOut,HelpingHand,FlareBlitz,KnockOff|||F|||50|,,,,,Ghost]Gholdengo||LifeOrb|GoodasGold|MakeItRain,Protect,ShadowBall,DazzlingGleam||||||50|,,,,,Fairy
|inactive|Battle timer is ON: inactive players will automatically lose when time's up. (requested by RonJohn)
|inactive|RonJohn has 60 seconds left.
|
|t:|1756151412
|teamsize|p1|4
|teamsize|p2|4
|start
|switch|p1a: Dragonite|Dragonite, L50, F|100/100
|switch|p1b: Incineroar|Incineroar, L50, M|100/100
|switch|p2a: Lovely Bastards|Whimsicott, L50, M|100/100
|switch|p2b: Monkey|Annihilape, L50, M|100/100
|-ability|p1b: Incineroar|Intimidate|boost
|-unboost|p2a: Lovely Bastards|atk|1
|-unboost|p2b: Monkey|atk|1
|-ability|p2b: Monkey|Defiant|boost
|-boost|p2b: Monkey|atk|2
|turn|1
|inactive|meekmatt has 30 seconds left.
|
|t:|1756151441
|move|p2a: Lovely Bastards|Taunt|p1a: Dragonite
|-start|p1a: Dragonite|move: Taunt
|move|p2b: Monkey|Close Combat|p1b: Incineroar
|-supereffective|p1b: Incineroar
|-damage|p1b: Incineroar|0 fnt
|-unboost|p2b: Monkey|def|1
|-unboost|p2b: Monkey|spd|1
|faint|p1b: Incineroar
|move|p1a: Dragonite|Scale Shot|p2b: Monkey
|-damage|p2b: Monkey|76/100
|-damage|p2b: Monkey|48/100
|-damage|p2b: Monkey|20/100
|-damage|p2b: Monkey|0 fnt
|faint|p2b: Monkey
|-hitcount|p2: Monkey|4
|-unboost|p1a: Dragonite|def|1
|-boost|p1a: Dragonite|spe|1
|
|upkeep
|
|t:|1756151462
|switch|p2b: Hot Dog|Typhlosion-Hisui, L50, F|100/100
|switch|p1b: Gholdengo|Gholdengo, L50|100/100
|turn|2
|
|t:|1756151474
|-terastallize|p2b: Hot Dog|Fire
|-terastallize|p1b: Gholdengo|Water
|move|p2a: Lovely Bastards|Tailwind|p2a: Lovely Bastards
|-sidestart|p2: meekmatt|move: Tailwind
|move|p2b: Hot Dog|Eruption|p1b: Gholdengo|[spread] p1a,p1b
|-resisted|p1a: Dragonite
|-resisted|p1b: Gholdengo
|-damage|p1a: Dragonite|71/100
|-damage|p1b: Gholdengo|34/100
|move|p1a: Dragonite|Scale Shot|p2b: Hot Dog
|-damage|p2b: Hot Dog|78/100
|-damage|p2b: Hot Dog|56/100
|-damage|p2b: Hot Dog|33/100
|-damage|p2b: Hot Dog|13/100
|-crit|p2b: Hot Dog
|-damage|p2b: Hot Dog|0 fnt
|faint|p2b: Hot Dog
|-hitcount|p2: Hot Dog|5
|-unboost|p1a: Dragonite|def|1
|-boost|p1a: Dragonite|spe|1
|move|p1b: Gholdengo|Make It Rain|p2a: Lovely Bastards
|-supereffective|p2a: Lovely Bastards
|-damage|p2a: Lovely Bastards|0 fnt
|-unboost|p1b: Gholdengo|spa|1
|faint|p2a: Lovely Bastards
|-damage|p1b: Gholdengo|24/100|[from] item: Life Orb
|
|upkeep
|
|t:|1756151499
|switch|p2b: Golden Gun|Gholdengo, L50|100/100
|turn|3
|inactive|RonJohn has 30 seconds left.
|
|t:|1756151531
|move|p1b: Gholdengo|Protect|p1b: Gholdengo
|-singleturn|p1b: Gholdengo|Protect
|move|p2b: Golden Gun|Dazzling Gleam|p1a: Dragonite|[spread] p1a
|-activate|p1b: Gholdengo|move: Protect
|-supereffective|p1a: Dragonite
|-damage|p1a: Dragonite|12/100
|-damage|p2b: Golden Gun|91/100|[from] item: Life Orb
|move|p1a: Dragonite|Scale Shot|p2b: Golden Gun
|-resisted|p2b: Golden Gun
|-damage|p2b: Golden Gun|81/100
|-resisted|p2b: Golden Gun
|-damage|p2b: Golden Gun|72/100
|-resisted|p2b: Golden Gun
|-damage|p2b: Golden Gun|64/100
|-resisted|p2b: Golden Gun
|-damage|p2b: Golden Gun|55/100
|-resisted|p2b: Golden Gun
|-damage|p2b: Golden Gun|46/100
|-hitcount|p2b: Golden Gun|5
|-unboost|p1a: Dragonite|def|1
|-boost|p1a: Dragonite|spe|1
|
|-end|p1a: Dragonite|move: Taunt
|upkeep
|turn|4
|inactive|RonJohn has 30 seconds left.
|
|t:|1756151557
|move|p1a: Dragonite|Tailwind|p1a: Dragonite
|-sidestart|p1: RonJohn|move: Tailwind
|move|p2b: Golden Gun|Make It Rain|p1a: Dragonite|[spread] p1a,p1b
|-resisted|p1b: Gholdengo
|-damage|p1a: Dragonite|0 fnt
|-damage|p1b: Gholdengo|0 fnt
|-unboost|p2b: Golden Gun|spa|1
|faint|p1a: Dragonite
|faint|p1b: Gholdengo
|-damage|p2b: Golden Gun|36/100|[from] item: Life Orb
|
|upkeep
|
|t:|1756151572
|switch|p1b: Ursaluna|Ursaluna-Bloodmoon, L50, M|100/100
|turn|5
|
|t:|1756151579
|move|p2b: Golden Gun|Make It Rain|p1b: Ursaluna
|-crit|p1b: Ursaluna
|-damage|p1b: Ursaluna|16/100
|-unboost|p2b: Golden Gun|spa|1
|-damage|p2b: Golden Gun|26/100|[from] item: Life Orb
|move|p1b: Ursaluna|Earth Power|p2b: Golden Gun
|-supereffective|p2b: Golden Gun
|-damage|p2b: Golden Gun|0 fnt
|faint|p2b: Golden Gun
|
|win|RonJohn
||meekmatt is ready for game 2.
|inactive|RonJohn has 30 seconds to confirm battle start!
|c|☆RonJohn|how did you outspeed my Gholdengo tho?
|inactive|RonJohn has 20 seconds to confirm battle start!
