|j|☆Shanky26
|j|☆Lrobie
|html|Shanky26Lrobie    
|uhtml|bestof|Game 2 of a best-of-3
|t:|1783806322
|gametype|doubles
|player|p1|Shanky26|2|
|player|p2|Lrobie|1|
|gen|9
|tier|[Gen 9 Champions] VGC 2026 Reg M-B (Bo3)
|rule|Species Clause: Limit one of each Pokémon
|rule|Item Clause: Limit 1 of each item
|clearpoke
|poke|p1|Gengar, L50, F, shiny|
|poke|p1|Incineroar, L50, F|
|poke|p1|Sableye, L50, M, shiny|
|poke|p1|Kommo-o, L50, F|
|poke|p1|Meowscarada, L50, F|
|poke|p1|Heliolisk, L50, M|
|poke|p2|Whimsicott, L50, M|
|poke|p2|Archaludon, L50, F|
|poke|p2|Basculegion, L50, M|
|poke|p2|Raichu, L50, M|
|poke|p2|Staraptor, L50, F|
|poke|p2|Charizard, L50, F|
|teampreview|4
|showteam|p1|Gengar||Gengarite|CursedBody|Protect,ShadowBall,PerishSong,Disable|Modest||F|||50|]Incineroar||ChopleBerry|Intimidate|Protect,FakeOut,PartingShot,FlareBlitz|Relaxed||F|||50|]Sableye||FocusSash|Prankster|Protect,FakeOut,Quash,Swagger|Impish||M|||50|]Kommo-o||HabanBerry|Soundproof|Protect,CloseCombat,PoisonJab,IcePunch|Jolly||F|||50|]Meowscarada||ChoiceScarf|Protean|TripleAxel,FlowerTrick,Uturn,KnockOff|Adamant||F|||50|]Heliolisk||LifeOrb|DrySkin|HyperVoice,VoltSwitch,Thunderbolt,Protect|Timid||M|||50|
|showteam|p2|Whimsicott||FocusSash|Prankster|Tailwind,Moonblast,Encore,Protect|Timid||M|||50|]Archaludon||Leftovers|Stamina|ElectroShot,FlashCannon,Protect,DragonPulse|Modest||F|||50|]Basculegion||ChoiceScarf|Adaptability|LastRespects,AquaJet,WaveCrash,FlipTurn|Adamant||M|||50|]Raichu||ShucaBerry|LightningRod|FakeOut,Protect,ZapCannon,FocusBlast|Timid||M|||50|]Staraptor||Staraptite|Intimidate|CloseCombat,Protect,BraveBird,Roost|Serious||F|||50|]Charizard||CharizarditeX|Blaze|FlareBlitz,DragonClaw,Protect,ScorchingSands|Serious||F|||50|
|j| ZAMNZAPDOS
|
|t:|1783806415
|teamsize|p1|4
|teamsize|p2|4
|start
|switch|p1a: Gengar|Gengar, L50, F, shiny|100/100
|switch|p1b: Incineroar|Incineroar, L50, F|100/100
|switch|p2a: Whimsicott|Whimsicott, L50, M|100/100
|switch|p2b: Archaludon|Archaludon, L50, F|100/100
|-ability|p1b: Incineroar|Intimidate|boost
|-unboost|p2a: Whimsicott|atk|1
|-unboost|p2b: Archaludon|atk|1
|turn|1
|inactive|Battle timer is ON: inactive players will automatically lose when time's up. (requested by Shanky26)
|
|t:|1783806441
|detailschange|p1a: Gengar|Gengar-Mega, L50, F, shiny
|-mega|p1a: Gengar|Gengar|Gengarite
|move|p1b: Incineroar|Fake Out|p2b: Archaludon
|-resisted|p2b: Archaludon|1
|-damage|p2b: Archaludon|95/100
|-ability|p2b: Archaludon|Stamina|boost
|-boost|p2b: Archaludon|def|1
|move|p2a: Whimsicott|Tailwind|p2a: Whimsicott
|-sidestart|p2: Lrobie|move: Tailwind
|cant|p2b: Archaludon|flinch
|move|p1a: Gengar|Perish Song|p1a: Gengar
|-start|p1a: Gengar|perish3|[silent]
|-start|p1b: Incineroar|perish3|[silent]
|-start|p2a: Whimsicott|perish3|[silent]
|-start|p2b: Archaludon|perish3|[silent]
|-fieldactivate|move: Perish Song
|
|-heal|p2b: Archaludon|100/100|[from] item: Leftovers
|-start|p2a: Whimsicott|perish3
|-start|p2b: Archaludon|perish3
|-start|p1a: Gengar|perish3
|-start|p1b: Incineroar|perish3
|upkeep
|turn|2
|inactive|Lrobie has 30 seconds left.
|
|t:|1783806468
|move|p1a: Gengar|Protect|p1a: Gengar
|-singleturn|p1a: Gengar|Protect
|move|p1b: Incineroar|Protect|p1b: Incineroar
|-singleturn|p1b: Incineroar|Protect
|move|p2a: Whimsicott|Moonblast|p1b: Incineroar
|-activate|p1b: Incineroar|move: Protect
|move|p2b: Archaludon|Flash Cannon|p1a: Gengar
|-activate|p1a: Gengar|move: Protect
|
|-start|p2a: Whimsicott|perish2
|-start|p2b: Archaludon|perish2
|-start|p1a: Gengar|perish2
|-start|p1b: Incineroar|perish2
|upkeep
|turn|3
|inactive|Lrobie has 30 seconds left.
|
|t:|1783806501
|switch|p1a: Sableye|Sableye, L50, M, shiny|100/100
|move|p2a: Whimsicott|Encore|p1a: Sableye
|-hint|Since gen 7, Dark is immune to Prankster moves.
|-immune|p1a: Sableye
|move|p2b: Archaludon|Dragon Pulse|p1b: Incineroar
|-damage|p1b: Incineroar|62/100
|move|p1b: Incineroar|Parting Shot|p1a: Sableye
|-unboost|p1a: Sableye|atk|1
|-unboost|p1a: Sableye|spa|1
|
|t:|1783806510
|switch|p1b: Gengar|Gengar-Mega, L50, F, shiny|100/100|[from] Parting Shot
|
|-start|p2a: Whimsicott|perish1
|-start|p2b: Archaludon|perish1
|upkeep
|turn|4
|
|t:|1783806527
|move|p1a: Sableye|Protect|p1a: Sableye
|-singleturn|p1a: Sableye|Protect
|move|p1b: Gengar|Protect|p1b: Gengar
|-singleturn|p1b: Gengar|Protect
|move|p2a: Whimsicott|Moonblast|p1a: Sableye
|-activate|p1a: Sableye|move: Protect
|move|p2b: Archaludon|Dragon Pulse|p1a: Sableye
|-activate|p1a: Sableye|move: Protect
|
|-start|p2a: Whimsicott|perish0
|-start|p2b: Archaludon|perish0
|-sideend|p2: Lrobie|move: Tailwind
|faint|p2a: Whimsicott
|faint|p2b: Archaludon
|upkeep
|
|t:|1783806539
|switch|p2a: Staraptor|Staraptor, L50, F|100/100
|switch|p2b: Basculegion|Basculegion, L50, M|100/100
|-ability|p2a: Staraptor|Intimidate|boost
|-unboost|p1a: Sableye|atk|1
|-unboost|p1b: Gengar|atk|1
|turn|5
|inactive|Shanky26 has 30 seconds left.
|
|t:|1783806573
|detailschange|p2a: Staraptor|Staraptor-Mega, L50, F
|-mega|p2a: Staraptor|Staraptor|Staraptite
|move|p1a: Sableye|Quash|p2b: Basculegion
|-activate|p2b: Basculegion|move: Quash
|move|p1b: Gengar|Perish Song|p1b: Gengar
|-start|p1a: Sableye|perish3|[silent]
|-start|p1b: Gengar|perish3|[silent]
|-start|p2a: Staraptor|perish3|[silent]
|-start|p2b: Basculegion|perish3|[silent]
|-fieldactivate|move: Perish Song
|move|p2a: Staraptor|Brave Bird|p1b: Gengar
|-damage|p1b: Gengar|25/100
|-damage|p2a: Staraptor|74/100|[from] Recoil
|move|p2b: Basculegion|Last Respects|p1b: Gengar
|-supereffective|p1b: Gengar|1
|-damage|p1b: Gengar|0 fnt
|faint|p1b: Gengar
|
|-start|p2b: Basculegion|perish3
|-start|p2a: Staraptor|perish3
|-start|p1a: Sableye|perish3
|upkeep
|
|t:|1783806587
|switch|p1b: Incineroar|Incineroar, L50, F|62/100
|-ability|p1b: Incineroar|Intimidate|boost
|-boost|p2a: Staraptor|atk|1
|-unboost|p2b: Basculegion|atk|1
|turn|6
|
|t:|1783806606
|move|p1a: Sableye|Protect|p1a: Sableye
|-singleturn|p1a: Sableye|Protect
|move|p1b: Incineroar|Protect|p1b: Incineroar
|-singleturn|p1b: Incineroar|Protect
|move|p2b: Basculegion|Last Respects|p1a: Sableye
|-activate|p1a: Sableye|move: Protect
|move|p2a: Staraptor|Close Combat|p1b: Incineroar
|-activate|p1b: Incineroar|move: Protect
|
|-start|p2b: Basculegion|perish2
|-start|p2a: Staraptor|perish2
|-start|p1a: Sableye|perish2
|upkeep
|turn|7
|
|t:|1783806629
|move|p1a: Sableye|Swagger|p2a: Staraptor
|-unboost|p2a: Staraptor|atk|2
|-start|p2a: Staraptor|confusion
|move|p2b: Basculegion|Last Respects|p1a: Sableye
|-damage|p1a: Sableye|26/100
|-activate|p2a: Staraptor|confusion
|move|p2a: Staraptor|Close Combat|p1b: Incineroar
|-supereffective|p1b: Incineroar|1
|-enditem|p1b: Incineroar|Chople Berry|[eat]
|-enditem|p1b: Incineroar|Chople Berry|[weaken]
|-damage|p1b: Incineroar|28/100
|-boost|p2a: Staraptor|def|1
|-boost|p2a: Staraptor|spd|1
|move|p1b: Incineroar|Flare Blitz|p2a: Staraptor
|-damage|p2a: Staraptor|40/100
|-damage|p1b: Incineroar|19/100|[from] Recoil
|
|-start|p2b: Basculegion|perish1
|-start|p2a: Staraptor|perish1
|-start|p1a: Sableye|perish1
|upkeep
|turn|8
|inactive|Lrobie has 30 seconds left.
|
|t:|1783806654
|move|p1a: Sableye|Protect|p1a: Sableye
|-singleturn|p1a: Sableye|Protect
|move|p1b: Incineroar|Protect|p1b: Incineroar
|-singleturn|p1b: Incineroar|Protect
|move|p2b: Basculegion|Last Respects|p1a: Sableye
|-activate|p1a: Sableye|move: Protect
|-activate|p2a: Staraptor|confusion
|move|p2a: Staraptor|Close Combat|p1b: Incineroar
|-activate|p1b: Incineroar|move: Protect
|
|-start|p2b: Basculegion|perish0
|-start|p2a: Staraptor|perish0
|-start|p1a: Sableye|perish0
|faint|p2b: Basculegion
|faint|p2a: Staraptor
|faint|p1a: Sableye
|
|win|Shanky26
|inactive|Shanky26 has 30 seconds to confirm battle start!
|inactive|Lrobie has 30 seconds to confirm battle start!
||Shanky26 is ready for game 3.
||Lrobie is ready for game 3.
|uhtml|next|Next: Game 3 of 3
|l|☆Lrobie
|player|p2|
|l| ZAMNZAPDOS
