|j|☆SimonStork
|j|☆r00mservice7
|html|SimonStorkr00mservice7    
|uhtml|bestof|Game 1 of a best-of-3
|t:|1784641532
|gametype|doubles
|player|p1|SimonStork|266|1063
|player|p2|r00mservice7|1|1128
|gen|9
|tier|[Gen 9 Champions] VGC 2026 Reg M-B (Bo3)
|rated|
|rule|Species Clause: Limit one of each Pokémon
|rule|Item Clause: Limit 1 of each item
|clearpoke
|poke|p1|Basculegion, L50, M|
|poke|p1|Venusaur, L50, M|
|poke|p1|Grimmsnarl, L50, M|
|poke|p1|Pelipper, L50, M|
|poke|p1|Archaludon, L50, M|
|poke|p1|Charizard, L50, M|
|poke|p2|Staraptor, L50, M|
|poke|p2|Tyranitar, L50, M|
|poke|p2|Excadrill, L50, M|
|poke|p2|Gholdengo, L50|
|poke|p2|Milotic, L50, M|
|poke|p2|Tsareena, L50, F|
|teampreview|4
|showteam|p1|Basculegion||ChoiceScarf|Adaptability|WaveCrash,LastRespects,AquaJet,FlipTurn|Jolly||M|||50|]Venusaur||FocusSash|Overgrow|SludgeBomb,SolarBeam,SleepPowder,Protect|Timid||M|||50|]Grimmsnarl||LightClay|Prankster|Reflect,LightScreen,SpiritBreak,Taunt|Careful||M|||50|]Pelipper||WacanBerry|Drizzle|Hurricane,WeatherBall,Tailwind,Protect|Bold||M|||50|]Archaludon||Leftovers|Stamina|Snarl,FlashCannon,ElectroShot,Protect|Modest||M|||50|]Charizard||CharizarditeY|Blaze|HeatWave,SolarBeam,Protect,WeatherBall|Timid||M|||50|
|showteam|p2|Staraptor||Staraptite|Intimidate|BraveBird,CloseCombat,Tailwind,Protect|Jolly||M|||50|]Tyranitar||Tyranitarite|SandStream|RockSlide,KnockOff,DragonDance,Protect|Jolly||M|||50|]Excadrill||FocusSash|SandRush|HighHorsepower,IronHead,RockSlide,Protect|Adamant||M|||50|]Gholdengo||LifeOrb|GoodasGold|MakeItRain,ShadowBall,NastyPlot,Protect|Modest|||||50|]Milotic||SitrusBerry|Competitive|Scald,IcyWind,Haze,Protect|Calm||M|||50|]Tsareena||ExpertBelt|QueenlyMajesty|TropKick,LowKick,Taunt,Protect|Adamant||F|||50|
|inactive|Battle timer is ON: inactive players will automatically lose when time's up. (requested by SimonStork)
|inactive|r00mservice7 has 60 seconds left.
|
|t:|1784641570
|teamsize|p1|4
|teamsize|p2|4
|start
|switch|p1a: Venusaur|Venusaur, L50, M|100/100
|switch|p1b: Basculegion|Basculegion, L50, M|100/100
|switch|p2a: Tyranitar|Tyranitar, L50, M|100/100
|switch|p2b: Excadrill|Excadrill, L50, M|100/100
|-weather|Sandstorm|[from] ability: Sand Stream|[of] p2a: Tyranitar
|turn|1
|inactive|r00mservice7 has 30 seconds left.
|
|t:|1784641596
|switch|p2a: Staraptor|Staraptor, L50, M|100/100
|-ability|p2a: Staraptor|Intimidate|boost
|-unboost|p1a: Venusaur|atk|1
|-unboost|p1b: Basculegion|atk|1
|move|p2b: Excadrill|Iron Head|p1a: Venusaur
|-damage|p1a: Venusaur|31/100
|move|p1b: Basculegion|Flip Turn|p2a: Staraptor
|-damage|p2a: Staraptor|66/100
|
|t:|1784641608
|switch|p1b: Pelipper|Pelipper, L50, M|100/100|[from] Flip Turn
|-weather|RainDance|[from] ability: Drizzle|[of] p1b: Pelipper
|move|p1a: Venusaur|Sleep Powder|p2b: Excadrill
|-status|p2b: Excadrill|slp|[from] move: Sleep Powder
|
|-weather|RainDance|[upkeep]
|upkeep
|turn|2
|inactive|r00mservice7 has 30 seconds left.
|
|t:|1784641635
|move|p2a: Staraptor|Tailwind|p2a: Staraptor
|-sidestart|p2: r00mservice7|move: Tailwind
|cant|p2b: Excadrill|slp
|move|p1a: Venusaur|Sleep Powder|p2a: Staraptor
|-status|p2a: Staraptor|slp|[from] move: Sleep Powder
|move|p1b: Pelipper|Weather Ball|p2b: Excadrill
|-supereffective|p2b: Excadrill|1
|-enditem|p2b: Excadrill|Focus Sash
|-damage|p2b: Excadrill|1/100 slp
|
|-weather|RainDance|[upkeep]
|upkeep
|turn|3
|
|t:|1784641652
|cant|p2a: Staraptor|slp
|-curestatus|p2b: Excadrill|slp|[msg]
|move|p2b: Excadrill|Iron Head|p1a: Venusaur
|-damage|p1a: Venusaur|0 fnt
|faint|p1a: Venusaur
|move|p1b: Pelipper|Weather Ball|p2b: Excadrill
|-supereffective|p2b: Excadrill|1
|-damage|p2b: Excadrill|0 fnt
|faint|p2b: Excadrill
|
|-weather|RainDance|[upkeep]
|upkeep
|
|t:|1784641665
|switch|p1a: Basculegion|Basculegion, L50, M|100/100
|switch|p2b: Tyranitar|Tyranitar, L50, M|100/100
|-weather|Sandstorm|[from] ability: Sand Stream|[of] p2b: Tyranitar
|turn|4
|
|t:|1784641682
|switch|p2a: Gholdengo|Gholdengo, L50|100/100
|move|p2b: Tyranitar|Knock Off|p1a: Basculegion
|-supereffective|p1a: Basculegion|1
|-damage|p1a: Basculegion|0 fnt
|-enditem|p1a: Basculegion|Choice Scarf|[from] move: Knock Off|[of] p2b: Tyranitar
|faint|p1a: Basculegion
|move|p1b: Pelipper|Weather Ball|p2a: Gholdengo
|-resisted|p2a: Gholdengo|1
|-damage|p2a: Gholdengo|89/100
|
|-weather|Sandstorm|[upkeep]
|-damage|p1b: Pelipper|94/100|[from] Sandstorm
|upkeep
|
|t:|1784641695
|switch|p1a: Archaludon|Archaludon, L50, M|100/100
|turn|5
|
|t:|1784641718
|move|p1b: Pelipper|Protect|p1b: Pelipper
|-singleturn|p1b: Pelipper|Protect
|move|p2b: Tyranitar|Knock Off|p1b: Pelipper
|-activate|p1b: Pelipper|move: Protect
|move|p2a: Gholdengo|Shadow Ball|p1b: Pelipper
|-activate|p1b: Pelipper|move: Protect
|move|p1a: Archaludon|Snarl|p2a: Gholdengo|[spread] p2a,p2b
|-supereffective|p2a: Gholdengo|1
|-resisted|p2b: Tyranitar|1
|-damage|p2a: Gholdengo|61/100
|-damage|p2b: Tyranitar|95/100
|-unboost|p2a: Gholdengo|spa|1
|-unboost|p2b: Tyranitar|spa|1
|
|-weather|Sandstorm|[upkeep]
|-damage|p1b: Pelipper|88/100|[from] Sandstorm
|-sideend|p2: r00mservice7|move: Tailwind
|upkeep
|turn|6
|inactive|r00mservice7 has 30 seconds left.
|
|t:|1784641750
|move|p2b: Tyranitar|Knock Off|p1b: Pelipper
|-damage|p1b: Pelipper|53/100
|-enditem|p1b: Pelipper|Wacan Berry|[from] move: Knock Off|[of] p2b: Tyranitar
|move|p2a: Gholdengo|Shadow Ball|p1b: Pelipper
|-damage|p1b: Pelipper|2/100
|-damage|p2a: Gholdengo|52/100|[from] item: Life Orb
|move|p1a: Archaludon|Snarl|p2b: Tyranitar|[spread] p2a,p2b
|-supereffective|p2a: Gholdengo|1
|-resisted|p2b: Tyranitar|1
|-damage|p2a: Gholdengo|24/100
|-damage|p2b: Tyranitar|90/100
|-unboost|p2a: Gholdengo|spa|1
|-unboost|p2b: Tyranitar|spa|1
|move|p1b: Pelipper|Weather Ball|p2b: Tyranitar
|-damage|p2b: Tyranitar|76/100
|
|-weather|Sandstorm|[upkeep]
|-damage|p1b: Pelipper|0 fnt|[from] Sandstorm
|faint|p1b: Pelipper
|upkeep
|turn|7
|inactive|r00mservice7 has 30 seconds left.
|
|t:|1784641778
|switch|p2a: Staraptor|Staraptor, L50, M|66/100 slp
|-ability|p2a: Staraptor|Intimidate|boost
|-unboost|p1a: Archaludon|atk|1
|move|p2b: Tyranitar|Protect|p2b: Tyranitar
|-singleturn|p2b: Tyranitar|Protect
|move|p1a: Archaludon|Snarl|p2b: Tyranitar|[spread] p2a
|-activate|p2b: Tyranitar|move: Protect
|-damage|p2a: Staraptor|46/100 slp
|-unboost|p2a: Staraptor|spa|1
|
|-weather|Sandstorm|[upkeep]
|-damage|p2a: Staraptor|40/100 slp|[from] Sandstorm
|upkeep
|turn|8
|
|t:|1784641793
|detailschange|p2a: Staraptor|Staraptor-Mega, L50, M
|-mega|p2a: Staraptor|Staraptor|Staraptite
|-curestatus|p2a: Staraptor|slp|[msg]
|move|p2a: Staraptor|Close Combat|p1a: Archaludon
|-supereffective|p1a: Archaludon|1
|-damage|p1a: Archaludon|25/100
|-boost|p2a: Staraptor|def|1
|-boost|p2a: Staraptor|spd|1
|-ability|p1a: Archaludon|Stamina|boost
|-boost|p1a: Archaludon|def|1
|move|p2b: Tyranitar|Dragon Dance|p2b: Tyranitar
|-boost|p2b: Tyranitar|atk|1
|-boost|p2b: Tyranitar|spe|1
|move|p1a: Archaludon|Flash Cannon|p2a: Staraptor
|-damage|p2a: Staraptor|12/100
|
|-weather|none
|-heal|p1a: Archaludon|31/100|[from] item: Leftovers
|upkeep
|turn|9
|-message|SimonStork forfeited.
|
|win|r00mservice7
|l|☆SimonStork
|player|p1|
||SimonStork is ready for game 2.
||r00mservice7 is ready for game 2.
|uhtml|next|Next: Game 2 of 3
