|j|☆dabby-lite
|j|☆FrancoilCieco777
|html|dabby-liteFrancoilCieco777    
|uhtml|bestof|Game 3 of a best-of-3
|t:|1756228201
|gametype|doubles
|player|p1|dabby-lite|drayden|1170
|player|p2|FrancoilCieco777|baker|1052
|gen|9
|tier|[Gen 9] VGC 2025 Reg H (Bo3)
|rated|
|rule|Species Clause: Limit one of each Pokémon
|rule|Item Clause: Limit 1 of each item
|clearpoke
|poke|p1|Basculegion-F, L50, F|
|poke|p1|Politoed, L50, M|
|poke|p1|Gothitelle, L50, M|
|poke|p1|Incineroar, L50, F|
|poke|p1|Amoonguss, L50, F|
|poke|p1|Archaludon, L50, M|
|poke|p2|Arcanine, L50, M|
|poke|p2|Haxorus, L50, M|
|poke|p2|Sneasler, L50, F|
|poke|p2|Samurott-Hisui, L50, F|
|poke|p2|Gholdengo, L50|
|poke|p2|Amoonguss, L50, M|
|teampreview|4
|showteam|p1|Basculegion-F||LifeOrb|SwiftSwim|Protect,MuddyWater,ShadowBall,IceBeam|||F|||50|,,,,,Stellar]Politoed||Leftovers|Drizzle|Protect,WeatherBall,Encore,PerishSong|||M|||50|,,,,,Grass]Gothitelle||SitrusBerry|ShadowTag|Protect,Psychic,TrickRoom,FakeOut|||M|||50|,,,,,Dark]Incineroar||SafetyGoggles|Intimidate|Protect,KnockOff,PartingShot,FakeOut|||F|||50|,,,,,Ghost]Amoonguss||EjectButton|Regenerator|Protect,PollenPuff,RagePowder,Spore|||F|||50|,,,,,Fairy]Archaludon||PowerHerb|Sturdy|Protect,ElectroShot,FlashCannon,DragonPulse|||M|||50|,,,,,Electric
|showteam|p2|Arcanine||MirrorHerb|Intimidate|ExtremeSpeed,FlareBlitz,Protect,WillOWisp|||M|||50|,,,,,Normal]Haxorus||ClearAmulet|MoldBreaker|DragonClaw,FirstImpression,IronHead,Protect|||M|||50|,,,,,Steel]Sneasler||FocusSash|Pressure|FakeOut,CloseCombat,DireClaw,Coaching|||F|||50|,,,,,Ghost]Samurott-Hisui||AssaultVest|Sharpness|AquaCutter,SacredSword,NightSlash,SuckerPunch|||F|||50|,,,,,Ghost]Gholdengo||ChoiceScarf|GoodasGold|MakeItRain,ShadowBall,Trick,Protect||||||50|,,,,,Steel]Amoonguss||CovertCloak|Regenerator|Spore,RagePowder,ClearSmog,Protect|||M|||50|,,,,,Electric
|inactive|Battle timer is ON: inactive players will automatically lose when time's up. (requested by dabby-lite)
|inactive|FrancoilCieco777 also wants the timer to be on.
|inactive|FrancoilCieco777 has 60 seconds left.
|
|t:|1756228232
|teamsize|p1|4
|teamsize|p2|4
|start
|switch|p1a: Archaludon|Archaludon, L50, M|100/100
|switch|p1b: Incineroar|Incineroar, L50, F|100/100
|switch|p2a: Samurott|Samurott-Hisui, L50, F|100/100
|switch|p2b: Amoonguss|Amoonguss, L50, M|100/100
|-ability|p1b: Incineroar|Intimidate|boost
|-unboost|p2a: Samurott|atk|1
|-unboost|p2b: Amoonguss|atk|1
|turn|1
|inactive|dabby-lite has 30 seconds left.
|inactive|dabby-lite has 20 seconds left.
|
|t:|1756228270
|switch|p2a: Gholdengo|Gholdengo, L50|100/100
|switch|p1b: Politoed|Politoed, L50, M|100/100
|-weather|RainDance|[from] ability: Drizzle|[of] p1b: Politoed
|move|p1a: Archaludon|Protect|p1a: Archaludon
|-singleturn|p1a: Archaludon|Protect
|move|p2b: Amoonguss|Spore|p1a: Archaludon
|-activate|p1a: Archaludon|move: Protect
|
|-weather|RainDance|[upkeep]
|upkeep
|turn|2
|inactive|dabby-lite has 30 seconds left.
|
|t:|1756228295
|-terastallize|p1b: Politoed|Grass
|move|p2b: Amoonguss|Rage Powder|p2b: Amoonguss
|-singleturn|p2b: Amoonguss|move: Rage Powder
|move|p2a: Gholdengo|Trick|p1a: Archaludon
|-activate|p2a: Gholdengo|move: Trick|[of] p1a: Archaludon
|-item|p1a: Archaludon|Choice Scarf|[from] move: Trick
|-item|p2a: Gholdengo|Power Herb|[from] move: Trick
|move|p1a: Archaludon|Electro Shot||[still]
|-prepare|p1a: Archaludon|Electro Shot
|-boost|p1a: Archaludon|spa|1
|-anim|p1a: Archaludon|Electro Shot|p2b: Amoonguss
|-resisted|p2b: Amoonguss
|-damage|p2b: Amoonguss|76/100
|move|p1b: Politoed|Weather Ball|p2a: Gholdengo
|-damage|p2a: Gholdengo|41/100
|
|-weather|RainDance|[upkeep]
|upkeep
|turn|3
|inactive|dabby-lite has 30 seconds left.
|
|t:|1756228324
|move|p2a: Gholdengo|Protect|p2a: Gholdengo
|-singleturn|p2a: Gholdengo|Protect
|move|p1a: Archaludon|Electro Shot||[still]
|-prepare|p1a: Archaludon|Electro Shot
|-boost|p1a: Archaludon|spa|1
|-anim|p1a: Archaludon|Electro Shot|p2a: Gholdengo
|-activate|p2a: Gholdengo|move: Protect
|move|p1b: Politoed|Encore|p2b: Amoonguss
|-start|p2b: Amoonguss|Encore
|move|p2b: Amoonguss|Rage Powder|p2b: Amoonguss
|-singleturn|p2b: Amoonguss|move: Rage Powder
|
|-weather|RainDance|[upkeep]
|upkeep
|turn|4
|
|t:|1756228342
|move|p2b: Amoonguss|Rage Powder|p2b: Amoonguss
|-singleturn|p2b: Amoonguss|move: Rage Powder
|move|p1a: Archaludon|Electro Shot||[still]
|-prepare|p1a: Archaludon|Electro Shot
|-boost|p1a: Archaludon|spa|1
|-anim|p1a: Archaludon|Electro Shot|p2b: Amoonguss
|-resisted|p2b: Amoonguss
|-damage|p2b: Amoonguss|34/100
|move|p2a: Gholdengo|Shadow Ball|p1a: Archaludon
|-damage|p1a: Archaludon|39/100
|move|p1b: Politoed|Weather Ball|p2a: Gholdengo
|-damage|p2a: Gholdengo|0 fnt
|faint|p2a: Gholdengo
|
|-weather|RainDance|[upkeep]
|upkeep
|
|t:|1756228353
|switch|p2a: Sneasler|Sneasler, L50, F|100/100
|-ability|p2a: Sneasler|Pressure
|turn|5
|
|t:|1756228367
|switch|p1b: Gothitelle|Gothitelle, L50, M|100/100
|move|p2b: Amoonguss|Rage Powder|p2b: Amoonguss
|-singleturn|p2b: Amoonguss|move: Rage Powder
|move|p1a: Archaludon|Electro Shot||[still]
|-prepare|p1a: Archaludon|Electro Shot
|-boost|p1a: Archaludon|spa|1
|-anim|p1a: Archaludon|Electro Shot|p2b: Amoonguss
|-resisted|p2b: Amoonguss
|-damage|p2b: Amoonguss|0 fnt
|faint|p2b: Amoonguss
|move|p2a: Sneasler|Dire Claw|p1b: Gothitelle
|-damage|p1b: Gothitelle|63/100
|
|-weather|none
|upkeep
|
|t:|1756228380
|switch|p2b: Samurott|Samurott-Hisui, L50, F|100/100
|turn|6
|
|t:|1756228395
|switch|p1b: Politoed|Politoed, L50, M, tera:Grass|100/100
|-weather|RainDance|[from] ability: Drizzle|[of] p1b: Politoed
|-terastallize|p2a: Sneasler|Ghost
|move|p1a: Archaludon|Electro Shot||[still]
|-prepare|p1a: Archaludon|Electro Shot
|-boost|p1a: Archaludon|spa|1
|-anim|p1a: Archaludon|Electro Shot|p2b: Samurott
|-supereffective|p2b: Samurott
|-damage|p2b: Samurott|0 fnt
|faint|p2b: Samurott
|move|p2a: Sneasler|Close Combat|p1a: Archaludon
|-supereffective|p1a: Archaludon
|-damage|p1a: Archaludon|0 fnt
|-unboost|p2a: Sneasler|def|1
|-unboost|p2a: Sneasler|spd|1
|faint|p1a: Archaludon
|
|-weather|RainDance|[upkeep]
|upkeep
|
|t:|1756228408
|switch|p1a: Incineroar|Incineroar, L50, F|100/100
|-ability|p1a: Incineroar|Intimidate|boost
|-unboost|p2a: Sneasler|atk|1
|turn|7
|
|t:|1756228416
|move|p2a: Sneasler|Close Combat|p1a: Incineroar
|-supereffective|p1a: Incineroar
|-damage|p1a: Incineroar|17/100
|-unboost|p2a: Sneasler|def|1
|-unboost|p2a: Sneasler|spd|1
|move|p1b: Politoed|Weather Ball|p2a: Sneasler
|-enditem|p2a: Sneasler|Focus Sash
|-damage|p2a: Sneasler|1/100
|move|p1a: Incineroar|Knock Off|p2a: Sneasler
|-supereffective|p2a: Sneasler
|-damage|p2a: Sneasler|0 fnt
|faint|p2a: Sneasler
|
|win|dabby-lite
|raw|dabby-lite's rating: 1170 → 1187(+17 for winning)
|raw|FrancoilCieco777's rating: 1052 → 1040(-12 for losing)
