|j|☆ToastedArt
|j|☆Granny Pie
|html|ToastedArtGranny Pie    
|uhtml|bestof|Game 1 of a best-of-3
|t:|1784351769
|gametype|doubles
|player|p1|ToastedArt|clemont|
|player|p2|Granny Pie|zinnia|
|gen|9
|tier|[Gen 9 Champions] VGC 2026 Reg M-B (Bo3)
|rule|Species Clause: Limit one of each Pokémon
|rule|Item Clause: Limit 1 of each item
|clearpoke
|poke|p1|Maushold, L50|
|poke|p1|Chesnaught, L50, F, shiny|
|poke|p1|Delphox, L50, M|
|poke|p1|Incineroar, L50, M|
|poke|p1|Whimsicott, L50, F|
|poke|p1|Tinkaton, L50, F|
|poke|p2|Vivillon-Pokeball, L50, F, shiny|
|poke|p2|Sinistcha-Masterpiece, L50, shiny|
|poke|p2|Farigiraf, L50, M|
|poke|p2|Sylveon, L50, M, shiny|
|poke|p2|Camerupt, L50, M, shiny|
|poke|p2|Floette-Eternal, L50, F|
|teampreview|4
|showteam|p1|Maushold||ChopleBerry|FriendGuard|FollowMe,Encore,AfterYou,SuperFang|Jolly|||||50|]Chesnaught||Chesnaughtite|Bulletproof|DrainPunch,GrassyGlide,BellyDrum,SpikyShield|Adamant||F|||50|]Delphox||Delphoxite|Blaze|HeatWave,Psychic,NastyPlot,Protect|Timid||M|||50|]Incineroar||SitrusBerry|Intimidate|FlareBlitz,PartingShot,FakeOut,ThroatChop|Impish||M|||50|]Whimsicott||FocusSash|Prankster|Moonblast,GrassyTerrain,TrickRoom,Encore|Timid||F|||50|]Tinkaton||OccaBerry|MoldBreaker|FakeOut,GigatonHammer,SkillSwap,Feint|Jolly||F|||50|
|showteam|p2|Vivillon-Pokeball||ChoiceScarf|CompoundEyes|SleepPowder,RagePowder,Tailwind,Hurricane|Timid||F|||50|]Sinistcha-Masterpiece||KasibBerry|Hospitality|MatchaGotcha,RagePowder,LifeDew,TrickRoom|Bold|||||50|]Farigiraf||SitrusBerry|ArmorTail|AllySwitch,PsychicFangs,HelpingHand,TrickRoom|Relaxed||M|||50|]Sylveon||FairyFeather|Pixilate|Moonblast,HyperVoice,QuickAttack,Protect|Quiet||M|||50|]Camerupt||Cameruptite|SolidRock|Eruption,EarthPower,HeatWave,Protect|Quiet||M|||50|]Floette-Eternal||Floettite|FlowerVeil|Moonblast,DazzlingGleam,CalmMind,Protect|Quiet||F|||50|
|inactive|Battle timer is ON: inactive players will automatically lose when time's up. (requested by ToastedArt)
|inactive|ToastedArt has 60 seconds left.
|inactive|Granny Pie has 60 seconds left.
|inactive|ToastedArt has 30 seconds left.
|
|t:|1784351839
|teamsize|p1|4
|teamsize|p2|4
|start
|switch|p1a: Whimsicott|Whimsicott, L50, F|100/100
|switch|p1b: Tinkaton|Tinkaton, L50, F|100/100
|switch|p2a: 15 Points|Vivillon-Pokeball, L50, F, shiny|100/100
|switch|p2b: HeWillNeverDie|Farigiraf, L50, M|100/100
|-ability|p1b: Tinkaton|Mold Breaker
|turn|1
|inactive|ToastedArt has 30 seconds left.
|
|t:|1784351872
|move|p1b: Tinkaton|Fake Out|p2a: 15 Points
|-damage|p2a: 15 Points|84/100
|cant|p2a: 15 Points|flinch
|move|p1a: Whimsicott|Trick Room|p1a: Whimsicott
|-fieldstart|move: Trick Room|[of] p1a: Whimsicott
|move|p2b: HeWillNeverDie|Trick Room|p2b: HeWillNeverDie
|-fieldend|move: Trick Room
|
|upkeep
|turn|2
|inactive|ToastedArt has 30 seconds left.
|
|t:|1784351909
|switch|p1b: Rishi|Chesnaught, L50, F, shiny|100/100
|move|p1a: Whimsicott|Grassy Terrain|p1a: Whimsicott
|-fieldstart|move: Grassy Terrain
|move|p2a: 15 Points|Hurricane|p1a: Whimsicott
|-supereffective|p1a: Whimsicott|1
|-enditem|p1a: Whimsicott|Focus Sash
|-damage|p1a: Whimsicott|1/100
|move|p2b: HeWillNeverDie|Trick Room|p2b: HeWillNeverDie
|-fieldstart|move: Trick Room|[of] p2b: HeWillNeverDie
|
|-heal|p1a: Whimsicott|6/100|[from] Grassy Terrain
|upkeep
|turn|3
|
|t:|1784351930
|switch|p1a: Tinkaton|Tinkaton, L50, F|100/100
|-ability|p1a: Tinkaton|Mold Breaker
|detailschange|p1b: Rishi|Chesnaught-Mega, L50, F, shiny
|-mega|p1b: Rishi|Chesnaught|Chesnaughtite
|move|p1b: Rishi|Spiky Shield|p1b: Rishi
|-singleturn|p1b: Rishi|move: Protect
|move|p2b: HeWillNeverDie|Psychic Fangs|p1a: Tinkaton
|-resisted|p1a: Tinkaton|1
|-damage|p1a: Tinkaton|83/100
|move|p2a: 15 Points|Hurricane|p1b: Rishi
|-activate|p1b: Rishi|move: Protect
|
|-heal|p1a: Tinkaton|89/100|[from] Grassy Terrain
|upkeep
|turn|4
|inactive|ToastedArt has 30 seconds left.
|
|t:|1784351961
|switch|p2b: RamonaFlower|Floette-Eternal, L50, F|100/100
|move|p1a: Tinkaton|Fake Out|p2a: 15 Points
|-damage|p2a: 15 Points|70/100
|move|p1b: Rishi|Belly Drum|p1b: Rishi
|-damage|p1b: Rishi|50/100g
|-setboost|p1b: Rishi|atk|6|[from] move: Belly Drum
|cant|p2a: 15 Points|flinch
|
|-heal|p1b: Rishi|56/100|[from] Grassy Terrain
|-heal|p1a: Tinkaton|95/100|[from] Grassy Terrain
|upkeep
|turn|5
|inactive|Granny Pie has 30 seconds left.
|inactive|Granny Pie has 20 seconds left.
|inactive|ToastedArt has 30 seconds left.
|
|t:|1784352010
|detailschange|p2b: RamonaFlower|Floette-Mega, L50, F
|-mega|p2b: RamonaFlower|Floette|Floettite
|-ability|p2b: RamonaFlower|Fairy Aura
|move|p2b: RamonaFlower|Protect|p2b: RamonaFlower
|-singleturn|p2b: RamonaFlower|Protect
|move|p1a: Tinkaton|Feint|p2b: RamonaFlower
|-activate|p2b: RamonaFlower|move: Feint
|-damage|p2b: RamonaFlower|93/100
|move|p1b: Rishi|Grassy Glide|p2b: RamonaFlower
|-damage|p2b: RamonaFlower|0 fnt
|faint|p2b: RamonaFlower
|move|p2a: 15 Points|Hurricane|p1b: Rishi
|-supereffective|p1b: Rishi|2
|-damage|p1b: Rishi|0 fnt
|faint|p1b: Rishi
|
|-heal|p1a: Tinkaton|100/100|[from] Grassy Terrain
|upkeep
|
|t:|1784352025
|switch|p1b: Incineroar|Incineroar, L50, M|100/100
|switch|p2b: DarkWokeAyatollah|Sylveon, L50, M, shiny|100/100
|-ability|p1b: Incineroar|Intimidate|boost
|-unboost|p2a: 15 Points|atk|1
|-unboost|p2b: DarkWokeAyatollah|atk|1
|turn|6
|
|t:|1784352049
|switch|p2a: HeWillNeverDie|Farigiraf, L50, M|100/100
|move|p2b: DarkWokeAyatollah|Hyper Voice|p1b: Incineroar|[spread] p1a,p1b
|-resisted|p1a: Tinkaton|1
|-damage|p1a: Tinkaton|77/100
|-damage|p1b: Incineroar|49/100
|-enditem|p1b: Incineroar|Sitrus Berry|[eat]
|-heal|p1b: Incineroar|74/100|[from] item: Sitrus Berry
|move|p1b: Incineroar|Parting Shot|p2b: DarkWokeAyatollah
|-unboost|p2b: DarkWokeAyatollah|atk|1
|-unboost|p2b: DarkWokeAyatollah|spa|1
|
|t:|1784352060
|switch|p1b: Whimsicott|Whimsicott, L50, F|6/100|[from] Parting Shot
|move|p1a: Tinkaton|Skill Swap|p2b: DarkWokeAyatollah
|-activate|p1a: Tinkaton|Skill Swap|Pixilate|Mold Breaker|[of] p2b: DarkWokeAyatollah
|-ability|p2b: DarkWokeAyatollah|Mold Breaker
|
|-heal|p1a: Tinkaton|83/100|[from] Grassy Terrain
|-heal|p1b: Whimsicott|12/100|[from] Grassy Terrain
|-fieldend|move: Trick Room
|-fieldend|move: Grassy Terrain
|upkeep
|turn|7
|inactive|ToastedArt has 30 seconds left.
|inactive|Granny Pie has 30 seconds left.
|
|t:|1784352091
|switch|p2b: 15 Points|Vivillon-Pokeball, L50, F, shiny|70/100
|move|p1b: Whimsicott|Encore|p1a: Tinkaton
|-start|p1a: Tinkaton|Encore
|move|p1a: Tinkaton|Skill Swap|p2a: HeWillNeverDie
|-activate|p1a: Tinkaton|Skill Swap|Armor Tail|Pixilate|[of] p2a: HeWillNeverDie
|move|p2a: HeWillNeverDie|Psychic Fangs|p1b: Whimsicott
|-damage|p1b: Whimsicott|0 fnt
|faint|p1b: Whimsicott
|
|upkeep
|
|t:|1784352101
|switch|p1b: Incineroar|Incineroar, L50, M|74/100
|-ability|p1b: Incineroar|Intimidate|boost
|-unboost|p2a: HeWillNeverDie|atk|1
|-unboost|p2b: 15 Points|atk|1
|turn|8
|-message|ToastedArt forfeited.
|
|win|Granny Pie
|l|☆ToastedArt
|player|p1|
||ToastedArt is ready for game 2.
||ToastedArt is ready for game 2.
||Granny Pie is ready for game 2.
|uhtml|next|Next: Game 2 of 3
