|j|☆Person_McSomeone
|j|☆s4m1r95
|html|Person_McSomeones4m1r95    
|uhtml|bestof|Game 1 of a best-of-3
|t:|1782470987
|gametype|doubles
|player|p1|Person_McSomeone|miku-psychic|1103
|player|p2|s4m1r95|266|1029
|gen|9
|tier|[Gen 9 Champions] VGC 2026 Reg M-B (Bo3)
|rated|
|rule|Species Clause: Limit one of each Pokémon
|rule|Item Clause: Limit 1 of each item
|clearpoke
|poke|p1|Grimmsnarl, L50, M|
|poke|p1|Metagross, L50|
|poke|p1|Gholdengo, L50|
|poke|p1|Farigiraf, L50, M|
|poke|p1|Hydreigon, L50, M|
|poke|p1|Dragonite, L50, M|
|poke|p2|Raichu, L50, F|
|poke|p2|Whimsicott, L50, F|
|poke|p2|Chandelure, L50, F|
|poke|p2|Garchomp, L50, M|
|poke|p2|Milotic, L50, F|
|poke|p2|Incineroar, L50, M|
|teampreview|4
|showteam|p1|Grimmsnarl||LightClay|Prankster|Reflect,LightScreen,PartingShot,SpiritBreak|Calm||M|||50|]Metagross||Metagrossite|ClearBody|Protect,IronHead,PsychicFangs,BulletPunch|Adamant|||||50|]Gholdengo||ChoiceScarf|GoodasGold|Trick,PowerGem,MakeItRain,ShadowBall|Timid|||||50|]Farigiraf||SitrusBerry|ArmorTail|HyperVoice,Protect,ThunderWave,HelpingHand|Modest||M|||50|]Hydreigon||LifeOrb|Levitate|DarkPulse,DracoMeteor,EarthPower,Protect|Timid||M|||50|]Dragonite||Leftovers|Multiscale|RockSlide,Tailwind,Haze,Protect|Adamant||M|||50|
|showteam|p2|Raichu||RaichuniteX|Static|FakeOut,VoltTackle,DrainPunch,Trailblaze|Adamant||F|||50|]Whimsicott||FocusBand|Prankster|Tailwind,Moonblast,Encore,Protect|Timid||F|||50|]Chandelure||Chandelurite|FlashFire|HeatWave,ShadowBall,WillOWisp,TrickRoom|Modest||F|||50|]Garchomp||LifeOrb|RoughSkin|Earthquake,DragonClaw,Protect,RockSlide|Jolly||M|||50|]Milotic||Leftovers|Competitive|Scald,IceBeam,Recover,Protect|Modest||F|||50|]Incineroar||SitrusBerry|Intimidate|FlareBlitz,FakeOut,DarkestLariat,PartingShot|Adamant||M|||50|
|inactive|Battle timer is ON: inactive players will automatically lose when time's up. (requested by Person_McSomeone)
|c|☆Person_McSomeone|focus band
|c|☆Person_McSomeone|really?
|inactive|Person_McSomeone has 60 seconds left.
|inactive|s4m1r95 has 60 seconds left.
|inactive|s4m1r95 has 30 seconds left.
|inactive|s4m1r95 has 20 seconds left.
|inactive|s4m1r95 has 15 seconds left.
|
|t:|1782471064
|teamsize|p1|4
|teamsize|p2|4
|start
|switch|p1a: Metagross|Metagross, L50|100/100
|switch|p1b: Grimmsnarl|Grimmsnarl, L50, M|100/100
|switch|p2a: Raichu|Raichu, L50, F|100/100
|switch|p2b: Whimsicott|Whimsicott, L50, F|100/100
|turn|1
|inactive|Person_McSomeone has 30 seconds left.
|
|t:|1782471098
|detailschange|p2a: Raichu|Raichu-Mega-X, L50, F
|-mega|p2a: Raichu|Raichu|Raichunite X
|-fieldstart|move: Electric Terrain|[from] ability: Electric Surge|[of] p2a: Raichu
|detailschange|p1a: Metagross|Metagross-Mega, L50
|-mega|p1a: Metagross|Metagross|Metagrossite
|move|p2b: Whimsicott|Tailwind|p2b: Whimsicott
|-sidestart|p2: s4m1r95|move: Tailwind
|move|p1b: Grimmsnarl|Light Screen|p1b: Grimmsnarl
|-sidestart|p1: Person_McSomeone|move: Light Screen
|move|p2a: Raichu|Drain Punch|p1b: Grimmsnarl
|-damage|p1b: Grimmsnarl|71/100
|move|p1a: Metagross|Psychic Fangs|p2a: Raichu
|-damage|p2a: Raichu|5/100
|
|upkeep
|turn|2
|inactive|s4m1r95 has 30 seconds left.
|
|t:|1782471129
|switch|p2a: Incineroar|Incineroar, L50, M|100/100
|-ability|p2a: Incineroar|Intimidate|boost
|-unboost|p1a: Metagross|atk|1
|-unboost|p1b: Grimmsnarl|atk|1
|switch|p1b: Farigiraf|Farigiraf, L50, M|100/100
|move|p2b: Whimsicott|Encore||[still]
|cant|p1b: Farigiraf|ability: Armor Tail|Encore|[of] p2b: Whimsicott
|move|p1a: Metagross|Bullet Punch|p2a: Incineroar
|-resisted|p2a: Incineroar|1
|-damage|p2a: Incineroar|90/100
|
|upkeep
|turn|3
|inactive|s4m1r95 has 30 seconds left.
|inactive|s4m1r95 has 20 seconds left.
|
|t:|1782471165
|switch|p1a: Grimmsnarl|Grimmsnarl, L50, M|71/100
|move|p2b: Whimsicott|Moonblast|p1a: Grimmsnarl
|-supereffective|p1a: Grimmsnarl|1
|-damage|p1a: Grimmsnarl|25/100
|move|p2a: Incineroar|Darkest Lariat|p1a: Grimmsnarl
|-resisted|p1a: Grimmsnarl|2
|-damage|p1a: Grimmsnarl|15/100
|move|p1b: Farigiraf|Thunder Wave|p2b: Whimsicott
|-status|p2b: Whimsicott|par
|
|upkeep
|turn|4
|inactive|s4m1r95 has 30 seconds left.
|
|t:|1782471196
|switch|p1a: Metagross|Metagross-Mega, L50|100/100
|move|p2a: Incineroar|Darkest Lariat|p1b: Farigiraf
|-supereffective|p1b: Farigiraf|1
|-damage|p1b: Farigiraf|27/100
|-enditem|p1b: Farigiraf|Sitrus Berry|[eat]
|-heal|p1b: Farigiraf|52/100|[from] item: Sitrus Berry
|move|p2b: Whimsicott|Moonblast|p1a: Metagross
|-resisted|p1a: Metagross|1
|-damage|p1a: Metagross|90/100
|move|p1b: Farigiraf|Thunder Wave|p2a: Incineroar
|-status|p2a: Incineroar|par
|
|-sideend|p2: s4m1r95|move: Tailwind
|upkeep
|turn|5
|inactive|Person_McSomeone has 30 seconds left.
|inactive|s4m1r95 has 30 seconds left.
|inactive|s4m1r95 has 20 seconds left.
|inactive|s4m1r95 has 15 seconds left.
|inactive|s4m1r95 has 10 seconds left.
|
|t:|1782471241
|move|p1a: Metagross|Iron Head|p2a: Incineroar
|-resisted|p2a: Incineroar|1
|-damage|p2a: Incineroar|60/100 par
|move|p1b: Farigiraf|Hyper Voice|p2b: Whimsicott|[spread] p2a,p2b
|-damage|p2a: Incineroar|28/100 par
|-damage|p2b: Whimsicott|63/100 par
|-enditem|p2a: Incineroar|Sitrus Berry|[eat]
|-heal|p2a: Incineroar|52/100 par|[from] item: Sitrus Berry
|move|p2b: Whimsicott|Moonblast|p1b: Farigiraf
|-damage|p1b: Farigiraf|29/100
|move|p2a: Incineroar|Parting Shot|p1a: Metagross
|-unboost|p1a: Metagross|atk|1
|-unboost|p1a: Metagross|spa|1
|
|t:|1782471256
|switch|p2a: Chandelure|Chandelure, L50, F|100/100|[from] Parting Shot
|
|-fieldend|move: Electric Terrain
|upkeep
|turn|6
|inactive|s4m1r95 has 30 seconds left.
|inactive|s4m1r95 has 20 seconds left.
|
|t:|1782471293
|move|p1a: Metagross|Bullet Punch|p2b: Whimsicott
|-supereffective|p2b: Whimsicott|1
|-damage|p2b: Whimsicott|8/100 par
|move|p2a: Chandelure|Will-O-Wisp|p1a: Metagross|[miss]
|-miss|p2a: Chandelure|p1a: Metagross
|move|p1b: Farigiraf|Thunder Wave|p2a: Chandelure
|-status|p2a: Chandelure|par
|move|p2b: Whimsicott|Moonblast|p1b: Farigiraf
|-damage|p1b: Farigiraf|5/100
|
|upkeep
|turn|7
|inactive|s4m1r95 has 30 seconds left.
|
|t:|1782471327
|switch|p1a: Grimmsnarl|Grimmsnarl, L50, M|15/100
|switch|p2b: Incineroar|Incineroar, L50, M|52/100 par
|-ability|p2b: Incineroar|Intimidate|boost
|-unboost|p1a: Grimmsnarl|atk|1
|-unboost|p1b: Farigiraf|atk|1
|move|p1b: Farigiraf|Protect|p1b: Farigiraf
|-singleturn|p1b: Farigiraf|Protect
|move|p2a: Chandelure|Will-O-Wisp|p1a: Grimmsnarl
|-status|p1a: Grimmsnarl|brn
|
|-damage|p1a: Grimmsnarl|9/100 brn|[from] brn
|upkeep
|turn|8
|inactive|s4m1r95 has 30 seconds left.
|inactive|s4m1r95 has 20 seconds left.
|inactive|s4m1r95 has 15 seconds left.
|
|t:|1782471369
|switch|p1b: Gholdengo|Gholdengo, L50|100/100
|cant|p2b: Incineroar|par
|move|p1a: Grimmsnarl|Parting Shot|p2a: Chandelure
|-unboost|p2a: Chandelure|atk|1
|-unboost|p2a: Chandelure|spa|1
|
|t:|1782471378
|switch|p1a: Metagross|Metagross-Mega, L50|90/100|[from] Parting Shot
|move|p2a: Chandelure|Heat Wave|p1a: Metagross|[spread] p1a,p1b
|-supereffective|p1a: Metagross|1
|-supereffective|p1b: Gholdengo|1
|-damage|p1a: Metagross|61/100
|-damage|p1b: Gholdengo|53/100
|
|-sideend|p1: Person_McSomeone|move: Light Screen
|upkeep
|turn|9
|inactive|Person_McSomeone has 30 seconds left.
|
|t:|1782471404
|switch|p1a: Grimmsnarl|Grimmsnarl, L50, M|9/100 brn
|move|p1b: Gholdengo|Shadow Ball|p2a: Chandelure
|-supereffective|p2a: Chandelure|1
|-damage|p2a: Chandelure|16/100 par
|-unboost|p2a: Chandelure|spd|1
|move|p2a: Chandelure|Will-O-Wisp|p1a: Grimmsnarl
|-fail|p1a: Grimmsnarl|brn
|move|p2b: Incineroar|Parting Shot|p1a: Grimmsnarl
|-unboost|p1a: Grimmsnarl|atk|1
|-unboost|p1a: Grimmsnarl|spa|1
|
|t:|1782471421
|switch|p2b: Whimsicott|Whimsicott, L50, F|8/100 par|[from] Parting Shot
|
|-damage|p1a: Grimmsnarl|3/100 brn|[from] brn
|upkeep
|turn|10
|inactive|s4m1r95 has 30 seconds left.
|inactive|s4m1r95 has 20 seconds left.
|inactive|s4m1r95 has 15 seconds left.
|
|t:|1782471464
|switch|p1a: Metagross|Metagross-Mega, L50|61/100
|switch|p2a: Raichu|Raichu-Mega-X, L50, F|5/100
|-fieldstart|move: Electric Terrain|[from] ability: Electric Surge|[of] p2a: Raichu
|cant|p2b: Whimsicott|par
|move|p1b: Gholdengo|Shadow Ball|p2a: Raichu
|-damage|p2a: Raichu|0 fnt
|faint|p2a: Raichu
|
|upkeep
|
|t:|1782471479
|switch|p2a: Chandelure|Chandelure, L50, F|16/100 par
|turn|11
|
|t:|1782471488
|move|p1a: Metagross|Bullet Punch|p2b: Whimsicott
|-supereffective|p2b: Whimsicott|1
|-damage|p2b: Whimsicott|0 fnt
|faint|p2b: Whimsicott
|move|p1b: Gholdengo|Shadow Ball|p2a: Chandelure
|-supereffective|p2a: Chandelure|1
|-damage|p2a: Chandelure|0 fnt
|faint|p2a: Chandelure
|
|upkeep
|
|t:|1782471504
|switch|p2a: Incineroar|Incineroar, L50, M|52/100 par
|-ability|p2a: Incineroar|Intimidate|boost
|-unboost|p1a: Metagross|atk|1
|-unboost|p1b: Gholdengo|atk|1
|turn|12
|inactive|s4m1r95 has 30 seconds left.
|
|t:|1782471513
|switch|p1b: Farigiraf|Farigiraf, L50, M|5/100
|switch|p1a: Grimmsnarl|Grimmsnarl, L50, M|3/100 brn
|cant|p2a: Incineroar|par
|
|-damage|p1a: Grimmsnarl|0 fnt|[from] brn
|faint|p1a: Grimmsnarl
|upkeep
|
|t:|1782471521
|switch|p1a: Gholdengo|Gholdengo, L50|53/100
|turn|13
|inactive|s4m1r95 has 30 seconds left this turn.
|inactive|s4m1r95 has 20 seconds left.
|inactive|s4m1r95 has 15 seconds left.
|
|t:|1782471537
|move|p1a: Gholdengo|Power Gem|p2a: Incineroar
|-supereffective|p2a: Incineroar|1
|-damage|p2a: Incineroar|0 fnt
|faint|p2a: Incineroar
|
|win|Person_McSomeone
|l|☆s4m1r95
|player|p2|
|raw|Person_McSomeone's rating: 1103 → 1123(+20 for winning)
|raw|s4m1r95's rating: 1029 → 1018(-11 for losing)
