|j|☆emptinessmach
|j|☆Extroier
|html|emptinessmachExtroier    
|uhtml|bestof|Game 3 of a best-of-3
|t:|1757034848
|gametype|doubles
|player|p1|emptinessmach|red|1110
|player|p2|Extroier|101|1019
|gen|9
|tier|[Gen 9] VGC 2025 Reg H (Bo3)
|rated|
|rule|Species Clause: Limit one of each Pokémon
|rule|Item Clause: Limit 1 of each item
|clearpoke
|poke|p1|Porygon2, L50|
|poke|p1|Incineroar, L50, M|
|poke|p1|Garchomp, L50, F|
|poke|p1|Gholdengo, L50|
|poke|p1|Amoonguss, L50, F|
|poke|p1|Sneasler, L50, M|
|poke|p2|Tinkaton, L50, F|
|poke|p2|Sneasler, L50, M|
|poke|p2|Clefairy, L50, M|
|poke|p2|Grimmsnarl, L50, M|
|poke|p2|Volcarona, L50, M|
|poke|p2|Ninetales, L50, M|
|teampreview|4
|showteam|p1|Porygon2||Eviolite|Download|TeraBlast,IceBeam,Recover,TrickRoom||||||50|,,,,,Ground]Incineroar||SafetyGoggles|Intimidate|FlareBlitz,KnockOff,FakeOut,PartingShot|||M|||50|,,,,,Ghost]Garchomp||ClearAmulet|RoughSkin|Earthquake,Protect,StompingTantrum,DragonClaw|||F|||50|,,,,,Fire]Gholdengo||LifeOrb|GoodasGold|Protect,NastyPlot,MakeItRain,ShadowBall||||||50|,,,,,Water]Amoonguss||SitrusBerry|Regenerator|Spore,RagePowder,Protect,PollenPuff|||F|||50|,,,,,Fairy]Sneasler||FocusSash|PoisonTouch|DireClaw,CloseCombat,Coaching,Protect|||M|||50|,,,,,Flying
|showteam|p2|Tinkaton||Leftovers|OwnTempo|SwordsDance,GigatonHammer,Protect,FakeOut|||F|||50|,,,,,Dragon]Sneasler||FocusSash|PoisonTouch|CloseCombat,DireClaw,FakeOut,Protect|||M|||50|,,,,,Ghost]Clefairy||Eviolite|FriendGuard|Encore,Protect,FollowMe,LifeDew|||M|||50|,,,,,Grass]Grimmsnarl||CovertCloak|Prankster|Protect,SuckerPunch,Taunt,LightScreen|||M|||50|,,,,,Steel]Volcarona||LifeOrb|FlameBody|FieryDance,BugBuzz,QuiverDance,Protect|||M|||50|,,,,,Bug]Ninetales||ChoiceSpecs|Drought|Extrasensory,Flamethrower,Snarl,EnergyBall|||M|||50|,,,,,Fire
|inactive|Battle timer is ON: inactive players will automatically lose when time's up. (requested by Extroier)
|
|t:|1757034872
|teamsize|p1|4
|teamsize|p2|4
|start
|switch|p1a: Incineroar|Incineroar, L50, M|100/100
|switch|p1b: Gholdengo|Gholdengo, L50|100/100
|switch|p2a: Grimmsnarl|Grimmsnarl, L50, M|100/100
|switch|p2b: Volcarona|Volcarona, L50, M|100/100
|-ability|p1a: Incineroar|Intimidate|boost
|-unboost|p2a: Grimmsnarl|atk|1
|-unboost|p2b: Volcarona|atk|1
|turn|1
|inactive|emptinessmach has 30 seconds left.
|
|t:|1757034898
|-terastallize|p1b: Gholdengo|Water
|move|p1a: Incineroar|Fake Out|p2b: Volcarona
|-damage|p2b: Volcarona|85/100
|move|p2a: Grimmsnarl|Light Screen|p2a: Grimmsnarl
|-sidestart|p2: Extroier|move: Light Screen
|cant|p2b: Volcarona|flinch
|move|p1b: Gholdengo|Nasty Plot|p1b: Gholdengo
|-boost|p1b: Gholdengo|spa|2
|
|upkeep
|turn|2
|
|t:|1757034914
|move|p2a: Grimmsnarl|Sucker Punch|p1b: Gholdengo
|-damage|p1b: Gholdengo|83/100
|move|p2b: Volcarona|Quiver Dance|p2b: Volcarona
|-boost|p2b: Volcarona|spa|1
|-boost|p2b: Volcarona|spd|1
|-boost|p2b: Volcarona|spe|1
|move|p1b: Gholdengo|Shadow Ball|p2b: Volcarona
|-damage|p2b: Volcarona|42/100
|-damage|p1b: Gholdengo|74/100|[from] item: Life Orb
|move|p1a: Incineroar|Flare Blitz|p2b: Volcarona
|-damage|p2b: Volcarona|0 fnt
|faint|p2b: Volcarona
|-damage|p1a: Incineroar|88/100|[from] Recoil
|
|upkeep
|
|t:|1757034932
|switch|p2b: Sneasler|Sneasler, L50, M|100/100
|turn|3
|
|t:|1757034953
|switch|p1a: Garchomp|Garchomp, L50, F|100/100
|move|p1b: Gholdengo|Protect|p1b: Gholdengo
|-singleturn|p1b: Gholdengo|Protect
|move|p2a: Grimmsnarl|Sucker Punch||[still]
|-fail|p2a: Grimmsnarl
|move|p2b: Sneasler|Close Combat|p1a: Garchomp
|-crit|p1a: Garchomp
|-damage|p1a: Garchomp|0 fnt
|-unboost|p2b: Sneasler|def|1
|-unboost|p2b: Sneasler|spd|1
|-damage|p2b: Sneasler|88/100|[from] ability: Rough Skin|[of] p1a: Garchomp
|faint|p1a: Garchomp
|
|upkeep
|
|t:|1757034964
|switch|p1a: Incineroar|Incineroar, L50, M|88/100
|-ability|p1a: Incineroar|Intimidate|boost
|-unboost|p2a: Grimmsnarl|atk|1
|-unboost|p2b: Sneasler|atk|1
|turn|4
|
|t:|1757034970
|move|p2a: Grimmsnarl|Protect|p2a: Grimmsnarl
|-singleturn|p2a: Grimmsnarl|Protect
|move|p2b: Sneasler|Protect|p2b: Sneasler
|-singleturn|p2b: Sneasler|Protect
|move|p1a: Incineroar|Fake Out|p2a: Grimmsnarl
|-activate|p2a: Grimmsnarl|move: Protect
|move|p1b: Gholdengo|Make It Rain|p2b: Sneasler|[spread] 
|-activate|p2a: Grimmsnarl|move: Protect
|-activate|p2b: Sneasler|move: Protect
|
|upkeep
|turn|5
|
|t:|1757034993
|move|p2a: Grimmsnarl|Sucker Punch|p1b: Gholdengo
|-damage|p1b: Gholdengo|62/100
|move|p2b: Sneasler|Close Combat|p1b: Gholdengo
|-damage|p1b: Gholdengo|21/100
|-unboost|p2b: Sneasler|def|1
|-unboost|p2b: Sneasler|spd|1
|-status|p1b: Gholdengo|psn|[from] ability: Poison Touch|[of] p2b: Sneasler
|move|p1b: Gholdengo|Make It Rain|p2b: Sneasler|[spread] p2a,p2b
|-supereffective|p2a: Grimmsnarl
|-crit|p2b: Sneasler
|-damage|p2a: Grimmsnarl|0 fnt
|-damage|p2b: Sneasler|0 fnt
|-unboost|p1b: Gholdengo|spa|1
|faint|p2a: Grimmsnarl
|faint|p2b: Sneasler
|-damage|p1b: Gholdengo|11/100 psn|[from] item: Life Orb
|move|p1a: Incineroar|Knock Off|p2: Grimmsnarl|[notarget]
|-fail|p1a: Incineroar
|
|-damage|p1b: Gholdengo|0 fnt|[from] psn
|faint|p1b: Gholdengo
|-sideend|p2: Extroier|move: Light Screen
|upkeep
|
|t:|1757035011
|switch|p2b: Tinkaton|Tinkaton, L50, F|100/100
|switch|p1b: Porygon2|Porygon2, L50|100/100
|-ability|p1b: Porygon2|Download|boost
|-boost|p1b: Porygon2|atk|1
|turn|6
|
|t:|1757035030
|-terastallize|p2b: Tinkaton|Dragon
|move|p2b: Tinkaton|Swords Dance|p2b: Tinkaton
|-boost|p2b: Tinkaton|atk|2
|move|p1a: Incineroar|Flare Blitz|p2b: Tinkaton
|-resisted|p2b: Tinkaton
|-damage|p2b: Tinkaton|74/100
|-damage|p1a: Incineroar|80/100|[from] Recoil
|move|p1b: Porygon2|Tera Blast|p2b: Tinkaton
|-damage|p2b: Tinkaton|44/100
|
|-heal|p2b: Tinkaton|50/100|[from] item: Leftovers
|upkeep
|turn|7
|
|t:|1757035048
|move|p2b: Tinkaton|Gigaton Hammer|p1a: Incineroar
|-resisted|p1a: Incineroar
|-damage|p1a: Incineroar|23/100
|move|p1a: Incineroar|Parting Shot|p2b: Tinkaton
|-unboost|p2b: Tinkaton|atk|1
|-unboost|p2b: Tinkaton|spa|1
|move|p1b: Porygon2|Ice Beam|p2b: Tinkaton
|-supereffective|p2b: Tinkaton
|-damage|p2b: Tinkaton|0 fnt
|faint|p2b: Tinkaton
|
|win|emptinessmach
|raw|emptinessmach's rating: 1110 → 1129(+19 for winning)
|raw|Extroier's rating: 1019 → 1009(-10 for losing)
|l|☆Extroier
|player|p2|
