|j|☆curfy27
|j|☆EvioExess
|html|curfy27EvioExess    
|uhtml|bestof|Game 1 of a best-of-3
|t:|1784896968
|gametype|doubles
|player|p1|curfy27|265|1130
|player|p2|EvioExess|266|1100
|gen|9
|tier|[Gen 9 Champions] VGC 2026 Reg M-B (Bo3)
|rated|
|rule|Species Clause: Limit one of each Pokémon
|rule|Item Clause: Limit 1 of each item
|clearpoke
|poke|p1|Grimmsnarl, L50, M|
|poke|p1|Swampert, L50, M, shiny|
|poke|p1|Pelipper, L50, M, shiny|
|poke|p1|Archaludon, L50, F|
|poke|p1|Scovillain, L50, M, shiny|
|poke|p1|Basculegion, L50, M|
|poke|p2|Farigiraf, L50, M|
|poke|p2|Aerodactyl, L50, F|
|poke|p2|Kingambit, L50, F|
|poke|p2|Garchomp, L50, F|
|poke|p2|Charizard, L50, F|
|poke|p2|Ninetales-Alola, L50, M|
|teampreview|4
|showteam|p1|Grimmsnarl||LightClay|Prankster|FoulPlay,Reflect,LightScreen,PartingShot|Calm||M|||50|]Swampert||Swampertite|Damp|WaveCrash,Earthquake,Protect,IcePunch|Adamant||M|||50|]Pelipper||SitrusBerry|Drizzle|WeatherBall,Hurricane,WideGuard,Tailwind|Modest||M|||50|]Archaludon||Leftovers|Stamina|ElectroShot,DragonPulse,FlashCannon,Protect|Modest||F|||50|]Scovillain||Scovillainite|Chlorophyll|RagePowder,Protect,LeechSeed,Flamethrower|Calm||M|||50|]Basculegion||LifeOrb|SwiftSwim|WaveCrash,AquaJet,LastRespects,Protect|Adamant||M|||50|
|showteam|p2|Farigiraf||SitrusBerry|ArmorTail|TrickRoom,TwinBeam,HelpingHand,Thunderbolt|Bold||M|||50|]Aerodactyl||Aerodactylite|Unnerve|RockSlide,Protect,Tailwind,Taunt|Jolly||F|||50|]Kingambit||FocusSash|Defiant|IronHead,SuckerPunch,LowKick,Protect|Adamant||F|||50|]Garchomp||LifeOrb|RoughSkin|DragonClaw,Earthquake,StompingTantrum,Protect|Adamant||F|||50|]Charizard||CharizarditeY|Blaze|WeatherBall,HeatWave,SolarBeam,Protect|Modest||F|||50|]Ninetales-Alola||ExpertBelt|SnowWarning|Blizzard,FreezeDry,AuroraVeil,Protect|Timid||M|||50|
|inactive|Battle timer is ON: inactive players will automatically lose when time's up. (requested by curfy27)
|inactive|curfy27 has 60 seconds left.
|inactive|EvioExess has 60 seconds left.
|
|t:|1784897002
|teamsize|p1|4
|teamsize|p2|4
|start
|switch|p1a: Grimmsnarl|Grimmsnarl, L50, M|100/100
|switch|p1b: Archaludon|Archaludon, L50, F|100/100
|switch|p2a: LA GIRAFFA|Farigiraf, L50, M|100/100
|switch|p2b: Ninetales|Ninetales-Alola, L50, M|100/100
|-weather|Snowscape|[from] ability: Snow Warning|[of] p2b: Ninetales
|turn|1
|
|t:|1784897024
|move|p2a: LA GIRAFFA|Helping Hand|p2b: Ninetales
|-singleturn|p2b: Ninetales|Helping Hand|[of] p2a: LA GIRAFFA
|move|p1a: Grimmsnarl|Light Screen|p1a: Grimmsnarl
|-sidestart|p1: curfy27|move: Light Screen
|move|p2b: Ninetales|Blizzard|p1b: Archaludon|[spread] p1a,p1b
|-damage|p1a: Grimmsnarl|76/100
|-damage|p1b: Archaludon|72/100
|-ability|p1b: Archaludon|Stamina|boost
|-boost|p1b: Archaludon|def|1
|move|p1b: Archaludon|Flash Cannon|p2b: Ninetales
|-supereffective|p2b: Ninetales|2
|-damage|p2b: Ninetales|0 fnt
|faint|p2b: Ninetales
|
|-weather|Snowscape|[upkeep]
|-heal|p1b: Archaludon|78/100|[from] item: Leftovers
|upkeep
|
|t:|1784897034
|switch|p2b: Uscorp|Kingambit, L50, F|100/100
|turn|2
|
|t:|1784897055
|move|p1a: Grimmsnarl|Reflect|p1a: Grimmsnarl
|-sidestart|p1: curfy27|Reflect
|move|p1b: Archaludon|Dragon Pulse|p2a: LA GIRAFFA
|-damage|p2a: LA GIRAFFA|66/100
|move|p2b: Uscorp|Iron Head|p1a: Grimmsnarl
|-supereffective|p1a: Grimmsnarl|1
|-damage|p1a: Grimmsnarl|16/100
|move|p2a: LA GIRAFFA|Thunderbolt|p1a: Grimmsnarl
|-damage|p1a: Grimmsnarl|2/100
|
|-weather|Snowscape|[upkeep]
|-heal|p1b: Archaludon|84/100|[from] item: Leftovers
|upkeep
|turn|3
|
|t:|1784897076
|switch|p1a: Pelipper|Pelipper, L50, M, shiny|100/100
|-weather|RainDance|[from] ability: Drizzle|[of] p1a: Pelipper
|move|p1b: Archaludon|Electro Shot||[still]
|-prepare|p1b: Archaludon|Electro Shot
|-boost|p1b: Archaludon|spa|1
|-anim|p1b: Archaludon|Electro Shot|p2a: LA GIRAFFA
|-damage|p2a: LA GIRAFFA|15/100
|-enditem|p2a: LA GIRAFFA|Sitrus Berry|[eat]
|-heal|p2a: LA GIRAFFA|40/100|[from] item: Sitrus Berry
|move|p2b: Uscorp|Low Kick|p1b: Archaludon
|-supereffective|p1b: Archaludon|1
|-damage|p1b: Archaludon|61/100
|-ability|p1b: Archaludon|Stamina|boost
|-boost|p1b: Archaludon|def|1
|move|p2a: LA GIRAFFA|Thunderbolt|p1a: Pelipper
|-supereffective|p1a: Pelipper|2
|-damage|p1a: Pelipper|28/100
|-enditem|p1a: Pelipper|Sitrus Berry|[eat]
|-heal|p1a: Pelipper|52/100|[from] item: Sitrus Berry
|
|-weather|RainDance|[upkeep]
|-heal|p1b: Archaludon|67/100|[from] item: Leftovers
|upkeep
|turn|4
|inactive|curfy27 has 30 seconds left.
|
|t:|1784897102
|switch|p1a: Grimmsnarl|Grimmsnarl, L50, M|2/100
|move|p1b: Archaludon|Electro Shot||[still]
|-prepare|p1b: Archaludon|Electro Shot
|-boost|p1b: Archaludon|spa|1
|-anim|p1b: Archaludon|Electro Shot|p2a: LA GIRAFFA
|-damage|p2a: LA GIRAFFA|0 fnt
|faint|p2a: LA GIRAFFA
|move|p2b: Uscorp|Low Kick|p1b: Archaludon
|-supereffective|p1b: Archaludon|1
|-damage|p1b: Archaludon|51/100
|-ability|p1b: Archaludon|Stamina|boost
|-boost|p1b: Archaludon|def|1
|
|-weather|RainDance|[upkeep]
|-heal|p1b: Archaludon|57/100|[from] item: Leftovers
|upkeep
|
|t:|1784897108
|switch|p2a: Charizard|Charizard, L50, F|100/100
|turn|5
|
|t:|1784897118
|move|p2a: Charizard|Protect|p2a: Charizard
|-singleturn|p2a: Charizard|Protect
|move|p1b: Archaludon|Protect|p1b: Archaludon
|-singleturn|p1b: Archaludon|Protect
|move|p1a: Grimmsnarl|Parting Shot|p2a: Charizard
|-activate|p2a: Charizard|move: Protect
|move|p2b: Uscorp|Iron Head|p1a: Grimmsnarl
|-supereffective|p1a: Grimmsnarl|1
|-damage|p1a: Grimmsnarl|0 fnt
|faint|p1a: Grimmsnarl
|
|-weather|RainDance|[upkeep]
|-heal|p1b: Archaludon|63/100|[from] item: Leftovers
|upkeep
|
|t:|1784897130
|switch|p1a: Swampert|Swampert, L50, M, shiny|100/100
|turn|6
|
|t:|1784897151
|detailschange|p2a: Charizard|Charizard-Mega-Y, L50, F
|-mega|p2a: Charizard|Charizard|Charizardite Y
|-weather|SunnyDay|[from] ability: Drought|[of] p2a: Charizard
|detailschange|p1a: Swampert|Swampert-Mega, L50, M, shiny
|-mega|p1a: Swampert|Swampert|Swampertite
|move|p2a: Charizard|Solar Beam||[still]
|-prepare|p2a: Charizard|Solar Beam
|-anim|p2a: Charizard|Solar Beam|p1b: Archaludon
|-resisted|p1b: Archaludon|2
|-damage|p1b: Archaludon|55/100
|-ability|p1b: Archaludon|Stamina|boost
|-boost|p1b: Archaludon|def|1
|move|p1b: Archaludon|Dragon Pulse|p2a: Charizard
|-damage|p2a: Charizard|30/100
|move|p1a: Swampert|Wave Crash|p2a: Charizard
|-supereffective|p2a: Charizard|1
|-damage|p2a: Charizard|0 fnt
|faint|p2a: Charizard
|-damage|p1a: Swampert|91/100|[from] Recoil
|move|p2b: Uscorp|Low Kick|p1b: Archaludon
|-supereffective|p1b: Archaludon|1
|-damage|p1b: Archaludon|43/100
|-ability|p1b: Archaludon|Stamina|boost
|-boost|p1b: Archaludon|def|1
|
|-weather|SunnyDay|[upkeep]
|-heal|p1b: Archaludon|49/100|[from] item: Leftovers
|upkeep
|turn|7
|
|t:|1784897176
|switch|p1a: Pelipper|Pelipper, L50, M, shiny|52/100
|-weather|RainDance|[from] ability: Drizzle|[of] p1a: Pelipper
|move|p1b: Archaludon|Electro Shot||[still]
|-prepare|p1b: Archaludon|Electro Shot
|-boost|p1b: Archaludon|spa|1
|-anim|p1b: Archaludon|Electro Shot|p2b: Uscorp
|-enditem|p2b: Uscorp|Focus Sash
|-damage|p2b: Uscorp|1/100
|move|p2b: Uscorp|Low Kick|p1b: Archaludon
|-supereffective|p1b: Archaludon|1
|-damage|p1b: Archaludon|41/100
|-ability|p1b: Archaludon|Stamina|boost
|-boost|p1b: Archaludon|def|1
|
|-weather|RainDance|[upkeep]
|-heal|p1b: Archaludon|47/100|[from] item: Leftovers
|upkeep
|turn|8
|
|t:|1784897193
|move|p1b: Archaludon|Electro Shot||[still]
|-prepare|p1b: Archaludon|Electro Shot
|-boost|p1b: Archaludon|spa|1
|-anim|p1b: Archaludon|Electro Shot|p2b: Uscorp
|-damage|p2b: Uscorp|0 fnt
|faint|p2b: Uscorp
|
|win|curfy27
||EvioExess is ready for game 2.
||curfy27 is ready for game 2.
|uhtml|next|Next: Game 2 of 3
