|j|‽EDJPP
|j|☆Snivii
|html|EDJPPSnivii    
|uhtml|bestof|Game 2 of a best-of-3
|t:|1785874757
|gametype|doubles
|player|p1|EDJPP|volkner|1150
|player|p2|Snivii|170|1212
|gen|9
|tier|[Gen 9 Champions] VGC 2026 Reg M-B (Bo3)
|rated|
|rule|Species Clause: Limit one of each Pokémon
|rule|Item Clause: Limit 1 of each item
|clearpoke
|poke|p1|Froslass, L50, F|
|poke|p1|Lycanroc-Dusk, L50, F|
|poke|p1|Sneasler, L50, F|
|poke|p1|Corviknight, L50, F|
|poke|p1|Garchomp, L50, M|
|poke|p1|Tsareena, L50, F|
|poke|p2|Serperior, L50, F|
|poke|p2|Grimmsnarl, L50, M|
|poke|p2|Staraptor, L50, M|
|poke|p2|Whimsicott, L50, M|
|poke|p2|Blastoise, L50, M|
|poke|p2|Skeledirge, L50, F|
|teampreview|4
|showteam|p1|Froslass||Froslassite|SnowCloak|Blizzard,Protect,ShadowBall,AuroraVeil|Timid||F|||50|]Lycanroc-Dusk||ExpertBelt|ToughClaws|Accelerock,CloseCombat,RockSlide,SuckerPunch|Adamant||F|||50|]Sneasler||WhiteHerb|Unburden|CloseCombat,FakeOut,DireClaw,Protect|Jolly||F|||50|]Corviknight||Leftovers|MirrorArmor|BraveBird,Tailwind,IronHead,Roost|Adamant||F|||50|]Garchomp||ChoiceScarf|RoughSkin|StompingTantrum,DragonClaw,RockTomb,IronHead|Jolly||M|||50|]Tsareena||WideLens|QueenlyMajesty|Taunt,HighJumpKick,PowerWhip,Protect|Jolly||F|||50|
|showteam|p2|Serperior||WideLens|Contrary|LeafStorm,Glare,Protect,GastroAcid|Timid||F|||50|]Grimmsnarl||LightClay|Prankster|SpiritBreak,LightScreen,Reflect,PartingShot|Careful||M|||50|]Staraptor||Staraptite|Intimidate|BraveBird,CloseCombat,Roost,Protect|Jolly||M|||50|]Whimsicott||FocusSash|Prankster|Moonblast,Charm,Encore,Tailwind|Timid||M|||50|]Blastoise||Blastoisinite|Torrent|WaterSpout,AuraSphere,WaterPulse,Protect|Modest||M|||50|]Skeledirge||Leftovers|Unaware|TorchSong,ShadowBall,Yawn,Snarl|Quiet||F|||50|
|inactive|Battle timer is ON: inactive players will automatically lose when time's up. (requested by EDJPP)
|inactive|EDJPP has 60 seconds left.
|inactive|EDJPP has 30 seconds left.
|
|t:|1785874824
|teamsize|p1|4
|teamsize|p2|4
|start
|switch|p1a: Garchomp|Garchomp, L50, M|100/100
|switch|p1b: Froslass|Froslass, L50, F|100/100
|switch|p2a: Grimmsnarl|Grimmsnarl, L50, M|100/100
|switch|p2b: Serperior|Serperior, L50, F|100/100
|turn|1
|
|t:|1785874840
|detailschange|p1b: Froslass|Froslass-Mega, L50, F
|-mega|p1b: Froslass|Froslass|Froslassite
|-weather|Snowscape|[from] ability: Snow Warning|[of] p1b: Froslass
|move|p2a: Grimmsnarl|Light Screen|p2a: Grimmsnarl
|-sidestart|p2: Snivii|move: Light Screen
|move|p1a: Garchomp|Stomping Tantrum|p2a: Grimmsnarl
|-damage|p2a: Grimmsnarl|61/100
|move|p1b: Froslass|Blizzard|p2a: Grimmsnarl|[spread] p2a,p2b
|-supereffective|p2b: Serperior|1
|-damage|p2a: Grimmsnarl|34/100
|-damage|p2b: Serperior|38/100
|move|p2b: Serperior|Glare|p1b: Froslass
|-status|p1b: Froslass|par
|
|-weather|Snowscape|[upkeep]
|upkeep
|turn|2
|
|t:|1785874853
|move|p2a: Grimmsnarl|Reflect|p2a: Grimmsnarl
|-sidestart|p2: Snivii|Reflect
|move|p1a: Garchomp|Stomping Tantrum|p2a: Grimmsnarl
|-damage|p2a: Grimmsnarl|7/100
|move|p2b: Serperior|Leaf Storm|p1a: Garchomp
|-crit|p1a: Garchomp
|-damage|p1a: Garchomp|32/100
|-boost|p2b: Serperior|spa|2
|move|p1b: Froslass|Blizzard|p2b: Serperior|[spread] p2a,p2b
|-supereffective|p2b: Serperior|1
|-damage|p2a: Grimmsnarl|0 fnt
|-damage|p2b: Serperior|0 fnt
|faint|p2a: Grimmsnarl
|faint|p2b: Serperior
|
|-weather|Snowscape|[upkeep]
|upkeep
|
|t:|1785874857
|switch|p2b: Staraptor|Staraptor, L50, M|100/100
|switch|p2a: Whimsicott|Whimsicott, L50, M|100/100
|-ability|p2b: Staraptor|Intimidate|boost
|-unboost|p1a: Garchomp|atk|1
|-unboost|p1b: Froslass|atk|1
|turn|3
|
|t:|1785874873
|switch|p1a: Corviknight|Corviknight, L50, F|100/100
|detailschange|p2b: Staraptor|Staraptor-Mega, L50, M
|-mega|p2b: Staraptor|Staraptor|Staraptite
|move|p2a: Whimsicott|Tailwind|p2a: Whimsicott
|-sidestart|p2: Snivii|move: Tailwind
|move|p2b: Staraptor|Close Combat|p1a: Corviknight
|-damage|p1a: Corviknight|51/100
|-boost|p2b: Staraptor|def|1
|-boost|p2b: Staraptor|spd|1
|move|p1b: Froslass|Blizzard|p2a: Whimsicott|[spread] p2a,p2b
|-supereffective|p2a: Whimsicott|1
|-supereffective|p2b: Staraptor|1
|-damage|p2a: Whimsicott|9/100
|-damage|p2b: Staraptor|52/100
|
|-weather|Snowscape|[upkeep]
|-heal|p1a: Corviknight|57/100|[from] item: Leftovers
|upkeep
|turn|4
|
|t:|1785874882
|move|p2a: Whimsicott|Charm|p2b: Staraptor
|-boost|p2b: Staraptor|atk|2
|move|p2b: Staraptor|Brave Bird|p1b: Froslass
|-damage|p1b: Froslass|0 fnt
|faint|p1b: Froslass
|-damage|p2b: Staraptor|25/100|[from] Recoil
|move|p1a: Corviknight|Brave Bird|p2b: Staraptor
|-supereffective|p2b: Staraptor|1
|-damage|p2b: Staraptor|0 fnt
|faint|p2b: Staraptor
|-damage|p1a: Corviknight|50/100g|[from] Recoil
|
|-weather|Snowscape|[upkeep]
|-heal|p1a: Corviknight|56/100|[from] item: Leftovers
|upkeep
|
|t:|1785874890
|switch|p1b: Sneasler|Sneasler, L50, F|100/100
|turn|5
|-message|Snivii forfeited.
|
|win|EDJPP
|raw|EDJPP's rating: 1150 → 1179(+29 for winning)
|raw|Snivii's rating: 1212 → 1183(-29 for losing)
|l|☆Snivii
|player|p2|
