|j|☆Eneix1234
|j|☆naibot2814
|html|Eneix1234naibot2814    
|uhtml|bestof|Game 1 of a best-of-3
|t:|1783793991
|gametype|doubles
|player|p1|Eneix1234|265|1216
|player|p2|naibot2814|colress|1389
|gen|9
|tier|[Gen 9 Champions] VGC 2026 Reg M-B (Bo3)
|rated|
|rule|Species Clause: Limit one of each Pokémon
|rule|Item Clause: Limit 1 of each item
|clearpoke
|poke|p1|Palafin, L50, M|
|poke|p1|Ninetales-Alola, L50, F|
|poke|p1|Metagross, L50|
|poke|p1|Incineroar, L50, F|
|poke|p1|Drampa, L50, F|
|poke|p1|Farigiraf, L50, F|
|poke|p2|Blastoise, L50, M|
|poke|p2|Incineroar, L50, M|
|poke|p2|Sneasler, L50, M|
|poke|p2|Sinistcha, L50|
|poke|p2|Kingambit, L50, M, shiny|
|poke|p2|Floette-Eternal, L50, F|
|teampreview|4
|showteam|p1|Palafin||MysticWater|ZerotoHero|Protect,JetPunch,WaveCrash,DrainPunch|Adamant||M|||50|]Ninetales-Alola||LightClay|SnowWarning|AuroraVeil,Protect,Moonblast,Blizzard|Timid||F|||50|]Metagross||Metagrossite|ClearBody|Protect,MeteorMash,PsychicFangs,BodyPress|Jolly|||||50|]Incineroar||ExpertBelt|Intimidate|FakeOut,PartingShot,FlareBlitz,DrainPunch|Adamant||F|||50|]Drampa||Drampanite|CloudNine|Protect,EarthPower,DragonPulse,EnergyBall|Modest||F|||50|]Farigiraf||SitrusBerry|ArmorTail|Protect,HyperVoice,TrickRoom,TwinBeam|Modest||F|||50|
|showteam|p2|Blastoise||Blastoisinite|Torrent|WaterSpout,DarkPulse,ShellSmash,Protect|Modest||M|||50|]Incineroar||SitrusBerry|Intimidate|FakeOut,FlareBlitz,DarkestLariat,PartingShot|Careful||M|||50|]Sneasler||FocusSash|PoisonTouch|FakeOut,CloseCombat,PoisonJab,RockTomb|Jolly||M|||50|]Sinistcha||KasibBerry|Hospitality|MatchaGotcha,TrickRoom,RagePowder,Protect|Bold|||||50|]Kingambit||BlackGlasses|Defiant|KowtowCleave,SuckerPunch,SwordsDance,Protect|Adamant||M|||50|]Floette-Eternal||Floettite|FlowerVeil|DrainingKiss,DazzlingGleam,CalmMind,Protect|Modest||F|||50|
|inactive|Battle timer is ON: inactive players will automatically lose when time's up. (requested by Eneix1234)
|
|t:|1783794026
|teamsize|p1|4
|teamsize|p2|4
|start
|switch|p1a: Palafin|Palafin, L50, M|100/100
|switch|p1b: Ninetales|Ninetales-Alola, L50, F|100/100
|switch|p2a: Incineroar|Incineroar, L50, M|100/100
|switch|p2b: Kingambit|Kingambit, L50, M, shiny|100/100
|-weather|Snowscape|[from] ability: Snow Warning|[of] p1b: Ninetales
|-ability|p2a: Incineroar|Intimidate|boost
|-unboost|p1a: Palafin|atk|1
|-unboost|p1b: Ninetales|atk|1
|turn|1
|inactive|Eneix1234 has 30 seconds left.
|
|t:|1783794052
|detailschange|p1a: Palafin|Palafin-Hero, L50, M
|switch|p1a: Farigiraf|Farigiraf, L50, F|100/100
|move|p1b: Ninetales|Aurora Veil|p1b: Ninetales
|-sidestart|p1: Eneix1234|move: Aurora Veil
|move|p2a: Incineroar|Flare Blitz|p1b: Ninetales
|-supereffective|p1b: Ninetales|1
|-damage|p1b: Ninetales|45/100
|-damage|p2a: Incineroar|85/100|[from] Recoil
|move|p2b: Kingambit|Swords Dance|p2b: Kingambit
|-boost|p2b: Kingambit|atk|2
|
|-weather|Snowscape|[upkeep]
|upkeep
|turn|2
|
|t:|1783794068
|switch|p1b: Palafin|Palafin-Hero, L50, M|100/100
|-activate|p1b: Palafin|ability: Zero to Hero
|move|p1a: Farigiraf|Protect|p1a: Farigiraf
|-singleturn|p1a: Farigiraf|Protect
|move|p2a: Incineroar|Parting Shot|p1b: Palafin
|-unboost|p1b: Palafin|atk|1
|-unboost|p1b: Palafin|spa|1
|
|t:|1783794079
|switch|p2a: Sinistcha|Sinistcha, L50|100/100|[from] Parting Shot
|move|p2b: Kingambit|Kowtow Cleave|p1a: Farigiraf
|-activate|p1a: Farigiraf|move: Protect
|
|-weather|Snowscape|[upkeep]
|upkeep
|turn|3
|
|t:|1783794094
|switch|p1b: Ninetales|Ninetales-Alola, L50, F|45/100
|move|p2a: Sinistcha|Rage Powder|p2a: Sinistcha
|-singleturn|p2a: Sinistcha|move: Rage Powder
|move|p2b: Kingambit|Kowtow Cleave|p1b: Ninetales
|-resisted|p1b: Ninetales|1
|-damage|p1b: Ninetales|11/100
|move|p1a: Farigiraf|Trick Room|p1a: Farigiraf
|-fieldstart|move: Trick Room|[of] p1a: Farigiraf
|
|-weather|Snowscape|[upkeep]
|upkeep
|turn|4
|
|t:|1783794109
|move|p2b: Kingambit|Kowtow Cleave|p1a: Farigiraf
|-supereffective|p1a: Farigiraf|1
|-damage|p1a: Farigiraf|0 fnt
|faint|p1a: Farigiraf
|move|p2a: Sinistcha|Matcha Gotcha|p1b: Ninetales
|-damage|p1b: Ninetales|0 fnt
|faint|p1b: Ninetales
|
|-weather|Snowscape|[upkeep]
|upkeep
|
|t:|1783794119
|switch|p1a: Palafin|Palafin-Hero, L50, M|100/100
|switch|p1b: Drampa|Drampa, L50, F|100/100
|-ability|p1b: Drampa|Cloud Nine
|turn|5
|
|t:|1783794130
|detailschange|p1b: Drampa|Drampa-Mega, L50, F
|-mega|p1b: Drampa|Drampa|Drampanite
|move|p2b: Kingambit|Protect|p2b: Kingambit
|-singleturn|p2b: Kingambit|Protect
|move|p2a: Sinistcha|Protect|p2a: Sinistcha
|-singleturn|p2a: Sinistcha|Protect
|move|p1b: Drampa|Earth Power|p2b: Kingambit
|-activate|p2b: Kingambit|move: Protect
|move|p1a: Palafin|Wave Crash|p2b: Kingambit
|-activate|p2b: Kingambit|move: Protect
|
|-weather|none
|upkeep
|turn|6
|
|t:|1783794146
|move|p2a: Sinistcha|Rage Powder|p2a: Sinistcha
|-singleturn|p2a: Sinistcha|move: Rage Powder
|move|p1b: Drampa|Dragon Pulse|p2a: Sinistcha
|-damage|p2a: Sinistcha|44/100
|move|p2b: Kingambit|Kowtow Cleave|p1a: Palafin
|-damage|p1a: Palafin|28/100
|move|p1a: Palafin|Wave Crash|p2a: Sinistcha
|-resisted|p2a: Sinistcha|1
|-damage|p2a: Sinistcha|6/100
|-damage|p1a: Palafin|17/100|[from] Recoil
|
|upkeep
|turn|7
|
|t:|1783794160
|move|p2b: Kingambit|Protect|p2b: Kingambit
|-singleturn|p2b: Kingambit|Protect
|move|p2a: Sinistcha|Protect|p2a: Sinistcha
|-singleturn|p2a: Sinistcha|Protect
|move|p1a: Palafin|Protect|p1a: Palafin
|-singleturn|p1a: Palafin|Protect
|move|p1b: Drampa|Dragon Pulse|p2b: Kingambit
|-activate|p2b: Kingambit|move: Protect
|
|-fieldend|move: Trick Room
|upkeep
|turn|8
|
|t:|1783794175
|move|p2a: Sinistcha|Rage Powder|p2a: Sinistcha
|-singleturn|p2a: Sinistcha|move: Rage Powder
|move|p1a: Palafin|Jet Punch|p2a: Sinistcha
|-resisted|p2a: Sinistcha|1
|-damage|p2a: Sinistcha|0 fnt
|faint|p2a: Sinistcha
|move|p2b: Kingambit|Kowtow Cleave|p1a: Palafin
|-damage|p1a: Palafin|0 fnt
|faint|p1a: Palafin
|move|p1b: Drampa|Earth Power|p2b: Kingambit
|-supereffective|p2b: Kingambit|1
|-damage|p2b: Kingambit|24/100
|
|-sideend|p1: Eneix1234|move: Aurora Veil
|upkeep
|
|t:|1783794183
|switch|p2a: Incineroar|Incineroar, L50, M|85/100
|-ability|p2a: Incineroar|Intimidate|boost
|-unboost|p1b: Drampa|atk|1
|turn|9
|
|t:|1783794189
|move|p2a: Incineroar|Fake Out|p1b: Drampa
|-damage|p1b: Drampa|89/100
|move|p2b: Kingambit|Swords Dance|p2b: Kingambit
|-boost|p2b: Kingambit|atk|2
|cant|p1b: Drampa|flinch
|
|upkeep
|turn|10
|
|t:|1783794198
|move|p2a: Incineroar|Parting Shot|p1b: Drampa
|-unboost|p1b: Drampa|atk|1
|-unboost|p1b: Drampa|spa|1
|
|t:|1783794200
|switch|p2a: Floette|Floette-Eternal, L50, F|100/100|[from] Parting Shot
|move|p2b: Kingambit|Kowtow Cleave|p1b: Drampa
|-damage|p1b: Drampa|0 fnt
|faint|p1b: Drampa
|
|win|naibot2814
||Eneix1234 is ready for game 2.
||naibot2814 is ready for game 2.
|uhtml|next|Next: Game 2 of 3
|l|☆Eneix1234
|player|p1|
