|j|☆dyd666
|j|☆beeetch
|html|dyd666beeetch    
|uhtml|bestof|Game 3 of a best-of-3
|t:|1755985116
|gametype|doubles
|player|p1|dyd666|2|1188
|player|p2|beeetch|beauty-gen4dp|1242
|gen|9
|tier|[Gen 9] VGC 2025 Reg H (Bo3)
|rated|
|rule|Species Clause: Limit one of each Pokémon
|rule|Item Clause: Limit 1 of each item
|clearpoke
|poke|p1|Weezing-Galar, L50, F|
|poke|p1|Typhlosion-Hisui, L50, F|
|poke|p1|Tauros-Paldea-Aqua, L50, M|
|poke|p1|Toedscruel, L50, M|
|poke|p1|Pawmot, L50, M|
|poke|p1|Kingambit, L50, F|
|poke|p2|Toedscruel, L50, F|
|poke|p2|Weezing-Galar, L50, F|
|poke|p2|Corviknight, L50, M|
|poke|p2|Pawmot, L50, M|
|poke|p2|Garchomp, L50, F|
|poke|p2|Typhlosion-Hisui, L50, F|
|teampreview|4
|showteam|p1|Weezing-Galar||SitrusBerry|NeutralizingGas|Taunt,Protect,WillOWisp,SludgeBomb|||F|||50|,,,,,Water]Typhlosion-Hisui||ChoiceScarf|Blaze|Eruption,HeatWave,Overheat,ShadowBall|||F|||50|,,,,,Fire]Tauros-Paldea-Aqua||AbilityShield|Intimidate|CloseCombat,AquaJet,WaveCrash,Protect|||M|||50|,,,,,Grass]Toedscruel||CovertCloak|MyceliumMight|Spore,EarthPower,EnergyBall,Protect|||M|||50|,,,,,Flying]Pawmot||FocusSash|VoltAbsorb|CloseCombat,DoubleShock,RevivalBlessing,FakeOut|||M|||50|,,,,,Electric]Kingambit||BlackGlasses|Defiant|Protect,SwordsDance,KowtowCleave,SuckerPunch|||F|||50|,,,,,Poison
|showteam|p2|Toedscruel||CovertCloak|MyceliumMight|Spore,EarthPower,AcidSpray,RagePowder|||F|||50|,,,,,Water]Weezing-Galar||ChoiceSpecs|NeutralizingGas|DazzlingGleam,SludgeBomb,StrangeSteam,Flamethrower|||F|||50|,,,,,Fire]Corviknight||SitrusBerry|MirrorArmor|Protect,Tailwind,Roost,BraveBird|||M|||50|,,,,,Dragon]Pawmot||FocusSash|NaturalCure|Protect,CloseCombat,DoubleShock,FakeOut|||M|||50|,,,,,Electric]Garchomp||LifeOrb|RoughSkin|Protect,Earthquake,DragonClaw,StompingTantrum|||F|||50|,,,,,Ground]Typhlosion-Hisui||ChoiceScarf|Blaze|Eruption,SleepTalk,HeatWave,ShadowBall|||F|||50|,,,,,Fire
|
|t:|1755985139
|teamsize|p1|4
|teamsize|p2|4
|start
|switch|p1a: Weezing|Weezing-Galar, L50, F|100/100
|switch|p1b: Tauros|Tauros-Paldea-Aqua, L50, M|100/100
|switch|p2a: Corviknight|Corviknight, L50, M|100/100
|switch|p2b: Typhlosion|Typhlosion-Hisui, L50, F|100/100
|-ability|p1a: Weezing|Neutralizing Gas
|-block|p1b: Tauros|item: Ability Shield
|-ability|p1b: Tauros|Intimidate|boost
|-unboost|p2a: Corviknight|atk|1
|-unboost|p2b: Typhlosion|atk|1
|turn|1
|inactive|Battle timer is ON: inactive players will automatically lose when time's up. (requested by dyd666)
|
|t:|1755985165
|switch|p2b: Weezing|Weezing-Galar, L50, F|100/100
|-ability|p2b: Weezing|Neutralizing Gas
|-block|p1b: Tauros|item: Ability Shield
|-terastallize|p1a: Weezing|Water
|move|p1b: Tauros|Wave Crash|p2b: Weezing
|-damage|p2b: Weezing|40/100
|-damage|p1b: Tauros|80/100|[from] Recoil
|move|p2a: Corviknight|Brave Bird|p1b: Tauros
|-supereffective|p1b: Tauros
|-damage|p1b: Tauros|15/100
|-damage|p2a: Corviknight|85/100|[from] Recoil
|move|p1a: Weezing|Taunt|p2a: Corviknight
|-start|p2a: Corviknight|move: Taunt
|
|upkeep
|turn|2
|inactive|dyd666 has 30 seconds left.
|inactive|beeetch has 30 seconds left.
|inactive|beeetch has 20 seconds left.
|inactive|beeetch has 15 seconds left.
|
|t:|1755985207
|switch|p1b: Kingambit|Kingambit, L50, F|100/100
|move|p2a: Corviknight|Brave Bird|p1a: Weezing
|-damage|p1a: Weezing|73/100
|-damage|p2a: Corviknight|77/100|[from] Recoil
|move|p2b: Weezing|Dazzling Gleam|p1a: Weezing|[spread] p1a,p1b
|-damage|p1a: Weezing|35/100
|-damage|p1b: Kingambit|64/100
|-enditem|p1a: Weezing|Sitrus Berry|[eat]
|-heal|p1a: Weezing|60/100|[from] item: Sitrus Berry
|move|p1a: Weezing|Will-O-Wisp|p2a: Corviknight
|-status|p2a: Corviknight|brn
|
|-damage|p2a: Corviknight|71/100 brn|[from] brn
|upkeep
|turn|3
|
|t:|1755985229
|move|p1a: Weezing|Protect|p1a: Weezing
|-singleturn|p1a: Weezing|Protect
|move|p2a: Corviknight|Brave Bird|p1b: Kingambit
|-resisted|p1b: Kingambit
|-damage|p1b: Kingambit|59/100
|-damage|p2a: Corviknight|70/100 brn|[from] Recoil
|move|p2b: Weezing|Dazzling Gleam|p1a: Weezing|[spread] p1b
|-activate|p1a: Weezing|move: Protect
|-crit|p1b: Kingambit
|-damage|p1b: Kingambit|2/100
|move|p1b: Kingambit|Swords Dance|p1b: Kingambit
|-boost|p1b: Kingambit|atk|2
|
|-damage|p2a: Corviknight|64/100 brn|[from] brn
|upkeep
|turn|4
|
|t:|1755985252
|move|p1b: Kingambit|Sucker Punch|p2a: Corviknight
|-damage|p2a: Corviknight|0 fnt
|faint|p2a: Corviknight
|move|p2b: Weezing|Dazzling Gleam|p1b: Kingambit|[spread] p1a,p1b
|-damage|p1a: Weezing|25/100
|-damage|p1b: Kingambit|0 fnt
|faint|p1b: Kingambit
|move|p1a: Weezing|Sludge Bomb|p2b: Weezing
|-damage|p2b: Weezing|3/100
|
|upkeep
|
|t:|1755985267
|switch|p2a: Garchomp|Garchomp, L50, F|100/100
|switch|p1b: Typhlosion|Typhlosion-Hisui, L50, F|100/100
|turn|5
|inactive|dyd666 has 30 seconds left.
|inactive|dyd666 has 20 seconds left.
|
|t:|1755985306
|move|p2a: Garchomp|Protect|p2a: Garchomp
|-singleturn|p2a: Garchomp|Protect
|move|p1a: Weezing|Protect|p1a: Weezing
|-singleturn|p1a: Weezing|Protect
|move|p1b: Typhlosion|Eruption|p2a: Garchomp|[spread] p2b
|-activate|p2a: Garchomp|move: Protect
|-damage|p2b: Weezing|0 fnt
|faint|p2b: Weezing
|
|upkeep
|
|t:|1755985316
|switch|p2b: Typhlosion|Typhlosion-Hisui, L50, F|100/100
|turn|6
|
|t:|1755985335
|switch|p1b: Tauros|Tauros-Paldea-Aqua, L50, M|15/100
|-ability|p1b: Tauros|Intimidate|boost
|-unboost|p2a: Garchomp|atk|1
|-unboost|p2b: Typhlosion|atk|1
|move|p2b: Typhlosion|Shadow Ball|p1b: Tauros
|-damage|p1b: Tauros|0 fnt
|faint|p1b: Tauros
|move|p2a: Garchomp|Stomping Tantrum|p1a: Weezing
|-crit|p1a: Weezing
|-damage|p1a: Weezing|0 fnt
|faint|p1a: Weezing
|-end|p1a: Weezing|ability: Neutralizing Gas
|-damage|p2a: Garchomp|91/100|[from] item: Life Orb
|
|upkeep
|
|t:|1755985350
|switch|p1b: Typhlosion|Typhlosion-Hisui, L50, F|100/100
|turn|7
|
|t:|1755985360
|-terastallize|p2b: Typhlosion|Fire
|move|p1b: Typhlosion|Eruption|p2b: Typhlosion|[spread] p2a,p2b
|-resisted|p2a: Garchomp
|-resisted|p2b: Typhlosion
|-damage|p2a: Garchomp|54/100
|-damage|p2b: Typhlosion|59/100
|move|p2b: Typhlosion|Shadow Ball|p1b: Typhlosion
|-supereffective|p1b: Typhlosion
|-damage|p1b: Typhlosion|0 fnt
|faint|p1b: Typhlosion
|
|win|beeetch
|raw|dyd666's rating: 1188 → 1167(-21 for losing)
|raw|beeetch's rating: 1242 → 1263(+21 for winning)
