|j|☆gymprincess99
|j|☆Gohma
|html|gymprincess99Gohma    
|uhtml|bestof|Game 1 of a best-of-3
|t:|1785637029
|gametype|doubles
|player|p1|gymprincess99|dawn|
|player|p2|Gohma|169|
|gen|9
|tier|[Gen 9 Champions] VGC 2026 Reg M-B (Bo3)
|rule|Species Clause: Limit one of each Pokémon
|rule|Item Clause: Limit 1 of each item
|clearpoke
|poke|p1|Froslass, L50, F, shiny|
|poke|p1|Scovillain, L50, M, shiny|
|poke|p1|Basculegion, L50, M|
|poke|p1|Kingambit, L50, M, shiny|
|poke|p1|Sneasler, L50, M, shiny|
|poke|p1|Lycanroc-Dusk, L50, M|
|poke|p2|Gardevoir, L50, F|
|poke|p2|Garchomp, L50, M|
|poke|p2|Talonflame, L50, F|
|poke|p2|Maushold, L50|
|poke|p2|Basculegion, L50, M|
|poke|p2|Kingambit, L50, M|
|teampreview|4
|showteam|p1|Froslass||Froslassite|SnowCloak|Blizzard,ShadowBall,AuroraVeil,Protect|Modest||F|||50|]Scovillain||Scovillainite|Moody|GigaDrain,Overheat,RagePowder,Protect|Bold||M|||50|]Basculegion||SitrusBerry|Adaptability|WaveCrash,LastRespects,AquaJet,Protect|Adamant||M|||50|]Kingambit||BlackGlasses|Defiant|KowtowCleave,SuckerPunch,SwordsDance,Protect|Adamant||M|||50|]Sneasler||WhiteHerb|Unburden|GunkShot,CloseCombat,FakeOut,Protect|Adamant||M|||50|]Lycanroc-Dusk||FocusSash|ToughClaws|RockSlide,CloseCombat,Accelerock,Protect|Adamant||M|||50|
|showteam|p2|Gardevoir||Gardevoirite|Telepathy|Psyshock,HyperVoice,TrickRoom,Protect|Modest||F|||50|]Garchomp||LifeOrb|RoughSkin|StompingTantrum,Earthquake,RockSlide,Protect|Jolly||M|||50|]Talonflame||SharpBeak|GaleWings|FlareBlitz,DualWingbeat,Tailwind,Protect|Jolly||F|||50|]Maushold||ChopleBerry|FriendGuard|SuperFang,FollowMe,Taunt,Protect|Impish|||||50|]Basculegion||MysticWater|Adaptability|WaveCrash,LastRespects,AquaJet,Protect|Adamant||M|||50|]Kingambit||FocusSash|Defiant|KowtowCleave,SuckerPunch,LowKick,IronHead|Adamant||M|||50|
|
|t:|1785637250
|teamsize|p1|4
|teamsize|p2|4
|start
|switch|p1a: Froslass|Froslass, L50, F, shiny|100/100
|switch|p1b: Lycanroc|Lycanroc-Dusk, L50, M|100/100
|switch|p2a: Talonflame|Talonflame, L50, F|100/100
|switch|p2b: Gardevoir|Gardevoir, L50, F|100/100
|turn|1
|
|t:|1785637285
|detailschange|p1a: Froslass|Froslass-Mega, L50, F, shiny
|-mega|p1a: Froslass|Froslass|Froslassite
|-weather|Snowscape|[from] ability: Snow Warning|[of] p1a: Froslass
|detailschange|p2b: Gardevoir|Gardevoir-Mega, L50, F
|-mega|p2b: Gardevoir|Gardevoir|Gardevoirite
|move|p1b: Lycanroc|Protect|p1b: Lycanroc
|-singleturn|p1b: Lycanroc|Protect
|move|p2a: Talonflame|Tailwind|p2a: Talonflame
|-sidestart|p2: Gohma|move: Tailwind
|move|p2b: Gardevoir|Hyper Voice|p1b: Lycanroc|[spread] p1a
|-activate|p1b: Lycanroc|move: Protect
|-damage|p1a: Froslass|52/100
|move|p1a: Froslass|Aurora Veil|p1a: Froslass
|-sidestart|p1: gymprincess99|move: Aurora Veil
|
|-weather|Snowscape|[upkeep]
|upkeep
|turn|2
|
|t:|1785637330
|move|p2a: Talonflame|Dual Wingbeat|p1b: Lycanroc|[miss]
|-miss|p2a: Talonflame|p1b: Lycanroc
|move|p1b: Lycanroc|Accelerock|p2a: Talonflame
|-supereffective|p2a: Talonflame|2
|-damage|p2a: Talonflame|0 fnt
|faint|p2a: Talonflame
|move|p2b: Gardevoir|Hyper Voice|p1a: Froslass|[spread] p1a,p1b
|-damage|p1a: Froslass|21/100
|-damage|p1b: Lycanroc|44/100
|move|p1a: Froslass|Shadow Ball|p2b: Gardevoir
|-supereffective|p2b: Gardevoir|1
|-damage|p2b: Gardevoir|28/100
|
|-weather|Snowscape|[upkeep]
|upkeep
|
|t:|1785637358
|switch|p2a: Basculegion|Basculegion, L50, M|100/100
|turn|3
|
|t:|1785637402
|move|p2b: Gardevoir|Protect|p2b: Gardevoir
|-singleturn|p2b: Gardevoir|Protect
|move|p1a: Froslass|Protect|p1a: Froslass
|-singleturn|p1a: Froslass|Protect
|move|p2a: Basculegion|Aqua Jet|p1a: Froslass
|-activate|p1a: Froslass|move: Protect
|move|p1b: Lycanroc|Accelerock|p2b: Gardevoir
|-activate|p2b: Gardevoir|move: Protect
|
|-weather|Snowscape|[upkeep]
|upkeep
|turn|4
|
|t:|1785637429
|switch|p2b: Kingambit|Kingambit, L50, M|100/100
|switch|p1a: Kingambit|Kingambit, L50, M, shiny|100/100
|move|p2a: Basculegion|Aqua Jet|p1b: Lycanroc
|-supereffective|p1b: Lycanroc|1
|-crit|p1b: Lycanroc
|-damage|p1b: Lycanroc|0 fnt
|faint|p1b: Lycanroc
|
|-weather|Snowscape|[upkeep]
|-sideend|p2: Gohma|move: Tailwind
|upkeep
|
|t:|1785637442
|switch|p1b: Sneasler|Sneasler, L50, M, shiny|100/100
|turn|5
|
|t:|1785637562
|switch|p2b: Gardevoir|Gardevoir-Mega, L50, F|28/100
|move|p1b: Sneasler|Fake Out|p2b: Gardevoir
|-damage|p2b: Gardevoir|12/100
|move|p1a: Kingambit|Sucker Punch|p2a: Basculegion
|-supereffective|p2a: Basculegion|1
|-damage|p2a: Basculegion|0 fnt
|faint|p2a: Basculegion
|
|-weather|none
|-sideend|p1: gymprincess99|move: Aurora Veil
|upkeep
|
|t:|1785637571
|switch|p2a: Kingambit|Kingambit, L50, M|100/100
|turn|6
|
|t:|1785637681
|move|p1a: Kingambit|Sucker Punch|p2b: Gardevoir
|-damage|p2b: Gardevoir|0 fnt
|faint|p2b: Gardevoir
|move|p1b: Sneasler|Close Combat|p2a: Kingambit
|-supereffective|p2a: Kingambit|2
|-enditem|p2a: Kingambit|Focus Sash
|-damage|p2a: Kingambit|1/100
|-unboost|p1b: Sneasler|def|1
|-unboost|p1b: Sneasler|spd|1
|-enditem|p1b: Sneasler|White Herb
|-clearnegativeboost|p1b: Sneasler|[silent]
|move|p2a: Kingambit|Low Kick|p1a: Kingambit
|-supereffective|p1a: Kingambit|2
|-damage|p1a: Kingambit|0 fnt
|faint|p1a: Kingambit
|
|upkeep
|
|t:|1785637707
|switch|p1a: Froslass|Froslass-Mega, L50, F, shiny|21/100
|-weather|Snowscape|[from] ability: Snow Warning|[of] p1a: Froslass
|turn|7
|
|t:|1785637718
|move|p2a: Kingambit|Sucker Punch|p1a: Froslass
|-supereffective|p1a: Froslass|1
|-damage|p1a: Froslass|0 fnt
|faint|p1a: Froslass
|move|p1b: Sneasler|Close Combat|p2a: Kingambit
|-supereffective|p2a: Kingambit|2
|-damage|p2a: Kingambit|0 fnt
|-unboost|p1b: Sneasler|def|1
|-unboost|p1b: Sneasler|spd|1
|faint|p2a: Kingambit
|
|win|gymprincess99
|inactive|gymprincess99 has 30 seconds to confirm battle start!
|inactive|Gohma has 30 seconds to confirm battle start!
