|j|☆lettitripppp
|j|☆Diamondscyther
|html|lettitrippppDiamondscyther    
|uhtml|bestof|Game 1 of a best-of-3
|t:|1784229490
|gametype|doubles
|player|p1|lettitripppp|lucas|1243
|player|p2|Diamondscyther|larry|1134
|gen|9
|tier|[Gen 9 Champions] VGC 2026 Reg M-B (Bo3)
|rated|
|rule|Species Clause: Limit one of each Pokémon
|rule|Item Clause: Limit 1 of each item
|clearpoke
|poke|p1|Aerodactyl, L50, F|
|poke|p1|Charizard, L50, M|
|poke|p1|Farigiraf, L50, M|
|poke|p1|Garchomp, L50, F|
|poke|p1|Sylveon, L50, F|
|poke|p1|Kingambit, L50, F|
|poke|p2|Tyranitar, L50, M|
|poke|p2|Excadrill, L50, M|
|poke|p2|Milotic, L50, M|
|poke|p2|Gholdengo, L50|
|poke|p2|Sinistcha, L50|
|poke|p2|Staraptor, L50, M|
|teampreview|4
|showteam|p1|Aerodactyl||Aerodactylite|Unnerve|DualWingbeat,RockSlide,Tailwind,IceFang|Jolly||F|||50|]Charizard||CharizarditeY|Blaze|WeatherBall,SolarBeam,HeatWave,Protect|Modest||M|||50|]Farigiraf||SitrusBerry|ArmorTail|Thunderbolt,TrickRoom,TwinBeam,Roar|Calm||M|||50|]Garchomp||LifeOrb|RoughSkin|StompingTantrum,DragonClaw,Earthquake,Protect|Jolly||F|||50|]Sylveon||FairyFeather|Pixilate|QuickAttack,HyperBeam,HyperVoice,Detect|Modest||F|||50|]Kingambit||FocusSash|Defiant|KowtowCleave,SuckerPunch,IronHead,LowKick|Adamant||F|||50|
|showteam|p2|Tyranitar||Tyranitarite|SandStream|KnockOff,RockSlide,HighHorsepower,Protect|Jolly||M|||50|]Excadrill||FocusSash|SandRush|HighHorsepower,IronHead,RockSlide,Protect|Jolly||M|||50|]Milotic||SitrusBerry|Competitive|Scald,IcyWind,Haze,Protect|Calm||M|||50|]Gholdengo||LifeOrb|GoodasGold|MakeItRain,ShadowBall,NastyPlot,Protect|Modest|||||50|]Sinistcha||ColburBerry|Hospitality|MatchaGotcha,ShadowBall,Protect,RagePowder|Bold|||||50|]Staraptor||Staraptite|Intimidate|CloseCombat,BraveBird,Tailwind,Protect|Jolly||M|||50|
|inactive|Battle timer is ON: inactive players will automatically lose when time's up. (requested by Diamondscyther)
|inactive|lettitripppp also wants the timer to be on.
|inactive|Diamondscyther has 60 seconds left.
|
|t:|1784229534
|teamsize|p1|4
|teamsize|p2|4
|start
|switch|p1a: MAGICAL NECK|Farigiraf, L50, M|100/100
|switch|p1b: GENERAL BLADUS|Kingambit, L50, F|100/100
|switch|p2a: Milotic|Milotic, L50, M|100/100
|switch|p2b: Gholdengo|Gholdengo, L50|100/100
|turn|1
|inactive|Diamondscyther has 30 seconds left.
|inactive|Diamondscyther has 20 seconds left.
|
|t:|1784229572
|switch|p2b: Tyranitar|Tyranitar, L50, M|100/100
|-weather|Sandstorm|[from] ability: Sand Stream|[of] p2b: Tyranitar
|move|p2a: Milotic|Scald|p1b: GENERAL BLADUS
|-damage|p1b: GENERAL BLADUS|67/100
|move|p1b: GENERAL BLADUS|Kowtow Cleave|p2b: Tyranitar
|-resisted|p2b: Tyranitar|1
|-damage|p2b: Tyranitar|80/100
|move|p1a: MAGICAL NECK|Trick Room|p1a: MAGICAL NECK
|-fieldstart|move: Trick Room|[of] p1a: MAGICAL NECK
|
|-weather|Sandstorm|[upkeep]
|-damage|p1a: MAGICAL NECK|94/100|[from] Sandstorm
|-damage|p2a: Milotic|94/100|[from] Sandstorm
|upkeep
|turn|2
|inactive|Diamondscyther has 30 seconds left.
|
|t:|1784229605
|switch|p2b: Staraptor|Staraptor, L50, M|100/100
|-ability|p2b: Staraptor|Intimidate|boost
|-unboost|p1a: MAGICAL NECK|atk|1
|-unboost|p1b: GENERAL BLADUS|atk|1
|-ability|p1b: GENERAL BLADUS|Defiant|boost
|-boost|p1b: GENERAL BLADUS|atk|2
|move|p1a: MAGICAL NECK|Thunderbolt|p2a: Milotic
|-supereffective|p2a: Milotic|1
|-damage|p2a: Milotic|61/100
|move|p1b: GENERAL BLADUS|Low Kick|p2b: Staraptor
|-damage|p2b: Staraptor|69/100
|move|p2a: Milotic|Scald|p1b: GENERAL BLADUS
|-damage|p1b: GENERAL BLADUS|36/100
|-status|p1b: GENERAL BLADUS|brn
|
|-weather|Sandstorm|[upkeep]
|-damage|p1a: MAGICAL NECK|88/100|[from] Sandstorm
|-damage|p2a: Milotic|55/100|[from] Sandstorm
|-damage|p2b: Staraptor|64/100|[from] Sandstorm
|-damage|p1b: GENERAL BLADUS|30/100 brn|[from] brn
|upkeep
|turn|3
|inactive|Diamondscyther has 30 seconds left.
|inactive|Diamondscyther has 20 seconds left.
|inactive|Diamondscyther has 15 seconds left.
|
|t:|1784229647
|move|p2b: Staraptor|Protect|p2b: Staraptor
|-singleturn|p2b: Staraptor|Protect
|move|p1a: MAGICAL NECK|Thunderbolt|p2a: Milotic
|-supereffective|p2a: Milotic|1
|-damage|p2a: Milotic|24/100
|-enditem|p2a: Milotic|Sitrus Berry|[eat]
|-heal|p2a: Milotic|48/100|[from] item: Sitrus Berry
|move|p1b: GENERAL BLADUS|Kowtow Cleave|p2a: Milotic
|-damage|p2a: Milotic|13/100
|move|p2a: Milotic|Scald|p1b: GENERAL BLADUS
|-damage|p1b: GENERAL BLADUS|0 fnt
|faint|p1b: GENERAL BLADUS
|
|-weather|Sandstorm|[upkeep]
|-damage|p1a: MAGICAL NECK|82/100|[from] Sandstorm
|-damage|p2a: Milotic|7/100|[from] Sandstorm
|-damage|p2b: Staraptor|58/100|[from] Sandstorm
|upkeep
|
|t:|1784229659
|switch|p1b: PIKU BEAM|Sylveon, L50, F|100/100
|turn|4
|
|t:|1784229673
|move|p2b: Staraptor|Protect||[still]
|-fail|p2b: Staraptor
|move|p1a: MAGICAL NECK|Thunderbolt|p2b: Staraptor
|-supereffective|p2b: Staraptor|1
|-damage|p2b: Staraptor|0 fnt
|faint|p2b: Staraptor
|move|p1b: PIKU BEAM|Hyper Voice|p2a: Milotic
|-damage|p2a: Milotic|0 fnt
|faint|p2a: Milotic
|
|-weather|Sandstorm|[upkeep]
|-damage|p1a: MAGICAL NECK|76/100|[from] Sandstorm
|-damage|p1b: PIKU BEAM|93/100|[from] Sandstorm
|upkeep
|
|t:|1784229677
|switch|p2a: Gholdengo|Gholdengo, L50|100/100
|switch|p2b: Tyranitar|Tyranitar, L50, M|80/100
|turn|5
|
|t:|1784229685
|move|p2b: Tyranitar|Protect|p2b: Tyranitar
|-singleturn|p2b: Tyranitar|Protect
|move|p1b: PIKU BEAM|Hyper Beam|p2b: Tyranitar
|-activate|p2b: Tyranitar|move: Protect
|move|p2a: Gholdengo|Nasty Plot|p2a: Gholdengo
|-boost|p2a: Gholdengo|spa|2
|move|p1a: MAGICAL NECK|Roar|p1b: PIKU BEAM
|drag|p1b: AGNI|Charizard, L50, M|100/100
|
|-weather|none
|-fieldend|move: Trick Room
|upkeep
|turn|6
|inactive|Diamondscyther has 30 seconds left.
|inactive|Diamondscyther has 20 seconds left.
|inactive|Diamondscyther has 15 seconds left.
|
|t:|1784229729
|detailschange|p1b: AGNI|Charizard-Mega-Y, L50, M
|-mega|p1b: AGNI|Charizard|Charizardite Y
|-weather|SunnyDay|[from] ability: Drought|[of] p1b: AGNI
|move|p2a: Gholdengo|Protect|p2a: Gholdengo
|-singleturn|p2a: Gholdengo|Protect
|move|p1b: AGNI|Solar Beam||[still]
|-prepare|p1b: AGNI|Solar Beam
|-anim|p1b: AGNI|Solar Beam|p2b: Tyranitar
|-supereffective|p2b: Tyranitar|1
|-damage|p2b: Tyranitar|0 fnt
|faint|p2b: Tyranitar
|move|p1a: MAGICAL NECK|Trick Room|p1a: MAGICAL NECK
|-fieldstart|move: Trick Room|[of] p1a: MAGICAL NECK
|
|-weather|SunnyDay|[upkeep]
|upkeep
|turn|7
|-message|Diamondscyther forfeited.
|
|win|lettitripppp
||Diamondscyther is ready for game 2.
