|j|☆Voltage Gaming101
|j|☆felasmiguel
|html|Voltage Gaming101felasmiguel    
|uhtml|bestof|Game 1 of a best-of-3
|t:|1756837053
|gametype|doubles
|player|p1|Voltage Gaming101|red|1113
|player|p2|felasmiguel|scientist|1118
|gen|9
|tier|[Gen 9] VGC 2025 Reg H (Bo3)
|rated|
|rule|Species Clause: Limit one of each Pokémon
|rule|Item Clause: Limit 1 of each item
|clearpoke
|poke|p1|Tyranitar, L50, M|
|poke|p1|Houndstone, L50, M|
|poke|p1|Gholdengo, L50|
|poke|p1|Garchomp, L50, F|
|poke|p1|Incineroar, L50, M|
|poke|p1|Amoonguss, L50, F|
|poke|p2|Metagross, L50|
|poke|p2|Mienshao, L50, F|
|poke|p2|Comfey, L50, F|
|poke|p2|Frosmoth, L50, M|
|poke|p2|Glimmora, L50, F|
|poke|p2|Ninetales-Alola, L50, F|
|teampreview|4
|showteam|p1|Tyranitar||AssaultVest|SandStream|RockSlide,KnockOff,LowKick,TeraBlast|||M|||50|,,,,,Flying]Houndstone||SpellTag|SandRush|LastRespects,ShadowSneak,PlayRough,FireFang|||M|||50|,,,,,Ghost]Gholdengo||LifeOrb|GoodasGold|MakeItRain,ShadowBall,NastyPlot,Protect||||||50|,,,,,Water]Garchomp||RockyHelmet|RoughSkin|RockSlide,Earthquake,DragonClaw,Protect|||F|||50|,,,,,Fire]Incineroar||SafetyGoggles|Intimidate|FakeOut,KnockOff,FlareBlitz,PartingShot|||M|||50|,,,,,Water]Amoonguss||SitrusBerry|Regenerator|Spore,RagePowder,PollenPuff,Protect|||F|||50|,,,,,Grass
|showteam|p2|Metagross||AssaultVest|ClearBody|HardPress,PsychicFangs,BulletPunch,StompingTantrum||||||50|,,,,,Dragon]Mienshao||FocusSash|InnerFocus|CloseCombat,WideGuard,Taunt,Coaching|||F|||50|,,,,,Fighting]Comfey||RockyHelmet|Triage|FloralHealing,DrainingKiss,Synthesis,TrickRoom|||F|||50|,,,,,Water]Frosmoth||SafetyGoggles|IceScales|QuiverDance,IceBeam,TeraBlast,Protect|||M|||50|,,,,,Electric]Glimmora||PowerHerb|Corrosion|MeteorBeam,Toxic,SpikyShield,EarthPower|||F|||50|,,,,,Grass]Ninetales-Alola||LightClay|SnowWarning|AuroraVeil,FreezeDry,Encore,Protect|||F|||50|,,,,,Ghost
|inactive|Battle timer is ON: inactive players will automatically lose when time's up. (requested by Voltage Gaming101)
|
|t:|1756837099
|teamsize|p1|4
|teamsize|p2|4
|start
|switch|p1a: Tyranitar|Tyranitar, L50, M, shiny|100/100
|switch|p1b: Incineroar|Incineroar, L50, M|100/100
|switch|p2a: Metagross|Metagross, L50|100/100
|switch|p2b: Mienshao|Mienshao, L50, F|100/100
|-ability|p1b: Incineroar|Intimidate|boost
|-fail|p2a: Metagross|unboost|[from] ability: Clear Body|[of] p2a: Metagross
|-fail|p2b: Mienshao|unboost|Attack|[from] ability: Inner Focus|[of] p2b: Mienshao
|-weather|Sandstorm|[from] ability: Sand Stream|[of] p1a: Tyranitar
|turn|1
|
|t:|1756837113
|-terastallize|p1a: Tyranitar|Flying
|move|p1b: Incineroar|Fake Out|p2a: Metagross
|-resisted|p2a: Metagross
|-damage|p2a: Metagross|96/100
|move|p2b: Mienshao|Close Combat|p1b: Incineroar
|-supereffective|p1b: Incineroar
|-damage|p1b: Incineroar|0 fnt
|-unboost|p2b: Mienshao|def|1
|-unboost|p2b: Mienshao|spd|1
|faint|p1b: Incineroar
|cant|p2a: Metagross|flinch
|move|p1a: Tyranitar|Tera Blast|p2b: Mienshao|[anim] Tera Blast Flying
|-supereffective|p2b: Mienshao
|-enditem|p2b: Mienshao|Focus Sash
|-damage|p2b: Mienshao|1/100
|
|-weather|Sandstorm|[upkeep]
|-damage|p2b: Mienshao|0 fnt|[from] Sandstorm
|-damage|p1a: Tyranitar|95/100|[from] Sandstorm
|faint|p2b: Mienshao
|upkeep
|
|t:|1756837132
|switch|p2b: Ninetales|Ninetales-Alola, L50, F|100/100
|switch|p1b: Houndstone|Houndstone, L50, M, shiny|100/100
|-weather|Snowscape|[from] ability: Snow Warning|[of] p2b: Ninetales
|turn|2
|
|t:|1756837145
|switch|p1a: Amoonguss|Amoonguss, L50, F|100/100
|-terastallize|p2a: Metagross|Dragon
|move|p2b: Ninetales|Encore||[still]
|-fail|p2b: Ninetales
|move|p1b: Houndstone|Last Respects|p2a: Metagross
|-damage|p2a: Metagross|52/100
|move|p2a: Metagross|Stomping Tantrum|p1b: Houndstone
|-damage|p1b: Houndstone|33/100
|
|-weather|Snowscape|[upkeep]
|upkeep
|turn|3
|inactive|Voltage Gaming101 has 30 seconds left.
|
|t:|1756837176
|switch|p1a: Tyranitar|Tyranitar, L50, M, shiny, tera:Flying|95/100
|-weather|Sandstorm|[from] ability: Sand Stream|[of] p1a: Tyranitar
|move|p1b: Houndstone|Last Respects|p2a: Metagross
|-damage|p2a: Metagross|10/100
|move|p2b: Ninetales|Freeze-Dry|p1a: Tyranitar
|-supereffective|p1a: Tyranitar
|-damage|p1a: Tyranitar|72/100
|move|p2a: Metagross|Psychic Fangs|p1a: Tyranitar
|-damage|p1a: Tyranitar|33/100
|
|-weather|Sandstorm|[upkeep]
|-damage|p2b: Ninetales|94/100|[from] Sandstorm
|-damage|p2a: Metagross|4/100|[from] Sandstorm
|-damage|p1a: Tyranitar|28/100|[from] Sandstorm
|upkeep
|turn|4
|
|t:|1756837199
|switch|p2a: Comfey|Comfey, L50, F|100/100
|switch|p1a: Amoonguss|Amoonguss, L50, F|100/100
|move|p1b: Houndstone|Last Respects|p2b: Ninetales
|-damage|p2b: Ninetales|27/100
|move|p2b: Ninetales|Freeze-Dry|p1b: Houndstone
|-damage|p1b: Houndstone|9/100
|
|-weather|Sandstorm|[upkeep]
|-damage|p2b: Ninetales|21/100|[from] Sandstorm
|-damage|p2a: Comfey|95/100|[from] Sandstorm
|-damage|p1a: Amoonguss|95/100|[from] Sandstorm
|upkeep
|turn|5
|inactive|felasmiguel has 30 seconds left.
|
|t:|1756837232
|move|p2a: Comfey|Draining Kiss|p1b: Houndstone
|-damage|p1b: Houndstone|0 fnt
|-heal|p2a: Comfey|100/100|[from] drain|[of] p1b: Houndstone
|faint|p1b: Houndstone
|move|p2b: Ninetales|Freeze-Dry|p1a: Amoonguss
|-supereffective|p1a: Amoonguss
|-damage|p1a: Amoonguss|59/100
|move|p1a: Amoonguss|Spore|p2a: Comfey
|-status|p2a: Comfey|slp|[from] move: Spore
|
|-weather|Sandstorm|[upkeep]
|-damage|p2b: Ninetales|14/100|[from] Sandstorm
|-damage|p2a: Comfey|95/100 slp|[from] Sandstorm
|-damage|p1a: Amoonguss|53/100|[from] Sandstorm
|upkeep
|
|t:|1756837236
|switch|p1b: Tyranitar|Tyranitar, L50, M, shiny, tera:Flying|28/100
|turn|6
|
|t:|1756837248
|cant|p2a: Comfey|slp
|move|p2b: Ninetales|Freeze-Dry|p1b: Tyranitar
|-supereffective|p1b: Tyranitar
|-damage|p1b: Tyranitar|3/100
|move|p1b: Tyranitar|Rock Slide|p2b: Ninetales|[spread] p2a,p2b
|-supereffective|p2b: Ninetales
|-damage|p2a: Comfey|64/100 slp
|-damage|p2b: Ninetales|0 fnt
|faint|p2b: Ninetales
|move|p1a: Amoonguss|Pollen Puff|p1b: Tyranitar
|-heal|p1b: Tyranitar|53/100
|
|-weather|Sandstorm|[upkeep]
|-damage|p2a: Comfey|58/100 slp|[from] Sandstorm
|-damage|p1b: Tyranitar|47/100|[from] Sandstorm
|-damage|p1a: Amoonguss|47/100|[from] Sandstorm
|-enditem|p1a: Amoonguss|Sitrus Berry|[eat]
|-heal|p1a: Amoonguss|72/100|[from] item: Sitrus Berry
|upkeep
|
|t:|1756837257
|switch|p2b: Metagross|Metagross, L50, tera:Dragon|4/100
|turn|7
|
|t:|1756837266
|-curestatus|p2a: Comfey|slp|[msg]
|move|p2a: Comfey|Floral Healing|p2b: Metagross
|-heal|p2b: Metagross|54/100
|move|p1a: Amoonguss|Rage Powder|p1a: Amoonguss
|-singleturn|p1a: Amoonguss|move: Rage Powder
|move|p2b: Metagross|Psychic Fangs|p1a: Amoonguss
|-supereffective|p1a: Amoonguss
|-damage|p1a: Amoonguss|0 fnt
|faint|p1a: Amoonguss
|move|p1b: Tyranitar|Rock Slide|p2b: Metagross|[spread] p2a,p2b
|-damage|p2a: Comfey|28/100
|-damage|p2b: Metagross|28/100
|
|-weather|none
|upkeep
|turn|8
|
|t:|1756837284
|move|p2a: Comfey|Floral Healing|p2b: Metagross
|-heal|p2b: Metagross|79/100
|move|p2b: Metagross|Psychic Fangs|p1b: Tyranitar
|-damage|p1b: Tyranitar|10/100
|move|p1b: Tyranitar|Rock Slide|p2a: Comfey|[spread] p2a,p2b
|-damage|p2a: Comfey|0 fnt
|-damage|p2b: Metagross|53/100
|faint|p2a: Comfey
|
|upkeep
|turn|9
|
|t:|1756837292
|move|p2b: Metagross|Bullet Punch|p1b: Tyranitar
|-damage|p1b: Tyranitar|0 fnt
|faint|p1b: Tyranitar
|
|win|felasmiguel
||felasmiguel is ready for game 2.
