|j|☆GlitchXDGOAT
|j|☆PatheTick
|html|GlitchXDGOATPatheTick    
|uhtml|bestof|Game 1 of a best-of-3
|t:|1784199447
|gametype|doubles
|player|p1|GlitchXDGOAT|1|1128
|player|p2|PatheTick|flannery|1000
|gen|9
|tier|[Gen 9 Champions] VGC 2026 Reg M-B (Bo3)
|rated|
|rule|Species Clause: Limit one of each Pokémon
|rule|Item Clause: Limit 1 of each item
|clearpoke
|poke|p1|Froslass, L50, F|
|poke|p1|Lycanroc-Dusk, L50, M|
|poke|p1|Scovillain, L50, M|
|poke|p1|Sneasler, L50, M|
|poke|p1|Kingambit, L50, F|
|poke|p1|Basculegion, L50, M|
|poke|p2|Meowstic, L50, M, shiny|
|poke|p2|Lucario, L50, F, shiny|
|poke|p2|Wyrdeer, L50, M, shiny|
|poke|p2|Sinistcha, L50|
|poke|p2|Grimmsnarl, L50, M, shiny|
|poke|p2|Venusaur, L50, F, shiny|
|teampreview|4
|showteam|p1|Froslass||Froslassite|CursedBody|Blizzard,ShadowBall,AuroraVeil,Protect|Timid||F|||50|]Lycanroc-Dusk||FocusSash|ToughClaws|Accelerock,CloseCombat,RockSlide,Protect|Jolly||M|||50|]Scovillain||Scovillainite|Chlorophyll|Overheat,LeechSeed,RagePowder,Protect|Bold||M|||50|]Sneasler||WhiteHerb|Unburden|FakeOut,DireClaw,CloseCombat,Protect|Adamant||M|||50|]Kingambit||BlackGlasses|Defiant|KowtowCleave,SuckerPunch,IronHead,Protect|Adamant||F|||50|]Basculegion||ChoiceScarf|Adaptability|WaveCrash,LastRespects,FlipTurn,AquaJet|Jolly||M|||50|
|showteam|p2|Meowstic||Meowsticite|Prankster|PsychicTerrain,ExpandingForce,AlluringVoice,Yawn|Modest||M|||50|]Lucario||Lucarionite|Justified|SwordsDance,MeteorMash,CloseCombat,BulletPunch|Jolly||F|||50|]Wyrdeer||Leftovers|Intimidate|PsyshieldBash,BodySlam,Disable,HelpingHand|Impish||M|||50|]Sinistcha||SitrusBerry|Hospitality|MatchaGotcha,ShadowBall,RagePowder,TrickRoom|Quiet|||||50|]Grimmsnarl||LightClay|Prankster|Reflect,LightScreen,SpiritBreak,PartingShot|Careful||M|||50|]Venusaur||LifeOrb|Chlorophyll|GigaDrain,SludgeBomb,SleepPowder,Protect|Modest||F|||50|
|inactive|Battle timer is ON: inactive players will automatically lose when time's up. (requested by GlitchXDGOAT)
|inactive|GlitchXDGOAT has 60 seconds left.
|
|t:|1784199489
|teamsize|p1|4
|teamsize|p2|4
|start
|switch|p1a: Scovillain|Scovillain, L50, M|100/100
|switch|p1b: Lycanroc|Lycanroc-Dusk, L50, M|100/100
|switch|p2a: Golden Experience|Meowstic, L50, M, shiny|100/100
|switch|p2b: Dedusmuln|Wyrdeer, L50, M, shiny|100/100
|-ability|p2b: Dedusmuln|Intimidate|boost
|-unboost|p1a: Scovillain|atk|1
|-unboost|p1b: Lycanroc|atk|1
|turn|1
|
|t:|1784199504
|detailschange|p1a: Scovillain|Scovillain-Mega, L50, M
|-mega|p1a: Scovillain|Scovillain|Scovillainite
|move|p2a: Golden Experience|Psychic Terrain|p2a: Golden Experience
|-fieldstart|move: Psychic Terrain
|move|p1b: Lycanroc|Rock Slide|p2a: Golden Experience|[spread] p2a,p2b
|-damage|p2a: Golden Experience|73/100
|-damage|p2b: Dedusmuln|82/100
|move|p1a: Scovillain|Overheat|p2a: Golden Experience
|-damage|p2a: Golden Experience|0 fnt
|-unboost|p1a: Scovillain|spa|2
|faint|p2a: Golden Experience
|move|p2b: Dedusmuln|Psyshield Bash|p1b: Lycanroc
|-damage|p1b: Lycanroc|28/100
|-boost|p2b: Dedusmuln|def|1
|
|-heal|p2b: Dedusmuln|88/100|[from] item: Leftovers
|upkeep
|
|t:|1784199519
|switch|p2a: Gandalf|Grimmsnarl, L50, M, shiny|100/100
|turn|2
|
|t:|1784199530
|move|p1a: Scovillain|Rage Powder|p1a: Scovillain
|-singleturn|p1a: Scovillain|move: Rage Powder
|move|p2a: Gandalf|Reflect|p2a: Gandalf
|-sidestart|p2: PatheTick|Reflect
|move|p1b: Lycanroc|Close Combat|p2a: Gandalf
|-damage|p2a: Gandalf|75/100
|-unboost|p1b: Lycanroc|def|1
|-unboost|p1b: Lycanroc|spd|1
|move|p2b: Dedusmuln|Psyshield Bash|p1a: Scovillain
|-damage|p1a: Scovillain|61/100
|-boost|p2b: Dedusmuln|def|1
|-status|p2b: Dedusmuln|brn|[from] ability: Spicy Spray|[of] p1a: Scovillain
|
|-heal|p2b: Dedusmuln|94/100 brn|[from] item: Leftovers
|-damage|p2b: Dedusmuln|88/100 brn|[from] brn
|upkeep
|turn|3
|
|t:|1784199543
|move|p1b: Lycanroc|Protect|p1b: Lycanroc
|-singleturn|p1b: Lycanroc|Protect
|move|p1a: Scovillain|Leech Seed|p2a: Gandalf
|-start|p2a: Gandalf|move: Leech Seed
|move|p2b: Dedusmuln|Psyshield Bash|p1a: Scovillain
|-damage|p1a: Scovillain|42/100
|-boost|p2b: Dedusmuln|def|1
|move|p2a: Gandalf|Spirit Break|p1b: Lycanroc
|-activate|p1b: Lycanroc|move: Protect
|
|-heal|p2b: Dedusmuln|94/100 brn|[from] item: Leftovers
|-damage|p2a: Gandalf|63/100|[from] Leech Seed|[of] p1a: Scovillain
|-heal|p1a: Scovillain|56/100|[silent]
|-damage|p2b: Dedusmuln|88/100 brn|[from] brn
|upkeep
|turn|4
|
|t:|1784199562
|switch|p1b: Basculegion|Basculegion, L50, M|100/100
|move|p1a: Scovillain|Leech Seed|p2b: Dedusmuln
|-start|p2b: Dedusmuln|move: Leech Seed
|move|p2b: Dedusmuln|Psyshield Bash|p1a: Scovillain
|-damage|p1a: Scovillain|37/100
|-boost|p2b: Dedusmuln|def|1
|move|p2a: Gandalf|Spirit Break|p1b: Basculegion
|-damage|p1b: Basculegion|58/100
|-unboost|p1b: Basculegion|spa|1
|
|-heal|p2b: Dedusmuln|94/100 brn|[from] item: Leftovers
|-damage|p2b: Dedusmuln|82/100 brn|[from] Leech Seed|[of] p1a: Scovillain
|-heal|p1a: Scovillain|52/100|[silent]
|-damage|p2a: Gandalf|50/100g|[from] Leech Seed|[of] p1a: Scovillain
|-heal|p1a: Scovillain|66/100|[silent]
|-damage|p2b: Dedusmuln|76/100 brn|[from] brn
|upkeep
|turn|5
|
|t:|1784199577
|switch|p2b: Beelzebufo|Venusaur, L50, F, shiny|100/100
|move|p1a: Scovillain|Rage Powder|p1a: Scovillain
|-singleturn|p1a: Scovillain|move: Rage Powder
|move|p2a: Gandalf|Parting Shot|p1a: Scovillain
|-activate|p1a: Scovillain|move: Psychic Terrain
|move|p1b: Basculegion|Wave Crash|p2a: Gandalf
|-damage|p2a: Gandalf|0 fnt
|faint|p2a: Gandalf
|-damage|p1b: Basculegion|41/100|[from] Recoil
|
|-fieldend|move: Psychic Terrain
|upkeep
|
|t:|1784199584
|switch|p2a: Dedusmuln|Wyrdeer, L50, M, shiny|76/100 brn
|-ability|p2a: Dedusmuln|Intimidate|boost
|-unboost|p1a: Scovillain|atk|1
|-unboost|p1b: Basculegion|atk|1
|turn|6
|inactive|GlitchXDGOAT has 30 seconds left.
|
|t:|1784199610
|switch|p1a: Sneasler|Sneasler, L50, M|100/100
|move|p1b: Basculegion|Wave Crash|p2a: Dedusmuln
|-damage|p2a: Dedusmuln|49/100 brn
|-damage|p1b: Basculegion|31/100|[from] Recoil
|move|p2b: Beelzebufo|Sludge Bomb|p1a: Sneasler
|-resisted|p1a: Sneasler|1
|-damage|p1a: Sneasler|62/100
|-damage|p2b: Beelzebufo|90/100|[from] item: Life Orb
|move|p2a: Dedusmuln|Psyshield Bash|p1b: Basculegion
|-damage|p1b: Basculegion|11/100
|-boost|p2a: Dedusmuln|def|1
|
|-heal|p2a: Dedusmuln|55/100 brn|[from] item: Leftovers
|-damage|p2a: Dedusmuln|49/100 brn|[from] brn
|upkeep
|turn|7
|
|t:|1784199626
|move|p1a: Sneasler|Fake Out|p2a: Dedusmuln
|-damage|p2a: Dedusmuln|42/100 brn
|move|p1b: Basculegion|Wave Crash|p2a: Dedusmuln
|-damage|p2a: Dedusmuln|24/100 brn
|-damage|p1b: Basculegion|5/100|[from] Recoil
|move|p2b: Beelzebufo|Giga Drain|p1b: Basculegion
|-supereffective|p1b: Basculegion|1
|-damage|p1b: Basculegion|0 fnt
|-heal|p2b: Beelzebufo|93/100|[from] drain|[of] p1b: Basculegion
|faint|p1b: Basculegion
|-damage|p2b: Beelzebufo|83/100|[from] item: Life Orb
|cant|p2a: Dedusmuln|flinch
|
|-heal|p2a: Dedusmuln|30/100 brn|[from] item: Leftovers
|-damage|p2a: Dedusmuln|24/100 brn|[from] brn
|upkeep
|
|t:|1784199633
|switch|p1b: Scovillain|Scovillain-Mega, L50, M|66/100
|turn|8
|
|t:|1784199644
|move|p1a: Sneasler|Close Combat|p2a: Dedusmuln
|-damage|p2a: Dedusmuln|0 fnt
|-unboost|p1a: Sneasler|def|1
|-unboost|p1a: Sneasler|spd|1
|faint|p2a: Dedusmuln
|-enditem|p1a: Sneasler|White Herb
|-clearnegativeboost|p1a: Sneasler|[silent]
|move|p2b: Beelzebufo|Sludge Bomb|p1b: Scovillain
|-supereffective|p1b: Scovillain|1
|-damage|p1b: Scovillain|0 fnt
|-status|p2b: Beelzebufo|brn|[from] ability: Spicy Spray|[of] p1b: Scovillain
|faint|p1b: Scovillain
|-damage|p2b: Beelzebufo|73/100 brn|[from] item: Life Orb
|
|-damage|p2b: Beelzebufo|67/100 brn|[from] brn
|upkeep
|
|t:|1784199654
|switch|p1b: Lycanroc|Lycanroc-Dusk, L50, M|28/100
|turn|9
|
|t:|1784199657
|move|p1b: Lycanroc|Protect|p1b: Lycanroc
|-singleturn|p1b: Lycanroc|Protect
|move|p1a: Sneasler|Dire Claw|p2b: Beelzebufo
|-damage|p2b: Beelzebufo|31/100 brn
|move|p2b: Beelzebufo|Giga Drain|p1b: Lycanroc
|-activate|p1b: Lycanroc|move: Protect
|
|-damage|p2b: Beelzebufo|25/100 brn|[from] brn
|-sideend|p2: PatheTick|Reflect
|upkeep
|turn|10
|
|t:|1784199667
|move|p1b: Lycanroc|Accelerock|p2b: Beelzebufo
|-crit|p2b: Beelzebufo
|-damage|p2b: Beelzebufo|0 fnt
|faint|p2b: Beelzebufo
|
|win|GlitchXDGOAT
|c|☆GlitchXDGOAT|GG
||GlitchXDGOAT is ready for game 2.
|inactive|PatheTick has 30 seconds to confirm battle start!
|l|☆PatheTick
|player|p2|
||PatheTick is ready for game 2.
|uhtml|next|Next: Game 2 of 3
