|j|☆damage77
|j|☆AlitaVGC
|html|damage77AlitaVGC    
|uhtml|bestof|Game 1 of a best-of-3
|t:|1756353276
|gametype|doubles
|player|p1|damage77|flint|1386
|player|p2|AlitaVGC|aromalady|1152
|gen|9
|tier|[Gen 9] VGC 2025 Reg H (Bo3)
|rated|
|rule|Species Clause: Limit one of each Pokémon
|rule|Item Clause: Limit 1 of each item
|clearpoke
|poke|p1|Ninetales-Alola, L50, F|
|poke|p1|Gholdengo, L50|
|poke|p1|Dragonite, L50, F|
|poke|p1|Annihilape, L50, M|
|poke|p1|Ursaluna-Bloodmoon, L50, M|
|poke|p1|Incineroar, L50, M|
|poke|p2|Sneasler, L50, M|
|poke|p2|Dragapult, L50, M|
|poke|p2|Primarina, L50, M|
|poke|p2|Rillaboom, L50, M|
|poke|p2|Kingambit, L50, F|
|poke|p2|Magmar, L50, M|
|teampreview|4
|showteam|p1|Ninetales-Alola||LightClay|SnowWarning|IcicleSpear,Blizzard,AuroraVeil,IcyWind|||F|||50|,,,,,Ghost]Gholdengo||ChoiceScarf|GoodasGold|MakeItRain,ShadowBall,Trick,NastyPlot||||||50|,,,,,Steel]Dragonite||LoadedDice|Multiscale|ScaleShot,ExtremeSpeed,Protect,Haze|||F|||50|,,,,,Normal]Annihilape||SafetyGoggles|Defiant|DrainPunch,RageFist,BulkUp,Protect|||M|||50|,,,,,Fire]Ursaluna-Bloodmoon||AssaultVest|MindsEye|BloodMoon,HyperVoice,EarthPower,VacuumWave|||M|||50|,,,,,Water]Incineroar||SitrusBerry|Intimidate|FakeOut,FlareBlitz,KnockOff,PartingShot|||M|||50|,,,,,Ghost
|showteam|p2|Sneasler||FocusSash|PoisonTouch|CloseCombat,DireClaw,FakeOut,Protect|||M|||50|,,,,,Stellar]Dragapult||ChoiceBand|ClearBody|DragonDarts,TeraBlast,PhantomForce,Uturn|||M|||50|,,,,,Ghost]Primarina||SitrusBerry|LiquidVoice|HyperVoice,Moonblast,Haze,Protect|||M|||50|,,,,,Water]Rillaboom||AssaultVest|GrassySurge|WoodHammer,GrassyGlide,HighHorsepower,FakeOut|||M|||50|,,,,,Fire]Kingambit||BlackGlasses|Defiant|KowtowCleave,SuckerPunch,SwordsDance,Protect|||F|||50|,,,,,Ghost]Magmar||Eviolite|VitalSpirit|Overheat,WillOWisp,FollowMe,Protect|||M|||50|,,,,,Ghost
|
|t:|1756353315
|teamsize|p1|4
|teamsize|p2|4
|start
|switch|p1a: Gholdengo|Gholdengo, L50|100/100
|switch|p1b: Dragonite|Dragonite, L50, F|100/100
|switch|p2a: Magmar|Magmar, L50, M|100/100
|switch|p2b: Sneasler|Sneasler, L50, M|100/100
|turn|1
|inactive|Battle timer is ON: inactive players will automatically lose when time's up. (requested by damage77)
|
|t:|1756353333
|switch|p1a: Ursaluna|Ursaluna-Bloodmoon, L50, M|100/100
|move|p1b: Dragonite|Protect|p1b: Dragonite
|-singleturn|p1b: Dragonite|Protect
|move|p2b: Sneasler|Fake Out|p1b: Dragonite
|-activate|p1b: Dragonite|move: Protect
|move|p2a: Magmar|Overheat|p1a: Ursaluna
|-damage|p1a: Ursaluna|70/100
|-unboost|p2a: Magmar|spa|2
|
|upkeep
|turn|2
|inactive|AlitaVGC has 30 seconds left.
|inactive|AlitaVGC has 20 seconds left.
|inactive|AlitaVGC has 15 seconds left.
|
|t:|1756353373
|switch|p1a: Gholdengo|Gholdengo, L50|100/100
|move|p2a: Magmar|Protect|p2a: Magmar
|-singleturn|p2a: Magmar|Protect
|move|p2b: Sneasler|Close Combat|p1a: Gholdengo
|-immune|p1a: Gholdengo
|move|p1b: Dragonite|Scale Shot|p2b: Sneasler
|-damage|p2b: Sneasler|73/100
|-damage|p2b: Sneasler|45/100
|-damage|p2b: Sneasler|18/100
|-damage|p2b: Sneasler|0 fnt
|faint|p2b: Sneasler
|-hitcount|p2: Sneasler|4
|-unboost|p1b: Dragonite|def|1
|-boost|p1b: Dragonite|spe|1
|
|upkeep
|
|t:|1756353382
|switch|p2b: Dragapult|Dragapult, L50, M|100/100
|turn|3
|
|t:|1756353402
|move|p2b: Dragapult|U-turn|p1a: Gholdengo
|-resisted|p1a: Gholdengo
|-damage|p1a: Gholdengo|91/100
|
|t:|1756353405
|switch|p2b: Primarina|Primarina, L50, M|100/100|[from] U-turn
|move|p1a: Gholdengo|Trick|p2a: Magmar
|-activate|p1a: Gholdengo|move: Trick|[of] p2a: Magmar
|-item|p2a: Magmar|Choice Scarf|[from] move: Trick
|-item|p1a: Gholdengo|Eviolite|[from] move: Trick
|move|p1b: Dragonite|Scale Shot|p2a: Magmar
|-damage|p2a: Magmar|83/100
|-damage|p2a: Magmar|65/100
|-damage|p2a: Magmar|44/100
|-damage|p2a: Magmar|25/100
|-damage|p2a: Magmar|4/100
|-hitcount|p2a: Magmar|5
|-unboost|p1b: Dragonite|def|1
|-boost|p1b: Dragonite|spe|1
|move|p2a: Magmar|Will-O-Wisp|p1b: Dragonite
|-status|p1b: Dragonite|brn
|
|-damage|p1b: Dragonite|95/100 brn|[from] brn
|upkeep
|turn|4
|inactive|damage77 has 30 seconds left.
|inactive|AlitaVGC has 30 seconds left.
|
|t:|1756353439
|-terastallize|p2b: Primarina|Water
|move|p1b: Dragonite|Protect|p1b: Dragonite
|-singleturn|p1b: Dragonite|Protect
|move|p2a: Magmar|Will-O-Wisp|p1a: Gholdengo
|-immune|p1a: Gholdengo|[from] ability: Good as Gold
|move|p1a: Gholdengo|Make It Rain|p2b: Primarina|[spread] p2a,p2b
|-resisted|p2a: Magmar
|-resisted|p2b: Primarina
|-damage|p2a: Magmar|0 fnt
|-damage|p2b: Primarina|78/100
|-unboost|p1a: Gholdengo|spa|1
|faint|p2a: Magmar
|move|p2b: Primarina|Hyper Voice|p1b: Dragonite|[spread] p1a
|-activate|p1b: Dragonite|move: Protect
|-damage|p1a: Gholdengo|44/100
|
|-damage|p1b: Dragonite|89/100 brn|[from] brn
|upkeep
|
|t:|1756353455
|switch|p2a: Dragapult|Dragapult, L50, M|100/100
|turn|5
|
|t:|1756353469
|move|p1b: Dragonite|Scale Shot|p2a: Dragapult
|-supereffective|p2a: Dragapult
|-damage|p2a: Dragapult|80/100
|-supereffective|p2a: Dragapult
|-damage|p2a: Dragapult|60/100
|-supereffective|p2a: Dragapult
|-damage|p2a: Dragapult|40/100
|-supereffective|p2a: Dragapult
|-damage|p2a: Dragapult|20/100
|-supereffective|p2a: Dragapult
|-damage|p2a: Dragapult|0 fnt
|faint|p2a: Dragapult
|-hitcount|p2: Dragapult|5
|-unboost|p1b: Dragonite|def|1
|-boost|p1b: Dragonite|spe|1
|move|p1a: Gholdengo|Shadow Ball|p2b: Primarina
|-damage|p2b: Primarina|50/100
|-enditem|p2b: Primarina|Sitrus Berry|[eat]
|-heal|p2b: Primarina|75/100|[from] item: Sitrus Berry
|move|p2b: Primarina|Hyper Voice|p1b: Dragonite|[spread] p1a,p1b
|-resisted|p1b: Dragonite
|-damage|p1a: Gholdengo|0 fnt
|-damage|p1b: Dragonite|67/100 brn
|faint|p1a: Gholdengo
|
|-damage|p1b: Dragonite|61/100 brn|[from] brn
|upkeep
|
|t:|1756353492
|switch|p1a: Ursaluna|Ursaluna-Bloodmoon, L50, M|70/100
|turn|6
|
|t:|1756353500
|-terastallize|p1a: Ursaluna|Water
|move|p1b: Dragonite|Extreme Speed|p2b: Primarina
|-damage|p2b: Primarina|60/100
|move|p2b: Primarina|Hyper Voice|p1a: Ursaluna|[spread] p1a,p1b
|-resisted|p1a: Ursaluna
|-resisted|p1b: Dragonite
|-damage|p1a: Ursaluna|56/100
|-damage|p1b: Dragonite|38/100 brn
|move|p1a: Ursaluna|Blood Moon|p2b: Primarina
|-damage|p2b: Primarina|0 fnt
|faint|p2b: Primarina
|
|win|damage77
||AlitaVGC is ready for game 2.
|l|☆AlitaVGC
|player|p2|
|inactive|damage77 has 30 seconds to confirm battle start!
||damage77 is ready for game 2.
|uhtml|next|Next: Game 2 of 3
