|j|☆WGSGZM
|j|☆very_beeg_rat
|html|WGSGZMvery_beeg_rat    
|uhtml|bestof|Game 2 of a best-of-3
|t:|1782269171
|gametype|doubles
|player|p1|WGSGZM|steven|1227
|player|p2|very_beeg_rat|265|1101
|gen|9
|tier|[Gen 9 Champions] VGC 2026 Reg M-B (Bo3)
|rated|
|rule|Species Clause: Limit one of each Pokémon
|rule|Item Clause: Limit 1 of each item
|clearpoke
|poke|p1|Pyroar, L50, F|
|poke|p1|Ninetales, L50, F|
|poke|p1|Whimsicott, L50, M|
|poke|p1|Floette-Eternal, L50, F|
|poke|p1|Basculegion, L50, M|
|poke|p1|Farigiraf, L50, F|
|poke|p2|Floette-Eternal, L50, F|
|poke|p2|Charizard, L50, M|
|poke|p2|Kingambit, L50, F|
|poke|p2|Whimsicott, L50, M|
|poke|p2|Basculegion, L50, M|
|poke|p2|Garchomp, L50, M|
|teampreview|4
|showteam|p1|Pyroar||Pyroarite|Unnerve|HeatWave,Overheat,SolarBeam,Protect|Timid||F|||50|]Ninetales||ChoiceScarf|Drought|HeatWave,Overheat,SolarBeam,FakeTears|Modest||F|||50|]Whimsicott||FocusSash|Prankster|Moonblast,Tailwind,SunnyDay,Protect|Timid||M|||50|]Floette-Eternal||Floettite|FlowerVeil|Moonblast,LightofRuin,DazzlingGleam,Protect|Modest||F|||50|]Basculegion||LifeOrb|Adaptability|WaveCrash,LastRespects,AquaJet,Protect|Adamant||M|||50|]Farigiraf||SitrusBerry|ArmorTail|Psychic,Thunderbolt,TrickRoom,HelpingHand|Bold||F|||50|
|showteam|p2|Floette-Eternal||Floettite|FlowerVeil|LightofRuin,Moonblast,DazzlingGleam,Protect|Timid||F|||50|]Charizard||CharizarditeY|Blaze|SolarBeam,HeatWave,WeatherBall,Protect|Timid||M|||50|]Kingambit||BlackGlasses|Defiant|IronHead,Protect,KowtowCleave,SuckerPunch|Adamant||F|||50|]Whimsicott||FocusSash|Prankster|Moonblast,Tailwind,Encore,Protect|Timid||M|||50|]Basculegion||MysticWater|Adaptability|WaveCrash,Protect,LastRespects,AquaJet|Adamant||M|||50|]Garchomp||LifeOrb|RoughSkin|Earthquake,RockSlide,Protect,DragonClaw|Jolly||M|||50|
|
|t:|1782269201
|teamsize|p1|4
|teamsize|p2|4
|start
|switch|p1a: Floette|Floette-Eternal, L50, F|100/100
|switch|p1b: Ninetales|Ninetales, L50, F|100/100
|switch|p2a: Basculegion|Basculegion, L50, M|100/100
|switch|p2b: Garchomp|Garchomp, L50, M|100/100
|-weather|SunnyDay|[from] ability: Drought|[of] p1b: Ninetales
|turn|1
|
|t:|1782269233
|switch|p2b: Whimsicott|Whimsicott, L50, M|100/100
|detailschange|p1a: Floette|Floette-Mega, L50, F
|-mega|p1a: Floette|Floette|Floettite
|-ability|p1a: Floette|Fairy Aura
|move|p1b: Ninetales|Fake Tears|p2a: Basculegion
|-unboost|p2a: Basculegion|spd|2
|move|p1a: Floette|Dazzling Gleam|p2b: Whimsicott|[spread] p2a,p2b
|-damage|p2a: Basculegion|0 fnt
|-damage|p2b: Whimsicott|9/100
|faint|p2a: Basculegion
|
|-weather|SunnyDay|[upkeep]
|upkeep
|
|t:|1782269247
|switch|p2a: Floette|Floette-Eternal, L50, F|100/100
|turn|2
|
|t:|1782269285
|detailschange|p2a: Floette|Floette-Mega, L50, F
|-mega|p2a: Floette|Floette|Floettite
|-ability|p2a: Floette|Fairy Aura
|move|p2b: Whimsicott|Protect|p2b: Whimsicott
|-singleturn|p2b: Whimsicott|Protect
|move|p1b: Ninetales|Fake Tears|p2a: Floette
|-unboost|p2a: Floette|spd|2
|move|p2a: Floette|Dazzling Gleam|p1a: Floette|[spread] p1a,p1b
|-crit|p1a: Floette
|-resisted|p1b: Ninetales|1
|-damage|p1a: Floette|38/100
|-damage|p1b: Ninetales|70/100
|move|p1a: Floette|Dazzling Gleam|p2b: Whimsicott|[spread] p2a
|-activate|p2b: Whimsicott|move: Protect
|-damage|p2a: Floette|6/100
|
|-weather|SunnyDay|[upkeep]
|upkeep
|turn|3
|
|t:|1782269312
|switch|p1b: Whimsicott|Whimsicott, L50, M|100/100
|move|p2b: Whimsicott|Tailwind|p2b: Whimsicott
|-sidestart|p2: very_beeg_rat|move: Tailwind
|move|p2a: Floette|Dazzling Gleam|p1a: Floette|[spread] p1a,p1b
|-damage|p1a: Floette|0 fnt
|-damage|p1b: Whimsicott|19/100
|faint|p1a: Floette
|
|-weather|SunnyDay|[upkeep]
|upkeep
|
|t:|1782269318
|switch|p1a: Ninetales|Ninetales, L50, F|70/100
|turn|4
|
|t:|1782269334
|move|p1b: Whimsicott|Tailwind|p1b: Whimsicott
|-sidestart|p1: WGSGZM|move: Tailwind
|move|p1a: Ninetales|Heat Wave|p2a: Floette|[spread] p2a,p2b
|-supereffective|p2b: Whimsicott|1
|-damage|p2a: Floette|0 fnt
|-damage|p2b: Whimsicott|0 fnt
|faint|p2a: Floette
|faint|p2b: Whimsicott
|
|-weather|SunnyDay|[upkeep]
|upkeep
|
|t:|1782269345
|switch|p2b: Garchomp|Garchomp, L50, M|100/100
|turn|5
|
|t:|1782269350
|move|p1a: Ninetales|Heat Wave|p2b: Garchomp
|-resisted|p2b: Garchomp|1
|-damage|p2b: Garchomp|64/100
|move|p1b: Whimsicott|Moonblast|p2b: Garchomp
|-supereffective|p2b: Garchomp|1
|-damage|p2b: Garchomp|0 fnt
|faint|p2b: Garchomp
|
|win|WGSGZM
||WGSGZM is ready for game 3.
|l|☆WGSGZM
|player|p1|
||very_beeg_rat is ready for game 3.
|uhtml|next|Next: Game 3 of 3
