|j|☆cm3112
|j|☆Lucario Palworld
|html|cm3112Lucario Palworld    
|uhtml|bestof|Game 1 of a best-of-3
|t:|1757829539
|gametype|doubles
|player|p1|cm3112|1|1398
|player|p2|Lucario Palworld|1|1458
|gen|9
|tier|[Gen 9] VGC 2025 Reg H (Bo3)
|rated|
|rule|Species Clause: Limit one of each Pokémon
|rule|Item Clause: Limit 1 of each item
|clearpoke
|poke|p1|Archaludon, L50, F|
|poke|p1|Maushold-Four, L50|
|poke|p1|Pelipper, L50, F|
|poke|p1|Basculegion, L50, M|
|poke|p1|Incineroar, L50, M|
|poke|p1|Weezing-Galar, L50, F|
|poke|p2|Whimsicott, L50, M|
|poke|p2|Pelipper, L50, M|
|poke|p2|Tatsugiri, L50, F|
|poke|p2|Dondozo, L50, F|
|poke|p2|Gholdengo, L50|
|poke|p2|Perrserker, L50, F|
|teampreview|4
|showteam|p1|Archaludon||AssaultVest|Stamina|FlashCannon,ElectroShot,DracoMeteor,BodyPress|||F|||50|,,,,,Fairy]Maushold-Four||WideLens|Technician|PopulationBomb,BeatUp,FollowMe,Protect||||||50|,,,,,Ghost]Pelipper||FocusSash|Drizzle|MuddyWater,Hurricane,WideGuard,Protect|||F|||50|,,,,,Grass]Basculegion||ChoiceBand|SwiftSwim|WaveCrash,FlipTurn,AquaJet,LastRespects|||M|||50|,,,,,Grass]Incineroar||AbilityShield|Intimidate|FakeOut,PartingShot,KnockOff,WillOWisp|||M|||50|,,,,,Bug]Weezing-Galar||RockyHelmet|NeutralizingGas|SludgeBomb,DazzlingGleam,Haze,Protect|||F|||50|,,,,,Grass
|showteam|p2|Whimsicott||CovertCloak|Prankster|Moonblast,LightScreen,Tailwind,Encore|||M|||50|,,,,,Fire]Pelipper||FocusSash|Drizzle|Hurricane,WeatherBall,Tailwind,WideGuard|||M|||50|,,,,,Ghost]Tatsugiri||ChoiceScarf|Commander|MuddyWater,DracoMeteor,DragonPulse,IcyWind|||F|||50|,,,,,Steel]Dondozo||ClearAmulet|Unaware|Earthquake,WaveCrash,OrderUp,Protect|||F|||50|,,,,,Grass]Gholdengo||ChoiceSpecs|GoodasGold|ShadowBall,MakeItRain,FocusBlast,Thunderbolt||||||50|,,,,,Steel]Perrserker||ChopleBerry|SteelySpirit|FakeOut,IronHead,Taunt,KnockOff|||F|||50|,,,,,Steel
|inactive|Battle timer is ON: inactive players will automatically lose when time's up. (requested by cm3112)
|
|t:|1757829572
|teamsize|p1|4
|teamsize|p2|4
|start
|switch|p1a: Pelipper|Pelipper, L50, F|100/100
|switch|p1b: Archaludon|Archaludon, L50, F|100/100
|switch|p2a: Gholdengo|Gholdengo, L50|100/100
|switch|p2b: Whimsicott|Whimsicott, L50, M|100/100
|-weather|RainDance|[from] ability: Drizzle|[of] p1a: Pelipper
|turn|1
|
|t:|1757829592
|-terastallize|p2a: Gholdengo|Steel
|move|p2b: Whimsicott|Light Screen|p2b: Whimsicott
|-sidestart|p2: Lucario Palworld|move: Light Screen
|move|p2a: Gholdengo|Make It Rain|p1b: Archaludon|[spread] p1a,p1b
|-resisted|p1a: Pelipper
|-resisted|p1b: Archaludon
|-damage|p1a: Pelipper|9/100
|-damage|p1b: Archaludon|63/100
|-unboost|p2a: Gholdengo|spa|1
|-ability|p1b: Archaludon|Stamina|boost
|-boost|p1b: Archaludon|def|1
|move|p1a: Pelipper|Hurricane|p2b: Whimsicott
|-supereffective|p2b: Whimsicott
|-damage|p2b: Whimsicott|0 fnt
|faint|p2b: Whimsicott
|move|p1b: Archaludon|Electro Shot||[still]
|-prepare|p1b: Archaludon|Electro Shot
|-boost|p1b: Archaludon|spa|1
|-anim|p1b: Archaludon|Electro Shot|p2a: Gholdengo
|-damage|p2a: Gholdengo|47/100
|
|-weather|RainDance|[upkeep]
|upkeep
|
|t:|1757829607
|switch|p2b: Dondozo|Dondozo, L50, F|100/100
|turn|2
|
|t:|1757829622
|switch|p2a: Tatsugiri|Tatsugiri, L50, F|100/100
|-activate|p2a: Tatsugiri|ability: Commander|[of] p2b: Dondozo
|-boost|p2b: Dondozo|atk|2
|-boost|p2b: Dondozo|spa|2
|-boost|p2b: Dondozo|spe|2
|-boost|p2b: Dondozo|def|2
|-boost|p2b: Dondozo|spd|2
|move|p1a: Pelipper|Wide Guard|p1a: Pelipper
|-singleturn|p1a: Pelipper|Wide Guard
|move|p2b: Dondozo|Order Up|p1a: Pelipper
|-damage|p1a: Pelipper|0 fnt
|faint|p1a: Pelipper
|-boost|p2b: Dondozo|atk|1
|move|p1b: Archaludon|Electro Shot||[still]
|-prepare|p1b: Archaludon|Electro Shot
|-boost|p1b: Archaludon|spa|1
|-anim|p1b: Archaludon|Electro Shot|p2b: Dondozo
|-supereffective|p2b: Dondozo
|-damage|p2b: Dondozo|70/100
|
|-weather|RainDance|[upkeep]
|upkeep
|
|t:|1757829635
|switch|p1a: Weezing|Weezing-Galar, L50, F|100/100
|-ability|p1a: Weezing|Neutralizing Gas
|turn|3
|
|t:|1757829644
|-terastallize|p1a: Weezing|Grass
|move|p2b: Dondozo|Wave Crash|p1a: Weezing
|-resisted|p1a: Weezing
|-damage|p1a: Weezing|0 fnt
|-damage|p2b: Dondozo|54/100|[from] item: Rocky Helmet|[of] p1a: Weezing
|faint|p1a: Weezing
|-end|p1a: Weezing|ability: Neutralizing Gas
|-damage|p2b: Dondozo|29/100|[from] Recoil
|move|p1b: Archaludon|Draco Meteor|p2b: Dondozo
|-damage|p2b: Dondozo|5/100
|-unboost|p1b: Archaludon|spa|2
|
|-weather|RainDance|[upkeep]
|upkeep
|
|t:|1757829656
|switch|p1a: Basculegion|Basculegion, L50, M|100/100
|turn|4
|
|t:|1757829664
|move|p2b: Dondozo|Protect|p2b: Dondozo
|-singleturn|p2b: Dondozo|Protect
|move|p1a: Basculegion|Last Respects|p2b: Dondozo
|-activate|p2b: Dondozo|move: Protect
|move|p1b: Archaludon|Draco Meteor|p2a: Tatsugiri|[miss]
|-miss|p1b: Archaludon|p2a: Tatsugiri
|
|-weather|RainDance|[upkeep]
|upkeep
|turn|5
|
|t:|1757829671
|move|p2b: Dondozo|Protect||[still]
|-fail|p2b: Dondozo
|move|p1a: Basculegion|Last Respects|p2b: Dondozo
|-damage|p2b: Dondozo|0 fnt
|faint|p2b: Dondozo
|move|p1b: Archaludon|Draco Meteor|p2a: Tatsugiri
|-supereffective|p2a: Tatsugiri
|-damage|p2a: Tatsugiri|0 fnt
|-unboost|p1b: Archaludon|spa|2
|faint|p2a: Tatsugiri
|
|-weather|none
|-sideend|p2: Lucario Palworld|move: Light Screen
|upkeep
|
|t:|1757829678
|switch|p2b: Gholdengo|Gholdengo, L50, tera:Steel|47/100
|turn|6
|
|t:|1757829686
|move|p2b: Gholdengo|Make It Rain|p1b: Archaludon|[spread] p1a,p1b
|-resisted|p1a: Basculegion
|-resisted|p1b: Archaludon
|-damage|p1a: Basculegion|44/100
|-damage|p1b: Archaludon|26/100
|-unboost|p2b: Gholdengo|spa|1
|-ability|p1b: Archaludon|Stamina|boost
|-boost|p1b: Archaludon|def|1
|move|p1a: Basculegion|Last Respects|p2b: Gholdengo
|-damage|p2b: Gholdengo|0 fnt
|faint|p2b: Gholdengo
|
|win|cm3112
||Lucario Palworld is ready for game 2.
||cm3112 is ready for game 2.
|uhtml|next|Next: Game 2 of 3
