|j|☆encore enjoyer
|j|☆GertVgc
|html|encore enjoyerGertVgc    
|uhtml|bestof|Game 1 of a best-of-3
|t:|1756241122
|gametype|doubles
|player|p1|encore enjoyer|byron|1120
|player|p2|GertVgc|170|1040
|gen|9
|tier|[Gen 9] VGC 2025 Reg H (Bo3)
|rated|
|rule|Species Clause: Limit one of each Pokémon
|rule|Item Clause: Limit 1 of each item
|clearpoke
|poke|p1|Dragonite, L50, F|
|poke|p1|Ursaluna-Bloodmoon, L50, M|
|poke|p1|Archaludon, L50, M|
|poke|p1|Whimsicott, L50, M|
|poke|p1|Gholdengo, L50|
|poke|p1|Incineroar, L50, M|
|poke|p2|Weezing-Galar, L50, F|
|poke|p2|Corviknight, L50, M|
|poke|p2|Pawmot, L50, M|
|poke|p2|Garchomp, L50, M|
|poke|p2|Typhlosion-Hisui, L50, M|
|poke|p2|Salamence, L50, F|
|teampreview|4
|showteam|p1|Dragonite||LoadedDice|Multiscale|ScaleShot,ExtremeSpeed,IceSpinner,Protect|||F|||50|,,,,,Fairy]Ursaluna-Bloodmoon||AssaultVest|MindsEye|BloodMoon,HyperVoice,EarthPower,VacuumWave|||M|||50|,,,,,Water]Archaludon||PowerHerb|Sturdy|ElectroShot,FlashCannon,DracoMeteor,Protect|||M|||50|,,,,,Stellar]Whimsicott||CovertCloak|Prankster|FakeTears,Tailwind,Encore,Moonblast|||M|||50|,,,,,Poison]Gholdengo||ChoiceSpecs|GoodasGold|MakeItRain,ShadowBall,PowerGem,SteelBeam||||||50|,,,,,Steel]Incineroar||MirrorHerb|Intimidate|FakeOut,PartingShot,KnockOff,FlareBlitz|||M|||50|,,,,,Ghost
|showteam|p2|Weezing-Galar||ChoiceSpecs|NeutralizingGas|DazzlingGleam,SludgeBomb,StrangeSteam,Flamethrower|||F|||50|,,,,,Fire]Corviknight||SitrusBerry|MirrorArmor|Protect,Tailwind,Roost,BraveBird|||M|||50|,,,,,Dragon]Pawmot||FocusSash|NaturalCure|Protect,CloseCombat,DoubleShock,FakeOut|||M|||50|,,,,,Electric]Garchomp||LifeOrb|RoughSkin|Protect,Earthquake,DragonClaw,StompingTantrum|||M|||50|,,,,,Ground]Typhlosion-Hisui||ChoiceScarf|Blaze|Eruption,SleepTalk,HeatWave,ShadowBall|||M|||50|,,,,,Fire]Salamence||AbilityShield|Intimidate|Protect,Hurricane,DracoMeteor,Tailwind|||F|||50|,,,,,Poison
|inactive|Battle timer is ON: inactive players will automatically lose when time's up. (requested by GertVgc)
|
|t:|1756241192
|teamsize|p1|4
|teamsize|p2|4
|start
|switch|p1a: Ursaluna|Ursaluna-Bloodmoon, L50, M|100/100
|switch|p1b: Dragonite|Dragonite, L50, F|100/100
|switch|p2a: Weezing|Weezing-Galar, L50, F|100/100
|switch|p2b: Typhlosion|Typhlosion-Hisui, L50, M, shiny|100/100
|-ability|p2a: Weezing|Neutralizing Gas
|turn|1
|inactive|encore enjoyer has 30 seconds left.
|inactive|GertVgc has 30 seconds left.
|
|t:|1756241220
|-terastallize|p1a: Ursaluna|Water
|move|p1b: Dragonite|Protect|p1b: Dragonite
|-singleturn|p1b: Dragonite|Protect
|move|p2b: Typhlosion|Eruption|p1a: Ursaluna|[spread] p1a
|-activate|p1b: Dragonite|move: Protect
|-resisted|p1a: Ursaluna
|-damage|p1a: Ursaluna|82/100
|move|p2a: Weezing|Dazzling Gleam|p1b: Dragonite|[spread] p1a
|-activate|p1b: Dragonite|move: Protect
|-crit|p1a: Ursaluna
|-damage|p1a: Ursaluna|45/100
|move|p1a: Ursaluna|Earth Power|p2b: Typhlosion
|-supereffective|p2b: Typhlosion
|-damage|p2b: Typhlosion|0 fnt
|faint|p2b: Typhlosion
|
|upkeep
|
|t:|1756241227
|switch|p2b: Pawmot|Pawmot, L50, M, shiny|100/100
|turn|2
|
|t:|1756241250
|move|p2b: Pawmot|Fake Out|p1b: Dragonite
|-damage|p1b: Dragonite|87/100
|cant|p1b: Dragonite|flinch
|move|p2a: Weezing|Dazzling Gleam|p1b: Dragonite|[spread] p1a,p1b
|-supereffective|p1b: Dragonite
|-damage|p1a: Ursaluna|22/100
|-damage|p1b: Dragonite|7/100
|move|p1a: Ursaluna|Blood Moon|p2a: Weezing
|-damage|p2a: Weezing|0 fnt
|faint|p2a: Weezing
|-end|p2a: Weezing|ability: Neutralizing Gas
|
|upkeep
|
|t:|1756241262
|switch|p2a: Garchomp|Garchomp, L50, M, shiny|100/100
|turn|3
|
|t:|1756241284
|switch|p1a: Whimsicott|Whimsicott, L50, M|100/100
|move|p1b: Dragonite|Extreme Speed|p2b: Pawmot
|-damage|p2b: Pawmot|45/100
|move|p2b: Pawmot|Double Shock|p1a: Whimsicott
|-resisted|p1a: Whimsicott
|-damage|p1a: Whimsicott|63/100
|-start|p2b: Pawmot|typechange|???/Fighting|[from] move: Double Shock
|move|p2a: Garchomp|Dragon Claw|p1b: Dragonite
|-supereffective|p1b: Dragonite
|-damage|p1b: Dragonite|0 fnt
|faint|p1b: Dragonite
|-damage|p2a: Garchomp|91/100|[from] item: Life Orb
|
|upkeep
|
|t:|1756241306
|switch|p1b: Ursaluna|Ursaluna-Bloodmoon, L50, M, tera:Water|22/100
|turn|4
|
|t:|1756241327
|-terastallize|p2a: Garchomp|Ground
|move|p2b: Pawmot|Protect|p2b: Pawmot
|-singleturn|p2b: Pawmot|Protect
|move|p1a: Whimsicott|Tailwind|p1a: Whimsicott
|-sidestart|p1: encore enjoyer|move: Tailwind
|move|p2a: Garchomp|Earthquake|p1b: Ursaluna|[spread] p1a,p1b
|-activate|p2b: Pawmot|move: Protect
|-resisted|p1a: Whimsicott
|-damage|p1a: Whimsicott|17/100
|-damage|p1b: Ursaluna|0 fnt
|faint|p1b: Ursaluna
|-damage|p2a: Garchomp|81/100|[from] item: Life Orb
|
|upkeep
|
|t:|1756241338
|switch|p1b: Gholdengo|Gholdengo, L50|100/100
|turn|5
|
|t:|1756241350
|move|p1a: Whimsicott|Moonblast|p2a: Garchomp
|-damage|p2a: Garchomp|50/100
|-unboost|p2a: Garchomp|spa|1
|move|p1b: Gholdengo|Make It Rain|p2a: Garchomp|[spread] p2a,p2b
|-damage|p2a: Garchomp|0 fnt
|-damage|p2b: Pawmot|0 fnt
|-unboost|p1b: Gholdengo|spa|1
|faint|p2a: Garchomp
|faint|p2b: Pawmot
|
|win|encore enjoyer
||GertVgc is ready for game 2.
|inactive|encore enjoyer has 30 seconds to confirm battle start!
