|j|☆Awer555
|j|☆dimitry_vgc
|html|Awer555dimitry_vgc    
|uhtml|bestof|Game 2 of a best-of-3
|t:|1782273771
|gametype|doubles
|player|p1|Awer555|veteran|1074
|player|p2|dimitry_vgc|pokemonbreederf-gen4|1032
|gen|9
|tier|[Gen 9 Champions] VGC 2026 Reg M-B (Bo3)
|rated|
|rule|Species Clause: Limit one of each Pokémon
|rule|Item Clause: Limit 1 of each item
|clearpoke
|poke|p1|Pelipper, L50, M, shiny|
|poke|p1|Tsareena, L50, F|
|poke|p1|Swampert, L50, M|
|poke|p1|Gholdengo, L50|
|poke|p1|Sylveon, L50, F, shiny|
|poke|p1|Kommo-o, L50, M|
|poke|p2|Pelipper, L50, F|
|poke|p2|Archaludon, L50, M, shiny|
|poke|p2|Sinistcha, L50, shiny|
|poke|p2|Swampert, L50, M|
|poke|p2|Maushold-Four, L50|
|poke|p2|Mawile, L50, M, shiny|
|teampreview|4
|showteam|p1|Pelipper||FocusSash|Drizzle|Hurricane,WeatherBall,WideGuard,Tailwind|Timid||M|||50|]Tsareena||ChoiceScarf|QueenlyMajesty|TripleAxel,TropKick,Uturn,LowSweep|Jolly||F|||50|]Swampert||Swampertite|Damp|Waterfall,IcePunch,HighHorsepower,Protect|Adamant||M|||50|]Gholdengo||LifeOrb|GoodasGold|ShadowBall,MakeItRain,Thunder,Protect|Timid|||||50|]Sylveon||FairyFeather|Pixilate|HyperVoice,HelpingHand,Reflect,QuickAttack|Modest||F|||50|]Kommo-o||Leftovers|Soundproof|BodyPress,Flamethrower,Protect,ClangorousSoul|Bold||M|||50|
|showteam|p2|Pelipper||SitrusBerry|Drizzle|WeatherBall,Hurricane,Tailwind,WideGuard|Modest||F|||50|]Archaludon||Leftovers|Stamina|ElectroShot,DragonPulse,FlashCannon,Protect|Modest||M|||50|]Sinistcha||CobaBerry|Hospitality|MatchaGotcha,RagePowder,Protect,TrickRoom|Bold|||||50|]Swampert||Swampertite|Torrent|WaveCrash,Earthquake,IcePunch,Protect|Jolly||M|||50|]Maushold-Four||ChopleBerry|FriendGuard|FollowMe,SuperFang,Protect,RainDance|Jolly|||||50|]Mawile||Mawilite|HyperCutter|PlayRough,IronHead,SuckerPunch,Protect|Adamant||M|||50|
|inactive|Battle timer is ON: inactive players will automatically lose when time's up. (requested by dimitry_vgc)
|inactive|Awer555 has 60 seconds left.
|
|t:|1782273824
|teamsize|p1|4
|teamsize|p2|4
|start
|switch|p1a: Kommo-o|Kommo-o, L50, M|100/100
|switch|p1b: Sylveon|Sylveon, L50, F, shiny|100/100
|switch|p2a: Maushold|Maushold-Four, L50|100/100
|switch|p2b: Swampert|Swampert, L50, M|100/100
|turn|1
|inactive|dimitry_vgc has 30 seconds left.
|inactive|dimitry_vgc has 20 seconds left.
|
|t:|1782273863
|detailschange|p2b: Swampert|Swampert-Mega, L50, M
|-mega|p2b: Swampert|Swampert|Swampertite
|move|p2a: Maushold|Rain Dance|p2a: Maushold
|-weather|RainDance
|move|p2b: Swampert|Wave Crash|p1b: Sylveon
|-damage|p1b: Sylveon|0 fnt
|faint|p1b: Sylveon
|-damage|p2b: Swampert|65/100|[from] Recoil
|move|p1a: Kommo-o|Body Press|p2b: Swampert
|-damage|p2b: Swampert|40/100
|
|-weather|RainDance|[upkeep]
|upkeep
|
|t:|1782273874
|switch|p1b: Swampert|Swampert, L50, M|100/100
|turn|2
|
|t:|1782273881
|switch|p2a: Sinistcha|Sinistcha, L50, shiny|100/100
|-heal|p2b: Swampert|64/100|[from] ability: Hospitality|[of] p2a: Sinistcha
|detailschange|p1b: Swampert|Swampert-Mega, L50, M
|-mega|p1b: Swampert|Swampert|Swampertite
|move|p1b: Swampert|Protect|p1b: Swampert
|-singleturn|p1b: Swampert|Protect
|move|p2b: Swampert|Ice Punch|p1a: Kommo-o
|-supereffective|p1a: Kommo-o|1
|-damage|p1a: Kommo-o|65/100
|move|p1a: Kommo-o|Clangorous Soul|p1a: Kommo-o
|-boost|p1a: Kommo-o|atk|1
|-boost|p1a: Kommo-o|def|1
|-boost|p1a: Kommo-o|spa|1
|-boost|p1a: Kommo-o|spd|1
|-boost|p1a: Kommo-o|spe|1
|-damage|p1a: Kommo-o|32/100
|
|-weather|RainDance|[upkeep]
|-heal|p1a: Kommo-o|38/100|[from] item: Leftovers
|upkeep
|turn|3
|
|t:|1782273905
|move|p1a: Kommo-o|Protect|p1a: Kommo-o
|-singleturn|p1a: Kommo-o|Protect
|move|p2b: Swampert|Wave Crash|p1a: Kommo-o
|-activate|p1a: Kommo-o|move: Protect
|move|p1b: Swampert|Ice Punch|p2a: Sinistcha
|-supereffective|p2a: Sinistcha|1
|-crit|p2a: Sinistcha
|-damage|p2a: Sinistcha|23/100
|move|p2a: Sinistcha|Matcha Gotcha|p1a: Kommo-o|[spread] p1b
|-activate|p1a: Kommo-o|move: Protect
|-supereffective|p1b: Swampert|2
|-damage|p1b: Swampert|11/100
|-heal|p2a: Sinistcha|70/100|[from] drain|[of] p1b: Swampert
|
|-weather|RainDance|[upkeep]
|-heal|p1a: Kommo-o|45/100|[from] item: Leftovers
|upkeep
|turn|4
|
|t:|1782273927
|switch|p1b: Gholdengo|Gholdengo, L50|100/100
|move|p2b: Swampert|Ice Punch|p1a: Kommo-o
|-supereffective|p1a: Kommo-o|1
|-damage|p1a: Kommo-o|18/100
|move|p1a: Kommo-o|Body Press|p2b: Swampert
|-damage|p2b: Swampert|10/100
|move|p2a: Sinistcha|Matcha Gotcha|p1b: Gholdengo|[spread] p1a,p1b
|-resisted|p1a: Kommo-o|1
|-resisted|p1b: Gholdengo|1
|-damage|p1a: Kommo-o|11/100
|-heal|p2a: Sinistcha|74/100|[from] drain|[of] p1a: Kommo-o
|-damage|p1b: Gholdengo|85/100
|-heal|p2a: Sinistcha|81/100|[from] drain|[of] p1b: Gholdengo
|-status|p1b: Gholdengo|brn
|
|-weather|RainDance|[upkeep]
|-heal|p1a: Kommo-o|17/100|[from] item: Leftovers
|-damage|p1b: Gholdengo|79/100 brn|[from] brn
|upkeep
|turn|5
|inactive|Awer555 has 30 seconds left.
|inactive|dimitry_vgc has 30 seconds left.
|
|t:|1782273962
|switch|p2a: Archaludon|Archaludon, L50, M, shiny|100/100
|move|p1a: Kommo-o|Protect|p1a: Kommo-o
|-singleturn|p1a: Kommo-o|Protect
|move|p1b: Gholdengo|Protect|p1b: Gholdengo
|-singleturn|p1b: Gholdengo|Protect
|move|p2b: Swampert|Wave Crash|p1b: Gholdengo
|-activate|p1b: Gholdengo|move: Protect
|
|-weather|none
|-heal|p1a: Kommo-o|23/100|[from] item: Leftovers
|-damage|p1b: Gholdengo|73/100 brn|[from] brn
|upkeep
|turn|6
|inactive|Awer555 has 30 seconds left.
|
|t:|1782273991
|move|p2a: Archaludon|Protect|p2a: Archaludon
|-singleturn|p2a: Archaludon|Protect
|move|p1a: Kommo-o|Body Press|p2b: Swampert
|-damage|p2b: Swampert|0 fnt
|faint|p2b: Swampert
|move|p1b: Gholdengo|Shadow Ball|p2a: Archaludon
|-activate|p2a: Archaludon|move: Protect
|
|-heal|p1a: Kommo-o|29/100|[from] item: Leftovers
|-damage|p1b: Gholdengo|67/100 brn|[from] brn
|upkeep
|
|t:|1782274011
|switch|p2b: Maushold|Maushold-Four, L50|100/100
|turn|7
|inactive|Awer555 has 30 seconds left.
|
|t:|1782274043
|move|p2b: Maushold|Follow Me|p2b: Maushold
|-singleturn|p2b: Maushold|move: Follow Me
|move|p1a: Kommo-o|Body Press|p2b: Maushold
|-supereffective|p2b: Maushold|1
|-enditem|p2b: Maushold|Chople Berry|[eat]
|-enditem|p2b: Maushold|Chople Berry|[weaken]
|-damage|p2b: Maushold|12/100
|move|p1b: Gholdengo|Make It Rain|p2a: Archaludon|[spread] p2a,p2b
|-resisted|p2a: Archaludon|1
|-damage|p2a: Archaludon|76/100
|-damage|p2b: Maushold|0 fnt
|-unboost|p1b: Gholdengo|spa|2
|-ability|p2a: Archaludon|Stamina|boost
|-boost|p2a: Archaludon|def|1
|faint|p2b: Maushold
|-damage|p1b: Gholdengo|57/100 brn|[from] item: Life Orb
|move|p2a: Archaludon|Dragon Pulse|p1a: Kommo-o
|-supereffective|p1a: Kommo-o|1
|-damage|p1a: Kommo-o|0 fnt
|faint|p1a: Kommo-o
|
|-heal|p2a: Archaludon|82/100|[from] item: Leftovers
|-damage|p1b: Gholdengo|51/100 brn|[from] brn
|upkeep
|
|t:|1782274059
|switch|p2b: Sinistcha|Sinistcha, L50, shiny|81/100
|switch|p1a: Swampert|Swampert-Mega, L50, M|11/100
|-heal|p2a: Archaludon|100/100|[from] ability: Hospitality|[of] p2b: Sinistcha
|turn|8
|inactive|dimitry_vgc has 30 seconds left.
|
|t:|1782274093
|move|p1b: Gholdengo|Shadow Ball|p2b: Sinistcha
|-supereffective|p2b: Sinistcha|1
|-damage|p2b: Sinistcha|27/100
|-damage|p1b: Gholdengo|42/100 brn|[from] item: Life Orb
|move|p2a: Archaludon|Dragon Pulse|p1a: Swampert
|-damage|p1a: Swampert|0 fnt
|faint|p1a: Swampert
|move|p2b: Sinistcha|Matcha Gotcha|p1b: Gholdengo
|-resisted|p1b: Gholdengo|1
|-damage|p1b: Gholdengo|23/100 brn
|-heal|p2b: Sinistcha|35/100|[from] drain|[of] p1b: Gholdengo
|
|-damage|p1b: Gholdengo|17/100 brn|[from] brn
|upkeep
|turn|9
|-message|Awer555 forfeited.
|
|win|dimitry_vgc
|raw|Awer555's rating: 1074 → 1050(-24 for losing)
|raw|dimitry_vgc's rating: 1032 → 1071(+39 for winning)
|l|☆Awer555
|player|p1|
