|j|☆Beeetch
|j|☆SongokuVG Fr
|html|BeeetchSongokuVG Fr    
|uhtml|bestof|Game 1 of a best-of-3
|t:|1756303550
|gametype|doubles
|player|p1|Beeetch|beauty-gen4dp|1319
|player|p2|SongokuVG Fr|lucian|1217
|gen|9
|tier|[Gen 9] VGC 2025 Reg H (Bo3)
|rated|
|rule|Species Clause: Limit one of each Pokémon
|rule|Item Clause: Limit 1 of each item
|clearpoke
|poke|p1|Toedscruel, L50, F|
|poke|p1|Weezing-Galar, L50, F|
|poke|p1|Corviknight, L50, M|
|poke|p1|Pawmot, L50, M|
|poke|p1|Garchomp, L50, F|
|poke|p1|Typhlosion-Hisui, L50, M|
|poke|p2|Rillaboom, L50, M|
|poke|p2|Kingambit, L50, M|
|poke|p2|Sneasler, L50, M|
|poke|p2|Magmar, L50, M|
|poke|p2|Primarina, L50, F|
|poke|p2|Dragapult, L50, F|
|teampreview|4
|showteam|p1|Toedscruel||CovertCloak|MyceliumMight|Spore,EarthPower,AcidSpray,RagePowder|||F|||50|,,,,,Water]Weezing-Galar||ChoiceSpecs|NeutralizingGas|DazzlingGleam,SludgeBomb,StrangeSteam,Flamethrower|||F|||50|,,,,,Flying]Corviknight||SitrusBerry|MirrorArmor|Protect,Tailwind,Roost,BraveBird|||M|||50|,,,,,Dragon]Pawmot||FocusSash|NaturalCure|Protect,CloseCombat,DoubleShock,FakeOut|||M|||50|,,,,,Electric]Garchomp||LifeOrb|RoughSkin|Protect,Earthquake,DragonClaw,StompingTantrum|||F|||50|,,,,,Ground]Typhlosion-Hisui||ChoiceScarf|Blaze|Eruption,SleepTalk,HeatWave,ShadowBall|||M|||50|,,,,,Fire
|showteam|p2|Rillaboom||AssaultVest|GrassySurge|FakeOut,WoodHammer,GrassyGlide,HighHorsepower|||M|||50|,,,,,Fire]Kingambit||DreadPlate|Defiant|KowtowCleave,Protect,SwordsDance,SuckerPunch|||M|||50|,,,,,Ghost]Sneasler||FocusSash|PoisonTouch|DireClaw,CloseCombat,FakeOut,Protect|||M|||50|,,,,,Ghost]Magmar||Eviolite|VitalSpirit|FollowMe,HeatWave,Protect,Taunt|||M|||50|,,,,,Ghost]Primarina||SitrusBerry|LiquidVoice|HyperVoice,Protect,Moonblast,Haze|||F|||50|,,,,,Poison]Dragapult||ChoiceBand|ClearBody|DragonDarts,Uturn,Outrage,PhantomForce|||F|||50|,,,,,Dragon
|inactive|Battle timer is ON: inactive players will automatically lose when time's up. (requested by SongokuVG Fr)
|
|t:|1756303590
|teamsize|p1|4
|teamsize|p2|4
|start
|switch|p1a: Weezing|Weezing-Galar, L50, F|100/100
|switch|p1b: Toedscruel|Toedscruel, L50, F|100/100
|switch|p2a: Sneasler|Sneasler, L50, M|100/100
|switch|p2b: Dragapult|Dragapult, L50, F|100/100
|-ability|p1a: Weezing|Neutralizing Gas
|turn|1
|
|t:|1756303612
|switch|p1b: Corviknight|Corviknight, L50, M|100/100
|move|p2a: Sneasler|Fake Out|p1a: Weezing
|-damage|p1a: Weezing|86/100
|move|p2b: Dragapult|U-turn|p1b: Corviknight
|-resisted|p1b: Corviknight
|-damage|p1b: Corviknight|92/100
|
|t:|1756303620
|switch|p2b: Primarina|Primarina, L50, F|100/100|[from] U-turn
|cant|p1a: Weezing|flinch
|
|upkeep
|turn|2
|
|t:|1756303628
|move|p2a: Sneasler|Dire Claw|p1a: Weezing
|-damage|p1a: Weezing|40/100
|move|p1b: Corviknight|Tailwind|p1b: Corviknight
|-sidestart|p1: Beeetch|move: Tailwind
|move|p1a: Weezing|Dazzling Gleam|p2b: Primarina|[spread] p2a,p2b
|-damage|p2a: Sneasler|54/100
|-damage|p2b: Primarina|69/100
|move|p2b: Primarina|Hyper Voice|p1b: Corviknight|[spread] p1a,p1b
|-resisted|p1b: Corviknight
|-damage|p1a: Weezing|11/100
|-damage|p1b: Corviknight|81/100
|
|upkeep
|turn|3
|
|t:|1756303647
|move|p2a: Sneasler|Protect|p2a: Sneasler
|-singleturn|p2a: Sneasler|Protect
|move|p2b: Primarina|Protect|p2b: Primarina
|-singleturn|p2b: Primarina|Protect
|move|p1b: Corviknight|Brave Bird|p2a: Sneasler
|-activate|p2a: Sneasler|move: Protect
|move|p1a: Weezing|Dazzling Gleam|p2b: Primarina|[spread] 
|-activate|p2a: Sneasler|move: Protect
|-activate|p2b: Primarina|move: Protect
|
|upkeep
|turn|4
|
|t:|1756303658
|move|p1b: Corviknight|Brave Bird|p2a: Sneasler
|-supereffective|p2a: Sneasler
|-damage|p2a: Sneasler|0 fnt
|faint|p2a: Sneasler
|-damage|p1b: Corviknight|68/100|[from] Recoil
|move|p1a: Weezing|Dazzling Gleam|p2b: Primarina
|-damage|p2b: Primarina|29/100
|-enditem|p2b: Primarina|Sitrus Berry|[eat]
|-heal|p2b: Primarina|54/100|[from] item: Sitrus Berry
|move|p2b: Primarina|Hyper Voice|p1a: Weezing|[spread] p1a,p1b
|-resisted|p1b: Corviknight
|-damage|p1a: Weezing|0 fnt
|-damage|p1b: Corviknight|58/100
|faint|p1a: Weezing
|-end|p1a: Weezing|ability: Neutralizing Gas
|
|upkeep
|
|t:|1756303672
|switch|p2a: Magmar|Magmar, L50, M|100/100
|switch|p1a: Garchomp|Garchomp, L50, F|100/100
|turn|5
|
|t:|1756303681
|-terastallize|p1a: Garchomp|Ground
|move|p2a: Magmar|Protect|p2a: Magmar
|-singleturn|p2a: Magmar|Protect
|move|p2b: Primarina|Protect|p2b: Primarina
|-singleturn|p2b: Primarina|Protect
|move|p1a: Garchomp|Earthquake|p2b: Primarina|[spread] 
|-activate|p2a: Magmar|move: Protect
|-activate|p2b: Primarina|move: Protect
|-immune|p1b: Corviknight
|move|p1b: Corviknight|Roost|p1b: Corviknight
|-heal|p1b: Corviknight|100/100
|-singleturn|p1b: Corviknight|move: Roost
|
|-sideend|p1: Beeetch|move: Tailwind
|upkeep
|turn|6
|
|t:|1756303699
|-terastallize|p2a: Magmar|Ghost
|move|p1a: Garchomp|Earthquake|p2b: Primarina|[spread] p2a,p2b
|-immune|p1b: Corviknight
|-damage|p2a: Magmar|49/100
|-damage|p2b: Primarina|0 fnt
|faint|p2b: Primarina
|-damage|p1a: Garchomp|91/100|[from] item: Life Orb
|move|p2a: Magmar|Heat Wave|p1b: Corviknight|[spread] p1a,p1b
|-supereffective|p1b: Corviknight
|-damage|p1a: Garchomp|62/100
|-damage|p1b: Corviknight|54/100
|-status|p1b: Corviknight|brn
|move|p1b: Corviknight|Tailwind|p1b: Corviknight
|-sidestart|p1: Beeetch|move: Tailwind
|
|-damage|p1b: Corviknight|48/100 brn|[from] brn
|upkeep
|-enditem|p1b: Corviknight|Sitrus Berry|[eat]
|-heal|p1b: Corviknight|73/100 brn|[from] item: Sitrus Berry
|
|t:|1756303714
|switch|p2b: Dragapult|Dragapult, L50, F|100/100
|turn|7
|
|t:|1756303727
|move|p2a: Magmar|Protect|p2a: Magmar
|-singleturn|p2a: Magmar|Protect
|move|p1a: Garchomp|Earthquake|p2b: Dragapult|[spread] p2b
|-activate|p2a: Magmar|move: Protect
|-immune|p1b: Corviknight
|-damage|p2b: Dragapult|8/100
|-damage|p1a: Garchomp|53/100|[from] item: Life Orb
|move|p1b: Corviknight|Brave Bird|p2a: Magmar
|-activate|p2a: Magmar|move: Protect
|move|p2b: Dragapult|Dragon Darts|p1a: Garchomp
|-damage|p1a: Garchomp|13/100
|-anim|p2b: Dragapult|Dragon Darts|p1b: Corviknight
|-resisted|p1b: Corviknight
|-damage|p1b: Corviknight|56/100 brn
|
|-damage|p1b: Corviknight|50/100 brn|[from] brn
|upkeep
|turn|8
|
|t:|1756303747
|move|p1a: Garchomp|Earthquake|p2a: Magmar|[spread] p2a,p2b
|-immune|p1b: Corviknight
|-damage|p2a: Magmar|0 fnt
|-damage|p2b: Dragapult|0 fnt
|faint|p2a: Magmar
|faint|p2b: Dragapult
|-damage|p1a: Garchomp|3/100|[from] item: Life Orb
|
|win|Beeetch
