|j|☆Mamoswinefanboi
|j|☆cocacolaindahhouse
|html|Mamoswinefanboicocacolaindahhouse    
|uhtml|bestof|Game 1 of a best-of-3
|t:|1756974861
|gametype|doubles
|player|p1|Mamoswinefanboi|170|1471
|player|p2|cocacolaindahhouse|1|1570
|gen|9
|tier|[Gen 9] VGC 2025 Reg H (Bo3)
|rated|
|rule|Species Clause: Limit one of each Pokémon
|rule|Item Clause: Limit 1 of each item
|clearpoke
|poke|p1|Rillaboom, L50, M|
|poke|p1|Kingambit, L50, M|
|poke|p1|Annihilape, L50, F|
|poke|p1|Dondozo, L50, F|
|poke|p1|Baxcalibur, L50, F|
|poke|p1|Gholdengo, L50|
|poke|p2|Ursaluna, L50, M|
|poke|p2|Dragonite, L50, M|
|poke|p2|Archaludon, L50, M|
|poke|p2|Sinistcha, L50|
|poke|p2|Pelipper, L50, M|
|poke|p2|Gholdengo, L50|
|teampreview|4
|showteam|p1|Rillaboom||AssaultVest|GrassySurge|WoodHammer,GrassyGlide,HighHorsepower,FakeOut|||M|||50|,,,,,Fire]Kingambit||SafetyGoggles|Defiant|KowtowCleave,SuckerPunch,SwordsDance,Protect|||M|||50|,,,,,Fire]Annihilape||FocusSash|Defiant|CloseCombat,RageFist,Coaching,FinalGambit|||F|||50|,,,,,Fairy]Dondozo||Leftovers|Unaware|Protect,WaveCrash,Fissure,Yawn|||F|||50|,,,,,Bug]Baxcalibur||LoadedDice|ThermalExchange|ScaleShot,IcicleSpear,IceShard,Protect|||F|||50|,,,,,Ghost]Gholdengo||ChoiceScarf|GoodasGold|MakeItRain,ShadowBall,SteelBeam,Trick||||||50|,,,,,Steel
|showteam|p2|Ursaluna||FlameOrb|Guts|Facade,Protect,HeadlongRush,Earthquake|||M|||50|,,,,,Ghost]Dragonite||LoadedDice|Multiscale|ScaleShot,Protect,Haze,Tailwind|||M|||50|,,,,,Fairy]Archaludon||AssaultVest|Stamina|FlashCannon,BodyPress,ElectroShot,Snarl|||M|||50|,,,,,Fighting]Sinistcha||SitrusBerry|Hospitality|LifeDew,MatchaGotcha,TrickRoom,RagePowder||||||50|,,,,,Dark]Pelipper||FocusSash|Drizzle|Hurricane,Tailwind,MuddyWater,Protect|||M|||50|,,,,,Ghost]Gholdengo||ChoiceScarf|GoodasGold|MakeItRain,ShadowBall,Trick,TeraBlast||||||50|,,,,,Water
|inactive|Battle timer is ON: inactive players will automatically lose when time's up. (requested by Mamoswinefanboi)
|inactive|cocacolaindahhouse has 60 seconds left.
|
|t:|1756974978
|teamsize|p1|4
|teamsize|p2|4
|start
|switch|p1a: Annihilape|Annihilape, L50, F|100/100
|switch|p1b: Baxcalibur|Baxcalibur, L50, F|100/100
|switch|p2a: Ursaluna|Ursaluna, L50, M|100/100
|switch|p2b: Dragonite|Dragonite, L50, M|100/100
|turn|1
|inactive|cocacolaindahhouse has 30 seconds left.
|inactive|cocacolaindahhouse has 20 seconds left.
|
|t:|1756975017
|-terastallize|p2b: Dragonite|Fairy
|move|p2a: Ursaluna|Protect|p2a: Ursaluna
|-singleturn|p2a: Ursaluna|Protect
|move|p1a: Annihilape|Coaching|p1b: Baxcalibur
|-boost|p1b: Baxcalibur|atk|1
|-boost|p1b: Baxcalibur|def|1
|move|p1b: Baxcalibur|Icicle Spear|p2b: Dragonite
|-damage|p2b: Dragonite|87/100
|-damage|p2b: Dragonite|62/100
|-damage|p2b: Dragonite|35/100
|-damage|p2b: Dragonite|9/100
|-hitcount|p2b: Dragonite|4
|move|p2b: Dragonite|Scale Shot|p1b: Baxcalibur
|-supereffective|p1b: Baxcalibur
|-damage|p1b: Baxcalibur|79/100
|-supereffective|p1b: Baxcalibur
|-damage|p1b: Baxcalibur|57/100
|-supereffective|p1b: Baxcalibur
|-damage|p1b: Baxcalibur|35/100
|-supereffective|p1b: Baxcalibur
|-damage|p1b: Baxcalibur|13/100
|-supereffective|p1b: Baxcalibur
|-damage|p1b: Baxcalibur|0 fnt
|faint|p1b: Baxcalibur
|-hitcount|p1: Baxcalibur|5
|-unboost|p2b: Dragonite|def|1
|-boost|p2b: Dragonite|spe|1
|
|-status|p2a: Ursaluna|brn|[from] item: Flame Orb
|upkeep
|
|t:|1756975037
|switch|p1b: Rillaboom|Rillaboom, L50, M|100/100
|-fieldstart|move: Grassy Terrain|[from] ability: Grassy Surge|[of] p1b: Rillaboom
|turn|2
|inactive|cocacolaindahhouse has 30 seconds left.
|inactive|cocacolaindahhouse has 20 seconds left.
|inactive|cocacolaindahhouse has 15 seconds left.
|
|t:|1756975080
|switch|p2a: Pelipper|Pelipper, L50, M|100/100
|-weather|RainDance|[from] ability: Drizzle|[of] p2a: Pelipper
|move|p2b: Dragonite|Protect|p2b: Dragonite
|-singleturn|p2b: Dragonite|Protect
|move|p1b: Rillaboom|Grassy Glide|p2b: Dragonite
|-activate|p2b: Dragonite|move: Protect
|move|p1a: Annihilape|Close Combat|p2a: Pelipper
|-resisted|p2a: Pelipper
|-damage|p2a: Pelipper|69/100
|-unboost|p1a: Annihilape|def|1
|-unboost|p1a: Annihilape|spd|1
|
|-weather|RainDance|[upkeep]
|-heal|p2b: Dragonite|15/100|[from] Grassy Terrain
|upkeep
|turn|3
|
|t:|1756975104
|move|p1b: Rillaboom|Grassy Glide|p2b: Dragonite
|-damage|p2b: Dragonite|0 fnt
|faint|p2b: Dragonite
|move|p1a: Annihilape|Final Gambit|p2a: Pelipper
|-damage|p2a: Pelipper|0 fnt
|faint|p1a: Annihilape
|faint|p2a: Pelipper
|
|-weather|RainDance|[upkeep]
|upkeep
|
|t:|1756975114
|switch|p1a: Dondozo|Dondozo, L50, F|100/100
|switch|p2b: Ursaluna|Ursaluna, L50, M|100/100 brn
|switch|p2a: Archaludon|Archaludon, L50, M|100/100
|turn|4
|inactive|cocacolaindahhouse has 30 seconds left.
|inactive|cocacolaindahhouse has 20 seconds left.
|inactive|cocacolaindahhouse has 15 seconds left.
|inactive|cocacolaindahhouse has 10 seconds left.
|
|t:|1756975162
|-terastallize|p1a: Dondozo|Bug
|move|p1b: Rillaboom|Wood Hammer|p2b: Ursaluna
|-supereffective|p2b: Ursaluna
|-damage|p2b: Ursaluna|0 fnt
|faint|p2b: Ursaluna
|-damage|p1b: Rillaboom|68/100|[from] Recoil
|move|p2a: Archaludon|Electro Shot||[still]
|-prepare|p2a: Archaludon|Electro Shot
|-boost|p2a: Archaludon|spa|1
|-anim|p2a: Archaludon|Electro Shot|p1a: Dondozo
|-damage|p1a: Dondozo|72/100
|move|p1a: Dondozo|Yawn|p2a: Archaludon
|-start|p2a: Archaludon|move: Yawn|[of] p1a: Dondozo
|
|-weather|RainDance|[upkeep]
|-heal|p1b: Rillaboom|73/100|[from] Grassy Terrain
|-heal|p1a: Dondozo|78/100|[from] Grassy Terrain
|-heal|p1a: Dondozo|84/100|[from] item: Leftovers
|upkeep
|turn|5
|inactive|cocacolaindahhouse has 30 seconds left.
|
|t:|1756975194
|move|p1b: Rillaboom|High Horsepower|p2a: Archaludon
|-supereffective|p2a: Archaludon
|-damage|p2a: Archaludon|60/100
|-ability|p2a: Archaludon|Stamina|boost
|-boost|p2a: Archaludon|def|1
|move|p2a: Archaludon|Electro Shot||[still]
|-prepare|p2a: Archaludon|Electro Shot
|-boost|p2a: Archaludon|spa|1
|-anim|p2a: Archaludon|Electro Shot|p1b: Rillaboom
|-resisted|p1b: Rillaboom
|-damage|p1b: Rillaboom|44/100
|move|p1a: Dondozo|Fissure|p2a: Archaludon|[miss]
|-miss|p1a: Dondozo|p2a: Archaludon
|
|-weather|RainDance|[upkeep]
|-heal|p1b: Rillaboom|50/100|[from] Grassy Terrain
|-heal|p2a: Archaludon|66/100|[from] Grassy Terrain
|-heal|p1a: Dondozo|90/100|[from] Grassy Terrain
|-heal|p1a: Dondozo|97/100|[from] item: Leftovers
|-end|p2a: Archaludon|move: Yawn|[silent]
|-status|p2a: Archaludon|slp
|upkeep
|turn|6
|
|t:|1756975212
|move|p1b: Rillaboom|High Horsepower|p2a: Archaludon
|-supereffective|p2a: Archaludon
|-damage|p2a: Archaludon|39/100 slp
|-ability|p2a: Archaludon|Stamina|boost
|-boost|p2a: Archaludon|def|1
|cant|p2a: Archaludon|slp
|move|p1a: Dondozo|Fissure|p2a: Archaludon|[miss]
|-miss|p1a: Dondozo|p2a: Archaludon
|
|-weather|none
|-heal|p1b: Rillaboom|56/100|[from] Grassy Terrain
|-heal|p2a: Archaludon|45/100 slp|[from] Grassy Terrain
|-heal|p1a: Dondozo|100/100|[from] Grassy Terrain
|-fieldend|move: Grassy Terrain
|upkeep
|turn|7
|
|t:|1756975224
|move|p1b: Rillaboom|High Horsepower|p2a: Archaludon
|-supereffective|p2a: Archaludon
|-damage|p2a: Archaludon|25/100 slp
|-ability|p2a: Archaludon|Stamina|boost
|-boost|p2a: Archaludon|def|1
|cant|p2a: Archaludon|slp
|move|p1a: Dondozo|Fissure|p2a: Archaludon
|-damage|p2a: Archaludon|0 fnt
|faint|p2a: Archaludon
|-ohko
|
|win|Mamoswinefanboi
||cocacolaindahhouse is ready for game 2.
|inactive|Mamoswinefanboi has 30 seconds to confirm battle start!
||Mamoswinefanboi is ready for game 2.
|uhtml|next|Next: Game 2 of 3
|l|☆Mamoswinefanboi
|player|p1|
