|j|☆sacred_td
|j|☆god_chaaan
|html|sacred_tdgod_chaaan    
|uhtml|bestof|Game 2 of a best-of-3
|t:|1782348558
|gametype|doubles
|player|p1|sacred_td|266|
|player|p2|god_chaaan|cynthia-gen4|
|gen|9
|tier|[Gen 9 Champions] VGC 2026 Reg M-B (Bo3)
|rule|Species Clause: Limit one of each Pokémon
|rule|Item Clause: Limit 1 of each item
|clearpoke
|poke|p1|Metagross, L50|
|poke|p1|Annihilape, L50, F|
|poke|p1|Morpeko, L50, M|
|poke|p1|Abomasnow, L50, M|
|poke|p1|Noivern, L50, F|
|poke|p1|Audino, L50, F|
|poke|p2|Mawile, L50, M|
|poke|p2|Gardevoir, L50, M, shiny|
|poke|p2|Staraptor, L50, F|
|poke|p2|Araquanid, L50, M|
|poke|p2|Froslass, L50, F|
|poke|p2|Serperior, L50, M|
|teampreview|4
|showteam|p1|Metagross||Metagrossite|ClearBody|Earthquake,MeteorMash,PsychicFangs,ThunderPunch|Jolly|||||50|]Annihilape||ChoiceScarf|Defiant|CloseCombat,RageFist,Earthquake,IcePunch|Adamant||F|||50|]Morpeko||ExpertBelt|HungerSwitch|AuraWheel,PartingShot,RapidSpin,FakeOut|Adamant||M|||50|]Abomasnow||NeverMeltIce|SnowWarning|AuroraVeil,RockSlide,EarthPower,IceHammer|Adamant||M|||50|]Noivern||FocusSash|Infiltrator|Tailwind,Boomburst,Hurricane,Flamethrower|Timid||F|||50|]Audino||Leftovers|Regenerator|Protect,ThunderWave,HealPulse,Flamethrower|Calm||F|||50|
|showteam|p2|Mawile||Mawilite|Intimidate|PlayRough,IronHead,SuckerPunch,Protect|Adamant||M|||50|]Gardevoir||SitrusBerry|Trace|AlluringVoice,TrickRoom,Protect,HealPulse|Calm||M|||50|]Staraptor||MentalHerb|Intimidate|Tailwind,Roost,CloseCombat,Uturn|Jolly||F|||50|]Araquanid||LifeOrb|WaterBubble|StickyWeb,LeechLife,Liquidation,WideGuard|Adamant||M|||50|]Froslass||FocusSash|CursedBody|Blizzard,IcyWind,Snowscape,AuroraVeil|Timid||F|||50|]Serperior||Leftovers|Contrary|DragonTail,Glare,LeafStorm,GigaDrain|Hasty||M|||50|
|j| BigThreeWinston
|
|t:|1782348569
|teamsize|p1|4
|teamsize|p2|4
|start
|switch|p1a: Metagross|Metagross, L50|100/100
|switch|p1b: Abomasnow|Abomasnow, L50, M|100/100
|switch|p2a: Fetty WAp|Gardevoir, L50, M, shiny|100/100
|switch|p2b: Ben Drowned|Araquanid, L50, M|100/100
|-ability|p2a: Fetty WAp|Clear Body|Trace|[from] ability: Trace|[of] p1a: Metagross
|-weather|Snowscape|[from] ability: Snow Warning|[of] p1b: Abomasnow
|turn|1
|
|t:|1782348598
|detailschange|p1a: Metagross|Metagross-Mega, L50
|-mega|p1a: Metagross|Metagross|Metagrossite
|move|p2a: Fetty WAp|Protect|p2a: Fetty WAp
|-singleturn|p2a: Fetty WAp|Protect
|move|p1a: Metagross|Meteor Mash|p2a: Fetty WAp
|-activate|p2a: Fetty WAp|move: Protect
|move|p1b: Abomasnow|Aurora Veil|p1b: Abomasnow
|-sidestart|p1: sacred_td|move: Aurora Veil
|move|p2b: Ben Drowned|Sticky Web|p1a: Metagross
|-sidestart|p1: sacred_td|move: Sticky Web
|
|-weather|Snowscape|[upkeep]
|upkeep
|turn|2
|
|t:|1782348631
|switch|p2a: F. Fabear|Serperior, L50, M|100/100
|move|p2b: Ben Drowned|Wide Guard|p2b: Ben Drowned
|-singleturn|p2b: Ben Drowned|Wide Guard
|move|p1a: Metagross|Meteor Mash|p2a: F. Fabear
|-damage|p2a: F. Fabear|10/100
|move|p1b: Abomasnow|Rock Slide|p2a: F. Fabear|[spread] 
|-activate|p2a: F. Fabear|move: Wide Guard
|-activate|p2b: Ben Drowned|move: Wide Guard
|
|-weather|Snowscape|[upkeep]
|-heal|p2a: F. Fabear|16/100|[from] item: Leftovers
|upkeep
|turn|3
|
|t:|1782348657
|move|p2a: F. Fabear|Glare|p1a: Metagross
|-status|p1a: Metagross|par
|move|p1a: Metagross|Meteor Mash|p2a: F. Fabear
|-damage|p2a: F. Fabear|0 fnt
|faint|p2a: F. Fabear
|move|p1b: Abomasnow|Rock Slide|p2b: Ben Drowned
|-supereffective|p2b: Ben Drowned|1
|-damage|p2b: Ben Drowned|61/100
|move|p2b: Ben Drowned|Leech Life|p1b: Abomasnow
|-supereffective|p1b: Abomasnow|1
|-damage|p1b: Abomasnow|71/100
|-heal|p2b: Ben Drowned|77/100|[from] drain|[of] p1b: Abomasnow
|-damage|p2b: Ben Drowned|68/100|[from] item: Life Orb
|
|-weather|Snowscape|[upkeep]
|upkeep
|
|t:|1782348672
|switch|p2a: Astolpho|Mawile, L50, M|100/100
|-ability|p2a: Astolpho|Intimidate|boost
|-unboost|p1a: Metagross|atk|1
|-unboost|p1b: Abomasnow|atk|1
|turn|4
|
|t:|1782348684
|detailschange|p2a: Astolpho|Mawile-Mega, L50, M
|-mega|p2a: Astolpho|Mawile|Mawilite
|move|p2a: Astolpho|Sucker Punch|p1a: Metagross
|-supereffective|p1a: Metagross|1
|-damage|p1a: Metagross|49/100 par
|move|p1a: Metagross|Psychic Fangs|p2b: Ben Drowned
|-damage|p2b: Ben Drowned|21/100
|move|p1b: Abomasnow|Earth Power|p2a: Astolpho
|-supereffective|p2a: Astolpho|1
|-damage|p2a: Astolpho|57/100
|move|p2b: Ben Drowned|Liquidation|p1a: Metagross
|-damage|p1a: Metagross|3/100 par
|-damage|p2b: Ben Drowned|11/100|[from] item: Life Orb
|
|-weather|Snowscape|[upkeep]
|upkeep
|turn|5
|
|t:|1782348711
|move|p2a: Astolpho|Sucker Punch|p1a: Metagross
|-supereffective|p1a: Metagross|1
|-damage|p1a: Metagross|0 fnt
|faint|p1a: Metagross
|move|p1b: Abomasnow|Earth Power|p2a: Astolpho
|-supereffective|p2a: Astolpho|1
|-damage|p2a: Astolpho|14/100
|move|p2b: Ben Drowned|Leech Life|p1b: Abomasnow
|-supereffective|p1b: Abomasnow|1
|-damage|p1b: Abomasnow|38/100
|-heal|p2b: Ben Drowned|29/100|[from] drain|[of] p1b: Abomasnow
|-damage|p2b: Ben Drowned|20/100r|[from] item: Life Orb
|
|-weather|none
|-sideend|p1: sacred_td|move: Aurora Veil
|upkeep
|
|t:|1782348723
|switch|p1a: Noivern|Noivern, L50, F|100/100
|turn|6
|
|t:|1782348740
|move|p2a: Astolpho|Protect|p2a: Astolpho
|-singleturn|p2a: Astolpho|Protect
|move|p1a: Noivern|Boomburst|p2a: Astolpho|[spread] p1b,p2b
|-activate|p2a: Astolpho|move: Protect
|-damage|p1b: Abomasnow|9/100
|-damage|p2b: Ben Drowned|0 fnt
|faint|p2b: Ben Drowned
|move|p1b: Abomasnow|Earth Power|p2a: Astolpho
|-activate|p2a: Astolpho|move: Protect
|
|upkeep
|
|t:|1782348749
|switch|p2b: Fetty WAp|Gardevoir, L50, M, shiny|100/100
|-ability|p2b: Fetty WAp|Infiltrator|Trace|[from] ability: Trace|[of] p1a: Noivern
|turn|7
|
|t:|1782348763
|move|p2a: Astolpho|Sucker Punch|p1b: Abomasnow
|-damage|p1b: Abomasnow|0 fnt
|faint|p1b: Abomasnow
|move|p1a: Noivern|Boomburst|p2a: Astolpho|[spread] p2a,p2b
|-resisted|p2a: Astolpho|1
|-damage|p2a: Astolpho|0 fnt
|-damage|p2b: Fetty WAp|78/100
|faint|p2a: Astolpho
|move|p2b: Fetty WAp|Heal Pulse|p2: Astolpho|[notarget]
|-fail|p2b: Fetty WAp
|
|upkeep
|
|t:|1782348774
|switch|p1b: Annihilape|Annihilape, L50, F|100/100
|-activate|p1b: Annihilape|move: Sticky Web
|-unboost|p1b: Annihilape|spe|1
|-ability|p1b: Annihilape|Defiant|boost
|-boost|p1b: Annihilape|atk|2
|turn|8
|
|t:|1782348823
|move|p1a: Noivern|Tailwind|p1a: Noivern
|-sidestart|p1: sacred_td|move: Tailwind
|move|p1b: Annihilape|Rage Fist|p2b: Fetty WAp
|-supereffective|p2b: Fetty WAp|1
|-damage|p2b: Fetty WAp|0 fnt
|faint|p2b: Fetty WAp
|
|win|sacred_td
|l|☆god_chaaan
|player|p2|
