|j|☆Zacharykeith
|j|☆yassineVGC
|html|ZacharykeithyassineVGC    
|uhtml|bestof|Game 2 of a best-of-3
|t:|1756325658
|gametype|doubles
|player|p1|Zacharykeith|fisherman-gen4|1120
|player|p2|yassineVGC|hilbert|1168
|gen|9
|tier|[Gen 9] VGC 2025 Reg H (Bo3)
|rated|
|rule|Species Clause: Limit one of each Pokémon
|rule|Item Clause: Limit 1 of each item
|clearpoke
|poke|p1|Rillaboom, L50, F|
|poke|p1|Chandelure, L50, M|
|poke|p1|Electabuzz, L50, F|
|poke|p1|Kingambit, L50, M|
|poke|p1|Primarina, L50, M|
|poke|p1|Dragapult, L50, M|
|poke|p2|Dragonite, L50, M|
|poke|p2|Incineroar, L50, M|
|poke|p2|Ursaluna, L50, F|
|poke|p2|Porygon2, L50|
|poke|p2|Pelipper, L50, M|
|poke|p2|Basculegion, L50, M|
|teampreview|4
|showteam|p1|Rillaboom||AssaultVest|GrassySurge|FakeOut,GrassyGlide,WoodHammer,HighHorsepower|||F|||50|,,,,,Fire]Chandelure||FocusSash|FlashFire|HeatWave,ShadowBall,TrickRoom,Protect|||M|||50|,,,,,Grass]Electabuzz||Eviolite|VitalSpirit|VoltSwitch,Electroweb,FollowMe,Taunt|||F|||50|,,,,,Ghost]Kingambit||BlackGlasses|Defiant|SuckerPunch,KowtowCleave,SwordsDance,Protect|||M|||50|,,,,,Dark]Primarina||ThroatSpray|LiquidVoice|HyperVoice,Moonblast,Haze,Protect|||M|||50|,,,,,Steel]Dragapult||ChoiceBand|ClearBody|DragonDarts,PhantomForce,Uturn,Outrage|||M|||50|,,,,,Dragon
|showteam|p2|Dragonite||LoadedDice|Multiscale|Tailwind,ScaleShot,Protect,Haze|||M|||50|,,,,,Fairy]Incineroar||SafetyGoggles|Intimidate|KnockOff,PartingShot,FakeOut,FlareBlitz|||M|||50|,,,,,Ghost]Ursaluna||FlameOrb|Guts|Earthquake,Protect,Facade,HeadlongRush|||F|||50|,,,,,Ghost]Porygon2||Eviolite|Download|TeraBlast,IceBeam,TrickRoom,Recover||||||50|,,,,,Fighting]Pelipper||FocusSash|Drizzle|Hurricane,Protect,Tailwind,WeatherBall|||M|||50|,,,,,Ghost]Basculegion||MysticWater|SwiftSwim|Protect,FlipTurn,WaveCrash,LastRespects|||M|||50|,,,,,Water
|inactive|Battle timer is ON: inactive players will automatically lose when time's up. (requested by yassineVGC)
|inactive|Zacharykeith has 60 seconds left.
|inactive|yassineVGC has 60 seconds left.
|
|t:|1756325701
|teamsize|p1|4
|teamsize|p2|4
|start
|switch|p1a: Rillaboom|Rillaboom, L50, F|100/100
|switch|p1b: Dragapult|Dragapult, L50, M|100/100
|switch|p2a: Porygon2|Porygon2, L50, shiny|100/100
|switch|p2b: Incineroar|Incineroar, L50, M|100/100
|-fieldstart|move: Grassy Terrain|[from] ability: Grassy Surge|[of] p1a: Rillaboom
|-ability|p2b: Incineroar|Intimidate|boost
|-unboost|p1a: Rillaboom|atk|1
|-fail|p1b: Dragapult|unboost|[from] ability: Clear Body|[of] p1b: Dragapult
|-ability|p2a: Porygon2|Download|boost
|-boost|p2a: Porygon2|spa|1
|turn|1
|inactive|yassineVGC has 30 seconds left.
|
|t:|1756325727
|-terastallize|p1b: Dragapult|Dragon
|move|p2b: Incineroar|Fake Out|p1b: Dragapult
|-damage|p1b: Dragapult|85/100
|cant|p1b: Dragapult|flinch
|move|p1a: Rillaboom|Wood Hammer|p2a: Porygon2
|-damage|p2a: Porygon2|67/100
|-damage|p1a: Rillaboom|90/100|[from] Recoil
|move|p2a: Porygon2|Ice Beam|p1b: Dragapult
|-supereffective|p1b: Dragapult
|-damage|p1b: Dragapult|0 fnt
|faint|p1b: Dragapult
|
|-heal|p1a: Rillaboom|96/100|[from] Grassy Terrain
|-heal|p2a: Porygon2|73/100|[from] Grassy Terrain
|upkeep
|
|t:|1756325743
|switch|p1b: Primarina|Primarina, L50, M|100/100
|turn|2
|
|t:|1756325767
|move|p1a: Rillaboom|Wood Hammer|p2a: Porygon2
|-damage|p2a: Porygon2|39/100
|-damage|p1a: Rillaboom|86/100|[from] Recoil
|move|p1b: Primarina|Hyper Voice|p2a: Porygon2|[spread] p2a,p2b
|-supereffective|p2b: Incineroar
|-damage|p2a: Porygon2|20/100
|-damage|p2b: Incineroar|50/100
|-enditem|p1b: Primarina|Throat Spray
|-boost|p1b: Primarina|spa|1|[from] item: Throat Spray
|move|p2b: Incineroar|Parting Shot|p1b: Primarina
|-unboost|p1b: Primarina|atk|1
|-unboost|p1b: Primarina|spa|1
|
|t:|1756325784
|switch|p2b: Ursaluna|Ursaluna, L50, F|100/100|[from] Parting Shot
|move|p2a: Porygon2|Trick Room|p2a: Porygon2
|-fieldstart|move: Trick Room|[of] p2a: Porygon2
|
|-heal|p2a: Porygon2|26/100|[from] Grassy Terrain
|-heal|p1a: Rillaboom|91/100|[from] Grassy Terrain
|-status|p2b: Ursaluna|brn|[from] item: Flame Orb
|upkeep
|turn|3
|
|t:|1756325799
|-terastallize|p2b: Ursaluna|Ghost
|move|p2b: Ursaluna|Facade|p1a: Rillaboom
|-damage|p1a: Rillaboom|0 fnt
|faint|p1a: Rillaboom
|move|p2a: Porygon2|Recover|p2a: Porygon2
|-heal|p2a: Porygon2|76/100
|move|p1b: Primarina|Hyper Voice|p2b: Ursaluna|[spread] p2a,p2b
|-damage|p2a: Porygon2|57/100
|-damage|p2b: Ursaluna|74/100 brn
|
|-heal|p2b: Ursaluna|80/100 brn|[from] Grassy Terrain
|-heal|p2a: Porygon2|64/100|[from] Grassy Terrain
|-damage|p2b: Ursaluna|74/100 brn|[from] brn
|upkeep
|
|t:|1756325810
|switch|p1a: Kingambit|Kingambit, L50, M|100/100
|turn|4
|inactive|yassineVGC has 30 seconds left.
|inactive|yassineVGC has 20 seconds left.
|inactive|yassineVGC has 15 seconds left.
|inactive|yassineVGC has 10 seconds left.
|
|t:|1756325857
|move|p2b: Ursaluna|Protect|p2b: Ursaluna
|-singleturn|p2b: Ursaluna|Protect
|move|p1a: Kingambit|Sucker Punch||[still]
|-fail|p1a: Kingambit
|move|p2a: Porygon2|Tera Blast|p1a: Kingambit
|-resisted|p1a: Kingambit
|-damage|p1a: Kingambit|76/100
|move|p1b: Primarina|Hyper Voice|p2a: Porygon2|[spread] p2a
|-activate|p2b: Ursaluna|move: Protect
|-crit|p2a: Porygon2
|-damage|p2a: Porygon2|33/100
|
|-heal|p1a: Kingambit|82/100|[from] Grassy Terrain
|-heal|p2b: Ursaluna|80/100 brn|[from] Grassy Terrain
|-heal|p2a: Porygon2|40/100|[from] Grassy Terrain
|-damage|p2b: Ursaluna|74/100 brn|[from] brn
|upkeep
|turn|5
|inactive|Zacharykeith has 30 seconds left.
|inactive|yassineVGC has 30 seconds left.
|
|t:|1756325890
|move|p1a: Kingambit|Sucker Punch|p2b: Ursaluna
|-supereffective|p2b: Ursaluna
|-damage|p2b: Ursaluna|0 fnt
|faint|p2b: Ursaluna
|move|p2a: Porygon2|Tera Blast|p1b: Primarina
|-damage|p1b: Primarina|56/100
|move|p1b: Primarina|Hyper Voice|p2a: Porygon2
|-damage|p2a: Porygon2|15/100
|
|-heal|p1a: Kingambit|87/100|[from] Grassy Terrain
|-heal|p2a: Porygon2|21/100|[from] Grassy Terrain
|-heal|p1b: Primarina|62/100|[from] Grassy Terrain
|-fieldend|move: Grassy Terrain
|upkeep
|
|t:|1756325898
|switch|p2b: Dragonite|Dragonite, L50, M|100/100
|turn|6
|
|t:|1756325920
|move|p1a: Kingambit|Sucker Punch|p2a: Porygon2
|-damage|p2a: Porygon2|0 fnt
|faint|p2a: Porygon2
|move|p1b: Primarina|Moonblast|p2b: Dragonite
|-supereffective|p2b: Dragonite
|-damage|p2b: Dragonite|62/100
|move|p2b: Dragonite|Scale Shot|p1a: Kingambit
|-resisted|p1a: Kingambit
|-damage|p1a: Kingambit|83/100
|-resisted|p1a: Kingambit
|-damage|p1a: Kingambit|78/100
|-resisted|p1a: Kingambit
|-damage|p1a: Kingambit|73/100
|-resisted|p1a: Kingambit
|-damage|p1a: Kingambit|69/100
|-hitcount|p1a: Kingambit|4
|-unboost|p2b: Dragonite|def|1
|-boost|p2b: Dragonite|spe|1
|
|-fieldend|move: Trick Room
|upkeep
|-message|yassineVGC forfeited.
|
|win|Zacharykeith
|raw|Zacharykeith's rating: 1120 → 1148(+28 for winning)
|raw|yassineVGC's rating: 1168 → 1140(-28 for losing)
