|j|☆SeeYouInSf
|j|☆SloKoi
|html|SeeYouInSfSloKoi    
|uhtml|bestof|Game 1 of a best-of-3
|t:|1756162732
|gametype|doubles
|player|p1|SeeYouInSf|unknown|1178
|player|p2|SloKoi|red-gen7|1083
|gen|9
|tier|[Gen 9] VGC 2025 Reg H (Bo3)
|rated|
|rule|Species Clause: Limit one of each Pokémon
|rule|Item Clause: Limit 1 of each item
|clearpoke
|poke|p1|Amoonguss, L50, F|
|poke|p1|Gholdengo, L50|
|poke|p1|Porygon2, L50|
|poke|p1|Incineroar, L50, M|
|poke|p1|Ursaluna, L50, M|
|poke|p1|Tyranitar, L50, F|
|poke|p2|Umbreon, L50, M|
|poke|p2|Hydrapple, L50, M|
|poke|p2|Gallade, L50, M|
|poke|p2|Indeedee-F, L50, F|
|poke|p2|Torkoal, L50, F|
|poke|p2|Ursaluna, L50, F|
|teampreview|4
|showteam|p1|Amoonguss||RockyHelmet|Regenerator|Spore,RagePowder,PollenPuff,Protect|||F|||50|,,,,,Water]Gholdengo||LifeOrb|GoodasGold|MakeItRain,ShadowBall,NastyPlot,Protect||||||50|,,,,,Dragon]Porygon2||Eviolite|Download|TeraBlast,TrickRoom,Recover,IceBeam||||||50|,,,,,Fighting]Incineroar||SafetyGoggles|Intimidate|PartingShot,KnockOff,FlareBlitz,FakeOut|||M|||50|,,,,,Ghost]Ursaluna||FlameOrb|Guts|Facade,HeadlongRush,Substitute,Protect|||M|||50|,,,,,Ghost]Tyranitar||AssaultVest|SandStream|LowKick,TeraBlast,RockSlide,KnockOff|||F|||50|,,,,,Fairy
|showteam|p2|Umbreon||SafetyGoggles|InnerFocus|Taunt,Protect,FoulPlay,Wish|||M|||50|,,,,,Poison]Hydrapple||AssaultVest|Regenerator|PollenPuff,DracoMeteor,LeafStorm,EarthPower|||M|||50|,,,,,Steel]Gallade||ClearAmulet|Sharpness|WideGuard,NightSlash,SacredSword,PsychoCut|||M|||50|,,,,,Steel]Indeedee-F||PsychicSeed|PsychicSurge|FollowMe,HelpingHand,Psychic,TrickRoom|||F|||50|,,,,,Fairy]Torkoal||Charcoal|Drought|Eruption,WeatherBall,EarthPower,Protect|||F|||50|,,,,,Fire]Ursaluna||FlameOrb|Guts|Facade,HeadlongRush,ShadowClaw,Protect|||F|||50|,,,,,Ghost
|inactive|Battle timer is ON: inactive players will automatically lose when time's up. (requested by SeeYouInSf)
|inactive|SeeYouInSf has 60 seconds left.
|inactive|SloKoi has 60 seconds left.
|
|t:|1756162790
|teamsize|p1|4
|teamsize|p2|4
|start
|switch|p1a: Gholdengo|Gholdengo, L50|100/100
|switch|p1b: Tyranitar|Tyranitar, L50, F|100/100
|switch|p2a: Umbreon|Umbreon, L50, M|100/100
|switch|p2b: Gallade|Gallade, L50, M|100/100
|-weather|Sandstorm|[from] ability: Sand Stream|[of] p1b: Tyranitar
|turn|1
|inactive|SeeYouInSf has 30 seconds left.
|inactive|SloKoi has 30 seconds left.
|inactive|SeeYouInSf has 20 seconds left.
|inactive|SeeYouInSf has 15 seconds left.
|inactive|SeeYouInSf has 10 seconds left.
|inactive|SeeYouInSf has 5 seconds left.
|
|t:|1756162840
|-terastallize|p1b: Tyranitar|Fairy
|move|p1a: Gholdengo|Nasty Plot|p1a: Gholdengo
|-boost|p1a: Gholdengo|spa|2
|move|p2b: Gallade|Night Slash|p1a: Gholdengo
|-supereffective|p1a: Gholdengo
|-damage|p1a: Gholdengo|7/100
|move|p1b: Tyranitar|Tera Blast|p2b: Gallade|[anim] Tera Blast Fairy
|-supereffective|p2b: Gallade
|-damage|p2b: Gallade|0 fnt
|faint|p2b: Gallade
|move|p2a: Umbreon|Wish|p2a: Umbreon
|
|-weather|Sandstorm|[upkeep]
|-damage|p1b: Tyranitar|95/100|[from] Sandstorm
|upkeep
|
|t:|1756162860
|switch|p2b: Ursaluna|Ursaluna, L50, F|100/100
|turn|2
|
|t:|1756162881
|-terastallize|p2a: Umbreon|Poison
|move|p1a: Gholdengo|Protect|p1a: Gholdengo
|-singleturn|p1a: Gholdengo|Protect
|move|p2b: Ursaluna|Protect|p2b: Ursaluna
|-singleturn|p2b: Ursaluna|Protect
|move|p1b: Tyranitar|Tera Blast|p2a: Umbreon|[anim] Tera Blast Fairy
|-resisted|p2a: Umbreon
|-damage|p2a: Umbreon|86/100
|move|p2a: Umbreon|Foul Play|p1a: Gholdengo
|-activate|p1a: Gholdengo|move: Protect
|
|-weather|Sandstorm|[upkeep]
|-damage|p1b: Tyranitar|89/100|[from] Sandstorm
|-heal|p2a: Umbreon|100/100|[from] move: Wish|[wisher] Umbreon
|-status|p2b: Ursaluna|brn|[from] item: Flame Orb
|upkeep
|turn|3
|
|t:|1756162903
|switch|p2b: Indeedee|Indeedee-F, L50, F|100/100
|-fieldstart|move: Psychic Terrain|[from] ability: Psychic Surge|[of] p2b: Indeedee
|-enditem|p2b: Indeedee|Psychic Seed
|-boost|p2b: Indeedee|spd|1|[from] item: Psychic Seed
|move|p1a: Gholdengo|Make It Rain|p2b: Indeedee|[spread] p2a,p2b
|-damage|p2a: Umbreon|23/100
|-damage|p2b: Indeedee|28/100
|-unboost|p1a: Gholdengo|spa|1
|-damage|p1a: Gholdengo|0 fnt|[from] item: Life Orb
|faint|p1a: Gholdengo
|move|p1b: Tyranitar|Rock Slide|p2b: Indeedee|[spread] p2a,p2b
|-damage|p2a: Umbreon|3/100
|-damage|p2b: Indeedee|0 fnt
|faint|p2b: Indeedee
|move|p2a: Umbreon|Foul Play|p1b: Tyranitar
|-resisted|p1b: Tyranitar
|-damage|p1b: Tyranitar|68/100
|
|-weather|Sandstorm|[upkeep]
|-damage|p1b: Tyranitar|62/100|[from] Sandstorm
|upkeep
|
|t:|1756162923
|switch|p1a: Ursaluna|Ursaluna, L50, M|100/100
|switch|p2b: Ursaluna|Ursaluna, L50, F|100/100 brn
|turn|4
|
|t:|1756162940
|move|p1a: Ursaluna|Protect|p1a: Ursaluna
|-singleturn|p1a: Ursaluna|Protect
|move|p1b: Tyranitar|Rock Slide|p2a: Umbreon|[spread] p2a,p2b
|-resisted|p2b: Ursaluna
|-damage|p2a: Umbreon|0 fnt
|-damage|p2b: Ursaluna|90/100 brn
|faint|p2a: Umbreon
|move|p2b: Ursaluna|Facade|p1b: Tyranitar
|-damage|p1b: Tyranitar|0 fnt
|faint|p1b: Tyranitar
|
|-weather|Sandstorm|[upkeep]
|-damage|p2b: Ursaluna|84/100 brn|[from] brn
|-status|p1a: Ursaluna|brn|[from] item: Flame Orb
|upkeep
|
|t:|1756162948
|switch|p1b: Amoonguss|Amoonguss, L50, F|100/100
|turn|5
|
|t:|1756162956
|move|p1b: Amoonguss|Rage Powder|p1b: Amoonguss
|-singleturn|p1b: Amoonguss|move: Rage Powder
|move|p1a: Ursaluna|Facade|p2b: Ursaluna
|-damage|p2b: Ursaluna|5/100 brn
|move|p2b: Ursaluna|Facade|p1b: Amoonguss
|-damage|p1b: Amoonguss|0 fnt
|-damage|p2b: Ursaluna|0 fnt|[from] item: Rocky Helmet|[of] p1b: Amoonguss
|faint|p1b: Amoonguss
|faint|p2b: Ursaluna
|
|win|SeeYouInSf
||SloKoi is ready for game 2.
||SeeYouInSf is ready for game 2.
|uhtml|next|Next: Game 2 of 3
