|j|☆abadanriyi92
|j|☆ChebyshevSG
|html|abadanriyi92ChebyshevSG    
|uhtml|bestof|Game 3 of a best-of-3
|t:|1785892774
|gametype|doubles
|player|p1|abadanriyi92|colress|1283
|player|p2|ChebyshevSG|cynthia-gen4|1238
|gen|9
|tier|[Gen 9 Champions] VGC 2026 Reg M-B (Bo3)
|rated|
|rule|Species Clause: Limit one of each Pokémon
|rule|Item Clause: Limit 1 of each item
|clearpoke
|poke|p1|Tyranitar, L50, F|
|poke|p1|Excadrill, L50, F|
|poke|p1|Milotic, L50, F|
|poke|p1|Sinistcha, L50|
|poke|p1|Staraptor, L50, M|
|poke|p1|Gholdengo, L50|
|poke|p2|Gengar, L50, M|
|poke|p2|Archaludon, L50, M|
|poke|p2|Politoed, L50, M|
|poke|p2|Swampert, L50, F|
|poke|p2|Vivillon, L50, M|
|poke|p2|Incineroar, L50, M|
|teampreview|4
|showteam|p1|Tyranitar||Tyranitarite|SandStream|KnockOff,RockSlide,HighHorsepower,Protect|Jolly||F|||50|]Excadrill||FocusSash|SandRush|Earthquake,IronHead,RockSlide,Protect|Adamant||F|||50|]Milotic||SitrusBerry|Competitive|Scald,IcyWind,Haze,Protect|Calm||F|||50|]Sinistcha||ColburBerry|Hospitality|MatchaGotcha,ShadowBall,Protect,RagePowder|Bold|||||50|]Staraptor||Staraptite|Intimidate|CloseCombat,BraveBird,Tailwind,Protect|Jolly||M|||50|]Gholdengo||LifeOrb|GoodasGold|MakeItRain,ShadowBall,NastyPlot,Protect|Modest|||||50|
|showteam|p2|Gengar||Gengarite|CursedBody|ShadowBall,SludgeBomb,PerishSong,Protect|Modest||M|||50|]Archaludon||Leftovers|Stamina|ElectroShot,DragonPulse,FlashCannon,Protect|Bold||M|||50|]Politoed||SitrusBerry|Drizzle|WeatherBall,Hypnosis,PerishSong,Protect|Calm||M|||50|]Swampert||Swampertite|Torrent|WaveCrash,Earthquake,IcePunch,Protect|Adamant||F|||50|]Vivillon||FocusSash|CompoundEyes|Hurricane,SleepPowder,RagePowder,Protect|Timid||M|||50|]Incineroar||PasshoBerry|Intimidate|ThroatChop,FakeOut,PartingShot,Protect|Impish||M|||50|
|inactive|Battle timer is ON: inactive players will automatically lose when time's up. (requested by ChebyshevSG)
|inactive|abadanriyi92 has 60 seconds left.
|
|t:|1785892806
|teamsize|p1|4
|teamsize|p2|4
|start
|switch|p1a: Gholdengo|Gholdengo, L50|100/100
|switch|p1b: Sinistcha|Sinistcha, L50|100/100
|switch|p2a: Gengar|Gengar, L50, M|100/100
|switch|p2b: Vivillon|Vivillon, L50, M|100/100
|turn|1
|inactive|abadanriyi92 has 30 seconds left.
|inactive|abadanriyi92 has 20 seconds left.
|
|t:|1785892842
|move|p2a: Gengar|Protect|p2a: Gengar
|-singleturn|p2a: Gengar|Protect
|move|p1b: Sinistcha|Rage Powder|p1b: Sinistcha
|-singleturn|p1b: Sinistcha|move: Rage Powder
|move|p2b: Vivillon|Hurricane|p1b: Sinistcha
|-supereffective|p1b: Sinistcha|1
|-damage|p1b: Sinistcha|9/100
|move|p1a: Gholdengo|Nasty Plot|p1a: Gholdengo
|-boost|p1a: Gholdengo|spa|2
|
|upkeep
|turn|2
|
|t:|1785892856
|move|p1b: Sinistcha|Protect|p1b: Sinistcha
|-singleturn|p1b: Sinistcha|Protect
|move|p2b: Vivillon|Hurricane|p1b: Sinistcha
|-activate|p1b: Sinistcha|move: Protect
|move|p2a: Gengar|Shadow Ball|p1a: Gholdengo
|-supereffective|p1a: Gholdengo|1
|-damage|p1a: Gholdengo|25/100
|-unboost|p1a: Gholdengo|spd|1
|move|p1a: Gholdengo|Shadow Ball|p2a: Gengar
|-supereffective|p2a: Gengar|1
|-damage|p2a: Gengar|0 fnt
|faint|p2a: Gengar
|-damage|p1a: Gholdengo|16/100|[from] item: Life Orb
|
|upkeep
|
|t:|1785892867
|switch|p2a: Politoed|Politoed, L50, M|100/100
|-weather|RainDance|[from] ability: Drizzle|[of] p2a: Politoed
|turn|3
|
|t:|1785892876
|switch|p1b: Milotic|Milotic, L50, F|100/100
|move|p1a: Gholdengo|Protect|p1a: Gholdengo
|-singleturn|p1a: Gholdengo|Protect
|move|p2b: Vivillon|Hurricane|p1b: Milotic
|-damage|p1b: Milotic|71/100
|-start|p1b: Milotic|confusion
|move|p2a: Politoed|Weather Ball|p1a: Gholdengo
|-activate|p1a: Gholdengo|move: Protect
|
|-weather|RainDance|[upkeep]
|upkeep
|turn|4
|
|t:|1785892898
|switch|p1b: Sinistcha|Sinistcha, L50|9/100
|-heal|p1a: Gholdengo|41/100|[from] ability: Hospitality|[of] p1b: Sinistcha
|move|p2b: Vivillon|Hurricane|p1a: Gholdengo
|-resisted|p1a: Gholdengo|1
|-damage|p1a: Gholdengo|11/100
|move|p1a: Gholdengo|Make It Rain|p2b: Vivillon|[spread] p2a,p2b
|-resisted|p2a: Politoed|1
|-damage|p2a: Politoed|56/100
|-enditem|p2b: Vivillon|Focus Sash
|-damage|p2b: Vivillon|1/100
|-unboost|p1a: Gholdengo|spa|2
|-damage|p1a: Gholdengo|1/100|[from] item: Life Orb
|move|p2a: Politoed|Hypnosis|p1b: Sinistcha
|-status|p1b: Sinistcha|slp|[from] move: Hypnosis
|
|-weather|RainDance|[upkeep]
|upkeep
|turn|5
|
|t:|1785892921
|switch|p1b: Milotic|Milotic, L50, F|71/100
|move|p1a: Gholdengo|Protect|p1a: Gholdengo
|-singleturn|p1a: Gholdengo|Protect
|move|p2b: Vivillon|Hurricane|p1b: Milotic
|-crit|p1b: Milotic
|-damage|p1b: Milotic|24/100
|-enditem|p1b: Milotic|Sitrus Berry|[eat]
|-heal|p1b: Milotic|49/100|[from] item: Sitrus Berry
|move|p2a: Politoed|Weather Ball|p1b: Milotic
|-resisted|p1b: Milotic|1
|-damage|p1b: Milotic|33/100
|
|-weather|RainDance|[upkeep]
|upkeep
|turn|6
|
|t:|1785892940
|switch|p1a: Sinistcha|Sinistcha, L50|9/100 slp
|-heal|p1b: Milotic|58/100|[from] ability: Hospitality|[of] p1a: Sinistcha
|move|p2b: Vivillon|Hurricane|p1a: Sinistcha
|-supereffective|p1a: Sinistcha|1
|-damage|p1a: Sinistcha|0 fnt
|faint|p1a: Sinistcha
|move|p1b: Milotic|Icy Wind|p2b: Vivillon|[spread] p2a,p2b
|-resisted|p2a: Politoed|1
|-supereffective|p2b: Vivillon|1
|-damage|p2a: Politoed|52/100
|-damage|p2b: Vivillon|0 fnt
|-unboost|p2a: Politoed|spe|1
|faint|p2b: Vivillon
|move|p2a: Politoed|Hypnosis|p1b: Milotic|[miss]
|-miss|p2a: Politoed|p1b: Milotic
|
|-weather|RainDance|[upkeep]
|upkeep
|
|t:|1785892957
|switch|p2b: Archaludon|Archaludon, L50, M|100/100
|switch|p1a: Staraptor|Staraptor, L50, M|100/100
|-ability|p1a: Staraptor|Intimidate|boost
|-unboost|p2a: Politoed|atk|1
|-unboost|p2b: Archaludon|atk|1
|turn|7
|inactive|abadanriyi92 has 30 seconds left.
|
|t:|1785892984
|detailschange|p1a: Staraptor|Staraptor-Mega, L50, M
|-mega|p1a: Staraptor|Staraptor|Staraptite
|move|p1a: Staraptor|Protect|p1a: Staraptor
|-singleturn|p1a: Staraptor|Protect
|move|p1b: Milotic|Protect|p1b: Milotic
|-singleturn|p1b: Milotic|Protect
|move|p2b: Archaludon|Electro Shot||[still]
|-prepare|p2b: Archaludon|Electro Shot
|-boost|p2b: Archaludon|spa|1
|-anim|p2b: Archaludon|Electro Shot|p1b: Milotic
|-activate|p1b: Milotic|move: Protect
|move|p2a: Politoed|Hypnosis|p1a: Staraptor
|-activate|p1a: Staraptor|move: Protect
|
|-weather|none
|upkeep
|turn|8
|inactive|abadanriyi92 has 30 seconds left.
|inactive|abadanriyi92 has 20 seconds left.
|
|t:|1785893021
|move|p2b: Archaludon|Protect|p2b: Archaludon
|-singleturn|p2b: Archaludon|Protect
|move|p1a: Staraptor|Close Combat|p2a: Politoed
|-damage|p2a: Politoed|3/100
|-boost|p1a: Staraptor|def|1
|-boost|p1a: Staraptor|spd|1
|-enditem|p2a: Politoed|Sitrus Berry|[eat]
|-heal|p2a: Politoed|28/100|[from] item: Sitrus Berry
|move|p1b: Milotic|Scald|p2a: Politoed
|-resisted|p2a: Politoed|1
|-damage|p2a: Politoed|16/100
|-status|p2a: Politoed|brn
|move|p2a: Politoed|Hypnosis|p1a: Staraptor
|-status|p1a: Staraptor|slp|[from] move: Hypnosis
|
|-damage|p2a: Politoed|10/100 brn|[from] brn
|upkeep
|turn|9
|
|t:|1785893044
|cant|p1a: Staraptor|slp
|move|p1b: Milotic|Scald|p2a: Politoed
|-resisted|p2a: Politoed|1
|-damage|p2a: Politoed|0 fnt
|faint|p2a: Politoed
|move|p2b: Archaludon|Electro Shot||[still]
|-prepare|p2b: Archaludon|Electro Shot
|-boost|p2b: Archaludon|spa|1
|
|upkeep
|turn|10
|
|t:|1785893062
|move|p1b: Milotic|Protect|p1b: Milotic
|-singleturn|p1b: Milotic|Protect
|-curestatus|p1a: Staraptor|slp|[msg]
|move|p1a: Staraptor|Close Combat|p2b: Archaludon
|-supereffective|p2b: Archaludon|1
|-damage|p2b: Archaludon|28/100
|-boost|p1a: Staraptor|def|1
|-boost|p1a: Staraptor|spd|1
|-ability|p2b: Archaludon|Stamina|boost
|-boost|p2b: Archaludon|def|1
|move|p2b: Archaludon|Electro Shot|p1a: Staraptor|[from] lockedmove
|-supereffective|p1a: Staraptor|1
|-crit|p1a: Staraptor
|-damage|p1a: Staraptor|0 fnt
|faint|p1a: Staraptor
|
|-heal|p2b: Archaludon|35/100|[from] item: Leftovers
|upkeep
|
|t:|1785893077
|switch|p1a: Gholdengo|Gholdengo, L50|1/100
|turn|11
|
|t:|1785893087
|move|p1b: Milotic|Scald|p2b: Archaludon
|-resisted|p2b: Archaludon|1
|-damage|p2b: Archaludon|19/100
|-ability|p2b: Archaludon|Stamina|boost
|-boost|p2b: Archaludon|def|1
|move|p1a: Gholdengo|Shadow Ball|p2b: Archaludon
|-damage|p2b: Archaludon|0 fnt
|faint|p2b: Archaludon
|-damage|p1a: Gholdengo|0 fnt|[from] item: Life Orb
|faint|p1a: Gholdengo
|
|win|abadanriyi92
|raw|abadanriyi92's rating: 1283 → 1305(+22 for winning)
|raw|ChebyshevSG's rating: 1238 → 1216(-22 for losing)
|l|☆ChebyshevSG
|player|p2|
