|j|☆barozj1
|j|☆angusgrind13
|html|barozj1angusgrind13    
|uhtml|bestof|Game 1 of a best-of-3
|t:|1784820667
|gametype|doubles
|player|p1|barozj1|169|1179
|player|p2|angusgrind13|steven|1250
|gen|9
|tier|[Gen 9 Champions] VGC 2026 Reg M-B (Bo3)
|rated|
|rule|Species Clause: Limit one of each Pokémon
|rule|Item Clause: Limit 1 of each item
|clearpoke
|poke|p1|Raichu, L50, F|
|poke|p1|Sinistcha, L50|
|poke|p1|Ceruledge, L50, F|
|poke|p1|Incineroar, L50, M|
|poke|p1|Sneasler, L50, F|
|poke|p1|Froslass, L50, F, shiny|
|poke|p2|Primarina, L50, F|
|poke|p2|Kingambit, L50, M|
|poke|p2|Froslass, L50, F|
|poke|p2|Sneasler, L50, F|
|poke|p2|Lycanroc-Dusk, L50, F|
|poke|p2|Dragonite, L50, M|
|teampreview|4
|showteam|p1|Raichu||RaichuniteY|LightningRod|ZapCannon,FocusBlast,FakeOut,Protect|Timid||F|||50|]Sinistcha||KasibBerry|Hospitality|MatchaGotcha,LifeDew,RagePowder,Protect|Relaxed|||||50|]Ceruledge||ColburBerry|FlashFire|BitterBlade,ShadowSneak,BulkUp,Protect|Adamant||F|||50|]Incineroar||SitrusBerry|Intimidate|FlareBlitz,ThroatChop,FakeOut,PartingShot|Impish||M|||50|]Sneasler||FocusSash|PoisonTouch|FakeOut,CloseCombat,DireClaw,Protect|Jolly||F|||50|]Froslass||Froslassite|CursedBody|Protect,Blizzard,ShadowBall,NastyPlot|Timid||F|||50|
|showteam|p2|Primarina||LifeOrb|LiquidVoice|HyperVoice,Moonblast,Haze,Protect|Modest||F|||50|]Kingambit||BlackGlasses|Defiant|KowtowCleave,SuckerPunch,SwordsDance,Protect|Adamant||M|||50|]Froslass||Froslassite|CursedBody|Blizzard,ShadowBall,AuroraVeil,Protect|Timid||F|||50|]Sneasler||WhiteHerb|Unburden|GunkShot,CloseCombat,FakeOut,Protect|Adamant||F|||50|]Lycanroc-Dusk||FocusSash|ToughClaws|RockSlide,Accelerock,CloseCombat,Protect|Adamant||F|||50|]Dragonite||Dragoninite|Multiscale|DragonPulse,Flamethrower,Tailwind,Protect|Modest||M|||50|
|
|t:|1784820701
|teamsize|p1|4
|teamsize|p2|4
|start
|switch|p1a: Froslass|Froslass, L50, F, shiny|100/100
|switch|p1b: Sneasler|Sneasler, L50, F|100/100
|switch|p2a: Froslass|Froslass, L50, F|100/100
|switch|p2b: Lycanroc|Lycanroc-Dusk, L50, F|100/100
|turn|1
|
|t:|1784820734
|detailschange|p1a: Froslass|Froslass-Mega, L50, F, shiny
|-mega|p1a: Froslass|Froslass|Froslassite
|-weather|Snowscape|[from] ability: Snow Warning|[of] p1a: Froslass
|detailschange|p2a: Froslass|Froslass-Mega, L50, F
|-mega|p2a: Froslass|Froslass|Froslassite
|move|p2b: Lycanroc|Protect|p2b: Lycanroc
|-singleturn|p2b: Lycanroc|Protect
|move|p1b: Sneasler|Fake Out|p2b: Lycanroc
|-activate|p2b: Lycanroc|move: Protect
|move|p2a: Froslass|Aurora Veil|p2a: Froslass
|-sidestart|p2: angusgrind13|move: Aurora Veil
|move|p1a: Froslass|Nasty Plot|p1a: Froslass
|-boost|p1a: Froslass|spa|2
|
|-weather|Snowscape|[upkeep]
|upkeep
|turn|2
|
|t:|1784820758
|move|p1a: Froslass|Protect|p1a: Froslass
|-singleturn|p1a: Froslass|Protect
|move|p2b: Lycanroc|Accelerock|p1a: Froslass
|-activate|p1a: Froslass|move: Protect
|move|p2a: Froslass|Shadow Ball|p1a: Froslass
|-activate|p1a: Froslass|move: Protect
|move|p1b: Sneasler|Close Combat|p2b: Lycanroc
|-supereffective|p2b: Lycanroc|1
|-enditem|p2b: Lycanroc|Focus Sash
|-damage|p2b: Lycanroc|1/100
|-unboost|p1b: Sneasler|def|1
|-unboost|p1b: Sneasler|spd|1
|
|-weather|Snowscape|[upkeep]
|upkeep
|turn|3
|
|t:|1784820784
|move|p2b: Lycanroc|Accelerock|p1a: Froslass
|-supereffective|p1a: Froslass|1
|-damage|p1a: Froslass|51/100
|move|p1b: Sneasler|Dire Claw|p2b: Lycanroc
|-resisted|p2b: Lycanroc|1
|-damage|p2b: Lycanroc|0 fnt
|faint|p2b: Lycanroc
|move|p2a: Froslass|Shadow Ball|p1a: Froslass
|-supereffective|p1a: Froslass|1
|-damage|p1a: Froslass|0 fnt
|faint|p1a: Froslass
|
|-weather|Snowscape|[upkeep]
|upkeep
|
|t:|1784820794
|switch|p1a: Ceruledge|Ceruledge, L50, F|100/100
|switch|p2b: Sneasler|Sneasler, L50, F|100/100
|turn|4
|
|t:|1784820799
|switch|p1b: Incineroar|Incineroar, L50, M|100/100
|-ability|p1b: Incineroar|Intimidate|boost
|-unboost|p2a: Froslass|atk|1
|-unboost|p2b: Sneasler|atk|1
|-enditem|p2b: Sneasler|White Herb
|-clearnegativeboost|p2b: Sneasler|[silent]
|move|p2b: Sneasler|Fake Out|p1b: Incineroar
|-damage|p1b: Incineroar|89/100
|move|p2a: Froslass|Shadow Ball|p1a: Ceruledge
|-supereffective|p1a: Ceruledge|1
|-damage|p1a: Ceruledge|20/100y
|move|p1a: Ceruledge|Bulk Up|p1a: Ceruledge
|-boost|p1a: Ceruledge|atk|1
|-boost|p1a: Ceruledge|def|1
|
|-weather|Snowscape|[upkeep]
|upkeep
|turn|5
|
|t:|1784820821
|move|p2b: Sneasler|Protect|p2b: Sneasler
|-singleturn|p2b: Sneasler|Protect
|move|p1a: Ceruledge|Protect|p1a: Ceruledge
|-singleturn|p1a: Ceruledge|Protect
|move|p2a: Froslass|Shadow Ball|p1a: Ceruledge
|-activate|p1a: Ceruledge|move: Protect
|move|p1b: Incineroar|Flare Blitz|p2a: Froslass
|-supereffective|p2a: Froslass|1
|-damage|p2a: Froslass|36/100
|-damage|p1b: Incineroar|72/100|[from] Recoil
|
|-weather|none
|-sideend|p2: angusgrind13|move: Aurora Veil
|upkeep
|turn|6
|
|t:|1784820834
|switch|p2a: Primarina|Primarina, L50, F|100/100
|move|p2b: Sneasler|Close Combat|p1b: Incineroar
|-supereffective|p1b: Incineroar|1
|-damage|p1b: Incineroar|0 fnt
|-unboost|p2b: Sneasler|def|1
|-unboost|p2b: Sneasler|spd|1
|faint|p1b: Incineroar
|move|p1a: Ceruledge|Bitter Blade|p2b: Sneasler
|-damage|p2b: Sneasler|0 fnt
|-heal|p1a: Ceruledge|72/100|[from] drain|[of] p2b: Sneasler
|faint|p2b: Sneasler
|
|upkeep
|
|t:|1784820845
|switch|p2b: Froslass|Froslass-Mega, L50, F|36/100
|switch|p1b: Sneasler|Sneasler, L50, F|100/100
|-weather|Snowscape|[from] ability: Snow Warning|[of] p2b: Froslass
|turn|7
|
|t:|1784820861
|move|p1b: Sneasler|Fake Out|p2a: Primarina
|-damage|p2a: Primarina|79/100
|-status|p2a: Primarina|psn|[from] ability: Poison Touch|[of] p1b: Sneasler
|move|p1a: Ceruledge|Shadow Sneak|p2b: Froslass
|-supereffective|p2b: Froslass|1
|-damage|p2b: Froslass|0 fnt
|faint|p2b: Froslass
|cant|p2a: Primarina|flinch
|
|-weather|Snowscape|[upkeep]
|-damage|p2a: Primarina|67/100 psn|[from] psn
|upkeep
|turn|8
|
|t:|1784820874
|move|p1a: Ceruledge|Protect|p1a: Ceruledge
|-singleturn|p1a: Ceruledge|Protect
|move|p1b: Sneasler|Dire Claw|p2a: Primarina
|-supereffective|p2a: Primarina|1
|-damage|p2a: Primarina|0 fnt
|faint|p2a: Primarina
|
|win|barozj1
||angusgrind13 is ready for game 2.
||barozj1 is ready for game 2.
|uhtml|next|Next: Game 2 of 3
