|j|☆zanquettao
|j|☆Garden Monke
|html|zanquettaoGarden Monke    
|uhtml|bestof|Game 2 of a best-of-3
|t:|1784494868
|gametype|doubles
|player|p1|zanquettao|hilda-wonderlauncher|1132
|player|p2|Garden Monke|giacomo|1150
|gen|9
|tier|[Gen 9 Champions] VGC 2026 Reg M-B (Bo3)
|rated|
|rule|Species Clause: Limit one of each Pokémon
|rule|Item Clause: Limit 1 of each item
|clearpoke
|poke|p1|Farigiraf, L50, M, shiny|
|poke|p1|Incineroar, L50, M, shiny|
|poke|p1|Torkoal, L50, M|
|poke|p1|Sinistcha-Masterpiece, L50|
|poke|p1|Primarina, L50, F|
|poke|p1|Mawile, L50, M|
|poke|p2|Incineroar, L50, F|
|poke|p2|Sinistcha, L50|
|poke|p2|Gengar, L50, M|
|poke|p2|Swampert, L50, F|
|poke|p2|Politoed, L50, M|
|poke|p2|Archaludon, L50, M|
|teampreview|4
|showteam|p1|Farigiraf||ColburBerry|ArmorTail|TrickRoom,ConfuseRay,HelpingHand,Protect|Relaxed||M|||50|]Incineroar||ExpertBelt|Intimidate|CloseCombat,FlareBlitz,FakeOut,DarkestLariat|Brave||M|||50|]Torkoal||Charcoal|Drought|Eruption,BodyPress,SolarBeam,Protect|Quiet||M|||50|]Sinistcha-Masterpiece||FocusSash|Hospitality|TrickRoom,MatchaGotcha,ShadowBall,Protect|Quiet|||||50|]Primarina||LifeOrb|LiquidVoice|HyperVoice,DazzlingGleam,IceBeam,Protect|Quiet||F|||50|]Mawile||Mawilite|HyperCutter|SuckerPunch,PlayRough,IronHead,BodySlam|Brave||M|||50|
|showteam|p2|Incineroar||PasshoBerry|Intimidate|ThroatChop,FakeOut,PartingShot,Protect|Sassy||F|||50|]Sinistcha||ColburBerry|Hospitality|MatchaGotcha,RagePowder,TrickRoom,Protect|Calm|||||50|]Gengar||Gengarite|CursedBody|ShadowBall,Disable,PerishSong,Protect|Timid||M|||50|]Swampert||Swampertite|Damp|WaveCrash,HighHorsepower,IcePunch,Protect|Adamant||F|||50|]Politoed||SitrusBerry|Drizzle|WeatherBall,Encore,PerishSong,Protect|Calm||M|||50|]Archaludon||Leftovers|Stamina|ElectroShot,DragonPulse,FlashCannon,Protect|Modest||M|||50|
|inactive|Battle timer is ON: inactive players will automatically lose when time's up. (requested by zanquettao)
|inactive|Garden Monke also wants the timer to be on.
|
|t:|1784494876
|teamsize|p1|4
|teamsize|p2|4
|start
|switch|p1a: Farigiraf|Farigiraf, L50, M, shiny|100/100
|switch|p1b: Incineroar|Incineroar, L50, M, shiny|100/100
|switch|p2a: Gengar|Gengar, L50, M|100/100
|switch|p2b: Incineroar|Incineroar, L50, F|100/100
|-ability|p1b: Incineroar|Intimidate|boost
|-unboost|p2a: Gengar|atk|1
|-unboost|p2b: Incineroar|atk|1
|-ability|p2b: Incineroar|Intimidate|boost
|-unboost|p1a: Farigiraf|atk|1
|-unboost|p1b: Incineroar|atk|1
|turn|1
|
|t:|1784494892
|detailschange|p2a: Gengar|Gengar-Mega, L50, M
|-mega|p2a: Gengar|Gengar|Gengarite
|move|p1a: Farigiraf|Helping Hand|p1b: Incineroar
|-singleturn|p1b: Incineroar|Helping Hand|[of] p1a: Farigiraf
|move|p2a: Gengar|Perish Song|p2a: Gengar
|-start|p1a: Farigiraf|perish3|[silent]
|-start|p1b: Incineroar|perish3|[silent]
|-start|p2a: Gengar|perish3|[silent]
|-start|p2b: Incineroar|perish3|[silent]
|-fieldactivate|move: Perish Song
|move|p2b: Incineroar|Parting Shot|p1b: Incineroar
|-unboost|p1b: Incineroar|atk|1
|-unboost|p1b: Incineroar|spa|1
|
|t:|1784494904
|switch|p2b: Politoed|Politoed, L50, M|100/100|[from] Parting Shot
|-weather|RainDance|[from] ability: Drizzle|[of] p2b: Politoed
|move|p1b: Incineroar|Darkest Lariat|p2a: Gengar
|-supereffective|p2a: Gengar|1
|-damage|p2a: Gengar|9/100
|
|-weather|RainDance|[upkeep]
|-start|p2a: Gengar|perish3
|-start|p1a: Farigiraf|perish3
|-start|p1b: Incineroar|perish3
|upkeep
|turn|2
|
|t:|1784494922
|move|p2a: Gengar|Protect|p2a: Gengar
|-singleturn|p2a: Gengar|Protect
|move|p2b: Politoed|Protect|p2b: Politoed
|-singleturn|p2b: Politoed|Protect
|move|p1b: Incineroar|Close Combat|p2b: Politoed
|-activate|p2b: Politoed|move: Protect
|move|p1a: Farigiraf|Trick Room|p1a: Farigiraf
|-fieldstart|move: Trick Room|[of] p1a: Farigiraf
|
|-weather|RainDance|[upkeep]
|-start|p1a: Farigiraf|perish2
|-start|p1b: Incineroar|perish2
|-start|p2a: Gengar|perish2
|upkeep
|turn|3
|
|t:|1784494944
|switch|p2a: Incineroar|Incineroar, L50, F|100/100
|-ability|p2a: Incineroar|Intimidate|boost
|-unboost|p1a: Farigiraf|atk|1
|-unboost|p1b: Incineroar|atk|1
|move|p1a: Farigiraf|Confuse Ray|p2b: Politoed
|-start|p2b: Politoed|confusion
|move|p1b: Incineroar|Darkest Lariat|p2a: Incineroar
|-resisted|p2a: Incineroar|1
|-damage|p2a: Incineroar|93/100
|-activate|p2b: Politoed|confusion
|-damage|p2b: Politoed|92/100|[from] confusion
|
|-weather|RainDance|[upkeep]
|-start|p1a: Farigiraf|perish1
|-start|p1b: Incineroar|perish1
|upkeep
|turn|4
|
|t:|1784494969
|switch|p1a: Sinistcha|Sinistcha-Masterpiece, L50|100/100
|switch|p1b: Primarina|Primarina, L50, F|100/100
|switch|p2b: Sinistcha|Sinistcha, L50|100/100
|-heal|p2a: Incineroar|100/100|[from] ability: Hospitality|[of] p2b: Sinistcha
|move|p2a: Incineroar|Parting Shot|p1a: Sinistcha
|-unboost|p1a: Sinistcha|atk|1
|-unboost|p1a: Sinistcha|spa|1
|
|t:|1784494979
|switch|p2a: Gengar|Gengar-Mega, L50, M|9/100|[from] Parting Shot
|
|-weather|RainDance|[upkeep]
|upkeep
|turn|5
|
|t:|1784494990
|move|p2a: Gengar|Protect|p2a: Gengar
|-singleturn|p2a: Gengar|Protect
|move|p1b: Primarina|Ice Beam|p2b: Sinistcha
|-supereffective|p2b: Sinistcha|1
|-damage|p2b: Sinistcha|22/100
|-status|p2b: Sinistcha|frz
|-damage|p1b: Primarina|90/100|[from] item: Life Orb
|move|p1a: Sinistcha|Matcha Gotcha|p2a: Gengar|[spread] p2b
|-activate|p2a: Gengar|move: Protect
|-resisted|p2b: Sinistcha|1
|-damage|p2b: Sinistcha|11/100 frz
|-curestatus|p2b: Sinistcha|frz|[msg]
|move|p2b: Sinistcha|Matcha Gotcha|p1a: Sinistcha|[spread] p1a,p1b
|-resisted|p1a: Sinistcha|1
|-supereffective|p1b: Primarina|1
|-damage|p1a: Sinistcha|85/100
|-heal|p2b: Sinistcha|18/100|[from] drain|[of] p1a: Sinistcha
|-damage|p1b: Primarina|47/100
|-heal|p2b: Sinistcha|41/100|[from] drain|[of] p1b: Primarina
|
|-weather|none
|upkeep
|turn|6
|
|t:|1784495014
|switch|p2a: Politoed|Politoed, L50, M|92/100
|-weather|RainDance|[from] ability: Drizzle|[of] p2a: Politoed
|move|p2b: Sinistcha|Protect|p2b: Sinistcha
|-singleturn|p2b: Sinistcha|Protect
|move|p1b: Primarina|Ice Beam|p2b: Sinistcha
|-activate|p2b: Sinistcha|move: Protect
|move|p1a: Sinistcha|Matcha Gotcha|p2b: Sinistcha|[spread] p2a
|-activate|p2b: Sinistcha|move: Protect
|-supereffective|p2a: Politoed|1
|-damage|p2a: Politoed|62/100
|-heal|p1a: Sinistcha|100/100|[from] drain|[of] p2a: Politoed
|
|-weather|RainDance|[upkeep]
|-fieldend|move: Trick Room
|upkeep
|turn|7
|
|t:|1784495030
|switch|p2b: Incineroar|Incineroar, L50, F|100/100
|-ability|p2b: Incineroar|Intimidate|boost
|-unboost|p1a: Sinistcha|atk|1
|-unboost|p1b: Primarina|atk|1
|move|p2a: Politoed|Perish Song|p2a: Politoed
|-start|p1a: Sinistcha|perish3|[silent]
|-start|p1b: Primarina|perish3|[silent]
|-start|p2a: Politoed|perish3|[silent]
|-start|p2b: Incineroar|perish3|[silent]
|-fieldactivate|move: Perish Song
|move|p1b: Primarina|Ice Beam|p2b: Incineroar
|-resisted|p2b: Incineroar|1
|-damage|p2b: Incineroar|84/100
|-damage|p1b: Primarina|37/100|[from] item: Life Orb
|move|p1a: Sinistcha|Trick Room|p1a: Sinistcha
|-fieldstart|move: Trick Room|[of] p1a: Sinistcha
|
|-weather|RainDance|[upkeep]
|-start|p1b: Primarina|perish3
|-start|p2b: Incineroar|perish3
|-start|p1a: Sinistcha|perish3
|-start|p2a: Politoed|perish3
|upkeep
|turn|8
|
|t:|1784495046
|switch|p1b: Farigiraf|Farigiraf, L50, M, shiny|100/100
|switch|p1a: Incineroar|Incineroar, L50, M, shiny|100/100
|-ability|p1a: Incineroar|Intimidate|boost
|-unboost|p2a: Politoed|atk|1
|-unboost|p2b: Incineroar|atk|1
|move|p2b: Incineroar|Protect|p2b: Incineroar
|-singleturn|p2b: Incineroar|Protect
|move|p2a: Politoed|Protect||[still]
|-fail|p2a: Politoed
|
|-weather|RainDance|[upkeep]
|-start|p2b: Incineroar|perish2
|-start|p2a: Politoed|perish2
|upkeep
|turn|9
|
|t:|1784495067
|switch|p2a: Sinistcha|Sinistcha, L50|41/100
|-heal|p2b: Incineroar|100/100|[from] ability: Hospitality|[of] p2a: Sinistcha
|move|p2b: Incineroar|Parting Shot|p1a: Incineroar
|-unboost|p1a: Incineroar|atk|1
|-unboost|p1a: Incineroar|spa|1
|
|t:|1784495074
|switch|p2b: Politoed|Politoed, L50, M|62/100|[from] Parting Shot
|move|p1a: Incineroar|Close Combat|p2b: Politoed
|-damage|p2b: Politoed|37/100
|-unboost|p1a: Incineroar|def|1
|-unboost|p1a: Incineroar|spd|1
|-enditem|p2b: Politoed|Sitrus Berry|[eat]
|-heal|p2b: Politoed|62/100|[from] item: Sitrus Berry
|move|p1b: Farigiraf|Confuse Ray|p2a: Sinistcha
|-start|p2a: Sinistcha|confusion
|
|-weather|RainDance|[upkeep]
|upkeep
|turn|10
|
|t:|1784495089
|switch|p2a: Incineroar|Incineroar, L50, F|100/100
|-ability|p2a: Incineroar|Intimidate|boost
|-unboost|p1a: Incineroar|atk|1
|-unboost|p1b: Farigiraf|atk|1
|move|p1a: Incineroar|Darkest Lariat|p2a: Incineroar
|-resisted|p2a: Incineroar|1
|-damage|p2a: Incineroar|89/100
|move|p1b: Farigiraf|Confuse Ray|p2b: Politoed
|-start|p2b: Politoed|confusion
|-activate|p2b: Politoed|confusion
|-damage|p2b: Politoed|56/100|[from] confusion
|
|-weather|none
|upkeep
|turn|11
|inactive|zanquettao has 30 seconds left.
|
|t:|1784495122
|switch|p1a: Primarina|Primarina, L50, F|37/100
|switch|p2b: Sinistcha|Sinistcha, L50|41/100
|-heal|p2a: Incineroar|100/100|[from] ability: Hospitality|[of] p2b: Sinistcha
|move|p2a: Incineroar|Parting Shot|p1a: Primarina
|-unboost|p1a: Primarina|atk|1
|-unboost|p1a: Primarina|spa|1
|
|t:|1784495133
|switch|p2a: Gengar|Gengar-Mega, L50, M|9/100|[from] Parting Shot
|move|p1b: Farigiraf|Confuse Ray|p2a: Gengar
|-start|p2a: Gengar|confusion
|
|-fieldend|move: Trick Room
|upkeep
|turn|12
|
|t:|1784495152
|move|p1b: Farigiraf|Helping Hand|p1a: Primarina
|-singleturn|p1a: Primarina|Helping Hand|[of] p1b: Farigiraf
|-activate|p2a: Gengar|confusion
|move|p2a: Gengar|Shadow Ball|p1a: Primarina
|-damage|p1a: Primarina|0 fnt
|faint|p1a: Primarina
|move|p2b: Sinistcha|Matcha Gotcha|p1b: Farigiraf
|-damage|p1b: Farigiraf|63/100
|-heal|p2b: Sinistcha|64/100|[from] drain|[of] p1b: Farigiraf
|
|upkeep
|
|t:|1784495165
|switch|p1a: Sinistcha|Sinistcha-Masterpiece, L50|100/100
|-heal|p1b: Farigiraf|88/100|[from] ability: Hospitality|[of] p1a: Sinistcha
|turn|13
|
|t:|1784495182
|switch|p2a: Incineroar|Incineroar, L50, F|100/100
|-ability|p2a: Incineroar|Intimidate|boost
|-unboost|p1a: Sinistcha|atk|1
|-unboost|p1b: Farigiraf|atk|1
|move|p2b: Sinistcha|Matcha Gotcha|p1b: Farigiraf|[spread] p1a,p1b
|-resisted|p1a: Sinistcha|1
|-damage|p1a: Sinistcha|87/100
|-heal|p2b: Sinistcha|71/100|[from] drain|[of] p1a: Sinistcha
|-damage|p1b: Farigiraf|63/100
|-heal|p2b: Sinistcha|87/100|[from] drain|[of] p1b: Farigiraf
|move|p1a: Sinistcha|Shadow Ball|p2a: Incineroar
|-resisted|p2a: Incineroar|1
|-damage|p2a: Incineroar|83/100
|move|p1b: Farigiraf|Confuse Ray|p2b: Sinistcha
|-start|p2b: Sinistcha|confusion
|
|upkeep
|turn|14
|
|t:|1784495202
|-activate|p2b: Sinistcha|confusion
|move|p2b: Sinistcha|Matcha Gotcha|p1a: Sinistcha|[spread] p1a,p1b
|-resisted|p1a: Sinistcha|1
|-damage|p1a: Sinistcha|73/100
|-heal|p2b: Sinistcha|94/100|[from] drain|[of] p1a: Sinistcha
|-damage|p1b: Farigiraf|38/100
|-heal|p2b: Sinistcha|100/100|[from] drain|[of] p1b: Farigiraf
|-status|p1a: Sinistcha|brn
|move|p1a: Sinistcha|Shadow Ball|p2b: Sinistcha
|-supereffective|p2b: Sinistcha|1
|-damage|p2b: Sinistcha|18/100
|move|p1b: Farigiraf|Confuse Ray|p2a: Incineroar
|-start|p2a: Incineroar|confusion
|-activate|p2a: Incineroar|confusion
|move|p2a: Incineroar|Throat Chop|p1b: Farigiraf
|-supereffective|p1b: Farigiraf|1
|-enditem|p1b: Farigiraf|Colbur Berry|[eat]
|-enditem|p1b: Farigiraf|Colbur Berry|[weaken]
|-damage|p1b: Farigiraf|17/100
|-start|p1b: Farigiraf|Throat Chop|[silent]
|
|-damage|p1a: Sinistcha|67/100 brn|[from] brn
|upkeep
|turn|15
|inactive|zanquettao has 30 seconds left.
|inactive|Garden Monke has 30 seconds left.
|inactive|Garden Monke has 20 seconds left.
|
|t:|1784495238
|-end|p2b: Sinistcha|confusion
|move|p2b: Sinistcha|Matcha Gotcha|p1b: Farigiraf|[spread] p1a,p1b
|-resisted|p1a: Sinistcha|1
|-damage|p1a: Sinistcha|53/100 brn
|-heal|p2b: Sinistcha|25/100|[from] drain|[of] p1a: Sinistcha
|-damage|p1b: Farigiraf|0 fnt
|-heal|p2b: Sinistcha|36/100|[from] drain|[of] p1b: Farigiraf
|faint|p1b: Farigiraf
|move|p1a: Sinistcha|Shadow Ball|p2b: Sinistcha
|-supereffective|p2b: Sinistcha|1
|-damage|p2b: Sinistcha|0 fnt
|faint|p2b: Sinistcha
|-activate|p2a: Incineroar|confusion
|move|p2a: Incineroar|Parting Shot|p1a: Sinistcha
|-unboost|p1a: Sinistcha|atk|1
|-unboost|p1a: Sinistcha|spa|1
|
|t:|1784495252
|switch|p2a: Gengar|Gengar-Mega, L50, M|9/100|[from] Parting Shot
|
|-damage|p1a: Sinistcha|47/100 brn|[from] brn
|upkeep
|
|t:|1784495256
|switch|p2b: Incineroar|Incineroar, L50, F|83/100
|switch|p1b: Incineroar|Incineroar, L50, M, shiny|100/100
|-ability|p2b: Incineroar|Intimidate|boost
|-unboost|p1a: Sinistcha|atk|1
|-unboost|p1b: Incineroar|atk|1
|-ability|p1b: Incineroar|Intimidate|boost
|-unboost|p2a: Gengar|atk|1
|-unboost|p2b: Incineroar|atk|1
|turn|16
|
|t:|1784495277
|move|p2b: Incineroar|Fake Out|p1b: Incineroar
|-damage|p1b: Incineroar|93/100
|cant|p1b: Incineroar|flinch
|move|p2a: Gengar|Perish Song|p2a: Gengar
|-start|p1a: Sinistcha|perish3|[silent]
|-start|p1b: Incineroar|perish3|[silent]
|-start|p2a: Gengar|perish3|[silent]
|-start|p2b: Incineroar|perish3|[silent]
|-fieldactivate|move: Perish Song
|move|p1a: Sinistcha|Shadow Ball|p2a: Gengar
|-supereffective|p2a: Gengar|1
|-crit|p2a: Gengar
|-damage|p2a: Gengar|0 fnt
|faint|p2a: Gengar
|
|-damage|p1a: Sinistcha|41/100 brn|[from] brn
|-start|p1a: Sinistcha|perish3
|-start|p1b: Incineroar|perish3
|-start|p2b: Incineroar|perish3
|upkeep
|
|t:|1784495286
|switch|p2a: Politoed|Politoed, L50, M|56/100
|-weather|RainDance|[from] ability: Drizzle|[of] p2a: Politoed
|turn|17
|
|t:|1784495291
|move|p2a: Politoed|Protect|p2a: Politoed
|-singleturn|p2a: Politoed|Protect
|move|p2b: Incineroar|Protect|p2b: Incineroar
|-singleturn|p2b: Incineroar|Protect
|move|p1a: Sinistcha|Matcha Gotcha|p2a: Politoed|[spread] 
|-activate|p2a: Politoed|move: Protect
|-activate|p2b: Incineroar|move: Protect
|move|p1b: Incineroar|Close Combat|p2b: Incineroar
|-activate|p2b: Incineroar|move: Protect
|
|-weather|RainDance|[upkeep]
|-damage|p1a: Sinistcha|35/100 brn|[from] brn
|-start|p1a: Sinistcha|perish2
|-start|p2b: Incineroar|perish2
|-start|p1b: Incineroar|perish2
|upkeep
|turn|18
|
|t:|1784495306
|move|p2a: Politoed|Weather Ball|p1b: Incineroar
|-supereffective|p1b: Incineroar|1
|-damage|p1b: Incineroar|8/100
|move|p1a: Sinistcha|Matcha Gotcha|p2a: Politoed|[spread] p2a,p2b
|-supereffective|p2a: Politoed|1
|-resisted|p2b: Incineroar|1
|-damage|p2a: Politoed|25/100
|-heal|p1a: Sinistcha|52/100 brn|[from] drain|[of] p2a: Politoed
|-damage|p2b: Incineroar|74/100
|-heal|p1a: Sinistcha|57/100 brn|[from] drain|[of] p2b: Incineroar
|move|p2b: Incineroar|Throat Chop|p1a: Sinistcha
|-supereffective|p1a: Sinistcha|1
|-damage|p1a: Sinistcha|17/100 brn
|-start|p1a: Sinistcha|Throat Chop|[silent]
|move|p1b: Incineroar|Close Combat|p2b: Incineroar
|-supereffective|p2b: Incineroar|1
|-damage|p2b: Incineroar|14/100
|-unboost|p1b: Incineroar|def|1
|-unboost|p1b: Incineroar|spd|1
|
|-weather|RainDance|[upkeep]
|-damage|p1a: Sinistcha|11/100 brn|[from] brn
|-start|p1a: Sinistcha|perish1
|-start|p1b: Incineroar|perish1
|-start|p2b: Incineroar|perish1
|upkeep
|turn|19
|
|t:|1784495331
|move|p2a: Politoed|Protect|p2a: Politoed
|-singleturn|p2a: Politoed|Protect
|move|p2b: Incineroar|Protect|p2b: Incineroar
|-singleturn|p2b: Incineroar|Protect
|move|p1a: Sinistcha|Matcha Gotcha|p2b: Incineroar|[spread] 
|-activate|p2a: Politoed|move: Protect
|-activate|p2b: Incineroar|move: Protect
|move|p1b: Incineroar|Close Combat|p2b: Incineroar
|-activate|p2b: Incineroar|move: Protect
|
|-weather|RainDance|[upkeep]
|-damage|p1a: Sinistcha|5/100 brn|[from] brn
|-end|p1a: Sinistcha|Throat Chop|[silent]
|-start|p1a: Sinistcha|perish0
|-start|p2b: Incineroar|perish0
|-start|p1b: Incineroar|perish0
|faint|p1a: Sinistcha
|faint|p2b: Incineroar
|faint|p1b: Incineroar
|
|win|Garden Monke
||zanquettao is ready for game 3.
|inactive|Garden Monke has 30 seconds to confirm battle start!
|inactive|Garden Monke has 20 seconds to confirm battle start!
||Garden Monke is ready for game 3.
|uhtml|next|Next: Game 3 of 3
|l|☆zanquettao
|player|p1|
