|j|☆snailboss
|j|☆FruitDuDragn
|html|snailbossFruitDuDragn    
|uhtml|bestof|Game 1 of a best-of-3
|t:|1756688624
|gametype|doubles
|player|p1|snailboss|102|1076
|player|p2|FruitDuDragn|265|1000
|gen|9
|tier|[Gen 9] VGC 2025 Reg H (Bo3)
|rated|
|rule|Species Clause: Limit one of each Pokémon
|rule|Item Clause: Limit 1 of each item
|clearpoke
|poke|p1|Zoroark-Hisui, L50, F|
|poke|p1|Tyranitar, L50, F|
|poke|p1|Excadrill, L50, M|
|poke|p1|Indeedee-F, L50, F|
|poke|p1|Gallade, L50, M|
|poke|p1|Talonflame, L50, F|
|poke|p2|Amoonguss, L50, M|
|poke|p2|Tyranitar, L50, M|
|poke|p2|Incineroar, L50, F|
|poke|p2|Raichu-Alola, L50, M|
|poke|p2|Rillaboom, L50, M|
|poke|p2|Annihilape, L50, M|
|teampreview|4
|showteam|p1|Zoroark-Hisui||ChoiceSpecs|Illusion|HyperVoice,Flamethrower,ShadowBall,HyperBeam|||F|||50|,,,,,Normal]Tyranitar||AssaultVest|SandStream|RockSlide,KnockOff,LowKick,TeraBlast|||F|||50|,,,,,Flying]Excadrill||FocusSash|SandRush|IronHead,Protect,SwordsDance,Earthquake|||M|||50|,,,,,Ground]Indeedee-F||SafetyGoggles|PsychicSurge|TrickRoom,FollowMe,Psychic,HelpingHand|||F|||50|,,,,,Water]Gallade||ClearAmulet|Sharpness|PsychoCut,TrickRoom,WideGuard,SacredSword|||M|||50|,,,,,Grass]Talonflame||CovertCloak|GaleWings|Tailwind,BraveBird,FlareBlitz,Taunt|||F|||50|,,,,,Stellar
|showteam|p2|Amoonguss||RockyHelmet|Regenerator|Spore,RagePowder,SludgeBomb,Protect|||M|||50|,,,,,Water]Tyranitar||ClearAmulet|SandStream|Roar,Crunch,RockSlide,Protect|||M|||50|,,,,,Bug]Incineroar||SafetyGoggles|Intimidate|FakeOut,KnockOff,FlareBlitz,PartingShot|||F|||50|,,,,,Ghost]Raichu-Alola||LightClay|SurgeSurfer|FakeOut,LightScreen,Reflect,Electroweb|||M|||50|,,,,,Ground]Rillaboom||AssaultVest|GrassySurge|FakeOut,Uturn,WoodHammer,GrassyGlide|||M|||50|,,,,,Water]Annihilape||PunchingGlove|Defiant|BulkUp,RageFist,DrainPunch,Protect|||M|||50|,,,,,Dark
|inactive|Battle timer is ON: inactive players will automatically lose when time's up. (requested by FruitDuDragn)
|inactive|snailboss has 60 seconds left.
|
|t:|1756688679
|teamsize|p1|4
|teamsize|p2|4
|start
|switch|p1a: Dr. Drills|Excadrill, L50, M|100/100
|switch|p1b: Alistair|Gallade, L50, M|100/100
|switch|p2a: Raichu|Raichu-Alola, L50, M|100/100
|switch|p2b: Incineroar|Incineroar, L50, F|100/100
|-ability|p2b: Incineroar|Intimidate|boost
|-unboost|p1a: Dr. Drills|atk|1
|-fail|p1b: Alistair|unboost|[from] item: Clear Amulet|[of] p1b: Alistair
|turn|1
|inactive|snailboss has 30 seconds left.
|inactive|FruitDuDragn has 30 seconds left.
|inactive|FruitDuDragn has 20 seconds left.
|inactive|FruitDuDragn has 15 seconds left.
|inactive|FruitDuDragn has 10 seconds left.
|inactive|FruitDuDragn has 5 seconds left.
|
|t:|1756688729
|switch|p1b: Dr. Drills|Excadrill, L50, M|100/100
|move|p2b: Incineroar|Fake Out|p1a: Dr. Drills
|-immune|p1a: Dr. Drills
|move|p2a: Raichu|Reflect|p2a: Raichu
|-sidestart|p2: FruitDuDragn|Reflect
|move|p1a: Dr. Drills|Shadow Ball|p2a: Raichu
|-supereffective|p2a: Raichu
|-damage|p2a: Raichu|0 fnt
|faint|p2a: Raichu
|
|upkeep
|
|t:|1756688739
|switch|p2a: Rillaboom|Rillaboom, L50, M|100/100
|-fieldstart|move: Grassy Terrain|[from] ability: Grassy Surge|[of] p2a: Rillaboom
|turn|2
|
|t:|1756688745
|switch|p1a: Butter|Indeedee-F, L50, F|100/100
|-fieldstart|move: Psychic Terrain|[from] ability: Psychic Surge|[of] p1a: Butter
|move|p2a: Rillaboom|Fake Out|p1b: Dr. Drills
|-activate|p1b: Dr. Drills|move: Psychic Terrain
|move|p1b: Dr. Drills|Swords Dance|p1b: Dr. Drills
|-boost|p1b: Dr. Drills|atk|2
|move|p2b: Incineroar|Knock Off|p1a: Butter
|-supereffective|p1a: Butter
|-damage|p1a: Butter|18/100
|-enditem|p1a: Butter|Safety Goggles|[from] move: Knock Off|[of] p2b: Incineroar
|
|upkeep
|turn|3
|
|t:|1756688765
|move|p1a: Butter|Helping Hand|p1b: Dr. Drills
|-singleturn|p1b: Dr. Drills|Helping Hand|[of] p1a: Butter
|move|p1b: Dr. Drills|Iron Head|p2a: Rillaboom
|-damage|p2a: Rillaboom|20/100
|move|p2a: Rillaboom|Wood Hammer|p1b: Dr. Drills
|-damage|p1b: Dr. Drills|23/100
|-damage|p2a: Rillaboom|0 fnt|[from] Recoil
|faint|p2a: Rillaboom
|move|p2b: Incineroar|Flare Blitz|p1b: Dr. Drills
|-supereffective|p1b: Dr. Drills
|-damage|p1b: Dr. Drills|0 fnt
|faint|p1b: Dr. Drills
|-damage|p2b: Incineroar|94/100|[from] Recoil
|
|upkeep
|
|t:|1756688774
|switch|p1b: Alistair|Gallade, L50, M|100/100
|switch|p2a: Annihilape|Annihilape, L50, M|100/100
|turn|4
|inactive|snailboss has 30 seconds left.
|inactive|snailboss has 20 seconds left.
|inactive|snailboss has 15 seconds left.
|inactive|snailboss has 10 seconds left.
|
|t:|1756688826
|-terastallize|p2a: Annihilape|Dark
|move|p1b: Alistair|Shadow Ball|p2a: Annihilape
|-resisted|p2a: Annihilape
|-damage|p2a: Annihilape|73/100
|move|p2a: Annihilape|Bulk Up|p2a: Annihilape
|-boost|p2a: Annihilape|atk|1
|-boost|p2a: Annihilape|def|1
|move|p1a: Butter|Psychic|p2a: Annihilape
|-immune|p2a: Annihilape
|move|p2b: Incineroar|Knock Off|p1b: Alistair
|-supereffective|p1b: Alistair
|-damage|p1b: Alistair|0 fnt
|replace|p1b: Zoroark|Zoroark-Hisui, L50, F
|-end|p1b: Zoroark|Illusion
|-enditem|p1b: Zoroark|Choice Specs|[from] move: Knock Off|[of] p2b: Incineroar
|faint|p1b: Zoroark
|
|upkeep
|
|t:|1756688829
|switch|p1b: Alistair|Gallade, L50, M|100/100
|turn|5
|inactive|FruitDuDragn has 30 seconds left.
|
|t:|1756688860
|move|p2a: Annihilape|Protect|p2a: Annihilape
|-singleturn|p2a: Annihilape|Protect
|move|p1a: Butter|Follow Me|p1a: Butter
|-singleturn|p1a: Butter|move: Follow Me
|move|p1b: Alistair|Sacred Sword|p2b: Incineroar
|-supereffective|p2b: Incineroar
|-damage|p2b: Incineroar|6/100
|move|p2b: Incineroar|Knock Off|p1a: Butter
|-supereffective|p1a: Butter
|-damage|p1a: Butter|0 fnt
|faint|p1a: Butter
|
|upkeep
|turn|6
|
|t:|1756688877
|move|p2a: Annihilape|Bulk Up|p2a: Annihilape
|-boost|p2a: Annihilape|atk|1
|-boost|p2a: Annihilape|def|1
|move|p1b: Alistair|Sacred Sword|p2a: Annihilape
|-supereffective|p2a: Annihilape
|-damage|p2a: Annihilape|0 fnt
|faint|p2a: Annihilape
|move|p2b: Incineroar|Knock Off|p1b: Alistair
|-crit|p1b: Alistair
|-damage|p1b: Alistair|0 fnt
|-enditem|p1b: Alistair|Clear Amulet|[from] move: Knock Off|[of] p2b: Incineroar
|faint|p1b: Alistair
|
|win|FruitDuDragn
|inactive|snailboss has 30 seconds to confirm battle start!
|inactive|FruitDuDragn has 30 seconds to confirm battle start!
