|j|☆MrMaro
|j|☆patrulheirogeek
|html|MrMaropatrulheirogeek    
|uhtml|bestof|Game 1 of a best-of-3
|t:|1757668673
|gametype|doubles
|player|p1|MrMaro|102|1125
|player|p2|patrulheirogeek|265|1058
|gen|9
|tier|[Gen 9] VGC 2025 Reg H (Bo3)
|rated|
|rule|Species Clause: Limit one of each Pokémon
|rule|Item Clause: Limit 1 of each item
|clearpoke
|poke|p1|Incineroar, L50, M|
|poke|p1|Dragonite, L50, M|
|poke|p1|Porygon2, L50|
|poke|p1|Ursaluna-Bloodmoon, L50, M|
|poke|p1|Ninetales-Alola, L50, F|
|poke|p1|Annihilape, L50, M|
|poke|p2|Pelipper, L50, M|
|poke|p2|Archaludon, L50, M|
|poke|p2|Dragonite, L50, M|
|poke|p2|Typhlosion, L50, M|
|poke|p2|Electabuzz, L50, F|
|poke|p2|Ludicolo, L50, M|
|teampreview|4
|showteam|p1|Incineroar||ChopleBerry|Intimidate|FlareBlitz,KnockOff,FakeOut,PartingShot|||M|||50|,,,,,Grass]Dragonite||LoadedDice|Multiscale|ScaleShot,Tailwind,Haze,Protect|||M|||50|,,,,,Steel]Porygon2||Eviolite|Download|TeraBlast,IceBeam,Recover,TrickRoom||||||50|,,,,,Fighting]Ursaluna-Bloodmoon||AssaultVest|MindsEye|HyperVoice,BloodMoon,VacuumWave,EarthPower|||M|||50|,,,,,Water]Ninetales-Alola||LightClay|SnowWarning|IcicleSpear,Encore,IcyWind,AuroraVeil|||F|||50|,,,,,Ghost]Annihilape||SafetyGoggles|Defiant|DrainPunch,RageFist,BulkUp,Protect|||M|||50|,,,,,Fire
|showteam|p2|Pelipper||SitrusBerry|Drizzle|WideGuard,Tailwind,WeatherBall,Hurricane|||M|||50|,,,,,Flying]Archaludon||AssaultVest|Stamina|ElectroShot,DracoMeteor,FlashCannon,AuraSphere|||M|||50|,,,,,Ghost]Dragonite||ChoiceBand|InnerFocus|ExtremeSpeed,IronHead,Outrage,AquaTail|||M|||50|,,,,,Steel]Typhlosion||ChoiceSpecs|FlashFire|Eruption,FocusBlast,Extrasensory,ScorchingSands|||M|||50|,,,,,Fire]Electabuzz||Eviolite|VitalSpirit|FollowMe,Electroweb,HelpingHand,VoltSwitch|||F|||50|,,,,,Electric]Ludicolo||Leftovers|SwiftSwim|FakeOut,WeatherBall,GigaDrain,LeechSeed|||M|||50|,,,,,Fire
|
|t:|1757668720
|teamsize|p1|4
|teamsize|p2|4
|start
|switch|p1a: Porygon2|Porygon2, L50|100/100
|switch|p1b: Incineroar|Incineroar, L50, M|100/100
|switch|p2a: Pelipper|Pelipper, L50, M, shiny|100/100
|switch|p2b: Ludicolo|Ludicolo, L50, M, shiny|100/100
|-ability|p1b: Incineroar|Intimidate|boost
|-unboost|p2a: Pelipper|atk|1
|-unboost|p2b: Ludicolo|atk|1
|-ability|p1a: Porygon2|Download|boost
|-boost|p1a: Porygon2|spa|1
|-weather|RainDance|[from] ability: Drizzle|[of] p2a: Pelipper
|turn|1
|
|t:|1757668753
|switch|p1b: Ninetales|Ninetales-Alola, L50, F|100/100
|-weather|Snowscape|[from] ability: Snow Warning|[of] p1b: Ninetales
|move|p2b: Ludicolo|Leech Seed|p1a: Porygon2
|-start|p1a: Porygon2|move: Leech Seed
|move|p1a: Porygon2|Tera Blast|p2b: Ludicolo
|-damage|p2b: Ludicolo|49/100
|move|p2a: Pelipper|Hurricane|p1b: Ninetales
|-damage|p1b: Ninetales|64/100
|
|-weather|Snowscape|[upkeep]
|-heal|p2b: Ludicolo|55/100|[from] item: Leftovers
|-damage|p1a: Porygon2|88/100|[from] Leech Seed|[of] p2b: Ludicolo
|-heal|p2b: Ludicolo|68/100|[silent]
|upkeep
|turn|2
|
|t:|1757668782
|-terastallize|p2b: Ludicolo|Fire
|move|p1b: Ninetales|Encore|p2b: Ludicolo
|-start|p2b: Ludicolo|Encore
|move|p2b: Ludicolo|Leech Seed|p1b: Ninetales
|-start|p1b: Ninetales|move: Leech Seed
|move|p1a: Porygon2|Ice Beam|p2a: Pelipper
|-damage|p2a: Pelipper|53/100
|move|p2a: Pelipper|Weather Ball|p1a: Porygon2
|-damage|p1a: Porygon2|74/100
|
|-weather|Snowscape|[upkeep]
|-heal|p2b: Ludicolo|74/100|[from] item: Leftovers
|-damage|p1b: Ninetales|52/100|[from] Leech Seed|[of] p2b: Ludicolo
|-heal|p2b: Ludicolo|85/100|[silent]
|-damage|p1a: Porygon2|61/100|[from] Leech Seed|[of] p2b: Ludicolo
|-heal|p2b: Ludicolo|99/100|[silent]
|upkeep
|turn|3
|
|t:|1757668809
|switch|p2a: Electabuzz|Electabuzz, L50, F|100/100
|move|p1b: Ninetales|Aurora Veil|p1b: Ninetales
|-sidestart|p1: MrMaro|move: Aurora Veil
|move|p2b: Ludicolo|Leech Seed||[still]
|-fail|p2b: Ludicolo
|move|p1a: Porygon2|Tera Blast|p2a: Electabuzz
|-damage|p2a: Electabuzz|62/100
|
|-weather|Snowscape|[upkeep]
|-heal|p2b: Ludicolo|100/100|[from] item: Leftovers
|-damage|p1b: Ninetales|40/100|[from] Leech Seed|[of] p2b: Ludicolo
|-damage|p1a: Porygon2|49/100|[from] Leech Seed|[of] p2b: Ludicolo
|upkeep
|turn|4
|
|t:|1757668835
|switch|p1b: Ursaluna|Ursaluna-Bloodmoon, L50, M|100/100
|switch|p2b: Pelipper|Pelipper, L50, M, shiny|53/100
|-weather|RainDance|[from] ability: Drizzle|[of] p2b: Pelipper
|move|p2a: Electabuzz|Electroweb|p1a: Porygon2|[spread] p1a
|-immune|p1b: Ursaluna
|-damage|p1a: Porygon2|43/100
|-unboost|p1a: Porygon2|spe|1
|move|p1a: Porygon2|Trick Room|p1a: Porygon2
|-fieldstart|move: Trick Room|[of] p1a: Porygon2
|
|-weather|RainDance|[upkeep]
|-damage|p1a: Porygon2|31/100|[from] Leech Seed|[of] p2b: Pelipper
|-heal|p2b: Pelipper|67/100|[silent]
|upkeep
|turn|5
|inactive|Battle timer is ON: inactive players will automatically lose when time's up. (requested by MrMaro)
|
|t:|1757668903
|-terastallize|p1b: Ursaluna|Water
|move|p1a: Porygon2|Tera Blast|p2b: Pelipper
|-damage|p2b: Pelipper|0 fnt
|faint|p2b: Pelipper
|move|p1b: Ursaluna|Earth Power|p2a: Electabuzz
|-supereffective|p2a: Electabuzz
|-damage|p2a: Electabuzz|0 fnt
|faint|p2a: Electabuzz
|
|-weather|RainDance|[upkeep]
|upkeep
|
|t:|1757668915
|switch|p2b: Ludicolo|Ludicolo, L50, M, shiny, tera:Fire|100/100
|switch|p2a: Archaludon|Archaludon, L50, M|100/100
|turn|6
|
|t:|1757668931
|switch|p1a: Ninetales|Ninetales-Alola, L50, F|40/100
|-weather|Snowscape|[from] ability: Snow Warning|[of] p1a: Ninetales
|move|p2b: Ludicolo|Fake Out|p1b: Ursaluna
|-damage|p1b: Ursaluna|97/100
|move|p2a: Archaludon|Electro Shot||[still]
|-prepare|p2a: Archaludon|Electro Shot
|-boost|p2a: Archaludon|spa|1
|cant|p1b: Ursaluna|flinch
|
|-weather|Snowscape|[upkeep]
|upkeep
|turn|7
|
|t:|1757668951
|move|p2a: Archaludon|Electro Shot|p1b: Ursaluna|[from] lockedmove
|-supereffective|p1b: Ursaluna
|-damage|p1b: Ursaluna|25/100
|move|p1b: Ursaluna|Earth Power|p2a: Archaludon
|-supereffective|p2a: Archaludon
|-damage|p2a: Archaludon|38/100
|-ability|p2a: Archaludon|Stamina|boost
|-boost|p2a: Archaludon|def|1
|move|p2b: Ludicolo|Giga Drain|p1b: Ursaluna
|-supereffective|p1b: Ursaluna
|-damage|p1b: Ursaluna|0 fnt
|faint|p1b: Ursaluna
|move|p1a: Ninetales|Encore|p2b: Ludicolo
|-start|p2b: Ludicolo|Encore
|
|-weather|Snowscape|[upkeep]
|upkeep
|
|t:|1757668969
|switch|p1b: Incineroar|Incineroar, L50, M|100/100
|-ability|p1b: Incineroar|Intimidate|boost
|-unboost|p2a: Archaludon|atk|1
|-unboost|p2b: Ludicolo|atk|1
|turn|8
|
|t:|1757668990
|move|p2a: Archaludon|Aura Sphere|p1b: Incineroar
|-supereffective|p1b: Incineroar
|-enditem|p1b: Incineroar|Chople Berry|[eat]
|-enditem|p1b: Incineroar|Chople Berry|[weaken]
|-damage|p1b: Incineroar|74/100
|move|p2b: Ludicolo|Giga Drain|p1a: Ninetales
|-damage|p1a: Ninetales|19/100
|move|p1b: Incineroar|Flare Blitz|p2a: Archaludon
|-damage|p2a: Archaludon|10/100
|-ability|p2a: Archaludon|Stamina|boost
|-boost|p2a: Archaludon|def|1
|-damage|p1b: Incineroar|65/100|[from] Recoil
|move|p1a: Ninetales|Encore|p2a: Archaludon
|-start|p2a: Archaludon|Encore
|
|-weather|Snowscape|[upkeep]
|-fieldend|move: Trick Room
|upkeep
|turn|9
|inactive|MrMaro has 30 seconds left.
|
|t:|1757669023
|move|p1a: Ninetales|Icicle Spear|p2a: Archaludon
|-damage|p2a: Archaludon|8/100
|-ability|p2a: Archaludon|Stamina|boost
|-boost|p2a: Archaludon|def|1
|-damage|p2a: Archaludon|6/100
|-ability|p2a: Archaludon|Stamina|boost
|-boost|p2a: Archaludon|def|1
|-hitcount|p2a: Archaludon|2
|move|p1b: Incineroar|Flare Blitz|p2a: Archaludon
|-damage|p2a: Archaludon|0 fnt
|faint|p2a: Archaludon
|-damage|p1b: Incineroar|63/100|[from] Recoil
|move|p2b: Ludicolo|Giga Drain|p1a: Ninetales
|-damage|p1a: Ninetales|0 fnt
|faint|p1a: Ninetales
|
|-weather|Snowscape|[upkeep]
|upkeep
|
|t:|1757669040
|switch|p1a: Porygon2|Porygon2, L50|31/100
|-ability|p1a: Porygon2|Download|boost
|-boost|p1a: Porygon2|atk|1
|turn|10
|
|t:|1757669057
|move|p1b: Incineroar|Knock Off|p2b: Ludicolo
|-damage|p2b: Ludicolo|48/100
|-enditem|p2b: Ludicolo|Leftovers|[from] move: Knock Off|[of] p1b: Incineroar
|move|p2b: Ludicolo|Giga Drain|p1a: Porygon2
|-damage|p1a: Porygon2|19/100
|-heal|p2b: Ludicolo|54/100|[from] drain|[of] p1a: Porygon2
|move|p1a: Porygon2|Recover|p1a: Porygon2
|-heal|p1a: Porygon2|69/100
|
|-weather|none
|-end|p2b: Ludicolo|Encore
|-sideend|p1: MrMaro|move: Aurora Veil
|upkeep
|turn|11
|
|t:|1757669074
|move|p1b: Incineroar|Knock Off|p2b: Ludicolo
|-damage|p2b: Ludicolo|24/100
|move|p2b: Ludicolo|Giga Drain|p1a: Porygon2
|-damage|p1a: Porygon2|52/100
|-heal|p2b: Ludicolo|33/100|[from] drain|[of] p1a: Porygon2
|move|p1a: Porygon2|Tera Blast|p2b: Ludicolo
|-damage|p2b: Ludicolo|3/100
|
|upkeep
|turn|12
|
|t:|1757669088
|move|p1b: Incineroar|Knock Off|p2b: Ludicolo
|-damage|p2b: Ludicolo|0 fnt
|faint|p2b: Ludicolo
|
|win|MrMaro
||MrMaro is ready for game 2.
|inactive|patrulheirogeek has 30 seconds to confirm battle start!
|inactive|patrulheirogeek has 20 seconds to confirm battle start!
|l|☆patrulheirogeek
|player|p2|
||patrulheirogeek is ready for game 2.
|uhtml|next|Next: Game 2 of 3
