|j|☆LostInCalabria
|j|☆awelaaa
|html|LostInCalabriaawelaaa    
|uhtml|bestof|Game 2 of a best-of-3
|t:|1786158177
|gametype|doubles
|player|p1|LostInCalabria|shadowtriad|1059
|player|p2|awelaaa|rancher|1065
|gen|9
|tier|[Gen 9 Champions] VGC 2026 Reg M-B (Bo3)
|rated|
|rule|Species Clause: Limit one of each Pokémon
|rule|Item Clause: Limit 1 of each item
|clearpoke
|poke|p1|Delphox, L50, M|
|poke|p1|Clefable, L50, F|
|poke|p1|Meowscarada, L50, M|
|poke|p1|Staraptor, L50, F|
|poke|p1|Araquanid, L50, F|
|poke|p1|Luxray, L50, M|
|poke|p2|Garchomp, L50, M|
|poke|p2|Tyranitar, L50, F, shiny|
|poke|p2|Sinistcha, L50, shiny|
|poke|p2|Corviknight, L50, M|
|poke|p2|Houndstone, L50, M|
|poke|p2|Grimmsnarl, L50, M|
|teampreview|4
|showteam|p1|Delphox||Delphoxite|Blaze|Psyshock,HeatWave,CalmMind,Protect|Timid||M|||50|]Clefable||SitrusBerry|Unaware|AlluringVoice,FollowMe,LifeDew,Protect|Bold||F|||50|]Meowscarada||ChoiceScarf|Protean|Uturn,FlowerTrick,LowKick,TripleAxel|Jolly||M|||50|]Staraptor||Staraptite|Intimidate|CloseCombat,BraveBird,Tailwind,Protect|Jolly||F|||50|]Araquanid||Leftovers|WaterBubble|Liquidation,Protect,IcyWind,WideGuard|Sassy||F|||50|]Luxray||ShucaBerry|Intimidate|WildCharge,HelpingHand,BabyDollEyes,Protect|Adamant||M|||50|
|showteam|p2|Garchomp||Garchompite|RoughSkin|DragonPulse,PowerGem,Protect,EarthPower|Modest||M|||50|]Tyranitar||ChopleBerry|SandStream|KnockOff,RockSlide,Protect,LowKick|Adamant||F|||50|]Sinistcha||SitrusBerry|Hospitality|RagePowder,TrickRoom,MatchaGotcha,StrengthSap|Bold|||||50|]Corviknight||Leftovers|MirrorArmor|IronHead,BraveBird,Roost,Tailwind|Careful||M|||50|]Houndstone||SpellTag|SandRush|LastRespects,WillOWisp,Protect,PhantomForce|Adamant||M|||50|]Grimmsnarl||LightClay|Prankster|Reflect,LightScreen,PartingShot,SpiritBreak|Careful||M|||50|
|
|t:|1786158197
|teamsize|p1|4
|teamsize|p2|4
|start
|switch|p1a: Delphox|Delphox, L50, M|100/100
|switch|p1b: Araquanid|Araquanid, L50, F|100/100
|switch|p2a: Grimmsnarl|Grimmsnarl, L50, M|100/100
|switch|p2b: Sinistcha|Sinistcha, L50, shiny|100/100
|turn|1
|
|t:|1786158239
|switch|p1b: Clefable|Clefable, L50, F|100/100
|detailschange|p1a: Delphox|Delphox-Mega, L50, M
|-mega|p1a: Delphox|Delphox|Delphoxite
|move|p2a: Grimmsnarl|Light Screen|p2a: Grimmsnarl
|-sidestart|p2: awelaaa|move: Light Screen
|move|p1a: Delphox|Calm Mind|p1a: Delphox
|-boost|p1a: Delphox|spa|1
|-boost|p1a: Delphox|spd|1
|move|p2b: Sinistcha|Trick Room|p2b: Sinistcha
|-fieldstart|move: Trick Room|[of] p2b: Sinistcha
|
|upkeep
|turn|2
|
|t:|1786158265
|switch|p2b: Tyranitar|Tyranitar, L50, F, shiny|100/100
|-weather|Sandstorm|[from] ability: Sand Stream|[of] p2b: Tyranitar
|move|p1b: Clefable|Follow Me|p1b: Clefable
|-singleturn|p1b: Clefable|move: Follow Me
|move|p2a: Grimmsnarl|Parting Shot|p1b: Clefable
|-unboost|p1b: Clefable|atk|1
|-unboost|p1b: Clefable|spa|1
|
|t:|1786158272
|switch|p2a: Garchomp|Garchomp, L50, M|100/100|[from] Parting Shot
|move|p1a: Delphox|Calm Mind|p1a: Delphox
|-boost|p1a: Delphox|spa|1
|-boost|p1a: Delphox|spd|1
|
|-weather|Sandstorm|[upkeep]
|-damage|p1b: Clefable|93/100|[from] Sandstorm
|-damage|p1a: Delphox|94/100|[from] Sandstorm
|upkeep
|turn|3
|
|t:|1786158290
|switch|p1b: Araquanid|Araquanid, L50, F|100/100
|detailschange|p2a: Garchomp|Garchomp-Mega, L50, M
|-mega|p2a: Garchomp|Garchomp|Garchompite
|move|p1a: Delphox|Protect|p1a: Delphox
|-singleturn|p1a: Delphox|Protect
|move|p2b: Tyranitar|Knock Off|p1b: Araquanid
|-damage|p1b: Araquanid|48/100
|-enditem|p1b: Araquanid|Leftovers|[from] move: Knock Off|[of] p2b: Tyranitar
|move|p2a: Garchomp|Power Gem|p1a: Delphox
|-activate|p1a: Delphox|move: Protect
|
|-weather|Sandstorm|[upkeep]
|-damage|p1b: Araquanid|42/100|[from] Sandstorm
|-damage|p1a: Delphox|88/100|[from] Sandstorm
|upkeep
|turn|4
|
|t:|1786158331
|move|p1b: Araquanid|Liquidation|p2a: Garchomp
|-damage|p2a: Garchomp|66/100
|move|p2b: Tyranitar|Rock Slide|p1b: Araquanid|[spread] p1a,p1b
|-supereffective|p1a: Delphox|1
|-supereffective|p1b: Araquanid|1
|-damage|p1a: Delphox|10/100
|-damage|p1b: Araquanid|0 fnt
|faint|p1b: Araquanid
|move|p2a: Garchomp|Power Gem|p1a: Delphox
|-supereffective|p1a: Delphox|1
|-damage|p1a: Delphox|0 fnt
|faint|p1a: Delphox
|
|-weather|Sandstorm|[upkeep]
|upkeep
|
|t:|1786158344
|switch|p1b: Clefable|Clefable, L50, F|93/100
|switch|p1a: Meowscarada|Meowscarada, L50, M|100/100
|turn|5
|
|t:|1786158361
|switch|p2b: Sinistcha|Sinistcha, L50, shiny|100/100
|-heal|p2a: Garchomp|91/100|[from] ability: Hospitality|[of] p2b: Sinistcha
|move|p2a: Garchomp|Protect|p2a: Garchomp
|-singleturn|p2a: Garchomp|Protect
|move|p1b: Clefable|Alluring Voice|p2b: Sinistcha
|-damage|p2b: Sinistcha|81/100
|move|p1a: Meowscarada|Triple Axel|p2a: Garchomp
|-start|p1a: Meowscarada|typechange|Ice|[from] ability: Protean
|-activate|p2a: Garchomp|move: Protect
|
|-weather|Sandstorm|[upkeep]
|-damage|p1b: Clefable|87/100|[from] Sandstorm
|-damage|p2b: Sinistcha|75/100|[from] Sandstorm
|-damage|p1a: Meowscarada|93/100|[from] Sandstorm
|-fieldend|move: Trick Room
|upkeep
|turn|6
|
|t:|1786158386
|switch|p2a: Grimmsnarl|Grimmsnarl, L50, M|100/100
|move|p1a: Meowscarada|Triple Axel|p2a: Grimmsnarl
|-damage|p2a: Grimmsnarl|90/100
|-damage|p2a: Grimmsnarl|74/100
|-hitcount|p2a: Grimmsnarl|2
|move|p1b: Clefable|Life Dew|p1b: Clefable|[spread] p1a,p1b
|-heal|p1a: Meowscarada|100/100
|-heal|p1b: Clefable|100/100
|move|p2b: Sinistcha|Trick Room|p2b: Sinistcha
|-fieldstart|move: Trick Room|[of] p2b: Sinistcha
|
|-weather|none
|upkeep
|turn|7
|
|t:|1786158407
|move|p2a: Grimmsnarl|Parting Shot|p1a: Meowscarada
|-unboost|p1a: Meowscarada|atk|1
|-unboost|p1a: Meowscarada|spa|1
|
|t:|1786158410
|switch|p2a: Tyranitar|Tyranitar, L50, F, shiny|100/100|[from] Parting Shot
|-weather|Sandstorm|[from] ability: Sand Stream|[of] p2a: Tyranitar
|move|p1b: Clefable|Alluring Voice|p2b: Sinistcha
|-damage|p2b: Sinistcha|58/100
|move|p2b: Sinistcha|Matcha Gotcha|p1b: Clefable|[spread] p1a,p1b
|-damage|p1a: Meowscarada|65/100
|-heal|p2b: Sinistcha|75/100|[from] drain|[of] p1a: Meowscarada
|-damage|p1b: Clefable|79/100
|-heal|p2b: Sinistcha|87/100|[from] drain|[of] p1b: Clefable
|move|p1a: Meowscarada|Triple Axel|p2a: Tyranitar|[miss]
|-miss|p1a: Meowscarada|p2a: Tyranitar
|
|-weather|Sandstorm|[upkeep]
|-damage|p1b: Clefable|73/100|[from] Sandstorm
|-damage|p2b: Sinistcha|80/100|[from] Sandstorm
|-damage|p1a: Meowscarada|59/100|[from] Sandstorm
|upkeep
|turn|8
|
|t:|1786158432
|move|p1b: Clefable|Alluring Voice|p2a: Tyranitar
|-supereffective|p2a: Tyranitar|1
|-damage|p2a: Tyranitar|78/100
|move|p2a: Tyranitar|Rock Slide|p1b: Clefable|[spread] p1b
|-miss|p2a: Tyranitar|p1a: Meowscarada
|-damage|p1b: Clefable|50/100g
|move|p2b: Sinistcha|Matcha Gotcha|p1a: Meowscarada|[spread] p1a,p1b
|-damage|p1a: Meowscarada|29/100
|-heal|p2b: Sinistcha|96/100|[from] drain|[of] p1a: Meowscarada
|-damage|p1b: Clefable|27/100
|-heal|p2b: Sinistcha|100/100|[from] drain|[of] p1b: Clefable
|-enditem|p1b: Clefable|Sitrus Berry|[eat]
|-heal|p1b: Clefable|52/100|[from] item: Sitrus Berry
|move|p1a: Meowscarada|Triple Axel|p2b: Sinistcha
|-supereffective|p2b: Sinistcha|1
|-damage|p2b: Sinistcha|89/100
|-supereffective|p2b: Sinistcha|1
|-damage|p2b: Sinistcha|69/100
|-supereffective|p2b: Sinistcha|1
|-damage|p2b: Sinistcha|42/100
|-enditem|p2b: Sinistcha|Sitrus Berry|[eat]
|-heal|p2b: Sinistcha|67/100|[from] item: Sitrus Berry
|-hitcount|p2b: Sinistcha|3
|
|-weather|Sandstorm|[upkeep]
|-damage|p1b: Clefable|46/100|[from] Sandstorm
|-damage|p2b: Sinistcha|61/100|[from] Sandstorm
|-damage|p1a: Meowscarada|23/100|[from] Sandstorm
|-sideend|p2: awelaaa|move: Light Screen
|upkeep
|turn|9
|-message|LostInCalabria forfeited.
|
|win|awelaaa
|raw|LostInCalabria's rating: 1059 → 1040(-19 for losing)
|raw|awelaaa's rating: 1065 → 1095(+30 for winning)
|l|☆awelaaa
|player|p2|
|l|☆LostInCalabria
|player|p1|
|j|☆LostInCalabria
|player|p1|LostInCalabria|shadowtriad|
