|j|☆Slim Shady LPVGC
|j|☆SelvesterTheYAK
|html|Slim Shady LPVGCSelvesterTheYAK    
|uhtml|bestof|Game 2 of a best-of-3
|t:|1756877077
|gametype|doubles
|player|p1|Slim Shady LPVGC|cynthia|1211
|player|p2|SelvesterTheYAK|170|1131
|gen|9
|tier|[Gen 9] VGC 2025 Reg H (Bo3)
|rated|
|rule|Species Clause: Limit one of each Pokémon
|rule|Item Clause: Limit 1 of each item
|clearpoke
|poke|p1|Whimsicott, L50, M|
|poke|p1|Dragapult, L50, M|
|poke|p1|Gholdengo, L50|
|poke|p1|Sneasler, L50, F|
|poke|p1|Hydreigon, L50, M|
|poke|p1|Magmar, L50, F|
|poke|p2|Tyranitar, L50, M|
|poke|p2|Arcanine-Hisui, L50, M|
|poke|p2|Kommo-o, L50, M|
|poke|p2|Gholdengo, L50|
|poke|p2|Rillaboom, L50, M|
|poke|p2|Electabuzz, L50, F|
|teampreview|4
|showteam|p1|Whimsicott||CovertCloak|Prankster|Moonblast,Tailwind,Encore,SunnyDay|||M|||50|,,,,,Dark]Dragapult||ChoiceBand|ClearBody|DragonDarts,PhantomForce,SuckerPunch,Uturn|||M|||50|,,,,,Dragon]Gholdengo||MetalCoat|GoodasGold|Protect,MakeItRain,ShadowBall,NastyPlot||||||50|,,,,,Steel]Sneasler||WhiteHerb|Unburden|Protect,DireClaw,CloseCombat,FakeOut|||F|||50|,,,,,Stellar]Hydreigon||LifeOrb|Levitate|Protect,DracoMeteor,DarkPulse,EarthPower|||M|||50|,,,,,Ghost]Magmar||Eviolite|VitalSpirit|Protect,FollowMe,HeatWave,WillOWisp|||F|||50|,,,,,Ghost
|showteam|p2|Tyranitar||AssaultVest|SandStream|RockSlide,KnockOff,TeraBlast,LowKick|||M|||50|,,,,,Flying]Arcanine-Hisui||SitrusBerry|Intimidate|RockSlide,FlareBlitz,WillOWisp,Howl|||M|||50|,,,,,Water]Kommo-o||Leftovers|Overcoat|IronDefense,BodyPress,Protect,DragonClaw|||M|||50|,,,,,Steel]Gholdengo||LifeOrb|GoodasGold|MakeItRain,ShadowBall,NastyPlot,Protect||||||50|,,,,,Steel]Rillaboom||MiracleSeed|GrassySurge|FakeOut,GrassyGlide,WoodHammer,Protect|||M|||50|,,,,,Grass]Electabuzz||Eviolite|VitalSpirit|Taunt,Protect,Electroweb,FollowMe|||F|||50|,,,,,Ghost
|inactive|Battle timer is ON: inactive players will automatically lose when time's up. (requested by Slim Shady LPVGC)
|inactive|Slim Shady LPVGC has 60 seconds left.
|inactive|SelvesterTheYAK has 60 seconds left.
|
|t:|1756877126
|teamsize|p1|4
|teamsize|p2|4
|start
|switch|p1a: Whimsicott|Whimsicott, L50, M|100/100
|switch|p1b: Gholdengo|Gholdengo, L50|100/100
|switch|p2a: Arcanine|Arcanine-Hisui, L50, M|100/100
|switch|p2b: Rillaboom|Rillaboom, L50, M|100/100
|-ability|p2a: Arcanine|Intimidate|boost
|-unboost|p1a: Whimsicott|atk|1
|-unboost|p1b: Gholdengo|atk|1
|-fieldstart|move: Grassy Terrain|[from] ability: Grassy Surge|[of] p2b: Rillaboom
|turn|1
|inactive|SelvesterTheYAK has 30 seconds left.
|
|t:|1756877152
|switch|p2b: Tyranitar|Tyranitar, L50, M|100/100
|-weather|Sandstorm|[from] ability: Sand Stream|[of] p2b: Tyranitar
|move|p1b: Gholdengo|Protect|p1b: Gholdengo
|-singleturn|p1b: Gholdengo|Protect
|move|p1a: Whimsicott|Tailwind|p1a: Whimsicott
|-sidestart|p1: Slim Shady LPVGC|move: Tailwind
|move|p2a: Arcanine|Flare Blitz|p1a: Whimsicott
|-supereffective|p1a: Whimsicott
|-damage|p1a: Whimsicott|0 fnt
|faint|p1a: Whimsicott
|-damage|p2a: Arcanine|78/100|[from] Recoil
|
|-weather|Sandstorm|[upkeep]
|-heal|p2a: Arcanine|84/100|[from] Grassy Terrain
|upkeep
|
|t:|1756877167
|switch|p1a: Magmar|Magmar, L50, F|100/100
|turn|2
|
|t:|1756877179
|move|p1a: Magmar|Follow Me|p1a: Magmar
|-singleturn|p1a: Magmar|move: Follow Me
|move|p1b: Gholdengo|Nasty Plot|p1b: Gholdengo
|-boost|p1b: Gholdengo|spa|2
|move|p2a: Arcanine|Howl|p2a: Arcanine|[spread] p2a,p2b
|-boost|p2a: Arcanine|atk|1
|-boost|p2b: Tyranitar|atk|1
|move|p2b: Tyranitar|Knock Off|p1a: Magmar
|-damage|p1a: Magmar|31/100
|-enditem|p1a: Magmar|Eviolite|[from] move: Knock Off|[of] p2b: Tyranitar
|
|-weather|Sandstorm|[upkeep]
|-damage|p1a: Magmar|26/100|[from] Sandstorm
|-heal|p1a: Magmar|31/100|[from] Grassy Terrain
|-heal|p2a: Arcanine|90/100|[from] Grassy Terrain
|upkeep
|turn|3
|
|t:|1756877199
|-terastallize|p1b: Gholdengo|Steel
|move|p1a: Magmar|Follow Me|p1a: Magmar
|-singleturn|p1a: Magmar|move: Follow Me
|move|p1b: Gholdengo|Make It Rain|p2a: Arcanine|[spread] p2a,p2b
|-supereffective|p2b: Tyranitar
|-damage|p2a: Arcanine|0 fnt
|-damage|p2b: Tyranitar|0 fnt
|-unboost|p1b: Gholdengo|spa|1
|faint|p2a: Arcanine
|faint|p2b: Tyranitar
|
|-weather|Sandstorm|[upkeep]
|-damage|p1a: Magmar|26/100|[from] Sandstorm
|-heal|p1a: Magmar|31/100|[from] Grassy Terrain
|upkeep
|
|t:|1756877212
|switch|p2a: Rillaboom|Rillaboom, L50, M|100/100
|switch|p2b: Gholdengo|Gholdengo, L50|100/100
|turn|4
|
|t:|1756877233
|move|p2b: Gholdengo|Protect|p2b: Gholdengo
|-singleturn|p2b: Gholdengo|Protect
|move|p2a: Rillaboom|Fake Out|p1b: Gholdengo
|-resisted|p1b: Gholdengo
|-damage|p1b: Gholdengo|93/100
|move|p1a: Magmar|Heat Wave|p2a: Rillaboom|[spread] p2a
|-activate|p2b: Gholdengo|move: Protect
|-supereffective|p2a: Rillaboom
|-damage|p2a: Rillaboom|38/100
|cant|p1b: Gholdengo|flinch
|
|-weather|Sandstorm|[upkeep]
|-damage|p1a: Magmar|26/100|[from] Sandstorm
|-damage|p2a: Rillaboom|32/100|[from] Sandstorm
|-heal|p1a: Magmar|31/100|[from] Grassy Terrain
|-heal|p1b: Gholdengo|99/100|[from] Grassy Terrain
|-heal|p2a: Rillaboom|38/100|[from] Grassy Terrain
|-sideend|p1: Slim Shady LPVGC|move: Tailwind
|upkeep
|turn|5
|inactive|SelvesterTheYAK has 30 seconds left.
|
|t:|1756877265
|-terastallize|p2b: Gholdengo|Steel
|move|p2a: Rillaboom|Protect|p2a: Rillaboom
|-singleturn|p2a: Rillaboom|Protect
|move|p2b: Gholdengo|Make It Rain|p1a: Magmar|[spread] p1a,p1b
|-resisted|p1a: Magmar
|-resisted|p1b: Gholdengo
|-damage|p1a: Magmar|0 fnt
|-damage|p1b: Gholdengo|55/100
|-unboost|p2b: Gholdengo|spa|1
|faint|p1a: Magmar
|-damage|p2b: Gholdengo|91/100|[from] item: Life Orb
|move|p1b: Gholdengo|Make It Rain|p2a: Rillaboom|[spread] p2b
|-activate|p2a: Rillaboom|move: Protect
|-resisted|p2b: Gholdengo
|-damage|p2b: Gholdengo|25/100
|-unboost|p1b: Gholdengo|spa|1
|
|-weather|none
|-heal|p2b: Gholdengo|31/100|[from] Grassy Terrain
|-heal|p1b: Gholdengo|61/100|[from] Grassy Terrain
|-heal|p2a: Rillaboom|44/100|[from] Grassy Terrain
|-fieldend|move: Grassy Terrain
|upkeep
|
|t:|1756877276
|switch|p1a: Hydreigon|Hydreigon, L50, M|100/100
|turn|6
|
|t:|1756877297
|move|p1a: Hydreigon|Earth Power|p2b: Gholdengo
|-supereffective|p2b: Gholdengo
|-damage|p2b: Gholdengo|0 fnt
|faint|p2b: Gholdengo
|-damage|p1a: Hydreigon|91/100|[from] item: Life Orb
|move|p1b: Gholdengo|Make It Rain|p2a: Rillaboom
|-damage|p2a: Rillaboom|0 fnt
|-unboost|p1b: Gholdengo|spa|1
|faint|p2a: Rillaboom
|
|win|Slim Shady LPVGC
|raw|Slim Shady LPVGC's rating: 1211 → 1230(+19 for winning)
|raw|SelvesterTheYAK's rating: 1131 → 1112(-19 for losing)
|l|☆Slim Shady LPVGC
|player|p1|
