|j|☆i saw carcosa
|j|☆shieeeee
|html|i saw carcosashieeeee    
|uhtml|bestof|Game 2 of a best-of-3
|t:|1757650696
|gametype|doubles
|player|p1|i saw carcosa|pokemonbreederf|
|player|p2|shieeeee|169|
|gen|9
|tier|[Gen 9] VGC 2025 Reg H (Bo3)
|rule|Species Clause: Limit one of each Pokémon
|rule|Item Clause: Limit 1 of each item
|clearpoke
|poke|p1|Sneasler, L50, F|
|poke|p1|Ursaluna-Bloodmoon, L50, M|
|poke|p1|Dragonite, L50, M|
|poke|p1|Gholdengo, L50|
|poke|p1|Amoonguss, L50, F|
|poke|p1|Incineroar, L50, M|
|poke|p2|Excadrill, L50, M|
|poke|p2|Gyarados, L50, F|
|poke|p2|Tyranitar, L50, M|
|poke|p2|Dragonite, L50, F|
|poke|p2|Volcarona, L50, M|
|poke|p2|Archaludon, L50, F|
|teampreview|4
|showteam|p1|Sneasler||FocusSash|Unburden|DireClaw,CloseCombat,FakeOut,Protect|||F|||50|,,,,,Stellar]Ursaluna-Bloodmoon||AssaultVest|MindsEye|BloodMoon,VacuumWave,EarthPower,HyperVoice|||M|||50|,,,,,Water]Dragonite||LoadedDice|Multiscale|ScaleShot,Tailwind,Haze,Protect|||M|||50|,,,,,Fairy]Gholdengo||LifeOrb|GoodasGold|MakeItRain,ShadowBall,NastyPlot,Protect||||||50|,,,,,Water]Amoonguss||SitrusBerry|Regenerator|PollenPuff,Protect,RagePowder,Spore|||F|||50|,,,,,Water]Incineroar||SafetyGoggles|Intimidate|KnockOff,FlareBlitz,PartingShot,FakeOut|||M|||50|,,,,,Ghost
|showteam|p2|Excadrill||FocusSash|SandRush|Protect,HighHorsepower,Earthquake,IronHead|||M|||50|,,,,,Ghost]Gyarados||SafetyGoggles|Intimidate|Waterfall,ThunderWave,Taunt,Protect|||F|||50|,,,,,Steel]Tyranitar||ClearAmulet|SandStream|RockSlide,KnockOff,Protect,TeraBlast|||M|||50|,,,,,Flying]Dragonite||ChoiceBand|InnerFocus|ExtremeSpeed,Outrage,IceSpinner,StompingTantrum|||F|||50|,,,,,Normal]Volcarona||SitrusBerry|FlameBody|StruggleBug,Overheat,RagePowder,Protect|||M|||50|,,,,,Grass]Archaludon||PowerHerb|Sturdy|DracoMeteor,FlashCannon,ElectroShot,Protect|||F|||50|,,,,,Stellar
|
|t:|1757650728
|teamsize|p1|4
|teamsize|p2|4
|start
|switch|p1a: Dragonite|Dragonite, L50, M|100/100
|switch|p1b: Ursaluna|Ursaluna-Bloodmoon, L50, M|100/100
|switch|p2a: Excadrill|Excadrill, L50, M|100/100
|switch|p2b: Tyranitar|Tyranitar, L50, M|100/100
|-weather|Sandstorm|[from] ability: Sand Stream|[of] p2b: Tyranitar
|turn|1
|
|t:|1757650762
|move|p2a: Excadrill|Iron Head|p1b: Ursaluna
|-damage|p1b: Ursaluna|66/100
|move|p1a: Dragonite|Tailwind|p1a: Dragonite
|-sidestart|p1: i saw carcosa|move: Tailwind
|move|p1b: Ursaluna|Earth Power|p2a: Excadrill
|-supereffective|p2a: Excadrill
|-enditem|p2a: Excadrill|Focus Sash
|-damage|p2a: Excadrill|1/100
|move|p2b: Tyranitar|Knock Off|p1b: Ursaluna
|-damage|p1b: Ursaluna|27/100
|-enditem|p1b: Ursaluna|Assault Vest|[from] move: Knock Off|[of] p2b: Tyranitar
|
|-weather|Sandstorm|[upkeep]
|-damage|p1a: Dragonite|95/100|[from] Sandstorm
|upkeep
|turn|2
|
|t:|1757650784
|-terastallize|p2a: Excadrill|Ghost
|move|p1b: Ursaluna|Vacuum Wave|p2a: Excadrill
|-damage|p2a: Excadrill|0 fnt
|faint|p2a: Excadrill
|move|p1a: Dragonite|Scale Shot|p2b: Tyranitar
|-damage|p2b: Tyranitar|88/100
|-crit|p2b: Tyranitar
|-damage|p2b: Tyranitar|70/100
|-damage|p2b: Tyranitar|57/100
|-damage|p2b: Tyranitar|43/100
|-damage|p2b: Tyranitar|30/100
|-hitcount|p2b: Tyranitar|5
|-unboost|p1a: Dragonite|def|1
|-boost|p1a: Dragonite|spe|1
|move|p2b: Tyranitar|Knock Off|p1a: Dragonite
|-damage|p1a: Dragonite|0 fnt
|-enditem|p1a: Dragonite|Loaded Dice|[from] move: Knock Off|[of] p2b: Tyranitar
|faint|p1a: Dragonite
|
|-weather|Sandstorm|[upkeep]
|upkeep
|
|t:|1757650805
|switch|p2a: Dragonite|Dragonite, L50, F, shiny|100/100
|switch|p1a: Gholdengo|Gholdengo, L50|100/100
|turn|3
|
|t:|1757650824
|move|p2a: Dragonite|Extreme Speed|p1b: Ursaluna
|-damage|p1b: Ursaluna|0 fnt
|faint|p1b: Ursaluna
|move|p1a: Gholdengo|Make It Rain|p2b: Tyranitar|[spread] p2a,p2b
|-supereffective|p2b: Tyranitar
|-damage|p2a: Dragonite|50/100
|-damage|p2b: Tyranitar|0 fnt
|-unboost|p1a: Gholdengo|spa|1
|faint|p2b: Tyranitar
|-damage|p1a: Gholdengo|91/100|[from] item: Life Orb
|
|-weather|Sandstorm|[upkeep]
|-damage|p2a: Dragonite|44/100|[from] Sandstorm
|upkeep
|
|t:|1757650832
|switch|p2b: Archaludon|Archaludon, L50, F|100/100
|switch|p1b: Sneasler|Sneasler, L50, F|100/100
|turn|4
|
|t:|1757650852
|move|p2b: Archaludon|Protect|p2b: Archaludon
|-singleturn|p2b: Archaludon|Protect
|move|p1b: Sneasler|Fake Out|p2b: Archaludon
|-activate|p2b: Archaludon|move: Protect
|move|p2a: Dragonite|Extreme Speed|p1b: Sneasler
|-damage|p1b: Sneasler|20/100
|move|p1a: Gholdengo|Nasty Plot|p1a: Gholdengo
|-boost|p1a: Gholdengo|spa|2
|
|-weather|Sandstorm|[upkeep]
|-damage|p1b: Sneasler|15/100|[from] Sandstorm
|-damage|p2a: Dragonite|38/100|[from] Sandstorm
|-sideend|p1: i saw carcosa|move: Tailwind
|upkeep
|turn|5
|
|t:|1757650869
|move|p1b: Sneasler|Protect|p1b: Sneasler
|-singleturn|p1b: Sneasler|Protect
|move|p2a: Dragonite|Extreme Speed|p1b: Sneasler
|-activate|p1b: Sneasler|move: Protect
|move|p2b: Archaludon|Electro Shot||[still]
|-prepare|p2b: Archaludon|Electro Shot
|-boost|p2b: Archaludon|spa|1
|-enditem|p2b: Archaludon|Power Herb
|-anim|p2b: Archaludon|Electro Shot|p1a: Gholdengo
|-damage|p1a: Gholdengo|24/100
|move|p1a: Gholdengo|Make It Rain|p2a: Dragonite|[spread] p2a,p2b
|-resisted|p2b: Archaludon
|-damage|p2a: Dragonite|0 fnt
|-damage|p2b: Archaludon|40/100
|-unboost|p1a: Gholdengo|spa|1
|faint|p2a: Dragonite
|-damage|p1a: Gholdengo|14/100|[from] item: Life Orb
|
|-weather|none
|upkeep
|turn|6
|
|t:|1757650886
|-terastallize|p1b: Sneasler|Stellar
|move|p1b: Sneasler|Close Combat|p2b: Archaludon
|-supereffective|p2b: Archaludon
|-damage|p2b: Archaludon|0 fnt
|-unboost|p1b: Sneasler|def|1
|-unboost|p1b: Sneasler|spd|1
|faint|p2b: Archaludon
|
|win|i saw carcosa
||i saw carcosa is ready for game 3.
||shieeeee is ready for game 3.
|uhtml|next|Next: Game 3 of 3
