|j|☆Bradyoactive
|j|☆Crimson Jake
|html|BradyoactiveCrimson Jake    
|uhtml|bestof|Game 2 of a best-of-3
|t:|1782350512
|gametype|doubles
|player|p1|Bradyoactive|hiker-gen4|
|player|p2|Crimson Jake|blue|
|gen|9
|tier|[Gen 9 Champions] VGC 2026 Reg M-B (Bo3)
|rule|Species Clause: Limit one of each Pokémon
|rule|Item Clause: Limit 1 of each item
|clearpoke
|poke|p1|Staraptor, L50, M, shiny|
|poke|p1|Floette-Eternal, L50, F|
|poke|p1|Grimmsnarl, L50, M, shiny|
|poke|p1|Sneasler, L50, F, shiny|
|poke|p1|Aerodactyl, L50, M, shiny|
|poke|p1|Rotom-Wash, L50|
|poke|p2|Tyranitar, L50, M|
|poke|p2|Charizard, L50, M|
|poke|p2|Greninja, L50, M, shiny|
|poke|p2|Sinistcha, L50|
|poke|p2|Whimsicott, L50, F, shiny|
|poke|p2|Archaludon, L50, F|
|teampreview|4
|showteam|p1|Staraptor||Staraptite|Intimidate|CloseCombat,BraveBird,Roost,Protect|Adamant||M|||50|]Floette-Eternal||Floettite|FlowerVeil|Moonblast,DazzlingGleam,GigaDrain,Protect|Timid||F|||50|]Grimmsnarl||MentalHerb|Prankster|SuckerPunch,FakeOut,Swagger,ScaryFace|Impish||M|||50|]Sneasler||LumBerry|Unburden|CloseCombat,DireClaw,ThroatChop,Protect|Adamant||F|||50|]Aerodactyl||FocusSash|Pressure|RockSlide,Tailwind,Taunt,Protect|Jolly||M|||50|]Rotom-Wash||Leftovers|Levitate|HydroPump,Thunderbolt,ThunderWave,PainSplit|Bold|||||50|
|showteam|p2|Tyranitar||SitrusBerry|SandStream|LowKick,LashOut,RockSlide,Protect|Adamant||M|||50|]Charizard||CharizarditeY|SolarPower|AirSlash,HeatWave,SolarBeam,Protect|Timid||M|||50|]Greninja||Greninjite|Protean|WeatherBall,SludgeWave,DarkPulse,IceBeam|Timid||M|||50|]Sinistcha||Leftovers|Hospitality|MatchaGotcha,StrengthSap,RagePowder,LifeDew|Bold|||||50|]Whimsicott||FocusSash|Prankster|Tailwind,Moonblast,Encore,HelpingHand|Bold||F|||50|]Archaludon||ExpertBelt|Stamina|ElectroShot,FlashCannon,Protect,DragonPulse|Timid||F|||50|
|inactive|Battle timer is ON: inactive players will automatically lose when time's up. (requested by Crimson Jake)
|
|t:|1782350539
|teamsize|p1|4
|teamsize|p2|4
|start
|switch|p1a: Grimmsnarl|Grimmsnarl, L50, M, shiny|100/100
|switch|p1b: Staraptor|Staraptor, L50, M, shiny|100/100
|switch|p2a: Proteus|Greninja, L50, M, shiny|100/100
|switch|p2b: Barrett|Tyranitar, L50, M|100/100
|-ability|p1b: Staraptor|Intimidate|boost
|-unboost|p2a: Proteus|atk|1
|-unboost|p2b: Barrett|atk|1
|-weather|Sandstorm|[from] ability: Sand Stream|[of] p2b: Barrett
|turn|1
|
|t:|1782350562
|switch|p2a: Thea|Sinistcha, L50|100/100
|detailschange|p1b: Staraptor|Staraptor-Mega, L50, M, shiny
|-mega|p1b: Staraptor|Staraptor|Staraptite
|move|p1a: Grimmsnarl|Scary Face|p1b: Staraptor
|-boost|p1b: Staraptor|spe|2
|move|p1b: Staraptor|Close Combat|p2b: Barrett
|-supereffective|p2b: Barrett|2
|-damage|p2b: Barrett|0 fnt
|-boost|p1b: Staraptor|def|1
|-boost|p1b: Staraptor|spd|1
|faint|p2b: Barrett
|
|-weather|Sandstorm|[upkeep]
|-damage|p1b: Staraptor|93/100|[from] Sandstorm
|-damage|p2a: Thea|93/100|[from] Sandstorm
|-damage|p1a: Grimmsnarl|94/100|[from] Sandstorm
|-heal|p2a: Thea|100/100|[from] item: Leftovers
|upkeep
|
|t:|1782350586
|switch|p2b: Pyro|Charizard, L50, M|100/100
|turn|2
|inactive|Bradyoactive has 30 seconds left.
|inactive|Bradyoactive has 20 seconds left.
|
|t:|1782350624
|switch|p1a: Rotom|Rotom-Wash, L50|100/100
|detailschange|p2b: Pyro|Charizard-Mega-Y, L50, M
|-mega|p2b: Pyro|Charizard|Charizardite Y
|-weather|SunnyDay|[from] ability: Drought|[of] p2b: Pyro
|move|p2a: Thea|Rage Powder|p2a: Thea
|-singleturn|p2a: Thea|move: Rage Powder
|move|p1b: Staraptor|Brave Bird|p2a: Thea
|-supereffective|p2a: Thea|1
|-damage|p2a: Thea|0 fnt
|faint|p2a: Thea
|-damage|p1b: Staraptor|63/100|[from] Recoil
|move|p2b: Pyro|Air Slash|p1b: Staraptor
|-supereffective|p1b: Staraptor|1
|-damage|p1b: Staraptor|3/100
|
|-weather|SunnyDay|[upkeep]
|upkeep
|
|t:|1782350641
|switch|p2a: Proteus|Greninja, L50, M, shiny|100/100
|turn|3
|
|t:|1782350663
|move|p1b: Staraptor|Protect|p1b: Staraptor
|-singleturn|p1b: Staraptor|Protect
|move|p2b: Pyro|Protect|p2b: Pyro
|-singleturn|p2b: Pyro|Protect
|move|p2a: Proteus|Sludge Wave|p1a: Rotom|[spread] p1a
|-start|p2a: Proteus|typechange|Poison|[from] ability: Protean
|-activate|p2b: Pyro|move: Protect
|-activate|p1b: Staraptor|move: Protect
|-damage|p1a: Rotom|69/100
|-status|p1a: Rotom|psn
|move|p1a: Rotom|Thunderbolt|p2b: Pyro
|-activate|p2b: Pyro|move: Protect
|
|-weather|SunnyDay|[upkeep]
|-heal|p1a: Rotom|75/100 psn|[from] item: Leftovers
|-damage|p1a: Rotom|63/100 psn|[from] psn
|upkeep
|turn|4
|inactive|Bradyoactive has 30 seconds left.
|inactive|Crimson Jake has 30 seconds left.
|inactive|Bradyoactive has 20 seconds left.
|inactive|Crimson Jake has 20 seconds left.
|inactive|Bradyoactive has 15 seconds left.
|
|t:|1782350704
|move|p2b: Pyro|Protect||[still]
|-fail|p2b: Pyro
|move|p1b: Staraptor|Roost|p1b: Staraptor
|-heal|p1b: Staraptor|53/100
|-singleturn|p1b: Staraptor|move: Roost
|move|p2a: Proteus|Sludge Wave|p1a: Rotom|[spread] p2b,p1a,p1b
|-damage|p2b: Pyro|67/100
|-damage|p1a: Rotom|32/100 psn
|-damage|p1b: Staraptor|32/100
|move|p1a: Rotom|Thunderbolt|p2b: Pyro
|-supereffective|p2b: Pyro|1
|-damage|p2b: Pyro|0 fnt
|faint|p2b: Pyro
|
|-weather|SunnyDay|[upkeep]
|-heal|p1a: Rotom|38/100 psn|[from] item: Leftovers
|-damage|p1a: Rotom|26/100 psn|[from] psn
|upkeep
|turn|5
|-message|Crimson Jake forfeited.
|
|win|Bradyoactive
|l|☆Crimson Jake
|player|p2|
|l|☆Bradyoactive
|player|p1|
|j|☆Bradyoactive
|player|p1|Bradyoactive|hiker-gen4|
