|j|☆TheDark69420
|j|☆olciax34
|html|TheDark69420olciax34    
|uhtml|bestof|Game 3 of a best-of-3
|t:|1785865567
|gametype|doubles
|player|p1|TheDark69420|ghetsis-gen5bw|1441
|player|p2|olciax34|266|1350
|gen|9
|tier|[Gen 9 Champions] VGC 2026 Reg M-B (Bo3)
|rated|
|rule|Species Clause: Limit one of each Pokémon
|rule|Item Clause: Limit 1 of each item
|clearpoke
|poke|p1|Milotic, L50, M|
|poke|p1|Garchomp, L50, F|
|poke|p1|Tyranitar, L50, F|
|poke|p1|Gliscor, L50, M|
|poke|p1|Sinistcha, L50|
|poke|p1|Ceruledge, L50, M|
|poke|p2|Incineroar, L50, M|
|poke|p2|Floette-Eternal, L50, F|
|poke|p2|Sinistcha, L50|
|poke|p2|Basculegion, L50, M|
|poke|p2|Glimmora, L50, M|
|poke|p2|Staraptor, L50, F|
|teampreview|4
|showteam|p1|Milotic||Leftovers|Competitive|HelpingHand,IcyWind,Scald,Protect|Bold||M|||50|]Garchomp||Garchompite|SandVeil|IronHead,Earthquake,RockSlide,Protect|Adamant||F|||50|]Tyranitar||ChoiceScarf|SandStream|RockSlide,IcePunch,KnockOff,LowKick|Jolly||F|||50|]Gliscor||BrightPowder|SandVeil|Tailwind,Uturn,Feint,DualWingbeat|Jolly||M|||50|]Sinistcha||SitrusBerry|Hospitality|MatchaGotcha,RagePowder,TrickRoom,Protect|Bold|||||50|]Ceruledge||ColburBerry|FlashFire|BulkUp,ShadowSneak,BitterBlade,Protect|Adamant||M|||50|
|showteam|p2|Incineroar||SitrusBerry|Intimidate|FakeOut,ThroatChop,FlareBlitz,PartingShot|Careful||M|||50|]Floette-Eternal||Floettite|FlowerVeil|DazzlingGleam,DrainingKiss,CalmMind,Protect|Modest||F|||50|]Sinistcha||KasibBerry|Hospitality|MatchaGotcha,LifeDew,RagePowder,Protect|Calm|||||50|]Basculegion||ChoiceScarf|Adaptability|WaveCrash,FlipTurn,AquaJet,LastRespects|Jolly||M|||50|]Glimmora||FocusSash|ToxicDebris|SludgeBomb,PowerGem,EarthPower,SpikyShield|Modest||M|||50|]Staraptor||Staraptite|Intimidate|DualWingbeat,CloseCombat,Tailwind,Protect|Jolly||F|||50|
|inactive|Battle timer is ON: inactive players will automatically lose when time's up. (requested by TheDark69420)
|
|t:|1785865590
|teamsize|p1|4
|teamsize|p2|4
|start
|switch|p1a: Garchomp|Garchomp, L50, F|100/100
|switch|p1b: Milotic|Milotic, L50, M|100/100
|switch|p2a: Glimmora|Glimmora, L50, M|100/100
|switch|p2b: Floette|Floette-Eternal, L50, F|100/100
|turn|1
|inactive|olciax34 has 30 seconds left.
|
|t:|1785865624
|detailschange|p2b: Floette|Floette-Mega, L50, F
|-mega|p2b: Floette|Floette|Floettite
|-ability|p2b: Floette|Fairy Aura
|move|p1a: Garchomp|Protect|p1a: Garchomp
|-singleturn|p1a: Garchomp|Protect
|move|p2a: Glimmora|Sludge Bomb|p1b: Milotic
|-crit|p1b: Milotic
|-damage|p1b: Milotic|42/100
|-status|p1b: Milotic|psn
|move|p2b: Floette|Draining Kiss|p1a: Garchomp
|-activate|p1a: Garchomp|move: Protect
|move|p1b: Milotic|Icy Wind|p2a: Glimmora|[spread] p2a,p2b
|-damage|p2a: Glimmora|87/100
|-damage|p2b: Floette|92/100
|-unboost|p2a: Glimmora|spe|1
|-unboost|p2b: Floette|spe|1
|
|-heal|p1b: Milotic|48/100 psn|[from] item: Leftovers
|-damage|p1b: Milotic|35/100 psn|[from] psn
|upkeep
|turn|2
|inactive|olciax34 has 30 seconds left.
|inactive|olciax34 has 20 seconds left.
|
|t:|1785865660
|switch|p1b: Tyranitar|Tyranitar, L50, F|100/100
|-weather|Sandstorm|[from] ability: Sand Stream|[of] p1b: Tyranitar
|detailschange|p1a: Garchomp|Garchomp-Mega, L50, F
|-mega|p1a: Garchomp|Garchomp|Garchompite
|move|p2a: Glimmora|Spiky Shield|p2a: Glimmora
|-singleturn|p2a: Glimmora|move: Protect
|move|p1a: Garchomp|Iron Head|p2b: Floette
|-supereffective|p2b: Floette|1
|-damage|p2b: Floette|12/100
|cant|p2b: Floette|flinch
|
|-weather|Sandstorm|[upkeep]
|-damage|p2b: Floette|6/100|[from] Sandstorm
|upkeep
|turn|3
|inactive|TheDark69420 has 30 seconds left.
|inactive|olciax34 has 30 seconds left.
|inactive|TheDark69420 has 20 seconds left.
|inactive|TheDark69420 has 15 seconds left.
|
|t:|1785865703
|switch|p1b: Milotic|Milotic, L50, M|35/100 psn
|move|p1a: Garchomp|Earthquake|p2b: Floette|[spread] p1b,p2a,p2b
|-supereffective|p2a: Glimmora|2
|-damage|p1b: Milotic|0 fnt
|-damage|p2a: Glimmora|0 fnt
|-damage|p2b: Floette|0 fnt
|-activate|p2a: Glimmora|ability: Toxic Debris
|-sidestart|p1: TheDark69420|move: Toxic Spikes
|faint|p1b: Milotic
|faint|p2a: Glimmora
|faint|p2b: Floette
|
|-weather|Sandstorm|[upkeep]
|upkeep
|
|t:|1785865713
|switch|p2a: Basculegion|Basculegion, L50, M|100/100
|switch|p2b: Sinistcha|Sinistcha, L50|100/100
|switch|p1b: Sinistcha|Sinistcha, L50|100/100
|-status|p1b: Sinistcha|psn
|turn|4
|
|t:|1785865732
|move|p2b: Sinistcha|Rage Powder|p2b: Sinistcha
|-singleturn|p2b: Sinistcha|move: Rage Powder
|move|p1b: Sinistcha|Rage Powder|p1b: Sinistcha
|-singleturn|p1b: Sinistcha|move: Rage Powder
|move|p2a: Basculegion|Last Respects|p1b: Sinistcha
|-supereffective|p1b: Sinistcha|1
|-damage|p1b: Sinistcha|0 fnt
|faint|p1b: Sinistcha
|move|p1a: Garchomp|Rock Slide|p2b: Sinistcha|[spread] p2a,p2b
|-damage|p2a: Basculegion|53/100
|-damage|p2b: Sinistcha|69/100
|
|-weather|Sandstorm|[upkeep]
|-damage|p2a: Basculegion|47/100|[from] Sandstorm
|-damage|p2b: Sinistcha|63/100|[from] Sandstorm
|upkeep
|
|t:|1785865743
|switch|p1b: Tyranitar|Tyranitar, L50, F|100/100
|-status|p1b: Tyranitar|psn
|turn|5
|inactive|olciax34 has 30 seconds left.
|
|t:|1785865771
|move|p1a: Garchomp|Protect|p1a: Garchomp
|-singleturn|p1a: Garchomp|Protect
|move|p2a: Basculegion|Last Respects|p1b: Tyranitar
|-resisted|p1b: Tyranitar|1
|-damage|p1b: Tyranitar|55/100 psn
|move|p1b: Tyranitar|Knock Off|p2b: Sinistcha
|-supereffective|p2b: Sinistcha|1
|-damage|p2b: Sinistcha|0 fnt
|-enditem|p2b: Sinistcha|Kasib Berry|[from] move: Knock Off|[of] p1b: Tyranitar
|faint|p2b: Sinistcha
|
|-weather|Sandstorm|[upkeep]
|-damage|p2a: Basculegion|41/100|[from] Sandstorm
|-damage|p1b: Tyranitar|42/100 psn|[from] psn
|upkeep
|turn|6
|
|t:|1785865785
|move|p2a: Basculegion|Last Respects|p1b: Tyranitar
|-resisted|p1b: Tyranitar|1
|-damage|p1b: Tyranitar|0 fnt
|faint|p1b: Tyranitar
|move|p1a: Garchomp|Rock Slide|p2a: Basculegion
|-damage|p2a: Basculegion|0 fnt
|faint|p2a: Basculegion
|
|win|TheDark69420
|raw|TheDark69420's rating: 1441 → 1456(+15 for winning)
|raw|olciax34's rating: 1350 → 1335(-15 for losing)
