|j|☆dlomalobb
|j|☆ImseSixten
|html|dlomalobbImseSixten    
|uhtml|bestof|Game 2 of a best-of-3
|t:|1782565646
|gametype|doubles
|player|p1|dlomalobb|elesa|1271
|player|p2|ImseSixten|arezu|1300
|gen|9
|tier|[Gen 9 Champions] VGC 2026 Reg M-B (Bo3)
|rated|
|rule|Species Clause: Limit one of each Pokémon
|rule|Item Clause: Limit 1 of each item
|clearpoke
|poke|p1|Charizard, L50, F|
|poke|p1|Sylveon, L50, M|
|poke|p1|Garchomp, L50, F|
|poke|p1|Whimsicott, L50, M|
|poke|p1|Kingambit, L50, F|
|poke|p1|Basculegion, L50, M|
|poke|p2|Grimmsnarl, L50, M|
|poke|p2|Swampert, L50, M|
|poke|p2|Pelipper, L50, M|
|poke|p2|Archaludon, L50, M|
|poke|p2|Sinistcha, L50|
|poke|p2|Metagross, L50|
|teampreview|4
|showteam|p1|Charizard||CharizarditeY|Blaze|HeatWave,WeatherBall,SolarBeam,Protect|Modest||F|||50|]Sylveon||FairyFeather|Pixilate|HyperVoice,HyperBeam,QuickAttack,Detect|Modest||M|||50|]Garchomp||LifeOrb|RoughSkin|DragonClaw,Earthquake,StompingTantrum,RockSlide|Adamant||F|||50|]Whimsicott||FocusSash|Prankster|Tailwind,Moonblast,Encore,Protect|Timid||M|||50|]Kingambit||ChopleBerry|Defiant|SuckerPunch,KowtowCleave,IronHead,LowKick|Adamant||F|||50|]Basculegion||MysticWater|Adaptability|WaveCrash,LastRespects,AquaJet,Protect|Jolly||M|||50|
|showteam|p2|Grimmsnarl||LightClay|Prankster|SpiritBreak,PartingShot,Reflect,LightScreen|Calm||M|||50|]Swampert||Swampertite|Damp|WaveCrash,Earthquake,IcePunch,Protect|Adamant||M|||50|]Pelipper||SitrusBerry|Drizzle|Hurricane,WeatherBall,Tailwind,Protect|Modest||M|||50|]Archaludon||Leftovers|Stamina|ElectroShot,DragonPulse,FlashCannon,Protect|Modest||M|||50|]Sinistcha||CobaBerry|Hospitality|MatchaGotcha,RagePowder,TrickRoom,LifeDew|Relaxed|||||50|]Metagross||Metagrossite|ClearBody|IronHead,PsychicFangs,BodyPress,Protect|Jolly|||||50|
|inactive|Battle timer is ON: inactive players will automatically lose when time's up. (requested by ImseSixten)
|
|t:|1782565661
|teamsize|p1|4
|teamsize|p2|4
|start
|switch|p1a: Charizard|Charizard, L50, F|100/100
|switch|p1b: Garchomp|Garchomp, L50, F|100/100
|switch|p2a: Grimmsnarl|Grimmsnarl, L50, M|100/100
|switch|p2b: Archaludon|Archaludon, L50, M|100/100
|turn|1
|
|t:|1782565670
|move|p1a: Charizard|Protect|p1a: Charizard
|-singleturn|p1a: Charizard|Protect
|move|p2b: Archaludon|Protect|p2b: Archaludon
|-singleturn|p2b: Archaludon|Protect
|move|p2a: Grimmsnarl|Light Screen|p2a: Grimmsnarl
|-sidestart|p2: ImseSixten|move: Light Screen
|move|p1b: Garchomp|Earthquake|p2b: Archaludon|[spread] p2a
|-activate|p1a: Charizard|move: Protect
|-activate|p2b: Archaludon|move: Protect
|-damage|p2a: Grimmsnarl|47/100
|-damage|p1b: Garchomp|90/100|[from] item: Life Orb
|
|upkeep
|turn|2
|
|t:|1782565683
|switch|p1a: Sylveon|Sylveon, L50, M|100/100
|move|p2a: Grimmsnarl|Parting Shot|p1b: Garchomp
|-unboost|p1b: Garchomp|atk|1
|-unboost|p1b: Garchomp|spa|1
|
|t:|1782565689
|switch|p2a: Pelipper|Pelipper, L50, M|100/100|[from] Parting Shot
|-weather|RainDance|[from] ability: Drizzle|[of] p2a: Pelipper
|move|p1b: Garchomp|Rock Slide|p2b: Archaludon|[spread] p2a,p2b
|-supereffective|p2a: Pelipper|1
|-resisted|p2b: Archaludon|1
|-damage|p2a: Pelipper|64/100
|-damage|p2b: Archaludon|93/100
|-ability|p2b: Archaludon|Stamina|boost
|-boost|p2b: Archaludon|def|1
|-damage|p1b: Garchomp|80/100|[from] item: Life Orb
|move|p2b: Archaludon|Electro Shot||[still]
|-prepare|p2b: Archaludon|Electro Shot
|-boost|p2b: Archaludon|spa|1
|-anim|p2b: Archaludon|Electro Shot|p1a: Sylveon
|-damage|p1a: Sylveon|59/100
|
|-weather|RainDance|[upkeep]
|-heal|p2b: Archaludon|100/100|[from] item: Leftovers
|upkeep
|turn|3
|inactive|dlomalobb has 30 seconds left.
|
|t:|1782565722
|move|p2b: Archaludon|Protect|p2b: Archaludon
|-singleturn|p2b: Archaludon|Protect
|move|p1b: Garchomp|Rock Slide|p2a: Pelipper|[spread] p2a
|-activate|p2b: Archaludon|move: Protect
|-supereffective|p2a: Pelipper|1
|-damage|p2a: Pelipper|23/100
|-enditem|p2a: Pelipper|Sitrus Berry|[eat]
|-heal|p2a: Pelipper|47/100|[from] item: Sitrus Berry
|-damage|p1b: Garchomp|71/100|[from] item: Life Orb
|cant|p2a: Pelipper|flinch
|move|p1a: Sylveon|Hyper Voice|p2b: Archaludon|[spread] p2a
|-activate|p2b: Archaludon|move: Protect
|-damage|p2a: Pelipper|10/100
|
|-weather|RainDance|[upkeep]
|upkeep
|turn|4
|
|t:|1782565747
|switch|p1b: Whimsicott|Whimsicott, L50, M|100/100
|switch|p2a: Grimmsnarl|Grimmsnarl, L50, M|47/100
|move|p1a: Sylveon|Detect|p1a: Sylveon
|-singleturn|p1a: Sylveon|Protect
|move|p2b: Archaludon|Flash Cannon|p1a: Sylveon
|-activate|p1a: Sylveon|move: Protect
|
|-weather|RainDance|[upkeep]
|upkeep
|turn|5
|
|t:|1782565767
|move|p1b: Whimsicott|Tailwind|p1b: Whimsicott
|-sidestart|p1: dlomalobb|move: Tailwind
|move|p2a: Grimmsnarl|Reflect|p2a: Grimmsnarl
|-sidestart|p2: ImseSixten|Reflect
|move|p1a: Sylveon|Hyper Voice|p2a: Grimmsnarl|[spread] p2a,p2b
|-supereffective|p2a: Grimmsnarl|1
|-damage|p2a: Grimmsnarl|0 fnt
|-damage|p2b: Archaludon|69/100
|-ability|p2b: Archaludon|Stamina|boost
|-boost|p2b: Archaludon|def|1
|faint|p2a: Grimmsnarl
|move|p2b: Archaludon|Electro Shot||[still]
|-prepare|p2b: Archaludon|Electro Shot
|-boost|p2b: Archaludon|spa|1
|-anim|p2b: Archaludon|Electro Shot|p1a: Sylveon
|-damage|p1a: Sylveon|7/100
|
|-weather|RainDance|[upkeep]
|-heal|p2b: Archaludon|75/100|[from] item: Leftovers
|upkeep
|
|t:|1782565776
|switch|p2a: Swampert|Swampert, L50, M|100/100
|turn|6
|
|t:|1782565785
|detailschange|p2a: Swampert|Swampert-Mega, L50, M
|-mega|p2a: Swampert|Swampert|Swampertite
|move|p1b: Whimsicott|Protect|p1b: Whimsicott
|-singleturn|p1b: Whimsicott|Protect
|move|p2a: Swampert|Ice Punch|p1a: Sylveon
|-damage|p1a: Sylveon|0 fnt
|faint|p1a: Sylveon
|move|p2b: Archaludon|Flash Cannon|p1b: Whimsicott
|-activate|p1b: Whimsicott|move: Protect
|
|-weather|none
|-heal|p2b: Archaludon|81/100|[from] item: Leftovers
|upkeep
|
|t:|1782565794
|switch|p1a: Garchomp|Garchomp, L50, F|71/100
|turn|7
|
|t:|1782565814
|move|p2a: Swampert|Protect|p2a: Swampert
|-singleturn|p2a: Swampert|Protect
|move|p1b: Whimsicott|Moonblast|p2b: Archaludon
|-damage|p2b: Archaludon|58/100
|-ability|p2b: Archaludon|Stamina|boost
|-boost|p2b: Archaludon|def|1
|move|p1a: Garchomp|Rock Slide|p2b: Archaludon|[spread] p2b
|-activate|p2a: Swampert|move: Protect
|-resisted|p2b: Archaludon|1
|-damage|p2b: Archaludon|56/100
|-ability|p2b: Archaludon|Stamina|boost
|-boost|p2b: Archaludon|def|1
|-damage|p1a: Garchomp|61/100|[from] item: Life Orb
|move|p2b: Archaludon|Dragon Pulse|p1a: Garchomp
|-supereffective|p1a: Garchomp|1
|-damage|p1a: Garchomp|0 fnt
|faint|p1a: Garchomp
|
|-heal|p2b: Archaludon|62/100|[from] item: Leftovers
|upkeep
|
|t:|1782565817
|switch|p1a: Charizard|Charizard, L50, F|100/100
|turn|8
|
|t:|1782565831
|switch|p2a: Pelipper|Pelipper, L50, M|10/100
|-weather|RainDance|[from] ability: Drizzle|[of] p2a: Pelipper
|move|p1a: Charizard|Protect|p1a: Charizard
|-singleturn|p1a: Charizard|Protect
|move|p1b: Whimsicott|Encore||[still]
|-fail|p1b: Whimsicott
|move|p2b: Archaludon|Electro Shot||[still]
|-prepare|p2b: Archaludon|Electro Shot
|-boost|p2b: Archaludon|spa|1
|-anim|p2b: Archaludon|Electro Shot|p1a: Charizard
|-activate|p1a: Charizard|move: Protect
|
|-weather|RainDance|[upkeep]
|-heal|p2b: Archaludon|68/100|[from] item: Leftovers
|-sideend|p2: ImseSixten|move: Light Screen
|-sideend|p1: dlomalobb|move: Tailwind
|upkeep
|turn|9
|inactive|dlomalobb has 30 seconds left.
|
|t:|1782565861
|switch|p2a: Swampert|Swampert-Mega, L50, M|100/100
|detailschange|p1a: Charizard|Charizard-Mega-Y, L50, F
|-mega|p1a: Charizard|Charizard|Charizardite Y
|-weather|SunnyDay|[from] ability: Drought|[of] p1a: Charizard
|move|p1b: Whimsicott|Moonblast|p2a: Swampert
|-damage|p2a: Swampert|72/100
|move|p1a: Charizard|Heat Wave|p2a: Swampert|[spread] p2a,p2b
|-resisted|p2a: Swampert|1
|-damage|p2a: Swampert|43/100
|-damage|p2b: Archaludon|0 fnt
|faint|p2b: Archaludon
|
|-weather|SunnyDay|[upkeep]
|upkeep
|
|t:|1782565871
|switch|p2b: Pelipper|Pelipper, L50, M|10/100
|-weather|RainDance|[from] ability: Drizzle|[of] p2b: Pelipper
|turn|10
|
|t:|1782565889
|move|p1b: Whimsicott|Tailwind|p1b: Whimsicott
|-sidestart|p1: dlomalobb|move: Tailwind
|move|p1a: Charizard|Weather Ball|p2a: Swampert
|-damage|p2a: Swampert|0 fnt
|faint|p2a: Swampert
|move|p2b: Pelipper|Weather Ball|p1b: Whimsicott
|-resisted|p1b: Whimsicott|1
|-damage|p1b: Whimsicott|53/100
|
|-weather|RainDance|[upkeep]
|upkeep
|turn|11
|-message|ImseSixten forfeited.
|
|win|dlomalobb
|l|☆ImseSixten
|player|p2|
||ImseSixten is ready for game 3.
