|j|☆kdan_7
|j|☆QUELON
|html|kdan_7QUELON    
|uhtml|bestof|Game 1 of a best-of-3
|t:|1757009647
|gametype|doubles
|player|p1|kdan_7|shauntal|1177
|player|p2|QUELON|cyrus|1346
|gen|9
|tier|[Gen 9] VGC 2025 Reg H (Bo3)
|rated|
|rule|Species Clause: Limit one of each Pokémon
|rule|Item Clause: Limit 1 of each item
|clearpoke
|poke|p1|Amoonguss, L50, F|
|poke|p1|Sneasler, L50, F|
|poke|p1|Gholdengo, L50|
|poke|p1|Incineroar, L50, F|
|poke|p1|Ursaluna-Bloodmoon, L50, M|
|poke|p1|Dragonite, L50, M|
|poke|p2|Gholdengo, L50|
|poke|p2|Sneasler, L50, F|
|poke|p2|Incineroar, L50, M|
|poke|p2|Amoonguss, L50, M|
|poke|p2|Dragonite, L50, M|
|poke|p2|Ursaluna-Bloodmoon, L50, M|
|teampreview|4
|showteam|p1|Amoonguss||SitrusBerry|Regenerator|RagePowder,Spore,PollenPuff,Protect|||F|||50|,,,,,Psychic]Sneasler||FocusSash|Unburden|Protect,DireClaw,CloseCombat,ThroatChop|||F|||50|,,,,,Stellar]Gholdengo||LifeOrb|GoodasGold|Protect,MakeItRain,ShadowBall,NastyPlot||||||50|,,,,,Water]Incineroar||SafetyGoggles|Intimidate|KnockOff,PartingShot,FlareBlitz,FakeOut|||F|||50|,,,,,Ghost]Ursaluna-Bloodmoon||AssaultVest|MindsEye|BloodMoon,EarthPower,VacuumWave,HyperVoice|||M|||50|,,,,,Water]Dragonite||LoadedDice|Multiscale|ScaleShot,Tailwind,Haze,Protect|||M|||50|,,,,,Fairy
|showteam|p2|Gholdengo||LifeOrb|GoodasGold|MakeItRain,ShadowBall,NastyPlot,Protect||||||50|,,,,,Steel]Sneasler||FocusSash|PoisonTouch|FakeOut,CloseCombat,DireClaw,Protect|||F|||50|,,,,,Stellar]Incineroar||SafetyGoggles|Intimidate|FakeOut,FlareBlitz,KnockOff,PartingShot|||M|||50|,,,,,Ghost]Amoonguss||SitrusBerry|Regenerator|Spore,RagePowder,SludgeBomb,Protect|||M|||50|,,,,,Water]Dragonite||LoadedDice|Multiscale|ScaleShot,Haze,Tailwind,ExtremeSpeed|||M|||50|,,,,,Fairy]Ursaluna-Bloodmoon||AssaultVest|MindsEye|HyperVoice,BloodMoon,EarthPower,VacuumWave|||M|||50|,,,,,Normal
|inactive|Battle timer is ON: inactive players will automatically lose when time's up. (requested by kdan_7)
|c|☆kdan_7|aw sick i love the mirror
|c|☆kdan_7|glhf also
|c|☆QUELON|first time i play against mirror XD
|c|☆QUELON|glfh
|inactive|kdan_7 has 60 seconds left.
|inactive|QUELON has 60 seconds left.
|inactive|QUELON has 30 seconds left.
|
|t:|1757009725
|teamsize|p1|4
|teamsize|p2|4
|start
|switch|p1a: Say Cheese|Gholdengo, L50|100/100
|switch|p1b: Luffy|Incineroar, L50, F|100/100
|switch|p2a: Sneasler|Sneasler, L50, F|100/100
|switch|p2b: Dragonite|Dragonite, L50, M|100/100
|-ability|p1b: Luffy|Intimidate|boost
|-unboost|p2a: Sneasler|atk|1
|-unboost|p2b: Dragonite|atk|1
|turn|1
|inactive|kdan_7 has 30 seconds left.
|inactive|QUELON has 30 seconds left.
|inactive|QUELON has 20 seconds left.
|inactive|QUELON has 15 seconds left.
|
|t:|1757009772
|switch|p2a: Ursaluna|Ursaluna-Bloodmoon, L50, M|100/100
|move|p1b: Luffy|Fake Out|p2b: Dragonite
|-damage|p2b: Dragonite|94/100
|move|p1a: Say Cheese|Nasty Plot|p1a: Say Cheese
|-boost|p1a: Say Cheese|spa|2
|cant|p2b: Dragonite|flinch
|
|upkeep
|turn|2
|
|t:|1757009795
|switch|p2b: Incineroar|Incineroar, L50, M, shiny|100/100
|-ability|p2b: Incineroar|Intimidate|boost
|-unboost|p1a: Say Cheese|atk|1
|-unboost|p1b: Luffy|atk|1
|move|p1a: Say Cheese|Make It Rain|p2a: Ursaluna|[spread] p2a,p2b
|-resisted|p2b: Incineroar
|-damage|p2a: Ursaluna|14/100
|-damage|p2b: Incineroar|62/100
|-unboost|p1a: Say Cheese|spa|1
|-damage|p1a: Say Cheese|91/100|[from] item: Life Orb
|move|p1b: Luffy|Flare Blitz|p2a: Ursaluna
|-damage|p2a: Ursaluna|0 fnt
|faint|p2a: Ursaluna
|-damage|p1b: Luffy|96/100|[from] Recoil
|
|upkeep
|inactive|QUELON has 30 seconds left.
|
|t:|1757009824
|switch|p2a: Sneasler|Sneasler, L50, F|100/100
|turn|3
|
|t:|1757009835
|switch|p1b: 8|Sneasler, L50, F|100/100
|move|p2a: Sneasler|Protect|p2a: Sneasler
|-singleturn|p2a: Sneasler|Protect
|move|p1a: Say Cheese|Protect|p1a: Say Cheese
|-singleturn|p1a: Say Cheese|Protect
|move|p2b: Incineroar|Knock Off|p1a: Say Cheese
|-activate|p1a: Say Cheese|move: Protect
|
|upkeep
|turn|4
|
|t:|1757009854
|move|p2a: Sneasler|Dire Claw|p1b: 8
|-resisted|p1b: 8
|-damage|p1b: 8|62/100
|-status|p1b: 8|slp
|cant|p1b: 8|slp
|move|p1a: Say Cheese|Make It Rain|p2a: Sneasler|[spread] p2a,p2b
|-resisted|p2b: Incineroar
|-enditem|p2a: Sneasler|Focus Sash
|-damage|p2a: Sneasler|1/100
|-damage|p2b: Incineroar|34/100
|-unboost|p1a: Say Cheese|spa|1
|-damage|p1a: Say Cheese|82/100|[from] item: Life Orb
|move|p2b: Incineroar|Knock Off|p1a: Say Cheese
|-supereffective|p1a: Say Cheese
|-damage|p1a: Say Cheese|7/100
|-enditem|p1a: Say Cheese|Life Orb|[from] move: Knock Off|[of] p2b: Incineroar
|
|upkeep
|turn|5
|inactive|kdan_7 has 30 seconds left.
|inactive|QUELON has 30 seconds left.
|inactive|kdan_7 has 20 seconds left.
|inactive|QUELON has 20 seconds left.
|inactive|kdan_7 has 15 seconds left.
|
|t:|1757009894
|switch|p1b: Luffy|Incineroar, L50, F|96/100
|-ability|p1b: Luffy|Intimidate|boost
|-unboost|p2a: Sneasler|atk|1
|-unboost|p2b: Incineroar|atk|1
|-terastallize|p2a: Sneasler|Stellar
|move|p1a: Say Cheese|Protect|p1a: Say Cheese
|-singleturn|p1a: Say Cheese|Protect
|move|p2a: Sneasler|Close Combat|p1b: Luffy
|-supereffective|p1b: Luffy
|-damage|p1b: Luffy|0 fnt
|-unboost|p2a: Sneasler|def|1
|-unboost|p2a: Sneasler|spd|1
|faint|p1b: Luffy
|move|p2b: Incineroar|Knock Off|p1a: Say Cheese
|-activate|p1a: Say Cheese|move: Protect
|
|upkeep
|
|t:|1757009910
|switch|p1b: 8|Sneasler, L50, F|62/100 slp
|turn|6
|
|t:|1757009928
|-curestatus|p1b: 8|slp|[msg]
|move|p1b: 8|Close Combat|p2b: Incineroar
|-supereffective|p2b: Incineroar
|-damage|p2b: Incineroar|0 fnt
|-unboost|p1b: 8|def|1
|-unboost|p1b: 8|spd|1
|faint|p2b: Incineroar
|move|p2a: Sneasler|Close Combat|p1b: 8
|-resisted|p1b: 8
|-damage|p1b: 8|7/100
|-unboost|p2a: Sneasler|def|1
|-unboost|p2a: Sneasler|spd|1
|move|p1a: Say Cheese|Make It Rain|p2a: Sneasler
|-damage|p2a: Sneasler|0 fnt
|-unboost|p1a: Say Cheese|spa|1
|faint|p2a: Sneasler
|
|upkeep
|
|t:|1757009933
|switch|p2b: Dragonite|Dragonite, L50, M|94/100
|turn|7
|
|t:|1757009953
|move|p1b: 8|Dire Claw|p2b: Dragonite
|-damage|p2b: Dragonite|51/100
|-status|p2b: Dragonite|slp
|move|p1a: Say Cheese|Nasty Plot|p1a: Say Cheese
|-boost|p1a: Say Cheese|spa|2
|cant|p2b: Dragonite|slp
|
|upkeep
|turn|8
|
|t:|1757009960
|move|p1b: 8|Dire Claw|p2b: Dragonite
|-damage|p2b: Dragonite|7/100 slp
|move|p1a: Say Cheese|Make It Rain|p2b: Dragonite
|-damage|p2b: Dragonite|0 fnt
|-unboost|p1a: Say Cheese|spa|1
|faint|p2b: Dragonite
|
|win|kdan_7
||kdan_7 is ready for game 2.
||QUELON is ready for game 2.
|uhtml|next|Next: Game 2 of 3
|j| auysdf
