|j|☆flintvgc
|j|☆FatherPenguin
|html|flintvgcFatherPenguin    
|uhtml|bestof|Game 3 of a best-of-3
|t:|1785442953
|gametype|doubles
|player|p1|flintvgc|101|1104
|player|p2|FatherPenguin|acetrainersnow|1198
|gen|9
|tier|[Gen 9 Champions] VGC 2026 Reg M-B (Bo3)
|rated|
|rule|Species Clause: Limit one of each Pokémon
|rule|Item Clause: Limit 1 of each item
|clearpoke
|poke|p1|Staraptor, L50, M|
|poke|p1|Garchomp, L50, M|
|poke|p1|Whimsicott, L50, M|
|poke|p1|Delphox, L50, M|
|poke|p1|Glimmora, L50, M|
|poke|p1|Kingambit, L50, M|
|poke|p2|Staraptor, L50, M|
|poke|p2|Glimmora, L50, M|
|poke|p2|Whimsicott, L50, M|
|poke|p2|Kingambit, L50, F|
|poke|p2|Garchomp, L50, F|
|poke|p2|Delphox, L50, M|
|teampreview|4
|showteam|p1|Staraptor||Staraptite|Intimidate|Protect,Tailwind,CloseCombat,BraveBird|Jolly||M|||50|]Garchomp||LifeOrb|RoughSkin|Protect,RockSlide,Earthquake,DragonClaw|Jolly||M|||50|]Whimsicott||FairyFeather|Prankster|Moonblast,Tailwind,Charm,Protect|Timid||M|||50|]Delphox||Delphoxite|Magician|Protect,Psychic,HeatWave,Substitute|Timid||M|||50|]Glimmora||FocusSash|ToxicDebris|SpikyShield,SludgeBomb,EarthPower,PowerGem|Timid||M|||50|]Kingambit||ChopleBerry|Defiant|SuckerPunch,LowKick,IronHead,KowtowCleave|Adamant||M|||50|
|showteam|p2|Staraptor||Staraptite|Intimidate|CloseCombat,BraveBird,Roost,Protect|Jolly||M|||50|]Glimmora||FocusSash|ToxicDebris|PowerGem,SludgeBomb,EarthPower,SpikyShield|Modest||M|||50|]Whimsicott||OccaBerry|Prankster|Tailwind,Moonblast,Charm,LightScreen|Timid||M|||50|]Kingambit||ChopleBerry|Defiant|KowtowCleave,IronHead,LowKick,SuckerPunch|Adamant||F|||50|]Garchomp||LifeOrb|RoughSkin|Earthquake,DragonClaw,RockSlide,Protect|Jolly||F|||50|]Delphox||Delphoxite|Blaze|HeatWave,Psychic,Substitute,Protect|Timid||M|||50|
|inactive|Battle timer is ON: inactive players will automatically lose when time's up. (requested by FatherPenguin)
|
|t:|1785442982
|teamsize|p1|4
|teamsize|p2|4
|start
|switch|p1a: Garchomp|Garchomp, L50, M|100/100
|switch|p1b: Whimsicott|Whimsicott, L50, M|100/100
|switch|p2a: Garchomp|Garchomp, L50, F|100/100
|switch|p2b: Delphox|Delphox, L50, M|100/100
|turn|1
|inactive|FatherPenguin has 30 seconds left.
|inactive|FatherPenguin has 20 seconds left.
|inactive|FatherPenguin has 15 seconds left.
|inactive|FatherPenguin has 10 seconds left.
|
|t:|1785443028
|switch|p2b: Glimmora|Glimmora, L50, M|100/100
|switch|p2a: Whimsicott|Whimsicott, L50, M|100/100
|move|p1b: Whimsicott|Charm|p2a: Whimsicott
|-unboost|p2a: Whimsicott|atk|2
|move|p1a: Garchomp|Rock Slide|p2b: Glimmora|[spread] p2a,p2b
|-damage|p2a: Whimsicott|75/100
|-damage|p2b: Glimmora|67/100
|-activate|p2b: Glimmora|ability: Toxic Debris
|-sidestart|p1: flintvgc|move: Toxic Spikes
|-damage|p1a: Garchomp|90/100|[from] item: Life Orb
|
|upkeep
|turn|2
|inactive|flintvgc has 30 seconds left.
|inactive|FatherPenguin has 30 seconds left.
|inactive|flintvgc has 20 seconds left.
|inactive|FatherPenguin has 20 seconds left.
|inactive|flintvgc has 15 seconds left.
|inactive|FatherPenguin has 15 seconds left.
|inactive|flintvgc has 10 seconds left.
|inactive|FatherPenguin has 10 seconds left.
|
|t:|1785443074
|move|p1b: Whimsicott|Protect|p1b: Whimsicott
|-singleturn|p1b: Whimsicott|Protect
|move|p2b: Glimmora|Spiky Shield|p2b: Glimmora
|-singleturn|p2b: Glimmora|move: Protect
|move|p2a: Whimsicott|Charm|p1a: Garchomp
|-unboost|p1a: Garchomp|atk|2
|move|p1a: Garchomp|Rock Slide|p2a: Whimsicott|[spread] p2a
|-activate|p2b: Glimmora|move: Protect
|-damage|p2a: Whimsicott|62/100
|-damage|p1a: Garchomp|80/100|[from] item: Life Orb
|
|upkeep
|turn|3
|inactive|flintvgc has 30 seconds left.
|inactive|FatherPenguin has 30 seconds left.
|inactive|FatherPenguin has 20 seconds left.
|inactive|FatherPenguin has 15 seconds left.
|
|t:|1785443114
|switch|p1a: Glimmora|Glimmora, L50, M|100/100
|-sideend|p1: flintvgc|move: Toxic Spikes|[of] p1a: Glimmora
|switch|p2b: Garchomp|Garchomp, L50, F|100/100
|move|p1b: Whimsicott|Moonblast|p2a: Whimsicott
|-damage|p2a: Whimsicott|4/100
|move|p2a: Whimsicott|Moonblast|p1a: Glimmora
|-resisted|p1a: Glimmora|1
|-crit|p1a: Glimmora
|-damage|p1a: Glimmora|72/100
|
|upkeep
|turn|4
|inactive|flintvgc has 30 seconds left.
|
|t:|1785443148
|move|p1b: Whimsicott|Charm|p2b: Garchomp
|-unboost|p2b: Garchomp|atk|2
|move|p2a: Whimsicott|Tailwind|p2a: Whimsicott
|-sidestart|p2: FatherPenguin|move: Tailwind
|move|p2b: Garchomp|Earthquake|p1a: Glimmora|[spread] p2a,p1a,p1b
|-resisted|p2a: Whimsicott|1
|-supereffective|p1a: Glimmora|2
|-resisted|p1b: Whimsicott|1
|-damage|p2a: Whimsicott|0 fnt
|-damage|p1a: Glimmora|0 fnt
|-damage|p1b: Whimsicott|85/100
|-activate|p1a: Glimmora|ability: Toxic Debris
|-sidestart|p2: FatherPenguin|move: Toxic Spikes
|faint|p2a: Whimsicott
|faint|p1a: Glimmora
|-damage|p2b: Garchomp|90/100|[from] item: Life Orb
|
|upkeep
|
|t:|1785443163
|switch|p2a: Glimmora|Glimmora, L50, M|67/100
|switch|p1a: Garchomp|Garchomp, L50, M|80/100
|-sideend|p2: FatherPenguin|move: Toxic Spikes|[of] p2a: Glimmora
|turn|5
|inactive|FatherPenguin has 30 seconds left.
|inactive|FatherPenguin has 20 seconds left.
|inactive|FatherPenguin has 15 seconds left.
|inactive|FatherPenguin has 10 seconds left.
|inactive|FatherPenguin has 5 seconds left.
|
|t:|1785443214
|move|p1a: Garchomp|Protect|p1a: Garchomp
|-singleturn|p1a: Garchomp|Protect
|move|p1b: Whimsicott|Tailwind|p1b: Whimsicott
|-sidestart|p1: flintvgc|move: Tailwind
|move|p2b: Garchomp|Dragon Claw|p1a: Garchomp
|-activate|p1a: Garchomp|move: Protect
|move|p2a: Glimmora|Earth Power|p1a: Garchomp
|-activate|p1a: Garchomp|move: Protect
|
|upkeep
|turn|6
|
|t:|1785443239
|move|p2b: Garchomp|Protect|p2b: Garchomp
|-singleturn|p2b: Garchomp|Protect
|move|p1b: Whimsicott|Moonblast|p2b: Garchomp
|-activate|p2b: Garchomp|move: Protect
|move|p1a: Garchomp|Dragon Claw|p2a: Glimmora
|-damage|p2a: Glimmora|0 fnt
|-activate|p2a: Glimmora|ability: Toxic Debris
|-sidestart|p1: flintvgc|move: Toxic Spikes
|faint|p2a: Glimmora
|-damage|p1a: Garchomp|70/100|[from] item: Life Orb
|
|upkeep
|
|t:|1785443250
|switch|p2a: Delphox|Delphox, L50, M|100/100
|turn|7
|
|t:|1785443264
|detailschange|p2a: Delphox|Delphox-Mega, L50, M
|-mega|p2a: Delphox|Delphox|Delphoxite
|move|p1b: Whimsicott|Protect|p1b: Whimsicott
|-singleturn|p1b: Whimsicott|Protect
|move|p1a: Garchomp|Protect|p1a: Garchomp
|-singleturn|p1a: Garchomp|Protect
|move|p2a: Delphox|Psychic|p1a: Garchomp
|-activate|p1a: Garchomp|move: Protect
|move|p2b: Garchomp|Dragon Claw|p1a: Garchomp
|-activate|p1a: Garchomp|move: Protect
|
|-sideend|p2: FatherPenguin|move: Tailwind
|upkeep
|turn|8
|inactive|FatherPenguin has 30 seconds left.
|
|t:|1785443290
|move|p1b: Whimsicott|Moonblast|p2b: Garchomp
|-supereffective|p2b: Garchomp|1
|-damage|p2b: Garchomp|12/100
|move|p1a: Garchomp|Rock Slide|p2b: Garchomp|[spread] p2a,p2b
|-supereffective|p2a: Delphox|1
|-resisted|p2b: Garchomp|1
|-damage|p2a: Delphox|24/100
|-damage|p2b: Garchomp|1/100
|-damage|p1a: Garchomp|60/100|[from] item: Life Orb
|move|p2a: Delphox|Psychic|p1a: Garchomp
|-damage|p1a: Garchomp|0 fnt
|faint|p1a: Garchomp
|move|p2b: Garchomp|Dragon Claw|p1b: Whimsicott
|-immune|p1b: Whimsicott
|
|-sideend|p1: flintvgc|move: Tailwind
|upkeep
|
|t:|1785443304
|switch|p1a: Delphox|Delphox, L50, M|100/100
|-status|p1a: Delphox|psn
|turn|9
|
|t:|1785443319
|detailschange|p1a: Delphox|Delphox-Mega, L50, M
|-mega|p1a: Delphox|Delphox|Delphoxite
|move|p1b: Whimsicott|Tailwind|p1b: Whimsicott
|-sidestart|p1: flintvgc|move: Tailwind
|move|p1a: Delphox|Heat Wave|p2a: Delphox|[spread] p2a,p2b
|-resisted|p2a: Delphox|1
|-resisted|p2b: Garchomp|1
|-damage|p2a: Delphox|5/100
|-damage|p2b: Garchomp|0 fnt
|faint|p2b: Garchomp
|move|p2a: Delphox|Heat Wave|p1a: Delphox|[spread] p1a,p1b
|-resisted|p1a: Delphox|1
|-supereffective|p1b: Whimsicott|1
|-damage|p1a: Delphox|81/100 psn
|-damage|p1b: Whimsicott|0 fnt
|faint|p1b: Whimsicott
|
|-damage|p1a: Delphox|69/100 psn|[from] psn
|upkeep
|turn|10
|
|t:|1785443333
|move|p2a: Delphox|Protect|p2a: Delphox
|-singleturn|p2a: Delphox|Protect
|move|p1a: Delphox|Psychic|p2a: Delphox
|-activate|p2a: Delphox|move: Protect
|
|-damage|p1a: Delphox|57/100 psn|[from] psn
|upkeep
|turn|11
|
|t:|1785443352
|move|p1a: Delphox|Psychic|p2a: Delphox
|-resisted|p2a: Delphox|1
|-damage|p2a: Delphox|0 fnt
|faint|p2a: Delphox
|
|win|flintvgc
|raw|flintvgc's rating: 1104 → 1136(+32 for winning)
|raw|FatherPenguin's rating: 1198 → 1166(-32 for losing)
|c|☆FatherPenguin|gg
