|j|☆felasmiguel
|j|☆lancerh
|html|felasmiguellancerh    
|uhtml|bestof|Game 1 of a best-of-3
|t:|1757708317
|gametype|doubles
|player|p1|felasmiguel|scientist|1117
|player|p2|lancerh|102|1098
|gen|9
|tier|[Gen 9] VGC 2025 Reg H (Bo3)
|rated|
|rule|Species Clause: Limit one of each Pokémon
|rule|Item Clause: Limit 1 of each item
|clearpoke
|poke|p1|Gliscor, L50, F|
|poke|p1|Breloom, L50, M|
|poke|p1|Talonflame, L50, M|
|poke|p1|Milotic, L50, F|
|poke|p1|Dragapult, L50, M|
|poke|p1|Farigiraf, L50, F|
|poke|p2|Indeedee, L50, M|
|poke|p2|Dondozo, L50, F|
|poke|p2|Tatsugiri, L50, F|
|poke|p2|Ninetales-Alola, L50, F|
|poke|p2|Armarouge, L50, F|
|poke|p2|Annihilape, L50, M|
|teampreview|4
|showteam|p1|Gliscor||ToxicOrb|PoisonHeal|SwordsDance,DualWingbeat,HighHorsepower,Protect|||F|||50|,,,,,Water]Breloom||LoadedDice|Technician|Spore,MachPunch,BulletSeed,Protect|||M|||50|,,,,,Grass]Talonflame||CovertCloak|GaleWings|Tailwind,FlareBlitz,BraveBird,Taunt|||M|||50|,,,,,Flying]Milotic||AdrenalineOrb|Competitive|Scald,IceBeam,Haze,Protect|||F|||50|,,,,,Poison]Dragapult||ChoiceSpecs|Infiltrator|DracoMeteor,Thunderbolt,ShadowBall,Uturn|||M|||50|,,,,,Ghost]Farigiraf||ThroatSpray|ArmorTail|Imprison,TrickRoom,ExpandingForce,HyperVoice|||F|||50|,,,,,Fire
|showteam|p2|Indeedee||FocusSash|PsychicSurge|TrickRoom,ExpandingForce,TeraBlast,Protect|||M|||50|,,,,,Fighting]Dondozo||Leftovers|Unaware|OrderUp,Protect,Yawn,WaveCrash|||F|||50|,,,,,Steel]Tatsugiri||ChoiceScarf|Commander|MuddyWater,IcyWind,DracoMeteor,DragonPulse|||F|||50|,,,,,Stellar]Ninetales-Alola||IciclePlate|SnowWarning|Blizzard,AuroraVeil,FreezeDry,Moonblast|||F|||50|,,,,,Water]Armarouge||PowerHerb|FlashFire|ExpandingForce,HeatWave,MeteorBeam,Protect|||F|||50|,,,,,Grass]Annihilape||AssaultVest|Defiant|CloseCombat,RageFist,FinalGambit,DrainPunch|||M|||50|,,,,,Fire
|inactive|Battle timer is ON: inactive players will automatically lose when time's up. (requested by lancerh)
|inactive|felasmiguel has 60 seconds left.
|
|t:|1757708383
|teamsize|p1|4
|teamsize|p2|4
|start
|switch|p1a: Talonflame|Talonflame, L50, M|100/100
|switch|p1b: Dragapult|Dragapult, L50, M|100/100
|switch|p2a: Dondozo|Dondozo, L50, F|100/100
|switch|p2b: Indeedee|Indeedee, L50, M|100/100
|-fieldstart|move: Psychic Terrain|[from] ability: Psychic Surge|[of] p2b: Indeedee
|turn|1
|
|t:|1757708407
|move|p2a: Dondozo|Protect|p2a: Dondozo
|-singleturn|p2a: Dondozo|Protect
|move|p1b: Dragapult|Thunderbolt|p2b: Indeedee
|-damage|p2b: Indeedee|43/100
|move|p1a: Talonflame|Flare Blitz|p2b: Indeedee
|-damage|p2b: Indeedee|0 fnt
|faint|p2b: Indeedee
|-damage|p1a: Talonflame|88/100|[from] Recoil
|
|upkeep
|
|t:|1757708415
|switch|p2b: Tatsugiri|Tatsugiri, L50, F|100/100
|-activate|p2b: Tatsugiri|ability: Commander|[of] p2a: Dondozo
|-boost|p2a: Dondozo|atk|2
|-boost|p2a: Dondozo|spa|2
|-boost|p2a: Dondozo|spe|2
|-boost|p2a: Dondozo|def|2
|-boost|p2a: Dondozo|spd|2
|turn|2
|
|t:|1757708435
|switch|p1b: Milotic|Milotic, L50, F|100/100
|move|p1a: Talonflame|Taunt|p2a: Dondozo
|-start|p2a: Dondozo|move: Taunt
|move|p2a: Dondozo|Order Up|p1b: Milotic
|-damage|p1b: Milotic|57/100
|-boost|p2a: Dondozo|atk|1
|
|upkeep
|turn|3
|
|t:|1757708452
|move|p1a: Talonflame|Tailwind|p1a: Talonflame
|-sidestart|p1: felasmiguel|move: Tailwind
|move|p1b: Milotic|Haze|p1b: Milotic
|-clearallboost
|move|p2a: Dondozo|Order Up|p1a: Talonflame
|-damage|p1a: Talonflame|53/100
|-boost|p2a: Dondozo|atk|1
|
|upkeep
|turn|4
|
|t:|1757708466
|move|p1a: Talonflame|Brave Bird|p2a: Dondozo
|-damage|p2a: Dondozo|67/100
|-damage|p1a: Talonflame|36/100|[from] Recoil
|move|p1b: Milotic|Scald|p2a: Dondozo
|-resisted|p2a: Dondozo
|-damage|p2a: Dondozo|53/100
|move|p2a: Dondozo|Order Up|p1a: Talonflame
|-damage|p1a: Talonflame|0 fnt
|faint|p1a: Talonflame
|-boost|p2a: Dondozo|atk|1
|
|-heal|p2a: Dondozo|59/100|[from] item: Leftovers
|-end|p2a: Dondozo|move: Taunt
|upkeep
|
|t:|1757708476
|switch|p1a: Farigiraf|Farigiraf, L50, F|100/100
|turn|5
|
|t:|1757708500
|move|p2a: Dondozo|Protect|p2a: Dondozo
|-singleturn|p2a: Dondozo|Protect
|move|p1b: Milotic|Haze|p1b: Milotic
|-clearallboost
|move|p1a: Farigiraf|Expanding Force|p2a: Dondozo|[spread] 
|-miss|p1a: Farigiraf|p2b: Tatsugiri
|-activate|p2a: Dondozo|move: Protect
|
|-heal|p2a: Dondozo|65/100|[from] item: Leftovers
|-fieldend|move: Psychic Terrain
|upkeep
|turn|6
|
|t:|1757708518
|move|p1b: Milotic|Scald|p2a: Dondozo
|-resisted|p2a: Dondozo
|-damage|p2a: Dondozo|52/100
|move|p1a: Farigiraf|Hyper Voice|p2b: Tatsugiri|[spread] p2a
|-miss|p1a: Farigiraf|p2b: Tatsugiri
|-damage|p2a: Dondozo|27/100
|-enditem|p1a: Farigiraf|Throat Spray
|-boost|p1a: Farigiraf|spa|1|[from] item: Throat Spray
|move|p2a: Dondozo|Yawn|p1a: Farigiraf
|-start|p1a: Farigiraf|move: Yawn|[of] p2a: Dondozo
|
|-heal|p2a: Dondozo|33/100|[from] item: Leftovers
|-sideend|p1: felasmiguel|move: Tailwind
|upkeep
|turn|7
|
|t:|1757708536
|move|p1b: Milotic|Scald|p2a: Dondozo
|-resisted|p2a: Dondozo
|-damage|p2a: Dondozo|19/100
|move|p2a: Dondozo|Order Up|p1a: Farigiraf
|-damage|p1a: Farigiraf|79/100
|-boost|p2a: Dondozo|atk|1
|move|p1a: Farigiraf|Trick Room|p1a: Farigiraf
|-fieldstart|move: Trick Room|[of] p1a: Farigiraf
|
|-heal|p2a: Dondozo|25/100|[from] item: Leftovers
|-end|p1a: Farigiraf|move: Yawn|[silent]
|-status|p1a: Farigiraf|slp
|upkeep
|turn|8
|
|t:|1757708549
|move|p2a: Dondozo|Order Up|p1a: Farigiraf
|-damage|p1a: Farigiraf|49/100 slp
|-boost|p2a: Dondozo|atk|1
|cant|p1a: Farigiraf|slp
|move|p1b: Milotic|Scald|p2a: Dondozo
|-resisted|p2a: Dondozo
|-damage|p2a: Dondozo|12/100
|-status|p2a: Dondozo|brn
|
|-heal|p2a: Dondozo|18/100 brn|[from] item: Leftovers
|-damage|p2a: Dondozo|12/100 brn|[from] brn
|upkeep
|turn|9
|
|t:|1757708566
|move|p2a: Dondozo|Yawn|p1b: Milotic
|-start|p1b: Milotic|move: Yawn|[of] p2a: Dondozo
|-curestatus|p1a: Farigiraf|slp|[msg]
|move|p1a: Farigiraf|Expanding Force|p2a: Dondozo
|-damage|p2a: Dondozo|0 fnt
|faint|p2a: Dondozo
|move|p1b: Milotic|Scald|p2b: Tatsugiri
|-resisted|p2b: Tatsugiri
|-crit|p2b: Tatsugiri
|-damage|p2b: Tatsugiri|85/100
|
|upkeep
|
|t:|1757708568
|switch|p2a: Ninetales|Ninetales-Alola, L50, F|100/100
|-weather|Snowscape|[from] ability: Snow Warning|[of] p2a: Ninetales
|turn|10
|inactive|felasmiguel has 30 seconds left.
|inactive|lancerh has 30 seconds left.
|
|t:|1757708599
|-terastallize|p1a: Farigiraf|Fire
|move|p1a: Farigiraf|Hyper Voice|p2a: Ninetales|[spread] p2a,p2b
|-damage|p2a: Ninetales|51/100
|-damage|p2b: Tatsugiri|30/100
|move|p1b: Milotic|Ice Beam|p2b: Tatsugiri
|-damage|p2b: Tatsugiri|3/100
|move|p2a: Ninetales|Blizzard|p1b: Milotic|[spread] p1a,p1b
|-resisted|p1a: Farigiraf
|-resisted|p1b: Milotic
|-damage|p1a: Farigiraf|34/100
|-damage|p1b: Milotic|43/100
|move|p2b: Tatsugiri|Dragon Pulse|p1a: Farigiraf
|-damage|p1a: Farigiraf|0 fnt
|faint|p1a: Farigiraf
|
|-weather|Snowscape|[upkeep]
|-end|p1b: Milotic|move: Yawn|[silent]
|-status|p1b: Milotic|slp
|upkeep
|
|t:|1757708616
|switch|p1a: Dragapult|Dragapult, L50, M|100/100
|turn|11
|
|t:|1757708629
|cant|p1b: Milotic|slp
|move|p2a: Ninetales|Blizzard|p1a: Dragapult|[spread] p1a,p1b
|-supereffective|p1a: Dragapult
|-resisted|p1b: Milotic
|-damage|p1a: Dragapult|5/100
|-damage|p1b: Milotic|27/100 slp
|move|p1a: Dragapult|Shadow Ball|p2a: Ninetales
|-damage|p2a: Ninetales|0 fnt
|faint|p2a: Ninetales
|move|p2b: Tatsugiri|Dragon Pulse|p1a: Dragapult
|-supereffective|p1a: Dragapult
|-damage|p1a: Dragapult|0 fnt
|faint|p1a: Dragapult
|
|-weather|Snowscape|[upkeep]
|-fieldend|move: Trick Room
|upkeep
|turn|12
|
|t:|1757708640
|-terastallize|p2b: Tatsugiri|Stellar
|move|p2b: Tatsugiri|Dragon Pulse|p1b: Milotic
|-damage|p1b: Milotic|0 fnt
|faint|p1b: Milotic
|
|win|lancerh
||felasmiguel is ready for game 2.
