|j|☆exposniffer
|j|☆teddy2gloves
|html|exposnifferteddy2gloves    
|uhtml|bestof|Game 3 of a best-of-3
|t:|1757129896
|gametype|doubles
|player|p1|exposniffer|blue|1196
|player|p2|teddy2gloves|2|1082
|gen|9
|tier|[Gen 9] VGC 2025 Reg H (Bo3)
|rated|
|rule|Species Clause: Limit one of each Pokémon
|rule|Item Clause: Limit 1 of each item
|clearpoke
|poke|p1|Gholdengo, L50|
|poke|p1|Dragonite, L50, M|
|poke|p1|Ursaluna-Bloodmoon, L50, M|
|poke|p1|Ninetales-Alola, L50, F|
|poke|p1|Annihilape, L50, M|
|poke|p1|Incineroar, L50, M|
|poke|p2|Ninetales-Alola, L50, M|
|poke|p2|Sneasler, L50, M|
|poke|p2|Incineroar, L50, F|
|poke|p2|Gholdengo, L50|
|poke|p2|Amoonguss, L50, M|
|poke|p2|Ursaluna-Bloodmoon, L50, M|
|teampreview|4
|showteam|p1|Gholdengo||MetalCoat|GoodasGold|MakeItRain,ShadowBall,NastyPlot,Protect||||||50|,,,,,Water]Dragonite||LoadedDice|Multiscale|ScaleShot,ExtremeSpeed,Haze,Protect|||M|||50|,,,,,Steel]Ursaluna-Bloodmoon||AssaultVest|MindsEye|BloodMoon,HyperVoice,EarthPower,VacuumWave|||M|||50|,,,,,Water]Ninetales-Alola||FocusSash|SnowWarning|Blizzard,IcyWind,AuroraVeil,IcicleSpear|||F|||50|,,,,,Ghost]Annihilape||SafetyGoggles|Defiant|CloseCombat,RageFist,Coaching,Taunt|||M|||50|,,,,,Fire]Incineroar||RockyHelmet|Intimidate|KnockOff,FlareBlitz,PartingShot,FakeOut|||M|||50|,,,,,Ghost
|showteam|p2|Ninetales-Alola||FocusSash|SnowWarning|IcyWind,AuroraVeil,Encore,Blizzard|||M|||50|,,,,,Ghost]Sneasler||WhiteHerb|Unburden|CloseCombat,DireClaw,Protect,Coaching|||M|||50|,,,,,Dark]Incineroar||SafetyGoggles|Intimidate|FlareBlitz,KnockOff,PartingShot,FakeOut|||F|||50|,,,,,Fairy]Gholdengo||Leftovers|GoodasGold|NastyPlot,MakeItRain,ShadowBall,Protect||||||50|,,,,,Water]Amoonguss||RockyHelmet|Regenerator|ClearSmog,Spore,RagePowder,PollenPuff|||M|||50|,,,,,Water]Ursaluna-Bloodmoon||AssaultVest|MindsEye|Moonblast,HyperVoice,BloodMoon,EarthPower|||M|||50|,,,,,Normal
|inactive|Battle timer is ON: inactive players will automatically lose when time's up. (requested by exposniffer)
|inactive|exposniffer has 60 seconds left.
|inactive|exposniffer has 30 seconds left.
|inactive|exposniffer has 20 seconds left.
|
|t:|1757129979
|teamsize|p1|4
|teamsize|p2|4
|start
|switch|p1a: Teddy|Incineroar, L50, M|100/100
|switch|p1b: Leon|Annihilape, L50, M|100/100
|switch|p2a: Ninetales|Ninetales-Alola, L50, M|100/100
|switch|p2b: Sneasler|Sneasler, L50, M|100/100
|-weather|Snowscape|[from] ability: Snow Warning|[of] p2a: Ninetales
|-ability|p1a: Teddy|Intimidate|boost
|-unboost|p2a: Ninetales|atk|1
|-unboost|p2b: Sneasler|atk|1
|-enditem|p2b: Sneasler|White Herb
|-clearnegativeboost|p2b: Sneasler|[silent]
|turn|1
|
|t:|1757130001
|-terastallize|p1a: Teddy|Ghost
|move|p2b: Sneasler|Coaching|p2a: Ninetales
|-boost|p2a: Ninetales|atk|1
|-boost|p2a: Ninetales|def|1
|move|p2a: Ninetales|Aurora Veil|p2a: Ninetales
|-sidestart|p2: teddy2gloves|move: Aurora Veil
|move|p1b: Leon|Coaching|p1a: Teddy
|-boost|p1a: Teddy|atk|1
|-boost|p1a: Teddy|def|1
|move|p1a: Teddy|Flare Blitz|p2b: Sneasler
|-damage|p2b: Sneasler|1/100
|-damage|p1a: Teddy|75/100|[from] Recoil
|
|-weather|Snowscape|[upkeep]
|upkeep
|turn|2
|inactive|exposniffer has 30 seconds left.
|
|t:|1757130032
|move|p2b: Sneasler|Dire Claw|p1b: Leon
|-resisted|p1b: Leon
|-damage|p1b: Leon|77/100
|-status|p1b: Leon|psn
|move|p2a: Ninetales|Blizzard|p1a: Teddy|[spread] p1a,p1b
|-damage|p1a: Teddy|46/100
|-damage|p1b: Leon|44/100 psn
|move|p1b: Leon|Rage Fist|p2a: Ninetales
|-damage|p2a: Ninetales|71/100
|move|p1a: Teddy|Knock Off|p2b: Sneasler
|-resisted|p2b: Sneasler
|-damage|p2b: Sneasler|0 fnt
|faint|p2b: Sneasler
|
|-weather|Snowscape|[upkeep]
|-damage|p1b: Leon|32/100 psn|[from] psn
|upkeep
|
|t:|1757130048
|switch|p2b: Gholdengo|Gholdengo, L50|100/100
|turn|3
|
|t:|1757130070
|move|p2b: Gholdengo|Protect|p2b: Gholdengo
|-singleturn|p2b: Gholdengo|Protect
|move|p2a: Ninetales|Blizzard|p1b: Leon|[spread] p1a,p1b
|-damage|p1a: Teddy|17/100
|-damage|p1b: Leon|0 fnt
|faint|p1b: Leon
|move|p1a: Teddy|Flare Blitz|p2a: Ninetales
|-supereffective|p2a: Ninetales
|-damage|p2a: Ninetales|0 fnt
|faint|p2a: Ninetales
|-damage|p1a: Teddy|0 fnt|[from] Recoil
|faint|p1a: Teddy
|
|-weather|Snowscape|[upkeep]
|upkeep
|
|t:|1757130079
|switch|p2a: Incineroar|Incineroar, L50, F|100/100
|switch|p1b: Oso|Gholdengo, L50|100/100
|switch|p1a: jerome|Ursaluna-Bloodmoon, L50, M|100/100
|-ability|p2a: Incineroar|Intimidate|boost
|-unboost|p1a: jerome|atk|1
|-unboost|p1b: Oso|atk|1
|turn|4
|
|t:|1757130101
|-terastallize|p2b: Gholdengo|Water
|move|p1b: Oso|Protect|p1b: Oso
|-singleturn|p1b: Oso|Protect
|move|p2b: Gholdengo|Nasty Plot|p2b: Gholdengo
|-boost|p2b: Gholdengo|spa|2
|move|p2a: Incineroar|Knock Off|p1b: Oso
|-activate|p1b: Oso|move: Protect
|move|p1a: jerome|Earth Power|p2a: Incineroar
|-supereffective|p2a: Incineroar
|-damage|p2a: Incineroar|53/100
|
|-weather|Snowscape|[upkeep]
|upkeep
|turn|5
|inactive|exposniffer has 30 seconds left.
|
|t:|1757130130
|move|p1b: Oso|Protect||[still]
|-fail|p1b: Oso
|move|p2b: Gholdengo|Make It Rain|p1a: jerome|[spread] p1a,p1b
|-resisted|p1b: Oso
|-damage|p1a: jerome|18/100
|-damage|p1b: Oso|46/100
|-unboost|p2b: Gholdengo|spa|1
|move|p2a: Incineroar|Flare Blitz|p1b: Oso
|-supereffective|p1b: Oso
|-damage|p1b: Oso|0 fnt
|faint|p1b: Oso
|-damage|p2a: Incineroar|39/100|[from] Recoil
|move|p1a: jerome|Blood Moon|p2b: Gholdengo
|-crit|p2b: Gholdengo
|-damage|p2b: Gholdengo|0 fnt
|faint|p2b: Gholdengo
|
|-weather|none
|-sideend|p2: teddy2gloves|move: Aurora Veil
|upkeep
|turn|6
|inactive|exposniffer has 30 seconds left.
|c|☆exposniffer|hmmm
|c|☆exposniffer|well sad
|c|☆teddy2gloves|gg
|inactive|exposniffer has 20 seconds left.
|c|☆exposniffer|gg
|inactive|exposniffer has 15 seconds left.
|
|t:|1757130175
|move|p1a: jerome|Vacuum Wave|p2a: Incineroar
|-supereffective|p2a: Incineroar
|-damage|p2a: Incineroar|16/100
|move|p2a: Incineroar|Knock Off|p1a: jerome
|-damage|p1a: jerome|0 fnt
|-enditem|p1a: jerome|Assault Vest|[from] move: Knock Off|[of] p2a: Incineroar
|faint|p1a: jerome
|
|win|teddy2gloves
|raw|exposniffer's rating: 1196 → 1163(-33 for losing)
|raw|teddy2gloves's rating: 1082 → 1118(+36 for winning)
|l|☆teddy2gloves
|player|p2|
