|j|☆shiroblast
|j|☆pqwertyuio
|html|shiroblastpqwertyuio    
|uhtml|bestof|Game 3 of a best-of-3
|t:|1785702909
|gametype|doubles
|player|p1|shiroblast|benga|1193
|player|p2|pqwertyuio|170|1276
|gen|9
|tier|[Gen 9 Champions] VGC 2026 Reg M-B (Bo3)
|rated|
|rule|Species Clause: Limit one of each Pokémon
|rule|Item Clause: Limit 1 of each item
|clearpoke
|poke|p1|Staraptor, L50, M|
|poke|p1|Garchomp, L50, M|
|poke|p1|Whimsicott, L50, M|
|poke|p1|Delphox, L50, M|
|poke|p1|Glimmora, L50, M|
|poke|p1|Kingambit, L50, M|
|poke|p2|Charizard, L50, M|
|poke|p2|Aerodactyl, L50, F|
|poke|p2|Garchomp, L50, F|
|poke|p2|Sylveon, L50, M|
|poke|p2|Farigiraf, L50, F|
|poke|p2|Incineroar, L50, M|
|teampreview|4
|showteam|p1|Staraptor||Staraptite|Intimidate|Protect,Roost,CloseCombat,BraveBird|Jolly||M|||50|]Garchomp||LifeOrb|RoughSkin|Protect,RockSlide,Earthquake,DragonClaw|Jolly||M|||50|]Whimsicott||OccaBerry|Prankster|Moonblast,Tailwind,Charm,LightScreen|Timid||M|||50|]Delphox||Delphoxite|Magician|Protect,Psychic,HeatWave,Substitute|Timid||M|||50|]Glimmora||FocusSash|ToxicDebris|SpikyShield,SludgeBomb,EarthPower,PowerGem|Timid||M|||50|]Kingambit||ChopleBerry|Defiant|SuckerPunch,LowKick,IronHead,KowtowCleave|Adamant||M|||50|
|showteam|p2|Charizard||CharizarditeY|Blaze|WeatherBall,HeatWave,SolarBeam,Protect|Modest||M|||50|]Aerodactyl||Aerodactylite|Pressure|RockSlide,IceFang,Tailwind,Protect|Jolly||F|||50|]Garchomp||LifeOrb|RoughSkin|DragonClaw,Earthquake,RockTomb,Protect|Jolly||F|||50|]Sylveon||FairyFeather|Pixilate|HyperVoice,Yawn,QuickAttack,Protect|Bold||M|||50|]Farigiraf||Leftovers|ArmorTail|TwinBeam,Roar,TrickRoom,Protect|Calm||F|||50|]Incineroar||SitrusBerry|Intimidate|FlareBlitz,DarkestLariat,PartingShot,Protect|Impish||M|||50|
|
|t:|1785702930
|teamsize|p1|4
|teamsize|p2|4
|start
|switch|p1a: Glimmora|Glimmora, L50, M|100/100
|switch|p1b: Kingambit|Kingambit, L50, M|100/100
|switch|p2a: Garchomp|Garchomp, L50, F|100/100
|switch|p2b: Aerodactyl|Aerodactyl, L50, F|100/100
|-ability|p2b: Aerodactyl|Pressure
|turn|1
|inactive|Battle timer is ON: inactive players will automatically lose when time's up. (requested by pqwertyuio)
|inactive|shiroblast has 60 seconds left.
|
|t:|1785702978
|detailschange|p2b: Aerodactyl|Aerodactyl-Mega, L50, F
|-mega|p2b: Aerodactyl|Aerodactyl|Aerodactylite
|move|p2b: Aerodactyl|Rock Slide|p1a: Glimmora|[spread] p1a,p1b
|-resisted|p1b: Kingambit|1
|-damage|p1a: Glimmora|67/100
|-damage|p1b: Kingambit|89/100
|-activate|p1a: Glimmora|ability: Toxic Debris
|-sidestart|p2: pqwertyuio|move: Toxic Spikes
|move|p2a: Garchomp|Earthquake|p1b: Kingambit|[spread] p1a,p1b
|-immune|p2b: Aerodactyl
|-supereffective|p1a: Glimmora|2
|-supereffective|p1b: Kingambit|1
|-damage|p1a: Glimmora|0 fnt
|-damage|p1b: Kingambit|20/100y
|-activate|p1a: Glimmora|ability: Toxic Debris
|-sidestart|p2: pqwertyuio|move: Toxic Spikes
|faint|p1a: Glimmora
|-damage|p2a: Garchomp|90/100|[from] item: Life Orb
|move|p1b: Kingambit|Kowtow Cleave|p2a: Garchomp
|-damage|p2a: Garchomp|44/100
|-damage|p1b: Kingambit|8/100|[from] ability: Rough Skin|[of] p2a: Garchomp
|
|upkeep
|
|t:|1785702998
|switch|p1a: Whimsicott|Whimsicott, L50, M|100/100
|turn|2
|
|t:|1785703015
|switch|p2a: Incineroar|Incineroar, L50, M|100/100
|-status|p2a: Incineroar|tox
|-ability|p2a: Incineroar|Intimidate|boost
|-unboost|p1a: Whimsicott|atk|1
|-unboost|p1b: Kingambit|atk|1
|-ability|p1b: Kingambit|Defiant|boost
|-boost|p1b: Kingambit|atk|2
|move|p2b: Aerodactyl|Ice Fang|p1a: Whimsicott
|-supereffective|p1a: Whimsicott|1
|-damage|p1a: Whimsicott|36/100
|move|p1a: Whimsicott|Moonblast|p2a: Incineroar
|-damage|p2a: Incineroar|72/100 tox
|move|p1b: Kingambit|Iron Head|p2b: Aerodactyl
|-supereffective|p2b: Aerodactyl|1
|-damage|p2b: Aerodactyl|0 fnt
|faint|p2b: Aerodactyl
|
|-damage|p2a: Incineroar|66/100 tox|[from] psn
|upkeep
|
|t:|1785703031
|switch|p2b: Sylveon|Sylveon, L50, M|100/100
|-status|p2b: Sylveon|tox
|turn|3
|
|t:|1785703046
|switch|p1a: Delphox|Delphox, L50, M|100/100
|move|p2b: Sylveon|Hyper Voice|p1a: Delphox|[spread] p1a,p1b
|-resisted|p1a: Delphox|1
|-damage|p1a: Delphox|77/100
|-damage|p1b: Kingambit|0 fnt
|faint|p1b: Kingambit
|move|p2a: Incineroar|Flare Blitz|p1a: Delphox
|-resisted|p1a: Delphox|1
|-damage|p1a: Delphox|49/100
|-damage|p2a: Incineroar|59/100 tox|[from] Recoil
|
|-damage|p2b: Sylveon|94/100 tox|[from] psn
|-damage|p2a: Incineroar|46/100 tox|[from] psn
|upkeep
|-enditem|p2a: Incineroar|Sitrus Berry|[eat]
|-heal|p2a: Incineroar|71/100 tox|[from] item: Sitrus Berry
|
|t:|1785703059
|switch|p1b: Whimsicott|Whimsicott, L50, M|36/100
|turn|4
|
|t:|1785703072
|detailschange|p1a: Delphox|Delphox-Mega, L50, M
|-mega|p1a: Delphox|Delphox|Delphoxite
|move|p1b: Whimsicott|Tailwind|p1b: Whimsicott
|-sidestart|p1: shiroblast|move: Tailwind
|move|p1a: Delphox|Psychic|p2b: Sylveon
|-damage|p2b: Sylveon|58/100 tox
|move|p2b: Sylveon|Yawn|p1a: Delphox
|-start|p1a: Delphox|move: Yawn|[of] p2b: Sylveon
|move|p2a: Incineroar|Flare Blitz|p1b: Whimsicott
|-supereffective|p1b: Whimsicott|1
|-enditem|p1b: Whimsicott|Occa Berry|[eat]
|-enditem|p1b: Whimsicott|Occa Berry|[weaken]
|-damage|p1b: Whimsicott|0 fnt
|faint|p1b: Whimsicott
|-damage|p2a: Incineroar|62/100 tox|[from] Recoil
|
|-damage|p2b: Sylveon|46/100 tox|[from] psn
|-damage|p2a: Incineroar|43/100 tox|[from] psn
|upkeep
|turn|5
|
|t:|1785703090
|move|p1a: Delphox|Heat Wave|p2a: Incineroar|[spread] p2a,p2b
|-resisted|p2a: Incineroar|1
|-damage|p2a: Incineroar|24/100 tox
|-damage|p2b: Sylveon|16/100 tox
|move|p2b: Sylveon|Hyper Voice|p1a: Delphox
|-resisted|p1a: Delphox|1
|-damage|p1a: Delphox|24/100
|move|p2a: Incineroar|Darkest Lariat|p1a: Delphox
|-supereffective|p1a: Delphox|1
|-damage|p1a: Delphox|0 fnt
|faint|p1a: Delphox
|
|win|pqwertyuio
|raw|shiroblast's rating: 1193 → 1174(-19 for losing)
|raw|pqwertyuio's rating: 1276 → 1295(+19 for winning)
|c|☆pqwertyuio|lol
|l|☆pqwertyuio
|player|p2|
