|j|☆CharlesDriven
|j|☆Voltage Gaming101
|html|CharlesDrivenVoltage Gaming101    
|uhtml|bestof|Game 2 of a best-of-3
|t:|1756607116
|gametype|doubles
|player|p1|CharlesDriven|palmer|1069
|player|p2|Voltage Gaming101|red|1000
|gen|9
|tier|[Gen 9] VGC 2025 Reg H (Bo3)
|rated|
|rule|Species Clause: Limit one of each Pokémon
|rule|Item Clause: Limit 1 of each item
|clearpoke
|poke|p1|Charizard, L50, M|
|poke|p1|Torkoal, L50, F|
|poke|p1|Porygon2, L50|
|poke|p1|Incineroar, L50, F|
|poke|p1|Jumpluff, L50, M|
|poke|p1|Ursaluna, L50, F|
|poke|p2|Mienshao, L50, M|
|poke|p2|Slowking-Galar, L50, F|
|poke|p2|Baxcalibur, L50, M|
|poke|p2|Rillaboom, L50, F|
|poke|p2|Cinderace, L50, M|
|poke|p2|Primarina, L50, F|
|teampreview|4
|showteam|p1|Charizard||ChoiceSpecs|SolarPower|HeatWave,Overheat,WeatherBall,AirSlash|||M|||50|,,,,,Ghost]Torkoal||EjectPack|Drought|Eruption,Overheat,HelpingHand,Protect|||F|||50|,,,,,Fire]Porygon2||Eviolite|Download|TeraBlast,IceBeam,Recover,TrickRoom||||||50|,,,,,Fighting]Incineroar||SitrusBerry|Intimidate|FlareBlitz,KnockOff,FakeOut,PartingShot|||F|||50|,,,,,Ghost]Jumpluff||CovertCloak|Chlorophyll|SleepPowder,SunnyDay,RagePowder,Tailwind|||M|||50|,,,,,Water]Ursaluna||FlameOrb|Guts|HeadlongRush,Facade,Earthquake,Protect|||F|||50|,,,,,Ghost
|showteam|p2|Mienshao||LifeOrb|Regenerator|CloseCombat,KnockOff,PoisonJab,Uturn|||M|||50|,,,,,Steel]Slowking-Galar||BlackSludge|Regenerator|ChillyReception,ThunderWave,SludgeBomb,FutureSight|||F|||50|,,,,,Flying]Baxcalibur||LoadedDice|ThermalExchange|Protect,DragonDance,IcicleSpear,ScaleShot|||M|||50|,,,,,Fairy]Rillaboom||AssaultVest|GrassySurge|GrassyGlide,KnockOff,Uturn,FakeOut|||F|||50|,,,,,Ground]Cinderace||CovertCloak|Libero|FlareBlitz,HighJumpKick,Taunt,Coaching|||M|||50|,,,,,Fighting]Primarina||SitrusBerry|LiquidVoice|HyperVoice,Moonblast,Psychic,CalmMind|||F|||50|,,,,,Grass
|inactive|Battle timer is ON: inactive players will automatically lose when time's up. (requested by CharlesDriven)
|
|t:|1756607142
|teamsize|p1|4
|teamsize|p2|4
|start
|switch|p1a: Charizard|Charizard, L50, M|100/100
|switch|p1b: Jumpluff|Jumpluff, L50, M|100/100
|switch|p2a: Rillaboom|Rillaboom, L50, F, shiny|100/100
|switch|p2b: Mienshao|Mienshao, L50, M, shiny|100/100
|-fieldstart|move: Grassy Terrain|[from] ability: Grassy Surge|[of] p2a: Rillaboom
|turn|1
|inactive|CharlesDriven has 30 seconds left.
|
|t:|1756607177
|move|p2a: Rillaboom|Fake Out|p1b: Jumpluff
|-damage|p1b: Jumpluff|84/100
|move|p1b: Jumpluff|Sleep Powder|p2b: Mienshao
|-status|p2b: Mienshao|slp|[from] move: Sleep Powder
|cant|p2b: Mienshao|slp
|move|p1a: Charizard|Heat Wave|p2b: Mienshao|[spread] p2b
|-miss|p1a: Charizard|p2a: Rillaboom
|-damage|p2b: Mienshao|10/100 slp
|
|-heal|p2b: Mienshao|16/100 slp|[from] Grassy Terrain
|upkeep
|turn|2
|
|t:|1756607199
|move|p2a: Rillaboom|Grassy Glide|p1a: Charizard
|-resisted|p1a: Charizard
|-damage|p1a: Charizard|87/100
|move|p1b: Jumpluff|Sunny Day|p1b: Jumpluff
|-weather|SunnyDay
|-curestatus|p2b: Mienshao|slp|[msg]
|move|p2b: Mienshao|Knock Off|p1a: Charizard
|-crit|p1a: Charizard
|-damage|p1a: Charizard|0 fnt
|-enditem|p1a: Charizard|Choice Specs|[from] move: Knock Off|[of] p2b: Mienshao
|faint|p1a: Charizard
|-damage|p2b: Mienshao|6/100|[from] item: Life Orb
|
|-weather|SunnyDay|[upkeep]
|-heal|p2b: Mienshao|12/100|[from] Grassy Terrain
|upkeep
|
|t:|1756607206
|switch|p1a: Ursaluna|Ursaluna, L50, F|100/100
|turn|3
|inactive|Voltage Gaming101 has 30 seconds left.
|
|t:|1756607235
|switch|p2b: Cinderace|Cinderace, L50, M, shiny|100/100
|-terastallize|p1a: Ursaluna|Ghost
|move|p1b: Jumpluff|Tailwind|p1b: Jumpluff
|-sidestart|p1: CharlesDriven|move: Tailwind
|move|p1a: Ursaluna|Facade|p2b: Cinderace
|-damage|p2b: Cinderace|40/100
|move|p2a: Rillaboom|Knock Off|p1b: Jumpluff
|-damage|p1b: Jumpluff|44/100
|-enditem|p1b: Jumpluff|Covert Cloak|[from] move: Knock Off|[of] p2a: Rillaboom
|
|-weather|SunnyDay|[upkeep]
|-heal|p2b: Cinderace|46/100|[from] Grassy Terrain
|-status|p1a: Ursaluna|brn|[from] item: Flame Orb
|upkeep
|turn|4
|
|t:|1756607254
|-terastallize|p2b: Cinderace|Fighting
|move|p2a: Rillaboom|Grassy Glide|p1a: Ursaluna
|-damage|p1a: Ursaluna|70/100 brn
|move|p1b: Jumpluff|Sleep Powder|p2b: Cinderace
|-status|p2b: Cinderace|slp|[from] move: Sleep Powder
|cant|p2b: Cinderace|slp
|move|p1a: Ursaluna|Facade|p2a: Rillaboom
|-damage|p2a: Rillaboom|0 fnt
|faint|p2a: Rillaboom
|
|-weather|SunnyDay|[upkeep]
|-heal|p2b: Cinderace|52/100 slp|[from] Grassy Terrain
|-heal|p1a: Ursaluna|75/100 brn|[from] Grassy Terrain
|-damage|p1a: Ursaluna|70/100 brn|[from] brn
|upkeep
|
|t:|1756607259
|switch|p2a: Mienshao|Mienshao, L50, M, shiny|45/100
|turn|5
|
|t:|1756607279
|move|p1b: Jumpluff|Rage Powder|p1b: Jumpluff
|-singleturn|p1b: Jumpluff|move: Rage Powder
|-curestatus|p2b: Cinderace|slp|[msg]
|move|p2b: Cinderace|Flare Blitz|p1b: Jumpluff
|-supereffective|p1b: Jumpluff
|-damage|p1b: Jumpluff|0 fnt
|faint|p1b: Jumpluff
|-damage|p2b: Cinderace|35/100|[from] Recoil
|move|p1a: Ursaluna|Facade|p2a: Mienshao
|-damage|p2a: Mienshao|0 fnt
|faint|p2a: Mienshao
|
|-weather|SunnyDay|[upkeep]
|-heal|p2b: Cinderace|41/100|[from] Grassy Terrain
|-heal|p1a: Ursaluna|75/100 brn|[from] Grassy Terrain
|-damage|p1a: Ursaluna|70/100 brn|[from] brn
|-fieldend|move: Grassy Terrain
|upkeep
|
|t:|1756607294
|switch|p1b: Porygon2|Porygon2, L50|100/100
|switch|p2a: Primarina|Primarina, L50, F, shiny|100/100
|-ability|p1b: Porygon2|Download|boost
|-boost|p1b: Porygon2|atk|1
|turn|6
|
|t:|1756607312
|move|p2b: Cinderace|Taunt|p1b: Porygon2
|-start|p1b: Porygon2|move: Taunt
|move|p1a: Ursaluna|Facade|p2a: Primarina
|-damage|p2a: Primarina|0 fnt
|faint|p2a: Primarina
|move|p1b: Porygon2|Tera Blast|p2b: Cinderace
|-damage|p2b: Cinderace|0 fnt
|faint|p2b: Cinderace
|
|win|CharlesDriven
||Voltage Gaming101 is ready for game 3.
|inactive|CharlesDriven has 30 seconds to confirm battle start!
||CharlesDriven is ready for game 3.
|uhtml|next|Next: Game 3 of 3
