|j|☆FALL3N_DWN
|j|☆Sassari89
|html|FALL3N_DWNSassari89    
|uhtml|bestof|Game 1 of a best-of-3
|t:|1757026880
|gametype|doubles
|player|p1|FALL3N_DWN|carmine-festival|1149
|player|p2|Sassari89|1|1040
|gen|9
|tier|[Gen 9] VGC 2025 Reg H (Bo3)
|rated|
|rule|Species Clause: Limit one of each Pokémon
|rule|Item Clause: Limit 1 of each item
|clearpoke
|poke|p1|Electabuzz, L50, M|
|poke|p1|Kingambit, L50, F|
|poke|p1|Volcarona, L50, F|
|poke|p1|Dragonite, L50, F|
|poke|p1|Sneasler, L50, M|
|poke|p1|Rillaboom, L50, M|
|poke|p2|Amoonguss, L50, M|
|poke|p2|Sneasler, L50, M|
|poke|p2|Gholdengo, L50|
|poke|p2|Incineroar, L50, F|
|poke|p2|Ursaluna-Bloodmoon, L50, M|
|poke|p2|Dragonite, L50, F|
|teampreview|4
|showteam|p1|Electabuzz||Eviolite|VitalSpirit|FollowMe,Thunderbolt,Taunt,Protect|||M|||50|,,,,,Ghost]Kingambit||BlackGlasses|Defiant|KowtowCleave,SuckerPunch,SwordsDance,Protect|||F|||50|,,,,,Dark]Volcarona||Leftovers|FlameBody|HeatWave,TeraBlast,QuiverDance,Protect|||F|||50|,,,,,Fairy]Dragonite||LoadedDice|Multiscale|ScaleShot,ExtremeSpeed,Haze,Protect|||F|||50|,,,,,Fairy]Sneasler||FocusSash|Unburden|DireClaw,CloseCombat,Coaching,FakeOut|||M|||50|,,,,,Stellar]Rillaboom||AssaultVest|GrassySurge|FakeOut,WoodHammer,GrassyGlide,HighHorsepower|||M|||50|,,,,,Fire
|showteam|p2|Amoonguss||SitrusBerry|Regenerator|RagePowder,Spore,PollenPuff,Protect|||M|||50|,,,,,Psychic]Sneasler||FocusSash|Unburden|Protect,DireClaw,CloseCombat,Coaching|||M|||50|,,,,,Stellar]Gholdengo||LifeOrb|GoodasGold|Protect,MakeItRain,ShadowBall,NastyPlot||||||50|,,,,,Water]Incineroar||SafetyGoggles|Intimidate|KnockOff,FlareBlitz,PartingShot,FakeOut|||F|||50|,,,,,Ghost]Ursaluna-Bloodmoon||AssaultVest|MindsEye|BloodMoon,EarthPower,HyperVoice,VacuumWave|||M|||50|,,,,,Water]Dragonite||LoadedDice|Multiscale|ScaleShot,Tailwind,Haze,Protect|||F|||50|,,,,,Fairy
|j| Clodsiredave
|l|☆Sassari89
|player|p2|
|l| Clodsiredave
|j|☆Sassari89
|player|p2|Sassari89|1|
|inactive|Battle timer is ON: inactive players will automatically lose when time's up. (requested by Sassari89)
|inactive|FALL3N_DWN has 60 seconds left.
|
|t:|1757026999
|teamsize|p1|4
|teamsize|p2|4
|start
|switch|p1a: Volcarona|Volcarona, L50, F|100/100
|switch|p1b: Rillaboom|Rillaboom, L50, M|100/100
|switch|p2a: Sneasler|Sneasler, L50, M|100/100
|switch|p2b: Dragonite|Dragonite, L50, F|100/100
|-fieldstart|move: Grassy Terrain|[from] ability: Grassy Surge|[of] p1b: Rillaboom
|turn|1
|
|t:|1757027020
|move|p1a: Volcarona|Protect|p1a: Volcarona
|-singleturn|p1a: Volcarona|Protect
|move|p2a: Sneasler|Dire Claw|p1b: Rillaboom
|-supereffective|p1b: Rillaboom
|-damage|p1b: Rillaboom|19/100
|-status|p1b: Rillaboom|par
|move|p2b: Dragonite|Tailwind|p2b: Dragonite
|-sidestart|p2: Sassari89|move: Tailwind
|move|p1b: Rillaboom|High Horsepower|p2a: Sneasler
|-supereffective|p2a: Sneasler
|-enditem|p2a: Sneasler|Focus Sash
|-damage|p2a: Sneasler|1/100
|
|-heal|p2a: Sneasler|7/100|[from] Grassy Terrain
|-heal|p1b: Rillaboom|25/100 par|[from] Grassy Terrain
|upkeep
|turn|2
|inactive|FALL3N_DWN has 30 seconds left.
|
|t:|1757027053
|switch|p2a: Incineroar|Incineroar, L50, F, shiny|100/100
|-ability|p2a: Incineroar|Intimidate|boost
|-unboost|p1a: Volcarona|atk|1
|-unboost|p1b: Rillaboom|atk|1
|-terastallize|p1a: Volcarona|Fairy
|move|p1b: Rillaboom|Grassy Glide|p2a: Incineroar
|-resisted|p2a: Incineroar
|-damage|p2a: Incineroar|89/100
|move|p2b: Dragonite|Scale Shot|p1b: Rillaboom
|-damage|p1b: Rillaboom|10/100 par
|-damage|p1b: Rillaboom|0 fnt
|faint|p1b: Rillaboom
|-hitcount|p1: Rillaboom|2
|-unboost|p2b: Dragonite|def|1
|-boost|p2b: Dragonite|spe|1
|move|p1a: Volcarona|Quiver Dance|p1a: Volcarona
|-boost|p1a: Volcarona|spa|1
|-boost|p1a: Volcarona|spd|1
|-boost|p1a: Volcarona|spe|1
|
|-heal|p2a: Incineroar|95/100|[from] Grassy Terrain
|upkeep
|inactive|FALL3N_DWN has 30 seconds left.
|inactive|FALL3N_DWN has 20 seconds left.
|
|t:|1757027088
|switch|p1b: Sneasler|Sneasler, L50, M|100/100
|turn|3
|inactive|Sassari89 has 30 seconds left.
|
|t:|1757027118
|move|p2a: Incineroar|Fake Out|p1a: Volcarona
|-damage|p1a: Volcarona|87/100
|move|p1b: Sneasler|Fake Out|p2b: Dragonite
|-damage|p2b: Dragonite|88/100
|cant|p2b: Dragonite|flinch
|cant|p1a: Volcarona|flinch
|
|-heal|p2a: Incineroar|100/100|[from] Grassy Terrain
|-heal|p1a: Volcarona|94/100|[from] Grassy Terrain
|-heal|p1a: Volcarona|99/100|[from] item: Leftovers
|upkeep
|turn|4
|inactive|Sassari89 has 30 seconds left.
|inactive|Sassari89 has 20 seconds left.
|inactive|Sassari89 has 15 seconds left.
|inactive|Sassari89 has 10 seconds left.
|
|t:|1757027164
|switch|p1b: Electabuzz|Electabuzz, L50, M|100/100
|move|p2b: Dragonite|Scale Shot|p1b: Electabuzz
|-damage|p1b: Electabuzz|89/100
|-damage|p1b: Electabuzz|77/100
|-damage|p1b: Electabuzz|65/100
|-damage|p1b: Electabuzz|55/100
|-damage|p1b: Electabuzz|44/100
|-hitcount|p1b: Electabuzz|5
|-unboost|p2b: Dragonite|def|1
|-boost|p2b: Dragonite|spe|1
|move|p2a: Incineroar|Parting Shot|p1a: Volcarona
|-unboost|p1a: Volcarona|atk|1
|-unboost|p1a: Volcarona|spa|1
|
|t:|1757027182
|switch|p2a: Ursaluna|Ursaluna-Bloodmoon, L50, M|100/100|[from] Parting Shot
|move|p1a: Volcarona|Tera Blast|p2b: Dragonite|[anim] Tera Blast Fairy
|-supereffective|p2b: Dragonite
|-damage|p2b: Dragonite|11/100
|
|-heal|p1a: Volcarona|100/100|[from] Grassy Terrain
|-heal|p1b: Electabuzz|49/100|[from] Grassy Terrain
|-sideend|p2: Sassari89|move: Tailwind
|upkeep
|turn|5
|inactive|FALL3N_DWN has 30 seconds left.
|inactive|FALL3N_DWN has 20 seconds left.
|
|t:|1757027218
|move|p1b: Electabuzz|Protect|p1b: Electabuzz
|-singleturn|p1b: Electabuzz|Protect
|move|p2b: Dragonite|Haze|p2b: Dragonite
|-clearallboost
|move|p1a: Volcarona|Quiver Dance|p1a: Volcarona
|-boost|p1a: Volcarona|spa|1
|-boost|p1a: Volcarona|spd|1
|-boost|p1a: Volcarona|spe|1
|move|p2a: Ursaluna|Earth Power|p1b: Electabuzz
|-activate|p1b: Electabuzz|move: Protect
|
|-heal|p1b: Electabuzz|55/100|[from] Grassy Terrain
|-fieldend|move: Grassy Terrain
|upkeep
|turn|6
|inactive|FALL3N_DWN has 30 seconds left.
|inactive|Sassari89 has 30 seconds left.
|inactive|FALL3N_DWN has 20 seconds left.
|
|t:|1757027254
|switch|p2a: Incineroar|Incineroar, L50, F, shiny|100/100
|-ability|p2a: Incineroar|Intimidate|boost
|-unboost|p1a: Volcarona|atk|1
|-unboost|p1b: Electabuzz|atk|1
|move|p2b: Dragonite|Protect|p2b: Dragonite
|-singleturn|p2b: Dragonite|Protect
|move|p1b: Electabuzz|Follow Me|p1b: Electabuzz
|-singleturn|p1b: Electabuzz|move: Follow Me
|move|p1a: Volcarona|Heat Wave|p2b: Dragonite|[spread] p2a
|-activate|p2b: Dragonite|move: Protect
|-resisted|p2a: Incineroar
|-damage|p2a: Incineroar|75/100
|
|upkeep
|turn|7
|inactive|FALL3N_DWN has 30 seconds left.
|
|t:|1757027285
|move|p2a: Incineroar|Fake Out|p1a: Volcarona
|-crit|p1a: Volcarona
|-damage|p1a: Volcarona|81/100
|cant|p1a: Volcarona|flinch
|move|p1b: Electabuzz|Taunt|p2b: Dragonite
|-start|p2b: Dragonite|move: Taunt
|cant|p2b: Dragonite|move: Taunt|Haze
|
|-heal|p1a: Volcarona|87/100|[from] item: Leftovers
|upkeep
|turn|8
|
|t:|1757027309
|move|p1a: Volcarona|Heat Wave|p2a: Incineroar|[spread] p2a,p2b
|-resisted|p2a: Incineroar
|-resisted|p2b: Dragonite
|-damage|p2a: Incineroar|52/100
|-damage|p2b: Dragonite|0 fnt
|faint|p2b: Dragonite
|move|p1b: Electabuzz|Thunderbolt|p2a: Incineroar
|-damage|p2a: Incineroar|22/100
|move|p2a: Incineroar|Knock Off|p1a: Volcarona
|-resisted|p1a: Volcarona
|-damage|p1a: Volcarona|62/100
|-enditem|p1a: Volcarona|Leftovers|[from] move: Knock Off|[of] p2a: Incineroar
|
|upkeep
|
|t:|1757027321
|switch|p2b: Sneasler|Sneasler, L50, M|7/100
|turn|9
|inactive|Sassari89 has 30 seconds left.
|inactive|Sassari89 has 20 seconds left.
|inactive|Sassari89 has 15 seconds left.
|inactive|FALL3N_DWN has 30 seconds left.
|inactive|Sassari89 has 10 seconds left.
|
|t:|1757027375
|move|p1b: Electabuzz|Follow Me|p1b: Electabuzz
|-singleturn|p1b: Electabuzz|move: Follow Me
|move|p1a: Volcarona|Heat Wave|p2b: Sneasler|[spread] p2a,p2b
|-resisted|p2a: Incineroar
|-damage|p2a: Incineroar|0 fnt
|-damage|p2b: Sneasler|0 fnt
|faint|p2a: Incineroar
|faint|p2b: Sneasler
|
|upkeep
|-message|Sassari89 forfeited.
|raw|FALL3N_DWN's rating: 1149 → 1166(+17 for winning)
|raw|Sassari89's rating: 1040 → 1029(-11 for losing)
|
|win|FALL3N_DWN
|l|☆Sassari89
|player|p2|
