|j|☆shilips
|j|☆higigig
|html|shilipshigigig    
|uhtml|bestof|Game 1 of a best-of-3
|t:|1756604448
|gametype|doubles
|player|p1|shilips|ninjaboy|1064
|player|p2|higigig|sisandbro|1260
|gen|9
|tier|[Gen 9] VGC 2025 Reg H (Bo3)
|rated|
|rule|Species Clause: Limit one of each Pokémon
|rule|Item Clause: Limit 1 of each item
|clearpoke
|poke|p1|Inteleon, L50, M|
|poke|p1|Dragonite, L50, M|
|poke|p1|Indeedee, L50, M|
|poke|p1|Pelipper, L50, M|
|poke|p1|Archaludon, L50, M|
|poke|p1|Sinistcha, L50|
|poke|p2|Sneasler, L50, M|
|poke|p2|Gholdengo, L50|
|poke|p2|Amoonguss, L50, M|
|poke|p2|Incineroar, L50, F|
|poke|p2|Farigiraf, L50, M|
|poke|p2|Ursaluna-Bloodmoon, L50, M|
|teampreview|4
|showteam|p1|Inteleon||ChoiceSpecs|Torrent|IceBeam,SnipeShot,MuddyWater,VacuumWave|||M|||50|,,,,,Water]Dragonite||LoadedDice|InnerFocus|Protect,ScaleShot,IceSpinner,Haze|||M|||50|,,,,,Fairy]Indeedee||PsychicSeed|PsychicSurge|TrickRoom,ExpandingForce,HyperVoice,Protect|||M|||50|,,,,,Psychic]Pelipper||FocusSash|Drizzle|Hurricane,WeatherBall,Tailwind,WideGuard|||M|||50|,,,,,Grass]Archaludon||AssaultVest|Stamina|DragonPulse,ElectroShot,BodyPress,FlashCannon|||M|||50|,,,,,Bug]Sinistcha||SitrusBerry|Hospitality|MatchaGotcha,RagePowder,LifeDew,TrickRoom||||||50|,,,,,Dark
|showteam|p2|Sneasler||ClearAmulet|PoisonTouch|FakeOut,CloseCombat,DireClaw,Protect|||M|||50|,,,,,Water]Gholdengo||MetalCoat|GoodasGold|NastyPlot,MakeItRain,ShadowBall,Protect||||||50|,,,,,Water]Amoonguss||MentalHerb|Regenerator|SludgeBomb,PollenPuff,Spore,RagePowder|||M|||50|,,,,,Water]Incineroar||SafetyGoggles|Intimidate|FakeOut,FlareBlitz,KnockOff,PartingShot|||F|||50|,,,,,Ghost]Farigiraf||ThroatSpray|ArmorTail|HyperVoice,Psychic,TrickRoom,Protect|||M|||50|,,,,,Dragon]Ursaluna-Bloodmoon||LifeOrb|MindsEye|HyperVoice,EarthPower,BloodMoon,Protect|||M|||50|,,,,,Poison
|inactive|Battle timer is ON: inactive players will automatically lose when time's up. (requested by higigig)
|inactive|shilips has 60 seconds left.
|inactive|higigig has 60 seconds left.
|
|t:|1756604491
|teamsize|p1|4
|teamsize|p2|4
|start
|switch|p1a: Pelipper|Pelipper, L50, M, shiny|100/100
|switch|p1b: Inteleon|Inteleon, L50, M|100/100
|switch|p2a: Amoonguss|Amoonguss, L50, M|100/100
|switch|p2b: Farigiraf|Farigiraf, L50, M|100/100
|-weather|RainDance|[from] ability: Drizzle|[of] p1a: Pelipper
|turn|1
|inactive|shilips has 30 seconds left.
|inactive|higigig has 30 seconds left.
|inactive|shilips has 20 seconds left.
|inactive|higigig has 20 seconds left.
|inactive|shilips has 15 seconds left.
|inactive|higigig has 15 seconds left.
|inactive|higigig has 10 seconds left.
|
|t:|1756604536
|-terastallize|p1b: Inteleon|Water
|move|p2b: Farigiraf|Protect|p2b: Farigiraf
|-singleturn|p2b: Farigiraf|Protect
|move|p1b: Inteleon|Snipe Shot|p2b: Farigiraf
|-activate|p2b: Farigiraf|move: Protect
|move|p1a: Pelipper|Hurricane|p2a: Amoonguss
|-supereffective|p2a: Amoonguss
|-damage|p2a: Amoonguss|26/100
|move|p2a: Amoonguss|Spore|p1b: Inteleon
|-status|p1b: Inteleon|slp|[from] move: Spore
|
|-weather|RainDance|[upkeep]
|upkeep
|turn|2
|inactive|shilips has 30 seconds left.
|inactive|higigig has 30 seconds left.
|inactive|shilips has 20 seconds left.
|
|t:|1756604575
|switch|p1b: Sinistcha|Sinistcha, L50, shiny|100/100
|move|p1a: Pelipper|Hurricane|p2a: Amoonguss
|-supereffective|p2a: Amoonguss
|-damage|p2a: Amoonguss|0 fnt
|faint|p2a: Amoonguss
|move|p2b: Farigiraf|Trick Room|p2b: Farigiraf
|-fieldstart|move: Trick Room|[of] p2b: Farigiraf
|
|-weather|RainDance|[upkeep]
|upkeep
|
|t:|1756604596
|switch|p2a: Ursaluna|Ursaluna-Bloodmoon, L50, M|100/100
|turn|3
|
|t:|1756604612
|-terastallize|p2a: Ursaluna|Poison
|move|p2b: Farigiraf|Psychic|p1b: Sinistcha
|-damage|p1b: Sinistcha|63/100
|move|p2a: Ursaluna|Blood Moon|p1b: Sinistcha
|-damage|p1b: Sinistcha|0 fnt
|faint|p1b: Sinistcha
|-damage|p2a: Ursaluna|91/100|[from] item: Life Orb
|move|p1a: Pelipper|Weather Ball|p2a: Ursaluna
|-damage|p2a: Ursaluna|18/100
|
|-weather|RainDance|[upkeep]
|upkeep
|
|t:|1756604633
|switch|p1b: Inteleon|Inteleon, L50, M, tera:Water|100/100 slp
|turn|4
|
|t:|1756604643
|move|p2b: Farigiraf|Hyper Voice|p1b: Inteleon|[spread] p1a,p1b
|-damage|p1a: Pelipper|46/100
|-damage|p1b: Inteleon|51/100 slp
|-enditem|p2b: Farigiraf|Throat Spray
|-boost|p2b: Farigiraf|spa|1|[from] item: Throat Spray
|move|p2a: Ursaluna|Hyper Voice|p1b: Inteleon|[spread] p1a,p1b
|-damage|p1a: Pelipper|0 fnt
|-damage|p1b: Inteleon|0 fnt
|faint|p1a: Pelipper
|faint|p1b: Inteleon
|-damage|p2a: Ursaluna|9/100|[from] item: Life Orb
|
|-weather|RainDance|[upkeep]
|upkeep
|
|t:|1756604657
|switch|p1b: Indeedee|Indeedee, L50, M|100/100
|-fieldstart|move: Psychic Terrain|[from] ability: Psychic Surge|[of] p1b: Indeedee
|-enditem|p1b: Indeedee|Psychic Seed
|-boost|p1b: Indeedee|spd|1|[from] item: Psychic Seed
|turn|5
|
|t:|1756604667
|move|p1b: Indeedee|Protect|p1b: Indeedee
|-singleturn|p1b: Indeedee|Protect
|move|p2b: Farigiraf|Hyper Voice|p1b: Indeedee
|-activate|p1b: Indeedee|move: Protect
|move|p2a: Ursaluna|Hyper Voice|p1b: Indeedee
|-activate|p1b: Indeedee|move: Protect
|
|-weather|none
|upkeep
|turn|6
|
|t:|1756604680
|move|p1b: Indeedee|Protect||[still]
|-fail|p1b: Indeedee
|move|p2b: Farigiraf|Hyper Voice|p1b: Indeedee
|-damage|p1b: Indeedee|50/100
|move|p2a: Ursaluna|Blood Moon|p1b: Indeedee
|-damage|p1b: Indeedee|0 fnt
|faint|p1b: Indeedee
|-damage|p2a: Ursaluna|0 fnt|[from] item: Life Orb
|faint|p2a: Ursaluna
|
|win|higigig
