|j|☆OwlsGoHooot
|j|☆spodermees
|html|OwlsGoHoootspodermees    
|uhtml|bestof|Game 2 of a best-of-3
|t:|1782982538
|gametype|doubles
|player|p1|OwlsGoHooot|170|1073
|player|p2|spodermees|sailor|1015
|gen|9
|tier|[Gen 9 Champions] VGC 2026 Reg M-B (Bo3)
|rated|
|rule|Species Clause: Limit one of each Pokémon
|rule|Item Clause: Limit 1 of each item
|clearpoke
|poke|p1|Sinistcha, L50|
|poke|p1|Delphox, L50, F|
|poke|p1|Floette-Eternal, L50, F|
|poke|p1|Incineroar, L50, M|
|poke|p1|Basculegion, L50, M|
|poke|p1|Sneasler, L50, F|
|poke|p2|Swampert, L50, M|
|poke|p2|Raichu, L50, F|
|poke|p2|Pelipper, L50, F|
|poke|p2|Sableye, L50, F|
|poke|p2|Incineroar, L50, F|
|poke|p2|Archaludon, L50, M|
|teampreview|4
|showteam|p1|Sinistcha||KasibBerry|Hospitality|MatchaGotcha,RagePowder,LifeDew,TrickRoom|Bold|||||50|]Delphox||Delphoxite|Blaze|HeatWave,Psychic,NastyPlot,Protect|Modest||F|||50|]Floette-Eternal||Floettite|FlowerVeil|Moonblast,DrainingKiss,CalmMind,Protect|Modest||F|||50|]Incineroar||SitrusBerry|Intimidate|PartingShot,FakeOut,ThroatChop,FlareBlitz|Careful||M|||50|]Basculegion||FocusSash|Adaptability|Protect,Liquidation,AquaJet,LastRespects|Adamant||M|||50|]Sneasler||WhiteHerb|Unburden|FakeOut,DireClaw,CloseCombat,Protect|Adamant||F|||50|
|showteam|p2|Swampert||Swampertite|Damp|WaveCrash,Earthquake,IcePunch,Protect|Adamant||M|||50|]Raichu||RaichuniteY|LightningRod|FakeOut,Protect,ZapCannon,FocusBlast|Hasty||F|||50|]Pelipper||FocusSash|Drizzle|WeatherBall,Hurricane,WideGuard,Tailwind|Modest||F|||50|]Sableye||RoseliBerry|Prankster|RainDance,FakeOut,LightScreen,Reflect|Careful||F|||50|]Incineroar||SitrusBerry|Intimidate|FakeOut,PartingShot,WillOWisp,ThroatChop|Careful||F|||50|]Archaludon||Leftovers|Stamina|ElectroShot,DracoMeteor,FlashCannon,Protect|Modest||M|||50|
|inactive|Battle timer is ON: inactive players will automatically lose when time's up. (requested by spodermees)
|inactive|spodermees has 60 seconds left.
|
|t:|1782982569
|teamsize|p1|4
|teamsize|p2|4
|start
|switch|p1a: Sneasler|Sneasler, L50, F|100/100
|switch|p1b: Floette|Floette-Eternal, L50, F|100/100
|switch|p2a: Sableye|Sableye, L50, F|100/100
|switch|p2b: Swampert|Swampert, L50, M|100/100
|turn|1
|inactive|OwlsGoHooot has 30 seconds left.
|
|t:|1782982605
|detailschange|p1b: Floette|Floette-Mega, L50, F
|-mega|p1b: Floette|Floette|Floettite
|-ability|p1b: Floette|Fairy Aura
|detailschange|p2b: Swampert|Swampert-Mega, L50, M
|-mega|p2b: Swampert|Swampert|Swampertite
|move|p2b: Swampert|Protect|p2b: Swampert
|-singleturn|p2b: Swampert|Protect
|move|p1a: Sneasler|Fake Out|p2b: Swampert
|-activate|p2b: Swampert|move: Protect
|move|p2a: Sableye|Light Screen|p2a: Sableye
|-sidestart|p2: spodermees|move: Light Screen
|move|p1b: Floette|Moonblast|p2a: Sableye
|-supereffective|p2a: Sableye|1
|-enditem|p2a: Sableye|Roseli Berry|[eat]
|-enditem|p2a: Sableye|Roseli Berry|[weaken]
|-damage|p2a: Sableye|40/100
|
|upkeep
|turn|2
|
|t:|1782982625
|switch|p1a: Sinistcha|Sinistcha, L50|100/100
|switch|p2a: Pelipper|Pelipper, L50, F|100/100
|-weather|RainDance|[from] ability: Drizzle|[of] p2a: Pelipper
|move|p1b: Floette|Protect|p1b: Floette
|-singleturn|p1b: Floette|Protect
|move|p2b: Swampert|Earthquake|p1b: Floette|[spread] p1a
|-activate|p1b: Floette|move: Protect
|-immune|p2a: Pelipper
|-resisted|p1a: Sinistcha|1
|-damage|p1a: Sinistcha|82/100
|
|-weather|RainDance|[upkeep]
|upkeep
|turn|3
|inactive|OwlsGoHooot has 30 seconds left.
|
|t:|1782982657
|move|p2b: Swampert|Protect|p2b: Swampert
|-singleturn|p2b: Swampert|Protect
|move|p1a: Sinistcha|Rage Powder|p1a: Sinistcha
|-singleturn|p1a: Sinistcha|move: Rage Powder
|move|p1b: Floette|Moonblast|p2b: Swampert
|-activate|p2b: Swampert|move: Protect
|move|p2a: Pelipper|Hurricane|p1a: Sinistcha
|-supereffective|p1a: Sinistcha|1
|-damage|p1a: Sinistcha|0 fnt
|faint|p1a: Sinistcha
|
|-weather|RainDance|[upkeep]
|upkeep
|
|t:|1782982660
|switch|p1a: Basculegion|Basculegion, L50, M|100/100
|turn|4
|
|t:|1782982681
|move|p1b: Floette|Protect|p1b: Floette
|-singleturn|p1b: Floette|Protect
|move|p2b: Swampert|Earthquake|p1a: Basculegion|[spread] p1a
|-activate|p1b: Floette|move: Protect
|-immune|p2a: Pelipper
|-damage|p1a: Basculegion|34/100
|move|p1a: Basculegion|Liquidation|p2b: Swampert
|-damage|p2b: Swampert|10/100
|move|p2a: Pelipper|Hurricane|p1a: Basculegion
|-damage|p1a: Basculegion|0 fnt
|faint|p1a: Basculegion
|
|-weather|RainDance|[upkeep]
|upkeep
|
|t:|1782982683
|switch|p1a: Sneasler|Sneasler, L50, F|100/100
|turn|5
|
|t:|1782982701
|move|p2b: Swampert|Protect|p2b: Swampert
|-singleturn|p2b: Swampert|Protect
|move|p1a: Sneasler|Fake Out|p2a: Pelipper
|-damage|p2a: Pelipper|82/100
|move|p1b: Floette|Moonblast|p2a: Pelipper
|-damage|p2a: Pelipper|19/100
|cant|p2a: Pelipper|flinch
|
|-weather|RainDance|[upkeep]
|-sideend|p2: spodermees|move: Light Screen
|upkeep
|turn|6
|
|t:|1782982713
|move|p1a: Sneasler|Protect|p1a: Sneasler
|-singleturn|p1a: Sneasler|Protect
|move|p1b: Floette|Protect|p1b: Floette
|-singleturn|p1b: Floette|Protect
|move|p2b: Swampert|Earthquake|p1b: Floette|[spread] 
|-activate|p1a: Sneasler|move: Protect
|-activate|p1b: Floette|move: Protect
|-immune|p2a: Pelipper
|move|p2a: Pelipper|Weather Ball|p1b: Floette
|-activate|p1b: Floette|move: Protect
|
|-weather|none
|upkeep
|turn|7
|
|t:|1782982726
|move|p2b: Swampert|Protect|p2b: Swampert
|-singleturn|p2b: Swampert|Protect
|move|p1a: Sneasler|Close Combat|p2a: Pelipper
|-resisted|p2a: Pelipper|1
|-damage|p2a: Pelipper|0 fnt
|-unboost|p1a: Sneasler|def|1
|-unboost|p1a: Sneasler|spd|1
|faint|p2a: Pelipper
|-enditem|p1a: Sneasler|White Herb
|-clearnegativeboost|p1a: Sneasler|[silent]
|move|p1b: Floette|Moonblast|p2b: Swampert
|-activate|p2b: Swampert|move: Protect
|
|upkeep
|
|t:|1782982732
|switch|p2a: Sableye|Sableye, L50, F|40/100
|turn|8
|
|t:|1782982746
|move|p2a: Sableye|Fake Out|p1a: Sneasler
|-damage|p1a: Sneasler|86/100
|cant|p1a: Sneasler|flinch
|move|p1b: Floette|Moonblast|p2a: Sableye
|-supereffective|p2a: Sableye|1
|-damage|p2a: Sableye|0 fnt
|faint|p2a: Sableye
|move|p2b: Swampert|Earthquake|p1b: Floette|[spread] p1a,p1b
|-supereffective|p1a: Sneasler|1
|-damage|p1a: Sneasler|0 fnt
|-damage|p1b: Floette|49/100
|faint|p1a: Sneasler
|
|upkeep
|
|t:|1782982751
|switch|p2a: Archaludon|Archaludon, L50, M|100/100
|turn|9
|
|t:|1782982769
|move|p1b: Floette|Moonblast|p2a: Archaludon
|-damage|p2a: Archaludon|26/100
|-ability|p2a: Archaludon|Stamina|boost
|-boost|p2a: Archaludon|def|1
|move|p2b: Swampert|Wave Crash|p1b: Floette
|-damage|p1b: Floette|0 fnt
|faint|p1b: Floette
|-damage|p2b: Swampert|0 fnt|[from] Recoil
|faint|p2b: Swampert
|
|win|spodermees
||OwlsGoHooot is ready for game 3.
||spodermees is ready for game 3.
|uhtml|next|Next: Game 3 of 3
|l|☆spodermees
|player|p2|
