|j|☆n3ogotmyback
|j|☆katydidnt
|html|n3ogotmybackkatydidnt    
|uhtml|bestof|Game 1 of a best-of-3
|t:|1782249373
|gametype|doubles
|player|p1|n3ogotmyback|brycenman|
|player|p2|katydidnt|170|
|gen|9
|tier|[Gen 9 Champions] VGC 2026 Reg M-B (Bo3)
|rule|Species Clause: Limit one of each Pokémon
|rule|Item Clause: Limit 1 of each item
|clearpoke
|poke|p1|Swampert, L50, M|
|poke|p1|Raichu, L50, M|
|poke|p1|Pelipper, L50, M|
|poke|p1|Basculegion, L50, M|
|poke|p1|Garchomp, L50, F|
|poke|p1|Metagross, L50|
|poke|p2|Staraptor, L50, M|
|poke|p2|Incineroar, L50, M|
|poke|p2|Dragalge, L50, F|
|poke|p2|Hydreigon, L50, F|
|poke|p2|Sinistcha, L50|
|poke|p2|Kingambit, L50, F|
|teampreview|4
|showteam|p1|Swampert||Swampertite|Torrent|WaveCrash,HighHorsepower,IcePunch,Protect|Adamant||M|||50|]Raichu||FocusSash|LightningRod|Discharge,VoltSwitch,FakeOut,FocusBlast|Timid||M|||50|]Pelipper||SitrusBerry|Drizzle|Hurricane,Tailwind,WeatherBall,Protect|Bold||M|||50|]Basculegion||ChoiceScarf|Adaptability|WaveCrash,FlipTurn,LastRespects,AquaJet|Jolly||M|||50|]Garchomp||LifeOrb|RoughSkin|DragonClaw,Earthquake,RockSlide,Protect|Adamant||F|||50|]Metagross||Metagrossite|ClearBody|Protect,MeteorMash,PsychicFangs,IcePunch|Jolly|||||50|
|showteam|p2|Staraptor||Staraptite|Intimidate|CloseCombat,BraveBird,Roost,Protect|Jolly||M|||50|]Incineroar||SitrusBerry|Intimidate|FakeOut,PartingShot,FlareBlitz,ThroatChop|Careful||M|||50|]Dragalge||Dragalgite|Adaptability|DracoMeteor,SludgeBomb,Toxic,Protect|Calm||F|||50|]Hydreigon||ChoiceScarf|Levitate|DracoMeteor,Snarl,DarkPulse,EarthPower|Modest||F|||50|]Sinistcha||KasibBerry|Hospitality|MatchaGotcha,RagePowder,LifeDew,TrickRoom|Calm|||||50|]Kingambit||ChopleBerry|Defiant|KowtowCleave,SuckerPunch,LowKick,Protect|Adamant||F|||50|
|c|☆n3ogotmyback|gl mate
|c|☆katydidnt|glhf!
|
|t:|1782249432
|teamsize|p1|4
|teamsize|p2|4
|start
|switch|p1a: Raichu|Raichu, L50, M|100/100
|switch|p1b: Metagross|Metagross, L50|100/100
|switch|p2a: Sinistcha|Sinistcha, L50|100/100
|switch|p2b: Kingambit|Kingambit, L50, F|100/100
|turn|1
|
|t:|1782249452
|detailschange|p1b: Metagross|Metagross-Mega, L50
|-mega|p1b: Metagross|Metagross|Metagrossite
|move|p1b: Metagross|Protect|p1b: Metagross
|-singleturn|p1b: Metagross|Protect
|move|p2b: Kingambit|Sucker Punch||[still]
|-fail|p2b: Kingambit
|move|p1a: Raichu|Volt Switch|p2a: Sinistcha
|-resisted|p2a: Sinistcha|1
|-damage|p2a: Sinistcha|87/100
|
|t:|1782249463
|switch|p1a: Garchomp|Garchomp, L50, F|100/100|[from] Volt Switch
|move|p2a: Sinistcha|Trick Room|p2a: Sinistcha
|-fieldstart|move: Trick Room|[of] p2a: Sinistcha
|
|upkeep
|turn|2
|
|t:|1782249487
|move|p2b: Kingambit|Protect|p2b: Kingambit
|-singleturn|p2b: Kingambit|Protect
|move|p2a: Sinistcha|Matcha Gotcha|p1a: Garchomp|[spread] p1a,p1b
|-resisted|p1b: Metagross|1
|-damage|p1a: Garchomp|77/100
|-heal|p2a: Sinistcha|100/100|[from] drain|[of] p1a: Garchomp
|-damage|p1b: Metagross|89/100
|move|p1a: Garchomp|Dragon Claw|p2b: Kingambit
|-activate|p2b: Kingambit|move: Protect
|move|p1b: Metagross|Ice Punch|p2a: Sinistcha
|-supereffective|p2a: Sinistcha|1
|-damage|p2a: Sinistcha|38/100
|
|upkeep
|turn|3
|
|t:|1782249509
|switch|p1b: Raichu|Raichu, L50, M|100/100
|move|p2b: Kingambit|Kowtow Cleave|p1b: Raichu
|-enditem|p1b: Raichu|Focus Sash
|-damage|p1b: Raichu|1/100
|move|p2a: Sinistcha|Matcha Gotcha|p1b: Raichu|[spread] p1a
|-miss|p2a: Sinistcha|p1b: Raichu
|-damage|p1a: Garchomp|53/100
|-heal|p2a: Sinistcha|51/100|[from] drain|[of] p1a: Garchomp
|move|p1a: Garchomp|Earthquake|p2a: Sinistcha|[spread] p1b,p2a,p2b
|-supereffective|p1b: Raichu|1
|-resisted|p2a: Sinistcha|1
|-supereffective|p2b: Kingambit|1
|-damage|p1b: Raichu|0 fnt
|-damage|p2a: Sinistcha|29/100
|-damage|p2b: Kingambit|16/100
|faint|p1b: Raichu
|-damage|p1a: Garchomp|43/100|[from] item: Life Orb
|
|upkeep
|
|t:|1782249523
|switch|p1b: Basculegion|Basculegion, L50, M|100/100
|turn|4
|
|t:|1782249536
|switch|p1b: Metagross|Metagross-Mega, L50|89/100
|move|p2b: Kingambit|Sucker Punch||[still]
|-fail|p2b: Kingambit
|move|p2a: Sinistcha|Matcha Gotcha|p1b: Metagross|[spread] p1a,p1b
|-resisted|p1b: Metagross|1
|-damage|p1a: Garchomp|17/100
|-heal|p2a: Sinistcha|43/100|[from] drain|[of] p1a: Garchomp
|-damage|p1b: Metagross|77/100
|-heal|p2a: Sinistcha|49/100|[from] drain|[of] p1b: Metagross
|move|p1a: Garchomp|Earthquake|p2a: Sinistcha|[spread] p1b,p2a,p2b
|-supereffective|p1b: Metagross|1
|-resisted|p2a: Sinistcha|1
|-supereffective|p2b: Kingambit|1
|-damage|p1b: Metagross|0 fnt
|-damage|p2a: Sinistcha|26/100
|-damage|p2b: Kingambit|0 fnt
|faint|p1b: Metagross
|faint|p2b: Kingambit
|-damage|p1a: Garchomp|7/100|[from] item: Life Orb
|
|upkeep
|c|☆katydidnt|nice switch!
|c|☆n3ogotmyback|never
|c|☆n3ogotmyback|i have no way to deal with king gambit easily
|
|t:|1782249563
|switch|p2b: Incineroar|Incineroar, L50, M|100/100
|switch|p1b: Basculegion|Basculegion, L50, M|100/100
|-ability|p2b: Incineroar|Intimidate|boost
|-unboost|p1a: Garchomp|atk|1
|-unboost|p1b: Basculegion|atk|1
|turn|5
|
|t:|1782249575
|move|p1a: Garchomp|Protect|p1a: Garchomp
|-singleturn|p1a: Garchomp|Protect
|move|p2b: Incineroar|Throat Chop|p1b: Basculegion
|-supereffective|p1b: Basculegion|1
|-damage|p1b: Basculegion|13/100
|-start|p1b: Basculegion|Throat Chop|[silent]
|move|p2a: Sinistcha|Matcha Gotcha|p1a: Garchomp|[spread] p1b
|-activate|p1a: Garchomp|move: Protect
|-supereffective|p1b: Basculegion|1
|-damage|p1b: Basculegion|0 fnt
|-heal|p2a: Sinistcha|34/100|[from] drain|[of] p1b: Basculegion
|faint|p1b: Basculegion
|
|-fieldend|move: Trick Room
|upkeep
|turn|6
|
|t:|1782249591
|move|p2a: Sinistcha|Rage Powder|p2a: Sinistcha
|-singleturn|p2a: Sinistcha|move: Rage Powder
|move|p1a: Garchomp|Earthquake|p2a: Sinistcha|[spread] p2a,p2b
|-resisted|p2a: Sinistcha|1
|-crit|p2a: Sinistcha
|-supereffective|p2b: Incineroar|1
|-damage|p2a: Sinistcha|0 fnt
|-damage|p2b: Incineroar|38/100
|-enditem|p2b: Incineroar|Sitrus Berry|[eat]
|-heal|p2b: Incineroar|62/100|[from] item: Sitrus Berry
|faint|p2a: Sinistcha
|-damage|p1a: Garchomp|0 fnt|[from] item: Life Orb
|faint|p1a: Garchomp
|
|win|katydidnt
||n3ogotmyback is ready for game 2.
|inactive|katydidnt has 30 seconds to confirm battle start!
||katydidnt is ready for game 2.
|uhtml|next|Next: Game 2 of 3
