|j|☆EgoJJ
|j|☆FlareIsSolar
|html|EgoJJFlareIsSolar    
|uhtml|bestof|Game 2 of a best-of-3
|t:|1756941552
|gametype|doubles
|player|p1|EgoJJ|brock|1167
|player|p2|FlareIsSolar|volkner|1285
|gen|9
|tier|[Gen 9] VGC 2025 Reg H (Bo3)
|rated|
|rule|Species Clause: Limit one of each Pokémon
|rule|Item Clause: Limit 1 of each item
|clearpoke
|poke|p1|Hatterene, L50, F|
|poke|p1|Indeedee-F, L50, F|
|poke|p1|Ursaluna, L50, M|
|poke|p1|Torkoal, L50, M|
|poke|p1|Lilligant-Hisui, L50, F|
|poke|p1|Gallade, L50, M|
|poke|p2|Tyranitar, L50, M|
|poke|p2|Excadrill, L50, F|
|poke|p2|Kommo-o, L50, F|
|poke|p2|Basculegion, L50, M|
|poke|p2|Amoonguss, L50, M|
|poke|p2|Incineroar, L50, M|
|teampreview|4
|showteam|p1|Hatterene||LifeOrb|MagicBounce|ExpandingForce,TrickRoom,DazzlingGleam,Protect|||F|||50|,,,,,Psychic]Indeedee-F||PsychicSeed|PsychicSurge|TrickRoom,FollowMe,HelpingHand,DazzlingGleam|||F|||50|,,,,,Fire]Ursaluna||FlameOrb|Guts|HeadlongRush,Facade,SwordsDance,Protect|||M|||50|,,,,,Ghost]Torkoal||ChoiceSpecs|Drought|Eruption,HeatWave,WeatherBall,EarthPower|||M|||50|,,,,,Fire]Lilligant-Hisui||FocusSash|Chlorophyll|SolarBlade,SleepPowder,CloseCombat,AfterYou|||F|||50|,,,,,Ghost]Gallade||ClearAmulet|Sharpness|PsychoCut,TrickRoom,SacredSword,WideGuard|||M|||50|,,,,,Grass
|showteam|p2|Tyranitar||AssaultVest|SandStream|KnockOff,RockSlide,LowKick,TeraBlast|||M|||50|,,,,,Flying]Excadrill||FocusSash|SandRush|Earthquake,HighHorsepower,IronHead,Protect|||F|||50|,,,,,Ground]Kommo-o||ThroatSpray|Overcoat|ClangorousSoul,ClangingScales,AuraSphere,Protect|||F|||50|,,,,,Steel]Basculegion||ChoiceScarf|Adaptability|WaveCrash,LastRespects,FlipTurn,AquaJet|||M|||50|,,,,,Grass]Amoonguss||SitrusBerry|Regenerator|PollenPuff,Spore,RagePowder,Protect|||M|||50|,,,,,Water]Incineroar||SafetyGoggles|Intimidate|KnockOff,FlareBlitz,PartingShot,FakeOut|||M|||50|,,,,,Ghost
|inactive|Battle timer is ON: inactive players will automatically lose when time's up. (requested by EgoJJ)
|inactive|EgoJJ has 60 seconds left.
|inactive|FlareIsSolar has 60 seconds left.
|inactive|FlareIsSolar has 30 seconds left.
|
|t:|1756941617
|teamsize|p1|4
|teamsize|p2|4
|start
|switch|p1a: 紫竽敲可愛|Hatterene, L50, F, shiny|100/100
|switch|p1b: 紫竽超可愛|Indeedee-F, L50, F, shiny|100/100
|switch|p2a: Tyranitar|Tyranitar, L50, M|100/100
|switch|p2b: Amoonguss|Amoonguss, L50, M|100/100
|-weather|Sandstorm|[from] ability: Sand Stream|[of] p2a: Tyranitar
|-fieldstart|move: Psychic Terrain|[from] ability: Psychic Surge|[of] p1b: 紫竽超可愛
|-enditem|p1b: 紫竽超可愛|Psychic Seed
|-boost|p1b: 紫竽超可愛|spd|1|[from] item: Psychic Seed
|turn|1
|inactive|EgoJJ has 30 seconds left.
|inactive|EgoJJ has 20 seconds left.
|inactive|EgoJJ has 15 seconds left.
|
|t:|1756941662
|switch|p2b: Incineroar|Incineroar, L50, M|100/100
|-ability|p2b: Incineroar|Intimidate|boost
|-unboost|p1a: 紫竽敲可愛|atk|1
|-unboost|p1b: 紫竽超可愛|atk|1
|move|p1b: 紫竽超可愛|Follow Me|p1b: 紫竽超可愛
|-singleturn|p1b: 紫竽超可愛|move: Follow Me
|move|p2a: Tyranitar|Knock Off|p1b: 紫竽超可愛
|-supereffective|p1b: 紫竽超可愛
|-damage|p1b: 紫竽超可愛|28/100
|move|p1a: 紫竽敲可愛|Trick Room|p1a: 紫竽敲可愛
|-fieldstart|move: Trick Room|[of] p1a: 紫竽敲可愛
|
|-weather|Sandstorm|[upkeep]
|-damage|p1a: 紫竽敲可愛|95/100|[from] Sandstorm
|-damage|p1b: 紫竽超可愛|22/100|[from] Sandstorm
|upkeep
|turn|2
|inactive|EgoJJ has 30 seconds left.
|inactive|EgoJJ has 20 seconds left.
|inactive|EgoJJ has 15 seconds left.
|
|t:|1756941705
|move|p1b: 紫竽超可愛|Follow Me|p1b: 紫竽超可愛
|-singleturn|p1b: 紫竽超可愛|move: Follow Me
|move|p1a: 紫竽敲可愛|Dazzling Gleam|p2b: Incineroar|[spread] p2a,p2b
|-supereffective|p2a: Tyranitar
|-damage|p2a: Tyranitar|62/100
|-damage|p2b: Incineroar|57/100
|-damage|p1a: 紫竽敲可愛|85/100|[from] item: Life Orb
|move|p2b: Incineroar|Parting Shot|p1b: 紫竽超可愛
|-unboost|p1b: 紫竽超可愛|atk|1
|-unboost|p1b: 紫竽超可愛|spa|1
|
|t:|1756941710
|switch|p2b: Amoonguss|Amoonguss, L50, M|100/100|[from] Parting Shot
|move|p2a: Tyranitar|Rock Slide|p1a: 紫竽敲可愛|[spread] p1a,p1b
|-crit|p1a: 紫竽敲可愛
|-damage|p1a: 紫竽敲可愛|38/100
|-damage|p1b: 紫竽超可愛|0 fnt
|faint|p1b: 紫竽超可愛
|
|-weather|Sandstorm|[upkeep]
|-damage|p1a: 紫竽敲可愛|32/100|[from] Sandstorm
|-damage|p2b: Amoonguss|95/100|[from] Sandstorm
|upkeep
|
|t:|1756941718
|switch|p1b: 太樂巴戈斯|Torkoal, L50, M, shiny|100/100
|-weather|SunnyDay|[from] ability: Drought|[of] p1b: 太樂巴戈斯
|turn|3
|
|t:|1756941723
|switch|p2a: Incineroar|Incineroar, L50, M|57/100
|-ability|p2a: Incineroar|Intimidate|boost
|-unboost|p1a: 紫竽敲可愛|atk|1
|-unboost|p1b: 太樂巴戈斯|atk|1
|-terastallize|p1a: 紫竽敲可愛|Psychic
|move|p2b: Amoonguss|Protect|p2b: Amoonguss
|-singleturn|p2b: Amoonguss|Protect
|move|p1b: 太樂巴戈斯|Eruption|p2b: Amoonguss|[spread] p2a
|-activate|p2b: Amoonguss|move: Protect
|-resisted|p2a: Incineroar
|-damage|p2a: Incineroar|13/100
|move|p1a: 紫竽敲可愛|Expanding Force|p2a: Incineroar|[spread] 
|-activate|p2b: Amoonguss|move: Protect
|-immune|p2a: Incineroar
|
|-weather|SunnyDay|[upkeep]
|upkeep
|turn|4
|
|t:|1756941737
|switch|p2b: Tyranitar|Tyranitar, L50, M|62/100
|-weather|Sandstorm|[from] ability: Sand Stream|[of] p2b: Tyranitar
|move|p1b: 太樂巴戈斯|Eruption|p2b: Tyranitar|[spread] p2a,p2b
|-resisted|p2a: Incineroar
|-resisted|p2b: Tyranitar
|-damage|p2a: Incineroar|0 fnt
|-damage|p2b: Tyranitar|47/100
|faint|p2a: Incineroar
|move|p1a: 紫竽敲可愛|Expanding Force|p2b: Tyranitar
|-immune|p2b: Tyranitar
|
|-weather|Sandstorm|[upkeep]
|-damage|p1b: 太樂巴戈斯|94/100|[from] Sandstorm
|-damage|p1a: 紫竽敲可愛|26/100|[from] Sandstorm
|upkeep
|
|t:|1756941742
|switch|p2a: Excadrill|Excadrill, L50, F|100/100
|turn|5
|
|t:|1756941763
|switch|p1b: 紫竽親衛隊|Gallade, L50, M, shiny|100/100
|move|p2a: Excadrill|Protect|p2a: Excadrill
|-singleturn|p2a: Excadrill|Protect
|move|p1a: 紫竽敲可愛|Expanding Force|p2b: Tyranitar|[spread] 
|-activate|p2a: Excadrill|move: Protect
|-immune|p2b: Tyranitar
|move|p2b: Tyranitar|Knock Off|p1b: 紫竽親衛隊
|-damage|p1b: 紫竽親衛隊|30/100
|-enditem|p1b: 紫竽親衛隊|Clear Amulet|[from] move: Knock Off|[of] p2b: Tyranitar
|
|-weather|Sandstorm|[upkeep]
|-damage|p1a: 紫竽敲可愛|21/100|[from] Sandstorm
|-damage|p1b: 紫竽親衛隊|24/100|[from] Sandstorm
|-fieldend|move: Trick Room
|-fieldend|move: Psychic Terrain
|upkeep
|turn|6
|-message|EgoJJ forfeited.
|
|win|FlareIsSolar
|raw|EgoJJ's rating: 1167 → 1150(-17 for losing)
|raw|FlareIsSolar's rating: 1285 → 1302(+17 for winning)
