|j|☆SideB33563356
|j|☆WrathofSharath
|html|SideB33563356WrathofSharath    
|uhtml|bestof|Game 1 of a best-of-3
|t:|1784169879
|gametype|doubles
|player|p1|SideB33563356|1|
|player|p2|WrathofSharath|alder|
|gen|9
|tier|[Gen 9 Champions] VGC 2026 Reg M-B (Bo3)
|rule|Species Clause: Limit one of each Pokémon
|rule|Item Clause: Limit 1 of each item
|clearpoke
|poke|p1|Metagross, L50|
|poke|p1|Talonflame, L50, F|
|poke|p1|Basculegion, L50, M|
|poke|p1|Kingambit, L50, M|
|poke|p1|Hydreigon, L50, M|
|poke|p1|Ninetales-Alola, L50, M|
|poke|p2|Gholdengo, L50, shiny|
|poke|p2|Floette-Eternal, L50, F|
|poke|p2|Sneasler, L50, F, shiny|
|poke|p2|Garchomp, L50, F|
|poke|p2|Incineroar, L50, M, shiny|
|poke|p2|Talonflame, L50, F, shiny|
|teampreview|4
|showteam|p1|Metagross||Metagrossite|ClearBody|MeteorMash,PsychicFangs,BulletPunch,Protect|Jolly|||||50|]Talonflame||SharpBeak|GaleWings|BraveBird,WillOWisp,Tailwind,Protect|Jolly||F|||50|]Basculegion||LifeOrb|Adaptability|WaveCrash,LastRespects,AquaJet,Protect|Jolly||M|||50|]Kingambit||BlackGlasses|Defiant|KowtowCleave,LowKick,SuckerPunch,Protect|Adamant||M|||50|]Hydreigon||ChoiceScarf|Levitate|DarkPulse,DracoMeteor,Snarl,EarthPower|Modest||M|||50|]Ninetales-Alola||FocusSash|SnowWarning|Blizzard,FreezeDry,Encore,Protect|Timid||M|||50|
|showteam|p2|Gholdengo||ChoiceScarf|GoodasGold|MakeItRain,ShadowBall,Thunderbolt,Psychic|Modest|||||50|]Floette-Eternal||Floettite|FlowerVeil|Moonblast,DazzlingGleam,CalmMind,Protect|Timid||F|||50|]Sneasler||WhiteHerb|Unburden|DireClaw,FakeOut,Protect,CloseCombat|Adamant||F|||50|]Garchomp||LifeOrb|RoughSkin|Protect,Earthquake,DragonClaw,RockSlide|Jolly||F|||50|]Incineroar||SitrusBerry|Intimidate|FakeOut,FlareBlitz,ThroatChop,Protect|Adamant||M|||50|]Talonflame||SharpBeak|GaleWings|BraveBird,Tailwind,SunnyDay,Taunt|Jolly||F|||50|
|
|t:|1784169930
|teamsize|p1|4
|teamsize|p2|4
|start
|switch|p1a: Trae Young|Talonflame, L50, F|100/100
|switch|p1b: Marty|Kingambit, L50, M|100/100
|switch|p2a: Ronaldo|Sneasler, L50, F, shiny|100/100
|switch|p2b: Hey Jude|Garchomp, L50, F|100/100
|turn|1
|
|t:|1784169968
|move|p1a: Trae Young|Protect|p1a: Trae Young
|-singleturn|p1a: Trae Young|Protect
|move|p2a: Ronaldo|Protect|p2a: Ronaldo
|-singleturn|p2a: Ronaldo|Protect
|move|p2b: Hey Jude|Rock Slide|p1b: Marty|[spread] p1b
|-activate|p1a: Trae Young|move: Protect
|-resisted|p1b: Marty|1
|-damage|p1b: Marty|90/100
|-damage|p2b: Hey Jude|90/100|[from] item: Life Orb
|move|p1b: Marty|Kowtow Cleave|p2b: Hey Jude
|-damage|p2b: Hey Jude|31/100
|-damage|p1b: Marty|78/100|[from] ability: Rough Skin|[of] p2b: Hey Jude
|
|upkeep
|turn|2
|
|t:|1784169999
|switch|p2b: I feel Spanish|Incineroar, L50, M, shiny|100/100
|-ability|p2b: I feel Spanish|Intimidate|boost
|-unboost|p1a: Trae Young|atk|1
|-unboost|p1b: Marty|atk|1
|-ability|p1b: Marty|Defiant|boost
|-boost|p1b: Marty|atk|2
|move|p1a: Trae Young|Brave Bird|p2a: Ronaldo
|-supereffective|p2a: Ronaldo|1
|-damage|p2a: Ronaldo|0 fnt
|faint|p2a: Ronaldo
|-damage|p1a: Trae Young|66/100|[from] Recoil
|move|p1b: Marty|Sucker Punch||[still]
|-fail|p1b: Marty
|
|upkeep
|
|t:|1784170013
|switch|p2a: Hey Jude|Garchomp, L50, F|31/100
|turn|3
|
|t:|1784170054
|move|p2a: Hey Jude|Protect|p2a: Hey Jude
|-singleturn|p2a: Hey Jude|Protect
|move|p1b: Marty|Protect|p1b: Marty
|-singleturn|p1b: Marty|Protect
|move|p1a: Trae Young|Brave Bird|p2a: Hey Jude
|-activate|p2a: Hey Jude|move: Protect
|move|p2b: I feel Spanish|Flare Blitz|p1b: Marty
|-activate|p1b: Marty|move: Protect
|
|upkeep
|turn|4
|
|t:|1784170079
|switch|p2a: The Dictator|Gholdengo, L50, shiny|100/100
|move|p1a: Trae Young|Tailwind|p1a: Trae Young
|-sidestart|p1: SideB33563356|move: Tailwind
|move|p1b: Marty|Low Kick|p2b: I feel Spanish
|-supereffective|p2b: I feel Spanish|1
|-damage|p2b: I feel Spanish|13/100
|-enditem|p2b: I feel Spanish|Sitrus Berry|[eat]
|-heal|p2b: I feel Spanish|38/100|[from] item: Sitrus Berry
|move|p2b: I feel Spanish|Flare Blitz|p1b: Marty
|-supereffective|p1b: Marty|1
|-damage|p1b: Marty|0 fnt
|faint|p1b: Marty
|-damage|p2b: I feel Spanish|12/100|[from] Recoil
|
|upkeep
|
|t:|1784170115
|switch|p1b: Computah|Metagross, L50|100/100
|turn|5
|
|t:|1784170132
|detailschange|p1b: Computah|Metagross-Mega, L50
|-mega|p1b: Computah|Metagross|Metagrossite
|move|p1a: Trae Young|Brave Bird|p2b: I feel Spanish
|-damage|p2b: I feel Spanish|0 fnt
|faint|p2b: I feel Spanish
|-damage|p1a: Trae Young|60/100|[from] Recoil
|move|p1b: Computah|Meteor Mash|p2a: The Dictator
|-resisted|p2a: The Dictator|1
|-damage|p2a: The Dictator|62/100
|move|p2a: The Dictator|Shadow Ball|p1b: Computah
|-supereffective|p1b: Computah|1
|-damage|p1b: Computah|9/100
|
|upkeep
|
|t:|1784170143
|switch|p2b: Hey Jude|Garchomp, L50, F|31/100
|turn|6
|
|t:|1784170181
|move|p2b: Hey Jude|Protect|p2b: Hey Jude
|-singleturn|p2b: Hey Jude|Protect
|move|p1a: Trae Young|Brave Bird|p2b: Hey Jude
|-activate|p2b: Hey Jude|move: Protect
|move|p1b: Computah|Psychic Fangs|p2a: The Dictator
|-resisted|p2a: The Dictator|1
|-damage|p2a: The Dictator|30/100
|move|p2a: The Dictator|Shadow Ball|p1a: Trae Young
|-damage|p1a: Trae Young|0 fnt
|faint|p1a: Trae Young
|
|upkeep
|
|t:|1784170193
|switch|p1a: Texas Power Crisis|Ninetales-Alola, L50, M|100/100
|-weather|Snowscape|[from] ability: Snow Warning|[of] p1a: Texas Power Crisis
|turn|7
|
|t:|1784170214
|move|p1b: Computah|Psychic Fangs|p2a: The Dictator
|-resisted|p2a: The Dictator|1
|-damage|p2a: The Dictator|0 fnt
|faint|p2a: The Dictator
|move|p1a: Texas Power Crisis|Blizzard|p2b: Hey Jude
|-supereffective|p2b: Hey Jude|2
|-damage|p2b: Hey Jude|0 fnt
|faint|p2b: Hey Jude
|
|win|SideB33563356
