|j|☆HutchencemanR
|j|☆BlueLockVI
|html|HutchencemanRBlueLockVI    
|uhtml|bestof|Game 3 of a best-of-3
|t:|1754513814
|gametype|doubles
|player|p1|HutchencemanR|acetrainersnow|1187
|player|p2|BlueLockVI|alder|1193
|gen|9
|tier|[Gen 9] VGC 2025 Reg H (Bo3)
|rated|
|rule|Species Clause: Limit one of each Pokémon
|rule|Item Clause: Limit 1 of each item
|clearpoke
|poke|p1|Amoonguss, L50, M|
|poke|p1|Primarina, L50, M|
|poke|p1|Gholdengo, L50|
|poke|p1|Sneasler, L50, M|
|poke|p1|Porygon2, L50|
|poke|p1|Incineroar, L50, M|
|poke|p2|Tyranitar, L50, M|
|poke|p2|Kommo-o, L50, M|
|poke|p2|Rillaboom, L50, M|
|poke|p2|Volcarona, L50, M|
|poke|p2|Whimsicott, L50, F|
|poke|p2|Clefable, L50, M|
|teampreview|4
|showteam|p1|Amoonguss||SitrusBerry|Regenerator|Protect,Spore,RagePowder,PollenPuff|||M|||50|,,,,,Dark]Primarina||ChoiceSpecs|LiquidVoice|DazzlingGleam,Moonblast,Haze,HyperVoice|||M|||50|,,,,,Poison]Gholdengo||Leftovers|GoodasGold|Protect,MakeItRain,ShadowBall,NastyPlot||||||50|,,,,,Dragon]Sneasler||FocusSash|PoisonTouch|CloseCombat,FakeOut,ThroatChop,DireClaw|||M|||50|,,,,,Stellar]Porygon2||Eviolite|Download|TeraBlast,IceBeam,Recover,TrickRoom||||||50|,,,,,Ground]Incineroar||AssaultVest|Intimidate|FakeOut,Uturn,FlareBlitz,KnockOff|||M|||50|,,,,,Grass
|showteam|p2|Tyranitar||AssaultVest|SandStream|KnockOff,RockSlide,LowKick,TeraBlast|||M|||50|,,,,,Flying]Kommo-o||ChoiceSpecs|Overcoat|DracoMeteor,ClangingScales,Flamethrower,AuraSphere|||M|||50|,,,,,Fire]Rillaboom||MiracleSeed|GrassySurge|FakeOut,Protect,GrassyGlide,WoodHammer|||M|||50|,,,,,Grass]Volcarona||LumBerry|FlameBody|Flamethrower,GigaDrain,QuiverDance,Protect|||M|||50|,,,,,Dragon]Whimsicott||CovertCloak|Prankster|Tailwind,Moonblast,Encore,FakeTears|||F|||50|,,,,,Fire]Clefable||SitrusBerry|Unaware|Protect,FollowMe,LifeDew,Moonblast|||M|||50|,,,,,Water
|inactive|Battle timer is ON: inactive players will automatically lose when time's up. (requested by BlueLockVI)
|j| Blacksummer
|
|t:|1754513833
|teamsize|p1|4
|teamsize|p2|4
|start
|switch|p1a: Incineroar|Incineroar, L50, M, shiny|100/100
|switch|p1b: Porygon2|Porygon2, L50|100/100
|switch|p2a: Volcarona|Volcarona, L50, M, shiny|100/100
|switch|p2b: Tyranitar|Tyranitar, L50, M|100/100
|-weather|Sandstorm|[from] ability: Sand Stream|[of] p2b: Tyranitar
|-ability|p1a: Incineroar|Intimidate|boost
|-unboost|p2a: Volcarona|atk|1
|-unboost|p2b: Tyranitar|atk|1
|-ability|p1b: Porygon2|Download|boost
|-boost|p1b: Porygon2|atk|1
|turn|1
|inactive|HutchencemanR has 30 seconds left.
|
|t:|1754513864
|move|p1a: Incineroar|Fake Out|p2b: Tyranitar
|-resisted|p2b: Tyranitar
|-damage|p2b: Tyranitar|96/100
|move|p2a: Volcarona|Flamethrower|p1b: Porygon2
|-damage|p1b: Porygon2|74/100
|cant|p2b: Tyranitar|flinch
|move|p1b: Porygon2|Trick Room|p1b: Porygon2
|-fieldstart|move: Trick Room|[of] p1b: Porygon2
|
|-weather|Sandstorm|[upkeep]
|-damage|p1b: Porygon2|68/100|[from] Sandstorm
|-damage|p1a: Incineroar|95/100|[from] Sandstorm
|-damage|p2a: Volcarona|95/100|[from] Sandstorm
|upkeep
|turn|2
|
|t:|1754513888
|move|p1b: Porygon2|Tera Blast|p2a: Volcarona
|-damage|p2a: Volcarona|63/100
|move|p1a: Incineroar|Flare Blitz|p2a: Volcarona
|-damage|p2a: Volcarona|15/100
|-damage|p1a: Incineroar|80/100|[from] Recoil
|move|p2b: Tyranitar|Knock Off|p1b: Porygon2
|-damage|p1b: Porygon2|45/100
|-enditem|p1b: Porygon2|Eviolite|[from] move: Knock Off|[of] p2b: Tyranitar
|move|p2a: Volcarona|Giga Drain|p1a: Incineroar
|-resisted|p1a: Incineroar
|-damage|p1a: Incineroar|73/100
|-heal|p2a: Volcarona|19/100|[from] drain|[of] p1a: Incineroar
|
|-weather|Sandstorm|[upkeep]
|-damage|p1b: Porygon2|39/100|[from] Sandstorm
|-damage|p1a: Incineroar|67/100|[from] Sandstorm
|-damage|p2a: Volcarona|13/100|[from] Sandstorm
|upkeep
|turn|3
|
|t:|1754513910
|move|p2a: Volcarona|Protect|p2a: Volcarona
|-singleturn|p2a: Volcarona|Protect
|move|p1b: Porygon2|Recover|p1b: Porygon2
|-heal|p1b: Porygon2|89/100
|move|p1a: Incineroar|U-turn|p2b: Tyranitar
|-supereffective|p2b: Tyranitar
|-damage|p2b: Tyranitar|68/100
|
|t:|1754513918
|switch|p1a: Amoonguss|Amoonguss, L50, M, shiny|100/100|[from] U-turn
|move|p2b: Tyranitar|Knock Off|p1a: Amoonguss
|-damage|p1a: Amoonguss|70/100
|-enditem|p1a: Amoonguss|Sitrus Berry|[from] move: Knock Off|[of] p2b: Tyranitar
|
|-weather|Sandstorm|[upkeep]
|-damage|p1a: Amoonguss|64/100|[from] Sandstorm
|-damage|p1b: Porygon2|83/100|[from] Sandstorm
|-damage|p2a: Volcarona|7/100|[from] Sandstorm
|upkeep
|turn|4
|
|t:|1754513934
|switch|p2b: Rillaboom|Rillaboom, L50, M, shiny|100/100
|-fieldstart|move: Grassy Terrain|[from] ability: Grassy Surge|[of] p2b: Rillaboom
|move|p1a: Amoonguss|Spore|p2b: Rillaboom
|-immune|p2b: Rillaboom
|move|p1b: Porygon2|Tera Blast|p2a: Volcarona
|-damage|p2a: Volcarona|0 fnt
|faint|p2a: Volcarona
|
|-weather|Sandstorm|[upkeep]
|-damage|p1a: Amoonguss|58/100|[from] Sandstorm
|-damage|p1b: Porygon2|77/100|[from] Sandstorm
|-damage|p2b: Rillaboom|95/100|[from] Sandstorm
|-heal|p1a: Amoonguss|64/100|[from] Grassy Terrain
|-heal|p1b: Porygon2|83/100|[from] Grassy Terrain
|-heal|p2b: Rillaboom|100/100|[from] Grassy Terrain
|upkeep
|
|t:|1754513942
|switch|p2a: Kommo-o|Kommo-o, L50, M|100/100
|turn|5
|
|t:|1754513957
|switch|p1a: Incineroar|Incineroar, L50, M, shiny|67/100
|-ability|p1a: Incineroar|Intimidate|boost
|-unboost|p2a: Kommo-o|atk|1
|-unboost|p2b: Rillaboom|atk|1
|move|p2b: Rillaboom|Fake Out|p1a: Incineroar
|-damage|p1a: Incineroar|59/100
|move|p1b: Porygon2|Ice Beam|p2b: Rillaboom
|-supereffective|p2b: Rillaboom
|-damage|p2b: Rillaboom|40/100
|move|p2a: Kommo-o|Clanging Scales|p1a: Incineroar|[spread] p1a,p1b
|-damage|p1a: Incineroar|29/100
|-damage|p1b: Porygon2|31/100
|-unboost|p2a: Kommo-o|def|1
|
|-weather|none
|-heal|p1b: Porygon2|37/100|[from] Grassy Terrain
|-heal|p1a: Incineroar|35/100|[from] Grassy Terrain
|-heal|p2b: Rillaboom|46/100|[from] Grassy Terrain
|-fieldend|move: Trick Room
|upkeep
|turn|6
|inactive|BlueLockVI has 30 seconds left.
|
|t:|1754513985
|move|p1a: Incineroar|Fake Out|p2a: Kommo-o
|-damage|p2a: Kommo-o|85/100
|cant|p2a: Kommo-o|flinch
|move|p2b: Rillaboom|Wood Hammer|p1b: Porygon2
|-damage|p1b: Porygon2|0 fnt
|faint|p1b: Porygon2
|-damage|p2b: Rillaboom|34/100|[from] Recoil
|
|-heal|p2a: Kommo-o|91/100|[from] Grassy Terrain
|-heal|p2b: Rillaboom|40/100|[from] Grassy Terrain
|-heal|p1a: Incineroar|41/100|[from] Grassy Terrain
|upkeep
|
|t:|1754514000
|switch|p1b: Primarina|Primarina, L50, M|100/100
|turn|7
|
|t:|1754514018
|-terastallize|p2b: Rillaboom|Grass
|-terastallize|p1b: Primarina|Poison
|move|p2a: Kommo-o|Clanging Scales|p1a: Incineroar|[spread] p1a,p1b
|-damage|p1a: Incineroar|13/100
|-damage|p1b: Primarina|49/100
|-unboost|p2a: Kommo-o|def|1
|move|p2b: Rillaboom|Wood Hammer|p1b: Primarina
|-resisted|p1b: Primarina
|-damage|p1b: Primarina|0 fnt
|faint|p1b: Primarina
|-damage|p2b: Rillaboom|26/100|[from] Recoil
|move|p1a: Incineroar|U-turn|p2b: Rillaboom
|-supereffective|p2b: Rillaboom
|-damage|p2b: Rillaboom|0 fnt
|faint|p2b: Rillaboom
|
|t:|1754514036
|switch|p1a: Amoonguss|Amoonguss, L50, M, shiny|98/100|[from] U-turn
|
|-heal|p2a: Kommo-o|97/100|[from] Grassy Terrain
|-heal|p1a: Amoonguss|100/100|[from] Grassy Terrain
|upkeep
|inactive|BlueLockVI has 30 seconds left.
|inactive|BlueLockVI has 20 seconds left.
|
|t:|1754514073
|switch|p2b: Tyranitar|Tyranitar, L50, M|68/100
|switch|p1b: Incineroar|Incineroar, L50, M, shiny|13/100
|-weather|Sandstorm|[from] ability: Sand Stream|[of] p2b: Tyranitar
|-ability|p1b: Incineroar|Intimidate|boost
|-unboost|p2a: Kommo-o|atk|1
|-unboost|p2b: Tyranitar|atk|1
|turn|8
|
|t:|1754514085
|move|p1b: Incineroar|Fake Out|p2a: Kommo-o
|-damage|p2a: Kommo-o|75/100
|cant|p2a: Kommo-o|flinch
|move|p2b: Tyranitar|Rock Slide|p1a: Amoonguss|[spread] p1a,p1b
|-supereffective|p1b: Incineroar
|-damage|p1a: Amoonguss|83/100
|-damage|p1b: Incineroar|0 fnt
|faint|p1b: Incineroar
|move|p1a: Amoonguss|Pollen Puff|p1: Incineroar|[notarget]
|-fail|p1a: Amoonguss
|
|-weather|Sandstorm|[upkeep]
|-damage|p1a: Amoonguss|77/100|[from] Sandstorm
|-heal|p2a: Kommo-o|81/100|[from] Grassy Terrain
|-heal|p2b: Tyranitar|74/100|[from] Grassy Terrain
|-heal|p1a: Amoonguss|83/100|[from] Grassy Terrain
|-fieldend|move: Grassy Terrain
|upkeep
|turn|9
|-message|HutchencemanR forfeited.
|
|win|BlueLockVI
|raw|HutchencemanR's rating: 1187 → 1162(-25 for losing)
|raw|BlueLockVI's rating: 1193 → 1218(+25 for winning)
|l|☆HutchencemanR
|player|p1|
