|j|☆BackPAC
|j|☆Alysa Liu
|html|BackPACAlysa Liu    
|uhtml|bestof|Game 2 of a best-of-3
|t:|1757207284
|gametype|doubles
|player|p1|BackPAC|burglar|1368
|player|p2|Alysa Liu|lady|1487
|gen|9
|tier|[Gen 9] VGC 2025 Reg H (Bo3)
|rated|
|rule|Species Clause: Limit one of each Pokémon
|rule|Item Clause: Limit 1 of each item
|clearpoke
|poke|p1|Maushold-Four, L50|
|poke|p1|Incineroar, L50, M|
|poke|p1|Pelipper, L50, M|
|poke|p1|Volcarona, L50, F|
|poke|p1|Rillaboom, L50, M|
|poke|p1|Sneasler, L50, M|
|poke|p2|Dachsbun, L50, F|
|poke|p2|Typhlosion-Hisui, L50, F|
|poke|p2|Basculegion, L50, M|
|poke|p2|Jumpluff, L50, M|
|poke|p2|Rillaboom, L50, M|
|poke|p2|Torkoal, L50, M|
|teampreview|4
|showteam|p1|Maushold-Four||WideLens|Technician|Protect,FollowMe,ThunderWave,PopulationBomb||||||50|,,,,,Ghost]Incineroar||SafetyGoggles|Intimidate|PartingShot,Taunt,FakeOut,KnockOff|||M|||50|,,,,,Ghost]Pelipper||FocusSash|Drizzle|Protect,Tailwind,Hurricane,MuddyWater|||M|||50|,,,,,Ghost]Volcarona||GrassySeed|FlameBody|Protect,QuiverDance,TeraBlast,HeatWave|||F|||50|,,,,,Fairy]Rillaboom||MeadowPlate|GrassySurge|FakeOut,GrassyGlide,HighHorsepower,WoodHammer|||M|||50|,,,,,Fire]Sneasler||WhiteHerb|Unburden|Protect,ThroatChop,CloseCombat,DireClaw|||M|||50|,,,,,Stellar
|showteam|p2|Dachsbun||Leftovers|WellBakedBody|BodyPress,Snarl,HelpingHand,Protect|||F|||50|,,,,,Steel]Typhlosion-Hisui||ChoiceSpecs|Blaze|Eruption,LavaPlume,Overheat,ShadowBall|||F|||50|,,,,,Fire]Basculegion||ChoiceScarf|Adaptability|WaveCrash,FlipTurn,LastRespects,TeraBlast|||M|||50|,,,,,Fairy]Jumpluff||CovertCloak|Chlorophyll|SleepPowder,SunnyDay,RagePowder,Tailwind|||M|||50|,,,,,Water]Rillaboom||LifeOrb|GrassySurge|WoodHammer,GrassyGlide,HighHorsepower,FakeOut|||M|||50|,,,,,Stellar]Torkoal||SitrusBerry|Drought|HeatWave,LavaPlume,ClearSmog,Protect|||M|||50|,,,,,Fairy
|inactive|Battle timer is ON: inactive players will automatically lose when time's up. (requested by Alysa Liu)
|
|t:|1757207311
|teamsize|p1|4
|teamsize|p2|4
|start
|switch|p1a: Rillaboom|Rillaboom, L50, M|100/100
|switch|p1b: Volcarona|Volcarona, L50, F|100/100
|switch|p2a: Typhlosion|Typhlosion-Hisui, L50, F|100/100
|switch|p2b: Basculegion|Basculegion, L50, M|100/100
|-fieldstart|move: Grassy Terrain|[from] ability: Grassy Surge|[of] p1a: Rillaboom
|-enditem|p1b: Volcarona|Grassy Seed
|-boost|p1b: Volcarona|def|1|[from] item: Grassy Seed
|turn|1
|
|t:|1757207334
|-terastallize|p2a: Typhlosion|Fire
|-terastallize|p1a: Rillaboom|Fire
|move|p1b: Volcarona|Protect|p1b: Volcarona
|-singleturn|p1b: Volcarona|Protect
|move|p1a: Rillaboom|Grassy Glide|p2b: Basculegion
|-supereffective|p2b: Basculegion
|-damage|p2b: Basculegion|0 fnt
|faint|p2b: Basculegion
|move|p2a: Typhlosion|Eruption|p1b: Volcarona|[spread] p1a
|-activate|p1b: Volcarona|move: Protect
|-resisted|p1a: Rillaboom
|-damage|p1a: Rillaboom|43/100
|
|-heal|p1a: Rillaboom|49/100|[from] Grassy Terrain
|upkeep
|
|t:|1757207343
|switch|p2b: Rillaboom|Rillaboom, L50, M|100/100
|turn|2
|inactive|BackPAC has 30 seconds left.
|
|t:|1757207368
|switch|p1a: Pelipper|Pelipper, L50, M|100/100
|-weather|RainDance|[from] ability: Drizzle|[of] p1a: Pelipper
|move|p2b: Rillaboom|Fake Out|p1a: Pelipper
|-damage|p1a: Pelipper|77/100
|-damage|p2b: Rillaboom|91/100|[from] item: Life Orb
|move|p2a: Typhlosion|Eruption|p1a: Pelipper|[spread] p1a,p1b
|-resisted|p1a: Pelipper
|-damage|p1a: Pelipper|28/100
|-damage|p1b: Volcarona|54/100
|move|p1b: Volcarona|Quiver Dance|p1b: Volcarona
|-boost|p1b: Volcarona|spa|1
|-boost|p1b: Volcarona|spd|1
|-boost|p1b: Volcarona|spe|1
|
|-weather|RainDance|[upkeep]
|-heal|p1b: Volcarona|60/100|[from] Grassy Terrain
|-heal|p2b: Rillaboom|97/100|[from] Grassy Terrain
|upkeep
|turn|3
|inactive|BackPAC has 30 seconds left.
|
|t:|1757207396
|switch|p1a: Incineroar|Incineroar, L50, M|100/100
|-ability|p1a: Incineroar|Intimidate|boost
|-unboost|p2a: Typhlosion|atk|1
|-unboost|p2b: Rillaboom|atk|1
|switch|p2b: Torkoal|Torkoal, L50, M|100/100
|-weather|SunnyDay|[from] ability: Drought|[of] p2b: Torkoal
|move|p1b: Volcarona|Tera Blast|p2a: Typhlosion
|-damage|p2a: Typhlosion|53/100
|move|p2a: Typhlosion|Eruption|p1a: Incineroar|[spread] p1a,p1b
|-resisted|p1a: Incineroar
|-damage|p1a: Incineroar|65/100
|-damage|p1b: Volcarona|14/100
|
|-weather|SunnyDay|[upkeep]
|-heal|p1b: Volcarona|20/100|[from] Grassy Terrain
|-heal|p2a: Typhlosion|59/100|[from] Grassy Terrain
|-heal|p1a: Incineroar|71/100|[from] Grassy Terrain
|upkeep
|turn|4
|inactive|BackPAC has 30 seconds left.
|inactive|Alysa Liu has 30 seconds left.
|
|t:|1757207437
|move|p1b: Volcarona|Protect|p1b: Volcarona
|-singleturn|p1b: Volcarona|Protect
|move|p2a: Typhlosion|Eruption|p1a: Incineroar|[spread] p1a
|-activate|p1b: Volcarona|move: Protect
|-resisted|p1a: Incineroar
|-damage|p1a: Incineroar|29/100
|move|p1a: Incineroar|Knock Off|p2a: Typhlosion
|-damage|p2a: Typhlosion|4/100
|-enditem|p2a: Typhlosion|Choice Specs|[from] move: Knock Off|[of] p1a: Incineroar
|move|p2b: Torkoal|Clear Smog|p1b: Volcarona
|-activate|p1b: Volcarona|move: Protect
|
|-weather|SunnyDay|[upkeep]
|-heal|p1b: Volcarona|27/100|[from] Grassy Terrain
|-heal|p2a: Typhlosion|10/100|[from] Grassy Terrain
|-heal|p1a: Incineroar|35/100|[from] Grassy Terrain
|upkeep
|turn|5
|
|t:|1757207452
|move|p1b: Volcarona|Heat Wave|p2a: Typhlosion|[spread] p2b
|-miss|p1b: Volcarona|p2a: Typhlosion
|-resisted|p2b: Torkoal
|-damage|p2b: Torkoal|61/100
|move|p2a: Typhlosion|Overheat|p1b: Volcarona|[miss]
|-miss|p2a: Typhlosion|p1b: Volcarona
|move|p1a: Incineroar|Knock Off|p2b: Torkoal
|-damage|p2b: Torkoal|37/100
|-enditem|p2b: Torkoal|Sitrus Berry|[from] move: Knock Off|[of] p1a: Incineroar
|move|p2b: Torkoal|Heat Wave|p1a: Incineroar|[spread] p1a,p1b
|-resisted|p1a: Incineroar
|-damage|p1a: Incineroar|22/100
|-damage|p1b: Volcarona|7/100
|
|-weather|SunnyDay|[upkeep]
|-heal|p1b: Volcarona|14/100|[from] Grassy Terrain
|-heal|p2a: Typhlosion|16/100|[from] Grassy Terrain
|-heal|p1a: Incineroar|28/100|[from] Grassy Terrain
|-heal|p2b: Torkoal|43/100|[from] Grassy Terrain
|-fieldend|move: Grassy Terrain
|upkeep
|turn|6
|
|t:|1757207465
|move|p2b: Torkoal|Protect|p2b: Torkoal
|-singleturn|p2b: Torkoal|Protect
|move|p1b: Volcarona|Heat Wave|p2a: Typhlosion|[spread] p2a
|-activate|p2b: Torkoal|move: Protect
|-resisted|p2a: Typhlosion
|-damage|p2a: Typhlosion|0 fnt
|faint|p2a: Typhlosion
|move|p1a: Incineroar|Knock Off|p2b: Torkoal
|-activate|p2b: Torkoal|move: Protect
|
|-weather|SunnyDay|[upkeep]
|upkeep
|
|t:|1757207468
|switch|p2a: Rillaboom|Rillaboom, L50, M|97/100
|-fieldstart|move: Grassy Terrain|[from] ability: Grassy Surge|[of] p2a: Rillaboom
|turn|7
|
|t:|1757207480
|move|p1b: Volcarona|Protect|p1b: Volcarona
|-singleturn|p1b: Volcarona|Protect
|move|p2a: Rillaboom|Fake Out|p1a: Incineroar
|-damage|p1a: Incineroar|11/100
|-damage|p2a: Rillaboom|87/100|[from] item: Life Orb
|cant|p1a: Incineroar|flinch
|move|p2b: Torkoal|Heat Wave|p1a: Incineroar|[spread] p1a
|-activate|p1b: Volcarona|move: Protect
|-resisted|p1a: Incineroar
|-damage|p1a: Incineroar|0 fnt
|faint|p1a: Incineroar
|
|-weather|none
|-heal|p1b: Volcarona|20/100|[from] Grassy Terrain
|-heal|p2a: Rillaboom|93/100|[from] Grassy Terrain
|-heal|p2b: Torkoal|49/100|[from] Grassy Terrain
|upkeep
|
|t:|1757207490
|switch|p1a: Pelipper|Pelipper, L50, M|28/100
|-weather|RainDance|[from] ability: Drizzle|[of] p1a: Pelipper
|turn|8
|
|t:|1757207507
|move|p2a: Rillaboom|Grassy Glide|p1a: Pelipper
|-damage|p1a: Pelipper|0 fnt
|faint|p1a: Pelipper
|-damage|p2a: Rillaboom|84/100|[from] item: Life Orb
|move|p1b: Volcarona|Tera Blast|p2b: Torkoal
|-damage|p2b: Torkoal|11/100
|move|p2b: Torkoal|Clear Smog|p1b: Volcarona
|-damage|p1b: Volcarona|12/100
|-clearboost|p1b: Volcarona
|
|-weather|RainDance|[upkeep]
|-heal|p1b: Volcarona|19/100|[from] Grassy Terrain
|-heal|p2a: Rillaboom|90/100|[from] Grassy Terrain
|-heal|p2b: Torkoal|17/100|[from] Grassy Terrain
|upkeep
|
|t:|1757207514
|switch|p1a: Rillaboom|Rillaboom, L50, M, tera:Fire|49/100
|turn|9
|
|t:|1757207526
|move|p2b: Torkoal|Protect|p2b: Torkoal
|-singleturn|p2b: Torkoal|Protect
|move|p1a: Rillaboom|Fake Out|p2a: Rillaboom
|-damage|p2a: Rillaboom|76/100
|move|p1b: Volcarona|Quiver Dance|p1b: Volcarona
|-boost|p1b: Volcarona|spa|1
|-boost|p1b: Volcarona|spd|1
|-boost|p1b: Volcarona|spe|1
|cant|p2a: Rillaboom|flinch
|
|-weather|RainDance|[upkeep]
|-heal|p1b: Volcarona|25/100|[from] Grassy Terrain
|-heal|p1a: Rillaboom|55/100|[from] Grassy Terrain
|-heal|p2a: Rillaboom|82/100|[from] Grassy Terrain
|-heal|p2b: Torkoal|23/100|[from] Grassy Terrain
|upkeep
|turn|10
|inactive|Alysa Liu has 30 seconds left.
|
|t:|1757207556
|move|p1b: Volcarona|Protect|p1b: Volcarona
|-singleturn|p1b: Volcarona|Protect
|move|p1a: Rillaboom|Wood Hammer|p2b: Torkoal
|-resisted|p2b: Torkoal
|-damage|p2b: Torkoal|0 fnt
|faint|p2b: Torkoal
|-damage|p1a: Rillaboom|49/100|[from] Recoil
|move|p2a: Rillaboom|High Horsepower|p1b: Volcarona
|-activate|p1b: Volcarona|move: Protect
|
|-weather|RainDance|[upkeep]
|-heal|p1b: Volcarona|31/100|[from] Grassy Terrain
|-heal|p1a: Rillaboom|55/100|[from] Grassy Terrain
|-heal|p2a: Rillaboom|88/100|[from] Grassy Terrain
|upkeep
|turn|11
|
|t:|1757207575
|move|p1b: Volcarona|Heat Wave|p2a: Rillaboom|[miss]
|-miss|p1b: Volcarona|p2a: Rillaboom
|move|p1a: Rillaboom|Wood Hammer|p2a: Rillaboom
|-resisted|p2a: Rillaboom
|-damage|p2a: Rillaboom|43/100
|-damage|p1a: Rillaboom|40/100|[from] Recoil
|move|p2a: Rillaboom|High Horsepower|p1a: Rillaboom|[miss]
|-miss|p2a: Rillaboom|p1a: Rillaboom
|
|-weather|RainDance|[upkeep]
|-heal|p1b: Volcarona|37/100|[from] Grassy Terrain
|-heal|p1a: Rillaboom|46/100|[from] Grassy Terrain
|-heal|p2a: Rillaboom|49/100|[from] Grassy Terrain
|-fieldend|move: Grassy Terrain
|upkeep
|turn|12
|
|t:|1757207584
|move|p1b: Volcarona|Protect|p1b: Volcarona
|-singleturn|p1b: Volcarona|Protect
|move|p1a: Rillaboom|Wood Hammer|p2a: Rillaboom
|-resisted|p2a: Rillaboom
|-crit|p2a: Rillaboom
|-damage|p2a: Rillaboom|0 fnt
|faint|p2a: Rillaboom
|-damage|p1a: Rillaboom|30/100|[from] Recoil
|
|win|BackPAC
|raw|BackPAC's rating: 1368 → 1395(+27 for winning)
|raw|Alysa Liu's rating: 1487 → 1460(-27 for losing)
|l|☆Alysa Liu
|player|p2|
