|j|☆Gayangos
|j|☆Braixen coxuda
|html|GayangosBraixen coxuda    
|uhtml|bestof|Game 3 of a best-of-3
|t:|1757782524
|gametype|doubles
|player|p1|Gayangos|169|
|player|p2|Braixen coxuda|caitlin|
|gen|9
|tier|[Gen 9] VGC 2025 Reg H (Bo3)
|rule|Species Clause: Limit one of each Pokémon
|rule|Item Clause: Limit 1 of each item
|clearpoke
|poke|p1|Dragapult, L50, F|
|poke|p1|Sneasler, L50, M|
|poke|p1|Incineroar, L50, F|
|poke|p1|Volcarona, L50, M|
|poke|p1|Rillaboom, L50, F|
|poke|p1|Kingambit, L50, M|
|poke|p2|Rillaboom, L50, M|
|poke|p2|Ursaluna-Bloodmoon, L50, M|
|poke|p2|Basculegion, L50, M|
|poke|p2|Murkrow, L50, M|
|poke|p2|Pelipper, L50, F|
|poke|p2|Archaludon, L50, M|
|teampreview|4
|showteam|p1|Dragapult||ChoiceBand|ClearBody|DragonDarts,Outrage,PhantomForce,Uturn|||F|||50|,,,,,Dragon]Sneasler||FocusSash|Unburden|DireClaw,CloseCombat,ThroatChop,Protect|||M|||50|,,,,,Stellar]Incineroar||SafetyGoggles|Intimidate|FakeOut,KnockOff,PartingShot,Taunt|||F|||50|,,,,,Ghost]Volcarona||GrassySeed|FlameBody|HeatWave,TeraBlast,QuiverDance,Protect|||M|||50|,,,,,Fairy]Rillaboom||AssaultVest|GrassySurge|FakeOut,WoodHammer,GrassyGlide,HighHorsepower|||F|||50|,,,,,Fire]Kingambit||BlackGlasses|Defiant|KowtowCleave,SuckerPunch,SwordsDance,Protect|||M|||50|,,,,,Dark
|showteam|p2|Rillaboom||MiracleSeed|GrassySurge|WoodHammer,GrassyGlide,Taunt,FakeOut|||M|||50|,,,,,Fire]Ursaluna-Bloodmoon||LifeOrb|MindsEye|HyperVoice,Protect,BloodMoon,EarthPower|||M|||50|,,,,,Normal]Basculegion||ChoiceBand|SwiftSwim|FlipTurn,WaveCrash,AquaJet,LastRespects|||M|||50|,,,,,Grass]Murkrow||Eviolite|Prankster|Tailwind,Haze,FoulPlay,RainDance|||M|||50|,,,,,Ghost]Pelipper||FocusSash|Drizzle|Hurricane,WeatherBall,Protect,WideGuard|||F|||50|,,,,,Stellar]Archaludon||AssaultVest|Stamina|BodyPress,ElectroShot,FlashCannon,DragonPulse|||M|||50|,,,,,Bug
|inactive|Battle timer is ON: inactive players will automatically lose when time's up. (requested by Braixen coxuda)
|inactive|Gayangos has 60 seconds left.
|inactive|Gayangos has 30 seconds left.
|
|t:|1757782587
|teamsize|p1|4
|teamsize|p2|4
|start
|switch|p1a: Incineroar|Incineroar, L50, F|100/100
|switch|p1b: Volcarona|Volcarona, L50, M|100/100
|switch|p2a: Ursaluna|Ursaluna-Bloodmoon, L50, M|100/100
|switch|p2b: Murkrow|Murkrow, L50, M|100/100
|-ability|p1a: Incineroar|Intimidate|boost
|-unboost|p2a: Ursaluna|atk|1
|-unboost|p2b: Murkrow|atk|1
|turn|1
|
|t:|1757782602
|-terastallize|p2a: Ursaluna|Normal
|move|p2b: Murkrow|Tailwind|p2b: Murkrow
|-sidestart|p2: Braixen coxuda|move: Tailwind
|move|p2a: Ursaluna|Blood Moon|p1b: Volcarona
|-damage|p1b: Volcarona|0 fnt
|faint|p1b: Volcarona
|-damage|p2a: Ursaluna|91/100|[from] item: Life Orb
|move|p1a: Incineroar|Taunt|p2b: Murkrow
|-start|p2b: Murkrow|move: Taunt
|
|upkeep
|
|t:|1757782609
|switch|p1b: Sneasler|Sneasler, L50, M|100/100
|turn|2
|inactive|Braixen coxuda has 30 seconds left.
|
|t:|1757782643
|switch|p1a: Rillaboom|Rillaboom, L50, F|100/100
|-fieldstart|move: Grassy Terrain|[from] ability: Grassy Surge|[of] p1a: Rillaboom
|move|p1b: Sneasler|Protect|p1b: Sneasler
|-singleturn|p1b: Sneasler|Protect
|move|p2b: Murkrow|Foul Play|p1b: Sneasler
|-activate|p1b: Sneasler|move: Protect
|move|p2a: Ursaluna|Hyper Voice|p1b: Sneasler|[spread] p1a
|-activate|p1b: Sneasler|move: Protect
|-damage|p1a: Rillaboom|55/100
|-damage|p2a: Ursaluna|81/100|[from] item: Life Orb
|
|-heal|p2a: Ursaluna|87/100|[from] Grassy Terrain
|-heal|p1a: Rillaboom|61/100|[from] Grassy Terrain
|upkeep
|turn|3
|inactive|Gayangos has 30 seconds left.
|
|t:|1757782675
|move|p2a: Ursaluna|Protect|p2a: Ursaluna
|-singleturn|p2a: Ursaluna|Protect
|move|p1a: Rillaboom|Fake Out|p2b: Murkrow
|-damage|p2b: Murkrow|87/100
|cant|p2b: Murkrow|flinch
|move|p1b: Sneasler|Close Combat|p2a: Ursaluna
|-activate|p2a: Ursaluna|move: Protect
|
|-heal|p2a: Ursaluna|93/100|[from] Grassy Terrain
|-heal|p1a: Rillaboom|67/100|[from] Grassy Terrain
|upkeep
|turn|4
|
|t:|1757782687
|switch|p1a: Incineroar|Incineroar, L50, F|100/100
|-ability|p1a: Incineroar|Intimidate|boost
|-unboost|p2a: Ursaluna|atk|1
|-unboost|p2b: Murkrow|atk|1
|move|p1b: Sneasler|Protect|p1b: Sneasler
|-singleturn|p1b: Sneasler|Protect
|move|p2b: Murkrow|Foul Play|p1b: Sneasler
|-activate|p1b: Sneasler|move: Protect
|move|p2a: Ursaluna|Hyper Voice|p1b: Sneasler|[spread] p1a
|-activate|p1b: Sneasler|move: Protect
|-damage|p1a: Incineroar|51/100
|-damage|p2a: Ursaluna|83/100|[from] item: Life Orb
|
|-heal|p2a: Ursaluna|89/100|[from] Grassy Terrain
|-heal|p1a: Incineroar|57/100|[from] Grassy Terrain
|-end|p2b: Murkrow|move: Taunt
|-sideend|p2: Braixen coxuda|move: Tailwind
|upkeep
|turn|5
|inactive|Gayangos has 30 seconds left.
|inactive|Gayangos has 20 seconds left.
|
|t:|1757782723
|-terastallize|p1b: Sneasler|Stellar
|move|p2a: Ursaluna|Protect|p2a: Ursaluna
|-singleturn|p2a: Ursaluna|Protect
|move|p1a: Incineroar|Fake Out|p2b: Murkrow
|-damage|p2b: Murkrow|75/100
|cant|p2b: Murkrow|flinch
|move|p1b: Sneasler|Close Combat|p2b: Murkrow
|-crit|p2b: Murkrow
|-damage|p2b: Murkrow|0 fnt
|-unboost|p1b: Sneasler|def|1
|-unboost|p1b: Sneasler|spd|1
|faint|p2b: Murkrow
|
|-heal|p2a: Ursaluna|95/100|[from] Grassy Terrain
|-heal|p1a: Incineroar|63/100|[from] Grassy Terrain
|upkeep
|
|t:|1757782728
|switch|p2b: Pelipper|Pelipper, L50, F, shiny|100/100
|-weather|RainDance|[from] ability: Drizzle|[of] p2b: Pelipper
|turn|6
|
|t:|1757782744
|move|p1b: Sneasler|Close Combat|p2a: Ursaluna
|-supereffective|p2a: Ursaluna
|-damage|p2a: Ursaluna|2/100
|-unboost|p1b: Sneasler|def|1
|-unboost|p1b: Sneasler|spd|1
|move|p2b: Pelipper|Hurricane|p1b: Sneasler
|-supereffective|p1b: Sneasler
|-enditem|p1b: Sneasler|Focus Sash
|-damage|p1b: Sneasler|1/100
|move|p2a: Ursaluna|Hyper Voice|p1b: Sneasler|[spread] p1a,p1b
|-damage|p1a: Incineroar|10/100
|-damage|p1b: Sneasler|0 fnt
|faint|p1b: Sneasler
|-damage|p2a: Ursaluna|0 fnt|[from] item: Life Orb
|faint|p2a: Ursaluna
|move|p1a: Incineroar|Knock Off|p2b: Pelipper
|-damage|p2b: Pelipper|56/100
|-enditem|p2b: Pelipper|Focus Sash|[from] move: Knock Off|[of] p1a: Incineroar
|
|-weather|RainDance|[upkeep]
|-heal|p1a: Incineroar|16/100|[from] Grassy Terrain
|-fieldend|move: Grassy Terrain
|upkeep
|
|t:|1757782758
|switch|p1b: Rillaboom|Rillaboom, L50, F|67/100
|switch|p2a: Gendo|Archaludon, L50, M|100/100
|-fieldstart|move: Grassy Terrain|[from] ability: Grassy Surge|[of] p1b: Rillaboom
|turn|7
|
|t:|1757782775
|move|p2b: Pelipper|Hurricane|p1b: Rillaboom
|-supereffective|p1b: Rillaboom
|-damage|p1b: Rillaboom|7/100
|move|p1b: Rillaboom|Wood Hammer|p2b: Pelipper
|-damage|p2b: Pelipper|0 fnt
|faint|p2b: Pelipper
|-damage|p1b: Rillaboom|0 fnt|[from] Recoil
|faint|p1b: Rillaboom
|move|p2a: Gendo|Body Press|p1a: Incineroar
|-supereffective|p1a: Incineroar
|-damage|p1a: Incineroar|0 fnt
|faint|p1a: Incineroar
|
|win|Braixen coxuda
|c|☆Gayangos|gg
|l|☆Gayangos
|player|p1|
|j|☆Gayangos
|player|p1|Gayangos|169|
