|j|☆shrithegreat
|j|☆bobsparents
|html|shrithegreatbobsparents    
|uhtml|bestof|Game 1 of a best-of-3
|t:|1784332296
|gametype|doubles
|player|p1|shrithegreat|265|1128
|player|p2|bobsparents|cynthia|1128
|gen|9
|tier|[Gen 9 Champions] VGC 2026 Reg M-B (Bo3)
|rated|
|rule|Species Clause: Limit one of each Pokémon
|rule|Item Clause: Limit 1 of each item
|clearpoke
|poke|p1|Gengar, L50, F|
|poke|p1|Politoed, L50, M|
|poke|p1|Floette-Eternal, L50, F|
|poke|p1|Palafin, L50, F|
|poke|p1|Incineroar, L50, F|
|poke|p1|Sinistcha, L50|
|poke|p2|Kangaskhan, L50, F|
|poke|p2|Farigiraf, L50, M|
|poke|p2|Chandelure, L50, F|
|poke|p2|Avalugg-Hisui, L50, F|
|poke|p2|Decidueye-Hisui, L50, M|
|poke|p2|Kingambit, L50, M|
|teampreview|4
|showteam|p1|Gengar||Gengarite|CursedBody|Protect,PerishSong,Disable,ShadowBall|Modest||F|||50|]Politoed||SitrusBerry|Drizzle|Protect,PerishSong,WeatherBall,Encore|Calm||M|||50|]Floette-Eternal||Floettite|Symbiosis|Protect,CalmMind,Moonblast,DrainingKiss|Timid||F|||50|]Palafin||MysticWater|ZerotoHero|Protect,JetPunch,WaveCrash,CloseCombat|Adamant||F|||50|]Incineroar||PasshoBerry|Intimidate|Protect,FakeOut,DarkestLariat,PartingShot|Adamant||F|||50|]Sinistcha||ColburBerry|Hospitality|Protect,RagePowder,MatchaGotcha,TrickRoom|Calm|||||50|
|showteam|p2|Kangaskhan||Kangaskhanite|Scrappy|DoubleEdge,HammerArm,IcePunch,FakeOut|Brave||F|||50|]Farigiraf||SitrusBerry|ArmorTail|PsychicNoise,Thunderbolt,TrickRoom,Protect|Quiet||M|||50|]Chandelure||FocusSash|FlashFire|HeatWave,ShadowBall,TrickRoom,Protect|Quiet||F|||50|]Avalugg-Hisui||WideLens|Sturdy|RockSlide,MountainGale,BodyPress,WideGuard|Brave||F|||50|]Decidueye-Hisui||LifeOrb|Scrappy|CloseCombat,LeafBlade,BraveBird,Protect|Brave||M|||50|]Kingambit||BlackGlasses|Defiant|KowtowCleave,IronHead,SuckerPunch,SwordsDance|Brave||M|||50|
|inactive|Battle timer is ON: inactive players will automatically lose when time's up. (requested by shrithegreat)
|inactive|shrithegreat has 60 seconds left.
|inactive|bobsparents has 60 seconds left.
|inactive|bobsparents has 30 seconds left.
|
|t:|1784332367
|teamsize|p1|4
|teamsize|p2|4
|start
|switch|p1a: Gengar|Gengar, L50, F|100/100
|switch|p1b: Sinistcha|Sinistcha, L50|100/100
|switch|p2a: Kangaskhan|Kangaskhan, L50, F|100/100
|switch|p2b: Kingambit|Kingambit, L50, M|100/100
|turn|1
|
|t:|1784332389
|detailschange|p1a: Gengar|Gengar-Mega, L50, F
|-mega|p1a: Gengar|Gengar|Gengarite
|move|p1a: Gengar|Protect|p1a: Gengar
|-singleturn|p1a: Gengar|Protect
|move|p1b: Sinistcha|Protect|p1b: Sinistcha
|-singleturn|p1b: Sinistcha|Protect
|move|p2a: Kangaskhan|Fake Out|p1a: Gengar
|-activate|p1a: Gengar|move: Protect
|move|p2b: Kingambit|Swords Dance|p2b: Kingambit
|-boost|p2b: Kingambit|atk|2
|
|upkeep
|turn|2
|inactive|bobsparents has 30 seconds left.
|
|t:|1784332415
|detailschange|p2a: Kangaskhan|Kangaskhan-Mega, L50, F
|-mega|p2a: Kangaskhan|Kangaskhan|Kangaskhanite
|move|p1b: Sinistcha|Rage Powder|p1b: Sinistcha
|-singleturn|p1b: Sinistcha|move: Rage Powder
|move|p1a: Gengar|Perish Song|p1a: Gengar
|-start|p1a: Gengar|perish3|[silent]
|-start|p1b: Sinistcha|perish3|[silent]
|-start|p2a: Kangaskhan|perish3|[silent]
|-start|p2b: Kingambit|perish3|[silent]
|-fieldactivate|move: Perish Song
|move|p2a: Kangaskhan|Ice Punch|p1b: Sinistcha
|-supereffective|p1b: Sinistcha|1
|-damage|p1b: Sinistcha|50/100g
|-supereffective|p1b: Sinistcha|1
|-damage|p1b: Sinistcha|39/100
|-hitcount|p1b: Sinistcha|2
|move|p2b: Kingambit|Swords Dance|p2b: Kingambit
|-boost|p2b: Kingambit|atk|2
|
|-start|p1a: Gengar|perish3
|-start|p2a: Kangaskhan|perish3
|-start|p1b: Sinistcha|perish3
|-start|p2b: Kingambit|perish3
|upkeep
|turn|3
|
|t:|1784332435
|move|p1a: Gengar|Protect|p1a: Gengar
|-singleturn|p1a: Gengar|Protect
|move|p1b: Sinistcha|Protect|p1b: Sinistcha
|-singleturn|p1b: Sinistcha|Protect
|move|p2a: Kangaskhan|Ice Punch|p1b: Sinistcha
|-activate|p1b: Sinistcha|move: Protect
|move|p2b: Kingambit|Kowtow Cleave|p1a: Gengar
|-activate|p1a: Gengar|move: Protect
|
|-start|p1a: Gengar|perish2
|-start|p2a: Kangaskhan|perish2
|-start|p1b: Sinistcha|perish2
|-start|p2b: Kingambit|perish2
|upkeep
|turn|4
|inactive|shrithegreat has 30 seconds left.
|
|t:|1784332461
|switch|p1a: Incineroar|Incineroar, L50, F|100/100
|-ability|p1a: Incineroar|Intimidate|boost
|-unboost|p2a: Kangaskhan|atk|1
|-unboost|p2b: Kingambit|atk|1
|-ability|p2b: Kingambit|Defiant|boost
|-boost|p2b: Kingambit|atk|2
|move|p1b: Sinistcha|Rage Powder|p1b: Sinistcha
|-singleturn|p1b: Sinistcha|move: Rage Powder
|move|p2a: Kangaskhan|Double-Edge|p1b: Sinistcha
|-immune|p1b: Sinistcha
|move|p2b: Kingambit|Swords Dance|p2b: Kingambit
|-boost|p2b: Kingambit|atk|1
|
|-start|p2a: Kangaskhan|perish1
|-start|p1b: Sinistcha|perish1
|-start|p2b: Kingambit|perish1
|upkeep
|turn|5
|inactive|shrithegreat has 30 seconds left.
|
|t:|1784332491
|switch|p2a: Decidueye|Decidueye-Hisui, L50, M|100/100
|switch|p1b: Gengar|Gengar-Mega, L50, F|100/100
|switch|p2b: Chandelure|Chandelure, L50, F|100/100
|move|p1a: Incineroar|Parting Shot|p2a: Decidueye
|-unboost|p2a: Decidueye|atk|1
|-unboost|p2a: Decidueye|spa|1
|
|t:|1784332503
|switch|p1a: Politoed|Politoed, L50, M|100/100|[from] Parting Shot
|-weather|RainDance|[from] ability: Drizzle|[of] p1a: Politoed
|
|-weather|RainDance|[upkeep]
|upkeep
|turn|6
|inactive|bobsparents has 30 seconds left.
|inactive|shrithegreat has 30 seconds left.
|inactive|bobsparents has 20 seconds left.
|
|t:|1784332540
|switch|p1a: Incineroar|Incineroar, L50, F|100/100
|-ability|p1a: Incineroar|Intimidate|boost
|-fail|p2a: Decidueye|unboost|Attack|[from] ability: Scrappy|[of] p2a: Decidueye
|-unboost|p2b: Chandelure|atk|1
|move|p1b: Gengar|Shadow Ball|p2b: Chandelure
|-supereffective|p2b: Chandelure|1
|-enditem|p2b: Chandelure|Focus Sash
|-damage|p2b: Chandelure|1/100
|move|p2b: Chandelure|Shadow Ball|p1b: Gengar
|-supereffective|p1b: Gengar|1
|-damage|p1b: Gengar|0 fnt
|faint|p1b: Gengar
|move|p2a: Decidueye|Brave Bird|p1a: Incineroar
|-damage|p1a: Incineroar|69/100
|-damage|p2a: Decidueye|89/100|[from] Recoil
|-damage|p2a: Decidueye|80/100|[from] item: Life Orb
|
|-weather|RainDance|[upkeep]
|upkeep
|-message|shrithegreat forfeited.
|
|win|bobsparents
