|j|☆elpibevgc
|j|☆Lagv
|html|elpibevgcLagv    
|uhtml|bestof|Game 2 of a best-of-3
|t:|1785616499
|gametype|doubles
|player|p1|elpibevgc|lucas|1133
|player|p2|Lagv|2|1070
|gen|9
|tier|[Gen 9 Champions] VGC 2026 Reg M-B (Bo3)
|rated|
|rule|Species Clause: Limit one of each Pokémon
|rule|Item Clause: Limit 1 of each item
|clearpoke
|poke|p1|Gengar, L50, F|
|poke|p1|Incineroar, L50, F|
|poke|p1|Politoed, L50, M|
|poke|p1|Archaludon, L50, F|
|poke|p1|Vivillon-Jungle, L50, F|
|poke|p1|Swampert, L50, M|
|poke|p2|Tyranitar, L50, M|
|poke|p2|Talonflame, L50, F|
|poke|p2|Sableye, L50, M|
|poke|p2|Garchomp, L50, F|
|poke|p2|Milotic, L50, F|
|poke|p2|Palafin, L50, F|
|teampreview|4
|showteam|p1|Gengar||Gengarite|CursedBody|ShadowBall,PerishSong,SludgeBomb,Protect|Modest||F|||50|]Incineroar||PasshoBerry|Intimidate|ThroatChop,PartingShot,FakeOut,Protect|Impish||F|||50|]Politoed||SitrusBerry|Drizzle|WeatherBall,PerishSong,Encore,Protect|Calm||M|||50|]Archaludon||Leftovers|Stamina|DragonPulse,FlashCannon,ElectroShot,Protect|Bold||F|||50|]Vivillon-Jungle||FocusSash|CompoundEyes|Hurricane,SleepPowder,RagePowder,Protect|Timid||F|||50|]Swampert||Swampertite|Torrent|WaveCrash,Earthquake,IcePunch,Protect|Adamant||M|||50|
|showteam|p2|Tyranitar||Tyranitarite|SandStream|KnockOff,RockSlide,HighHorsepower,Protect|Adamant||M|||50|]Talonflame||FocusSash|GaleWings|Tailwind,BraveBird,Uturn,Taunt|Jolly||F|||50|]Sableye||RoseliBerry|Prankster|FakeOut,Encore,Disable,Taunt|Calm||M|||50|]Garchomp||Garchompite|RoughSkin|Earthquake,RockSlide,IronHead,Protect|Adamant||F|||50|]Milotic||Leftovers|Competitive|MuddyWater,IcyWind,AlluringVoice,Protect|Bold||F|||50|]Palafin||ChoiceScarf|ZerotoHero|WaveCrash,FlipTurn,CloseCombat,IronHead|Adamant||F|||50|
|inactive|Battle timer is ON: inactive players will automatically lose when time's up. (requested by Lagv)
|
|t:|1785616520
|teamsize|p1|4
|teamsize|p2|4
|start
|switch|p1a: Swampert|Swampert, L50, M|100/100
|switch|p1b: Archaludon|Archaludon, L50, F|100/100
|switch|p2a: Talonflame|Talonflame, L50, F|100/100
|switch|p2b: Garchomp|Garchomp, L50, F|100/100
|turn|1
|inactive|elpibevgc has 30 seconds left.
|
|t:|1785616552
|switch|p1a: Politoed|Politoed, L50, M|100/100
|-weather|RainDance|[from] ability: Drizzle|[of] p1a: Politoed
|detailschange|p2b: Garchomp|Garchomp-Mega, L50, F
|-mega|p2b: Garchomp|Garchomp|Garchompite
|move|p2a: Talonflame|Tailwind|p2a: Talonflame
|-sidestart|p2: Lagv|move: Tailwind
|move|p2b: Garchomp|Earthquake|p1a: Politoed|[spread] p1a,p1b
|-immune|p2a: Talonflame
|-supereffective|p1b: Archaludon|1
|-damage|p1a: Politoed|52/100
|-damage|p1b: Archaludon|32/100
|-ability|p1b: Archaludon|Stamina|boost
|-boost|p1b: Archaludon|def|1
|move|p1b: Archaludon|Electro Shot||[still]
|-prepare|p1b: Archaludon|Electro Shot
|-boost|p1b: Archaludon|spa|1
|-anim|p1b: Archaludon|Electro Shot|p2a: Talonflame
|-supereffective|p2a: Talonflame|1
|-enditem|p2a: Talonflame|Focus Sash
|-damage|p2a: Talonflame|1/100
|
|-weather|RainDance|[upkeep]
|-heal|p1b: Archaludon|39/100|[from] item: Leftovers
|upkeep
|turn|2
|inactive|elpibevgc has 30 seconds left.
|inactive|Lagv has 30 seconds left.
|inactive|elpibevgc has 20 seconds left.
|inactive|Lagv has 20 seconds left.
|
|t:|1785616588
|move|p1b: Archaludon|Protect|p1b: Archaludon
|-singleturn|p1b: Archaludon|Protect
|move|p2a: Talonflame|Brave Bird|p1a: Politoed
|-damage|p1a: Politoed|6/100
|-enditem|p1a: Politoed|Sitrus Berry|[eat]
|-heal|p1a: Politoed|31/100|[from] item: Sitrus Berry
|-damage|p2a: Talonflame|0 fnt|[from] Recoil
|faint|p2a: Talonflame
|move|p2b: Garchomp|Earthquake|p1a: Politoed|[spread] p1a
|-activate|p1b: Archaludon|move: Protect
|-damage|p1a: Politoed|0 fnt
|faint|p1a: Politoed
|
|-weather|RainDance|[upkeep]
|-heal|p1b: Archaludon|45/100|[from] item: Leftovers
|upkeep
|
|t:|1785616605
|switch|p2a: Palafin|Palafin, L50, F|100/100
|switch|p1a: Vivillon|Vivillon-Jungle, L50, F|100/100
|turn|3
|
|t:|1785616627
|switch|p1b: Swampert|Swampert, L50, M|100/100
|move|p2a: Palafin|Close Combat|p1b: Swampert
|-damage|p1b: Swampert|67/100
|-unboost|p2a: Palafin|def|1
|-unboost|p2a: Palafin|spd|1
|move|p2b: Garchomp|Rock Slide|p1b: Swampert|[spread] p1a,p1b
|-supereffective|p1a: Vivillon|2
|-resisted|p1b: Swampert|1
|-enditem|p1a: Vivillon|Focus Sash
|-damage|p1a: Vivillon|1/100
|-damage|p1b: Swampert|52/100
|cant|p1a: Vivillon|flinch
|
|-weather|RainDance|[upkeep]
|upkeep
|turn|4
|inactive|elpibevgc has 30 seconds left.
|
|t:|1785616653
|detailschange|p2a: Palafin|Palafin-Hero, L50, F
|switch|p2a: Tyranitar|Tyranitar, L50, M|100/100
|-weather|Sandstorm|[from] ability: Sand Stream|[of] p2a: Tyranitar
|detailschange|p1b: Swampert|Swampert-Mega, L50, M
|-mega|p1b: Swampert|Swampert|Swampertite
|move|p1a: Vivillon|Rage Powder|p1a: Vivillon
|-singleturn|p1a: Vivillon|move: Rage Powder
|move|p2b: Garchomp|Rock Slide|p1b: Swampert|[spread] p1a,p1b
|-supereffective|p1a: Vivillon|2
|-resisted|p1b: Swampert|1
|-damage|p1a: Vivillon|0 fnt
|-damage|p1b: Swampert|36/100
|faint|p1a: Vivillon
|move|p1b: Swampert|Ice Punch|p2b: Garchomp
|-supereffective|p2b: Garchomp|2
|-damage|p2b: Garchomp|10/100
|
|-weather|Sandstorm|[upkeep]
|-sideend|p2: Lagv|move: Tailwind
|upkeep
|
|t:|1785616669
|switch|p1a: Archaludon|Archaludon, L50, F|45/100
|turn|5
|inactive|elpibevgc has 30 seconds left.
|inactive|Lagv has 30 seconds left.
|inactive|Lagv has 20 seconds left.
|
|t:|1785616704
|move|p1a: Archaludon|Protect|p1a: Archaludon
|-singleturn|p1a: Archaludon|Protect
|move|p1b: Swampert|Earthquake|p2a: Tyranitar|[spread] p2a,p2b
|-activate|p1a: Archaludon|move: Protect
|-supereffective|p2a: Tyranitar|1
|-damage|p2a: Tyranitar|11/100
|-damage|p2b: Garchomp|0 fnt
|faint|p2b: Garchomp
|move|p2a: Tyranitar|High Horsepower|p1a: Archaludon
|-activate|p1a: Archaludon|move: Protect
|
|-weather|Sandstorm|[upkeep]
|-heal|p1a: Archaludon|51/100|[from] item: Leftovers
|upkeep
|
|t:|1785616717
|switch|p2b: Palafin|Palafin-Hero, L50, F|100/100
|-activate|p2b: Palafin|ability: Zero to Hero
|turn|6
|
|t:|1785616736
|move|p1a: Archaludon|Protect||[still]
|-fail|p1a: Archaludon
|move|p2b: Palafin|Close Combat|p1a: Archaludon
|-supereffective|p1a: Archaludon|1
|-damage|p1a: Archaludon|0 fnt
|-unboost|p2b: Palafin|def|1
|-unboost|p2b: Palafin|spd|1
|faint|p1a: Archaludon
|move|p1b: Swampert|Earthquake|p2a: Tyranitar|[spread] p2a,p2b
|-supereffective|p2a: Tyranitar|1
|-damage|p2a: Tyranitar|0 fnt
|-damage|p2b: Palafin|24/100
|faint|p2a: Tyranitar
|
|-weather|Sandstorm|[upkeep]
|-damage|p2b: Palafin|18/100|[from] Sandstorm
|upkeep
|turn|7
|
|t:|1785616752
|move|p1b: Swampert|Protect|p1b: Swampert
|-singleturn|p1b: Swampert|Protect
|move|p2b: Palafin|Close Combat|p1b: Swampert
|-activate|p1b: Swampert|move: Protect
|
|-weather|Sandstorm|[upkeep]
|-damage|p2b: Palafin|12/100|[from] Sandstorm
|upkeep
|turn|8
|
|t:|1785616763
|move|p2b: Palafin|Close Combat|p1b: Swampert
|-damage|p1b: Swampert|0 fnt
|-unboost|p2b: Palafin|def|1
|-unboost|p2b: Palafin|spd|1
|faint|p1b: Swampert
|
|win|Lagv
