|j|☆dambro222
|j|☆tortilla sorpresa
|html|dambro222tortilla sorpresa    
|uhtml|bestof|Game 1 of a best-of-3
|t:|1756298087
|gametype|doubles
|player|p1|dambro222|ethan|1158
|player|p2|tortilla sorpresa|ghetsis-gen5bw|1066
|gen|9
|tier|[Gen 9] VGC 2025 Reg H (Bo3)
|rated|
|rule|Species Clause: Limit one of each Pokémon
|rule|Item Clause: Limit 1 of each item
|clearpoke
|poke|p1|Dragonite, L50, M|
|poke|p1|Volcarona, L50, F|
|poke|p1|Sneasler, L50, M|
|poke|p1|Rillaboom, L50, M|
|poke|p1|Electabuzz, L50, M|
|poke|p1|Kingambit, L50, M|
|poke|p2|Weezing-Galar, L50, M|
|poke|p2|Sneasler, L50, F|
|poke|p2|Toedscruel, L50, M|
|poke|p2|Pelipper, L50, F|
|poke|p2|Basculegion, L50, M|
|poke|p2|Armarouge, L50, M|
|teampreview|4
|showteam|p1|Dragonite||LoadedDice|Multiscale|ScaleShot,ExtremeSpeed,Haze,Protect|||M|||50|,,,,,Fairy]Volcarona||CovertCloak|FlameBody|HeatWave,TeraBlast,QuiverDance,Protect|||F|||50|,,,,,Fairy]Sneasler||FocusSash|Unburden|CloseCombat,DireClaw,Coaching,Protect|||M|||50|,,,,,Stellar]Rillaboom||AssaultVest|GrassySurge|WoodHammer,GrassyGlide,HighHorsepower,FakeOut|||M|||50|,,,,,Water]Electabuzz||Eviolite|VitalSpirit|Electroweb,FollowMe,Taunt,Protect|||M|||50|,,,,,Ghost]Kingambit||BlackGlasses|Defiant|KowtowCleave,SuckerPunch,SwordsDance,Protect|||M|||50|,,,,,Dark
|showteam|p2|Weezing-Galar||BlackSludge|NeutralizingGas|DazzlingGleam,Taunt,Flamethrower,SludgeBomb|||M|||50|,,,,,Fire]Sneasler||ExpertBelt|PoisonTouch|ThroatChop,DireClaw,CloseCombat,FakeOut|||F|||50|,,,,,Dark]Toedscruel||CovertCloak|MyceliumMight|Spore,RagePowder,LeafStorm,EarthPower|||M|||50|,,,,,Ground]Pelipper||AbilityShield|Drizzle|Tailwind,Hurricane,Protect,WideGuard|||F|||50|,,,,,Ground]Basculegion||LifeOrb|SwiftSwim|AquaJet,WaveCrash,Protect,LastRespects|||M|||50|,,,,,Ghost]Armarouge||AssaultVest|FlashFire|HeatWave,EnergyBall,ScorchingSands,Psyshock|||M|||50|,,,,,Grass
|inactive|Battle timer is ON: inactive players will automatically lose when time's up. (requested by tortilla sorpresa)
|inactive|dambro222 also wants the timer to be on.
|inactive|dambro222 has 60 seconds left.
|inactive|tortilla sorpresa has 60 seconds left.
|
|t:|1756298134
|teamsize|p1|4
|teamsize|p2|4
|start
|switch|p1a: Electabuzz|Electabuzz, L50, M|100/100
|switch|p1b: Kingambit|Kingambit, L50, M, shiny|100/100
|switch|p2a: Weezing|Weezing-Galar, L50, M|100/100
|switch|p2b: Toedscruel|Toedscruel, L50, M|100/100
|-ability|p2a: Weezing|Neutralizing Gas
|turn|1
|inactive|dambro222 has 30 seconds left.
|
|t:|1756298160
|move|p1b: Kingambit|Protect|p1b: Kingambit
|-singleturn|p1b: Kingambit|Protect
|move|p2b: Toedscruel|Spore|p1a: Electabuzz
|-status|p1a: Electabuzz|slp|[from] move: Spore
|cant|p1a: Electabuzz|slp
|move|p2a: Weezing|Taunt|p1b: Kingambit
|-activate|p1b: Kingambit|move: Protect
|
|upkeep
|turn|2
|
|t:|1756298181
|switch|p1b: Rillaboom|Rillaboom, L50, M|100/100
|move|p2b: Toedscruel|Earth Power|p1b: Rillaboom
|-resisted|p1b: Rillaboom
|-damage|p1b: Rillaboom|90/100
|cant|p1a: Electabuzz|slp
|move|p2a: Weezing|Flamethrower|p1b: Rillaboom
|-supereffective|p1b: Rillaboom
|-damage|p1b: Rillaboom|54/100
|
|upkeep
|turn|3
|
|t:|1756298199
|move|p1b: Rillaboom|Fake Out|p2a: Weezing
|-damage|p2a: Weezing|86/100
|move|p2b: Toedscruel|Earth Power|p1a: Electabuzz
|-supereffective|p1a: Electabuzz
|-damage|p1a: Electabuzz|57/100 slp
|-curestatus|p1a: Electabuzz|slp|[msg]
|move|p1a: Electabuzz|Taunt|p2b: Toedscruel
|-start|p2b: Toedscruel|move: Taunt
|cant|p2a: Weezing|flinch
|
|-heal|p2a: Weezing|91/100|[from] item: Black Sludge
|upkeep
|turn|4
|inactive|tortilla sorpresa has 30 seconds left.
|inactive|tortilla sorpresa has 20 seconds left.
|
|t:|1756298239
|move|p2b: Toedscruel|Earth Power|p1b: Rillaboom
|-resisted|p1b: Rillaboom
|-damage|p1b: Rillaboom|45/100
|move|p1a: Electabuzz|Electroweb|p2a: Weezing|[spread] p2a
|-immune|p2b: Toedscruel
|-damage|p2a: Weezing|71/100
|-unboost|p2a: Weezing|spe|1
|move|p1b: Rillaboom|High Horsepower|p2a: Weezing
|-supereffective|p2a: Weezing
|-damage|p2a: Weezing|3/100
|move|p2a: Weezing|Sludge Bomb|p1b: Rillaboom
|-supereffective|p1b: Rillaboom
|-damage|p1b: Rillaboom|0 fnt
|faint|p1b: Rillaboom
|
|-heal|p2a: Weezing|9/100|[from] item: Black Sludge
|upkeep
|
|t:|1756298260
|switch|p1b: Kingambit|Kingambit, L50, M, shiny|100/100
|turn|5
|
|t:|1756298281
|-terastallize|p2b: Toedscruel|Ground
|-terastallize|p1b: Kingambit|Dark
|move|p2b: Toedscruel|Earth Power|p1b: Kingambit
|-damage|p1b: Kingambit|67/100
|move|p1a: Electabuzz|Electroweb|p2b: Toedscruel|[spread] p2a
|-immune|p2b: Toedscruel
|-damage|p2a: Weezing|0 fnt
|faint|p2a: Weezing
|-end|p2a: Weezing|ability: Neutralizing Gas
|move|p1b: Kingambit|Kowtow Cleave|p2b: Toedscruel
|-damage|p2b: Toedscruel|0 fnt
|faint|p2b: Toedscruel
|
|upkeep
|
|t:|1756298290
|switch|p2b: Armarouge|Armarouge, L50, M|100/100
|switch|p2a: Sneasler|Sneasler, L50, F|100/100
|turn|6
|
|t:|1756298304
|move|p2a: Sneasler|Fake Out|p1a: Electabuzz
|-damage|p1a: Electabuzz|45/100
|cant|p1a: Electabuzz|flinch
|move|p1b: Kingambit|Sucker Punch|p2b: Armarouge
|-supereffective|p2b: Armarouge
|-crit|p2b: Armarouge
|-damage|p2b: Armarouge|0 fnt
|faint|p2b: Armarouge
|
|upkeep
|turn|7
|
|t:|1756298317
|move|p1a: Electabuzz|Follow Me|p1a: Electabuzz
|-singleturn|p1a: Electabuzz|move: Follow Me
|move|p2a: Sneasler|Close Combat|p1a: Electabuzz
|-damage|p1a: Electabuzz|0 fnt
|-unboost|p2a: Sneasler|def|1
|-unboost|p2a: Sneasler|spd|1
|faint|p1a: Electabuzz
|move|p1b: Kingambit|Kowtow Cleave|p2a: Sneasler
|-resisted|p2a: Sneasler
|-damage|p2a: Sneasler|0 fnt
|faint|p2a: Sneasler
|
|win|dambro222
||tortilla sorpresa is ready for game 2.
||dambro222 is ready for game 2.
|uhtml|next|Next: Game 2 of 3
|l|☆dambro222
|player|p1|
|l|☆tortilla sorpresa
|player|p2|
|j|☆dambro222
|player|p1|dambro222|ethan|
