|j|☆hamlessmel
|j|☆MrPhoenixGC
|html|hamlessmelMrPhoenixGC    
|uhtml|bestof|Game 2 of a best-of-3
|t:|1757648097
|gametype|doubles
|player|p1|hamlessmel|dawn-gen4pt|1070
|player|p2|MrPhoenixGC|steven|1099
|gen|9
|tier|[Gen 9] VGC 2025 Reg H (Bo3)
|rated|
|rule|Species Clause: Limit one of each Pokémon
|rule|Item Clause: Limit 1 of each item
|clearpoke
|poke|p1|Excadrill, L50, F|
|poke|p1|Tyranitar, L50, M|
|poke|p1|Sneasler, L50, M|
|poke|p1|Indeedee, L50, M|
|poke|p1|Annihilape, L50, F|
|poke|p1|Corviknight, L50, F|
|poke|p2|Gholdengo, L50|
|poke|p2|Pelipper, L50, F|
|poke|p2|Archaludon, L50, M|
|poke|p2|Ursaluna, L50, F|
|poke|p2|Dragonite, L50, F|
|poke|p2|Sinistcha, L50|
|teampreview|4
|showteam|p1|Excadrill||FocusSash|SandRush|Protect,IronHead,HighHorsepower,Earthquake|||F|||50|,,,,,Stellar]Tyranitar||AssaultVest|SandStream|KnockOff,RockSlide,TeraBlast,LowKick|||M|||50|,,,,,Flying]Sneasler||PsychicSeed|Unburden|ThroatChop,CloseCombat,Protect,DireClaw|||M|||50|,,,,,Dark]Indeedee||ChoiceScarf|PsychicSurge|TeraBlast,ExpandingForce,Protect,Trick|||M|||50|,,,,,Fighting]Annihilape||SafetyGoggles|VitalSpirit|Taunt,RageFist,CloseCombat,FinalGambit|||F|||50|,,,,,Water]Corviknight||Leftovers|MirrorArmor|Tailwind,BulkUp,Roost,BraveBird|||F|||50|,,,,,Dragon
|showteam|p2|Gholdengo||LifeOrb|GoodasGold|MakeItRain,ShadowBall,NastyPlot,Protect||||||50|,,,,,Dragon]Pelipper||FocusSash|Drizzle|Protect,MuddyWater,Hurricane,WideGuard|||F|||50|,,,,,Ground]Archaludon||AssaultVest|Stamina|BodyPress,Snarl,ElectroShot,FlashCannon|||M|||50|,,,,,Bug]Ursaluna||FlameOrb|Guts|Protect,Facade,Earthquake,HeadlongRush|||F|||50|,,,,,Ghost]Dragonite||LoadedDice|Multiscale|ScaleShot,Haze,Tailwind,Protect|||F|||50|,,,,,Fairy]Sinistcha||SitrusBerry|Hospitality|TrickRoom,MatchaGotcha,LifeDew,RagePowder||||||50|,,,,,Dark
|
|t:|1757648127
|teamsize|p1|4
|teamsize|p2|4
|start
|switch|p1a: Annihilape|Annihilape, L50, F, shiny|100/100
|switch|p1b: Corviknight|Corviknight, L50, F, shiny|100/100
|switch|p2a: Gholdengo|Gholdengo, L50|100/100
|switch|p2b: Dragonite|Dragonite, L50, F|100/100
|turn|1
|
|t:|1757648164
|move|p1a: Annihilape|Final Gambit|p2b: Dragonite
|-damage|p2b: Dragonite|0 fnt
|faint|p1a: Annihilape
|faint|p2b: Dragonite
|move|p2a: Gholdengo|Nasty Plot|p2a: Gholdengo
|-boost|p2a: Gholdengo|spa|2
|move|p1b: Corviknight|Bulk Up|p1b: Corviknight
|-boost|p1b: Corviknight|atk|1
|-boost|p1b: Corviknight|def|1
|
|upkeep
|
|t:|1757648174
|switch|p1a: Excadrill|Excadrill, L50, F, shiny|100/100
|switch|p2b: Archaludon|Archaludon, L50, M|100/100
|turn|2
|
|t:|1757648196
|-terastallize|p2b: Archaludon|Bug
|move|p2a: Gholdengo|Protect|p2a: Gholdengo
|-singleturn|p2a: Gholdengo|Protect
|move|p1a: Excadrill|Earthquake|p2b: Archaludon|[spread] p2b
|-activate|p2a: Gholdengo|move: Protect
|-immune|p1b: Corviknight
|-resisted|p2b: Archaludon
|-damage|p2b: Archaludon|87/100
|-ability|p2b: Archaludon|Stamina|boost
|-boost|p2b: Archaludon|def|1
|move|p2b: Archaludon|Body Press|p1a: Excadrill
|-supereffective|p1a: Excadrill
|-enditem|p1a: Excadrill|Focus Sash
|-damage|p1a: Excadrill|1/100
|move|p1b: Corviknight|Brave Bird|p2b: Archaludon
|-supereffective|p2b: Archaludon
|-damage|p2b: Archaludon|25/100
|-ability|p2b: Archaludon|Stamina|boost
|-boost|p2b: Archaludon|def|1
|-damage|p1b: Corviknight|80/100|[from] Recoil
|
|-heal|p1b: Corviknight|85/100|[from] item: Leftovers
|upkeep
|turn|3
|
|t:|1757648233
|-terastallize|p1b: Corviknight|Dragon
|move|p1a: Excadrill|Protect|p1a: Excadrill
|-singleturn|p1a: Excadrill|Protect
|move|p2a: Gholdengo|Make It Rain|p1a: Excadrill|[spread] p1b
|-activate|p1a: Excadrill|move: Protect
|-damage|p1b: Corviknight|0 fnt
|-unboost|p2a: Gholdengo|spa|1
|faint|p1b: Corviknight
|-damage|p2a: Gholdengo|91/100|[from] item: Life Orb
|move|p2b: Archaludon|Body Press|p1a: Excadrill
|-activate|p1a: Excadrill|move: Protect
|
|upkeep
|
|t:|1757648246
|switch|p1b: Tyranitar|Tyranitar, L50, M, shiny|100/100
|-weather|Sandstorm|[from] ability: Sand Stream|[of] p1b: Tyranitar
|turn|4
|
|t:|1757648265
|move|p2a: Gholdengo|Protect|p2a: Gholdengo
|-singleturn|p2a: Gholdengo|Protect
|move|p1a: Excadrill|High Horsepower|p2a: Gholdengo
|-activate|p2a: Gholdengo|move: Protect
|move|p2b: Archaludon|Body Press|p1b: Tyranitar
|-supereffective|p1b: Tyranitar
|-damage|p1b: Tyranitar|0 fnt
|faint|p1b: Tyranitar
|
|-weather|Sandstorm|[upkeep]
|-damage|p2b: Archaludon|19/100|[from] Sandstorm
|upkeep
|turn|5
|-message|hamlessmel forfeited.
|
|win|MrPhoenixGC
|raw|hamlessmel's rating: 1070 → 1051(-19 for losing)
|raw|MrPhoenixGC's rating: 1099 → 1122(+23 for winning)
|l|☆hamlessmel
|player|p1|
