|j|☆no_dupes
|j|☆Urkin' Pincurchin
|html|no_dupesUrkin' Pincurchin    
|uhtml|bestof|Game 2 of a best-of-3
|t:|1757035318
|gametype|doubles
|player|p1|no_dupes|brock-gen2|1344
|player|p2|Urkin' Pincurchin|fisherman-gen4|1396
|gen|9
|tier|[Gen 9] VGC 2025 Reg H (Bo3)
|rated|
|rule|Species Clause: Limit one of each Pokémon
|rule|Item Clause: Limit 1 of each item
|clearpoke
|poke|p1|Sneasler, L50, F|
|poke|p1|Indeedee, L50, M|
|poke|p1|Volcarona, L50, F|
|poke|p1|Ursaluna-Bloodmoon, L50, M|
|poke|p1|Annihilape, L50, M|
|poke|p1|Tyranitar, L50, M|
|poke|p2|Ninetales-Alola, L50, F|
|poke|p2|Dragonite, L50, M|
|poke|p2|Volcarona, L50, F|
|poke|p2|Incineroar, L50, M|
|poke|p2|Rillaboom, L50, M|
|poke|p2|Basculegion, L50, M|
|teampreview|4
|showteam|p1|Sneasler||PsychicSeed|Unburden|CloseCombat,DireClaw,ThroatChop,Protect|||F|||50|,,,,,Dark]Indeedee||ChoiceScarf|PsychicSurge|ExpandingForce,TeraBlast,Trick,Protect|||M|||50|,,,,,Psychic]Volcarona||SitrusBerry|FlameBody|Overheat,StruggleBug,RagePowder,Tailwind|||F|||50|,,,,,Grass]Ursaluna-Bloodmoon||LifeOrb|MindsEye|BloodMoon,HyperVoice,EarthPower,Protect|||M|||50|,,,,,Normal]Annihilape||SafetyGoggles|Defiant|CloseCombat,RageFist,Taunt,FinalGambit|||M|||50|,,,,,Fairy]Tyranitar||AssaultVest|SandStream|RockSlide,KnockOff,TeraBlast,LowKick|||M|||50|,,,,,Flying
|showteam|p2|Ninetales-Alola||FocusSash|SnowWarning|Blizzard,IcyWind,AuroraVeil,Encore|||F|||50|,,,,,Ghost]Dragonite||LoadedDice|Multiscale|ScaleShot,Tailwind,Protect,Haze|||M|||50|,,,,,Fairy]Volcarona||Leftovers|FlameBody|HeatWave,TeraBlast,QuiverDance,Protect|||F|||50|,,,,,Fairy]Incineroar||SafetyGoggles|Intimidate|FlareBlitz,KnockOff,FakeOut,PartingShot|||M|||50|,,,,,Ghost]Rillaboom||AssaultVest|GrassySurge|WoodHammer,GrassyGlide,HighHorsepower,FakeOut|||M|||50|,,,,,Ghost]Basculegion||ChoiceScarf|SwiftSwim|WaveCrash,LastRespects,FlipTurn,AquaJet|||M|||50|,,,,,Water
|inactive|Battle timer is ON: inactive players will automatically lose when time's up. (requested by Urkin' Pincurchin)
|inactive|no_dupes has 60 seconds left.
|inactive|no_dupes has 30 seconds left.
|inactive|no_dupes has 20 seconds left.
|inactive|no_dupes has 15 seconds left.
|
|t:|1757035398
|teamsize|p1|4
|teamsize|p2|4
|start
|switch|p1a: Indeedee|Indeedee, L50, M|100/100
|switch|p1b: Sneasler|Sneasler, L50, F, shiny|100/100
|switch|p2a: Basculegion|Basculegion, L50, M|100/100
|switch|p2b: Incineroar|Incineroar, L50, M|100/100
|-fieldstart|move: Psychic Terrain|[from] ability: Psychic Surge|[of] p1a: Indeedee
|-enditem|p1b: Sneasler|Psychic Seed
|-boost|p1b: Sneasler|spd|1|[from] item: Psychic Seed
|-ability|p2b: Incineroar|Intimidate|boost
|-unboost|p1a: Indeedee|atk|1
|-unboost|p1b: Sneasler|atk|1
|turn|1
|inactive|no_dupes has 30 seconds left.
|inactive|no_dupes has 20 seconds left.
|
|t:|1757035436
|switch|p1a: Tyranitar|Tyranitar, L50, M|100/100
|-weather|Sandstorm|[from] ability: Sand Stream|[of] p1a: Tyranitar
|switch|p2a: Rillaboom|Rillaboom, L50, M|100/100
|-fieldstart|move: Grassy Terrain|[from] ability: Grassy Surge|[of] p2a: Rillaboom
|move|p1b: Sneasler|Dire Claw|p2a: Rillaboom
|-supereffective|p2a: Rillaboom
|-damage|p2a: Rillaboom|51/100
|move|p2b: Incineroar|Knock Off|p1a: Tyranitar
|-resisted|p1a: Tyranitar
|-damage|p1a: Tyranitar|83/100
|-enditem|p1a: Tyranitar|Assault Vest|[from] move: Knock Off|[of] p2b: Incineroar
|
|-weather|Sandstorm|[upkeep]
|-damage|p1b: Sneasler|95/100|[from] Sandstorm
|-damage|p2a: Rillaboom|45/100|[from] Sandstorm
|-heal|p1b: Sneasler|100/100|[from] Grassy Terrain
|-heal|p2a: Rillaboom|51/100|[from] Grassy Terrain
|-heal|p1a: Tyranitar|89/100|[from] Grassy Terrain
|upkeep
|turn|2
|
|t:|1757035458
|switch|p1a: Volcarona|Volcarona, L50, F, shiny|100/100
|move|p1b: Sneasler|Dire Claw|p2a: Rillaboom
|-supereffective|p2a: Rillaboom
|-damage|p2a: Rillaboom|0 fnt
|faint|p2a: Rillaboom
|move|p2b: Incineroar|Parting Shot|p1a: Volcarona
|-unboost|p1a: Volcarona|atk|1
|-unboost|p1a: Volcarona|spa|1
|
|t:|1757035468
|switch|p2b: Volcarona|Volcarona, L50, F|100/100|[from] Parting Shot
|
|-weather|Sandstorm|[upkeep]
|-damage|p1b: Sneasler|95/100|[from] Sandstorm
|-damage|p1a: Volcarona|94/100|[from] Sandstorm
|-damage|p2b: Volcarona|94/100|[from] Sandstorm
|-heal|p1b: Sneasler|100/100|[from] Grassy Terrain
|-heal|p1a: Volcarona|100/100|[from] Grassy Terrain
|-heal|p2b: Volcarona|100/100|[from] Grassy Terrain
|upkeep
|
|t:|1757035469
|switch|p2a: Basculegion|Basculegion, L50, M|100/100
|turn|3
|
|t:|1757035489
|move|p1b: Sneasler|Dire Claw|p2b: Volcarona
|-damage|p2b: Volcarona|65/100
|-status|p2b: Volcarona|slp
|move|p2a: Basculegion|Last Respects|p1a: Volcarona
|-damage|p1a: Volcarona|47/100
|-enditem|p1a: Volcarona|Sitrus Berry|[eat]
|-heal|p1a: Volcarona|72/100|[from] item: Sitrus Berry
|move|p1a: Volcarona|Tailwind|p1a: Volcarona
|-sidestart|p1: no_dupes|move: Tailwind
|cant|p2b: Volcarona|slp
|
|-weather|Sandstorm|[upkeep]
|-damage|p1b: Sneasler|95/100|[from] Sandstorm
|-damage|p1a: Volcarona|65/100|[from] Sandstorm
|-damage|p2a: Basculegion|94/100|[from] Sandstorm
|-damage|p2b: Volcarona|58/100 slp|[from] Sandstorm
|-heal|p1b: Sneasler|100/100|[from] Grassy Terrain
|-heal|p1a: Volcarona|72/100|[from] Grassy Terrain
|-heal|p2a: Basculegion|100/100|[from] Grassy Terrain
|-heal|p2b: Volcarona|65/100 slp|[from] Grassy Terrain
|-heal|p2b: Volcarona|71/100 slp|[from] item: Leftovers
|upkeep
|turn|4
|
|t:|1757035501
|switch|p2a: Incineroar|Incineroar, L50, M|100/100
|-ability|p2a: Incineroar|Intimidate|boost
|-unboost|p1a: Volcarona|atk|1
|-unboost|p1b: Sneasler|atk|1
|-curestatus|p2b: Volcarona|slp|[msg]
|move|p2b: Volcarona|Protect|p2b: Volcarona
|-singleturn|p2b: Volcarona|Protect
|move|p1b: Sneasler|Throat Chop|p2a: Incineroar
|-resisted|p2a: Incineroar
|-damage|p2a: Incineroar|94/100
|-start|p2a: Incineroar|Throat Chop|[silent]
|move|p1a: Volcarona|Overheat|p2b: Volcarona
|-activate|p2b: Volcarona|move: Protect
|
|-weather|Sandstorm|[upkeep]
|-damage|p1b: Sneasler|95/100|[from] Sandstorm
|-damage|p1a: Volcarona|65/100|[from] Sandstorm
|-damage|p2b: Volcarona|65/100|[from] Sandstorm
|-heal|p1b: Sneasler|100/100|[from] Grassy Terrain
|-heal|p1a: Volcarona|72/100|[from] Grassy Terrain
|-heal|p2b: Volcarona|71/100|[from] Grassy Terrain
|-heal|p2b: Volcarona|77/100|[from] item: Leftovers
|-heal|p2a: Incineroar|99/100|[from] Grassy Terrain
|upkeep
|turn|5
|
|t:|1757035521
|switch|p1b: Tyranitar|Tyranitar, L50, M|89/100
|switch|p1a: Indeedee|Indeedee, L50, M|100/100
|-fieldstart|move: Psychic Terrain|[from] ability: Psychic Surge|[of] p1a: Indeedee
|move|p2b: Volcarona|Quiver Dance|p2b: Volcarona
|-boost|p2b: Volcarona|spa|1
|-boost|p2b: Volcarona|spd|1
|-boost|p2b: Volcarona|spe|1
|move|p2a: Incineroar|Knock Off|p1a: Indeedee
|-supereffective|p1a: Indeedee
|-damage|p1a: Indeedee|0 fnt
|-enditem|p1a: Indeedee|Choice Scarf|[from] move: Knock Off|[of] p2a: Incineroar
|faint|p1a: Indeedee
|
|-weather|none
|-heal|p2b: Volcarona|83/100|[from] item: Leftovers
|-end|p2a: Incineroar|Throat Chop|[silent]
|upkeep
|
|t:|1757035526
|switch|p1a: Volcarona|Volcarona, L50, F, shiny|72/100
|turn|6
|
|t:|1757035533
|move|p2b: Volcarona|Protect|p2b: Volcarona
|-singleturn|p2b: Volcarona|Protect
|move|p1a: Volcarona|Overheat|p2b: Volcarona
|-activate|p2b: Volcarona|move: Protect
|move|p1b: Tyranitar|Rock Slide|p2b: Volcarona|[spread] p2a
|-activate|p2b: Volcarona|move: Protect
|-supereffective|p2a: Incineroar
|-damage|p2a: Incineroar|49/100
|cant|p2a: Incineroar|flinch
|
|-heal|p2b: Volcarona|90/100|[from] item: Leftovers
|-sideend|p1: no_dupes|move: Tailwind
|upkeep
|turn|7
|
|t:|1757035547
|-terastallize|p2b: Volcarona|Fairy
|move|p2b: Volcarona|Tera Blast|p1b: Tyranitar|[anim] Tera Blast Fairy
|-supereffective|p1b: Tyranitar
|-damage|p1b: Tyranitar|0 fnt
|faint|p1b: Tyranitar
|move|p1a: Volcarona|Overheat|p2b: Volcarona
|-damage|p2b: Volcarona|55/100
|-unboost|p1a: Volcarona|spa|2
|move|p2a: Incineroar|Parting Shot|p1a: Volcarona
|-unboost|p1a: Volcarona|atk|1
|-unboost|p1a: Volcarona|spa|1
|
|t:|1757035551
|switch|p2a: Basculegion|Basculegion, L50, M|100/100|[from] Parting Shot
|
|-heal|p2b: Volcarona|61/100|[from] item: Leftovers
|upkeep
|
|t:|1757035561
|switch|p1b: Sneasler|Sneasler, L50, F, shiny|100/100
|turn|8
|
|t:|1757035574
|move|p2b: Volcarona|Protect|p2b: Volcarona
|-singleturn|p2b: Volcarona|Protect
|move|p1a: Volcarona|Rage Powder|p1a: Volcarona
|-singleturn|p1a: Volcarona|move: Rage Powder
|move|p2a: Basculegion|Wave Crash|p1a: Volcarona
|-supereffective|p1a: Volcarona
|-damage|p1a: Volcarona|0 fnt
|faint|p1a: Volcarona
|-damage|p2a: Basculegion|79/100|[from] Recoil
|move|p1b: Sneasler|Dire Claw|p2b: Volcarona
|-activate|p2b: Volcarona|move: Protect
|
|-heal|p2b: Volcarona|67/100|[from] item: Leftovers
|upkeep
|turn|9
|
|t:|1757035582
|move|p2a: Basculegion|Wave Crash|p1b: Sneasler
|-damage|p1b: Sneasler|0 fnt
|faint|p1b: Sneasler
|-damage|p2a: Basculegion|53/100|[from] Recoil
|
|win|Urkin' Pincurchin
||Urkin' Pincurchin is ready for game 3.
|inactive|no_dupes has 30 seconds to confirm battle start!
