|j|☆senhoritalo_test_r
|j|☆AngrrryGuy
|html|senhoritalo_test_rAngrrryGuy    
|uhtml|bestof|Game 1 of a best-of-3
|t:|1757681711
|gametype|doubles
|player|p1|senhoritalo_test_r|102|1088
|player|p2|AngrrryGuy|1|1086
|gen|9
|tier|[Gen 9] VGC 2025 Reg H (Bo3)
|rated|
|rule|Species Clause: Limit one of each Pokémon
|rule|Item Clause: Limit 1 of each item
|clearpoke
|poke|p1|Whimsicott, L50, F|
|poke|p1|Garchomp, L50, F|
|poke|p1|Gholdengo, L50|
|poke|p1|Incineroar, L50, F|
|poke|p1|Sneasler, L50, F|
|poke|p1|Dragonite, L50, M|
|poke|p2|Dusclops, L50, M|
|poke|p2|Exeggutor-Alola, L50, M|
|poke|p2|Arcanine-Hisui, L50, F|
|poke|p2|Amoonguss, L50, F|
|poke|p2|Araquanid, L50, M|
|poke|p2|Conkeldurr, L50, F|
|teampreview|4
|showteam|p1|Whimsicott||FocusSash|Prankster|Moonblast,Tailwind,Encore,Protect|||F|||50|,,,,,Ghost]Garchomp||LifeOrb|RoughSkin|Earthquake,DragonClaw,StompingTantrum,Protect|||F|||50|,,,,,Ground]Gholdengo||ChoiceSpecs|GoodasGold|MakeItRain,ShadowBall,Trick,Protect||||||50|,,,,,Steel]Incineroar||AssaultVest|Intimidate|FakeOut,FlareBlitz,KnockOff,Uturn|||F|||50|,,,,,Grass]Sneasler||WhiteHerb|Unburden|FakeOut,DireClaw,CloseCombat,Protect|||F|||50|,,,,,Stellar]Dragonite||ChoiceBand|InnerFocus|ExtremeSpeed,Outrage,IceSpinner,StompingTantrum|||M|||50|,,,,,Normal
|showteam|p2|Dusclops||Eviolite|Pressure|TrickRoom,HelpingHand,Haze,Protect|||M|||50|,,,,,Dark]Exeggutor-Alola||SitrusBerry|Harvest|GigaDrain,CalmMind,DragonPulse,DracoMeteor|||M|||50|,,,,,Fire]Arcanine-Hisui||AssaultVest|Intimidate|Snarl,RockSlide,FlareBlitz,CloseCombat|||F|||50|,,,,,Dragon]Amoonguss||MentalHerb|EffectSpore|RagePowder,PollenPuff,SludgeBomb,Spore|||F|||50|,,,,,Water]Araquanid||CovertCloak|WaterBubble|Liquidation,StickyWeb,Protect,IcyWind|||M|||50|,,,,,Water]Conkeldurr||FlameOrb|Guts|Detect,Facade,KnockOff,CloseCombat|||F|||50|,,,,,Fighting
|inactive|Battle timer is ON: inactive players will automatically lose when time's up. (requested by AngrrryGuy)
|inactive|senhoritalo_test_r has 60 seconds left.
|inactive|AngrrryGuy has 60 seconds left.
|inactive|senhoritalo_test_r has 30 seconds left.
|inactive|AngrrryGuy has 30 seconds left.
|inactive|senhoritalo_test_r has 20 seconds left.
|inactive|AngrrryGuy has 20 seconds left.
|inactive|senhoritalo_test_r has 15 seconds left.
|inactive|AngrrryGuy has 15 seconds left.
|inactive|senhoritalo_test_r has 10 seconds left.
|inactive|senhoritalo_test_r has 5 seconds left.
|
|t:|1757681798
|teamsize|p1|4
|teamsize|p2|4
|start
|switch|p1a: Incineroar|Incineroar, L50, F|100/100
|switch|p1b: Dragonite|Dragonite, L50, M|100/100
|switch|p2a: Arcanine|Arcanine-Hisui, L50, F|100/100
|switch|p2b: Dusclops|Dusclops, L50, M|100/100
|-ability|p2a: Arcanine|Intimidate|boost
|-unboost|p1a: Incineroar|atk|1
|-fail|p1b: Dragonite|unboost|Attack|[from] ability: Inner Focus|[of] p1b: Dragonite
|-ability|p1a: Incineroar|Intimidate|boost
|-unboost|p2a: Arcanine|atk|1
|-unboost|p2b: Dusclops|atk|1
|-ability|p2b: Dusclops|Pressure
|turn|1
|inactive|senhoritalo_test_r has 30 seconds left.
|inactive|AngrrryGuy has 30 seconds left.
|
|t:|1757681829
|move|p2a: Arcanine|Rock Slide|p1a: Incineroar|[spread] p1a,p1b
|-supereffective|p1a: Incineroar
|-supereffective|p1b: Dragonite
|-damage|p1a: Incineroar|76/100
|-damage|p1b: Dragonite|74/100
|move|p1b: Dragonite|Stomping Tantrum|p2b: Dusclops
|-damage|p2b: Dusclops|74/100
|cant|p1a: Incineroar|flinch
|move|p2b: Dusclops|Trick Room|p2b: Dusclops
|-fieldstart|move: Trick Room|[of] p2b: Dusclops
|
|upkeep
|turn|2
|inactive|AngrrryGuy has 30 seconds left.
|
|t:|1757681860
|switch|p2b: Amoonguss|Amoonguss, L50, F|100/100
|switch|p2a: Araquanid|Araquanid, L50, M|100/100
|move|p1a: Incineroar|Knock Off|p2a: Araquanid
|-damage|p2a: Araquanid|74/100
|-enditem|p2a: Araquanid|Covert Cloak|[from] move: Knock Off|[of] p1a: Incineroar
|move|p1b: Dragonite|Stomping Tantrum|p2a: Araquanid
|-resisted|p2a: Araquanid
|-damage|p2a: Araquanid|51/100
|
|upkeep
|turn|3
|inactive|AngrrryGuy has 30 seconds left.
|
|t:|1757681891
|switch|p1a: Whimsicott|Whimsicott, L50, F, shiny|100/100
|-terastallize|p2a: Araquanid|Water
|move|p2b: Amoonguss|Spore|p1a: Whimsicott
|-immune|p1a: Whimsicott
|move|p2a: Araquanid|Liquidation|p1b: Dragonite
|-resisted|p1b: Dragonite
|-damage|p1b: Dragonite|32/100
|move|p1b: Dragonite|Stomping Tantrum|p2b: Amoonguss
|-damage|p2b: Amoonguss|60/100
|
|upkeep
|turn|4
|inactive|senhoritalo_test_r has 30 seconds left.
|
|t:|1757681919
|move|p2b: Amoonguss|Sludge Bomb|p1a: Whimsicott
|-supereffective|p1a: Whimsicott
|-enditem|p1a: Whimsicott|Focus Sash
|-damage|p1a: Whimsicott|1/100
|move|p2a: Araquanid|Icy Wind|p1a: Whimsicott|[spread] p1a,p1b
|-supereffective|p1a: Whimsicott
|-supereffective|p1b: Dragonite
|-damage|p1a: Whimsicott|0 fnt
|-damage|p1b: Dragonite|11/100
|-unboost|p1b: Dragonite|spe|1
|faint|p1a: Whimsicott
|move|p1b: Dragonite|Stomping Tantrum|p2b: Amoonguss
|-damage|p2b: Amoonguss|20/100
|-status|p1b: Dragonite|par|[from] ability: Effect Spore|[of] p2b: Amoonguss
|
|upkeep
|
|t:|1757681936
|switch|p1a: Garchomp|Garchomp, L50, F|100/100
|turn|5
|
|t:|1757681949
|move|p1a: Garchomp|Protect|p1a: Garchomp
|-singleturn|p1a: Garchomp|Protect
|move|p2b: Amoonguss|Pollen Puff|p2a: Araquanid
|-heal|p2a: Araquanid|100/100
|move|p1b: Dragonite|Stomping Tantrum|p2b: Amoonguss
|-damage|p2b: Amoonguss|0 fnt
|faint|p2b: Amoonguss
|move|p2a: Araquanid|Liquidation|p1a: Garchomp
|-activate|p1a: Garchomp|move: Protect
|
|-fieldend|move: Trick Room
|upkeep
|
|t:|1757681963
|switch|p2b: Arcanine|Arcanine-Hisui, L50, F|100/100
|-ability|p2b: Arcanine|Intimidate|boost
|-unboost|p1a: Garchomp|atk|1
|-fail|p1b: Dragonite|unboost|Attack|[from] ability: Inner Focus|[of] p1b: Dragonite
|turn|6
|
|t:|1757681980
|switch|p1b: Incineroar|Incineroar, L50, F|76/100
|-ability|p1b: Incineroar|Intimidate|boost
|-unboost|p2a: Araquanid|atk|1
|-unboost|p2b: Arcanine|atk|1
|move|p1a: Garchomp|Stomping Tantrum|p2b: Arcanine
|-supereffective|p2b: Arcanine
|-damage|p2b: Arcanine|8/100
|-damage|p1a: Garchomp|91/100|[from] item: Life Orb
|move|p2b: Arcanine|Rock Slide|p1a: Garchomp|[spread] p1a,p1b
|-resisted|p1a: Garchomp
|-supereffective|p1b: Incineroar
|-damage|p1a: Garchomp|84/100
|-damage|p1b: Incineroar|49/100
|move|p2a: Araquanid|Liquidation|p1a: Garchomp
|-damage|p1a: Garchomp|30/100
|-damage|p2a: Araquanid|88/100|[from] ability: Rough Skin|[of] p1a: Garchomp
|
|upkeep
|turn|7
|
|t:|1757682005
|switch|p1b: Dragonite|Dragonite, L50, M|11/100 par
|-terastallize|p1a: Garchomp|Ground
|move|p2a: Araquanid|Protect|p2a: Araquanid
|-singleturn|p2a: Araquanid|Protect
|move|p1a: Garchomp|Earthquake|p2a: Araquanid|[spread] p2b
|-activate|p2a: Araquanid|move: Protect
|-immune|p1b: Dragonite
|-supereffective|p2b: Arcanine
|-damage|p2b: Arcanine|0 fnt
|faint|p2b: Arcanine
|-damage|p1a: Garchomp|20/100|[from] item: Life Orb
|
|upkeep
|
|t:|1757682017
|switch|p2b: Dusclops|Dusclops, L50, M|74/100
|-ability|p2b: Dusclops|Pressure
|turn|8
|
|t:|1757682030
|move|p1a: Garchomp|Earthquake|p2a: Araquanid|[spread] p2a,p2b
|-immune|p1b: Dragonite
|-damage|p2a: Araquanid|44/100
|-damage|p2b: Dusclops|47/100
|-damage|p1a: Garchomp|11/100|[from] item: Life Orb
|cant|p1b: Dragonite|par
|move|p2a: Araquanid|Icy Wind|p1a: Garchomp|[spread] p1a,p1b
|-supereffective|p1a: Garchomp
|-supereffective|p1b: Dragonite
|-damage|p1a: Garchomp|0 fnt
|-damage|p1b: Dragonite|0 fnt
|faint|p1a: Garchomp
|faint|p1b: Dragonite
|move|p2b: Dusclops|Trick Room|p2b: Dusclops
|-fieldstart|move: Trick Room|[of] p2b: Dusclops
|
|upkeep
|
|t:|1757682047
|switch|p1a: Incineroar|Incineroar, L50, F|49/100
|-ability|p1a: Incineroar|Intimidate|boost
|-unboost|p2a: Araquanid|atk|1
|-unboost|p2b: Dusclops|atk|1
|turn|9
|
|t:|1757682057
|move|p2b: Dusclops|Haze|p2b: Dusclops
|-clearallboost
|move|p2a: Araquanid|Liquidation|p1a: Incineroar
|-supereffective|p1a: Incineroar
|-damage|p1a: Incineroar|0 fnt
|faint|p1a: Incineroar
|
|win|AngrrryGuy
||senhoritalo_test_r is ready for game 2.
||AngrrryGuy is ready for game 2.
|uhtml|next|Next: Game 2 of 3
|l|☆senhoritalo_test_r
|player|p1|
