|j|☆ToastedArt
|j|☆cxcvvc
|html|ToastedArtcxcvvc    
|uhtml|bestof|Game 1 of a best-of-3
|t:|1785940558
|gametype|doubles
|player|p1|ToastedArt|iris|1011
|player|p2|cxcvvc|red|1005
|gen|9
|tier|[Gen 9 Champions] VGC 2026 Reg M-B (Bo3)
|rated|
|rule|Species Clause: Limit one of each Pokémon
|rule|Item Clause: Limit 1 of each item
|clearpoke
|poke|p1|Charizard, L50, M|
|poke|p1|Sinistcha, L50|
|poke|p1|Sneasler, L50, F|
|poke|p1|Kingambit, L50, M|
|poke|p1|Ninetales-Alola, L50, F|
|poke|p1|Basculegion, L50, M|
|poke|p2|Hawlucha, L50, M|
|poke|p2|Kingambit, L50, F|
|poke|p2|Sinistcha-Masterpiece, L50|
|poke|p2|Floette-Eternal, L50, F|
|poke|p2|Basculegion, L50, M, shiny|
|poke|p2|Palafin, L50, F|
|teampreview|4
|showteam|p1|Charizard||CharizarditeX|Blaze|FlareBlitz,DragonClaw,DragonDance,Protect|Adamant||M|||50|]Sinistcha||KasibBerry|Hospitality|MatchaGotcha,RagePowder,LifeDew,TrickRoom|Bold|||||50|]Sneasler||FocusSash|PoisonTouch|CloseCombat,PoisonJab,FakeOut,Coaching|Adamant||F|||50|]Kingambit||BlackGlasses|Defiant|KowtowCleave,SuckerPunch,SwordsDance,Protect|Adamant||M|||50|]Ninetales-Alola||NeverMeltIce|SnowWarning|Blizzard,FreezeDry,AuroraVeil,Protect|Timid||F|||50|]Basculegion||ChoiceScarf|Adaptability|WaveCrash,FlipTurn,AquaJet,LastRespects|Jolly||M|||50|
|showteam|p2|Hawlucha||Hawluchanite|Limber|CloseCombat,BraveBird,RockSlide,Entrainment|Serious||M|||50|]Kingambit||FocusSash|Defiant|KowtowCleave,ThunderWave,SuckerPunch,Guillotine|Serious||F|||50|]Sinistcha-Masterpiece||Leftovers|Hospitality|MatchaGotcha,Poltergeist,LifeDew,RagePowder|Serious|||||50|]Floette-Eternal||Floettite|FlowerVeil|LightofRuin,Moonblast,CalmMind,DazzlingGleam|Mild||F|||50|]Basculegion||MysticWater|Adaptability|FlipTurn,LastRespects,HydroPump,PhantomForce|Adamant||M|||50|]Palafin||LifeOrb|ZerotoHero|FlipTurn,CloseCombat,DrainPunch,JetPunch|Serious||F|||50|
|inactive|Battle timer is ON: inactive players will automatically lose when time's up. (requested by ToastedArt)
|inactive|ToastedArt has 60 seconds left.
|inactive|ToastedArt has 30 seconds left.
|
|t:|1785940629
|teamsize|p1|4
|teamsize|p2|4
|start
|switch|p1a: Charizard|Charizard, L50, M|100/100
|switch|p1b: Sneasler|Sneasler, L50, F|100/100
|switch|p2a: Hawlucha|Hawlucha, L50, M|100/100
|switch|p2b: Kingambit|Kingambit, L50, F|100/100
|turn|1
|
|t:|1785940652
|switch|p2a: Sinistcha|Sinistcha-Masterpiece, L50|100/100
|detailschange|p1a: Charizard|Charizard-Mega-X, L50, M
|-mega|p1a: Charizard|Charizard|Charizardite X
|move|p1b: Sneasler|Fake Out|p2a: Sinistcha
|-immune|p2a: Sinistcha
|move|p1a: Charizard|Dragon Dance|p1a: Charizard
|-boost|p1a: Charizard|atk|1
|-boost|p1a: Charizard|spe|1
|move|p2b: Kingambit|Guillotine|p1a: Charizard|[miss]
|-miss|p2b: Kingambit|p1a: Charizard
|
|upkeep
|turn|2
|
|t:|1785940666
|move|p2a: Sinistcha|Rage Powder|p2a: Sinistcha
|-singleturn|p2a: Sinistcha|move: Rage Powder
|move|p1a: Charizard|Flare Blitz|p2a: Sinistcha
|-supereffective|p2a: Sinistcha|1
|-damage|p2a: Sinistcha|0 fnt
|faint|p2a: Sinistcha
|-damage|p1a: Charizard|71/100|[from] Recoil
|move|p1b: Sneasler|Coaching|p1a: Charizard
|-boost|p1a: Charizard|atk|1
|-boost|p1a: Charizard|def|1
|move|p2b: Kingambit|Thunder Wave|p1a: Charizard|[miss]
|-miss|p2b: Kingambit|p1a: Charizard
|
|upkeep
|
|t:|1785940679
|switch|p2a: Hawlucha|Hawlucha, L50, M|100/100
|turn|3
|
|t:|1785940688
|detailschange|p2a: Hawlucha|Hawlucha-Mega, L50, M
|-mega|p2a: Hawlucha|Hawlucha|Hawluchanite
|move|p1a: Charizard|Flare Blitz|p2a: Hawlucha
|-damage|p2a: Hawlucha|0 fnt
|faint|p2a: Hawlucha
|-damage|p1a: Charizard|41/100|[from] Recoil
|move|p1b: Sneasler|Poison Jab|p2b: Kingambit
|-immune|p2b: Kingambit
|move|p2b: Kingambit|Thunder Wave|p1a: Charizard|[miss]
|-miss|p2b: Kingambit|p1a: Charizard
|
|upkeep
|
|t:|1785940691
|switch|p2a: Basculegion|Basculegion, L50, M, shiny|100/100
|turn|4
|
|t:|1785940711
|switch|p1b: Sinistcha|Sinistcha, L50|100/100
|-heal|p1a: Charizard|65/100|[from] ability: Hospitality|[of] p1b: Sinistcha
|move|p2b: Kingambit|Sucker Punch|p1a: Charizard
|-damage|p1a: Charizard|44/100
|move|p1a: Charizard|Dragon Claw|p2a: Basculegion
|-damage|p2a: Basculegion|0 fnt
|faint|p2a: Basculegion
|
|upkeep
|turn|5
|
|t:|1785940723
|move|p1b: Sinistcha|Rage Powder|p1b: Sinistcha
|-singleturn|p1b: Sinistcha|move: Rage Powder
|move|p1a: Charizard|Flare Blitz|p2b: Kingambit
|-supereffective|p2b: Kingambit|1
|-enditem|p2b: Kingambit|Focus Sash
|-damage|p2b: Kingambit|1/100
|-status|p2b: Kingambit|brn
|-damage|p1a: Charizard|4/100|[from] Recoil
|move|p2b: Kingambit|Guillotine|p1b: Sinistcha
|-immune|p1b: Sinistcha
|
|-damage|p2b: Kingambit|0 fnt|[from] brn
|faint|p2b: Kingambit
|
|win|ToastedArt
