|j|☆TheLambasEffigy
|j|☆bermusinho
|html|TheLambasEffigybermusinho    
|uhtml|bestof|Game 1 of a best-of-3
|t:|1782504420
|gametype|doubles
|player|p1|TheLambasEffigy|265|1113
|player|p2|bermusinho|1|1129
|gen|9
|tier|[Gen 9 Champions] VGC 2026 Reg M-B (Bo3)
|rated|
|rule|Species Clause: Limit one of each Pokémon
|rule|Item Clause: Limit 1 of each item
|clearpoke
|poke|p1|Floette-Eternal, L50, F|
|poke|p1|Gholdengo, L50|
|poke|p1|Aerodactyl, L50, F|
|poke|p1|Sneasler, L50, F|
|poke|p1|Sinistcha, L50|
|poke|p1|Venusaur, L50, F|
|poke|p2|Floette-Eternal, L50, F|
|poke|p2|Charizard, L50, M|
|poke|p2|Whimsicott, L50, F|
|poke|p2|Garchomp, L50, M|
|poke|p2|Basculegion, L50, M|
|poke|p2|Kingambit, L50, F|
|teampreview|4
|showteam|p1|Floette-Eternal||Floettite|FlowerVeil|GigaDrain,DazzlingGleam,Protect,CalmMind|Bold||F|||50|]Gholdengo||MetalCoat|GoodasGold|MakeItRain,ShadowBall,Protect,PowerGem|Modest|||||50|]Aerodactyl||Aerodactylite|Unnerve|Tailwind,DualWingbeat,Protect,RockSlide|Jolly||F|||50|]Sneasler||WhiteHerb|Unburden|FakeOut,CloseCombat,Protect,DireClaw|Jolly||F|||50|]Sinistcha||LifeOrb|Hospitality|MatchaGotcha,ShadowBall,Protect,TrickRoom|Bold|||||50|]Venusaur||FocusSash|Overgrow|GigaDrain,SludgeBomb,Protect,WeatherBall|Modest||F|||50|
|showteam|p2|Floette-Eternal||Floettite|FlowerVeil|Moonblast,DazzlingGleam,LightofRuin,Protect|Modest||F|||50|]Charizard||CharizarditeY|Blaze|HeatWave,WeatherBall,SolarBeam,Protect|Modest||M|||50|]Whimsicott||FocusSash|Prankster|Moonblast,Encore,Tailwind,Protect|Timid||F|||50|]Garchomp||RoseliBerry|RoughSkin|DragonClaw,StompingTantrum,PoisonJab,RockSlide|Jolly||M|||50|]Basculegion||MysticWater|Adaptability|WaveCrash,LastRespects,AquaJet,Protect|Adamant||M|||50|]Kingambit||OccaBerry|Defiant|KowtowCleave,IronHead,SuckerPunch,Protect|Adamant||F|||50|
|inactive|Battle timer is ON: inactive players will automatically lose when time's up. (requested by bermusinho)
|
|t:|1782504448
|teamsize|p1|4
|teamsize|p2|4
|start
|switch|p1a: Sneasler|Sneasler, L50, F|100/100
|switch|p1b: Aerodactyl|Aerodactyl, L50, F|100/100
|switch|p2a: Charizard|Charizard, L50, M|100/100
|switch|p2b: Kingambit|Kingambit, L50, F|100/100
|-ability|p1b: Aerodactyl|Unnerve
|turn|1
|
|t:|1782504471
|switch|p2a: Garchomp|Garchomp, L50, M|100/100
|switch|p2b: Whimsicott|Whimsicott, L50, F|100/100
|detailschange|p1b: Aerodactyl|Aerodactyl-Mega, L50, F
|-mega|p1b: Aerodactyl|Aerodactyl|Aerodactylite
|move|p1a: Sneasler|Fake Out|p2b: Whimsicott
|-damage|p2b: Whimsicott|77/100
|move|p1b: Aerodactyl|Rock Slide|p2b: Whimsicott|[spread] p2a,p2b
|-resisted|p2a: Garchomp|1
|-damage|p2a: Garchomp|85/100
|-damage|p2b: Whimsicott|29/100
|
|upkeep
|turn|2
|inactive|TheLambasEffigy has 30 seconds left.
|
|t:|1782504498
|move|p2b: Whimsicott|Tailwind|p2b: Whimsicott
|-sidestart|p2: bermusinho|move: Tailwind
|move|p2a: Garchomp|Stomping Tantrum|p1a: Sneasler
|-supereffective|p1a: Sneasler|1
|-damage|p1a: Sneasler|0 fnt
|faint|p1a: Sneasler
|move|p1b: Aerodactyl|Tailwind|p1b: Aerodactyl
|-sidestart|p1: TheLambasEffigy|move: Tailwind
|
|upkeep
|
|t:|1782504506
|switch|p1a: Gholdengo|Gholdengo, L50|100/100
|turn|3
|
|t:|1782504513
|move|p2b: Whimsicott|Encore|p1b: Aerodactyl
|-start|p1b: Aerodactyl|Encore
|move|p1b: Aerodactyl|Tailwind||[still]
|-fail|p1b: Aerodactyl
|move|p2a: Garchomp|Stomping Tantrum|p1a: Gholdengo
|-supereffective|p1a: Gholdengo|1
|-damage|p1a: Gholdengo|3/100
|move|p1a: Gholdengo|Make It Rain|p2a: Garchomp|[spread] p2a,p2b
|-supereffective|p2b: Whimsicott|1
|-damage|p2a: Garchomp|13/100
|-damage|p2b: Whimsicott|0 fnt
|-unboost|p1a: Gholdengo|spa|2
|faint|p2b: Whimsicott
|
|upkeep
|
|t:|1782504527
|switch|p2b: Charizard|Charizard, L50, M|100/100
|turn|4
|
|t:|1782504539
|switch|p1b: Venusaur|Venusaur, L50, F|100/100
|detailschange|p2b: Charizard|Charizard-Mega-Y, L50, M
|-mega|p2b: Charizard|Charizard|Charizardite Y
|-weather|SunnyDay|[from] ability: Drought|[of] p2b: Charizard
|move|p1a: Gholdengo|Protect|p1a: Gholdengo
|-singleturn|p1a: Gholdengo|Protect
|move|p2a: Garchomp|Rock Slide|p1a: Gholdengo|[spread] p1b
|-activate|p1a: Gholdengo|move: Protect
|-damage|p1b: Venusaur|75/100
|move|p2b: Charizard|Heat Wave|p1b: Venusaur|[spread] 
|-activate|p1a: Gholdengo|move: Protect
|-miss|p2b: Charizard|p1b: Venusaur
|
|-weather|SunnyDay|[upkeep]
|upkeep
|turn|5
|
|t:|1782504564
|move|p1b: Venusaur|Protect|p1b: Venusaur
|-singleturn|p1b: Venusaur|Protect
|move|p2a: Garchomp|Rock Slide|p1a: Gholdengo|[spread] p1a
|-activate|p1b: Venusaur|move: Protect
|-resisted|p1a: Gholdengo|1
|-damage|p1a: Gholdengo|0 fnt
|faint|p1a: Gholdengo
|move|p2b: Charizard|Heat Wave|p1b: Venusaur
|-activate|p1b: Venusaur|move: Protect
|
|-weather|SunnyDay|[upkeep]
|-sideend|p2: bermusinho|move: Tailwind
|-sideend|p1: TheLambasEffigy|move: Tailwind
|upkeep
|
|t:|1782504569
|switch|p1a: Aerodactyl|Aerodactyl-Mega, L50, F|100/100
|turn|6
|
|t:|1782504590
|move|p2b: Charizard|Protect|p2b: Charizard
|-singleturn|p2b: Charizard|Protect
|move|p1a: Aerodactyl|Rock Slide|p2b: Charizard|[spread] p2a
|-activate|p2b: Charizard|move: Protect
|-resisted|p2a: Garchomp|1
|-damage|p2a: Garchomp|0 fnt
|faint|p2a: Garchomp
|move|p1b: Venusaur|Weather Ball|p2b: Charizard
|-activate|p2b: Charizard|move: Protect
|
|-weather|SunnyDay|[upkeep]
|upkeep
|
|t:|1782504600
|switch|p2a: Kingambit|Kingambit, L50, F|100/100
|turn|7
|-message|bermusinho forfeited.
|
|win|TheLambasEffigy
|l|☆bermusinho
|player|p2|
||TheLambasEffigy is ready for game 2.
||bermusinho is ready for game 2.
|uhtml|next|Next: Game 2 of 3
