|j|☆chuckie2274
|j|☆tuckered out1
|html|chuckie2274tuckered out1    
|uhtml|bestof|Game 2 of a best-of-3
|t:|1757722205
|gametype|doubles
|player|p1|chuckie2274|170|1054
|player|p2|tuckered out1|gentleman-gen4|1049
|gen|9
|tier|[Gen 9] VGC 2025 Reg H (Bo3)
|rated|
|rule|Species Clause: Limit one of each Pokémon
|rule|Item Clause: Limit 1 of each item
|clearpoke
|poke|p1|Dondozo, L50, M|
|poke|p1|Gholdengo, L50|
|poke|p1|Pelipper, L50, M|
|poke|p1|Gastrodon, L50, F|
|poke|p1|Dragonite, L50, M|
|poke|p1|Corviknight, L50, F|
|poke|p2|Gyarados, L50, M|
|poke|p2|Pachirisu, L50, M|
|poke|p2|Gothitelle, L50, F|
|poke|p2|Gardevoir, L50, F|
|poke|p2|Garchomp, L50, M|
|poke|p2|Talonflame, L50, M|
|teampreview|4
|showteam|p1|Dondozo||ChoiceBand|WaterVeil|WaveCrash,Avalanche,BodyPress,HeavySlam|||M|||50|,,,,,Steel]Gholdengo||ChoiceSpecs|GoodasGold|PowerGem,ShadowBall,FlashCannon,MakeItRain||||||50|,,,,,Steel]Pelipper||FocusSash|Drizzle|BraveBird,ChillingWater,Tailwind,Surf|||M|||50|,,,,,Water]Gastrodon||AssaultVest|StormDrain|EarthPower,IceBeam,ChillingWater,SludgeBomb|||F|||50|,,,,,Poison]Dragonite||LifeOrb|InnerFocus|DragonDance,Protect,ThunderPunch,DragonClaw|||M|||50|,,,,,Dragon]Corviknight||Leftovers|MirrorArmor|Protect,BraveBird,BulkUp,LightScreen|||F|||50|,,,,,Flying
|showteam|p2|Gyarados||MysticWater|Intimidate|DragonDance,Waterfall,Earthquake,Protect|||M|||50|,,,,,Water]Pachirisu||SitrusBerry|VoltAbsorb|Nuzzle,FollowMe,SuperFang,Protect|||M|||50|,,,,,Steel]Gothitelle||Leftovers|ShadowTag|Psyshock,ThunderWave,Tickle,Protect|||F|||50|,,,,,Water]Gardevoir||ChoiceScarf|Telepathy|DazzlingGleam,Psychic,Moonblast,Trick|||F|||50|,,,,,Fairy]Garchomp||FocusSash|RoughSkin|Earthquake,DragonClaw,RockSlide,Protect|||M|||50|,,,,,Fairy]Talonflame||LifeOrb|GaleWings|BraveBird,Overheat,Taunt,Tailwind|||M|||50|,,,,,Fire
|inactive|Battle timer is ON: inactive players will automatically lose when time's up. (requested by tuckered out1)
|
|t:|1757722223
|teamsize|p1|4
|teamsize|p2|4
|start
|switch|p1a: Dragonite|Dragonite, L50, M|100/100
|switch|p1b: Corviknight|Corviknight, L50, F|100/100
|switch|p2a: Gardevoir|Gardevoir, L50, F|100/100
|switch|p2b: Talonflame|Talonflame, L50, M|100/100
|turn|1
|inactive|chuckie2274 has 30 seconds left.
|
|t:|1757722250
|move|p1a: Dragonite|Protect|p1a: Dragonite
|-singleturn|p1a: Dragonite|Protect
|move|p2a: Gardevoir|Moonblast|p1a: Dragonite
|-activate|p1a: Dragonite|move: Protect
|move|p2b: Talonflame|Overheat|p1b: Corviknight
|-supereffective|p1b: Corviknight
|-damage|p1b: Corviknight|27/100
|-unboost|p2b: Talonflame|spa|2
|-damage|p2b: Talonflame|91/100|[from] item: Life Orb
|move|p1b: Corviknight|Light Screen|p1b: Corviknight
|-sidestart|p1: chuckie2274|move: Light Screen
|
|-heal|p1b: Corviknight|33/100|[from] item: Leftovers
|upkeep
|turn|2
|
|t:|1757722271
|move|p1b: Corviknight|Protect|p1b: Corviknight
|-singleturn|p1b: Corviknight|Protect
|move|p2a: Gardevoir|Moonblast|p1a: Dragonite
|-supereffective|p1a: Dragonite
|-damage|p1a: Dragonite|28/100
|-unboost|p1a: Dragonite|spa|1
|move|p2b: Talonflame|Overheat|p1b: Corviknight
|-activate|p1b: Corviknight|move: Protect
|move|p1a: Dragonite|Thunder Punch|p2b: Talonflame
|-supereffective|p2b: Talonflame
|-damage|p2b: Talonflame|0 fnt
|faint|p2b: Talonflame
|-damage|p1a: Dragonite|18/100|[from] item: Life Orb
|
|-heal|p1b: Corviknight|39/100|[from] item: Leftovers
|upkeep
|
|t:|1757722280
|switch|p2b: Pachirisu|Pachirisu, L50, M|100/100
|turn|3
|
|t:|1757722300
|move|p1a: Dragonite|Protect|p1a: Dragonite
|-singleturn|p1a: Dragonite|Protect
|move|p2a: Gardevoir|Moonblast|p1a: Dragonite
|-activate|p1a: Dragonite|move: Protect
|move|p2b: Pachirisu|Nuzzle|p1b: Corviknight
|-supereffective|p1b: Corviknight
|-damage|p1b: Corviknight|32/100
|-status|p1b: Corviknight|par
|move|p1b: Corviknight|Brave Bird|p2a: Gardevoir
|-damage|p2a: Gardevoir|38/100
|-damage|p1b: Corviknight|17/100 par|[from] Recoil
|
|-heal|p1b: Corviknight|23/100 par|[from] item: Leftovers
|upkeep
|turn|4
|inactive|chuckie2274 has 30 seconds left.
|
|t:|1757722325
|move|p1b: Corviknight|Protect|p1b: Corviknight
|-singleturn|p1b: Corviknight|Protect
|move|p2b: Pachirisu|Follow Me|p2b: Pachirisu
|-singleturn|p2b: Pachirisu|move: Follow Me
|move|p2a: Gardevoir|Moonblast|p1a: Dragonite
|-supereffective|p1a: Dragonite
|-damage|p1a: Dragonite|0 fnt
|faint|p1a: Dragonite
|
|-heal|p1b: Corviknight|29/100 par|[from] item: Leftovers
|upkeep
|
|t:|1757722329
|switch|p1a: Pelipper|Pelipper, L50, M|100/100
|-weather|RainDance|[from] ability: Drizzle|[of] p1a: Pelipper
|turn|5
|
|t:|1757722342
|move|p2a: Gardevoir|Moonblast|p1a: Pelipper
|-damage|p1a: Pelipper|48/100
|-unboost|p1a: Pelipper|spa|1
|move|p2b: Pachirisu|Super Fang|p1a: Pelipper
|-damage|p1a: Pelipper|24/100
|move|p1a: Pelipper|Surf|p2a: Gardevoir|[spread] p1b,p2a,p2b
|-crit|p2a: Gardevoir
|-damage|p1b: Corviknight|15/100 par
|-damage|p2a: Gardevoir|0 fnt
|-damage|p2b: Pachirisu|65/100
|faint|p2a: Gardevoir
|move|p1b: Corviknight|Brave Bird|p2b: Pachirisu
|-resisted|p2b: Pachirisu
|-damage|p2b: Pachirisu|45/100
|-enditem|p2b: Pachirisu|Sitrus Berry|[eat]
|-heal|p2b: Pachirisu|70/100|[from] item: Sitrus Berry
|-damage|p1b: Corviknight|9/100 par|[from] Recoil
|
|-weather|RainDance|[upkeep]
|-heal|p1b: Corviknight|15/100 par|[from] item: Leftovers
|-sideend|p1: chuckie2274|move: Light Screen
|upkeep
|
|t:|1757722346
|switch|p2a: Garchomp|Garchomp, L50, M|100/100
|turn|6
|
|t:|1757722366
|move|p1b: Corviknight|Protect|p1b: Corviknight
|-singleturn|p1b: Corviknight|Protect
|move|p2b: Pachirisu|Follow Me|p2b: Pachirisu
|-singleturn|p2b: Pachirisu|move: Follow Me
|move|p2a: Garchomp|Rock Slide|p1b: Corviknight|[spread] p1a
|-activate|p1b: Corviknight|move: Protect
|-supereffective|p1a: Pelipper
|-damage|p1a: Pelipper|0 fnt
|faint|p1a: Pelipper
|
|-weather|RainDance|[upkeep]
|-heal|p1b: Corviknight|21/100 par|[from] item: Leftovers
|upkeep
|
|t:|1757722378
|switch|p1a: Gastrodon|Gastrodon, L50, F|100/100
|turn|7
|
|t:|1757722392
|move|p2b: Pachirisu|Follow Me|p2b: Pachirisu
|-singleturn|p2b: Pachirisu|move: Follow Me
|move|p2a: Garchomp|Rock Slide|p1b: Corviknight|[spread] p1a,p1b
|-resisted|p1a: Gastrodon
|-damage|p1a: Gastrodon|90/100
|-damage|p1b: Corviknight|3/100 par
|cant|p1a: Gastrodon|flinch
|cant|p1b: Corviknight|flinch
|
|-weather|RainDance|[upkeep]
|-heal|p1b: Corviknight|9/100 par|[from] item: Leftovers
|upkeep
|turn|8
|
|t:|1757722406
|move|p2b: Pachirisu|Follow Me|p2b: Pachirisu
|-singleturn|p2b: Pachirisu|move: Follow Me
|move|p2a: Garchomp|Rock Slide|p1a: Gastrodon|[spread] p1a,p1b
|-resisted|p1a: Gastrodon
|-damage|p1a: Gastrodon|80/100
|-damage|p1b: Corviknight|0 fnt
|faint|p1b: Corviknight
|move|p1a: Gastrodon|Earth Power|p2b: Pachirisu
|-supereffective|p2b: Pachirisu
|-damage|p2b: Pachirisu|0 fnt
|faint|p2b: Pachirisu
|
|-weather|RainDance|[upkeep]
|upkeep
|turn|9
|
|t:|1757722418
|-terastallize|p2a: Garchomp|Fairy
|move|p2a: Garchomp|Dragon Claw|p1a: Gastrodon
|-damage|p1a: Gastrodon|30/100
|move|p1a: Gastrodon|Ice Beam|p2a: Garchomp
|-damage|p2a: Garchomp|71/100
|
|-weather|none
|upkeep
|turn|10
|
|t:|1757722433
|move|p2a: Garchomp|Dragon Claw|p1a: Gastrodon
|-damage|p1a: Gastrodon|0 fnt
|faint|p1a: Gastrodon
|
|win|tuckered out1
||chuckie2274 is ready for game 3.
||tuckered out1 is ready for game 3.
|uhtml|next|Next: Game 3 of 3
|l|☆chuckie2274
|player|p1|
