|j|☆we all hate ursf
|j|☆zayjar
|html|we all hate ursfzayjar    
|uhtml|bestof|Game 1 of a best-of-3
|t:|1757632847
|gametype|doubles
|player|p1|we all hate ursf|shadowtriad|1233
|player|p2|zayjar|dahlia|1150
|gen|9
|tier|[Gen 9] VGC 2025 Reg H (Bo3)
|rated|
|rule|Species Clause: Limit one of each Pokémon
|rule|Item Clause: Limit 1 of each item
|clearpoke
|poke|p1|Indeedee, L50, M|
|poke|p1|Sneasler, L50, M|
|poke|p1|Dondozo, L50, M|
|poke|p1|Tatsugiri, L50, F|
|poke|p1|Ursaluna-Bloodmoon, L50, M|
|poke|p1|Whimsicott, L50, M|
|poke|p2|Tyranitar, L50, M|
|poke|p2|Ursaluna, L50, F|
|poke|p2|Mandibuzz, L50, F|
|poke|p2|Dragapult, L50, F|
|poke|p2|Clefable, L50, M|
|poke|p2|Volcarona, L50, M|
|teampreview|4
|showteam|p1|Indeedee||ChoiceScarf|PsychicSurge|ExpandingForce,TeraBlast,Trick,Protect|||M|||50|,,,,,Fighting]Sneasler||PsychicSeed|Unburden|DireClaw,CloseCombat,ThroatChop,Protect|||M|||50|,,,,,Dark]Dondozo||Leftovers|Unaware|OrderUp,Earthquake,Substitute,Protect|||M|||50|,,,,,Dragon]Tatsugiri||FocusSash|Commander|DracoMeteor,MuddyWater,IcyWind,Protect|||F|||50|,,,,,Fairy]Ursaluna-Bloodmoon||LifeOrb|MindsEye|BloodMoon,HyperVoice,EarthPower,Protect|||M|||50|,,,,,Normal]Whimsicott||CovertCloak|Prankster|Tailwind,Encore,HelpingHand,Moonblast|||M|||50|,,,,,Dark
|showteam|p2|Tyranitar||AssaultVest|SandStream|KnockOff,HighHorsepower,Snarl,IcePunch|||M|||50|,,,,,Flying]Ursaluna||FlameOrb|Guts|Earthquake,Facade,Protect,CloseCombat|||F|||50|,,,,,Ground]Mandibuzz||Leftovers|Overcoat|Tailwind,Protect,Taunt,FoulPlay|||F|||50|,,,,,Dark]Dragapult||ChoiceSpecs|ClearBody|ShadowBall,Flamethrower,DracoMeteor,Thunderbolt|||F|||50|,,,,,Fire]Clefable||CovertCloak|MagicGuard|FollowMe,IcyWind,Protect,DazzlingGleam|||M|||50|,,,,,Fairy]Volcarona||SafetyGoggles|FlameBody|QuiverDance,Protect,FieryDance,GigaDrain|||M|||50|,,,,,Grass
|inactive|Battle timer is ON: inactive players will automatically lose when time's up. (requested by we all hate ursf)
|
|t:|1757632877
|teamsize|p1|4
|teamsize|p2|4
|start
|switch|p1a: Sneasler|Sneasler, L50, M|100/100
|switch|p1b: Indeedee|Indeedee, L50, M|100/100
|switch|p2a: Tyranitar|Tyranitar, L50, M|100/100
|switch|p2b: Mandibuzz|Mandibuzz, L50, F|100/100
|-fieldstart|move: Psychic Terrain|[from] ability: Psychic Surge|[of] p1b: Indeedee
|-enditem|p1a: Sneasler|Psychic Seed
|-boost|p1a: Sneasler|spd|1|[from] item: Psychic Seed
|-weather|Sandstorm|[from] ability: Sand Stream|[of] p2a: Tyranitar
|turn|1
|inactive|we all hate ursf has 30 seconds left.
|inactive|zayjar has 30 seconds left.
|
|t:|1757632909
|-terastallize|p2a: Tyranitar|Flying
|move|p1a: Sneasler|Close Combat|p2b: Mandibuzz
|-damage|p2b: Mandibuzz|63/100
|-unboost|p1a: Sneasler|def|1
|-unboost|p1a: Sneasler|spd|1
|move|p1b: Indeedee|Trick|p2a: Tyranitar
|-activate|p1b: Indeedee|move: Trick|[of] p2a: Tyranitar
|-item|p2a: Tyranitar|Choice Scarf|[from] move: Trick
|-item|p1b: Indeedee|Assault Vest|[from] move: Trick
|move|p2a: Tyranitar|High Horsepower|p1a: Sneasler
|-supereffective|p1a: Sneasler
|-damage|p1a: Sneasler|0 fnt
|faint|p1a: Sneasler
|move|p2b: Mandibuzz|Taunt|p1b: Indeedee
|-start|p1b: Indeedee|move: Taunt
|
|-weather|Sandstorm|[upkeep]
|-damage|p1b: Indeedee|95/100|[from] Sandstorm
|-damage|p2a: Tyranitar|95/100|[from] Sandstorm
|-heal|p2b: Mandibuzz|69/100|[from] item: Leftovers
|upkeep
|
|t:|1757632925
|switch|p1a: Dondozo|Dondozo, L50, M|100/100
|turn|2
|inactive|zayjar has 30 seconds left.
|
|t:|1757632956
|switch|p1b: Tatsugiri|Tatsugiri, L50, F|100/100
|-activate|p1b: Tatsugiri|ability: Commander|[of] p1a: Dondozo
|-boost|p1a: Dondozo|atk|2
|-boost|p1a: Dondozo|spa|2
|-boost|p1a: Dondozo|spe|2
|-boost|p1a: Dondozo|def|2
|-boost|p1a: Dondozo|spd|2
|-terastallize|p1a: Dondozo|Dragon
|move|p1a: Dondozo|Order Up|p2b: Mandibuzz
|-damage|p2b: Mandibuzz|24/100
|-boost|p1a: Dondozo|atk|1
|move|p2a: Tyranitar|High Horsepower|p1b: Tatsugiri|[miss]
|-miss|p2a: Tyranitar|p1b: Tatsugiri
|move|p2b: Mandibuzz|Foul Play|p1b: Tatsugiri|[miss]
|-miss|p2b: Mandibuzz|p1b: Tatsugiri
|
|-weather|Sandstorm|[upkeep]
|-damage|p1a: Dondozo|95/100|[from] Sandstorm
|-damage|p1b: Tatsugiri|95/100|[from] Sandstorm
|-damage|p2a: Tyranitar|89/100|[from] Sandstorm
|-heal|p1a: Dondozo|100/100|[from] item: Leftovers
|-heal|p2b: Mandibuzz|30/100|[from] item: Leftovers
|upkeep
|turn|3
|inactive|zayjar has 30 seconds left.
|inactive|zayjar has 20 seconds left.
|
|t:|1757632994
|move|p1a: Dondozo|Order Up|p2b: Mandibuzz
|-damage|p2b: Mandibuzz|0 fnt
|faint|p2b: Mandibuzz
|-boost|p1a: Dondozo|atk|1
|move|p2a: Tyranitar|High Horsepower|p1a: Dondozo
|-damage|p1a: Dondozo|87/100
|
|-weather|Sandstorm|[upkeep]
|-damage|p1a: Dondozo|81/100|[from] Sandstorm
|-damage|p1b: Tatsugiri|89/100|[from] Sandstorm
|-damage|p2a: Tyranitar|83/100|[from] Sandstorm
|-heal|p1a: Dondozo|87/100|[from] item: Leftovers
|upkeep
|
|t:|1757633011
|switch|p2b: Ursaluna|Ursaluna, L50, F|100/100
|turn|4
|inactive|zayjar has 30 seconds left.
|inactive|zayjar has 20 seconds left.
|
|t:|1757633049
|move|p2b: Ursaluna|Protect|p2b: Ursaluna
|-singleturn|p2b: Ursaluna|Protect
|move|p1a: Dondozo|Order Up|p2a: Tyranitar
|-damage|p2a: Tyranitar|0 fnt
|faint|p2a: Tyranitar
|-boost|p1a: Dondozo|atk|1
|
|-weather|Sandstorm|[upkeep]
|-damage|p1a: Dondozo|81/100|[from] Sandstorm
|-damage|p1b: Tatsugiri|84/100|[from] Sandstorm
|-heal|p1a: Dondozo|87/100|[from] item: Leftovers
|-status|p2b: Ursaluna|brn|[from] item: Flame Orb
|upkeep
|
|t:|1757633062
|switch|p2a: Volcarona|Volcarona, L50, M|100/100
|turn|5
|
|t:|1757633074
|move|p2a: Volcarona|Quiver Dance|p2a: Volcarona
|-boost|p2a: Volcarona|spa|1
|-boost|p2a: Volcarona|spd|1
|-boost|p2a: Volcarona|spe|1
|move|p1a: Dondozo|Order Up|p2b: Ursaluna
|-damage|p2b: Ursaluna|1/100 brn
|-boost|p1a: Dondozo|atk|1
|move|p2b: Ursaluna|Facade|p1a: Dondozo
|-damage|p1a: Dondozo|43/100
|
|-weather|none
|-heal|p1a: Dondozo|49/100|[from] item: Leftovers
|-damage|p2b: Ursaluna|0 fnt|[from] brn
|faint|p2b: Ursaluna
|-fieldend|move: Psychic Terrain
|upkeep
|turn|6
|
|t:|1757633093
|move|p1a: Dondozo|Protect|p1a: Dondozo
|-singleturn|p1a: Dondozo|Protect
|move|p2a: Volcarona|Fiery Dance|p1a: Dondozo
|-activate|p1a: Dondozo|move: Protect
|
|-heal|p1a: Dondozo|55/100|[from] item: Leftovers
|upkeep
|turn|7
|
|t:|1757633102
|move|p2a: Volcarona|Fiery Dance|p1a: Dondozo
|-resisted|p1a: Dondozo
|-damage|p1a: Dondozo|43/100
|move|p1a: Dondozo|Earthquake|p2a: Volcarona|[spread] p2a
|-miss|p1a: Dondozo|p1b: Tatsugiri
|-damage|p2a: Volcarona|0 fnt
|faint|p2a: Volcarona
|
|win|we all hate ursf
|l|☆zayjar
|player|p2|
||zayjar is ready for game 2.
||we all hate ursf is ready for game 2.
|uhtml|next|Next: Game 2 of 3
|l|☆we all hate ursf
|player|p1|
