|j|☆JakAttack101
|j|☆mbtunst
|html|JakAttack101mbtunst    
|uhtml|bestof|Game 1 of a best-of-3
|t:|1756483277
|gametype|doubles
|player|p1|JakAttack101|blaine|1121
|player|p2|mbtunst|linebacker|1044
|gen|9
|tier|[Gen 9] VGC 2025 Reg H (Bo3)
|rated|
|rule|Species Clause: Limit one of each Pokémon
|rule|Item Clause: Limit 1 of each item
|clearpoke
|poke|p1|Annihilape, L50, M|
|poke|p1|Ninetales-Alola, L50, M|
|poke|p1|Garchomp, L50, F|
|poke|p1|Dragonite, L50, M|
|poke|p1|Sneasler, L50, M|
|poke|p1|Incineroar, L50, F|
|poke|p2|Kommo-o, L50, F|
|poke|p2|Rillaboom, L50, F|
|poke|p2|Electabuzz, L50, F|
|poke|p2|Dondozo, L50, F|
|poke|p2|Sneasler, L50, F|
|poke|p2|Gholdengo, L50|
|teampreview|4
|showteam|p1|Annihilape||AssaultVest|Defiant|RageFist,DrainPunch,RockTomb,FinalGambit|||M|||50|,,,,,Fire]Ninetales-Alola||ChoiceSpecs|SnowWarning|Blizzard,Moonblast,FreezeDry,IcyWind|||M|||50|,,,,,Ghost]Garchomp||LifeOrb|RoughSkin|Earthquake,StompingTantrum,DragonClaw,Protect|||F|||50|,,,,,Steel]Dragonite||LoadedDice|Multiscale|ScaleShot,Tailwind,Protect,Haze|||M|||50|,,,,,Fairy]Sneasler||FocusSash|Unburden|CloseCombat,DireClaw,FakeOut,Coaching|||M|||50|,,,,,Ghost]Incineroar||SafetyGoggles|Intimidate|KnockOff,Taunt,FakeOut,PartingShot|||F|||50|,,,,,Fairy
|showteam|p2|Kommo-o||ThroatSpray|Soundproof|ClangingScales,Flamethrower,ClangorousSoul,Protect|||F|||50|,,,,,Fire]Rillaboom||AssaultVest|GrassySurge|FakeOut,GrassyGlide,WoodHammer,HighHorsepower|||F|||50|,,,,,Fire]Electabuzz||Eviolite|VitalSpirit|FollowMe,Electroweb,HelpingHand,Protect|||F|||50|,,,,,Grass]Dondozo||Leftovers|Unaware|WaveCrash,Fissure,Yawn,Protect|||F|||50|,,,,,Flying]Sneasler||FocusSash|Unburden|FakeOut,DireClaw,CloseCombat,Protect|||F|||50|,,,,,Stellar]Gholdengo||ChoiceSpecs|GoodasGold|MakeItRain,ShadowBall,DazzlingGleam,PowerGem||||||50|,,,,,Fairy
|inactive|Battle timer is ON: inactive players will automatically lose when time's up. (requested by mbtunst)
|inactive|JakAttack101 has 60 seconds left.
|inactive|JakAttack101 has 30 seconds left.
|inactive|JakAttack101 has 20 seconds left.
|
|t:|1756483352
|teamsize|p1|4
|teamsize|p2|4
|start
|switch|p1a: Dragonite|Dragonite, L50, M, shiny|100/100
|switch|p1b: Garchomp|Garchomp, L50, F|100/100
|switch|p2a: Sneasler|Sneasler, L50, F|100/100
|switch|p2b: Gholdengo|Gholdengo, L50|100/100
|turn|1
|inactive|mbtunst has 30 seconds left.
|
|t:|1756483378
|-terastallize|p2b: Gholdengo|Fairy
|move|p1a: Dragonite|Protect|p1a: Dragonite
|-singleturn|p1a: Dragonite|Protect
|move|p2a: Sneasler|Fake Out|p1b: Garchomp
|-damage|p1b: Garchomp|85/100
|-damage|p2a: Sneasler|88/100|[from] ability: Rough Skin|[of] p1b: Garchomp
|cant|p1b: Garchomp|flinch
|move|p2b: Gholdengo|Dazzling Gleam|p1b: Garchomp|[spread] p1b
|-activate|p1a: Dragonite|move: Protect
|-supereffective|p1b: Garchomp
|-damage|p1b: Garchomp|0 fnt
|faint|p1b: Garchomp
|
|upkeep
|inactive|JakAttack101 has 30 seconds left.
|inactive|JakAttack101 has 20 seconds left.
|
|t:|1756483415
|switch|p1b: Ninetales|Ninetales-Alola, L50, M, shiny|100/100
|-weather|Snowscape|[from] ability: Snow Warning|[of] p1b: Ninetales
|turn|2
|
|t:|1756483425
|move|p2a: Sneasler|Dire Claw|p1b: Ninetales
|-supereffective|p1b: Ninetales
|-damage|p1b: Ninetales|20/100
|move|p1b: Ninetales|Blizzard|p2a: Sneasler|[spread] p2a,p2b
|-damage|p2a: Sneasler|20/100
|-damage|p2b: Gholdengo|43/100
|move|p2b: Gholdengo|Dazzling Gleam|p1a: Dragonite|[spread] p1a,p1b
|-supereffective|p1a: Dragonite
|-damage|p1a: Dragonite|42/100
|-damage|p1b: Ninetales|0 fnt
|faint|p1b: Ninetales
|move|p1a: Dragonite|Scale Shot|p2a: Sneasler
|-damage|p2a: Sneasler|0 fnt
|faint|p2a: Sneasler
|-hitcount|p2: Sneasler|1
|-unboost|p1a: Dragonite|def|1
|-boost|p1a: Dragonite|spe|1
|
|-weather|Snowscape|[upkeep]
|upkeep
|
|t:|1756483444
|switch|p2a: Electabuzz|Electabuzz, L50, F|100/100
|switch|p1b: Annihilape|Annihilape, L50, M, shiny|100/100
|turn|3
|
|t:|1756483462
|-terastallize|p1b: Annihilape|Fire
|move|p1a: Dragonite|Protect|p1a: Dragonite
|-singleturn|p1a: Dragonite|Protect
|move|p2a: Electabuzz|Follow Me|p2a: Electabuzz
|-singleturn|p2a: Electabuzz|move: Follow Me
|move|p1b: Annihilape|Rage Fist|p2a: Electabuzz
|-damage|p2a: Electabuzz|79/100
|move|p2b: Gholdengo|Dazzling Gleam|p1a: Dragonite|[spread] p1b
|-activate|p1a: Dragonite|move: Protect
|-resisted|p1b: Annihilape
|-damage|p1b: Annihilape|84/100
|
|-weather|Snowscape|[upkeep]
|upkeep
|turn|4
|
|t:|1756483480
|move|p2a: Electabuzz|Follow Me|p2a: Electabuzz
|-singleturn|p2a: Electabuzz|move: Follow Me
|move|p1a: Dragonite|Scale Shot|p2a: Electabuzz
|-damage|p2a: Electabuzz|65/100
|-damage|p2a: Electabuzz|50/100
|-crit|p2a: Electabuzz
|-damage|p2a: Electabuzz|27/100
|-damage|p2a: Electabuzz|11/100
|-damage|p2a: Electabuzz|0 fnt
|faint|p2a: Electabuzz
|-hitcount|p2: Electabuzz|5
|-unboost|p1a: Dragonite|def|1
|-boost|p1a: Dragonite|spe|1
|move|p1b: Annihilape|Rage Fist|p2b: Gholdengo
|-damage|p2b: Gholdengo|0 fnt
|faint|p2b: Gholdengo
|
|-weather|Snowscape|[upkeep]
|upkeep
|
|t:|1756483499
|switch|p2a: Kommo-o|Kommo-o, L50, F|100/100
|turn|5
|
|t:|1756483522
|move|p1a: Dragonite|Scale Shot|p2a: Kommo-o
|-supereffective|p2a: Kommo-o
|-damage|p2a: Kommo-o|75/100
|-supereffective|p2a: Kommo-o
|-damage|p2a: Kommo-o|51/100
|-supereffective|p2a: Kommo-o
|-damage|p2a: Kommo-o|26/100
|-supereffective|p2a: Kommo-o
|-crit|p2a: Kommo-o
|-damage|p2a: Kommo-o|0 fnt
|faint|p2a: Kommo-o
|-hitcount|p2: Kommo-o|4
|
|win|JakAttack101
|inactive|JakAttack101 has 30 seconds to confirm battle start!
|inactive|mbtunst has 30 seconds to confirm battle start!
||mbtunst is ready for game 2.
||JakAttack101 is ready for game 2.
|uhtml|next|Next: Game 2 of 3
|l|☆mbtunst
|player|p2|
