|j|☆ming0mang0
|j|☆inadomi
|html|ming0mang0inadomi    
|uhtml|bestof|Game 2 of a best-of-3
|t:|1757099953
|gametype|doubles
|player|p1|ming0mang0|harlequin|1153
|player|p2|inadomi|lady-gen4|1054
|gen|9
|tier|[Gen 9] VGC 2025 Reg H (Bo3)
|rated|
|rule|Species Clause: Limit one of each Pokémon
|rule|Item Clause: Limit 1 of each item
|clearpoke
|poke|p1|Excadrill, L50, M|
|poke|p1|Tyranitar, L50, M|
|poke|p1|Sneasler, L50, M|
|poke|p1|Indeedee, L50, M|
|poke|p1|Corviknight, L50, M|
|poke|p1|Annihilape, L50, M|
|poke|p2|Indeedee, L50, M|
|poke|p2|Drifblim, L50, M|
|poke|p2|Volcarona, L50, F|
|poke|p2|Kommo-o, L50, M|
|poke|p2|Toxtricity, L50, M|
|poke|p2|Hydreigon, L50, M|
|teampreview|4
|showteam|p1|Excadrill||FocusSash|SandRush|IronHead,HighHorsepower,Earthquake,Protect|||M|||50|,,,,,Stellar]Tyranitar||AssaultVest|SandStream|RockSlide,KnockOff,TeraBlast,LowKick|||M|||50|,,,,,Flying]Sneasler||PsychicSeed|Unburden|DireClaw,CloseCombat,ThroatChop,Protect|||M|||50|,,,,,Dark]Indeedee||ChoiceScarf|PsychicSurge|ExpandingForce,TeraBlast,Protect,Trick|||M|||50|,,,,,Psychic]Corviknight||Leftovers|MirrorArmor|BulkUp,BraveBird,Roost,Tailwind|||M|||50|,,,,,Dragon]Annihilape||SafetyGoggles|Defiant|CloseCombat,FinalGambit,RageFist,Taunt|||M|||50|,,,,,Water
|showteam|p2|Indeedee||FocusSash|PsychicSurge|ExpandingForce,TeraBlast,Imprison,TrickRoom|||M|||50|,,,,,Ground]Drifblim||PsychicSeed|Unburden|Acrobatics,WillOWisp,StrengthSap,Tailwind|||M|||50|,,,,,Flying]Volcarona||LifeOrb|FlameBody|BugBuzz,HeatWave,TeraBlast,GigaDrain|||F|||50|,,,,,Fairy]Kommo-o||Leftovers|Soundproof|BodyPress,Flamethrower,IronDefense,Protect|||M|||50|,,,,,Fire]Toxtricity||ChoiceSpecs|PunkRock|Overdrive,SludgeBomb,Boomburst,VoltSwitch|||M|||50|,,,,,Normal]Hydreigon||AssaultVest|Levitate|DarkPulse,DracoMeteor,FlashCannon,Snarl|||M|||50|,,,,,Ghost
|inactive|Battle timer is ON: inactive players will automatically lose when time's up. (requested by inadomi)
|inactive|ming0mang0 has 60 seconds left.
|inactive|inadomi has 60 seconds left.
|inactive|ming0mang0 has 30 seconds left.
|inactive|ming0mang0 has 20 seconds left.
|inactive|ming0mang0 has 15 seconds left.
|inactive|ming0mang0 has 10 seconds left.
|inactive|ming0mang0 has 5 seconds left.
|
|t:|1757100042
|teamsize|p1|4
|teamsize|p2|4
|start
|switch|p1a: Corviknight|Corviknight, L50, M, shiny|100/100
|switch|p1b: Tyranitar|Tyranitar, L50, M|100/100
|switch|p2a: Indeedee|Indeedee, L50, M|100/100
|switch|p2b: Drifblim|Drifblim, L50, M|100/100
|-fieldstart|move: Psychic Terrain|[from] ability: Psychic Surge|[of] p2a: Indeedee
|-enditem|p2b: Drifblim|Psychic Seed
|-boost|p2b: Drifblim|spd|1|[from] item: Psychic Seed
|-weather|Sandstorm|[from] ability: Sand Stream|[of] p1b: Tyranitar
|turn|1
|inactive|ming0mang0 has 30 seconds left.
|inactive|ming0mang0 has 20 seconds left.
|inactive|ming0mang0 has 15 seconds left.
|inactive|ming0mang0 has 10 seconds left.
|inactive|ming0mang0 has 5 seconds left.
|
|t:|1757100092
|switch|p2a: Kommo-o|Kommo-o, L50, M|100/100
|move|p2b: Drifblim|Tailwind|p2b: Drifblim
|-sidestart|p2: inadomi|move: Tailwind
|move|p1b: Tyranitar|Knock Off|p2b: Drifblim
|-supereffective|p2b: Drifblim
|-damage|p2b: Drifblim|18/100
|move|p1a: Corviknight|Brave Bird|p2b: Drifblim
|-damage|p2b: Drifblim|0 fnt
|faint|p2b: Drifblim
|-damage|p1a: Corviknight|94/100|[from] Recoil
|
|-weather|Sandstorm|[upkeep]
|-damage|p2a: Kommo-o|94/100|[from] Sandstorm
|-heal|p2a: Kommo-o|100/100|[from] item: Leftovers
|-heal|p1a: Corviknight|99/100|[from] item: Leftovers
|upkeep
|
|t:|1757100111
|switch|p2b: Volcarona|Volcarona, L50, F|100/100
|turn|2
|inactive|ming0mang0 has 30 seconds left.
|inactive|inadomi has 30 seconds left.
|inactive|ming0mang0 has 20 seconds left.
|inactive|ming0mang0 has 15 seconds left.
|
|t:|1757100155
|switch|p1a: Annihilape|Annihilape, L50, M|100/100
|-terastallize|p2b: Volcarona|Fairy
|move|p2b: Volcarona|Tera Blast|p1b: Tyranitar|[anim] Tera Blast Fairy
|-supereffective|p1b: Tyranitar
|-damage|p1b: Tyranitar|54/100
|-damage|p2b: Volcarona|91/100|[from] item: Life Orb
|move|p2a: Kommo-o|Iron Defense|p2a: Kommo-o
|-boost|p2a: Kommo-o|def|2
|move|p1b: Tyranitar|Rock Slide|p2a: Kommo-o|[spread] p2a,p2b
|-resisted|p2a: Kommo-o
|-damage|p2a: Kommo-o|95/100
|-damage|p2b: Volcarona|47/100
|
|-weather|Sandstorm|[upkeep]
|-damage|p2b: Volcarona|41/100|[from] Sandstorm
|-damage|p2a: Kommo-o|89/100|[from] Sandstorm
|-heal|p2a: Kommo-o|95/100|[from] item: Leftovers
|upkeep
|turn|3
|inactive|ming0mang0 has 30 seconds left.
|inactive|inadomi has 30 seconds left.
|inactive|ming0mang0 has 20 seconds left.
|inactive|inadomi has 20 seconds left.
|inactive|ming0mang0 has 15 seconds left.
|inactive|ming0mang0 has 10 seconds left.
|inactive|ming0mang0 has 5 seconds left.
|
|t:|1757100210
|move|p2b: Volcarona|Heat Wave|p1a: Annihilape|[spread] p1a
|-miss|p2b: Volcarona|p1b: Tyranitar
|-damage|p1a: Annihilape|57/100
|-damage|p2b: Volcarona|31/100|[from] item: Life Orb
|move|p2a: Kommo-o|Body Press|p1b: Tyranitar
|-supereffective|p1b: Tyranitar
|-damage|p1b: Tyranitar|0 fnt
|faint|p1b: Tyranitar
|move|p1a: Annihilape|Close Combat|p2a: Kommo-o
|-damage|p2a: Kommo-o|79/100
|-unboost|p1a: Annihilape|def|1
|-unboost|p1a: Annihilape|spd|1
|
|-weather|Sandstorm|[upkeep]
|-damage|p2b: Volcarona|25/100|[from] Sandstorm
|-damage|p2a: Kommo-o|72/100|[from] Sandstorm
|-heal|p2a: Kommo-o|79/100|[from] item: Leftovers
|upkeep
|
|t:|1757100225
|switch|p1b: Excadrill|Excadrill, L50, M|100/100
|turn|4
|inactive|ming0mang0 has 30 seconds left.
|
|t:|1757100250
|move|p2b: Volcarona|Tera Blast|p1a: Annihilape|[anim] Tera Blast Fairy
|-supereffective|p1a: Annihilape
|-damage|p1a: Annihilape|0 fnt
|faint|p1a: Annihilape
|-damage|p2b: Volcarona|15/100|[from] item: Life Orb
|move|p1b: Excadrill|Iron Head|p2b: Volcarona
|-supereffective|p2b: Volcarona
|-crit|p2b: Volcarona
|-damage|p2b: Volcarona|0 fnt
|-status|p1b: Excadrill|brn|[from] ability: Flame Body|[of] p2b: Volcarona
|faint|p2b: Volcarona
|move|p2a: Kommo-o|Body Press|p1b: Excadrill
|-supereffective|p1b: Excadrill
|-enditem|p1b: Excadrill|Focus Sash
|-damage|p1b: Excadrill|1/100 brn
|
|-weather|Sandstorm|[upkeep]
|-damage|p2a: Kommo-o|72/100|[from] Sandstorm
|-heal|p2a: Kommo-o|79/100|[from] item: Leftovers
|-damage|p1b: Excadrill|0 fnt|[from] brn
|faint|p1b: Excadrill
|-sideend|p2: inadomi|move: Tailwind
|upkeep
|
|t:|1757100270
|switch|p1a: Corviknight|Corviknight, L50, M, shiny|99/100
|switch|p2b: Indeedee|Indeedee, L50, M|100/100
|turn|5
|inactive|ming0mang0 has 30 seconds left.
|inactive|ming0mang0 has 20 seconds left.
|inactive|ming0mang0 has 15 seconds left.
|
|t:|1757100311
|move|p2b: Indeedee|Expanding Force|p1a: Corviknight
|-resisted|p1a: Corviknight
|-damage|p1a: Corviknight|64/100
|move|p2a: Kommo-o|Flamethrower|p1a: Corviknight
|-supereffective|p1a: Corviknight
|-damage|p1a: Corviknight|19/100
|move|p1a: Corviknight|Tailwind|p1a: Corviknight
|-sidestart|p1: ming0mang0|move: Tailwind
|
|-weather|none
|-heal|p1a: Corviknight|25/100|[from] item: Leftovers
|-heal|p2a: Kommo-o|85/100|[from] item: Leftovers
|-fieldend|move: Psychic Terrain
|upkeep
|turn|6
|
|t:|1757100325
|-terastallize|p1a: Corviknight|Dragon
|move|p1a: Corviknight|Roost|p1a: Corviknight
|-heal|p1a: Corviknight|76/100
|move|p2b: Indeedee|Expanding Force|p1a: Corviknight
|-damage|p1a: Corviknight|38/100
|move|p2a: Kommo-o|Flamethrower|p1a: Corviknight
|-resisted|p1a: Corviknight
|-damage|p1a: Corviknight|28/100
|
|-heal|p1a: Corviknight|34/100|[from] item: Leftovers
|-heal|p2a: Kommo-o|91/100|[from] item: Leftovers
|upkeep
|turn|7
|
|t:|1757100349
|move|p1a: Corviknight|Roost|p1a: Corviknight
|-heal|p1a: Corviknight|84/100
|move|p2b: Indeedee|Expanding Force|p1a: Corviknight
|-damage|p1a: Corviknight|49/100
|move|p2a: Kommo-o|Body Press|p1a: Corviknight
|-crit|p1a: Corviknight
|-damage|p1a: Corviknight|0 fnt
|faint|p1a: Corviknight
|
|win|inadomi
|raw|ming0mang0's rating: 1153 → 1121(-32 for losing)
|raw|inadomi's rating: 1054 → 1095(+41 for winning)
|l|☆inadomi
|player|p2|
