|j|☆Yinzo
|j|☆marcosdeltasena31
|html|Yinzomarcosdeltasena31    
|uhtml|bestof|Game 2 of a best-of-3
|t:|1755722413
|gametype|doubles
|player|p1|Yinzo|2|1413
|player|p2|marcosdeltasena31|hilbert|1398
|gen|9
|tier|[Gen 9] VGC 2025 Reg H (Bo3)
|rated|
|rule|Species Clause: Limit one of each Pokémon
|rule|Item Clause: Limit 1 of each item
|clearpoke
|poke|p1|Amoonguss, L50, M|
|poke|p1|Ursaluna, L50, F|
|poke|p1|Incineroar, L50, M|
|poke|p1|Bronzong, L50|
|poke|p1|Porygon2, L50|
|poke|p1|Torkoal, L50, F|
|poke|p2|Dragonite, L50, F|
|poke|p2|Sneasler, L50, F|
|poke|p2|Volcarona, L50, F|
|poke|p2|Rillaboom, L50, M|
|poke|p2|Kingambit, L50, F|
|poke|p2|Electabuzz, L50, F|
|teampreview|4
|showteam|p1|Amoonguss||SitrusBerry|Regenerator|PollenPuff,Spore,RagePowder,Protect|||M|||50|,,,,,Water]Ursaluna||FlameOrb|Guts|Facade,HeadlongRush,Earthquake,Protect|||F|||50|,,,,,Ghost]Incineroar||AssaultVest|Intimidate|FlareBlitz,KnockOff,Uturn,FakeOut|||M|||50|,,,,,Grass]Bronzong||SafetyGoggles|Levitate|IceSpinner,BodyPress,TrickRoom,SunnyDay||||||50|,,,,,Water]Porygon2||Eviolite|Download|TeraBlast,Thunderbolt,Protect,TrickRoom||||||50|,,,,,Fighting]Torkoal||Charcoal|Drought|Eruption,WeatherBall,ClearSmog,Protect|||F|||50|,,,,,Ghost
|showteam|p2|Dragonite||LoadedDice|Multiscale|ScaleShot,ExtremeSpeed,Haze,Protect|||F|||50|,,,,,Fairy]Sneasler||FocusSash|PoisonTouch|DireClaw,CloseCombat,FakeOut,Coaching|||F|||50|,,,,,Ghost]Volcarona||CovertCloak|FlameBody|HeatWave,TeraBlast,QuiverDance,Protect|||F|||50|,,,,,Fairy]Rillaboom||AssaultVest|GrassySurge|WoodHammer,FakeOut,GrassyGlide,HighHorsepower|||M|||50|,,,,,Fire]Kingambit||BlackGlasses|Defiant|KowtowCleave,SwordsDance,SuckerPunch,Protect|||F|||50|,,,,,Dark]Electabuzz||Eviolite|VitalSpirit|Electroweb,FollowMe,Taunt,Protect|||F|||50|,,,,,Ghost
|inactive|Battle timer is ON: inactive players will automatically lose when time's up. (requested by Yinzo)
|
|t:|1755722433
|teamsize|p1|4
|teamsize|p2|4
|start
|switch|p1a: Porygon2|Porygon2, L50|100/100
|switch|p1b: Ursaluna|Ursaluna, L50, F|100/100
|switch|p2a: Volcarona|Volcarona, L50, F|100/100
|switch|p2b: Electabuzz|Electabuzz, L50, F|100/100
|-ability|p1a: Porygon2|Download|boost
|-boost|p1a: Porygon2|atk|1
|turn|1
|inactive|marcosdeltasena31 has 30 seconds left.
|
|t:|1755722459
|move|p1a: Porygon2|Protect|p1a: Porygon2
|-singleturn|p1a: Porygon2|Protect
|move|p2a: Volcarona|Quiver Dance|p2a: Volcarona
|-boost|p2a: Volcarona|spa|1
|-boost|p2a: Volcarona|spd|1
|-boost|p2a: Volcarona|spe|1
|move|p2b: Electabuzz|Taunt|p1a: Porygon2
|-activate|p1a: Porygon2|move: Protect
|move|p1b: Ursaluna|Earthquake|p2b: Electabuzz|[spread] p2a,p2b
|-activate|p1a: Porygon2|move: Protect
|-supereffective|p2b: Electabuzz
|-damage|p2a: Volcarona|46/100
|-damage|p2b: Electabuzz|30/100
|
|-status|p1b: Ursaluna|brn|[from] item: Flame Orb
|upkeep
|turn|2
|inactive|Yinzo has 30 seconds left.
|inactive|Yinzo has 20 seconds left.
|inactive|Yinzo has 15 seconds left.
|inactive|Yinzo has 10 seconds left.
|inactive|Yinzo has 5 seconds left.
|
|t:|1755722512
|switch|p1a: Amoonguss|Amoonguss, L50, M|100/100
|move|p2a: Volcarona|Heat Wave|p1a: Amoonguss|[spread] p1a
|-miss|p2a: Volcarona|p1b: Ursaluna
|-supereffective|p1a: Amoonguss
|-damage|p1a: Amoonguss|13/100
|-enditem|p1a: Amoonguss|Sitrus Berry|[eat]
|-heal|p1a: Amoonguss|38/100|[from] item: Sitrus Berry
|move|p2b: Electabuzz|Taunt|p1a: Amoonguss
|-start|p1a: Amoonguss|move: Taunt
|move|p1b: Ursaluna|Earthquake|p2b: Electabuzz|[spread] p1a,p2a,p2b
|-supereffective|p2b: Electabuzz
|-damage|p1a: Amoonguss|0 fnt
|-damage|p2a: Volcarona|0 fnt
|-damage|p2b: Electabuzz|0 fnt
|faint|p1a: Amoonguss
|faint|p2a: Volcarona
|faint|p2b: Electabuzz
|
|-damage|p1b: Ursaluna|95/100 brn|[from] brn
|upkeep
|inactive|Yinzo has 30 seconds left.
|
|t:|1755722545
|switch|p2a: Sneasler|Sneasler, L50, F|100/100
|switch|p2b: Kingambit|Kingambit, L50, F|100/100
|switch|p1a: Torkoal|Torkoal, L50, F|100/100
|-weather|SunnyDay|[from] ability: Drought|[of] p1a: Torkoal
|turn|3
|
|t:|1755722570
|-terastallize|p2b: Kingambit|Dark
|move|p2a: Sneasler|Close Combat|p1b: Ursaluna
|-supereffective|p1b: Ursaluna
|-damage|p1b: Ursaluna|8/100 brn
|-unboost|p2a: Sneasler|def|1
|-unboost|p2a: Sneasler|spd|1
|move|p2b: Kingambit|Kowtow Cleave|p1b: Ursaluna
|-damage|p1b: Ursaluna|0 fnt
|faint|p1b: Ursaluna
|move|p1a: Torkoal|Eruption|p2b: Kingambit|[spread] p2a,p2b
|-enditem|p2a: Sneasler|Focus Sash
|-damage|p2a: Sneasler|1/100
|-damage|p2b: Kingambit|16/100
|
|-weather|SunnyDay|[upkeep]
|upkeep
|
|t:|1755722586
|switch|p1b: Porygon2|Porygon2, L50|100/100
|-ability|p1b: Porygon2|Download|boost
|-boost|p1b: Porygon2|spa|1
|turn|4
|
|t:|1755722604
|-terastallize|p1b: Porygon2|Fighting
|move|p2b: Kingambit|Sucker Punch|p1a: Torkoal
|-damage|p1a: Torkoal|50/100
|move|p2a: Sneasler|Close Combat|p1a: Torkoal
|-damage|p1a: Torkoal|0 fnt
|-unboost|p2a: Sneasler|def|1
|-unboost|p2a: Sneasler|spd|1
|faint|p1a: Torkoal
|move|p1b: Porygon2|Tera Blast|p2a: Sneasler|[anim] Tera Blast Fighting
|-resisted|p2a: Sneasler
|-damage|p2a: Sneasler|0 fnt
|faint|p2a: Sneasler
|
|-weather|SunnyDay|[upkeep]
|upkeep
|turn|5
|
|t:|1755722617
|move|p2b: Kingambit|Kowtow Cleave|p1b: Porygon2
|-resisted|p1b: Porygon2
|-damage|p1b: Porygon2|77/100
|move|p1b: Porygon2|Tera Blast|p2b: Kingambit|[anim] Tera Blast Fighting
|-supereffective|p2b: Kingambit
|-damage|p2b: Kingambit|0 fnt
|faint|p2b: Kingambit
|
|win|Yinzo
|raw|Yinzo's rating: 1413 → 1432(+19 for winning)
|raw|marcosdeltasena31's rating: 1398 → 1379(-19 for losing)
