|j|☆SengarBlade
|j|☆KyleTampy
|html|SengarBladeKyleTampy    
|uhtml|bestof|Game 1 of a best-of-3
|t:|1757861514
|gametype|doubles
|player|p1|SengarBlade|shadowtriad|
|player|p2|KyleTampy|lucian|
|gen|9
|tier|[Gen 9] VGC 2025 Reg H (Bo3)
|rule|Species Clause: Limit one of each Pokémon
|rule|Item Clause: Limit 1 of each item
|clearpoke
|poke|p1|Murkrow, L50, F|
|poke|p1|Tyranitar, L50, M|
|poke|p1|Lycanroc, L50, M|
|poke|p1|Decidueye-Hisui, L50, F|
|poke|p1|Clefable, L50, F|
|poke|p1|Hydreigon, L50, F|
|poke|p2|Kleavor, L50, M|
|poke|p2|Tyranitar, L50, F|
|poke|p2|Gastrodon-East, L50, F|
|poke|p2|Decidueye-Hisui, L50, F|
|poke|p2|Corviknight, L50, F|
|poke|p2|Excadrill, L50, F|
|teampreview|4
|showteam|p1|Murkrow||Eviolite|Prankster|FoulPlay,Tailwind,Haze,Protect|||F|||50|,,,,,Steel]Tyranitar||ClearAmulet|SandStream|RockSlide,KnockOff,TeraBlast,Protect|||M|||50|,,,,,Flying]Lycanroc||FocusSash|SandRush|RockSlide,Accelerock,Endeavor,Endure|||M|||50|,,,,,Ghost]Decidueye-Hisui||LifeOrb|Scrappy|CloseCombat,LeafBlade,UpperHand,Protect|||F|||50|,,,,,Ghost]Clefable||SafetyGoggles|Unaware|Moonblast,FollowMe,HelpingHand,Protect|||F|||50|,,,,,Water]Hydreigon||AguavBerry|Levitate|DracoMeteor,DarkPulse,Snarl,Protect|||F|||50|,,,,,Poison
|showteam|p2|Kleavor||FocusSash|Sharpness|StoneAxe,CloseCombat,NightSlash,Protect|||M|||50|,,,,,Steel]Tyranitar||AssaultVest|SandStream|RockSlide,KnockOff,Snarl,TeraBlast|||F|||50|,,,,,Flying]Gastrodon-East||Leftovers|StormDrain|EarthPower,ClearSmog,Yawn,Protect|||F|||50|,,,,,Rock]Decidueye-Hisui||ScopeLens|Scrappy|TripleArrows,LeafBlade,SuckerPunch,Protect|||F|||50|,,,,,Steel]Corviknight||CovertCloak|MirrorArmor|Tailwind,BodyPress,DrillPeck,Uturn|||F|||50|,,,,,Dragon]Excadrill||ChoiceScarf|SandForce|Earthquake,IronHead,RockSlide,HighHorsepower|||F|||50|,,,,,Ghost
|j| jowemama
|j| Oldcow
|
|t:|1757861617
|teamsize|p1|4
|teamsize|p2|4
|start
|switch|p1a: Murkrow|Murkrow, L50, F|100/100
|switch|p1b: Tyranitar|Tyranitar, L50, M|100/100
|switch|p2a: Tyranitar|Tyranitar, L50, F|100/100
|switch|p2b: Corviknight|Corviknight, L50, F|100/100
|-weather|Sandstorm|[from] ability: Sand Stream|[of] p1b: Tyranitar
|turn|1
|
|t:|1757861645
|move|p1a: Murkrow|Tailwind|p1a: Murkrow
|-sidestart|p1: SengarBlade|move: Tailwind
|move|p1b: Tyranitar|Knock Off|p2a: Tyranitar
|-resisted|p2a: Tyranitar
|-damage|p2a: Tyranitar|81/100
|-enditem|p2a: Tyranitar|Assault Vest|[from] move: Knock Off|[of] p1b: Tyranitar
|move|p2b: Corviknight|Body Press|p1b: Tyranitar
|-supereffective|p1b: Tyranitar
|-damage|p1b: Tyranitar|20/100
|move|p2a: Tyranitar|Knock Off|p1a: Murkrow
|-resisted|p1a: Murkrow
|-damage|p1a: Murkrow|72/100
|-enditem|p1a: Murkrow|Eviolite|[from] move: Knock Off|[of] p2a: Tyranitar
|
|-weather|Sandstorm|[upkeep]
|-damage|p1a: Murkrow|66/100|[from] Sandstorm
|upkeep
|turn|2
|
|t:|1757861694
|move|p1a: Murkrow|Foul Play|p2a: Tyranitar
|-resisted|p2a: Tyranitar
|-damage|p2a: Tyranitar|65/100
|move|p1b: Tyranitar|Rock Slide|p2a: Tyranitar|[spread] p2a
|-miss|p1b: Tyranitar|p2b: Corviknight
|-damage|p2a: Tyranitar|41/100
|move|p2b: Corviknight|Tailwind|p2b: Corviknight
|-sidestart|p2: KyleTampy|move: Tailwind
|cant|p2a: Tyranitar|flinch
|
|-weather|Sandstorm|[upkeep]
|-damage|p1a: Murkrow|60/100|[from] Sandstorm
|upkeep
|turn|3
|
|t:|1757861718
|switch|p1a: Clefable|Clefable, L50, F|100/100
|move|p1b: Tyranitar|Rock Slide|p2b: Corviknight|[spread] p2a,p2b
|-damage|p2a: Tyranitar|19/100
|-damage|p2b: Corviknight|77/100
|move|p2b: Corviknight|U-turn|p1b: Tyranitar
|-supereffective|p1b: Tyranitar
|-damage|p1b: Tyranitar|0 fnt
|faint|p1b: Tyranitar
|
|t:|1757861729
|switch|p2b: Excadrill|Excadrill, L50, F|100/100|[from] U-turn
|move|p2a: Tyranitar|Rock Slide|p1a: Clefable
|-damage|p1a: Clefable|59/100
|
|-weather|Sandstorm|[upkeep]
|upkeep
|
|t:|1757861738
|switch|p1b: Lycanroc|Lycanroc, L50, M|100/100
|turn|4
|
|t:|1757861763
|switch|p2a: Corviknight|Corviknight, L50, F|77/100
|move|p1a: Clefable|Follow Me|p1a: Clefable
|-singleturn|p1a: Clefable|move: Follow Me
|move|p1b: Lycanroc|Rock Slide|p2a: Corviknight|[spread] p2b
|-miss|p1b: Lycanroc|p2a: Corviknight
|-resisted|p2b: Excadrill
|-damage|p2b: Excadrill|89/100
|move|p2b: Excadrill|Iron Head|p1a: Clefable
|-supereffective|p1a: Clefable
|-damage|p1a: Clefable|0 fnt
|faint|p1a: Clefable
|
|-weather|Sandstorm|[upkeep]
|-sideend|p1: SengarBlade|move: Tailwind
|upkeep
|
|t:|1757861775
|switch|p1a: Murkrow|Murkrow, L50, F|60/100
|turn|5
|
|t:|1757861792
|move|p1a: Murkrow|Tailwind|p1a: Murkrow
|-sidestart|p1: SengarBlade|move: Tailwind
|move|p1b: Lycanroc|Rock Slide|p2b: Excadrill|[spread] p2a,p2b
|-resisted|p2b: Excadrill
|-damage|p2a: Corviknight|56/100
|-damage|p2b: Excadrill|79/100
|move|p2b: Excadrill|Iron Head|p1a: Murkrow
|-damage|p1a: Murkrow|0 fnt
|faint|p1a: Murkrow
|move|p2a: Corviknight|Body Press|p1b: Lycanroc
|-supereffective|p1b: Lycanroc
|-damage|p1b: Lycanroc|22/100
|
|-weather|none
|-sideend|p2: KyleTampy|move: Tailwind
|upkeep
|turn|6
|
|t:|1757861808
|move|p1b: Lycanroc|Rock Slide|p2b: Excadrill|[spread] p2b
|-miss|p1b: Lycanroc|p2a: Corviknight
|-resisted|p2b: Excadrill
|-damage|p2b: Excadrill|69/100
|move|p2b: Excadrill|Iron Head|p1b: Lycanroc
|-supereffective|p1b: Lycanroc
|-damage|p1b: Lycanroc|0 fnt
|faint|p1b: Lycanroc
|
|win|KyleTampy
||SengarBlade is ready for game 2.
||KyleTampy is ready for game 2.
|uhtml|next|Next: Game 2 of 3
|l| jowemama
|l| Oldcow
|l|☆SengarBlade
|player|p1|
|l|☆KyleTampy
|player|p2|
|j|☆KyleTampy
|player|p2|KyleTampy|lucian|
