|j|‽gwen1126
|j|☆Pelosis
|html|gwen1126Pelosis    
|uhtml|bestof|Game 2 of a best-of-3
|t:|1784724668
|gametype|doubles
|player|p1|gwen1126|265|1137
|player|p2|Pelosis|266|1196
|gen|9
|tier|[Gen 9 Champions] VGC 2026 Reg M-B (Bo3)
|rated|
|rule|Species Clause: Limit one of each Pokémon
|rule|Item Clause: Limit 1 of each item
|clearpoke
|poke|p1|Decidueye-Hisui, L50, M|
|poke|p1|Chandelure, L50, F|
|poke|p1|Liepard, L50, M|
|poke|p1|Scizor, L50, F|
|poke|p1|Greninja, L50, M|
|poke|p1|Aerodactyl, L50, F|
|poke|p2|Mawile, L50, F|
|poke|p2|Farigiraf, L50, F|
|poke|p2|Incineroar, L50, F|
|poke|p2|Torkoal, L50, F|
|poke|p2|Venusaur, L50, M|
|poke|p2|Scrafty, L50, F|
|teampreview|4
|showteam|p1|Decidueye-Hisui||ScopeLens|Scrappy|LeafBlade,TripleArrows,ShadowClaw,Protect|Adamant||M|||50|]Chandelure||ColburBerry|FlashFire|ShadowBall,HeatWave,Taunt,Protect|Modest||F|||50|]Liepard||FocusBand|Prankster|ThroatChop,Yawn,Encore,HyperVoice|Serious||M|||50|]Scizor||Scizorite|Technician|IronHead,CloseCombat,Lunge,Protect|Adamant||F|||50|]Greninja||LifeOrb|Protean|IceBeam,LowKick,RockSlide,Protect|Hasty||M|||50|]Aerodactyl||Aerodactylite|RockHead|RockSlide,AerialAce,DragonClaw,Protect|Jolly||F|||50|
|showteam|p2|Mawile||Mawilite|HyperCutter|Protect,PlayRough,RockSlide,SuckerPunch|Brave||F|||50|]Farigiraf||SitrusBerry|ArmorTail|TrickRoom,TwinBeam,Thunderbolt,HelpingHand|Quiet||F|||50|]Incineroar||WhiteHerb|Intimidate|FakeOut,CloseCombat,FlareBlitz,DarkestLariat|Brave||F|||50|]Torkoal||Charcoal|Drought|Protect,Eruption,HeatWave,WeatherBall|Quiet||F|||50|]Venusaur||FocusSash|Chlorophyll|SleepPowder,EarthPower,EnergyBall,SludgeBomb|Modest||M|||50|]Scrafty||Scraftinite|Intimidate|FakeOut,CloseCombat,KnockOff,IcePunch|Brave||F|||50|
|inactive|Battle timer is ON: inactive players will automatically lose when time's up. (requested by Pelosis)
|inactive|gwen1126 has 60 seconds left.
|inactive|Pelosis has 60 seconds left.
|
|t:|1784724718
|teamsize|p1|4
|teamsize|p2|4
|start
|switch|p1a: Chandelure|Chandelure, L50, F|100/100
|switch|p1b: Liepard|Liepard, L50, M|100/100
|switch|p2a: Farigiraf|Farigiraf, L50, F|100/100
|switch|p2b: Incineroar|Incineroar, L50, F|100/100
|-ability|p2b: Incineroar|Intimidate|boost
|-unboost|p1a: Chandelure|atk|1
|-unboost|p1b: Liepard|atk|1
|turn|1
|inactive|gwen1126 has 30 seconds left.
|inactive|Pelosis has 30 seconds left.
|
|t:|1784724757
|move|p1b: Liepard|Throat Chop|p2a: Farigiraf
|-supereffective|p2a: Farigiraf|1
|-damage|p2a: Farigiraf|56/100
|-start|p2a: Farigiraf|Throat Chop|[silent]
|move|p1a: Chandelure|Taunt|p2a: Farigiraf
|-start|p2a: Farigiraf|move: Taunt
|move|p2b: Incineroar|Darkest Lariat|p1a: Chandelure
|-supereffective|p1a: Chandelure|1
|-enditem|p1a: Chandelure|Colbur Berry|[eat]
|-enditem|p1a: Chandelure|Colbur Berry|[weaken]
|-damage|p1a: Chandelure|47/100
|cant|p2a: Farigiraf|move: Taunt|Trick Room
|
|upkeep
|turn|2
|inactive|gwen1126 has 30 seconds left.
|inactive|Pelosis has 30 seconds left.
|inactive|gwen1126 has 20 seconds left.
|inactive|Pelosis has 20 seconds left.
|inactive|Pelosis has 15 seconds left.
|inactive|Pelosis has 10 seconds left.
|
|t:|1784724805
|switch|p1a: Decidueye|Decidueye-Hisui, L50, M|100/100
|move|p1b: Liepard|Throat Chop|p2a: Farigiraf
|-supereffective|p2a: Farigiraf|1
|-damage|p2a: Farigiraf|15/100
|-enditem|p2a: Farigiraf|Sitrus Berry|[eat]
|-heal|p2a: Farigiraf|40/100|[from] item: Sitrus Berry
|move|p2a: Farigiraf|Twin Beam|p1a: Decidueye
|-supereffective|p1a: Decidueye|1
|-damage|p1a: Decidueye|62/100
|-supereffective|p1a: Decidueye|1
|-damage|p1a: Decidueye|24/100
|-hitcount|p1a: Decidueye|2
|move|p2b: Incineroar|Close Combat|p1b: Liepard
|-supereffective|p1b: Liepard|1
|-damage|p1b: Liepard|0 fnt
|-unboost|p2b: Incineroar|def|1
|-unboost|p2b: Incineroar|spd|1
|faint|p1b: Liepard
|-enditem|p2b: Incineroar|White Herb
|-clearnegativeboost|p2b: Incineroar|[silent]
|
|-end|p2a: Farigiraf|Throat Chop|[silent]
|upkeep
|
|t:|1784724828
|switch|p1b: Chandelure|Chandelure, L50, F|47/100
|turn|3
|inactive|Pelosis has 30 seconds left.
|inactive|gwen1126 has 30 seconds left.
|
|t:|1784724863
|switch|p2a: Scrafty|Scrafty, L50, F|100/100
|-ability|p2a: Scrafty|Intimidate|boost
|-fail|p1a: Decidueye|unboost|Attack|[from] ability: Scrappy|[of] p1a: Decidueye
|-unboost|p1b: Chandelure|atk|1
|move|p1a: Decidueye|Triple Arrows|p2a: Scrafty
|-supereffective|p2a: Scrafty|1
|-damage|p2a: Scrafty|8/100
|-unboost|p2a: Scrafty|def|1
|move|p1b: Chandelure|Heat Wave|p2a: Scrafty|[spread] p2b
|-miss|p1b: Chandelure|p2a: Scrafty
|-resisted|p2b: Incineroar|1
|-damage|p2b: Incineroar|78/100
|move|p2b: Incineroar|Darkest Lariat|p1b: Chandelure
|-supereffective|p1b: Chandelure|1
|-damage|p1b: Chandelure|0 fnt
|faint|p1b: Chandelure
|
|upkeep
|
|t:|1784724879
|switch|p1b: Scizor|Scizor, L50, F|100/100
|turn|4
|inactive|gwen1126 has 30 seconds left.
|inactive|Pelosis has 30 seconds left.
|
|t:|1784724912
|detailschange|p1b: Scizor|Scizor-Mega, L50, F
|-mega|p1b: Scizor|Scizor|Scizorite
|detailschange|p2a: Scrafty|Scrafty-Mega, L50, F
|-mega|p2a: Scrafty|Scrafty|Scraftinite
|-ability|p2a: Scrafty|Intimidate|boost
|-fail|p1a: Decidueye|unboost|Attack|[from] ability: Scrappy|[of] p1a: Decidueye
|-unboost|p1b: Scizor|atk|1
|move|p1a: Decidueye|Protect|p1a: Decidueye
|-singleturn|p1a: Decidueye|Protect
|move|p2a: Scrafty|Fake Out|p1a: Decidueye
|-activate|p1a: Decidueye|move: Protect
|move|p1b: Scizor|Lunge|p2a: Scrafty
|-damage|p2a: Scrafty|0 fnt
|faint|p2a: Scrafty
|move|p2b: Incineroar|Flare Blitz|p1b: Scizor
|-supereffective|p1b: Scizor|2
|-damage|p1b: Scizor|0 fnt
|faint|p1b: Scizor
|-damage|p2b: Incineroar|50/100g|[from] Recoil
|
|upkeep
|c|☆Pelosis|gg ez
|
|t:|1784724929
|switch|p2a: Torkoal|Torkoal, L50, F|100/100
|-weather|SunnyDay|[from] ability: Drought|[of] p2a: Torkoal
|turn|5
|
|t:|1784724943
|move|p1a: Decidueye|Triple Arrows|p2b: Incineroar
|-supereffective|p2b: Incineroar|1
|-damage|p2b: Incineroar|0 fnt
|faint|p2b: Incineroar
|move|p2a: Torkoal|Weather Ball|p1a: Decidueye
|-supereffective|p1a: Decidueye|1
|-damage|p1a: Decidueye|0 fnt
|faint|p1a: Decidueye
|
|win|Pelosis
|raw|gwen1126's rating: 1137 → 1116(-21 for losing)
|raw|Pelosis's rating: 1196 → 1217(+21 for winning)
