|j|☆SamuelJacksonheehe
|j|☆DogGoesWoof123!
|html|SamuelJacksonheeheDogGoesWoof123!    
|uhtml|bestof|Game 3 of a best-of-3
|t:|1756061712
|gametype|doubles
|player|p1|SamuelJacksonheehe|1|1333
|player|p2|DogGoesWoof123!|102|1238
|gen|9
|tier|[Gen 9] VGC 2025 Reg H (Bo3)
|rated|
|rule|Species Clause: Limit one of each Pokémon
|rule|Item Clause: Limit 1 of each item
|clearpoke
|poke|p1|Pelipper, L50, M|
|poke|p1|Archaludon, L50, F|
|poke|p1|Basculegion, L50, M|
|poke|p1|Incineroar, L50, M|
|poke|p1|Amoonguss, L50, F|
|poke|p1|Gholdengo, L50|
|poke|p2|Kingambit, L50, M|
|poke|p2|Rillaboom, L50, M|
|poke|p2|Primarina, L50, M|
|poke|p2|Sneasler, L50, F|
|poke|p2|Electabuzz, L50, F|
|poke|p2|Dragonite, L50, F|
|teampreview|4
|showteam|p1|Pelipper||FocusSash|Drizzle|WeatherBall,Hurricane,Tailwind,Protect|||M|||50|,,,,,Stellar]Archaludon||AssaultVest|Stamina|ElectroShot,DragonPulse,BodyPress,FlashCannon|||F|||50|,,,,,Bug]Basculegion||ChoiceBand|SwiftSwim|WaveCrash,LastRespects,AquaJet,FlipTurn|||M|||50|,,,,,Grass]Incineroar||SafetyGoggles|Intimidate|FakeOut,KnockOff,Taunt,PartingShot|||M|||50|,,,,,Ghost]Amoonguss||SitrusBerry|Regenerator|RagePowder,Spore,PollenPuff,Protect|||F|||50|,,,,,Fairy]Gholdengo||LifeOrb|GoodasGold|MakeItRain,ShadowBall,NastyPlot,Protect||||||50|,,,,,Steel
|showteam|p2|Kingambit||BlackGlasses|Defiant|KowtowCleave,SuckerPunch,SwordsDance,Protect|||M|||50|,,,,,Dark]Rillaboom||AssaultVest|GrassySurge|WoodHammer,GrassyGlide,FakeOut,HighHorsepower|||M|||50|,,,,,Fire]Primarina||SitrusBerry|LiquidVoice|HyperVoice,Moonblast,Haze,Protect|||M|||50|,,,,,Poison]Sneasler||FocusSash|PoisonTouch|DireClaw,CloseCombat,FakeOut,Coaching|||F|||50|,,,,,Ghost]Electabuzz||Eviolite|VitalSpirit|Protect,FollowMe,Taunt,Electroweb|||F|||50|,,,,,Ghost]Dragonite||LoadedDice|Multiscale|TeraBlast,ExtremeSpeed,ScaleShot,Protect|||F|||50|,,,,,Flying
|inactive|Battle timer is ON: inactive players will automatically lose when time's up. (requested by SamuelJacksonheehe)
|inactive|DogGoesWoof123! has 60 seconds left.
|
|t:|1756061803
|teamsize|p1|4
|teamsize|p2|4
|start
|switch|p1a: Pelipper|Pelipper, L50, M|100/100
|switch|p1b: Archaludon|Archaludon, L50, F|100/100
|switch|p2a: Kingambit|Kingambit, L50, M|100/100
|switch|p2b: Electabuzz|Electabuzz, L50, F|100/100
|-weather|RainDance|[from] ability: Drizzle|[of] p1a: Pelipper
|turn|1
|
|t:|1756061821
|move|p2b: Electabuzz|Follow Me|p2b: Electabuzz
|-singleturn|p2b: Electabuzz|move: Follow Me
|move|p1a: Pelipper|Tailwind|p1a: Pelipper
|-sidestart|p1: SamuelJacksonheehe|move: Tailwind
|move|p1b: Archaludon|Electro Shot||[still]
|-prepare|p1b: Archaludon|Electro Shot
|-boost|p1b: Archaludon|spa|1
|-anim|p1b: Archaludon|Electro Shot|p2b: Electabuzz
|-resisted|p2b: Electabuzz
|-crit|p2b: Electabuzz
|-damage|p2b: Electabuzz|65/100
|move|p2a: Kingambit|Swords Dance|p2a: Kingambit
|-boost|p2a: Kingambit|atk|2
|
|-weather|RainDance|[upkeep]
|upkeep
|turn|2
|inactive|SamuelJacksonheehe has 30 seconds left.
|inactive|DogGoesWoof123! has 30 seconds left.
|
|t:|1756061851
|-terastallize|p1a: Pelipper|Stellar
|-terastallize|p2a: Kingambit|Dark
|move|p2b: Electabuzz|Follow Me|p2b: Electabuzz
|-singleturn|p2b: Electabuzz|move: Follow Me
|move|p1a: Pelipper|Weather Ball|p2b: Electabuzz
|-damage|p2b: Electabuzz|0 fnt
|faint|p2b: Electabuzz
|move|p1b: Archaludon|Electro Shot||[still]
|-prepare|p1b: Archaludon|Electro Shot
|-boost|p1b: Archaludon|spa|1
|-anim|p1b: Archaludon|Electro Shot|p2a: Kingambit
|-damage|p2a: Kingambit|17/100
|move|p2a: Kingambit|Kowtow Cleave|p1b: Archaludon
|-crit|p1b: Archaludon
|-damage|p1b: Archaludon|0 fnt
|faint|p1b: Archaludon
|
|-weather|RainDance|[upkeep]
|upkeep
|inactive|SamuelJacksonheehe has 30 seconds left.
|inactive|DogGoesWoof123! has 30 seconds left.
|inactive|SamuelJacksonheehe has 20 seconds left.
|
|t:|1756061887
|switch|p2b: Rillaboom|Rillaboom, L50, M|100/100
|switch|p1b: Amoonguss|Amoonguss, L50, F|100/100
|-fieldstart|move: Grassy Terrain|[from] ability: Grassy Surge|[of] p2b: Rillaboom
|turn|3
|inactive|SamuelJacksonheehe has 30 seconds left.
|inactive|DogGoesWoof123! has 30 seconds left.
|inactive|SamuelJacksonheehe has 20 seconds left.
|inactive|DogGoesWoof123! has 20 seconds left.
|inactive|DogGoesWoof123! has 15 seconds left.
|
|t:|1756061927
|switch|p1a: Gholdengo|Gholdengo, L50|100/100
|move|p1b: Amoonguss|Protect|p1b: Amoonguss
|-singleturn|p1b: Amoonguss|Protect
|move|p2a: Kingambit|Protect|p2a: Kingambit
|-singleturn|p2a: Kingambit|Protect
|move|p2b: Rillaboom|Wood Hammer|p1a: Gholdengo
|-resisted|p1a: Gholdengo
|-damage|p1a: Gholdengo|57/100
|-damage|p2b: Rillaboom|88/100|[from] Recoil
|
|-weather|RainDance|[upkeep]
|-heal|p1a: Gholdengo|63/100|[from] Grassy Terrain
|-heal|p2b: Rillaboom|94/100|[from] Grassy Terrain
|-heal|p2a: Kingambit|22/100|[from] Grassy Terrain
|upkeep
|turn|4
|inactive|DogGoesWoof123! has 30 seconds left.
|inactive|DogGoesWoof123! has 20 seconds left.
|inactive|DogGoesWoof123! has 15 seconds left.
|inactive|DogGoesWoof123! has 10 seconds left.
|
|t:|1756061975
|switch|p2a: Sneasler|Sneasler, L50, F|100/100
|move|p1b: Amoonguss|Rage Powder|p1b: Amoonguss
|-singleturn|p1b: Amoonguss|move: Rage Powder
|move|p1a: Gholdengo|Make It Rain|p2a: Sneasler|[spread] p2a,p2b
|-damage|p2a: Sneasler|13/100
|-damage|p2b: Rillaboom|54/100
|-unboost|p1a: Gholdengo|spa|1
|-damage|p1a: Gholdengo|54/100|[from] item: Life Orb
|move|p2b: Rillaboom|High Horsepower|p1a: Gholdengo
|-supereffective|p1a: Gholdengo
|-damage|p1a: Gholdengo|0 fnt
|faint|p1a: Gholdengo
|
|-weather|RainDance|[upkeep]
|-heal|p2a: Sneasler|19/100|[from] Grassy Terrain
|-heal|p2b: Rillaboom|60/100|[from] Grassy Terrain
|-sideend|p1: SamuelJacksonheehe|move: Tailwind
|upkeep
|
|t:|1756061980
|switch|p1a: Pelipper|Pelipper, L50, M, tera:Stellar|100/100
|turn|5
|inactive|DogGoesWoof123! has 30 seconds left.
|inactive|DogGoesWoof123! has 20 seconds left.
|inactive|DogGoesWoof123! has 15 seconds left.
|inactive|DogGoesWoof123! has 10 seconds left.
|
|t:|1756062026
|move|p1a: Pelipper|Protect|p1a: Pelipper
|-singleturn|p1a: Pelipper|Protect
|move|p2a: Sneasler|Dire Claw|p1a: Pelipper
|-activate|p1a: Pelipper|move: Protect
|move|p2b: Rillaboom|Wood Hammer|p1a: Pelipper
|-activate|p1a: Pelipper|move: Protect
|move|p1b: Amoonguss|Spore|p2a: Sneasler
|-status|p2a: Sneasler|slp|[from] move: Spore
|
|-weather|none
|-heal|p2a: Sneasler|24/100 slp|[from] Grassy Terrain
|-heal|p2b: Rillaboom|66/100|[from] Grassy Terrain
|upkeep
|turn|6
|inactive|SamuelJacksonheehe has 30 seconds left.
|inactive|SamuelJacksonheehe has 20 seconds left.
|inactive|SamuelJacksonheehe has 15 seconds left.
|inactive|SamuelJacksonheehe has 10 seconds left.
|
|t:|1756062074
|cant|p2a: Sneasler|slp
|move|p2b: Rillaboom|Wood Hammer|p1a: Pelipper
|-enditem|p1a: Pelipper|Focus Sash
|-damage|p1a: Pelipper|1/100
|-damage|p2b: Rillaboom|44/100|[from] Recoil
|move|p1a: Pelipper|Tailwind|p1a: Pelipper
|-sidestart|p1: SamuelJacksonheehe|move: Tailwind
|move|p1b: Amoonguss|Pollen Puff|p1a: Pelipper
|-heal|p1a: Pelipper|51/100
|
|-heal|p2a: Sneasler|30/100 slp|[from] Grassy Terrain
|-heal|p2b: Rillaboom|50/100|[from] Grassy Terrain
|upkeep
|turn|7
|inactive|DogGoesWoof123! has 30 seconds left.
|inactive|DogGoesWoof123! has 20 seconds left.
|inactive|DogGoesWoof123! has 15 seconds left.
|
|t:|1756062115
|move|p2b: Rillaboom|Grassy Glide|p1a: Pelipper
|-damage|p1a: Pelipper|6/100
|move|p1a: Pelipper|Hurricane|p2b: Rillaboom
|-supereffective|p2b: Rillaboom
|-damage|p2b: Rillaboom|0 fnt
|faint|p2b: Rillaboom
|cant|p2a: Sneasler|slp
|move|p1b: Amoonguss|Pollen Puff|p1a: Pelipper
|-heal|p1a: Pelipper|55/100
|
|-heal|p2a: Sneasler|36/100 slp|[from] Grassy Terrain
|-fieldend|move: Grassy Terrain
|upkeep
|
|t:|1756062128
|switch|p2b: Kingambit|Kingambit, L50, M, tera:Dark|22/100
|turn|8
|inactive|DogGoesWoof123! has 30 seconds left.
|
|t:|1756062153
|move|p1a: Pelipper|Protect|p1a: Pelipper
|-singleturn|p1a: Pelipper|Protect
|move|p2b: Kingambit|Protect|p2b: Kingambit
|-singleturn|p2b: Kingambit|Protect
|cant|p2a: Sneasler|slp
|move|p1b: Amoonguss|Spore|p2b: Kingambit
|-activate|p2b: Kingambit|move: Protect
|
|upkeep
|turn|9
|
|t:|1756062172
|move|p1a: Pelipper|Protect|p1a: Pelipper
|-singleturn|p1a: Pelipper|Protect
|move|p2b: Kingambit|Sucker Punch||[still]
|-fail|p2b: Kingambit
|-curestatus|p2a: Sneasler|slp|[msg]
|move|p2a: Sneasler|Dire Claw|p1b: Amoonguss
|-damage|p1b: Amoonguss|68/100
|move|p1b: Amoonguss|Spore|p2b: Kingambit
|-status|p2b: Kingambit|slp|[from] move: Spore
|
|-sideend|p1: SamuelJacksonheehe|move: Tailwind
|upkeep
|turn|10
|inactive|SamuelJacksonheehe has 30 seconds left.
|
|t:|1756062201
|move|p1b: Amoonguss|Rage Powder|p1b: Amoonguss
|-singleturn|p1b: Amoonguss|move: Rage Powder
|move|p2a: Sneasler|Dire Claw|p1b: Amoonguss
|-damage|p1b: Amoonguss|36/100
|-enditem|p1b: Amoonguss|Sitrus Berry|[eat]
|-heal|p1b: Amoonguss|61/100|[from] item: Sitrus Berry
|move|p1a: Pelipper|Weather Ball|p2b: Kingambit
|-damage|p2b: Kingambit|3/100 slp
|cant|p2b: Kingambit|slp
|
|upkeep
|turn|11
|
|t:|1756062221
|-curestatus|p2b: Kingambit|slp|[msg]
|move|p2b: Kingambit|Protect|p2b: Kingambit
|-singleturn|p2b: Kingambit|Protect
|move|p1b: Amoonguss|Rage Powder|p1b: Amoonguss
|-singleturn|p1b: Amoonguss|move: Rage Powder
|move|p2a: Sneasler|Dire Claw|p1b: Amoonguss
|-damage|p1b: Amoonguss|29/100
|move|p1a: Pelipper|Weather Ball|p2b: Kingambit
|-activate|p2b: Kingambit|move: Protect
|
|upkeep
|turn|12
|inactive|DogGoesWoof123! has 30 seconds left.
|
|t:|1756062252
|move|p1b: Amoonguss|Rage Powder|p1b: Amoonguss
|-singleturn|p1b: Amoonguss|move: Rage Powder
|move|p2b: Kingambit|Sucker Punch||[still]
|-fail|p2b: Kingambit
|move|p2a: Sneasler|Dire Claw|p1b: Amoonguss
|-damage|p1b: Amoonguss|0 fnt
|faint|p1b: Amoonguss
|move|p1a: Pelipper|Weather Ball|p2b: Kingambit
|-crit|p2b: Kingambit
|-damage|p2b: Kingambit|0 fnt
|faint|p2b: Kingambit
|
|upkeep
|turn|13
|
|t:|1756062271
|move|p2a: Sneasler|Dire Claw|p1a: Pelipper
|-damage|p1a: Pelipper|4/100
|move|p1a: Pelipper|Hurricane|p2a: Sneasler|[miss]
|-miss|p1a: Pelipper|p2a: Sneasler
|
|upkeep
|turn|14
|c|☆SamuelJacksonheehe|gg
|c|☆DogGoesWoof123!|Good games
|inactive|SamuelJacksonheehe has 30 seconds left.
|c|☆SamuelJacksonheehe|yeah, i have a question
|c|☆DogGoesWoof123!|Ok
|inactive|SamuelJacksonheehe has 20 seconds left.
|inactive|SamuelJacksonheehe has 15 seconds left.
|inactive|SamuelJacksonheehe has 10 seconds left.
|
|t:|1756062317
|move|p2a: Sneasler|Dire Claw|p1a: Pelipper
|-damage|p1a: Pelipper|0 fnt
|faint|p1a: Pelipper
|
|win|DogGoesWoof123!
|raw|SamuelJacksonheehe's rating: 1333 → 1308(-25 for losing)
|raw|DogGoesWoof123!'s rating: 1238 → 1270(+32 for winning)
|c|☆DogGoesWoof123!|What's the question?
|c|☆SamuelJacksonheehe|do you know how i can win consistent against your team?
|c|☆SamuelJacksonheehe|like what should be my gameplan
|c|☆DogGoesWoof123!|I have thought much about it. Amoonguss can redirect Gambit
