|j|☆0-x ft wayne
|j|☆Brutalandathebozz
|html|0-x ft wayneBrutalandathebozz    
|uhtml|bestof|Game 2 of a best-of-3
|t:|1756309943
|gametype|doubles
|player|p1|0-x ft wayne|kamado-armor|1176
|player|p2|Brutalandathebozz|101|1278
|gen|9
|tier|[Gen 9] VGC 2025 Reg H (Bo3)
|rated|
|rule|Species Clause: Limit one of each Pokémon
|rule|Item Clause: Limit 1 of each item
|clearpoke
|poke|p1|Garchomp, L50, M|
|poke|p1|Sneasler, L50, F|
|poke|p1|Incineroar, L50, M|
|poke|p1|Amoonguss, L50, M|
|poke|p1|Vivillon, L50, M|
|poke|p1|Ninetales-Alola, L50, M|
|poke|p2|Hydreigon, L50, F|
|poke|p2|Sneasler, L50, M|
|poke|p2|Electabuzz, L50, F|
|poke|p2|Rillaboom, L50, M|
|poke|p2|Primarina, L50, M|
|poke|p2|Kingambit, L50, M|
|teampreview|4
|showteam|p1|Garchomp||LifeOrb|RoughSkin|Earthquake,DragonClaw,StompingTantrum,Protect|||M|||50|,,,,,Ground]Sneasler||WhiteHerb|Unburden|FakeOut,Protect,DireClaw,CloseCombat|||F|||50|,,,,,Stellar]Incineroar||SafetyGoggles|Intimidate|FakeOut,FlareBlitz,KnockOff,PartingShot|||M|||50|,,,,,Ghost]Amoonguss||SitrusBerry|Regenerator|Spore,RagePowder,PollenPuff,Protect|||M|||50|,,,,,Water]Vivillon||FocusSash|CompoundEyes|Hurricane,SleepPowder,RagePowder,Protect|||M|||50|,,,,,Ghost]Ninetales-Alola||CovertCloak|SnowWarning|Blizzard,Encore,FreezeDry,IcyWind|||M|||50|,,,,,Water
|showteam|p2|Hydreigon||LifeOrb|Levitate|DracoMeteor,Snarl,Tailwind,Protect|||F|||50|,,,,,Ghost]Sneasler||FocusSash|PoisonTouch|FakeOut,CloseCombat,DireClaw,Protect|||M|||50|,,,,,Ghost]Electabuzz||Eviolite|VitalSpirit|Protect,Taunt,FollowMe,Electroweb|||F|||50|,,,,,Ghost]Rillaboom||AssaultVest|GrassySurge|WoodHammer,GrassyGlide,FakeOut,HighHorsepower|||M|||50|,,,,,Fire]Primarina||SitrusBerry|LiquidVoice|HyperVoice,Moonblast,Protect,Haze|||M|||50|,,,,,Poison]Kingambit||BlackGlasses|Defiant|KowtowCleave,SuckerPunch,Protect,SwordsDance|||M|||50|,,,,,Dark
|inactive|Battle timer is ON: inactive players will automatically lose when time's up. (requested by 0-x ft wayne)
|inactive|Brutalandathebozz has 60 seconds left.
|inactive|Brutalandathebozz has 30 seconds left.
|inactive|Brutalandathebozz has 20 seconds left.
|inactive|Brutalandathebozz has 15 seconds left.
|inactive|Brutalandathebozz has 10 seconds left.
|
|t:|1756310039
|teamsize|p1|4
|teamsize|p2|4
|start
|switch|p1a: Kaladin|Garchomp, L50, M, shiny|100/100
|switch|p1b: Vivillon|Vivillon, L50, M|100/100
|switch|p2a: Electabuzz|Electabuzz, L50, F|100/100
|switch|p2b: Primarina|Primarina, L50, M|100/100
|turn|1
|
|t:|1756310051
|-terastallize|p1a: Kaladin|Ground
|-terastallize|p2a: Electabuzz|Ghost
|move|p2a: Electabuzz|Follow Me|p2a: Electabuzz
|-singleturn|p2a: Electabuzz|move: Follow Me
|move|p1a: Kaladin|Earthquake|p2b: Primarina|[spread] p2a,p2b
|-immune|p1b: Vivillon
|-damage|p2a: Electabuzz|35/100
|-damage|p2b: Primarina|29/100
|-enditem|p2b: Primarina|Sitrus Berry|[eat]
|-heal|p2b: Primarina|54/100|[from] item: Sitrus Berry
|-damage|p1a: Kaladin|91/100|[from] item: Life Orb
|move|p1b: Vivillon|Hurricane|p2a: Electabuzz
|-damage|p2a: Electabuzz|0 fnt
|faint|p2a: Electabuzz
|move|p2b: Primarina|Hyper Voice|p1a: Kaladin|[spread] p1a,p1b
|-supereffective|p1a: Kaladin
|-damage|p1a: Kaladin|17/100
|-damage|p1b: Vivillon|41/100
|
|upkeep
|
|t:|1756310063
|switch|p2a: Sneasler|Sneasler, L50, M|100/100
|turn|2
|inactive|Brutalandathebozz has 30 seconds left.
|
|t:|1756310095
|switch|p2b: Rillaboom|Rillaboom, L50, M|100/100
|-fieldstart|move: Grassy Terrain|[from] ability: Grassy Surge|[of] p2b: Rillaboom
|move|p1a: Kaladin|Protect|p1a: Kaladin
|-singleturn|p1a: Kaladin|Protect
|move|p1b: Vivillon|Protect|p1b: Vivillon
|-singleturn|p1b: Vivillon|Protect
|move|p2a: Sneasler|Dire Claw|p1b: Vivillon
|-activate|p1b: Vivillon|move: Protect
|
|-heal|p1a: Kaladin|23/100|[from] Grassy Terrain
|upkeep
|turn|3
|
|t:|1756310108
|switch|p1a: Sneasler|Sneasler, L50, F|100/100
|switch|p1b: Ninetales|Ninetales-Alola, L50, M, shiny|100/100
|-weather|Snowscape|[from] ability: Snow Warning|[of] p1b: Ninetales
|move|p2b: Rillaboom|Grassy Glide|p1a: Sneasler
|-resisted|p1a: Sneasler
|-damage|p1a: Sneasler|76/100
|move|p2a: Sneasler|Dire Claw|p1b: Ninetales
|-supereffective|p1b: Ninetales
|-damage|p1b: Ninetales|16/100
|
|-weather|Snowscape|[upkeep]
|-heal|p1b: Ninetales|22/100|[from] Grassy Terrain
|-heal|p1a: Sneasler|82/100|[from] Grassy Terrain
|upkeep
|turn|4
|inactive|0-x ft wayne has 30 seconds left.
|
|t:|1756310142
|move|p1a: Sneasler|Fake Out|p2b: Rillaboom
|-damage|p2b: Rillaboom|85/100
|cant|p2b: Rillaboom|flinch
|move|p2a: Sneasler|Dire Claw|p1b: Ninetales
|-supereffective|p1b: Ninetales
|-damage|p1b: Ninetales|0 fnt
|faint|p1b: Ninetales
|
|-weather|Snowscape|[upkeep]
|-heal|p1a: Sneasler|88/100|[from] Grassy Terrain
|-heal|p2b: Rillaboom|91/100|[from] Grassy Terrain
|upkeep
|
|t:|1756310166
|switch|p1b: Vivillon|Vivillon, L50, M|41/100
|turn|5
|
|t:|1756310177
|move|p2a: Sneasler|Dire Claw|p1b: Vivillon
|-damage|p1b: Vivillon|0 fnt
|faint|p1b: Vivillon
|move|p1a: Sneasler|Dire Claw|p2b: Rillaboom
|-supereffective|p2b: Rillaboom
|-damage|p2b: Rillaboom|0 fnt
|faint|p2b: Rillaboom
|
|-weather|Snowscape|[upkeep]
|-heal|p1a: Sneasler|93/100|[from] Grassy Terrain
|upkeep
|
|t:|1756310187
|switch|p1b: Kaladin|Garchomp, L50, M, shiny, tera:Ground|23/100
|switch|p2b: Primarina|Primarina, L50, M|54/100
|turn|6
|inactive|0-x ft wayne has 30 seconds left.
|inactive|Brutalandathebozz has 30 seconds left.
|
|t:|1756310213
|move|p2a: Sneasler|Dire Claw|p1a: Sneasler
|-resisted|p1a: Sneasler
|-damage|p1a: Sneasler|55/100
|move|p1a: Sneasler|Dire Claw|p2a: Sneasler
|-resisted|p2a: Sneasler
|-damage|p2a: Sneasler|60/100
|-status|p2a: Sneasler|slp
|move|p1b: Kaladin|Stomping Tantrum|p2a: Sneasler
|-supereffective|p2a: Sneasler
|-damage|p2a: Sneasler|0 fnt
|faint|p2a: Sneasler
|-damage|p1b: Kaladin|14/100|[from] item: Life Orb
|move|p2b: Primarina|Hyper Voice|p1a: Sneasler|[spread] p1a,p1b
|-supereffective|p1b: Kaladin
|-damage|p1a: Sneasler|12/100
|-damage|p1b: Kaladin|0 fnt
|faint|p1b: Kaladin
|
|-weather|Snowscape|[upkeep]
|-heal|p1a: Sneasler|18/100|[from] Grassy Terrain
|-heal|p2b: Primarina|60/100|[from] Grassy Terrain
|-fieldend|move: Grassy Terrain
|upkeep
|turn|7
|
|t:|1756310222
|move|p1a: Sneasler|Dire Claw|p2b: Primarina
|-supereffective|p2b: Primarina
|-damage|p2b: Primarina|0 fnt
|faint|p2b: Primarina
|
|win|0-x ft wayne
|raw|0-x ft wayne's rating: 1176 → 1208(+32 for winning)
|raw|Brutalandathebozz's rating: 1278 → 1246(-32 for losing)
