|j|☆LozzArcher
|j|☆Rosarino
|html|LozzArcherRosarino    
|uhtml|bestof|Game 1 of a best-of-3
|t:|1756335402
|gametype|doubles
|player|p1|LozzArcher|ghetsis|1148
|player|p2|Rosarino|drayden|1082
|gen|9
|tier|[Gen 9] VGC 2025 Reg H (Bo3)
|rated|
|rule|Species Clause: Limit one of each Pokémon
|rule|Item Clause: Limit 1 of each item
|clearpoke
|poke|p1|Archaludon, L50, F|
|poke|p1|Pelipper, L50, M|
|poke|p1|Gholdengo, L50|
|poke|p1|Basculegion, L50, M|
|poke|p1|Incineroar, L50, M|
|poke|p1|Amoonguss, L50, F|
|poke|p2|Comfey, L50, F|
|poke|p2|Volcarona, L50, F|
|poke|p2|Rillaboom, L50, F|
|poke|p2|Annihilape, L50, F|
|poke|p2|Porygon2, L50|
|poke|p2|Baxcalibur, L50, F|
|teampreview|4
|showteam|p1|Archaludon||AssaultVest|Stamina|ElectroShot,DracoMeteor,BodyPress,FlashCannon|||F|||50|,,,,,Grass]Pelipper||FocusSash|Drizzle|Hurricane,WeatherBall,Tailwind,Protect|||M|||50|,,,,,Stellar]Gholdengo||LifeOrb|GoodasGold|MakeItRain,ShadowBall,NastyPlot,Protect||||||50|,,,,,Water]Basculegion||ChoiceBand|SwiftSwim|FlipTurn,WaveCrash,LastRespects,AquaJet|||M|||50|,,,,,Grass]Incineroar||SafetyGoggles|Intimidate|FakeOut,KnockOff,FlareBlitz,PartingShot|||M|||50|,,,,,Ghost]Amoonguss||SitrusBerry|Regenerator|Spore,RagePowder,PollenPuff,Protect|||F|||50|,,,,,Water
|showteam|p2|Comfey||CovertCloak|Triage|DazzlingGleam,LeechSeed,FloralHealing,Tailwind|||F|||50|,,,,,Steel]Volcarona||Leftovers|FlameBody|HeatWave,BugBuzz,Protect,QuiverDance|||F|||50|,,,,,Water]Rillaboom||AssaultVest|GrassySurge|FakeOut,HighHorsepower,WoodHammer,GrassyGlide|||F|||50|,,,,,Poison]Annihilape||SafetyGoggles|Defiant|DrainPunch,Protect,RageFist,BulkUp|||F|||50|,,,,,Fire]Porygon2||Eviolite|Trace|Recover,TeraBlast,Protect,IceBeam||||||50|,,,,,Ground]Baxcalibur||ClearAmulet|ThermalExchange|DragonDance,GlaiveRush,Protect,Earthquake|||F|||50|,,,,,Poison
|inactive|Battle timer is ON: inactive players will automatically lose when time's up. (requested by LozzArcher)
|
|t:|1756335460
|teamsize|p1|4
|teamsize|p2|4
|start
|switch|p1a: Basculegion|Basculegion, L50, M, shiny|100/100
|switch|p1b: Pelipper|Pelipper, L50, M, shiny|100/100
|switch|p2a: Annihilape|Annihilape, L50, F|100/100
|switch|p2b: Rillaboom|Rillaboom, L50, F|100/100
|-weather|RainDance|[from] ability: Drizzle|[of] p1b: Pelipper
|-fieldstart|move: Grassy Terrain|[from] ability: Grassy Surge|[of] p2b: Rillaboom
|turn|1
|inactive|LozzArcher has 30 seconds left.
|
|t:|1756335492
|-terastallize|p1a: Basculegion|Grass
|move|p2b: Rillaboom|Grassy Glide|p1a: Basculegion
|-resisted|p1a: Basculegion
|-damage|p1a: Basculegion|74/100
|move|p1a: Basculegion|Flip Turn|p2b: Rillaboom
|-resisted|p2b: Rillaboom
|-damage|p2b: Rillaboom|66/100
|
|t:|1756335500
|switch|p1a: Archaludon|Archaludon, L50, F|100/100|[from] Flip Turn
|move|p1b: Pelipper|Tailwind|p1b: Pelipper
|-sidestart|p1: LozzArcher|move: Tailwind
|move|p2a: Annihilape|Rage Fist|p1a: Archaludon
|-damage|p1a: Archaludon|83/100
|-ability|p1a: Archaludon|Stamina|boost
|-boost|p1a: Archaludon|def|1
|
|-weather|RainDance|[upkeep]
|-heal|p1a: Archaludon|89/100|[from] Grassy Terrain
|-heal|p2b: Rillaboom|72/100|[from] Grassy Terrain
|upkeep
|turn|2
|inactive|LozzArcher has 30 seconds left.
|inactive|LozzArcher has 20 seconds left.
|inactive|LozzArcher has 15 seconds left.
|
|t:|1756335541
|-terastallize|p2a: Annihilape|Fire
|move|p2b: Rillaboom|Grassy Glide|p1b: Pelipper
|-damage|p1b: Pelipper|45/100
|move|p1b: Pelipper|Hurricane|p2a: Annihilape
|-damage|p2a: Annihilape|47/100
|move|p1a: Archaludon|Electro Shot||[still]
|-prepare|p1a: Archaludon|Electro Shot
|-boost|p1a: Archaludon|spa|1
|-anim|p1a: Archaludon|Electro Shot|p2b: Rillaboom
|-resisted|p2b: Rillaboom
|-damage|p2b: Rillaboom|47/100
|move|p2a: Annihilape|Rage Fist|p1b: Pelipper
|-damage|p1b: Pelipper|0 fnt
|faint|p1b: Pelipper
|
|-weather|RainDance|[upkeep]
|-heal|p1a: Archaludon|95/100|[from] Grassy Terrain
|-heal|p2a: Annihilape|53/100|[from] Grassy Terrain
|-heal|p2b: Rillaboom|52/100|[from] Grassy Terrain
|upkeep
|
|t:|1756335561
|switch|p1b: Basculegion|Basculegion, L50, M, shiny, tera:Grass|74/100
|turn|3
|
|t:|1756335582
|move|p1b: Basculegion|Flip Turn|p2a: Annihilape
|-supereffective|p2a: Annihilape
|-damage|p2a: Annihilape|0 fnt
|faint|p2a: Annihilape
|
|t:|1756335586
|switch|p1b: Amoonguss|Amoonguss, L50, F, shiny|100/100|[from] Flip Turn
|move|p1a: Archaludon|Body Press|p2b: Rillaboom
|-damage|p2b: Rillaboom|20/100
|move|p2b: Rillaboom|High Horsepower|p1a: Archaludon
|-supereffective|p1a: Archaludon
|-damage|p1a: Archaludon|59/100
|-ability|p1a: Archaludon|Stamina|boost
|-boost|p1a: Archaludon|def|1
|
|-weather|RainDance|[upkeep]
|-heal|p1a: Archaludon|65/100|[from] Grassy Terrain
|-heal|p2b: Rillaboom|26/100|[from] Grassy Terrain
|upkeep
|
|t:|1756335603
|switch|p2a: Comfey|Comfey, L50, F|100/100
|turn|4
|
|t:|1756335613
|move|p2a: Comfey|Floral Healing|p2b: Rillaboom
|-heal|p2b: Rillaboom|93/100
|move|p1a: Archaludon|Flash Cannon|p2a: Comfey
|-supereffective|p2a: Comfey
|-damage|p2a: Comfey|0 fnt
|faint|p2a: Comfey
|move|p2b: Rillaboom|High Horsepower|p1b: Amoonguss
|-damage|p1b: Amoonguss|76/100
|move|p1b: Amoonguss|Pollen Puff|p1a: Archaludon
|-heal|p1a: Archaludon|100/100
|
|-weather|RainDance|[upkeep]
|-heal|p2b: Rillaboom|99/100|[from] Grassy Terrain
|-heal|p1b: Amoonguss|82/100|[from] Grassy Terrain
|-sideend|p1: LozzArcher|move: Tailwind
|upkeep
|
|t:|1756335632
|switch|p2a: Baxcalibur|Baxcalibur, L50, F|100/100
|turn|5
|inactive|LozzArcher has 30 seconds left.
|inactive|LozzArcher has 20 seconds left.
|
|t:|1756335670
|move|p2a: Baxcalibur|Glaive Rush|p1b: Amoonguss
|-damage|p1b: Amoonguss|25/100
|-singlemove|p2a: Baxcalibur|Glaive Rush|[silent]
|-enditem|p1b: Amoonguss|Sitrus Berry|[eat]
|-heal|p1b: Amoonguss|49/100|[from] item: Sitrus Berry
|move|p1a: Archaludon|Flash Cannon|p2a: Baxcalibur
|-supereffective|p2a: Baxcalibur
|-damage|p2a: Baxcalibur|0 fnt
|faint|p2a: Baxcalibur
|move|p2b: Rillaboom|High Horsepower|p1a: Archaludon
|-supereffective|p1a: Archaludon
|-damage|p1a: Archaludon|73/100
|-ability|p1a: Archaludon|Stamina|boost
|-boost|p1a: Archaludon|def|1
|move|p1b: Amoonguss|Pollen Puff|p1a: Archaludon
|-heal|p1a: Archaludon|100/100
|
|-weather|none
|-heal|p2b: Rillaboom|100/100|[from] Grassy Terrain
|-heal|p1b: Amoonguss|55/100|[from] Grassy Terrain
|-fieldend|move: Grassy Terrain
|upkeep
|turn|6
|-message|Rosarino forfeited.
|
|win|LozzArcher
||LozzArcher is ready for game 2.
