|j|☆NopeGetUSOut
|j|☆dogggybears
|html|NopeGetUSOutdogggybears    
|uhtml|bestof|Game 1 of a best-of-3
|t:|1757044121
|gametype|doubles
|player|p1|NopeGetUSOut|unknown|1227
|player|p2|dogggybears|roxie|1249
|gen|9
|tier|[Gen 9] VGC 2025 Reg H (Bo3)
|rated|
|rule|Species Clause: Limit one of each Pokémon
|rule|Item Clause: Limit 1 of each item
|clearpoke
|poke|p1|Ursaluna, L50, M|
|poke|p1|Gholdengo, L50|
|poke|p1|Incineroar, L50, M|
|poke|p1|Amoonguss, L50, M|
|poke|p1|Porygon2, L50|
|poke|p1|Hydreigon, L50, M|
|poke|p2|Sneasler, L50, M|
|poke|p2|Indeedee, L50, M|
|poke|p2|Volcarona, L50, F|
|poke|p2|Ursaluna-Bloodmoon, L50, M|
|poke|p2|Annihilape, L50, F|
|poke|p2|Tyranitar, L50, M|
|teampreview|4
|showteam|p1|Ursaluna||FlameOrb|Guts|Facade,HeadlongRush,Earthquake,Protect|||M|||50|,,,,,Ghost]Gholdengo||IronPlate|GoodasGold|MakeItRain,ShadowBall,NastyPlot,Protect||||||50|,,,,,Water]Incineroar||SitrusBerry|Intimidate|FlareBlitz,KnockOff,PartingShot,FakeOut|||M|||50|,,,,,Ghost]Amoonguss||CovertCloak|Regenerator|Spore,RagePowder,PollenPuff,Protect|||M|||50|,,,,,Psychic]Porygon2||Eviolite|Download|TeraBlast,IceBeam,Recover,TrickRoom||||||50|,,,,,Fighting]Hydreigon||SafetyGoggles|Levitate|DracoMeteor,Snarl,Tailwind,Protect|||M|||50|,,,,,Ghost
|showteam|p2|Sneasler||PsychicSeed|Unburden|CloseCombat,DireClaw,ThroatChop,Protect|||M|||50|,,,,,Dark]Indeedee||ChoiceScarf|PsychicSurge|ExpandingForce,TeraBlast,Trick,Protect|||M|||50|,,,,,Psychic]Volcarona||SitrusBerry|FlameBody|Overheat,StruggleBug,RagePowder,Tailwind|||F|||50|,,,,,Grass]Ursaluna-Bloodmoon||LifeOrb|MindsEye|BloodMoon,HyperVoice,EarthPower,Protect|||M|||50|,,,,,Normal]Annihilape||SafetyGoggles|Defiant|CloseCombat,RageFist,Taunt,FinalGambit|||F|||50|,,,,,Fairy]Tyranitar||AssaultVest|SandStream|RockSlide,KnockOff,TeraBlast,LowKick|||M|||50|,,,,,Flying
|inactive|Battle timer is ON: inactive players will automatically lose when time's up. (requested by NopeGetUSOut)
|j| teamthief420
|inactive|dogggybears has 60 seconds left.
|
|t:|1757044173
|teamsize|p1|4
|teamsize|p2|4
|start
|switch|p1a: Anaheim|Porygon2, L50|100/100
|switch|p1b: D.C.|Incineroar, L50, M|100/100
|switch|p2a: Tyranitar|Tyranitar, L50, M|100/100
|switch|p2b: Annihilape|Annihilape, L50, F|100/100
|-ability|p1b: D.C.|Intimidate|boost
|-unboost|p2a: Tyranitar|atk|1
|-unboost|p2b: Annihilape|atk|1
|-ability|p2b: Annihilape|Defiant|boost
|-boost|p2b: Annihilape|atk|2
|-weather|Sandstorm|[from] ability: Sand Stream|[of] p2a: Tyranitar
|-ability|p1a: Anaheim|Download|boost
|-boost|p1a: Anaheim|spa|1
|turn|1
|inactive|dogggybears has 30 seconds left.
|
|t:|1757044198
|-terastallize|p1a: Anaheim|Fighting
|move|p1b: D.C.|Fake Out|p2a: Tyranitar
|-resisted|p2a: Tyranitar
|-damage|p2a: Tyranitar|95/100
|move|p2b: Annihilape|Taunt|p1a: Anaheim
|-start|p1a: Anaheim|move: Taunt
|cant|p2a: Tyranitar|flinch
|cant|p1a: Anaheim|move: Taunt|Trick Room
|
|-weather|Sandstorm|[upkeep]
|-damage|p1b: D.C.|94/100|[from] Sandstorm
|-damage|p1a: Anaheim|94/100|[from] Sandstorm
|upkeep
|turn|2
|
|t:|1757044216
|switch|p1b: Milwaukee|Gholdengo, L50|100/100
|move|p2b: Annihilape|Close Combat|p1b: Milwaukee
|-immune|p1b: Milwaukee
|move|p2a: Tyranitar|Knock Off|p1a: Anaheim
|-resisted|p1a: Anaheim
|-damage|p1a: Anaheim|82/100
|-enditem|p1a: Anaheim|Eviolite|[from] move: Knock Off|[of] p2a: Tyranitar
|move|p1a: Anaheim|Ice Beam|p2b: Annihilape
|-damage|p2b: Annihilape|62/100
|
|-weather|Sandstorm|[upkeep]
|-damage|p1a: Anaheim|75/100|[from] Sandstorm
|upkeep
|turn|3
|
|t:|1757044237
|move|p2b: Annihilape|Final Gambit|p1a: Anaheim
|-damage|p1a: Anaheim|8/100
|faint|p2b: Annihilape
|move|p1b: Milwaukee|Shadow Ball|p2a: Tyranitar
|-resisted|p2a: Tyranitar
|-damage|p2a: Tyranitar|87/100
|move|p2a: Tyranitar|Knock Off|p1b: Milwaukee
|-supereffective|p1b: Milwaukee
|-damage|p1b: Milwaukee|29/100
|-enditem|p1b: Milwaukee|Iron Plate|[from] move: Knock Off|[of] p2a: Tyranitar
|move|p1a: Anaheim|Tera Blast|p2a: Tyranitar|[anim] Tera Blast Fighting
|-supereffective|p2a: Tyranitar
|-damage|p2a: Tyranitar|0 fnt
|faint|p2a: Tyranitar
|
|-weather|Sandstorm|[upkeep]
|-damage|p1a: Anaheim|2/100|[from] Sandstorm
|-end|p1a: Anaheim|move: Taunt
|upkeep
|
|t:|1757044246
|switch|p2b: Sneasler|Sneasler, L50, M|100/100
|switch|p2a: Indeedee|Indeedee, L50, M|100/100
|-fieldstart|move: Psychic Terrain|[from] ability: Psychic Surge|[of] p2a: Indeedee
|-enditem|p2b: Sneasler|Psychic Seed
|-boost|p2b: Sneasler|spd|1|[from] item: Psychic Seed
|turn|4
|
|t:|1757044259
|switch|p1a: D.C.|Incineroar, L50, M|94/100
|-ability|p1a: D.C.|Intimidate|boost
|-unboost|p2a: Indeedee|atk|1
|-unboost|p2b: Sneasler|atk|1
|move|p2b: Sneasler|Throat Chop|p1b: Milwaukee
|-supereffective|p1b: Milwaukee
|-damage|p1b: Milwaukee|0 fnt
|faint|p1b: Milwaukee
|move|p2a: Indeedee|Expanding Force|p1a: D.C.
|-immune|p1a: D.C.
|
|-weather|Sandstorm|[upkeep]
|-damage|p2b: Sneasler|95/100|[from] Sandstorm
|-damage|p2a: Indeedee|95/100|[from] Sandstorm
|-damage|p1a: D.C.|88/100|[from] Sandstorm
|upkeep
|
|t:|1757044265
|switch|p1b: Sacramento|Ursaluna, L50, M|100/100
|turn|5
|
|t:|1757044276
|-terastallize|p2a: Indeedee|Psychic
|move|p1b: Sacramento|Protect|p1b: Sacramento
|-singleturn|p1b: Sacramento|Protect
|move|p2b: Sneasler|Close Combat|p1a: D.C.
|-supereffective|p1a: D.C.
|-damage|p1a: D.C.|0 fnt
|-unboost|p2b: Sneasler|def|1
|-unboost|p2b: Sneasler|spd|1
|faint|p1a: D.C.
|move|p2a: Indeedee|Expanding Force|p1b: Sacramento
|-activate|p1b: Sacramento|move: Protect
|
|-weather|none
|-status|p1b: Sacramento|brn|[from] item: Flame Orb
|upkeep
|
|t:|1757044284
|switch|p1a: Anaheim|Porygon2, L50, tera:Fighting|2/100
|-ability|p1a: Anaheim|Download|boost
|-boost|p1a: Anaheim|atk|1
|turn|6
|
|t:|1757044291
|move|p2b: Sneasler|Close Combat|p1b: Sacramento
|-supereffective|p1b: Sacramento
|-damage|p1b: Sacramento|31/100 brn
|-unboost|p2b: Sneasler|def|1
|-unboost|p2b: Sneasler|spd|1
|move|p2a: Indeedee|Expanding Force|p1b: Sacramento|[spread] p1a,p1b
|-supereffective|p1a: Anaheim
|-damage|p1a: Anaheim|0 fnt
|-damage|p1b: Sacramento|0 fnt
|faint|p1a: Anaheim
|faint|p1b: Sacramento
|
|win|dogggybears
||dogggybears is ready for game 2.
|inactive|NopeGetUSOut has 30 seconds to confirm battle start!
||NopeGetUSOut is ready for game 2.
|uhtml|next|Next: Game 2 of 3
|l| teamthief420
|l|☆NopeGetUSOut
|player|p1|
|l|☆dogggybears
|player|p2|
|j|☆dogggybears
|player|p2|dogggybears|roxie|
