|j|☆Mahdrescher
|j|☆ProtectPartingShot
|html|MahdrescherProtectPartingShot    
|uhtml|bestof|Game 2 of a best-of-3
|t:|1756414750
|gametype|doubles
|player|p1|Mahdrescher|265|1353
|player|p2|ProtectPartingShot|iris|1488
|gen|9
|tier|[Gen 9] VGC 2025 Reg H (Bo3)
|rated|
|rule|Species Clause: Limit one of each Pokémon
|rule|Item Clause: Limit 1 of each item
|clearpoke
|poke|p1|Rillaboom, L50, F|
|poke|p1|Electabuzz, L50, M|
|poke|p1|Archaludon, L50, M|
|poke|p1|Kingambit, L50, M|
|poke|p1|Pelipper, L50, M|
|poke|p1|Basculegion, L50, M|
|poke|p2|Gholdengo, L50|
|poke|p2|Incineroar, L50, F|
|poke|p2|Sneasler, L50, M|
|poke|p2|Dragonite, L50, F|
|poke|p2|Ursaluna-Bloodmoon, L50, M|
|poke|p2|Clefable, L50, F|
|teampreview|4
|showteam|p1|Rillaboom||LoadedDice|GrassySurge|BulletSeed,GrassyGlide,HighHorsepower,FakeOut|||F|||50|,,,,,Fire]Electabuzz||Eviolite|VitalSpirit|Electroweb,Taunt,FollowMe,Protect|||M|||50|,,,,,Ghost]Archaludon||AssaultVest|Stamina|ElectroShot,BodyPress,FlashCannon,DragonPulse|||M|||50|,,,,,Bug]Kingambit||BlackGlasses|Defiant|KowtowCleave,SuckerPunch,SwordsDance,Protect|||M|||50|,,,,,Dark]Pelipper||FocusSash|Drizzle|WeatherBall,Hurricane,Tailwind,Protect|||M|||50|,,,,,Ghost]Basculegion||ChoiceBand|SwiftSwim|WaveCrash,AquaJet,FlipTurn,LastRespects|||M|||50|,,,,,Grass
|showteam|p2|Gholdengo||LifeOrb|GoodasGold|MakeItRain,ShadowBall,NastyPlot,Protect||||||50|,,,,,Water]Incineroar||SafetyGoggles|Intimidate|PartingShot,FlareBlitz,KnockOff,FakeOut|||F|||50|,,,,,Ghost]Sneasler||FocusSash|PoisonTouch|DireClaw,CloseCombat,ThroatChop,Protect|||M|||50|,,,,,Stellar]Dragonite||LoadedDice|Multiscale|ScaleShot,Tailwind,Haze,Protect|||F|||50|,,,,,Fairy]Ursaluna-Bloodmoon||AssaultVest|MindsEye|HyperVoice,EarthPower,BloodMoon,VacuumWave|||M|||50|,,,,,Water]Clefable||SitrusBerry|Unaware|FollowMe,Moonblast,ThunderWave,Protect|||F|||50|,,,,,Water
|
|t:|1756414783
|teamsize|p1|4
|teamsize|p2|4
|start
|switch|p1a: Hephaistos|Archaludon, L50, M|100/100
|switch|p1b: Ikarus|Pelipper, L50, M|100/100
|switch|p2a: Dragonite|Dragonite, L50, F|100/100
|switch|p2b: Ursaluna|Ursaluna-Bloodmoon, L50, M|100/100
|-weather|RainDance|[from] ability: Drizzle|[of] p1b: Ikarus
|turn|1
|
|t:|1756414798
|-terastallize|p1a: Hephaistos|Bug
|move|p2a: Dragonite|Tailwind|p2a: Dragonite
|-sidestart|p2: ProtectPartingShot|move: Tailwind
|move|p2b: Ursaluna|Hyper Voice|p1b: Ikarus|[spread] p1a,p1b
|-damage|p1a: Hephaistos|74/100
|-damage|p1b: Ikarus|34/100
|-ability|p1a: Hephaistos|Stamina|boost
|-boost|p1a: Hephaistos|def|1
|move|p1a: Hephaistos|Electro Shot||[still]
|-prepare|p1a: Hephaistos|Electro Shot
|-boost|p1a: Hephaistos|spa|1
|-anim|p1a: Hephaistos|Electro Shot|p2a: Dragonite
|-damage|p2a: Dragonite|68/100
|move|p1b: Ikarus|Hurricane|p2a: Dragonite
|-damage|p2a: Dragonite|9/100
|
|-weather|RainDance|[upkeep]
|upkeep
|turn|2
|
|t:|1756414830
|switch|p1b: Gaia|Rillaboom, L50, F|100/100
|-fieldstart|move: Grassy Terrain|[from] ability: Grassy Surge|[of] p1b: Gaia
|move|p2a: Dragonite|Haze|p2a: Dragonite
|-clearallboost
|move|p2b: Ursaluna|Hyper Voice|p1a: Hephaistos|[spread] p1a,p1b
|-damage|p1a: Hephaistos|49/100
|-damage|p1b: Gaia|56/100
|-ability|p1a: Hephaistos|Stamina|boost
|-boost|p1a: Hephaistos|def|1
|move|p1a: Hephaistos|Electro Shot||[still]
|-prepare|p1a: Hephaistos|Electro Shot
|-boost|p1a: Hephaistos|spa|1
|-anim|p1a: Hephaistos|Electro Shot|p2a: Dragonite
|-damage|p2a: Dragonite|0 fnt
|faint|p2a: Dragonite
|
|-weather|RainDance|[upkeep]
|-heal|p1b: Gaia|61/100|[from] Grassy Terrain
|-heal|p1a: Hephaistos|55/100|[from] Grassy Terrain
|upkeep
|
|t:|1756414845
|switch|p2a: Gholdengo|Gholdengo, L50|100/100
|turn|3
|
|t:|1756414859
|move|p2a: Gholdengo|Protect|p2a: Gholdengo
|-singleturn|p2a: Gholdengo|Protect
|move|p2b: Ursaluna|Blood Moon|p1a: Hephaistos
|-damage|p1a: Hephaistos|0 fnt
|faint|p1a: Hephaistos
|move|p1b: Gaia|Bullet Seed|p2b: Ursaluna
|-supereffective|p2b: Ursaluna
|-damage|p2b: Ursaluna|73/100
|-supereffective|p2b: Ursaluna
|-damage|p2b: Ursaluna|46/100
|-supereffective|p2b: Ursaluna
|-damage|p2b: Ursaluna|19/100
|-supereffective|p2b: Ursaluna
|-damage|p2b: Ursaluna|0 fnt
|faint|p2b: Ursaluna
|-hitcount|p2: Ursaluna|4
|
|-weather|RainDance|[upkeep]
|-heal|p1b: Gaia|67/100|[from] Grassy Terrain
|upkeep
|
|t:|1756414911
|switch|p1a: Poseidon|Basculegion, L50, M|100/100
|switch|p2b: Clefable|Clefable, L50, F|100/100
|turn|4
|
|t:|1756414946
|move|p2b: Clefable|Follow Me|p2b: Clefable
|-singleturn|p2b: Clefable|move: Follow Me
|move|p2a: Gholdengo|Shadow Ball|p1a: Poseidon
|-supereffective|p1a: Poseidon
|-damage|p1a: Poseidon|0 fnt
|faint|p1a: Poseidon
|-damage|p2a: Gholdengo|91/100|[from] item: Life Orb
|move|p1b: Gaia|Bullet Seed|p2b: Clefable
|-damage|p2b: Clefable|88/100
|-damage|p2b: Clefable|73/100
|-damage|p2b: Clefable|60/100
|-damage|p2b: Clefable|46/100
|-enditem|p2b: Clefable|Sitrus Berry|[eat]
|-heal|p2b: Clefable|71/100|[from] item: Sitrus Berry
|-damage|p2b: Clefable|57/100
|-hitcount|p2b: Clefable|5
|
|-weather|RainDance|[upkeep]
|-heal|p2a: Gholdengo|97/100|[from] Grassy Terrain
|-heal|p2b: Clefable|63/100|[from] Grassy Terrain
|-heal|p1b: Gaia|73/100|[from] Grassy Terrain
|-sideend|p2: ProtectPartingShot|move: Tailwind
|upkeep
|
|t:|1756414965
|switch|p1a: Ikarus|Pelipper, L50, M|34/100
|turn|5
|
|t:|1756414970
|move|p2b: Clefable|Follow Me|p2b: Clefable
|-singleturn|p2b: Clefable|move: Follow Me
|move|p2a: Gholdengo|Make It Rain|p1a: Ikarus|[spread] p1a,p1b
|-resisted|p1a: Ikarus
|-damage|p1a: Ikarus|0 fnt
|-damage|p1b: Gaia|8/100
|-unboost|p2a: Gholdengo|spa|1
|faint|p1a: Ikarus
|-damage|p2a: Gholdengo|87/100|[from] item: Life Orb
|move|p1b: Gaia|Bullet Seed|p2b: Clefable
|-damage|p2b: Clefable|50/100
|-damage|p2b: Clefable|36/100
|-damage|p2b: Clefable|23/100
|-damage|p2b: Clefable|8/100
|-hitcount|p2b: Clefable|4
|
|-weather|none
|-heal|p2a: Gholdengo|93/100|[from] Grassy Terrain
|-heal|p1b: Gaia|14/100|[from] Grassy Terrain
|-heal|p2b: Clefable|14/100|[from] Grassy Terrain
|upkeep
|turn|6
|
|t:|1756414987
|move|p2b: Clefable|Follow Me|p2b: Clefable
|-singleturn|p2b: Clefable|move: Follow Me
|move|p2a: Gholdengo|Make It Rain|p1b: Gaia
|-damage|p1b: Gaia|0 fnt
|-unboost|p2a: Gholdengo|spa|1
|faint|p1b: Gaia
|-damage|p2a: Gholdengo|84/100|[from] item: Life Orb
|
|win|ProtectPartingShot
|raw|Mahdrescher's rating: 1353 → 1340(-13 for losing)
|raw|ProtectPartingShot's rating: 1488 → 1501(+13 for winning)
|l|☆Mahdrescher
|player|p1|
