|j|☆tyho45
|j|☆Refanner
|html|tyho45Refanner    
|uhtml|bestof|Game 1 of a best-of-3
|t:|1782743454
|gametype|doubles
|player|p1|tyho45|n|1147
|player|p2|Refanner|102|1147
|gen|9
|tier|[Gen 9 Champions] VGC 2026 Reg M-B (Bo3)
|rated|
|rule|Species Clause: Limit one of each Pokémon
|rule|Item Clause: Limit 1 of each item
|clearpoke
|poke|p1|Araquanid, L50, M|
|poke|p1|Staraptor, L50, F, shiny|
|poke|p1|Farigiraf, L50, F, shiny|
|poke|p1|Vileplume, L50, F|
|poke|p1|Torkoal, L50, M, shiny|
|poke|p1|Mawile, L50, M, shiny|
|poke|p2|Staraptor, L50, M|
|poke|p2|Grimmsnarl, L50, M|
|poke|p2|Incineroar, L50, F|
|poke|p2|Sinistcha, L50|
|poke|p2|Metagross, L50|
|poke|p2|Milotic, L50, F|
|teampreview|4
|showteam|p1|Araquanid||MysticWater|WaterBubble|LeechLife,Liquidation,WideGuard,Protect|Adamant||M|||50|]Staraptor||ChoiceScarf|Intimidate|Uturn,FinalGambit,CloseCombat,BraveBird|Jolly||F|||50|]Farigiraf||SitrusBerry|ArmorTail|TrickRoom,Psychic,Thunderbolt,Protect|Modest||F|||50|]Vileplume||FocusSash|Chlorophyll|SolarBeam,AfterYou,SleepPowder,Protect|Timid||F|||50|]Torkoal||Charcoal|Drought|Protect,Eruption,WeatherBall,EarthPower|Modest||M|||50|]Mawile||Mawilite|Intimidate|IronHead,Protect,PlayRough,SuckerPunch|Impish||M|||50|
|showteam|p2|Staraptor||Staraptite|Intimidate|CloseCombat,BraveBird,Roost,Protect|Adamant||M|||50|]Grimmsnarl||RoseliBerry|Prankster|FoulPlay,ScaryFace,FakeOut,PartingShot|Careful||M|||50|]Incineroar||SitrusBerry|Intimidate|FlareBlitz,ThroatChop,PartingShot,FakeOut|Careful||F|||50|]Sinistcha||KasibBerry|Hospitality|MatchaGotcha,RagePowder,TrickRoom,Protect|Bold|||||50|]Metagross||Metagrossite|ClearBody|IronHead,PsychicFangs,StompingTantrum,Protect|Jolly|||||50|]Milotic||WideLens|Competitive|MuddyWater,Coil,Hypnosis,LifeDew|Calm||F|||50|
|
|t:|1782743528
|teamsize|p1|4
|teamsize|p2|4
|start
|switch|p1a: Staraptor|Staraptor, L50, F, shiny|100/100
|switch|p1b: Farigiraf|Farigiraf, L50, F, shiny|100/100
|switch|p2a: Grimmsnarl|Grimmsnarl, L50, M|100/100
|switch|p2b: Milotic|Milotic, L50, F|100/100
|-ability|p1a: Staraptor|Intimidate|boost
|-unboost|p2a: Grimmsnarl|atk|1
|-unboost|p2b: Milotic|atk|1
|-ability|p2b: Milotic|Competitive|boost
|-boost|p2b: Milotic|spa|2
|turn|1
|inactive|Battle timer is ON: inactive players will automatically lose when time's up. (requested by tyho45)
|inactive|Refanner has 60 seconds left.
|
|t:|1782743583
|move|p1a: Staraptor|Final Gambit|p2a: Grimmsnarl
|-damage|p2a: Grimmsnarl|4/100
|faint|p1a: Staraptor
|move|p2b: Milotic|Coil|p2b: Milotic
|-boost|p2b: Milotic|atk|1
|-boost|p2b: Milotic|def|1
|-boost|p2b: Milotic|accuracy|1
|move|p2a: Grimmsnarl|Foul Play|p1b: Farigiraf
|-supereffective|p1b: Farigiraf|1
|-damage|p1b: Farigiraf|54/100
|move|p1b: Farigiraf|Trick Room|p1b: Farigiraf
|-fieldstart|move: Trick Room|[of] p1b: Farigiraf
|
|upkeep
|
|t:|1782743599
|switch|p1a: Araquanid|Araquanid, L50, M|100/100
|turn|2
|inactive|tyho45 has 30 seconds left.
|
|t:|1782743632
|move|p2a: Grimmsnarl|Scary Face|p2b: Milotic
|-unboost|p2b: Milotic|spe|2
|move|p2b: Milotic|Hypnosis|p1a: Araquanid
|-status|p1a: Araquanid|slp|[from] move: Hypnosis
|cant|p1a: Araquanid|slp
|move|p1b: Farigiraf|Thunderbolt|p2b: Milotic
|-supereffective|p2b: Milotic|1
|-damage|p2b: Milotic|67/100
|
|upkeep
|turn|3
|c|☆tyho45|Yo that’s like the crazy shi I seen all day 😂
|inactive|tyho45 has 30 seconds left.
|inactive|Refanner has 30 seconds left.
|inactive|Refanner has 20 seconds left.
|inactive|tyho45 has 20 seconds left.
|
|t:|1782743678
|switch|p2a: Metagross|Metagross, L50|100/100
|move|p1b: Farigiraf|Protect|p1b: Farigiraf
|-singleturn|p1b: Farigiraf|Protect
|move|p2b: Milotic|Hypnosis|p1b: Farigiraf
|-activate|p1b: Farigiraf|move: Protect
|-curestatus|p1a: Araquanid|slp|[msg]
|move|p1a: Araquanid|Leech Life|p2a: Metagross
|-damage|p2a: Metagross|72/100
|
|upkeep
|turn|4
|
|t:|1782743698
|detailschange|p2a: Metagross|Metagross-Mega, L50
|-mega|p2a: Metagross|Metagross|Metagrossite
|move|p2a: Metagross|Protect|p2a: Metagross
|-singleturn|p2a: Metagross|Protect
|move|p2b: Milotic|Life Dew|p2b: Milotic|[spread] p2a,p2b
|-heal|p2a: Metagross|97/100
|-heal|p2b: Milotic|92/100
|move|p1a: Araquanid|Leech Life|p2b: Milotic
|-damage|p2b: Milotic|74/100
|move|p1b: Farigiraf|Thunderbolt|p2b: Milotic
|-supereffective|p2b: Milotic|1
|-damage|p2b: Milotic|36/100
|
|upkeep
|turn|5
|inactive|tyho45 has 30 seconds left.
|inactive|tyho45 has 20 seconds left.
|inactive|Refanner has 30 seconds left.
|
|t:|1782743738
|move|p1a: Araquanid|Protect|p1a: Araquanid
|-singleturn|p1a: Araquanid|Protect
|move|p1b: Farigiraf|Protect|p1b: Farigiraf
|-singleturn|p1b: Farigiraf|Protect
|move|p2b: Milotic|Life Dew|p2b: Milotic|[spread] p2a,p2b
|-heal|p2a: Metagross|100/100
|-heal|p2b: Milotic|61/100
|move|p2a: Metagross|Iron Head|p1b: Farigiraf
|-activate|p1b: Farigiraf|move: Protect
|
|-fieldend|move: Trick Room
|upkeep
|turn|6
|inactive|tyho45 has 30 seconds left.
|
|t:|1782743768
|move|p2a: Metagross|Iron Head|p1b: Farigiraf
|-damage|p1b: Farigiraf|1/100
|-enditem|p1b: Farigiraf|Sitrus Berry|[eat]
|-heal|p1b: Farigiraf|26/100|[from] item: Sitrus Berry
|move|p1b: Farigiraf|Thunderbolt|p2b: Milotic
|-supereffective|p2b: Milotic|1
|-damage|p2b: Milotic|28/100
|move|p1a: Araquanid|Liquidation|p2b: Milotic
|-resisted|p2b: Milotic|1
|-damage|p2b: Milotic|5/100
|move|p2b: Milotic|Life Dew||[still]|[spread] p2a,p2b
|-fail|p2a: Metagross|heal
|-heal|p2b: Milotic|31/100
|
|upkeep
|turn|7
|-message|tyho45 forfeited.
|
|win|Refanner
|l|☆tyho45
|player|p1|
||tyho45 is ready for game 2.
||Refanner is ready for game 2.
|uhtml|next|Next: Game 2 of 3
