|j|☆SelvesterTheYAK
|j|☆snakke001
|html|SelvesterTheYAKsnakke001    
|uhtml|bestof|Game 1 of a best-of-3
|t:|1756869431
|gametype|doubles
|player|p1|SelvesterTheYAK|170|1151
|player|p2|snakke001|biker-gen4|1055
|gen|9
|tier|[Gen 9] VGC 2025 Reg H (Bo3)
|rated|
|rule|Species Clause: Limit one of each Pokémon
|rule|Item Clause: Limit 1 of each item
|clearpoke
|poke|p1|Tyranitar, L50, M|
|poke|p1|Arcanine-Hisui, L50, F|
|poke|p1|Kommo-o, L50, M|
|poke|p1|Gholdengo, L50|
|poke|p1|Rillaboom, L50, M|
|poke|p1|Electabuzz, L50, M|
|poke|p2|Volcarona, L50, M|
|poke|p2|Kingambit, L50, M|
|poke|p2|Dragonite, L50, M|
|poke|p2|Sneasler, L50, F|
|poke|p2|Rillaboom, L50, M|
|poke|p2|Electabuzz, L50, M|
|teampreview|4
|showteam|p1|Tyranitar||AssaultVest|SandStream|RockSlide,KnockOff,TeraBlast,LowKick|||M|||50|,,,,,Flying]Arcanine-Hisui||SitrusBerry|Intimidate|RockSlide,FlareBlitz,WillOWisp,Howl|||F|||50|,,,,,Water]Kommo-o||Leftovers|Overcoat|IronDefense,BodyPress,Protect,DragonClaw|||M|||50|,,,,,Steel]Gholdengo||LifeOrb|GoodasGold|MakeItRain,ShadowBall,NastyPlot,Protect||||||50|,,,,,Steel]Rillaboom||MiracleSeed|GrassySurge|FakeOut,GrassyGlide,WoodHammer,Protect|||M|||50|,,,,,Grass]Electabuzz||Eviolite|VitalSpirit|Taunt,Protect,Electroweb,FollowMe|||M|||50|,,,,,Ghost
|showteam|p2|Volcarona||Leftovers|FlameBody|HeatWave,TeraBlast,QuiverDance,Protect|||M|||50|,,,,,Fairy]Kingambit||BlackGlasses|Defiant|KowtowCleave,SuckerPunch,SwordsDance,Protect|||M|||50|,,,,,Dark]Dragonite||LoadedDice|Multiscale|ScaleShot,ExtremeSpeed,Haze,Protect|||M|||50|,,,,,Steel]Sneasler||FocusSash|PoisonTouch|CloseCombat,DireClaw,FakeOut,Coaching|||F|||50|,,,,,Stellar]Rillaboom||AssaultVest|GrassySurge|WoodHammer,GrassyGlide,HighHorsepower,FakeOut|||M|||50|,,,,,Fire]Electabuzz||Eviolite|VitalSpirit|Thunderbolt,Taunt,FollowMe,Protect|||M|||50|,,,,,Ghost
|inactive|Battle timer is ON: inactive players will automatically lose when time's up. (requested by snakke001)
|inactive|SelvesterTheYAK has 60 seconds left.
|inactive|snakke001 has 60 seconds left.
|
|t:|1756869477
|teamsize|p1|4
|teamsize|p2|4
|start
|switch|p1a: Tyranitar|Tyranitar, L50, M|100/100
|switch|p1b: Rillaboom|Rillaboom, L50, M|100/100
|switch|p2a: Dragonite|Dragonite, L50, M, shiny|100/100
|switch|p2b: Sneasler|Sneasler, L50, F, shiny|100/100
|-fieldstart|move: Grassy Terrain|[from] ability: Grassy Surge|[of] p1b: Rillaboom
|-weather|Sandstorm|[from] ability: Sand Stream|[of] p1a: Tyranitar
|turn|1
|inactive|SelvesterTheYAK has 30 seconds left.
|inactive|snakke001 has 30 seconds left.
|inactive|snakke001 has 20 seconds left.
|inactive|snakke001 has 15 seconds left.
|
|t:|1756869520
|-terastallize|p1a: Tyranitar|Flying
|move|p2b: Sneasler|Fake Out|p1b: Rillaboom
|-damage|p1b: Rillaboom|88/100
|cant|p1b: Rillaboom|flinch
|move|p2a: Dragonite|Scale Shot|p1a: Tyranitar
|-damage|p1a: Tyranitar|88/100
|-crit|p1a: Tyranitar
|-damage|p1a: Tyranitar|67/100
|-damage|p1a: Tyranitar|54/100
|-damage|p1a: Tyranitar|41/100
|-damage|p1a: Tyranitar|27/100
|-hitcount|p1a: Tyranitar|5
|-unboost|p2a: Dragonite|def|1
|-boost|p2a: Dragonite|spe|1
|move|p1a: Tyranitar|Tera Blast|p2b: Sneasler|[anim] Tera Blast Flying
|-supereffective|p2b: Sneasler
|-enditem|p2b: Sneasler|Focus Sash
|-damage|p2b: Sneasler|1/100
|
|-weather|Sandstorm|[upkeep]
|-damage|p2a: Dragonite|95/100|[from] Sandstorm
|-damage|p2b: Sneasler|0 fnt|[from] Sandstorm
|-damage|p1b: Rillaboom|82/100|[from] Sandstorm
|-damage|p1a: Tyranitar|21/100|[from] Sandstorm
|faint|p2b: Sneasler
|-heal|p1b: Rillaboom|88/100|[from] Grassy Terrain
|upkeep
|inactive|snakke001 has 30 seconds left.
|
|t:|1756869554
|switch|p2b: Kingambit|Kingambit, L50, M, shiny|100/100
|turn|2
|inactive|SelvesterTheYAK has 30 seconds left.
|
|t:|1756869580
|switch|p1b: Kommo-o|Kommo-o, L50, M|100/100
|move|p2a: Dragonite|Scale Shot|p1a: Tyranitar
|-damage|p1a: Tyranitar|7/100
|-damage|p1a: Tyranitar|0 fnt
|faint|p1a: Tyranitar
|-hitcount|p1: Tyranitar|2
|-unboost|p2a: Dragonite|def|1
|-boost|p2a: Dragonite|spe|1
|move|p2b: Kingambit|Swords Dance|p2b: Kingambit
|-boost|p2b: Kingambit|atk|2
|
|-weather|Sandstorm|[upkeep]
|-damage|p2a: Dragonite|89/100|[from] Sandstorm
|upkeep
|
|t:|1756869599
|switch|p1a: Rillaboom|Rillaboom, L50, M|88/100
|turn|3
|
|t:|1756869623
|move|p2a: Dragonite|Protect|p2a: Dragonite
|-singleturn|p2a: Dragonite|Protect
|move|p2b: Kingambit|Protect|p2b: Kingambit
|-singleturn|p2b: Kingambit|Protect
|move|p1a: Rillaboom|Fake Out|p2a: Dragonite
|-activate|p2a: Dragonite|move: Protect
|move|p1b: Kommo-o|Iron Defense|p1b: Kommo-o
|-boost|p1b: Kommo-o|def|2
|
|-weather|Sandstorm|[upkeep]
|-damage|p2a: Dragonite|83/100|[from] Sandstorm
|-damage|p1a: Rillaboom|82/100|[from] Sandstorm
|-heal|p1a: Rillaboom|88/100|[from] Grassy Terrain
|upkeep
|turn|4
|inactive|SelvesterTheYAK has 30 seconds left.
|inactive|snakke001 has 30 seconds left.
|inactive|SelvesterTheYAK has 20 seconds left.
|inactive|snakke001 has 20 seconds left.
|inactive|snakke001 has 15 seconds left.
|
|t:|1756869666
|-terastallize|p2b: Kingambit|Dark
|move|p1a: Rillaboom|Protect|p1a: Rillaboom
|-singleturn|p1a: Rillaboom|Protect
|move|p2a: Dragonite|Haze|p2a: Dragonite
|-clearallboost
|move|p1b: Kommo-o|Body Press|p2b: Kingambit
|-supereffective|p2b: Kingambit
|-damage|p2b: Kingambit|36/100
|move|p2b: Kingambit|Kowtow Cleave|p1b: Kommo-o
|-resisted|p1b: Kommo-o
|-damage|p1b: Kommo-o|74/100
|
|-weather|Sandstorm|[upkeep]
|-damage|p2a: Dragonite|77/100|[from] Sandstorm
|-damage|p1a: Rillaboom|82/100|[from] Sandstorm
|-damage|p2b: Kingambit|30/100|[from] Sandstorm
|-heal|p1b: Kommo-o|80/100|[from] Grassy Terrain
|-heal|p1b: Kommo-o|86/100|[from] item: Leftovers
|-heal|p1a: Rillaboom|88/100|[from] Grassy Terrain
|-heal|p2b: Kingambit|36/100|[from] Grassy Terrain
|upkeep
|turn|5
|inactive|snakke001 has 30 seconds left.
|
|t:|1756869694
|switch|p2b: Rillaboom|Rillaboom, L50, M, shiny|100/100
|move|p2a: Dragonite|Scale Shot|p1b: Kommo-o
|-supereffective|p1b: Kommo-o
|-damage|p1b: Kommo-o|66/100
|-supereffective|p1b: Kommo-o
|-damage|p1b: Kommo-o|45/100
|-supereffective|p1b: Kommo-o
|-damage|p1b: Kommo-o|24/100
|-supereffective|p1b: Kommo-o
|-damage|p1b: Kommo-o|3/100
|-supereffective|p1b: Kommo-o
|-damage|p1b: Kommo-o|0 fnt
|faint|p1b: Kommo-o
|-hitcount|p1: Kommo-o|5
|-unboost|p2a: Dragonite|def|1
|-boost|p2a: Dragonite|spe|1
|move|p1a: Rillaboom|Wood Hammer|p2b: Rillaboom
|-resisted|p2b: Rillaboom
|-damage|p2b: Rillaboom|54/100
|-damage|p1a: Rillaboom|73/100|[from] Recoil
|
|-weather|none
|-heal|p2b: Rillaboom|60/100|[from] Grassy Terrain
|-heal|p1a: Rillaboom|79/100|[from] Grassy Terrain
|-fieldend|move: Grassy Terrain
|upkeep
|inactive|SelvesterTheYAK has 30 seconds left.
|
|t:|1756869723
|switch|p1b: Arcanine|Arcanine-Hisui, L50, F|100/100
|-ability|p1b: Arcanine|Intimidate|boost
|-unboost|p2a: Dragonite|atk|1
|-unboost|p2b: Rillaboom|atk|1
|turn|6
|inactive|snakke001 has 30 seconds left.
|inactive|snakke001 has 20 seconds left.
|
|t:|1756869762
|move|p1a: Rillaboom|Protect|p1a: Rillaboom
|-singleturn|p1a: Rillaboom|Protect
|move|p2b: Rillaboom|Fake Out|p1b: Arcanine
|-resisted|p1b: Arcanine
|-damage|p1b: Arcanine|95/100
|move|p2a: Dragonite|Haze|p2a: Dragonite
|-clearallboost
|cant|p1b: Arcanine|flinch
|
|upkeep
|turn|7
|inactive|SelvesterTheYAK has 30 seconds left.
|inactive|snakke001 has 30 seconds left.
|
|t:|1756869792
|move|p1b: Arcanine|Flare Blitz|p2b: Rillaboom
|-supereffective|p2b: Rillaboom
|-damage|p2b: Rillaboom|0 fnt
|faint|p2b: Rillaboom
|-damage|p1b: Arcanine|76/100|[from] Recoil
|move|p2a: Dragonite|Scale Shot|p1b: Arcanine
|-damage|p1b: Arcanine|59/100
|-damage|p1b: Arcanine|42/100
|-enditem|p1b: Arcanine|Sitrus Berry|[eat]
|-heal|p1b: Arcanine|67/100|[from] item: Sitrus Berry
|-damage|p1b: Arcanine|52/100
|-damage|p1b: Arcanine|37/100
|-hitcount|p1b: Arcanine|4
|-unboost|p2a: Dragonite|def|1
|-boost|p2a: Dragonite|spe|1
|move|p1a: Rillaboom|Wood Hammer|p2a: Dragonite
|-resisted|p2a: Dragonite
|-damage|p2a: Dragonite|43/100
|-damage|p1a: Rillaboom|70/100|[from] Recoil
|
|upkeep
|
|t:|1756869812
|switch|p2b: Kingambit|Kingambit, L50, M, shiny, tera:Dark|36/100
|turn|8
|
|t:|1756869833
|move|p2b: Kingambit|Sucker Punch|p1a: Rillaboom
|-damage|p1a: Rillaboom|10/100
|move|p2a: Dragonite|Scale Shot|p1b: Arcanine
|-damage|p1b: Arcanine|20/100
|-damage|p1b: Arcanine|3/100
|-damage|p1b: Arcanine|0 fnt
|faint|p1b: Arcanine
|-hitcount|p1: Arcanine|3
|-unboost|p2a: Dragonite|def|1
|-boost|p2a: Dragonite|spe|1
|move|p1a: Rillaboom|Wood Hammer|p2b: Kingambit
|-damage|p2b: Kingambit|0 fnt
|faint|p2b: Kingambit
|-damage|p1a: Rillaboom|0 fnt|[from] Recoil
|faint|p1a: Rillaboom
|
|win|snakke001
||SelvesterTheYAK is ready for game 2.
|inactive|snakke001 has 30 seconds to confirm battle start!
||snakke001 is ready for game 2.
|uhtml|next|Next: Game 2 of 3
