|j|☆hungry hillo
|j|☆kellyvgc
|html|hungry hillokellyvgc    
|uhtml|bestof|Game 3 of a best-of-3
|t:|1756841392
|gametype|doubles
|player|p1|hungry hillo|n|
|player|p2|kellyvgc|pokemonbreeder-gen4|
|gen|9
|tier|[Gen 9] VGC 2025 Reg H (Bo3)
|rule|Species Clause: Limit one of each Pokémon
|rule|Item Clause: Limit 1 of each item
|clearpoke
|poke|p1|Sneasler, L50, F|
|poke|p1|Clefable, L50, M|
|poke|p1|Gholdengo, L50|
|poke|p1|Rillaboom, L50, M|
|poke|p1|Dragapult, L50, M|
|poke|p1|Incineroar, L50, M|
|poke|p2|Annihilape, L50, F|
|poke|p2|Whimsicott, L50, M|
|poke|p2|Dragonite, L50, F|
|poke|p2|Gholdengo, L50|
|poke|p2|Garchomp, L50, F|
|poke|p2|Incineroar, L50, M|
|teampreview|4
|showteam|p1|Sneasler||FocusSash|Unburden|CloseCombat,DireClaw,Protect,ThroatChop|||F|||50|,,,,,Dark]Clefable||RockyHelmet|Unaware|Moonblast,IcyWind,FollowMe,LifeDew|||M|||50|,,,,,Ghost]Gholdengo||LifeOrb|GoodasGold|MakeItRain,ShadowBall,NastyPlot,Protect||||||50|,,,,,Water]Rillaboom||AssaultVest|GrassySurge|WoodHammer,GrassyGlide,HighHorsepower,FakeOut|||M|||50|,,,,,Fire]Dragapult||ChoiceSpecs|ClearBody|ShadowBall,Flamethrower,Thunderbolt,DracoMeteor|||M|||50|,,,,,Fire]Incineroar||MirrorHerb|Intimidate|FakeOut,KnockOff,PartingShot,FlareBlitz|||M|||50|,,,,,Bug
|showteam|p2|Annihilape||Leftovers|Defiant|RageFist,DrainPunch,BulkUp,Protect|||F|||50|,,,,,Fire]Whimsicott||CovertCloak|Prankster|Tailwind,BeatUp,Moonblast,SunnyDay|||M|||50|,,,,,Dark]Dragonite||LoadedDice|InnerFocus|ScaleShot,ExtremeSpeed,Haze,Protect|||F|||50|,,,,,Fairy]Gholdengo||LifeOrb|GoodasGold|MakeItRain,ShadowBall,NastyPlot,Protect||||||50|,,,,,Flying]Garchomp||ChoiceBand|RoughSkin|DragonClaw,Earthquake,IronHead,RockSlide|||F|||50|,,,,,Ground]Incineroar||SafetyGoggles|Intimidate|FakeOut,FlareBlitz,KnockOff,PartingShot|||M|||50|,,,,,Ghost
|
|t:|1756841475
|teamsize|p1|4
|teamsize|p2|4
|start
|switch|p1a: Incineroar|Incineroar, L50, M|100/100
|switch|p1b: Mr krabe|Gholdengo, L50|100/100
|switch|p2a: Whimsicott|Whimsicott, L50, M|100/100
|switch|p2b: Incineroar|Incineroar, L50, M|100/100
|-ability|p2b: Incineroar|Intimidate|boost
|-unboost|p1a: Incineroar|atk|1
|-unboost|p1b: Mr krabe|atk|1
|-ability|p1a: Incineroar|Intimidate|boost
|-unboost|p2a: Whimsicott|atk|1
|-unboost|p2b: Incineroar|atk|1
|turn|1
|
|t:|1756841507
|-terastallize|p1b: Mr krabe|Water
|move|p2b: Incineroar|Fake Out|p1a: Incineroar
|-damage|p1a: Incineroar|94/100
|move|p2a: Whimsicott|Tailwind|p2a: Whimsicott
|-sidestart|p2: kellyvgc|move: Tailwind
|move|p1b: Mr krabe|Nasty Plot|p1b: Mr krabe
|-boost|p1b: Mr krabe|spa|2
|cant|p1a: Incineroar|flinch
|
|upkeep
|turn|2
|
|t:|1756841529
|move|p2a: Whimsicott|Moonblast|p1b: Mr krabe
|-damage|p1b: Mr krabe|75/100
|-unboost|p1b: Mr krabe|spa|1
|move|p2b: Incineroar|Knock Off|p1b: Mr krabe
|-damage|p1b: Mr krabe|46/100
|-enditem|p1b: Mr krabe|Life Orb|[from] move: Knock Off|[of] p2b: Incineroar
|move|p1b: Mr krabe|Make It Rain|p2b: Incineroar|[spread] p2a,p2b
|-supereffective|p2a: Whimsicott
|-resisted|p2b: Incineroar
|-damage|p2a: Whimsicott|0 fnt
|-damage|p2b: Incineroar|72/100
|-unboost|p1b: Mr krabe|spa|1
|faint|p2a: Whimsicott
|move|p1a: Incineroar|Knock Off|p2b: Incineroar
|-resisted|p2b: Incineroar
|-damage|p2b: Incineroar|58/100
|-enditem|p2b: Incineroar|Safety Goggles|[from] move: Knock Off|[of] p1a: Incineroar
|
|upkeep
|
|t:|1756841545
|switch|p2a: Garchomp|Garchomp, L50, F|100/100
|turn|3
|
|t:|1756841558
|move|p1b: Mr krabe|Protect|p1b: Mr krabe
|-singleturn|p1b: Mr krabe|Protect
|move|p2a: Garchomp|Dragon Claw|p1b: Mr krabe
|-activate|p1b: Mr krabe|move: Protect
|move|p2b: Incineroar|Parting Shot|p1a: Incineroar
|-unboost|p1a: Incineroar|atk|1
|-unboost|p1a: Incineroar|spa|1
|
|t:|1756841565
|switch|p2b: Annihilape|Annihilape, L50, F|100/100|[from] Parting Shot
|move|p1a: Incineroar|Parting Shot|p2a: Garchomp
|-unboost|p2a: Garchomp|atk|1
|-unboost|p2a: Garchomp|spa|1
|
|t:|1756841570
|switch|p1a: Devil|Clefable, L50, M, shiny|100/100|[from] Parting Shot
|
|upkeep
|turn|4
|
|t:|1756841610
|-terastallize|p2b: Annihilape|Fire
|move|p1a: Devil|Follow Me|p1a: Devil
|-singleturn|p1a: Devil|move: Follow Me
|move|p2a: Garchomp|Dragon Claw|p1a: Devil
|-immune|p1a: Devil
|move|p2b: Annihilape|Bulk Up|p2b: Annihilape
|-boost|p2b: Annihilape|atk|1
|-boost|p2b: Annihilape|def|1
|move|p1b: Mr krabe|Shadow Ball|p2b: Annihilape
|-damage|p2b: Annihilape|64/100
|
|-heal|p2b: Annihilape|71/100|[from] item: Leftovers
|-sideend|p2: kellyvgc|move: Tailwind
|upkeep
|turn|5
|
|t:|1756841637
|move|p2b: Annihilape|Protect|p2b: Annihilape
|-singleturn|p2b: Annihilape|Protect
|move|p1b: Mr krabe|Protect|p1b: Mr krabe
|-singleturn|p1b: Mr krabe|Protect
|move|p2a: Garchomp|Dragon Claw|p1b: Mr krabe
|-activate|p1b: Mr krabe|move: Protect
|move|p1a: Devil|Life Dew||[still]|[spread] 
|-immune|p1b: Mr krabe|[from] ability: Good as Gold
|-fail|p1a: Devil|heal
|
|-heal|p2b: Annihilape|77/100|[from] item: Leftovers
|upkeep
|turn|6
|c|☆kellyvgc|lol remember that for your match
|c|☆hungry hillo|I will
|
|t:|1756841690
|move|p1a: Devil|Follow Me|p1a: Devil
|-singleturn|p1a: Devil|move: Follow Me
|move|p2a: Garchomp|Dragon Claw|p1a: Devil
|-immune|p1a: Devil
|move|p2b: Annihilape|Rage Fist|p1a: Devil
|-damage|p1a: Devil|68/100
|-damage|p2b: Annihilape|61/100|[from] item: Rocky Helmet|[of] p1a: Devil
|move|p1b: Mr krabe|Nasty Plot|p1b: Mr krabe
|-boost|p1b: Mr krabe|spa|2
|
|-heal|p2b: Annihilape|67/100|[from] item: Leftovers
|upkeep
|turn|7
|
|t:|1756841713
|switch|p2a: Incineroar|Incineroar, L50, M|58/100
|-ability|p2a: Incineroar|Intimidate|boost
|-unboost|p1a: Devil|atk|1
|-unboost|p1b: Mr krabe|atk|1
|move|p2b: Annihilape|Protect|p2b: Annihilape
|-singleturn|p2b: Annihilape|Protect
|move|p1a: Devil|Follow Me|p1a: Devil
|-singleturn|p1a: Devil|move: Follow Me
|move|p1b: Mr krabe|Make It Rain|p2b: Annihilape|[spread] p2a
|-activate|p2b: Annihilape|move: Protect
|-resisted|p2a: Incineroar
|-damage|p2a: Incineroar|23/100
|-unboost|p1b: Mr krabe|spa|1
|
|-heal|p2b: Annihilape|73/100|[from] item: Leftovers
|upkeep
|turn|8
|
|t:|1756841773
|move|p1a: Devil|Follow Me|p1a: Devil
|-singleturn|p1a: Devil|move: Follow Me
|move|p2b: Annihilape|Rage Fist|p1a: Devil
|-damage|p1a: Devil|32/100
|-damage|p2b: Annihilape|57/100|[from] item: Rocky Helmet|[of] p1a: Devil
|move|p1b: Mr krabe|Shadow Ball|p2b: Annihilape
|-damage|p2b: Annihilape|6/100
|move|p2a: Incineroar|Knock Off|p1a: Devil
|-resisted|p1a: Devil
|-damage|p1a: Devil|15/100
|-damage|p2a: Incineroar|7/100|[from] item: Rocky Helmet|[of] p1a: Devil
|-enditem|p1a: Devil|Rocky Helmet|[from] move: Knock Off|[of] p2a: Incineroar
|
|-heal|p2b: Annihilape|12/100|[from] item: Leftovers
|upkeep
|turn|9
|
|t:|1756841801
|move|p2b: Annihilape|Protect|p2b: Annihilape
|-singleturn|p2b: Annihilape|Protect
|move|p1a: Devil|Follow Me|p1a: Devil
|-singleturn|p1a: Devil|move: Follow Me
|move|p1b: Mr krabe|Make It Rain|p2b: Annihilape|[spread] p2a
|-activate|p2b: Annihilape|move: Protect
|-resisted|p2a: Incineroar
|-damage|p2a: Incineroar|0 fnt
|-unboost|p1b: Mr krabe|spa|1
|faint|p2a: Incineroar
|
|-heal|p2b: Annihilape|18/100|[from] item: Leftovers
|upkeep
|
|t:|1756841809
|switch|p2a: Garchomp|Garchomp, L50, F|100/100
|turn|10
|
|t:|1756841833
|move|p1b: Mr krabe|Protect|p1b: Mr krabe
|-singleturn|p1b: Mr krabe|Protect
|move|p2a: Garchomp|Rock Slide|p1a: Devil|[spread] p1a
|-activate|p1b: Mr krabe|move: Protect
|-damage|p1a: Devil|0 fnt
|faint|p1a: Devil
|move|p2b: Annihilape|Drain Punch|p1b: Mr krabe
|-activate|p1b: Mr krabe|move: Protect
|
|-heal|p2b: Annihilape|25/100|[from] item: Leftovers
|upkeep
|
|t:|1756841845
|switch|p1a: Incineroar|Incineroar, L50, M|94/100
|-ability|p1a: Incineroar|Intimidate|boost
|-unboost|p2a: Garchomp|atk|1
|-unboost|p2b: Annihilape|atk|1
|-ability|p2b: Annihilape|Defiant|boost
|-boost|p2b: Annihilape|atk|2
|-enditem|p1a: Incineroar|Mirror Herb
|-boost|p1a: Incineroar|atk|2|[from] item: Mirror Herb
|turn|11
|
|t:|1756841856
|move|p2b: Annihilape|Protect|p2b: Annihilape
|-singleturn|p2b: Annihilape|Protect
|move|p1a: Incineroar|Fake Out|p2b: Annihilape
|-activate|p2b: Annihilape|move: Protect
|move|p2a: Garchomp|Rock Slide|p1b: Mr krabe|[spread] p1a
|-miss|p2a: Garchomp|p1b: Mr krabe
|-supereffective|p1a: Incineroar
|-damage|p1a: Incineroar|58/100
|move|p1b: Mr krabe|Shadow Ball|p2a: Garchomp
|-damage|p2a: Garchomp|57/100
|
|-heal|p2b: Annihilape|31/100|[from] item: Leftovers
|upkeep
|turn|12
|
|t:|1756841881
|move|p2a: Garchomp|Rock Slide|p1b: Mr krabe|[spread] 
|-miss|p2a: Garchomp|p1a: Incineroar
|-miss|p2a: Garchomp|p1b: Mr krabe
|move|p2b: Annihilape|Rage Fist|p1a: Incineroar
|-resisted|p1a: Incineroar
|-crit|p1a: Incineroar
|-damage|p1a: Incineroar|0 fnt
|faint|p1a: Incineroar
|move|p1b: Mr krabe|Make It Rain|p2a: Garchomp|[spread] p2a,p2b
|-resisted|p2b: Annihilape
|-damage|p2a: Garchomp|15/100
|-damage|p2b: Annihilape|13/100
|-unboost|p1b: Mr krabe|spa|1
|
|-heal|p2b: Annihilape|20/100|[from] item: Leftovers
|upkeep
|
|t:|1756841894
|switch|p1a: Dragapult|Dragapult, L50, M|100/100
|turn|13
|
|t:|1756841913
|move|p1a: Dragapult|Shadow Ball|p2b: Annihilape
|-damage|p2b: Annihilape|0 fnt
|faint|p2b: Annihilape
|move|p2a: Garchomp|Rock Slide|p1b: Mr krabe|[spread] p1a,p1b
|-damage|p1a: Dragapult|73/100
|-damage|p1b: Mr krabe|27/100
|cant|p1b: Mr krabe|flinch
|
|upkeep
|turn|14
|
|t:|1756841923
|move|p1a: Dragapult|Shadow Ball|p2a: Garchomp
|-damage|p2a: Garchomp|0 fnt
|faint|p2a: Garchomp
|
|win|hungry hillo
|c|☆hungry hillo|Gg
|c|☆kellyvgc|gg
|l|☆kellyvgc
|player|p2|
