|j|☆TeyOnTheRox
|j|☆That_Leek
|html|TeyOnTheRoxThat_Leek    
|uhtml|bestof|Game 1 of a best-of-3
|t:|1757919793
|gametype|doubles
|player|p1|TeyOnTheRox|benga|1318
|player|p2|That_Leek|blue-masters|1364
|gen|9
|tier|[Gen 9] VGC 2025 Reg H (Bo3)
|rated|
|rule|Species Clause: Limit one of each Pokémon
|rule|Item Clause: Limit 1 of each item
|clearpoke
|poke|p1|Tyranitar, L50, F|
|poke|p1|Excadrill, L50, M|
|poke|p1|Sneasler, L50, F|
|poke|p1|Indeedee, L50, M|
|poke|p1|Corviknight, L50, M|
|poke|p1|Annihilape, L50, M|
|poke|p2|Incineroar, L50, F|
|poke|p2|Gholdengo, L50|
|poke|p2|Dragonite, L50, M|
|poke|p2|Amoonguss, L50, M|
|poke|p2|Ursaluna-Bloodmoon, L50, M|
|poke|p2|Gallade, L50, M|
|teampreview|4
|showteam|p1|Tyranitar||AssaultVest|SandStream|RockSlide,KnockOff,TeraBlast,LowKick|||F|||50|,,,,,Flying]Excadrill||FocusSash|SandRush|IronHead,HighHorsepower,Earthquake,Protect|||M|||50|,,,,,Stellar]Sneasler||PsychicSeed|Unburden|DireClaw,CloseCombat,ThroatChop,Protect|||F|||50|,,,,,Dark]Indeedee||ChoiceScarf|PsychicSurge|ExpandingForce,TeraBlast,Protect,Trick|||M|||50|,,,,,Psychic]Corviknight||Leftovers|MirrorArmor|BraveBird,BulkUp,Roost,Tailwind|||M|||50|,,,,,Dragon]Annihilape||SafetyGoggles|Defiant|CloseCombat,FinalGambit,RageFist,Taunt|||M|||50|,,,,,Water
|showteam|p2|Incineroar||SafetyGoggles|Intimidate|FakeOut,FlareBlitz,KnockOff,PartingShot|||F|||50|,,,,,Water]Gholdengo||LifeOrb|GoodasGold|MakeItRain,ShadowBall,NastyPlot,Protect||||||50|,,,,,Dragon]Dragonite||LoadedDice|Multiscale|Tailwind,StompingTantrum,ScaleShot,Protect|||M|||50|,,,,,Fairy]Amoonguss||SitrusBerry|Regenerator|PollenPuff,Spore,RagePowder,Protect|||M|||50|,,,,,Fairy]Ursaluna-Bloodmoon||AssaultVest|MindsEye|VacuumWave,BloodMoon,HyperVoice,EarthPower|||M|||50|,,,,,Ghost]Gallade||FocusSash|Sharpness|TrickRoom,SacredSword,WideGuard,PsychoCut|||M|||50|,,,,,Fairy
|inactive|Battle timer is ON: inactive players will automatically lose when time's up. (requested by That_Leek)
|
|t:|1757919880
|teamsize|p1|4
|teamsize|p2|4
|start
|switch|p1a: Mack|Corviknight, L50, M|100/100
|switch|p1b: Chicks Hicks|Annihilape, L50, M|100/100
|switch|p2a: Gallade|Gallade, L50, M|100/100
|switch|p2b: Amoonguss|Amoonguss, L50, M|100/100
|turn|1
|
|t:|1757919900
|switch|p1a: Doc Hudson|Tyranitar, L50, F, shiny|100/100
|-weather|Sandstorm|[from] ability: Sand Stream|[of] p1a: Doc Hudson
|move|p1b: Chicks Hicks|Final Gambit|p2a: Gallade
|-enditem|p2a: Gallade|Focus Sash
|-damage|p2a: Gallade|1/100
|faint|p1b: Chicks Hicks
|move|p2b: Amoonguss|Spore|p1a: Doc Hudson
|-status|p1a: Doc Hudson|slp|[from] move: Spore
|move|p2a: Gallade|Trick Room|p2a: Gallade
|-fieldstart|move: Trick Room|[of] p2a: Gallade
|
|-weather|Sandstorm|[upkeep]
|-damage|p2b: Amoonguss|95/100|[from] Sandstorm
|-damage|p2a: Gallade|0 fnt|[from] Sandstorm
|faint|p2a: Gallade
|upkeep
|
|t:|1757919914
|switch|p2a: Gholdengo|Gholdengo, L50|100/100
|switch|p1b: Mack|Corviknight, L50, M|100/100
|turn|2
|
|t:|1757919934
|move|p2b: Amoonguss|Spore|p1b: Mack
|-status|p1b: Mack|slp|[from] move: Spore
|cant|p1b: Mack|slp
|cant|p1a: Doc Hudson|slp
|move|p2a: Gholdengo|Nasty Plot|p2a: Gholdengo
|-boost|p2a: Gholdengo|spa|2
|
|-weather|Sandstorm|[upkeep]
|-damage|p2b: Amoonguss|89/100|[from] Sandstorm
|upkeep
|turn|3
|
|t:|1757919957
|move|p2b: Amoonguss|Rage Powder|p2b: Amoonguss
|-singleturn|p2b: Amoonguss|move: Rage Powder
|-curestatus|p1b: Mack|slp|[msg]
|move|p1b: Mack|Bulk Up|p1b: Mack
|-boost|p1b: Mack|atk|1
|-boost|p1b: Mack|def|1
|cant|p1a: Doc Hudson|slp
|move|p2a: Gholdengo|Nasty Plot|p2a: Gholdengo
|-boost|p2a: Gholdengo|spa|2
|
|-weather|Sandstorm|[upkeep]
|-damage|p2b: Amoonguss|83/100|[from] Sandstorm
|upkeep
|turn|4
|inactive|TeyOnTheRox has 30 seconds left.
|
|t:|1757919987
|move|p2a: Gholdengo|Protect|p2a: Gholdengo
|-singleturn|p2a: Gholdengo|Protect
|move|p2b: Amoonguss|Spore|p1b: Mack
|-status|p1b: Mack|slp|[from] move: Spore
|cant|p1b: Mack|slp
|-curestatus|p1a: Doc Hudson|slp|[msg]
|move|p1a: Doc Hudson|Knock Off|p2a: Gholdengo
|-activate|p2a: Gholdengo|move: Protect
|
|-weather|Sandstorm|[upkeep]
|-damage|p2b: Amoonguss|77/100|[from] Sandstorm
|upkeep
|turn|5
|inactive|TeyOnTheRox has 30 seconds left.
|inactive|TeyOnTheRox has 20 seconds left.
|inactive|TeyOnTheRox has 15 seconds left.
|
|t:|1757920027
|move|p2b: Amoonguss|Spore|p1a: Doc Hudson
|-status|p1a: Doc Hudson|slp|[from] move: Spore
|-curestatus|p1b: Mack|slp|[msg]
|move|p1b: Mack|Brave Bird|p2b: Amoonguss
|-supereffective|p2b: Amoonguss
|-damage|p2b: Amoonguss|0 fnt
|faint|p2b: Amoonguss
|-damage|p1b: Mack|73/100|[from] Recoil
|cant|p1a: Doc Hudson|slp
|move|p2a: Gholdengo|Shadow Ball|p1b: Mack
|-damage|p1b: Mack|0 fnt
|faint|p1b: Mack
|-damage|p2a: Gholdengo|91/100|[from] item: Life Orb
|
|-weather|none
|-fieldend|move: Trick Room
|upkeep
|
|t:|1757920035
|switch|p1b: Tow Mater|Excadrill, L50, M|100/100
|switch|p2b: Incineroar|Incineroar, L50, F|100/100
|-ability|p2b: Incineroar|Intimidate|boost
|-unboost|p1a: Doc Hudson|atk|1
|-unboost|p1b: Tow Mater|atk|1
|turn|6
|
|t:|1757920048
|move|p1b: Tow Mater|Protect|p1b: Tow Mater
|-singleturn|p1b: Tow Mater|Protect
|move|p2b: Incineroar|Fake Out|p1b: Tow Mater
|-activate|p1b: Tow Mater|move: Protect
|move|p2a: Gholdengo|Make It Rain|p1a: Doc Hudson|[spread] p1a
|-activate|p1b: Tow Mater|move: Protect
|-supereffective|p1a: Doc Hudson
|-damage|p1a: Doc Hudson|0 fnt
|-unboost|p2a: Gholdengo|spa|1
|faint|p1a: Doc Hudson
|-damage|p2a: Gholdengo|82/100|[from] item: Life Orb
|
|upkeep
|turn|7
|
|t:|1757920062
|-terastallize|p1b: Tow Mater|Stellar
|-terastallize|p2a: Gholdengo|Dragon
|move|p1b: Tow Mater|Earthquake|p2b: Incineroar|[spread] p2a,p2b
|-supereffective|p2b: Incineroar
|-damage|p2a: Gholdengo|48/100
|-damage|p2b: Incineroar|22/100
|move|p2a: Gholdengo|Shadow Ball|p1b: Tow Mater
|-enditem|p1b: Tow Mater|Focus Sash
|-damage|p1b: Tow Mater|1/100
|-damage|p2a: Gholdengo|38/100|[from] item: Life Orb
|move|p2b: Incineroar|Flare Blitz|p1b: Tow Mater
|-supereffective|p1b: Tow Mater
|-damage|p1b: Tow Mater|0 fnt
|faint|p1b: Tow Mater
|-damage|p2b: Incineroar|22/100|[from] Recoil
|
|win|That_Leek
||That_Leek is ready for game 2.
||TeyOnTheRox is ready for game 2.
|uhtml|next|Next: Game 2 of 3
|l|☆TeyOnTheRox
|player|p1|
