|j|☆Kahizar
|j|☆Voltage Gaming101
|html|KahizarVoltage Gaming101    
|uhtml|bestof|Game 1 of a best-of-3
|t:|1756835805
|gametype|doubles
|player|p1|Kahizar|101|1064
|player|p2|Voltage Gaming101|red|1044
|gen|9
|tier|[Gen 9] VGC 2025 Reg H (Bo3)
|rated|
|rule|Species Clause: Limit one of each Pokémon
|rule|Item Clause: Limit 1 of each item
|clearpoke
|poke|p1|Volcarona, L50, M|
|poke|p1|Archaludon, L50, M|
|poke|p1|Dragonite, L50, M|
|poke|p1|Dondozo, L50, F|
|poke|p1|Tatsugiri, L50, F|
|poke|p1|Farigiraf, L50, M|
|poke|p2|Tyranitar, L50, F|
|poke|p2|Houndstone, L50, M|
|poke|p2|Gholdengo, L50|
|poke|p2|Garchomp, L50, F|
|poke|p2|Incineroar, L50, M|
|poke|p2|Amoonguss, L50, F|
|teampreview|4
|showteam|p1|Volcarona||MentalHerb|FlameBody|StruggleBug,HeatWave,QuiverDance,Protect|||M|||50|,,,,,Grass]Archaludon||AssaultVest|Stamina|ElectroShot,FlashCannon,Protect,BodyPress|||M|||50|,,,,,Ghost]Dragonite||LoadedDice|InnerFocus|ScaleShot,Tailwind,Encore,Protect|||M|||50|,,,,,Steel]Dondozo||LifeOrb|Unaware|WaveCrash,Outrage,OrderUp,Earthquake|||F|||50|,,,,,Grass]Tatsugiri||FocusSash|Commander|RainDance,Protect,Taunt,DracoMeteor|||F|||50|,,,,,Dragon]Farigiraf||CovertCloak|ArmorTail|Protect,TrickRoom,Psychic,HyperVoice|||M|||50|,,,,,Psychic
|showteam|p2|Tyranitar||AssaultVest|SandStream|RockSlide,KnockOff,LowKick,TeraBlast|||F|||50|,,,,,Flying]Houndstone||SpellTag|SandRush|LastRespects,ShadowSneak,PlayRough,FireFang|||M|||50|,,,,,Ghost]Gholdengo||LifeOrb|GoodasGold|MakeItRain,ShadowBall,NastyPlot,Protect||||||50|,,,,,Water]Garchomp||RockyHelmet|RoughSkin|RockSlide,Earthquake,DragonClaw,Protect|||F|||50|,,,,,Fire]Incineroar||SafetyGoggles|Intimidate|FakeOut,KnockOff,FlareBlitz,PartingShot|||M|||50|,,,,,Water]Amoonguss||SitrusBerry|Regenerator|Spore,RagePowder,PollenPuff,Protect|||F|||50|,,,,,Grass
|
|t:|1756835829
|teamsize|p1|4
|teamsize|p2|4
|start
|switch|p1a: Farigiraf|Farigiraf, L50, M|100/100
|switch|p1b: Archaludon|Archaludon, L50, M|100/100
|switch|p2a: Tyranitar|Tyranitar, L50, F, shiny|100/100
|switch|p2b: Amoonguss|Amoonguss, L50, F|100/100
|-weather|Sandstorm|[from] ability: Sand Stream|[of] p2a: Tyranitar
|turn|1
|
|t:|1756835845
|-terastallize|p2a: Tyranitar|Flying
|move|p1b: Archaludon|Body Press|p2a: Tyranitar
|-resisted|p2a: Tyranitar
|-damage|p2a: Tyranitar|90/100
|move|p2a: Tyranitar|Knock Off|p1a: Farigiraf
|-supereffective|p1a: Farigiraf
|-damage|p1a: Farigiraf|13/100
|-enditem|p1a: Farigiraf|Covert Cloak|[from] move: Knock Off|[of] p2a: Tyranitar
|move|p1a: Farigiraf|Psychic|p2b: Amoonguss
|-supereffective|p2b: Amoonguss
|-damage|p2b: Amoonguss|37/100
|-unboost|p2b: Amoonguss|spd|1
|-enditem|p2b: Amoonguss|Sitrus Berry|[eat]
|-heal|p2b: Amoonguss|62/100|[from] item: Sitrus Berry
|move|p2b: Amoonguss|Spore|p1b: Archaludon
|-status|p1b: Archaludon|slp|[from] move: Spore
|
|-weather|Sandstorm|[upkeep]
|-damage|p2a: Tyranitar|84/100|[from] Sandstorm
|-damage|p1a: Farigiraf|7/100|[from] Sandstorm
|-damage|p2b: Amoonguss|56/100|[from] Sandstorm
|upkeep
|turn|2
|
|t:|1756835885
|switch|p2b: Incineroar|Incineroar, L50, M|100/100
|-ability|p2b: Incineroar|Intimidate|boost
|-unboost|p1a: Farigiraf|atk|1
|-unboost|p1b: Archaludon|atk|1
|move|p1a: Farigiraf|Protect|p1a: Farigiraf
|-singleturn|p1a: Farigiraf|Protect
|cant|p1b: Archaludon|slp
|move|p2a: Tyranitar|Knock Off|p1a: Farigiraf
|-activate|p1a: Farigiraf|move: Protect
|
|-weather|Sandstorm|[upkeep]
|-damage|p2a: Tyranitar|78/100|[from] Sandstorm
|-damage|p1a: Farigiraf|1/100|[from] Sandstorm
|upkeep
|turn|3
|
|t:|1756835902
|switch|p1b: Dondozo|Dondozo, L50, F|100/100
|move|p2a: Tyranitar|Knock Off|p1a: Farigiraf
|-supereffective|p1a: Farigiraf
|-damage|p1a: Farigiraf|0 fnt
|faint|p1a: Farigiraf
|move|p2b: Incineroar|Parting Shot|p1b: Dondozo
|-unboost|p1b: Dondozo|atk|1
|-unboost|p1b: Dondozo|spa|1
|
|t:|1756835908
|switch|p2b: Amoonguss|Amoonguss, L50, F|89/100|[from] Parting Shot
|
|-weather|Sandstorm|[upkeep]
|-damage|p2a: Tyranitar|72/100|[from] Sandstorm
|-damage|p1b: Dondozo|94/100|[from] Sandstorm
|-damage|p2b: Amoonguss|83/100|[from] Sandstorm
|upkeep
|
|t:|1756835916
|switch|p1a: Tatsugiri|Tatsugiri, L50, F|100/100
|-activate|p1a: Tatsugiri|ability: Commander|[of] p1b: Dondozo
|-boost|p1b: Dondozo|atk|2
|-boost|p1b: Dondozo|spa|2
|-boost|p1b: Dondozo|spe|2
|-boost|p1b: Dondozo|def|2
|-boost|p1b: Dondozo|spd|2
|turn|4
|
|t:|1756835930
|switch|p2a: Incineroar|Incineroar, L50, M|100/100
|-ability|p2a: Incineroar|Intimidate|boost
|-unboost|p1a: Tatsugiri|atk|1
|-unboost|p1b: Dondozo|atk|1
|move|p1b: Dondozo|Outrage|p2a: Incineroar
|-damage|p2a: Incineroar|55/100
|-damage|p1b: Dondozo|85/100|[from] item: Life Orb
|move|p2b: Amoonguss|Spore|p1b: Dondozo
|-status|p1b: Dondozo|slp|[from] move: Spore
|
|-weather|Sandstorm|[upkeep]
|-damage|p1a: Tatsugiri|94/100|[from] Sandstorm
|-damage|p1b: Dondozo|78/100 slp|[from] Sandstorm
|-damage|p2b: Amoonguss|77/100|[from] Sandstorm
|upkeep
|turn|5
|
|t:|1756835945
|move|p2a: Incineroar|Fake Out|p1a: Tatsugiri|[miss]
|-miss|p2a: Incineroar|p1a: Tatsugiri
|cant|p1b: Dondozo|slp
|move|p2b: Amoonguss|Pollen Puff|p2a: Incineroar
|-heal|p2a: Incineroar|100/100
|
|-weather|none
|upkeep
|turn|6
|
|t:|1756835965
|-terastallize|p1b: Dondozo|Grass
|-curestatus|p1b: Dondozo|slp|[msg]
|move|p1b: Dondozo|Earthquake|p2a: Incineroar|[spread] p2a,p2b
|-miss|p1b: Dondozo|p1a: Tatsugiri
|-supereffective|p2a: Incineroar
|-damage|p2a: Incineroar|41/100
|-damage|p2b: Amoonguss|53/100
|-damage|p1b: Dondozo|69/100|[from] item: Life Orb
|move|p2a: Incineroar|Parting Shot|p1b: Dondozo
|-unboost|p1b: Dondozo|atk|1
|-unboost|p1b: Dondozo|spa|1
|
|t:|1756835969
|switch|p2a: Tyranitar|Tyranitar, L50, F, shiny, tera:Flying|72/100|[from] Parting Shot
|-weather|Sandstorm|[from] ability: Sand Stream|[of] p2a: Tyranitar
|move|p2b: Amoonguss|Spore|p1a: Tatsugiri|[miss]
|-miss|p2b: Amoonguss|p1a: Tatsugiri
|
|-weather|Sandstorm|[upkeep]
|-damage|p1a: Tatsugiri|88/100|[from] Sandstorm
|-damage|p1b: Dondozo|62/100|[from] Sandstorm
|-damage|p2a: Tyranitar|67/100|[from] Sandstorm
|-damage|p2b: Amoonguss|47/100|[from] Sandstorm
|upkeep
|turn|7
|
|t:|1756835986
|move|p2b: Amoonguss|Rage Powder|p2b: Amoonguss
|-singleturn|p2b: Amoonguss|move: Rage Powder
|move|p1b: Dondozo|Order Up|p2a: Tyranitar
|-damage|p2a: Tyranitar|49/100
|-boost|p1b: Dondozo|atk|1
|-damage|p1b: Dondozo|53/100|[from] item: Life Orb
|move|p2a: Tyranitar|Tera Blast|p1b: Dondozo|[anim] Tera Blast Flying
|-supereffective|p1b: Dondozo
|-damage|p1b: Dondozo|22/100
|
|-weather|Sandstorm|[upkeep]
|-damage|p1a: Tatsugiri|82/100|[from] Sandstorm
|-damage|p1b: Dondozo|16/100|[from] Sandstorm
|-damage|p2a: Tyranitar|43/100|[from] Sandstorm
|-damage|p2b: Amoonguss|41/100|[from] Sandstorm
|upkeep
|turn|8
|
|t:|1756836005
|move|p1b: Dondozo|Outrage|p2a: Tyranitar
|-damage|p2a: Tyranitar|7/100
|-damage|p1b: Dondozo|6/100|[from] item: Life Orb
|move|p2a: Tyranitar|Tera Blast|p1b: Dondozo|[anim] Tera Blast Flying
|-supereffective|p1b: Dondozo
|-damage|p1b: Dondozo|0 fnt
|faint|p1b: Dondozo
|move|p2b: Amoonguss|Pollen Puff|p2a: Tyranitar
|-heal|p2a: Tyranitar|57/100
|
|-weather|Sandstorm|[upkeep]
|-damage|p1a: Tatsugiri|75/100|[from] Sandstorm
|-damage|p2a: Tyranitar|51/100|[from] Sandstorm
|-damage|p2b: Amoonguss|35/100|[from] Sandstorm
|upkeep
|
|t:|1756836018
|switch|p1b: Archaludon|Archaludon, L50, M|100/100 slp
|turn|9
|
|t:|1756836028
|move|p1a: Tatsugiri|Rain Dance|p1a: Tatsugiri
|-weather|RainDance
|cant|p1b: Archaludon|slp
|move|p2a: Tyranitar|Knock Off|p1a: Tatsugiri
|-damage|p1a: Tatsugiri|0 fnt
|-enditem|p1a: Tatsugiri|Focus Sash|[from] move: Knock Off|[of] p2a: Tyranitar
|faint|p1a: Tatsugiri
|move|p2b: Amoonguss|Spore|p1b: Archaludon
|-fail|p1b: Archaludon|slp
|
|-weather|RainDance|[upkeep]
|upkeep
|turn|10
|
|t:|1756836040
|switch|p2a: Gholdengo|Gholdengo, L50|100/100
|switch|p2b: Incineroar|Incineroar, L50, M|41/100
|-ability|p2b: Incineroar|Intimidate|boost
|-unboost|p1b: Archaludon|atk|1
|cant|p1b: Archaludon|slp
|
|-weather|RainDance|[upkeep]
|upkeep
|turn|11
|
|t:|1756836053
|move|p2a: Gholdengo|Nasty Plot|p2a: Gholdengo
|-boost|p2a: Gholdengo|spa|2
|-curestatus|p1b: Archaludon|slp|[msg]
|move|p1b: Archaludon|Electro Shot||[still]
|-prepare|p1b: Archaludon|Electro Shot
|-boost|p1b: Archaludon|spa|1
|-anim|p1b: Archaludon|Electro Shot|p2b: Incineroar
|-damage|p2b: Incineroar|0 fnt
|faint|p2b: Incineroar
|
|-weather|RainDance|[upkeep]
|upkeep
|
|t:|1756836061
|switch|p2b: Tyranitar|Tyranitar, L50, F, shiny, tera:Flying|51/100
|-weather|Sandstorm|[from] ability: Sand Stream|[of] p2b: Tyranitar
|turn|12
|
|t:|1756836074
|move|p2a: Gholdengo|Shadow Ball|p1b: Archaludon
|-damage|p1b: Archaludon|21/100
|-unboost|p1b: Archaludon|spd|1
|-ability|p1b: Archaludon|Stamina|boost
|-boost|p1b: Archaludon|def|1
|-damage|p2a: Gholdengo|91/100|[from] item: Life Orb
|move|p1b: Archaludon|Flash Cannon|p2b: Tyranitar
|-damage|p2b: Tyranitar|22/100
|move|p2b: Tyranitar|Low Kick|p1b: Archaludon
|-supereffective|p1b: Archaludon
|-damage|p1b: Archaludon|0 fnt
|faint|p1b: Archaludon
|
|win|Voltage Gaming101
||Kahizar is ready for game 2.
