|j|☆thenewwwguy
|j|☆A Regu1ar Guy
|html|thenewwwguyA Regu1ar Guy    
|uhtml|bestof|Game 1 of a best-of-3
|t:|1756854402
|gametype|doubles
|player|p1|thenewwwguy|170|
|player|p2|A Regu1ar Guy|elesa|
|gen|9
|tier|[Gen 9] VGC 2025 Reg H (Bo3)
|rule|Species Clause: Limit one of each Pokémon
|rule|Item Clause: Limit 1 of each item
|clearpoke
|poke|p1|Kingambit, L50, F|
|poke|p1|Rillaboom, L50, M|
|poke|p1|Electabuzz, L50, M|
|poke|p1|Volcarona, L50, M|
|poke|p1|Sneasler, L50, F|
|poke|p1|Dragonite, L50, F|
|poke|p2|Volcarona, L50, F|
|poke|p2|Rillaboom, L50, M|
|poke|p2|Electabuzz, L50, F|
|poke|p2|Tauros-Paldea-Aqua, L50, M|
|poke|p2|Tyranitar, L50, F|
|poke|p2|Gholdengo, L50|
|teampreview|4
|showteam|p1|Kingambit||BlackGlasses|Defiant|Protect,KowtowCleave,SuckerPunch,SwordsDance|||F|||50|,,,,,Dark]Rillaboom||AssaultVest|GrassySurge|WoodHammer,GrassyGlide,HighHorsepower,FakeOut|||M|||50|,,,,,Fire]Electabuzz||Eviolite|VitalSpirit|Electroweb,Protect,HelpingHand,FollowMe|||M|||50|,,,,,Ghost]Volcarona||CovertCloak|FlameBody|Protect,HeatWave,TeraBlast,QuiverDance|||M|||50|,,,,,Fairy]Sneasler||FocusSash|PoisonTouch|CloseCombat,DireClaw,Coaching,FakeOut|||F|||50|,,,,,Stellar]Dragonite||LoadedDice|Multiscale|ScaleShot,Haze,ExtremeSpeed,Protect|||F|||50|,,,,,Fairy
|showteam|p2|Volcarona||GrassySeed|FlameBody|HeatWave,GigaDrain,QuiverDance,Protect|||F|||50|,,,,,Grass]Rillaboom||MiracleSeed|GrassySurge|WoodHammer,GrassyGlide,FakeOut,HighHorsepower|||M|||50|,,,,,Fire]Electabuzz||Eviolite|VitalSpirit|Thunderbolt,FollowMe,Taunt,Protect|||F|||50|,,,,,Ghost]Tauros-Paldea-Aqua||MirrorHerb|Intimidate|WaveCrash,AquaJet,CloseCombat,Protect|||M|||50|,,,,,Water]Tyranitar||AssaultVest|SandStream|KnockOff,RockSlide,TeraBlast,LowKick|||F|||50|,,,,,Flying]Gholdengo||LifeOrb|GoodasGold|MakeItRain,ShadowBall,NastyPlot,Protect||||||50|,,,,,Water
|inactive|Battle timer is ON: inactive players will automatically lose when time's up. (requested by thenewwwguy)
|c|☆A Regu1ar Guy|Cheers, basically I want more experience on whether using my volc is good here or going fill offence. Ttar can force a tera but then it can be a problem of koing volc
|
|t:|1756854439
|teamsize|p1|4
|teamsize|p2|4
|start
|switch|p1a: Dragonite|Dragonite, L50, F, shiny|100/100
|switch|p1b: Rillaboom|Rillaboom, L50, M|100/100
|switch|p2a: Volcarona|Volcarona, L50, F, shiny|100/100
|switch|p2b: Electabuzz|Electabuzz, L50, F|100/100
|-fieldstart|move: Grassy Terrain|[from] ability: Grassy Surge|[of] p1b: Rillaboom
|-enditem|p2a: Volcarona|Grassy Seed
|-boost|p2a: Volcarona|def|1|[from] item: Grassy Seed
|turn|1
|c|☆thenewwwguy|no worries
|c|☆thenewwwguy|still learning how to pilot this myself
|inactive|thenewwwguy has 30 seconds left.
|
|t:|1756854469
|move|p1b: Rillaboom|Fake Out|p2a: Volcarona
|-damage|p2a: Volcarona|90/100
|cant|p2a: Volcarona|flinch
|move|p2b: Electabuzz|Taunt|p1a: Dragonite
|-start|p1a: Dragonite|move: Taunt
|move|p1a: Dragonite|Scale Shot|p2b: Electabuzz|[miss]
|-miss|p1a: Dragonite|p2b: Electabuzz
|
|-heal|p2a: Volcarona|96/100|[from] Grassy Terrain
|upkeep
|turn|2
|c|☆A Regu1ar Guy|Doing some chi yu raids in the background
|inactive|thenewwwguy has 30 seconds left.
|inactive|thenewwwguy has 20 seconds left.
|
|t:|1756854508
|switch|p1a: Sneasler|Sneasler, L50, F|100/100
|-terastallize|p1b: Rillaboom|Fire
|move|p2a: Volcarona|Heat Wave|p1a: Sneasler|[spread] p1a,p1b
|-resisted|p1b: Rillaboom
|-damage|p1a: Sneasler|52/100
|-damage|p1b: Rillaboom|87/100
|move|p2b: Electabuzz|Thunderbolt|p1a: Sneasler
|-damage|p1a: Sneasler|9/100
|move|p1b: Rillaboom|High Horsepower|p2b: Electabuzz
|-supereffective|p2b: Electabuzz
|-damage|p2b: Electabuzz|49/100
|
|-heal|p1a: Sneasler|15/100|[from] Grassy Terrain
|-heal|p2a: Volcarona|100/100|[from] Grassy Terrain
|-heal|p2b: Electabuzz|55/100|[from] Grassy Terrain
|-heal|p1b: Rillaboom|93/100|[from] Grassy Terrain
|upkeep
|turn|3
|
|t:|1756854525
|move|p1a: Sneasler|Fake Out|p2a: Volcarona
|-damage|p2a: Volcarona|90/100
|-status|p1a: Sneasler|brn|[from] ability: Flame Body|[of] p2a: Volcarona
|move|p2b: Electabuzz|Follow Me|p2b: Electabuzz
|-singleturn|p2b: Electabuzz|move: Follow Me
|cant|p2a: Volcarona|flinch
|move|p1b: Rillaboom|High Horsepower|p2b: Electabuzz
|-supereffective|p2b: Electabuzz
|-damage|p2b: Electabuzz|7/100
|
|-heal|p1a: Sneasler|21/100 brn|[from] Grassy Terrain
|-heal|p2a: Volcarona|96/100|[from] Grassy Terrain
|-heal|p2b: Electabuzz|13/100|[from] Grassy Terrain
|-heal|p1b: Rillaboom|99/100|[from] Grassy Terrain
|-damage|p1a: Sneasler|15/100 brn|[from] brn
|upkeep
|turn|4
|
|t:|1756854544
|move|p2b: Electabuzz|Follow Me|p2b: Electabuzz
|-singleturn|p2b: Electabuzz|move: Follow Me
|move|p1b: Rillaboom|Grassy Glide|p2b: Electabuzz
|-damage|p2b: Electabuzz|0 fnt
|faint|p2b: Electabuzz
|move|p1a: Sneasler|Dire Claw|p2a: Volcarona
|-damage|p2a: Volcarona|80/100
|move|p2a: Volcarona|Quiver Dance|p2a: Volcarona
|-boost|p2a: Volcarona|spa|1
|-boost|p2a: Volcarona|spd|1
|-boost|p2a: Volcarona|spe|1
|
|-heal|p2a: Volcarona|86/100|[from] Grassy Terrain
|-heal|p1a: Sneasler|21/100 brn|[from] Grassy Terrain
|-heal|p1b: Rillaboom|100/100|[from] Grassy Terrain
|-damage|p1a: Sneasler|15/100 brn|[from] brn
|upkeep
|
|t:|1756854552
|switch|p2b: Tyranitar|Tyranitar, L50, F|100/100
|-weather|Sandstorm|[from] ability: Sand Stream|[of] p2b: Tyranitar
|turn|5
|
|t:|1756854562
|-terastallize|p2b: Tyranitar|Flying
|move|p1b: Rillaboom|Grassy Glide|p2b: Tyranitar
|-resisted|p2b: Tyranitar
|-damage|p2b: Tyranitar|84/100
|move|p2a: Volcarona|Heat Wave|p1a: Sneasler|[spread] p1b
|-miss|p2a: Volcarona|p1a: Sneasler
|-resisted|p1b: Rillaboom
|-damage|p1b: Rillaboom|82/100
|move|p1a: Sneasler|Dire Claw|p2a: Volcarona
|-damage|p2a: Volcarona|69/100
|-status|p2a: Volcarona|par
|move|p2b: Tyranitar|Rock Slide|p1b: Rillaboom|[spread] p1a,p1b
|-resisted|p1a: Sneasler
|-supereffective|p1b: Rillaboom
|-damage|p1a: Sneasler|0 fnt
|-damage|p1b: Rillaboom|21/100
|faint|p1a: Sneasler
|
|-weather|Sandstorm|[upkeep]
|-damage|p1b: Rillaboom|15/100|[from] Sandstorm
|-damage|p2b: Tyranitar|78/100|[from] Sandstorm
|-damage|p2a: Volcarona|63/100 par|[from] Sandstorm
|-heal|p1b: Rillaboom|21/100|[from] Grassy Terrain
|-heal|p2a: Volcarona|69/100 par|[from] Grassy Terrain
|-fieldend|move: Grassy Terrain
|upkeep
|
|t:|1756854580
|switch|p1a: Dragonite|Dragonite, L50, F, shiny|100/100
|turn|6
|
|t:|1756854596
|move|p1a: Dragonite|Haze|p1a: Dragonite
|-clearallboost
|move|p1b: Rillaboom|Wood Hammer|p2b: Tyranitar
|-resisted|p2b: Tyranitar
|-damage|p2b: Tyranitar|54/100
|-damage|p1b: Rillaboom|14/100|[from] Recoil
|move|p2b: Tyranitar|Rock Slide|p1b: Rillaboom|[spread] p1a,p1b
|-supereffective|p1a: Dragonite
|-supereffective|p1b: Rillaboom
|-damage|p1a: Dragonite|63/100
|-damage|p1b: Rillaboom|0 fnt
|faint|p1b: Rillaboom
|move|p2a: Volcarona|Heat Wave|p1a: Dragonite
|-resisted|p1a: Dragonite
|-damage|p1a: Dragonite|38/100
|
|-weather|Sandstorm|[upkeep]
|-damage|p1a: Dragonite|32/100|[from] Sandstorm
|-damage|p2b: Tyranitar|47/100|[from] Sandstorm
|-damage|p2a: Volcarona|63/100 par|[from] Sandstorm
|upkeep
|
|t:|1756854603
|switch|p1b: Kingambit|Kingambit, L50, F, shiny|100/100
|turn|7
|
|t:|1756854609
|move|p1b: Kingambit|Sucker Punch|p2b: Tyranitar
|-damage|p2b: Tyranitar|5/100
|move|p1a: Dragonite|Scale Shot|p2a: Volcarona
|-damage|p2a: Volcarona|46/100 par
|-damage|p2a: Volcarona|28/100 par
|-damage|p2a: Volcarona|11/100 par
|-damage|p2a: Volcarona|0 fnt
|faint|p2a: Volcarona
|-hitcount|p2: Volcarona|4
|-unboost|p1a: Dragonite|def|1
|-boost|p1a: Dragonite|spe|1
|move|p2b: Tyranitar|Low Kick|p1b: Kingambit
|-supereffective|p1b: Kingambit
|-damage|p1b: Kingambit|0 fnt
|faint|p1b: Kingambit
|
|-weather|Sandstorm|[upkeep]
|-damage|p1a: Dragonite|26/100|[from] Sandstorm
|-damage|p2b: Tyranitar|0 fnt|[from] Sandstorm
|faint|p2b: Tyranitar
|upkeep
|
|t:|1756854614
|switch|p2b: Rillaboom|Rillaboom, L50, M|100/100
|-fieldstart|move: Grassy Terrain|[from] ability: Grassy Surge|[of] p2b: Rillaboom
|turn|8
|
|t:|1756854628
|move|p1a: Dragonite|Protect|p1a: Dragonite
|-singleturn|p1a: Dragonite|Protect
|move|p2b: Rillaboom|Wood Hammer|p1a: Dragonite
|-activate|p1a: Dragonite|move: Protect
|
|-weather|Sandstorm|[upkeep]
|-damage|p1a: Dragonite|20/100|[from] Sandstorm
|-damage|p2b: Rillaboom|94/100|[from] Sandstorm
|-heal|p2b: Rillaboom|100/100|[from] Grassy Terrain
|upkeep
|turn|9
|
|t:|1756854642
|move|p1a: Dragonite|Scale Shot|p2b: Rillaboom
|-damage|p2b: Rillaboom|86/100
|-damage|p2b: Rillaboom|72/100
|-damage|p2b: Rillaboom|58/100
|-damage|p2b: Rillaboom|44/100
|-hitcount|p2b: Rillaboom|4
|-unboost|p1a: Dragonite|def|1
|-boost|p1a: Dragonite|spe|1
|move|p2b: Rillaboom|Wood Hammer|p1a: Dragonite
|-resisted|p1a: Dragonite
|-damage|p1a: Dragonite|0 fnt
|faint|p1a: Dragonite
|-damage|p2b: Rillaboom|39/100|[from] Recoil
|
|win|A Regu1ar Guy
||A Regu1ar Guy is ready for game 2.
|inactive|thenewwwguy has 30 seconds to confirm battle start!
|c|☆thenewwwguy|ahh close
||thenewwwguy is ready for game 2.
|uhtml|next|Next: Game 2 of 3
|l|☆A Regu1ar Guy
|player|p2|
|l|☆thenewwwguy
|player|p1|
|j|☆thenewwwguy
|player|p1|thenewwwguy|170|
