|j|☆astonzin
|j|☆homerj71
|html|astonzinhomerj71    
|uhtml|bestof|Game 1 of a best-of-3
|t:|1782652790
|gametype|doubles
|player|p1|astonzin|170|1169
|player|p2|homerj71|101|1218
|gen|9
|tier|[Gen 9 Champions] VGC 2026 Reg M-B (Bo3)
|rated|
|rule|Species Clause: Limit one of each Pokémon
|rule|Item Clause: Limit 1 of each item
|clearpoke
|poke|p1|Froslass, L50, F|
|poke|p1|Kingambit, L50, M|
|poke|p1|Sinistcha, L50|
|poke|p1|Blaziken, L50, M|
|poke|p1|Basculegion, L50, M|
|poke|p1|Sneasler, L50, M|
|poke|p2|Charizard, L50, F, shiny|
|poke|p2|Garchomp, L50, M|
|poke|p2|Whimsicott, L50, F, shiny|
|poke|p2|Basculegion, L50, M|
|poke|p2|Kingambit, L50, M, shiny|
|poke|p2|Floette-Eternal, L50, F|
|teampreview|4
|showteam|p1|Froslass||Froslassite|CursedBody|Blizzard,ShadowBall,AuroraVeil,Protect|Modest||F|||50|]Kingambit||BlackGlasses|Defiant|KowtowCleave,SuckerPunch,IronHead,Protect|Adamant||M|||50|]Sinistcha||KasibBerry|Hospitality|MatchaGotcha,RagePowder,LifeDew,Protect|Relaxed|||||50|]Blaziken||Blazikenite|SpeedBoost|FlareBlitz,CloseCombat,RockSlide,Protect|Adamant||M|||50|]Basculegion||ChoiceScarf|Adaptability|WaveCrash,AquaJet,LastRespects,FlipTurn|Jolly||M|||50|]Sneasler||FocusSash|PoisonTouch|PoisonJab,CloseCombat,Protect,FakeOut|Adamant||M|||50|
|showteam|p2|Charizard||CharizarditeY|Blaze|HeatWave,SolarBeam,WeatherBall,Protect|Modest||F|||50|]Garchomp||SitrusBerry|RoughSkin|DragonClaw,Earthquake,RockSlide,PoisonJab|Jolly||M|||50|]Whimsicott||FocusSash|Prankster|Moonblast,Tailwind,Encore,Protect|Timid||F|||50|]Basculegion||LifeOrb|Adaptability|WaveCrash,AquaJet,Protect,LastRespects|Adamant||M|||50|]Kingambit||BlackGlasses|Defiant|KowtowCleave,SuckerPunch,IronHead,Protect|Adamant||M|||50|]Floette-Eternal||Floettite|FlowerVeil|Moonblast,DazzlingGleam,LightofRuin,Protect|Timid||F|||50|
|inactive|Battle timer is ON: inactive players will automatically lose when time's up. (requested by homerj71)
|inactive|homerj71 has 60 seconds left.
|
|t:|1782652821
|teamsize|p1|4
|teamsize|p2|4
|start
|switch|p1a: Blaziken|Blaziken, L50, M|100/100
|switch|p1b: Sneasler|Sneasler, L50, M|100/100
|switch|p2a: Charizard|Charizard, L50, F, shiny|100/100
|switch|p2b: Whimsicott|Whimsicott, L50, F, shiny|100/100
|turn|1
|
|t:|1782652834
|switch|p2a: Garchomp|Garchomp, L50, M|100/100
|detailschange|p1a: Blaziken|Blaziken-Mega, L50, M
|-mega|p1a: Blaziken|Blaziken|Blazikenite
|move|p1b: Sneasler|Fake Out|p2b: Whimsicott
|-damage|p2b: Whimsicott|75/100
|cant|p2b: Whimsicott|flinch
|move|p1a: Blaziken|Rock Slide|p2b: Whimsicott|[spread] p2a,p2b
|-resisted|p2a: Garchomp|1
|-crit|p2b: Whimsicott
|-damage|p2a: Garchomp|88/100
|-damage|p2b: Whimsicott|19/100
|
|-ability|p1a: Blaziken|Speed Boost|boost
|-boost|p1a: Blaziken|spe|1
|upkeep
|turn|2
|inactive|astonzin has 30 seconds left.
|inactive|homerj71 has 30 seconds left.
|
|t:|1782652867
|move|p1a: Blaziken|Protect|p1a: Blaziken
|-singleturn|p1a: Blaziken|Protect
|move|p2b: Whimsicott|Tailwind|p2b: Whimsicott
|-sidestart|p2: homerj71|move: Tailwind
|move|p2a: Garchomp|Earthquake|p1b: Sneasler|[spread] p2b,p1b
|-activate|p1a: Blaziken|move: Protect
|-resisted|p2b: Whimsicott|1
|-supereffective|p1b: Sneasler|1
|-damage|p2b: Whimsicott|0 fnt
|-enditem|p1b: Sneasler|Focus Sash
|-damage|p1b: Sneasler|1/100
|faint|p2b: Whimsicott
|move|p1b: Sneasler|Poison Jab|p2a: Garchomp
|-resisted|p2a: Garchomp|1
|-damage|p2a: Garchomp|65/100
|-status|p2a: Garchomp|psn
|-damage|p1b: Sneasler|0 fnt|[from] ability: Rough Skin|[of] p2a: Garchomp
|faint|p1b: Sneasler
|
|-damage|p2a: Garchomp|53/100 psn|[from] psn
|-ability|p1a: Blaziken|Speed Boost|boost
|-boost|p1a: Blaziken|spe|1
|upkeep
|
|t:|1782652884
|switch|p2b: Charizard|Charizard, L50, F, shiny|100/100
|switch|p1b: Sinistcha|Sinistcha, L50|100/100
|turn|3
|inactive|astonzin has 30 seconds left.
|
|t:|1782652913
|detailschange|p2b: Charizard|Charizard-Mega-Y, L50, F, shiny
|-mega|p2b: Charizard|Charizard|Charizardite Y
|-weather|SunnyDay|[from] ability: Drought|[of] p2b: Charizard
|move|p1a: Blaziken|Protect|p1a: Blaziken
|-singleturn|p1a: Blaziken|Protect
|move|p1b: Sinistcha|Protect|p1b: Sinistcha
|-singleturn|p1b: Sinistcha|Protect
|move|p2a: Garchomp|Earthquake|p1b: Sinistcha|[spread] 
|-activate|p1a: Blaziken|move: Protect
|-activate|p1b: Sinistcha|move: Protect
|-immune|p2b: Charizard
|move|p2b: Charizard|Heat Wave|p1a: Blaziken|[spread] 
|-activate|p1a: Blaziken|move: Protect
|-activate|p1b: Sinistcha|move: Protect
|
|-weather|SunnyDay|[upkeep]
|-damage|p2a: Garchomp|41/100 psn|[from] psn
|-ability|p1a: Blaziken|Speed Boost|boost
|-boost|p1a: Blaziken|spe|1
|upkeep
|-enditem|p2a: Garchomp|Sitrus Berry|[eat]
|-heal|p2a: Garchomp|66/100 psn|[from] item: Sitrus Berry
|turn|4
|inactive|astonzin has 30 seconds left.
|
|t:|1782652947
|move|p2b: Charizard|Protect|p2b: Charizard
|-singleturn|p2b: Charizard|Protect
|move|p1a: Blaziken|Flare Blitz|p2a: Garchomp
|-resisted|p2a: Garchomp|1
|-damage|p2a: Garchomp|8/100 psn
|-damage|p1a: Blaziken|87/100|[from] ability: Rough Skin|[of] p2a: Garchomp
|-damage|p1a: Blaziken|63/100|[from] Recoil
|move|p2a: Garchomp|Earthquake|p1b: Sinistcha|[spread] p1a,p1b
|-activate|p2b: Charizard|move: Protect
|-supereffective|p1a: Blaziken|1
|-resisted|p1b: Sinistcha|1
|-damage|p1a: Blaziken|0 fnt
|-damage|p1b: Sinistcha|84/100
|faint|p1a: Blaziken
|move|p1b: Sinistcha|Life Dew|p1b: Sinistcha
|-heal|p1b: Sinistcha|100/100
|
|-weather|SunnyDay|[upkeep]
|-damage|p2a: Garchomp|0 fnt|[from] psn
|faint|p2a: Garchomp
|upkeep
|
|t:|1782652957
|switch|p2a: Kingambit|Kingambit, L50, M, shiny|100/100
|switch|p1a: Basculegion|Basculegion, L50, M|100/100
|turn|5
|
|t:|1782652969
|move|p1b: Sinistcha|Rage Powder|p1b: Sinistcha
|-singleturn|p1b: Sinistcha|move: Rage Powder
|move|p2a: Kingambit|Sucker Punch||[still]
|-fail|p2a: Kingambit
|move|p2b: Charizard|Weather Ball|p1b: Sinistcha
|-supereffective|p1b: Sinistcha|1
|-damage|p1b: Sinistcha|0 fnt
|faint|p1b: Sinistcha
|move|p1a: Basculegion|Last Respects|p2b: Charizard
|-damage|p2b: Charizard|0 fnt
|faint|p2b: Charizard
|
|-weather|SunnyDay|[upkeep]
|-sideend|p2: homerj71|move: Tailwind
|upkeep
|turn|6
|
|t:|1782652975
|move|p2a: Kingambit|Sucker Punch|p1a: Basculegion
|-supereffective|p1a: Basculegion|1
|-damage|p1a: Basculegion|4/100
|move|p1a: Basculegion|Last Respects|p2a: Kingambit
|-resisted|p2a: Kingambit|1
|-damage|p2a: Kingambit|55/100
|
|-weather|SunnyDay|[upkeep]
|upkeep
|turn|7
|
|t:|1782652982
|move|p1a: Basculegion|Last Respects|p2a: Kingambit
|-resisted|p2a: Kingambit|1
|-damage|p2a: Kingambit|8/100
|move|p2a: Kingambit|Kowtow Cleave|p1a: Basculegion
|-supereffective|p1a: Basculegion|1
|-damage|p1a: Basculegion|0 fnt
|faint|p1a: Basculegion
|
|win|homerj71
