|j|☆lukashz
|j|☆ParroTiest
|html|lukashzParroTiest    
|uhtml|bestof|Game 2 of a best-of-3
|t:|1782961246
|gametype|doubles
|player|p1|lukashz|elesa|1288
|player|p2|ParroTiest|wallace|1252
|gen|9
|tier|[Gen 9 Champions] VGC 2026 Reg M-B (Bo3)
|rated|
|rule|Species Clause: Limit one of each Pokémon
|rule|Item Clause: Limit 1 of each item
|clearpoke
|poke|p1|Chandelure, L50, F|
|poke|p1|Kangaskhan, L50, F|
|poke|p1|Basculegion, L50, M|
|poke|p1|Sylveon, L50, M|
|poke|p1|Kingambit, L50, M|
|poke|p1|Sneasler, L50, F|
|poke|p2|Grimmsnarl, L50, M|
|poke|p2|Swampert, L50, F|
|poke|p2|Pelipper, L50, F|
|poke|p2|Archaludon, L50, M|
|poke|p2|Gholdengo, L50|
|poke|p2|Venusaur, L50, M|
|teampreview|4
|showteam|p1|Chandelure||FocusSash|FlashFire|HeatWave,ShadowBall,TrickRoom,Taunt|Quiet||F|||50|]Kangaskhan||Kangaskhanite|InnerFocus|FakeOut,Facade,DoubleEdge,SuckerPunch|Brave||F|||50|]Basculegion||MysticWater|Adaptability|WaveCrash,LastRespects,AquaJet,Protect|Brave||M|||50|]Sylveon||FairyFeather|Pixilate|HyperVoice,Protect,HyperBeam,QuickAttack|Quiet||M|||50|]Kingambit||BlackGlasses|Defiant|KowtowCleave,SuckerPunch,IronHead,LowKick|Brave||M|||50|]Sneasler||MentalHerb|Unburden|FakeOut,Coaching,CloseCombat,DireClaw|Jolly||F|||50|
|showteam|p2|Grimmsnarl||LightClay|Prankster|PartingShot,Reflect,LightScreen,SpiritBreak|Calm||M|||50|]Swampert||Swampertite|Torrent|WaveCrash,Earthquake,IcePunch,Protect|Jolly||F|||50|]Pelipper||LifeOrb|Drizzle|WeatherBall,Hurricane,Tailwind,Protect|Modest||F|||50|]Archaludon||Leftovers|Stamina|FlashCannon,ElectroShot,DragonPulse,Protect|Modest||M|||50|]Gholdengo||SitrusBerry|GoodasGold|MakeItRain,ShadowBall,NastyPlot,Protect|Modest|||||50|]Venusaur||Venusaurite|Chlorophyll|GigaDrain,SludgeBomb,EarthPower,Protect|Modest||M|||50|
|inactive|Battle timer is ON: inactive players will automatically lose when time's up. (requested by ParroTiest)
|
|t:|1782961268
|teamsize|p1|4
|teamsize|p2|4
|start
|switch|p1a: Kangaskhan|Kangaskhan, L50, F|100/100
|switch|p1b: Chandelure|Chandelure, L50, F|100/100
|switch|p2a: Pelipper|Pelipper, L50, F|100/100
|switch|p2b: Swampert|Swampert, L50, F|100/100
|-weather|RainDance|[from] ability: Drizzle|[of] p2a: Pelipper
|turn|1
|inactive|ParroTiest has 30 seconds left.
|
|t:|1782961297
|switch|p2b: Archaludon|Archaludon, L50, M|100/100
|detailschange|p1a: Kangaskhan|Kangaskhan-Mega, L50, F
|-mega|p1a: Kangaskhan|Kangaskhan|Kangaskhanite
|move|p1a: Kangaskhan|Fake Out|p2a: Pelipper
|-damage|p2a: Pelipper|77/100
|-damage|p2a: Pelipper|72/100
|-hitcount|p2a: Pelipper|2
|cant|p2a: Pelipper|flinch
|move|p1b: Chandelure|Trick Room|p1b: Chandelure
|-fieldstart|move: Trick Room|[of] p1b: Chandelure
|
|-weather|RainDance|[upkeep]
|upkeep
|turn|2
|
|t:|1782961317
|move|p2a: Pelipper|Protect|p2a: Pelipper
|-singleturn|p2a: Pelipper|Protect
|move|p1b: Chandelure|Shadow Ball|p2b: Archaludon
|-damage|p2b: Archaludon|38/100
|-ability|p2b: Archaludon|Stamina|boost
|-boost|p2b: Archaludon|def|1
|move|p2b: Archaludon|Electro Shot||[still]
|-prepare|p2b: Archaludon|Electro Shot
|-boost|p2b: Archaludon|spa|1
|-anim|p2b: Archaludon|Electro Shot|p1b: Chandelure
|-damage|p1b: Chandelure|13/100
|move|p1a: Kangaskhan|Double-Edge|p2a: Pelipper
|-activate|p2a: Pelipper|move: Protect
|
|-weather|RainDance|[upkeep]
|-heal|p2b: Archaludon|44/100|[from] item: Leftovers
|upkeep
|turn|3
|
|t:|1782961334
|switch|p2a: Gholdengo|Gholdengo, L50|100/100
|move|p2b: Archaludon|Protect|p2b: Archaludon
|-singleturn|p2b: Archaludon|Protect
|move|p1b: Chandelure|Shadow Ball|p2a: Gholdengo
|-supereffective|p2a: Gholdengo|1
|-damage|p2a: Gholdengo|0 fnt
|faint|p2a: Gholdengo
|move|p1a: Kangaskhan|Double-Edge|p2b: Archaludon
|-activate|p2b: Archaludon|move: Protect
|
|-weather|RainDance|[upkeep]
|-heal|p2b: Archaludon|50/100g|[from] item: Leftovers
|upkeep
|
|t:|1782961356
|switch|p2a: Swampert|Swampert, L50, F|100/100
|turn|4
|
|t:|1782961368
|detailschange|p2a: Swampert|Swampert-Mega, L50, F
|-mega|p2a: Swampert|Swampert|Swampertite
|move|p2b: Archaludon|Protect|p2b: Archaludon
|-singleturn|p2b: Archaludon|Protect
|move|p1b: Chandelure|Shadow Ball|p2b: Archaludon
|-activate|p2b: Archaludon|move: Protect
|move|p1a: Kangaskhan|Double-Edge|p2a: Swampert
|-damage|p2a: Swampert|43/100
|-damage|p2a: Swampert|30/100
|-hitcount|p2a: Swampert|2
|-damage|p1a: Kangaskhan|78/100|[from] Recoil
|move|p2a: Swampert|Earthquake|p1a: Kangaskhan|[spread] p1a,p1b
|-activate|p2b: Archaludon|move: Protect
|-supereffective|p1b: Chandelure|1
|-damage|p1a: Kangaskhan|47/100
|-damage|p1b: Chandelure|0 fnt
|faint|p1b: Chandelure
|
|-weather|RainDance|[upkeep]
|-heal|p2b: Archaludon|56/100|[from] item: Leftovers
|upkeep
|
|t:|1782961386
|switch|p1b: Sylveon|Sylveon, L50, M|100/100
|turn|5
|
|t:|1782961400
|move|p2a: Swampert|Protect|p2a: Swampert
|-singleturn|p2a: Swampert|Protect
|move|p1b: Sylveon|Hyper Beam|p2b: Archaludon
|-damage|p2b: Archaludon|0 fnt
|-mustrecharge|p1b: Sylveon
|faint|p2b: Archaludon
|move|p1a: Kangaskhan|Double-Edge|p2a: Swampert
|-activate|p2a: Swampert|move: Protect
|
|-weather|none
|-fieldend|move: Trick Room
|upkeep
|
|t:|1782961405
|switch|p2b: Pelipper|Pelipper, L50, F|72/100
|-weather|RainDance|[from] ability: Drizzle|[of] p2b: Pelipper
|turn|6
|
|t:|1782961423
|move|p2a: Swampert|Protect||[still]
|-fail|p2a: Swampert
|move|p1a: Kangaskhan|Sucker Punch||[still]
|-fail|p1a: Kangaskhan
|move|p2b: Pelipper|Weather Ball|p1a: Kangaskhan
|-damage|p1a: Kangaskhan|0 fnt
|faint|p1a: Kangaskhan
|-damage|p2b: Pelipper|62/100|[from] item: Life Orb
|cant|p1b: Sylveon|recharge
|
|-weather|RainDance|[upkeep]
|upkeep
|
|t:|1782961429
|switch|p1a: Basculegion|Basculegion, L50, M|100/100
|turn|7
|
|t:|1782961442
|move|p2a: Swampert|Earthquake|p1b: Sylveon|[spread] p1a,p1b
|-immune|p2b: Pelipper
|-damage|p1a: Basculegion|53/100
|-damage|p1b: Sylveon|53/100
|move|p1a: Basculegion|Last Respects|p2b: Pelipper
|-damage|p2b: Pelipper|0 fnt
|faint|p2b: Pelipper
|move|p1b: Sylveon|Hyper Voice|p2a: Swampert
|-damage|p2a: Swampert|0 fnt
|faint|p2a: Swampert
|
|win|lukashz
||ParroTiest is ready for game 3.
|inactive|lukashz has 30 seconds to confirm battle start!
||lukashz is ready for game 3.
|uhtml|next|Next: Game 3 of 3
|l|☆ParroTiest
|player|p2|
