|j|☆chiyufluttermain
|j|☆Liney stiney
|html|chiyufluttermainLiney stiney    
|uhtml|bestof|Game 1 of a best-of-3
|t:|1784798901
|gametype|doubles
|player|p1|chiyufluttermain|265|1000
|player|p2|Liney stiney|101|1000
|gen|9
|tier|[Gen 9 Champions] VGC 2026 Reg M-B (Bo3)
|rated|
|rule|Species Clause: Limit one of each Pokémon
|rule|Item Clause: Limit 1 of each item
|clearpoke
|poke|p1|Dragapult, L50, F|
|poke|p1|Sneasler, L50, M|
|poke|p1|Sinistcha, L50|
|poke|p1|Incineroar, L50, F|
|poke|p1|Ninetales-Alola, L50, M|
|poke|p1|Drampa, L50, M|
|poke|p2|Altaria, L50, F, shiny|
|poke|p2|Aromatisse, L50, F, shiny|
|poke|p2|Heliolisk, L50, M|
|poke|p2|Chesnaught, L50, F|
|poke|p2|Arcanine-Hisui, L50, M, shiny|
|poke|p2|Slowking-Galar, L50, F|
|teampreview|4
|showteam|p1|Dragapult||LifeOrb|ClearBody|DragonDarts,PhantomForce,SuckerPunch,Protect|Adamant||F|||50|]Sneasler||FocusSash|Unburden|FakeOut,CloseCombat,DireClaw,Protect|Jolly||M|||50|]Sinistcha||SitrusBerry|Hospitality|MatchaGotcha,RagePowder,TrickRoom,StrengthSap|Calm|||||50|]Incineroar||Charcoal|Intimidate|FakeOut,FlareBlitz,DarkestLariat,PartingShot|Adamant||F|||50|]Ninetales-Alola||NeverMeltIce|SnowWarning|Protect,Blizzard,Encore,Disable|Timid||M|||50|]Drampa||Drampanite|Berserk|HyperVoice,EarthPower,CalmMind,Protect|Modest||M|||50|
|showteam|p2|Altaria||RoseliBerry|CloudNine|Protect,CottonGuard,WillOWisp,DracoMeteor|Calm||F|||50|]Aromatisse||BabiriBerry|AromaVeil|TrickRoom,Protect,Hypnosis,SweetScent|Relaxed||F|||50|]Heliolisk||FocusSash|DrySkin|Protect,Thunder,Electrify,RainDance|Mild||M|||50|]Chesnaught||Chesnaughtite|Bulletproof|SpikyShield,BellyDrum,WoodHammer,DrainPunch|Relaxed||F|||50|]Arcanine-Hisui||LifeOrb|RockHead|HeadSmash,FlareBlitz,Protect,StoneEdge|Lonely||M|||50|]Slowking-Galar||TwistedSpoon|Regenerator|PsychicTerrain,TrickRoom,ExpandingForce,CalmMind|Quiet||F|||50|
|
|t:|1784798932
|teamsize|p1|4
|teamsize|p2|4
|start
|switch|p1a: Sneasler|Sneasler, L50, M|100/100
|switch|p1b: Dragapult|Dragapult, L50, F|100/100
|switch|p2a: Aromatisse|Aromatisse, L50, F, shiny|100/100
|switch|p2b: Chesnaught|Chesnaught, L50, F|100/100
|turn|1
|
|t:|1784798970
|move|p2b: Chesnaught|Spiky Shield|p2b: Chesnaught
|-singleturn|p2b: Chesnaught|move: Protect
|move|p1b: Dragapult|Dragon Darts|p2b: Chesnaught
|-immune|p2a: Aromatisse
|move|p1a: Sneasler|Dire Claw|p2b: Chesnaught
|-activate|p2b: Chesnaught|move: Protect
|-damage|p1a: Sneasler|87/100|[from] Spiky Shield|[of] p2b: Chesnaught
|move|p2a: Aromatisse|Trick Room|p2a: Aromatisse
|-fieldstart|move: Trick Room|[of] p2a: Aromatisse
|
|upkeep
|turn|2
|
|t:|1784798985
|move|p2a: Aromatisse|Hypnosis|p1a: Sneasler
|-status|p1a: Sneasler|slp|[from] move: Hypnosis
|move|p2b: Chesnaught|Belly Drum|p2b: Chesnaught
|-damage|p2b: Chesnaught|50/100g
|-setboost|p2b: Chesnaught|atk|6|[from] move: Belly Drum
|cant|p1a: Sneasler|slp
|move|p1b: Dragapult|Dragon Darts|p2b: Chesnaught
|-damage|p2b: Chesnaught|23/100
|-anim|p1b: Dragapult|Dragon Darts|p2b: Chesnaught
|-damage|p2b: Chesnaught|0 fnt
|faint|p2b: Chesnaught
|-damage|p1b: Dragapult|90/100|[from] item: Life Orb
|
|upkeep
|
|t:|1784799005
|switch|p2b: Slowking|Slowking-Galar, L50, F|100/100
|turn|3
|
|t:|1784799015
|switch|p1a: Drampa|Drampa, L50, M|100/100
|move|p2a: Aromatisse|Sweet Scent|p1b: Dragapult|[spread] p1a,p1b
|-unboost|p1a: Drampa|evasion|2
|-fail|p1b: Dragapult|unboost|[from] ability: Clear Body|[of] p1b: Dragapult
|move|p2b: Slowking|Psychic Terrain|p2b: Slowking
|-fieldstart|move: Psychic Terrain
|move|p1b: Dragapult|Phantom Force||[still]
|-prepare|p1b: Dragapult|Phantom Force
|
|upkeep
|turn|4
|
|t:|1784799041
|detailschange|p1a: Drampa|Drampa-Mega, L50, M
|-mega|p1a: Drampa|Drampa|Drampanite
|move|p1a: Drampa|Protect|p1a: Drampa
|-singleturn|p1a: Drampa|Protect
|move|p2a: Aromatisse|Hypnosis|p1a: Drampa
|-activate|p1a: Drampa|move: Protect
|move|p2b: Slowking|Expanding Force|p1a: Drampa|[spread] 
|-miss|p2b: Slowking|p1b: Dragapult
|-activate|p1a: Drampa|move: Protect
|move|p1b: Dragapult|Phantom Force|p2b: Slowking|[from] lockedmove
|-supereffective|p2b: Slowking|1
|-damage|p2b: Slowking|0 fnt
|faint|p2b: Slowking
|-damage|p1b: Dragapult|80/100|[from] item: Life Orb
|
|upkeep
|
|t:|1784799058
|switch|p2b: Altaria|Altaria, L50, F, shiny|100/100
|-ability|p2b: Altaria|Cloud Nine
|turn|5
|
|t:|1784799069
|move|p1b: Dragapult|Protect|p1b: Dragapult
|-singleturn|p1b: Dragapult|Protect
|move|p2a: Aromatisse|Hypnosis|p1b: Dragapult
|-activate|p1b: Dragapult|move: Protect
|move|p1a: Drampa|Hyper Voice|p2b: Altaria|[spread] p2a,p2b
|-damage|p2a: Aromatisse|61/100
|-damage|p2b: Altaria|61/100
|move|p2b: Altaria|Will-O-Wisp|p1b: Dragapult
|-activate|p1b: Dragapult|move: Protect
|
|-fieldend|move: Trick Room
|upkeep
|turn|6
|-message|Liney stiney forfeited.
|raw|chiyufluttermain's rating: 1000 → 1040(+40 for winning)
|raw|Liney stiney's rating: 1000 → 1000(+0 for losing)
|
|win|chiyufluttermain
