|j|☆endk649
|j|☆executive pole
|html|endk649executive pole    
|uhtml|bestof|Game 3 of a best-of-3
|t:|1756220790
|gametype|doubles
|player|p1|endk649|gambler|1144
|player|p2|executive pole|brendan-masters|1151
|gen|9
|tier|[Gen 9] VGC 2025 Reg H (Bo3)
|rated|
|rule|Species Clause: Limit one of each Pokémon
|rule|Item Clause: Limit 1 of each item
|clearpoke
|poke|p1|Feraligatr, L50, M|
|poke|p1|Gholdengo, L50|
|poke|p1|Pelipper, L50, M|
|poke|p1|Amoonguss, L50, F|
|poke|p1|Rillaboom, L50, F|
|poke|p1|Incineroar, L50, F|
|poke|p2|Dragonite, L50, F|
|poke|p2|Ursaluna-Bloodmoon, L50, M|
|poke|p2|Archaludon, L50, M|
|poke|p2|Whimsicott, L50, M|
|poke|p2|Gholdengo, L50|
|poke|p2|Incineroar, L50, F|
|teampreview|4
|showteam|p1|Feraligatr||LifeOrb|SheerForce|Liquidation,Crunch,DragonDance,Protect|||M|||50|,,,,,Dark]Gholdengo||Leftovers|GoodasGold|MakeItRain,ShadowBall,NastyPlot,Protect||||||50|,,,,,Water]Pelipper||FocusSash|Drizzle|WeatherBall,Hurricane,Tailwind,Protect|||M|||50|,,,,,Stellar]Amoonguss||CovertCloak|Regenerator|PollenPuff,Spore,RagePowder,Protect|||F|||50|,,,,,Water]Rillaboom||AssaultVest|GrassySurge|WoodHammer,GrassyGlide,FakeOut,Uturn|||F|||50|,,,,,Fire]Incineroar||SafetyGoggles|Intimidate|KnockOff,FakeOut,Taunt,PartingShot|||F|||50|,,,,,Ghost
|showteam|p2|Dragonite||LoadedDice|Multiscale|ScaleShot,ExtremeSpeed,IceSpinner,Protect|||F|||50|,,,,,Fairy]Ursaluna-Bloodmoon||AssaultVest|MindsEye|BloodMoon,HyperVoice,EarthPower,VacuumWave|||M|||50|,,,,,Water]Archaludon||PowerHerb|Sturdy|ElectroShot,FlashCannon,DracoMeteor,Protect|||M|||50|,,,,,Stellar]Whimsicott||CovertCloak|Prankster|FakeTears,Tailwind,Encore,Moonblast|||M|||50|,,,,,Poison]Gholdengo||ChoiceSpecs|GoodasGold|MakeItRain,ShadowBall,PowerGem,SteelBeam||||||50|,,,,,Steel]Incineroar||MirrorHerb|Intimidate|FakeOut,PartingShot,KnockOff,FlareBlitz|||F|||50|,,,,,Ghost
|inactive|Battle timer is ON: inactive players will automatically lose when time's up. (requested by endk649)
|inactive|executive pole has 60 seconds left.
|
|t:|1756220856
|teamsize|p1|4
|teamsize|p2|4
|start
|switch|p1a: Incineroar|Incineroar, L50, F, shiny|100/100
|switch|p1b: Gholdengo|Gholdengo, L50|100/100
|switch|p2a: Gholdengo|Gholdengo, L50|100/100
|switch|p2b: Archaludon|Archaludon, L50, M|100/100
|-ability|p1a: Incineroar|Intimidate|boost
|-unboost|p2a: Gholdengo|atk|1
|-unboost|p2b: Archaludon|atk|1
|turn|1
|
|t:|1756220877
|move|p2b: Archaludon|Protect|p2b: Archaludon
|-singleturn|p2b: Archaludon|Protect
|move|p1b: Gholdengo|Protect|p1b: Gholdengo
|-singleturn|p1b: Gholdengo|Protect
|move|p2a: Gholdengo|Power Gem|p1a: Incineroar
|-supereffective|p1a: Incineroar
|-damage|p1a: Incineroar|29/100
|move|p1a: Incineroar|Parting Shot|p2b: Archaludon
|-activate|p2b: Archaludon|move: Protect
|
|upkeep
|turn|2
|
|t:|1756220897
|switch|p2a: Incineroar|Incineroar, L50, F|100/100
|-ability|p2a: Incineroar|Intimidate|boost
|-unboost|p1a: Incineroar|atk|1
|-unboost|p1b: Gholdengo|atk|1
|switch|p1a: Amoonguss|Amoonguss, L50, F, shiny|100/100
|move|p2b: Archaludon|Electro Shot||[still]
|-prepare|p2b: Archaludon|Electro Shot
|-boost|p2b: Archaludon|spa|1
|-enditem|p2b: Archaludon|Power Herb
|-anim|p2b: Archaludon|Electro Shot|p1a: Amoonguss
|-resisted|p1a: Amoonguss
|-damage|p1a: Amoonguss|69/100
|move|p1b: Gholdengo|Shadow Ball|p2a: Incineroar
|-resisted|p2a: Incineroar
|-damage|p2a: Incineroar|80/100
|
|upkeep
|turn|3
|inactive|endk649 has 30 seconds left.
|inactive|executive pole has 30 seconds left.
|
|t:|1756220929
|switch|p1a: Incineroar|Incineroar, L50, F, shiny|29/100
|-ability|p1a: Incineroar|Intimidate|boost
|-unboost|p2a: Incineroar|atk|1
|-unboost|p2b: Archaludon|atk|1
|move|p2b: Archaludon|Draco Meteor|p1a: Incineroar
|-damage|p1a: Incineroar|0 fnt
|-unboost|p2b: Archaludon|spa|2
|faint|p1a: Incineroar
|move|p1b: Gholdengo|Nasty Plot|p1b: Gholdengo
|-boost|p1b: Gholdengo|spa|2
|-enditem|p2a: Incineroar|Mirror Herb
|-boost|p2a: Incineroar|spa|2|[from] item: Mirror Herb
|move|p2a: Incineroar|Flare Blitz|p1b: Gholdengo
|-supereffective|p1b: Gholdengo
|-damage|p1b: Gholdengo|32/100
|-damage|p2a: Incineroar|60/100|[from] Recoil
|
|-heal|p1b: Gholdengo|39/100|[from] item: Leftovers
|upkeep
|
|t:|1756220947
|switch|p1a: Rillaboom|Rillaboom, L50, F, shiny|100/100
|-fieldstart|move: Grassy Terrain|[from] ability: Grassy Surge|[of] p1a: Rillaboom
|turn|4
|inactive|executive pole has 30 seconds left.
|inactive|executive pole has 20 seconds left.
|inactive|executive pole has 15 seconds left.
|inactive|executive pole has 10 seconds left.
|
|t:|1756220996
|move|p2b: Archaludon|Protect|p2b: Archaludon
|-singleturn|p2b: Archaludon|Protect
|move|p1b: Gholdengo|Make It Rain|p2a: Incineroar|[spread] p2a
|-activate|p2b: Archaludon|move: Protect
|-resisted|p2a: Incineroar
|-damage|p2a: Incineroar|13/100
|-unboost|p1b: Gholdengo|spa|1
|move|p1a: Rillaboom|Wood Hammer|p2a: Incineroar
|-resisted|p2a: Incineroar
|-damage|p2a: Incineroar|0 fnt
|faint|p2a: Incineroar
|-damage|p1a: Rillaboom|97/100|[from] Recoil
|
|-heal|p1b: Gholdengo|45/100|[from] Grassy Terrain
|-heal|p1b: Gholdengo|51/100|[from] item: Leftovers
|-heal|p1a: Rillaboom|100/100|[from] Grassy Terrain
|upkeep
|
|t:|1756221014
|switch|p2a: Ursaluna|Ursaluna-Bloodmoon, L50, M|100/100
|turn|5
|inactive|executive pole has 30 seconds left.
|inactive|executive pole has 20 seconds left.
|inactive|executive pole has 15 seconds left.
|
|t:|1756221056
|move|p2b: Archaludon|Draco Meteor|p1a: Rillaboom
|-damage|p1a: Rillaboom|68/100
|-unboost|p2b: Archaludon|spa|2
|move|p1b: Gholdengo|Make It Rain|p2a: Ursaluna|[spread] p2a,p2b
|-resisted|p2b: Archaludon
|-damage|p2a: Ursaluna|49/100
|-damage|p2b: Archaludon|41/100
|-unboost|p1b: Gholdengo|spa|1
|move|p1a: Rillaboom|Wood Hammer|p2a: Ursaluna
|-supereffective|p2a: Ursaluna
|-damage|p2a: Ursaluna|0 fnt
|faint|p2a: Ursaluna
|-damage|p1a: Rillaboom|52/100|[from] Recoil
|
|-heal|p2b: Archaludon|47/100|[from] Grassy Terrain
|-heal|p1b: Gholdengo|57/100|[from] Grassy Terrain
|-heal|p1b: Gholdengo|64/100|[from] item: Leftovers
|-heal|p1a: Rillaboom|58/100|[from] Grassy Terrain
|upkeep
|
|t:|1756221072
|switch|p2a: Gholdengo|Gholdengo, L50|100/100
|turn|6
|inactive|executive pole has 30 seconds left.
|
|t:|1756221103
|-terastallize|p2a: Gholdengo|Steel
|move|p1b: Gholdengo|Protect|p1b: Gholdengo
|-singleturn|p1b: Gholdengo|Protect
|move|p2b: Archaludon|Draco Meteor|p1a: Rillaboom
|-damage|p1a: Rillaboom|39/100
|-unboost|p2b: Archaludon|spa|2
|move|p2a: Gholdengo|Shadow Ball|p1b: Gholdengo
|-activate|p1b: Gholdengo|move: Protect
|move|p1a: Rillaboom|U-turn|p2a: Gholdengo
|-resisted|p2a: Gholdengo
|-damage|p2a: Gholdengo|88/100
|
|t:|1756221113
|switch|p1a: Amoonguss|Amoonguss, L50, F, shiny|100/100|[from] U-turn
|
|-heal|p2b: Archaludon|53/100|[from] Grassy Terrain
|-heal|p2a: Gholdengo|94/100|[from] Grassy Terrain
|-heal|p1b: Gholdengo|70/100|[from] Grassy Terrain
|-heal|p1b: Gholdengo|76/100|[from] item: Leftovers
|upkeep
|turn|7
|
|t:|1756221123
|move|p1a: Amoonguss|Rage Powder|p1a: Amoonguss
|-singleturn|p1a: Amoonguss|move: Rage Powder
|move|p2b: Archaludon|Draco Meteor|p1a: Amoonguss
|-damage|p1a: Amoonguss|82/100
|-unboost|p2b: Archaludon|spa|1
|move|p2a: Gholdengo|Shadow Ball|p1a: Amoonguss
|-damage|p1a: Amoonguss|21/100
|move|p1b: Gholdengo|Nasty Plot|p1b: Gholdengo
|-boost|p1b: Gholdengo|spa|2
|
|-heal|p2b: Archaludon|59/100|[from] Grassy Terrain
|-heal|p2a: Gholdengo|99/100|[from] Grassy Terrain
|-heal|p1b: Gholdengo|82/100|[from] Grassy Terrain
|-heal|p1b: Gholdengo|89/100|[from] item: Leftovers
|-heal|p1a: Amoonguss|27/100|[from] Grassy Terrain
|upkeep
|turn|8
|
|t:|1756221140
|move|p1a: Amoonguss|Rage Powder|p1a: Amoonguss
|-singleturn|p1a: Amoonguss|move: Rage Powder
|move|p2b: Archaludon|Draco Meteor|p1a: Amoonguss
|-damage|p1a: Amoonguss|11/100
|move|p2a: Gholdengo|Shadow Ball|p1a: Amoonguss
|-damage|p1a: Amoonguss|0 fnt
|faint|p1a: Amoonguss
|move|p1b: Gholdengo|Shadow Ball|p2a: Gholdengo
|-damage|p2a: Gholdengo|0 fnt
|faint|p2a: Gholdengo
|
|-heal|p2b: Archaludon|65/100|[from] Grassy Terrain
|-heal|p1b: Gholdengo|95/100|[from] Grassy Terrain
|-heal|p1b: Gholdengo|100/100|[from] item: Leftovers
|-fieldend|move: Grassy Terrain
|upkeep
|-message|executive pole forfeited.
|
|win|endk649
|raw|endk649's rating: 1144 → 1170(+26 for winning)
|raw|executive pole's rating: 1151 → 1125(-26 for losing)
|l|☆executive pole
|player|p2|
