|j|☆XZ_LuxShadow
|j|☆wild2331
|html|XZ_LuxShadowwild2331    
|uhtml|bestof|Game 2 of a best-of-3
|t:|1784880485
|gametype|doubles
|player|p1|XZ_LuxShadow|lucas|1000
|player|p2|wild2331|byron|1035
|gen|9
|tier|[Gen 9 Champions] VGC 2026 Reg M-B (Bo3)
|rated|
|rule|Species Clause: Limit one of each Pokémon
|rule|Item Clause: Limit 1 of each item
|clearpoke
|poke|p1|Staraptor, L50, M|
|poke|p1|Grimmsnarl, L50, M|
|poke|p1|Raichu, L50, F|
|poke|p1|Whimsicott, L50, M|
|poke|p1|Incineroar, L50, M|
|poke|p1|Basculegion, L50, M|
|poke|p2|Charizard, L50, F|
|poke|p2|Eelektross, L50, M|
|poke|p2|Samurott-Hisui, L50, M|
|poke|p2|Mimikyu, L50, M|
|poke|p2|Garchomp, L50, F|
|poke|p2|Scizor, L50, F|
|teampreview|4
|showteam|p1|Staraptor||Staraptite|Intimidate|CloseCombat,BraveBird,Roost,BlazeKick|Adamant||M|||50|]Grimmsnarl||LightClay|Prankster|ScaryFace,PartingShot,SpiritBreak,LightScreen|Careful||M|||50|]Raichu||LifeOrb|LightningRod|Tickle,Thunderbolt,Surf,DazzlingGleam|Timid||F|||50|]Whimsicott||FocusSash|Prankster|FakeTears,Tailwind,GigaDrain,Taunt|Bold||M|||50|]Incineroar||SitrusBerry|Intimidate|FakeOut,PartingShot,FlareBlitz,DarkestLariat|Adamant||M|||50|]Basculegion||ChoiceScarf|Adaptability|WaveCrash,DoubleEdge,FlipTurn,IceFang|Jolly||M|||50|
|showteam|p2|Charizard||CharizarditeY|SolarPower|HeatWave,AncientPower,FireBlast,SolarBeam|Timid||F|||50|]Eelektross||LifeOrb|Levitate|Thunderbolt,Flamethrower,GigaDrain,Protect|Quiet||M|||50|]Samurott-Hisui||ScopeLens|Sharpness|NightSlash,CeaselessEdge,AquaCutter,Protect|Jolly||M|||50|]Mimikyu||MentalHerb|Disguise|PlayRough,TrickRoom,ShadowSneak,Protect|Jolly||M|||50|]Garchomp||ChoiceScarf|RoughSkin|Earthquake,DragonClaw,RockSlide,StompingTantrum|Jolly||F|||50|]Scizor||Scizorite|Technician|BulletPunch,BugBite,SwordsDance,Protect|Adamant||F|||50|
|inactive|Battle timer is ON: inactive players will automatically lose when time's up. (requested by wild2331)
|
|t:|1784880521
|teamsize|p1|4
|teamsize|p2|4
|start
|switch|p1a: Basculegion|Basculegion, L50, M|100/100
|switch|p1b: Incineroar|Incineroar, L50, M|100/100
|switch|p2a: Garchomp|Garchomp, L50, F|100/100
|switch|p2b: Scizor|Scizor, L50, F|100/100
|-ability|p1b: Incineroar|Intimidate|boost
|-unboost|p2a: Garchomp|atk|1
|-unboost|p2b: Scizor|atk|1
|turn|1
|c|☆wild2331|yo
|
|t:|1784880545
|detailschange|p2b: Scizor|Scizor-Mega, L50, F
|-mega|p2b: Scizor|Scizor|Scizorite
|move|p1b: Incineroar|Fake Out|p2b: Scizor
|-resisted|p2b: Scizor|1
|-damage|p2b: Scizor|95/100
|move|p2a: Garchomp|Rock Slide|p1a: Basculegion|[spread] p1a,p1b
|-supereffective|p1b: Incineroar|1
|-damage|p1a: Basculegion|83/100
|-damage|p1b: Incineroar|74/100
|move|p1a: Basculegion|Flip Turn|p2a: Garchomp
|-damage|p2a: Garchomp|58/100
|-damage|p1a: Basculegion|71/100|[from] ability: Rough Skin|[of] p2a: Garchomp
|
|t:|1784880561
|switch|p1a: Staraptor|Staraptor, L50, M|100/100|[from] Flip Turn
|-ability|p1a: Staraptor|Intimidate|boost
|-unboost|p2a: Garchomp|atk|1
|-unboost|p2b: Scizor|atk|1
|cant|p2b: Scizor|flinch
|
|upkeep
|turn|2
|
|t:|1784880573
|switch|p2a: Charizard|Charizard, L50, F|100/100
|detailschange|p1a: Staraptor|Staraptor-Mega, L50, M
|-mega|p1a: Staraptor|Staraptor|Staraptite
|move|p1a: Staraptor|Close Combat|p2a: Charizard
|-resisted|p2a: Charizard|1
|-damage|p2a: Charizard|52/100
|-boost|p1a: Staraptor|def|1
|-boost|p1a: Staraptor|spd|1
|move|p2b: Scizor|Bug Bite|p1b: Incineroar
|-damage|p1b: Incineroar|46/100
|-enditem|p1b: Incineroar|Sitrus Berry|[from] stealeat|[move] Bug Bite|[of] p2b: Scizor
|-heal|p2b: Scizor|100/100|[from] item: Sitrus Berry
|move|p1b: Incineroar|Parting Shot|p1a: Staraptor
|-boost|p1a: Staraptor|atk|1
|-boost|p1a: Staraptor|spa|1
|
|t:|1784880593
|switch|p1b: Basculegion|Basculegion, L50, M|71/100|[from] Parting Shot
|
|upkeep
|turn|3
|
|t:|1784880606
|switch|p2a: Mimikyu|Mimikyu, L50, M|100/100
|move|p2b: Scizor|Bullet Punch|p1b: Basculegion
|-resisted|p1b: Basculegion|1
|-damage|p1b: Basculegion|58/100
|move|p1b: Basculegion|Wave Crash|p2a: Mimikyu
|-activate|p2a: Mimikyu|ability: Disguise
|-damage|p2a: Mimikyu|100/100
|detailschange|p2a: Mimikyu|Mimikyu-Busted, L50, M
|-damage|p2a: Mimikyu|87/100|[from] pokemon: Mimikyu-Busted
|move|p1a: Staraptor|Blaze Kick|p2b: Scizor
|-supereffective|p2b: Scizor|2
|-damage|p2b: Scizor|0 fnt
|faint|p2b: Scizor
|
|upkeep
|
|t:|1784880622
|switch|p2b: Garchomp|Garchomp, L50, F|58/100
|turn|4
|
|t:|1784880631
|switch|p1b: Incineroar|Incineroar, L50, M|46/100
|-ability|p1b: Incineroar|Intimidate|boost
|-unboost|p2a: Mimikyu|atk|1
|-unboost|p2b: Garchomp|atk|1
|move|p2b: Garchomp|Rock Slide|p1a: Staraptor|[spread] p1a,p1b
|-crit|p1a: Staraptor
|-supereffective|p1b: Incineroar|1
|-damage|p1a: Staraptor|67/100
|-damage|p1b: Incineroar|19/100
|move|p2a: Mimikyu|Play Rough|p1a: Staraptor
|-supereffective|p1a: Staraptor|1
|-damage|p1a: Staraptor|29/100
|cant|p1a: Staraptor|flinch
|
|upkeep
|turn|5
|inactive|XZ_LuxShadow has 30 seconds left.
|
|t:|1784880658
|move|p1b: Incineroar|Fake Out|p2b: Garchomp
|-damage|p2b: Garchomp|44/100
|-damage|p1b: Incineroar|6/100|[from] ability: Rough Skin|[of] p2b: Garchomp
|cant|p2b: Garchomp|flinch
|move|p2a: Mimikyu|Play Rough|p1a: Staraptor
|-supereffective|p1a: Staraptor|1
|-damage|p1a: Staraptor|0 fnt
|faint|p1a: Staraptor
|
|upkeep
|
|t:|1784880670
|switch|p1a: Basculegion|Basculegion, L50, M|58/100
|turn|6
|
|t:|1784880682
|move|p2b: Garchomp|Rock Slide|p1b: Incineroar|[spread] p1b
|-miss|p2b: Garchomp|p1a: Basculegion
|-supereffective|p1b: Incineroar|1
|-damage|p1b: Incineroar|0 fnt
|faint|p1b: Incineroar
|move|p1a: Basculegion|Ice Fang|p2b: Garchomp
|-supereffective|p2b: Garchomp|2
|-damage|p2b: Garchomp|0 fnt
|-damage|p1a: Basculegion|46/100|[from] ability: Rough Skin|[of] p2b: Garchomp
|faint|p2b: Garchomp
|move|p2a: Mimikyu|Play Rough|p1a: Basculegion
|-damage|p1a: Basculegion|15/100
|
|upkeep
|
|t:|1784880695
|switch|p2b: Charizard|Charizard, L50, F|52/100
|switch|p1b: Raichu|Raichu, L50, F|100/100
|turn|7
|
|t:|1784880706
|move|p2a: Mimikyu|Shadow Sneak|p1a: Basculegion
|-supereffective|p1a: Basculegion|1
|-damage|p1a: Basculegion|0 fnt
|faint|p1a: Basculegion
|move|p1b: Raichu|Surf|p2b: Charizard|[spread] p2a,p2b
|-supereffective|p2b: Charizard|1
|-damage|p2a: Mimikyu|55/100
|-damage|p2b: Charizard|0 fnt
|faint|p2b: Charizard
|-damage|p1b: Raichu|90/100|[from] item: Life Orb
|
|upkeep
|turn|8
|
|t:|1784880724
|move|p2a: Mimikyu|Shadow Sneak|p1b: Raichu
|-damage|p1b: Raichu|66/100
|move|p1b: Raichu|Thunderbolt|p2a: Mimikyu
|-damage|p2a: Mimikyu|0 fnt
|faint|p2a: Mimikyu
|-damage|p1b: Raichu|56/100|[from] item: Life Orb
|
|win|XZ_LuxShadow
||XZ_LuxShadow is ready for game 3.
||wild2331 is ready for game 3.
|uhtml|next|Next: Game 3 of 3
