|j|☆cagosullapizza
|j|☆endK649
|html|cagosullapizzaendK649    
|uhtml|bestof|Game 2 of a best-of-3
|t:|1756386631
|gametype|doubles
|player|p1|cagosullapizza|101|1159
|player|p2|endK649|265|1152
|gen|9
|tier|[Gen 9] VGC 2025 Reg H (Bo3)
|rated|
|rule|Species Clause: Limit one of each Pokémon
|rule|Item Clause: Limit 1 of each item
|clearpoke
|poke|p1|Espeon, L50, M|
|poke|p1|Indeedee-F, L50, F|
|poke|p1|Conkeldurr, L50, F|
|poke|p1|Porygon2, L50|
|poke|p1|Magnezone, L50|
|poke|p1|Ursaluna-Bloodmoon, L50, M|
|poke|p2|Feraligatr, L50, F|
|poke|p2|Gholdengo, L50|
|poke|p2|Politoed, L50, F|
|poke|p2|Amoonguss, L50, M|
|poke|p2|Rillaboom, L50, M|
|poke|p2|Incineroar, L50, F|
|teampreview|4
|showteam|p1|Espeon||FocusSash|MagicBounce|PowerGem,ExpandingForce,GrassKnot,Protect|||M|||50|,,,,,Psychic]Indeedee-F||RockyHelmet|PsychicSurge|Psychic,TrickRoom,FollowMe,HelpingHand|||F|||50|,,,,,Psychic]Conkeldurr||FlameOrb|Guts|DrainPunch,IcePunch,MachPunch,Protect|||F|||50|,,,,,Psychic]Porygon2||Eviolite|Download|TrickRoom,TeraBlast,IceBeam,Recover||||||50|,,,,,Ground]Magnezone||ChoiceScarf|Sturdy|VoltSwitch,Thunderbolt,FlashCannon,Discharge||||||50|,,,,,Electric]Ursaluna-Bloodmoon||LifeOrb|MindsEye|BloodMoon,EarthPower,HyperVoice,Protect|||M|||50|,,,,,Normal
|showteam|p2|Feraligatr||LifeOrb|SheerForce|Liquidation,Crunch,DragonDance,Protect|||F|||50|,,,,,Dark]Gholdengo||Leftovers|GoodasGold|MakeItRain,ShadowBall,NastyPlot,Protect||||||50|,,,,,Dragon]Politoed||SitrusBerry|Drizzle|WeatherBall,IcyWind,Mist,Protect|||F|||50|,,,,,Grass]Amoonguss||CovertCloak|Regenerator|PollenPuff,Spore,RagePowder,Protect|||M|||50|,,,,,Water]Rillaboom||AssaultVest|GrassySurge|WoodHammer,GrassyGlide,FakeOut,Uturn|||M|||50|,,,,,Fire]Incineroar||SafetyGoggles|Intimidate|KnockOff,FakeOut,Taunt,PartingShot|||F|||50|,,,,,Ghost
|inactive|Battle timer is ON: inactive players will automatically lose when time's up. (requested by endK649)
|
|t:|1756386649
|teamsize|p1|4
|teamsize|p2|4
|start
|switch|p1a: Ursaluna|Ursaluna-Bloodmoon, L50, M|100/100
|switch|p1b: Indeedee|Indeedee-F, L50, F|100/100
|switch|p2a: Incineroar|Incineroar, L50, F, shiny|100/100
|switch|p2b: Gholdengo|Gholdengo, L50|100/100
|-fieldstart|move: Psychic Terrain|[from] ability: Psychic Surge|[of] p1b: Indeedee
|-ability|p2a: Incineroar|Intimidate|boost
|-unboost|p1a: Ursaluna|atk|1
|-unboost|p1b: Indeedee|atk|1
|turn|1
|
|t:|1756386664
|switch|p2b: Rillaboom|Rillaboom, L50, M, shiny|100/100
|-fieldstart|move: Grassy Terrain|[from] ability: Grassy Surge|[of] p2b: Rillaboom
|move|p1b: Indeedee|Follow Me|p1b: Indeedee
|-singleturn|p1b: Indeedee|move: Follow Me
|move|p1a: Ursaluna|Earth Power|p2b: Rillaboom
|-resisted|p2b: Rillaboom
|-damage|p2b: Rillaboom|78/100
|-unboost|p2b: Rillaboom|spd|1
|-damage|p1a: Ursaluna|91/100|[from] item: Life Orb
|move|p2a: Incineroar|Taunt|p1b: Indeedee
|-start|p1b: Indeedee|move: Taunt
|
|-heal|p2b: Rillaboom|84/100|[from] Grassy Terrain
|-heal|p1a: Ursaluna|97/100|[from] Grassy Terrain
|upkeep
|turn|2
|
|t:|1756386677
|move|p1a: Ursaluna|Protect|p1a: Ursaluna
|-singleturn|p1a: Ursaluna|Protect
|move|p2b: Rillaboom|Wood Hammer|p1a: Ursaluna
|-activate|p1a: Ursaluna|move: Protect
|move|p1b: Indeedee|Psychic|p2b: Rillaboom
|-damage|p2b: Rillaboom|53/100
|move|p2a: Incineroar|Knock Off|p1b: Indeedee
|-supereffective|p1b: Indeedee
|-damage|p1b: Indeedee|26/100
|-damage|p2a: Incineroar|84/100|[from] item: Rocky Helmet|[of] p1b: Indeedee
|-enditem|p1b: Indeedee|Rocky Helmet|[from] move: Knock Off|[of] p2a: Incineroar
|
|-heal|p2b: Rillaboom|58/100|[from] Grassy Terrain
|-heal|p1a: Ursaluna|100/100|[from] Grassy Terrain
|-heal|p1b: Indeedee|32/100|[from] Grassy Terrain
|-heal|p2a: Incineroar|90/100|[from] Grassy Terrain
|upkeep
|turn|3
|
|t:|1756386687
|switch|p1b: Magnezone|Magnezone, L50|100/100
|-terastallize|p1a: Ursaluna|Normal
|move|p2b: Rillaboom|Wood Hammer|p1a: Ursaluna
|-damage|p1a: Ursaluna|36/100
|-damage|p2b: Rillaboom|39/100|[from] Recoil
|move|p1a: Ursaluna|Hyper Voice|p2a: Incineroar|[spread] p2a,p2b
|-damage|p2a: Incineroar|34/100
|-damage|p2b: Rillaboom|0 fnt
|faint|p2b: Rillaboom
|-damage|p1a: Ursaluna|26/100|[from] item: Life Orb
|move|p2a: Incineroar|Knock Off|p1b: Magnezone
|-damage|p1b: Magnezone|61/100
|-enditem|p1b: Magnezone|Choice Scarf|[from] move: Knock Off|[of] p2a: Incineroar
|
|-heal|p1b: Magnezone|67/100|[from] Grassy Terrain
|-heal|p1a: Ursaluna|32/100|[from] Grassy Terrain
|-heal|p2a: Incineroar|40/100|[from] Grassy Terrain
|upkeep
|
|t:|1756386689
|switch|p2b: Gholdengo|Gholdengo, L50|100/100
|turn|4
|
|t:|1756386705
|-terastallize|p2b: Gholdengo|Dragon
|move|p1b: Magnezone|Thunderbolt|p2a: Incineroar
|-damage|p2a: Incineroar|4/100
|move|p2b: Gholdengo|Make It Rain|p1b: Magnezone|[spread] p1a,p1b
|-resisted|p1b: Magnezone
|-damage|p1a: Ursaluna|0 fnt
|-damage|p1b: Magnezone|50/100
|-unboost|p2b: Gholdengo|spa|1
|faint|p1a: Ursaluna
|move|p2a: Incineroar|Parting Shot|p1b: Magnezone
|-unboost|p1b: Magnezone|atk|1
|-unboost|p1b: Magnezone|spa|1
|
|t:|1756386711
|switch|p2a: Amoonguss|Amoonguss, L50, M, shiny|100/100|[from] Parting Shot
|
|-heal|p1b: Magnezone|56/100|[from] Grassy Terrain
|upkeep
|
|t:|1756386715
|switch|p1a: Espeon|Espeon, L50, M|100/100
|turn|5
|
|t:|1756386739
|switch|p1b: Indeedee|Indeedee-F, L50, F|32/100
|-fieldstart|move: Psychic Terrain|[from] ability: Psychic Surge|[of] p1b: Indeedee
|switch|p2b: Incineroar|Incineroar, L50, F, shiny|4/100
|-ability|p2b: Incineroar|Intimidate|boost
|-unboost|p1a: Espeon|atk|1
|-unboost|p1b: Indeedee|atk|1
|move|p1a: Espeon|Expanding Force|p2b: Incineroar|[spread] p2a
|-immune|p2b: Incineroar
|-supereffective|p2a: Amoonguss
|-damage|p2a: Amoonguss|0 fnt
|faint|p2a: Amoonguss
|
|upkeep
|
|t:|1756386742
|switch|p2a: Gholdengo|Gholdengo, L50, tera:Dragon|100/100
|turn|6
|
|t:|1756386754
|move|p1b: Indeedee|Helping Hand|p1a: Espeon
|-singleturn|p1a: Espeon|Helping Hand|[of] p1b: Indeedee
|move|p1a: Espeon|Expanding Force|p2b: Incineroar|[spread] p2a
|-immune|p2b: Incineroar
|-damage|p2a: Gholdengo|9/100
|move|p2a: Gholdengo|Make It Rain|p1b: Indeedee|[spread] p1a,p1b
|-damage|p1a: Espeon|40/100
|-damage|p1b: Indeedee|0 fnt
|-unboost|p2a: Gholdengo|spa|1
|faint|p1b: Indeedee
|move|p2b: Incineroar|Knock Off|p1a: Espeon
|-supereffective|p1a: Espeon
|-damage|p1a: Espeon|0 fnt
|-enditem|p1a: Espeon|Focus Sash|[from] move: Knock Off|[of] p2b: Incineroar
|faint|p1a: Espeon
|
|-heal|p2a: Gholdengo|15/100|[from] item: Leftovers
|upkeep
|
|t:|1756386760
|switch|p1b: Magnezone|Magnezone, L50|56/100
|turn|7
|
|t:|1756386766
|move|p1b: Magnezone|Discharge|p2b: Incineroar|[spread] p2a,p2b
|-resisted|p2a: Gholdengo
|-damage|p2a: Gholdengo|0 fnt
|-damage|p2b: Incineroar|0 fnt
|faint|p2a: Gholdengo
|faint|p2b: Incineroar
|
|win|cagosullapizza
||endK649 is ready for game 3.
||cagosullapizza is ready for game 3.
|uhtml|next|Next: Game 3 of 3
|l|☆cagosullapizza
|player|p1|
