|j|☆ZekromAllDay
|j|☆ZXMaverickHunter
|html|ZekromAllDayZXMaverickHunter    
|uhtml|bestof|Game 2 of a best-of-3
|t:|1756505662
|gametype|doubles
|player|p1|ZekromAllDay|102|1160
|player|p2|ZXMaverickHunter|flint|1116
|gen|9
|tier|[Gen 9] VGC 2025 Reg H (Bo3)
|rated|
|rule|Species Clause: Limit one of each Pokémon
|rule|Item Clause: Limit 1 of each item
|clearpoke
|poke|p1|Basculegion, L50, M|
|poke|p1|Pelipper, L50, F|
|poke|p1|Archaludon, L50, M|
|poke|p1|Dragonite, L50, M|
|poke|p1|Indeedee, L50, M|
|poke|p1|Sneasler, L50, F|
|poke|p2|Rillaboom, L50, M|
|poke|p2|Dragonite, L50, F|
|poke|p2|Sneasler, L50, M|
|poke|p2|Ninetales-Alola, L50, M|
|poke|p2|Kingambit, L50, F|
|poke|p2|Magmar, L50, M|
|teampreview|4
|showteam|p1|Basculegion||ChoiceBand|SwiftSwim|WaveCrash,LastRespects,AquaJet,FlipTurn|||M|||50|,,,,,Grass]Pelipper||CovertCloak|Drizzle|WeatherBall,Hurricane,Tailwind,MuddyWater|||F|||50|,,,,,Stellar]Archaludon||AssaultVest|Stamina|ElectroShot,DracoMeteor,BodyPress,FlashCannon|||M|||50|,,,,,Bug]Dragonite||LoadedDice|InnerFocus|ScaleShot,Tailwind,Haze,Protect|||M|||50|,,,,,Fairy]Indeedee||FocusSash|PsychicSurge|ExpandingForce,TrickRoom,TeraBlast,Protect|||M|||50|,,,,,Psychic]Sneasler||PsychicSeed|Unburden|CloseCombat,ThroatChop,DireClaw,Protect|||F|||50|,,,,,Dark
|showteam|p2|Rillaboom||AssaultVest|GrassySurge|WoodHammer,GrassyGlide,HighHorsepower,FakeOut|||M|||50|,,,,,Fire]Dragonite||LoadedDice|Multiscale|Protect,ScaleShot,LowKick,Haze|||F|||50|,,,,,Fairy]Sneasler||WhiteHerb|Unburden|Protect,DireClaw,CloseCombat,Coaching|||M|||50|,,,,,Ghost]Ninetales-Alola||ChoiceSpecs|SnowWarning|Blizzard,IcyWind,Moonblast,FreezeDry|||M|||50|,,,,,Ghost]Kingambit||SafetyGoggles|Defiant|Protect,KowtowCleave,SuckerPunch,SwordsDance|||F|||50|,,,,,Dark]Magmar||Eviolite|VitalSpirit|Protect,FollowMe,Overheat,WillOWisp|||M|||50|,,,,,Dragon
|inactive|Battle timer is ON: inactive players will automatically lose when time's up. (requested by ZekromAllDay)
|
|t:|1756505714
|teamsize|p1|4
|teamsize|p2|4
|start
|switch|p1a: Basculegion|Basculegion, L50, M|100/100
|switch|p1b: Pelipper|Pelipper, L50, F|100/100
|switch|p2a: 90% = 50%|Dragonite, L50, F, shiny|100/100
|switch|p2b: Monke|Rillaboom, L50, M, shiny|100/100
|-fieldstart|move: Grassy Terrain|[from] ability: Grassy Surge|[of] p2b: Monke
|-weather|RainDance|[from] ability: Drizzle|[of] p1b: Pelipper
|turn|1
|inactive|ZXMaverickHunter has 30 seconds left.
|inactive|ZXMaverickHunter has 20 seconds left.
|
|t:|1756505751
|switch|p1a: Archaludon|Archaludon, L50, M|100/100
|move|p2a: 90% = 50%|Scale Shot|p1b: Pelipper
|-crit|p1b: Pelipper
|-damage|p1b: Pelipper|73/100
|-damage|p1b: Pelipper|53/100
|-crit|p1b: Pelipper
|-damage|p1b: Pelipper|27/100
|-damage|p1b: Pelipper|9/100
|-damage|p1b: Pelipper|0 fnt
|faint|p1b: Pelipper
|-hitcount|p1: Pelipper|5
|-unboost|p2a: 90% = 50%|def|1
|-boost|p2a: 90% = 50%|spe|1
|move|p2b: Monke|Wood Hammer|p1a: Archaludon
|-resisted|p1a: Archaludon
|-crit|p1a: Archaludon
|-damage|p1a: Archaludon|82/100
|-ability|p1a: Archaludon|Stamina|boost
|-boost|p1a: Archaludon|def|1
|-damage|p2b: Monke|95/100|[from] Recoil
|
|-weather|RainDance|[upkeep]
|-heal|p2b: Monke|100/100|[from] Grassy Terrain
|-heal|p1a: Archaludon|89/100|[from] Grassy Terrain
|upkeep
|
|t:|1756505760
|switch|p1b: Basculegion|Basculegion, L50, M|100/100
|turn|2
|inactive|ZXMaverickHunter has 30 seconds left.
|inactive|ZXMaverickHunter has 20 seconds left.
|inactive|ZXMaverickHunter has 15 seconds left.
|
|t:|1756505803
|-terastallize|p1b: Basculegion|Grass
|move|p1b: Basculegion|Last Respects|p2a: 90% = 50%
|-damage|p2a: 90% = 50%|37/100
|move|p2a: 90% = 50%|Haze|p2a: 90% = 50%
|-clearallboost
|move|p2b: Monke|High Horsepower|p1a: Archaludon
|-supereffective|p1a: Archaludon
|-damage|p1a: Archaludon|43/100
|-ability|p1a: Archaludon|Stamina|boost
|-boost|p1a: Archaludon|def|1
|move|p1a: Archaludon|Electro Shot||[still]
|-prepare|p1a: Archaludon|Electro Shot
|-boost|p1a: Archaludon|spa|1
|-anim|p1a: Archaludon|Electro Shot|p2a: 90% = 50%
|-damage|p2a: 90% = 50%|0 fnt
|faint|p2a: 90% = 50%
|
|-weather|RainDance|[upkeep]
|-heal|p1a: Archaludon|49/100|[from] Grassy Terrain
|upkeep
|
|t:|1756505822
|switch|p2a: Hi peli|Ninetales-Alola, L50, M, shiny|100/100
|-weather|Snowscape|[from] ability: Snow Warning|[of] p2a: Hi peli
|turn|3
|inactive|ZXMaverickHunter has 30 seconds left.
|
|t:|1756505851
|switch|p1b: Sneasler|Sneasler, L50, F|100/100
|move|p2a: Hi peli|Blizzard|p1b: Sneasler|[spread] p1a,p1b
|-damage|p1a: Archaludon|11/100
|-damage|p1b: Sneasler|37/100
|-ability|p1a: Archaludon|Stamina|boost
|-boost|p1a: Archaludon|def|1
|move|p2b: Monke|High Horsepower|p1a: Archaludon
|-supereffective|p1a: Archaludon
|-damage|p1a: Archaludon|0 fnt
|faint|p1a: Archaludon
|
|-weather|Snowscape|[upkeep]
|-heal|p1b: Sneasler|42/100|[from] Grassy Terrain
|upkeep
|
|t:|1756505858
|switch|p1a: Basculegion|Basculegion, L50, M, tera:Grass|100/100
|turn|4
|inactive|ZXMaverickHunter has 30 seconds left.
|inactive|ZXMaverickHunter has 20 seconds left.
|inactive|ZXMaverickHunter has 15 seconds left.
|
|t:|1756505900
|switch|p2a: Kingambling|Kingambit, L50, F, shiny|100/100
|-terastallize|p2b: Monke|Fire
|move|p1a: Basculegion|Aqua Jet|p2a: Kingambling
|-damage|p2a: Kingambling|78/100
|move|p1b: Sneasler|Dire Claw|p2a: Kingambling
|-immune|p2a: Kingambling
|move|p2b: Monke|High Horsepower|p1b: Sneasler
|-supereffective|p1b: Sneasler
|-damage|p1b: Sneasler|0 fnt
|faint|p1b: Sneasler
|
|-weather|Snowscape|[upkeep]
|-heal|p2a: Kingambling|84/100|[from] Grassy Terrain
|upkeep
|turn|5
|inactive|ZXMaverickHunter has 30 seconds left.
|
|t:|1756505925
|move|p1a: Basculegion|Aqua Jet|p2b: Monke
|-supereffective|p2b: Monke
|-damage|p2b: Monke|47/100
|move|p2b: Monke|Wood Hammer|p1a: Basculegion
|-resisted|p1a: Basculegion
|-damage|p1a: Basculegion|53/100
|-damage|p2b: Monke|32/100|[from] Recoil
|move|p2a: Kingambling|Swords Dance|p2a: Kingambling
|-boost|p2a: Kingambling|atk|2
|
|-weather|Snowscape|[upkeep]
|-heal|p1a: Basculegion|59/100|[from] Grassy Terrain
|-heal|p2b: Monke|38/100|[from] Grassy Terrain
|-heal|p2a: Kingambling|90/100|[from] Grassy Terrain
|-fieldend|move: Grassy Terrain
|upkeep
|turn|6
|
|t:|1756505937
|move|p1a: Basculegion|Aqua Jet|p2b: Monke
|-supereffective|p2b: Monke
|-damage|p2b: Monke|0 fnt
|faint|p2b: Monke
|move|p2a: Kingambling|Kowtow Cleave|p1a: Basculegion
|-damage|p1a: Basculegion|0 fnt
|faint|p1a: Basculegion
|
|win|ZXMaverickHunter
|raw|ZekromAllDay's rating: 1160 → 1132(-28 for losing)
|raw|ZXMaverickHunter's rating: 1116 → 1144(+28 for winning)
