|j|☆boonanar
|j|☆pagoose chase
|html|boonanarpagoose chase    
|uhtml|bestof|Game 1 of a best-of-3
|t:|1756674804
|gametype|doubles
|player|p1|boonanar|winona|1055
|player|p2|pagoose chase|roxanne-gen6|1042
|gen|9
|tier|[Gen 9] VGC 2025 Reg H (Bo3)
|rated|
|rule|Species Clause: Limit one of each Pokémon
|rule|Item Clause: Limit 1 of each item
|clearpoke
|poke|p1|Sneasler, L50, F|
|poke|p1|Dragapult, L50, M|
|poke|p1|Rillaboom, L50, F|
|poke|p1|Electabuzz, L50, F|
|poke|p1|Kingambit, L50, M|
|poke|p1|Primarina, L50, F|
|poke|p2|Gliscor, L50, M|
|poke|p2|Tyranitar, L50, F|
|poke|p2|Rillaboom, L50, M|
|poke|p2|Gholdengo, L50|
|poke|p2|Electabuzz, L50, F|
|poke|p2|Dragonite, L50, M|
|teampreview|4
|showteam|p1|Sneasler||FocusSash|Unburden|FakeOut,DireClaw,CloseCombat,Protect|||F|||50|,,,,,Stellar]Dragapult||ChoiceBand|ClearBody|DragonDarts,PhantomForce,Uturn,TeraBlast|||M|||50|,,,,,Ghost]Rillaboom||AssaultVest|GrassySurge|FakeOut,WoodHammer,GrassyGlide,HighHorsepower|||F|||50|,,,,,Fire]Electabuzz||Eviolite|VitalSpirit|Thunderbolt,FollowMe,Taunt,Protect|||F|||50|,,,,,Ghost]Kingambit||BlackGlasses|Defiant|KowtowCleave,SuckerPunch,SwordsDance,Protect|||M|||50|,,,,,Ghost]Primarina||LifeOrb|LiquidVoice|HyperVoice,Moonblast,Haze,Protect|||F|||50|,,,,,Water
|showteam|p2|Gliscor||ToxicOrb|PoisonHeal|DualWingbeat,HighHorsepower,Tailwind,Protect|||M|||50|,,,,,Water]Tyranitar||AssaultVest|SandStream|RockSlide,KnockOff,LowKick,TeraBlast|||F|||50|,,,,,Flying]Rillaboom||MiracleSeed|GrassySurge|FakeOut,GrassyGlide,WoodHammer,Uturn|||M|||50|,,,,,Fire]Gholdengo||LifeOrb|GoodasGold|MakeItRain,ShadowBall,NastyPlot,Protect||||||50|,,,,,Water]Electabuzz||Eviolite|VitalSpirit|FollowMe,Electroweb,Taunt,Protect|||F|||50|,,,,,Ghost]Dragonite||LoadedDice|Multiscale|ScaleShot,StompingTantrum,Haze,Protect|||M|||50|,,,,,Steel
|inactive|Battle timer is ON: inactive players will automatically lose when time's up. (requested by boonanar)
|inactive|boonanar has 60 seconds left.
|inactive|pagoose chase has 60 seconds left.
|
|t:|1756674854
|teamsize|p1|4
|teamsize|p2|4
|start
|switch|p1a: Dragapult|Dragapult, L50, M|100/100
|switch|p1b: Sneasler|Sneasler, L50, F|100/100
|switch|p2a: Rillaboom|Rillaboom, L50, M|100/100
|switch|p2b: Gliscor|Gliscor, L50, M|100/100
|-fieldstart|move: Grassy Terrain|[from] ability: Grassy Surge|[of] p2a: Rillaboom
|turn|1
|
|t:|1756674868
|switch|p2a: Electabuzz|Electabuzz, L50, F|100/100
|move|p1b: Sneasler|Fake Out|p2a: Electabuzz
|-damage|p2a: Electabuzz|91/100
|move|p1a: Dragapult|U-turn|p2a: Electabuzz
|-damage|p2a: Electabuzz|67/100
|
|t:|1756674877
|switch|p1a: Primarina|Primarina, L50, F|100/100|[from] U-turn
|move|p2b: Gliscor|Tailwind|p2b: Gliscor
|-sidestart|p2: pagoose chase|move: Tailwind
|
|-heal|p2a: Electabuzz|73/100|[from] Grassy Terrain
|-status|p2b: Gliscor|tox|[from] item: Toxic Orb
|upkeep
|turn|2
|
|t:|1756674887
|switch|p1b: Kingambit|Kingambit, L50, M|100/100
|-terastallize|p2b: Gliscor|Water
|move|p1a: Primarina|Protect|p1a: Primarina
|-singleturn|p1a: Primarina|Protect
|move|p2b: Gliscor|High Horsepower|p1b: Kingambit
|-supereffective|p1b: Kingambit
|-damage|p1b: Kingambit|33/100
|move|p2a: Electabuzz|Electroweb|p1b: Kingambit|[spread] p1b
|-activate|p1a: Primarina|move: Protect
|-damage|p1b: Kingambit|19/100
|-unboost|p1b: Kingambit|spe|1
|-ability|p1b: Kingambit|Defiant|boost
|-boost|p1b: Kingambit|atk|2
|
|-heal|p2a: Electabuzz|79/100|[from] Grassy Terrain
|-heal|p1b: Kingambit|25/100|[from] Grassy Terrain
|upkeep
|turn|3
|
|t:|1756674905
|switch|p1a: Dragapult|Dragapult, L50, M|100/100
|move|p1b: Kingambit|Protect|p1b: Kingambit
|-singleturn|p1b: Kingambit|Protect
|move|p2a: Electabuzz|Follow Me|p2a: Electabuzz
|-singleturn|p2a: Electabuzz|move: Follow Me
|move|p2b: Gliscor|High Horsepower|p1b: Kingambit
|-activate|p1b: Kingambit|move: Protect
|
|-heal|p2a: Electabuzz|85/100|[from] Grassy Terrain
|-heal|p1b: Kingambit|31/100|[from] Grassy Terrain
|upkeep
|turn|4
|
|t:|1756674921
|switch|p1b: Primarina|Primarina, L50, F|100/100
|-terastallize|p1a: Dragapult|Ghost
|move|p2a: Electabuzz|Follow Me|p2a: Electabuzz
|-singleturn|p2a: Electabuzz|move: Follow Me
|move|p2b: Gliscor|High Horsepower|p1b: Primarina
|-crit|p1b: Primarina
|-damage|p1b: Primarina|42/100
|move|p1a: Dragapult|Tera Blast|p2a: Electabuzz|[anim] Tera Blast Ghost
|-damage|p2a: Electabuzz|29/100
|
|-heal|p2a: Electabuzz|35/100|[from] Grassy Terrain
|-heal|p1b: Primarina|48/100|[from] Grassy Terrain
|-sideend|p2: pagoose chase|move: Tailwind
|upkeep
|turn|5
|
|t:|1756674940
|switch|p1a: Kingambit|Kingambit, L50, M|31/100
|move|p2a: Electabuzz|Follow Me|p2a: Electabuzz
|-singleturn|p2a: Electabuzz|move: Follow Me
|move|p2b: Gliscor|High Horsepower|p1b: Primarina
|-damage|p1b: Primarina|7/100
|move|p1b: Primarina|Moonblast|p2a: Electabuzz
|-damage|p2a: Electabuzz|0 fnt
|faint|p2a: Electabuzz
|-damage|p1b: Primarina|0 fnt|[from] item: Life Orb
|faint|p1b: Primarina
|
|-heal|p1a: Kingambit|36/100|[from] Grassy Terrain
|-fieldend|move: Grassy Terrain
|upkeep
|
|t:|1756674958
|switch|p2a: Rillaboom|Rillaboom, L50, M|100/100
|switch|p1b: Sneasler|Sneasler, L50, F|100/100
|-fieldstart|move: Grassy Terrain|[from] ability: Grassy Surge|[of] p2a: Rillaboom
|turn|6
|
|t:|1756674967
|move|p1b: Sneasler|Fake Out|p2a: Rillaboom
|-damage|p2a: Rillaboom|86/100
|cant|p2a: Rillaboom|flinch
|move|p1a: Kingambit|Sucker Punch|p2b: Gliscor
|-damage|p2b: Gliscor|46/100 tox
|move|p2b: Gliscor|High Horsepower|p1b: Sneasler
|-supereffective|p1b: Sneasler
|-enditem|p1b: Sneasler|Focus Sash
|-damage|p1b: Sneasler|1/100
|
|-heal|p1b: Sneasler|7/100|[from] Grassy Terrain
|-heal|p2b: Gliscor|52/100 tox|[from] Grassy Terrain
|-heal|p2a: Rillaboom|92/100|[from] Grassy Terrain
|-heal|p1a: Kingambit|42/100|[from] Grassy Terrain
|-heal|p2b: Gliscor|64/100 tox|[from] ability: Poison Heal
|upkeep
|turn|7
|
|t:|1756674979
|move|p2a: Rillaboom|Grassy Glide|p1b: Sneasler
|-resisted|p1b: Sneasler
|-damage|p1b: Sneasler|0 fnt
|faint|p1b: Sneasler
|move|p1a: Kingambit|Sucker Punch|p2b: Gliscor
|-damage|p2b: Gliscor|14/100 tox
|move|p2b: Gliscor|High Horsepower|p1a: Kingambit
|-supereffective|p1a: Kingambit
|-damage|p1a: Kingambit|0 fnt
|faint|p1a: Kingambit
|
|-heal|p2b: Gliscor|20/100 tox|[from] Grassy Terrain
|-heal|p2a: Rillaboom|98/100|[from] Grassy Terrain
|-heal|p2b: Gliscor|32/100 tox|[from] ability: Poison Heal
|upkeep
|
|t:|1756674982
|switch|p1b: Dragapult|Dragapult, L50, M, tera:Ghost|100/100
|turn|8
|
|t:|1756674996
|move|p1b: Dragapult|Dragon Darts|p2a: Rillaboom
|-damage|p2a: Rillaboom|63/100
|-anim|p1b: Dragapult|Dragon Darts|p2b: Gliscor
|-damage|p2b: Gliscor|0 fnt
|faint|p2b: Gliscor
|move|p2a: Rillaboom|Wood Hammer|p1b: Dragapult
|-damage|p1b: Dragapult|0 fnt
|faint|p1b: Dragapult
|-damage|p2a: Rillaboom|37/100|[from] Recoil
|
|win|pagoose chase
||pagoose chase is ready for game 2.
||boonanar is ready for game 2.
|uhtml|next|Next: Game 2 of 3
