|j|☆SomeKidJon
|j|☆ferpshowdown
|html|SomeKidJonferpshowdown    
|uhtml|bestof|Game 3 of a best-of-3
|t:|1783184460
|gametype|doubles
|player|p1|SomeKidJon|scientistf|1251
|player|p2|ferpshowdown|lucas|1278
|gen|9
|tier|[Gen 9 Champions] VGC 2026 Reg M-B (Bo3)
|rated|
|rule|Species Clause: Limit one of each Pokémon
|rule|Item Clause: Limit 1 of each item
|clearpoke
|poke|p1|Camerupt, L50, F|
|poke|p1|Farigiraf, L50, F|
|poke|p1|Primarina, L50, F|
|poke|p1|Hatterene, L50, F|
|poke|p1|Lopunny, L50, M|
|poke|p1|Corviknight, L50, F|
|poke|p2|Charizard, L50, M|
|poke|p2|Garchomp, L50, F|
|poke|p2|Aerodactyl, L50, M|
|poke|p2|Farigiraf, L50, F|
|poke|p2|Kingambit, L50, M|
|poke|p2|Sylveon, L50, F|
|teampreview|4
|showteam|p1|Camerupt||Cameruptite|SolidRock|AncientPower,HeatWave,EarthPower,Protect|Quiet||F|||50|]Farigiraf||SitrusBerry|ArmorTail|Protect,HelpingHand,TrickRoom,DazzlingGleam|Bold||F|||50|]Primarina||Leftovers|LiquidVoice|HyperVoice,Protect,Moonblast,CalmMind|Modest||F|||50|]Hatterene||LifeOrb|MagicBounce|Psychic,Protect,DazzlingGleam,TrickRoom|Quiet||F|||50|]Lopunny||Lopunnite|Limber|FakeOut,CloseCombat,AfterYou,Uturn|Jolly||M|||50|]Corviknight||OccaBerry|MirrorArmor|BulkUp,IronHead,BraveBird,Roost|Careful||F|||50|
|showteam|p2|Charizard||CharizarditeY|Blaze|HeatWave,WeatherBall,SolarBeam,Protect|Modest||M|||50|]Garchomp||LifeOrb|RoughSkin|DragonClaw,Earthquake,RockSlide,Protect|Jolly||F|||50|]Aerodactyl||Aerodactylite|RockHead|RockSlide,DualWingbeat,IceFang,Tailwind|Jolly||M|||50|]Farigiraf||SitrusBerry|ArmorTail|Psychic,Thunderbolt,SunnyDay,TrickRoom|Bold||F|||50|]Kingambit||FocusSash|Defiant|KowtowCleave,IronHead,SuckerPunch,LowKick|Adamant||M|||50|]Sylveon||FairyFeather|Pixilate|HyperVoice,HyperBeam,QuickAttack,Protect|Modest||F|||50|
|
|t:|1783184483
|teamsize|p1|4
|teamsize|p2|4
|start
|switch|p1a: Camerupt|Camerupt, L50, F|100/100
|switch|p1b: Lopunny|Lopunny, L50, M|100/100
|switch|p2a: Aerodactyl|Aerodactyl, L50, M|100/100
|switch|p2b: Garchomp|Garchomp, L50, F|100/100
|turn|1
|
|t:|1783184503
|switch|p2b: Farigiraf|Farigiraf, L50, F|100/100
|detailschange|p2a: Aerodactyl|Aerodactyl-Mega, L50, M
|-mega|p2a: Aerodactyl|Aerodactyl|Aerodactylite
|detailschange|p1a: Camerupt|Camerupt-Mega, L50, F
|-mega|p1a: Camerupt|Camerupt|Cameruptite
|move|p1b: Lopunny|Fake Out||[still]
|cant|p2b: Farigiraf|ability: Armor Tail|Fake Out|[of] p1b: Lopunny
|move|p2a: Aerodactyl|Rock Slide|p1b: Lopunny|[spread] p1b
|-miss|p2a: Aerodactyl|p1a: Camerupt
|-damage|p1b: Lopunny|61/100
|move|p1a: Camerupt|Earth Power|p2b: Farigiraf
|-damage|p2b: Farigiraf|35/100
|-enditem|p2b: Farigiraf|Sitrus Berry|[eat]
|-heal|p2b: Farigiraf|60/100|[from] item: Sitrus Berry
|
|upkeep
|turn|2
|
|t:|1783184525
|move|p2a: Aerodactyl|Rock Slide|p1b: Lopunny|[spread] p1a,p1b
|-damage|p1a: Camerupt|70/100
|-damage|p1b: Lopunny|19/100
|move|p1b: Lopunny|U-turn|p2b: Farigiraf
|-supereffective|p2b: Farigiraf|1
|-damage|p2b: Farigiraf|35/100
|
|t:|1783184532
|switch|p1b: Hatterene|Hatterene, L50, F|100/100|[from] U-turn
|move|p2b: Farigiraf|Psychic|p1b: Hatterene
|-resisted|p1b: Hatterene|1
|-damage|p1b: Hatterene|82/100
|cant|p1a: Camerupt|flinch
|
|upkeep
|turn|3
|
|t:|1783184570
|move|p2a: Aerodactyl|Rock Slide|p1a: Camerupt|[spread] 
|-miss|p2a: Aerodactyl|p1a: Camerupt
|-miss|p2a: Aerodactyl|p1b: Hatterene
|move|p2b: Farigiraf|Thunderbolt|p1b: Hatterene
|-damage|p1b: Hatterene|60/100
|move|p1a: Camerupt|Earth Power|p2b: Farigiraf
|-damage|p2b: Farigiraf|0 fnt
|faint|p2b: Farigiraf
|move|p1b: Hatterene|Trick Room|p1b: Hatterene
|-fieldstart|move: Trick Room|[of] p1b: Hatterene
|
|upkeep
|
|t:|1783184583
|switch|p2b: Garchomp|Garchomp, L50, F|100/100
|turn|4
|
|t:|1783184602
|move|p2b: Garchomp|Protect|p2b: Garchomp
|-singleturn|p2b: Garchomp|Protect
|move|p1a: Camerupt|Ancient Power|p2a: Aerodactyl
|-supereffective|p2a: Aerodactyl|1
|-damage|p2a: Aerodactyl|32/100
|move|p1b: Hatterene|Dazzling Gleam|p2a: Aerodactyl|[spread] p2a
|-activate|p2b: Garchomp|move: Protect
|-damage|p2a: Aerodactyl|0 fnt
|faint|p2a: Aerodactyl
|-damage|p1b: Hatterene|50/100g|[from] item: Life Orb
|
|upkeep
|
|t:|1783184612
|switch|p2a: Kingambit|Kingambit, L50, M|100/100
|turn|5
|
|t:|1783184619
|move|p2a: Kingambit|Sucker Punch|p1a: Camerupt
|-damage|p1a: Camerupt|24/100
|move|p1a: Camerupt|Earth Power|p2a: Kingambit
|-supereffective|p2a: Kingambit|1
|-enditem|p2a: Kingambit|Focus Sash
|-damage|p2a: Kingambit|1/100
|move|p1b: Hatterene|Dazzling Gleam|p2a: Kingambit|[spread] p2a,p2b
|-supereffective|p2b: Garchomp|1
|-damage|p2a: Kingambit|0 fnt
|-damage|p2b: Garchomp|3/100
|faint|p2a: Kingambit
|-damage|p1b: Hatterene|40/100|[from] item: Life Orb
|move|p2b: Garchomp|Rock Slide|p1b: Hatterene|[spread] p1a
|-miss|p2b: Garchomp|p1b: Hatterene
|-damage|p1a: Camerupt|0 fnt
|faint|p1a: Camerupt
|-damage|p2b: Garchomp|0 fnt|[from] item: Life Orb
|faint|p2b: Garchomp
|
|win|SomeKidJon
|raw|SomeKidJon's rating: 1251 → 1278(+27 for winning)
|raw|ferpshowdown's rating: 1278 → 1251(-27 for losing)
|l|☆SomeKidJon
|player|p1|
