|j|☆Werma985
|j|☆pengu
|html|Werma985pengu    
|uhtml|bestof|Game 1 of a best-of-3
|t:|1784977715
|gametype|doubles
|player|p1|Werma985|volkner|
|player|p2|pengu|rosa-masters2|
|gen|9
|tier|[Gen 9 Champions] VGC 2026 Reg M-B (Bo3)
|rule|Species Clause: Limit one of each Pokémon
|rule|Item Clause: Limit 1 of each item
|clearpoke
|poke|p1|Malamar, L50, F|
|poke|p1|Basculegion-F, L50, F|
|poke|p1|Excadrill, L50, M|
|poke|p1|Tyranitar, L50, F|
|poke|p1|Rotom-Heat, L50|
|poke|p1|Serperior, L50, M, shiny|
|poke|p2|Tyranitar, L50, M|
|poke|p2|Gengar, L50, M|
|poke|p2|Kommo-o, L50, F|
|poke|p2|Rotom-Wash, L50|
|poke|p2|Tinkaton, L50, F|
|poke|p2|Arcanine, L50, F|
|teampreview|4
|showteam|p1|Malamar||Malamarite|Contrary|Superpower,KnockOff,PoisonJab,Protect|Careful||F|||50|]Basculegion-F||LifeOrb|Adaptability|MuddyWater,ShadowBall,IcyWind,Protect|Modest||F|||50|]Excadrill||FocusSash|SandRush|Earthquake,IronHead,HighHorsepower,Protect|Adamant||M|||50|]Tyranitar||Tyranitarite|SandStream|RockSlide,KnockOff,DragonDance,Protect|Jolly||F|||50|]Rotom-Heat||ChoiceScarf|Levitate|Thunderbolt,VoltSwitch,Electroweb,Overheat|Modest|||||50|]Serperior||LightClay|Contrary|LeafStorm,Glare,Reflect,LightScreen|Timid||M|||50|
|showteam|p2|Tyranitar||Tyranitarite|SandStream|RockSlide,KnockOff,LowKick,Protect|Adamant||M|||50|]Gengar||Gengarite|CursedBody|SludgeBomb,ShadowBall,Substitute,Protect|Timid||M|||50|]Kommo-o||Leftovers|Soundproof|ClangingScales,ClangorousSoul,AuraSphere,Protect|Modest||F|||50|]Rotom-Wash||ChoiceScarf|Levitate|HydroPump,Thunderbolt,VoltSwitch,Electroweb|Modest|||||50|]Tinkaton||MetalCoat|OwnTempo|FakeOut,GigatonHammer,PlayRough,Protect|Jolly||F|||50|]Arcanine||SitrusBerry|Intimidate|FlareBlitz,ExtremeSpeed,Howl,Protect|Adamant||F|||50|
|inactive|Battle timer is ON: inactive players will automatically lose when time's up. (requested by pengu)
|c|☆pengu|hf
|c|☆Werma985|u2
|inactive|Werma985 has 60 seconds left.
|inactive|pengu has 60 seconds left.
|inactive|Werma985 has 30 seconds left.
|inactive|pengu has 30 seconds left.
|inactive|Werma985 has 20 seconds left.
|inactive|Werma985 has 15 seconds left.
|inactive|Werma985 has 10 seconds left.
|inactive|Werma985 has 5 seconds left.
|
|t:|1784977801
|teamsize|p1|4
|teamsize|p2|4
|start
|switch|p1a: Malamar|Malamar, L50, F|100/100
|switch|p1b: Serperior|Serperior, L50, M, shiny|100/100
|switch|p2a: Kiss Of Death|Kommo-o, L50, F|100/100
|switch|p2b: Rewind|Tinkaton, L50, F|100/100
|turn|1
|
|t:|1784977822
|detailschange|p1a: Malamar|Malamar-Mega, L50, F
|-mega|p1a: Malamar|Malamar|Malamarite
|move|p2b: Rewind|Fake Out|p1b: Serperior
|-damage|p1b: Serperior|90/100
|cant|p1b: Serperior|flinch
|move|p2a: Kiss Of Death|Clangorous Soul|p2a: Kiss Of Death
|-boost|p2a: Kiss Of Death|atk|1
|-boost|p2a: Kiss Of Death|def|1
|-boost|p2a: Kiss Of Death|spa|1
|-boost|p2a: Kiss Of Death|spd|1
|-boost|p2a: Kiss Of Death|spe|1
|-damage|p2a: Kiss Of Death|67/100
|move|p1a: Malamar|Superpower|p2a: Kiss Of Death
|-damage|p2a: Kiss Of Death|48/100
|-boost|p1a: Malamar|atk|1
|-boost|p1a: Malamar|def|1
|
|-heal|p2a: Kiss Of Death|54/100|[from] item: Leftovers
|upkeep
|turn|2
|inactive|Werma985 has 30 seconds left.
|inactive|Werma985 has 20 seconds left.
|inactive|Werma985 has 15 seconds left.
|
|t:|1784977862
|move|p2a: Kiss Of Death|Protect|p2a: Kiss Of Death
|-singleturn|p2a: Kiss Of Death|Protect
|move|p1b: Serperior|Glare|p2a: Kiss Of Death
|-activate|p2a: Kiss Of Death|move: Protect
|move|p2b: Rewind|Gigaton Hammer|p1b: Serperior
|-damage|p1b: Serperior|31/100
|move|p1a: Malamar|Superpower|p2a: Kiss Of Death
|-activate|p2a: Kiss Of Death|move: Protect
|
|-heal|p2a: Kiss Of Death|60/100|[from] item: Leftovers
|upkeep
|turn|3
|inactive|Werma985 has 30 seconds left.
|
|t:|1784977897
|move|p2a: Kiss Of Death|Aura Sphere|p1b: Serperior
|-damage|p1b: Serperior|0 fnt
|faint|p1b: Serperior
|move|p2b: Rewind|Play Rough|p1a: Malamar
|-supereffective|p1a: Malamar|1
|-damage|p1a: Malamar|62/100
|move|p1a: Malamar|Superpower|p2a: Kiss Of Death
|-damage|p2a: Kiss Of Death|33/100
|-boost|p1a: Malamar|atk|1
|-boost|p1a: Malamar|def|1
|
|-heal|p2a: Kiss Of Death|40/100|[from] item: Leftovers
|upkeep
|
|t:|1784977903
|switch|p1b: Basculegion|Basculegion-F, L50, F|100/100
|turn|4
|
|t:|1784977920
|move|p2a: Kiss Of Death|Protect|p2a: Kiss Of Death
|-singleturn|p2a: Kiss Of Death|Protect
|move|p2b: Rewind|Play Rough|p1a: Malamar
|-supereffective|p1a: Malamar|1
|-damage|p1a: Malamar|37/100
|move|p1b: Basculegion|Icy Wind|p2b: Rewind|[spread] p2b
|-activate|p2a: Kiss Of Death|move: Protect
|-resisted|p2b: Rewind|1
|-damage|p2b: Rewind|92/100
|-unboost|p2b: Rewind|spe|1
|-damage|p1b: Basculegion|90/100|[from] item: Life Orb
|move|p1a: Malamar|Superpower|p2b: Rewind
|-damage|p2b: Rewind|33/100
|-boost|p1a: Malamar|atk|1
|-boost|p1a: Malamar|def|1
|
|-heal|p2a: Kiss Of Death|46/100|[from] item: Leftovers
|upkeep
|turn|5
|
|t:|1784977937
|switch|p2b: Hard Candy|Rotom-Wash, L50|100/100
|move|p1a: Malamar|Protect|p1a: Malamar
|-singleturn|p1a: Malamar|Protect
|move|p2a: Kiss Of Death|Clanging Scales|p1b: Basculegion|[spread] p1b
|-activate|p1a: Malamar|move: Protect
|-damage|p1b: Basculegion|19/100
|-unboost|p2a: Kiss Of Death|def|1
|move|p1b: Basculegion|Icy Wind|p2b: Hard Candy|[spread] p2a,p2b
|-supereffective|p2a: Kiss Of Death|1
|-resisted|p2b: Hard Candy|1
|-damage|p2a: Kiss Of Death|23/100
|-damage|p2b: Hard Candy|89/100
|-unboost|p2a: Kiss Of Death|spe|1
|-unboost|p2b: Hard Candy|spe|1
|-damage|p1b: Basculegion|10/100|[from] item: Life Orb
|
|-heal|p2a: Kiss Of Death|30/100|[from] item: Leftovers
|upkeep
|turn|6
|
|t:|1784977953
|switch|p2b: Rewind|Tinkaton, L50, F|33/100
|switch|p1b: Excadrill|Excadrill, L50, M|100/100
|move|p2a: Kiss Of Death|Clanging Scales|p1a: Malamar|[spread] p1a,p1b
|-resisted|p1b: Excadrill|1
|-damage|p1a: Malamar|0 fnt
|-damage|p1b: Excadrill|61/100
|faint|p1a: Malamar
|-unboost|p2a: Kiss Of Death|def|1
|
|-heal|p2a: Kiss Of Death|36/100|[from] item: Leftovers
|upkeep
|
|t:|1784977960
|switch|p1a: Basculegion|Basculegion-F, L50, F|10/100
|turn|7
|
|t:|1784977980
|move|p1b: Excadrill|Protect|p1b: Excadrill
|-singleturn|p1b: Excadrill|Protect
|move|p1a: Basculegion|Protect|p1a: Basculegion
|-singleturn|p1a: Basculegion|Protect
|move|p2b: Rewind|Fake Out|p1b: Excadrill
|-activate|p1b: Excadrill|move: Protect
|move|p2a: Kiss Of Death|Clanging Scales|p1b: Excadrill|[spread] 
|-activate|p1a: Basculegion|move: Protect
|-activate|p1b: Excadrill|move: Protect
|
|-heal|p2a: Kiss Of Death|42/100|[from] item: Leftovers
|upkeep
|turn|8
|
|t:|1784978002
|move|p2b: Rewind|Gigaton Hammer|p1a: Basculegion
|-resisted|p1a: Basculegion|1
|-damage|p1a: Basculegion|0 fnt
|faint|p1a: Basculegion
|move|p1b: Excadrill|Iron Head|p2b: Rewind
|-damage|p2b: Rewind|0 fnt
|faint|p2b: Rewind
|move|p2a: Kiss Of Death|Aura Sphere|p1b: Excadrill
|-supereffective|p1b: Excadrill|1
|-damage|p1b: Excadrill|0 fnt
|faint|p1b: Excadrill
|
|win|pengu
|c|☆pengu|gg
||Werma985 is ready for game 2.
|c|☆Werma985|gg
||pengu is ready for game 2.
|uhtml|next|Next: Game 2 of 3
