|j|☆Bomduif
|j|☆YungDungBeetle
|html|BomduifYungDungBeetle    
|uhtml|bestof|Game 1 of a best-of-3
|t:|1756395123
|gametype|doubles
|player|p1|Bomduif|2|1075
|player|p2|YungDungBeetle|n|1123
|gen|9
|tier|[Gen 9] VGC 2025 Reg H (Bo3)
|rated|
|rule|Species Clause: Limit one of each Pokémon
|rule|Item Clause: Limit 1 of each item
|clearpoke
|poke|p1|Gallade, L50, M|
|poke|p1|Indeedee-F, L50, F|
|poke|p1|Torkoal, L50, M|
|poke|p1|Vikavolt, L50, M|
|poke|p1|Ursaluna, L50, F|
|poke|p1|Jumpluff, L50, M|
|poke|p2|Rillaboom, L50, M|
|poke|p2|Arcanine-Hisui, L50, M|
|poke|p2|Baxcalibur, L50, F|
|poke|p2|Volcarona, L50, F|
|poke|p2|Annihilape, L50, M|
|poke|p2|Whimsicott, L50, F|
|teampreview|4
|showteam|p1|Gallade||ClearAmulet|Sharpness|SacredSword,PsychoCut,TrickRoom,WideGuard|||M|||50|,,,,,Dark]Indeedee-F||SafetyGoggles|PsychicSurge|TrickRoom,FollowMe,DazzlingGleam,HelpingHand|||F|||50|,,,,,Fairy]Torkoal||Charcoal|Drought|Eruption,Overheat,HeatWave,Protect|||M|||50|,,,,,Fire]Vikavolt||LifeOrb|Levitate|Thunderbolt,Discharge,BugBuzz,Protect|||M|||50|,,,,,Electric]Ursaluna||FlameOrb|Guts|Facade,HeadlongRush,Earthquake,Protect|||F|||50|,,,,,Ghost]Jumpluff||FocusSash|Chlorophyll|Tailwind,SleepPowder,Encore,Protect|||M|||50|,,,,,Dark
|showteam|p2|Rillaboom||AssaultVest|GrassySurge|FakeOut,GrassyGlide,DrumBeating,HighHorsepower|||M|||50|,,,,,Fire]Arcanine-Hisui||ClearAmulet|Intimidate|RockSlide,FlareBlitz,ExtremeSpeed,Protect|||M|||50|,,,,,Ghost]Baxcalibur||LoadedDice|ThermalExchange|ScaleShot,IcicleSpear,IceShard,Protect|||F|||50|,,,,,Ghost]Volcarona||GrassySeed|FlameBody|HeatWave,QuiverDance,Protect,GigaDrain|||F|||50|,,,,,Grass]Annihilape||FocusSash|Defiant|CloseCombat,RageFist,Coaching,Taunt|||M|||50|,,,,,Grass]Whimsicott||CovertCloak|Prankster|Tailwind,Moonblast,SunnyDay,WorrySeed|||F|||50|,,,,,Water
|inactive|Battle timer is ON: inactive players will automatically lose when time's up. (requested by YungDungBeetle)
|inactive|Bomduif has 60 seconds left.
|inactive|YungDungBeetle has 60 seconds left.
|
|t:|1756395180
|teamsize|p1|4
|teamsize|p2|4
|start
|switch|p1a: Gallade|Gallade, L50, M|100/100
|switch|p1b: Indeedee|Indeedee-F, L50, F|100/100
|switch|p2a: Six Wing Steppa|Volcarona, L50, F|100/100
|switch|p2b: Annihilape|Annihilape, L50, M|100/100
|-fieldstart|move: Psychic Terrain|[from] ability: Psychic Surge|[of] p1b: Indeedee
|turn|1
|
|t:|1756395198
|move|p1b: Indeedee|Follow Me|p1b: Indeedee
|-singleturn|p1b: Indeedee|move: Follow Me
|move|p2b: Annihilape|Taunt|p1b: Indeedee
|-start|p1b: Indeedee|move: Taunt
|move|p2a: Six Wing Steppa|Quiver Dance|p2a: Six Wing Steppa
|-boost|p2a: Six Wing Steppa|spa|1
|-boost|p2a: Six Wing Steppa|spd|1
|-boost|p2a: Six Wing Steppa|spe|1
|move|p1a: Gallade|Trick Room|p1a: Gallade
|-fieldstart|move: Trick Room|[of] p1a: Gallade
|
|upkeep
|turn|2
|inactive|Bomduif has 30 seconds left.
|
|t:|1756395225
|switch|p1b: Ursaluna|Ursaluna, L50, F|100/100
|move|p1a: Gallade|Psycho Cut|p2b: Annihilape
|-supereffective|p2b: Annihilape
|-enditem|p2b: Annihilape|Focus Sash
|-damage|p2b: Annihilape|1/100
|move|p2b: Annihilape|Coaching|p2a: Six Wing Steppa
|-boost|p2a: Six Wing Steppa|atk|1
|-boost|p2a: Six Wing Steppa|def|1
|move|p2a: Six Wing Steppa|Quiver Dance|p2a: Six Wing Steppa
|-boost|p2a: Six Wing Steppa|spa|1
|-boost|p2a: Six Wing Steppa|spd|1
|-boost|p2a: Six Wing Steppa|spe|1
|
|-status|p1b: Ursaluna|brn|[from] item: Flame Orb
|upkeep
|turn|3
|
|t:|1756395240
|switch|p2b: REDRUM|Arcanine-Hisui, L50, M|100/100
|-ability|p2b: REDRUM|Intimidate|boost
|-fail|p1a: Gallade|unboost|[from] item: Clear Amulet|[of] p1a: Gallade
|-unboost|p1b: Ursaluna|atk|1
|-terastallize|p2a: Six Wing Steppa|Grass
|move|p1a: Gallade|Wide Guard|p1a: Gallade
|-singleturn|p1a: Gallade|Wide Guard
|move|p1b: Ursaluna|Earthquake|p2b: REDRUM|[spread] p2a,p2b
|-activate|p1a: Gallade|move: Wide Guard
|-resisted|p2a: Six Wing Steppa
|-supereffective|p2b: REDRUM
|-damage|p2a: Six Wing Steppa|83/100
|-damage|p2b: REDRUM|0 fnt
|faint|p2b: REDRUM
|move|p2a: Six Wing Steppa|Giga Drain|p1b: Ursaluna
|-supereffective|p1b: Ursaluna
|-damage|p1b: Ursaluna|0 fnt
|-heal|p2a: Six Wing Steppa|100/100|[from] drain|[of] p1b: Ursaluna
|faint|p1b: Ursaluna
|
|upkeep
|
|t:|1756395257
|switch|p1b: Torkoal|Torkoal, L50, M|100/100
|switch|p2b: Annihilape|Annihilape, L50, M|1/100
|-weather|SunnyDay|[from] ability: Drought|[of] p1b: Torkoal
|turn|4
|
|t:|1756395277
|-terastallize|p1b: Torkoal|Fire
|move|p2a: Six Wing Steppa|Protect|p2a: Six Wing Steppa
|-singleturn|p2a: Six Wing Steppa|Protect
|move|p1b: Torkoal|Eruption|p2b: Annihilape|[spread] p2b
|-activate|p2a: Six Wing Steppa|move: Protect
|-damage|p2b: Annihilape|0 fnt
|faint|p2b: Annihilape
|move|p1a: Gallade|Psycho Cut|p2a: Six Wing Steppa
|-activate|p2a: Six Wing Steppa|move: Protect
|
|-weather|SunnyDay|[upkeep]
|upkeep
|inactiveoff|Battle timer is now OFF.
|
|t:|1756395286
|switch|p2b: BIG BODY BENZ|Baxcalibur, L50, F|100/100
|turn|5
|
|t:|1756395296
|move|p1b: Torkoal|Eruption|p2b: BIG BODY BENZ|[spread] p2a,p2b
|-supereffective|p2a: Six Wing Steppa
|-damage|p2a: Six Wing Steppa|0 fnt
|-damage|p2b: BIG BODY BENZ|0 fnt
|faint|p2a: Six Wing Steppa
|faint|p2b: BIG BODY BENZ
|
|win|Bomduif
||YungDungBeetle is ready for game 2.
||Bomduif is ready for game 2.
|uhtml|next|Next: Game 2 of 3
