|j|☆WashYoButt
|j|☆Karlye
|html|WashYoButtKarlye    
|uhtml|bestof|Game 1 of a best-of-3
|t:|1757703064
|gametype|doubles
|player|p1|WashYoButt|ariana|1156
|player|p2|Karlye|blue|1166
|gen|9
|tier|[Gen 9] VGC 2025 Reg H (Bo3)
|rated|
|rule|Species Clause: Limit one of each Pokémon
|rule|Item Clause: Limit 1 of each item
|clearpoke
|poke|p1|Gholdengo, L50|
|poke|p1|Basculegion, L50, M|
|poke|p1|Amoonguss, L50, F|
|poke|p1|Kommo-o, L50, F|
|poke|p1|Ninetales-Alola, L50, M|
|poke|p1|Incineroar, L50, M|
|poke|p2|Excadrill, L50, M|
|poke|p2|Tyranitar, L50, F|
|poke|p2|Sneasler, L50, F|
|poke|p2|Indeedee, L50, M|
|poke|p2|Corviknight, L50, M|
|poke|p2|Annihilape, L50, F|
|teampreview|4
|showteam|p1|Gholdengo||LifeOrb|GoodasGold|Protect,NastyPlot,ShadowBall,MakeItRain||||||50|,,,,,Water]Basculegion||ChoiceScarf|Adaptability|WaveCrash,LastRespects,AquaJet,FlipTurn|||M|||50|,,,,,Grass]Amoonguss||RockyHelmet|Regenerator|Spore,PollenPuff,RagePowder,ClearSmog|||F|||50|,,,,,Water]Kommo-o||Leftovers|Overcoat|IronDefense,BodyPress,Flamethrower,Protect|||F|||50|,,,,,Fire]Ninetales-Alola||FocusSash|SnowWarning|Protect,Moonblast,Blizzard,FreezeDry|||M|||50|,,,,,Ghost]Incineroar||SafetyGoggles|Intimidate|KnockOff,FlareBlitz,FakeOut,PartingShot|||M|||50|,,,,,Ghost
|showteam|p2|Excadrill||FocusSash|SandRush|IronHead,HighHorsepower,Earthquake,Protect|||M|||50|,,,,,Stellar]Tyranitar||AssaultVest|SandStream|RockSlide,KnockOff,TeraBlast,LowKick|||F|||50|,,,,,Flying]Sneasler||PsychicSeed|Unburden|DireClaw,CloseCombat,ThroatChop,Protect|||F|||50|,,,,,Dark]Indeedee||ChoiceScarf|PsychicSurge|ExpandingForce,TeraBlast,Protect,Trick|||M|||50|,,,,,Psychic]Corviknight||Leftovers|MirrorArmor|BraveBird,BulkUp,Roost,Tailwind|||M|||50|,,,,,Dragon]Annihilape||SafetyGoggles|Defiant|CloseCombat,FinalGambit,RageFist,Taunt|||F|||50|,,,,,Water
|inactive|Battle timer is ON: inactive players will automatically lose when time's up. (requested by Karlye)
|inactive|Karlye has 60 seconds left.
|inactive|Karlye has 30 seconds left.
|inactive|Karlye has 20 seconds left.
|
|t:|1757703150
|teamsize|p1|4
|teamsize|p2|4
|start
|switch|p1a: Basculegion|Basculegion, L50, M|100/100
|switch|p1b: Kommo-o|Kommo-o, L50, F|100/100
|switch|p2a: Sneasler|Sneasler, L50, F, shiny|100/100
|switch|p2b: Indeedee|Indeedee, L50, M, shiny|100/100
|-fieldstart|move: Psychic Terrain|[from] ability: Psychic Surge|[of] p2b: Indeedee
|-enditem|p2a: Sneasler|Psychic Seed
|-boost|p2a: Sneasler|spd|1|[from] item: Psychic Seed
|turn|1
|inactive|Karlye has 30 seconds left.
|inactive|Karlye has 20 seconds left.
|inactive|Karlye has 15 seconds left.
|
|t:|1757703194
|move|p1b: Kommo-o|Protect|p1b: Kommo-o
|-singleturn|p1b: Kommo-o|Protect
|move|p2a: Sneasler|Throat Chop|p1a: Basculegion
|-supereffective|p1a: Basculegion
|-damage|p1a: Basculegion|33/100
|-start|p1a: Basculegion|Throat Chop|[silent]
|move|p2b: Indeedee|Expanding Force|p1b: Kommo-o|[spread] p1a
|-activate|p1b: Kommo-o|move: Protect
|-damage|p1a: Basculegion|0 fnt
|faint|p1a: Basculegion
|
|upkeep
|
|t:|1757703203
|switch|p1a: Incineroar|Incineroar, L50, M|100/100
|-ability|p1a: Incineroar|Intimidate|boost
|-unboost|p2a: Sneasler|atk|1
|-unboost|p2b: Indeedee|atk|1
|turn|2
|inactive|Karlye has 30 seconds left.
|
|t:|1757703234
|-terastallize|p1b: Kommo-o|Fire
|move|p2a: Sneasler|Dire Claw|p1b: Kommo-o
|-damage|p1b: Kommo-o|81/100
|-status|p1b: Kommo-o|par
|move|p2b: Indeedee|Expanding Force|p1b: Kommo-o|[spread] p1b
|-immune|p1a: Incineroar
|-damage|p1b: Kommo-o|31/100 par
|move|p1a: Incineroar|Knock Off|p2b: Indeedee
|-supereffective|p2b: Indeedee
|-damage|p2b: Indeedee|0 fnt
|-enditem|p2b: Indeedee|Choice Scarf|[from] move: Knock Off|[of] p1a: Incineroar
|faint|p2b: Indeedee
|move|p1b: Kommo-o|Flamethrower|p2a: Sneasler
|-damage|p2a: Sneasler|71/100
|
|-heal|p1b: Kommo-o|37/100 par|[from] item: Leftovers
|upkeep
|
|t:|1757703253
|switch|p2b: Corviknight|Corviknight, L50, M|100/100
|turn|3
|
|t:|1757703269
|move|p2a: Sneasler|Close Combat|p1a: Incineroar
|-supereffective|p1a: Incineroar
|-damage|p1a: Incineroar|35/100
|-unboost|p2a: Sneasler|def|1
|-unboost|p2a: Sneasler|spd|1
|move|p2b: Corviknight|Brave Bird|p1b: Kommo-o
|-damage|p1b: Kommo-o|7/100 par
|-damage|p2b: Corviknight|92/100|[from] Recoil
|move|p1a: Incineroar|Flare Blitz|p2a: Sneasler
|-damage|p2a: Sneasler|0 fnt
|faint|p2a: Sneasler
|-damage|p1a: Incineroar|17/100|[from] Recoil
|cant|p1b: Kommo-o|par
|
|-heal|p2b: Corviknight|98/100|[from] item: Leftovers
|-heal|p1b: Kommo-o|13/100 par|[from] item: Leftovers
|upkeep
|
|t:|1757703282
|switch|p2a: Tyranitar|Tyranitar, L50, F, shiny|100/100
|-weather|Sandstorm|[from] ability: Sand Stream|[of] p2a: Tyranitar
|turn|4
|inactive|Karlye has 30 seconds left.
|
|t:|1757703311
|switch|p1a: Ninetales|Ninetales-Alola, L50, M|100/100
|-weather|Snowscape|[from] ability: Snow Warning|[of] p1a: Ninetales
|move|p1b: Kommo-o|Protect|p1b: Kommo-o
|-singleturn|p1b: Kommo-o|Protect
|move|p2a: Tyranitar|Rock Slide|p1a: Ninetales|[spread] 
|-activate|p1b: Kommo-o|move: Protect
|-miss|p2a: Tyranitar|p1a: Ninetales
|move|p2b: Corviknight|Tailwind|p2b: Corviknight
|-sidestart|p2: Karlye|move: Tailwind
|
|-weather|Snowscape|[upkeep]
|-heal|p2b: Corviknight|100/100|[from] item: Leftovers
|-heal|p1b: Kommo-o|19/100 par|[from] item: Leftovers
|upkeep
|turn|5
|inactive|Karlye has 30 seconds left.
|inactive|Karlye has 20 seconds left.
|
|t:|1757703351
|move|p2a: Tyranitar|Rock Slide|p1a: Ninetales|[spread] p1a,p1b
|-supereffective|p1a: Ninetales
|-supereffective|p1b: Kommo-o
|-damage|p1a: Ninetales|35/100
|-damage|p1b: Kommo-o|0 fnt
|faint|p1b: Kommo-o
|move|p2b: Corviknight|Brave Bird|p1a: Ninetales
|-damage|p1a: Ninetales|0 fnt
|faint|p1a: Ninetales
|-damage|p2b: Corviknight|92/100|[from] Recoil
|
|-weather|Snowscape|[upkeep]
|-heal|p2b: Corviknight|98/100|[from] item: Leftovers
|-fieldend|move: Psychic Terrain
|upkeep
|
|t:|1757703359
|switch|p1b: Incineroar|Incineroar, L50, M|17/100
|-ability|p1b: Incineroar|Intimidate|boost
|-unboost|p2a: Tyranitar|atk|1
|-ability|p2b: Corviknight|Mirror Armor
|-unboost|p1b: Incineroar|atk|1
|turn|6
|
|t:|1757703369
|move|p2a: Tyranitar|Low Kick|p1b: Incineroar
|-supereffective|p1b: Incineroar
|-damage|p1b: Incineroar|0 fnt
|faint|p1b: Incineroar
|
|win|Karlye
