|j|☆jamirolol
|j|☆enrico20022002
|html|jamirololenrico20022002    
|uhtml|bestof|Game 2 of a best-of-3
|t:|1757920477
|gametype|doubles
|player|p1|jamirolol|102|1261
|player|p2|enrico20022002|266|1319
|gen|9
|tier|[Gen 9] VGC 2025 Reg H (Bo3)
|rated|
|rule|Species Clause: Limit one of each Pokémon
|rule|Item Clause: Limit 1 of each item
|clearpoke
|poke|p1|Volcarona, L50, F|
|poke|p1|Rillaboom, L50, M|
|poke|p1|Sneasler, L50, F|
|poke|p1|Dragapult, L50, F|
|poke|p1|Oricorio-Sensu, L50, F|
|poke|p1|Tyranitar, L50, M|
|poke|p2|Incineroar, L50, M|
|poke|p2|Rillaboom, L50, M|
|poke|p2|Kingambit, L50, M|
|poke|p2|Dragonite, L50, F|
|poke|p2|Ninetales-Alola, L50, F|
|poke|p2|Ursaluna-Bloodmoon, L50, M|
|teampreview|4
|showteam|p1|Volcarona||Leftovers|FlameBody|FieryDance,GigaDrain,QuiverDance,Protect|||F|||50|,,,,,Steel]Rillaboom||AssaultVest|GrassySurge|HighHorsepower,FakeOut,GrassyGlide,WoodHammer|||M|||50|,,,,,Fire]Sneasler||GrassySeed|Unburden|DireClaw,FakeOut,CloseCombat,Protect|||F|||50|,,,,,Dark]Dragapult||ChoiceBand|ClearBody|Uturn,DragonDarts,PhantomForce,PsychicFangs|||F|||50|,,,,,Dragon]Oricorio-Sensu||FocusSash|Dancer|RevelationDance,AlluringVoice,Taunt,Protect|||F|||50|,,,,,Ground]Tyranitar||ClearAmulet|SandStream|Protect,DragonDance,RockSlide,KnockOff|||M|||50|,,,,,Fire
|showteam|p2|Incineroar||SitrusBerry|Intimidate|FakeOut,FlareBlitz,KnockOff,Protect|||M|||50|,,,,,Ghost]Rillaboom||AssaultVest|GrassySurge|FakeOut,HighHorsepower,GrassyGlide,WoodHammer|||M|||50|,,,,,Fire]Kingambit||BlackGlasses|Defiant|KowtowCleave,SuckerPunch,SwordsDance,Protect|||M|||50|,,,,,Dark]Dragonite||LoadedDice|Multiscale|ScaleShot,Haze,Tailwind,Protect|||F|||50|,,,,,Fairy]Ninetales-Alola||FocusSash|SnowWarning|Blizzard,IcyWind,Protect,Encore|||F|||50|,,,,,Ghost]Ursaluna-Bloodmoon||LifeOrb|MindsEye|BloodMoon,HyperVoice,EarthPower,Protect|||M|||50|,,,,,Normal
|inactive|Battle timer is ON: inactive players will automatically lose when time's up. (requested by jamirolol)
|inactive|enrico20022002 also wants the timer to be on.
|inactive|jamirolol has 60 seconds left.
|
|t:|1757920509
|teamsize|p1|4
|teamsize|p2|4
|start
|switch|p1a: Dragapult|Dragapult, L50, F|100/100
|switch|p1b: Sneasler|Sneasler, L50, F, shiny|100/100
|switch|p2a: Dragonite|Dragonite, L50, F|100/100
|switch|p2b: Incineroar|Incineroar, L50, M|100/100
|-ability|p2b: Incineroar|Intimidate|boost
|-fail|p1a: Dragapult|unboost|[from] ability: Clear Body|[of] p1a: Dragapult
|-unboost|p1b: Sneasler|atk|1
|turn|1
|
|t:|1757920524
|-terastallize|p1a: Dragapult|Dragon
|move|p2a: Dragonite|Protect|p2a: Dragonite
|-singleturn|p2a: Dragonite|Protect
|move|p1b: Sneasler|Fake Out|p2a: Dragonite
|-activate|p2a: Dragonite|move: Protect
|move|p1a: Dragapult|Dragon Darts|p2b: Incineroar
|-damage|p2b: Incineroar|46/100
|-enditem|p2b: Incineroar|Sitrus Berry|[eat]
|-heal|p2b: Incineroar|71/100|[from] item: Sitrus Berry
|-anim|p1a: Dragapult|Dragon Darts|p2b: Incineroar
|-damage|p2b: Incineroar|22/100
|move|p2b: Incineroar|Knock Off|p1a: Dragapult
|-damage|p1a: Dragapult|47/100
|-enditem|p1a: Dragapult|Choice Band|[from] move: Knock Off|[of] p2b: Incineroar
|
|upkeep
|turn|2
|
|t:|1757920549
|switch|p2a: Ursaluna|Ursaluna-Bloodmoon, L50, M|100/100
|move|p1a: Dragapult|Dragon Darts|p2b: Incineroar
|-damage|p2b: Incineroar|0 fnt
|-anim|p1a: Dragapult|Dragon Darts|p2a: Ursaluna
|-damage|p2a: Ursaluna|73/100
|faint|p2b: Incineroar
|move|p1b: Sneasler|Dire Claw|p2a: Ursaluna
|-resisted|p2a: Ursaluna
|-damage|p2a: Ursaluna|61/100
|
|upkeep
|
|t:|1757920561
|switch|p2b: Ninetales|Ninetales-Alola, L50, F|100/100
|-weather|Snowscape|[from] ability: Snow Warning|[of] p2b: Ninetales
|turn|3
|
|t:|1757920582
|switch|p1a: Rillaboom|Rillaboom, L50, M|100/100
|-fieldstart|move: Grassy Terrain|[from] ability: Grassy Surge|[of] p1a: Rillaboom
|-enditem|p1b: Sneasler|Grassy Seed
|-boost|p1b: Sneasler|def|1|[from] item: Grassy Seed
|move|p2b: Ninetales|Protect|p2b: Ninetales
|-singleturn|p2b: Ninetales|Protect
|move|p1b: Sneasler|Dire Claw|p2b: Ninetales
|-activate|p2b: Ninetales|move: Protect
|move|p2a: Ursaluna|Blood Moon|p1b: Sneasler
|-damage|p1b: Sneasler|0 fnt
|faint|p1b: Sneasler
|-damage|p2a: Ursaluna|51/100|[from] item: Life Orb
|
|-weather|Snowscape|[upkeep]
|-heal|p2a: Ursaluna|57/100|[from] Grassy Terrain
|upkeep
|
|t:|1757920600
|switch|p1b: Dragapult|Dragapult, L50, F, tera:Dragon|47/100
|turn|4
|
|t:|1757920620
|switch|p2b: Dragonite|Dragonite, L50, F|100/100
|move|p2a: Ursaluna|Protect|p2a: Ursaluna
|-singleturn|p2a: Ursaluna|Protect
|move|p1a: Rillaboom|Fake Out|p2b: Dragonite
|-damage|p2b: Dragonite|93/100
|move|p1b: Dragapult|Phantom Force||[still]
|-prepare|p1b: Dragapult|Phantom Force
|
|-weather|Snowscape|[upkeep]
|-heal|p2a: Ursaluna|63/100|[from] Grassy Terrain
|upkeep
|turn|5
|
|t:|1757920641
|-terastallize|p2a: Ursaluna|Normal
|move|p1b: Dragapult|Phantom Force|p2b: Dragonite|[from] lockedmove
|-damage|p2b: Dragonite|44/100
|move|p2b: Dragonite|Tailwind|p2b: Dragonite
|-sidestart|p2: enrico20022002|move: Tailwind
|move|p2a: Ursaluna|Blood Moon|p1a: Rillaboom
|-damage|p1a: Rillaboom|0 fnt
|faint|p1a: Rillaboom
|-damage|p2a: Ursaluna|53/100|[from] item: Life Orb
|
|-weather|Snowscape|[upkeep]
|-heal|p1b: Dragapult|53/100|[from] Grassy Terrain
|-heal|p2a: Ursaluna|59/100|[from] Grassy Terrain
|upkeep
|
|t:|1757920648
|switch|p1a: Oricorio|Oricorio-Sensu, L50, F|100/100
|turn|6
|
|t:|1757920669
|move|p1a: Oricorio|Protect|p1a: Oricorio
|-singleturn|p1a: Oricorio|Protect
|move|p2b: Dragonite|Scale Shot|p1b: Dragapult
|-supereffective|p1b: Dragapult
|-damage|p1b: Dragapult|16/100
|-supereffective|p1b: Dragapult
|-damage|p1b: Dragapult|0 fnt
|faint|p1b: Dragapult
|-hitcount|p1: Dragapult|2
|-unboost|p2b: Dragonite|def|1
|-boost|p2b: Dragonite|spe|1
|move|p2a: Ursaluna|Hyper Voice|p1a: Oricorio
|-activate|p1a: Oricorio|move: Protect
|
|-weather|Snowscape|[upkeep]
|-heal|p2a: Ursaluna|65/100|[from] Grassy Terrain
|upkeep
|turn|7
|-message|jamirolol forfeited.
|
|win|enrico20022002
|l|☆jamirolol
|player|p1|
|j|☆jamirolol
|player|p1|jamirolol|102|
|l|☆enrico20022002
|player|p2|
||jamirolol is ready for game 3.
||enrico20022002 is ready for game 3.
|uhtml|next|Next: Game 3 of 3
