|j|☆Vylerean
|j|☆Cristante terabug
|html|VylereanCristante terabug    
|uhtml|bestof|Game 2 of a best-of-3
|t:|1756373803
|gametype|doubles
|player|p1|Vylerean|gentleman|1073
|player|p2|Cristante terabug|kieran-champion|1086
|gen|9
|tier|[Gen 9] VGC 2025 Reg H (Bo3)
|rated|
|rule|Species Clause: Limit one of each Pokémon
|rule|Item Clause: Limit 1 of each item
|clearpoke
|poke|p1|Ursaluna, L50, M|
|poke|p1|Jumpluff, L50, M|
|poke|p1|Charizard, L50, M|
|poke|p1|Torkoal, L50, F|
|poke|p1|Incineroar, L50, M|
|poke|p1|Porygon2, L50|
|poke|p2|Tyranitar, L50, M|
|poke|p2|Kommo-o, L50, F|
|poke|p2|Primarina, L50, F|
|poke|p2|Corviknight, L50, F|
|poke|p2|Incineroar, L50, F|
|poke|p2|Sinistcha, L50|
|teampreview|4
|showteam|p1|Ursaluna||FlameOrb|Guts|HeadlongRush,Facade,Earthquake,Protect|||M|||50|,,,,,Ghost]Jumpluff||CovertCloak|Chlorophyll|SleepPowder,SunnyDay,Tailwind,RagePowder|||M|||50|,,,,,Fire]Charizard||ChoiceSpecs|SolarPower|DragonPulse,HeatWave,Overheat,WeatherBall|||M|||50|,,,,,Ghost]Torkoal||EjectPack|Drought|ClearSmog,Eruption,Overheat,Protect|||F|||50|,,,,,Fire]Incineroar||SitrusBerry|Intimidate|FakeOut,FlareBlitz,KnockOff,PartingShot|||M|||50|,,,,,Ghost]Porygon2||Eviolite|Download|TeraBlast,IceBeam,Recover,TrickRoom||||||50|,,,,,Fighting
|showteam|p2|Tyranitar||AssaultVest|SandStream|KnockOff,LowKick,RockSlide,TeraBlast|||M|||50|,,,,,Flying]Kommo-o||Leftovers|Overcoat|BodyPress,IronDefense,ThroatChop,Protect|||F|||50|,,,,,Steel]Primarina||MysticWater|LiquidVoice|Haze,Moonblast,HyperVoice,Protect|||F|||50|,,,,,Poison]Corviknight||SitrusBerry|MirrorArmor|BraveBird,BulkUp,Roost,Tailwind|||F|||50|,,,,,Ghost]Incineroar||SafetyGoggles|Intimidate|KnockOff,PartingShot,FlareBlitz,FakeOut|||F|||50|,,,,,Ghost]Sinistcha||RockyHelmet|Hospitality|Protect,MatchaGotcha,RagePowder,ShadowBall||||||50|,,,,,Water
|inactive|Battle timer is ON: inactive players will automatically lose when time's up. (requested by Vylerean)
|
|t:|1756373811
|teamsize|p1|4
|teamsize|p2|4
|start
|switch|p1a: Charizard|Charizard, L50, M, shiny|100/100
|switch|p1b: Jumpluff|Jumpluff, L50, M|100/100
|switch|p2a: Basil|Incineroar, L50, F|100/100
|switch|p2b: Omori|Kommo-o, L50, F|100/100
|-ability|p2a: Basil|Intimidate|boost
|-unboost|p1a: Charizard|atk|1
|-unboost|p1b: Jumpluff|atk|1
|turn|1
|
|t:|1756373830
|move|p2a: Basil|Fake Out|p1a: Charizard
|-damage|p1a: Charizard|84/100
|move|p1b: Jumpluff|Sunny Day|p1b: Jumpluff
|-weather|SunnyDay
|cant|p1a: Charizard|flinch
|move|p2b: Omori|Iron Defense|p2b: Omori
|-boost|p2b: Omori|def|2
|
|-weather|SunnyDay|[upkeep]
|-damage|p1a: Charizard|72/100|[from] ability: Solar Power|[of] p1a: Charizard
|upkeep
|turn|2
|
|t:|1756373842
|move|p2b: Omori|Protect|p2b: Omori
|-singleturn|p2b: Omori|Protect
|move|p1b: Jumpluff|Sleep Powder|p2b: Omori
|-activate|p2b: Omori|move: Protect
|move|p1a: Charizard|Heat Wave|p2a: Basil|[spread] p2a
|-activate|p2b: Omori|move: Protect
|-resisted|p2a: Basil
|-damage|p2a: Basil|48/100
|move|p2a: Basil|Flare Blitz|p1b: Jumpluff
|-supereffective|p1b: Jumpluff
|-damage|p1b: Jumpluff|0 fnt
|faint|p1b: Jumpluff
|-damage|p2a: Basil|18/100|[from] Recoil
|
|-weather|SunnyDay|[upkeep]
|-damage|p1a: Charizard|59/100|[from] ability: Solar Power|[of] p1a: Charizard
|upkeep
|
|t:|1756373847
|switch|p1b: Porygon2|Porygon2, L50|100/100
|-ability|p1b: Porygon2|Download|boost
|-boost|p1b: Porygon2|spa|1
|turn|3
|
|t:|1756373864
|move|p1a: Charizard|Heat Wave|p2b: Omori|[spread] p2a,p2b
|-resisted|p2a: Basil
|-resisted|p2b: Omori
|-damage|p2a: Basil|0 fnt
|-damage|p2b: Omori|50/100
|faint|p2a: Basil
|move|p2b: Omori|Body Press|p1b: Porygon2
|-supereffective|p1b: Porygon2
|-damage|p1b: Porygon2|7/100
|move|p1b: Porygon2|Trick Room|p1b: Porygon2
|-fieldstart|move: Trick Room|[of] p1b: Porygon2
|
|-weather|SunnyDay|[upkeep]
|-damage|p1a: Charizard|47/100|[from] ability: Solar Power|[of] p1a: Charizard
|-heal|p2b: Omori|56/100|[from] item: Leftovers
|upkeep
|
|t:|1756373873
|switch|p2a: Hero|Tyranitar, L50, M|100/100
|-weather|Sandstorm|[from] ability: Sand Stream|[of] p2a: Hero
|turn|4
|
|t:|1756373883
|-terastallize|p2a: Hero|Flying
|move|p1b: Porygon2|Recover|p1b: Porygon2
|-heal|p1b: Porygon2|57/100
|move|p2a: Hero|Rock Slide|p1b: Porygon2|[spread] p1a,p1b
|-supereffective|p1a: Charizard
|-crit|p1a: Charizard
|-damage|p1a: Charizard|0 fnt
|-damage|p1b: Porygon2|36/100
|faint|p1a: Charizard
|move|p2b: Omori|Body Press|p1b: Porygon2
|-supereffective|p1b: Porygon2
|-damage|p1b: Porygon2|0 fnt
|faint|p1b: Porygon2
|
|-weather|Sandstorm|[upkeep]
|-damage|p2a: Hero|95/100|[from] Sandstorm
|-heal|p2b: Omori|61/100|[from] item: Leftovers
|upkeep
|
|t:|1756373890
|switch|p1a: Ursaluna|Ursaluna, L50, M|100/100
|turn|5
|
|t:|1756373896
|move|p1a: Ursaluna|Protect|p1a: Ursaluna
|-singleturn|p1a: Ursaluna|Protect
|move|p2a: Hero|Knock Off|p1a: Ursaluna
|-activate|p1a: Ursaluna|move: Protect
|move|p2b: Omori|Iron Defense|p2b: Omori
|-boost|p2b: Omori|def|2
|
|-weather|Sandstorm|[upkeep]
|-damage|p2a: Hero|89/100|[from] Sandstorm
|-heal|p2b: Omori|67/100|[from] item: Leftovers
|-status|p1a: Ursaluna|brn|[from] item: Flame Orb
|upkeep
|turn|6
|
|t:|1756373906
|move|p1a: Ursaluna|Facade|p2a: Hero
|-damage|p2a: Hero|0 fnt
|faint|p2a: Hero
|move|p2b: Omori|Body Press|p1a: Ursaluna
|-supereffective|p1a: Ursaluna
|-damage|p1a: Ursaluna|0 fnt
|faint|p1a: Ursaluna
|
|win|Cristante terabug
|raw|Vylerean's rating: 1073 → 1053(-20 for losing)
|raw|Cristante terabug's rating: 1086 → 1112(+26 for winning)
