|j|☆AtsuyaFubukii
|j|☆sophiadeclare
|html|AtsuyaFubukiisophiadeclare    
|uhtml|bestof|Game 1 of a best-of-3
|t:|1784209437
|gametype|doubles
|player|p1|AtsuyaFubukii|acetrainer-gen4dp|1167
|player|p2|sophiadeclare|hilbert-wonderlauncher|1077
|gen|9
|tier|[Gen 9 Champions] VGC 2026 Reg M-B (Bo3)
|rated|
|rule|Species Clause: Limit one of each Pokémon
|rule|Item Clause: Limit 1 of each item
|clearpoke
|poke|p1|Blaziken, L50, M|
|poke|p1|Venusaur, L50, M|
|poke|p1|Ninetales-Alola, L50, F|
|poke|p1|Lycanroc-Dusk, L50, F|
|poke|p1|Kingambit, L50, M|
|poke|p1|Basculegion, L50, M|
|poke|p2|Kingambit, L50, M, shiny|
|poke|p2|Garchomp, L50, M, shiny|
|poke|p2|Farigiraf, L50, M, shiny|
|poke|p2|Sylveon, L50, M, shiny|
|poke|p2|Aerodactyl, L50, F, shiny|
|poke|p2|Charizard, L50, M, shiny|
|teampreview|4
|showteam|p1|Blaziken||Blazikenite|SpeedBoost|Detect,StoneEdge,CloseCombat,FlareBlitz|Adamant||M|||50|]Venusaur||Venusaurite|Chlorophyll|GigaDrain,SludgeBomb,EarthPower,Protect|Modest||M|||50|]Ninetales-Alola||NeverMeltIce|SnowWarning|Blizzard,FreezeDry,Encore,Protect|Timid||F|||50|]Lycanroc-Dusk||FocusSash|ToughClaws|CloseCombat,Accelerock,RockSlide,Protect|Jolly||F|||50|]Kingambit||LifeOrb|Defiant|KowtowCleave,SuckerPunch,IronHead,Protect|Adamant||M|||50|]Basculegion||ChoiceScarf|Adaptability|WaveCrash,LastRespects,AquaJet,FlipTurn|Jolly||M|||50|
|showteam|p2|Kingambit||FocusSash|Defiant|SuckerPunch,KowtowCleave,LowKick,IronHead|Adamant||M|||50|]Garchomp||LifeOrb|RoughSkin|Earthquake,DragonClaw,StompingTantrum,Protect|Jolly||M|||50|]Farigiraf||SitrusBerry|ArmorTail|Psychic,Thunderbolt,TrickRoom,Protect|Bold||M|||50|]Sylveon||FairyFeather|Pixilate|HyperVoice,HyperBeam,QuickAttack,Detect|Modest||M|||50|]Aerodactyl||Aerodactylite|Unnerve|Tailwind,RockSlide,DualWingbeat,IceFang|Jolly||F|||50|]Charizard||CharizarditeY|SolarPower|Protect,HeatWave,WeatherBall,SolarBeam|Modest||M|||50|
|inactive|Battle timer is ON: inactive players will automatically lose when time's up. (requested by sophiadeclare)
|inactive|AtsuyaFubukii has 60 seconds left.
|inactive|sophiadeclare has 60 seconds left.
|inactive|AtsuyaFubukii has 30 seconds left.
|inactive|sophiadeclare has 30 seconds left.
|inactive|sophiadeclare has 20 seconds left.
|inactive|sophiadeclare has 15 seconds left.
|inactive|sophiadeclare has 10 seconds left.
|inactive|sophiadeclare has 5 seconds left.
|
|t:|1784209533
|teamsize|p1|4
|teamsize|p2|4
|start
|switch|p1a: Kingambit|Kingambit, L50, M|100/100
|switch|p1b: Venusaur|Venusaur, L50, M|100/100
|switch|p2a: bố meta|Aerodactyl, L50, F, shiny|100/100
|switch|p2b: đấm đau|Garchomp, L50, M, shiny|100/100
|-ability|p2a: bố meta|Unnerve
|turn|1
|inactive|AtsuyaFubukii has 30 seconds left.
|inactive|sophiadeclare has 30 seconds left.
|inactive|sophiadeclare has 20 seconds left.
|inactive|sophiadeclare has 15 seconds left.
|inactive|sophiadeclare has 10 seconds left.
|inactive|sophiadeclare has 5 seconds left.
|
|t:|1784209588
|detailschange|p1b: Venusaur|Venusaur-Mega, L50, M
|-mega|p1b: Venusaur|Venusaur|Venusaurite
|move|p2a: bố meta|Tailwind|p2a: bố meta
|-sidestart|p2: sophiadeclare|move: Tailwind
|move|p2b: đấm đau|Earthquake|p1a: Kingambit|[spread] p1a,p1b
|-immune|p2a: bố meta
|-supereffective|p1a: Kingambit|1
|-damage|p1a: Kingambit|23/100
|-damage|p1b: Venusaur|50/100g
|-damage|p2b: đấm đau|90/100|[from] item: Life Orb
|move|p1b: Venusaur|Giga Drain|p2b: đấm đau
|-damage|p2b: đấm đau|48/100
|-heal|p1b: Venusaur|75/100|[from] drain|[of] p2b: đấm đau
|move|p1a: Kingambit|Iron Head|p2a: bố meta
|-supereffective|p2a: bố meta|1
|-damage|p2a: bố meta|0 fnt
|faint|p2a: bố meta
|-damage|p1a: Kingambit|14/100|[from] item: Life Orb
|
|upkeep
|inactive|sophiadeclare has 30 seconds left.
|
|t:|1784209614
|switch|p2a: bố mày|Charizard, L50, M, shiny|100/100
|turn|2
|
|t:|1784209639
|move|p2a: bố mày|Protect|p2a: bố mày
|-singleturn|p2a: bố mày|Protect
|move|p1b: Venusaur|Protect|p1b: Venusaur
|-singleturn|p1b: Venusaur|Protect
|move|p1a: Kingambit|Sucker Punch|p2b: đấm đau
|-damage|p2b: đấm đau|0 fnt
|-damage|p1a: Kingambit|2/100|[from] ability: Rough Skin|[of] p2b: đấm đau
|faint|p2b: đấm đau
|-damage|p1a: Kingambit|0 fnt|[from] item: Life Orb
|faint|p1a: Kingambit
|
|upkeep
|
|t:|1784209651
|switch|p2b: cha già|Kingambit, L50, M, shiny|100/100
|switch|p1a: Lycanroc|Lycanroc-Dusk, L50, F|100/100
|turn|3
|inactive|sophiadeclare has 30 seconds left.
|inactive|sophiadeclare has 20 seconds left.
|inactive|sophiadeclare has 15 seconds left.
|
|t:|1784209695
|detailschange|p2a: bố mày|Charizard-Mega-Y, L50, M, shiny
|-mega|p2a: bố mày|Charizard|Charizardite Y
|-weather|SunnyDay|[from] ability: Drought|[of] p2a: bố mày
|move|p2b: cha già|Sucker Punch|p1a: Lycanroc
|-damage|p1a: Lycanroc|36/100
|move|p1a: Lycanroc|Accelerock|p2a: bố mày
|-supereffective|p2a: bố mày|2
|-damage|p2a: bố mày|14/100
|move|p2a: bố mày|Heat Wave|p1a: Lycanroc|[spread] p1a
|-miss|p2a: bố mày|p1b: Venusaur
|-resisted|p1a: Lycanroc|1
|-damage|p1a: Lycanroc|0 fnt
|faint|p1a: Lycanroc
|move|p1b: Venusaur|Earth Power|p2b: cha già
|-supereffective|p2b: cha già|1
|-damage|p2b: cha già|25/100
|
|-weather|SunnyDay|[upkeep]
|upkeep
|
|t:|1784209709
|switch|p1a: Ninetales|Ninetales-Alola, L50, F|100/100
|-weather|Snowscape|[from] ability: Snow Warning|[of] p1a: Ninetales
|turn|4
|
|t:|1784209730
|move|p1a: Ninetales|Protect|p1a: Ninetales
|-singleturn|p1a: Ninetales|Protect
|move|p1b: Venusaur|Protect|p1b: Venusaur
|-singleturn|p1b: Venusaur|Protect
|move|p2a: bố mày|Heat Wave|p1b: Venusaur|[spread] 
|-activate|p1a: Ninetales|move: Protect
|-activate|p1b: Venusaur|move: Protect
|move|p2b: cha già|Iron Head|p1a: Ninetales
|-activate|p1a: Ninetales|move: Protect
|
|-weather|Snowscape|[upkeep]
|-sideend|p2: sophiadeclare|move: Tailwind
|upkeep
|turn|5
|
|t:|1784209754
|move|p1a: Ninetales|Blizzard|p2b: cha già|[spread] p2a,p2b
|-resisted|p2b: cha già|1
|-damage|p2a: bố mày|0 fnt
|-damage|p2b: cha già|3/100
|faint|p2a: bố mày
|move|p1b: Venusaur|Sludge Bomb|p2b: cha già
|-immune|p2b: cha già
|move|p2b: cha già|Iron Head|p1a: Ninetales
|-supereffective|p1a: Ninetales|2
|-damage|p1a: Ninetales|0 fnt
|faint|p1a: Ninetales
|
|-weather|Snowscape|[upkeep]
|upkeep
|turn|6
|
|t:|1784209772
|move|p2b: cha già|Sucker Punch|p1b: Venusaur
|-damage|p1b: Venusaur|36/100
|move|p1b: Venusaur|Earth Power|p2b: cha già
|-supereffective|p2b: cha già|1
|-damage|p2b: cha già|0 fnt
|faint|p2b: cha già
|
|win|AtsuyaFubukii
||AtsuyaFubukii is ready for game 2.
|inactive|sophiadeclare has 30 seconds to confirm battle start!
