|j|☆sundawg
|j|☆bocin
|html|sundawgbocin    
|uhtml|bestof|Game 1 of a best-of-3
|t:|1785901181
|gametype|doubles
|player|p1|sundawg|265|
|player|p2|bocin|hilda-wonderlauncher|
|gen|9
|tier|[Gen 9 Champions] VGC 2026 Reg M-B (Bo3)
|rule|Species Clause: Limit one of each Pokémon
|rule|Item Clause: Limit 1 of each item
|clearpoke
|poke|p1|Archaludon, L50, F|
|poke|p1|Pelipper, L50, M|
|poke|p1|Swampert, L50, M|
|poke|p1|Garchomp, L50, M|
|poke|p1|Raichu, L50, M|
|poke|p1|Typhlosion, L50, M|
|poke|p2|Floette-Eternal, L50, F|
|poke|p2|Basculegion, L50, M, shiny|
|poke|p2|Sceptile, L50, F|
|poke|p2|Diggersby, L50, M|
|poke|p2|Drampa, L50, F, shiny|
|poke|p2|Incineroar, L50, F|
|teampreview|4
|showteam|p1|Archaludon||Leftovers|Stamina|ElectroShot,FlashCannon,DragonPulse,Protect|Modest||F|||50|]Pelipper||SitrusBerry|Drizzle|Hurricane,WeatherBall,WideGuard,Tailwind|Modest||M|||50|]Swampert||Swampertite|Torrent|Earthquake,WaveCrash,KnockOff,Protect|Adamant||M|||50|]Garchomp||LifeOrb|RoughSkin|DragonClaw,Earthquake,Protect,StompingTantrum|Adamant||M|||50|]Raichu||RaichuniteX|Static|FakeOut,Protect,VoltSwitch,VoltTackle|Jolly||M|||50|]Typhlosion||ChoiceScarf|Blaze|Eruption,WillOWisp,HeatWave,FocusBlast|Modest||M|||50|
|showteam|p2|Floette-Eternal||Floettite|FlowerVeil|Protect,DazzlingGleam,LightofRuin,Moonblast|Modest||F|||50|]Basculegion||MysticWater|Adaptability|AquaJet,WaveCrash,LastRespects,Protect|Adamant||M|||50|]Sceptile||LifeOrb|Overgrow|LeafStorm,GrassKnot,FocusBlast,EarthPower|Timid||F|||50|]Diggersby||ChoiceScarf|HugePower|HighHorsepower,RockTomb,GigaImpact,Uturn|Jolly||M|||50|]Drampa||ExpertBelt|CloudNine|DracoMeteor,HyperVoice,FireBlast,FocusBlast|Modest||F|||50|]Incineroar||Leftovers|Intimidate|FakeOut,PartingShot,HelpingHand,FlareBlitz|Careful||F|||50|
|
|t:|1785901315
|teamsize|p1|4
|teamsize|p2|4
|start
|switch|p1a: Pelipper|Pelipper, L50, M|100/100
|switch|p1b: Archaludon|Archaludon, L50, F|100/100
|switch|p2a: Incineroar|Incineroar, L50, F|100/100
|switch|p2b: Sceptile|Sceptile, L50, F|100/100
|-weather|RainDance|[from] ability: Drizzle|[of] p1a: Pelipper
|-ability|p2a: Incineroar|Intimidate|boost
|-unboost|p1a: Pelipper|atk|1
|-unboost|p1b: Archaludon|atk|1
|turn|1
|
|t:|1785901358
|move|p1b: Archaludon|Protect|p1b: Archaludon
|-singleturn|p1b: Archaludon|Protect
|move|p2a: Incineroar|Fake Out|p1b: Archaludon
|-activate|p1b: Archaludon|move: Protect
|move|p2b: Sceptile|Focus Blast|p1b: Archaludon
|-activate|p1b: Archaludon|move: Protect
|move|p1a: Pelipper|Tailwind|p1a: Pelipper
|-sidestart|p1: sundawg|move: Tailwind
|
|-weather|RainDance|[upkeep]
|upkeep
|turn|2
|
|t:|1785901415
|move|p1a: Pelipper|Hurricane|p2b: Sceptile
|-supereffective|p2b: Sceptile|1
|-damage|p2b: Sceptile|0 fnt
|faint|p2b: Sceptile
|move|p1b: Archaludon|Dragon Pulse|p2a: Incineroar
|-damage|p2a: Incineroar|62/100
|move|p2a: Incineroar|Parting Shot|p1a: Pelipper
|-unboost|p1a: Pelipper|atk|1
|-unboost|p1a: Pelipper|spa|1
|
|t:|1785901426
|switch|p2a: Basculegion|Basculegion, L50, M, shiny|100/100|[from] Parting Shot
|
|-weather|RainDance|[upkeep]
|upkeep
|
|t:|1785901431
|switch|p2b: Floette|Floette-Eternal, L50, F|100/100
|turn|3
|
|t:|1785901477
|detailschange|p2b: Floette|Floette-Mega, L50, F
|-mega|p2b: Floette|Floette|Floettite
|-ability|p2b: Floette|Fairy Aura
|move|p2b: Floette|Protect|p2b: Floette
|-singleturn|p2b: Floette|Protect
|move|p1a: Pelipper|Hurricane|p2b: Floette
|-activate|p2b: Floette|move: Protect
|move|p1b: Archaludon|Electro Shot||[still]
|-prepare|p1b: Archaludon|Electro Shot
|-boost|p1b: Archaludon|spa|1
|-anim|p1b: Archaludon|Electro Shot|p2a: Basculegion
|-supereffective|p2a: Basculegion|1
|-damage|p2a: Basculegion|0 fnt
|faint|p2a: Basculegion
|
|-weather|RainDance|[upkeep]
|upkeep
|
|t:|1785901491
|switch|p2a: Incineroar|Incineroar, L50, F|62/100
|-ability|p2a: Incineroar|Intimidate|boost
|-unboost|p1a: Pelipper|atk|1
|-unboost|p1b: Archaludon|atk|1
|turn|4
|
|t:|1785901583
|move|p2a: Incineroar|Helping Hand|p2b: Floette
|-singleturn|p2b: Floette|Helping Hand|[of] p2a: Incineroar
|move|p1a: Pelipper|Hurricane|p2b: Floette
|-damage|p2b: Floette|68/100
|move|p1b: Archaludon|Electro Shot||[still]
|-prepare|p1b: Archaludon|Electro Shot
|-boost|p1b: Archaludon|spa|1
|-anim|p1b: Archaludon|Electro Shot|p2b: Floette
|-damage|p2b: Floette|0 fnt
|faint|p2b: Floette
|
|-weather|RainDance|[upkeep]
|-heal|p2a: Incineroar|68/100|[from] item: Leftovers
|-sideend|p1: sundawg|move: Tailwind
|upkeep
|turn|5
|
|t:|1785901599
|move|p2a: Incineroar|Helping Hand|p2: Floette|[notarget]
|-fail|p2a: Incineroar
|move|p1a: Pelipper|Hurricane|p2a: Incineroar
|-damage|p2a: Incineroar|40/100
|move|p1b: Archaludon|Electro Shot||[still]
|-prepare|p1b: Archaludon|Electro Shot
|-boost|p1b: Archaludon|spa|1
|-anim|p1b: Archaludon|Electro Shot|p2a: Incineroar
|-damage|p2a: Incineroar|0 fnt
|faint|p2a: Incineroar
|
|win|sundawg
||sundawg is ready for game 2.
|inactive|bocin has 30 seconds to confirm battle start!
