|j|☆plantaineater
|j|☆palle synchro
|html|plantaineaterpalle synchro    
|uhtml|bestof|Game 3 of a best-of-3
|t:|1754255740
|gametype|doubles
|player|p1|plantaineater|clay|1291
|player|p2|palle synchro|volkner|1251
|gen|9
|tier|[Gen 9] VGC 2025 Reg H (Bo3)
|rated|
|rule|Species Clause: Limit one of each Pokémon
|rule|Item Clause: Limit 1 of each item
|clearpoke
|poke|p1|Ninetales-Alola, L50, M|
|poke|p1|Rillaboom, L50, M|
|poke|p1|Magmar, L50, F|
|poke|p1|Sneasler, L50, F|
|poke|p1|Kingambit, L50, M|
|poke|p1|Basculegion, L50, M|
|poke|p2|Whimsicott, L50, M|
|poke|p2|Dragonite, L50, M|
|poke|p2|Indeedee, L50, M|
|poke|p2|Sneasler, L50, M|
|poke|p2|Ursaluna-Bloodmoon, L50, M|
|poke|p2|Archaludon, L50, M|
|teampreview|4
|showteam|p1|Ninetales-Alola||NeverMeltIce|SnowWarning|Blizzard,FreezeDry,Encore,Protect|||M|||50|,,,,,Ghost]Rillaboom||AssaultVest|GrassySurge|WoodHammer,FakeOut,Uturn,GrassyGlide|||M|||50|,,,,,Ghost]Magmar||Eviolite|VitalSpirit|Protect,HeatWave,WillOWisp,FollowMe|||F|||50|,,,,,Ghost]Sneasler||FocusSash|PoisonTouch|FakeOut,DireClaw,CloseCombat,Protect|||F|||50|,,,,,Ghost]Kingambit||BlackGlasses|Defiant|KowtowCleave,SwordsDance,SuckerPunch,Protect|||M|||50|,,,,,Fire]Basculegion||ChoiceScarf|Adaptability|WaveCrash,FlipTurn,TeraBlast,LastRespects|||M|||50|,,,,,Fighting
|showteam|p2|Whimsicott||CovertCloak|Prankster|Moonblast,Taunt,Tailwind,Encore|||M|||50|,,,,,Water]Dragonite||LoadedDice|InnerFocus|ScaleShot,StompingTantrum,Haze,Protect|||M|||50|,,,,,Steel]Indeedee||FocusSash|PsychicSurge|ExpandingForce,TeraBlast,Imprison,TrickRoom|||M|||50|,,,,,Psychic]Sneasler||PsychicSeed|Unburden|CloseCombat,DireClaw,ThroatChop,Protect|||M|||50|,,,,,Dark]Ursaluna-Bloodmoon||LifeOrb|MindsEye|HyperVoice,BloodMoon,EarthPower,Protect|||M|||50|,,,,,Normal]Archaludon||PowerHerb|Stalwart|ElectroShot,DragonPulse,Thunderbolt,Protect|||M|||50|,,,,,Electric
|inactive|Battle timer is ON: inactive players will automatically lose when time's up. (requested by plantaineater)
|inactive|plantaineater has 60 seconds left.
|inactive|palle synchro has 60 seconds left.
|
|t:|1754255798
|teamsize|p1|4
|teamsize|p2|4
|start
|switch|p1a: Sneasler|Sneasler, L50, F|100/100
|switch|p1b: Ninetales|Ninetales-Alola, L50, M|100/100
|switch|p2a: Whimsicott|Whimsicott, L50, M|100/100
|switch|p2b: Ursaluna|Ursaluna-Bloodmoon, L50, M|100/100
|-weather|Snowscape|[from] ability: Snow Warning|[of] p1b: Ninetales
|turn|1
|inactive|plantaineater has 30 seconds left.
|
|t:|1754255824
|-terastallize|p2a: Whimsicott|Water
|move|p2b: Ursaluna|Protect|p2b: Ursaluna
|-singleturn|p2b: Ursaluna|Protect
|move|p1a: Sneasler|Close Combat|p2b: Ursaluna
|-activate|p2b: Ursaluna|move: Protect
|move|p2a: Whimsicott|Moonblast|p1a: Sneasler
|-damage|p1a: Sneasler|62/100
|move|p1b: Ninetales|Blizzard|p2a: Whimsicott|[spread] p2a
|-activate|p2b: Ursaluna|move: Protect
|-resisted|p2a: Whimsicott
|-damage|p2a: Whimsicott|74/100
|
|-weather|Snowscape|[upkeep]
|upkeep
|turn|2
|
|t:|1754255849
|switch|p1a: Kingambit|Kingambit, L50, M|100/100
|move|p2a: Whimsicott|Tailwind|p2a: Whimsicott
|-sidestart|p2: palle synchro|move: Tailwind
|move|p2b: Ursaluna|Hyper Voice|p1b: Ninetales|[spread] p1a,p1b
|-resisted|p1a: Kingambit
|-damage|p1a: Kingambit|75/100
|-damage|p1b: Ninetales|42/100
|-damage|p2b: Ursaluna|91/100|[from] item: Life Orb
|move|p1b: Ninetales|Blizzard|p2a: Whimsicott|[spread] p2a,p2b
|-resisted|p2a: Whimsicott
|-supereffective|p2b: Ursaluna
|-damage|p2a: Whimsicott|50/100
|-damage|p2b: Ursaluna|0 fnt
|faint|p2b: Ursaluna
|
|-weather|Snowscape|[upkeep]
|upkeep
|inactive|palle synchro has 30 seconds left.
|inactive|palle synchro has 20 seconds left.
|
|t:|1754255888
|switch|p2b: Archaludon|Archaludon, L50, M|100/100
|turn|3
|inactive|plantaineater has 30 seconds left.
|inactive|plantaineater has 20 seconds left.
|
|t:|1754255926
|switch|p2a: Sneasler|Sneasler, L50, M|100/100
|switch|p1a: Rillaboom|Rillaboom, L50, M|100/100
|-fieldstart|move: Grassy Terrain|[from] ability: Grassy Surge|[of] p1a: Rillaboom
|move|p1b: Ninetales|Protect|p1b: Ninetales
|-singleturn|p1b: Ninetales|Protect
|move|p2b: Archaludon|Electro Shot||[still]
|-prepare|p2b: Archaludon|Electro Shot
|-boost|p2b: Archaludon|spa|1
|-enditem|p2b: Archaludon|Power Herb
|-anim|p2b: Archaludon|Electro Shot|p1b: Ninetales
|-activate|p1b: Ninetales|move: Protect
|
|-weather|Snowscape|[upkeep]
|-heal|p1b: Ninetales|48/100|[from] Grassy Terrain
|upkeep
|turn|4
|
|t:|1754255947
|-terastallize|p1b: Ninetales|Ghost
|move|p1a: Rillaboom|Fake Out|p2b: Archaludon
|-resisted|p2b: Archaludon
|-damage|p2b: Archaludon|94/100
|move|p2a: Sneasler|Dire Claw|p1b: Ninetales
|-resisted|p1b: Ninetales
|-damage|p1b: Ninetales|18/100
|-status|p1b: Ninetales|par
|cant|p2b: Archaludon|flinch
|cant|p1b: Ninetales|par
|
|-weather|Snowscape|[upkeep]
|-heal|p2b: Archaludon|100/100|[from] Grassy Terrain
|-heal|p1b: Ninetales|24/100 par|[from] Grassy Terrain
|upkeep
|turn|5
|
|t:|1754255970
|switch|p1a: Kingambit|Kingambit, L50, M|75/100
|move|p2a: Sneasler|Dire Claw|p1a: Kingambit
|-immune|p1a: Kingambit
|move|p2b: Archaludon|Thunderbolt|p1b: Ninetales
|-damage|p1b: Ninetales|0 fnt
|faint|p1b: Ninetales
|
|-weather|none
|-heal|p1a: Kingambit|81/100|[from] Grassy Terrain
|-sideend|p2: palle synchro|move: Tailwind
|upkeep
|
|t:|1754255982
|switch|p1b: Sneasler|Sneasler, L50, F|62/100
|turn|6
|
|t:|1754255994
|switch|p2b: Whimsicott|Whimsicott, L50, M, tera:Water|50/100
|move|p1b: Sneasler|Fake Out|p2a: Sneasler
|-damage|p2a: Sneasler|81/100
|cant|p2a: Sneasler|flinch
|move|p1a: Kingambit|Swords Dance|p1a: Kingambit
|-boost|p1a: Kingambit|atk|2
|
|-heal|p1b: Sneasler|68/100|[from] Grassy Terrain
|-heal|p2b: Whimsicott|56/100|[from] Grassy Terrain
|-heal|p2a: Sneasler|87/100|[from] Grassy Terrain
|-heal|p1a: Kingambit|87/100|[from] Grassy Terrain
|upkeep
|turn|7
|inactive|plantaineater has 30 seconds left.
|
|t:|1754256023
|switch|p1b: Rillaboom|Rillaboom, L50, M|100/100
|move|p1a: Kingambit|Protect|p1a: Kingambit
|-singleturn|p1a: Kingambit|Protect
|move|p2b: Whimsicott|Moonblast|p1b: Rillaboom
|-damage|p1b: Rillaboom|81/100
|-unboost|p1b: Rillaboom|spa|1
|move|p2a: Sneasler|Dire Claw|p1b: Rillaboom
|-supereffective|p1b: Rillaboom
|-damage|p1b: Rillaboom|0 fnt
|faint|p1b: Rillaboom
|
|-heal|p2b: Whimsicott|62/100|[from] Grassy Terrain
|-heal|p2a: Sneasler|93/100|[from] Grassy Terrain
|-heal|p1a: Kingambit|93/100|[from] Grassy Terrain
|-fieldend|move: Grassy Terrain
|upkeep
|
|t:|1754256034
|switch|p1b: Sneasler|Sneasler, L50, F|68/100
|turn|8
|
|t:|1754256052
|move|p2a: Sneasler|Protect|p2a: Sneasler
|-singleturn|p2a: Sneasler|Protect
|move|p2b: Whimsicott|Tailwind|p2b: Whimsicott
|-sidestart|p2: palle synchro|move: Tailwind
|move|p1a: Kingambit|Sucker Punch||[still]
|-fail|p1a: Kingambit
|move|p1b: Sneasler|Close Combat|p2b: Whimsicott
|-damage|p2b: Whimsicott|0 fnt
|-unboost|p1b: Sneasler|def|1
|-unboost|p1b: Sneasler|spd|1
|faint|p2b: Whimsicott
|
|upkeep
|
|t:|1754256060
|switch|p2b: Archaludon|Archaludon, L50, M|100/100
|turn|9
|
|t:|1754256076
|move|p1b: Sneasler|Protect|p1b: Sneasler
|-singleturn|p1b: Sneasler|Protect
|move|p1a: Kingambit|Protect|p1a: Kingambit
|-singleturn|p1a: Kingambit|Protect
|move|p2a: Sneasler|Close Combat|p1a: Kingambit
|-activate|p1a: Kingambit|move: Protect
|move|p2b: Archaludon|Dragon Pulse|p1b: Sneasler
|-activate|p1b: Sneasler|move: Protect
|
|upkeep
|turn|10
|
|t:|1754256097
|move|p1a: Kingambit|Sucker Punch|p2a: Sneasler
|-resisted|p2a: Sneasler
|-damage|p2a: Sneasler|20/100
|move|p2a: Sneasler|Close Combat|p1a: Kingambit
|-supereffective|p1a: Kingambit
|-damage|p1a: Kingambit|0 fnt
|-unboost|p2a: Sneasler|def|1
|-unboost|p2a: Sneasler|spd|1
|faint|p1a: Kingambit
|move|p2b: Archaludon|Dragon Pulse|p1b: Sneasler
|-damage|p1b: Sneasler|0 fnt
|faint|p1b: Sneasler
|
|win|palle synchro
|raw|plantaineater's rating: 1291 → 1263(-28 for losing)
|raw|palle synchro's rating: 1251 → 1279(+28 for winning)
