|j|☆Sukzre
|j|☆tmjp01
|html|Sukzretmjp01    
|uhtml|bestof|Game 3 of a best-of-3
|t:|1782254550
|gametype|doubles
|player|p1|Sukzre|266|1138
|player|p2|tmjp01|102|1196
|gen|9
|tier|[Gen 9 Champions] VGC 2026 Reg M-B (Bo3)
|rated|
|rule|Species Clause: Limit one of each Pokémon
|rule|Item Clause: Limit 1 of each item
|clearpoke
|poke|p1|Tyranitar, L50, M|
|poke|p1|Sinistcha, L50|
|poke|p1|Rotom-Wash, L50|
|poke|p1|Excadrill, L50, M|
|poke|p1|Sneasler, L50, M|
|poke|p1|Clefable, L50, M|
|poke|p2|Corviknight, L50, M|
|poke|p2|Tyranitar, L50, M|
|poke|p2|Hydreigon, L50, M|
|poke|p2|Froslass, L50, F|
|poke|p2|Garchomp, L50, F|
|poke|p2|Arcanine-Hisui, L50, F|
|teampreview|4
|showteam|p1|Tyranitar||Tyranitarite|SandStream|RockSlide,KnockOff,Protect,DragonDance|Adamant||M|||50|]Sinistcha||ColburBerry|Hospitality|TrickRoom,MatchaGotcha,Protect,RagePowder|Bold|||||50|]Rotom-Wash||SitrusBerry|Levitate|WillOWisp,Thunderbolt,Protect,HydroPump|Bold|||||50|]Excadrill||LifeOrb|SandRush|Earthquake,Protect,IronHead,RockSlide|Adamant||M|||50|]Sneasler||WhiteHerb|Unburden|DireClaw,Coaching,CloseCombat,FakeOut|Jolly||M|||50|]Clefable||Leftovers|Unaware|Protect,AlluringVoice,FollowMe,Moonlight|Bold||M|||50|
|showteam|p2|Corviknight||OccaBerry|MirrorArmor|BraveBird,Protect,IronHead,Tailwind|Adamant||M|||50|]Tyranitar||Tyranitarite|SandStream|Protect,KnockOff,RockSlide,DragonDance|Adamant||M|||50|]Hydreigon||ChoiceScarf|Levitate|DarkPulse,DracoMeteor,EarthPower,ZenHeadbutt|Timid||M|||50|]Froslass||Froslassite|SnowCloak|Blizzard,Protect,ShadowBall,WeatherBall|Timid||F|||50|]Garchomp||LifeOrb|RoughSkin|Protect,DragonClaw,RockSlide,Earthquake|Jolly||F|||50|]Arcanine-Hisui||FocusSash|RockHead|Protect,HeadSmash,ExtremeSpeed,FlareBlitz|Adamant||F|||50|
|inactive|Battle timer is ON: inactive players will automatically lose when time's up. (requested by Sukzre)
|
|t:|1782254568
|teamsize|p1|4
|teamsize|p2|4
|start
|switch|p1a: Excadrill|Excadrill, L50, M|100/100
|switch|p1b: Clefable|Clefable, L50, M|100/100
|switch|p2a: Corviknight|Corviknight, L50, M|100/100
|switch|p2b: Arcanine|Arcanine-Hisui, L50, F|100/100
|turn|1
|
|t:|1782254590
|move|p1b: Clefable|Follow Me|p1b: Clefable
|-singleturn|p1b: Clefable|move: Follow Me
|move|p2b: Arcanine|Flare Blitz|p1b: Clefable
|-damage|p1b: Clefable|46/100
|move|p1a: Excadrill|Rock Slide|p2a: Corviknight|[spread] p2a,p2b
|-supereffective|p2b: Arcanine|1
|-damage|p2a: Corviknight|78/100
|-damage|p2b: Arcanine|33/100
|-damage|p1a: Excadrill|90/100|[from] item: Life Orb
|move|p2a: Corviknight|Tailwind|p2a: Corviknight
|-sidestart|p2: tmjp01|move: Tailwind
|
|-heal|p1b: Clefable|51/100|[from] item: Leftovers
|upkeep
|turn|2
|inactive|tmjp01 has 30 seconds left.
|
|t:|1782254625
|switch|p1b: Tyranitar|Tyranitar, L50, M|100/100
|-weather|Sandstorm|[from] ability: Sand Stream|[of] p1b: Tyranitar
|move|p2b: Arcanine|Protect|p2b: Arcanine
|-singleturn|p2b: Arcanine|Protect
|move|p1a: Excadrill|Protect|p1a: Excadrill
|-singleturn|p1a: Excadrill|Protect
|move|p2a: Corviknight|Iron Head|p1b: Tyranitar
|-supereffective|p1b: Tyranitar|1
|-damage|p1b: Tyranitar|53/100
|
|-weather|Sandstorm|[upkeep]
|upkeep
|turn|3
|
|t:|1782254649
|switch|p1b: Rotom|Rotom-Wash, L50|100/100
|move|p2b: Arcanine|Flare Blitz|p1a: Excadrill
|-supereffective|p1a: Excadrill|1
|-damage|p1a: Excadrill|0 fnt
|faint|p1a: Excadrill
|move|p2a: Corviknight|Iron Head|p1b: Rotom
|-resisted|p1b: Rotom|2
|-damage|p1b: Rotom|93/100
|
|-weather|Sandstorm|[upkeep]
|-damage|p1b: Rotom|87/100|[from] Sandstorm
|upkeep
|
|t:|1782254655
|switch|p1a: Tyranitar|Tyranitar, L50, M|53/100
|turn|4
|
|t:|1782254672
|move|p1a: Tyranitar|Protect|p1a: Tyranitar
|-singleturn|p1a: Tyranitar|Protect
|move|p2b: Arcanine|Head Smash|p1b: Rotom
|-damage|p1b: Rotom|26/100
|-enditem|p1b: Rotom|Sitrus Berry|[eat]
|-heal|p1b: Rotom|51/100|[from] item: Sitrus Berry
|move|p2a: Corviknight|Brave Bird|p1b: Rotom
|-resisted|p1b: Rotom|1
|-damage|p1b: Rotom|35/100
|-damage|p2a: Corviknight|73/100|[from] Recoil
|move|p1b: Rotom|Thunderbolt|p2b: Arcanine
|-damage|p2b: Arcanine|1/100
|
|-weather|Sandstorm|[upkeep]
|-damage|p1b: Rotom|29/100|[from] Sandstorm
|-sideend|p2: tmjp01|move: Tailwind
|upkeep
|turn|5
|
|t:|1782254696
|move|p2b: Arcanine|Extreme Speed|p1b: Rotom
|-damage|p1b: Rotom|3/100
|move|p1b: Rotom|Thunderbolt|p2a: Corviknight
|-supereffective|p2a: Corviknight|1
|-damage|p2a: Corviknight|15/100
|move|p2a: Corviknight|Iron Head|p1a: Tyranitar
|-supereffective|p1a: Tyranitar|1
|-damage|p1a: Tyranitar|8/100
|move|p1a: Tyranitar|Rock Slide|p2a: Corviknight|[spread] p2a,p2b
|-supereffective|p2b: Arcanine|1
|-damage|p2a: Corviknight|0 fnt
|-damage|p2b: Arcanine|0 fnt
|faint|p2a: Corviknight
|faint|p2b: Arcanine
|
|-weather|Sandstorm|[upkeep]
|-damage|p1b: Rotom|0 fnt|[from] Sandstorm
|faint|p1b: Rotom
|upkeep
|
|t:|1782254712
|switch|p2b: Garchomp|Garchomp, L50, F|100/100
|switch|p1b: Clefable|Clefable, L50, M|51/100
|switch|p2a: Froslass|Froslass, L50, F|100/100
|turn|6
|-message|Sukzre forfeited.
|raw|Sukzre's rating: 1138 → 1117(-21 for losing)
|raw|tmjp01's rating: 1196 → 1217(+21 for winning)
|
|win|tmjp01
|l|☆Sukzre
|player|p1|
