|j|☆lettitripppp
|j|☆kememe
|html|lettitrippppkememe    
|uhtml|bestof|Game 1 of a best-of-3
|t:|1784237236
|gametype|doubles
|player|p1|lettitripppp|lucas|1252
|player|p2|kememe|2|1159
|gen|9
|tier|[Gen 9 Champions] VGC 2026 Reg M-B (Bo3)
|rated|
|rule|Species Clause: Limit one of each Pokémon
|rule|Item Clause: Limit 1 of each item
|clearpoke
|poke|p1|Charizard, L50, M, shiny|
|poke|p1|Basculegion, L50, M, shiny|
|poke|p1|Pelipper, L50, F|
|poke|p1|Venusaur, L50, F|
|poke|p1|Archaludon, L50, F|
|poke|p1|Grimmsnarl, L50, M, shiny|
|poke|p2|Charizard, L50, F|
|poke|p2|Rotom-Wash, L50|
|poke|p2|Garchomp, L50, F|
|poke|p2|Aerodactyl, L50, M|
|poke|p2|Floette-Eternal, L50, F|
|poke|p2|Sneasler, L50, M|
|teampreview|4
|showteam|p1|Charizard||CharizarditeY|Blaze|WeatherBall,SolarBeam,HeatWave,Protect|Modest||M|||50|]Basculegion||ChoiceScarf|Adaptability|LastRespects,WaveCrash,FlipTurn,AquaJet|Jolly||M|||50|]Pelipper||SitrusBerry|Drizzle|WeatherBall,WideGuard,Hurricane,Tailwind|Modest||F|||50|]Venusaur||FocusSash|Chlorophyll|SleepPowder,SludgeBomb,EarthPower,Protect|Modest||F|||50|]Archaludon||Leftovers|Stamina|FlashCannon,DragonPulse,ElectroShot,Protect|Calm||F|||50|]Grimmsnarl||LightClay|Prankster|PartingShot,LightScreen,SpiritBreak,Reflect|Relaxed||M|||50|
|showteam|p2|Charizard||CharizarditeY|SolarPower|SolarBeam,Protect,WeatherBall,HeatWave|Modest||F|||50|]Rotom-Wash||ChoiceScarf|Levitate|HydroPump,VoltSwitch,Thunderbolt,Electroweb|Modest|||||50|]Garchomp||LifeOrb|RoughSkin|Earthquake,Protect,RockSlide,DragonClaw|Adamant||F|||50|]Aerodactyl||FocusSash|Unnerve|RockSlide,Protect,DualWingbeat,Tailwind|Adamant||M|||50|]Floette-Eternal||Floettite|FlowerVeil|DazzlingGleam,Protect,Moonblast,LightofRuin|Modest||F|||50|]Sneasler||WhiteHerb|Unburden|FakeOut,CloseCombat,DireClaw,Protect|Adamant||M|||50|
|inactive|Battle timer is ON: inactive players will automatically lose when time's up. (requested by lettitripppp)
|inactive|kememe has 60 seconds left.
|
|t:|1784237271
|teamsize|p1|4
|teamsize|p2|4
|start
|switch|p1a: GHOSTWAVE|Basculegion, L50, M, shiny|100/100
|switch|p1b: GO JOHAN|Grimmsnarl, L50, M, shiny|100/100
|switch|p2a: Aerodactyl|Aerodactyl, L50, M|100/100
|switch|p2b: Rotom|Rotom-Wash, L50|100/100
|-ability|p2a: Aerodactyl|Unnerve
|turn|1
|
|t:|1784237287
|move|p1b: GO JOHAN|Light Screen|p1b: GO JOHAN
|-sidestart|p1: lettitripppp|move: Light Screen
|move|p1a: GHOSTWAVE|Flip Turn|p2b: Rotom
|-resisted|p2b: Rotom|1
|-damage|p2b: Rotom|72/100
|
|t:|1784237291
|switch|p1a: BEYOND BRIDGE|Archaludon, L50, F|100/100|[from] Flip Turn
|move|p2b: Rotom|Volt Switch|p1a: BEYOND BRIDGE
|-resisted|p1a: BEYOND BRIDGE|1
|-damage|p1a: BEYOND BRIDGE|89/100
|-ability|p1a: BEYOND BRIDGE|Stamina|boost
|-boost|p1a: BEYOND BRIDGE|def|1
|
|t:|1784237299
|switch|p2b: Sneasler|Sneasler, L50, M|100/100|[from] Volt Switch
|move|p2a: Aerodactyl|Tailwind|p2a: Aerodactyl
|-sidestart|p2: kememe|move: Tailwind
|
|-heal|p1a: BEYOND BRIDGE|95/100|[from] item: Leftovers
|upkeep
|turn|2
|
|t:|1784237316
|move|p1b: GO JOHAN|Parting Shot|p2b: Sneasler
|-unboost|p2b: Sneasler|atk|1
|-unboost|p2b: Sneasler|spa|1
|
|t:|1784237319
|switch|p1b: WET-BEAK|Pelipper, L50, F|100/100|[from] Parting Shot
|-enditem|p2b: Sneasler|White Herb
|-clearnegativeboost|p2b: Sneasler|[silent]
|-weather|RainDance|[from] ability: Drizzle|[of] p1b: WET-BEAK
|move|p2b: Sneasler|Dire Claw|p1b: WET-BEAK
|-damage|p1b: WET-BEAK|50/100g
|move|p2a: Aerodactyl|Dual Wingbeat|p1b: WET-BEAK
|-damage|p1b: WET-BEAK|30/100
|-damage|p1b: WET-BEAK|8/100
|-hitcount|p1b: WET-BEAK|2
|move|p1a: BEYOND BRIDGE|Electro Shot||[still]
|-prepare|p1a: BEYOND BRIDGE|Electro Shot
|-boost|p1a: BEYOND BRIDGE|spa|1
|-anim|p1a: BEYOND BRIDGE|Electro Shot|p2b: Sneasler
|-damage|p2b: Sneasler|25/100
|
|-weather|RainDance|[upkeep]
|-heal|p1a: BEYOND BRIDGE|100/100|[from] item: Leftovers
|upkeep
|turn|3
|inactive|kememe has 30 seconds left.
|
|t:|1784237350
|move|p1b: WET-BEAK|Wide Guard|p1b: WET-BEAK
|-singleturn|p1b: WET-BEAK|Wide Guard
|move|p2b: Sneasler|Close Combat|p1a: BEYOND BRIDGE
|-supereffective|p1a: BEYOND BRIDGE|1
|-damage|p1a: BEYOND BRIDGE|36/100
|-unboost|p2b: Sneasler|def|1
|-unboost|p2b: Sneasler|spd|1
|-ability|p1a: BEYOND BRIDGE|Stamina|boost
|-boost|p1a: BEYOND BRIDGE|def|1
|move|p2a: Aerodactyl|Dual Wingbeat|p1b: WET-BEAK
|-damage|p1b: WET-BEAK|0 fnt
|faint|p1b: WET-BEAK
|-hitcount|p1: WET-BEAK|1
|move|p1a: BEYOND BRIDGE|Electro Shot||[still]
|-prepare|p1a: BEYOND BRIDGE|Electro Shot
|-boost|p1a: BEYOND BRIDGE|spa|1
|-anim|p1a: BEYOND BRIDGE|Electro Shot|p2a: Aerodactyl
|-supereffective|p2a: Aerodactyl|1
|-enditem|p2a: Aerodactyl|Focus Sash
|-damage|p2a: Aerodactyl|1/100
|
|-weather|RainDance|[upkeep]
|-heal|p1a: BEYOND BRIDGE|42/100|[from] item: Leftovers
|upkeep
|
|t:|1784237364
|switch|p1b: GHOSTWAVE|Basculegion, L50, M, shiny|100/100
|turn|4
|
|t:|1784237381
|move|p1b: GHOSTWAVE|Aqua Jet|p2b: Sneasler
|-damage|p2b: Sneasler|0 fnt
|faint|p2b: Sneasler
|move|p2a: Aerodactyl|Dual Wingbeat|p1b: GHOSTWAVE|[miss]
|-miss|p2a: Aerodactyl|p1b: GHOSTWAVE
|move|p1a: BEYOND BRIDGE|Electro Shot||[still]
|-prepare|p1a: BEYOND BRIDGE|Electro Shot
|-boost|p1a: BEYOND BRIDGE|spa|1
|-anim|p1a: BEYOND BRIDGE|Electro Shot|p2a: Aerodactyl
|-supereffective|p2a: Aerodactyl|1
|-damage|p2a: Aerodactyl|0 fnt
|faint|p2a: Aerodactyl
|
|-weather|RainDance|[upkeep]
|-heal|p1a: BEYOND BRIDGE|48/100|[from] item: Leftovers
|-sideend|p2: kememe|move: Tailwind
|upkeep
|
|t:|1784237389
|switch|p2a: Garchomp|Garchomp, L50, F|100/100
|switch|p2b: Rotom|Rotom-Wash, L50|72/100
|turn|5
|
|t:|1784237396
|switch|p1b: GO JOHAN|Grimmsnarl, L50, M, shiny|100/100
|move|p1a: BEYOND BRIDGE|Protect|p1a: BEYOND BRIDGE
|-singleturn|p1a: BEYOND BRIDGE|Protect
|move|p2b: Rotom|Thunderbolt|p1b: GO JOHAN
|-damage|p1b: GO JOHAN|72/100
|move|p2a: Garchomp|Earthquake|p1a: BEYOND BRIDGE|[spread] p1b
|-activate|p1a: BEYOND BRIDGE|move: Protect
|-immune|p2b: Rotom|[from] ability: Levitate
|-damage|p1b: GO JOHAN|19/100
|-damage|p2a: Garchomp|90/100|[from] item: Life Orb
|
|-weather|RainDance|[upkeep]
|-heal|p1a: BEYOND BRIDGE|54/100|[from] item: Leftovers
|upkeep
|turn|6
|inactive|lettitripppp has 30 seconds left.
|
|t:|1784237431
|move|p1b: GO JOHAN|Reflect|p1b: GO JOHAN
|-sidestart|p1: lettitripppp|Reflect
|move|p2b: Rotom|Thunderbolt|p1b: GO JOHAN
|-damage|p1b: GO JOHAN|0 fnt
|faint|p1b: GO JOHAN
|move|p2a: Garchomp|Earthquake|p1a: BEYOND BRIDGE|[spread] p1a
|-immune|p2b: Rotom|[from] ability: Levitate
|-supereffective|p1a: BEYOND BRIDGE|1
|-damage|p1a: BEYOND BRIDGE|27/100
|-ability|p1a: BEYOND BRIDGE|Stamina|boost
|-boost|p1a: BEYOND BRIDGE|def|1
|-damage|p2a: Garchomp|80/100|[from] item: Life Orb
|move|p1a: BEYOND BRIDGE|Electro Shot||[still]
|-prepare|p1a: BEYOND BRIDGE|Electro Shot
|-boost|p1a: BEYOND BRIDGE|spa|1
|-anim|p1a: BEYOND BRIDGE|Electro Shot|p2b: Rotom
|-damage|p2b: Rotom|0 fnt
|faint|p2b: Rotom
|
|-weather|none
|-heal|p1a: BEYOND BRIDGE|34/100|[from] item: Leftovers
|upkeep
|
|t:|1784237445
|switch|p1b: GHOSTWAVE|Basculegion, L50, M, shiny|100/100
|turn|7
|
|t:|1784237453
|move|p1b: GHOSTWAVE|Last Respects|p2a: Garchomp
|-damage|p2a: Garchomp|0 fnt
|faint|p2a: Garchomp
|
|win|lettitripppp
