|j|☆5minutestolive
|j|☆certified urgl
|html|5minutestolivecertified urgl    
|uhtml|bestof|Game 3 of a best-of-3
|t:|1756492300
|gametype|doubles
|player|p1|5minutestolive|winona|1285
|player|p2|certified urgl|102|1323
|gen|9
|tier|[Gen 9] VGC 2025 Reg H (Bo3)
|rated|
|rule|Species Clause: Limit one of each Pokémon
|rule|Item Clause: Limit 1 of each item
|clearpoke
|poke|p1|Ninetales-Alola, L50, M|
|poke|p1|Ursaluna-Bloodmoon, L50, M|
|poke|p1|Gholdengo, L50|
|poke|p1|Amoonguss, L50, M|
|poke|p1|Annihilape, L50, F|
|poke|p1|Dragonite, L50, F|
|poke|p2|Gholdengo, L50|
|poke|p2|Sneasler, L50, M|
|poke|p2|Rillaboom, L50, F|
|poke|p2|Dragonite, L50, M|
|poke|p2|Ninetales-Alola, L50, M|
|poke|p2|Arcanine-Hisui, L50, M|
|teampreview|4
|showteam|p1|Ninetales-Alola||CovertCloak|SnowWarning|IcyWind,Blizzard,AuroraVeil,IcicleSpear|||M|||50|,,,,,Water]Ursaluna-Bloodmoon||AssaultVest|MindsEye|BloodMoon,EarthPower,HyperVoice,VacuumWave|||M|||50|,,,,,Water]Gholdengo||LifeOrb|GoodasGold|Protect,NastyPlot,MakeItRain,ShadowBall||||||50|,,,,,Water]Amoonguss||SitrusBerry|Regenerator|Spore,RagePowder,PollenPuff,Protect|||M|||50|,,,,,Psychic]Annihilape||SafetyGoggles|Defiant|RageFist,BulkUp,DrainPunch,Protect|||F|||50|,,,,,Fire]Dragonite||LoadedDice|Multiscale|ScaleShot,Tailwind,Haze,Protect|||F|||50|,,,,,Fairy
|showteam|p2|Gholdengo||GrassySeed|GoodasGold|NastyPlot,MakeItRain,ShadowBall,Protect||||||50|,,,,,Water]Sneasler||WhiteHerb|Unburden|CloseCombat,DireClaw,Coaching,Protect|||M|||50|,,,,,Ghost]Rillaboom||AssaultVest|GrassySurge|FakeOut,GrassyGlide,DrumBeating,HighHorsepower|||F|||50|,,,,,Fire]Dragonite||LoadedDice|Multiscale|ScaleShot,StompingTantrum,Tailwind,Protect|||M|||50|,,,,,Ground]Ninetales-Alola||FocusSash|SnowWarning|Blizzard,IcyWind,Encore,AuroraVeil|||M|||50|,,,,,Ghost]Arcanine-Hisui||ClearAmulet|Intimidate|RockSlide,FlareBlitz,ExtremeSpeed,Protect|||M|||50|,,,,,Water
|
|t:|1756492328
|teamsize|p1|4
|teamsize|p2|4
|start
|switch|p1a: Ninetales|Ninetales-Alola, L50, M, shiny|100/100
|switch|p1b: Dragonite|Dragonite, L50, F|100/100
|switch|p2a: Dragonite|Dragonite, L50, M|100/100
|switch|p2b: Gholdengo|Gholdengo, L50|100/100
|-weather|Snowscape|[from] ability: Snow Warning|[of] p1a: Ninetales
|turn|1
|
|t:|1756492340
|switch|p2a: Arcanine|Arcanine-Hisui, L50, M|100/100
|-ability|p2a: Arcanine|Intimidate|boost
|-unboost|p1a: Ninetales|atk|1
|-unboost|p1b: Dragonite|atk|1
|move|p1a: Ninetales|Aurora Veil|p1a: Ninetales
|-sidestart|p1: 5minutestolive|move: Aurora Veil
|move|p2b: Gholdengo|Nasty Plot|p2b: Gholdengo
|-boost|p2b: Gholdengo|spa|2
|move|p1b: Dragonite|Scale Shot|p2a: Arcanine
|-damage|p2a: Arcanine|88/100
|-damage|p2a: Arcanine|77/100
|-damage|p2a: Arcanine|64/100
|-damage|p2a: Arcanine|51/100
|-hitcount|p2a: Arcanine|4
|-unboost|p1b: Dragonite|def|1
|-boost|p1b: Dragonite|spe|1
|
|-weather|Snowscape|[upkeep]
|upkeep
|turn|2
|inactive|Battle timer is ON: inactive players will automatically lose when time's up. (requested by certified urgl)
|
|t:|1756492391
|move|p2a: Arcanine|Protect|p2a: Arcanine
|-singleturn|p2a: Arcanine|Protect
|move|p1b: Dragonite|Tailwind|p1b: Dragonite
|-sidestart|p1: 5minutestolive|move: Tailwind
|move|p1a: Ninetales|Blizzard|p2a: Arcanine|[spread] p2b
|-activate|p2a: Arcanine|move: Protect
|-resisted|p2b: Gholdengo
|-damage|p2b: Gholdengo|89/100
|move|p2b: Gholdengo|Nasty Plot|p2b: Gholdengo
|-boost|p2b: Gholdengo|spa|2
|
|-weather|Snowscape|[upkeep]
|upkeep
|turn|3
|
|t:|1756492406
|move|p2a: Arcanine|Extreme Speed|p1b: Dragonite
|-damage|p1b: Dragonite|87/100
|move|p1b: Dragonite|Haze|p1b: Dragonite
|-clearallboost
|move|p1a: Ninetales|Blizzard|p2a: Arcanine|[spread] p2a,p2b
|-resisted|p2a: Arcanine
|-resisted|p2b: Gholdengo
|-damage|p2a: Arcanine|36/100
|-damage|p2b: Gholdengo|78/100
|move|p2b: Gholdengo|Make It Rain|p1a: Ninetales|[spread] p1a,p1b
|-supereffective|p1a: Ninetales
|-damage|p1a: Ninetales|0 fnt
|-damage|p1b: Dragonite|56/100
|-unboost|p2b: Gholdengo|spa|1
|faint|p1a: Ninetales
|
|-weather|Snowscape|[upkeep]
|upkeep
|
|t:|1756492420
|switch|p1a: Gholdengo|Gholdengo, L50|100/100
|turn|4
|inactive|certified urgl has 30 seconds left.
|inactive|certified urgl has 20 seconds left.
|
|t:|1756492458
|switch|p2a: Sneasler|Sneasler, L50, M|100/100
|-terastallize|p1a: Gholdengo|Water
|move|p1a: Gholdengo|Nasty Plot|p1a: Gholdengo
|-boost|p1a: Gholdengo|spa|2
|move|p1b: Dragonite|Scale Shot|p2a: Sneasler
|-damage|p2a: Sneasler|80/100
|-damage|p2a: Sneasler|60/100
|-damage|p2a: Sneasler|41/100
|-damage|p2a: Sneasler|20/100
|-hitcount|p2a: Sneasler|4
|-unboost|p1b: Dragonite|def|1
|-boost|p1b: Dragonite|spe|1
|move|p2b: Gholdengo|Shadow Ball|p1a: Gholdengo
|-damage|p1a: Gholdengo|82/100
|
|-weather|Snowscape|[upkeep]
|upkeep
|turn|5
|inactive|certified urgl has 30 seconds left.
|inactive|5minutestolive has 30 seconds left.
|inactive|certified urgl has 20 seconds left.
|
|t:|1756492502
|-terastallize|p2b: Gholdengo|Water
|move|p1b: Dragonite|Scale Shot|p2a: Sneasler
|-damage|p2a: Sneasler|2/100
|-damage|p2a: Sneasler|0 fnt
|faint|p2a: Sneasler
|-hitcount|p2: Sneasler|2
|-unboost|p1b: Dragonite|def|1
|-boost|p1b: Dragonite|spe|1
|move|p1a: Gholdengo|Shadow Ball|p2b: Gholdengo
|-damage|p2b: Gholdengo|0 fnt
|faint|p2b: Gholdengo
|-damage|p1a: Gholdengo|73/100|[from] item: Life Orb
|
|-weather|none
|-sideend|p1: 5minutestolive|move: Tailwind
|-sideend|p1: 5minutestolive|move: Aurora Veil
|upkeep
|
|t:|1756492516
|switch|p2a: Dragonite|Dragonite, L50, M|100/100
|switch|p2b: Arcanine|Arcanine-Hisui, L50, M|36/100
|-ability|p2b: Arcanine|Intimidate|boost
|-unboost|p1a: Gholdengo|atk|1
|-unboost|p1b: Dragonite|atk|1
|turn|6
|
|t:|1756492539
|move|p2b: Arcanine|Extreme Speed|p1b: Dragonite
|-crit|p1b: Dragonite
|-damage|p1b: Dragonite|0 fnt
|faint|p1b: Dragonite
|move|p1a: Gholdengo|Make It Rain|p2a: Dragonite|[spread] p2a,p2b
|-damage|p2a: Dragonite|42/100
|-damage|p2b: Arcanine|0 fnt
|-unboost|p1a: Gholdengo|spa|1
|faint|p2b: Arcanine
|-damage|p1a: Gholdengo|63/100|[from] item: Life Orb
|move|p2a: Dragonite|Scale Shot|p1a: Gholdengo
|-damage|p1a: Gholdengo|46/100
|-damage|p1a: Gholdengo|31/100
|-damage|p1a: Gholdengo|13/100
|-damage|p1a: Gholdengo|0 fnt
|faint|p1a: Gholdengo
|-hitcount|p1: Gholdengo|4
|-unboost|p2a: Dragonite|def|1
|-boost|p2a: Dragonite|spe|1
|
|upkeep
|
|t:|1756492548
|switch|p1b: Annihilape|Annihilape, L50, F|100/100
|turn|7
|
|t:|1756492556
|move|p2a: Dragonite|Scale Shot|p1b: Annihilape
|-damage|p1b: Annihilape|85/100
|-damage|p1b: Annihilape|69/100
|-damage|p1b: Annihilape|54/100
|-damage|p1b: Annihilape|39/100
|-damage|p1b: Annihilape|23/100
|-hitcount|p1b: Annihilape|5
|-unboost|p2a: Dragonite|def|1
|-boost|p2a: Dragonite|spe|1
|move|p1b: Annihilape|Rage Fist|p2a: Dragonite
|-damage|p2a: Dragonite|0 fnt
|faint|p2a: Dragonite
|
|win|5minutestolive
|raw|5minutestolive's rating: 1285 → 1313(+28 for winning)
|raw|certified urgl's rating: 1323 → 1301(-22 for losing)
