|j|☆maxspeedincineroar
|j|☆ravus9
|html|maxspeedincineroarravus9    
|uhtml|bestof|Game 3 of a best-of-3
|t:|1757822531
|gametype|doubles
|player|p1|maxspeedincineroar|hugh|1161
|player|p2|ravus9|hilbert-wonderlauncher|1148
|gen|9
|tier|[Gen 9] VGC 2025 Reg H (Bo3)
|rated|
|rule|Species Clause: Limit one of each Pokémon
|rule|Item Clause: Limit 1 of each item
|clearpoke
|poke|p1|Pelipper, L50, M|
|poke|p1|Archaludon, L50, F|
|poke|p1|Basculegion, L50, M|
|poke|p1|Gholdengo, L50|
|poke|p1|Incineroar, L50, M|
|poke|p1|Amoonguss, L50, F|
|poke|p2|Volcarona, L50, F|
|poke|p2|Rillaboom, L50, F|
|poke|p2|Kingambit, L50, M|
|poke|p2|Ninetales-Alola, L50, M|
|poke|p2|Sneasler, L50, F|
|poke|p2|Basculegion, L50, M|
|teampreview|4
|showteam|p1|Pelipper||FocusSash|Drizzle|Protect,WeatherBall,Hurricane,Tailwind|||M|||50|,,,,,Ghost]Archaludon||AssaultVest|Stamina|DracoMeteor,ElectroShot,BodyPress,Snarl|||F|||50|,,,,,Grass]Basculegion||ChoiceScarf|Adaptability|WaveCrash,FlipTurn,LastRespects,IcyWind|||M|||50|,,,,,Water]Gholdengo||MetalCoat|GoodasGold|Protect,MakeItRain,ShadowBall,NastyPlot||||||50|,,,,,Water]Incineroar||SafetyGoggles|Intimidate|FlareBlitz,KnockOff,PartingShot,FakeOut|||M|||50|,,,,,Ghost]Amoonguss||SitrusBerry|Regenerator|Protect,PollenPuff,Spore,RagePowder|||F|||50|,,,,,Fairy
|showteam|p2|Volcarona||SitrusBerry|FlameBody|Overheat,WillOWisp,RagePowder,Protect|||F|||50|,,,,,Fairy]Rillaboom||AssaultVest|GrassySurge|GrassyGlide,WoodHammer,HighHorsepower,FakeOut|||F|||50|,,,,,Fire]Kingambit||BlackGlasses|Defiant|KowtowCleave,SuckerPunch,SwordsDance,Protect|||M|||50|,,,,,Dark]Ninetales-Alola||LightClay|SnowWarning|Protect,Blizzard,AuroraVeil,Moonblast|||M|||50|,,,,,Ghost]Sneasler||FocusSash|Unburden|CloseCombat,DireClaw,Coaching,Protect|||F|||50|,,,,,Stellar]Basculegion||ChoiceScarf|Adaptability|WaveCrash,FlipTurn,AquaJet,LastRespects|||M|||50|,,,,,Fairy
|
|t:|1757822571
|teamsize|p1|4
|teamsize|p2|4
|start
|switch|p1a: Basculegion|Basculegion, L50, M|100/100
|switch|p1b: Amoonguss|Amoonguss, L50, F|100/100
|switch|p2a: Rillaboom|Rillaboom, L50, F|100/100
|switch|p2b: Kingambit|Kingambit, L50, M|100/100
|-fieldstart|move: Grassy Terrain|[from] ability: Grassy Surge|[of] p2a: Rillaboom
|turn|1
|
|t:|1757822598
|move|p2a: Rillaboom|Fake Out|p1b: Amoonguss
|-damage|p1b: Amoonguss|90/100
|move|p1a: Basculegion|Wave Crash|p2b: Kingambit
|-damage|p2b: Kingambit|43/100
|-damage|p1a: Basculegion|81/100|[from] Recoil
|move|p2b: Kingambit|Kowtow Cleave|p1a: Basculegion
|-supereffective|p1a: Basculegion
|-damage|p1a: Basculegion|0 fnt
|faint|p1a: Basculegion
|cant|p1b: Amoonguss|flinch
|
|-heal|p2b: Kingambit|49/100|[from] Grassy Terrain
|-heal|p1b: Amoonguss|96/100|[from] Grassy Terrain
|upkeep
|
|t:|1757822611
|switch|p1a: Archaludon|Archaludon, L50, F|100/100
|turn|2
|
|t:|1757822659
|switch|p2b: Volcarona|Volcarona, L50, F|100/100
|move|p2a: Rillaboom|Wood Hammer|p1b: Amoonguss
|-resisted|p1b: Amoonguss
|-damage|p1b: Amoonguss|79/100
|-damage|p2a: Rillaboom|95/100|[from] Recoil
|move|p1a: Archaludon|Body Press|p2a: Rillaboom
|-damage|p2a: Rillaboom|73/100
|move|p1b: Amoonguss|Spore|p2b: Volcarona
|-status|p2b: Volcarona|slp|[from] move: Spore
|
|-heal|p2a: Rillaboom|79/100|[from] Grassy Terrain
|-heal|p1b: Amoonguss|85/100|[from] Grassy Terrain
|upkeep
|turn|3
|
|t:|1757822690
|switch|p1b: Pelipper|Pelipper, L50, M|100/100
|-weather|RainDance|[from] ability: Drizzle|[of] p1b: Pelipper
|cant|p2b: Volcarona|slp
|move|p2a: Rillaboom|High Horsepower|p1b: Pelipper
|-immune|p1b: Pelipper
|move|p1a: Archaludon|Electro Shot||[still]
|-prepare|p1a: Archaludon|Electro Shot
|-boost|p1a: Archaludon|spa|1
|-anim|p1a: Archaludon|Electro Shot|p2b: Volcarona
|-damage|p2b: Volcarona|49/100 slp
|-enditem|p2b: Volcarona|Sitrus Berry|[eat]
|-heal|p2b: Volcarona|73/100 slp|[from] item: Sitrus Berry
|
|-weather|RainDance|[upkeep]
|-heal|p2b: Volcarona|79/100 slp|[from] Grassy Terrain
|-heal|p2a: Rillaboom|85/100|[from] Grassy Terrain
|upkeep
|turn|4
|
|t:|1757822726
|switch|p2b: Ninetales|Ninetales-Alola, L50, M|100/100
|-weather|Snowscape|[from] ability: Snow Warning|[of] p2b: Ninetales
|move|p2a: Rillaboom|Grassy Glide|p1b: Pelipper
|-damage|p1b: Pelipper|56/100
|move|p1b: Pelipper|Weather Ball|p2b: Ninetales
|-resisted|p2b: Ninetales
|-damage|p2b: Ninetales|84/100
|move|p1a: Archaludon|Body Press|p2a: Rillaboom
|-damage|p2a: Rillaboom|65/100
|
|-weather|Snowscape|[upkeep]
|-heal|p2b: Ninetales|90/100|[from] Grassy Terrain
|-heal|p2a: Rillaboom|71/100|[from] Grassy Terrain
|upkeep
|turn|5
|
|t:|1757822781
|switch|p1b: Amoonguss|Amoonguss, L50, F|100/100
|move|p2b: Ninetales|Aurora Veil|p2b: Ninetales
|-sidestart|p2: ravus9|move: Aurora Veil
|move|p2a: Rillaboom|Wood Hammer|p1b: Amoonguss
|-resisted|p1b: Amoonguss
|-damage|p1b: Amoonguss|84/100
|-damage|p2a: Rillaboom|65/100|[from] Recoil
|move|p1a: Archaludon|Draco Meteor|p2a: Rillaboom
|-crit|p2a: Rillaboom
|-damage|p2a: Rillaboom|0 fnt
|-unboost|p1a: Archaludon|spa|2
|faint|p2a: Rillaboom
|
|-weather|Snowscape|[upkeep]
|-heal|p2b: Ninetales|95/100|[from] Grassy Terrain
|-heal|p1b: Amoonguss|90/100|[from] Grassy Terrain
|-fieldend|move: Grassy Terrain
|upkeep
|
|t:|1757822805
|switch|p2a: Volcarona|Volcarona, L50, F|79/100 slp
|turn|6
|
|t:|1757822824
|-terastallize|p1b: Amoonguss|Fairy
|move|p2b: Ninetales|Blizzard|p1a: Archaludon|[spread] p1a,p1b
|-damage|p1a: Archaludon|83/100
|-damage|p1b: Amoonguss|65/100
|-ability|p1a: Archaludon|Stamina|boost
|-boost|p1a: Archaludon|def|1
|cant|p2a: Volcarona|slp
|move|p1a: Archaludon|Electro Shot||[still]
|-prepare|p1a: Archaludon|Electro Shot
|-boost|p1a: Archaludon|spa|1
|move|p1b: Amoonguss|Spore|p2b: Ninetales
|-status|p2b: Ninetales|slp|[from] move: Spore
|
|-weather|Snowscape|[upkeep]
|upkeep
|turn|7
|
|t:|1757822852
|switch|p1b: Pelipper|Pelipper, L50, M|56/100
|-weather|RainDance|[from] ability: Drizzle|[of] p1b: Pelipper
|cant|p2b: Ninetales|slp
|-curestatus|p2a: Volcarona|slp|[msg]
|move|p2a: Volcarona|Overheat|p1b: Pelipper
|-resisted|p1b: Pelipper
|-damage|p1b: Pelipper|26/100
|-unboost|p2a: Volcarona|spa|2
|move|p1a: Archaludon|Electro Shot|p2a: Volcarona|[from] lockedmove
|-damage|p2a: Volcarona|56/100
|
|-weather|RainDance|[upkeep]
|upkeep
|turn|8
|
|t:|1757822890
|switch|p2a: Kingambit|Kingambit, L50, M|49/100
|switch|p1b: Amoonguss|Amoonguss, L50, F, tera:Fairy|98/100
|cant|p2b: Ninetales|slp
|move|p1a: Archaludon|Electro Shot||[still]
|-prepare|p1a: Archaludon|Electro Shot
|-boost|p1a: Archaludon|spa|1
|-anim|p1a: Archaludon|Electro Shot|p2a: Kingambit
|-damage|p2a: Kingambit|7/100
|
|-weather|RainDance|[upkeep]
|upkeep
|turn|9
|
|t:|1757822911
|switch|p2b: Volcarona|Volcarona, L50, F|56/100
|move|p2a: Kingambit|Protect|p2a: Kingambit
|-singleturn|p2a: Kingambit|Protect
|move|p1a: Archaludon|Electro Shot||[still]
|-prepare|p1a: Archaludon|Electro Shot
|-boost|p1a: Archaludon|spa|1
|-anim|p1a: Archaludon|Electro Shot|p2b: Volcarona
|-damage|p2b: Volcarona|8/100
|move|p1b: Amoonguss|Spore|p2a: Kingambit
|-activate|p2a: Kingambit|move: Protect
|
|-weather|RainDance|[upkeep]
|upkeep
|turn|10
|
|t:|1757822954
|-terastallize|p2a: Kingambit|Dark
|move|p2b: Volcarona|Protect|p2b: Volcarona
|-singleturn|p2b: Volcarona|Protect
|move|p2a: Kingambit|Sucker Punch|p1a: Archaludon
|-damage|p1a: Archaludon|50/100
|-ability|p1a: Archaludon|Stamina|boost
|-boost|p1a: Archaludon|def|1
|move|p1a: Archaludon|Body Press|p2b: Volcarona
|-activate|p2b: Volcarona|move: Protect
|move|p1b: Amoonguss|Spore|p2a: Kingambit
|-status|p2a: Kingambit|slp|[from] move: Spore
|
|-weather|RainDance|[upkeep]
|upkeep
|turn|11
|
|t:|1757823000
|switch|p2b: Ninetales|Ninetales-Alola, L50, M|95/100 slp
|-weather|Snowscape|[from] ability: Snow Warning|[of] p2b: Ninetales
|move|p1b: Amoonguss|Rage Powder|p1b: Amoonguss
|-singleturn|p1b: Amoonguss|move: Rage Powder
|move|p1a: Archaludon|Body Press|p2a: Kingambit
|-supereffective|p2a: Kingambit
|-damage|p2a: Kingambit|0 fnt
|faint|p2a: Kingambit
|
|-weather|Snowscape|[upkeep]
|upkeep
|
|t:|1757823013
|switch|p2a: Volcarona|Volcarona, L50, F|8/100
|turn|12
|
|t:|1757823057
|move|p1b: Amoonguss|Rage Powder|p1b: Amoonguss
|-singleturn|p1b: Amoonguss|move: Rage Powder
|-curestatus|p2b: Ninetales|slp|[msg]
|move|p2b: Ninetales|Moonblast|p1b: Amoonguss
|-damage|p1b: Amoonguss|73/100
|move|p2a: Volcarona|Overheat|p1b: Amoonguss
|-damage|p1b: Amoonguss|21/100
|-unboost|p2a: Volcarona|spa|2
|-enditem|p1b: Amoonguss|Sitrus Berry|[eat]
|-heal|p1b: Amoonguss|45/100|[from] item: Sitrus Berry
|move|p1a: Archaludon|Snarl|p2a: Volcarona|[spread] p2a,p2b
|-crit|p2a: Volcarona
|-resisted|p2b: Ninetales
|-damage|p2a: Volcarona|0 fnt
|-damage|p2b: Ninetales|87/100
|-unboost|p2b: Ninetales|spa|1
|faint|p2a: Volcarona
|
|-weather|Snowscape|[upkeep]
|-sideend|p2: ravus9|move: Aurora Veil
|upkeep
|turn|13
|-message|ravus9 forfeited.
|
|win|maxspeedincineroar
|raw|maxspeedincineroar's rating: 1161 → 1185(+24 for winning)
|raw|ravus9's rating: 1148 → 1124(-24 for losing)
|l|☆ravus9
|player|p2|
|l|☆maxspeedincineroar
|player|p1|
