|j|☆dannyzar
|j|☆Jables412
|html|dannyzarJables412    
|uhtml|bestof|Game 1 of a best-of-3
|t:|1784843920
|gametype|doubles
|player|p1|dannyzar|2|1080
|player|p2|Jables412|169|1000
|gen|9
|tier|[Gen 9 Champions] VGC 2026 Reg M-B (Bo3)
|rated|
|rule|Species Clause: Limit one of each Pokémon
|rule|Item Clause: Limit 1 of each item
|clearpoke
|poke|p1|Scizor, L50, F|
|poke|p1|Tyranitar, L50, F|
|poke|p1|Toxapex, L50, F|
|poke|p1|Garchomp, L50, F|
|poke|p1|Basculegion, L50, M|
|poke|p1|Sneasler, L50, F|
|poke|p2|Maushold-Four, L50|
|poke|p2|Incineroar, L50, M|
|poke|p2|Malamar, L50, M|
|poke|p2|Sinistcha-Masterpiece, L50|
|poke|p2|Whimsicott, L50, M|
|poke|p2|Mawile, L50, F|
|teampreview|4
|showteam|p1|Scizor||LifeOrb|Technician|Protect,BulletPunch,BugBite,SwordsDance|Adamant||F|||50|]Tyranitar||ChoiceScarf|SandStream|IcePunch,RockSlide,KnockOff,LowKick|Jolly||F|||50|]Toxapex||Leftovers|Regenerator|BanefulBunker,WideGuard,Toxic,Infestation|Impish||F|||50|]Garchomp||Garchompite|RoughSkin|Protect,PowerGem,DracoMeteor,EarthPower|Modest||F|||50|]Basculegion||SitrusBerry|Adaptability|Protect,AquaJet,WaveCrash,LastRespects|Adamant||M|||50|]Sneasler||FocusSash|PoisonTouch|Protect,FakeOut,CloseCombat,PoisonJab|Jolly||F|||50|
|showteam|p2|Maushold-Four||WideLens|Technician|Protect,FollowMe,Feint,PopulationBomb|Jolly|||||50|]Incineroar||LifeOrb|Intimidate|FakeOut,FlareBlitz,DarkestLariat,PartingShot|Brave||M|||50|]Malamar||Malamarite|Contrary|Protect,TrickRoom,Superpower,KnockOff|Adamant||M|||50|]Sinistcha-Masterpiece||ColburBerry|Hospitality|Protect,RagePowder,LifeDew,MatchaGotcha|Calm|||||50|]Whimsicott||FocusSash|Prankster|Tailwind,Moonblast,Charm,FakeTears|Modest||M|||50|]Mawile||Mawilite|HyperCutter|Protect,RockSlide,SuckerPunch,PlayRough|Brave||F|||50|
|inactive|Battle timer is ON: inactive players will automatically lose when time's up. (requested by dannyzar)
|
|t:|1784843966
|teamsize|p1|4
|teamsize|p2|4
|start
|switch|p1a: Toxapex|Toxapex, L50, F|100/100
|switch|p1b: Sneasler|Sneasler, L50, F|100/100
|switch|p2a: Malamar|Malamar, L50, M|100/100
|switch|p2b: Maushold|Maushold-Four, L50|100/100
|turn|1
|
|t:|1784843983
|move|p2b: Maushold|Protect|p2b: Maushold
|-singleturn|p2b: Maushold|Protect
|move|p2a: Malamar|Protect|p2a: Malamar
|-singleturn|p2a: Malamar|Protect
|move|p1a: Toxapex|Baneful Bunker|p1a: Toxapex
|-singleturn|p1a: Toxapex|move: Protect
|move|p1b: Sneasler|Close Combat|p2b: Maushold
|-activate|p2b: Maushold|move: Protect
|
|upkeep
|turn|2
|
|t:|1784844006
|switch|p2a: Incineroar|Incineroar, L50, M|100/100
|-ability|p2a: Incineroar|Intimidate|boost
|-unboost|p1a: Toxapex|atk|1
|-unboost|p1b: Sneasler|atk|1
|move|p1b: Sneasler|Poison Jab|p2b: Maushold
|-damage|p2b: Maushold|52/100
|-status|p2b: Maushold|psn|[from] ability: Poison Touch|[of] p1b: Sneasler
|move|p2b: Maushold|Population Bomb|p1a: Toxapex
|-damage|p1a: Toxapex|91/100
|-damage|p1a: Toxapex|83/100
|-damage|p1a: Toxapex|75/100
|-damage|p1a: Toxapex|66/100
|-damage|p1a: Toxapex|58/100
|-damage|p1a: Toxapex|50/100g
|-damage|p1a: Toxapex|42/100
|-damage|p1a: Toxapex|34/100
|-damage|p1a: Toxapex|26/100
|-damage|p1a: Toxapex|18/100
|-hitcount|p1a: Toxapex|10
|move|p1a: Toxapex|Infestation|p2a: Incineroar
|-damage|p2a: Incineroar|96/100
|-activate|p2a: Incineroar|move: Infestation|[of] p1a: Toxapex
|
|-heal|p1a: Toxapex|24/100|[from] item: Leftovers
|-damage|p2b: Maushold|40/100 psn|[from] psn
|-damage|p2a: Incineroar|84/100|[from] move: Infestation|[partiallytrapped]
|upkeep
|turn|3
|inactive|dannyzar has 30 seconds left.
|inactive|Jables412 has 30 seconds left.
|inactive|dannyzar has 20 seconds left.
|
|t:|1784844045
|move|p1b: Sneasler|Protect|p1b: Sneasler
|-singleturn|p1b: Sneasler|Protect
|move|p2b: Maushold|Feint|p1b: Sneasler
|-activate|p1b: Sneasler|move: Feint
|-crit|p1b: Sneasler
|-damage|p1b: Sneasler|54/100
|move|p2a: Incineroar|Parting Shot|p1b: Sneasler
|-unboost|p1b: Sneasler|atk|1
|-unboost|p1b: Sneasler|spa|1
|
|t:|1784844052
|switch|p2a: Mawile|Mawile, L50, F|100/100|[from] Parting Shot
|move|p1a: Toxapex|Toxic|p2a: Mawile
|-immune|p2a: Mawile
|
|-heal|p1a: Toxapex|29/100|[from] item: Leftovers
|-damage|p2b: Maushold|28/100 psn|[from] psn
|upkeep
|turn|4
|
|t:|1784844078
|switch|p1b: Garchomp|Garchomp, L50, F|100/100
|switch|p2b: Incineroar|Incineroar, L50, M|84/100
|-ability|p2b: Incineroar|Intimidate|boost
|-unboost|p1a: Toxapex|atk|1
|-unboost|p1b: Garchomp|atk|1
|detailschange|p2a: Mawile|Mawile-Mega, L50, F
|-mega|p2a: Mawile|Mawile|Mawilite
|move|p1a: Toxapex|Baneful Bunker|p1a: Toxapex
|-singleturn|p1a: Toxapex|move: Protect
|move|p2a: Mawile|Play Rough|p1b: Garchomp
|-supereffective|p1b: Garchomp|1
|-damage|p1b: Garchomp|0 fnt
|-damage|p2a: Mawile|87/100|[from] ability: Rough Skin|[of] p1b: Garchomp
|faint|p1b: Garchomp
|
|-heal|p1a: Toxapex|35/100|[from] item: Leftovers
|upkeep
|
|t:|1784844093
|switch|p1b: Basculegion|Basculegion, L50, M|100/100
|turn|5
|
|t:|1784844110
|switch|p2b: Maushold|Maushold-Four, L50|28/100 psn
|move|p2a: Mawile|Protect|p2a: Mawile
|-singleturn|p2a: Mawile|Protect
|move|p1b: Basculegion|Wave Crash|p2a: Mawile
|-activate|p2a: Mawile|move: Protect
|move|p1a: Toxapex|Toxic||[still]
|-fail|p1a: Toxapex
|
|-heal|p1a: Toxapex|41/100|[from] item: Leftovers
|-damage|p2b: Maushold|16/100 psn|[from] psn
|upkeep
|turn|6
|
|t:|1784844128
|-heal|p1a: Toxapex|74/100|[from] ability: Regenerator|[silent]
|switch|p1a: Sneasler|Sneasler, L50, F|54/100
|move|p1b: Basculegion|Aqua Jet|p2b: Maushold
|-damage|p2b: Maushold|0 fnt
|faint|p2b: Maushold
|move|p2a: Mawile|Sucker Punch||[still]
|-fail|p2a: Mawile
|
|upkeep
|
|t:|1784844136
|switch|p2b: Incineroar|Incineroar, L50, M|84/100
|-ability|p2b: Incineroar|Intimidate|boost
|-unboost|p1a: Sneasler|atk|1
|-unboost|p1b: Basculegion|atk|1
|turn|7
|
|t:|1784844161
|switch|p2b: Malamar|Malamar, L50, M|100/100
|move|p2a: Mawile|Protect|p2a: Mawile
|-singleturn|p2a: Mawile|Protect
|move|p1b: Basculegion|Aqua Jet|p2b: Malamar
|-damage|p2b: Malamar|81/100
|move|p1a: Sneasler|Close Combat|p2a: Mawile
|-activate|p2a: Mawile|move: Protect
|
|upkeep
|turn|8
|
|t:|1784844180
|switch|p1a: Toxapex|Toxapex, L50, F|74/100
|move|p1b: Basculegion|Last Respects|p2b: Malamar
|-damage|p2b: Malamar|38/100
|move|p2b: Malamar|Knock Off|p1b: Basculegion
|-supereffective|p1b: Basculegion|1
|-damage|p1b: Basculegion|19/100
|-enditem|p1b: Basculegion|Sitrus Berry|[from] move: Knock Off|[of] p2b: Malamar
|move|p2a: Mawile|Play Rough|p1a: Toxapex
|-resisted|p1a: Toxapex|1
|-damage|p1a: Toxapex|47/100
|
|-heal|p1a: Toxapex|52/100|[from] item: Leftovers
|upkeep
|turn|9
|
|t:|1784844204
|move|p1b: Basculegion|Protect|p1b: Basculegion
|-singleturn|p1b: Basculegion|Protect
|move|p2a: Mawile|Sucker Punch||[still]
|-fail|p2a: Mawile
|move|p2b: Malamar|Knock Off|p1a: Toxapex
|-damage|p1a: Toxapex|26/100
|-enditem|p1a: Toxapex|Leftovers|[from] move: Knock Off|[of] p2b: Malamar
|move|p1a: Toxapex|Infestation|p2b: Malamar
|-supereffective|p2b: Malamar|2
|-damage|p2b: Malamar|23/100
|-activate|p2b: Malamar|move: Infestation|[of] p1a: Toxapex
|
|-damage|p2b: Malamar|11/100|[from] move: Infestation|[partiallytrapped]
|upkeep
|turn|10
|
|t:|1784844224
|switch|p1b: Sneasler|Sneasler, L50, F|54/100
|move|p1a: Toxapex|Baneful Bunker|p1a: Toxapex
|-singleturn|p1a: Toxapex|move: Protect
|move|p2a: Mawile|Rock Slide|p1b: Sneasler|[spread] p1b
|-activate|p1a: Toxapex|move: Protect
|-resisted|p1b: Sneasler|1
|-damage|p1b: Sneasler|20/100y
|move|p2b: Malamar|Trick Room|p2b: Malamar
|-fieldstart|move: Trick Room|[of] p2b: Malamar
|
|-damage|p2b: Malamar|0 fnt|[from] move: Infestation|[partiallytrapped]
|faint|p2b: Malamar
|upkeep
|
|t:|1784844229
|switch|p2b: Incineroar|Incineroar, L50, M|84/100
|-ability|p2b: Incineroar|Intimidate|boost
|-unboost|p1a: Toxapex|atk|1
|-unboost|p1b: Sneasler|atk|1
|turn|11
|inactive|dannyzar has 30 seconds left.
|inactive|Jables412 has 30 seconds left.
|
|t:|1784844269
|move|p1a: Toxapex|Wide Guard|p1a: Toxapex
|-singleturn|p1a: Toxapex|Wide Guard
|move|p2b: Incineroar|Fake Out|p1b: Sneasler
|-damage|p1b: Sneasler|0 fnt
|faint|p1b: Sneasler
|-damage|p2b: Incineroar|75/100|[from] item: Life Orb
|move|p2a: Mawile|Rock Slide|p1a: Toxapex
|-activate|p1a: Toxapex|move: Wide Guard
|
|upkeep
|
|t:|1784844278
|switch|p1b: Basculegion|Basculegion, L50, M|19/100
|turn|12
|
|t:|1784844286
|move|p2a: Mawile|Sucker Punch|p1b: Basculegion
|-supereffective|p1b: Basculegion|1
|-damage|p1b: Basculegion|0 fnt
|faint|p1b: Basculegion
|move|p1a: Toxapex|Toxic|p2b: Incineroar
|-status|p2b: Incineroar|tox
|move|p2b: Incineroar|Darkest Lariat|p1a: Toxapex
|-damage|p1a: Toxapex|0 fnt
|faint|p1a: Toxapex
|-damage|p2b: Incineroar|65/100 tox|[from] item: Life Orb
|
|win|Jables412
||dannyzar is ready for game 2.
