|j|☆monado476
|j|☆WASHINGTONGARGACHA
|html|monado476WASHINGTONGARGACHA    
|uhtml|bestof|Game 3 of a best-of-3
|t:|1756430827
|gametype|doubles
|player|p1|monado476|volkner|1021
|player|p2|WASHINGTONGARGACHA|265|1062
|gen|9
|tier|[Gen 9] VGC 2025 Reg H (Bo3)
|rated|
|rule|Species Clause: Limit one of each Pokémon
|rule|Item Clause: Limit 1 of each item
|clearpoke
|poke|p1|Incineroar, L50, F|
|poke|p1|Whimsicott, L50, M|
|poke|p1|Gastrodon, L50, F|
|poke|p1|Kleavor, L50, M|
|poke|p1|Gholdengo, L50|
|poke|p1|Primarina, L50, M|
|poke|p2|Gholdengo, L50|
|poke|p2|Ursaluna, L50, M|
|poke|p2|Archaludon, L50, M|
|poke|p2|Murkrow, L50, F|
|poke|p2|Farigiraf, L50, M|
|poke|p2|Palafin, L50, M|
|teampreview|4
|showteam|p1|Incineroar||SafetyGoggles|Intimidate|FakeOut,PartingShot,KnockOff,FlareBlitz|||F|||50|,,,,,Grass]Whimsicott||FocusSash|Prankster|Moonblast,Tailwind,Encore,Taunt|||M|||50|,,,,,Ghost]Gastrodon||Leftovers|StormDrain|IcyWind,Recover,Yawn,EarthPower|||F|||50|,,,,,Fire]Kleavor||LifeOrb|Sharpness|StoneAxe,NightSlash,XScissor,Protect|||M|||50|,,,,,Steel]Gholdengo||MetalCoat|GoodasGold|MakeItRain,ShadowBall,NastyPlot,Protect||||||50|,,,,,Steel]Primarina||CovertCloak|LiquidVoice|Haze,HyperVoice,Moonblast,Protect|||M|||50|,,,,,Poison
|showteam|p2|Gholdengo||SitrusBerry|GoodasGold|ShadowBall,MakeItRain,NastyPlot,Protect||||||50|,,,,,Water]Ursaluna||FlameOrb|Guts|Facade,Earthquake,Protect,HeadlongRush|||M|||50|,,,,,Ghost]Archaludon||PowerHerb|Stamina|ElectroShot,FlashCannon,DracoMeteor,Protect|||M|||50|,,,,,Grass]Murkrow||Eviolite|Prankster|Tailwind,RainDance,FoulPlay,Haze|||F|||50|,,,,,Dark]Farigiraf||ThroatSpray|ArmorTail|HyperVoice,TrickRoom,Psychic,Protect|||M|||50|,,,,,Fairy]Palafin||MysticWater|ZerotoHero|FlipTurn,Protect,JetPunch,WaveCrash|||M|||50|,,,,,Water
|inactive|Battle timer is ON: inactive players will automatically lose when time's up. (requested by monado476)
|inactive|monado476 has 60 seconds left.
|inactive|WASHINGTONGARGACHA has 60 seconds left.
|
|t:|1756430888
|teamsize|p1|4
|teamsize|p2|4
|start
|switch|p1a: Kleavor|Kleavor, L50, M|100/100
|switch|p1b: Primarina|Primarina, L50, M|100/100
|switch|p2a: Murkrow|Murkrow, L50, F|100/100
|switch|p2b: Archaludon|Archaludon, L50, M|100/100
|turn|1
|inactive|monado476 has 30 seconds left.
|
|t:|1756430919
|switch|p1a: Incineroar|Incineroar, L50, F|100/100
|-ability|p1a: Incineroar|Intimidate|boost
|-unboost|p2a: Murkrow|atk|1
|-unboost|p2b: Archaludon|atk|1
|-terastallize|p1b: Primarina|Poison
|move|p2a: Murkrow|Tailwind|p2a: Murkrow
|-sidestart|p2: WASHINGTONGARGACHA|move: Tailwind
|move|p2b: Archaludon|Flash Cannon|p1b: Primarina
|-damage|p1b: Primarina|63/100
|move|p1b: Primarina|Moonblast|p2b: Archaludon
|-damage|p2b: Archaludon|28/100
|-ability|p2b: Archaludon|Stamina|boost
|-boost|p2b: Archaludon|def|1
|
|upkeep
|turn|2
|inactive|monado476 has 30 seconds left.
|inactive|WASHINGTONGARGACHA has 30 seconds left.
|inactive|WASHINGTONGARGACHA has 20 seconds left.
|inactive|WASHINGTONGARGACHA has 15 seconds left.
|inactive|WASHINGTONGARGACHA has 10 seconds left.
|
|t:|1756430966
|switch|p1b: Whimsicott|Whimsicott, L50, M|100/100
|move|p1a: Incineroar|Fake Out|p2a: Murkrow
|-damage|p2a: Murkrow|84/100
|cant|p2a: Murkrow|flinch
|move|p2b: Archaludon|Electro Shot||[still]
|-prepare|p2b: Archaludon|Electro Shot
|-boost|p2b: Archaludon|spa|1
|-enditem|p2b: Archaludon|Power Herb
|-anim|p2b: Archaludon|Electro Shot|p1a: Incineroar
|-damage|p1a: Incineroar|38/100
|
|upkeep
|turn|3
|inactive|monado476 has 30 seconds left.
|inactive|WASHINGTONGARGACHA has 30 seconds left.
|inactive|monado476 has 20 seconds left.
|
|t:|1756431005
|move|p2a: Murkrow|Rain Dance|p2a: Murkrow
|-weather|RainDance
|move|p1b: Whimsicott|Encore|p2b: Archaludon
|-start|p2b: Archaludon|Encore
|move|p2b: Archaludon|Electro Shot||[still]
|-prepare|p2b: Archaludon|Electro Shot
|-boost|p2b: Archaludon|spa|1
|-anim|p2b: Archaludon|Electro Shot|p1b: Whimsicott
|-resisted|p1b: Whimsicott
|-damage|p1b: Whimsicott|32/100
|move|p1a: Incineroar|Flare Blitz|p2b: Archaludon
|-damage|p2b: Archaludon|11/100
|-ability|p2b: Archaludon|Stamina|boost
|-boost|p2b: Archaludon|def|1
|-damage|p1a: Incineroar|33/100|[from] Recoil
|
|-weather|RainDance|[upkeep]
|upkeep
|turn|4
|inactive|WASHINGTONGARGACHA has 30 seconds left.
|inactive|WASHINGTONGARGACHA has 20 seconds left.
|inactive|WASHINGTONGARGACHA has 15 seconds left.
|inactive|WASHINGTONGARGACHA has 10 seconds left.
|
|t:|1756431054
|move|p1b: Whimsicott|Tailwind|p1b: Whimsicott
|-sidestart|p1: monado476|move: Tailwind
|move|p2b: Archaludon|Electro Shot||[still]
|-prepare|p2b: Archaludon|Electro Shot
|-boost|p2b: Archaludon|spa|1
|-anim|p2b: Archaludon|Electro Shot|p1b: Whimsicott
|-resisted|p1b: Whimsicott
|-damage|p1b: Whimsicott|0 fnt
|faint|p1b: Whimsicott
|move|p2a: Murkrow|Foul Play|p1a: Incineroar
|-resisted|p1a: Incineroar
|-damage|p1a: Incineroar|11/100
|move|p1a: Incineroar|Parting Shot|p2a: Murkrow
|-unboost|p2a: Murkrow|atk|1
|-unboost|p2a: Murkrow|spa|1
|
|t:|1756431069
|switch|p1a: Primarina|Primarina, L50, M, tera:Poison|63/100|[from] Parting Shot
|
|-weather|RainDance|[upkeep]
|-sideend|p2: WASHINGTONGARGACHA|move: Tailwind
|upkeep
|
|t:|1756431081
|switch|p1b: Kleavor|Kleavor, L50, M|100/100
|turn|5
|
|t:|1756431097
|move|p2a: Murkrow|Tailwind|p2a: Murkrow
|-sidestart|p2: WASHINGTONGARGACHA|move: Tailwind
|move|p2b: Archaludon|Electro Shot||[still]
|-prepare|p2b: Archaludon|Electro Shot
|-boost|p2b: Archaludon|spa|1
|-anim|p2b: Archaludon|Electro Shot|p1a: Primarina
|-damage|p1a: Primarina|0 fnt
|faint|p1a: Primarina
|move|p1b: Kleavor|Stone Axe|p2a: Murkrow
|-supereffective|p2a: Murkrow
|-damage|p2a: Murkrow|0 fnt
|-sidestart|p2: WASHINGTONGARGACHA|move: Stealth Rock
|faint|p2a: Murkrow
|-damage|p1b: Kleavor|91/100|[from] item: Life Orb
|
|-weather|RainDance|[upkeep]
|-end|p2b: Archaludon|Encore
|upkeep
|
|t:|1756431112
|switch|p2a: Gholdengo|Gholdengo, L50|100/100
|switch|p1a: Incineroar|Incineroar, L50, F|11/100
|-damage|p2a: Gholdengo|95/100|[from] Stealth Rock
|-ability|p1a: Incineroar|Intimidate|boost
|-unboost|p2a: Gholdengo|atk|1
|-unboost|p2b: Archaludon|atk|1
|turn|6
|
|t:|1756431134
|move|p2b: Archaludon|Protect|p2b: Archaludon
|-singleturn|p2b: Archaludon|Protect
|move|p2a: Gholdengo|Protect|p2a: Gholdengo
|-singleturn|p2a: Gholdengo|Protect
|move|p1b: Kleavor|Night Slash|p2b: Archaludon
|-activate|p2b: Archaludon|move: Protect
|move|p1a: Incineroar|Knock Off|p2a: Gholdengo
|-activate|p2a: Gholdengo|move: Protect
|
|-weather|RainDance|[upkeep]
|upkeep
|turn|7
|
|t:|1756431151
|move|p2b: Archaludon|Electro Shot||[still]
|-prepare|p2b: Archaludon|Electro Shot
|-boost|p2b: Archaludon|spa|1
|-anim|p2b: Archaludon|Electro Shot|p1b: Kleavor
|-damage|p1b: Kleavor|0 fnt
|faint|p1b: Kleavor
|move|p2a: Gholdengo|Make It Rain|p1a: Incineroar
|-resisted|p1a: Incineroar
|-damage|p1a: Incineroar|0 fnt
|-unboost|p2a: Gholdengo|spa|1
|faint|p1a: Incineroar
|
|win|WASHINGTONGARGACHA
|raw|monado476's rating: 1021 → 1009(-12 for losing)
|raw|WASHINGTONGARGACHA's rating: 1062 → 1089(+27 for winning)
