|j|☆pealcantara28
|j|☆Clementine1997
|html|pealcantara28Clementine1997    
|uhtml|bestof|Game 2 of a best-of-3
|t:|1756762887
|gametype|doubles
|player|p1|pealcantara28|cynthia-gen4|1078
|player|p2|Clementine1997|clair|1189
|gen|9
|tier|[Gen 9] VGC 2025 Reg H (Bo3)
|rated|
|rule|Species Clause: Limit one of each Pokémon
|rule|Item Clause: Limit 1 of each item
|clearpoke
|poke|p1|Archaludon, L50, M|
|poke|p1|Pelipper, L50, M|
|poke|p1|Incineroar, L50, M|
|poke|p1|Basculegion, L50, M|
|poke|p1|Sinistcha-Masterpiece, L50|
|poke|p1|Kingambit, L50, F|
|poke|p2|Whimsicott, L50, M|
|poke|p2|Ursaluna-Bloodmoon, L50, M|
|poke|p2|Incineroar, L50, F|
|poke|p2|Rillaboom, L50, M|
|poke|p2|Gholdengo, L50|
|poke|p2|Primarina, L50, M|
|teampreview|4
|showteam|p1|Archaludon||AssaultVest|Stamina|DracoMeteor,FlashCannon,ElectroShot,BodyPress|||M|||50|,,,,,Bug]Pelipper||FocusSash|Drizzle|Tailwind,Hurricane,WeatherBall,WideGuard|||M|||50|,,,,,Stellar]Incineroar||SafetyGoggles|Intimidate|FlareBlitz,PartingShot,FakeOut,KnockOff|||M|||50|,,,,,Grass]Basculegion||LifeOrb|SwiftSwim|LastRespects,WaveCrash,AquaJet,Protect|||M|||50|,,,,,Water]Sinistcha-Masterpiece||SitrusBerry|Hospitality|MatchaGotcha,ShadowBall,RagePowder,StrengthSap||||||50|,,,,,Grass]Kingambit||BlackGlasses|Defiant|KowtowCleave,SuckerPunch,Protect,SwordsDance|||F|||50|,,,,,Dark
|showteam|p2|Whimsicott||FocusSash|Prankster|Moonblast,Taunt,TrickRoom,Tailwind|||M|||50|,,,,,Ghost]Ursaluna-Bloodmoon||LifeOrb|MindsEye|BloodMoon,EarthPower,Moonblast,Protect|||M|||50|,,,,,Fairy]Incineroar||SitrusBerry|Intimidate|KnockOff,PartingShot,FlareBlitz,FakeOut|||F|||50|,,,,,Grass]Rillaboom||AssaultVest|GrassySurge|GrassyGlide,HighHorsepower,FakeOut,Uturn|||M|||50|,,,,,Fire]Gholdengo||IronPlate|GoodasGold|MakeItRain,ShadowBall,NastyPlot,Protect||||||50|,,,,,Fairy]Primarina||ThroatSpray|LiquidVoice|HyperVoice,Moonblast,Haze,Protect|||M|||50|,,,,,Steel
|inactive|Battle timer is ON: inactive players will automatically lose when time's up. (requested by pealcantara28)
|
|t:|1756762911
|teamsize|p1|4
|teamsize|p2|4
|start
|switch|p1a: Pelipper|Pelipper, L50, M|100/100
|switch|p1b: Archaludon|Archaludon, L50, M|100/100
|switch|p2a: Rillaboom|Rillaboom, L50, M, shiny|100/100
|switch|p2b: Whimsicott|Whimsicott, L50, M, shiny|100/100
|-weather|RainDance|[from] ability: Drizzle|[of] p1a: Pelipper
|-fieldstart|move: Grassy Terrain|[from] ability: Grassy Surge|[of] p2a: Rillaboom
|turn|1
|
|t:|1756762933
|switch|p1a: Sinistcha|Sinistcha-Masterpiece, L50|100/100
|move|p2a: Rillaboom|Grassy Glide|p1a: Sinistcha
|-resisted|p1a: Sinistcha
|-damage|p1a: Sinistcha|84/100
|move|p2b: Whimsicott|Moonblast|p1a: Sinistcha
|-damage|p1a: Sinistcha|48/100
|-unboost|p1a: Sinistcha|spa|1
|-enditem|p1a: Sinistcha|Sitrus Berry|[eat]
|-heal|p1a: Sinistcha|73/100|[from] item: Sitrus Berry
|move|p1b: Archaludon|Flash Cannon|p2b: Whimsicott
|-supereffective|p2b: Whimsicott
|-enditem|p2b: Whimsicott|Focus Sash
|-damage|p2b: Whimsicott|1/100
|
|-weather|RainDance|[upkeep]
|-heal|p2b: Whimsicott|7/100|[from] Grassy Terrain
|-heal|p1a: Sinistcha|79/100|[from] Grassy Terrain
|upkeep
|turn|2
|inactive|pealcantara28 has 30 seconds left.
|
|t:|1756762964
|move|p2b: Whimsicott|Tailwind|p2b: Whimsicott
|-sidestart|p2: Clementine1997|move: Tailwind
|move|p2a: Rillaboom|U-turn|p1a: Sinistcha
|-damage|p1a: Sinistcha|58/100
|
|t:|1756762968
|switch|p2a: Primarina|Primarina, L50, M, shiny|100/100|[from] U-turn
|move|p1b: Archaludon|Body Press|p2a: Primarina
|-resisted|p2a: Primarina
|-damage|p2a: Primarina|87/100
|move|p1a: Sinistcha|Matcha Gotcha|p2a: Primarina|[spread] p2a,p2b
|-supereffective|p2a: Primarina
|-resisted|p2b: Whimsicott
|-damage|p2a: Primarina|45/100
|-heal|p1a: Sinistcha|78/100|[from] drain|[of] p2a: Primarina
|-damage|p2b: Whimsicott|0 fnt
|-heal|p1a: Sinistcha|81/100|[from] drain|[of] p2b: Whimsicott
|faint|p2b: Whimsicott
|
|-weather|RainDance|[upkeep]
|-heal|p2a: Primarina|51/100|[from] Grassy Terrain
|-heal|p1a: Sinistcha|87/100|[from] Grassy Terrain
|upkeep
|
|t:|1756762977
|switch|p2b: Rillaboom|Rillaboom, L50, M, shiny|100/100
|turn|3
|
|t:|1756762996
|-terastallize|p2a: Primarina|Steel
|move|p1a: Sinistcha|Rage Powder|p1a: Sinistcha
|-singleturn|p1a: Sinistcha|move: Rage Powder
|move|p2b: Rillaboom|High Horsepower|p1b: Archaludon
|-supereffective|p1b: Archaludon
|-damage|p1b: Archaludon|51/100
|-ability|p1b: Archaludon|Stamina|boost
|-boost|p1b: Archaludon|def|1
|move|p2a: Primarina|Hyper Voice|p1b: Archaludon|[spread] p1a,p1b
|-resisted|p1a: Sinistcha
|-resisted|p1b: Archaludon
|-crit|p1b: Archaludon
|-damage|p1a: Sinistcha|61/100
|-damage|p1b: Archaludon|25/100
|-ability|p1b: Archaludon|Stamina|boost
|-boost|p1b: Archaludon|def|1
|-enditem|p2a: Primarina|Throat Spray
|-boost|p2a: Primarina|spa|1|[from] item: Throat Spray
|move|p1b: Archaludon|Electro Shot||[still]
|-prepare|p1b: Archaludon|Electro Shot
|-boost|p1b: Archaludon|spa|1
|-anim|p1b: Archaludon|Electro Shot|p2a: Primarina
|-damage|p2a: Primarina|0 fnt
|faint|p2a: Primarina
|
|-weather|RainDance|[upkeep]
|-heal|p1b: Archaludon|31/100|[from] Grassy Terrain
|-heal|p1a: Sinistcha|67/100|[from] Grassy Terrain
|upkeep
|
|t:|1756763007
|switch|p2a: Ursaluna|Ursaluna-Bloodmoon, L50, M|100/100
|turn|4
|
|t:|1756763033
|switch|p1b: Pelipper|Pelipper, L50, M|100/100
|move|p2b: Rillaboom|High Horsepower|p1b: Pelipper
|-immune|p1b: Pelipper
|move|p2a: Ursaluna|Blood Moon|p1a: Sinistcha
|-damage|p1a: Sinistcha|0 fnt
|faint|p1a: Sinistcha
|-damage|p2a: Ursaluna|91/100|[from] item: Life Orb
|
|-weather|RainDance|[upkeep]
|-heal|p2a: Ursaluna|97/100|[from] Grassy Terrain
|upkeep
|
|t:|1756763049
|switch|p1a: Archaludon|Archaludon, L50, M|31/100
|turn|5
|
|t:|1756763061
|-terastallize|p1a: Archaludon|Bug
|move|p2b: Rillaboom|Grassy Glide|p1b: Pelipper
|-crit|p1b: Pelipper
|-damage|p1b: Pelipper|14/100
|move|p2a: Ursaluna|Moonblast|p1b: Pelipper
|-damage|p1b: Pelipper|0 fnt
|faint|p1b: Pelipper
|-damage|p2a: Ursaluna|87/100|[from] item: Life Orb
|move|p1a: Archaludon|Body Press|p2a: Ursaluna
|-supereffective|p2a: Ursaluna
|-damage|p2a: Ursaluna|49/100
|
|-weather|none
|-heal|p2a: Ursaluna|55/100|[from] Grassy Terrain
|-heal|p1a: Archaludon|37/100|[from] Grassy Terrain
|-sideend|p2: Clementine1997|move: Tailwind
|-fieldend|move: Grassy Terrain
|upkeep
|
|t:|1756763078
|switch|p1b: Kingambit|Kingambit, L50, F|100/100
|turn|6
|
|t:|1756763094
|move|p2a: Ursaluna|Protect|p2a: Ursaluna
|-singleturn|p2a: Ursaluna|Protect
|move|p1b: Kingambit|Sucker Punch||[still]
|-fail|p1b: Kingambit
|move|p1a: Archaludon|Body Press|p2a: Ursaluna
|-activate|p2a: Ursaluna|move: Protect
|move|p2b: Rillaboom|High Horsepower|p1b: Kingambit
|-supereffective|p1b: Kingambit
|-damage|p1b: Kingambit|45/100
|
|upkeep
|turn|7
|inactive|Clementine1997 has 30 seconds left.
|
|t:|1756763121
|move|p1b: Kingambit|Protect|p1b: Kingambit
|-singleturn|p1b: Kingambit|Protect
|move|p1a: Archaludon|Body Press|p2a: Ursaluna
|-supereffective|p2a: Ursaluna
|-damage|p2a: Ursaluna|17/100
|move|p2b: Rillaboom|High Horsepower|p1b: Kingambit
|-activate|p1b: Kingambit|move: Protect
|move|p2a: Ursaluna|Blood Moon|p1a: Archaludon
|-damage|p1a: Archaludon|0 fnt
|faint|p1a: Archaludon
|-damage|p2a: Ursaluna|7/100|[from] item: Life Orb
|
|upkeep
|turn|8
|
|t:|1756763139
|move|p1b: Kingambit|Sucker Punch|p2a: Ursaluna
|-damage|p2a: Ursaluna|0 fnt
|faint|p2a: Ursaluna
|move|p2b: Rillaboom|High Horsepower|p1b: Kingambit
|-supereffective|p1b: Kingambit
|-damage|p1b: Kingambit|0 fnt
|faint|p1b: Kingambit
|
|win|Clementine1997
||Clementine1997 is ready for game 3.
