|j|☆BlRD BOY
|j|☆CrazyComet37
|html|BlRD BOYCrazyComet37    
|uhtml|bestof|Game 3 of a best-of-3
|t:|1783740454
|gametype|doubles
|player|p1|BlRD BOY|brycen|1209
|player|p2|CrazyComet37|flint|1310
|gen|9
|tier|[Gen 9 Champions] VGC 2026 Reg M-B (Bo3)
|rated|
|rule|Species Clause: Limit one of each Pokémon
|rule|Item Clause: Limit 1 of each item
|clearpoke
|poke|p1|Torkoal, L50, M|
|poke|p1|Avalugg-Hisui, L50, F|
|poke|p1|Farigiraf, L50, F|
|poke|p1|Scrafty, L50, F|
|poke|p1|Typhlosion-Hisui, L50, F|
|poke|p1|Sinistcha-Masterpiece, L50|
|poke|p2|Whimsicott, L50, F|
|poke|p2|Garchomp, L50, F|
|poke|p2|Charizard, L50, M|
|poke|p2|Floette-Eternal, L50, F|
|poke|p2|Kingambit, L50, M|
|poke|p2|Basculegion, L50, M|
|teampreview|4
|showteam|p1|Torkoal||Charcoal|Drought|Protect,Eruption,WeatherBall,EarthPower|Quiet||M|||50|]Avalugg-Hisui||WideLens|Sturdy|MountainGale,RockSlide,BodyPress,WideGuard|Brave||F|||50|]Farigiraf||SitrusBerry|ArmorTail|PsychicFangs,Thunderbolt,HelpingHand,TrickRoom|Relaxed||F|||50|]Scrafty||Scraftinite|Intimidate|Detect,KnockOff,CloseCombat,FakeOut|Brave||F|||50|]Typhlosion-Hisui||ChoiceScarf|Frisk|Eruption,HeatWave,ShadowBall,SolarBeam|Modest||F|||50|]Sinistcha-Masterpiece||KasibBerry|Hospitality|MatchaGotcha,ShadowBall,RagePowder,TrickRoom|Sassy|||||50|
|showteam|p2|Whimsicott||FocusSash|Prankster|Protect,Tailwind,Moonblast,Encore|Timid||F|||50|]Garchomp||LifeOrb|RoughSkin|Protect,Earthquake,DragonClaw,RockSlide|Jolly||F|||50|]Charizard||CharizarditeY|Blaze|Protect,HeatWave,WeatherBall,SolarBeam|Modest||M|||50|]Floette-Eternal||Floettite|FlowerVeil|Protect,LightofRuin,DazzlingGleam,Moonblast|Modest||F|||50|]Kingambit||ChopleBerry|Defiant|IronHead,SuckerPunch,KowtowCleave,LowKick|Adamant||M|||50|]Basculegion||MysticWater|Adaptability|Protect,AquaJet,LastRespects,WaveCrash|Adamant||M|||50|
|
|t:|1783740486
|teamsize|p1|4
|teamsize|p2|4
|start
|switch|p1a: Farigiraf|Farigiraf, L50, F|100/100
|switch|p1b: Avalugg|Avalugg-Hisui, L50, F|100/100
|switch|p2a: Garchomp|Garchomp, L50, F|100/100
|switch|p2b: Floette|Floette-Eternal, L50, F|100/100
|turn|1
|
|t:|1783740515
|detailschange|p2b: Floette|Floette-Mega, L50, F
|-mega|p2b: Floette|Floette|Floettite
|-ability|p2b: Floette|Fairy Aura
|move|p1b: Avalugg|Wide Guard|p1b: Avalugg
|-singleturn|p1b: Avalugg|Wide Guard
|move|p2a: Garchomp|Rock Slide|p1b: Avalugg|[spread] 
|-activate|p1a: Farigiraf|move: Wide Guard
|-activate|p1b: Avalugg|move: Wide Guard
|move|p2b: Floette|Moonblast|p1b: Avalugg
|-ability|p1b: Avalugg|Sturdy
|-damage|p1b: Avalugg|1/100
|move|p1a: Farigiraf|Trick Room|p1a: Farigiraf
|-fieldstart|move: Trick Room|[of] p1a: Farigiraf
|
|upkeep
|turn|2
|
|t:|1783740539
|move|p2b: Floette|Protect|p2b: Floette
|-singleturn|p2b: Floette|Protect
|move|p2a: Garchomp|Protect|p2a: Garchomp
|-singleturn|p2a: Garchomp|Protect
|move|p1b: Avalugg|Mountain Gale|p2a: Garchomp
|-activate|p2a: Garchomp|move: Protect
|move|p1a: Farigiraf|Psychic Fangs|p2b: Floette
|-activate|p2b: Floette|move: Protect
|
|upkeep
|turn|3
|
|t:|1783740568
|switch|p2a: Basculegion|Basculegion, L50, M|100/100
|move|p1b: Avalugg|Mountain Gale|p2b: Floette
|-damage|p2b: Floette|15/100
|move|p1a: Farigiraf|Psychic Fangs|p2b: Floette
|-damage|p2b: Floette|0 fnt
|faint|p2b: Floette
|
|upkeep
|
|t:|1783740620
|switch|p2b: Kingambit|Kingambit, L50, M|100/100
|turn|4
|
|t:|1783740670
|switch|p1a: Scrafty|Scrafty, L50, F|100/100
|-ability|p1a: Scrafty|Intimidate|boost
|-unboost|p2a: Basculegion|atk|1
|-unboost|p2b: Kingambit|atk|1
|-ability|p2b: Kingambit|Defiant|boost
|-boost|p2b: Kingambit|atk|2
|switch|p2b: Garchomp|Garchomp, L50, F|100/100
|move|p1b: Avalugg|Rock Slide|p2b: Garchomp|[spread] p2a,p2b
|-resisted|p2b: Garchomp|1
|-damage|p2a: Basculegion|62/100
|-damage|p2b: Garchomp|85/100
|cant|p2a: Basculegion|flinch
|
|upkeep
|turn|5
|
|t:|1783740716
|switch|p1b: Farigiraf|Farigiraf, L50, F|100/100
|switch|p2b: Kingambit|Kingambit, L50, M|100/100
|detailschange|p1a: Scrafty|Scrafty-Mega, L50, F
|-mega|p1a: Scrafty|Scrafty|Scraftinite
|-ability|p1a: Scrafty|Intimidate|boost
|-unboost|p2a: Basculegion|atk|1
|-unboost|p2b: Kingambit|atk|1
|-ability|p2b: Kingambit|Defiant|boost
|-boost|p2b: Kingambit|atk|2
|move|p2a: Basculegion|Aqua Jet||[still]
|cant|p1b: Farigiraf|ability: Armor Tail|Aqua Jet|[of] p2a: Basculegion
|move|p1a: Scrafty|Knock Off|p2a: Basculegion
|-supereffective|p2a: Basculegion|1
|-damage|p2a: Basculegion|0 fnt
|-enditem|p2a: Basculegion|Mystic Water|[from] move: Knock Off|[of] p1a: Scrafty
|faint|p2a: Basculegion
|
|-fieldend|move: Trick Room
|upkeep
|
|t:|1783740720
|switch|p2a: Garchomp|Garchomp, L50, F|85/100
|turn|6
|
|t:|1783740738
|move|p1b: Farigiraf|Helping Hand|p1a: Scrafty
|-singleturn|p1a: Scrafty|Helping Hand|[of] p1b: Farigiraf
|move|p2a: Garchomp|Dragon Claw|p1a: Scrafty
|-damage|p1a: Scrafty|52/100
|-damage|p2a: Garchomp|75/100|[from] item: Life Orb
|move|p1a: Scrafty|Close Combat|p2b: Kingambit
|-supereffective|p2b: Kingambit|2
|-enditem|p2b: Kingambit|Chople Berry|[eat]
|-enditem|p2b: Kingambit|Chople Berry|[weaken]
|-damage|p2b: Kingambit|0 fnt
|-unboost|p1a: Scrafty|def|1
|-unboost|p1a: Scrafty|spd|1
|faint|p2b: Kingambit
|
|upkeep
|turn|7
|
|t:|1783740748
|move|p2a: Garchomp|Earthquake|p1b: Farigiraf|[spread] p1a,p1b
|-crit|p1b: Farigiraf
|-damage|p1a: Scrafty|0 fnt
|-damage|p1b: Farigiraf|42/100
|-enditem|p1b: Farigiraf|Sitrus Berry|[eat]
|-heal|p1b: Farigiraf|67/100|[from] item: Sitrus Berry
|faint|p1a: Scrafty
|-damage|p2a: Garchomp|65/100|[from] item: Life Orb
|move|p1b: Farigiraf|Trick Room|p1b: Farigiraf
|-fieldstart|move: Trick Room|[of] p1b: Farigiraf
|
|upkeep
|
|t:|1783740751
|switch|p1a: Avalugg|Avalugg-Hisui, L50, F|1/100
|turn|8
|
|t:|1783740759
|switch|p1b: Torkoal|Torkoal, L50, M|100/100
|-weather|SunnyDay|[from] ability: Drought|[of] p1b: Torkoal
|move|p1a: Avalugg|Mountain Gale|p2a: Garchomp
|-supereffective|p2a: Garchomp|2
|-damage|p2a: Garchomp|0 fnt
|faint|p2a: Garchomp
|
|win|BlRD BOY
|raw|BlRD BOY's rating: 1209 → 1241(+32 for winning)
|raw|CrazyComet37's rating: 1310 → 1284(-26 for losing)
