|j|☆MarillRag1
|j|☆TG511
|html|MarillRag1TG511    
|uhtml|bestof|Game 3 of a best-of-3
|t:|1786180958
|gametype|doubles
|player|p1|MarillRag1|170|1396
|player|p2|TG511|koga|1261
|gen|9
|tier|[Gen 9 Champions] VGC 2026 Reg M-B (Bo3)
|rated|
|rule|Species Clause: Limit one of each Pokémon
|rule|Item Clause: Limit 1 of each item
|clearpoke
|poke|p1|Gengar, L50, M|
|poke|p1|Archaludon, L50, M|
|poke|p1|Politoed, L50, F|
|poke|p1|Swampert, L50, M|
|poke|p1|Vivillon-Fancy, L50, M|
|poke|p1|Incineroar, L50, F|
|poke|p2|Gardevoir, L50, F, shiny|
|poke|p2|Maushold, L50, shiny|
|poke|p2|Talonflame, L50, M, shiny|
|poke|p2|Garchomp, L50, F, shiny|
|poke|p2|Rotom-Wash, L50, shiny|
|poke|p2|Sneasler, L50, M, shiny|
|teampreview|4
|showteam|p1|Gengar||Gengarite|CursedBody|ShadowBall,SludgeBomb,PerishSong,Protect|Modest||M|||50|]Archaludon||Leftovers|Stamina|ElectroShot,DragonPulse,FlashCannon,Protect|Bold||M|||50|]Politoed||SitrusBerry|Drizzle|WeatherBall,Hypnosis,PerishSong,Protect|Calm||F|||50|]Swampert||Swampertite|Torrent|WaveCrash,Earthquake,IcePunch,Protect|Adamant||M|||50|]Vivillon-Fancy||FocusSash|CompoundEyes|Hurricane,SleepPowder,RagePowder,Protect|Timid||M|||50|]Incineroar||ShucaBerry|Intimidate|ThroatChop,FakeOut,PartingShot,Protect|Impish||F|||50|
|showteam|p2|Gardevoir||Gardevoirite|Trace|HyperVoice,Psychic,Thunderbolt,Protect|Modest||F|||50|]Maushold||FocusSash|FriendGuard|SuperFang,FollowMe,Taunt,Protect|Timid|||||50|]Talonflame||SharpBeak|GaleWings|DualWingbeat,FlareBlitz,Tailwind,Protect|Jolly||M|||50|]Garchomp||LifeOrb|RoughSkin|Earthquake,DragonClaw,RockSlide,Protect|Jolly||F|||50|]Rotom-Wash||SitrusBerry|Levitate|HydroPump,Thunderbolt,WillOWisp,Protect|Timid|||||50|]Sneasler||WhiteHerb|Unburden|FakeOut,DireClaw,CloseCombat,Protect|Jolly||M|||50|
|inactive|Battle timer is ON: inactive players will automatically lose when time's up. (requested by TG511)
|
|t:|1786180989
|teamsize|p1|4
|teamsize|p2|4
|start
|switch|p1a: Politoed|Politoed, L50, F|100/100
|switch|p1b: Swampert|Swampert, L50, M|100/100
|switch|p2a: Sneasler|Sneasler, L50, M, shiny|100/100
|switch|p2b: Talonflame|Talonflame, L50, M, shiny|100/100
|-weather|RainDance|[from] ability: Drizzle|[of] p1a: Politoed
|turn|1
|inactive|MarillRag1 has 30 seconds left.
|
|t:|1786181016
|detailschange|p1b: Swampert|Swampert-Mega, L50, M
|-mega|p1b: Swampert|Swampert|Swampertite
|move|p1b: Swampert|Protect|p1b: Swampert
|-singleturn|p1b: Swampert|Protect
|move|p2a: Sneasler|Fake Out|p1b: Swampert
|-activate|p1b: Swampert|move: Protect
|move|p2b: Talonflame|Tailwind|p2b: Talonflame
|-sidestart|p2: TG511|move: Tailwind
|move|p1a: Politoed|Weather Ball|p2b: Talonflame
|-supereffective|p2b: Talonflame|1
|-damage|p2b: Talonflame|0 fnt
|faint|p2b: Talonflame
|
|-weather|RainDance|[upkeep]
|upkeep
|
|t:|1786181021
|switch|p2b: Rotom|Rotom-Wash, L50, shiny|100/100
|turn|2
|
|t:|1786181033
|switch|p1b: Incineroar|Incineroar, L50, F|100/100
|-ability|p1b: Incineroar|Intimidate|boost
|-unboost|p2a: Sneasler|atk|1
|-unboost|p2b: Rotom|atk|1
|-enditem|p2a: Sneasler|White Herb
|-clearnegativeboost|p2a: Sneasler|[silent]
|switch|p1a: Archaludon|Archaludon, L50, M|100/100
|move|p2a: Sneasler|Close Combat|p1b: Incineroar
|-supereffective|p1b: Incineroar|1
|-damage|p1b: Incineroar|3/100
|-unboost|p2a: Sneasler|def|1
|-unboost|p2a: Sneasler|spd|1
|move|p2b: Rotom|Thunderbolt|p1a: Archaludon
|-resisted|p1a: Archaludon|1
|-damage|p1a: Archaludon|80/100
|-ability|p1a: Archaludon|Stamina|boost
|-boost|p1a: Archaludon|def|1
|
|-weather|RainDance|[upkeep]
|-heal|p1a: Archaludon|86/100|[from] item: Leftovers
|upkeep
|turn|3
|inactive|MarillRag1 has 30 seconds left.
|inactive|TG511 has 30 seconds left.
|inactive|TG511 has 20 seconds left.
|inactive|TG511 has 15 seconds left.
|inactive|TG511 has 10 seconds left.
|
|t:|1786181081
|move|p2b: Rotom|Protect|p2b: Rotom
|-singleturn|p2b: Rotom|Protect
|move|p1b: Incineroar|Fake Out|p2a: Sneasler
|-damage|p2a: Sneasler|71/100
|cant|p2a: Sneasler|flinch
|move|p1a: Archaludon|Electro Shot||[still]
|-prepare|p1a: Archaludon|Electro Shot
|-boost|p1a: Archaludon|spa|1
|-anim|p1a: Archaludon|Electro Shot|p2b: Rotom
|-activate|p2b: Rotom|move: Protect
|
|-weather|RainDance|[upkeep]
|-heal|p1a: Archaludon|92/100|[from] item: Leftovers
|upkeep
|turn|4
|
|t:|1786181092
|move|p1a: Archaludon|Protect|p1a: Archaludon
|-singleturn|p1a: Archaludon|Protect
|move|p2a: Sneasler|Close Combat|p1a: Archaludon
|-activate|p1a: Archaludon|move: Protect
|move|p2b: Rotom|Thunderbolt|p1b: Incineroar
|-damage|p1b: Incineroar|0 fnt
|faint|p1b: Incineroar
|
|-weather|RainDance|[upkeep]
|-heal|p1a: Archaludon|98/100|[from] item: Leftovers
|-sideend|p2: TG511|move: Tailwind
|upkeep
|
|t:|1786181106
|switch|p1b: Swampert|Swampert-Mega, L50, M|100/100
|turn|5
|
|t:|1786181121
|move|p2a: Sneasler|Close Combat|p1a: Archaludon
|-supereffective|p1a: Archaludon|1
|-damage|p1a: Archaludon|43/100
|-unboost|p2a: Sneasler|def|1
|-unboost|p2a: Sneasler|spd|1
|-ability|p1a: Archaludon|Stamina|boost
|-boost|p1a: Archaludon|def|1
|move|p1b: Swampert|Wave Crash|p2a: Sneasler
|-damage|p2a: Sneasler|0 fnt
|faint|p2a: Sneasler
|-damage|p1b: Swampert|79/100|[from] Recoil
|move|p2b: Rotom|Hydro Pump|p1a: Archaludon
|-resisted|p1a: Archaludon|1
|-damage|p1a: Archaludon|8/100
|-ability|p1a: Archaludon|Stamina|boost
|-boost|p1a: Archaludon|def|1
|move|p1a: Archaludon|Electro Shot||[still]
|-prepare|p1a: Archaludon|Electro Shot
|-boost|p1a: Archaludon|spa|1
|-anim|p1a: Archaludon|Electro Shot|p2b: Rotom
|-damage|p2b: Rotom|4/100
|-enditem|p2b: Rotom|Sitrus Berry|[eat]
|-heal|p2b: Rotom|29/100|[from] item: Sitrus Berry
|
|-weather|none
|-heal|p1a: Archaludon|14/100|[from] item: Leftovers
|upkeep
|
|t:|1786181126
|switch|p2a: Garchomp|Garchomp, L50, F, shiny|100/100
|turn|6
|
|t:|1786181145
|move|p2a: Garchomp|Protect|p2a: Garchomp
|-singleturn|p2a: Garchomp|Protect
|move|p1b: Swampert|Protect|p1b: Swampert
|-singleturn|p1b: Swampert|Protect
|move|p2b: Rotom|Hydro Pump|p1b: Swampert
|-activate|p1b: Swampert|move: Protect
|move|p1a: Archaludon|Dragon Pulse|p2a: Garchomp
|-activate|p2a: Garchomp|move: Protect
|
|-heal|p1a: Archaludon|20/100y|[from] item: Leftovers
|upkeep
|turn|7
|
|t:|1786181158
|switch|p1a: Politoed|Politoed, L50, F|100/100
|-weather|RainDance|[from] ability: Drizzle|[of] p1a: Politoed
|move|p2a: Garchomp|Protect||[still]
|-fail|p2a: Garchomp
|move|p1b: Swampert|Ice Punch|p2a: Garchomp
|-supereffective|p2a: Garchomp|2
|-damage|p2a: Garchomp|0 fnt
|-damage|p1b: Swampert|66/100|[from] ability: Rough Skin|[of] p2a: Garchomp
|faint|p2a: Garchomp
|move|p2b: Rotom|Hydro Pump|p1b: Swampert
|-damage|p1b: Swampert|0 fnt
|faint|p1b: Swampert
|
|-weather|RainDance|[upkeep]
|upkeep
|
|t:|1786181163
|switch|p1b: Archaludon|Archaludon, L50, M|20/100y
|turn|8
|
|t:|1786181169
|move|p2b: Rotom|Hydro Pump|p1b: Archaludon
|-resisted|p1b: Archaludon|1
|-damage|p1b: Archaludon|0 fnt
|faint|p1b: Archaludon
|move|p1a: Politoed|Perish Song|p1a: Politoed
|-start|p1a: Politoed|perish3|[silent]
|-start|p2b: Rotom|perish3|[silent]
|-fieldactivate|move: Perish Song
|
|-weather|RainDance|[upkeep]
|-start|p2b: Rotom|perish3
|-start|p1a: Politoed|perish3
|upkeep
|turn|9
|
|t:|1786181176
|move|p1a: Politoed|Protect|p1a: Politoed
|-singleturn|p1a: Politoed|Protect
|move|p2b: Rotom|Thunderbolt|p1a: Politoed
|-activate|p1a: Politoed|move: Protect
|
|-weather|RainDance|[upkeep]
|-start|p2b: Rotom|perish2
|-start|p1a: Politoed|perish2
|upkeep
|turn|10
|
|t:|1786181179
|move|p2b: Rotom|Thunderbolt|p1a: Politoed
|-supereffective|p1a: Politoed|1
|-damage|p1a: Politoed|38/100
|-enditem|p1a: Politoed|Sitrus Berry|[eat]
|-heal|p1a: Politoed|63/100|[from] item: Sitrus Berry
|move|p1a: Politoed|Hypnosis|p2b: Rotom
|-status|p2b: Rotom|slp|[from] move: Hypnosis
|
|-weather|RainDance|[upkeep]
|-start|p2b: Rotom|perish1
|-start|p1a: Politoed|perish1
|upkeep
|turn|11
|
|t:|1786181183
|move|p1a: Politoed|Protect|p1a: Politoed
|-singleturn|p1a: Politoed|Protect
|cant|p2b: Rotom|slp
|
|-weather|none
|-start|p2b: Rotom|perish0
|-start|p1a: Politoed|perish0
|faint|p2b: Rotom
|faint|p1a: Politoed
|
|win|MarillRag1
|raw|MarillRag1's rating: 1396 → 1409(+13 for winning)
|raw|TG511's rating: 1261 → 1245(-16 for losing)
|l|☆TG511
|player|p2|
