|j|☆Gottkomplexe
|j|☆Coldspice58
|html|GottkomplexeColdspice58    
|uhtml|bestof|Game 1 of a best-of-3
|t:|1757849458
|gametype|doubles
|player|p1|Gottkomplexe|ilima|1120
|player|p2|Coldspice58|cynthia-gen4|1104
|gen|9
|tier|[Gen 9] VGC 2025 Reg H (Bo3)
|rated|
|rule|Species Clause: Limit one of each Pokémon
|rule|Item Clause: Limit 1 of each item
|clearpoke
|poke|p1|Maushold-Four, L50|
|poke|p1|Annihilape, L50, M|
|poke|p1|Rillaboom, L50, M|
|poke|p1|Dragonite, L50, F|
|poke|p1|Sneasler, L50, M|
|poke|p1|Dondozo, L50, M|
|poke|p2|Venusaur, L50, M|
|poke|p2|Ursaluna, L50, F|
|poke|p2|Charizard, L50, F|
|poke|p2|Murkrow, L50, M|
|poke|p2|Torkoal, L50, M|
|poke|p2|Indeedee-F, L50, F|
|teampreview|4
|showteam|p1|Maushold-Four||SafetyGoggles|FriendGuard|FollowMe,Taunt,Protect,BeatUp||||||50|,,,,,Ghost]Annihilape||MirrorHerb|Defiant|RageFist,DrainPunch,BulkUp,Protect|||M|||50|,,,,,Fire]Rillaboom||AssaultVest|GrassySurge|WoodHammer,GrassyGlide,FakeOut,HighHorsepower|||M|||50|,,,,,Fire]Dragonite||LoadedDice|Multiscale|ScaleShot,Tailwind,Haze,Protect|||F|||50|,,,,,Fairy]Sneasler||FocusSash|PoisonTouch|DireClaw,CloseCombat,FakeOut,Coaching|||M|||50|,,,,,Dark]Dondozo||Leftovers|Unaware|Liquidation,Fissure,Yawn,Protect|||M|||50|,,,,,Poison
|showteam|p2|Venusaur||CovertCloak|Chlorophyll|SleepPowder,SludgeBomb,WeatherBall,GigaDrain|||M|||50|,,,,,Fire]Ursaluna||FlameOrb|Guts|Facade,HeadlongRush,Earthquake,Protect|||F|||50|,,,,,Ghost]Charizard||LifeOrb|SolarPower|Protect,AirSlash,HeatWave,Overheat|||F|||50|,,,,,Fire]Murkrow||Eviolite|Prankster|FoulPlay,Tailwind,SunnyDay,Haze|||M|||50|,,,,,Ghost]Torkoal||WideLens|Drought|HeatWave,WillOWisp,SolarBeam,Protect|||M|||50|,,,,,Fire]Indeedee-F||PsychicSeed|PsychicSurge|HelpingHand,TrickRoom,Psyshock,FollowMe|||F|||50|,,,,,Psychic
|inactive|Battle timer is ON: inactive players will automatically lose when time's up. (requested by Gottkomplexe)
|inactive|Gottkomplexe has 60 seconds left.
|inactive|Coldspice58 has 60 seconds left.
|
|t:|1757849513
|teamsize|p1|4
|teamsize|p2|4
|start
|switch|p1a: Annihilape|Annihilape, L50, M|100/100
|switch|p1b: Maushold|Maushold-Four, L50|100/100
|switch|p2a: Torkoal|Torkoal, L50, M|100/100
|switch|p2b: Indeedee|Indeedee-F, L50, F|100/100
|-fieldstart|move: Psychic Terrain|[from] ability: Psychic Surge|[of] p2b: Indeedee
|-enditem|p2b: Indeedee|Psychic Seed
|-boost|p2b: Indeedee|spd|1|[from] item: Psychic Seed
|-weather|SunnyDay|[from] ability: Drought|[of] p2a: Torkoal
|-enditem|p1a: Annihilape|Mirror Herb
|-boost|p1a: Annihilape|spd|1|[from] item: Mirror Herb
|turn|1
|inactive|Coldspice58 has 30 seconds left.
|
|t:|1757849540
|-terastallize|p1a: Annihilape|Fire
|move|p1b: Maushold|Taunt|p2b: Indeedee
|-start|p2b: Indeedee|move: Taunt
|move|p1a: Annihilape|Bulk Up|p1a: Annihilape
|-boost|p1a: Annihilape|atk|1
|-boost|p1a: Annihilape|def|1
|move|p2a: Torkoal|Will-O-Wisp|p1a: Annihilape
|-immune|p1a: Annihilape
|cant|p2b: Indeedee|move: Taunt|Trick Room
|
|-weather|SunnyDay|[upkeep]
|upkeep
|turn|2
|inactive|Coldspice58 has 30 seconds left.
|
|t:|1757849569
|move|p1b: Maushold|Beat Up|p1a: Annihilape
|-damage|p1a: Annihilape|99/100
|-damage|p1a: Annihilape|98/100
|-damage|p1a: Annihilape|96/100
|-damage|p1a: Annihilape|94/100
|-hitcount|p1a: Annihilape|4
|move|p1a: Annihilape|Rage Fist|p2a: Torkoal
|-crit|p2a: Torkoal
|-damage|p2a: Torkoal|0 fnt
|faint|p2a: Torkoal
|move|p2b: Indeedee|Psyshock|p1a: Annihilape
|-damage|p1a: Annihilape|76/100
|
|-weather|SunnyDay|[upkeep]
|upkeep
|
|t:|1757849585
|switch|p2a: Venusaur|Venusaur, L50, M|100/100
|turn|3
|
|t:|1757849595
|switch|p2b: Charizard|Charizard, L50, F|100/100
|move|p1b: Maushold|Follow Me|p1b: Maushold
|-singleturn|p1b: Maushold|move: Follow Me
|move|p2a: Venusaur|Sleep Powder|p1b: Maushold
|-activate|p1b: Maushold|item: Safety Goggles|Sleep Powder
|move|p1a: Annihilape|Rage Fist|p2a: Venusaur
|-damage|p2a: Venusaur|0 fnt
|faint|p2a: Venusaur
|
|-weather|SunnyDay|[upkeep]
|-damage|p2b: Charizard|88/100|[from] ability: Solar Power|[of] p2b: Charizard
|upkeep
|j| LightWatt
|
|t:|1757849610
|switch|p2a: Indeedee|Indeedee-F, L50, F|100/100
|turn|4
|
|t:|1757849620
|-terastallize|p2b: Charizard|Fire
|move|p2a: Indeedee|Helping Hand|p2b: Charizard
|-singleturn|p2b: Charizard|Helping Hand|[of] p2a: Indeedee
|move|p1a: Annihilape|Protect|p1a: Annihilape
|-singleturn|p1a: Annihilape|Protect
|move|p1b: Maushold|Taunt|p2a: Indeedee
|-start|p2a: Indeedee|move: Taunt
|move|p2b: Charizard|Heat Wave|p1b: Maushold|[spread] p1b
|-activate|p1a: Annihilape|move: Protect
|-damage|p1b: Maushold|0 fnt
|faint|p1b: Maushold
|-damage|p2b: Charizard|78/100|[from] item: Life Orb
|
|-weather|SunnyDay|[upkeep]
|-damage|p2b: Charizard|66/100|[from] ability: Solar Power|[of] p2b: Charizard
|upkeep
|
|t:|1757849624
|switch|p1b: Rillaboom|Rillaboom, L50, M|100/100
|-fieldstart|move: Grassy Terrain|[from] ability: Grassy Surge|[of] p1b: Rillaboom
|turn|5
|
|t:|1757849643
|move|p2b: Charizard|Protect|p2b: Charizard
|-singleturn|p2b: Charizard|Protect
|move|p1b: Rillaboom|Fake Out|p2b: Charizard
|-activate|p2b: Charizard|move: Protect
|move|p1a: Annihilape|Drain Punch|p2a: Indeedee
|-damage|p2a: Indeedee|56/100
|-heal|p1a: Annihilape|96/100|[from] drain|[of] p2a: Indeedee
|move|p2a: Indeedee|Psyshock|p1a: Annihilape
|-damage|p1a: Annihilape|76/100
|
|-weather|none
|-heal|p2b: Charizard|72/100|[from] Grassy Terrain
|-heal|p1a: Annihilape|82/100|[from] Grassy Terrain
|-heal|p2a: Indeedee|62/100|[from] Grassy Terrain
|upkeep
|turn|6
|
|t:|1757849660
|move|p2b: Charizard|Heat Wave|p1a: Annihilape|[spread] p1a,p1b
|-resisted|p1a: Annihilape
|-supereffective|p1b: Rillaboom
|-damage|p1a: Annihilape|63/100
|-damage|p1b: Rillaboom|15/100
|-damage|p2b: Charizard|62/100|[from] item: Life Orb
|move|p1a: Annihilape|Rage Fist|p2b: Charizard
|-crit|p2b: Charizard
|-damage|p2b: Charizard|0 fnt
|faint|p2b: Charizard
|move|p1b: Rillaboom|Wood Hammer|p2a: Indeedee
|-damage|p2a: Indeedee|0 fnt
|faint|p2a: Indeedee
|-damage|p1b: Rillaboom|0 fnt|[from] Recoil
|faint|p1b: Rillaboom
|
|win|Gottkomplexe
||Gottkomplexe is ready for game 2.
|inactive|Coldspice58 has 30 seconds to confirm battle start!
|l| LightWatt
||Coldspice58 is ready for game 2.
|uhtml|next|Next: Game 2 of 3
|l|☆Coldspice58
|player|p2|
|l|☆Gottkomplexe
|player|p1|
