|j|☆Terrycat
|j|☆raccan
|html|Terrycatraccan    
|uhtml|bestof|Game 3 of a best-of-3
|t:|1783715828
|gametype|doubles
|player|p1|Terrycat|101|
|player|p2|raccan|hilbert|
|gen|9
|tier|[Gen 9 Champions] VGC 2026 Reg M-B (Bo3)
|rule|Species Clause: Limit one of each Pokémon
|rule|Item Clause: Limit 1 of each item
|clearpoke
|poke|p1|Emolga, L50, M|
|poke|p1|Sylveon, L50, F, shiny|
|poke|p1|Charizard, L50, M, shiny|
|poke|p1|Tsareena, L50, F|
|poke|p1|Snorlax, L50, M|
|poke|p1|Victreebel, L50, M|
|poke|p2|Meganium, L50, F, shiny|
|poke|p2|Noivern, L50, M|
|poke|p2|Basculegion, L50, M|
|poke|p2|Politoed, L50, F|
|poke|p2|Goodra-Hisui, L50, F|
|poke|p2|Ceruledge, L50, M, shiny|
|teampreview|4
|showteam|p1|Emolga||ChoiceScarf|Static|Nuzzle,VoltSwitch,Protect,Discharge|Hasty||M|||50|]Sylveon||FairyFeather|Pixilate|Moonblast,Protect,HyperVoice,DrainingKiss|Modest||F|||50|]Charizard||CharizarditeY|Blaze|Protect,HeatWave,SolarBeam,WeatherBall|Timid||M|||50|]Tsareena||WideLens|QueenlyMajesty|TripleAxel,Uturn,PlayRough,TropKick|Adamant||F|||50|]Snorlax||Leftovers|ThickFat|IcePunch,Protect,Crunch,ThunderPunch|Adamant||M|||50|]Victreebel||Victreebelite|Chlorophyll|GigaDrain,LeafBlade,WeatherBall,SludgeWave|Mild||M|||50|
|showteam|p2|Meganium||Meganiumite|Overgrow|Protect,SolarBeam,WeatherBall,DazzlingGleam|Timid||F|||50|]Noivern||LifeOrb|Frisk|Tailwind,AirSlash,DracoMeteor,Uturn|Timid||M|||50|]Basculegion||MysticWater|SwiftSwim|AquaJet,LastRespects,FlipTurn,WaveCrash|Adamant||M|||50|]Politoed||DampRock|Drizzle|HelpingHand,Protect,IcyWind,WeatherBall|Bold||F|||50|]Goodra-Hisui||ShucaBerry|ShellArmor|IceBeam,FlashCannon,RainDance,Thunder|Quiet||F|||50|]Ceruledge||ChoiceScarf|FlashFire|BitterBlade,CloseCombat,ThroatChop,PoisonJab|Adamant||M|||50|
|j| meknomancer
|c|☆Terrycat|This is it
|c|☆Terrycat|The big one
|
|t:|1783715964
|teamsize|p1|4
|teamsize|p2|4
|start
|switch|p1a: Saved by the Bell|Victreebel, L50, M|100/100
|switch|p1b: Zappy|Emolga, L50, M|100/100
|switch|p2a: Ceruledge|Ceruledge, L50, M, shiny|100/100
|switch|p2b: Noivern|Noivern, L50, M|100/100
|-item|p1a: Saved by the Bell|Victreebelite|[from] ability: Frisk|[of] p2b: Noivern
|-item|p1b: Zappy|Choice Scarf|[from] ability: Frisk|[of] p2b: Noivern
|turn|1
|
|t:|1783716013
|detailschange|p1a: Saved by the Bell|Victreebel-Mega, L50, M
|-mega|p1a: Saved by the Bell|Victreebel|Victreebelite
|move|p1b: Zappy|Nuzzle|p2b: Noivern
|-damage|p2b: Noivern|91/100
|-status|p2b: Noivern|par
|move|p2a: Ceruledge|Bitter Blade|p1a: Saved by the Bell
|-supereffective|p1a: Saved by the Bell|1
|-damage|p1a: Saved by the Bell|0 fnt
|-damage|p2a: Ceruledge|0 fnt|[from] ability: Innards Out|[of] p1a: Saved by the Bell
|faint|p1a: Saved by the Bell
|faint|p2a: Ceruledge
|move|p2b: Noivern|U-turn|p1b: Zappy
|-resisted|p1b: Zappy|1
|-damage|p1b: Zappy|83/100
|-damage|p2b: Noivern|82/100 par|[from] item: Life Orb
|
|t:|1783716028
|switch|p2b: Goodra|Goodra-Hisui, L50, F|100/100|[from] U-turn
|
|upkeep
|
|t:|1783716039
|switch|p2a: Basculegion|Basculegion, L50, M|100/100
|switch|p1a: Eepy Boi|Snorlax, L50, M|100/100
|turn|2
|
|t:|1783716061
|switch|p2a: Noivern|Noivern, L50, M|82/100 par
|-item|p1a: Eepy Boi|Leftovers|[from] ability: Frisk|[of] p2a: Noivern
|-item|p1b: Zappy|Choice Scarf|[from] ability: Frisk|[of] p2a: Noivern
|move|p1b: Zappy|Nuzzle|p2a: Noivern
|-damage|p2a: Noivern|74/100 par
|move|p2b: Goodra|Rain Dance|p2b: Goodra
|-weather|RainDance
|move|p1a: Eepy Boi|Ice Punch|p2b: Goodra
|-damage|p2b: Goodra|77/100
|
|-weather|RainDance|[upkeep]
|upkeep
|turn|3
|
|t:|1783716095
|move|p1b: Zappy|Nuzzle|p2b: Goodra
|-resisted|p2b: Goodra|1
|-damage|p2b: Goodra|74/100
|-status|p2b: Goodra|par
|move|p2a: Noivern|Draco Meteor|p1a: Eepy Boi
|-damage|p1a: Eepy Boi|57/100
|-unboost|p2a: Noivern|spa|2
|-damage|p2a: Noivern|64/100 par|[from] item: Life Orb
|move|p1a: Eepy Boi|Ice Punch|p2b: Goodra
|-damage|p2b: Goodra|51/100 par
|cant|p2b: Goodra|par
|
|-weather|RainDance|[upkeep]
|-heal|p1a: Eepy Boi|63/100|[from] item: Leftovers
|upkeep
|turn|4
|
|t:|1783716134
|move|p1a: Eepy Boi|Protect|p1a: Eepy Boi
|-singleturn|p1a: Eepy Boi|Protect
|move|p1b: Zappy|Nuzzle|p2a: Noivern
|-damage|p2a: Noivern|56/100 par
|cant|p2a: Noivern|par
|move|p2b: Goodra|Thunder|p1b: Zappy
|-crit|p1b: Zappy
|-damage|p1b: Zappy|0 fnt
|faint|p1b: Zappy
|
|-weather|RainDance|[upkeep]
|-heal|p1a: Eepy Boi|69/100|[from] item: Leftovers
|upkeep
|
|t:|1783716151
|switch|p1b: Sylvie|Sylveon, L50, F, shiny|100/100
|turn|5
|
|t:|1783716192
|move|p1b: Sylvie|Protect|p1b: Sylvie
|-singleturn|p1b: Sylvie|Protect
|move|p2a: Noivern|U-turn|p1a: Eepy Boi
|-damage|p1a: Eepy Boi|55/100
|-damage|p2a: Noivern|46/100 par|[from] item: Life Orb
|
|t:|1783716198
|switch|p2a: Basculegion|Basculegion, L50, M|100/100|[from] U-turn
|move|p1a: Eepy Boi|Thunder Punch|p2a: Basculegion
|-supereffective|p2a: Basculegion|1
|-damage|p2a: Basculegion|39/100
|move|p2b: Goodra|Flash Cannon|p1b: Sylvie
|-activate|p1b: Sylvie|move: Protect
|
|-weather|RainDance|[upkeep]
|-heal|p1a: Eepy Boi|61/100|[from] item: Leftovers
|upkeep
|turn|6
|
|t:|1783716260
|move|p2a: Basculegion|Wave Crash|p1a: Eepy Boi
|-damage|p1a: Eepy Boi|0 fnt
|faint|p1a: Eepy Boi
|-damage|p2a: Basculegion|11/100|[from] Recoil
|move|p1b: Sylvie|Moonblast|p2b: Goodra
|-damage|p2b: Goodra|11/100 par
|move|p2b: Goodra|Flash Cannon|p1b: Sylvie
|-supereffective|p1b: Sylvie|1
|-damage|p1b: Sylvie|48/100
|
|-weather|none
|upkeep
|turn|7
|
|t:|1783716287
|move|p2a: Basculegion|Wave Crash|p1b: Sylvie
|-damage|p1b: Sylvie|0 fnt
|faint|p1b: Sylvie
|-damage|p2a: Basculegion|0 fnt|[from] Recoil
|faint|p2a: Basculegion
|
|win|raccan
|l| meknomancer
