|j|☆gimunino
|j|☆gohan92
|html|gimuninogohan92    
|uhtml|bestof|Game 2 of a best-of-3
|t:|1757671013
|gametype|doubles
|player|p1|gimunino|blue|1410
|player|p2|gohan92|102|1350
|gen|9
|tier|[Gen 9] VGC 2025 Reg H (Bo3)
|rated|
|rule|Species Clause: Limit one of each Pokémon
|rule|Item Clause: Limit 1 of each item
|clearpoke
|poke|p1|Sneasler, L50, F|
|poke|p1|Indeedee, L50, M|
|poke|p1|Volcarona, L50, M|
|poke|p1|Ursaluna-Bloodmoon, L50, M|
|poke|p1|Annihilape, L50, F|
|poke|p1|Tyranitar, L50, M|
|poke|p2|Gholdengo, L50|
|poke|p2|Archaludon, L50, M|
|poke|p2|Sneasler, L50, M|
|poke|p2|Pelipper, L50, F|
|poke|p2|Rillaboom, L50, M|
|poke|p2|Incineroar, L50, F|
|teampreview|4
|showteam|p1|Sneasler||PsychicSeed|Unburden|CloseCombat,DireClaw,ThroatChop,Protect|||F|||50|,,,,,Dark]Indeedee||ChoiceScarf|PsychicSurge|TeraBlast,ExpandingForce,Trick,Protect|||M|||50|,,,,,Psychic]Volcarona||SitrusBerry|FlameBody|Overheat,StruggleBug,RagePowder,Tailwind|||M|||50|,,,,,Grass]Ursaluna-Bloodmoon||LifeOrb|MindsEye|HyperVoice,BloodMoon,EarthPower,Protect|||M|||50|,,,,,Normal]Annihilape||SafetyGoggles|Defiant|CloseCombat,FinalGambit,RageFist,Taunt|||F|||50|,,,,,Fairy]Tyranitar||AssaultVest|SandStream|RockSlide,KnockOff,LowKick,TeraBlast|||M|||50|,,,,,Flying
|showteam|p2|Gholdengo||MetalCoat|GoodasGold|MakeItRain,ShadowBall,NastyPlot,Protect||||||50|,,,,,Fighting]Archaludon||PowerHerb|Sturdy|ElectroShot,DragonPulse,FlashCannon,Protect|||M|||50|,,,,,Electric]Sneasler||GrassySeed|Unburden|CloseCombat,DireClaw,ThroatChop,Protect|||M|||50|,,,,,Dark]Pelipper||ChoiceScarf|Drizzle|WeatherBall,Hurricane,MuddyWater,Tailwind|||F|||50|,,,,,Ghost]Rillaboom||AssaultVest|GrassySurge|FakeOut,WoodHammer,GrassyGlide,HighHorsepower|||M|||50|,,,,,Fire]Incineroar||SafetyGoggles|Intimidate|FakeOut,FlareBlitz,KnockOff,PartingShot|||F|||50|,,,,,Ghost
|inactive|Battle timer is ON: inactive players will automatically lose when time's up. (requested by gimunino)
|
|t:|1757671045
|teamsize|p1|4
|teamsize|p2|4
|start
|switch|p1a: Volcarona|Volcarona, L50, M|100/100
|switch|p1b: Tyranitar|Tyranitar, L50, M|100/100
|switch|p2a: Archaludon|Archaludon, L50, M|100/100
|switch|p2b: Rillaboom|Rillaboom, L50, M|100/100
|-fieldstart|move: Grassy Terrain|[from] ability: Grassy Surge|[of] p2b: Rillaboom
|-weather|Sandstorm|[from] ability: Sand Stream|[of] p1b: Tyranitar
|turn|1
|inactive|gimunino has 30 seconds left.
|inactive|gohan92 has 30 seconds left.
|inactive|gimunino has 20 seconds left.
|inactive|gimunino has 15 seconds left.
|inactive|gimunino has 10 seconds left.
|inactive|gimunino has 5 seconds left.
|
|t:|1757671097
|move|p2b: Rillaboom|Grassy Glide|p1b: Tyranitar
|-supereffective|p1b: Tyranitar
|-damage|p1b: Tyranitar|31/100
|move|p1a: Volcarona|Struggle Bug|p2b: Rillaboom|[spread] p2a,p2b
|-resisted|p2a: Archaludon
|-supereffective|p2b: Rillaboom
|-damage|p2a: Archaludon|88/100
|-damage|p2b: Rillaboom|77/100
|-unboost|p2a: Archaludon|spa|1
|-unboost|p2b: Rillaboom|spa|1
|move|p2a: Archaludon|Electro Shot||[still]
|-prepare|p2a: Archaludon|Electro Shot
|-boost|p2a: Archaludon|spa|1
|-enditem|p2a: Archaludon|Power Herb
|-anim|p2a: Archaludon|Electro Shot|p1b: Tyranitar
|-damage|p1b: Tyranitar|11/100
|move|p1b: Tyranitar|Knock Off|p2b: Rillaboom
|-damage|p2b: Rillaboom|24/100
|-enditem|p2b: Rillaboom|Assault Vest|[from] move: Knock Off|[of] p1b: Tyranitar
|
|-weather|Sandstorm|[upkeep]
|-damage|p1a: Volcarona|94/100|[from] Sandstorm
|-damage|p2b: Rillaboom|18/100|[from] Sandstorm
|-heal|p1a: Volcarona|100/100|[from] Grassy Terrain
|-heal|p2a: Archaludon|94/100|[from] Grassy Terrain
|-heal|p2b: Rillaboom|24/100|[from] Grassy Terrain
|-heal|p1b: Tyranitar|17/100|[from] Grassy Terrain
|upkeep
|turn|2
|inactive|gimunino has 30 seconds left.
|inactive|gohan92 has 30 seconds left.
|
|t:|1757671132
|switch|p2b: Pelipper|Pelipper, L50, F|100/100
|-weather|RainDance|[from] ability: Drizzle|[of] p2b: Pelipper
|switch|p1b: Sneasler|Sneasler, L50, F|100/100
|move|p1a: Volcarona|Struggle Bug|p2b: Pelipper|[spread] p2a,p2b
|-resisted|p2a: Archaludon
|-resisted|p2b: Pelipper
|-crit|p2b: Pelipper
|-damage|p2a: Archaludon|81/100
|-damage|p2b: Pelipper|78/100
|-unboost|p2a: Archaludon|spa|1
|-unboost|p2b: Pelipper|spa|1
|move|p2a: Archaludon|Electro Shot||[still]
|-prepare|p2a: Archaludon|Electro Shot
|-boost|p2a: Archaludon|spa|1
|-anim|p2a: Archaludon|Electro Shot|p1b: Sneasler
|-damage|p1b: Sneasler|43/100
|
|-weather|RainDance|[upkeep]
|-heal|p1b: Sneasler|49/100|[from] Grassy Terrain
|-heal|p2a: Archaludon|87/100|[from] Grassy Terrain
|upkeep
|turn|3
|inactive|gimunino has 30 seconds left.
|inactive|gohan92 has 30 seconds left.
|inactive|gimunino has 20 seconds left.
|inactive|gohan92 has 20 seconds left.
|inactive|gimunino has 15 seconds left.
|inactive|gimunino has 10 seconds left.
|inactive|gimunino has 5 seconds left.
|
|t:|1757671182
|switch|p1a: Indeedee|Indeedee, L50, M|100/100
|-fieldstart|move: Psychic Terrain|[from] ability: Psychic Surge|[of] p1a: Indeedee
|-enditem|p1b: Sneasler|Psychic Seed
|-boost|p1b: Sneasler|spd|1|[from] item: Psychic Seed
|switch|p2a: Incineroar|Incineroar, L50, F|100/100
|-ability|p2a: Incineroar|Intimidate|boost
|-unboost|p1a: Indeedee|atk|1
|-unboost|p1b: Sneasler|atk|1
|move|p1b: Sneasler|Dire Claw|p2b: Pelipper
|-damage|p2b: Pelipper|40/100
|move|p2b: Pelipper|Muddy Water|p1b: Sneasler|[spread] p1a,p1b
|-damage|p1a: Indeedee|67/100
|-damage|p1b: Sneasler|24/100
|
|-weather|RainDance|[upkeep]
|upkeep
|turn|4
|inactive|gimunino has 30 seconds left.
|inactive|gohan92 has 30 seconds left.
|inactive|gohan92 has 20 seconds left.
|
|t:|1757671222
|switch|p2b: Rillaboom|Rillaboom, L50, M|24/100
|-fieldstart|move: Grassy Terrain|[from] ability: Grassy Surge|[of] p2b: Rillaboom
|-terastallize|p2a: Incineroar|Ghost
|move|p1b: Sneasler|Close Combat|p2a: Incineroar
|-immune|p2a: Incineroar
|move|p1a: Indeedee|Tera Blast|p2a: Incineroar
|-immune|p2a: Incineroar
|move|p2a: Incineroar|Knock Off|p1a: Indeedee
|-supereffective|p1a: Indeedee
|-damage|p1a: Indeedee|0 fnt
|-enditem|p1a: Indeedee|Choice Scarf|[from] move: Knock Off|[of] p2a: Incineroar
|faint|p1a: Indeedee
|
|-weather|RainDance|[upkeep]
|-heal|p1b: Sneasler|30/100|[from] Grassy Terrain
|-heal|p2b: Rillaboom|29/100|[from] Grassy Terrain
|upkeep
|
|t:|1757671242
|switch|p1a: Volcarona|Volcarona, L50, M|100/100
|turn|5
|inactive|gimunino has 30 seconds left.
|
|t:|1757671271
|move|p1b: Sneasler|Protect|p1b: Sneasler
|-singleturn|p1b: Sneasler|Protect
|move|p2b: Rillaboom|Fake Out|p1b: Sneasler
|-activate|p1b: Sneasler|move: Protect
|move|p1a: Volcarona|Struggle Bug|p2b: Rillaboom|[spread] p2a,p2b
|-resisted|p2a: Incineroar
|-supereffective|p2b: Rillaboom
|-damage|p2a: Incineroar|95/100
|-damage|p2b: Rillaboom|0 fnt
|-unboost|p2a: Incineroar|spa|1
|faint|p2b: Rillaboom
|move|p2a: Incineroar|Parting Shot|p1a: Volcarona
|-unboost|p1a: Volcarona|atk|1
|-unboost|p1a: Volcarona|spa|1
|
|t:|1757671285
|switch|p2a: Archaludon|Archaludon, L50, M|87/100|[from] Parting Shot
|
|-weather|RainDance|[upkeep]
|-heal|p1b: Sneasler|35/100|[from] Grassy Terrain
|-heal|p2a: Archaludon|93/100|[from] Grassy Terrain
|upkeep
|
|t:|1757671292
|switch|p2b: Incineroar|Incineroar, L50, F, tera:Ghost|95/100
|-ability|p2b: Incineroar|Intimidate|boost
|-unboost|p1a: Volcarona|atk|1
|-unboost|p1b: Sneasler|atk|1
|turn|6
|
|t:|1757671313
|move|p2b: Incineroar|Fake Out|p1b: Sneasler
|-damage|p1b: Sneasler|17/100
|move|p1a: Volcarona|Rage Powder|p1a: Volcarona
|-singleturn|p1a: Volcarona|move: Rage Powder
|cant|p1b: Sneasler|flinch
|move|p2a: Archaludon|Electro Shot||[still]
|-prepare|p2a: Archaludon|Electro Shot
|-boost|p2a: Archaludon|spa|1
|-anim|p2a: Archaludon|Electro Shot|p1a: Volcarona
|-damage|p1a: Volcarona|37/100
|-enditem|p1a: Volcarona|Sitrus Berry|[eat]
|-heal|p1a: Volcarona|62/100|[from] item: Sitrus Berry
|
|-weather|none
|-heal|p1b: Sneasler|22/100|[from] Grassy Terrain
|-heal|p1a: Volcarona|68/100|[from] Grassy Terrain
|-heal|p2a: Archaludon|99/100|[from] Grassy Terrain
|-heal|p2b: Incineroar|100/100|[from] Grassy Terrain
|upkeep
|turn|7
|inactive|gimunino has 30 seconds left.
|inactive|gimunino has 20 seconds left.
|
|t:|1757671352
|-terastallize|p1b: Sneasler|Dark
|move|p2a: Archaludon|Protect|p2a: Archaludon
|-singleturn|p2a: Archaludon|Protect
|move|p1b: Sneasler|Throat Chop|p2b: Incineroar
|-supereffective|p2b: Incineroar
|-damage|p2b: Incineroar|62/100
|-start|p2b: Incineroar|Throat Chop|[silent]
|move|p1a: Volcarona|Overheat|p2b: Incineroar|[miss]
|-miss|p1a: Volcarona|p2b: Incineroar
|move|p2b: Incineroar|Flare Blitz|p1b: Sneasler
|-damage|p1b: Sneasler|0 fnt
|faint|p1b: Sneasler
|-damage|p2b: Incineroar|56/100|[from] Recoil
|
|-heal|p1a: Volcarona|74/100|[from] Grassy Terrain
|-heal|p2a: Archaludon|100/100|[from] Grassy Terrain
|-heal|p2b: Incineroar|62/100|[from] Grassy Terrain
|upkeep
|-message|gimunino forfeited.
|
|win|gohan92
|raw|gimunino's rating: 1410 → 1387(-23 for losing)
|raw|gohan92's rating: 1350 → 1373(+23 for winning)
|l|☆gimunino
|player|p1|
|l|☆gohan92
|player|p2|
|j|☆gohan92
|player|p2|gohan92|102|
