|j|☆BernieBrando
|j|☆themadshow
|html|BernieBrandothemadshow    
|uhtml|bestof|Game 1 of a best-of-3
|t:|1756746618
|gametype|doubles
|player|p1|BernieBrando|adaman|
|player|p2|themadshow|1|
|gen|9
|tier|[Gen 9] VGC 2025 Reg H (Bo3)
|rule|Species Clause: Limit one of each Pokémon
|rule|Item Clause: Limit 1 of each item
|clearpoke
|poke|p1|Indeedee-F, L50, F|
|poke|p1|Espathra, L50, F|
|poke|p1|Amoonguss, L50, F|
|poke|p1|Torracat, L50, M|
|poke|p1|Bastiodon, L50, F|
|poke|p1|Malamar, L50, F|
|poke|p2|Torkoal, L50, F|
|poke|p2|Lilligant-Hisui, L50, F|
|poke|p2|Maushold, L50|
|poke|p2|Zebstrika, L50, M|
|poke|p2|Clefairy, L50, M|
|poke|p2|Gastrodon, L50, M|
|teampreview|4
|showteam|p1|Indeedee-F||PsychicSeed|PsychicSurge|FollowMe,TrickRoom,HelpingHand,Psychic|||F|||50|,,,,,Grass]Espathra||FocusSash|SpeedBoost|Protect,LuminaCrash,ExpandingForce,DazzlingGleam|||F|||50|,,,,,Psychic]Amoonguss||RockyHelmet|Regenerator|RagePowder,Spore,PollenPuff,SludgeBomb|||F|||50|,,,,,Water]Torracat||Eviolite|Intimidate|FakeOut,PartingShot,HeatWave,Taunt|||M|||50|,,,,,Grass]Bastiodon||Leftovers|Soundproof|BodyPress,IronDefense,RockSlide,Taunt|||F|||50|,,,,,Fighting]Malamar||CovertCloak|Contrary|Superpower,KnockOff,TrickRoom,TopsyTurvy|||F|||50|,,,,,Steel
|showteam|p2|Torkoal||Charcoal|Drought|Protect,Eruption,HeatWave,EarthPower|||F|||50|,,,,,Fire]Lilligant-Hisui||FocusSash|Chlorophyll|AfterYou,SleepPowder,PetalBlizzard,CloseCombat|||F|||50|,,,,,Ghost]Maushold||WideLens|Technician|PopulationBomb,Bite,Feint,Protect||||||50|,,,,,Normal]Zebstrika||LifeOrb|SapSipper|VoltSwitch,HighHorsepower,WildCharge,FlameCharge|||M|||50|,,,,,Ground]Clefairy||Eviolite|FriendGuard|FollowMe,LifeDew,HelpingHand,Protect|||M|||50|,,,,,Ghost]Gastrodon||Leftovers|StormDrain|ClearSmog,IcyWind,Yawn,Protect|||M|||50|,,,,,Poison
|
|t:|1756746658
|teamsize|p1|4
|teamsize|p2|4
|start
|switch|p1a: Lady Gaga|Espathra, L50, F|100/100
|switch|p1b: Incinerunt|Torracat, L50, M|100/100
|switch|p2a: Torkoal|Torkoal, L50, F|100/100
|switch|p2b: Lilligant|Lilligant-Hisui, L50, F|100/100
|-ability|p1b: Incinerunt|Intimidate|boost
|-unboost|p2a: Torkoal|atk|1
|-unboost|p2b: Lilligant|atk|1
|-weather|SunnyDay|[from] ability: Drought|[of] p2a: Torkoal
|turn|1
|inactive|Battle timer is ON: inactive players will automatically lose when time's up. (requested by BernieBrando)
|
|t:|1756746712
|move|p1a: Lady Gaga|Protect|p1a: Lady Gaga
|-singleturn|p1a: Lady Gaga|Protect
|move|p2b: Lilligant|Close Combat|p1b: Incinerunt
|-damage|p1b: Incinerunt|65/100
|-unboost|p2b: Lilligant|def|1
|-unboost|p2b: Lilligant|spd|1
|move|p1b: Incinerunt|Taunt|p2b: Lilligant
|-start|p2b: Lilligant|move: Taunt
|move|p2a: Torkoal|Earth Power|p1b: Incinerunt
|-supereffective|p1b: Incinerunt
|-damage|p1b: Incinerunt|13/100
|
|-weather|SunnyDay|[upkeep]
|-ability|p1a: Lady Gaga|Speed Boost|boost
|-boost|p1a: Lady Gaga|spe|1
|upkeep
|turn|2
|inactive|BernieBrando has 30 seconds left.
|inactive|themadshow has 30 seconds left.
|inactive|themadshow has 20 seconds left.
|
|t:|1756746748
|switch|p2b: Clefairy|Clefairy, L50, M|100/100
|switch|p1b: Min Min|Indeedee-F, L50, F|100/100
|-fieldstart|move: Psychic Terrain|[from] ability: Psychic Surge|[of] p1b: Min Min
|-enditem|p1b: Min Min|Psychic Seed
|-boost|p1b: Min Min|spd|1|[from] item: Psychic Seed
|move|p1a: Lady Gaga|Expanding Force|p2a: Torkoal|[spread] p2a,p2b
|-damage|p2a: Torkoal|43/100
|-damage|p2b: Clefairy|64/100
|move|p2a: Torkoal|Heat Wave|p1a: Lady Gaga|[spread] p1a,p1b
|-damage|p1a: Lady Gaga|16/100
|-damage|p1b: Min Min|65/100
|
|-weather|SunnyDay|[upkeep]
|-ability|p1a: Lady Gaga|Speed Boost|boost
|-boost|p1a: Lady Gaga|spe|1
|upkeep
|turn|3
|inactive|BernieBrando has 30 seconds left.
|inactive|themadshow has 30 seconds left.
|inactive|themadshow has 20 seconds left.
|inactive|themadshow has 15 seconds left.
|inactive|themadshow has 10 seconds left.
|
|t:|1756746797
|move|p1b: Min Min|Helping Hand|p1a: Lady Gaga
|-singleturn|p1a: Lady Gaga|Helping Hand|[of] p1b: Min Min
|move|p2a: Torkoal|Protect|p2a: Torkoal
|-singleturn|p2a: Torkoal|Protect
|move|p1a: Lady Gaga|Expanding Force|p2a: Torkoal|[spread] p2b
|-activate|p2a: Torkoal|move: Protect
|-damage|p2b: Clefairy|7/100
|move|p2b: Clefairy|Life Dew|p2b: Clefairy|[spread] p2a,p2b
|-heal|p2a: Torkoal|68/100
|-heal|p2b: Clefairy|32/100
|
|-weather|SunnyDay|[upkeep]
|-ability|p1a: Lady Gaga|Speed Boost|boost
|-boost|p1a: Lady Gaga|spe|1
|upkeep
|turn|4
|inactive|BernieBrando has 30 seconds left.
|inactive|themadshow has 30 seconds left.
|inactive|themadshow has 20 seconds left.
|inactive|themadshow has 15 seconds left.
|inactive|themadshow has 10 seconds left.
|inactive|themadshow has 5 seconds left.
|
|t:|1756746852
|move|p1b: Min Min|Helping Hand|p1a: Lady Gaga
|-singleturn|p1a: Lady Gaga|Helping Hand|[of] p1b: Min Min
|move|p1a: Lady Gaga|Expanding Force|p2b: Clefairy|[spread] p2a,p2b
|-damage|p2a: Torkoal|0 fnt
|-damage|p2b: Clefairy|0 fnt
|faint|p2a: Torkoal
|faint|p2b: Clefairy
|
|-weather|SunnyDay|[upkeep]
|-ability|p1a: Lady Gaga|Speed Boost|boost
|-boost|p1a: Lady Gaga|spe|1
|upkeep
|
|t:|1756746861
|switch|p2b: Lilligant|Lilligant-Hisui, L50, F|100/100
|switch|p2a: Zebstrika|Zebstrika, L50, M|100/100
|turn|5
|inactive|BernieBrando has 30 seconds left.
|inactive|themadshow has 30 seconds left.
|
|t:|1756746894
|-terastallize|p1a: Lady Gaga|Psychic
|move|p1b: Min Min|Helping Hand|p1a: Lady Gaga
|-singleturn|p1a: Lady Gaga|Helping Hand|[of] p1b: Min Min
|move|p1a: Lady Gaga|Expanding Force|p2b: Lilligant|[spread] p2a,p2b
|-supereffective|p2b: Lilligant
|-damage|p2a: Zebstrika|0 fnt
|-enditem|p2b: Lilligant|Focus Sash
|-damage|p2b: Lilligant|1/100
|faint|p2a: Zebstrika
|move|p2b: Lilligant|Petal Blizzard|p1a: Lady Gaga|[spread] p1a,p1b
|-damage|p1a: Lady Gaga|0 fnt
|-damage|p1b: Min Min|39/100
|faint|p1a: Lady Gaga
|
|-weather|none
|upkeep
|
|t:|1756746909
|switch|p1a: Incinerunt|Torracat, L50, M|13/100
|-ability|p1a: Incinerunt|Intimidate|boost
|-unboost|p2b: Lilligant|atk|1
|turn|6
|inactive|themadshow has 30 seconds left.
|
|t:|1756746937
|-terastallize|p2b: Lilligant|Ghost
|move|p2b: Lilligant|Petal Blizzard|p1a: Incinerunt|[spread] p1a,p1b
|-resisted|p1a: Incinerunt
|-crit|p1b: Min Min
|-damage|p1a: Incinerunt|2/100
|-damage|p1b: Min Min|0 fnt
|faint|p1b: Min Min
|move|p1a: Incinerunt|Heat Wave|p2b: Lilligant
|-damage|p2b: Lilligant|0 fnt
|faint|p2b: Lilligant
|
|win|BernieBrando
|l|☆themadshow
|player|p2|
||BernieBrando is ready for game 2.
|inactive|themadshow has 30 seconds to confirm battle start!
||themadshow is ready for game 2.
|uhtml|next|Next: Game 2 of 3
