|j|☆jwithers93
|j|☆kiko8888
|html|jwithers93kiko8888    
|uhtml|bestof|Game 1 of a best-of-3
|t:|1783424409
|gametype|doubles
|player|p1|jwithers93|marshal|1113
|player|p2|kiko8888|265|1084
|gen|9
|tier|[Gen 9 Champions] VGC 2026 Reg M-B (Bo3)
|rated|
|rule|Species Clause: Limit one of each Pokémon
|rule|Item Clause: Limit 1 of each item
|clearpoke
|poke|p1|Scovillain, L50, M|
|poke|p1|Rotom-Wash, L50|
|poke|p1|Whimsicott, L50, F|
|poke|p1|Floette-Eternal, L50, F|
|poke|p1|Garchomp, L50, M|
|poke|p1|Kingambit, L50, M|
|poke|p2|Gengar, L50, F, shiny|
|poke|p2|Incineroar, L50, M, shiny|
|poke|p2|Sinistcha-Masterpiece, L50, shiny|
|poke|p2|Basculegion, L50, M, shiny|
|poke|p2|Pelipper, L50, M, shiny|
|poke|p2|Garchomp, L50, F|
|teampreview|4
|showteam|p1|Scovillain||Scovillainite|Chlorophyll|Overheat,LeafStorm,RagePowder,LeechSeed|Bold||M|||50|]Rotom-Wash||ChoiceScarf|Levitate|Electroweb,VoltSwitch,HydroPump,HelpingHand|Timid|||||50|]Whimsicott||FocusSash|Prankster|Tailwind,Encore,Protect,Moonblast|Timid||F|||50|]Floette-Eternal||Floettite|FlowerVeil|DazzlingGleam,Moonblast,LightofRuin,Protect|Timid||F|||50|]Garchomp||LifeOrb|RoughSkin|Earthquake,RockSlide,DragonClaw,Protect|Jolly||M|||50|]Kingambit||ChopleBerry|Defiant|SuckerPunch,KowtowCleave,IronHead,Protect|Adamant||M|||50|
|showteam|p2|Gengar||Gengarite|CursedBody|PerishSong,Protect,PainSplit,GigaDrain|Calm||F|||50|]Incineroar||SitrusBerry|Intimidate|FakeOut,PartingShot,ThroatChop,Protect|Careful||M|||50|]Sinistcha-Masterpiece||Leftovers|Hospitality|MatchaGotcha,Protect,StrengthSap,RagePowder|Calm|||||50|]Basculegion||LifeOrb|SwiftSwim|WaveCrash,LastRespects,Protect,AquaJet|Serious||M|||50|]Pelipper||DampRock|Drizzle|Hurricane,WeatherBall,Protect,KnockOff|Bold||M|||50|]Garchomp||PersimBerry|RoughSkin|RockSlide,Protect,Outrage,StompingTantrum|Serious||F|||50|
|inactive|Battle timer is ON: inactive players will automatically lose when time's up. (requested by kiko8888)
|inactive|jwithers93 has 60 seconds left.
|inactive|jwithers93 has 30 seconds left.
|inactive|jwithers93 has 20 seconds left.
|
|t:|1783424483
|teamsize|p1|4
|teamsize|p2|4
|start
|switch|p1a: Garchomp|Garchomp, L50, M|100/100
|switch|p1b: Rotom|Rotom-Wash, L50|100/100
|switch|p2a: Incineroar|Incineroar, L50, M, shiny|100/100
|switch|p2b: Gengar|Gengar, L50, F, shiny|100/100
|-ability|p2a: Incineroar|Intimidate|boost
|-unboost|p1a: Garchomp|atk|1
|-unboost|p1b: Rotom|atk|1
|turn|1
|inactive|kiko8888 has 30 seconds left.
|inactive|kiko8888 has 20 seconds left.
|
|t:|1783424527
|detailschange|p2b: Gengar|Gengar-Mega, L50, F, shiny
|-mega|p2b: Gengar|Gengar|Gengarite
|move|p2a: Incineroar|Fake Out|p1a: Garchomp
|-damage|p1a: Garchomp|90/100
|-damage|p2a: Incineroar|87/100|[from] ability: Rough Skin|[of] p1a: Garchomp
|move|p1b: Rotom|Hydro Pump|p2a: Incineroar
|-supereffective|p2a: Incineroar|1
|-damage|p2a: Incineroar|7/100
|-enditem|p2a: Incineroar|Sitrus Berry|[eat]
|-heal|p2a: Incineroar|32/100|[from] item: Sitrus Berry
|move|p2b: Gengar|Perish Song|p2b: Gengar
|-start|p1a: Garchomp|perish3|[silent]
|-start|p1b: Rotom|perish3|[silent]
|-start|p2a: Incineroar|perish3|[silent]
|-start|p2b: Gengar|perish3|[silent]
|-fieldactivate|move: Perish Song
|cant|p1a: Garchomp|flinch
|
|-start|p1b: Rotom|perish3
|-start|p2b: Gengar|perish3
|-start|p1a: Garchomp|perish3
|-start|p2a: Incineroar|perish3
|upkeep
|turn|2
|
|t:|1783424550
|move|p2b: Gengar|Protect|p2b: Gengar
|-singleturn|p2b: Gengar|Protect
|move|p2a: Incineroar|Protect|p2a: Incineroar
|-singleturn|p2a: Incineroar|Protect
|move|p1b: Rotom|Hydro Pump|p2b: Gengar
|-activate|p2b: Gengar|move: Protect
|move|p1a: Garchomp|Earthquake|p2a: Incineroar|[spread] 
|-activate|p2a: Incineroar|move: Protect
|-activate|p2b: Gengar|move: Protect
|-immune|p1b: Rotom|[from] ability: Levitate
|
|-start|p1b: Rotom|perish2
|-start|p2b: Gengar|perish2
|-start|p1a: Garchomp|perish2
|-start|p2a: Incineroar|perish2
|upkeep
|turn|3
|inactive|kiko8888 has 30 seconds left.
|inactive|kiko8888 has 20 seconds left.
|inactive|kiko8888 has 15 seconds left.
|
|t:|1783424593
|switch|p2b: Sinistcha|Sinistcha-Masterpiece, L50, shiny|100/100
|-heal|p2a: Incineroar|56/100|[from] ability: Hospitality|[of] p2b: Sinistcha
|move|p1b: Rotom|Hydro Pump|p2b: Sinistcha
|-resisted|p2b: Sinistcha|1
|-damage|p2b: Sinistcha|76/100
|move|p1a: Garchomp|Earthquake|p2b: Sinistcha|[spread] p2a,p2b
|-immune|p1b: Rotom|[from] ability: Levitate
|-supereffective|p2a: Incineroar|1
|-resisted|p2b: Sinistcha|1
|-damage|p2a: Incineroar|5/100
|-damage|p2b: Sinistcha|61/100
|-damage|p1a: Garchomp|80/100|[from] item: Life Orb
|move|p2a: Incineroar|Parting Shot|p1b: Rotom
|-unboost|p1b: Rotom|atk|1
|-unboost|p1b: Rotom|spa|1
|
|t:|1783424610
|switch|p2a: Gengar|Gengar-Mega, L50, F, shiny|100/100|[from] Parting Shot
|
|-heal|p2b: Sinistcha|67/100|[from] item: Leftovers
|-start|p1b: Rotom|perish1
|-start|p1a: Garchomp|perish1
|upkeep
|turn|4
|
|t:|1783424632
|move|p2a: Gengar|Protect|p2a: Gengar
|-singleturn|p2a: Gengar|Protect
|move|p1b: Rotom|Hydro Pump|p2b: Sinistcha
|-resisted|p2b: Sinistcha|1
|-damage|p2b: Sinistcha|52/100
|move|p1a: Garchomp|Earthquake|p2b: Sinistcha|[spread] p2b
|-activate|p2a: Gengar|move: Protect
|-immune|p1b: Rotom|[from] ability: Levitate
|-resisted|p2b: Sinistcha|1
|-damage|p2b: Sinistcha|36/100
|-damage|p1a: Garchomp|70/100|[from] item: Life Orb
|move|p2b: Sinistcha|Matcha Gotcha|p1b: Rotom|[spread] p1a,p1b
|-supereffective|p1b: Rotom|1
|-damage|p1a: Garchomp|43/100
|-heal|p2b: Sinistcha|51/100|[from] drain|[of] p1a: Garchomp
|-damage|p1b: Rotom|32/100
|-heal|p2b: Sinistcha|75/100|[from] drain|[of] p1b: Rotom
|
|-heal|p2b: Sinistcha|81/100|[from] item: Leftovers
|-start|p1b: Rotom|perish0
|-start|p1a: Garchomp|perish0
|faint|p1b: Rotom
|faint|p1a: Garchomp
|upkeep
|inactive|jwithers93 has 30 seconds left.
|
|t:|1783424657
|switch|p1a: Kingambit|Kingambit, L50, M|100/100
|switch|p1b: Floette|Floette-Eternal, L50, F|100/100
|turn|5
|inactive|kiko8888 has 30 seconds left.
|
|t:|1783424686
|move|p1b: Floette|Protect|p1b: Floette
|-singleturn|p1b: Floette|Protect
|move|p2a: Gengar|Perish Song|p2a: Gengar
|-start|p1a: Kingambit|perish3|[silent]
|-start|p1b: Floette|perish3|[silent]
|-start|p2a: Gengar|perish3|[silent]
|-start|p2b: Sinistcha|perish3|[silent]
|-fieldactivate|move: Perish Song
|move|p2b: Sinistcha|Strength Sap|p1a: Kingambit
|-unboost|p1a: Kingambit|atk|1
|-ability|p1a: Kingambit|Defiant|boost
|-boost|p1a: Kingambit|atk|2
|-heal|p2b: Sinistcha|100/100
|move|p1a: Kingambit|Kowtow Cleave|p2a: Gengar
|-supereffective|p2a: Gengar|1
|-damage|p2a: Gengar|0 fnt
|faint|p2a: Gengar
|
|-start|p1b: Floette|perish3
|-start|p2b: Sinistcha|perish3
|-start|p1a: Kingambit|perish3
|upkeep
|
|t:|1783424701
|switch|p2a: Incineroar|Incineroar, L50, M, shiny|5/100
|-ability|p2a: Incineroar|Intimidate|boost
|-unboost|p1a: Kingambit|atk|1
|-ability|p1a: Kingambit|Defiant|boost
|-boost|p1a: Kingambit|atk|2
|-unboost|p1b: Floette|atk|1
|turn|6
|
|t:|1783424718
|detailschange|p1b: Floette|Floette-Mega, L50, F
|-mega|p1b: Floette|Floette|Floettite
|-ability|p1b: Floette|Fairy Aura
|move|p2b: Sinistcha|Protect|p2b: Sinistcha
|-singleturn|p2b: Sinistcha|Protect
|move|p2a: Incineroar|Fake Out|p1a: Kingambit
|-resisted|p1a: Kingambit|1
|-damage|p1a: Kingambit|96/100
|cant|p1a: Kingambit|flinch
|move|p1b: Floette|Light of Ruin|p2b: Sinistcha
|-activate|p2b: Sinistcha|move: Protect
|
|-start|p1b: Floette|perish2
|-start|p2b: Sinistcha|perish2
|-start|p1a: Kingambit|perish2
|upkeep
|turn|7
|
|t:|1783424740
|move|p2a: Incineroar|Protect|p2a: Incineroar
|-singleturn|p2a: Incineroar|Protect
|move|p1a: Kingambit|Sucker Punch||[still]
|-fail|p1a: Kingambit
|move|p1b: Floette|Light of Ruin|p2b: Sinistcha
|-damage|p2b: Sinistcha|1/100
|-damage|p1b: Floette|41/100|[from] Recoil
|move|p2b: Sinistcha|Matcha Gotcha|p1a: Kingambit|[spread] p1a,p1b
|-resisted|p1a: Kingambit|1
|-damage|p1a: Kingambit|85/100
|-heal|p2b: Sinistcha|6/100|[from] drain|[of] p1a: Kingambit
|-damage|p1b: Floette|21/100
|-heal|p2b: Sinistcha|15/100|[from] drain|[of] p1b: Floette
|-status|p1a: Kingambit|brn
|
|-heal|p2b: Sinistcha|21/100|[from] item: Leftovers
|-damage|p1a: Kingambit|80/100 brn|[from] brn
|-start|p1b: Floette|perish1
|-start|p2b: Sinistcha|perish1
|-start|p1a: Kingambit|perish1
|upkeep
|turn|8
|-message|jwithers93 forfeited.
|
|win|kiko8888
|l|☆jwithers93
|player|p1|
||jwithers93 is ready for game 2.
|inactive|kiko8888 has 30 seconds to confirm battle start!
