|j|☆Bananadiabla
|j|☆tavinn_n
|html|Bananadiablatavinn_n    
|uhtml|bestof|Game 1 of a best-of-3
|t:|1786194422
|gametype|doubles
|player|p1|Bananadiabla|170|1292
|player|p2|tavinn_n|ghetsis|1359
|gen|9
|tier|[Gen 9 Champions] VGC 2026 Reg M-B (Bo3)
|rated|
|rule|Species Clause: Limit one of each Pokémon
|rule|Item Clause: Limit 1 of each item
|clearpoke
|poke|p1|Talonflame, L50, M|
|poke|p1|Annihilape, L50, M|
|poke|p1|Kingambit, L50, F|
|poke|p1|Basculegion, L50, M|
|poke|p1|Maushold, L50|
|poke|p1|Gardevoir, L50, M|
|poke|p2|Staraptor, L50, F|
|poke|p2|Delphox, L50, F|
|poke|p2|Whimsicott, L50, F|
|poke|p2|Glimmora, L50, M|
|poke|p2|Garchomp, L50, F|
|poke|p2|Kingambit, L50, M|
|teampreview|4
|showteam|p1|Talonflame||SharpBeak|GaleWings|DualWingbeat,FlareBlitz,Tailwind,Protect|Jolly||M|||50|]Annihilape||LifeOrb|InnerFocus|RageFist,DrainPunch,BulkUp,Protect|Jolly||M|||50|]Kingambit||BlackGlasses|Defiant|KowtowCleave,SuckerPunch,Protect,SwordsDance|Adamant||F|||50|]Basculegion||ChoiceScarf|Adaptability|WaveCrash,FlipTurn,AquaJet,LastRespects|Jolly||M|||50|]Maushold||FocusSash|FriendGuard|FollowMe,SuperFang,Feint,Protect|Jolly|||||50|]Gardevoir||Gardevoirite|Trace|HyperVoice,Psyshock,TrickRoom,Protect|Modest||M|||50|
|showteam|p2|Staraptor||Staraptite|Intimidate|Protect,Roost,BraveBird,CloseCombat|Jolly||F|||50|]Delphox||Delphoxite|Blaze|Protect,Encore,HeatWave,Psychic|Timid||F|||50|]Whimsicott||OccaBerry|Prankster|Tailwind,Charm,Moonblast,LightScreen|Bold||F|||50|]Glimmora||FocusSash|ToxicDebris|SpikyShield,PowerGem,EarthPower,SludgeBomb|Timid||M|||50|]Garchomp||ChoiceScarf|RoughSkin|RockSlide,Earthquake,StompingTantrum,DragonClaw|Jolly||F|||50|]Kingambit||ChopleBerry|Defiant|IronHead,LowKick,SuckerPunch,KowtowCleave|Adamant||M|||50|
|inactive|Battle timer is ON: inactive players will automatically lose when time's up. (requested by tavinn_n)
|inactive|Bananadiabla has 60 seconds left.
|inactive|tavinn_n has 60 seconds left.
|
|t:|1786194467
|teamsize|p1|4
|teamsize|p2|4
|start
|switch|p1a: Talonflame|Talonflame, L50, M|100/100
|switch|p1b: Gardevoir|Gardevoir, L50, M|100/100
|switch|p2a: Delphox|Delphox, L50, F|100/100
|switch|p2b: Kingambit|Kingambit, L50, M|100/100
|-ability|p1b: Gardevoir|Blaze|Trace|[from] ability: Trace|[of] p2a: Delphox
|turn|1
|
|t:|1786194488
|detailschange|p2a: Delphox|Delphox-Mega, L50, F
|-mega|p2a: Delphox|Delphox|Delphoxite
|detailschange|p1b: Gardevoir|Gardevoir-Mega, L50, M
|-mega|p1b: Gardevoir|Gardevoir|Gardevoirite
|move|p1a: Talonflame|Tailwind|p1a: Talonflame
|-sidestart|p1: Bananadiabla|move: Tailwind
|move|p2b: Kingambit|Sucker Punch|p1b: Gardevoir
|-damage|p1b: Gardevoir|36/100
|move|p1b: Gardevoir|Hyper Voice|p2b: Kingambit|[spread] p2a,p2b
|-resisted|p2a: Delphox|1
|-damage|p2a: Delphox|74/100
|-damage|p2b: Kingambit|45/100
|move|p2a: Delphox|Heat Wave|p1b: Gardevoir|[spread] p1a,p1b
|-resisted|p1a: Talonflame|1
|-damage|p1a: Talonflame|67/100
|-damage|p1b: Gardevoir|0 fnt
|faint|p1b: Gardevoir
|
|upkeep
|
|t:|1786194497
|switch|p1b: Kingambit|Kingambit, L50, F|100/100
|turn|2
|inactive|tavinn_n has 30 seconds left.
|inactive|tavinn_n has 20 seconds left.
|inactive|tavinn_n has 15 seconds left.
|inactive|tavinn_n has 10 seconds left.
|
|t:|1786194551
|switch|p2a: Glimmora|Glimmora, L50, M|100/100
|move|p1a: Talonflame|Flare Blitz|p2b: Kingambit
|-supereffective|p2b: Kingambit|1
|-damage|p2b: Kingambit|0 fnt
|faint|p2b: Kingambit
|-damage|p1a: Talonflame|47/100|[from] Recoil
|move|p1b: Kingambit|Swords Dance|p1b: Kingambit
|-boost|p1b: Kingambit|atk|2
|
|upkeep
|
|t:|1786194561
|switch|p2b: Whimsicott|Whimsicott, L50, F|100/100
|turn|3
|
|t:|1786194582
|move|p2b: Whimsicott|Tailwind|p2b: Whimsicott
|-sidestart|p2: tavinn_n|move: Tailwind
|move|p1a: Talonflame|Dual Wingbeat|p2b: Whimsicott
|-supereffective|p2b: Whimsicott|1
|-damage|p2b: Whimsicott|66/100
|-supereffective|p2b: Whimsicott|1
|-damage|p2b: Whimsicott|36/100
|-hitcount|p2b: Whimsicott|2
|move|p2a: Glimmora|Earth Power|p1b: Kingambit
|-supereffective|p1b: Kingambit|1
|-damage|p1b: Kingambit|42/100
|move|p1b: Kingambit|Kowtow Cleave|p2a: Glimmora
|-enditem|p2a: Glimmora|Focus Sash
|-damage|p2a: Glimmora|1/100
|-activate|p2a: Glimmora|ability: Toxic Debris
|-sidestart|p1: Bananadiabla|move: Toxic Spikes
|
|upkeep
|turn|4
|inactive|Bananadiabla has 30 seconds left.
|inactive|tavinn_n has 30 seconds left.
|
|t:|1786194612
|switch|p2b: Delphox|Delphox-Mega, L50, F|74/100
|move|p1b: Kingambit|Sucker Punch|p2a: Glimmora
|-damage|p2a: Glimmora|0 fnt
|-activate|p2a: Glimmora|ability: Toxic Debris
|-sidestart|p1: Bananadiabla|move: Toxic Spikes
|faint|p2a: Glimmora
|move|p1a: Talonflame|Dual Wingbeat|p2b: Delphox
|-damage|p2b: Delphox|45/100
|-damage|p2b: Delphox|19/100
|-hitcount|p2b: Delphox|2
|
|-sideend|p1: Bananadiabla|move: Tailwind
|upkeep
|
|t:|1786194620
|switch|p2a: Whimsicott|Whimsicott, L50, F|36/100
|turn|5
|
|t:|1786194633
|move|p1b: Kingambit|Protect|p1b: Kingambit
|-singleturn|p1b: Kingambit|Protect
|move|p2b: Delphox|Heat Wave|p1b: Kingambit|[spread] p1a
|-activate|p1b: Kingambit|move: Protect
|-resisted|p1a: Talonflame|1
|-damage|p1a: Talonflame|15/100
|move|p2a: Whimsicott|Moonblast|p1b: Kingambit
|-activate|p1b: Kingambit|move: Protect
|move|p1a: Talonflame|Dual Wingbeat|p2a: Whimsicott
|-supereffective|p2a: Whimsicott|1
|-damage|p2a: Whimsicott|3/100
|-supereffective|p2a: Whimsicott|1
|-damage|p2a: Whimsicott|0 fnt
|faint|p2a: Whimsicott
|-hitcount|p2: Whimsicott|2
|
|upkeep
|turn|6
|
|t:|1786194642
|move|p1b: Kingambit|Sucker Punch|p2b: Delphox
|-supereffective|p2b: Delphox|1
|-damage|p2b: Delphox|0 fnt
|faint|p2b: Delphox
|
|win|Bananadiabla
||Bananadiabla is ready for game 2.
||tavinn_n is ready for game 2.
|uhtml|next|Next: Game 2 of 3
