|j|☆BigRyFry
|j|‽Juaner95
|html|BigRyFryJuaner95    
|uhtml|bestof|Game 2 of a best-of-3
|t:|1783916361
|gametype|doubles
|player|p1|BigRyFry|ltsurge|1095
|player|p2|Juaner95|ash-hoenn|1175
|gen|9
|tier|[Gen 9 Champions] VGC 2026 Reg M-B (Bo3)
|rated|
|rule|Species Clause: Limit one of each Pokémon
|rule|Item Clause: Limit 1 of each item
|clearpoke
|poke|p1|Charizard, L50, F|
|poke|p1|Torkoal, L50, M|
|poke|p1|Floette-Eternal, L50, F|
|poke|p1|Garchomp, L50, M|
|poke|p1|Maushold, L50|
|poke|p1|Gengar, L50, F|
|poke|p2|Eelektross, L50, M|
|poke|p2|Ninetales-Alola, L50, F, shiny|
|poke|p2|Talonflame, L50, M|
|poke|p2|Garchomp, L50, M|
|poke|p2|Incineroar, L50, M, shiny|
|poke|p2|Kingambit, L50, M|
|teampreview|4
|showteam|p1|Charizard||ChoiceScarf|SolarPower|HeatWave,Flamethrower,SolarBeam,AirSlash|Modest||F|||50|]Torkoal||QuickClaw|Drought|BodyPress,HelpingHand,Substitute,Protect|Relaxed||M|||50|]Floette-Eternal||Floettite|FlowerVeil|DazzlingGleam,DrainingKiss,Moonblast,CalmMind|Bold||F|||50|]Garchomp||FocusSash|RoughSkin|RockSlide,StompingTantrum,SwordsDance,Protect|Jolly||M|||50|]Maushold||MentalHerb|FriendGuard|SuperFang,FollowMe,AfterYou,HelpingHand|Timid|||||50|]Gengar||Gengarite|CursedBody|SludgeBomb,ShadowBall,WillOWisp,Protect|Timid||F|||50|
|showteam|p2|Eelektross||Eelektrossite|Levitate|SupercellSlam,DrainPunch,Coil,Protect|Adamant||M|||50|]Ninetales-Alola||ChoiceScarf|SnowWarning|Blizzard,FreezeDry,IcyWind,Moonblast|Modest||F|||50|]Talonflame||SharpBeak|GaleWings|BraveBird,FlareBlitz,Tailwind,Protect|Jolly||M|||50|]Garchomp||LifeOrb|RoughSkin|RockSlide,Earthquake,DragonClaw,Protect|Jolly||M|||50|]Incineroar||SitrusBerry|Intimidate|FlareBlitz,ThroatChop,PartingShot,FakeOut|Careful||M|||50|]Kingambit||FocusSash|Defiant|KowtowCleave,SuckerPunch,LowKick,Protect|Adamant||M|||50|
|inactive|Battle timer is ON: inactive players will automatically lose when time's up. (requested by Juaner95)
|
|t:|1783916472
|teamsize|p1|4
|teamsize|p2|4
|start
|switch|p1a: Gengar|Gengar, L50, F|100/100
|switch|p1b: Garchomp|Garchomp, L50, M|100/100
|switch|p2a: Talonflame|Talonflame, L50, M|100/100
|switch|p2b: Ninetales|Ninetales-Alola, L50, F, shiny|100/100
|-weather|Snowscape|[from] ability: Snow Warning|[of] p2b: Ninetales
|turn|1
|inactive|BigRyFry has 30 seconds left.
|
|t:|1783916502
|move|p1a: Gengar|Protect|p1a: Gengar
|-singleturn|p1a: Gengar|Protect
|move|p1b: Garchomp|Protect|p1b: Garchomp
|-singleturn|p1b: Garchomp|Protect
|move|p2a: Talonflame|Tailwind|p2a: Talonflame
|-sidestart|p2: Juaner95|move: Tailwind
|move|p2b: Ninetales|Blizzard|p1a: Gengar|[spread] 
|-activate|p1a: Gengar|move: Protect
|-activate|p1b: Garchomp|move: Protect
|
|-weather|Snowscape|[upkeep]
|upkeep
|turn|2
|inactive|BigRyFry has 30 seconds left.
|
|t:|1783916533
|switch|p1b: Torkoal|Torkoal, L50, M|100/100
|-weather|SunnyDay|[from] ability: Drought|[of] p1b: Torkoal
|detailschange|p1a: Gengar|Gengar-Mega, L50, F
|-mega|p1a: Gengar|Gengar|Gengarite
|move|p2a: Talonflame|Brave Bird|p1a: Gengar
|-damage|p1a: Gengar|12/100
|-damage|p2a: Talonflame|74/100|[from] Recoil
|move|p2b: Ninetales|Blizzard|p1a: Gengar|[spread] p1a,p1b
|-resisted|p1b: Torkoal|1
|-damage|p1a: Gengar|0 fnt
|-damage|p1b: Torkoal|80/100
|faint|p1a: Gengar
|
|-weather|SunnyDay|[upkeep]
|upkeep
|
|t:|1783916549
|switch|p1a: Maushold|Maushold, L50|100/100
|turn|3
|
|t:|1783916573
|switch|p2b: Garchomp|Garchomp, L50, M|100/100
|move|p2a: Talonflame|Brave Bird|p1a: Maushold
|-damage|p1a: Maushold|30/100
|-damage|p2a: Talonflame|46/100|[from] Recoil
|move|p1a: Maushold|Super Fang|p2b: Garchomp
|-damage|p2b: Garchomp|50/100y
|-damage|p1a: Maushold|18/100|[from] ability: Rough Skin|[of] p2b: Garchomp
|move|p1b: Torkoal|Substitute|p1b: Torkoal
|-start|p1b: Torkoal|Substitute
|-damage|p1b: Torkoal|55/100
|
|-weather|SunnyDay|[upkeep]
|upkeep
|turn|4
|inactive|BigRyFry has 30 seconds left.
|
|t:|1783916601
|move|p1a: Maushold|Helping Hand|p1b: Torkoal
|-singleturn|p1b: Torkoal|Helping Hand|[of] p1a: Maushold
|move|p2a: Talonflame|Protect|p2a: Talonflame
|-singleturn|p2a: Talonflame|Protect
|move|p2b: Garchomp|Earthquake|p1a: Maushold|[spread] p1a,p1b
|-activate|p2a: Talonflame|move: Protect
|-supereffective|p1b: Torkoal|1
|-end|p1b: Torkoal|Substitute
|-crit|p1a: Maushold
|-damage|p1a: Maushold|0 fnt
|faint|p1a: Maushold
|-damage|p2b: Garchomp|40/100|[from] item: Life Orb
|move|p1b: Torkoal|Body Press|p2b: Garchomp
|-damage|p2b: Garchomp|0 fnt
|-damage|p1b: Torkoal|43/100|[from] ability: Rough Skin|[of] p2b: Garchomp
|faint|p2b: Garchomp
|
|-weather|SunnyDay|[upkeep]
|-sideend|p2: Juaner95|move: Tailwind
|upkeep
|
|t:|1783916618
|switch|p1a: Garchomp|Garchomp, L50, M|100/100
|switch|p2b: Ninetales|Ninetales-Alola, L50, F, shiny|100/100
|-weather|Snowscape|[from] ability: Snow Warning|[of] p2b: Ninetales
|turn|5
|
|t:|1783916631
|move|p1b: Torkoal|Helping Hand|p1a: Garchomp
|-singleturn|p1a: Garchomp|Helping Hand|[of] p1b: Torkoal
|move|p2b: Ninetales|Blizzard|p1b: Torkoal|[spread] p1a,p1b
|-supereffective|p1a: Garchomp|2
|-resisted|p1b: Torkoal|1
|-enditem|p1a: Garchomp|Focus Sash
|-damage|p1a: Garchomp|1/100
|-damage|p1b: Torkoal|24/100
|-status|p1a: Garchomp|frz
|move|p2a: Talonflame|Tailwind|p2a: Talonflame
|-sidestart|p2: Juaner95|move: Tailwind
|cant|p1a: Garchomp|frz
|
|-weather|Snowscape|[upkeep]
|upkeep
|turn|6
|c|☆BigRyFry|gg
|-message|BigRyFry forfeited.
|
|win|Juaner95
|raw|BigRyFry's rating: 1095 → 1076(-19 for losing)
|raw|Juaner95's rating: 1175 → 1194(+19 for winning)
|l|☆BigRyFry
|player|p1|
