|j|☆GS Barnabe
|j|☆Assassinator.dr
|html|GS BarnabeAssassinator.dr    
|uhtml|bestof|Game 2 of a best-of-3
|t:|1785954218
|gametype|doubles
|player|p1|GS Barnabe|1|1151
|player|p2|Assassinator.dr|youngster-gen4dp|1196
|gen|9
|tier|[Gen 9 Champions] VGC 2026 Reg M-B (Bo3)
|rated|
|rule|Species Clause: Limit one of each Pokémon
|rule|Item Clause: Limit 1 of each item
|clearpoke
|poke|p1|Clefable, L50, M|
|poke|p1|Tyranitar, L50, F|
|poke|p1|Garchomp, L50, M|
|poke|p1|Gholdengo, L50|
|poke|p1|Rotom-Wash, L50|
|poke|p1|Aerodactyl, L50, F|
|poke|p2|Kangaskhan, L50, F|
|poke|p2|Swampert, L50, F|
|poke|p2|Beedrill, L50, F|
|poke|p2|Pelipper, L50, M|
|poke|p2|Sableye, L50, F|
|poke|p2|Sylveon, L50, F|
|teampreview|4
|showteam|p1|Clefable||SitrusBerry|Unaware|Moonblast,FollowMe,HealPulse,Protect|Bold||M|||50|]Tyranitar||ChoiceScarf|SandStream|RockSlide,KnockOff,IcePunch,Superpower|Jolly||F|||50|]Garchomp||Garchompite|SandVeil|DracoMeteor,EarthPower,PowerGem,Protect|Modest||M|||50|]Gholdengo||LifeOrb|GoodasGold|MakeItRain,ShadowBall,NastyPlot,Protect|Modest|||||50|]Rotom-Wash||Leftovers|Levitate|HydroPump,VoltSwitch,WillOWisp,Protect|Calm|||||50|]Aerodactyl||Aerodactylite|RockHead|RockSlide,DualWingbeat,Tailwind,Protect|Jolly||F|||50|
|showteam|p2|Kangaskhan||SilkScarf|Scrappy|FakeOut,LastResort|Adamant||F|||50|]Swampert||Swampertite|Torrent|Protect,WaveCrash,Earthquake,IcePunch|Adamant||F|||50|]Beedrill||Beedrillite|Sniper|Protect,PoisonJab,DrillRun,Uturn|Adamant||F|||50|]Pelipper||SharpBeak|Drizzle|WideGuard,Tailwind,WeatherBall,Hurricane|Modest||M|||50|]Sableye||FocusSash|Prankster|Quash,FoulPlay,RainDance,WillOWisp|Careful||F|||50|]Sylveon||LifeOrb|Pixilate|HyperVoice,HyperBeam,Protect,QuickAttack|Quiet||F|||50|
|
|t:|1785954240
|teamsize|p1|4
|teamsize|p2|4
|start
|switch|p1a: Aerodactyl|Aerodactyl, L50, F|100/100
|switch|p1b: Rotom|Rotom-Wash, L50|100/100
|switch|p2a: Swampert|Swampert, L50, F|100/100
|switch|p2b: Sableye|Sableye, L50, F|100/100
|turn|1
|
|t:|1785954260
|detailschange|p1a: Aerodactyl|Aerodactyl-Mega, L50, F
|-mega|p1a: Aerodactyl|Aerodactyl|Aerodactylite
|move|p2a: Swampert|Protect|p2a: Swampert
|-singleturn|p2a: Swampert|Protect
|move|p1a: Aerodactyl|Tailwind|p1a: Aerodactyl
|-sidestart|p1: GS Barnabe|move: Tailwind
|move|p1b: Rotom|Will-O-Wisp|p2a: Swampert
|-activate|p2a: Swampert|move: Protect
|move|p2b: Sableye|Foul Play|p1b: Rotom
|-damage|p1b: Rotom|78/100
|
|-heal|p1b: Rotom|83/100|[from] item: Leftovers
|upkeep
|turn|2
|
|t:|1785954296
|detailschange|p2a: Swampert|Swampert-Mega, L50, F
|-mega|p2a: Swampert|Swampert|Swampertite
|move|p2b: Sableye|Quash|p1b: Rotom
|-activate|p1b: Rotom|move: Quash
|move|p1a: Aerodactyl|Dual Wingbeat|p2a: Swampert
|-damage|p2a: Swampert|78/100
|-damage|p2a: Swampert|55/100
|-hitcount|p2a: Swampert|2
|move|p2a: Swampert|Wave Crash|p1a: Aerodactyl
|-supereffective|p1a: Aerodactyl|1
|-damage|p1a: Aerodactyl|0 fnt
|faint|p1a: Aerodactyl
|-damage|p2a: Swampert|26/100|[from] Recoil
|move|p1b: Rotom|Will-O-Wisp|p2a: Swampert
|-status|p2a: Swampert|brn
|
|-heal|p1b: Rotom|89/100|[from] item: Leftovers
|-damage|p2a: Swampert|20/100y brn|[from] brn
|upkeep
|
|t:|1785954325
|switch|p1a: Tyranitar|Tyranitar, L50, F|100/100
|-weather|Sandstorm|[from] ability: Sand Stream|[of] p1a: Tyranitar
|turn|3
|
|t:|1785954338
|switch|p1a: Gholdengo|Gholdengo, L50|100/100
|move|p2b: Sableye|Rain Dance|p2b: Sableye
|-weather|RainDance
|move|p1b: Rotom|Hydro Pump|p2a: Swampert|[miss]
|-miss|p1b: Rotom|p2a: Swampert
|move|p2a: Swampert|Wave Crash|p1a: Gholdengo
|-damage|p1a: Gholdengo|55/100
|-damage|p2a: Swampert|5/100 brn|[from] Recoil
|
|-weather|RainDance|[upkeep]
|-heal|p1b: Rotom|95/100|[from] item: Leftovers
|-damage|p2a: Swampert|0 fnt|[from] brn
|faint|p2a: Swampert
|upkeep
|
|t:|1785954353
|switch|p2a: Kangaskhan|Kangaskhan, L50, F|100/100
|turn|4
|
|t:|1785954369
|move|p2a: Kangaskhan|Fake Out|p1b: Rotom
|-damage|p1b: Rotom|69/100
|cant|p1b: Rotom|flinch
|move|p1a: Gholdengo|Nasty Plot|p1a: Gholdengo
|-boost|p1a: Gholdengo|spa|2
|move|p2b: Sableye|Foul Play|p1a: Gholdengo
|-supereffective|p1a: Gholdengo|1
|-damage|p1a: Gholdengo|25/100
|
|-weather|RainDance|[upkeep]
|-heal|p1b: Rotom|75/100|[from] item: Leftovers
|-sideend|p1: GS Barnabe|move: Tailwind
|upkeep
|turn|5
|
|t:|1785954390
|move|p2b: Sableye|Quash|p1b: Rotom
|-activate|p1b: Rotom|move: Quash
|move|p1a: Gholdengo|Make It Rain|p2a: Kangaskhan|[spread] p2a,p2b
|-crit|p2b: Sableye
|-damage|p2a: Kangaskhan|0 fnt
|-enditem|p2b: Sableye|Focus Sash
|-damage|p2b: Sableye|1/100
|-unboost|p1a: Gholdengo|spa|2
|faint|p2a: Kangaskhan
|-damage|p1a: Gholdengo|15/100|[from] item: Life Orb
|move|p1b: Rotom|Will-O-Wisp|p2b: Sableye
|-status|p2b: Sableye|brn
|
|-weather|RainDance|[upkeep]
|-heal|p1b: Rotom|81/100|[from] item: Leftovers
|-damage|p2b: Sableye|0 fnt|[from] brn
|faint|p2b: Sableye
|upkeep
|
|t:|1785954404
|switch|p2b: Sylveon|Sylveon, L50, F|100/100
|turn|6
|
|t:|1785954418
|move|p1b: Rotom|Hydro Pump|p2b: Sylveon
|-damage|p2b: Sylveon|60/100
|move|p1a: Gholdengo|Make It Rain|p2b: Sylveon
|-supereffective|p2b: Sylveon|1
|-damage|p2b: Sylveon|0 fnt
|-unboost|p1a: Gholdengo|spa|2
|faint|p2b: Sylveon
|-damage|p1a: Gholdengo|6/100|[from] item: Life Orb
|
|win|GS Barnabe
||Assassinator.dr is ready for game 3.
|inactive|GS Barnabe has 30 seconds to confirm battle start!
