|j|☆Dungx showdown
|j|☆lucky777n
|html|Dungx showdownlucky777n    
|uhtml|bestof|Game 1 of a best-of-3
|t:|1784216422
|gametype|doubles
|player|p1|Dungx showdown|miku-ghost|
|player|p2|lucky777n|boarder|
|gen|9
|tier|[Gen 9 Champions] VGC 2026 Reg M-B (Bo3)
|rule|Species Clause: Limit one of each Pokémon
|rule|Item Clause: Limit 1 of each item
|clearpoke
|poke|p1|Venusaur, L50, F|
|poke|p1|Pelipper, L50, F|
|poke|p1|Grimmsnarl, L50, M|
|poke|p1|Archaludon, L50, F|
|poke|p1|Charizard, L50, M|
|poke|p1|Basculegion, L50, M|
|poke|p2|Gengar, L50, M|
|poke|p2|Incineroar, L50, F|
|poke|p2|Snorlax, L50, F|
|poke|p2|Ninetales-Alola, L50, M|
|poke|p2|Kingambit, L50, M|
|poke|p2|Sneasler, L50, F|
|teampreview|4
|showteam|p1|Venusaur||FocusSash|Chlorophyll|Protect,SleepPowder,LeafStorm,SludgeBomb|Modest||F|||50|]Pelipper||SitrusBerry|Drizzle|WideGuard,Tailwind,WeatherBall,Hurricane|Modest||F|||50|]Grimmsnarl||LightClay|Prankster|SpiritBreak,PartingShot,Reflect,LightScreen|Impish||M|||50|]Archaludon||Leftovers|Stamina|Protect,ElectroShot,DragonPulse,FlashCannon|Modest||F|||50|]Charizard||CharizarditeY|Blaze|HeatWave,SolarBeam,WeatherBall,Protect|Modest||M|||50|]Basculegion||LifeOrb|SwiftSwim|AquaJet,LastRespects,Protect,WaveCrash|Adamant||M|||50|
|showteam|p2|Gengar||Gengarite|CursedBody|ShadowBall,Disable,PerishSong,Protect|Timid||M|||50|]Incineroar||SitrusBerry|Intimidate|FakeOut,FlareBlitz,PartingShot,Protect|Relaxed||F|||50|]Snorlax||Leftovers|ThickFat|Fissure,Encore,Yawn,Protect|Relaxed||F|||50|]Ninetales-Alola||NeverMeltIce|SnowWarning|Blizzard,FreezeDry,Encore,Protect|Timid||M|||50|]Kingambit||BlackGlasses|Defiant|SuckerPunch,KowtowCleave,SwordsDance,Protect|Adamant||M|||50|]Sneasler||WhiteHerb|Unburden|FakeOut,CloseCombat,GunkShot,Protect|Jolly||F|||50|
|inactive|Battle timer is ON: inactive players will automatically lose when time's up. (requested by Dungx showdown)
|inactive|Dungx showdown has 60 seconds left.
|inactive|Dungx showdown has 30 seconds left.
|
|t:|1784216490
|teamsize|p1|4
|teamsize|p2|4
|start
|switch|p1a: Grimmsnarl|Grimmsnarl, L50, M|100/100
|switch|p1b: Venusaur|Venusaur, L50, F|100/100
|switch|p2a: Gengar|Gengar, L50, M|100/100
|switch|p2b: Incineroar|Incineroar, L50, F|100/100
|-ability|p2b: Incineroar|Intimidate|boost
|-unboost|p1a: Grimmsnarl|atk|1
|-unboost|p1b: Venusaur|atk|1
|turn|1
|j| chimbuotza
|
|t:|1784216505
|switch|p1b: Basculegion|Basculegion, L50, M|100/100
|detailschange|p2a: Gengar|Gengar-Mega, L50, M
|-mega|p2a: Gengar|Gengar|Gengarite
|move|p2b: Incineroar|Fake Out|p1b: Basculegion
|-immune|p1b: Basculegion
|move|p2a: Gengar|Perish Song|p2a: Gengar
|-start|p1a: Grimmsnarl|perish3|[silent]
|-start|p1b: Basculegion|perish3|[silent]
|-start|p2a: Gengar|perish3|[silent]
|-start|p2b: Incineroar|perish3|[silent]
|-fieldactivate|move: Perish Song
|move|p1a: Grimmsnarl|Spirit Break|p2a: Gengar
|-resisted|p2a: Gengar|1
|-damage|p2a: Gengar|87/100
|-unboost|p2a: Gengar|spa|1
|
|-start|p2a: Gengar|perish3
|-start|p1b: Basculegion|perish3
|-start|p1a: Grimmsnarl|perish3
|-start|p2b: Incineroar|perish3
|upkeep
|turn|2
|
|t:|1784216524
|move|p2a: Gengar|Protect|p2a: Gengar
|-singleturn|p2a: Gengar|Protect
|move|p2b: Incineroar|Protect|p2b: Incineroar
|-singleturn|p2b: Incineroar|Protect
|move|p1a: Grimmsnarl|Parting Shot|p2a: Gengar
|-activate|p2a: Gengar|move: Protect
|move|p1b: Basculegion|Wave Crash|p2b: Incineroar
|-activate|p2b: Incineroar|move: Protect
|
|-start|p2a: Gengar|perish2
|-start|p1b: Basculegion|perish2
|-start|p1a: Grimmsnarl|perish2
|-start|p2b: Incineroar|perish2
|upkeep
|turn|3
|inactive|lucky777n has 30 seconds left.
|
|t:|1784216550
|move|p1a: Grimmsnarl|Parting Shot|p2a: Gengar
|-unboost|p2a: Gengar|atk|1
|-unboost|p2a: Gengar|spa|1
|
|t:|1784216557
|switch|p1a: Venusaur|Venusaur, L50, F|100/100|[from] Parting Shot
|move|p2a: Gengar|Shadow Ball|p1b: Basculegion
|-supereffective|p1b: Basculegion|1
|-damage|p1b: Basculegion|51/100
|move|p1b: Basculegion|Wave Crash|p2b: Incineroar
|-supereffective|p2b: Incineroar|1
|-damage|p2b: Incineroar|0 fnt
|faint|p2b: Incineroar
|-damage|p1b: Basculegion|17/100|[from] Recoil
|-damage|p1b: Basculegion|7/100|[from] item: Life Orb
|
|-start|p2a: Gengar|perish1
|-start|p1b: Basculegion|perish1
|upkeep
|
|t:|1784216577
|switch|p2b: Ninetales|Ninetales-Alola, L50, M|100/100
|-weather|Snowscape|[from] ability: Snow Warning|[of] p2b: Ninetales
|turn|4
|
|t:|1784216595
|switch|p2a: Kingambit|Kingambit, L50, M|100/100
|switch|p1b: Grimmsnarl|Grimmsnarl, L50, M|100/100
|move|p2b: Ninetales|Freeze-Dry|p1a: Venusaur
|-supereffective|p1a: Venusaur|1
|-damage|p1a: Venusaur|31/100
|move|p1a: Venusaur|Sludge Bomb|p2b: Ninetales
|-supereffective|p2b: Ninetales|1
|-damage|p2b: Ninetales|9/100
|
|-weather|Snowscape|[upkeep]
|upkeep
|turn|5
|inactive|Dungx showdown has 30 seconds left.
|
|t:|1784216630
|move|p1b: Grimmsnarl|Reflect|p1b: Grimmsnarl
|-sidestart|p1: Dungx showdown|Reflect
|move|p2b: Ninetales|Blizzard|p1b: Grimmsnarl|[spread] p1a,p1b
|-supereffective|p1a: Venusaur|1
|-damage|p1a: Venusaur|0 fnt
|-damage|p1b: Grimmsnarl|63/100
|faint|p1a: Venusaur
|move|p2a: Kingambit|Swords Dance|p2a: Kingambit
|-boost|p2a: Kingambit|atk|2
|
|-weather|Snowscape|[upkeep]
|upkeep
|
|t:|1784216634
|switch|p1a: Charizard|Charizard, L50, M|100/100
|turn|6
|inactive|lucky777n has 30 seconds left.
|
|t:|1784216662
|switch|p2b: Gengar|Gengar-Mega, L50, M|87/100
|detailschange|p1a: Charizard|Charizard-Mega-Y, L50, M
|-mega|p1a: Charizard|Charizard|Charizardite Y
|-weather|SunnyDay|[from] ability: Drought|[of] p1a: Charizard
|move|p1b: Grimmsnarl|Light Screen|p1b: Grimmsnarl
|-sidestart|p1: Dungx showdown|move: Light Screen
|move|p2a: Kingambit|Sucker Punch|p1a: Charizard
|-damage|p1a: Charizard|6/100
|move|p1a: Charizard|Heat Wave|p2b: Gengar|[spread] p2a,p2b
|-supereffective|p2a: Kingambit|1
|-damage|p2a: Kingambit|0 fnt
|-damage|p2b: Gengar|15/100
|faint|p2a: Kingambit
|
|-weather|SunnyDay|[upkeep]
|upkeep
|
|t:|1784216673
|switch|p2a: Ninetales|Ninetales-Alola, L50, M|9/100
|-weather|Snowscape|[from] ability: Snow Warning|[of] p2a: Ninetales
|turn|7
|
|t:|1784216683
|move|p2b: Gengar|Shadow Ball|p1b: Grimmsnarl
|-resisted|p1b: Grimmsnarl|1
|-crit|p1b: Grimmsnarl
|-damage|p1b: Grimmsnarl|29/100
|move|p2a: Ninetales|Blizzard|p1b: Grimmsnarl|[spread] p1a,p1b
|-damage|p1a: Charizard|0 fnt
|-damage|p1b: Grimmsnarl|6/100
|faint|p1a: Charizard
|move|p1b: Grimmsnarl|Spirit Break|p2a: Ninetales
|-damage|p2a: Ninetales|0 fnt
|faint|p2a: Ninetales
|
|-weather|Snowscape|[upkeep]
|upkeep
|
|t:|1784216691
|switch|p1a: Basculegion|Basculegion, L50, M|7/100
|turn|8
|
|t:|1784216702
|move|p1a: Basculegion|Aqua Jet|p2b: Gengar
|-damage|p2b: Gengar|0 fnt
|faint|p2b: Gengar
|-damage|p1a: Basculegion|0 fnt|[from] item: Life Orb
|faint|p1a: Basculegion
|
|win|Dungx showdown
||Dungx showdown is ready for game 2.
||lucky777n is ready for game 2.
|uhtml|next|Next: Game 2 of 3
|j| jakkudiamond
|l| chimbuotza
|l|☆Dungx showdown
|player|p1|
