|j|☆geardox
|j|☆randomguy1114s
|html|geardoxrandomguy1114s    
|uhtml|bestof|Game 1 of a best-of-3
|t:|1756685114
|gametype|doubles
|player|p1|geardox|cyclist|1116
|player|p2|randomguy1114s|lillie-masters|1171
|gen|9
|tier|[Gen 9] VGC 2025 Reg H (Bo3)
|rated|
|rule|Species Clause: Limit one of each Pokémon
|rule|Item Clause: Limit 1 of each item
|clearpoke
|poke|p1|Sneasler, L50, M|
|poke|p1|Garchomp, L50, M|
|poke|p1|Corviknight, L50, M|
|poke|p1|Archaludon, L50, M|
|poke|p1|Amoonguss, L50, F|
|poke|p1|Incineroar, L50, M|
|poke|p2|Archaludon, L50, F|
|poke|p2|Pelipper, L50, M|
|poke|p2|Incineroar, L50, M|
|poke|p2|Amoonguss, L50, F|
|poke|p2|Basculegion, L50, M|
|poke|p2|Maushold, L50|
|teampreview|4
|showteam|p1|Sneasler||FocusSash|Unburden|DireClaw,CloseCombat,ThroatChop,Coaching|||M|||50|,,,,,Ghost]Garchomp||LifeOrb|RoughSkin|Protect,Earthquake,DragonClaw,StompingTantrum|||M|||50|,,,,,Ground]Corviknight||SitrusBerry|MirrorArmor|BraveBird,Tailwind,Roost,IronHead|||M|||50|,,,,,Fire]Archaludon||PowerHerb|Stamina|Protect,DracoMeteor,FlashCannon,ElectroShot|||M|||50|,,,,,Dragon]Amoonguss||RockyHelmet|Regenerator|ClearSmog,RagePowder,Spore,PollenPuff|||F|||50|,,,,,Water]Incineroar||AssaultVest|Intimidate|KnockOff,FlareBlitz,FakeOut,Uturn|||M|||50|,,,,,Ghost
|showteam|p2|Archaludon||AssaultVest|Stamina|ElectroShot,DragonPulse,FlashCannon,BodyPress|||F|||50|,,,,,Grass]Pelipper||FocusSash|Drizzle|Tailwind,WeatherBall,Hurricane,Protect|||M|||50|,,,,,Ghost]Incineroar||SafetyGoggles|Intimidate|FakeOut,KnockOff,Taunt,PartingShot|||M|||50|,,,,,Ghost]Amoonguss||RockyHelmet|Regenerator|RagePowder,PollenPuff,Spore,Protect|||F|||50|,,,,,Water]Basculegion||LifeOrb|SwiftSwim|WaveCrash,LastRespects,FlipTurn,Protect|||M|||50|,,,,,Water]Maushold||WideLens|Technician|PopulationBomb,HelpingHand,FollowMe,Protect||||||50|,,,,,Ghost
|inactive|Battle timer is ON: inactive players will automatically lose when time's up. (requested by geardox)
|inactive|geardox has 60 seconds left.
|inactive|randomguy1114s has 60 seconds left.
|inactive|randomguy1114s has 30 seconds left.
|inactive|randomguy1114s has 20 seconds left.
|inactive|randomguy1114s has 15 seconds left.
|
|t:|1756685193
|teamsize|p1|4
|teamsize|p2|4
|start
|switch|p1a: Incineroar|Incineroar, L50, M|100/100
|switch|p1b: Riku|Sneasler, L50, M|100/100
|switch|p2a: Geneva Conventions|Maushold, L50|100/100
|switch|p2b: its my bridge!|Archaludon, L50, F, shiny|100/100
|-ability|p1a: Incineroar|Intimidate|boost
|-unboost|p2a: Geneva Conventions|atk|1
|-unboost|p2b: its my bridge!|atk|1
|turn|1
|inactive|geardox has 30 seconds left.
|inactive|geardox has 20 seconds left.
|inactive|geardox has 15 seconds left.
|inactive|geardox has 10 seconds left.
|
|t:|1756685241
|switch|p2b: Basculegend|Basculegion, L50, M, shiny|100/100
|-terastallize|p2a: Geneva Conventions|Ghost
|move|p1b: Riku|Coaching|p1a: Incineroar
|-boost|p1a: Incineroar|atk|1
|-boost|p1a: Incineroar|def|1
|move|p2a: Geneva Conventions|Population Bomb|p1b: Riku
|-damage|p1b: Riku|89/100
|-damage|p1b: Riku|77/100
|-damage|p1b: Riku|63/100
|-damage|p1b: Riku|50/100
|-damage|p1b: Riku|37/100
|-damage|p1b: Riku|25/100
|-damage|p1b: Riku|13/100
|-damage|p1b: Riku|0 fnt
|faint|p1b: Riku
|-hitcount|p1: Riku|8
|move|p1a: Incineroar|Knock Off|p2b: Basculegend
|-supereffective|p2b: Basculegend
|-damage|p2b: Basculegend|0 fnt
|-enditem|p2b: Basculegend|Life Orb|[from] move: Knock Off|[of] p1a: Incineroar
|faint|p2b: Basculegend
|
|upkeep
|inactive|geardox has 30 seconds left.
|inactive|randomguy1114s has 30 seconds left.
|inactive|randomguy1114s has 20 seconds left.
|
|t:|1756685281
|switch|p1b: Moonster|Amoonguss, L50, F, shiny|100/100
|switch|p2b: its my bridge!|Archaludon, L50, F, shiny|100/100
|turn|2
|
|t:|1756685298
|move|p2a: Geneva Conventions|Population Bomb|p1b: Moonster
|-damage|p1b: Moonster|93/100
|-damage|p2a: Geneva Conventions|84/100|[from] item: Rocky Helmet|[of] p1b: Moonster
|-hitcount|p1b: Moonster|1
|move|p2b: its my bridge!|Dragon Pulse|p1b: Moonster
|-damage|p1b: Moonster|59/100
|move|p1a: Incineroar|Knock Off|p2a: Geneva Conventions
|-supereffective|p2a: Geneva Conventions
|-damage|p2a: Geneva Conventions|0 fnt
|-enditem|p2a: Geneva Conventions|Wide Lens|[from] move: Knock Off|[of] p1a: Incineroar
|faint|p2a: Geneva Conventions
|move|p1b: Moonster|Spore|p2b: its my bridge!
|-status|p2b: its my bridge!|slp|[from] move: Spore
|
|upkeep
|
|t:|1756685307
|switch|p2a: Pelicopter|Pelipper, L50, M, shiny|100/100
|-weather|RainDance|[from] ability: Drizzle|[of] p2a: Pelicopter
|turn|3
|
|t:|1756685330
|move|p2a: Pelicopter|Hurricane|p1b: Moonster
|-supereffective|p1b: Moonster
|-damage|p1b: Moonster|0 fnt
|faint|p1b: Moonster
|cant|p2b: its my bridge!|slp
|move|p1a: Incineroar|U-turn|p2a: Pelicopter
|-resisted|p2a: Pelicopter
|-damage|p2a: Pelicopter|81/100
|
|t:|1756685337
|switch|p1a: Big Mo|Archaludon, L50, M|100/100|[from] U-turn
|
|-weather|RainDance|[upkeep]
|upkeep
|
|t:|1756685341
|switch|p1b: Incineroar|Incineroar, L50, M|100/100
|-ability|p1b: Incineroar|Intimidate|boost
|-unboost|p2a: Pelicopter|atk|1
|-unboost|p2b: its my bridge!|atk|1
|turn|4
|
|t:|1756685360
|move|p2a: Pelicopter|Protect|p2a: Pelicopter
|-singleturn|p2a: Pelicopter|Protect
|move|p1b: Incineroar|Fake Out|p2a: Pelicopter
|-activate|p2a: Pelicopter|move: Protect
|move|p1a: Big Mo|Electro Shot||[still]
|-prepare|p1a: Big Mo|Electro Shot
|-boost|p1a: Big Mo|spa|1
|-anim|p1a: Big Mo|Electro Shot|p2a: Pelicopter
|-activate|p2a: Pelicopter|move: Protect
|-curestatus|p2b: its my bridge!|slp|[msg]
|move|p2b: its my bridge!|Body Press|p1a: Big Mo
|-supereffective|p1a: Big Mo
|-damage|p1a: Big Mo|55/100
|-ability|p1a: Big Mo|Stamina|boost
|-boost|p1a: Big Mo|def|1
|
|-weather|RainDance|[upkeep]
|upkeep
|turn|5
|inactive|geardox has 30 seconds left.
|
|t:|1756685389
|move|p1a: Big Mo|Protect|p1a: Big Mo
|-singleturn|p1a: Big Mo|Protect
|move|p2a: Pelicopter|Weather Ball|p1b: Incineroar
|-supereffective|p1b: Incineroar
|-damage|p1b: Incineroar|25/100
|move|p2b: its my bridge!|Electro Shot||[still]
|-prepare|p2b: its my bridge!|Electro Shot
|-boost|p2b: its my bridge!|spa|1
|-anim|p2b: its my bridge!|Electro Shot|p1b: Incineroar
|-damage|p1b: Incineroar|0 fnt
|faint|p1b: Incineroar
|
|-weather|RainDance|[upkeep]
|upkeep
|turn|6
|
|t:|1756685415
|move|p1a: Big Mo|Draco Meteor|p2b: its my bridge!
|-damage|p2b: its my bridge!|12/100
|-unboost|p1a: Big Mo|spa|2
|-ability|p2b: its my bridge!|Stamina|boost
|-boost|p2b: its my bridge!|def|1
|move|p2a: Pelicopter|Weather Ball|p1a: Big Mo
|-resisted|p1a: Big Mo
|-damage|p1a: Big Mo|12/100
|-ability|p1a: Big Mo|Stamina|boost
|-boost|p1a: Big Mo|def|1
|move|p2b: its my bridge!|Body Press|p1a: Big Mo
|-supereffective|p1a: Big Mo
|-damage|p1a: Big Mo|0 fnt
|faint|p1a: Big Mo
|
|win|randomguy1114s
||geardox is ready for game 2.
|inactive|randomguy1114s has 30 seconds to confirm battle start!
|inactive|randomguy1114s has 20 seconds to confirm battle start!
