|j|☆Caporosso74
|j|☆Crying Flurmels
|html|Caporosso74Crying Flurmels    
|uhtml|bestof|Game 3 of a best-of-3
|t:|1756826710
|gametype|doubles
|player|p1|Caporosso74|170|1090
|player|p2|Crying Flurmels|102|1170
|gen|9
|tier|[Gen 9] VGC 2025 Reg H (Bo3)
|rated|
|rule|Species Clause: Limit one of each Pokémon
|rule|Item Clause: Limit 1 of each item
|clearpoke
|poke|p1|Pelipper, L50, F|
|poke|p1|Basculegion, L50, M|
|poke|p1|Archaludon, L50, M|
|poke|p1|Rillaboom, L50, F|
|poke|p1|Ursaluna-Bloodmoon, L50, M|
|poke|p1|Maushold, L50|
|poke|p2|Murkrow, L50, M|
|poke|p2|Volcarona, L50, F|
|poke|p2|Sneasler, L50, F|
|poke|p2|Kingambit, L50, M|
|poke|p2|Dragonite, L50, M|
|poke|p2|Rillaboom, L50, F|
|teampreview|4
|showteam|p1|Pelipper||FocusSash|Drizzle|Hurricane,Protect,WeatherBall,Tailwind|||F|||50|,,,,,Ghost]Basculegion||LifeOrb|SwiftSwim|LastRespects,AquaJet,WaveCrash,Protect|||M|||50|,,,,,Water]Archaludon||PowerHerb|Sturdy|DragonPulse,ElectroShot,Protect,FlashCannon|||M|||50|,,,,,Electric]Rillaboom||AssaultVest|GrassySurge|FakeOut,HighHorsepower,GrassyGlide,Uturn|||F|||50|,,,,,Water]Ursaluna-Bloodmoon||SafetyGoggles|MindsEye|BloodMoon,Protect,EarthPower,HyperVoice|||M|||50|,,,,,Normal]Maushold||CovertCloak|FriendGuard|Protect,Feint,SuperFang,Taunt||||||50|,,,,,Flying
|showteam|p2|Murkrow||Eviolite|Prankster|FoulPlay,Tailwind,Haze,SunnyDay|||M|||50|,,,,,Ghost]Volcarona||CovertCloak|FlameBody|HeatWave,TeraBlast,QuiverDance,Protect|||F|||50|,,,,,Water]Sneasler||GrassySeed|Unburden|DireClaw,CloseCombat,Protect,Coaching|||F|||50|,,,,,Stellar]Kingambit||BlackGlasses|Defiant|KowtowCleave,SuckerPunch,SwordsDance,Protect|||M|||50|,,,,,Dark]Dragonite||ChoiceBand|InnerFocus|Outrage,StompingTantrum,LowKick,ExtremeSpeed|||M|||50|,,,,,Normal]Rillaboom||MiracleSeed|GrassySurge|WoodHammer,GrassyGlide,Uturn,FakeOut|||F|||50|,,,,,Fire
|
|t:|1756826744
|teamsize|p1|4
|teamsize|p2|4
|start
|switch|p1a: Maushold|Maushold, L50|100/100
|switch|p1b: Archaludon|Archaludon, L50, M|100/100
|switch|p2a: Sneasler|Sneasler, L50, F|100/100
|switch|p2b: Rillaboom|Rillaboom, L50, F|100/100
|-fieldstart|move: Grassy Terrain|[from] ability: Grassy Surge|[of] p2b: Rillaboom
|-enditem|p2a: Sneasler|Grassy Seed
|-boost|p2a: Sneasler|def|1|[from] item: Grassy Seed
|turn|1
|
|t:|1756826769
|move|p1b: Archaludon|Protect|p1b: Archaludon
|-singleturn|p1b: Archaludon|Protect
|move|p2b: Rillaboom|Fake Out|p1b: Archaludon
|-activate|p1b: Archaludon|move: Protect
|move|p2a: Sneasler|Coaching|p2b: Rillaboom
|-boost|p2b: Rillaboom|atk|1
|-boost|p2b: Rillaboom|def|1
|move|p1a: Maushold|Super Fang|p2b: Rillaboom
|-damage|p2b: Rillaboom|51/100
|
|-heal|p2b: Rillaboom|57/100|[from] Grassy Terrain
|upkeep
|turn|2
|
|t:|1756826822
|-terastallize|p2a: Sneasler|Stellar
|-terastallize|p1b: Archaludon|Electric
|move|p2b: Rillaboom|Grassy Glide|p1b: Archaludon
|-damage|p1b: Archaludon|60/100
|move|p2a: Sneasler|Close Combat|p1b: Archaludon
|-damage|p1b: Archaludon|4/100
|-unboost|p2a: Sneasler|def|1
|-unboost|p2a: Sneasler|spd|1
|move|p1a: Maushold|Super Fang|p2b: Rillaboom
|-damage|p2b: Rillaboom|29/100
|move|p1b: Archaludon|Electro Shot||[still]
|-prepare|p1b: Archaludon|Electro Shot
|-boost|p1b: Archaludon|spa|1
|-enditem|p1b: Archaludon|Power Herb
|-anim|p1b: Archaludon|Electro Shot|p2b: Rillaboom
|-resisted|p2b: Rillaboom
|-crit|p2b: Rillaboom
|-damage|p2b: Rillaboom|0 fnt
|faint|p2b: Rillaboom
|
|-heal|p1b: Archaludon|10/100|[from] Grassy Terrain
|upkeep
|
|t:|1756826841
|switch|p2b: Murkrow|Murkrow, L50, M|100/100
|turn|3
|
|t:|1756826854
|move|p1a: Maushold|Feint|p2a: Sneasler
|-damage|p2a: Sneasler|86/100
|move|p2b: Murkrow|Tailwind|p2b: Murkrow
|-sidestart|p2: Crying Flurmels|move: Tailwind
|move|p2a: Sneasler|Dire Claw|p1b: Archaludon
|-damage|p1b: Archaludon|0 fnt
|faint|p1b: Archaludon
|
|-heal|p2a: Sneasler|92/100|[from] Grassy Terrain
|upkeep
|
|t:|1756826869
|switch|p1b: Basculegion|Basculegion, L50, M|100/100
|turn|4
|
|t:|1756826891
|move|p2a: Sneasler|Protect|p2a: Sneasler
|-singleturn|p2a: Sneasler|Protect
|move|p1b: Basculegion|Protect|p1b: Basculegion
|-singleturn|p1b: Basculegion|Protect
|move|p2b: Murkrow|Sunny Day|p2b: Murkrow
|-weather|SunnyDay
|move|p1a: Maushold|Super Fang|p2a: Sneasler
|-activate|p2a: Sneasler|move: Protect
|
|-weather|SunnyDay|[upkeep]
|-heal|p2a: Sneasler|98/100|[from] Grassy Terrain
|upkeep
|turn|5
|
|t:|1756826911
|switch|p1a: Pelipper|Pelipper, L50, F|100/100
|-weather|RainDance|[from] ability: Drizzle|[of] p1a: Pelipper
|move|p2b: Murkrow|Sunny Day|p2b: Murkrow
|-weather|SunnyDay
|move|p2a: Sneasler|Dire Claw|p1b: Basculegion
|-resisted|p1b: Basculegion
|-damage|p1b: Basculegion|72/100
|move|p1b: Basculegion|Wave Crash|p2a: Sneasler
|-damage|p2a: Sneasler|32/100
|-damage|p1b: Basculegion|54/100|[from] Recoil
|-damage|p1b: Basculegion|45/100|[from] item: Life Orb
|
|-weather|SunnyDay|[upkeep]
|-heal|p2a: Sneasler|38/100|[from] Grassy Terrain
|-heal|p1b: Basculegion|51/100|[from] Grassy Terrain
|-fieldend|move: Grassy Terrain
|upkeep
|turn|6
|
|t:|1756826933
|move|p1b: Basculegion|Protect|p1b: Basculegion
|-singleturn|p1b: Basculegion|Protect
|move|p2a: Sneasler|Dire Claw|p1a: Pelipper
|-damage|p1a: Pelipper|57/100
|-status|p1a: Pelipper|slp
|move|p2b: Murkrow|Foul Play|p1b: Basculegion
|-activate|p1b: Basculegion|move: Protect
|cant|p1a: Pelipper|slp
|
|-weather|SunnyDay|[upkeep]
|-sideend|p2: Crying Flurmels|move: Tailwind
|upkeep
|turn|7
|
|t:|1756826954
|switch|p1b: Maushold|Maushold, L50|100/100
|move|p2a: Sneasler|Protect|p2a: Sneasler
|-singleturn|p2a: Sneasler|Protect
|move|p2b: Murkrow|Tailwind|p2b: Murkrow
|-sidestart|p2: Crying Flurmels|move: Tailwind
|cant|p1a: Pelipper|slp
|
|-weather|SunnyDay|[upkeep]
|upkeep
|turn|8
|
|t:|1756826976
|move|p1b: Maushold|Protect|p1b: Maushold
|-singleturn|p1b: Maushold|Protect
|-curestatus|p1a: Pelipper|slp|[msg]
|move|p1a: Pelipper|Protect|p1a: Pelipper
|-singleturn|p1a: Pelipper|Protect
|move|p2a: Sneasler|Dire Claw|p1a: Pelipper
|-activate|p1a: Pelipper|move: Protect
|move|p2b: Murkrow|Foul Play|p1a: Pelipper
|-activate|p1a: Pelipper|move: Protect
|
|-weather|SunnyDay|[upkeep]
|upkeep
|turn|9
|
|t:|1756827011
|switch|p1a: Basculegion|Basculegion, L50, M|51/100
|move|p2a: Sneasler|Dire Claw|p1a: Basculegion
|-resisted|p1a: Basculegion
|-crit|p1a: Basculegion
|-damage|p1a: Basculegion|19/100
|move|p2b: Murkrow|Foul Play|p1a: Basculegion
|-supereffective|p1a: Basculegion
|-damage|p1a: Basculegion|0 fnt
|faint|p1a: Basculegion
|move|p1b: Maushold|Super Fang|p2a: Sneasler
|-damage|p2a: Sneasler|19/100
|
|-weather|none
|upkeep
|
|t:|1756827020
|switch|p1a: Pelipper|Pelipper, L50, F|57/100
|-weather|RainDance|[from] ability: Drizzle|[of] p1a: Pelipper
|turn|10
|
|t:|1756827035
|move|p1a: Pelipper|Protect|p1a: Pelipper
|-singleturn|p1a: Pelipper|Protect
|move|p1b: Maushold|Feint|p2a: Sneasler
|-damage|p2a: Sneasler|4/100
|move|p2b: Murkrow|Sunny Day|p2b: Murkrow
|-weather|SunnyDay
|move|p2a: Sneasler|Dire Claw|p1a: Pelipper
|-activate|p1a: Pelipper|move: Protect
|
|-weather|SunnyDay|[upkeep]
|-sideend|p2: Crying Flurmels|move: Tailwind
|upkeep
|turn|11
|
|t:|1756827051
|switch|p2a: Kingambit|Kingambit, L50, M|100/100
|move|p1b: Maushold|Feint|p2a: Kingambit
|-resisted|p2a: Kingambit
|-damage|p2a: Kingambit|97/100
|move|p2b: Murkrow|Foul Play|p1b: Maushold
|-damage|p1b: Maushold|66/100
|move|p1a: Pelipper|Weather Ball|p2b: Murkrow
|-damage|p2b: Murkrow|46/100
|
|-weather|SunnyDay|[upkeep]
|upkeep
|turn|12
|
|t:|1756827067
|move|p2b: Murkrow|Tailwind|p2b: Murkrow
|-sidestart|p2: Crying Flurmels|move: Tailwind
|move|p1b: Maushold|Super Fang|p2a: Kingambit
|-damage|p2a: Kingambit|49/100
|move|p2a: Kingambit|Kowtow Cleave|p1a: Pelipper
|-damage|p1a: Pelipper|7/100
|move|p1a: Pelipper|Weather Ball|p2a: Kingambit
|-supereffective|p2a: Kingambit
|-damage|p2a: Kingambit|0 fnt
|faint|p2a: Kingambit
|
|-weather|SunnyDay|[upkeep]
|upkeep
|
|t:|1756827076
|switch|p2a: Sneasler|Sneasler, L50, F, tera:Stellar|4/100
|turn|13
|
|t:|1756827088
|move|p1a: Pelipper|Protect|p1a: Pelipper
|-singleturn|p1a: Pelipper|Protect
|move|p1b: Maushold|Feint|p2a: Sneasler
|-damage|p2a: Sneasler|0 fnt
|faint|p2a: Sneasler
|move|p2b: Murkrow|Foul Play|p1a: Pelipper
|-activate|p1a: Pelipper|move: Protect
|
|-weather|SunnyDay|[upkeep]
|upkeep
|turn|14
|
|t:|1756827107
|move|p1b: Maushold|Feint|p2b: Murkrow
|-damage|p2b: Murkrow|38/100
|move|p2b: Murkrow|Foul Play|p1a: Pelipper
|-damage|p1a: Pelipper|0 fnt
|faint|p1a: Pelipper
|
|-weather|none
|upkeep
|turn|15
|
|t:|1756827121
|move|p1b: Maushold|Protect|p1b: Maushold
|-singleturn|p1b: Maushold|Protect
|move|p2b: Murkrow|Foul Play|p1b: Maushold
|-activate|p1b: Maushold|move: Protect
|
|-sideend|p2: Crying Flurmels|move: Tailwind
|upkeep
|turn|16
|
|t:|1756827142
|move|p1b: Maushold|Super Fang|p2b: Murkrow
|-damage|p2b: Murkrow|20/100
|move|p2b: Murkrow|Foul Play|p1b: Maushold
|-damage|p1b: Maushold|34/100
|
|upkeep
|turn|17
|
|t:|1756827161
|move|p1b: Maushold|Super Fang|p2b: Murkrow
|-damage|p2b: Murkrow|10/100
|move|p2b: Murkrow|Foul Play|p1b: Maushold
|-damage|p1b: Maushold|0 fnt
|faint|p1b: Maushold
|
|win|Crying Flurmels
|raw|Caporosso74's rating: 1090 → 1072(-18 for losing)
|raw|Crying Flurmels's rating: 1170 → 1189(+19 for winning)
|l|☆Caporosso74
|player|p1|
