|j|☆PugBurro
|j|☆giocostorto
|html|PugBurrogiocostorto    
|uhtml|bestof|Game 1 of a best-of-3
|t:|1756994637
|gametype|doubles
|player|p1|PugBurro|red|
|player|p2|giocostorto|palmer|
|gen|9
|tier|[Gen 9] VGC 2025 Reg H (Bo3)
|rule|Species Clause: Limit one of each Pokémon
|rule|Item Clause: Limit 1 of each item
|clearpoke
|poke|p1|Archaludon, L50, F|
|poke|p1|Pelipper, L50, M|
|poke|p1|Basculegion, L50, M|
|poke|p1|Sneasler, L50, F|
|poke|p1|Amoonguss, L50, F|
|poke|p1|Maushold, L50|
|poke|p2|Misdreavus, L50, M|
|poke|p2|Gothitelle, L50, M|
|poke|p2|Amoonguss, L50, F|
|poke|p2|Incineroar, L50, M|
|poke|p2|Primarina, L50, M|
|poke|p2|Ursaluna, L50, F|
|teampreview|4
|showteam|p1|Archaludon||AssaultVest|Stamina|ElectroShot,DracoMeteor,FlashCannon,BodyPress|||F|||50|,,,,,Bug]Pelipper||CovertCloak|Drizzle|WeatherBall,Hurricane,Tailwind,Protect|||M|||50|,,,,,Steel]Basculegion||MysticWater|SwiftSwim|WaveCrash,LastRespects,AquaJet,FlipTurn|||M|||50|,,,,,Grass]Sneasler||FocusSash|Unburden|CloseCombat,DireClaw,FakeOut,Protect|||F|||50|,,,,,Stellar]Amoonguss||SitrusBerry|Regenerator|Spore,RagePowder,PollenPuff,ClearSmog|||F|||50|,,,,,Dark]Maushold||WideLens|Technician|PopulationBomb,FollowMe,Taunt,Protect||||||50|,,,,,Ghost
|showteam|p2|Misdreavus||Eviolite|Levitate|Protect,PerishSong,TrickRoom,ShadowBall|||M|||50|,,,,,Fire]Gothitelle||SafetyGoggles|ShadowTag|Protect,Psychic,TrickRoom,FakeOut|||M|||50|,,,,,Water]Amoonguss||MentalHerb|Regenerator|Protect,Spore,RagePowder,PollenPuff|||F|||50|,,,,,Dark]Incineroar||MirrorHerb|Intimidate|Protect,FlareBlitz,FakeOut,PartingShot|||M|||50|,,,,,Grass]Primarina||SitrusBerry|LiquidVoice|Protect,Moonblast,PerishSong,HyperVoice|||M|||50|,,,,,Steel]Ursaluna||FlameOrb|Guts|Protect,HeadlongRush,Earthquake,Facade|||F|||50|,,,,,Ghost
|inactive|Battle timer is ON: inactive players will automatically lose when time's up. (requested by giocostorto)
|c|☆giocostorto|glhf
|c|☆PugBurro|u2
|inactive|PugBurro has 60 seconds left.
|inactive|giocostorto has 60 seconds left.
|
|t:|1756994690
|teamsize|p1|4
|teamsize|p2|4
|start
|switch|p1a: Archaludon|Archaludon, L50, F, shiny|100/100
|switch|p1b: Maushold|Maushold, L50|100/100
|switch|p2a: Gothitelle|Gothitelle, L50, M|100/100
|switch|p2b: Amoonguss|Amoonguss, L50, F|100/100
|turn|1
|inactive|giocostorto has 30 seconds left.
|inactive|PugBurro has 30 seconds left.
|inactive|giocostorto has 20 seconds left.
|inactive|giocostorto has 15 seconds left.
|
|t:|1756994733
|-terastallize|p1b: Maushold|Ghost
|move|p1b: Maushold|Taunt|p2b: Amoonguss
|-start|p2b: Amoonguss|move: Taunt
|-enditem|p2b: Amoonguss|Mental Herb
|-end|p2b: Amoonguss|move: Taunt
|move|p1a: Archaludon|Flash Cannon|p2a: Gothitelle
|-damage|p2a: Gothitelle|75/100
|move|p2b: Amoonguss|Spore|p1a: Archaludon
|-status|p1a: Archaludon|slp|[from] move: Spore
|move|p2a: Gothitelle|Trick Room|p2a: Gothitelle
|-fieldstart|move: Trick Room|[of] p2a: Gothitelle
|
|upkeep
|turn|2
|inactive|PugBurro has 30 seconds left.
|
|t:|1756994762
|switch|p2a: Ursaluna|Ursaluna, L50, F|100/100
|move|p1b: Maushold|Protect|p1b: Maushold
|-singleturn|p1b: Maushold|Protect
|move|p2b: Amoonguss|Spore|p1b: Maushold
|-activate|p1b: Maushold|move: Protect
|cant|p1a: Archaludon|slp
|
|-status|p2a: Ursaluna|brn|[from] item: Flame Orb
|upkeep
|turn|3
|
|t:|1756994776
|switch|p1a: Pelipper|Pelipper, L50, M, shiny|100/100
|-weather|RainDance|[from] ability: Drizzle|[of] p1a: Pelipper
|move|p2b: Amoonguss|Spore|p1a: Pelipper
|-status|p1a: Pelipper|slp|[from] move: Spore
|move|p2a: Ursaluna|Headlong Rush|p1b: Maushold
|-damage|p1b: Maushold|0 fnt
|-unboost|p2a: Ursaluna|def|1
|-unboost|p2a: Ursaluna|spd|1
|faint|p1b: Maushold
|
|-weather|RainDance|[upkeep]
|-damage|p2a: Ursaluna|95/100 brn|[from] brn
|upkeep
|inactive|PugBurro has 30 seconds left.
|
|t:|1756994805
|switch|p1b: Basculegion|Basculegion, L50, M, shiny|100/100
|turn|4
|inactive|giocostorto has 30 seconds left.
|
|t:|1756994831
|switch|p2b: Primarina|Primarina, L50, M|100/100
|-terastallize|p2a: Ursaluna|Ghost
|cant|p1a: Pelipper|slp
|move|p2a: Ursaluna|Headlong Rush|p1b: Basculegion
|-damage|p1b: Basculegion|0 fnt
|-unboost|p2a: Ursaluna|def|1
|-unboost|p2a: Ursaluna|spd|1
|faint|p1b: Basculegion
|
|-weather|RainDance|[upkeep]
|-damage|p2a: Ursaluna|89/100 brn|[from] brn
|upkeep
|
|t:|1756994850
|switch|p1b: Archaludon|Archaludon, L50, F, shiny|100/100 slp
|turn|5
|
|t:|1756994867
|switch|p2a: Amoonguss|Amoonguss, L50, F|100/100
|move|p2b: Primarina|Perish Song|p2b: Primarina
|-start|p1a: Pelipper|perish3|[silent]
|-start|p1b: Archaludon|perish3|[silent]
|-start|p2a: Amoonguss|perish3|[silent]
|-start|p2b: Primarina|perish3|[silent]
|-fieldactivate|move: Perish Song
|-curestatus|p1a: Pelipper|slp|[msg]
|move|p1a: Pelipper|Weather Ball|p2a: Amoonguss
|-resisted|p2a: Amoonguss
|-damage|p2a: Amoonguss|71/100
|-curestatus|p1b: Archaludon|slp|[msg]
|move|p1b: Archaludon|Electro Shot||[still]
|-prepare|p1b: Archaludon|Electro Shot
|-boost|p1b: Archaludon|spa|1
|-anim|p1b: Archaludon|Electro Shot|p2b: Primarina
|-supereffective|p2b: Primarina
|-damage|p2b: Primarina|0 fnt
|faint|p2b: Primarina
|
|-weather|RainDance|[upkeep]
|-start|p2a: Amoonguss|perish3
|-start|p1a: Pelipper|perish3
|-start|p1b: Archaludon|perish3
|-fieldend|move: Trick Room
|upkeep
|c|☆PugBurro|ggs
|
|t:|1756994889
|switch|p2b: Gothitelle|Gothitelle, L50, M|75/100
|turn|6
|
|t:|1756994909
|move|p2b: Gothitelle|Fake Out|p1a: Pelipper
|-damage|p1a: Pelipper|94/100
|move|p1b: Archaludon|Electro Shot||[still]
|-prepare|p1b: Archaludon|Electro Shot
|-boost|p1b: Archaludon|spa|1
|-anim|p1b: Archaludon|Electro Shot|p2b: Gothitelle
|-damage|p2b: Gothitelle|20/100
|move|p1a: Pelipper|Hurricane|p2a: Amoonguss
|-supereffective|p2a: Amoonguss
|-damage|p2a: Amoonguss|0 fnt
|faint|p2a: Amoonguss
|
|-weather|RainDance|[upkeep]
|-start|p1b: Archaludon|perish2
|-start|p1a: Pelipper|perish2
|upkeep
|
|t:|1756994915
|switch|p2a: Ursaluna|Ursaluna, L50, F, tera:Ghost|89/100 brn
|turn|7
|
|t:|1756994924
|move|p2b: Gothitelle|Protect|p2b: Gothitelle
|-singleturn|p2b: Gothitelle|Protect
|move|p2a: Ursaluna|Protect|p2a: Ursaluna
|-singleturn|p2a: Ursaluna|Protect
|move|p1b: Archaludon|Electro Shot||[still]
|-prepare|p1b: Archaludon|Electro Shot
|-boost|p1b: Archaludon|spa|1
|-anim|p1b: Archaludon|Electro Shot|p2a: Ursaluna
|-activate|p2a: Ursaluna|move: Protect
|move|p1a: Pelipper|Weather Ball|p2b: Gothitelle
|-activate|p2b: Gothitelle|move: Protect
|
|-weather|none
|-damage|p2a: Ursaluna|83/100 brn|[from] brn
|-start|p1b: Archaludon|perish1
|-start|p1a: Pelipper|perish1
|upkeep
|turn|8
|
|t:|1756994931
|move|p2b: Gothitelle|Protect||[still]
|-fail|p2b: Gothitelle
|move|p2a: Ursaluna|Protect||[still]
|-fail|p2a: Ursaluna
|move|p1b: Archaludon|Draco Meteor|p2a: Ursaluna
|-damage|p2a: Ursaluna|0 fnt
|-unboost|p1b: Archaludon|spa|2
|faint|p2a: Ursaluna
|move|p1a: Pelipper|Hurricane|p2b: Gothitelle|[miss]
|-miss|p1a: Pelipper|p2b: Gothitelle
|
|-start|p1b: Archaludon|perish0
|-start|p1a: Pelipper|perish0
|upkeep
|faint|p1b: Archaludon
|faint|p1a: Pelipper
|
|win|giocostorto
|c|☆PugBurro|bruh
|c|☆giocostorto|shit gg
|c|☆PugBurro|no way
|inactive|PugBurro has 30 seconds to confirm battle start!
|inactive|giocostorto has 30 seconds to confirm battle start!
|c|☆giocostorto|I'm dumb
|c|☆PugBurro|u won gng
|c|☆giocostorto|OH I WON
|c|☆giocostorto|sry
|inactive|PugBurro has 20 seconds to confirm battle start!
|inactive|giocostorto has 20 seconds to confirm battle start!
|c|☆PugBurro|i missed the hurricane
||giocostorto is ready for game 2.
||PugBurro is ready for game 2.
|uhtml|next|Next: Game 2 of 3
|l|☆PugBurro
|player|p1|
