|j|☆grrimm32
|j|‽Smimr
|html|grrimm32Smimr    
|uhtml|bestof|Game 1 of a best-of-3
|t:|1786032590
|gametype|doubles
|player|p1|grrimm32|iono-masters|
|player|p2|Smimr|richboy-gen4|
|gen|9
|tier|[Gen 9 Champions] VGC 2026 Reg M-B (Bo3)
|rule|Species Clause: Limit one of each Pokémon
|rule|Item Clause: Limit 1 of each item
|clearpoke
|poke|p1|Runerigus, L50, F|
|poke|p1|Slowbro, L50, M|
|poke|p1|Emboar, L50, F, shiny|
|poke|p1|Abomasnow, L50, M, shiny|
|poke|p1|Sableye, L50, M|
|poke|p1|Heliolisk, L50, F|
|poke|p2|Runerigus, L50, M|
|poke|p2|Slowbro, L50, F|
|poke|p2|Emboar, L50, F|
|poke|p2|Abomasnow, L50, M|
|poke|p2|Simipour, L50, F|
|poke|p2|Zoroark, L50, M|
|teampreview|4
|showteam|p1|Runerigus||MentalHerb|WanderingSpirit|TrickRoom,Taunt,WillOWisp,Poltergeist|Sassy||F|||50|]Slowbro||Leftovers|Regenerator|TrickRoom,Scald,CalmMind,SlackOff|Relaxed||M|||50|]Emboar||LifeOrb|Reckless|FlareBlitz,CloseCombat,WildCharge,Protect|Brave||F|||50|]Abomasnow||Abomasite|SnowWarning|Blizzard,EarthPower,GigaDrain,Protect|Quiet||M|||50|]Sableye||LightClay|Prankster|LightScreen,Reflect,Quash,FoulPlay|Careful||M|||50|]Heliolisk||FocusSash|DrySkin|VoltSwitch,HyperVoice,GrassKnot,Protect|Timid||F|||50|
|showteam|p2|Runerigus||MentalHerb|WanderingSpirit|TrickRoom,Taunt,WillOWisp,Poltergeist|Sassy||M|||50|]Slowbro||Leftovers|Regenerator|TrickRoom,Scald,CalmMind,SlackOff|Relaxed||F|||50|]Emboar||LifeOrb|Reckless|FlareBlitz,CloseCombat,WildCharge,Protect|Brave||F|||50|]Abomasnow||Abomasite|SnowWarning|Blizzard,EarthPower,GigaDrain,Protect|Quiet||M|||50|]Simipour||WacanBerry|Torrent|FakeOut,Scald,FlipTurn,Taunt|Timid||F|||50|]Zoroark||FocusSash|Illusion|DarkPulse,Protect,Flamethrower,NastyPlot|Timid||M|||50|
|
|t:|1786032628
|teamsize|p1|4
|teamsize|p2|4
|start
|switch|p1a: Sableye|Sableye, L50, M|100/100
|switch|p1b: Heliolisk|Heliolisk, L50, F|100/100
|switch|p2a: Slowbro|Slowbro, L50, F|100/100
|switch|p2b: Simipour|Simipour, L50, F|100/100
|turn|1
|
|t:|1786032641
|move|p1b: Heliolisk|Protect|p1b: Heliolisk
|-singleturn|p1b: Heliolisk|Protect
|move|p2b: Simipour|Fake Out|p1b: Heliolisk
|-activate|p1b: Heliolisk|move: Protect
|move|p1a: Sableye|Light Screen|p1a: Sableye
|-sidestart|p1: grrimm32|move: Light Screen
|move|p2a: Slowbro|Trick Room|p2a: Slowbro
|-fieldstart|move: Trick Room|[of] p2a: Slowbro
|
|upkeep
|turn|2
|
|t:|1786032665
|switch|p2b: Emboar|Emboar, L50, F|100/100
|move|p2a: Slowbro|Calm Mind|p2a: Slowbro
|-boost|p2a: Slowbro|spa|1
|-boost|p2a: Slowbro|spd|1
|move|p1a: Sableye|Foul Play|p2b: Emboar
|-resisted|p2b: Emboar|1
|-damage|p2b: Emboar|70/100
|move|p1b: Heliolisk|Grass Knot|p2a: Slowbro
|-supereffective|p2a: Slowbro|1
|-damage|p2a: Slowbro|67/100
|
|-heal|p2a: Slowbro|73/100|[from] item: Leftovers
|upkeep
|turn|3
|
|t:|1786032732
|move|p1a: Sableye|Reflect|p1a: Sableye
|-sidestart|p1: grrimm32|Reflect
|move|p2a: Slowbro|Scald|p1a: Sableye
|-damage|p1a: Sableye|67/100
|move|p2b: Emboar|Flare Blitz|p1a: Sableye
|-damage|p1a: Sableye|0 fnt
|faint|p1a: Sableye
|-damage|p2b: Emboar|54/100|[from] Recoil
|-damage|p2b: Emboar|45/100|[from] item: Life Orb
|move|p1b: Heliolisk|Volt Switch|p2a: Slowbro
|-supereffective|p2a: Slowbro|1
|-damage|p2a: Slowbro|27/100
|
|t:|1786032745
|switch|p1b: Emboar|Emboar, L50, F, shiny|100/100|[from] Volt Switch
|
|-heal|p2a: Slowbro|33/100|[from] item: Leftovers
|upkeep
|
|t:|1786032750
|switch|p1a: Abomasnow|Abomasnow, L50, M, shiny|100/100
|-weather|Snowscape|[from] ability: Snow Warning|[of] p1a: Abomasnow
|turn|4
|
|t:|1786032765
|detailschange|p1a: Abomasnow|Abomasnow-Mega, L50, M, shiny
|-mega|p1a: Abomasnow|Abomasnow|Abomasite
|move|p2a: Slowbro|Scald|p1b: Emboar
|-supereffective|p1b: Emboar|1
|-crit|p1b: Emboar
|-damage|p1b: Emboar|0 fnt
|faint|p1b: Emboar
|move|p1a: Abomasnow|Earth Power|p2b: Emboar
|-supereffective|p2b: Emboar|1
|-damage|p2b: Emboar|0 fnt
|faint|p2b: Emboar
|
|-weather|Snowscape|[upkeep]
|-heal|p2a: Slowbro|39/100|[from] item: Leftovers
|upkeep
|
|t:|1786032798
|switch|p1b: Heliolisk|Heliolisk, L50, F|100/100
|switch|p2b: Simipour|Simipour, L50, F|100/100
|turn|5
|
|t:|1786032821
|move|p1a: Abomasnow|Protect|p1a: Abomasnow
|-singleturn|p1a: Abomasnow|Protect
|move|p1b: Heliolisk|Protect|p1b: Heliolisk
|-singleturn|p1b: Heliolisk|Protect
|move|p2b: Simipour|Fake Out|p1a: Abomasnow
|-activate|p1a: Abomasnow|move: Protect
|move|p2a: Slowbro|Slack Off|p2a: Slowbro
|-heal|p2a: Slowbro|89/100
|
|-weather|Snowscape|[upkeep]
|-heal|p2a: Slowbro|95/100|[from] item: Leftovers
|-fieldend|move: Trick Room
|upkeep
|turn|6
|
|t:|1786032872
|move|p1b: Heliolisk|Volt Switch|p2a: Slowbro
|-supereffective|p2a: Slowbro|1
|-damage|p2a: Slowbro|48/100
|move|p2b: Simipour|Flip Turn|p1b: Heliolisk
|-immune|p1b: Heliolisk|[from] ability: Dry Skin
|move|p1a: Abomasnow|Giga Drain|p2a: Slowbro
|-supereffective|p2a: Slowbro|1
|-damage|p2a: Slowbro|0 fnt
|faint|p2a: Slowbro
|
|-weather|Snowscape|[upkeep]
|upkeep
|
|t:|1786032878
|switch|p2a: Abomasnow|Abomasnow, L50, M|100/100
|turn|7
|
|t:|1786032890
|detailschange|p2a: Abomasnow|Abomasnow-Mega, L50, M
|-mega|p2a: Abomasnow|Abomasnow|Abomasite
|move|p1a: Abomasnow|Protect|p1a: Abomasnow
|-singleturn|p1a: Abomasnow|Protect
|move|p1b: Heliolisk|Hyper Voice|p2b: Simipour|[spread] p2a,p2b
|-crit|p2a: Abomasnow
|-damage|p2a: Abomasnow|62/100
|-damage|p2b: Simipour|50/100y
|move|p2b: Simipour|Taunt|p1a: Abomasnow
|-activate|p1a: Abomasnow|move: Protect
|move|p2a: Abomasnow|Earth Power|p1b: Heliolisk
|-supereffective|p1b: Heliolisk|1
|-damage|p1b: Heliolisk|36/100
|
|-weather|Snowscape|[upkeep]
|upkeep
|turn|8
|
|t:|1786032935
|move|p1b: Heliolisk|Volt Switch|p2b: Simipour
|-supereffective|p2b: Simipour|1
|-enditem|p2b: Simipour|Wacan Berry|[eat]
|-enditem|p2b: Simipour|Wacan Berry|[weaken]
|-damage|p2b: Simipour|0 fnt
|faint|p2b: Simipour
|move|p2a: Abomasnow|Giga Drain|p1b: Heliolisk
|-damage|p1b: Heliolisk|0 fnt
|-heal|p2a: Abomasnow|76/100|[from] drain|[of] p1b: Heliolisk
|faint|p1b: Heliolisk
|move|p1a: Abomasnow|Blizzard|p2a: Abomasnow
|-damage|p2a: Abomasnow|23/100
|
|-weather|none
|-sideend|p1: grrimm32|move: Light Screen
|upkeep
|turn|9
|
|t:|1786032954
|move|p2a: Abomasnow|Giga Drain|p1a: Abomasnow
|-resisted|p1a: Abomasnow|1
|-damage|p1a: Abomasnow|81/100
|-heal|p2a: Abomasnow|33/100|[from] drain|[of] p1a: Abomasnow
|move|p1a: Abomasnow|Blizzard|p2a: Abomasnow
|-damage|p2a: Abomasnow|0 fnt
|faint|p2a: Abomasnow
|
|win|grrimm32
||Smimr is ready for game 2.
