|j|☆ScaleMiss
|j|☆spellbreakvgc
|html|ScaleMissspellbreakvgc    
|uhtml|bestof|Game 1 of a best-of-3
|t:|1756154225
|gametype|doubles
|player|p1|ScaleMiss|harmony|1000
|player|p2|spellbreakvgc|lance|1034
|gen|9
|tier|[Gen 9] VGC 2025 Reg H (Bo3)
|rated|
|rule|Species Clause: Limit one of each Pokémon
|rule|Item Clause: Limit 1 of each item
|clearpoke
|poke|p1|Volcarona, L50, M|
|poke|p1|Rillaboom, L50, F|
|poke|p1|Gholdengo, L50|
|poke|p1|Sneasler, L50, M|
|poke|p1|Dragonite, L50, M|
|poke|p1|Sinistcha-Masterpiece, L50|
|poke|p2|Whimsicott, L50, M|
|poke|p2|Typhlosion-Hisui, L50, M|
|poke|p2|Dragapult, L50, M|
|poke|p2|Sneasler, L50, M|
|poke|p2|Indeedee, L50, M|
|poke|p2|Electabuzz, L50, M|
|teampreview|4
|showteam|p1|Volcarona||CovertCloak|FlameBody|QuiverDance,HeatWave,TeraBlast,Protect|||M|||50|,,,,,Fairy]Rillaboom||AssaultVest|GrassySurge|Uturn,WoodHammer,GrassyGlide,FakeOut|||F|||50|,,,,,Fire]Gholdengo||MetalCoat|GoodasGold|MakeItRain,ShadowBall,NastyPlot,Protect||||||50|,,,,,Dragon]Sneasler||FocusSash|Unburden|DireClaw,CloseCombat,FakeOut,Protect|||M|||50|,,,,,Stellar]Dragonite||LoadedDice|Multiscale|ScaleShot,Tailwind,Haze,Protect|||M|||50|,,,,,Fairy]Sinistcha-Masterpiece||RockyHelmet|Hospitality|MatchaGotcha,RagePowder,TrickRoom,Imprison||||||50|,,,,,Dark
|showteam|p2|Whimsicott||CovertCloak|Prankster|Tailwind,SunnyDay,Encore,Moonblast|||M|||50|,,,,,Ghost]Typhlosion-Hisui||ChoiceSpecs|Blaze|Eruption,HeatWave,ShadowBall,FocusBlast|||M|||50|,,,,,Fire]Dragapult||ChoiceBand|ClearBody|DragonDarts,Outrage,PhantomForce,Uturn|||M|||50|,,,,,Dragon]Sneasler||PsychicSeed|Unburden|DireClaw,CloseCombat,ThroatChop,Protect|||M|||50|,,,,,Fighting]Indeedee||FocusSash|PsychicSurge|ExpandingForce,TeraBlast,TrickRoom,Imprison|||M|||50|,,,,,Psychic]Electabuzz||Eviolite|VitalSpirit|Electroweb,FollowMe,Taunt,Protect|||M|||50|,,,,,Ghost
|inactive|Battle timer is ON: inactive players will automatically lose when time's up. (requested by ScaleMiss)
|
|t:|1756154251
|teamsize|p1|4
|teamsize|p2|4
|start
|switch|p1a: Dragonite|Dragonite, L50, M|100/100
|switch|p1b: Sneasler|Sneasler, L50, M|100/100
|switch|p2a: Whimsicott|Whimsicott, L50, M|100/100
|switch|p2b: Dragapult|Dragapult, L50, M|100/100
|turn|1
|inactive|spellbreakvgc has 30 seconds left.
|
|t:|1756154278
|-terastallize|p2a: Whimsicott|Ghost
|move|p2b: Dragapult|Dragon Darts|p1a: Dragonite
|-supereffective|p1a: Dragonite
|-damage|p1a: Dragonite|54/100
|-anim|p2b: Dragapult|Dragon Darts|p1b: Sneasler
|-damage|p1b: Sneasler|29/100
|move|p1b: Sneasler|Dire Claw|p2a: Whimsicott
|-resisted|p2a: Whimsicott
|-damage|p2a: Whimsicott|71/100
|move|p2a: Whimsicott|Moonblast|p1a: Dragonite
|-supereffective|p1a: Dragonite
|-damage|p1a: Dragonite|0 fnt
|faint|p1a: Dragonite
|
|upkeep
|
|t:|1756154290
|switch|p1a: Sinistcha|Sinistcha-Masterpiece, L50|100/100
|-heal|p1b: Sneasler|54/100|[from] ability: Hospitality|[of] p1a: Sinistcha
|turn|2
|
|t:|1756154312
|switch|p1b: Rillaboom|Rillaboom, L50, F, shiny|100/100
|-fieldstart|move: Grassy Terrain|[from] ability: Grassy Surge|[of] p1b: Rillaboom
|move|p2a: Whimsicott|Encore||[still]
|-fail|p2a: Whimsicott
|move|p2b: Dragapult|Dragon Darts|p1a: Sinistcha
|-damage|p1a: Sinistcha|63/100
|-anim|p2b: Dragapult|Dragon Darts|p1b: Rillaboom
|-damage|p1b: Rillaboom|64/100
|move|p1a: Sinistcha|Matcha Gotcha|p2a: Whimsicott|[spread] p2b
|-miss|p1a: Sinistcha|p2a: Whimsicott
|-resisted|p2b: Dragapult
|-damage|p2b: Dragapult|77/100
|-heal|p1a: Sinistcha|74/100|[from] drain|[of] p2b: Dragapult
|-status|p2b: Dragapult|brn
|
|-heal|p2b: Dragapult|83/100 brn|[from] Grassy Terrain
|-heal|p2a: Whimsicott|77/100|[from] Grassy Terrain
|-heal|p1b: Rillaboom|69/100|[from] Grassy Terrain
|-heal|p1a: Sinistcha|80/100|[from] Grassy Terrain
|-damage|p2b: Dragapult|77/100 brn|[from] brn
|upkeep
|turn|3
|inactive|spellbreakvgc has 30 seconds left.
|inactive|spellbreakvgc has 20 seconds left.
|
|t:|1756154349
|move|p2a: Whimsicott|Encore|p1a: Sinistcha
|-start|p1a: Sinistcha|Encore
|move|p2b: Dragapult|Dragon Darts|p1a: Sinistcha
|-damage|p1a: Sinistcha|62/100
|-anim|p2b: Dragapult|Dragon Darts|p1b: Rillaboom
|-damage|p1b: Rillaboom|52/100
|move|p1b: Rillaboom|U-turn|p2b: Dragapult
|-resisted|p2b: Dragapult
|-damage|p2b: Dragapult|62/100 brn
|
|t:|1756154357
|switch|p1b: Sneasler|Sneasler, L50, M|54/100|[from] U-turn
|move|p1a: Sinistcha|Matcha Gotcha|p2a: Whimsicott|[spread] p2b
|-miss|p1a: Sinistcha|p2a: Whimsicott
|-resisted|p2b: Dragapult
|-damage|p2b: Dragapult|40/100 brn
|-heal|p1a: Sinistcha|72/100|[from] drain|[of] p2b: Dragapult
|
|-heal|p2b: Dragapult|46/100 brn|[from] Grassy Terrain
|-heal|p1b: Sneasler|59/100|[from] Grassy Terrain
|-heal|p2a: Whimsicott|83/100|[from] Grassy Terrain
|-heal|p1a: Sinistcha|79/100|[from] Grassy Terrain
|-damage|p2b: Dragapult|40/100 brn|[from] brn
|upkeep
|turn|4
|
|t:|1756154377
|switch|p1b: Rillaboom|Rillaboom, L50, F, shiny|52/100
|move|p2a: Whimsicott|Tailwind|p2a: Whimsicott
|-sidestart|p2: spellbreakvgc|move: Tailwind
|move|p2b: Dragapult|Dragon Darts|p1a: Sinistcha
|-damage|p1a: Sinistcha|61/100
|-anim|p2b: Dragapult|Dragon Darts|p1b: Rillaboom
|-damage|p1b: Rillaboom|34/100
|move|p1a: Sinistcha|Matcha Gotcha|p2b: Dragapult|[spread] p2a,p2b
|-resisted|p2b: Dragapult
|-damage|p2a: Whimsicott|34/100
|-heal|p1a: Sinistcha|80/100|[from] drain|[of] p2a: Whimsicott
|-damage|p2b: Dragapult|19/100 brn
|-heal|p1a: Sinistcha|89/100|[from] drain|[of] p2b: Dragapult
|
|-heal|p2b: Dragapult|25/100 brn|[from] Grassy Terrain
|-heal|p2a: Whimsicott|40/100|[from] Grassy Terrain
|-heal|p1b: Rillaboom|39/100|[from] Grassy Terrain
|-heal|p1a: Sinistcha|95/100|[from] Grassy Terrain
|-damage|p2b: Dragapult|19/100 brn|[from] brn
|upkeep
|turn|5
|inactive|spellbreakvgc has 30 seconds left.
|inactive|spellbreakvgc has 20 seconds left.
|inactive|ScaleMiss has 30 seconds left.
|inactive|spellbreakvgc has 15 seconds left.
|inactive|spellbreakvgc has 10 seconds left.
|
|t:|1756154428
|move|p1b: Rillaboom|Grassy Glide|p2b: Dragapult
|-resisted|p2b: Dragapult
|-damage|p2b: Dragapult|0 fnt
|faint|p2b: Dragapult
|move|p2a: Whimsicott|Moonblast|p1b: Rillaboom
|-damage|p1b: Rillaboom|17/100
|move|p1a: Sinistcha|Matcha Gotcha|p2a: Whimsicott
|-damage|p2a: Whimsicott|0 fnt
|-heal|p1a: Sinistcha|100/100|[from] drain|[of] p2a: Whimsicott
|faint|p2a: Whimsicott
|
|-heal|p1b: Rillaboom|23/100|[from] Grassy Terrain
|-end|p1a: Sinistcha|Encore
|upkeep
|
|t:|1756154438
|switch|p2b: Sneasler|Sneasler, L50, M|100/100
|switch|p2a: Typhlosion|Typhlosion-Hisui, L50, M|100/100
|turn|6
|inactive|spellbreakvgc has 30 seconds left.
|
|t:|1756154464
|-terastallize|p1a: Sinistcha|Dark
|move|p1b: Rillaboom|Grassy Glide|p2a: Typhlosion
|-resisted|p2a: Typhlosion
|-damage|p2a: Typhlosion|74/100
|move|p2b: Sneasler|Throat Chop|p1a: Sinistcha
|-resisted|p1a: Sinistcha
|-damage|p1a: Sinistcha|88/100
|-start|p1a: Sinistcha|Throat Chop|[silent]
|-damage|p2b: Sneasler|84/100|[from] item: Rocky Helmet|[of] p1a: Sinistcha
|move|p2a: Typhlosion|Heat Wave|p1b: Rillaboom|[spread] p1a,p1b
|-supereffective|p1b: Rillaboom
|-damage|p1a: Sinistcha|32/100
|-damage|p1b: Rillaboom|0 fnt
|faint|p1b: Rillaboom
|move|p1a: Sinistcha|Matcha Gotcha|p2b: Sneasler|[spread] p2a,p2b
|-resisted|p2a: Typhlosion
|-resisted|p2b: Sneasler
|-damage|p2a: Typhlosion|50/100
|-heal|p1a: Sinistcha|42/100|[from] drain|[of] p2a: Typhlosion
|-damage|p2b: Sneasler|63/100
|-heal|p1a: Sinistcha|52/100|[from] drain|[of] p2b: Sneasler
|
|-heal|p2b: Sneasler|68/100|[from] Grassy Terrain
|-heal|p2a: Typhlosion|56/100|[from] Grassy Terrain
|-heal|p1a: Sinistcha|58/100|[from] Grassy Terrain
|-fieldend|move: Grassy Terrain
|upkeep
|
|t:|1756154482
|switch|p1b: Sneasler|Sneasler, L50, M|59/100
|turn|7
|
|t:|1756154501
|move|p1b: Sneasler|Protect|p1b: Sneasler
|-singleturn|p1b: Sneasler|Protect
|move|p2b: Sneasler|Close Combat|p1a: Sinistcha
|-supereffective|p1a: Sinistcha
|-damage|p1a: Sinistcha|0 fnt
|-unboost|p2b: Sneasler|def|1
|-unboost|p2b: Sneasler|spd|1
|-damage|p2b: Sneasler|52/100|[from] item: Rocky Helmet|[of] p1a: Sinistcha
|faint|p1a: Sinistcha
|move|p2a: Typhlosion|Heat Wave|p1b: Sneasler
|-activate|p1b: Sneasler|move: Protect
|
|-sideend|p2: spellbreakvgc|move: Tailwind
|upkeep
|turn|8
|
|t:|1756154523
|move|p1b: Sneasler|Dire Claw|p2a: Typhlosion
|-resisted|p2a: Typhlosion
|-damage|p2a: Typhlosion|26/100
|move|p2b: Sneasler|Close Combat|p1b: Sneasler
|-resisted|p1b: Sneasler
|-damage|p1b: Sneasler|9/100
|-unboost|p2b: Sneasler|def|1
|-unboost|p2b: Sneasler|spd|1
|move|p2a: Typhlosion|Heat Wave|p1b: Sneasler
|-damage|p1b: Sneasler|0 fnt
|faint|p1b: Sneasler
|
|win|spellbreakvgc
||ScaleMiss is ready for game 2.
||spellbreakvgc is ready for game 2.
|uhtml|next|Next: Game 2 of 3
