|j|☆kojay
|j|☆Como Se Dice Ben
|html|kojayComo Se Dice Ben    
|uhtml|bestof|Game 1 of a best-of-3
|t:|1756756370
|gametype|doubles
|player|p1|kojay|kamado-armor|
|player|p2|Como Se Dice Ben|toddsnap2|
|gen|9
|tier|[Gen 9] VGC 2025 Reg H (Bo3)
|rule|Species Clause: Limit one of each Pokémon
|rule|Item Clause: Limit 1 of each item
|clearpoke
|poke|p1|Garchomp, L50, M|
|poke|p1|Sneasler, L50, F|
|poke|p1|Incineroar, L50, M|
|poke|p1|Dragonite, L50, F|
|poke|p1|Gholdengo, L50|
|poke|p1|Vivillon, L50, F|
|poke|p2|Baxcalibur, L50, F|
|poke|p2|Weezing-Galar, L50, F|
|poke|p2|Corviknight, L50, F|
|poke|p2|Typhlosion-Hisui, L50, M|
|poke|p2|Toedscruel, L50, F|
|poke|p2|Annihilape, L50, M|
|teampreview|4
|showteam|p1|Garchomp||LifeOrb|RoughSkin|Earthquake,DragonClaw,StompingTantrum,Protect|||M|||50|,,,,,Ground]Sneasler||WhiteHerb|Unburden|Coaching,Protect,DireClaw,CloseCombat|||F|||50|,,,,,Ghost]Incineroar||SafetyGoggles|Intimidate|FakeOut,FlareBlitz,KnockOff,PartingShot|||M|||50|,,,,,Ghost]Dragonite||LoadedDice|InnerFocus|TeraBlast,ScaleShot,Tailwind,Protect|||F|||50|,,,,,Flying]Gholdengo||ChoiceScarf|GoodasGold|MakeItRain,ShadowBall,Trick,Thunderbolt||||||50|,,,,,Steel]Vivillon||FocusSash|CompoundEyes|Hurricane,SleepPowder,RagePowder,Protect|||F|||50|,,,,,Ghost
|showteam|p2|Baxcalibur||LifeOrb|ThermalExchange|GlaiveRush,IcicleCrash,IceShard,Protect|||F|||50|,,,,,Water]Weezing-Galar||ChoiceSpecs|NeutralizingGas|DazzlingGleam,SludgeBomb,StrangeSteam,Flamethrower|||F|||50|,,,,,Flying]Corviknight||SitrusBerry|MirrorArmor|BraveBird,Tailwind,Roost,Protect|||F|||50|,,,,,Dragon]Typhlosion-Hisui||ChoiceScarf|Frisk|Eruption,HeatWave,Overheat,InfernalParade|||M|||50|,,,,,Fire]Toedscruel||CovertCloak|MyceliumMight|Spore,EarthPower,AcidSpray,BulletSeed|||F|||50|,,,,,Water]Annihilape||AssaultVest|Defiant|RageFist,DrainPunch,CloseCombat,FinalGambit|||M|||50|,,,,,Grass
|c|☆Como Se Dice Ben|Okay yes, full intuition!
|c|☆Como Se Dice Ben|Do you want me to play a similar line?
|c|☆Como Se Dice Ben|Or just run it
|c|☆kojay|just run it
|c|☆kojay|how you would normally
|c|☆Como Se Dice Ben|Aight, let's get it
|c|☆kojay|:salute: playing full gut
|
|t:|1756756434
|teamsize|p1|4
|teamsize|p2|4
|start
|switch|p1a: Dragonite|Dragonite, L50, F, shiny|100/100
|switch|p1b: Vivillon|Vivillon, L50, F|100/100
|switch|p2a: Corviknight|Corviknight, L50, F|100/100
|switch|p2b: Typhlosion|Typhlosion-Hisui, L50, M, shiny|100/100
|-item|p1a: Dragonite|Loaded Dice|[from] ability: Frisk|[of] p2b: Typhlosion
|-item|p1b: Vivillon|Focus Sash|[from] ability: Frisk|[of] p2b: Typhlosion
|turn|1
|c|☆Como Se Dice Ben|o7
|c|☆Como Se Dice Ben|Also - this is my Bo1 version of the team
|c|☆Como Se Dice Ben|Sleep Talk is normally over Overheat
|c|☆Como Se Dice Ben|That makes a difference here 100% the more I think about it
|c|☆kojay|gotcha
|c|☆Como Se Dice Ben|But we ball
|
|t:|1756756485
|move|p2b: Typhlosion|Eruption|p1a: Dragonite|[spread] p1a,p1b
|-resisted|p1a: Dragonite
|-supereffective|p1b: Vivillon
|-damage|p1a: Dragonite|65/100
|-enditem|p1b: Vivillon|Focus Sash
|-damage|p1b: Vivillon|1/100
|move|p1b: Vivillon|Sleep Powder|p2a: Corviknight
|-status|p2a: Corviknight|slp|[from] move: Sleep Powder
|move|p1a: Dragonite|Tailwind|p1a: Dragonite
|-sidestart|p1: kojay|move: Tailwind
|cant|p2a: Corviknight|slp
|
|upkeep
|turn|2
|
|t:|1756756516
|switch|p1b: Dalinar|Incineroar, L50, M, shiny|100/100
|-ability|p1b: Dalinar|Intimidate|boost
|-ability|p2a: Corviknight|Mirror Armor
|-unboost|p1b: Dalinar|atk|1
|-unboost|p2b: Typhlosion|atk|1
|-terastallize|p1a: Dragonite|Flying
|move|p1a: Dragonite|Tera Blast|p2b: Typhlosion|[anim] Tera Blast Flying
|-damage|p2b: Typhlosion|15/100
|move|p2b: Typhlosion|Eruption|p1b: Dalinar|[spread] p1a,p1b
|-resisted|p1b: Dalinar
|-crit|p1b: Dalinar
|-damage|p1a: Dragonite|54/100
|-damage|p1b: Dalinar|95/100
|cant|p2a: Corviknight|slp
|
|upkeep
|turn|3
|
|t:|1756756547
|move|p1a: Dragonite|Tera Blast|p2a: Corviknight|[anim] Tera Blast Flying
|-resisted|p2a: Corviknight
|-damage|p2a: Corviknight|72/100 slp
|move|p2b: Typhlosion|Eruption|p1a: Dragonite|[spread] p1a,p1b
|-resisted|p1b: Dalinar
|-damage|p1a: Dragonite|45/100
|-damage|p1b: Dalinar|91/100
|move|p1b: Dalinar|Flare Blitz|p2a: Corviknight
|-supereffective|p2a: Corviknight
|-damage|p2a: Corviknight|4/100 slp
|-enditem|p2a: Corviknight|Sitrus Berry|[eat]
|-heal|p2a: Corviknight|29/100 slp|[from] item: Sitrus Berry
|-damage|p1b: Dalinar|68/100|[from] Recoil
|-curestatus|p2a: Corviknight|slp|[msg]
|move|p2a: Corviknight|Tailwind|p2a: Corviknight
|-sidestart|p2: Como Se Dice Ben|move: Tailwind
|
|upkeep
|turn|4
|
|t:|1756756583
|move|p2a: Corviknight|Protect|p2a: Corviknight
|-singleturn|p2a: Corviknight|Protect
|move|p2b: Typhlosion|Eruption|p1a: Dragonite|[spread] p1a,p1b
|-resisted|p1b: Dalinar
|-damage|p1a: Dragonite|34/100
|-damage|p1b: Dalinar|63/100
|move|p1a: Dragonite|Scale Shot|p2a: Corviknight
|-activate|p2a: Corviknight|move: Protect
|move|p1b: Dalinar|Parting Shot|p2b: Typhlosion
|-unboost|p2b: Typhlosion|atk|1
|-unboost|p2b: Typhlosion|spa|1
|
|t:|1756756591
|switch|p1b: Gholdengo|Gholdengo, L50|100/100|[from] Parting Shot
|
|-sideend|p1: kojay|move: Tailwind
|upkeep
|turn|5
|
|t:|1756756635
|switch|p2a: Annihilape|Annihilape, L50, M, shiny|100/100
|-terastallize|p2b: Typhlosion|Fire
|move|p1a: Dragonite|Protect|p1a: Dragonite
|-singleturn|p1a: Dragonite|Protect
|move|p2b: Typhlosion|Eruption|p1b: Gholdengo|[spread] p1b
|-activate|p1a: Dragonite|move: Protect
|-supereffective|p1b: Gholdengo
|-damage|p1b: Gholdengo|83/100
|move|p1b: Gholdengo|Shadow Ball|p2a: Annihilape
|-supereffective|p2a: Annihilape
|-damage|p2a: Annihilape|42/100
|
|upkeep
|turn|6
|c|☆Como Se Dice Ben|I thought that increased my damage past 60 BP lol
|c|☆Como Se Dice Ben|So I tried it
|c|☆kojay|LOL that would be dope
|c|☆Como Se Dice Ben|RIP
|
|t:|1756756721
|switch|p2b: Corviknight|Corviknight, L50, F|29/100
|move|p2a: Annihilape|Rage Fist|p1a: Dragonite
|-damage|p1a: Dragonite|0 fnt
|faint|p1a: Dragonite
|move|p1b: Gholdengo|Shadow Ball|p2a: Annihilape
|-supereffective|p2a: Annihilape
|-damage|p2a: Annihilape|0 fnt
|faint|p2a: Annihilape
|
|-sideend|p2: Como Se Dice Ben|move: Tailwind
|upkeep
|c|☆kojay|SORRY
|c|☆kojay|had to let inlaws in
|c|☆Como Se Dice Ben|Hehe is ok
|c|☆Como Se Dice Ben|I was talking to Abigale anyways
|c|☆Como Se Dice Ben|Wanna call it for now?
|
|t:|1756756947
|switch|p2a: Baxcalibur|Baxcalibur, L50, F|100/100
|switch|p1a: Vivillon|Vivillon, L50, F|1/100
|turn|7
|c|☆kojay|they stopped by to tell us
|c|☆kojay|they are going to the store
|c|☆kojay|@_@
|c|☆Como Se Dice Ben|BAHAHAHAHA
|c|☆kojay|so im good for another 15~
|c|☆Como Se Dice Ben|I love that for you
|c|☆Como Se Dice Ben|Okay sick
|
|t:|1756756989
|switch|p1a: Dalinar|Incineroar, L50, M, shiny|63/100
|-ability|p1a: Dalinar|Intimidate|boost
|-unboost|p2a: Baxcalibur|atk|1
|-ability|p2b: Corviknight|Mirror Armor
|-unboost|p1a: Dalinar|atk|1
|move|p2a: Baxcalibur|Ice Shard|p1a: Dalinar
|-resisted|p1a: Dalinar
|-damage|p1a: Dalinar|54/100
|-damage|p2a: Baxcalibur|91/100|[from] item: Life Orb
|move|p1b: Gholdengo|Shadow Ball|p2b: Corviknight
|-damage|p2b: Corviknight|0 fnt
|faint|p2b: Corviknight
|
|upkeep
|
|t:|1756757002
|switch|p2b: Typhlosion|Typhlosion-Hisui, L50, M, shiny, tera:Fire|15/100
|-item|p1a: Dalinar|Safety Goggles|[from] ability: Frisk|[of] p2b: Typhlosion
|-item|p1b: Gholdengo|Choice Scarf|[from] ability: Frisk|[of] p2b: Typhlosion
|turn|8
|c|☆Como Se Dice Ben|Nice play
|c|☆kojay|tenk yew
|c|☆Como Se Dice Ben|I figured you'd bring in Incin for the other slot
|
|t:|1756757028
|move|p1a: Dalinar|Fake Out|p2b: Typhlosion
|-damage|p2b: Typhlosion|3/100
|cant|p2b: Typhlosion|flinch
|move|p1b: Gholdengo|Shadow Ball|p2b: Typhlosion
|-damage|p2b: Typhlosion|0 fnt
|faint|p2b: Typhlosion
|move|p2a: Baxcalibur|Icicle Crash|p1b: Gholdengo
|-resisted|p1b: Gholdengo
|-damage|p1b: Gholdengo|56/100
|-damage|p2a: Baxcalibur|81/100|[from] item: Life Orb
|
|upkeep
|turn|9
|
|t:|1756757041
|move|p1b: Gholdengo|Shadow Ball|p2a: Baxcalibur
|-damage|p2a: Baxcalibur|29/100
|-unboost|p2a: Baxcalibur|spd|1
|move|p2a: Baxcalibur|Glaive Rush|p1a: Dalinar
|-damage|p1a: Dalinar|0 fnt
|-singlemove|p2a: Baxcalibur|Glaive Rush|[silent]
|faint|p1a: Dalinar
|-damage|p2a: Baxcalibur|20/100|[from] item: Life Orb
|
|upkeep
|
|t:|1756757044
|switch|p1a: Vivillon|Vivillon, L50, F|1/100
|turn|10
|
|t:|1756757049
|move|p1a: Vivillon|Rage Powder|p1a: Vivillon
|-singleturn|p1a: Vivillon|move: Rage Powder
|move|p1b: Gholdengo|Shadow Ball|p2a: Baxcalibur
|-damage|p2a: Baxcalibur|0 fnt
|faint|p2a: Baxcalibur
|
|win|kojay
||kojay is ready for game 2.
||Como Se Dice Ben is ready for game 2.
|uhtml|next|Next: Game 2 of 3
