|j|☆trompanueva
|j|☆beckybug
|html|trompanuevabeckybug    
|uhtml|bestof|Game 2 of a best-of-3
|t:|1784218931
|gametype|doubles
|player|p1|trompanueva|tate|1298
|player|p2|beckybug|briar|1370
|gen|9
|tier|[Gen 9 Champions] VGC 2026 Reg M-B (Bo3)
|rated|
|rule|Species Clause: Limit one of each Pokémon
|rule|Item Clause: Limit 1 of each item
|clearpoke
|poke|p1|Grimmsnarl, L50, M|
|poke|p1|Pelipper, L50, M|
|poke|p1|Archaludon, L50, M|
|poke|p1|Basculegion, L50, M|
|poke|p1|Venusaur, L50, M|
|poke|p1|Charizard, L50, F|
|poke|p2|Charizard, L50, M|
|poke|p2|Venusaur, L50, F|
|poke|p2|Pelipper, L50, F|
|poke|p2|Archaludon, L50, F|
|poke|p2|Grimmsnarl, L50, M|
|poke|p2|Basculegion, L50, M|
|teampreview|4
|showteam|p1|Grimmsnarl||LightClay|Prankster|SpiritBreak,Reflect,LightScreen,PartingShot|Sassy||M|||50|]Pelipper||SitrusBerry|Drizzle|Hurricane,WeatherBall,Tailwind,WideGuard|Modest||M|||50|]Archaludon||Leftovers|Stamina|Protect,ElectroShot,DragonPulse,FlashCannon|Calm||M|||50|]Basculegion||ChoiceScarf|Adaptability|FlipTurn,WaveCrash,AquaJet,LastRespects|Jolly||M|||50|]Venusaur||FocusSash|Chlorophyll|Protect,SleepPowder,SludgeBomb,EarthPower|Modest||M|||50|]Charizard||CharizarditeY|Blaze|HeatWave,SolarBeam,WeatherBall,Protect|Modest||F|||50|
|showteam|p2|Charizard||CharizarditeY|Blaze|WeatherBall,HeatWave,SolarBeam,Protect|Modest||M|||50|]Venusaur||FocusSash|Chlorophyll|SludgeBomb,EarthPower,SleepPowder,Protect|Modest||F|||50|]Pelipper||SitrusBerry|Drizzle|WeatherBall,Hurricane,Tailwind,Protect|Modest||F|||50|]Archaludon||Leftovers|Stamina|FlashCannon,DragonPulse,ElectroShot,Protect|Calm||F|||50|]Grimmsnarl||LightClay|Prankster|SpiritBreak,PartingShot,Reflect,LightScreen|Sassy||M|||50|]Basculegion||ChoiceScarf|Adaptability|WaveCrash,LastRespects,AquaJet,FlipTurn|Jolly||M|||50|
|inactive|Battle timer is ON: inactive players will automatically lose when time's up. (requested by trompanueva)
|
|t:|1784218972
|teamsize|p1|4
|teamsize|p2|4
|start
|switch|p1a: Grimmsnarl|Grimmsnarl, L50, M|100/100
|switch|p1b: Charizard|Charizard, L50, F|100/100
|switch|p2a: Charizard|Charizard, L50, M|100/100
|switch|p2b: Grimmsnarl|Grimmsnarl, L50, M|100/100
|turn|1
|inactive|beckybug has 30 seconds left.
|
|t:|1784219007
|detailschange|p1b: Charizard|Charizard-Mega-Y, L50, F
|-mega|p1b: Charizard|Charizard|Charizardite Y
|-weather|SunnyDay|[from] ability: Drought|[of] p1b: Charizard
|detailschange|p2a: Charizard|Charizard-Mega-Y, L50, M
|-mega|p2a: Charizard|Charizard|Charizardite Y
|move|p2a: Charizard|Protect|p2a: Charizard
|-singleturn|p2a: Charizard|Protect
|move|p2b: Grimmsnarl|Light Screen|p2b: Grimmsnarl
|-sidestart|p2: beckybug|move: Light Screen
|move|p1a: Grimmsnarl|Parting Shot|p2a: Charizard
|-activate|p2a: Charizard|move: Protect
|move|p1b: Charizard|Weather Ball|p2a: Charizard
|-activate|p2a: Charizard|move: Protect
|
|-weather|SunnyDay|[upkeep]
|upkeep
|turn|2
|inactive|beckybug has 30 seconds left.
|
|t:|1784219033
|switch|p1b: Pelipper|Pelipper, L50, M|100/100
|-weather|RainDance|[from] ability: Drizzle|[of] p1b: Pelipper
|switch|p2a: Pelipper|Pelipper, L50, F|100/100
|move|p1a: Grimmsnarl|Light Screen|p1a: Grimmsnarl
|-sidestart|p1: trompanueva|move: Light Screen
|move|p2b: Grimmsnarl|Spirit Break|p1a: Grimmsnarl
|-supereffective|p1a: Grimmsnarl|1
|-damage|p1a: Grimmsnarl|30/100
|-unboost|p1a: Grimmsnarl|spa|1
|
|-weather|RainDance|[upkeep]
|upkeep
|turn|3
|
|t:|1784219054
|move|p1a: Grimmsnarl|Parting Shot|p2a: Pelipper
|-unboost|p2a: Pelipper|atk|1
|-unboost|p2a: Pelipper|spa|1
|
|t:|1784219057
|switch|p1a: Charizard|Charizard-Mega-Y, L50, F|100/100|[from] Parting Shot
|-weather|SunnyDay|[from] ability: Drought|[of] p1a: Charizard
|move|p2a: Pelipper|Tailwind|p2a: Pelipper
|-sidestart|p2: beckybug|move: Tailwind
|move|p2b: Grimmsnarl|Spirit Break|p1b: Pelipper
|-damage|p1b: Pelipper|65/100
|-unboost|p1b: Pelipper|spa|1
|move|p1b: Pelipper|Tailwind|p1b: Pelipper
|-sidestart|p1: trompanueva|move: Tailwind
|
|-weather|SunnyDay|[upkeep]
|upkeep
|turn|4
|
|t:|1784219078
|switch|p1b: Archaludon|Archaludon, L50, M|100/100
|move|p1a: Charizard|Heat Wave|p2a: Pelipper|[spread] p2a,p2b
|-resisted|p2a: Pelipper|1
|-damage|p2a: Pelipper|73/100
|-damage|p2b: Grimmsnarl|61/100
|move|p2a: Pelipper|Weather Ball|p1b: Archaludon
|-damage|p1b: Archaludon|83/100
|-ability|p1b: Archaludon|Stamina|boost
|-boost|p1b: Archaludon|def|1
|move|p2b: Grimmsnarl|Spirit Break|p1b: Archaludon
|-damage|p1b: Archaludon|67/100
|-unboost|p1b: Archaludon|spa|1
|-ability|p1b: Archaludon|Stamina|boost
|-boost|p1b: Archaludon|def|1
|
|-weather|SunnyDay|[upkeep]
|-heal|p1b: Archaludon|73/100|[from] item: Leftovers
|upkeep
|turn|5
|inactive|trompanueva has 30 seconds left.
|
|t:|1784219113
|move|p1a: Charizard|Heat Wave|p2b: Grimmsnarl|[spread] p2a,p2b
|-resisted|p2a: Pelipper|1
|-damage|p2a: Pelipper|48/100
|-damage|p2b: Grimmsnarl|27/100
|-status|p2b: Grimmsnarl|brn
|-enditem|p2a: Pelipper|Sitrus Berry|[eat]
|-heal|p2a: Pelipper|73/100|[from] item: Sitrus Berry
|move|p1b: Archaludon|Flash Cannon|p2b: Grimmsnarl
|-supereffective|p2b: Grimmsnarl|1
|-damage|p2b: Grimmsnarl|1/100 brn
|move|p2a: Pelipper|Weather Ball|p1a: Charizard
|-resisted|p1a: Charizard|1
|-damage|p1a: Charizard|91/100
|move|p2b: Grimmsnarl|Spirit Break|p1a: Charizard
|-resisted|p1a: Charizard|1
|-damage|p1a: Charizard|83/100
|-unboost|p1a: Charizard|spa|1
|
|-weather|SunnyDay|[upkeep]
|-heal|p1b: Archaludon|80/100|[from] item: Leftovers
|-damage|p2b: Grimmsnarl|0 fnt|[from] brn
|faint|p2b: Grimmsnarl
|upkeep
|inactive|beckybug has 30 seconds left.
|
|t:|1784219138
|switch|p2b: Venusaur|Venusaur, L50, F|100/100
|turn|6
|
|t:|1784219154
|switch|p2a: Charizard|Charizard-Mega-Y, L50, M|100/100
|move|p2b: Venusaur|Sleep Powder|p1a: Charizard
|-status|p1a: Charizard|slp|[from] move: Sleep Powder
|cant|p1a: Charizard|slp
|move|p1b: Archaludon|Dragon Pulse|p2a: Charizard
|-damage|p2a: Charizard|84/100
|
|-weather|SunnyDay|[upkeep]
|-heal|p1b: Archaludon|86/100|[from] item: Leftovers
|-sideend|p2: beckybug|move: Tailwind
|-sideend|p1: trompanueva|move: Tailwind
|upkeep
|turn|7
|
|t:|1784219170
|switch|p1a: Pelipper|Pelipper, L50, M|65/100
|-weather|RainDance|[from] ability: Drizzle|[of] p1a: Pelipper
|move|p2a: Charizard|Heat Wave|p1a: Pelipper|[spread] p1a,p1b
|-resisted|p1a: Pelipper|1
|-damage|p1a: Pelipper|58/100
|-damage|p1b: Archaludon|73/100
|-ability|p1b: Archaludon|Stamina|boost
|-boost|p1b: Archaludon|def|1
|move|p2b: Venusaur|Earth Power|p1b: Archaludon
|-supereffective|p1b: Archaludon|1
|-damage|p1b: Archaludon|42/100
|-ability|p1b: Archaludon|Stamina|boost
|-boost|p1b: Archaludon|def|1
|move|p1b: Archaludon|Electro Shot||[still]
|-prepare|p1b: Archaludon|Electro Shot
|-boost|p1b: Archaludon|spa|1
|-anim|p1b: Archaludon|Electro Shot|p2a: Charizard
|-supereffective|p2a: Charizard|1
|-damage|p2a: Charizard|44/100
|
|-weather|RainDance|[upkeep]
|-heal|p1b: Archaludon|48/100|[from] item: Leftovers
|upkeep
|turn|8
|inactive|trompanueva has 30 seconds left.
|inactive|beckybug has 30 seconds left.
|
|t:|1784219201
|move|p2a: Charizard|Protect|p2a: Charizard
|-singleturn|p2a: Charizard|Protect
|move|p2b: Venusaur|Sleep Powder|p1a: Pelipper
|-status|p1a: Pelipper|slp|[from] move: Sleep Powder
|move|p1b: Archaludon|Electro Shot||[still]
|-prepare|p1b: Archaludon|Electro Shot
|-boost|p1b: Archaludon|spa|1
|-anim|p1b: Archaludon|Electro Shot|p2a: Charizard
|-activate|p2a: Charizard|move: Protect
|cant|p1a: Pelipper|slp
|
|-weather|RainDance|[upkeep]
|-heal|p1b: Archaludon|55/100|[from] item: Leftovers
|-sideend|p2: beckybug|move: Light Screen
|upkeep
|turn|9
|
|t:|1784219222
|move|p2a: Charizard|Heat Wave|p1a: Pelipper|[spread] p1a,p1b
|-resisted|p1a: Pelipper|1
|-crit|p1a: Pelipper
|-damage|p1a: Pelipper|38/100 slp
|-damage|p1b: Archaludon|42/100
|-ability|p1b: Archaludon|Stamina|boost
|-boost|p1b: Archaludon|def|1
|-enditem|p1a: Pelipper|Sitrus Berry|[eat]
|-heal|p1a: Pelipper|62/100 slp|[from] item: Sitrus Berry
|move|p2b: Venusaur|Sleep Powder|p1b: Archaludon
|-status|p1b: Archaludon|slp|[from] move: Sleep Powder
|cant|p1b: Archaludon|slp
|-curestatus|p1a: Pelipper|slp|[msg]
|move|p1a: Pelipper|Tailwind|p1a: Pelipper
|-sidestart|p1: trompanueva|move: Tailwind
|
|-weather|RainDance|[upkeep]
|-heal|p1b: Archaludon|48/100 slp|[from] item: Leftovers
|-sideend|p1: trompanueva|move: Light Screen
|upkeep
|turn|10
|
|t:|1784219241
|switch|p2a: Pelipper|Pelipper, L50, F|73/100
|cant|p1b: Archaludon|slp
|move|p1a: Pelipper|Hurricane|p2b: Venusaur
|-supereffective|p2b: Venusaur|1
|-damage|p2b: Venusaur|8/100
|move|p2b: Venusaur|Earth Power|p1b: Archaludon
|-supereffective|p1b: Archaludon|1
|-damage|p1b: Archaludon|0 fnt
|faint|p1b: Archaludon
|
|-weather|RainDance|[upkeep]
|upkeep
|inactive|trompanueva has 30 seconds left.
|
|t:|1784219268
|switch|p1b: Charizard|Charizard-Mega-Y, L50, F|83/100 slp
|-weather|SunnyDay|[from] ability: Drought|[of] p1b: Charizard
|turn|11
|
|t:|1784219287
|-curestatus|p1b: Charizard|slp|[msg]
|move|p1b: Charizard|Heat Wave|p2a: Pelipper|[spread] p2a,p2b
|-resisted|p2a: Pelipper|1
|-supereffective|p2b: Venusaur|1
|-damage|p2a: Pelipper|37/100
|-damage|p2b: Venusaur|0 fnt
|faint|p2b: Venusaur
|move|p1a: Pelipper|Weather Ball|p2a: Pelipper
|-resisted|p2a: Pelipper|1
|-damage|p2a: Pelipper|14/100
|move|p2a: Pelipper|Tailwind|p2a: Pelipper
|-sidestart|p2: beckybug|move: Tailwind
|
|-weather|SunnyDay|[upkeep]
|upkeep
|
|t:|1784219298
|switch|p2b: Charizard|Charizard-Mega-Y, L50, M|44/100
|turn|12
|
|t:|1784219303
|switch|p1a: Grimmsnarl|Grimmsnarl, L50, M|30/100
|move|p2b: Charizard|Protect|p2b: Charizard
|-singleturn|p2b: Charizard|Protect
|move|p2a: Pelipper|Protect|p2a: Pelipper
|-singleturn|p2a: Pelipper|Protect
|move|p1b: Charizard|Heat Wave|p2a: Pelipper|[spread] 
|-activate|p2a: Pelipper|move: Protect
|-activate|p2b: Charizard|move: Protect
|
|-weather|SunnyDay|[upkeep]
|-sideend|p1: trompanueva|move: Tailwind
|upkeep
|turn|13
|
|t:|1784219319
|move|p1a: Grimmsnarl|Light Screen|p1a: Grimmsnarl
|-sidestart|p1: trompanueva|move: Light Screen
|move|p2b: Charizard|Weather Ball|p1b: Charizard
|-resisted|p1b: Charizard|1
|-damage|p1b: Charizard|54/100
|move|p2a: Pelipper|Hurricane|p1a: Grimmsnarl
|-damage|p1a: Grimmsnarl|7/100
|-start|p1a: Grimmsnarl|confusion
|move|p1b: Charizard|Weather Ball|p2a: Pelipper
|-resisted|p2a: Pelipper|1
|-damage|p2a: Pelipper|0 fnt
|faint|p2a: Pelipper
|
|-weather|SunnyDay|[upkeep]
|upkeep
|turn|14
|
|t:|1784219337
|move|p2b: Charizard|Heat Wave|p1b: Charizard|[spread] p1a,p1b
|-resisted|p1b: Charizard|1
|-damage|p1a: Grimmsnarl|0 fnt
|-damage|p1b: Charizard|35/100
|faint|p1a: Grimmsnarl
|move|p1b: Charizard|Weather Ball|p2b: Charizard
|-resisted|p2b: Charizard|1
|-damage|p2b: Charizard|5/100
|
|-weather|SunnyDay|[upkeep]
|-sideend|p2: beckybug|move: Tailwind
|upkeep
|
|t:|1784219346
|switch|p1a: Pelipper|Pelipper, L50, M|62/100
|-weather|RainDance|[from] ability: Drizzle|[of] p1a: Pelipper
|turn|15
|-message|beckybug forfeited.
|
|win|trompanueva
|raw|trompanueva's rating: 1298 → 1328(+30 for winning)
|raw|beckybug's rating: 1370 → 1346(-24 for losing)
|l|☆beckybug
|player|p2|
