|j|☆redx50
|j|☆sergio aguero
|html|redx50sergio aguero    
|uhtml|bestof|Game 1 of a best-of-3
|t:|1783548219
|gametype|doubles
|player|p1|redx50|red|1351
|player|p2|sergio aguero|#rbtt9phantoms2|1506
|gen|9
|tier|[Gen 9 Champions] VGC 2026 Reg M-B (Bo3)
|rated|
|rule|Species Clause: Limit one of each Pokémon
|rule|Item Clause: Limit 1 of each item
|clearpoke
|poke|p1|Raichu, L50, M|
|poke|p1|Ninetales-Alola, L50, F|
|poke|p1|Hydreigon, L50, M|
|poke|p1|Arcanine-Hisui, L50, M|
|poke|p1|Tinkaton, L50, F, shiny|
|poke|p1|Tsareena, L50, F|
|poke|p2|Sneasler, L50, M|
|poke|p2|Blastoise, L50, M|
|poke|p2|Kingambit, L50, M|
|poke|p2|Incineroar, L50, M|
|poke|p2|Delphox, L50, F|
|poke|p2|Sinistcha, L50|
|teampreview|4
|showteam|p1|Raichu||RaichuniteY|LightningRod|ZapCannon,VoltSwitch,Protect,FocusBlast|Timid||M|||50|]Ninetales-Alola||FocusSash|SnowWarning|Protect,Blizzard,IcyWind,FreezeDry|Timid||F|||50|]Hydreigon||ChoiceScarf|Levitate|DracoMeteor,DarkPulse,Snarl,EarthPower|Modest||M|||50|]Arcanine-Hisui||LifeOrb|RockHead|RockSlide,FlareBlitz,ExtremeSpeed,Protect|Adamant||M|||50|]Tinkaton||SitrusBerry|MoldBreaker|FakeOut,PlayRough,Feint,GigatonHammer|Adamant||F|||50|]Tsareena||MiracleSeed|QueenlyMajesty|Taunt,HelpingHand,TropKick,LowKick|Adamant||F|||50|
|showteam|p2|Sneasler||FocusSash|PoisonTouch|PoisonJab,CloseCombat,FakeOut,QuickGuard|Jolly||M|||50|]Blastoise||Blastoisinite|RainDish|DarkPulse,WaterSpout,ShellSmash,Protect|Modest||M|||50|]Kingambit||BlackGlasses|Defiant|KowtowCleave,SuckerPunch,SwordsDance,Protect|Adamant||M|||50|]Incineroar||SitrusBerry|Intimidate|FlareBlitz,HelpingHand,PartingShot,FakeOut|Careful||M|||50|]Delphox||Delphoxite|Blaze|HeatWave,NastyPlot,Psyshock,Protect|Modest||F|||50|]Sinistcha||KasibBerry|Hospitality|MatchaGotcha,RagePowder,TrickRoom,Protect|Bold|||||50|
|inactive|Battle timer is ON: inactive players will automatically lose when time's up. (requested by redx50)
|inactive|sergio aguero has 60 seconds left.
|
|t:|1783548253
|teamsize|p1|4
|teamsize|p2|4
|start
|switch|p1a: Tsareena|Tsareena, L50, F|100/100
|switch|p1b: Raichu|Raichu, L50, M|100/100
|switch|p2a: Blastoise|Blastoise, L50, M|100/100
|switch|p2b: Sneasler|Sneasler, L50, M|100/100
|turn|1
|
|t:|1783548273
|switch|p2b: Sinistcha|Sinistcha, L50|100/100
|switch|p2a: Incineroar|Incineroar, L50, M|100/100
|-ability|p2a: Incineroar|Intimidate|boost
|-unboost|p1a: Tsareena|atk|1
|-unboost|p1b: Raichu|atk|1
|detailschange|p1b: Raichu|Raichu-Mega-Y, L50, M
|-mega|p1b: Raichu|Raichu|Raichunite Y
|move|p1b: Raichu|Zap Cannon|p2b: Sinistcha
|-resisted|p2b: Sinistcha|1
|-damage|p2b: Sinistcha|69/100
|-status|p2b: Sinistcha|par
|move|p1a: Tsareena|Trop Kick|p2b: Sinistcha
|-resisted|p2b: Sinistcha|1
|-damage|p2b: Sinistcha|54/100 par
|-unboost|p2b: Sinistcha|atk|1
|
|upkeep
|turn|2
|inactive|redx50 has 30 seconds left.
|
|t:|1783548300
|switch|p1a: Arcanine|Arcanine-Hisui, L50, M|100/100
|move|p1b: Raichu|Volt Switch|p2a: Incineroar
|-damage|p2a: Incineroar|67/100
|
|t:|1783548310
|switch|p1b: Tsareena|Tsareena, L50, F|100/100|[from] Volt Switch
|move|p2a: Incineroar|Flare Blitz|p1a: Arcanine
|-resisted|p1a: Arcanine|2
|-damage|p1a: Arcanine|85/100
|-damage|p2a: Incineroar|63/100|[from] Recoil
|move|p2b: Sinistcha|Matcha Gotcha|p1b: Tsareena|[spread] p1a,p1b
|-resisted|p1b: Tsareena|1
|-damage|p1a: Arcanine|55/100
|-heal|p2b: Sinistcha|69/100 par|[from] drain|[of] p1a: Arcanine
|-damage|p1b: Tsareena|88/100
|-heal|p2b: Sinistcha|75/100 par|[from] drain|[of] p1b: Tsareena
|
|upkeep
|turn|3
|
|t:|1783548330
|switch|p2a: Sneasler|Sneasler, L50, M|100/100
|move|p1b: Tsareena|Helping Hand|p1a: Arcanine
|-singleturn|p1a: Arcanine|Helping Hand|[of] p1b: Tsareena
|move|p2b: Sinistcha|Protect|p2b: Sinistcha
|-singleturn|p2b: Sinistcha|Protect
|move|p1a: Arcanine|Rock Slide|p2a: Sneasler|[spread] p2a
|-activate|p2b: Sinistcha|move: Protect
|-resisted|p2a: Sneasler|1
|-damage|p2a: Sneasler|47/100
|-damage|p1a: Arcanine|45/100|[from] item: Life Orb
|
|upkeep
|turn|4
|
|t:|1783548345
|switch|p2b: Incineroar|Incineroar, L50, M|63/100
|-ability|p2b: Incineroar|Intimidate|boost
|-unboost|p1a: Arcanine|atk|1
|-unboost|p1b: Tsareena|atk|1
|move|p1a: Arcanine|Extreme Speed|p2a: Sneasler
|-damage|p2a: Sneasler|6/100
|-damage|p1a: Arcanine|35/100|[from] item: Life Orb
|move|p2a: Sneasler|Poison Jab|p1b: Tsareena
|-supereffective|p1b: Tsareena|1
|-crit|p1b: Tsareena
|-damage|p1b: Tsareena|0 fnt
|faint|p1b: Tsareena
|
|upkeep
|
|t:|1783548358
|switch|p1b: Raichu|Raichu-Mega-Y, L50, M|100/100
|turn|5
|inactive|sergio aguero has 30 seconds left.
|
|t:|1783548392
|switch|p2a: Sinistcha|Sinistcha, L50|75/100 par
|-heal|p2b: Incineroar|88/100|[from] ability: Hospitality|[of] p2a: Sinistcha
|move|p1b: Raichu|Protect|p1b: Raichu
|-singleturn|p1b: Raichu|Protect
|move|p1a: Arcanine|Protect|p1a: Arcanine
|-singleturn|p1a: Arcanine|Protect
|move|p2b: Incineroar|Parting Shot|p1b: Raichu
|-activate|p1b: Raichu|move: Protect
|
|upkeep
|turn|6
|inactive|sergio aguero has 30 seconds left.
|
|t:|1783548420
|move|p1b: Raichu|Volt Switch|p2b: Incineroar
|-damage|p2b: Incineroar|53/100
|
|t:|1783548422
|switch|p1b: Hydreigon|Hydreigon, L50, M|100/100|[from] Volt Switch
|move|p1a: Arcanine|Flare Blitz|p2a: Sinistcha
|-supereffective|p2a: Sinistcha|1
|-damage|p2a: Sinistcha|0 fnt
|faint|p2a: Sinistcha
|-damage|p1a: Arcanine|25/100|[from] item: Life Orb
|move|p2b: Incineroar|Parting Shot|p1b: Hydreigon
|-unboost|p1b: Hydreigon|atk|1
|-unboost|p1b: Hydreigon|spa|1
|
|t:|1783548429
|switch|p2b: Blastoise|Blastoise, L50, M|100/100|[from] Parting Shot
|
|upkeep
|
|t:|1783548430
|switch|p2a: Incineroar|Incineroar, L50, M|53/100
|-ability|p2a: Incineroar|Intimidate|boost
|-unboost|p1a: Arcanine|atk|1
|-unboost|p1b: Hydreigon|atk|1
|turn|7
|
|t:|1783548439
|detailschange|p2b: Blastoise|Blastoise-Mega, L50, M
|-mega|p2b: Blastoise|Blastoise|Blastoisinite
|move|p2a: Incineroar|Fake Out|p1b: Hydreigon
|-damage|p1b: Hydreigon|87/100
|cant|p1b: Hydreigon|flinch
|move|p1a: Arcanine|Rock Slide|p2b: Blastoise|[spread] p2a,p2b
|-supereffective|p2a: Incineroar|1
|-damage|p2a: Incineroar|13/100
|-damage|p2b: Blastoise|81/100
|-enditem|p2a: Incineroar|Sitrus Berry|[eat]
|-heal|p2a: Incineroar|38/100|[from] item: Sitrus Berry
|-damage|p1a: Arcanine|15/100|[from] item: Life Orb
|move|p2b: Blastoise|Shell Smash|p2b: Blastoise
|-unboost|p2b: Blastoise|def|1
|-unboost|p2b: Blastoise|spd|1
|-boost|p2b: Blastoise|atk|2
|-boost|p2b: Blastoise|spa|2
|-boost|p2b: Blastoise|spe|2
|
|upkeep
|turn|8
|inactive|sergio aguero has 30 seconds left.
|
|t:|1783548468
|move|p2b: Blastoise|Protect|p2b: Blastoise
|-singleturn|p2b: Blastoise|Protect
|move|p1a: Arcanine|Protect|p1a: Arcanine
|-singleturn|p1a: Arcanine|Protect
|move|p1b: Hydreigon|Snarl|p2a: Incineroar|[spread] p2a
|-activate|p2b: Blastoise|move: Protect
|-resisted|p2a: Incineroar|1
|-damage|p2a: Incineroar|32/100
|-unboost|p2a: Incineroar|spa|1
|move|p2a: Incineroar|Flare Blitz|p1b: Hydreigon
|-resisted|p1b: Hydreigon|1
|-damage|p1b: Hydreigon|60/100
|-damage|p2a: Incineroar|25/100|[from] Recoil
|
|upkeep
|turn|9
|
|t:|1783548476
|move|p2a: Incineroar|Helping Hand|p2b: Blastoise
|-singleturn|p2b: Blastoise|Helping Hand|[of] p2a: Incineroar
|move|p1a: Arcanine|Extreme Speed|p2b: Blastoise
|-damage|p2b: Blastoise|52/100
|-damage|p1a: Arcanine|5/100|[from] item: Life Orb
|move|p2b: Blastoise|Water Spout|p1a: Arcanine|[spread] p1a,p1b
|-supereffective|p1a: Arcanine|2
|-resisted|p1b: Hydreigon|1
|-damage|p1a: Arcanine|0 fnt
|-damage|p1b: Hydreigon|4/100
|faint|p1a: Arcanine
|move|p1b: Hydreigon|Snarl|p2b: Blastoise|[spread] p2a,p2b
|-resisted|p2a: Incineroar|1
|-damage|p2a: Incineroar|19/100
|-damage|p2b: Blastoise|27/100
|-unboost|p2a: Incineroar|spa|1
|-unboost|p2b: Blastoise|spa|1
|
|upkeep
|
|t:|1783548484
|switch|p1a: Raichu|Raichu-Mega-Y, L50, M|100/100
|turn|10
|
|t:|1783548495
|move|p2b: Blastoise|Protect|p2b: Blastoise
|-singleturn|p2b: Blastoise|Protect
|move|p1b: Hydreigon|Snarl|p2b: Blastoise|[spread] p2a
|-activate|p2b: Blastoise|move: Protect
|-resisted|p2a: Incineroar|1
|-damage|p2a: Incineroar|13/100
|-unboost|p2a: Incineroar|spa|1
|move|p1a: Raichu|Zap Cannon|p2a: Incineroar
|-damage|p2a: Incineroar|0 fnt
|faint|p2a: Incineroar
|
|upkeep
|
|t:|1783548497
|switch|p2a: Sneasler|Sneasler, L50, M|6/100
|turn|11
|
|t:|1783548507
|move|p2a: Sneasler|Fake Out|p1b: Hydreigon
|-damage|p1b: Hydreigon|0 fnt
|faint|p1b: Hydreigon
|move|p2b: Blastoise|Dark Pulse|p1a: Raichu
|-damage|p1a: Raichu|0 fnt
|faint|p1a: Raichu
|
|win|sergio aguero
||redx50 is ready for game 2.
