|j|☆Viva Las VGC
|j|☆Davy-Kai
|html|Viva Las VGCDavy-Kai    
|uhtml|bestof|Game 2 of a best-of-3
|t:|1756152552
|gametype|doubles
|player|p1|Viva Las VGC|170|1031
|player|p2|Davy-Kai|ethan|1059
|gen|9
|tier|[Gen 9] VGC 2025 Reg H (Bo3)
|rated|
|rule|Species Clause: Limit one of each Pokémon
|rule|Item Clause: Limit 1 of each item
|clearpoke
|poke|p1|Smeargle, L50, M|
|poke|p1|Volcarona, L50, M|
|poke|p1|Baxcalibur, L50, F|
|poke|p1|Primarina, L50, F|
|poke|p1|Sinistcha, L50|
|poke|p1|Kingambit, L50, F|
|poke|p2|Archaludon, L50, F|
|poke|p2|Kingdra, L50, F|
|poke|p2|Politoed, L50, F|
|poke|p2|Incineroar, L50, M|
|poke|p2|Gothitelle, L50, F|
|poke|p2|Amoonguss, L50, F|
|teampreview|4
|showteam|p1|Smeargle||FocusSash|Moody|Decorate,Spore,FakeOut,FollowMe|||M|||50|,,,,,Ghost]Volcarona||CovertCloak|FlameBody|HeatWave,TeraBlast,QuiverDance,Protect|||M|||50|,,,,,Fairy]Baxcalibur||LoadedDice|ThermalExchange|IcicleSpear,ScaleShot,IceShard,Protect|||F|||50|,,,,,Ghost]Primarina||MysticWater|LiquidVoice|HyperVoice,Moonblast,Haze,Protect|||F|||50|,,,,,Poison]Sinistcha||SitrusBerry|Hospitality|MatchaGotcha,TrickRoom,RagePowder,ShadowBall||||||50|,,,,,Fairy]Kingambit||AssaultVest|Defiant|KowtowCleave,SuckerPunch,IronHead,LowKick|||F|||50|,,,,,Flying
|showteam|p2|Archaludon||PowerHerb|Sturdy|Protect,ElectroShot,FlashCannon,DragonPulse|||F|||50|,,,,,Electric]Kingdra||LifeOrb|SwiftSwim|Protect,DracoMeteor,WeatherBall,Disable|||F|||50|,,,,,Stellar]Politoed||Leftovers|Drizzle|Protect,WeatherBall,PerishSong,Encore|||F|||50|,,,,,Grass]Incineroar||RockyHelmet|Intimidate|FakeOut,KnockOff,PartingShot,Protect|||M|||50|,,,,,Ghost]Gothitelle||SitrusBerry|ShadowTag|Protect,Psychic,FakeOut,TrickRoom|||F|||50|,,,,,Dark]Amoonguss||EjectButton|Regenerator|Protect,RagePowder,Spore,PollenPuff|||F|||50|,,,,,Fairy
|inactive|Battle timer is ON: inactive players will automatically lose when time's up. (requested by Davy-Kai)
|inactive|Davy-Kai has 60 seconds left.
|inactive|Davy-Kai has 30 seconds left.
|inactive|Davy-Kai has 20 seconds left.
|
|t:|1756152624
|teamsize|p1|4
|teamsize|p2|4
|start
|switch|p1a: Baxcalibur|Baxcalibur, L50, F|100/100
|switch|p1b: Smeargle|Smeargle, L50, M|100/100
|switch|p2a: Incineroar|Incineroar, L50, M|100/100
|switch|p2b: Archaludon|Archaludon, L50, F|100/100
|-ability|p2a: Incineroar|Intimidate|boost
|-unboost|p1a: Baxcalibur|atk|1
|-unboost|p1b: Smeargle|atk|1
|turn|1
|inactive|Viva Las VGC has 30 seconds left.
|inactive|Viva Las VGC has 20 seconds left.
|
|t:|1756152662
|-terastallize|p1a: Baxcalibur|Ghost
|-terastallize|p2a: Incineroar|Ghost
|move|p1b: Smeargle|Fake Out|p2b: Archaludon
|-resisted|p2b: Archaludon
|-damage|p2b: Archaludon|99/100
|move|p2a: Incineroar|Fake Out|p1a: Baxcalibur
|-immune|p1a: Baxcalibur
|move|p1a: Baxcalibur|Scale Shot|p2b: Archaludon
|-damage|p2b: Archaludon|92/100
|-damage|p2b: Archaludon|85/100
|-damage|p2b: Archaludon|78/100
|-damage|p2b: Archaludon|70/100
|-hitcount|p2b: Archaludon|4
|-unboost|p1a: Baxcalibur|def|1
|-boost|p1a: Baxcalibur|spe|1
|cant|p2b: Archaludon|flinch
|
|-ability|p1b: Smeargle|Moody|boost
|-boost|p1b: Smeargle|spe|2
|-unboost|p1b: Smeargle|spa|1
|upkeep
|turn|2
|inactive|Viva Las VGC has 30 seconds left.
|
|t:|1756152688
|move|p1b: Smeargle|Spore|p2a: Incineroar
|-status|p2a: Incineroar|slp|[from] move: Spore
|move|p1a: Baxcalibur|Icicle Spear|p2b: Archaludon
|-damage|p2b: Archaludon|63/100
|-damage|p2b: Archaludon|56/100
|-damage|p2b: Archaludon|49/100
|-damage|p2b: Archaludon|42/100
|-hitcount|p2b: Archaludon|4
|move|p2b: Archaludon|Electro Shot||[still]
|-prepare|p2b: Archaludon|Electro Shot
|-boost|p2b: Archaludon|spa|1
|-enditem|p2b: Archaludon|Power Herb
|-anim|p2b: Archaludon|Electro Shot|p1b: Smeargle
|-enditem|p1b: Smeargle|Focus Sash
|-damage|p1b: Smeargle|1/100
|cant|p2a: Incineroar|slp
|
|-ability|p1b: Smeargle|Moody|boost
|-boost|p1b: Smeargle|def|2
|-unboost|p1b: Smeargle|spa|1
|upkeep
|turn|3
|
|t:|1756152704
|move|p2b: Archaludon|Protect|p2b: Archaludon
|-singleturn|p2b: Archaludon|Protect
|move|p1b: Smeargle|Decorate|p1a: Baxcalibur
|-boost|p1a: Baxcalibur|atk|2
|-boost|p1a: Baxcalibur|spa|2
|move|p1a: Baxcalibur|Icicle Spear|p2b: Archaludon
|-activate|p2b: Archaludon|move: Protect
|cant|p2a: Incineroar|slp
|
|-ability|p1b: Smeargle|Moody|boost
|-boost|p1b: Smeargle|spd|2
|-unboost|p1b: Smeargle|spe|1
|upkeep
|turn|4
|inactive|Viva Las VGC has 30 seconds left.
|
|t:|1756152729
|switch|p2b: Amoonguss|Amoonguss, L50, F|100/100
|move|p1b: Smeargle|Decorate|p1a: Baxcalibur
|-boost|p1a: Baxcalibur|atk|2
|-boost|p1a: Baxcalibur|spa|2
|move|p1a: Baxcalibur|Icicle Spear|p2a: Incineroar
|-damage|p2a: Incineroar|68/100 slp
|-damage|p2a: Incineroar|36/100 slp
|-damage|p2a: Incineroar|3/100 slp
|-damage|p2a: Incineroar|0 fnt
|faint|p2a: Incineroar
|-hitcount|p2: Incineroar|4
|
|-ability|p1b: Smeargle|Moody|boost
|-boost|p1b: Smeargle|spa|2
|-unboost|p1b: Smeargle|spe|1
|upkeep
|
|t:|1756152744
|switch|p2a: Archaludon|Archaludon, L50, F|42/100
|turn|5
|
|t:|1756152764
|move|p1b: Smeargle|Follow Me|p1b: Smeargle
|-singleturn|p1b: Smeargle|move: Follow Me
|move|p2b: Amoonguss|Rage Powder|p2b: Amoonguss
|-singleturn|p2b: Amoonguss|move: Rage Powder
|move|p1a: Baxcalibur|Icicle Spear|p2b: Amoonguss
|-supereffective|p2b: Amoonguss
|-damage|p2b: Amoonguss|39/100
|-supereffective|p2b: Amoonguss
|-damage|p2b: Amoonguss|0 fnt
|faint|p2b: Amoonguss
|-hitcount|p2: Amoonguss|2
|move|p2a: Archaludon|Dragon Pulse|p1b: Smeargle
|-damage|p1b: Smeargle|0 fnt
|faint|p1b: Smeargle
|
|upkeep
|
|t:|1756152772
|switch|p1b: Kingambit|Kingambit, L50, F|100/100
|switch|p2b: Politoed|Politoed, L50, F|100/100
|-weather|RainDance|[from] ability: Drizzle|[of] p2b: Politoed
|turn|6
|inactive|Davy-Kai has 30 seconds left.
|
|t:|1756152805
|move|p1a: Baxcalibur|Icicle Spear|p2a: Archaludon
|-damage|p2a: Archaludon|14/100
|-damage|p2a: Archaludon|0 fnt
|faint|p2a: Archaludon
|-hitcount|p2: Archaludon|2
|move|p2b: Politoed|Weather Ball|p1a: Baxcalibur
|-damage|p1a: Baxcalibur|56/100
|move|p1b: Kingambit|Kowtow Cleave|p2b: Politoed
|-damage|p2b: Politoed|57/100
|
|-weather|RainDance|[upkeep]
|-heal|p2b: Politoed|63/100|[from] item: Leftovers
|upkeep
|turn|7
|-message|Davy-Kai forfeited.
|
|win|Viva Las VGC
|raw|Viva Las VGC's rating: 1031 → 1069(+38 for winning)
|raw|Davy-Kai's rating: 1059 → 1039(-20 for losing)
|l|☆Davy-Kai
|player|p2|
|j|☆Davy-Kai
|player|p2|Davy-Kai|ethan|
