|j|☆HunterOnShowdown
|j|☆lukashz
|html|HunterOnShowdownlukashz    
|uhtml|bestof|Game 1 of a best-of-3
|t:|1784262917
|gametype|doubles
|player|p1|HunterOnShowdown|hilbert|1341
|player|p2|lukashz|elesa|1336
|gen|9
|tier|[Gen 9 Champions] VGC 2026 Reg M-B (Bo3)
|rated|
|rule|Species Clause: Limit one of each Pokémon
|rule|Item Clause: Limit 1 of each item
|clearpoke
|poke|p1|Charizard, L50, F|
|poke|p1|Garchomp, L50, F|
|poke|p1|Sylveon, L50, M|
|poke|p1|Kingambit, L50, F|
|poke|p1|Aerodactyl, L50, M|
|poke|p1|Incineroar, L50, M|
|poke|p2|Farigiraf, L50, M|
|poke|p2|Incineroar, L50, F|
|poke|p2|Camerupt, L50, M|
|poke|p2|Kingambit, L50, M|
|poke|p2|Vivillon-Fancy, L50, M|
|poke|p2|Abomasnow, L50, F|
|teampreview|4
|showteam|p1|Charizard||CharizarditeY|SolarPower|HeatWave,WeatherBall,SolarBeam,Protect|Modest||F|||50|]Garchomp||LifeOrb|RoughSkin|Earthquake,StompingTantrum,DragonClaw,Protect|Jolly||F|||50|]Sylveon||FairyFeather|Pixilate|Detect,HyperVoice,HyperBeam,QuickAttack|Modest||M|||50|]Kingambit||FocusSash|Defiant|IronHead,KowtowCleave,SuckerPunch,Protect|Adamant||F|||50|]Aerodactyl||Aerodactylite|Unnerve|RockSlide,WideGuard,IceFang,Tailwind|Jolly||M|||50|]Incineroar||SitrusBerry|Intimidate|FlareBlitz,PartingShot,ThroatChop,FakeOut|Impish||M|||50|
|showteam|p2|Farigiraf||SitrusBerry|ArmorTail|Protect,Psychic,HelpingHand,TrickRoom|Sassy||M|||50|]Incineroar||LifeOrb|Intimidate|FlareBlitz,DarkestLariat,FakeOut,PartingShot|Brave||F|||50|]Camerupt||Cameruptite|SolidRock|Protect,HeatWave,EarthPower,AncientPower|Quiet||M|||50|]Kingambit||BlackGlasses|Defiant|SwordsDance,KowtowCleave,IronHead,SuckerPunch|Brave||M|||50|]Vivillon-Fancy||FocusSash|CompoundEyes|SleepPowder,Hurricane,RagePowder,Protect|Timid||M|||50|]Abomasnow||Abomasite|SnowWarning|GrassKnot,Blizzard,IceShard,EarthPower|Quiet||F|||50|
|inactive|Battle timer is ON: inactive players will automatically lose when time's up. (requested by HunterOnShowdown)
|inactive|HunterOnShowdown has 60 seconds left.
|inactive|lukashz has 60 seconds left.
|
|t:|1784262975
|teamsize|p1|4
|teamsize|p2|4
|start
|switch|p1a: Ptietro|Aerodactyl, L50, M|100/100
|switch|p1b: Catherine|Kingambit, L50, F|100/100
|switch|p2a: Farigiraf|Farigiraf, L50, M|100/100
|switch|p2b: Incineroar|Incineroar, L50, F|100/100
|-ability|p1a: Ptietro|Unnerve
|-ability|p2b: Incineroar|Intimidate|boost
|-unboost|p1a: Ptietro|atk|1
|-unboost|p1b: Catherine|atk|1
|-ability|p1b: Catherine|Defiant|boost
|-boost|p1b: Catherine|atk|2
|turn|1
|
|t:|1784262991
|move|p1b: Catherine|Protect|p1b: Catherine
|-singleturn|p1b: Catherine|Protect
|move|p2b: Incineroar|Fake Out|p1b: Catherine
|-activate|p1b: Catherine|move: Protect
|move|p1a: Ptietro|Rock Slide|p2b: Incineroar|[spread] p2a,p2b
|-supereffective|p2b: Incineroar|1
|-damage|p2a: Farigiraf|83/100
|-damage|p2b: Incineroar|73/100
|move|p2a: Farigiraf|Trick Room|p2a: Farigiraf
|-fieldstart|move: Trick Room|[of] p2a: Farigiraf
|
|upkeep
|turn|2
|inactive|lukashz has 30 seconds left.
|inactive|lukashz has 20 seconds left.
|inactive|lukashz has 15 seconds left.
|inactive|lukashz has 10 seconds left.
|inactive|lukashz has 5 seconds left.
|
|t:|1784263046
|move|p2a: Farigiraf|Protect|p2a: Farigiraf
|-singleturn|p2a: Farigiraf|Protect
|move|p2b: Incineroar|Flare Blitz|p1b: Catherine
|-supereffective|p1b: Catherine|1
|-enditem|p1b: Catherine|Focus Sash
|-damage|p1b: Catherine|1/100
|-damage|p2b: Incineroar|42/100|[from] Recoil
|-damage|p2b: Incineroar|32/100|[from] item: Life Orb
|move|p1b: Catherine|Kowtow Cleave|p2a: Farigiraf
|-activate|p2a: Farigiraf|move: Protect
|move|p1a: Ptietro|Rock Slide|p2a: Farigiraf|[spread] p2b
|-activate|p2a: Farigiraf|move: Protect
|-supereffective|p2b: Incineroar|1
|-damage|p2b: Incineroar|2/100
|
|upkeep
|turn|3
|inactive|lukashz has 30 seconds left.
|
|t:|1784263073
|switch|p2a: Kingambit|Kingambit, L50, M|100/100
|move|p1b: Catherine|Protect|p1b: Catherine
|-singleturn|p1b: Catherine|Protect
|move|p2b: Incineroar|Parting Shot|p1a: Ptietro
|-unboost|p1a: Ptietro|atk|1
|-unboost|p1a: Ptietro|spa|1
|
|t:|1784263081
|switch|p2b: Camerupt|Camerupt, L50, M|100/100|[from] Parting Shot
|move|p1a: Ptietro|Rock Slide|p2a: Kingambit|[spread] p2a,p2b
|-resisted|p2a: Kingambit|1
|-damage|p2a: Kingambit|96/100
|-damage|p2b: Camerupt|86/100
|
|upkeep
|turn|4
|
|t:|1784263087
|detailschange|p2b: Camerupt|Camerupt-Mega, L50, M
|-mega|p2b: Camerupt|Camerupt|Cameruptite
|move|p1a: Ptietro|Wide Guard|p1a: Ptietro
|-singleturn|p1a: Ptietro|Wide Guard
|move|p1b: Catherine|Sucker Punch|p2b: Camerupt
|-damage|p2b: Camerupt|25/100
|move|p2b: Camerupt|Heat Wave|p1b: Catherine|[spread] 
|-activate|p1a: Ptietro|move: Wide Guard
|-activate|p1b: Catherine|move: Wide Guard
|move|p2a: Kingambit|Iron Head|p1a: Ptietro
|-supereffective|p1a: Ptietro|1
|-damage|p1a: Ptietro|0 fnt
|faint|p1a: Ptietro
|
|upkeep
|
|t:|1784263093
|switch|p1a: Tyrannis|Garchomp, L50, F|100/100
|turn|5
|
|t:|1784263105
|switch|p2b: Incineroar|Incineroar, L50, F|2/100
|-ability|p2b: Incineroar|Intimidate|boost
|-unboost|p1a: Tyrannis|atk|1
|-unboost|p1b: Catherine|atk|1
|-ability|p1b: Catherine|Defiant|boost
|-boost|p1b: Catherine|atk|2
|move|p1b: Catherine|Protect|p1b: Catherine
|-singleturn|p1b: Catherine|Protect
|move|p1a: Tyrannis|Protect|p1a: Tyrannis
|-singleturn|p1a: Tyrannis|Protect
|move|p2a: Kingambit|Swords Dance|p2a: Kingambit
|-boost|p2a: Kingambit|atk|2
|
|-fieldend|move: Trick Room
|upkeep
|turn|6
|
|t:|1784263122
|move|p1a: Tyrannis|Protect||[still]
|-fail|p1a: Tyrannis
|move|p1b: Catherine|Protect||[still]
|-fail|p1b: Catherine
|move|p2b: Incineroar|Fake Out|p1b: Catherine
|-resisted|p1b: Catherine|1
|-damage|p1b: Catherine|0 fnt
|faint|p1b: Catherine
|-damage|p2b: Incineroar|0 fnt|[from] item: Life Orb
|faint|p2b: Incineroar
|move|p2a: Kingambit|Kowtow Cleave|p1a: Tyrannis
|-damage|p1a: Tyrannis|0 fnt
|-damage|p2a: Kingambit|84/100|[from] ability: Rough Skin|[of] p1a: Tyrannis
|faint|p1a: Tyrannis
|
|upkeep
|
|t:|1784263131
|switch|p1a: Charizard|Charizard, L50, F|100/100
|switch|p2b: Farigiraf|Farigiraf, L50, M|83/100
|turn|7
|-message|HunterOnShowdown forfeited.
|
|win|lukashz
|l|☆HunterOnShowdown
|player|p1|
||HunterOnShowdown is ready for game 2.
||lukashz is ready for game 2.
|uhtml|next|Next: Game 2 of 3
