|j|☆luisreey
|j|☆Braixen coxuda
|html|luisreeyBraixen coxuda    
|uhtml|bestof|Game 1 of a best-of-3
|t:|1756850424
|gametype|doubles
|player|p1|luisreey|n|1065
|player|p2|Braixen coxuda|caitlin|1000
|gen|9
|tier|[Gen 9] VGC 2025 Reg H (Bo3)
|rated|
|rule|Species Clause: Limit one of each Pokémon
|rule|Item Clause: Limit 1 of each item
|clearpoke
|poke|p1|Gholdengo, L50|
|poke|p1|Incineroar, L50, F|
|poke|p1|Amoonguss, L50, F|
|poke|p1|Archaludon, L50, M|
|poke|p1|Pelipper, L50, F|
|poke|p1|Basculegion, L50, M|
|poke|p2|Rillaboom, L50, M|
|poke|p2|Ursaluna-Bloodmoon, L50, M|
|poke|p2|Basculegion, L50, M|
|poke|p2|Murkrow, L50, M|
|poke|p2|Pelipper, L50, F|
|poke|p2|Archaludon, L50, F|
|teampreview|4
|showteam|p1|Gholdengo||LifeOrb|GoodasGold|MakeItRain,ShadowBall,NastyPlot,Protect||||||50|,,,,,Water]Incineroar||RockyHelmet|Intimidate|Taunt,KnockOff,PartingShot,FakeOut|||F|||50|,,,,,Ghost]Amoonguss||SitrusBerry|Regenerator|PollenPuff,Spore,RagePowder,Protect|||F|||50|,,,,,Water]Archaludon||AssaultVest|Stamina|DragonPulse,FlashCannon,ElectroShot,BodyPress|||M|||50|,,,,,Bug]Pelipper||FocusSash|Drizzle|WeatherBall,Hurricane,Tailwind,Protect|||F|||50|,,,,,Ground]Basculegion||ChoiceBand|SwiftSwim|WaveCrash,LastRespects,FlipTurn,AquaJet|||M|||50|,,,,,Water
|showteam|p2|Rillaboom||MiracleSeed|GrassySurge|WoodHammer,GrassyGlide,Taunt,FakeOut|||M|||50|,,,,,Fire]Ursaluna-Bloodmoon||LifeOrb|MindsEye|HyperVoice,Protect,BloodMoon,EarthPower|||M|||50|,,,,,Normal]Basculegion||ChoiceBand|SwiftSwim|FlipTurn,WaveCrash,AquaJet,LastRespects|||M|||50|,,,,,Grass]Murkrow||Eviolite|Prankster|Tailwind,Haze,FoulPlay,RainDance|||M|||50|,,,,,Ghost]Pelipper||FocusSash|Drizzle|Hurricane,WeatherBall,Protect,WideGuard|||F|||50|,,,,,Stellar]Archaludon||AssaultVest|Stamina|BodyPress,ElectroShot,FlashCannon,DragonPulse|||F|||50|,,,,,Bug
|inactive|Battle timer is ON: inactive players will automatically lose when time's up. (requested by Braixen coxuda)
|inactive|luisreey has 60 seconds left.
|inactive|luisreey has 30 seconds left.
|inactive|luisreey has 20 seconds left.
|
|t:|1756850496
|teamsize|p1|4
|teamsize|p2|4
|start
|switch|p1a: Pelipper|Pelipper, L50, F|100/100
|switch|p1b: Archaludon|Archaludon, L50, M|100/100
|switch|p2a: Monark|Archaludon, L50, F, shiny|100/100
|switch|p2b: Prime Catcher|Murkrow, L50, M|100/100
|-weather|RainDance|[from] ability: Drizzle|[of] p1a: Pelipper
|turn|1
|inactive|luisreey has 30 seconds left.
|inactive|Braixen coxuda has 30 seconds left.
|inactive|luisreey has 20 seconds left.
|inactive|Braixen coxuda has 20 seconds left.
|inactive|luisreey has 15 seconds left.
|inactive|Braixen coxuda has 15 seconds left.
|inactive|luisreey has 10 seconds left.
|
|t:|1756850542
|switch|p2b: DK|Rillaboom, L50, M|100/100
|-fieldstart|move: Grassy Terrain|[from] ability: Grassy Surge|[of] p2b: DK
|move|p1b: Archaludon|Electro Shot||[still]
|-prepare|p1b: Archaludon|Electro Shot
|-boost|p1b: Archaludon|spa|1
|-anim|p1b: Archaludon|Electro Shot|p2b: DK
|-resisted|p2b: DK
|-damage|p2b: DK|69/100
|move|p1a: Pelipper|Tailwind|p1a: Pelipper
|-sidestart|p1: luisreey|move: Tailwind
|move|p2a: Monark|Electro Shot||[still]
|-prepare|p2a: Monark|Electro Shot
|-boost|p2a: Monark|spa|1
|-anim|p2a: Monark|Electro Shot|p1a: Pelipper
|-supereffective|p1a: Pelipper
|-enditem|p1a: Pelipper|Focus Sash
|-damage|p1a: Pelipper|1/100
|
|-weather|RainDance|[upkeep]
|-heal|p2b: DK|75/100|[from] Grassy Terrain
|upkeep
|turn|2
|inactive|luisreey has 30 seconds left.
|inactive|luisreey has 20 seconds left.
|inactive|luisreey has 15 seconds left.
|
|t:|1756850584
|move|p1a: Pelipper|Protect|p1a: Pelipper
|-singleturn|p1a: Pelipper|Protect
|move|p2b: DK|Grassy Glide|p1a: Pelipper
|-activate|p1a: Pelipper|move: Protect
|move|p1b: Archaludon|Dragon Pulse|p2b: DK
|-damage|p2b: DK|11/100
|move|p2a: Monark|Dragon Pulse|p1b: Archaludon
|-damage|p1b: Archaludon|52/100
|-ability|p1b: Archaludon|Stamina|boost
|-boost|p1b: Archaludon|def|1
|
|-weather|RainDance|[upkeep]
|-heal|p1b: Archaludon|58/100|[from] Grassy Terrain
|-heal|p2b: DK|17/100|[from] Grassy Terrain
|upkeep
|turn|3
|inactive|luisreey has 30 seconds left.
|
|t:|1756850614
|switch|p1a: Amoonguss|Amoonguss, L50, F|100/100
|switch|p2b: Prime Catcher|Murkrow, L50, M|100/100
|move|p1b: Archaludon|Dragon Pulse|p2b: Prime Catcher
|-damage|p2b: Prime Catcher|39/100
|move|p2a: Monark|Electro Shot||[still]
|-prepare|p2a: Monark|Electro Shot
|-boost|p2a: Monark|spa|1
|-anim|p2a: Monark|Electro Shot|p1a: Amoonguss
|-resisted|p1a: Amoonguss
|-damage|p1a: Amoonguss|70/100
|
|-weather|RainDance|[upkeep]
|-heal|p1b: Archaludon|64/100|[from] Grassy Terrain
|-heal|p1a: Amoonguss|75/100|[from] Grassy Terrain
|upkeep
|turn|4
|inactive|luisreey has 30 seconds left.
|inactive|luisreey has 20 seconds left.
|inactive|luisreey has 15 seconds left.
|inactive|luisreey has 10 seconds left.
|inactive|luisreey has 5 seconds left.
|
|t:|1756850667
|move|p2b: Prime Catcher|Tailwind|p2b: Prime Catcher
|-sidestart|p2: Braixen coxuda|move: Tailwind
|move|p1b: Archaludon|Body Press|p2a: Monark
|-supereffective|p2a: Monark
|-damage|p2a: Monark|54/100
|-ability|p2a: Monark|Stamina|boost
|-boost|p2a: Monark|def|1
|move|p2a: Monark|Dragon Pulse|p1a: Amoonguss
|-damage|p1a: Amoonguss|5/100
|-enditem|p1a: Amoonguss|Sitrus Berry|[eat]
|-heal|p1a: Amoonguss|30/100|[from] item: Sitrus Berry
|move|p1a: Amoonguss|Spore|p2a: Monark
|-status|p2a: Monark|slp|[from] move: Spore
|
|-weather|RainDance|[upkeep]
|-heal|p1b: Archaludon|70/100|[from] Grassy Terrain
|-heal|p2a: Monark|60/100 slp|[from] Grassy Terrain
|-heal|p1a: Amoonguss|36/100|[from] Grassy Terrain
|-sideend|p1: luisreey|move: Tailwind
|upkeep
|turn|5
|inactive|luisreey has 30 seconds left.
|
|t:|1756850695
|cant|p2a: Monark|slp
|move|p2b: Prime Catcher|Foul Play|p1a: Amoonguss
|-damage|p1a: Amoonguss|17/100
|move|p1b: Archaludon|Dragon Pulse|p2a: Monark
|-damage|p2a: Monark|13/100 slp
|-ability|p2a: Monark|Stamina|boost
|-boost|p2a: Monark|def|1
|move|p1a: Amoonguss|Pollen Puff|p1b: Archaludon
|-heal|p1b: Archaludon|100/100
|
|-weather|none
|-heal|p2a: Monark|19/100 slp|[from] Grassy Terrain
|-heal|p1a: Amoonguss|23/100|[from] Grassy Terrain
|-fieldend|move: Grassy Terrain
|upkeep
|turn|6
|
|t:|1756850713
|move|p1a: Amoonguss|Rage Powder|p1a: Amoonguss
|-singleturn|p1a: Amoonguss|move: Rage Powder
|move|p2b: Prime Catcher|Haze|p2b: Prime Catcher
|-clearallboost
|cant|p2a: Monark|slp
|move|p1b: Archaludon|Dragon Pulse|p2a: Monark
|-crit|p2a: Monark
|-damage|p2a: Monark|0 fnt
|faint|p2a: Monark
|
|upkeep
|
|t:|1756850718
|switch|p2a: Nobunaga|Basculegion, L50, M|100/100
|turn|7
|
|t:|1756850739
|switch|p1a: Pelipper|Pelipper, L50, F|1/100
|-weather|RainDance|[from] ability: Drizzle|[of] p1a: Pelipper
|move|p2a: Nobunaga|Flip Turn|p1a: Pelipper
|-resisted|p1a: Pelipper
|-damage|p1a: Pelipper|0 fnt
|faint|p1a: Pelipper
|
|t:|1756850743
|switch|p2a: DK|Rillaboom, L50, M|17/100|[from] Flip Turn
|-fieldstart|move: Grassy Terrain|[from] ability: Grassy Surge|[of] p2a: DK
|move|p2b: Prime Catcher|Foul Play|p1b: Archaludon
|-damage|p1b: Archaludon|79/100
|-ability|p1b: Archaludon|Stamina|boost
|-boost|p1b: Archaludon|def|1
|move|p1b: Archaludon|Electro Shot||[still]
|-prepare|p1b: Archaludon|Electro Shot
|-boost|p1b: Archaludon|spa|1
|-anim|p1b: Archaludon|Electro Shot|p2a: DK
|-resisted|p2a: DK
|-damage|p2a: DK|0 fnt
|faint|p2a: DK
|
|-weather|RainDance|[upkeep]
|-heal|p1b: Archaludon|85/100|[from] Grassy Terrain
|-sideend|p2: Braixen coxuda|move: Tailwind
|upkeep
|
|t:|1756850761
|switch|p1a: Amoonguss|Amoonguss, L50, F|56/100
|switch|p2a: Nobunaga|Basculegion, L50, M|100/100
|turn|8
|
|t:|1756850786
|-terastallize|p2a: Nobunaga|Grass
|move|p1a: Amoonguss|Rage Powder|p1a: Amoonguss
|-singleturn|p1a: Amoonguss|move: Rage Powder
|move|p2a: Nobunaga|Last Respects|p1a: Amoonguss
|-damage|p1a: Amoonguss|0 fnt
|faint|p1a: Amoonguss
|move|p1b: Archaludon|Electro Shot||[still]
|-prepare|p1b: Archaludon|Electro Shot
|-boost|p1b: Archaludon|spa|1
|-anim|p1b: Archaludon|Electro Shot|p2a: Nobunaga
|-resisted|p2a: Nobunaga
|-damage|p2a: Nobunaga|52/100
|move|p2b: Prime Catcher|Foul Play|p1b: Archaludon
|-damage|p1b: Archaludon|72/100
|-ability|p1b: Archaludon|Stamina|boost
|-boost|p1b: Archaludon|def|1
|
|-weather|RainDance|[upkeep]
|-heal|p2a: Nobunaga|58/100|[from] Grassy Terrain
|-heal|p1b: Archaludon|78/100|[from] Grassy Terrain
|upkeep
|
|t:|1756850802
|switch|p1a: Basculegion|Basculegion, L50, M|100/100
|turn|9
|
|t:|1756850823
|-terastallize|p1a: Basculegion|Water
|move|p2b: Prime Catcher|Haze|p2b: Prime Catcher
|-clearallboost
|move|p2a: Nobunaga|Last Respects|p1a: Basculegion
|-damage|p1a: Basculegion|0 fnt
|faint|p1a: Basculegion
|move|p1b: Archaludon|Dragon Pulse|p2a: Nobunaga
|-damage|p2a: Nobunaga|9/100
|
|-weather|RainDance|[upkeep]
|-heal|p2a: Nobunaga|15/100|[from] Grassy Terrain
|-heal|p1b: Archaludon|84/100|[from] Grassy Terrain
|upkeep
|turn|10
|
|t:|1756850838
|move|p2a: Nobunaga|Last Respects|p1b: Archaludon
|-damage|p1b: Archaludon|1/100
|-ability|p1b: Archaludon|Stamina|boost
|-boost|p1b: Archaludon|def|1
|move|p1b: Archaludon|Dragon Pulse|p2a: Nobunaga
|-crit|p2a: Nobunaga
|-damage|p2a: Nobunaga|0 fnt
|faint|p2a: Nobunaga
|move|p2b: Prime Catcher|Foul Play|p1b: Archaludon
|-damage|p1b: Archaludon|0 fnt
|faint|p1b: Archaludon
|
|win|Braixen coxuda
|inactive|luisreey has 30 seconds to confirm battle start!
|inactive|Braixen coxuda has 30 seconds to confirm battle start!
||Braixen coxuda is ready for game 2.
