|j|☆r4ka
|j|☆ansufati7
|html|r4kaansufati7    
|uhtml|bestof|Game 1 of a best-of-3
|t:|1757186641
|gametype|doubles
|player|p1|r4ka|101|1277
|player|p2|ansufati7|ethan|1202
|gen|9
|tier|[Gen 9] VGC 2025 Reg H (Bo3)
|rated|
|rule|Species Clause: Limit one of each Pokémon
|rule|Item Clause: Limit 1 of each item
|clearpoke
|poke|p1|Rillaboom, L50, F|
|poke|p1|Dragonite, L50, M|
|poke|p1|Sneasler, L50, M|
|poke|p1|Kingambit, L50, M|
|poke|p1|Electabuzz, L50, M|
|poke|p1|Volcarona, L50, M|
|poke|p2|Pelipper, L50, F|
|poke|p2|Archaludon, L50, F|
|poke|p2|Incineroar, L50, M|
|poke|p2|Amoonguss, L50, F|
|poke|p2|Kingdra, L50, M|
|poke|p2|Sneasler, L50, F|
|teampreview|4
|showteam|p1|Rillaboom||AssaultVest|GrassySurge|FakeOut,HighHorsepower,WoodHammer,GrassyGlide|||F|||50|,,,,,Fire]Dragonite||LoadedDice|Multiscale|ExtremeSpeed,ScaleShot,Protect,Haze|||M|||50|,,,,,Steel]Sneasler||FocusSash|PoisonTouch|DireClaw,CloseCombat,FakeOut,Coaching|||M|||50|,,,,,Stellar]Kingambit||BlackGlasses|Defiant|KowtowCleave,SuckerPunch,SwordsDance,Protect|||M|||50|,,,,,Ghost]Electabuzz||Eviolite|VitalSpirit|Thunderbolt,Taunt,Protect,FollowMe|||M|||50|,,,,,Ghost]Volcarona||Leftovers|FlameBody|HeatWave,TeraBlast,QuiverDance,Protect|||M|||50|,,,,,Fairy
|showteam|p2|Pelipper||CovertCloak|Drizzle|Tailwind,WideGuard,WeatherBall,Hurricane|||F|||50|,,,,,Ground]Archaludon||AssaultVest|Stamina|DracoMeteor,ElectroShot,BodyPress,FlashCannon|||F|||50|,,,,,Flying]Incineroar||SafetyGoggles|Intimidate|FakeOut,KnockOff,PartingShot,Protect|||M|||50|,,,,,Ghost]Amoonguss||SitrusBerry|Regenerator|Spore,ClearSmog,PollenPuff,RagePowder|||F|||50|,,,,,Dark]Kingdra||LifeOrb|SwiftSwim|DracoMeteor,WeatherBall,MuddyWater,Hurricane|||M|||50|,,,,,Stellar]Sneasler||FocusSash|Unburden|DireClaw,CloseCombat,ThroatChop,Protect|||F|||50|,,,,,Ghost
|inactive|Battle timer is ON: inactive players will automatically lose when time's up. (requested by r4ka)
|inactive|ansufati7 has 60 seconds left.
|inactive|ansufati7 has 30 seconds left.
|
|t:|1757186774
|teamsize|p1|4
|teamsize|p2|4
|start
|switch|p1a: Rillaboom|Rillaboom, L50, F|100/100
|switch|p1b: Sneasler|Sneasler, L50, M|100/100
|switch|p2a: Sneasler|Sneasler, L50, F|100/100
|switch|p2b: Pelipper|Pelipper, L50, F|100/100
|-weather|RainDance|[from] ability: Drizzle|[of] p2b: Pelipper
|-fieldstart|move: Grassy Terrain|[from] ability: Grassy Surge|[of] p1a: Rillaboom
|turn|1
|inactive|r4ka has 30 seconds left.
|
|t:|1757186806
|-terastallize|p1a: Rillaboom|Fire
|move|p2a: Sneasler|Protect|p2a: Sneasler
|-singleturn|p2a: Sneasler|Protect
|move|p1b: Sneasler|Fake Out|p2b: Pelipper
|-damage|p2b: Pelipper|84/100
|move|p2b: Pelipper|Tailwind|p2b: Pelipper
|-sidestart|p2: ansufati7|move: Tailwind
|move|p1a: Rillaboom|High Horsepower|p2a: Sneasler
|-activate|p2a: Sneasler|move: Protect
|
|-weather|RainDance|[upkeep]
|upkeep
|turn|2
|inactive|ansufati7 has 30 seconds left.
|inactive|ansufati7 has 20 seconds left.
|inactive|ansufati7 has 15 seconds left.
|
|t:|1757186848
|switch|p2a: Archaludon|Archaludon, L50, F|100/100
|switch|p1a: Electabuzz|Electabuzz, L50, M|100/100
|move|p2b: Pelipper|Weather Ball|p1a: Electabuzz
|-damage|p1a: Electabuzz|49/100
|move|p1b: Sneasler|Dire Claw|p2b: Pelipper
|-damage|p2b: Pelipper|31/100
|
|-weather|RainDance|[upkeep]
|-heal|p1a: Electabuzz|55/100|[from] Grassy Terrain
|upkeep
|turn|3
|inactive|r4ka has 30 seconds left.
|inactive|ansufati7 has 30 seconds left.
|
|t:|1757186882
|switch|p2b: Incineroar|Incineroar, L50, M|100/100
|-ability|p2b: Incineroar|Intimidate|boost
|-unboost|p1a: Electabuzz|atk|1
|-unboost|p1b: Sneasler|atk|1
|switch|p1b: Rillaboom|Rillaboom, L50, F, tera:Fire|100/100
|move|p2a: Archaludon|Electro Shot||[still]
|-prepare|p2a: Archaludon|Electro Shot
|-boost|p2a: Archaludon|spa|1
|-anim|p2a: Archaludon|Electro Shot|p1b: Rillaboom
|-damage|p1b: Rillaboom|56/100
|move|p1a: Electabuzz|Thunderbolt|p2b: Incineroar
|-damage|p2b: Incineroar|78/100
|
|-weather|RainDance|[upkeep]
|-heal|p2b: Incineroar|84/100|[from] Grassy Terrain
|-heal|p1a: Electabuzz|61/100|[from] Grassy Terrain
|-heal|p1b: Rillaboom|62/100|[from] Grassy Terrain
|upkeep
|turn|4
|inactive|r4ka has 30 seconds left.
|inactive|ansufati7 has 30 seconds left.
|inactive|r4ka has 20 seconds left.
|inactive|ansufati7 has 20 seconds left.
|inactive|ansufati7 has 15 seconds left.
|inactive|ansufati7 has 10 seconds left.
|
|t:|1757186932
|move|p2a: Archaludon|Electro Shot||[still]
|-prepare|p2a: Archaludon|Electro Shot
|-boost|p2a: Archaludon|spa|1
|-anim|p2a: Archaludon|Electro Shot|p1a: Electabuzz
|-resisted|p1a: Electabuzz
|-damage|p1a: Electabuzz|25/100
|move|p2b: Incineroar|Knock Off|p1b: Rillaboom
|-damage|p1b: Rillaboom|26/100
|-enditem|p1b: Rillaboom|Assault Vest|[from] move: Knock Off|[of] p2b: Incineroar
|move|p1a: Electabuzz|Taunt|p2b: Incineroar
|-start|p2b: Incineroar|move: Taunt
|move|p1b: Rillaboom|High Horsepower|p2a: Archaludon
|-supereffective|p2a: Archaludon
|-damage|p2a: Archaludon|43/100
|-ability|p2a: Archaludon|Stamina|boost
|-boost|p2a: Archaludon|def|1
|
|-weather|RainDance|[upkeep]
|-heal|p2a: Archaludon|49/100|[from] Grassy Terrain
|-heal|p2b: Incineroar|90/100|[from] Grassy Terrain
|-heal|p1a: Electabuzz|31/100|[from] Grassy Terrain
|-heal|p1b: Rillaboom|32/100|[from] Grassy Terrain
|-sideend|p2: ansufati7|move: Tailwind
|upkeep
|turn|5
|inactive|ansufati7 has 30 seconds left.
|
|t:|1757186957
|move|p1a: Electabuzz|Follow Me|p1a: Electabuzz
|-singleturn|p1a: Electabuzz|move: Follow Me
|move|p2a: Archaludon|Electro Shot||[still]
|-prepare|p2a: Archaludon|Electro Shot
|-boost|p2a: Archaludon|spa|1
|-anim|p2a: Archaludon|Electro Shot|p1a: Electabuzz
|-resisted|p1a: Electabuzz
|-damage|p1a: Electabuzz|0 fnt
|faint|p1a: Electabuzz
|move|p1b: Rillaboom|High Horsepower|p2b: Incineroar
|-supereffective|p2b: Incineroar
|-damage|p2b: Incineroar|34/100
|move|p2b: Incineroar|Knock Off|p1b: Rillaboom
|-damage|p1b: Rillaboom|10/100
|
|-weather|none
|-heal|p2a: Archaludon|55/100|[from] Grassy Terrain
|-heal|p1b: Rillaboom|16/100|[from] Grassy Terrain
|-heal|p2b: Incineroar|40/100|[from] Grassy Terrain
|-fieldend|move: Grassy Terrain
|upkeep
|inactive|r4ka has 30 seconds left.
|
|t:|1757186984
|switch|p1a: Sneasler|Sneasler, L50, M|100/100
|turn|6
|inactive|ansufati7 has 30 seconds left.
|inactive|ansufati7 has 20 seconds left.
|inactive|ansufati7 has 15 seconds left.
|inactive|ansufati7 has 10 seconds left.
|inactive|ansufati7 has 5 seconds left.
|
|t:|1757187039
|move|p2b: Incineroar|Fake Out||[still]
|-hint|Fake Out only works on your first turn out.
|-fail|p2b: Incineroar
|move|p1a: Sneasler|Close Combat|p2a: Archaludon
|-supereffective|p2a: Archaludon
|-damage|p2a: Archaludon|0 fnt
|-unboost|p1a: Sneasler|def|1
|-unboost|p1a: Sneasler|spd|1
|faint|p2a: Archaludon
|move|p1b: Rillaboom|High Horsepower|p2b: Incineroar
|-supereffective|p2b: Incineroar
|-damage|p2b: Incineroar|0 fnt
|faint|p2b: Incineroar
|
|upkeep
|
|t:|1757187057
|switch|p2a: Pelipper|Pelipper, L50, F|31/100
|switch|p2b: Sneasler|Sneasler, L50, F|100/100
|-weather|RainDance|[from] ability: Drizzle|[of] p2a: Pelipper
|turn|7
|inactive|ansufati7 has 30 seconds left.
|
|t:|1757187085
|move|p2b: Sneasler|Close Combat|p1a: Sneasler
|-resisted|p1a: Sneasler
|-damage|p1a: Sneasler|19/100
|-unboost|p2b: Sneasler|def|1
|-unboost|p2b: Sneasler|spd|1
|move|p1a: Sneasler|Dire Claw|p2a: Pelipper
|-damage|p2a: Pelipper|0 fnt
|faint|p2a: Pelipper
|move|p1b: Rillaboom|High Horsepower|p2b: Sneasler
|-supereffective|p2b: Sneasler
|-crit|p2b: Sneasler
|-enditem|p2b: Sneasler|Focus Sash
|-damage|p2b: Sneasler|1/100
|
|-weather|RainDance|[upkeep]
|upkeep
|turn|8
|inactive|ansufati7 has 30 seconds left.
|inactive|ansufati7 has 20 seconds left.
|-message|ansufati7 forfeited.
|
|win|r4ka
|l|☆ansufati7
|player|p2|
||r4ka is ready for game 2.
||ansufati7 is ready for game 2.
|uhtml|next|Next: Game 2 of 3
