|j|☆NEZK025
|j|☆HeatInSeven14
|html|NEZK025HeatInSeven14    
|uhtml|bestof|Game 2 of a best-of-3
|t:|1783151088
|gametype|doubles
|player|p1|NEZK025|nate|1099
|player|p2|HeatInSeven14|170|1056
|gen|9
|tier|[Gen 9 Champions] VGC 2026 Reg M-B (Bo3)
|rated|
|rule|Species Clause: Limit one of each Pokémon
|rule|Item Clause: Limit 1 of each item
|clearpoke
|poke|p1|Glimmora, L50, F|
|poke|p1|Froslass, L50, F|
|poke|p1|Incineroar, L50, F|
|poke|p1|Garchomp, L50, F|
|poke|p1|Sneasler, L50, F|
|poke|p1|Sinistcha, L50|
|poke|p2|Farigiraf, L50, M, shiny|
|poke|p2|Kangaskhan, L50, F, shiny|
|poke|p2|Hydrapple, L50, M, shiny|
|poke|p2|Torkoal, L50, M, shiny|
|poke|p2|Mawile, L50, M|
|poke|p2|Vivillon-Pokeball, L50, M|
|teampreview|4
|showteam|p1|Glimmora||ChoiceScarf|Corrosion|EarthPower,SludgeBomb,PowerGem,Toxic|Timid||F|||50|]Froslass||Froslassite|SnowCloak|Blizzard,ShadowBall,Protect,IceBeam|Modest||F|||50|]Incineroar||ShucaBerry|Intimidate|FakeOut,DarkestLariat,FlareBlitz,PartingShot|Careful||F|||50|]Garchomp||Garchompite|RoughSkin|Earthquake,StompingTantrum,DragonClaw,Protect|Adamant||F|||50|]Sneasler||WhiteHerb|Unburden|CloseCombat,DireClaw,Protect,FakeOut|Jolly||F|||50|]Sinistcha||SitrusBerry|Hospitality|GigaDrain,TrickRoom,Protect,RagePowder|Bold|||||50|
|showteam|p2|Farigiraf||SitrusBerry|ArmorTail|TwinBeam,Thunderbolt,TrickRoom,Protect|Bold||M|||50|]Kangaskhan||Kangaskhanite|Scrappy|FakeOut,DoubleEdge,HammerArm,RockSlide|Brave||F|||50|]Hydrapple||LifeOrb|Regenerator|DracoMeteor,EnergyBall,EarthPower,Protect|Quiet||M|||50|]Torkoal||Charcoal|Drought|Eruption,WeatherBall,EarthPower,WillOWisp|Quiet||M|||50|]Mawile||Mawilite|HyperCutter|PlayRough,IronHead,SuckerPunch,Protect|Adamant||M|||50|]Vivillon-Pokeball||FocusSash|CompoundEyes|RagePowder,Hurricane,SleepPowder,EnergyBall|Timid||M|||50|
|inactive|Battle timer is ON: inactive players will automatically lose when time's up. (requested by NEZK025)
|
|t:|1783151155
|teamsize|p1|4
|teamsize|p2|4
|start
|switch|p1a: Glimmora|Glimmora, L50, F|100/100
|switch|p1b: Garchomp|Garchomp, L50, F|100/100
|switch|p2a: Farigiraf|Farigiraf, L50, M, shiny|100/100
|switch|p2b: Vivillon|Vivillon-Pokeball, L50, M|100/100
|turn|1
|inactive|NEZK025 has 30 seconds left.
|inactive|NEZK025 has 20 seconds left.
|
|t:|1783151192
|switch|p1b: Incineroar|Incineroar, L50, F|100/100
|-ability|p1b: Incineroar|Intimidate|boost
|-unboost|p2a: Farigiraf|atk|1
|-unboost|p2b: Vivillon|atk|1
|move|p1a: Glimmora|Sludge Bomb|p2b: Vivillon
|-damage|p2b: Vivillon|1/100
|move|p2b: Vivillon|Sleep Powder|p1b: Incineroar
|-status|p1b: Incineroar|slp|[from] move: Sleep Powder
|move|p2a: Farigiraf|Trick Room|p2a: Farigiraf
|-fieldstart|move: Trick Room|[of] p2a: Farigiraf
|
|upkeep
|turn|2
|inactive|NEZK025 has 30 seconds left.
|inactive|HeatInSeven14 has 30 seconds left.
|inactive|NEZK025 has 20 seconds left.
|inactive|NEZK025 has 15 seconds left.
|
|t:|1783151235
|switch|p2a: Torkoal|Torkoal, L50, M, shiny|100/100
|-weather|SunnyDay|[from] ability: Drought|[of] p2a: Torkoal
|switch|p1a: Garchomp|Garchomp, L50, F|100/100
|cant|p1b: Incineroar|slp
|move|p2b: Vivillon|Hurricane|p1a: Garchomp
|-damage|p1a: Garchomp|58/100
|
|-weather|SunnyDay|[upkeep]
|upkeep
|turn|3
|inactive|HeatInSeven14 has 30 seconds left.
|
|t:|1783151261
|switch|p2b: Farigiraf|Farigiraf, L50, M, shiny|100/100
|move|p1a: Garchomp|Protect|p1a: Garchomp
|-singleturn|p1a: Garchomp|Protect
|move|p2a: Torkoal|Eruption|p1a: Garchomp|[spread] p1b
|-activate|p1a: Garchomp|move: Protect
|-resisted|p1b: Incineroar|1
|-damage|p1b: Incineroar|66/100 slp
|cant|p1b: Incineroar|slp
|
|-weather|SunnyDay|[upkeep]
|upkeep
|turn|4
|
|t:|1783151285
|switch|p1a: Glimmora|Glimmora, L50, F|100/100
|move|p2a: Torkoal|Eruption|p1a: Glimmora|[spread] p1a,p1b
|-resisted|p1a: Glimmora|1
|-resisted|p1b: Incineroar|1
|-damage|p1a: Glimmora|40/100
|-damage|p1b: Incineroar|29/100 slp
|move|p2b: Farigiraf|Twin Beam|p1a: Glimmora
|-supereffective|p1a: Glimmora|1
|-damage|p1a: Glimmora|0 fnt
|faint|p1a: Glimmora
|-hitcount|p1: Glimmora|1
|-curestatus|p1b: Incineroar|slp|[msg]
|move|p1b: Incineroar|Parting Shot|p2a: Torkoal
|-unboost|p2a: Torkoal|atk|1
|-unboost|p2a: Torkoal|spa|1
|
|t:|1783151302
|switch|p1b: Garchomp|Garchomp, L50, F|58/100|[from] Parting Shot
|
|-weather|SunnyDay|[upkeep]
|upkeep
|
|t:|1783151304
|switch|p1a: Incineroar|Incineroar, L50, F|29/100
|-ability|p1a: Incineroar|Intimidate|boost
|-unboost|p2a: Torkoal|atk|1
|-unboost|p2b: Farigiraf|atk|1
|turn|5
|inactive|HeatInSeven14 has 30 seconds left.
|
|t:|1783151331
|move|p2b: Farigiraf|Protect|p2b: Farigiraf
|-singleturn|p2b: Farigiraf|Protect
|move|p1b: Garchomp|Protect|p1b: Garchomp
|-singleturn|p1b: Garchomp|Protect
|move|p2a: Torkoal|Will-O-Wisp|p1b: Garchomp
|-activate|p1b: Garchomp|move: Protect
|move|p1a: Incineroar|Darkest Lariat|p2b: Farigiraf
|-activate|p2b: Farigiraf|move: Protect
|
|-weather|SunnyDay|[upkeep]
|-fieldend|move: Trick Room
|upkeep
|turn|6
|inactive|NEZK025 has 30 seconds left.
|inactive|HeatInSeven14 has 30 seconds left.
|inactive|NEZK025 has 20 seconds left.
|inactive|HeatInSeven14 has 20 seconds left.
|inactive|HeatInSeven14 has 15 seconds left.
|
|t:|1783151371
|switch|p1b: Sinistcha|Sinistcha, L50|100/100
|-heal|p1a: Incineroar|54/100|[from] ability: Hospitality|[of] p1b: Sinistcha
|switch|p2b: Vivillon|Vivillon-Pokeball, L50, M|1/100
|move|p1a: Incineroar|Flare Blitz|p2b: Vivillon
|-supereffective|p2b: Vivillon|1
|-damage|p2b: Vivillon|0 fnt
|faint|p2b: Vivillon
|-damage|p1a: Incineroar|53/100|[from] Recoil
|move|p2a: Torkoal|Will-O-Wisp|p1b: Sinistcha
|-status|p1b: Sinistcha|brn
|
|-weather|none
|-damage|p1b: Sinistcha|93/100 brn|[from] brn
|upkeep
|inactive|HeatInSeven14 has 30 seconds left.
|
|t:|1783151397
|switch|p2b: Mawile|Mawile, L50, M|100/100
|turn|7
|
|t:|1783151421
|switch|p2a: Farigiraf|Farigiraf, L50, M, shiny|100/100
|detailschange|p2b: Mawile|Mawile-Mega, L50, M
|-mega|p2b: Mawile|Mawile|Mawilite
|move|p1b: Sinistcha|Rage Powder|p1b: Sinistcha
|-singleturn|p1b: Sinistcha|move: Rage Powder
|move|p1a: Incineroar|Parting Shot|p2a: Farigiraf
|-unboost|p2a: Farigiraf|atk|1
|-unboost|p2a: Farigiraf|spa|1
|
|t:|1783151430
|switch|p1a: Garchomp|Garchomp, L50, F|58/100|[from] Parting Shot
|move|p2b: Mawile|Play Rough|p1b: Sinistcha
|-damage|p1b: Sinistcha|31/100 brn
|-enditem|p1b: Sinistcha|Sitrus Berry|[eat]
|-heal|p1b: Sinistcha|56/100 brn|[from] item: Sitrus Berry
|
|-damage|p1b: Sinistcha|50/100y brn|[from] brn
|upkeep
|turn|8
|
|t:|1783151446
|detailschange|p1a: Garchomp|Garchomp-Mega, L50, F
|-mega|p1a: Garchomp|Garchomp|Garchompite
|move|p2b: Mawile|Protect|p2b: Mawile
|-singleturn|p2b: Mawile|Protect
|move|p1a: Garchomp|Earthquake|p2a: Farigiraf|[spread] p1b,p2a
|-activate|p2b: Mawile|move: Protect
|-resisted|p1b: Sinistcha|1
|-damage|p1b: Sinistcha|32/100 brn
|-damage|p2a: Farigiraf|59/100
|move|p1b: Sinistcha|Trick Room|p1b: Sinistcha
|-fieldstart|move: Trick Room|[of] p1b: Sinistcha
|move|p2a: Farigiraf|Trick Room|p2a: Farigiraf
|-fieldend|move: Trick Room
|
|-damage|p1b: Sinistcha|25/100 brn|[from] brn
|upkeep
|turn|9
|inactive|HeatInSeven14 has 30 seconds left.
|
|t:|1783151474
|move|p2b: Mawile|Sucker Punch|p1a: Garchomp
|-damage|p1a: Garchomp|19/100
|move|p1a: Garchomp|Earthquake|p2a: Farigiraf|[spread] p1b,p2a,p2b
|-resisted|p1b: Sinistcha|1
|-supereffective|p2b: Mawile|1
|-damage|p1b: Sinistcha|8/100 brn
|-damage|p2a: Farigiraf|18/100
|-damage|p2b: Mawile|4/100
|-enditem|p2a: Farigiraf|Sitrus Berry|[eat]
|-heal|p2a: Farigiraf|43/100|[from] item: Sitrus Berry
|move|p1b: Sinistcha|Trick Room|p1b: Sinistcha
|-fieldstart|move: Trick Room|[of] p1b: Sinistcha
|move|p2a: Farigiraf|Trick Room|p2a: Farigiraf
|-fieldend|move: Trick Room
|
|-damage|p1b: Sinistcha|2/100 brn|[from] brn
|upkeep
|turn|10
|
|t:|1783151490
|move|p2a: Farigiraf|Protect|p2a: Farigiraf
|-singleturn|p2a: Farigiraf|Protect
|move|p2b: Mawile|Protect|p2b: Mawile
|-singleturn|p2b: Mawile|Protect
|move|p1b: Sinistcha|Rage Powder|p1b: Sinistcha
|-singleturn|p1b: Sinistcha|move: Rage Powder
|move|p1a: Garchomp|Earthquake|p2b: Mawile|[spread] p1b
|-activate|p2a: Farigiraf|move: Protect
|-activate|p2b: Mawile|move: Protect
|-resisted|p1b: Sinistcha|1
|-damage|p1b: Sinistcha|0 fnt
|faint|p1b: Sinistcha
|
|upkeep
|
|t:|1783151497
|switch|p1b: Incineroar|Incineroar, L50, F|53/100
|-ability|p1b: Incineroar|Intimidate|boost
|-unboost|p2a: Farigiraf|atk|1
|-unboost|p2b: Mawile|atk|1
|turn|11
|
|t:|1783151522
|move|p1a: Garchomp|Protect|p1a: Garchomp
|-singleturn|p1a: Garchomp|Protect
|move|p2b: Mawile|Sucker Punch||[still]
|-fail|p2b: Mawile
|move|p1b: Incineroar|Darkest Lariat|p2a: Farigiraf
|-supereffective|p2a: Farigiraf|1
|-damage|p2a: Farigiraf|0 fnt
|faint|p2a: Farigiraf
|
|upkeep
|
|t:|1783151528
|switch|p2a: Torkoal|Torkoal, L50, M, shiny|100/100
|-weather|SunnyDay|[from] ability: Drought|[of] p2a: Torkoal
|turn|12
|inactive|HeatInSeven14 has 30 seconds left.
|
|t:|1783151554
|move|p1a: Garchomp|Protect||[still]
|-fail|p1a: Garchomp
|move|p2b: Mawile|Sucker Punch||[still]
|-fail|p2b: Mawile
|move|p1b: Incineroar|Flare Blitz|p2b: Mawile
|-supereffective|p2b: Mawile|1
|-damage|p2b: Mawile|0 fnt
|faint|p2b: Mawile
|-damage|p1b: Incineroar|52/100|[from] Recoil
|move|p2a: Torkoal|Earth Power|p1b: Incineroar
|-supereffective|p1b: Incineroar|1
|-enditem|p1b: Incineroar|Shuca Berry|[eat]
|-enditem|p1b: Incineroar|Shuca Berry|[weaken]
|-damage|p1b: Incineroar|33/100
|
|-weather|SunnyDay|[upkeep]
|upkeep
|turn|13
|
|t:|1783151576
|move|p1a: Garchomp|Protect|p1a: Garchomp
|-singleturn|p1a: Garchomp|Protect
|move|p1b: Incineroar|Darkest Lariat|p2a: Torkoal
|-damage|p2a: Torkoal|74/100
|move|p2a: Torkoal|Weather Ball|p1a: Garchomp
|-activate|p1a: Garchomp|move: Protect
|
|-weather|SunnyDay|[upkeep]
|upkeep
|turn|14
|
|t:|1783151592
|move|p1a: Garchomp|Stomping Tantrum|p2a: Torkoal
|-supereffective|p2a: Torkoal|1
|-damage|p2a: Torkoal|0 fnt
|faint|p2a: Torkoal
|
|win|NEZK025
||HeatInSeven14 is ready for game 3.
