|j|☆TeyOnTheRox
|j|☆T-Soro
|html|TeyOnTheRoxT-Soro    
|uhtml|bestof|Game 1 of a best-of-3
|t:|1757732154
|gametype|doubles
|player|p1|TeyOnTheRox|benga|1082
|player|p2|T-Soro|1|1114
|gen|9
|tier|[Gen 9] VGC 2025 Reg H (Bo3)
|rated|
|rule|Species Clause: Limit one of each Pokémon
|rule|Item Clause: Limit 1 of each item
|clearpoke
|poke|p1|Tyranitar, L50, F|
|poke|p1|Excadrill, L50, F|
|poke|p1|Sneasler, L50, F|
|poke|p1|Indeedee, L50, M|
|poke|p1|Corviknight, L50, M|
|poke|p1|Annihilape, L50, F|
|poke|p2|Grimmsnarl, L50, M|
|poke|p2|Annihilape, L50, M|
|poke|p2|Ursaluna-Bloodmoon, L50, M|
|poke|p2|Volcarona, L50, M|
|poke|p2|Gholdengo, L50|
|poke|p2|Dragonite, L50, F|
|teampreview|4
|showteam|p1|Tyranitar||AssaultVest|SandStream|RockSlide,KnockOff,TeraBlast,LowKick|||F|||50|,,,,,Flying]Excadrill||FocusSash|SandRush|IronHead,HighHorsepower,Earthquake,Protect|||F|||50|,,,,,Stellar]Sneasler||PsychicSeed|Unburden|DireClaw,CloseCombat,ThroatChop,Protect|||F|||50|,,,,,Dark]Indeedee||ChoiceScarf|PsychicSurge|ExpandingForce,TeraBlast,Protect,Trick|||M|||50|,,,,,Psychic]Corviknight||Leftovers|MirrorArmor|BraveBird,BulkUp,Roost,Tailwind|||M|||50|,,,,,Dragon]Annihilape||SafetyGoggles|Defiant|CloseCombat,FinalGambit,RageFist,Taunt|||F|||50|,,,,,Water
|showteam|p2|Grimmsnarl||LightClay|Prankster|SpiritBreak,PartingShot,Reflect,LightScreen|||M|||50|,,,,,Ghost]Annihilape||Leftovers|Defiant|DrainPunch,RageFist,BulkUp,Protect|||M|||50|,,,,,Fire]Ursaluna-Bloodmoon||AssaultVest|MindsEye|BloodMoon,HyperVoice,EarthPower,VacuumWave|||M|||50|,,,,,Water]Volcarona||SitrusBerry|FlameBody|GigaDrain,HeatWave,QuiverDance,Protect|||M|||50|,,,,,Grass]Gholdengo||MetalCoat|GoodasGold|MakeItRain,ShadowBall,NastyPlot,Protect||||||50|,,,,,Dragon]Dragonite||LoadedDice|Multiscale|ScaleShot,StompingTantrum,ExtremeSpeed,Protect|||F|||50|,,,,,Steel
|j| toddsmaster
|
|t:|1757732230
|teamsize|p1|4
|teamsize|p2|4
|start
|switch|p1a: Doc Hudson|Tyranitar, L50, F, shiny|100/100
|switch|p1b: Toe Mater|Excadrill, L50, F|100/100
|switch|p2a: Grimmsnarl|Grimmsnarl, L50, M|100/100
|switch|p2b: Ursaluna|Ursaluna-Bloodmoon, L50, M|100/100
|-weather|Sandstorm|[from] ability: Sand Stream|[of] p1a: Doc Hudson
|turn|1
|
|t:|1757732262
|-terastallize|p2b: Ursaluna|Water
|move|p2a: Grimmsnarl|Reflect|p2a: Grimmsnarl
|-sidestart|p2: T-Soro|Reflect
|move|p1b: Toe Mater|Iron Head|p2a: Grimmsnarl
|-supereffective|p2a: Grimmsnarl
|-damage|p2a: Grimmsnarl|42/100
|move|p1a: Doc Hudson|Knock Off|p2b: Ursaluna
|-damage|p2b: Ursaluna|72/100
|-enditem|p2b: Ursaluna|Assault Vest|[from] move: Knock Off|[of] p1a: Doc Hudson
|move|p2b: Ursaluna|Blood Moon|p1b: Toe Mater
|-resisted|p1b: Toe Mater
|-crit|p1b: Toe Mater
|-damage|p1b: Toe Mater|16/100
|
|-weather|Sandstorm|[upkeep]
|-damage|p2b: Ursaluna|67/100|[from] Sandstorm
|-damage|p2a: Grimmsnarl|36/100|[from] Sandstorm
|upkeep
|turn|2
|
|t:|1757732289
|move|p2b: Ursaluna|Vacuum Wave|p1b: Toe Mater
|-supereffective|p1b: Toe Mater
|-damage|p1b: Toe Mater|0 fnt
|faint|p1b: Toe Mater
|move|p2a: Grimmsnarl|Light Screen|p2a: Grimmsnarl
|-sidestart|p2: T-Soro|move: Light Screen
|move|p1a: Doc Hudson|Low Kick|p2b: Ursaluna
|-damage|p2b: Ursaluna|45/100
|
|-weather|Sandstorm|[upkeep]
|-damage|p2b: Ursaluna|39/100|[from] Sandstorm
|-damage|p2a: Grimmsnarl|30/100|[from] Sandstorm
|upkeep
|
|t:|1757732310
|switch|p1b: Cars II|Corviknight, L50, M|100/100
|turn|3
|
|t:|1757732330
|move|p2a: Grimmsnarl|Parting Shot|p1a: Doc Hudson
|-hint|Since gen 7, Dark is immune to Prankster moves.
|-immune|p1a: Doc Hudson
|move|p1a: Doc Hudson|Knock Off|p2a: Grimmsnarl
|-resisted|p2a: Grimmsnarl
|-damage|p2a: Grimmsnarl|21/100
|-enditem|p2a: Grimmsnarl|Light Clay|[from] move: Knock Off|[of] p1a: Doc Hudson
|move|p1b: Cars II|Bulk Up|p1b: Cars II
|-boost|p1b: Cars II|atk|1
|-boost|p1b: Cars II|def|1
|move|p2b: Ursaluna|Earth Power|p1a: Doc Hudson
|-supereffective|p1a: Doc Hudson
|-damage|p1a: Doc Hudson|58/100
|
|-weather|Sandstorm|[upkeep]
|-damage|p2b: Ursaluna|33/100|[from] Sandstorm
|-damage|p2a: Grimmsnarl|15/100|[from] Sandstorm
|upkeep
|turn|4
|
|t:|1757732366
|move|p1a: Doc Hudson|Rock Slide|p2b: Ursaluna|[spread] p2b
|-miss|p1a: Doc Hudson|p2a: Grimmsnarl
|-damage|p2b: Ursaluna|17/100
|move|p1b: Cars II|Tailwind|p1b: Cars II
|-sidestart|p1: TeyOnTheRox|move: Tailwind
|cant|p2b: Ursaluna|flinch
|move|p2a: Grimmsnarl|Spirit Break|p1a: Doc Hudson
|-supereffective|p1a: Doc Hudson
|-damage|p1a: Doc Hudson|0 fnt
|faint|p1a: Doc Hudson
|
|-weather|Sandstorm|[upkeep]
|-damage|p2b: Ursaluna|12/100|[from] Sandstorm
|-damage|p2a: Grimmsnarl|9/100|[from] Sandstorm
|upkeep
|
|t:|1757732379
|switch|p1a: Cars I|Indeedee, L50, M, shiny|100/100
|-fieldstart|move: Psychic Terrain|[from] ability: Psychic Surge|[of] p1a: Cars I
|turn|5
|
|t:|1757732409
|move|p2a: Grimmsnarl|Parting Shot|p1a: Cars I
|-activate|p1a: Cars I|move: Psychic Terrain
|move|p1a: Cars I|Expanding Force|p2a: Grimmsnarl|[spread] p2b
|-immune|p2a: Grimmsnarl
|-damage|p2b: Ursaluna|0 fnt
|faint|p2b: Ursaluna
|move|p1b: Cars II|Brave Bird|p2a: Grimmsnarl
|-damage|p2a: Grimmsnarl|0 fnt
|faint|p2a: Grimmsnarl
|-damage|p1b: Cars II|98/100|[from] Recoil
|
|-weather|none
|-heal|p1b: Cars II|100/100|[from] item: Leftovers
|upkeep
|
|t:|1757732413
|switch|p2b: Volcarona|Volcarona, L50, M|100/100
|switch|p2a: Annihilape|Annihilape, L50, M|100/100
|turn|6
|
|t:|1757732466
|-terastallize|p1a: Cars I|Psychic
|move|p1a: Cars I|Expanding Force|p2a: Annihilape|[spread] p2a,p2b
|-supereffective|p2a: Annihilape
|-damage|p2a: Annihilape|14/100
|-damage|p2b: Volcarona|54/100
|move|p1b: Cars II|Brave Bird|p2b: Volcarona
|-supereffective|p2b: Volcarona
|-damage|p2b: Volcarona|0 fnt
|faint|p2b: Volcarona
|-damage|p1b: Cars II|84/100|[from] Recoil
|move|p2a: Annihilape|Drain Punch|p1a: Cars I
|-resisted|p1a: Cars I
|-damage|p1a: Cars I|67/100
|-heal|p2a: Annihilape|25/100|[from] drain|[of] p1a: Cars I
|
|-heal|p1b: Cars II|90/100|[from] item: Leftovers
|-heal|p2a: Annihilape|32/100|[from] item: Leftovers
|upkeep
|turn|7
|-message|T-Soro forfeited.
|
|win|TeyOnTheRox
