|j|☆Arhanjunior
|j|☆mynameisrec
|html|Arhanjuniormynameisrec    
|uhtml|bestof|Game 2 of a best-of-3
|t:|1782621005
|gametype|doubles
|player|p1|Arhanjunior|2|1074
|player|p2|mynameisrec|red|1008
|gen|9
|tier|[Gen 9 Champions] VGC 2026 Reg M-B (Bo3)
|rated|
|rule|Species Clause: Limit one of each Pokémon
|rule|Item Clause: Limit 1 of each item
|clearpoke
|poke|p1|Swampert, L50, M|
|poke|p1|Pelipper, L50, F|
|poke|p1|Archaludon, L50, M|
|poke|p1|Sinistcha, L50|
|poke|p1|Maushold-Four, L50|
|poke|p1|Gholdengo, L50|
|poke|p2|Eelektross, L50, F|
|poke|p2|Swampert, L50, F|
|poke|p2|Meowscarada, L50, M|
|poke|p2|Pelipper, L50, M|
|poke|p2|Whimsicott, L50, F|
|poke|p2|Mamoswine, L50, F|
|teampreview|4
|showteam|p1|Swampert||Swampertite|Damp|HighHorsepower,WaveCrash,IcePunch,Protect|Adamant||M|||50|]Pelipper||SitrusBerry|Drizzle|Hurricane,WeatherBall,Tailwind,WideGuard|Modest||F|||50|]Archaludon||Leftovers|Stamina|DragonPulse,ElectroShot,AuraSphere,FlashCannon|Modest||M|||50|]Sinistcha||KasibBerry|Hospitality|MatchaGotcha,TrickRoom,RagePowder,LifeDew|Bold|||||50|]Maushold-Four||FocusSash|FriendGuard|SuperFang,FollowMe,RainDance,Protect|Timid|||||50|]Gholdengo||LifeOrb|GoodasGold|MakeItRain,ShadowBall,NastyPlot,Protect|Modest|||||50|
|showteam|p2|Eelektross||Eelektrossite|Levitate|Discharge,Thunder,Protect,Flamethrower|Timid||F|||50|]Swampert||Swampertite|Torrent|Protect,WaveCrash,Earthquake,FlipTurn|Adamant||F|||50|]Meowscarada||ChoiceScarf|Protean|Uturn,FlowerTrick,KnockOff,TripleAxel|Adamant||M|||50|]Pelipper||FocusSash|Drizzle|Tailwind,WeatherBall,Protect,HydroPump|Serious||M|||50|]Whimsicott||BrightPowder|Prankster|Tailwind,Moonblast,Encore,Protect|Bold||F|||50|]Mamoswine||LifeOrb|Oblivious|IceShard,IcicleCrash,Protect,Earthquake|Serious||F|||50|
|inactive|Battle timer is ON: inactive players will automatically lose when time's up. (requested by Arhanjunior)
|
|t:|1782621026
|teamsize|p1|4
|teamsize|p2|4
|start
|switch|p1a: Swampert|Swampert, L50, M|100/100
|switch|p1b: Sinistcha|Sinistcha, L50|100/100
|switch|p2a: Pelipper|Pelipper, L50, M|100/100
|switch|p2b: Swampert|Swampert, L50, F|100/100
|-weather|RainDance|[from] ability: Drizzle|[of] p2a: Pelipper
|turn|1
|
|t:|1782621038
|detailschange|p1a: Swampert|Swampert-Mega, L50, M
|-mega|p1a: Swampert|Swampert|Swampertite
|move|p2b: Swampert|Protect|p2b: Swampert
|-singleturn|p2b: Swampert|Protect
|move|p1a: Swampert|High Horsepower|p2b: Swampert
|-activate|p2b: Swampert|move: Protect
|move|p2a: Pelipper|Tailwind|p2a: Pelipper
|-sidestart|p2: mynameisrec|move: Tailwind
|move|p1b: Sinistcha|Trick Room|p1b: Sinistcha
|-fieldstart|move: Trick Room|[of] p1b: Sinistcha
|
|-weather|RainDance|[upkeep]
|upkeep
|turn|2
|
|t:|1782621056
|switch|p2b: Eelektross|Eelektross, L50, F|100/100
|move|p2a: Pelipper|Protect|p2a: Pelipper
|-singleturn|p2a: Pelipper|Protect
|move|p1b: Sinistcha|Matcha Gotcha|p2a: Pelipper|[spread] p2b
|-activate|p2a: Pelipper|move: Protect
|-damage|p2b: Eelektross|70/100
|move|p1a: Swampert|Ice Punch|p2a: Pelipper
|-activate|p2a: Pelipper|move: Protect
|
|-weather|RainDance|[upkeep]
|upkeep
|turn|3
|
|t:|1782621076
|move|p2b: Eelektross|Protect|p2b: Eelektross
|-singleturn|p2b: Eelektross|Protect
|move|p1b: Sinistcha|Rage Powder|p1b: Sinistcha
|-singleturn|p1b: Sinistcha|move: Rage Powder
|move|p2a: Pelipper|Weather Ball|p1b: Sinistcha
|-resisted|p1b: Sinistcha|1
|-damage|p1b: Sinistcha|66/100
|move|p1a: Swampert|Wave Crash|p2b: Eelektross
|-activate|p2b: Eelektross|move: Protect
|
|-weather|RainDance|[upkeep]
|upkeep
|turn|4
|inactive|mynameisrec has 30 seconds left.
|
|t:|1782621107
|move|p2b: Eelektross|Protect||[still]
|-fail|p2b: Eelektross
|move|p1b: Sinistcha|Life Dew||[still]|[spread] p1a,p1b
|-fail|p1a: Swampert|heal
|-heal|p1b: Sinistcha|91/100
|move|p2a: Pelipper|Weather Ball|p1b: Sinistcha
|-resisted|p1b: Sinistcha|1
|-damage|p1b: Sinistcha|57/100
|move|p1a: Swampert|Wave Crash|p2b: Eelektross
|-damage|p2b: Eelektross|0 fnt
|faint|p2b: Eelektross
|-damage|p1a: Swampert|79/100|[from] Recoil
|
|-weather|RainDance|[upkeep]
|-sideend|p2: mynameisrec|move: Tailwind
|upkeep
|
|t:|1782621118
|switch|p2b: Swampert|Swampert, L50, F|100/100
|turn|5
|
|t:|1782621128
|move|p2b: Swampert|Protect|p2b: Swampert
|-singleturn|p2b: Swampert|Protect
|move|p2a: Pelipper|Protect|p2a: Pelipper
|-singleturn|p2a: Pelipper|Protect
|move|p1b: Sinistcha|Matcha Gotcha|p2b: Swampert|[spread] 
|-activate|p2a: Pelipper|move: Protect
|-activate|p2b: Swampert|move: Protect
|move|p1a: Swampert|Wave Crash|p2a: Pelipper
|-activate|p2a: Pelipper|move: Protect
|
|-weather|none
|-fieldend|move: Trick Room
|upkeep
|turn|6
|
|t:|1782621152
|detailschange|p2b: Swampert|Swampert-Mega, L50, F
|-mega|p2b: Swampert|Swampert|Swampertite
|move|p1a: Swampert|Wave Crash|p2b: Swampert
|-damage|p2b: Swampert|24/100
|-damage|p1a: Swampert|54/100|[from] Recoil
|move|p2b: Swampert|Earthquake|p1b: Sinistcha|[spread] p1a,p1b
|-immune|p2a: Pelipper
|-resisted|p1b: Sinistcha|1
|-crit|p1b: Sinistcha
|-damage|p1a: Swampert|6/100
|-damage|p1b: Sinistcha|32/100
|move|p2a: Pelipper|Hydro Pump|p1a: Swampert
|-damage|p1a: Swampert|0 fnt
|faint|p1a: Swampert
|move|p1b: Sinistcha|Matcha Gotcha|p2b: Swampert|[spread] p2a,p2b
|-supereffective|p2b: Swampert|2
|-damage|p2a: Pelipper|59/100
|-heal|p1b: Sinistcha|47/100|[from] drain|[of] p2a: Pelipper
|-damage|p2b: Swampert|0 fnt
|-heal|p1b: Sinistcha|60/100|[from] drain|[of] p2b: Swampert
|-status|p2a: Pelipper|brn
|faint|p2b: Swampert
|
|-damage|p2a: Pelipper|54/100 brn|[from] brn
|upkeep
|
|t:|1782621174
|switch|p1a: Archaludon|Archaludon, L50, M|100/100
|switch|p2b: Mamoswine|Mamoswine, L50, F|100/100
|turn|7
|
|t:|1782621184
|switch|p1a: Pelipper|Pelipper, L50, F|100/100
|-weather|RainDance|[from] ability: Drizzle|[of] p1a: Pelipper
|move|p2b: Mamoswine|Earthquake|p1a: Pelipper|[spread] p1b
|-immune|p2a: Pelipper
|-immune|p1a: Pelipper
|-resisted|p1b: Sinistcha|1
|-damage|p1b: Sinistcha|42/100
|-damage|p2b: Mamoswine|90/100|[from] item: Life Orb
|move|p2a: Pelipper|Hydro Pump|p1a: Pelipper
|-resisted|p1a: Pelipper|1
|-damage|p1a: Pelipper|46/100
|-enditem|p1a: Pelipper|Sitrus Berry|[eat]
|-heal|p1a: Pelipper|71/100|[from] item: Sitrus Berry
|move|p1b: Sinistcha|Matcha Gotcha|p2a: Pelipper|[spread] p2a,p2b
|-supereffective|p2b: Mamoswine|1
|-damage|p2a: Pelipper|10/100 brn
|-heal|p1b: Sinistcha|58/100|[from] drain|[of] p2a: Pelipper
|-damage|p2b: Mamoswine|15/100
|-heal|p1b: Sinistcha|98/100|[from] drain|[of] p2b: Mamoswine
|
|-weather|RainDance|[upkeep]
|-damage|p2a: Pelipper|4/100 brn|[from] brn
|upkeep
|turn|8
|
|t:|1782621205
|move|p2b: Mamoswine|Ice Shard|p1b: Sinistcha
|-supereffective|p1b: Sinistcha|1
|-damage|p1b: Sinistcha|57/100
|-damage|p2b: Mamoswine|5/100|[from] item: Life Orb
|move|p2a: Pelipper|Hydro Pump|p1b: Sinistcha
|-resisted|p1b: Sinistcha|1
|-damage|p1b: Sinistcha|23/100
|move|p1b: Sinistcha|Matcha Gotcha|p2b: Mamoswine|[spread] p2a,p2b
|-supereffective|p2b: Mamoswine|1
|-crit|p2b: Mamoswine
|-damage|p2a: Pelipper|0 fnt
|-heal|p1b: Sinistcha|25/100|[from] drain|[of] p2a: Pelipper
|-damage|p2b: Mamoswine|0 fnt
|-heal|p1b: Sinistcha|28/100|[from] drain|[of] p2b: Mamoswine
|faint|p2a: Pelipper
|faint|p2b: Mamoswine
|
|win|Arhanjunior
||Arhanjunior is ready for game 3.
||mynameisrec is ready for game 3.
|uhtml|next|Next: Game 3 of 3
