|j|☆hexagonfoot
|j|☆whynotelmo
|html|hexagonfootwhynotelmo    
|uhtml|bestof|Game 1 of a best-of-3
|t:|1756341242
|gametype|doubles
|player|p1|hexagonfoot|caitlin|1151
|player|p2|whynotelmo|hilbert|1000
|gen|9
|tier|[Gen 9] VGC 2025 Reg H (Bo3)
|rated|
|rule|Species Clause: Limit one of each Pokémon
|rule|Item Clause: Limit 1 of each item
|clearpoke
|poke|p1|Kingambit, L50, F|
|poke|p1|Primarina, L50, M|
|poke|p1|Sneasler, L50, F|
|poke|p1|Magmar, L50, M|
|poke|p1|Rillaboom, L50, M|
|poke|p1|Dragapult, L50, M|
|poke|p2|Ursaluna, L50, M|
|poke|p2|Porygon2, L50|
|poke|p2|Gholdengo, L50|
|poke|p2|Incineroar, L50, M|
|poke|p2|Palafin, L50, F|
|poke|p2|Amoonguss, L50, M|
|teampreview|4
|showteam|p1|Kingambit||BlackGlasses|Defiant|KowtowCleave,SuckerPunch,SwordsDance,Protect|||F|||50|,,,,,Ghost]Primarina||SitrusBerry|LiquidVoice|HyperVoice,Moonblast,Haze,Protect|||M|||50|,,,,,Water]Sneasler||FocusSash|PoisonTouch|CloseCombat,DireClaw,FakeOut,Protect|||F|||50|,,,,,Stellar]Magmar||Eviolite|VitalSpirit|Overheat,WillOWisp,FollowMe,Protect|||M|||50|,,,,,Ghost]Rillaboom||AssaultVest|GrassySurge|WoodHammer,GrassyGlide,HighHorsepower,FakeOut|||M|||50|,,,,,Fire]Dragapult||ChoiceBand|ClearBody|DragonDarts,PhantomForce,TeraBlast,Uturn|||M|||50|,,,,,Ghost
|showteam|p2|Ursaluna||FlameOrb|Guts|HeadlongRush,Facade,Earthquake,Protect|||M|||50|,,,,,Normal]Porygon2||Eviolite|Download|TrickRoom,Recover,Thunderbolt,TeraBlast||||||50|,,,,,Ground]Gholdengo||LifeOrb|GoodasGold|MakeItRain,ShadowBall,NastyPlot,Protect||||||50|,,,,,Dragon]Incineroar||SafetyGoggles|Intimidate|FakeOut,KnockOff,Taunt,PartingShot|||M|||50|,,,,,Ghost]Palafin||ChoiceBand|ZerotoHero|JetPunch,WaveCrash,CloseCombat,FlipTurn|||F|||50|,,,,,Water]Amoonguss||SitrusBerry|Regenerator|Spore,RagePowder,PollenPuff,Protect|||M|||50|,,,,,Grass
|inactive|Battle timer is ON: inactive players will automatically lose when time's up. (requested by hexagonfoot)
|inactive|whynotelmo has 60 seconds left.
|
|t:|1756341291
|teamsize|p1|4
|teamsize|p2|4
|start
|switch|p1a: Rillaboom|Rillaboom, L50, M|100/100
|switch|p1b: Sneasler|Sneasler, L50, F|100/100
|switch|p2a: Porygon2|Porygon2, L50|100/100
|switch|p2b: Amoonguss|Amoonguss, L50, M|100/100
|-fieldstart|move: Grassy Terrain|[from] ability: Grassy Surge|[of] p1a: Rillaboom
|-ability|p2a: Porygon2|Download|boost
|-boost|p2a: Porygon2|atk|1
|turn|1
|inactive|whynotelmo has 30 seconds left.
|inactive|whynotelmo has 20 seconds left.
|inactive|whynotelmo has 15 seconds left.
|inactive|whynotelmo has 10 seconds left.
|
|t:|1756341339
|move|p2b: Amoonguss|Protect|p2b: Amoonguss
|-singleturn|p2b: Amoonguss|Protect
|move|p1a: Rillaboom|Fake Out|p2b: Amoonguss
|-activate|p2b: Amoonguss|move: Protect
|move|p1b: Sneasler|Close Combat|p2a: Porygon2
|-supereffective|p2a: Porygon2
|-damage|p2a: Porygon2|28/100
|-unboost|p1b: Sneasler|def|1
|-unboost|p1b: Sneasler|spd|1
|-status|p2a: Porygon2|psn|[from] ability: Poison Touch|[of] p1b: Sneasler
|move|p2a: Porygon2|Recover|p2a: Porygon2
|-heal|p2a: Porygon2|78/100 psn
|
|-heal|p2a: Porygon2|84/100 psn|[from] Grassy Terrain
|-damage|p2a: Porygon2|71/100 psn|[from] psn
|upkeep
|turn|2
|inactive|hexagonfoot has 30 seconds left.
|inactive|whynotelmo has 30 seconds left.
|
|t:|1756341372
|move|p2b: Amoonguss|Rage Powder|p2b: Amoonguss
|-singleturn|p2b: Amoonguss|move: Rage Powder
|move|p1b: Sneasler|Dire Claw|p2b: Amoonguss
|-damage|p2b: Amoonguss|67/100
|-status|p2b: Amoonguss|slp
|move|p1a: Rillaboom|Wood Hammer|p2a: Porygon2
|-damage|p2a: Porygon2|21/100 psn
|-damage|p1a: Rillaboom|84/100|[from] Recoil
|move|p2a: Porygon2|Trick Room|p2a: Porygon2
|-fieldstart|move: Trick Room|[of] p2a: Porygon2
|
|-heal|p2b: Amoonguss|73/100 slp|[from] Grassy Terrain
|-heal|p2a: Porygon2|28/100 psn|[from] Grassy Terrain
|-heal|p1a: Rillaboom|90/100|[from] Grassy Terrain
|-damage|p2a: Porygon2|15/100 psn|[from] psn
|upkeep
|turn|3
|inactive|whynotelmo has 30 seconds left.
|inactive|whynotelmo has 20 seconds left.
|inactive|whynotelmo has 15 seconds left.
|inactive|whynotelmo has 10 seconds left.
|inactive|whynotelmo has 5 seconds left.
|
|t:|1756341423
|switch|p2b: Incineroar|Incineroar, L50, M|100/100
|-ability|p2b: Incineroar|Intimidate|boost
|-unboost|p1a: Rillaboom|atk|1
|-unboost|p1b: Sneasler|atk|1
|switch|p1b: Kingambit|Kingambit, L50, F|100/100
|move|p1a: Rillaboom|Grassy Glide|p2a: Porygon2
|-damage|p2a: Porygon2|0 fnt
|faint|p2a: Porygon2
|
|-heal|p1a: Rillaboom|96/100|[from] Grassy Terrain
|upkeep
|
|t:|1756341437
|switch|p2a: Ursaluna|Ursaluna, L50, M, shiny|100/100
|turn|4
|inactive|hexagonfoot has 30 seconds left.
|inactive|whynotelmo has 30 seconds left.
|inactive|whynotelmo has 20 seconds left.
|inactive|whynotelmo has 15 seconds left.
|
|t:|1756341478
|move|p2b: Incineroar|Fake Out|p1a: Rillaboom
|-crit|p1a: Rillaboom
|-damage|p1a: Rillaboom|82/100
|move|p2a: Ursaluna|Headlong Rush|p1b: Kingambit
|-supereffective|p1b: Kingambit
|-damage|p1b: Kingambit|0 fnt
|-unboost|p2a: Ursaluna|def|1
|-unboost|p2a: Ursaluna|spd|1
|faint|p1b: Kingambit
|cant|p1a: Rillaboom|flinch
|
|-heal|p1a: Rillaboom|88/100|[from] Grassy Terrain
|-status|p2a: Ursaluna|brn|[from] item: Flame Orb
|upkeep
|
|t:|1756341492
|switch|p1b: Sneasler|Sneasler, L50, F|100/100
|turn|5
|inactive|whynotelmo has 30 seconds left.
|inactive|hexagonfoot has 30 seconds left.
|
|t:|1756341522
|move|p2a: Ursaluna|Protect|p2a: Ursaluna
|-singleturn|p2a: Ursaluna|Protect
|move|p1a: Rillaboom|Grassy Glide|p2a: Ursaluna
|-activate|p2a: Ursaluna|move: Protect
|move|p2b: Incineroar|Parting Shot|p1b: Sneasler
|-unboost|p1b: Sneasler|atk|1
|-unboost|p1b: Sneasler|spa|1
|
|t:|1756341531
|switch|p2b: Amoonguss|Amoonguss, L50, M|100/100 slp|[from] Parting Shot
|move|p1b: Sneasler|Close Combat|p2a: Ursaluna
|-activate|p2a: Ursaluna|move: Protect
|
|-heal|p1a: Rillaboom|94/100|[from] Grassy Terrain
|-damage|p2a: Ursaluna|95/100 brn|[from] brn
|-fieldend|move: Grassy Terrain
|upkeep
|turn|6
|inactive|whynotelmo has 30 seconds left.
|inactive|whynotelmo has 20 seconds left.
|
|t:|1756341567
|switch|p2b: Incineroar|Incineroar, L50, M|100/100
|-ability|p2b: Incineroar|Intimidate|boost
|-unboost|p1a: Rillaboom|atk|1
|-unboost|p1b: Sneasler|atk|1
|-terastallize|p2a: Ursaluna|Normal
|move|p2a: Ursaluna|Earthquake|p1a: Rillaboom|[spread] p2b,p1a,p1b
|-supereffective|p2b: Incineroar
|-resisted|p1a: Rillaboom
|-supereffective|p1b: Sneasler
|-damage|p2b: Incineroar|0 fnt
|-damage|p1a: Rillaboom|58/100
|-enditem|p1b: Sneasler|Focus Sash
|-damage|p1b: Sneasler|1/100
|faint|p2b: Incineroar
|move|p1a: Rillaboom|Wood Hammer|p2a: Ursaluna
|-damage|p2a: Ursaluna|57/100 brn
|-damage|p1a: Rillaboom|44/100|[from] Recoil
|move|p1b: Sneasler|Close Combat|p2a: Ursaluna
|-supereffective|p2a: Ursaluna
|-damage|p2a: Ursaluna|0 fnt
|-unboost|p1b: Sneasler|def|1
|-unboost|p1b: Sneasler|spd|1
|faint|p2a: Ursaluna
|
|-fieldend|move: Trick Room
|upkeep
|inactive|whynotelmo has 30 seconds left.
|
|t:|1756341593
|switch|p2b: Amoonguss|Amoonguss, L50, M|100/100 slp
|turn|7
|
|t:|1756341603
|switch|p1b: Primarina|Primarina, L50, M|100/100
|cant|p2b: Amoonguss|slp
|move|p1a: Rillaboom|High Horsepower|p2b: Amoonguss
|-damage|p2b: Amoonguss|86/100 slp
|
|upkeep
|turn|8
|-message|whynotelmo forfeited.
|
|win|hexagonfoot
|l|☆whynotelmo
|player|p2|
||hexagonfoot is ready for game 2.
||whynotelmo is ready for game 2.
|uhtml|next|Next: Game 2 of 3
