|j|☆olafac
|j|☆PizzaSanwitch
|html|olafacPizzaSanwitch    
|uhtml|bestof|Game 3 of a best-of-3
|t:|1785794997
|gametype|doubles
|player|p1|olafac|cyrus|1149
|player|p2|PizzaSanwitch|1|1240
|gen|9
|tier|[Gen 9 Champions] VGC 2026 Reg M-B (Bo3)
|rated|
|rule|Species Clause: Limit one of each Pokémon
|rule|Item Clause: Limit 1 of each item
|clearpoke
|poke|p1|Ceruledge, L50, F|
|poke|p1|Raichu, L50, F|
|poke|p1|Incineroar, L50, M|
|poke|p1|Sylveon, L50, M|
|poke|p1|Lopunny, L50, M|
|poke|p1|Whimsicott, L50, M|
|poke|p2|Pelipper, L50, F|
|poke|p2|Archaludon, L50, M|
|poke|p2|Venusaur, L50, F|
|poke|p2|Basculegion, L50, M|
|poke|p2|Grimmsnarl, L50, M|
|poke|p2|Charizard, L50, M|
|teampreview|4
|showteam|p1|Ceruledge||FocusSash|WeakArmor|BitterBlade,ShadowSneak,SwordsDance,CloseCombat|Jolly||F|||50|]Raichu||RaichuniteY|LightningRod|ZapCannon,FocusBlast,Protect,GrassKnot|Timid||F|||50|]Incineroar||SitrusBerry|Intimidate|FlareBlitz,PartingShot,FakeOut,DarkestLariat|Adamant||M|||50|]Sylveon||FairyFeather|Pixilate|HyperVoice,HyperBeam,CalmMind,Protect|Modest||M|||50|]Lopunny||Lopunnite|Limber|Acrobatics,FakeOut,CloseCombat,Protect|Jolly||M|||50|]Whimsicott||MentalHerb|Prankster|Tailwind,Moonblast,Encore,SunnyDay|Bold||M|||50|
|showteam|p2|Pelipper||SitrusBerry|Drizzle|WeatherBall,Hurricane,Tailwind,Protect|Modest||F|||50|]Archaludon||Leftovers|Stamina|ElectroShot,FlashCannon,DragonPulse,Protect|Modest||M|||50|]Venusaur||Venusaurite|Chlorophyll|GigaDrain,SludgeBomb,EarthPower,Protect|Modest||F|||50|]Basculegion||ChoiceScarf|Adaptability|WaveCrash,LastRespects,AquaJet,FlipTurn|Jolly||M|||50|]Grimmsnarl||LightClay|Prankster|SpiritBreak,Reflect,LightScreen,PartingShot|Sassy||M|||50|]Charizard||CharizarditeY|SolarPower|HeatWave,WeatherBall,Hurricane,Protect|Modest||M|||50|
|
|t:|1785795027
|teamsize|p1|4
|teamsize|p2|4
|start
|switch|p1a: Incineroar|Incineroar, L50, M|100/100
|switch|p1b: Ceruledge|Ceruledge, L50, F|100/100
|switch|p2a: Pelipper|Pelipper, L50, F|100/100
|switch|p2b: Archaludon|Archaludon, L50, M|100/100
|-weather|RainDance|[from] ability: Drizzle|[of] p2a: Pelipper
|-ability|p1a: Incineroar|Intimidate|boost
|-unboost|p2a: Pelipper|atk|1
|-unboost|p2b: Archaludon|atk|1
|turn|1
|
|t:|1785795053
|switch|p2a: Grimmsnarl|Grimmsnarl, L50, M|100/100
|move|p1a: Incineroar|Fake Out|p2a: Grimmsnarl
|-damage|p2a: Grimmsnarl|84/100
|move|p1b: Ceruledge|Swords Dance|p1b: Ceruledge
|-boost|p1b: Ceruledge|atk|2
|move|p2b: Archaludon|Electro Shot||[still]
|-prepare|p2b: Archaludon|Electro Shot
|-boost|p2b: Archaludon|spa|1
|-anim|p2b: Archaludon|Electro Shot|p1b: Ceruledge
|-damage|p1b: Ceruledge|23/100
|
|-weather|RainDance|[upkeep]
|upkeep
|turn|2
|
|t:|1785795090
|move|p2a: Grimmsnarl|Reflect|p2a: Grimmsnarl
|-sidestart|p2: PizzaSanwitch|Reflect
|move|p1b: Ceruledge|Close Combat|p2b: Archaludon
|-supereffective|p2b: Archaludon|1
|-damage|p2b: Archaludon|24/100
|-unboost|p1b: Ceruledge|def|1
|-unboost|p1b: Ceruledge|spd|1
|-ability|p2b: Archaludon|Stamina|boost
|-boost|p2b: Archaludon|def|1
|move|p2b: Archaludon|Electro Shot||[still]
|-prepare|p2b: Archaludon|Electro Shot
|-boost|p2b: Archaludon|spa|1
|-anim|p2b: Archaludon|Electro Shot|p1b: Ceruledge
|-damage|p1b: Ceruledge|0 fnt
|faint|p1b: Ceruledge
|move|p1a: Incineroar|Flare Blitz|p2a: Grimmsnarl
|-damage|p2a: Grimmsnarl|61/100
|-damage|p1a: Incineroar|92/100|[from] Recoil
|
|-weather|RainDance|[upkeep]
|-heal|p2b: Archaludon|30/100|[from] item: Leftovers
|upkeep
|
|t:|1785795103
|switch|p1b: Sylveon|Sylveon, L50, M|100/100
|turn|3
|
|t:|1785795116
|move|p1b: Sylveon|Protect|p1b: Sylveon
|-singleturn|p1b: Sylveon|Protect
|move|p2a: Grimmsnarl|Light Screen|p2a: Grimmsnarl
|-sidestart|p2: PizzaSanwitch|move: Light Screen
|move|p2b: Archaludon|Flash Cannon|p1b: Sylveon
|-activate|p1b: Sylveon|move: Protect
|move|p1a: Incineroar|Darkest Lariat|p2b: Archaludon
|-damage|p2b: Archaludon|9/100
|-ability|p2b: Archaludon|Stamina|boost
|-boost|p2b: Archaludon|def|1
|
|-weather|RainDance|[upkeep]
|-heal|p2b: Archaludon|15/100|[from] item: Leftovers
|upkeep
|turn|4
|
|t:|1785795160
|move|p2a: Grimmsnarl|Parting Shot|p1b: Sylveon
|-unboost|p1b: Sylveon|atk|1
|-unboost|p1b: Sylveon|spa|1
|
|t:|1785795164
|switch|p2a: Venusaur|Venusaur, L50, F|100/100|[from] Parting Shot
|move|p2b: Archaludon|Flash Cannon|p1b: Sylveon
|-supereffective|p1b: Sylveon|1
|-damage|p1b: Sylveon|0 fnt
|faint|p1b: Sylveon
|move|p1a: Incineroar|Flare Blitz|p2a: Venusaur
|-supereffective|p2a: Venusaur|1
|-damage|p2a: Venusaur|50/100g
|-status|p2a: Venusaur|brn
|-damage|p1a: Incineroar|77/100|[from] Recoil
|
|-weather|RainDance|[upkeep]
|-heal|p2b: Archaludon|21/100|[from] item: Leftovers
|-damage|p2a: Venusaur|44/100 brn|[from] brn
|upkeep
|
|t:|1785795179
|switch|p1b: Raichu|Raichu, L50, F|100/100
|turn|5
|
|t:|1785795215
|detailschange|p1b: Raichu|Raichu-Mega-Y, L50, F
|-mega|p1b: Raichu|Raichu|Raichunite Y
|detailschange|p2a: Venusaur|Venusaur-Mega, L50, F
|-mega|p2a: Venusaur|Venusaur|Venusaurite
|move|p1b: Raichu|Focus Blast|p2b: Archaludon
|-supereffective|p2b: Archaludon|1
|-damage|p2b: Archaludon|0 fnt
|faint|p2b: Archaludon
|move|p2a: Venusaur|Giga Drain|p1b: Raichu
|-damage|p1b: Raichu|36/100
|-heal|p2a: Venusaur|68/100 brn|[from] drain|[of] p1b: Raichu
|move|p1a: Incineroar|Darkest Lariat|p2a: Venusaur
|-damage|p2a: Venusaur|46/100 brn
|
|-weather|none
|-damage|p2a: Venusaur|40/100 brn|[from] brn
|upkeep
|
|t:|1785795237
|switch|p2b: Grimmsnarl|Grimmsnarl, L50, M|61/100
|turn|6
|inactive|Battle timer is ON: inactive players will automatically lose when time's up. (requested by PizzaSanwitch)
|
|t:|1785795268
|move|p1b: Raichu|Zap Cannon|p2b: Grimmsnarl
|-damage|p2b: Grimmsnarl|18/100
|-status|p2b: Grimmsnarl|par
|move|p2a: Venusaur|Earth Power|p1a: Incineroar
|-supereffective|p1a: Incineroar|1
|-damage|p1a: Incineroar|18/100
|-enditem|p1a: Incineroar|Sitrus Berry|[eat]
|-heal|p1a: Incineroar|43/100|[from] item: Sitrus Berry
|move|p1a: Incineroar|Flare Blitz|p2a: Venusaur
|-supereffective|p2a: Venusaur|1
|-damage|p2a: Venusaur|6/100 brn
|-damage|p1a: Incineroar|32/100|[from] Recoil
|move|p2b: Grimmsnarl|Spirit Break|p1a: Incineroar
|-damage|p1a: Incineroar|3/100
|-unboost|p1a: Incineroar|spa|1
|
|-damage|p2a: Venusaur|1/100 brn|[from] brn
|upkeep
|turn|7
|inactive|PizzaSanwitch has 30 seconds left.
|
|t:|1785795293
|move|p1b: Raichu|Protect|p1b: Raichu
|-singleturn|p1b: Raichu|Protect
|move|p2a: Venusaur|Giga Drain|p1b: Raichu
|-activate|p1b: Raichu|move: Protect
|move|p1a: Incineroar|Flare Blitz|p2b: Grimmsnarl
|-damage|p2b: Grimmsnarl|0 fnt
|faint|p2b: Grimmsnarl
|-damage|p1a: Incineroar|0 fnt|[from] Recoil
|faint|p1a: Incineroar
|
|-damage|p2a: Venusaur|0 fnt|[from] brn
|faint|p2a: Venusaur
|upkeep
|
|t:|1785795297
|switch|p2a: Pelipper|Pelipper, L50, F|100/100
|-weather|RainDance|[from] ability: Drizzle|[of] p2a: Pelipper
|turn|8
|
|t:|1785795308
|move|p1b: Raichu|Zap Cannon|p2a: Pelipper
|-supereffective|p2a: Pelipper|2
|-damage|p2a: Pelipper|0 fnt
|faint|p2a: Pelipper
|
|win|olafac
|raw|olafac's rating: 1149 → 1180(+31 for winning)
|raw|PizzaSanwitch's rating: 1240 → 1209(-31 for losing)
|c|☆olafac|ggwp
