|j|‚òÜchefshimi
|j|‚òÜRegionalModeSlow
|html|chefshimiRegionalModeSlow    
|uhtml|bestof|Game 2 of a best-of-3
|t:|1756387077
|gametype|doubles
|player|p1|chefshimi|brycenman|1039
|player|p2|RegionalModeSlow|steven|1196
|gen|9
|tier|[Gen 9] VGC 2025 Reg H (Bo3)
|rated|
|rule|Species Clause: Limit one of each Pok√©mon
|rule|Item Clause: Limit 1 of each item
|clearpoke
|poke|p1|Sneasler, L50, F|
|poke|p1|Rillaboom, L50, F|
|poke|p1|Dragonite, L50, M|
|poke|p1|Kingambit, L50, F|
|poke|p1|Ursaluna-Bloodmoon, L50, M|
|poke|p1|Magmar, L50, F|
|poke|p2|Noivern, L50, M|
|poke|p2|Weezing-Galar, L50, M|
|poke|p2|Gholdengo, L50|
|poke|p2|Garchomp, L50, M|
|poke|p2|Annihilape, L50, M|
|poke|p2|Magmar, L50, F|
|teampreview|4
|showteam|p1|Sneasler||FocusSash|Unburden|DireClaw,CloseCombat,Protect,FakeOut|||F|||50|,,,,,Stellar]Rillaboom||AssaultVest|GrassySurge|GrassyGlide,WoodHammer,HighHorsepower,FakeOut|||F|||50|,,,,,Fire]Dragonite||LoadedDice|Multiscale|ScaleShot,Tailwind,Protect,Haze|||M|||50|,,,,,Fairy]Kingambit||SafetyGoggles|Defiant|SuckerPunch,KowtowCleave,SwordsDance,Protect|||F|||50|,,,,,Ghost]Ursaluna-Bloodmoon||LifeOrb|MindsEye|BloodMoon,HyperVoice,EarthPower,Protect|||M|||50|,,,,,Normal]Magmar||Eviolite|VitalSpirit|Overheat,HelpingHand,FollowMe,Protect|||F|||50|,,,,,Ghost
|showteam|p2|Noivern||CovertCloak|Telepathy|AirSlash,SuperFang,Tailwind,Taunt|||M|||50|,,,,,Steel]Weezing-Galar||ChoiceSpecs|NeutralizingGas|DazzlingGleam,SludgeBomb,StrangeSteam,Flamethrower|||M|||50|,,,,,Flying]Gholdengo||MetalCoat|GoodasGold|MakeItRain,ShadowBall,NastyPlot,Protect||||||50|,,,,,Flying]Garchomp||LifeOrb|RoughSkin|DragonClaw,Earthquake,StompingTantrum,Protect|||M|||50|,,,,,Ground]Annihilape||AssaultVest|Defiant|CloseCombat,ShadowClaw,FinalGambit,Uturn|||M|||50|,,,,,Stellar]Magmar||Eviolite|VitalSpirit|HeatWave,WillOWisp,FollowMe,Protect|||F|||50|,,,,,Ghost
|inactive|Battle timer is ON: inactive players will automatically lose when time's up. (requested by chefshimi)
|inactive|chefshimi has 60 seconds left.
|inactive|RegionalModeSlow has 60 seconds left.
|
|t:|1756387138
|teamsize|p1|4
|teamsize|p2|4
|start
|switch|p1a: Ursaluna|Ursaluna-Bloodmoon, L50, M|100/100
|switch|p1b: Magmar|Magmar, L50, F|100/100
|switch|p2a: Ozzy|Noivern, L50, M|100/100
|switch|p2b: Magmar|Magmar, L50, F|100/100
|turn|1
|
|t:|1756387160
|switch|p2b: Bl√•haj|Garchomp, L50, M|100/100
|-terastallize|p1a: Ursaluna|Normal
|move|p1b: Magmar|Follow Me|p1b: Magmar
|-singleturn|p1b: Magmar|move: Follow Me
|move|p2a: Ozzy|Tailwind|p2a: Ozzy
|-sidestart|p2: RegionalModeSlow|move: Tailwind
|move|p1a: Ursaluna|Hyper Voice|p2b: Bl√•haj|[spread] p2a,p2b
|-damage|p2a: Ozzy|19/100
|-damage|p2b: Bl√•haj|23/100
|-damage|p1a: Ursaluna|91/100|[from] item: Life Orb
|
|upkeep
|turn|2
|
|t:|1756387179
|move|p1b: Magmar|Follow Me|p1b: Magmar
|-singleturn|p1b: Magmar|move: Follow Me
|move|p2a: Ozzy|Super Fang|p1b: Magmar
|-damage|p1b: Magmar|50/100
|move|p2b: Bl√•haj|Earthquake|p1a: Ursaluna|[spread] p1a,p1b
|-activate|p2a: Ozzy|ability: Telepathy
|-supereffective|p1b: Magmar
|-damage|p1a: Ursaluna|44/100
|-damage|p1b: Magmar|0 fnt
|faint|p1b: Magmar
|-damage|p2b: Bl√•haj|13/100|[from] item: Life Orb
|move|p1a: Ursaluna|Hyper Voice|p2b: Bl√•haj|[spread] p2a,p2b
|-damage|p2a: Ozzy|0 fnt
|-damage|p2b: Bl√•haj|0 fnt
|faint|p2a: Ozzy
|faint|p2b: Bl√•haj
|-damage|p1a: Ursaluna|34/100|[from] item: Life Orb
|
|upkeep
|
|t:|1756387192
|switch|p2a: PurpleüíúHaze|Weezing-Galar, L50, M|100/100
|switch|p2b: Magmar|Magmar, L50, F|100/100
|switch|p1b: Rillaboom|Rillaboom, L50, F|100/100
|-ability|p2a: PurpleüíúHaze|Neutralizing Gas
|turn|3
|
|t:|1756387205
|-terastallize|p2b: Magmar|Ghost
|move|p1b: Rillaboom|Fake Out|p2a: PurpleüíúHaze
|-damage|p2a: PurpleüíúHaze|88/100
|move|p2b: Magmar|Heat Wave|p1a: Ursaluna|[spread] p1a
|-miss|p2b: Magmar|p1b: Rillaboom
|-damage|p1a: Ursaluna|4/100
|cant|p2a: PurpleüíúHaze|flinch
|move|p1a: Ursaluna|Hyper Voice|p2b: Magmar|[spread] p2a
|-immune|p2b: Magmar
|-damage|p2a: PurpleüíúHaze|0 fnt
|faint|p2a: PurpleüíúHaze
|-end|p2a: PurpleüíúHaze|ability: Neutralizing Gas
|-fieldstart|move: Grassy Terrain|[from] ability: Grassy Surge|[of] p1b: Rillaboom
|-damage|p1a: Ursaluna|0 fnt|[from] item: Life Orb
|faint|p1a: Ursaluna
|
|upkeep
|
|t:|1756387219
|switch|p1a: Sneasler|Sneasler, L50, F|100/100
|turn|4
|
|t:|1756387229
|move|p2b: Magmar|Will-O-Wisp|p1b: Rillaboom
|-status|p1b: Rillaboom|brn
|move|p1a: Sneasler|Dire Claw|p2b: Magmar
|-resisted|p2b: Magmar
|-damage|p2b: Magmar|84/100
|move|p1b: Rillaboom|Wood Hammer|p2b: Magmar
|-damage|p2b: Magmar|55/100
|-damage|p1b: Rillaboom|92/100 brn|[from] Recoil
|
|-heal|p2b: Magmar|61/100|[from] Grassy Terrain
|-heal|p1b: Rillaboom|98/100 brn|[from] Grassy Terrain
|-damage|p1b: Rillaboom|92/100 brn|[from] brn
|-sideend|p2: RegionalModeSlow|move: Tailwind
|upkeep
|turn|5
|
|t:|1756387243
|move|p1a: Sneasler|Dire Claw|p2b: Magmar
|-resisted|p2b: Magmar
|-damage|p2b: Magmar|46/100
|move|p2b: Magmar|Will-O-Wisp|p1a: Sneasler
|-status|p1a: Sneasler|brn
|move|p1b: Rillaboom|Wood Hammer|p2b: Magmar
|-damage|p2b: Magmar|16/100
|-damage|p1b: Rillaboom|83/100 brn|[from] Recoil
|
|-heal|p2b: Magmar|22/100|[from] Grassy Terrain
|-heal|p1b: Rillaboom|90/100 brn|[from] Grassy Terrain
|-damage|p1a: Sneasler|95/100 brn|[from] brn
|-damage|p1b: Rillaboom|83/100 brn|[from] brn
|upkeep
|turn|6
|
|t:|1756387251
|move|p2b: Magmar|Protect|p2b: Magmar
|-singleturn|p2b: Magmar|Protect
|move|p1a: Sneasler|Dire Claw|p2b: Magmar
|-activate|p2b: Magmar|move: Protect
|move|p1b: Rillaboom|Wood Hammer|p2b: Magmar
|-activate|p2b: Magmar|move: Protect
|
|-heal|p1a: Sneasler|100/100 brn|[from] Grassy Terrain
|-heal|p2b: Magmar|27/100|[from] Grassy Terrain
|-heal|p1b: Rillaboom|90/100 brn|[from] Grassy Terrain
|-damage|p1a: Sneasler|95/100 brn|[from] brn
|-damage|p1b: Rillaboom|83/100 brn|[from] brn
|upkeep
|turn|7
|
|t:|1756387255
|move|p1a: Sneasler|Dire Claw|p2b: Magmar
|-resisted|p2b: Magmar
|-damage|p2b: Magmar|19/100
|move|p2b: Magmar|Heat Wave|p1a: Sneasler|[spread] p1a,p1b
|-supereffective|p1b: Rillaboom
|-damage|p1a: Sneasler|63/100 brn
|-damage|p1b: Rillaboom|48/100 brn
|move|p1b: Rillaboom|Wood Hammer|p2b: Magmar
|-damage|p2b: Magmar|0 fnt
|faint|p2b: Magmar
|-damage|p1b: Rillaboom|42/100 brn|[from] Recoil
|
|win|chefshimi
||RegionalModeSlow is ready for game 3.
||chefshimi is ready for game 3.
|uhtml|next|Next: Game 3 of 3
|l|‚òÜchefshimi
|player|p1|
