|j|☆bent0boxx
|j|☆KorrinaOps5
|html|bent0boxxKorrinaOps5    
|uhtml|bestof|Game 2 of a best-of-3
|t:|1757652475
|gametype|doubles
|player|p1|bent0boxx|266|1033
|player|p2|KorrinaOps5|169|1050
|gen|9
|tier|[Gen 9] VGC 2025 Reg H (Bo3)
|rated|
|rule|Species Clause: Limit one of each Pokémon
|rule|Item Clause: Limit 1 of each item
|clearpoke
|poke|p1|Rillaboom, L50, F|
|poke|p1|Kingambit, L50, M|
|poke|p1|Sneasler, L50, F|
|poke|p1|Dragonite, L50, M|
|poke|p1|Gastrodon, L50, M|
|poke|p1|Ceruledge, L50, F|
|poke|p2|Pelipper, L50, M|
|poke|p2|Archaludon, L50, M|
|poke|p2|Incineroar, L50, F|
|poke|p2|Dragonite, L50, M|
|poke|p2|Ursaluna, L50, F|
|poke|p2|Sinistcha, L50|
|teampreview|4
|showteam|p1|Rillaboom||MiracleSeed|GrassySurge|WoodHammer,GrassyGlide,FakeOut,HighHorsepower|||F|||50|,,,,,Fire]Kingambit||AssaultVest|Defiant|KowtowCleave,SuckerPunch,TeraBlast,IronHead|||M|||50|,,,,,Flying]Sneasler||FocusSash|Unburden|DireClaw,CloseCombat,Coaching,FakeOut|||F|||50|,,,,,Ghost]Dragonite||LoadedDice|Multiscale|ExtremeSpeed,ScaleShot,LowKick,Protect|||M|||50|,,,,,Fairy]Gastrodon||SitrusBerry|StormDrain|EarthPower,IceBeam,ClearSmog,Protect|||M|||50|,,,,,Poison]Ceruledge||Leftovers|FlashFire|BitterBlade,ShadowSneak,BulkUp,Protect|||F|||50|,,,,,Grass
|showteam|p2|Pelipper||FocusSash|Drizzle|MuddyWater,Hurricane,WideGuard,Tailwind|||M|||50|,,,,,Ghost]Archaludon||AssaultVest|Stamina|ElectroShot,DracoMeteor,BodyPress,FlashCannon|||M|||50|,,,,,Bug]Incineroar||SafetyGoggles|Intimidate|KnockOff,FakeOut,Taunt,PartingShot|||F|||50|,,,,,Flying]Dragonite||LoadedDice|Multiscale|ScaleShot,Tailwind,Haze,Protect|||M|||50|,,,,,Steel]Ursaluna||FlameOrb|Guts|Facade,Earthquake,HeadlongRush,Protect|||F|||50|,,,,,Ghost]Sinistcha||SitrusBerry|Hospitality|MatchaGotcha,LifeDew,RagePowder,TrickRoom||||||50|,,,,,Dark
|inactive|Battle timer is ON: inactive players will automatically lose when time's up. (requested by KorrinaOps5)
|inactive|KorrinaOps5 has 60 seconds left.
|
|t:|1757652536
|teamsize|p1|4
|teamsize|p2|4
|start
|switch|p1a: Sneasler|Sneasler, L50, F|100/100
|switch|p1b: Ceruledge|Ceruledge, L50, F|100/100
|switch|p2a: Incineroar|Incineroar, L50, F|100/100
|switch|p2b: Dragonite|Dragonite, L50, M, shiny|100/100
|-ability|p2a: Incineroar|Intimidate|boost
|-unboost|p1a: Sneasler|atk|1
|-unboost|p1b: Ceruledge|atk|1
|turn|1
|
|t:|1757652550
|switch|p2a: Archaludon|Archaludon, L50, M, shiny|100/100
|move|p1a: Sneasler|Coaching|p1b: Ceruledge
|-boost|p1b: Ceruledge|atk|1
|-boost|p1b: Ceruledge|def|1
|move|p2b: Dragonite|Scale Shot|p2a: Archaludon
|-damage|p2a: Archaludon|90/100
|-ability|p2a: Archaludon|Stamina|boost
|-boost|p2a: Archaludon|def|1
|-crit|p2a: Archaludon
|-damage|p2a: Archaludon|74/100
|-ability|p2a: Archaludon|Stamina|boost
|-boost|p2a: Archaludon|def|1
|-damage|p2a: Archaludon|69/100
|-ability|p2a: Archaludon|Stamina|boost
|-boost|p2a: Archaludon|def|1
|-damage|p2a: Archaludon|65/100
|-ability|p2a: Archaludon|Stamina|boost
|-boost|p2a: Archaludon|def|1
|-damage|p2a: Archaludon|61/100
|-ability|p2a: Archaludon|Stamina|boost
|-boost|p2a: Archaludon|def|1
|-hitcount|p2a: Archaludon|5
|-unboost|p2b: Dragonite|def|1
|-boost|p2b: Dragonite|spe|1
|move|p1b: Ceruledge|Bulk Up|p1b: Ceruledge
|-boost|p1b: Ceruledge|atk|1
|-boost|p1b: Ceruledge|def|1
|
|upkeep
|turn|2
|inactive|KorrinaOps5 has 30 seconds left.
|inactive|KorrinaOps5 has 20 seconds left.
|inactive|KorrinaOps5 has 15 seconds left.
|
|t:|1757652594
|switch|p2b: Incineroar|Incineroar, L50, F|100/100
|-ability|p2b: Incineroar|Intimidate|boost
|-unboost|p1a: Sneasler|atk|1
|-unboost|p1b: Ceruledge|atk|1
|switch|p1a: Kingambit|Kingambit, L50, M|100/100
|-terastallize|p1b: Ceruledge|Grass
|move|p2a: Archaludon|Draco Meteor|p1a: Kingambit
|-resisted|p1a: Kingambit
|-damage|p1a: Kingambit|82/100
|-unboost|p2a: Archaludon|spa|2
|move|p1b: Ceruledge|Bitter Blade|p2a: Archaludon
|-damage|p2a: Archaludon|52/100
|-ability|p2a: Archaludon|Stamina|boost
|-boost|p2a: Archaludon|def|1
|
|upkeep
|turn|3
|inactive|bent0boxx has 30 seconds left.
|inactive|KorrinaOps5 has 30 seconds left.
|
|t:|1757652626
|move|p2b: Incineroar|Fake Out|p1b: Ceruledge
|-damage|p1b: Ceruledge|93/100
|move|p1a: Kingambit|Sucker Punch|p2a: Archaludon
|-damage|p2a: Archaludon|45/100
|move|p2a: Archaludon|Body Press|p1a: Kingambit
|-supereffective|p1a: Kingambit
|-damage|p1a: Kingambit|0 fnt
|faint|p1a: Kingambit
|cant|p1b: Ceruledge|flinch
|
|-heal|p1b: Ceruledge|99/100|[from] item: Leftovers
|upkeep
|
|t:|1757652630
|switch|p1a: Sneasler|Sneasler, L50, F|100/100
|turn|4
|inactive|KorrinaOps5 has 30 seconds left.
|inactive|KorrinaOps5 has 20 seconds left.
|
|t:|1757652670
|move|p1a: Sneasler|Fake Out|p2b: Incineroar
|-damage|p2b: Incineroar|87/100
|cant|p2b: Incineroar|flinch
|move|p2a: Archaludon|Body Press|p1a: Sneasler
|-resisted|p1a: Sneasler
|-damage|p1a: Sneasler|6/100
|move|p1b: Ceruledge|Bulk Up|p1b: Ceruledge
|-boost|p1b: Ceruledge|atk|1
|-boost|p1b: Ceruledge|def|1
|
|-heal|p1b: Ceruledge|100/100|[from] item: Leftovers
|upkeep
|turn|5
|
|t:|1757652685
|switch|p2b: Sinistcha|Sinistcha, L50, shiny|100/100
|-heal|p2a: Archaludon|70/100|[from] ability: Hospitality|[of] p2b: Sinistcha
|move|p1b: Ceruledge|Protect|p1b: Ceruledge
|-singleturn|p1b: Ceruledge|Protect
|move|p1a: Sneasler|Close Combat|p2a: Archaludon
|-supereffective|p2a: Archaludon
|-damage|p2a: Archaludon|49/100
|-unboost|p1a: Sneasler|def|1
|-unboost|p1a: Sneasler|spd|1
|move|p2a: Archaludon|Body Press|p1b: Ceruledge
|-activate|p1b: Ceruledge|move: Protect
|
|upkeep
|turn|6
|inactive|KorrinaOps5 has 30 seconds left.
|inactive|KorrinaOps5 has 20 seconds left.
|inactive|KorrinaOps5 has 15 seconds left.
|inactive|KorrinaOps5 has 10 seconds left.
|
|t:|1757652730
|switch|p1a: Dragonite|Dragonite, L50, M|100/100
|move|p2b: Sinistcha|Rage Powder|p2b: Sinistcha
|-singleturn|p2b: Sinistcha|move: Rage Powder
|move|p1b: Ceruledge|Shadow Sneak|p2b: Sinistcha
|-supereffective|p2b: Sinistcha
|-damage|p2b: Sinistcha|49/100
|-enditem|p2b: Sinistcha|Sitrus Berry|[eat]
|-heal|p2b: Sinistcha|74/100|[from] item: Sitrus Berry
|move|p2a: Archaludon|Body Press|p1b: Ceruledge
|-damage|p1b: Ceruledge|53/100
|
|-heal|p1b: Ceruledge|59/100|[from] item: Leftovers
|upkeep
|turn|7
|
|t:|1757652753
|switch|p2b: Incineroar|Incineroar, L50, F|87/100
|-ability|p2b: Incineroar|Intimidate|boost
|-unboost|p1a: Dragonite|atk|1
|-unboost|p1b: Ceruledge|atk|1
|move|p1a: Dragonite|Scale Shot|p2a: Archaludon
|-damage|p2a: Archaludon|47/100
|-damage|p2a: Archaludon|45/100
|-damage|p2a: Archaludon|43/100
|-damage|p2a: Archaludon|41/100
|-damage|p2a: Archaludon|39/100
|-hitcount|p2a: Archaludon|5
|-unboost|p1a: Dragonite|def|1
|-boost|p1a: Dragonite|spe|1
|move|p2a: Archaludon|Body Press|p1b: Ceruledge
|-crit|p1b: Ceruledge
|-damage|p1b: Ceruledge|0 fnt
|faint|p1b: Ceruledge
|
|upkeep
|
|t:|1757652755
|switch|p1b: Sneasler|Sneasler, L50, F|6/100
|turn|8
|
|t:|1757652777
|switch|p2b: Sinistcha|Sinistcha, L50, shiny|74/100
|-heal|p2a: Archaludon|64/100|[from] ability: Hospitality|[of] p2b: Sinistcha
|move|p1b: Sneasler|Fake Out|p2b: Sinistcha
|-immune|p2b: Sinistcha
|move|p1a: Dragonite|Extreme Speed|p2b: Sinistcha
|-immune|p2b: Sinistcha
|move|p2a: Archaludon|Draco Meteor|p1a: Dragonite|[miss]
|-miss|p2a: Archaludon|p1a: Dragonite
|
|upkeep
|turn|9
|inactive|KorrinaOps5 has 30 seconds left.
|inactive|KorrinaOps5 has 20 seconds left.
|inactive|KorrinaOps5 has 15 seconds left.
|
|t:|1757652820
|switch|p2b: Incineroar|Incineroar, L50, F|87/100
|-ability|p2b: Incineroar|Intimidate|boost
|-unboost|p1a: Dragonite|atk|1
|-unboost|p1b: Sneasler|atk|1
|move|p1a: Dragonite|Scale Shot|p2b: Incineroar
|-damage|p2b: Incineroar|79/100
|-damage|p2b: Incineroar|71/100
|-damage|p2b: Incineroar|63/100
|-damage|p2b: Incineroar|55/100
|-damage|p2b: Incineroar|47/100
|-hitcount|p2b: Incineroar|5
|-unboost|p1a: Dragonite|def|1
|-boost|p1a: Dragonite|spe|1
|move|p1b: Sneasler|Close Combat|p2a: Archaludon
|-supereffective|p2a: Archaludon
|-damage|p2a: Archaludon|48/100
|-unboost|p1b: Sneasler|def|1
|-unboost|p1b: Sneasler|spd|1
|move|p2a: Archaludon|Body Press|p1a: Dragonite
|-resisted|p1a: Dragonite
|-damage|p1a: Dragonite|45/100
|
|upkeep
|turn|10
|inactive|KorrinaOps5 has 30 seconds left.
|
|t:|1757652848
|switch|p2b: Sinistcha|Sinistcha, L50, shiny|74/100
|-heal|p2a: Archaludon|73/100|[from] ability: Hospitality|[of] p2b: Sinistcha
|move|p1a: Dragonite|Protect|p1a: Dragonite
|-singleturn|p1a: Dragonite|Protect
|move|p1b: Sneasler|Dire Claw|p2a: Archaludon
|-immune|p2a: Archaludon
|move|p2a: Archaludon|Body Press|p1a: Dragonite
|-activate|p1a: Dragonite|move: Protect
|
|upkeep
|turn|11
|inactive|bent0boxx has 30 seconds left.
|inactive|KorrinaOps5 has 30 seconds left.
|inactive|KorrinaOps5 has 20 seconds left.
|
|t:|1757652886
|move|p1a: Dragonite|Low Kick|p2a: Archaludon
|-supereffective|p2a: Archaludon
|-damage|p2a: Archaludon|67/100
|move|p1b: Sneasler|Dire Claw|p2b: Sinistcha
|-damage|p2b: Sinistcha|49/100
|move|p2a: Archaludon|Body Press|p1a: Dragonite
|-resisted|p1a: Dragonite
|-damage|p1a: Dragonite|0 fnt
|faint|p1a: Dragonite
|move|p2b: Sinistcha|Life Dew|p2b: Sinistcha|[spread] p2a,p2b
|-heal|p2a: Archaludon|92/100
|-heal|p2b: Sinistcha|75/100
|
|upkeep
|turn|12
|
|t:|1757652901
|move|p2b: Sinistcha|Rage Powder|p2b: Sinistcha
|-singleturn|p2b: Sinistcha|move: Rage Powder
|move|p1b: Sneasler|Close Combat|p2b: Sinistcha
|-immune|p2b: Sinistcha
|move|p2a: Archaludon|Body Press|p1b: Sneasler
|-resisted|p1b: Sneasler
|-damage|p1b: Sneasler|0 fnt
|faint|p1b: Sneasler
|
|win|KorrinaOps5
|raw|bent0boxx's rating: 1033 → 1019(-14 for losing)
|raw|KorrinaOps5's rating: 1050 → 1081(+31 for winning)
|l|☆bent0boxx
|player|p1|
|n|☆KorrinaOps5|korrinaops5
