|j|☆sleepd2
|j|☆ChrisJHall13
|html|sleepd2ChrisJHall13    
|uhtml|bestof|Game 3 of a best-of-3
|t:|1784662834
|gametype|doubles
|player|p1|sleepd2|265|1334
|player|p2|ChrisJHall13|102|1237
|gen|9
|tier|[Gen 9 Champions] VGC 2026 Reg M-B (Bo3)
|rated|
|rule|Species Clause: Limit one of each Pokémon
|rule|Item Clause: Limit 1 of each item
|clearpoke
|poke|p1|Hydreigon, L50, M|
|poke|p1|Talonflame, L50, M|
|poke|p1|Basculegion, L50, M|
|poke|p1|Metagross, L50|
|poke|p1|Floette-Eternal, L50, F|
|poke|p1|Sinistcha, L50|
|poke|p2|Incineroar, L50, M|
|poke|p2|Ninetales-Alola, L50, M|
|poke|p2|Gengar, L50, M|
|poke|p2|Dragonite, L50, M|
|poke|p2|Snorlax, L50, F|
|poke|p2|Scrafty, L50, M|
|teampreview|4
|showteam|p1|Hydreigon||LifeOrb|Levitate|Protect,DracoMeteor,DarkPulse,EarthPower|Modest||M|||50|]Talonflame||SharpBeak|GaleWings|Protect,DualWingbeat,Tailwind,QuickGuard|Jolly||M|||50|]Basculegion||MysticWater|Adaptability|Protect,WaveCrash,AquaJet,LastRespects|Adamant||M|||50|]Metagross||Metagrossite|ClearBody|BodyPress,IronHead,PsychicFangs,Protect|Jolly|||||50|]Floette-Eternal||Floettite|FlowerVeil|Protect,DazzlingGleam,LightofRuin,Moonblast|Timid||F|||50|]Sinistcha||KasibBerry|Hospitality|RagePowder,MatchaGotcha,LifeDew,Protect|Bold|||||50|
|showteam|p2|Incineroar||ShucaBerry|Intimidate|FakeOut,DarkestLariat,Protect,PartingShot|Careful||M|||50|]Ninetales-Alola||FocusSash|SnowWarning|Blizzard,Protect,Encore,Disable|Timid||M|||50|]Gengar||Gengarite|CursedBody|PerishSong,ShadowBall,Protect,SludgeBomb|Modest||M|||50|]Dragonite||LifeOrb|InnerFocus|DragonClaw,ExtremeSpeed,Protect,LowKick|Adamant||M|||50|]Snorlax||Leftovers|ThickFat|Yawn,Fissure,DoubleEdge,Protect|Relaxed||F|||50|]Scrafty||Scraftinite|Intimidate|CloseCombat,KnockOff,FakeOut,Protect|Adamant||M|||50|
|inactive|Battle timer is ON: inactive players will automatically lose when time's up. (requested by sleepd2)
|
|t:|1784662863
|teamsize|p1|4
|teamsize|p2|4
|start
|switch|p1a: Talonflame|Talonflame, L50, M|100/100
|switch|p1b: Metagross|Metagross, L50|100/100
|switch|p2a: Incineroar|Incineroar, L50, M|100/100
|switch|p2b: Gengar|Gengar, L50, M|100/100
|-ability|p2a: Incineroar|Intimidate|boost
|-unboost|p1a: Talonflame|atk|1
|-fail|p1b: Metagross|unboost|[from] ability: Clear Body|[of] p1b: Metagross
|turn|1
|
|t:|1784662887
|detailschange|p2b: Gengar|Gengar-Mega, L50, M
|-mega|p2b: Gengar|Gengar|Gengarite
|detailschange|p1b: Metagross|Metagross-Mega, L50
|-mega|p1b: Metagross|Metagross|Metagrossite
|move|p1b: Metagross|Protect|p1b: Metagross
|-singleturn|p1b: Metagross|Protect
|move|p2a: Incineroar|Fake Out|p1a: Talonflame
|-damage|p1a: Talonflame|83/100
|cant|p1a: Talonflame|flinch
|move|p2b: Gengar|Shadow Ball|p1b: Metagross
|-activate|p1b: Metagross|move: Protect
|
|upkeep
|turn|2
|inactive|sleepd2 has 30 seconds left.
|
|t:|1784662923
|move|p2b: Gengar|Protect|p2b: Gengar
|-singleturn|p2b: Gengar|Protect
|move|p1a: Talonflame|Dual Wingbeat|p2a: Incineroar
|-damage|p2a: Incineroar|89/100
|-damage|p2a: Incineroar|78/100
|-hitcount|p2a: Incineroar|2
|move|p1b: Metagross|Body Press|p2a: Incineroar
|-supereffective|p2a: Incineroar|1
|-damage|p2a: Incineroar|17/100
|move|p2a: Incineroar|Parting Shot|p1b: Metagross
|-unboost|p1b: Metagross|atk|1
|-unboost|p1b: Metagross|spa|1
|
|t:|1784662942
|switch|p2a: Dragonite|Dragonite, L50, M|100/100|[from] Parting Shot
|
|upkeep
|turn|3
|
|t:|1784662964
|switch|p2b: Incineroar|Incineroar, L50, M|17/100
|-ability|p2b: Incineroar|Intimidate|boost
|-unboost|p1a: Talonflame|atk|1
|-unboost|p1b: Metagross|atk|1
|move|p1a: Talonflame|Quick Guard|p1a: Talonflame
|-singleturn|p1a: Talonflame|Quick Guard
|move|p1b: Metagross|Psychic Fangs|p2b: Incineroar
|-immune|p2b: Incineroar
|move|p2a: Dragonite|Dragon Claw|p1a: Talonflame
|-damage|p1a: Talonflame|0 fnt
|faint|p1a: Talonflame
|-damage|p2a: Dragonite|90/100|[from] item: Life Orb
|
|upkeep
|
|t:|1784662970
|switch|p1a: Basculegion|Basculegion, L50, M|100/100
|turn|4
|
|t:|1784662987
|move|p2b: Incineroar|Fake Out|p1b: Metagross
|-resisted|p1b: Metagross|1
|-damage|p1b: Metagross|96/100
|cant|p1b: Metagross|flinch
|move|p2a: Dragonite|Dragon Claw|p1a: Basculegion
|-damage|p1a: Basculegion|45/100
|-damage|p2a: Dragonite|80/100|[from] item: Life Orb
|move|p1a: Basculegion|Last Respects|p2a: Dragonite
|-damage|p2a: Dragonite|9/100
|
|upkeep
|turn|5
|inactive|sleepd2 has 30 seconds left.
|
|t:|1784663015
|move|p2a: Dragonite|Protect|p2a: Dragonite
|-singleturn|p2a: Dragonite|Protect
|move|p1a: Basculegion|Aqua Jet|p2b: Incineroar
|-supereffective|p2b: Incineroar|1
|-damage|p2b: Incineroar|0 fnt
|faint|p2b: Incineroar
|move|p1b: Metagross|Psychic Fangs|p2a: Dragonite
|-activate|p2a: Dragonite|move: Protect
|
|upkeep
|
|t:|1784663029
|switch|p2b: Gengar|Gengar-Mega, L50, M|100/100
|turn|6
|inactive|sleepd2 has 30 seconds left.
|
|t:|1784663063
|move|p1b: Metagross|Protect|p1b: Metagross
|-singleturn|p1b: Metagross|Protect
|move|p1a: Basculegion|Aqua Jet|p2a: Dragonite
|-resisted|p2a: Dragonite|1
|-damage|p2a: Dragonite|0 fnt
|faint|p2a: Dragonite
|move|p2b: Gengar|Shadow Ball|p1b: Metagross
|-activate|p1b: Metagross|move: Protect
|
|upkeep
|
|t:|1784663070
|switch|p2a: Ninetales|Ninetales-Alola, L50, M|100/100
|-weather|Snowscape|[from] ability: Snow Warning|[of] p2a: Ninetales
|turn|7
|inactive|sleepd2 has 30 seconds left.
|
|t:|1784663096
|move|p2b: Gengar|Shadow Ball|p1a: Basculegion
|-supereffective|p1a: Basculegion|1
|-damage|p1a: Basculegion|0 fnt
|faint|p1a: Basculegion
|move|p2a: Ninetales|Encore|p1b: Metagross
|-start|p1b: Metagross|Encore
|move|p1b: Metagross|Protect||[still]
|-fail|p1b: Metagross
|
|-weather|Snowscape|[upkeep]
|upkeep
|
|t:|1784663104
|switch|p1a: Hydreigon|Hydreigon, L50, M|100/100
|turn|8
|
|t:|1784663115
|move|p2b: Gengar|Protect|p2b: Gengar
|-singleturn|p2b: Gengar|Protect
|move|p1b: Metagross|Protect|p1b: Metagross
|-singleturn|p1b: Metagross|Protect
|move|p2a: Ninetales|Blizzard|p1a: Hydreigon|[spread] p1a
|-activate|p1b: Metagross|move: Protect
|-supereffective|p1a: Hydreigon|1
|-damage|p1a: Hydreigon|28/100
|move|p1a: Hydreigon|Earth Power|p2a: Ninetales
|-damage|p2a: Ninetales|48/100
|-damage|p1a: Hydreigon|19/100|[from] item: Life Orb
|
|-weather|Snowscape|[upkeep]
|upkeep
|turn|9
|
|t:|1784663128
|move|p1b: Metagross|Protect||[still]
|-fail|p1b: Metagross
|move|p1a: Hydreigon|Protect|p1a: Hydreigon
|-singleturn|p1a: Hydreigon|Protect
|move|p2b: Gengar|Shadow Ball|p1b: Metagross
|-supereffective|p1b: Metagross|1
|-damage|p1b: Metagross|0 fnt
|faint|p1b: Metagross
|move|p2a: Ninetales|Blizzard|p1a: Hydreigon
|-activate|p1a: Hydreigon|move: Protect
|
|-weather|Snowscape|[upkeep]
|upkeep
|turn|10
|-message|sleepd2 forfeited.
|
|win|ChrisJHall13
|raw|sleepd2's rating: 1334 → 1309(-25 for losing)
|raw|ChrisJHall13's rating: 1237 → 1269(+32 for winning)
|c|☆ChrisJHall13|gg
|c|☆sleepd2|u lucky guy
|c|☆ChrisJHall13|true
