|j|☆Jasondddd
|j|☆root2iris
|html|Jasonddddroot2iris    
|uhtml|bestof|Game 3 of a best-of-3
|t:|1754788768
|gametype|doubles
|player|p1|Jasondddd|101|1323
|player|p2|root2iris|guitarist|1262
|gen|9
|tier|[Gen 9] VGC 2025 Reg H (Bo3)
|rated|
|rule|Species Clause: Limit one of each Pokémon
|rule|Item Clause: Limit 1 of each item
|clearpoke
|poke|p1|Volcarona, L50, M|
|poke|p1|Electabuzz, L50, M|
|poke|p1|Kingambit, L50, M|
|poke|p1|Sneasler, L50, M|
|poke|p1|Rillaboom, L50, F|
|poke|p1|Basculegion, L50, M|
|poke|p2|Archaludon, L50, F|
|poke|p2|Pelipper, L50, M|
|poke|p2|Amoonguss, L50, F|
|poke|p2|Incineroar, L50, F|
|poke|p2|Baxcalibur, L50, M|
|poke|p2|Annihilape, L50, M|
|teampreview|4
|showteam|p1|Volcarona||CovertCloak|FlameBody|Protect,QuiverDance,HeatWave,TeraBlast|||M|||50|,,,,,Fairy]Electabuzz||Eviolite|VitalSpirit|Protect,Thunderbolt,Taunt,FollowMe|||M|||50|,,,,,Dragon]Kingambit||SafetyGoggles|Defiant|Protect,SwordsDance,SuckerPunch,KowtowCleave|||M|||50|,,,,,Dark]Sneasler||FocusSash|Unburden|FakeOut,DireClaw,Protect,CloseCombat|||M|||50|,,,,,Ghost]Rillaboom||AssaultVest|GrassySurge|FakeOut,GrassyGlide,WoodHammer,Uturn|||F|||50|,,,,,Fire]Basculegion||ChoiceScarf|Adaptability|FlipTurn,AquaJet,LastRespects,WaveCrash|||M|||50|,,,,,Fairy
|showteam|p2|Archaludon||AssaultVest|Stamina|DragonPulse,ElectroShot,BodyPress,Thunderbolt|||F|||50|,,,,,Bug]Pelipper||FocusSash|Drizzle|MuddyWater,Hurricane,Tailwind,Protect|||M|||50|,,,,,Ghost]Amoonguss||CovertCloak|Regenerator|PollenPuff,RagePowder,Spore,SludgeBomb|||F|||50|,,,,,Fairy]Incineroar||SafetyGoggles|Intimidate|KnockOff,BurningJealousy,PartingShot,FakeOut|||F|||50|,,,,,Ghost]Baxcalibur||LoadedDice|ThermalExchange|IcicleSpear,ScaleShot,HighHorsepower,Protect|||M|||50|,,,,,Ghost]Annihilape||SitrusBerry|Defiant|RageFist,CloseCombat,Coaching,Taunt|||M|||50|,,,,,Fire
|inactive|Battle timer is ON: inactive players will automatically lose when time's up. (requested by root2iris)
|inactive|Jasondddd has 60 seconds left.
|inactive|root2iris has 60 seconds left.
|
|t:|1754788815
|teamsize|p1|4
|teamsize|p2|4
|start
|switch|p1a: Basculegion|Basculegion, L50, M|100/100
|switch|p1b: Volcarona|Volcarona, L50, M|100/100
|switch|p2a: Oathkeeper|Pelipper, L50, M, shiny|100/100
|switch|p2b: Air Combo++|Baxcalibur, L50, M|100/100
|-weather|RainDance|[from] ability: Drizzle|[of] p2a: Oathkeeper
|turn|1
|inactive|root2iris has 30 seconds left.
|
|t:|1754788844
|switch|p2a: Roxas|Archaludon, L50, F|100/100
|-terastallize|p1b: Volcarona|Fairy
|move|p1a: Basculegion|Flip Turn|p2b: Air Combo++
|-resisted|p2b: Air Combo++
|-damage|p2b: Air Combo++|66/100
|
|t:|1754788857
|switch|p1a: Electabuzz|Electabuzz, L50, M|100/100|[from] Flip Turn
|move|p2b: Air Combo++|Scale Shot|p1b: Volcarona
|-immune|p1b: Volcarona
|move|p1b: Volcarona|Tera Blast|p2b: Air Combo++|[anim] Tera Blast Fairy
|-supereffective|p2b: Air Combo++
|-damage|p2b: Air Combo++|0 fnt
|faint|p2b: Air Combo++
|
|-weather|RainDance|[upkeep]
|upkeep
|
|t:|1754788870
|switch|p2b: Oathkeeper|Pelipper, L50, M, shiny|100/100
|turn|2
|
|t:|1754788885
|move|p2b: Oathkeeper|Protect|p2b: Oathkeeper
|-singleturn|p2b: Oathkeeper|Protect
|move|p1a: Electabuzz|Thunderbolt|p2b: Oathkeeper
|-activate|p2b: Oathkeeper|move: Protect
|move|p1b: Volcarona|Quiver Dance|p1b: Volcarona
|-boost|p1b: Volcarona|spa|1
|-boost|p1b: Volcarona|spd|1
|-boost|p1b: Volcarona|spe|1
|move|p2a: Roxas|Electro Shot||[still]
|-prepare|p2a: Roxas|Electro Shot
|-boost|p2a: Roxas|spa|1
|-anim|p2a: Roxas|Electro Shot|p1b: Volcarona
|-damage|p1b: Volcarona|66/100
|
|-weather|RainDance|[upkeep]
|upkeep
|turn|3
|inactive|Jasondddd has 30 seconds left.
|
|t:|1754788914
|switch|p2b: Mikael Mouse|Amoonguss, L50, F|100/100
|move|p1b: Volcarona|Heat Wave|p2a: Roxas|[spread] p2a
|-miss|p1b: Volcarona|p2b: Mikael Mouse
|-damage|p2a: Roxas|80/100
|-ability|p2a: Roxas|Stamina|boost
|-boost|p2a: Roxas|def|1
|move|p1a: Electabuzz|Thunderbolt|p2b: Mikael Mouse
|-resisted|p2b: Mikael Mouse
|-damage|p2b: Mikael Mouse|90/100
|move|p2a: Roxas|Electro Shot||[still]
|-prepare|p2a: Roxas|Electro Shot
|-boost|p2a: Roxas|spa|1
|-anim|p2a: Roxas|Electro Shot|p1b: Volcarona
|-damage|p1b: Volcarona|22/100
|
|-weather|RainDance|[upkeep]
|upkeep
|turn|4
|
|t:|1754788939
|move|p1a: Electabuzz|Follow Me|p1a: Electabuzz
|-singleturn|p1a: Electabuzz|move: Follow Me
|move|p1b: Volcarona|Quiver Dance|p1b: Volcarona
|-boost|p1b: Volcarona|spa|1
|-boost|p1b: Volcarona|spd|1
|-boost|p1b: Volcarona|spe|1
|move|p2a: Roxas|Electro Shot||[still]
|-prepare|p2a: Roxas|Electro Shot
|-boost|p2a: Roxas|spa|1
|-anim|p2a: Roxas|Electro Shot|p1a: Electabuzz
|-resisted|p1a: Electabuzz
|-damage|p1a: Electabuzz|61/100
|move|p2b: Mikael Mouse|Sludge Bomb|p1a: Electabuzz
|-damage|p1a: Electabuzz|40/100
|
|-weather|RainDance|[upkeep]
|upkeep
|turn|5
|inactive|Jasondddd has 30 seconds left.
|
|t:|1754788971
|move|p1b: Volcarona|Protect|p1b: Volcarona
|-singleturn|p1b: Volcarona|Protect
|move|p1a: Electabuzz|Taunt|p2b: Mikael Mouse
|-start|p2b: Mikael Mouse|move: Taunt
|move|p2a: Roxas|Electro Shot||[still]
|-prepare|p2a: Roxas|Electro Shot
|-boost|p2a: Roxas|spa|1
|-anim|p2a: Roxas|Electro Shot|p1a: Electabuzz
|-resisted|p1a: Electabuzz
|-damage|p1a: Electabuzz|0 fnt
|faint|p1a: Electabuzz
|cant|p2b: Mikael Mouse|move: Taunt|Spore
|
|-weather|none
|upkeep
|
|t:|1754788985
|switch|p1a: Rillaboom|Rillaboom, L50, F|100/100
|-fieldstart|move: Grassy Terrain|[from] ability: Grassy Surge|[of] p1a: Rillaboom
|turn|6
|
|t:|1754789002
|switch|p2b: Oathkeeper|Pelipper, L50, M, shiny|100/100
|-weather|RainDance|[from] ability: Drizzle|[of] p2b: Oathkeeper
|move|p1a: Rillaboom|Fake Out|p2a: Roxas
|-resisted|p2a: Roxas
|-damage|p2a: Roxas|77/100
|-ability|p2a: Roxas|Stamina|boost
|-boost|p2a: Roxas|def|1
|move|p1b: Volcarona|Quiver Dance|p1b: Volcarona
|-boost|p1b: Volcarona|spa|1
|-boost|p1b: Volcarona|spd|1
|-boost|p1b: Volcarona|spe|1
|cant|p2a: Roxas|flinch
|
|-weather|RainDance|[upkeep]
|-heal|p1b: Volcarona|28/100|[from] Grassy Terrain
|-heal|p2a: Roxas|83/100|[from] Grassy Terrain
|upkeep
|turn|7
|inactive|Jasondddd has 30 seconds left.
|
|t:|1754789031
|move|p1a: Rillaboom|Grassy Glide|p2a: Roxas
|-resisted|p2a: Roxas
|-damage|p2a: Roxas|80/100
|-ability|p2a: Roxas|Stamina|boost
|-boost|p2a: Roxas|def|1
|move|p1b: Volcarona|Tera Blast|p2a: Roxas|[anim] Tera Blast Fairy
|-damage|p2a: Roxas|0 fnt
|faint|p2a: Roxas
|move|p2b: Oathkeeper|Tailwind|p2b: Oathkeeper
|-sidestart|p2: root2iris|move: Tailwind
|
|-weather|RainDance|[upkeep]
|-heal|p1b: Volcarona|34/100|[from] Grassy Terrain
|upkeep
|
|t:|1754789039
|switch|p2a: Mikael Mouse|Amoonguss, L50, F|100/100
|turn|8
|
|t:|1754789056
|move|p1b: Volcarona|Protect|p1b: Volcarona
|-singleturn|p1b: Volcarona|Protect
|move|p2b: Oathkeeper|Muddy Water|p1b: Volcarona|[spread] p1a
|-activate|p1b: Volcarona|move: Protect
|-resisted|p1a: Rillaboom
|-damage|p1a: Rillaboom|85/100
|move|p2a: Mikael Mouse|Sludge Bomb|p1b: Volcarona
|-activate|p1b: Volcarona|move: Protect
|move|p1a: Rillaboom|U-turn|p2a: Mikael Mouse
|-damage|p2a: Mikael Mouse|79/100
|
|t:|1754789068
|switch|p1a: Basculegion|Basculegion, L50, M|100/100|[from] U-turn
|
|-weather|RainDance|[upkeep]
|-heal|p1b: Volcarona|40/100|[from] Grassy Terrain
|-heal|p2a: Mikael Mouse|85/100|[from] Grassy Terrain
|upkeep
|turn|9
|inactive|Jasondddd has 30 seconds left.
|
|t:|1754789096
|move|p1b: Volcarona|Heat Wave|p2a: Mikael Mouse|[spread] p2a,p2b
|-supereffective|p2a: Mikael Mouse
|-crit|p2a: Mikael Mouse
|-resisted|p2b: Oathkeeper
|-damage|p2a: Mikael Mouse|0 fnt
|-damage|p2b: Oathkeeper|61/100
|faint|p2a: Mikael Mouse
|move|p2b: Oathkeeper|Hurricane|p1b: Volcarona
|-damage|p1b: Volcarona|23/100
|move|p1a: Basculegion|Last Respects|p2b: Oathkeeper
|-damage|p2b: Oathkeeper|0 fnt
|faint|p2b: Oathkeeper
|
|win|Jasondddd
|raw|Jasondddd's rating: 1323 → 1340(+17 for winning)
|raw|root2iris's rating: 1262 → 1241(-21 for losing)
|l|☆root2iris
|player|p2|
