|j|☆inv2021
|j|☆new mental
|html|inv2021new mental    
|uhtml|bestof|Game 3 of a best-of-3
|t:|1784837947
|gametype|doubles
|player|p1|inv2021|102|1202
|player|p2|new mental|volkner|1240
|gen|9
|tier|[Gen 9 Champions] VGC 2026 Reg M-B (Bo3)
|rated|
|rule|Species Clause: Limit one of each Pokémon
|rule|Item Clause: Limit 1 of each item
|clearpoke
|poke|p1|Charizard, L50, M, shiny|
|poke|p1|Sylveon, L50, M, shiny|
|poke|p1|Farigiraf, L50, F|
|poke|p1|Aerodactyl, L50, F|
|poke|p1|Garchomp, L50, F|
|poke|p1|Kingambit, L50, F|
|poke|p2|Charizard, L50, F|
|poke|p2|Garchomp, L50, M|
|poke|p2|Incineroar, L50, F|
|poke|p2|Venusaur, L50, M|
|poke|p2|Toxapex, L50, M|
|poke|p2|Sylveon, L50, M|
|teampreview|4
|showteam|p1|Charizard||CharizarditeY|Blaze|SolarBeam,HeatWave,WeatherBall,Protect|Modest||M|||50|]Sylveon||FairyFeather|Pixilate|HyperVoice,HyperBeam,QuickAttack,Protect|Modest||M|||50|]Farigiraf||SitrusBerry|ArmorTail|Thunderbolt,Psychic,SunnyDay,TrickRoom|Bold||F|||50|]Aerodactyl||Aerodactylite|RockHead|DualWingbeat,Taunt,RockSlide,Tailwind|Adamant||F|||50|]Garchomp||LifeOrb|SandVeil|Earthquake,DragonClaw,RockSlide,Protect|Jolly||F|||50|]Kingambit||FocusSash|Defiant|Protect,KowtowCleave,SuckerPunch,LowKick|Adamant||F|||50|
|showteam|p2|Charizard||CharizarditeY|SolarPower|WeatherBall,HeatWave,AncientPower,Protect|Modest||F|||50|]Garchomp||ChoiceScarf|RoughSkin|RockSlide,DragonClaw,Earthquake,StompingTantrum|Adamant||M|||50|]Incineroar||SitrusBerry|Intimidate|FlareBlitz,FakeOut,DarkestLariat,PartingShot|Impish||F|||50|]Venusaur||LifeOrb|Chlorophyll|SludgeBomb,LeafStorm,EarthPower,Protect|Modest||M|||50|]Toxapex||Leftovers|Regenerator|Infestation,Toxic,WideGuard,BanefulBunker|Bold||M|||50|]Sylveon||FairyFeather|Pixilate|HyperVoice,QuickAttack,Yawn,Detect|Modest||M|||50|
|c|☆new mental|6%
|inactive|Battle timer is ON: inactive players will automatically lose when time's up. (requested by inv2021)
|c|☆inv2021|in single target?
|c|☆new mental|i think so
|inactive|inv2021 has 60 seconds left.
|inactive|new mental has 60 seconds left.
|inactive|inv2021 has 30 seconds left.
|inactive|inv2021 has 20 seconds left.
|inactive|inv2021 has 15 seconds left.
|inactive|inv2021 has 10 seconds left.
|
|t:|1784838055
|teamsize|p1|4
|teamsize|p2|4
|start
|switch|p1a: Farigiraf|Farigiraf, L50, F|100/100
|switch|p1b: Aerodactyl|Aerodactyl, L50, F|100/100
|switch|p2a: Incineroar|Incineroar, L50, F|100/100
|switch|p2b: Sylveon|Sylveon, L50, M|100/100
|-ability|p2a: Incineroar|Intimidate|boost
|-unboost|p1a: Farigiraf|atk|1
|-unboost|p1b: Aerodactyl|atk|1
|turn|1
|inactive|new mental has 30 seconds left.
|
|t:|1784838086
|detailschange|p1b: Aerodactyl|Aerodactyl-Mega, L50, F
|-mega|p1b: Aerodactyl|Aerodactyl|Aerodactylite
|move|p1b: Aerodactyl|Rock Slide|p2b: Sylveon|[spread] p2a,p2b
|-supereffective|p2a: Incineroar|1
|-damage|p2a: Incineroar|70/100
|-damage|p2b: Sylveon|80/100
|move|p2b: Sylveon|Hyper Voice|p1b: Aerodactyl|[spread] p1a,p1b
|-damage|p1a: Farigiraf|59/100
|-damage|p1b: Aerodactyl|52/100
|move|p2a: Incineroar|Darkest Lariat|p1a: Farigiraf
|-supereffective|p1a: Farigiraf|1
|-damage|p1a: Farigiraf|10/100
|-enditem|p1a: Farigiraf|Sitrus Berry|[eat]
|-heal|p1a: Farigiraf|35/100|[from] item: Sitrus Berry
|move|p1a: Farigiraf|Thunderbolt|p2b: Sylveon
|-damage|p2b: Sylveon|63/100
|
|upkeep
|turn|2
|inactive|new mental has 30 seconds left.
|
|t:|1784838116
|move|p1b: Aerodactyl|Rock Slide|p2a: Incineroar|[spread] p2a,p2b
|-supereffective|p2a: Incineroar|1
|-damage|p2a: Incineroar|42/100
|-damage|p2b: Sylveon|44/100
|-enditem|p2a: Incineroar|Sitrus Berry|[eat]
|-heal|p2a: Incineroar|67/100|[from] item: Sitrus Berry
|cant|p2b: Sylveon|flinch
|move|p2a: Incineroar|Darkest Lariat|p1b: Aerodactyl
|-damage|p1b: Aerodactyl|11/100
|move|p1a: Farigiraf|Psychic|p2b: Sylveon
|-damage|p2b: Sylveon|20/100y
|
|upkeep
|turn|3
|
|t:|1784838141
|switch|p2b: Toxapex|Toxapex, L50, M|100/100
|move|p1b: Aerodactyl|Rock Slide|p2a: Incineroar|[spread] p2a,p2b
|-supereffective|p2a: Incineroar|1
|-damage|p2a: Incineroar|36/100
|-damage|p2b: Toxapex|87/100
|cant|p2a: Incineroar|flinch
|move|p1a: Farigiraf|Thunderbolt|p2a: Incineroar
|-damage|p2a: Incineroar|15/100
|
|-heal|p2b: Toxapex|93/100|[from] item: Leftovers
|upkeep
|turn|4
|c|☆new mental|xd
|inactive|inv2021 has 30 seconds left.
|inactive|new mental has 30 seconds left.
|inactive|new mental has 20 seconds left.
|
|t:|1784838180
|switch|p1b: Garchomp|Garchomp, L50, F|100/100
|switch|p2a: Sylveon|Sylveon, L50, M|20/100y
|move|p1a: Farigiraf|Psychic|p2b: Toxapex
|-supereffective|p2b: Toxapex|1
|-crit|p2b: Toxapex
|-damage|p2b: Toxapex|9/100
|move|p2b: Toxapex|Infestation|p1b: Garchomp
|-damage|p1b: Garchomp|96/100
|-activate|p1b: Garchomp|move: Infestation|[of] p2b: Toxapex
|
|-heal|p2b: Toxapex|15/100|[from] item: Leftovers
|-damage|p1b: Garchomp|84/100|[from] move: Infestation|[partiallytrapped]
|upkeep
|turn|5
|c|☆new mental|XDDDDD
|
|t:|1784838206
|-heal|p2b: Toxapex|48/100|[from] ability: Regenerator|[silent]
|switch|p2b: Incineroar|Incineroar, L50, F|15/100
|-ability|p2b: Incineroar|Intimidate|boost
|-unboost|p1a: Farigiraf|atk|1
|-unboost|p1b: Garchomp|atk|1
|move|p2a: Sylveon|Detect|p2a: Sylveon
|-singleturn|p2a: Sylveon|Protect
|move|p1b: Garchomp|Rock Slide|p2b: Incineroar|[spread] p2b
|-activate|p2a: Sylveon|move: Protect
|-supereffective|p2b: Incineroar|1
|-damage|p2b: Incineroar|0 fnt
|faint|p2b: Incineroar
|-damage|p1b: Garchomp|74/100|[from] item: Life Orb
|move|p1a: Farigiraf|Thunderbolt|p2a: Sylveon
|-activate|p2a: Sylveon|move: Protect
|
|-end|p1b: Garchomp|Infestation|[partiallytrapped]|[silent]
|upkeep
|
|t:|1784838210
|switch|p2b: Toxapex|Toxapex, L50, M|48/100
|turn|6
|
|t:|1784838226
|move|p2b: Toxapex|Wide Guard|p2b: Toxapex
|-singleturn|p2b: Toxapex|Wide Guard
|move|p1b: Garchomp|Rock Slide|p2a: Sylveon|[spread] 
|-activate|p2a: Sylveon|move: Wide Guard
|-activate|p2b: Toxapex|move: Wide Guard
|move|p2a: Sylveon|Hyper Voice|p1b: Garchomp|[spread] p1a,p1b
|-supereffective|p1b: Garchomp|1
|-damage|p1a: Farigiraf|0 fnt
|-damage|p1b: Garchomp|0 fnt
|faint|p1a: Farigiraf
|faint|p1b: Garchomp
|
|-heal|p2b: Toxapex|54/100|[from] item: Leftovers
|upkeep
|
|t:|1784838230
|switch|p1b: Sylveon|Sylveon, L50, M, shiny|100/100
|switch|p1a: Aerodactyl|Aerodactyl-Mega, L50, F|11/100
|turn|7
|
|t:|1784838243
|-heal|p2b: Toxapex|87/100|[from] ability: Regenerator|[silent]
|switch|p2b: Charizard|Charizard, L50, F|100/100
|move|p1b: Sylveon|Protect|p1b: Sylveon
|-singleturn|p1b: Sylveon|Protect
|move|p2a: Sylveon|Quick Attack|p1a: Aerodactyl
|-damage|p1a: Aerodactyl|0 fnt
|faint|p1a: Aerodactyl
|
|upkeep
|turn|8
|
|t:|1784838248
|detailschange|p2b: Charizard|Charizard-Mega-Y, L50, F
|-mega|p2b: Charizard|Charizard|Charizardite Y
|-weather|SunnyDay|[from] ability: Drought|[of] p2b: Charizard
|move|p2b: Charizard|Weather Ball|p1b: Sylveon
|-damage|p1b: Sylveon|29/100
|move|p1b: Sylveon|Hyper Voice|p2b: Charizard|[spread] p2a,p2b
|-resisted|p2b: Charizard|1
|-damage|p2a: Sylveon|0 fnt
|-damage|p2b: Charizard|80/100
|faint|p2a: Sylveon
|
|-weather|SunnyDay|[upkeep]
|upkeep
|-message|inv2021 forfeited.
|
|win|new mental
|raw|inv2021's rating: 1202 → 1180(-22 for losing)
|raw|new mental's rating: 1240 → 1262(+22 for winning)
