|j|☆luckstat10
|j|☆Pokeventurer
|html|luckstat10Pokeventurer    
|uhtml|bestof|Game 1 of a best-of-3
|t:|1757020945
|gametype|doubles
|player|p1|luckstat10|266|1070
|player|p2|Pokeventurer|2|1122
|gen|9
|tier|[Gen 9] VGC 2025 Reg H (Bo3)
|rated|
|rule|Species Clause: Limit one of each Pokémon
|rule|Item Clause: Limit 1 of each item
|clearpoke
|poke|p1|Whimsicott, L50, F|
|poke|p1|Typhlosion-Hisui, L50, M|
|poke|p1|Ursaluna-Bloodmoon, L50, M|
|poke|p1|Indeedee, L50, M|
|poke|p1|Sneasler, L50, F|
|poke|p1|Dragapult, L50, F|
|poke|p2|Basculegion, L50, M|
|poke|p2|Pelipper, L50, F|
|poke|p2|Archaludon, L50, F|
|poke|p2|Rillaboom, L50, F|
|poke|p2|Maushold, L50|
|poke|p2|Annihilape, L50, M|
|teampreview|4
|showteam|p1|Whimsicott||CovertCloak|Prankster|Tailwind,SunnyDay,Encore,Moonblast|||F|||50|,,,,,Fire]Typhlosion-Hisui||ChoiceScarf|Blaze|Eruption,HeatWave,ShadowBall,Flamethrower|||M|||50|,,,,,Fire]Ursaluna-Bloodmoon||LifeOrb|MindsEye|BloodMoon,HyperVoice,EarthPower,Protect|||M|||50|,,,,,Ghost]Indeedee||FocusSash|PsychicSurge|ExpandingForce,Imprison,TrickRoom,Protect|||M|||50|,,,,,Psychic]Sneasler||PsychicSeed|Unburden|DireClaw,CloseCombat,ThroatChop,Protect|||F|||50|,,,,,Dark]Dragapult||ChoiceBand|ClearBody|DragonDarts,TeraBlast,PhantomForce,Uturn|||F|||50|,,,,,Ghost
|showteam|p2|Basculegion||ChoiceBand|SwiftSwim|WaveCrash,FlipTurn,LastRespects,AquaJet|||M|||50|,,,,,Water]Pelipper||FocusSash|Drizzle|WeatherBall,Hurricane,Tailwind,Protect|||F|||50|,,,,,Stellar]Archaludon||AssaultVest|Stamina|ElectroShot,FlashCannon,Snarl,BodyPress|||F|||50|,,,,,Grass]Rillaboom||CobaBerry|GrassySurge|FakeOut,GrassyGlide,WoodHammer,Uturn|||F|||50|,,,,,Steel]Maushold||CovertCloak|FriendGuard|FollowMe,BeatUp,SuperFang,Taunt||||||50|,,,,,Ghost]Annihilape||SafetyGoggles|Defiant|DrainPunch,RageFist,BulkUp,Protect|||M|||50|,,,,,Fire
|inactive|Battle timer is ON: inactive players will automatically lose when time's up. (requested by Pokeventurer)
|
|t:|1757020993
|teamsize|p1|4
|teamsize|p2|4
|start
|switch|p1a: Whimsicott|Whimsicott, L50, F, shiny|100/100
|switch|p1b: Ursaluna|Ursaluna-Bloodmoon, L50, M|100/100
|switch|p2a: Zoom!Wake|Basculegion, L50, M|100/100
|switch|p2b: London Paris&Tokyo|Archaludon, L50, F|100/100
|turn|1
|inactive|luckstat10 has 30 seconds left.
|
|t:|1757021021
|-terastallize|p2b: London Paris&Tokyo|Grass
|-terastallize|p1b: Ursaluna|Ghost
|move|p1a: Whimsicott|Sunny Day|p1a: Whimsicott
|-weather|SunnyDay
|move|p2b: London Paris&Tokyo|Body Press|p1b: Ursaluna
|-immune|p1b: Ursaluna
|move|p2a: Zoom!Wake|Flip Turn|p1b: Ursaluna
|-damage|p1b: Ursaluna|84/100
|
|t:|1757021043
|switch|p2a: MonkeyDo2|Rillaboom, L50, F|100/100|[from] Flip Turn
|-fieldstart|move: Grassy Terrain|[from] ability: Grassy Surge|[of] p2a: MonkeyDo2
|move|p1b: Ursaluna|Blood Moon|p2a: MonkeyDo2
|-damage|p2a: MonkeyDo2|13/100
|-damage|p1b: Ursaluna|74/100|[from] item: Life Orb
|
|-weather|SunnyDay|[upkeep]
|-heal|p2a: MonkeyDo2|18/100|[from] Grassy Terrain
|-heal|p1b: Ursaluna|80/100|[from] Grassy Terrain
|upkeep
|turn|2
|
|t:|1757021060
|switch|p2a: Zoom!Wake|Basculegion, L50, M|100/100
|move|p1b: Ursaluna|Protect|p1b: Ursaluna
|-singleturn|p1b: Ursaluna|Protect
|move|p1a: Whimsicott|Encore|p2b: London Paris&Tokyo
|-start|p2b: London Paris&Tokyo|Encore
|move|p2b: London Paris&Tokyo|Body Press|p1a: Whimsicott
|-resisted|p1a: Whimsicott
|-damage|p1a: Whimsicott|84/100
|
|-weather|SunnyDay|[upkeep]
|-heal|p1a: Whimsicott|89/100|[from] Grassy Terrain
|-heal|p1b: Ursaluna|86/100|[from] Grassy Terrain
|upkeep
|turn|3
|
|t:|1757021083
|switch|p2b: MonkeyDo2|Rillaboom, L50, F|18/100
|move|p1a: Whimsicott|Sunny Day||[still]
|-fail|p1a: Whimsicott
|move|p2a: Zoom!Wake|Last Respects|p1b: Ursaluna
|-supereffective|p1b: Ursaluna
|-damage|p1b: Ursaluna|27/100
|move|p1b: Ursaluna|Blood Moon|p2a: Zoom!Wake
|-damage|p2a: Zoom!Wake|0 fnt
|faint|p2a: Zoom!Wake
|-damage|p1b: Ursaluna|17/100|[from] item: Life Orb
|
|-weather|SunnyDay|[upkeep]
|-heal|p1a: Whimsicott|95/100|[from] Grassy Terrain
|-heal|p2b: MonkeyDo2|24/100|[from] Grassy Terrain
|-heal|p1b: Ursaluna|23/100|[from] Grassy Terrain
|upkeep
|
|t:|1757021099
|switch|p2a: London Paris&Tokyo|Archaludon, L50, F, tera:Grass|100/100
|turn|4
|
|t:|1757021112
|switch|p1a: Indeedee|Indeedee, L50, M|100/100
|-fieldstart|move: Psychic Terrain|[from] ability: Psychic Surge|[of] p1a: Indeedee
|move|p2a: London Paris&Tokyo|Flash Cannon|p1a: Indeedee
|-damage|p1a: Indeedee|47/100
|move|p2b: MonkeyDo2|Grassy Glide|p1b: Ursaluna
|-damage|p1b: Ursaluna|6/100
|move|p1b: Ursaluna|Hyper Voice|p2a: London Paris&Tokyo|[spread] p2a,p2b
|-damage|p2a: London Paris&Tokyo|56/100
|-damage|p2b: MonkeyDo2|0 fnt
|-ability|p2a: London Paris&Tokyo|Stamina|boost
|-boost|p2a: London Paris&Tokyo|def|1
|faint|p2b: MonkeyDo2
|-damage|p1b: Ursaluna|0 fnt|[from] item: Life Orb
|faint|p1b: Ursaluna
|
|-weather|SunnyDay|[upkeep]
|upkeep
|
|t:|1757021128
|switch|p2b: BigMouth|Pelipper, L50, F|100/100
|switch|p1b: Whimsicott|Whimsicott, L50, F, shiny|95/100
|-weather|RainDance|[from] ability: Drizzle|[of] p2b: BigMouth
|turn|5
|
|t:|1757021137
|move|p1b: Whimsicott|Sunny Day|p1b: Whimsicott
|-weather|SunnyDay
|move|p1a: Indeedee|Expanding Force|p2a: London Paris&Tokyo|[spread] p2a,p2b
|-damage|p2a: London Paris&Tokyo|9/100
|-damage|p2b: BigMouth|14/100
|-ability|p2a: London Paris&Tokyo|Stamina|boost
|-boost|p2a: London Paris&Tokyo|def|1
|move|p2a: London Paris&Tokyo|Snarl|p1b: Whimsicott|[spread] p1a,p1b
|-supereffective|p1a: Indeedee
|-resisted|p1b: Whimsicott
|-damage|p1a: Indeedee|12/100
|-damage|p1b: Whimsicott|85/100
|-unboost|p1a: Indeedee|spa|1
|move|p2b: BigMouth|Weather Ball|p1a: Indeedee
|-damage|p1a: Indeedee|0 fnt
|faint|p1a: Indeedee
|
|-weather|SunnyDay|[upkeep]
|upkeep
|
|t:|1757021142
|switch|p1a: Typhlosion|Typhlosion-Hisui, L50, M, shiny|100/100
|turn|6
|
|t:|1757021154
|move|p1a: Typhlosion|Eruption|p2a: London Paris&Tokyo|[spread] p2a,p2b
|-supereffective|p2a: London Paris&Tokyo
|-resisted|p2b: BigMouth
|-damage|p2a: London Paris&Tokyo|0 fnt
|-damage|p2b: BigMouth|0 fnt
|faint|p2a: London Paris&Tokyo
|faint|p2b: BigMouth
|
|win|luckstat10
||Pokeventurer is ready for game 2.
||luckstat10 is ready for game 2.
|uhtml|next|Next: Game 2 of 3
