|j|☆jafetjflores1
|j|☆Ryan0771
|html|jafetjflores1Ryan0771    
|uhtml|bestof|Game 1 of a best-of-3
|t:|1782261423
|gametype|doubles
|player|p1|jafetjflores1|266|1034
|player|p2|Ryan0771|170|1087
|gen|9
|tier|[Gen 9 Champions] VGC 2026 Reg M-B (Bo3)
|rated|
|rule|Species Clause: Limit one of each Pokémon
|rule|Item Clause: Limit 1 of each item
|clearpoke
|poke|p1|Raichu, L50, F, shiny|
|poke|p1|Heliolisk, L50, M|
|poke|p1|Torkoal, L50, M|
|poke|p1|Sinistcha-Masterpiece, L50|
|poke|p1|Basculegion, L50, M|
|poke|p1|Tsareena, L50, F|
|poke|p2|Metagross, L50|
|poke|p2|Garchomp, L50, F|
|poke|p2|Incineroar, L50, M|
|poke|p2|Grimmsnarl, L50, M|
|poke|p2|Whimsicott, L50, F|
|poke|p2|Rotom-Wash, L50|
|teampreview|4
|showteam|p1|Raichu||RaichuniteX|Static|FakeOut,VoltSwitch,VoltTackle,Protect|Jolly||F|||50|]Heliolisk||LifeOrb|SolarPower|RisingVoltage,HyperVoice,VoltSwitch,Protect|Timid||M|||50|]Torkoal||HeatRock|Drought|Protect,WeatherBall,HelpingHand,Yawn|Bold||M|||50|]Sinistcha-Masterpiece||KasibBerry|Hospitality|RagePowder,MatchaGotcha,LifeDew,TrickRoom|Calm|||||50|]Basculegion||ChoiceScarf|Adaptability|FlipTurn,WaveCrash,LastRespects,AquaJet|Jolly||M|||50|]Tsareena||SitrusBerry|QueenlyMajesty|TropKick,LowKick,HelpingHand,Protect|Careful||F|||50|
|showteam|p2|Metagross||Metagrossite|ClearBody|IronHead,Protect,PsychicFangs,RockTomb|Jolly|||||50|]Garchomp||LifeOrb|SandVeil|DragonClaw,Earthquake,RockSlide,Protect|Jolly||F|||50|]Incineroar||ShucaBerry|Intimidate|FlareBlitz,PartingShot,ThroatChop,FakeOut|Impish||M|||50|]Grimmsnarl||LightClay|Prankster|LightScreen,Reflect,PartingShot,SpiritBreak|Careful||M|||50|]Whimsicott||FocusSash|Prankster|Moonblast,Tailwind,Protect,Encore|Timid||F|||50|]Rotom-Wash||SitrusBerry|Levitate|HydroPump,WillOWisp,Thunderbolt,Protect|Bold|||||50|
|inactive|Battle timer is ON: inactive players will automatically lose when time's up. (requested by jafetjflores1)
|
|t:|1782261488
|teamsize|p1|4
|teamsize|p2|4
|start
|switch|p1a: Raichu|Raichu, L50, F, shiny|100/100
|switch|p1b: Heliolisk|Heliolisk, L50, M|100/100
|switch|p2a: Grimmsnarl|Grimmsnarl, L50, M|100/100
|switch|p2b: Garchomp|Garchomp, L50, F|100/100
|turn|1
|inactive|jafetjflores1 has 30 seconds left.
|inactive|Ryan0771 has 30 seconds left.
|
|t:|1782261516
|detailschange|p1a: Raichu|Raichu-Mega-X, L50, F, shiny
|-mega|p1a: Raichu|Raichu|Raichunite X
|-fieldstart|move: Electric Terrain|[from] ability: Electric Surge|[of] p1a: Raichu
|move|p1a: Raichu|Fake Out|p2b: Garchomp
|-damage|p2b: Garchomp|84/100
|move|p2a: Grimmsnarl|Reflect|p2a: Grimmsnarl
|-sidestart|p2: Ryan0771|Reflect
|move|p1b: Heliolisk|Rising Voltage|p2a: Grimmsnarl
|-hint|Rising Voltage's BP doubled on grounded target.
|-damage|p2a: Grimmsnarl|11/100
|-damage|p1b: Heliolisk|90/100|[from] item: Life Orb
|cant|p2b: Garchomp|flinch
|
|upkeep
|turn|2
|inactive|jafetjflores1 has 30 seconds left.
|
|t:|1782261551
|move|p1b: Heliolisk|Protect|p1b: Heliolisk
|-singleturn|p1b: Heliolisk|Protect
|move|p2a: Grimmsnarl|Light Screen|p2a: Grimmsnarl
|-sidestart|p2: Ryan0771|move: Light Screen
|move|p1a: Raichu|Volt Switch|p2a: Grimmsnarl
|-damage|p2a: Grimmsnarl|0 fnt
|faint|p2a: Grimmsnarl
|
|t:|1782261563
|switch|p1a: Torkoal|Torkoal, L50, M|100/100|[from] Volt Switch
|-weather|SunnyDay|[from] ability: Drought|[of] p1a: Torkoal
|move|p2b: Garchomp|Earthquake|p1b: Heliolisk|[spread] p1a
|-activate|p1b: Heliolisk|move: Protect
|-supereffective|p1a: Torkoal|1
|-damage|p1a: Torkoal|33/100
|-damage|p2b: Garchomp|75/100|[from] item: Life Orb
|
|-weather|SunnyDay|[upkeep]
|-damage|p1b: Heliolisk|78/100|[from] ability: Solar Power|[of] p1b: Heliolisk
|upkeep
|
|t:|1782261577
|switch|p2a: Metagross|Metagross, L50|100/100
|turn|3
|
|t:|1782261597
|move|p1a: Torkoal|Helping Hand|p1b: Heliolisk
|-singleturn|p1b: Heliolisk|Helping Hand|[of] p1a: Torkoal
|move|p2a: Metagross|Protect|p2a: Metagross
|-singleturn|p2a: Metagross|Protect
|move|p1b: Heliolisk|Hyper Voice|p2a: Metagross|[spread] p2b
|-activate|p2a: Metagross|move: Protect
|-damage|p2b: Garchomp|4/100
|-damage|p1b: Heliolisk|69/100|[from] item: Life Orb
|move|p2b: Garchomp|Earthquake|p1a: Torkoal|[spread] p1a,p1b
|-activate|p2a: Metagross|move: Protect
|-supereffective|p1a: Torkoal|1
|-supereffective|p1b: Heliolisk|1
|-damage|p1a: Torkoal|0 fnt
|-damage|p1b: Heliolisk|0 fnt
|faint|p1a: Torkoal
|faint|p1b: Heliolisk
|-damage|p2b: Garchomp|0 fnt|[from] item: Life Orb
|faint|p2b: Garchomp
|
|-weather|SunnyDay|[upkeep]
|upkeep
|
|t:|1782261614
|switch|p1b: Raichu|Raichu-Mega-X, L50, F, shiny|100/100
|switch|p2b: Incineroar|Incineroar, L50, M|100/100
|switch|p1a: Tsareena|Tsareena, L50, F|100/100
|-ability|p2b: Incineroar|Intimidate|boost
|-unboost|p1a: Tsareena|atk|1
|-unboost|p1b: Raichu|atk|1
|turn|4
|inactive|Ryan0771 has 30 seconds left.
|
|t:|1782261648
|move|p1b: Raichu|Protect|p1b: Raichu
|-singleturn|p1b: Raichu|Protect
|move|p2a: Metagross|Protect|p2a: Metagross
|-singleturn|p2a: Metagross|Protect
|move|p1a: Tsareena|Protect|p1a: Tsareena
|-singleturn|p1a: Tsareena|Protect
|move|p2b: Incineroar|Flare Blitz|p1a: Tsareena
|-activate|p1a: Tsareena|move: Protect
|
|-weather|SunnyDay|[upkeep]
|upkeep
|turn|5
|inactive|jafetjflores1 has 30 seconds left.
|inactive|jafetjflores1 has 20 seconds left.
|inactive|jafetjflores1 has 15 seconds left.
|inactive|jafetjflores1 has 10 seconds left.
|
|t:|1782261694
|detailschange|p2a: Metagross|Metagross-Mega, L50
|-mega|p2a: Metagross|Metagross|Metagrossite
|move|p1b: Raichu|Volt Tackle|p2b: Incineroar
|-damage|p2b: Incineroar|67/100
|-damage|p1b: Raichu|84/100|[from] Recoil
|move|p2a: Metagross|Psychic Fangs|p1b: Raichu
|-damage|p1b: Raichu|1/100
|move|p1a: Tsareena|Low Kick|p2b: Incineroar
|-supereffective|p2b: Incineroar|1
|-damage|p2b: Incineroar|51/100
|move|p2b: Incineroar|Flare Blitz|p1a: Tsareena
|-supereffective|p1a: Tsareena|1
|-damage|p1a: Tsareena|0 fnt
|faint|p1a: Tsareena
|-damage|p2b: Incineroar|21/100|[from] Recoil
|
|-weather|SunnyDay|[upkeep]
|-fieldend|move: Electric Terrain
|upkeep
|turn|6
|
|t:|1782261716
|move|p1b: Raichu|Volt Tackle|p2b: Incineroar
|-damage|p2b: Incineroar|0 fnt
|faint|p2b: Incineroar
|-damage|p1b: Raichu|0 fnt|[from] Recoil
|faint|p1b: Raichu
|
|win|Ryan0771
||jafetjflores1 is ready for game 2.
||Ryan0771 is ready for game 2.
|uhtml|next|Next: Game 2 of 3
