|j|☆B South
|j|☆InTheTemple
|html|B SouthInTheTemple    
|uhtml|bestof|Game 3 of a best-of-3
|t:|1757793707
|gametype|doubles
|player|p1|B South|101|1185
|player|p2|InTheTemple|pokemonranger-gen4|1254
|gen|9
|tier|[Gen 9] VGC 2025 Reg H (Bo3)
|rated|
|rule|Species Clause: Limit one of each Pokémon
|rule|Item Clause: Limit 1 of each item
|clearpoke
|poke|p1|Pelipper, L50, F|
|poke|p1|Archaludon, L50, M|
|poke|p1|Basculegion, L50, M|
|poke|p1|Barraskewda, L50, F|
|poke|p1|Maushold, L50|
|poke|p1|Annihilape, L50, M|
|poke|p2|Amoonguss, L50, F|
|poke|p2|Incineroar, L50, F|
|poke|p2|Porygon2, L50|
|poke|p2|Ursaluna, L50, M|
|poke|p2|Hydreigon, L50, F|
|poke|p2|Annihilape, L50, F|
|teampreview|4
|showteam|p1|Pelipper||ChoiceScarf|Drizzle|Tailwind,WeatherBall,Hurricane,WideGuard|||F|||50|,,,,,Stellar]Archaludon||AssaultVest|Stamina|ElectroShot,BodyPress,DracoMeteor,FlashCannon|||M|||50|,,,,,Bug]Basculegion||MysticWater|SwiftSwim|AquaJet,FlipTurn,WaveCrash,LastRespects|||M|||50|,,,,,Water]Barraskewda||ChoiceBand|PropellerTail|FlipTurn,Liquidation,CloseCombat,AquaJet|||F|||50|,,,,,Fighting]Maushold||SafetyGoggles|FriendGuard|BeatUp,FollowMe,Taunt,Protect||||||50|,,,,,Ghost]Annihilape||Leftovers|Defiant|BulkUp,RageFist,DrainPunch,Protect|||M|||50|,,,,,Grass
|showteam|p2|Amoonguss||SitrusBerry|Regenerator|ClearSmog,PollenPuff,Spore,RagePowder|||F|||50|,,,,,Water]Incineroar||AssaultVest|Intimidate|FakeOut,KnockOff,FlareBlitz,Uturn|||F|||50|,,,,,Grass]Porygon2||Eviolite|Download|TeraBlast,IceBeam,Recover,TrickRoom||||||50|,,,,,Fighting]Ursaluna||FlameOrb|Guts|Facade,HeadlongRush,Earthquake,Protect|||M|||50|,,,,,Fairy]Hydreigon||SafetyGoggles|Levitate|DracoMeteor,Snarl,Taunt,Protect|||F|||50|,,,,,Ghost]Annihilape||FocusSash|Defiant|CloseCombat,RageFist,BrickBreak,Coaching|||F|||50|,,,,,Fire
|inactive|Battle timer is ON: inactive players will automatically lose when time's up. (requested by B South)
|
|t:|1757793730
|teamsize|p1|4
|teamsize|p2|4
|start
|switch|p1a: Annihilape|Annihilape, L50, M|100/100
|switch|p1b: Maushold|Maushold, L50|100/100
|switch|p2a: Annihilape|Annihilape, L50, F|100/100
|switch|p2b: Ursaluna|Ursaluna, L50, M|100/100
|turn|1
|inactive|B South has 30 seconds left.
|
|t:|1757793760
|move|p1b: Maushold|Beat Up|p1a: Annihilape
|-damage|p1a: Annihilape|99/100
|-damage|p1a: Annihilape|97/100
|-damage|p1a: Annihilape|95/100
|-crit|p1a: Annihilape
|-damage|p1a: Annihilape|92/100
|-hitcount|p1a: Annihilape|4
|move|p2a: Annihilape|Close Combat|p1b: Maushold
|-supereffective|p1b: Maushold
|-damage|p1b: Maushold|0 fnt
|-unboost|p2a: Annihilape|def|1
|-unboost|p2a: Annihilape|spd|1
|faint|p1b: Maushold
|move|p1a: Annihilape|Rage Fist|p2a: Annihilape
|-supereffective|p2a: Annihilape
|-enditem|p2a: Annihilape|Focus Sash
|-damage|p2a: Annihilape|1/100
|move|p2b: Ursaluna|Headlong Rush|p1a: Annihilape
|-damage|p1a: Annihilape|33/100
|-unboost|p2b: Ursaluna|def|1
|-unboost|p2b: Ursaluna|spd|1
|
|-heal|p1a: Annihilape|39/100|[from] item: Leftovers
|-status|p2b: Ursaluna|brn|[from] item: Flame Orb
|upkeep
|inactive|B South has 30 seconds left.
|
|t:|1757793786
|switch|p1b: Basculegion|Basculegion, L50, M|100/100
|turn|2
|
|t:|1757793801
|switch|p2a: Porygon2|Porygon2, L50|100/100
|-ability|p2a: Porygon2|Download|boost
|-boost|p2a: Porygon2|atk|1
|switch|p1a: Peeko|Pelipper, L50, F, shiny|100/100
|-weather|RainDance|[from] ability: Drizzle|[of] p1a: Peeko
|move|p2b: Ursaluna|Protect|p2b: Ursaluna
|-singleturn|p2b: Ursaluna|Protect
|move|p1b: Basculegion|Aqua Jet|p2a: Porygon2
|-damage|p2a: Porygon2|80/100
|
|-weather|RainDance|[upkeep]
|-damage|p2b: Ursaluna|94/100 brn|[from] brn
|upkeep
|turn|3
|inactive|B South has 30 seconds left.
|
|t:|1757793836
|switch|p2a: Annihilape|Annihilape, L50, F|1/100
|switch|p2b: Amoonguss|Amoonguss, L50, F|100/100
|-terastallize|p1b: Basculegion|Water
|move|p1b: Basculegion|Wave Crash|p2b: Amoonguss
|-resisted|p2b: Amoonguss
|-damage|p2b: Amoonguss|39/100
|-enditem|p2b: Amoonguss|Sitrus Berry|[eat]
|-heal|p2b: Amoonguss|64/100|[from] item: Sitrus Berry
|-damage|p1b: Basculegion|79/100|[from] Recoil
|move|p1a: Peeko|Weather Ball|p2a: Annihilape
|-damage|p2a: Annihilape|0 fnt
|faint|p2a: Annihilape
|
|-weather|RainDance|[upkeep]
|upkeep
|
|t:|1757793847
|switch|p2a: Porygon2|Porygon2, L50|80/100
|-ability|p2a: Porygon2|Download|boost
|-boost|p2a: Porygon2|spa|1
|turn|4
|
|t:|1757793872
|-terastallize|p2b: Amoonguss|Water
|move|p2b: Amoonguss|Rage Powder|p2b: Amoonguss
|-singleturn|p2b: Amoonguss|move: Rage Powder
|move|p1b: Basculegion|Flip Turn|p2b: Amoonguss
|-resisted|p2b: Amoonguss
|-damage|p2b: Amoonguss|34/100
|
|t:|1757793878
|switch|p1b: Annihilape|Annihilape, L50, M|39/100|[from] Flip Turn
|move|p1a: Peeko|Weather Ball|p2b: Amoonguss
|-resisted|p2b: Amoonguss
|-damage|p2b: Amoonguss|9/100
|move|p2a: Porygon2|Trick Room|p2a: Porygon2
|-fieldstart|move: Trick Room|[of] p2a: Porygon2
|
|-weather|RainDance|[upkeep]
|-heal|p1b: Annihilape|45/100|[from] item: Leftovers
|upkeep
|turn|5
|
|t:|1757793901
|move|p2b: Amoonguss|Spore|p1b: Annihilape
|-status|p1b: Annihilape|slp|[from] move: Spore
|move|p2a: Porygon2|Tera Blast|p1a: Peeko
|-damage|p1a: Peeko|16/100
|cant|p1b: Annihilape|slp
|move|p1a: Peeko|Weather Ball|p2b: Amoonguss
|-resisted|p2b: Amoonguss
|-damage|p2b: Amoonguss|0 fnt
|faint|p2b: Amoonguss
|
|-weather|RainDance|[upkeep]
|-heal|p1b: Annihilape|51/100 slp|[from] item: Leftovers
|upkeep
|
|t:|1757793908
|switch|p2b: Ursaluna|Ursaluna, L50, M|94/100 brn
|turn|6
|
|t:|1757793928
|cant|p1b: Annihilape|slp
|move|p2b: Ursaluna|Headlong Rush|p1b: Annihilape
|-damage|p1b: Annihilape|0 fnt
|-unboost|p2b: Ursaluna|def|1
|-unboost|p2b: Ursaluna|spd|1
|faint|p1b: Annihilape
|move|p2a: Porygon2|Ice Beam|p1a: Peeko
|-crit|p1a: Peeko
|-damage|p1a: Peeko|0 fnt
|faint|p1a: Peeko
|
|-weather|none
|-damage|p2b: Ursaluna|88/100 brn|[from] brn
|upkeep
|
|t:|1757793943
|switch|p1a: Basculegion|Basculegion, L50, M, tera:Water|79/100
|turn|7
|
|t:|1757793954
|move|p1a: Basculegion|Aqua Jet|p2b: Ursaluna
|-supereffective|p2b: Ursaluna
|-damage|p2b: Ursaluna|19/100 brn
|move|p2b: Ursaluna|Headlong Rush|p1a: Basculegion
|-damage|p1a: Basculegion|0 fnt
|-unboost|p2b: Ursaluna|def|1
|-unboost|p2b: Ursaluna|spd|1
|faint|p1a: Basculegion
|
|win|InTheTemple
|raw|B South's rating: 1185 → 1165(-20 for losing)
|raw|InTheTemple's rating: 1254 → 1274(+20 for winning)
|l|☆B South
|player|p1|
|j|☆B South
|player|p1|B South|101|
|l|☆B South
|player|p1|
