|j|☆MrMrvz
|j|☆sidhuistic
|html|MrMrvzsidhuistic    
|uhtml|bestof|Game 2 of a best-of-3
|t:|1785947090
|gametype|doubles
|player|p1|MrMrvz|ethan|1172
|player|p2|sidhuistic|richboy-gen4|1186
|gen|9
|tier|[Gen 9 Champions] VGC 2026 Reg M-B (Bo3)
|rated|
|rule|Species Clause: Limit one of each Pokémon
|rule|Item Clause: Limit 1 of each item
|clearpoke
|poke|p1|Feraligatr, L50, M, shiny|
|poke|p1|Staraptor, L50, F|
|poke|p1|Whimsicott, L50, F|
|poke|p1|Glimmora, L50, F|
|poke|p1|Delphox, L50, M|
|poke|p1|Kingambit, L50, M, shiny|
|poke|p2|Delphox, L50, F|
|poke|p2|Blastoise, L50, M|
|poke|p2|Vivillon, L50, F|
|poke|p2|Maushold, L50|
|poke|p2|Incineroar, L50, M|
|poke|p2|Sinistcha, L50|
|teampreview|4
|showteam|p1|Feraligatr||LifeOrb|SheerForce|Liquidation,RockSlide,IcePunch,AquaJet|Adamant||M|||50|]Staraptor||Staraptite|Intimidate|BraveBird,CloseCombat,Roost,Protect|Jolly||F|||50|]Whimsicott||OccaBerry|Prankster|Tailwind,Moonblast,Charm,LightScreen|Timid||F|||50|]Glimmora||FocusSash|ToxicDebris|PowerGem,SludgeBomb,EarthPower,SpikyShield|Modest||F|||50|]Delphox||Delphoxite|Blaze|HeatWave,Psychic,Encore,Protect|Timid||M|||50|]Kingambit||ChopleBerry|Defiant|KowtowCleave,IronHead,LowKick,SuckerPunch|Adamant||M|||50|
|showteam|p2|Delphox||Delphoxite|Blaze|HeatWave,NastyPlot,Psyshock,Protect|Modest||F|||50|]Blastoise||Blastoisinite|RainDish|DarkPulse,WaterSpout,ShellSmash,Protect|Modest||M|||50|]Vivillon||ChoiceScarf|CompoundEyes|SleepPowder,Hurricane,RagePowder,PollenPuff|Timid||F|||50|]Maushold||WideLens|Technician|PopulationBomb,FollowMe,Feint,Protect|Jolly|||||50|]Incineroar||SitrusBerry|Intimidate|FlareBlitz,HelpingHand,PartingShot,FakeOut|Careful||M|||50|]Sinistcha||KasibBerry|Hospitality|MatchaGotcha,RagePowder,TrickRoom,Protect|Bold|||||50|
|c|☆sidhuistic|enc on whims is imp thats y
|inactive|Battle timer is ON: inactive players will automatically lose when time's up. (requested by sidhuistic)
|
|t:|1785947133
|teamsize|p1|4
|teamsize|p2|4
|start
|switch|p1a: Whimsicott|Whimsicott, L50, F|100/100
|switch|p1b: Delphox|Delphox, L50, M|100/100
|switch|p2a: Blastoise|Blastoise, L50, M|100/100
|switch|p2b: Vivillon|Vivillon, L50, F|100/100
|turn|1
|inactive|MrMrvz has 30 seconds left.
|inactive|sidhuistic has 30 seconds left.
|
|t:|1785947167
|detailschange|p1b: Delphox|Delphox-Mega, L50, M
|-mega|p1b: Delphox|Delphox|Delphoxite
|detailschange|p2a: Blastoise|Blastoise-Mega, L50, M
|-mega|p2a: Blastoise|Blastoise|Blastoisinite
|move|p1a: Whimsicott|Tailwind|p1a: Whimsicott
|-sidestart|p1: MrMrvz|move: Tailwind
|move|p1b: Delphox|Heat Wave|p2b: Vivillon|[spread] p2a,p2b
|-resisted|p2a: Blastoise|1
|-supereffective|p2b: Vivillon|1
|-damage|p2a: Blastoise|80/100
|-damage|p2b: Vivillon|0 fnt
|faint|p2b: Vivillon
|move|p2a: Blastoise|Water Spout|p1b: Delphox|[spread] p1a,p1b
|-resisted|p1a: Whimsicott|1
|-supereffective|p1b: Delphox|1
|-damage|p1a: Whimsicott|65/100
|-damage|p1b: Delphox|0 fnt
|faint|p1b: Delphox
|
|upkeep
|
|t:|1785947182
|switch|p1b: Kingambit|Kingambit, L50, M, shiny|100/100
|switch|p2b: Incineroar|Incineroar, L50, M|100/100
|-ability|p2b: Incineroar|Intimidate|boost
|-unboost|p1a: Whimsicott|atk|1
|-unboost|p1b: Kingambit|atk|1
|-ability|p1b: Kingambit|Defiant|boost
|-boost|p1b: Kingambit|atk|2
|turn|2
|inactive|MrMrvz has 30 seconds left.
|
|t:|1785947211
|move|p1a: Whimsicott|Moonblast|p2a: Blastoise
|-damage|p2a: Blastoise|54/100
|move|p1b: Kingambit|Low Kick|p2b: Incineroar
|-supereffective|p2b: Incineroar|1
|-crit|p2b: Incineroar
|-damage|p2b: Incineroar|0 fnt
|faint|p2b: Incineroar
|move|p2a: Blastoise|Shell Smash|p2a: Blastoise
|-unboost|p2a: Blastoise|def|1
|-unboost|p2a: Blastoise|spd|1
|-boost|p2a: Blastoise|atk|2
|-boost|p2a: Blastoise|spa|2
|-boost|p2a: Blastoise|spe|2
|
|upkeep
|
|t:|1785947218
|switch|p2b: Maushold|Maushold, L50|100/100
|turn|3
|inactive|sidhuistic has 30 seconds left.
|inactive|sidhuistic has 20 seconds left.
|inactive|sidhuistic has 15 seconds left.
|
|t:|1785947262
|move|p2a: Blastoise|Protect|p2a: Blastoise
|-singleturn|p2a: Blastoise|Protect
|move|p1a: Whimsicott|Moonblast|p2b: Maushold
|-damage|p2b: Maushold|61/100
|-unboost|p2b: Maushold|spa|1
|move|p2b: Maushold|Population Bomb|p1b: Kingambit
|-resisted|p1b: Kingambit|1
|-damage|p1b: Kingambit|96/100
|-resisted|p1b: Kingambit|1
|-damage|p1b: Kingambit|92/100
|-resisted|p1b: Kingambit|1
|-damage|p1b: Kingambit|88/100
|-resisted|p1b: Kingambit|1
|-damage|p1b: Kingambit|84/100
|-resisted|p1b: Kingambit|1
|-damage|p1b: Kingambit|80/100
|-resisted|p1b: Kingambit|1
|-damage|p1b: Kingambit|75/100
|-resisted|p1b: Kingambit|1
|-damage|p1b: Kingambit|71/100
|-resisted|p1b: Kingambit|1
|-damage|p1b: Kingambit|68/100
|-resisted|p1b: Kingambit|1
|-damage|p1b: Kingambit|64/100
|-resisted|p1b: Kingambit|1
|-damage|p1b: Kingambit|60/100
|-hitcount|p1b: Kingambit|10
|move|p1b: Kingambit|Low Kick|p2b: Maushold
|-supereffective|p2b: Maushold|1
|-damage|p2b: Maushold|21/100
|
|upkeep
|turn|4
|inactive|MrMrvz has 30 seconds left.
|inactive|sidhuistic has 30 seconds left.
|inactive|sidhuistic has 20 seconds left.
|
|t:|1785947300
|move|p2b: Maushold|Protect|p2b: Maushold
|-singleturn|p2b: Maushold|Protect
|move|p1b: Kingambit|Sucker Punch||[still]
|-fail|p1b: Kingambit
|move|p1a: Whimsicott|Moonblast|p2b: Maushold
|-activate|p2b: Maushold|move: Protect
|move|p2a: Blastoise|Shell Smash|p2a: Blastoise
|-unboost|p2a: Blastoise|def|1
|-unboost|p2a: Blastoise|spd|1
|-boost|p2a: Blastoise|atk|2
|-boost|p2a: Blastoise|spa|2
|-boost|p2a: Blastoise|spe|2
|
|-sideend|p1: MrMrvz|move: Tailwind
|upkeep
|turn|5
|c|☆sidhuistic|ggs
|
|t:|1785947317
|move|p2b: Maushold|Follow Me|p2b: Maushold
|-singleturn|p2b: Maushold|move: Follow Me
|move|p1b: Kingambit|Sucker Punch||[still]
|-fail|p1b: Kingambit
|move|p2a: Blastoise|Water Spout|p1b: Kingambit|[spread] p1a,p1b
|-resisted|p1a: Whimsicott|1
|-damage|p1a: Whimsicott|0 fnt
|-damage|p1b: Kingambit|0 fnt
|faint|p1a: Whimsicott
|faint|p1b: Kingambit
|
|upkeep
|
|t:|1785947328
|switch|p1b: Feraligatr|Feraligatr, L50, M, shiny|100/100
|turn|6
|
|t:|1785947335
|move|p2a: Blastoise|Protect|p2a: Blastoise
|-singleturn|p2a: Blastoise|Protect
|move|p2b: Maushold|Population Bomb|p1b: Feraligatr
|-damage|p1b: Feraligatr|90/100
|-damage|p1b: Feraligatr|79/100
|-damage|p1b: Feraligatr|69/100
|-damage|p1b: Feraligatr|58/100
|-damage|p1b: Feraligatr|47/100
|-damage|p1b: Feraligatr|37/100
|-damage|p1b: Feraligatr|27/100
|-damage|p1b: Feraligatr|17/100
|-damage|p1b: Feraligatr|7/100
|-damage|p1b: Feraligatr|0 fnt
|faint|p1b: Feraligatr
|-hitcount|p1: Feraligatr|10
|
|win|sidhuistic
|raw|MrMrvz's rating: 1172 → 1148(-24 for losing)
|raw|sidhuistic's rating: 1186 → 1210(+24 for winning)
|c|☆MrMrvz|nooooo
|c|☆MrMrvz|GG!
|c|☆sidhuistic|ggs
|l|☆MrMrvz
|player|p1|
|c|☆sidhuistic|ferali is cool
|l|☆sidhuistic
|player|p2|
|j|☆MrMrvz
|player|p1|MrMrvz|ethan|
