|j|☆WeezingFan12
|j|☆heitorf
|html|WeezingFan12heitorf    
|uhtml|bestof|Game 2 of a best-of-3
|t:|1783564354
|gametype|doubles
|player|p1|WeezingFan12|bruno|
|player|p2|heitorf|2|
|gen|9
|tier|[Gen 9 Champions] VGC 2026 Reg M-B (Bo3)
|rule|Species Clause: Limit one of each Pokémon
|rule|Item Clause: Limit 1 of each item
|clearpoke
|poke|p1|Crabominable, L50, M|
|poke|p1|Farigiraf, L50, M|
|poke|p1|Torkoal, L50, M|
|poke|p1|Incineroar, L50, F|
|poke|p1|Venusaur, L50, M|
|poke|p1|Charizard, L50, M|
|poke|p2|Mawile, L50, F|
|poke|p2|Incineroar, L50, F|
|poke|p2|Dragalge, L50, M|
|poke|p2|Farigiraf, L50, F|
|poke|p2|Pelipper, L50, F|
|poke|p2|Hydrapple, L50, F|
|teampreview|4
|showteam|p1|Crabominable||Crabominite|HyperCutter|IceHammer,DrainPunch,MachPunch,Protect|Brave||M|||50|]Farigiraf||SitrusBerry|ArmorTail|Psychic,HelpingHand,TrickRoom,Protect|Bold||M|||50|]Torkoal||Charcoal|Drought|Eruption,WeatherBall,HelpingHand,Protect|Quiet||M|||50|]Incineroar||PasshoBerry|Intimidate|FakeOut,FlareBlitz,DarkestLariat,PartingShot|Adamant||F|||50|]Venusaur||FocusSash|Chlorophyll|SludgeBomb,LeafStorm,SleepPowder,Protect|Modest||M|||50|]Charizard||ChoiceScarf|SolarPower|WeatherBall,HeatWave,DragonPulse,ScorchingSands|Modest||M|||50|
|showteam|p2|Mawile||Mawilite|HyperCutter|IronHead,Protect,PlayRough,SuckerPunch|Brave||F|||50|]Incineroar||SitrusBerry|Intimidate|FakeOut,PartingShot,DarkestLariat,FlareBlitz|Adamant||F|||50|]Dragalge||Dragalgite|PoisonTouch|SludgeBomb,Thunder,Protect,DragonPulse|Modest||M|||50|]Farigiraf||ColburBerry|ArmorTail|Psychic,HelpingHand,Protect,TrickRoom|Sassy||F|||50|]Pelipper||FocusSash|Drizzle|Protect,WeatherBall,Hurricane,WideGuard|Timid||F|||50|]Hydrapple||LifeOrb|SupersweetSyrup|FickleBeam,GigaDrain,HydroPump,Protect|Quiet||F|||50|
|inactive|Battle timer is ON: inactive players will automatically lose when time's up. (requested by heitorf)
|inactive|heitorf has 60 seconds left.
|
|t:|1783564399
|teamsize|p1|4
|teamsize|p2|4
|start
|switch|p1a: Venusaur|Venusaur, L50, M|100/100
|switch|p1b: Charizard|Charizard, L50, M|100/100
|switch|p2a: Incineroar|Incineroar, L50, F|100/100
|switch|p2b: Mawile|Mawile, L50, F|100/100
|-ability|p2a: Incineroar|Intimidate|boost
|-unboost|p1a: Venusaur|atk|1
|-unboost|p1b: Charizard|atk|1
|turn|1
|inactive|heitorf has 30 seconds left.
|inactive|heitorf has 20 seconds left.
|inactive|heitorf has 15 seconds left.
|
|t:|1783564441
|switch|p1a: Torkoal|Torkoal, L50, M|100/100
|-weather|SunnyDay|[from] ability: Drought|[of] p1a: Torkoal
|switch|p2a: Pelipper|Pelipper, L50, F|100/100
|-weather|RainDance|[from] ability: Drizzle|[of] p2a: Pelipper
|detailschange|p2b: Mawile|Mawile-Mega, L50, F
|-mega|p2b: Mawile|Mawile|Mawilite
|move|p1b: Charizard|Heat Wave|p2a: Pelipper|[spread] p2a,p2b
|-resisted|p2a: Pelipper|1
|-supereffective|p2b: Mawile|1
|-damage|p2a: Pelipper|82/100
|-damage|p2b: Mawile|60/100
|move|p2b: Mawile|Iron Head|p1a: Torkoal
|-resisted|p1a: Torkoal|1
|-damage|p1a: Torkoal|67/100
|
|-weather|RainDance|[upkeep]
|upkeep
|turn|2
|inactive|heitorf has 30 seconds left.
|
|t:|1783564468
|switch|p1a: Farigiraf|Farigiraf, L50, M|100/100
|move|p2b: Mawile|Sucker Punch||[still]
|cant|p1a: Farigiraf|ability: Armor Tail|Sucker Punch|[of] p2b: Mawile
|move|p1b: Charizard|Heat Wave|p2a: Pelipper|[spread] p2a
|-miss|p1b: Charizard|p2b: Mawile
|-resisted|p2a: Pelipper|1
|-damage|p2a: Pelipper|68/100
|move|p2a: Pelipper|Weather Ball|p1b: Charizard
|-supereffective|p1b: Charizard|1
|-damage|p1b: Charizard|0 fnt
|faint|p1b: Charizard
|
|-weather|RainDance|[upkeep]
|upkeep
|
|t:|1783564485
|switch|p1b: Venusaur|Venusaur, L50, M|100/100
|turn|3
|
|t:|1783564505
|switch|p2a: Incineroar|Incineroar, L50, F|100/100
|-ability|p2a: Incineroar|Intimidate|boost
|-unboost|p1a: Farigiraf|atk|1
|-unboost|p1b: Venusaur|atk|1
|move|p2b: Mawile|Protect|p2b: Mawile
|-singleturn|p2b: Mawile|Protect
|move|p1b: Venusaur|Sleep Powder|p2a: Incineroar|[miss]
|-miss|p1b: Venusaur|p2a: Incineroar
|move|p1a: Farigiraf|Psychic|p2b: Mawile
|-activate|p2b: Mawile|move: Protect
|
|-weather|RainDance|[upkeep]
|upkeep
|turn|4
|inactive|heitorf has 30 seconds left.
|
|t:|1783564536
|move|p1b: Venusaur|Sleep Powder|p2a: Incineroar|[miss]
|-miss|p1b: Venusaur|p2a: Incineroar
|move|p2a: Incineroar|Flare Blitz|p1b: Venusaur
|-supereffective|p1b: Venusaur|1
|-damage|p1b: Venusaur|12/100
|-damage|p2a: Incineroar|77/100|[from] Recoil
|move|p2b: Mawile|Iron Head|p1b: Venusaur
|-damage|p1b: Venusaur|0 fnt
|faint|p1b: Venusaur
|move|p1a: Farigiraf|Trick Room|p1a: Farigiraf
|-fieldstart|move: Trick Room|[of] p1a: Farigiraf
|
|-weather|RainDance|[upkeep]
|upkeep
|
|t:|1783564544
|switch|p1b: Torkoal|Torkoal, L50, M|67/100
|-weather|SunnyDay|[from] ability: Drought|[of] p1b: Torkoal
|turn|5
|
|t:|1783564561
|switch|p2b: Pelipper|Pelipper, L50, F|68/100
|-weather|RainDance|[from] ability: Drizzle|[of] p2b: Pelipper
|move|p1b: Torkoal|Weather Ball|p2b: Pelipper
|-resisted|p2b: Pelipper|1
|-damage|p2b: Pelipper|28/100
|move|p2a: Incineroar|Parting Shot|p1b: Torkoal
|-unboost|p1b: Torkoal|atk|1
|-unboost|p1b: Torkoal|spa|1
|
|t:|1783564575
|switch|p2a: Hydrapple|Hydrapple, L50, F|100/100|[from] Parting Shot
|-ability|p2a: Hydrapple|Supersweet Syrup
|-unboost|p1a: Farigiraf|evasion|1
|-unboost|p1b: Torkoal|evasion|1
|move|p1a: Farigiraf|Psychic|p2b: Pelipper
|-damage|p2b: Pelipper|0 fnt
|faint|p2b: Pelipper
|
|-weather|RainDance|[upkeep]
|upkeep
|
|t:|1783564593
|switch|p2b: Incineroar|Incineroar, L50, F|77/100
|-ability|p2b: Incineroar|Intimidate|boost
|-unboost|p1a: Farigiraf|atk|1
|-unboost|p1b: Torkoal|atk|1
|turn|6
|
|t:|1783564606
|move|p1a: Farigiraf|Helping Hand|p1b: Torkoal
|-singleturn|p1b: Torkoal|Helping Hand|[of] p1a: Farigiraf
|move|p1b: Torkoal|Weather Ball|p2b: Incineroar
|-supereffective|p2b: Incineroar|1
|-damage|p2b: Incineroar|0 fnt
|faint|p2b: Incineroar
|move|p2a: Hydrapple|Hydro Pump|p1b: Torkoal
|-supereffective|p1b: Torkoal|1
|-damage|p1b: Torkoal|0 fnt
|faint|p1b: Torkoal
|-damage|p2a: Hydrapple|90/100|[from] item: Life Orb
|
|-weather|RainDance|[upkeep]
|upkeep
|
|t:|1783564617
|switch|p2b: Mawile|Mawile-Mega, L50, F|60/100
|turn|7
|
|t:|1783564625
|move|p2a: Hydrapple|Hydro Pump|p1a: Farigiraf
|-damage|p1a: Farigiraf|32/100
|-enditem|p1a: Farigiraf|Sitrus Berry|[eat]
|-heal|p1a: Farigiraf|57/100|[from] item: Sitrus Berry
|-damage|p2a: Hydrapple|80/100|[from] item: Life Orb
|move|p2b: Mawile|Iron Head|p1a: Farigiraf
|-damage|p1a: Farigiraf|0 fnt
|faint|p1a: Farigiraf
|
|win|heitorf
||WeezingFan12 is ready for game 3.
|inactive|heitorf has 30 seconds to confirm battle start!
||heitorf is ready for game 3.
|uhtml|next|Next: Game 3 of 3
