|j|☆yunsen
|j|☆Girharft
|html|yunsenGirharft    
|uhtml|bestof|Game 2 of a best-of-3
|t:|1783757421
|gametype|doubles
|player|p1|yunsen|n|1030
|player|p2|Girharft|schoolkid-gen4|1105
|gen|9
|tier|[Gen 9 Champions] VGC 2026 Reg M-B (Bo3)
|rated|
|rule|Species Clause: Limit one of each Pokémon
|rule|Item Clause: Limit 1 of each item
|clearpoke
|poke|p1|Raichu, L50, M|
|poke|p1|Whimsicott, L50, M|
|poke|p1|Basculegion, L50, M|
|poke|p1|Garchomp, L50, M|
|poke|p1|Floette-Eternal, L50, F|
|poke|p1|Gholdengo, L50|
|poke|p2|Malamar, L50, F|
|poke|p2|Sableye, L50, M|
|poke|p2|Whimsicott, L50, M|
|poke|p2|Empoleon, L50, F|
|poke|p2|Arcanine-Hisui, L50, M|
|poke|p2|Sceptile, L50, F|
|teampreview|4
|showteam|p1|Raichu||RaichuniteY|LightningRod|Protect,ZapCannon,FocusBlast,FakeOut|Modest||M|||50|]Whimsicott||FocusSash|Prankster|Protect,Moonblast,Tailwind,Encore|Timid||M|||50|]Basculegion||MysticWater|Adaptability|Protect,WaveCrash,LastRespects,AquaJet|Adamant||M|||50|]Garchomp||SitrusBerry|RoughSkin|RockSlide,StompingTantrum,DragonClaw,Protect|Jolly||M|||50|]Floette-Eternal||Floettite|FlowerVeil|Protect,Moonblast,DazzlingGleam,Psychic|Timid||F|||50|]Gholdengo||LifeOrb|GoodasGold|Protect,MakeItRain,NastyPlot,ShadowBall|Timid|||||50|
|showteam|p2|Malamar||Malamarite|Contrary|Protect,Superpower,KnockOff,PsychoCut|Careful||F|||50|]Sableye||FocusSash|Prankster|Quash,FakeOut,WillOWisp,RainDance|Careful||M|||50|]Whimsicott||MentalHerb|Prankster|Tailwind,Charm,Moonblast,Encore|Calm||M|||50|]Empoleon||ChoiceScarf|Competitive|FlashCannon,HydroPump,IceBeam,FlipTurn|Timid||F|||50|]Arcanine-Hisui||LifeOrb|RockHead|FlareBlitz,RockSlide,ExtremeSpeed,Protect|Jolly||M|||50|]Sceptile||Sceptilite|Overgrow|GigaDrain,DragonPulse,EarthPower,Detect|Timid||F|||50|
|inactive|Battle timer is ON: inactive players will automatically lose when time's up. (requested by yunsen)
|inactive|yunsen has 60 seconds left.
|inactive|Girharft has 60 seconds left.
|inactive|Girharft has 30 seconds left.
|inactive|Girharft has 20 seconds left.
|inactive|Girharft has 15 seconds left.
|
|t:|1783757497
|teamsize|p1|4
|teamsize|p2|4
|start
|switch|p1a: Floette|Floette-Eternal, L50, F|100/100
|switch|p1b: Raichu|Raichu, L50, M|100/100
|switch|p2a: Sceptile|Sceptile, L50, F|100/100
|switch|p2b: Empoleon|Empoleon, L50, F|100/100
|turn|1
|inactive|yunsen has 30 seconds left.
|inactive|Girharft has 30 seconds left.
|inactive|yunsen has 20 seconds left.
|inactive|Girharft has 20 seconds left.
|inactive|Girharft has 15 seconds left.
|
|t:|1783757541
|switch|p2b: Arcanine|Arcanine-Hisui, L50, M|100/100
|detailschange|p2a: Sceptile|Sceptile-Mega, L50, F
|-mega|p2a: Sceptile|Sceptile|Sceptilite
|move|p2a: Sceptile|Detect|p2a: Sceptile
|-singleturn|p2a: Sceptile|Protect
|move|p1b: Raichu|Fake Out|p2b: Arcanine
|-resisted|p2b: Arcanine|1
|-damage|p2b: Arcanine|94/100
|move|p1a: Floette|Moonblast|p2a: Sceptile
|-activate|p2a: Sceptile|move: Protect
|
|upkeep
|turn|2
|inactive|Girharft has 30 seconds left.
|inactive|Girharft has 20 seconds left.
|inactive|Girharft has 15 seconds left.
|inactive|Girharft has 10 seconds left.
|inactive|Girharft has 5 seconds left.
|
|t:|1783757593
|move|p1b: Raichu|Protect|p1b: Raichu
|-singleturn|p1b: Raichu|Protect
|move|p2a: Sceptile|Earth Power|p1b: Raichu
|-activate|p1b: Raichu|move: Protect
|move|p1a: Floette|Moonblast|p2a: Sceptile
|-supereffective|p2a: Sceptile|1
|-damage|p2a: Sceptile|0 fnt
|faint|p2a: Sceptile
|move|p2b: Arcanine|Flare Blitz|p1a: Floette
|-damage|p1a: Floette|0 fnt
|faint|p1a: Floette
|-damage|p2b: Arcanine|84/100|[from] item: Life Orb
|
|upkeep
|
|t:|1783757606
|switch|p2a: Whimsicott|Whimsicott, L50, M|100/100
|switch|p1a: Garchomp|Garchomp, L50, M|100/100
|turn|3
|inactive|Girharft has 30 seconds left.
|inactive|Girharft has 20 seconds left.
|
|t:|1783757643
|switch|p2b: Empoleon|Empoleon, L50, F|100/100
|switch|p1b: Basculegion|Basculegion, L50, M|100/100
|move|p2a: Whimsicott|Tailwind|p2a: Whimsicott
|-sidestart|p2: Girharft|move: Tailwind
|move|p1a: Garchomp|Stomping Tantrum|p2b: Empoleon
|-supereffective|p2b: Empoleon|1
|-damage|p2b: Empoleon|20/100y
|
|upkeep
|turn|4
|inactive|yunsen has 30 seconds left.
|inactive|Girharft has 30 seconds left.
|inactive|Girharft has 20 seconds left.
|inactive|Girharft has 15 seconds left.
|
|t:|1783757686
|move|p1a: Garchomp|Protect|p1a: Garchomp
|-singleturn|p1a: Garchomp|Protect
|move|p2a: Whimsicott|Charm|p1b: Basculegion
|-unboost|p1b: Basculegion|atk|2
|move|p2b: Empoleon|Flip Turn|p1b: Basculegion
|-resisted|p1b: Basculegion|1
|-damage|p1b: Basculegion|89/100
|
|t:|1783757693
|switch|p2b: Arcanine|Arcanine-Hisui, L50, M|84/100|[from] Flip Turn
|move|p1b: Basculegion|Last Respects|p2a: Whimsicott
|-damage|p2a: Whimsicott|54/100
|
|upkeep
|turn|5
|inactive|Girharft has 30 seconds left.
|inactive|Girharft has 20 seconds left.
|inactive|Girharft has 15 seconds left.
|
|t:|1783757734
|switch|p1b: Raichu|Raichu, L50, M|100/100
|move|p2b: Arcanine|Rock Slide|p1b: Raichu|[spread] p1a
|-miss|p2b: Arcanine|p1b: Raichu
|-resisted|p1a: Garchomp|1
|-crit|p1a: Garchomp
|-damage|p1a: Garchomp|77/100
|-damage|p2b: Arcanine|74/100|[from] item: Life Orb
|move|p2a: Whimsicott|Moonblast|p1a: Garchomp
|-supereffective|p1a: Garchomp|1
|-damage|p1a: Garchomp|24/100
|-unboost|p1a: Garchomp|spa|1
|-enditem|p1a: Garchomp|Sitrus Berry|[eat]
|-heal|p1a: Garchomp|49/100|[from] item: Sitrus Berry
|move|p1a: Garchomp|Stomping Tantrum|p2b: Arcanine
|-supereffective|p2b: Arcanine|2
|-damage|p2b: Arcanine|0 fnt
|faint|p2b: Arcanine
|
|upkeep
|
|t:|1783757752
|switch|p2b: Empoleon|Empoleon, L50, F|20/100y
|turn|6
|
|t:|1783757776
|detailschange|p1b: Raichu|Raichu-Mega-Y, L50, M
|-mega|p1b: Raichu|Raichu|Raichunite Y
|move|p2b: Empoleon|Hydro Pump|p1b: Raichu
|-damage|p1b: Raichu|25/100
|move|p2a: Whimsicott|Moonblast|p1a: Garchomp
|-supereffective|p1a: Garchomp|1
|-damage|p1a: Garchomp|0 fnt
|faint|p1a: Garchomp
|move|p1b: Raichu|Zap Cannon|p2b: Empoleon
|-supereffective|p2b: Empoleon|1
|-damage|p2b: Empoleon|0 fnt
|faint|p2b: Empoleon
|
|-sideend|p2: Girharft|move: Tailwind
|upkeep
|
|t:|1783757785
|switch|p1a: Basculegion|Basculegion, L50, M|89/100
|turn|7
|
|t:|1783757796
|move|p1b: Raichu|Zap Cannon|p2a: Whimsicott
|-resisted|p2a: Whimsicott|1
|-damage|p2a: Whimsicott|16/100
|-status|p2a: Whimsicott|par
|move|p1a: Basculegion|Last Respects|p2a: Whimsicott
|-damage|p2a: Whimsicott|0 fnt
|faint|p2a: Whimsicott
|
|win|yunsen
|raw|yunsen's rating: 1030 → 1073(+43 for winning)
|raw|Girharft's rating: 1105 → 1075(-30 for losing)
|l|☆Girharft
|player|p2|
