|j|☆ParmesanLugubre206
|j|☆FALL3N_DWN
|html|ParmesanLugubre206FALL3N_DWN    
|uhtml|bestof|Game 1 of a best-of-3
|t:|1756941556
|gametype|doubles
|player|p1|ParmesanLugubre206|ethan|1128
|player|p2|FALL3N_DWN|carmine-festival|1146
|gen|9
|tier|[Gen 9] VGC 2025 Reg H (Bo3)
|rated|
|rule|Species Clause: Limit one of each Pokémon
|rule|Item Clause: Limit 1 of each item
|clearpoke
|poke|p1|Incineroar, L50, F|
|poke|p1|Rillaboom, L50, F|
|poke|p1|Gholdengo, L50|
|poke|p1|Sneasler, L50, F|
|poke|p1|Gastrodon-East, L50, M|
|poke|p1|Porygon2, L50|
|poke|p2|Electabuzz, L50, M|
|poke|p2|Kingambit, L50, M|
|poke|p2|Volcarona, L50, M|
|poke|p2|Dragonite, L50, M|
|poke|p2|Sneasler, L50, M|
|poke|p2|Rillaboom, L50, F|
|teampreview|4
|showteam|p1|Incineroar||SafetyGoggles|Intimidate|FlareBlitz,KnockOff,PartingShot,FakeOut|||F|||50|,,,,,Ghost]Rillaboom||AssaultVest|GrassySurge|DrumBeating,HighHorsepower,GrassyGlide,FakeOut|||F|||50|,,,,,Fire]Gholdengo||GrassySeed|GoodasGold|MakeItRain,ShadowBall,NastyPlot,Protect||||||50|,,,,,Water]Sneasler||FocusSash|Unburden|CloseCombat,DireClaw,ThroatChop,Protect|||F|||50|,,,,,Ghost]Gastrodon-East||Leftovers|StormDrain|EarthPower,SludgeBomb,Recover,Protect|||M|||50|,,,,,Poison]Porygon2||Eviolite|Download|TeraBlast,IceBeam,Recover,TrickRoom||||||50|,,,,,Fighting
|showteam|p2|Electabuzz||Eviolite|VitalSpirit|FollowMe,Thunderbolt,Taunt,Protect|||M|||50|,,,,,Ghost]Kingambit||BlackGlasses|Defiant|KowtowCleave,SuckerPunch,SwordsDance,Protect|||M|||50|,,,,,Dark]Volcarona||Leftovers|FlameBody|HeatWave,TeraBlast,QuiverDance,Protect|||M|||50|,,,,,Fairy]Dragonite||LoadedDice|Multiscale|ScaleShot,ExtremeSpeed,Haze,Protect|||M|||50|,,,,,Fairy]Sneasler||FocusSash|Unburden|DireClaw,CloseCombat,Coaching,FakeOut|||M|||50|,,,,,Stellar]Rillaboom||AssaultVest|GrassySurge|FakeOut,WoodHammer,GrassyGlide,HighHorsepower|||F|||50|,,,,,Fire
|inactive|Battle timer is ON: inactive players will automatically lose when time's up. (requested by ParmesanLugubre206)
|inactive|ParmesanLugubre206 has 60 seconds left.
|inactive|FALL3N_DWN has 60 seconds left.
|inactive|ParmesanLugubre206 has 30 seconds left.
|inactive|FALL3N_DWN has 30 seconds left.
|inactive|FALL3N_DWN has 20 seconds left.
|inactive|FALL3N_DWN has 15 seconds left.
|inactive|FALL3N_DWN has 10 seconds left.
|inactive|FALL3N_DWN has 5 seconds left.
|
|t:|1756941643
|teamsize|p1|4
|teamsize|p2|4
|start
|switch|p1a: Porygon2|Porygon2, L50|100/100
|switch|p1b: Gastrodon|Gastrodon-East, L50, M|100/100
|switch|p2a: Volcarona|Volcarona, L50, M|100/100
|switch|p2b: Electabuzz|Electabuzz, L50, M|100/100
|-ability|p1a: Porygon2|Download|boost
|-boost|p1a: Porygon2|atk|1
|turn|1
|inactive|FALL3N_DWN has 30 seconds left.
|inactive|FALL3N_DWN has 20 seconds left.
|
|t:|1756941679
|switch|p1a: Sneasler|Sneasler, L50, F|100/100
|move|p2a: Volcarona|Quiver Dance|p2a: Volcarona
|-boost|p2a: Volcarona|spa|1
|-boost|p2a: Volcarona|spd|1
|-boost|p2a: Volcarona|spe|1
|move|p2b: Electabuzz|Taunt|p1a: Sneasler
|-start|p1a: Sneasler|move: Taunt
|move|p1b: Gastrodon|Earth Power|p2b: Electabuzz
|-supereffective|p2b: Electabuzz
|-damage|p2b: Electabuzz|40/100
|
|upkeep
|turn|2
|inactive|FALL3N_DWN has 30 seconds left.
|inactive|ParmesanLugubre206 has 30 seconds left.
|inactive|FALL3N_DWN has 20 seconds left.
|inactive|ParmesanLugubre206 has 20 seconds left.
|inactive|ParmesanLugubre206 has 15 seconds left.
|
|t:|1756941725
|move|p2b: Electabuzz|Follow Me|p2b: Electabuzz
|-singleturn|p2b: Electabuzz|move: Follow Me
|move|p2a: Volcarona|Quiver Dance|p2a: Volcarona
|-boost|p2a: Volcarona|spa|1
|-boost|p2a: Volcarona|spd|1
|-boost|p2a: Volcarona|spe|1
|move|p1a: Sneasler|Close Combat|p2b: Electabuzz
|-damage|p2b: Electabuzz|0 fnt
|-unboost|p1a: Sneasler|def|1
|-unboost|p1a: Sneasler|spd|1
|faint|p2b: Electabuzz
|move|p1b: Gastrodon|Earth Power|p2a: Volcarona
|-damage|p2a: Volcarona|83/100
|
|-heal|p2a: Volcarona|89/100|[from] item: Leftovers
|upkeep
|inactive|FALL3N_DWN has 30 seconds left.
|
|t:|1756941755
|switch|p2b: Rillaboom|Rillaboom, L50, F|100/100
|-fieldstart|move: Grassy Terrain|[from] ability: Grassy Surge|[of] p2b: Rillaboom
|turn|3
|
|t:|1756941769
|switch|p1a: Incineroar|Incineroar, L50, F|100/100
|-ability|p1a: Incineroar|Intimidate|boost
|-unboost|p2a: Volcarona|atk|1
|-unboost|p2b: Rillaboom|atk|1
|move|p1b: Gastrodon|Protect|p1b: Gastrodon
|-singleturn|p1b: Gastrodon|Protect
|move|p2b: Rillaboom|Grassy Glide|p1a: Incineroar
|-resisted|p1a: Incineroar
|-damage|p1a: Incineroar|89/100
|move|p2a: Volcarona|Heat Wave|p1a: Incineroar|[spread] p1a
|-activate|p1b: Gastrodon|move: Protect
|-resisted|p1a: Incineroar
|-damage|p1a: Incineroar|62/100
|
|-heal|p2a: Volcarona|95/100|[from] Grassy Terrain
|-heal|p2a: Volcarona|100/100|[from] item: Leftovers
|-heal|p1a: Incineroar|68/100|[from] Grassy Terrain
|upkeep
|turn|4
|inactive|ParmesanLugubre206 has 30 seconds left.
|inactive|FALL3N_DWN has 30 seconds left.
|inactive|FALL3N_DWN has 20 seconds left.
|
|t:|1756941806
|-terastallize|p1b: Gastrodon|Poison
|move|p2a: Volcarona|Protect|p2a: Volcarona
|-singleturn|p2a: Volcarona|Protect
|move|p2b: Rillaboom|Grassy Glide|p1b: Gastrodon
|-resisted|p1b: Gastrodon
|-damage|p1b: Gastrodon|87/100
|move|p1a: Incineroar|Flare Blitz|p2a: Volcarona
|-activate|p2a: Volcarona|move: Protect
|move|p1b: Gastrodon|Sludge Bomb|p2b: Rillaboom
|-supereffective|p2b: Rillaboom
|-crit|p2b: Rillaboom
|-damage|p2b: Rillaboom|4/100
|
|-heal|p2b: Rillaboom|10/100|[from] Grassy Terrain
|-heal|p1a: Incineroar|75/100|[from] Grassy Terrain
|-heal|p1b: Gastrodon|93/100|[from] Grassy Terrain
|-heal|p1b: Gastrodon|99/100|[from] item: Leftovers
|upkeep
|turn|5
|inactive|FALL3N_DWN has 30 seconds left.
|inactive|FALL3N_DWN has 20 seconds left.
|inactive|FALL3N_DWN has 15 seconds left.
|inactive|FALL3N_DWN has 10 seconds left.
|
|t:|1756941852
|-terastallize|p2a: Volcarona|Fairy
|move|p1b: Gastrodon|Protect|p1b: Gastrodon
|-singleturn|p1b: Gastrodon|Protect
|move|p2a: Volcarona|Tera Blast|p1a: Incineroar|[anim] Tera Blast Fairy
|-damage|p1a: Incineroar|13/100
|move|p2b: Rillaboom|High Horsepower|p1b: Gastrodon
|-activate|p1b: Gastrodon|move: Protect
|move|p1a: Incineroar|Parting Shot|p2a: Volcarona
|-unboost|p2a: Volcarona|atk|1
|-unboost|p2a: Volcarona|spa|1
|
|t:|1756941865
|switch|p1a: Porygon2|Porygon2, L50|100/100|[from] Parting Shot
|-ability|p1a: Porygon2|Download|boost
|-boost|p1a: Porygon2|atk|1
|
|-heal|p2b: Rillaboom|16/100|[from] Grassy Terrain
|-heal|p1b: Gastrodon|100/100|[from] Grassy Terrain
|upkeep
|turn|6
|inactive|FALL3N_DWN has 30 seconds left.
|
|t:|1756941899
|switch|p1a: Sneasler|Sneasler, L50, F|100/100
|move|p2a: Volcarona|Heat Wave|p1a: Sneasler|[spread] p1a,p1b
|-crit|p1a: Sneasler
|-enditem|p1a: Sneasler|Focus Sash
|-damage|p1a: Sneasler|1/100
|-damage|p1b: Gastrodon|52/100
|move|p2b: Rillaboom|High Horsepower|p1b: Gastrodon
|-supereffective|p1b: Gastrodon
|-damage|p1b: Gastrodon|0 fnt
|faint|p1b: Gastrodon
|
|-heal|p1a: Sneasler|7/100|[from] Grassy Terrain
|-heal|p2b: Rillaboom|22/100|[from] Grassy Terrain
|upkeep
|
|t:|1756941915
|switch|p1b: Porygon2|Porygon2, L50|100/100
|-ability|p1b: Porygon2|Download|boost
|-boost|p1b: Porygon2|atk|1
|turn|7
|inactive|FALL3N_DWN has 30 seconds left.
|
|t:|1756941940
|move|p1a: Sneasler|Protect|p1a: Sneasler
|-singleturn|p1a: Sneasler|Protect
|move|p2b: Rillaboom|Grassy Glide|p1a: Sneasler
|-activate|p1a: Sneasler|move: Protect
|move|p2a: Volcarona|Tera Blast|p1b: Porygon2|[anim] Tera Blast Fairy
|-damage|p1b: Porygon2|58/100
|move|p1b: Porygon2|Trick Room|p1b: Porygon2
|-fieldstart|move: Trick Room|[of] p1b: Porygon2
|
|-heal|p1b: Porygon2|64/100|[from] Grassy Terrain
|-heal|p2b: Rillaboom|28/100|[from] Grassy Terrain
|-heal|p1a: Sneasler|13/100|[from] Grassy Terrain
|-fieldend|move: Grassy Terrain
|upkeep
|turn|8
|
|t:|1756941956
|switch|p1a: Incineroar|Incineroar, L50, F|13/100
|-ability|p1a: Incineroar|Intimidate|boost
|-unboost|p2a: Volcarona|atk|1
|-unboost|p2b: Rillaboom|atk|1
|move|p1b: Porygon2|Ice Beam|p2b: Rillaboom
|-supereffective|p2b: Rillaboom
|-damage|p2b: Rillaboom|0 fnt
|faint|p2b: Rillaboom
|move|p2a: Volcarona|Heat Wave|p1a: Incineroar|[spread] p1a,p1b
|-resisted|p1a: Incineroar
|-damage|p1a: Incineroar|0 fnt
|-damage|p1b: Porygon2|29/100
|faint|p1a: Incineroar
|
|upkeep
|
|t:|1756941970
|switch|p1a: Sneasler|Sneasler, L50, F|13/100
|switch|p2b: Sneasler|Sneasler, L50, M|100/100
|turn|9
|
|t:|1756941987
|move|p1a: Sneasler|Protect|p1a: Sneasler
|-singleturn|p1a: Sneasler|Protect
|move|p2b: Sneasler|Fake Out|p1a: Sneasler
|-activate|p1a: Sneasler|move: Protect
|move|p1b: Porygon2|Recover|p1b: Porygon2
|-heal|p1b: Porygon2|79/100
|move|p2a: Volcarona|Heat Wave|p1b: Porygon2|[spread] p1b
|-activate|p1a: Sneasler|move: Protect
|-damage|p1b: Porygon2|46/100
|
|upkeep
|turn|10
|inactive|FALL3N_DWN has 30 seconds left.
|
|t:|1756942014
|move|p2a: Volcarona|Protect|p2a: Volcarona
|-singleturn|p2a: Volcarona|Protect
|move|p1b: Porygon2|Tera Blast|p2b: Sneasler
|-damage|p2b: Sneasler|46/100
|move|p2b: Sneasler|Close Combat|p1a: Sneasler
|-resisted|p1a: Sneasler
|-damage|p1a: Sneasler|0 fnt
|-unboost|p2b: Sneasler|def|1
|-unboost|p2b: Sneasler|spd|1
|faint|p1a: Sneasler
|
|upkeep
|turn|11
|-message|ParmesanLugubre206 forfeited.
|
|win|FALL3N_DWN
|l|☆ParmesanLugubre206
|player|p1|
|j|☆ParmesanLugubre206
|player|p1|ParmesanLugubre206|ethan|
||ParmesanLugubre206 is ready for game 2.
|inactive|FALL3N_DWN has 30 seconds to confirm battle start!
||FALL3N_DWN is ready for game 2.
|uhtml|next|Next: Game 2 of 3
|l|☆ParmesanLugubre206
|player|p1|
