|j|☆Ome Henk
|j|☆Akram Hamdi
|html|Ome HenkAkram Hamdi    
|uhtml|bestof|Game 2 of a best-of-3
|t:|1783278398
|gametype|doubles
|player|p1|Ome Henk|kabu|
|player|p2|Akram Hamdi|bertha|
|gen|9
|tier|[Gen 9 Champions] VGC 2026 Reg M-B (Bo3)
|rule|Species Clause: Limit one of each Pokémon
|rule|Item Clause: Limit 1 of each item
|clearpoke
|poke|p1|Tyranitar, L50, M, shiny|
|poke|p1|Excadrill, L50, F|
|poke|p1|Gyarados, L50, F, shiny|
|poke|p1|Corviknight, L50, M, shiny|
|poke|p1|Hydreigon, L50, M|
|poke|p1|Sylveon, L50, F, shiny|
|poke|p2|Sinistcha, L50|
|poke|p2|Incineroar, L50, M|
|poke|p2|Milotic, L50, F|
|poke|p2|Raichu, L50, M|
|poke|p2|Floette-Eternal, L50, F|
|poke|p2|Ceruledge, L50, F|
|teampreview|4
|showteam|p1|Tyranitar||Tyranitarite|SandStream|RockSlide,KnockOff,Protect,IcePunch|Jolly||M|||50|]Excadrill||FocusSash|SandRush|Earthquake,IronHead,Protect,RockSlide|Adamant||F|||50|]Gyarados||SitrusBerry|Intimidate|Waterfall,ThunderWave,Protect,Taunt|Careful||F|||50|]Corviknight||Leftovers|MirrorArmor|IronDefense,BodyPress,Tailwind,Roost|Impish||M|||50|]Hydreigon||ChoiceScarf|Levitate|DarkPulse,Snarl,DracoMeteor,HeatWave|Modest||M|||50|]Sylveon||FairyFeather|Pixilate|HyperVoice,QuickAttack,Protect,HyperBeam|Modest||F|||50|
|showteam|p2|Sinistcha||KasibBerry|Hospitality|MatchaGotcha,LifeDew,RagePowder,Protect|Relaxed|||||50|]Incineroar||SitrusBerry|Intimidate|FlareBlitz,ThroatChop,FakeOut,PartingShot|Impish||M|||50|]Milotic||Leftovers|Competitive|MuddyWater,Coil,Hypnosis,Protect|Calm||F|||50|]Raichu||RaichuniteY|LightningRod|ZapCannon,FocusBlast,FakeOut,Protect|Timid||M|||50|]Floette-Eternal||Floettite|FlowerVeil|DazzlingGleam,DrainingKiss,CalmMind,Protect|Timid||F|||50|]Ceruledge||ColburBerry|FlashFire|BitterBlade,ShadowSneak,BulkUp,Protect|Adamant||F|||50|
|j| pietplezier7
|j| 000aj
|j| CarrotsAreVeryPog
|j| Jorijn
|
|t:|1783278455
|teamsize|p1|4
|teamsize|p2|4
|start
|switch|p1a: Mooie Stad|Sylveon, L50, F, shiny|100/100
|switch|p1b: Scheveningen|Tyranitar, L50, M, shiny|100/100
|switch|p2a: Milotic|Milotic, L50, F|100/100
|switch|p2b: Raichu|Raichu, L50, M|100/100
|-weather|Sandstorm|[from] ability: Sand Stream|[of] p1b: Scheveningen
|turn|1
|j| torie123
|
|t:|1783278507
|switch|p1b: De Duinen|Excadrill, L50, F|100/100
|detailschange|p2b: Raichu|Raichu-Mega-Y, L50, M
|-mega|p2b: Raichu|Raichu|Raichunite Y
|move|p2b: Raichu|Fake Out|p1a: Mooie Stad
|-damage|p1a: Mooie Stad|88/100
|move|p2a: Milotic|Coil|p2a: Milotic
|-boost|p2a: Milotic|atk|1
|-boost|p2a: Milotic|def|1
|-boost|p2a: Milotic|accuracy|1
|cant|p1a: Mooie Stad|flinch
|
|-weather|Sandstorm|[upkeep]
|-damage|p2b: Raichu|93/100|[from] Sandstorm
|-damage|p2a: Milotic|94/100|[from] Sandstorm
|-damage|p1a: Mooie Stad|82/100|[from] Sandstorm
|-heal|p2a: Milotic|100/100|[from] item: Leftovers
|upkeep
|turn|2
|
|t:|1783278532
|switch|p2b: Incineroar|Incineroar, L50, M|100/100
|-ability|p2b: Incineroar|Intimidate|boost
|-unboost|p1a: Mooie Stad|atk|1
|-unboost|p1b: De Duinen|atk|1
|move|p1a: Mooie Stad|Protect|p1a: Mooie Stad
|-singleturn|p1a: Mooie Stad|Protect
|move|p1b: De Duinen|Earthquake|p2b: Incineroar|[spread] p2a,p2b
|-activate|p1a: Mooie Stad|move: Protect
|-supereffective|p2b: Incineroar|1
|-damage|p2a: Milotic|83/100
|-damage|p2b: Incineroar|54/100
|move|p2a: Milotic|Muddy Water|p1b: De Duinen|[spread] p1b
|-activate|p1a: Mooie Stad|move: Protect
|-supereffective|p1b: De Duinen|1
|-damage|p1b: De Duinen|41/100
|
|-weather|Sandstorm|[upkeep]
|-damage|p2a: Milotic|77/100|[from] Sandstorm
|-damage|p2b: Incineroar|48/100|[from] Sandstorm
|-damage|p1a: Mooie Stad|76/100|[from] Sandstorm
|-enditem|p2b: Incineroar|Sitrus Berry|[eat]
|-heal|p2b: Incineroar|73/100|[from] item: Sitrus Berry
|-heal|p2a: Milotic|83/100|[from] item: Leftovers
|upkeep
|turn|3
|
|t:|1783278584
|switch|p1b: Haagse Reiger|Corviknight, L50, M, shiny|100/100
|move|p2b: Incineroar|Fake Out|p1a: Mooie Stad
|-damage|p1a: Mooie Stad|64/100
|move|p2a: Milotic|Coil|p2a: Milotic
|-boost|p2a: Milotic|atk|1
|-boost|p2a: Milotic|def|1
|-boost|p2a: Milotic|accuracy|1
|cant|p1a: Mooie Stad|flinch
|
|-weather|Sandstorm|[upkeep]
|-damage|p2a: Milotic|77/100|[from] Sandstorm
|-damage|p2b: Incineroar|67/100|[from] Sandstorm
|-damage|p1a: Mooie Stad|58/100|[from] Sandstorm
|-heal|p2a: Milotic|83/100|[from] item: Leftovers
|upkeep
|turn|4
|
|t:|1783278608
|switch|p2b: Raichu|Raichu-Mega-Y, L50, M|93/100
|move|p2a: Milotic|Hypnosis|p1a: Mooie Stad
|-status|p1a: Mooie Stad|slp|[from] move: Hypnosis
|move|p1b: Haagse Reiger|Tailwind|p1b: Haagse Reiger
|-sidestart|p1: Ome Henk|move: Tailwind
|cant|p1a: Mooie Stad|slp
|
|-weather|Sandstorm|[upkeep]
|-damage|p2b: Raichu|87/100|[from] Sandstorm
|-damage|p1a: Mooie Stad|52/100 slp|[from] Sandstorm
|-damage|p2a: Milotic|77/100|[from] Sandstorm
|-heal|p2a: Milotic|83/100|[from] item: Leftovers
|upkeep
|turn|5
|
|t:|1783278638
|switch|p1b: De Duinen|Excadrill, L50, F|41/100
|move|p2b: Raichu|Fake Out|p1a: Mooie Stad
|-damage|p1a: Mooie Stad|41/100 slp
|-curestatus|p1a: Mooie Stad|slp|[msg]
|cant|p1a: Mooie Stad|flinch
|move|p2a: Milotic|Hypnosis|p1b: De Duinen
|-status|p1b: De Duinen|slp|[from] move: Hypnosis
|
|-weather|none
|-heal|p2a: Milotic|89/100|[from] item: Leftovers
|upkeep
|turn|6
|l| torie123
|j| torie123
|
|t:|1783278674
|move|p2b: Raichu|Protect|p2b: Raichu
|-singleturn|p2b: Raichu|Protect
|cant|p1b: De Duinen|slp
|move|p1a: Mooie Stad|Hyper Beam|p2a: Milotic
|-damage|p2a: Milotic|16/100
|-mustrecharge|p1a: Mooie Stad
|move|p2a: Milotic|Muddy Water|p1a: Mooie Stad|[spread] p1a,p1b
|-supereffective|p1b: De Duinen|1
|-damage|p1a: Mooie Stad|25/100
|-damage|p1b: De Duinen|0 fnt
|faint|p1b: De Duinen
|
|-heal|p2a: Milotic|22/100|[from] item: Leftovers
|upkeep
|
|t:|1783278687
|switch|p1b: Scheveningen|Tyranitar, L50, M, shiny|100/100
|-weather|Sandstorm|[from] ability: Sand Stream|[of] p1b: Scheveningen
|turn|7
|j| Dippiedaan
|
|t:|1783278697
|switch|p2b: Sinistcha|Sinistcha, L50|100/100
|-heal|p2a: Milotic|47/100|[from] ability: Hospitality|[of] p2b: Sinistcha
|detailschange|p1b: Scheveningen|Tyranitar-Mega, L50, M, shiny
|-mega|p1b: Scheveningen|Tyranitar|Tyranitarite
|move|p1b: Scheveningen|Rock Slide|p2a: Milotic|[spread] p2a,p2b
|-damage|p2a: Milotic|32/100
|-damage|p2b: Sinistcha|69/100
|cant|p1a: Mooie Stad|recharge
|move|p2a: Milotic|Muddy Water|p1b: Scheveningen|[spread] p1a,p1b
|-supereffective|p1b: Scheveningen|1
|-damage|p1a: Mooie Stad|8/100
|-damage|p1b: Scheveningen|72/100
|-unboost|p1b: Scheveningen|accuracy|1
|
|-weather|Sandstorm|[upkeep]
|-damage|p1a: Mooie Stad|2/100|[from] Sandstorm
|-damage|p2a: Milotic|26/100|[from] Sandstorm
|-damage|p2b: Sinistcha|63/100|[from] Sandstorm
|-heal|p2a: Milotic|32/100|[from] item: Leftovers
|-sideend|p1: Ome Henk|move: Tailwind
|upkeep
|turn|8
|
|t:|1783278720
|switch|p1b: Haagse Reiger|Corviknight, L50, M, shiny|100/100
|move|p2a: Milotic|Protect|p2a: Milotic
|-singleturn|p2a: Milotic|Protect
|move|p2b: Sinistcha|Protect|p2b: Sinistcha
|-singleturn|p2b: Sinistcha|Protect
|move|p1a: Mooie Stad|Hyper Voice|p2b: Sinistcha|[spread] 
|-activate|p2a: Milotic|move: Protect
|-activate|p2b: Sinistcha|move: Protect
|
|-weather|Sandstorm|[upkeep]
|-damage|p2a: Milotic|26/100|[from] Sandstorm
|-damage|p2b: Sinistcha|57/100|[from] Sandstorm
|-damage|p1a: Mooie Stad|0 fnt|[from] Sandstorm
|faint|p1a: Mooie Stad
|-heal|p2a: Milotic|32/100|[from] item: Leftovers
|upkeep
|
|t:|1783278729
|switch|p1a: Scheveningen|Tyranitar-Mega, L50, M, shiny|72/100
|turn|9
|
|t:|1783278757
|move|p1a: Scheveningen|Rock Slide|p2a: Milotic|[spread] p2a,p2b
|-damage|p2a: Milotic|15/100
|-damage|p2b: Sinistcha|26/100
|move|p2a: Milotic|Hypnosis|p1b: Haagse Reiger
|-status|p1b: Haagse Reiger|slp|[from] move: Hypnosis
|cant|p1b: Haagse Reiger|slp
|move|p2b: Sinistcha|Life Dew|p2b: Sinistcha|[spread] p2a,p2b
|-heal|p2a: Milotic|41/100
|-heal|p2b: Sinistcha|52/100
|
|-weather|Sandstorm|[upkeep]
|-damage|p2a: Milotic|35/100|[from] Sandstorm
|-damage|p2b: Sinistcha|46/100|[from] Sandstorm
|-heal|p2a: Milotic|41/100|[from] item: Leftovers
|upkeep
|turn|10
|l| Dippiedaan
|
|t:|1783278773
|switch|p2b: Incineroar|Incineroar, L50, M|67/100
|-ability|p2b: Incineroar|Intimidate|boost
|-unboost|p1a: Scheveningen|atk|1
|-ability|p1b: Haagse Reiger|Mirror Armor
|-unboost|p2b: Incineroar|atk|1
|move|p1a: Scheveningen|Ice Punch|p2b: Incineroar
|-resisted|p2b: Incineroar|1
|-damage|p2b: Incineroar|59/100
|-status|p2b: Incineroar|frz
|move|p2a: Milotic|Muddy Water|p1b: Haagse Reiger|[spread] p1a,p1b
|-supereffective|p1a: Scheveningen|1
|-damage|p1a: Scheveningen|45/100
|-damage|p1b: Haagse Reiger|76/100 slp
|cant|p1b: Haagse Reiger|slp
|
|-weather|Sandstorm|[upkeep]
|-damage|p2a: Milotic|35/100|[from] Sandstorm
|-damage|p2b: Incineroar|53/100 frz|[from] Sandstorm
|-heal|p2a: Milotic|41/100|[from] item: Leftovers
|-heal|p1b: Haagse Reiger|82/100 slp|[from] item: Leftovers
|upkeep
|turn|11
|
|t:|1783278785
|switch|p2b: Sinistcha|Sinistcha, L50|46/100
|-heal|p2a: Milotic|65/100|[from] ability: Hospitality|[of] p2b: Sinistcha
|move|p1a: Scheveningen|Knock Off|p2a: Milotic
|-damage|p2a: Milotic|49/100
|-enditem|p2a: Milotic|Leftovers|[from] move: Knock Off|[of] p1a: Scheveningen
|move|p2a: Milotic|Muddy Water|p1a: Scheveningen|[spread] p1a,p1b
|-supereffective|p1a: Scheveningen|1
|-damage|p1a: Scheveningen|18/100
|-damage|p1b: Haagse Reiger|60/100 slp
|-ability|p1b: Haagse Reiger|Mirror Armor
|-unboost|p2a: Milotic|accuracy|1
|-ability|p2a: Milotic|Competitive|boost
|-boost|p2a: Milotic|spa|2
|-curestatus|p1b: Haagse Reiger|slp|[msg]
|move|p1b: Haagse Reiger|Body Press|p2b: Sinistcha
|-immune|p2b: Sinistcha
|
|-weather|none
|-heal|p1b: Haagse Reiger|66/100|[from] item: Leftovers
|upkeep
|turn|12
|l| torie123
|
|t:|1783278800
|move|p2b: Sinistcha|Rage Powder|p2b: Sinistcha
|-singleturn|p2b: Sinistcha|move: Rage Powder
|move|p1a: Scheveningen|Rock Slide|p2a: Milotic|[spread] p2a,p2b
|-damage|p2a: Milotic|38/100
|-damage|p2b: Sinistcha|24/100
|move|p2a: Milotic|Muddy Water|p1b: Haagse Reiger|[spread] p1a,p1b
|-supereffective|p1a: Scheveningen|1
|-crit|p1a: Scheveningen
|-damage|p1a: Scheveningen|0 fnt
|-damage|p1b: Haagse Reiger|19/100
|faint|p1a: Scheveningen
|move|p1b: Haagse Reiger|Body Press|p2b: Sinistcha
|-immune|p2b: Sinistcha
|
|-heal|p1b: Haagse Reiger|25/100|[from] item: Leftovers
|upkeep
|turn|13
|
|t:|1783278807
|move|p2b: Sinistcha|Rage Powder|p2b: Sinistcha
|-singleturn|p2b: Sinistcha|move: Rage Powder
|move|p2a: Milotic|Muddy Water|p1b: Haagse Reiger
|-damage|p1b: Haagse Reiger|0 fnt
|faint|p1b: Haagse Reiger
|
|win|Akram Hamdi
|c|☆Ome Henk|gg
|c|☆Akram Hamdi|ggs
|l| 000aj
|l|☆Ome Henk
|player|p1|
