|j|☆shaboogles
|j|☆AtomicTwilight
|html|shabooglesAtomicTwilight    
|uhtml|bestof|Game 2 of a best-of-3
|t:|1784177067
|gametype|doubles
|player|p1|shaboogles|102|
|player|p2|AtomicTwilight|canari|
|gen|9
|tier|[Gen 9 Champions] VGC 2026 Reg M-B (Bo3)
|rule|Species Clause: Limit one of each Pokémon
|rule|Item Clause: Limit 1 of each item
|clearpoke
|poke|p1|Chandelure, L50, M|
|poke|p1|Chesnaught, L50, M|
|poke|p1|Greninja, L50, M|
|poke|p1|Rotom-Mow, L50|
|poke|p1|Krookodile, L50, F|
|poke|p1|Ariados, L50, F|
|poke|p2|Greninja, L50, F|
|poke|p2|Slowking-Galar, L50, M|
|poke|p2|Rotom-Frost, L50|
|poke|p2|Klefki, L50, F|
|poke|p2|Krookodile, L50, F|
|poke|p2|Chesnaught, L50, F|
|teampreview|4
|showteam|p1|Chandelure||Chandelurite|Infiltrator|HeatWave,ShadowBall,TrickRoom,Protect|Modest||M|||50|]Chesnaught||RoseliBerry|Overgrow|WideGuard,SpikyShield,WoodHammer,HammerArm|Adamant||M|||50|]Greninja||Greninjite|Torrent|IcyWind,Protect,HydroPump,DarkPulse|Timid||M|||50|]Rotom-Mow||ChoiceScarf|Levitate|Thunderbolt,LeafStorm,Electroweb,VoltSwitch|Timid|||||50|]Krookodile||PasshoBerry|Intimidate|Crunch,Taunt,Protect,HighHorsepower|Adamant||F|||50|]Ariados||ScopeLens|Sniper|CrossPoison,Protect,RagePowder,KnockOff|Jolly||F|||50|
|showteam|p2|Greninja||Greninjite|Protean|Blizzard,DarkPulse,Extrasensory,Protect|Modest||F|||50|]Slowking-Galar||Leftovers|Regenerator|ChillyReception,Protect,Toxic,AcidSpray|Calm||M|||50|]Rotom-Frost||ChoiceScarf|Levitate|VoltSwitch,Blizzard,Discharge,Electroweb|Timid|||||50|]Klefki||LightClay|Prankster|ThunderWave,Reflect,LightScreen,DazzlingGleam|Timid||F|||50|]Krookodile||LifeOrb|Intimidate|Earthquake,Crunch,CloseCombat,Protect|Jolly||F|||50|]Chesnaught||RoseliBerry|Bulletproof|HammerArm,WoodHammer,WideGuard,SpikyShield|Adamant||F|||50|
|
|t:|1784177117
|teamsize|p1|4
|teamsize|p2|4
|start
|switch|p1a: Greninja|Greninja, L50, M|100/100
|switch|p1b: Chandelure|Chandelure, L50, M|100/100
|switch|p2a: Chesnaught|Chesnaught, L50, F|100/100
|switch|p2b: Slowking|Slowking-Galar, L50, M|100/100
|turn|1
|
|t:|1784177163
|switch|p1a: Ariados|Ariados, L50, F|100/100
|detailschange|p1b: Chandelure|Chandelure-Mega, L50, M
|-mega|p1b: Chandelure|Chandelure|Chandelurite
|move|p2a: Chesnaught|Spiky Shield|p2a: Chesnaught
|-singleturn|p2a: Chesnaught|move: Protect
|move|p1b: Chandelure|Shadow Ball|p2b: Slowking
|-supereffective|p2b: Slowking|1
|-damage|p2b: Slowking|36/100
|-prepare|p2b: Slowking|Chilly Reception|[premajor]
|move|p2b: Slowking|Chilly Reception|p2b: Slowking
|-weather|Snowscape
|
|t:|1784177176
|-heal|p2b: Slowking|69/100|[from] ability: Regenerator|[silent]
|switch|p2b: Greninja|Greninja, L50, F|100/100|[from] Chilly Reception
|
|-weather|Snowscape|[upkeep]
|upkeep
|turn|2
|
|t:|1784177209
|detailschange|p2b: Greninja|Greninja-Mega, L50, F
|-mega|p2b: Greninja|Greninja|Greninjite
|move|p2a: Chesnaught|Wide Guard|p2a: Chesnaught
|-singleturn|p2a: Chesnaught|Wide Guard
|move|p2b: Greninja|Blizzard|p1b: Chandelure|[spread] p1a,p1b
|-start|p2b: Greninja|typechange|Ice|[from] ability: Protean
|-resisted|p1b: Chandelure|1
|-damage|p1a: Ariados|38/100
|-damage|p1b: Chandelure|74/100
|-status|p1b: Chandelure|frz
|cant|p1b: Chandelure|frz
|move|p1a: Ariados|Cross Poison|p2a: Chesnaught
|-supereffective|p2a: Chesnaught|1
|-damage|p2a: Chesnaught|60/100
|
|-weather|Snowscape|[upkeep]
|upkeep
|turn|3
|
|t:|1784177233
|switch|p2a: Klefki|Klefki, L50, F|100/100
|move|p2b: Greninja|Dark Pulse|p1b: Chandelure
|-supereffective|p1b: Chandelure|1
|-damage|p1b: Chandelure|11/100 frz
|cant|p1b: Chandelure|frz
|move|p1a: Ariados|Cross Poison|p2a: Klefki
|-immune|p2a: Klefki
|
|-weather|Snowscape|[upkeep]
|upkeep
|turn|4
|
|t:|1784177244
|move|p1a: Ariados|Rage Powder|p1a: Ariados
|-singleturn|p1a: Ariados|move: Rage Powder
|move|p2a: Klefki|Light Screen|p2a: Klefki
|-sidestart|p2: AtomicTwilight|move: Light Screen
|move|p2b: Greninja|Blizzard|p1b: Chandelure|[spread] p1a,p1b
|-resisted|p1b: Chandelure|1
|-damage|p1a: Ariados|0 fnt
|-damage|p1b: Chandelure|0 fnt
|faint|p1a: Ariados
|faint|p1b: Chandelure
|
|-weather|Snowscape|[upkeep]
|upkeep
|
|t:|1784177248
|switch|p1b: Greninja|Greninja, L50, M|100/100
|switch|p1a: Krookodile|Krookodile, L50, F|100/100
|-ability|p1a: Krookodile|Intimidate|boost
|-unboost|p2a: Klefki|atk|1
|-unboost|p2b: Greninja|atk|1
|turn|5
|
|t:|1784177262
|move|p2b: Greninja|Protect|p2b: Greninja
|-singleturn|p2b: Greninja|Protect
|move|p1b: Greninja|Icy Wind|p2b: Greninja|[spread] p2a
|-activate|p2b: Greninja|move: Protect
|-resisted|p2a: Klefki|1
|-damage|p2a: Klefki|95/100
|-unboost|p2a: Klefki|spe|1
|move|p1a: Krookodile|High Horsepower|p2b: Greninja
|-activate|p2b: Greninja|move: Protect
|move|p2a: Klefki|Dazzling Gleam|p1a: Krookodile|[spread] p1a,p1b
|-supereffective|p1a: Krookodile|1
|-supereffective|p1b: Greninja|1
|-damage|p1a: Krookodile|55/100
|-damage|p1b: Greninja|46/100
|
|-weather|none
|upkeep
|turn|6
|
|t:|1784177290
|move|p2b: Greninja|Blizzard|p1a: Krookodile|[spread] p1a,p1b
|-supereffective|p1a: Krookodile|1
|-resisted|p1b: Greninja|1
|-crit|p1b: Greninja
|-damage|p1a: Krookodile|0 fnt
|-damage|p1b: Greninja|0 fnt
|faint|p1a: Krookodile
|faint|p1b: Greninja
|
|win|AtomicTwilight
||shaboogles is ready for game 3.
||AtomicTwilight is ready for game 3.
|uhtml|next|Next: Game 3 of 3
