|j|☆testy accounty 2
|j|☆cylinder commune
|html|testy accounty 2cylinder commune    
|uhtml|bestof|Game 2 of a best-of-3
|t:|1755668107
|gametype|doubles
|player|p1|testy accounty 2|265|1162
|player|p2|cylinder commune|zinzolin|1204
|gen|9
|tier|[Gen 9] VGC 2025 Reg H (Bo3)
|rated|
|rule|Species Clause: Limit one of each Pokémon
|rule|Item Clause: Limit 1 of each item
|clearpoke
|poke|p1|Sneasler, L50, F|
|poke|p1|Dragapult, L50, F|
|poke|p1|Primarina, L50, F|
|poke|p1|Rillaboom, L50, F|
|poke|p1|Kingambit, L50, F|
|poke|p1|Magmar, L50, F|
|poke|p2|Incineroar, L50, F|
|poke|p2|Milotic, L50, M|
|poke|p2|Dragonite, L50, F|
|poke|p2|Gholdengo, L50|
|poke|p2|Sneasler, L50, F|
|poke|p2|Pachirisu, L50, M|
|teampreview|4
|showteam|p1|Sneasler||FocusSash|PoisonTouch|CloseCombat,DireClaw,FakeOut,Protect|||F|||50|,,,,,Stellar]Dragapult||ChoiceBand|ClearBody|DragonDarts,TeraBlast,PhantomForce,Uturn|||F|||50|,,,,,Ghost]Primarina||SitrusBerry|LiquidVoice|HyperVoice,Moonblast,Haze,Protect|||F|||50|,,,,,Water]Rillaboom||AssaultVest|GrassySurge|WoodHammer,GrassyGlide,HighHorsepower,FakeOut|||F|||50|,,,,,Fire]Kingambit||BlackGlasses|Defiant|KowtowCleave,SuckerPunch,SwordsDance,Protect|||F|||50|,,,,,Dark]Magmar||Eviolite|VitalSpirit|Overheat,WillOWisp,FollowMe,Protect|||F|||50|,,,,,Ghost
|showteam|p2|Incineroar||CovertCloak|Intimidate|FlareBlitz,KnockOff,FakeOut,PartingShot|||F|||50|,,,,,Ghost]Milotic||AssaultVest|Competitive|Scald,IcyWind,IceBeam,Whirlpool|||M|||50|,,,,,Fairy]Dragonite||LoadedDice|Multiscale|ScaleShot,Tailwind,Haze,Protect|||F|||50|,,,,,Fairy]Gholdengo||MetalCoat|GoodasGold|MakeItRain,ShadowBall,NastyPlot,Protect||||||50|,,,,,Water]Sneasler||FocusSash|Pressure|DireClaw,CloseCombat,FakeOut,Protect|||F|||50|,,,,,Ghost]Pachirisu||SafetyGoggles|VoltAbsorb|Nuzzle,SuperFang,FollowMe,Protect|||M|||50|,,,,,Grass
|
|t:|1755668162
|teamsize|p1|4
|teamsize|p2|4
|start
|switch|p1a: Magmar|Magmar, L50, F|100/100
|switch|p1b: Kingambit|Kingambit, L50, F|100/100
|switch|p2a: Milotic|Milotic, L50, M|100/100
|switch|p2b: Incineroar|Incineroar, L50, F|100/100
|-ability|p2b: Incineroar|Intimidate|boost
|-unboost|p1a: Magmar|atk|1
|-unboost|p1b: Kingambit|atk|1
|-ability|p1b: Kingambit|Defiant|boost
|-boost|p1b: Kingambit|atk|2
|turn|1
|
|t:|1755668190
|move|p1a: Magmar|Protect|p1a: Magmar
|-singleturn|p1a: Magmar|Protect
|move|p1b: Kingambit|Protect|p1b: Kingambit
|-singleturn|p1b: Kingambit|Protect
|move|p2a: Milotic|Whirlpool|p1a: Magmar
|-activate|p1a: Magmar|move: Protect
|move|p2b: Incineroar|Parting Shot|p1a: Magmar
|-activate|p1a: Magmar|move: Protect
|
|upkeep
|turn|2
|
|t:|1755668206
|move|p1a: Magmar|Follow Me|p1a: Magmar
|-singleturn|p1a: Magmar|move: Follow Me
|move|p2a: Milotic|Scald|p1a: Magmar
|-supereffective|p1a: Magmar
|-damage|p1a: Magmar|40/100
|move|p2b: Incineroar|Parting Shot|p1a: Magmar
|-unboost|p1a: Magmar|atk|1
|-unboost|p1a: Magmar|spa|1
|
|t:|1755668215
|switch|p2b: Dragonite|Dragonite, L50, F|100/100|[from] Parting Shot
|move|p1b: Kingambit|Kowtow Cleave|p2b: Dragonite
|-damage|p2b: Dragonite|50/100
|
|upkeep
|turn|3
|
|t:|1755668239
|move|p2b: Dragonite|Scale Shot|p1a: Magmar
|-damage|p1a: Magmar|28/100
|-damage|p1a: Magmar|16/100
|-damage|p1a: Magmar|3/100
|-damage|p1a: Magmar|0 fnt
|faint|p1a: Magmar
|-hitcount|p1: Magmar|4
|-unboost|p2b: Dragonite|def|1
|-boost|p2b: Dragonite|spe|1
|move|p2a: Milotic|Scald|p1b: Kingambit
|-damage|p1b: Kingambit|69/100
|move|p1b: Kingambit|Kowtow Cleave|p2a: Milotic
|-damage|p2a: Milotic|12/100
|
|upkeep
|
|t:|1755668269
|switch|p1a: Sneasler|Sneasler, L50, F|100/100
|turn|4
|
|t:|1755668289
|switch|p2a: Incineroar|Incineroar, L50, F|100/100
|-ability|p2a: Incineroar|Intimidate|boost
|-unboost|p1a: Sneasler|atk|1
|-unboost|p1b: Kingambit|atk|1
|-ability|p1b: Kingambit|Defiant|boost
|-boost|p1b: Kingambit|atk|2
|move|p2b: Dragonite|Protect|p2b: Dragonite
|-singleturn|p2b: Dragonite|Protect
|move|p1a: Sneasler|Fake Out|p2b: Dragonite
|-activate|p2b: Dragonite|move: Protect
|move|p1b: Kingambit|Sucker Punch||[still]
|-fail|p1b: Kingambit
|
|upkeep
|turn|5
|
|t:|1755668308
|move|p1a: Sneasler|Protect|p1a: Sneasler
|-singleturn|p1a: Sneasler|Protect
|move|p1b: Kingambit|Protect|p1b: Kingambit
|-singleturn|p1b: Kingambit|Protect
|move|p2a: Incineroar|Fake Out|p1a: Sneasler
|-activate|p1a: Sneasler|move: Protect
|move|p2b: Dragonite|Haze|p2b: Dragonite
|-clearallboost
|
|upkeep
|turn|6
|
|t:|1755668358
|move|p1b: Kingambit|Sucker Punch|p2a: Incineroar
|-resisted|p2a: Incineroar
|-damage|p2a: Incineroar|83/100
|move|p1a: Sneasler|Close Combat|p2a: Incineroar
|-supereffective|p2a: Incineroar
|-damage|p2a: Incineroar|0 fnt
|-unboost|p1a: Sneasler|def|1
|-unboost|p1a: Sneasler|spd|1
|faint|p2a: Incineroar
|move|p2b: Dragonite|Scale Shot|p1a: Sneasler|[miss]
|-miss|p2b: Dragonite|p1a: Sneasler
|
|upkeep
|
|t:|1755668366
|switch|p2a: Sneasler|Sneasler, L50, F|100/100
|-ability|p2a: Sneasler|Pressure
|turn|7
|
|t:|1755668395
|-terastallize|p1b: Kingambit|Dark
|move|p1b: Kingambit|Sucker Punch||[still]
|-fail|p1b: Kingambit
|move|p2a: Sneasler|Close Combat|p1b: Kingambit
|-supereffective|p1b: Kingambit
|-damage|p1b: Kingambit|0 fnt
|-unboost|p2a: Sneasler|def|1
|-unboost|p2a: Sneasler|spd|1
|faint|p1b: Kingambit
|move|p1a: Sneasler|Dire Claw|p2b: Dragonite
|-damage|p2b: Dragonite|0 fnt
|faint|p2b: Dragonite
|
|upkeep
|
|t:|1755668408
|switch|p2b: Milotic|Milotic, L50, M|12/100
|switch|p1b: Dragapult|Dragapult, L50, F|100/100
|turn|8
|
|t:|1755668441
|-terastallize|p2b: Milotic|Fairy
|move|p1b: Dragapult|Phantom Force||[still]
|-prepare|p1b: Dragapult|Phantom Force
|move|p2a: Sneasler|Dire Claw|p1a: Sneasler
|-resisted|p1a: Sneasler
|-damage|p1a: Sneasler|51/100
|move|p1a: Sneasler|Dire Claw|p2a: Sneasler
|-resisted|p2a: Sneasler
|-damage|p2a: Sneasler|46/100
|move|p2b: Milotic|Scald|p1a: Sneasler
|-crit|p1a: Sneasler
|-damage|p1a: Sneasler|0 fnt
|faint|p1a: Sneasler
|
|upkeep
|turn|9
|
|t:|1755668454
|move|p1b: Dragapult|Phantom Force|p2b: Milotic|[from] lockedmove
|-damage|p2b: Milotic|0 fnt
|faint|p2b: Milotic
|move|p2a: Sneasler|Dire Claw|p1b: Dragapult
|-resisted|p1b: Dragapult
|-damage|p1b: Dragapult|73/100
|
|upkeep
|turn|10
|
|t:|1755668461
|move|p1b: Dragapult|Phantom Force||[still]
|-prepare|p1b: Dragapult|Phantom Force
|move|p2a: Sneasler|Dire Claw|p1b: Dragapult|[miss]
|-miss|p2a: Sneasler|p1b: Dragapult
|
|upkeep
|turn|11
|-message|cylinder commune forfeited.
|raw|testy accounty 2's rating: 1162 → 1190(+28 for winning)
|raw|cylinder commune's rating: 1204 → 1176(-28 for losing)
|
|win|testy accounty 2
|l|☆cylinder commune
|player|p2|
|l|☆testy accounty 2
|player|p1|
|j|☆testy accounty 2
|player|p1|testy accounty 2|265|
