|j|☆tg100
|j|☆sedrav
|html|tg100sedrav    
|uhtml|bestof|Game 1 of a best-of-3
|t:|1757036448
|gametype|doubles
|player|p1|tg100|266|1087
|player|p2|sedrav|hilbert|1115
|gen|9
|tier|[Gen 9] VGC 2025 Reg H (Bo3)
|rated|
|rule|Species Clause: Limit one of each Pokémon
|rule|Item Clause: Limit 1 of each item
|clearpoke
|poke|p1|Dragapult, L50, F|
|poke|p1|Indeedee, L50, M|
|poke|p1|Electabuzz, L50, F|
|poke|p1|Incineroar, L50, M|
|poke|p1|Sneasler, L50, F|
|poke|p1|Ninetales-Alola, L50, F|
|poke|p2|Garchomp, L50, F|
|poke|p2|Gholdengo, L50|
|poke|p2|Tyranitar, L50, F|
|poke|p2|Amoonguss, L50, F|
|poke|p2|Kilowattrel, L50, F|
|poke|p2|Incineroar, L50, F|
|teampreview|4
|showteam|p1|Dragapult||ChoiceBand|ClearBody|DragonDarts,PhantomForce,Outrage,Uturn|||F|||50|,,,,,Dragon]Indeedee||ChoiceScarf|PsychicSurge|Trick,ExpandingForce,DazzlingGleam,HyperVoice|||M|||50|,,,,,Fairy]Electabuzz||Eviolite|VitalSpirit|Electroweb,FollowMe,HelpingHand,Protect|||F|||50|,,,,,Ghost]Incineroar||SafetyGoggles|Intimidate|Taunt,KnockOff,FlareBlitz,PartingShot|||M|||50|,,,,,Ghost]Sneasler||PsychicSeed|Unburden|ThroatChop,CloseCombat,DireClaw,Protect|||F|||50|,,,,,Dark]Ninetales-Alola||LightClay|SnowWarning|Blizzard,AuroraVeil,Moonblast,IcyWind|||F|||50|,,,,,Water
|showteam|p2|Garchomp||LifeOrb|RoughSkin|DragonClaw,StompingTantrum,Earthquake,Protect|||F|||50|,,,,,Ground]Gholdengo||MetalCoat|GoodasGold|MakeItRain,ShadowBall,NastyPlot,Protect||||||50|,,,,,Flying]Tyranitar||AssaultVest|SandStream|RockSlide,KnockOff,LowKick,TeraBlast|||F|||50|,,,,,Flying]Amoonguss||SitrusBerry|Regenerator|Spore,RagePowder,PollenPuff,Protect|||F|||50|,,,,,Water]Kilowattrel||FocusSash|Competitive|AirSlash,Tailwind,VoltSwitch,Protect|||F|||50|,,,,,Ghost]Incineroar||SafetyGoggles|Intimidate|FakeOut,FlareBlitz,KnockOff,PartingShot|||F|||50|,,,,,Ghost
|inactive|Battle timer is ON: inactive players will automatically lose when time's up. (requested by sedrav)
|inactive|sedrav has 60 seconds left.
|
|t:|1757036496
|teamsize|p1|4
|teamsize|p2|4
|start
|switch|p1a: Ninetales|Ninetales-Alola, L50, F|100/100
|switch|p1b: Indeedee|Indeedee, L50, M|100/100
|switch|p2a: Garchomp|Garchomp, L50, F|100/100
|switch|p2b: Kilowattrel|Kilowattrel, L50, F|100/100
|-fieldstart|move: Psychic Terrain|[from] ability: Psychic Surge|[of] p1b: Indeedee
|-weather|Snowscape|[from] ability: Snow Warning|[of] p1a: Ninetales
|turn|1
|inactive|tg100 has 30 seconds left.
|inactive|tg100 has 20 seconds left.
|inactive|tg100 has 15 seconds left.
|inactive|tg100 has 10 seconds left.
|inactive|tg100 has 5 seconds left.
|
|t:|1757036551
|-terastallize|p2a: Garchomp|Ground
|move|p1b: Indeedee|Trick|p2b: Kilowattrel
|-activate|p1b: Indeedee|move: Trick|[of] p2b: Kilowattrel
|-item|p2b: Kilowattrel|Choice Scarf|[from] move: Trick
|-item|p1b: Indeedee|Focus Sash|[from] move: Trick
|move|p2b: Kilowattrel|Tailwind|p2b: Kilowattrel
|-sidestart|p2: sedrav|move: Tailwind
|move|p2a: Garchomp|Earthquake|p1a: Ninetales|[spread] p1a,p1b
|-immune|p2b: Kilowattrel
|-damage|p1a: Ninetales|33/100
|-enditem|p1b: Indeedee|Focus Sash
|-damage|p1b: Indeedee|1/100
|-damage|p2a: Garchomp|91/100|[from] item: Life Orb
|move|p1a: Ninetales|Blizzard|p2b: Kilowattrel|[spread] p2a,p2b
|-supereffective|p2a: Garchomp
|-supereffective|p2b: Kilowattrel
|-damage|p2a: Garchomp|15/100
|-damage|p2b: Kilowattrel|0 fnt
|faint|p2b: Kilowattrel
|
|-weather|Snowscape|[upkeep]
|upkeep
|
|t:|1757036571
|switch|p2b: Tyranitar|Tyranitar, L50, F|100/100
|-weather|Sandstorm|[from] ability: Sand Stream|[of] p2b: Tyranitar
|turn|2
|
|t:|1757036592
|move|p2a: Garchomp|Protect|p2a: Garchomp
|-singleturn|p2a: Garchomp|Protect
|move|p2b: Tyranitar|Rock Slide|p1a: Ninetales|[spread] p1a,p1b
|-supereffective|p1a: Ninetales
|-damage|p1a: Ninetales|0 fnt
|-damage|p1b: Indeedee|0 fnt
|faint|p1a: Ninetales
|faint|p1b: Indeedee
|
|-weather|Sandstorm|[upkeep]
|upkeep
|inactive|tg100 has 30 seconds left.
|inactive|tg100 has 20 seconds left.
|inactive|tg100 has 15 seconds left.
|inactive|tg100 has 10 seconds left.
|inactive|tg100 has 5 seconds left.
|
|t:|1757036647
|switch|p1a: Sneasler|Sneasler, L50, F|100/100
|switch|p1b: Dragapult|Dragapult, L50, F|100/100
|-enditem|p1a: Sneasler|Psychic Seed
|-boost|p1a: Sneasler|spd|1|[from] item: Psychic Seed
|turn|3
|inactive|tg100 has 30 seconds left.
|inactive|sedrav has 30 seconds left.
|
|t:|1757036682
|-terastallize|p1b: Dragapult|Dragon
|move|p1a: Sneasler|Dire Claw|p2a: Garchomp
|-resisted|p2a: Garchomp
|-damage|p2a: Garchomp|0 fnt
|-damage|p1a: Sneasler|88/100|[from] ability: Rough Skin|[of] p2a: Garchomp
|faint|p2a: Garchomp
|move|p2b: Tyranitar|Knock Off|p1b: Dragapult
|-damage|p1b: Dragapult|28/100
|-enditem|p1b: Dragapult|Choice Band|[from] move: Knock Off|[of] p2b: Tyranitar
|move|p1b: Dragapult|Outrage|p2b: Tyranitar
|-damage|p2b: Tyranitar|28/100
|
|-weather|Sandstorm|[upkeep]
|-damage|p1a: Sneasler|82/100|[from] Sandstorm
|-damage|p1b: Dragapult|22/100|[from] Sandstorm
|upkeep
|
|t:|1757036695
|switch|p2a: Incineroar|Incineroar, L50, F|100/100
|-ability|p2a: Incineroar|Intimidate|boost
|-unboost|p1a: Sneasler|atk|1
|-fail|p1b: Dragapult|unboost|[from] ability: Clear Body|[of] p1b: Dragapult
|turn|4
|
|t:|1757036709
|move|p1a: Sneasler|Protect|p1a: Sneasler
|-singleturn|p1a: Sneasler|Protect
|move|p2a: Incineroar|Fake Out|p1a: Sneasler
|-activate|p1a: Sneasler|move: Psychic Terrain
|move|p2b: Tyranitar|Rock Slide|p1a: Sneasler|[spread] p1b
|-activate|p1a: Sneasler|move: Protect
|-damage|p1b: Dragapult|0 fnt
|faint|p1b: Dragapult
|
|-weather|Sandstorm|[upkeep]
|-damage|p1a: Sneasler|77/100|[from] Sandstorm
|-sideend|p2: sedrav|move: Tailwind
|upkeep
|turn|5
|
|t:|1757036729
|move|p1a: Sneasler|Close Combat|p2a: Incineroar
|-supereffective|p2a: Incineroar
|-damage|p2a: Incineroar|4/100
|-unboost|p1a: Sneasler|def|1
|-unboost|p1a: Sneasler|spd|1
|move|p2a: Incineroar|Flare Blitz|p1a: Sneasler
|-damage|p1a: Sneasler|0 fnt
|faint|p1a: Sneasler
|-damage|p2a: Incineroar|0 fnt|[from] Recoil
|faint|p2a: Incineroar
|
|win|sedrav
||tg100 is ready for game 2.
|inactive|sedrav has 30 seconds to confirm battle start!
