|j|☆bdmVGC
|j|☆NEZK025
|html|bdmVGCNEZK025    
|uhtml|bestof|Game 2 of a best-of-3
|t:|1783705545
|gametype|doubles
|player|p1|bdmVGC|unknown|
|player|p2|NEZK025|nate|
|gen|9
|tier|[Gen 9 Champions] VGC 2026 Reg M-B (Bo3)
|rule|Species Clause: Limit one of each Pokémon
|rule|Item Clause: Limit 1 of each item
|clearpoke
|poke|p1|Dragapult, L50, F|
|poke|p1|Metagross, L50|
|poke|p1|Whimsicott, L50, F|
|poke|p1|Staraptor, L50, M|
|poke|p1|Charizard, L50, F|
|poke|p1|Farigiraf, L50, M|
|poke|p2|Excadrill, L50, M|
|poke|p2|Tyranitar, L50, F|
|poke|p2|Corviknight, L50, M|
|poke|p2|Hydreigon, L50, F|
|poke|p2|Rotom-Wash, L50|
|poke|p2|Mimikyu, L50, M|
|teampreview|4
|showteam|p1|Dragapult||LifeOrb|Infiltrator|FireBlast,ShadowBall,Protect,DracoMeteor|Modest||F|||50|]Metagross||Metagrossite|ClearBody|Protect,PsychicFangs,IcePunch,RockSlide|Jolly|||||50|]Whimsicott||FocusSash|Prankster|Tailwind,Moonblast,Protect,Encore|Timid||F|||50|]Staraptor||ChoiceScarf|Intimidate|FinalGambit,Uturn,BraveBird,CloseCombat|Jolly||M|||50|]Charizard||CharizarditeY|Blaze|Protect,HeatWave,SolarBeam,AirSlash|Modest||F|||50|]Farigiraf||SitrusBerry|ArmorTail|SunnyDay,TrickRoom,HelpingHand,Psychic|Modest||M|||50|
|showteam|p2|Excadrill||FocusSash|SandRush|Protect,Earthquake,IronHead,RockTomb|Adamant||M|||50|]Tyranitar||Tyranitarite|SandStream|Protect,RockSlide,KnockOff,LowKick|Adamant||F|||50|]Corviknight||Leftovers|MirrorArmor|Roost,BraveBird,Tailwind,BulkUp|Careful||M|||50|]Hydreigon||ChoiceScarf|Levitate|DragonPulse,DarkPulse,Snarl,EarthPower|Modest||F|||50|]Rotom-Wash||SitrusBerry|Levitate|Protect,Thunderbolt,HydroPump,Reflect|Modest|||||50|]Mimikyu||FairyFeather|Disguise|Protect,PlayRough,ShadowClaw,ShadowSneak|Adamant||M|||50|
|
|t:|1783705570
|teamsize|p1|4
|teamsize|p2|4
|start
|switch|p1a: Staraptor|Staraptor, L50, M|100/100
|switch|p1b: Farigiraf|Farigiraf, L50, M|100/100
|switch|p2a: Hydreigon|Hydreigon, L50, F|100/100
|switch|p2b: Tyranitar|Tyranitar, L50, F|100/100
|-ability|p1a: Staraptor|Intimidate|boost
|-unboost|p2a: Hydreigon|atk|1
|-unboost|p2b: Tyranitar|atk|1
|-weather|Sandstorm|[from] ability: Sand Stream|[of] p2b: Tyranitar
|turn|1
|
|t:|1783705605
|switch|p2a: Mimikyu|Mimikyu, L50, M|100/100
|move|p2b: Tyranitar|Protect|p2b: Tyranitar
|-singleturn|p2b: Tyranitar|Protect
|move|p1a: Staraptor|U-turn|p2a: Mimikyu
|-activate|p2a: Mimikyu|ability: Disguise
|-damage|p2a: Mimikyu|100/100
|detailschange|p2a: Mimikyu|Mimikyu-Busted, L50, M
|-damage|p2a: Mimikyu|87/100|[from] pokemon: Mimikyu-Busted
|
|t:|1783705614
|switch|p1a: Metagross|Metagross, L50|100/100|[from] U-turn
|move|p1b: Farigiraf|Sunny Day|p1b: Farigiraf
|-weather|SunnyDay
|
|-weather|SunnyDay|[upkeep]
|upkeep
|turn|2
|
|t:|1783705640
|switch|p2a: Hydreigon|Hydreigon, L50, F|100/100
|detailschange|p1a: Metagross|Metagross-Mega, L50
|-mega|p1a: Metagross|Metagross|Metagrossite
|detailschange|p2b: Tyranitar|Tyranitar-Mega, L50, F
|-mega|p2b: Tyranitar|Tyranitar|Tyranitarite
|-weather|Sandstorm|[from] ability: Sand Stream|[of] p2b: Tyranitar
|move|p1b: Farigiraf|Helping Hand|p1a: Metagross
|-singleturn|p1a: Metagross|Helping Hand|[of] p1b: Farigiraf
|move|p1a: Metagross|Rock Slide|p2a: Hydreigon|[spread] p2a
|-miss|p1a: Metagross|p2b: Tyranitar
|-damage|p2a: Hydreigon|63/100
|move|p2b: Tyranitar|Knock Off|p1b: Farigiraf
|-supereffective|p1b: Farigiraf|1
|-damage|p1b: Farigiraf|33/100
|-enditem|p1b: Farigiraf|Sitrus Berry|[from] move: Knock Off|[of] p2b: Tyranitar
|
|-weather|Sandstorm|[upkeep]
|-damage|p2a: Hydreigon|57/100|[from] Sandstorm
|-damage|p1b: Farigiraf|27/100|[from] Sandstorm
|upkeep
|turn|3
|
|t:|1783705668
|move|p2a: Hydreigon|Dark Pulse|p1a: Metagross
|-supereffective|p1a: Metagross|1
|-damage|p1a: Metagross|4/100
|move|p1a: Metagross|Ice Punch|p2a: Hydreigon
|-supereffective|p2a: Hydreigon|1
|-damage|p2a: Hydreigon|0 fnt
|faint|p2a: Hydreigon
|move|p2b: Tyranitar|Knock Off|p1b: Farigiraf
|-supereffective|p1b: Farigiraf|1
|-damage|p1b: Farigiraf|0 fnt
|faint|p1b: Farigiraf
|
|-weather|Sandstorm|[upkeep]
|upkeep
|
|t:|1783705680
|switch|p2a: Excadrill|Excadrill, L50, M|100/100
|switch|p1b: Staraptor|Staraptor, L50, M|100/100
|-ability|p1b: Staraptor|Intimidate|boost
|-unboost|p2a: Excadrill|atk|1
|-unboost|p2b: Tyranitar|atk|1
|turn|4
|
|t:|1783705691
|switch|p2b: Mimikyu|Mimikyu-Busted, L50, M|87/100
|move|p1a: Metagross|Protect|p1a: Metagross
|-singleturn|p1a: Metagross|Protect
|move|p2a: Excadrill|Rock Tomb|p1b: Staraptor
|-supereffective|p1b: Staraptor|1
|-crit|p1b: Staraptor
|-damage|p1b: Staraptor|10/100
|-unboost|p1b: Staraptor|spe|1
|move|p1b: Staraptor|Close Combat|p2b: Mimikyu
|-immune|p2b: Mimikyu
|
|-weather|Sandstorm|[upkeep]
|-damage|p1b: Staraptor|4/100|[from] Sandstorm
|-damage|p2b: Mimikyu|81/100|[from] Sandstorm
|upkeep
|turn|5
|c|☆NEZK025|My bad for crit
|
|t:|1783705713
|move|p2a: Excadrill|Iron Head|p1b: Staraptor
|-damage|p1b: Staraptor|0 fnt
|faint|p1b: Staraptor
|move|p1a: Metagross|Psychic Fangs|p2b: Mimikyu
|-damage|p2b: Mimikyu|0 fnt
|faint|p2b: Mimikyu
|
|-weather|Sandstorm|[upkeep]
|upkeep
|
|t:|1783705720
|switch|p1b: Dragapult|Dragapult, L50, F|100/100
|switch|p2b: Tyranitar|Tyranitar-Mega, L50, F|100/100
|turn|6
|
|t:|1783705735
|move|p2a: Excadrill|Iron Head|p1a: Metagross
|-resisted|p1a: Metagross|1
|-damage|p1a: Metagross|0 fnt
|faint|p1a: Metagross
|move|p1b: Dragapult|Fire Blast|p2a: Excadrill
|-supereffective|p2a: Excadrill|1
|-enditem|p2a: Excadrill|Focus Sash
|-damage|p2a: Excadrill|1/100
|-damage|p1b: Dragapult|90/100|[from] item: Life Orb
|move|p2b: Tyranitar|Knock Off|p1b: Dragapult
|-supereffective|p1b: Dragapult|1
|-damage|p1b: Dragapult|0 fnt
|-enditem|p1b: Dragapult|Life Orb|[from] move: Knock Off|[of] p2b: Tyranitar
|faint|p1b: Dragapult
|
|win|NEZK025
|c|☆NEZK025|Ggwp
|c|☆bdmVGC|gg
|l|☆bdmVGC
|player|p1|
