|j|☆mysteriousmothman
|j|☆MinasDevilCrobats
|html|mysteriousmothmanMinasDevilCrobats    
|uhtml|bestof|Game 2 of a best-of-3
|t:|1756154194
|gametype|doubles
|player|p1|mysteriousmothman|skier|1179
|player|p2|MinasDevilCrobats|darach-caitlin|1155
|gen|9
|tier|[Gen 9] VGC 2025 Reg H (Bo3)
|rated|
|rule|Species Clause: Limit one of each Pokémon
|rule|Item Clause: Limit 1 of each item
|clearpoke
|poke|p1|Porygon2, L50|
|poke|p1|Hydreigon, L50, M|
|poke|p1|Incineroar, L50, F|
|poke|p1|Garchomp, L50, F|
|poke|p1|Amoonguss, L50, F|
|poke|p1|Gholdengo, L50|
|poke|p2|Dragapult, L50, F|
|poke|p2|Electabuzz, L50, F|
|poke|p2|Sneasler, L50, F|
|poke|p2|Primarina, L50, M|
|poke|p2|Gholdengo, L50|
|poke|p2|Whimsicott, L50, F|
|teampreview|4
|showteam|p1|Porygon2||Eviolite|Download|TeraBlast,IceBeam,TrickRoom,Recover||||||50|,,,,,Fighting]Hydreigon||SafetyGoggles|Levitate|Snarl,DracoMeteor,Tailwind,Protect|||M|||50|,,,,,Ghost]Incineroar||SitrusBerry|Intimidate|FlareBlitz,KnockOff,PartingShot,FakeOut|||F|||50|,,,,,Grass]Garchomp||LoadedDice|RoughSkin|ScaleShot,Earthquake,StompingTantrum,Protect|||F|||50|,,,,,Fire]Amoonguss||CovertCloak|Regenerator|PollenPuff,Spore,RagePowder,Protect|||F|||50|,,,,,Fire]Gholdengo||MetalCoat|GoodasGold|MakeItRain,ShadowBall,NastyPlot,Protect||||||50|,,,,,Flying
|showteam|p2|Dragapult||ChoiceBand|ClearBody|DragonDarts,PhantomForce,Outrage,Uturn|||F|||50|,,,,,Dragon]Electabuzz||Eviolite|VitalSpirit|Electroweb,FollowMe,Taunt,Protect|||F|||50|,,,,,Ghost]Sneasler||FocusSash|Unburden|DireClaw,CloseCombat,FakeOut,Protect|||F|||50|,,,,,Stellar]Primarina||ThroatSpray|LiquidVoice|HyperVoice,Moonblast,Haze,Protect|||M|||50|,,,,,Poison]Gholdengo||LifeOrb|GoodasGold|MakeItRain,ShadowBall,NastyPlot,Protect||||||50|,,,,,Water]Whimsicott||CovertCloak|Prankster|Tailwind,Moonblast,Taunt,FakeTears|||F|||50|,,,,,Water
|inactive|Battle timer is ON: inactive players will automatically lose when time's up. (requested by mysteriousmothman)
|
|t:|1756154234
|teamsize|p1|4
|teamsize|p2|4
|start
|switch|p1a: Incineroar|Incineroar, L50, F, shiny|100/100
|switch|p1b: Gholdengo|Gholdengo, L50, shiny|100/100
|switch|p2a: Whimsicott|Whimsicott, L50, F|100/100
|switch|p2b: Gholdengo|Gholdengo, L50|100/100
|-ability|p1a: Incineroar|Intimidate|boost
|-unboost|p2a: Whimsicott|atk|1
|-unboost|p2b: Gholdengo|atk|1
|turn|1
|inactive|mysteriousmothman has 30 seconds left.
|inactive|mysteriousmothman has 20 seconds left.
|inactive|mysteriousmothman has 15 seconds left.
|inactive|mysteriousmothman has 10 seconds left.
|
|t:|1756154281
|-terastallize|p2b: Gholdengo|Water
|move|p2a: Whimsicott|Tailwind|p2a: Whimsicott
|-sidestart|p2: MinasDevilCrobats|move: Tailwind
|move|p2b: Gholdengo|Nasty Plot|p2b: Gholdengo
|-boost|p2b: Gholdengo|spa|2
|move|p1a: Incineroar|Knock Off|p2b: Gholdengo
|-damage|p2b: Gholdengo|62/100
|-enditem|p2b: Gholdengo|Life Orb|[from] move: Knock Off|[of] p1a: Incineroar
|move|p1b: Gholdengo|Shadow Ball|p2b: Gholdengo
|-damage|p2b: Gholdengo|20/100
|
|upkeep
|turn|2
|
|t:|1756154302
|switch|p2a: Primarina|Primarina, L50, M|100/100
|move|p2b: Gholdengo|Protect|p2b: Gholdengo
|-singleturn|p2b: Gholdengo|Protect
|move|p1b: Gholdengo|Protect|p1b: Gholdengo
|-singleturn|p1b: Gholdengo|Protect
|move|p1a: Incineroar|Knock Off|p2b: Gholdengo
|-activate|p2b: Gholdengo|move: Protect
|
|upkeep
|turn|3
|inactive|mysteriousmothman has 30 seconds left.
|inactive|mysteriousmothman has 20 seconds left.
|
|t:|1756154339
|switch|p1b: Porygon2|Porygon2, L50, shiny|100/100
|-ability|p1b: Porygon2|Download|boost
|-boost|p1b: Porygon2|atk|1
|move|p2b: Gholdengo|Shadow Ball|p1b: Porygon2
|-immune|p1b: Porygon2
|move|p2a: Primarina|Hyper Voice|p1a: Incineroar|[spread] p1a,p1b
|-supereffective|p1a: Incineroar
|-crit|p1b: Porygon2
|-damage|p1a: Incineroar|30/100
|-damage|p1b: Porygon2|69/100
|-enditem|p1a: Incineroar|Sitrus Berry|[eat]
|-heal|p1a: Incineroar|55/100|[from] item: Sitrus Berry
|-enditem|p2a: Primarina|Throat Spray
|-boost|p2a: Primarina|spa|1|[from] item: Throat Spray
|move|p1a: Incineroar|Parting Shot|p2a: Primarina
|-unboost|p2a: Primarina|atk|1
|-unboost|p2a: Primarina|spa|1
|inactive|mysteriousmothman has 30 seconds left.
|
|t:|1756154368
|switch|p1a: Garchomp|Garchomp, L50, F, shiny|100/100|[from] Parting Shot
|
|upkeep
|turn|4
|
|t:|1756154386
|switch|p1b: Incineroar|Incineroar, L50, F, shiny|55/100
|-ability|p1b: Incineroar|Intimidate|boost
|-unboost|p2a: Primarina|atk|1
|-unboost|p2b: Gholdengo|atk|1
|move|p1a: Garchomp|Protect|p1a: Garchomp
|-singleturn|p1a: Garchomp|Protect
|move|p2b: Gholdengo|Make It Rain|p1b: Incineroar|[spread] p1b
|-activate|p1a: Garchomp|move: Protect
|-resisted|p1b: Incineroar
|-damage|p1b: Incineroar|12/100
|-unboost|p2b: Gholdengo|spa|1
|move|p2a: Primarina|Moonblast|p1b: Incineroar
|-damage|p1b: Incineroar|0 fnt
|faint|p1b: Incineroar
|
|-sideend|p2: MinasDevilCrobats|move: Tailwind
|upkeep
|
|t:|1756154404
|switch|p1b: Gholdengo|Gholdengo, L50, shiny|100/100
|turn|5
|
|t:|1756154413
|-terastallize|p1b: Gholdengo|Flying
|move|p2a: Primarina|Protect|p2a: Primarina
|-singleturn|p2a: Primarina|Protect
|move|p1a: Garchomp|Earthquake|p2b: Gholdengo|[spread] p2b
|-activate|p2a: Primarina|move: Protect
|-immune|p1b: Gholdengo
|-damage|p2b: Gholdengo|0 fnt
|faint|p2b: Gholdengo
|move|p1b: Gholdengo|Make It Rain|p2a: Primarina
|-activate|p2a: Primarina|move: Protect
|
|upkeep
|
|t:|1756154429
|switch|p2b: Whimsicott|Whimsicott, L50, F|100/100
|turn|6
|
|t:|1756154439
|switch|p1a: Porygon2|Porygon2, L50, shiny|69/100
|-ability|p1a: Porygon2|Download|boost
|-boost|p1a: Porygon2|atk|1
|move|p2b: Whimsicott|Tailwind|p2b: Whimsicott
|-sidestart|p2: MinasDevilCrobats|move: Tailwind
|move|p2a: Primarina|Moonblast|p1a: Porygon2
|-damage|p1a: Porygon2|41/100
|move|p1b: Gholdengo|Make It Rain|p2a: Primarina|[spread] p2a,p2b
|-supereffective|p2b: Whimsicott
|-damage|p2a: Primarina|46/100
|-damage|p2b: Whimsicott|0 fnt
|-unboost|p1b: Gholdengo|spa|1
|faint|p2b: Whimsicott
|
|upkeep
|
|t:|1756154447
|switch|p2b: Dragapult|Dragapult, L50, F|100/100
|turn|7
|
|t:|1756154465
|move|p2b: Dragapult|Outrage|p1b: Gholdengo
|-damage|p1b: Gholdengo|5/100
|move|p2a: Primarina|Moonblast|p1b: Gholdengo
|-damage|p1b: Gholdengo|0 fnt
|faint|p1b: Gholdengo
|move|p1a: Porygon2|Trick Room|p1a: Porygon2
|-fieldstart|move: Trick Room|[of] p1a: Porygon2
|
|upkeep
|
|t:|1756154473
|switch|p1b: Garchomp|Garchomp, L50, F, shiny|100/100
|turn|8
|
|t:|1756154487
|move|p1b: Garchomp|Scale Shot|p2b: Dragapult
|-supereffective|p2b: Dragapult
|-damage|p2b: Dragapult|64/100
|-supereffective|p2b: Dragapult
|-damage|p2b: Dragapult|22/100
|-supereffective|p2b: Dragapult
|-damage|p2b: Dragapult|0 fnt
|faint|p2b: Dragapult
|-hitcount|p2: Dragapult|3
|-unboost|p1b: Garchomp|def|1
|-boost|p1b: Garchomp|spe|1
|move|p2a: Primarina|Moonblast|p1b: Garchomp
|-supereffective|p1b: Garchomp
|-damage|p1b: Garchomp|0 fnt
|faint|p1b: Garchomp
|move|p1a: Porygon2|Trick Room|p1a: Porygon2
|-fieldend|move: Trick Room
|
|upkeep
|turn|9
|
|t:|1756154503
|move|p2a: Primarina|Moonblast|p1a: Porygon2
|-damage|p1a: Porygon2|12/100
|move|p1a: Porygon2|Tera Blast|p2a: Primarina
|-damage|p2a: Primarina|16/100
|
|-sideend|p2: MinasDevilCrobats|move: Tailwind
|upkeep
|turn|10
|
|t:|1756154511
|move|p2a: Primarina|Moonblast|p1a: Porygon2
|-damage|p1a: Porygon2|0 fnt
|faint|p1a: Porygon2
|
|win|MinasDevilCrobats
||mysteriousmothman is ready for game 3.
