|j|☆Chachidaripper
|j|☆iliasdelm
|html|Chachidaripperiliasdelm    
|uhtml|bestof|Game 3 of a best-of-3
|t:|1756319627
|gametype|doubles
|player|p1|Chachidaripper|170|1057
|player|p2|iliasdelm|gambler|1119
|gen|9
|tier|[Gen 9] VGC 2025 Reg H (Bo3)
|rated|
|rule|Species Clause: Limit one of each Pokémon
|rule|Item Clause: Limit 1 of each item
|clearpoke
|poke|p1|Sinistcha, L50|
|poke|p1|Tyranitar, L50, F|
|poke|p1|Hitmontop, L50, M|
|poke|p1|Ursaluna-Bloodmoon, L50, M|
|poke|p1|Grimmsnarl, L50, M|
|poke|p1|Rhyperior, L50, F|
|poke|p2|Primarina, L50, F|
|poke|p2|Incineroar, L50, F|
|poke|p2|Gholdengo, L50|
|poke|p2|Ursaluna, L50, M|
|poke|p2|Amoonguss, L50, F|
|poke|p2|Porygon2, L50|
|teampreview|4
|showteam|p1|Sinistcha||SitrusBerry|Hospitality|MatchaGotcha,TrickRoom,RagePowder,Protect||||||50|,,,,,Water]Tyranitar||AssaultVest|SandStream|RockSlide,KnockOff,TeraBlast,Bulldoze|||F|||50|,,,,,Flying]Hitmontop||CovertCloak|Intimidate|FakeOut,CloseCombat,Coaching,WideGuard|||M|||50|,,,,,Poison]Ursaluna-Bloodmoon||Leftovers|MindsEye|CalmMind,EarthPower,HyperVoice,Protect|||M|||50|,,,,,Poison]Grimmsnarl||LightClay|Prankster|Reflect,LightScreen,SpiritBreak,PartingShot|||M|||50|,,,,,Steel]Rhyperior||WeaknessPolicy|SolidRock|ThunderPunch,Earthquake,RockSlide,Protect|||F|||50|,,,,,Rock
|showteam|p2|Primarina||ThroatSpray|LiquidVoice|HyperVoice,Moonblast,Haze,Protect|||F|||50|,,,,,Poison]Incineroar||AssaultVest|Intimidate|FlareBlitz,KnockOff,FakeOut,Uturn|||F|||50|,,,,,Grass]Gholdengo||LifeOrb|GoodasGold|MakeItRain,ShadowBall,NastyPlot,Protect||||||50|,,,,,Water]Ursaluna||FlameOrb|Guts|Facade,HeadlongRush,Protect,Substitute|||M|||50|,,,,,Ghost]Amoonguss||SitrusBerry|Regenerator|PollenPuff,Spore,RagePowder,GigaDrain|||F|||50|,,,,,Electric]Porygon2||Eviolite|Download|IceBeam,TeraBlast,Recover,TrickRoom||||||50|,,,,,Fighting
|inactive|Battle timer is ON: inactive players will automatically lose when time's up. (requested by iliasdelm)
|
|t:|1756319654
|teamsize|p1|4
|teamsize|p2|4
|start
|switch|p1a: Hitmontop|Hitmontop, L50, M, shiny|100/100
|switch|p1b: Sinistcha|Sinistcha, L50, shiny|100/100
|switch|p2a: Gholdengo|Gholdengo, L50|100/100
|switch|p2b: Incineroar|Incineroar, L50, F|100/100
|-ability|p2b: Incineroar|Intimidate|boost
|-unboost|p1a: Hitmontop|atk|1
|-unboost|p1b: Sinistcha|atk|1
|-ability|p1a: Hitmontop|Intimidate|boost
|-unboost|p2a: Gholdengo|atk|1
|-unboost|p2b: Incineroar|atk|1
|turn|1
|inactive|Chachidaripper has 30 seconds left.
|inactive|iliasdelm has 30 seconds left.
|inactive|Chachidaripper has 20 seconds left.
|inactive|Chachidaripper has 15 seconds left.
|inactive|iliasdelm has 20 seconds left.
|inactive|Chachidaripper has 10 seconds left.
|
|t:|1756319701
|-terastallize|p1b: Sinistcha|Water
|move|p1a: Hitmontop|Fake Out|p2b: Incineroar
|-damage|p2b: Incineroar|95/100
|move|p2a: Gholdengo|Shadow Ball|p1b: Sinistcha
|-damage|p1b: Sinistcha|46/100
|-enditem|p1b: Sinistcha|Sitrus Berry|[eat]
|-heal|p1b: Sinistcha|71/100|[from] item: Sitrus Berry
|-damage|p2a: Gholdengo|91/100|[from] item: Life Orb
|cant|p2b: Incineroar|flinch
|move|p1b: Sinistcha|Trick Room|p1b: Sinistcha
|-fieldstart|move: Trick Room|[of] p1b: Sinistcha
|
|upkeep
|turn|2
|inactive|iliasdelm has 30 seconds left.
|inactive|iliasdelm has 20 seconds left.
|
|t:|1756319737
|switch|p1b: Tyranitar|Tyranitar, L50, F, shiny|100/100
|-weather|Sandstorm|[from] ability: Sand Stream|[of] p1b: Tyranitar
|move|p1a: Hitmontop|Close Combat|p2b: Incineroar
|-supereffective|p2b: Incineroar
|-damage|p2b: Incineroar|46/100
|-unboost|p1a: Hitmontop|def|1
|-unboost|p1a: Hitmontop|spd|1
|move|p2b: Incineroar|Knock Off|p1b: Tyranitar
|-resisted|p1b: Tyranitar
|-damage|p1b: Tyranitar|90/100
|-enditem|p1b: Tyranitar|Assault Vest|[from] move: Knock Off|[of] p2b: Incineroar
|move|p2a: Gholdengo|Shadow Ball|p1b: Tyranitar
|-resisted|p1b: Tyranitar
|-damage|p1b: Tyranitar|76/100
|-damage|p2a: Gholdengo|81/100|[from] item: Life Orb
|
|-weather|Sandstorm|[upkeep]
|-damage|p1a: Hitmontop|95/100|[from] Sandstorm
|-damage|p2b: Incineroar|40/100|[from] Sandstorm
|upkeep
|turn|3
|
|t:|1756319754
|switch|p2b: Primarina|Primarina, L50, F|100/100
|-terastallize|p2a: Gholdengo|Water
|move|p1b: Tyranitar|Knock Off|p2a: Gholdengo
|-damage|p2a: Gholdengo|30/100
|-enditem|p2a: Gholdengo|Life Orb|[from] move: Knock Off|[of] p1b: Tyranitar
|move|p1a: Hitmontop|Close Combat|p2b: Primarina
|-resisted|p2b: Primarina
|-damage|p2b: Primarina|84/100
|-unboost|p1a: Hitmontop|def|1
|-unboost|p1a: Hitmontop|spd|1
|move|p2a: Gholdengo|Make It Rain|p1a: Hitmontop|[spread] p1a,p1b
|-supereffective|p1b: Tyranitar
|-damage|p1a: Hitmontop|4/100
|-damage|p1b: Tyranitar|29/100
|-unboost|p2a: Gholdengo|spa|1
|
|-weather|Sandstorm|[upkeep]
|-damage|p1a: Hitmontop|0 fnt|[from] Sandstorm
|-damage|p2b: Primarina|78/100|[from] Sandstorm
|-damage|p2a: Gholdengo|24/100|[from] Sandstorm
|faint|p1a: Hitmontop
|upkeep
|
|t:|1756319759
|switch|p1a: Sinistcha|Sinistcha, L50, shiny, tera:Water|71/100
|-heal|p1b: Tyranitar|53/100|[from] ability: Hospitality|[of] p1a: Sinistcha
|turn|4
|
|t:|1756319778
|switch|p2a: Porygon2|Porygon2, L50|100/100
|-ability|p2a: Porygon2|Download|boost
|-boost|p2a: Porygon2|spa|1
|move|p2b: Primarina|Protect|p2b: Primarina
|-singleturn|p2b: Primarina|Protect
|move|p1b: Tyranitar|Rock Slide|p2b: Primarina|[spread] p2a
|-activate|p2b: Primarina|move: Protect
|-damage|p2a: Porygon2|82/100
|move|p1a: Sinistcha|Matcha Gotcha|p2b: Primarina|[spread] p2a
|-activate|p2b: Primarina|move: Protect
|-damage|p2a: Porygon2|65/100
|-heal|p1a: Sinistcha|80/100|[from] drain|[of] p2a: Porygon2
|
|-weather|Sandstorm|[upkeep]
|-damage|p2a: Porygon2|60/100|[from] Sandstorm
|-damage|p1a: Sinistcha|73/100|[from] Sandstorm
|-damage|p2b: Primarina|72/100|[from] Sandstorm
|upkeep
|turn|5
|
|t:|1756319791
|move|p2a: Porygon2|Tera Blast|p1a: Sinistcha
|-damage|p1a: Sinistcha|19/100
|move|p1b: Tyranitar|Knock Off|p2a: Porygon2
|-damage|p2a: Porygon2|28/100
|-enditem|p2a: Porygon2|Eviolite|[from] move: Knock Off|[of] p1b: Tyranitar
|move|p1a: Sinistcha|Matcha Gotcha|p2b: Primarina|[spread] p2a,p2b
|-supereffective|p2b: Primarina
|-damage|p2a: Porygon2|6/100
|-heal|p1a: Sinistcha|31/100|[from] drain|[of] p2a: Porygon2
|-damage|p2b: Primarina|24/100
|-heal|p1a: Sinistcha|56/100|[from] drain|[of] p2b: Primarina
|move|p2b: Primarina|Hyper Voice|p1b: Tyranitar|[spread] p1a,p1b
|-resisted|p1a: Sinistcha
|-supereffective|p1b: Tyranitar
|-damage|p1a: Sinistcha|37/100
|-damage|p1b: Tyranitar|17/100
|-enditem|p2b: Primarina|Throat Spray
|-boost|p2b: Primarina|spa|1|[from] item: Throat Spray
|
|-weather|Sandstorm|[upkeep]
|-damage|p2a: Porygon2|0 fnt|[from] Sandstorm
|-damage|p1a: Sinistcha|30/100|[from] Sandstorm
|-damage|p2b: Primarina|18/100|[from] Sandstorm
|faint|p2a: Porygon2
|-fieldend|move: Trick Room
|upkeep
|
|t:|1756319804
|switch|p2a: Gholdengo|Gholdengo, L50, tera:Water|24/100
|turn|6
|inactive|Chachidaripper has 30 seconds left.
|
|t:|1756319831
|move|p1a: Sinistcha|Protect|p1a: Sinistcha
|-singleturn|p1a: Sinistcha|Protect
|move|p2a: Gholdengo|Make It Rain|p1a: Sinistcha|[spread] p1b
|-activate|p1a: Sinistcha|move: Protect
|-supereffective|p1b: Tyranitar
|-crit|p1b: Tyranitar
|-damage|p1b: Tyranitar|0 fnt
|-unboost|p2a: Gholdengo|spa|1
|faint|p1b: Tyranitar
|move|p2b: Primarina|Moonblast|p1a: Sinistcha
|-activate|p1a: Sinistcha|move: Protect
|
|-weather|none
|upkeep
|
|t:|1756319833
|switch|p1b: Rhyperior|Rhyperior, L50, F|100/100
|turn|7
|
|t:|1756319853
|move|p2a: Gholdengo|Shadow Ball|p1a: Sinistcha
|-damage|p1a: Sinistcha|3/100
|-unboost|p1a: Sinistcha|spd|1
|move|p2b: Primarina|Hyper Voice|p1b: Rhyperior|[spread] p1a,p1b
|-resisted|p1a: Sinistcha
|-supereffective|p1b: Rhyperior
|-damage|p1a: Sinistcha|0 fnt
|-damage|p1b: Rhyperior|0 fnt
|faint|p1a: Sinistcha
|faint|p1b: Rhyperior
|
|win|iliasdelm
|raw|Chachidaripper's rating: 1057 → 1042(-15 for losing)
|raw|iliasdelm's rating: 1119 → 1140(+21 for winning)
