|j|☆meguquaaa
|j|☆hkings234
|html|meguquaaahkings234    
|uhtml|bestof|Game 2 of a best-of-3
|t:|1785700244
|gametype|doubles
|player|p1|meguquaaa|phoebe-masters|1112
|player|p2|hkings234|102|1179
|gen|9
|tier|[Gen 9 Champions] VGC 2026 Reg M-B (Bo3)
|rated|
|rule|Species Clause: Limit one of each Pokémon
|rule|Item Clause: Limit 1 of each item
|clearpoke
|poke|p1|Decidueye-Hisui, L50, M|
|poke|p1|Floette-Eternal, L50, F|
|poke|p1|Kingambit, L50, M|
|poke|p1|Incineroar, L50, M|
|poke|p1|Delphox, L50, F, shiny|
|poke|p1|Garchomp, L50, M|
|poke|p2|Raichu, L50, M|
|poke|p2|Heliolisk, L50, F|
|poke|p2|Garchomp, L50, F|
|poke|p2|Tyranitar, L50, F|
|poke|p2|Whimsicott, L50, F|
|poke|p2|Corviknight, L50, M|
|teampreview|4
|showteam|p1|Decidueye-Hisui||ChoiceScarf|Scrappy|TripleArrows,LeafBlade,Uturn,KnockOff|Jolly||M|||50|]Floette-Eternal||Floettite|FlowerVeil|CalmMind,DrainingKiss,DazzlingGleam,Protect|Timid||F|||50|]Kingambit||BlackGlasses|Defiant|SuckerPunch,KowtowCleave,Protect,SwordsDance|Adamant||M|||50|]Incineroar||SitrusBerry|Intimidate|Taunt,FakeOut,PartingShot,FlareBlitz|Impish||M|||50|]Delphox||Delphoxite|Blaze|HeatWave,Psychic,Protect,NastyPlot|Timid||F|||50|]Garchomp||LifeOrb|RoughSkin|Earthquake,StompingTantrum,RockSlide,DragonClaw|Jolly||M|||50|
|showteam|p2|Raichu||RaichuniteY|LightningRod|ZapCannon,FakeOut,FocusBlast,Protect|Hasty||M|||50|]Heliolisk||BrightPowder|SandVeil|EerieImpulse,Discharge,Protect,WeatherBall|Timid||F|||50|]Garchomp||Garchompite|RoughSkin|DragonClaw,Protect,RockSlide,Earthquake|Jolly||F|||50|]Tyranitar||RoseliBerry|SandStream|DragonDance,KnockOff,RockSlide,Protect|Adamant||F|||50|]Whimsicott||FocusSash|Prankster|Tailwind,Encore,Moonblast,FakeTears|Timid||F|||50|]Corviknight||OccaBerry|MirrorArmor|BulkUp,BodyPress,Roost,IronHead|Careful||M|||50|
|
|t:|1785700274
|teamsize|p1|4
|teamsize|p2|4
|start
|switch|p1a: Decidueye|Decidueye-Hisui, L50, M|100/100
|switch|p1b: Incineroar|Incineroar, L50, M|100/100
|switch|p2a: Corviknight|Corviknight, L50, M|100/100
|switch|p2b: Whimsicott|Whimsicott, L50, F|100/100
|-ability|p1b: Incineroar|Intimidate|boost
|-ability|p2a: Corviknight|Mirror Armor
|-unboost|p1b: Incineroar|atk|1
|-unboost|p2b: Whimsicott|atk|1
|turn|1
|
|t:|1785700311
|move|p2b: Whimsicott|Tailwind|p2b: Whimsicott
|-sidestart|p2: hkings234|move: Tailwind
|move|p1a: Decidueye|U-turn|p2b: Whimsicott
|-crit|p2b: Whimsicott
|-damage|p2b: Whimsicott|56/100
|
|t:|1785700318
|switch|p1a: Garchomp|Garchomp, L50, M|100/100|[from] U-turn
|move|p2a: Corviknight|Bulk Up|p2a: Corviknight
|-boost|p2a: Corviknight|atk|1
|-boost|p2a: Corviknight|def|1
|move|p1b: Incineroar|Taunt|p2b: Whimsicott
|-start|p2b: Whimsicott|move: Taunt
|
|upkeep
|turn|2
|
|t:|1785700344
|move|p2b: Whimsicott|Moonblast|p1a: Garchomp
|-supereffective|p1a: Garchomp|1
|-damage|p1a: Garchomp|34/100
|move|p2a: Corviknight|Bulk Up|p2a: Corviknight
|-boost|p2a: Corviknight|atk|1
|-boost|p2a: Corviknight|def|1
|move|p1a: Garchomp|Rock Slide|p2a: Corviknight|[spread] p2a,p2b
|-damage|p2a: Corviknight|89/100
|-damage|p2b: Whimsicott|27/100
|-damage|p1a: Garchomp|24/100|[from] item: Life Orb
|move|p1b: Incineroar|Parting Shot|p2b: Whimsicott
|-unboost|p2b: Whimsicott|atk|1
|-unboost|p2b: Whimsicott|spa|1
|
|t:|1785700351
|switch|p1b: Decidueye|Decidueye-Hisui, L50, M|100/100|[from] Parting Shot
|
|upkeep
|turn|3
|
|t:|1785700369
|move|p2b: Whimsicott|Moonblast|p1b: Decidueye
|-supereffective|p1b: Decidueye|1
|-damage|p1b: Decidueye|62/100
|move|p1b: Decidueye|Triple Arrows|p2a: Corviknight
|-damage|p2a: Corviknight|70/100
|-ability|p2a: Corviknight|Mirror Armor
|-unboost|p1b: Decidueye|def|1
|cant|p2a: Corviknight|flinch
|move|p1a: Garchomp|Rock Slide|p2b: Whimsicott|[spread] p2a,p2b
|-damage|p2a: Corviknight|59/100
|-damage|p2b: Whimsicott|0 fnt
|faint|p2b: Whimsicott
|-damage|p1a: Garchomp|14/100|[from] item: Life Orb
|
|upkeep
|
|t:|1785700399
|switch|p2b: Raichu|Raichu, L50, M|100/100
|turn|4
|
|t:|1785700440
|switch|p1b: Floette|Floette-Eternal, L50, F|100/100
|detailschange|p2b: Raichu|Raichu-Mega-Y, L50, M
|-mega|p2b: Raichu|Raichu|Raichunite Y
|move|p2b: Raichu|Focus Blast|p1a: Garchomp
|-damage|p1a: Garchomp|0 fnt
|faint|p1a: Garchomp
|move|p2a: Corviknight|Roost|p2a: Corviknight
|-heal|p2a: Corviknight|100/100
|-singleturn|p2a: Corviknight|move: Roost
|
|-sideend|p2: hkings234|move: Tailwind
|upkeep
|
|t:|1785700453
|switch|p1a: Incineroar|Incineroar, L50, M|100/100
|-ability|p1a: Incineroar|Intimidate|boost
|-ability|p2a: Corviknight|Mirror Armor
|-unboost|p1a: Incineroar|atk|1
|-unboost|p2b: Raichu|atk|1
|turn|5
|
|t:|1785700469
|detailschange|p1b: Floette|Floette-Mega, L50, F
|-mega|p1b: Floette|Floette|Floettite
|-ability|p1b: Floette|Fairy Aura
|move|p1a: Incineroar|Fake Out|p2b: Raichu
|-damage|p2b: Raichu|84/100
|cant|p2b: Raichu|flinch
|move|p1b: Floette|Dazzling Gleam|p2b: Raichu|[spread] p2a,p2b
|-resisted|p2a: Corviknight|1
|-damage|p2a: Corviknight|82/100
|-damage|p2b: Raichu|15/100
|move|p2a: Corviknight|Iron Head|p1b: Floette
|-supereffective|p1b: Floette|1
|-damage|p1b: Floette|0 fnt
|faint|p1b: Floette
|
|upkeep
|
|t:|1785700504
|switch|p1b: Decidueye|Decidueye-Hisui, L50, M|62/100
|turn|6
|
|t:|1785700524
|move|p2b: Raichu|Zap Cannon|p1b: Decidueye
|-resisted|p1b: Decidueye|1
|-damage|p1b: Decidueye|24/100
|-status|p1b: Decidueye|par
|cant|p1b: Decidueye|par
|move|p2a: Corviknight|Body Press|p1a: Incineroar
|-supereffective|p1a: Incineroar|1
|-damage|p1a: Incineroar|42/100
|-enditem|p1a: Incineroar|Sitrus Berry|[eat]
|-heal|p1a: Incineroar|67/100|[from] item: Sitrus Berry
|move|p1a: Incineroar|Flare Blitz|p2b: Raichu
|-crit|p2b: Raichu
|-damage|p2b: Raichu|0 fnt
|faint|p2b: Raichu
|-damage|p1a: Incineroar|63/100|[from] Recoil
|
|upkeep
|
|t:|1785700534
|switch|p2b: Heliolisk|Heliolisk, L50, F|100/100
|turn|7
|
|t:|1785700580
|move|p2b: Heliolisk|Weather Ball|p1b: Decidueye
|-damage|p1b: Decidueye|0 fnt
|faint|p1b: Decidueye
|move|p2a: Corviknight|Body Press|p1a: Incineroar
|-supereffective|p1a: Incineroar|1
|-damage|p1a: Incineroar|15/100
|move|p1a: Incineroar|Flare Blitz|p2b: Heliolisk
|-damage|p2b: Heliolisk|36/100
|-damage|p1a: Incineroar|1/100|[from] Recoil
|
|upkeep
|turn|8
|
|t:|1785700593
|move|p2b: Heliolisk|Weather Ball|p1a: Incineroar
|-damage|p1a: Incineroar|0 fnt
|faint|p1a: Incineroar
|
|win|hkings234
|raw|meguquaaa's rating: 1112 → 1092(-20 for losing)
|raw|hkings234's rating: 1179 → 1199(+20 for winning)
|l|☆meguquaaa
|player|p1|
