|j|☆Noyomi
|j|☆dynna218
|html|Noyomidynna218    
|uhtml|bestof|Game 1 of a best-of-3
|t:|1785028003
|gametype|doubles
|player|p1|Noyomi|pokemonrangerf|1000
|player|p2|dynna218|2|1000
|gen|9
|tier|[Gen 9 Champions] VGC 2026 Reg M-B (Bo3)
|rated|
|rule|Species Clause: Limit one of each Pokémon
|rule|Item Clause: Limit 1 of each item
|clearpoke
|poke|p1|Charizard, L50, M|
|poke|p1|Garchomp, L50, M|
|poke|p1|Sneasler, L50, F|
|poke|p1|Venusaur, L50, F|
|poke|p1|Milotic, L50, M|
|poke|p1|Ampharos, L50, M|
|poke|p2|Aerodactyl, L50, F|
|poke|p2|Metagross, L50|
|poke|p2|Charizard, L50, F|
|poke|p2|Garchomp, L50, F|
|poke|p2|Sylveon, L50, M|
|poke|p2|Incineroar, L50, M|
|teampreview|4
|showteam|p1|Charizard||CharizarditeY|Blaze|HeatWave,SolarBeam,Protect,ScorchingSands|Timid||M|||50|]Garchomp||SitrusBerry|RoughSkin|Earthquake,DragonClaw,Protect,RockSlide|Adamant||M|||50|]Sneasler||WhiteHerb|Unburden|CloseCombat,DireClaw,FakeOut,Protect|Adamant||F|||50|]Venusaur||FocusSash|Chlorophyll|SleepPowder,SludgeBomb,Protect,GigaDrain|Timid||F|||50|]Milotic||Leftovers|Competitive|Scald,IcyWind,Protect,LifeDew|Calm||M|||50|]Ampharos||Ampharosite|Static|DragonPulse,ParabolicCharge,Protect,HelpingHand|Modest||M|||50|
|showteam|p2|Aerodactyl||FocusSash|Unnerve|DualWingbeat,RockSlide,Tailwind,Protect|Jolly||F|||50|]Metagross||Metagrossite|ClearBody|BodyPress,BulletPunch,PsychicFangs,Protect|Adamant|||||50|]Charizard||CharizarditeY|Blaze|HeatWave,SolarBeam,WeatherBall,Protect|Modest||F|||50|]Garchomp||LifeOrb|RoughSkin|Earthquake,DragonClaw,Protect,RockSlide|Jolly||F|||50|]Sylveon||FairyFeather|Pixilate|HyperBeam,HyperVoice,Detect,Protect|Modest||M|||50|]Incineroar||SitrusBerry|Intimidate|FakeOut,DarkestLariat,FlareBlitz,PartingShot|Careful||M|||50|
|
|t:|1785028050
|teamsize|p1|4
|teamsize|p2|4
|start
|switch|p1a: ku-chau|Sneasler, L50, F|100/100
|switch|p1b: Sssssss|Milotic, L50, M|100/100
|switch|p2a: Aerodactyl|Aerodactyl, L50, F|100/100
|switch|p2b: Sylveon|Sylveon, L50, M|100/100
|-ability|p2a: Aerodactyl|Unnerve
|turn|1
|
|t:|1785028077
|move|p2a: Aerodactyl|Protect|p2a: Aerodactyl
|-singleturn|p2a: Aerodactyl|Protect
|move|p1a: ku-chau|Dire Claw|p2b: Sylveon
|-supereffective|p2b: Sylveon|1
|-damage|p2b: Sylveon|1/100
|move|p1b: Sssssss|Icy Wind|p2a: Aerodactyl|[spread] p2b
|-activate|p2a: Aerodactyl|move: Protect
|-damage|p2b: Sylveon|0 fnt
|faint|p2b: Sylveon
|
|upkeep
|
|t:|1785028090
|switch|p2b: Charizard|Charizard, L50, F|100/100
|turn|2
|
|t:|1785028121
|detailschange|p2b: Charizard|Charizard-Mega-Y, L50, F
|-mega|p2b: Charizard|Charizard|Charizardite Y
|-weather|SunnyDay|[from] ability: Drought|[of] p2b: Charizard
|move|p1a: ku-chau|Protect|p1a: ku-chau
|-singleturn|p1a: ku-chau|Protect
|move|p2a: Aerodactyl|Dual Wingbeat|p1a: ku-chau
|-activate|p1a: ku-chau|move: Protect
|move|p2b: Charizard|Solar Beam||[still]
|-prepare|p2b: Charizard|Solar Beam
|-anim|p2b: Charizard|Solar Beam|p1a: ku-chau
|-activate|p1a: ku-chau|move: Protect
|move|p1b: Sssssss|Scald|p2b: Charizard
|-supereffective|p2b: Charizard|1
|-crit|p2b: Charizard
|-damage|p2b: Charizard|64/100
|
|-weather|SunnyDay|[upkeep]
|upkeep
|turn|3
|
|t:|1785028150
|move|p2a: Aerodactyl|Tailwind|p2a: Aerodactyl
|-sidestart|p2: dynna218|move: Tailwind
|move|p2b: Charizard|Solar Beam||[still]
|-prepare|p2b: Charizard|Solar Beam
|-anim|p2b: Charizard|Solar Beam|p1b: Sssssss
|-supereffective|p1b: Sssssss|1
|-damage|p1b: Sssssss|48/100
|move|p1a: ku-chau|Dire Claw|p2b: Charizard
|-damage|p2b: Charizard|15/100
|-status|p2b: Charizard|psn
|move|p1b: Sssssss|Icy Wind|p2a: Aerodactyl|[spread] p2a,p2b
|-supereffective|p2a: Aerodactyl|1
|-damage|p2a: Aerodactyl|70/100
|-damage|p2b: Charizard|7/100 psn
|-unboost|p2a: Aerodactyl|spe|1
|-unboost|p2b: Charizard|spe|1
|
|-weather|SunnyDay|[upkeep]
|-heal|p1b: Sssssss|54/100|[from] item: Leftovers
|-damage|p2b: Charizard|0 fnt|[from] psn
|faint|p2b: Charizard
|upkeep
|
|t:|1785028168
|switch|p2b: Garchomp|Garchomp, L50, F|100/100
|turn|4
|
|t:|1785028179
|move|p1a: ku-chau|Protect|p1a: ku-chau
|-singleturn|p1a: ku-chau|Protect
|move|p2b: Garchomp|Earthquake|p1b: Sssssss|[spread] p1b
|-activate|p1a: ku-chau|move: Protect
|-immune|p2a: Aerodactyl
|-damage|p1b: Sssssss|7/100
|-damage|p2b: Garchomp|90/100|[from] item: Life Orb
|move|p2a: Aerodactyl|Dual Wingbeat|p1a: ku-chau
|-activate|p1a: ku-chau|move: Protect
|move|p1b: Sssssss|Icy Wind|p2b: Garchomp|[spread] p2a,p2b
|-supereffective|p2a: Aerodactyl|1
|-supereffective|p2b: Garchomp|2
|-damage|p2a: Aerodactyl|38/100
|-damage|p2b: Garchomp|48/100
|-unboost|p2a: Aerodactyl|spe|1
|-unboost|p2b: Garchomp|spe|1
|
|-weather|SunnyDay|[upkeep]
|-heal|p1b: Sssssss|13/100|[from] item: Leftovers
|upkeep
|turn|5
|
|t:|1785028235
|switch|p1a: Uy temblaste|Garchomp, L50, M|100/100
|move|p1b: Sssssss|Protect|p1b: Sssssss
|-singleturn|p1b: Sssssss|Protect
|move|p2b: Garchomp|Earthquake|p1a: Uy temblaste|[spread] p1a
|-activate|p1b: Sssssss|move: Protect
|-immune|p2a: Aerodactyl
|-damage|p1a: Uy temblaste|59/100
|-damage|p2b: Garchomp|38/100|[from] item: Life Orb
|move|p2a: Aerodactyl|Rock Slide|p1a: Uy temblaste|[spread] p1a
|-activate|p1b: Sssssss|move: Protect
|-resisted|p1a: Uy temblaste|1
|-crit|p1a: Uy temblaste
|-damage|p1a: Uy temblaste|42/100
|
|-weather|SunnyDay|[upkeep]
|-heal|p1b: Sssssss|19/100|[from] item: Leftovers
|upkeep
|turn|6
|
|t:|1785028260
|move|p1a: Uy temblaste|Protect|p1a: Uy temblaste
|-singleturn|p1a: Uy temblaste|Protect
|move|p2b: Garchomp|Dragon Claw|p1a: Uy temblaste
|-activate|p1a: Uy temblaste|move: Protect
|move|p2a: Aerodactyl|Dual Wingbeat|p1b: Sssssss
|-damage|p1b: Sssssss|1/100
|-damage|p1b: Sssssss|0 fnt
|faint|p1b: Sssssss
|-hitcount|p1: Sssssss|2
|
|-weather|none
|-sideend|p2: dynna218|move: Tailwind
|upkeep
|
|t:|1785028274
|switch|p1b: ku-chau|Sneasler, L50, F|100/100
|turn|7
|
|t:|1785028315
|move|p2b: Garchomp|Protect|p2b: Garchomp
|-singleturn|p2b: Garchomp|Protect
|move|p1b: ku-chau|Fake Out|p2a: Aerodactyl
|-resisted|p2a: Aerodactyl|1
|-damage|p2a: Aerodactyl|26/100
|move|p1a: Uy temblaste|Dragon Claw|p2b: Garchomp
|-activate|p2b: Garchomp|move: Protect
|cant|p2a: Aerodactyl|flinch
|
|upkeep
|turn|8
|
|t:|1785028332
|move|p1b: ku-chau|Close Combat|p2a: Aerodactyl
|-damage|p2a: Aerodactyl|0 fnt
|-unboost|p1b: ku-chau|def|1
|-unboost|p1b: ku-chau|spd|1
|-enditem|p1a: Uy temblaste|Sitrus Berry|[eat]
|-heal|p1a: Uy temblaste|67/100|[from] item: Sitrus Berry
|faint|p2a: Aerodactyl
|-enditem|p1b: ku-chau|White Herb
|-clearnegativeboost|p1b: ku-chau|[silent]
|move|p1a: Uy temblaste|Dragon Claw|p2b: Garchomp
|-supereffective|p2b: Garchomp|1
|-damage|p2b: Garchomp|0 fnt
|-damage|p1a: Uy temblaste|55/100|[from] ability: Rough Skin|[of] p2b: Garchomp
|faint|p2b: Garchomp
|
|win|Noyomi
|inactive|Noyomi has 30 seconds to confirm battle start!
|inactive|dynna218 has 30 seconds to confirm battle start!
|l|☆dynna218
|player|p2|
