|j|☆MonkeysJoe
|j|☆Luke693VGC
|html|MonkeysJoeLuke693VGC    
|uhtml|bestof|Game 2 of a best-of-3
|t:|1756647629
|gametype|doubles
|player|p1|MonkeysJoe|265|1201
|player|p2|Luke693VGC|cyclist-gen4|1130
|gen|9
|tier|[Gen 9] VGC 2025 Reg H (Bo3)
|rated|
|rule|Species Clause: Limit one of each Pokémon
|rule|Item Clause: Limit 1 of each item
|clearpoke
|poke|p1|Ursaluna, L50, F|
|poke|p1|Jumpluff, L50, M|
|poke|p1|Charizard, L50, F|
|poke|p1|Torkoal, L50, M|
|poke|p1|Exeggutor, L50, M|
|poke|p1|Indeedee-F, L50, F|
|poke|p2|Pelipper, L50, M|
|poke|p2|Archaludon, L50, M|
|poke|p2|Sinistcha, L50|
|poke|p2|Ursaluna, L50, M|
|poke|p2|Dragonite, L50, M|
|poke|p2|Incineroar, L50, F|
|teampreview|4
|showteam|p1|Ursaluna||FlameOrb|Guts|HeadlongRush,Facade,Earthquake,Protect|||F|||50|,,,,,Ghost]Jumpluff||CovertCloak|Chlorophyll|SleepPowder,SunnyDay,Tailwind,RagePowder|||M|||50|,,,,,Dark]Charizard||ChoiceSpecs|SolarPower|AirSlash,HeatWave,Overheat,WeatherBall|||F|||50|,,,,,Fire]Torkoal||EjectPack|Drought|ClearSmog,Eruption,Overheat,Protect|||M|||50|,,,,,Fire]Exeggutor||LifeOrb|Chlorophyll|ExpandingForce,TeraBlast,TrickRoom,Protect|||M|||50|,,,,,Fighting]Indeedee-F||SafetyGoggles|PsychicSurge|HelpingHand,FollowMe,TrickRoom,Psychic|||F|||50|,,,,,Water
|showteam|p2|Pelipper||FocusSash|Drizzle|MuddyWater,Hurricane,WideGuard,Tailwind|||M|||50|,,,,,Ghost]Archaludon||AssaultVest|Stamina|FlashCannon,BodyPress,ElectroShot,Snarl|||M|||50|,,,,,Fighting]Sinistcha||SitrusBerry|Hospitality|MatchaGotcha,LifeDew,RagePowder,TrickRoom||||||50|,,,,,Dark]Ursaluna||FlameOrb|Guts|Protect,Facade,HeadlongRush,Earthquake|||M|||50|,,,,,Ghost]Dragonite||LoadedDice|Multiscale|Protect,ScaleShot,Haze,Tailwind|||M|||50|,,,,,Fairy]Incineroar||SafetyGoggles|Intimidate|FlareBlitz,KnockOff,FakeOut,PartingShot|||F|||50|,,,,,Ghost
|
|t:|1756647688
|teamsize|p1|4
|teamsize|p2|4
|start
|switch|p1a: Torkoal|Torkoal, L50, M|100/100
|switch|p1b: Jumpluff|Jumpluff, L50, M|100/100
|switch|p2a: Archaludon|Archaludon, L50, M|100/100
|switch|p2b: Incineroar|Incineroar, L50, F|100/100
|-ability|p2b: Incineroar|Intimidate|boost
|-unboost|p1a: Torkoal|atk|1
|-unboost|p1b: Jumpluff|atk|1
|-weather|SunnyDay|[from] ability: Drought|[of] p1a: Torkoal
|-enditem|p1a: Torkoal|Eject Pack
|inactive|Battle timer is ON: inactive players will automatically lose when time's up. (requested by Luke693VGC)
|
|t:|1756647717
|switch|p1a: Ursaluna|Ursaluna, L50, F|100/100
|turn|1
|inactive|Luke693VGC has 30 seconds left.
|
|t:|1756647750
|switch|p2b: Pelipper|Pelipper, L50, M|100/100
|-weather|RainDance|[from] ability: Drizzle|[of] p2b: Pelipper
|-terastallize|p2a: Archaludon|Fighting
|-terastallize|p1a: Ursaluna|Ghost
|move|p1b: Jumpluff|Sleep Powder|p2a: Archaludon|[miss]
|-miss|p1b: Jumpluff|p2a: Archaludon
|move|p2a: Archaludon|Electro Shot||[still]
|-prepare|p2a: Archaludon|Electro Shot
|-boost|p2a: Archaludon|spa|1
|-anim|p2a: Archaludon|Electro Shot|p1b: Jumpluff
|-damage|p1b: Jumpluff|38/100
|move|p1a: Ursaluna|Headlong Rush|p2b: Pelipper
|-immune|p2b: Pelipper
|
|-weather|RainDance|[upkeep]
|-status|p1a: Ursaluna|brn|[from] item: Flame Orb
|upkeep
|turn|2
|inactive|MonkeysJoe has 30 seconds left.
|inactive|Luke693VGC has 30 seconds left.
|inactive|MonkeysJoe has 20 seconds left.
|inactive|Luke693VGC has 20 seconds left.
|inactive|MonkeysJoe has 15 seconds left.
|inactive|MonkeysJoe has 10 seconds left.
|inactive|MonkeysJoe has 5 seconds left.
|
|t:|1756647802
|move|p1b: Jumpluff|Tailwind|p1b: Jumpluff
|-sidestart|p1: MonkeysJoe|move: Tailwind
|move|p1a: Ursaluna|Facade|p2a: Archaludon
|-damage|p2a: Archaludon|22/100
|-ability|p2a: Archaludon|Stamina|boost
|-boost|p2a: Archaludon|def|1
|move|p2b: Pelipper|Tailwind|p2b: Pelipper
|-sidestart|p2: Luke693VGC|move: Tailwind
|move|p2a: Archaludon|Electro Shot||[still]
|-prepare|p2a: Archaludon|Electro Shot
|-boost|p2a: Archaludon|spa|1
|-anim|p2a: Archaludon|Electro Shot|p1b: Jumpluff
|-damage|p1b: Jumpluff|0 fnt
|faint|p1b: Jumpluff
|
|-weather|RainDance|[upkeep]
|-damage|p1a: Ursaluna|95/100 brn|[from] brn
|upkeep
|inactive|MonkeysJoe has 30 seconds left.
|inactive|MonkeysJoe has 20 seconds left.
|
|t:|1756647842
|switch|p1b: Torkoal|Torkoal, L50, M|100/100
|-weather|SunnyDay|[from] ability: Drought|[of] p1b: Torkoal
|turn|3
|inactive|Luke693VGC has 30 seconds left.
|inactive|Luke693VGC has 20 seconds left.
|
|t:|1756647877
|move|p2b: Pelipper|Wide Guard|p2b: Pelipper
|-singleturn|p2b: Pelipper|Wide Guard
|move|p2a: Archaludon|Electro Shot||[still]
|-prepare|p2a: Archaludon|Electro Shot
|-boost|p2a: Archaludon|spa|1
|move|p1a: Ursaluna|Facade|p2a: Archaludon
|-damage|p2a: Archaludon|0 fnt
|faint|p2a: Archaludon
|move|p1b: Torkoal|Eruption|p2b: Pelipper
|-activate|p2b: Pelipper|move: Wide Guard
|
|-weather|SunnyDay|[upkeep]
|-damage|p1a: Ursaluna|89/100 brn|[from] brn
|upkeep
|
|t:|1756647893
|switch|p2a: Ursaluna|Ursaluna, L50, M|100/100
|turn|4
|inactive|MonkeysJoe has 30 seconds left.
|inactive|MonkeysJoe has 20 seconds left.
|inactive|MonkeysJoe has 15 seconds left.
|
|t:|1756647935
|move|p2a: Ursaluna|Protect|p2a: Ursaluna
|-singleturn|p2a: Ursaluna|Protect
|move|p2b: Pelipper|Wide Guard|p2b: Pelipper
|-singleturn|p2b: Pelipper|Wide Guard
|move|p1a: Ursaluna|Facade|p2b: Pelipper
|-enditem|p2b: Pelipper|Focus Sash
|-damage|p2b: Pelipper|1/100
|move|p1b: Torkoal|Clear Smog|p2b: Pelipper
|-damage|p2b: Pelipper|0 fnt
|-clearboost|p2b: Pelipper
|faint|p2b: Pelipper
|
|-weather|SunnyDay|[upkeep]
|-damage|p1a: Ursaluna|83/100 brn|[from] brn
|-status|p2a: Ursaluna|brn|[from] item: Flame Orb
|upkeep
|
|t:|1756647950
|switch|p2b: Incineroar|Incineroar, L50, F|100/100
|-ability|p2b: Incineroar|Intimidate|boost
|-unboost|p1a: Ursaluna|atk|1
|-unboost|p1b: Torkoal|atk|1
|turn|5
|inactive|Luke693VGC has 30 seconds left.
|inactive|Luke693VGC has 20 seconds left.
|
|t:|1756647990
|move|p2a: Ursaluna|Earthquake|p1b: Torkoal|[spread] p2b,p1a,p1b
|-supereffective|p2b: Incineroar
|-supereffective|p1b: Torkoal
|-damage|p2b: Incineroar|0 fnt
|-damage|p1a: Ursaluna|37/100 brn
|-damage|p1b: Torkoal|0 fnt
|faint|p2b: Incineroar
|faint|p1b: Torkoal
|move|p1a: Ursaluna|Headlong Rush|p2a: Ursaluna
|-damage|p2a: Ursaluna|52/100 brn
|-unboost|p1a: Ursaluna|def|1
|-unboost|p1a: Ursaluna|spd|1
|
|-weather|SunnyDay|[upkeep]
|-damage|p1a: Ursaluna|31/100 brn|[from] brn
|-damage|p2a: Ursaluna|46/100 brn|[from] brn
|-sideend|p1: MonkeysJoe|move: Tailwind
|-sideend|p2: Luke693VGC|move: Tailwind
|upkeep
|
|t:|1756648003
|switch|p1b: Charizard|Charizard, L50, F|100/100
|turn|6
|
|t:|1756648014
|move|p1b: Charizard|Weather Ball|p2a: Ursaluna
|-damage|p2a: Ursaluna|0 fnt
|faint|p2a: Ursaluna
|
|win|MonkeysJoe
|raw|MonkeysJoe's rating: 1201 → 1221(+20 for winning)
|raw|Luke693VGC's rating: 1130 → 1110(-20 for losing)
