|j|☆angelbee21
|j|☆epom158
|html|angelbee21epom158    
|uhtml|bestof|Game 2 of a best-of-3
|t:|1756778859
|gametype|doubles
|player|p1|angelbee21|lenora|1202
|player|p2|epom158|n|1176
|gen|9
|tier|[Gen 9] VGC 2025 Reg H (Bo3)
|rated|
|rule|Species Clause: Limit one of each Pokémon
|rule|Item Clause: Limit 1 of each item
|clearpoke
|poke|p1|Maushold-Four, L50|
|poke|p1|Annihilape, L50, F|
|poke|p1|Politoed, L50, M|
|poke|p1|Archaludon, L50, M|
|poke|p1|Overqwil, L50, M|
|poke|p1|Salamence, L50, M|
|poke|p2|Sneasler, L50, F|
|poke|p2|Rillaboom, L50, M|
|poke|p2|Dragonite, L50, M|
|poke|p2|Incineroar, L50, M|
|poke|p2|Kingambit, L50, M|
|poke|p2|Volcarona, L50, F|
|teampreview|4
|showteam|p1|Maushold-Four||SafetyGoggles|FriendGuard|FollowMe,Protect,Taunt,BeatUp||||||50|,,,,,Ghost]Annihilape||Leftovers|Defiant|RageFist,DrainPunch,BulkUp,Protect|||F|||50|,,,,,Fire]Politoed||ChoiceSpecs|Drizzle|WeatherBall,MuddyWater,IceBeam,Haze|||M|||50|,,,,,Grass]Archaludon||AssaultVest|Stamina|DragonPulse,ElectroShot,BodyPress,FlashCannon|||M|||50|,,,,,Grass]Overqwil||CovertCloak|SwiftSwim|AcidSpray,GunkShot,ThroatChop,RainDance|||M|||50|,,,,,Water]Salamence||LifeOrb|Intimidate|DracoMeteor,AirSlash,Tailwind,Protect|||M|||50|,,,,,Steel
|showteam|p2|Sneasler||FocusSash|Unburden|CloseCombat,DireClaw,Coaching,Protect|||F|||50|,,,,,Stellar]Rillaboom||AssaultVest|GrassySurge|WoodHammer,Uturn,FakeOut,GrassyGlide|||M|||50|,,,,,Fire]Dragonite||LoadedDice|Multiscale|ScaleShot,Tailwind,Haze,Protect|||M|||50|,,,,,Steel]Incineroar||SafetyGoggles|Intimidate|FlareBlitz,KnockOff,FakeOut,PartingShot|||M|||50|,,,,,Ghost]Kingambit||BlackGlasses|Defiant|KowtowCleave,SuckerPunch,SwordsDance,Protect|||M|||50|,,,,,Dark]Volcarona||CovertCloak|FlameBody|Flamethrower,TeraBlast,QuiverDance,Protect|||F|||50|,,,,,Fairy
|inactive|Battle timer is ON: inactive players will automatically lose when time's up. (requested by angelbee21)
|j| buckeniers
|
|t:|1756778884
|teamsize|p1|4
|teamsize|p2|4
|start
|switch|p1a: Salamence|Salamence, L50, M|100/100
|switch|p1b: Archaludon|Archaludon, L50, M|100/100
|switch|p2a: Sneasler|Sneasler, L50, F|100/100
|switch|p2b: Dragonite|Dragonite, L50, M|100/100
|-ability|p1a: Salamence|Intimidate|boost
|-unboost|p2a: Sneasler|atk|1
|-unboost|p2b: Dragonite|atk|1
|turn|1
|l| buckeniers
|
|t:|1756778911
|switch|p2a: Kingambit|Kingambit, L50, M|100/100
|-terastallize|p1a: Salamence|Steel
|move|p1a: Salamence|Tailwind|p1a: Salamence
|-sidestart|p1: angelbee21|move: Tailwind
|move|p1b: Archaludon|Dragon Pulse|p2a: Kingambit
|-resisted|p2a: Kingambit
|-damage|p2a: Kingambit|83/100
|move|p2b: Dragonite|Tailwind|p2b: Dragonite
|-sidestart|p2: epom158|move: Tailwind
|
|upkeep
|turn|2
|inactive|epom158 has 30 seconds left.
|
|t:|1756778941
|switch|p2b: Sneasler|Sneasler, L50, F|100/100
|-terastallize|p2a: Kingambit|Dark
|move|p1a: Salamence|Draco Meteor|p2b: Sneasler
|-enditem|p2b: Sneasler|Focus Sash
|-damage|p2b: Sneasler|1/100
|-unboost|p1a: Salamence|spa|2
|-damage|p1a: Salamence|91/100|[from] item: Life Orb
|move|p1b: Archaludon|Body Press|p2a: Kingambit
|-supereffective|p2a: Kingambit
|-damage|p2a: Kingambit|47/100
|move|p2a: Kingambit|Kowtow Cleave|p1b: Archaludon
|-damage|p1b: Archaludon|42/100
|-ability|p1b: Archaludon|Stamina|boost
|-boost|p1b: Archaludon|def|1
|
|upkeep
|turn|3
|inactive|epom158 has 30 seconds left.
|
|t:|1756778967
|switch|p1a: Overqwil|Overqwil, L50, M|100/100
|move|p2b: Sneasler|Close Combat|p1b: Archaludon
|-supereffective|p1b: Archaludon
|-damage|p1b: Archaludon|0 fnt
|-unboost|p2b: Sneasler|def|1
|-unboost|p2b: Sneasler|spd|1
|faint|p1b: Archaludon
|move|p2a: Kingambit|Kowtow Cleave|p1a: Overqwil
|-resisted|p1a: Overqwil
|-damage|p1a: Overqwil|58/100
|
|upkeep
|
|t:|1756778972
|switch|p1b: Politoed|Politoed, L50, M|100/100
|-weather|RainDance|[from] ability: Drizzle|[of] p1b: Politoed
|turn|4
|
|t:|1756778988
|move|p2b: Sneasler|Protect|p2b: Sneasler
|-singleturn|p2b: Sneasler|Protect
|move|p2a: Kingambit|Sucker Punch|p1a: Overqwil
|-resisted|p1a: Overqwil
|-damage|p1a: Overqwil|19/100
|move|p1a: Overqwil|Throat Chop|p2b: Sneasler
|-activate|p2b: Sneasler|move: Protect
|move|p1b: Politoed|Muddy Water|p2a: Kingambit|[spread] p2a
|-activate|p2b: Sneasler|move: Protect
|-damage|p2a: Kingambit|0 fnt
|faint|p2a: Kingambit
|
|-weather|RainDance|[upkeep]
|-sideend|p1: angelbee21|move: Tailwind
|-sideend|p2: epom158|move: Tailwind
|upkeep
|
|t:|1756779000
|switch|p2a: Rillaboom|Rillaboom, L50, M|100/100
|-fieldstart|move: Grassy Terrain|[from] ability: Grassy Surge|[of] p2a: Rillaboom
|turn|5
|
|t:|1756779020
|switch|p1b: Salamence|Salamence, L50, M, tera:Steel|91/100
|-ability|p1b: Salamence|Intimidate|boost
|-unboost|p2a: Rillaboom|atk|1
|-unboost|p2b: Sneasler|atk|1
|move|p2a: Rillaboom|Grassy Glide|p1b: Salamence
|-resisted|p1b: Salamence
|-damage|p1b: Salamence|74/100
|move|p2b: Sneasler|Close Combat|p1b: Salamence
|-supereffective|p1b: Salamence
|-damage|p1b: Salamence|0 fnt
|-unboost|p2b: Sneasler|def|1
|-unboost|p2b: Sneasler|spd|1
|faint|p1b: Salamence
|move|p1a: Overqwil|Gunk Shot|p2a: Rillaboom
|-supereffective|p2a: Rillaboom
|-crit|p2a: Rillaboom
|-damage|p2a: Rillaboom|0 fnt
|faint|p2a: Rillaboom
|
|-weather|RainDance|[upkeep]
|-heal|p2b: Sneasler|7/100|[from] Grassy Terrain
|-heal|p1a: Overqwil|25/100|[from] Grassy Terrain
|upkeep
|
|t:|1756779030
|switch|p1b: Politoed|Politoed, L50, M|100/100
|switch|p2a: Dragonite|Dragonite, L50, M|100/100
|turn|6
|
|t:|1756779039
|move|p2b: Sneasler|Protect|p2b: Sneasler
|-singleturn|p2b: Sneasler|Protect
|move|p1a: Overqwil|Gunk Shot|p2b: Sneasler
|-activate|p2b: Sneasler|move: Protect
|move|p2a: Dragonite|Scale Shot|p1a: Overqwil
|-damage|p1a: Overqwil|10/100
|-damage|p1a: Overqwil|0 fnt
|faint|p1a: Overqwil
|-hitcount|p1: Overqwil|2
|-unboost|p2a: Dragonite|def|1
|-boost|p2a: Dragonite|spe|1
|move|p1b: Politoed|Muddy Water|p2a: Dragonite|[spread] p2a
|-activate|p2b: Sneasler|move: Protect
|-resisted|p2a: Dragonite
|-damage|p2a: Dragonite|86/100
|
|-weather|RainDance|[upkeep]
|-heal|p2b: Sneasler|13/100|[from] Grassy Terrain
|upkeep
|turn|7
|-message|angelbee21 forfeited.
|
|win|epom158
|raw|angelbee21's rating: 1202 → 1175(-27 for losing)
|raw|epom158's rating: 1176 → 1203(+27 for winning)
|l|☆angelbee21
|player|p1|
