|j|☆saboyita
|j|☆hundohunter24
|html|saboyitahundohunter24    
|uhtml|bestof|Game 1 of a best-of-3
|t:|1756163477
|gametype|doubles
|player|p1|saboyita|grimsley|1119
|player|p2|hundohunter24|cynthia|1029
|gen|9
|tier|[Gen 9] VGC 2025 Reg H (Bo3)
|rated|
|rule|Species Clause: Limit one of each Pokémon
|rule|Item Clause: Limit 1 of each item
|clearpoke
|poke|p1|Amoonguss, L50, F|
|poke|p1|Hydreigon, L50, M|
|poke|p1|Whimsicott, L50, F|
|poke|p1|Maushold-Four, L50|
|poke|p1|Annihilape, L50, F|
|poke|p1|Ursaluna-Bloodmoon, L50, M|
|poke|p2|Porygon-Z, L50|
|poke|p2|Whimsicott, L50, M|
|poke|p2|Ursaluna, L50, M|
|poke|p2|Greninja-*, L50, M|
|poke|p2|Typhlosion-Hisui, L50, M|
|poke|p2|Sneasler, L50, M|
|teampreview|4
|showteam|p1|Amoonguss||RockyHelmet|Regenerator|PollenPuff,Spore,RagePowder,Protect|||F|||50|,,,,,Fairy]Hydreigon||ChoiceSpecs|Levitate|HeatWave,DarkPulse,DragonPulse,DracoMeteor|||M|||50|,,,,,Fire]Whimsicott||CovertCloak|Prankster|Moonblast,HelpingHand,Tailwind,Encore|||F|||50|,,,,,Dark]Maushold-Four||WideLens|Technician|PopulationBomb,Taunt,FollowMe,Protect||||||50|,,,,,Ghost]Annihilape||Leftovers|Defiant|RageFist,DrainPunch,BulkUp,Protect|||F|||50|,,,,,Fire]Ursaluna-Bloodmoon||LifeOrb|MindsEye|HyperVoice,EarthPower,BloodMoon,Protect|||M|||50|,,,,,Water
|showteam|p2|Porygon-Z||ChoiceSpecs|Adaptability|TriAttack,DarkPulse,IceBeam,Psyshock||||||50|,,,,,Normal]Whimsicott||CovertCloak|Prankster|Tailwind,Encore,LightScreen,DazzlingGleam|||M|||50|,,,,,Dark]Ursaluna||FlameOrb|Guts|Facade,HeadlongRush,Protect,Crunch|||M|||50|,,,,,Normal]Greninja||FocusSash|Protean|WaterPledge,Protect,Haze,IceBeam|||M|||50|,,,,,Ghost]Typhlosion-Hisui||Charcoal|Blaze|Protect,Eruption,FirePledge,ShadowBall|||M|||50|,,,,,Fire]Sneasler||LifeOrb|PoisonTouch|ThroatChop,DireClaw,CloseCombat,Protect|||M|||50|,,,,,Dark
|inactive|Battle timer is ON: inactive players will automatically lose when time's up. (requested by hundohunter24)
|inactive|saboyita also wants the timer to be on.
|inactive|saboyita has 60 seconds left.
|inactive|hundohunter24 has 60 seconds left.
|inactive|saboyita has 30 seconds left.
|inactive|saboyita has 20 seconds left.
|inactive|saboyita has 15 seconds left.
|inactive|saboyita has 10 seconds left.
|inactive|saboyita has 5 seconds left.
|
|t:|1756163563
|teamsize|p1|4
|teamsize|p2|4
|start
|switch|p1a: Hydreigon|Hydreigon, L50, M|100/100
|switch|p1b: Whimsicott|Whimsicott, L50, F|100/100
|switch|p2a: Whimsicott|Whimsicott, L50, M, shiny|100/100
|switch|p2b: Porygon-Z|Porygon-Z, L50, shiny|100/100
|turn|1
|
|t:|1756163588
|-terastallize|p1a: Hydreigon|Fire
|move|p1b: Whimsicott|Helping Hand|p1a: Hydreigon
|-singleturn|p1a: Hydreigon|Helping Hand|[of] p1b: Whimsicott
|move|p2a: Whimsicott|Light Screen|p2a: Whimsicott
|-sidestart|p2: hundohunter24|move: Light Screen
|move|p1a: Hydreigon|Heat Wave|p2b: Porygon-Z|[spread] p2a,p2b
|-supereffective|p2a: Whimsicott
|-damage|p2a: Whimsicott|0 fnt
|-damage|p2b: Porygon-Z|20/100
|faint|p2a: Whimsicott
|move|p2b: Porygon-Z|Tri Attack|p1a: Hydreigon
|-damage|p1a: Hydreigon|0 fnt
|faint|p1a: Hydreigon
|
|upkeep
|
|t:|1756163600
|switch|p1a: Ursaluna|Ursaluna-Bloodmoon, L50, M|100/100
|switch|p2a: Typhlosion|Typhlosion-Hisui, L50, M, shiny|100/100
|turn|2
|
|t:|1756163610
|move|p1b: Whimsicott|Tailwind|p1b: Whimsicott
|-sidestart|p1: saboyita|move: Tailwind
|move|p2a: Typhlosion|Fire Pledge|p1a: Ursaluna
|-damage|p1a: Ursaluna|42/100
|move|p1a: Ursaluna|Hyper Voice|p2a: Typhlosion|[spread] p2a,p2b
|-damage|p2a: Typhlosion|52/100
|-damage|p2b: Porygon-Z|0 fnt
|faint|p2b: Porygon-Z
|-damage|p1a: Ursaluna|32/100|[from] item: Life Orb
|
|upkeep
|
|t:|1756163614
|switch|p2b: Sneasler|Sneasler, L50, M, shiny|100/100
|turn|3
|inactive|saboyita has 30 seconds left.
|
|t:|1756163641
|switch|p1a: Annihilape|Annihilape, L50, F|100/100
|move|p1b: Whimsicott|Moonblast|p2a: Typhlosion
|-resisted|p2a: Typhlosion
|-damage|p2a: Typhlosion|35/100
|-unboost|p2a: Typhlosion|spa|1
|move|p2b: Sneasler|Dire Claw|p1b: Whimsicott
|-supereffective|p1b: Whimsicott
|-damage|p1b: Whimsicott|0 fnt
|faint|p1b: Whimsicott
|-damage|p2b: Sneasler|91/100|[from] item: Life Orb
|move|p2a: Typhlosion|Fire Pledge|p1a: Annihilape
|-damage|p1a: Annihilape|69/100
|
|-heal|p1a: Annihilape|74/100|[from] item: Leftovers
|upkeep
|
|t:|1756163655
|switch|p1b: Ursaluna|Ursaluna-Bloodmoon, L50, M|32/100
|turn|4
|
|t:|1756163671
|move|p2b: Sneasler|Protect|p2b: Sneasler
|-singleturn|p2b: Sneasler|Protect
|move|p2a: Typhlosion|Protect|p2a: Typhlosion
|-singleturn|p2a: Typhlosion|Protect
|move|p1a: Annihilape|Rage Fist|p2b: Sneasler
|-activate|p2b: Sneasler|move: Protect
|move|p1b: Ursaluna|Earth Power|p2a: Typhlosion
|-activate|p2a: Typhlosion|move: Protect
|
|-heal|p1a: Annihilape|80/100|[from] item: Leftovers
|upkeep
|turn|5
|
|t:|1756163686
|move|p1a: Annihilape|Rage Fist|p2b: Sneasler
|-damage|p2b: Sneasler|7/100
|move|p2b: Sneasler|Dire Claw|p1a: Annihilape
|-resisted|p1a: Annihilape
|-damage|p1a: Annihilape|53/100
|-damage|p2b: Sneasler|0 fnt|[from] item: Life Orb
|faint|p2b: Sneasler
|move|p2a: Typhlosion|Fire Pledge|p1b: Ursaluna
|-damage|p1b: Ursaluna|0 fnt
|faint|p1b: Ursaluna
|
|-heal|p1a: Annihilape|59/100|[from] item: Leftovers
|-sideend|p2: hundohunter24|move: Light Screen
|-sideend|p1: saboyita|move: Tailwind
|upkeep
|turn|6
|
|t:|1756163704
|move|p2a: Typhlosion|Shadow Ball|p1a: Annihilape
|-supereffective|p1a: Annihilape
|-damage|p1a: Annihilape|10/100
|move|p1a: Annihilape|Rage Fist|p2a: Typhlosion
|-supereffective|p2a: Typhlosion
|-damage|p2a: Typhlosion|0 fnt
|faint|p2a: Typhlosion
|
|win|saboyita
|c|☆hundohunter24|gg
||hundohunter24 is ready for game 2.
||saboyita is ready for game 2.
|uhtml|next|Next: Game 2 of 3
