|j|☆kimius64
|j|☆Charizard0420
|html|kimius64Charizard0420    
|uhtml|bestof|Game 2 of a best-of-3
|t:|1783233929
|gametype|doubles
|player|p1|kimius64|iris-gen5bw2|1229
|player|p2|Charizard0420|2|1000
|gen|9
|tier|[Gen 9 Champions] VGC 2026 Reg M-B (Bo3)
|rated|
|rule|Species Clause: Limit one of each Pokémon
|rule|Item Clause: Limit 1 of each item
|clearpoke
|poke|p1|Raichu, L50, F|
|poke|p1|Gyarados, L50, M|
|poke|p1|Mamoswine, L50, M|
|poke|p1|Kingambit, L50, M|
|poke|p1|Sneasler, L50, M|
|poke|p1|Sinistcha, L50|
|poke|p2|Ceruledge, L50, F|
|poke|p2|Incineroar, L50, F, shiny|
|poke|p2|Sinistcha, L50, shiny|
|poke|p2|Grimmsnarl, L50, M, shiny|
|poke|p2|Garchomp, L50, M, shiny|
|poke|p2|Staraptor, L50, F, shiny|
|teampreview|4
|showteam|p1|Raichu||RaichuniteY|LightningRod|ZapCannon,FocusBlast,FakeOut,Protect|Timid||F|||50|]Gyarados||Gyaradosite|Intimidate|Waterfall,LashOut,DragonDance,Protect|Adamant||M|||50|]Mamoswine||LifeOrb|Oblivious|HighHorsepower,IceShard,IcicleCrash,Protect|Jolly||M|||50|]Kingambit||FocusSash|Defiant|IronHead,KowtowCleave,SuckerPunch,LowKick|Adamant||M|||50|]Sneasler||WhiteHerb|Unburden|FakeOut,Coaching,CloseCombat,DireClaw|Jolly||M|||50|]Sinistcha||CobaBerry|Hospitality|LeafStorm,RagePowder,TrickRoom,ShadowBall|Calm|||||50|
|showteam|p2|Ceruledge||Leftovers|FlashFire|Protect,BitterBlade,BulkUp,ShadowSneak|Adamant||F|||50|]Incineroar||PasshoBerry|Intimidate|Protect,FakeOut,PartingShot,ThroatChop|Sassy||F|||50|]Sinistcha||ColburBerry|Hospitality|Protect,RagePowder,MatchaGotcha,PsychUp|Bold|||||50|]Grimmsnarl||LightClay|Prankster|SpiritBreak,PartingShot,ScaryFace,LightScreen|Careful||M|||50|]Garchomp||LifeOrb|RoughSkin|Protect,Earthquake,RockSlide,DragonClaw|Jolly||M|||50|]Staraptor||Staraptite|Intimidate|Protect,BraveBird,CloseCombat,Roost|Jolly||F|||50|
|
|t:|1783233968
|teamsize|p1|4
|teamsize|p2|4
|start
|switch|p1a: Gyarados|Gyarados, L50, M|100/100
|switch|p1b: Sneasler|Sneasler, L50, M|100/100
|switch|p2a: Ceruledge|Ceruledge, L50, F|100/100
|switch|p2b: Grimmsnarl|Grimmsnarl, L50, M, shiny|100/100
|-ability|p1a: Gyarados|Intimidate|boost
|-unboost|p2a: Ceruledge|atk|1
|-unboost|p2b: Grimmsnarl|atk|1
|turn|1
|
|t:|1783234012
|switch|p2a: Staraptor|Staraptor, L50, F, shiny|100/100
|-ability|p2a: Staraptor|Intimidate|boost
|-unboost|p1a: Gyarados|atk|1
|-unboost|p1b: Sneasler|atk|1
|-enditem|p1b: Sneasler|White Herb
|-clearnegativeboost|p1b: Sneasler|[silent]
|move|p2b: Grimmsnarl|Parting Shot|p1a: Gyarados
|-unboost|p1a: Gyarados|atk|1
|-unboost|p1a: Gyarados|spa|1
|
|t:|1783234020
|switch|p2b: Incineroar|Incineroar, L50, F, shiny|100/100|[from] Parting Shot
|-ability|p2b: Incineroar|Intimidate|boost
|-unboost|p1a: Gyarados|atk|1
|-unboost|p1b: Sneasler|atk|1
|move|p1b: Sneasler|Coaching|p1a: Gyarados
|-boost|p1a: Gyarados|atk|1
|-boost|p1a: Gyarados|def|1
|move|p1a: Gyarados|Dragon Dance|p1a: Gyarados
|-boost|p1a: Gyarados|atk|1
|-boost|p1a: Gyarados|spe|1
|
|upkeep
|turn|2
|
|t:|1783234037
|switch|p1b: Sinistcha|Sinistcha, L50|100/100
|detailschange|p2a: Staraptor|Staraptor-Mega, L50, F, shiny
|-mega|p2a: Staraptor|Staraptor|Staraptite
|move|p1a: Gyarados|Protect|p1a: Gyarados
|-singleturn|p1a: Gyarados|Protect
|move|p2b: Incineroar|Fake Out|p1a: Gyarados
|-activate|p1a: Gyarados|move: Protect
|move|p2a: Staraptor|Close Combat|p1b: Sinistcha
|-immune|p1b: Sinistcha
|
|upkeep
|turn|3
|
|t:|1783234057
|move|p2a: Staraptor|Protect|p2a: Staraptor
|-singleturn|p2a: Staraptor|Protect
|move|p1a: Gyarados|Dragon Dance|p1a: Gyarados
|-boost|p1a: Gyarados|atk|1
|-boost|p1a: Gyarados|spe|1
|move|p1b: Sinistcha|Shadow Ball|p2a: Staraptor
|-activate|p2a: Staraptor|move: Protect
|move|p2b: Incineroar|Parting Shot|p1a: Gyarados
|-unboost|p1a: Gyarados|atk|1
|-unboost|p1a: Gyarados|spa|1
|
|t:|1783234070
|switch|p2b: Grimmsnarl|Grimmsnarl, L50, M, shiny|100/100|[from] Parting Shot
|
|upkeep
|turn|4
|
|t:|1783234085
|move|p1b: Sinistcha|Rage Powder|p1b: Sinistcha
|-singleturn|p1b: Sinistcha|move: Rage Powder
|move|p2b: Grimmsnarl|Scary Face|p1b: Sinistcha
|-unboost|p1b: Sinistcha|spe|2
|move|p1a: Gyarados|Dragon Dance|p1a: Gyarados
|-boost|p1a: Gyarados|atk|1
|-boost|p1a: Gyarados|spe|1
|move|p2a: Staraptor|Close Combat|p1b: Sinistcha
|-immune|p1b: Sinistcha
|
|upkeep
|turn|5
|
|t:|1783234107
|move|p2b: Grimmsnarl|Parting Shot|p1a: Gyarados
|-unboost|p1a: Gyarados|atk|1
|-unboost|p1a: Gyarados|spa|1
|
|t:|1783234110
|switch|p2b: Incineroar|Incineroar, L50, F, shiny|100/100|[from] Parting Shot
|-ability|p2b: Incineroar|Intimidate|boost
|-unboost|p1a: Gyarados|atk|1
|-unboost|p1b: Sinistcha|atk|1
|move|p1a: Gyarados|Dragon Dance|p1a: Gyarados
|-boost|p1a: Gyarados|atk|1
|-boost|p1a: Gyarados|spe|1
|move|p2a: Staraptor|Brave Bird|p1b: Sinistcha
|-supereffective|p1b: Sinistcha|1
|-enditem|p1b: Sinistcha|Coba Berry|[eat]
|-enditem|p1b: Sinistcha|Coba Berry|[weaken]
|-damage|p1b: Sinistcha|48/100
|-damage|p2a: Staraptor|83/100|[from] Recoil
|move|p1b: Sinistcha|Shadow Ball|p2a: Staraptor
|-damage|p2a: Staraptor|48/100
|
|upkeep
|turn|6
|
|t:|1783234135
|move|p1a: Gyarados|Protect|p1a: Gyarados
|-singleturn|p1a: Gyarados|Protect
|move|p2a: Staraptor|Roost|p2a: Staraptor
|-heal|p2a: Staraptor|98/100
|-singleturn|p2a: Staraptor|move: Roost
|move|p2b: Incineroar|Parting Shot|p1a: Gyarados
|-activate|p1a: Gyarados|move: Protect
|move|p1b: Sinistcha|Shadow Ball|p2a: Staraptor
|-damage|p2a: Staraptor|64/100
|-boost|p2a: Staraptor|spd|1
|
|upkeep
|turn|7
|
|t:|1783234155
|move|p1b: Sinistcha|Rage Powder|p1b: Sinistcha
|-singleturn|p1b: Sinistcha|move: Rage Powder
|move|p1a: Gyarados|Waterfall|p2a: Staraptor
|-damage|p2a: Staraptor|36/100
|move|p2a: Staraptor|Roost|p2a: Staraptor
|-heal|p2a: Staraptor|86/100
|-singleturn|p2a: Staraptor|move: Roost
|move|p2b: Incineroar|Parting Shot|p1b: Sinistcha
|-unboost|p1b: Sinistcha|atk|1
|-unboost|p1b: Sinistcha|spa|1
|
|t:|1783234174
|switch|p2b: Grimmsnarl|Grimmsnarl, L50, M, shiny|100/100|[from] Parting Shot
|
|upkeep
|turn|8
|
|t:|1783234181
|move|p1b: Sinistcha|Rage Powder|p1b: Sinistcha
|-singleturn|p1b: Sinistcha|move: Rage Powder
|move|p2b: Grimmsnarl|Light Screen|p2b: Grimmsnarl
|-sidestart|p2: Charizard0420|move: Light Screen
|move|p1a: Gyarados|Dragon Dance|p1a: Gyarados
|-boost|p1a: Gyarados|atk|1
|-boost|p1a: Gyarados|spe|1
|move|p2a: Staraptor|Brave Bird|p1b: Sinistcha
|-supereffective|p1b: Sinistcha|1
|-damage|p1b: Sinistcha|0 fnt
|faint|p1b: Sinistcha
|-damage|p2a: Staraptor|70/100|[from] Recoil
|
|upkeep
|
|t:|1783234190
|switch|p1b: Mamoswine|Mamoswine, L50, M|100/100
|turn|9
|
|t:|1783234203
|detailschange|p1a: Gyarados|Gyarados-Mega, L50, M
|-mega|p1a: Gyarados|Gyarados|Gyaradosite
|-ability|p1a: Gyarados|Mold Breaker
|move|p1b: Mamoswine|Ice Shard|p2a: Staraptor
|-supereffective|p2a: Staraptor|1
|-damage|p2a: Staraptor|21/100
|-damage|p1b: Mamoswine|90/100|[from] item: Life Orb
|move|p2b: Grimmsnarl|Parting Shot|p1a: Gyarados
|-hint|Since gen 7, Dark is immune to Prankster moves.
|-immune|p1a: Gyarados
|move|p1a: Gyarados|Waterfall|p2a: Staraptor
|-damage|p2a: Staraptor|0 fnt
|faint|p2a: Staraptor
|
|upkeep
|
|t:|1783234228
|switch|p2a: Ceruledge|Ceruledge, L50, F|100/100
|turn|10
|
|t:|1783234242
|switch|p2b: Incineroar|Incineroar, L50, F, shiny|100/100
|-ability|p2b: Incineroar|Intimidate|boost
|-unboost|p1a: Gyarados|atk|1
|-fail|p1b: Mamoswine|unboost|Attack|[from] ability: Oblivious|[of] p1b: Mamoswine
|move|p1a: Gyarados|Lash Out|p2a: Ceruledge
|-supereffective|p2a: Ceruledge|1
|-damage|p2a: Ceruledge|0 fnt
|faint|p2a: Ceruledge
|move|p1b: Mamoswine|High Horsepower|p2b: Incineroar
|-supereffective|p2b: Incineroar|1
|-damage|p2b: Incineroar|0 fnt
|faint|p2b: Incineroar
|-damage|p1b: Mamoswine|80/100|[from] item: Life Orb
|
|upkeep
|
|t:|1783234274
|switch|p2b: Grimmsnarl|Grimmsnarl, L50, M, shiny|100/100
|turn|11
|
|t:|1783234280
|move|p2b: Grimmsnarl|Scary Face|p1b: Mamoswine
|-unboost|p1b: Mamoswine|spe|2
|move|p1a: Gyarados|Waterfall|p2b: Grimmsnarl
|-damage|p2b: Grimmsnarl|62/100
|move|p1b: Mamoswine|Icicle Crash|p2b: Grimmsnarl
|-damage|p2b: Grimmsnarl|7/100
|-damage|p1b: Mamoswine|71/100|[from] item: Life Orb
|
|upkeep
|turn|12
|
|t:|1783234289
|move|p2b: Grimmsnarl|Scary Face|p1a: Gyarados
|-hint|Since gen 7, Dark is immune to Prankster moves.
|-immune|p1a: Gyarados
|move|p1b: Mamoswine|Ice Shard|p2b: Grimmsnarl
|-damage|p2b: Grimmsnarl|0 fnt
|faint|p2b: Grimmsnarl
|-damage|p1b: Mamoswine|61/100|[from] item: Life Orb
|
|win|kimius64
|raw|kimius64's rating: 1229 → 1240(+11 for winning)
|raw|Charizard0420's rating: 1000 → 1000(+0 for losing)
