|j|☆PikaTROD
|j|☆Djjwjwwjj
|html|PikaTRODDjjwjwwjj    
|uhtml|bestof|Game 2 of a best-of-3
|t:|1756700984
|gametype|doubles
|player|p1|PikaTROD|265|1404
|player|p2|Djjwjwwjj|265|1361
|gen|9
|tier|[Gen 9] VGC 2025 Reg H (Bo3)
|rated|
|rule|Species Clause: Limit one of each Pokémon
|rule|Item Clause: Limit 1 of each item
|clearpoke
|poke|p1|Kingambit, L50, F|
|poke|p1|Primarina, L50, M|
|poke|p1|Sneasler, L50, F|
|poke|p1|Magmar, L50, M|
|poke|p1|Rillaboom, L50, M|
|poke|p1|Dragapult, L50, M|
|poke|p2|Palafin, L50, M|
|poke|p2|Archaludon, L50, M|
|poke|p2|Pelipper, L50, M|
|poke|p2|Incineroar, L50, M|
|poke|p2|Dragonite, L50, M|
|poke|p2|Amoonguss, L50, M|
|teampreview|4
|showteam|p1|Kingambit||BlackGlasses|Defiant|KowtowCleave,SuckerPunch,SwordsDance,Protect|||F|||50|,,,,,Dark]Primarina||SitrusBerry|LiquidVoice|HyperVoice,Moonblast,Haze,Protect|||M|||50|,,,,,Water]Sneasler||FocusSash|Unburden|CloseCombat,DireClaw,FakeOut,Protect|||F|||50|,,,,,Stellar]Magmar||Eviolite|VitalSpirit|Overheat,WillOWisp,FollowMe,Protect|||M|||50|,,,,,Ghost]Rillaboom||AssaultVest|GrassySurge|WoodHammer,GrassyGlide,HighHorsepower,FakeOut|||M|||50|,,,,,Fire]Dragapult||ChoiceBand|ClearBody|DragonDarts,PhantomForce,Outrage,Uturn|||M|||50|,,,,,Dragon
|showteam|p2|Palafin||SafetyGoggles|ZerotoHero|Protect,FlipTurn,JetPunch,WaveCrash|||M|||50|,,,,,Water]Archaludon||AssaultVest|Stamina|Snarl,BodyPress,ElectroShot,DragonPulse|||M|||50|,,,,,Fighting]Pelipper||CovertCloak|Drizzle|Protect,Uturn,Hurricane,WeatherBall|||M|||50|,,,,,Steel]Incineroar||ChopleBerry|Intimidate|FakeOut,PartingShot,KnockOff,Taunt|||M|||50|,,,,,Grass]Dragonite||LoadedDice|Multiscale|Protect,Tailwind,ScaleShot,Haze|||M|||50|,,,,,Fairy]Amoonguss||SitrusBerry|Regenerator|Protect,Spore,RagePowder,PollenPuff|||M|||50|,,,,,Dark
|inactive|Battle timer is ON: inactive players will automatically lose when time's up. (requested by Djjwjwwjj)
|inactive|PikaTROD has 60 seconds left.
|
|t:|1756701017
|teamsize|p1|4
|teamsize|p2|4
|start
|switch|p1a: Sneasler|Sneasler, L50, F|100/100
|switch|p1b: Dragapult|Dragapult, L50, M|100/100
|switch|p2a: Dragonite|Dragonite, L50, M|100/100
|switch|p2b: Amoonguss|Amoonguss, L50, M|100/100
|turn|1
|inactive|PikaTROD has 30 seconds left.
|inactive|PikaTROD has 20 seconds left.
|inactive|PikaTROD has 15 seconds left.
|
|t:|1756701061
|move|p2a: Dragonite|Protect|p2a: Dragonite
|-singleturn|p2a: Dragonite|Protect
|move|p2b: Amoonguss|Protect|p2b: Amoonguss
|-singleturn|p2b: Amoonguss|Protect
|move|p1a: Sneasler|Fake Out|p2a: Dragonite
|-activate|p2a: Dragonite|move: Protect
|move|p1b: Dragapult|Outrage|p2a: Dragonite
|-activate|p2a: Dragonite|move: Protect
|
|upkeep
|turn|2
|inactive|PikaTROD has 30 seconds left.
|
|t:|1756701095
|switch|p1b: Rillaboom|Rillaboom, L50, M|100/100
|-fieldstart|move: Grassy Terrain|[from] ability: Grassy Surge|[of] p1b: Rillaboom
|-terastallize|p1a: Sneasler|Stellar
|-terastallize|p2a: Dragonite|Fairy
|move|p1a: Sneasler|Dire Claw|p2a: Dragonite
|-supereffective|p2a: Dragonite
|-damage|p2a: Dragonite|42/100
|move|p2a: Dragonite|Scale Shot|p1b: Rillaboom
|-damage|p1b: Rillaboom|87/100
|-damage|p1b: Rillaboom|73/100
|-damage|p1b: Rillaboom|60/100
|-damage|p1b: Rillaboom|47/100
|-damage|p1b: Rillaboom|34/100
|-hitcount|p1b: Rillaboom|5
|-unboost|p2a: Dragonite|def|1
|-boost|p2a: Dragonite|spe|1
|move|p2b: Amoonguss|Spore|p1b: Rillaboom
|-immune|p1b: Rillaboom
|
|-heal|p2a: Dragonite|48/100|[from] Grassy Terrain
|-heal|p1b: Rillaboom|40/100|[from] Grassy Terrain
|upkeep
|turn|3
|inactive|PikaTROD has 30 seconds left.
|inactive|PikaTROD has 20 seconds left.
|
|t:|1756701132
|switch|p2a: Incineroar|Incineroar, L50, M|100/100
|-ability|p2a: Incineroar|Intimidate|boost
|-unboost|p1a: Sneasler|atk|1
|-unboost|p1b: Rillaboom|atk|1
|switch|p1a: Kingambit|Kingambit, L50, F|100/100
|move|p1b: Rillaboom|Grassy Glide|p2a: Incineroar
|-resisted|p2a: Incineroar
|-damage|p2a: Incineroar|87/100
|move|p2b: Amoonguss|Spore|p1a: Kingambit
|-status|p1a: Kingambit|slp|[from] move: Spore
|
|-heal|p2a: Incineroar|93/100|[from] Grassy Terrain
|-heal|p1b: Rillaboom|46/100|[from] Grassy Terrain
|upkeep
|turn|4
|inactive|PikaTROD has 30 seconds left.
|inactive|Djjwjwwjj has 30 seconds left.
|
|t:|1756701167
|switch|p2b: Archaludon|Archaludon, L50, M|100/100
|move|p2a: Incineroar|Knock Off|p1b: Rillaboom
|-damage|p1b: Rillaboom|7/100
|-enditem|p1b: Rillaboom|Assault Vest|[from] move: Knock Off|[of] p2a: Incineroar
|move|p1b: Rillaboom|High Horsepower|p2a: Incineroar
|-supereffective|p2a: Incineroar
|-damage|p2a: Incineroar|51/100
|cant|p1a: Kingambit|slp
|
|-heal|p2a: Incineroar|57/100|[from] Grassy Terrain
|-heal|p1b: Rillaboom|13/100|[from] Grassy Terrain
|upkeep
|turn|5
|
|t:|1756701186
|switch|p1a: Sneasler|Sneasler, L50, F, tera:Stellar|100/100
|move|p2a: Incineroar|Parting Shot|p1b: Rillaboom
|-unboost|p1b: Rillaboom|atk|1
|-unboost|p1b: Rillaboom|spa|1
|
|t:|1756701192
|switch|p2a: Amoonguss|Amoonguss, L50, M|100/100|[from] Parting Shot
|move|p1b: Rillaboom|High Horsepower|p2a: Amoonguss
|-damage|p2a: Amoonguss|85/100
|move|p2b: Archaludon|Body Press|p1a: Sneasler
|-resisted|p1a: Sneasler
|-damage|p1a: Sneasler|77/100
|
|-heal|p1a: Sneasler|82/100|[from] Grassy Terrain
|-heal|p1b: Rillaboom|19/100|[from] Grassy Terrain
|-heal|p2a: Amoonguss|91/100|[from] Grassy Terrain
|upkeep
|turn|6
|
|t:|1756701209
|switch|p1b: Dragapult|Dragapult, L50, M|100/100
|move|p1a: Sneasler|Protect|p1a: Sneasler
|-singleturn|p1a: Sneasler|Protect
|move|p2a: Amoonguss|Rage Powder|p2a: Amoonguss
|-singleturn|p2a: Amoonguss|move: Rage Powder
|move|p2b: Archaludon|Body Press|p1b: Dragapult
|-immune|p1b: Dragapult
|
|-heal|p1a: Sneasler|88/100|[from] Grassy Terrain
|-heal|p2a: Amoonguss|96/100|[from] Grassy Terrain
|-fieldend|move: Grassy Terrain
|upkeep
|turn|7
|inactive|PikaTROD has 30 seconds left.
|inactive|PikaTROD has 20 seconds left.
|
|t:|1756701245
|move|p1b: Dragapult|Outrage|p2a: Amoonguss
|-damage|p2a: Amoonguss|16/100
|-enditem|p2a: Amoonguss|Sitrus Berry|[eat]
|-heal|p2a: Amoonguss|41/100|[from] item: Sitrus Berry
|move|p1a: Sneasler|Close Combat|p2b: Archaludon
|-supereffective|p2b: Archaludon
|-damage|p2b: Archaludon|0 fnt
|-unboost|p1a: Sneasler|def|1
|-unboost|p1a: Sneasler|spd|1
|faint|p2b: Archaludon
|move|p2a: Amoonguss|Spore|p1b: Dragapult
|-status|p1b: Dragapult|slp|[from] move: Spore
|
|upkeep
|
|t:|1756701254
|switch|p2b: Incineroar|Incineroar, L50, M|57/100
|-ability|p2b: Incineroar|Intimidate|boost
|-unboost|p1a: Sneasler|atk|1
|-fail|p1b: Dragapult|unboost|[from] ability: Clear Body|[of] p1b: Dragapult
|turn|8
|
|t:|1756701270
|switch|p1b: Kingambit|Kingambit, L50, F|100/100 slp
|move|p1a: Sneasler|Protect|p1a: Sneasler
|-singleturn|p1a: Sneasler|Protect
|move|p2b: Incineroar|Knock Off|p1b: Kingambit
|-resisted|p1b: Kingambit
|-damage|p1b: Kingambit|86/100 slp
|-enditem|p1b: Kingambit|Black Glasses|[from] move: Knock Off|[of] p2b: Incineroar
|move|p2a: Amoonguss|Pollen Puff|p2b: Incineroar
|-heal|p2b: Incineroar|100/100
|
|upkeep
|turn|9
|
|t:|1756701289
|switch|p1a: Dragapult|Dragapult, L50, M|100/100 slp
|move|p2b: Incineroar|Knock Off|p1a: Dragapult
|-supereffective|p1a: Dragapult
|-damage|p1a: Dragapult|4/100 slp
|-enditem|p1a: Dragapult|Choice Band|[from] move: Knock Off|[of] p2b: Incineroar
|cant|p1b: Kingambit|slp
|move|p2a: Amoonguss|Pollen Puff|p2b: Incineroar
|
|upkeep
|turn|10
|
|t:|1756701303
|switch|p2a: Dragonite|Dragonite, L50, M, tera:Fairy|48/100
|cant|p1a: Dragapult|slp
|move|p2b: Incineroar|Knock Off|p1a: Dragapult
|-supereffective|p1a: Dragapult
|-damage|p1a: Dragapult|0 fnt
|faint|p1a: Dragapult
|cant|p1b: Kingambit|slp
|
|upkeep
|
|t:|1756701311
|switch|p1a: Sneasler|Sneasler, L50, F, tera:Stellar|88/100
|turn|11
|
|t:|1756701327
|switch|p2a: Amoonguss|Amoonguss, L50, M|74/100
|move|p1a: Sneasler|Dire Claw|p2a: Amoonguss
|-damage|p2a: Amoonguss|39/100
|move|p2b: Incineroar|Taunt|p1b: Kingambit
|-start|p1b: Kingambit|move: Taunt
|-curestatus|p1b: Kingambit|slp|[msg]
|cant|p1b: Kingambit|move: Taunt|Swords Dance
|
|upkeep
|turn|12
|
|t:|1756701345
|move|p2a: Amoonguss|Protect|p2a: Amoonguss
|-singleturn|p2a: Amoonguss|Protect
|move|p1a: Sneasler|Dire Claw|p2a: Amoonguss
|-activate|p2a: Amoonguss|move: Protect
|move|p2b: Incineroar|Parting Shot|p1a: Sneasler
|-unboost|p1a: Sneasler|atk|1
|-unboost|p1a: Sneasler|spa|1
|
|t:|1756701353
|switch|p2b: Dragonite|Dragonite, L50, M, tera:Fairy|48/100|[from] Parting Shot
|move|p1b: Kingambit|Kowtow Cleave|p2a: Amoonguss
|-activate|p2a: Amoonguss|move: Protect
|
|upkeep
|turn|13
|inactive|PikaTROD has 30 seconds left.
|inactive|PikaTROD has 20 seconds left.
|inactive|PikaTROD has 15 seconds left.
|inactive|PikaTROD has 10 seconds left.
|inactive|Djjwjwwjj has 30 seconds left.
|
|t:|1756701410
|switch|p1a: Rillaboom|Rillaboom, L50, M|19/100
|-fieldstart|move: Grassy Terrain|[from] ability: Grassy Surge|[of] p1a: Rillaboom
|switch|p2a: Incineroar|Incineroar, L50, M|100/100
|-ability|p2a: Incineroar|Intimidate|boost
|-unboost|p1a: Rillaboom|atk|1
|-unboost|p1b: Kingambit|atk|1
|-ability|p1b: Kingambit|Defiant|boost
|-boost|p1b: Kingambit|atk|2
|move|p2b: Dragonite|Scale Shot|p1a: Rillaboom
|-damage|p1a: Rillaboom|5/100
|-damage|p1a: Rillaboom|0 fnt
|faint|p1a: Rillaboom
|-hitcount|p1: Rillaboom|2
|-unboost|p2b: Dragonite|def|1
|-boost|p2b: Dragonite|spe|1
|move|p1b: Kingambit|Kowtow Cleave|p2a: Incineroar
|-resisted|p2a: Incineroar
|-damage|p2a: Incineroar|65/100
|
|-heal|p2b: Dragonite|54/100|[from] Grassy Terrain
|-heal|p2a: Incineroar|71/100|[from] Grassy Terrain
|-heal|p1b: Kingambit|91/100|[from] Grassy Terrain
|-end|p1b: Kingambit|move: Taunt
|upkeep
|
|t:|1756701421
|switch|p1a: Sneasler|Sneasler, L50, F, tera:Stellar|88/100
|turn|14
|inactive|PikaTROD has 30 seconds left.
|inactive|Djjwjwwjj has 30 seconds left.
|inactive|PikaTROD has 20 seconds left.
|
|t:|1756701459
|move|p1a: Sneasler|Fake Out|p2b: Dragonite
|-damage|p2b: Dragonite|24/100
|move|p2a: Incineroar|Fake Out|p1b: Kingambit
|-resisted|p1b: Kingambit
|-damage|p1b: Kingambit|87/100
|cant|p2b: Dragonite|flinch
|cant|p1b: Kingambit|flinch
|
|-heal|p2b: Dragonite|30/100|[from] Grassy Terrain
|-heal|p1a: Sneasler|94/100|[from] Grassy Terrain
|-heal|p2a: Incineroar|77/100|[from] Grassy Terrain
|-heal|p1b: Kingambit|93/100|[from] Grassy Terrain
|upkeep
|turn|15
|
|t:|1756701480
|move|p2b: Dragonite|Protect|p2b: Dragonite
|-singleturn|p2b: Dragonite|Protect
|move|p1a: Sneasler|Protect|p1a: Sneasler
|-singleturn|p1a: Sneasler|Protect
|move|p2a: Incineroar|Parting Shot|p1a: Sneasler
|-activate|p1a: Sneasler|move: Protect
|move|p1b: Kingambit|Kowtow Cleave|p2b: Dragonite
|-activate|p2b: Dragonite|move: Protect
|
|-heal|p2b: Dragonite|36/100|[from] Grassy Terrain
|-heal|p1a: Sneasler|99/100|[from] Grassy Terrain
|-heal|p2a: Incineroar|83/100|[from] Grassy Terrain
|-heal|p1b: Kingambit|99/100|[from] Grassy Terrain
|upkeep
|turn|16
|inactive|PikaTROD has 30 seconds left.
|inactive|PikaTROD has 20 seconds left.
|inactive|Djjwjwwjj has 30 seconds left.
|
|t:|1756701508
|move|p1b: Kingambit|Sucker Punch|p2b: Dragonite
|-resisted|p2b: Dragonite
|-damage|p2b: Dragonite|0 fnt
|faint|p2b: Dragonite
|move|p1a: Sneasler|Dire Claw|p2a: Incineroar
|-damage|p2a: Incineroar|41/100
|-status|p2a: Incineroar|slp
|cant|p2a: Incineroar|slp
|
|-heal|p1a: Sneasler|100/100|[from] Grassy Terrain
|-heal|p2a: Incineroar|47/100 slp|[from] Grassy Terrain
|-heal|p1b: Kingambit|100/100|[from] Grassy Terrain
|upkeep
|-message|Djjwjwwjj forfeited.
|
|win|PikaTROD
|raw|PikaTROD's rating: 1404 → 1422(+18 for winning)
|raw|Djjwjwwjj's rating: 1361 → 1343(-18 for losing)
|l|☆Djjwjwwjj
|player|p2|
