|j|☆lolgz
|j|☆Mr James Freak
|html|lolgzMr James Freak    
|uhtml|bestof|Game 3 of a best-of-3
|t:|1782344677
|gametype|doubles
|player|p1|lolgz|dawn|1236
|player|p2|Mr James Freak|scientist|1252
|gen|9
|tier|[Gen 9 Champions] VGC 2026 Reg M-B (Bo3)
|rated|
|rule|Species Clause: Limit one of each Pokémon
|rule|Item Clause: Limit 1 of each item
|clearpoke
|poke|p1|Torkoal, L50, F|
|poke|p1|Vileplume, L50, F|
|poke|p1|Farigiraf, L50, M|
|poke|p1|Scrafty, L50, F|
|poke|p1|Gallade, L50, M|
|poke|p1|Mawile, L50, M|
|poke|p2|Tyranitar, L50, F, shiny|
|poke|p2|Metagross, L50, shiny|
|poke|p2|Sinistcha-Masterpiece, L50|
|poke|p2|Rotom-Wash, L50, shiny|
|poke|p2|Garchomp, L50, F, shiny|
|poke|p2|Incineroar, L50, M, shiny|
|teampreview|4
|showteam|p1|Torkoal||Charcoal|Drought|Eruption,WeatherBall,EarthPower,Protect|Quiet||F|||50|]Vileplume||FocusSash|Chlorophyll|EnergyBall,SludgeBomb,SleepPowder,AfterYou|Timid||F|||50|]Farigiraf||SitrusBerry|ArmorTail|TrickRoom,Protect,Psychic,HelpingHand|Bold||M|||50|]Scrafty||Scraftinite|Intimidate|CloseCombat,KnockOff,FakeOut,RockSlide|Brave||F|||50|]Gallade||IronBall|Sharpness|SacredSword,PsychoCut,WideGuard,TrickRoom|Brave||M|||50|]Mawile||Mawilite|HyperCutter|SuckerPunch,PlayRough,SwordsDance,Protect|Brave||M|||50|
|showteam|p2|Tyranitar||Tyranitarite|SandStream|RockSlide,KnockOff,DragonDance,Protect|Adamant||F|||50|]Metagross||Metagrossite|ClearBody|IronHead,PsychicFangs,BodyPress,Protect|Jolly|||||50|]Sinistcha-Masterpiece||SitrusBerry|Hospitality|MatchaGotcha,RagePowder,LifeDew,Protect|Bold|||||50|]Rotom-Wash||Leftovers|Levitate|Electroweb,HydroPump,WillOWisp,Protect|Calm|||||50|]Garchomp||LifeOrb|RoughSkin|Earthquake,RockSlide,ScaleShot,Protect|Jolly||F|||50|]Incineroar||PasshoBerry|Intimidate|FakeOut,PartingShot,FlareBlitz,ThroatChop|Adamant||M|||50|
|inactive|Battle timer is ON: inactive players will automatically lose when time's up. (requested by lolgz)
|
|t:|1782344700
|teamsize|p1|4
|teamsize|p2|4
|start
|switch|p1a: Farigiraf|Farigiraf, L50, M|100/100
|switch|p1b: Scrafty|Scrafty, L50, F|100/100
|switch|p2a: Incineroar|Incineroar, L50, M, shiny|100/100
|switch|p2b: Tyranitar|Tyranitar, L50, F, shiny|100/100
|-weather|Sandstorm|[from] ability: Sand Stream|[of] p2b: Tyranitar
|-ability|p2a: Incineroar|Intimidate|boost
|-unboost|p1a: Farigiraf|atk|1
|-unboost|p1b: Scrafty|atk|1
|-ability|p1b: Scrafty|Intimidate|boost
|-unboost|p2a: Incineroar|atk|1
|-unboost|p2b: Tyranitar|atk|1
|turn|1
|
|t:|1782344716
|detailschange|p1b: Scrafty|Scrafty-Mega, L50, F
|-mega|p1b: Scrafty|Scrafty|Scraftinite
|-ability|p1b: Scrafty|Intimidate|boost
|-unboost|p2a: Incineroar|atk|1
|-unboost|p2b: Tyranitar|atk|1
|move|p2b: Tyranitar|Protect|p2b: Tyranitar
|-singleturn|p2b: Tyranitar|Protect
|move|p1b: Scrafty|Fake Out|p2b: Tyranitar
|-activate|p2b: Tyranitar|move: Protect
|move|p2a: Incineroar|Parting Shot|p1b: Scrafty
|-unboost|p1b: Scrafty|atk|1
|-unboost|p1b: Scrafty|spa|1
|
|t:|1782344725
|switch|p2a: Sinistcha|Sinistcha-Masterpiece, L50|100/100|[from] Parting Shot
|move|p1a: Farigiraf|Trick Room|p1a: Farigiraf
|-fieldstart|move: Trick Room|[of] p1a: Farigiraf
|
|-weather|Sandstorm|[upkeep]
|-damage|p1b: Scrafty|94/100|[from] Sandstorm
|-damage|p1a: Farigiraf|93/100|[from] Sandstorm
|-damage|p2a: Sinistcha|94/100|[from] Sandstorm
|upkeep
|turn|2
|
|t:|1782344731
|switch|p1b: Torkoal|Torkoal, L50, F|100/100
|-weather|SunnyDay|[from] ability: Drought|[of] p1b: Torkoal
|switch|p1a: Gallade|Gallade, L50, M|100/100
|switch|p2b: Incineroar|Incineroar, L50, M, shiny|100/100
|-ability|p2b: Incineroar|Intimidate|boost
|-unboost|p1a: Gallade|atk|1
|-unboost|p1b: Torkoal|atk|1
|move|p2a: Sinistcha|Matcha Gotcha|p1b: Torkoal|[spread] p1a,p1b
|-resisted|p1b: Torkoal|1
|-damage|p1a: Gallade|78/100
|-heal|p2a: Sinistcha|100/100|[from] drain|[of] p1a: Gallade
|-damage|p1b: Torkoal|84/100
|
|-weather|SunnyDay|[upkeep]
|upkeep
|turn|3
|inactive|Mr James Freak has 30 seconds left.
|
|t:|1782344758
|switch|p1a: Farigiraf|Farigiraf, L50, M|93/100
|switch|p2a: Tyranitar|Tyranitar, L50, F, shiny|100/100
|-weather|Sandstorm|[from] ability: Sand Stream|[of] p2a: Tyranitar
|move|p1b: Torkoal|Eruption|p2a: Tyranitar|[spread] p2a,p2b
|-resisted|p2a: Tyranitar|1
|-resisted|p2b: Incineroar|1
|-damage|p2a: Tyranitar|85/100
|-damage|p2b: Incineroar|77/100
|move|p2b: Incineroar|Flare Blitz|p1a: Farigiraf
|-damage|p1a: Farigiraf|53/100
|-damage|p2b: Incineroar|62/100|[from] Recoil
|
|-weather|Sandstorm|[upkeep]
|-damage|p1b: Torkoal|77/100|[from] Sandstorm
|-damage|p1a: Farigiraf|47/100|[from] Sandstorm
|-damage|p2b: Incineroar|56/100|[from] Sandstorm
|-enditem|p1a: Farigiraf|Sitrus Berry|[eat]
|-heal|p1a: Farigiraf|72/100|[from] item: Sitrus Berry
|upkeep
|turn|4
|
|t:|1782344777
|switch|p1b: Scrafty|Scrafty-Mega, L50, F|94/100
|-ability|p1b: Scrafty|Intimidate|boost
|-unboost|p2a: Tyranitar|atk|1
|-unboost|p2b: Incineroar|atk|1
|switch|p1a: Gallade|Gallade, L50, M|78/100
|detailschange|p2a: Tyranitar|Tyranitar-Mega, L50, F, shiny
|-mega|p2a: Tyranitar|Tyranitar|Tyranitarite
|move|p2b: Incineroar|Parting Shot|p1b: Scrafty
|-unboost|p1b: Scrafty|atk|1
|-unboost|p1b: Scrafty|spa|1
|
|t:|1782344789
|switch|p2b: Sinistcha|Sinistcha-Masterpiece, L50|100/100|[from] Parting Shot
|-heal|p2a: Tyranitar|100/100|[from] ability: Hospitality|[of] p2b: Sinistcha
|move|p2a: Tyranitar|Knock Off|p1a: Gallade
|-damage|p1a: Gallade|18/100
|-enditem|p1a: Gallade|Iron Ball|[from] move: Knock Off|[of] p2a: Tyranitar
|
|-weather|Sandstorm|[upkeep]
|-damage|p1b: Scrafty|88/100|[from] Sandstorm
|-damage|p1a: Gallade|12/100|[from] Sandstorm
|-damage|p2b: Sinistcha|94/100|[from] Sandstorm
|upkeep
|turn|5
|
|t:|1782344798
|switch|p2a: Incineroar|Incineroar, L50, M, shiny|56/100
|-ability|p2a: Incineroar|Intimidate|boost
|-unboost|p1a: Gallade|atk|1
|-unboost|p1b: Scrafty|atk|1
|move|p2b: Sinistcha|Protect|p2b: Sinistcha
|-singleturn|p2b: Sinistcha|Protect
|move|p1b: Scrafty|Knock Off|p2b: Sinistcha
|-activate|p2b: Sinistcha|move: Protect
|move|p1a: Gallade|Psycho Cut|p2b: Sinistcha
|-activate|p2b: Sinistcha|move: Protect
|
|-weather|Sandstorm|[upkeep]
|-damage|p1b: Scrafty|82/100|[from] Sandstorm
|-damage|p2a: Incineroar|50/100g|[from] Sandstorm
|-damage|p1a: Gallade|6/100|[from] Sandstorm
|-damage|p2b: Sinistcha|88/100|[from] Sandstorm
|-fieldend|move: Trick Room
|upkeep
|turn|6
|
|t:|1782344812
|switch|p1b: Farigiraf|Farigiraf, L50, M|72/100
|move|p2b: Sinistcha|Matcha Gotcha|p1a: Gallade|[spread] p1a
|-miss|p2b: Sinistcha|p1b: Farigiraf
|-damage|p1a: Gallade|0 fnt
|-heal|p2b: Sinistcha|91/100|[from] drain|[of] p1a: Gallade
|faint|p1a: Gallade
|move|p2a: Incineroar|Throat Chop|p1b: Farigiraf
|-supereffective|p1b: Farigiraf|1
|-damage|p1b: Farigiraf|11/100
|-start|p1b: Farigiraf|Throat Chop|[silent]
|
|-weather|Sandstorm|[upkeep]
|-damage|p2b: Sinistcha|86/100|[from] Sandstorm
|-damage|p2a: Incineroar|44/100|[from] Sandstorm
|-damage|p1b: Farigiraf|4/100|[from] Sandstorm
|upkeep
|
|t:|1782344822
|switch|p1a: Scrafty|Scrafty-Mega, L50, F|82/100
|-ability|p1a: Scrafty|Intimidate|boost
|-unboost|p2a: Incineroar|atk|1
|-unboost|p2b: Sinistcha|atk|1
|turn|7
|
|t:|1782344836
|switch|p1b: Torkoal|Torkoal, L50, F|77/100
|-weather|SunnyDay|[from] ability: Drought|[of] p1b: Torkoal
|move|p2b: Sinistcha|Matcha Gotcha|p1b: Torkoal|[spread] p1a,p1b
|-resisted|p1b: Torkoal|1
|-damage|p1a: Scrafty|64/100
|-heal|p2b: Sinistcha|95/100|[from] drain|[of] p1a: Scrafty
|-damage|p1b: Torkoal|62/100
|-heal|p2b: Sinistcha|100/100|[from] drain|[of] p1b: Torkoal
|move|p2a: Incineroar|Throat Chop|p1b: Torkoal
|-damage|p1b: Torkoal|41/100
|-start|p1b: Torkoal|Throat Chop|[silent]
|move|p1a: Scrafty|Knock Off|p2b: Sinistcha
|-supereffective|p2b: Sinistcha|1
|-damage|p2b: Sinistcha|16/100
|-enditem|p2b: Sinistcha|Sitrus Berry|[from] move: Knock Off|[of] p1a: Scrafty
|
|-weather|SunnyDay|[upkeep]
|upkeep
|turn|8
|inactive|Mr James Freak has 30 seconds left.
|
|t:|1782344865
|move|p2b: Sinistcha|Life Dew|p2b: Sinistcha|[spread] p2a,p2b
|-heal|p2a: Incineroar|69/100
|-heal|p2b: Sinistcha|41/100
|move|p2a: Incineroar|Parting Shot|p1a: Scrafty
|-unboost|p1a: Scrafty|atk|1
|-unboost|p1a: Scrafty|spa|1
|
|t:|1782344872
|switch|p2a: Tyranitar|Tyranitar-Mega, L50, F, shiny|100/100|[from] Parting Shot
|-weather|Sandstorm|[from] ability: Sand Stream|[of] p2a: Tyranitar
|move|p1a: Scrafty|Close Combat|p2a: Tyranitar
|-supereffective|p2a: Tyranitar|2
|-damage|p2a: Tyranitar|0 fnt
|-unboost|p1a: Scrafty|def|1
|-unboost|p1a: Scrafty|spd|1
|faint|p2a: Tyranitar
|move|p1b: Torkoal|Weather Ball|p2b: Sinistcha
|-damage|p2b: Sinistcha|14/100
|
|-weather|Sandstorm|[upkeep]
|-damage|p2b: Sinistcha|8/100|[from] Sandstorm
|-damage|p1a: Scrafty|58/100|[from] Sandstorm
|-damage|p1b: Torkoal|35/100|[from] Sandstorm
|-end|p1b: Torkoal|Throat Chop|[silent]
|upkeep
|
|t:|1782344883
|switch|p2a: Incineroar|Incineroar, L50, M, shiny|69/100
|-ability|p2a: Incineroar|Intimidate|boost
|-unboost|p1a: Scrafty|atk|1
|-unboost|p1b: Torkoal|atk|1
|turn|9
|
|t:|1782344893
|switch|p2b: Garchomp|Garchomp, L50, F, shiny|100/100
|switch|p1a: Farigiraf|Farigiraf, L50, M|4/100
|move|p2a: Incineroar|Flare Blitz|p1a: Farigiraf
|-damage|p1a: Farigiraf|0 fnt
|faint|p1a: Farigiraf
|-damage|p2a: Incineroar|67/100|[from] Recoil
|move|p1b: Torkoal|Weather Ball|p2b: Garchomp
|-resisted|p2b: Garchomp|1
|-damage|p2b: Garchomp|85/100
|
|-weather|Sandstorm|[upkeep]
|-damage|p2a: Incineroar|61/100|[from] Sandstorm
|-damage|p1b: Torkoal|29/100|[from] Sandstorm
|upkeep
|
|t:|1782344896
|switch|p1a: Scrafty|Scrafty-Mega, L50, F|58/100
|-ability|p1a: Scrafty|Intimidate|boost
|-unboost|p2a: Incineroar|atk|1
|-unboost|p2b: Garchomp|atk|1
|turn|10
|
|t:|1782344913
|switch|p2b: Sinistcha|Sinistcha-Masterpiece, L50|8/100
|-heal|p2a: Incineroar|86/100|[from] ability: Hospitality|[of] p2b: Sinistcha
|move|p2a: Incineroar|Parting Shot|p1a: Scrafty
|-unboost|p1a: Scrafty|atk|1
|-unboost|p1a: Scrafty|spa|1
|-message|lolgz forfeited.
|
|win|Mr James Freak
|raw|lolgz's rating: 1236 → 1212(-24 for losing)
|raw|Mr James Freak's rating: 1252 → 1276(+24 for winning)
