|j|☆FR45
|j|☆RandomDuVGCFR
|html|FR45RandomDuVGCFR    
|uhtml|bestof|Game 1 of a best-of-3
|t:|1782665508
|gametype|doubles
|player|p1|FR45|ethan|1218
|player|p2|RandomDuVGCFR|170|1344
|gen|9
|tier|[Gen 9 Champions] VGC 2026 Reg M-B (Bo3)
|rated|
|rule|Species Clause: Limit one of each Pokémon
|rule|Item Clause: Limit 1 of each item
|clearpoke
|poke|p1|Charizard, L50, M, shiny|
|poke|p1|Garchomp, L50, M|
|poke|p1|Sneasler, L50, F|
|poke|p1|Mawile, L50, M, shiny|
|poke|p1|Venusaur, L50, F|
|poke|p1|Farigiraf, L50, M|
|poke|p2|Ninetales-Alola, L50, F|
|poke|p2|Blaziken, L50, F|
|poke|p2|Basculegion, L50, M|
|poke|p2|Kingambit, L50, M|
|poke|p2|Sinistcha, L50|
|poke|p2|Sneasler, L50, F|
|teampreview|4
|showteam|p1|Charizard||CharizarditeY|Blaze|HeatWave,SolarBeam,WeatherBall,Protect|Timid||M|||50|]Garchomp||LifeOrb|RoughSkin|DragonClaw,StompingTantrum,RockSlide,Protect|Jolly||M|||50|]Sneasler||WhiteHerb|Unburden|FakeOut,DireClaw,CloseCombat,Protect|Jolly||F|||50|]Mawile||Mawilite|Intimidate|IronHead,SuckerPunch,PlayRough,Protect|Adamant||M|||50|]Venusaur||FocusSash|Chlorophyll|GigaDrain,SludgeBomb,EarthPower,SleepPowder|Modest||F|||50|]Farigiraf||SitrusBerry|ArmorTail|Psychic,Thunderbolt,Roar,TrickRoom|Quiet||M|||50|
|showteam|p2|Ninetales-Alola||NeverMeltIce|SnowWarning|Blizzard,FreezeDry,Encore,Protect|Timid||F|||50|]Blaziken||Blazikenite|SpeedBoost|FlareBlitz,CloseCombat,RockSlide,Protect|Adamant||F|||50|]Basculegion||LifeOrb|Adaptability|WaveCrash,LastRespects,AquaJet,Protect|Adamant||M|||50|]Kingambit||BlackGlasses|Defiant|SuckerPunch,KowtowCleave,IronHead,Protect|Adamant||M|||50|]Sinistcha||CobaBerry|Hospitality|MatchaGotcha,RagePowder,TrickRoom,Protect|Bold|||||50|]Sneasler||FocusSash|Unburden|FakeOut,DireClaw,CloseCombat,Protect|Naughty||F|||50|
|inactive|Battle timer is ON: inactive players will automatically lose when time's up. (requested by FR45)
|j| LyssanTM
|inactive|FR45 has 60 seconds left.
|
|t:|1782665554
|teamsize|p1|4
|teamsize|p2|4
|start
|switch|p1a: Charizard|Charizard, L50, M, shiny|100/100
|switch|p1b: Sneasler|Sneasler, L50, F|100/100
|switch|p2a: Kingambit|Kingambit, L50, M|100/100
|switch|p2b: Blaziken|Blaziken, L50, F|100/100
|turn|1
|l| LyssanTM
|inactive|FR45 has 30 seconds left.
|
|t:|1782665582
|detailschange|p1a: Charizard|Charizard-Mega-Y, L50, M, shiny
|-mega|p1a: Charizard|Charizard|Charizardite Y
|-weather|SunnyDay|[from] ability: Drought|[of] p1a: Charizard
|detailschange|p2b: Blaziken|Blaziken-Mega, L50, F
|-mega|p2b: Blaziken|Blaziken|Blazikenite
|move|p2b: Blaziken|Protect|p2b: Blaziken
|-singleturn|p2b: Blaziken|Protect
|move|p2a: Kingambit|Protect|p2a: Kingambit
|-singleturn|p2a: Kingambit|Protect
|move|p1b: Sneasler|Fake Out|p2b: Blaziken
|-activate|p2b: Blaziken|move: Protect
|move|p1a: Charizard|Heat Wave|p2a: Kingambit|[spread] 
|-activate|p2a: Kingambit|move: Protect
|-activate|p2b: Blaziken|move: Protect
|
|-weather|SunnyDay|[upkeep]
|-ability|p2b: Blaziken|Speed Boost|boost
|-boost|p2b: Blaziken|spe|1
|upkeep
|turn|2
|
|t:|1782665603
|switch|p1a: Farigiraf|Farigiraf, L50, M|100/100
|switch|p2a: Basculegion|Basculegion, L50, M|100/100
|move|p2b: Blaziken|Rock Slide|p1a: Farigiraf|[spread] p1a,p1b
|-resisted|p1b: Sneasler|1
|-damage|p1a: Farigiraf|78/100
|-damage|p1b: Sneasler|79/100
|cant|p1b: Sneasler|flinch
|
|-weather|SunnyDay|[upkeep]
|-ability|p2b: Blaziken|Speed Boost|boost
|-boost|p2b: Blaziken|spe|1
|upkeep
|turn|3
|
|t:|1782665623
|move|p2b: Blaziken|Flare Blitz|p1a: Farigiraf
|-damage|p1a: Farigiraf|0 fnt
|faint|p1a: Farigiraf
|-damage|p2b: Blaziken|64/100|[from] Recoil
|move|p1b: Sneasler|Dire Claw|p2a: Basculegion
|-resisted|p2a: Basculegion|1
|-damage|p2a: Basculegion|77/100
|-status|p2a: Basculegion|psn
|move|p2a: Basculegion|Wave Crash|p1b: Sneasler
|-damage|p1b: Sneasler|0 fnt
|faint|p1b: Sneasler
|-damage|p2a: Basculegion|55/100 psn|[from] Recoil
|-damage|p2a: Basculegion|45/100 psn|[from] item: Life Orb
|
|-weather|SunnyDay|[upkeep]
|-damage|p2a: Basculegion|33/100 psn|[from] psn
|-ability|p2b: Blaziken|Speed Boost|boost
|-boost|p2b: Blaziken|spe|1
|upkeep
|
|t:|1782665641
|switch|p1b: Charizard|Charizard-Mega-Y, L50, M, shiny|100/100
|switch|p1a: Venusaur|Venusaur, L50, F|100/100
|turn|4
|
|t:|1782665664
|move|p2b: Blaziken|Protect|p2b: Blaziken
|-singleturn|p2b: Blaziken|Protect
|move|p2a: Basculegion|Aqua Jet|p1a: Venusaur
|-resisted|p1a: Venusaur|1
|-damage|p1a: Venusaur|89/100
|-damage|p2a: Basculegion|24/100 psn|[from] item: Life Orb
|move|p1a: Venusaur|Earth Power|p2b: Blaziken
|-activate|p2b: Blaziken|move: Protect
|move|p1b: Charizard|Solar Beam||[still]
|-prepare|p1b: Charizard|Solar Beam
|-anim|p1b: Charizard|Solar Beam|p2a: Basculegion
|-supereffective|p2a: Basculegion|1
|-damage|p2a: Basculegion|0 fnt
|faint|p2a: Basculegion
|
|-weather|SunnyDay|[upkeep]
|-ability|p2b: Blaziken|Speed Boost|boost
|-boost|p2b: Blaziken|spe|1
|upkeep
|
|t:|1782665676
|switch|p2a: Ninetales|Ninetales-Alola, L50, F|100/100
|-weather|Snowscape|[from] ability: Snow Warning|[of] p2a: Ninetales
|turn|5
|c|☆RandomDuVGCFR|gg
|
|t:|1782665690
|move|p2b: Blaziken|Flare Blitz|p1a: Venusaur
|-supereffective|p1a: Venusaur|1
|-damage|p1a: Venusaur|0 fnt
|faint|p1a: Venusaur
|-damage|p2b: Blaziken|35/100|[from] Recoil
|move|p2a: Ninetales|Encore|p1b: Charizard
|-start|p1b: Charizard|Encore
|move|p1b: Charizard|Solar Beam||[still]
|-prepare|p1b: Charizard|Solar Beam
|
|-weather|Snowscape|[upkeep]
|-ability|p2b: Blaziken|Speed Boost|boost
|-boost|p2b: Blaziken|spe|1
|upkeep
|turn|6
|
|t:|1782665702
|move|p2b: Blaziken|Rock Slide|p1b: Charizard
|-supereffective|p1b: Charizard|2
|-damage|p1b: Charizard|0 fnt
|faint|p1b: Charizard
|
|win|RandomDuVGCFR
