|j|☆BaldWimpLo
|j|☆Invissiblessed
|html|BaldWimpLoInvissiblessed    
|uhtml|bestof|Game 2 of a best-of-3
|t:|1757707950
|gametype|doubles
|player|p1|BaldWimpLo|170|
|player|p2|Invissiblessed|265|
|gen|9
|tier|[Gen 9] VGC 2025 Reg H (Bo3)
|rule|Species Clause: Limit one of each Pokémon
|rule|Item Clause: Limit 1 of each item
|clearpoke
|poke|p1|Tinkaton, L50, F|
|poke|p1|Hydreigon, L50, M|
|poke|p1|Meowscarada, L50, F|
|poke|p1|Baxcalibur, L50, M|
|poke|p1|Arcanine, L50, M|
|poke|p1|Corviknight, L50, M|
|poke|p2|Hariyama, L50, M|
|poke|p2|Kingambit, L50, F|
|poke|p2|Oranguru, L50, F|
|poke|p2|Skeledirge, L50, M|
|poke|p2|Appletun, L50, F|
|poke|p2|Pawmot, L50, M|
|teampreview|4
|showteam|p1|Tinkaton||CovertCloak|MoldBreaker|FakeOut,HelpingHand,GigatonHammer,ThunderWave|||F|||50|,,,,,Ghost]Hydreigon||SafetyGoggles|Levitate|DracoMeteor,Snarl,Protect,Tailwind|||M|||50|,,,,,Ghost]Meowscarada||FocusSash|Overgrow|FlowerTrick,KnockOff,Protect,TripleAxel|||F|||50|,,,,,Ghost]Baxcalibur||LoadedDice|ThermalExchange|Protect,IceShard,IcicleSpear,ScaleShot|||M|||50|,,,,,Poison]Arcanine||MirrorHerb|Intimidate|WillOWisp,FlareBlitz,ExtremeSpeed,Snarl|||M|||50|,,,,,Normal]Corviknight||SitrusBerry|MirrorArmor|BraveBird,Roost,Tailwind,Taunt|||M|||50|,,,,,Dragon
|showteam|p2|Hariyama||FlameOrb|Guts|WideGuard,FakeOut,KnockOff,CloseCombat|||M|||50|,,,,,Dark]Kingambit||BlackGlasses|SupremeOverlord|Protect,KowtowCleave,SwordsDance,SuckerPunch|||F|||50|,,,,,Dark]Oranguru||MentalHerb|InnerFocus|Protect,PsychicNoise,Instruct,TrickRoom|||F|||50|,,,,,Grass]Skeledirge||ThroatSpray|Unaware|TorchSong,ShadowBall,TeraBlast,Protect|||M|||50|,,,,,Water]Appletun||SitrusBerry|Ripen|BodyPress,IronDefense,LeechSeed,Recover|||F|||50|,,,,,Water]Pawmot||FocusSash|NaturalCure|FakeOut,DoubleShock,CloseCombat,Protect|||M|||50|,,,,,Electric
|
|t:|1757708004
|teamsize|p1|4
|teamsize|p2|4
|start
|switch|p1a: Arcanine|Arcanine, L50, M|100/100
|switch|p1b: Baxcalibur|Baxcalibur, L50, M|100/100
|switch|p2a: The Biggest|Hariyama, L50, M, shiny|100/100
|switch|p2b: Regardless|Oranguru, L50, F, shiny|100/100
|-ability|p1a: Arcanine|Intimidate|boost
|-unboost|p2a: The Biggest|atk|1
|-fail|p2b: Regardless|unboost|Attack|[from] ability: Inner Focus|[of] p2b: Regardless
|turn|1
|
|t:|1757708057
|move|p2a: The Biggest|Fake Out|p1a: Arcanine
|-crit|p1a: Arcanine
|-damage|p1a: Arcanine|76/100
|cant|p1a: Arcanine|flinch
|move|p1b: Baxcalibur|Icicle Spear|p2b: Regardless
|-damage|p2b: Regardless|88/100
|-damage|p2b: Regardless|75/100
|-damage|p2b: Regardless|64/100
|-crit|p2b: Regardless
|-damage|p2b: Regardless|47/100
|-hitcount|p2b: Regardless|4
|move|p2b: Regardless|Trick Room|p2b: Regardless
|-fieldstart|move: Trick Room|[of] p2b: Regardless
|
|-status|p2a: The Biggest|brn|[from] item: Flame Orb
|upkeep
|turn|2
|
|t:|1757708150
|move|p2b: Regardless|Instruct|p2a: The Biggest
|-singleturn|p2a: The Biggest|move: Instruct|[of] p2b: Regardless
|move|p2a: The Biggest|Fake Out||[still]
|-hint|Fake Out only works on your first turn out.
|-fail|p2a: The Biggest
|move|p2a: The Biggest|Close Combat|p1a: Arcanine
|-damage|p1a: Arcanine|0 fnt
|-unboost|p2a: The Biggest|def|1
|-unboost|p2a: The Biggest|spd|1
|faint|p1a: Arcanine
|move|p1b: Baxcalibur|Scale Shot|p2a: The Biggest
|-damage|p2a: The Biggest|80/100 brn
|-damage|p2a: The Biggest|57/100 brn
|-damage|p2a: The Biggest|35/100 brn
|-damage|p2a: The Biggest|12/100 brn
|-damage|p2a: The Biggest|0 fnt
|faint|p2a: The Biggest
|-hitcount|p2: The Biggest|5
|-unboost|p1b: Baxcalibur|def|1
|-boost|p1b: Baxcalibur|spe|1
|
|upkeep
|
|t:|1757708173
|switch|p2a: Pawmot|Pawmot, L50, M|100/100
|switch|p1a: Tinkaton|Tinkaton, L50, F|100/100
|-ability|p1a: Tinkaton|Mold Breaker
|turn|3
|
|t:|1757708225
|move|p1a: Tinkaton|Fake Out|p2a: Pawmot
|-damage|p2a: Pawmot|88/100
|move|p2b: Regardless|Psychic Noise|p1a: Tinkaton
|-resisted|p1a: Tinkaton
|-damage|p1a: Tinkaton|91/100
|cant|p2a: Pawmot|flinch
|move|p1b: Baxcalibur|Icicle Spear|p2a: Pawmot
|-damage|p2a: Pawmot|65/100
|-damage|p2a: Pawmot|42/100
|-damage|p2a: Pawmot|15/100
|-damage|p2a: Pawmot|0 fnt
|faint|p2a: Pawmot
|-hitcount|p2: Pawmot|4
|
|upkeep
|
|t:|1757708240
|switch|p2a: The Largest|Kingambit, L50, F|100/100
|-activate|p2a: The Largest|ability: Supreme Overlord
|-start|p2a: The Largest|fallen2|[silent]
|turn|4
|
|t:|1757708309
|-terastallize|p2a: The Largest|Dark
|move|p2b: Regardless|Protect|p2b: Regardless
|-singleturn|p2b: Regardless|Protect
|move|p1b: Baxcalibur|Protect|p1b: Baxcalibur
|-singleturn|p1b: Baxcalibur|Protect
|move|p2a: The Largest|Sucker Punch||[still]
|-fail|p2a: The Largest
|move|p1a: Tinkaton|Gigaton Hammer|p2b: Regardless
|-activate|p2b: Regardless|move: Protect
|
|upkeep
|turn|5
|
|t:|1757708350
|move|p2a: The Largest|Kowtow Cleave|p1b: Baxcalibur
|-crit|p1b: Baxcalibur
|-damage|p1b: Baxcalibur|0 fnt
|faint|p1b: Baxcalibur
|move|p2b: Regardless|Instruct|p1a: Tinkaton
|-singleturn|p1a: Tinkaton|move: Instruct|[of] p2b: Regardless
|move|p1a: Tinkaton|Gigaton Hammer|p2b: Regardless
|-damage|p2b: Regardless|10/100
|-hint|Some effects can force a Pokemon to use Gigaton Hammer again in a row.
|move|p1a: Tinkaton|Thunder Wave|p2a: The Largest
|-status|p2a: The Largest|par
|
|-fieldend|move: Trick Room
|upkeep
|
|t:|1757708362
|switch|p1b: Meowscarada|Meowscarada, L50, F|100/100
|turn|6
|
|t:|1757708393
|move|p1a: Tinkaton|Helping Hand|p1b: Meowscarada
|-singleturn|p1b: Meowscarada|Helping Hand|[of] p1a: Tinkaton
|move|p2b: Regardless|Protect|p2b: Regardless
|-singleturn|p2b: Regardless|Protect
|move|p1b: Meowscarada|Flower Trick|p2a: The Largest
|-crit|p2a: The Largest
|-damage|p2a: The Largest|45/100 par
|cant|p2a: The Largest|par
|
|upkeep
|turn|7
|
|t:|1757708422
|move|p2a: The Largest|Protect|p2a: The Largest
|-singleturn|p2a: The Largest|Protect
|move|p1b: Meowscarada|Flower Trick|p2b: Regardless
|-crit|p2b: Regardless
|-damage|p2b: Regardless|0 fnt
|faint|p2b: Regardless
|move|p1a: Tinkaton|Gigaton Hammer|p2a: The Largest
|-activate|p2a: The Largest|move: Protect
|
|upkeep
|turn|8
|
|t:|1757708433
|move|p1a: Tinkaton|Helping Hand|p1b: Meowscarada
|-singleturn|p1b: Meowscarada|Helping Hand|[of] p1a: Tinkaton
|move|p2a: The Largest|Sucker Punch|p1b: Meowscarada
|-resisted|p1b: Meowscarada
|-damage|p1b: Meowscarada|33/100
|move|p1b: Meowscarada|Flower Trick|p2a: The Largest
|-crit|p2a: The Largest
|-damage|p2a: The Largest|0 fnt
|faint|p2a: The Largest
|-end|p2a: The Largest|fallen2|[silent]
|
|win|BaldWimpLo
|inactive|BaldWimpLo has 30 seconds to confirm battle start!
|inactive|Invissiblessed has 30 seconds to confirm battle start!
||BaldWimpLo is ready for game 3.
||Invissiblessed is ready for game 3.
|uhtml|next|Next: Game 3 of 3
