|j|☆toxiccroc12
|j|☆Ba2_nana
|html|toxiccroc12Ba2_nana    
|uhtml|bestof|Game 2 of a best-of-3
|t:|1783884587
|gametype|doubles
|player|p1|toxiccroc12|2|1135
|player|p2|Ba2_nana|265|1045
|gen|9
|tier|[Gen 9 Champions] VGC 2026 Reg M-B (Bo3)
|rated|
|rule|Species Clause: Limit one of each Pokémon
|rule|Item Clause: Limit 1 of each item
|clearpoke
|poke|p1|Floette-Eternal, L50, F|
|poke|p1|Incineroar, L50, M|
|poke|p1|Sinistcha, L50|
|poke|p1|Delphox, L50, F|
|poke|p1|Sneasler, L50, M|
|poke|p1|Kingambit, L50, M|
|poke|p2|Delphox, L50, F|
|poke|p2|Hydreigon, L50, M|
|poke|p2|Sinistcha, L50|
|poke|p2|Sneasler, L50, M|
|poke|p2|Mawile, L50, F|
|poke|p2|Incineroar, L50, F|
|teampreview|4
|showteam|p1|Floette-Eternal||Floettite|FlowerVeil|DazzlingGleam,DrainingKiss,CalmMind,Protect|Modest||F|||50|]Incineroar||SitrusBerry|Intimidate|FlareBlitz,FakeOut,PartingShot,HelpingHand|Impish||M|||50|]Sinistcha||OccaBerry|Hospitality|MatchaGotcha,RagePowder,TrickRoom,Protect|Relaxed|||||50|]Delphox||Delphoxite|Blaze|HeatWave,Psyshock,NastyPlot,Protect|Timid||F|||50|]Sneasler||FocusSash|PoisonTouch|PoisonJab,CloseCombat,FakeOut,QuickGuard|Jolly||M|||50|]Kingambit||BlackGlasses|Defiant|KowtowCleave,SuckerPunch,SwordsDance,Protect|Adamant||M|||50|
|showteam|p2|Delphox||Delphoxite|Blaze|NastyPlot,HeatWave,Psychic,Protect|Timid||F|||50|]Hydreigon||LifeOrb|Levitate|DracoMeteor,DarkPulse,EarthPower,Protect|Timid||M|||50|]Sinistcha||KasibBerry|Hospitality|MatchaGotcha,RagePowder,TrickRoom,Protect|Relaxed|||||50|]Sneasler||WhiteHerb|Unburden|FakeOut,CloseCombat,GunkShot,QuickGuard|Adamant||M|||50|]Mawile||Mawilite|Intimidate|SwordsDance,PlayRough,SuckerPunch,Protect|Adamant||F|||50|]Incineroar||SitrusBerry|Intimidate|FakeOut,ThroatChop,FlareBlitz,PartingShot|Adamant||F|||50|
|inactive|Battle timer is ON: inactive players will automatically lose when time's up. (requested by Ba2_nana)
|
|t:|1783884631
|teamsize|p1|4
|teamsize|p2|4
|start
|switch|p1a: Delphox|Delphox, L50, F|100/100
|switch|p1b: Kingambit|Kingambit, L50, M|100/100
|switch|p2a: Delphox|Delphox, L50, F|100/100
|switch|p2b: Sneasler|Sneasler, L50, M|100/100
|turn|1
|inactive|toxiccroc12 has 30 seconds left.
|inactive|Ba2_nana has 30 seconds left.
|inactive|toxiccroc12 has 20 seconds left.
|inactive|toxiccroc12 has 15 seconds left.
|inactive|Ba2_nana has 20 seconds left.
|inactive|toxiccroc12 has 10 seconds left.
|inactive|Ba2_nana has 15 seconds left.
|inactive|toxiccroc12 has 5 seconds left.
|inactive|Ba2_nana has 10 seconds left.
|inactive|Ba2_nana has 5 seconds left.
|
|t:|1783884686
|switch|p2a: Hydreigon|Hydreigon, L50, M|100/100
|move|p2b: Sneasler|Fake Out|p1a: Delphox
|-damage|p1a: Delphox|79/100
|cant|p1a: Delphox|flinch
|move|p1b: Kingambit|Kowtow Cleave|p2b: Sneasler
|-resisted|p2b: Sneasler|1
|-damage|p2b: Sneasler|48/100
|
|upkeep
|turn|2
|inactive|toxiccroc12 has 30 seconds left.
|inactive|toxiccroc12 has 20 seconds left.
|inactive|toxiccroc12 has 15 seconds left.
|inactive|toxiccroc12 has 10 seconds left.
|
|t:|1783884733
|switch|p1a: Incineroar|Incineroar, L50, M|100/100
|-ability|p1a: Incineroar|Intimidate|boost
|-unboost|p2a: Hydreigon|atk|1
|-unboost|p2b: Sneasler|atk|1
|-enditem|p2b: Sneasler|White Herb
|-clearnegativeboost|p2b: Sneasler|[silent]
|switch|p1b: Sinistcha|Sinistcha, L50|100/100
|move|p2b: Sneasler|Close Combat|p1b: Sinistcha
|-immune|p1b: Sinistcha
|move|p2a: Hydreigon|Dark Pulse|p1a: Incineroar
|-resisted|p1a: Incineroar|1
|-damage|p1a: Incineroar|76/100
|-damage|p2a: Hydreigon|90/100|[from] item: Life Orb
|
|upkeep
|turn|3
|c|☆Ba2_nana|wow
|c|☆Ba2_nana|well played
|inactive|toxiccroc12 has 30 seconds left.
|inactive|Ba2_nana has 30 seconds left.
|inactive|toxiccroc12 has 20 seconds left.
|inactive|Ba2_nana has 20 seconds left.
|inactive|toxiccroc12 has 15 seconds left.
|inactive|Ba2_nana has 15 seconds left.
|inactive|toxiccroc12 has 10 seconds left.
|inactive|Ba2_nana has 10 seconds left.
|
|t:|1783884782
|switch|p2b: Delphox|Delphox, L50, F|100/100
|switch|p2a: Sinistcha|Sinistcha, L50|100/100
|move|p1a: Incineroar|Fake Out|p2a: Sinistcha
|-immune|p2a: Sinistcha
|move|p1b: Sinistcha|Matcha Gotcha|p2b: Delphox|[spread] p2a,p2b
|-resisted|p2a: Sinistcha|1
|-resisted|p2b: Delphox|1
|-damage|p2a: Sinistcha|86/100
|-damage|p2b: Delphox|86/100
|
|upkeep
|turn|4
|inactive|toxiccroc12 has 30 seconds left.
|inactive|Ba2_nana has 30 seconds left.
|
|t:|1783884814
|switch|p2a: Hydreigon|Hydreigon, L50, M|90/100
|detailschange|p2b: Delphox|Delphox-Mega, L50, F
|-mega|p2b: Delphox|Delphox|Delphoxite
|move|p2b: Delphox|Nasty Plot|p2b: Delphox
|-boost|p2b: Delphox|spa|2
|move|p1a: Incineroar|Parting Shot|p2b: Delphox
|-unboost|p2b: Delphox|atk|1
|-unboost|p2b: Delphox|spa|1
|
|t:|1783884823
|switch|p1a: Kingambit|Kingambit, L50, M|100/100|[from] Parting Shot
|move|p1b: Sinistcha|Trick Room|p1b: Sinistcha
|-fieldstart|move: Trick Room|[of] p1b: Sinistcha
|
|upkeep
|turn|5
|inactive|toxiccroc12 has 30 seconds left.
|
|t:|1783884854
|switch|p1b: Incineroar|Incineroar, L50, M|76/100
|-ability|p1b: Incineroar|Intimidate|boost
|-unboost|p2a: Hydreigon|atk|1
|-unboost|p2b: Delphox|atk|1
|move|p2b: Delphox|Protect|p2b: Delphox
|-singleturn|p2b: Delphox|Protect
|move|p1a: Kingambit|Kowtow Cleave|p2b: Delphox
|-activate|p2b: Delphox|move: Protect
|move|p2a: Hydreigon|Earth Power|p1a: Kingambit
|-supereffective|p1a: Kingambit|1
|-damage|p1a: Kingambit|15/100
|-damage|p2a: Hydreigon|81/100|[from] item: Life Orb
|
|upkeep
|turn|6
|inactive|toxiccroc12 has 30 seconds left.
|inactive|toxiccroc12 has 20 seconds left.
|inactive|toxiccroc12 has 15 seconds left.
|inactive|toxiccroc12 has 10 seconds left.
|
|t:|1783884899
|switch|p2b: Sneasler|Sneasler, L50, M|48/100
|move|p2a: Hydreigon|Protect|p2a: Hydreigon
|-singleturn|p2a: Hydreigon|Protect
|move|p1b: Incineroar|Fake Out|p2a: Hydreigon
|-activate|p2a: Hydreigon|move: Protect
|move|p1a: Kingambit|Swords Dance|p1a: Kingambit
|-boost|p1a: Kingambit|atk|2
|
|upkeep
|turn|7
|inactive|toxiccroc12 has 30 seconds left.
|
|t:|1783884926
|switch|p1b: Sinistcha|Sinistcha, L50|100/100
|-heal|p1a: Kingambit|40/100|[from] ability: Hospitality|[of] p1b: Sinistcha
|move|p1a: Kingambit|Protect|p1a: Kingambit
|-singleturn|p1a: Kingambit|Protect
|move|p2b: Sneasler|Fake Out|p1a: Kingambit
|-activate|p1a: Kingambit|move: Protect
|move|p2a: Hydreigon|Earth Power|p1b: Sinistcha
|-resisted|p1b: Sinistcha|1
|-damage|p1b: Sinistcha|78/100
|-damage|p2a: Hydreigon|71/100|[from] item: Life Orb
|
|upkeep
|turn|8
|inactive|toxiccroc12 has 30 seconds left.
|inactive|Ba2_nana has 30 seconds left.
|inactive|toxiccroc12 has 20 seconds left.
|inactive|toxiccroc12 has 15 seconds left.
|inactive|toxiccroc12 has 10 seconds left.
|
|t:|1783884972
|switch|p2b: Sinistcha|Sinistcha, L50|86/100
|-heal|p2a: Hydreigon|96/100|[from] ability: Hospitality|[of] p2b: Sinistcha
|move|p1b: Sinistcha|Protect|p1b: Sinistcha
|-singleturn|p1b: Sinistcha|Protect
|move|p1a: Kingambit|Kowtow Cleave|p2b: Sinistcha
|-supereffective|p2b: Sinistcha|1
|-damage|p2b: Sinistcha|0 fnt
|faint|p2b: Sinistcha
|move|p2a: Hydreigon|Dark Pulse|p1b: Sinistcha
|-activate|p1b: Sinistcha|move: Protect
|
|-fieldend|move: Trick Room
|upkeep
|
|t:|1783884986
|switch|p2b: Delphox|Delphox-Mega, L50, F|86/100
|turn|9
|inactive|toxiccroc12 has 30 seconds left.
|inactive|toxiccroc12 has 20 seconds left.
|inactive|toxiccroc12 has 15 seconds left.
|inactive|toxiccroc12 has 10 seconds left.
|inactive|toxiccroc12 has 5 seconds left.
|
|t:|1783885040
|move|p1a: Kingambit|Protect|p1a: Kingambit
|-singleturn|p1a: Kingambit|Protect
|move|p2b: Delphox|Nasty Plot|p2b: Delphox
|-boost|p2b: Delphox|spa|2
|move|p2a: Hydreigon|Dark Pulse|p1b: Sinistcha
|-supereffective|p1b: Sinistcha|1
|-damage|p1b: Sinistcha|0 fnt
|faint|p1b: Sinistcha
|-damage|p2a: Hydreigon|86/100|[from] item: Life Orb
|
|upkeep
|
|t:|1783885051
|switch|p1b: Incineroar|Incineroar, L50, M|76/100
|-ability|p1b: Incineroar|Intimidate|boost
|-unboost|p2a: Hydreigon|atk|1
|-unboost|p2b: Delphox|atk|1
|turn|10
|inactive|toxiccroc12 has 30 seconds left.
|inactive|toxiccroc12 has 20 seconds left.
|inactive|toxiccroc12 has 15 seconds left.
|
|t:|1783885074
|switch|p2a: Sneasler|Sneasler, L50, M|48/100
|move|p2b: Delphox|Protect|p2b: Delphox
|-singleturn|p2b: Delphox|Protect
|move|p1b: Incineroar|Fake Out|p2a: Sneasler
|-damage|p2a: Sneasler|31/100
|move|p1a: Kingambit|Kowtow Cleave|p2a: Sneasler
|-resisted|p2a: Sneasler|1
|-damage|p2a: Sneasler|0 fnt
|faint|p2a: Sneasler
|
|upkeep
|
|t:|1783885084
|switch|p2a: Hydreigon|Hydreigon, L50, M|86/100
|turn|11
|inactive|toxiccroc12 has 15 seconds left this turn.
|inactive|toxiccroc12 has 10 seconds left.
|inactive|toxiccroc12 has 5 seconds left.
|
|t:|1783885101
|move|p1a: Kingambit|Sucker Punch||[still]
|-fail|p1a: Kingambit
|move|p2b: Delphox|Nasty Plot|p2b: Delphox
|-boost|p2b: Delphox|spa|2
|move|p2a: Hydreigon|Earth Power|p1a: Kingambit
|-supereffective|p1a: Kingambit|1
|-damage|p1a: Kingambit|0 fnt
|faint|p1a: Kingambit
|-damage|p2a: Hydreigon|77/100|[from] item: Life Orb
|move|p1b: Incineroar|Parting Shot|p2a: Hydreigon
|-unboost|p2a: Hydreigon|atk|1
|-unboost|p2a: Hydreigon|spa|1
|inactive|toxiccroc12 has 5 seconds left this turn.
|-message|toxiccroc12 lost due to inactivity.
|
|win|Ba2_nana
|raw|toxiccroc12's rating: 1135 → 1104(-31 for losing)
|raw|Ba2_nana's rating: 1045 → 1087(+42 for winning)
|c|☆toxiccroc12|wait what
|c|☆toxiccroc12|oh timer
|c|☆Ba2_nana|ya
|c|☆Ba2_nana|ggs
|c|☆toxiccroc12|gg
