|j|☆santicifupe
|j|☆PuniHina
|html|santicifupePuniHina    
|uhtml|bestof|Game 2 of a best-of-3
|t:|1783316851
|gametype|doubles
|player|p1|santicifupe|iris-gen5bw2|1130
|player|p2|PuniHina|lacey|1137
|gen|9
|tier|[Gen 9 Champions] VGC 2026 Reg M-B (Bo3)
|rated|
|rule|Species Clause: Limit one of each Pokémon
|rule|Item Clause: Limit 1 of each item
|clearpoke
|poke|p1|Milotic, L50, F, shiny|
|poke|p1|Incineroar, L50, F|
|poke|p1|Sinistcha-Masterpiece, L50, shiny|
|poke|p1|Floette-Eternal, L50, F, shiny|
|poke|p1|Sneasler, L50, F, shiny|
|poke|p1|Blaziken, L50, M|
|poke|p2|Meganium, L50, M, shiny|
|poke|p2|Altaria, L50, F|
|poke|p2|Incineroar, L50, F|
|poke|p2|Scizor, L50, F|
|poke|p2|Basculegion, L50, M|
|poke|p2|Garchomp, L50, F|
|teampreview|4
|showteam|p1|Milotic||Leftovers|Competitive|MuddyWater,Recover,Hypnosis,Coil|Calm||F|||50|]Incineroar||SitrusBerry|Intimidate|FakeOut,FlareBlitz,ThroatChop,PartingShot|Careful||F|||50|]Sinistcha-Masterpiece||KasibBerry|Hospitality|MatchaGotcha,Protect,TrickRoom,RagePowder|Bold|||||50|]Floette-Eternal||Floettite|FlowerVeil|CalmMind,Protect,DrainingKiss,Moonblast|Modest||F|||50|]Sneasler||FocusSash|PoisonTouch|FakeOut,Protect,DireClaw,CloseCombat|Jolly||F|||50|]Blaziken||Blazikenite|SpeedBoost|RockSlide,SwordsDance,Protect,CloseCombat|Adamant||M|||50|
|showteam|p2|Meganium||Meganiumite|LeafGuard|SolarBeam,DazzlingGleam,Protect,WeatherBall|Modest||M|||50|]Altaria||RoseliBerry|CloudNine|BraveBird,Roost,Tailwind,WillOWisp|Impish||F|||50|]Incineroar||PasshoBerry|Intimidate|FakeOut,ThroatChop,FlareBlitz,PartingShot|Careful||F|||50|]Scizor||Scizorite|Technician|BulletPunch,BugBite,Protect,SwordsDance|Adamant||F|||50|]Basculegion||SitrusBerry|Adaptability|WaveCrash,LastRespects,AquaJet,Protect|Adamant||M|||50|]Garchomp||LifeOrb|RoughSkin|StompingTantrum,DragonClaw,RockSlide,Protect|Jolly||F|||50|
|inactive|Battle timer is ON: inactive players will automatically lose when time's up. (requested by santicifupe)
|
|t:|1783316879
|teamsize|p1|4
|teamsize|p2|4
|start
|switch|p1a: wolfe's nigthmare|Incineroar, L50, F|100/100
|switch|p1b: hypnosis|Milotic, L50, F, shiny|100/100
|switch|p2a: Incineroar|Incineroar, L50, F|100/100
|switch|p2b: Scizor|Scizor, L50, F|100/100
|-ability|p2a: Incineroar|Intimidate|boost
|-unboost|p1a: wolfe's nigthmare|atk|1
|-unboost|p1b: hypnosis|atk|1
|-ability|p1b: hypnosis|Competitive|boost
|-boost|p1b: hypnosis|spa|2
|-ability|p1a: wolfe's nigthmare|Intimidate|boost
|-unboost|p2a: Incineroar|atk|1
|-unboost|p2b: Scizor|atk|1
|turn|1
|
|t:|1783316895
|detailschange|p2b: Scizor|Scizor-Mega, L50, F
|-mega|p2b: Scizor|Scizor|Scizorite
|move|p2a: Incineroar|Fake Out|p1a: wolfe's nigthmare
|-damage|p1a: wolfe's nigthmare|93/100
|cant|p1a: wolfe's nigthmare|flinch
|move|p1b: hypnosis|Coil|p1b: hypnosis
|-boost|p1b: hypnosis|atk|1
|-boost|p1b: hypnosis|def|1
|-boost|p1b: hypnosis|accuracy|1
|move|p2b: Scizor|Swords Dance|p2b: Scizor
|-boost|p2b: Scizor|atk|2
|
|upkeep
|turn|2
|
|t:|1783316911
|move|p2b: Scizor|Protect|p2b: Scizor
|-singleturn|p2b: Scizor|Protect
|move|p1b: hypnosis|Coil|p1b: hypnosis
|-boost|p1b: hypnosis|atk|1
|-boost|p1b: hypnosis|def|1
|-boost|p1b: hypnosis|accuracy|1
|move|p2a: Incineroar|Parting Shot|p1a: wolfe's nigthmare
|-unboost|p1a: wolfe's nigthmare|atk|1
|-unboost|p1a: wolfe's nigthmare|spa|1
|
|t:|1783316921
|switch|p2a: Garchomp|Garchomp, L50, F|100/100|[from] Parting Shot
|move|p1a: wolfe's nigthmare|Flare Blitz|p2b: Scizor
|-activate|p2b: Scizor|move: Protect
|
|upkeep
|turn|3
|
|t:|1783316929
|move|p2a: Garchomp|Stomping Tantrum|p1a: wolfe's nigthmare
|-supereffective|p1a: wolfe's nigthmare|1
|-damage|p1a: wolfe's nigthmare|0 fnt
|faint|p1a: wolfe's nigthmare
|-damage|p2a: Garchomp|90/100|[from] item: Life Orb
|move|p1b: hypnosis|Hypnosis|p2a: Garchomp
|-status|p2a: Garchomp|slp|[from] move: Hypnosis
|move|p2b: Scizor|Bug Bite|p1b: hypnosis
|-damage|p1b: hypnosis|51/100
|
|-heal|p1b: hypnosis|57/100|[from] item: Leftovers
|upkeep
|
|t:|1783316936
|switch|p1a: Sneasler|Sneasler, L50, F, shiny|100/100
|turn|4
|
|t:|1783316943
|move|p2b: Scizor|Protect|p2b: Scizor
|-singleturn|p2b: Scizor|Protect
|move|p1a: Sneasler|Fake Out|p2b: Scizor
|-activate|p2b: Scizor|move: Protect
|cant|p2a: Garchomp|slp
|move|p1b: hypnosis|Coil|p1b: hypnosis
|-boost|p1b: hypnosis|atk|1
|-boost|p1b: hypnosis|def|1
|-boost|p1b: hypnosis|accuracy|1
|
|-heal|p1b: hypnosis|63/100|[from] item: Leftovers
|upkeep
|turn|5
|
|t:|1783316961
|move|p1a: Sneasler|Close Combat|p2b: Scizor
|-damage|p2b: Scizor|47/100
|-unboost|p1a: Sneasler|def|1
|-unboost|p1a: Sneasler|spd|1
|-curestatus|p2a: Garchomp|slp|[msg]
|move|p2a: Garchomp|Dragon Claw|p1b: hypnosis
|-damage|p1b: hypnosis|40/100
|-damage|p2a: Garchomp|80/100|[from] item: Life Orb
|move|p1b: hypnosis|Recover|p1b: hypnosis
|-heal|p1b: hypnosis|90/100
|move|p2b: Scizor|Bug Bite|p1b: hypnosis
|-damage|p1b: hypnosis|57/100
|
|-heal|p1b: hypnosis|63/100|[from] item: Leftovers
|upkeep
|turn|6
|
|t:|1783316979
|move|p2b: Scizor|Protect|p2b: Scizor
|-singleturn|p2b: Scizor|Protect
|move|p1a: Sneasler|Close Combat|p2b: Scizor
|-activate|p2b: Scizor|move: Protect
|move|p2a: Garchomp|Stomping Tantrum|p1a: Sneasler
|-supereffective|p1a: Sneasler|1
|-enditem|p1a: Sneasler|Focus Sash
|-damage|p1a: Sneasler|1/100
|-damage|p2a: Garchomp|70/100|[from] item: Life Orb
|move|p1b: hypnosis|Recover|p1b: hypnosis
|-heal|p1b: hypnosis|100/100
|
|upkeep
|turn|7
|
|t:|1783316994
|move|p2b: Scizor|Bullet Punch|p1a: Sneasler
|-damage|p1a: Sneasler|0 fnt
|faint|p1a: Sneasler
|move|p2a: Garchomp|Rock Slide|p1b: hypnosis
|-damage|p1b: hypnosis|85/100
|-damage|p2a: Garchomp|60/100|[from] item: Life Orb
|cant|p1b: hypnosis|flinch
|
|-heal|p1b: hypnosis|91/100|[from] item: Leftovers
|upkeep
|
|t:|1783317000
|switch|p1a: Blaziken|Blaziken, L50, M|100/100
|turn|8
|
|t:|1783317008
|detailschange|p1a: Blaziken|Blaziken-Mega, L50, M
|-mega|p1a: Blaziken|Blaziken|Blazikenite
|move|p1a: Blaziken|Protect|p1a: Blaziken
|-singleturn|p1a: Blaziken|Protect
|move|p2b: Scizor|Protect|p2b: Scizor
|-singleturn|p2b: Scizor|Protect
|move|p2a: Garchomp|Stomping Tantrum|p1a: Blaziken
|-activate|p1a: Blaziken|move: Protect
|move|p1b: hypnosis|Hypnosis|p2a: Garchomp
|-status|p2a: Garchomp|slp|[from] move: Hypnosis
|
|-heal|p1b: hypnosis|97/100|[from] item: Leftovers
|-ability|p1a: Blaziken|Speed Boost|boost
|-boost|p1a: Blaziken|spe|1
|upkeep
|turn|9
|
|t:|1783317021
|move|p2b: Scizor|Bullet Punch|p1a: Blaziken
|-resisted|p1a: Blaziken|1
|-damage|p1a: Blaziken|68/100
|move|p1a: Blaziken|Swords Dance|p1a: Blaziken
|-boost|p1a: Blaziken|atk|2
|cant|p2a: Garchomp|slp
|move|p1b: hypnosis|Hypnosis|p2b: Scizor
|-status|p2b: Scizor|slp|[from] move: Hypnosis
|
|-heal|p1b: hypnosis|100/100|[from] item: Leftovers
|-ability|p1a: Blaziken|Speed Boost|boost
|-boost|p1a: Blaziken|spe|1
|upkeep
|turn|10
|
|t:|1783317034
|move|p1a: Blaziken|Swords Dance|p1a: Blaziken
|-boost|p1a: Blaziken|atk|2
|cant|p2a: Garchomp|slp
|move|p1b: hypnosis|Coil|p1b: hypnosis
|-boost|p1b: hypnosis|atk|1
|-boost|p1b: hypnosis|def|1
|-boost|p1b: hypnosis|accuracy|1
|cant|p2b: Scizor|slp
|
|-ability|p1a: Blaziken|Speed Boost|boost
|-boost|p1a: Blaziken|spe|1
|upkeep
|turn|11
|
|t:|1783317049
|move|p1a: Blaziken|Protect|p1a: Blaziken
|-singleturn|p1a: Blaziken|Protect
|-curestatus|p2a: Garchomp|slp|[msg]
|move|p2a: Garchomp|Stomping Tantrum|p1a: Blaziken
|-activate|p1a: Blaziken|move: Protect
|move|p1b: hypnosis|Muddy Water|p2a: Garchomp|[spread] p2a,p2b
|-damage|p2a: Garchomp|8/100
|-damage|p2b: Scizor|0 fnt
|faint|p2b: Scizor
|
|-ability|p1a: Blaziken|Speed Boost|boost
|-boost|p1a: Blaziken|spe|1
|upkeep
|
|t:|1783317060
|switch|p2b: Basculegion|Basculegion, L50, M|100/100
|turn|12
|
|t:|1783317068
|move|p2b: Basculegion|Aqua Jet|p1a: Blaziken
|-supereffective|p1a: Blaziken|1
|-damage|p1a: Blaziken|4/100
|move|p1a: Blaziken|Rock Slide|p2a: Garchomp|[spread] p2a,p2b
|-resisted|p2a: Garchomp|1
|-damage|p2a: Garchomp|0 fnt
|-damage|p2b: Basculegion|23/100
|-enditem|p2b: Basculegion|Sitrus Berry|[eat]
|-heal|p2b: Basculegion|48/100|[from] item: Sitrus Berry
|faint|p2a: Garchomp
|move|p1b: hypnosis|Hypnosis|p2b: Basculegion
|-status|p2b: Basculegion|slp|[from] move: Hypnosis
|
|-ability|p1a: Blaziken|Speed Boost|boost
|-boost|p1a: Blaziken|spe|1
|upkeep
|-message|PuniHina forfeited.
|
|win|santicifupe
||PuniHina is ready for game 3.
||santicifupe is ready for game 3.
|uhtml|next|Next: Game 3 of 3
|l|☆santicifupe
|player|p1|
