|j|☆olciax34
|j|☆ossigt
|html|olciax34ossigt    
|uhtml|bestof|Game 2 of a best-of-3
|t:|1756798956
|gametype|doubles
|player|p1|olciax34|clair|1174
|player|p2|ossigt|hilbert-wonderlauncher|1130
|gen|9
|tier|[Gen 9] VGC 2025 Reg H (Bo3)
|rated|
|rule|Species Clause: Limit one of each Pokémon
|rule|Item Clause: Limit 1 of each item
|clearpoke
|poke|p1|Typhlosion-Hisui, L50, M|
|poke|p1|Whimsicott, L50, M|
|poke|p1|Ursaluna-Bloodmoon, L50, M|
|poke|p1|Annihilape, L50, M|
|poke|p1|Ninetales-Alola, L50, F|
|poke|p1|Incineroar, L50, M|
|poke|p2|Kingambit, L50, F|
|poke|p2|Rillaboom, L50, F|
|poke|p2|Electabuzz, L50, M|
|poke|p2|Dragapult, L50, M|
|poke|p2|Volcarona, L50, M|
|poke|p2|Tauros-Paldea-Aqua, L50, M|
|teampreview|4
|showteam|p1|Typhlosion-Hisui||ChoiceSpecs|Blaze|HeatWave,Overheat,Eruption,ShadowBall|||M|||50|,,,,,Fire]Whimsicott||CovertCloak|Prankster|Tailwind,Moonblast,BeatUp,SunnyDay|||M|||50|,,,,,Water]Ursaluna-Bloodmoon||AssaultVest|MindsEye|BloodMoon,HyperVoice,EarthPower,VacuumWave|||M|||50|,,,,,Water]Annihilape||Leftovers|Defiant|DrainPunch,BulkUp,RageFist,Protect|||M|||50|,,,,,Fire]Ninetales-Alola||LightClay|SnowWarning|Blizzard,FreezeDry,Protect,AuroraVeil|||F|||50|,,,,,Ghost]Incineroar||SitrusBerry|Intimidate|KnockOff,FlareBlitz,PartingShot,FakeOut|||M|||50|,,,,,Ghost
|showteam|p2|Kingambit||BlackGlasses|Defiant|Protect,KowtowCleave,SuckerPunch,SwordsDance|||F|||50|,,,,,Dark]Rillaboom||AssaultVest|GrassySurge|WoodHammer,GrassyGlide,Uturn,FakeOut|||F|||50|,,,,,Fire]Electabuzz||Eviolite|VitalSpirit|Protect,Thunderbolt,HelpingHand,FollowMe|||M|||50|,,,,,Ghost]Dragapult||ChoiceBand|ClearBody|DragonDarts,PhantomForce,Outrage,Uturn|||M|||50|,,,,,Ghost]Volcarona||CovertCloak|FlameBody|Protect,HeatWave,GigaDrain,QuiverDance|||M|||50|,,,,,Dragon]Tauros-Paldea-Aqua||MirrorHerb|Intimidate|Protect,WaveCrash,CloseCombat,AquaJet|||M|||50|,,,,,Water
|inactive|Battle timer is ON: inactive players will automatically lose when time's up. (requested by olciax34)
|inactive|ossigt has 60 seconds left.
|
|t:|1756799032
|teamsize|p1|4
|teamsize|p2|4
|start
|switch|p1a: Ninetales|Ninetales-Alola, L50, F|100/100
|switch|p1b: Annihilape|Annihilape, L50, M|100/100
|switch|p2a: Tauros|Tauros-Paldea-Aqua, L50, M|100/100
|switch|p2b: Volcarona|Volcarona, L50, M, shiny|100/100
|-weather|Snowscape|[from] ability: Snow Warning|[of] p1a: Ninetales
|-ability|p2a: Tauros|Intimidate|boost
|-unboost|p1a: Ninetales|atk|1
|-unboost|p1b: Annihilape|atk|1
|-ability|p1b: Annihilape|Defiant|boost
|-boost|p1b: Annihilape|atk|2
|-enditem|p2a: Tauros|Mirror Herb
|-boost|p2a: Tauros|atk|2|[from] item: Mirror Herb
|turn|1
|inactive|olciax34 has 30 seconds left.
|
|t:|1756799066
|-terastallize|p2a: Tauros|Water
|move|p1b: Annihilape|Protect|p1b: Annihilape
|-singleturn|p1b: Annihilape|Protect
|move|p1a: Ninetales|Freeze-Dry|p2a: Tauros
|-supereffective|p2a: Tauros
|-damage|p2a: Tauros|19/100
|-status|p2a: Tauros|frz
|cant|p2a: Tauros|frz
|move|p2b: Volcarona|Quiver Dance|p2b: Volcarona
|-boost|p2b: Volcarona|spa|1
|-boost|p2b: Volcarona|spd|1
|-boost|p2b: Volcarona|spe|1
|
|-weather|Snowscape|[upkeep]
|upkeep
|turn|2
|c|☆ossigt|It's not my day
|inactive|ossigt has 30 seconds left.
|inactive|olciax34 has 30 seconds left.
|
|t:|1756799098
|-terastallize|p1a: Ninetales|Ghost
|move|p2b: Volcarona|Protect|p2b: Volcarona
|-singleturn|p2b: Volcarona|Protect
|move|p1a: Ninetales|Freeze-Dry|p2a: Tauros
|-supereffective|p2a: Tauros
|-damage|p2a: Tauros|0 fnt
|faint|p2a: Tauros
|move|p1b: Annihilape|Rage Fist|p2b: Volcarona
|-activate|p2b: Volcarona|move: Protect
|
|-weather|Snowscape|[upkeep]
|upkeep
|
|t:|1756799118
|switch|p2a: Electabuzz|Electabuzz, L50, M, shiny|100/100
|turn|3
|
|t:|1756799131
|move|p2a: Electabuzz|Follow Me|p2a: Electabuzz
|-singleturn|p2a: Electabuzz|move: Follow Me
|move|p2b: Volcarona|Heat Wave|p1a: Ninetales|[spread] p1a,p1b
|-damage|p1a: Ninetales|32/100
|-damage|p1b: Annihilape|48/100
|-status|p1b: Annihilape|brn
|move|p1a: Ninetales|Aurora Veil|p1a: Ninetales
|-sidestart|p1: olciax34|move: Aurora Veil
|move|p1b: Annihilape|Rage Fist|p2a: Electabuzz
|-damage|p2a: Electabuzz|81/100
|
|-weather|Snowscape|[upkeep]
|-heal|p1b: Annihilape|54/100 brn|[from] item: Leftovers
|-damage|p1b: Annihilape|48/100 brn|[from] brn
|upkeep
|turn|4
|
|t:|1756799152
|move|p2a: Electabuzz|Follow Me|p2a: Electabuzz
|-singleturn|p2a: Electabuzz|move: Follow Me
|move|p2b: Volcarona|Quiver Dance|p2b: Volcarona
|-boost|p2b: Volcarona|spa|1
|-boost|p2b: Volcarona|spd|1
|-boost|p2b: Volcarona|spe|1
|move|p1a: Ninetales|Blizzard|p2b: Volcarona|[spread] p2a,p2b
|-resisted|p2b: Volcarona
|-damage|p2a: Electabuzz|58/100
|-damage|p2b: Volcarona|94/100
|move|p1b: Annihilape|Rage Fist|p2a: Electabuzz
|-damage|p2a: Electabuzz|37/100
|
|-weather|Snowscape|[upkeep]
|-heal|p1b: Annihilape|54/100 brn|[from] item: Leftovers
|-damage|p1b: Annihilape|48/100 brn|[from] brn
|upkeep
|turn|5
|
|t:|1756799173
|switch|p1b: Typhlosion|Typhlosion-Hisui, L50, M|100/100
|move|p2a: Electabuzz|Follow Me|p2a: Electabuzz
|-singleturn|p2a: Electabuzz|move: Follow Me
|move|p2b: Volcarona|Heat Wave|p1a: Ninetales|[spread] p1b
|-miss|p2b: Volcarona|p1a: Ninetales
|-resisted|p1b: Typhlosion
|-damage|p1b: Typhlosion|65/100
|move|p1a: Ninetales|Blizzard|p2b: Volcarona|[spread] p2a,p2b
|-resisted|p2b: Volcarona
|-damage|p2a: Electabuzz|12/100
|-damage|p2b: Volcarona|87/100
|
|-weather|none
|upkeep
|turn|6
|
|t:|1756799195
|move|p2a: Electabuzz|Helping Hand|p2b: Volcarona
|-singleturn|p2b: Volcarona|Helping Hand|[of] p2a: Electabuzz
|move|p1a: Ninetales|Protect|p1a: Ninetales
|-singleturn|p1a: Ninetales|Protect
|move|p2b: Volcarona|Heat Wave|p1b: Typhlosion|[spread] p1b
|-activate|p1a: Ninetales|move: Protect
|-resisted|p1b: Typhlosion
|-damage|p1b: Typhlosion|15/100
|move|p1b: Typhlosion|Heat Wave|p2a: Electabuzz|[spread] p2a,p2b
|-damage|p2a: Electabuzz|0 fnt
|-damage|p2b: Volcarona|53/100
|faint|p2a: Electabuzz
|
|upkeep
|
|t:|1756799207
|switch|p2a: Dragapult|Dragapult, L50, M, shiny|100/100
|turn|7
|
|t:|1756799216
|move|p2b: Volcarona|Giga Drain|p1a: Ninetales
|-damage|p1a: Ninetales|0 fnt
|-heal|p2b: Volcarona|65/100|[from] drain|[of] p1a: Ninetales
|faint|p1a: Ninetales
|move|p2a: Dragapult|Dragon Darts|p1b: Typhlosion
|-damage|p1b: Typhlosion|0 fnt
|faint|p1b: Typhlosion
|
|upkeep
|
|t:|1756799226
|switch|p1a: Annihilape|Annihilape, L50, M|48/100 brn
|switch|p1b: Ursaluna|Ursaluna-Bloodmoon, L50, M|100/100
|turn|8
|inactive|ossigt has 30 seconds left.
|
|t:|1756799260
|move|p2b: Volcarona|Giga Drain|p1b: Ursaluna
|-supereffective|p1b: Ursaluna
|-damage|p1b: Ursaluna|48/100
|-heal|p2b: Volcarona|92/100|[from] drain|[of] p1b: Ursaluna
|move|p2a: Dragapult|Dragon Darts|p1a: Annihilape
|-damage|p1a: Annihilape|25/100 brn
|-anim|p2a: Dragapult|Dragon Darts|p1b: Ursaluna
|-damage|p1b: Ursaluna|27/100
|move|p1a: Annihilape|Rage Fist|p2b: Volcarona
|-damage|p2b: Volcarona|57/100
|move|p1b: Ursaluna|Blood Moon|p2b: Volcarona
|-damage|p2b: Volcarona|19/100
|
|-heal|p1a: Annihilape|31/100 brn|[from] item: Leftovers
|-damage|p1a: Annihilape|25/100 brn|[from] brn
|upkeep
|turn|9
|inactive|olciax34 has 30 seconds left.
|inactive|ossigt has 30 seconds left.
|
|t:|1756799293
|move|p2b: Volcarona|Heat Wave|p1a: Annihilape|[spread] p1a,p1b
|-damage|p1a: Annihilape|0 fnt
|-damage|p1b: Ursaluna|0 fnt
|faint|p1a: Annihilape
|faint|p1b: Ursaluna
|
|win|ossigt
||ossigt is ready for game 3.
|l|☆olciax34
|player|p1|
|inactive|olciax34 has 30 seconds to confirm battle start!
||olciax34 is ready for game 3.
|uhtml|next|Next: Game 3 of 3
