|j|☆Kellogsohne
|j|☆Keith Jones
|html|KellogsohneKeith Jones    
|uhtml|bestof|Game 2 of a best-of-3
|t:|1783855034
|gametype|doubles
|player|p1|Kellogsohne|ethan|1146
|player|p2|Keith Jones|169|1352
|gen|9
|tier|[Gen 9 Champions] VGC 2026 Reg M-B (Bo3)
|rated|
|rule|Species Clause: Limit one of each Pokémon
|rule|Item Clause: Limit 1 of each item
|clearpoke
|poke|p1|Primarina, L50, M|
|poke|p1|Sinistcha, L50|
|poke|p1|Pelipper, L50, M|
|poke|p1|Swampert, L50, M|
|poke|p1|Archaludon, L50, F|
|poke|p1|Sableye, L50, M|
|poke|p2|Kleavor, L50, M|
|poke|p2|Metagross, L50|
|poke|p2|Whimsicott, L50, M|
|poke|p2|Basculegion, L50, M|
|poke|p2|Kingambit, L50, F|
|poke|p2|Floette-Eternal, L50, F|
|teampreview|4
|showteam|p1|Primarina||LifeOrb|LiquidVoice|Moonblast,CalmMind,HyperVoice,Protect|Modest||M|||50|]Sinistcha||SitrusBerry|Hospitality|TrickRoom,RagePowder,MatchaGotcha,Protect|Bold|||||50|]Pelipper||FocusSash|Drizzle|Tailwind,Protect,WeatherBall,Hurricane|Modest||M|||50|]Swampert||Swampertite|Damp|Earthquake,WaveCrash,IcePunch,Protect|Adamant||M|||50|]Archaludon||Leftovers|Stamina|FlashCannon,DragonPulse,ElectroShot,Protect|Calm||F|||50|]Sableye||LightClay|Prankster|RainDance,FakeOut,LightScreen,Reflect|Sassy||M|||50|
|showteam|p2|Kleavor||FocusSash|Sharpness|StoneAxe,XScissor,CloseCombat,Protect|Jolly||M|||50|]Metagross||Metagrossite|ClearBody|IronHead,ThunderPunch,IcePunch,Protect|Jolly|||||50|]Whimsicott||FairyFeather|Prankster|Moonblast,Tailwind,Encore,Protect|Timid||M|||50|]Basculegion||ChoiceScarf|Adaptability|WaveCrash,FlipTurn,AquaJet,LastRespects|Jolly||M|||50|]Kingambit||BlackGlasses|Defiant|KowtowCleave,SuckerPunch,LowKick,Protect|Adamant||F|||50|]Floette-Eternal||Floettite|FlowerVeil|Moonblast,DazzlingGleam,Psychic,Protect|Timid||F|||50|
|
|t:|1783855069
|teamsize|p1|4
|teamsize|p2|4
|start
|switch|p1a: Sableye|Sableye, L50, M|100/100
|switch|p1b: Archaludon|Archaludon, L50, F|100/100
|switch|p2a: Floette|Floette-Eternal, L50, F|100/100
|switch|p2b: Whimsicott|Whimsicott, L50, M|100/100
|turn|1
|
|t:|1783855091
|detailschange|p2a: Floette|Floette-Mega, L50, F
|-mega|p2a: Floette|Floette|Floettite
|-ability|p2a: Floette|Fairy Aura
|move|p1a: Sableye|Light Screen|p1a: Sableye
|-sidestart|p1: Kellogsohne|move: Light Screen
|move|p2b: Whimsicott|Moonblast|p1b: Archaludon
|-damage|p1b: Archaludon|68/100
|-ability|p1b: Archaludon|Stamina|boost
|-boost|p1b: Archaludon|def|1
|move|p2a: Floette|Moonblast|p1a: Sableye
|-supereffective|p1a: Sableye|1
|-damage|p1a: Sableye|0 fnt
|faint|p1a: Sableye
|move|p1b: Archaludon|Flash Cannon|p2b: Whimsicott
|-supereffective|p2b: Whimsicott|1
|-damage|p2b: Whimsicott|0 fnt
|faint|p2b: Whimsicott
|
|-heal|p1b: Archaludon|74/100|[from] item: Leftovers
|upkeep
|
|t:|1783855130
|switch|p2b: Kleavor|Kleavor, L50, M|100/100
|switch|p1a: Sinistcha|Sinistcha, L50|100/100
|-heal|p1b: Archaludon|99/100|[from] ability: Hospitality|[of] p1a: Sinistcha
|turn|2
|
|t:|1783855150
|move|p1b: Archaludon|Protect|p1b: Archaludon
|-singleturn|p1b: Archaludon|Protect
|move|p2a: Floette|Moonblast|p1a: Sinistcha
|-crit|p1a: Sinistcha
|-damage|p1a: Sinistcha|0 fnt
|faint|p1a: Sinistcha
|move|p2b: Kleavor|Stone Axe|p1b: Archaludon
|-activate|p1b: Archaludon|move: Protect
|
|-heal|p1b: Archaludon|100/100|[from] item: Leftovers
|upkeep
|
|t:|1783855160
|switch|p1a: Swampert|Swampert, L50, M|100/100
|turn|3
|
|t:|1783855177
|detailschange|p1a: Swampert|Swampert-Mega, L50, M
|-mega|p1a: Swampert|Swampert|Swampertite
|move|p2a: Floette|Protect|p2a: Floette
|-singleturn|p2a: Floette|Protect
|move|p2b: Kleavor|X-Scissor|p1a: Swampert
|-damage|p1a: Swampert|47/100
|move|p1a: Swampert|Wave Crash|p2a: Floette
|-activate|p2a: Floette|move: Protect
|move|p1b: Archaludon|Flash Cannon|p2a: Floette
|-activate|p2a: Floette|move: Protect
|
|upkeep
|turn|4
|
|t:|1783855194
|switch|p2a: Basculegion|Basculegion, L50, M|100/100
|move|p1a: Swampert|Protect|p1a: Swampert
|-singleturn|p1a: Swampert|Protect
|move|p2b: Kleavor|X-Scissor|p1a: Swampert
|-activate|p1a: Swampert|move: Protect
|move|p1b: Archaludon|Flash Cannon|p2a: Basculegion
|-resisted|p2a: Basculegion|1
|-damage|p2a: Basculegion|79/100
|
|upkeep
|turn|5
|-message|Kellogsohne forfeited.
|
|win|Keith Jones
|l|☆Kellogsohne
|player|p1|
|j|☆Kellogsohne
|player|p1|Kellogsohne|ethan|
||Keith Jones is ready for game 3.
||Kellogsohne is ready for game 3.
|uhtml|next|Next: Game 3 of 3
|l|☆Kellogsohne
|player|p1|
