|j|☆cj8121
|j|☆temporary name 3
|html|cj8121temporary name 3    
|uhtml|bestof|Game 3 of a best-of-3
|t:|1785352871
|gametype|doubles
|player|p1|cj8121|169|1127
|player|p2|temporary name 3|265|1040
|gen|9
|tier|[Gen 9 Champions] VGC 2026 Reg M-B (Bo3)
|rated|
|rule|Species Clause: Limit one of each Pokémon
|rule|Item Clause: Limit 1 of each item
|clearpoke
|poke|p1|Charizard, L50, F|
|poke|p1|Whimsicott, L50, M|
|poke|p1|Sneasler, L50, F|
|poke|p1|Basculegion-F, L50, F|
|poke|p1|Aerodactyl, L50, F|
|poke|p1|Incineroar, L50, F|
|poke|p2|Tyranitar, L50, F|
|poke|p2|Excadrill, L50, F|
|poke|p2|Sinistcha, L50|
|poke|p2|Farigiraf, L50, F|
|poke|p2|Grimmsnarl, L50, M|
|poke|p2|Rotom-Wash, L50|
|teampreview|4
|showteam|p1|Charizard||CharizarditeY|SolarPower|Protect,HeatWave,SolarBeam,AirSlash|Modest||F|||50|]Whimsicott||FocusSash|Prankster|Tailwind,Encore,Taunt,Moonblast|Timid||M|||50|]Sneasler||WhiteHerb|Unburden|CloseCombat,DireClaw,FakeOut,Protect|Adamant||F|||50|]Basculegion-F||ChoiceScarf|Adaptability|WaveCrash,LastRespects,IceFang,AquaJet|Adamant||F|||50|]Aerodactyl||WideLens|Unnerve|Tailwind,RockSlide,DualWingbeat,WideGuard|Jolly||F|||50|]Incineroar||SitrusBerry|Intimidate|FlareBlitz,DarkestLariat,FakeOut,PartingShot|Adamant||F|||50|
|showteam|p2|Tyranitar||Tyranitarite|SandStream|RockSlide,KnockOff,DragonDance,Protect|Adamant||F|||50|]Excadrill||FocusSash|SandRush|IronHead,RockSlide,Earthquake,Protect|Adamant||F|||50|]Sinistcha||CobaBerry|Hospitality|MatchaGotcha,RagePowder,TrickRoom,LifeDew|Calm|||||50|]Farigiraf||SitrusBerry|ArmorTail|TrickRoom,HyperVoice,Protect,Psychic|Bold||F|||50|]Grimmsnarl||LightClay|Prankster|LightScreen,Reflect,SpiritBreak,PartingShot|Careful||M|||50|]Rotom-Wash||Leftovers|Levitate|HydroPump,Protect,Thunderbolt,VoltSwitch|Bold|||||50|
|inactive|Battle timer is ON: inactive players will automatically lose when time's up. (requested by temporary name 3)
|
|t:|1785352907
|teamsize|p1|4
|teamsize|p2|4
|start
|switch|p1a: Incineroar|Incineroar, L50, F|100/100
|switch|p1b: Basculegion|Basculegion-F, L50, F|100/100
|switch|p2a: Tyranitar|Tyranitar, L50, F|100/100
|switch|p2b: Excadrill|Excadrill, L50, F|100/100
|-ability|p1a: Incineroar|Intimidate|boost
|-unboost|p2a: Tyranitar|atk|1
|-unboost|p2b: Excadrill|atk|1
|-weather|Sandstorm|[from] ability: Sand Stream|[of] p2a: Tyranitar
|turn|1
|inactive|cj8121 has 30 seconds left.
|inactive|temporary name 3 has 30 seconds left.
|
|t:|1785352940
|switch|p2a: Farigiraf|Farigiraf, L50, F|100/100
|move|p1a: Incineroar|Fake Out||[still]
|cant|p2a: Farigiraf|ability: Armor Tail|Fake Out|[of] p1a: Incineroar
|move|p2b: Excadrill|Rock Slide|p1a: Incineroar|[spread] p1a,p1b
|-supereffective|p1a: Incineroar|1
|-damage|p1a: Incineroar|69/100
|-damage|p1b: Basculegion|82/100
|move|p1b: Basculegion|Wave Crash|p2a: Farigiraf
|-damage|p2a: Farigiraf|41/100
|-enditem|p2a: Farigiraf|Sitrus Berry|[eat]
|-heal|p2a: Farigiraf|66/100|[from] item: Sitrus Berry
|-damage|p1b: Basculegion|61/100|[from] Recoil
|
|-weather|Sandstorm|[upkeep]
|-damage|p1b: Basculegion|55/100|[from] Sandstorm
|-damage|p1a: Incineroar|63/100|[from] Sandstorm
|-damage|p2a: Farigiraf|60/100|[from] Sandstorm
|upkeep
|turn|2
|
|t:|1785352959
|switch|p2a: Rotom|Rotom-Wash, L50|100/100
|move|p2b: Excadrill|Earthquake|p1a: Incineroar|[spread] p1a,p1b
|-immune|p2a: Rotom|[from] ability: Levitate
|-supereffective|p1a: Incineroar|1
|-damage|p1a: Incineroar|0 fnt
|-damage|p1b: Basculegion|18/100
|faint|p1a: Incineroar
|move|p1b: Basculegion|Wave Crash|p2a: Rotom
|-resisted|p2a: Rotom|1
|-damage|p2a: Rotom|64/100
|-damage|p1b: Basculegion|9/100|[from] Recoil
|
|-weather|Sandstorm|[upkeep]
|-damage|p1b: Basculegion|3/100|[from] Sandstorm
|-damage|p2a: Rotom|59/100|[from] Sandstorm
|-heal|p2a: Rotom|64/100|[from] item: Leftovers
|upkeep
|
|t:|1785352973
|switch|p1a: Charizard|Charizard, L50, F|100/100
|turn|3
|
|t:|1785352982
|switch|p2b: Farigiraf|Farigiraf, L50, F|60/100
|detailschange|p1a: Charizard|Charizard-Mega-Y, L50, F
|-mega|p1a: Charizard|Charizard|Charizardite Y
|-weather|SunnyDay|[from] ability: Drought|[of] p1a: Charizard
|move|p2a: Rotom|Protect|p2a: Rotom
|-singleturn|p2a: Rotom|Protect
|move|p1b: Basculegion|Wave Crash|p2a: Rotom
|-activate|p2a: Rotom|move: Protect
|move|p1a: Charizard|Heat Wave|p2a: Rotom|[spread] p2b
|-activate|p2a: Rotom|move: Protect
|-damage|p2b: Farigiraf|0 fnt
|faint|p2b: Farigiraf
|
|-weather|SunnyDay|[upkeep]
|-heal|p2a: Rotom|70/100|[from] item: Leftovers
|upkeep
|
|t:|1785352985
|switch|p2b: Tyranitar|Tyranitar, L50, F|100/100
|-weather|Sandstorm|[from] ability: Sand Stream|[of] p2b: Tyranitar
|turn|4
|
|t:|1785353005
|switch|p1a: Sneasler|Sneasler, L50, F|100/100
|move|p1b: Basculegion|Wave Crash|p2b: Tyranitar
|-supereffective|p2b: Tyranitar|1
|-damage|p2b: Tyranitar|0 fnt
|faint|p2b: Tyranitar
|-damage|p1b: Basculegion|0 fnt|[from] Recoil
|faint|p1b: Basculegion
|move|p2a: Rotom|Volt Switch|p1a: Sneasler
|-damage|p1a: Sneasler|64/100
|
|t:|1785353014
|switch|p2a: Excadrill|Excadrill, L50, F|100/100|[from] Volt Switch
|
|-weather|Sandstorm|[upkeep]
|-damage|p1a: Sneasler|59/100|[from] Sandstorm
|upkeep
|
|t:|1785353019
|switch|p1b: Charizard|Charizard-Mega-Y, L50, F|100/100
|switch|p2b: Rotom|Rotom-Wash, L50|70/100
|-weather|SunnyDay|[from] ability: Drought|[of] p1b: Charizard
|turn|5
|
|t:|1785353044
|move|p1b: Charizard|Protect|p1b: Charizard
|-singleturn|p1b: Charizard|Protect
|move|p2a: Excadrill|Protect|p2a: Excadrill
|-singleturn|p2a: Excadrill|Protect
|move|p2b: Rotom|Protect|p2b: Rotom
|-singleturn|p2b: Rotom|Protect
|move|p1a: Sneasler|Fake Out|p2a: Excadrill
|-activate|p2a: Excadrill|move: Protect
|
|-weather|SunnyDay|[upkeep]
|-heal|p2b: Rotom|76/100|[from] item: Leftovers
|upkeep
|turn|6
|j| tedidn
|
|t:|1785353062
|move|p1a: Sneasler|Close Combat|p2a: Excadrill
|-supereffective|p2a: Excadrill|1
|-enditem|p2a: Excadrill|Focus Sash
|-damage|p2a: Excadrill|1/100
|-unboost|p1a: Sneasler|def|1
|-unboost|p1a: Sneasler|spd|1
|-enditem|p1a: Sneasler|White Herb
|-clearnegativeboost|p1a: Sneasler|[silent]
|move|p1b: Charizard|Heat Wave|p2b: Rotom|[spread] p2b
|-miss|p1b: Charizard|p2a: Excadrill
|-resisted|p2b: Rotom|1
|-damage|p2b: Rotom|38/100
|move|p2a: Excadrill|Rock Slide|p1a: Sneasler|[spread] p1a,p1b
|-resisted|p1a: Sneasler|1
|-supereffective|p1b: Charizard|2
|-damage|p1a: Sneasler|40/100
|-damage|p1b: Charizard|0 fnt
|faint|p1b: Charizard
|move|p2b: Rotom|Thunderbolt|p1a: Sneasler
|-damage|p1a: Sneasler|0 fnt
|faint|p1a: Sneasler
|
|win|temporary name 3
|raw|cj8121's rating: 1127 → 1096(-31 for losing)
|raw|temporary name 3's rating: 1040 → 1082(+42 for winning)
