|j|☆lethimcook26
|j|☆FlyingFox365
|html|lethimcook26FlyingFox365    
|uhtml|bestof|Game 3 of a best-of-3
|t:|1783600669
|gametype|doubles
|player|p1|lethimcook26|266|1078
|player|p2|FlyingFox365|170|1000
|gen|9
|tier|[Gen 9 Champions] VGC 2026 Reg M-B (Bo3)
|rated|
|rule|Species Clause: Limit one of each Pokémon
|rule|Item Clause: Limit 1 of each item
|clearpoke
|poke|p1|Ninetales-Alola, L50, M|
|poke|p1|Empoleon, L50, M|
|poke|p1|Bastiodon, L50, M|
|poke|p1|Medicham, L50, M|
|poke|p1|Tyranitar, L50, F|
|poke|p1|Dragonite, L50, M|
|poke|p2|Froslass, L50, F|
|poke|p2|Scovillain, L50, M|
|poke|p2|Aerodactyl, L50, F|
|poke|p2|Kingambit, L50, F|
|poke|p2|Sneasler, L50, F|
|poke|p2|Garchomp, L50, F|
|teampreview|4
|showteam|p1|Ninetales-Alola||LightClay|SnowWarning|AuroraVeil,Blizzard,WeatherBall,FreezeDry|Modest||M|||50|]Empoleon||ChopleBerry|Competitive|ChillingWater,WeatherBall,Yawn,AirSlash|Modest||M|||50|]Bastiodon||Leftovers|Sturdy|BodyPress,IronDefense,MetalBurst,WideGuard|Sassy||M|||50|]Medicham||Medichamite|PurePower|FakeOut,QuickGuard,RockTomb,CloseCombat|Adamant||M|||50|]Tyranitar||FocusSash|SandStream|ThunderPunch,RockSlide,Protect,ThunderWave|Adamant||F|||50|]Dragonite||LumBerry|Multiscale|DragonDance,Roost,AerialAce,StompingTantrum|Adamant||M|||50|
|showteam|p2|Froslass||Froslassite|CursedBody|Blizzard,ShadowBall,AuroraVeil,Protect|Timid||F|||50|]Scovillain||Scovillainite|Moody|RagePowder,BurningJealousy,LeechSeed,Protect|Bold||M|||50|]Aerodactyl||FocusSash|Unnerve|RockSlide,Tailwind,WideGuard,Taunt|Jolly||F|||50|]Kingambit||LifeOrb|Defiant|SuckerPunch,IronHead,BrickBreak,Protect|Adamant||F|||50|]Sneasler||WhiteHerb|Unburden|CloseCombat,DireClaw,ThroatChop,FakeOut|Adamant||F|||50|]Garchomp||ChoiceScarf|RoughSkin|Earthquake,RockSlide,DragonClaw,PoisonJab|Jolly||F|||50|
|inactive|Battle timer is ON: inactive players will automatically lose when time's up. (requested by FlyingFox365)
|
|t:|1783600707
|teamsize|p1|4
|teamsize|p2|4
|start
|switch|p1a: Ninetales|Ninetales-Alola, L50, M|100/100
|switch|p1b: Empoleon|Empoleon, L50, M|100/100
|switch|p2a: Froslass|Froslass, L50, F|100/100
|switch|p2b: Sneasler|Sneasler, L50, F|100/100
|-weather|Snowscape|[from] ability: Snow Warning|[of] p1a: Ninetales
|turn|1
|inactive|lethimcook26 has 30 seconds left.
|
|t:|1783600737
|switch|p2a: Aerodactyl|Aerodactyl, L50, F|100/100
|-ability|p2a: Aerodactyl|Unnerve
|move|p1a: Ninetales|Aurora Veil|p1a: Ninetales
|-sidestart|p1: lethimcook26|move: Aurora Veil
|move|p2b: Sneasler|Close Combat|p1b: Empoleon
|-supereffective|p1b: Empoleon|1
|-damage|p1b: Empoleon|28/100
|-unboost|p2b: Sneasler|def|1
|-unboost|p2b: Sneasler|spd|1
|-enditem|p2b: Sneasler|White Herb
|-clearnegativeboost|p2b: Sneasler|[silent]
|move|p1b: Empoleon|Yawn|p2a: Aerodactyl
|-start|p2a: Aerodactyl|move: Yawn|[of] p1b: Empoleon
|
|-weather|Snowscape|[upkeep]
|upkeep
|turn|2
|inactive|lethimcook26 has 30 seconds left.
|inactive|lethimcook26 has 20 seconds left.
|
|t:|1783600775
|switch|p2a: Froslass|Froslass, L50, F|100/100
|move|p2b: Sneasler|Close Combat|p1b: Empoleon
|-supereffective|p1b: Empoleon|1
|-enditem|p1b: Empoleon|Chople Berry|[eat]
|-enditem|p1b: Empoleon|Chople Berry|[weaken]
|-damage|p1b: Empoleon|0 fnt
|-unboost|p2b: Sneasler|def|1
|-unboost|p2b: Sneasler|spd|1
|faint|p1b: Empoleon
|move|p1a: Ninetales|Blizzard|p2a: Froslass|[spread] p2a,p2b
|-resisted|p2a: Froslass|1
|-damage|p2a: Froslass|74/100
|-damage|p2b: Sneasler|38/100
|-status|p2b: Sneasler|frz
|
|-weather|Snowscape|[upkeep]
|upkeep
|
|t:|1783600795
|switch|p1b: Tyranitar|Tyranitar, L50, F|100/100
|-weather|Sandstorm|[from] ability: Sand Stream|[of] p1b: Tyranitar
|turn|3
|inactive|lethimcook26 has 30 seconds left.
|
|t:|1783600824
|switch|p2b: Kingambit|Kingambit, L50, F|100/100
|detailschange|p2a: Froslass|Froslass-Mega, L50, F
|-mega|p2a: Froslass|Froslass|Froslassite
|-weather|Snowscape|[from] ability: Snow Warning|[of] p2a: Froslass
|move|p2a: Froslass|Aurora Veil|p2a: Froslass
|-sidestart|p2: FlyingFox365|move: Aurora Veil
|move|p1a: Ninetales|Blizzard|p2b: Kingambit|[spread] p2a,p2b
|-resisted|p2a: Froslass|1
|-resisted|p2b: Kingambit|1
|-damage|p2a: Froslass|60/100
|-damage|p2b: Kingambit|88/100
|move|p1b: Tyranitar|Rock Slide|p2a: Froslass|[spread] p2a,p2b
|-supereffective|p2a: Froslass|1
|-resisted|p2b: Kingambit|1
|-damage|p2a: Froslass|12/100
|-damage|p2b: Kingambit|80/100
|
|-weather|Snowscape|[upkeep]
|upkeep
|turn|4
|inactive|lethimcook26 has 30 seconds left.
|inactive|lethimcook26 has 20 seconds left.
|
|t:|1783600861
|move|p2a: Froslass|Blizzard|p1a: Ninetales|[spread] p1a,p1b
|-resisted|p1a: Ninetales|1
|-damage|p1a: Ninetales|81/100
|-damage|p1b: Tyranitar|72/100
|-status|p1b: Tyranitar|frz
|move|p1a: Ninetales|Blizzard|p2b: Kingambit|[spread] p2a,p2b
|-resisted|p2a: Froslass|1
|-resisted|p2b: Kingambit|1
|-damage|p2a: Froslass|0 fnt
|-damage|p2b: Kingambit|67/100
|faint|p2a: Froslass
|cant|p1b: Tyranitar|frz
|move|p2b: Kingambit|Brick Break|p1b: Tyranitar
|-sideend|p1: lethimcook26|move: Aurora Veil
|-supereffective|p1b: Tyranitar|2
|-damage|p1b: Tyranitar|0 fnt
|faint|p1b: Tyranitar
|-damage|p2b: Kingambit|58/100|[from] item: Life Orb
|
|-weather|Snowscape|[upkeep]
|upkeep
|c|☆lethimcook26|lol bruh
|c|☆lethimcook26|i deserve that
|
|t:|1783600880
|switch|p2a: Aerodactyl|Aerodactyl, L50, F|100/100
|switch|p1b: Bastiodon|Bastiodon, L50, M|100/100
|-ability|p2a: Aerodactyl|Unnerve
|turn|5
|
|t:|1783600897
|move|p2a: Aerodactyl|Wide Guard|p2a: Aerodactyl
|-singleturn|p2a: Aerodactyl|Wide Guard
|move|p1a: Ninetales|Blizzard|p2a: Aerodactyl|[spread] 
|-activate|p2a: Aerodactyl|move: Wide Guard
|-activate|p2b: Kingambit|move: Wide Guard
|move|p2b: Kingambit|Brick Break|p1b: Bastiodon
|-supereffective|p1b: Bastiodon|2
|-crit|p1b: Bastiodon
|-ability|p1b: Bastiodon|Sturdy
|-damage|p1b: Bastiodon|1/100
|-damage|p2b: Kingambit|48/100|[from] item: Life Orb
|move|p1b: Bastiodon|Metal Burst|p2b: Kingambit
|-damage|p2b: Kingambit|0 fnt
|faint|p2b: Kingambit
|
|-weather|Snowscape|[upkeep]
|-heal|p1b: Bastiodon|6/100|[from] item: Leftovers
|upkeep
|
|t:|1783600913
|switch|p2b: Sneasler|Sneasler, L50, F|38/100 frz
|turn|6
|
|t:|1783600922
|move|p1b: Bastiodon|Wide Guard|p1b: Bastiodon
|-singleturn|p1b: Bastiodon|Wide Guard
|move|p2a: Aerodactyl|Rock Slide|p1b: Bastiodon|[spread] 
|-activate|p1a: Ninetales|move: Wide Guard
|-activate|p1b: Bastiodon|move: Wide Guard
|move|p1a: Ninetales|Weather Ball|p2a: Aerodactyl
|-supereffective|p2a: Aerodactyl|1
|-damage|p2a: Aerodactyl|20/100r
|cant|p2b: Sneasler|frz
|
|-weather|Snowscape|[upkeep]
|-heal|p1b: Bastiodon|12/100|[from] item: Leftovers
|upkeep
|turn|7
|c|☆lethimcook26|what a series lol
|
|t:|1783600945
|move|p1b: Bastiodon|Wide Guard|p1b: Bastiodon
|-singleturn|p1b: Bastiodon|Wide Guard
|move|p2a: Aerodactyl|Taunt|p1b: Bastiodon
|-start|p1b: Bastiodon|move: Taunt
|move|p1a: Ninetales|Blizzard|p2b: Sneasler|[spread] p2a,p2b
|-supereffective|p2a: Aerodactyl|1
|-crit|p2a: Aerodactyl
|-damage|p2a: Aerodactyl|0 fnt
|-damage|p2b: Sneasler|11/100 frz
|faint|p2a: Aerodactyl
|cant|p2b: Sneasler|frz
|
|-weather|none
|-heal|p1b: Bastiodon|18/100|[from] item: Leftovers
|-sideend|p2: FlyingFox365|move: Aurora Veil
|upkeep
|turn|8
|-message|FlyingFox365 forfeited.
|
|win|lethimcook26
|raw|lethimcook26's rating: 1078 → 1100(+22 for winning)
|raw|FlyingFox365's rating: 1000 → 1000(+0 for losing)
|l|☆FlyingFox365
|player|p2|
|c|☆lethimcook26|gg
