|j|☆tipolucha
|j|☆homerj71
|html|tipoluchahomerj71    
|uhtml|bestof|Game 1 of a best-of-3
|t:|1783537580
|gametype|doubles
|player|p1|tipolucha|169|1215
|player|p2|homerj71|1|1228
|gen|9
|tier|[Gen 9 Champions] VGC 2026 Reg M-B (Bo3)
|rated|
|rule|Species Clause: Limit one of each Pokémon
|rule|Item Clause: Limit 1 of each item
|clearpoke
|poke|p1|Whimsicott, L50, F|
|poke|p1|Froslass, L50, F|
|poke|p1|Pelipper, L50, F|
|poke|p1|Incineroar, L50, M|
|poke|p1|Milotic, L50, M|
|poke|p1|Sneasler, L50, F|
|poke|p2|Sneasler, L50, M|
|poke|p2|Blastoise, L50, M|
|poke|p2|Maushold-Four, L50|
|poke|p2|Incineroar, L50, M|
|poke|p2|Delphox, L50, M|
|poke|p2|Sinistcha, L50|
|teampreview|4
|showteam|p1|Whimsicott||FocusSash|Prankster|Tailwind,EnergyBall,Moonblast,FakeTears|Timid||F|||50|]Froslass||Froslassite|SnowCloak|Blizzard,AuroraVeil,ShadowBall,Protect|Timid||F|||50|]Pelipper||SitrusBerry|Drizzle|WideGuard,RainDance,WeatherBall,Hurricane|Relaxed||F|||50|]Incineroar||LifeOrb|Blaze|PartingShot,FakeOut,FlareBlitz,DarkestLariat|Adamant||M|||50|]Milotic||MysticWater|Competitive|LifeDew,Scald,IcyWind,Protect|Modest||M|||50|]Sneasler||WhiteHerb|Unburden|RockSlide,FakeOut,CloseCombat,DireClaw|Adamant||F|||50|
|showteam|p2|Sneasler||WhiteHerb|Unburden|RainDance,FakeOut,CloseCombat,GunkShot|Jolly||M|||50|]Blastoise||Blastoisinite|RainDish|DarkPulse,WaterSpout,ShellSmash,Protect|Modest||M|||50|]Maushold-Four||FocusSash|FriendGuard|Protect,SuperFang,Feint,FollowMe|Jolly|||||50|]Incineroar||SitrusBerry|Intimidate|FlareBlitz,ThroatChop,PartingShot,FakeOut|Impish||M|||50|]Delphox||Delphoxite|Blaze|HeatWave,NastyPlot,Psyshock,Protect|Modest||M|||50|]Sinistcha||KasibBerry|Hospitality|MatchaGotcha,RagePowder,LifeDew,Protect|Bold|||||50|
|inactive|Battle timer is ON: inactive players will automatically lose when time's up. (requested by homerj71)
|inactive|tipolucha has 60 seconds left.
|inactive|homerj71 has 60 seconds left.
|inactive|tipolucha has 30 seconds left.
|inactive|tipolucha has 20 seconds left.
|inactive|tipolucha has 15 seconds left.
|inactive|tipolucha has 10 seconds left.
|inactive|tipolucha has 5 seconds left.
|
|t:|1783537671
|teamsize|p1|4
|teamsize|p2|4
|start
|switch|p1a: Pelipper|Pelipper, L50, F|100/100
|switch|p1b: Whimsicott|Whimsicott, L50, F|100/100
|switch|p2a: Blastoise|Blastoise, L50, M|100/100
|switch|p2b: Sneasler|Sneasler, L50, M|100/100
|-weather|RainDance|[from] ability: Drizzle|[of] p1a: Pelipper
|turn|1
|inactive|tipolucha has 30 seconds left.
|inactive|tipolucha has 20 seconds left.
|inactive|tipolucha has 15 seconds left.
|
|t:|1783537715
|detailschange|p2a: Blastoise|Blastoise-Mega, L50, M
|-mega|p2a: Blastoise|Blastoise|Blastoisinite
|move|p2b: Sneasler|Fake Out|p1b: Whimsicott
|-damage|p1b: Whimsicott|82/100
|cant|p1b: Whimsicott|flinch
|move|p2a: Blastoise|Shell Smash|p2a: Blastoise
|-unboost|p2a: Blastoise|def|1
|-unboost|p2a: Blastoise|spd|1
|-boost|p2a: Blastoise|atk|2
|-boost|p2a: Blastoise|spa|2
|-boost|p2a: Blastoise|spe|2
|move|p1a: Pelipper|Hurricane|p2b: Sneasler
|-supereffective|p2b: Sneasler|1
|-damage|p2b: Sneasler|18/100
|-start|p2b: Sneasler|confusion
|
|-weather|RainDance|[upkeep]
|upkeep
|turn|2
|
|t:|1783537731
|switch|p2b: Maushold|Maushold-Four, L50|100/100
|move|p2a: Blastoise|Protect|p2a: Blastoise
|-singleturn|p2a: Blastoise|Protect
|move|p1a: Pelipper|Wide Guard|p1a: Pelipper
|-singleturn|p1a: Pelipper|Wide Guard
|move|p1b: Whimsicott|Tailwind|p1b: Whimsicott
|-sidestart|p1: tipolucha|move: Tailwind
|
|-weather|RainDance|[upkeep]
|upkeep
|turn|3
|inactive|homerj71 has 30 seconds left.
|
|t:|1783537760
|move|p1a: Pelipper|Wide Guard|p1a: Pelipper
|-singleturn|p1a: Pelipper|Wide Guard
|move|p2b: Maushold|Follow Me|p2b: Maushold
|-singleturn|p2b: Maushold|move: Follow Me
|move|p1b: Whimsicott|Fake Tears|p2b: Maushold
|-unboost|p2b: Maushold|spd|2
|move|p2a: Blastoise|Dark Pulse|p1b: Whimsicott
|-resisted|p1b: Whimsicott|1
|-damage|p1b: Whimsicott|4/100
|
|-weather|RainDance|[upkeep]
|upkeep
|turn|4
|
|t:|1783537780
|move|p2b: Maushold|Follow Me|p2b: Maushold
|-singleturn|p2b: Maushold|move: Follow Me
|move|p1b: Whimsicott|Moonblast|p2b: Maushold
|-damage|p2b: Maushold|11/100
|move|p2a: Blastoise|Dark Pulse|p1b: Whimsicott
|-resisted|p1b: Whimsicott|1
|-damage|p1b: Whimsicott|0 fnt
|faint|p1b: Whimsicott
|move|p1a: Pelipper|Hurricane|p2b: Maushold
|-damage|p2b: Maushold|0 fnt
|faint|p2b: Maushold
|
|-weather|RainDance|[upkeep]
|upkeep
|
|t:|1783537803
|switch|p1b: Sneasler|Sneasler, L50, F|100/100
|switch|p2b: Sneasler|Sneasler, L50, M|18/100
|turn|5
|inactive|tipolucha has 30 seconds left.
|
|t:|1783537836
|switch|p2b: Sinistcha|Sinistcha, L50|100/100
|move|p2a: Blastoise|Protect|p2a: Blastoise
|-singleturn|p2a: Blastoise|Protect
|move|p1a: Pelipper|Wide Guard|p1a: Pelipper
|-singleturn|p1a: Pelipper|Wide Guard
|move|p1b: Sneasler|Close Combat|p2a: Blastoise
|-activate|p2a: Blastoise|move: Protect
|
|-weather|none
|-sideend|p1: tipolucha|move: Tailwind
|upkeep
|turn|6
|
|t:|1783537850
|move|p1a: Pelipper|Wide Guard|p1a: Pelipper
|-singleturn|p1a: Pelipper|Wide Guard
|move|p2b: Sinistcha|Rage Powder|p2b: Sinistcha
|-singleturn|p2b: Sinistcha|move: Rage Powder
|move|p2a: Blastoise|Water Spout|p1a: Pelipper|[spread] 
|-activate|p1a: Pelipper|move: Wide Guard
|-activate|p1b: Sneasler|move: Wide Guard
|move|p1b: Sneasler|Rock Slide|p2a: Blastoise|[spread] p2a,p2b
|-damage|p2a: Blastoise|67/100
|-damage|p2b: Sinistcha|83/100
|
|upkeep
|turn|7
|
|t:|1783537864
|move|p1a: Pelipper|Wide Guard|p1a: Pelipper
|-singleturn|p1a: Pelipper|Wide Guard
|move|p2b: Sinistcha|Rage Powder|p2b: Sinistcha
|-singleturn|p2b: Sinistcha|move: Rage Powder
|move|p2a: Blastoise|Dark Pulse|p1a: Pelipper
|-damage|p1a: Pelipper|0 fnt
|faint|p1a: Pelipper
|move|p1b: Sneasler|Rock Slide|p2a: Blastoise|[spread] p2a,p2b
|-damage|p2a: Blastoise|32/100
|-damage|p2b: Sinistcha|67/100
|
|upkeep
|
|t:|1783537877
|switch|p1a: Froslass|Froslass, L50, F|100/100
|turn|8
|
|t:|1783537902
|switch|p2b: Sneasler|Sneasler, L50, M|18/100
|detailschange|p1a: Froslass|Froslass-Mega, L50, F
|-mega|p1a: Froslass|Froslass|Froslassite
|-weather|Snowscape|[from] ability: Snow Warning|[of] p1a: Froslass
|move|p2a: Blastoise|Protect|p2a: Blastoise
|-singleturn|p2a: Blastoise|Protect
|move|p1a: Froslass|Protect|p1a: Froslass
|-singleturn|p1a: Froslass|Protect
|move|p1b: Sneasler|Rock Slide|p2a: Blastoise|[spread] p2b
|-activate|p2a: Blastoise|move: Protect
|-resisted|p2b: Sneasler|1
|-damage|p2b: Sneasler|5/100
|
|-weather|Snowscape|[upkeep]
|upkeep
|turn|9
|
|t:|1783537914
|move|p2b: Sneasler|Fake Out|p1b: Sneasler
|-damage|p1b: Sneasler|80/100
|move|p2a: Blastoise|Dark Pulse|p1a: Froslass
|-supereffective|p1a: Froslass|1
|-damage|p1a: Froslass|0 fnt
|faint|p1a: Froslass
|cant|p1b: Sneasler|flinch
|
|-weather|Snowscape|[upkeep]
|upkeep
|turn|10
|
|t:|1783537921
|switch|p2b: Sinistcha|Sinistcha, L50|67/100
|-heal|p2a: Blastoise|57/100|[from] ability: Hospitality|[of] p2b: Sinistcha
|move|p2a: Blastoise|Dark Pulse|p1b: Sneasler
|-resisted|p1b: Sneasler|1
|-damage|p1b: Sneasler|13/100
|move|p1b: Sneasler|Rock Slide|p2a: Blastoise|[spread] p2a,p2b
|-damage|p2a: Blastoise|26/100
|-damage|p2b: Sinistcha|52/100
|
|-weather|Snowscape|[upkeep]
|upkeep
|turn|11
|inactive|tipolucha has 30 seconds left.
|
|t:|1783537947
|move|p2a: Blastoise|Dark Pulse|p1b: Sneasler
|-resisted|p1b: Sneasler|1
|-damage|p1b: Sneasler|0 fnt
|faint|p1b: Sneasler
|
|win|homerj71
