|j|☆Kojay
|j|☆Forcho
|html|KojayForcho    
|uhtml|bestof|Game 1 of a best-of-3
|t:|1782570369
|gametype|doubles
|player|p1|Kojay|drayton|
|player|p2|Forcho|265|
|gen|9
|tier|[Gen 9 Champions] VGC 2026 Reg M-B (Bo3)
|rule|Species Clause: Limit one of each Pokémon
|rule|Item Clause: Limit 1 of each item
|clearpoke
|poke|p1|Mawile, L50, F|
|poke|p1|Garchomp, L50, F|
|poke|p1|Farigiraf, L50, M|
|poke|p1|Venusaur, L50, M|
|poke|p1|Charizard, L50, F|
|poke|p1|Incineroar, L50, M|
|poke|p2|Archaludon, L50, M|
|poke|p2|Swampert, L50, F|
|poke|p2|Maushold-Four, L50|
|poke|p2|Gholdengo, L50|
|poke|p2|Venusaur, L50, M|
|poke|p2|Pelipper, L50, M|
|teampreview|4
|showteam|p1|Mawile||Mawilite|Intimidate|IronHead,PlayRough,SuckerPunch,Protect|Brave||F|||50|]Garchomp||ChoiceScarf|RoughSkin|Earthquake,DragonClaw,StompingTantrum,RockSlide|Adamant||F|||50|]Farigiraf||SitrusBerry|ArmorTail|HelpingHand,TrickRoom,Psychic,Protect|Calm||M|||50|]Venusaur||FocusSash|Chlorophyll|SleepPowder,EarthPower,SludgeBomb,Protect|Timid||M|||50|]Charizard||CharizarditeY|Blaze|WeatherBall,HeatWave,SolarBeam,Protect|Modest||F|||50|]Incineroar||PasshoBerry|Intimidate|FlareBlitz,ThroatChop,PartingShot,FakeOut|Adamant||M|||50|
|showteam|p2|Archaludon||Leftovers|Stamina|Protect,ElectroShot,DragonPulse,FlashCannon|Modest||M|||50|]Swampert||Swampertite|Torrent|Protect,IcePunch,HighHorsepower,WaveCrash|Adamant||F|||50|]Maushold-Four||FocusSash|FriendGuard|Protect,FollowMe,SuperFang,RainDance|Jolly|||||50|]Gholdengo||LifeOrb|GoodasGold|Protect,NastyPlot,MakeItRain,ShadowBall|Timid|||||50|]Venusaur||Venusaurite|Chlorophyll|Protect,SludgeBomb,GigaDrain,EarthPower|Modest||M|||50|]Pelipper||SitrusBerry|Drizzle|Hurricane,WeatherBall,WideGuard,Tailwind|Bold||M|||50|
|c|☆Kojay|hiya
|c|☆Forcho|Can you send the link?
|c|☆Kojay|gonna send the link rq
|c|☆Forcho|Thanks!!
|j| PaniniWeenie
|j| x-0 EUIC
|j| BouncyJoltik
|c|☆Forcho|Lmk when you ready and we put timer on
|c|☆Kojay|kk sorry ready now
|j| DutchTurtleVGC
|inactive|Battle timer is ON: inactive players will automatically lose when time's up. (requested by Forcho)
|c|☆Forcho|Glhf
|j| A Regu1ar Guy
|inactive|Kojay has 60 seconds left.
|inactive|Forcho has 60 seconds left.
|j| blindfishptsd
|inactive|Kojay has 30 seconds left.
|
|t:|1782570561
|teamsize|p1|4
|teamsize|p2|4
|start
|switch|p1a: Venusaur|Venusaur, L50, M|100/100
|switch|p1b: Charizard|Charizard, L50, F|100/100
|switch|p2a: Venusaur|Venusaur, L50, M|100/100
|switch|p2b: Maushold|Maushold-Four, L50|100/100
|turn|1
|inactive|Kojay has 30 seconds left.
|inactive|Kojay has 20 seconds left.
|inactive|Kojay has 15 seconds left.
|inactive|Kojay has 10 seconds left.
|
|t:|1782570609
|detailschange|p2a: Venusaur|Venusaur-Mega, L50, M
|-mega|p2a: Venusaur|Venusaur|Venusaurite
|move|p2b: Maushold|Protect|p2b: Maushold
|-singleturn|p2b: Maushold|Protect
|move|p1b: Charizard|Heat Wave|p2b: Maushold|[spread] p2a
|-activate|p2b: Maushold|move: Protect
|-supereffective|p2a: Venusaur|1
|-damage|p2a: Venusaur|83/100
|move|p1a: Venusaur|Sludge Bomb|p2b: Maushold
|-activate|p2b: Maushold|move: Protect
|move|p2a: Venusaur|Sludge Bomb|p1a: Venusaur
|-damage|p1a: Venusaur|47/100
|
|upkeep
|turn|2
|inactive|Kojay has 30 seconds left.
|inactive|Forcho has 30 seconds left.
|inactive|Kojay has 20 seconds left.
|
|t:|1782570649
|detailschange|p1b: Charizard|Charizard-Mega-Y, L50, F
|-mega|p1b: Charizard|Charizard|Charizardite Y
|-weather|SunnyDay|[from] ability: Drought|[of] p1b: Charizard
|move|p1a: Venusaur|Sleep Powder|p2b: Maushold
|-status|p2b: Maushold|slp|[from] move: Sleep Powder
|cant|p2b: Maushold|slp
|move|p1b: Charizard|Heat Wave|p2a: Venusaur|[spread] p2a,p2b
|-supereffective|p2a: Venusaur|1
|-damage|p2a: Venusaur|48/100
|-damage|p2b: Maushold|20/100y slp
|move|p2a: Venusaur|Sludge Bomb|p1a: Venusaur
|-damage|p1a: Venusaur|0 fnt
|faint|p1a: Venusaur
|
|-weather|SunnyDay|[upkeep]
|upkeep
|j| pls be kind to me
|
|t:|1782570665
|switch|p1a: Garchomp|Garchomp, L50, F|100/100
|turn|3
|j| Carneyasada
|inactive|Kojay has 30 seconds left.
|inactive|Kojay has 20 seconds left.
|inactive|Kojay has 15 seconds left.
|l| PaniniWeenie
|inactive|Kojay has 10 seconds left.
|
|t:|1782570711
|switch|p1b: Incineroar|Incineroar, L50, M|100/100
|-ability|p1b: Incineroar|Intimidate|boost
|-unboost|p2a: Venusaur|atk|1
|-unboost|p2b: Maushold|atk|1
|move|p2a: Venusaur|Protect|p2a: Venusaur
|-singleturn|p2a: Venusaur|Protect
|move|p1a: Garchomp|Rock Slide|p2a: Venusaur|[spread] p2b
|-activate|p2a: Venusaur|move: Protect
|-crit|p2b: Maushold
|-damage|p2b: Maushold|0 fnt
|faint|p2b: Maushold
|
|-weather|SunnyDay|[upkeep]
|upkeep
|j| PaniniWeenie
|
|t:|1782570725
|switch|p2b: Archaludon|Archaludon, L50, M|100/100
|turn|4
|inactive|Kojay has 30 seconds left.
|inactive|Kojay has 20 seconds left.
|
|t:|1782570762
|move|p1a: Garchomp|Rock Slide|p2a: Venusaur|[spread] p2a,p2b
|-resisted|p2b: Archaludon|1
|-damage|p2a: Venusaur|32/100
|-damage|p2b: Archaludon|92/100
|-ability|p2b: Archaludon|Stamina|boost
|-boost|p2b: Archaludon|def|1
|move|p2a: Venusaur|Earth Power|p1b: Incineroar
|-supereffective|p1b: Incineroar|1
|-damage|p1b: Incineroar|38/100
|move|p2b: Archaludon|Dragon Pulse|p1b: Incineroar
|-damage|p1b: Incineroar|0 fnt
|faint|p1b: Incineroar
|
|-weather|SunnyDay|[upkeep]
|-heal|p2b: Archaludon|98/100|[from] item: Leftovers
|upkeep
|
|t:|1782570771
|switch|p1b: Charizard|Charizard-Mega-Y, L50, F|100/100
|turn|5
|
|t:|1782570787
|move|p2a: Venusaur|Protect|p2a: Venusaur
|-singleturn|p2a: Venusaur|Protect
|move|p2b: Archaludon|Protect|p2b: Archaludon
|-singleturn|p2b: Archaludon|Protect
|move|p1a: Garchomp|Rock Slide|p2b: Archaludon|[spread] 
|-activate|p2a: Venusaur|move: Protect
|-activate|p2b: Archaludon|move: Protect
|move|p1b: Charizard|Heat Wave|p2a: Venusaur|[spread] 
|-activate|p2a: Venusaur|move: Protect
|-activate|p2b: Archaludon|move: Protect
|
|-weather|SunnyDay|[upkeep]
|-heal|p2b: Archaludon|100/100|[from] item: Leftovers
|upkeep
|turn|6
|
|t:|1782570800
|switch|p2a: Pelipper|Pelipper, L50, M|100/100
|-weather|RainDance|[from] ability: Drizzle|[of] p2a: Pelipper
|move|p1a: Garchomp|Rock Slide|p2a: Pelipper|[spread] p2a,p2b
|-supereffective|p2a: Pelipper|1
|-resisted|p2b: Archaludon|1
|-damage|p2a: Pelipper|58/100
|-damage|p2b: Archaludon|94/100
|-ability|p2b: Archaludon|Stamina|boost
|-boost|p2b: Archaludon|def|1
|move|p1b: Charizard|Heat Wave|p2a: Pelipper|[spread] p2a,p2b
|-resisted|p2a: Pelipper|1
|-damage|p2a: Pelipper|46/100
|-damage|p2b: Archaludon|76/100
|-ability|p2b: Archaludon|Stamina|boost
|-boost|p2b: Archaludon|def|1
|-enditem|p2a: Pelipper|Sitrus Berry|[eat]
|-heal|p2a: Pelipper|71/100|[from] item: Sitrus Berry
|move|p2b: Archaludon|Electro Shot||[still]
|-prepare|p2b: Archaludon|Electro Shot
|-boost|p2b: Archaludon|spa|1
|-anim|p2b: Archaludon|Electro Shot|p1b: Charizard
|-supereffective|p1b: Charizard|1
|-damage|p1b: Charizard|0 fnt
|faint|p1b: Charizard
|
|-weather|RainDance|[upkeep]
|-heal|p2b: Archaludon|82/100|[from] item: Leftovers
|upkeep
|turn|7
|-message|Kojay forfeited.
|
|win|Forcho
||Kojay is ready for game 2.
||Forcho is ready for game 2.
|uhtml|next|Next: Game 2 of 3
|l| blindfishptsd
|l| PaniniWeenie
|j| PaniniWeenie
|l| pls be kind to me
|l| PaniniWeenie
|l| x-0 EUIC
|j| ryanogiggs11
|l| Carneyasada
|l|☆Forcho
|player|p2|
|l| BouncyJoltik
