|j|☆Wanouvgc
|j|☆Ztringz
|html|WanouvgcZtringz    
|uhtml|bestof|Game 2 of a best-of-3
|t:|1757168483
|gametype|doubles
|player|p1|Wanouvgc|riley|1125
|player|p2|Ztringz|102|1119
|gen|9
|tier|[Gen 9] VGC 2025 Reg H (Bo3)
|rated|
|rule|Species Clause: Limit one of each Pokémon
|rule|Item Clause: Limit 1 of each item
|clearpoke
|poke|p1|Incineroar, L50, F|
|poke|p1|Gholdengo, L50|
|poke|p1|Amoonguss, L50, M|
|poke|p1|Hydreigon, L50, M|
|poke|p1|Porygon2, L50|
|poke|p1|Ursaluna, L50, F|
|poke|p2|Amoonguss, L50, M|
|poke|p2|Porygon2, L50|
|poke|p2|Gholdengo, L50|
|poke|p2|Incineroar, L50, M|
|poke|p2|Ursaluna, L50, M|
|poke|p2|Volcarona, L50, F|
|teampreview|4
|showteam|p1|Incineroar||SitrusBerry|Intimidate|KnockOff,FakeOut,FlareBlitz,PartingShot|||F|||50|,,,,,Ghost]Gholdengo||MetalCoat|GoodasGold|Protect,NastyPlot,MakeItRain,ShadowBall||||||50|,,,,,Water]Amoonguss||RockyHelmet|Regenerator|Spore,RagePowder,PollenPuff,Protect|||M|||50|,,,,,Fairy]Hydreigon||SafetyGoggles|Levitate|DracoMeteor,Snarl,Tailwind,Protect|||M|||50|,,,,,Ghost]Porygon2||Eviolite|Download|Recover,IceBeam,TeraBlast,TrickRoom||||||50|,,,,,Fighting]Ursaluna||FlameOrb|Guts|Earthquake,Facade,HeadlongRush,Protect|||F|||50|,,,,,Ghost
|showteam|p2|Amoonguss||MentalHerb|Regenerator|Spore,RagePowder,PollenPuff,SludgeBomb|||M|||50|,,,,,Dark]Porygon2||Eviolite|Download|TeraBlast,IceBeam,TrickRoom,Recover||||||50|,,,,,Fighting]Gholdengo||LifeOrb|GoodasGold|MakeItRain,ShadowBall,NastyPlot,Protect||||||50|,,,,,Dragon]Incineroar||SafetyGoggles|Intimidate|FakeOut,FlareBlitz,KnockOff,PartingShot|||M|||50|,,,,,Ghost]Ursaluna||FlameOrb|Guts|Facade,HeadlongRush,Earthquake,Protect|||M|||50|,,,,,Normal]Volcarona||Leftovers|FlameBody|QuiverDance,Tailwind,GigaDrain,Protect|||F|||50|,,,,,Dragon
|
|t:|1757168514
|teamsize|p1|4
|teamsize|p2|4
|start
|switch|p1a: Incineroar|Incineroar, L50, F|100/100
|switch|p1b: Hydreigon|Hydreigon, L50, M|100/100
|switch|p2a: Porygon2|Porygon2, L50|100/100
|switch|p2b: Gholdengo|Gholdengo, L50|100/100
|-ability|p1a: Incineroar|Intimidate|boost
|-unboost|p2a: Porygon2|atk|1
|-unboost|p2b: Gholdengo|atk|1
|-ability|p2a: Porygon2|Download|boost
|-boost|p2a: Porygon2|spa|1
|turn|1
|
|t:|1757168545
|switch|p2b: Incineroar|Incineroar, L50, M|100/100
|-ability|p2b: Incineroar|Intimidate|boost
|-unboost|p1a: Incineroar|atk|1
|-unboost|p1b: Hydreigon|atk|1
|move|p1a: Incineroar|Fake Out|p2a: Porygon2
|-damage|p2a: Porygon2|95/100
|move|p1b: Hydreigon|Snarl|p2b: Incineroar|[spread] p2a,p2b
|-resisted|p2b: Incineroar
|-damage|p2a: Porygon2|84/100
|-damage|p2b: Incineroar|92/100
|-unboost|p2a: Porygon2|spa|1
|-unboost|p2b: Incineroar|spa|1
|cant|p2a: Porygon2|flinch
|
|upkeep
|turn|2
|
|t:|1757168575
|move|p2b: Incineroar|Fake Out|p1b: Hydreigon
|-damage|p1b: Hydreigon|88/100
|cant|p1b: Hydreigon|flinch
|move|p1a: Incineroar|Knock Off|p2a: Porygon2
|-damage|p2a: Porygon2|68/100
|-enditem|p2a: Porygon2|Eviolite|[from] move: Knock Off|[of] p1a: Incineroar
|move|p2a: Porygon2|Trick Room|p2a: Porygon2
|-fieldstart|move: Trick Room|[of] p2a: Porygon2
|
|upkeep
|turn|3
|
|t:|1757168597
|switch|p2a: Gholdengo|Gholdengo, L50|100/100
|move|p1b: Hydreigon|Protect|p1b: Hydreigon
|-singleturn|p1b: Hydreigon|Protect
|move|p2b: Incineroar|Parting Shot|p1b: Hydreigon
|-activate|p1b: Hydreigon|move: Protect
|move|p1a: Incineroar|Parting Shot|p2a: Gholdengo
|-immune|p2a: Gholdengo|[from] ability: Good as Gold
|
|upkeep
|turn|4
|
|t:|1757168613
|move|p2a: Gholdengo|Protect|p2a: Gholdengo
|-singleturn|p2a: Gholdengo|Protect
|move|p2b: Incineroar|Parting Shot|p1b: Hydreigon
|-unboost|p1b: Hydreigon|atk|1
|-unboost|p1b: Hydreigon|spa|1
|
|t:|1757168619
|switch|p2b: Ursaluna|Ursaluna, L50, M|100/100|[from] Parting Shot
|move|p1a: Incineroar|Knock Off|p2a: Gholdengo
|-activate|p2a: Gholdengo|move: Protect
|move|p1b: Hydreigon|Snarl|p2a: Gholdengo|[spread] p2b
|-activate|p2a: Gholdengo|move: Protect
|-damage|p2b: Ursaluna|90/100
|-unboost|p2b: Ursaluna|spa|1
|
|-status|p2b: Ursaluna|brn|[from] item: Flame Orb
|upkeep
|turn|5
|
|t:|1757168660
|switch|p2a: Incineroar|Incineroar, L50, M|92/100
|-ability|p2a: Incineroar|Intimidate|boost
|-unboost|p1a: Incineroar|atk|1
|-unboost|p1b: Hydreigon|atk|1
|switch|p1b: Ursaluna|Ursaluna, L50, F|100/100
|move|p2b: Ursaluna|Facade|p1a: Incineroar
|-damage|p1a: Incineroar|0 fnt
|faint|p1a: Incineroar
|
|-damage|p2b: Ursaluna|84/100 brn|[from] brn
|-status|p1b: Ursaluna|brn|[from] item: Flame Orb
|upkeep
|
|t:|1757168676
|switch|p1a: Gholdengo|Gholdengo, L50|100/100
|turn|6
|
|t:|1757168687
|move|p1b: Ursaluna|Protect|p1b: Ursaluna
|-singleturn|p1b: Ursaluna|Protect
|move|p1a: Gholdengo|Protect|p1a: Gholdengo
|-singleturn|p1a: Gholdengo|Protect
|move|p2a: Incineroar|Fake Out|p1b: Ursaluna
|-activate|p1b: Ursaluna|move: Protect
|move|p2b: Ursaluna|Headlong Rush|p1a: Gholdengo
|-activate|p1a: Gholdengo|move: Protect
|
|-damage|p2b: Ursaluna|78/100 brn|[from] brn
|-damage|p1b: Ursaluna|95/100 brn|[from] brn
|-fieldend|move: Trick Room
|upkeep
|turn|7
|
|t:|1757168728
|-terastallize|p1b: Ursaluna|Ghost
|move|p1a: Gholdengo|Make It Rain|p2b: Ursaluna|[spread] p2a,p2b
|-resisted|p2a: Incineroar
|-damage|p2a: Incineroar|65/100
|-damage|p2b: Ursaluna|25/100 brn
|-unboost|p1a: Gholdengo|spa|1
|move|p1b: Ursaluna|Facade|p2b: Ursaluna
|-damage|p2b: Ursaluna|0 fnt
|faint|p2b: Ursaluna
|move|p2a: Incineroar|Knock Off|p1a: Gholdengo
|-supereffective|p1a: Gholdengo
|-damage|p1a: Gholdengo|3/100
|-enditem|p1a: Gholdengo|Metal Coat|[from] move: Knock Off|[of] p2a: Incineroar
|
|-damage|p1b: Ursaluna|89/100 brn|[from] brn
|upkeep
|
|t:|1757168750
|switch|p2b: Gholdengo|Gholdengo, L50|100/100
|turn|8
|
|t:|1757168761
|switch|p1a: Hydreigon|Hydreigon, L50, M|88/100
|-terastallize|p2b: Gholdengo|Dragon
|move|p2b: Gholdengo|Shadow Ball|p1b: Ursaluna
|-supereffective|p1b: Ursaluna
|-damage|p1b: Ursaluna|0 fnt
|faint|p1b: Ursaluna
|-damage|p2b: Gholdengo|91/100|[from] item: Life Orb
|move|p2a: Incineroar|Flare Blitz|p1a: Hydreigon
|-resisted|p1a: Hydreigon
|-crit|p1a: Hydreigon
|-damage|p1a: Hydreigon|45/100
|-damage|p2a: Incineroar|52/100|[from] Recoil
|
|upkeep
|
|t:|1757168774
|switch|p1b: Gholdengo|Gholdengo, L50|3/100
|turn|9
|
|t:|1757168784
|switch|p2a: Porygon2|Porygon2, L50|68/100
|-ability|p2a: Porygon2|Download|boost
|-boost|p2a: Porygon2|spa|1
|move|p1a: Hydreigon|Draco Meteor|p2b: Gholdengo|[miss]
|-miss|p1a: Hydreigon|p2b: Gholdengo
|move|p2b: Gholdengo|Make It Rain|p1a: Hydreigon|[spread] p1a,p1b
|-resisted|p1b: Gholdengo
|-damage|p1a: Hydreigon|0 fnt
|-damage|p1b: Gholdengo|0 fnt
|-unboost|p2b: Gholdengo|spa|1
|faint|p1a: Hydreigon
|faint|p1b: Gholdengo
|-damage|p2b: Gholdengo|81/100|[from] item: Life Orb
|
|win|Ztringz
|inactive|Wanouvgc has 30 seconds to confirm battle start!
|inactive|Ztringz has 30 seconds to confirm battle start!
||Wanouvgc is ready for game 3.
||Ztringz is ready for game 3.
|uhtml|next|Next: Game 3 of 3
|l|☆Ztringz
|player|p2|
