|j|☆AshVGCMX
|j|☆PTP_VGC
|html|AshVGCMXPTP_VGC    
|uhtml|bestof|Game 2 of a best-of-3
|t:|1755232464
|gametype|doubles
|player|p1|AshVGCMX|265|1193
|player|p2|PTP_VGC|birdkeeper|1314
|gen|9
|tier|[Gen 9] VGC 2025 Reg H (Bo3)
|rated|
|rule|Species Clause: Limit one of each Pokémon
|rule|Item Clause: Limit 1 of each item
|clearpoke
|poke|p1|Pikachu, L50, M|
|poke|p1|Blaziken, L50, F|
|poke|p1|Pelipper, L50, M|
|poke|p1|Basculegion, L50, M|
|poke|p1|Baxcalibur, L50, M|
|poke|p1|Amoonguss, L50, F|
|poke|p2|Arcanine-Hisui, L50, M|
|poke|p2|Weezing, L50, M|
|poke|p2|Porygon2, L50|
|poke|p2|Weavile, L50, M|
|poke|p2|Pawmot, L50, M|
|poke|p2|Toedscruel, L50, F|
|teampreview|4
|showteam|p1|Pikachu||LightBall|LightningRod|FakeOut,VoltTackle,PlayRough,Protect|||M|||50|,,,,,Fairy]Blaziken||FocusSash|SpeedBoost|HeatWave,AuraSphere,Coaching,Detect|||F|||50|,,,,,Stellar]Pelipper||CovertCloak|Drizzle|Hurricane,Tailwind,WeatherBall,WideGuard|||M|||50|,,,,,Ground]Basculegion||LifeOrb|SwiftSwim|WaveCrash,AquaJet,Protect,LastRespects|||M|||50|,,,,,Water]Baxcalibur||LoadedDice|ThermalExchange|IcicleSpear,ScaleShot,IceShard,Protect|||M|||50|,,,,,Bug]Amoonguss||SitrusBerry|Regenerator|PollenPuff,Spore,RagePowder,Protect|||F|||50|,,,,,Fairy
|showteam|p2|Arcanine-Hisui||AbilityShield|Intimidate|FlareBlitz,RockSlide,ExtremeSpeed,Protect|||M|||50|,,,,,Ghost]Weezing||SitrusBerry|NeutralizingGas|SludgeBomb,WillOWisp,Taunt,Protect|||M|||50|,,,,,Grass]Porygon2||Eviolite|Download|TeraBlast,IceBeam,Recover,TrickRoom||||||50|,,,,,Water]Weavile||WideLens|Pressure|KnockOff,TripleAxel,FakeOut,Protect|||M|||50|,,,,,Stellar]Pawmot||FocusSash|NaturalCure|DoubleShock,CloseCombat,RevivalBlessing,Protect|||M|||50|,,,,,Stellar]Toedscruel||LifeOrb|MyceliumMight|EarthPower,EnergyBall,Spore,RagePowder|||F|||50|,,,,,Water
|inactive|Battle timer is ON: inactive players will automatically lose when time's up. (requested by AshVGCMX)
|j| TheCadKid
|inactive|PTP_VGC has 60 seconds left.
|l| TheCadKid
|
|t:|1755232511
|teamsize|p1|4
|teamsize|p2|4
|start
|switch|p1a: Blaziken|Blaziken, L50, F|100/100
|switch|p1b: Baxcalibur|Baxcalibur, L50, M|100/100
|switch|p2a: Speedwalker|Weavile, L50, M|100/100
|switch|p2b: Adr. & Adr.|Weezing, L50, M|100/100
|-ability|p2b: Adr. & Adr.|Neutralizing Gas
|turn|1
|
|t:|1755232530
|move|p1b: Baxcalibur|Protect|p1b: Baxcalibur
|-singleturn|p1b: Baxcalibur|Protect
|move|p2a: Speedwalker|Fake Out|p1a: Blaziken
|-damage|p1a: Blaziken|80/100
|cant|p1a: Blaziken|flinch
|move|p2b: Adr. & Adr.|Will-O-Wisp|p1b: Baxcalibur
|-activate|p1b: Baxcalibur|move: Protect
|
|upkeep
|turn|2
|
|t:|1755232550
|move|p2a: Speedwalker|Knock Off|p1b: Baxcalibur
|-damage|p1b: Baxcalibur|57/100
|-enditem|p1b: Baxcalibur|Loaded Dice|[from] move: Knock Off|[of] p2a: Speedwalker
|move|p1a: Blaziken|Heat Wave|p2a: Speedwalker|[spread] p2a,p2b
|-supereffective|p2a: Speedwalker
|-damage|p2a: Speedwalker|9/100
|-damage|p2b: Adr. & Adr.|67/100
|move|p1b: Baxcalibur|Scale Shot|p2b: Adr. & Adr.
|-damage|p2b: Adr. & Adr.|53/100
|-damage|p2b: Adr. & Adr.|40/100
|-enditem|p2b: Adr. & Adr.|Sitrus Berry|[eat]
|-heal|p2b: Adr. & Adr.|65/100|[from] item: Sitrus Berry
|-damage|p2b: Adr. & Adr.|51/100
|-hitcount|p2b: Adr. & Adr.|3
|-unboost|p1b: Baxcalibur|def|1
|-boost|p1b: Baxcalibur|spe|1
|move|p2b: Adr. & Adr.|Will-O-Wisp|p1b: Baxcalibur|[miss]
|-miss|p2b: Adr. & Adr.|p1b: Baxcalibur
|
|upkeep
|turn|3
|
|t:|1755232571
|switch|p2a: Vulfmon|Arcanine-Hisui, L50, M|100/100
|-ability|p2a: Vulfmon|Intimidate|boost
|-unboost|p1a: Blaziken|atk|1
|-unboost|p1b: Baxcalibur|atk|1
|move|p1b: Baxcalibur|Scale Shot|p2b: Adr. & Adr.
|-damage|p2b: Adr. & Adr.|42/100
|-damage|p2b: Adr. & Adr.|32/100
|-damage|p2b: Adr. & Adr.|23/100
|-hitcount|p2b: Adr. & Adr.|3
|-unboost|p1b: Baxcalibur|def|1
|-boost|p1b: Baxcalibur|spe|1
|move|p1a: Blaziken|Heat Wave|p2b: Adr. & Adr.|[spread] 
|-miss|p1a: Blaziken|p2a: Vulfmon
|-miss|p1a: Blaziken|p2b: Adr. & Adr.
|move|p2b: Adr. & Adr.|Taunt|p1a: Blaziken
|-start|p1a: Blaziken|move: Taunt
|
|upkeep
|turn|4
|inactive|PTP_VGC has 30 seconds left.
|inactive|PTP_VGC has 20 seconds left.
|inactive|PTP_VGC has 15 seconds left.
|inactive|PTP_VGC has 10 seconds left.
|inactive|PTP_VGC has 5 seconds left.
|
|t:|1755232623
|move|p2a: Vulfmon|Protect|p2a: Vulfmon
|-singleturn|p2a: Vulfmon|Protect
|move|p2b: Adr. & Adr.|Protect|p2b: Adr. & Adr.
|-singleturn|p2b: Adr. & Adr.|Protect
|move|p1b: Baxcalibur|Scale Shot|p2b: Adr. & Adr.
|-activate|p2b: Adr. & Adr.|move: Protect
|move|p1a: Blaziken|Aura Sphere|p2a: Vulfmon
|-activate|p2a: Vulfmon|move: Protect
|
|upkeep
|turn|5
|
|t:|1755232641
|move|p2a: Vulfmon|Extreme Speed|p1b: Baxcalibur
|-crit|p1b: Baxcalibur
|-damage|p1b: Baxcalibur|0 fnt
|faint|p1b: Baxcalibur
|move|p1a: Blaziken|Heat Wave|p2a: Vulfmon|[spread] p2a,p2b
|-resisted|p2a: Vulfmon
|-damage|p2a: Vulfmon|92/100
|-damage|p2b: Adr. & Adr.|0 fnt
|faint|p2b: Adr. & Adr.
|-end|p2b: Adr. & Adr.|ability: Neutralizing Gas
|
|-ability|p1a: Blaziken|Speed Boost|boost
|-boost|p1a: Blaziken|spe|1
|upkeep
|
|t:|1755232651
|switch|p1b: Basculegion|Basculegion, L50, M|100/100
|switch|p2b: Back Pocket|Pawmot, L50, M|100/100
|turn|6
|
|t:|1755232670
|move|p2b: Back Pocket|Protect|p2b: Back Pocket
|-singleturn|p2b: Back Pocket|Protect
|move|p2a: Vulfmon|Extreme Speed|p1a: Blaziken
|-damage|p1a: Blaziken|42/100
|move|p1b: Basculegion|Aqua Jet|p2a: Vulfmon
|-supereffective|p2a: Vulfmon
|-damage|p2a: Vulfmon|0 fnt
|faint|p2a: Vulfmon
|-damage|p1b: Basculegion|91/100|[from] item: Life Orb
|move|p1a: Blaziken|Heat Wave|p2b: Back Pocket
|-activate|p2b: Back Pocket|move: Protect
|
|-end|p1a: Blaziken|move: Taunt
|-ability|p1a: Blaziken|Speed Boost|boost
|-boost|p1a: Blaziken|spe|1
|upkeep
|
|t:|1755232672
|switch|p2a: Speedwalker|Weavile, L50, M|9/100
|-ability|p2a: Speedwalker|Pressure
|turn|7
|inactive|PTP_VGC has 30 seconds left.
|
|t:|1755232699
|-terastallize|p2b: Back Pocket|Stellar
|move|p1a: Blaziken|Detect|p1a: Blaziken
|-singleturn|p1a: Blaziken|Protect
|move|p2a: Speedwalker|Fake Out|p1a: Blaziken
|-activate|p1a: Blaziken|move: Protect
|move|p1b: Basculegion|Aqua Jet|p2b: Back Pocket
|-damage|p2b: Back Pocket|57/100
|-damage|p1b: Basculegion|81/100|[from] item: Life Orb
|move|p2b: Back Pocket|Double Shock|p1b: Basculegion
|-supereffective|p1b: Basculegion
|-damage|p1b: Basculegion|0 fnt
|-start|p2b: Back Pocket|typechange|Electric/Fighting|[from] move: Double Shock
|faint|p1b: Basculegion
|
|-ability|p1a: Blaziken|Speed Boost|boost
|-boost|p1a: Blaziken|spe|1
|upkeep
|
|t:|1755232711
|switch|p1b: Pikachu|Pikachu, L50, M|100/100
|turn|8
|
|t:|1755232723
|move|p2a: Speedwalker|Protect|p2a: Speedwalker
|-singleturn|p2a: Speedwalker|Protect
|move|p1b: Pikachu|Fake Out|p2b: Back Pocket
|-damage|p2b: Back Pocket|32/100
|move|p1a: Blaziken|Heat Wave|p2b: Back Pocket|[spread] p2b
|-activate|p2a: Speedwalker|move: Protect
|-damage|p2b: Back Pocket|0 fnt
|faint|p2b: Back Pocket
|
|-ability|p1a: Blaziken|Speed Boost|boost
|-boost|p1a: Blaziken|spe|1
|upkeep
|turn|9
|-message|PTP_VGC forfeited.
|
|win|AshVGCMX
|raw|AshVGCMX's rating: 1193 → 1226(+33 for winning)
|raw|PTP_VGC's rating: 1314 → 1287(-27 for losing)
|l|☆PTP_VGC
|player|p2|
|l|☆AshVGCMX
|player|p1|
|j|☆AshVGCMX
|player|p1|AshVGCMX|265|
