|j|☆Zaxxxxxx
|j|☆lox1sm
|html|Zaxxxxxxlox1sm    
|uhtml|bestof|Game 2 of a best-of-3
|t:|1782304778
|gametype|doubles
|player|p1|Zaxxxxxx|benga|1282
|player|p2|lox1sm|veteran|1161
|gen|9
|tier|[Gen 9 Champions] VGC 2026 Reg M-B (Bo3)
|rated|
|rule|Species Clause: Limit one of each Pokémon
|rule|Item Clause: Limit 1 of each item
|clearpoke
|poke|p1|Farigiraf, L50, F, shiny|
|poke|p1|Charizard, L50, F, shiny|
|poke|p1|Sylveon, L50, M, shiny|
|poke|p1|Kingambit, L50, F|
|poke|p1|Aerodactyl, L50, F, shiny|
|poke|p1|Garchomp, L50, M, shiny|
|poke|p2|Charizard, L50, M|
|poke|p2|Metagross, L50|
|poke|p2|Aerodactyl, L50, M|
|poke|p2|Garchomp, L50, F|
|poke|p2|Tsareena, L50, F|
|poke|p2|Samurott-Hisui, L50, M|
|teampreview|4
|showteam|p1|Farigiraf||SitrusBerry|ArmorTail|Roar,TrickRoom,TwinBeam,Thunderbolt|Modest||F|||50|]Charizard||CharizarditeY|Blaze|SolarBeam,Protect,HeatWave,WeatherBall|Modest||F|||50|]Sylveon||FairyFeather|Pixilate|Protect,HyperBeam,HyperVoice,QuickAttack|Modest||M|||50|]Kingambit||FocusSash|Defiant|SuckerPunch,KowtowCleave,IronHead,LowKick|Adamant||F|||50|]Aerodactyl||Aerodactylite|Unnerve|IceFang,DualWingbeat,Tailwind,RockSlide|Jolly||F|||50|]Garchomp||LifeOrb|RoughSkin|Protect,PoisonJab,DragonClaw,StompingTantrum|Serious||M|||50|
|showteam|p2|Charizard||CharizarditeY|Blaze|HeatWave,WeatherBall,SolarBeam,Protect|Modest||M|||50|]Metagross||Metagrossite|ClearBody|IronHead,PsychicFangs,StompingTantrum,Protect|Jolly|||||50|]Aerodactyl||FocusSash|Unnerve|RockSlide,IceFang,Tailwind,WideGuard|Jolly||M|||50|]Garchomp||LifeOrb|RoughSkin|DragonClaw,Earthquake,RockSlide,Protect|Jolly||F|||50|]Tsareena||WideLens|QueenlyMajesty|PowerWhip,TripleAxel,Taunt,Protect|Adamant||F|||50|]Samurott-Hisui||BlackGlasses|Sharpness|NightSlash,SuckerPunch,SacredSword,Protect|Adamant||M|||50|
|inactive|Battle timer is ON: inactive players will automatically lose when time's up. (requested by Zaxxxxxx)
|
|t:|1782304828
|teamsize|p1|4
|teamsize|p2|4
|start
|switch|p1a: Garchomp|Garchomp, L50, M, shiny|100/100
|switch|p1b: Aerodactyl|Aerodactyl, L50, F, shiny|100/100
|switch|p2a: Aerodactyl|Aerodactyl, L50, M|100/100
|switch|p2b: Tsareena|Tsareena, L50, F|100/100
|-ability|p2a: Aerodactyl|Unnerve
|-ability|p1b: Aerodactyl|Unnerve
|turn|1
|inactive|Zaxxxxxx has 30 seconds left.
|
|t:|1782304858
|detailschange|p1b: Aerodactyl|Aerodactyl-Mega, L50, F, shiny
|-mega|p1b: Aerodactyl|Aerodactyl|Aerodactylite
|move|p2b: Tsareena|Protect|p2b: Tsareena
|-singleturn|p2b: Tsareena|Protect
|move|p1b: Aerodactyl|Dual Wingbeat|p2b: Tsareena
|-activate|p2b: Tsareena|move: Protect
|move|p2a: Aerodactyl|Tailwind|p2a: Aerodactyl
|-sidestart|p2: lox1sm|move: Tailwind
|move|p1a: Garchomp|Dragon Claw|p2a: Aerodactyl
|-damage|p2a: Aerodactyl|22/100
|-damage|p1a: Garchomp|90/100|[from] item: Life Orb
|
|upkeep
|turn|2
|inactive|lox1sm has 30 seconds left.
|
|t:|1782304886
|move|p1a: Garchomp|Protect|p1a: Garchomp
|-singleturn|p1a: Garchomp|Protect
|move|p2a: Aerodactyl|Rock Slide|p1b: Aerodactyl|[spread] p1b
|-activate|p1a: Garchomp|move: Protect
|-supereffective|p1b: Aerodactyl|1
|-damage|p1b: Aerodactyl|34/100
|move|p2b: Tsareena|Triple Axel|p1b: Aerodactyl
|-supereffective|p1b: Aerodactyl|1
|-crit|p1b: Aerodactyl
|-damage|p1b: Aerodactyl|3/100
|-supereffective|p1b: Aerodactyl|1
|-damage|p1b: Aerodactyl|0 fnt
|faint|p1b: Aerodactyl
|-hitcount|p1: Aerodactyl|2
|
|upkeep
|
|t:|1782304900
|switch|p1b: Sylveon|Sylveon, L50, M, shiny|100/100
|turn|3
|inactive|lox1sm has 30 seconds left.
|inactive|lox1sm has 20 seconds left.
|
|t:|1782304935
|move|p2a: Aerodactyl|Rock Slide|p1b: Sylveon|[spread] p1a,p1b
|-resisted|p1a: Garchomp|1
|-damage|p1a: Garchomp|79/100
|-damage|p1b: Sylveon|74/100
|move|p2b: Tsareena|Power Whip|p1b: Sylveon
|-damage|p1b: Sylveon|5/100
|move|p1a: Garchomp|Poison Jab|p2b: Tsareena
|-supereffective|p2b: Tsareena|1
|-damage|p2b: Tsareena|19/100
|-damage|p1a: Garchomp|70/100|[from] item: Life Orb
|move|p1b: Sylveon|Hyper Voice|p2b: Tsareena|[spread] p2a,p2b
|-damage|p2a: Aerodactyl|0 fnt
|-damage|p2b: Tsareena|0 fnt
|faint|p2a: Aerodactyl
|faint|p2b: Tsareena
|
|upkeep
|
|t:|1782304951
|switch|p2a: Garchomp|Garchomp, L50, F|100/100
|switch|p2b: Metagross|Metagross, L50|100/100
|turn|4
|
|t:|1782304964
|detailschange|p2b: Metagross|Metagross-Mega, L50
|-mega|p2b: Metagross|Metagross|Metagrossite
|move|p1a: Garchomp|Protect|p1a: Garchomp
|-singleturn|p1a: Garchomp|Protect
|move|p1b: Sylveon|Quick Attack|p2a: Garchomp
|-supereffective|p2a: Garchomp|1
|-damage|p2a: Garchomp|74/100
|-damage|p1b: Sylveon|0 fnt|[from] ability: Rough Skin|[of] p2a: Garchomp
|faint|p1b: Sylveon
|move|p2b: Metagross|Stomping Tantrum|p1a: Garchomp
|-activate|p1a: Garchomp|move: Protect
|move|p2a: Garchomp|Rock Slide|p1a: Garchomp
|-activate|p1a: Garchomp|move: Protect
|
|-sideend|p2: lox1sm|move: Tailwind
|upkeep
|
|t:|1782304978
|switch|p1b: Kingambit|Kingambit, L50, F|100/100
|turn|5
|inactive|lox1sm has 30 seconds left.
|
|t:|1782305004
|move|p2b: Metagross|Stomping Tantrum|p1a: Garchomp
|-damage|p1a: Garchomp|39/100
|-damage|p2b: Metagross|87/100|[from] ability: Rough Skin|[of] p1a: Garchomp
|move|p2a: Garchomp|Earthquake|p1b: Kingambit|[spread] p2b,p1a,p1b
|-supereffective|p2b: Metagross|1
|-supereffective|p1b: Kingambit|1
|-damage|p2b: Metagross|5/100
|-damage|p1a: Garchomp|0 fnt
|-damage|p1b: Kingambit|16/100
|faint|p1a: Garchomp
|-damage|p2a: Garchomp|64/100|[from] item: Life Orb
|move|p1b: Kingambit|Kowtow Cleave|p2b: Metagross
|-supereffective|p2b: Metagross|1
|-damage|p2b: Metagross|0 fnt
|faint|p2b: Metagross
|
|upkeep
|turn|6
|
|t:|1782305019
|move|p1b: Kingambit|Sucker Punch|p2a: Garchomp
|-damage|p2a: Garchomp|21/100
|-damage|p1b: Kingambit|3/100|[from] ability: Rough Skin|[of] p2a: Garchomp
|move|p2a: Garchomp|Earthquake|p1b: Kingambit
|-supereffective|p1b: Kingambit|1
|-damage|p1b: Kingambit|0 fnt
|faint|p1b: Kingambit
|-damage|p2a: Garchomp|11/100|[from] item: Life Orb
|
|win|lox1sm
||Zaxxxxxx is ready for game 3.
|inactive|lox1sm has 30 seconds to confirm battle start!
||lox1sm is ready for game 3.
|uhtml|next|Next: Game 3 of 3
|l|☆Zaxxxxxx
|player|p1|
