|j|☆mechabicho_14
|j|☆Sunnymight
|html|mechabicho_14Sunnymight    
|uhtml|bestof|Game 2 of a best-of-3
|t:|1757808962
|gametype|doubles
|player|p1|mechabicho_14|169|1164
|player|p2|Sunnymight|170|1165
|gen|9
|tier|[Gen 9] VGC 2025 Reg H (Bo3)
|rated|
|rule|Species Clause: Limit one of each Pokémon
|rule|Item Clause: Limit 1 of each item
|clearpoke
|poke|p1|Armarouge, L50, F|
|poke|p1|Kingambit, L50, M|
|poke|p1|Sneasler, L50, M|
|poke|p1|Ursaluna, L50, F|
|poke|p1|Dragonite, L50, M|
|poke|p1|Indeedee-F, L50, F|
|poke|p2|Maushold-Four, L50|
|poke|p2|Pelipper, L50, F|
|poke|p2|Annihilape, L50, M|
|poke|p2|Archaludon, L50, F|
|poke|p2|Grimmsnarl, L50, M|
|poke|p2|Sinistcha, L50|
|teampreview|4
|showteam|p1|Armarouge||PowerLens|FlashFire|Protect,ArmorCannon,TrickRoom,ExpandingForce|||F|||50|,,,,,Grass]Kingambit||AssaultVest|Defiant|IronHead,SuckerPunch,KowtowCleave,TeraBlast|||M|||50|,,,,,Fairy]Sneasler||FocusSash|PoisonTouch|FakeOut,DireClaw,CloseCombat,Coaching|||M|||50|,,,,,Ghost]Ursaluna||FlameOrb|Guts|Protect,HeadlongRush,Earthquake,Facade|||F|||50|,,,,,Ghost]Dragonite||LoadedDice|Multiscale|Protect,Haze,ScaleShot,Tailwind|||M|||50|,,,,,Fairy]Indeedee-F||SafetyGoggles|PsychicSurge|Psychic,HelpingHand,TrickRoom,FollowMe|||F|||50|,,,,,Fairy
|showteam|p2|Maushold-Four||SafetyGoggles|FriendGuard|Taunt,BeatUp,FollowMe,Protect||||||50|,,,,,Ghost]Pelipper||FocusSash|Drizzle|Protect,Tailwind,WeatherBall,Hurricane|||F|||50|,,,,,Ground]Annihilape||ChoiceScarf|Defiant|RockSlide,RageFist,FinalGambit,CloseCombat|||M|||50|,,,,,Dragon]Archaludon||AssaultVest|Stamina|DracoMeteor,ElectroShot,BodyPress,Snarl|||F|||50|,,,,,Bug]Grimmsnarl||LightClay|Prankster|Reflect,LightScreen,FoulPlay,ThunderWave|||M|||50|,,,,,Ghost]Sinistcha||SitrusBerry|Hospitality|LifeDew,TrickRoom,StrengthSap,MatchaGotcha||||||50|,,,,,Dragon
|
|t:|1757808983
|teamsize|p1|4
|teamsize|p2|4
|start
|switch|p1a: Indeedee|Indeedee-F, L50, F|100/100
|switch|p1b: Armarouge|Armarouge, L50, F|100/100
|switch|p2a: Annihilape|Annihilape, L50, M|100/100
|switch|p2b: Maushold|Maushold-Four, L50|100/100
|-fieldstart|move: Psychic Terrain|[from] ability: Psychic Surge|[of] p1a: Indeedee
|turn|1
|
|t:|1757809028
|move|p1a: Indeedee|Follow Me|p1a: Indeedee
|-singleturn|p1a: Indeedee|move: Follow Me
|move|p2b: Maushold|Taunt|p1a: Indeedee
|-start|p1a: Indeedee|move: Taunt
|move|p2a: Annihilape|Rock Slide|p1b: Armarouge|[spread] p1a,p1b
|-supereffective|p1b: Armarouge
|-damage|p1a: Indeedee|82/100
|-damage|p1b: Armarouge|62/100
|move|p1b: Armarouge|Trick Room|p1b: Armarouge
|-fieldstart|move: Trick Room|[of] p1b: Armarouge
|
|upkeep
|turn|2
|
|t:|1757809049
|-terastallize|p2a: Annihilape|Dragon
|move|p2b: Maushold|Protect|p2b: Maushold
|-singleturn|p2b: Maushold|Protect
|move|p1b: Armarouge|Expanding Force|p2b: Maushold|[spread] p2a
|-activate|p2b: Maushold|move: Protect
|-damage|p2a: Annihilape|58/100
|move|p1a: Indeedee|Psychic|p2b: Maushold
|-activate|p2b: Maushold|move: Protect
|move|p2a: Annihilape|Rock Slide|p1a: Indeedee|[spread] p1a,p1b
|-supereffective|p1b: Armarouge
|-damage|p1a: Indeedee|63/100
|-damage|p1b: Armarouge|24/100
|
|upkeep
|turn|3
|
|t:|1757809067
|move|p1b: Armarouge|Expanding Force|p2b: Maushold|[spread] p2a,p2b
|-damage|p2a: Annihilape|10/100
|-damage|p2b: Maushold|23/100
|move|p1a: Indeedee|Psychic|p2a: Annihilape
|-damage|p2a: Annihilape|0 fnt
|faint|p2a: Annihilape
|move|p2b: Maushold|Beat Up|p1b: Armarouge
|-supereffective|p1b: Armarouge
|-damage|p1b: Armarouge|19/100
|-supereffective|p1b: Armarouge
|-damage|p1b: Armarouge|13/100
|-supereffective|p1b: Armarouge
|-damage|p1b: Armarouge|8/100
|-hitcount|p1b: Armarouge|3
|
|upkeep
|
|t:|1757809078
|switch|p2a: Archaludon|Archaludon, L50, F|100/100
|turn|4
|
|t:|1757809096
|move|p1b: Armarouge|Protect|p1b: Armarouge
|-singleturn|p1b: Armarouge|Protect
|move|p2b: Maushold|Protect|p2b: Maushold
|-singleturn|p2b: Maushold|Protect
|move|p1a: Indeedee|Psychic|p2b: Maushold
|-activate|p2b: Maushold|move: Protect
|move|p2a: Archaludon|Snarl|p1b: Armarouge|[spread] p1a
|-activate|p1b: Armarouge|move: Protect
|-supereffective|p1a: Indeedee
|-damage|p1a: Indeedee|40/100
|-unboost|p1a: Indeedee|spa|1
|
|-end|p1a: Indeedee|move: Taunt
|upkeep
|turn|5
|
|t:|1757809133
|move|p2b: Maushold|Protect||[still]
|-fail|p2b: Maushold
|move|p1a: Indeedee|Follow Me|p1a: Indeedee
|-singleturn|p1a: Indeedee|move: Follow Me
|move|p1b: Armarouge|Armor Cannon|p2b: Maushold
|-damage|p2b: Maushold|0 fnt
|-unboost|p1b: Armarouge|def|1
|-unboost|p1b: Armarouge|spd|1
|faint|p2b: Maushold
|move|p2a: Archaludon|Snarl|p1a: Indeedee|[spread] p1a,p1b
|-supereffective|p1a: Indeedee
|-supereffective|p1b: Armarouge
|-damage|p1a: Indeedee|15/100
|-damage|p1b: Armarouge|0 fnt
|-unboost|p1a: Indeedee|spa|1
|faint|p1b: Armarouge
|
|-fieldend|move: Trick Room
|-fieldend|move: Psychic Terrain
|upkeep
|
|t:|1757809147
|switch|p2b: Pelipper|Pelipper, L50, F, shiny|100/100
|switch|p1b: Ursaluna|Ursaluna, L50, F|100/100
|-weather|RainDance|[from] ability: Drizzle|[of] p2b: Pelipper
|turn|6
|
|t:|1757809165
|move|p1b: Ursaluna|Protect|p1b: Ursaluna
|-singleturn|p1b: Ursaluna|Protect
|move|p2a: Archaludon|Electro Shot||[still]
|-prepare|p2a: Archaludon|Electro Shot
|-boost|p2a: Archaludon|spa|1
|-anim|p2a: Archaludon|Electro Shot|p1a: Indeedee
|-damage|p1a: Indeedee|0 fnt
|faint|p1a: Indeedee
|move|p2b: Pelipper|Weather Ball|p1b: Ursaluna
|-activate|p1b: Ursaluna|move: Protect
|
|-weather|RainDance|[upkeep]
|-status|p1b: Ursaluna|brn|[from] item: Flame Orb
|upkeep
|
|t:|1757809171
|switch|p1a: Sneasler|Sneasler, L50, M|100/100
|turn|7
|
|t:|1757809216
|move|p1a: Sneasler|Fake Out|p2b: Pelipper
|-damage|p2b: Pelipper|81/100
|move|p2a: Archaludon|Electro Shot||[still]
|-prepare|p2a: Archaludon|Electro Shot
|-boost|p2a: Archaludon|spa|1
|-anim|p2a: Archaludon|Electro Shot|p1a: Sneasler
|-enditem|p1a: Sneasler|Focus Sash
|-damage|p1a: Sneasler|1/100
|cant|p2b: Pelipper|flinch
|move|p1b: Ursaluna|Headlong Rush|p2a: Archaludon
|-supereffective|p2a: Archaludon
|-damage|p2a: Archaludon|0 fnt
|-unboost|p1b: Ursaluna|def|1
|-unboost|p1b: Ursaluna|spd|1
|faint|p2a: Archaludon
|
|-weather|RainDance|[upkeep]
|-damage|p1b: Ursaluna|95/100 brn|[from] brn
|upkeep
|turn|8
|
|t:|1757809242
|-terastallize|p1b: Ursaluna|Ghost
|move|p1a: Sneasler|Dire Claw|p2b: Pelipper
|-damage|p2b: Pelipper|23/100
|-status|p2b: Pelipper|par
|move|p2b: Pelipper|Weather Ball|p1b: Ursaluna
|-damage|p1b: Ursaluna|3/100 brn
|move|p1b: Ursaluna|Facade|p2b: Pelipper
|-damage|p2b: Pelipper|0 fnt
|faint|p2b: Pelipper
|
|win|mechabicho_14
