|j|☆aefrmm
|j|☆Aseguradoras Gomez
|html|aefrmmAseguradoras Gomez    
|uhtml|bestof|Game 2 of a best-of-3
|t:|1756435375
|gametype|doubles
|player|p1|aefrmm|pokemonrangerf-gen4|1147
|player|p2|Aseguradoras Gomez|iono|1226
|gen|9
|tier|[Gen 9] VGC 2025 Reg H (Bo3)
|rated|
|rule|Species Clause: Limit one of each Pokémon
|rule|Item Clause: Limit 1 of each item
|clearpoke
|poke|p1|Ninetales-Alola, L50, F|
|poke|p1|Basculegion, L50, M|
|poke|p1|Magmar, L50, M|
|poke|p1|Sneasler, L50, M|
|poke|p1|Rillaboom, L50, M|
|poke|p1|Kingambit, L50, M|
|poke|p2|Kommo-o, L50, M|
|poke|p2|Electabuzz, L50, F|
|poke|p2|Rillaboom, L50, M|
|poke|p2|Talonflame, L50, M|
|poke|p2|Kingambit, L50, F|
|poke|p2|Ursaluna-Bloodmoon, L50, M|
|teampreview|4
|showteam|p1|Ninetales-Alola||LifeOrb|SnowWarning|Blizzard,FreezeDry,Encore,Protect|||F|||50|,,,,,Ghost]Basculegion||ChoiceScarf|Adaptability|WaveCrash,LastRespects,FlipTurn,TeraBlast|||M|||50|,,,,,Fighting]Magmar||Eviolite|VitalSpirit|Taunt,HeatWave,FollowMe,Protect|||M|||50|,,,,,Water]Sneasler||FocusSash|PoisonTouch|CloseCombat,DireClaw,FakeOut,Protect|||M|||50|,,,,,Stellar]Rillaboom||AssaultVest|GrassySurge|WoodHammer,GrassyGlide,Uturn,FakeOut|||M|||50|,,,,,Water]Kingambit||BlackGlasses|Defiant|KowtowCleave,SuckerPunch,SwordsDance,Protect|||M|||50|,,,,,Fire
|showteam|p2|Kommo-o||ThroatSpray|Soundproof|ClangingScales,AuraSphere,ClangorousSoul,Protect|||M|||50|,,,,,Steel]Electabuzz||Eviolite|VitalSpirit|Electroweb,HelpingHand,FollowMe,Protect|||F|||50|,,,,,Ghost]Rillaboom||AssaultVest|GrassySurge|GrassyGlide,WoodHammer,FakeOut,Uturn|||M|||50|,,,,,Fire]Talonflame||CovertCloak|GaleWings|Tailwind,DualWingbeat,WillOWisp,Taunt|||M|||50|,,,,,Grass]Kingambit||BlackGlasses|Defiant|Assurance,SuckerPunch,SwordsDance,Protect|||F|||50|,,,,,Dark]Ursaluna-Bloodmoon||LifeOrb|MindsEye|BloodMoon,HyperVoice,EarthPower,Protect|||M|||50|,,,,,Normal
|inactive|Battle timer is ON: inactive players will automatically lose when time's up. (requested by aefrmm)
|inactive|aefrmm has 60 seconds left.
|
|t:|1756435432
|teamsize|p1|4
|teamsize|p2|4
|start
|switch|p1a: Rillaboom|Rillaboom, L50, M|100/100
|switch|p1b: Kingambit|Kingambit, L50, M|100/100
|switch|p2a: Electabuzz|Electabuzz, L50, F|100/100
|switch|p2b: Kommo-o|Kommo-o, L50, M, shiny|100/100
|-fieldstart|move: Grassy Terrain|[from] ability: Grassy Surge|[of] p1a: Rillaboom
|turn|1
|inactive|aefrmm has 30 seconds left.
|
|t:|1756435457
|switch|p2a: Talonflame|Talonflame, L50, M|100/100
|-terastallize|p1b: Kingambit|Fire
|move|p2b: Kommo-o|Aura Sphere|p1b: Kingambit
|-damage|p1b: Kingambit|62/100
|move|p1a: Rillaboom|U-turn|p2b: Kommo-o
|-resisted|p2b: Kommo-o
|-damage|p2b: Kommo-o|90/100
|
|t:|1756435471
|switch|p1a: Ninetales|Ninetales-Alola, L50, F|100/100|[from] U-turn
|-weather|Snowscape|[from] ability: Snow Warning|[of] p1a: Ninetales
|move|p1b: Kingambit|Swords Dance|p1b: Kingambit
|-boost|p1b: Kingambit|atk|2
|
|-weather|Snowscape|[upkeep]
|-heal|p2b: Kommo-o|96/100|[from] Grassy Terrain
|-heal|p1b: Kingambit|68/100|[from] Grassy Terrain
|upkeep
|turn|2
|
|t:|1756435494
|-terastallize|p2b: Kommo-o|Steel
|move|p2a: Talonflame|Tailwind|p2a: Talonflame
|-sidestart|p2: Aseguradoras Gomez|move: Tailwind
|move|p1b: Kingambit|Sucker Punch||[still]
|-fail|p1b: Kingambit
|move|p2b: Kommo-o|Clangorous Soul|p2b: Kommo-o
|-boost|p2b: Kommo-o|atk|1
|-boost|p2b: Kommo-o|def|1
|-boost|p2b: Kommo-o|spa|1
|-boost|p2b: Kommo-o|spd|1
|-boost|p2b: Kommo-o|spe|1
|-damage|p2b: Kommo-o|63/100
|-enditem|p2b: Kommo-o|Throat Spray
|-boost|p2b: Kommo-o|spa|1|[from] item: Throat Spray
|move|p1a: Ninetales|Blizzard|p2b: Kommo-o|[spread] p2a,p2b
|-resisted|p2b: Kommo-o
|-damage|p2a: Talonflame|41/100
|-damage|p2b: Kommo-o|49/100
|-damage|p1a: Ninetales|91/100|[from] item: Life Orb
|
|-weather|Snowscape|[upkeep]
|-heal|p2b: Kommo-o|55/100|[from] Grassy Terrain
|-heal|p1a: Ninetales|97/100|[from] Grassy Terrain
|-heal|p1b: Kingambit|74/100|[from] Grassy Terrain
|upkeep
|turn|3
|inactive|aefrmm has 30 seconds left.
|inactive|Aseguradoras Gomez has 30 seconds left.
|
|t:|1756435524
|switch|p2a: Electabuzz|Electabuzz, L50, F|100/100
|move|p2b: Kommo-o|Protect|p2b: Kommo-o
|-singleturn|p2b: Kommo-o|Protect
|move|p1a: Ninetales|Protect|p1a: Ninetales
|-singleturn|p1a: Ninetales|Protect
|move|p1b: Kingambit|Kowtow Cleave|p2a: Electabuzz
|-damage|p2a: Electabuzz|9/100
|
|-weather|Snowscape|[upkeep]
|-heal|p2b: Kommo-o|61/100|[from] Grassy Terrain
|-heal|p2a: Electabuzz|15/100|[from] Grassy Terrain
|-heal|p1a: Ninetales|100/100|[from] Grassy Terrain
|-heal|p1b: Kingambit|80/100|[from] Grassy Terrain
|upkeep
|turn|4
|
|t:|1756435544
|move|p2a: Electabuzz|Follow Me|p2a: Electabuzz
|-singleturn|p2a: Electabuzz|move: Follow Me
|move|p2b: Kommo-o|Aura Sphere|p1b: Kingambit
|-damage|p1b: Kingambit|0 fnt
|faint|p1b: Kingambit
|move|p1a: Ninetales|Blizzard|p2a: Electabuzz|[spread] p2a,p2b
|-resisted|p2b: Kommo-o
|-damage|p2a: Electabuzz|0 fnt
|-damage|p2b: Kommo-o|46/100
|faint|p2a: Electabuzz
|-damage|p1a: Ninetales|91/100|[from] item: Life Orb
|
|-weather|Snowscape|[upkeep]
|-heal|p2b: Kommo-o|51/100|[from] Grassy Terrain
|-heal|p1a: Ninetales|97/100|[from] Grassy Terrain
|upkeep
|
|t:|1756435560
|switch|p2a: Rillaboom|Rillaboom, L50, M|100/100
|switch|p1b: Sneasler|Sneasler, L50, M|100/100
|turn|5
|
|t:|1756435574
|move|p1a: Ninetales|Protect|p1a: Ninetales
|-singleturn|p1a: Ninetales|Protect
|move|p1b: Sneasler|Protect|p1b: Sneasler
|-singleturn|p1b: Sneasler|Protect
|move|p2a: Rillaboom|Fake Out|p1a: Ninetales
|-activate|p1a: Ninetales|move: Protect
|move|p2b: Kommo-o|Aura Sphere|p1a: Ninetales
|-activate|p1a: Ninetales|move: Protect
|
|-weather|none
|-heal|p2b: Kommo-o|57/100|[from] Grassy Terrain
|-heal|p1a: Ninetales|100/100|[from] Grassy Terrain
|-sideend|p2: Aseguradoras Gomez|move: Tailwind
|-fieldend|move: Grassy Terrain
|upkeep
|turn|6
|
|t:|1756435592
|switch|p1a: Rillaboom|Rillaboom, L50, M|100/100
|-fieldstart|move: Grassy Terrain|[from] ability: Grassy Surge|[of] p1a: Rillaboom
|move|p2b: Kommo-o|Protect|p2b: Kommo-o
|-singleturn|p2b: Kommo-o|Protect
|move|p1b: Sneasler|Close Combat|p2b: Kommo-o
|-activate|p2b: Kommo-o|move: Protect
|move|p2a: Rillaboom|U-turn|p1b: Sneasler
|-resisted|p1b: Sneasler
|-damage|p1b: Sneasler|92/100
|
|t:|1756435602
|switch|p2a: Talonflame|Talonflame, L50, M|41/100|[from] U-turn
|
|-heal|p2b: Kommo-o|63/100|[from] Grassy Terrain
|-heal|p1b: Sneasler|97/100|[from] Grassy Terrain
|upkeep
|turn|7
|
|t:|1756435626
|move|p1a: Rillaboom|Grassy Glide|p2a: Talonflame
|-resisted|p2a: Talonflame
|-damage|p2a: Talonflame|29/100
|move|p2b: Kommo-o|Aura Sphere|p1a: Rillaboom
|-damage|p1a: Rillaboom|47/100
|move|p2a: Talonflame|Dual Wingbeat|p1a: Rillaboom
|-supereffective|p1a: Rillaboom
|-damage|p1a: Rillaboom|18/100
|-supereffective|p1a: Rillaboom
|-damage|p1a: Rillaboom|0 fnt
|faint|p1a: Rillaboom
|-hitcount|p1: Rillaboom|2
|move|p1b: Sneasler|Close Combat|p2b: Kommo-o
|-supereffective|p2b: Kommo-o
|-damage|p2b: Kommo-o|0 fnt
|-unboost|p1b: Sneasler|def|1
|-unboost|p1b: Sneasler|spd|1
|faint|p2b: Kommo-o
|
|-heal|p1b: Sneasler|100/100|[from] Grassy Terrain
|upkeep
|
|t:|1756435639
|switch|p2b: Rillaboom|Rillaboom, L50, M|100/100
|switch|p1a: Ninetales|Ninetales-Alola, L50, F|100/100
|-weather|Snowscape|[from] ability: Snow Warning|[of] p1a: Ninetales
|turn|8
|inactive|aefrmm has 30 seconds left.
|inactive|aefrmm has 20 seconds left.
|inactive|aefrmm has 15 seconds left.
|inactive|aefrmm has 10 seconds left.
|
|t:|1756435693
|move|p2a: Talonflame|Tailwind|p2a: Talonflame
|-sidestart|p2: Aseguradoras Gomez|move: Tailwind
|move|p2b: Rillaboom|Wood Hammer|p1a: Ninetales
|-crit|p1a: Ninetales
|-damage|p1a: Ninetales|0 fnt
|faint|p1a: Ninetales
|-damage|p2b: Rillaboom|77/100|[from] Recoil
|move|p1b: Sneasler|Dire Claw|p2a: Talonflame
|-damage|p2a: Talonflame|0 fnt
|faint|p2a: Talonflame
|
|-weather|Snowscape|[upkeep]
|-heal|p2b: Rillaboom|83/100|[from] Grassy Terrain
|upkeep
|turn|9
|
|t:|1756435706
|move|p2b: Rillaboom|Wood Hammer|p1b: Sneasler
|-resisted|p1b: Sneasler
|-damage|p1b: Sneasler|4/100
|-damage|p2b: Rillaboom|58/100|[from] Recoil
|move|p1b: Sneasler|Dire Claw|p2b: Rillaboom
|-supereffective|p2b: Rillaboom
|-damage|p2b: Rillaboom|0 fnt
|faint|p2b: Rillaboom
|
|win|aefrmm
|raw|aefrmm's rating: 1147 → 1178(+31 for winning)
|raw|Aseguradoras Gomez's rating: 1226 → 1195(-31 for losing)
