|j|☆natsukivgc
|j|☆jotikun
|html|natsukivgcjotikun    
|uhtml|bestof|Game 1 of a best-of-3
|t:|1786019544
|gametype|doubles
|player|p1|natsukivgc|101|
|player|p2|jotikun|depotagent|
|gen|9
|tier|[Gen 9 Champions] VGC 2026 Reg M-B (Bo3)
|rule|Species Clause: Limit one of each Pokémon
|rule|Item Clause: Limit 1 of each item
|clearpoke
|poke|p1|Hydreigon, L50, F|
|poke|p1|Garchomp, L50, F|
|poke|p1|Metagross, L50|
|poke|p1|Charizard, L50, F|
|poke|p1|Grimmsnarl, L50, M|
|poke|p1|Toxapex, L50, F|
|poke|p2|Gengar, L50, F|
|poke|p2|Archaludon, L50, M|
|poke|p2|Politoed, L50, F|
|poke|p2|Sinistcha-Masterpiece, L50|
|poke|p2|Incineroar, L50, M|
|poke|p2|Froslass, L50, F|
|teampreview|4
|showteam|p1|Hydreigon||ChoiceScarf|Levitate|HeatWave,DarkPulse,DracoMeteor,Snarl|Modest||F|||50|]Garchomp||SitrusBerry|RoughSkin|Earthquake,RockSlide,DragonClaw,Protect|Adamant||F|||50|]Metagross||Metagrossite|ClearBody|IronHead,HammerArm,BulletPunch,Protect|Adamant|||||50|]Charizard||CharizarditeY|Blaze|Protect,HeatWave,SolarBeam,WeatherBall|Timid||F|||50|]Grimmsnarl||RoseliBerry|Prankster|FakeOut,FoulPlay,Reflect,PartingShot|Sassy||M|||50|]Toxapex||Leftovers|Regenerator|Infestation,Toxic,BanefulBunker,WideGuard|Bold||F|||50|
|showteam|p2|Gengar||Gengarite|CursedBody|ShadowBall,SludgeBomb,PerishSong,Protect|Timid||F|||50|]Archaludon||Leftovers|Stamina|ElectroShot,DragonPulse,FlashCannon,Protect|Modest||M|||50|]Politoed||SitrusBerry|Drizzle|WeatherBall,Encore,PerishSong,Protect|Calm||F|||50|]Sinistcha-Masterpiece||ColburBerry|Hospitality|MatchaGotcha,LifeDew,RagePowder,Protect|Calm|||||50|]Incineroar||ChopleBerry|Intimidate|ThroatChop,FakeOut,PartingShot,Protect|Careful||M|||50|]Froslass||Froslassite|CursedBody|Blizzard,AuroraVeil,RainDance,Protect|Timid||F|||50|
|
|t:|1786019642
|teamsize|p1|4
|teamsize|p2|4
|start
|switch|p1a: Grimmsnarl|Grimmsnarl, L50, M|100/100
|switch|p1b: Charizard|Charizard, L50, F|100/100
|switch|p2a: Archaludon|Archaludon, L50, M|100/100
|switch|p2b: Froslass|Froslass, L50, F|100/100
|turn|1
|
|t:|1786019695
|detailschange|p1b: Charizard|Charizard-Mega-Y, L50, F
|-mega|p1b: Charizard|Charizard|Charizardite Y
|-weather|SunnyDay|[from] ability: Drought|[of] p1b: Charizard
|move|p2b: Froslass|Protect|p2b: Froslass
|-singleturn|p2b: Froslass|Protect
|move|p1a: Grimmsnarl|Fake Out|p2a: Archaludon
|-resisted|p2a: Archaludon|1
|-damage|p2a: Archaludon|95/100
|-ability|p2a: Archaludon|Stamina|boost
|-boost|p2a: Archaludon|def|1
|move|p1b: Charizard|Heat Wave|p2a: Archaludon|[spread] p2a
|-activate|p2b: Froslass|move: Protect
|-damage|p2a: Archaludon|43/100
|-ability|p2a: Archaludon|Stamina|boost
|-boost|p2a: Archaludon|def|1
|cant|p2a: Archaludon|flinch
|
|-weather|SunnyDay|[upkeep]
|-heal|p2a: Archaludon|49/100|[from] item: Leftovers
|upkeep
|turn|2
|
|t:|1786019741
|detailschange|p2b: Froslass|Froslass-Mega, L50, F
|-mega|p2b: Froslass|Froslass|Froslassite
|-weather|Snowscape|[from] ability: Snow Warning|[of] p2b: Froslass
|move|p1b: Charizard|Protect|p1b: Charizard
|-singleturn|p1b: Charizard|Protect
|move|p1a: Grimmsnarl|Parting Shot|p2a: Archaludon
|-unboost|p2a: Archaludon|atk|1
|-unboost|p2a: Archaludon|spa|1
|
|t:|1786019753
|switch|p1a: Toxapex|Toxapex, L50, F|100/100|[from] Parting Shot
|move|p2b: Froslass|Aurora Veil|p2b: Froslass
|-sidestart|p2: jotikun|move: Aurora Veil
|move|p2a: Archaludon|Flash Cannon|p1a: Toxapex
|-resisted|p1a: Toxapex|1
|-damage|p1a: Toxapex|89/100
|
|-weather|Snowscape|[upkeep]
|-heal|p2a: Archaludon|55/100|[from] item: Leftovers
|-heal|p1a: Toxapex|94/100|[from] item: Leftovers
|upkeep
|turn|3
|
|t:|1786019838
|switch|p1b: Grimmsnarl|Grimmsnarl, L50, M|100/100
|move|p2b: Froslass|Blizzard|p1a: Toxapex|[spread] p1a,p1b
|-resisted|p1a: Toxapex|1
|-damage|p1a: Toxapex|80/100
|-damage|p1b: Grimmsnarl|65/100
|-status|p1a: Toxapex|frz
|move|p2a: Archaludon|Electro Shot||[still]
|-prepare|p2a: Archaludon|Electro Shot
|-boost|p2a: Archaludon|spa|1
|cant|p1a: Toxapex|frz
|
|-weather|Snowscape|[upkeep]
|-heal|p2a: Archaludon|61/100|[from] item: Leftovers
|-heal|p1a: Toxapex|86/100 frz|[from] item: Leftovers
|upkeep
|turn|4
|
|t:|1786019872
|switch|p2b: Politoed|Politoed, L50, F|100/100
|-weather|RainDance|[from] ability: Drizzle|[of] p2b: Politoed
|move|p1b: Grimmsnarl|Parting Shot|p2a: Archaludon
|-unboost|p2a: Archaludon|atk|1
|-unboost|p2a: Archaludon|spa|1
|
|t:|1786019906
|switch|p1b: Charizard|Charizard-Mega-Y, L50, F|100/100|[from] Parting Shot
|-weather|SunnyDay|[from] ability: Drought|[of] p1b: Charizard
|move|p2a: Archaludon|Electro Shot|p1a: Toxapex|[from] lockedmove
|-supereffective|p1a: Toxapex|1
|-damage|p1a: Toxapex|42/100 frz
|cant|p1a: Toxapex|frz
|
|-weather|SunnyDay|[upkeep]
|-heal|p2a: Archaludon|68/100|[from] item: Leftovers
|-heal|p1a: Toxapex|47/100 frz|[from] item: Leftovers
|upkeep
|turn|5
|
|t:|1786019992
|switch|p2a: Incineroar|Incineroar, L50, M|100/100
|-ability|p2a: Incineroar|Intimidate|boost
|-unboost|p1a: Toxapex|atk|1
|-unboost|p1b: Charizard|atk|1
|move|p1b: Charizard|Heat Wave|p2a: Incineroar|[spread] p2a,p2b
|-resisted|p2a: Incineroar|1
|-resisted|p2b: Politoed|1
|-damage|p2a: Incineroar|86/100
|-damage|p2b: Politoed|88/100
|move|p2b: Politoed|Perish Song|p2b: Politoed
|-start|p1a: Toxapex|perish3|[silent]
|-start|p1b: Charizard|perish3|[silent]
|-start|p2a: Incineroar|perish3|[silent]
|-start|p2b: Politoed|perish3|[silent]
|-fieldactivate|move: Perish Song
|-curestatus|p1a: Toxapex|frz|[msg]
|move|p1a: Toxapex|Infestation|p2a: Incineroar
|-damage|p2a: Incineroar|84/100
|-activate|p2a: Incineroar|move: Infestation|[of] p1a: Toxapex
|
|-weather|SunnyDay|[upkeep]
|-heal|p1a: Toxapex|53/100|[from] item: Leftovers
|-damage|p2a: Incineroar|72/100|[from] move: Infestation|[partiallytrapped]
|-start|p1b: Charizard|perish3
|-start|p2b: Politoed|perish3
|-start|p2a: Incineroar|perish3
|-start|p1a: Toxapex|perish3
|upkeep
|turn|6
|
|t:|1786020039
|switch|p2b: Archaludon|Archaludon, L50, M|68/100
|move|p2a: Incineroar|Fake Out|p1b: Charizard
|-damage|p1b: Charizard|88/100
|cant|p1b: Charizard|flinch
|move|p1a: Toxapex|Infestation|p2b: Archaludon
|-resisted|p2b: Archaludon|1
|-damage|p2b: Archaludon|67/100
|-activate|p2b: Archaludon|move: Infestation|[of] p1a: Toxapex
|-ability|p2b: Archaludon|Stamina|boost
|-boost|p2b: Archaludon|def|1
|
|-weather|SunnyDay|[upkeep]
|-heal|p2b: Archaludon|73/100|[from] item: Leftovers
|-heal|p1a: Toxapex|59/100|[from] item: Leftovers
|-damage|p2b: Archaludon|60/100|[from] move: Infestation|[partiallytrapped]
|-damage|p2a: Incineroar|59/100|[from] move: Infestation|[partiallytrapped]
|-start|p1b: Charizard|perish2
|-start|p2a: Incineroar|perish2
|-start|p1a: Toxapex|perish2
|-sideend|p2: jotikun|move: Aurora Veil
|upkeep
|turn|7
|
|t:|1786020132
|move|p2b: Archaludon|Protect|p2b: Archaludon
|-singleturn|p2b: Archaludon|Protect
|move|p1b: Charizard|Weather Ball|p2a: Incineroar
|-resisted|p2a: Incineroar|1
|-damage|p2a: Incineroar|31/100
|move|p2a: Incineroar|Parting Shot|p1b: Charizard
|-unboost|p1b: Charizard|atk|1
|-unboost|p1b: Charizard|spa|1
|
|t:|1786020141
|switch|p2a: Politoed|Politoed, L50, F|88/100|[from] Parting Shot
|-weather|RainDance|[from] ability: Drizzle|[of] p2a: Politoed
|move|p1a: Toxapex|Toxic|p2a: Politoed
|-status|p2a: Politoed|tox
|
|-weather|RainDance|[upkeep]
|-heal|p2b: Archaludon|67/100|[from] item: Leftovers
|-heal|p1a: Toxapex|64/100|[from] item: Leftovers
|-damage|p2a: Politoed|82/100 tox|[from] psn
|-damage|p2b: Archaludon|54/100|[from] move: Infestation|[partiallytrapped]
|-start|p1b: Charizard|perish1
|-start|p1a: Toxapex|perish1
|upkeep
|turn|8
|
|t:|1786020205
|switch|p1b: Hydreigon|Hydreigon, L50, F|100/100
|switch|p2a: Incineroar|Incineroar, L50, M|31/100
|-ability|p2a: Incineroar|Intimidate|boost
|-unboost|p1a: Toxapex|atk|1
|-unboost|p1b: Hydreigon|atk|1
|-heal|p1a: Toxapex|98/100|[from] ability: Regenerator|[silent]
|switch|p1a: Grimmsnarl|Grimmsnarl, L50, M|65/100
|move|p2b: Archaludon|Dragon Pulse|p1a: Grimmsnarl
|-immune|p1a: Grimmsnarl
|
|-weather|RainDance|[upkeep]
|-heal|p2b: Archaludon|60/100|[from] item: Leftovers
|-end|p2b: Archaludon|Infestation|[partiallytrapped]|[silent]
|upkeep
|turn|9
|
|t:|1786020264
|switch|p1b: Charizard|Charizard-Mega-Y, L50, F|88/100
|-weather|SunnyDay|[from] ability: Drought|[of] p1b: Charizard
|move|p2a: Incineroar|Fake Out|p1b: Charizard
|-damage|p1b: Charizard|77/100
|move|p1a: Grimmsnarl|Parting Shot|p2b: Archaludon
|-unboost|p2b: Archaludon|atk|1
|-unboost|p2b: Archaludon|spa|1
|
|t:|1786020279
|switch|p1a: Hydreigon|Hydreigon, L50, F|100/100|[from] Parting Shot
|move|p2b: Archaludon|Dragon Pulse|p1b: Charizard
|-damage|p1b: Charizard|50/100g
|
|-weather|SunnyDay|[upkeep]
|-heal|p2b: Archaludon|67/100|[from] item: Leftovers
|upkeep
|turn|10
|
|t:|1786020322
|move|p2b: Archaludon|Protect|p2b: Archaludon
|-singleturn|p2b: Archaludon|Protect
|move|p1a: Hydreigon|Snarl|p2a: Incineroar|[spread] 
|-activate|p2b: Archaludon|move: Protect
|-miss|p1a: Hydreigon|p2a: Incineroar
|move|p1b: Charizard|Heat Wave|p2a: Incineroar|[spread] p2a
|-activate|p2b: Archaludon|move: Protect
|-resisted|p2a: Incineroar|1
|-damage|p2a: Incineroar|11/100
|move|p2a: Incineroar|Parting Shot|p1a: Hydreigon
|-unboost|p1a: Hydreigon|atk|1
|-unboost|p1a: Hydreigon|spa|1
|
|t:|1786020334
|switch|p2a: Politoed|Politoed, L50, F|82/100 tox|[from] Parting Shot
|-weather|RainDance|[from] ability: Drizzle|[of] p2a: Politoed
|
|-weather|RainDance|[upkeep]
|-heal|p2b: Archaludon|73/100|[from] item: Leftovers
|-damage|p2a: Politoed|76/100 tox|[from] psn
|upkeep
|turn|11
|
|t:|1786020363
|switch|p1b: Toxapex|Toxapex, L50, F|98/100
|move|p1a: Hydreigon|Snarl|p2a: Politoed|[spread] p2a,p2b
|-damage|p2a: Politoed|66/100 tox
|-damage|p2b: Archaludon|60/100
|-unboost|p2a: Politoed|spa|1
|-unboost|p2b: Archaludon|spa|1
|-ability|p2b: Archaludon|Stamina|boost
|-boost|p2b: Archaludon|def|1
|move|p2b: Archaludon|Dragon Pulse|p1a: Hydreigon
|-supereffective|p1a: Hydreigon|1
|-damage|p1a: Hydreigon|58/100
|move|p2a: Politoed|Weather Ball|p1b: Toxapex
|-resisted|p1b: Toxapex|1
|-damage|p1b: Toxapex|85/100
|
|-weather|RainDance|[upkeep]
|-heal|p2b: Archaludon|66/100|[from] item: Leftovers
|-heal|p1b: Toxapex|91/100|[from] item: Leftovers
|-damage|p2a: Politoed|54/100 tox|[from] psn
|upkeep
|turn|12
|
|t:|1786020400
|switch|p2a: Froslass|Froslass-Mega, L50, F|100/100
|-weather|Snowscape|[from] ability: Snow Warning|[of] p2a: Froslass
|move|p1a: Hydreigon|Snarl|p2b: Archaludon|[spread] p2b
|-miss|p1a: Hydreigon|p2a: Froslass
|-damage|p2b: Archaludon|52/100
|-unboost|p2b: Archaludon|spa|1
|-ability|p2b: Archaludon|Stamina|boost
|-boost|p2b: Archaludon|def|1
|move|p2b: Archaludon|Electro Shot||[still]
|-prepare|p2b: Archaludon|Electro Shot
|-boost|p2b: Archaludon|spa|1
|move|p1b: Toxapex|Infestation|p2b: Archaludon
|-resisted|p2b: Archaludon|1
|-damage|p2b: Archaludon|51/100
|-activate|p2b: Archaludon|move: Infestation|[of] p1b: Toxapex
|-ability|p2b: Archaludon|Stamina|boost
|-boost|p2b: Archaludon|def|1
|
|-weather|Snowscape|[upkeep]
|-heal|p2b: Archaludon|57/100|[from] item: Leftovers
|-heal|p1b: Toxapex|96/100|[from] item: Leftovers
|-damage|p2b: Archaludon|45/100|[from] move: Infestation|[partiallytrapped]
|upkeep
|turn|13
|
|t:|1786020450
|switch|p1a: Grimmsnarl|Grimmsnarl, L50, M|65/100
|move|p1b: Toxapex|Baneful Bunker|p1b: Toxapex
|-singleturn|p1b: Toxapex|move: Protect
|move|p2a: Froslass|Blizzard|p1a: Grimmsnarl|[spread] p1a
|-activate|p1b: Toxapex|move: Protect
|-damage|p1a: Grimmsnarl|28/100
|move|p2b: Archaludon|Electro Shot|p1b: Toxapex|[from] lockedmove
|-activate|p1b: Toxapex|move: Protect
|
|-weather|Snowscape|[upkeep]
|-heal|p2b: Archaludon|51/100|[from] item: Leftovers
|-heal|p1b: Toxapex|100/100|[from] item: Leftovers
|-damage|p2b: Archaludon|39/100|[from] move: Infestation|[partiallytrapped]
|upkeep
|turn|14
|
|t:|1786020517
|move|p2a: Froslass|Protect|p2a: Froslass
|-singleturn|p2a: Froslass|Protect
|move|p1a: Grimmsnarl|Fake Out|p2b: Archaludon
|-resisted|p2b: Archaludon|1
|-damage|p2b: Archaludon|37/100
|-ability|p2b: Archaludon|Stamina|boost
|-boost|p2b: Archaludon|def|1
|cant|p2b: Archaludon|flinch
|move|p1b: Toxapex|Toxic|p2a: Froslass
|-activate|p2a: Froslass|move: Protect
|
|-weather|Snowscape|[upkeep]
|-heal|p2b: Archaludon|43/100|[from] item: Leftovers
|-damage|p2b: Archaludon|31/100|[from] move: Infestation|[partiallytrapped]
|upkeep
|turn|15
|
|t:|1786020557
|switch|p1a: Charizard|Charizard-Mega-Y, L50, F|50/100g
|-weather|SunnyDay|[from] ability: Drought|[of] p1a: Charizard
|move|p2a: Froslass|Rain Dance|p2a: Froslass
|-weather|RainDance
|move|p2b: Archaludon|Electro Shot||[still]
|-prepare|p2b: Archaludon|Electro Shot
|-boost|p2b: Archaludon|spa|1
|-anim|p2b: Archaludon|Electro Shot|p1b: Toxapex
|-supereffective|p1b: Toxapex|1
|-damage|p1b: Toxapex|59/100
|move|p1b: Toxapex|Infestation|p2a: Froslass
|-resisted|p2a: Froslass|1
|-damage|p2a: Froslass|98/100
|-activate|p2a: Froslass|move: Infestation|[of] p1b: Toxapex
|
|-weather|RainDance|[upkeep]
|-heal|p2b: Archaludon|37/100|[from] item: Leftovers
|-heal|p1b: Toxapex|64/100|[from] item: Leftovers
|-damage|p2a: Froslass|86/100|[from] move: Infestation|[partiallytrapped]
|-damage|p2b: Archaludon|25/100|[from] move: Infestation|[partiallytrapped]
|upkeep
|turn|16
|
|t:|1786020601
|move|p1a: Charizard|Protect|p1a: Charizard
|-singleturn|p1a: Charizard|Protect
|move|p2a: Froslass|Blizzard|p1b: Toxapex|[spread] p1b
|-activate|p1a: Charizard|move: Protect
|-resisted|p1b: Toxapex|1
|-damage|p1b: Toxapex|50/100g
|move|p2b: Archaludon|Electro Shot||[still]
|-prepare|p2b: Archaludon|Electro Shot
|-boost|p2b: Archaludon|spa|1
|-anim|p2b: Archaludon|Electro Shot|p1a: Charizard
|-activate|p1a: Charizard|move: Protect
|move|p1b: Toxapex|Toxic|p2a: Froslass
|-status|p2a: Froslass|tox
|
|-weather|RainDance|[upkeep]
|-heal|p2b: Archaludon|31/100|[from] item: Leftovers
|-heal|p1b: Toxapex|56/100|[from] item: Leftovers
|-damage|p2a: Froslass|80/100 tox|[from] psn
|-damage|p2a: Froslass|68/100 tox|[from] move: Infestation|[partiallytrapped]
|-end|p2b: Archaludon|Infestation|[partiallytrapped]
|upkeep
|turn|17
|
|t:|1786020635
|switch|p2a: Incineroar|Incineroar, L50, M|11/100
|-ability|p2a: Incineroar|Intimidate|boost
|-unboost|p1a: Charizard|atk|1
|-unboost|p1b: Toxapex|atk|1
|switch|p1a: Grimmsnarl|Grimmsnarl, L50, M|28/100
|move|p2b: Archaludon|Electro Shot||[still]
|-prepare|p2b: Archaludon|Electro Shot
|-boost|p2b: Archaludon|spa|1
|-anim|p2b: Archaludon|Electro Shot|p1a: Grimmsnarl
|-damage|p1a: Grimmsnarl|0 fnt
|faint|p1a: Grimmsnarl
|move|p1b: Toxapex|Infestation|p2b: Archaludon
|-resisted|p2b: Archaludon|1
|-damage|p2b: Archaludon|29/100
|-activate|p2b: Archaludon|move: Infestation|[of] p1b: Toxapex
|-ability|p2b: Archaludon|Stamina|boost
|-boost|p2b: Archaludon|def|1
|
|-weather|RainDance|[upkeep]
|-heal|p2b: Archaludon|36/100|[from] item: Leftovers
|-heal|p1b: Toxapex|62/100|[from] item: Leftovers
|-damage|p2b: Archaludon|23/100|[from] move: Infestation|[partiallytrapped]
|upkeep
|
|t:|1786020659
|switch|p1a: Hydreigon|Hydreigon, L50, F|58/100
|turn|18
|
|t:|1786020733
|move|p2a: Incineroar|Fake Out|p1a: Hydreigon
|-damage|p1a: Hydreigon|48/100
|cant|p1a: Hydreigon|flinch
|move|p2b: Archaludon|Dragon Pulse|p1a: Hydreigon
|-supereffective|p1a: Hydreigon|1
|-damage|p1a: Hydreigon|0 fnt
|faint|p1a: Hydreigon
|move|p1b: Toxapex|Infestation|p2a: Incineroar
|-damage|p2a: Incineroar|8/100
|-activate|p2a: Incineroar|move: Infestation|[of] p1b: Toxapex
|
|-weather|RainDance|[upkeep]
|-heal|p2b: Archaludon|29/100|[from] item: Leftovers
|-heal|p1b: Toxapex|68/100|[from] item: Leftovers
|-damage|p2b: Archaludon|17/100|[from] move: Infestation|[partiallytrapped]
|-damage|p2a: Incineroar|0 fnt|[from] move: Infestation|[partiallytrapped]
|faint|p2a: Incineroar
|upkeep
|
|t:|1786020747
|switch|p1a: Charizard|Charizard-Mega-Y, L50, F|50/100g
|switch|p2a: Froslass|Froslass-Mega, L50, F|68/100 tox
|-weather|Snowscape|[from] ability: Snow Warning|[of] p2a: Froslass
|-weather|SunnyDay|[from] ability: Drought|[of] p1a: Charizard
|turn|19
|
|t:|1786020775
|move|p2a: Froslass|Rain Dance|p2a: Froslass
|-weather|RainDance
|move|p1a: Charizard|Weather Ball|p2b: Archaludon
|-resisted|p2b: Archaludon|1
|-damage|p2b: Archaludon|0 fnt
|faint|p2b: Archaludon
|move|p1b: Toxapex|Infestation|p2a: Froslass
|-resisted|p2a: Froslass|1
|-damage|p2a: Froslass|66/100 tox
|-activate|p2a: Froslass|move: Infestation|[of] p1b: Toxapex
|
|-weather|RainDance|[upkeep]
|-heal|p1b: Toxapex|73/100|[from] item: Leftovers
|-damage|p2a: Froslass|60/100 tox|[from] psn
|-damage|p2a: Froslass|48/100 tox|[from] move: Infestation|[partiallytrapped]
|upkeep
|
|t:|1786020788
|switch|p2b: Politoed|Politoed, L50, F|54/100 tox
|turn|20
|
|t:|1786020826
|move|p1a: Charizard|Protect|p1a: Charizard
|-singleturn|p1a: Charizard|Protect
|move|p1b: Toxapex|Baneful Bunker|p1b: Toxapex
|-singleturn|p1b: Toxapex|move: Protect
|move|p2a: Froslass|Blizzard|p1b: Toxapex|[spread] 
|-activate|p1a: Charizard|move: Protect
|-activate|p1b: Toxapex|move: Protect
|move|p2b: Politoed|Weather Ball|p1a: Charizard
|-activate|p1a: Charizard|move: Protect
|
|-weather|RainDance|[upkeep]
|-heal|p1b: Toxapex|79/100|[from] item: Leftovers
|-damage|p2a: Froslass|36/100 tox|[from] psn
|-damage|p2b: Politoed|48/100 tox|[from] psn
|-damage|p2a: Froslass|23/100 tox|[from] move: Infestation|[partiallytrapped]
|upkeep
|-enditem|p2b: Politoed|Sitrus Berry|[eat]
|-heal|p2b: Politoed|73/100 tox|[from] item: Sitrus Berry
|turn|21
|
|t:|1786020858
|move|p2a: Froslass|Blizzard|p1b: Toxapex|[spread] p1a
|-miss|p2a: Froslass|p1b: Toxapex
|-damage|p1a: Charizard|19/100
|move|p1a: Charizard|Weather Ball|p2b: Politoed
|-resisted|p2b: Politoed|1
|-damage|p2b: Politoed|56/100 tox
|move|p2b: Politoed|Perish Song|p2b: Politoed
|-start|p1a: Charizard|perish3|[silent]
|-start|p1b: Toxapex|perish3|[silent]
|-start|p2a: Froslass|perish3|[silent]
|-start|p2b: Politoed|perish3|[silent]
|-fieldactivate|move: Perish Song
|move|p1b: Toxapex|Infestation|p2b: Politoed
|-damage|p2b: Politoed|54/100 tox
|-activate|p2b: Politoed|move: Infestation|[of] p1b: Toxapex
|
|-weather|RainDance|[upkeep]
|-heal|p1b: Toxapex|85/100|[from] item: Leftovers
|-damage|p2a: Froslass|5/100 tox|[from] psn
|-damage|p2b: Politoed|42/100 tox|[from] psn
|-damage|p2a: Froslass|0 fnt|[from] move: Infestation|[partiallytrapped]
|faint|p2a: Froslass
|-damage|p2b: Politoed|29/100 tox|[from] move: Infestation|[partiallytrapped]
|-start|p1a: Charizard|perish3
|-start|p2b: Politoed|perish3
|-start|p1b: Toxapex|perish3
|upkeep
|turn|22
|-message|jotikun forfeited.
|
|win|natsukivgc
