|j|☆Quill86
|j|☆Sonja Hilmer
|html|Quill86Sonja Hilmer    
|uhtml|bestof|Game 1 of a best-of-3
|t:|1756168697
|gametype|doubles
|player|p1|Quill86|lucas|1324
|player|p2|Sonja Hilmer|lady|1370
|gen|9
|tier|[Gen 9] VGC 2025 Reg H (Bo3)
|rated|
|rule|Species Clause: Limit one of each Pokémon
|rule|Item Clause: Limit 1 of each item
|clearpoke
|poke|p1|Indeedee-F, L50, F|
|poke|p1|Gallade, L50, M|
|poke|p1|Torkoal, L50, F|
|poke|p1|Ursaluna, L50, M|
|poke|p1|Hatterene, L50, F|
|poke|p1|Smeargle, L50, M|
|poke|p2|Dachsbun, L50, F|
|poke|p2|Typhlosion-Hisui, L50, F|
|poke|p2|Kingambit, L50, M|
|poke|p2|Jumpluff, L50, M|
|poke|p2|Rillaboom, L50, M|
|poke|p2|Torkoal, L50, F|
|teampreview|4
|showteam|p1|Indeedee-F||PsychicSeed|PsychicSurge|FollowMe,TrickRoom,HelpingHand,DazzlingGleam|||F|||50|,,,,,Fairy]Gallade||ClearAmulet|Sharpness|SacredSword,PsychoCut,WideGuard,TrickRoom|||M|||50|,,,,,Grass]Torkoal||ChoiceSpecs|Drought|Eruption,WeatherBall,EarthPower,HeatWave|||F|||50|,,,,,Fire]Ursaluna||FlameOrb|Guts|Protect,HeadlongRush,Facade,Earthquake|||M|||50|,,,,,Ghost]Hatterene||LifeOrb|MagicBounce|DazzlingGleam,ExpandingForce,MysticalFire,TrickRoom|||F|||50|,,,,,Fire]Smeargle||FocusSash|Technician|FakeOut,Spore,Decorate,FollowMe|||M|||50|,,,,,Ghost
|showteam|p2|Dachsbun||Leftovers|WellBakedBody|BodyPress,Snarl,HelpingHand,Protect|||F|||50|,,,,,Steel]Typhlosion-Hisui||ChoiceSpecs|Blaze|Eruption,LavaPlume,Overheat,ShadowBall|||F|||50|,,,,,Fire]Kingambit||SafetyGoggles|Defiant|Protect,KowtowCleave,SuckerPunch,SwordsDance|||M|||50|,,,,,Dark]Jumpluff||CovertCloak|Chlorophyll|SleepPowder,SunnyDay,RagePowder,Tailwind|||M|||50|,,,,,Water]Rillaboom||AssaultVest|GrassySurge|WoodHammer,GrassyGlide,FakeOut,HighHorsepower|||M|||50|,,,,,Water]Torkoal||SitrusBerry|Drought|HeatWave,LavaPlume,ClearSmog,Protect|||F|||50|,,,,,Fairy
|inactive|Battle timer is ON: inactive players will automatically lose when time's up. (requested by Sonja Hilmer)
|inactive|Sonja Hilmer has 60 seconds left.
|
|t:|1756168747
|teamsize|p1|4
|teamsize|p2|4
|start
|switch|p1a: Gallade|Gallade, L50, M|100/100
|switch|p1b: Hatterene|Hatterene, L50, F|100/100
|switch|p2a: Typhlosion|Typhlosion-Hisui, L50, F|100/100
|switch|p2b: Torkoal|Torkoal, L50, F|100/100
|-weather|SunnyDay|[from] ability: Drought|[of] p2b: Torkoal
|turn|1
|
|t:|1756168769
|switch|p1a: Indeedee|Indeedee-F, L50, F|100/100
|-fieldstart|move: Psychic Terrain|[from] ability: Psychic Surge|[of] p1a: Indeedee
|-enditem|p1a: Indeedee|Psychic Seed
|-boost|p1a: Indeedee|spd|1|[from] item: Psychic Seed
|-terastallize|p2a: Typhlosion|Fire
|-terastallize|p1b: Hatterene|Fire
|move|p2a: Typhlosion|Overheat|p1b: Hatterene
|-resisted|p1b: Hatterene
|-damage|p1b: Hatterene|0 fnt
|-unboost|p2a: Typhlosion|spa|2
|faint|p1b: Hatterene
|move|p2b: Torkoal|Clear Smog|p1a: Indeedee
|-damage|p1a: Indeedee|93/100
|-clearboost|p1a: Indeedee
|
|-weather|SunnyDay|[upkeep]
|upkeep
|
|t:|1756168788
|switch|p1b: Gallade|Gallade, L50, M|100/100
|turn|2
|
|t:|1756168802
|switch|p2a: Rillaboom|Rillaboom, L50, M|100/100
|-fieldstart|move: Grassy Terrain|[from] ability: Grassy Surge|[of] p2a: Rillaboom
|move|p1b: Gallade|Psycho Cut|p2b: Torkoal
|-damage|p2b: Torkoal|60/100
|move|p2b: Torkoal|Heat Wave|p1b: Gallade|[spread] p1a,p1b
|-damage|p1a: Indeedee|63/100
|-damage|p1b: Gallade|73/100
|move|p1a: Indeedee|Trick Room|p1a: Indeedee
|-fieldstart|move: Trick Room|[of] p1a: Indeedee
|
|-weather|SunnyDay|[upkeep]
|-heal|p2b: Torkoal|66/100|[from] Grassy Terrain
|-heal|p1b: Gallade|79/100|[from] Grassy Terrain
|-heal|p1a: Indeedee|69/100|[from] Grassy Terrain
|upkeep
|turn|3
|
|t:|1756168816
|switch|p1a: Torkoal|Torkoal, L50, F|100/100
|move|p1b: Gallade|Wide Guard|p1b: Gallade
|-singleturn|p1b: Gallade|Wide Guard
|move|p2a: Rillaboom|Fake Out|p1b: Gallade
|-crit|p1b: Gallade
|-damage|p1b: Gallade|50/100
|move|p2b: Torkoal|Heat Wave|p1a: Torkoal|[spread] 
|-activate|p1a: Torkoal|move: Wide Guard
|-activate|p1b: Gallade|move: Wide Guard
|
|-weather|SunnyDay|[upkeep]
|-heal|p2b: Torkoal|72/100|[from] Grassy Terrain
|-heal|p1b: Gallade|55/100|[from] Grassy Terrain
|upkeep
|turn|4
|
|t:|1756168835
|switch|p2a: Typhlosion|Typhlosion-Hisui, L50, F, tera:Fire|100/100
|move|p1a: Torkoal|Eruption|p2a: Typhlosion|[spread] p2a,p2b
|-resisted|p2a: Typhlosion
|-resisted|p2b: Torkoal
|-crit|p2b: Torkoal
|-damage|p2a: Typhlosion|32/100
|-damage|p2b: Torkoal|0 fnt
|faint|p2b: Torkoal
|move|p1b: Gallade|Psycho Cut|p2a: Typhlosion
|-damage|p2a: Typhlosion|0 fnt
|faint|p2a: Typhlosion
|
|-weather|SunnyDay|[upkeep]
|-heal|p1b: Gallade|61/100|[from] Grassy Terrain
|upkeep
|
|t:|1756168841
|switch|p2b: Kingambit|Kingambit, L50, M|100/100
|switch|p2a: Rillaboom|Rillaboom, L50, M|100/100
|turn|5
|
|t:|1756168850
|switch|p1b: Indeedee|Indeedee-F, L50, F|69/100
|-fieldstart|move: Psychic Terrain|[from] ability: Psychic Surge|[of] p1b: Indeedee
|move|p2b: Kingambit|Sucker Punch|p1a: Torkoal
|-activate|p1a: Torkoal|move: Psychic Terrain
|move|p1a: Torkoal|Eruption|p2a: Rillaboom|[spread] p2a,p2b
|-supereffective|p2a: Rillaboom
|-supereffective|p2b: Kingambit
|-crit|p2b: Kingambit
|-damage|p2a: Rillaboom|0 fnt
|-damage|p2b: Kingambit|0 fnt
|faint|p2a: Rillaboom
|faint|p2b: Kingambit
|
|win|Quill86
||Sonja Hilmer is ready for game 2.
|inactive|Quill86 has 30 seconds to confirm battle start!
||Quill86 is ready for game 2.
|uhtml|next|Next: Game 2 of 3
|l|☆Sonja Hilmer
|player|p2|
