|j|‚òÜManueljaa
|j|‚òÜVaughnOmegaStriker
|html|ManueljaaVaughnOmegaStriker    
|uhtml|bestof|Game 1 of a best-of-3
|t:|1756969448
|gametype|doubles
|player|p1|Manueljaa|1|1000
|player|p2|VaughnOmegaStriker|unknown|1044
|gen|9
|tier|[Gen 9] VGC 2025 Reg H (Bo3)
|rated|
|rule|Species Clause: Limit one of each Pok√©mon
|rule|Item Clause: Limit 1 of each item
|clearpoke
|poke|p1|Tyranitar, L50, F|
|poke|p1|Lycanroc, L50, M|
|poke|p1|Dondozo, L50, F|
|poke|p1|Tatsugiri, L50, F|
|poke|p1|Meowscarada, L50, F|
|poke|p1|Rotom-Heat, L50|
|poke|p2|Sneasler, L50, M|
|poke|p2|Indeedee-F, L50, F|
|poke|p2|Armarouge, L50, M|
|poke|p2|Tyranitar, L50, F|
|poke|p2|Exeggutor-Alola, L50, M|
|poke|p2|Ribombee, L50, M|
|teampreview|4
|showteam|p1|Tyranitar||AssaultVest|SandStream|RockSlide,TeraBlast,Assurance,IcePunch|||F|||50|,,,,,Flying]Lycanroc||FocusSash|SandRush|RockSlide,CloseCombat,Endeavor,Endure|||M|||50|,,,,,Ghost]Dondozo||Leftovers|Unaware|OrderUp,Earthquake,WaveCrash,Protect|||F|||50|,,,,,Dragon]Tatsugiri||ChoiceScarf|Commander|DracoMeteor,MuddyWater,IcyWind,Taunt|||F|||50|,,,,,Dragon]Meowscarada||LifeOrb|Protean|FlowerTrick,SuckerPunch,KnockOff,Protect|||F|||50|,,,,,Grass]Rotom-Heat||ChoiceSpecs|Levitate|Thunderbolt,VoltSwitch,Overheat,Trick||||||50|,,,,,Electric
|showteam|p2|Sneasler||PsychicSeed|Unburden|CloseCombat,DireClaw,ThroatChop,Protect|||M|||50|,,,,,Dark]Indeedee-F||RockyHelmet|PsychicSurge|AlluringVoice,FollowMe,HelpingHand,TrickRoom|||F|||50|,,,,,Fairy]Armarouge||PowerHerb|FlashFire|ExpandingForce,ArmorCannon,MeteorBeam,Protect|||M|||50|,,,,,Grass]Tyranitar||AssaultVest|SandStream|RockSlide,KnockOff,LowKick,TeraBlast|||F|||50|,,,,,Flying]Exeggutor-Alola||SitrusBerry|Harvest|GigaDrain,DracoMeteor,TrickRoom,Protect|||M|||50|,,,,,Water]Ribombee||FocusSash|ShieldDust|Moonblast,PollenPuff,Psychic,Tailwind|||M|||50|,,,,,Stellar
|c|‚òÜVaughnOmegaStriker|tyranitar
|inactive|Battle timer is ON: inactive players will automatically lose when time's up. (requested by Manueljaa)
|inactive|VaughnOmegaStriker has 60 seconds left.
|inactive|VaughnOmegaStriker has 30 seconds left.
|inactive|VaughnOmegaStriker has 20 seconds left.
|
|t:|1756969539
|teamsize|p1|4
|teamsize|p2|4
|start
|switch|p1a: Tyranitar|Tyranitar, L50, F|100/100
|switch|p1b: Lycanroc|Lycanroc, L50, M|100/100
|switch|p2a: Sneasler|Sneasler, L50, M|100/100
|switch|p2b: Exeggutor|Exeggutor-Alola, L50, M|100/100
|-weather|Sandstorm|[from] ability: Sand Stream|[of] p1a: Tyranitar
|turn|1
|inactive|VaughnOmegaStriker has 30 seconds left.
|inactive|VaughnOmegaStriker has 20 seconds left.
|inactive|VaughnOmegaStriker has 15 seconds left.
|
|t:|1756969582
|move|p1b: Lycanroc|Rock Slide|p2b: Exeggutor|[spread] p2a,p2b
|-resisted|p2a: Sneasler
|-damage|p2a: Sneasler|77/100
|-damage|p2b: Exeggutor|75/100
|move|p2a: Sneasler|Dire Claw|p1a: Tyranitar
|-resisted|p1a: Tyranitar
|-damage|p1a: Tyranitar|81/100
|-status|p1a: Tyranitar|slp
|cant|p1a: Tyranitar|slp
|move|p2b: Exeggutor|Giga Drain|p1b: Lycanroc
|-supereffective|p1b: Lycanroc
|-damage|p1b: Lycanroc|12/100
|-heal|p2b: Exeggutor|100/100|[from] drain|[of] p1b: Lycanroc
|
|-weather|Sandstorm|[upkeep]
|-damage|p2a: Sneasler|71/100|[from] Sandstorm
|-damage|p2b: Exeggutor|95/100|[from] Sandstorm
|upkeep
|turn|2
|
|t:|1756969607
|switch|p2b: Indeedee|Indeedee-F, L50, F|100/100
|-fieldstart|move: Psychic Terrain|[from] ability: Psychic Surge|[of] p2b: Indeedee
|-enditem|p2a: Sneasler|Psychic Seed
|-boost|p2a: Sneasler|spd|1|[from] item: Psychic Seed
|move|p1b: Lycanroc|Endeavor|p2b: Indeedee
|-damage|p2b: Indeedee|11/100
|-damage|p1b: Lycanroc|0 fnt|[from] item: Rocky Helmet|[of] p2b: Indeedee
|faint|p1b: Lycanroc
|move|p2a: Sneasler|Dire Claw|p1a: Tyranitar
|-resisted|p1a: Tyranitar
|-damage|p1a: Tyranitar|62/100 slp
|cant|p1a: Tyranitar|slp
|
|-weather|Sandstorm|[upkeep]
|-damage|p2a: Sneasler|65/100|[from] Sandstorm
|-damage|p2b: Indeedee|4/100|[from] Sandstorm
|upkeep
|
|t:|1756969621
|switch|p1b: Dondozo|Dondozo, L50, F|100/100
|turn|3
|
|t:|1756969643
|switch|p1a: Tatsugiri|Tatsugiri, L50, F|100/100
|-activate|p1a: Tatsugiri|ability: Commander|[of] p1b: Dondozo
|-boost|p1b: Dondozo|atk|2
|-boost|p1b: Dondozo|spa|2
|-boost|p1b: Dondozo|spe|2
|-boost|p1b: Dondozo|def|2
|-boost|p1b: Dondozo|spd|2
|move|p2a: Sneasler|Close Combat|p1a: Tatsugiri|[miss]
|-miss|p2a: Sneasler|p1a: Tatsugiri
|move|p1b: Dondozo|Wave Crash|p2b: Indeedee
|-damage|p2b: Indeedee|0 fnt
|-damage|p1b: Dondozo|84/100|[from] item: Rocky Helmet|[of] p2b: Indeedee
|faint|p2b: Indeedee
|-damage|p1b: Dondozo|83/100|[from] Recoil
|
|-weather|Sandstorm|[upkeep]
|-damage|p2a: Sneasler|59/100|[from] Sandstorm
|-damage|p1a: Tatsugiri|94/100|[from] Sandstorm
|-damage|p1b: Dondozo|77/100|[from] Sandstorm
|-heal|p1b: Dondozo|83/100|[from] item: Leftovers
|upkeep
|
|t:|1756969657
|switch|p2b: Exeggutor|Exeggutor-Alola, L50, M|95/100
|turn|4
|
|t:|1756969670
|-terastallize|p1b: Dondozo|Dragon
|move|p2a: Sneasler|Dire Claw|p1b: Dondozo
|-damage|p1b: Dondozo|68/100
|move|p1b: Dondozo|Earthquake|p2a: Sneasler|[spread] p2a,p2b
|-miss|p1b: Dondozo|p1a: Tatsugiri
|-supereffective|p2a: Sneasler
|-resisted|p2b: Exeggutor
|-damage|p2a: Sneasler|0 fnt
|-damage|p2b: Exeggutor|73/100
|faint|p2a: Sneasler
|move|p2b: Exeggutor|Giga Drain|p1b: Dondozo
|-resisted|p1b: Dondozo
|-damage|p1b: Dondozo|55/100
|-heal|p2b: Exeggutor|80/100|[from] drain|[of] p1b: Dondozo
|
|-weather|Sandstorm|[upkeep]
|-damage|p1a: Tatsugiri|88/100|[from] Sandstorm
|-damage|p1b: Dondozo|49/100|[from] Sandstorm
|-damage|p2b: Exeggutor|74/100|[from] Sandstorm
|-heal|p1b: Dondozo|55/100|[from] item: Leftovers
|upkeep
|
|t:|1756969678
|switch|p2a: Armarouge|Armarouge, L50, M|100/100
|turn|5
|
|t:|1756969702
|-terastallize|p2a: Armarouge|Grass
|move|p2b: Exeggutor|Protect|p2b: Exeggutor
|-singleturn|p2b: Exeggutor|Protect
|move|p1b: Dondozo|Wave Crash|p2a: Armarouge
|-resisted|p2a: Armarouge
|-damage|p2a: Armarouge|55/100
|-damage|p1b: Dondozo|43/100|[from] Recoil
|move|p2a: Armarouge|Meteor Beam||[still]
|-prepare|p2a: Armarouge|Meteor Beam
|-boost|p2a: Armarouge|spa|1
|-enditem|p2a: Armarouge|Power Herb
|-anim|p2a: Armarouge|Meteor Beam|p1b: Dondozo
|-damage|p1b: Dondozo|21/100
|
|-weather|none
|-heal|p1b: Dondozo|27/100|[from] item: Leftovers
|upkeep
|turn|6
|
|t:|1756969721
|move|p2a: Armarouge|Protect|p2a: Armarouge
|-singleturn|p2a: Armarouge|Protect
|move|p1b: Dondozo|Earthquake|p2b: Exeggutor|[spread] p2b
|-miss|p1b: Dondozo|p1a: Tatsugiri
|-activate|p2a: Armarouge|move: Protect
|-resisted|p2b: Exeggutor
|-damage|p2b: Exeggutor|52/100
|move|p2b: Exeggutor|Trick Room|p2b: Exeggutor
|-fieldstart|move: Trick Room|[of] p2b: Exeggutor
|
|-heal|p1b: Dondozo|33/100|[from] item: Leftovers
|-fieldend|move: Psychic Terrain
|upkeep
|turn|7
|
|t:|1756969741
|move|p2b: Exeggutor|Draco Meteor|p1b: Dondozo
|-supereffective|p1b: Dondozo
|-damage|p1b: Dondozo|0 fnt
|-unboost|p2b: Exeggutor|spa|2
|faint|p1b: Dondozo
|move|p2a: Armarouge|Expanding Force|p1a: Tatsugiri
|-damage|p1a: Tatsugiri|0 fnt
|faint|p1a: Tatsugiri
|
|upkeep
|
|t:|1756969745
|switch|p1b: Tyranitar|Tyranitar, L50, F|62/100 slp
|-weather|Sandstorm|[from] ability: Sand Stream|[of] p1b: Tyranitar
|turn|8
|
|t:|1756969768
|move|p2b: Exeggutor|Giga Drain|p1b: Tyranitar
|-supereffective|p1b: Tyranitar
|-damage|p1b: Tyranitar|45/100 slp
|-heal|p2b: Exeggutor|61/100|[from] drain|[of] p1b: Tyranitar
|move|p2a: Armarouge|Armor Cannon|p1b: Tyranitar
|-resisted|p1b: Tyranitar
|-damage|p1b: Tyranitar|28/100 slp
|-unboost|p2a: Armarouge|def|1
|-unboost|p2a: Armarouge|spd|1
|-curestatus|p1b: Tyranitar|slp|[msg]
|move|p1b: Tyranitar|Rock Slide|p2b: Exeggutor|[spread] p2a,p2b
|-damage|p2a: Armarouge|14/100
|-damage|p2b: Exeggutor|30/100
|-enditem|p2b: Exeggutor|Sitrus Berry|[eat]
|-heal|p2b: Exeggutor|54/100|[from] item: Sitrus Berry
|
|-weather|Sandstorm|[upkeep]
|-damage|p2b: Exeggutor|49/100|[from] Sandstorm
|-damage|p2a: Armarouge|7/100|[from] Sandstorm
|-item|p2b: Exeggutor|Sitrus Berry|[from] ability: Harvest
|upkeep
|-enditem|p2b: Exeggutor|Sitrus Berry|[eat]
|-heal|p2b: Exeggutor|73/100|[from] item: Sitrus Berry
|turn|9
|
|t:|1756969785
|move|p2b: Exeggutor|Giga Drain|p1b: Tyranitar
|-supereffective|p1b: Tyranitar
|-damage|p1b: Tyranitar|12/100
|-heal|p2b: Exeggutor|81/100|[from] drain|[of] p1b: Tyranitar
|move|p2a: Armarouge|Armor Cannon|p1b: Tyranitar
|-resisted|p1b: Tyranitar
|-damage|p1b: Tyranitar|0 fnt
|-unboost|p2a: Armarouge|def|1
|-unboost|p2a: Armarouge|spd|1
|faint|p1b: Tyranitar
|
|win|VaughnOmegaStriker
||Manueljaa is ready for game 2.
