|j|☆Antonace
|j|☆snailboss
|html|Antonacesnailboss    
|uhtml|bestof|Game 3 of a best-of-3
|t:|1756766687
|gametype|doubles
|player|p1|Antonace|170|1080
|player|p2|snailboss|hilda-wonderlauncher|1146
|gen|9
|tier|[Gen 9] VGC 2025 Reg H (Bo3)
|rated|
|rule|Species Clause: Limit one of each Pokémon
|rule|Item Clause: Limit 1 of each item
|clearpoke
|poke|p1|Gastrodon, L50, M|
|poke|p1|Tyranitar, L50, M|
|poke|p1|Garchomp, L50, F|
|poke|p1|Kilowattrel, L50, M|
|poke|p1|Indeedee, L50, M|
|poke|p1|Delphox, L50, F|
|poke|p2|Zoroark-Hisui, L50, F|
|poke|p2|Tyranitar, L50, F|
|poke|p2|Excadrill, L50, F|
|poke|p2|Indeedee-F, L50, F|
|poke|p2|Gallade, L50, M|
|poke|p2|Noivern, L50, F|
|teampreview|4
|showteam|p1|Gastrodon||QuickClaw|StormDrain|EarthPower,Recover,Yawn,IceBeam|||M|||50|,,,,,Fire]Tyranitar||AssaultVest|SandStream|RockSlide,KnockOff,TeraBlast,LowKick|||M|||50|,,,,,Flying]Garchomp||ClearAmulet|SandVeil|StompingTantrum,DragonClaw,SwordsDance,Protect|||F|||50|,,,,,Fairy]Kilowattrel||FocusSash|Competitive|Discharge,Endeavor,Hurricane,Thunderbolt|||M|||50|,,,,,Electric]Indeedee||ChoiceScarf|PsychicSurge|ExpandingForce,HyperVoice,Psychic,Trick|||M|||50|,,,,,Psychic]Delphox||PsychicSeed|Magician|HeatWave,ExpandingForce,TeraBlast,Protect|||F|||50|,,,,,Fighting
|showteam|p2|Zoroark-Hisui||ChoiceSpecs|Illusion|HyperVoice,Flamethrower,ShadowBall,HyperBeam|||F|||50|,,,,,Normal]Tyranitar||AssaultVest|SandStream|RockSlide,KnockOff,LowKick,TeraBlast|||F|||50|,,,,,Flying]Excadrill||FocusSash|SandRush|IronHead,Protect,SwordsDance,Earthquake|||F|||50|,,,,,Ground]Indeedee-F||SafetyGoggles|PsychicSurge|TrickRoom,FollowMe,Psychic,HelpingHand|||F|||50|,,,,,Water]Gallade||ClearAmulet|Sharpness|PsychoCut,TrickRoom,WideGuard,SacredSword|||M|||50|,,,,,Grass]Noivern||CovertCloak|Telepathy|SuperFang,Tailwind,Taunt,DracoMeteor|||F|||50|,,,,,Fairy
|inactive|Battle timer is ON: inactive players will automatically lose when time's up. (requested by Antonace)
|inactive|snailboss has 60 seconds left.
|
|t:|1756766758
|teamsize|p1|4
|teamsize|p2|4
|start
|switch|p1a: Kilowattrel|Kilowattrel, L50, M|100/100
|switch|p1b: Gastrodon|Gastrodon, L50, M|100/100
|switch|p2a: Noivern|Noivern, L50, F|100/100
|switch|p2b: Dr. Drills|Excadrill, L50, F|100/100
|turn|1
|
|t:|1756766781
|switch|p2a: Alice|Tyranitar, L50, F|100/100
|-weather|Sandstorm|[from] ability: Sand Stream|[of] p2a: Alice
|move|p2b: Dr. Drills|Protect|p2b: Dr. Drills
|-singleturn|p2b: Dr. Drills|Protect
|move|p1a: Kilowattrel|Thunderbolt|p2a: Alice
|-damage|p2a: Alice|78/100
|move|p1b: Gastrodon|Earth Power|p2b: Dr. Drills
|-activate|p2b: Dr. Drills|move: Protect
|
|-weather|Sandstorm|[upkeep]
|-damage|p1a: Kilowattrel|94/100|[from] Sandstorm
|upkeep
|turn|2
|inactive|Antonace has 30 seconds left.
|
|t:|1756766811
|switch|p1a: Garchomp|Garchomp, L50, F|100/100
|-terastallize|p2a: Alice|Flying
|move|p2b: Dr. Drills|Iron Head|p1b: Gastrodon
|-resisted|p1b: Gastrodon
|-damage|p1b: Gastrodon|83/100
|move|p2a: Alice|Rock Slide|p1b: Gastrodon|[spread] p1a,p1b
|-resisted|p1a: Garchomp
|-resisted|p1b: Gastrodon
|-damage|p1a: Garchomp|86/100
|-damage|p1b: Gastrodon|70/100
|cant|p1b: Gastrodon|flinch
|
|-weather|Sandstorm|[upkeep]
|-damage|p2a: Alice|72/100|[from] Sandstorm
|upkeep
|turn|3
|inactive|snailboss has 30 seconds left.
|inactive|snailboss has 20 seconds left.
|inactive|Antonace has 30 seconds left.
|inactive|snailboss has 15 seconds left.
|inactive|snailboss has 10 seconds left.
|
|t:|1756766861
|switch|p2a: Alistair|Gallade, L50, M|100/100
|move|p2b: Dr. Drills|Swords Dance|p2b: Dr. Drills
|-boost|p2b: Dr. Drills|atk|2
|move|p1a: Garchomp|Stomping Tantrum|p2b: Dr. Drills
|-supereffective|p2b: Dr. Drills
|-damage|p2b: Dr. Drills|10/100
|move|p1b: Gastrodon|Ice Beam|p2a: Alistair
|-damage|p2a: Alistair|82/100
|
|-weather|Sandstorm|[upkeep]
|-damage|p2a: Alistair|76/100|[from] Sandstorm
|upkeep
|turn|4
|
|t:|1756766884
|switch|p1b: Kilowattrel|Kilowattrel, L50, M|94/100
|move|p1a: Garchomp|Protect|p1a: Garchomp
|-singleturn|p1a: Garchomp|Protect
|move|p2a: Alistair|Wide Guard|p2a: Alistair
|-singleturn|p2a: Alistair|Wide Guard
|move|p2b: Dr. Drills|Earthquake|p1a: Garchomp|[spread] 
|-activate|p2a: Alistair|move: Wide Guard
|-activate|p1a: Garchomp|move: Protect
|-immune|p1b: Kilowattrel
|
|-weather|Sandstorm|[upkeep]
|-damage|p1b: Kilowattrel|88/100|[from] Sandstorm
|-damage|p2a: Alistair|71/100|[from] Sandstorm
|upkeep
|turn|5
|inactive|Antonace has 30 seconds left.
|inactive|snailboss has 30 seconds left.
|inactive|Antonace has 20 seconds left.
|inactive|Antonace has 15 seconds left.
|inactive|Antonace has 10 seconds left.
|
|t:|1756766930
|switch|p2a: Noivern|Noivern, L50, F|100/100
|move|p2b: Dr. Drills|Earthquake|p1a: Garchomp|[spread] p1a
|-activate|p2a: Noivern|ability: Telepathy
|-immune|p1b: Kilowattrel
|-damage|p1a: Garchomp|3/100
|move|p1b: Kilowattrel|Thunderbolt|p2a: Noivern
|-damage|p2a: Noivern|47/100
|move|p1a: Garchomp|Dragon Claw|p2a: Noivern
|-supereffective|p2a: Noivern
|-damage|p2a: Noivern|0 fnt
|faint|p2a: Noivern
|
|-weather|none
|upkeep
|
|t:|1756766950
|switch|p2a: Alice|Tyranitar, L50, F, tera:Flying|72/100
|-weather|Sandstorm|[from] ability: Sand Stream|[of] p2a: Alice
|turn|6
|
|t:|1756766962
|move|p1a: Garchomp|Protect|p1a: Garchomp
|-singleturn|p1a: Garchomp|Protect
|move|p2b: Dr. Drills|Iron Head|p1a: Garchomp
|-activate|p1a: Garchomp|move: Protect
|move|p1b: Kilowattrel|Thunderbolt|p2a: Alice
|-supereffective|p2a: Alice
|-damage|p2a: Alice|7/100
|move|p2a: Alice|Rock Slide|p1b: Kilowattrel|[spread] p1b
|-activate|p1a: Garchomp|move: Protect
|-supereffective|p1b: Kilowattrel
|-damage|p1b: Kilowattrel|0 fnt
|faint|p1b: Kilowattrel
|
|-weather|Sandstorm|[upkeep]
|-damage|p2a: Alice|2/100|[from] Sandstorm
|upkeep
|
|t:|1756766980
|switch|p1b: Gastrodon|Gastrodon, L50, M|70/100
|turn|7
|
|t:|1756767005
|move|p1a: Garchomp|Protect||[still]
|-fail|p1a: Garchomp
|move|p2b: Dr. Drills|Earthquake|p1b: Gastrodon|[spread] p1a,p1b
|-immune|p2a: Alice
|-crit|p1a: Garchomp
|-damage|p1a: Garchomp|0 fnt
|-damage|p1b: Gastrodon|2/100
|faint|p1a: Garchomp
|move|p2a: Alice|Knock Off|p1b: Gastrodon
|-damage|p1b: Gastrodon|0 fnt
|-enditem|p1b: Gastrodon|Quick Claw|[from] move: Knock Off|[of] p2a: Alice
|faint|p1b: Gastrodon
|
|-weather|Sandstorm|[upkeep]
|-damage|p2a: Alice|0 fnt|[from] Sandstorm
|faint|p2a: Alice
|upkeep
|
|t:|1756767018
|switch|p2a: Alistair|Gallade, L50, M|71/100
|switch|p1b: Tyranitar|Tyranitar, L50, M|100/100
|turn|8
|
|t:|1756767039
|-terastallize|p1b: Tyranitar|Flying
|move|p2b: Dr. Drills|Iron Head|p1b: Tyranitar
|-damage|p1b: Tyranitar|25/100
|move|p1b: Tyranitar|Tera Blast|p2a: Alistair|[anim] Tera Blast Flying
|-supereffective|p2a: Alistair
|-damage|p2a: Alistair|0 fnt
|faint|p2a: Alistair
|
|-weather|Sandstorm|[upkeep]
|-damage|p1b: Tyranitar|19/100|[from] Sandstorm
|upkeep
|turn|9
|
|t:|1756767052
|move|p2b: Dr. Drills|Iron Head|p1b: Tyranitar
|-damage|p1b: Tyranitar|0 fnt
|faint|p1b: Tyranitar
|
|win|snailboss
|raw|Antonace's rating: 1080 → 1062(-18 for losing)
|raw|snailboss's rating: 1146 → 1166(+20 for winning)
