|j|☆Hornleechers
|j|☆uPinhuu
|html|HornleechersuPinhuu    
|uhtml|bestof|Game 2 of a best-of-3
|t:|1785791084
|gametype|doubles
|player|p1|Hornleechers|hilda-wonderlauncher|1093
|player|p2|uPinhuu|1|1119
|gen|9
|tier|[Gen 9 Champions] VGC 2026 Reg M-B (Bo3)
|rated|
|rule|Species Clause: Limit one of each Pokémon
|rule|Item Clause: Limit 1 of each item
|clearpoke
|poke|p1|Venusaur, L50, M|
|poke|p1|Charizard, L50, F|
|poke|p1|Torkoal, L50, M|
|poke|p1|Farigiraf, L50, F|
|poke|p1|Garchomp, L50, F|
|poke|p1|Mamoswine, L50, M|
|poke|p2|Staraptor, L50, M|
|poke|p2|Vanilluxe, L50, F|
|poke|p2|Farigiraf, L50, M|
|poke|p2|Blastoise, L50, M|
|poke|p2|Kingambit, L50, M|
|poke|p2|Camerupt, L50, M|
|teampreview|4
|showteam|p1|Venusaur||Venusaurite|Chlorophyll|EarthPower,SludgeBomb,Protect,EnergyBall|Modest||M|||50|]Charizard||CharizarditeX|Blaze|DragonDance,RockSlide,FlareBlitz,ThunderPunch|Adamant||F|||50|]Torkoal||Charcoal|Drought|Eruption,Protect,HeatWave,AncientPower|Quiet||M|||50|]Farigiraf||ColburBerry|ArmorTail|PsychicFangs,Protect,TrickRoom,LowKick|Relaxed||F|||50|]Garchomp||LifeOrb|RoughSkin|StompingTantrum,DragonClaw,RockSlide,Protect|Jolly||F|||50|]Mamoswine||NeverMeltIce|Oblivious|IceShard,HighHorsepower,Protect,Superpower|Adamant||M|||50|
|showteam|p2|Staraptor||ChoiceScarf|Intimidate|FinalGambit,BraveBird,CloseCombat,Uturn|Jolly||M|||50|]Vanilluxe||NeverMeltIce|SnowWarning|Blizzard,FreezeDry,Protect,IceShard|Quiet||F|||50|]Farigiraf||SitrusBerry|ArmorTail|PsychicFangs,HyperVoice,HelpingHand,TrickRoom|Relaxed||M|||50|]Blastoise||Blastoisinite|RainDish|FakeOut,WaterSpout,AuraSphere,DarkPulse|Quiet||M|||50|]Kingambit||LifeOrb|Defiant|KowtowCleave,IronHead,Protect,SuckerPunch|Brave||M|||50|]Camerupt||Cameruptite|SolidRock|HeatWave,EarthPower,Protect,AncientPower|Quiet||M|||50|
|
|t:|1785791117
|teamsize|p1|4
|teamsize|p2|4
|start
|switch|p1a: Venusaur|Venusaur, L50, M|100/100
|switch|p1b: Torkoal|Torkoal, L50, M|100/100
|switch|p2a: Farigiraf|Farigiraf, L50, M|100/100
|switch|p2b: Staraptor|Staraptor, L50, M|100/100
|-ability|p2b: Staraptor|Intimidate|boost
|-unboost|p1a: Venusaur|atk|1
|-unboost|p1b: Torkoal|atk|1
|-weather|SunnyDay|[from] ability: Drought|[of] p1b: Torkoal
|turn|1
|
|t:|1785791151
|move|p2b: Staraptor|Brave Bird|p1b: Torkoal
|-damage|p1b: Torkoal|60/100
|-damage|p2b: Staraptor|88/100|[from] Recoil
|move|p1a: Venusaur|Sludge Bomb|p2b: Staraptor
|-damage|p2b: Staraptor|28/100
|-status|p2b: Staraptor|psn
|move|p2a: Farigiraf|Hyper Voice|p1b: Torkoal|[spread] p1a,p1b
|-damage|p1a: Venusaur|71/100
|-damage|p1b: Torkoal|25/100
|move|p1b: Torkoal|Eruption|p2b: Staraptor|[spread] p2a,p2b
|-damage|p2a: Farigiraf|78/100
|-damage|p2b: Staraptor|0 fnt
|faint|p2b: Staraptor
|
|-weather|SunnyDay|[upkeep]
|upkeep
|
|t:|1785791169
|switch|p2b: Vanilluxe|Vanilluxe, L50, F|100/100
|-weather|Snowscape|[from] ability: Snow Warning|[of] p2b: Vanilluxe
|turn|2
|
|t:|1785791215
|detailschange|p1a: Venusaur|Venusaur-Mega, L50, M
|-mega|p1a: Venusaur|Venusaur|Venusaurite
|move|p2a: Farigiraf|Helping Hand|p2b: Vanilluxe
|-singleturn|p2b: Vanilluxe|Helping Hand|[of] p2a: Farigiraf
|move|p1b: Torkoal|Protect|p1b: Torkoal
|-singleturn|p1b: Torkoal|Protect
|move|p1a: Venusaur|Sludge Bomb|p2b: Vanilluxe
|-damage|p2b: Vanilluxe|52/100
|move|p2b: Vanilluxe|Blizzard|p1b: Torkoal|[spread] p1a
|-activate|p1b: Torkoal|move: Protect
|-supereffective|p1a: Venusaur|1
|-damage|p1a: Venusaur|1/100
|
|-weather|Snowscape|[upkeep]
|upkeep
|turn|3
|
|t:|1785791238
|move|p2b: Vanilluxe|Ice Shard|p1a: Venusaur
|-supereffective|p1a: Venusaur|1
|-damage|p1a: Venusaur|0 fnt
|faint|p1a: Venusaur
|move|p2a: Farigiraf|Hyper Voice|p1b: Torkoal
|-damage|p1b: Torkoal|0 fnt
|faint|p1b: Torkoal
|
|-weather|Snowscape|[upkeep]
|upkeep
|
|t:|1785791241
|switch|p1a: Garchomp|Garchomp, L50, F|100/100
|switch|p1b: Charizard|Charizard, L50, F|100/100
|turn|4
|
|t:|1785791262
|switch|p2b: Camerupt|Camerupt, L50, M|100/100
|move|p1a: Garchomp|Rock Slide|p2a: Farigiraf|[spread] p2a,p2b
|-damage|p2a: Farigiraf|58/100
|-damage|p2b: Camerupt|65/100
|-damage|p1a: Garchomp|90/100|[from] item: Life Orb
|move|p1b: Charizard|Rock Slide|p2b: Camerupt|[spread] p2a,p2b
|-damage|p2a: Farigiraf|47/100
|-damage|p2b: Camerupt|43/100
|-enditem|p2a: Farigiraf|Sitrus Berry|[eat]
|-heal|p2a: Farigiraf|72/100|[from] item: Sitrus Berry
|cant|p2a: Farigiraf|flinch
|
|-weather|Snowscape|[upkeep]
|upkeep
|turn|5
|
|t:|1785791283
|detailschange|p2b: Camerupt|Camerupt-Mega, L50, M
|-mega|p2b: Camerupt|Camerupt|Cameruptite
|move|p2b: Camerupt|Protect|p2b: Camerupt
|-singleturn|p2b: Camerupt|Protect
|move|p1a: Garchomp|Stomping Tantrum|p2b: Camerupt
|-activate|p2b: Camerupt|move: Protect
|move|p1b: Charizard|Rock Slide|p2b: Camerupt|[spread] p2a
|-activate|p2b: Camerupt|move: Protect
|-damage|p2a: Farigiraf|59/100
|move|p2a: Farigiraf|Trick Room|p2a: Farigiraf
|-fieldstart|move: Trick Room|[of] p2a: Farigiraf
|
|-weather|Snowscape|[upkeep]
|upkeep
|turn|6
|
|t:|1785791308
|move|p2b: Camerupt|Ancient Power|p1b: Charizard
|-supereffective|p1b: Charizard|2
|-damage|p1b: Charizard|0 fnt
|faint|p1b: Charizard
|move|p2a: Farigiraf|Psychic Fangs|p1a: Garchomp
|-damage|p1a: Garchomp|62/100
|-damage|p2a: Farigiraf|47/100|[from] ability: Rough Skin|[of] p1a: Garchomp
|move|p1a: Garchomp|Stomping Tantrum|p2b: Camerupt
|-supereffective|p2b: Camerupt|1
|-damage|p2b: Camerupt|0 fnt
|faint|p2b: Camerupt
|-damage|p1a: Garchomp|52/100|[from] item: Life Orb
|
|-weather|none
|upkeep
|
|t:|1785791323
|switch|p2b: Vanilluxe|Vanilluxe, L50, F|52/100
|-weather|Snowscape|[from] ability: Snow Warning|[of] p2b: Vanilluxe
|turn|7
|
|t:|1785791333
|move|p2a: Farigiraf|Helping Hand|p2b: Vanilluxe
|-singleturn|p2b: Vanilluxe|Helping Hand|[of] p2a: Farigiraf
|move|p1a: Garchomp|Protect|p1a: Garchomp
|-singleturn|p1a: Garchomp|Protect
|move|p2b: Vanilluxe|Freeze-Dry|p1a: Garchomp
|-activate|p1a: Garchomp|move: Protect
|
|-weather|Snowscape|[upkeep]
|upkeep
|turn|8
|
|t:|1785791346
|move|p2a: Farigiraf|Helping Hand|p2b: Vanilluxe
|-singleturn|p2b: Vanilluxe|Helping Hand|[of] p2a: Farigiraf
|move|p1a: Garchomp|Protect||[still]
|-fail|p1a: Garchomp
|move|p2b: Vanilluxe|Freeze-Dry|p1a: Garchomp
|-supereffective|p1a: Garchomp|2
|-damage|p1a: Garchomp|0 fnt
|faint|p1a: Garchomp
|
|win|uPinhuu
|raw|Hornleechers's rating: 1093 → 1071(-22 for losing)
|raw|uPinhuu's rating: 1119 → 1142(+23 for winning)
|l|☆Hornleechers
|player|p1|
