|j|☆ace.bnz
|j|☆GholdenGonzaa
|html|ace.bnzGholdenGonzaa    
|uhtml|bestof|Game 2 of a best-of-3
|t:|1784656593
|gametype|doubles
|player|p1|ace.bnz|benga|
|player|p2|GholdenGonzaa|265|
|gen|9
|tier|[Gen 9 Champions] VGC 2026 Reg M-B (Bo3)
|rule|Species Clause: Limit one of each Pokémon
|rule|Item Clause: Limit 1 of each item
|clearpoke
|poke|p1|Kingambit, L50, F|
|poke|p1|Whimsicott, L50, M|
|poke|p1|Garchomp, L50, F|
|poke|p1|Charizard, L50, M|
|poke|p1|Basculegion, L50, M|
|poke|p1|Dragonite, L50, M|
|poke|p2|Venusaur, L50, M|
|poke|p2|Charizard, L50, M|
|poke|p2|Grimmsnarl, L50, M|
|poke|p2|Archaludon, L50, F|
|poke|p2|Basculegion, L50, M|
|poke|p2|Pelipper, L50, F|
|teampreview|4
|showteam|p1|Kingambit||ChopleBerry|Defiant|Protect,KowtowCleave,SuckerPunch,IronHead|Adamant||F|||50|]Whimsicott||FocusSash|Prankster|Protect,Moonblast,Encore,Tailwind|Timid||M|||50|]Garchomp||RoseliBerry|RoughSkin|RockTomb,PoisonJab,DragonClaw,Earthquake|Adamant||F|||50|]Charizard||CharizarditeY|SolarPower|Protect,WeatherBall,SolarBeam,HeatWave|Modest||M|||50|]Basculegion||SitrusBerry|Adaptability|Protect,WaveCrash,AquaJet,LastRespects|Adamant||M|||50|]Dragonite||Dragoninite|Multiscale|Protect,HeatWave,Thunderbolt,DragonPulse|Modest||M|||50|
|showteam|p2|Venusaur||FocusSash|Chlorophyll|SludgeBomb,EarthPower,SleepPowder,Protect|Modest||M|||50|]Charizard||CharizarditeY|Blaze|Protect,HeatWave,SolarBeam,WeatherBall|Modest||M|||50|]Grimmsnarl||LightClay|Prankster|SpiritBreak,LightScreen,Reflect,PartingShot|Sassy||M|||50|]Archaludon||Leftovers|Stamina|ElectroShot,DragonPulse,FlashCannon,Protect|Calm||F|||50|]Basculegion||ChoiceScarf|Adaptability|WaveCrash,LastRespects,AquaJet,FlipTurn|Jolly||M|||50|]Pelipper||SitrusBerry|Drizzle|Hurricane,WeatherBall,Tailwind,WideGuard|Modest||F|||50|
|
|t:|1784656641
|teamsize|p1|4
|teamsize|p2|4
|start
|switch|p1a: Whimsicott|Whimsicott, L50, M|100/100
|switch|p1b: Dragonite|Dragonite, L50, M|100/100
|switch|p2a: Charizard|Charizard, L50, M|100/100
|switch|p2b: Venusaur|Venusaur, L50, M|100/100
|turn|1
|
|t:|1784656668
|detailschange|p2a: Charizard|Charizard-Mega-Y, L50, M
|-mega|p2a: Charizard|Charizard|Charizardite Y
|-weather|SunnyDay|[from] ability: Drought|[of] p2a: Charizard
|move|p1a: Whimsicott|Tailwind|p1a: Whimsicott
|-sidestart|p1: ace.bnz|move: Tailwind
|move|p2b: Venusaur|Sleep Powder|p1b: Dragonite
|-status|p1b: Dragonite|slp|[from] move: Sleep Powder
|cant|p1b: Dragonite|slp
|move|p2a: Charizard|Heat Wave|p1b: Dragonite|[spread] p1a,p1b
|-supereffective|p1a: Whimsicott|1
|-resisted|p1b: Dragonite|1
|-enditem|p1a: Whimsicott|Focus Sash
|-damage|p1a: Whimsicott|1/100
|-damage|p1b: Dragonite|83/100 slp
|
|-weather|SunnyDay|[upkeep]
|upkeep
|turn|2
|
|t:|1784656695
|move|p1a: Whimsicott|Encore|p2b: Venusaur
|-start|p2b: Venusaur|Encore
|move|p2b: Venusaur|Sleep Powder|p1a: Whimsicott
|-immune|p1a: Whimsicott
|-curestatus|p1b: Dragonite|slp|[msg]
|move|p1b: Dragonite|Heat Wave|p2b: Venusaur|[spread] p2a,p2b
|-resisted|p2a: Charizard|1
|-supereffective|p2b: Venusaur|1
|-damage|p2a: Charizard|85/100
|-damage|p2b: Venusaur|21/100
|move|p2a: Charizard|Heat Wave|p1a: Whimsicott|[spread] p1a,p1b
|-supereffective|p1a: Whimsicott|1
|-resisted|p1b: Dragonite|1
|-damage|p1a: Whimsicott|0 fnt
|-damage|p1b: Dragonite|48/100
|faint|p1a: Whimsicott
|
|-weather|SunnyDay|[upkeep]
|upkeep
|
|t:|1784656708
|switch|p1a: Charizard|Charizard, L50, M|100/100
|turn|3
|
|t:|1784656722
|switch|p2b: Pelipper|Pelipper, L50, F|100/100
|-weather|RainDance|[from] ability: Drizzle|[of] p2b: Pelipper
|detailschange|p1a: Charizard|Charizard-Mega-Y, L50, M
|-mega|p1a: Charizard|Charizard|Charizardite Y
|-weather|SunnyDay|[from] ability: Drought|[of] p1a: Charizard
|move|p1a: Charizard|Heat Wave|p2b: Pelipper|[spread] p2a,p2b
|-resisted|p2a: Charizard|1
|-crit|p2a: Charizard
|-resisted|p2b: Pelipper|1
|-damage|p2a: Charizard|43/100
|-damage|p2b: Pelipper|55/100
|-status|p2b: Pelipper|brn
|move|p1b: Dragonite|Thunderbolt|p2a: Charizard
|-supereffective|p2a: Charizard|1
|-damage|p2a: Charizard|0 fnt
|faint|p2a: Charizard
|
|-weather|SunnyDay|[upkeep]
|-damage|p2b: Pelipper|49/100 brn|[from] brn
|upkeep
|-enditem|p2b: Pelipper|Sitrus Berry|[eat]
|-heal|p2b: Pelipper|73/100 brn|[from] item: Sitrus Berry
|
|t:|1784656754
|switch|p2a: Venusaur|Venusaur, L50, M|21/100
|turn|4
|
|t:|1784656775
|switch|p2b: Archaludon|Archaludon, L50, F|100/100
|move|p1a: Charizard|Weather Ball|p2a: Venusaur
|-supereffective|p2a: Venusaur|1
|-damage|p2a: Venusaur|0 fnt
|faint|p2a: Venusaur
|move|p1b: Dragonite|Thunderbolt|p2b: Archaludon
|-resisted|p2b: Archaludon|1
|-damage|p2b: Archaludon|85/100
|-ability|p2b: Archaludon|Stamina|boost
|-boost|p2b: Archaludon|def|1
|
|-weather|SunnyDay|[upkeep]
|-heal|p2b: Archaludon|91/100|[from] item: Leftovers
|-sideend|p1: ace.bnz|move: Tailwind
|upkeep
|
|t:|1784656789
|switch|p2a: Pelipper|Pelipper, L50, F|73/100 brn
|-weather|RainDance|[from] ability: Drizzle|[of] p2a: Pelipper
|turn|5
|
|t:|1784656811
|move|p1a: Charizard|Heat Wave|p2a: Pelipper|[spread] p2a,p2b
|-resisted|p2a: Pelipper|1
|-damage|p2a: Pelipper|59/100 brn
|-damage|p2b: Archaludon|73/100
|-ability|p2b: Archaludon|Stamina|boost
|-boost|p2b: Archaludon|def|1
|move|p1b: Dragonite|Thunderbolt|p2a: Pelipper
|-supereffective|p2a: Pelipper|2
|-damage|p2a: Pelipper|0 fnt
|faint|p2a: Pelipper
|move|p2b: Archaludon|Electro Shot||[still]
|-prepare|p2b: Archaludon|Electro Shot
|-boost|p2b: Archaludon|spa|1
|-anim|p2b: Archaludon|Electro Shot|p1a: Charizard
|-supereffective|p1a: Charizard|1
|-damage|p1a: Charizard|0 fnt
|faint|p1a: Charizard
|
|-weather|RainDance|[upkeep]
|-heal|p2b: Archaludon|79/100|[from] item: Leftovers
|upkeep
|
|t:|1784656824
|switch|p1a: Kingambit|Kingambit, L50, F|100/100
|turn|6
|
|t:|1784656848
|move|p1b: Dragonite|Dragon Pulse|p2b: Archaludon
|-damage|p2b: Archaludon|42/100
|-ability|p2b: Archaludon|Stamina|boost
|-boost|p2b: Archaludon|def|1
|move|p2b: Archaludon|Dragon Pulse|p1b: Dragonite
|-supereffective|p1b: Dragonite|1
|-damage|p1b: Dragonite|0 fnt
|faint|p1b: Dragonite
|move|p1a: Kingambit|Kowtow Cleave|p2b: Archaludon
|-damage|p2b: Archaludon|27/100
|-ability|p2b: Archaludon|Stamina|boost
|-boost|p2b: Archaludon|def|1
|
|-weather|RainDance|[upkeep]
|-heal|p2b: Archaludon|33/100|[from] item: Leftovers
|upkeep
|turn|7
|
|t:|1784656864
|move|p2b: Archaludon|Protect|p2b: Archaludon
|-singleturn|p2b: Archaludon|Protect
|move|p1a: Kingambit|Kowtow Cleave|p2b: Archaludon
|-activate|p2b: Archaludon|move: Protect
|
|-weather|RainDance|[upkeep]
|-heal|p2b: Archaludon|39/100|[from] item: Leftovers
|upkeep
|turn|8
|
|t:|1784656874
|move|p2b: Archaludon|Electro Shot||[still]
|-prepare|p2b: Archaludon|Electro Shot
|-boost|p2b: Archaludon|spa|1
|-anim|p2b: Archaludon|Electro Shot|p1a: Kingambit
|-damage|p1a: Kingambit|30/100
|move|p1a: Kingambit|Kowtow Cleave|p2b: Archaludon
|-damage|p2b: Archaludon|27/100
|-ability|p2b: Archaludon|Stamina|boost
|-boost|p2b: Archaludon|def|1
|
|-weather|RainDance|[upkeep]
|-heal|p2b: Archaludon|33/100|[from] item: Leftovers
|upkeep
|turn|9
|
|t:|1784656887
|move|p1a: Kingambit|Sucker Punch|p2b: Archaludon
|-damage|p2b: Archaludon|25/100
|-ability|p2b: Archaludon|Stamina|boost
|-boost|p2b: Archaludon|def|1
|move|p2b: Archaludon|Electro Shot||[still]
|-prepare|p2b: Archaludon|Electro Shot
|-boost|p2b: Archaludon|spa|1
|-anim|p2b: Archaludon|Electro Shot|p1a: Kingambit
|-damage|p1a: Kingambit|0 fnt
|faint|p1a: Kingambit
|
|win|GholdenGonzaa
||ace.bnz is ready for game 3.
||GholdenGonzaa is ready for game 3.
|uhtml|next|Next: Game 3 of 3
