|j|☆gambitofking
|j|☆sttuarrt
|html|gambitofkingsttuarrt    
|uhtml|bestof|Game 2 of a best-of-3
|t:|1782512892
|gametype|doubles
|player|p1|gambitofking|miku-grass|1087
|player|p2|sttuarrt|skier|1115
|gen|9
|tier|[Gen 9 Champions] VGC 2026 Reg M-B (Bo3)
|rated|
|rule|Species Clause: Limit one of each Pokémon
|rule|Item Clause: Limit 1 of each item
|clearpoke
|poke|p1|Mawile, L50, M|
|poke|p1|Ceruledge, L50, F|
|poke|p1|Farigiraf, L50, M|
|poke|p1|Milotic, L50, F|
|poke|p1|Sinistcha, L50|
|poke|p1|Sneasler, L50, F|
|poke|p2|Sneasler, L50, F, shiny|
|poke|p2|Blastoise, L50, M|
|poke|p2|Vivillon-Monsoon, L50, M, shiny|
|poke|p2|Farigiraf, L50, M|
|poke|p2|Skarmory, L50, F, shiny|
|poke|p2|Pelipper, L50, F|
|teampreview|4
|showteam|p1|Mawile||Mawilite|HyperCutter|Protect,IronHead,PlayRough,Crunch|Adamant||M|||50|]Ceruledge||LifeOrb|FlashFire|Protect,BitterBlade,ShadowSneak,BulkUp|Adamant||F|||50|]Farigiraf||SitrusBerry|ArmorTail|Protect,Psychic,HelpingHand,TrickRoom|Bold||M|||50|]Milotic||Leftovers|Competitive|MuddyWater,IcyWind,Coil,Hypnosis|Bold||F|||50|]Sinistcha||ColburBerry|Hospitality|MatchaGotcha,ShadowBall,RagePowder,LifeDew|Impish|||||50|]Sneasler||WhiteHerb|Unburden|Protect,FakeOut,DireClaw,CloseCombat|Adamant||F|||50|
|showteam|p2|Sneasler||WhiteHerb|Unburden|FakeOut,DireClaw,CloseCombat,Feint|Jolly||F|||50|]Blastoise||Blastoisinite|Torrent|WaterSpout,DarkPulse,ShellSmash,FakeOut|Modest||M|||50|]Vivillon-Monsoon||ChoiceScarf|CompoundEyes|SleepPowder,Hurricane,RainDance,RagePowder|Timid||M|||50|]Farigiraf||LifeOrb|ArmorTail|TrickRoom,Psychic,HyperVoice,Protect|Modest||M|||50|]Skarmory||Skarmorite|Sturdy|BraveBird,IronHead,RockTomb,Tailwind|Jolly||F|||50|]Pelipper||FocusSash|Drizzle|Tailwind,Hurricane,WeatherBall,Protect|Modest||F|||50|
|inactive|Battle timer is ON: inactive players will automatically lose when time's up. (requested by sttuarrt)
|inactive|gambitofking has 60 seconds left.
|
|t:|1782512949
|teamsize|p1|4
|teamsize|p2|4
|start
|switch|p1a: Enma|Ceruledge, L50, F|100/100
|switch|p1b: PrankEmJohn|Sneasler, L50, F|100/100
|switch|p2a: Blastoise|Blastoise, L50, M|100/100
|switch|p2b: Vivillon|Vivillon-Monsoon, L50, M, shiny|100/100
|turn|1
|inactive|gambitofking has 30 seconds left.
|inactive|sttuarrt has 30 seconds left.
|inactive|sttuarrt has 20 seconds left.
|inactive|sttuarrt has 15 seconds left.
|
|t:|1782512991
|switch|p2b: Pelipper|Pelipper, L50, F|100/100
|-weather|RainDance|[from] ability: Drizzle|[of] p2b: Pelipper
|detailschange|p2a: Blastoise|Blastoise-Mega, L50, M
|-mega|p2a: Blastoise|Blastoise|Blastoisinite
|move|p1b: PrankEmJohn|Fake Out|p2a: Blastoise
|-damage|p2a: Blastoise|85/100
|cant|p2a: Blastoise|flinch
|move|p1a: Enma|Bitter Blade|p2b: Pelipper
|-resisted|p2b: Pelipper|1
|-damage|p2b: Pelipper|78/100
|-damage|p1a: Enma|90/100|[from] item: Life Orb
|
|-weather|RainDance|[upkeep]
|upkeep
|turn|2
|inactive|gambitofking has 30 seconds left.
|inactive|gambitofking has 20 seconds left.
|inactive|gambitofking has 15 seconds left.
|inactive|gambitofking has 10 seconds left.
|inactive|gambitofking has 5 seconds left.
|inactive|sttuarrt has 30 seconds left.
|
|t:|1782513055
|switch|p1b: Feesh|Milotic, L50, F|100/100
|move|p1a: Enma|Shadow Sneak|p2a: Blastoise
|-damage|p2a: Blastoise|55/100
|-damage|p1a: Enma|80/100|[from] item: Life Orb
|move|p2a: Blastoise|Water Spout|p1b: Feesh|[spread] p1a,p1b
|-supereffective|p1a: Enma|1
|-resisted|p1b: Feesh|1
|-damage|p1a: Enma|0 fnt
|-damage|p1b: Feesh|80/100
|faint|p1a: Enma
|move|p2b: Pelipper|Hurricane|p1b: Feesh
|-damage|p1b: Feesh|46/100
|
|-weather|RainDance|[upkeep]
|-heal|p1b: Feesh|52/100|[from] item: Leftovers
|upkeep
|
|t:|1782513075
|switch|p1a: JoeShmoe|Sinistcha, L50|100/100
|-heal|p1b: Feesh|77/100|[from] ability: Hospitality|[of] p1a: JoeShmoe
|turn|3
|inactive|gambitofking has 30 seconds left.
|
|t:|1782513104
|move|p2a: Blastoise|Dark Pulse|p1a: JoeShmoe
|-supereffective|p1a: JoeShmoe|1
|-enditem|p1a: JoeShmoe|Colbur Berry|[eat]
|-enditem|p1a: JoeShmoe|Colbur Berry|[weaken]
|-damage|p1a: JoeShmoe|51/100
|move|p2b: Pelipper|Hurricane|p1a: JoeShmoe
|-supereffective|p1a: JoeShmoe|1
|-damage|p1a: JoeShmoe|0 fnt
|faint|p1a: JoeShmoe
|move|p1b: Feesh|Icy Wind|p2b: Pelipper|[spread] p2a,p2b
|-resisted|p2a: Blastoise|1
|-damage|p2a: Blastoise|50/100g
|-damage|p2b: Pelipper|63/100
|-unboost|p2a: Blastoise|spe|1
|-unboost|p2b: Pelipper|spe|1
|
|-weather|RainDance|[upkeep]
|-heal|p1b: Feesh|83/100|[from] item: Leftovers
|upkeep
|
|t:|1782513118
|switch|p1a: PrankEmJohn|Sneasler, L50, F|100/100
|turn|4
|
|t:|1782513138
|switch|p2a: Farigiraf|Farigiraf, L50, M|100/100
|move|p1a: PrankEmJohn|Fake Out||[still]
|cant|p2a: Farigiraf|ability: Armor Tail|Fake Out|[of] p1a: PrankEmJohn
|move|p1b: Feesh|Muddy Water|p2a: Farigiraf|[spread] p2a,p2b
|-resisted|p2b: Pelipper|1
|-damage|p2a: Farigiraf|60/100
|-damage|p2b: Pelipper|35/100
|move|p2b: Pelipper|Hurricane|p1a: PrankEmJohn
|-supereffective|p1a: PrankEmJohn|1
|-damage|p1a: PrankEmJohn|0 fnt
|faint|p1a: PrankEmJohn
|
|-weather|RainDance|[upkeep]
|-heal|p1b: Feesh|89/100|[from] item: Leftovers
|upkeep
|turn|5
|inactive|gambitofking has 30 seconds left.
|
|t:|1782513163
|move|p1b: Feesh|Hypnosis|p2b: Pelipper
|-status|p2b: Pelipper|slp|[from] move: Hypnosis
|move|p2a: Farigiraf|Psychic|p1b: Feesh
|-damage|p1b: Feesh|44/100
|-damage|p2a: Farigiraf|50/100g|[from] item: Life Orb
|cant|p2b: Pelipper|slp
|
|-weather|none
|-heal|p1b: Feesh|50/100g|[from] item: Leftovers
|upkeep
|turn|6
|c|☆sttuarrt|omg 100% hipnosys hahahaha
|
|t:|1782513184
|switch|p2b: Vivillon|Vivillon-Monsoon, L50, M, shiny|100/100
|move|p1b: Feesh|Muddy Water|p2a: Farigiraf|[spread] p2a,p2b
|-damage|p2a: Farigiraf|28/100
|-damage|p2b: Vivillon|58/100
|-unboost|p2b: Vivillon|accuracy|1
|move|p2a: Farigiraf|Psychic|p1b: Feesh
|-damage|p1b: Feesh|11/100
|-damage|p2a: Farigiraf|18/100|[from] item: Life Orb
|
|-heal|p1b: Feesh|17/100|[from] item: Leftovers
|upkeep
|turn|7
|
|t:|1782513199
|move|p2b: Vivillon|Sleep Powder|p1b: Feesh
|-status|p1b: Feesh|slp|[from] move: Sleep Powder
|cant|p1b: Feesh|slp
|move|p2a: Farigiraf|Psychic|p1b: Feesh
|-damage|p1b: Feesh|0 fnt
|faint|p1b: Feesh
|-damage|p2a: Farigiraf|8/100|[from] item: Life Orb
|
|win|sttuarrt
|raw|gambitofking's rating: 1087 → 1066(-21 for losing)
|raw|sttuarrt's rating: 1115 → 1138(+23 for winning)
|l|☆gambitofking
|player|p1|
