|j|☆testy accounty 2
|j|☆Awesome Person III
|html|testy accounty 2Awesome Person III    
|uhtml|bestof|Game 3 of a best-of-3
|t:|1785987806
|gametype|doubles
|player|p1|testy accounty 2|169|
|player|p2|Awesome Person III|fisherman-gen4|
|gen|9
|tier|[Gen 9 Champions] VGC 2026 Reg M-B (Bo3)
|rule|Species Clause: Limit one of each Pokémon
|rule|Item Clause: Limit 1 of each item
|clearpoke
|poke|p1|Staraptor, L50, F|
|poke|p1|Raichu, L50, F|
|poke|p1|Farigiraf, L50, M|
|poke|p1|Arcanine-Hisui, L50, F|
|poke|p1|Sylveon, L50, M|
|poke|p1|Kingambit, L50, F|
|poke|p2|Garchomp, L50, M|
|poke|p2|Delphox, L50, F|
|poke|p2|Floette-Eternal, L50, F|
|poke|p2|Incineroar, L50, M|
|poke|p2|Sneasler, L50, F|
|poke|p2|Sinistcha, L50|
|teampreview|4
|showteam|p1|Staraptor||Staraptite|Intimidate|CloseCombat,DualWingbeat,Tailwind,Protect|Jolly||F|||50|]Raichu||RaichuniteY|LightningRod|ZapCannon,FocusBlast,FakeOut,Protect|Timid||F|||50|]Farigiraf||SitrusBerry|ArmorTail|Psychic,HelpingHand,TrickRoom,Protect|Calm||M|||50|]Arcanine-Hisui||FocusSash|RockHead|FlareBlitz,HeadSmash,ExtremeSpeed,Protect|Jolly||F|||50|]Sylveon||FairyFeather|Pixilate|HyperVoice,HyperBeam,QuickAttack,Detect|Modest||M|||50|]Kingambit||LifeOrb|Defiant|KowtowCleave,SuckerPunch,SwordsDance,Protect|Adamant||F|||50|
|showteam|p2|Garchomp||ChoiceScarf|RoughSkin|DragonClaw,StompingTantrum,Earthquake,RockSlide|Adamant||M|||50|]Delphox||Delphoxite|Blaze|Psychic,HeatWave,Protect,NastyPlot|Timid||F|||50|]Floette-Eternal||Floettite|FlowerVeil|DazzlingGleam,DrainingKiss,Protect,CalmMind|Timid||F|||50|]Incineroar||Leftovers|Intimidate|FlareBlitz,FakeOut,PartingShot,HelpingHand|Impish||M|||50|]Sneasler||FocusSash|PoisonTouch|CloseCombat,PoisonJab,FakeOut,QuickGuard|Jolly||F|||50|]Sinistcha||SitrusBerry|Hospitality|MatchaGotcha,Protect,LifeDew,RagePowder|Impish|||||50|
|inactive|Battle timer is ON: inactive players will automatically lose when time's up. (requested by Awesome Person III)
|j| Tindall64
|j| figglewiggle
|j| Plopy14
|inactive|testy accounty 2 has 60 seconds left.
|
|t:|1785987855
|teamsize|p1|4
|teamsize|p2|4
|start
|switch|p1a: Raichu|Raichu, L50, F|100/100
|switch|p1b: Sylveon|Sylveon, L50, M|100/100
|switch|p2a: Garchomp|Garchomp, L50, M|100/100
|switch|p2b: Sneasler|Sneasler, L50, F|100/100
|turn|1
|inactive|testy accounty 2 has 30 seconds left.
|
|t:|1785987886
|switch|p1a: Farigiraf|Farigiraf, L50, M|100/100
|move|p2a: Garchomp|Stomping Tantrum|p1a: Farigiraf
|-damage|p1a: Farigiraf|65/100
|move|p2b: Sneasler|Poison Jab|p1b: Sylveon
|-supereffective|p1b: Sylveon|1
|-damage|p1b: Sylveon|9/100
|move|p1b: Sylveon|Hyper Voice|p2b: Sneasler|[spread] p2a,p2b
|-supereffective|p2a: Garchomp|1
|-damage|p2a: Garchomp|4/100
|-damage|p2b: Sneasler|38/100
|
|upkeep
|turn|2
|inactive|testy accounty 2 has 30 seconds left.
|inactive|testy accounty 2 has 20 seconds left.
|inactive|testy accounty 2 has 15 seconds left.
|
|t:|1785987928
|switch|p2a: Floette|Floette-Eternal, L50, F|100/100
|move|p1b: Sylveon|Detect|p1b: Sylveon
|-singleturn|p1b: Sylveon|Protect
|move|p2b: Sneasler|Poison Jab|p1b: Sylveon
|-activate|p1b: Sylveon|move: Protect
|move|p1a: Farigiraf|Psychic|p2b: Sneasler
|-supereffective|p2b: Sneasler|2
|-damage|p2b: Sneasler|0 fnt
|faint|p2b: Sneasler
|
|upkeep
|
|t:|1785987933
|switch|p2b: Sinistcha|Sinistcha, L50|100/100
|turn|3
|
|t:|1785987957
|move|p1a: Farigiraf|Helping Hand|p1b: Sylveon
|-singleturn|p1b: Sylveon|Helping Hand|[of] p1a: Farigiraf
|move|p2b: Sinistcha|Protect|p2b: Sinistcha
|-singleturn|p2b: Sinistcha|Protect
|move|p2a: Floette|Calm Mind|p2a: Floette
|-boost|p2a: Floette|spa|1
|-boost|p2a: Floette|spd|1
|move|p1b: Sylveon|Hyper Beam|p2b: Sinistcha
|-activate|p2b: Sinistcha|move: Protect
|
|upkeep
|turn|4
|inactive|testy accounty 2 has 30 seconds left.
|inactive|testy accounty 2 has 20 seconds left.
|
|t:|1785987995
|detailschange|p2a: Floette|Floette-Mega, L50, F
|-mega|p2a: Floette|Floette|Floettite
|-ability|p2a: Floette|Fairy Aura
|move|p1b: Sylveon|Detect|p1b: Sylveon
|-singleturn|p1b: Sylveon|Protect
|move|p2a: Floette|Dazzling Gleam|p1b: Sylveon|[spread] p1a
|-activate|p1b: Sylveon|move: Protect
|-damage|p1a: Farigiraf|18/100
|-enditem|p1a: Farigiraf|Sitrus Berry|[eat]
|-heal|p1a: Farigiraf|43/100|[from] item: Sitrus Berry
|move|p2b: Sinistcha|Matcha Gotcha|p1a: Farigiraf|[spread] p1a
|-activate|p1b: Sylveon|move: Protect
|-damage|p1a: Farigiraf|26/100
|-status|p1a: Farigiraf|brn
|move|p1a: Farigiraf|Psychic|p2b: Sinistcha
|-damage|p2b: Sinistcha|64/100
|
|-damage|p1a: Farigiraf|20/100y brn|[from] brn
|upkeep
|turn|5
|inactive|testy accounty 2 has 30 seconds left.
|inactive|testy accounty 2 has 20 seconds left.
|inactive|testy accounty 2 has 15 seconds left.
|
|t:|1785988039
|move|p2a: Floette|Dazzling Gleam|p1a: Farigiraf|[spread] p1a,p1b
|-damage|p1a: Farigiraf|0 fnt
|-damage|p1b: Sylveon|0 fnt
|faint|p1a: Farigiraf
|faint|p1b: Sylveon
|move|p2b: Sinistcha|Life Dew||[still]|[spread] p2a,p2b
|-fail|p2a: Floette|heal
|-heal|p2b: Sinistcha|89/100
|
|upkeep
|
|t:|1785988042
|switch|p1b: Raichu|Raichu, L50, F|100/100
|switch|p1a: Arcanine|Arcanine-Hisui, L50, F|100/100
|turn|6
|
|t:|1785988063
|detailschange|p1b: Raichu|Raichu-Mega-Y, L50, F
|-mega|p1b: Raichu|Raichu|Raichunite Y
|move|p1b: Raichu|Fake Out|p2a: Floette
|-damage|p2a: Floette|91/100
|move|p2b: Sinistcha|Rage Powder|p2b: Sinistcha
|-singleturn|p2b: Sinistcha|move: Rage Powder
|cant|p2a: Floette|flinch
|move|p1a: Arcanine|Flare Blitz|p2b: Sinistcha
|-supereffective|p2b: Sinistcha|1
|-damage|p2b: Sinistcha|0 fnt
|faint|p2b: Sinistcha
|
|upkeep
|
|t:|1785988076
|switch|p2b: Garchomp|Garchomp, L50, M|4/100
|turn|7
|
|t:|1785988087
|move|p1a: Arcanine|Extreme Speed|p2b: Garchomp
|-damage|p2b: Garchomp|0 fnt
|-damage|p1a: Arcanine|87/100|[from] ability: Rough Skin|[of] p2b: Garchomp
|faint|p2b: Garchomp
|move|p1b: Raichu|Zap Cannon|p2a: Floette
|-damage|p2a: Floette|62/100
|-status|p2a: Floette|par
|move|p2a: Floette|Draining Kiss|p1b: Raichu
|-damage|p1b: Raichu|35/100
|-heal|p2a: Floette|100/100 par|[from] drain|[of] p1b: Raichu
|
|upkeep
|turn|8
|-message|Awesome Person III forfeited.
|
|win|testy accounty 2
|l|☆Awesome Person III
|player|p2|
|l| figglewiggle
|l|☆testy accounty 2
|player|p1|
|j|☆testy accounty 2
|player|p1|testy accounty 2|169|
