|j|☆shotstopper
|j|☆breloomb01
|html|shotstopperbreloomb01    
|uhtml|bestof|Game 1 of a best-of-3
|t:|1785353014
|gametype|doubles
|player|p1|shotstopper|2|1148
|player|p2|breloomb01|roughneck|1160
|gen|9
|tier|[Gen 9 Champions] VGC 2026 Reg M-B (Bo3)
|rated|
|rule|Species Clause: Limit one of each Pokémon
|rule|Item Clause: Limit 1 of each item
|clearpoke
|poke|p1|Sinistcha-Masterpiece, L50|
|poke|p1|Incineroar, L50, M|
|poke|p1|Milotic, L50, F, shiny|
|poke|p1|Raichu, L50, M|
|poke|p1|Floette-Eternal, L50, F|
|poke|p1|Ceruledge, L50, F|
|poke|p2|Floette-Eternal, L50, F|
|poke|p2|Incineroar, L50, F|
|poke|p2|Sinistcha, L50|
|poke|p2|Garchomp, L50, F|
|poke|p2|Sneasler, L50, F|
|poke|p2|Rotom-Wash, L50|
|teampreview|4
|showteam|p1|Sinistcha-Masterpiece||SitrusBerry|Hospitality|RagePowder,MatchaGotcha,Protect,LifeDew|Bold|||||50|]Incineroar||ChopleBerry|Intimidate|FakeOut,PartingShot,FlareBlitz,ThroatChop|Careful||M|||50|]Milotic||Leftovers|Competitive|MuddyWater,Coil,Hypnosis,Protect|Calm||F|||50|]Raichu||RaichuniteY|LightningRod|FakeOut,ZapCannon,FocusBlast,Protect|Timid||M|||50|]Floette-Eternal||Floettite|FlowerVeil|DazzlingGleam,DrainingKiss,CalmMind,Protect|Relaxed||F|||50|]Ceruledge||ColburBerry|FlashFire|BitterBlade,Protect,ShadowSneak,BulkUp|Adamant||F|||50|
|showteam|p2|Floette-Eternal||Floettite|FlowerVeil|DrainingKiss,DazzlingGleam,CalmMind,Protect|Modest||F|||50|]Incineroar||SitrusBerry|Intimidate|FakeOut,FlareBlitz,ThroatChop,PartingShot|Careful||F|||50|]Sinistcha||KasibBerry|Hospitality|Protect,RagePowder,MatchaGotcha,TrickRoom|Calm|||||50|]Garchomp||LifeOrb|RoughSkin|Earthquake,DragonClaw,RockSlide,Protect|Jolly||F|||50|]Sneasler||FocusSash|PoisonTouch|FakeOut,DireClaw,CloseCombat,Protect|Jolly||F|||50|]Rotom-Wash||Leftovers|Levitate|HydroPump,Protect,WillOWisp,Electroweb|Bold|||||50|
|inactive|Battle timer is ON: inactive players will automatically lose when time's up. (requested by shotstopper)
|j| tedidn
|inactive|shotstopper has 60 seconds left.
|
|t:|1785353045
|teamsize|p1|4
|teamsize|p2|4
|start
|switch|p1a: Milotic|Milotic, L50, F, shiny|100/100
|switch|p1b: Ceruledge|Ceruledge, L50, F|100/100
|switch|p2a: Garchomp|Garchomp, L50, F|100/100
|switch|p2b: Rotom|Rotom-Wash, L50|100/100
|turn|1
|inactive|shotstopper has 30 seconds left.
|l| tedidn
|inactive|shotstopper has 20 seconds left.
|inactive|shotstopper has 15 seconds left.
|inactive|shotstopper has 10 seconds left.
|
|t:|1785353091
|move|p2a: Garchomp|Earthquake|p1b: Ceruledge|[spread] p1a,p1b
|-immune|p2b: Rotom|[from] ability: Levitate
|-supereffective|p1b: Ceruledge|1
|-damage|p1a: Milotic|60/100
|-damage|p1b: Ceruledge|0 fnt
|faint|p1b: Ceruledge
|-damage|p2a: Garchomp|90/100|[from] item: Life Orb
|move|p2b: Rotom|Electroweb|p1a: Milotic
|-supereffective|p1a: Milotic|1
|-damage|p1a: Milotic|33/100
|-unboost|p1a: Milotic|spe|1
|-ability|p1a: Milotic|Competitive|boost
|-boost|p1a: Milotic|spa|2
|move|p1a: Milotic|Hypnosis|p2a: Garchomp
|-status|p2a: Garchomp|slp|[from] move: Hypnosis
|
|-heal|p1a: Milotic|39/100|[from] item: Leftovers
|upkeep
|c|☆breloomb01|Raw hypnosis is wild
|
|t:|1785353111
|switch|p1b: Sinistcha|Sinistcha-Masterpiece, L50|100/100
|-heal|p1a: Milotic|63/100|[from] ability: Hospitality|[of] p1b: Sinistcha
|turn|2
|
|t:|1785353129
|cant|p2a: Garchomp|slp
|move|p2b: Rotom|Electroweb|p1b: Sinistcha|[spread] p1a,p1b
|-supereffective|p1a: Milotic|1
|-resisted|p1b: Sinistcha|1
|-damage|p1a: Milotic|43/100
|-damage|p1b: Sinistcha|92/100
|-unboost|p1a: Milotic|spe|1
|-ability|p1a: Milotic|Competitive|boost
|-boost|p1a: Milotic|spa|2
|-unboost|p1b: Sinistcha|spe|1
|move|p1b: Sinistcha|Matcha Gotcha|p2a: Garchomp|[spread] p2a,p2b
|-supereffective|p2b: Rotom|1
|-damage|p2a: Garchomp|62/100 slp
|-heal|p1b: Sinistcha|100/100|[from] drain|[of] p2a: Garchomp
|-damage|p2b: Rotom|55/100
|move|p1a: Milotic|Hypnosis|p2b: Rotom|[miss]
|-miss|p1a: Milotic|p2b: Rotom
|
|-heal|p2b: Rotom|61/100|[from] item: Leftovers
|-heal|p1a: Milotic|49/100|[from] item: Leftovers
|upkeep
|turn|3
|inactive|shotstopper has 30 seconds left.
|
|t:|1785353158
|move|p1a: Milotic|Protect|p1a: Milotic
|-singleturn|p1a: Milotic|Protect
|-curestatus|p2a: Garchomp|slp|[msg]
|move|p2a: Garchomp|Earthquake|p1a: Milotic|[spread] p1b
|-activate|p1a: Milotic|move: Protect
|-immune|p2b: Rotom|[from] ability: Levitate
|-resisted|p1b: Sinistcha|1
|-damage|p1b: Sinistcha|80/100
|-damage|p2a: Garchomp|52/100|[from] item: Life Orb
|move|p2b: Rotom|Electroweb|p1b: Sinistcha|[spread] p1b
|-activate|p1a: Milotic|move: Protect
|-resisted|p1b: Sinistcha|1
|-damage|p1b: Sinistcha|73/100
|-unboost|p1b: Sinistcha|spe|1
|move|p1b: Sinistcha|Life Dew|p1b: Sinistcha|[spread] p1a,p1b
|-heal|p1a: Milotic|74/100
|-heal|p1b: Sinistcha|98/100
|
|-heal|p2b: Rotom|67/100|[from] item: Leftovers
|-heal|p1a: Milotic|80/100|[from] item: Leftovers
|upkeep
|turn|4
|
|t:|1785353181
|move|p2a: Garchomp|Earthquake|p1b: Sinistcha|[spread] p1a,p1b
|-immune|p2b: Rotom|[from] ability: Levitate
|-resisted|p1b: Sinistcha|1
|-damage|p1a: Milotic|37/100
|-damage|p1b: Sinistcha|78/100
|-damage|p2a: Garchomp|42/100|[from] item: Life Orb
|move|p2b: Rotom|Electroweb|p1b: Sinistcha|[spread] p1a,p1b
|-supereffective|p1a: Milotic|1
|-resisted|p1b: Sinistcha|1
|-damage|p1a: Milotic|18/100
|-damage|p1b: Sinistcha|70/100
|-unboost|p1a: Milotic|spe|1
|-ability|p1a: Milotic|Competitive|boost
|-boost|p1a: Milotic|spa|2
|-unboost|p1b: Sinistcha|spe|1
|move|p1a: Milotic|Muddy Water|p2a: Garchomp|[spread] p2a,p2b
|-crit|p2a: Garchomp
|-resisted|p2b: Rotom|1
|-damage|p2a: Garchomp|0 fnt
|-damage|p2b: Rotom|22/100
|-unboost|p2b: Rotom|accuracy|1
|faint|p2a: Garchomp
|move|p1b: Sinistcha|Matcha Gotcha|p2b: Rotom
|-supereffective|p2b: Rotom|1
|-damage|p2b: Rotom|0 fnt
|-heal|p1b: Sinistcha|80/100|[from] drain|[of] p2b: Rotom
|faint|p2b: Rotom
|
|-heal|p1a: Milotic|24/100|[from] item: Leftovers
|upkeep
|
|t:|1785353185
|switch|p2a: Sneasler|Sneasler, L50, F|100/100
|switch|p2b: Floette|Floette-Eternal, L50, F|100/100
|turn|5
|inactive|shotstopper has 30 seconds left.
|inactive|shotstopper has 20 seconds left.
|inactive|shotstopper has 15 seconds left.
|inactive|shotstopper has 10 seconds left.
|
|t:|1785353235
|detailschange|p2b: Floette|Floette-Mega, L50, F
|-mega|p2b: Floette|Floette|Floettite
|-ability|p2b: Floette|Fairy Aura
|move|p1a: Milotic|Protect|p1a: Milotic
|-singleturn|p1a: Milotic|Protect
|move|p2a: Sneasler|Fake Out|p1a: Milotic
|-activate|p1a: Milotic|move: Protect
|move|p2b: Floette|Calm Mind|p2b: Floette
|-boost|p2b: Floette|spa|1
|-boost|p2b: Floette|spd|1
|move|p1b: Sinistcha|Life Dew|p1b: Sinistcha|[spread] p1a,p1b
|-heal|p1a: Milotic|49/100
|-heal|p1b: Sinistcha|100/100
|
|-heal|p1a: Milotic|55/100|[from] item: Leftovers
|upkeep
|turn|6
|
|t:|1785353255
|move|p1b: Sinistcha|Rage Powder|p1b: Sinistcha
|-singleturn|p1b: Sinistcha|move: Rage Powder
|move|p2a: Sneasler|Dire Claw|p1b: Sinistcha
|-damage|p1b: Sinistcha|66/100
|move|p2b: Floette|Dazzling Gleam|p1a: Milotic|[spread] p1a,p1b
|-damage|p1a: Milotic|4/100
|-damage|p1b: Sinistcha|0 fnt
|faint|p1b: Sinistcha
|move|p1a: Milotic|Muddy Water|p2b: Floette|[spread] p2a,p2b
|-enditem|p2a: Sneasler|Focus Sash
|-damage|p2a: Sneasler|1/100
|-damage|p2b: Floette|54/100
|-unboost|p2b: Floette|accuracy|1
|
|-heal|p1a: Milotic|10/100|[from] item: Leftovers
|upkeep
|
|t:|1785353269
|switch|p1b: Floette|Floette-Eternal, L50, F|100/100
|turn|7
|
|t:|1785353286
|detailschange|p1b: Floette|Floette-Mega, L50, F
|-mega|p1b: Floette|Floette|Floettite
|-ability|p1b: Floette|Fairy Aura
|move|p1a: Milotic|Protect|p1a: Milotic
|-singleturn|p1a: Milotic|Protect
|move|p2a: Sneasler|Dire Claw|p1b: Floette
|-supereffective|p1b: Floette|1
|-damage|p1b: Floette|35/100
|-status|p1b: Floette|slp
|move|p2b: Floette|Dazzling Gleam|p1a: Milotic|[spread] p1b
|-activate|p1a: Milotic|move: Protect
|-damage|p1b: Floette|0 fnt
|faint|p1b: Floette
|
|-heal|p1a: Milotic|16/100|[from] item: Leftovers
|upkeep
|turn|8
|
|t:|1785353304
|move|p2a: Sneasler|Close Combat|p1a: Milotic
|-crit|p1a: Milotic
|-damage|p1a: Milotic|0 fnt
|-unboost|p2a: Sneasler|def|1
|-unboost|p2a: Sneasler|spd|1
|faint|p1a: Milotic
|
|win|breloomb01
||shotstopper is ready for game 2.
||breloomb01 is ready for game 2.
|uhtml|next|Next: Game 2 of 3
