|j|☆DonDeLenguas
|j|☆marcosdeltasena31
|html|DonDeLenguasmarcosdeltasena31    
|uhtml|bestof|Game 3 of a best-of-3
|t:|1755640625
|gametype|doubles
|player|p1|DonDeLenguas|266|1241
|player|p2|marcosdeltasena31|hilbert|1372
|gen|9
|tier|[Gen 9] VGC 2025 Reg H (Bo3)
|rated|
|rule|Species Clause: Limit one of each Pokémon
|rule|Item Clause: Limit 1 of each item
|clearpoke
|poke|p1|Kilowattrel, L50, M|
|poke|p1|Garchomp, L50, M|
|poke|p1|Gardevoir, L50, F|
|poke|p1|Incineroar, L50, M|
|poke|p1|Gholdengo, L50|
|poke|p1|Weezing, L50, M|
|poke|p2|Dragonite, L50, F|
|poke|p2|Sneasler, L50, F|
|poke|p2|Volcarona, L50, F|
|poke|p2|Rillaboom, L50, M|
|poke|p2|Kingambit, L50, F|
|poke|p2|Electabuzz, L50, F|
|teampreview|4
|showteam|p1|Kilowattrel||FocusSash|Competitive|Protect,Tailwind,Hurricane,Discharge|||M|||50|,,,,,Ghost]Garchomp||LifeOrb|RoughSkin|Protect,DragonClaw,StompingTantrum,Earthquake|||M|||50|,,,,,Ground]Gardevoir||ChoiceScarf|Telepathy|Moonblast,DazzlingGleam,ExpandingForce,MysticalFire|||F|||50|,,,,,Fire]Incineroar||AbilityShield|Intimidate|FakeOut,FlareBlitz,KnockOff,PartingShot|||M|||50|,,,,,Grass]Gholdengo||AirBalloon|GoodasGold|MakeItRain,ShadowBall,NastyPlot,Protect||||||50|,,,,,Flying]Weezing||SitrusBerry|NeutralizingGas|Protect,SludgeBomb,WillOWisp,Haze|||M|||50|,,,,,Water
|showteam|p2|Dragonite||LoadedDice|Multiscale|ScaleShot,ExtremeSpeed,Haze,Protect|||F|||50|,,,,,Fairy]Sneasler||FocusSash|PoisonTouch|DireClaw,CloseCombat,FakeOut,Coaching|||F|||50|,,,,,Ghost]Volcarona||CovertCloak|FlameBody|HeatWave,TeraBlast,QuiverDance,Protect|||F|||50|,,,,,Fairy]Rillaboom||AssaultVest|GrassySurge|WoodHammer,FakeOut,GrassyGlide,HighHorsepower|||M|||50|,,,,,Fire]Kingambit||BlackGlasses|Defiant|KowtowCleave,SwordsDance,SuckerPunch,Protect|||F|||50|,,,,,Dark]Electabuzz||Eviolite|VitalSpirit|Electroweb,FollowMe,Taunt,Protect|||F|||50|,,,,,Ghost
|
|t:|1755640644
|teamsize|p1|4
|teamsize|p2|4
|start
|switch|p1a: Weezing|Weezing, L50, M|100/100
|switch|p1b: Garchomp|Garchomp, L50, M|100/100
|switch|p2a: Volcarona|Volcarona, L50, F|100/100
|switch|p2b: Electabuzz|Electabuzz, L50, F|100/100
|-ability|p1a: Weezing|Neutralizing Gas
|turn|1
|
|t:|1755640661
|-terastallize|p1b: Garchomp|Ground
|move|p2a: Volcarona|Protect|p2a: Volcarona
|-singleturn|p2a: Volcarona|Protect
|move|p2b: Electabuzz|Protect|p2b: Electabuzz
|-singleturn|p2b: Electabuzz|Protect
|move|p1a: Weezing|Protect|p1a: Weezing
|-singleturn|p1a: Weezing|Protect
|move|p1b: Garchomp|Earthquake|p2a: Volcarona|[spread] 
|-activate|p1a: Weezing|move: Protect
|-activate|p2a: Volcarona|move: Protect
|-activate|p2b: Electabuzz|move: Protect
|
|upkeep
|turn|2
|
|t:|1755640688
|switch|p2a: Rillaboom|Rillaboom, L50, M|100/100
|move|p1b: Garchomp|Stomping Tantrum|p2b: Electabuzz
|-supereffective|p2b: Electabuzz
|-damage|p2b: Electabuzz|0 fnt
|faint|p2b: Electabuzz
|-damage|p1b: Garchomp|91/100|[from] item: Life Orb
|move|p1a: Weezing|Will-O-Wisp|p2a: Rillaboom
|-status|p2a: Rillaboom|brn
|
|-damage|p2a: Rillaboom|95/100 brn|[from] brn
|upkeep
|
|t:|1755640697
|switch|p2b: Kingambit|Kingambit, L50, F|100/100
|turn|3
|
|t:|1755640707
|switch|p1b: Incineroar|Incineroar, L50, M|100/100
|-ability|p1b: Incineroar|Intimidate|boost
|-unboost|p2a: Rillaboom|atk|1
|-unboost|p2b: Kingambit|atk|1
|-terastallize|p2b: Kingambit|Dark
|move|p2a: Rillaboom|Fake Out|p1a: Weezing
|-damage|p1a: Weezing|97/100
|cant|p1a: Weezing|flinch
|move|p2b: Kingambit|Kowtow Cleave|p1b: Incineroar
|-resisted|p1b: Incineroar
|-damage|p1b: Incineroar|81/100
|
|-damage|p2a: Rillaboom|89/100 brn|[from] brn
|upkeep
|turn|4
|
|t:|1755640725
|switch|p2b: Volcarona|Volcarona, L50, F|100/100
|move|p1b: Incineroar|Fake Out|p2b: Volcarona
|-damage|p2b: Volcarona|88/100
|move|p2a: Rillaboom|High Horsepower|p1a: Weezing
|-supereffective|p1a: Weezing
|-damage|p1a: Weezing|79/100
|move|p1a: Weezing|Sludge Bomb|p2a: Rillaboom
|-supereffective|p2a: Rillaboom
|-damage|p2a: Rillaboom|50/100 brn
|
|-damage|p2a: Rillaboom|44/100 brn|[from] brn
|upkeep
|turn|5
|
|t:|1755640742
|move|p2b: Volcarona|Heat Wave|p1b: Incineroar|[spread] p1a,p1b
|-resisted|p1b: Incineroar
|-damage|p1a: Weezing|36/100
|-damage|p1b: Incineroar|64/100
|-enditem|p1a: Weezing|Sitrus Berry|[eat]
|-heal|p1a: Weezing|61/100|[from] item: Sitrus Berry
|move|p2a: Rillaboom|High Horsepower|p1a: Weezing
|-supereffective|p1a: Weezing
|-damage|p1a: Weezing|44/100
|move|p1a: Weezing|Sludge Bomb|p2a: Rillaboom
|-supereffective|p2a: Rillaboom
|-damage|p2a: Rillaboom|6/100 brn
|move|p1b: Incineroar|Flare Blitz|p2b: Volcarona
|-damage|p2b: Volcarona|31/100
|-damage|p1b: Incineroar|47/100|[from] Recoil
|
|-damage|p2a: Rillaboom|0 fnt|[from] brn
|faint|p2a: Rillaboom
|upkeep
|
|t:|1755640747
|switch|p2a: Kingambit|Kingambit, L50, F, tera:Dark|100/100
|turn|6
|
|t:|1755640759
|move|p2b: Volcarona|Protect|p2b: Volcarona
|-singleturn|p2b: Volcarona|Protect
|move|p1a: Weezing|Protect|p1a: Weezing
|-singleturn|p1a: Weezing|Protect
|move|p2a: Kingambit|Protect|p2a: Kingambit
|-singleturn|p2a: Kingambit|Protect
|move|p1b: Incineroar|Parting Shot|p2a: Kingambit
|-activate|p2a: Kingambit|move: Protect
|
|upkeep
|turn|7
|
|t:|1755640788
|move|p2b: Volcarona|Heat Wave|p1a: Weezing|[spread] p1a,p1b
|-resisted|p1b: Incineroar
|-damage|p1a: Weezing|0 fnt
|-damage|p1b: Incineroar|31/100
|faint|p1a: Weezing
|-end|p1a: Weezing|ability: Neutralizing Gas
|move|p1b: Incineroar|Flare Blitz|p2b: Volcarona
|-damage|p2b: Volcarona|0 fnt
|faint|p2b: Volcarona
|-damage|p1b: Incineroar|22/100|[from] Recoil
|move|p2a: Kingambit|Kowtow Cleave|p1b: Incineroar
|-resisted|p1b: Incineroar
|-damage|p1b: Incineroar|0 fnt
|faint|p1b: Incineroar
|
|upkeep
|
|t:|1755640802
|switch|p1a: Garchomp|Garchomp, L50, M, tera:Ground|91/100
|switch|p1b: Kilowattrel|Kilowattrel, L50, M|100/100
|turn|8
|
|t:|1755640809
|move|p1b: Kilowattrel|Discharge|p2a: Kingambit|[spread] p2a
|-immune|p1a: Garchomp
|-damage|p2a: Kingambit|74/100
|move|p1a: Garchomp|Earthquake|p2a: Kingambit|[spread] p2a
|-immune|p1b: Kilowattrel
|-crit|p2a: Kingambit
|-damage|p2a: Kingambit|0 fnt
|faint|p2a: Kingambit
|-damage|p1a: Garchomp|81/100|[from] item: Life Orb
|
|win|DonDeLenguas
|raw|DonDeLenguas's rating: 1241 → 1275(+34 for winning)
|raw|marcosdeltasena31's rating: 1372 → 1345(-27 for losing)
