|j|☆chris1012
|j|☆seattlebandit
|html|chris1012seattlebandit    
|uhtml|bestof|Game 1 of a best-of-3
|t:|1782443031
|gametype|doubles
|player|p1|chris1012|1|1092
|player|p2|seattlebandit|roughneck-gen4|1000
|gen|9
|tier|[Gen 9 Champions] VGC 2026 Reg M-B (Bo3)
|rated|
|rule|Species Clause: Limit one of each Pokémon
|rule|Item Clause: Limit 1 of each item
|clearpoke
|poke|p1|Blaziken, L50, F|
|poke|p1|Garchomp, L50, M|
|poke|p1|Whimsicott, L50, M|
|poke|p1|Incineroar, L50, F|
|poke|p1|Basculegion, L50, M|
|poke|p1|Espathra, L50, F|
|poke|p2|Basculegion, L50, M|
|poke|p2|Garchomp, L50, M|
|poke|p2|Kingambit, L50, M|
|poke|p2|Sylveon, L50, F|
|poke|p2|Aerodactyl, L50, M|
|poke|p2|Charizard, L50, M|
|teampreview|4
|showteam|p1|Blaziken||Blazikenite|SpeedBoost|Protect,FirePunch,CloseCombat,Uturn|Adamant||F|||50|]Garchomp||LifeOrb|RoughSkin|RockSlide,DragonClaw,IronHead,Earthquake|Jolly||M|||50|]Whimsicott||FocusSash|Prankster|Protect,Tailwind,DazzlingGleam,HelpingHand|Bold||M|||50|]Incineroar||SitrusBerry|Intimidate|Protect,PartingShot,DarkestLariat,FakeOut|Careful||F|||50|]Basculegion||MysticWater|Adaptability|Protect,LastRespects,Liquidation,AquaJet|Adamant||M|||50|]Espathra||TwistedSpoon|SpeedBoost|Protect,Reflect,LuminaCrash,DazzlingGleam|Timid||F|||50|
|showteam|p2|Basculegion||FocusSash|Adaptability|Protect,LastRespects,AquaJet,Liquidation|Adamant||M|||50|]Garchomp||SitrusBerry|RoughSkin|RockTomb,Earthquake,DragonClaw,Protect|Jolly||M|||50|]Kingambit||ChopleBerry|Defiant|SuckerPunch,KowtowCleave,LowKick,IronHead|Adamant||M|||50|]Sylveon||FairyFeather|Pixilate|Detect,HyperVoice,Yawn,QuickAttack|Modest||F|||50|]Aerodactyl||Aerodactylite|Unnerve|Tailwind,DualWingbeat,RockSlide,WideGuard|Jolly||M|||50|]Charizard||CharizarditeY|Blaze|HeatWave,SolarBeam,WeatherBall,Protect|Modest||M|||50|
|inactive|Battle timer is ON: inactive players will automatically lose when time's up. (requested by chris1012)
|inactive|seattlebandit has 60 seconds left.
|
|t:|1782443151
|teamsize|p1|4
|teamsize|p2|4
|start
|switch|p1a: Garchomp|Garchomp, L50, M|100/100
|switch|p1b: Whimsicott|Whimsicott, L50, M|100/100
|switch|p2a: Sylveon|Sylveon, L50, F|100/100
|switch|p2b: Charizard|Charizard, L50, M|100/100
|turn|1
|inactive|chris1012 has 30 seconds left.
|inactive|chris1012 has 20 seconds left.
|inactive|chris1012 has 15 seconds left.
|
|t:|1782443192
|move|p2b: Charizard|Protect|p2b: Charizard
|-singleturn|p2b: Charizard|Protect
|move|p1b: Whimsicott|Tailwind|p1b: Whimsicott
|-sidestart|p1: chris1012|move: Tailwind
|move|p1a: Garchomp|Iron Head|p2a: Sylveon
|-supereffective|p2a: Sylveon|1
|-damage|p2a: Sylveon|30/100
|-damage|p1a: Garchomp|90/100|[from] item: Life Orb
|move|p2a: Sylveon|Hyper Voice|p1b: Whimsicott|[spread] p1a,p1b
|-supereffective|p1a: Garchomp|1
|-damage|p1a: Garchomp|0 fnt
|-damage|p1b: Whimsicott|38/100
|faint|p1a: Garchomp
|
|upkeep
|
|t:|1782443208
|switch|p1a: Incineroar|Incineroar, L50, F|100/100
|-ability|p1a: Incineroar|Intimidate|boost
|-unboost|p2a: Sylveon|atk|1
|-unboost|p2b: Charizard|atk|1
|turn|2
|inactive|seattlebandit has 30 seconds left.
|inactive|seattlebandit has 20 seconds left.
|
|t:|1782443246
|switch|p2b: Kingambit|Kingambit, L50, M|100/100
|move|p1b: Whimsicott|Helping Hand|p1a: Incineroar
|-singleturn|p1a: Incineroar|Helping Hand|[of] p1b: Whimsicott
|move|p1a: Incineroar|Fake Out|p2a: Sylveon
|-damage|p2a: Sylveon|13/100
|cant|p2a: Sylveon|flinch
|
|upkeep
|turn|3
|
|t:|1782443268
|move|p1b: Whimsicott|Dazzling Gleam|p2a: Sylveon|[spread] p2a,p2b
|-damage|p2a: Sylveon|1/100
|-damage|p2b: Kingambit|83/100
|move|p1a: Incineroar|Parting Shot|p2b: Kingambit
|-unboost|p2b: Kingambit|atk|1
|-ability|p2b: Kingambit|Defiant|boost
|-boost|p2b: Kingambit|atk|2
|-unboost|p2b: Kingambit|spa|1
|-ability|p2b: Kingambit|Defiant|boost
|-boost|p2b: Kingambit|atk|2
|
|t:|1782443278
|switch|p1a: Blaziken|Blaziken, L50, F|100/100|[from] Parting Shot
|move|p2a: Sylveon|Hyper Voice|p1a: Blaziken|[spread] p1a,p1b
|-damage|p1a: Blaziken|32/100
|-damage|p1b: Whimsicott|0 fnt
|faint|p1b: Whimsicott
|move|p2b: Kingambit|Iron Head|p1a: Blaziken
|-resisted|p1a: Blaziken|1
|-damage|p1a: Blaziken|0 fnt
|faint|p1a: Blaziken
|
|upkeep
|
|t:|1782443301
|switch|p1a: Incineroar|Incineroar, L50, F|100/100
|-ability|p1a: Incineroar|Intimidate|boost
|-unboost|p2a: Sylveon|atk|1
|-unboost|p2b: Kingambit|atk|1
|-ability|p2b: Kingambit|Defiant|boost
|-boost|p2b: Kingambit|atk|2
|turn|4
|
|t:|1782443318
|switch|p2a: Basculegion|Basculegion, L50, M|100/100
|move|p1a: Incineroar|Fake Out|p2a: Basculegion
|-immune|p2a: Basculegion
|move|p2b: Kingambit|Kowtow Cleave|p1a: Incineroar
|-resisted|p1a: Incineroar|1
|-damage|p1a: Incineroar|35/100
|-enditem|p1a: Incineroar|Sitrus Berry|[eat]
|-heal|p1a: Incineroar|60/100|[from] item: Sitrus Berry
|
|-sideend|p1: chris1012|move: Tailwind
|upkeep
|turn|5
|c|☆chris1012|sylveon is so bulky
|
|t:|1782443333
|move|p2b: Kingambit|Sucker Punch|p1a: Incineroar
|-resisted|p1a: Incineroar|1
|-damage|p1a: Incineroar|2/100
|move|p2a: Basculegion|Liquidation|p1a: Incineroar
|-supereffective|p1a: Incineroar|1
|-damage|p1a: Incineroar|0 fnt
|faint|p1a: Incineroar
|
|win|seattlebandit
||chris1012 is ready for game 2.
|inactive|seattlebandit has 30 seconds to confirm battle start!
||seattlebandit is ready for game 2.
|uhtml|next|Next: Game 2 of 3
|l|☆chris1012
|player|p1|
