|j|☆jonas.weevil
|j|☆failandimprove3
|html|jonas.weevilfailandimprove3    
|uhtml|bestof|Game 1 of a best-of-3
|t:|1783722145
|gametype|doubles
|player|p1|jonas.weevil|169|1359
|player|p2|failandimprove3|101|1447
|gen|9
|tier|[Gen 9 Champions] VGC 2026 Reg M-B (Bo3)
|rated|
|rule|Species Clause: Limit one of each Pokémon
|rule|Item Clause: Limit 1 of each item
|clearpoke
|poke|p1|Charizard, L50, F, shiny|
|poke|p1|Venusaur, L50, F, shiny|
|poke|p1|Garchomp, L50, M|
|poke|p1|Sylveon, L50, M, shiny|
|poke|p1|Incineroar, L50, F|
|poke|p1|Farigiraf, L50, M, shiny|
|poke|p2|Charizard, L50, M|
|poke|p2|Floette-Eternal, L50, F|
|poke|p2|Whimsicott, L50, F|
|poke|p2|Basculegion, L50, M|
|poke|p2|Kingambit, L50, M|
|poke|p2|Garchomp, L50, F|
|teampreview|4
|showteam|p1|Charizard||CharizarditeY|Blaze|WeatherBall,HeatWave,HelpingHand,Protect|Modest||F|||50|]Venusaur||WiseGlasses|Chlorophyll|LeafStorm,SludgeBomb,EarthPower,Protect|Modest||F|||50|]Garchomp||LifeOrb|RoughSkin|DragonClaw,Earthquake,RockSlide,Protect|Jolly||M|||50|]Sylveon||FairyFeather|Pixilate|HyperVoice,HyperBeam,QuickAttack,Detect|Quiet||M|||50|]Incineroar||Charcoal|Intimidate|FlareBlitz,DarkestLariat,PartingShot,FakeOut|Brave||F|||50|]Farigiraf||SitrusBerry|ArmorTail|Psychic,Thunderbolt,HelpingHand,TrickRoom|Quiet||M|||50|
|showteam|p2|Charizard||CharizarditeY|Blaze|HeatWave,WeatherBall,SolarBeam,Protect|Modest||M|||50|]Floette-Eternal||Floettite|FlowerVeil|Moonblast,DazzlingGleam,LightofRuin,Protect|Timid||F|||50|]Whimsicott||FocusSash|Prankster|Moonblast,Tailwind,Encore,Protect|Timid||F|||50|]Basculegion||MysticWater|Adaptability|WaveCrash,LastRespects,AquaJet,Protect|Adamant||M|||50|]Kingambit||ChopleBerry|Defiant|KowtowCleave,SuckerPunch,IronHead,LowKick|Adamant||M|||50|]Garchomp||LifeOrb|RoughSkin|Earthquake,RockSlide,DragonClaw,Protect|Jolly||F|||50|
|
|t:|1783722234
|teamsize|p1|4
|teamsize|p2|4
|start
|switch|p1a: Chef|Incineroar, L50, F|100/100
|switch|p1b: Stasi|Farigiraf, L50, M, shiny|100/100
|switch|p2a: Charizard|Charizard, L50, M|100/100
|switch|p2b: Whimsicott|Whimsicott, L50, F|100/100
|-ability|p1a: Chef|Intimidate|boost
|-unboost|p2a: Charizard|atk|1
|-unboost|p2b: Whimsicott|atk|1
|turn|1
|
|t:|1783722250
|switch|p2b: Kingambit|Kingambit, L50, M|100/100
|detailschange|p2a: Charizard|Charizard-Mega-Y, L50, M
|-mega|p2a: Charizard|Charizard|Charizardite Y
|-weather|SunnyDay|[from] ability: Drought|[of] p2a: Charizard
|move|p1a: Chef|Fake Out|p2a: Charizard
|-damage|p2a: Charizard|85/100
|cant|p2a: Charizard|flinch
|move|p1b: Stasi|Trick Room|p1b: Stasi
|-fieldstart|move: Trick Room|[of] p1b: Stasi
|
|-weather|SunnyDay|[upkeep]
|upkeep
|turn|2
|
|t:|1783722269
|move|p2b: Kingambit|Kowtow Cleave|p1b: Stasi
|-supereffective|p1b: Stasi|1
|-damage|p1b: Stasi|0 fnt
|faint|p1b: Stasi
|move|p1a: Chef|Flare Blitz|p2b: Kingambit
|-supereffective|p2b: Kingambit|1
|-damage|p2b: Kingambit|0 fnt
|faint|p2b: Kingambit
|-damage|p1a: Chef|66/100|[from] Recoil
|move|p2a: Charizard|Heat Wave|p1a: Chef
|-resisted|p1a: Chef|1
|-damage|p1a: Chef|24/100
|
|-weather|SunnyDay|[upkeep]
|upkeep
|
|t:|1783722297
|switch|p2b: Garchomp|Garchomp, L50, F|100/100
|switch|p1b: Björk|Sylveon, L50, M, shiny|100/100
|turn|3
|
|t:|1783722313
|move|p2a: Charizard|Protect|p2a: Charizard
|-singleturn|p2a: Charizard|Protect
|move|p2b: Garchomp|Protect|p2b: Garchomp
|-singleturn|p2b: Garchomp|Protect
|move|p1a: Chef|Darkest Lariat|p2a: Charizard
|-activate|p2a: Charizard|move: Protect
|move|p1b: Björk|Hyper Voice|p2a: Charizard|[spread] 
|-activate|p2a: Charizard|move: Protect
|-activate|p2b: Garchomp|move: Protect
|
|-weather|SunnyDay|[upkeep]
|upkeep
|turn|4
|
|t:|1783722350
|switch|p2b: Whimsicott|Whimsicott, L50, F|100/100
|move|p1b: Björk|Hyper Voice|p2a: Charizard|[spread] p2a,p2b
|-resisted|p2a: Charizard|1
|-damage|p2a: Charizard|62/100
|-damage|p2b: Whimsicott|14/100
|move|p1a: Chef|Flare Blitz|p2a: Charizard
|-resisted|p2a: Charizard|1
|-damage|p2a: Charizard|12/100
|-damage|p1a: Chef|10/100|[from] Recoil
|move|p2a: Charizard|Heat Wave|p1b: Björk|[spread] p1a,p1b
|-resisted|p1a: Chef|1
|-damage|p1a: Chef|0 fnt
|-damage|p1b: Björk|59/100
|-status|p1b: Björk|brn
|faint|p1a: Chef
|
|-weather|SunnyDay|[upkeep]
|-damage|p1b: Björk|53/100 brn|[from] brn
|upkeep
|
|t:|1783722366
|switch|p1a: Meiwes|Charizard, L50, F, shiny|100/100
|turn|5
|
|t:|1783722377
|detailschange|p1a: Meiwes|Charizard-Mega-Y, L50, F, shiny
|-mega|p1a: Meiwes|Charizard|Charizardite Y
|move|p2a: Charizard|Protect|p2a: Charizard
|-singleturn|p2a: Charizard|Protect
|move|p2b: Whimsicott|Tailwind|p2b: Whimsicott
|-sidestart|p2: failandimprove3|move: Tailwind
|move|p1b: Björk|Hyper Voice|p2a: Charizard|[spread] p2b
|-activate|p2a: Charizard|move: Protect
|-damage|p2b: Whimsicott|0 fnt
|faint|p2b: Whimsicott
|move|p1a: Meiwes|Heat Wave|p2a: Charizard
|-activate|p2a: Charizard|move: Protect
|
|-weather|none
|-damage|p1b: Björk|48/100 brn|[from] brn
|-fieldend|move: Trick Room
|upkeep
|
|t:|1783722384
|switch|p2b: Garchomp|Garchomp, L50, F|100/100
|turn|6
|
|t:|1783722393
|move|p1b: Björk|Detect|p1b: Björk
|-singleturn|p1b: Björk|Protect
|move|p2b: Garchomp|Earthquake|p1a: Meiwes|[spread] 
|-activate|p1b: Björk|move: Protect
|-immune|p2a: Charizard
|-immune|p1a: Meiwes
|move|p2a: Charizard|Heat Wave|p1b: Björk|[spread] p1a
|-activate|p1b: Björk|move: Protect
|-resisted|p1a: Meiwes|1
|-damage|p1a: Meiwes|83/100
|move|p1a: Meiwes|Heat Wave|p2b: Garchomp|[spread] p2a,p2b
|-resisted|p2a: Charizard|1
|-resisted|p2b: Garchomp|1
|-damage|p2a: Charizard|0 fnt
|-damage|p2b: Garchomp|78/100
|faint|p2a: Charizard
|
|-damage|p1b: Björk|42/100 brn|[from] brn
|upkeep
|turn|7
|
|t:|1783722417
|move|p1b: Björk|Quick Attack|p2b: Garchomp
|-supereffective|p2b: Garchomp|1
|-damage|p2b: Garchomp|64/100
|-damage|p1b: Björk|29/100 brn|[from] ability: Rough Skin|[of] p2b: Garchomp
|move|p2b: Garchomp|Earthquake|p1a: Meiwes|[spread] p1b
|-immune|p1a: Meiwes
|-damage|p1b: Björk|0 fnt
|faint|p1b: Björk
|-damage|p2b: Garchomp|54/100|[from] item: Life Orb
|move|p1a: Meiwes|Heat Wave|p2b: Garchomp
|-resisted|p2b: Garchomp|1
|-damage|p2b: Garchomp|27/100
|
|upkeep
|turn|8
|
|t:|1783722423
|move|p2b: Garchomp|Rock Slide|p1a: Meiwes
|-supereffective|p1a: Meiwes|2
|-damage|p1a: Meiwes|0 fnt
|faint|p1a: Meiwes
|-damage|p2b: Garchomp|17/100|[from] item: Life Orb
|
|win|failandimprove3
