|j|☆Schwede1
|j|☆Archie09867
|html|Schwede1Archie09867    
|uhtml|bestof|Game 1 of a best-of-3
|t:|1757914235
|gametype|doubles
|player|p1|Schwede1|101|1038
|player|p2|Archie09867|scientist|1047
|gen|9
|tier|[Gen 9] VGC 2025 Reg H (Bo3)
|rated|
|rule|Species Clause: Limit one of each Pokémon
|rule|Item Clause: Limit 1 of each item
|clearpoke
|poke|p1|Salamence, L50, F|
|poke|p1|Pelipper, L50, M|
|poke|p1|Archaludon, L50, F|
|poke|p1|Basculegion, L50, M|
|poke|p1|Gyarados, L50, F|
|poke|p1|Annihilape, L50, M|
|poke|p2|Rillaboom, L50, F|
|poke|p2|Farigiraf, L50, F|
|poke|p2|Incineroar, L50, F|
|poke|p2|Gholdengo, L50|
|poke|p2|Sneasler, L50, F|
|poke|p2|Hydreigon, L50, F|
|teampreview|4
|showteam|p1|Salamence||ClearAmulet|Moxie|Earthquake,DualWingbeat,TemperFlare,Protect|||F|||50|,,,,,Fire]Pelipper||DampRock|Drizzle|Hurricane,WeatherBall,WideGuard,Uturn|||M|||50|,,,,,Fire]Archaludon||AssaultVest|Stamina|ElectroShot,BodyPress,DragonPulse,FlashCannon|||F|||50|,,,,,Fairy]Basculegion||ChoiceBand|SwiftSwim|Liquidation,FlipTurn,LastRespects,IceFang|||M|||50|,,,,,Ghost]Gyarados||LoadedDice|Intimidate|Waterfall,IceFang,Earthquake,ScaleShot|||F|||50|,,,,,Fire]Annihilape||Leftovers|Defiant|RageFist,BulkUp,DrainPunch,Bulldoze|||M|||50|,,,,,Fire
|showteam|p2|Rillaboom||AssaultVest|GrassySurge|Uturn,FakeOut,WoodHammer,GrassyGlide|||F|||50|,,,,,Fire]Farigiraf||ThroatSpray|ArmorTail|TrickRoom,Psychic,Protect,HyperVoice|||F|||50|,,,,,Grass]Incineroar||SafetyGoggles|Intimidate|PartingShot,KnockOff,Roar,FakeOut|||F|||50|,,,,,Ghost]Gholdengo||RoomService|GoodasGold|ShadowBall,MakeItRain,Protect,NastyPlot||||||50|,,,,,Water]Sneasler||FocusSash|Unburden|CloseCombat,DireClaw,ThroatChop,Protect|||F|||50|,,,,,Stellar]Hydreigon||LifeOrb|Levitate|Protect,DracoMeteor,DarkPulse,NastyPlot|||F|||50|,,,,,Stellar
|inactive|Battle timer is ON: inactive players will automatically lose when time's up. (requested by Schwede1)
|inactive|Archie09867 has 60 seconds left.
|inactive|Archie09867 has 30 seconds left.
|
|t:|1757914301
|teamsize|p1|4
|teamsize|p2|4
|start
|switch|p1a: Salamence|Salamence, L50, F|100/100
|switch|p1b: Gyarados|Gyarados, L50, F|100/100
|switch|p2a: Incineroar|Incineroar, L50, F|100/100
|switch|p2b: Hydreigon|Hydreigon, L50, F|100/100
|-ability|p1b: Gyarados|Intimidate|boost
|-unboost|p2a: Incineroar|atk|1
|-unboost|p2b: Hydreigon|atk|1
|-ability|p2a: Incineroar|Intimidate|boost
|-fail|p1a: Salamence|unboost|[from] item: Clear Amulet|[of] p1a: Salamence
|-unboost|p1b: Gyarados|atk|1
|turn|1
|inactive|Schwede1 has 30 seconds left.
|inactive|Archie09867 has 30 seconds left.
|inactive|Schwede1 has 20 seconds left.
|inactive|Archie09867 has 20 seconds left.
|inactive|Schwede1 has 15 seconds left.
|
|t:|1757914344
|-terastallize|p1a: Salamence|Fire
|move|p2a: Incineroar|Fake Out|p1b: Gyarados
|-damage|p1b: Gyarados|92/100
|move|p1a: Salamence|Dual Wingbeat|p2b: Hydreigon|[miss]
|-miss|p1a: Salamence|p2b: Hydreigon
|move|p2b: Hydreigon|Draco Meteor|p1a: Salamence
|-damage|p1a: Salamence|0 fnt
|-unboost|p2b: Hydreigon|spa|2
|faint|p1a: Salamence
|-damage|p2b: Hydreigon|91/100|[from] item: Life Orb
|cant|p1b: Gyarados|flinch
|
|upkeep
|
|t:|1757914367
|switch|p1a: Pelipper|Pelipper, L50, M|100/100
|-weather|RainDance|[from] ability: Drizzle|[of] p1a: Pelipper
|turn|2
|
|t:|1757914384
|-terastallize|p2a: Incineroar|Ghost
|move|p2b: Hydreigon|Protect|p2b: Hydreigon
|-singleturn|p2b: Hydreigon|Protect
|move|p1b: Gyarados|Scale Shot|p2b: Hydreigon
|-activate|p2b: Hydreigon|move: Protect
|move|p1a: Pelipper|Weather Ball|p2a: Incineroar
|-damage|p2a: Incineroar|44/100
|move|p2a: Incineroar|Roar|p2b: Hydreigon
|drag|p2b: Rillaboom|Rillaboom, L50, F|100/100
|-fieldstart|move: Grassy Terrain|[from] ability: Grassy Surge|[of] p2b: Rillaboom
|
|-weather|RainDance|[upkeep]
|-heal|p2a: Incineroar|50/100|[from] Grassy Terrain
|upkeep
|turn|3
|inactive|Schwede1 has 30 seconds left.
|
|t:|1757914410
|switch|p1b: Archaludon|Archaludon, L50, F|100/100
|switch|p2a: Hydreigon|Hydreigon, L50, F|91/100
|move|p2b: Rillaboom|Fake Out|p1b: Archaludon
|-resisted|p1b: Archaludon
|-damage|p1b: Archaludon|96/100
|-ability|p1b: Archaludon|Stamina|boost
|-boost|p1b: Archaludon|def|1
|move|p1a: Pelipper|U-turn|p2a: Hydreigon
|-supereffective|p2a: Hydreigon
|-damage|p2a: Hydreigon|73/100
|
|t:|1757914421
|switch|p1a: Gyarados|Gyarados, L50, F|92/100|[from] U-turn
|-ability|p1a: Gyarados|Intimidate|boost
|-unboost|p2a: Hydreigon|atk|1
|-unboost|p2b: Rillaboom|atk|1
|
|-weather|RainDance|[upkeep]
|-heal|p1b: Archaludon|100/100|[from] Grassy Terrain
|upkeep
|turn|4
|inactive|Schwede1 has 30 seconds left.
|
|t:|1757914447
|move|p2a: Hydreigon|Protect|p2a: Hydreigon
|-singleturn|p2a: Hydreigon|Protect
|move|p2b: Rillaboom|U-turn|p1a: Gyarados
|-resisted|p1a: Gyarados
|-damage|p1a: Gyarados|82/100
|
|t:|1757914456
|switch|p2b: Sneasler|Sneasler, L50, F|100/100|[from] U-turn
|move|p1a: Gyarados|Scale Shot|p2a: Hydreigon
|-activate|p2a: Hydreigon|move: Protect
|move|p1b: Archaludon|Electro Shot||[still]
|-prepare|p1b: Archaludon|Electro Shot
|-boost|p1b: Archaludon|spa|1
|-anim|p1b: Archaludon|Electro Shot|p2a: Hydreigon
|-activate|p2a: Hydreigon|move: Protect
|
|-weather|RainDance|[upkeep]
|upkeep
|turn|5
|inactive|Schwede1 has 30 seconds left.
|
|t:|1757914483
|move|p2b: Sneasler|Close Combat|p1b: Archaludon
|-supereffective|p1b: Archaludon
|-damage|p1b: Archaludon|34/100
|-unboost|p2b: Sneasler|def|1
|-unboost|p2b: Sneasler|spd|1
|-ability|p1b: Archaludon|Stamina|boost
|-boost|p1b: Archaludon|def|1
|move|p2a: Hydreigon|Dark Pulse|p1a: Gyarados
|-damage|p1a: Gyarados|25/100
|-damage|p2a: Hydreigon|63/100|[from] item: Life Orb
|move|p1a: Gyarados|Scale Shot|p2a: Hydreigon|[miss]
|-miss|p1a: Gyarados|p2a: Hydreigon
|move|p1b: Archaludon|Electro Shot||[still]
|-prepare|p1b: Archaludon|Electro Shot
|-boost|p1b: Archaludon|spa|1
|-anim|p1b: Archaludon|Electro Shot|p2b: Sneasler
|-enditem|p2b: Sneasler|Focus Sash
|-damage|p2b: Sneasler|1/100
|
|-weather|RainDance|[upkeep]
|-heal|p2b: Sneasler|7/100|[from] Grassy Terrain
|-heal|p1b: Archaludon|40/100|[from] Grassy Terrain
|upkeep
|turn|6
|inactive|Schwede1 has 30 seconds left.
|inactive|Archie09867 has 30 seconds left.
|inactive|Schwede1 has 20 seconds left.
|inactive|Schwede1 has 15 seconds left.
|inactive|Schwede1 has 10 seconds left.
|
|t:|1757914530
|move|p2b: Sneasler|Dire Claw|p1a: Gyarados
|-damage|p1a: Gyarados|0 fnt
|faint|p1a: Gyarados
|move|p2a: Hydreigon|Draco Meteor|p1b: Archaludon
|-damage|p1b: Archaludon|0 fnt
|-unboost|p2a: Hydreigon|spa|2
|faint|p1b: Archaludon
|-damage|p2a: Hydreigon|53/100|[from] item: Life Orb
|
|-weather|RainDance|[upkeep]
|-heal|p2b: Sneasler|13/100|[from] Grassy Terrain
|-fieldend|move: Grassy Terrain
|upkeep
|
|t:|1757914542
|switch|p1b: Pelipper|Pelipper, L50, M|100/100
|turn|7
|
|t:|1757914548
|move|p2b: Sneasler|Dire Claw|p1b: Pelipper
|-damage|p1b: Pelipper|51/100
|-status|p1b: Pelipper|par
|move|p2a: Hydreigon|Dark Pulse|p1b: Pelipper
|-damage|p1b: Pelipper|12/100 par
|-damage|p2a: Hydreigon|44/100|[from] item: Life Orb
|cant|p1b: Pelipper|par
|
|-weather|RainDance|[upkeep]
|upkeep
|turn|8
|-message|Schwede1 forfeited.
|
|win|Archie09867
|l|☆Schwede1
|player|p1|
|raw|Schwede1's rating: 1038 → 1023(-15 for losing)
|raw|Archie09867's rating: 1047 → 1079(+32 for winning)
