|j|☆chocokoala vgc
|j|☆mygreat
|html|chocokoala vgcmygreat    
|uhtml|bestof|Game 1 of a best-of-3
|t:|1784824809
|gametype|doubles
|player|p1|chocokoala vgc|benga|1266
|player|p2|mygreat|lance|1192
|gen|9
|tier|[Gen 9 Champions] VGC 2026 Reg M-B (Bo3)
|rated|
|rule|Species Clause: Limit one of each Pokémon
|rule|Item Clause: Limit 1 of each item
|clearpoke
|poke|p1|Slowbro, L50, F|
|poke|p1|Appletun, L50, F|
|poke|p1|Incineroar, L50, M|
|poke|p1|Conkeldurr, L50, M|
|poke|p1|Gholdengo, L50|
|poke|p1|Aerodactyl, L50, M|
|poke|p2|Whimsicott, L50, M|
|poke|p2|Tauros-Paldea-Aqua, L50, M|
|poke|p2|Gholdengo, L50|
|poke|p2|Charizard, L50, F|
|poke|p2|Hydreigon, L50, M|
|poke|p2|Mamoswine, L50, F|
|teampreview|4
|showteam|p1|Slowbro||Slowbronite|Regenerator|Psychic,Scald,Protect,TrickRoom|Modest||F|||50|]Appletun||Leftovers|ThickFat|AppleAcid,DragonPulse,Protect,LeechSeed|Sassy||F|||50|]Incineroar||SitrusBerry|Intimidate|FakeOut,PartingShot,FlareBlitz,DarkestLariat|Careful||M|||50|]Conkeldurr||LifeOrb|IronFist|MachPunch,DrainPunch,Protect,KnockOff|Brave||M|||50|]Gholdengo|||GoodasGold|MakeItRain,ShadowBall,Protect,NastyPlot|Modest|||||50|]Aerodactyl||Aerodactylite|Unnerve|RockSlide,DualWingbeat,Protect,Tailwind|Jolly||M|||50|
|showteam|p2|Whimsicott||FocusSash|Prankster|Moonblast,Encore,Protect,Tailwind|Timid||M|||50|]Tauros-Paldea-Aqua||MysticWater|Intimidate|AquaJet,WaveCrash,CloseCombat,Protect|Adamant||M|||50|]Gholdengo||LifeOrb|GoodasGold|MakeItRain,ShadowBall,PowerGem,Protect|Modest|||||50|]Charizard||CharizarditeY|Blaze|SolarBeam,WeatherBall,HeatWave,Protect|Modest||F|||50|]Hydreigon||ChoiceScarf|Levitate|Snarl,DarkPulse,EarthPower,DracoMeteor|Modest||M|||50|]Mamoswine||ExpertBelt|Oblivious|IceShard,HighHorsepower,Earthquake,Protect|Adamant||F|||50|
|inactive|Battle timer is ON: inactive players will automatically lose when time's up. (requested by mygreat)
|inactive|chocokoala vgc also wants the timer to be on.
|
|t:|1784824836
|teamsize|p1|4
|teamsize|p2|4
|start
|switch|p1a: Incineroar|Incineroar, L50, M|100/100
|switch|p1b: Slowbro|Slowbro, L50, F|100/100
|switch|p2a: Whimsicott|Whimsicott, L50, M|100/100
|switch|p2b: Tauros|Tauros-Paldea-Aqua, L50, M|100/100
|-ability|p2b: Tauros|Intimidate|boost
|-unboost|p1a: Incineroar|atk|1
|-unboost|p1b: Slowbro|atk|1
|-ability|p1a: Incineroar|Intimidate|boost
|-unboost|p2a: Whimsicott|atk|1
|-unboost|p2b: Tauros|atk|1
|turn|1
|inactive|mygreat has 30 seconds left.
|
|t:|1784824868
|move|p1a: Incineroar|Fake Out|p2b: Tauros
|-damage|p2b: Tauros|92/100
|move|p2a: Whimsicott|Moonblast|p1b: Slowbro
|-damage|p1b: Slowbro|70/100
|cant|p2b: Tauros|flinch
|move|p1b: Slowbro|Trick Room|p1b: Slowbro
|-fieldstart|move: Trick Room|[of] p1b: Slowbro
|
|upkeep
|turn|2
|
|t:|1784824882
|-heal|p1b: Slowbro|100/100|[from] ability: Regenerator|[silent]
|switch|p1b: Appletun|Appletun, L50, F|100/100
|move|p2a: Whimsicott|Encore||[still]
|-fail|p2a: Whimsicott
|move|p1a: Incineroar|Parting Shot|p2a: Whimsicott
|-unboost|p2a: Whimsicott|atk|1
|-unboost|p2a: Whimsicott|spa|1
|
|t:|1784824892
|switch|p1a: Slowbro|Slowbro, L50, F|100/100|[from] Parting Shot
|move|p2b: Tauros|Wave Crash|p1a: Slowbro
|-resisted|p1a: Slowbro|1
|-damage|p1a: Slowbro|80/100
|-damage|p2b: Tauros|84/100|[from] Recoil
|
|upkeep
|turn|3
|
|t:|1784824901
|switch|p2b: Hydreigon|Hydreigon, L50, M|100/100
|move|p1b: Appletun|Apple Acid|p2a: Whimsicott
|-resisted|p2a: Whimsicott|1
|-damage|p2a: Whimsicott|75/100
|-unboost|p2a: Whimsicott|spd|1
|move|p1a: Slowbro|Psychic|p2a: Whimsicott
|-crit|p2a: Whimsicott
|-damage|p2a: Whimsicott|0 fnt
|faint|p2a: Whimsicott
|
|upkeep
|
|t:|1784824916
|switch|p2a: Mamoswine|Mamoswine, L50, F|100/100
|turn|4
|
|t:|1784824932
|-heal|p1a: Slowbro|100/100|[from] ability: Regenerator|[silent]
|switch|p1a: Conkeldurr|Conkeldurr, L50, M|100/100
|move|p1b: Appletun|Dragon Pulse|p2b: Hydreigon
|-supereffective|p2b: Hydreigon|1
|-damage|p2b: Hydreigon|27/100
|move|p2a: Mamoswine|Earthquake|p1a: Conkeldurr|[spread] p1a,p1b
|-immune|p2b: Hydreigon|[from] ability: Levitate
|-resisted|p1b: Appletun|1
|-damage|p1a: Conkeldurr|64/100
|-damage|p1b: Appletun|82/100
|move|p2b: Hydreigon|Dark Pulse|p1a: Conkeldurr
|-resisted|p1a: Conkeldurr|1
|-crit|p1a: Conkeldurr
|-damage|p1a: Conkeldurr|25/100
|
|-heal|p1b: Appletun|88/100|[from] item: Leftovers
|upkeep
|turn|5
|
|t:|1784824952
|switch|p2b: Tauros|Tauros-Paldea-Aqua, L50, M|84/100
|-ability|p2b: Tauros|Intimidate|boost
|-unboost|p1a: Conkeldurr|atk|1
|-unboost|p1b: Appletun|atk|1
|move|p2a: Mamoswine|Protect|p2a: Mamoswine
|-singleturn|p2a: Mamoswine|Protect
|move|p1b: Appletun|Dragon Pulse|p2b: Tauros
|-damage|p2b: Tauros|37/100
|move|p1a: Conkeldurr|Drain Punch|p2a: Mamoswine
|-activate|p2a: Mamoswine|move: Protect
|
|-heal|p1b: Appletun|94/100|[from] item: Leftovers
|-fieldend|move: Trick Room
|upkeep
|turn|6
|
|t:|1784824969
|switch|p1a: Slowbro|Slowbro, L50, F|100/100
|move|p2a: Mamoswine|Ice Shard|p1b: Appletun
|-supereffective|p1b: Appletun|2
|-damage|p1b: Appletun|45/100
|move|p2b: Tauros|Wave Crash|p1a: Slowbro
|-resisted|p1a: Slowbro|1
|-damage|p1a: Slowbro|74/100
|-damage|p2b: Tauros|26/100|[from] Recoil
|move|p1b: Appletun|Apple Acid|p2b: Tauros
|-supereffective|p2b: Tauros|1
|-damage|p2b: Tauros|0 fnt
|faint|p2b: Tauros
|
|-heal|p1b: Appletun|51/100|[from] item: Leftovers
|upkeep
|
|t:|1784824972
|switch|p2b: Hydreigon|Hydreigon, L50, M|27/100
|turn|7
|
|t:|1784824983
|move|p1a: Slowbro|Protect|p1a: Slowbro
|-singleturn|p1a: Slowbro|Protect
|move|p2a: Mamoswine|Ice Shard|p1b: Appletun
|-supereffective|p1b: Appletun|2
|-damage|p1b: Appletun|2/100
|move|p2b: Hydreigon|Dark Pulse|p1a: Slowbro
|-activate|p1a: Slowbro|move: Protect
|move|p1b: Appletun|Dragon Pulse|p2b: Hydreigon
|-supereffective|p2b: Hydreigon|1
|-damage|p2b: Hydreigon|0 fnt
|faint|p2b: Hydreigon
|
|-heal|p1b: Appletun|8/100|[from] item: Leftovers
|upkeep
|turn|8
|-message|mygreat forfeited.
|
|win|chocokoala vgc
