|j|☆Catzuki
|j|☆WildTamer
|html|CatzukiWildTamer    
|uhtml|bestof|Game 2 of a best-of-3
|t:|1785826672
|gametype|doubles
|player|p1|Catzuki|266|1000
|player|p2|WildTamer|2|1086
|gen|9
|tier|[Gen 9 Champions] VGC 2026 Reg M-B (Bo3)
|rated|
|rule|Species Clause: Limit one of each Pokémon
|rule|Item Clause: Limit 1 of each item
|clearpoke
|poke|p1|Gengar, L50, F|
|poke|p1|Grimmsnarl, L50, M|
|poke|p1|Pelipper, L50, M|
|poke|p1|Sinistcha, L50|
|poke|p1|Archaludon, L50, F|
|poke|p1|Basculegion, L50, M|
|poke|p2|Houndoom, L50, F|
|poke|p2|Whimsicott, L50, M|
|poke|p2|Sneasler, L50, M|
|poke|p2|Venusaur, L50, F|
|poke|p2|Heliolisk, L50, F|
|poke|p2|Aegislash, L50, F|
|teampreview|4
|showteam|p1|Gengar||Gengarite|CursedBody|Protect,ReflectType,DarkPulse,DazzlingGleam|Modest||F|||50|]Grimmsnarl||LightClay|Prankster|FakeOut,PartingShot,LightScreen,FakeTears|Calm||M|||50|]Pelipper||SitrusBerry|Drizzle|Hurricane,WeatherBall,Tailwind,WideGuard|Modest||M|||50|]Sinistcha||CobaBerry|Hospitality|MatchaGotcha,RagePowder,TrickRoom,Protect|Relaxed|||||50|]Archaludon||Leftovers|Stamina|ElectroShot,DragonPulse,FlashCannon,Protect|Modest||F|||50|]Basculegion||ChoiceScarf|Adaptability|LastRespects,FlipTurn,AquaJet,WaveCrash|Jolly||M|||50|
|showteam|p2|Houndoom||Houndoominite|EarlyBird|Protect,DarkPulse,HeatWave,SludgeBomb|Modest||F|||50|]Whimsicott||FocusSash|Prankster|SunnyDay,Moonblast,Tailwind,Protect|Modest||M|||50|]Sneasler||WhiteHerb|Unburden|FakeOut,DireClaw,CloseCombat,Protect|Adamant||M|||50|]Venusaur||LifeOrb|Chlorophyll|SludgeBomb,Protect,EarthPower,SolarBeam|Modest||F|||50|]Heliolisk||ChoiceScarf|DrySkin|Thunderbolt,GrassKnot,Thunder,WeatherBall|Modest||F|||50|]Aegislash||SitrusBerry|StanceChange|WideGuard,IronHead,ShadowSneak,RockSlide|Adamant||F|||50|
|
|t:|1785826692
|teamsize|p1|4
|teamsize|p2|4
|start
|switch|p1a: Gengar|Gengar, L50, F|100/100
|switch|p1b: Grimmsnarl|Grimmsnarl, L50, M|100/100
|switch|p2a: Sneasler|Sneasler, L50, M|100/100
|switch|p2b: Whimsicott|Whimsicott, L50, M|100/100
|turn|1
|
|t:|1785826721
|detailschange|p1a: Gengar|Gengar-Mega, L50, F
|-mega|p1a: Gengar|Gengar|Gengarite
|move|p2a: Sneasler|Fake Out|p1b: Grimmsnarl
|-damage|p1b: Grimmsnarl|84/100
|cant|p1b: Grimmsnarl|flinch
|move|p2b: Whimsicott|Tailwind|p2b: Whimsicott
|-sidestart|p2: WildTamer|move: Tailwind
|move|p1a: Gengar|Reflect Type|p1b: Grimmsnarl
|-start|p1a: Gengar|typechange|[from] move: Reflect Type|[of] p1b: Grimmsnarl
|
|upkeep
|turn|2
|
|t:|1785826753
|move|p1b: Grimmsnarl|Fake Tears|p2a: Sneasler
|-unboost|p2a: Sneasler|spd|2
|-enditem|p2a: Sneasler|White Herb
|-clearnegativeboost|p2a: Sneasler|[silent]
|move|p2a: Sneasler|Dire Claw|p1b: Grimmsnarl
|-supereffective|p1b: Grimmsnarl|1
|-damage|p1b: Grimmsnarl|0 fnt
|faint|p1b: Grimmsnarl
|move|p2b: Whimsicott|Moonblast|p1a: Gengar
|-supereffective|p1a: Gengar|1
|-damage|p1a: Gengar|30/100
|move|p1a: Gengar|Dazzling Gleam|p2a: Sneasler|[spread] p2a,p2b
|-damage|p2a: Sneasler|47/100
|-damage|p2b: Whimsicott|35/100
|
|upkeep
|
|t:|1785826765
|switch|p1b: Pelipper|Pelipper, L50, M|100/100
|-weather|RainDance|[from] ability: Drizzle|[of] p1b: Pelipper
|turn|3
|
|t:|1785826776
|move|p1a: Gengar|Protect|p1a: Gengar
|-singleturn|p1a: Gengar|Protect
|move|p2a: Sneasler|Dire Claw|p1b: Pelipper
|-damage|p1b: Pelipper|54/100
|move|p2b: Whimsicott|Moonblast|p1a: Gengar
|-activate|p1a: Gengar|move: Protect
|move|p1b: Pelipper|Tailwind|p1b: Pelipper
|-sidestart|p1: Catzuki|move: Tailwind
|
|-weather|RainDance|[upkeep]
|upkeep
|turn|4
|
|t:|1785826807
|move|p2a: Sneasler|Dire Claw|p1a: Gengar
|-supereffective|p1a: Gengar|1
|-damage|p1a: Gengar|0 fnt
|faint|p1a: Gengar
|move|p2b: Whimsicott|Moonblast|p1b: Pelipper
|-damage|p1b: Pelipper|5/100
|-enditem|p1b: Pelipper|Sitrus Berry|[eat]
|-heal|p1b: Pelipper|29/100|[from] item: Sitrus Berry
|move|p1b: Pelipper|Hurricane|p2a: Sneasler
|-supereffective|p2a: Sneasler|1
|-damage|p2a: Sneasler|0 fnt
|faint|p2a: Sneasler
|
|-weather|RainDance|[upkeep]
|-sideend|p2: WildTamer|move: Tailwind
|upkeep
|
|t:|1785826824
|switch|p2a: Venusaur|Venusaur, L50, F|100/100
|switch|p1a: Basculegion|Basculegion, L50, M|100/100
|turn|5
|
|t:|1785826855
|move|p2b: Whimsicott|Sunny Day|p2b: Whimsicott
|-weather|SunnyDay
|move|p1a: Basculegion|Last Respects|p2b: Whimsicott
|-damage|p2b: Whimsicott|0 fnt
|faint|p2b: Whimsicott
|move|p2a: Venusaur|Solar Beam||[still]
|-prepare|p2a: Venusaur|Solar Beam
|-anim|p2a: Venusaur|Solar Beam|p1a: Basculegion
|-supereffective|p1a: Basculegion|1
|-damage|p1a: Basculegion|0 fnt
|faint|p1a: Basculegion
|-damage|p2a: Venusaur|90/100|[from] item: Life Orb
|move|p1b: Pelipper|Hurricane|p2a: Venusaur
|-supereffective|p2a: Venusaur|1
|-damage|p2a: Venusaur|0 fnt
|faint|p2a: Venusaur
|
|-weather|SunnyDay|[upkeep]
|upkeep
|-message|Catzuki forfeited.
|
|win|WildTamer
|raw|Catzuki's rating: 1000 → 1000(+0 for losing)
|raw|WildTamer's rating: 1086 → 1107(+21 for winning)
