|j|☆Declan777
|j|‽pikajah12
|html|Declan777pikajah12    
|uhtml|bestof|Game 3 of a best-of-3
|t:|1784050212
|gametype|doubles
|player|p1|Declan777|unknown|1040
|player|p2|pikajah12|gambler|1028
|gen|9
|tier|[Gen 9 Champions] VGC 2026 Reg M-B (Bo3)
|rated|
|rule|Species Clause: Limit one of each Pokémon
|rule|Item Clause: Limit 1 of each item
|clearpoke
|poke|p1|Ampharos, L50, F|
|poke|p1|Sinistcha, L50|
|poke|p1|Metagross, L50, shiny|
|poke|p1|Toxapex, L50, F|
|poke|p1|Ceruledge, L50, F|
|poke|p1|Tauros-Paldea-Aqua, L50, M|
|poke|p2|Farigiraf, L50, M|
|poke|p2|Camerupt, L50, F|
|poke|p2|Meowscarada, L50, F|
|poke|p2|Torkoal, L50, F|
|poke|p2|Kangaskhan, L50, F|
|poke|p2|Rampardos, L50, M|
|teampreview|4
|showteam|p1|Ampharos||Ampharosite|Static|CottonGuard,Thunderbolt,DragonPulse,Protect|Modest||F|||50|]Sinistcha||SitrusBerry|Hospitality|TrickRoom,MatchaGotcha,LifeDew,Protect|Bold|||||50|]Metagross||Metagrossite|ClearBody|IronHead,BulletPunch,PsychicFangs,Protect|Jolly|||||50|]Toxapex||Leftovers|Regenerator|Toxic,BanefulBunker,Infestation,WideGuard|Sassy||F|||50|]Ceruledge||ColburBerry|FlashFire|BitterBlade,BulkUp,ShadowSneak,Protect|Jolly||F|||50|]Tauros-Paldea-Aqua||LifeOrb|Intimidate|AquaJet,CloseCombat,WaveCrash,Protect|Jolly||M|||50|
|showteam|p2|Farigiraf||SitrusBerry|ArmorTail|Psychic,Thunderbolt,TrickRoom,HelpingHand|Sassy||M|||50|]Camerupt||Cameruptite|SolidRock|Eruption,HeatWave,EarthPower,Protect|Quiet||F|||50|]Meowscarada||ChoiceScarf|Protean|FlowerTrick,TripleAxel,KnockOff,Uturn|Jolly||F|||50|]Torkoal||Charcoal|Drought|Eruption,HeatWave,SolarBeam,HelpingHand|Quiet||F|||50|]Kangaskhan||Kangaskhanite|InnerFocus|FakeOut,DoubleEdge,SuckerPunch,RockSlide|Brave||F|||50|]Rampardos||LifeOrb|SheerForce|RockSlide,FirePunch,BrickBreak,DragonClaw|Brave||M|||50|
|
|t:|1784050273
|teamsize|p1|4
|teamsize|p2|4
|start
|switch|p1a: Ampharos|Ampharos, L50, F|100/100
|switch|p1b: Tauros|Tauros-Paldea-Aqua, L50, M|100/100
|switch|p2a: Farigiraf|Farigiraf, L50, M|100/100
|switch|p2b: Meowscarada|Meowscarada, L50, F|100/100
|-ability|p1b: Tauros|Intimidate|boost
|-unboost|p2a: Farigiraf|atk|1
|-unboost|p2b: Meowscarada|atk|1
|turn|1
|inactive|Battle timer is ON: inactive players will automatically lose when time's up. (requested by Declan777)
|inactive|Declan777 has 60 seconds left.
|inactive|pikajah12 has 60 seconds left.
|
|t:|1784050323
|switch|p1b: Toxapex|Toxapex, L50, F|100/100
|detailschange|p1a: Ampharos|Ampharos-Mega, L50, F
|-mega|p1a: Ampharos|Ampharos|Ampharosite
|-ability|p1a: Ampharos|Mold Breaker
|move|p2b: Meowscarada|U-turn|p1b: Toxapex
|-start|p2b: Meowscarada|typechange|Bug|[from] ability: Protean
|-resisted|p1b: Toxapex|1
|-crit|p1b: Toxapex
|-damage|p1b: Toxapex|82/100
|
|t:|1784050333
|switch|p2b: Camerupt|Camerupt, L50, F|100/100|[from] U-turn
|move|p1a: Ampharos|Thunderbolt|p2a: Farigiraf
|-damage|p2a: Farigiraf|48/100
|-enditem|p2a: Farigiraf|Sitrus Berry|[eat]
|-heal|p2a: Farigiraf|73/100|[from] item: Sitrus Berry
|move|p2a: Farigiraf|Trick Room|p2a: Farigiraf
|-fieldstart|move: Trick Room|[of] p2a: Farigiraf
|
|-heal|p1b: Toxapex|88/100|[from] item: Leftovers
|upkeep
|turn|2
|inactive|Declan777 has 30 seconds left.
|
|t:|1784050362
|switch|p1a: Sinistcha|Sinistcha, L50|100/100
|-heal|p1b: Toxapex|100/100|[from] ability: Hospitality|[of] p1a: Sinistcha
|detailschange|p2b: Camerupt|Camerupt-Mega, L50, F
|-mega|p2b: Camerupt|Camerupt|Cameruptite
|move|p2b: Camerupt|Earth Power|p1b: Toxapex
|-supereffective|p1b: Toxapex|1
|-damage|p1b: Toxapex|0 fnt
|faint|p1b: Toxapex
|move|p2a: Farigiraf|Psychic|p1a: Sinistcha
|-damage|p1a: Sinistcha|67/100
|
|upkeep
|
|t:|1784050376
|switch|p1b: Ampharos|Ampharos-Mega, L50, F|100/100
|-ability|p1b: Ampharos|Mold Breaker
|turn|3
|
|t:|1784050392
|switch|p1a: Tauros|Tauros-Paldea-Aqua, L50, M|100/100
|-ability|p1a: Tauros|Intimidate|boost
|-unboost|p2a: Farigiraf|atk|1
|-unboost|p2b: Camerupt|atk|1
|move|p2b: Camerupt|Eruption|p1a: Tauros|[spread] p1a,p1b
|-resisted|p1a: Tauros|1
|-resisted|p1b: Ampharos|1
|-damage|p1a: Tauros|43/100
|-damage|p1b: Ampharos|71/100
|move|p1b: Ampharos|Dragon Pulse|p2b: Camerupt
|-damage|p2b: Camerupt|45/100
|move|p2a: Farigiraf|Psychic|p1b: Ampharos
|-damage|p1b: Ampharos|42/100
|
|upkeep
|turn|4
|
|t:|1784050408
|move|p1b: Ampharos|Protect|p1b: Ampharos
|-singleturn|p1b: Ampharos|Protect
|move|p1a: Tauros|Protect|p1a: Tauros
|-singleturn|p1a: Tauros|Protect
|move|p2b: Camerupt|Earth Power|p1b: Ampharos
|-activate|p1b: Ampharos|move: Protect
|move|p2a: Farigiraf|Psychic|p1a: Tauros
|-activate|p1a: Tauros|move: Protect
|
|upkeep
|turn|5
|
|t:|1784050428
|switch|p1b: Sinistcha|Sinistcha, L50|67/100
|-heal|p1a: Tauros|68/100|[from] ability: Hospitality|[of] p1b: Sinistcha
|move|p1a: Tauros|Protect|p1a: Tauros
|-singleturn|p1a: Tauros|Protect
|move|p2b: Camerupt|Earth Power|p1b: Sinistcha
|-resisted|p1b: Sinistcha|1
|-damage|p1b: Sinistcha|29/100
|-enditem|p1b: Sinistcha|Sitrus Berry|[eat]
|-heal|p1b: Sinistcha|54/100|[from] item: Sitrus Berry
|move|p2a: Farigiraf|Psychic|p1a: Tauros
|-activate|p1a: Tauros|move: Protect
|
|-fieldend|move: Trick Room
|upkeep
|turn|6
|inactive|Declan777 has 30 seconds left.
|
|t:|1784050454
|move|p2b: Camerupt|Protect|p2b: Camerupt
|-singleturn|p2b: Camerupt|Protect
|move|p1a: Tauros|Wave Crash|p2b: Camerupt
|-activate|p2b: Camerupt|move: Protect
|move|p1b: Sinistcha|Trick Room|p1b: Sinistcha
|-fieldstart|move: Trick Room|[of] p1b: Sinistcha
|move|p2a: Farigiraf|Trick Room|p2a: Farigiraf
|-fieldend|move: Trick Room
|
|upkeep
|turn|7
|inactive|Declan777 has 30 seconds left.
|inactive|Declan777 has 20 seconds left.
|inactive|Declan777 has 15 seconds left.
|
|t:|1784050496
|switch|p2b: Meowscarada|Meowscarada, L50, F|100/100
|move|p1a: Tauros|Close Combat|p2b: Meowscarada
|-supereffective|p2b: Meowscarada|1
|-damage|p2b: Meowscarada|0 fnt
|-unboost|p1a: Tauros|def|1
|-unboost|p1a: Tauros|spd|1
|faint|p2b: Meowscarada
|-damage|p1a: Tauros|58/100|[from] item: Life Orb
|move|p1b: Sinistcha|Matcha Gotcha|p2a: Farigiraf
|-damage|p2a: Farigiraf|41/100
|-heal|p1b: Sinistcha|75/100|[from] drain|[of] p2a: Farigiraf
|move|p2a: Farigiraf|Trick Room|p2a: Farigiraf
|-fieldstart|move: Trick Room|[of] p2a: Farigiraf
|
|upkeep
|
|t:|1784050507
|switch|p2b: Camerupt|Camerupt-Mega, L50, F|45/100
|turn|8
|
|t:|1784050523
|move|p1a: Tauros|Protect|p1a: Tauros
|-singleturn|p1a: Tauros|Protect
|move|p2b: Camerupt|Heat Wave|p1a: Tauros|[spread] p1b
|-activate|p1a: Tauros|move: Protect
|-supereffective|p1b: Sinistcha|1
|-damage|p1b: Sinistcha|0 fnt
|faint|p1b: Sinistcha
|move|p2a: Farigiraf|Psychic|p1a: Tauros
|-activate|p1a: Tauros|move: Protect
|
|upkeep
|
|t:|1784050527
|switch|p1b: Ampharos|Ampharos-Mega, L50, F|42/100
|-ability|p1b: Ampharos|Mold Breaker
|turn|9
|
|t:|1784050538
|move|p1b: Ampharos|Protect|p1b: Ampharos
|-singleturn|p1b: Ampharos|Protect
|move|p2b: Camerupt|Heat Wave|p1a: Tauros|[spread] p1a
|-activate|p1b: Ampharos|move: Protect
|-resisted|p1a: Tauros|1
|-crit|p1a: Tauros
|-damage|p1a: Tauros|0 fnt
|faint|p1a: Tauros
|move|p2a: Farigiraf|Psychic|p1b: Ampharos
|-activate|p1b: Ampharos|move: Protect
|
|upkeep
|turn|10
|-message|Declan777 forfeited.
|raw|Declan777's rating: 1040 → 1023(-17 for losing)
|raw|pikajah12's rating: 1028 → 1065(+37 for winning)
|
|win|pikajah12
