|j|☆plsbringregi
|j|☆the city mouse
|html|plsbringregithe city mouse    
|uhtml|bestof|Game 1 of a best-of-3
|t:|1784464271
|gametype|doubles
|player|p1|plsbringregi|265|1299
|player|p2|the city mouse|tate|1369
|gen|9
|tier|[Gen 9 Champions] VGC 2026 Reg M-B (Bo3)
|rated|
|rule|Species Clause: Limit one of each Pokémon
|rule|Item Clause: Limit 1 of each item
|clearpoke
|poke|p1|Ninetales-Alola, L50, F|
|poke|p1|Incineroar, L50, M|
|poke|p1|Sinistcha, L50|
|poke|p1|Raichu, L50, M|
|poke|p1|Orthworm, L50, F|
|poke|p1|Aerodactyl, L50, M|
|poke|p2|Aerodactyl, L50, M|
|poke|p2|Garchomp, L50, F|
|poke|p2|Kingambit, L50, F|
|poke|p2|Sylveon, L50, M|
|poke|p2|Farigiraf, L50, M|
|poke|p2|Charizard, L50, F|
|teampreview|4
|showteam|p1|Ninetales-Alola||FocusSash|SnowWarning|Blizzard,Encore,FreezeDry,Protect|Timid||F|||50|]Incineroar||SitrusBerry|Intimidate|FlareBlitz,ThroatChop,FakeOut,PartingShot|Careful||M|||50|]Sinistcha||KasibBerry|Hospitality|MatchaGotcha,RagePowder,TrickRoom,Protect|Bold|||||50|]Raichu||RaichuniteY|LightningRod|ZapCannon,FocusBlast,FakeOut,Protect|Timid||M|||50|]Orthworm||OccaBerry|EarthEater|HeavySlam,BodyPress,Coil,Protect|Careful||F|||50|]Aerodactyl||Aerodactylite|Unnerve|RockSlide,DualWingbeat,WideGuard,Tailwind|Jolly||M|||50|
|showteam|p2|Aerodactyl||Aerodactylite|Unnerve|IceFang,RockSlide,Tailwind,DualWingbeat|Jolly||M|||50|]Garchomp||LifeOrb|RoughSkin|DragonClaw,RockSlide,Earthquake,Protect|Jolly||F|||50|]Kingambit||FocusSash|Defiant|SuckerPunch,KowtowCleave,IronHead,LowKick|Adamant||F|||50|]Sylveon||FairyFeather|Pixilate|Protect,HyperVoice,HyperBeam,QuickAttack|Modest||M|||50|]Farigiraf||SitrusBerry|ArmorTail|TrickRoom,Thunderbolt,Roar,Psychic|Bold||M|||50|]Charizard||CharizarditeY|Blaze|WeatherBall,HeatWave,SolarBeam,Protect|Modest||F|||50|
|inactive|Battle timer is ON: inactive players will automatically lose when time's up. (requested by plsbringregi)
|
|t:|1784464355
|teamsize|p1|4
|teamsize|p2|4
|start
|switch|p1a: Raichu|Raichu, L50, M|100/100
|switch|p1b: Aerodactyl|Aerodactyl, L50, M|100/100
|switch|p2a: Farigiraf|Farigiraf, L50, M|100/100
|switch|p2b: Sylveon|Sylveon, L50, M|100/100
|-ability|p1b: Aerodactyl|Unnerve
|turn|1
|
|t:|1784464369
|switch|p1b: Orthworm|Orthworm, L50, F|100/100
|detailschange|p1a: Raichu|Raichu-Mega-Y, L50, M
|-mega|p1a: Raichu|Raichu|Raichunite Y
|move|p1a: Raichu|Zap Cannon|p2a: Farigiraf
|-damage|p2a: Farigiraf|46/100
|-status|p2a: Farigiraf|par
|-enditem|p2a: Farigiraf|Sitrus Berry|[eat]
|-heal|p2a: Farigiraf|71/100 par|[from] item: Sitrus Berry
|move|p2b: Sylveon|Hyper Voice|p1a: Raichu|[spread] p1a,p1b
|-resisted|p1b: Orthworm|1
|-damage|p1a: Raichu|44/100
|-damage|p1b: Orthworm|76/100
|move|p2a: Farigiraf|Trick Room|p2a: Farigiraf
|-fieldstart|move: Trick Room|[of] p2a: Farigiraf
|
|upkeep
|turn|2
|
|t:|1784464382
|switch|p2a: Charizard|Charizard, L50, F|100/100
|move|p1b: Orthworm|Heavy Slam|p2b: Sylveon
|-supereffective|p2b: Sylveon|1
|-damage|p2b: Sylveon|11/100
|move|p2b: Sylveon|Hyper Voice|p1a: Raichu|[spread] p1a,p1b
|-resisted|p1b: Orthworm|1
|-damage|p1a: Raichu|0 fnt
|-damage|p1b: Orthworm|49/100
|faint|p1a: Raichu
|
|upkeep
|
|t:|1784464391
|switch|p1a: Aerodactyl|Aerodactyl, L50, M|100/100
|-ability|p1a: Aerodactyl|Unnerve
|turn|3
|
|t:|1784464405
|move|p2a: Charizard|Protect|p2a: Charizard
|-singleturn|p2a: Charizard|Protect
|move|p2b: Sylveon|Quick Attack|p1a: Aerodactyl
|-damage|p1a: Aerodactyl|81/100
|move|p1b: Orthworm|Heavy Slam|p2b: Sylveon
|-supereffective|p2b: Sylveon|1
|-damage|p2b: Sylveon|0 fnt
|faint|p2b: Sylveon
|move|p1a: Aerodactyl|Rock Slide|p2a: Charizard
|-activate|p2a: Charizard|move: Protect
|
|upkeep
|
|t:|1784464408
|switch|p2b: Kingambit|Kingambit, L50, F|100/100
|turn|4
|
|t:|1784464416
|switch|p1a: Ninetales|Ninetales-Alola, L50, F|100/100
|-weather|Snowscape|[from] ability: Snow Warning|[of] p1a: Ninetales
|detailschange|p2a: Charizard|Charizard-Mega-Y, L50, F
|-mega|p2a: Charizard|Charizard|Charizardite Y
|-weather|SunnyDay|[from] ability: Drought|[of] p2a: Charizard
|move|p1b: Orthworm|Body Press|p2b: Kingambit
|-supereffective|p2b: Kingambit|2
|-damage|p2b: Kingambit|18/100
|move|p2b: Kingambit|Iron Head|p1a: Ninetales
|-supereffective|p1a: Ninetales|2
|-enditem|p1a: Ninetales|Focus Sash
|-damage|p1a: Ninetales|1/100
|move|p2a: Charizard|Weather Ball|p1b: Orthworm
|-supereffective|p1b: Orthworm|1
|-enditem|p1b: Orthworm|Occa Berry|[eat]
|-enditem|p1b: Orthworm|Occa Berry|[weaken]
|-damage|p1b: Orthworm|0 fnt
|faint|p1b: Orthworm
|
|-weather|SunnyDay|[upkeep]
|upkeep
|
|t:|1784464427
|switch|p1b: Aerodactyl|Aerodactyl, L50, M|81/100
|-ability|p1b: Aerodactyl|Unnerve
|turn|5
|-message|plsbringregi forfeited.
|
|win|the city mouse
|l|☆plsbringregi
|player|p1|
||plsbringregi is ready for game 2.
||the city mouse is ready for game 2.
|uhtml|next|Next: Game 2 of 3
