|j|☆Plopy14
|j|☆Boomboombo0m
|html|Plopy14Boomboombo0m    
|uhtml|bestof|Game 1 of a best-of-3
|t:|1786061953
|gametype|doubles
|player|p1|Plopy14|bugcatcher|
|player|p2|Boomboombo0m|gwynn|
|gen|9
|tier|[Gen 9 Champions] VGC 2026 Reg M-B (Bo3)
|rule|Species Clause: Limit one of each Pokémon
|rule|Item Clause: Limit 1 of each item
|clearpoke
|poke|p1|Floette-Eternal, L50, F|
|poke|p1|Incineroar, L50, M|
|poke|p1|Sneasler, L50, M|
|poke|p1|Kingambit, L50, F|
|poke|p1|Sinistcha, L50|
|poke|p1|Delphox, L50, F|
|poke|p2|Starmie, L50|
|poke|p2|Annihilape, L50, F|
|poke|p2|Basculegion, L50, M|
|poke|p2|Whimsicott, L50, M|
|poke|p2|Garchomp, L50, M, shiny|
|poke|p2|Kingambit, L50, M|
|teampreview|4
|showteam|p1|Floette-Eternal||Floettite|FlowerVeil|Moonblast,DazzlingGleam,CalmMind,Protect|Modest||F|||50|]Incineroar||SitrusBerry|Intimidate|FakeOut,FlareBlitz,HelpingHand,PartingShot|Careful||M|||50|]Sneasler||FocusSash|PoisonTouch|FakeOut,PoisonJab,CloseCombat,QuickGuard|Jolly||M|||50|]Kingambit||BlackGlasses|Defiant|KowtowCleave,SuckerPunch,SwordsDance,Protect|Adamant||F|||50|]Sinistcha||OccaBerry|Hospitality|MatchaGotcha,RagePowder,TrickRoom,Protect|Bold|||||50|]Delphox||Delphoxite|Blaze|HeatWave,Psychic,NastyPlot,Protect|Timid||F|||50|
|showteam|p2|Starmie||Starminite|Illuminate|Liquidation,ZenHeadbutt,SelfDestruct,Protect|Adamant|||||50|]Annihilape||SitrusBerry|Defiant|HelpingHand,CloseCombat,Coaching,ShadowClaw|Jolly||F|||50|]Basculegion||FocusSash|Adaptability|LastRespects,Liquidation,AquaJet,Protect|Adamant||M|||50|]Whimsicott||CobaBerry|Prankster|Tailwind,Tickle,Moonblast,Encore|Timid||M|||50|]Garchomp||ChoiceScarf|RoughSkin|DragonClaw,StompingTantrum,RockSlide,PoisonJab|Jolly||M|||50|]Kingambit||BlackGlasses|Defiant|KowtowCleave,SuckerPunch,LowKick,Protect|Adamant||M|||50|
|c|☆Plopy14|im finna get cooked arent I
|
|t:|1786061982
|teamsize|p1|4
|teamsize|p2|4
|start
|switch|p1a: Sneasler|Sneasler, L50, M|100/100
|switch|p1b: Kingambit|Kingambit, L50, F|100/100
|switch|p2a: Starmie|Starmie, L50|100/100
|switch|p2b: Annihilape|Annihilape, L50, F|100/100
|turn|1
|
|t:|1786062014
|switch|p1b: Delphox|Delphox, L50, F|100/100
|detailschange|p2a: Starmie|Starmie-Mega, L50
|-mega|p2a: Starmie|Starmie|Starminite
|move|p1a: Sneasler|Fake Out|p2a: Starmie
|-damage|p2a: Starmie|81/100
|cant|p2a: Starmie|flinch
|move|p2b: Annihilape|Shadow Claw|p1a: Sneasler
|-damage|p1a: Sneasler|53/100
|
|upkeep
|turn|2
|
|t:|1786062077
|detailschange|p1b: Delphox|Delphox-Mega, L50, F
|-mega|p1b: Delphox|Delphox|Delphoxite
|move|p2a: Starmie|Protect|p2a: Starmie
|-singleturn|p2a: Starmie|Protect
|move|p1b: Delphox|Psychic|p2b: Annihilape
|-supereffective|p2b: Annihilape|1
|-damage|p2b: Annihilape|13/100
|-enditem|p2b: Annihilape|Sitrus Berry|[eat]
|-heal|p2b: Annihilape|38/100|[from] item: Sitrus Berry
|move|p1a: Sneasler|Close Combat|p2b: Annihilape
|-immune|p2b: Annihilape
|move|p2b: Annihilape|Shadow Claw|p1b: Delphox
|-supereffective|p1b: Delphox|1
|-damage|p1b: Delphox|27/100
|
|upkeep
|turn|3
|
|t:|1786062100
|move|p1b: Delphox|Protect|p1b: Delphox
|-singleturn|p1b: Delphox|Protect
|move|p1a: Sneasler|Poison Jab|p2a: Starmie
|-damage|p2a: Starmie|30/100
|move|p2a: Starmie|Zen Headbutt|p1a: Sneasler
|-supereffective|p1a: Sneasler|2
|-damage|p1a: Sneasler|0 fnt
|faint|p1a: Sneasler
|move|p2b: Annihilape|Shadow Claw|p1b: Delphox
|-activate|p1b: Delphox|move: Protect
|
|upkeep
|
|t:|1786062108
|switch|p1a: Kingambit|Kingambit, L50, F|100/100
|turn|4
|
|t:|1786062128
|move|p2b: Annihilape|Helping Hand|p2a: Starmie
|-singleturn|p2a: Starmie|Helping Hand|[of] p2b: Annihilape
|move|p1a: Kingambit|Sucker Punch|p2a: Starmie
|-supereffective|p2a: Starmie|1
|-damage|p2a: Starmie|0 fnt
|faint|p2a: Starmie
|move|p1b: Delphox|Psychic|p2b: Annihilape
|-supereffective|p2b: Annihilape|1
|-damage|p2b: Annihilape|0 fnt
|faint|p2b: Annihilape
|
|upkeep
|
|t:|1786062132
|switch|p2a: Garchomp|Garchomp, L50, M, shiny|100/100
|switch|p2b: Kingambit|Kingambit, L50, M|100/100
|turn|5
|
|t:|1786062146
|switch|p1b: Sinistcha|Sinistcha, L50|100/100
|move|p1a: Kingambit|Protect|p1a: Kingambit
|-singleturn|p1a: Kingambit|Protect
|move|p2a: Garchomp|Stomping Tantrum|p1a: Kingambit
|-activate|p1a: Kingambit|move: Protect
|move|p2b: Kingambit|Kowtow Cleave|p1b: Sinistcha
|-supereffective|p1b: Sinistcha|1
|-damage|p1b: Sinistcha|9/100
|
|upkeep
|turn|6
|
|t:|1786062167
|move|p1b: Sinistcha|Protect|p1b: Sinistcha
|-singleturn|p1b: Sinistcha|Protect
|move|p2a: Garchomp|Stomping Tantrum|p1b: Sinistcha
|-activate|p1b: Sinistcha|move: Protect
|move|p2b: Kingambit|Low Kick|p1a: Kingambit
|-supereffective|p1a: Kingambit|2
|-damage|p1a: Kingambit|0 fnt
|faint|p1a: Kingambit
|
|upkeep
|
|t:|1786062169
|switch|p1a: Delphox|Delphox-Mega, L50, F|27/100
|turn|7
|
|t:|1786062182
|move|p1b: Sinistcha|Protect|p1b: Sinistcha
|-singleturn|p1b: Sinistcha|Protect
|move|p2a: Garchomp|Stomping Tantrum|p1b: Sinistcha
|-activate|p1b: Sinistcha|move: Protect
|move|p1a: Delphox|Nasty Plot|p1a: Delphox
|-boost|p1a: Delphox|spa|2
|move|p2b: Kingambit|Kowtow Cleave|p1a: Delphox
|-supereffective|p1a: Delphox|1
|-damage|p1a: Delphox|0 fnt
|faint|p1a: Delphox
|
|upkeep
|turn|8
|-message|Plopy14 forfeited.
|
|win|Boomboombo0m
||Plopy14 is ready for game 2.
||Boomboombo0m is ready for game 2.
|uhtml|next|Next: Game 2 of 3
|l|☆Boomboombo0m
|player|p2|
|j|☆Boomboombo0m
|player|p2|Boomboombo0m|gwynn|
|l|☆Boomboombo0m
|player|p2|
|j|☆Boomboombo0m
|player|p2|Boomboombo0m|gwynn|
