|j|☆LuckBoundLuxrays
|j|☆demonofrune
|html|LuckBoundLuxraysdemonofrune    
|uhtml|bestof|Game 2 of a best-of-3
|t:|1785200025
|gametype|doubles
|player|p1|LuckBoundLuxrays|volkner|
|player|p2|demonofrune|raihan-masters|
|gen|9
|tier|[Gen 9 Champions] VGC 2026 Reg M-B (Bo3)
|rule|Species Clause: Limit one of each Pokémon
|rule|Item Clause: Limit 1 of each item
|raw|1 custom rule: !Force Open Team Sheets
|clearpoke
|poke|p1|Archaludon, L50, F|
|poke|p1|Golurk, L50, shiny|
|poke|p1|Oranguru, L50, M|
|poke|p1|Pelipper, L50, M|
|poke|p1|Primarina, L50, F|
|poke|p1|Sneasler, L50, F|
|poke|p2|Aerodactyl, L50, F, shiny|
|poke|p2|Charizard, L50, M, shiny|
|poke|p2|Garchomp, L50, F|
|poke|p2|Sylveon, L50, M, shiny|
|poke|p2|Sableye, L50, M, shiny|
|poke|p2|Victreebel, L50, M|
|teampreview|4
|
|t:|1785200157
|teamsize|p1|4
|teamsize|p2|4
|start
|switch|p1a: Oranguru|Oranguru, L50, M|100/100
|switch|p1b: Sneasler|Sneasler, L50, F|100/100
|switch|p2a: Aerodactyl|Aerodactyl, L50, F, shiny|100/100
|switch|p2b: Charizard|Charizard, L50, M, shiny|100/100
|-ability|p2a: Aerodactyl|Unnerve
|turn|1
|
|t:|1785200221
|detailschange|p2b: Charizard|Charizard-Mega-Y, L50, M, shiny
|-mega|p2b: Charizard|Charizard|Charizardite Y
|-weather|SunnyDay|[from] ability: Drought|[of] p2b: Charizard
|move|p1b: Sneasler|Fake Out|p2b: Charizard
|-damage|p2b: Charizard|84/100
|-status|p2b: Charizard|psn|[from] ability: Poison Touch|[of] p1b: Sneasler
|move|p2a: Aerodactyl|Dual Wingbeat|p1b: Sneasler
|-supereffective|p1b: Sneasler|1
|-damage|p1b: Sneasler|52/100
|-supereffective|p1b: Sneasler|1
|-damage|p1b: Sneasler|1/100
|-hitcount|p1b: Sneasler|2
|cant|p2b: Charizard|flinch
|move|p1a: Oranguru|Trick Room|p1a: Oranguru
|-fieldstart|move: Trick Room|[of] p1a: Oranguru
|
|-weather|SunnyDay|[upkeep]
|-damage|p2b: Charizard|72/100 psn|[from] psn
|upkeep
|turn|2
|
|t:|1785200270
|switch|p1a: Pelipper|Pelipper, L50, M|100/100
|-weather|RainDance|[from] ability: Drizzle|[of] p1a: Pelipper
|switch|p1b: Archaludon|Archaludon, L50, F|100/100
|move|p2b: Charizard|Weather Ball|p1a: Pelipper
|-resisted|p1a: Pelipper|1
|-damage|p1a: Pelipper|55/100
|move|p2a: Aerodactyl|Dual Wingbeat|p1a: Pelipper
|-damage|p1a: Pelipper|41/100
|-damage|p1a: Pelipper|28/100
|-hitcount|p1a: Pelipper|2
|
|-weather|RainDance|[upkeep]
|-damage|p2b: Charizard|60/100 psn|[from] psn
|upkeep
|turn|3
|
|t:|1785200302
|switch|p2b: Sableye|Sableye, L50, M, shiny|100/100
|move|p1a: Pelipper|Protect|p1a: Pelipper
|-singleturn|p1a: Pelipper|Protect
|move|p2a: Aerodactyl|Protect|p2a: Aerodactyl
|-singleturn|p2a: Aerodactyl|Protect
|move|p1b: Archaludon|Flash Cannon|p2a: Aerodactyl
|-activate|p2a: Aerodactyl|move: Protect
|
|-weather|RainDance|[upkeep]
|upkeep
|turn|4
|
|t:|1785200349
|switch|p2a: Charizard|Charizard-Mega-Y, L50, M, shiny|60/100 psn
|-weather|SunnyDay|[from] ability: Drought|[of] p2a: Charizard
|move|p2b: Sableye|Encore|p1a: Pelipper
|-start|p1a: Pelipper|Encore
|move|p1a: Pelipper|Protect|p1a: Pelipper
|-singleturn|p1a: Pelipper|Protect
|move|p1b: Archaludon|Electro Shot||[still]
|-prepare|p1b: Archaludon|Electro Shot
|-boost|p1b: Archaludon|spa|1
|
|-weather|SunnyDay|[upkeep]
|-damage|p2a: Charizard|47/100 psn|[from] psn
|upkeep
|turn|5
|
|t:|1785200390
|move|p1a: Pelipper|Protect||[still]
|-fail|p1a: Pelipper
|move|p2b: Sableye|Foul Play|p1b: Archaludon
|-damage|p1b: Archaludon|71/100
|-ability|p1b: Archaludon|Stamina|boost
|-boost|p1b: Archaludon|def|1
|move|p1b: Archaludon|Electro Shot|p2b: Sableye|[from] lockedmove
|-damage|p2b: Sableye|17/100
|move|p2a: Charizard|Weather Ball|p1b: Archaludon
|-damage|p1b: Archaludon|0 fnt
|faint|p1b: Archaludon
|
|-weather|SunnyDay|[upkeep]
|-damage|p2a: Charizard|35/100 psn|[from] psn
|-fieldend|move: Trick Room
|upkeep
|
|t:|1785200408
|switch|p1b: Oranguru|Oranguru, L50, M|100/100
|turn|6
|
|t:|1785200431
|move|p1a: Pelipper|Protect|p1a: Pelipper
|-singleturn|p1a: Pelipper|Protect
|move|p2a: Charizard|Heat Wave|p1b: Oranguru|[spread] p1b
|-activate|p1a: Pelipper|move: Protect
|-damage|p1b: Oranguru|48/100
|move|p1b: Oranguru|Psychic|p2b: Sableye
|-immune|p2b: Sableye
|move|p2b: Sableye|Foul Play|p1b: Oranguru
|-supereffective|p1b: Oranguru|1
|-damage|p1b: Oranguru|17/100
|
|-weather|SunnyDay|[upkeep]
|-damage|p2a: Charizard|22/100 psn|[from] psn
|-end|p1a: Pelipper|Encore
|upkeep
|turn|7
|
|t:|1785200452
|move|p1a: Pelipper|Wide Guard|p1a: Pelipper
|-singleturn|p1a: Pelipper|Wide Guard
|move|p2a: Charizard|Heat Wave|p1b: Oranguru|[spread] 
|-activate|p1a: Pelipper|move: Wide Guard
|-activate|p1b: Oranguru|move: Wide Guard
|move|p1b: Oranguru|Psychic|p2a: Charizard
|-damage|p2a: Charizard|0 fnt
|faint|p2a: Charizard
|move|p2b: Sableye|Foul Play|p1a: Pelipper
|-damage|p1a: Pelipper|13/100
|
|-weather|SunnyDay|[upkeep]
|upkeep
|
|t:|1785200465
|switch|p2a: Garchomp|Garchomp, L50, F|100/100
|turn|8
|
|t:|1785200484
|switch|p2b: Aerodactyl|Aerodactyl, L50, F, shiny|100/100
|-ability|p2b: Aerodactyl|Unnerve
|move|p1a: Pelipper|Protect||[still]
|-fail|p1a: Pelipper
|move|p1b: Oranguru|Protect|p1b: Oranguru
|-singleturn|p1b: Oranguru|Protect
|move|p2a: Garchomp|Rock Slide|p1b: Oranguru|[spread] p1a
|-activate|p1b: Oranguru|move: Protect
|-supereffective|p1a: Pelipper|1
|-damage|p1a: Pelipper|0 fnt
|faint|p1a: Pelipper
|
|-weather|none
|upkeep
|
|t:|1785200498
|switch|p1a: Sneasler|Sneasler, L50, F|1/100
|turn|9
|
|t:|1785200515
|move|p2b: Aerodactyl|Wide Guard|p2b: Aerodactyl
|-singleturn|p2b: Aerodactyl|Wide Guard
|move|p2a: Garchomp|Rock Slide|p1b: Oranguru|[spread] p1a,p1b
|-resisted|p1a: Sneasler|1
|-damage|p1a: Sneasler|0 fnt
|-damage|p1b: Oranguru|1/100
|faint|p1a: Sneasler
|move|p1b: Oranguru|Psychic|p2a: Garchomp
|-damage|p2a: Garchomp|68/100
|
|upkeep
|turn|10
|
|t:|1785200529
|move|p2a: Garchomp|Rock Slide|p1b: Oranguru
|-damage|p1b: Oranguru|0 fnt
|faint|p1b: Oranguru
|
|win|demonofrune
