|j|☆MR. HEROW
|j|☆Welosethose!
|html|MR. HEROWWelosethose!    
|uhtml|bestof|Game 2 of a best-of-3
|t:|1756511686
|gametype|doubles
|player|p1|MR. HEROW|266|1000
|player|p2|Welosethose!|hilbert|1109
|gen|9
|tier|[Gen 9] VGC 2025 Reg H (Bo3)
|rated|
|rule|Species Clause: Limit one of each Pokémon
|rule|Item Clause: Limit 1 of each item
|clearpoke
|poke|p1|Porygon2, L50|
|poke|p1|Golem-Alola, L50, F|
|poke|p1|Ursaluna-Bloodmoon, L50, M|
|poke|p1|Vikavolt, L50, F|
|poke|p1|Annihilape, L50, F|
|poke|p1|Incineroar, L50, F|
|poke|p2|Politoed, L50, F|
|poke|p2|Gothitelle, L50, M|
|poke|p2|Kingdra, L50, F|
|poke|p2|Archaludon, L50, M|
|poke|p2|Amoonguss, L50, M|
|poke|p2|Incineroar, L50, F|
|teampreview|4
|showteam|p1|Porygon2||Eviolite|Download|IceBeam,TeraBlast,TrickRoom,Recover||||||50|,,,,,Ground]Golem-Alola||AirBalloon|Galvanize|DoubleEdge,Explosion,Protect,TeraBlast|||F|||50|,,,,,Water]Ursaluna-Bloodmoon||LifeOrb|MindsEye|BloodMoon,HyperVoice,EarthPower,Protect|||M|||50|,,,,,Normal]Vikavolt||AssaultVest|Levitate|Discharge,BugBuzz,Thunderbolt,StruggleBug|||F|||50|,,,,,Ghost]Annihilape||ChoiceScarf|Defiant|CloseCombat,RageFist,DrainPunch,FinalGambit|||F|||50|,,,,,Fighting]Incineroar||RockyHelmet|Intimidate|FakeOut,KnockOff,PartingShot,FlareBlitz|||F|||50|,,,,,Grass
|showteam|p2|Politoed||Leftovers|Drizzle|WeatherBall,Encore,PerishSong,Protect|||F|||50|,,,,,Grass]Gothitelle||SitrusBerry|ShadowTag|FakeOut,Psychic,TrickRoom,Protect|||M|||50|,,,,,Dark]Kingdra||LifeOrb|SwiftSwim|WeatherBall,MuddyWater,DracoMeteor,Protect|||F|||50|,,,,,Stellar]Archaludon||PowerHerb|Sturdy|ElectroShot,FlashCannon,DragonPulse,Protect|||M|||50|,,,,,Electric]Amoonguss||EjectButton|Regenerator|PollenPuff,Spore,RagePowder,Protect|||M|||50|,,,,,Fairy]Incineroar||SafetyGoggles|Intimidate|FakeOut,KnockOff,PartingShot,Protect|||F|||50|,,,,,Ghost
|inactive|Battle timer is ON: inactive players will automatically lose when time's up. (requested by MR. HEROW)
|
|t:|1756511727
|teamsize|p1|4
|teamsize|p2|4
|start
|switch|p1a: Annihilape|Annihilape, L50, F|100/100
|switch|p1b: Incineroar|Incineroar, L50, F|100/100
|switch|p2a: Gothitelle|Gothitelle, L50, M|100/100
|switch|p2b: Kingdra|Kingdra, L50, F|100/100
|-ability|p1b: Incineroar|Intimidate|boost
|-unboost|p2a: Gothitelle|atk|1
|-unboost|p2b: Kingdra|atk|1
|turn|1
|
|t:|1756511750
|move|p2b: Kingdra|Protect|p2b: Kingdra
|-singleturn|p2b: Kingdra|Protect
|move|p2a: Gothitelle|Protect|p2a: Gothitelle
|-singleturn|p2a: Gothitelle|Protect
|move|p1b: Incineroar|Fake Out|p2b: Kingdra
|-activate|p2b: Kingdra|move: Protect
|move|p1a: Annihilape|Close Combat|p2a: Gothitelle
|-activate|p2a: Gothitelle|move: Protect
|
|upkeep
|turn|2
|
|t:|1756511773
|switch|p2a: Amoonguss|Amoonguss, L50, M|100/100
|-terastallize|p2b: Kingdra|Stellar
|move|p1a: Annihilape|Close Combat|p2a: Amoonguss
|-resisted|p2a: Amoonguss
|-damage|p2a: Amoonguss|79/100
|-unboost|p1a: Annihilape|def|1
|-unboost|p1a: Annihilape|spd|1
|-enditem|p2a: Amoonguss|Eject Button
|
|t:|1756511778
|switch|p2a: Politoed|Politoed, L50, F|100/100
|-weather|RainDance|[from] ability: Drizzle|[of] p2a: Politoed
|move|p2b: Kingdra|Draco Meteor|p1a: Annihilape
|-damage|p1a: Annihilape|0 fnt
|-unboost|p2b: Kingdra|spa|2
|faint|p1a: Annihilape
|-damage|p2b: Kingdra|91/100|[from] item: Life Orb
|move|p1b: Incineroar|Knock Off|p2b: Kingdra
|-damage|p2b: Kingdra|46/100
|-enditem|p2b: Kingdra|Life Orb|[from] move: Knock Off|[of] p1b: Incineroar
|
|-weather|RainDance|[upkeep]
|upkeep
|
|t:|1756511795
|switch|p1a: Golem|Golem-Alola, L50, F|100/100
|-item|p1a: Golem|Air Balloon
|turn|3
|
|t:|1756511811
|move|p2a: Politoed|Protect|p2a: Politoed
|-singleturn|p2a: Politoed|Protect
|move|p1a: Golem|Protect|p1a: Golem
|-singleturn|p1a: Golem|Protect
|move|p2b: Kingdra|Muddy Water|p1b: Incineroar|[spread] 
|-activate|p1a: Golem|move: Protect
|-miss|p2b: Kingdra|p1b: Incineroar
|move|p1b: Incineroar|Parting Shot|p2b: Kingdra
|-unboost|p2b: Kingdra|atk|1
|-unboost|p2b: Kingdra|spa|1
|
|t:|1756511821
|switch|p1b: Ursaluna|Ursaluna-Bloodmoon, L50, M|100/100|[from] Parting Shot
|
|-weather|RainDance|[upkeep]
|upkeep
|turn|4
|inactive|MR. HEROW has 30 seconds left.
|inactive|Welosethose! has 30 seconds left.
|inactive|MR. HEROW has 20 seconds left.
|
|t:|1756511857
|switch|p2a: Amoonguss|Amoonguss, L50, M|100/100
|-terastallize|p1a: Golem|Water
|move|p1b: Ursaluna|Protect|p1b: Ursaluna
|-singleturn|p1b: Ursaluna|Protect
|move|p2b: Kingdra|Muddy Water|p1a: Golem|[spread] p1a
|-activate|p1b: Ursaluna|move: Protect
|-resisted|p1a: Golem
|-damage|p1a: Golem|86/100
|-enditem|p1a: Golem|Air Balloon
|move|p1a: Golem|Double-Edge|p2a: Amoonguss
|-resisted|p2a: Amoonguss
|-damage|p2a: Amoonguss|70/100
|-damage|p1a: Golem|74/100|[from] Recoil
|
|-weather|RainDance|[upkeep]
|upkeep
|turn|5
|
|t:|1756511875
|move|p2a: Amoonguss|Protect|p2a: Amoonguss
|-singleturn|p2a: Amoonguss|Protect
|move|p2b: Kingdra|Weather Ball|p1b: Ursaluna
|-supereffective|p1b: Ursaluna
|-damage|p1b: Ursaluna|40/100
|move|p1b: Ursaluna|Hyper Voice|p2a: Amoonguss|[spread] p2b
|-activate|p2a: Amoonguss|move: Protect
|-damage|p2b: Kingdra|0 fnt
|faint|p2b: Kingdra
|-damage|p1b: Ursaluna|30/100|[from] item: Life Orb
|move|p1a: Golem|Double-Edge|p2a: Amoonguss
|-activate|p2a: Amoonguss|move: Protect
|
|-weather|RainDance|[upkeep]
|upkeep
|inactive|Welosethose! has 30 seconds left.
|
|t:|1756511903
|switch|p2b: Politoed|Politoed, L50, F|100/100
|turn|6
|inactive|MR. HEROW has 30 seconds left.
|inactive|MR. HEROW has 20 seconds left.
|
|t:|1756511942
|switch|p1a: Incineroar|Incineroar, L50, F|100/100
|-ability|p1a: Incineroar|Intimidate|boost
|-unboost|p2a: Amoonguss|atk|1
|-unboost|p2b: Politoed|atk|1
|move|p2b: Politoed|Perish Song|p2b: Politoed
|-start|p1a: Incineroar|perish3|[silent]
|-start|p1b: Ursaluna|perish3|[silent]
|-start|p2a: Amoonguss|perish3|[silent]
|-start|p2b: Politoed|perish3|[silent]
|-fieldactivate|move: Perish Song
|move|p1b: Ursaluna|Blood Moon|p2a: Amoonguss
|-damage|p2a: Amoonguss|0 fnt
|faint|p2a: Amoonguss
|-damage|p1b: Ursaluna|20/100|[from] item: Life Orb
|
|-weather|none
|-start|p2b: Politoed|perish3
|-start|p1a: Incineroar|perish3
|-start|p1b: Ursaluna|perish3
|upkeep
|
|t:|1756511950
|switch|p2a: Gothitelle|Gothitelle, L50, M|100/100
|turn|7
|inactive|MR. HEROW has 30 seconds left.
|
|t:|1756511978
|move|p2b: Politoed|Protect|p2b: Politoed
|-singleturn|p2b: Politoed|Protect
|move|p2a: Gothitelle|Protect|p2a: Gothitelle
|-singleturn|p2a: Gothitelle|Protect
|move|p1a: Incineroar|Fake Out|p2a: Gothitelle
|-activate|p2a: Gothitelle|move: Protect
|move|p1b: Ursaluna|Hyper Voice|p2b: Politoed|[spread] 
|-activate|p2a: Gothitelle|move: Protect
|-activate|p2b: Politoed|move: Protect
|
|-start|p2b: Politoed|perish2
|-start|p1a: Incineroar|perish2
|-start|p1b: Ursaluna|perish2
|upkeep
|turn|8
|
|t:|1756511997
|move|p2b: Politoed|Encore|p1a: Incineroar
|-start|p1a: Incineroar|Encore
|move|p1a: Incineroar|Fake Out||[still]
|-hint|Fake Out only works on your first turn out.
|-fail|p1a: Incineroar
|move|p1b: Ursaluna|Blood Moon|p2a: Gothitelle
|-damage|p2a: Gothitelle|23/100
|-enditem|p2a: Gothitelle|Sitrus Berry|[eat]
|-heal|p2a: Gothitelle|47/100|[from] item: Sitrus Berry
|-damage|p1b: Ursaluna|10/100|[from] item: Life Orb
|move|p2a: Gothitelle|Psychic|p1b: Ursaluna
|-damage|p1b: Ursaluna|0 fnt
|faint|p1b: Ursaluna
|
|-start|p2b: Politoed|perish1
|-start|p1a: Incineroar|perish1
|upkeep
|
|t:|1756512001
|switch|p1b: Golem|Golem-Alola, L50, F, tera:Water|74/100
|turn|9
|
|t:|1756512013
|move|p2a: Gothitelle|Protect|p2a: Gothitelle
|-singleturn|p2a: Gothitelle|Protect
|move|p1b: Golem|Protect|p1b: Golem
|-singleturn|p1b: Golem|Protect
|move|p1a: Incineroar|Fake Out||[still]
|-hint|Fake Out only works on your first turn out.
|-fail|p1a: Incineroar
|move|p2b: Politoed|Perish Song|p2b: Politoed
|-start|p1b: Golem|perish3|[silent]
|-start|p2a: Gothitelle|perish3|[silent]
|-fieldactivate|move: Perish Song
|
|-start|p2b: Politoed|perish0
|-start|p1a: Incineroar|perish0
|-start|p2a: Gothitelle|perish3
|faint|p2b: Politoed
|faint|p1a: Incineroar
|-start|p1b: Golem|perish3
|upkeep
|turn|10
|inactive|MR. HEROW has 30 seconds left.
|
|t:|1756512041
|move|p2a: Gothitelle|Psychic|p1b: Golem
|-damage|p1b: Golem|40/100
|move|p1b: Golem|Double-Edge|p2a: Gothitelle
|-damage|p2a: Gothitelle|0 fnt
|faint|p2a: Gothitelle
|-damage|p1b: Golem|25/100|[from] Recoil
|
|win|MR. HEROW
||Welosethose! is ready for game 3.
||MR. HEROW is ready for game 3.
|uhtml|next|Next: Game 3 of 3
|l|☆MR. HEROW
|player|p1|
