|j|☆SengarBlade
|j|☆middleagedpotato
|html|SengarBlademiddleagedpotato    
|uhtml|bestof|Game 3 of a best-of-3
|t:|1757849171
|gametype|doubles
|player|p1|SengarBlade|preschooler|
|player|p2|middleagedpotato|266|
|gen|9
|tier|[Gen 9] VGC 2025 Reg H (Bo3)
|rule|Species Clause: Limit one of each Pokémon
|rule|Item Clause: Limit 1 of each item
|clearpoke
|poke|p1|Murkrow, L50, F|
|poke|p1|Tyranitar, L50, M|
|poke|p1|Lycanroc, L50, M|
|poke|p1|Decidueye-Hisui, L50, F|
|poke|p1|Clefable, L50, M|
|poke|p1|Hydreigon, L50, M|
|poke|p2|Smeargle, L50, M|
|poke|p2|Amoonguss, L50, M|
|poke|p2|Gardevoir, L50, F|
|poke|p2|Ursaluna, L50, F|
|poke|p2|Azumarill, L50, F|
|poke|p2|Sneasler, L50, F|
|teampreview|4
|showteam|p1|Murkrow||Eviolite|Prankster|FoulPlay,Tailwind,Haze,Protect|||F|||50|,,,,,Steel]Tyranitar||ClearAmulet|SandStream|RockSlide,KnockOff,TeraBlast,Protect|||M|||50|,,,,,Flying]Lycanroc||FocusSash|SandRush|RockSlide,Accelerock,Endeavor,Endure|||M|||50|,,,,,Ghost]Decidueye-Hisui||LifeOrb|Scrappy|CloseCombat,LeafBlade,UpperHand,Protect|||F|||50|,,,,,Ghost]Clefable||SafetyGoggles|Unaware|Moonblast,FollowMe,HelpingHand,Protect|||M|||50|,,,,,Water]Hydreigon||AguavBerry|Levitate|DracoMeteor,DarkPulse,Snarl,Protect|||M|||50|,,,,,Poison
|showteam|p2|Smeargle||FocusSash|Moody|Imprison,Transform,Protect,Spore|||M|||50|,,,,,Ghost]Amoonguss||RockyHelmet|Regenerator|Spore,RagePowder,PollenPuff,Protect|||M|||50|,,,,,Ghost]Gardevoir||Leftovers|Synchronize|Imprison,Protect,TrickRoom,DazzlingGleam|||F|||50|,,,,,Fairy]Ursaluna||FlameOrb|Guts|Protect,Facade,Earthquake,Crunch|||F|||50|,,,,,Ghost]Azumarill||AssaultVest|HugePower|AquaTail,AquaJet,PlayRough,IceSpinner|||F|||50|,,,,,Water]Sneasler||WhiteHerb|Unburden|CloseCombat,DireClaw,Protect,Uturn|||F|||50|,,,,,Dark
|
|t:|1757849204
|teamsize|p1|4
|teamsize|p2|4
|start
|switch|p1a: Tyranitar|Tyranitar, L50, M|100/100
|switch|p1b: Lycanroc|Lycanroc, L50, M|100/100
|switch|p2a: Sneasler|Sneasler, L50, F|100/100
|switch|p2b: Amoonguss|Amoonguss, L50, M|100/100
|-weather|Sandstorm|[from] ability: Sand Stream|[of] p1a: Tyranitar
|turn|1
|
|t:|1757849273
|-terastallize|p1a: Tyranitar|Flying
|move|p1b: Lycanroc|Rock Slide|p2b: Amoonguss|[spread] p2a,p2b
|-resisted|p2a: Sneasler
|-damage|p2a: Sneasler|77/100
|-damage|p2b: Amoonguss|75/100
|move|p2a: Sneasler|Close Combat|p1b: Lycanroc
|-supereffective|p1b: Lycanroc
|-enditem|p1b: Lycanroc|Focus Sash
|-damage|p1b: Lycanroc|1/100
|-unboost|p2a: Sneasler|def|1
|-unboost|p2a: Sneasler|spd|1
|-enditem|p2a: Sneasler|White Herb
|-clearnegativeboost|p2a: Sneasler|[silent]
|move|p1a: Tyranitar|Tera Blast|p2b: Amoonguss|[anim] Tera Blast Flying
|-supereffective|p2b: Amoonguss
|-damage|p2b: Amoonguss|0 fnt
|faint|p2b: Amoonguss
|
|-weather|Sandstorm|[upkeep]
|-damage|p2a: Sneasler|71/100|[from] Sandstorm
|-damage|p1a: Tyranitar|94/100|[from] Sandstorm
|upkeep
|
|t:|1757849296
|switch|p2b: Gardevoir|Gardevoir, L50, F|100/100
|turn|2
|
|t:|1757849315
|move|p2a: Sneasler|Protect|p2a: Sneasler
|-singleturn|p2a: Sneasler|Protect
|move|p1b: Lycanroc|Endure|p1b: Lycanroc
|-singleturn|p1b: Lycanroc|move: Endure
|move|p2b: Gardevoir|Protect|p2b: Gardevoir
|-singleturn|p2b: Gardevoir|Protect
|move|p1a: Tyranitar|Tera Blast|p2a: Sneasler|[anim] Tera Blast Flying
|-activate|p2a: Sneasler|move: Protect
|
|-weather|Sandstorm|[upkeep]
|-damage|p2a: Sneasler|66/100|[from] Sandstorm
|-damage|p2b: Gardevoir|95/100|[from] Sandstorm
|-damage|p1a: Tyranitar|88/100|[from] Sandstorm
|-heal|p2b: Gardevoir|100/100|[from] item: Leftovers
|upkeep
|turn|3
|
|t:|1757849351
|move|p1b: Lycanroc|Endure||[still]
|-fail|p1b: Lycanroc
|move|p2a: Sneasler|U-turn|p1b: Lycanroc
|-damage|p1b: Lycanroc|0 fnt
|faint|p1b: Lycanroc
|
|t:|1757849358
|switch|p2a: Ursaluna|Ursaluna, L50, F|100/100|[from] U-turn
|move|p1a: Tyranitar|Rock Slide|p2a: Ursaluna|[spread] p2a,p2b
|-resisted|p2a: Ursaluna
|-damage|p2a: Ursaluna|87/100
|-damage|p2b: Gardevoir|54/100
|move|p2b: Gardevoir|Trick Room|p2b: Gardevoir
|-fieldstart|move: Trick Room|[of] p2b: Gardevoir
|
|-weather|Sandstorm|[upkeep]
|-damage|p1a: Tyranitar|82/100|[from] Sandstorm
|-damage|p2b: Gardevoir|49/100|[from] Sandstorm
|-heal|p2b: Gardevoir|54/100|[from] item: Leftovers
|-status|p2a: Ursaluna|brn|[from] item: Flame Orb
|upkeep
|
|t:|1757849370
|switch|p1b: Decidueye|Decidueye-Hisui, L50, F|100/100
|turn|4
|
|t:|1757849395
|-terastallize|p2a: Ursaluna|Ghost
|move|p2a: Ursaluna|Facade|p1b: Decidueye
|-damage|p1b: Decidueye|0 fnt
|faint|p1b: Decidueye
|move|p1a: Tyranitar|Knock Off|p2b: Gardevoir
|-damage|p2b: Gardevoir|0 fnt
|-enditem|p2b: Gardevoir|Leftovers|[from] move: Knock Off|[of] p1a: Tyranitar
|faint|p2b: Gardevoir
|
|-weather|Sandstorm|[upkeep]
|-damage|p2a: Ursaluna|81/100 brn|[from] Sandstorm
|-damage|p1a: Tyranitar|76/100|[from] Sandstorm
|-damage|p2a: Ursaluna|76/100 brn|[from] brn
|upkeep
|
|t:|1757849410
|switch|p1b: Murkrow|Murkrow, L50, F|100/100
|switch|p2b: Sneasler|Sneasler, L50, F|66/100
|turn|5
|
|t:|1757849435
|move|p1a: Tyranitar|Protect|p1a: Tyranitar
|-singleturn|p1a: Tyranitar|Protect
|move|p2b: Sneasler|Protect|p2b: Sneasler
|-singleturn|p2b: Sneasler|Protect
|move|p2a: Ursaluna|Facade|p1a: Tyranitar
|-activate|p1a: Tyranitar|move: Protect
|move|p1b: Murkrow|Foul Play|p2a: Ursaluna
|-supereffective|p2a: Ursaluna
|-damage|p2a: Ursaluna|0 fnt
|faint|p2a: Ursaluna
|
|-weather|none
|upkeep
|turn|6
|
|t:|1757849454
|move|p1a: Tyranitar|Tera Blast|p2b: Sneasler|[anim] Tera Blast Flying
|-supereffective|p2b: Sneasler
|-damage|p2b: Sneasler|0 fnt
|faint|p2b: Sneasler
|
|win|SengarBlade
