|j|☆a-fly03
|j|☆dericos
|html|a-fly03dericos    
|uhtml|bestof|Game 3 of a best-of-3
|t:|1782288569
|gametype|doubles
|player|p1|a-fly03|170|1224
|player|p2|dericos|170|1194
|gen|9
|tier|[Gen 9 Champions] VGC 2026 Reg M-B (Bo3)
|rated|
|rule|Species Clause: Limit one of each Pokémon
|rule|Item Clause: Limit 1 of each item
|clearpoke
|poke|p1|Staraptor, L50, F, shiny|
|poke|p1|Tyranitar, L50, M|
|poke|p1|Sinistcha, L50|
|poke|p1|Incineroar, L50, F|
|poke|p1|Excadrill, L50, M|
|poke|p1|Sylveon, L50, M, shiny|
|poke|p2|Swampert, L50, M|
|poke|p2|Pelipper, L50, F|
|poke|p2|Archaludon, L50, F|
|poke|p2|Sinistcha, L50|
|poke|p2|Maushold-Four, L50|
|poke|p2|Gholdengo, L50|
|teampreview|4
|showteam|p1|Staraptor||Staraptite|Intimidate|BraveBird,CloseCombat,Tailwind,Protect|Jolly||F|||50|]Tyranitar||Tyranitarite|SandStream|RockSlide,KnockOff,DragonDance,Protect|Jolly||M|||50|]Sinistcha||KasibBerry|Hospitality|MatchaGotcha,RagePowder,TrickRoom,Protect|Impish|||||50|]Incineroar||PasshoBerry|Intimidate|FakeOut,FlareBlitz,PartingShot,ThroatChop|Impish||F|||50|]Excadrill||FocusSash|SandRush|IronHead,Earthquake,RockSlide,Protect|Adamant||M|||50|]Sylveon||FairyFeather|Pixilate|HyperVoice,HyperBeam,QuickAttack,Protect|Modest||M|||50|
|showteam|p2|Swampert||Swampertite|Torrent|WaveCrash,HighHorsepower,IcePunch,Protect|Adamant||M|||50|]Pelipper||SitrusBerry|Drizzle|WeatherBall,Hurricane,Tailwind,WideGuard|Modest||F|||50|]Archaludon||Leftovers|Stamina|ElectroShot,DragonPulse,FlashCannon,Protect|Calm||F|||50|]Sinistcha||KasibBerry|Hospitality|RagePowder,MatchaGotcha,TrickRoom,Protect|Bold|||||50|]Maushold-Four||FocusSash|FriendGuard|FollowMe,SuperFang,RainDance,Protect|Timid|||||50|]Gholdengo||LifeOrb|GoodasGold|MakeItRain,ShadowBall,NastyPlot,Protect|Modest|||||50|
|inactive|Battle timer is ON: inactive players will automatically lose when time's up. (requested by a-fly03)
|
|t:|1782288585
|teamsize|p1|4
|teamsize|p2|4
|start
|switch|p1a: Tyranitar|Tyranitar, L50, M|100/100
|switch|p1b: Excadrill|Excadrill, L50, M|100/100
|switch|p2a: Maushold|Maushold-Four, L50|100/100
|switch|p2b: Archaludon|Archaludon, L50, F|100/100
|-weather|Sandstorm|[from] ability: Sand Stream|[of] p1a: Tyranitar
|turn|1
|inactive|a-fly03 has 30 seconds left.
|inactive|dericos has 30 seconds left.
|inactive|dericos has 20 seconds left.
|inactive|dericos has 15 seconds left.
|inactive|dericos has 10 seconds left.
|inactive|dericos has 5 seconds left.
|
|t:|1782288640
|switch|p1a: Staraptor|Staraptor, L50, F, shiny|100/100
|-ability|p1a: Staraptor|Intimidate|boost
|-unboost|p2a: Maushold|atk|1
|-unboost|p2b: Archaludon|atk|1
|move|p2a: Maushold|Follow Me|p2a: Maushold
|-singleturn|p2a: Maushold|move: Follow Me
|move|p1b: Excadrill|Earthquake|p2a: Maushold|[spread] p2a,p2b
|-immune|p1a: Staraptor
|-supereffective|p2b: Archaludon|1
|-damage|p2a: Maushold|43/100
|-damage|p2b: Archaludon|54/100
|-ability|p2b: Archaludon|Stamina|boost
|-boost|p2b: Archaludon|def|1
|move|p2b: Archaludon|Electro Shot||[still]
|-prepare|p2b: Archaludon|Electro Shot
|-boost|p2b: Archaludon|spa|1
|
|-weather|Sandstorm|[upkeep]
|-damage|p2a: Maushold|37/100|[from] Sandstorm
|-damage|p1a: Staraptor|93/100|[from] Sandstorm
|-heal|p2b: Archaludon|60/100|[from] item: Leftovers
|upkeep
|turn|2
|inactive|a-fly03 has 30 seconds left.
|inactive|a-fly03 has 20 seconds left.
|
|t:|1782288676
|switch|p2a: Pelipper|Pelipper, L50, F|100/100
|-weather|RainDance|[from] ability: Drizzle|[of] p2a: Pelipper
|move|p1a: Staraptor|Protect|p1a: Staraptor
|-singleturn|p1a: Staraptor|Protect
|move|p1b: Excadrill|Earthquake|p2a: Pelipper|[spread] p2b
|-activate|p1a: Staraptor|move: Protect
|-immune|p2a: Pelipper
|-supereffective|p2b: Archaludon|1
|-damage|p2b: Archaludon|20/100y
|-ability|p2b: Archaludon|Stamina|boost
|-boost|p2b: Archaludon|def|1
|move|p2b: Archaludon|Electro Shot|p1b: Excadrill|[from] lockedmove
|-immune|p1b: Excadrill
|
|-weather|RainDance|[upkeep]
|-heal|p2b: Archaludon|26/100|[from] item: Leftovers
|upkeep
|turn|3
|inactive|dericos has 30 seconds left.
|
|t:|1782288701
|switch|p1a: Tyranitar|Tyranitar, L50, M|100/100
|-weather|Sandstorm|[from] ability: Sand Stream|[of] p1a: Tyranitar
|move|p2b: Archaludon|Protect|p2b: Archaludon
|-singleturn|p2b: Archaludon|Protect
|move|p1b: Excadrill|Rock Slide|p2a: Pelipper|[spread] p2a
|-activate|p2b: Archaludon|move: Protect
|-supereffective|p2a: Pelipper|1
|-damage|p2a: Pelipper|52/100
|move|p2a: Pelipper|Tailwind|p2a: Pelipper
|-sidestart|p2: dericos|move: Tailwind
|
|-weather|Sandstorm|[upkeep]
|-damage|p2a: Pelipper|46/100|[from] Sandstorm
|-enditem|p2a: Pelipper|Sitrus Berry|[eat]
|-heal|p2a: Pelipper|70/100|[from] item: Sitrus Berry
|-heal|p2b: Archaludon|32/100|[from] item: Leftovers
|upkeep
|turn|4
|
|t:|1782288722
|move|p2a: Pelipper|Wide Guard|p2a: Pelipper
|-singleturn|p2a: Pelipper|Wide Guard
|move|p1b: Excadrill|Iron Head|p2a: Pelipper
|-resisted|p2a: Pelipper|1
|-damage|p2a: Pelipper|46/100
|move|p2b: Archaludon|Flash Cannon|p1a: Tyranitar
|-supereffective|p1a: Tyranitar|1
|-damage|p1a: Tyranitar|34/100
|move|p1a: Tyranitar|Knock Off|p2b: Archaludon
|-damage|p2b: Archaludon|13/100
|-ability|p2b: Archaludon|Stamina|boost
|-boost|p2b: Archaludon|def|1
|-enditem|p2b: Archaludon|Leftovers|[from] move: Knock Off|[of] p1a: Tyranitar
|
|-weather|Sandstorm|[upkeep]
|-damage|p2a: Pelipper|40/100|[from] Sandstorm
|upkeep
|turn|5
|inactive|dericos has 30 seconds left.
|
|t:|1782288747
|switch|p2a: Maushold|Maushold-Four, L50|37/100
|switch|p1a: Sinistcha|Sinistcha, L50|100/100
|move|p1b: Excadrill|Iron Head|p2b: Archaludon
|-resisted|p2b: Archaludon|1
|-damage|p2b: Archaludon|8/100
|-ability|p2b: Archaludon|Stamina|boost
|-boost|p2b: Archaludon|def|1
|move|p2b: Archaludon|Flash Cannon|p1a: Sinistcha
|-damage|p1a: Sinistcha|47/100
|
|-weather|Sandstorm|[upkeep]
|-damage|p2a: Maushold|30/100|[from] Sandstorm
|-damage|p1a: Sinistcha|41/100|[from] Sandstorm
|upkeep
|turn|6
|
|t:|1782288769
|move|p2a: Maushold|Protect|p2a: Maushold
|-singleturn|p2a: Maushold|Protect
|move|p1a: Sinistcha|Protect|p1a: Sinistcha
|-singleturn|p1a: Sinistcha|Protect
|move|p1b: Excadrill|Earthquake|p2b: Archaludon|[spread] p2b
|-activate|p1a: Sinistcha|move: Protect
|-activate|p2a: Maushold|move: Protect
|-supereffective|p2b: Archaludon|1
|-damage|p2b: Archaludon|0 fnt
|faint|p2b: Archaludon
|
|-weather|Sandstorm|[upkeep]
|-damage|p2a: Maushold|24/100|[from] Sandstorm
|-damage|p1a: Sinistcha|35/100|[from] Sandstorm
|-sideend|p2: dericos|move: Tailwind
|upkeep
|inactive|dericos has 30 seconds left.
|inactive|dericos has 20 seconds left.
|inactive|dericos has 15 seconds left.
|inactive|dericos has 10 seconds left.
|inactive|dericos has 5 seconds left.
|
|t:|1782288820
|switch|p2b: Swampert|Swampert, L50, M|100/100
|turn|7
|
|t:|1782288833
|switch|p2a: Pelipper|Pelipper, L50, F|40/100
|-weather|RainDance|[from] ability: Drizzle|[of] p2a: Pelipper
|switch|p1a: Staraptor|Staraptor, L50, F, shiny|93/100
|-ability|p1a: Staraptor|Intimidate|boost
|-unboost|p2a: Pelipper|atk|1
|-unboost|p2b: Swampert|atk|1
|detailschange|p2b: Swampert|Swampert-Mega, L50, M
|-mega|p2b: Swampert|Swampert|Swampertite
|move|p2b: Swampert|Wave Crash|p1a: Staraptor
|-damage|p1a: Staraptor|2/100
|-damage|p2b: Swampert|68/100|[from] Recoil
|move|p1b: Excadrill|Earthquake|p2a: Pelipper|[spread] p2b
|-immune|p1a: Staraptor
|-immune|p2a: Pelipper
|-damage|p2b: Swampert|27/100
|
|-weather|RainDance|[upkeep]
|upkeep
|turn|8
|inactive|a-fly03 has 30 seconds left.
|inactive|dericos has 30 seconds left.
|inactive|a-fly03 has 20 seconds left.
|
|t:|1782288869
|switch|p1a: Tyranitar|Tyranitar, L50, M|34/100
|-weather|Sandstorm|[from] ability: Sand Stream|[of] p1a: Tyranitar
|move|p2a: Pelipper|Wide Guard|p2a: Pelipper
|-singleturn|p2a: Pelipper|Wide Guard
|move|p1b: Excadrill|Iron Head|p2b: Swampert
|-resisted|p2b: Swampert|1
|-damage|p2b: Swampert|6/100
|cant|p2b: Swampert|flinch
|
|-weather|Sandstorm|[upkeep]
|-damage|p2a: Pelipper|34/100|[from] Sandstorm
|upkeep
|turn|9
|c|☆a-fly03|sorry
|inactive|a-fly03 has 30 seconds left.
|
|t:|1782288900
|switch|p1a: Staraptor|Staraptor, L50, F, shiny|2/100
|-ability|p1a: Staraptor|Intimidate|boost
|-unboost|p2a: Pelipper|atk|1
|-unboost|p2b: Swampert|atk|1
|move|p2b: Swampert|Protect|p2b: Swampert
|-singleturn|p2b: Swampert|Protect
|move|p1b: Excadrill|Iron Head|p2b: Swampert
|-activate|p2b: Swampert|move: Protect
|move|p2a: Pelipper|Tailwind|p2a: Pelipper
|-sidestart|p2: dericos|move: Tailwind
|
|-weather|Sandstorm|[upkeep]
|-damage|p2a: Pelipper|28/100|[from] Sandstorm
|-damage|p1a: Staraptor|0 fnt|[from] Sandstorm
|faint|p1a: Staraptor
|upkeep
|
|t:|1782288915
|switch|p1a: Sinistcha|Sinistcha, L50|35/100
|turn|10
|
|t:|1782288924
|switch|p2a: Maushold|Maushold-Four, L50|24/100
|move|p1b: Excadrill|Protect|p1b: Excadrill
|-singleturn|p1b: Excadrill|Protect
|move|p2b: Swampert|Ice Punch|p1a: Sinistcha
|-supereffective|p1a: Sinistcha|1
|-damage|p1a: Sinistcha|11/100
|move|p1a: Sinistcha|Matcha Gotcha|p2a: Maushold|[spread] p2a,p2b
|-supereffective|p2b: Swampert|2
|-damage|p2a: Maushold|0 fnt
|-heal|p1a: Sinistcha|24/100|[from] drain|[of] p2a: Maushold
|-damage|p2b: Swampert|0 fnt
|-heal|p1a: Sinistcha|28/100|[from] drain|[of] p2b: Swampert
|faint|p2a: Maushold
|faint|p2b: Swampert
|
|-weather|Sandstorm|[upkeep]
|-damage|p1a: Sinistcha|21/100|[from] Sandstorm
|upkeep
|
|t:|1782288936
|switch|p2b: Pelipper|Pelipper, L50, F|28/100
|-weather|RainDance|[from] ability: Drizzle|[of] p2b: Pelipper
|turn|11
|
|t:|1782288947
|switch|p1a: Tyranitar|Tyranitar, L50, M|34/100
|-weather|Sandstorm|[from] ability: Sand Stream|[of] p1a: Tyranitar
|move|p1b: Excadrill|Iron Head|p2b: Pelipper
|-resisted|p2b: Pelipper|1
|-damage|p2b: Pelipper|2/100
|move|p2b: Pelipper|Hurricane|p1a: Tyranitar|[miss]
|-miss|p2b: Pelipper|p1a: Tyranitar
|
|-weather|Sandstorm|[upkeep]
|-damage|p2b: Pelipper|0 fnt|[from] Sandstorm
|faint|p2b: Pelipper
|
|win|a-fly03
|raw|a-fly03's rating: 1224 → 1247(+23 for winning)
|raw|dericos's rating: 1194 → 1171(-23 for losing)
