|j|☆robinrambles
|j|☆Charizard0420
|html|robinramblesCharizard0420    
|uhtml|bestof|Game 1 of a best-of-3
|t:|1784172240
|gametype|doubles
|player|p1|robinrambles|dawn-gen4pt|1118
|player|p2|Charizard0420|pokemaniac|1179
|gen|9
|tier|[Gen 9 Champions] VGC 2026 Reg M-B (Bo3)
|rated|
|rule|Species Clause: Limit one of each Pokémon
|rule|Item Clause: Limit 1 of each item
|clearpoke
|poke|p1|Golurk, L50, shiny|
|poke|p1|Scrafty, L50, F|
|poke|p1|Farigiraf, L50, F|
|poke|p1|Mawile, L50, M|
|poke|p1|Tyranitar, L50, F|
|poke|p1|Sinistcha, L50|
|poke|p2|Charizard, L50, F|
|poke|p2|Garchomp, L50, M|
|poke|p2|Aegislash, L50, F|
|poke|p2|Aerodactyl, L50, F|
|poke|p2|Sylveon, L50, F|
|poke|p2|Farigiraf, L50, M|
|teampreview|4
|showteam|p1|Golurk||Golurkite|NoGuard|HeadlongRush,Poltergeist,RockSlide,Protect|Brave|||||50|]Scrafty||RoseliBerry|Intimidate|Coaching,FakeOut,DrainPunch,ThroatChop|Sassy||F|||50|]Farigiraf||SitrusBerry|ArmorTail|TrickRoom,Psychic,Thunderbolt,HelpingHand|Quiet||F|||50|]Mawile||Mawilite|Intimidate|IronHead,PlayRough,Protect,SuckerPunch|Adamant||M|||50|]Tyranitar||LifeOrb|SandStream|RockSlide,KnockOff,Protect,LowKick|Adamant||F|||50|]Sinistcha||ColburBerry|Hospitality|MatchaGotcha,TrickRoom,RagePowder,ShadowBall|Quiet|||||50|
|showteam|p2|Charizard||CharizarditeY|Blaze|Protect,HeatWave,WeatherBall,SolarBeam|Modest||F|||50|]Garchomp||LifeOrb|RoughSkin|Protect,Earthquake,RockSlide,DragonClaw|Jolly||M|||50|]Aegislash||Leftovers|StanceChange|KingsShield,ShadowSneak,SacredSword,SwordsDance|Adamant||F|||50|]Aerodactyl||Aerodactylite|Unnerve|WideGuard,Tailwind,DualWingbeat,RockSlide|Jolly||F|||50|]Sylveon||FairyFeather|Pixilate|Detect,HyperVoice,QuickAttack,HyperBeam|Modest||F|||50|]Farigiraf||SitrusBerry|ArmorTail|Protect,Thunderbolt,TwinBeam,TrickRoom|Bold||M|||50|
|inactive|Battle timer is ON: inactive players will automatically lose when time's up. (requested by robinrambles)
|
|t:|1784172283
|teamsize|p1|4
|teamsize|p2|4
|start
|switch|p1a: Farigiraf|Farigiraf, L50, F|100/100
|switch|p1b: Scrafty|Scrafty, L50, F|100/100
|switch|p2a: Charizard|Charizard, L50, F|100/100
|switch|p2b: Garchomp|Garchomp, L50, M|100/100
|-ability|p1b: Scrafty|Intimidate|boost
|-unboost|p2a: Charizard|atk|1
|-unboost|p2b: Garchomp|atk|1
|turn|1
|inactive|Charizard0420 has 30 seconds left.
|
|t:|1784172317
|detailschange|p2a: Charizard|Charizard-Mega-Y, L50, F
|-mega|p2a: Charizard|Charizard|Charizardite Y
|-weather|SunnyDay|[from] ability: Drought|[of] p2a: Charizard
|move|p1b: Scrafty|Fake Out|p2a: Charizard
|-damage|p2a: Charizard|90/100
|move|p2b: Garchomp|Earthquake|p1b: Scrafty|[spread] p1a,p1b
|-immune|p2a: Charizard
|-damage|p1a: Farigiraf|69/100
|-damage|p1b: Scrafty|74/100
|-damage|p2b: Garchomp|90/100|[from] item: Life Orb
|cant|p2a: Charizard|flinch
|move|p1a: Farigiraf|Trick Room|p1a: Farigiraf
|-fieldstart|move: Trick Room|[of] p1a: Farigiraf
|
|-weather|SunnyDay|[upkeep]
|upkeep
|turn|2
|
|t:|1784172341
|switch|p2b: Aegislash|Aegislash, L50, F|100/100
|move|p2a: Charizard|Protect|p2a: Charizard
|-singleturn|p2a: Charizard|Protect
|move|p1b: Scrafty|Drain Punch|p2b: Aegislash
|-immune|p2b: Aegislash
|move|p1a: Farigiraf|Thunderbolt|p2a: Charizard
|-activate|p2a: Charizard|move: Protect
|
|-weather|SunnyDay|[upkeep]
|upkeep
|turn|3
|
|t:|1784172360
|switch|p2a: Garchomp|Garchomp, L50, M|90/100
|move|p1a: Farigiraf|Helping Hand|p1b: Scrafty
|-singleturn|p1b: Scrafty|Helping Hand|[of] p1a: Farigiraf
|move|p1b: Scrafty|Throat Chop|p2b: Aegislash
|-supereffective|p2b: Aegislash|1
|-damage|p2b: Aegislash|34/100
|-start|p2b: Aegislash|Throat Chop|[silent]
|move|p2b: Aegislash|Swords Dance|p2b: Aegislash
|-boost|p2b: Aegislash|atk|2
|
|-weather|SunnyDay|[upkeep]
|-heal|p2b: Aegislash|40/100|[from] item: Leftovers
|upkeep
|turn|4
|inactive|robinrambles has 30 seconds left.
|inactive|robinrambles has 20 seconds left.
|
|t:|1784172397
|move|p2b: Aegislash|King's Shield|p2b: Aegislash
|-singleturn|p2b: Aegislash|Protect
|move|p1b: Scrafty|Drain Punch|p2a: Garchomp
|-damage|p2a: Garchomp|62/100
|-heal|p1b: Scrafty|91/100|[from] drain|[of] p2a: Garchomp
|-damage|p1b: Scrafty|79/100|[from] ability: Rough Skin|[of] p2a: Garchomp
|move|p1a: Farigiraf|Thunderbolt|p2b: Aegislash
|-activate|p2b: Aegislash|move: Protect
|move|p2a: Garchomp|Earthquake|p1b: Scrafty|[spread] p1a,p1b
|-activate|p2b: Aegislash|move: Protect
|-crit|p1a: Farigiraf
|-damage|p1a: Farigiraf|3/100
|-damage|p1b: Scrafty|33/100
|-enditem|p1a: Farigiraf|Sitrus Berry|[eat]
|-heal|p1a: Farigiraf|28/100|[from] item: Sitrus Berry
|-damage|p2a: Garchomp|52/100|[from] item: Life Orb
|
|-weather|SunnyDay|[upkeep]
|-heal|p2b: Aegislash|46/100|[from] item: Leftovers
|-end|p2b: Aegislash|Throat Chop|[silent]
|upkeep
|turn|5
|inactive|robinrambles has 30 seconds left.
|inactive|Charizard0420 has 30 seconds left.
|inactive|Charizard0420 has 20 seconds left.
|inactive|Charizard0420 has 15 seconds left.
|inactive|Charizard0420 has 10 seconds left.
|
|t:|1784172445
|switch|p2b: Charizard|Charizard-Mega-Y, L50, F|90/100
|move|p1b: Scrafty|Throat Chop|p2b: Charizard
|-damage|p2b: Charizard|61/100
|-start|p2b: Charizard|Throat Chop|[silent]
|move|p1a: Farigiraf|Psychic|p2a: Garchomp
|-damage|p2a: Garchomp|10/100
|move|p2a: Garchomp|Earthquake|p1a: Farigiraf|[spread] p1a,p1b
|-immune|p2b: Charizard
|-damage|p1a: Farigiraf|0 fnt
|-damage|p1b: Scrafty|0 fnt
|faint|p1a: Farigiraf
|faint|p1b: Scrafty
|-damage|p2a: Garchomp|1/100|[from] item: Life Orb
|
|-weather|none
|-fieldend|move: Trick Room
|upkeep
|
|t:|1784172460
|switch|p1a: Tyranitar|Tyranitar, L50, F|100/100
|switch|p1b: Golurk|Golurk, L50, shiny|100/100
|-weather|Sandstorm|[from] ability: Sand Stream|[of] p1a: Tyranitar
|turn|6
|inactive|Charizard0420 has 30 seconds left.
|
|t:|1784172486
|detailschange|p1b: Golurk|Golurk-Mega, L50, shiny
|-mega|p1b: Golurk|Golurk|Golurkite
|move|p2b: Charizard|Protect|p2b: Charizard
|-singleturn|p2b: Charizard|Protect
|move|p1a: Tyranitar|Protect|p1a: Tyranitar
|-singleturn|p1a: Tyranitar|Protect
|move|p2a: Garchomp|Earthquake|p1a: Tyranitar|[spread] p1b
|-activate|p2b: Charizard|move: Protect
|-activate|p1a: Tyranitar|move: Protect
|-damage|p1b: Golurk|62/100
|-damage|p2a: Garchomp|0 fnt|[from] item: Life Orb
|faint|p2a: Garchomp
|move|p1b: Golurk|Rock Slide|p2b: Charizard
|-activate|p2b: Charizard|move: Protect
|
|-weather|Sandstorm|[upkeep]
|-damage|p2b: Charizard|56/100|[from] Sandstorm
|-end|p2b: Charizard|Throat Chop|[silent]
|upkeep
|
|t:|1784172503
|switch|p2a: Aegislash|Aegislash, L50, F|46/100
|turn|7
|
|t:|1784172517
|switch|p2b: Sylveon|Sylveon, L50, F|100/100
|move|p2a: Aegislash|King's Shield|p2a: Aegislash
|-singleturn|p2a: Aegislash|Protect
|move|p1b: Golurk|Protect|p1b: Golurk
|-singleturn|p1b: Golurk|Protect
|move|p1a: Tyranitar|Rock Slide|p2b: Sylveon|[spread] p2b
|-activate|p2a: Aegislash|move: Protect
|-damage|p2b: Sylveon|61/100
|-damage|p1a: Tyranitar|90/100|[from] item: Life Orb
|
|-weather|Sandstorm|[upkeep]
|-damage|p2b: Sylveon|55/100|[from] Sandstorm
|-heal|p2a: Aegislash|52/100|[from] item: Leftovers
|upkeep
|turn|8
|inactive|Charizard0420 has 30 seconds left.
|inactive|Charizard0420 has 20 seconds left.
|inactive|Charizard0420 has 15 seconds left.
|
|t:|1784172559
|move|p1a: Tyranitar|Protect|p1a: Tyranitar
|-singleturn|p1a: Tyranitar|Protect
|move|p2b: Sylveon|Hyper Voice|p1b: Golurk|[spread] p1b
|-activate|p1a: Tyranitar|move: Protect
|-damage|p1b: Golurk|25/100
|-formechange|p2a: Aegislash|Aegislash-Blade|
|move|p2a: Aegislash|Sacred Sword|p1a: Tyranitar
|-activate|p1a: Tyranitar|move: Protect
|move|p1b: Golurk|Poltergeist|p2b: Sylveon
|-activate|p2b: Sylveon|move: Poltergeist|Fairy Feather
|-damage|p2b: Sylveon|0 fnt
|faint|p2b: Sylveon
|
|-weather|Sandstorm|[upkeep]
|-heal|p2a: Aegislash|58/100|[from] item: Leftovers
|upkeep
|
|t:|1784172573
|switch|p2b: Charizard|Charizard-Mega-Y, L50, F|56/100
|-weather|SunnyDay|[from] ability: Drought|[of] p2b: Charizard
|turn|9
|
|t:|1784172585
|move|p1b: Golurk|Protect|p1b: Golurk
|-singleturn|p1b: Golurk|Protect
|move|p2a: Aegislash|Shadow Sneak|p1b: Golurk
|-activate|p1b: Golurk|move: Protect
|move|p2b: Charizard|Solar Beam||[still]
|-prepare|p2b: Charizard|Solar Beam
|-anim|p2b: Charizard|Solar Beam|p1a: Tyranitar
|-supereffective|p1a: Tyranitar|1
|-damage|p1a: Tyranitar|17/100
|move|p1a: Tyranitar|Rock Slide|p2a: Aegislash|[spread] p2a,p2b
|-resisted|p2a: Aegislash|1
|-supereffective|p2b: Charizard|2
|-damage|p2a: Aegislash|16/100
|-damage|p2b: Charizard|0 fnt
|faint|p2b: Charizard
|-damage|p1a: Tyranitar|8/100|[from] item: Life Orb
|
|-weather|SunnyDay|[upkeep]
|-heal|p2a: Aegislash|22/100|[from] item: Leftovers
|upkeep
|turn|10
|inactive|robinrambles has 30 seconds left.
|
|t:|1784172612
|-formechange|p2a: Aegislash|Aegislash|
|move|p2a: Aegislash|King's Shield|p2a: Aegislash
|-singleturn|p2a: Aegislash|Protect
|move|p1a: Tyranitar|Knock Off|p2a: Aegislash
|-activate|p2a: Aegislash|move: Protect
|-unboost|p1a: Tyranitar|atk|1
|move|p1b: Golurk|Headlong Rush|p2a: Aegislash
|-supereffective|p2a: Aegislash|1
|-ability|p1b: Golurk|Unseen Fist
|-zbroken|p2a: Aegislash
|-damage|p2a: Aegislash|0 fnt
|-unboost|p1b: Golurk|def|1
|-unboost|p1b: Golurk|spd|1
|faint|p2a: Aegislash
|
|win|robinrambles
|inactive|robinrambles has 30 seconds to confirm battle start!
|inactive|Charizard0420 has 30 seconds to confirm battle start!
||robinrambles is ready for game 2.
||Charizard0420 is ready for game 2.
|uhtml|next|Next: Game 2 of 3
|l|☆Charizard0420
|player|p2|
