|j|☆bogging
|j|☆ILoveMIR
|html|boggingILoveMIR    
|uhtml|bestof|Game 1 of a best-of-3
|t:|1783712485
|gametype|doubles
|player|p1|bogging|bugcatcher-gen4dp|1497
|player|p2|ILoveMIR|shauntal|1438
|gen|9
|tier|[Gen 9 Champions] VGC 2026 Reg M-B (Bo3)
|rated|
|rule|Species Clause: Limit one of each Pokémon
|rule|Item Clause: Limit 1 of each item
|clearpoke
|poke|p1|Staraptor, L50, F|
|poke|p1|Incineroar, L50, M|
|poke|p1|Whimsicott, L50, F|
|poke|p1|Ceruledge, L50, M|
|poke|p1|Mawile, L50, M|
|poke|p1|Hydreigon, L50, F|
|poke|p2|Blaziken, L50, F|
|poke|p2|Tsareena, L50, F|
|poke|p2|Talonflame, L50, M|
|poke|p2|Ninetales-Alola, L50, M|
|poke|p2|Basculegion, L50, M|
|poke|p2|Gholdengo, L50|
|teampreview|4
|showteam|p1|Staraptor||Staraptite|Intimidate|CloseCombat,BraveBird,Roost,Protect|Jolly||F|||50|]Incineroar||SitrusBerry|Intimidate|DarkestLariat,PartingShot,FakeOut,FlareBlitz|Impish||M|||50|]Whimsicott||FocusSash|Prankster|Moonblast,Protect,Charm,Tailwind|Timid||F|||50|]Ceruledge||ColburBerry|FlashFire|BitterBlade,Protect,BulkUp,ShadowSneak|Adamant||M|||50|]Mawile||Mawilite|HyperCutter|PlayRough,IronHead,SuckerPunch,Protect|Adamant||M|||50|]Hydreigon||ChoiceScarf|Levitate|DarkPulse,DracoMeteor,Snarl,EarthPower|Modest||F|||50|
|showteam|p2|Blaziken||Blazikenite|SpeedBoost|FlareBlitz,CloseCombat,RockSlide,Detect|Adamant||F|||50|]Tsareena||WideLens|QueenlyMajesty|PowerWhip,TripleAxel,LowKick,Taunt|Adamant||F|||50|]Talonflame|||GaleWings|Acrobatics,WillOWisp,Tailwind,Protect|Jolly||M|||50|]Ninetales-Alola||FocusSash|SnowWarning|Blizzard,FreezeDry,Encore,Protect|Timid||M|||50|]Basculegion||ChoiceScarf|Adaptability|WaveCrash,LastRespects,AquaJet,FlipTurn|Jolly||M|||50|]Gholdengo||LifeOrb|GoodasGold|ShadowBall,MakeItRain,PowerGem,Protect|Modest|||||50|
|inactive|Battle timer is ON: inactive players will automatically lose when time's up. (requested by ILoveMIR)
|inactive|ILoveMIR has 60 seconds left.
|inactive|ILoveMIR has 30 seconds left.
|inactive|ILoveMIR has 20 seconds left.
|inactive|ILoveMIR has 15 seconds left.
|inactive|ILoveMIR has 10 seconds left.
|inactive|ILoveMIR has 5 seconds left.
|
|t:|1783712575
|teamsize|p1|4
|teamsize|p2|4
|start
|switch|p1a: Incineroar|Incineroar, L50, M|100/100
|switch|p1b: Staraptor|Staraptor, L50, F|100/100
|switch|p2a: Blaziken|Blaziken, L50, F|100/100
|switch|p2b: Talonflame|Talonflame, L50, M|100/100
|-ability|p1b: Staraptor|Intimidate|boost
|-unboost|p2a: Blaziken|atk|1
|-unboost|p2b: Talonflame|atk|1
|-ability|p1a: Incineroar|Intimidate|boost
|-unboost|p2a: Blaziken|atk|1
|-unboost|p2b: Talonflame|atk|1
|turn|1
|
|t:|1783712586
|switch|p1b: Ceruledge|Ceruledge, L50, M|100/100
|switch|p2a: Tsareena|Tsareena, L50, F|100/100
|move|p1a: Incineroar|Fake Out||[still]
|cant|p2a: Tsareena|ability: Queenly Majesty|Fake Out|[of] p1a: Incineroar
|move|p2b: Talonflame|Will-O-Wisp|p1b: Ceruledge
|-start|p1b: Ceruledge|ability: Flash Fire
|
|upkeep
|turn|2
|
|t:|1783712610
|move|p2b: Talonflame|Acrobatics|p1b: Ceruledge
|-damage|p1b: Ceruledge|78/100
|move|p2a: Tsareena|Power Whip|p1b: Ceruledge
|-resisted|p1b: Ceruledge|1
|-damage|p1b: Ceruledge|51/100
|move|p1b: Ceruledge|Bitter Blade|p2a: Tsareena
|-supereffective|p2a: Tsareena|1
|-damage|p2a: Tsareena|0 fnt
|-heal|p1b: Ceruledge|100/100|[from] drain|[of] p2a: Tsareena
|faint|p2a: Tsareena
|move|p1a: Incineroar|Parting Shot|p2b: Talonflame
|-unboost|p2b: Talonflame|atk|1
|-unboost|p2b: Talonflame|spa|1
|
|t:|1783712616
|switch|p1a: Whimsicott|Whimsicott, L50, F|100/100|[from] Parting Shot
|
|upkeep
|
|t:|1783712622
|switch|p2a: Gholdengo|Gholdengo, L50|100/100
|turn|3
|
|t:|1783712646
|-end|p1b: Ceruledge|ability: Flash Fire|[silent]
|switch|p1b: Incineroar|Incineroar, L50, M|100/100
|-ability|p1b: Incineroar|Intimidate|boost
|-unboost|p2a: Gholdengo|atk|1
|-unboost|p2b: Talonflame|atk|1
|move|p2b: Talonflame|Tailwind|p2b: Talonflame
|-sidestart|p2: ILoveMIR|move: Tailwind
|move|p2a: Gholdengo|Shadow Ball|p1b: Incineroar
|-resisted|p1b: Incineroar|1
|-damage|p1b: Incineroar|73/100
|-unboost|p1b: Incineroar|spd|1
|-damage|p2a: Gholdengo|90/100|[from] item: Life Orb
|move|p1a: Whimsicott|Moonblast|p2b: Talonflame
|-resisted|p2b: Talonflame|1
|-damage|p2b: Talonflame|74/100
|
|upkeep
|turn|4
|
|t:|1783712668
|move|p1a: Whimsicott|Tailwind|p1a: Whimsicott
|-sidestart|p1: bogging|move: Tailwind
|move|p2b: Talonflame|Acrobatics|p1a: Whimsicott
|-supereffective|p1a: Whimsicott|1
|-damage|p1a: Whimsicott|60/100
|move|p2a: Gholdengo|Power Gem|p1b: Incineroar
|-supereffective|p1b: Incineroar|1
|-damage|p1b: Incineroar|0 fnt
|faint|p1b: Incineroar
|-damage|p2a: Gholdengo|81/100|[from] item: Life Orb
|
|upkeep
|
|t:|1783712676
|switch|p1b: Staraptor|Staraptor, L50, F|100/100
|-ability|p1b: Staraptor|Intimidate|boost
|-unboost|p2a: Gholdengo|atk|1
|-unboost|p2b: Talonflame|atk|1
|turn|5
|inactive|bogging has 30 seconds left.
|
|t:|1783712706
|move|p1a: Whimsicott|Protect|p1a: Whimsicott
|-singleturn|p1a: Whimsicott|Protect
|move|p1b: Staraptor|Protect|p1b: Staraptor
|-singleturn|p1b: Staraptor|Protect
|move|p2b: Talonflame|Will-O-Wisp|p1b: Staraptor
|-activate|p1b: Staraptor|move: Protect
|move|p2a: Gholdengo|Shadow Ball|p1b: Staraptor
|-activate|p1b: Staraptor|move: Protect
|
|upkeep
|turn|6
|
|t:|1783712721
|detailschange|p1b: Staraptor|Staraptor-Mega, L50, F
|-mega|p1b: Staraptor|Staraptor|Staraptite
|move|p1a: Whimsicott|Charm|p1b: Staraptor
|-boost|p1b: Staraptor|atk|2
|move|p2b: Talonflame|Will-O-Wisp|p1b: Staraptor
|-status|p1b: Staraptor|brn
|move|p1b: Staraptor|Close Combat|p2b: Talonflame
|-resisted|p2b: Talonflame|1
|-damage|p2b: Talonflame|30/100
|-boost|p1b: Staraptor|def|1
|-boost|p1b: Staraptor|spd|1
|move|p2a: Gholdengo|Shadow Ball|p1b: Staraptor
|-damage|p1b: Staraptor|56/100 brn
|-damage|p2a: Gholdengo|71/100|[from] item: Life Orb
|
|-damage|p1b: Staraptor|50/100g brn|[from] brn
|-sideend|p2: ILoveMIR|move: Tailwind
|upkeep
|turn|7
|inactive|bogging has 30 seconds left.
|inactive|ILoveMIR has 30 seconds left.
|inactive|ILoveMIR has 20 seconds left.
|inactive|ILoveMIR has 15 seconds left.
|
|t:|1783712762
|move|p1a: Whimsicott|Protect|p1a: Whimsicott
|-singleturn|p1a: Whimsicott|Protect
|move|p1b: Staraptor|Close Combat|p2b: Talonflame
|-resisted|p2b: Talonflame|1
|-damage|p2b: Talonflame|0 fnt
|-boost|p1b: Staraptor|def|1
|-boost|p1b: Staraptor|spd|1
|faint|p2b: Talonflame
|move|p2a: Gholdengo|Shadow Ball|p1a: Whimsicott
|-activate|p1a: Whimsicott|move: Protect
|
|-damage|p1b: Staraptor|44/100 brn|[from] brn
|-sideend|p1: bogging|move: Tailwind
|upkeep
|
|t:|1783712766
|switch|p2b: Blaziken|Blaziken, L50, F|100/100
|turn|8
|
|t:|1783712787
|detailschange|p2b: Blaziken|Blaziken-Mega, L50, F
|-mega|p2b: Blaziken|Blaziken|Blazikenite
|move|p2b: Blaziken|Detect|p2b: Blaziken
|-singleturn|p2b: Blaziken|Protect
|move|p1a: Whimsicott|Tailwind|p1a: Whimsicott
|-sidestart|p1: bogging|move: Tailwind
|move|p1b: Staraptor|Brave Bird|p2b: Blaziken
|-activate|p2b: Blaziken|move: Protect
|move|p2a: Gholdengo|Make It Rain|p1b: Staraptor|[spread] p1a,p1b
|-supereffective|p1a: Whimsicott|1
|-damage|p1a: Whimsicott|0 fnt
|-damage|p1b: Staraptor|5/100 brn
|-unboost|p2a: Gholdengo|spa|2
|faint|p1a: Whimsicott
|-damage|p2a: Gholdengo|62/100|[from] item: Life Orb
|
|-damage|p1b: Staraptor|0 fnt|[from] brn
|faint|p1b: Staraptor
|-ability|p2b: Blaziken|Speed Boost|boost
|-boost|p2b: Blaziken|spe|1
|upkeep
|
|t:|1783712799
|switch|p1b: Ceruledge|Ceruledge, L50, M|100/100
|turn|9
|-message|bogging forfeited.
|
|win|ILoveMIR
