|j|☆Sylviana GL
|j|☆hi riley who are u
|html|Sylviana GLhi riley who are u    
|uhtml|bestof|Game 1 of a best-of-3
|t:|1783730660
|gametype|doubles
|player|p1|Sylviana GL|caitlin|1055
|player|p2|hi riley who are u|170|1118
|gen|9
|tier|[Gen 9 Champions] VGC 2026 Reg M-B (Bo3)
|rated|
|rule|Species Clause: Limit one of each Pokémon
|rule|Item Clause: Limit 1 of each item
|clearpoke
|poke|p1|Aerodactyl, L50, F, shiny|
|poke|p1|Charizard, L50, M|
|poke|p1|Sylveon, L50, M|
|poke|p1|Garchomp, L50, F|
|poke|p1|Kingambit, L50, F|
|poke|p1|Incineroar, L50, F|
|poke|p2|Absol, L50, F, shiny|
|poke|p2|Gengar, L50, M, shiny|
|poke|p2|Rotom-Wash, L50|
|poke|p2|Garchomp, L50, M|
|poke|p2|Sneasler, L50, F|
|poke|p2|Milotic, L50, M, shiny|
|teampreview|4
|showteam|p1|Aerodactyl||Aerodactylite|Unnerve|RockSlide,IceFang,Tailwind,WideGuard|Jolly||F|||50|]Charizard||CharizarditeY|Blaze|HeatWave,WeatherBall,SolarBeam,Protect|Modest||M|||50|]Sylveon||FairyFeather|Pixilate|HyperVoice,HyperBeam,QuickAttack,Detect|Modest||M|||50|]Garchomp||LifeOrb|RoughSkin|DragonClaw,Earthquake,StompingTantrum,Protect|Jolly||F|||50|]Kingambit||FocusSash|Defiant|SuckerPunch,KowtowCleave,IronHead,Protect|Adamant||F|||50|]Incineroar||SitrusBerry|Intimidate|FlareBlitz,ThroatChop,FakeOut,PartingShot|Impish||F|||50|
|showteam|p2|Absol||Absolite|Justified|KnockOff,Protect,PerishSong,SuckerPunch|Jolly||F|||50|]Gengar||Gengarite|CursedBody|DazzlingGleam,PerishSong,SludgeWave,Protect|Calm||M|||50|]Rotom-Wash||Leftovers|Levitate|Discharge,VoltSwitch,WillOWisp,RainDance|Timid|||||50|]Garchomp||LifeOrb|RoughSkin|DragonClaw,Earthquake,IronHead,RockSlide|Adamant||M|||50|]Sneasler||WhiteHerb|PoisonTouch|Acrobatics,CloseCombat,DireClaw,FakeOut|Adamant||F|||50|]Milotic||MentalHerb|Competitive|Haze,DragonPulse,IceBeam,DrainingKiss|Jolly||M|||50|
|
|t:|1783730741
|teamsize|p1|4
|teamsize|p2|4
|start
|switch|p1a: Aerodactyl|Aerodactyl, L50, F, shiny|100/100
|switch|p1b: Garchomp|Garchomp, L50, F|100/100
|switch|p2a: Sneasler|Sneasler, L50, F|100/100
|switch|p2b: Milotic|Milotic, L50, M, shiny|100/100
|-ability|p1a: Aerodactyl|Unnerve
|turn|1
|
|t:|1783730765
|detailschange|p1a: Aerodactyl|Aerodactyl-Mega, L50, F, shiny
|-mega|p1a: Aerodactyl|Aerodactyl|Aerodactylite
|move|p2a: Sneasler|Fake Out|p1a: Aerodactyl
|-resisted|p1a: Aerodactyl|1
|-damage|p1a: Aerodactyl|92/100
|cant|p1a: Aerodactyl|flinch
|move|p1b: Garchomp|Earthquake|p2a: Sneasler|[spread] p2a,p2b
|-immune|p1a: Aerodactyl
|-supereffective|p2a: Sneasler|1
|-damage|p2a: Sneasler|0 fnt
|-damage|p2b: Milotic|51/100
|faint|p2a: Sneasler
|-damage|p1b: Garchomp|90/100|[from] item: Life Orb
|move|p2b: Milotic|Ice Beam|p1b: Garchomp
|-supereffective|p1b: Garchomp|2
|-damage|p1b: Garchomp|4/100
|-status|p1b: Garchomp|frz
|
|upkeep
|
|t:|1783730782
|switch|p2a: Garchomp|Garchomp, L50, M|100/100
|turn|2
|
|t:|1783730794
|move|p1a: Aerodactyl|Ice Fang|p2a: Garchomp
|-supereffective|p2a: Garchomp|2
|-damage|p2a: Garchomp|0 fnt
|-damage|p1a: Aerodactyl|80/100|[from] ability: Rough Skin|[of] p2a: Garchomp
|faint|p2a: Garchomp
|cant|p1b: Garchomp|frz
|move|p2b: Milotic|Ice Beam|p1a: Aerodactyl
|-supereffective|p1a: Aerodactyl|1
|-damage|p1a: Aerodactyl|42/100
|
|upkeep
|
|t:|1783730803
|switch|p2a: Gengar|Gengar, L50, M, shiny|100/100
|turn|3
|
|t:|1783730816
|detailschange|p2a: Gengar|Gengar-Mega, L50, M, shiny
|-mega|p2a: Gengar|Gengar|Gengarite
|move|p1a: Aerodactyl|Tailwind|p1a: Aerodactyl
|-sidestart|p1: Sylviana GL|move: Tailwind
|cant|p1b: Garchomp|frz
|move|p2a: Gengar|Dazzling Gleam|p1b: Garchomp|[spread] p1a,p1b
|-supereffective|p1b: Garchomp|1
|-damage|p1a: Aerodactyl|20/100y
|-damage|p1b: Garchomp|0 fnt
|faint|p1b: Garchomp
|move|p2b: Milotic|Ice Beam|p1a: Aerodactyl
|-supereffective|p1a: Aerodactyl|1
|-damage|p1a: Aerodactyl|0 fnt
|faint|p1a: Aerodactyl
|
|upkeep
|
|t:|1783730825
|switch|p1a: Charizard|Charizard, L50, M|100/100
|switch|p1b: Kingambit|Kingambit, L50, F|100/100
|turn|4
|
|t:|1783730841
|move|p1b: Kingambit|Sucker Punch||[still]
|-fail|p1b: Kingambit
|move|p1a: Charizard|Heat Wave|p2a: Gengar|[spread] p2a,p2b
|-resisted|p2b: Milotic|1
|-damage|p2a: Gengar|65/100
|-damage|p2b: Milotic|37/100
|move|p2a: Gengar|Perish Song|p2a: Gengar
|-start|p1a: Charizard|perish3|[silent]
|-start|p1b: Kingambit|perish3|[silent]
|-start|p2a: Gengar|perish3|[silent]
|-start|p2b: Milotic|perish3|[silent]
|-fieldactivate|move: Perish Song
|move|p2b: Milotic|Draining Kiss|p1b: Kingambit
|-damage|p1b: Kingambit|87/100
|-heal|p2b: Milotic|47/100|[from] drain|[of] p1b: Kingambit
|
|-start|p1a: Charizard|perish3
|-start|p1b: Kingambit|perish3
|-start|p2a: Gengar|perish3
|-start|p2b: Milotic|perish3
|upkeep
|turn|5
|
|t:|1783730863
|move|p1a: Charizard|Heat Wave|p2a: Gengar|[spread] p2a,p2b
|-resisted|p2b: Milotic|1
|-damage|p2a: Gengar|29/100
|-damage|p2b: Milotic|34/100
|move|p1b: Kingambit|Kowtow Cleave|p2b: Milotic
|-damage|p2b: Milotic|0 fnt
|faint|p2b: Milotic
|move|p2a: Gengar|Dazzling Gleam|p1b: Kingambit|[spread] p1a,p1b
|-resisted|p1a: Charizard|1
|-damage|p1a: Charizard|86/100
|-damage|p1b: Kingambit|62/100
|
|-start|p1a: Charizard|perish2
|-start|p1b: Kingambit|perish2
|-start|p2a: Gengar|perish2
|upkeep
|turn|6
|
|t:|1783730877
|move|p2a: Gengar|Protect|p2a: Gengar
|-singleturn|p2a: Gengar|Protect
|move|p1a: Charizard|Heat Wave|p2a: Gengar
|-activate|p2a: Gengar|move: Protect
|move|p1b: Kingambit|Kowtow Cleave|p2a: Gengar
|-activate|p2a: Gengar|move: Protect
|
|-start|p1a: Charizard|perish1
|-start|p1b: Kingambit|perish1
|-start|p2a: Gengar|perish1
|-sideend|p1: Sylviana GL|move: Tailwind
|upkeep
|turn|7
|c|☆Sylviana GL|i win
|
|t:|1783730892
|move|p1a: Charizard|Protect|p1a: Charizard
|-singleturn|p1a: Charizard|Protect
|move|p1b: Kingambit|Protect|p1b: Kingambit
|-singleturn|p1b: Kingambit|Protect
|move|p2a: Gengar|Dazzling Gleam|p1b: Kingambit|[spread] 
|-activate|p1a: Charizard|move: Protect
|-activate|p1b: Kingambit|move: Protect
|
|-start|p2a: Gengar|perish0
|-start|p1a: Charizard|perish0
|-start|p1b: Kingambit|perish0
|faint|p2a: Gengar
|faint|p1a: Charizard
|faint|p1b: Kingambit
|
|win|Sylviana GL
|c|☆Sylviana GL|muahahahahahaha
|inactive|Sylviana GL has 30 seconds to confirm battle start!
|inactive|hi riley who are u has 30 seconds to confirm battle start!
