|j|☆is_katabo
|j|☆mbrown14
|html|is_katabombrown14    
|uhtml|bestof|Game 1 of a best-of-3
|t:|1757671846
|gametype|doubles
|player|p1|is_katabo|169|1154
|player|p2|mbrown14|102|1044
|gen|9
|tier|[Gen 9] VGC 2025 Reg H (Bo3)
|rated|
|rule|Species Clause: Limit one of each Pokémon
|rule|Item Clause: Limit 1 of each item
|clearpoke
|poke|p1|Incineroar, L50, F|
|poke|p1|Sneasler, L50, F|
|poke|p1|Amoonguss, L50, M|
|poke|p1|Pelipper, L50, M|
|poke|p1|Archaludon, L50, M|
|poke|p1|Dragonite, L50, F|
|poke|p2|Torkoal, L50, F|
|poke|p2|Arcanine-Hisui, L50, F|
|poke|p2|Venusaur, L50, M|
|poke|p2|Whimsicott, L50, F|
|poke|p2|Incineroar, L50, M|
|poke|p2|Sneasler, L50, F|
|teampreview|4
|showteam|p1|Incineroar||SafetyGoggles|Intimidate|FakeOut,KnockOff,FlareBlitz,PartingShot|||F|||50|,,,,,Ghost]Sneasler||WhiteHerb|Unburden|DireClaw,CloseCombat,ThroatChop,Protect|||F|||50|,,,,,Stellar]Amoonguss||SitrusBerry|Regenerator|PollenPuff,RagePowder,Spore,Protect|||M|||50|,,,,,Psychic]Pelipper||FocusSash|Drizzle|WeatherBall,Hurricane,Tailwind,Protect|||M|||50|,,,,,Ghost]Archaludon||AssaultVest|Stamina|ElectroShot,FlashCannon,DracoMeteor,BodyPress|||M|||50|,,,,,Bug]Dragonite||LoadedDice|Multiscale|ScaleShot,Tailwind,Haze,Protect|||F|||50|,,,,,Steel
|showteam|p2|Torkoal||Charcoal|Drought|Eruption,Protect,HeatWave,BodyPress|||F|||50|,,,,,Grass]Arcanine-Hisui||LifeOrb|RockHead|HeadSmash,Protect,ExtremeSpeed,FlareBlitz|||F|||50|,,,,,Water]Venusaur||AssaultVest|Chlorophyll|SolarBeam,SludgeBomb,EarthPower,WeatherBall|||M|||50|,,,,,Dragon]Whimsicott||FocusSash|Prankster|Moonblast,Taunt,Endeavor,Tailwind|||F|||50|,,,,,Dark]Incineroar||CovertCloak|Intimidate|FakeOut,KnockOff,PartingShot,LowKick|||M|||50|,,,,,Ghost]Sneasler||SitrusBerry|Unburden|DireClaw,CloseCombat,FakeOut,Uturn|||F|||50|,,,,,Dark
|l|☆mbrown14
|player|p2|
|j|☆mbrown14
|player|p2|mbrown14|102|
|inactive|Battle timer is ON: inactive players will automatically lose when time's up. (requested by mbrown14)
|
|t:|1757671900
|teamsize|p1|4
|teamsize|p2|4
|start
|switch|p1a: moneymachine|Incineroar, L50, F, shiny|100/100
|switch|p1b: BRAT|Sneasler, L50, F|100/100
|switch|p2a: Sneasler|Sneasler, L50, F, shiny|100/100
|switch|p2b: Venusaur|Venusaur, L50, M|100/100
|-ability|p1a: moneymachine|Intimidate|boost
|-unboost|p2a: Sneasler|atk|1
|-unboost|p2b: Venusaur|atk|1
|turn|1
|inactive|is_katabo has 30 seconds left.
|inactive|mbrown14 has 30 seconds left.
|inactive|is_katabo has 20 seconds left.
|inactive|mbrown14 has 20 seconds left.
|inactive|is_katabo has 15 seconds left.
|
|t:|1757671941
|move|p2a: Sneasler|Fake Out|p1b: BRAT
|-damage|p1b: BRAT|85/100
|move|p1a: moneymachine|Fake Out|p2b: Venusaur
|-crit|p2b: Venusaur
|-damage|p2b: Venusaur|82/100
|cant|p1b: BRAT|flinch
|cant|p2b: Venusaur|flinch
|
|upkeep
|turn|2
|
|t:|1757671961
|switch|p2a: Torkoal|Torkoal, L50, F, shiny|100/100
|-weather|SunnyDay|[from] ability: Drought|[of] p2a: Torkoal
|move|p2b: Venusaur|Earth Power|p1b: BRAT
|-supereffective|p1b: BRAT
|-damage|p1b: BRAT|13/100
|move|p1b: BRAT|Close Combat|p2a: Torkoal
|-damage|p2a: Torkoal|44/100
|-unboost|p1b: BRAT|def|1
|-unboost|p1b: BRAT|spd|1
|-enditem|p1b: BRAT|White Herb
|-clearnegativeboost|p1b: BRAT|[silent]
|move|p1a: moneymachine|Flare Blitz|p2a: Torkoal
|-resisted|p2a: Torkoal
|-crit|p2a: Torkoal
|-damage|p2a: Torkoal|0 fnt
|faint|p2a: Torkoal
|-damage|p1a: moneymachine|90/100|[from] Recoil
|
|-weather|SunnyDay|[upkeep]
|upkeep
|
|t:|1757671982
|switch|p2a: Arcanine|Arcanine-Hisui, L50, F, shiny|100/100
|turn|3
|
|t:|1757672002
|switch|p1b: Wallsocket|Archaludon, L50, M, shiny|100/100
|-terastallize|p2a: Arcanine|Water
|move|p2b: Venusaur|Weather Ball|p1b: Wallsocket
|-damage|p1b: Wallsocket|69/100
|-ability|p1b: Wallsocket|Stamina|boost
|-boost|p1b: Wallsocket|def|1
|move|p2a: Arcanine|Head Smash|p1a: moneymachine
|-supereffective|p1a: moneymachine
|-damage|p1a: moneymachine|0 fnt
|faint|p1a: moneymachine
|-damage|p2a: Arcanine|90/100|[from] item: Life Orb
|
|-weather|SunnyDay|[upkeep]
|upkeep
|
|t:|1757672019
|switch|p1a: Fishmonger|Pelipper, L50, M, shiny|100/100
|-weather|RainDance|[from] ability: Drizzle|[of] p1a: Fishmonger
|turn|4
|
|t:|1757672032
|-terastallize|p1b: Wallsocket|Bug
|move|p2a: Arcanine|Protect|p2a: Arcanine
|-singleturn|p2a: Arcanine|Protect
|move|p1a: Fishmonger|Hurricane|p2b: Venusaur
|-supereffective|p2b: Venusaur
|-damage|p2b: Venusaur|9/100
|-start|p2b: Venusaur|confusion
|move|p1b: Wallsocket|Electro Shot||[still]
|-prepare|p1b: Wallsocket|Electro Shot
|-boost|p1b: Wallsocket|spa|1
|-anim|p1b: Wallsocket|Electro Shot|p2a: Arcanine
|-activate|p2a: Arcanine|move: Protect
|-activate|p2b: Venusaur|confusion
|move|p2b: Venusaur|Earth Power|p1b: Wallsocket
|-resisted|p1b: Wallsocket
|-damage|p1b: Wallsocket|60/100
|-ability|p1b: Wallsocket|Stamina|boost
|-boost|p1b: Wallsocket|def|1
|
|-weather|RainDance|[upkeep]
|upkeep
|turn|5
|inactive|mbrown14 has 30 seconds left.
|
|t:|1757672060
|move|p2a: Arcanine|Head Smash|p1a: Fishmonger
|-supereffective|p1a: Fishmonger
|-enditem|p1a: Fishmonger|Focus Sash
|-damage|p1a: Fishmonger|1/100
|-damage|p2a: Arcanine|80/100|[from] item: Life Orb
|move|p1a: Fishmonger|Hurricane|p2b: Venusaur
|-supereffective|p2b: Venusaur
|-damage|p2b: Venusaur|0 fnt
|faint|p2b: Venusaur
|move|p1b: Wallsocket|Electro Shot||[still]
|-prepare|p1b: Wallsocket|Electro Shot
|-boost|p1b: Wallsocket|spa|1
|-anim|p1b: Wallsocket|Electro Shot|p2a: Arcanine
|-supereffective|p2a: Arcanine
|-damage|p2a: Arcanine|0 fnt
|faint|p2a: Arcanine
|
|-weather|RainDance|[upkeep]
|upkeep
|
|t:|1757672070
|switch|p2b: Sneasler|Sneasler, L50, F, shiny|100/100
|turn|6
|l|☆mbrown14
|inactive|mbrown14 disconnected and has a minute to reconnect!
|player|p2|
|
|t:|1757672088
|move|p2b: Sneasler|Fake Out|p1b: Wallsocket
|-damage|p1b: Wallsocket|54/100
|-ability|p1b: Wallsocket|Stamina|boost
|-boost|p1b: Wallsocket|def|1
|move|p1a: Fishmonger|Hurricane|p2b: Sneasler
|-supereffective|p2b: Sneasler
|-damage|p2b: Sneasler|0 fnt
|faint|p2b: Sneasler
|
|win|is_katabo
|j|☆mbrown14
|player|p2|mbrown14|102|
||is_katabo is ready for game 2.
|inactive|mbrown14 has 30 seconds to confirm battle start!
||mbrown14 is ready for game 2.
|uhtml|next|Next: Game 2 of 3
|l|☆is_katabo
|player|p1|
