|j|☆MazapanAzteca
|j|☆Sala335
|html|MazapanAztecaSala335    
|uhtml|bestof|Game 1 of a best-of-3
|t:|1756908489
|gametype|doubles
|player|p1|MazapanAzteca|ingo|1176
|player|p2|Sala335|gambler|1187
|gen|9
|tier|[Gen 9] VGC 2025 Reg H (Bo3)
|rated|
|rule|Species Clause: Limit one of each Pokémon
|rule|Item Clause: Limit 1 of each item
|clearpoke
|poke|p1|Kommo-o, L50, M|
|poke|p1|Gholdengo, L50|
|poke|p1|Sneasler, L50, F|
|poke|p1|Rillaboom, L50, M|
|poke|p1|Dondozo, L50, M|
|poke|p1|Electabuzz, L50, M|
|poke|p2|Primarina, L50, M|
|poke|p2|Porygon2, L50|
|poke|p2|Ursaluna, L50, M|
|poke|p2|Gholdengo, L50|
|poke|p2|Talonflame, L50, F|
|poke|p2|Amoonguss, L50, M|
|teampreview|4
|showteam|p1|Kommo-o||ThroatSpray|Soundproof|ClangingScales,Flamethrower,Protect,ClangorousSoul|||M|||50|,,,,,Fire]Gholdengo||ChoiceSpecs|GoodasGold|MakeItRain,ShadowBall,PowerGem,Trick||||||50|,,,,,Steel]Sneasler||WhiteHerb|Unburden|CloseCombat,DireClaw,Protect,FakeOut|||F|||50|,,,,,Stellar]Rillaboom||AssaultVest|GrassySurge|WoodHammer,GrassyGlide,HighHorsepower,FakeOut|||M|||50|,,,,,Water]Dondozo||Leftovers|Unaware|WaveCrash,Yawn,Protect,Fissure|||M|||50|,,,,,Bug]Electabuzz||Eviolite|VitalSpirit|Electroweb,FollowMe,Taunt,Protect|||M|||50|,,,,,Dragon
|showteam|p2|Primarina||ThroatSpray|LiquidVoice|Protect,HyperVoice,Moonblast,Haze|||M|||50|,,,,,Poison]Porygon2||Eviolite|Download|TrickRoom,Protect,IceBeam,TeraBlast||||||50|,,,,,Flying]Ursaluna||FlameOrb|Guts|Facade,HeadlongRush,Earthquake,Protect|||M|||50|,,,,,Ghost]Gholdengo||Leftovers|GoodasGold|MakeItRain,NastyPlot,ShadowBall,Protect||||||50|,,,,,Flying]Talonflame||CovertCloak|GaleWings|Tailwind,QuickGuard,Taunt,DualWingbeat|||F|||50|,,,,,Water]Amoonguss||SitrusBerry|Regenerator|Spore,RagePowder,Protect,PollenPuff|||M|||50|,,,,,Water
|
|t:|1756908568
|teamsize|p1|4
|teamsize|p2|4
|start
|switch|p1a: Kommo-o|Kommo-o, L50, M|100/100
|switch|p1b: Electabuzz|Electabuzz, L50, M|100/100
|switch|p2a: Talonflame|Talonflame, L50, F|100/100
|switch|p2b: Gholdengo|Gholdengo, L50|100/100
|turn|1
|
|t:|1756908607
|switch|p2b: Primarina|Primarina, L50, M|100/100
|-terastallize|p1a: Kommo-o|Fire
|move|p2a: Talonflame|Taunt|p1b: Electabuzz
|-start|p1b: Electabuzz|move: Taunt
|move|p1b: Electabuzz|Electroweb|p2a: Talonflame|[spread] p2a,p2b
|-supereffective|p2a: Talonflame
|-supereffective|p2b: Primarina
|-damage|p2a: Talonflame|62/100
|-damage|p2b: Primarina|76/100
|-unboost|p2b: Primarina|spe|1
|move|p1a: Kommo-o|Clangorous Soul|p1a: Kommo-o
|-boost|p1a: Kommo-o|atk|1
|-boost|p1a: Kommo-o|def|1
|-boost|p1a: Kommo-o|spa|1
|-boost|p1a: Kommo-o|spd|1
|-boost|p1a: Kommo-o|spe|1
|-damage|p1a: Kommo-o|68/100
|-enditem|p1a: Kommo-o|Throat Spray
|-boost|p1a: Kommo-o|spa|1|[from] item: Throat Spray
|
|upkeep
|turn|2
|
|t:|1756908639
|move|p1a: Kommo-o|Clanging Scales|p2b: Primarina|[spread] p2a
|-immune|p2b: Primarina
|-damage|p2a: Talonflame|0 fnt
|faint|p2a: Talonflame
|-unboost|p1a: Kommo-o|def|1
|move|p1b: Electabuzz|Electroweb|p2b: Primarina
|-supereffective|p2b: Primarina
|-damage|p2b: Primarina|41/100
|-unboost|p2b: Primarina|spe|1
|move|p2b: Primarina|Haze|p2b: Primarina
|-clearallboost
|
|upkeep
|
|t:|1756908651
|switch|p2a: Ursaluna|Ursaluna, L50, M|100/100
|turn|3
|
|t:|1756908684
|move|p2b: Primarina|Protect|p2b: Primarina
|-singleturn|p2b: Primarina|Protect
|move|p1b: Electabuzz|Electroweb|p2a: Ursaluna|[spread] 
|-activate|p2b: Primarina|move: Protect
|-immune|p2a: Ursaluna
|move|p1a: Kommo-o|Clangorous Soul|p1a: Kommo-o
|-boost|p1a: Kommo-o|atk|1
|-boost|p1a: Kommo-o|def|1
|-boost|p1a: Kommo-o|spa|1
|-boost|p1a: Kommo-o|spd|1
|-boost|p1a: Kommo-o|spe|1
|-damage|p1a: Kommo-o|36/100
|move|p2a: Ursaluna|Earthquake|p1a: Kommo-o|[spread] p1a,p1b
|-activate|p2b: Primarina|move: Protect
|-supereffective|p1a: Kommo-o
|-supereffective|p1b: Electabuzz
|-damage|p1a: Kommo-o|0 fnt
|-damage|p1b: Electabuzz|11/100
|faint|p1a: Kommo-o
|
|-end|p1b: Electabuzz|move: Taunt
|-status|p2a: Ursaluna|brn|[from] item: Flame Orb
|upkeep
|
|t:|1756908702
|switch|p1a: Rillaboom|Rillaboom, L50, M|100/100
|-fieldstart|move: Grassy Terrain|[from] ability: Grassy Surge|[of] p1a: Rillaboom
|turn|4
|
|t:|1756908776
|move|p2a: Ursaluna|Protect|p2a: Ursaluna
|-singleturn|p2a: Ursaluna|Protect
|move|p1b: Electabuzz|Follow Me|p1b: Electabuzz
|-singleturn|p1b: Electabuzz|move: Follow Me
|move|p1a: Rillaboom|High Horsepower|p2b: Primarina
|-damage|p2b: Primarina|0 fnt
|faint|p2b: Primarina
|
|-heal|p1b: Electabuzz|17/100|[from] Grassy Terrain
|-damage|p2a: Ursaluna|94/100 brn|[from] brn
|upkeep
|
|t:|1756908787
|switch|p2b: Gholdengo|Gholdengo, L50|100/100
|turn|5
|
|t:|1756908839
|-terastallize|p2a: Ursaluna|Ghost
|move|p1b: Electabuzz|Electroweb|p2b: Gholdengo|[spread] p2a,p2b
|-crit|p2b: Gholdengo
|-damage|p2a: Ursaluna|81/100 brn
|-damage|p2b: Gholdengo|78/100
|-unboost|p2a: Ursaluna|spe|1
|-unboost|p2b: Gholdengo|spe|1
|move|p1a: Rillaboom|Wood Hammer|p2a: Ursaluna
|-damage|p2a: Ursaluna|11/100 brn
|-damage|p1a: Rillaboom|77/100|[from] Recoil
|move|p2b: Gholdengo|Shadow Ball|p1b: Electabuzz
|-damage|p1b: Electabuzz|0 fnt
|faint|p1b: Electabuzz
|move|p2a: Ursaluna|Facade|p1a: Rillaboom
|-damage|p1a: Rillaboom|0 fnt
|faint|p1a: Rillaboom
|
|-heal|p2b: Gholdengo|84/100|[from] Grassy Terrain
|-heal|p2b: Gholdengo|90/100|[from] item: Leftovers
|-heal|p2a: Ursaluna|17/100 brn|[from] Grassy Terrain
|-damage|p2a: Ursaluna|11/100 brn|[from] brn
|upkeep
|
|t:|1756908854
|switch|p1b: Dondozo|Dondozo, L50, M|100/100
|turn|6
|
|t:|1756908879
|move|p2b: Gholdengo|Nasty Plot|p2b: Gholdengo
|-boost|p2b: Gholdengo|spa|2
|move|p2a: Ursaluna|Facade|p1b: Dondozo
|-damage|p1b: Dondozo|21/100
|move|p1b: Dondozo|Wave Crash|p2a: Ursaluna
|-damage|p2a: Ursaluna|0 fnt
|faint|p2a: Ursaluna
|-damage|p1b: Dondozo|18/100|[from] Recoil
|
|-heal|p2b: Gholdengo|95/100|[from] Grassy Terrain
|-heal|p2b: Gholdengo|100/100|[from] item: Leftovers
|-heal|p1b: Dondozo|24/100|[from] Grassy Terrain
|-heal|p1b: Dondozo|31/100|[from] item: Leftovers
|upkeep
|turn|7
|
|t:|1756908895
|move|p1b: Dondozo|Protect|p1b: Dondozo
|-singleturn|p1b: Dondozo|Protect
|move|p2b: Gholdengo|Shadow Ball|p1b: Dondozo
|-activate|p1b: Dondozo|move: Protect
|
|-heal|p1b: Dondozo|37/100|[from] Grassy Terrain
|-heal|p1b: Dondozo|43/100|[from] item: Leftovers
|upkeep
|turn|8
|
|t:|1756908903
|move|p2b: Gholdengo|Shadow Ball|p1b: Dondozo
|-damage|p1b: Dondozo|12/100
|move|p1b: Dondozo|Fissure|p2b: Gholdengo|[miss]
|-miss|p1b: Dondozo|p2b: Gholdengo
|
|-heal|p1b: Dondozo|18/100|[from] Grassy Terrain
|-heal|p1b: Dondozo|25/100|[from] item: Leftovers
|-fieldend|move: Grassy Terrain
|upkeep
|turn|9
|
|t:|1756908911
|move|p1b: Dondozo|Protect|p1b: Dondozo
|-singleturn|p1b: Dondozo|Protect
|move|p2b: Gholdengo|Nasty Plot|p2b: Gholdengo
|-boost|p2b: Gholdengo|spa|2
|
|-heal|p1b: Dondozo|31/100|[from] item: Leftovers
|upkeep
|turn|10
|
|t:|1756908919
|move|p2b: Gholdengo|Shadow Ball|p1b: Dondozo
|-damage|p1b: Dondozo|0 fnt
|faint|p1b: Dondozo
|
|win|Sala335
||MazapanAzteca is ready for game 2.
||Sala335 is ready for game 2.
|uhtml|next|Next: Game 2 of 3
|l|☆Sala335
|player|p2|
