|j|☆zefhkb505
|j|☆Moonlight Flutter
|html|zefhkb505Moonlight Flutter    
|uhtml|bestof|Game 1 of a best-of-3
|t:|1783173454
|gametype|doubles
|player|p1|zefhkb505|hilbert|
|player|p2|Moonlight Flutter|miku-flying|
|gen|9
|tier|[Gen 9 Champions] VGC 2026 Reg M-B (Bo3)
|rule|Species Clause: Limit one of each Pokémon
|rule|Item Clause: Limit 1 of each item
|clearpoke
|poke|p1|Azumarill, L50, F|
|poke|p1|Sinistcha, L50|
|poke|p1|Farigiraf, L50, M|
|poke|p1|Pelipper, L50, M|
|poke|p1|Incineroar, L50, M|
|poke|p1|Raichu, L50, M|
|poke|p2|Sinistcha, L50|
|poke|p2|Incineroar, L50, F|
|poke|p2|Milotic, L50, M|
|poke|p2|Raichu, L50, M|
|poke|p2|Ceruledge, L50, M|
|poke|p2|Mawile, L50, M, shiny|
|teampreview|4
|showteam|p1|Azumarill||SitrusBerry|HugePower|BellyDrum,AquaJet,PlayRough,Protect|Adamant||F|||50|]Sinistcha||CobaBerry|Hospitality|RagePowder,MatchaGotcha,TrickRoom,LifeDew|Relaxed|||||50|]Farigiraf||ColburBerry|ArmorTail|TwinBeam,TrickRoom,LightScreen,HyperVoice|Quiet||M|||50|]Pelipper||LifeOrb|Drizzle|Hurricane,WeatherBall,Roost,WideGuard|Modest||M|||50|]Incineroar||PasshoBerry|Intimidate|FlareBlitz,DarkestLariat,PartingShot,FakeOut|Adamant||M|||50|]Raichu||RaichuniteY|LightningRod|FakeOut,FocusBlast,ZapCannon,Protect|Timid||M|||50|
|showteam|p2|Sinistcha||FocusSash|Hospitality|MatchaGotcha,LifeDew,RagePowder,Protect|Relaxed|||||50|]Incineroar||SitrusBerry|Intimidate|FlareBlitz,ThroatChop,FakeOut,PartingShot|Impish||F|||50|]Milotic||Leftovers|Competitive|MuddyWater,Coil,Hypnosis,Protect|Calm||M|||50|]Raichu||RaichuniteY|LightningRod|ZapCannon,FocusBlast,FakeOut,Protect|Timid||M|||50|]Ceruledge||ColburBerry|FlashFire|BitterBlade,ShadowSneak,BulkUp,Protect|Adamant||M|||50|]Mawile||Mawilite|HyperCutter|PlayRough,SuckerPunch,SwordsDance,Protect|Adamant||M|||50|
|
|t:|1783173481
|teamsize|p1|4
|teamsize|p2|4
|start
|switch|p1a: Azumarill|Azumarill, L50, F|100/100
|switch|p1b: Raichu|Raichu, L50, M|100/100
|switch|p2a: Raichu|Raichu, L50, M|100/100
|switch|p2b: Mawile|Mawile, L50, M, shiny|100/100
|turn|1
|
|t:|1783173521
|switch|p1a: Pelipper|Pelipper, L50, M|100/100
|-weather|RainDance|[from] ability: Drizzle|[of] p1a: Pelipper
|detailschange|p2b: Mawile|Mawile-Mega, L50, M, shiny
|-mega|p2b: Mawile|Mawile|Mawilite
|move|p1b: Raichu|Fake Out|p2b: Mawile
|-resisted|p2b: Mawile|1
|-damage|p2b: Mawile|96/100
|move|p2a: Raichu|Fake Out|p1a: Pelipper
|-damage|p1a: Pelipper|91/100
|cant|p2b: Mawile|flinch
|
|-weather|RainDance|[upkeep]
|upkeep
|turn|2
|
|t:|1783173551
|switch|p2b: Milotic|Milotic, L50, M|100/100
|move|p2a: Raichu|Protect|p2a: Raichu
|-singleturn|p2a: Raichu|Protect
|move|p1b: Raichu|Focus Blast|p2b: Milotic
|-damage|p2b: Milotic|79/100
|move|p1a: Pelipper|Weather Ball|p2b: Milotic
|-resisted|p2b: Milotic|1
|-damage|p2b: Milotic|51/100
|-damage|p1a: Pelipper|82/100|[from] item: Life Orb
|
|-weather|RainDance|[upkeep]
|-heal|p2b: Milotic|57/100|[from] item: Leftovers
|upkeep
|turn|3
|
|t:|1783173567
|switch|p2a: Sinistcha|Sinistcha, L50|100/100
|-heal|p2b: Milotic|82/100|[from] ability: Hospitality|[of] p2a: Sinistcha
|move|p2b: Milotic|Protect|p2b: Milotic
|-singleturn|p2b: Milotic|Protect
|move|p1b: Raichu|Focus Blast|p2a: Sinistcha
|-immune|p2a: Sinistcha
|move|p1a: Pelipper|Weather Ball|p2a: Sinistcha
|-resisted|p2a: Sinistcha|1
|-damage|p2a: Sinistcha|56/100
|-damage|p1a: Pelipper|72/100|[from] item: Life Orb
|
|-weather|RainDance|[upkeep]
|-heal|p2b: Milotic|88/100|[from] item: Leftovers
|upkeep
|turn|4
|
|t:|1783173585
|switch|p1b: Sinistcha|Sinistcha, L50|100/100
|-heal|p1a: Pelipper|97/100|[from] ability: Hospitality|[of] p1b: Sinistcha
|move|p2a: Sinistcha|Rage Powder|p2a: Sinistcha
|-singleturn|p2a: Sinistcha|move: Rage Powder
|move|p2b: Milotic|Coil|p2b: Milotic
|-boost|p2b: Milotic|atk|1
|-boost|p2b: Milotic|def|1
|-boost|p2b: Milotic|accuracy|1
|move|p1a: Pelipper|Hurricane|p2a: Sinistcha
|-supereffective|p2a: Sinistcha|1
|-damage|p2a: Sinistcha|0 fnt
|faint|p2a: Sinistcha
|-damage|p1a: Pelipper|87/100|[from] item: Life Orb
|
|-weather|RainDance|[upkeep]
|-heal|p2b: Milotic|94/100|[from] item: Leftovers
|upkeep
|
|t:|1783173594
|switch|p2a: Mawile|Mawile-Mega, L50, M, shiny|96/100
|turn|5
|
|t:|1783173603
|move|p2a: Mawile|Protect|p2a: Mawile
|-singleturn|p2a: Mawile|Protect
|move|p1b: Sinistcha|Rage Powder|p1b: Sinistcha
|-singleturn|p1b: Sinistcha|move: Rage Powder
|move|p2b: Milotic|Hypnosis|p1b: Sinistcha
|-status|p1b: Sinistcha|slp|[from] move: Hypnosis
|move|p1a: Pelipper|Weather Ball|p2a: Mawile
|-activate|p2a: Mawile|move: Protect
|
|-weather|none
|-heal|p2b: Milotic|100/100|[from] item: Leftovers
|upkeep
|turn|6
|
|t:|1783173619
|switch|p1a: Azumarill|Azumarill, L50, F|100/100
|move|p2b: Milotic|Coil|p2b: Milotic
|-boost|p2b: Milotic|atk|1
|-boost|p2b: Milotic|def|1
|-boost|p2b: Milotic|accuracy|1
|cant|p1b: Sinistcha|slp
|move|p2a: Mawile|Play Rough|p1a: Azumarill
|-damage|p1a: Azumarill|17/100
|-enditem|p1a: Azumarill|Sitrus Berry|[eat]
|-heal|p1a: Azumarill|42/100|[from] item: Sitrus Berry
|
|upkeep
|turn|7
|
|t:|1783173632
|move|p1a: Azumarill|Protect|p1a: Azumarill
|-singleturn|p1a: Azumarill|Protect
|move|p2b: Milotic|Hypnosis|p1a: Azumarill
|-activate|p1a: Azumarill|move: Protect
|cant|p1b: Sinistcha|slp
|move|p2a: Mawile|Play Rough|p1b: Sinistcha
|-damage|p1b: Sinistcha|35/100 slp
|
|upkeep
|turn|8
|
|t:|1783173648
|move|p2a: Mawile|Protect|p2a: Mawile
|-singleturn|p2a: Mawile|Protect
|move|p1a: Azumarill|Aqua Jet|p2a: Mawile
|-activate|p2a: Mawile|move: Protect
|move|p2b: Milotic|Hypnosis|p1a: Azumarill
|-status|p1a: Azumarill|slp|[from] move: Hypnosis
|-curestatus|p1b: Sinistcha|slp|[msg]
|move|p1b: Sinistcha|Matcha Gotcha|p2a: Mawile|[spread] p2b
|-activate|p2a: Mawile|move: Protect
|-supereffective|p2b: Milotic|1
|-damage|p2b: Milotic|69/100
|-heal|p1b: Sinistcha|53/100|[from] drain|[of] p2b: Milotic
|
|-heal|p2b: Milotic|75/100|[from] item: Leftovers
|upkeep
|turn|9
|
|t:|1783173672
|cant|p1a: Azumarill|slp
|move|p2b: Milotic|Hypnosis|p1b: Sinistcha
|-status|p1b: Sinistcha|slp|[from] move: Hypnosis
|cant|p1b: Sinistcha|slp
|move|p2a: Mawile|Swords Dance|p2a: Mawile
|-boost|p2a: Mawile|atk|2
|
|-heal|p2b: Milotic|81/100|[from] item: Leftovers
|upkeep
|turn|10
|
|t:|1783173709
|cant|p1a: Azumarill|slp
|move|p2b: Milotic|Muddy Water|p1b: Sinistcha|[spread] p1a,p1b
|-resisted|p1a: Azumarill|1
|-crit|p1a: Azumarill
|-resisted|p1b: Sinistcha|1
|-damage|p1a: Azumarill|25/100 slp
|-damage|p1b: Sinistcha|41/100 slp
|-unboost|p1a: Azumarill|accuracy|1
|-unboost|p1b: Sinistcha|accuracy|1
|cant|p1b: Sinistcha|slp
|move|p2a: Mawile|Play Rough|p1b: Sinistcha|[miss]
|-miss|p2a: Mawile|p1b: Sinistcha
|
|-heal|p2b: Milotic|87/100|[from] item: Leftovers
|upkeep
|turn|11
|
|t:|1783173724
|move|p2a: Mawile|Sucker Punch|p1b: Sinistcha
|-supereffective|p1b: Sinistcha|1
|-damage|p1b: Sinistcha|0 fnt
|faint|p1b: Sinistcha
|move|p2b: Milotic|Muddy Water|p1a: Azumarill
|-resisted|p1a: Azumarill|1
|-damage|p1a: Azumarill|10/100 slp
|-curestatus|p1a: Azumarill|slp|[msg]
|move|p1a: Azumarill|Play Rough|p2b: Milotic
|-damage|p2b: Milotic|64/100
|
|-heal|p2b: Milotic|70/100|[from] item: Leftovers
|upkeep
|
|t:|1783173739
|switch|p1b: Pelipper|Pelipper, L50, M|87/100
|-weather|RainDance|[from] ability: Drizzle|[of] p1b: Pelipper
|turn|12
|
|t:|1783173746
|move|p1a: Azumarill|Aqua Jet|p2a: Mawile
|-damage|p2a: Mawile|55/100
|move|p2a: Mawile|Sucker Punch|p1b: Pelipper
|-damage|p1b: Pelipper|14/100
|move|p2b: Milotic|Muddy Water|p1a: Azumarill|[spread] p1a,p1b
|-resisted|p1a: Azumarill|1
|-resisted|p1b: Pelipper|1
|-damage|p1a: Azumarill|0 fnt
|-damage|p1b: Pelipper|0 fnt
|faint|p1a: Azumarill
|faint|p1b: Pelipper
|
|-weather|RainDance|[upkeep]
|-heal|p2b: Milotic|76/100|[from] item: Leftovers
|upkeep
|-message|zefhkb505 forfeited.
|
|win|Moonlight Flutter
|l|☆zefhkb505
|player|p1|
||zefhkb505 is ready for game 2.
||Moonlight Flutter is ready for game 2.
|uhtml|next|Next: Game 2 of 3
