|j|☆Swift Demise
|j|☆penut amamiya
|html|Swift Demisepenut amamiya    
|uhtml|bestof|Game 2 of a best-of-3
|t:|1784438265
|gametype|doubles
|player|p1|Swift Demise|lucas|1138
|player|p2|penut amamiya|olivia|1000
|gen|9
|tier|[Gen 9 Champions] VGC 2026 Reg M-B (Bo3)
|rated|
|rule|Species Clause: Limit one of each Pokémon
|rule|Item Clause: Limit 1 of each item
|clearpoke
|poke|p1|Kommo-o, L50, M|
|poke|p1|Sinistcha, L50|
|poke|p1|Incineroar, L50, M|
|poke|p1|Gengar, L50, M|
|poke|p1|Ninetales-Alola, L50, F|
|poke|p1|Kingambit, L50, F|
|poke|p2|Whimsicott, L50, F|
|poke|p2|Scrafty, L50, F|
|poke|p2|Metagross, L50|
|poke|p2|Dragonite, L50, F|
|poke|p2|Gholdengo, L50|
|poke|p2|Krookodile, L50, M|
|teampreview|4
|showteam|p1|Kommo-o||Leftovers|Soundproof|ClangingScales,ClangorousSoul,AuraSphere,Protect|Calm||M|||50|]Sinistcha||KasibBerry|Hospitality|Protect,LifeDew,RagePowder,MatchaGotcha|Relaxed|||||50|]Incineroar||SitrusBerry|Intimidate|FlareBlitz,DarkestLariat,FakeOut,PartingShot|Impish||M|||50|]Gengar||Gengarite|CursedBody|Protect,ShadowBall,SludgeBomb,Disable|Modest||M|||50|]Ninetales-Alola||LightClay|SnowWarning|AuroraVeil,Blizzard,Encore,Protect|Timid||F|||50|]Kingambit||MetalCoat|Defiant|SuckerPunch,KowtowCleave,IronHead,Protect|Adamant||F|||50|
|showteam|p2|Whimsicott||FocusSash|Prankster|WorrySeed,Taunt,Encore,Moonblast|Timid||F|||50|]Scrafty||RoseliBerry|Intimidate|FakeOut,DrainPunch,DragonDance,KnockOff|Adamant||F|||50|]Metagross||Metagrossite|ClearBody|BulletPunch,ZenHeadbutt,ShadowClaw,SunnyDay|Adamant|||||50|]Dragonite||SitrusBerry|Multiscale|BreakingSwipe,ExtremeSpeed,IceBeam,DragonDance|Jolly||F|||50|]Gholdengo||MetalCoat|GoodasGold|MakeItRain,ShadowBall,NastyPlot,Protect|Modest|||||50|]Krookodile||SoftSand|Intimidate|Earthquake,Crunch,FireFang,Protect|Jolly||M|||50|
|
|t:|1784438284
|teamsize|p1|4
|teamsize|p2|4
|start
|switch|p1a: Gengar|Gengar, L50, M|100/100
|switch|p1b: Incineroar|Incineroar, L50, M|100/100
|switch|p2a: Whimsicott|Whimsicott, L50, F|100/100
|switch|p2b: Krookodile|Krookodile, L50, M|100/100
|-ability|p2b: Krookodile|Intimidate|boost
|-unboost|p1a: Gengar|atk|1
|-unboost|p1b: Incineroar|atk|1
|-ability|p1b: Incineroar|Intimidate|boost
|-unboost|p2a: Whimsicott|atk|1
|-unboost|p2b: Krookodile|atk|1
|turn|1
|
|t:|1784438312
|switch|p2a: Dragonite|Dragonite, L50, F|100/100
|detailschange|p1a: Gengar|Gengar-Mega, L50, M
|-mega|p1a: Gengar|Gengar|Gengarite
|move|p1b: Incineroar|Fake Out|p2b: Krookodile
|-damage|p2b: Krookodile|91/100
|move|p1a: Gengar|Shadow Ball|p2a: Dragonite
|-damage|p2a: Dragonite|71/100
|cant|p2b: Krookodile|flinch
|
|upkeep
|turn|2
|
|t:|1784438386
|move|p1a: Gengar|Sludge Bomb|p2a: Dragonite
|-damage|p2a: Dragonite|8/100
|-enditem|p2a: Dragonite|Sitrus Berry|[eat]
|-heal|p2a: Dragonite|33/100|[from] item: Sitrus Berry
|move|p2a: Dragonite|Breaking Swipe|p1a: Gengar|[spread] p1a,p1b
|-damage|p1a: Gengar|71/100
|-damage|p1b: Incineroar|83/100
|-unboost|p1a: Gengar|atk|1
|-unboost|p1b: Incineroar|atk|1
|move|p2b: Krookodile|Crunch|p1a: Gengar
|-supereffective|p1a: Gengar|1
|-damage|p1a: Gengar|12/100
|move|p1b: Incineroar|Parting Shot|p2b: Krookodile
|-unboost|p2b: Krookodile|atk|1
|-unboost|p2b: Krookodile|spa|1
|
|t:|1784438403
|switch|p1b: Sinistcha|Sinistcha, L50|100/100|[from] Parting Shot
|-heal|p1a: Gengar|36/100|[from] ability: Hospitality|[of] p1b: Sinistcha
|
|upkeep
|turn|3
|
|t:|1784438422
|move|p1a: Gengar|Protect|p1a: Gengar
|-singleturn|p1a: Gengar|Protect
|move|p2a: Dragonite|Ice Beam|p1a: Gengar
|-activate|p1a: Gengar|move: Protect
|move|p2b: Krookodile|Earthquake|p1a: Gengar|[spread] p1b
|-activate|p1a: Gengar|move: Protect
|-immune|p2a: Dragonite
|-resisted|p1b: Sinistcha|1
|-damage|p1b: Sinistcha|91/100
|move|p1b: Sinistcha|Life Dew|p1b: Sinistcha|[spread] p1a,p1b
|-heal|p1a: Gengar|62/100
|-heal|p1b: Sinistcha|100/100
|
|upkeep
|turn|4
|
|t:|1784438447
|move|p1a: Gengar|Sludge Bomb|p2a: Dragonite
|-damage|p2a: Dragonite|0 fnt
|faint|p2a: Dragonite
|move|p2b: Krookodile|Earthquake|p1a: Gengar|[spread] p1a,p1b
|-supereffective|p1a: Gengar|1
|-resisted|p1b: Sinistcha|1
|-damage|p1a: Gengar|11/100
|-damage|p1b: Sinistcha|91/100
|move|p1b: Sinistcha|Life Dew|p1b: Sinistcha|[spread] p1a,p1b
|-heal|p1a: Gengar|36/100
|-heal|p1b: Sinistcha|100/100
|
|upkeep
|
|t:|1784438458
|switch|p2a: Metagross|Metagross, L50|100/100
|turn|5
|
|t:|1784438477
|detailschange|p2a: Metagross|Metagross-Mega, L50
|-mega|p2a: Metagross|Metagross|Metagrossite
|move|p2a: Metagross|Bullet Punch|p1a: Gengar
|-damage|p1a: Gengar|0 fnt
|faint|p1a: Gengar
|move|p2b: Krookodile|Fire Fang|p1b: Sinistcha
|-supereffective|p1b: Sinistcha|1
|-damage|p1b: Sinistcha|84/100
|move|p1b: Sinistcha|Matcha Gotcha|p2b: Krookodile|[spread] p2a,p2b
|-resisted|p2a: Metagross|1
|-supereffective|p2b: Krookodile|1
|-damage|p2a: Metagross|90/100
|-heal|p1b: Sinistcha|89/100|[from] drain|[of] p2a: Metagross
|-damage|p2b: Krookodile|40/100
|-heal|p1b: Sinistcha|100/100|[from] drain|[of] p2b: Krookodile
|
|upkeep
|
|t:|1784438489
|switch|p1a: Kommo-o|Kommo-o, L50, M|100/100
|turn|6
|
|t:|1784438514
|switch|p2b: Whimsicott|Whimsicott, L50, F|100/100
|switch|p1b: Incineroar|Incineroar, L50, M|83/100
|-ability|p1b: Incineroar|Intimidate|boost
|-unboost|p2a: Metagross|atk|1
|-unboost|p2b: Whimsicott|atk|1
|move|p2a: Metagross|Zen Headbutt|p1a: Kommo-o
|-supereffective|p1a: Kommo-o|1
|-damage|p1a: Kommo-o|27/100
|cant|p1a: Kommo-o|flinch
|
|-heal|p1a: Kommo-o|33/100|[from] item: Leftovers
|upkeep
|turn|7
|
|t:|1784438541
|move|p1a: Kommo-o|Protect|p1a: Kommo-o
|-singleturn|p1a: Kommo-o|Protect
|move|p1b: Incineroar|Fake Out|p2b: Whimsicott
|-damage|p2b: Whimsicott|83/100
|cant|p2b: Whimsicott|flinch
|move|p2a: Metagross|Bullet Punch|p1b: Incineroar
|-resisted|p1b: Incineroar|1
|-damage|p1b: Incineroar|75/100
|
|-heal|p1a: Kommo-o|39/100|[from] item: Leftovers
|upkeep
|turn|8
|
|t:|1784438565
|move|p1a: Kommo-o|Protect||[still]
|-fail|p1a: Kommo-o
|move|p2b: Whimsicott|Encore|p1b: Incineroar
|-hint|Since gen 7, Dark is immune to Prankster moves.
|-immune|p1b: Incineroar
|move|p2a: Metagross|Zen Headbutt|p1a: Kommo-o
|-supereffective|p1a: Kommo-o|1
|-damage|p1a: Kommo-o|0 fnt
|faint|p1a: Kommo-o
|move|p1b: Incineroar|Flare Blitz|p2b: Whimsicott
|-supereffective|p2b: Whimsicott|1
|-damage|p2b: Whimsicott|0 fnt
|faint|p2b: Whimsicott
|-damage|p1b: Incineroar|57/100|[from] Recoil
|
|upkeep
|
|t:|1784438578
|switch|p2b: Krookodile|Krookodile, L50, M|40/100
|switch|p1a: Sinistcha|Sinistcha, L50|100/100
|-ability|p2b: Krookodile|Intimidate|boost
|-unboost|p1a: Sinistcha|atk|1
|-unboost|p1b: Incineroar|atk|1
|-heal|p1b: Incineroar|82/100|[from] ability: Hospitality|[of] p1a: Sinistcha
|turn|9
|
|t:|1784438610
|move|p2b: Krookodile|Protect|p2b: Krookodile
|-singleturn|p2b: Krookodile|Protect
|move|p2a: Metagross|Shadow Claw|p1a: Sinistcha
|-supereffective|p1a: Sinistcha|1
|-enditem|p1a: Sinistcha|Kasib Berry|[eat]
|-enditem|p1a: Sinistcha|Kasib Berry|[weaken]
|-damage|p1a: Sinistcha|80/100
|move|p1b: Incineroar|Flare Blitz|p2a: Metagross
|-supereffective|p2a: Metagross|1
|-damage|p2a: Metagross|46/100
|-damage|p1b: Incineroar|70/100|[from] Recoil
|move|p1a: Sinistcha|Matcha Gotcha|p2b: Krookodile|[spread] 
|-activate|p2b: Krookodile|move: Protect
|-miss|p1a: Sinistcha|p2a: Metagross
|
|upkeep
|turn|10
|
|t:|1784438633
|move|p2b: Krookodile|Crunch|p1a: Sinistcha
|-supereffective|p1a: Sinistcha|1
|-damage|p1a: Sinistcha|15/100
|move|p2a: Metagross|Shadow Claw|p1a: Sinistcha
|-supereffective|p1a: Sinistcha|1
|-damage|p1a: Sinistcha|0 fnt
|faint|p1a: Sinistcha
|move|p1b: Incineroar|Flare Blitz|p2a: Metagross
|-supereffective|p2a: Metagross|1
|-damage|p2a: Metagross|1/100
|-damage|p1b: Incineroar|57/100|[from] Recoil
|
|upkeep
|turn|11
|
|t:|1784438657
|move|p2b: Krookodile|Earthquake|p1b: Incineroar|[spread] p2a,p1b
|-supereffective|p2a: Metagross|1
|-supereffective|p1b: Incineroar|1
|-damage|p2a: Metagross|0 fnt
|-damage|p1b: Incineroar|0 fnt
|faint|p2a: Metagross
|faint|p1b: Incineroar
|
|win|penut amamiya
|raw|Swift Demise's rating: 1138 → 1104(-34 for losing)
|raw|penut amamiya's rating: 1000 → 1055(+55 for winning)
