|j|☆Qicide
|j|☆MrTedno
|html|QicideMrTedno    
|uhtml|bestof|Game 2 of a best-of-3
|t:|1757093308
|gametype|doubles
|player|p1|Qicide|red|1280
|player|p2|MrTedno|170|1241
|gen|9
|tier|[Gen 9] VGC 2025 Reg H (Bo3)
|rated|
|rule|Species Clause: Limit one of each Pokémon
|rule|Item Clause: Limit 1 of each item
|clearpoke
|poke|p1|Porygon2, L50|
|poke|p1|Incineroar, L50, M|
|poke|p1|Ursaluna, L50, M|
|poke|p1|Jumpluff, L50, M|
|poke|p1|Charizard, L50, F|
|poke|p1|Torkoal, L50, M|
|poke|p2|Ninetales-Alola, L50, M|
|poke|p2|Garchomp, L50, M|
|poke|p2|Flamigo, L50, M|
|poke|p2|Incineroar, L50, F|
|poke|p2|Gholdengo, L50|
|poke|p2|Amoonguss, L50, F|
|teampreview|4
|showteam|p1|Porygon2||Eviolite|Download|TeraBlast,IceBeam,TrickRoom,Recover||||||50|,,,,,Fighting]Incineroar||SitrusBerry|Intimidate|FakeOut,KnockOff,FlareBlitz,PartingShot|||M|||50|,,,,,Ghost]Ursaluna||FlameOrb|Guts|HeadlongRush,Facade,Earthquake,Protect|||M|||50|,,,,,Ghost]Jumpluff||CovertCloak|Chlorophyll|RagePowder,SunnyDay,Tailwind,SleepPowder|||M|||50|,,,,,Water]Charizard||ChoiceSpecs|SolarPower|HeatWave,Overheat,WeatherBall,SolarBeam|||F|||50|,,,,,Ghost]Torkoal||EjectPack|Drought|Overheat,Eruption,HelpingHand,Protect|||M|||50|,,,,,Fire
|showteam|p2|Ninetales-Alola||LightClay|SnowWarning|Protect,Blizzard,FreezeDry,AuroraVeil|||M|||50|,,,,,Water]Garchomp||ClearAmulet|RoughSkin|Earthquake,DragonClaw,StompingTantrum,Protect|||M|||50|,,,,,Fire]Flamigo||CovertCloak|Scrappy|BraveBird,CloseCombat,Tailwind,Detect|||M|||50|,,,,,Stellar]Incineroar||SafetyGoggles|Intimidate|FakeOut,PartingShot,FlareBlitz,KnockOff|||F|||50|,,,,,Ghost]Gholdengo||LifeOrb|GoodasGold|ShadowBall,MakeItRain,NastyPlot,Protect||||||50|,,,,,Flying]Amoonguss||SitrusBerry|Regenerator|Spore,RagePowder,PollenPuff,ClearSmog|||F|||50|,,,,,Water
|inactive|Battle timer is ON: inactive players will automatically lose when time's up. (requested by Qicide)
|
|t:|1757093336
|teamsize|p1|4
|teamsize|p2|4
|start
|switch|p1a: Charizard|Charizard, L50, F, shiny|100/100
|switch|p1b: Ursaluna|Ursaluna, L50, M|100/100
|switch|p2a: Melman|Amoonguss, L50, F|100/100
|switch|p2b: Julien|Incineroar, L50, F|100/100
|-ability|p2b: Julien|Intimidate|boost
|-unboost|p1a: Charizard|atk|1
|-unboost|p1b: Ursaluna|atk|1
|turn|1
|inactive|MrTedno has 30 seconds left.
|inactive|MrTedno has 20 seconds left.
|inactive|MrTedno has 15 seconds left.
|inactive|MrTedno has 10 seconds left.
|inactive|MrTedno has 5 seconds left.
|
|t:|1757093389
|switch|p1a: Jumpluff|Jumpluff, L50, M|100/100
|-terastallize|p2a: Melman|Water
|move|p1b: Ursaluna|Protect|p1b: Ursaluna
|-singleturn|p1b: Ursaluna|Protect
|move|p2b: Julien|Knock Off|p1b: Ursaluna
|-activate|p1b: Ursaluna|move: Protect
|move|p2a: Melman|Spore|p1a: Jumpluff
|-immune|p1a: Jumpluff
|
|-status|p1b: Ursaluna|brn|[from] item: Flame Orb
|upkeep
|turn|2
|inactive|MrTedno has 30 seconds left.
|inactive|MrTedno has 20 seconds left.
|inactive|MrTedno has 15 seconds left.
|
|t:|1757093429
|move|p2a: Melman|Rage Powder|p2a: Melman
|-singleturn|p2a: Melman|move: Rage Powder
|move|p1a: Jumpluff|Sleep Powder|p2a: Melman
|-status|p2a: Melman|slp|[from] move: Sleep Powder
|move|p2b: Julien|Flare Blitz|p1a: Jumpluff
|-supereffective|p1a: Jumpluff
|-damage|p1a: Jumpluff|0 fnt
|faint|p1a: Jumpluff
|-damage|p2b: Julien|70/100|[from] Recoil
|move|p1b: Ursaluna|Headlong Rush|p2a: Melman
|-damage|p2a: Melman|47/100 slp
|-unboost|p1b: Ursaluna|def|1
|-unboost|p1b: Ursaluna|spd|1
|-enditem|p2a: Melman|Sitrus Berry|[eat]
|-heal|p2a: Melman|72/100 slp|[from] item: Sitrus Berry
|
|-damage|p1b: Ursaluna|95/100 brn|[from] brn
|upkeep
|
|t:|1757093438
|switch|p1a: Charizard|Charizard, L50, F, shiny|100/100
|turn|3
|inactive|MrTedno has 30 seconds left.
|
|t:|1757093467
|switch|p2b: Flamigo|Flamigo, L50, M|100/100
|move|p1a: Charizard|Heat Wave|p2a: Melman|[spread] p2a,p2b
|-resisted|p2a: Melman
|-damage|p2a: Melman|50/100 slp
|-damage|p2b: Flamigo|19/100
|move|p1b: Ursaluna|Earthquake|p2a: Melman|[spread] p2a
|-immune|p1a: Charizard
|-immune|p2b: Flamigo
|-damage|p2a: Melman|17/100 slp
|cant|p2a: Melman|slp
|
|-damage|p1b: Ursaluna|89/100 brn|[from] brn
|upkeep
|turn|4
|inactive|MrTedno has 30 seconds left.
|
|t:|1757093500
|move|p2b: Flamigo|Detect|p2b: Flamigo
|-singleturn|p2b: Flamigo|Protect
|-curestatus|p2a: Melman|slp|[msg]
|move|p2a: Melman|Rage Powder|p2a: Melman
|-singleturn|p2a: Melman|move: Rage Powder
|move|p1a: Charizard|Heat Wave|p2a: Melman|[spread] p2a
|-activate|p2b: Flamigo|move: Protect
|-resisted|p2a: Melman
|-damage|p2a: Melman|0 fnt
|faint|p2a: Melman
|move|p1b: Ursaluna|Earthquake|p2b: Flamigo|[spread] 
|-activate|p2b: Flamigo|move: Protect
|-immune|p1a: Charizard
|
|-damage|p1b: Ursaluna|83/100 brn|[from] brn
|upkeep
|inactive|MrTedno has 30 seconds left.
|inactive|MrTedno has 20 seconds left.
|inactive|MrTedno has 15 seconds left.
|
|t:|1757093540
|switch|p2a: Julien|Incineroar, L50, F|70/100
|-ability|p2a: Julien|Intimidate|boost
|-unboost|p1a: Charizard|atk|1
|-unboost|p1b: Ursaluna|atk|1
|turn|5
|
|t:|1757093562
|switch|p2b: Alex|Garchomp, L50, M|100/100
|-terastallize|p1a: Charizard|Ghost
|move|p1a: Charizard|Heat Wave|p2a: Julien|[spread] p2a
|-miss|p1a: Charizard|p2b: Alex
|-resisted|p2a: Julien
|-damage|p2a: Julien|52/100
|move|p2a: Julien|Knock Off|p1a: Charizard
|-supereffective|p1a: Charizard
|-damage|p1a: Charizard|0 fnt
|-enditem|p1a: Charizard|Choice Specs|[from] move: Knock Off|[of] p2a: Julien
|faint|p1a: Charizard
|move|p1b: Ursaluna|Headlong Rush|p2a: Julien
|-supereffective|p2a: Julien
|-damage|p2a: Julien|0 fnt
|-unboost|p1b: Ursaluna|def|1
|-unboost|p1b: Ursaluna|spd|1
|faint|p2a: Julien
|
|-damage|p1b: Ursaluna|77/100 brn|[from] brn
|upkeep
|
|t:|1757093575
|switch|p1a: Torkoal|Torkoal, L50, M|100/100
|switch|p2a: Flamigo|Flamigo, L50, M|19/100
|-weather|SunnyDay|[from] ability: Drought|[of] p1a: Torkoal
|turn|6
|inactive|MrTedno has 30 seconds left.
|inactive|MrTedno has 20 seconds left.
|inactive|MrTedno has 15 seconds left.
|
|t:|1757093616
|move|p2b: Alex|Protect|p2b: Alex
|-singleturn|p2b: Alex|Protect
|move|p2a: Flamigo|Detect|p2a: Flamigo
|-singleturn|p2a: Flamigo|Protect
|move|p1b: Ursaluna|Protect|p1b: Ursaluna
|-singleturn|p1b: Ursaluna|Protect
|move|p1a: Torkoal|Eruption|p2a: Flamigo|[spread] 
|-activate|p2a: Flamigo|move: Protect
|-activate|p2b: Alex|move: Protect
|
|-weather|SunnyDay|[upkeep]
|-damage|p1b: Ursaluna|71/100 brn|[from] brn
|upkeep
|turn|7
|
|t:|1757093640
|move|p1b: Ursaluna|Protect||[still]
|-fail|p1b: Ursaluna
|move|p2b: Alex|Earthquake|p1b: Ursaluna|[spread] p1a,p1b
|-immune|p2a: Flamigo
|-supereffective|p1a: Torkoal
|-damage|p1a: Torkoal|36/100
|-damage|p1b: Ursaluna|15/100 brn
|move|p2a: Flamigo|Close Combat|p1b: Ursaluna
|-supereffective|p1b: Ursaluna
|-crit|p1b: Ursaluna
|-damage|p1b: Ursaluna|0 fnt
|-unboost|p2a: Flamigo|def|1
|-unboost|p2a: Flamigo|spd|1
|faint|p1b: Ursaluna
|move|p1a: Torkoal|Eruption|p2b: Alex|[spread] p2a,p2b
|-resisted|p2b: Alex
|-damage|p2a: Flamigo|0 fnt
|-damage|p2b: Alex|85/100
|faint|p2a: Flamigo
|
|-weather|SunnyDay|[upkeep]
|upkeep
|turn|8
|
|t:|1757093650
|move|p2b: Alex|Earthquake|p1a: Torkoal
|-supereffective|p1a: Torkoal
|-damage|p1a: Torkoal|0 fnt
|faint|p1a: Torkoal
|
|win|MrTedno
