|j|☆agtr
|j|☆letcheflan
|html|agtrletcheflan    
|uhtml|bestof|Game 2 of a best-of-3
|t:|1782318505
|gametype|doubles
|player|p1|agtr|170|1070
|player|p2|letcheflan|n|1022
|gen|9
|tier|[Gen 9 Champions] VGC 2026 Reg M-B (Bo3)
|rated|
|rule|Species Clause: Limit one of each Pokémon
|rule|Item Clause: Limit 1 of each item
|clearpoke
|poke|p1|Meganium, L50, F|
|poke|p1|Gengar, L50, M|
|poke|p1|Maushold, L50|
|poke|p1|Rotom-Wash, L50|
|poke|p1|Incineroar, L50, F|
|poke|p1|Ninetales-Alola, L50, F|
|poke|p2|Mawile, L50, F|
|poke|p2|Farigiraf, L50, F, shiny|
|poke|p2|Sableye, L50, M|
|poke|p2|Swampert, L50, M|
|poke|p2|Arcanine, L50, M|
|poke|p2|Clefable, L50, M|
|teampreview|4
|showteam|p1|Meganium||Meganiumite|LeafGuard|SolarBeam,WeatherBall,DazzlingGleam,Protect|Timid||F|||50|]Gengar||Gengarite|CursedBody|SludgeBomb,ShadowBall,PerishSong,Protect|Timid||M|||50|]Maushold||WideLens|FriendGuard|PopulationBomb,SuperFang,Bite,FollowMe|Jolly|||||50|]Rotom-Wash||Leftovers|Levitate|HydroPump,Thunderbolt,VoltSwitch,WillOWisp|Timid|||||50|]Incineroar||QuickClaw|Intimidate|FlareBlitz,FakeOut,PartingShot,Protect|Careful||F|||50|]Ninetales-Alola||FocusSash|SnowWarning|Blizzard,AuroraVeil,Encore,Protect|Timid||F|||50|
|showteam|p2|Mawile||Mawilite|HyperCutter|Protect,PlayRough,IronHead,SuckerPunch|Brave||F|||50|]Farigiraf||ColburBerry|ArmorTail|AllySwitch,PsychicNoise,HelpingHand,TrickRoom|Bold||F|||50|]Sableye||RoseliBerry|Prankster|LightScreen,Reflect,RainDance,Quash|Careful||M|||50|]Swampert||Swampertite|Torrent|Protect,WaveCrash,HighHorsepower,BrickBreak|Adamant||M|||50|]Arcanine||SitrusBerry|Intimidate|HelpingHand,BurnUp,Snarl,Protect|Modest||M|||50|]Clefable||Leftovers|Unaware|Protect,AlluringVoice,FollowMe,LifeDew|Modest||M|||50|
|inactive|Battle timer is ON: inactive players will automatically lose when time's up. (requested by letcheflan)
|
|t:|1782318534
|teamsize|p1|4
|teamsize|p2|4
|start
|switch|p1a: Gengar|Gengar, L50, M|100/100
|switch|p1b: Incineroar|Incineroar, L50, F|100/100
|switch|p2a: Spyro|Arcanine, L50, M|100/100
|switch|p2b: Float|Farigiraf, L50, F, shiny|100/100
|-ability|p2a: Spyro|Intimidate|boost
|-unboost|p1a: Gengar|atk|1
|-unboost|p1b: Incineroar|atk|1
|-ability|p1b: Incineroar|Intimidate|boost
|-unboost|p2a: Spyro|atk|1
|-unboost|p2b: Float|atk|1
|turn|1
|inactive|agtr has 30 seconds left.
|
|t:|1782318565
|detailschange|p1a: Gengar|Gengar-Mega, L50, M
|-mega|p1a: Gengar|Gengar|Gengarite
|move|p1a: Gengar|Protect|p1a: Gengar
|-singleturn|p1a: Gengar|Protect
|move|p2a: Spyro|Burn Up|p1a: Gengar
|-activate|p1a: Gengar|move: Protect
|move|p2b: Float|Psychic Noise|p1a: Gengar
|-activate|p1a: Gengar|move: Protect
|move|p1b: Incineroar|Parting Shot|p2a: Spyro
|-unboost|p2a: Spyro|atk|1
|-unboost|p2a: Spyro|spa|1
|
|t:|1782318579
|switch|p1b: Rotom|Rotom-Wash, L50|100/100|[from] Parting Shot
|
|upkeep
|turn|2
|
|t:|1782318590
|switch|p1a: Incineroar|Incineroar, L50, F|100/100
|-ability|p1a: Incineroar|Intimidate|boost
|-unboost|p2a: Spyro|atk|1
|-unboost|p2b: Float|atk|1
|move|p1b: Rotom|Hydro Pump|p2a: Spyro
|-supereffective|p2a: Spyro|1
|-damage|p2a: Spyro|0 fnt
|faint|p2a: Spyro
|move|p2b: Float|Psychic Noise|p1a: Incineroar
|-immune|p1a: Incineroar
|
|upkeep
|
|t:|1782318602
|switch|p2a: G4MER67|Sableye, L50, M|100/100
|turn|3
|
|t:|1782318613
|move|p2a: G4MER67|Light Screen|p2a: G4MER67
|-sidestart|p2: letcheflan|move: Light Screen
|move|p1b: Rotom|Thunderbolt|p2a: G4MER67
|-damage|p2a: G4MER67|66/100
|move|p1a: Incineroar|Flare Blitz|p2a: G4MER67
|-damage|p2a: G4MER67|5/100
|-damage|p1a: Incineroar|84/100|[from] Recoil
|move|p2b: Float|Trick Room|p2b: Float
|-fieldstart|move: Trick Room|[of] p2b: Float
|
|upkeep
|turn|4
|-activate|p1a: Incineroar|item: Quick Claw
|
|t:|1782318635
|move|p2a: G4MER67|Rain Dance|p2a: G4MER67
|-weather|RainDance
|move|p1a: Incineroar|Flare Blitz|p2a: G4MER67
|-damage|p2a: G4MER67|0 fnt
|faint|p2a: G4MER67
|-damage|p1a: Incineroar|82/100|[from] Recoil
|move|p2b: Float|Psychic Noise|p1b: Rotom
|-damage|p1b: Rotom|66/100
|-start|p1b: Rotom|move: Heal Block
|move|p1b: Rotom|Thunderbolt|p2b: Float
|-damage|p2b: Float|75/100
|
|-weather|RainDance|[upkeep]
|upkeep
|
|t:|1782318648
|switch|p2a: Soya|Mawile, L50, F|100/100
|turn|5
|
|t:|1782318664
|detailschange|p2a: Soya|Mawile-Mega, L50, F
|-mega|p2a: Soya|Mawile|Mawilite
|move|p2b: Float|Ally Switch|p2b: Float
|swap|p2b: Float|0|[from] move: Ally Switch
|move|p2b: Soya|Play Rough|p1b: Rotom
|-damage|p1b: Rotom|0 fnt
|faint|p1b: Rotom
|move|p1a: Incineroar|Flare Blitz|p2a: Float
|-damage|p2a: Float|56/100
|-damage|p1a: Incineroar|75/100|[from] Recoil
|
|-weather|RainDance|[upkeep]
|upkeep
|
|t:|1782318678
|switch|p1b: Maushold|Maushold, L50|100/100
|turn|6
|-activate|p1a: Incineroar|item: Quick Claw
|
|t:|1782318693
|move|p1a: Incineroar|Protect|p1a: Incineroar
|-singleturn|p1a: Incineroar|Protect
|move|p2b: Soya|Play Rough|p1b: Maushold
|-damage|p1b: Maushold|0 fnt
|faint|p1b: Maushold
|move|p2a: Float|Psychic Noise|p1a: Incineroar
|-activate|p1a: Incineroar|move: Protect
|
|-weather|RainDance|[upkeep]
|upkeep
|
|t:|1782318704
|switch|p1b: Gengar|Gengar-Mega, L50, M|100/100
|turn|7
|
|t:|1782318716
|move|p2a: Float|Ally Switch|p2a: Float
|swap|p2a: Float|1|[from] move: Ally Switch
|move|p2a: Soya|Play Rough|p1a: Incineroar
|-damage|p1a: Incineroar|0 fnt
|faint|p1a: Incineroar
|move|p1b: Gengar|Perish Song|p1b: Gengar
|-start|p1b: Gengar|perish3|[silent]
|-start|p2a: Soya|perish3|[silent]
|-start|p2b: Float|perish3|[silent]
|-fieldactivate|move: Perish Song
|
|-weather|RainDance|[upkeep]
|-start|p2a: Soya|perish3
|-start|p2b: Float|perish3
|-start|p1b: Gengar|perish3
|-sideend|p2: letcheflan|move: Light Screen
|-fieldend|move: Trick Room
|upkeep
|turn|8
|
|t:|1782318733
|move|p1b: Gengar|Protect|p1b: Gengar
|-singleturn|p1b: Gengar|Protect
|move|p2a: Soya|Protect|p2a: Soya
|-singleturn|p2a: Soya|Protect
|move|p2b: Float|Trick Room|p2b: Float
|-fieldstart|move: Trick Room|[of] p2b: Float
|
|-weather|none
|-start|p2a: Soya|perish2
|-start|p2b: Float|perish2
|-start|p1b: Gengar|perish2
|upkeep
|turn|9
|
|t:|1782318750
|move|p1b: Gengar|Protect||[still]
|-fail|p1b: Gengar
|move|p2a: Soya|Iron Head|p1b: Gengar
|-damage|p1b: Gengar|0 fnt
|faint|p1b: Gengar
|
|win|letcheflan
|raw|agtr's rating: 1070 → 1047(-23 for losing)
|raw|letcheflan's rating: 1022 → 1064(+42 for winning)
|l|☆agtr
|player|p1|
