|j|☆TheMaster911
|j|☆Phonx_Ghost
|html|TheMaster911Phonx_Ghost    
|uhtml|bestof|Game 1 of a best-of-3
|t:|1783297683
|gametype|doubles
|player|p1|TheMaster911|dahlia|1000
|player|p2|Phonx_Ghost|will|1057
|gen|9
|tier|[Gen 9 Champions] VGC 2026 Reg M-B (Bo3)
|rated|
|rule|Species Clause: Limit one of each Pokémon
|rule|Item Clause: Limit 1 of each item
|clearpoke
|poke|p1|Malamar, L50, F|
|poke|p1|Sinistcha, L50|
|poke|p1|Scovillain, L50, M|
|poke|p1|Whimsicott, L50, F|
|poke|p1|Incineroar, L50, M|
|poke|p1|Primarina, L50, M|
|poke|p2|Golurk, L50, shiny|
|poke|p2|Oranguru, L50, M|
|poke|p2|Torkoal, L50, F|
|poke|p2|Staraptor, L50, M|
|poke|p2|Venusaur, L50, M|
|poke|p2|Dragonite, L50, F, shiny|
|teampreview|4
|showteam|p1|Malamar||Malamarite|Contrary|PsychoCut,Superpower,RockSlide,BatonPass|Adamant||F|||50|]Sinistcha||SitrusBerry|Hospitality|MatchaGotcha,StrengthSap,RagePowder,TrickRoom|Modest|||||50|]Scovillain||KebiaBerry|Insomnia|SeedBomb,Flamethrower,SpicyExtract,Protect|Relaxed||M|||50|]Whimsicott||FocusSash|Prankster|DazzlingGleam,Charm,TrickRoom,LightScreen|Modest||F|||50|]Incineroar||ChopleBerry|Intimidate|FlareBlitz,Acrobatics,FakeOut,PartingShot|Adamant||M|||50|]Primarina||LifeOrb|LiquidVoice|HyperVoice,DazzlingGleam,Charm,Protect|Bold||M|||50|
|showteam|p2|Golurk||Golurkite|IronFist|Poltergeist,DrainPunch,Earthquake,Protect|Adamant|||||50|]Oranguru||ColburBerry|Telepathy|TrickRoom,Instruct,ExpandingForce,FoulPlay|Bold||M|||50|]Torkoal||HeatRock|Drought|Eruption,BodyPress,Protect,StealthRock|Careful||F|||50|]Staraptor|||Intimidate|CloseCombat,Acrobatics,Facade,Protect|Adamant||M|||50|]Venusaur||Venusaurite|Chlorophyll|EnergyBall,SludgeWave,EarthPower,Protect|Timid||M|||50|]Dragonite||LifeOrb|Multiscale|ExtremeSpeed,Outrage,Fly,Protect|Adamant||F|||50|
|
|t:|1783297725
|teamsize|p1|4
|teamsize|p2|4
|start
|switch|p1a: Incineroar|Incineroar, L50, M|100/100
|switch|p1b: Malamar|Malamar, L50, F|100/100
|switch|p2a: Cranky Kong|Oranguru, L50, M|100/100
|switch|p2b: Tortuguita|Torkoal, L50, F|100/100
|-ability|p1a: Incineroar|Intimidate|boost
|-unboost|p2a: Cranky Kong|atk|1
|-unboost|p2b: Tortuguita|atk|1
|-weather|SunnyDay|[from] ability: Drought|[of] p2b: Tortuguita
|turn|1
|
|t:|1783297747
|detailschange|p1b: Malamar|Malamar-Mega, L50, F
|-mega|p1b: Malamar|Malamar|Malamarite
|move|p2b: Tortuguita|Protect|p2b: Tortuguita
|-singleturn|p2b: Tortuguita|Protect
|move|p1a: Incineroar|Fake Out|p2b: Tortuguita
|-activate|p2b: Tortuguita|move: Protect
|move|p1b: Malamar|Superpower|p2b: Tortuguita
|-activate|p2b: Tortuguita|move: Protect
|move|p2a: Cranky Kong|Trick Room|p2a: Cranky Kong
|-fieldstart|move: Trick Room|[of] p2a: Cranky Kong
|
|-weather|SunnyDay|[upkeep]
|upkeep
|turn|2
|
|t:|1783297764
|switch|p1b: Primarina|Primarina, L50, M|100/100
|move|p2b: Tortuguita|Eruption|p1a: Incineroar|[spread] p1a,p1b
|-resisted|p1a: Incineroar|1
|-resisted|p1b: Primarina|1
|-damage|p1a: Incineroar|78/100
|-damage|p1b: Primarina|77/100
|move|p2a: Cranky Kong|Instruct|p2b: Tortuguita
|-singleturn|p2b: Tortuguita|move: Instruct|[of] p2a: Cranky Kong
|move|p2b: Tortuguita|Eruption|p1b: Primarina|[spread] p1a,p1b
|-resisted|p1a: Incineroar|1
|-resisted|p1b: Primarina|1
|-damage|p1a: Incineroar|57/100
|-damage|p1b: Primarina|55/100
|move|p1a: Incineroar|Parting Shot|p2b: Tortuguita
|-unboost|p2b: Tortuguita|atk|1
|-unboost|p2b: Tortuguita|spa|1
|
|t:|1783297785
|switch|p1a: Malamar|Malamar-Mega, L50, F|100/100|[from] Parting Shot
|
|-weather|SunnyDay|[upkeep]
|upkeep
|turn|3
|
|t:|1783297810
|switch|p2b: Edgar|Staraptor, L50, M|100/100
|-ability|p2b: Edgar|Intimidate|boost
|-boost|p1a: Malamar|atk|1
|-unboost|p1b: Primarina|atk|1
|move|p2a: Cranky Kong|Expanding Force|p1b: Primarina
|-damage|p1b: Primarina|30/100
|move|p1b: Primarina|Hyper Voice|p2b: Edgar|[spread] p2a,p2b
|-damage|p2a: Cranky Kong|83/100
|-damage|p2b: Edgar|62/100
|-damage|p1b: Primarina|21/100|[from] item: Life Orb
|move|p1a: Malamar|Rock Slide|p2a: Cranky Kong|[spread] p2a,p2b
|-supereffective|p2b: Edgar|1
|-damage|p2a: Cranky Kong|61/100
|-damage|p2b: Edgar|0 fnt
|faint|p2b: Edgar
|
|-weather|SunnyDay|[upkeep]
|upkeep
|
|t:|1783297829
|switch|p2b: Reginaldo-Prime|Golurk, L50, shiny|100/100
|turn|4
|
|t:|1783297855
|detailschange|p2b: Reginaldo-Prime|Golurk-Mega, L50, shiny
|-mega|p2b: Reginaldo-Prime|Golurk|Golurkite
|move|p2b: Reginaldo-Prime|Earthquake|p1a: Malamar|[spread] p1a,p1b
|-activate|p2a: Cranky Kong|ability: Telepathy
|-damage|p1a: Malamar|46/100
|-damage|p1b: Primarina|0 fnt
|faint|p1b: Primarina
|move|p2a: Cranky Kong|Foul Play|p1a: Malamar
|-damage|p1a: Malamar|0 fnt
|faint|p1a: Malamar
|
|-weather|SunnyDay|[upkeep]
|upkeep
|
|t:|1783297867
|switch|p1b: Sinistcha|Sinistcha, L50|100/100
|switch|p1a: Incineroar|Incineroar, L50, M|57/100
|-ability|p1a: Incineroar|Intimidate|boost
|-unboost|p2a: Cranky Kong|atk|1
|-unboost|p2b: Reginaldo-Prime|atk|1
|-heal|p1a: Incineroar|81/100|[from] ability: Hospitality|[of] p1b: Sinistcha
|turn|5
|
|t:|1783297884
|move|p1a: Incineroar|Fake Out|p2a: Cranky Kong
|-damage|p2a: Cranky Kong|48/100
|move|p2b: Reginaldo-Prime|Earthquake|p1b: Sinistcha|[spread] p1a,p1b
|-activate|p2a: Cranky Kong|ability: Telepathy
|-supereffective|p1a: Incineroar|1
|-resisted|p1b: Sinistcha|1
|-damage|p1a: Incineroar|29/100
|-damage|p1b: Sinistcha|85/100
|cant|p2a: Cranky Kong|flinch
|move|p1b: Sinistcha|Strength Sap|p2b: Reginaldo-Prime
|-unboost|p2b: Reginaldo-Prime|atk|1
|-heal|p1b: Sinistcha|100/100
|
|-weather|SunnyDay|[upkeep]
|-fieldend|move: Trick Room
|upkeep
|turn|6
|
|t:|1783297910
|switch|p2b: Tortuguita|Torkoal, L50, F|100/100
|move|p1b: Sinistcha|Matcha Gotcha|p2b: Tortuguita|[spread] p2a,p2b
|-resisted|p2b: Tortuguita|1
|-damage|p2a: Cranky Kong|28/100
|-damage|p2b: Tortuguita|83/100
|move|p1a: Incineroar|Parting Shot|p2b: Tortuguita
|-unboost|p2b: Tortuguita|atk|1
|-unboost|p2b: Tortuguita|spa|1
|move|p2a: Cranky Kong|Trick Room|p2a: Cranky Kong
|-fieldstart|move: Trick Room|[of] p2a: Cranky Kong
|
|-weather|SunnyDay|[upkeep]
|upkeep
|turn|7
|
|t:|1783297935
|move|p2b: Tortuguita|Eruption|p1b: Sinistcha|[spread] p1a,p1b
|-resisted|p1a: Incineroar|1
|-supereffective|p1b: Sinistcha|1
|-damage|p1a: Incineroar|16/100
|-damage|p1b: Sinistcha|38/100
|-enditem|p1b: Sinistcha|Sitrus Berry|[eat]
|-heal|p1b: Sinistcha|63/100|[from] item: Sitrus Berry
|move|p2a: Cranky Kong|Instruct|p2b: Tortuguita
|-singleturn|p2b: Tortuguita|move: Instruct|[of] p2a: Cranky Kong
|move|p2b: Tortuguita|Eruption|p1a: Incineroar|[spread] p1a,p1b
|-resisted|p1a: Incineroar|1
|-supereffective|p1b: Sinistcha|1
|-damage|p1a: Incineroar|3/100
|-damage|p1b: Sinistcha|0 fnt
|faint|p1b: Sinistcha
|move|p1a: Incineroar|Flare Blitz|p2b: Tortuguita
|-resisted|p2b: Tortuguita|1
|-damage|p2b: Tortuguita|50/100g
|-damage|p1a: Incineroar|0 fnt|[from] Recoil
|faint|p1a: Incineroar
|
|win|Phonx_Ghost
||Phonx_Ghost is ready for game 2.
|inactive|TheMaster911 has 30 seconds to confirm battle start!
|l|☆TheMaster911
|player|p1|
|inactive|TheMaster911 has 20 seconds to confirm battle start!
