|j|☆DraKaynite
|j|☆Pokemaster995
|html|DraKaynitePokemaster995    
|uhtml|bestof|Game 1 of a best-of-3
|t:|1757122677
|gametype|doubles
|player|p1|DraKaynite|caitlin|
|player|p2|Pokemaster995|miku-fire|
|gen|9
|tier|[Gen 9] VGC 2025 Reg H (Bo3)
|rule|Species Clause: Limit one of each Pokémon
|rule|Item Clause: Limit 1 of each item
|clearpoke
|poke|p1|Maushold-Four, L50|
|poke|p1|Rillaboom, L50, M|
|poke|p1|Gholdengo, L50|
|poke|p1|Pelipper, L50, F|
|poke|p1|Whimsicott, L50, M|
|poke|p1|Corviknight, L50, M|
|poke|p2|Dragonite, L50, M|
|poke|p2|Incineroar, L50, M|
|poke|p2|Gholdengo, L50|
|poke|p2|Sneasler, L50, F|
|poke|p2|Ursaluna-Bloodmoon, L50, M|
|poke|p2|Annihilape, L50, F|
|teampreview|4
|showteam|p1|Maushold-Four||FocusSash|FriendGuard|SuperFang,FollowMe,Protect,Encore||||||50|,,,,,Ghost]Rillaboom||AssaultVest|GrassySurge|WoodHammer,GrassyGlide,Uturn,FakeOut|||M|||50|,,,,,Fire]Gholdengo||LifeOrb|GoodasGold|MakeItRain,ShadowBall,NastyPlot,Protect||||||50|,,,,,Steel]Pelipper||CovertCloak|Drizzle|Tailwind,WeatherBall,WideGuard,Hurricane|||F|||50|,,,,,Grass]Whimsicott||MentalHerb|Prankster|Moonblast,Tailwind,Encore,MistyTerrain|||M|||50|,,,,,Steel]Corviknight||MistySeed|MirrorArmor|PowerTrip,BraveBird,BulkUp,Roost|||M|||50|,,,,,Fire
|showteam|p2|Dragonite||LoadedDice|Multiscale|ScaleShot,Protect,Haze,ExtremeSpeed|||M|||50|,,,,,Dragon]Incineroar||SafetyGoggles|Intimidate|FakeOut,KnockOff,PartingShot,FlareBlitz|||M|||50|,,,,,Fire]Gholdengo||LifeOrb|GoodasGold|MakeItRain,ShadowBall,NastyPlot,Protect||||||50|,,,,,Steel]Sneasler||FocusSash|Unburden|Protect,DireClaw,CloseCombat,ThroatChop|||F|||50|,,,,,Fighting]Ursaluna-Bloodmoon||AssaultVest|MindsEye|EarthPower,BloodMoon,HyperVoice,VacuumWave|||M|||50|,,,,,Ground]Annihilape||SitrusBerry|Defiant|RageFist,CloseCombat,Protect,DrainPunch|||F|||50|,,,,,Fighting
|c|☆DraKaynite|nice teras lol
|
|t:|1757122749
|teamsize|p1|4
|teamsize|p2|4
|start
|switch|p1a: Whimsicott|Whimsicott, L50, M|100/100
|switch|p1b: Corviknight|Corviknight, L50, M|100/100
|switch|p2a: Made|Incineroar, L50, M|100/100
|switch|p2b: Myself|Ursaluna-Bloodmoon, L50, M|100/100
|-ability|p2a: Made|Intimidate|boost
|-unboost|p1a: Whimsicott|atk|1
|-ability|p1b: Corviknight|Mirror Armor
|-unboost|p2a: Made|atk|1
|turn|1
|
|t:|1757122779
|-terastallize|p1b: Corviknight|Fire
|move|p2a: Made|Fake Out|p1a: Whimsicott
|-damage|p1a: Whimsicott|90/100
|cant|p1a: Whimsicott|flinch
|move|p2b: Myself|Blood Moon|p1a: Whimsicott
|-damage|p1a: Whimsicott|2/100
|move|p1b: Corviknight|Bulk Up|p1b: Corviknight
|-boost|p1b: Corviknight|atk|1
|-boost|p1b: Corviknight|def|1
|
|upkeep
|turn|2
|
|t:|1757122802
|move|p1a: Whimsicott|Misty Terrain|p1a: Whimsicott
|-fieldstart|move: Misty Terrain
|-enditem|p1b: Corviknight|Misty Seed
|-boost|p1b: Corviknight|spd|1|[from] item: Misty Seed
|move|p2b: Myself|Earth Power|p1b: Corviknight
|-supereffective|p1b: Corviknight
|-damage|p1b: Corviknight|47/100
|move|p1b: Corviknight|Bulk Up|p1b: Corviknight
|-boost|p1b: Corviknight|atk|1
|-boost|p1b: Corviknight|def|1
|move|p2a: Made|Knock Off|p1a: Whimsicott
|-resisted|p1a: Whimsicott
|-damage|p1a: Whimsicott|0 fnt
|-enditem|p1a: Whimsicott|Mental Herb|[from] move: Knock Off|[of] p2a: Made
|faint|p1a: Whimsicott
|
|upkeep
|
|t:|1757122806
|switch|p1a: Maushold|Maushold-Four, L50|100/100
|turn|3
|
|t:|1757122829
|move|p1a: Maushold|Follow Me|p1a: Maushold
|-singleturn|p1a: Maushold|move: Follow Me
|move|p2b: Myself|Hyper Voice|p1a: Maushold|[spread] p1a,p1b
|-damage|p1a: Maushold|54/100
|-damage|p1b: Corviknight|31/100
|move|p1b: Corviknight|Roost|p1b: Corviknight
|-heal|p1b: Corviknight|81/100
|move|p2a: Made|Parting Shot|p1a: Maushold
|-unboost|p1a: Maushold|atk|1
|-unboost|p1a: Maushold|spa|1
|
|t:|1757122838
|switch|p2a: I|Dragonite, L50, M|100/100|[from] Parting Shot
|
|upkeep
|turn|4
|
|t:|1757122901
|move|p1a: Maushold|Follow Me|p1a: Maushold
|-singleturn|p1a: Maushold|move: Follow Me
|move|p2a: I|Haze|p2a: I
|-clearallboost
|move|p2b: Myself|Earth Power|p1a: Maushold
|-damage|p1a: Maushold|0 fnt
|faint|p1a: Maushold
|move|p1b: Corviknight|Brave Bird|p2a: I
|-damage|p2a: I|75/100
|-damage|p1b: Corviknight|75/100|[from] Recoil
|
|upkeep
|
|t:|1757122918
|switch|p1a: Pelipper|Pelipper, L50, F|100/100
|-weather|RainDance|[from] ability: Drizzle|[of] p1a: Pelipper
|turn|5
|j| Bronsted420
|
|t:|1757122941
|move|p2a: I|Scale Shot|p1b: Corviknight
|-damage|p1b: Corviknight|69/100
|-damage|p1b: Corviknight|63/100
|-crit|p1b: Corviknight
|-damage|p1b: Corviknight|52/100
|-damage|p1b: Corviknight|47/100
|-hitcount|p1b: Corviknight|4
|-unboost|p2a: I|def|1
|-boost|p2a: I|spe|1
|move|p1a: Pelipper|Weather Ball|p2b: Myself
|-supereffective|p2b: Myself
|-damage|p2b: Myself|0 fnt
|faint|p2b: Myself
|move|p1b: Corviknight|Brave Bird|p2a: I
|-damage|p2a: I|0 fnt
|faint|p2a: I
|-damage|p1b: Corviknight|26/100|[from] Recoil
|
|-weather|RainDance|[upkeep]
|upkeep
|
|t:|1757122957
|switch|p2a: This|Gholdengo, L50|100/100
|switch|p2b: Made|Incineroar, L50, M|100/100
|-ability|p2b: Made|Intimidate|boost
|-unboost|p1a: Pelipper|atk|1
|-ability|p1b: Corviknight|Mirror Armor
|-unboost|p2b: Made|atk|1
|turn|6
|j| big skib
|
|t:|1757122977
|-terastallize|p2a: This|Steel
|move|p1a: Pelipper|Wide Guard|p1a: Pelipper
|-singleturn|p1a: Pelipper|Wide Guard
|move|p2a: This|Shadow Ball|p1b: Corviknight
|-damage|p1b: Corviknight|0 fnt
|faint|p1b: Corviknight
|-damage|p2a: This|91/100|[from] item: Life Orb
|move|p2b: Made|Parting Shot|p1a: Pelipper
|-unboost|p1a: Pelipper|atk|1
|-unboost|p1a: Pelipper|spa|1
|
|-weather|RainDance|[upkeep]
|-fieldend|Misty Terrain
|upkeep
|turn|7
|c| big skib|Alr bruh I go to look at what the nice Tera’s are
|c| big skib|and then everyone fies
|
|t:|1757123003
|move|p2a: This|Shadow Ball|p1a: Pelipper
|-damage|p1a: Pelipper|1/100
|-damage|p2a: This|82/100|[from] item: Life Orb
|move|p1a: Pelipper|Weather Ball|p2a: This
|-damage|p2a: This|31/100
|move|p2b: Made|Parting Shot|p1a: Pelipper
|-unboost|p1a: Pelipper|atk|1
|-unboost|p1a: Pelipper|spa|1
|
|-weather|RainDance|[upkeep]
|upkeep
|turn|8
|
|t:|1757123011
|move|p2a: This|Shadow Ball|p1a: Pelipper
|-damage|p1a: Pelipper|0 fnt
|faint|p1a: Pelipper
|-damage|p2a: This|22/100|[from] item: Life Orb
|
|win|Pokemaster995
||DraKaynite is ready for game 2.
||Pokemaster995 is ready for game 2.
|uhtml|next|Next: Game 2 of 3
|l| Bronsted420
|l|☆DraKaynite
|player|p1|
|l| big skib
