|j|☆Welosethose!
|j|☆ryoshino
|html|Welosethose!ryoshino    
|uhtml|bestof|Game 2 of a best-of-3
|t:|1757000902
|gametype|doubles
|player|p1|Welosethose!|hilbert|1184
|player|p2|ryoshino|2|1239
|gen|9
|tier|[Gen 9] VGC 2025 Reg H (Bo3)
|rated|
|rule|Species Clause: Limit one of each Pokémon
|rule|Item Clause: Limit 1 of each item
|clearpoke
|poke|p1|Kingambit, L50, M|
|poke|p1|Electabuzz, L50, M|
|poke|p1|Sneasler, L50, M|
|poke|p1|Tyranitar, L50, M|
|poke|p1|Annihilape, L50, F|
|poke|p1|Dragonite, L50, F|
|poke|p2|Murkrow, L50, F|
|poke|p2|Gholdengo, L50|
|poke|p2|Dondozo, L50, M|
|poke|p2|Tatsugiri, L50, F|
|poke|p2|Clefable, L50, F|
|poke|p2|Rillaboom, L50, F|
|teampreview|4
|showteam|p1|Kingambit||SafetyGoggles|Defiant|KowtowCleave,SuckerPunch,SwordsDance,Protect|||M|||50|,,,,,Dark]Electabuzz||Eviolite|VitalSpirit|Electroweb,FollowMe,Taunt,Protect|||M|||50|,,,,,Water]Sneasler||FocusSash|Unburden|FakeOut,CloseCombat,DireClaw,Protect|||M|||50|,,,,,Stellar]Tyranitar||AssaultVest|SandStream|RockSlide,KnockOff,LowKick,TeraBlast|||M|||50|,,,,,Flying]Annihilape||Leftovers|Defiant|RageFist,DrainPunch,BulkUp,Protect|||F|||50|,,,,,Fire]Dragonite||LoadedDice|Multiscale|ScaleShot,ExtremeSpeed,Haze,Protect|||F|||50|,,,,,Fairy
|showteam|p2|Murkrow||Eviolite|Prankster|Tailwind,FoulPlay,Taunt,Haze|||F|||50|,,,,,Ghost]Gholdengo||ChoiceSpecs|GoodasGold|MakeItRain,Trick,ShadowBall,Thunderbolt||||||50|,,,,,Steel]Dondozo||Leftovers|Unaware|WaveCrash,Earthquake,OrderUp,Protect|||M|||50|,,,,,Grass]Tatsugiri||FocusSash|Commander|DracoMeteor,IcyWind,MuddyWater,Protect|||F|||50|,,,,,Stellar]Clefable||RockyHelmet|Unaware|Moonblast,FollowMe,Encore,Protect|||F|||50|,,,,,Ghost]Rillaboom||AssaultVest|GrassySurge|DrumBeating,GrassyGlide,Uturn,FakeOut|||F|||50|,,,,,Fire
|inactive|Battle timer is ON: inactive players will automatically lose when time's up. (requested by ryoshino)
|
|t:|1757000919
|teamsize|p1|4
|teamsize|p2|4
|start
|switch|p1a: Electabuzz|Electabuzz, L50, M|100/100
|switch|p1b: Kingambit|Kingambit, L50, M|100/100
|switch|p2a: Clefable|Clefable, L50, F|100/100
|switch|p2b: Gholdengo|Gholdengo, L50|100/100
|turn|1
|inactive|Welosethose! has 30 seconds left.
|
|t:|1757000948
|-terastallize|p2b: Gholdengo|Steel
|move|p1b: Kingambit|Protect|p1b: Kingambit
|-singleturn|p1b: Kingambit|Protect
|move|p2a: Clefable|Follow Me|p2a: Clefable
|-singleturn|p2a: Clefable|move: Follow Me
|move|p2b: Gholdengo|Make It Rain|p1a: Electabuzz|[spread] p1a
|-activate|p1b: Kingambit|move: Protect
|-resisted|p1a: Electabuzz
|-damage|p1a: Electabuzz|67/100
|-unboost|p2b: Gholdengo|spa|1
|move|p1a: Electabuzz|Taunt|p2a: Clefable
|-start|p2a: Clefable|move: Taunt
|
|upkeep
|turn|2
|
|t:|1757000965
|move|p1a: Electabuzz|Follow Me|p1a: Electabuzz
|-singleturn|p1a: Electabuzz|move: Follow Me
|move|p2b: Gholdengo|Make It Rain|p1a: Electabuzz|[spread] p1a,p1b
|-resisted|p1a: Electabuzz
|-resisted|p1b: Kingambit
|-damage|p1a: Electabuzz|42/100
|-damage|p1b: Kingambit|69/100
|-unboost|p2b: Gholdengo|spa|1
|move|p2a: Clefable|Moonblast|p1a: Electabuzz
|-damage|p1a: Electabuzz|22/100
|move|p1b: Kingambit|Swords Dance|p1b: Kingambit
|-boost|p1b: Kingambit|atk|2
|
|upkeep
|turn|3
|
|t:|1757000988
|switch|p2b: Murkrow|Murkrow, L50, F|100/100
|move|p1a: Electabuzz|Follow Me|p1a: Electabuzz
|-singleturn|p1a: Electabuzz|move: Follow Me
|move|p2a: Clefable|Moonblast|p1a: Electabuzz
|-damage|p1a: Electabuzz|1/100
|move|p1b: Kingambit|Kowtow Cleave|p2b: Murkrow
|-resisted|p2b: Murkrow
|-damage|p2b: Murkrow|47/100
|
|upkeep
|turn|4
|inactive|Welosethose! has 30 seconds left.
|inactive|Welosethose! has 20 seconds left.
|inactive|Welosethose! has 15 seconds left.
|
|t:|1757001029
|-terastallize|p1b: Kingambit|Dark
|move|p1a: Electabuzz|Follow Me|p1a: Electabuzz
|-singleturn|p1a: Electabuzz|move: Follow Me
|move|p2b: Murkrow|Haze|p2b: Murkrow
|-clearallboost
|move|p2a: Clefable|Moonblast|p1a: Electabuzz
|-damage|p1a: Electabuzz|0 fnt
|faint|p1a: Electabuzz
|move|p1b: Kingambit|Kowtow Cleave|p2b: Murkrow
|-resisted|p2b: Murkrow
|-damage|p2b: Murkrow|8/100
|
|-end|p2a: Clefable|move: Taunt
|upkeep
|
|t:|1757001042
|switch|p1a: Annihilape|Annihilape, L50, F|100/100
|turn|5
|
|t:|1757001054
|move|p2b: Murkrow|Tailwind|p2b: Murkrow
|-sidestart|p2: ryoshino|move: Tailwind
|move|p2a: Clefable|Moonblast|p1a: Annihilape
|-supereffective|p1a: Annihilape
|-damage|p1a: Annihilape|48/100
|move|p1a: Annihilape|Bulk Up|p1a: Annihilape
|-boost|p1a: Annihilape|atk|1
|-boost|p1a: Annihilape|def|1
|move|p1b: Kingambit|Kowtow Cleave|p2b: Murkrow
|-resisted|p2b: Murkrow
|-damage|p2b: Murkrow|0 fnt
|faint|p2b: Murkrow
|
|-heal|p1a: Annihilape|54/100|[from] item: Leftovers
|upkeep
|
|t:|1757001059
|switch|p2b: Gholdengo|Gholdengo, L50, tera:Steel|100/100
|turn|6
|
|t:|1757001066
|move|p1a: Annihilape|Protect|p1a: Annihilape
|-singleturn|p1a: Annihilape|Protect
|move|p2a: Clefable|Follow Me|p2a: Clefable
|-singleturn|p2a: Clefable|move: Follow Me
|move|p2b: Gholdengo|Make It Rain|p1b: Kingambit|[spread] p1b
|-activate|p1a: Annihilape|move: Protect
|-damage|p1b: Kingambit|0 fnt
|-unboost|p2b: Gholdengo|spa|1
|faint|p1b: Kingambit
|
|-heal|p1a: Annihilape|60/100|[from] item: Leftovers
|upkeep
|
|t:|1757001073
|switch|p1b: Dragonite|Dragonite, L50, F|100/100
|turn|7
|
|t:|1757001086
|move|p1b: Dragonite|Protect|p1b: Dragonite
|-singleturn|p1b: Dragonite|Protect
|move|p2b: Gholdengo|Make It Rain|p1a: Annihilape|[spread] p1a
|-activate|p1b: Dragonite|move: Protect
|-damage|p1a: Annihilape|5/100
|-unboost|p2b: Gholdengo|spa|1
|move|p2a: Clefable|Moonblast|p1b: Dragonite
|-activate|p1b: Dragonite|move: Protect
|move|p1a: Annihilape|Rage Fist|p2a: Clefable
|-damage|p2a: Clefable|38/100
|-damage|p1a: Annihilape|0 fnt|[from] item: Rocky Helmet|[of] p2a: Clefable
|faint|p1a: Annihilape
|
|upkeep
|turn|8
|
|t:|1757001093
|move|p1b: Dragonite|Extreme Speed|p2a: Clefable
|-damage|p2a: Clefable|10/100
|-damage|p1b: Dragonite|84/100|[from] item: Rocky Helmet|[of] p2a: Clefable
|move|p2b: Gholdengo|Make It Rain|p1b: Dragonite
|-damage|p1b: Dragonite|11/100
|-unboost|p2b: Gholdengo|spa|1
|move|p2a: Clefable|Moonblast|p1b: Dragonite
|-supereffective|p1b: Dragonite
|-damage|p1b: Dragonite|0 fnt
|faint|p1b: Dragonite
|
|win|ryoshino
||Welosethose! is ready for game 3.
||ryoshino is ready for game 3.
|uhtml|next|Next: Game 3 of 3
|l|☆ryoshino
|player|p2|
