|j|☆dookyinmycookie
|j|☆P3pp0uz
|html|dookyinmycookieP3pp0uz    
|uhtml|bestof|Game 2 of a best-of-3
|t:|1783008360
|gametype|doubles
|player|p1|dookyinmycookie|skyla|1089
|player|p2|P3pp0uz|266|1025
|gen|9
|tier|[Gen 9 Champions] VGC 2026 Reg M-B (Bo3)
|rated|
|rule|Species Clause: Limit one of each Pokémon
|rule|Item Clause: Limit 1 of each item
|clearpoke
|poke|p1|Blastoise, L50, M, shiny|
|poke|p1|Sinistcha-Masterpiece, L50, shiny|
|poke|p1|Aerodactyl, L50, M, shiny|
|poke|p1|Sableye, L50, M, shiny|
|poke|p1|Araquanid, L50, M, shiny|
|poke|p1|Basculegion, L50, M, shiny|
|poke|p2|Gholdengo, L50|
|poke|p2|Whimsicott, L50, M|
|poke|p2|Garchomp, L50, M|
|poke|p2|Charizard, L50, M|
|poke|p2|Basculegion, L50, M|
|poke|p2|Sneasler, L50, M|
|teampreview|4
|showteam|p1|Blastoise||Blastoisinite|Torrent|FakeOut,WaterSpout,DarkPulse,AuraSphere|Modest||M|||50|]Sinistcha-Masterpiece||Leftovers|Hospitality|RagePowder,TrickRoom,MatchaGotcha,Protect|Modest|||||50|]Aerodactyl||FocusSash|Unnerve|Tailwind,RockSlide,Crunch,Protect|Jolly||M|||50|]Sableye||RoseliBerry|Prankster|FakeOut,Quash,RainDance,LightScreen|Careful||M|||50|]Araquanid||SitrusBerry|WaterBubble|Liquidation,LeechLife,WideGuard,Protect|Brave||M|||50|]Basculegion||LifeOrb|Adaptability|WaveCrash,LastRespects,FlipTurn,Protect|Brave||M|||50|
|showteam|p2|Gholdengo||MetalCoat|GoodasGold|ShadowBall,MakeItRain,NastyPlot,Protect|Modest|||||50|]Whimsicott||FocusSash|Prankster|Moonblast,Tailwind,Encore,Protect|Timid||M|||50|]Garchomp||LifeOrb|SandVeil|DragonClaw,StompingTantrum,Earthquake,Protect|Jolly||M|||50|]Charizard||CharizarditeY|Blaze|WeatherBall,HeatWave,SolarBeam,Protect|Modest||M|||50|]Basculegion||MysticWater|Adaptability|WaveCrash,LastRespects,AquaJet,Protect|Adamant||M|||50|]Sneasler||WhiteHerb|Unburden|DireClaw,FakeOut,CloseCombat,Protect|Jolly||M|||50|
|
|t:|1783008401
|teamsize|p1|4
|teamsize|p2|4
|start
|switch|p1a: Sinistcha|Sinistcha-Masterpiece, L50, shiny|100/100
|switch|p1b: Sableye|Sableye, L50, M, shiny|100/100
|switch|p2a: Whimsicott|Whimsicott, L50, M|100/100
|switch|p2b: Garchomp|Garchomp, L50, M|100/100
|turn|1
|
|t:|1783008447
|move|p1b: Sableye|Fake Out|p2a: Whimsicott
|-damage|p2a: Whimsicott|89/100
|cant|p2a: Whimsicott|flinch
|move|p2b: Garchomp|Dragon Claw|p1b: Sableye
|-damage|p1b: Sableye|18/100
|-damage|p2b: Garchomp|90/100|[from] item: Life Orb
|move|p1a: Sinistcha|Trick Room|p1a: Sinistcha
|-fieldstart|move: Trick Room|[of] p1a: Sinistcha
|
|upkeep
|turn|2
|
|t:|1783008476
|move|p1b: Sableye|Rain Dance|p1b: Sableye
|-weather|RainDance
|move|p1a: Sinistcha|Matcha Gotcha|p2b: Garchomp|[spread] p2a,p2b
|-resisted|p2a: Whimsicott|1
|-damage|p2a: Whimsicott|59/100
|-damage|p2b: Garchomp|56/100
|move|p2b: Garchomp|Earthquake|p1a: Sinistcha|[spread] p2a,p1a,p1b
|-resisted|p2a: Whimsicott|1
|-resisted|p1a: Sinistcha|1
|-damage|p2a: Whimsicott|24/100
|-damage|p1a: Sinistcha|77/100
|-damage|p1b: Sableye|0 fnt
|faint|p1b: Sableye
|-damage|p2b: Garchomp|46/100|[from] item: Life Orb
|move|p2a: Whimsicott|Moonblast|p1a: Sinistcha
|-damage|p1a: Sinistcha|34/100
|-unboost|p1a: Sinistcha|spa|1
|
|-weather|RainDance|[upkeep]
|-heal|p1a: Sinistcha|40/100|[from] item: Leftovers
|upkeep
|
|t:|1783008493
|switch|p1b: Blastoise|Blastoise, L50, M, shiny|100/100
|turn|3
|
|t:|1783008514
|detailschange|p1b: Blastoise|Blastoise-Mega, L50, M, shiny
|-mega|p1b: Blastoise|Blastoise|Blastoisinite
|move|p1a: Sinistcha|Matcha Gotcha|p2b: Garchomp|[spread] p2a,p2b
|-resisted|p2a: Whimsicott|1
|-damage|p2a: Whimsicott|6/100
|-heal|p1a: Sinistcha|48/100|[from] drain|[of] p2a: Whimsicott
|-damage|p2b: Garchomp|22/100
|-heal|p1a: Sinistcha|61/100|[from] drain|[of] p2b: Garchomp
|move|p1b: Blastoise|Water Spout|p2a: Whimsicott|[spread] p2a,p2b
|-resisted|p2a: Whimsicott|1
|-damage|p2a: Whimsicott|0 fnt
|-damage|p2b: Garchomp|0 fnt
|faint|p2a: Whimsicott
|faint|p2b: Garchomp
|
|-weather|RainDance|[upkeep]
|-heal|p1a: Sinistcha|67/100|[from] item: Leftovers
|upkeep
|
|t:|1783008529
|switch|p2b: Charizard|Charizard, L50, M|100/100
|switch|p2a: Gholdengo|Gholdengo, L50|100/100
|turn|4
|
|t:|1783008566
|detailschange|p2b: Charizard|Charizard-Mega-Y, L50, M
|-mega|p2b: Charizard|Charizard|Charizardite Y
|-weather|SunnyDay|[from] ability: Drought|[of] p2b: Charizard
|move|p1a: Sinistcha|Rage Powder|p1a: Sinistcha
|-singleturn|p1a: Sinistcha|move: Rage Powder
|move|p1b: Blastoise|Dark Pulse|p2a: Gholdengo
|-supereffective|p2a: Gholdengo|1
|-damage|p2a: Gholdengo|9/100
|move|p2a: Gholdengo|Shadow Ball|p1a: Sinistcha
|-supereffective|p1a: Sinistcha|1
|-damage|p1a: Sinistcha|0 fnt
|faint|p1a: Sinistcha
|move|p2b: Charizard|Heat Wave|p1b: Blastoise
|-resisted|p1b: Blastoise|1
|-damage|p1b: Blastoise|68/100
|
|-weather|SunnyDay|[upkeep]
|upkeep
|
|t:|1783008578
|switch|p1a: Basculegion|Basculegion, L50, M, shiny|100/100
|turn|5
|
|t:|1783008598
|move|p1a: Basculegion|Wave Crash|p2b: Charizard
|-supereffective|p2b: Charizard|1
|-damage|p2b: Charizard|4/100
|-damage|p1a: Basculegion|75/100|[from] Recoil
|-damage|p1a: Basculegion|66/100|[from] item: Life Orb
|move|p1b: Blastoise|Water Spout|p2a: Gholdengo|[spread] p2a,p2b
|-supereffective|p2b: Charizard|1
|-damage|p2a: Gholdengo|0 fnt
|-damage|p2b: Charizard|0 fnt
|faint|p2a: Gholdengo
|faint|p2b: Charizard
|
|win|dookyinmycookie
||P3pp0uz is ready for game 3.
||dookyinmycookie is ready for game 3.
|uhtml|next|Next: Game 3 of 3
|l|☆dookyinmycookie
|player|p1|
