|j|☆epic17x
|j|☆Shishio_Ax
|html|epic17xShishio_Ax    
|uhtml|bestof|Game 1 of a best-of-3
|t:|1756570596
|gametype|doubles
|player|p1|epic17x|steven|1338
|player|p2|Shishio_Ax|gambler|1408
|gen|9
|tier|[Gen 9] VGC 2025 Reg H (Bo3)
|rated|
|rule|Species Clause: Limit one of each Pokémon
|rule|Item Clause: Limit 1 of each item
|clearpoke
|poke|p1|Ninetales-Alola, L50, F|
|poke|p1|Magmar, L50, M|
|poke|p1|Sneasler, L50, F|
|poke|p1|Kingambit, L50, F|
|poke|p1|Gothitelle, L50, M|
|poke|p1|Gengar, L50, F|
|poke|p2|Charizard, L50, M|
|poke|p2|Dragapult, L50, M|
|poke|p2|Sneasler, L50, F|
|poke|p2|Archaludon, L50, M|
|poke|p2|Ursaluna-Bloodmoon, L50, M|
|poke|p2|Whimsicott, L50, F|
|teampreview|4
|showteam|p1|Ninetales-Alola||NeverMeltIce|SnowWarning|Blizzard,FreezeDry,Encore,Protect|||F|||50|,,,,,Ghost]Magmar||Eviolite|VitalSpirit|Protect,HeatWave,WillOWisp,FollowMe|||M|||50|,,,,,Ghost]Sneasler||FocusSash|PoisonTouch|FakeOut,DireClaw,CloseCombat,Protect|||F|||50|,,,,,Ghost]Kingambit||BlackGlasses|Defiant|KowtowCleave,SwordsDance,SuckerPunch,Protect|||F|||50|,,,,,Fire]Gothitelle||SitrusBerry|ShadowTag|FakeOut,Taunt,Psychic,Protect|||M|||50|,,,,,Dark]Gengar||MentalHerb|CursedBody|PerishSong,Encore,Disable,Protect|||F|||50|,,,,,Dark
|showteam|p2|Charizard||ChoiceSpecs|SolarPower|HeatWave,Overheat,WeatherBall,SolarBeam|||M|||50|,,,,,Ghost]Dragapult||ChoiceBand|ClearBody|DragonDarts,Outrage,PhantomForce,Uturn|||M|||50|,,,,,Dragon]Sneasler||FocusSash|Unburden|DireClaw,CloseCombat,ThroatChop,Protect|||F|||50|,,,,,Dark]Archaludon||PowerHerb|Sturdy|ElectroShot,Thunderbolt,FlashCannon,Protect|||M|||50|,,,,,Electric]Ursaluna-Bloodmoon||LifeOrb|MindsEye|BloodMoon,HyperVoice,EarthPower,Protect|||M|||50|,,,,,Normal]Whimsicott||CovertCloak|Prankster|Moonblast,Tailwind,Encore,SunnyDay|||F|||50|,,,,,Poison
|inactive|Battle timer is ON: inactive players will automatically lose when time's up. (requested by epic17x)
|inactive|Shishio_Ax has 60 seconds left.
|
|t:|1756570629
|teamsize|p1|4
|teamsize|p2|4
|start
|switch|p1a: Sneasler|Sneasler, L50, F|100/100
|switch|p1b: Kingambit|Kingambit, L50, F|100/100
|switch|p2a: Shāhmat|Ursaluna-Bloodmoon, L50, M|100/100
|switch|p2b: Mary|Whimsicott, L50, F|100/100
|turn|1
|
|t:|1756570640
|move|p2a: Shāhmat|Protect|p2a: Shāhmat
|-singleturn|p2a: Shāhmat|Protect
|move|p1a: Sneasler|Fake Out|p2a: Shāhmat
|-activate|p2a: Shāhmat|move: Protect
|move|p2b: Mary|Tailwind|p2b: Mary
|-sidestart|p2: Shishio_Ax|move: Tailwind
|move|p1b: Kingambit|Swords Dance|p1b: Kingambit
|-boost|p1b: Kingambit|atk|2
|
|upkeep
|turn|2
|
|t:|1756570652
|move|p1b: Kingambit|Protect|p1b: Kingambit
|-singleturn|p1b: Kingambit|Protect
|move|p2b: Mary|Encore|p1a: Sneasler
|-start|p1a: Sneasler|Encore
|move|p2a: Shāhmat|Earth Power|p1b: Kingambit
|-activate|p1b: Kingambit|move: Protect
|move|p1a: Sneasler|Fake Out||[still]
|-hint|Fake Out only works on your first turn out.
|-fail|p1a: Sneasler
|
|upkeep
|turn|3
|
|t:|1756570662
|switch|p1a: Gothitelle|Gothitelle, L50, M|100/100
|move|p1b: Kingambit|Sucker Punch|p2a: Shāhmat
|-damage|p2a: Shāhmat|30/100
|move|p2b: Mary|Moonblast|p1a: Gothitelle
|-damage|p1a: Gothitelle|78/100
|-unboost|p1a: Gothitelle|spa|1
|move|p2a: Shāhmat|Earth Power|p1b: Kingambit
|-supereffective|p1b: Kingambit
|-damage|p1b: Kingambit|0 fnt
|faint|p1b: Kingambit
|-damage|p2a: Shāhmat|21/100|[from] item: Life Orb
|
|upkeep
|
|t:|1756570672
|switch|p1b: Sneasler|Sneasler, L50, F|100/100
|turn|4
|
|t:|1756570682
|move|p1a: Gothitelle|Fake Out|p2a: Shāhmat
|-damage|p2a: Shāhmat|16/100
|move|p2b: Mary|Moonblast|p1b: Sneasler
|-damage|p1b: Sneasler|63/100
|cant|p2a: Shāhmat|flinch
|move|p1b: Sneasler|Dire Claw|p2b: Mary
|-supereffective|p2b: Mary
|-damage|p2b: Mary|0 fnt
|faint|p2b: Mary
|
|-sideend|p2: Shishio_Ax|move: Tailwind
|upkeep
|
|t:|1756570690
|switch|p2b: Geryon|Archaludon, L50, M|100/100
|turn|5
|
|t:|1756570714
|-terastallize|p2b: Geryon|Electric
|move|p1b: Sneasler|Close Combat|p2b: Geryon
|-damage|p2b: Geryon|49/100
|-unboost|p1b: Sneasler|def|1
|-unboost|p1b: Sneasler|spd|1
|move|p2b: Geryon|Electro Shot||[still]
|-prepare|p2b: Geryon|Electro Shot
|-boost|p2b: Geryon|spa|1
|-enditem|p2b: Geryon|Power Herb
|-anim|p2b: Geryon|Electro Shot|p1b: Sneasler
|-crit|p1b: Sneasler
|-damage|p1b: Sneasler|0 fnt
|faint|p1b: Sneasler
|move|p2a: Shāhmat|Hyper Voice|p1a: Gothitelle
|-damage|p1a: Gothitelle|24/100
|-enditem|p1a: Gothitelle|Sitrus Berry|[eat]
|-heal|p1a: Gothitelle|49/100|[from] item: Sitrus Berry
|-damage|p2a: Shāhmat|7/100|[from] item: Life Orb
|move|p1a: Gothitelle|Psychic|p2a: Shāhmat
|-damage|p2a: Shāhmat|0 fnt
|faint|p2a: Shāhmat
|
|upkeep
|
|t:|1756570728
|switch|p1b: Gengar|Gengar, L50, F|100/100
|switch|p2a: Agni|Charizard, L50, M|100/100
|turn|6
|inactive|Shishio_Ax has 30 seconds left.
|
|t:|1756570758
|move|p1b: Gengar|Perish Song|p1b: Gengar
|-start|p1a: Gothitelle|perish3|[silent]
|-start|p1b: Gengar|perish3|[silent]
|-start|p2a: Agni|perish3|[silent]
|-start|p2b: Geryon|perish3|[silent]
|-fieldactivate|move: Perish Song
|move|p2a: Agni|Heat Wave|p1b: Gengar|[spread] p1a,p1b
|-damage|p1a: Gothitelle|13/100
|-damage|p1b: Gengar|38/100
|-start|p2a: Agni|Disable|Heat Wave|[from] ability: Cursed Body|[of] p1b: Gengar
|move|p2b: Geryon|Thunderbolt|p1a: Gothitelle
|-damage|p1a: Gothitelle|0 fnt
|faint|p1a: Gothitelle
|
|-start|p1b: Gengar|perish3
|-start|p2a: Agni|perish3
|-start|p2b: Geryon|perish3
|upkeep
|turn|7
|
|t:|1756570775
|move|p1b: Gengar|Protect|p1b: Gengar
|-singleturn|p1b: Gengar|Protect
|-activate|p2a: Agni|move: Struggle
|move|p2a: Agni|Struggle|p1b: Gengar
|-activate|p1b: Gengar|move: Protect
|move|p2b: Geryon|Flash Cannon|p1b: Gengar
|-activate|p1b: Gengar|move: Protect
|
|-start|p1b: Gengar|perish2
|-start|p2a: Agni|perish2
|-start|p2b: Geryon|perish2
|upkeep
|turn|8
|
|t:|1756570786
|move|p1b: Gengar|Disable|p2b: Geryon
|-start|p2b: Geryon|Disable|Flash Cannon
|-activate|p2a: Agni|move: Struggle
|move|p2a: Agni|Struggle|p1b: Gengar
|-damage|p1b: Gengar|26/100
|-damage|p2a: Agni|75/100|[from] recoil
|move|p2b: Geryon|Thunderbolt|p1b: Gengar
|-damage|p1b: Gengar|0 fnt
|faint|p1b: Gengar
|
|win|Shishio_Ax
||Shishio_Ax is ready for game 2.
||epic17x is ready for game 2.
|uhtml|next|Next: Game 2 of 3
|l|☆Shishio_Ax
|player|p2|
