|j|☆weed smonkington
|j|☆lettitripppp
|html|weed smonkingtonlettitripppp    
|uhtml|bestof|Game 1 of a best-of-3
|t:|1783033603
|gametype|doubles
|player|p1|weed smonkington|karen|1258
|player|p2|lettitripppp|lucas|1221
|gen|9
|tier|[Gen 9 Champions] VGC 2026 Reg M-B (Bo3)
|rated|
|rule|Species Clause: Limit one of each Pokémon
|rule|Item Clause: Limit 1 of each item
|clearpoke
|poke|p1|Torkoal, L50, F|
|poke|p1|Mawile, L50, F|
|poke|p1|Vileplume, L50, M|
|poke|p1|Farigiraf, L50, M|
|poke|p1|Dragalge, L50, F|
|poke|p1|Toxapex, L50, F|
|poke|p2|Scovillain, L50, F|
|poke|p2|Swampert, L50, F|
|poke|p2|Archaludon, L50, M|
|poke|p2|Grimmsnarl, L50, M|
|poke|p2|Pelipper, L50, F|
|poke|p2|Weavile, L50, M|
|teampreview|4
|showteam|p1|Torkoal||Charcoal|Drought|Eruption,WeatherBall,EarthPower,Protect|Quiet||F|||50|]Mawile||Mawilite|Intimidate|IronHead,KnockOff,RockTomb,Protect|Brave||F|||50|]Vileplume||WideLens|EffectSpore|SolarBeam,SleepPowder,Protect,WeatherBall|Quiet||M|||50|]Farigiraf||SitrusBerry|ArmorTail|TrickRoom,Psyshock,HelpingHand,Protect|Relaxed||M|||50|]Dragalge||Dragalgite|Adaptability|DracoMeteor,SludgeBomb,DragonPulse,Protect|Quiet||F|||50|]Toxapex||Leftovers|Regenerator|ChillingWater,Haze,BanefulBunker,LightScreen|Relaxed||F|||50|
|showteam|p2|Scovillain||Scovillainite|Chlorophyll|RagePowder,GigaDrain,Overheat,Protect|Bold||F|||50|]Swampert||Swampertite|Torrent|WaveCrash,Earthquake,IcePunch,Protect|Adamant||F|||50|]Archaludon||Leftovers|Stamina|FlashCannon,DragonPulse,ElectroShot,Protect|Calm||M|||50|]Grimmsnarl||LightClay|Prankster|LightScreen,PartingShot,FoulPlay,Reflect|Bold||M|||50|]Pelipper||LifeOrb|Drizzle|WeatherBall,WideGuard,Hurricane,Tailwind|Timid||F|||50|]Weavile||FocusSash|Pressure|UpperHand,IceSpinner,RainDance,FakeOut|Jolly||M|||50|
|inactive|Battle timer is ON: inactive players will automatically lose when time's up. (requested by lettitripppp)
|inactive|weed smonkington has 60 seconds left.
|inactive|lettitripppp has 60 seconds left.
|
|t:|1783033662
|teamsize|p1|4
|teamsize|p2|4
|start
|switch|p1a: Farigiraf|Farigiraf, L50, M|100/100
|switch|p1b: Dragalge|Dragalge, L50, F|100/100
|switch|p2a: JESTER WALL|Grimmsnarl, L50, M|100/100
|switch|p2b: BIG BRIDGE|Archaludon, L50, M|100/100
|turn|1
|
|t:|1783033681
|detailschange|p1b: Dragalge|Dragalge-Mega, L50, F
|-mega|p1b: Dragalge|Dragalge|Dragalgite
|move|p2a: JESTER WALL|Light Screen|p2a: JESTER WALL
|-sidestart|p2: lettitripppp|move: Light Screen
|move|p2b: BIG BRIDGE|Dragon Pulse|p1b: Dragalge
|-supereffective|p1b: Dragalge|1
|-damage|p1b: Dragalge|47/100
|move|p1b: Dragalge|Sludge Bomb|p2a: JESTER WALL
|-supereffective|p2a: JESTER WALL|1
|-damage|p2a: JESTER WALL|36/100
|move|p1a: Farigiraf|Trick Room|p1a: Farigiraf
|-fieldstart|move: Trick Room|[of] p1a: Farigiraf
|
|upkeep
|turn|2
|inactive|weed smonkington has 30 seconds left.
|
|t:|1783033709
|move|p1a: Farigiraf|Helping Hand|p1b: Dragalge
|-singleturn|p1b: Dragalge|Helping Hand|[of] p1a: Farigiraf
|move|p2a: JESTER WALL|Reflect|p2a: JESTER WALL
|-sidestart|p2: lettitripppp|Reflect
|move|p1b: Dragalge|Sludge Bomb|p2a: JESTER WALL
|-supereffective|p2a: JESTER WALL|1
|-damage|p2a: JESTER WALL|0 fnt
|faint|p2a: JESTER WALL
|move|p2b: BIG BRIDGE|Dragon Pulse|p1b: Dragalge
|-supereffective|p1b: Dragalge|1
|-damage|p1b: Dragalge|1/100
|
|upkeep
|inactive|lettitripppp has 30 seconds left.
|
|t:|1783033742
|switch|p2a: ROID SPEED|Swampert, L50, F|100/100
|turn|3
|
|t:|1783033753
|detailschange|p2a: ROID SPEED|Swampert-Mega, L50, F
|-mega|p2a: ROID SPEED|Swampert|Swampertite
|move|p1b: Dragalge|Protect|p1b: Dragalge
|-singleturn|p1b: Dragalge|Protect
|move|p1a: Farigiraf|Psyshock|p2a: ROID SPEED
|-damage|p2a: ROID SPEED|79/100
|move|p2b: BIG BRIDGE|Dragon Pulse|p1a: Farigiraf
|-damage|p1a: Farigiraf|66/100
|move|p2a: ROID SPEED|Earthquake|p1a: Farigiraf|[spread] p2b,p1a
|-activate|p1b: Dragalge|move: Protect
|-supereffective|p2b: BIG BRIDGE|1
|-damage|p2b: BIG BRIDGE|50/100g
|-damage|p1a: Farigiraf|29/100
|-ability|p2b: BIG BRIDGE|Stamina|boost
|-boost|p2b: BIG BRIDGE|def|1
|-enditem|p1a: Farigiraf|Sitrus Berry|[eat]
|-heal|p1a: Farigiraf|53/100|[from] item: Sitrus Berry
|
|-heal|p2b: BIG BRIDGE|56/100|[from] item: Leftovers
|upkeep
|turn|4
|
|t:|1783033768
|move|p1a: Farigiraf|Helping Hand|p1b: Dragalge
|-singleturn|p1b: Dragalge|Helping Hand|[of] p1a: Farigiraf
|move|p1b: Dragalge|Draco Meteor|p2b: BIG BRIDGE
|-damage|p2b: BIG BRIDGE|0 fnt
|-unboost|p1b: Dragalge|spa|2
|faint|p2b: BIG BRIDGE
|move|p2a: ROID SPEED|Earthquake|p1b: Dragalge|[spread] p1a,p1b
|-supereffective|p1b: Dragalge|1
|-damage|p1a: Farigiraf|17/100
|-damage|p1b: Dragalge|0 fnt
|faint|p1b: Dragalge
|
|upkeep
|
|t:|1783033780
|switch|p1b: Vileplume|Vileplume, L50, M|100/100
|switch|p2b: PELI-RAIN|Pelipper, L50, F|100/100
|-weather|RainDance|[from] ability: Drizzle|[of] p2b: PELI-RAIN
|turn|5
|
|t:|1783033790
|switch|p1a: Torkoal|Torkoal, L50, F|100/100
|-weather|SunnyDay|[from] ability: Drought|[of] p1a: Torkoal
|move|p1b: Vileplume|Sleep Powder|p2a: ROID SPEED|[miss]
|-miss|p1b: Vileplume|p2a: ROID SPEED
|move|p2a: ROID SPEED|Ice Punch|p1b: Vileplume
|-supereffective|p1b: Vileplume|1
|-damage|p1b: Vileplume|34/100
|move|p2b: PELI-RAIN|Weather Ball|p1b: Vileplume
|-supereffective|p1b: Vileplume|1
|-damage|p1b: Vileplume|0 fnt
|faint|p1b: Vileplume
|-damage|p2b: PELI-RAIN|90/100|[from] item: Life Orb
|
|-weather|SunnyDay|[upkeep]
|-fieldend|move: Trick Room
|upkeep
|
|t:|1783033800
|switch|p1b: Farigiraf|Farigiraf, L50, M|17/100
|turn|6
|
|t:|1783033810
|move|p1b: Farigiraf|Protect|p1b: Farigiraf
|-singleturn|p1b: Farigiraf|Protect
|move|p2b: PELI-RAIN|Tailwind|p2b: PELI-RAIN
|-sidestart|p2: lettitripppp|move: Tailwind
|move|p2a: ROID SPEED|Earthquake|p1b: Farigiraf|[spread] p1a
|-activate|p1b: Farigiraf|move: Protect
|-immune|p2b: PELI-RAIN
|-supereffective|p1a: Torkoal|1
|-damage|p1a: Torkoal|20/100y
|move|p1a: Torkoal|Weather Ball|p2a: ROID SPEED
|-resisted|p2a: ROID SPEED|1
|-damage|p2a: ROID SPEED|55/100
|
|-weather|SunnyDay|[upkeep]
|upkeep
|turn|7
|-message|weed smonkington forfeited.
|
|win|lettitripppp
|l|☆weed smonkington
|player|p1|
||weed smonkington is ready for game 2.
