|j|☆platanoso
|j|☆pablittoo
|html|platanosopablittoo    
|uhtml|bestof|Game 1 of a best-of-3
|t:|1785873281
|gametype|doubles
|player|p1|platanoso|madame-gen4|1232
|player|p2|pablittoo|1|1351
|gen|9
|tier|[Gen 9 Champions] VGC 2026 Reg M-B (Bo3)
|rated|
|rule|Species Clause: Limit one of each Pokémon
|rule|Item Clause: Limit 1 of each item
|clearpoke
|poke|p1|Floette-Eternal, L50, F|
|poke|p1|Sneasler, L50, M|
|poke|p1|Incineroar, L50, F|
|poke|p1|Sinistcha, L50|
|poke|p1|Delphox, L50, M|
|poke|p1|Garchomp, L50, F|
|poke|p2|Floette-Eternal, L50, F|
|poke|p2|Whimsicott, L50, M|
|poke|p2|Rotom-Heat, L50|
|poke|p2|Gholdengo, L50|
|poke|p2|Basculegion, L50, M|
|poke|p2|Tsareena, L50, F|
|teampreview|4
|showteam|p1|Floette-Eternal||Floettite|FlowerVeil|DazzlingGleam,DrainingKiss,CalmMind,Protect|Modest||F|||50|]Sneasler||FocusSash|PoisonTouch|CloseCombat,PoisonJab,FakeOut,Protect|Jolly||M|||50|]Incineroar||SitrusBerry|Intimidate|FlareBlitz,DarkestLariat,PartingShot,FakeOut|Impish||F|||50|]Sinistcha||OccaBerry|Hospitality|MatchaGotcha,RagePowder,TrickRoom,Protect|Bold|||||50|]Delphox||Delphoxite|Blaze|HeatWave,Psychic,NastyPlot,Protect|Modest||M|||50|]Garchomp||ChoiceScarf|RoughSkin|DragonClaw,StompingTantrum,Earthquake,RockSlide|Adamant||F|||50|
|showteam|p2|Floette-Eternal||Floettite|FlowerVeil|Moonblast,DazzlingGleam,LightofRuin,Protect|Modest||F|||50|]Whimsicott||FocusSash|Prankster|Encore,Moonblast,Tailwind,Protect|Timid||M|||50|]Rotom-Heat||ChoiceScarf|Levitate|Electroweb,VoltSwitch,Overheat,Thunderbolt|Timid|||||50|]Gholdengo||LifeOrb|GoodasGold|ShadowBall,PowerGem,MakeItRain,Protect|Timid|||||50|]Basculegion||MysticWater|Adaptability|WaveCrash,AquaJet,LastRespects,Protect|Adamant||M|||50|]Tsareena||SitrusBerry|QueenlyMajesty|TropKick,LowKick,Protect,TripleAxel|Adamant||F|||50|
|inactive|Battle timer is ON: inactive players will automatically lose when time's up. (requested by pablittoo)
|inactive|platanoso has 60 seconds left.
|
|t:|1785873371
|teamsize|p1|4
|teamsize|p2|4
|start
|switch|p1a: Sinistcha|Sinistcha, L50|100/100
|switch|p1b: Delphox|Delphox, L50, M|100/100
|switch|p2a: Whimsicott|Whimsicott, L50, M|100/100
|switch|p2b: Gholdengo|Gholdengo, L50|100/100
|turn|1
|inactive|platanoso has 30 seconds left.
|inactive|platanoso has 20 seconds left.
|
|t:|1785873410
|detailschange|p1b: Delphox|Delphox-Mega, L50, M
|-mega|p1b: Delphox|Delphox|Delphoxite
|move|p1a: Sinistcha|Rage Powder|p1a: Sinistcha
|-singleturn|p1a: Sinistcha|move: Rage Powder
|move|p2a: Whimsicott|Moonblast|p1b: Delphox
|-resisted|p1b: Delphox|1
|-damage|p1b: Delphox|83/100
|move|p1b: Delphox|Heat Wave|p2a: Whimsicott|[spread] p2a,p2b
|-supereffective|p2a: Whimsicott|1
|-supereffective|p2b: Gholdengo|1
|-enditem|p2a: Whimsicott|Focus Sash
|-damage|p2a: Whimsicott|1/100
|-damage|p2b: Gholdengo|3/100
|-status|p2a: Whimsicott|brn
|move|p2b: Gholdengo|Shadow Ball|p1a: Sinistcha
|-supereffective|p1a: Sinistcha|1
|-damage|p1a: Sinistcha|0 fnt
|faint|p1a: Sinistcha
|-damage|p2b: Gholdengo|0 fnt|[from] item: Life Orb
|faint|p2b: Gholdengo
|
|-damage|p2a: Whimsicott|0 fnt|[from] brn
|faint|p2a: Whimsicott
|upkeep
|inactive|platanoso has 30 seconds left.
|
|t:|1785873436
|switch|p2a: Floette|Floette-Eternal, L50, F|100/100
|switch|p2b: Basculegion|Basculegion, L50, M|100/100
|switch|p1a: Incineroar|Incineroar, L50, F|100/100
|-ability|p1a: Incineroar|Intimidate|boost
|-unboost|p2a: Floette|atk|1
|-unboost|p2b: Basculegion|atk|1
|turn|2
|
|t:|1785873452
|switch|p1a: Sneasler|Sneasler, L50, M|100/100
|detailschange|p2a: Floette|Floette-Mega, L50, F
|-mega|p2a: Floette|Floette|Floettite
|-ability|p2a: Floette|Fairy Aura
|move|p1b: Delphox|Protect|p1b: Delphox
|-singleturn|p1b: Delphox|Protect
|move|p2b: Basculegion|Aqua Jet|p1b: Delphox
|-activate|p1b: Delphox|move: Protect
|move|p2a: Floette|Dazzling Gleam|p1b: Delphox|[spread] p1a
|-activate|p1b: Delphox|move: Protect
|-damage|p1a: Sneasler|24/100
|
|upkeep
|turn|3
|
|t:|1785873477
|switch|p1a: Incineroar|Incineroar, L50, F|100/100
|-ability|p1a: Incineroar|Intimidate|boost
|-unboost|p2a: Floette|atk|1
|-unboost|p2b: Basculegion|atk|1
|move|p2a: Floette|Protect|p2a: Floette
|-singleturn|p2a: Floette|Protect
|move|p1b: Delphox|Psychic|p2b: Basculegion
|-damage|p2b: Basculegion|32/100
|move|p2b: Basculegion|Wave Crash|p1b: Delphox
|-supereffective|p1b: Delphox|1
|-damage|p1b: Delphox|0 fnt
|faint|p1b: Delphox
|-damage|p2b: Basculegion|7/100|[from] Recoil
|
|upkeep
|
|t:|1785873490
|switch|p1b: Sneasler|Sneasler, L50, M|24/100
|turn|4
|
|t:|1785873503
|move|p1b: Sneasler|Protect|p1b: Sneasler
|-singleturn|p1b: Sneasler|Protect
|move|p2b: Basculegion|Aqua Jet|p1b: Sneasler
|-activate|p1b: Sneasler|move: Protect
|move|p2a: Floette|Light of Ruin|p1a: Incineroar
|-damage|p1a: Incineroar|0 fnt
|faint|p1a: Incineroar
|-damage|p2a: Floette|32/100|[from] Recoil
|
|upkeep
|turn|5
|
|t:|1785873514
|move|p2b: Basculegion|Aqua Jet|p1b: Sneasler
|-damage|p1b: Sneasler|0 fnt
|faint|p1b: Sneasler
|
|win|pablittoo
||pablittoo is ready for game 2.
|inactive|platanoso has 30 seconds to confirm battle start!
|inactive|platanoso has 20 seconds to confirm battle start!
|inactive|platanoso has 10 seconds to confirm battle start!
||platanoso is ready for game 2.
|uhtml|next|Next: Game 2 of 3
