|j|☆r4ka
|j|☆zampe96
|html|r4kazampe96    
|uhtml|bestof|Game 1 of a best-of-3
|t:|1757252118
|gametype|doubles
|player|p1|r4ka|266|1283
|player|p2|zampe96|266|1286
|gen|9
|tier|[Gen 9] VGC 2025 Reg H (Bo3)
|rated|
|rule|Species Clause: Limit one of each Pokémon
|rule|Item Clause: Limit 1 of each item
|clearpoke
|poke|p1|Rillaboom, L50, M|
|poke|p1|Dragonite, L50, F|
|poke|p1|Sneasler, L50, F|
|poke|p1|Kingambit, L50, M|
|poke|p1|Electabuzz, L50, M|
|poke|p1|Volcarona, L50, F|
|poke|p2|Dragapult, L50, F|
|poke|p2|Kingambit, L50, F|
|poke|p2|Gholdengo, L50|
|poke|p2|Pelipper, L50, F|
|poke|p2|Ursaluna-Bloodmoon, L50, M|
|poke|p2|Archaludon, L50, M|
|teampreview|4
|showteam|p1|Rillaboom||AssaultVest|GrassySurge|FakeOut,HighHorsepower,WoodHammer,GrassyGlide|||M|||50|,,,,,Fire]Dragonite||LoadedDice|Multiscale|ExtremeSpeed,ScaleShot,Protect,Haze|||F|||50|,,,,,Steel]Sneasler||FocusSash|PoisonTouch|DireClaw,CloseCombat,FakeOut,Coaching|||F|||50|,,,,,Stellar]Kingambit||BlackGlasses|Defiant|KowtowCleave,SuckerPunch,SwordsDance,Protect|||M|||50|,,,,,Ghost]Electabuzz||Eviolite|VitalSpirit|Thunderbolt,Taunt,Protect,FollowMe|||M|||50|,,,,,Ghost]Volcarona||Leftovers|FlameBody|HeatWave,TeraBlast,QuiverDance,Protect|||F|||50|,,,,,Fairy
|showteam|p2|Dragapult||ChoiceBand|ClearBody|Outrage,Uturn,DragonDarts,PhantomForce|||F|||50|,,,,,Dragon]Kingambit||BlackGlasses|Defiant|Protect,SwordsDance,IronHead,KowtowCleave|||F|||50|,,,,,Fairy]Gholdengo||MetalCoat|GoodasGold|NastyPlot,Protect,MakeItRain,ShadowBall||||||50|,,,,,Steel]Pelipper||CovertCloak|Drizzle|WideGuard,Tailwind,Hurricane,WeatherBall|||F|||50|,,,,,Water]Ursaluna-Bloodmoon||LifeOrb|MindsEye|BloodMoon,HyperVoice,EarthPower,VacuumWave|||M|||50|,,,,,Normal]Archaludon||Leftovers|Stamina|BodyPress,Protect,DragonPulse,ElectroShot|||M|||50|,,,,,Grass
|
|t:|1757252158
|teamsize|p1|4
|teamsize|p2|4
|start
|switch|p1a: Electabuzz|Electabuzz, L50, M|100/100
|switch|p1b: Volcarona|Volcarona, L50, F|100/100
|switch|p2a: Dragapult|Dragapult, L50, F|100/100
|switch|p2b: Ursaluna|Ursaluna-Bloodmoon, L50, M|100/100
|turn|1
|
|t:|1757252173
|move|p1a: Electabuzz|Follow Me|p1a: Electabuzz
|-singleturn|p1a: Electabuzz|move: Follow Me
|move|p2a: Dragapult|Outrage|p1a: Electabuzz
|-damage|p1a: Electabuzz|34/100
|move|p1b: Volcarona|Quiver Dance|p1b: Volcarona
|-boost|p1b: Volcarona|spa|1
|-boost|p1b: Volcarona|spd|1
|-boost|p1b: Volcarona|spe|1
|move|p2b: Ursaluna|Hyper Voice|p1a: Electabuzz|[spread] p1a,p1b
|-damage|p1a: Electabuzz|0 fnt
|-damage|p1b: Volcarona|66/100
|faint|p1a: Electabuzz
|-damage|p2b: Ursaluna|90/100|[from] item: Life Orb
|
|-heal|p1b: Volcarona|73/100|[from] item: Leftovers
|upkeep
|
|t:|1757252188
|switch|p1a: Sneasler|Sneasler, L50, F|100/100
|turn|2
|
|t:|1757252197
|switch|p2b: Pelipper|Pelipper, L50, F|100/100
|-weather|RainDance|[from] ability: Drizzle|[of] p2b: Pelipper
|-terastallize|p1b: Volcarona|Fairy
|move|p1b: Volcarona|Tera Blast|p2a: Dragapult|[anim] Tera Blast Fairy
|-supereffective|p2a: Dragapult
|-damage|p2a: Dragapult|0 fnt
|faint|p2a: Dragapult
|move|p1a: Sneasler|Close Combat|p2b: Pelipper
|-resisted|p2b: Pelipper
|-damage|p2b: Pelipper|75/100
|-unboost|p1a: Sneasler|def|1
|-unboost|p1a: Sneasler|spd|1
|
|-weather|RainDance|[upkeep]
|-heal|p1b: Volcarona|79/100|[from] item: Leftovers
|upkeep
|
|t:|1757252206
|switch|p2a: Archaludon|Archaludon, L50, M|100/100
|turn|3
|
|t:|1757252229
|switch|p1a: Kingambit|Kingambit, L50, M, shiny|100/100
|-terastallize|p2a: Archaludon|Grass
|move|p1b: Volcarona|Quiver Dance|p1b: Volcarona
|-boost|p1b: Volcarona|spa|1
|-boost|p1b: Volcarona|spd|1
|-boost|p1b: Volcarona|spe|1
|move|p2a: Archaludon|Electro Shot||[still]
|-prepare|p2a: Archaludon|Electro Shot
|-boost|p2a: Archaludon|spa|1
|-anim|p2a: Archaludon|Electro Shot|p1a: Kingambit
|-crit|p1a: Kingambit
|-damage|p1a: Kingambit|14/100
|move|p2b: Pelipper|Tailwind|p2b: Pelipper
|-sidestart|p2: zampe96|move: Tailwind
|
|-weather|RainDance|[upkeep]
|-heal|p1b: Volcarona|85/100|[from] item: Leftovers
|upkeep
|turn|4
|
|t:|1757252248
|move|p1a: Kingambit|Sucker Punch|p2a: Archaludon
|-damage|p2a: Archaludon|66/100
|-ability|p2a: Archaludon|Stamina|boost
|-boost|p2a: Archaludon|def|1
|move|p1b: Volcarona|Heat Wave|p2a: Archaludon|[spread] p2a,p2b
|-supereffective|p2a: Archaludon
|-resisted|p2b: Pelipper
|-damage|p2a: Archaludon|0 fnt
|-damage|p2b: Pelipper|51/100
|faint|p2a: Archaludon
|move|p2b: Pelipper|Weather Ball|p1b: Volcarona
|-damage|p1b: Volcarona|61/100
|
|-weather|RainDance|[upkeep]
|-heal|p1b: Volcarona|68/100|[from] item: Leftovers
|upkeep
|
|t:|1757252255
|switch|p2a: Ursaluna|Ursaluna-Bloodmoon, L50, M|90/100
|turn|5
|
|t:|1757252266
|move|p1a: Kingambit|Sucker Punch|p2a: Ursaluna
|-damage|p2a: Ursaluna|55/100
|move|p1b: Volcarona|Tera Blast|p2b: Pelipper|[anim] Tera Blast Fairy
|-damage|p2b: Pelipper|0 fnt
|faint|p2b: Pelipper
|move|p2a: Ursaluna|Blood Moon|p1b: Volcarona
|-damage|p1b: Volcarona|23/100
|-damage|p2a: Ursaluna|45/100|[from] item: Life Orb
|
|-weather|RainDance|[upkeep]
|-heal|p1b: Volcarona|29/100|[from] item: Leftovers
|upkeep
|turn|6
|
|t:|1757252284
|move|p1a: Kingambit|Sucker Punch|p2a: Ursaluna
|-damage|p2a: Ursaluna|11/100
|move|p1b: Volcarona|Tera Blast|p2a: Ursaluna|[anim] Tera Blast Fairy
|-damage|p2a: Ursaluna|0 fnt
|faint|p2a: Ursaluna
|
|win|r4ka
||zampe96 is ready for game 2.
||r4ka is ready for game 2.
|uhtml|next|Next: Game 2 of 3
