|j|☆metvgc
|html|PYS_Max2metvgc    
|uhtml|bestof|Game 2 of a best-of-3
|t:|1785059162
|gametype|doubles
|player|p1|PYS_Max2|clay|1368
|player|p2|metvgc|linebacker|1209
|gen|9
|tier|[Gen 9 Champions] VGC 2026 Reg M-B (Bo3)
|rated|
|rule|Species Clause: Limit one of each Pokémon
|rule|Item Clause: Limit 1 of each item
|clearpoke
|poke|p1|Garchomp, L50, F|
|poke|p1|Venusaur, L50, M|
|poke|p1|Incineroar, L50, F|
|poke|p1|Charizard, L50, M|
|poke|p1|Toxapex, L50, M|
|poke|p1|Sneasler, L50, F|
|poke|p2|Gengar, L50, F|
|poke|p2|Incineroar, L50, M|
|poke|p2|Kommo-o, L50, F|
|poke|p2|Raichu, L50, F|
|poke|p2|Ninetales-Alola, L50, M|
|poke|p2|Volcarona, L50, M|
|teampreview|4
|showteam|p1|Garchomp||LifeOrb|RoughSkin|StompingTantrum,RockSlide,DragonClaw,Protect|Jolly||F|||50|]Venusaur||FocusSash|Chlorophyll|SludgeBomb,SolarBeam,SleepPowder,Protect|Modest||M|||50|]Incineroar||SitrusBerry|Intimidate|FakeOut,FlareBlitz,ThroatChop,PartingShot|Impish||F|||50|]Charizard||CharizarditeY|Blaze|HeatWave,WeatherBall,Protect,HelpingHand|Modest||M|||50|]Toxapex||Leftovers|Regenerator|Infestation,Toxic,WideGuard,BanefulBunker|Impish||M|||50|]Sneasler||WhiteHerb|Unburden|CloseCombat,DireClaw,QuickGuard,FakeOut|Jolly||F|||50|
|showteam|p2|Gengar||Gengarite|CursedBody|SludgeBomb,ShadowBall,Substitute,Protect|Modest||F|||50|]Incineroar||PasshoBerry|Intimidate|FlareBlitz,ThroatChop,FakeOut,PartingShot|Adamant||M|||50|]Kommo-o||Leftovers|Soundproof|ClangingScales,AuraSphere,ClangorousSoul,Protect|Modest||F|||50|]Raichu||RaichuniteX|LightningRod|VoltTackle,VoltSwitch,FakeOut,Protect|Jolly||F|||50|]Ninetales-Alola||ChoiceScarf|SnowWarning|Blizzard,FreezeDry,IcyWind,Moonblast|Timid||M|||50|]Volcarona||SitrusBerry|FlameBody|Flamethrower,StruggleBug,RagePowder,Protect|Bold||M|||50|
|inactive|Battle timer is ON: inactive players will automatically lose when time's up. (requested by metvgc)
|inactive|PYS_Max2 disconnected and has a minute to reconnect!
|j|☆PYS_Max2
|inactive|PYS_Max2 reconnected and has 80 seconds left.
|player|p1|PYS_Max2|clay|
|
|t:|1785059190
|teamsize|p1|4
|teamsize|p2|4
|start
|switch|p1a: Incineroar|Incineroar, L50, F|100/100
|switch|p1b: Toxapex|Toxapex, L50, M|100/100
|switch|p2a: Raichu|Raichu, L50, F|100/100
|switch|p2b: Kommo-o|Kommo-o, L50, F|100/100
|-ability|p1a: Incineroar|Intimidate|boost
|-unboost|p2a: Raichu|atk|1
|-unboost|p2b: Kommo-o|atk|1
|turn|1
|inactive|PYS_Max2 has 30 seconds left.
|inactive|PYS_Max2 has 20 seconds left.
|
|t:|1785059227
|move|p1b: Toxapex|Baneful Bunker|p1b: Toxapex
|-singleturn|p1b: Toxapex|move: Protect
|move|p2a: Raichu|Fake Out|p1a: Incineroar
|-damage|p1a: Incineroar|94/100
|cant|p1a: Incineroar|flinch
|move|p2b: Kommo-o|Clangorous Soul|p2b: Kommo-o
|-boost|p2b: Kommo-o|atk|1
|-boost|p2b: Kommo-o|def|1
|-boost|p2b: Kommo-o|spa|1
|-boost|p2b: Kommo-o|spd|1
|-boost|p2b: Kommo-o|spe|1
|-damage|p2b: Kommo-o|67/100
|
|-heal|p2b: Kommo-o|73/100|[from] item: Leftovers
|upkeep
|turn|2
|
|t:|1785059247
|switch|p1a: Venusaur|Venusaur, L50, M|100/100
|detailschange|p2a: Raichu|Raichu-Mega-X, L50, F
|-mega|p2a: Raichu|Raichu|Raichunite X
|-fieldstart|move: Electric Terrain|[from] ability: Electric Surge|[of] p2a: Raichu
|move|p1b: Toxapex|Baneful Bunker||[still]
|-fail|p1b: Toxapex
|move|p2b: Kommo-o|Aura Sphere|p1a: Venusaur
|-resisted|p1a: Venusaur|1
|-damage|p1a: Venusaur|71/100
|move|p2a: Raichu|Volt Switch|p1a: Venusaur
|-resisted|p1a: Venusaur|1
|-damage|p1a: Venusaur|57/100
|
|t:|1785059257
|switch|p2a: Incineroar|Incineroar, L50, M|100/100|[from] Volt Switch
|-ability|p2a: Incineroar|Intimidate|boost
|-unboost|p1a: Venusaur|atk|1
|-unboost|p1b: Toxapex|atk|1
|
|-heal|p2b: Kommo-o|79/100|[from] item: Leftovers
|upkeep
|turn|3
|
|t:|1785059267
|move|p1a: Venusaur|Protect|p1a: Venusaur
|-singleturn|p1a: Venusaur|Protect
|move|p1b: Toxapex|Baneful Bunker|p1b: Toxapex
|-singleturn|p1b: Toxapex|move: Protect
|move|p2a: Incineroar|Fake Out|p1b: Toxapex
|-activate|p1b: Toxapex|move: Protect
|-status|p2a: Incineroar|psn
|move|p2b: Kommo-o|Clanging Scales|p1a: Venusaur|[spread] 
|-activate|p1a: Venusaur|move: Protect
|-activate|p1b: Toxapex|move: Protect
|
|-heal|p2b: Kommo-o|85/100|[from] item: Leftovers
|-damage|p2a: Incineroar|87/100 psn|[from] psn
|upkeep
|turn|4
|
|t:|1785059283
|move|p2b: Kommo-o|Protect|p2b: Kommo-o
|-singleturn|p2b: Kommo-o|Protect
|move|p1b: Toxapex|Wide Guard|p1b: Toxapex
|-singleturn|p1b: Toxapex|Wide Guard
|move|p1a: Venusaur|Sleep Powder|p2b: Kommo-o
|-activate|p2b: Kommo-o|move: Protect
|move|p2a: Incineroar|Flare Blitz|p1a: Venusaur
|-supereffective|p1a: Venusaur|1
|-damage|p1a: Venusaur|0 fnt
|faint|p1a: Venusaur
|-damage|p2a: Incineroar|72/100 psn|[from] Recoil
|
|-heal|p2b: Kommo-o|91/100|[from] item: Leftovers
|-damage|p2a: Incineroar|60/100 psn|[from] psn
|upkeep
|
|t:|1785059285
|switch|p1a: Charizard|Charizard, L50, M|100/100
|turn|5
|
|t:|1785059304
|detailschange|p1a: Charizard|Charizard-Mega-Y, L50, M
|-mega|p1a: Charizard|Charizard|Charizardite Y
|-weather|SunnyDay|[from] ability: Drought|[of] p1a: Charizard
|move|p2b: Kommo-o|Aura Sphere|p1b: Toxapex
|-resisted|p1b: Toxapex|1
|-damage|p1b: Toxapex|82/100
|move|p1a: Charizard|Weather Ball|p2b: Kommo-o
|-resisted|p2b: Kommo-o|1
|-damage|p2b: Kommo-o|62/100
|move|p2a: Incineroar|Parting Shot|p1a: Charizard
|-unboost|p1a: Charizard|atk|1
|-unboost|p1a: Charizard|spa|1
|
|t:|1785059314
|switch|p2a: Ninetales|Ninetales-Alola, L50, M|100/100|[from] Parting Shot
|-weather|Snowscape|[from] ability: Snow Warning|[of] p2a: Ninetales
|move|p1b: Toxapex|Toxic|p2b: Kommo-o
|-status|p2b: Kommo-o|tox
|
|-weather|Snowscape|[upkeep]
|-heal|p2b: Kommo-o|68/100 tox|[from] item: Leftovers
|-heal|p1b: Toxapex|87/100|[from] item: Leftovers
|-damage|p2b: Kommo-o|62/100 tox|[from] psn
|upkeep
|turn|6
|inactive|PYS_Max2 has 30 seconds left.
|
|t:|1785059348
|move|p1b: Toxapex|Baneful Bunker|p1b: Toxapex
|-singleturn|p1b: Toxapex|move: Protect
|move|p2a: Ninetales|Freeze-Dry|p1a: Charizard
|-damage|p1a: Charizard|77/100
|move|p2b: Kommo-o|Clanging Scales|p1b: Toxapex|[spread] p1a
|-activate|p1b: Toxapex|move: Protect
|-damage|p1a: Charizard|32/100
|-unboost|p2b: Kommo-o|def|1
|move|p1a: Charizard|Heat Wave|p2b: Kommo-o|[spread] p2a,p2b
|-supereffective|p2a: Ninetales|1
|-resisted|p2b: Kommo-o|1
|-damage|p2a: Ninetales|36/100
|-damage|p2b: Kommo-o|53/100 tox
|
|-weather|Snowscape|[upkeep]
|-heal|p2b: Kommo-o|59/100 tox|[from] item: Leftovers
|-heal|p1b: Toxapex|93/100|[from] item: Leftovers
|-damage|p2b: Kommo-o|47/100 tox|[from] psn
|-fieldend|move: Electric Terrain
|upkeep
|turn|7
|inactive|PYS_Max2 has 30 seconds left.
|inactive|PYS_Max2 has 20 seconds left.
|inactive|PYS_Max2 has 15 seconds left.
|
|t:|1785059391
|move|p1a: Charizard|Protect|p1a: Charizard
|-singleturn|p1a: Charizard|Protect
|move|p2a: Ninetales|Freeze-Dry|p1b: Toxapex
|-supereffective|p1b: Toxapex|1
|-damage|p1b: Toxapex|54/100
|move|p2b: Kommo-o|Aura Sphere|p1b: Toxapex
|-resisted|p1b: Toxapex|1
|-damage|p1b: Toxapex|33/100
|move|p1b: Toxapex|Infestation|p2b: Kommo-o
|-resisted|p2b: Kommo-o|1
|-damage|p2b: Kommo-o|46/100 tox
|-activate|p2b: Kommo-o|move: Infestation|[of] p1b: Toxapex
|
|-weather|Snowscape|[upkeep]
|-heal|p2b: Kommo-o|52/100 tox|[from] item: Leftovers
|-heal|p1b: Toxapex|39/100|[from] item: Leftovers
|-damage|p2b: Kommo-o|34/100 tox|[from] psn
|-damage|p2b: Kommo-o|22/100 tox|[from] move: Infestation|[partiallytrapped]
|upkeep
|turn|8
|inactive|PYS_Max2 has 30 seconds left.
|
|t:|1785059422
|move|p1b: Toxapex|Baneful Bunker|p1b: Toxapex
|-singleturn|p1b: Toxapex|move: Protect
|move|p2a: Ninetales|Freeze-Dry|p1a: Charizard
|-damage|p1a: Charizard|9/100
|move|p2b: Kommo-o|Aura Sphere|p1a: Charizard
|-resisted|p1a: Charizard|1
|-damage|p1a: Charizard|0 fnt
|faint|p1a: Charizard
|
|-weather|Snowscape|[upkeep]
|-heal|p2b: Kommo-o|28/100 tox|[from] item: Leftovers
|-heal|p1b: Toxapex|45/100|[from] item: Leftovers
|-damage|p2b: Kommo-o|4/100 tox|[from] psn
|-damage|p2b: Kommo-o|0 fnt|[from] move: Infestation|[partiallytrapped]
|faint|p2b: Kommo-o
|upkeep
|
|t:|1785059430
|switch|p2b: Incineroar|Incineroar, L50, M|60/100 psn
|switch|p1a: Incineroar|Incineroar, L50, F|94/100
|-ability|p2b: Incineroar|Intimidate|boost
|-unboost|p1a: Incineroar|atk|1
|-unboost|p1b: Toxapex|atk|1
|-ability|p1a: Incineroar|Intimidate|boost
|-unboost|p2a: Ninetales|atk|1
|-unboost|p2b: Incineroar|atk|1
|turn|9
|
|t:|1785059444
|move|p2b: Incineroar|Fake Out|p1a: Incineroar
|-crit|p1a: Incineroar
|-damage|p1a: Incineroar|80/100
|cant|p1a: Incineroar|flinch
|move|p2a: Ninetales|Freeze-Dry|p1b: Toxapex
|-supereffective|p1b: Toxapex|1
|-damage|p1b: Toxapex|0 fnt
|faint|p1b: Toxapex
|
|-weather|none
|-damage|p2b: Incineroar|48/100 psn|[from] psn
|upkeep
|turn|10
|-message|PYS_Max2 forfeited.
|
|win|metvgc
