|j|☆LynxVGC
|j|☆bingbongwhoosh
|html|LynxVGCbingbongwhoosh    
|uhtml|bestof|Game 2 of a best-of-3
|t:|1784107860
|gametype|doubles
|player|p1|LynxVGC|larry|1242
|player|p2|bingbongwhoosh|1|1234
|gen|9
|tier|[Gen 9 Champions] VGC 2026 Reg M-B (Bo3)
|rated|
|rule|Species Clause: Limit one of each Pokémon
|rule|Item Clause: Limit 1 of each item
|clearpoke
|poke|p1|Maushold, L50|
|poke|p1|Gardevoir, L50, F|
|poke|p1|Garchomp, L50, M|
|poke|p1|Talonflame, L50, M|
|poke|p1|Basculegion, L50, M|
|poke|p1|Kingambit, L50, F|
|poke|p2|Charizard, L50, M|
|poke|p2|Venusaur, L50, M|
|poke|p2|Mamoswine, L50, F|
|poke|p2|Garchomp, L50, F|
|poke|p2|Incineroar, L50, M|
|poke|p2|Toxapex, L50, M|
|teampreview|4
|showteam|p1|Maushold||FocusSash|FriendGuard|SuperFang,FollowMe,Encore,Protect|Timid|||||50|]Gardevoir||Gardevoirite|Telepathy|HyperVoice,Psyshock,VacuumWave,Protect|Modest||F|||50|]Garchomp||LifeOrb|RoughSkin|DragonClaw,Earthquake,RockTomb,Protect|Jolly||M|||50|]Talonflame||SharpBeak|GaleWings|BraveBird,Tailwind,QuickGuard,Protect|Jolly||M|||50|]Basculegion||ChoiceScarf|Adaptability|FlipTurn,AquaJet,WaveCrash,LastRespects|Jolly||M|||50|]Kingambit||BlackGlasses|Defiant|KowtowCleave,Protect,SuckerPunch,IronHead|Adamant||F|||50|
|showteam|p2|Charizard||CharizarditeY|Blaze|HeatWave,WeatherBall,HelpingHand,Protect|Modest||M|||50|]Venusaur||LifeOrb|Chlorophyll|LeafStorm,SludgeBomb,EarthPower,Protect|Modest||M|||50|]Mamoswine||FocusSash|Oblivious|HighHorsepower,RockTomb,IceShard,Protect|Jolly||F|||50|]Garchomp||ChoiceScarf|RoughSkin|DragonClaw,Earthquake,RockSlide,StompingTantrum|Adamant||F|||50|]Incineroar||SitrusBerry|Intimidate|FlareBlitz,ThroatChop,PartingShot,FakeOut|Impish||M|||50|]Toxapex||Leftovers|Regenerator|Toxic,Infestation,WideGuard,BanefulBunker|Bold||M|||50|
|l|☆bingbongwhoosh
|player|p2|
|j|☆bingbongwhoosh
|player|p2|bingbongwhoosh|1|
|
|t:|1784107920
|teamsize|p1|4
|teamsize|p2|4
|start
|switch|p1a: Talonflame|Talonflame, L50, M|100/100
|switch|p1b: Garchomp|Garchomp, L50, M|100/100
|switch|p2a: Toxapex|Toxapex, L50, M|100/100
|switch|p2b: Charizard|Charizard, L50, M|100/100
|turn|1
|
|t:|1784107945
|detailschange|p2b: Charizard|Charizard-Mega-Y, L50, M
|-mega|p2b: Charizard|Charizard|Charizardite Y
|-weather|SunnyDay|[from] ability: Drought|[of] p2b: Charizard
|move|p1a: Talonflame|Protect|p1a: Talonflame
|-singleturn|p1a: Talonflame|Protect
|move|p2b: Charizard|Protect|p2b: Charizard
|-singleturn|p2b: Charizard|Protect
|move|p1b: Garchomp|Earthquake|p2b: Charizard|[spread] p2a
|-activate|p1a: Talonflame|move: Protect
|-activate|p2b: Charizard|move: Protect
|-supereffective|p2a: Toxapex|1
|-damage|p2a: Toxapex|33/100
|-damage|p1b: Garchomp|90/100|[from] item: Life Orb
|move|p2a: Toxapex|Toxic|p1b: Garchomp
|-status|p1b: Garchomp|tox
|
|-weather|SunnyDay|[upkeep]
|-heal|p2a: Toxapex|39/100|[from] item: Leftovers
|-damage|p1b: Garchomp|84/100 tox|[from] psn
|upkeep
|turn|2
|
|t:|1784107973
|-heal|p2a: Toxapex|72/100|[from] ability: Regenerator|[silent]
|switch|p2a: Garchomp|Garchomp, L50, F|100/100
|move|p1a: Talonflame|Brave Bird|p2a: Garchomp
|-damage|p2a: Garchomp|60/100
|-damage|p1a: Talonflame|87/100|[from] ability: Rough Skin|[of] p2a: Garchomp
|-damage|p1a: Talonflame|74/100|[from] Recoil
|move|p1b: Garchomp|Rock Tomb|p2b: Charizard
|-supereffective|p2b: Charizard|2
|-damage|p2b: Charizard|0 fnt
|faint|p2b: Charizard
|-damage|p1b: Garchomp|74/100 tox|[from] item: Life Orb
|
|-weather|SunnyDay|[upkeep]
|-damage|p1b: Garchomp|62/100 tox|[from] psn
|upkeep
|
|t:|1784107984
|switch|p2b: Venusaur|Venusaur, L50, M|100/100
|turn|3
|
|t:|1784108000
|switch|p1a: Kingambit|Kingambit, L50, F|100/100
|move|p2b: Venusaur|Earth Power|p1b: Garchomp
|-damage|p1b: Garchomp|20/100y tox
|-unboost|p1b: Garchomp|spd|1
|-damage|p2b: Venusaur|90/100|[from] item: Life Orb
|move|p2a: Garchomp|Rock Slide|p1a: Kingambit|[spread] p1a,p1b
|-resisted|p1a: Kingambit|1
|-resisted|p1b: Garchomp|1
|-damage|p1a: Kingambit|91/100
|-damage|p1b: Garchomp|9/100 tox
|move|p1b: Garchomp|Dragon Claw|p2a: Garchomp
|-supereffective|p2a: Garchomp|1
|-damage|p2a: Garchomp|0 fnt
|-damage|p1b: Garchomp|0 fnt|[from] ability: Rough Skin|[of] p2a: Garchomp
|faint|p2a: Garchomp
|faint|p1b: Garchomp
|
|-weather|SunnyDay|[upkeep]
|upkeep
|
|t:|1784108015
|switch|p1b: Talonflame|Talonflame, L50, M|74/100
|switch|p2a: Toxapex|Toxapex, L50, M|72/100
|turn|4
|
|t:|1784108041
|move|p2b: Venusaur|Protect|p2b: Venusaur
|-singleturn|p2b: Venusaur|Protect
|move|p1b: Talonflame|Brave Bird|p2b: Venusaur
|-activate|p2b: Venusaur|move: Protect
|move|p1a: Kingambit|Kowtow Cleave|p2a: Toxapex
|-damage|p2a: Toxapex|36/100
|move|p2a: Toxapex|Infestation|p1a: Kingambit
|-damage|p1a: Kingambit|87/100
|-activate|p1a: Kingambit|move: Infestation|[of] p2a: Toxapex
|
|-weather|SunnyDay|[upkeep]
|-heal|p2a: Toxapex|42/100|[from] item: Leftovers
|-damage|p1a: Kingambit|75/100|[from] move: Infestation|[partiallytrapped]
|upkeep
|turn|5
|
|t:|1784108070
|move|p1b: Talonflame|Protect|p1b: Talonflame
|-singleturn|p1b: Talonflame|Protect
|move|p1a: Kingambit|Protect|p1a: Kingambit
|-singleturn|p1a: Kingambit|Protect
|move|p2b: Venusaur|Sludge Bomb|p1b: Talonflame
|-activate|p1b: Talonflame|move: Protect
|move|p2a: Toxapex|Infestation|p1b: Talonflame
|-activate|p1b: Talonflame|move: Protect
|
|-weather|none
|-heal|p2a: Toxapex|47/100|[from] item: Leftovers
|-damage|p1a: Kingambit|63/100|[from] move: Infestation|[partiallytrapped]
|upkeep
|turn|6
|
|t:|1784108091
|move|p2b: Venusaur|Protect|p2b: Venusaur
|-singleturn|p2b: Venusaur|Protect
|move|p1b: Talonflame|Brave Bird|p2b: Venusaur
|-activate|p2b: Venusaur|move: Protect
|move|p1a: Kingambit|Kowtow Cleave|p2b: Venusaur
|-activate|p2b: Venusaur|move: Protect
|move|p2a: Toxapex|Infestation|p1b: Talonflame
|-resisted|p1b: Talonflame|2
|-damage|p1b: Talonflame|73/100
|-activate|p1b: Talonflame|move: Infestation|[of] p2a: Toxapex
|
|-heal|p2a: Toxapex|53/100|[from] item: Leftovers
|-damage|p1b: Talonflame|61/100|[from] move: Infestation|[partiallytrapped]
|-damage|p1a: Kingambit|51/100|[from] move: Infestation|[partiallytrapped]
|upkeep
|turn|7
|
|t:|1784108111
|move|p1a: Kingambit|Sucker Punch|p2b: Venusaur
|-damage|p2b: Venusaur|29/100
|move|p1b: Talonflame|Brave Bird|p2b: Venusaur
|-supereffective|p2b: Venusaur|1
|-damage|p2b: Venusaur|0 fnt
|faint|p2b: Venusaur
|-damage|p1b: Talonflame|52/100|[from] Recoil
|move|p2a: Toxapex|Toxic|p1b: Talonflame
|-status|p1b: Talonflame|tox
|
|-heal|p2a: Toxapex|59/100|[from] item: Leftovers
|-damage|p1b: Talonflame|47/100 tox|[from] psn
|-damage|p1b: Talonflame|34/100 tox|[from] move: Infestation|[partiallytrapped]
|-damage|p1a: Kingambit|39/100|[from] move: Infestation|[partiallytrapped]
|upkeep
|turn|8
|
|t:|1784108126
|move|p2a: Toxapex|Baneful Bunker|p2a: Toxapex
|-singleturn|p2a: Toxapex|move: Protect
|move|p1b: Talonflame|Brave Bird|p2a: Toxapex
|-activate|p2a: Toxapex|move: Protect
|move|p1a: Kingambit|Kowtow Cleave|p2a: Toxapex
|-activate|p2a: Toxapex|move: Protect
|
|-heal|p2a: Toxapex|64/100|[from] item: Leftovers
|-damage|p1b: Talonflame|22/100 tox|[from] psn
|-damage|p1b: Talonflame|10/100 tox|[from] move: Infestation|[partiallytrapped]
|-end|p1a: Kingambit|Infestation|[partiallytrapped]
|upkeep
|turn|9
|
|t:|1784108139
|move|p1b: Talonflame|Brave Bird|p2a: Toxapex
|-damage|p2a: Toxapex|36/100
|-damage|p1b: Talonflame|2/100 tox|[from] Recoil
|move|p1a: Kingambit|Kowtow Cleave|p2a: Toxapex
|-damage|p2a: Toxapex|0 fnt
|faint|p2a: Toxapex
|
|win|LynxVGC
||bingbongwhoosh is ready for game 3.
||LynxVGC is ready for game 3.
|uhtml|next|Next: Game 3 of 3
|l|☆bingbongwhoosh
|player|p2|
