|j|☆Zady11
|j|☆moth.o
|html|Zady11moth.o    
|uhtml|bestof|Game 2 of a best-of-3
|t:|1757162956
|gametype|doubles
|player|p1|Zady11|guitarist|1202
|player|p2|moth.o|roxie|1301
|gen|9
|tier|[Gen 9] VGC 2025 Reg H (Bo3)
|rated|
|rule|Species Clause: Limit one of each Pokémon
|rule|Item Clause: Limit 1 of each item
|clearpoke
|poke|p1|Whimsicott, L50, M|
|poke|p1|Typhlosion-Hisui, L50, F|
|poke|p1|Basculegion, L50, M|
|poke|p1|Ursaluna-Bloodmoon, L50, M|
|poke|p1|Farigiraf, L50, M|
|poke|p1|Maushold-Four, L50|
|poke|p2|Arcanine-Hisui, L50, M|
|poke|p2|Indeedee-F, L50, F|
|poke|p2|Gallade, L50, M|
|poke|p2|Gholdengo, L50|
|poke|p2|Whimsicott, L50, F|
|poke|p2|Hydreigon, L50, M|
|teampreview|4
|showteam|p1|Whimsicott||CovertCloak|Prankster|Moonblast,SunnyDay,Encore,Tailwind|||M|||50|,,,,,Water]Typhlosion-Hisui||ChoiceSpecs|Blaze|Eruption,HeatWave,ShadowBall,Overheat|||F|||50|,,,,,Fire]Basculegion||ChoiceScarf|Adaptability|WaveCrash,LastRespects,AquaJet,FlipTurn|||M|||50|,,,,,Water]Ursaluna-Bloodmoon||LifeOrb|MindsEye|BloodMoon,HyperVoice,EarthPower,Protect|||M|||50|,,,,,Normal]Farigiraf||ThroatSpray|ArmorTail|HyperVoice,HelpingHand,Psychic,TrickRoom|||M|||50|,,,,,Fire]Maushold-Four||WideLens|Technician|PopulationBomb,Taunt,FollowMe,Protect||||||50|,,,,,Ghost
|showteam|p2|Arcanine-Hisui||SafetyGoggles|Intimidate|RockSlide,FlareBlitz,ExtremeSpeed,Protect|||M|||50|,,,,,Fairy]Indeedee-F||SitrusBerry|PsychicSurge|TrickRoom,FollowMe,Psychic,HelpingHand|||F|||50|,,,,,Fairy]Gallade||LifeOrb|Sharpness|Protect,WideGuard,SacredSword,PsychoCut|||M|||50|,,,,,Grass]Gholdengo||ChoiceSpecs|GoodasGold|Trick,ShadowBall,MakeItRain,PowerGem||||||50|,,,,,Water]Whimsicott||CovertCloak|Prankster|SunnyDay,Moonblast,Encore,Tailwind|||F|||50|,,,,,Dark]Hydreigon||AssaultVest|Levitate|Uturn,Snarl,DarkPulse,DracoMeteor|||M|||50|,,,,,Ghost
|
|t:|1757163010
|teamsize|p1|4
|teamsize|p2|4
|start
|switch|p1a: Sr Blanco|Maushold-Four, L50|100/100
|switch|p1b: Sr Azul|Basculegion, L50, M|100/100
|switch|p2a: Galantería|Gallade, L50, M, shiny|100/100
|switch|p2b: Triquiñuela|Whimsicott, L50, F, shiny|100/100
|turn|1
|inactive|Battle timer is ON: inactive players will automatically lose when time's up. (requested by Zady11)
|j| AztecRaptor
|inactive|Zady11 has 60 seconds left.
|
|t:|1757163067
|move|p2b: Triquiñuela|Tailwind|p2b: Triquiñuela
|-sidestart|p2: moth.o|move: Tailwind
|move|p2a: Galantería|Psycho Cut|p1a: Sr Blanco
|-damage|p1a: Sr Blanco|0 fnt
|faint|p1a: Sr Blanco
|-damage|p2a: Galantería|91/100|[from] item: Life Orb
|move|p1b: Sr Azul|Flip Turn|p2a: Galantería
|-damage|p2a: Galantería|19/100
|inactive|Zady11 has 30 seconds left.
|
|t:|1757163100
|switch|p1b: Sr Rubio|Whimsicott, L50, M|100/100|[from] Flip Turn
|
|upkeep
|inactive|Zady11 has 30 seconds left.
|
|t:|1757163125
|switch|p1a: Sr Rosa|Typhlosion-Hisui, L50, F|100/100
|turn|2
|
|t:|1757163150
|switch|p2b: Fenrir|Arcanine-Hisui, L50, M|100/100
|-ability|p2b: Fenrir|Intimidate|boost
|-unboost|p1a: Sr Rosa|atk|1
|-unboost|p1b: Sr Rubio|atk|1
|move|p2a: Galantería|Protect|p2a: Galantería
|-singleturn|p2a: Galantería|Protect
|move|p1b: Sr Rubio|Tailwind|p1b: Sr Rubio
|-sidestart|p1: Zady11|move: Tailwind
|move|p1a: Sr Rosa|Shadow Ball|p2a: Galantería
|-activate|p2a: Galantería|move: Protect
|
|upkeep
|turn|3
|inactive|moth.o has 30 seconds left.
|
|t:|1757163185
|switch|p2a: Triquiñuela|Whimsicott, L50, F, shiny|100/100
|move|p1a: Sr Rosa|Shadow Ball|p2b: Fenrir
|-damage|p2b: Fenrir|30/100
|move|p2b: Fenrir|Flare Blitz|p1b: Sr Rubio
|-supereffective|p1b: Sr Rubio
|-damage|p1b: Sr Rubio|0 fnt
|faint|p1b: Sr Rubio
|-damage|p2b: Fenrir|0 fnt|[from] Recoil
|faint|p2b: Fenrir
|
|upkeep
|
|t:|1757163199
|switch|p2b: Odisea|Hydreigon, L50, M, shiny|100/100
|switch|p1b: Sr Azul|Basculegion, L50, M|100/100
|turn|4
|inactive|Zady11 has 30 seconds left.
|
|t:|1757163228
|switch|p2a: Galantería|Gallade, L50, M, shiny|19/100
|-terastallize|p1b: Sr Azul|Water
|move|p1b: Sr Azul|Last Respects|p2b: Odisea
|-resisted|p2b: Odisea
|-damage|p2b: Odisea|61/100
|move|p1a: Sr Rosa|Shadow Ball|p2b: Odisea
|-resisted|p2b: Odisea
|-damage|p2b: Odisea|41/100
|move|p2b: Odisea|Snarl|p1b: Sr Azul|[spread] p1a,p1b
|-supereffective|p1a: Sr Rosa
|-damage|p1a: Sr Rosa|44/100
|-damage|p1b: Sr Azul|76/100
|-unboost|p1a: Sr Rosa|spa|1
|-unboost|p1b: Sr Azul|spa|1
|
|-sideend|p2: moth.o|move: Tailwind
|upkeep
|turn|5
|inactive|Zady11 has 30 seconds left.
|inactive|moth.o has 30 seconds left.
|
|t:|1757163263
|switch|p2a: Triquiñuela|Whimsicott, L50, F, shiny|100/100
|move|p1b: Sr Azul|Last Respects|p2b: Odisea
|-resisted|p2b: Odisea
|-damage|p2b: Odisea|4/100
|move|p1a: Sr Rosa|Shadow Ball|p2a: Triquiñuela
|-damage|p2a: Triquiñuela|45/100
|move|p2b: Odisea|U-turn|p1b: Sr Azul
|-damage|p1b: Sr Azul|57/100
|
|t:|1757163274
|switch|p2b: Galantería|Gallade, L50, M, shiny|19/100|[from] U-turn
|
|-sideend|p1: Zady11|move: Tailwind
|upkeep
|turn|6
|
|t:|1757163285
|move|p2a: Triquiñuela|Tailwind|p2a: Triquiñuela
|-sidestart|p2: moth.o|move: Tailwind
|move|p2b: Galantería|Sacred Sword|p1b: Sr Azul
|-damage|p1b: Sr Azul|0 fnt
|faint|p1b: Sr Azul
|-damage|p2b: Galantería|10/100|[from] item: Life Orb
|move|p1a: Sr Rosa|Shadow Ball|p2b: Galantería
|-supereffective|p2b: Galantería
|-damage|p2b: Galantería|0 fnt
|faint|p2b: Galantería
|
|upkeep
|-message|Zady11 forfeited.
|
|win|moth.o
|raw|Zady11's rating: 1202 → 1184(-18 for losing)
|raw|moth.o's rating: 1301 → 1315(+14 for winning)
|l| AztecRaptor
|l|☆Zady11
|player|p1|
|l|☆moth.o
|player|p2|
|j|☆moth.o
|player|p2|moth.o|roxie|
|l|☆moth.o
|player|p2|
|j|☆moth.o
|player|p2|moth.o|roxie|
