|j|☆Jirai Gumomon
|j|☆Trafalgar-Froakie
|html|Jirai GumomonTrafalgar-Froakie    
|uhtml|bestof|Game 3 of a best-of-3
|t:|1756738764
|gametype|doubles
|player|p1|Jirai Gumomon|1|1088
|player|p2|Trafalgar-Froakie|marshal|1000
|gen|9
|tier|[Gen 9] VGC 2025 Reg H (Bo3)
|rated|
|rule|Species Clause: Limit one of each Pokémon
|rule|Item Clause: Limit 1 of each item
|clearpoke
|poke|p1|Dragonite, L50, F|
|poke|p1|Garchomp, L50, M|
|poke|p1|Kingambit, L50, M|
|poke|p1|Talonflame, L50, F|
|poke|p1|Primarina, L50, M|
|poke|p1|Amoonguss, L50, F|
|poke|p2|Archaludon, L50, M|
|poke|p2|Pelipper, L50, F|
|poke|p2|Sinistcha, L50|
|poke|p2|Ursaluna, L50, F|
|poke|p2|Dragonite, L50, M|
|poke|p2|Gholdengo, L50|
|teampreview|4
|showteam|p1|Dragonite||LumBerry|Multiscale|TeraBlast,ExtremeSpeed,LowKick,Protect|||F|||50|,,,,,Flying]Garchomp||LifeOrb|RoughSkin|Earthquake,DragonClaw,StompingTantrum,Protect|||M|||50|,,,,,Steel]Kingambit||AssaultVest|Defiant|KowtowCleave,IronHead,SuckerPunch,LowKick|||M|||50|,,,,,Fire]Talonflame||CovertCloak|GaleWings|BraveBird,Tailwind,WillOWisp,Taunt|||F|||50|,,,,,Ghost]Primarina||SafetyGoggles|LiquidVoice|HyperVoice,Moonblast,Haze,Protect|||M|||50|,,,,,Dragon]Amoonguss||SitrusBerry|Regenerator|PollenPuff,Spore,RagePowder,Protect|||F|||50|,,,,,Water
|showteam|p2|Archaludon||AssaultVest|Stamina|FlashCannon,BodyPress,ElectroShot,Snarl|||M|||50|,,,,,Fighting]Pelipper||FocusSash|Drizzle|Hurricane,MuddyWater,Tailwind,WideGuard|||F|||50|,,,,,Ghost]Sinistcha||SitrusBerry|Hospitality|MatchaGotcha,RagePowder,LifeDew,TrickRoom||||||50|,,,,,Dark]Ursaluna||FlameOrb|Guts|Facade,HeadlongRush,Earthquake,Protect|||F|||50|,,,,,Ghost]Dragonite||LoadedDice|Multiscale|Tailwind,Haze,ScaleShot,Protect|||M|||50|,,,,,Fairy]Gholdengo||ChoiceScarf|GoodasGold|MakeItRain,ShadowBall,TeraBlast,Trick||||||50|,,,,,Water
|inactive|Battle timer is ON: inactive players will automatically lose when time's up. (requested by Jirai Gumomon)
|
|t:|1756738894
|teamsize|p1|4
|teamsize|p2|4
|start
|switch|p1a: Dragonite|Dragonite, L50, F|100/100
|switch|p1b: Garchomp|Garchomp, L50, M|100/100
|switch|p2a: Ursaluna|Ursaluna, L50, F|100/100
|switch|p2b: Dragonite|Dragonite, L50, M|100/100
|turn|1
|inactive|Jirai Gumomon has 30 seconds left.
|inactive|Trafalgar-Froakie has 30 seconds left.
|inactive|Jirai Gumomon has 20 seconds left.
|inactive|Jirai Gumomon has 15 seconds left.
|inactive|Jirai Gumomon has 10 seconds left.
|
|t:|1756738944
|switch|p1b: Amoonguss|Amoonguss, L50, F|100/100
|-terastallize|p1a: Dragonite|Flying
|move|p2a: Ursaluna|Protect|p2a: Ursaluna
|-singleturn|p2a: Ursaluna|Protect
|move|p2b: Dragonite|Tailwind|p2b: Dragonite
|-sidestart|p2: Trafalgar-Froakie|move: Tailwind
|move|p1a: Dragonite|Tera Blast|p2b: Dragonite|[anim] Tera Blast Flying
|-damage|p2b: Dragonite|69/100
|
|-status|p2a: Ursaluna|brn|[from] item: Flame Orb
|upkeep
|turn|2
|inactive|Jirai Gumomon has 30 seconds left.
|inactive|Trafalgar-Froakie has 30 seconds left.
|inactive|Trafalgar-Froakie has 20 seconds left.
|inactive|Trafalgar-Froakie has 15 seconds left.
|inactive|Trafalgar-Froakie has 10 seconds left.
|
|t:|1756738990
|switch|p2b: Gholdengo|Gholdengo, L50|100/100
|-terastallize|p2a: Ursaluna|Ghost
|move|p1b: Amoonguss|Rage Powder|p1b: Amoonguss
|-singleturn|p1b: Amoonguss|move: Rage Powder
|move|p2a: Ursaluna|Facade|p1b: Amoonguss
|-damage|p1b: Amoonguss|12/100
|-enditem|p1b: Amoonguss|Sitrus Berry|[eat]
|-heal|p1b: Amoonguss|37/100|[from] item: Sitrus Berry
|move|p1a: Dragonite|Tera Blast|p2a: Ursaluna|[anim] Tera Blast Flying
|-damage|p2a: Ursaluna|52/100 brn
|
|-damage|p2a: Ursaluna|46/100 brn|[from] brn
|upkeep
|turn|3
|inactive|Jirai Gumomon has 30 seconds left.
|inactive|Jirai Gumomon has 20 seconds left.
|inactive|Jirai Gumomon has 15 seconds left.
|inactive|Jirai Gumomon has 10 seconds left.
|inactive|Jirai Gumomon has 5 seconds left.
|
|t:|1756739044
|move|p1b: Amoonguss|Rage Powder|p1b: Amoonguss
|-singleturn|p1b: Amoonguss|move: Rage Powder
|move|p2b: Gholdengo|Make It Rain|p1b: Amoonguss|[spread] p1a,p1b
|-damage|p1a: Dragonite|74/100
|-damage|p1b: Amoonguss|0 fnt
|-unboost|p2b: Gholdengo|spa|1
|faint|p1b: Amoonguss
|move|p2a: Ursaluna|Facade|p1a: Dragonite
|-damage|p1a: Dragonite|0 fnt
|faint|p1a: Dragonite
|
|-damage|p2a: Ursaluna|40/100 brn|[from] brn
|upkeep
|
|t:|1756739057
|switch|p1a: Garchomp|Garchomp, L50, M|100/100
|switch|p1b: Primarina|Primarina, L50, M|100/100
|turn|4
|
|t:|1756739070
|switch|p2b: Sinistcha|Sinistcha, L50|100/100
|-heal|p2a: Ursaluna|65/100 brn|[from] ability: Hospitality|[of] p2b: Sinistcha
|move|p1a: Garchomp|Protect|p1a: Garchomp
|-singleturn|p1a: Garchomp|Protect
|move|p2a: Ursaluna|Protect|p2a: Ursaluna
|-singleturn|p2a: Ursaluna|Protect
|move|p1b: Primarina|Protect||[still]
|-fail|p1b: Primarina
|
|-damage|p2a: Ursaluna|59/100 brn|[from] brn
|-sideend|p2: Trafalgar-Froakie|move: Tailwind
|upkeep
|turn|5
|inactive|Jirai Gumomon has 30 seconds left.
|inactive|Trafalgar-Froakie has 30 seconds left.
|inactive|Jirai Gumomon has 20 seconds left.
|
|t:|1756739106
|move|p1a: Garchomp|Dragon Claw|p2a: Ursaluna
|-damage|p2a: Ursaluna|14/100 brn
|-damage|p1a: Garchomp|91/100|[from] item: Life Orb
|move|p2b: Sinistcha|Life Dew||[still]|[spread] p2a,p2b
|-heal|p2a: Ursaluna|39/100 brn
|-fail|p2b: Sinistcha|heal
|move|p1b: Primarina|Moonblast|p2a: Ursaluna
|-damage|p2a: Ursaluna|0 fnt
|faint|p2a: Ursaluna
|
|upkeep
|
|t:|1756739126
|switch|p2a: Dragonite|Dragonite, L50, M|69/100
|turn|6
|inactive|Jirai Gumomon has 30 seconds left.
|
|t:|1756739152
|move|p2b: Sinistcha|Rage Powder|p2b: Sinistcha
|-singleturn|p2b: Sinistcha|move: Rage Powder
|move|p1a: Garchomp|Dragon Claw|p2b: Sinistcha
|-damage|p2b: Sinistcha|52/100
|-damage|p1a: Garchomp|81/100|[from] item: Life Orb
|move|p2a: Dragonite|Tailwind|p2a: Dragonite
|-sidestart|p2: Trafalgar-Froakie|move: Tailwind
|move|p1b: Primarina|Moonblast|p2b: Sinistcha
|-damage|p2b: Sinistcha|6/100
|-unboost|p2b: Sinistcha|spa|1
|-enditem|p2b: Sinistcha|Sitrus Berry|[eat]
|-heal|p2b: Sinistcha|31/100|[from] item: Sitrus Berry
|
|upkeep
|turn|7
|inactive|Jirai Gumomon has 30 seconds left.
|inactive|Trafalgar-Froakie has 30 seconds left.
|inactive|Trafalgar-Froakie has 20 seconds left.
|
|t:|1756739189
|move|p1a: Garchomp|Protect|p1a: Garchomp
|-singleturn|p1a: Garchomp|Protect
|move|p2a: Dragonite|Scale Shot|p1a: Garchomp
|-activate|p1a: Garchomp|move: Protect
|move|p2b: Sinistcha|Life Dew|p2b: Sinistcha|[spread] p2a,p2b
|-heal|p2a: Dragonite|94/100
|-heal|p2b: Sinistcha|56/100
|move|p1b: Primarina|Moonblast|p2b: Sinistcha
|-damage|p2b: Sinistcha|15/100
|
|upkeep
|turn|8
|
|t:|1756739210
|move|p1a: Garchomp|Protect||[still]
|-fail|p1a: Garchomp
|move|p2a: Dragonite|Scale Shot|p1a: Garchomp
|-supereffective|p1a: Garchomp
|-damage|p1a: Garchomp|54/100
|-supereffective|p1a: Garchomp
|-damage|p1a: Garchomp|23/100
|-supereffective|p1a: Garchomp
|-damage|p1a: Garchomp|0 fnt
|faint|p1a: Garchomp
|-hitcount|p1: Garchomp|3
|-unboost|p2a: Dragonite|def|1
|-boost|p2a: Dragonite|spe|1
|move|p2b: Sinistcha|Matcha Gotcha|p1b: Primarina
|-supereffective|p1b: Primarina
|-damage|p1b: Primarina|64/100
|-heal|p2b: Sinistcha|34/100|[from] drain|[of] p1b: Primarina
|move|p1b: Primarina|Moonblast|p2b: Sinistcha
|-damage|p2b: Sinistcha|0 fnt
|faint|p2b: Sinistcha
|
|upkeep
|
|t:|1756739229
|switch|p2b: Gholdengo|Gholdengo, L50|100/100
|turn|9
|inactive|Trafalgar-Froakie has 30 seconds left.
|inactive|Trafalgar-Froakie has 20 seconds left.
|inactive|Trafalgar-Froakie has 15 seconds left.
|
|t:|1756739272
|move|p2b: Gholdengo|Shadow Ball|p1b: Primarina
|-damage|p1b: Primarina|27/100
|move|p2a: Dragonite|Scale Shot|p1b: Primarina
|-immune|p1b: Primarina
|move|p1b: Primarina|Hyper Voice|p2a: Dragonite|[spread] p2a,p2b
|-resisted|p2a: Dragonite
|-damage|p2a: Dragonite|77/100
|-damage|p2b: Gholdengo|61/100
|
|-sideend|p2: Trafalgar-Froakie|move: Tailwind
|upkeep
|turn|10
|
|t:|1756739285
|move|p2b: Gholdengo|Shadow Ball|p1b: Primarina
|-damage|p1b: Primarina|0 fnt
|faint|p1b: Primarina
|
|win|Trafalgar-Froakie
|raw|Jirai Gumomon's rating: 1088 → 1059(-29 for losing)
|raw|Trafalgar-Froakie's rating: 1000 → 1050(+50 for winning)
|l|☆Jirai Gumomon
|player|p1|
