|j|☆tamagotchai-03
|j|☆ToastedArt
|html|tamagotchai-03ToastedArt    
|uhtml|bestof|Game 2 of a best-of-3
|t:|1785614164
|gametype|doubles
|player|p1|tamagotchai-03|1|1148
|player|p2|ToastedArt|iris|1043
|gen|9
|tier|[Gen 9 Champions] VGC 2026 Reg M-B (Bo3)
|rated|
|rule|Species Clause: Limit one of each Pokémon
|rule|Item Clause: Limit 1 of each item
|clearpoke
|poke|p1|Froslass, L50, F|
|poke|p1|Kingambit, L50, F|
|poke|p1|Sinistcha, L50|
|poke|p1|Blaziken, L50, M|
|poke|p1|Basculegion, L50, M|
|poke|p1|Sneasler, L50, M|
|poke|p2|Sneasler, L50, F|
|poke|p2|Incineroar, L50, M|
|poke|p2|Sinistcha, L50|
|poke|p2|Floette-Eternal, L50, F|
|poke|p2|Blastoise, L50, F|
|poke|p2|Kingambit, L50, M|
|teampreview|4
|showteam|p1|Froslass||Froslassite|CursedBody|Blizzard,ShadowBall,WillOWisp,Protect|Modest||F|||50|]Kingambit||LifeOrb|Defiant|KowtowCleave,SuckerPunch,SwordsDance,Protect|Adamant||F|||50|]Sinistcha||KasibBerry|Hospitality|MatchaGotcha,RagePowder,LifeDew,Protect|Relaxed|||||50|]Blaziken||Blazikenite|SpeedBoost|FlareBlitz,CloseCombat,RockSlide,Protect|Adamant||M|||50|]Basculegion||ChoiceScarf|Adaptability|WaveCrash,AquaJet,LastRespects,FlipTurn|Adamant||M|||50|]Sneasler||FocusSash|PoisonTouch|DireClaw,CloseCombat,Coaching,FakeOut|Adamant||M|||50|
|showteam|p2|Sneasler||FocusSash|PoisonTouch|CloseCombat,PoisonJab,FakeOut,QuickGuard|Jolly||F|||50|]Incineroar||SitrusBerry|Intimidate|FlareBlitz,DarkestLariat,PartingShot,FakeOut|Impish||M|||50|]Sinistcha||KasibBerry|Hospitality|MatchaGotcha,RagePowder,TrickRoom,Protect|Relaxed|||||50|]Floette-Eternal||Floettite|FlowerVeil|DazzlingGleam,DrainingKiss,CalmMind,Protect|Modest||F|||50|]Blastoise||Blastoisinite|Torrent|WaterSpout,DarkPulse,ShellSmash,Protect|Modest||F|||50|]Kingambit||BlackGlasses|Defiant|KowtowCleave,SuckerPunch,SwordsDance,Protect|Adamant||M|||50|
|inactive|Battle timer is ON: inactive players will automatically lose when time's up. (requested by ToastedArt)
|inactive|tamagotchai-03 also wants the timer to be on.
|j| r13974682
|inactive|ToastedArt has 60 seconds left.
|
|t:|1785614195
|teamsize|p1|4
|teamsize|p2|4
|start
|switch|p1a: Froslass|Froslass, L50, F|100/100
|switch|p1b: Kingambit|Kingambit, L50, F|100/100
|switch|p2a: Blastoise|Blastoise, L50, F|100/100
|switch|p2b: Sneasler|Sneasler, L50, F|100/100
|turn|1
|
|t:|1785614211
|switch|p1b: Basculegion|Basculegion, L50, M|100/100
|detailschange|p1a: Froslass|Froslass-Mega, L50, F
|-mega|p1a: Froslass|Froslass|Froslassite
|-weather|Snowscape|[from] ability: Snow Warning|[of] p1a: Froslass
|detailschange|p2a: Blastoise|Blastoise-Mega, L50, F
|-mega|p2a: Blastoise|Blastoise|Blastoisinite
|move|p2b: Sneasler|Fake Out|p1b: Basculegion
|-immune|p1b: Basculegion
|move|p1a: Froslass|Blizzard|p2b: Sneasler|[spread] p2a,p2b
|-resisted|p2a: Blastoise|1
|-damage|p2a: Blastoise|79/100
|-damage|p2b: Sneasler|45/100
|-status|p2b: Sneasler|frz
|move|p2a: Blastoise|Shell Smash|p2a: Blastoise
|-unboost|p2a: Blastoise|def|1
|-unboost|p2a: Blastoise|spd|1
|-boost|p2a: Blastoise|atk|2
|-boost|p2a: Blastoise|spa|2
|-boost|p2a: Blastoise|spe|2
|
|-weather|Snowscape|[upkeep]
|upkeep
|turn|2
|
|t:|1785614232
|switch|p2b: Sinistcha|Sinistcha, L50|100/100
|-heal|p2a: Blastoise|100/100|[from] ability: Hospitality|[of] p2b: Sinistcha
|move|p2a: Blastoise|Dark Pulse|p1b: Basculegion
|-supereffective|p1b: Basculegion|1
|-damage|p1b: Basculegion|0 fnt
|faint|p1b: Basculegion
|move|p1a: Froslass|Blizzard|p2b: Sinistcha|[spread] p2a,p2b
|-resisted|p2a: Blastoise|1
|-supereffective|p2b: Sinistcha|1
|-damage|p2a: Blastoise|68/100
|-damage|p2b: Sinistcha|17/100
|
|-weather|Snowscape|[upkeep]
|upkeep
|
|t:|1785614232
|switch|p1b: Kingambit|Kingambit, L50, F|100/100
|turn|3
|
|t:|1785614248
|switch|p2b: Sneasler|Sneasler, L50, F|45/100 frz
|move|p2a: Blastoise|Water Spout|p1a: Froslass|[spread] p1a,p1b
|-damage|p1a: Froslass|1/100
|-damage|p1b: Kingambit|17/100
|move|p1a: Froslass|Blizzard|p2b: Sneasler|[spread] p2a,p2b
|-resisted|p2a: Blastoise|1
|-crit|p2b: Sneasler
|-damage|p2a: Blastoise|36/100
|-damage|p2b: Sneasler|0 fnt
|faint|p2b: Sneasler
|move|p1b: Kingambit|Kowtow Cleave|p2a: Blastoise
|-damage|p2a: Blastoise|0 fnt
|faint|p2a: Blastoise
|-damage|p1b: Kingambit|7/100|[from] item: Life Orb
|
|-weather|Snowscape|[upkeep]
|upkeep
|
|t:|1785614256
|switch|p2b: Incineroar|Incineroar, L50, M|100/100
|switch|p2a: Sinistcha|Sinistcha, L50|17/100
|-ability|p2b: Incineroar|Intimidate|boost
|-unboost|p1a: Froslass|atk|1
|-unboost|p1b: Kingambit|atk|1
|-ability|p1b: Kingambit|Defiant|boost
|-boost|p1b: Kingambit|atk|2
|turn|4
|
|t:|1785614269
|move|p2a: Sinistcha|Protect|p2a: Sinistcha
|-singleturn|p2a: Sinistcha|Protect
|move|p1b: Kingambit|Protect|p1b: Kingambit
|-singleturn|p1b: Kingambit|Protect
|move|p1a: Froslass|Shadow Ball|p2b: Incineroar
|-resisted|p2b: Incineroar|1
|-damage|p2b: Incineroar|80/100
|move|p2b: Incineroar|Darkest Lariat|p1a: Froslass
|-supereffective|p1a: Froslass|1
|-damage|p1a: Froslass|0 fnt
|faint|p1a: Froslass
|
|-weather|Snowscape|[upkeep]
|upkeep
|
|t:|1785614269
|switch|p1a: Blaziken|Blaziken, L50, M|100/100
|turn|5
|-message|ToastedArt forfeited.
|
|win|tamagotchai-03
|raw|tamagotchai-03's rating: 1148 → 1166(+18 for winning)
|raw|ToastedArt's rating: 1043 → 1031(-12 for losing)
