|j|☆mocha gob
|j|☆grandsabersharkrai
|html|mocha gobgrandsabersharkrai    
|uhtml|bestof|Game 1 of a best-of-3
|t:|1783363018
|gametype|doubles
|player|p1|mocha gob|hiker|1157
|player|p2|grandsabersharkrai|101|1110
|gen|9
|tier|[Gen 9 Champions] VGC 2026 Reg M-B (Bo3)
|rated|
|rule|Species Clause: Limit one of each Pokémon
|rule|Item Clause: Limit 1 of each item
|clearpoke
|poke|p1|Raichu, L50, M|
|poke|p1|Staraptor, L50, M|
|poke|p1|Whimsicott, L50, F|
|poke|p1|Weavile, L50, F|
|poke|p1|Incineroar, L50, F|
|poke|p1|Skeledirge, L50, M|
|poke|p2|Floette-Eternal, L50, F|
|poke|p2|Charizard, L50, F, shiny|
|poke|p2|Basculegion, L50, M|
|poke|p2|Kingambit, L50, M, shiny|
|poke|p2|Whimsicott, L50, M, shiny|
|poke|p2|Garchomp, L50, F|
|teampreview|4
|showteam|p1|Raichu||RaichuniteY|LightningRod|ZapCannon,FocusBlast,NastyPlot,Protect|Timid||M|||50|]Staraptor||Staraptite|Intimidate|CloseCombat,BraveBird,Roost,Protect|Adamant||M|||50|]Whimsicott||MentalHerb|Prankster|Tailwind,SunnyDay,Moonblast,Charm|Bold||F|||50|]Weavile||FocusSash|Pressure|FakeOut,IceSpinner,KnockOff,IceShard|Jolly||F|||50|]Incineroar||SitrusBerry|Intimidate|FakeOut,FlareBlitz,DarkestLariat,PartingShot|Adamant||F|||50|]Skeledirge||Leftovers|Unaware|TorchSong,HeatWave,ShadowBall,Protect|Serious||M|||50|
|showteam|p2|Floette-Eternal||Floettite|FlowerVeil|Protect,DazzlingGleam,Moonblast,LightofRuin|Modest||F|||50|]Charizard||CharizarditeY|Blaze|Protect,HeatWave,WeatherBall,SolarBeam|Modest||F|||50|]Basculegion||ChoiceScarf|Adaptability|FlipTurn,WaveCrash,LastRespects,AquaJet|Jolly||M|||50|]Kingambit||OccaBerry|Defiant|Protect,KowtowCleave,IronHead,SuckerPunch|Adamant||M|||50|]Whimsicott||FocusSash|Prankster|Protect,Moonblast,Encore,Tailwind|Timid||M|||50|]Garchomp||HabanBerry|RoughSkin|Protect,Earthquake,DragonClaw,RockSlide|Jolly||F|||50|
|inactive|Battle timer is ON: inactive players will automatically lose when time's up. (requested by mocha gob)
|inactive|grandsabersharkrai has 60 seconds left.
|inactive|grandsabersharkrai has 30 seconds left.
|inactive|grandsabersharkrai has 20 seconds left.
|inactive|grandsabersharkrai has 15 seconds left.
|inactive|grandsabersharkrai has 10 seconds left.
|
|t:|1783363101
|teamsize|p1|4
|teamsize|p2|4
|start
|switch|p1a: Staraptor|Staraptor, L50, M|100/100
|switch|p1b: Whimsicott|Whimsicott, L50, F|100/100
|switch|p2a: Whimsicott|Whimsicott, L50, M, shiny|100/100
|switch|p2b: Floette|Floette-Eternal, L50, F|100/100
|-ability|p1a: Staraptor|Intimidate|boost
|-block|p2a: Whimsicott|ability: Flower Veil|[of] p2b: Floette
|-unboost|p2b: Floette|atk|1
|turn|1
|
|t:|1783363117
|detailschange|p2b: Floette|Floette-Mega, L50, F
|-mega|p2b: Floette|Floette|Floettite
|-ability|p2b: Floette|Fairy Aura
|detailschange|p1a: Staraptor|Staraptor-Mega, L50, M
|-mega|p1a: Staraptor|Staraptor|Staraptite
|move|p1a: Staraptor|Protect|p1a: Staraptor
|-singleturn|p1a: Staraptor|Protect
|move|p2a: Whimsicott|Tailwind|p2a: Whimsicott
|-sidestart|p2: grandsabersharkrai|move: Tailwind
|move|p1b: Whimsicott|Tailwind|p1b: Whimsicott
|-sidestart|p1: mocha gob|move: Tailwind
|move|p2b: Floette|Dazzling Gleam|p1b: Whimsicott|[spread] p1b
|-activate|p1a: Staraptor|move: Protect
|-damage|p1b: Whimsicott|38/100
|
|upkeep
|turn|2
|
|t:|1783363136
|move|p2a: Whimsicott|Encore|p1a: Staraptor
|-start|p1a: Staraptor|Encore
|move|p1a: Staraptor|Protect||[still]
|-fail|p1a: Staraptor
|move|p1b: Whimsicott|Charm|p1a: Staraptor
|-boost|p1a: Staraptor|atk|2
|move|p2b: Floette|Dazzling Gleam|p1a: Staraptor|[spread] p1a,p1b
|-supereffective|p1a: Staraptor|1
|-damage|p1a: Staraptor|1/100
|-damage|p1b: Whimsicott|0 fnt
|faint|p1b: Whimsicott
|
|upkeep
|
|t:|1783363146
|switch|p1b: Weavile|Weavile, L50, F|100/100
|-ability|p1b: Weavile|Pressure
|turn|3
|
|t:|1783363159
|switch|p1a: Skeledirge|Skeledirge, L50, M|100/100
|move|p1b: Weavile|Ice Spinner|p2b: Floette
|-damage|p2b: Floette|50/100g
|move|p2a: Whimsicott|Moonblast|p1b: Weavile
|-supereffective|p1b: Weavile|1
|-enditem|p1b: Weavile|Focus Sash
|-damage|p1b: Weavile|1/100
|move|p2b: Floette|Dazzling Gleam|p1a: Skeledirge|[spread] p1a,p1b
|-resisted|p1a: Skeledirge|1
|-supereffective|p1b: Weavile|1
|-damage|p1a: Skeledirge|69/100
|-damage|p1b: Weavile|0 fnt
|faint|p1b: Weavile
|
|-heal|p1a: Skeledirge|75/100|[from] item: Leftovers
|upkeep
|
|t:|1783363166
|switch|p1b: Staraptor|Staraptor-Mega, L50, M|1/100
|turn|4
|
|t:|1783363182
|move|p2a: Whimsicott|Moonblast|p1b: Staraptor
|-supereffective|p1b: Staraptor|1
|-damage|p1b: Staraptor|0 fnt
|faint|p1b: Staraptor
|move|p2b: Floette|Moonblast|p1a: Skeledirge
|-resisted|p1a: Skeledirge|1
|-damage|p1a: Skeledirge|27/100
|move|p1a: Skeledirge|Torch Song|p2b: Floette
|-damage|p2b: Floette|19/100
|-boost|p1a: Skeledirge|spa|1
|
|-heal|p1a: Skeledirge|33/100|[from] item: Leftovers
|-sideend|p2: grandsabersharkrai|move: Tailwind
|-sideend|p1: mocha gob|move: Tailwind
|upkeep
|turn|5
|
|t:|1783363190
|move|p2a: Whimsicott|Moonblast|p1a: Skeledirge
|-resisted|p1a: Skeledirge|1
|-damage|p1a: Skeledirge|7/100
|move|p2b: Floette|Moonblast|p1a: Skeledirge
|-resisted|p1a: Skeledirge|1
|-damage|p1a: Skeledirge|0 fnt
|faint|p1a: Skeledirge
|
|win|grandsabersharkrai
||grandsabersharkrai is ready for game 2.
||mocha gob is ready for game 2.
|uhtml|next|Next: Game 2 of 3
