|j|☆gluconfix
|j|☆homerj71
|html|gluconfixhomerj71    
|uhtml|bestof|Game 2 of a best-of-3
|t:|1784402362
|gametype|doubles
|player|p1|gluconfix|proton|1059
|player|p2|homerj71|2|1025
|gen|9
|tier|[Gen 9 Champions] VGC 2026 Reg M-B (Bo3)
|rated|
|rule|Species Clause: Limit one of each Pokémon
|rule|Item Clause: Limit 1 of each item
|clearpoke
|poke|p1|Liepard, L50, M, shiny|
|poke|p1|Lopunny, L50, F, shiny|
|poke|p1|Archaludon, L50, M, shiny|
|poke|p1|Pelipper, L50, F|
|poke|p1|Manectric, L50, M, shiny|
|poke|p1|Jolteon, L50, F|
|poke|p2|Charizard, L50, F|
|poke|p2|Grimmsnarl, L50, M|
|poke|p2|Archaludon, L50, M|
|poke|p2|Pelipper, L50, M|
|poke|p2|Venusaur, L50, F|
|poke|p2|Basculegion, L50, M|
|teampreview|4
|showteam|p1|Liepard||FocusSash|Prankster|FakeOut,Taunt,Encore,KnockOff|Jolly||M|||50|]Lopunny||Lopunnite|Limber|AfterYou,FakeOut,CloseCombat,GigaImpact|Jolly||F|||50|]Archaludon||Leftovers|Stamina|DracoMeteor,FlashCannon,ElectroShot,Protect|Timid||M|||50|]Pelipper||SitrusBerry|Drizzle|WeatherBall,Hurricane,Tailwind,WideGuard|Bold||F|||50|]Manectric||ShucaBerry|LightningRod|VoltSwitch,Snarl,Protect,Thunder|Timid||M|||50|]Jolteon||KingsRock|VoltAbsorb|ShadowBall,VoltSwitch,RainDance,Wish|Timid||F|||50|
|showteam|p2|Charizard||CharizarditeY|Blaze|HeatWave,WeatherBall,SolarBeam,Protect|Modest||F|||50|]Grimmsnarl||LightClay|Prankster|SpiritBreak,PartingShot,LightScreen,Reflect|Careful||M|||50|]Archaludon||Leftovers|Stamina|DragonPulse,FlashCannon,ElectroShot,Protect|Calm||M|||50|]Pelipper||SitrusBerry|Drizzle|Hurricane,WeatherBall,WideGuard,Tailwind|Modest||M|||50|]Venusaur||FocusSash|Chlorophyll|LeafStorm,SludgeBomb,SleepPowder,Protect|Modest||F|||50|]Basculegion||ChoiceScarf|Adaptability|WaveCrash,LastRespects,AquaJet,FlipTurn|Jolly||M|||50|
|inactive|Battle timer is ON: inactive players will automatically lose when time's up. (requested by homerj71)
|inactive|gluconfix also wants the timer to be on.
|inactive|gluconfix has 60 seconds left.
|
|t:|1784402416
|teamsize|p1|4
|teamsize|p2|4
|start
|switch|p1a: Liepard|Liepard, L50, M, shiny|100/100
|switch|p1b: Archaludon|Archaludon, L50, M, shiny|100/100
|switch|p2a: Charizard|Charizard, L50, F|100/100
|switch|p2b: Grimmsnarl|Grimmsnarl, L50, M|100/100
|turn|1
|inactive|gluconfix has 30 seconds left.
|
|t:|1784402446
|detailschange|p2a: Charizard|Charizard-Mega-Y, L50, F
|-mega|p2a: Charizard|Charizard|Charizardite Y
|-weather|SunnyDay|[from] ability: Drought|[of] p2a: Charizard
|move|p1a: Liepard|Fake Out|p2b: Grimmsnarl
|-damage|p2b: Grimmsnarl|87/100
|cant|p2b: Grimmsnarl|flinch
|move|p1b: Archaludon|Flash Cannon|p2b: Grimmsnarl
|-supereffective|p2b: Grimmsnarl|1
|-damage|p2b: Grimmsnarl|12/100
|move|p2a: Charizard|Weather Ball|p1b: Archaludon
|-damage|p1b: Archaludon|0 fnt
|faint|p1b: Archaludon
|
|-weather|SunnyDay|[upkeep]
|upkeep
|
|t:|1784402461
|switch|p1b: Lopunny|Lopunny, L50, F, shiny|100/100
|turn|2
|
|t:|1784402469
|move|p2a: Charizard|Protect|p2a: Charizard
|-singleturn|p2a: Charizard|Protect
|move|p1b: Lopunny|Fake Out|p2a: Charizard
|-activate|p2a: Charizard|move: Protect
|move|p2b: Grimmsnarl|Reflect|p2b: Grimmsnarl
|-sidestart|p2: homerj71|Reflect
|move|p1a: Liepard|Knock Off|p2a: Charizard
|-activate|p2a: Charizard|move: Protect
|
|-weather|SunnyDay|[upkeep]
|upkeep
|turn|3
|inactive|gluconfix has 30 seconds left.
|
|t:|1784402500
|move|p1a: Liepard|Encore|p2a: Charizard
|-start|p2a: Charizard|Encore
|move|p2a: Charizard|Protect||[still]
|-fail|p2a: Charizard
|move|p2b: Grimmsnarl|Light Screen|p2b: Grimmsnarl
|-sidestart|p2: homerj71|move: Light Screen
|move|p1b: Lopunny|Giga Impact|p2a: Charizard
|-damage|p2a: Charizard|61/100
|-mustrecharge|p1b: Lopunny
|
|-weather|SunnyDay|[upkeep]
|upkeep
|turn|4
|
|t:|1784402513
|switch|p2a: Archaludon|Archaludon, L50, M|100/100
|move|p1a: Liepard|Taunt|p2a: Archaludon
|-start|p2a: Archaludon|move: Taunt
|move|p2b: Grimmsnarl|Parting Shot|p1b: Lopunny
|-unboost|p1b: Lopunny|atk|1
|-unboost|p1b: Lopunny|spa|1
|
|t:|1784402521
|switch|p2b: Pelipper|Pelipper, L50, M|100/100|[from] Parting Shot
|-weather|RainDance|[from] ability: Drizzle|[of] p2b: Pelipper
|cant|p1b: Lopunny|recharge
|
|-weather|RainDance|[upkeep]
|upkeep
|turn|5
|
|t:|1784402547
|switch|p1b: Manectric|Manectric, L50, M, shiny|100/100
|move|p1a: Liepard|Knock Off|p2b: Pelipper
|-damage|p2b: Pelipper|69/100
|-enditem|p2b: Pelipper|Sitrus Berry|[from] move: Knock Off|[of] p1a: Liepard
|move|p2a: Archaludon|Dragon Pulse|p1a: Liepard
|-damage|p1a: Liepard|16/100
|move|p2b: Pelipper|Weather Ball|p1b: Manectric
|-damage|p1b: Manectric|0 fnt
|faint|p1b: Manectric
|
|-weather|RainDance|[upkeep]
|upkeep
|
|t:|1784402560
|switch|p1b: Lopunny|Lopunny, L50, F, shiny|100/100
|turn|6
|
|t:|1784402571
|detailschange|p1b: Lopunny|Lopunny-Mega, L50, F, shiny
|-mega|p1b: Lopunny|Lopunny|Lopunnite
|move|p1a: Liepard|Encore|p2a: Archaludon
|-start|p2a: Archaludon|Encore
|move|p1b: Lopunny|Close Combat|p2a: Archaludon
|-supereffective|p2a: Archaludon|1
|-damage|p2a: Archaludon|29/100
|-unboost|p1b: Lopunny|def|1
|-unboost|p1b: Lopunny|spd|1
|-ability|p2a: Archaludon|Stamina|boost
|-boost|p2a: Archaludon|def|1
|move|p2a: Archaludon|Dragon Pulse|p1b: Lopunny
|-damage|p1b: Lopunny|27/100
|move|p2b: Pelipper|Tailwind|p2b: Pelipper
|-sidestart|p2: homerj71|move: Tailwind
|
|-weather|RainDance|[upkeep]
|-heal|p2a: Archaludon|35/100|[from] item: Leftovers
|-end|p2a: Archaludon|move: Taunt
|upkeep
|turn|7
|
|t:|1784402593
|move|p2a: Archaludon|Dragon Pulse|p1b: Lopunny
|-damage|p1b: Lopunny|0 fnt
|faint|p1b: Lopunny
|move|p2b: Pelipper|Weather Ball|p1a: Liepard
|-damage|p1a: Liepard|0 fnt
|faint|p1a: Liepard
|
|win|homerj71
|raw|gluconfix's rating: 1059 → 1038(-21 for losing)
|raw|homerj71's rating: 1025 → 1065(+40 for winning)
