|j|☆hohan92
|j|☆Sincubii
|html|hohan92Sincubii    
|uhtml|bestof|Game 2 of a best-of-3
|t:|1756161323
|gametype|doubles
|player|p1|hohan92|2|1079
|player|p2|Sincubii|palmer|1081
|gen|9
|tier|[Gen 9] VGC 2025 Reg H (Bo3)
|rated|
|rule|Species Clause: Limit one of each Pokémon
|rule|Item Clause: Limit 1 of each item
|clearpoke
|poke|p1|Ursaluna-Bloodmoon, L50, M|
|poke|p1|Archaludon, L50, M|
|poke|p1|Garchomp, L50, F|
|poke|p1|Sneasler, L50, M|
|poke|p1|Indeedee, L50, M|
|poke|p1|Whimsicott, L50, F|
|poke|p2|Weavile, L50, M|
|poke|p2|Armarouge, L50, M|
|poke|p2|Annihilape, L50, F|
|poke|p2|Indeedee-F, L50, F|
|poke|p2|Torkoal, L50, F|
|poke|p2|Weezing-Galar, L50, F|
|teampreview|4
|showteam|p1|Ursaluna-Bloodmoon||LifeOrb|MindsEye|BloodMoon,HyperVoice,EarthPower,Protect|||M|||50|,,,,,Normal]Archaludon||PowerHerb|Stalwart|ElectroShot,DragonPulse,Thunderbolt,Protect|||M|||50|,,,,,Electric]Garchomp||LoadedDice|RoughSkin|ScaleShot,StompingTantrum,SwordsDance,Protect|||F|||50|,,,,,Steel]Sneasler||PsychicSeed|Unburden|CloseCombat,DireClaw,ThroatChop,Protect|||M|||50|,,,,,Dark]Indeedee||FocusSash|PsychicSurge|ExpandingForce,TeraBlast,TrickRoom,Imprison|||M|||50|,,,,,Psychic]Whimsicott||CovertCloak|Prankster|Moonblast,Tailwind,FakeTears,Taunt|||F|||50|,,,,,Water
|showteam|p2|Weavile||LifeOrb|Pressure|FakeOut,KnockOff,IceSpinner,LowKick|||M|||50|,,,,,Stellar]Armarouge||FocusSash|FlashFire|ExpandingForce,ArmorCannon,Protect,TrickRoom|||M|||50|,,,,,Grass]Annihilape||Leftovers|Defiant|DrainPunch,RageFist,BulkUp,Protect|||F|||50|,,,,,Grass]Indeedee-F||SafetyGoggles|PsychicSurge|FollowMe,TrickRoom,HelpingHand,Psychic|||F|||50|,,,,,Fairy]Torkoal||AbilityShield|Drought|Overheat,Eruption,HelpingHand,Protect|||F|||50|,,,,,Fire]Weezing-Galar||SitrusBerry|NeutralizingGas|Taunt,PoisonGas,Protect,DazzlingGleam|||F|||50|,,,,,Grass
|
|t:|1756161350
|teamsize|p1|4
|teamsize|p2|4
|start
|switch|p1a: Indeedee|Indeedee, L50, M|100/100
|switch|p1b: Sneasler|Sneasler, L50, M|100/100
|switch|p2a: Weezing|Weezing-Galar, L50, F|100/100
|switch|p2b: Weavile|Weavile, L50, M|100/100
|-ability|p2a: Weezing|Neutralizing Gas
|turn|1
|inactive|Battle timer is ON: inactive players will automatically lose when time's up. (requested by Sincubii)
|
|t:|1756161400
|-terastallize|p2b: Weavile|Stellar
|move|p2b: Weavile|Ice Spinner|p1b: Sneasler
|-damage|p1b: Sneasler|0 fnt
|faint|p1b: Sneasler
|-damage|p2b: Weavile|91/100|[from] item: Life Orb
|move|p1a: Indeedee|Expanding Force|p2a: Weezing
|-supereffective|p2a: Weezing
|-damage|p2a: Weezing|16/100
|-enditem|p2a: Weezing|Sitrus Berry|[eat]
|-heal|p2a: Weezing|41/100|[from] item: Sitrus Berry
|move|p2a: Weezing|Dazzling Gleam|p1a: Indeedee
|-damage|p1a: Indeedee|69/100
|
|upkeep
|
|t:|1756161410
|switch|p1b: Whimsicott|Whimsicott, L50, F|100/100
|turn|2
|
|t:|1756161424
|-terastallize|p1b: Whimsicott|Water
|move|p2b: Weavile|Knock Off|p1a: Indeedee
|-supereffective|p1a: Indeedee
|-damage|p1a: Indeedee|0 fnt
|-enditem|p1a: Indeedee|Focus Sash|[from] move: Knock Off|[of] p2b: Weavile
|faint|p1a: Indeedee
|-damage|p2b: Weavile|81/100|[from] item: Life Orb
|move|p1b: Whimsicott|Tailwind|p1b: Whimsicott
|-sidestart|p1: hohan92|move: Tailwind
|move|p2a: Weezing|Taunt|p1b: Whimsicott
|-start|p1b: Whimsicott|move: Taunt
|
|upkeep
|
|t:|1756161432
|switch|p1a: Ursaluna|Ursaluna-Bloodmoon, L50, M|100/100
|turn|3
|
|t:|1756161448
|switch|p2b: Armarouge|Armarouge, L50, M|100/100
|move|p2a: Weezing|Protect|p2a: Weezing
|-singleturn|p2a: Weezing|Protect
|move|p1b: Whimsicott|Moonblast|p2b: Armarouge
|-resisted|p2b: Armarouge
|-damage|p2b: Armarouge|86/100
|move|p1a: Ursaluna|Hyper Voice|p2b: Armarouge|[spread] p2b
|-activate|p2a: Weezing|move: Protect
|-damage|p2b: Armarouge|29/100
|-damage|p1a: Ursaluna|91/100|[from] item: Life Orb
|
|upkeep
|turn|4
|
|t:|1756161469
|-end|p2a: Weezing|ability: Neutralizing Gas
|switch|p2a: Annihilape|Annihilape, L50, F|100/100
|move|p1b: Whimsicott|Moonblast|p2a: Annihilape
|-supereffective|p2a: Annihilape
|-damage|p2a: Annihilape|59/100
|move|p1a: Ursaluna|Hyper Voice|p2b: Armarouge|[spread] p2a,p2b
|-damage|p2a: Annihilape|17/100
|-damage|p2b: Armarouge|0 fnt
|faint|p2b: Armarouge
|-damage|p1a: Ursaluna|81/100|[from] item: Life Orb
|
|-heal|p2a: Annihilape|23/100|[from] item: Leftovers
|upkeep
|
|t:|1756161487
|switch|p2b: Weavile|Weavile, L50, M, tera:Stellar|81/100
|-ability|p2b: Weavile|Pressure
|turn|5
|
|t:|1756161503
|switch|p2a: Weezing|Weezing-Galar, L50, F|41/100
|-ability|p2a: Weezing|Neutralizing Gas
|move|p1a: Ursaluna|Protect|p1a: Ursaluna
|-singleturn|p1a: Ursaluna|Protect
|move|p2b: Weavile|Fake Out|p1a: Ursaluna
|-activate|p1a: Ursaluna|move: Protect
|move|p1b: Whimsicott|Moonblast|p2a: Weezing
|-resisted|p2a: Weezing
|-damage|p2a: Weezing|27/100
|
|-end|p1b: Whimsicott|move: Taunt
|-sideend|p1: hohan92|move: Tailwind
|upkeep
|turn|6
|
|t:|1756161518
|move|p2b: Weavile|Knock Off|p1b: Whimsicott
|-damage|p1b: Whimsicott|36/100
|-enditem|p1b: Whimsicott|Covert Cloak|[from] move: Knock Off|[of] p2b: Weavile
|-damage|p2b: Weavile|72/100|[from] item: Life Orb
|move|p1b: Whimsicott|Tailwind|p1b: Whimsicott
|-sidestart|p1: hohan92|move: Tailwind
|move|p1a: Ursaluna|Hyper Voice|p2a: Weezing|[spread] p2a,p2b
|-damage|p2a: Weezing|0 fnt
|-damage|p2b: Weavile|3/100
|faint|p2a: Weezing
|-end|p2a: Weezing|ability: Neutralizing Gas
|-ability|p2b: Weavile|Pressure
|-damage|p1a: Ursaluna|72/100|[from] item: Life Orb
|
|upkeep
|
|t:|1756161521
|switch|p2a: Annihilape|Annihilape, L50, F|23/100
|turn|7
|-message|Sincubii forfeited.
|
|win|hohan92
|raw|hohan92's rating: 1079 → 1107(+28 for winning)
|raw|Sincubii's rating: 1081 → 1059(-22 for losing)
|l|☆Sincubii
|player|p2|
