|j|‽Fakedomrilla
|j|☆rafaah_09
|html|Fakedomrillarafaah_09    
|uhtml|bestof|Game 2 of a best-of-3
|t:|1756615589
|gametype|doubles
|player|p1|Fakedomrilla|red|1023
|player|p2|rafaah_09|265|1046
|gen|9
|tier|[Gen 9] VGC 2025 Reg H (Bo3)
|rated|
|rule|Species Clause: Limit one of each Pokémon
|rule|Item Clause: Limit 1 of each item
|clearpoke
|poke|p1|Palafin, L50, M|
|poke|p1|Ursaluna-Bloodmoon, L50, M|
|poke|p1|Pelipper, L50, M|
|poke|p1|Archaludon, L50, F|
|poke|p1|Armarouge, L50, M|
|poke|p1|Indeedee-F, L50, F|
|poke|p2|Delphox, L50, F|
|poke|p2|Indeedee-F, L50, F|
|poke|p2|Gholdengo, L50|
|poke|p2|Sneasler, L50, F|
|poke|p2|Murkrow, L50, M|
|poke|p2|Ursaluna, L50, F|
|teampreview|4
|showteam|p1|Palafin||MysticWater|ZerotoHero|FlipTurn,JetPunch,WaveCrash,Protect|||M|||50|,,,,,Water]Ursaluna-Bloodmoon||LifeOrb|MindsEye|BloodMoon,HyperVoice,EarthPower,Protect|||M|||50|,,,,,Normal]Pelipper||RockyHelmet|Drizzle|WeatherBall,Hurricane,Uturn,Protect|||M|||50|,,,,,Grass]Archaludon||AssaultVest|Stamina|ElectroShot,BodyPress,DragonPulse,Snarl|||F|||50|,,,,,Flying]Armarouge||PowerHerb|FlashFire|ExpandingForce,MeteorBeam,ArmorCannon,Protect|||M|||50|,,,,,Grass]Indeedee-F||SitrusBerry|PsychicSurge|FollowMe,TrickRoom,Psychic,Protect|||F|||50|,,,,,Grass
|showteam|p2|Delphox||ChoiceSpecs|Blaze|ExpandingForce,HeatWave,TeraBlast,DazzlingGleam|||F|||50|,,,,,Fighting]Indeedee-F||SafetyGoggles|PsychicSurge|FollowMe,TrickRoom,HelpingHand,Psychic|||F|||50|,,,,,Fairy]Gholdengo||LifeOrb|GoodasGold|MakeItRain,ShadowBall,NastyPlot,Protect||||||50|,,,,,Steel]Sneasler||FocusSash|Unburden|FakeOut,CloseCombat,DireClaw,Protect|||F|||50|,,,,,Dark]Murkrow||Eviolite|Insomnia|Tailwind,SunnyDay,FoulPlay,Haze|||M|||50|,,,,,Ghost]Ursaluna||FlameOrb|Guts|Facade,HeadlongRush,Earthquake,Protect|||F|||50|,,,,,Ghost
|j| Auragap
|
|t:|1756615643
|teamsize|p1|4
|teamsize|p2|4
|start
|switch|p1a: Archaludon|Archaludon, L50, F|100/100
|switch|p1b: Armarouge|Armarouge, L50, M|100/100
|switch|p2a: Delphox|Delphox, L50, F, shiny|100/100
|switch|p2b: Sneasler|Sneasler, L50, F|100/100
|turn|1
|inactive|Battle timer is ON: inactive players will automatically lose when time's up. (requested by Fakedomrilla)
|l| Auragap
|
|t:|1756615709
|switch|p1a: Pelipper|Pelipper, L50, M|100/100
|-weather|RainDance|[from] ability: Drizzle|[of] p1a: Pelipper
|move|p2b: Sneasler|Close Combat|p1a: Pelipper
|-resisted|p1a: Pelipper
|-damage|p1a: Pelipper|67/100
|-unboost|p2b: Sneasler|def|1
|-unboost|p2b: Sneasler|spd|1
|-damage|p2b: Sneasler|84/100|[from] item: Rocky Helmet|[of] p1a: Pelipper
|move|p2a: Delphox|Expanding Force|p1b: Armarouge
|-resisted|p1b: Armarouge
|-damage|p1b: Armarouge|71/100
|move|p1b: Armarouge|Expanding Force|p2b: Sneasler
|-supereffective|p2b: Sneasler
|-damage|p2b: Sneasler|0 fnt
|faint|p2b: Sneasler
|
|-weather|RainDance|[upkeep]
|upkeep
|
|t:|1756615726
|switch|p2b: Indeedee|Indeedee-F, L50, F|100/100
|-fieldstart|move: Psychic Terrain|[from] ability: Psychic Surge|[of] p2b: Indeedee
|turn|2
|
|t:|1756615742
|move|p1b: Armarouge|Protect|p1b: Armarouge
|-singleturn|p1b: Armarouge|Protect
|move|p1a: Pelipper|Protect|p1a: Pelipper
|-singleturn|p1a: Pelipper|Protect
|move|p2a: Delphox|Expanding Force|p1a: Pelipper|[spread] 
|-activate|p1a: Pelipper|move: Protect
|-activate|p1b: Armarouge|move: Protect
|move|p2b: Indeedee|Trick Room|p2b: Indeedee
|-fieldstart|move: Trick Room|[of] p2b: Indeedee
|
|-weather|RainDance|[upkeep]
|upkeep
|turn|3
|inactive|rafaah_09 has 30 seconds left.
|
|t:|1756615774
|move|p2b: Indeedee|Follow Me|p2b: Indeedee
|-singleturn|p2b: Indeedee|move: Follow Me
|move|p1a: Pelipper|Weather Ball|p2b: Indeedee
|-damage|p2b: Indeedee|39/100
|move|p1b: Armarouge|Expanding Force|p2a: Delphox|[spread] p2a,p2b
|-resisted|p2a: Delphox
|-resisted|p2b: Indeedee
|-damage|p2a: Delphox|65/100
|-damage|p2b: Indeedee|14/100
|move|p2a: Delphox|Expanding Force|p1a: Pelipper|[spread] p1a,p1b
|-crit|p1a: Pelipper
|-resisted|p1b: Armarouge
|-damage|p1a: Pelipper|0 fnt
|-damage|p1b: Armarouge|30/100
|faint|p1a: Pelipper
|
|-weather|RainDance|[upkeep]
|upkeep
|
|t:|1756615790
|switch|p1a: Palafin|Palafin, L50, M|100/100
|turn|4
|
|t:|1756615802
|move|p2b: Indeedee|Helping Hand|p2a: Delphox
|-singleturn|p2a: Delphox|Helping Hand|[of] p2b: Indeedee
|move|p1b: Armarouge|Expanding Force|p2a: Delphox|[spread] p2a,p2b
|-resisted|p2a: Delphox
|-resisted|p2b: Indeedee
|-damage|p2a: Delphox|32/100
|-damage|p2b: Indeedee|0 fnt
|faint|p2b: Indeedee
|move|p1a: Palafin|Flip Turn|p2a: Delphox
|-supereffective|p2a: Delphox
|-damage|p2a: Delphox|0 fnt
|faint|p2a: Delphox
|
|t:|1756615812
|detailschange|p1a: Palafin|Palafin-Hero, L50, M
|switch|p1a: Archaludon|Archaludon, L50, F|100/100|[from] Flip Turn
|
|-weather|RainDance|[upkeep]
|upkeep
|
|t:|1756615817
|switch|p2b: Ursaluna|Ursaluna, L50, F, shiny|100/100
|turn|5
|
|t:|1756615839
|-terastallize|p1a: Archaludon|Flying
|move|p2b: Ursaluna|Protect|p2b: Ursaluna
|-singleturn|p2b: Ursaluna|Protect
|move|p1b: Armarouge|Expanding Force|p2b: Ursaluna
|-activate|p2b: Ursaluna|move: Protect
|move|p1a: Archaludon|Dragon Pulse|p2b: Ursaluna
|-activate|p2b: Ursaluna|move: Protect
|
|-weather|none
|-status|p2b: Ursaluna|brn|[from] item: Flame Orb
|upkeep
|turn|6
|
|t:|1756615861
|move|p1b: Armarouge|Armor Cannon|p2b: Ursaluna
|-damage|p2b: Ursaluna|47/100 brn
|-unboost|p1b: Armarouge|def|1
|-unboost|p1b: Armarouge|spd|1
|move|p1a: Archaludon|Dragon Pulse|p2b: Ursaluna
|-damage|p2b: Ursaluna|10/100 brn
|move|p2b: Ursaluna|Facade|p1a: Archaludon
|-damage|p1a: Archaludon|12/100
|-ability|p1a: Archaludon|Stamina|boost
|-boost|p1a: Archaludon|def|1
|
|-damage|p2b: Ursaluna|4/100 brn|[from] brn
|-fieldend|move: Trick Room
|-fieldend|move: Psychic Terrain
|upkeep
|turn|7
|
|t:|1756615880
|move|p1b: Armarouge|Protect|p1b: Armarouge
|-singleturn|p1b: Armarouge|Protect
|move|p2b: Ursaluna|Earthquake|p1b: Armarouge|[spread] 
|-activate|p1b: Armarouge|move: Protect
|-immune|p1a: Archaludon
|move|p1a: Archaludon|Dragon Pulse|p2b: Ursaluna
|-damage|p2b: Ursaluna|0 fnt
|faint|p2b: Ursaluna
|
|win|Fakedomrilla
|raw|Fakedomrilla's rating: 1023 → 1062(+39 for winning)
|raw|rafaah_09's rating: 1046 → 1028(-18 for losing)
