|j|☆erporros
|j|☆Luh_simoes-04
|html|erporrosLuh_simoes-04    
|uhtml|bestof|Game 3 of a best-of-3
|t:|1757811944
|gametype|doubles
|player|p1|erporros|blackbelt-gen4dp|1189
|player|p2|Luh_simoes-04|drayden|1264
|gen|9
|tier|[Gen 9] VGC 2025 Reg H (Bo3)
|rated|
|rule|Species Clause: Limit one of each Pokémon
|rule|Item Clause: Limit 1 of each item
|clearpoke
|poke|p1|Comfey, L50, M|
|poke|p1|Rillaboom, L50, F|
|poke|p1|Magmar, L50, M|
|poke|p1|Gholdengo, L50|
|poke|p1|Tauros-Paldea-Aqua, L50, M|
|poke|p1|Hydreigon, L50, F|
|poke|p2|Armarouge, L50, F|
|poke|p2|Ursaluna-Bloodmoon, L50, M|
|poke|p2|Indeedee-F, L50, F|
|poke|p2|Tsareena, L50, F|
|poke|p2|Primarina, L50, F|
|poke|p2|Gallade, L50, M|
|teampreview|4
|showteam|p1|Comfey||GrassySeed|Triage|DrainingKiss,CalmMind,Protect,TeraBlast|||M|||50|,,,,,Water]Rillaboom||MiracleSeed|GrassySurge|Uturn,FakeOut,GrassyGlide,WoodHammer|||F|||50|,,,,,Fire]Magmar||Eviolite|VitalSpirit|FollowMe,WillOWisp,Overheat,Protect|||M|||50|,,,,,Ghost]Gholdengo||MetalCoat|GoodasGold|MakeItRain,NastyPlot,Protect,ShadowBall||||||50|,,,,,Steel]Tauros-Paldea-Aqua||MirrorHerb|Intimidate|WaveCrash,AquaJet,CloseCombat,Protect|||M|||50|,,,,,Water]Hydreigon||RazorClaw|Levitate|DracoMeteor,Snarl,FocusEnergy,Protect|||F|||50|,,,,,Ghost
|showteam|p2|Armarouge||PowerHerb|FlashFire|ArmorCannon,ExpandingForce,MeteorBeam,TrickRoom|||F|||50|,,,,,Grass]Ursaluna-Bloodmoon||LifeOrb|MindsEye|HyperVoice,BloodMoon,EarthPower,Protect|||M|||50|,,,,,Normal]Indeedee-F||MentalHerb|PsychicSurge|Psychic,HelpingHand,FollowMe,TrickRoom|||F|||50|,,,,,Fairy]Tsareena||WideLens|QueenlyMajesty|PowerWhip,TripleAxel,Taunt,Protect|||F|||50|,,,,,Ice]Primarina||ThroatSpray|LiquidVoice|HyperVoice,Moonblast,Haze,Protect|||F|||50|,,,,,Steel]Gallade||SafetyGoggles|Sharpness|SacredSword,PsychoCut,WideGuard,TrickRoom|||M|||50|,,,,,Water
|inactive|Battle timer is ON: inactive players will automatically lose when time's up. (requested by Luh_simoes-04)
|c|☆erporros|Happens
|
|t:|1757811972
|teamsize|p1|4
|teamsize|p2|4
|start
|switch|p1a: Hydreigon|Hydreigon, L50, F|100/100
|switch|p1b: Comfey|Comfey, L50, M|100/100
|switch|p2a: Indeedee|Indeedee-F, L50, F|100/100
|switch|p2b: Gallade|Gallade, L50, M|100/100
|-fieldstart|move: Psychic Terrain|[from] ability: Psychic Surge|[of] p2a: Indeedee
|turn|1
|
|t:|1757811986
|switch|p1a: Rillaboom|Rillaboom, L50, F|100/100
|-fieldstart|move: Grassy Terrain|[from] ability: Grassy Surge|[of] p1a: Rillaboom
|-enditem|p1b: Comfey|Grassy Seed
|-boost|p1b: Comfey|def|1|[from] item: Grassy Seed
|-terastallize|p2b: Gallade|Water
|move|p1b: Comfey|Calm Mind|p1b: Comfey
|-boost|p1b: Comfey|spa|1
|-boost|p1b: Comfey|spd|1
|move|p2b: Gallade|Psycho Cut|p1b: Comfey
|-damage|p1b: Comfey|61/100
|move|p2a: Indeedee|Trick Room|p2a: Indeedee
|-fieldstart|move: Trick Room|[of] p2a: Indeedee
|
|-heal|p1b: Comfey|67/100|[from] Grassy Terrain
|upkeep
|turn|2
|inactive|erporros has 30 seconds left.
|
|t:|1757812012
|move|p2a: Indeedee|Follow Me|p2a: Indeedee
|-singleturn|p2a: Indeedee|move: Follow Me
|move|p2b: Gallade|Psycho Cut|p1b: Comfey
|-damage|p1b: Comfey|28/100
|move|p1b: Comfey|Tera Blast|p2a: Indeedee
|-damage|p2a: Indeedee|65/100
|move|p1a: Rillaboom|U-turn|p2a: Indeedee
|-supereffective|p2a: Indeedee
|-damage|p2a: Indeedee|12/100
|
|t:|1757812023
|switch|p1a: Magmar|Magmar, L50, M|100/100|[from] U-turn
|
|-heal|p2a: Indeedee|19/100|[from] Grassy Terrain
|-heal|p1b: Comfey|34/100|[from] Grassy Terrain
|upkeep
|turn|3
|
|t:|1757812044
|switch|p2a: Armarouge|Armarouge, L50, F|100/100
|move|p1b: Comfey|Draining Kiss|p2b: Gallade
|-damage|p2b: Gallade|71/100
|-heal|p1b: Comfey|61/100|[from] drain|[of] p2b: Gallade
|move|p2b: Gallade|Psycho Cut|p1b: Comfey
|-damage|p1b: Comfey|19/100
|move|p1a: Magmar|Will-O-Wisp|p2b: Gallade|[miss]
|-miss|p1a: Magmar|p2b: Gallade
|
|-heal|p2b: Gallade|76/100|[from] Grassy Terrain
|-heal|p1b: Comfey|25/100|[from] Grassy Terrain
|upkeep
|turn|4
|inactive|erporros has 30 seconds left.
|
|t:|1757812073
|-terastallize|p1a: Magmar|Ghost
|move|p1b: Comfey|Draining Kiss|p2b: Gallade
|-damage|p2b: Gallade|49/100
|-heal|p1b: Comfey|50/100|[from] drain|[of] p2b: Gallade
|move|p1a: Magmar|Follow Me|p1a: Magmar
|-singleturn|p1a: Magmar|move: Follow Me
|move|p2a: Armarouge|Meteor Beam||[still]
|-prepare|p2a: Armarouge|Meteor Beam
|-boost|p2a: Armarouge|spa|1
|-enditem|p2a: Armarouge|Power Herb
|-anim|p2a: Armarouge|Meteor Beam|p1a: Magmar
|-damage|p1a: Magmar|52/100
|move|p2b: Gallade|Psycho Cut|p1a: Magmar
|-damage|p1a: Magmar|13/100
|
|-heal|p2b: Gallade|55/100|[from] Grassy Terrain
|-heal|p1a: Magmar|19/100|[from] Grassy Terrain
|-heal|p1b: Comfey|57/100|[from] Grassy Terrain
|upkeep
|turn|5
|
|t:|1757812094
|switch|p2b: Indeedee|Indeedee-F, L50, F|19/100
|-fieldstart|move: Psychic Terrain|[from] ability: Psychic Surge|[of] p2b: Indeedee
|switch|p1a: Rillaboom|Rillaboom, L50, F|100/100
|-fieldstart|move: Grassy Terrain|[from] ability: Grassy Surge|[of] p1a: Rillaboom
|move|p1b: Comfey|Draining Kiss|p2b: Indeedee
|-damage|p2b: Indeedee|0 fnt
|-heal|p1b: Comfey|73/100|[from] drain|[of] p2b: Indeedee
|faint|p2b: Indeedee
|move|p2a: Armarouge|Expanding Force|p1a: Rillaboom
|-damage|p1a: Rillaboom|14/100
|
|-heal|p1b: Comfey|80/100|[from] Grassy Terrain
|-heal|p1a: Rillaboom|20/100|[from] Grassy Terrain
|-fieldend|move: Trick Room
|upkeep
|
|t:|1757812101
|switch|p2b: Tsareena|Tsareena, L50, F|100/100
|turn|6
|
|t:|1757812122
|move|p1a: Rillaboom|U-turn|p2a: Armarouge
|-damage|p2a: Armarouge|75/100
|
|t:|1757812133
|switch|p1a: Hydreigon|Hydreigon, L50, F|100/100|[from] U-turn
|move|p1b: Comfey|Tera Blast|p2b: Tsareena
|-damage|p2b: Tsareena|65/100
|move|p2b: Tsareena|Triple Axel|p1a: Hydreigon
|-supereffective|p1a: Hydreigon
|-damage|p1a: Hydreigon|83/100
|-supereffective|p1a: Hydreigon
|-damage|p1a: Hydreigon|50/100
|-supereffective|p1a: Hydreigon
|-damage|p1a: Hydreigon|0 fnt
|faint|p1a: Hydreigon
|-hitcount|p1: Hydreigon|3
|move|p2a: Armarouge|Trick Room|p2a: Armarouge
|-fieldstart|move: Trick Room|[of] p2a: Armarouge
|
|-heal|p2a: Armarouge|82/100|[from] Grassy Terrain
|-heal|p2b: Tsareena|71/100|[from] Grassy Terrain
|-heal|p1b: Comfey|86/100|[from] Grassy Terrain
|upkeep
|
|t:|1757812137
|switch|p1a: Magmar|Magmar, L50, M, tera:Ghost|19/100
|turn|7
|inactive|Luh_simoes-04 has 30 seconds left.
|inactive|Luh_simoes-04 has 20 seconds left.
|
|t:|1757812174
|move|p1a: Magmar|Protect|p1a: Magmar
|-singleturn|p1a: Magmar|Protect
|move|p2a: Armarouge|Expanding Force|p1b: Comfey
|-damage|p1b: Comfey|40/100
|move|p2b: Tsareena|Power Whip|p1a: Magmar
|-activate|p1a: Magmar|move: Protect
|move|p1b: Comfey|Tera Blast|p2b: Tsareena
|-damage|p2b: Tsareena|38/100
|
|-heal|p2a: Armarouge|88/100|[from] Grassy Terrain
|-heal|p2b: Tsareena|45/100|[from] Grassy Terrain
|-heal|p1a: Magmar|25/100|[from] Grassy Terrain
|-heal|p1b: Comfey|46/100|[from] Grassy Terrain
|upkeep
|turn|8
|
|t:|1757812191
|move|p1a: Magmar|Follow Me|p1a: Magmar
|-singleturn|p1a: Magmar|move: Follow Me
|move|p2a: Armarouge|Expanding Force|p1a: Magmar
|-damage|p1a: Magmar|0 fnt
|faint|p1a: Magmar
|move|p2b: Tsareena|Power Whip|p1b: Comfey
|-damage|p1b: Comfey|0 fnt
|faint|p1b: Comfey
|
|-heal|p2a: Armarouge|94/100|[from] Grassy Terrain
|-heal|p2b: Tsareena|51/100|[from] Grassy Terrain
|upkeep
|-message|erporros forfeited.
|
|win|Luh_simoes-04
|raw|erporros's rating: 1189 → 1169(-20 for losing)
|raw|Luh_simoes-04's rating: 1264 → 1284(+20 for winning)
|l|☆erporros
|player|p1|
|l|☆Luh_simoes-04
|player|p2|
