|j|☆PoorMonVgc
|j|☆JuanGuerrero09
|html|PoorMonVgcJuanGuerrero09    
|uhtml|bestof|Game 2 of a best-of-3
|t:|1757078363
|gametype|doubles
|player|p1|PoorMonVgc|169|1141
|player|p2|JuanGuerrero09|169|1172
|gen|9
|tier|[Gen 9] VGC 2025 Reg H (Bo3)
|rated|
|rule|Species Clause: Limit one of each Pokémon
|rule|Item Clause: Limit 1 of each item
|clearpoke
|poke|p1|Whimsicott, L50, F|
|poke|p1|Gholdengo, L50|
|poke|p1|Ursaluna-Bloodmoon, L50, M|
|poke|p1|Pelipper, L50, F|
|poke|p1|Archaludon, L50, M|
|poke|p1|Basculegion, L50, M|
|poke|p2|Sneasler, L50, M|
|poke|p2|Indeedee, L50, M|
|poke|p2|Tyranitar, L50, M|
|poke|p2|Excadrill, L50, M|
|poke|p2|Gholdengo, L50|
|poke|p2|Incineroar, L50, F|
|teampreview|4
|showteam|p1|Whimsicott||CovertCloak|Prankster|Moonblast,Taunt,FakeTears,Tailwind|||F|||50|,,,,,Steel]Gholdengo||LifeOrb|GoodasGold|MakeItRain,ShadowBall,TeraBlast,Protect||||||50|,,,,,Fighting]Ursaluna-Bloodmoon||AssaultVest|MindsEye|BloodMoon,HyperVoice,EarthPower,VacuumWave|||M|||50|,,,,,Fighting]Pelipper||JabocaBerry|Drizzle|Hurricane,WeatherBall,MuddyWater,WideGuard|||F|||50|,,,,,Steel]Archaludon||PowerHerb|Sturdy|ElectroShot,DracoMeteor,FlashCannon,Protect|||M|||50|,,,,,Electric]Basculegion||FocusSash|Adaptability|Liquidation,LastRespects,AquaJet,Protect|||M|||50|,,,,,Ghost
|showteam|p2|Sneasler||WhiteHerb|Unburden|CloseCombat,DireClaw,FakeOut,Protect|||M|||50|,,,,,Dark]Indeedee||ChoiceScarf|PsychicSurge|ExpandingForce,TeraBlast,Trick,Protect|||M|||50|,,,,,Fire]Tyranitar||AssaultVest|SandStream|RockSlide,KnockOff,TeraBlast,LowKick|||M|||50|,,,,,Flying]Excadrill||FocusSash|SandRush|HighHorsepower,Earthquake,IronHead,Protect|||M|||50|,,,,,Ground]Gholdengo||MetalCoat|GoodasGold|ShadowBall,Protect,MakeItRain,NastyPlot||||||50|,,,,,Water]Incineroar||SafetyGoggles|Intimidate|FakeOut,KnockOff,FlareBlitz,PartingShot|||F|||50|,,,,,Ghost
|
|t:|1757078388
|teamsize|p1|4
|teamsize|p2|4
|start
|switch|p1a: Pelipper|Pelipper, L50, F|100/100
|switch|p1b: Archaludon|Archaludon, L50, M|100/100
|switch|p2a: Tyranitar|Tyranitar, L50, M|100/100
|switch|p2b: Excadrill|Excadrill, L50, M|100/100
|-weather|RainDance|[from] ability: Drizzle|[of] p1a: Pelipper
|-weather|Sandstorm|[from] ability: Sand Stream|[of] p2a: Tyranitar
|turn|1
|inactive|Battle timer is ON: inactive players will automatically lose when time's up. (requested by JuanGuerrero09)
|
|t:|1757078417
|switch|p1a: Basculegion|Basculegion, L50, M|100/100
|move|p2b: Excadrill|Iron Head|p1a: Basculegion
|-resisted|p1a: Basculegion
|-damage|p1a: Basculegion|73/100
|move|p1b: Archaludon|Electro Shot||[still]
|-prepare|p1b: Archaludon|Electro Shot
|-boost|p1b: Archaludon|spa|1
|-enditem|p1b: Archaludon|Power Herb
|-anim|p1b: Archaludon|Electro Shot|p2a: Tyranitar
|-damage|p2a: Tyranitar|77/100
|move|p2a: Tyranitar|Rock Slide|p1b: Archaludon|[spread] p1a,p1b
|-resisted|p1b: Archaludon
|-damage|p1a: Basculegion|28/100
|-damage|p1b: Archaludon|86/100
|
|-weather|Sandstorm|[upkeep]
|-damage|p1a: Basculegion|22/100|[from] Sandstorm
|upkeep
|turn|2
|inactive|JuanGuerrero09 has 30 seconds left.
|inactive|JuanGuerrero09 has 20 seconds left.
|inactive|JuanGuerrero09 has 15 seconds left.
|inactive|JuanGuerrero09 has 10 seconds left.
|
|t:|1757078463
|switch|p1a: Pelipper|Pelipper, L50, F|100/100
|-weather|RainDance|[from] ability: Drizzle|[of] p1a: Pelipper
|switch|p2a: Sneasler|Sneasler, L50, M|100/100
|-terastallize|p2b: Excadrill|Ground
|move|p1b: Archaludon|Flash Cannon|p2b: Excadrill
|-damage|p2b: Excadrill|16/100
|-unboost|p2b: Excadrill|spd|1
|move|p2b: Excadrill|High Horsepower|p1b: Archaludon
|-supereffective|p1b: Archaludon
|-damage|p1b: Archaludon|0 fnt
|faint|p1b: Archaludon
|
|-weather|RainDance|[upkeep]
|upkeep
|
|t:|1757078483
|switch|p1b: Basculegion|Basculegion, L50, M|22/100
|turn|3
|inactive|JuanGuerrero09 has 30 seconds left.
|
|t:|1757078518
|switch|p2b: Indeedee|Indeedee, L50, M|100/100
|-fieldstart|move: Psychic Terrain|[from] ability: Psychic Surge|[of] p2b: Indeedee
|move|p2a: Sneasler|Protect|p2a: Sneasler
|-singleturn|p2a: Sneasler|Protect
|move|p1b: Basculegion|Liquidation|p2a: Sneasler
|-activate|p2a: Sneasler|move: Protect
|move|p1a: Pelipper|Muddy Water|p2b: Indeedee|[spread] p2b
|-activate|p2a: Sneasler|move: Protect
|-damage|p2b: Indeedee|43/100
|
|-weather|RainDance|[upkeep]
|upkeep
|turn|4
|
|t:|1757078543
|switch|p2b: Tyranitar|Tyranitar, L50, M|77/100
|-weather|Sandstorm|[from] ability: Sand Stream|[of] p2b: Tyranitar
|switch|p1b: Gholdengo|Gholdengo, L50|100/100
|move|p1a: Pelipper|Wide Guard|p1a: Pelipper
|-singleturn|p1a: Pelipper|Wide Guard
|move|p2a: Sneasler|Dire Claw|p1b: Gholdengo
|-immune|p1b: Gholdengo
|
|-weather|Sandstorm|[upkeep]
|-damage|p2a: Sneasler|95/100|[from] Sandstorm
|-damage|p1a: Pelipper|94/100|[from] Sandstorm
|upkeep
|turn|5
|inactive|JuanGuerrero09 has 30 seconds left.
|
|t:|1757078569
|-terastallize|p1b: Gholdengo|Fighting
|move|p2a: Sneasler|Dire Claw|p1a: Pelipper
|-damage|p1a: Pelipper|38/100
|-status|p1a: Pelipper|psn
|-enditem|p1a: Pelipper|Jaboca Berry|[eat]
|-damage|p2a: Sneasler|82/100|[from] item: Jaboca Berry|[of] p1a: Pelipper
|move|p1b: Gholdengo|Tera Blast|p2b: Tyranitar|[anim] Tera Blast Fighting
|-supereffective|p2b: Tyranitar
|-damage|p2b: Tyranitar|0 fnt
|faint|p2b: Tyranitar
|-damage|p1b: Gholdengo|91/100|[from] item: Life Orb
|move|p1a: Pelipper|Muddy Water|p2a: Sneasler
|-damage|p2a: Sneasler|30/100
|
|-weather|Sandstorm|[upkeep]
|-damage|p2a: Sneasler|24/100|[from] Sandstorm
|-damage|p1b: Gholdengo|85/100|[from] Sandstorm
|-damage|p1a: Pelipper|32/100 psn|[from] Sandstorm
|-damage|p1a: Pelipper|20/100 psn|[from] psn
|upkeep
|
|t:|1757078587
|switch|p2b: Indeedee|Indeedee, L50, M|43/100
|turn|6
|
|t:|1757078606
|move|p1a: Pelipper|Wide Guard|p1a: Pelipper
|-singleturn|p1a: Pelipper|Wide Guard
|move|p2b: Indeedee|Tera Blast|p1a: Pelipper
|-damage|p1a: Pelipper|0 fnt
|faint|p1a: Pelipper
|move|p2a: Sneasler|Dire Claw|p1b: Gholdengo
|-damage|p1b: Gholdengo|35/100
|-status|p1b: Gholdengo|par
|cant|p1b: Gholdengo|par
|
|-weather|Sandstorm|[upkeep]
|-damage|p2b: Indeedee|37/100|[from] Sandstorm
|-damage|p2a: Sneasler|18/100|[from] Sandstorm
|-damage|p1b: Gholdengo|29/100 par|[from] Sandstorm
|upkeep
|inactive|PoorMonVgc has 30 seconds left.
|c|☆PoorMonVgc|Nah
|
|t:|1757078640
|switch|p1a: Basculegion|Basculegion, L50, M|22/100
|turn|7
|-message|PoorMonVgc forfeited.
|
|win|JuanGuerrero09
