|j|☆Gottkomplexe
|j|☆PikaTROD
|html|GottkomplexePikaTROD    
|uhtml|bestof|Game 1 of a best-of-3
|t:|1782486881
|gametype|doubles
|player|p1|Gottkomplexe|ilima|1227
|player|p2|PikaTROD|101|1320
|gen|9
|tier|[Gen 9 Champions] VGC 2026 Reg M-B (Bo3)
|rated|
|rule|Species Clause: Limit one of each Pokémon
|rule|Item Clause: Limit 1 of each item
|clearpoke
|poke|p1|Charizard, L50, F|
|poke|p1|Incineroar, L50, F|
|poke|p1|Sneasler, L50, M|
|poke|p1|Sinistcha, L50|
|poke|p1|Milotic, L50, F|
|poke|p1|Floette-Eternal, L50, F|
|poke|p2|Whimsicott, L50, M|
|poke|p2|Torkoal, L50, F|
|poke|p2|Pyroar, L50, F|
|poke|p2|Farigiraf, L50, M|
|poke|p2|Scrafty, L50, M|
|poke|p2|Basculegion, L50, M|
|teampreview|4
|showteam|p1|Charizard||CharizarditeX|Blaze|FlareBlitz,DragonClaw,DragonDance,Protect|Adamant||F|||50|]Incineroar||Leftovers|Intimidate|FlareBlitz,FakeOut,PartingShot,HelpingHand|Sassy||F|||50|]Sneasler||FocusSash|PoisonTouch|CloseCombat,PoisonJab,FakeOut,Protect|Jolly||M|||50|]Sinistcha||SitrusBerry|Hospitality|MatchaGotcha,RagePowder,TrickRoom,Protect|Bold|||||50|]Milotic||MysticWater|Competitive|MuddyWater,FlipTurn,Protect,Recover|Calm||F|||50|]Floette-Eternal||Floettite|FlowerVeil|DazzlingGleam,DrainingKiss,CalmMind,Protect|Modest||F|||50|
|showteam|p2|Whimsicott||FairyFeather|Prankster|Tailwind,Moonblast,Protect,SunnyDay|Timid||M|||50|]Torkoal||Charcoal|Drought|Eruption,WeatherBall,HelpingHand,Protect|Quiet||F|||50|]Pyroar||Pyroarite|Unnerve|HeatWave,Overheat,SolarBeam,Protect|Timid||F|||50|]Farigiraf||SitrusBerry|ArmorTail|TrickRoom,Protect,HelpingHand,Psychic|Quiet||M|||50|]Scrafty||Scraftinite|Intimidate|FakeOut,RockSlide,ThroatChop,CloseCombat|Adamant||M|||50|]Basculegion||FocusSash|Adaptability|LastRespects,Liquidation,AquaJet,Protect|Adamant||M|||50|
|inactive|Battle timer is ON: inactive players will automatically lose when time's up. (requested by Gottkomplexe)
|inactive|PikaTROD has 60 seconds left.
|inactive|PikaTROD has 30 seconds left.
|inactive|PikaTROD has 20 seconds left.
|inactive|PikaTROD has 15 seconds left.
|inactive|PikaTROD has 10 seconds left.
|
|t:|1782486965
|teamsize|p1|4
|teamsize|p2|4
|start
|switch|p1a: Charizard|Charizard, L50, F|100/100
|switch|p1b: Incineroar|Incineroar, L50, F|100/100
|switch|p2a: Scrafty|Scrafty, L50, M|100/100
|switch|p2b: Torkoal|Torkoal, L50, F|100/100
|-ability|p2a: Scrafty|Intimidate|boost
|-unboost|p1a: Charizard|atk|1
|-unboost|p1b: Incineroar|atk|1
|-ability|p1b: Incineroar|Intimidate|boost
|-unboost|p2a: Scrafty|atk|1
|-unboost|p2b: Torkoal|atk|1
|-weather|SunnyDay|[from] ability: Drought|[of] p2b: Torkoal
|turn|1
|inactive|PikaTROD has 30 seconds left.
|
|t:|1782486991
|switch|p1a: Sinistcha|Sinistcha, L50|100/100
|switch|p2b: Farigiraf|Farigiraf, L50, M|100/100
|detailschange|p2a: Scrafty|Scrafty-Mega, L50, M
|-mega|p2a: Scrafty|Scrafty|Scraftinite
|-ability|p2a: Scrafty|Intimidate|boost
|-unboost|p1a: Sinistcha|atk|1
|-unboost|p1b: Incineroar|atk|1
|move|p1b: Incineroar|Fake Out||[still]
|cant|p2b: Farigiraf|ability: Armor Tail|Fake Out|[of] p1b: Incineroar
|move|p2a: Scrafty|Rock Slide|p1b: Incineroar|[spread] p1a,p1b
|-supereffective|p1b: Incineroar|1
|-damage|p1a: Sinistcha|89/100
|-damage|p1b: Incineroar|73/100
|
|-weather|SunnyDay|[upkeep]
|-heal|p1b: Incineroar|79/100|[from] item: Leftovers
|upkeep
|turn|2
|
|t:|1782487007
|move|p2b: Farigiraf|Helping Hand|p2a: Scrafty
|-singleturn|p2a: Scrafty|Helping Hand|[of] p2b: Farigiraf
|move|p1a: Sinistcha|Matcha Gotcha|p2a: Scrafty|[spread] p2a,p2b
|-damage|p2a: Scrafty|80/100
|-heal|p1a: Sinistcha|98/100|[from] drain|[of] p2a: Scrafty
|-damage|p2b: Farigiraf|76/100
|-heal|p1a: Sinistcha|100/100|[from] drain|[of] p2b: Farigiraf
|move|p2a: Scrafty|Throat Chop|p1a: Sinistcha
|-supereffective|p1a: Sinistcha|1
|-damage|p1a: Sinistcha|24/100
|-start|p1a: Sinistcha|Throat Chop|[silent]
|-enditem|p1a: Sinistcha|Sitrus Berry|[eat]
|-heal|p1a: Sinistcha|49/100|[from] item: Sitrus Berry
|move|p1b: Incineroar|Parting Shot|p2a: Scrafty
|-unboost|p2a: Scrafty|atk|1
|-unboost|p2a: Scrafty|spa|1
|
|t:|1782487018
|switch|p1b: Charizard|Charizard, L50, F|100/100|[from] Parting Shot
|
|-weather|SunnyDay|[upkeep]
|upkeep
|turn|3
|
|t:|1782487031
|switch|p2a: Torkoal|Torkoal, L50, F|100/100
|detailschange|p1b: Charizard|Charizard-Mega-X, L50, F
|-mega|p1b: Charizard|Charizard|Charizardite X
|move|p1b: Charizard|Dragon Dance|p1b: Charizard
|-boost|p1b: Charizard|atk|1
|-boost|p1b: Charizard|spe|1
|move|p1a: Sinistcha|Matcha Gotcha|p2a: Torkoal|[spread] p2a,p2b
|-resisted|p2a: Torkoal|1
|-damage|p2a: Torkoal|83/100
|-heal|p1a: Sinistcha|57/100|[from] drain|[of] p2a: Torkoal
|-damage|p2b: Farigiraf|55/100
|-heal|p1a: Sinistcha|71/100|[from] drain|[of] p2b: Farigiraf
|-status|p2b: Farigiraf|brn
|move|p2b: Farigiraf|Trick Room|p2b: Farigiraf
|-fieldstart|move: Trick Room|[of] p2b: Farigiraf
|
|-weather|SunnyDay|[upkeep]
|-damage|p2b: Farigiraf|48/100 brn|[from] brn
|-end|p1a: Sinistcha|Throat Chop|[silent]
|upkeep
|-enditem|p2b: Farigiraf|Sitrus Berry|[eat]
|-heal|p2b: Farigiraf|73/100 brn|[from] item: Sitrus Berry
|turn|4
|
|t:|1782487049
|switch|p1a: Incineroar|Incineroar, L50, F|79/100
|-ability|p1a: Incineroar|Intimidate|boost
|-unboost|p2a: Torkoal|atk|1
|-unboost|p2b: Farigiraf|atk|1
|move|p2a: Torkoal|Eruption|p1b: Charizard|[spread] p1a,p1b
|-resisted|p1a: Incineroar|1
|-resisted|p1b: Charizard|2
|-damage|p1a: Incineroar|50/100g
|-damage|p1b: Charizard|78/100
|move|p2b: Farigiraf|Psychic|p1b: Charizard
|-damage|p1b: Charizard|27/100
|move|p1b: Charizard|Dragon Claw|p2b: Farigiraf
|-damage|p2b: Farigiraf|0 fnt
|faint|p2b: Farigiraf
|
|-weather|SunnyDay|[upkeep]
|-heal|p1a: Incineroar|56/100|[from] item: Leftovers
|upkeep
|
|t:|1782487058
|switch|p2b: Scrafty|Scrafty-Mega, L50, M|80/100
|-ability|p2b: Scrafty|Intimidate|boost
|-unboost|p1a: Incineroar|atk|1
|-unboost|p1b: Charizard|atk|1
|turn|5
|inactive|PikaTROD has 30 seconds left.
|inactive|PikaTROD has 20 seconds left.
|inactive|PikaTROD has 15 seconds left.
|inactive|PikaTROD has 10 seconds left.
|
|t:|1782487106
|move|p1a: Incineroar|Fake Out|p2b: Scrafty
|-damage|p2b: Scrafty|74/100
|move|p2a: Torkoal|Eruption|p1a: Incineroar|[spread] p1a,p1b
|-resisted|p1a: Incineroar|1
|-resisted|p1b: Charizard|2
|-damage|p1a: Incineroar|27/100
|-damage|p1b: Charizard|5/100
|cant|p2b: Scrafty|flinch
|move|p1b: Charizard|Dragon Claw|p2a: Torkoal
|-damage|p2a: Torkoal|40/100
|
|-weather|none
|-heal|p1a: Incineroar|33/100|[from] item: Leftovers
|upkeep
|turn|6
|inactive|PikaTROD has 30 seconds left.
|
|t:|1782487140
|switch|p2a: Basculegion|Basculegion, L50, M|100/100
|move|p1b: Charizard|Protect|p1b: Charizard
|-singleturn|p1b: Charizard|Protect
|move|p1a: Incineroar|Parting Shot|p2b: Scrafty
|-unboost|p2b: Scrafty|atk|1
|-unboost|p2b: Scrafty|spa|1
|
|t:|1782487145
|switch|p1a: Sinistcha|Sinistcha, L50|71/100|[from] Parting Shot
|-heal|p1b: Charizard|29/100|[from] ability: Hospitality|[of] p1a: Sinistcha
|move|p2b: Scrafty|Throat Chop|p1a: Sinistcha
|-supereffective|p1a: Sinistcha|1
|-damage|p1a: Sinistcha|20/100y
|-start|p1a: Sinistcha|Throat Chop|[silent]
|
|upkeep
|turn|7
|
|t:|1782487168
|switch|p1a: Sneasler|Sneasler, L50, M|100/100
|switch|p1b: Incineroar|Incineroar, L50, F|33/100
|-ability|p1b: Incineroar|Intimidate|boost
|-unboost|p2a: Basculegion|atk|1
|-unboost|p2b: Scrafty|atk|1
|move|p2b: Scrafty|Throat Chop|p1a: Sneasler
|-resisted|p1a: Sneasler|1
|-damage|p1a: Sneasler|79/100
|-start|p1a: Sneasler|Throat Chop|[silent]
|move|p2a: Basculegion|Liquidation|p1b: Incineroar
|-supereffective|p1b: Incineroar|1
|-damage|p1b: Incineroar|0 fnt
|faint|p1b: Incineroar
|
|-fieldend|move: Trick Room
|upkeep
|
|t:|1782487187
|switch|p1b: Charizard|Charizard-Mega-X, L50, F|29/100
|turn|8
|
|t:|1782487209
|switch|p2b: Torkoal|Torkoal, L50, F|40/100
|-weather|SunnyDay|[from] ability: Drought|[of] p2b: Torkoal
|move|p1b: Charizard|Protect|p1b: Charizard
|-singleturn|p1b: Charizard|Protect
|move|p1a: Sneasler|Poison Jab|p2a: Basculegion
|-resisted|p2a: Basculegion|1
|-damage|p2a: Basculegion|71/100
|move|p2a: Basculegion|Last Respects|p1a: Sneasler
|-damage|p1a: Sneasler|5/100
|
|-weather|SunnyDay|[upkeep]
|-end|p1a: Sneasler|Throat Chop|[silent]
|upkeep
|turn|9
|
|t:|1782487230
|switch|p1a: Sinistcha|Sinistcha, L50|20/100y
|-heal|p1b: Charizard|54/100|[from] ability: Hospitality|[of] p1a: Sinistcha
|move|p2a: Basculegion|Protect|p2a: Basculegion
|-singleturn|p2a: Basculegion|Protect
|move|p1b: Charizard|Dragon Claw|p2a: Basculegion
|-activate|p2a: Basculegion|move: Protect
|move|p2b: Torkoal|Weather Ball|p1a: Sinistcha
|-supereffective|p1a: Sinistcha|1
|-damage|p1a: Sinistcha|0 fnt
|faint|p1a: Sinistcha
|
|-weather|SunnyDay|[upkeep]
|upkeep
|
|t:|1782487238
|switch|p1a: Sneasler|Sneasler, L50, M|5/100
|turn|10
|
|t:|1782487252
|switch|p2a: Scrafty|Scrafty-Mega, L50, M|74/100
|-ability|p2a: Scrafty|Intimidate|boost
|-unboost|p1a: Sneasler|atk|1
|-unboost|p1b: Charizard|atk|1
|move|p1a: Sneasler|Protect|p1a: Sneasler
|-singleturn|p1a: Sneasler|Protect
|move|p1b: Charizard|Dragon Dance|p1b: Charizard
|-boost|p1b: Charizard|atk|1
|-boost|p1b: Charizard|spe|1
|move|p2b: Torkoal|Weather Ball|p1a: Sneasler
|-activate|p1a: Sneasler|move: Protect
|
|-weather|SunnyDay|[upkeep]
|upkeep
|turn|11
|
|t:|1782487265
|move|p1a: Sneasler|Protect||[still]
|-fail|p1a: Sneasler
|move|p2a: Scrafty|Fake Out|p1b: Charizard
|-damage|p1b: Charizard|37/100
|cant|p1b: Charizard|flinch
|move|p2b: Torkoal|Weather Ball|p1a: Sneasler
|-damage|p1a: Sneasler|0 fnt
|faint|p1a: Sneasler
|
|-weather|SunnyDay|[upkeep]
|upkeep
|turn|12
|
|t:|1782487275
|move|p1b: Charizard|Flare Blitz|p2a: Scrafty
|-damage|p2a: Scrafty|0 fnt
|faint|p2a: Scrafty
|-damage|p1b: Charizard|11/100|[from] Recoil
|move|p2b: Torkoal|Weather Ball|p1b: Charizard
|-resisted|p1b: Charizard|2
|-crit|p1b: Charizard
|-damage|p1b: Charizard|0 fnt
|faint|p1b: Charizard
|
|win|PikaTROD
||Gottkomplexe is ready for game 2.
||PikaTROD is ready for game 2.
|uhtml|next|Next: Game 2 of 3
|l|☆Gottkomplexe
|player|p1|
