|j|☆ItsTatinn
|j|☆Dr.Foguinho
|html|ItsTatinnDr.Foguinho    
|uhtml|bestof|Game 1 of a best-of-3
|t:|1782592118
|gametype|doubles
|player|p1|ItsTatinn|102|
|player|p2|Dr.Foguinho|170|
|gen|9
|tier|[Gen 9 Champions] VGC 2026 Reg M-B (Bo3)
|rule|Species Clause: Limit one of each Pokémon
|rule|Item Clause: Limit 1 of each item
|clearpoke
|poke|p1|Charizard, L50, F|
|poke|p1|Lucario, L50, F|
|poke|p1|Venusaur, L50, M|
|poke|p1|Arcanine, L50, F|
|poke|p1|Milotic, L50, F|
|poke|p1|Clefable, L50, M|
|poke|p2|Tyranitar, L50, M|
|poke|p2|Garchomp, L50, F|
|poke|p2|Houndstone, L50, F|
|poke|p2|Excadrill, L50, F|
|poke|p2|Corviknight, L50, M|
|poke|p2|Azumarill, L50, F|
|teampreview|4
|showteam|p1|Charizard||CharizarditeY|Blaze|HeatWave,SolarBeam,ScorchingSands,Protect|Timid||F|||50|]Lucario||FocusSash|InnerFocus|CloseCombat,MeteorMash,ExtremeSpeed,Protect|Jolly||F|||50|]Venusaur||LifeOrb|Chlorophyll|GigaDrain,SludgeBomb,WeatherBall,SleepPowder|Modest||M|||50|]Arcanine||SitrusBerry|Intimidate|FlareBlitz,ExtremeSpeed,WillOWisp,Protect|Careful||F|||50|]Milotic||Leftovers|Competitive|Scald,IceBeam,Recover,Protect|Bold||F|||50|]Clefable||MentalHerb|Unaware|FollowMe,Moonblast,HelpingHand,Protect|Calm||M|||50|
|showteam|p2|Tyranitar||Tyranitarite|SandStream|IcePunch,Crunch,RockSlide,StealthRock|Adamant||M|||50|]Garchomp||LifeOrb|RoughSkin|RockSlide,DragonClaw,Protect,Earthquake|Adamant||F|||50|]Houndstone||SpellTag|SandRush|LastRespects,PlayRough,WillOWisp,StompingTantrum|Adamant||F|||50|]Excadrill||Excadrite|SandRush|IronHead,Earthquake,RapidSpin,StealthRock|Adamant||F|||50|]Corviknight||Leftovers|MirrorArmor|BodyPress,IronDefense,Tailwind,BraveBird|Impish||M|||50|]Azumarill||SitrusBerry|HugePower|AquaJet,BellyDrum,Protect,PlayRough|Adamant||F|||50|
|l|☆ItsTatinn
|player|p1|
|j|☆ItsTatinn
|player|p1|ItsTatinn|102|
|
|t:|1782592206
|teamsize|p1|4
|teamsize|p2|4
|start
|switch|p1a: Charizard|Charizard, L50, F|100/100
|switch|p1b: Clefable|Clefable, L50, M|100/100
|switch|p2a: Tyranitar|Tyranitar, L50, M|100/100
|switch|p2b: Houndstone|Houndstone, L50, F|100/100
|-weather|Sandstorm|[from] ability: Sand Stream|[of] p2a: Tyranitar
|turn|1
|
|t:|1782592249
|detailschange|p1a: Charizard|Charizard-Mega-Y, L50, F
|-mega|p1a: Charizard|Charizard|Charizardite Y
|-weather|SunnyDay|[from] ability: Drought|[of] p1a: Charizard
|detailschange|p2a: Tyranitar|Tyranitar-Mega, L50, M
|-mega|p2a: Tyranitar|Tyranitar|Tyranitarite
|-weather|Sandstorm|[from] ability: Sand Stream|[of] p2a: Tyranitar
|move|p1a: Charizard|Protect|p1a: Charizard
|-singleturn|p1a: Charizard|Protect
|move|p1b: Clefable|Follow Me|p1b: Clefable
|-singleturn|p1b: Clefable|move: Follow Me
|move|p2b: Houndstone|Play Rough|p1b: Clefable
|-damage|p1b: Clefable|65/100
|move|p2a: Tyranitar|Rock Slide|p1b: Clefable|[spread] p1b
|-activate|p1a: Charizard|move: Protect
|-damage|p1b: Clefable|19/100
|
|-weather|Sandstorm|[upkeep]
|-damage|p1a: Charizard|94/100|[from] Sandstorm
|-damage|p1b: Clefable|13/100|[from] Sandstorm
|upkeep
|turn|2
|
|t:|1782592282
|move|p1b: Clefable|Protect|p1b: Clefable
|-singleturn|p1b: Clefable|Protect
|move|p2b: Houndstone|Play Rough|p1a: Charizard
|-resisted|p1a: Charizard|1
|-damage|p1a: Charizard|72/100
|move|p1a: Charizard|Heat Wave|p2a: Tyranitar|[spread] p2a
|-miss|p1a: Charizard|p2b: Houndstone
|-resisted|p2a: Tyranitar|1
|-damage|p2a: Tyranitar|90/100
|move|p2a: Tyranitar|Rock Slide|p1a: Charizard|[spread] p1a
|-activate|p1b: Clefable|move: Protect
|-supereffective|p1a: Charizard|2
|-damage|p1a: Charizard|0 fnt
|faint|p1a: Charizard
|
|-weather|Sandstorm|[upkeep]
|-damage|p1b: Clefable|7/100|[from] Sandstorm
|upkeep
|
|t:|1782592299
|switch|p1a: Lucario|Lucario, L50, F|100/100
|turn|3
|
|t:|1782592509
|switch|p2a: Corviknight|Corviknight, L50, M|100/100
|move|p2b: Houndstone|Stomping Tantrum|p1a: Lucario
|-supereffective|p1a: Lucario|1
|-damage|p1a: Lucario|26/100
|move|p1a: Lucario|Meteor Mash|p2a: Corviknight
|-resisted|p2a: Corviknight|1
|-damage|p2a: Corviknight|85/100
|move|p1b: Clefable|Moonblast|p2b: Houndstone
|-damage|p2b: Houndstone|66/100
|
|-weather|Sandstorm|[upkeep]
|-damage|p1b: Clefable|1/100|[from] Sandstorm
|-heal|p2a: Corviknight|91/100|[from] item: Leftovers
|upkeep
|turn|4
|
|t:|1782592574
|move|p2b: Houndstone|Stomping Tantrum|p1a: Lucario
|-supereffective|p1a: Lucario|1
|-damage|p1a: Lucario|0 fnt
|faint|p1a: Lucario
|move|p2a: Corviknight|Iron Defense|p2a: Corviknight
|-boost|p2a: Corviknight|def|2
|move|p1b: Clefable|Moonblast|p2b: Houndstone
|-damage|p2b: Houndstone|32/100
|
|-weather|Sandstorm|[upkeep]
|-damage|p1b: Clefable|0 fnt|[from] Sandstorm
|faint|p1b: Clefable
|-heal|p2a: Corviknight|97/100|[from] item: Leftovers
|upkeep
|
|t:|1782592599
|switch|p1a: Arcanine|Arcanine, L50, F|100/100
|-ability|p1a: Arcanine|Intimidate|boost
|-ability|p2a: Corviknight|Mirror Armor
|-unboost|p1a: Arcanine|atk|1
|-unboost|p2b: Houndstone|atk|1
|turn|5
|
|t:|1782592627
|switch|p2b: Tyranitar|Tyranitar-Mega, L50, M|90/100
|move|p1a: Arcanine|Flare Blitz|p2a: Corviknight
|-supereffective|p2a: Corviknight|1
|-damage|p2a: Corviknight|79/100
|-damage|p1a: Arcanine|93/100|[from] Recoil
|move|p2a: Corviknight|Body Press|p1a: Arcanine
|-damage|p1a: Arcanine|30/100
|-enditem|p1a: Arcanine|Sitrus Berry|[eat]
|-heal|p1a: Arcanine|55/100|[from] item: Sitrus Berry
|
|-weather|none
|-heal|p2a: Corviknight|84/100|[from] item: Leftovers
|upkeep
|turn|6
|
|t:|1782592662
|move|p1a: Arcanine|Will-O-Wisp|p2b: Tyranitar
|-status|p2b: Tyranitar|brn
|move|p2b: Tyranitar|Rock Slide|p1a: Arcanine
|-supereffective|p1a: Arcanine|1
|-damage|p1a: Arcanine|0 fnt
|faint|p1a: Arcanine
|
|win|Dr.Foguinho
|inactive|ItsTatinn has 30 seconds to confirm battle start!
|inactive|Dr.Foguinho has 30 seconds to confirm battle start!
