|j|☆Shoto.tx
|j|☆almondspy
|html|Shoto.txalmondspy    
|uhtml|bestof|Game 1 of a best-of-3
|t:|1756399313
|gametype|doubles
|player|p1|Shoto.tx|169|1000
|player|p2|almondspy|cyrus|1090
|gen|9
|tier|[Gen 9] VGC 2025 Reg H (Bo3)
|rated|
|rule|Species Clause: Limit one of each Pokémon
|rule|Item Clause: Limit 1 of each item
|clearpoke
|poke|p1|Grimmsnarl, L50, M|
|poke|p1|Archaludon, L50, M|
|poke|p1|Incineroar, L50, M|
|poke|p1|Pelipper, L50, M|
|poke|p1|Gliscor, L50, M|
|poke|p1|Sinistcha, L50|
|poke|p2|Incineroar, L50, F|
|poke|p2|Amoonguss, L50, F|
|poke|p2|Gholdengo, L50|
|poke|p2|Archaludon, L50, M|
|poke|p2|Basculegion, L50, M|
|poke|p2|Pelipper, L50, M|
|teampreview|4
|showteam|p1|Grimmsnarl||LightClay|Prankster|SpiritBreak,Reflect,LightScreen,ThunderWave|||M|||50|,,,,,Ghost]Archaludon||PowerHerb|Stalwart|ElectroShot,Thunderbolt,Protect,DracoMeteor|||M|||50|,,,,,Electric]Incineroar||SafetyGoggles|Intimidate|KnockOff,FlareBlitz,PartingShot,FakeOut|||M|||50|,,,,,Ghost]Pelipper||FocusSash|Drizzle|Tailwind,Protect,Hurricane,WeatherBall|||M|||50|,,,,,Ghost]Gliscor||ToxicOrb|PoisonHeal|Protect,SwordsDance,DualWingbeat,HighHorsepower|||M|||50|,,,,,Water]Sinistcha||AssaultVest|Hospitality|MatchaGotcha,Hex,Scald,ShadowBall||||||50|,,,,,Water
|showteam|p2|Incineroar||SafetyGoggles|Intimidate|FakeOut,PartingShot,KnockOff,FlareBlitz|||F|||50|,,,,,Ghost]Amoonguss||SitrusBerry|Regenerator|Protect,Spore,RagePowder,SludgeBomb|||F|||50|,,,,,Dark]Gholdengo||LifeOrb|GoodasGold|ShadowBall,MakeItRain,Protect,NastyPlot||||||50|,,,,,Steel]Archaludon||PowerHerb|Sturdy|ElectroShot,FlashCannon,DracoMeteor,Protect|||M|||50|,,,,,Electric]Basculegion||ChoiceBand|SwiftSwim|LastRespects,WaveCrash,AquaJet,FlipTurn|||M|||50|,,,,,Water]Pelipper||FocusSash|Drizzle|Tailwind,Protect,Hurricane,WeatherBall|||M|||50|,,,,,Grass
|inactive|Battle timer is ON: inactive players will automatically lose when time's up. (requested by almondspy)
|inactive|almondspy has 60 seconds left.
|inactive|Shoto.tx has 60 seconds left.
|inactive|almondspy has 30 seconds left.
|inactive|almondspy has 20 seconds left.
|inactive|almondspy has 15 seconds left.
|inactive|almondspy has 10 seconds left.
|inactive|almondspy has 5 seconds left.
|
|t:|1756399400
|teamsize|p1|4
|teamsize|p2|4
|start
|switch|p1a: Grimmsnarl|Grimmsnarl, L50, M|100/100
|switch|p1b: Incineroar|Incineroar, L50, M|100/100
|switch|p2a: Archaludon|Archaludon, L50, M|100/100
|switch|p2b: Pelipper|Pelipper, L50, M|100/100
|-weather|RainDance|[from] ability: Drizzle|[of] p2b: Pelipper
|-ability|p1b: Incineroar|Intimidate|boost
|-unboost|p2a: Archaludon|atk|1
|-unboost|p2b: Pelipper|atk|1
|turn|1
|inactive|Shoto.tx has 30 seconds left.
|
|t:|1756399430
|move|p1b: Incineroar|Fake Out|p2a: Archaludon
|-resisted|p2a: Archaludon
|-damage|p2a: Archaludon|94/100
|move|p1a: Grimmsnarl|Light Screen|p1a: Grimmsnarl
|-sidestart|p1: Shoto.tx|move: Light Screen
|cant|p2a: Archaludon|flinch
|move|p2b: Pelipper|Tailwind|p2b: Pelipper
|-sidestart|p2: almondspy|move: Tailwind
|
|-weather|RainDance|[upkeep]
|upkeep
|turn|2
|inactive|almondspy has 30 seconds left.
|inactive|almondspy has 20 seconds left.
|
|t:|1756399469
|switch|p2b: Incineroar|Incineroar, L50, F|100/100
|-ability|p2b: Incineroar|Intimidate|boost
|-unboost|p1a: Grimmsnarl|atk|1
|-unboost|p1b: Incineroar|atk|1
|move|p1a: Grimmsnarl|Thunder Wave|p2b: Incineroar
|-hint|Since gen 7, Dark is immune to Prankster moves.
|-immune|p2b: Incineroar
|move|p2a: Archaludon|Electro Shot||[still]
|-prepare|p2a: Archaludon|Electro Shot
|-boost|p2a: Archaludon|spa|1
|-anim|p2a: Archaludon|Electro Shot|p1a: Grimmsnarl
|-damage|p1a: Grimmsnarl|65/100
|move|p1b: Incineroar|Knock Off|p2a: Archaludon
|-crit|p2a: Archaludon
|-damage|p2a: Archaludon|29/100
|-enditem|p2a: Archaludon|Power Herb|[from] move: Knock Off|[of] p1b: Incineroar
|
|-weather|RainDance|[upkeep]
|upkeep
|turn|3
|inactive|Shoto.tx has 30 seconds left.
|inactive|almondspy has 30 seconds left.
|
|t:|1756399506
|move|p1a: Grimmsnarl|Reflect|p1a: Grimmsnarl
|-sidestart|p1: Shoto.tx|Reflect
|move|p2a: Archaludon|Flash Cannon|p1a: Grimmsnarl
|-supereffective|p1a: Grimmsnarl
|-crit|p1a: Grimmsnarl
|-damage|p1a: Grimmsnarl|0 fnt
|faint|p1a: Grimmsnarl
|move|p2b: Incineroar|Parting Shot|p1b: Incineroar
|-unboost|p1b: Incineroar|atk|1
|-unboost|p1b: Incineroar|spa|1
|
|t:|1756399518
|switch|p2b: Amoonguss|Amoonguss, L50, F|100/100|[from] Parting Shot
|move|p1b: Incineroar|Knock Off|p2b: Amoonguss
|-damage|p2b: Amoonguss|79/100
|-enditem|p2b: Amoonguss|Sitrus Berry|[from] move: Knock Off|[of] p1b: Incineroar
|
|-weather|RainDance|[upkeep]
|upkeep
|
|t:|1756399528
|switch|p1a: Gliscor|Gliscor, L50, M|100/100
|turn|4
|inactive|almondspy has 30 seconds left.
|
|t:|1756399557
|switch|p2a: Incineroar|Incineroar, L50, F|100/100
|-ability|p2a: Incineroar|Intimidate|boost
|-unboost|p1a: Gliscor|atk|1
|-unboost|p1b: Incineroar|atk|1
|move|p1a: Gliscor|Protect|p1a: Gliscor
|-singleturn|p1a: Gliscor|Protect
|move|p2b: Amoonguss|Protect|p2b: Amoonguss
|-singleturn|p2b: Amoonguss|Protect
|move|p1b: Incineroar|Knock Off|p2a: Incineroar
|-resisted|p2a: Incineroar
|-damage|p2a: Incineroar|92/100
|-enditem|p2a: Incineroar|Safety Goggles|[from] move: Knock Off|[of] p1b: Incineroar
|
|-weather|RainDance|[upkeep]
|-sideend|p2: almondspy|move: Tailwind
|-status|p1a: Gliscor|tox|[from] item: Toxic Orb
|upkeep
|turn|5
|inactive|Shoto.tx has 30 seconds left.
|inactive|almondspy has 30 seconds left.
|inactive|Shoto.tx has 20 seconds left.
|inactive|almondspy has 20 seconds left.
|inactive|Shoto.tx has 15 seconds left.
|inactive|almondspy has 15 seconds left.
|inactive|almondspy has 10 seconds left.
|inactive|almondspy has 5 seconds left.
|
|t:|1756399610
|-terastallize|p1a: Gliscor|Water
|move|p2b: Amoonguss|Rage Powder|p2b: Amoonguss
|-singleturn|p2b: Amoonguss|move: Rage Powder
|move|p1a: Gliscor|Dual Wingbeat|p2b: Amoonguss
|-supereffective|p2b: Amoonguss
|-damage|p2b: Amoonguss|60/100
|-supereffective|p2b: Amoonguss
|-damage|p2b: Amoonguss|40/100
|-hitcount|p2b: Amoonguss|2
|move|p2a: Incineroar|Parting Shot|p1a: Gliscor
|-unboost|p1a: Gliscor|atk|1
|-unboost|p1a: Gliscor|spa|1
|
|t:|1756399626
|switch|p2a: Archaludon|Archaludon, L50, M|29/100|[from] Parting Shot
|move|p1b: Incineroar|Flare Blitz|p2b: Amoonguss
|-supereffective|p2b: Amoonguss
|-damage|p2b: Amoonguss|23/100
|-damage|p1b: Incineroar|94/100|[from] Recoil
|
|-weather|none
|upkeep
|turn|6
|
|t:|1756399649
|switch|p1a: Archaludon|Archaludon, L50, M|100/100
|switch|p2b: Pelipper|Pelipper, L50, M|100/100
|-weather|RainDance|[from] ability: Drizzle|[of] p2b: Pelipper
|move|p2a: Archaludon|Electro Shot||[still]
|-prepare|p2a: Archaludon|Electro Shot
|-boost|p2a: Archaludon|spa|1
|-anim|p2a: Archaludon|Electro Shot|p1a: Archaludon
|-resisted|p1a: Archaludon
|-damage|p1a: Archaludon|69/100
|move|p1b: Incineroar|Flare Blitz|p2b: Pelipper
|-resisted|p2b: Pelipper
|-damage|p2b: Pelipper|92/100
|-damage|p1b: Incineroar|92/100|[from] Recoil
|
|-weather|RainDance|[upkeep]
|upkeep
|turn|7
|inactive|Shoto.tx has 30 seconds left.
|inactive|almondspy has 30 seconds left.
|inactive|almondspy has 20 seconds left.
|inactive|almondspy has 15 seconds left.
|
|t:|1756399690
|move|p2b: Pelipper|Protect|p2b: Pelipper
|-singleturn|p2b: Pelipper|Protect
|move|p2a: Archaludon|Electro Shot||[still]
|-prepare|p2a: Archaludon|Electro Shot
|-boost|p2a: Archaludon|spa|1
|-anim|p2a: Archaludon|Electro Shot|p1b: Incineroar
|-damage|p1b: Incineroar|38/100
|move|p1a: Archaludon|Electro Shot||[still]
|-prepare|p1a: Archaludon|Electro Shot
|-boost|p1a: Archaludon|spa|1
|-anim|p1a: Archaludon|Electro Shot|p2a: Archaludon
|-resisted|p2a: Archaludon
|-damage|p2a: Archaludon|0 fnt
|faint|p2a: Archaludon
|move|p1b: Incineroar|Flare Blitz|p2b: Pelipper
|-activate|p2b: Pelipper|move: Protect
|
|-weather|RainDance|[upkeep]
|upkeep
|
|t:|1756399713
|switch|p2a: Amoonguss|Amoonguss, L50, F|56/100
|turn|8
|
|t:|1756399737
|switch|p2a: Incineroar|Incineroar, L50, F|92/100
|-ability|p2a: Incineroar|Intimidate|boost
|-unboost|p1a: Archaludon|atk|1
|-unboost|p1b: Incineroar|atk|1
|-terastallize|p2b: Pelipper|Grass
|move|p1a: Archaludon|Protect|p1a: Archaludon
|-singleturn|p1a: Archaludon|Protect
|move|p2b: Pelipper|Weather Ball|p1a: Archaludon
|-activate|p1a: Archaludon|move: Protect
|move|p1b: Incineroar|Flare Blitz|p2a: Incineroar
|-resisted|p2a: Incineroar
|-damage|p2a: Incineroar|87/100
|-damage|p1b: Incineroar|36/100|[from] Recoil
|
|-weather|RainDance|[upkeep]
|-sideend|p1: Shoto.tx|move: Light Screen
|upkeep
|turn|9
|inactive|Shoto.tx has 30 seconds left.
|inactive|almondspy has 30 seconds left.
|
|t:|1756399768
|switch|p1b: Gliscor|Gliscor, L50, M, tera:Water|100/100 tox
|move|p1a: Archaludon|Draco Meteor|p2a: Incineroar
|-damage|p2a: Incineroar|18/100
|-unboost|p1a: Archaludon|spa|2
|move|p2b: Pelipper|Weather Ball|p1a: Archaludon
|-resisted|p1a: Archaludon
|-damage|p1a: Archaludon|19/100
|move|p2a: Incineroar|Parting Shot|p1a: Archaludon
|-unboost|p1a: Archaludon|atk|1
|-unboost|p1a: Archaludon|spa|1
|
|t:|1756399776
|switch|p2a: Amoonguss|Amoonguss, L50, F|90/100|[from] Parting Shot
|
|-weather|RainDance|[upkeep]
|upkeep
|turn|10
|inactive|Shoto.tx has 30 seconds left.
|inactive|almondspy has 30 seconds left.
|inactive|almondspy has 20 seconds left.
|
|t:|1756399813
|switch|p2b: Incineroar|Incineroar, L50, F|18/100
|-ability|p2b: Incineroar|Intimidate|boost
|-unboost|p1a: Archaludon|atk|1
|-unboost|p1b: Gliscor|atk|1
|move|p2a: Amoonguss|Rage Powder|p2a: Amoonguss
|-singleturn|p2a: Amoonguss|move: Rage Powder
|move|p1b: Gliscor|Dual Wingbeat|p2a: Amoonguss
|-supereffective|p2a: Amoonguss
|-damage|p2a: Amoonguss|69/100
|-supereffective|p2a: Amoonguss
|-damage|p2a: Amoonguss|49/100
|-hitcount|p2a: Amoonguss|2
|move|p1a: Archaludon|Electro Shot||[still]
|-prepare|p1a: Archaludon|Electro Shot
|-boost|p1a: Archaludon|spa|1
|-anim|p1a: Archaludon|Electro Shot|p2a: Amoonguss
|-resisted|p2a: Amoonguss
|-crit|p2a: Amoonguss
|-damage|p2a: Amoonguss|22/100
|
|-weather|none
|-sideend|p1: Shoto.tx|Reflect
|upkeep
|turn|11
|inactive|Shoto.tx has 30 seconds left.
|inactive|almondspy has 30 seconds left.
|inactive|Shoto.tx has 20 seconds left.
|
|t:|1756399853
|switch|p2a: Pelipper|Pelipper, L50, M, tera:Grass|92/100
|-weather|RainDance|[from] ability: Drizzle|[of] p2a: Pelipper
|move|p1b: Gliscor|Protect|p1b: Gliscor
|-singleturn|p1b: Gliscor|Protect
|move|p1a: Archaludon|Draco Meteor|p2a: Pelipper
|-damage|p2a: Pelipper|10/100
|-unboost|p1a: Archaludon|spa|2
|move|p2b: Incineroar|Knock Off|p1b: Gliscor
|-activate|p1b: Gliscor|move: Protect
|
|-weather|RainDance|[upkeep]
|upkeep
|turn|12
|
|t:|1756399875
|move|p1a: Archaludon|Protect|p1a: Archaludon
|-singleturn|p1a: Archaludon|Protect
|move|p1b: Gliscor|Dual Wingbeat|p2b: Incineroar
|-damage|p2b: Incineroar|7/100
|-damage|p2b: Incineroar|0 fnt
|faint|p2b: Incineroar
|-hitcount|p2: Incineroar|2
|move|p2a: Pelipper|Hurricane|p1b: Gliscor
|-damage|p1b: Gliscor|22/100 tox
|-start|p1b: Gliscor|confusion
|
|-weather|RainDance|[upkeep]
|-heal|p1b: Gliscor|34/100 tox|[from] ability: Poison Heal
|upkeep
|
|t:|1756399881
|switch|p2b: Amoonguss|Amoonguss, L50, F|55/100
|turn|13
|inactive|almondspy has 30 seconds left.
|inactive|almondspy has 20 seconds left.
|inactive|almondspy has 15 seconds left.
|
|t:|1756399910
|move|p2a: Pelipper|Protect|p2a: Pelipper
|-singleturn|p2a: Pelipper|Protect
|-activate|p1b: Gliscor|confusion
|move|p1b: Gliscor|Dual Wingbeat|p2b: Amoonguss
|-supereffective|p2b: Amoonguss
|-damage|p2b: Amoonguss|36/100
|-supereffective|p2b: Amoonguss
|-damage|p2b: Amoonguss|18/100
|-hitcount|p2b: Amoonguss|2
|move|p1a: Archaludon|Electro Shot||[still]
|-prepare|p1a: Archaludon|Electro Shot
|-boost|p1a: Archaludon|spa|1
|-anim|p1a: Archaludon|Electro Shot|p2b: Amoonguss
|-resisted|p2b: Amoonguss
|-damage|p2b: Amoonguss|8/100
|move|p2b: Amoonguss|Sludge Bomb|p1b: Gliscor
|-damage|p1b: Gliscor|0 fnt
|faint|p1b: Gliscor
|
|-weather|RainDance|[upkeep]
|upkeep
|
|t:|1756399929
|switch|p1b: Incineroar|Incineroar, L50, M|36/100
|-ability|p1b: Incineroar|Intimidate|boost
|-unboost|p2a: Pelipper|atk|1
|-unboost|p2b: Amoonguss|atk|1
|turn|14
|inactive|almondspy has 15 seconds left this turn.
|inactive|almondspy has 10 seconds left.
|inactive|almondspy has 5 seconds left.
|
|t:|1756399944
|move|p1a: Archaludon|Electro Shot||[still]
|-prepare|p1a: Archaludon|Electro Shot
|-boost|p1a: Archaludon|spa|1
|-anim|p1a: Archaludon|Electro Shot|p2b: Amoonguss
|-resisted|p2b: Amoonguss
|-damage|p2b: Amoonguss|0 fnt
|faint|p2b: Amoonguss
|move|p2a: Pelipper|Weather Ball|p1a: Archaludon
|-resisted|p1a: Archaludon
|-damage|p1a: Archaludon|0 fnt
|faint|p1a: Archaludon
|move|p1b: Incineroar|Knock Off|p2a: Pelipper
|-damage|p2a: Pelipper|0 fnt
|-enditem|p2a: Pelipper|Focus Sash|[from] move: Knock Off|[of] p1b: Incineroar
|faint|p2a: Pelipper
|
|win|Shoto.tx
||almondspy is ready for game 2.
|inactive|Shoto.tx has 30 seconds to confirm battle start!
