|j|☆rknsx17
|j|☆Mowcrater#1fan
|html|rknsx17Mowcrater#1fan    
|uhtml|bestof|Game 1 of a best-of-3
|t:|1783470061
|gametype|doubles
|player|p1|rknsx17|steven|1158
|player|p2|Mowcrater#1fan|1|1203
|gen|9
|tier|[Gen 9 Champions] VGC 2026 Reg M-B (Bo3)
|rated|
|rule|Species Clause: Limit one of each Pokémon
|rule|Item Clause: Limit 1 of each item
|clearpoke
|poke|p1|Blaziken, L50, M|
|poke|p1|Kingambit, L50, M|
|poke|p1|Torkoal, L50, M|
|poke|p1|Aerodactyl, L50, F|
|poke|p1|Primarina, L50, F|
|poke|p1|Scizor, L50, F|
|poke|p2|Glimmora, L50, M|
|poke|p2|Ninetales-Alola, L50, M|
|poke|p2|Talonflame, L50, F|
|poke|p2|Garchomp, L50, M|
|poke|p2|Tsareena, L50, F|
|poke|p2|Samurott-Hisui, L50, F|
|teampreview|4
|showteam|p1|Blaziken||Blazikenite|SpeedBoost|FlareBlitz,CloseCombat,RockSlide,Protect|Adamant||M|||50|]Kingambit||LifeOrb|Defiant|KowtowCleave,IronHead,LowKick,SuckerPunch|Adamant||M|||50|]Torkoal||Leftovers|Drought|BurningJealousy,Yawn,WeatherBall,Protect|Relaxed||M|||50|]Aerodactyl||FocusSash|Unnerve|DualWingbeat,WideGuard,Tailwind,RockSlide|Jolly||F|||50|]Primarina||ExpertBelt|LiquidVoice|CalmMind,HyperVoice,Moonblast,Protect|Modest||F|||50|]Scizor||Scizorite|Technician|BulletPunch,BugBite,SwordsDance,Protect|Adamant||F|||50|
|showteam|p2|Glimmora||Glimmoranite|ToxicDebris|PowerGem,SludgeBomb,EarthPower,SpikyShield|Timid||M|||50|]Ninetales-Alola||NeverMeltIce|SnowWarning|Blizzard,FreezeDry,Encore,Protect|Timid||M|||50|]Talonflame||SharpBeak|GaleWings|DualWingbeat,FlareBlitz,Tailwind,Protect|Jolly||F|||50|]Garchomp||LifeOrb|RoughSkin|DragonClaw,Earthquake,RockSlide,Protect|Jolly||M|||50|]Tsareena||WideLens|QueenlyMajesty|TripleAxel,TropKick,Taunt,Protect|Adamant||F|||50|]Samurott-Hisui||FocusSash|Sharpness|SuckerPunch,SacredSword,AquaCutter,Protect|Adamant||F|||50|
|inactive|Battle timer is ON: inactive players will automatically lose when time's up. (requested by Mowcrater#1fan)
|
|t:|1783470115
|teamsize|p1|4
|teamsize|p2|4
|start
|switch|p1a: Blaziken|Blaziken, L50, M|100/100
|switch|p1b: Torkoal|Torkoal, L50, M|100/100
|switch|p2a: Glimmora|Glimmora, L50, M|100/100
|switch|p2b: Samurott|Samurott-Hisui, L50, F|100/100
|-weather|SunnyDay|[from] ability: Drought|[of] p1b: Torkoal
|turn|1
|inactive|rknsx17 has 30 seconds left.
|inactive|rknsx17 has 20 seconds left.
|inactive|rknsx17 has 15 seconds left.
|
|t:|1783470157
|switch|p2b: Talonflame|Talonflame, L50, F|100/100
|detailschange|p2a: Glimmora|Glimmora-Mega, L50, M
|-mega|p2a: Glimmora|Glimmora|Glimmoranite
|detailschange|p1a: Blaziken|Blaziken-Mega, L50, M
|-mega|p1a: Blaziken|Blaziken|Blazikenite
|move|p2a: Glimmora|Power Gem|p1b: Torkoal
|-supereffective|p1b: Torkoal|1
|-damage|p1b: Torkoal|0 fnt
|faint|p1b: Torkoal
|move|p1a: Blaziken|Close Combat|p2a: Glimmora
|-damage|p2a: Glimmora|19/100
|-unboost|p1a: Blaziken|def|1
|-unboost|p1a: Blaziken|spd|1
|
|-weather|SunnyDay|[upkeep]
|-ability|p1a: Blaziken|Speed Boost|boost
|-boost|p1a: Blaziken|spe|1
|upkeep
|
|t:|1783470181
|switch|p1b: Aerodactyl|Aerodactyl, L50, F|100/100
|-ability|p1b: Aerodactyl|Unnerve
|turn|2
|
|t:|1783470196
|switch|p2a: Garchomp|Garchomp, L50, M|100/100
|move|p1a: Blaziken|Protect|p1a: Blaziken
|-singleturn|p1a: Blaziken|Protect
|move|p2b: Talonflame|Dual Wingbeat|p1a: Blaziken
|-activate|p1a: Blaziken|move: Protect
|move|p1b: Aerodactyl|Rock Slide|p2b: Talonflame|[spread] p2a,p2b
|-resisted|p2a: Garchomp|1
|-supereffective|p2b: Talonflame|2
|-damage|p2a: Garchomp|87/100
|-damage|p2b: Talonflame|0 fnt
|faint|p2b: Talonflame
|
|-weather|SunnyDay|[upkeep]
|-ability|p1a: Blaziken|Speed Boost|boost
|-boost|p1a: Blaziken|spe|1
|upkeep
|
|t:|1783470210
|switch|p2b: Samurott|Samurott-Hisui, L50, F|100/100
|turn|3
|inactive|rknsx17 has 30 seconds left.
|
|t:|1783470236
|move|p1b: Aerodactyl|Wide Guard|p1b: Aerodactyl
|-singleturn|p1b: Aerodactyl|Wide Guard
|move|p2b: Samurott|Sucker Punch||[still]
|-fail|p2b: Samurott
|move|p1a: Blaziken|Close Combat|p2b: Samurott
|-supereffective|p2b: Samurott|1
|-enditem|p2b: Samurott|Focus Sash
|-damage|p2b: Samurott|1/100
|-unboost|p1a: Blaziken|def|1
|-unboost|p1a: Blaziken|spd|1
|move|p2a: Garchomp|Rock Slide|p1b: Aerodactyl|[spread] 
|-activate|p1a: Blaziken|move: Wide Guard
|-activate|p1b: Aerodactyl|move: Wide Guard
|
|-weather|SunnyDay|[upkeep]
|-ability|p1a: Blaziken|Speed Boost|boost
|-boost|p1a: Blaziken|spe|1
|upkeep
|turn|4
|inactive|rknsx17 has 30 seconds left.
|inactive|rknsx17 has 20 seconds left.
|inactive|rknsx17 has 15 seconds left.
|inactive|rknsx17 has 10 seconds left.
|
|t:|1783470281
|move|p1a: Blaziken|Protect|p1a: Blaziken
|-singleturn|p1a: Blaziken|Protect
|move|p2b: Samurott|Protect|p2b: Samurott
|-singleturn|p2b: Samurott|Protect
|move|p1b: Aerodactyl|Rock Slide|p2a: Garchomp|[spread] p2a
|-activate|p2b: Samurott|move: Protect
|-resisted|p2a: Garchomp|1
|-damage|p2a: Garchomp|74/100
|cant|p2a: Garchomp|flinch
|
|-weather|SunnyDay|[upkeep]
|-ability|p1a: Blaziken|Speed Boost|boost
|-boost|p1a: Blaziken|spe|1
|upkeep
|turn|5
|inactive|rknsx17 has 30 seconds left.
|
|t:|1783470313
|move|p2b: Samurott|Sucker Punch||[still]
|-fail|p2b: Samurott
|move|p1a: Blaziken|Close Combat|p2a: Garchomp
|-damage|p2a: Garchomp|0 fnt
|-unboost|p1a: Blaziken|def|1
|-unboost|p1a: Blaziken|spd|1
|-damage|p1a: Blaziken|87/100|[from] ability: Rough Skin|[of] p2a: Garchomp
|faint|p2a: Garchomp
|move|p1b: Aerodactyl|Tailwind|p1b: Aerodactyl
|-sidestart|p1: rknsx17|move: Tailwind
|
|-weather|none
|-ability|p1a: Blaziken|Speed Boost|boost
|-boost|p1a: Blaziken|spe|1
|upkeep
|
|t:|1783470321
|switch|p2a: Glimmora|Glimmora-Mega, L50, M|19/100
|turn|6
|
|t:|1783470334
|move|p1a: Blaziken|Protect|p1a: Blaziken
|-singleturn|p1a: Blaziken|Protect
|move|p1b: Aerodactyl|Rock Slide|p2a: Glimmora|[spread] p2a,p2b
|-damage|p2a: Glimmora|0 fnt
|-damage|p2b: Samurott|0 fnt
|faint|p2a: Glimmora
|faint|p2b: Samurott
|
|win|rknsx17
||Mowcrater#1fan is ready for game 2.
|inactive|rknsx17 has 30 seconds to confirm battle start!
