|j|☆SuperManMuscle
|j|☆ToastedArt
|html|SuperManMuscleToastedArt    
|uhtml|bestof|Game 1 of a best-of-3
|t:|1785725323
|gametype|doubles
|player|p1|SuperManMuscle|emmet|1155
|player|p2|ToastedArt|1|1104
|gen|9
|tier|[Gen 9 Champions] VGC 2026 Reg M-B (Bo3)
|rated|
|rule|Species Clause: Limit one of each Pokémon
|rule|Item Clause: Limit 1 of each item
|clearpoke
|poke|p1|Staraptor, L50, F, shiny|
|poke|p1|Garchomp, L50, M, shiny|
|poke|p1|Whimsicott, L50, F, shiny|
|poke|p1|Delphox, L50, M|
|poke|p1|Glimmora, L50, F, shiny|
|poke|p1|Kingambit, L50, M, shiny|
|poke|p2|Staraptor, L50, M|
|poke|p2|Whimsicott, L50, M|
|poke|p2|Incineroar, L50, M|
|poke|p2|Sinistcha, L50|
|poke|p2|Arcanine-Hisui, L50, F|
|poke|p2|Zoroark-Hisui, L50, M|
|teampreview|4
|showteam|p1|Staraptor||Staraptite|Intimidate|Protect,Roost,CloseCombat,BraveBird|Jolly||F|||50|]Garchomp||LifeOrb|RoughSkin|Protect,RockSlide,Earthquake,DragonClaw|Jolly||M|||50|]Whimsicott||OccaBerry|Prankster|Moonblast,Tailwind,Charm,Encore|Timid||F|||50|]Delphox||Delphoxite|Magician|Protect,Psychic,HeatWave,Encore|Timid||M|||50|]Glimmora||FocusSash|ToxicDebris|SpikyShield,EarthPower,PowerGem,SludgeBomb|Timid||F|||50|]Kingambit||ChopleBerry|Defiant|Protect,IronHead,KowtowCleave,LowKick|Adamant||M|||50|
|showteam|p2|Staraptor||Staraptite|Intimidate|CloseCombat,DualWingbeat,Roost,Protect|Jolly||M|||50|]Whimsicott||OccaBerry|Prankster|Encore,Tailwind,Charm,LightScreen|Timid||M|||50|]Incineroar||SitrusBerry|Intimidate|PartingShot,FlareBlitz,Taunt,FakeOut|Careful||M|||50|]Sinistcha||ColburBerry|Hospitality|MatchaGotcha,RagePowder,TrickRoom,Protect|Relaxed|||||50|]Arcanine-Hisui||FocusSash|RockHead|FlareBlitz,HeadSmash,ExtremeSpeed,Protect|Jolly||F|||50|]Zoroark-Hisui||ChoiceScarf|Illusion|ShadowBall,IcyWind,Psychic,Flamethrower|Timid||M|||50|
|inactive|Battle timer is ON: inactive players will automatically lose when time's up. (requested by ToastedArt)
|inactive|SuperManMuscle has 60 seconds left.
|inactive|ToastedArt has 60 seconds left.
|
|t:|1785725373
|teamsize|p1|4
|teamsize|p2|4
|start
|switch|p1a: Garchomp|Garchomp, L50, M, shiny|100/100
|switch|p1b: Whimsicott|Whimsicott, L50, F, shiny|100/100
|switch|p2a: Staraptor|Staraptor, L50, M|100/100
|switch|p2b: Whimsicott|Whimsicott, L50, M|100/100
|-ability|p2a: Staraptor|Intimidate|boost
|-unboost|p1a: Garchomp|atk|1
|-unboost|p1b: Whimsicott|atk|1
|turn|1
|
|t:|1785725393
|detailschange|p2a: Staraptor|Staraptor-Mega, L50, M
|-mega|p2a: Staraptor|Staraptor|Staraptite
|move|p2b: Whimsicott|Charm|p2a: Staraptor
|-boost|p2a: Staraptor|atk|2
|move|p1b: Whimsicott|Tailwind|p1b: Whimsicott
|-sidestart|p1: SuperManMuscle|move: Tailwind
|move|p1a: Garchomp|Rock Slide|p2a: Staraptor|[spread] p2a
|-miss|p1a: Garchomp|p2b: Whimsicott
|-damage|p2a: Staraptor|83/100
|-damage|p1a: Garchomp|90/100|[from] item: Life Orb
|move|p2a: Staraptor|Close Combat|p1a: Garchomp
|-damage|p1a: Garchomp|0 fnt
|-boost|p2a: Staraptor|def|1
|-boost|p2a: Staraptor|spd|1
|-damage|p2a: Staraptor|70/100|[from] ability: Rough Skin|[of] p1a: Garchomp
|faint|p1a: Garchomp
|
|upkeep
|
|t:|1785725406
|switch|p1a: Glimmora|Glimmora, L50, F, shiny|100/100
|turn|2
|
|t:|1785725416
|move|p2b: Whimsicott|Tailwind|p2b: Whimsicott
|-sidestart|p2: ToastedArt|move: Tailwind
|move|p1b: Whimsicott|Moonblast|p2a: Staraptor
|-supereffective|p2a: Staraptor|1
|-damage|p2a: Staraptor|25/100
|move|p2a: Staraptor|Dual Wingbeat|p1b: Whimsicott
|-supereffective|p1b: Whimsicott|1
|-damage|p1b: Whimsicott|0 fnt
|faint|p1b: Whimsicott
|-hitcount|p1: Whimsicott|1
|move|p1a: Glimmora|Sludge Bomb|p2b: Whimsicott
|-supereffective|p2b: Whimsicott|2
|-damage|p2b: Whimsicott|0 fnt
|faint|p2b: Whimsicott
|
|upkeep
|
|t:|1785725428
|switch|p1b: Staraptor|Staraptor, L50, F, shiny|100/100
|switch|p2b: Pickle Cup|Sinistcha, L50|100/100
|-ability|p1b: Staraptor|Intimidate|boost
|-boost|p2a: Staraptor|atk|1
|-unboost|p2b: Pickle Cup|atk|1
|-heal|p2a: Staraptor|50/100y|[from] ability: Hospitality|[of] p2b: Pickle Cup
|turn|3
|inactive|SuperManMuscle has 30 seconds left.
|
|t:|1785725454
|detailschange|p1b: Staraptor|Staraptor-Mega, L50, F, shiny
|-mega|p1b: Staraptor|Staraptor|Staraptite
|move|p1b: Staraptor|Protect|p1b: Staraptor
|-singleturn|p1b: Staraptor|Protect
|move|p1a: Glimmora|Spiky Shield|p1a: Glimmora
|-singleturn|p1a: Glimmora|move: Protect
|move|p2b: Pickle Cup|Rage Powder|p2b: Pickle Cup
|-singleturn|p2b: Pickle Cup|move: Rage Powder
|move|p2a: Staraptor|Dual Wingbeat|p1b: Staraptor
|-activate|p1b: Staraptor|move: Protect
|
|upkeep
|turn|4
|
|t:|1785725469
|move|p2b: Pickle Cup|Rage Powder|p2b: Pickle Cup
|-singleturn|p2b: Pickle Cup|move: Rage Powder
|move|p1b: Staraptor|Brave Bird|p2b: Pickle Cup
|-supereffective|p2b: Pickle Cup|1
|-damage|p2b: Pickle Cup|0 fnt
|faint|p2b: Pickle Cup
|-damage|p1b: Staraptor|63/100|[from] Recoil
|move|p2a: Staraptor|Dual Wingbeat|p1b: Staraptor
|-supereffective|p1b: Staraptor|1
|-damage|p1b: Staraptor|0 fnt
|faint|p1b: Staraptor
|-hitcount|p1: Staraptor|1
|move|p1a: Glimmora|Sludge Bomb|p2a: Staraptor
|-damage|p2a: Staraptor|17/100
|-status|p2a: Staraptor|psn
|
|-damage|p2a: Staraptor|4/100 psn|[from] psn
|-sideend|p1: SuperManMuscle|move: Tailwind
|upkeep
|
|t:|1785725478
|switch|p2b: Incineroar|Incineroar, L50, M|100/100
|-ability|p2b: Incineroar|Intimidate|boost
|-unboost|p1a: Glimmora|atk|1
|turn|5
|
|t:|1785725485
|move|p1a: Glimmora|Spiky Shield|p1a: Glimmora
|-singleturn|p1a: Glimmora|move: Protect
|move|p2b: Incineroar|Fake Out|p1a: Glimmora
|-activate|p1a: Glimmora|move: Protect
|-damage|p2b: Incineroar|87/100|[from] Spiky Shield|[of] p1a: Glimmora
|move|p2a: Staraptor|Close Combat|p1a: Glimmora
|-activate|p1a: Glimmora|move: Protect
|-damage|p2a: Staraptor|0 fnt|[from] Spiky Shield|[of] p1a: Glimmora
|faint|p2a: Staraptor
|
|-sideend|p2: ToastedArt|move: Tailwind
|upkeep
|turn|6
|
|t:|1785725499
|move|p1a: Glimmora|Power Gem|p2b: Incineroar
|-supereffective|p2b: Incineroar|1
|-damage|p2b: Incineroar|13/100
|-enditem|p2b: Incineroar|Sitrus Berry|[eat]
|-heal|p2b: Incineroar|38/100|[from] item: Sitrus Berry
|move|p2b: Incineroar|Flare Blitz|p1a: Glimmora
|-resisted|p1a: Glimmora|1
|-damage|p1a: Glimmora|69/100
|-activate|p1a: Glimmora|ability: Toxic Debris
|-sidestart|p2: ToastedArt|move: Toxic Spikes
|-damage|p2b: Incineroar|30/100|[from] Recoil
|
|upkeep
|turn|7
|-message|ToastedArt forfeited.
|
|win|SuperManMuscle
