|j|☆LaMuccaDiMosca
|j|☆Needels
|html|LaMuccaDiMoscaNeedels    
|uhtml|bestof|Game 1 of a best-of-3
|t:|1756500647
|gametype|doubles
|player|p1|LaMuccaDiMosca|cynthia|1140
|player|p2|Needels|eusine|1091
|gen|9
|tier|[Gen 9] VGC 2025 Reg H (Bo3)
|rated|
|rule|Species Clause: Limit one of each Pokémon
|rule|Item Clause: Limit 1 of each item
|clearpoke
|poke|p1|Gholdengo, L50|
|poke|p1|Sneasler, L50, M|
|poke|p1|Rillaboom, L50, M|
|poke|p1|Dragonite, L50, F|
|poke|p1|Ninetales-Alola, L50, M|
|poke|p1|Arcanine-Hisui, L50, F|
|poke|p2|Charizard, L50, M|
|poke|p2|Torkoal, L50, F|
|poke|p2|Porygon2, L50|
|poke|p2|Incineroar, L50, F|
|poke|p2|Jumpluff, L50, F|
|poke|p2|Ursaluna, L50, M|
|teampreview|4
|showteam|p1|Gholdengo||GrassySeed|GoodasGold|NastyPlot,MakeItRain,ShadowBall,Protect||||||50|,,,,,Water]Sneasler||WhiteHerb|Unburden|CloseCombat,DireClaw,Coaching,Protect|||M|||50|,,,,,Ghost]Rillaboom||AssaultVest|GrassySurge|FakeOut,GrassyGlide,DrumBeating,HighHorsepower|||M|||50|,,,,,Fire]Dragonite||LoadedDice|Multiscale|ScaleShot,Haze,Tailwind,Protect|||F|||50|,,,,,Fairy]Ninetales-Alola||FocusSash|SnowWarning|Blizzard,IcyWind,Encore,AuroraVeil|||M|||50|,,,,,Ghost]Arcanine-Hisui||ClearAmulet|Intimidate|RockSlide,FlareBlitz,ExtremeSpeed,Protect|||F|||50|,,,,,Water
|showteam|p2|Charizard||ChoiceSpecs|SolarPower|HeatWave,Overheat,WeatherBall,DragonPulse|||M|||50|,,,,,Ghost]Torkoal||EjectPack|Drought|Eruption,Overheat,HelpingHand,Protect|||F|||50|,,,,,Fire]Porygon2||Eviolite|Download|TeraBlast,IceBeam,Recover,TrickRoom||||||50|,,,,,Fighting]Incineroar||SitrusBerry|Intimidate|FlareBlitz,KnockOff,FakeOut,PartingShot|||F|||50|,,,,,Ghost]Jumpluff||CovertCloak|Chlorophyll|SleepPowder,SunnyDay,RagePowder,Tailwind|||F|||50|,,,,,Water]Ursaluna||FlameOrb|Guts|HeadlongRush,Facade,Earthquake,Protect|||M|||50|,,,,,Ghost
|
|t:|1756500730
|teamsize|p1|4
|teamsize|p2|4
|start
|switch|p1a: Felix|Sneasler, L50, M|100/100
|switch|p1b: Astolfo|Gholdengo, L50|100/100
|switch|p2a: Porygon2|Porygon2, L50, shiny|100/100
|switch|p2b: Charizard|Charizard, L50, M, shiny|100/100
|-ability|p2a: Porygon2|Download|boost
|-boost|p2a: Porygon2|atk|1
|turn|1
|
|t:|1756500794
|switch|p2a: Torkoal|Torkoal, L50, F|100/100
|-weather|SunnyDay|[from] ability: Drought|[of] p2a: Torkoal
|-terastallize|p1b: Astolfo|Water
|move|p2b: Charizard|Heat Wave|p1a: Felix|[spread] p1a,p1b
|-resisted|p1b: Astolfo
|-damage|p1a: Felix|0 fnt
|-damage|p1b: Astolfo|46/100
|faint|p1a: Felix
|move|p1b: Astolfo|Nasty Plot|p1b: Astolfo
|-boost|p1b: Astolfo|spa|2
|
|-weather|SunnyDay|[upkeep]
|-damage|p2b: Charizard|88/100|[from] ability: Solar Power|[of] p2b: Charizard
|upkeep
|
|t:|1756500811
|switch|p1a: Hideri|Dragonite, L50, F|100/100
|turn|2
|
|t:|1756500843
|switch|p2b: Porygon2|Porygon2, L50, shiny|100/100
|-ability|p2b: Porygon2|Download|boost
|-boost|p2b: Porygon2|atk|1
|move|p1b: Astolfo|Protect|p1b: Astolfo
|-singleturn|p1b: Astolfo|Protect
|move|p1a: Hideri|Tailwind|p1a: Hideri
|-sidestart|p1: LaMuccaDiMosca|move: Tailwind
|move|p2a: Torkoal|Overheat|p1a: Hideri
|-resisted|p1a: Hideri
|-damage|p1a: Hideri|77/100
|-unboost|p2a: Torkoal|spa|2
|-enditem|p2a: Torkoal|Eject Pack
|
|t:|1756500854
|switch|p2a: Ursaluna|Ursaluna, L50, M|100/100
|
|-weather|SunnyDay|[upkeep]
|-status|p2a: Ursaluna|brn|[from] item: Flame Orb
|upkeep
|turn|3
|
|t:|1756500876
|move|p2a: Ursaluna|Protect|p2a: Ursaluna
|-singleturn|p2a: Ursaluna|Protect
|move|p1b: Astolfo|Make It Rain|p2b: Porygon2|[spread] p2b
|-activate|p2a: Ursaluna|move: Protect
|-damage|p2b: Porygon2|43/100
|-unboost|p1b: Astolfo|spa|1
|move|p1a: Hideri|Scale Shot|p2b: Porygon2
|-damage|p2b: Porygon2|33/100
|-damage|p2b: Porygon2|22/100
|-damage|p2b: Porygon2|12/100
|-damage|p2b: Porygon2|1/100
|-damage|p2b: Porygon2|0 fnt
|faint|p2b: Porygon2
|-hitcount|p2: Porygon2|5
|-unboost|p1a: Hideri|def|1
|-boost|p1a: Hideri|spe|1
|
|-weather|SunnyDay|[upkeep]
|-damage|p2a: Ursaluna|95/100 brn|[from] brn
|upkeep
|
|t:|1756500907
|switch|p2b: Torkoal|Torkoal, L50, F|100/100
|turn|4
|
|t:|1756500960
|move|p2a: Ursaluna|Protect||[still]
|-fail|p2a: Ursaluna
|move|p1a: Hideri|Scale Shot|p2b: Torkoal
|-damage|p2b: Torkoal|90/100
|-damage|p2b: Torkoal|79/100
|-damage|p2b: Torkoal|68/100
|-damage|p2b: Torkoal|58/100
|-damage|p2b: Torkoal|47/100
|-hitcount|p2b: Torkoal|5
|-unboost|p1a: Hideri|def|1
|-boost|p1a: Hideri|spe|1
|move|p1b: Astolfo|Make It Rain|p2a: Ursaluna|[spread] p2a,p2b
|-resisted|p2b: Torkoal
|-damage|p2a: Ursaluna|28/100 brn
|-damage|p2b: Torkoal|1/100
|-unboost|p1b: Astolfo|spa|1
|move|p2b: Torkoal|Overheat|p1a: Hideri
|-resisted|p1a: Hideri
|-damage|p1a: Hideri|31/100
|-unboost|p2b: Torkoal|spa|2
|
|-weather|SunnyDay|[upkeep]
|-damage|p2a: Ursaluna|22/100 brn|[from] brn
|upkeep
|turn|5
|
|t:|1756501021
|switch|p2b: Charizard|Charizard, L50, M, shiny|88/100
|move|p2a: Ursaluna|Protect|p2a: Ursaluna
|-singleturn|p2a: Ursaluna|Protect
|move|p1a: Hideri|Scale Shot|p2b: Charizard
|-crit|p2b: Charizard
|-damage|p2b: Charizard|59/100
|-crit|p2b: Charizard
|-damage|p2b: Charizard|29/100
|-damage|p2b: Charizard|6/100
|-damage|p2b: Charizard|0 fnt
|faint|p2b: Charizard
|-hitcount|p2: Charizard|4
|-unboost|p1a: Hideri|def|1
|-boost|p1a: Hideri|spe|1
|move|p1b: Astolfo|Make It Rain|p2a: Ursaluna
|-activate|p2a: Ursaluna|move: Protect
|
|-weather|none
|-damage|p2a: Ursaluna|17/100 brn|[from] brn
|-sideend|p1: LaMuccaDiMosca|move: Tailwind
|upkeep
|
|t:|1756501028
|switch|p2b: Torkoal|Torkoal, L50, F|1/100
|-weather|SunnyDay|[from] ability: Drought|[of] p2b: Torkoal
|turn|6
|-message|Needels forfeited.
|
|win|LaMuccaDiMosca
