|j|☆nillythekid
|j|☆PieterSenshi
|html|nillythekidPieterSenshi    
|uhtml|bestof|Game 2 of a best-of-3
|t:|1785179403
|gametype|doubles
|player|p1|nillythekid|hiker-gen4|1143
|player|p2|PieterSenshi|170|1084
|gen|9
|tier|[Gen 9 Champions] VGC 2026 Reg M-B (Bo3)
|rated|
|rule|Species Clause: Limit one of each Pokémon
|rule|Item Clause: Limit 1 of each item
|clearpoke
|poke|p1|Incineroar, L50, M|
|poke|p1|Gengar, L50, M|
|poke|p1|Ninetales-Alola, L50, F|
|poke|p1|Volcarona, L50, M|
|poke|p1|Kommo-o, L50, F|
|poke|p1|Raichu, L50, F|
|poke|p2|Delphox, L50, F|
|poke|p2|Sneasler, L50, F|
|poke|p2|Rotom-Wash, L50|
|poke|p2|Kingambit, L50, M|
|poke|p2|Garchomp, L50, M|
|poke|p2|Sinistcha, L50|
|teampreview|4
|showteam|p1|Incineroar||PasshoBerry|Intimidate|FlareBlitz,ThroatChop,FakeOut,PartingShot|Adamant||M|||50|]Gengar||Gengarite|CursedBody|SludgeBomb,ShadowBall,Substitute,Protect|Modest||M|||50|]Ninetales-Alola||ChoiceScarf|SnowWarning|Blizzard,Moonblast,FreezeDry,IcyWind|Timid||F|||50|]Volcarona||SitrusBerry|FlameBody|Flamethrower,StruggleBug,RagePowder,Protect|Bold||M|||50|]Kommo-o||Leftovers|Soundproof|ClangingScales,AuraSphere,ClangorousSoul,Protect|Modest||F|||50|]Raichu||RaichuniteX|LightningRod|VoltTackle,VoltSwitch,FakeOut,Protect|Jolly||F|||50|
|showteam|p2|Delphox||Delphoxite|Blaze|HeatWave,Protect,NastyPlot,Psyshock|Modest||F|||50|]Sneasler||FocusSash|Unburden|CloseCombat,FakeOut,DireClaw,Protect|Jolly||F|||50|]Rotom-Wash||SitrusBerry|Levitate|HydroPump,Thunderbolt,WillOWisp,Protect|Calm|||||50|]Kingambit||BlackGlasses|Defiant|SuckerPunch,KowtowCleave,Protect,IronHead|Adamant||M|||50|]Garchomp||LifeOrb|RoughSkin|DragonClaw,Protect,Earthquake,RockSlide|Jolly||M|||50|]Sinistcha||KasibBerry|Hospitality|MatchaGotcha,RagePowder,ShadowBall,TrickRoom|Relaxed|||||50|
|inactive|Battle timer is ON: inactive players will automatically lose when time's up. (requested by PieterSenshi)
|
|t:|1785179434
|teamsize|p1|4
|teamsize|p2|4
|start
|switch|p1a: Gengar|Gengar, L50, M|100/100
|switch|p1b: Ninetales|Ninetales-Alola, L50, F|100/100
|switch|p2a: Delphox|Delphox, L50, F|100/100
|switch|p2b: Sneasler|Sneasler, L50, F|100/100
|-weather|Snowscape|[from] ability: Snow Warning|[of] p1b: Ninetales
|turn|1
|inactive|PieterSenshi has 30 seconds left.
|
|t:|1785179474
|switch|p2a: Kingambit|Kingambit, L50, M|100/100
|detailschange|p1a: Gengar|Gengar-Mega, L50, M
|-mega|p1a: Gengar|Gengar|Gengarite
|move|p2b: Sneasler|Fake Out|p1b: Ninetales
|-damage|p1b: Ninetales|85/100
|cant|p1b: Ninetales|flinch
|move|p1a: Gengar|Shadow Ball|p2a: Kingambit
|-resisted|p2a: Kingambit|1
|-damage|p2a: Kingambit|77/100
|
|-weather|Snowscape|[upkeep]
|upkeep
|turn|2
|inactive|PieterSenshi has 30 seconds left.
|inactive|PieterSenshi has 20 seconds left.
|
|t:|1785179510
|switch|p1b: Kommo-o|Kommo-o, L50, F|100/100
|move|p2b: Sneasler|Dire Claw|p1b: Kommo-o
|-damage|p1b: Kommo-o|56/100
|move|p1a: Gengar|Substitute|p1a: Gengar
|-start|p1a: Gengar|Substitute
|-damage|p1a: Gengar|75/100
|move|p2a: Kingambit|Kowtow Cleave|p1a: Gengar
|-supereffective|p1a: Gengar|1
|-end|p1a: Gengar|Substitute
|
|-weather|Snowscape|[upkeep]
|-heal|p1b: Kommo-o|62/100|[from] item: Leftovers
|upkeep
|turn|3
|inactive|nillythekid has 30 seconds left.
|inactive|PieterSenshi has 30 seconds left.
|inactive|nillythekid has 20 seconds left.
|
|t:|1785179545
|move|p1a: Gengar|Protect|p1a: Gengar
|-singleturn|p1a: Gengar|Protect
|move|p2a: Kingambit|Sucker Punch||[still]
|-fail|p2a: Kingambit
|move|p2b: Sneasler|Dire Claw|p1b: Kommo-o
|-damage|p1b: Kommo-o|25/100
|move|p1b: Kommo-o|Aura Sphere|p2a: Kingambit
|-supereffective|p2a: Kingambit|2
|-damage|p2a: Kingambit|0 fnt
|faint|p2a: Kingambit
|
|-weather|Snowscape|[upkeep]
|-heal|p1b: Kommo-o|31/100|[from] item: Leftovers
|upkeep
|
|t:|1785179563
|switch|p2a: Delphox|Delphox, L50, F|100/100
|turn|4
|
|t:|1785179573
|switch|p1b: Ninetales|Ninetales-Alola, L50, F|85/100
|detailschange|p2a: Delphox|Delphox-Mega, L50, F
|-mega|p2a: Delphox|Delphox|Delphoxite
|move|p2b: Sneasler|Close Combat|p1b: Ninetales
|-damage|p1b: Ninetales|19/100
|-unboost|p2b: Sneasler|def|1
|-unboost|p2b: Sneasler|spd|1
|move|p2a: Delphox|Psyshock|p1a: Gengar
|-supereffective|p1a: Gengar|1
|-damage|p1a: Gengar|0 fnt
|faint|p1a: Gengar
|
|-weather|Snowscape|[upkeep]
|upkeep
|
|t:|1785179583
|switch|p1a: Incineroar|Incineroar, L50, M|100/100
|-ability|p1a: Incineroar|Intimidate|boost
|-unboost|p2a: Delphox|atk|1
|-unboost|p2b: Sneasler|atk|1
|turn|5
|
|t:|1785179598
|move|p1a: Incineroar|Fake Out|p2b: Sneasler
|-damage|p2b: Sneasler|66/100
|move|p1b: Ninetales|Icy Wind|p2b: Sneasler|[spread] p2a,p2b
|-resisted|p2a: Delphox|1
|-damage|p2a: Delphox|92/100
|-damage|p2b: Sneasler|33/100
|-unboost|p2a: Delphox|spe|1
|-unboost|p2b: Sneasler|spe|1
|cant|p2b: Sneasler|flinch
|move|p2a: Delphox|Heat Wave|p1a: Incineroar|[spread] p1a,p1b
|-resisted|p1a: Incineroar|1
|-supereffective|p1b: Ninetales|1
|-damage|p1a: Incineroar|76/100
|-damage|p1b: Ninetales|0 fnt
|faint|p1b: Ninetales
|
|-weather|none
|upkeep
|
|t:|1785179608
|switch|p1b: Kommo-o|Kommo-o, L50, F|31/100
|turn|6
|
|t:|1785179622
|move|p1b: Kommo-o|Protect|p1b: Kommo-o
|-singleturn|p1b: Kommo-o|Protect
|move|p2b: Sneasler|Close Combat|p1a: Incineroar
|-supereffective|p1a: Incineroar|1
|-damage|p1a: Incineroar|4/100
|-unboost|p2b: Sneasler|def|1
|-unboost|p2b: Sneasler|spd|1
|move|p2a: Delphox|Psyshock|p1b: Kommo-o
|-activate|p1b: Kommo-o|move: Protect
|move|p1a: Incineroar|Throat Chop|p2a: Delphox
|-supereffective|p2a: Delphox|1
|-damage|p2a: Delphox|0 fnt
|faint|p2a: Delphox
|
|-heal|p1b: Kommo-o|37/100|[from] item: Leftovers
|upkeep
|
|t:|1785179636
|switch|p2a: Sinistcha|Sinistcha, L50|100/100
|-heal|p2b: Sneasler|58/100|[from] ability: Hospitality|[of] p2a: Sinistcha
|turn|7
|
|t:|1785179656
|move|p2a: Sinistcha|Rage Powder|p2a: Sinistcha
|-singleturn|p2a: Sinistcha|move: Rage Powder
|move|p1b: Kommo-o|Clanging Scales|p2a: Sinistcha|[spread] p2a,p2b
|-damage|p2a: Sinistcha|50/100g
|-damage|p2b: Sneasler|0 fnt
|faint|p2b: Sneasler
|-unboost|p1b: Kommo-o|def|1
|move|p1a: Incineroar|Flare Blitz|p2a: Sinistcha
|-supereffective|p2a: Sinistcha|1
|-damage|p2a: Sinistcha|0 fnt
|faint|p2a: Sinistcha
|-damage|p1a: Incineroar|0 fnt|[from] Recoil
|faint|p1a: Incineroar
|
|win|nillythekid
|raw|nillythekid's rating: 1143 → 1164(+21 for winning)
|raw|PieterSenshi's rating: 1084 → 1065(-19 for losing)
