|j|☆Riubyx
|j|☆SuperiorPangoro
|html|RiubyxSuperiorPangoro    
|uhtml|bestof|Game 1 of a best-of-3
|t:|1785109464
|gametype|doubles
|player|p1|Riubyx|266|
|player|p2|SuperiorPangoro|youngster-gen4dp|
|gen|9
|tier|[Gen 9 Champions] VGC 2026 Reg M-B (Bo3)
|rule|Species Clause: Limit one of each Pokémon
|rule|Item Clause: Limit 1 of each item
|clearpoke
|poke|p1|Raichu, L50, M|
|poke|p1|Pelipper, L50, M|
|poke|p1|Archaludon, L50, F|
|poke|p1|Swampert, L50, F|
|poke|p1|Sinistcha, L50|
|poke|p1|Basculegion, L50, M|
|poke|p2|Swampert, L50, M|
|poke|p2|Mawile, L50, M|
|poke|p2|Archaludon, L50, F|
|poke|p2|Pelipper, L50, F|
|poke|p2|Grimmsnarl, L50, M|
|poke|p2|Farigiraf, L50, F|
|teampreview|4
|showteam|p1|Raichu||RaichuniteY|LightningRod|ZapCannon,FakeOut,VoltSwitch,FocusBlast|Timid||M|||50|]Pelipper||FocusSash|Drizzle|WeatherBall,Tailwind,Hurricane,IceBeam|Modest||M|||50|]Archaludon||Leftovers|Stamina|ElectroShot,DragonPulse,Protect,FlashCannon|Modest||F|||50|]Swampert||Swampertite|Torrent|Earthquake,WaveCrash,Protect,IcePunch|Adamant||F|||50|]Sinistcha||SitrusBerry|Hospitality|Protect,RagePowder,MatchaGotcha,LifeDew|Calm|||||50|]Basculegion||LifeOrb|SwiftSwim|AquaJet,LastRespects,WaveCrash,Protect|Adamant||M|||50|
|showteam|p2|Swampert||Swampertite|Torrent|Earthquake,WaveCrash,IcePunch,Protect|Adamant||M|||50|]Mawile||Mawilite|Intimidate|PlayRough,IronHead,SuckerPunch,Protect|Adamant||M|||50|]Archaludon||Leftovers|Stamina|ElectroShot,DragonPulse,FlashCannon,Protect|Modest||F|||50|]Pelipper||LifeOrb|Drizzle|WideGuard,WeatherBall,Hurricane,Tailwind|Modest||F|||50|]Grimmsnarl||LightClay|Prankster|PartingShot,FoulPlay,Reflect,LightScreen|Careful||M|||50|]Farigiraf||SitrusBerry|ArmorTail|Psychic,Thunderbolt,TrickRoom,Protect|Quiet||F|||50|
|inactive|Battle timer is ON: inactive players will automatically lose when time's up. (requested by SuperiorPangoro)
|
|t:|1785109524
|teamsize|p1|4
|teamsize|p2|4
|start
|switch|p1a: Raichu|Raichu, L50, M|100/100
|switch|p1b: Pelipper|Pelipper, L50, M|100/100
|switch|p2a: Farigiraf|Farigiraf, L50, F|100/100
|switch|p2b: Grimmsnarl|Grimmsnarl, L50, M|100/100
|-weather|RainDance|[from] ability: Drizzle|[of] p1b: Pelipper
|turn|1
|inactive|Riubyx has 30 seconds left.
|inactive|Riubyx has 20 seconds left.
|inactive|Riubyx has 15 seconds left.
|inactive|Riubyx has 10 seconds left.
|
|t:|1785109570
|detailschange|p1a: Raichu|Raichu-Mega-Y, L50, M
|-mega|p1a: Raichu|Raichu|Raichunite Y
|move|p2b: Grimmsnarl|Light Screen|p2b: Grimmsnarl
|-sidestart|p2: SuperiorPangoro|move: Light Screen
|move|p1a: Raichu|Focus Blast|p2a: Farigiraf
|-damage|p2a: Farigiraf|71/100
|move|p1b: Pelipper|Weather Ball|p2b: Grimmsnarl
|-damage|p2b: Grimmsnarl|55/100
|move|p2a: Farigiraf|Trick Room|p2a: Farigiraf
|-fieldstart|move: Trick Room|[of] p2a: Farigiraf
|
|-weather|RainDance|[upkeep]
|upkeep
|turn|2
|inactive|Riubyx has 30 seconds left.
|inactive|Riubyx has 20 seconds left.
|inactive|Riubyx has 15 seconds left.
|inactive|Riubyx has 10 seconds left.
|inactive|Riubyx has 5 seconds left.
|
|t:|1785109620
|move|p2b: Grimmsnarl|Parting Shot|p1a: Raichu
|-unboost|p1a: Raichu|atk|1
|-unboost|p1a: Raichu|spa|1
|
|t:|1785109625
|switch|p2b: Swampert|Swampert, L50, M|100/100|[from] Parting Shot
|move|p2a: Farigiraf|Thunderbolt|p1b: Pelipper
|-supereffective|p1b: Pelipper|2
|-enditem|p1b: Pelipper|Focus Sash
|-damage|p1b: Pelipper|1/100
|move|p1b: Pelipper|Hurricane|p2b: Swampert
|-damage|p2b: Swampert|66/100
|move|p1a: Raichu|Zap Cannon|p2a: Farigiraf
|-damage|p2a: Farigiraf|39/100
|-status|p2a: Farigiraf|par
|-enditem|p2a: Farigiraf|Sitrus Berry|[eat]
|-heal|p2a: Farigiraf|63/100 par|[from] item: Sitrus Berry
|
|-weather|RainDance|[upkeep]
|upkeep
|turn|3
|inactive|Riubyx has 30 seconds left.
|inactive|Riubyx has 20 seconds left.
|inactive|Riubyx has 15 seconds left.
|inactive|Riubyx has 10 seconds left.
|
|t:|1785109675
|switch|p1a: Sinistcha|Sinistcha, L50|100/100
|-heal|p1b: Pelipper|25/100|[from] ability: Hospitality|[of] p1a: Sinistcha
|move|p2a: Farigiraf|Psychic|p1a: Sinistcha
|-damage|p1a: Sinistcha|62/100
|move|p2b: Swampert|Ice Punch|p1b: Pelipper
|-crit|p1b: Pelipper
|-damage|p1b: Pelipper|0 fnt
|faint|p1b: Pelipper
|
|-weather|RainDance|[upkeep]
|upkeep
|
|t:|1785109686
|switch|p1b: Archaludon|Archaludon, L50, F|100/100
|turn|4
|inactive|Riubyx has 30 seconds left.
|
|t:|1785109719
|switch|p2b: Grimmsnarl|Grimmsnarl, L50, M|55/100
|cant|p2a: Farigiraf|par
|move|p1a: Sinistcha|Matcha Gotcha|p2a: Farigiraf|[spread] p2a
|-miss|p1a: Sinistcha|p2b: Grimmsnarl
|-damage|p2a: Farigiraf|50/100y par
|-heal|p1a: Sinistcha|71/100|[from] drain|[of] p2a: Farigiraf
|move|p1b: Archaludon|Electro Shot||[still]
|-prepare|p1b: Archaludon|Electro Shot
|-boost|p1b: Archaludon|spa|1
|-anim|p1b: Archaludon|Electro Shot|p2a: Farigiraf
|-damage|p2a: Farigiraf|5/100 par
|
|-weather|RainDance|[upkeep]
|upkeep
|turn|5
|inactive|Riubyx has 30 seconds left.
|
|t:|1785109746
|move|p2b: Grimmsnarl|Parting Shot|p1b: Archaludon
|-unboost|p1b: Archaludon|atk|1
|-unboost|p1b: Archaludon|spa|1
|
|t:|1785109749
|switch|p2b: Swampert|Swampert, L50, M|66/100|[from] Parting Shot
|move|p2a: Farigiraf|Psychic|p1a: Sinistcha
|-damage|p1a: Sinistcha|35/100
|-enditem|p1a: Sinistcha|Sitrus Berry|[eat]
|-heal|p1a: Sinistcha|60/100|[from] item: Sitrus Berry
|move|p1a: Sinistcha|Matcha Gotcha|p2a: Farigiraf|[spread] p2a,p2b
|-supereffective|p2b: Swampert|2
|-damage|p2a: Farigiraf|0 fnt
|-heal|p1a: Sinistcha|63/100|[from] drain|[of] p2a: Farigiraf
|-damage|p2b: Swampert|2/100
|-heal|p1a: Sinistcha|97/100|[from] drain|[of] p2b: Swampert
|faint|p2a: Farigiraf
|move|p1b: Archaludon|Flash Cannon|p2b: Swampert
|-resisted|p2b: Swampert|1
|-crit|p2b: Swampert
|-damage|p2b: Swampert|0 fnt
|faint|p2b: Swampert
|
|-weather|none
|-fieldend|move: Trick Room
|upkeep
|
|t:|1785109751
|switch|p2b: Grimmsnarl|Grimmsnarl, L50, M|55/100
|switch|p2a: Mawile|Mawile, L50, M|100/100
|-ability|p2a: Mawile|Intimidate|boost
|-unboost|p1a: Sinistcha|atk|1
|-unboost|p1b: Archaludon|atk|1
|turn|6
|inactive|Riubyx has 30 seconds left.
|inactive|Riubyx has 20 seconds left.
|inactive|Riubyx has 15 seconds left.
|
|t:|1785109795
|detailschange|p2a: Mawile|Mawile-Mega, L50, M
|-mega|p2a: Mawile|Mawile|Mawilite
|move|p2b: Grimmsnarl|Parting Shot|p1b: Archaludon
|-unboost|p1b: Archaludon|atk|1
|-unboost|p1b: Archaludon|spa|1
|move|p1b: Archaludon|Flash Cannon|p2b: Grimmsnarl
|-supereffective|p2b: Grimmsnarl|1
|-damage|p2b: Grimmsnarl|23/100
|move|p1a: Sinistcha|Matcha Gotcha|p2b: Grimmsnarl|[spread] p2a,p2b
|-resisted|p2a: Mawile|1
|-damage|p2a: Mawile|91/100
|-heal|p1a: Sinistcha|100/100|[from] drain|[of] p2a: Mawile
|-damage|p2b: Grimmsnarl|8/100
|-status|p2a: Mawile|brn
|move|p2a: Mawile|Play Rough|p1b: Archaludon
|-damage|p1b: Archaludon|66/100
|-ability|p1b: Archaludon|Stamina|boost
|-boost|p1b: Archaludon|def|1
|
|-heal|p1b: Archaludon|72/100|[from] item: Leftovers
|-damage|p2a: Mawile|85/100 brn|[from] brn
|upkeep
|turn|7
|inactive|Riubyx has 30 seconds left.
|inactive|SuperiorPangoro has 30 seconds left.
|c|☆SuperiorPangoro|Bruh ese burned
|inactive|SuperiorPangoro has 20 seconds left.
|-message|SuperiorPangoro forfeited.
|
|win|Riubyx
|l|☆SuperiorPangoro
|player|p2|
||SuperiorPangoro is ready for game 2.
