|j|☆swarmhostuser
|j|☆mausholdmerchant
|html|swarmhostusermausholdmerchant    
|uhtml|bestof|Game 2 of a best-of-3
|t:|1756931043
|gametype|doubles
|player|p1|swarmhostuser|2|1000
|player|p2|mausholdmerchant|265|1086
|gen|9
|tier|[Gen 9] VGC 2025 Reg H (Bo3)
|rated|
|rule|Species Clause: Limit one of each Pokémon
|rule|Item Clause: Limit 1 of each item
|clearpoke
|poke|p1|Sneasler, L50, F|
|poke|p1|Dragonite, L50, F|
|poke|p1|Kingambit, L50, F|
|poke|p1|Rillaboom, L50, F|
|poke|p1|Volcarona, L50, F|
|poke|p1|Electabuzz, L50, M|
|poke|p2|Ursaluna-Bloodmoon, L50, M|
|poke|p2|Farigiraf, L50, M|
|poke|p2|Amoonguss, L50, F|
|poke|p2|Incineroar, L50, M|
|poke|p2|Illumise, L50, F|
|poke|p2|Basculegion, L50, M|
|teampreview|4
|showteam|p1|Sneasler||FocusSash|Unburden|DireClaw,CloseCombat,Coaching,FakeOut|||F|||50|,,,,,Stellar]Dragonite||LoadedDice|Multiscale|ScaleShot,ExtremeSpeed,Haze,Protect|||F|||50|,,,,,Fairy]Kingambit||BlackGlasses|Defiant|KowtowCleave,SwordsDance,SuckerPunch,Protect|||F|||50|,,,,,Dark]Rillaboom||AssaultVest|GrassySurge|FakeOut,WoodHammer,GrassyGlide,HighHorsepower|||F|||50|,,,,,Fire]Volcarona||CovertCloak|FlameBody|HeatWave,TeraBlast,QuiverDance,Protect|||F|||50|,,,,,Fairy]Electabuzz||Eviolite|VitalSpirit|Electroweb,FollowMe,Taunt,Protect|||M|||50|,,,,,Ghost
|showteam|p2|Ursaluna-Bloodmoon||LifeOrb|MindsEye|BloodMoon,HyperVoice,EarthPower,Protect|||M|||50|,,,,,Normal]Farigiraf||ThroatSpray|ArmorTail|HyperVoice,PsychicNoise,TrickRoom,Protect|||M|||50|,,,,,Fairy]Amoonguss||SitrusBerry|Regenerator|RagePowder,PollenPuff,Spore,Protect|||F|||50|,,,,,Water]Incineroar||SafetyGoggles|Intimidate|FakeOut,PartingShot,KnockOff,FlareBlitz|||M|||50|,,,,,Grass]Illumise||FocusSash|Prankster|RainDance,Tailwind,Encore,Protect|||F|||50|,,,,,Water]Basculegion||ChoiceBand|SwiftSwim|FlipTurn,WaveCrash,AquaJet,LastRespects|||M|||50|,,,,,Water
|
|t:|1756931092
|teamsize|p1|4
|teamsize|p2|4
|start
|switch|p1a: Kingambit|Kingambit, L50, F|100/100
|switch|p1b: Electabuzz|Electabuzz, L50, M|100/100
|switch|p2a: Illumise|Illumise, L50, F|100/100
|switch|p2b: Basculegion|Basculegion, L50, M|100/100
|turn|1
|
|t:|1756931135
|move|p2a: Illumise|Rain Dance|p2a: Illumise
|-weather|RainDance
|move|p2b: Basculegion|Flip Turn|p1b: Electabuzz
|-damage|p1b: Electabuzz|48/100
|
|t:|1756931139
|switch|p2b: Incineroar|Incineroar, L50, M|100/100|[from] Flip Turn
|-ability|p2b: Incineroar|Intimidate|boost
|-unboost|p1a: Kingambit|atk|1
|-ability|p1a: Kingambit|Defiant|boost
|-boost|p1a: Kingambit|atk|2
|-unboost|p1b: Electabuzz|atk|1
|move|p1b: Electabuzz|Taunt|p2a: Illumise
|-start|p2a: Illumise|move: Taunt
|move|p1a: Kingambit|Swords Dance|p1a: Kingambit
|-boost|p1a: Kingambit|atk|2
|
|-weather|RainDance|[upkeep]
|upkeep
|turn|2
|inactive|Battle timer is ON: inactive players will automatically lose when time's up. (requested by mausholdmerchant)
|
|t:|1756931259
|switch|p2a: Basculegion|Basculegion, L50, M|100/100
|-terastallize|p1a: Kingambit|Dark
|move|p2b: Incineroar|Fake Out|p1a: Kingambit
|-damage|p1a: Kingambit|90/100
|move|p1b: Electabuzz|Electroweb|p2a: Basculegion|[spread] p2a,p2b
|-supereffective|p2a: Basculegion
|-crit|p2b: Incineroar
|-damage|p2a: Basculegion|67/100
|-damage|p2b: Incineroar|84/100
|-unboost|p2a: Basculegion|spe|1
|-unboost|p2b: Incineroar|spe|1
|cant|p1a: Kingambit|flinch
|
|-weather|RainDance|[upkeep]
|upkeep
|turn|3
|inactive|swarmhostuser has 30 seconds left.
|inactive|mausholdmerchant has 30 seconds left.
|inactive|swarmhostuser has 20 seconds left.
|inactive|mausholdmerchant has 20 seconds left.
|inactive|swarmhostuser has 15 seconds left.
|inactive|mausholdmerchant has 15 seconds left.
|inactive|swarmhostuser has 10 seconds left.
|inactive|swarmhostuser has 5 seconds left.
|
|t:|1756931313
|move|p2a: Basculegion|Flip Turn|p1a: Kingambit
|-damage|p1a: Kingambit|38/100
|
|t:|1756931322
|switch|p2a: Illumise|Illumise, L50, F|100/100|[from] Flip Turn
|move|p1b: Electabuzz|Electroweb|p2a: Illumise|[spread] p2a,p2b
|-damage|p2a: Illumise|89/100
|-damage|p2b: Incineroar|72/100
|-unboost|p2a: Illumise|spe|1
|-unboost|p2b: Incineroar|spe|1
|move|p1a: Kingambit|Kowtow Cleave|p2b: Incineroar
|-resisted|p2b: Incineroar
|-damage|p2b: Incineroar|0 fnt
|faint|p2b: Incineroar
|
|-weather|RainDance|[upkeep]
|upkeep
|
|t:|1756931335
|switch|p2b: Basculegion|Basculegion, L50, M|67/100
|turn|4
|inactive|swarmhostuser has 30 seconds left.
|
|t:|1756931365
|move|p1b: Electabuzz|Follow Me|p1b: Electabuzz
|-singleturn|p1b: Electabuzz|move: Follow Me
|move|p2a: Illumise|Encore|p1b: Electabuzz
|-start|p1b: Electabuzz|Encore
|move|p2b: Basculegion|Flip Turn|p1b: Electabuzz
|-damage|p1b: Electabuzz|0 fnt
|faint|p1b: Electabuzz
|
|t:|1756931373
|switch|p2b: Amoonguss|Amoonguss, L50, F|100/100|[from] Flip Turn
|move|p1a: Kingambit|Kowtow Cleave|p2b: Amoonguss
|-damage|p2b: Amoonguss|0 fnt
|faint|p2b: Amoonguss
|
|-weather|RainDance|[upkeep]
|upkeep
|inactive|swarmhostuser has 30 seconds left.
|
|t:|1756931402
|switch|p1b: Sneasler|Sneasler, L50, F|100/100
|switch|p2b: Basculegion|Basculegion, L50, M|67/100
|turn|5
|inactive|mausholdmerchant has 30 seconds left.
|inactive|mausholdmerchant has 20 seconds left.
|inactive|mausholdmerchant has 15 seconds left.
|
|t:|1756931444
|-terastallize|p2b: Basculegion|Water
|move|p1b: Sneasler|Fake Out|p2a: Illumise
|-damage|p2a: Illumise|71/100
|move|p2b: Basculegion|Aqua Jet|p1a: Kingambit
|-crit|p1a: Kingambit
|-damage|p1a: Kingambit|0 fnt
|faint|p1a: Kingambit
|cant|p2a: Illumise|flinch
|
|-weather|none
|upkeep
|
|t:|1756931453
|switch|p1a: Rillaboom|Rillaboom, L50, F|100/100
|-fieldstart|move: Grassy Terrain|[from] ability: Grassy Surge|[of] p1a: Rillaboom
|turn|6
|inactive|swarmhostuser has 30 seconds left.
|inactive|swarmhostuser has 20 seconds left.
|
|t:|1756931490
|move|p2b: Basculegion|Aqua Jet|p1b: Sneasler
|-damage|p1b: Sneasler|26/100
|move|p1a: Rillaboom|Grassy Glide|p2b: Basculegion
|-supereffective|p2b: Basculegion
|-damage|p2b: Basculegion|0 fnt
|faint|p2b: Basculegion
|move|p2a: Illumise|Encore|p1b: Sneasler
|-start|p1b: Sneasler|Encore
|move|p1b: Sneasler|Fake Out||[still]
|-hint|Fake Out only works on your first turn out.
|-fail|p1b: Sneasler
|
|-heal|p1b: Sneasler|32/100|[from] Grassy Terrain
|-heal|p2a: Illumise|77/100|[from] Grassy Terrain
|upkeep
|turn|7
|inactive|swarmhostuser has 30 seconds left.
|
|t:|1756931520
|move|p1b: Sneasler|Fake Out||[still]
|-hint|Fake Out only works on your first turn out.
|-fail|p1b: Sneasler
|move|p1a: Rillaboom|Grassy Glide|p2a: Illumise
|-resisted|p2a: Illumise
|-damage|p2a: Illumise|55/100
|move|p2a: Illumise|Encore|p1a: Rillaboom
|-start|p1a: Rillaboom|Encore
|
|-heal|p1b: Sneasler|38/100|[from] Grassy Terrain
|-heal|p2a: Illumise|61/100|[from] Grassy Terrain
|upkeep
|turn|8
|
|t:|1756931544
|move|p2a: Illumise|Protect|p2a: Illumise
|-singleturn|p2a: Illumise|Protect
|move|p1b: Sneasler|Fake Out||[still]
|-hint|Fake Out only works on your first turn out.
|-fail|p1b: Sneasler
|move|p1a: Rillaboom|Grassy Glide|p2a: Illumise
|-activate|p2a: Illumise|move: Protect
|
|-heal|p1b: Sneasler|43/100|[from] Grassy Terrain
|-heal|p2a: Illumise|67/100|[from] Grassy Terrain
|-end|p1b: Sneasler|Encore
|upkeep
|turn|9
|
|t:|1756931559
|move|p1a: Rillaboom|Grassy Glide|p2a: Illumise
|-resisted|p2a: Illumise
|-damage|p2a: Illumise|42/100
|move|p2a: Illumise|Encore|p1b: Sneasler
|-start|p1b: Sneasler|Encore
|move|p1b: Sneasler|Fake Out||[still]
|-hint|Fake Out only works on your first turn out.
|-fail|p1b: Sneasler
|
|-heal|p1b: Sneasler|49/100|[from] Grassy Terrain
|-heal|p2a: Illumise|48/100|[from] Grassy Terrain
|upkeep
|turn|10
|
|t:|1756931581
|move|p2a: Illumise|Protect|p2a: Illumise
|-singleturn|p2a: Illumise|Protect
|move|p1b: Sneasler|Fake Out||[still]
|-hint|Fake Out only works on your first turn out.
|-fail|p1b: Sneasler
|move|p1a: Rillaboom|Grassy Glide|p2a: Illumise
|-activate|p2a: Illumise|move: Protect
|
|-heal|p1b: Sneasler|55/100|[from] Grassy Terrain
|-heal|p2a: Illumise|54/100|[from] Grassy Terrain
|-end|p1a: Rillaboom|Encore
|-fieldend|move: Grassy Terrain
|upkeep
|turn|11
|
|t:|1756931603
|move|p1b: Sneasler|Fake Out||[still]
|-hint|Fake Out only works on your first turn out.
|-fail|p1b: Sneasler
|move|p2a: Illumise|Encore|p1a: Rillaboom
|-start|p1a: Rillaboom|Encore
|move|p1a: Rillaboom|Grassy Glide|p2a: Illumise
|-resisted|p2a: Illumise
|-damage|p2a: Illumise|37/100
|
|-end|p1b: Sneasler|Encore
|upkeep
|turn|12
|
|t:|1756931614
|move|p2a: Illumise|Encore|p1b: Sneasler
|-start|p1b: Sneasler|Encore
|move|p1b: Sneasler|Fake Out||[still]
|-hint|Fake Out only works on your first turn out.
|-fail|p1b: Sneasler
|move|p1a: Rillaboom|Grassy Glide|p2a: Illumise
|-resisted|p2a: Illumise
|-damage|p2a: Illumise|20/100
|
|upkeep
|turn|13
|
|t:|1756931624
|move|p2a: Illumise|Protect|p2a: Illumise
|-singleturn|p2a: Illumise|Protect
|move|p1b: Sneasler|Fake Out||[still]
|-hint|Fake Out only works on your first turn out.
|-fail|p1b: Sneasler
|move|p1a: Rillaboom|Grassy Glide|p2a: Illumise
|-activate|p2a: Illumise|move: Protect
|
|-end|p1a: Rillaboom|Encore
|upkeep
|turn|14
|
|t:|1756931638
|move|p1b: Sneasler|Fake Out||[still]
|-hint|Fake Out only works on your first turn out.
|-fail|p1b: Sneasler
|move|p2a: Illumise|Encore|p1a: Rillaboom
|-start|p1a: Rillaboom|Encore
|move|p1a: Rillaboom|Grassy Glide|p2a: Illumise
|-resisted|p2a: Illumise
|-damage|p2a: Illumise|3/100
|
|-end|p1b: Sneasler|Encore
|upkeep
|turn|15
|
|t:|1756931649
|move|p2a: Illumise|Protect|p2a: Illumise
|-singleturn|p2a: Illumise|Protect
|move|p1b: Sneasler|Dire Claw|p2a: Illumise
|-activate|p2a: Illumise|move: Protect
|move|p1a: Rillaboom|Grassy Glide|p2a: Illumise
|-activate|p2a: Illumise|move: Protect
|
|upkeep
|turn|16
|
|t:|1756931660
|move|p2a: Illumise|Encore|p1b: Sneasler
|-start|p1b: Sneasler|Encore
|move|p1b: Sneasler|Dire Claw|p2a: Illumise
|-damage|p2a: Illumise|0 fnt
|faint|p2a: Illumise
|
|win|swarmhostuser
|raw|swarmhostuser's rating: 1000 → 1050(+50 for winning)
|raw|mausholdmerchant's rating: 1086 → 1058(-28 for losing)
