|j|☆ChuggleAschenazita
|j|☆magic 561
|html|ChuggleAschenazitamagic 561    
|uhtml|bestof|Game 3 of a best-of-3
|t:|1755790331
|gametype|doubles
|player|p1|ChuggleAschenazita|265|1274
|player|p2|magic 561|2|1287
|gen|9
|tier|[Gen 9] VGC 2025 Reg H (Bo3)
|rated|
|rule|Species Clause: Limit one of each Pokémon
|rule|Item Clause: Limit 1 of each item
|clearpoke
|poke|p1|Incineroar, L50, F|
|poke|p1|Amoonguss, L50, F|
|poke|p1|Gholdengo, L50|
|poke|p1|Hydreigon, L50, M|
|poke|p1|Ursaluna, L50, F|
|poke|p1|Porygon2, L50|
|poke|p2|Hydreigon, L50, F|
|poke|p2|Metagross, L50|
|poke|p2|Ninetales-Alola, L50, F|
|poke|p2|Basculegion, L50, M|
|poke|p2|Kilowattrel, L50, M|
|poke|p2|Incineroar, L50, M|
|teampreview|4
|showteam|p1|Incineroar||SafetyGoggles|Intimidate|FlareBlitz,KnockOff,PartingShot,FakeOut|||F|||50|,,,,,Grass]Amoonguss||RockyHelmet|Regenerator|PollenPuff,ClearSmog,Spore,RagePowder|||F|||50|,,,,,Psychic]Gholdengo||LifeOrb|GoodasGold|MakeItRain,ShadowBall,NastyPlot,Protect||||||50|,,,,,Water]Hydreigon||CovertCloak|Levitate|DracoMeteor,Snarl,Tailwind,Taunt|||M|||50|,,,,,Ghost]Ursaluna||FlameOrb|Guts|Facade,HeadlongRush,Earthquake,Protect|||F|||50|,,,,,Ghost]Porygon2||Eviolite|Download|TeraBlast,IceBeam,Recover,TrickRoom||||||50|,,,,,Fighting
|showteam|p2|Hydreigon||LifeOrb|Levitate|DarkPulse,DracoMeteor,EarthPower,Protect|||F|||50|,,,,,Poison]Metagross||AssaultVest|ClearBody|BulletPunch,HeavySlam,PsychicFangs,HammerArm||||||50|,,,,,Water]Ninetales-Alola||NeverMeltIce|SnowWarning|Moonblast,IcyWind,Blizzard,Protect|||F|||50|,,,,,Ice]Basculegion||ChoiceScarf|Adaptability|WaveCrash,LastRespects,AquaJet,FlipTurn|||M|||50|,,,,,Grass]Kilowattrel||FocusSash|Competitive|Thunderbolt,AirSlash,Tailwind,Protect|||M|||50|,,,,,Ghost]Incineroar||SafetyGoggles|Intimidate|KnockOff,FlareBlitz,PartingShot,FakeOut|||M|||50|,,,,,Ghost
|inactive|Battle timer is ON: inactive players will automatically lose when time's up. (requested by magic 561)
|
|t:|1755790349
|teamsize|p1|4
|teamsize|p2|4
|start
|switch|p1a: Ursaluna|Ursaluna, L50, F|100/100
|switch|p1b: Porygon2|Porygon2, L50|100/100
|switch|p2a: Kilowattrel|Kilowattrel, L50, M|100/100
|switch|p2b: Incineroar|Incineroar, L50, M|100/100
|-ability|p1b: Porygon2|Download|boost
|-boost|p1b: Porygon2|spa|1
|-ability|p2b: Incineroar|Intimidate|boost
|-unboost|p1a: Ursaluna|atk|1
|-unboost|p1b: Porygon2|atk|1
|turn|1
|inactive|ChuggleAschenazita has 30 seconds left.
|inactive|ChuggleAschenazita has 20 seconds left.
|
|t:|1755790386
|move|p2a: Kilowattrel|Air Slash|p1a: Ursaluna
|-damage|p1a: Ursaluna|66/100
|move|p1a: Ursaluna|Facade|p2a: Kilowattrel
|-damage|p2a: Kilowattrel|44/100
|move|p2b: Incineroar|Knock Off|p1a: Ursaluna
|-damage|p1a: Ursaluna|34/100
|-enditem|p1a: Ursaluna|Flame Orb|[from] move: Knock Off|[of] p2b: Incineroar
|move|p1b: Porygon2|Trick Room|p1b: Porygon2
|-fieldstart|move: Trick Room|[of] p1b: Porygon2
|
|upkeep
|turn|2
|inactive|ChuggleAschenazita has 30 seconds left.
|
|t:|1755790420
|-terastallize|p2b: Incineroar|Ghost
|move|p2a: Kilowattrel|Protect|p2a: Kilowattrel
|-singleturn|p2a: Kilowattrel|Protect
|move|p2b: Incineroar|Knock Off|p1b: Porygon2
|-damage|p1b: Porygon2|72/100
|-enditem|p1b: Porygon2|Eviolite|[from] move: Knock Off|[of] p2b: Incineroar
|move|p1b: Porygon2|Tera Blast|p2b: Incineroar
|-immune|p2b: Incineroar
|move|p1a: Ursaluna|Facade|p2b: Incineroar
|-immune|p2b: Incineroar
|
|upkeep
|turn|3
|
|t:|1755790438
|switch|p1b: Incineroar|Incineroar, L50, F|100/100
|-ability|p1b: Incineroar|Intimidate|boost
|-unboost|p2a: Kilowattrel|atk|1
|-ability|p2a: Kilowattrel|Competitive|boost
|-boost|p2a: Kilowattrel|spa|2
|-unboost|p2b: Incineroar|atk|1
|switch|p2a: Ninetales|Ninetales-Alola, L50, F|100/100
|-weather|Snowscape|[from] ability: Snow Warning|[of] p2a: Ninetales
|move|p2b: Incineroar|Parting Shot|p1b: Incineroar
|-unboost|p1b: Incineroar|atk|1
|-unboost|p1b: Incineroar|spa|1
|
|t:|1755790447
|switch|p2b: Adel|Hydreigon, L50, F|100/100|[from] Parting Shot
|move|p1a: Ursaluna|Facade|p2a: Ninetales
|-damage|p2a: Ninetales|68/100
|
|-weather|Snowscape|[upkeep]
|upkeep
|turn|4
|
|t:|1755790469
|switch|p1a: Porygon2|Porygon2, L50|72/100
|-ability|p1a: Porygon2|Download|boost
|-boost|p1a: Porygon2|atk|1
|switch|p2a: Incineroar|Incineroar, L50, M, tera:Ghost|100/100
|-ability|p2a: Incineroar|Intimidate|boost
|-unboost|p1a: Porygon2|atk|1
|-unboost|p1b: Incineroar|atk|1
|move|p2b: Adel|Protect|p2b: Adel
|-singleturn|p2b: Adel|Protect
|move|p1b: Incineroar|Knock Off|p2a: Incineroar
|-supereffective|p2a: Incineroar
|-damage|p2a: Incineroar|64/100
|-enditem|p2a: Incineroar|Safety Goggles|[from] move: Knock Off|[of] p1b: Incineroar
|
|-weather|Snowscape|[upkeep]
|upkeep
|turn|5
|inactive|ChuggleAschenazita has 30 seconds left.
|inactive|magic 561 has 30 seconds left.
|inactive|ChuggleAschenazita has 20 seconds left.
|inactive|magic 561 has 20 seconds left.
|inactive|magic 561 has 15 seconds left.
|
|t:|1755790512
|move|p2a: Incineroar|Fake Out|p1a: Porygon2
|-damage|p1a: Porygon2|60/100
|cant|p1a: Porygon2|flinch
|move|p1b: Incineroar|Knock Off|p2b: Adel
|-resisted|p2b: Adel
|-damage|p2b: Adel|89/100
|-enditem|p2b: Adel|Life Orb|[from] move: Knock Off|[of] p1b: Incineroar
|move|p2b: Adel|Dark Pulse|p1a: Porygon2
|-damage|p1a: Porygon2|19/100
|
|-weather|Snowscape|[upkeep]
|-fieldend|move: Trick Room
|upkeep
|turn|6
|inactive|ChuggleAschenazita has 30 seconds left.
|
|t:|1755790546
|move|p2b: Adel|Dark Pulse|p1a: Porygon2
|-damage|p1a: Porygon2|0 fnt
|faint|p1a: Porygon2
|move|p1b: Incineroar|Flare Blitz|p2a: Incineroar
|-damage|p2a: Incineroar|43/100
|-damage|p1b: Incineroar|93/100|[from] Recoil
|move|p2a: Incineroar|Parting Shot|p1b: Incineroar
|-unboost|p1b: Incineroar|atk|1
|-unboost|p1b: Incineroar|spa|1
|
|t:|1755790556
|switch|p2a: Kilowattrel|Kilowattrel, L50, M|44/100|[from] Parting Shot
|
|-weather|Snowscape|[upkeep]
|upkeep
|
|t:|1755790565
|switch|p1a: Gholdengo|Gholdengo, L50|100/100
|turn|7
|
|t:|1755790580
|move|p2b: Adel|Protect|p2b: Adel
|-singleturn|p2b: Adel|Protect
|move|p2a: Kilowattrel|Thunderbolt|p1b: Incineroar
|-damage|p1b: Incineroar|59/100
|move|p1a: Gholdengo|Make It Rain|p2a: Kilowattrel|[spread] p2a
|-activate|p2b: Adel|move: Protect
|-resisted|p2a: Kilowattrel
|-damage|p2a: Kilowattrel|0 fnt
|-unboost|p1a: Gholdengo|spa|1
|faint|p2a: Kilowattrel
|-damage|p1a: Gholdengo|91/100|[from] item: Life Orb
|move|p1b: Incineroar|Parting Shot|p2b: Adel
|-activate|p2b: Adel|move: Protect
|
|-weather|none
|upkeep
|
|t:|1755790588
|switch|p2a: Ninetales|Ninetales-Alola, L50, F|68/100
|-weather|Snowscape|[from] ability: Snow Warning|[of] p2a: Ninetales
|turn|8
|
|t:|1755790601
|move|p1a: Gholdengo|Protect|p1a: Gholdengo
|-singleturn|p1a: Gholdengo|Protect
|move|p2a: Ninetales|Blizzard|p1a: Gholdengo|[spread] p1b
|-activate|p1a: Gholdengo|move: Protect
|-resisted|p1b: Incineroar
|-damage|p1b: Incineroar|41/100
|move|p2b: Adel|Earth Power|p1b: Incineroar
|-supereffective|p1b: Incineroar
|-damage|p1b: Incineroar|0 fnt
|faint|p1b: Incineroar
|
|-weather|Snowscape|[upkeep]
|upkeep
|
|t:|1755790610
|switch|p1b: Ursaluna|Ursaluna, L50, F|34/100
|turn|9
|inactive|ChuggleAschenazita has 30 seconds left.
|
|t:|1755790636
|-terastallize|p1a: Gholdengo|Water
|move|p2a: Ninetales|Protect|p2a: Ninetales
|-singleturn|p2a: Ninetales|Protect
|move|p2b: Adel|Protect|p2b: Adel
|-singleturn|p2b: Adel|Protect
|move|p1a: Gholdengo|Make It Rain|p2b: Adel|[spread] 
|-activate|p2a: Ninetales|move: Protect
|-activate|p2b: Adel|move: Protect
|move|p1b: Ursaluna|Facade|p2b: Adel
|-activate|p2b: Adel|move: Protect
|
|-weather|Snowscape|[upkeep]
|upkeep
|turn|10
|inactive|ChuggleAschenazita has 30 seconds left.
|
|t:|1755790667
|move|p1b: Ursaluna|Protect|p1b: Ursaluna
|-singleturn|p1b: Ursaluna|Protect
|move|p2a: Ninetales|Blizzard|p1b: Ursaluna|[spread] p1a
|-activate|p1b: Ursaluna|move: Protect
|-resisted|p1a: Gholdengo
|-damage|p1a: Gholdengo|74/100
|move|p2b: Adel|Draco Meteor|p1a: Gholdengo
|-damage|p1a: Gholdengo|11/100
|-unboost|p2b: Adel|spa|2
|move|p1a: Gholdengo|Shadow Ball|p2a: Ninetales
|-damage|p2a: Ninetales|31/100
|-damage|p1a: Gholdengo|2/100|[from] item: Life Orb
|
|-weather|Snowscape|[upkeep]
|upkeep
|turn|11
|-message|ChuggleAschenazita forfeited.
|
|win|magic 561
|raw|ChuggleAschenazita's rating: 1274 → 1250(-24 for losing)
|raw|magic 561's rating: 1287 → 1311(+24 for winning)
|l|☆ChuggleAschenazita
|player|p1|
