|j|☆Hariyamamomma
|j|☆Quackennn
|html|HariyamamommaQuackennn    
|uhtml|bestof|Game 2 of a best-of-3
|t:|1784401451
|gametype|doubles
|player|p1|Hariyamamomma|burgh|
|player|p2|Quackennn|pilot|
|gen|9
|tier|[Gen 9 Champions] VGC 2026 Reg M-B (Bo3)
|rule|Species Clause: Limit one of each Pokémon
|rule|Item Clause: Limit 1 of each item
|clearpoke
|poke|p1|Gholdengo, L50|
|poke|p1|Whimsicott, L50, M, shiny|
|poke|p1|Kingambit, L50, M|
|poke|p1|Blaziken, L50, F|
|poke|p1|Blastoise, L50, M, shiny|
|poke|p1|Kangaskhan, L50, F|
|poke|p2|Araquanid, L50, M|
|poke|p2|Farigiraf, L50, F|
|poke|p2|Primarina, L50, F|
|poke|p2|Ninetales-Alola, L50, F|
|poke|p2|Crabominable, L50, M|
|poke|p2|Golurk, L50|
|teampreview|4
|showteam|p1|Gholdengo||LifeOrb|GoodasGold|MakeItRain,ShadowBall,NastyPlot,Protect|Timid|||||50|]Whimsicott||FocusSash|Prankster|Moonblast,Tailwind,Encore,Protect|Timid||M|||50|]Kingambit||BlackGlasses|Defiant|SuckerPunch,KowtowCleave,SwordsDance,Protect|Adamant||M|||50|]Blaziken||Blazikenite|SpeedBoost|CloseCombat,FlareBlitz,RockSlide,Protect|Adamant||F|||50|]Blastoise||Blastoisinite|Torrent|FakeOut,WaterSpout,AuraSphere,DarkPulse|Modest||M|||50|]Kangaskhan||SitrusBerry|Scrappy|FakeOut,HelpingHand,LowKick,ThunderPunch|Impish||F|||50|
|showteam|p2|Araquanid||LifeOrb|WaterBubble|LeechLife,Liquidation,Protect,PoisonJab|Adamant||M|||50|]Farigiraf||Leftovers|ArmorTail|Imprison,Protect,TrickRoom,HyperVoice|Sassy||F|||50|]Primarina||WacanBerry|LiquidVoice|HyperVoice,DazzlingGleam,WeatherBall,Protect|Modest||F|||50|]Ninetales-Alola||LightClay|SnowWarning|AuroraVeil,Protect,Blizzard,IcyWind|Timid||F|||50|]Crabominable||Crabominite|HyperCutter|IceHammer,CloseCombat,MachPunch,ThunderPunch|Adamant||M|||50|]Golurk||Golurkite|NoGuard|BrickBreak,Protect,Poltergeist,HeadlongRush|Adamant|||||50|
|
|t:|1784401539
|teamsize|p1|4
|teamsize|p2|4
|start
|switch|p1a: LeBron James|Kingambit, L50, M|100/100
|switch|p1b: Kenny Smith|Blaziken, L50, F|100/100
|switch|p2a: The Creature|Farigiraf, L50, F|100/100
|switch|p2b: The Caller|Primarina, L50, F|100/100
|turn|1
|
|t:|1784401593
|move|p1b: Kenny Smith|Protect|p1b: Kenny Smith
|-singleturn|p1b: Kenny Smith|Protect
|move|p2b: The Caller|Hyper Voice|p1a: LeBron James|[spread] p1a
|-activate|p1b: Kenny Smith|move: Protect
|-damage|p1a: LeBron James|63/100
|move|p1a: LeBron James|Kowtow Cleave|p2a: The Creature
|-supereffective|p2a: The Creature|1
|-damage|p2a: The Creature|0 fnt
|faint|p2a: The Creature
|
|-ability|p1b: Kenny Smith|Speed Boost|boost
|-boost|p1b: Kenny Smith|spe|1
|upkeep
|
|t:|1784401610
|switch|p2a: The Crawler|Araquanid, L50, M|100/100
|turn|2
|
|t:|1784401637
|switch|p1a: Toi Jerome|Blastoise, L50, M, shiny|100/100
|move|p1b: Kenny Smith|Rock Slide|p2b: The Caller|[spread] p2a
|-miss|p1b: Kenny Smith|p2b: The Caller
|-supereffective|p2a: The Crawler|1
|-damage|p2a: The Crawler|58/100
|move|p2b: The Caller|Hyper Voice|p1a: Toi Jerome|[spread] p1a,p1b
|-resisted|p1a: Toi Jerome|1
|-supereffective|p1b: Kenny Smith|1
|-damage|p1a: Toi Jerome|79/100
|-damage|p1b: Kenny Smith|0 fnt
|faint|p1b: Kenny Smith
|cant|p2a: The Crawler|flinch
|
|upkeep
|
|t:|1784401651
|switch|p1b: Deni Advija|Gholdengo, L50|100/100
|turn|3
|
|t:|1784401667
|detailschange|p1a: Toi Jerome|Blastoise-Mega, L50, M, shiny
|-mega|p1a: Toi Jerome|Blastoise|Blastoisinite
|move|p1a: Toi Jerome|Fake Out|p2b: The Caller
|-damage|p2b: The Caller|89/100
|move|p1b: Deni Advija|Nasty Plot|p1b: Deni Advija
|-boost|p1b: Deni Advija|spa|2
|cant|p2b: The Caller|flinch
|move|p2a: The Crawler|Leech Life|p1a: Toi Jerome
|-damage|p1a: Toi Jerome|43/100
|-heal|p2a: The Crawler|75/100|[from] drain|[of] p1a: Toi Jerome
|-damage|p2a: The Crawler|65/100|[from] item: Life Orb
|
|upkeep
|turn|4
|
|t:|1784401739
|move|p2b: The Caller|Protect|p2b: The Caller
|-singleturn|p2b: The Caller|Protect
|move|p1b: Deni Advija|Make It Rain|p2a: The Crawler|[spread] p2a
|-activate|p2b: The Caller|move: Protect
|-resisted|p2a: The Crawler|1
|-damage|p2a: The Crawler|25/100
|-unboost|p1b: Deni Advija|spa|2
|-damage|p1b: Deni Advija|90/100|[from] item: Life Orb
|move|p1a: Toi Jerome|Dark Pulse|p2b: The Caller
|-activate|p2b: The Caller|move: Protect
|move|p2a: The Crawler|Leech Life|p1a: Toi Jerome
|-damage|p1a: Toi Jerome|5/100
|-heal|p2a: The Crawler|43/100|[from] drain|[of] p1a: Toi Jerome
|-damage|p2a: The Crawler|33/100|[from] item: Life Orb
|
|upkeep
|turn|5
|
|t:|1784401757
|move|p1b: Deni Advija|Nasty Plot|p1b: Deni Advija
|-boost|p1b: Deni Advija|spa|2
|move|p1a: Toi Jerome|Dark Pulse|p2a: The Crawler
|-damage|p2a: The Crawler|0 fnt
|faint|p2a: The Crawler
|move|p2b: The Caller|Hyper Voice|p1b: Deni Advija|[spread] p1a,p1b
|-resisted|p1a: Toi Jerome|1
|-damage|p1a: Toi Jerome|0 fnt
|-damage|p1b: Deni Advija|50/100y
|faint|p1a: Toi Jerome
|
|upkeep
|
|t:|1784401766
|switch|p1a: LeBron James|Kingambit, L50, M|63/100
|switch|p2a: The Crabber|Crabominable, L50, M|100/100
|turn|6
|
|t:|1784401791
|detailschange|p2a: The Crabber|Crabominable-Mega, L50, M
|-mega|p2a: The Crabber|Crabominable|Crabominite
|move|p1a: LeBron James|Protect|p1a: LeBron James
|-singleturn|p1a: LeBron James|Protect
|move|p2a: The Crabber|Mach Punch|p1a: LeBron James
|-activate|p1a: LeBron James|move: Protect
|move|p1b: Deni Advija|Make It Rain|p2b: The Caller|[spread] p2a,p2b
|-supereffective|p2a: The Crabber|1
|-damage|p2a: The Crabber|0 fnt
|-damage|p2b: The Caller|1/100
|-unboost|p1b: Deni Advija|spa|2
|faint|p2a: The Crabber
|-damage|p1b: Deni Advija|40/100|[from] item: Life Orb
|move|p2b: The Caller|Hyper Voice|p1a: LeBron James|[spread] p1b
|-activate|p1a: LeBron James|move: Protect
|-damage|p1b: Deni Advija|4/100
|
|upkeep
|turn|7
|
|t:|1784401804
|move|p1a: LeBron James|Sucker Punch|p2b: The Caller
|-resisted|p2b: The Caller|1
|-damage|p2b: The Caller|0 fnt
|faint|p2b: The Caller
|
|win|Hariyamamomma
|c|☆Hariyamamomma|gg!
||Hariyamamomma is ready for game 3.
||Quackennn is ready for game 3.
|uhtml|next|Next: Game 3 of 3
|j| Spearklez
|l| Spearklez
|l|☆Quackennn
|player|p2|
