|j|☆Van (Dream)
|j|☆Zephrhills
|html|Van (Dream)Zephrhills    
|uhtml|bestof|Game 2 of a best-of-3
|t:|1785122931
|gametype|doubles
|player|p1|Van (Dream)|li|
|player|p2|Zephrhills|miku-ghost|
|gen|9
|tier|[Gen 9 Champions] VGC 2026 Reg M-B (Bo3)
|rule|Species Clause: Limit one of each Pokémon
|rule|Item Clause: Limit 1 of each item
|clearpoke
|poke|p1|Politoed, L50, F|
|poke|p1|Swampert, L50, F|
|poke|p1|Archaludon, L50, F|
|poke|p1|Gholdengo, L50|
|poke|p1|Scrafty, L50, M|
|poke|p1|Raichu, L50, M|
|poke|p2|Serperior, L50, M|
|poke|p2|Rotom-Wash, L50, shiny|
|poke|p2|Dragapult, L50, M|
|poke|p2|Tyranitar, L50, M, shiny|
|poke|p2|Greninja, L50, M, shiny|
|poke|p2|Meowstic, L50, M|
|teampreview|4
|showteam|p1|Politoed||SitrusBerry|Drizzle|WeatherBall,IcyWind,HelpingHand,Protect|Bold||F|||50|]Swampert||Swampertite|Damp|Waterfall,HighHorsepower,IcePunch,Protect|Adamant||F|||50|]Archaludon||Leftovers|Stamina|ElectroShot,FlashCannon,DracoMeteor,Protect|Modest||F|||50|]Gholdengo||LifeOrb|GoodasGold|MakeItRain,ShadowBall,PowerGem,Protect|Timid|||||50|]Scrafty||LumBerry|Intimidate|FakeOut,CloseCombat,KnockOff,Protect|Adamant||M|||50|]Raichu||FocusSash|LightningRod|FakeOut,Thunderbolt,VoltSwitch,Protect|Timid||M|||50|
|showteam|p2|Serperior||YacheBerry|Contrary|Reflect,LeechSeed,Protect,LeafStorm|Timid||M|||50|]Rotom-Wash||Leftovers|Levitate|LightScreen,Protect,Thunderbolt,NightShade|Serious|||||50|]Dragapult||ChoiceScarf|Infiltrator|DracoMeteor,Thunder,Uturn,ShadowBall|Modest||M|||50|]Tyranitar||SitrusBerry|SandStream|Protect,Thunderbolt,EarthPower,IcyWind|Sassy||M|||50|]Greninja||ExpertBelt|Protean|GrassKnot,Extrasensory,MudShot,LowKick|Hasty||M|||50|]Meowstic||Meowsticite|Prankster|Yawn,AlluringVoice,DarkPulse,Protect|Timid||M|||50|
|
|t:|1785122995
|teamsize|p1|4
|teamsize|p2|4
|start
|switch|p1a: Politoed|Politoed, L50, F|100/100
|switch|p1b: Archaludon|Archaludon, L50, F|100/100
|switch|p2a: Serperior|Serperior, L50, M|100/100
|switch|p2b: Rotom|Rotom-Wash, L50, shiny|100/100
|-weather|RainDance|[from] ability: Drizzle|[of] p1a: Politoed
|turn|1
|
|t:|1785123013
|move|p2a: Serperior|Leech Seed|p1b: Archaludon
|-start|p1b: Archaludon|move: Leech Seed
|move|p2b: Rotom|Light Screen|p2b: Rotom
|-sidestart|p2: Zephrhills|move: Light Screen
|move|p1b: Archaludon|Electro Shot||[still]
|-prepare|p1b: Archaludon|Electro Shot
|-boost|p1b: Archaludon|spa|1
|-anim|p1b: Archaludon|Electro Shot|p2b: Rotom
|-damage|p2b: Rotom|56/100
|move|p1a: Politoed|Icy Wind|p2b: Rotom|[spread] p2a,p2b
|-supereffective|p2a: Serperior|1
|-enditem|p2a: Serperior|Yache Berry|[eat]
|-enditem|p2a: Serperior|Yache Berry|[weaken]
|-resisted|p2b: Rotom|1
|-damage|p2a: Serperior|92/100
|-damage|p2b: Rotom|53/100
|-boost|p2a: Serperior|spe|1
|-unboost|p2b: Rotom|spe|1
|
|-weather|RainDance|[upkeep]
|-heal|p2b: Rotom|59/100|[from] item: Leftovers
|-damage|p1b: Archaludon|87/100|[from] Leech Seed|[of] p2a: Serperior
|-heal|p2a: Serperior|100/100|[silent]
|upkeep
|turn|2
|
|t:|1785123043
|move|p1a: Politoed|Helping Hand|p1b: Archaludon
|-singleturn|p1b: Archaludon|Helping Hand|[of] p1a: Politoed
|move|p2a: Serperior|Leaf Storm|p1a: Politoed|[miss]
|-miss|p2a: Serperior|p1a: Politoed
|move|p1b: Archaludon|Electro Shot||[still]
|-prepare|p1b: Archaludon|Electro Shot
|-boost|p1b: Archaludon|spa|1
|-anim|p1b: Archaludon|Electro Shot|p2b: Rotom
|-damage|p2b: Rotom|0 fnt
|faint|p2b: Rotom
|
|-weather|RainDance|[upkeep]
|-heal|p1b: Archaludon|93/100|[from] item: Leftovers
|-damage|p1b: Archaludon|81/100|[from] Leech Seed|[of] p2a: Serperior
|upkeep
|
|t:|1785123060
|switch|p2b: Meowstic|Meowstic, L50, M|100/100
|turn|3
|
|t:|1785123076
|move|p1b: Archaludon|Protect|p1b: Archaludon
|-singleturn|p1b: Archaludon|Protect
|move|p2b: Meowstic|Yawn|p1b: Archaludon
|-activate|p1b: Archaludon|move: Protect
|move|p2a: Serperior|Leaf Storm|p1a: Politoed
|-supereffective|p1a: Politoed|1
|-damage|p1a: Politoed|20/100y
|-boost|p2a: Serperior|spa|2
|-enditem|p1a: Politoed|Sitrus Berry|[eat]
|-heal|p1a: Politoed|45/100|[from] item: Sitrus Berry
|move|p1a: Politoed|Weather Ball|p2b: Meowstic
|-damage|p2b: Meowstic|58/100
|
|-weather|RainDance|[upkeep]
|-heal|p1b: Archaludon|87/100|[from] item: Leftovers
|-damage|p1b: Archaludon|75/100|[from] Leech Seed|[of] p2a: Serperior
|upkeep
|turn|4
|
|t:|1785123102
|switch|p1a: Raichu|Raichu, L50, M|100/100
|move|p2b: Meowstic|Yawn|p1b: Archaludon
|-start|p1b: Archaludon|move: Yawn|[of] p2b: Meowstic
|move|p2a: Serperior|Reflect|p2a: Serperior
|-sidestart|p2: Zephrhills|Reflect
|move|p1b: Archaludon|Draco Meteor|p2a: Serperior
|-crit|p2a: Serperior
|-damage|p2a: Serperior|0 fnt
|-unboost|p1b: Archaludon|spa|2
|faint|p2a: Serperior
|
|-weather|RainDance|[upkeep]
|-heal|p1b: Archaludon|81/100|[from] item: Leftovers
|upkeep
|
|t:|1785123115
|switch|p2a: Tyranitar|Tyranitar, L50, M, shiny|100/100
|-weather|Sandstorm|[from] ability: Sand Stream|[of] p2a: Tyranitar
|turn|5
|
|t:|1785123141
|move|p2b: Meowstic|Protect|p2b: Meowstic
|-singleturn|p2b: Meowstic|Protect
|move|p2a: Tyranitar|Protect|p2a: Tyranitar
|-singleturn|p2a: Tyranitar|Protect
|move|p1a: Raichu|Fake Out|p2a: Tyranitar
|-activate|p2a: Tyranitar|move: Protect
|move|p1b: Archaludon|Draco Meteor|p2b: Meowstic
|-activate|p2b: Meowstic|move: Protect
|
|-weather|Sandstorm|[upkeep]
|-damage|p1a: Raichu|94/100|[from] Sandstorm
|-damage|p2b: Meowstic|52/100|[from] Sandstorm
|-heal|p1b: Archaludon|87/100|[from] item: Leftovers
|-damage|p1b: Archaludon|75/100|[from] Leech Seed|[of] p2a: Tyranitar
|-end|p1b: Archaludon|move: Yawn|[silent]
|-status|p1b: Archaludon|slp
|-sideend|p2: Zephrhills|move: Light Screen
|upkeep
|turn|6
|
|t:|1785123161
|move|p2b: Meowstic|Protect||[still]
|-fail|p2b: Meowstic
|cant|p1b: Archaludon|slp
|move|p1a: Raichu|Volt Switch|p2b: Meowstic
|-crit|p2b: Meowstic
|-damage|p2b: Meowstic|0 fnt
|faint|p2b: Meowstic
|
|t:|1785123169
|switch|p1a: Politoed|Politoed, L50, F|45/100|[from] Volt Switch
|-weather|RainDance|[from] ability: Drizzle|[of] p1a: Politoed
|move|p2a: Tyranitar|Earth Power|p1a: Politoed
|-damage|p1a: Politoed|25/100
|
|-weather|RainDance|[upkeep]
|-heal|p1b: Archaludon|81/100 slp|[from] item: Leftovers
|-damage|p1b: Archaludon|69/100 slp|[from] Leech Seed|[of] p2a: Tyranitar
|upkeep
|turn|7
|
|t:|1785123185
|cant|p1b: Archaludon|slp
|move|p1a: Politoed|Weather Ball|p2a: Tyranitar
|-supereffective|p2a: Tyranitar|1
|-damage|p2a: Tyranitar|20/100y
|-enditem|p2a: Tyranitar|Sitrus Berry|[eat]
|-heal|p2a: Tyranitar|45/100|[from] item: Sitrus Berry
|move|p2a: Tyranitar|Earth Power|p1b: Archaludon
|-supereffective|p1b: Archaludon|1
|-damage|p1b: Archaludon|12/100 slp
|-ability|p1b: Archaludon|Stamina|boost
|-boost|p1b: Archaludon|def|1
|
|-weather|RainDance|[upkeep]
|-heal|p1b: Archaludon|18/100 slp|[from] item: Leftovers
|-damage|p1b: Archaludon|6/100 slp|[from] Leech Seed|[of] p2a: Tyranitar
|-heal|p2a: Tyranitar|57/100|[silent]
|upkeep
|turn|8
|
|t:|1785123200
|-curestatus|p1b: Archaludon|slp|[msg]
|move|p1b: Archaludon|Protect|p1b: Archaludon
|-singleturn|p1b: Archaludon|Protect
|move|p2a: Tyranitar|Protect|p2a: Tyranitar
|-singleturn|p2a: Tyranitar|Protect
|move|p1a: Politoed|Weather Ball|p2a: Tyranitar
|-activate|p2a: Tyranitar|move: Protect
|
|-weather|RainDance|[upkeep]
|-heal|p1b: Archaludon|12/100|[from] item: Leftovers
|-damage|p1b: Archaludon|1/100|[from] Leech Seed|[of] p2a: Tyranitar
|-heal|p2a: Tyranitar|68/100|[silent]
|-sideend|p2: Zephrhills|Reflect
|upkeep
|turn|9
|
|t:|1785123213
|switch|p1b: Swampert|Swampert, L50, F|100/100
|move|p1a: Politoed|Weather Ball|p2a: Tyranitar
|-supereffective|p2a: Tyranitar|1
|-damage|p2a: Tyranitar|1/100
|move|p2a: Tyranitar|Earth Power|p2: Meowstic|[notarget]
|-fail|p2a: Tyranitar
|
|-weather|RainDance|[upkeep]
|upkeep
|turn|10
|
|t:|1785123225
|detailschange|p1b: Swampert|Swampert-Mega, L50, F
|-mega|p1b: Swampert|Swampert|Swampertite
|move|p1b: Swampert|Waterfall|p2a: Tyranitar
|-supereffective|p2a: Tyranitar|1
|-damage|p2a: Tyranitar|0 fnt
|faint|p2a: Tyranitar
|
|win|Van (Dream)
||Zephrhills is ready for game 3.
|inactive|Van (Dream) has 30 seconds to confirm battle start!
||Van (Dream) is ready for game 3.
|uhtml|next|Next: Game 3 of 3
