|j|☆ReactorX
|j|‽informtech
|html|ReactorXinformtech    
|uhtml|bestof|Game 2 of a best-of-3
|t:|1783008661
|gametype|doubles
|player|p1|ReactorX|alder|1094
|player|p2|informtech|170|1134
|gen|9
|tier|[Gen 9 Champions] VGC 2026 Reg M-B (Bo3)
|rated|
|rule|Species Clause: Limit one of each Pokémon
|rule|Item Clause: Limit 1 of each item
|clearpoke
|poke|p1|Camerupt, L50, M, shiny|
|poke|p1|Farigiraf, L50, F, shiny|
|poke|p1|Incineroar, L50, F|
|poke|p1|Sylveon, L50, F|
|poke|p1|Rotom-Wash, L50|
|poke|p1|Mawile, L50, M|
|poke|p2|Staraptor, L50, F|
|poke|p2|Whimsicott, L50, M|
|poke|p2|Basculegion, L50, M|
|poke|p2|Garchomp, L50, F|
|poke|p2|Charizard, L50, F|
|poke|p2|Kingambit, L50, F|
|teampreview|4
|showteam|p1|Camerupt||Cameruptite|SolidRock|AncientPower,Protect,HeatWave,EarthPower|Quiet||M|||50|]Farigiraf||ColburBerry|ArmorTail|Imprison,TwinBeam,TrickRoom,Protect|Bold||F|||50|]Incineroar||PasshoBerry|Intimidate|PartingShot,FakeOut,ThroatChop,FlareBlitz|Sassy||F|||50|]Sylveon||FairyFeather|Pixilate|HyperBeam,HyperVoice,QuickAttack,Protect|Quiet||F|||50|]Rotom-Wash||ChoiceScarf|Levitate|HydroPump,VoltSwitch,Electroweb,Trick|Modest|||||50|]Mawile||Mawilite|HyperCutter|IronHead,PlayRough,Protect,SwordsDance|Brave||M|||50|
|showteam|p2|Staraptor||Staraptite|Intimidate|CloseCombat,DualWingbeat,Protect,Roost|Adamant||F|||50|]Whimsicott||FocusSash|Prankster|Tailwind,TrickRoom,Moonblast,Tickle|Quiet||M|||50|]Basculegion||LifeOrb|Adaptability|LastRespects,Protect,AquaJet,WaveCrash|Jolly||M|||50|]Garchomp||ExpertBelt|RoughSkin|DragonClaw,RockTomb,Earthquake,Protect|Adamant||F|||50|]Charizard||CharizarditeY|SolarPower|HeatWave,AirSlash,SolarBeam,Protect|Modest||F|||50|]Kingambit||BlackGlasses|Defiant|KowtowCleave,SuckerPunch,Protect,IronHead|Adamant||F|||50|
|inactive|Battle timer is ON: inactive players will automatically lose when time's up. (requested by ReactorX)
|
|t:|1783008679
|teamsize|p1|4
|teamsize|p2|4
|start
|switch|p1a: Mimu|Farigiraf, L50, F, shiny|100/100
|switch|p1b: Rotom|Rotom-Wash, L50|100/100
|switch|p2a: Basculegion|Basculegion, L50, M|100/100
|switch|p2b: Kingambit|Kingambit, L50, F|100/100
|turn|1
|
|t:|1783008689
|move|p1a: Mimu|Protect|p1a: Mimu
|-singleturn|p1a: Mimu|Protect
|move|p1b: Rotom|Volt Switch|p2a: Basculegion
|-supereffective|p2a: Basculegion|1
|-crit|p2a: Basculegion
|-damage|p2a: Basculegion|8/100
|
|t:|1783008696
|switch|p1b: Disrupt|Incineroar, L50, F|100/100|[from] Volt Switch
|-ability|p1b: Disrupt|Intimidate|boost
|-unboost|p2a: Basculegion|atk|1
|-unboost|p2b: Kingambit|atk|1
|-ability|p2b: Kingambit|Defiant|boost
|-boost|p2b: Kingambit|atk|2
|move|p2a: Basculegion|Wave Crash|p1a: Mimu
|-activate|p1a: Mimu|move: Protect
|move|p2b: Kingambit|Kowtow Cleave|p1a: Mimu
|-activate|p1a: Mimu|move: Protect
|
|upkeep
|turn|2
|inactive|informtech has 30 seconds left.
|
|t:|1783008722
|switch|p2a: Garchomp|Garchomp, L50, F|100/100
|switch|p1a: Rotom|Rotom-Wash, L50|100/100
|move|p2b: Kingambit|Kowtow Cleave|p1a: Rotom
|-damage|p1a: Rotom|13/100
|move|p1b: Disrupt|Flare Blitz|p2b: Kingambit
|-supereffective|p2b: Kingambit|1
|-damage|p2b: Kingambit|19/100
|-damage|p1b: Disrupt|72/100|[from] Recoil
|
|upkeep
|turn|3
|inactive|ReactorX has 30 seconds left.
|inactive|ReactorX has 20 seconds left.
|inactive|informtech has 30 seconds left.
|inactive|informtech has 20 seconds left.
|inactive|informtech has 15 seconds left.
|inactive|informtech has 10 seconds left.
|
|t:|1783008778
|switch|p2b: Staraptor|Staraptor, L50, F|100/100
|-ability|p2b: Staraptor|Intimidate|boost
|-unboost|p1a: Rotom|atk|1
|-unboost|p1b: Disrupt|atk|1
|switch|p1b: Mimu|Farigiraf, L50, F, shiny|100/100
|move|p1a: Rotom|Volt Switch|p2b: Staraptor
|-supereffective|p2b: Staraptor|1
|-damage|p2b: Staraptor|18/100
|
|t:|1783008789
|switch|p1a: Disrupt|Incineroar, L50, F|72/100|[from] Volt Switch
|-ability|p1a: Disrupt|Intimidate|boost
|-unboost|p2a: Garchomp|atk|1
|-unboost|p2b: Staraptor|atk|1
|move|p2a: Garchomp|Rock Tomb|p1b: Mimu
|-damage|p1b: Mimu|88/100
|-unboost|p1b: Mimu|spe|1
|
|upkeep
|turn|4
|
|t:|1783008805
|detailschange|p2b: Staraptor|Staraptor-Mega, L50, F
|-mega|p2b: Staraptor|Staraptor|Staraptite
|move|p1a: Disrupt|Fake Out|p2a: Garchomp
|-damage|p2a: Garchomp|88/100
|-damage|p1a: Disrupt|60/100|[from] ability: Rough Skin|[of] p2a: Garchomp
|move|p2b: Staraptor|Close Combat|p1b: Mimu
|-damage|p1b: Mimu|53/100
|-boost|p2b: Staraptor|def|1
|-boost|p2b: Staraptor|spd|1
|cant|p2a: Garchomp|flinch
|move|p1b: Mimu|Trick Room|p1b: Mimu
|-fieldstart|move: Trick Room|[of] p1b: Mimu
|
|upkeep
|turn|5
|
|t:|1783008820
|move|p2b: Staraptor|Protect|p2b: Staraptor
|-singleturn|p2b: Staraptor|Protect
|move|p1b: Mimu|Twin Beam|p2b: Staraptor
|-activate|p2b: Staraptor|move: Protect
|move|p1a: Disrupt|Parting Shot|p2a: Garchomp
|-unboost|p2a: Garchomp|atk|1
|-unboost|p2a: Garchomp|spa|1
|
|t:|1783008831
|switch|p1a: Yellowstone|Camerupt, L50, M, shiny|100/100|[from] Parting Shot
|move|p2a: Garchomp|Earthquake|p1b: Mimu|[spread] p1a,p1b
|-activate|p2b: Staraptor|move: Protect
|-supereffective|p1a: Yellowstone|1
|-damage|p1a: Yellowstone|52/100
|-damage|p1b: Mimu|39/100
|
|upkeep
|turn|6
|
|t:|1783008851
|detailschange|p1a: Yellowstone|Camerupt-Mega, L50, M, shiny
|-mega|p1a: Yellowstone|Camerupt|Cameruptite
|move|p2b: Staraptor|Protect|p2b: Staraptor
|-singleturn|p2b: Staraptor|Protect
|move|p1a: Yellowstone|Earth Power|p2a: Garchomp
|-damage|p2a: Garchomp|18/100
|move|p1b: Mimu|Twin Beam|p2a: Garchomp
|-damage|p2a: Garchomp|4/100
|-damage|p2a: Garchomp|0 fnt
|faint|p2a: Garchomp
|-hitcount|p2: Garchomp|2
|
|upkeep
|
|t:|1783008871
|switch|p2a: Kingambit|Kingambit, L50, F|19/100
|turn|7
|
|t:|1783008879
|move|p2a: Kingambit|Sucker Punch||[still]
|cant|p1b: Mimu|ability: Armor Tail|Sucker Punch|[of] p2a: Kingambit
|move|p1a: Yellowstone|Heat Wave|p2b: Staraptor|[spread] p2a,p2b
|-supereffective|p2a: Kingambit|1
|-damage|p2a: Kingambit|0 fnt
|-damage|p2b: Staraptor|0 fnt
|faint|p2a: Kingambit
|faint|p2b: Staraptor
|move|p1b: Mimu|Imprison|p1b: Mimu
|-start|p1b: Mimu|move: Imprison
|
|upkeep
|
|t:|1783008885
|switch|p2a: Basculegion|Basculegion, L50, M|8/100
|turn|8
|-message|informtech forfeited.
|
|win|ReactorX
|raw|ReactorX's rating: 1094 → 1123(+29 for winning)
|raw|informtech's rating: 1134 → 1106(-28 for losing)
