|j|☆Keith Jones
|j|☆EggoWafflez
|html|Keith JonesEggoWafflez    
|uhtml|bestof|Game 1 of a best-of-3
|t:|1783557330
|gametype|doubles
|player|p1|Keith Jones|benga|1419
|player|p2|EggoWafflez|maylene|1405
|gen|9
|tier|[Gen 9 Champions] VGC 2026 Reg M-B (Bo3)
|rated|
|rule|Species Clause: Limit one of each Pokémon
|rule|Item Clause: Limit 1 of each item
|clearpoke
|poke|p1|Aegislash, L50, F|
|poke|p1|Hydreigon, L50, F|
|poke|p1|Meowscarada, L50, M|
|poke|p1|Aerodactyl, L50, M|
|poke|p1|Lopunny, L50, M|
|poke|p1|Volcarona, L50, F|
|poke|p2|Aerodactyl, L50, F|
|poke|p2|Charizard, L50, M|
|poke|p2|Garchomp, L50, F|
|poke|p2|Sylveon, L50, F|
|poke|p2|Farigiraf, L50, M|
|poke|p2|Incineroar, L50, F|
|teampreview|4
|showteam|p1|Aegislash||SpellTag|StanceChange|Poltergeist,ShadowSneak,CloseCombat,KingsShield|Adamant||F|||50|]Hydreigon||ChoiceScarf|Levitate|DracoMeteor,DarkPulse,Snarl,EarthPower|Modest||F|||50|]Meowscarada||LifeOrb|Overgrow|FlowerTrick,KnockOff,SuckerPunch,Protect|Jolly||M|||50|]Aerodactyl||FocusSash|Unnerve|RockSlide,DualWingbeat,Tailwind,Protect|Jolly||M|||50|]Lopunny||Lopunnite|CuteCharm|CloseCombat,GigaImpact,Encore,FakeOut|Jolly||M|||50|]Volcarona||PasshoBerry|FlameBody|FieryDance,WillOWisp,Tailwind,RagePowder|Bold||F|||50|
|showteam|p2|Aerodactyl||FocusSash|Unnerve|RockSlide,Tailwind,WideGuard,Protect|Jolly||F|||50|]Charizard||CharizarditeY|Blaze|HeatWave,SolarBeam,Protect,WeatherBall|Modest||M|||50|]Garchomp||LifeOrb|RoughSkin|Earthquake,DragonClaw,Protect,StompingTantrum|Jolly||F|||50|]Sylveon||FairyFeather|Pixilate|HyperVoice,Moonblast,Protect,Yawn|Modest||F|||50|]Farigiraf||ColburBerry|ArmorTail|Psychic,HelpingHand,Protect,TrickRoom|Calm||M|||50|]Incineroar||Charcoal|Intimidate|FlareBlitz,DarkestLariat,FakeOut,PartingShot|Brave||F|||50|
|inactive|Battle timer is ON: inactive players will automatically lose when time's up. (requested by EggoWafflez)
|
|t:|1783557377
|teamsize|p1|4
|teamsize|p2|4
|start
|switch|p1a: Aerodactyl|Aerodactyl, L50, M|100/100
|switch|p1b: Lopunny|Lopunny, L50, M|100/100
|switch|p2a: Charizard|Charizard, L50, M|100/100
|switch|p2b: Aerodactyl|Aerodactyl, L50, F|100/100
|-ability|p2b: Aerodactyl|Unnerve
|-ability|p1a: Aerodactyl|Unnerve
|turn|1
|inactive|EggoWafflez has 30 seconds left.
|
|t:|1783557406
|switch|p2a: Incineroar|Incineroar, L50, F|100/100
|-ability|p2a: Incineroar|Intimidate|boost
|-unboost|p1a: Aerodactyl|atk|1
|-unboost|p1b: Lopunny|atk|1
|detailschange|p1b: Lopunny|Lopunny-Mega, L50, M
|-mega|p1b: Lopunny|Lopunny|Lopunnite
|move|p2b: Aerodactyl|Protect|p2b: Aerodactyl
|-singleturn|p2b: Aerodactyl|Protect
|move|p1b: Lopunny|Fake Out|p2b: Aerodactyl
|-activate|p2b: Aerodactyl|move: Protect
|move|p1a: Aerodactyl|Rock Slide|p2a: Incineroar|[spread] 
|-activate|p2b: Aerodactyl|move: Protect
|-miss|p1a: Aerodactyl|p2a: Incineroar
|
|upkeep
|turn|2
|inactive|EggoWafflez has 30 seconds left.
|inactive|EggoWafflez has 20 seconds left.
|inactive|EggoWafflez has 15 seconds left.
|inactive|EggoWafflez has 10 seconds left.
|inactive|EggoWafflez has 5 seconds left.
|
|t:|1783557457
|move|p1b: Lopunny|Encore|p2b: Aerodactyl
|-start|p2b: Aerodactyl|Encore
|move|p2b: Aerodactyl|Protect|p2b: Aerodactyl
|-singleturn|p2b: Aerodactyl|Protect
|move|p1a: Aerodactyl|Rock Slide|p2b: Aerodactyl|[spread] p2a
|-activate|p2b: Aerodactyl|move: Protect
|-supereffective|p2a: Incineroar|1
|-damage|p2a: Incineroar|67/100
|move|p2a: Incineroar|Parting Shot|p1b: Lopunny
|-unboost|p1b: Lopunny|atk|1
|-unboost|p1b: Lopunny|spa|1
|
|t:|1783557467
|switch|p2a: Garchomp|Garchomp, L50, F|100/100|[from] Parting Shot
|
|upkeep
|turn|3
|inactive|EggoWafflez has 30 seconds left.
|
|t:|1783557500
|switch|p1b: Hydreigon|Hydreigon, L50, F|100/100
|switch|p2b: Incineroar|Incineroar, L50, F|67/100
|-ability|p2b: Incineroar|Intimidate|boost
|-unboost|p1a: Aerodactyl|atk|1
|-unboost|p1b: Hydreigon|atk|1
|move|p1a: Aerodactyl|Rock Slide|p2a: Garchomp|[spread] p2a,p2b
|-resisted|p2a: Garchomp|1
|-supereffective|p2b: Incineroar|1
|-damage|p2a: Garchomp|93/100
|-damage|p2b: Incineroar|40/100
|move|p2a: Garchomp|Dragon Claw|p1b: Hydreigon
|-supereffective|p1b: Hydreigon|1
|-damage|p1b: Hydreigon|0 fnt
|faint|p1b: Hydreigon
|-damage|p2a: Garchomp|83/100|[from] item: Life Orb
|
|upkeep
|
|t:|1783557516
|switch|p1b: Lopunny|Lopunny-Mega, L50, M|100/100
|turn|4
|
|t:|1783557535
|switch|p2b: Aerodactyl|Aerodactyl, L50, F|100/100
|-ability|p2b: Aerodactyl|Unnerve
|move|p2a: Garchomp|Protect|p2a: Garchomp
|-singleturn|p2a: Garchomp|Protect
|move|p1b: Lopunny|Fake Out|p2a: Garchomp
|-activate|p2a: Garchomp|move: Protect
|move|p1a: Aerodactyl|Rock Slide|p2b: Aerodactyl|[spread] p2b
|-activate|p2a: Garchomp|move: Protect
|-supereffective|p2b: Aerodactyl|1
|-damage|p2b: Aerodactyl|56/100
|
|upkeep
|turn|5
|
|t:|1783557558
|switch|p2a: Incineroar|Incineroar, L50, F|40/100
|-ability|p2a: Incineroar|Intimidate|boost
|-unboost|p1a: Aerodactyl|atk|1
|-fail|p1b: Lopunny|unboost|Attack|[from] ability: Scrappy|[of] p1b: Lopunny
|move|p1b: Lopunny|Encore||[still]
|-fail|p1b: Lopunny
|move|p2b: Aerodactyl|Rock Slide|p1a: Aerodactyl|[spread] p1a,p1b
|-supereffective|p1a: Aerodactyl|1
|-resisted|p1b: Lopunny|1
|-damage|p1a: Aerodactyl|15/100
|-damage|p1b: Lopunny|81/100
|move|p1a: Aerodactyl|Tailwind|p1a: Aerodactyl
|-sidestart|p1: Keith Jones|move: Tailwind
|
|upkeep
|turn|6
|inactive|Keith Jones has 30 seconds left.
|inactive|EggoWafflez has 30 seconds left.
|inactive|Keith Jones has 20 seconds left.
|
|t:|1783557597
|switch|p1a: Meowscarada|Meowscarada, L50, M|100/100
|move|p2a: Incineroar|Fake Out|p1b: Lopunny
|-crit|p1b: Lopunny
|-damage|p1b: Lopunny|50/100y
|cant|p1b: Lopunny|flinch
|move|p2b: Aerodactyl|Rock Slide|p1b: Lopunny|[spread] p1a,p1b
|-resisted|p1b: Lopunny|1
|-damage|p1a: Meowscarada|64/100
|-damage|p1b: Lopunny|33/100
|
|upkeep
|turn|7
|inactive|EggoWafflez has 30 seconds left.
|inactive|EggoWafflez has 20 seconds left.
|inactive|EggoWafflez has 15 seconds left.
|inactive|EggoWafflez has 10 seconds left.
|
|t:|1783557644
|switch|p2a: Charizard|Charizard, L50, M|100/100
|move|p2b: Aerodactyl|Protect|p2b: Aerodactyl
|-singleturn|p2b: Aerodactyl|Protect
|move|p1b: Lopunny|Close Combat|p2a: Charizard
|-resisted|p2a: Charizard|1
|-damage|p2a: Charizard|61/100
|-unboost|p1b: Lopunny|def|1
|-unboost|p1b: Lopunny|spd|1
|move|p1a: Meowscarada|Flower Trick|p2b: Aerodactyl
|-activate|p2b: Aerodactyl|move: Protect
|
|upkeep
|turn|8
|
|t:|1783557661
|switch|p2b: Incineroar|Incineroar, L50, F|40/100
|-ability|p2b: Incineroar|Intimidate|boost
|-unboost|p1a: Meowscarada|atk|1
|-fail|p1b: Lopunny|unboost|Attack|[from] ability: Scrappy|[of] p1b: Lopunny
|detailschange|p2a: Charizard|Charizard-Mega-Y, L50, M
|-mega|p2a: Charizard|Charizard|Charizardite Y
|-weather|SunnyDay|[from] ability: Drought|[of] p2a: Charizard
|move|p1b: Lopunny|Giga Impact|p2a: Charizard
|-damage|p2a: Charizard|0 fnt
|-mustrecharge|p1b: Lopunny
|faint|p2a: Charizard
|move|p1a: Meowscarada|Flower Trick|p2b: Incineroar
|-resisted|p2b: Incineroar|1
|-crit|p2b: Incineroar
|-damage|p2b: Incineroar|7/100
|-damage|p1a: Meowscarada|54/100|[from] item: Life Orb
|
|-weather|SunnyDay|[upkeep]
|-sideend|p1: Keith Jones|move: Tailwind
|upkeep
|inactive|EggoWafflez has 30 seconds left.
|inactive|EggoWafflez has 20 seconds left.
|inactive|EggoWafflez has 15 seconds left.
|inactive|EggoWafflez has 10 seconds left.
|
|t:|1783557708
|switch|p2a: Garchomp|Garchomp, L50, F|83/100
|turn|9
|
|t:|1783557727
|move|p2b: Incineroar|Fake Out|p1a: Meowscarada
|-damage|p1a: Meowscarada|30/100
|cant|p1b: Lopunny|recharge
|cant|p1a: Meowscarada|flinch
|move|p2a: Garchomp|Earthquake|p1a: Meowscarada|[spread] p2b,p1a,p1b
|-supereffective|p2b: Incineroar|1
|-resisted|p1a: Meowscarada|1
|-damage|p2b: Incineroar|0 fnt
|-damage|p1a: Meowscarada|0 fnt
|-damage|p1b: Lopunny|0 fnt
|faint|p2b: Incineroar
|faint|p1a: Meowscarada
|faint|p1b: Lopunny
|-damage|p2a: Garchomp|73/100|[from] item: Life Orb
|
|-weather|SunnyDay|[upkeep]
|upkeep
|-message|Keith Jones forfeited.
|
|win|EggoWafflez
||EggoWafflez is ready for game 2.
||Keith Jones is ready for game 2.
|uhtml|next|Next: Game 2 of 3
|l|☆EggoWafflez
|player|p2|
