|j|☆marcosdeltasena31
|j|☆laufey#1fan
|html|marcosdeltasena31laufey#1fan    
|uhtml|bestof|Game 3 of a best-of-3
|t:|1754601126
|gametype|doubles
|player|p1|marcosdeltasena31|hilbert|1222
|player|p2|laufey#1fan|lady|1306
|gen|9
|tier|[Gen 9] VGC 2025 Reg H (Bo3)
|rated|
|rule|Species Clause: Limit one of each Pokémon
|rule|Item Clause: Limit 1 of each item
|clearpoke
|poke|p1|Dragonite, L50, F|
|poke|p1|Sneasler, L50, F|
|poke|p1|Volcarona, L50, F|
|poke|p1|Rillaboom, L50, M|
|poke|p1|Kingambit, L50, F|
|poke|p1|Electabuzz, L50, F|
|poke|p2|Garchomp, L50, M|
|poke|p2|Dragonite, L50, M|
|poke|p2|Ninetales-Alola, L50, F|
|poke|p2|Amoonguss, L50, M|
|poke|p2|Kingambit, L50, M|
|poke|p2|Arcanine-Hisui, L50, F|
|teampreview|4
|showteam|p1|Dragonite||LoadedDice|Multiscale|ScaleShot,ExtremeSpeed,Haze,Protect|||F|||50|,,,,,Fairy]Sneasler||FocusSash|PoisonTouch|DireClaw,CloseCombat,FakeOut,Coaching|||F|||50|,,,,,Ghost]Volcarona||CovertCloak|FlameBody|HeatWave,TeraBlast,QuiverDance,Protect|||F|||50|,,,,,Fairy]Rillaboom||AssaultVest|GrassySurge|WoodHammer,FakeOut,GrassyGlide,HighHorsepower|||M|||50|,,,,,Fire]Kingambit||BlackGlasses|Defiant|KowtowCleave,SwordsDance,SuckerPunch,Protect|||F|||50|,,,,,Dark]Electabuzz||Eviolite|VitalSpirit|Electroweb,FollowMe,Taunt,Protect|||F|||50|,,,,,Ghost
|showteam|p2|Garchomp||LifeOrb|RoughSkin|StompingTantrum,Protect,DragonClaw,Earthquake|||M|||50|,,,,,Fire]Dragonite||LoadedDice|Multiscale|ScaleShot,Haze,IceSpinner,Protect|||M|||50|,,,,,Fairy]Ninetales-Alola||FocusSash|SnowWarning|FreezeDry,Encore,Protect,Blizzard|||F|||50|,,,,,Ghost]Amoonguss||SitrusBerry|Regenerator|PollenPuff,Protect,RagePowder,Spore|||M|||50|,,,,,Psychic]Kingambit||AssaultVest|Defiant|KowtowCleave,LowKick,IronHead,SuckerPunch|||M|||50|,,,,,Flying]Arcanine-Hisui||MirrorHerb|Intimidate|Protect,RockSlide,FlareBlitz,ExtremeSpeed|||F|||50|,,,,,Grass
|
|t:|1754601176
|teamsize|p1|4
|teamsize|p2|4
|start
|switch|p1a: Kingambit|Kingambit, L50, F|100/100
|switch|p1b: Sneasler|Sneasler, L50, F|100/100
|switch|p2a: Maracas|Amoonguss, L50, M|100/100
|switch|p2b: JOYBOY|Dragonite, L50, M|100/100
|turn|1
|inactive|Battle timer is ON: inactive players will automatically lose when time's up. (requested by laufey#1fan)
|inactive|marcosdeltasena31 has 60 seconds left.
|
|t:|1754601209
|-terastallize|p1a: Kingambit|Dark
|move|p1b: Sneasler|Dire Claw|p2b: JOYBOY
|-damage|p2b: JOYBOY|78/100
|-status|p2b: JOYBOY|psn|[from] ability: Poison Touch|[of] p1b: Sneasler
|move|p2b: JOYBOY|Scale Shot|p1b: Sneasler
|-damage|p1b: Sneasler|75/100
|-crit|p1b: Sneasler
|-damage|p1b: Sneasler|40/100
|-damage|p1b: Sneasler|14/100
|-damage|p1b: Sneasler|0 fnt
|faint|p1b: Sneasler
|-hitcount|p1: Sneasler|4
|-unboost|p2b: JOYBOY|def|1
|-boost|p2b: JOYBOY|spe|1
|move|p1a: Kingambit|Kowtow Cleave|p2b: JOYBOY
|-damage|p2b: JOYBOY|0 fnt
|faint|p2b: JOYBOY
|move|p2a: Maracas|Spore|p1a: Kingambit
|-status|p1a: Kingambit|slp|[from] move: Spore
|
|upkeep
|
|t:|1754601229
|switch|p1b: Dragonite|Dragonite, L50, F|100/100
|switch|p2b: Charlie|Arcanine-Hisui, L50, F|100/100
|-ability|p2b: Charlie|Intimidate|boost
|-unboost|p1a: Kingambit|atk|1
|-ability|p1a: Kingambit|Defiant|boost
|-boost|p1a: Kingambit|atk|2
|-unboost|p1b: Dragonite|atk|1
|-enditem|p2b: Charlie|Mirror Herb
|-boost|p2b: Charlie|atk|2|[from] item: Mirror Herb
|turn|2
|
|t:|1754601241
|switch|p1b: Rillaboom|Rillaboom, L50, M|100/100
|-fieldstart|move: Grassy Terrain|[from] ability: Grassy Surge|[of] p1b: Rillaboom
|move|p2b: Charlie|Rock Slide|p1a: Kingambit|[spread] p1a,p1b
|-damage|p1a: Kingambit|60/100 slp
|-damage|p1b: Rillaboom|54/100
|cant|p1a: Kingambit|slp
|move|p2a: Maracas|Spore|p1b: Rillaboom
|-immune|p1b: Rillaboom
|
|-heal|p1b: Rillaboom|60/100|[from] Grassy Terrain
|-heal|p1a: Kingambit|66/100 slp|[from] Grassy Terrain
|upkeep
|turn|3
|
|t:|1754601259
|move|p2b: Charlie|Protect|p2b: Charlie
|-singleturn|p2b: Charlie|Protect
|move|p1b: Rillaboom|Fake Out|p2b: Charlie
|-activate|p2b: Charlie|move: Protect
|cant|p1a: Kingambit|slp
|move|p2a: Maracas|Spore|p1a: Kingambit
|-fail|p1a: Kingambit|slp
|
|-heal|p1b: Rillaboom|66/100|[from] Grassy Terrain
|-heal|p1a: Kingambit|72/100 slp|[from] Grassy Terrain
|upkeep
|turn|4
|
|t:|1754601277
|move|p2b: Charlie|Extreme Speed|p1b: Rillaboom
|-damage|p1b: Rillaboom|17/100
|cant|p1a: Kingambit|slp
|move|p1b: Rillaboom|High Horsepower|p2b: Charlie
|-supereffective|p2b: Charlie
|-damage|p2b: Charlie|0 fnt
|faint|p2b: Charlie
|move|p2a: Maracas|Spore|p1a: Kingambit
|-fail|p1a: Kingambit|slp
|
|-heal|p1b: Rillaboom|23/100|[from] Grassy Terrain
|-heal|p1a: Kingambit|77/100 slp|[from] Grassy Terrain
|upkeep
|
|t:|1754601284
|switch|p2b: Kingambit|Kingambit, L50, M|100/100
|turn|5
|inactive|marcosdeltasena31 has 30 seconds left.
|
|t:|1754601310
|move|p1b: Rillaboom|High Horsepower|p2b: Kingambit
|-supereffective|p2b: Kingambit
|-damage|p2b: Kingambit|47/100
|move|p2b: Kingambit|Kowtow Cleave|p1b: Rillaboom
|-damage|p1b: Rillaboom|0 fnt
|faint|p1b: Rillaboom
|-curestatus|p1a: Kingambit|slp|[msg]
|move|p1a: Kingambit|Kowtow Cleave|p2b: Kingambit
|-resisted|p2b: Kingambit
|-damage|p2b: Kingambit|3/100
|move|p2a: Maracas|Spore|p1a: Kingambit
|-status|p1a: Kingambit|slp|[from] move: Spore
|
|-heal|p2b: Kingambit|9/100|[from] Grassy Terrain
|-heal|p1a: Kingambit|83/100 slp|[from] Grassy Terrain
|upkeep
|
|t:|1754601324
|switch|p1b: Dragonite|Dragonite, L50, F|100/100
|turn|6
|
|t:|1754601334
|move|p2a: Maracas|Rage Powder|p2a: Maracas
|-singleturn|p2a: Maracas|move: Rage Powder
|move|p1b: Dragonite|Scale Shot|p2a: Maracas
|-damage|p2a: Maracas|88/100
|-damage|p2a: Maracas|75/100
|-damage|p2a: Maracas|63/100
|-damage|p2a: Maracas|51/100
|-hitcount|p2a: Maracas|4
|-unboost|p1b: Dragonite|def|1
|-boost|p1b: Dragonite|spe|1
|move|p2b: Kingambit|Low Kick|p1a: Kingambit
|-supereffective|p1a: Kingambit
|-damage|p1a: Kingambit|30/100 slp
|cant|p1a: Kingambit|slp
|
|-heal|p2b: Kingambit|15/100|[from] Grassy Terrain
|-heal|p1a: Kingambit|36/100 slp|[from] Grassy Terrain
|-heal|p2a: Maracas|57/100|[from] Grassy Terrain
|-fieldend|move: Grassy Terrain
|upkeep
|turn|7
|
|t:|1754601351
|move|p2a: Maracas|Rage Powder|p2a: Maracas
|-singleturn|p2a: Maracas|move: Rage Powder
|move|p2b: Kingambit|Sucker Punch||[still]
|-fail|p2b: Kingambit
|move|p1b: Dragonite|Haze|p1b: Dragonite
|-clearallboost
|-curestatus|p1a: Kingambit|slp|[msg]
|move|p1a: Kingambit|Kowtow Cleave|p2a: Maracas
|-damage|p2a: Maracas|0 fnt
|faint|p2a: Maracas
|
|upkeep
|turn|8
|-message|laufey#1fan forfeited.
|
|win|marcosdeltasena31
|raw|marcosdeltasena31's rating: 1222 → 1253(+31 for winning)
|raw|laufey#1fan's rating: 1306 → 1281(-25 for losing)
|l|☆laufey#1fan
|player|p2|
