|j|☆zachlobbed
|j|☆DrCups
|html|zachlobbedDrCups    
|uhtml|bestof|Game 3 of a best-of-3
|t:|1784517986
|gametype|doubles
|player|p1|zachlobbed|brock|1327
|player|p2|DrCups|1|1222
|gen|9
|tier|[Gen 9 Champions] VGC 2026 Reg M-B (Bo3)
|rated|
|rule|Species Clause: Limit one of each Pokémon
|rule|Item Clause: Limit 1 of each item
|clearpoke
|poke|p1|Charizard, L50, M|
|poke|p1|Floette-Eternal, L50, F|
|poke|p1|Whimsicott, L50, M|
|poke|p1|Garchomp, L50, F|
|poke|p1|Basculegion, L50, M|
|poke|p1|Kingambit, L50, F|
|poke|p2|Gengar, L50, M|
|poke|p2|Archaludon, L50, M|
|poke|p2|Politoed, L50, F|
|poke|p2|Swampert, L50, M|
|poke|p2|Vivillon-Fancy, L50, M|
|poke|p2|Incineroar, L50, F|
|teampreview|4
|showteam|p1|Charizard||CharizarditeY|Blaze|Protect,HeatWave,SolarBeam,WeatherBall|Modest||M|||50|]Floette-Eternal||Floettite|FlowerVeil|Protect,LightofRuin,Moonblast,DazzlingGleam|Timid||F|||50|]Whimsicott||FocusSash|Prankster|Protect,Tailwind,Moonblast,Encore|Timid||M|||50|]Garchomp||LifeOrb|RoughSkin|Protect,DragonClaw,Earthquake,RockSlide|Jolly||F|||50|]Basculegion||MysticWater|Adaptability|Protect,AquaJet,WaveCrash,LastRespects|Adamant||M|||50|]Kingambit||BlackGlasses|Defiant|Protect,LowKick,SuckerPunch,KowtowCleave|Adamant||F|||50|
|showteam|p2|Gengar||Gengarite|CursedBody|ShadowBall,SludgeBomb,PerishSong,Protect|Modest||M|||50|]Archaludon||Leftovers|Stamina|ElectroShot,DragonPulse,FlashCannon,Protect|Bold||M|||50|]Politoed||SitrusBerry|Drizzle|WeatherBall,Hypnosis,PerishSong,Protect|Calm||F|||50|]Swampert||Swampertite|Torrent|WaveCrash,Earthquake,IcePunch,Protect|Adamant||M|||50|]Vivillon-Fancy||FocusSash|CompoundEyes|Hurricane,SleepPowder,RagePowder,Protect|Timid||M|||50|]Incineroar||PasshoBerry|Intimidate|ThroatChop,FakeOut,PartingShot,Protect|Impish||F|||50|
|inactive|Battle timer is ON: inactive players will automatically lose when time's up. (requested by zachlobbed)
|inactive|zachlobbed has 60 seconds left.
|inactive|DrCups has 60 seconds left.
|
|t:|1784518029
|teamsize|p1|4
|teamsize|p2|4
|start
|switch|p1a: Whimsicott|Whimsicott, L50, M|100/100
|switch|p1b: Garchomp|Garchomp, L50, F|100/100
|switch|p2a: Archaludon|Archaludon, L50, M|100/100
|switch|p2b: Politoed|Politoed, L50, F|100/100
|-weather|RainDance|[from] ability: Drizzle|[of] p2b: Politoed
|turn|1
|
|t:|1784518040
|switch|p2b: Incineroar|Incineroar, L50, F|100/100
|-ability|p2b: Incineroar|Intimidate|boost
|-unboost|p1a: Whimsicott|atk|1
|-unboost|p1b: Garchomp|atk|1
|move|p1a: Whimsicott|Tailwind|p1a: Whimsicott
|-sidestart|p1: zachlobbed|move: Tailwind
|move|p1b: Garchomp|Earthquake|p2a: Archaludon|[spread] p1a,p2a,p2b
|-resisted|p1a: Whimsicott|1
|-supereffective|p2a: Archaludon|1
|-supereffective|p2b: Incineroar|1
|-damage|p1a: Whimsicott|74/100
|-damage|p2a: Archaludon|58/100
|-damage|p2b: Incineroar|50/100y
|-ability|p2a: Archaludon|Stamina|boost
|-boost|p2a: Archaludon|def|1
|-damage|p1b: Garchomp|90/100|[from] item: Life Orb
|move|p2a: Archaludon|Electro Shot||[still]
|-prepare|p2a: Archaludon|Electro Shot
|-boost|p2a: Archaludon|spa|1
|-anim|p2a: Archaludon|Electro Shot|p1a: Whimsicott
|-resisted|p1a: Whimsicott|1
|-damage|p1a: Whimsicott|28/100
|
|-weather|RainDance|[upkeep]
|-heal|p2a: Archaludon|64/100|[from] item: Leftovers
|upkeep
|turn|2
|inactive|DrCups has 30 seconds left.
|
|t:|1784518069
|move|p2b: Incineroar|Fake Out|p1b: Garchomp
|-damage|p1b: Garchomp|80/100
|-damage|p2b: Incineroar|37/100|[from] ability: Rough Skin|[of] p1b: Garchomp
|move|p1a: Whimsicott|Encore|p2a: Archaludon
|-start|p2a: Archaludon|Encore
|cant|p1b: Garchomp|flinch
|move|p2a: Archaludon|Electro Shot||[still]
|-prepare|p2a: Archaludon|Electro Shot
|-boost|p2a: Archaludon|spa|1
|-anim|p2a: Archaludon|Electro Shot|p1a: Whimsicott
|-resisted|p1a: Whimsicott|1
|-damage|p1a: Whimsicott|0 fnt
|faint|p1a: Whimsicott
|
|-weather|RainDance|[upkeep]
|-heal|p2a: Archaludon|71/100|[from] item: Leftovers
|upkeep
|
|t:|1784518071
|switch|p1a: Charizard|Charizard, L50, M|100/100
|turn|3
|inactive|DrCups has 30 seconds left.
|inactive|DrCups has 20 seconds left.
|inactive|DrCups has 15 seconds left.
|inactive|DrCups has 10 seconds left.
|
|t:|1784518116
|detailschange|p1a: Charizard|Charizard-Mega-Y, L50, M
|-mega|p1a: Charizard|Charizard|Charizardite Y
|-weather|SunnyDay|[from] ability: Drought|[of] p1a: Charizard
|move|p1b: Garchomp|Earthquake|p2a: Archaludon|[spread] p2a,p2b
|-immune|p1a: Charizard
|-supereffective|p2a: Archaludon|1
|-supereffective|p2b: Incineroar|1
|-damage|p2a: Archaludon|43/100
|-damage|p2b: Incineroar|0 fnt
|-ability|p2a: Archaludon|Stamina|boost
|-boost|p2a: Archaludon|def|1
|faint|p2b: Incineroar
|-damage|p1b: Garchomp|70/100|[from] item: Life Orb
|move|p1a: Charizard|Weather Ball|p2a: Archaludon
|-damage|p2a: Archaludon|0 fnt
|faint|p2a: Archaludon
|
|-weather|SunnyDay|[upkeep]
|upkeep
|
|t:|1784518131
|switch|p2a: Politoed|Politoed, L50, F|100/100
|switch|p2b: Vivillon|Vivillon-Fancy, L50, M|100/100
|-weather|RainDance|[from] ability: Drizzle|[of] p2a: Politoed
|turn|4
|
|t:|1784518146
|switch|p1a: Basculegion|Basculegion, L50, M|100/100
|move|p1b: Garchomp|Rock Slide|p2a: Politoed|[spread] p2a
|-miss|p1b: Garchomp|p2b: Vivillon
|-damage|p2a: Politoed|84/100
|-damage|p1b: Garchomp|60/100|[from] item: Life Orb
|move|p2b: Vivillon|Hurricane|p1a: Basculegion
|-damage|p1a: Basculegion|47/100
|cant|p2a: Politoed|flinch
|
|-weather|RainDance|[upkeep]
|-sideend|p1: zachlobbed|move: Tailwind
|upkeep
|turn|5
|inactive|DrCups has 30 seconds left.
|
|t:|1784518173
|move|p1a: Basculegion|Aqua Jet|p2b: Vivillon
|-damage|p2b: Vivillon|9/100
|move|p1b: Garchomp|Dragon Claw|p2b: Vivillon
|-damage|p2b: Vivillon|0 fnt
|faint|p2b: Vivillon
|-damage|p1b: Garchomp|50/100g|[from] item: Life Orb
|move|p2a: Politoed|Hypnosis|p1b: Garchomp
|-status|p1b: Garchomp|slp|[from] move: Hypnosis
|
|-weather|RainDance|[upkeep]
|upkeep
|turn|6
|
|t:|1784518184
|cant|p1b: Garchomp|slp
|move|p1a: Basculegion|Last Respects|p2a: Politoed
|-damage|p2a: Politoed|13/100
|-enditem|p2a: Politoed|Sitrus Berry|[eat]
|-heal|p2a: Politoed|38/100|[from] item: Sitrus Berry
|move|p2a: Politoed|Weather Ball|p1a: Basculegion
|-resisted|p1a: Basculegion|1
|-damage|p1a: Basculegion|19/100
|
|-weather|RainDance|[upkeep]
|upkeep
|turn|7
|
|t:|1784518194
|cant|p1b: Garchomp|slp
|move|p1a: Basculegion|Last Respects|p2a: Politoed
|-damage|p2a: Politoed|0 fnt
|faint|p2a: Politoed
|
|win|zachlobbed
|raw|zachlobbed's rating: 1327 → 1341(+14 for winning)
|raw|DrCups's rating: 1222 → 1204(-18 for losing)
