|j|☆mygreat
|j|☆AndrewsWho
|html|mygreatAndrewsWho    
|uhtml|bestof|Game 2 of a best-of-3
|t:|1755713183
|gametype|doubles
|player|p1|mygreat|veteran|1182
|player|p2|AndrewsWho|101|1253
|gen|9
|tier|[Gen 9] VGC 2025 Reg H (Bo3)
|rated|
|rule|Species Clause: Limit one of each Pokémon
|rule|Item Clause: Limit 1 of each item
|clearpoke
|poke|p1|Dragonite, L50, M|
|poke|p1|Ursaluna-Bloodmoon, L50, M|
|poke|p1|Sneasler, L50, M|
|poke|p1|Gholdengo, L50|
|poke|p1|Incineroar, L50, F|
|poke|p1|Amoonguss, L50, F|
|poke|p2|Sneasler, L50, M|
|poke|p2|Indeedee, L50, M|
|poke|p2|Talonflame, L50, M|
|poke|p2|Ursaluna-Bloodmoon, L50, M|
|poke|p2|Electabuzz, L50, F|
|poke|p2|Baxcalibur, L50, F|
|teampreview|4
|showteam|p1|Dragonite||LoadedDice|Multiscale|ScaleShot,Haze,Tailwind,Protect|||M|||50|,,,,,Fairy]Ursaluna-Bloodmoon||AssaultVest|MindsEye|HyperVoice,BloodMoon,EarthPower,VacuumWave|||M|||50|,,,,,Poison]Sneasler||FocusSash|PoisonTouch|DireClaw,CloseCombat,FakeOut,Protect|||M|||50|,,,,,Ghost]Gholdengo||Leftovers|GoodasGold|MakeItRain,ShadowBall,NastyPlot,Protect||||||50|,,,,,Water]Incineroar||SafetyGoggles|Intimidate|FlareBlitz,KnockOff,PartingShot,FakeOut|||F|||50|,,,,,Ghost]Amoonguss||SitrusBerry|Regenerator|ClearSmog,PollenPuff,RagePowder,Spore|||F|||50|,,,,,Fairy
|showteam|p2|Sneasler||PsychicSeed|Unburden|DireClaw,CloseCombat,Protect,ThroatChop|||M|||50|,,,,,Dark]Indeedee||FocusSash|PsychicSurge|HelpingHand,Protect,ExpandingForce,TrickRoom|||M|||50|,,,,,Psychic]Talonflame||CovertCloak|GaleWings|FlareBlitz,Tailwind,DualWingbeat,WillOWisp|||M|||50|,,,,,Stellar]Ursaluna-Bloodmoon||LifeOrb|MindsEye|BloodMoon,HyperVoice,EarthPower,Protect|||M|||50|,,,,,Normal]Electabuzz||Eviolite|VitalSpirit|Electroweb,Taunt,FollowMe,Protect|||F|||50|,,,,,Ghost]Baxcalibur||LoadedDice|ThermalExchange|ScaleShot,IcicleSpear,IceShard,Protect|||F|||50|,,,,,Poison
|
|t:|1755713212
|teamsize|p1|4
|teamsize|p2|4
|start
|switch|p1a: Gholdengo|Gholdengo, L50|100/100
|switch|p1b: Incineroar|Incineroar, L50, F|100/100
|switch|p2a: Indeedee|Indeedee, L50, M|100/100
|switch|p2b: Sneasler|Sneasler, L50, M|100/100
|-fieldstart|move: Psychic Terrain|[from] ability: Psychic Surge|[of] p2a: Indeedee
|-enditem|p2b: Sneasler|Psychic Seed
|-boost|p2b: Sneasler|spd|1|[from] item: Psychic Seed
|-ability|p1b: Incineroar|Intimidate|boost
|-unboost|p2a: Indeedee|atk|1
|-unboost|p2b: Sneasler|atk|1
|turn|1
|
|t:|1755713223
|move|p2b: Sneasler|Close Combat|p1b: Incineroar
|-supereffective|p1b: Incineroar
|-damage|p1b: Incineroar|35/100
|-unboost|p2b: Sneasler|def|1
|-unboost|p2b: Sneasler|spd|1
|move|p2a: Indeedee|Expanding Force|p1a: Gholdengo|[spread] p1a
|-immune|p1b: Incineroar
|-resisted|p1a: Gholdengo
|-damage|p1a: Gholdengo|70/100
|move|p1a: Gholdengo|Nasty Plot|p1a: Gholdengo
|-boost|p1a: Gholdengo|spa|2
|move|p1b: Incineroar|Knock Off|p2a: Indeedee
|-supereffective|p2a: Indeedee
|-enditem|p2a: Indeedee|Focus Sash
|-damage|p2a: Indeedee|1/100
|
|-heal|p1a: Gholdengo|76/100|[from] item: Leftovers
|upkeep
|turn|2
|
|t:|1755713249
|-terastallize|p2b: Sneasler|Dark
|move|p2b: Sneasler|Throat Chop|p1a: Gholdengo
|-supereffective|p1a: Gholdengo
|-damage|p1a: Gholdengo|12/100
|-start|p1a: Gholdengo|Throat Chop|[silent]
|move|p2a: Indeedee|Expanding Force|p1b: Incineroar|[spread] p1a
|-immune|p1b: Incineroar
|-resisted|p1a: Gholdengo
|-damage|p1a: Gholdengo|0 fnt
|faint|p1a: Gholdengo
|move|p1b: Incineroar|Parting Shot|p2b: Sneasler
|-unboost|p2b: Sneasler|atk|1
|-unboost|p2b: Sneasler|spa|1
|
|t:|1755713258
|switch|p1b: Sneasler|Sneasler, L50, M|100/100|[from] Parting Shot
|
|upkeep
|
|t:|1755713259
|switch|p1a: Incineroar|Incineroar, L50, F|35/100
|-ability|p1a: Incineroar|Intimidate|boost
|-unboost|p2a: Indeedee|atk|1
|-unboost|p2b: Sneasler|atk|1
|turn|3
|
|t:|1755713277
|move|p2a: Indeedee|Protect|p2a: Indeedee
|-singleturn|p2a: Indeedee|Protect
|move|p2b: Sneasler|Close Combat|p1a: Incineroar
|-supereffective|p1a: Incineroar
|-crit|p1a: Incineroar
|-damage|p1a: Incineroar|0 fnt
|-unboost|p2b: Sneasler|def|1
|-unboost|p2b: Sneasler|spd|1
|faint|p1a: Incineroar
|move|p1b: Sneasler|Close Combat|p2b: Sneasler
|-supereffective|p2b: Sneasler
|-damage|p2b: Sneasler|0 fnt
|-unboost|p1b: Sneasler|def|1
|-unboost|p1b: Sneasler|spd|1
|faint|p2b: Sneasler
|
|upkeep
|
|t:|1755713286
|switch|p2b: Talonflame|Talonflame, L50, M|100/100
|switch|p1a: Amoonguss|Amoonguss, L50, F|100/100
|turn|4
|
|t:|1755713301
|-terastallize|p1a: Amoonguss|Fairy
|move|p2b: Talonflame|Tailwind|p2b: Talonflame
|-sidestart|p2: AndrewsWho|move: Tailwind
|move|p2a: Indeedee|Expanding Force|p1a: Amoonguss|[spread] p1a,p1b
|-supereffective|p1b: Sneasler
|-damage|p1a: Amoonguss|51/100
|-enditem|p1b: Sneasler|Focus Sash
|-damage|p1b: Sneasler|1/100
|move|p1b: Sneasler|Dire Claw|p2a: Indeedee
|-damage|p2a: Indeedee|0 fnt
|faint|p2a: Indeedee
|move|p1a: Amoonguss|Spore|p2b: Talonflame
|-status|p2b: Talonflame|slp|[from] move: Spore
|
|upkeep
|
|t:|1755713306
|switch|p2a: Ursaluna|Ursaluna-Bloodmoon, L50, M|100/100
|turn|5
|
|t:|1755713312
|move|p1b: Sneasler|Protect|p1b: Sneasler
|-singleturn|p1b: Sneasler|Protect
|cant|p2b: Talonflame|slp
|move|p2a: Ursaluna|Hyper Voice|p1b: Sneasler|[spread] p1a
|-activate|p1b: Sneasler|move: Protect
|-damage|p1a: Amoonguss|8/100
|-enditem|p1a: Amoonguss|Sitrus Berry|[eat]
|-heal|p1a: Amoonguss|33/100|[from] item: Sitrus Berry
|-damage|p2a: Ursaluna|91/100|[from] item: Life Orb
|move|p1a: Amoonguss|Spore|p2a: Ursaluna
|-status|p2a: Ursaluna|slp|[from] move: Spore
|
|-fieldend|move: Psychic Terrain
|upkeep
|turn|6
|
|t:|1755713322
|cant|p2b: Talonflame|slp
|cant|p2a: Ursaluna|slp
|move|p1b: Sneasler|Close Combat|p2a: Ursaluna
|-supereffective|p2a: Ursaluna
|-damage|p2a: Ursaluna|0 fnt
|-unboost|p1b: Sneasler|def|1
|-unboost|p1b: Sneasler|spd|1
|faint|p2a: Ursaluna
|move|p1a: Amoonguss|Pollen Puff|p1b: Sneasler
|-heal|p1b: Sneasler|51/100
|
|upkeep
|turn|7
|
|t:|1755713331
|move|p1a: Amoonguss|Rage Powder|p1a: Amoonguss
|-singleturn|p1a: Amoonguss|move: Rage Powder
|cant|p2b: Talonflame|slp
|move|p1b: Sneasler|Dire Claw|p2b: Talonflame
|-damage|p2b: Talonflame|38/100 slp
|
|-sideend|p2: AndrewsWho|move: Tailwind
|upkeep
|turn|8
|
|t:|1755713335
|move|p1a: Amoonguss|Rage Powder|p1a: Amoonguss
|-singleturn|p1a: Amoonguss|move: Rage Powder
|-curestatus|p2b: Talonflame|slp|[msg]
|move|p2b: Talonflame|Dual Wingbeat|p1a: Amoonguss
|-damage|p1a: Amoonguss|22/100
|-damage|p1a: Amoonguss|11/100
|-hitcount|p1a: Amoonguss|2
|move|p1b: Sneasler|Dire Claw|p2b: Talonflame
|-damage|p2b: Talonflame|0 fnt
|faint|p2b: Talonflame
|
|win|mygreat
|raw|mygreat's rating: 1182 → 1212(+30 for winning)
|raw|AndrewsWho's rating: 1253 → 1223(-30 for losing)
