|j|☆VenuDaAscoInRain
|j|☆DevitosBaldHead
|html|VenuDaAscoInRainDevitosBaldHead    
|uhtml|bestof|Game 1 of a best-of-3
|t:|1783115345
|gametype|doubles
|player|p1|VenuDaAscoInRain|li|1237
|player|p2|DevitosBaldHead|wattson|1309
|gen|9
|tier|[Gen 9 Champions] VGC 2026 Reg M-B (Bo3)
|rated|
|rule|Species Clause: Limit one of each Pokémon
|rule|Item Clause: Limit 1 of each item
|clearpoke
|poke|p1|Charizard, L50, M, shiny|
|poke|p1|Farigiraf, L50, M, shiny|
|poke|p1|Kingambit, L50, M, shiny|
|poke|p1|Sylveon, L50, M, shiny|
|poke|p1|Aerodactyl, L50, M, shiny|
|poke|p1|Garchomp, L50, M, shiny|
|poke|p2|Pelipper, L50, M|
|poke|p2|Swampert, L50, F, shiny|
|poke|p2|Archaludon, L50, F, shiny|
|poke|p2|Sinistcha, L50|
|poke|p2|Maushold, L50|
|poke|p2|Gholdengo, L50|
|teampreview|4
|showteam|p1|Charizard||CharizarditeY|SolarPower|Protect,WeatherBall,HeatWave,SolarBeam|Modest||M|||50|]Farigiraf||ExpertBelt|ArmorTail|HelpingHand,TwinBeam,Thunderbolt,TrickRoom|Bold||M|||50|]Kingambit||FocusSash|Defiant|KowtowCleave,SuckerPunch,IronHead,LowKick|Adamant||M|||50|]Sylveon||FairyFeather|Pixilate|Detect,HyperVoice,HyperBeam,QuickAttack|Modest||M|||50|]Aerodactyl||Aerodactylite|Unnerve|IceFang,RockSlide,DualWingbeat,Tailwind|Jolly||M|||50|]Garchomp||LifeOrb|RoughSkin|Protect,RockSlide,DragonClaw,Earthquake|Adamant||M|||50|
|showteam|p2|Pelipper||SitrusBerry|Drizzle|Hurricane,WeatherBall,WideGuard,Protect|Modest||M|||50|]Swampert||Swampertite|Torrent|WaveCrash,HighHorsepower,Protect,IcePunch|Adamant||F|||50|]Archaludon||Leftovers|Stamina|ElectroShot,DragonPulse,FlashCannon,Protect|Modest||F|||50|]Sinistcha||KasibBerry|Hospitality|RagePowder,MatchaGotcha,TrickRoom,Protect|Bold|||||50|]Maushold||FocusSash|FriendGuard|FollowMe,RainDance,SuperFang,Protect|Jolly|||||50|]Gholdengo||LifeOrb|GoodasGold|MakeItRain,ShadowBall,NastyPlot,Protect|Modest|||||50|
|inactive|Battle timer is ON: inactive players will automatically lose when time's up. (requested by VenuDaAscoInRain)
|inactive|VenuDaAscoInRain has 60 seconds left.
|inactive|VenuDaAscoInRain has 30 seconds left.
|
|t:|1783115410
|teamsize|p1|4
|teamsize|p2|4
|start
|switch|p1a: Charizard|Charizard, L50, M, shiny|100/100
|switch|p1b: Aerodactyl|Aerodactyl, L50, M, shiny|100/100
|switch|p2a: Maushold|Maushold, L50|100/100
|switch|p2b: Archaludon|Archaludon, L50, F, shiny|100/100
|-ability|p1b: Aerodactyl|Unnerve
|turn|1
|
|t:|1783115434
|move|p1a: Charizard|Protect|p1a: Charizard
|-singleturn|p1a: Charizard|Protect
|move|p2b: Archaludon|Protect|p2b: Archaludon
|-singleturn|p2b: Archaludon|Protect
|move|p1b: Aerodactyl|Tailwind|p1b: Aerodactyl
|-sidestart|p1: VenuDaAscoInRain|move: Tailwind
|move|p2a: Maushold|Rain Dance|p2a: Maushold
|-weather|RainDance
|
|-weather|RainDance|[upkeep]
|upkeep
|turn|2
|inactive|DevitosBaldHead has 30 seconds left.
|
|t:|1783115467
|detailschange|p1a: Charizard|Charizard-Mega-Y, L50, M, shiny
|-mega|p1a: Charizard|Charizard|Charizardite Y
|-weather|SunnyDay|[from] ability: Drought|[of] p1a: Charizard
|move|p1b: Aerodactyl|Rock Slide|p2b: Archaludon|[spread] p2a,p2b
|-resisted|p2b: Archaludon|1
|-damage|p2a: Maushold|70/100
|-damage|p2b: Archaludon|94/100
|-ability|p2b: Archaludon|Stamina|boost
|-boost|p2b: Archaludon|def|1
|move|p1a: Charizard|Heat Wave|p2b: Archaludon|[spread] p2b
|-miss|p1a: Charizard|p2a: Maushold
|-crit|p2b: Archaludon
|-damage|p2b: Archaludon|26/100
|-ability|p2b: Archaludon|Stamina|boost
|-boost|p2b: Archaludon|def|1
|move|p2a: Maushold|Rain Dance|p2a: Maushold
|-weather|RainDance
|cant|p2b: Archaludon|flinch
|
|-weather|RainDance|[upkeep]
|-heal|p2b: Archaludon|32/100|[from] item: Leftovers
|upkeep
|turn|3
|inactive|VenuDaAscoInRain has 30 seconds left.
|inactive|DevitosBaldHead has 30 seconds left.
|
|t:|1783115501
|switch|p1a: Garchomp|Garchomp, L50, M, shiny|100/100
|move|p1b: Aerodactyl|Rock Slide|p2b: Archaludon|[spread] p2a,p2b
|-resisted|p2b: Archaludon|1
|-damage|p2a: Maushold|41/100
|-damage|p2b: Archaludon|30/100
|-ability|p2b: Archaludon|Stamina|boost
|-boost|p2b: Archaludon|def|1
|move|p2a: Maushold|Super Fang|p1a: Garchomp
|-damage|p1a: Garchomp|50/100g
|-damage|p2a: Maushold|29/100|[from] ability: Rough Skin|[of] p1a: Garchomp
|move|p2b: Archaludon|Electro Shot||[still]
|-prepare|p2b: Archaludon|Electro Shot
|-boost|p2b: Archaludon|spa|1
|-anim|p2b: Archaludon|Electro Shot|p1b: Aerodactyl
|-supereffective|p1b: Aerodactyl|1
|-damage|p1b: Aerodactyl|0 fnt
|faint|p1b: Aerodactyl
|
|-weather|RainDance|[upkeep]
|-heal|p2b: Archaludon|36/100|[from] item: Leftovers
|upkeep
|
|t:|1783115507
|switch|p1b: Kingambit|Kingambit, L50, M, shiny|100/100
|turn|4
|inactive|DevitosBaldHead has 30 seconds left.
|
|t:|1783115538
|move|p2a: Maushold|Follow Me|p2a: Maushold
|-singleturn|p2a: Maushold|move: Follow Me
|move|p1a: Garchomp|Dragon Claw|p2a: Maushold
|-damage|p2a: Maushold|0 fnt
|faint|p2a: Maushold
|-damage|p1a: Garchomp|40/100|[from] item: Life Orb
|move|p1b: Kingambit|Kowtow Cleave|p2b: Archaludon
|-damage|p2b: Archaludon|22/100
|-ability|p2b: Archaludon|Stamina|boost
|-boost|p2b: Archaludon|def|1
|move|p2b: Archaludon|Dragon Pulse|p1a: Garchomp
|-supereffective|p1a: Garchomp|1
|-damage|p1a: Garchomp|0 fnt
|faint|p1a: Garchomp
|
|-weather|RainDance|[upkeep]
|-heal|p2b: Archaludon|28/100|[from] item: Leftovers
|-sideend|p1: VenuDaAscoInRain|move: Tailwind
|upkeep
|
|t:|1783115558
|switch|p2a: Pelipper|Pelipper, L50, M|100/100
|switch|p1a: Charizard|Charizard-Mega-Y, L50, M, shiny|100/100
|-weather|SunnyDay|[from] ability: Drought|[of] p1a: Charizard
|-weather|RainDance|[from] ability: Drizzle|[of] p2a: Pelipper
|turn|5
|
|t:|1783115574
|move|p2b: Archaludon|Protect|p2b: Archaludon
|-singleturn|p2b: Archaludon|Protect
|move|p1b: Kingambit|Sucker Punch|p2a: Pelipper
|-damage|p2a: Pelipper|47/100
|-enditem|p2a: Pelipper|Sitrus Berry|[eat]
|-heal|p2a: Pelipper|72/100|[from] item: Sitrus Berry
|move|p1a: Charizard|Weather Ball|p2a: Pelipper
|-resisted|p2a: Pelipper|1
|-damage|p2a: Pelipper|23/100
|move|p2a: Pelipper|Weather Ball|p1a: Charizard
|-supereffective|p1a: Charizard|1
|-damage|p1a: Charizard|0 fnt
|faint|p1a: Charizard
|
|-weather|RainDance|[upkeep]
|-heal|p2b: Archaludon|34/100|[from] item: Leftovers
|upkeep
|turn|6
|-message|VenuDaAscoInRain forfeited.
|
|win|DevitosBaldHead
