|j|☆forzaturinstorm
|j|☆marcel72
|html|forzaturinstormmarcel72    
|uhtml|bestof|Game 3 of a best-of-3
|t:|1756489568
|gametype|doubles
|player|p1|forzaturinstorm|nate|1129
|player|p2|marcel72|170|1095
|gen|9
|tier|[Gen 9] VGC 2025 Reg H (Bo3)
|rated|
|rule|Species Clause: Limit one of each Pokémon
|rule|Item Clause: Limit 1 of each item
|clearpoke
|poke|p1|Porygon2, L50|
|poke|p1|Primarina, L50, M|
|poke|p1|Archaludon, L50, M|
|poke|p1|Ursaluna, L50, F|
|poke|p1|Vivillon, L50, F|
|poke|p1|Incineroar, L50, F|
|poke|p2|Ursaluna, L50, F|
|poke|p2|Vivillon-Polar, L50, M|
|poke|p2|Porygon2, L50|
|poke|p2|Annihilape, L50, F|
|poke|p2|Tinkaton, L50, F|
|poke|p2|Dragonite, L50, M|
|teampreview|4
|showteam|p1|Porygon2||Eviolite|Download|TeraBlast,IceBeam,TrickRoom,Recover||||||50|,,,,,Fighting]Primarina||LifeOrb|LiquidVoice|HyperVoice,Moonblast,Haze,Protect|||M|||50|,,,,,Poison]Archaludon||PowerHerb|Stalwart|Protect,ElectroShot,DragonPulse,FlashCannon|||M|||50|,,,,,Grass]Ursaluna||FlameOrb|Guts|HeadlongRush,Facade,Earthquake,Protect|||F|||50|,,,,,Poison]Vivillon||FocusSash|CompoundEyes|Hurricane,SleepPowder,Tailwind,Protect|||F|||50|,,,,,Ghost]Incineroar||AssaultVest|Intimidate|FlareBlitz,KnockOff,Uturn,FakeOut|||F|||50|,,,,,Grass
|showteam|p2|Ursaluna||FlameOrb|Guts|Facade,Earthquake,HeadlongRush,Protect|||F|||50|,,,,,Ghost]Vivillon-Polar||FocusSash|CompoundEyes|Hurricane,SleepPowder,RagePowder,Tailwind|||M|||50|,,,,,Ghost]Porygon2||Eviolite|Download|TeraBlast,IceBeam,Recover,TrickRoom||||||50|,,,,,Fighting]Annihilape||ChestoBerry|Defiant|DrainPunch,RageFist,BulkUp,Protect|||F|||50|,,,,,Fire]Tinkaton||AssaultVest|OwnTempo|FakeOut,GigatonHammer,PlayRough,KnockOff|||F|||50|,,,,,Water]Dragonite||LoadedDice|InnerFocus|ScaleShot,Tailwind,IceSpinner,Protect|||M|||50|,,,,,Fairy
|
|t:|1756489594
|teamsize|p1|4
|teamsize|p2|4
|start
|switch|p1a: Vivillon|Vivillon, L50, F|100/100
|switch|p1b: Ursaluna|Ursaluna, L50, F|100/100
|switch|p2a: Vivillon|Vivillon-Polar, L50, M, shiny|100/100
|switch|p2b: Tinkaton|Tinkaton, L50, F|100/100
|turn|1
|
|t:|1756489618
|move|p1b: Ursaluna|Protect|p1b: Ursaluna
|-singleturn|p1b: Ursaluna|Protect
|move|p2b: Tinkaton|Fake Out|p1a: Vivillon
|-damage|p1a: Vivillon|77/100
|move|p2a: Vivillon|Tailwind|p2a: Vivillon
|-sidestart|p2: marcel72|move: Tailwind
|cant|p1a: Vivillon|flinch
|
|-status|p1b: Ursaluna|brn|[from] item: Flame Orb
|upkeep
|turn|2
|l|☆marcel72
|player|p2|
|j|☆marcel72
|player|p2|marcel72|170|
|
|t:|1756489683
|switch|p2b: Annihilape|Annihilape, L50, F|100/100
|switch|p1a: Porygon2|Porygon2, L50|100/100
|-ability|p1a: Porygon2|Download|boost
|-boost|p1a: Porygon2|atk|1
|move|p2a: Vivillon|Hurricane|p1a: Porygon2
|-damage|p1a: Porygon2|80/100
|-start|p1a: Porygon2|confusion
|move|p1b: Ursaluna|Facade|p2a: Vivillon
|-enditem|p2a: Vivillon|Focus Sash
|-damage|p2a: Vivillon|1/100
|
|-damage|p1b: Ursaluna|95/100 brn|[from] brn
|upkeep
|turn|3
|
|t:|1756489727
|move|p1b: Ursaluna|Protect|p1b: Ursaluna
|-singleturn|p1b: Ursaluna|Protect
|move|p2a: Vivillon|Sleep Powder|p1a: Porygon2
|-status|p1a: Porygon2|slp|[from] move: Sleep Powder
|move|p2b: Annihilape|Bulk Up|p2b: Annihilape
|-boost|p2b: Annihilape|atk|1
|-boost|p2b: Annihilape|def|1
|cant|p1a: Porygon2|slp
|
|-damage|p1b: Ursaluna|89/100 brn|[from] brn
|upkeep
|turn|4
|
|t:|1756489765
|switch|p1a: Vivillon|Vivillon, L50, F|77/100
|-terastallize|p1b: Ursaluna|Poison
|move|p2a: Vivillon|Hurricane|p1b: Ursaluna
|-damage|p1b: Ursaluna|45/100 brn
|move|p2b: Annihilape|Drain Punch|p1b: Ursaluna
|-resisted|p1b: Ursaluna
|-damage|p1b: Ursaluna|27/100 brn
|move|p1b: Ursaluna|Facade|p2a: Vivillon
|-damage|p2a: Vivillon|0 fnt
|faint|p2a: Vivillon
|
|-damage|p1b: Ursaluna|21/100 brn|[from] brn
|-sideend|p2: marcel72|move: Tailwind
|upkeep
|
|t:|1756489781
|switch|p2a: Tinkaton|Tinkaton, L50, F|100/100
|turn|5
|
|t:|1756489811
|move|p1a: Vivillon|Protect|p1a: Vivillon
|-singleturn|p1a: Vivillon|Protect
|move|p1b: Ursaluna|Protect|p1b: Ursaluna
|-singleturn|p1b: Ursaluna|Protect
|move|p2a: Tinkaton|Fake Out|p1a: Vivillon
|-activate|p1a: Vivillon|move: Protect
|move|p2b: Annihilape|Bulk Up|p2b: Annihilape
|-boost|p2b: Annihilape|atk|1
|-boost|p2b: Annihilape|def|1
|
|-damage|p1b: Ursaluna|15/100 brn|[from] brn
|upkeep
|turn|6
|
|t:|1756489878
|-terastallize|p2a: Tinkaton|Water
|move|p1a: Vivillon|Tailwind|p1a: Vivillon
|-sidestart|p1: forzaturinstorm|move: Tailwind
|move|p1b: Ursaluna|Headlong Rush|p2a: Tinkaton
|-damage|p2a: Tinkaton|0 fnt
|-unboost|p1b: Ursaluna|def|1
|-unboost|p1b: Ursaluna|spd|1
|faint|p2a: Tinkaton
|move|p2b: Annihilape|Rage Fist|p1a: Vivillon
|-damage|p1a: Vivillon|0 fnt
|faint|p1a: Vivillon
|
|-damage|p1b: Ursaluna|9/100 brn|[from] brn
|upkeep
|
|t:|1756489892
|switch|p1a: Primarina|Primarina, L50, M|100/100
|switch|p2a: Porygon2|Porygon2, L50, shiny|100/100
|-ability|p2a: Porygon2|Download|boost
|-boost|p2a: Porygon2|atk|1
|turn|7
|
|t:|1756489939
|move|p1a: Primarina|Haze|p1a: Primarina
|-clearallboost
|move|p1b: Ursaluna|Facade|p2a: Porygon2
|-damage|p2a: Porygon2|36/100
|move|p2b: Annihilape|Rage Fist|p1a: Primarina
|-damage|p1a: Primarina|73/100
|move|p2a: Porygon2|Trick Room|p2a: Porygon2
|-fieldstart|move: Trick Room|[of] p2a: Porygon2
|
|-damage|p1b: Ursaluna|3/100 brn|[from] brn
|upkeep
|turn|8
|
|t:|1756489999
|switch|p1b: Porygon2|Porygon2, L50|80/100 slp
|-ability|p1b: Porygon2|Download|boost
|-boost|p1b: Porygon2|atk|1
|move|p2a: Porygon2|Tera Blast|p1a: Primarina
|-damage|p1a: Primarina|48/100
|move|p2b: Annihilape|Rage Fist|p1a: Primarina
|-damage|p1a: Primarina|23/100
|move|p1a: Primarina|Moonblast|p2a: Porygon2
|-damage|p2a: Porygon2|4/100
|-unboost|p2a: Porygon2|spa|1
|-damage|p1a: Primarina|13/100|[from] item: Life Orb
|
|upkeep
|turn|9
|
|t:|1756490050
|move|p1a: Primarina|Protect|p1a: Primarina
|-singleturn|p1a: Primarina|Protect
|move|p2a: Porygon2|Recover|p2a: Porygon2
|-heal|p2a: Porygon2|54/100
|move|p2b: Annihilape|Drain Punch|p1b: Porygon2
|-supereffective|p1b: Porygon2
|-damage|p1b: Porygon2|36/100 slp
|-curestatus|p1b: Porygon2|slp|[msg]
|move|p1b: Porygon2|Ice Beam|p2a: Porygon2
|-damage|p2a: Porygon2|42/100
|
|-sideend|p1: forzaturinstorm|move: Tailwind
|upkeep
|turn|10
|
|t:|1756490079
|move|p2b: Annihilape|Protect|p2b: Annihilape
|-singleturn|p2b: Annihilape|Protect
|move|p1b: Porygon2|Recover|p1b: Porygon2
|-heal|p1b: Porygon2|86/100
|move|p2a: Porygon2|Tera Blast|p1a: Primarina
|-damage|p1a: Primarina|0 fnt
|faint|p1a: Primarina
|
|upkeep
|
|t:|1756490086
|switch|p1a: Ursaluna|Ursaluna, L50, F, tera:Poison|3/100 brn
|turn|11
|
|t:|1756490119
|move|p1b: Porygon2|Tera Blast|p2a: Porygon2
|-damage|p2a: Porygon2|25/100
|move|p1a: Ursaluna|Headlong Rush|p2b: Annihilape
|-damage|p2b: Annihilape|3/100
|-unboost|p1a: Ursaluna|def|1
|-unboost|p1a: Ursaluna|spd|1
|move|p2a: Porygon2|Recover|p2a: Porygon2
|-heal|p2a: Porygon2|75/100
|move|p2b: Annihilape|Drain Punch|p1b: Porygon2
|-supereffective|p1b: Porygon2
|-damage|p1b: Porygon2|42/100
|-heal|p2b: Annihilape|24/100|[from] drain|[of] p1b: Porygon2
|
|-damage|p1a: Ursaluna|0 fnt|[from] brn
|faint|p1a: Ursaluna
|-fieldend|move: Trick Room
|upkeep
|turn|12
|
|t:|1756490140
|move|p2b: Annihilape|Drain Punch|p1b: Porygon2
|-supereffective|p1b: Porygon2
|-damage|p1b: Porygon2|0 fnt
|-heal|p2b: Annihilape|43/100|[from] drain|[of] p1b: Porygon2
|faint|p1b: Porygon2
|
|win|marcel72
|raw|forzaturinstorm's rating: 1129 → 1102(-27 for losing)
|raw|marcel72's rating: 1095 → 1123(+28 for winning)
|l|☆forzaturinstorm
|player|p1|
