|j|☆Hadrian1917
|j|☆copicentrovgc
|html|Hadrian1917copicentrovgc    
|uhtml|bestof|Game 1 of a best-of-3
|t:|1756165850
|gametype|doubles
|player|p1|Hadrian1917|266|1053
|player|p2|copicentrovgc|ingo|1101
|gen|9
|tier|[Gen 9] VGC 2025 Reg H (Bo3)
|rated|
|rule|Species Clause: Limit one of each Pokémon
|rule|Item Clause: Limit 1 of each item
|clearpoke
|poke|p1|Gholdengo, L50|
|poke|p1|Incineroar, L50, M|
|poke|p1|Amoonguss, L50, M|
|poke|p1|Archaludon, L50, F|
|poke|p1|Pelipper, L50, F|
|poke|p1|Dragonite, L50, M|
|poke|p2|Garganacl, L50, M|
|poke|p2|Dondozo, L50, F|
|poke|p2|Sneasler, L50, M|
|poke|p2|Gholdengo, L50|
|poke|p2|Ninetales-Alola, L50, F|
|poke|p2|Incineroar, L50, F|
|teampreview|4
|showteam|p1|Gholdengo||LifeOrb|GoodasGold|MakeItRain,ShadowBall,NastyPlot,Protect||||||50|,,,,,Water]Incineroar||SafetyGoggles|Intimidate|FlareBlitz,KnockOff,FakeOut,PartingShot|||M|||50|,,,,,Ghost]Amoonguss||RockyHelmet|Regenerator|RagePowder,PollenPuff,Protect,Spore|||M|||50|,,,,,Dark]Archaludon||AssaultVest|Stamina|FlashCannon,DracoMeteor,BodyPress,ElectroShot|||F|||50|,,,,,Grass]Pelipper||FocusSash|Drizzle|Hurricane,WeatherBall,Protect,WideGuard|||F|||50|,,,,,Ghost]Dragonite||LoadedDice|Multiscale|ScaleShot,Haze,Tailwind,Protect|||M|||50|,,,,,Fairy
|showteam|p2|Garganacl||MarangaBerry|PurifyingSalt|SaltCure,StealthRock,Protect,Recover|||M|||50|,,,,,Flying]Dondozo||Leftovers|Unaware|Liquidation,Yawn,Curse,Protect|||F|||50|,,,,,Poison]Sneasler||FocusSash|PoisonTouch|DireClaw,CloseCombat,Coaching,Protect|||M|||50|,,,,,Ghost]Gholdengo||ChoiceScarf|GoodasGold|MakeItRain,ShadowBall,Trick,PowerGem||||||50|,,,,,Steel]Ninetales-Alola||NeverMeltIce|SnowWarning|Blizzard,FreezeDry,Protect,AuroraVeil|||F|||50|,,,,,Ice]Incineroar||AssaultVest|Intimidate|FlareBlitz,KnockOff,FakeOut,DrainPunch|||F|||50|,,,,,Grass
|inactive|Battle timer is ON: inactive players will automatically lose when time's up. (requested by Hadrian1917)
|inactive|Hadrian1917 has 60 seconds left.
|inactive|copicentrovgc has 60 seconds left.
|inactive|copicentrovgc has 30 seconds left.
|
|t:|1756165917
|teamsize|p1|4
|teamsize|p2|4
|start
|switch|p1a: Incineroar|Incineroar, L50, M|100/100
|switch|p1b: Gholdengo|Gholdengo, L50|100/100
|switch|p2a: Incineroar|Incineroar, L50, F|100/100
|switch|p2b: Ninetales|Ninetales-Alola, L50, F|100/100
|-weather|Snowscape|[from] ability: Snow Warning|[of] p2b: Ninetales
|-ability|p1a: Incineroar|Intimidate|boost
|-unboost|p2a: Incineroar|atk|1
|-unboost|p2b: Ninetales|atk|1
|-ability|p2a: Incineroar|Intimidate|boost
|-unboost|p1a: Incineroar|atk|1
|-unboost|p1b: Gholdengo|atk|1
|turn|1
|inactive|copicentrovgc has 30 seconds left.
|inactive|copicentrovgc has 20 seconds left.
|inactive|copicentrovgc has 15 seconds left.
|
|t:|1756165961
|switch|p1b: Pelipper|Pelipper, L50, F|100/100
|-weather|RainDance|[from] ability: Drizzle|[of] p1b: Pelipper
|move|p2b: Ninetales|Protect|p2b: Ninetales
|-singleturn|p2b: Ninetales|Protect
|move|p1a: Incineroar|Knock Off|p2b: Ninetales
|-activate|p2b: Ninetales|move: Protect
|move|p2a: Incineroar|Knock Off|p1b: Pelipper
|-damage|p1b: Pelipper|55/100
|-enditem|p1b: Pelipper|Focus Sash|[from] move: Knock Off|[of] p2a: Incineroar
|
|-weather|RainDance|[upkeep]
|upkeep
|turn|2
|inactive|copicentrovgc has 30 seconds left.
|inactive|copicentrovgc has 20 seconds left.
|
|t:|1756165998
|switch|p2a: Dondozo|Dondozo, L50, F|100/100
|move|p2b: Ninetales|Freeze-Dry|p1b: Pelipper
|-supereffective|p1b: Pelipper
|-damage|p1b: Pelipper|0 fnt
|faint|p1b: Pelipper
|move|p1a: Incineroar|Knock Off|p2a: Dondozo
|-damage|p2a: Dondozo|76/100
|-enditem|p2a: Dondozo|Leftovers|[from] move: Knock Off|[of] p1a: Incineroar
|
|-weather|RainDance|[upkeep]
|upkeep
|
|t:|1756166009
|switch|p1b: Gholdengo|Gholdengo, L50|100/100
|turn|3
|
|t:|1756166021
|switch|p2b: Incineroar|Incineroar, L50, F|100/100
|-ability|p2b: Incineroar|Intimidate|boost
|-unboost|p1a: Incineroar|atk|1
|-unboost|p1b: Gholdengo|atk|1
|move|p1b: Gholdengo|Nasty Plot|p1b: Gholdengo
|-boost|p1b: Gholdengo|spa|2
|move|p1a: Incineroar|Knock Off|p2b: Incineroar
|-resisted|p2b: Incineroar
|-damage|p2b: Incineroar|91/100
|-enditem|p2b: Incineroar|Assault Vest|[from] move: Knock Off|[of] p1a: Incineroar
|move|p2a: Dondozo|Yawn|p1b: Gholdengo
|-immune|p1b: Gholdengo|[from] ability: Good as Gold
|
|-weather|RainDance|[upkeep]
|upkeep
|turn|4
|inactive|copicentrovgc has 30 seconds left.
|
|t:|1756166052
|move|p1b: Gholdengo|Protect|p1b: Gholdengo
|-singleturn|p1b: Gholdengo|Protect
|move|p1a: Incineroar|Parting Shot|p2a: Dondozo
|-unboost|p2a: Dondozo|atk|1
|-unboost|p2a: Dondozo|spa|1
|
|t:|1756166059
|switch|p1a: Archaludon|Archaludon, L50, F|100/100|[from] Parting Shot
|move|p2b: Incineroar|Knock Off|p1b: Gholdengo
|-activate|p1b: Gholdengo|move: Protect
|move|p2a: Dondozo|Liquidation|p1a: Archaludon
|-resisted|p1a: Archaludon
|-damage|p1a: Archaludon|87/100
|-ability|p1a: Archaludon|Stamina|boost
|-boost|p1a: Archaludon|def|1
|
|-weather|RainDance|[upkeep]
|upkeep
|turn|5
|inactive|Hadrian1917 has 30 seconds left.
|inactive|Hadrian1917 has 20 seconds left.
|
|t:|1756166097
|switch|p2a: Ninetales|Ninetales-Alola, L50, F|100/100
|-weather|Snowscape|[from] ability: Snow Warning|[of] p2a: Ninetales
|-terastallize|p1b: Gholdengo|Water
|move|p1b: Gholdengo|Make It Rain|p2a: Ninetales|[spread] p2a,p2b
|-supereffective|p2a: Ninetales
|-resisted|p2b: Incineroar
|-damage|p2a: Ninetales|0 fnt
|-damage|p2b: Incineroar|36/100
|-unboost|p1b: Gholdengo|spa|1
|faint|p2a: Ninetales
|-damage|p1b: Gholdengo|91/100|[from] item: Life Orb
|move|p1a: Archaludon|Body Press|p2b: Incineroar
|-supereffective|p2b: Incineroar
|-damage|p2b: Incineroar|0 fnt
|faint|p2b: Incineroar
|
|-weather|Snowscape|[upkeep]
|upkeep
|
|t:|1756166113
|switch|p2a: Garganacl|Garganacl, L50, M|100/100
|switch|p2b: Dondozo|Dondozo, L50, F|76/100
|turn|6
|
|t:|1756166135
|-terastallize|p2a: Garganacl|Flying
|move|p1b: Gholdengo|Shadow Ball|p2a: Garganacl
|-damage|p2a: Garganacl|72/100
|-enditem|p2a: Garganacl|Maranga Berry|[eat]
|-boost|p2a: Garganacl|spd|1|[from] item: Maranga Berry
|-damage|p1b: Gholdengo|81/100|[from] item: Life Orb
|move|p1a: Archaludon|Draco Meteor|p2a: Garganacl
|-damage|p2a: Garganacl|42/100
|-unboost|p1a: Archaludon|spa|2
|move|p2b: Dondozo|Curse|p2b: Dondozo
|-unboost|p2b: Dondozo|spe|1
|-boost|p2b: Dondozo|atk|1
|-boost|p2b: Dondozo|def|1
|move|p2a: Garganacl|Salt Cure|p1a: Archaludon
|-resisted|p1a: Archaludon
|-damage|p1a: Archaludon|84/100
|-start|p1a: Archaludon|Salt Cure
|-ability|p1a: Archaludon|Stamina|boost
|-boost|p1a: Archaludon|def|1
|
|-weather|Snowscape|[upkeep]
|-damage|p1a: Archaludon|59/100|[from] Salt Cure
|upkeep
|turn|7
|inactive|Hadrian1917 has 30 seconds left.
|inactive|copicentrovgc has 30 seconds left.
|inactive|Hadrian1917 has 20 seconds left.
|inactive|copicentrovgc has 20 seconds left.
|inactive|copicentrovgc has 15 seconds left.
|inactive|copicentrovgc has 10 seconds left.
|
|t:|1756166183
|switch|p1a: Incineroar|Incineroar, L50, M|100/100
|-ability|p1a: Incineroar|Intimidate|boost
|-unboost|p2a: Garganacl|atk|1
|-unboost|p2b: Dondozo|atk|1
|move|p1b: Gholdengo|Protect|p1b: Gholdengo
|-singleturn|p1b: Gholdengo|Protect
|move|p2a: Garganacl|Recover|p2a: Garganacl
|-heal|p2a: Garganacl|92/100
|move|p2b: Dondozo|Curse|p2b: Dondozo
|-unboost|p2b: Dondozo|spe|1
|-boost|p2b: Dondozo|atk|1
|-boost|p2b: Dondozo|def|1
|
|-weather|Snowscape|[upkeep]
|upkeep
|turn|8
|inactive|Hadrian1917 has 30 seconds left.
|
|t:|1756166212
|move|p1b: Gholdengo|Shadow Ball|p2a: Garganacl
|-damage|p2a: Garganacl|75/100
|-damage|p1b: Gholdengo|71/100|[from] item: Life Orb
|move|p1a: Incineroar|Flare Blitz|p2a: Garganacl
|-damage|p2a: Garganacl|44/100
|-damage|p1a: Incineroar|90/100|[from] Recoil
|move|p2a: Garganacl|Stealth Rock|p1a: Incineroar
|-sidestart|p1: Hadrian1917|move: Stealth Rock
|move|p2b: Dondozo|Liquidation|p1a: Incineroar
|-supereffective|p1a: Incineroar
|-damage|p1a: Incineroar|0 fnt
|faint|p1a: Incineroar
|
|-weather|Snowscape|[upkeep]
|upkeep
|
|t:|1756166229
|switch|p1a: Archaludon|Archaludon, L50, F|59/100
|-damage|p1a: Archaludon|53/100|[from] Stealth Rock
|turn|9
|inactive|copicentrovgc has 30 seconds left.
|inactive|copicentrovgc has 20 seconds left.
|
|t:|1756166264
|move|p1b: Gholdengo|Protect|p1b: Gholdengo
|-singleturn|p1b: Gholdengo|Protect
|move|p2a: Garganacl|Protect|p2a: Garganacl
|-singleturn|p2a: Garganacl|Protect
|move|p1a: Archaludon|Electro Shot||[still]
|-prepare|p1a: Archaludon|Electro Shot
|-boost|p1a: Archaludon|spa|1
|move|p2b: Dondozo|Yawn|p1a: Archaludon
|-start|p1a: Archaludon|move: Yawn|[of] p2b: Dondozo
|
|-weather|none
|upkeep
|turn|10
|inactive|Hadrian1917 has 30 seconds left.
|inactive|copicentrovgc has 30 seconds left.
|inactive|copicentrovgc has 20 seconds left.
|
|t:|1756166299
|move|p2a: Garganacl|Protect||[still]
|-fail|p2a: Garganacl
|move|p1b: Gholdengo|Shadow Ball|p2a: Garganacl
|-damage|p2a: Garganacl|27/100
|-damage|p1b: Gholdengo|61/100|[from] item: Life Orb
|move|p1a: Archaludon|Electro Shot|p2a: Garganacl|[from] lockedmove
|-supereffective|p2a: Garganacl
|-damage|p2a: Garganacl|0 fnt
|faint|p2a: Garganacl
|move|p2b: Dondozo|Liquidation|p1b: Gholdengo
|-resisted|p1b: Gholdengo
|-damage|p1b: Gholdengo|34/100
|
|-end|p1a: Archaludon|move: Yawn|[silent]
|-status|p1a: Archaludon|slp
|upkeep
|turn|11
|
|t:|1756166316
|move|p1b: Gholdengo|Nasty Plot|p1b: Gholdengo
|-boost|p1b: Gholdengo|spa|2
|cant|p1a: Archaludon|slp
|move|p2b: Dondozo|Liquidation|p1a: Archaludon
|-resisted|p1a: Archaludon
|-crit|p1a: Archaludon
|-damage|p1a: Archaludon|23/100 slp
|-ability|p1a: Archaludon|Stamina|boost
|-boost|p1a: Archaludon|def|1
|
|upkeep
|turn|12
|
|t:|1756166336
|move|p1b: Gholdengo|Shadow Ball|p2b: Dondozo
|-crit|p2b: Dondozo
|-damage|p2b: Dondozo|17/100
|-damage|p1b: Gholdengo|24/100|[from] item: Life Orb
|cant|p1a: Archaludon|slp
|move|p2b: Dondozo|Liquidation|p1a: Archaludon
|-resisted|p1a: Archaludon
|-damage|p1a: Archaludon|5/100 slp
|-ability|p1a: Archaludon|Stamina|boost
|-boost|p1a: Archaludon|def|1
|
|upkeep
|turn|13
|
|t:|1756166355
|move|p1b: Gholdengo|Make It Rain|p2b: Dondozo
|-resisted|p2b: Dondozo
|-damage|p2b: Dondozo|0 fnt
|-unboost|p1b: Gholdengo|spa|1
|faint|p2b: Dondozo
|-damage|p1b: Gholdengo|15/100|[from] item: Life Orb
|
|win|Hadrian1917
||copicentrovgc is ready for game 2.
||Hadrian1917 is ready for game 2.
|uhtml|next|Next: Game 2 of 3
