|j|☆glazeon69
|j|☆flaminanmol
|html|glazeon69flaminanmol    
|uhtml|bestof|Game 1 of a best-of-3
|t:|1783185291
|gametype|doubles
|player|p1|glazeon69|boarder|1000
|player|p2|flaminanmol|red|1060
|gen|9
|tier|[Gen 9 Champions] VGC 2026 Reg M-B (Bo3)
|rated|
|rule|Species Clause: Limit one of each Pokémon
|rule|Item Clause: Limit 1 of each item
|clearpoke
|poke|p1|Incineroar, L50, M|
|poke|p1|Sinistcha, L50|
|poke|p1|Drampa, L50, M|
|poke|p1|Oranguru, L50, M|
|poke|p1|Grimmsnarl, L50, M|
|poke|p1|Sylveon, L50, F|
|poke|p2|Sneasler, L50, M|
|poke|p2|Blaziken, L50, F|
|poke|p2|Whimsicott, L50, F|
|poke|p2|Incineroar, L50, F|
|poke|p2|Garchomp, L50, F|
|poke|p2|Clefable, L50, M|
|teampreview|4
|showteam|p1|Incineroar||SitrusBerry|Intimidate|FakeOut,PartingShot,FlareBlitz,ThroatChop|Lax||M|||50|]Sinistcha||Leftovers|Hospitality|RagePowder,MatchaGotcha,LifeDew,Protect|Bold|||||50|]Drampa||Drampanite|CloudNine|HyperVoice,Protect,EarthPower,CalmMind|Sassy||M|||50|]Oranguru||ColburBerry|InnerFocus|TrickRoom,Instruct,Protect,Psychic|Bold||M|||50|]Grimmsnarl||LightClay|Prankster|PartingShot,LightScreen,Reflect,FoulPlay|Sassy||M|||50|]Sylveon||FairyFeather|Pixilate|HyperVoice,HyperBeam,QuickAttack,Protect|Quiet||F|||50|
|showteam|p2|Sneasler||FocusSash|Unburden|DireClaw,CloseCombat,FakeOut,Protect|Adamant||M|||50|]Blaziken||LifeOrb|SpeedBoost|CloseCombat,Protect,FlareBlitz,BatonPass|Adamant||F|||50|]Whimsicott||MentalHerb|Prankster|Tailwind,SunnyDay,Moonblast,Protect|Timid||F|||50|]Incineroar||SitrusBerry|Intimidate|FakeOut,FlareBlitz,DarkestLariat,PartingShot|Brave||F|||50|]Garchomp||Garchompite|RoughSkin|Earthquake,ScaleShot,SwordsDance,Protect|Adamant||F|||50|]Clefable||Leftovers|Unaware|FollowMe,Protect,Moonblast,Flamethrower|Serious||M|||50|
|
|t:|1783185331
|teamsize|p1|4
|teamsize|p2|4
|start
|switch|p1a: Oranguru|Oranguru, L50, M|100/100
|switch|p1b: Grimmsnarl|Grimmsnarl, L50, M|100/100
|switch|p2a: Sneasler|Sneasler, L50, M|100/100
|switch|p2b: Incineroar|Incineroar, L50, F|100/100
|-ability|p2b: Incineroar|Intimidate|boost
|-fail|p1a: Oranguru|unboost|Attack|[from] ability: Inner Focus|[of] p1a: Oranguru
|-unboost|p1b: Grimmsnarl|atk|1
|turn|1
|
|t:|1783185352
|move|p2b: Incineroar|Fake Out|p1a: Oranguru
|-damage|p1a: Oranguru|89/100
|move|p1b: Grimmsnarl|Reflect|p1b: Grimmsnarl
|-sidestart|p1: glazeon69|Reflect
|move|p2a: Sneasler|Close Combat|p1a: Oranguru
|-damage|p1a: Oranguru|57/100
|-unboost|p2a: Sneasler|def|1
|-unboost|p2a: Sneasler|spd|1
|move|p1a: Oranguru|Trick Room|p1a: Oranguru
|-fieldstart|move: Trick Room|[of] p1a: Oranguru
|
|upkeep
|turn|2
|
|t:|1783185372
|switch|p1b: Incineroar|Incineroar, L50, M|100/100
|-ability|p1b: Incineroar|Intimidate|boost
|-unboost|p2a: Sneasler|atk|1
|-unboost|p2b: Incineroar|atk|1
|move|p2b: Incineroar|Darkest Lariat|p1a: Oranguru
|-supereffective|p1a: Oranguru|1
|-enditem|p1a: Oranguru|Colbur Berry|[eat]
|-enditem|p1a: Oranguru|Colbur Berry|[weaken]
|-damage|p1a: Oranguru|42/100
|move|p1a: Oranguru|Psychic|p2a: Sneasler
|-supereffective|p2a: Sneasler|2
|-enditem|p2a: Sneasler|Focus Sash
|-damage|p2a: Sneasler|1/100
|move|p2a: Sneasler|Dire Claw|p1b: Incineroar
|-damage|p1b: Incineroar|83/100
|
|upkeep
|turn|3
|
|t:|1783185394
|switch|p1a: Drampa|Drampa, L50, M|100/100
|-ability|p1a: Drampa|Cloud Nine
|move|p2a: Sneasler|Protect|p2a: Sneasler
|-singleturn|p2a: Sneasler|Protect
|move|p1b: Incineroar|Fake Out|p2a: Sneasler
|-activate|p2a: Sneasler|move: Protect
|move|p2b: Incineroar|Darkest Lariat|p1a: Drampa
|-damage|p1a: Drampa|82/100
|
|upkeep
|turn|4
|
|t:|1783185431
|detailschange|p1a: Drampa|Drampa-Mega, L50, M
|-mega|p1a: Drampa|Drampa|Drampanite
|move|p1a: Drampa|Calm Mind|p1a: Drampa
|-boost|p1a: Drampa|spa|1
|-boost|p1a: Drampa|spd|1
|move|p2b: Incineroar|Parting Shot|p1a: Drampa
|-unboost|p1a: Drampa|atk|1
|-unboost|p1a: Drampa|spa|1
|
|t:|1783185442
|switch|p2b: Clefable|Clefable, L50, M|100/100|[from] Parting Shot
|move|p1b: Incineroar|Flare Blitz|p2a: Sneasler
|-damage|p2a: Sneasler|0 fnt
|faint|p2a: Sneasler
|-damage|p1b: Incineroar|82/100|[from] Recoil
|
|upkeep
|
|t:|1783185453
|switch|p2a: Garchomp|Garchomp, L50, F|100/100
|turn|5
|
|t:|1783185461
|move|p2b: Clefable|Follow Me|p2b: Clefable
|-singleturn|p2b: Clefable|move: Follow Me
|move|p1a: Drampa|Hyper Voice|p2b: Clefable|[spread] p2a,p2b
|-damage|p2a: Garchomp|60/100
|-damage|p2b: Clefable|70/100
|move|p1b: Incineroar|Parting Shot|p2b: Clefable
|-unboost|p2b: Clefable|atk|1
|-unboost|p2b: Clefable|spa|1
|
|t:|1783185471
|switch|p1b: Grimmsnarl|Grimmsnarl, L50, M|100/100|[from] Parting Shot
|move|p2a: Garchomp|Swords Dance|p2a: Garchomp
|-boost|p2a: Garchomp|atk|2
|
|-heal|p2b: Clefable|76/100|[from] item: Leftovers
|-fieldend|move: Trick Room
|upkeep
|turn|6
|
|t:|1783185487
|move|p1a: Drampa|Protect|p1a: Drampa
|-singleturn|p1a: Drampa|Protect
|move|p1b: Grimmsnarl|Reflect||[still]
|-fail|p1b: Grimmsnarl
|move|p2a: Garchomp|Scale Shot|p1a: Drampa
|-activate|p1a: Drampa|move: Protect
|move|p2b: Clefable|Moonblast|p1b: Grimmsnarl
|-supereffective|p1b: Grimmsnarl|1
|-damage|p1b: Grimmsnarl|57/100
|
|-heal|p2b: Clefable|82/100|[from] item: Leftovers
|upkeep
|turn|7
|
|t:|1783185506
|switch|p1a: Incineroar|Incineroar, L50, M|82/100
|-ability|p1a: Incineroar|Intimidate|boost
|-unboost|p2a: Garchomp|atk|1
|-unboost|p2b: Clefable|atk|1
|move|p2b: Clefable|Follow Me|p2b: Clefable
|-singleturn|p2b: Clefable|move: Follow Me
|move|p1b: Grimmsnarl|Parting Shot|p2b: Clefable
|-unboost|p2b: Clefable|atk|1
|-unboost|p2b: Clefable|spa|1
|
|t:|1783185515
|switch|p1b: Oranguru|Oranguru, L50, M|42/100|[from] Parting Shot
|move|p2a: Garchomp|Scale Shot|p1a: Incineroar
|-damage|p1a: Incineroar|71/100
|-damage|p1a: Incineroar|59/100
|-damage|p1a: Incineroar|47/100
|-enditem|p1a: Incineroar|Sitrus Berry|[eat]
|-heal|p1a: Incineroar|72/100|[from] item: Sitrus Berry
|-damage|p1a: Incineroar|60/100
|-crit|p1a: Incineroar
|-damage|p1a: Incineroar|32/100
|-hitcount|p1a: Incineroar|5
|-unboost|p2a: Garchomp|def|1
|-boost|p2a: Garchomp|spe|1
|
|-heal|p2b: Clefable|88/100|[from] item: Leftovers
|upkeep
|turn|8
|
|t:|1783185551
|detailschange|p2a: Garchomp|Garchomp-Mega, L50, F
|-mega|p2a: Garchomp|Garchomp|Garchompite
|move|p2b: Clefable|Protect|p2b: Clefable
|-singleturn|p2b: Clefable|Protect
|move|p1a: Incineroar|Fake Out|p2a: Garchomp
|-damage|p2a: Garchomp|42/100
|cant|p2a: Garchomp|flinch
|move|p1b: Oranguru|Trick Room|p1b: Oranguru
|-fieldstart|move: Trick Room|[of] p1b: Oranguru
|
|-heal|p2b: Clefable|94/100|[from] item: Leftovers
|-sideend|p1: glazeon69|Reflect
|upkeep
|turn|9
|
|t:|1783185569
|move|p2b: Clefable|Follow Me|p2b: Clefable
|-singleturn|p2b: Clefable|move: Follow Me
|move|p1a: Incineroar|Flare Blitz|p2b: Clefable
|-damage|p2b: Clefable|38/100
|-damage|p1a: Incineroar|13/100|[from] Recoil
|move|p1b: Oranguru|Psychic|p2b: Clefable
|-damage|p2b: Clefable|14/100
|move|p2a: Garchomp|Earthquake|p1a: Incineroar|[spread] p2b,p1a,p1b
|-supereffective|p1a: Incineroar|1
|-damage|p2b: Clefable|0 fnt
|-damage|p1a: Incineroar|0 fnt
|-damage|p1b: Oranguru|0 fnt
|faint|p2b: Clefable
|faint|p1a: Incineroar
|faint|p1b: Oranguru
|
|upkeep
|
|t:|1783185585
|switch|p1a: Grimmsnarl|Grimmsnarl, L50, M|57/100
|switch|p2b: Incineroar|Incineroar, L50, F|100/100
|switch|p1b: Drampa|Drampa-Mega, L50, M|82/100
|-ability|p2b: Incineroar|Intimidate|boost
|-unboost|p1a: Grimmsnarl|atk|1
|-unboost|p1b: Drampa|atk|1
|turn|10
|
|t:|1783185611
|move|p1b: Drampa|Protect|p1b: Drampa
|-singleturn|p1b: Drampa|Protect
|move|p2b: Incineroar|Fake Out|p1a: Grimmsnarl
|-damage|p1a: Grimmsnarl|44/100
|cant|p1a: Grimmsnarl|flinch
|move|p2a: Garchomp|Earthquake|p1b: Drampa|[spread] p2b,p1a
|-activate|p1b: Drampa|move: Protect
|-supereffective|p2b: Incineroar|1
|-damage|p2b: Incineroar|0 fnt
|-damage|p1a: Grimmsnarl|0 fnt
|faint|p2b: Incineroar
|faint|p1a: Grimmsnarl
|
|upkeep
|turn|11
|
|t:|1783185632
|move|p1b: Drampa|Hyper Voice|p2a: Garchomp
|-damage|p2a: Garchomp|0 fnt
|faint|p2a: Garchomp
|
|win|glazeon69
|l|☆glazeon69
|player|p1|
||flaminanmol is ready for game 2.
|raw|glazeon69's rating: 1000 → 1000(+0 for losing)
|raw|flaminanmol's rating: 1060 → 1086(+26 for winning)
