|j|☆red gate
|j|☆itbeasher
|html|red gateitbeasher    
|uhtml|bestof|Game 2 of a best-of-3
|t:|1757755534
|gametype|doubles
|player|p1|red gate|n|1145
|player|p2|itbeasher|1|1118
|gen|9
|tier|[Gen 9] VGC 2025 Reg H (Bo3)
|rated|
|rule|Species Clause: Limit one of each Pokémon
|rule|Item Clause: Limit 1 of each item
|clearpoke
|poke|p1|Ursaluna-Bloodmoon, L50, M|
|poke|p1|Gholdengo, L50|
|poke|p1|Dragonite, L50, F|
|poke|p1|Incineroar, L50, M|
|poke|p1|Sneasler, L50, M|
|poke|p1|Rillaboom, L50, M|
|poke|p2|Dondozo, L50, F|
|poke|p2|Tatsugiri, L50, F|
|poke|p2|Whimsicott, L50, F|
|poke|p2|Ursaluna-Bloodmoon, L50, M|
|poke|p2|Indeedee, L50, M|
|poke|p2|Sneasler, L50, M|
|teampreview|4
|showteam|p1|Ursaluna-Bloodmoon||AssaultVest|MindsEye|HyperVoice,BloodMoon,EarthPower,VacuumWave|||M|||50|,,,,,Ghost]Gholdengo||GrassySeed|GoodasGold|MakeItRain,ShadowBall,NastyPlot,Protect||||||50|,,,,,Water]Dragonite||LoadedDice|Multiscale|ScaleShot,Haze,Tailwind,Protect|||F|||50|,,,,,Fairy]Incineroar||SafetyGoggles|Intimidate|FlareBlitz,KnockOff,PartingShot,FakeOut|||M|||50|,,,,,Ghost]Sneasler||FocusSash|PoisonTouch|DireClaw,CloseCombat,FakeOut,Protect|||M|||50|,,,,,Stellar]Rillaboom||MiracleSeed|GrassySurge|WoodHammer,GrassyGlide,HighHorsepower,FakeOut|||M|||50|,,,,,Fire
|showteam|p2|Dondozo||Leftovers|Unaware|Protect,HeavySlam,WaveCrash,OrderUp|||F|||50|,,,,,Steel]Tatsugiri||FocusSash|Commander|MuddyWater,DracoMeteor,IcyWind,Protect|||F|||50|,,,,,Fairy]Whimsicott||CovertCloak|Prankster|Moonblast,Tailwind,HelpingHand,LightScreen|||F|||50|,,,,,Water]Ursaluna-Bloodmoon||LifeOrb|MindsEye|Protect,HyperVoice,BloodMoon,EarthPower|||M|||50|,,,,,Normal]Indeedee||ChoiceScarf|PsychicSurge|Protect,Trick,ExpandingForce,TeraBlast|||M|||50|,,,,,Psychic]Sneasler||PsychicSeed|Unburden|Protect,DireClaw,CloseCombat,ThroatChop|||M|||50|,,,,,Dark
|inactive|Battle timer is ON: inactive players will automatically lose when time's up. (requested by red gate)
|
|t:|1757755551
|teamsize|p1|4
|teamsize|p2|4
|start
|switch|p1a: Incineroar|Incineroar, L50, M|100/100
|switch|p1b: Gholdengo|Gholdengo, L50|100/100
|switch|p2a: Whimsicott|Whimsicott, L50, F|100/100
|switch|p2b: Ursaluna|Ursaluna-Bloodmoon, L50, M|100/100
|-ability|p1a: Incineroar|Intimidate|boost
|-unboost|p2a: Whimsicott|atk|1
|-unboost|p2b: Ursaluna|atk|1
|turn|1
|inactive|itbeasher has 30 seconds left.
|
|t:|1757755579
|move|p2b: Ursaluna|Protect|p2b: Ursaluna
|-singleturn|p2b: Ursaluna|Protect
|move|p1a: Incineroar|Fake Out|p2b: Ursaluna
|-activate|p2b: Ursaluna|move: Protect
|move|p2a: Whimsicott|Tailwind|p2a: Whimsicott
|-sidestart|p2: itbeasher|move: Tailwind
|move|p1b: Gholdengo|Nasty Plot|p1b: Gholdengo
|-boost|p1b: Gholdengo|spa|2
|
|upkeep
|turn|2
|inactive|itbeasher has 30 seconds left.
|
|t:|1757755612
|-terastallize|p2b: Ursaluna|Normal
|move|p1b: Gholdengo|Protect|p1b: Gholdengo
|-singleturn|p1b: Gholdengo|Protect
|move|p2a: Whimsicott|Moonblast|p1a: Incineroar
|-damage|p1a: Incineroar|82/100
|move|p2b: Ursaluna|Hyper Voice|p1a: Incineroar|[spread] p1a
|-activate|p1b: Gholdengo|move: Protect
|-damage|p1a: Incineroar|35/100
|-damage|p2b: Ursaluna|91/100|[from] item: Life Orb
|move|p1a: Incineroar|Parting Shot|p2b: Ursaluna
|-unboost|p2b: Ursaluna|atk|1
|-unboost|p2b: Ursaluna|spa|1
|
|t:|1757755631
|switch|p1a: Rillaboom|Rillaboom, L50, M|100/100|[from] Parting Shot
|-fieldstart|move: Grassy Terrain|[from] ability: Grassy Surge|[of] p1a: Rillaboom
|-enditem|p1b: Gholdengo|Grassy Seed
|-boost|p1b: Gholdengo|def|1|[from] item: Grassy Seed
|
|-heal|p2b: Ursaluna|97/100|[from] Grassy Terrain
|upkeep
|turn|3
|
|t:|1757755649
|-terastallize|p1b: Gholdengo|Water
|move|p2b: Ursaluna|Protect|p2b: Ursaluna
|-singleturn|p2b: Ursaluna|Protect
|move|p2a: Whimsicott|Light Screen|p2a: Whimsicott
|-sidestart|p2: itbeasher|move: Light Screen
|move|p1b: Gholdengo|Make It Rain|p2b: Ursaluna|[spread] p2a
|-activate|p2b: Ursaluna|move: Protect
|-supereffective|p2a: Whimsicott
|-crit|p2a: Whimsicott
|-damage|p2a: Whimsicott|0 fnt
|-unboost|p1b: Gholdengo|spa|1
|faint|p2a: Whimsicott
|move|p1a: Rillaboom|Wood Hammer|p2b: Ursaluna
|-activate|p2b: Ursaluna|move: Protect
|
|-heal|p2b: Ursaluna|100/100|[from] Grassy Terrain
|upkeep
|
|t:|1757755659
|switch|p2a: Dondozo|Dondozo, L50, F|100/100
|turn|4
|
|t:|1757755677
|move|p2a: Dondozo|Protect|p2a: Dondozo
|-singleturn|p2a: Dondozo|Protect
|move|p1b: Gholdengo|Protect|p1b: Gholdengo
|-singleturn|p1b: Gholdengo|Protect
|move|p2b: Ursaluna|Blood Moon|p1a: Rillaboom
|-damage|p1a: Rillaboom|5/100
|-damage|p2b: Ursaluna|91/100|[from] item: Life Orb
|move|p1a: Rillaboom|Wood Hammer|p2b: Ursaluna
|-damage|p2b: Ursaluna|15/100
|-damage|p1a: Rillaboom|0 fnt|[from] Recoil
|faint|p1a: Rillaboom
|
|-heal|p2b: Ursaluna|21/100|[from] Grassy Terrain
|-sideend|p2: itbeasher|move: Tailwind
|upkeep
|
|t:|1757755695
|switch|p1a: Incineroar|Incineroar, L50, M|35/100
|-ability|p1a: Incineroar|Intimidate|boost
|-unboost|p2a: Dondozo|atk|1
|-unboost|p2b: Ursaluna|atk|1
|turn|5
|
|t:|1757755708
|switch|p2b: Tatsugiri|Tatsugiri, L50, F|100/100
|-activate|p2b: Tatsugiri|ability: Commander|[of] p2a: Dondozo
|-boost|p2a: Dondozo|atk|2
|-boost|p2a: Dondozo|spa|2
|-boost|p2a: Dondozo|spe|2
|-boost|p2a: Dondozo|def|2
|-boost|p2a: Dondozo|spd|2
|move|p2a: Dondozo|Order Up|p1a: Incineroar
|-damage|p1a: Incineroar|0 fnt
|faint|p1a: Incineroar
|-boost|p2a: Dondozo|atk|1
|move|p1b: Gholdengo|Nasty Plot|p1b: Gholdengo
|-boost|p1b: Gholdengo|spa|2
|
|upkeep
|
|t:|1757755717
|switch|p1a: Dragonite|Dragonite, L50, F|100/100
|turn|6
|
|t:|1757755727
|move|p2a: Dondozo|Order Up|p1a: Dragonite
|-supereffective|p1a: Dragonite
|-damage|p1a: Dragonite|43/100
|-boost|p2a: Dondozo|atk|1
|move|p1b: Gholdengo|Nasty Plot|p1b: Gholdengo
|-boost|p1b: Gholdengo|spa|2
|move|p1a: Dragonite|Haze|p1a: Dragonite
|-clearallboost
|
|-fieldend|move: Grassy Terrain
|upkeep
|turn|7
|
|t:|1757755741
|move|p1a: Dragonite|Protect|p1a: Dragonite
|-singleturn|p1a: Dragonite|Protect
|move|p1b: Gholdengo|Shadow Ball|p2a: Dondozo
|-damage|p2a: Dondozo|71/100
|move|p2a: Dondozo|Order Up|p1a: Dragonite
|-activate|p1a: Dragonite|move: Protect
|
|-heal|p2a: Dondozo|77/100|[from] item: Leftovers
|-sideend|p2: itbeasher|move: Light Screen
|upkeep
|turn|8
|
|t:|1757755754
|move|p1b: Gholdengo|Shadow Ball|p2a: Dondozo
|-damage|p2a: Dondozo|35/100
|move|p1a: Dragonite|Scale Shot|p2a: Dondozo
|-damage|p2a: Dondozo|26/100
|-damage|p2a: Dondozo|15/100
|-damage|p2a: Dondozo|4/100
|-damage|p2a: Dondozo|0 fnt
|faint|p2a: Dondozo
|-hitcount|p2: Dondozo|4
|-unboost|p1a: Dragonite|def|1
|-boost|p1a: Dragonite|spe|1
|
|upkeep
|
|t:|1757755761
|switch|p2a: Ursaluna|Ursaluna-Bloodmoon, L50, M, tera:Normal|21/100
|turn|9
|
|t:|1757755777
|move|p1a: Dragonite|Tailwind|p1a: Dragonite
|-sidestart|p1: red gate|move: Tailwind
|move|p1b: Gholdengo|Make It Rain|p2b: Tatsugiri|[spread] p2a,p2b
|-resisted|p2b: Tatsugiri
|-damage|p2a: Ursaluna|0 fnt
|-damage|p2b: Tatsugiri|74/100
|-unboost|p1b: Gholdengo|spa|1
|faint|p2a: Ursaluna
|move|p2b: Tatsugiri|Icy Wind|p1a: Dragonite|[spread] p1a,p1b
|-supereffective|p1a: Dragonite
|-resisted|p1b: Gholdengo
|-damage|p1a: Dragonite|0 fnt
|-damage|p1b: Gholdengo|94/100
|-unboost|p1b: Gholdengo|spe|1
|faint|p1a: Dragonite
|
|upkeep
|turn|10
|
|t:|1757755789
|move|p1b: Gholdengo|Shadow Ball|p2b: Tatsugiri
|-damage|p2b: Tatsugiri|42/100
|move|p2b: Tatsugiri|Muddy Water|p1b: Gholdengo
|-resisted|p1b: Gholdengo
|-damage|p1b: Gholdengo|69/100
|-unboost|p1b: Gholdengo|accuracy|1
|
|upkeep
|turn|11
|
|t:|1757755802
|move|p1b: Gholdengo|Shadow Ball|p2b: Tatsugiri|[miss]
|-miss|p1b: Gholdengo|p2b: Tatsugiri
|move|p2b: Tatsugiri|Draco Meteor|p1b: Gholdengo
|-damage|p1b: Gholdengo|1/100
|-unboost|p2b: Tatsugiri|spa|2
|
|upkeep
|turn|12
|
|t:|1757755810
|move|p2b: Tatsugiri|Protect|p2b: Tatsugiri
|-singleturn|p2b: Tatsugiri|Protect
|move|p1b: Gholdengo|Nasty Plot|p1b: Gholdengo
|-boost|p1b: Gholdengo|spa|2
|
|-sideend|p1: red gate|move: Tailwind
|upkeep
|turn|13
|
|t:|1757755820
|move|p2b: Tatsugiri|Icy Wind|p1b: Gholdengo
|-resisted|p1b: Gholdengo
|-damage|p1b: Gholdengo|0 fnt
|faint|p1b: Gholdengo
|
|win|itbeasher
||red gate is ready for game 3.
