|j|☆sturmkitten69
|j|☆x-demon18
|html|sturmkitten69x-demon18    
|uhtml|bestof|Game 1 of a best-of-3
|t:|1784253649
|gametype|doubles
|player|p1|sturmkitten69|fisherman-gen4|1139
|player|p2|x-demon18|lucas|1007
|gen|9
|tier|[Gen 9 Champions] VGC 2026 Reg M-B (Bo3)
|rated|
|rule|Species Clause: Limit one of each Pokémon
|rule|Item Clause: Limit 1 of each item
|clearpoke
|poke|p1|Weavile, L50, M|
|poke|p1|Mudsdale, L50, M|
|poke|p1|Abomasnow, L50, F|
|poke|p1|Charizard, L50, M|
|poke|p1|Archaludon, L50, F|
|poke|p1|Politoed, L50, M|
|poke|p2|Incineroar, L50, M|
|poke|p2|Rotom-Wash, L50|
|poke|p2|Venusaur, L50, F|
|poke|p2|Garchomp, L50, M|
|poke|p2|Corviknight, L50, M|
|poke|p2|Sylveon, L50, F|
|teampreview|4
|showteam|p1|Weavile||FocusSash|Pickpocket|KnockOff,FakeOut,TripleAxel,Protect|Jolly||M|||50|]Mudsdale||MentalHerb|InnerFocus|Curse,Earthquake,RockSlide,IronHead|Adamant||M|||50|]Abomasnow||LightClay|SnowWarning|Blizzard,AuroraVeil,EnergyBall,EarthPower|Modest||F|||50|]Charizard||CharizarditeY|Blaze|HeatWave,SolarBeam,WeatherBall,Protect|Modest||M|||50|]Archaludon||Leftovers|Stamina|DragonPulse,Protect,ElectroShot,FlashCannon|Modest||F|||50|]Politoed||SitrusBerry|Drizzle|Protect,WeatherBall,PerishSong,Surf|Bold||M|||50|
|showteam|p2|Incineroar||ExpertBelt|Intimidate|FakeOut,TemperFlare,ThroatChop,PartingShot|Adamant||M|||50|]Rotom-Wash||RindoBerry|Levitate|HydroPump,Electroweb,WillOWisp,VoltSwitch|Modest|||||50|]Venusaur||Venusaurite|Chlorophyll|GigaDrain,SludgeBomb,EarthPower,Protect|Modest||F|||50|]Garchomp||LifeOrb|RoughSkin|RockSlide,DragonClaw,StompingTantrum,Protect|Jolly||M|||50|]Corviknight||OccaBerry|MirrorArmor|Tailwind,BraveBird,IronHead,BodyPress|Careful||M|||50|]Sylveon||FairyFeather|Pixilate|HyperVoice,QuickAttack,Yawn,Detect|Modest||F|||50|
|
|t:|1784253712
|teamsize|p1|4
|teamsize|p2|4
|start
|switch|p1a: Weavile|Weavile, L50, M|100/100
|switch|p1b: Mudsdale|Mudsdale, L50, M|100/100
|switch|p2a: Griffith|Corviknight, L50, M|100/100
|switch|p2b: HydroVolt|Rotom-Wash, L50|100/100
|turn|1
|
|t:|1784253743
|move|p1a: Weavile|Fake Out|p2b: HydroVolt
|-damage|p2b: HydroVolt|85/100
|cant|p2b: HydroVolt|flinch
|move|p2a: Griffith|Body Press|p1a: Weavile
|-supereffective|p1a: Weavile|2
|-enditem|p1a: Weavile|Focus Sash
|-damage|p1a: Weavile|1/100
|-enditem|p2a: Griffith|Occa Berry|[silent]|[from] ability: Pickpocket|[of] p2a: Griffith
|-item|p1a: Weavile|Occa Berry|[from] ability: Pickpocket|[of] p2a: Griffith
|move|p1b: Mudsdale|Curse|p1b: Mudsdale
|-unboost|p1b: Mudsdale|spe|1
|-boost|p1b: Mudsdale|atk|1
|-boost|p1b: Mudsdale|def|1
|
|upkeep
|turn|2
|
|t:|1784253784
|move|p1a: Weavile|Knock Off|p2b: HydroVolt
|-damage|p2b: HydroVolt|31/100
|-enditem|p2b: HydroVolt|Rindo Berry|[from] move: Knock Off|[of] p1a: Weavile
|move|p2b: HydroVolt|Will-O-Wisp|p1b: Mudsdale
|-status|p1b: Mudsdale|brn
|move|p2a: Griffith|Tailwind|p2a: Griffith
|-sidestart|p2: x-demon18|move: Tailwind
|move|p1b: Mudsdale|Rock Slide|p2a: Griffith|[spread] p2a,p2b
|-damage|p2a: Griffith|85/100
|-damage|p2b: HydroVolt|16/100
|
|-damage|p1b: Mudsdale|93/100 brn|[from] brn
|upkeep
|turn|3
|
|t:|1784253814
|switch|p1a: Abomasnow|Abomasnow, L50, F|100/100
|-weather|Snowscape|[from] ability: Snow Warning|[of] p1a: Abomasnow
|switch|p2a: Yggdrasil|Venusaur, L50, F|100/100
|move|p2b: HydroVolt|Volt Switch|p1a: Abomasnow
|-resisted|p1a: Abomasnow|1
|-damage|p1a: Abomasnow|83/100
|
|t:|1784253823
|switch|p2b: Griffith|Corviknight, L50, M|85/100|[from] Volt Switch
|move|p1b: Mudsdale|Rock Slide|p2a: Yggdrasil|[spread] p2a,p2b
|-damage|p2a: Yggdrasil|83/100
|-damage|p2b: Griffith|72/100
|
|-weather|Snowscape|[upkeep]
|-damage|p1b: Mudsdale|87/100 brn|[from] brn
|upkeep
|turn|4
|
|t:|1784253891
|detailschange|p2a: Yggdrasil|Venusaur-Mega, L50, F
|-mega|p2a: Yggdrasil|Venusaur|Venusaurite
|move|p2a: Yggdrasil|Giga Drain|p1b: Mudsdale
|-supereffective|p1b: Mudsdale|1
|-damage|p1b: Mudsdale|16/100 brn
|-heal|p2a: Yggdrasil|100/100|[from] drain|[of] p1b: Mudsdale
|move|p2b: Griffith|Iron Head|p1a: Abomasnow
|-supereffective|p1a: Abomasnow|1
|-damage|p1a: Abomasnow|35/100
|cant|p1a: Abomasnow|flinch
|move|p1b: Mudsdale|Iron Head|p2a: Yggdrasil
|-damage|p2a: Yggdrasil|82/100
|
|-weather|Snowscape|[upkeep]
|-damage|p1b: Mudsdale|10/100 brn|[from] brn
|upkeep
|turn|5
|
|t:|1784253918
|move|p2a: Yggdrasil|Sludge Bomb|p1a: Abomasnow
|-supereffective|p1a: Abomasnow|1
|-damage|p1a: Abomasnow|0 fnt
|faint|p1a: Abomasnow
|move|p2b: Griffith|Body Press|p1b: Mudsdale
|-damage|p1b: Mudsdale|0 fnt
|faint|p1b: Mudsdale
|
|-weather|Snowscape|[upkeep]
|-sideend|p2: x-demon18|move: Tailwind
|upkeep
|
|t:|1784253932
|switch|p1a: Charizard|Charizard, L50, M|100/100
|switch|p1b: Weavile|Weavile, L50, M|1/100
|turn|6
|
|t:|1784253946
|detailschange|p1a: Charizard|Charizard-Mega-Y, L50, M
|-mega|p1a: Charizard|Charizard|Charizardite Y
|-weather|SunnyDay|[from] ability: Drought|[of] p1a: Charizard
|move|p1b: Weavile|Fake Out|p2b: Griffith
|-resisted|p2b: Griffith|1
|-damage|p2b: Griffith|66/100
|move|p1a: Charizard|Heat Wave|p2a: Yggdrasil|[spread] p2a,p2b
|-supereffective|p2a: Yggdrasil|1
|-supereffective|p2b: Griffith|1
|-damage|p2a: Yggdrasil|26/100
|-damage|p2b: Griffith|0 fnt
|faint|p2b: Griffith
|move|p2a: Yggdrasil|Sludge Bomb|p1a: Charizard
|-damage|p1a: Charizard|55/100
|
|-weather|SunnyDay|[upkeep]
|upkeep
|
|t:|1784253965
|switch|p2b: HydroVolt|Rotom-Wash, L50|16/100
|turn|7
|
|t:|1784253984
|move|p1b: Weavile|Knock Off|p2b: HydroVolt
|-damage|p2b: HydroVolt|0 fnt
|faint|p2b: HydroVolt
|move|p1a: Charizard|Weather Ball|p2a: Yggdrasil
|-supereffective|p2a: Yggdrasil|1
|-damage|p2a: Yggdrasil|0 fnt
|faint|p2a: Yggdrasil
|
|-weather|SunnyDay|[upkeep]
|upkeep
|
|t:|1784253995
|switch|p2b: Berserk|Garchomp, L50, M|100/100
|turn|8
|
|t:|1784254011
|move|p1b: Weavile|Triple Axel|p2b: Berserk
|-supereffective|p2b: Berserk|2
|-damage|p2b: Berserk|58/100
|-damage|p1b: Weavile|0 fnt|[from] ability: Rough Skin|[of] p2b: Berserk
|faint|p1b: Weavile
|-hitcount|p2b: Berserk|1
|move|p2b: Berserk|Rock Slide|p1a: Charizard
|-supereffective|p1a: Charizard|2
|-damage|p1a: Charizard|0 fnt
|faint|p1a: Charizard
|-damage|p2b: Berserk|48/100|[from] item: Life Orb
|
|win|x-demon18
||sturmkitten69 is ready for game 2.
|inactive|x-demon18 has 30 seconds to confirm battle start!
|l|☆sturmkitten69
|player|p1|
