|j|☆bunii on spotify
|j|☆merr123
|html|bunii on spotifymerr123    
|uhtml|bestof|Game 2 of a best-of-3
|t:|1757037711
|gametype|doubles
|player|p1|bunii on spotify|cheryl|1257
|player|p2|merr123|sisandbro|1297
|gen|9
|tier|[Gen 9] VGC 2025 Reg H (Bo3)
|rated|
|rule|Species Clause: Limit one of each Pokémon
|rule|Item Clause: Limit 1 of each item
|clearpoke
|poke|p1|Amoonguss, L50, M|
|poke|p1|Ursaluna, L50, F|
|poke|p1|Hydreigon, L50, M|
|poke|p1|Incineroar, L50, M|
|poke|p1|Porygon2, L50|
|poke|p1|Gholdengo, L50|
|poke|p2|Sneasler, L50, F|
|poke|p2|Gholdengo, L50|
|poke|p2|Amoonguss, L50, F|
|poke|p2|Incineroar, L50, F|
|poke|p2|Ursaluna-Bloodmoon, L50, M|
|poke|p2|Dragonite, L50, F|
|teampreview|4
|showteam|p1|Amoonguss||RockyHelmet|Regenerator|PollenPuff,Spore,RagePowder,Protect|||M|||50|,,,,,Fairy]Ursaluna||FlameOrb|Guts|Facade,HeadlongRush,Earthquake,Protect|||F|||50|,,,,,Ghost]Hydreigon||SafetyGoggles|Levitate|DracoMeteor,Protect,Tailwind,Snarl|||M|||50|,,,,,Ghost]Incineroar||SitrusBerry|Intimidate|FlareBlitz,KnockOff,PartingShot,FakeOut|||M|||50|,,,,,Ghost]Porygon2||Eviolite|Download|TeraBlast,IceBeam,Recover,TrickRoom||||||50|,,,,,Fighting]Gholdengo||IronPlate|GoodasGold|MakeItRain,ShadowBall,NastyPlot,Protect||||||50|,,,,,Water
|showteam|p2|Sneasler||ClearAmulet|PoisonTouch|FakeOut,CloseCombat,DireClaw,Protect|||F|||50|,,,,,Water]Gholdengo||MetalCoat|GoodasGold|NastyPlot,MakeItRain,ShadowBall,Protect||||||50|,,,,,Water]Amoonguss||SitrusBerry|Regenerator|Spore,RagePowder,PollenPuff,Protect|||F|||50|,,,,,Water]Incineroar||SafetyGoggles|Intimidate|FakeOut,FlareBlitz,KnockOff,PartingShot|||F|||50|,,,,,Ghost]Ursaluna-Bloodmoon||LifeOrb|MindsEye|CalmMind,EarthPower,BloodMoon,Protect|||M|||50|,,,,,Poison]Dragonite||LoadedDice|Multiscale|ScaleShot,Haze,Tailwind,Protect|||F|||50|,,,,,Fairy
|inactive|Battle timer is ON: inactive players will automatically lose when time's up. (requested by merr123)
|inactive|bunii on spotify has 60 seconds left.
|inactive|merr123 has 60 seconds left.
|inactive|merr123 has 30 seconds left.
|
|t:|1757037777
|teamsize|p1|4
|teamsize|p2|4
|start
|switch|p1a: Gholdengo|Gholdengo, L50|100/100
|switch|p1b: Amoonguss|Amoonguss, L50, M|100/100
|switch|p2a: Dragonite|Dragonite, L50, F|100/100
|switch|p2b: Ursaluna|Ursaluna-Bloodmoon, L50, M|100/100
|turn|1
|
|t:|1757037787
|move|p1b: Amoonguss|Rage Powder|p1b: Amoonguss
|-singleturn|p1b: Amoonguss|move: Rage Powder
|move|p2a: Dragonite|Scale Shot|p1b: Amoonguss
|-damage|p1b: Amoonguss|88/100
|-damage|p1b: Amoonguss|76/100
|-damage|p1b: Amoonguss|64/100
|-damage|p1b: Amoonguss|52/100
|-hitcount|p1b: Amoonguss|4
|-unboost|p2a: Dragonite|def|1
|-boost|p2a: Dragonite|spe|1
|move|p1a: Gholdengo|Nasty Plot|p1a: Gholdengo
|-boost|p1a: Gholdengo|spa|2
|move|p2b: Ursaluna|Blood Moon|p1b: Amoonguss
|-damage|p1b: Amoonguss|0 fnt
|faint|p1b: Amoonguss
|-damage|p2b: Ursaluna|91/100|[from] item: Life Orb
|
|upkeep
|
|t:|1757037794
|switch|p1b: Incineroar|Incineroar, L50, M|100/100
|-ability|p1b: Incineroar|Intimidate|boost
|-unboost|p2a: Dragonite|atk|1
|-unboost|p2b: Ursaluna|atk|1
|turn|2
|
|t:|1757037815
|move|p2a: Dragonite|Protect|p2a: Dragonite
|-singleturn|p2a: Dragonite|Protect
|move|p2b: Ursaluna|Protect|p2b: Ursaluna
|-singleturn|p2b: Ursaluna|Protect
|move|p1b: Incineroar|Fake Out|p2a: Dragonite
|-activate|p2a: Dragonite|move: Protect
|move|p1a: Gholdengo|Make It Rain|p2b: Ursaluna|[spread] 
|-activate|p2a: Dragonite|move: Protect
|-activate|p2b: Ursaluna|move: Protect
|
|upkeep
|turn|3
|
|t:|1757037827
|move|p2a: Dragonite|Haze|p2a: Dragonite
|-clearallboost
|move|p1a: Gholdengo|Make It Rain|p2a: Dragonite|[spread] p2a,p2b
|-damage|p2a: Dragonite|69/100
|-damage|p2b: Ursaluna|23/100
|-unboost|p1a: Gholdengo|spa|1
|move|p1b: Incineroar|Knock Off|p2a: Dragonite
|-damage|p2a: Dragonite|26/100
|-enditem|p2a: Dragonite|Loaded Dice|[from] move: Knock Off|[of] p1b: Incineroar
|move|p2b: Ursaluna|Earth Power|p1b: Incineroar
|-supereffective|p1b: Incineroar
|-damage|p1b: Incineroar|2/100
|-unboost|p1b: Incineroar|spd|1
|-enditem|p1b: Incineroar|Sitrus Berry|[eat]
|-heal|p1b: Incineroar|27/100|[from] item: Sitrus Berry
|-damage|p2b: Ursaluna|14/100|[from] item: Life Orb
|
|upkeep
|turn|4
|inactive|merr123 has 30 seconds left.
|
|t:|1757037853
|switch|p1b: Porygon2|Porygon2, L50|100/100
|-ability|p1b: Porygon2|Download|boost
|-boost|p1b: Porygon2|spa|1
|-terastallize|p1a: Gholdengo|Water
|move|p2b: Ursaluna|Protect|p2b: Ursaluna
|-singleturn|p2b: Ursaluna|Protect
|move|p2a: Dragonite|Tailwind|p2a: Dragonite
|-sidestart|p2: merr123|move: Tailwind
|move|p1a: Gholdengo|Make It Rain|p2a: Dragonite|[spread] p2a
|-activate|p2b: Ursaluna|move: Protect
|-damage|p2a: Dragonite|0 fnt
|-unboost|p1a: Gholdengo|spa|1
|faint|p2a: Dragonite
|
|upkeep
|l|☆bunii on spotify
|inactive|bunii on spotify disconnected and has a minute to reconnect!
|player|p1|
|
|t:|1757037867
|switch|p2a: Sneasler|Sneasler, L50, F|100/100
|turn|5
|j|☆bunii on spotify
|inactive|bunii on spotify reconnected and has 45 seconds left.
|player|p1|bunii on spotify|cheryl|
|inactive|bunii on spotify has 30 seconds left.
|inactive|merr123 has 30 seconds left.
|inactive|bunii on spotify has 20 seconds left.
|inactive|merr123 has 20 seconds left.
|inactive|merr123 has 15 seconds left.
|
|t:|1757037908
|switch|p1a: Incineroar|Incineroar, L50, M|27/100
|-ability|p1a: Incineroar|Intimidate|boost
|-fail|p2a: Sneasler|unboost|[from] item: Clear Amulet|[of] p2a: Sneasler
|-unboost|p2b: Ursaluna|atk|1
|move|p2a: Sneasler|Close Combat|p1b: Porygon2
|-supereffective|p1b: Porygon2
|-damage|p1b: Porygon2|9/100
|-unboost|p2a: Sneasler|def|1
|-unboost|p2a: Sneasler|spd|1
|-status|p1b: Porygon2|psn|[from] ability: Poison Touch|[of] p2a: Sneasler
|move|p2b: Ursaluna|Earth Power|p1b: Porygon2
|-damage|p1b: Porygon2|0 fnt
|faint|p1b: Porygon2
|-damage|p2b: Ursaluna|4/100|[from] item: Life Orb
|
|upkeep
|
|t:|1757037915
|switch|p1b: Gholdengo|Gholdengo, L50, tera:Water|100/100
|turn|6
|
|t:|1757037924
|move|p2a: Sneasler|Protect|p2a: Sneasler
|-singleturn|p2a: Sneasler|Protect
|move|p2b: Ursaluna|Protect|p2b: Ursaluna
|-singleturn|p2b: Ursaluna|Protect
|move|p1a: Incineroar|Fake Out|p2b: Ursaluna
|-activate|p2b: Ursaluna|move: Protect
|move|p1b: Gholdengo|Nasty Plot|p1b: Gholdengo
|-boost|p1b: Gholdengo|spa|2
|
|upkeep
|turn|7
|
|t:|1757037934
|move|p1b: Gholdengo|Protect|p1b: Gholdengo
|-singleturn|p1b: Gholdengo|Protect
|move|p2a: Sneasler|Close Combat|p1a: Incineroar
|-supereffective|p1a: Incineroar
|-damage|p1a: Incineroar|0 fnt
|-unboost|p2a: Sneasler|def|1
|-unboost|p2a: Sneasler|spd|1
|faint|p1a: Incineroar
|move|p2b: Ursaluna|Blood Moon|p1b: Gholdengo
|-activate|p1b: Gholdengo|move: Protect
|
|-sideend|p2: merr123|move: Tailwind
|upkeep
|turn|8
|
|t:|1757037948
|move|p2a: Sneasler|Close Combat|p1b: Gholdengo
|-damage|p1b: Gholdengo|38/100
|-unboost|p2a: Sneasler|def|1
|-unboost|p2a: Sneasler|spd|1
|-status|p1b: Gholdengo|psn|[from] ability: Poison Touch|[of] p2a: Sneasler
|move|p1b: Gholdengo|Make It Rain|p2a: Sneasler|[spread] p2a,p2b
|-damage|p2a: Sneasler|0 fnt
|-damage|p2b: Ursaluna|0 fnt
|-unboost|p1b: Gholdengo|spa|1
|faint|p2a: Sneasler
|faint|p2b: Ursaluna
|
|-damage|p1b: Gholdengo|26/100 psn|[from] psn
|upkeep
|
|t:|1757037950
|switch|p2b: Incineroar|Incineroar, L50, F|100/100
|-ability|p2b: Incineroar|Intimidate|boost
|-unboost|p1b: Gholdengo|atk|1
|turn|9
|l|☆bunii on spotify
|inactive|bunii on spotify disconnected and has a minute to reconnect!
|player|p1|
|c|☆merr123|ggwp
|inactive|bunii on spotify has 30 seconds left.
|inactive|bunii on spotify has 20 seconds left.
|inactive|bunii on spotify has 15 seconds left.
|inactive|bunii on spotify has 10 seconds left.
|j|☆bunii on spotify
|inactive|bunii on spotify reconnected and has 10 seconds left.
|player|p1|bunii on spotify|cheryl|
|
|t:|1757038000
|move|p1b: Gholdengo|Protect|p1b: Gholdengo
|-singleturn|p1b: Gholdengo|Protect
|move|p2b: Incineroar|Fake Out|p1b: Gholdengo
|-activate|p1b: Gholdengo|move: Protect
|
|-damage|p1b: Gholdengo|14/100 psn|[from] psn
|upkeep
|turn|10
|
|t:|1757038006
|move|p1b: Gholdengo|Make It Rain|p2b: Incineroar
|-resisted|p2b: Incineroar
|-crit|p2b: Incineroar
|-damage|p2b: Incineroar|27/100
|-unboost|p1b: Gholdengo|spa|1
|move|p2b: Incineroar|Knock Off|p1b: Gholdengo
|-damage|p1b: Gholdengo|0 fnt
|-enditem|p1b: Gholdengo|Iron Plate|[from] move: Knock Off|[of] p2b: Incineroar
|faint|p1b: Gholdengo
|
|win|merr123
|raw|bunii on spotify's rating: 1257 → 1235(-22 for losing)
|raw|merr123's rating: 1297 → 1319(+22 for winning)
