|j|☆Hackervgc
|j|☆LukarioVGC
|html|HackervgcLukarioVGC    
|uhtml|bestof|Game 2 of a best-of-3
|t:|1756578144
|gametype|doubles
|player|p1|Hackervgc|gentleman-gen4|
|player|p2|LukarioVGC|cynthia-gen4|
|gen|9
|tier|[Gen 9] VGC 2025 Reg H (Bo3)
|rule|Species Clause: Limit one of each Pokémon
|rule|Item Clause: Limit 1 of each item
|clearpoke
|poke|p1|Kingambit, L50, M|
|poke|p1|Magmar, L50, M|
|poke|p1|Dragonite, L50, M|
|poke|p1|Sneasler, L50, M|
|poke|p1|Ursaluna-Bloodmoon, L50, M|
|poke|p1|Farigiraf, L50, M|
|poke|p2|Sneasler, L50, F|
|poke|p2|Kingambit, L50, M|
|poke|p2|Rillaboom, L50, M|
|poke|p2|Dragonite, L50, F|
|poke|p2|Volcarona, L50, F|
|poke|p2|Electabuzz, L50, F|
|teampreview|4
|showteam|p1|Kingambit||AssaultVest|Defiant|KowtowCleave,SuckerPunch,LowKick,TeraBlast|||M|||50|,,,,,Flying]Magmar||Eviolite|VitalSpirit|FollowMe,Protect,Flamethrower,WillOWisp|||M|||50|,,,,,Grass]Dragonite||LoadedDice|Multiscale|ScaleShot,Protect,Haze,Tailwind|||M|||50|,,,,,Fairy]Sneasler||FocusSash|Unburden|ThroatChop,DireClaw,CloseCombat,Protect|||M|||50|,,,,,Stellar]Ursaluna-Bloodmoon||LifeOrb|MindsEye|BloodMoon,Protect,EarthPower,HyperVoice|||M|||50|,,,,,Normal]Farigiraf||SitrusBerry|ArmorTail|TrickRoom,HelpingHand,Psychic,Protect|||M|||50|,,,,,Water
|showteam|p2|Sneasler||FocusSash|Unburden|DireClaw,CloseCombat,Coaching,FakeOut|||F|||50|,,,,,Stellar]Kingambit||BlackGlasses|Defiant|KowtowCleave,SwordsDance,SuckerPunch,Protect|||M|||50|,,,,,Dark]Rillaboom||AssaultVest|GrassySurge|FakeOut,WoodHammer,GrassyGlide,HighHorsepower|||M|||50|,,,,,Fire]Dragonite||LoadedDice|Multiscale|ScaleShot,ExtremeSpeed,Haze,Protect|||F|||50|,,,,,Fairy]Volcarona||CovertCloak|FlameBody|HeatWave,TeraBlast,QuiverDance,Protect|||F|||50|,,,,,Fairy]Electabuzz||Eviolite|VitalSpirit|Electroweb,FollowMe,Taunt,Protect|||F|||50|,,,,,Ghost
|
|t:|1756578204
|teamsize|p1|4
|teamsize|p2|4
|start
|switch|p1a: Dragonita|Dragonite, L50, M|100/100
|switch|p1b: Farigiraf|Farigiraf, L50, M|100/100
|switch|p2a: Sneasler|Sneasler, L50, F|100/100
|switch|p2b: Dragonite|Dragonite, L50, F|100/100
|turn|1
|
|t:|1756578242
|-terastallize|p2b: Dragonite|Fairy
|move|p2a: Sneasler|Coaching|p2b: Dragonite
|-boost|p2b: Dragonite|atk|1
|-boost|p2b: Dragonite|def|1
|move|p1a: Dragonita|Scale Shot|p2a: Sneasler
|-damage|p2a: Sneasler|77/100
|-damage|p2a: Sneasler|56/100
|-damage|p2a: Sneasler|32/100
|-damage|p2a: Sneasler|10/100
|-hitcount|p2a: Sneasler|4
|-unboost|p1a: Dragonita|def|1
|-boost|p1a: Dragonita|spe|1
|move|p2b: Dragonite|Scale Shot|p1b: Farigiraf
|-damage|p1b: Farigiraf|82/100
|-damage|p1b: Farigiraf|62/100
|-damage|p1b: Farigiraf|41/100
|-enditem|p1b: Farigiraf|Sitrus Berry|[eat]
|-heal|p1b: Farigiraf|66/100|[from] item: Sitrus Berry
|-damage|p1b: Farigiraf|45/100
|-damage|p1b: Farigiraf|24/100
|-hitcount|p1b: Farigiraf|5
|-unboost|p2b: Dragonite|def|1
|-boost|p2b: Dragonite|spe|1
|move|p1b: Farigiraf|Trick Room|p1b: Farigiraf
|-fieldstart|move: Trick Room|[of] p1b: Farigiraf
|
|upkeep
|turn|2
|
|t:|1756578289
|switch|p2a: Kingambit|Kingambit, L50, M|100/100
|switch|p1a: Ursaluna|Ursaluna-Bloodmoon, L50, M|100/100
|move|p1b: Farigiraf|Psychic|p2b: Dragonite
|-damage|p2b: Dragonite|84/100
|move|p2b: Dragonite|Scale Shot|p1a: Ursaluna
|-damage|p1a: Ursaluna|85/100
|-damage|p1a: Ursaluna|69/100
|-damage|p1a: Ursaluna|55/100
|-damage|p1a: Ursaluna|38/100
|-damage|p1a: Ursaluna|22/100
|-hitcount|p1a: Ursaluna|5
|-unboost|p2b: Dragonite|def|1
|-boost|p2b: Dragonite|spe|1
|
|upkeep
|turn|3
|
|t:|1756578338
|-terastallize|p1a: Ursaluna|Normal
|move|p1b: Farigiraf|Helping Hand|p1a: Ursaluna
|-singleturn|p1a: Ursaluna|Helping Hand|[of] p1b: Farigiraf
|move|p1a: Ursaluna|Hyper Voice|p2b: Dragonite|[spread] p2a,p2b
|-resisted|p2a: Kingambit
|-damage|p2a: Kingambit|44/100
|-damage|p2b: Dragonite|0 fnt
|faint|p2b: Dragonite
|-damage|p1a: Ursaluna|12/100|[from] item: Life Orb
|move|p2a: Kingambit|Kowtow Cleave|p1b: Farigiraf
|-supereffective|p1b: Farigiraf
|-damage|p1b: Farigiraf|0 fnt
|faint|p1b: Farigiraf
|
|upkeep
|
|t:|1756578357
|switch|p1b: Sneasler|Sneasler, L50, M|100/100
|switch|p2b: Sneasler|Sneasler, L50, F|10/100
|turn|4
|
|t:|1756578386
|move|p2b: Sneasler|Fake Out|p1b: Sneasler
|-damage|p1b: Sneasler|75/100
|move|p2a: Kingambit|Sucker Punch|p1a: Ursaluna
|-damage|p1a: Ursaluna|0 fnt
|faint|p1a: Ursaluna
|cant|p1b: Sneasler|flinch
|
|upkeep
|
|t:|1756578390
|switch|p1a: Dragonita|Dragonite, L50, M|100/100
|turn|5
|
|t:|1756578424
|move|p2a: Kingambit|Swords Dance|p2a: Kingambit
|-boost|p2a: Kingambit|atk|2
|move|p1a: Dragonita|Tailwind|p1a: Dragonita
|-sidestart|p1: Hackervgc|move: Tailwind
|move|p2b: Sneasler|Dire Claw|p1a: Dragonita
|-damage|p1a: Dragonita|79/100
|-status|p1a: Dragonita|psn
|move|p1b: Sneasler|Close Combat|p2a: Kingambit
|-supereffective|p2a: Kingambit
|-damage|p2a: Kingambit|0 fnt
|-unboost|p1b: Sneasler|def|1
|-unboost|p1b: Sneasler|spd|1
|faint|p2a: Kingambit
|
|-damage|p1a: Dragonita|67/100 psn|[from] psn
|-fieldend|move: Trick Room
|upkeep
|
|t:|1756578439
|switch|p2a: Volcarona|Volcarona, L50, F|100/100
|turn|6
|
|t:|1756578464
|move|p1b: Sneasler|Protect|p1b: Sneasler
|-singleturn|p1b: Sneasler|Protect
|move|p1a: Dragonita|Scale Shot|p2b: Sneasler
|-damage|p2b: Sneasler|0 fnt
|faint|p2b: Sneasler
|-hitcount|p2: Sneasler|1
|-unboost|p1a: Dragonita|def|1
|-boost|p1a: Dragonita|spe|1
|move|p2a: Volcarona|Heat Wave|p1a: Dragonita|[spread] p1a
|-activate|p1b: Sneasler|move: Protect
|-resisted|p1a: Dragonita
|-damage|p1a: Dragonita|50/100 psn
|
|-damage|p1a: Dragonita|37/100 psn|[from] psn
|upkeep
|turn|7
|
|t:|1756578487
|move|p1a: Dragonita|Scale Shot|p2a: Volcarona
|-damage|p2a: Volcarona|84/100
|-damage|p2a: Volcarona|70/100
|-damage|p2a: Volcarona|54/100
|-damage|p2a: Volcarona|37/100
|-damage|p2a: Volcarona|21/100
|-hitcount|p2a: Volcarona|5
|-unboost|p1a: Dragonita|def|1
|-boost|p1a: Dragonita|spe|1
|move|p1b: Sneasler|Dire Claw|p2a: Volcarona
|-damage|p2a: Volcarona|0 fnt
|faint|p2a: Volcarona
|
|win|Hackervgc
||LukarioVGC is ready for game 3.
||Hackervgc is ready for game 3.
|uhtml|next|Next: Game 3 of 3
