|j|☆predahound
|j|☆jchase42
|html|predahoundjchase42    
|uhtml|bestof|Game 2 of a best-of-3
|t:|1756336715
|gametype|doubles
|player|p1|predahound|volkner|1208
|player|p2|jchase42|hiker-gen4|1114
|gen|9
|tier|[Gen 9] VGC 2025 Reg H (Bo3)
|rated|
|rule|Species Clause: Limit one of each Pokémon
|rule|Item Clause: Limit 1 of each item
|clearpoke
|poke|p1|Ursaluna-Bloodmoon, L50, M|
|poke|p1|Rillaboom, L50, F|
|poke|p1|Incineroar, L50, F|
|poke|p1|Electabuzz, L50, F|
|poke|p1|Annihilape, L50, M|
|poke|p1|Pelipper, L50, M|
|poke|p2|Indeedee-F, L50, F|
|poke|p2|Torkoal, L50, F|
|poke|p2|Gallade, L50, M|
|poke|p2|Hatterene, L50, F|
|poke|p2|Maushold-Four, L50|
|poke|p2|Sinistcha, L50|
|teampreview|4
|showteam|p1|Ursaluna-Bloodmoon||Leftovers|MindsEye|HyperVoice,EarthPower,CalmMind,Protect|||M|||50|,,,,,Normal]Rillaboom||AssaultVest|GrassySurge|FakeOut,GrassyGlide,KnockOff,Uturn|||F|||50|,,,,,Fire]Incineroar||FigyBerry|Intimidate|FakeOut,KnockOff,PartingShot,WillOWisp|||F|||50|,,,,,Dragon]Electabuzz||Eviolite|VitalSpirit|Electroweb,FollowMe,EerieImpulse,Protect|||F|||50|,,,,,Ghost]Annihilape||SafetyGoggles|Defiant|DrainPunch,RageFist,BulkUp,Protect|||M|||50|,,,,,Poison]Pelipper||FocusSash|Drizzle|MuddyWater,Hurricane,Tailwind,Protect|||M|||50|,,,,,Ground
|showteam|p2|Indeedee-F||PsychicSeed|PsychicSurge|Psychic,FollowMe,HelpingHand,TrickRoom|||F|||50|,,,,,Grass]Torkoal||ChoiceSpecs|Drought|Eruption,HeatWave,WeatherBall,EarthPower|||F|||50|,,,,,Fire]Gallade||ClearAmulet|Sharpness|PsychoCut,SacredSword,WideGuard,TrickRoom|||M|||50|,,,,,Grass]Hatterene||CovertCloak|MagicBounce|ExpandingForce,DazzlingGleam,Protect,TrickRoom|||F|||50|,,,,,Fire]Maushold-Four||WideLens|Technician|PopulationBomb,Taunt,FollowMe,Protect||||||50|,,,,,Fire]Sinistcha||SitrusBerry|Hospitality|MatchaGotcha,ShadowBall,RagePowder,TrickRoom||||||50|,,,,,Fairy
|
|t:|1756336763
|teamsize|p1|4
|teamsize|p2|4
|start
|switch|p1a: Ursaluna|Ursaluna-Bloodmoon, L50, M|100/100
|switch|p1b: Incineroar|Incineroar, L50, F|100/100
|switch|p2a: Gallade|Gallade, L50, M|100/100
|switch|p2b: Indeedee|Indeedee-F, L50, F|100/100
|-fieldstart|move: Psychic Terrain|[from] ability: Psychic Surge|[of] p2b: Indeedee
|-enditem|p2b: Indeedee|Psychic Seed
|-boost|p2b: Indeedee|spd|1|[from] item: Psychic Seed
|-ability|p1b: Incineroar|Intimidate|boost
|-fail|p2a: Gallade|unboost|[from] item: Clear Amulet|[of] p2a: Gallade
|-unboost|p2b: Indeedee|atk|1
|turn|1
|
|t:|1756336807
|switch|p2b: Maushold|Maushold-Four, L50|100/100
|-terastallize|p1b: Incineroar|Dragon
|move|p2a: Gallade|Sacred Sword|p1a: Ursaluna
|-supereffective|p1a: Ursaluna
|-damage|p1a: Ursaluna|0 fnt
|faint|p1a: Ursaluna
|move|p1b: Incineroar|Will-O-Wisp|p2a: Gallade
|-status|p2a: Gallade|brn
|
|-damage|p2a: Gallade|95/100 brn|[from] brn
|upkeep
|
|t:|1756336820
|switch|p1a: Pelipper|Pelipper, L50, M|100/100
|-weather|RainDance|[from] ability: Drizzle|[of] p1a: Pelipper
|turn|2
|
|t:|1756336849
|switch|p2a: Indeedee|Indeedee-F, L50, F|100/100
|move|p2b: Maushold|Population Bomb|p1b: Incineroar
|-damage|p1b: Incineroar|90/100
|-damage|p1b: Incineroar|79/100
|-damage|p1b: Incineroar|69/100
|-damage|p1b: Incineroar|58/100
|-damage|p1b: Incineroar|49/100
|-damage|p1b: Incineroar|40/100
|-damage|p1b: Incineroar|30/100
|-damage|p1b: Incineroar|21/100
|-enditem|p1b: Incineroar|Figy Berry|[eat]
|-heal|p1b: Incineroar|54/100|[from] item: Figy Berry
|-damage|p1b: Incineroar|43/100
|-damage|p1b: Incineroar|34/100
|-hitcount|p1b: Incineroar|10
|move|p1a: Pelipper|Hurricane|p2b: Maushold
|-damage|p2b: Maushold|34/100
|move|p1b: Incineroar|Knock Off|p2b: Maushold
|-damage|p2b: Maushold|0 fnt
|-enditem|p2b: Maushold|Wide Lens|[from] move: Knock Off|[of] p1b: Incineroar
|faint|p2b: Maushold
|
|-weather|RainDance|[upkeep]
|upkeep
|
|t:|1756336885
|switch|p2b: Sinistcha|Sinistcha, L50|100/100
|turn|3
|
|t:|1756336901
|switch|p1b: Rillaboom|Rillaboom, L50, F|100/100
|-fieldstart|move: Grassy Terrain|[from] ability: Grassy Surge|[of] p1b: Rillaboom
|move|p2a: Indeedee|Follow Me|p2a: Indeedee
|-singleturn|p2a: Indeedee|move: Follow Me
|move|p1a: Pelipper|Hurricane|p2a: Indeedee
|-damage|p2a: Indeedee|56/100
|move|p2b: Sinistcha|Trick Room|p2b: Sinistcha
|-fieldstart|move: Trick Room|[of] p2b: Sinistcha
|
|-weather|RainDance|[upkeep]
|-heal|p2a: Indeedee|63/100|[from] Grassy Terrain
|upkeep
|turn|4
|
|t:|1756336924
|-terastallize|p2b: Sinistcha|Fairy
|move|p1a: Pelipper|Protect|p1a: Pelipper
|-singleturn|p1a: Pelipper|Protect
|move|p2b: Sinistcha|Matcha Gotcha|p1a: Pelipper|[spread] p1b
|-activate|p1a: Pelipper|move: Protect
|-resisted|p1b: Rillaboom
|-damage|p1b: Rillaboom|91/100
|-status|p1b: Rillaboom|brn
|move|p2a: Indeedee|Psychic|p1a: Pelipper
|-activate|p1a: Pelipper|move: Protect
|move|p1b: Rillaboom|U-turn|p2a: Indeedee
|-supereffective|p2a: Indeedee
|-damage|p2a: Indeedee|39/100
|
|t:|1756336937
|switch|p1b: Incineroar|Incineroar, L50, F, tera:Dragon|34/100|[from] U-turn
|-ability|p1b: Incineroar|Intimidate|boost
|-unboost|p2a: Indeedee|atk|1
|-unboost|p2b: Sinistcha|atk|1
|
|-weather|RainDance|[upkeep]
|-heal|p1b: Incineroar|40/100|[from] Grassy Terrain
|-heal|p2a: Indeedee|46/100|[from] Grassy Terrain
|upkeep
|turn|5
|
|t:|1756336963
|switch|p2a: Gallade|Gallade, L50, M|95/100 brn
|move|p1b: Incineroar|Fake Out|p2b: Sinistcha
|-damage|p2b: Sinistcha|94/100
|cant|p2b: Sinistcha|flinch
|move|p1a: Pelipper|Muddy Water|p2a: Gallade|[spread] p2a,p2b
|-damage|p2a: Gallade|54/100 brn
|-damage|p2b: Sinistcha|42/100
|-enditem|p2b: Sinistcha|Sitrus Berry|[eat]
|-heal|p2b: Sinistcha|66/100|[from] item: Sitrus Berry
|
|-weather|RainDance|[upkeep]
|-heal|p2b: Sinistcha|72/100|[from] Grassy Terrain
|-heal|p1b: Incineroar|46/100|[from] Grassy Terrain
|-heal|p2a: Gallade|59/100 brn|[from] Grassy Terrain
|-damage|p2a: Gallade|54/100 brn|[from] brn
|upkeep
|turn|6
|
|t:|1756337004
|switch|p2b: Indeedee|Indeedee-F, L50, F|46/100
|-fieldstart|move: Psychic Terrain|[from] ability: Psychic Surge|[of] p2b: Indeedee
|move|p1b: Incineroar|Knock Off|p2b: Indeedee
|-supereffective|p2b: Indeedee
|-damage|p2b: Indeedee|0 fnt
|faint|p2b: Indeedee
|move|p2a: Gallade|Psycho Cut|p1b: Incineroar
|-damage|p1b: Incineroar|12/100
|move|p1a: Pelipper|Hurricane|p2a: Gallade
|-supereffective|p2a: Gallade
|-damage|p2a: Gallade|0 fnt
|faint|p2a: Gallade
|
|-weather|none
|upkeep
|
|t:|1756337018
|switch|p2b: Sinistcha|Sinistcha, L50, tera:Fairy|72/100
|turn|7
|
|t:|1756337026
|switch|p1b: Rillaboom|Rillaboom, L50, F|91/100 brn
|-fieldstart|move: Grassy Terrain|[from] ability: Grassy Surge|[of] p1b: Rillaboom
|move|p1a: Pelipper|Protect|p1a: Pelipper
|-singleturn|p1a: Pelipper|Protect
|move|p2b: Sinistcha|Matcha Gotcha|p1a: Pelipper|[spread] p1b
|-activate|p1a: Pelipper|move: Protect
|-resisted|p1b: Rillaboom
|-damage|p1b: Rillaboom|80/100 brn
|-heal|p2b: Sinistcha|79/100|[from] drain|[of] p1b: Rillaboom
|
|-heal|p2b: Sinistcha|85/100|[from] Grassy Terrain
|-heal|p1b: Rillaboom|86/100 brn|[from] Grassy Terrain
|-damage|p1b: Rillaboom|80/100 brn|[from] brn
|-fieldend|move: Trick Room
|upkeep
|turn|8
|
|t:|1756337045
|switch|p1a: Incineroar|Incineroar, L50, F, tera:Dragon|12/100
|-ability|p1a: Incineroar|Intimidate|boost
|-unboost|p2b: Sinistcha|atk|1
|move|p1b: Rillaboom|Fake Out|p2b: Sinistcha
|-damage|p2b: Sinistcha|80/100
|cant|p2b: Sinistcha|flinch
|
|-heal|p1b: Rillaboom|86/100 brn|[from] Grassy Terrain
|-heal|p1a: Incineroar|18/100|[from] Grassy Terrain
|-heal|p2b: Sinistcha|86/100|[from] Grassy Terrain
|-damage|p1b: Rillaboom|80/100 brn|[from] brn
|upkeep
|turn|9
|c|☆jchase42|gg
|-message|jchase42 forfeited.
|
|win|predahound
|raw|predahound's rating: 1208 → 1226(+18 for winning)
|raw|jchase42's rating: 1114 → 1096(-18 for losing)
|c|☆predahound|gg
|l|☆predahound
|player|p1|
