|j|☆TONKMAN
|j|☆Duca_tommy
|html|TONKMANDuca_tommy    
|uhtml|bestof|Game 1 of a best-of-3
|t:|1757696212
|gametype|doubles
|player|p1|TONKMAN|101|1108
|player|p2|Duca_tommy|169|1143
|gen|9
|tier|[Gen 9] VGC 2025 Reg H (Bo3)
|rated|
|rule|Species Clause: Limit one of each Pokémon
|rule|Item Clause: Limit 1 of each item
|clearpoke
|poke|p1|Vivillon, L50, F|
|poke|p1|Garchomp, L50, F|
|poke|p1|Primarina, L50, M|
|poke|p1|Porygon2, L50|
|poke|p1|Incineroar, L50, M|
|poke|p1|Gholdengo, L50|
|poke|p2|Hydrapple, L50, M|
|poke|p2|Indeedee-F, L50, F|
|poke|p2|Gallade, L50, M|
|poke|p2|Torkoal, L50, F|
|poke|p2|Zoroark-Hisui, L50, F|
|poke|p2|Hatterene, L50, F|
|teampreview|4
|showteam|p1|Vivillon||FocusSash|CompoundEyes|Hurricane,SleepPowder,RagePowder,Protect|||F|||50|,,,,,Ghost]Garchomp||LifeOrb|RoughSkin|DragonClaw,Earthquake,StompingTantrum,Protect|||F|||50|,,,,,Steel]Primarina||SitrusBerry|LiquidVoice|HyperVoice,Moonblast,Haze,Protect|||M|||50|,,,,,Poison]Porygon2||Eviolite|Download|TeraBlast,IceBeam,TrickRoom,Recover||||||50|,,,,,Ground]Incineroar||SafetyGoggles|Intimidate|FakeOut,FlareBlitz,KnockOff,PartingShot|||M|||50|,,,,,Ghost]Gholdengo||Leftovers|GoodasGold|MakeItRain,ShadowBall,NastyPlot,Protect||||||50|,,,,,Flying
|showteam|p2|Hydrapple||AssaultVest|Regenerator|PollenPuff,SolarBeam,EnergyBall,FickleBeam|||M|||50|,,,,,Poison]Indeedee-F||PsychicSeed|PsychicSurge|TrickRoom,FollowMe,HelpingHand,Psychic|||F|||50|,,,,,Grass]Gallade||ClearAmulet|Sharpness|PsychoCut,SacredSword,WideGuard,TrickRoom|||M|||50|,,,,,Grass]Torkoal||Charcoal|Drought|Eruption,HeatWave,WeatherBall,Protect|||F|||50|,,,,,Fire]Zoroark-Hisui||ChoiceSpecs|Illusion|HyperBeam,HyperVoice,BitterMalice,ShadowBall|||F|||50|,,,,,Normal]Hatterene||LifeOrb|MagicBounce|TrickRoom,ExpandingForce,DazzlingGleam,Protect|||F|||50|,,,,,Fire
|inactive|Battle timer is ON: inactive players will automatically lose when time's up. (requested by Duca_tommy)
|inactive|Duca_tommy has 60 seconds left.
|
|t:|1757696258
|teamsize|p1|4
|teamsize|p2|4
|start
|switch|p1a: Vivillon|Vivillon, L50, F|100/100
|switch|p1b: Garchomp|Garchomp, L50, F|100/100
|switch|p2a: Indeedee|Indeedee-F, L50, F|100/100
|switch|p2b: Gallade|Gallade, L50, M|100/100
|-fieldstart|move: Psychic Terrain|[from] ability: Psychic Surge|[of] p2a: Indeedee
|-enditem|p2a: Indeedee|Psychic Seed
|-boost|p2a: Indeedee|spd|1|[from] item: Psychic Seed
|turn|1
|inactive|TONKMAN has 30 seconds left.
|inactive|Duca_tommy has 30 seconds left.
|
|t:|1757696289
|-terastallize|p2a: Indeedee|Grass
|move|p2b: Gallade|Wide Guard|p2b: Gallade
|-singleturn|p2b: Gallade|Wide Guard
|move|p1b: Garchomp|Dragon Claw|p2b: Gallade
|-damage|p2b: Gallade|24/100
|-damage|p1b: Garchomp|91/100|[from] item: Life Orb
|move|p1a: Vivillon|Sleep Powder|p2b: Gallade
|-status|p2b: Gallade|slp|[from] move: Sleep Powder
|move|p2a: Indeedee|Trick Room|p2a: Indeedee
|-fieldstart|move: Trick Room|[of] p2a: Indeedee
|
|upkeep
|turn|2
|inactive|Duca_tommy has 30 seconds left.
|inactive|Duca_tommy has 20 seconds left.
|inactive|Duca_tommy has 15 seconds left.
|
|t:|1757696331
|move|p2a: Indeedee|Psychic|p1b: Garchomp
|-damage|p1b: Garchomp|51/100
|cant|p2b: Gallade|slp
|move|p1a: Vivillon|Hurricane|p2a: Indeedee
|-supereffective|p2a: Indeedee
|-damage|p2a: Indeedee|38/100
|-start|p2a: Indeedee|confusion
|move|p1b: Garchomp|Dragon Claw|p2a: Indeedee
|-damage|p2a: Indeedee|0 fnt
|faint|p2a: Indeedee
|-damage|p1b: Garchomp|41/100|[from] item: Life Orb
|
|upkeep
|
|t:|1757696336
|switch|p2a: Hatterene|Hatterene, L50, F|100/100
|turn|3
|
|t:|1757696348
|move|p1b: Garchomp|Protect|p1b: Garchomp
|-singleturn|p1b: Garchomp|Protect
|move|p2a: Hatterene|Expanding Force|p1b: Garchomp|[spread] p1a
|-activate|p1b: Garchomp|move: Protect
|-enditem|p1a: Vivillon|Focus Sash
|-damage|p1a: Vivillon|1/100
|-damage|p2a: Hatterene|91/100|[from] item: Life Orb
|-curestatus|p2b: Gallade|slp|[msg]
|move|p2b: Gallade|Psycho Cut|p1a: Vivillon
|-damage|p1a: Vivillon|0 fnt
|faint|p1a: Vivillon
|
|upkeep
|
|t:|1757696365
|switch|p1a: Porygon2|Porygon2, L50|100/100
|-ability|p1a: Porygon2|Download|boost
|-boost|p1a: Porygon2|atk|1
|turn|4
|
|t:|1757696383
|switch|p1b: Primarina|Primarina, L50, M|100/100
|move|p2a: Hatterene|Expanding Force|p1b: Primarina|[spread] p1a,p1b
|-damage|p1a: Porygon2|45/100
|-damage|p1b: Primarina|22/100
|-enditem|p1b: Primarina|Sitrus Berry|[eat]
|-heal|p1b: Primarina|47/100|[from] item: Sitrus Berry
|-damage|p2a: Hatterene|81/100|[from] item: Life Orb
|move|p1a: Porygon2|Tera Blast|p2b: Gallade
|-damage|p2b: Gallade|0 fnt
|faint|p2b: Gallade
|
|upkeep
|
|t:|1757696393
|switch|p2b: Torkoal|Torkoal, L50, F|100/100
|-weather|SunnyDay|[from] ability: Drought|[of] p2b: Torkoal
|turn|5
|
|t:|1757696404
|move|p1b: Primarina|Protect|p1b: Primarina
|-singleturn|p1b: Primarina|Protect
|move|p2b: Torkoal|Eruption|p1b: Primarina|[spread] p1a
|-activate|p1b: Primarina|move: Protect
|-damage|p1a: Porygon2|0 fnt
|faint|p1a: Porygon2
|move|p2a: Hatterene|Expanding Force|p1b: Primarina
|-activate|p1b: Primarina|move: Protect
|
|-weather|SunnyDay|[upkeep]
|-fieldend|move: Trick Room
|-fieldend|move: Psychic Terrain
|upkeep
|
|t:|1757696408
|switch|p1a: Garchomp|Garchomp, L50, F|41/100
|turn|6
|inactive|Duca_tommy has 30 seconds left.
|inactive|TONKMAN has 30 seconds left.
|
|t:|1757696439
|move|p2b: Torkoal|Protect|p2b: Torkoal
|-singleturn|p2b: Torkoal|Protect
|move|p1a: Garchomp|Stomping Tantrum|p2a: Hatterene
|-damage|p2a: Hatterene|25/100
|-damage|p1a: Garchomp|32/100|[from] item: Life Orb
|move|p1b: Primarina|Hyper Voice|p2a: Hatterene|[spread] p2a
|-activate|p2b: Torkoal|move: Protect
|-damage|p2a: Hatterene|7/100
|move|p2a: Hatterene|Trick Room|p2a: Hatterene
|-fieldstart|move: Trick Room|[of] p2a: Hatterene
|
|-weather|SunnyDay|[upkeep]
|upkeep
|turn|7
|
|t:|1757696454
|move|p2b: Torkoal|Eruption|p1b: Primarina|[spread] p1a,p1b
|-resisted|p1a: Garchomp
|-resisted|p1b: Primarina
|-damage|p1a: Garchomp|0 fnt
|-damage|p1b: Primarina|8/100
|faint|p1a: Garchomp
|move|p2a: Hatterene|Expanding Force|p1b: Primarina
|-damage|p1b: Primarina|0 fnt
|faint|p1b: Primarina
|-damage|p2a: Hatterene|0 fnt|[from] item: Life Orb
|faint|p2a: Hatterene
|
|win|Duca_tommy
||TONKMAN is ready for game 2.
||Duca_tommy is ready for game 2.
|uhtml|next|Next: Game 2 of 3
