|j|☆Saltwater7
|j|☆DragoniteMega149
|html|Saltwater7DragoniteMega149    
|uhtml|bestof|Game 2 of a best-of-3
|t:|1756169918
|gametype|doubles
|player|p1|Saltwater7|170|1222
|player|p2|DragoniteMega149|red-lgpe|1195
|gen|9
|tier|[Gen 9] VGC 2025 Reg H (Bo3)
|rated|
|rule|Species Clause: Limit one of each Pokémon
|rule|Item Clause: Limit 1 of each item
|clearpoke
|poke|p1|Incineroar, L50, M|
|poke|p1|Porygon2, L50|
|poke|p1|Yanmega, L50, M|
|poke|p1|Sneasler, L50, F|
|poke|p1|Ursaluna, L50, M|
|poke|p1|Archaludon, L50, F|
|poke|p2|Sneasler, L50, F|
|poke|p2|Indeedee, L50, M|
|poke|p2|Dragonite, L50, F|
|poke|p2|Incineroar, L50, F|
|poke|p2|Electabuzz, L50, F|
|poke|p2|Ursaluna-Bloodmoon, L50, M|
|teampreview|4
|showteam|p1|Incineroar||SafetyGoggles|Intimidate|FakeOut,PartingShot,FlareBlitz,KnockOff|||M|||50|,,,,,Ghost]Porygon2||Eviolite|Download|Recover,IceBeam,TeraBlast,TrickRoom||||||50|,,,,,Flying]Yanmega||FocusSash|SpeedBoost|Detect,AirSlash,BugBuzz,Tailwind|||M|||50|,,,,,Ghost]Sneasler||WhiteHerb|Unburden|Protect,CloseCombat,ThroatChop,DireClaw|||F|||50|,,,,,Stellar]Ursaluna||FlameOrb|Guts|Protect,Earthquake,Facade,HeadlongRush|||M|||50|,,,,,Ghost]Archaludon||PowerHerb|Stalwart|Protect,ElectroShot,DragonPulse,Thunderbolt|||F|||50|,,,,,Electric
|showteam|p2|Sneasler||PsychicSeed|Unburden|DireClaw,CloseCombat,Protect,ThroatChop|||F|||50|,,,,,Dark]Indeedee||FocusSash|PsychicSurge|Imprison,Protect,ExpandingForce,TrickRoom|||M|||50|,,,,,Psychic]Dragonite||LoadedDice|Multiscale|ScaleShot,Tailwind,Haze,Protect|||F|||50|,,,,,Fairy]Incineroar||SafetyGoggles|Intimidate|FakeOut,FlareBlitz,KnockOff,PartingShot|||F|||50|,,,,,Ghost]Electabuzz||Eviolite|VitalSpirit|FollowMe,Electroweb,Taunt,Protect|||F|||50|,,,,,Fairy]Ursaluna-Bloodmoon||LifeOrb|MindsEye|BloodMoon,HyperVoice,EarthPower,Protect|||M|||50|,,,,,Normal
|inactive|Battle timer is ON: inactive players will automatically lose when time's up. (requested by Saltwater7)
|inactive|Saltwater7 has 60 seconds left.
|
|t:|1756169972
|teamsize|p1|4
|teamsize|p2|4
|start
|switch|p1a: Yanmega|Yanmega, L50, M|100/100
|switch|p1b: Sneasler|Sneasler, L50, F|100/100
|switch|p2a: Electabuzz|Electabuzz, L50, F|100/100
|switch|p2b: Ursaluna|Ursaluna-Bloodmoon, L50, M|100/100
|turn|1
|inactive|Saltwater7 has 30 seconds left.
|inactive|DragoniteMega149 has 30 seconds left.
|inactive|DragoniteMega149 has 20 seconds left.
|inactive|DragoniteMega149 has 15 seconds left.
|j| We_Are_Toasted
|
|t:|1756170020
|move|p1b: Sneasler|Protect|p1b: Sneasler
|-singleturn|p1b: Sneasler|Protect
|move|p1a: Yanmega|Detect|p1a: Yanmega
|-singleturn|p1a: Yanmega|Protect
|move|p2a: Electabuzz|Follow Me|p2a: Electabuzz
|-singleturn|p2a: Electabuzz|move: Follow Me
|move|p2b: Ursaluna|Hyper Voice|p1a: Yanmega|[spread] 
|-activate|p1a: Yanmega|move: Protect
|-activate|p1b: Sneasler|move: Protect
|
|-ability|p1a: Yanmega|Speed Boost|boost
|-boost|p1a: Yanmega|spe|1
|upkeep
|turn|2
|inactive|Saltwater7 has 30 seconds left.
|inactive|DragoniteMega149 has 30 seconds left.
|inactive|DragoniteMega149 has 20 seconds left.
|
|t:|1756170071
|move|p2a: Electabuzz|Follow Me|p2a: Electabuzz
|-singleturn|p2a: Electabuzz|move: Follow Me
|move|p1a: Yanmega|Bug Buzz|p2a: Electabuzz
|-damage|p2a: Electabuzz|61/100
|move|p1b: Sneasler|Dire Claw|p2a: Electabuzz
|-damage|p2a: Electabuzz|22/100
|move|p2b: Ursaluna|Blood Moon|p1b: Sneasler
|-damage|p1b: Sneasler|0 fnt
|faint|p1b: Sneasler
|-damage|p2b: Ursaluna|91/100|[from] item: Life Orb
|
|-ability|p1a: Yanmega|Speed Boost|boost
|-boost|p1a: Yanmega|spe|1
|upkeep
|
|t:|1756170094
|switch|p1b: Ursaluna|Ursaluna, L50, M|100/100
|turn|3
|inactive|DragoniteMega149 has 30 seconds left.
|
|t:|1756170123
|move|p1a: Yanmega|Detect|p1a: Yanmega
|-singleturn|p1a: Yanmega|Protect
|move|p2a: Electabuzz|Protect|p2a: Electabuzz
|-singleturn|p2a: Electabuzz|Protect
|move|p1b: Ursaluna|Protect|p1b: Ursaluna
|-singleturn|p1b: Ursaluna|Protect
|move|p2b: Ursaluna|Hyper Voice|p1a: Yanmega|[spread] 
|-activate|p1a: Yanmega|move: Protect
|-activate|p1b: Ursaluna|move: Protect
|
|-ability|p1a: Yanmega|Speed Boost|boost
|-boost|p1a: Yanmega|spe|1
|-status|p1b: Ursaluna|brn|[from] item: Flame Orb
|upkeep
|turn|4
|inactive|Saltwater7 has 30 seconds left.
|inactive|DragoniteMega149 has 30 seconds left.
|inactive|Saltwater7 has 20 seconds left.
|inactive|DragoniteMega149 has 20 seconds left.
|inactive|Saltwater7 has 15 seconds left.
|
|t:|1756170167
|switch|p1b: Porygon2|Porygon2, L50|100/100
|-ability|p1b: Porygon2|Download|boost
|-boost|p1b: Porygon2|spa|1
|move|p1a: Yanmega|Bug Buzz|p2a: Electabuzz
|-damage|p2a: Electabuzz|0 fnt
|faint|p2a: Electabuzz
|move|p2b: Ursaluna|Blood Moon|p1b: Porygon2
|-damage|p1b: Porygon2|45/100
|-damage|p2b: Ursaluna|81/100|[from] item: Life Orb
|
|-ability|p1a: Yanmega|Speed Boost|boost
|-boost|p1a: Yanmega|spe|1
|upkeep
|
|t:|1756170174
|switch|p2a: Indeedee|Indeedee, L50, M|100/100
|-fieldstart|move: Psychic Terrain|[from] ability: Psychic Surge|[of] p2a: Indeedee
|turn|5
|inactive|Saltwater7 has 30 seconds left.
|inactive|Saltwater7 has 20 seconds left.
|
|t:|1756170211
|-terastallize|p2a: Indeedee|Psychic
|move|p1a: Yanmega|Tailwind|p1a: Yanmega
|-sidestart|p1: Saltwater7|move: Tailwind
|move|p1b: Porygon2|Tera Blast|p2a: Indeedee
|-damage|p2a: Indeedee|39/100
|move|p2a: Indeedee|Expanding Force|p1a: Yanmega|[spread] p1a,p1b
|-enditem|p1a: Yanmega|Focus Sash
|-damage|p1a: Yanmega|1/100
|-damage|p1b: Porygon2|11/100
|move|p2b: Ursaluna|Hyper Voice|p1a: Yanmega|[spread] p1a,p1b
|-damage|p1a: Yanmega|0 fnt
|-damage|p1b: Porygon2|0 fnt
|faint|p1a: Yanmega
|faint|p1b: Porygon2
|-damage|p2b: Ursaluna|72/100|[from] item: Life Orb
|
|upkeep
|
|t:|1756170228
|switch|p1b: Ursaluna|Ursaluna, L50, M|100/100 brn
|turn|6
|
|t:|1756170234
|move|p2a: Indeedee|Protect|p2a: Indeedee
|-singleturn|p2a: Indeedee|Protect
|move|p2b: Ursaluna|Protect|p2b: Ursaluna
|-singleturn|p2b: Ursaluna|Protect
|move|p1b: Ursaluna|Earthquake|p2b: Ursaluna|[spread] 
|-activate|p2a: Indeedee|move: Protect
|-activate|p2b: Ursaluna|move: Protect
|
|-damage|p1b: Ursaluna|95/100 brn|[from] brn
|upkeep
|turn|7
|
|t:|1756170245
|move|p2a: Indeedee|Expanding Force|p1b: Ursaluna
|-damage|p1b: Ursaluna|13/100 brn
|move|p1b: Ursaluna|Earthquake|p2b: Ursaluna|[spread] p2a,p2b
|-damage|p2a: Indeedee|0 fnt
|-damage|p2b: Ursaluna|21/100
|faint|p2a: Indeedee
|move|p2b: Ursaluna|Blood Moon|p1b: Ursaluna
|-crit|p1b: Ursaluna
|-damage|p1b: Ursaluna|0 fnt
|faint|p1b: Ursaluna
|-damage|p2b: Ursaluna|11/100|[from] item: Life Orb
|
|win|DragoniteMega149
|inactive|Saltwater7 has 30 seconds to confirm battle start!
|inactive|DragoniteMega149 has 30 seconds to confirm battle start!
