|j|☆TailwindMakeItRain
|j|☆marcosdeltasena31
|html|TailwindMakeItRainmarcosdeltasena31    
|uhtml|bestof|Game 2 of a best-of-3
|t:|1755643177
|gametype|doubles
|player|p1|TailwindMakeItRain|iris|1391
|player|p2|marcosdeltasena31|hilbert|1354
|gen|9
|tier|[Gen 9] VGC 2025 Reg H (Bo3)
|rated|
|rule|Species Clause: Limit one of each Pokémon
|rule|Item Clause: Limit 1 of each item
|clearpoke
|poke|p1|Gholdengo, L50|
|poke|p1|Incineroar, L50, M|
|poke|p1|Amoonguss, L50, M|
|poke|p1|Pelipper, L50, M|
|poke|p1|Basculegion, L50, M|
|poke|p1|Ursaluna, L50, F|
|poke|p2|Dragonite, L50, F|
|poke|p2|Sneasler, L50, F|
|poke|p2|Volcarona, L50, F|
|poke|p2|Rillaboom, L50, M|
|poke|p2|Kingambit, L50, F|
|poke|p2|Electabuzz, L50, F|
|teampreview|4
|showteam|p1|Gholdengo||LifeOrb|GoodasGold|MakeItRain,ShadowBall,NastyPlot,Protect||||||50|,,,,,Water]Incineroar||SafetyGoggles|Intimidate|PartingShot,FlareBlitz,KnockOff,FakeOut|||M|||50|,,,,,Ghost]Amoonguss||CovertCloak|Regenerator|Spore,RagePowder,PollenPuff,Protect|||M|||50|,,,,,Psychic]Pelipper||ChoiceScarf|Drizzle|MuddyWater,Hurricane,IcyWind,Tailwind|||M|||50|,,,,,Ghost]Basculegion||ChoiceBand|SwiftSwim|WaveCrash,LastRespects,FlipTurn,AquaJet|||M|||50|,,,,,Water]Ursaluna||FlameOrb|Guts|HeadlongRush,Facade,Earthquake,Protect|||F|||50|,,,,,Fairy
|showteam|p2|Dragonite||LoadedDice|Multiscale|ScaleShot,ExtremeSpeed,Haze,Protect|||F|||50|,,,,,Fairy]Sneasler||FocusSash|PoisonTouch|DireClaw,CloseCombat,FakeOut,Coaching|||F|||50|,,,,,Ghost]Volcarona||CovertCloak|FlameBody|HeatWave,TeraBlast,QuiverDance,Protect|||F|||50|,,,,,Fairy]Rillaboom||AssaultVest|GrassySurge|WoodHammer,FakeOut,GrassyGlide,HighHorsepower|||M|||50|,,,,,Fire]Kingambit||BlackGlasses|Defiant|KowtowCleave,SwordsDance,SuckerPunch,Protect|||F|||50|,,,,,Dark]Electabuzz||Eviolite|VitalSpirit|Electroweb,FollowMe,Taunt,Protect|||F|||50|,,,,,Ghost
|
|t:|1755643256
|teamsize|p1|4
|teamsize|p2|4
|start
|switch|p1a: Ursaluna|Ursaluna, L50, F|100/100
|switch|p1b: Incineroar|Incineroar, L50, M|100/100
|switch|p2a: Dragonite|Dragonite, L50, F|100/100
|switch|p2b: Sneasler|Sneasler, L50, F|100/100
|-ability|p1b: Incineroar|Intimidate|boost
|-unboost|p2a: Dragonite|atk|1
|-unboost|p2b: Sneasler|atk|1
|turn|1
|
|t:|1755643268
|switch|p1b: Amoonguss|Amoonguss, L50, M, shiny|100/100
|move|p1a: Ursaluna|Protect|p1a: Ursaluna
|-singleturn|p1a: Ursaluna|Protect
|move|p2b: Sneasler|Fake Out|p1b: Amoonguss
|-damage|p1b: Amoonguss|92/100
|move|p2a: Dragonite|Scale Shot|p1b: Amoonguss
|-damage|p1b: Amoonguss|84/100
|-damage|p1b: Amoonguss|75/100
|-damage|p1b: Amoonguss|67/100
|-damage|p1b: Amoonguss|59/100
|-hitcount|p1b: Amoonguss|4
|-unboost|p2a: Dragonite|def|1
|-boost|p2a: Dragonite|spe|1
|
|-status|p1a: Ursaluna|brn|[from] item: Flame Orb
|upkeep
|turn|2
|
|t:|1755643285
|move|p2a: Dragonite|Protect|p2a: Dragonite
|-singleturn|p2a: Dragonite|Protect
|move|p1b: Amoonguss|Protect|p1b: Amoonguss
|-singleturn|p1b: Amoonguss|Protect
|move|p2b: Sneasler|Close Combat|p1a: Ursaluna
|-supereffective|p1a: Ursaluna
|-damage|p1a: Ursaluna|37/100 brn
|-unboost|p2b: Sneasler|def|1
|-unboost|p2b: Sneasler|spd|1
|move|p1a: Ursaluna|Facade|p2a: Dragonite
|-activate|p2a: Dragonite|move: Protect
|
|-damage|p1a: Ursaluna|32/100 brn|[from] brn
|upkeep
|turn|3
|
|t:|1755643302
|switch|p1a: Pelipper|Pelipper, L50, M|100/100
|-weather|RainDance|[from] ability: Drizzle|[of] p1a: Pelipper
|switch|p1b: Incineroar|Incineroar, L50, M|100/100
|-ability|p1b: Incineroar|Intimidate|boost
|-unboost|p2a: Dragonite|atk|1
|-unboost|p2b: Sneasler|atk|1
|move|p2a: Dragonite|Scale Shot|p1b: Incineroar
|-damage|p1b: Incineroar|93/100
|-damage|p1b: Incineroar|85/100
|-damage|p1b: Incineroar|77/100
|-damage|p1b: Incineroar|69/100
|-damage|p1b: Incineroar|61/100
|-hitcount|p1b: Incineroar|5
|-unboost|p2a: Dragonite|def|1
|-boost|p2a: Dragonite|spe|1
|move|p2b: Sneasler|Dire Claw|p1b: Incineroar
|-damage|p1b: Incineroar|41/100
|
|-weather|RainDance|[upkeep]
|upkeep
|turn|4
|
|t:|1755643328
|switch|p2b: Electabuzz|Electabuzz, L50, F|100/100
|switch|p1b: Amoonguss|Amoonguss, L50, M, shiny|92/100
|move|p2a: Dragonite|Haze|p2a: Dragonite
|-clearallboost
|move|p1a: Pelipper|Icy Wind|p2b: Electabuzz|[spread] p2a,p2b
|-supereffective|p2a: Dragonite
|-damage|p2a: Dragonite|77/100
|-damage|p2b: Electabuzz|91/100
|-unboost|p2a: Dragonite|spe|1
|-unboost|p2b: Electabuzz|spe|1
|
|-weather|RainDance|[upkeep]
|upkeep
|turn|5
|
|t:|1755643349
|switch|p1a: Incineroar|Incineroar, L50, M|41/100
|-ability|p1a: Incineroar|Intimidate|boost
|-unboost|p2a: Dragonite|atk|1
|-unboost|p2b: Electabuzz|atk|1
|move|p2a: Dragonite|Protect|p2a: Dragonite
|-singleturn|p2a: Dragonite|Protect
|move|p2b: Electabuzz|Taunt|p1b: Amoonguss
|-start|p1b: Amoonguss|move: Taunt
|move|p1b: Amoonguss|Pollen Puff|p1a: Incineroar
|-heal|p1a: Incineroar|91/100
|
|-weather|RainDance|[upkeep]
|upkeep
|turn|6
|
|t:|1755643358
|switch|p2a: Kingambit|Kingambit, L50, F|100/100
|move|p1a: Incineroar|Parting Shot|p2b: Electabuzz
|-unboost|p2b: Electabuzz|atk|1
|-unboost|p2b: Electabuzz|spa|1
|
|t:|1755643363
|switch|p1a: Ursaluna|Ursaluna, L50, F|32/100 brn|[from] Parting Shot
|move|p2b: Electabuzz|Electroweb|p1a: Ursaluna|[spread] p1b
|-immune|p1a: Ursaluna
|-resisted|p1b: Amoonguss
|-damage|p1b: Amoonguss|88/100
|move|p1b: Amoonguss|Pollen Puff|p1a: Ursaluna
|-heal|p1a: Ursaluna|81/100 brn
|
|-weather|RainDance|[upkeep]
|-damage|p1a: Ursaluna|75/100 brn|[from] brn
|upkeep
|turn|7
|
|t:|1755643377
|switch|p1b: Pelipper|Pelipper, L50, M|100/100
|-terastallize|p2a: Kingambit|Dark
|move|p2b: Electabuzz|Follow Me|p2b: Electabuzz
|-singleturn|p2b: Electabuzz|move: Follow Me
|move|p1a: Ursaluna|Earthquake|p2b: Electabuzz|[spread] p2a,p2b
|-immune|p1b: Pelipper
|-supereffective|p2b: Electabuzz
|-damage|p2a: Kingambit|56/100
|-damage|p2b: Electabuzz|0 fnt
|faint|p2b: Electabuzz
|move|p2a: Kingambit|Swords Dance|p2a: Kingambit
|-boost|p2a: Kingambit|atk|2
|
|-weather|none
|-damage|p1a: Ursaluna|69/100 brn|[from] brn
|upkeep
|
|t:|1755643388
|switch|p2b: Sneasler|Sneasler, L50, F|100/100
|turn|8
|
|t:|1755643398
|switch|p1b: Incineroar|Incineroar, L50, M|91/100
|-ability|p1b: Incineroar|Intimidate|boost
|-unboost|p2a: Kingambit|atk|1
|-ability|p2a: Kingambit|Defiant|boost
|-boost|p2a: Kingambit|atk|2
|-unboost|p2b: Sneasler|atk|1
|move|p1a: Ursaluna|Protect|p1a: Ursaluna
|-singleturn|p1a: Ursaluna|Protect
|move|p2b: Sneasler|Fake Out|p1a: Ursaluna
|-activate|p1a: Ursaluna|move: Protect
|move|p2a: Kingambit|Kowtow Cleave|p1b: Incineroar
|-resisted|p1b: Incineroar
|-damage|p1b: Incineroar|0 fnt
|faint|p1b: Incineroar
|
|-damage|p1a: Ursaluna|64/100 brn|[from] brn
|upkeep
|
|t:|1755643400
|switch|p1b: Amoonguss|Amoonguss, L50, M, shiny|100/100
|turn|9
|
|t:|1755643428
|move|p2a: Kingambit|Protect|p2a: Kingambit
|-singleturn|p2a: Kingambit|Protect
|move|p1b: Amoonguss|Rage Powder|p1b: Amoonguss
|-singleturn|p1b: Amoonguss|move: Rage Powder
|move|p2b: Sneasler|Coaching|p2a: Kingambit
|-boost|p2a: Kingambit|atk|1
|-boost|p2a: Kingambit|def|1
|move|p1a: Ursaluna|Facade|p2a: Kingambit
|-activate|p2a: Kingambit|move: Protect
|
|-damage|p1a: Ursaluna|58/100 brn|[from] brn
|upkeep
|turn|10
|
|t:|1755643441
|move|p1b: Amoonguss|Rage Powder|p1b: Amoonguss
|-singleturn|p1b: Amoonguss|move: Rage Powder
|move|p2b: Sneasler|Coaching|p2a: Kingambit
|-boost|p2a: Kingambit|atk|1
|-boost|p2a: Kingambit|def|1
|move|p1a: Ursaluna|Facade|p2a: Kingambit
|-damage|p2a: Kingambit|12/100
|move|p2a: Kingambit|Kowtow Cleave|p1b: Amoonguss
|-damage|p1b: Amoonguss|0 fnt
|faint|p1b: Amoonguss
|
|-damage|p1a: Ursaluna|52/100 brn|[from] brn
|upkeep
|-message|TailwindMakeItRain forfeited.
|
|win|marcosdeltasena31
|raw|TailwindMakeItRain's rating: 1391 → 1369(-22 for losing)
|raw|marcosdeltasena31's rating: 1354 → 1376(+22 for winning)
