|j|☆robinrambles
|j|‽Apfr
|html|robinramblesApfr    
|uhtml|bestof|Game 2 of a best-of-3
|t:|1785281466
|gametype|doubles
|player|p1|robinrambles|dawn-gen4pt|1162
|player|p2|Apfr|clown|1079
|gen|9
|tier|[Gen 9 Champions] VGC 2026 Reg M-B (Bo3)
|rated|
|rule|Species Clause: Limit one of each Pokémon
|rule|Item Clause: Limit 1 of each item
|clearpoke
|poke|p1|Staraptor, L50, F|
|poke|p1|Metagross, L50|
|poke|p1|Hydreigon, L50, M|
|poke|p1|Farigiraf, L50, M|
|poke|p1|Grimmsnarl, L50, M|
|poke|p1|Aerodactyl, L50, M|
|poke|p2|Drampa, L50, M|
|poke|p2|Diggersby, L50, M|
|poke|p2|Zoroark-Hisui, L50, F, shiny|
|poke|p2|Kangaskhan, L50, F|
|poke|p2|Lopunny, L50, F|
|poke|p2|Farigiraf, L50, M, shiny|
|teampreview|4
|showteam|p1|Staraptor||Staraptite|Intimidate|Roost,Protect,CloseCombat,BraveBird|Jolly||F|||50|]Metagross||Metagrossite|ClearBody|MeteorMash,PsychicFangs,StompingTantrum,Protect|Jolly|||||50|]Hydreigon||ChoiceScarf|Levitate|DracoMeteor,Snarl,EarthPower,DarkPulse|Modest||M|||50|]Farigiraf||SitrusBerry|ArmorTail|Thunderbolt,TwinBeam,Protect,HelpingHand|Calm||M|||50|]Grimmsnarl||RoseliBerry|Prankster|SpiritBreak,Taunt,PartingShot,FakeOut|Adamant||M|||50|]Aerodactyl||WideLens|Unnerve|DualWingbeat,RockSlide,Protect,Tailwind|Jolly||M|||50|
|showteam|p2|Drampa||SitrusBerry|Berserk|DragonPulse,HyperVoice,HeatWave,Protect|Quiet||M|||50|]Diggersby||ChopleBerry|HugePower|BodySlam,HighHorsepower,QuickAttack,Protect|Brave||M|||50|]Zoroark-Hisui||LifeOrb|Illusion|BitterMalice,Snarl,HyperVoice,Protect|Timid||F|||50|]Kangaskhan||Kangaskhanite|Scrappy|FakeOut,HammerArm,DoubleEdge,SuckerPunch|Adamant||F|||50|]Lopunny||Lopunnite|Limber|FakeOut,CloseCombat,TripleAxel,Protect|Jolly||F|||50|]Farigiraf||ColburBerry|ArmorTail|TrickRoom,Protect,Reflect,Psychic|Quiet||M|||50|
|
|t:|1785281504
|teamsize|p1|4
|teamsize|p2|4
|start
|switch|p1a: Staraptor|Staraptor, L50, F|100/100
|switch|p1b: Aerodactyl|Aerodactyl, L50, M|100/100
|switch|p2a: Lopunny|Lopunny, L50, F|100/100
|switch|p2b: Diggersby|Diggersby, L50, M|100/100
|-ability|p1b: Aerodactyl|Unnerve
|-ability|p1a: Staraptor|Intimidate|boost
|-unboost|p2a: Lopunny|atk|1
|-unboost|p2b: Diggersby|atk|1
|turn|1
|
|t:|1785281537
|detailschange|p1a: Staraptor|Staraptor-Mega, L50, F
|-mega|p1a: Staraptor|Staraptor|Staraptite
|move|p1a: Staraptor|Protect|p1a: Staraptor
|-singleturn|p1a: Staraptor|Protect
|move|p2a: Lopunny|Protect|p2a: Lopunny
|-singleturn|p2a: Lopunny|Protect
|move|p1b: Aerodactyl|Tailwind|p1b: Aerodactyl
|-sidestart|p1: robinrambles|move: Tailwind
|move|p2b: Diggersby|Hyper Voice|p1a: Staraptor|[spread] p1b
|-activate|p1a: Staraptor|move: Protect
|-resisted|p1b: Aerodactyl|1
|-damage|p1b: Aerodactyl|67/100
|-damage|p2b: Diggersby|90/100|[from] item: Life Orb
|
|upkeep
|turn|2
|
|t:|1785281557
|switch|p2a: Farigiraf|Farigiraf, L50, M, shiny|100/100
|move|p1b: Aerodactyl|Rock Slide|p2b: Diggersby|[spread] p2a,p2b
|-damage|p2a: Farigiraf|78/100
|-damage|p2b: Diggersby|37/100
|replace|p2b: Zoroark|Zoroark-Hisui, L50, F, shiny
|-end|p2b: Zoroark|Illusion
|move|p1a: Staraptor|Close Combat|p2a: Farigiraf
|-damage|p2a: Farigiraf|22/100
|-boost|p1a: Staraptor|def|1
|-boost|p1a: Staraptor|spd|1
|move|p2b: Zoroark|Bitter Malice|p1b: Aerodactyl
|-damage|p1b: Aerodactyl|0 fnt
|faint|p1b: Aerodactyl
|-damage|p2b: Zoroark|28/100|[from] item: Life Orb
|
|upkeep
|
|t:|1785281579
|switch|p1b: Hydreigon|Hydreigon, L50, M|100/100
|turn|3
|
|t:|1785281589
|move|p2a: Farigiraf|Protect|p2a: Farigiraf
|-singleturn|p2a: Farigiraf|Protect
|move|p1b: Hydreigon|Snarl|p2a: Farigiraf|[spread] p2b
|-activate|p2a: Farigiraf|move: Protect
|-supereffective|p2b: Zoroark|1
|-damage|p2b: Zoroark|0 fnt
|faint|p2b: Zoroark
|move|p1a: Staraptor|Close Combat|p2a: Farigiraf
|-activate|p2a: Farigiraf|move: Protect
|
|upkeep
|
|t:|1785281599
|switch|p2b: Lopunny|Lopunny, L50, F|100/100
|turn|4
|
|t:|1785281607
|switch|p1b: Grimmsnarl|Grimmsnarl, L50, M|100/100
|detailschange|p2b: Lopunny|Lopunny-Mega, L50, F
|-mega|p2b: Lopunny|Lopunny|Lopunnite
|move|p1a: Staraptor|Protect|p1a: Staraptor
|-singleturn|p1a: Staraptor|Protect
|move|p2b: Lopunny|Fake Out|p1a: Staraptor
|-activate|p1a: Staraptor|move: Protect
|move|p2a: Farigiraf|Trick Room|p2a: Farigiraf
|-fieldstart|move: Trick Room|[of] p2a: Farigiraf
|
|-sideend|p1: robinrambles|move: Tailwind
|upkeep
|turn|5
|
|t:|1785281633
|move|p2b: Lopunny|Protect|p2b: Lopunny
|-singleturn|p2b: Lopunny|Protect
|move|p2a: Farigiraf|Reflect|p2a: Farigiraf
|-sidestart|p2: Apfr|Reflect
|move|p1b: Grimmsnarl|Spirit Break|p2b: Lopunny
|-activate|p2b: Lopunny|move: Protect
|move|p1a: Staraptor|Close Combat|p2b: Lopunny
|-activate|p2b: Lopunny|move: Protect
|
|upkeep
|turn|6
|
|t:|1785281651
|move|p1a: Staraptor|Protect|p1a: Staraptor
|-singleturn|p1a: Staraptor|Protect
|move|p2a: Farigiraf|Psychic|p1a: Staraptor
|-activate|p1a: Staraptor|move: Protect
|move|p1b: Grimmsnarl|Spirit Break|p2b: Lopunny
|-supereffective|p2b: Lopunny|1
|-damage|p2b: Lopunny|23/100
|-unboost|p2b: Lopunny|spa|1
|move|p2b: Lopunny|Triple Axel|p1a: Staraptor
|-activate|p1a: Staraptor|move: Protect
|
|upkeep
|turn|7
|
|t:|1785281669
|switch|p1a: Hydreigon|Hydreigon, L50, M|100/100
|move|p2b: Lopunny|Protect|p2b: Lopunny
|-singleturn|p2b: Lopunny|Protect
|move|p2a: Farigiraf|Psychic|p1a: Hydreigon
|-immune|p1a: Hydreigon
|move|p1b: Grimmsnarl|Spirit Break|p2b: Lopunny
|-activate|p2b: Lopunny|move: Protect
|
|upkeep
|turn|8
|
|t:|1785281689
|move|p1b: Grimmsnarl|Spirit Break|p2b: Lopunny
|-supereffective|p2b: Lopunny|1
|-damage|p2b: Lopunny|0 fnt
|faint|p2b: Lopunny
|move|p1a: Hydreigon|Dark Pulse|p2a: Farigiraf
|-supereffective|p2a: Farigiraf|1
|-enditem|p2a: Farigiraf|Colbur Berry|[eat]
|-enditem|p2a: Farigiraf|Colbur Berry|[weaken]
|-damage|p2a: Farigiraf|0 fnt
|faint|p2a: Farigiraf
|
|-fieldend|move: Trick Room
|upkeep
|
|t:|1785281692
|switch|p2b: Diggersby|Diggersby, L50, M|100/100
|turn|9
|
|t:|1785281708
|move|p1b: Grimmsnarl|Parting Shot|p2b: Diggersby
|-unboost|p2b: Diggersby|atk|1
|-unboost|p2b: Diggersby|spa|1
|
|t:|1785281711
|switch|p1b: Staraptor|Staraptor-Mega, L50, F|100/100|[from] Parting Shot
|move|p1a: Hydreigon|Dark Pulse|p2b: Diggersby
|-crit|p2b: Diggersby
|-damage|p2b: Diggersby|20/100y
|move|p2b: Diggersby|Body Slam|p1a: Hydreigon
|-damage|p1a: Hydreigon|60/100
|
|-sideend|p2: Apfr|Reflect
|upkeep
|turn|10
|
|t:|1785281722
|move|p1a: Hydreigon|Dark Pulse|p2b: Diggersby
|-damage|p2b: Diggersby|0 fnt
|faint|p2b: Diggersby
|
|win|robinrambles
||Apfr is ready for game 3.
|inactive|robinrambles has 30 seconds to confirm battle start!
|inactive|robinrambles has 20 seconds to confirm battle start!
|inactive|robinrambles has 10 seconds to confirm battle start!
||robinrambles is ready for game 3.
|uhtml|next|Next: Game 3 of 3
