|j|☆guillelona
|j|☆tipolucha
|html|guillelonatipolucha    
|uhtml|bestof|Game 2 of a best-of-3
|t:|1784992556
|gametype|doubles
|player|p1|guillelona|2|1164
|player|p2|tipolucha|266|1134
|gen|9
|tier|[Gen 9 Champions] VGC 2026 Reg M-B (Bo3)
|rated|
|rule|Species Clause: Limit one of each Pokémon
|rule|Item Clause: Limit 1 of each item
|clearpoke
|poke|p1|Vivillon-Tundra, L50, F|
|poke|p1|Mawile, L50, F|
|poke|p1|Torkoal, L50, M|
|poke|p1|Farigiraf, L50, M|
|poke|p1|Garchomp, L50, F|
|poke|p1|Raichu, L50, F|
|poke|p2|Whimsicott, L50, F|
|poke|p2|Froslass, L50, F|
|poke|p2|Tyrantrum, L50, M|
|poke|p2|Sneasler, L50, M|
|poke|p2|Milotic, L50, F|
|poke|p2|Scizor, L50, F|
|teampreview|4
|showteam|p1|Vivillon-Tundra||FocusSash|CompoundEyes|Hurricane,SleepPowder,RagePowder,Protect|Timid||F|||50|]Mawile||Mawilite|Intimidate|PlayRough,RockSlide,SuckerPunch,Protect|Adamant||F|||50|]Torkoal||Charcoal|Drought|Eruption,WeatherBall,Protect,EarthPower|Quiet||M|||50|]Farigiraf||SitrusBerry|ArmorTail|Psychic,Thunderbolt,TrickRoom,HelpingHand|Relaxed||M|||50|]Garchomp||LifeOrb|RoughSkin|DragonClaw,Earthquake,RockSlide,Protect|Jolly||F|||50|]Raichu||RaichuniteY|LightningRod|ZapCannon,FocusBlast,FakeOut,Protect|Timid||F|||50|
|showteam|p2|Whimsicott||FocusSash|Prankster|EnergyBall,Moonblast,FakeTears,Tailwind|Timid||F|||50|]Froslass||Froslassite|SnowCloak|Blizzard,AuroraVeil,ShadowBall,Protect|Timid||F|||50|]Tyrantrum||ChoiceScarf|StrongJaw|Crunch,RockSlide,FireFang,PsychicFangs|Jolly||M|||50|]Sneasler||WhiteHerb|Unburden|CloseCombat,Protect,DireClaw,RockSlide|Adamant||M|||50|]Milotic||MysticWater|Competitive|IceBeam,Scald,IcyWind,Protect|Modest||F|||50|]Scizor||Scizorite|Technician|BugBite,BulletPunch,Protect,Assurance|Adamant||F|||50|
|
|t:|1784992597
|teamsize|p1|4
|teamsize|p2|4
|start
|switch|p1a: Mawile|Mawile, L50, F|100/100
|switch|p1b: Farigiraf|Farigiraf, L50, M|100/100
|switch|p2a: Sneasler|Sneasler, L50, M|100/100
|switch|p2b: Whimsicott|Whimsicott, L50, F|100/100
|-ability|p1a: Mawile|Intimidate|boost
|-unboost|p2a: Sneasler|atk|1
|-unboost|p2b: Whimsicott|atk|1
|-enditem|p2a: Sneasler|White Herb
|-clearnegativeboost|p2a: Sneasler|[silent]
|turn|1
|
|t:|1784992634
|detailschange|p1a: Mawile|Mawile-Mega, L50, F
|-mega|p1a: Mawile|Mawile|Mawilite
|move|p2a: Sneasler|Dire Claw|p1b: Farigiraf
|-damage|p1b: Farigiraf|63/100
|move|p2b: Whimsicott|Moonblast|p1b: Farigiraf
|-damage|p1b: Farigiraf|26/100
|-enditem|p1b: Farigiraf|Sitrus Berry|[eat]
|-heal|p1b: Farigiraf|51/100|[from] item: Sitrus Berry
|move|p1a: Mawile|Rock Slide|p2b: Whimsicott|[spread] p2a,p2b
|-resisted|p2a: Sneasler|1
|-damage|p2a: Sneasler|68/100
|-damage|p2b: Whimsicott|44/100
|move|p1b: Farigiraf|Trick Room|p1b: Farigiraf
|-fieldstart|move: Trick Room|[of] p1b: Farigiraf
|
|upkeep
|turn|2
|
|t:|1784992650
|move|p2a: Sneasler|Protect|p2a: Sneasler
|-singleturn|p2a: Sneasler|Protect
|move|p1a: Mawile|Play Rough|p2b: Whimsicott
|-damage|p2b: Whimsicott|0 fnt
|faint|p2b: Whimsicott
|move|p1b: Farigiraf|Psychic|p2a: Sneasler
|-activate|p2a: Sneasler|move: Protect
|
|upkeep
|
|t:|1784992660
|switch|p2b: Scizor|Scizor, L50, F|100/100
|turn|3
|
|t:|1784992668
|move|p2b: Scizor|Protect|p2b: Scizor
|-singleturn|p2b: Scizor|Protect
|move|p2a: Sneasler|Protect||[still]
|-fail|p2a: Sneasler
|move|p1a: Mawile|Rock Slide|p2a: Sneasler|[spread] p2a
|-activate|p2b: Scizor|move: Protect
|-resisted|p2a: Sneasler|1
|-damage|p2a: Sneasler|38/100
|move|p1b: Farigiraf|Psychic|p2a: Sneasler
|-supereffective|p2a: Sneasler|2
|-damage|p2a: Sneasler|0 fnt
|faint|p2a: Sneasler
|
|upkeep
|
|t:|1784992672
|switch|p2a: Tyrantrum|Tyrantrum, L50, M|100/100
|turn|4
|
|t:|1784992679
|detailschange|p2b: Scizor|Scizor-Mega, L50, F
|-mega|p2b: Scizor|Scizor|Scizorite
|move|p1a: Mawile|Play Rough|p2a: Tyrantrum|[miss]
|-miss|p1a: Mawile|p2a: Tyrantrum
|move|p1b: Farigiraf|Thunderbolt|p2b: Scizor
|-damage|p2b: Scizor|77/100
|move|p2b: Scizor|Bug Bite|p1b: Farigiraf
|-supereffective|p1b: Farigiraf|1
|-damage|p1b: Farigiraf|0 fnt
|faint|p1b: Farigiraf
|move|p2a: Tyrantrum|Fire Fang|p1a: Mawile
|-supereffective|p1a: Mawile|1
|-damage|p1a: Mawile|35/100
|-status|p1a: Mawile|brn
|
|-damage|p1a: Mawile|29/100 brn|[from] brn
|upkeep
|
|t:|1784992699
|switch|p1b: Vivillon|Vivillon-Tundra, L50, F|100/100
|turn|5
|
|t:|1784992719
|move|p2b: Scizor|Bullet Punch|p1b: Vivillon
|-damage|p1b: Vivillon|28/100
|move|p1a: Mawile|Play Rough|p2a: Tyrantrum|[miss]
|-miss|p1a: Mawile|p2a: Tyrantrum
|move|p1b: Vivillon|Sleep Powder|p2a: Tyrantrum
|-status|p2a: Tyrantrum|slp|[from] move: Sleep Powder
|cant|p2a: Tyrantrum|slp
|
|-damage|p1a: Mawile|23/100 brn|[from] brn
|-fieldend|move: Trick Room
|upkeep
|turn|6
|
|t:|1784992736
|move|p2b: Scizor|Bullet Punch|p1b: Vivillon
|-damage|p1b: Vivillon|0 fnt
|faint|p1b: Vivillon
|-curestatus|p2a: Tyrantrum|slp|[msg]
|move|p2a: Tyrantrum|Fire Fang|p1a: Mawile
|-supereffective|p1a: Mawile|1
|-damage|p1a: Mawile|0 fnt
|faint|p1a: Mawile
|
|upkeep
|
|t:|1784992739
|switch|p1b: Torkoal|Torkoal, L50, M|100/100
|-weather|SunnyDay|[from] ability: Drought|[of] p1b: Torkoal
|turn|7
|
|t:|1784992750
|move|p2b: Scizor|Protect|p2b: Scizor
|-singleturn|p2b: Scizor|Protect
|move|p2a: Tyrantrum|Fire Fang|p1b: Torkoal
|-resisted|p1b: Torkoal|1
|-damage|p1b: Torkoal|80/100
|move|p1b: Torkoal|Eruption|p2b: Scizor|[spread] p2a
|-activate|p2b: Scizor|move: Protect
|-resisted|p2a: Tyrantrum|2
|-damage|p2a: Tyrantrum|68/100
|
|-weather|SunnyDay|[upkeep]
|upkeep
|turn|8
|
|t:|1784992763
|move|p2a: Tyrantrum|Fire Fang|p1b: Torkoal
|-resisted|p1b: Torkoal|1
|-damage|p1b: Torkoal|61/100
|move|p2b: Scizor|Assurance|p1b: Torkoal
|-damage|p1b: Torkoal|20/100y
|move|p1b: Torkoal|Eruption|p2b: Scizor|[spread] p2a,p2b
|-resisted|p2a: Tyrantrum|2
|-supereffective|p2b: Scizor|2
|-damage|p2a: Tyrantrum|62/100
|-damage|p2b: Scizor|7/100
|
|-weather|SunnyDay|[upkeep]
|upkeep
|turn|9
|-message|guillelona forfeited.
|
|win|tipolucha
|l|☆guillelona
|player|p1|
||guillelona is ready for game 3.
||tipolucha is ready for game 3.
|uhtml|next|Next: Game 3 of 3
|l|☆tipolucha
|player|p2|
|j|☆guillelona
|player|p1|guillelona|2|
