|j|☆testdigi
|j|☆Popfor
|html|testdigiPopfor    
|uhtml|bestof|Game 1 of a best-of-3
|t:|1782471730
|gametype|doubles
|player|p1|testdigi|1|1000
|player|p2|Popfor|1|1099
|gen|9
|tier|[Gen 9 Champions] VGC 2026 Reg M-B (Bo3)
|rated|
|rule|Species Clause: Limit one of each Pokémon
|rule|Item Clause: Limit 1 of each item
|clearpoke
|poke|p1|Hydreigon, L50, M|
|poke|p1|Garchomp, L50, F|
|poke|p1|Metagross, L50, shiny|
|poke|p1|Grimmsnarl, L50, M, shiny|
|poke|p1|Charizard, L50, F, shiny|
|poke|p1|Toxapex, L50, M, shiny|
|poke|p2|Metagross, L50|
|poke|p2|Kommo-o, L50, M|
|poke|p2|Ninetales-Alola, L50, F|
|poke|p2|Sinistcha, L50|
|poke|p2|Aerodactyl, L50, M|
|poke|p2|Gallade, L50, M|
|teampreview|4
|showteam|p1|Hydreigon||ChoiceScarf|Levitate|HeatWave,DarkPulse,DracoMeteor,Snarl|Modest||M|||50|]Garchomp||SitrusBerry|RoughSkin|Protect,RockSlide,DragonClaw,Earthquake|Adamant||F|||50|]Metagross||Metagrossite|ClearBody|Protect,HammerArm,BulletPunch,IronHead|Serious|||||50|]Grimmsnarl||RoseliBerry|Prankster|FakeOut,FoulPlay,Reflect,PartingShot|Sassy||M|||50|]Charizard||CharizarditeY|Blaze|Protect,HeatWave,SolarBeam,WeatherBall|Timid||F|||50|]Toxapex||Leftovers|Regenerator|Infestation,Toxic,BanefulBunker,WideGuard|Bold||M|||50|
|showteam|p2|Metagross||Metagrossite|ClearBody|BulletPunch,MeteorMash,PsychicFangs,Protect|Adamant|||||50|]Kommo-o||Leftovers|Bulletproof|ClangorousSoul,ClangingScales,AuraSphere,Protect|Timid||M|||50|]Ninetales-Alola||FocusSash|SnowWarning|Blizzard,AuroraVeil,Moonblast,Encore|Timid||F|||50|]Sinistcha||SitrusBerry|Hospitality|RagePowder,MatchaGotcha,TrickRoom,StrengthSap|Bold|||||50|]Aerodactyl||Aerodactylite|RockHead|Tailwind,RockSlide,DualWingbeat,WideGuard|Adamant||M|||50|]Gallade||ChoiceScarf|Sharpness|SacredSword,LeafBlade,PsychoCut,NightSlash|Jolly||M|||50|
|inactive|Battle timer is ON: inactive players will automatically lose when time's up. (requested by testdigi)
|c|☆testdigi|glhf
|inactive|Popfor has 60 seconds left.
|
|t:|1782471818
|teamsize|p1|4
|teamsize|p2|4
|start
|switch|p1a: Grimmsnarl|Grimmsnarl, L50, M, shiny|100/100
|switch|p1b: Charizard|Charizard, L50, F, shiny|100/100
|switch|p2a: Aerodactyl|Aerodactyl, L50, M|100/100
|switch|p2b: Metagross|Metagross, L50|100/100
|turn|1
|inactive|testdigi has 30 seconds left.
|inactive|Popfor has 30 seconds left.
|
|t:|1782471852
|detailschange|p2a: Aerodactyl|Aerodactyl-Mega, L50, M
|-mega|p2a: Aerodactyl|Aerodactyl|Aerodactylite
|detailschange|p1b: Charizard|Charizard-Mega-Y, L50, F, shiny
|-mega|p1b: Charizard|Charizard|Charizardite Y
|-weather|SunnyDay|[from] ability: Drought|[of] p1b: Charizard
|move|p2a: Aerodactyl|Wide Guard|p2a: Aerodactyl
|-singleturn|p2a: Aerodactyl|Wide Guard
|move|p1a: Grimmsnarl|Fake Out|p2a: Aerodactyl
|-resisted|p2a: Aerodactyl|1
|-damage|p2a: Aerodactyl|92/100
|move|p1b: Charizard|Heat Wave|p2b: Metagross|[spread] 
|-activate|p2a: Aerodactyl|move: Wide Guard
|-activate|p2b: Metagross|move: Wide Guard
|move|p2b: Metagross|Meteor Mash|p1a: Grimmsnarl
|-supereffective|p1a: Grimmsnarl|1
|-damage|p1a: Grimmsnarl|1/100
|-boost|p2b: Metagross|atk|1
|
|-weather|SunnyDay|[upkeep]
|upkeep
|turn|2
|inactive|testdigi has 30 seconds left.
|
|t:|1782471882
|move|p1b: Charizard|Protect|p1b: Charizard
|-singleturn|p1b: Charizard|Protect
|move|p2b: Metagross|Bullet Punch|p1a: Grimmsnarl
|-supereffective|p1a: Grimmsnarl|1
|-damage|p1a: Grimmsnarl|0 fnt
|faint|p1a: Grimmsnarl
|move|p2a: Aerodactyl|Rock Slide|p1b: Charizard
|-activate|p1b: Charizard|move: Protect
|
|-weather|SunnyDay|[upkeep]
|upkeep
|
|t:|1782471896
|switch|p1a: Hydreigon|Hydreigon, L50, M|100/100
|turn|3
|
|t:|1782471912
|switch|p1b: Toxapex|Toxapex, L50, M, shiny|100/100
|switch|p2b: Ninetales|Ninetales-Alola, L50, F|100/100
|-weather|Snowscape|[from] ability: Snow Warning|[of] p2b: Ninetales
|move|p1a: Hydreigon|Snarl|p2a: Aerodactyl|[spread] p2a,p2b
|-resisted|p2b: Ninetales|1
|-damage|p2a: Aerodactyl|65/100
|-damage|p2b: Ninetales|86/100
|-unboost|p2a: Aerodactyl|spa|1
|-unboost|p2b: Ninetales|spa|1
|move|p2a: Aerodactyl|Rock Slide|p1a: Hydreigon|[spread] p1a,p1b
|-damage|p1a: Hydreigon|65/100
|-damage|p1b: Toxapex|80/100
|
|-weather|Snowscape|[upkeep]
|-heal|p1b: Toxapex|85/100|[from] item: Leftovers
|upkeep
|turn|4
|
|t:|1782471933
|switch|p1a: Charizard|Charizard-Mega-Y, L50, F, shiny|100/100
|-weather|SunnyDay|[from] ability: Drought|[of] p1a: Charizard
|move|p2a: Aerodactyl|Tailwind|p2a: Aerodactyl
|-sidestart|p2: Popfor|move: Tailwind
|move|p2b: Ninetales|Blizzard|p1a: Charizard|[spread] p1a,p1b
|-resisted|p1b: Toxapex|1
|-damage|p1a: Charizard|80/100
|-damage|p1b: Toxapex|77/100
|move|p1b: Toxapex|Infestation|p2b: Ninetales
|-resisted|p2b: Ninetales|1
|-damage|p2b: Ninetales|84/100
|-activate|p2b: Ninetales|move: Infestation|[of] p1b: Toxapex
|
|-weather|SunnyDay|[upkeep]
|-heal|p1b: Toxapex|83/100|[from] item: Leftovers
|-damage|p2b: Ninetales|72/100|[from] move: Infestation|[partiallytrapped]
|upkeep
|turn|5
|
|t:|1782471958
|move|p1a: Charizard|Protect|p1a: Charizard
|-singleturn|p1a: Charizard|Protect
|move|p2a: Aerodactyl|Rock Slide|p1a: Charizard|[spread] p1b
|-activate|p1a: Charizard|move: Protect
|-damage|p1b: Toxapex|61/100
|move|p2b: Ninetales|Blizzard|p1a: Charizard|[spread] p1b
|-activate|p1a: Charizard|move: Protect
|-resisted|p1b: Toxapex|1
|-damage|p1b: Toxapex|54/100
|move|p1b: Toxapex|Toxic|p2a: Aerodactyl
|-status|p2a: Aerodactyl|tox
|
|-weather|SunnyDay|[upkeep]
|-heal|p1b: Toxapex|59/100|[from] item: Leftovers
|-damage|p2a: Aerodactyl|59/100 tox|[from] psn
|-damage|p2b: Ninetales|60/100|[from] move: Infestation|[partiallytrapped]
|upkeep
|turn|6
|
|t:|1782471972
|switch|p1a: Hydreigon|Hydreigon, L50, M|65/100
|move|p2a: Aerodactyl|Rock Slide|p1b: Toxapex|[spread] p1a,p1b
|-damage|p1a: Hydreigon|32/100
|-damage|p1b: Toxapex|36/100
|move|p2b: Ninetales|Encore||[still]
|-fail|p2b: Ninetales
|move|p1b: Toxapex|Infestation|p2a: Aerodactyl
|-resisted|p2a: Aerodactyl|1
|-damage|p2a: Aerodactyl|57/100 tox
|-activate|p2a: Aerodactyl|move: Infestation|[of] p1b: Toxapex
|
|-weather|SunnyDay|[upkeep]
|-heal|p1b: Toxapex|42/100|[from] item: Leftovers
|-damage|p2a: Aerodactyl|46/100 tox|[from] psn
|-damage|p2a: Aerodactyl|34/100 tox|[from] move: Infestation|[partiallytrapped]
|-damage|p2b: Ninetales|48/100|[from] move: Infestation|[partiallytrapped]
|upkeep
|turn|7
|
|t:|1782471996
|move|p2a: Aerodactyl|Dual Wingbeat|p1a: Hydreigon
|-damage|p1a: Hydreigon|0 fnt
|faint|p1a: Hydreigon
|-hitcount|p1: Hydreigon|1
|move|p2b: Ninetales|Blizzard|p1b: Toxapex
|-resisted|p1b: Toxapex|1
|-damage|p1b: Toxapex|31/100
|move|p1b: Toxapex|Toxic|p2b: Ninetales
|-status|p2b: Ninetales|tox
|
|-weather|SunnyDay|[upkeep]
|-heal|p1b: Toxapex|36/100|[from] item: Leftovers
|-damage|p2a: Aerodactyl|17/100 tox|[from] psn
|-damage|p2b: Ninetales|42/100 tox|[from] psn
|-damage|p2a: Aerodactyl|5/100 tox|[from] move: Infestation|[partiallytrapped]
|-damage|p2b: Ninetales|30/100 tox|[from] move: Infestation|[partiallytrapped]
|-sideend|p2: Popfor|move: Tailwind
|upkeep
|
|t:|1782471999
|switch|p1a: Charizard|Charizard-Mega-Y, L50, F, shiny|80/100
|turn|8
|
|t:|1782472011
|move|p1b: Toxapex|Wide Guard|p1b: Toxapex
|-singleturn|p1b: Toxapex|Wide Guard
|move|p2a: Aerodactyl|Dual Wingbeat|p1b: Toxapex
|-damage|p1b: Toxapex|17/100
|-damage|p1b: Toxapex|0 fnt
|faint|p1b: Toxapex
|-hitcount|p1: Toxapex|2
|move|p2b: Ninetales|Blizzard|p1a: Charizard
|-activate|p1a: Charizard|move: Wide Guard
|move|p1a: Charizard|Heat Wave|p2b: Ninetales|[spread] p2a,p2b
|-resisted|p2a: Aerodactyl|1
|-supereffective|p2b: Ninetales|1
|-damage|p2a: Aerodactyl|0 fnt
|-damage|p2b: Ninetales|0 fnt
|faint|p2a: Aerodactyl
|faint|p2b: Ninetales
|
|-weather|none
|upkeep
|
|t:|1782472017
|switch|p2a: Metagross|Metagross, L50|100/100
|switch|p2b: Gallade|Gallade, L50, M|100/100
|turn|9
|
|t:|1782472032
|move|p2b: Gallade|Psycho Cut|p1a: Charizard
|-damage|p1a: Charizard|22/100
|move|p1a: Charizard|Heat Wave|p2a: Metagross|[spread] p2a,p2b
|-supereffective|p2a: Metagross|1
|-damage|p2a: Metagross|14/100
|-damage|p2b: Gallade|60/100
|move|p2a: Metagross|Psychic Fangs|p1a: Charizard
|-damage|p1a: Charizard|0 fnt
|faint|p1a: Charizard
|
|win|Popfor
||testdigi is ready for game 2.
||Popfor is ready for game 2.
|uhtml|next|Next: Game 2 of 3
