|j|☆CRISP WHITE SHEETS
|j|☆JakAttack101
|html|CRISP WHITE SHEETSJakAttack101    
|uhtml|bestof|Game 1 of a best-of-3
|t:|1756819140
|gametype|doubles
|player|p1|CRISP WHITE SHEETS|ghetsis|1181
|player|p2|JakAttack101|blaine|1110
|gen|9
|tier|[Gen 9] VGC 2025 Reg H (Bo3)
|rated|
|rule|Species Clause: Limit one of each Pokémon
|rule|Item Clause: Limit 1 of each item
|clearpoke
|poke|p1|Exeggutor, L50, F|
|poke|p1|Indeedee-F, L50, F|
|poke|p1|Avalugg, L50, F|
|poke|p1|Torkoal, L50, M|
|poke|p1|Sneasler, L50, M|
|poke|p1|Typhlosion-Hisui, L50, F|
|poke|p2|Ursaluna, L50, F|
|poke|p2|Gholdengo, L50|
|poke|p2|Porygon2, L50|
|poke|p2|Amoonguss, L50, F|
|poke|p2|Incineroar, L50, F|
|poke|p2|Hydreigon, L50, M|
|teampreview|4
|showteam|p1|Exeggutor||FocusSash|Chlorophyll|ExpandingForce,EnergyBall,TrickRoom,Protect|||F|||50|,,,,,Psychic]Indeedee-F||SafetyGoggles|PsychicSurge|FollowMe,HelpingHand,TrickRoom,DazzlingGleam|||F|||50|,,,,,Fairy]Avalugg||LoadedDice|Sturdy|IcicleSpear,BodyPress,WideGuard,Protect|||F|||50|,,,,,Fighting]Torkoal||Charcoal|Drought|Eruption,EarthPower,HelpingHand,Protect|||M|||50|,,,,,Fire]Sneasler||PsychicSeed|Unburden|DireClaw,CloseCombat,ThroatChop,Protect|||M|||50|,,,,,Dark]Typhlosion-Hisui||ChoiceScarf|Frisk|Eruption,HeatWave,ShadowBall,Extrasensory|||F|||50|,,,,,Fire
|showteam|p2|Ursaluna||FlameOrb|Guts|Facade,Earthquake,HeadlongRush,Protect|||F|||50|,,,,,Ghost]Gholdengo||LifeOrb|GoodasGold|MakeItRain,ShadowBall,NastyPlot,Protect||||||50|,,,,,Water]Porygon2||Eviolite|Download|TeraBlast,IceBeam,Recover,TrickRoom||||||50|,,,,,Fighting]Amoonguss||CovertCloak|Regenerator|PollenPuff,ClearSmog,RagePowder,Spore|||F|||50|,,,,,Water]Incineroar||SitrusBerry|Intimidate|FakeOut,FlareBlitz,KnockOff,PartingShot|||F|||50|,,,,,Ghost]Hydreigon||SafetyGoggles|Levitate|DracoMeteor,Snarl,Tailwind,Protect|||M|||50|,,,,,Ghost
|
|t:|1756819176
|teamsize|p1|4
|teamsize|p2|4
|start
|switch|p1a: Anakin|Exeggutor, L50, F|100/100
|switch|p1b: Belle|Indeedee-F, L50, F|100/100
|switch|p2a: Hydreigon|Hydreigon, L50, M|100/100
|switch|p2b: Incineroar|Incineroar, L50, F|100/100
|-ability|p2b: Incineroar|Intimidate|boost
|-unboost|p1a: Anakin|atk|1
|-unboost|p1b: Belle|atk|1
|-fieldstart|move: Psychic Terrain|[from] ability: Psychic Surge|[of] p1b: Belle
|turn|1
|
|t:|1756819189
|move|p1b: Belle|Follow Me|p1b: Belle
|-singleturn|p1b: Belle|move: Follow Me
|move|p2a: Hydreigon|Snarl|p1b: Belle|[spread] p1a,p1b
|-supereffective|p1a: Anakin
|-supereffective|p1b: Belle
|-damage|p1a: Anakin|44/100
|-damage|p1b: Belle|65/100
|-unboost|p1a: Anakin|spa|1
|-unboost|p1b: Belle|spa|1
|move|p2b: Incineroar|Knock Off|p1b: Belle
|-supereffective|p1b: Belle
|-damage|p1b: Belle|0 fnt
|-enditem|p1b: Belle|Safety Goggles|[from] move: Knock Off|[of] p2b: Incineroar
|faint|p1b: Belle
|move|p1a: Anakin|Trick Room|p1a: Anakin
|-fieldstart|move: Trick Room|[of] p1a: Anakin
|
|upkeep
|inactive|Battle timer is ON: inactive players will automatically lose when time's up. (requested by JakAttack101)
|
|t:|1756819229
|switch|p1b: Nimitz|Avalugg, L50, F|100/100
|turn|2
|inactive|JakAttack101 has 30 seconds left.
|
|t:|1756819263
|-terastallize|p1b: Nimitz|Fighting
|move|p2a: Hydreigon|Protect|p2a: Hydreigon
|-singleturn|p2a: Hydreigon|Protect
|move|p1b: Nimitz|Body Press|p2b: Incineroar
|-supereffective|p2b: Incineroar
|-damage|p2b: Incineroar|0 fnt
|faint|p2b: Incineroar
|move|p1a: Anakin|Energy Ball|p2a: Hydreigon
|-activate|p2a: Hydreigon|move: Protect
|
|upkeep
|
|t:|1756819271
|switch|p2b: Amoonguss|Amoonguss, L50, F|100/100
|turn|3
|
|t:|1756819292
|-terastallize|p2b: Amoonguss|Water
|move|p1b: Nimitz|Protect|p1b: Nimitz
|-singleturn|p1b: Nimitz|Protect
|move|p2b: Amoonguss|Rage Powder|p2b: Amoonguss
|-singleturn|p2b: Amoonguss|move: Rage Powder
|move|p1a: Anakin|Expanding Force|p2b: Amoonguss|[spread] p2b
|-immune|p2a: Hydreigon
|-damage|p2b: Amoonguss|65/100
|move|p2a: Hydreigon|Snarl|p1a: Anakin|[spread] p1a
|-activate|p1b: Nimitz|move: Protect
|-supereffective|p1a: Anakin
|-damage|p1a: Anakin|0 fnt
|faint|p1a: Anakin
|
|upkeep
|
|t:|1756819303
|switch|p1a: Shellshocker|Torkoal, L50, M|100/100
|-weather|SunnyDay|[from] ability: Drought|[of] p1a: Shellshocker
|turn|4
|
|t:|1756819311
|move|p2a: Hydreigon|Protect|p2a: Hydreigon
|-singleturn|p2a: Hydreigon|Protect
|move|p1a: Shellshocker|Eruption|p2b: Amoonguss|[spread] p2b
|-activate|p2a: Hydreigon|move: Protect
|-resisted|p2b: Amoonguss
|-damage|p2b: Amoonguss|30/100
|move|p1b: Nimitz|Body Press|p2b: Amoonguss
|-damage|p2b: Amoonguss|0 fnt
|faint|p2b: Amoonguss
|
|-weather|SunnyDay|[upkeep]
|upkeep
|
|t:|1756819320
|switch|p2b: Ursaluna|Ursaluna, L50, F|100/100
|turn|5
|
|t:|1756819332
|move|p2a: Hydreigon|Protect||[still]
|-fail|p2a: Hydreigon
|move|p1a: Shellshocker|Eruption|p2a: Hydreigon|[spread] p2a,p2b
|-resisted|p2a: Hydreigon
|-damage|p2a: Hydreigon|54/100
|-damage|p2b: Ursaluna|11/100
|move|p1b: Nimitz|Body Press|p2a: Hydreigon
|-supereffective|p2a: Hydreigon
|-damage|p2a: Hydreigon|0 fnt
|faint|p2a: Hydreigon
|move|p2b: Ursaluna|Earthquake|p1b: Nimitz|[spread] p1a,p1b
|-supereffective|p1a: Shellshocker
|-damage|p1a: Shellshocker|38/100
|-damage|p1b: Nimitz|83/100
|
|-weather|SunnyDay|[upkeep]
|-fieldend|move: Trick Room
|-fieldend|move: Psychic Terrain
|-status|p2b: Ursaluna|brn|[from] item: Flame Orb
|upkeep
|turn|6
|
|t:|1756819343
|move|p2b: Ursaluna|Earthquake|p1b: Nimitz|[spread] p1a,p1b
|-supereffective|p1a: Shellshocker
|-damage|p1a: Shellshocker|0 fnt
|-damage|p1b: Nimitz|56/100
|faint|p1a: Shellshocker
|move|p1b: Nimitz|Icicle Spear|p2b: Ursaluna
|-supereffective|p2b: Ursaluna
|-damage|p2b: Ursaluna|0 fnt
|faint|p2b: Ursaluna
|-hitcount|p2: Ursaluna|1
|
|win|CRISP WHITE SHEETS
||JakAttack101 is ready for game 2.
