|j|â˜†we_love_the_gong
|j|â˜†sturmkitten69
|html|we_love_the_gongsturmkitten69    
|uhtml|bestof|Game 3 of a best-of-3
|t:|1784627142
|gametype|doubles
|player|p1|we_love_the_gong|fantina|1181
|player|p2|sturmkitten69|fisherman-gen4|1179
|gen|9
|tier|[Gen 9 Champions] VGC 2026 Reg M-B (Bo3)
|rated|
|rule|Species Clause: Limit one of each PokÃ©mon
|rule|Item Clause: Limit 1 of each item
|clearpoke
|poke|p1|Scrafty, L50, M|
|poke|p1|Camerupt, L50, F|
|poke|p1|Farigiraf, L50, M|
|poke|p1|Sylveon, L50, F|
|poke|p1|Ninetales-Alola, L50, F|
|poke|p1|Sneasler, L50, M|
|poke|p2|Incineroar, L50, M, shiny|
|poke|p2|Rotom-Wash, L50, shiny|
|poke|p2|Delphox, L50, M|
|poke|p2|Altaria, L50, M|
|poke|p2|Sinistcha, L50|
|poke|p2|Chesnaught, L50, F|
|teampreview|4
|showteam|p1|Scrafty||Scraftinite|Intimidate|FakeOut,KnockOff,DrainPunch,Detect|Adamant||M|||50|]Camerupt||Cameruptite|SolidRock|HeatWave,EarthPower,AncientPower,Protect|Quiet||F|||50|]Farigiraf||SitrusBerry|ArmorTail|Psychic,Thunderbolt,Roar,TrickRoom|Modest||M|||50|]Sylveon||FairyFeather|Pixilate|HyperVoice,QuickAttack,HyperBeam,Protect|Modest||F|||50|]Ninetales-Alola||LightClay|SnowWarning|FreezeDry,AuroraVeil,Encore,Protect|Timid||F|||50|]Sneasler||FocusSash|Unburden|FakeOut,DireClaw,CloseCombat,Protect|Adamant||M|||50|
|showteam|p2|Incineroar||PasshoBerry|Intimidate|FakeOut,PartingShot,ThroatChop,FlareBlitz|Impish||M|||50|]Rotom-Wash||ChoiceScarf|Levitate|VoltSwitch,Electroweb,WillOWisp,HydroPump|Timid|||||50|]Delphox||Delphoxite|Blaze|HeatWave,CalmMind,Psychic,Protect|Timid||M|||50|]Altaria||RoseliBerry|CloudNine|Tailwind,Roost,WillOWisp,DragonPulse|Timid||M|||50|]Sinistcha||SitrusBerry|Hospitality|Protect,RagePowder,LifeDew,MatchaGotcha|Bold|||||50|]Chesnaught||Leftovers|Bulletproof|WideGuard,BodyPress,GrassyGlide|Impish||F|||50|
|c|â˜†we_love_the_gong|unburden
|inactive|Battle timer is ON: inactive players will automatically lose when time's up. (requested by sturmkitten69)
|c|â˜†sturmkitten69|ohh
|c|â˜†sturmkitten69|okay i forgot
|
|t:|1784627169
|teamsize|p1|4
|teamsize|p2|4
|start
|switch|p1a: Farigiraf|Farigiraf, L50, M|100/100
|switch|p1b: Ninetales|Ninetales-Alola, L50, F|100/100
|switch|p2a: Incineroar|Incineroar, L50, M, shiny|100/100
|switch|p2b: Delphox|Delphox, L50, M|100/100
|-weather|Snowscape|[from] ability: Snow Warning|[of] p1b: Ninetales
|-ability|p2a: Incineroar|Intimidate|boost
|-unboost|p1a: Farigiraf|atk|1
|-unboost|p1b: Ninetales|atk|1
|turn|1
|c|â˜†sturmkitten69|u had the sash
|
|t:|1784627183
|switch|p1a: Sylveon|Sylveon, L50, F|100/100
|detailschange|p2b: Delphox|Delphox-Mega, L50, M
|-mega|p2b: Delphox|Delphox|Delphoxite
|move|p2b: Delphox|Calm Mind|p2b: Delphox
|-boost|p2b: Delphox|spa|1
|-boost|p2b: Delphox|spd|1
|move|p1b: Ninetales|Aurora Veil|p1b: Ninetales
|-sidestart|p1: we_love_the_gong|move: Aurora Veil
|move|p2a: Incineroar|Throat Chop|p1a: Sylveon
|-resisted|p1a: Sylveon|1
|-damage|p1a: Sylveon|90/100
|-start|p1a: Sylveon|Throat Chop|[silent]
|
|-weather|Snowscape|[upkeep]
|upkeep
|turn|2
|
|t:|1784627201
|move|p2b: Delphox|Calm Mind|p2b: Delphox
|-boost|p2b: Delphox|spa|1
|-boost|p2b: Delphox|spd|1
|move|p1b: Ninetales|Encore|p2b: Delphox
|-start|p2b: Delphox|Encore
|move|p2a: Incineroar|Parting Shot|p1b: Ninetales
|-unboost|p1b: Ninetales|atk|1
|-unboost|p1b: Ninetales|spa|1
|
|t:|1784627209
|switch|p2a: Rotom|Rotom-Wash, L50, shiny|100/100|[from] Parting Shot
|move|p1a: Sylveon|Hyper Beam|p2a: Rotom
|-crit|p2a: Rotom
|-damage|p2a: Rotom|0 fnt
|-mustrecharge|p1a: Sylveon
|faint|p2a: Rotom
|
|-weather|Snowscape|[upkeep]
|-end|p1a: Sylveon|Throat Chop|[silent]
|upkeep
|
|t:|1784627217
|switch|p2a: Incineroar|Incineroar, L50, M, shiny|100/100
|-ability|p2a: Incineroar|Intimidate|boost
|-unboost|p1a: Sylveon|atk|1
|-unboost|p1b: Ninetales|atk|1
|turn|3
|
|t:|1784627226
|switch|p1b: Farigiraf|Farigiraf, L50, M|100/100
|move|p2a: Incineroar|Fake Out||[still]
|cant|p1b: Farigiraf|ability: Armor Tail|Fake Out|[of] p2a: Incineroar
|move|p2b: Delphox|Calm Mind|p2b: Delphox
|-boost|p2b: Delphox|spa|1
|-boost|p2b: Delphox|spd|1
|cant|p1a: Sylveon|recharge
|
|-weather|Snowscape|[upkeep]
|upkeep
|turn|4
|
|t:|1784627237
|switch|p1a: Scrafty|Scrafty, L50, M|100/100
|-ability|p1a: Scrafty|Intimidate|boost
|-unboost|p2a: Incineroar|atk|1
|-unboost|p2b: Delphox|atk|1
|move|p2b: Delphox|Calm Mind|p2b: Delphox
|-boost|p2b: Delphox|spa|1
|-boost|p2b: Delphox|spd|1
|move|p2a: Incineroar|Throat Chop|p1b: Farigiraf
|-supereffective|p1b: Farigiraf|1
|-damage|p1b: Farigiraf|72/100
|-start|p1b: Farigiraf|Throat Chop|[silent]
|cant|p1b: Farigiraf|move: Throat Chop
|
|-weather|Snowscape|[upkeep]
|upkeep
|turn|5
|
|t:|1784627256
|detailschange|p1a: Scrafty|Scrafty-Mega, L50, M
|-mega|p1a: Scrafty|Scrafty|Scraftinite
|-ability|p1a: Scrafty|Intimidate|boost
|-unboost|p2a: Incineroar|atk|1
|-unboost|p2b: Delphox|atk|1
|move|p2b: Delphox|Calm Mind|p2b: Delphox
|-boost|p2b: Delphox|spa|1
|-boost|p2b: Delphox|spd|1
|move|p1a: Scrafty|Knock Off|p2b: Delphox
|-supereffective|p2b: Delphox|1
|-damage|p2b: Delphox|24/100
|move|p2a: Incineroar|Parting Shot|p1a: Scrafty
|-unboost|p1a: Scrafty|atk|1
|-unboost|p1a: Scrafty|spa|1
|c|â˜†we_love_the_gong|nice
|
|t:|1784627267
|switch|p2a: Sinistcha|Sinistcha, L50|100/100|[from] Parting Shot
|-heal|p2b: Delphox|48/100|[from] ability: Hospitality|[of] p2a: Sinistcha
|move|p1b: Farigiraf|Trick Room|p1b: Farigiraf
|-fieldstart|move: Trick Room|[of] p1b: Farigiraf
|
|-weather|none
|-end|p2b: Delphox|Encore
|-end|p1b: Farigiraf|Throat Chop|[silent]
|upkeep
|turn|6
|
|t:|1784627281
|move|p2a: Sinistcha|Rage Powder|p2a: Sinistcha
|-singleturn|p2a: Sinistcha|move: Rage Powder
|move|p1b: Farigiraf|Psychic|p2a: Sinistcha
|-damage|p2a: Sinistcha|62/100
|-unboost|p2a: Sinistcha|spd|1
|move|p1a: Scrafty|Knock Off|p2a: Sinistcha
|-supereffective|p2a: Sinistcha|1
|-damage|p2a: Sinistcha|5/100
|-enditem|p2a: Sinistcha|Sitrus Berry|[from] move: Knock Off|[of] p1a: Scrafty
|move|p2b: Delphox|Heat Wave|p1b: Farigiraf|[spread] p1a
|-miss|p2b: Delphox|p1b: Farigiraf
|-damage|p1a: Scrafty|30/100
|
|upkeep
|turn|7
|
|t:|1784627301
|switch|p2a: Incineroar|Incineroar, L50, M, shiny|100/100
|-ability|p2a: Incineroar|Intimidate|boost
|-unboost|p1a: Scrafty|atk|1
|-unboost|p1b: Farigiraf|atk|1
|move|p2b: Delphox|Protect|p2b: Delphox
|-singleturn|p2b: Delphox|Protect
|move|p1b: Farigiraf|Thunderbolt|p2a: Incineroar
|-damage|p2a: Incineroar|76/100
|move|p1a: Scrafty|Drain Punch|p2a: Incineroar
|-supereffective|p2a: Incineroar|1
|-damage|p2a: Incineroar|46/100
|-heal|p1a: Scrafty|47/100|[from] drain|[of] p2a: Incineroar
|
|upkeep
|turn|8
|c|â˜†sturmkitten69|i might lose lmao but gg tho
|inactive|we_love_the_gong has 30 seconds left.
|
|t:|1784627330
|switch|p2a: Sinistcha|Sinistcha, L50|5/100
|-heal|p2b: Delphox|73/100|[from] ability: Hospitality|[of] p2a: Sinistcha
|move|p1b: Farigiraf|Thunderbolt|p2b: Delphox
|-damage|p2b: Delphox|66/100
|move|p1a: Scrafty|Knock Off|p2b: Delphox
|-supereffective|p2b: Delphox|1
|-damage|p2b: Delphox|27/100
|move|p2b: Delphox|Heat Wave|p1a: Scrafty|[spread] p1a,p1b
|-crit|p1b: Farigiraf
|-damage|p1a: Scrafty|0 fnt
|-damage|p1b: Farigiraf|0 fnt
|faint|p1a: Scrafty
|faint|p1b: Farigiraf
|
|-sideend|p1: we_love_the_gong|move: Aurora Veil
|upkeep
|
|t:|1784627333
|switch|p1b: Ninetales|Ninetales-Alola, L50, F|100/100
|switch|p1a: Sylveon|Sylveon, L50, F|90/100
|-weather|Snowscape|[from] ability: Snow Warning|[of] p1b: Ninetales
|turn|9
|c|â˜†we_love_the_gong|nah you win
|
|t:|1784627351
|switch|p2a: Incineroar|Incineroar, L50, M, shiny|46/100
|-ability|p2a: Incineroar|Intimidate|boost
|-unboost|p1a: Sylveon|atk|1
|-unboost|p1b: Ninetales|atk|1
|move|p2b: Delphox|Protect|p2b: Delphox
|-singleturn|p2b: Delphox|Protect
|move|p1a: Sylveon|Hyper Voice|p2b: Delphox|[spread] p2a
|-activate|p2b: Delphox|move: Protect
|-damage|p2a: Incineroar|6/100
|move|p1b: Ninetales|Aurora Veil|p1b: Ninetales
|-sidestart|p1: we_love_the_gong|move: Aurora Veil
|
|-weather|Snowscape|[upkeep]
|-fieldend|move: Trick Room
|upkeep
|turn|10
|c|â˜†sturmkitten69|not yet over
|
|t:|1784627367
|switch|p2a: Sinistcha|Sinistcha, L50|5/100
|-heal|p2b: Delphox|51/100|[from] ability: Hospitality|[of] p2a: Sinistcha
|move|p1b: Ninetales|Protect|p1b: Ninetales
|-singleturn|p1b: Ninetales|Protect
|move|p1a: Sylveon|Protect|p1a: Sylveon
|-singleturn|p1a: Sylveon|Protect
|move|p2b: Delphox|Heat Wave|p1b: Ninetales|[spread] 
|-activate|p1a: Sylveon|move: Protect
|-activate|p1b: Ninetales|move: Protect
|
|-weather|Snowscape|[upkeep]
|upkeep
|turn|11
|
|t:|1784627381
|switch|p2a: Incineroar|Incineroar, L50, M, shiny|6/100
|-ability|p2a: Incineroar|Intimidate|boost
|-unboost|p1a: Sylveon|atk|1
|-unboost|p1b: Ninetales|atk|1
|move|p2b: Delphox|Protect|p2b: Delphox
|-singleturn|p2b: Delphox|Protect
|move|p1b: Ninetales|Freeze-Dry|p2a: Incineroar
|-resisted|p2a: Incineroar|1
|-damage|p2a: Incineroar|0 fnt
|faint|p2a: Incineroar
|move|p1a: Sylveon|Hyper Beam|p2b: Delphox
|-activate|p2b: Delphox|move: Protect
|
|-weather|Snowscape|[upkeep]
|upkeep
|
|t:|1784627393
|switch|p2a: Sinistcha|Sinistcha, L50|5/100
|-heal|p2b: Delphox|76/100|[from] ability: Hospitality|[of] p2a: Sinistcha
|turn|12
|
|t:|1784627402
|move|p1b: Ninetales|Protect|p1b: Ninetales
|-singleturn|p1b: Ninetales|Protect
|move|p2a: Sinistcha|Protect|p2a: Sinistcha
|-singleturn|p2a: Sinistcha|Protect
|move|p2b: Delphox|Heat Wave|p1b: Ninetales|[spread] p1a
|-activate|p1b: Ninetales|move: Protect
|-damage|p1a: Sylveon|25/100
|move|p1a: Sylveon|Hyper Voice|p2b: Delphox|[spread] p2b
|-activate|p2a: Sinistcha|move: Protect
|-resisted|p2b: Delphox|1
|-damage|p2b: Delphox|71/100
|
|-weather|Snowscape|[upkeep]
|upkeep
|turn|13
|c|â˜†we_love_the_gong|gg
|
|t:|1784627421
|move|p2a: Sinistcha|Rage Powder|p2a: Sinistcha
|-singleturn|p2a: Sinistcha|move: Rage Powder
|move|p1a: Sylveon|Quick Attack|p2a: Sinistcha
|-damage|p2a: Sinistcha|0 fnt
|faint|p2a: Sinistcha
|move|p2b: Delphox|Heat Wave|p1b: Ninetales|[spread] p1a,p1b
|-supereffective|p1b: Ninetales|1
|-damage|p1a: Sylveon|0 fnt
|-damage|p1b: Ninetales|0 fnt
|faint|p1a: Sylveon
|faint|p1b: Ninetales
|
|win|sturmkitten69
|raw|we_love_the_gong's rating: 1181 → 1156(-25 for losing)
|raw|sturmkitten69's rating: 1179 → 1204(+25 for winning)
|l|â˜†we_love_the_gong
|player|p1|
|c|â˜†sturmkitten69|ggs dude
