|j|â˜†wonderking
|j|â˜†MoonStonePorygon
|html|wonderkingMoonStonePorygon    
|uhtml|bestof|Game 1 of a best-of-3
|t:|1783836548
|gametype|doubles
|player|p1|wonderking|fantina|1000
|player|p2|MoonStonePorygon|265|1000
|gen|9
|tier|[Gen 9 Champions] VGC 2026 Reg M-B (Bo3)
|rated|
|rule|Species Clause: Limit one of each PokÃ©mon
|rule|Item Clause: Limit 1 of each item
|clearpoke
|poke|p1|Scovillain, L50, M|
|poke|p1|Aerodactyl, L50, F|
|poke|p1|Basculegion, L50, M|
|poke|p1|Metagross, L50|
|poke|p1|Torkoal, L50, M|
|poke|p1|Rhyperior, L50, M|
|poke|p2|Toxapex, L50, F|
|poke|p2|Aggron, L50, M|
|poke|p2|Garganacl, L50, M|
|poke|p2|Glimmora, L50, F|
|poke|p2|Metagross, L50|
|poke|p2|Milotic, L50, F|
|teampreview|4
|showteam|p1|Scovillain||Scovillainite|Moody|GigaDrain,LeechSeed,RagePowder,SpicyExtract|Calm||M|||50|]Aerodactyl||LifeOrb|RockHead|RockSlide,Tailwind,DualWingbeat,Protect|Jolly||F|||50|]Basculegion||ChoiceScarf|Adaptability|IceFang,Waterfall,LastRespects,PsychicFangs|Jolly||M|||50|]Metagross||MentalHerb|ClearBody|BulletPunch,PsychicFangs,RockSlide,Rest|Adamant|||||50|]Torkoal||Leftovers|Drought|StealthRock,Protect,Eruption,ClearSmog|Bold||M|||50|]Rhyperior||PasshoBerry|LightningRod|DrillRun,Protect,Superpower,FirePunch|Adamant||M|||50|
|showteam|p2|Toxapex||Leftovers|Regenerator|BanefulBunker,Toxic,Infestation,WideGuard|Bold||F|||50|]Aggron||Aggronite|Sturdy|BodyPress,HeavySlam,Protect,Roar|Impish||M|||50|]Garganacl||SitrusBerry|PurifyingSalt|SaltCure,Protect,StealthRock,Recover|Impish||M|||50|]Glimmora||FocusSash|ToxicDebris|SpikyShield,Spikes,PowerGem,ConfuseRay|Timid||F|||50|]Metagross||Metagrossite|ClearBody|PsychicFangs,IronHead,IcePunch,Protect|Jolly|||||50|]Milotic||WhiteHerb|Competitive|Hypnosis,Coil,IcyWind,MuddyWater|Timid||F|||50|
|
|t:|1783836679
|teamsize|p1|4
|teamsize|p2|4
|start
|switch|p1a: Scovillain|Scovillain, L50, M|100/100
|switch|p1b: Aerodactyl|Aerodactyl, L50, F|100/100
|switch|p2a: Evil House|Toxapex, L50, F|100/100
|switch|p2b: Fatty|Aggron, L50, M|100/100
|turn|1
|
|t:|1783836727
|detailschange|p1a: Scovillain|Scovillain-Mega, L50, M
|-mega|p1a: Scovillain|Scovillain|Scovillainite
|detailschange|p2b: Fatty|Aggron-Mega, L50, M
|-mega|p2b: Fatty|Aggron|Aggronite
|move|p1a: Scovillain|Rage Powder|p1a: Scovillain
|-singleturn|p1a: Scovillain|move: Rage Powder
|move|p1b: Aerodactyl|Rock Slide|p2b: Fatty|[spread] p2a,p2b
|-resisted|p2b: Fatty|1
|-damage|p2a: Evil House|80/100
|-damage|p2b: Fatty|94/100
|-damage|p1b: Aerodactyl|90/100|[from] item: Life Orb
|move|p2b: Fatty|Heavy Slam|p1a: Scovillain
|-resisted|p1a: Scovillain|1
|-damage|p1a: Scovillain|64/100
|-status|p2b: Fatty|brn|[from] ability: Spicy Spray|[of] p1a: Scovillain
|cant|p2a: Evil House|flinch
|
|-heal|p2a: Evil House|85/100|[from] item: Leftovers
|-damage|p2b: Fatty|88/100 brn|[from] brn
|upkeep
|turn|2
|
|t:|1783836767
|move|p1b: Aerodactyl|Rock Slide|p2b: Fatty|[spread] p2a,p2b
|-resisted|p2b: Fatty|1
|-damage|p2a: Evil House|65/100
|-damage|p2b: Fatty|81/100 brn
|-damage|p1b: Aerodactyl|80/100|[from] item: Life Orb
|move|p1a: Scovillain|Leech Seed|p2b: Fatty
|-start|p2b: Fatty|move: Leech Seed
|move|p2b: Fatty|Heavy Slam|p1b: Aerodactyl
|-supereffective|p1b: Aerodactyl|1
|-damage|p1b: Aerodactyl|0 fnt
|faint|p1b: Aerodactyl
|move|p2a: Evil House|Toxic|p1a: Scovillain
|-status|p1a: Scovillain|tox
|
|-heal|p2a: Evil House|71/100|[from] item: Leftovers
|-damage|p2b: Fatty|69/100 brn|[from] Leech Seed|[of] p1a: Scovillain
|-heal|p1a: Scovillain|76/100 tox|[silent]
|-damage|p1a: Scovillain|70/100 tox|[from] psn
|-damage|p2b: Fatty|63/100 brn|[from] brn
|upkeep
|
|t:|1783836785
|switch|p1b: Metagross|Metagross, L50|100/100
|turn|3
|c|â˜†MoonStonePorygon|hello
|
|t:|1783836851
|switch|p2b: Minecraft House|Garganacl, L50, M|100/100
|move|p2a: Evil House|Baneful Bunker|p2a: Evil House
|-singleturn|p2a: Evil House|move: Protect
|move|p1a: Scovillain|Giga Drain|p2b: Minecraft House
|-supereffective|p2b: Minecraft House|1
|-damage|p2b: Minecraft House|32/100
|-heal|p1a: Scovillain|100/100 tox|[from] drain|[of] p2b: Minecraft House
|-enditem|p2b: Minecraft House|Sitrus Berry|[eat]
|-heal|p2b: Minecraft House|57/100|[from] item: Sitrus Berry
|move|p1b: Metagross|Psychic Fangs|p2a: Evil House
|-activate|p2a: Evil House|move: Protect
|
|-heal|p2a: Evil House|77/100|[from] item: Leftovers
|-damage|p1a: Scovillain|88/100 tox|[from] psn
|upkeep
|turn|4
|
|t:|1783836878
|move|p2a: Evil House|Wide Guard|p2a: Evil House
|-singleturn|p2a: Evil House|Wide Guard
|move|p1b: Metagross|Bullet Punch|p2b: Minecraft House
|-supereffective|p2b: Minecraft House|1
|-damage|p2b: Minecraft House|28/100
|move|p1a: Scovillain|Leech Seed|p2a: Evil House
|-start|p2a: Evil House|move: Leech Seed
|move|p2b: Minecraft House|Stealth Rock|p1b: Metagross
|-sidestart|p1: wonderking|move: Stealth Rock
|
|-heal|p2a: Evil House|82/100|[from] item: Leftovers
|-damage|p2a: Evil House|70/100|[from] Leech Seed|[of] p1a: Scovillain
|-heal|p1a: Scovillain|99/100 tox|[silent]
|-damage|p1a: Scovillain|81/100 tox|[from] psn
|upkeep
|turn|5
|
|t:|1783836903
|move|p2a: Evil House|Baneful Bunker||[still]
|-fail|p2a: Evil House
|move|p1b: Metagross|Bullet Punch|p2b: Minecraft House
|-supereffective|p2b: Minecraft House|1
|-damage|p2b: Minecraft House|3/100
|move|p1a: Scovillain|Giga Drain|p2a: Evil House
|-damage|p2a: Evil House|41/100
|-heal|p1a: Scovillain|95/100 tox|[from] drain|[of] p2a: Evil House
|move|p2b: Minecraft House|Recover|p2b: Minecraft House
|-heal|p2b: Minecraft House|54/100
|
|-heal|p2a: Evil House|47/100|[from] item: Leftovers
|-damage|p2a: Evil House|35/100|[from] Leech Seed|[of] p1a: Scovillain
|-heal|p1a: Scovillain|100/100 tox|[silent]
|-damage|p1a: Scovillain|76/100 tox|[from] psn
|upkeep
|turn|6
|
|t:|1783836944
|move|p2b: Minecraft House|Protect|p2b: Minecraft House
|-singleturn|p2b: Minecraft House|Protect
|move|p1b: Metagross|Bullet Punch|p2b: Minecraft House
|-activate|p2b: Minecraft House|move: Protect
|move|p1a: Scovillain|Spicy Extract|p1b: Metagross
|-fail|p1b: Metagross|unboost|[from] ability: Clear Body|[of] p1b: Metagross
|-boost|p1b: Metagross|atk|2
|move|p2a: Evil House|Infestation|p1b: Metagross
|-damage|p1b: Metagross|96/100
|-activate|p1b: Metagross|move: Infestation|[of] p2a: Evil House
|
|-heal|p2a: Evil House|40/100|[from] item: Leftovers
|-damage|p2a: Evil House|28/100|[from] Leech Seed|[of] p1a: Scovillain
|-heal|p1a: Scovillain|87/100 tox|[silent]
|-damage|p1a: Scovillain|58/100 tox|[from] psn
|-damage|p1b: Metagross|84/100|[from] move: Infestation|[partiallytrapped]
|upkeep
|turn|7
|
|t:|1783836981
|move|p2a: Evil House|Baneful Bunker|p2a: Evil House
|-singleturn|p2a: Evil House|move: Protect
|move|p1a: Scovillain|Giga Drain|p2b: Minecraft House
|-supereffective|p2b: Minecraft House|1
|-damage|p2b: Minecraft House|0 fnt
|-heal|p1a: Scovillain|91/100 tox|[from] drain|[of] p2b: Minecraft House
|faint|p2b: Minecraft House
|move|p1b: Metagross|Psychic Fangs|p2a: Evil House
|-activate|p2a: Evil House|move: Protect
|
|-heal|p2a: Evil House|34/100|[from] item: Leftovers
|-damage|p2a: Evil House|22/100|[from] Leech Seed|[of] p1a: Scovillain
|-heal|p1a: Scovillain|100/100 tox|[silent]
|-damage|p1a: Scovillain|64/100 tox|[from] psn
|-damage|p1b: Metagross|72/100|[from] move: Infestation|[partiallytrapped]
|upkeep
|
|t:|1783837023
|switch|p2b: Fih|Milotic, L50, F|100/100
|turn|8
|
|t:|1783837046
|move|p2b: Fih|Coil|p2b: Fih
|-boost|p2b: Fih|atk|1
|-boost|p2b: Fih|def|1
|-boost|p2b: Fih|accuracy|1
|move|p1a: Scovillain|Giga Drain|p2b: Fih
|-supereffective|p2b: Fih|1
|-damage|p2b: Fih|37/100
|-heal|p1a: Scovillain|96/100 tox|[from] drain|[of] p2b: Fih
|move|p1b: Metagross|Psychic Fangs|p2a: Evil House
|-supereffective|p2a: Evil House|1
|-damage|p2a: Evil House|0 fnt
|faint|p2a: Evil House
|
|-damage|p1a: Scovillain|55/100 tox|[from] psn
|-end|p1b: Metagross|Infestation|[partiallytrapped]|[silent]
|upkeep
|
|t:|1783837058
|switch|p2a: Fatty|Aggron-Mega, L50, M|63/100 brn
|turn|9
|
|t:|1783837092
|move|p2b: Fih|Icy Wind|p1a: Scovillain|[spread] p1a,p1b
|-resisted|p1b: Metagross|1
|-damage|p1a: Scovillain|46/100 tox
|-damage|p1b: Metagross|66/100
|-unboost|p1a: Scovillain|spe|1
|-status|p2b: Fih|brn|[from] ability: Spicy Spray|[of] p1a: Scovillain
|move|p1b: Metagross|Rock Slide|p2b: Fih|[spread] p2a,p2b
|-resisted|p2a: Fatty|1
|-damage|p2a: Fatty|54/100 brn
|-damage|p2b: Fih|1/100 brn
|move|p1a: Scovillain|Giga Drain|p2b: Fih
|-supereffective|p2b: Fih|1
|-damage|p2b: Fih|0 fnt
|-heal|p1a: Scovillain|46/100 tox|[from] drain|[of] p2b: Fih
|faint|p2b: Fih
|move|p2a: Fatty|Roar|p1b: Metagross
|drag|p1b: Basculegion|Basculegion, L50, M|100/100
|-damage|p1b: Basculegion|87/100|[from] Stealth Rock
|
|-damage|p1a: Scovillain|0 fnt|[from] psn
|faint|p1a: Scovillain
|-damage|p2a: Fatty|49/100 brn|[from] brn
|upkeep
|
|t:|1783837112
|switch|p1a: Metagross|Metagross, L50|66/100
|-damage|p1a: Metagross|60/100|[from] Stealth Rock
|turn|10
|
|t:|1783837140
|move|p1b: Basculegion|Last Respects|p2a: Fatty
|-damage|p2a: Fatty|13/100 brn
|move|p1a: Metagross|Rock Slide|p2a: Fatty
|-resisted|p2a: Fatty|1
|-damage|p2a: Fatty|7/100 brn
|move|p2a: Fatty|Body Press|p1a: Metagross
|-damage|p1a: Metagross|42/100
|
|-damage|p2a: Fatty|1/100 brn|[from] brn
|upkeep
|turn|11
|
|t:|1783837152
|move|p1b: Basculegion|Last Respects|p2a: Fatty
|-crit|p2a: Fatty
|-damage|p2a: Fatty|0 fnt
|faint|p2a: Fatty
|
|win|wonderking
||MoonStonePorygon is ready for game 2.
||wonderking is ready for game 2.
|uhtml|next|Next: Game 2 of 3
|l|â˜†MoonStonePorygon
|player|p2|
|j|â˜†MoonStonePorygon
|player|p2|MoonStonePorygon|265|
