|j|☆MurQrow
|j|☆Llama_Llord
|html|MurQrowLlama_Llord    
|uhtml|bestof|Game 3 of a best-of-3
|t:|1756852413
|gametype|doubles
|player|p1|MurQrow|101|1123
|player|p2|Llama_Llord|266|1168
|gen|9
|tier|[Gen 9] VGC 2025 Reg H (Bo3)
|rated|
|rule|Species Clause: Limit one of each Pokémon
|rule|Item Clause: Limit 1 of each item
|clearpoke
|poke|p1|Ninetales-Alola, L50, F|
|poke|p1|Baxcalibur, L50, M|
|poke|p1|Gholdengo, L50|
|poke|p1|Magmar, L50, F|
|poke|p1|Rillaboom, L50, M|
|poke|p1|Flamigo, L50, F|
|poke|p2|Talonflame, L50, M|
|poke|p2|Garchomp, L50, F|
|poke|p2|Gholdengo, L50|
|poke|p2|Tyranitar, L50, M|
|poke|p2|Amoonguss, L50, F|
|poke|p2|Milotic, L50, F|
|teampreview|4
|showteam|p1|Ninetales-Alola||CovertCloak|SnowWarning|Blizzard,IcyWind,Encore,AuroraVeil|||F|||50|,,,,,Fire]Baxcalibur||LoadedDice|ThermalExchange|Protect,IceShard,IcicleSpear,ScaleShot|||M|||50|,,,,,Water]Gholdengo||LifeOrb|GoodasGold|NastyPlot,Protect,MakeItRain,ShadowBall||||||50|,,,,,Water]Magmar||Eviolite|VitalSpirit|ClearSmog,FollowMe,Protect,Flamethrower|||F|||50|,,,,,Ghost]Rillaboom||AssaultVest|GrassySurge|FakeOut,GrassyGlide,WoodHammer,HighHorsepower|||M|||50|,,,,,Fire]Flamigo||ChoiceScarf|Scrappy|CloseCombat,BraveBird,DualWingbeat,Tailwind|||F|||50|,,,,,Ghost
|showteam|p2|Talonflame||CovertCloak|GaleWings|Tailwind,BraveBird,WillOWisp,Taunt|||M|||50|,,,,,Grass]Garchomp||LifeOrb|RoughSkin|Earthquake,DragonClaw,StompingTantrum,Protect|||F|||50|,,,,,Fairy]Gholdengo||ChoiceSpecs|GoodasGold|MakeItRain,ShadowBall,Thunderbolt,PowerGem||||||50|,,,,,Steel]Tyranitar||AssaultVest|SandStream|RockSlide,KnockOff,TeraBlast,LowKick|||M|||50|,,,,,Flying]Amoonguss||SitrusBerry|Regenerator|PollenPuff,Spore,RagePowder,Protect|||F|||50|,,,,,Water]Milotic||SafetyGoggles|Competitive|Scald,IcyWind,Haze,Protect|||F|||50|,,,,,Dragon
|inactive|Battle timer is ON: inactive players will automatically lose when time's up. (requested by Llama_Llord)
|inactive|MurQrow also wants the timer to be on.
|j| jables412
|inactive|MurQrow has 60 seconds left.
|
|t:|1756852457
|teamsize|p1|4
|teamsize|p2|4
|start
|switch|p1a: Flush five|Baxcalibur, L50, M|100/100
|switch|p1b: Rillaboom|Rillaboom, L50, M|100/100
|switch|p2a: Talonflame|Talonflame, L50, M|100/100
|switch|p2b: Garchomp|Garchomp, L50, F|100/100
|-fieldstart|move: Grassy Terrain|[from] ability: Grassy Surge|[of] p1b: Rillaboom
|turn|1
|
|t:|1756852480
|-terastallize|p1a: Flush five|Water
|move|p2b: Garchomp|Protect|p2b: Garchomp
|-singleturn|p2b: Garchomp|Protect
|move|p1b: Rillaboom|Fake Out|p2a: Talonflame
|-damage|p2a: Talonflame|83/100
|move|p2a: Talonflame|Brave Bird|p1b: Rillaboom
|-supereffective|p1b: Rillaboom
|-damage|p1b: Rillaboom|34/100
|-damage|p2a: Talonflame|59/100|[from] Recoil
|move|p1a: Flush five|Icicle Spear|p2b: Garchomp
|-activate|p2b: Garchomp|move: Protect
|
|-heal|p1b: Rillaboom|40/100|[from] Grassy Terrain
|upkeep
|turn|2
|
|t:|1756852504
|switch|p2b: Gholdengo|Gholdengo, L50|100/100
|switch|p1b: Ninetales|Ninetales-Alola, L50, F|100/100
|-weather|Snowscape|[from] ability: Snow Warning|[of] p1b: Ninetales
|move|p2a: Talonflame|Will-O-Wisp|p1b: Ninetales
|-status|p1b: Ninetales|brn
|move|p1a: Flush five|Scale Shot|p2a: Talonflame
|-damage|p2a: Talonflame|38/100
|-damage|p2a: Talonflame|17/100
|-damage|p2a: Talonflame|0 fnt
|faint|p2a: Talonflame
|-hitcount|p2: Talonflame|3
|-unboost|p1a: Flush five|def|1
|-boost|p1a: Flush five|spe|1
|
|-weather|Snowscape|[upkeep]
|-damage|p1b: Ninetales|95/100 brn|[from] brn
|upkeep
|
|t:|1756852519
|switch|p2a: Tyranitar|Tyranitar, L50, M|100/100
|-weather|Sandstorm|[from] ability: Sand Stream|[of] p2a: Tyranitar
|turn|3
|inactive|MurQrow has 30 seconds left.
|inactive|MurQrow has 20 seconds left.
|inactive|MurQrow has 15 seconds left.
|inactive|MurQrow has 10 seconds left.
|inactive|MurQrow has 5 seconds left.
|
|t:|1756852571
|-terastallize|p2b: Gholdengo|Steel
|move|p1a: Flush five|Icicle Spear|p2b: Gholdengo
|-resisted|p2b: Gholdengo
|-damage|p2b: Gholdengo|92/100
|-resisted|p2b: Gholdengo
|-damage|p2b: Gholdengo|84/100
|-resisted|p2b: Gholdengo
|-damage|p2b: Gholdengo|75/100
|-resisted|p2b: Gholdengo
|-damage|p2b: Gholdengo|66/100
|-resisted|p2b: Gholdengo
|-damage|p2b: Gholdengo|58/100
|-hitcount|p2b: Gholdengo|5
|move|p1b: Ninetales|Icy Wind|p2b: Gholdengo|[spread] p2a,p2b
|-resisted|p2b: Gholdengo
|-damage|p2a: Tyranitar|95/100
|-damage|p2b: Gholdengo|50/100
|-unboost|p2a: Tyranitar|spe|1
|-unboost|p2b: Gholdengo|spe|1
|move|p2b: Gholdengo|Make It Rain|p1b: Ninetales|[spread] p1a,p1b
|-resisted|p1a: Flush five
|-supereffective|p1b: Ninetales
|-damage|p1a: Flush five|55/100
|-damage|p1b: Ninetales|0 fnt
|-unboost|p2b: Gholdengo|spa|1
|faint|p1b: Ninetales
|move|p2a: Tyranitar|Knock Off|p1a: Flush five
|-damage|p1a: Flush five|0 fnt
|-enditem|p1a: Flush five|Loaded Dice|[from] move: Knock Off|[of] p2a: Tyranitar
|faint|p1a: Flush five
|
|-weather|Sandstorm|[upkeep]
|-heal|p2b: Gholdengo|56/100|[from] Grassy Terrain
|-heal|p2a: Tyranitar|100/100|[from] Grassy Terrain
|upkeep
|inactive|MurQrow has 30 seconds left.
|
|t:|1756852597
|switch|p1b: Rillaboom|Rillaboom, L50, M|40/100
|switch|p1a: Gholdengo|Gholdengo, L50|100/100
|turn|4
|
|t:|1756852612
|switch|p2b: Garchomp|Garchomp, L50, F|100/100
|move|p1a: Gholdengo|Shadow Ball|p2b: Garchomp
|-damage|p2b: Garchomp|30/100
|-unboost|p2b: Garchomp|spd|1
|-damage|p1a: Gholdengo|90/100|[from] item: Life Orb
|move|p1b: Rillaboom|Wood Hammer|p2a: Tyranitar
|-supereffective|p2a: Tyranitar
|-damage|p2a: Tyranitar|0 fnt
|faint|p2a: Tyranitar
|-damage|p1b: Rillaboom|9/100|[from] Recoil
|
|-weather|Sandstorm|[upkeep]
|-damage|p1b: Rillaboom|3/100|[from] Sandstorm
|-heal|p2b: Garchomp|36/100|[from] Grassy Terrain
|-heal|p1a: Gholdengo|96/100|[from] Grassy Terrain
|-heal|p1b: Rillaboom|9/100|[from] Grassy Terrain
|upkeep
|
|t:|1756852624
|switch|p2a: Gholdengo|Gholdengo, L50, tera:Steel|56/100
|turn|5
|inactive|Llama_Llord has 30 seconds left.
|
|t:|1756852651
|move|p2b: Garchomp|Protect|p2b: Garchomp
|-singleturn|p2b: Garchomp|Protect
|move|p1a: Gholdengo|Protect|p1a: Gholdengo
|-singleturn|p1a: Gholdengo|Protect
|move|p1b: Rillaboom|Grassy Glide|p2b: Garchomp
|-activate|p2b: Garchomp|move: Protect
|move|p2a: Gholdengo|Make It Rain|p1a: Gholdengo|[spread] p1b
|-activate|p1a: Gholdengo|move: Protect
|-damage|p1b: Rillaboom|0 fnt
|-unboost|p2a: Gholdengo|spa|1
|faint|p1b: Rillaboom
|
|-weather|Sandstorm|[upkeep]
|-heal|p2b: Garchomp|42/100|[from] Grassy Terrain
|-heal|p2a: Gholdengo|62/100|[from] Grassy Terrain
|-heal|p1a: Gholdengo|100/100|[from] Grassy Terrain
|-fieldend|move: Grassy Terrain
|upkeep
|turn|6
|
|t:|1756852673
|move|p2b: Garchomp|Stomping Tantrum|p1a: Gholdengo
|-supereffective|p1a: Gholdengo
|-damage|p1a: Gholdengo|0 fnt
|faint|p1a: Gholdengo
|-damage|p2b: Garchomp|32/100|[from] item: Life Orb
|
|win|Llama_Llord
|raw|MurQrow's rating: 1123 → 1101(-22 for losing)
|raw|Llama_Llord's rating: 1168 → 1190(+22 for winning)
