|j|☆Bellbottoms
|j|☆screwsalesman
|html|Bellbottomsscrewsalesman    
|uhtml|bestof|Game 1 of a best-of-3
|t:|1756606827
|gametype|doubles
|player|p1|Bellbottoms|pokemonbreederf-gen4|1332
|player|p2|screwsalesman|102|1278
|gen|9
|tier|[Gen 9] VGC 2025 Reg H (Bo3)
|rated|
|rule|Species Clause: Limit one of each Pokémon
|rule|Item Clause: Limit 1 of each item
|clearpoke
|poke|p1|Gholdengo, L50|
|poke|p1|Rillaboom, L50, M|
|poke|p1|Arcanine-Hisui, L50, F|
|poke|p1|Sneasler, L50, M|
|poke|p1|Dragonite, L50, F|
|poke|p1|Ninetales-Alola, L50, M|
|poke|p2|Porygon2, L50|
|poke|p2|Incineroar, L50, F|
|poke|p2|Ursaluna, L50, F|
|poke|p2|Jumpluff, L50, F|
|poke|p2|Charizard, L50, F|
|poke|p2|Torkoal, L50, F|
|teampreview|4
|showteam|p1|Gholdengo||GrassySeed|GoodasGold|MakeItRain,NastyPlot,ShadowBall,Protect||||||50|,,,,,Water]Rillaboom||AssaultVest|GrassySurge|FakeOut,GrassyGlide,WoodHammer,Uturn|||M|||50|,,,,,Fire]Arcanine-Hisui||ClearAmulet|Intimidate|RockSlide,FlareBlitz,ExtremeSpeed,Protect|||F|||50|,,,,,Water]Sneasler||FocusSash|Unburden|CloseCombat,DireClaw,Coaching,Protect|||M|||50|,,,,,Stellar]Dragonite||LoadedDice|Multiscale|ScaleShot,StompingTantrum,Protect,Tailwind|||F|||50|,,,,,Ground]Ninetales-Alola||CovertCloak|SnowWarning|Blizzard,IcyWind,AuroraVeil,Encore|||M|||50|,,,,,Ice
|showteam|p2|Porygon2||Eviolite|Download|TeraBlast,IceBeam,TrickRoom,Recover||||||50|,,,,,Fighting]Incineroar||SitrusBerry|Intimidate|FakeOut,KnockOff,FlareBlitz,PartingShot|||F|||50|,,,,,Ghost]Ursaluna||FlameOrb|Guts|HeadlongRush,Facade,Earthquake,Protect|||F|||50|,,,,,Ghost]Jumpluff||CovertCloak|Chlorophyll|RagePowder,SunnyDay,Tailwind,SleepPowder|||F|||50|,,,,,Water]Charizard||ChoiceSpecs|SolarPower|HeatWave,Overheat,WeatherBall,DragonPulse|||F|||50|,,,,,Ghost]Torkoal||EjectPack|Drought|Overheat,Eruption,HelpingHand,Protect|||F|||50|,,,,,Fire
|inactive|Battle timer is ON: inactive players will automatically lose when time's up. (requested by screwsalesman)
|
|t:|1756606844
|teamsize|p1|4
|teamsize|p2|4
|start
|switch|p1a: Crazy World|Gholdengo, L50|100/100
|switch|p1b: Dearg Doom|Arcanine-Hisui, L50, F|100/100
|switch|p2a: Incineroar|Incineroar, L50, F|100/100
|switch|p2b: Porygon2|Porygon2, L50, shiny|100/100
|-ability|p1b: Dearg Doom|Intimidate|boost
|-unboost|p2a: Incineroar|atk|1
|-unboost|p2b: Porygon2|atk|1
|-ability|p2a: Incineroar|Intimidate|boost
|-unboost|p1a: Crazy World|atk|1
|-fail|p1b: Dearg Doom|unboost|[from] item: Clear Amulet|[of] p1b: Dearg Doom
|-ability|p2b: Porygon2|Download|boost
|-boost|p2b: Porygon2|atk|1
|turn|1
|
|t:|1756606853
|switch|p1b: N17|Rillaboom, L50, M|100/100
|-fieldstart|move: Grassy Terrain|[from] ability: Grassy Surge|[of] p1b: N17
|-enditem|p1a: Crazy World|Grassy Seed
|-boost|p1a: Crazy World|def|1|[from] item: Grassy Seed
|move|p2a: Incineroar|Fake Out|p1b: N17
|-damage|p1b: N17|93/100
|move|p1a: Crazy World|Nasty Plot|p1a: Crazy World
|-boost|p1a: Crazy World|spa|2
|move|p2b: Porygon2|Trick Room|p2b: Porygon2
|-fieldstart|move: Trick Room|[of] p2b: Porygon2
|
|-heal|p1b: N17|99/100|[from] Grassy Terrain
|upkeep
|turn|2
|inactive|screwsalesman has 30 seconds left.
|
|t:|1756606881
|switch|p1b: Dearg Doom|Arcanine-Hisui, L50, F|100/100
|-ability|p1b: Dearg Doom|Intimidate|boost
|-unboost|p2a: Incineroar|atk|1
|-unboost|p2b: Porygon2|atk|1
|move|p2b: Porygon2|Ice Beam|p1b: Dearg Doom
|-resisted|p1b: Dearg Doom
|-damage|p1b: Dearg Doom|84/100
|move|p2a: Incineroar|Parting Shot|p1b: Dearg Doom
|-fail|p1b: Dearg Doom|unboost|[from] item: Clear Amulet|[of] p1b: Dearg Doom
|move|p1a: Crazy World|Make It Rain|p2a: Incineroar|[spread] p2a,p2b
|-resisted|p2a: Incineroar
|-damage|p2a: Incineroar|56/100
|-damage|p2b: Porygon2|39/100
|-unboost|p1a: Crazy World|spa|1
|
|-heal|p2b: Porygon2|45/100|[from] Grassy Terrain
|-heal|p2a: Incineroar|62/100|[from] Grassy Terrain
|-heal|p1b: Dearg Doom|89/100|[from] Grassy Terrain
|upkeep
|turn|3
|
|t:|1756606897
|move|p2b: Porygon2|Recover|p2b: Porygon2
|-heal|p2b: Porygon2|95/100
|move|p2a: Incineroar|Flare Blitz|p1a: Crazy World
|-supereffective|p1a: Crazy World
|-damage|p1a: Crazy World|56/100
|-damage|p2a: Incineroar|50/100|[from] Recoil
|-enditem|p2a: Incineroar|Sitrus Berry|[eat]
|-heal|p2a: Incineroar|74/100|[from] item: Sitrus Berry
|move|p1a: Crazy World|Nasty Plot|p1a: Crazy World
|-boost|p1a: Crazy World|spa|2
|move|p1b: Dearg Doom|Rock Slide|p2b: Porygon2|[spread] p2b
|-miss|p1b: Dearg Doom|p2a: Incineroar
|-damage|p2b: Porygon2|77/100
|
|-heal|p2b: Porygon2|83/100|[from] Grassy Terrain
|-heal|p2a: Incineroar|80/100|[from] Grassy Terrain
|-heal|p1a: Crazy World|62/100|[from] Grassy Terrain
|-heal|p1b: Dearg Doom|95/100|[from] Grassy Terrain
|upkeep
|turn|4
|
|t:|1756606919
|-terastallize|p2b: Porygon2|Fighting
|move|p2b: Porygon2|Tera Blast|p1b: Dearg Doom|[anim] Tera Blast Fighting
|-supereffective|p1b: Dearg Doom
|-damage|p1b: Dearg Doom|10/100
|move|p2a: Incineroar|Flare Blitz|p1a: Crazy World
|-supereffective|p1a: Crazy World
|-damage|p1a: Crazy World|17/100
|-damage|p2a: Incineroar|67/100|[from] Recoil
|move|p1a: Crazy World|Make It Rain|p2b: Porygon2|[spread] p2a,p2b
|-resisted|p2a: Incineroar
|-damage|p2a: Incineroar|13/100
|-damage|p2b: Porygon2|9/100
|-unboost|p1a: Crazy World|spa|1
|move|p1b: Dearg Doom|Rock Slide|p2a: Incineroar|[spread] p2b
|-miss|p1b: Dearg Doom|p2a: Incineroar
|-resisted|p2b: Porygon2
|-damage|p2b: Porygon2|0 fnt
|faint|p2b: Porygon2
|
|-heal|p2a: Incineroar|19/100|[from] Grassy Terrain
|-heal|p1a: Crazy World|23/100|[from] Grassy Terrain
|-heal|p1b: Dearg Doom|16/100|[from] Grassy Terrain
|upkeep
|
|t:|1756606933
|switch|p2b: Torkoal|Torkoal, L50, F|100/100
|-weather|SunnyDay|[from] ability: Drought|[of] p2b: Torkoal
|turn|5
|
|t:|1756606938
|switch|p2a: Ursaluna|Ursaluna, L50, F|100/100
|move|p1a: Crazy World|Protect|p1a: Crazy World
|-singleturn|p1a: Crazy World|Protect
|move|p2b: Torkoal|Eruption|p1b: Dearg Doom|[spread] p1b
|-activate|p1a: Crazy World|move: Protect
|-resisted|p1b: Dearg Doom
|-damage|p1b: Dearg Doom|0 fnt
|faint|p1b: Dearg Doom
|
|-weather|SunnyDay|[upkeep]
|-heal|p1a: Crazy World|29/100|[from] Grassy Terrain
|-fieldend|move: Trick Room
|-fieldend|move: Grassy Terrain
|-status|p2a: Ursaluna|brn|[from] item: Flame Orb
|upkeep
|
|t:|1756606942
|switch|p1b: N17|Rillaboom, L50, M|99/100
|-fieldstart|move: Grassy Terrain|[from] ability: Grassy Surge|[of] p1b: N17
|turn|6
|
|t:|1756606957
|switch|p2a: Incineroar|Incineroar, L50, F|19/100
|-ability|p2a: Incineroar|Intimidate|boost
|-unboost|p1a: Crazy World|atk|1
|-unboost|p1b: N17|atk|1
|move|p2b: Torkoal|Protect|p2b: Torkoal
|-singleturn|p2b: Torkoal|Protect
|move|p1b: N17|Fake Out|p2b: Torkoal
|-activate|p2b: Torkoal|move: Protect
|move|p1a: Crazy World|Make It Rain|p2a: Incineroar|[spread] p2a
|-activate|p2b: Torkoal|move: Protect
|-resisted|p2a: Incineroar
|-damage|p2a: Incineroar|0 fnt
|-unboost|p1a: Crazy World|spa|1
|faint|p2a: Incineroar
|
|-weather|SunnyDay|[upkeep]
|-heal|p1a: Crazy World|36/100|[from] Grassy Terrain
|-heal|p1b: N17|100/100|[from] Grassy Terrain
|upkeep
|
|t:|1756606967
|switch|p2a: Ursaluna|Ursaluna, L50, F|100/100 brn
|turn|7
|
|t:|1756606986
|move|p2a: Ursaluna|Protect|p2a: Ursaluna
|-singleturn|p2a: Ursaluna|Protect
|move|p1a: Crazy World|Shadow Ball|p2b: Torkoal
|-damage|p2b: Torkoal|20/100
|move|p1b: N17|U-turn|p2b: Torkoal
|-resisted|p2b: Torkoal
|-damage|p2b: Torkoal|14/100
|
|t:|1756606988
|switch|p1b: Linger|Ninetales-Alola, L50, M|100/100|[from] U-turn
|-weather|Snowscape|[from] ability: Snow Warning|[of] p1b: Linger
|move|p2b: Torkoal|Overheat|p1a: Crazy World
|-supereffective|p1a: Crazy World
|-damage|p1a: Crazy World|0 fnt
|-unboost|p2b: Torkoal|spa|2
|faint|p1a: Crazy World
|
|-weather|Snowscape|[upkeep]
|-heal|p2b: Torkoal|20/100|[from] Grassy Terrain
|-damage|p2a: Ursaluna|95/100 brn|[from] brn
|upkeep
|
|t:|1756606989
|switch|p1a: N17|Rillaboom, L50, M|100/100
|turn|8
|
|t:|1756607005
|move|p1a: N17|Fake Out|p2b: Torkoal
|-damage|p2b: Torkoal|10/100
|move|p1b: Linger|Encore|p2a: Ursaluna
|-start|p2a: Ursaluna|Encore
|move|p2a: Ursaluna|Protect||[still]
|-fail|p2a: Ursaluna
|cant|p2b: Torkoal|flinch
|
|-weather|Snowscape|[upkeep]
|-heal|p2a: Ursaluna|100/100 brn|[from] Grassy Terrain
|-heal|p2b: Torkoal|16/100|[from] Grassy Terrain
|-damage|p2a: Ursaluna|95/100 brn|[from] brn
|upkeep
|turn|9
|-message|screwsalesman forfeited.
|
|win|Bellbottoms
||screwsalesman is ready for game 2.
||Bellbottoms is ready for game 2.
|uhtml|next|Next: Game 2 of 3
|l|☆Bellbottoms
|player|p1|
