|j|☆C.blaze
|j|☆magicalarcher57
|html|C.blazemagicalarcher57    
|uhtml|bestof|Game 1 of a best-of-3
|t:|1784833327
|gametype|doubles
|player|p1|C.blaze|101|1220
|player|p2|magicalarcher57|diantha|1291
|gen|9
|tier|[Gen 9 Champions] VGC 2026 Reg M-B (Bo3)
|rated|
|rule|Species Clause: Limit one of each Pokémon
|rule|Item Clause: Limit 1 of each item
|clearpoke
|poke|p1|Malamar, L50, F|
|poke|p1|Garchomp, L50, M|
|poke|p1|Charizard, L50, F|
|poke|p1|Incineroar, L50, M|
|poke|p1|Primarina, L50, F|
|poke|p1|Glimmora, L50, F|
|poke|p2|Sneasler, L50, M|
|poke|p2|Garchomp, L50, M|
|poke|p2|Aerodactyl, L50, F|
|poke|p2|Charizard, L50, F|
|poke|p2|Venusaur, L50, M|
|poke|p2|Kingambit, L50, F|
|teampreview|4
|showteam|p1|Malamar||Malamarite|Contrary|Superpower,KnockOff,Protect,TrickRoom|Adamant||F|||50|]Garchomp||LifeOrb|SandVeil|StompingTantrum,DragonClaw,Protect,RockSlide|Jolly||M|||50|]Charizard||CharizarditeY|Blaze|HeatWave,WeatherBall,Protect,SolarBeam|Timid||F|||50|]Incineroar||ChopleBerry|Intimidate|FlareBlitz,ThroatChop,PartingShot,FakeOut|Brave||M|||50|]Primarina||Leftovers|LiquidVoice|HyperVoice,Moonblast,Protect,Haze|Modest||F|||50|]Glimmora||FocusSash|ToxicDebris|SludgeBomb,PowerGem,SpikyShield,EarthPower|Timid||F|||50|
|showteam|p2|Sneasler||WhiteHerb|Unburden|FakeOut,CloseCombat,DireClaw,Protect|Adamant||M|||50|]Garchomp||LifeOrb|RoughSkin|Earthquake,StompingTantrum,DragonClaw,Protect|Jolly||M|||50|]Aerodactyl||Aerodactylite|Unnerve|RockSlide,WideGuard,Tailwind,IceFang|Jolly||F|||50|]Charizard||CharizarditeY|Blaze|HeatWave,WeatherBall,SolarBeam,Protect|Modest||F|||50|]Venusaur||FocusSash|Chlorophyll|SolarBeam,SludgeBomb,Protect,EarthPower|Modest||M|||50|]Kingambit||BlackGlasses|Defiant|LowKick,KowtowCleave,SuckerPunch,Protect|Adamant||F|||50|
|inactive|Battle timer is ON: inactive players will automatically lose when time's up. (requested by magicalarcher57)
|inactive|C.blaze has 60 seconds left.
|inactive|C.blaze has 30 seconds left.
|inactive|C.blaze has 20 seconds left.
|inactive|C.blaze has 15 seconds left.
|inactive|C.blaze has 10 seconds left.
|inactive|C.blaze has 5 seconds left.
|
|t:|1784833414
|teamsize|p1|4
|teamsize|p2|4
|start
|switch|p1a: Malamar|Malamar, L50, F|100/100
|switch|p1b: Incineroar|Incineroar, L50, M|100/100
|switch|p2a: Aerodactyl|Aerodactyl, L50, F|100/100
|switch|p2b: Garchomp|Garchomp, L50, M|100/100
|-ability|p2a: Aerodactyl|Unnerve
|-ability|p1b: Incineroar|Intimidate|boost
|-unboost|p2a: Aerodactyl|atk|1
|-unboost|p2b: Garchomp|atk|1
|turn|1
|
|t:|1784833423
|detailschange|p2a: Aerodactyl|Aerodactyl-Mega, L50, F
|-mega|p2a: Aerodactyl|Aerodactyl|Aerodactylite
|move|p1b: Incineroar|Fake Out|p2b: Garchomp
|-damage|p2b: Garchomp|84/100
|-damage|p1b: Incineroar|87/100|[from] ability: Rough Skin|[of] p2b: Garchomp
|move|p2a: Aerodactyl|Rock Slide|p1b: Incineroar|[spread] p1a,p1b
|-supereffective|p1b: Incineroar|1
|-damage|p1a: Malamar|80/100
|-damage|p1b: Incineroar|51/100
|cant|p2b: Garchomp|flinch
|move|p1a: Malamar|Trick Room|p1a: Malamar
|-fieldstart|move: Trick Room|[of] p1a: Malamar
|
|upkeep
|turn|2
|inactive|magicalarcher57 has 30 seconds left.
|
|t:|1784833458
|move|p1b: Incineroar|Throat Chop|p2a: Aerodactyl
|-damage|p2a: Aerodactyl|45/100
|-start|p2a: Aerodactyl|Throat Chop|[silent]
|move|p1a: Malamar|Superpower|p2a: Aerodactyl
|-damage|p2a: Aerodactyl|0 fnt
|-boost|p1a: Malamar|atk|1
|-boost|p1a: Malamar|def|1
|faint|p2a: Aerodactyl
|move|p2b: Garchomp|Earthquake|p1b: Incineroar|[spread] p1a,p1b
|-supereffective|p1b: Incineroar|1
|-damage|p1a: Malamar|58/100
|-damage|p1b: Incineroar|0 fnt
|faint|p1b: Incineroar
|-damage|p2b: Garchomp|74/100|[from] item: Life Orb
|
|upkeep
|
|t:|1784833472
|switch|p1b: Primarina|Primarina, L50, F|100/100
|switch|p2a: Sneasler|Sneasler, L50, M|100/100
|turn|3
|
|t:|1784833489
|move|p1b: Primarina|Hyper Voice|p2a: Sneasler|[spread] p2a,p2b
|-damage|p2a: Sneasler|51/100
|-damage|p2b: Garchomp|35/100
|move|p1a: Malamar|Superpower|p2a: Sneasler
|-resisted|p2a: Sneasler|1
|-damage|p2a: Sneasler|2/100
|-boost|p1a: Malamar|atk|1
|-boost|p1a: Malamar|def|1
|move|p2b: Garchomp|Stomping Tantrum|p1a: Malamar
|-damage|p1a: Malamar|39/100
|-damage|p2b: Garchomp|25/100|[from] item: Life Orb
|move|p2a: Sneasler|Dire Claw|p1b: Primarina
|-supereffective|p1b: Primarina|1
|-damage|p1b: Primarina|0 fnt
|faint|p1b: Primarina
|
|upkeep
|
|t:|1784833506
|switch|p1b: Charizard|Charizard, L50, F|100/100
|turn|4
|
|t:|1784833530
|move|p2b: Garchomp|Protect|p2b: Garchomp
|-singleturn|p2b: Garchomp|Protect
|move|p2a: Sneasler|Protect|p2a: Sneasler
|-singleturn|p2a: Sneasler|Protect
|move|p1a: Malamar|Superpower|p2b: Garchomp
|-activate|p2b: Garchomp|move: Protect
|move|p1b: Charizard|Heat Wave|p2b: Garchomp|[spread] 
|-activate|p2a: Sneasler|move: Protect
|-activate|p2b: Garchomp|move: Protect
|
|upkeep
|turn|5
|
|t:|1784833539
|switch|p2a: Kingambit|Kingambit, L50, F|100/100
|move|p1a: Malamar|Knock Off|p2b: Garchomp
|-damage|p2b: Garchomp|0 fnt
|-damage|p1a: Malamar|27/100|[from] ability: Rough Skin|[of] p2b: Garchomp
|-enditem|p2b: Garchomp|Life Orb|[from] move: Knock Off|[of] p1a: Malamar
|faint|p2b: Garchomp
|move|p1b: Charizard|Heat Wave|p2a: Kingambit|[miss]
|-miss|p1b: Charizard|p2a: Kingambit
|
|-fieldend|move: Trick Room
|upkeep
|
|t:|1784833541
|switch|p2b: Sneasler|Sneasler, L50, M|2/100
|turn|6
|
|t:|1784833553
|move|p2b: Sneasler|Protect|p2b: Sneasler
|-singleturn|p2b: Sneasler|Protect
|move|p1b: Charizard|Protect|p1b: Charizard
|-singleturn|p1b: Charizard|Protect
|move|p1a: Malamar|Protect|p1a: Malamar
|-singleturn|p1a: Malamar|Protect
|move|p2a: Kingambit|Protect||[still]
|-fail|p2a: Kingambit
|
|upkeep
|turn|7
|
|t:|1784833568
|detailschange|p1b: Charizard|Charizard-Mega-Y, L50, F
|-mega|p1b: Charizard|Charizard|Charizardite Y
|-weather|SunnyDay|[from] ability: Drought|[of] p1b: Charizard
|move|p2a: Kingambit|Sucker Punch|p1b: Charizard
|-damage|p1b: Charizard|31/100
|move|p2b: Sneasler|Close Combat|p1a: Malamar
|-damage|p1a: Malamar|0 fnt
|-unboost|p2b: Sneasler|def|1
|-unboost|p2b: Sneasler|spd|1
|faint|p1a: Malamar
|-enditem|p2b: Sneasler|White Herb
|-clearnegativeboost|p2b: Sneasler|[silent]
|move|p1b: Charizard|Heat Wave|p2b: Sneasler|[spread] p2a,p2b
|-supereffective|p2a: Kingambit|1
|-damage|p2a: Kingambit|0 fnt
|-damage|p2b: Sneasler|0 fnt
|faint|p2a: Kingambit
|faint|p2b: Sneasler
|
|win|C.blaze
