|j|☆Chelicerate1
|j|☆f54 squarer
|html|Chelicerate1f54 squarer    
|uhtml|bestof|Game 2 of a best-of-3
|t:|1783737458
|gametype|doubles
|player|p1|Chelicerate1|ethan|1148
|player|p2|f54 squarer|266|1136
|gen|9
|tier|[Gen 9 Champions] VGC 2026 Reg M-B (Bo3)
|rated|
|rule|Species Clause: Limit one of each Pokémon
|rule|Item Clause: Limit 1 of each item
|clearpoke
|poke|p1|Gholdengo, L50, shiny|
|poke|p1|Incineroar, L50, M, shiny|
|poke|p1|Charizard, L50, M, shiny|
|poke|p1|Floette-Eternal, L50, F|
|poke|p1|Sinistcha-Masterpiece, L50, shiny|
|poke|p1|Garchomp, L50, M, shiny|
|poke|p2|Grimmsnarl, L50, M|
|poke|p2|Archaludon, L50, F|
|poke|p2|Swampert, L50, F|
|poke|p2|Pelipper, L50, M|
|poke|p2|Sinistcha, L50|
|poke|p2|Volcarona, L50, F|
|teampreview|4
|showteam|p1|Gholdengo||ChoiceScarf|GoodasGold|MakeItRain,Thunderbolt,ShadowBall,Trick|Timid|||||50|]Incineroar||SitrusBerry|Intimidate|FakeOut,ThroatChop,PartingShot,FlareBlitz|Careful||M|||50|]Charizard||CharizarditeY|SolarPower|HeatWave,WeatherBall,SolarBeam,Protect|Modest||M|||50|]Floette-Eternal||Floettite|FlowerVeil|Moonblast,DazzlingGleam,CalmMind,Protect|Modest||F|||50|]Sinistcha-Masterpiece||FocusSash|Hospitality|LeafStorm,RagePowder,TrickRoom,Protect|Bold|||||50|]Garchomp||LifeOrb|RoughSkin|DragonClaw,RockSlide,Earthquake,Protect|Jolly||M|||50|
|showteam|p2|Grimmsnarl||LightClay|Prankster|Reflect,LightScreen,PartingShot,FoulPlay|Calm||M|||50|]Archaludon||Leftovers|Stamina|Protect,FlashCannon,ElectroShot,DragonPulse|Modest||F|||50|]Swampert||Swampertite|Damp|Protect,WaveCrash,IcePunch,Earthquake|Adamant||F|||50|]Pelipper||SitrusBerry|Drizzle|Tailwind,WeatherBall,Hurricane,WideGuard|Modest||M|||50|]Sinistcha||CobaBerry|Hospitality|MatchaGotcha,RagePowder,LifeDew,Protect|Bold|||||50|]Volcarona||FocusSash|FlameBody|FieryDance,BugBuzz,QuiverDance,Protect|Modest||F|||50|
|inactive|Battle timer is ON: inactive players will automatically lose when time's up. (requested by Chelicerate1)
|inactive|f54 squarer has 60 seconds left.
|
|t:|1783737501
|teamsize|p1|4
|teamsize|p2|4
|start
|switch|p1a: Floette|Floette-Eternal, L50, F|100/100
|switch|p1b: Incineroar|Incineroar, L50, M, shiny|100/100
|switch|p2a: Archaludon|Archaludon, L50, F|100/100
|switch|p2b: Grimmsnarl|Grimmsnarl, L50, M|100/100
|-ability|p1b: Incineroar|Intimidate|boost
|-unboost|p2a: Archaludon|atk|1
|-unboost|p2b: Grimmsnarl|atk|1
|turn|1
|
|t:|1783737524
|detailschange|p1a: Floette|Floette-Mega, L50, F
|-mega|p1a: Floette|Floette|Floettite
|-ability|p1a: Floette|Fairy Aura
|move|p1b: Incineroar|Fake Out|p2a: Archaludon
|-resisted|p2a: Archaludon|1
|-damage|p2a: Archaludon|95/100
|-ability|p2a: Archaludon|Stamina|boost
|-boost|p2a: Archaludon|def|1
|move|p2b: Grimmsnarl|Parting Shot|p1a: Floette
|-unboost|p1a: Floette|atk|1
|-unboost|p1a: Floette|spa|1
|j| iandubztv
|
|t:|1783737535
|switch|p2b: Swampert|Swampert, L50, F|100/100|[from] Parting Shot
|move|p1a: Floette|Calm Mind|p1a: Floette
|-boost|p1a: Floette|spa|1
|-boost|p1a: Floette|spd|1
|cant|p2a: Archaludon|flinch
|
|-heal|p2a: Archaludon|100/100|[from] item: Leftovers
|upkeep
|turn|2
|inactive|f54 squarer has 30 seconds left.
|
|t:|1783737562
|detailschange|p2b: Swampert|Swampert-Mega, L50, F
|-mega|p2b: Swampert|Swampert|Swampertite
|move|p1a: Floette|Calm Mind|p1a: Floette
|-boost|p1a: Floette|spa|1
|-boost|p1a: Floette|spd|1
|move|p2b: Swampert|Wave Crash|p1a: Floette
|-damage|p1a: Floette|18/100
|-damage|p2b: Swampert|73/100|[from] Recoil
|move|p2a: Archaludon|Flash Cannon|p1a: Floette
|-supereffective|p1a: Floette|1
|-damage|p1a: Floette|0 fnt
|faint|p1a: Floette
|move|p1b: Incineroar|Parting Shot|p2b: Swampert
|-unboost|p2b: Swampert|atk|1
|-unboost|p2b: Swampert|spa|1
|
|t:|1783737576
|switch|p1b: Sinistcha|Sinistcha-Masterpiece, L50, shiny|100/100|[from] Parting Shot
|
|upkeep
|
|t:|1783737579
|switch|p1a: Garchomp|Garchomp, L50, M, shiny|100/100
|turn|3
|
|t:|1783737595
|switch|p2b: Grimmsnarl|Grimmsnarl, L50, M|100/100
|move|p1a: Garchomp|Earthquake|p2a: Archaludon|[spread] p1b,p2a,p2b
|-resisted|p1b: Sinistcha|1
|-supereffective|p2a: Archaludon|1
|-damage|p1b: Sinistcha|78/100
|-damage|p2a: Archaludon|39/100
|-damage|p2b: Grimmsnarl|39/100
|-ability|p2a: Archaludon|Stamina|boost
|-boost|p2a: Archaludon|def|1
|-damage|p1a: Garchomp|90/100|[from] item: Life Orb
|move|p1b: Sinistcha|Leaf Storm|p2b: Grimmsnarl|[miss]
|-miss|p1b: Sinistcha|p2b: Grimmsnarl
|move|p2a: Archaludon|Dragon Pulse|p1a: Garchomp
|-supereffective|p1a: Garchomp|1
|-damage|p1a: Garchomp|0 fnt
|faint|p1a: Garchomp
|
|-heal|p2a: Archaludon|45/100|[from] item: Leftovers
|upkeep
|
|t:|1783737610
|switch|p1a: Incineroar|Incineroar, L50, M, shiny|100/100
|-ability|p1a: Incineroar|Intimidate|boost
|-unboost|p2a: Archaludon|atk|1
|-unboost|p2b: Grimmsnarl|atk|1
|turn|4
|inactive|f54 squarer has 30 seconds left.
|
|t:|1783737639
|move|p2b: Grimmsnarl|Light Screen|p2b: Grimmsnarl
|-sidestart|p2: f54 squarer|move: Light Screen
|move|p1b: Sinistcha|Leaf Storm|p2b: Grimmsnarl
|-damage|p2b: Grimmsnarl|12/100
|-unboost|p1b: Sinistcha|spa|2
|move|p2a: Archaludon|Dragon Pulse|p1b: Sinistcha
|-damage|p1b: Sinistcha|25/100
|move|p1a: Incineroar|Flare Blitz|p2a: Archaludon
|-damage|p2a: Archaludon|25/100
|-ability|p2a: Archaludon|Stamina|boost
|-boost|p2a: Archaludon|def|1
|-damage|p1a: Incineroar|94/100|[from] Recoil
|
|-heal|p2a: Archaludon|31/100|[from] item: Leftovers
|upkeep
|turn|5
|-message|Chelicerate1 forfeited.
|
|win|f54 squarer
||f54 squarer is ready for game 3.
