|j|☆Snowsquall brute
|j|☆lukashz
|html|Snowsquall brutelukashz    
|uhtml|bestof|Game 3 of a best-of-3
|t:|1784261355
|gametype|doubles
|player|p1|Snowsquall brute|170|1347
|player|p2|lukashz|elesa|1357
|gen|9
|tier|[Gen 9 Champions] VGC 2026 Reg M-B (Bo3)
|rated|
|rule|Species Clause: Limit one of each Pokémon
|rule|Item Clause: Limit 1 of each item
|clearpoke
|poke|p1|Staraptor, L50, M|
|poke|p1|Glimmora, L50, F|
|poke|p1|Kingambit, L50, M|
|poke|p1|Dragapult, L50, F|
|poke|p1|Rotom-Heat, L50|
|poke|p1|Araquanid, L50, M|
|poke|p2|Sylveon, L50, F|
|poke|p2|Weavile, L50, F|
|poke|p2|Basculegion, L50, M|
|poke|p2|Garchomp, L50, M|
|poke|p2|Roserade, L50, M|
|poke|p2|Aerodactyl, L50, F|
|teampreview|4
|showteam|p1|Staraptor||Staraptite|Intimidate|BraveBird,CloseCombat,Roost,Protect|Impish||M|||50|]Glimmora||Glimmoranite|ToxicDebris|SludgeBomb,PowerGem,EarthPower,SpikyShield|Bold||F|||50|]Kingambit||BlackGlasses|Defiant|IronHead,KowtowCleave,SuckerPunch,Protect|Adamant||M|||50|]Dragapult||FocusSash|CursedBody|DracoMeteor,WillOWisp,Hex,Protect|Timid||F|||50|]Rotom-Heat||PasshoBerry|Levitate|SunnyDay,Overheat,Thunderbolt,Protect|Modest|||||50|]Araquanid||BabiriBerry|WaterBubble|Facade|Serious||M|||50|
|showteam|p2|Sylveon||FairyFeather|Pixilate|HyperVoice,Protect,HyperBeam,HelpingHand|Modest||F|||50|]Weavile||FocusSash|Pressure|FakeOut,KnockOff,IcicleCrash,IceShard|Jolly||F|||50|]Basculegion||ChoiceScarf|Adaptability|AquaJet,FlipTurn,WaveCrash,LastRespects|Adamant||M|||50|]Garchomp||LifeOrb|RoughSkin|DragonClaw,Earthquake,Protect,StompingTantrum|Jolly||M|||50|]Roserade||WideLens|PoisonPoint|SleepPowder,SludgeBomb,LeafStorm,Protect|Timid||M|||50|]Aerodactyl||Aerodactylite|Unnerve|RockSlide,Protect,Tailwind,DualWingbeat|Jolly||F|||50|
|
|t:|1784261386
|teamsize|p1|4
|teamsize|p2|4
|start
|switch|p1a: Glimmora|Glimmora, L50, F|100/100
|switch|p1b: Dragapult|Dragapult, L50, F|100/100
|switch|p2a: Triple H|Sylveon, L50, F|100/100
|switch|p2b: Aerodactyl|Aerodactyl, L50, F|100/100
|-ability|p2b: Aerodactyl|Unnerve
|turn|1
|
|t:|1784261396
|detailschange|p2b: Aerodactyl|Aerodactyl-Mega, L50, F
|-mega|p2b: Aerodactyl|Aerodactyl|Aerodactylite
|move|p2b: Aerodactyl|Tailwind|p2b: Aerodactyl
|-sidestart|p2: lukashz|move: Tailwind
|move|p1b: Dragapult|Will-O-Wisp|p2b: Aerodactyl
|-status|p2b: Aerodactyl|brn
|move|p2a: Triple H|Hyper Voice|p1b: Dragapult|[spread] p1a,p1b
|-resisted|p1a: Glimmora|1
|-supereffective|p1b: Dragapult|1
|-damage|p1a: Glimmora|77/100
|-enditem|p1b: Dragapult|Focus Sash
|-damage|p1b: Dragapult|1/100
|-start|p2a: Triple H|Disable|Hyper Voice|[from] ability: Cursed Body|[of] p1b: Dragapult
|move|p1a: Glimmora|Sludge Bomb|p2a: Triple H
|-supereffective|p2a: Triple H|1
|-damage|p2a: Triple H|43/100
|
|-damage|p2b: Aerodactyl|93/100 brn|[from] brn
|upkeep
|turn|2
|
|t:|1784261412
|move|p1b: Dragapult|Protect|p1b: Dragapult
|-singleturn|p1b: Dragapult|Protect
|move|p2b: Aerodactyl|Rock Slide|p1a: Glimmora|[spread] p1a
|-activate|p1b: Dragapult|move: Protect
|-crit|p1a: Glimmora
|-damage|p1a: Glimmora|60/100
|-activate|p1a: Glimmora|ability: Toxic Debris
|-sidestart|p2: lukashz|move: Toxic Spikes
|move|p2a: Triple H|Hyper Beam|p1a: Glimmora
|-resisted|p1a: Glimmora|1
|-damage|p1a: Glimmora|10/100
|-mustrecharge|p2a: Triple H
|move|p1a: Glimmora|Sludge Bomb|p2a: Triple H
|-supereffective|p2a: Triple H|1
|-damage|p2a: Triple H|0 fnt
|faint|p2a: Triple H
|
|-damage|p2b: Aerodactyl|87/100 brn|[from] brn
|upkeep
|
|t:|1784261424
|switch|p2a: Roserade|Roserade, L50, M|100/100
|-sideend|p2: lukashz|move: Toxic Spikes|[of] p2a: Roserade
|turn|3
|
|t:|1784261445
|switch|p1a: Kingambit|Kingambit, L50, M|100/100
|move|p1b: Dragapult|Protect|p1b: Dragapult
|-singleturn|p1b: Dragapult|Protect
|move|p2b: Aerodactyl|Rock Slide|p1b: Dragapult|[spread] p1a
|-activate|p1b: Dragapult|move: Protect
|-resisted|p1a: Kingambit|1
|-damage|p1a: Kingambit|95/100
|move|p2a: Roserade|Sludge Bomb|p1a: Kingambit
|-immune|p1a: Kingambit
|
|-damage|p2b: Aerodactyl|81/100 brn|[from] brn
|upkeep
|turn|4
|
|t:|1784261453
|move|p1a: Kingambit|Protect|p1a: Kingambit
|-singleturn|p1a: Kingambit|Protect
|move|p2b: Aerodactyl|Rock Slide|p1b: Dragapult|[spread] p1b
|-activate|p1a: Kingambit|move: Protect
|-damage|p1b: Dragapult|0 fnt
|-start|p2b: Aerodactyl|Disable|Rock Slide|[from] ability: Cursed Body|[of] p1b: Dragapult
|faint|p1b: Dragapult
|move|p2a: Roserade|Sleep Powder|p1a: Kingambit
|-activate|p1a: Kingambit|move: Protect
|
|-damage|p2b: Aerodactyl|75/100 brn|[from] brn
|-sideend|p2: lukashz|move: Tailwind
|upkeep
|
|t:|1784261455
|switch|p1b: Staraptor|Staraptor, L50, M|100/100
|-ability|p1b: Staraptor|Intimidate|boost
|-unboost|p2a: Roserade|atk|1
|-unboost|p2b: Aerodactyl|atk|1
|turn|5
|
|t:|1784261463
|detailschange|p1b: Staraptor|Staraptor-Mega, L50, M
|-mega|p1b: Staraptor|Staraptor|Staraptite
|move|p2b: Aerodactyl|Tailwind|p2b: Aerodactyl
|-sidestart|p2: lukashz|move: Tailwind
|move|p2a: Roserade|Sleep Powder|p1b: Staraptor
|-status|p1b: Staraptor|slp|[from] move: Sleep Powder
|cant|p1b: Staraptor|slp
|move|p1a: Kingambit|Kowtow Cleave|p2a: Roserade
|-damage|p2a: Roserade|0 fnt
|faint|p2a: Roserade
|
|-damage|p2b: Aerodactyl|68/100 brn|[from] brn
|upkeep
|
|t:|1784261474
|switch|p2a: Garchomp|Garchomp, L50, M|100/100
|turn|6
|
|t:|1784261480
|move|p2b: Aerodactyl|Dual Wingbeat|p1b: Staraptor
|-supereffective|p1b: Staraptor|1
|-damage|p1b: Staraptor|85/100 slp
|-supereffective|p1b: Staraptor|1
|-damage|p1b: Staraptor|73/100 slp
|-hitcount|p1b: Staraptor|2
|move|p2a: Garchomp|Dragon Claw|p1b: Staraptor
|-damage|p1b: Staraptor|34/100 slp
|-damage|p2a: Garchomp|90/100|[from] item: Life Orb
|cant|p1b: Staraptor|slp
|move|p1a: Kingambit|Kowtow Cleave|p2a: Garchomp
|-damage|p2a: Garchomp|33/100
|-damage|p1a: Kingambit|83/100|[from] ability: Rough Skin|[of] p2a: Garchomp
|
|-damage|p2b: Aerodactyl|62/100 brn|[from] brn
|upkeep
|turn|7
|
|t:|1784261495
|move|p1a: Kingambit|Sucker Punch|p2a: Garchomp
|-damage|p2a: Garchomp|0 fnt
|-damage|p1a: Kingambit|71/100|[from] ability: Rough Skin|[of] p2a: Garchomp
|faint|p2a: Garchomp
|move|p2b: Aerodactyl|Dual Wingbeat|p1b: Staraptor
|-supereffective|p1b: Staraptor|1
|-damage|p1b: Staraptor|19/100 slp
|-supereffective|p1b: Staraptor|1
|-damage|p1b: Staraptor|7/100 slp
|-hitcount|p1b: Staraptor|2
|-curestatus|p1b: Staraptor|slp|[msg]
|move|p1b: Staraptor|Roost|p1b: Staraptor
|-heal|p1b: Staraptor|57/100
|-singleturn|p1b: Staraptor|move: Roost
|
|-damage|p2b: Aerodactyl|56/100 brn|[from] brn
|-end|p2b: Aerodactyl|Disable
|upkeep
|turn|8
|
|t:|1784261500
|move|p1a: Kingambit|Sucker Punch|p2b: Aerodactyl
|-damage|p2b: Aerodactyl|1/100 brn
|move|p2b: Aerodactyl|Dual Wingbeat|p1b: Staraptor
|-supereffective|p1b: Staraptor|1
|-damage|p1b: Staraptor|43/100
|-supereffective|p1b: Staraptor|1
|-damage|p1b: Staraptor|30/100
|-hitcount|p1b: Staraptor|2
|move|p1b: Staraptor|Roost|p1b: Staraptor
|-heal|p1b: Staraptor|80/100
|-singleturn|p1b: Staraptor|move: Roost
|
|-damage|p2b: Aerodactyl|0 fnt|[from] brn
|faint|p2b: Aerodactyl
|
|win|Snowsquall brute
|raw|Snowsquall brute's rating: 1347 → 1368(+21 for winning)
|raw|lukashz's rating: 1357 → 1336(-21 for losing)
|l|☆Snowsquall brute
|player|p1|
