|j|☆LostInCalabria
|j|☆ivanpexa
|html|LostInCalabriaivanpexa    
|uhtml|bestof|Game 2 of a best-of-3
|t:|1786187080
|gametype|doubles
|player|p1|LostInCalabria|shadowtriad|1111
|player|p2|ivanpexa|170|1099
|gen|9
|tier|[Gen 9 Champions] VGC 2026 Reg M-B (Bo3)
|rated|
|rule|Species Clause: Limit one of each Pokémon
|rule|Item Clause: Limit 1 of each item
|clearpoke
|poke|p1|Delphox, L50, M|
|poke|p1|Clefable, L50, M|
|poke|p1|Meowscarada, L50, M|
|poke|p1|Staraptor, L50, M|
|poke|p1|Araquanid, L50, M|
|poke|p1|Luxray, L50, M|
|poke|p2|Sinistcha, L50|
|poke|p2|Kingambit, L50, M|
|poke|p2|Sneasler, L50, F|
|poke|p2|Floette-Eternal, L50, F|
|poke|p2|Delphox, L50, F|
|poke|p2|Incineroar, L50, F|
|teampreview|4
|showteam|p1|Delphox||Delphoxite|Blaze|Psyshock,HeatWave,CalmMind,Protect|Timid||M|||50|]Clefable||SitrusBerry|Unaware|AlluringVoice,FollowMe,LifeDew,Protect|Bold||M|||50|]Meowscarada||ChoiceScarf|Protean|Uturn,FlowerTrick,LowKick,TripleAxel|Jolly||M|||50|]Staraptor||Staraptite|Intimidate|CloseCombat,BraveBird,Tailwind,Protect|Jolly||M|||50|]Araquanid||Leftovers|WaterBubble|Liquidation,Protect,IcyWind,WideGuard|Sassy||M|||50|]Luxray||ShucaBerry|Intimidate|WildCharge,HelpingHand,BabyDollEyes,Protect|Adamant||M|||50|
|showteam|p2|Sinistcha||KasibBerry|Hospitality|MatchaGotcha,RagePowder,TrickRoom,Protect|Relaxed|||||50|]Kingambit||BlackGlasses|Defiant|KowtowCleave,SuckerPunch,SwordsDance,Protect|Adamant||M|||50|]Sneasler||FocusSash|PoisonTouch|FakeOut,CloseCombat,DireClaw,QuickGuard|Jolly||F|||50|]Floette-Eternal||Floettite|FlowerVeil|Moonblast,DazzlingGleam,CalmMind,Protect|Modest||F|||50|]Delphox||Delphoxite|Blaze|HeatWave,Psyshock,NastyPlot,Protect|Timid||F|||50|]Incineroar||SitrusBerry|Intimidate|FlareBlitz,FakeOut,PartingShot,ThroatChop|Careful||F|||50|
|inactive|Battle timer is ON: inactive players will automatically lose when time's up. (requested by ivanpexa)
|inactive|LostInCalabria has 60 seconds left.
|
|t:|1786187145
|teamsize|p1|4
|teamsize|p2|4
|start
|switch|p1a: Delphox|Delphox, L50, M|100/100
|switch|p1b: Clefable|Clefable, L50, M|100/100
|switch|p2a: Incineroar|Incineroar, L50, F|100/100
|switch|p2b: Floette|Floette-Eternal, L50, F|100/100
|-ability|p2a: Incineroar|Intimidate|boost
|-unboost|p1a: Delphox|atk|1
|-unboost|p1b: Clefable|atk|1
|turn|1
|
|t:|1786187169
|switch|p2b: Sneasler|Sneasler, L50, F|100/100
|detailschange|p1a: Delphox|Delphox-Mega, L50, M
|-mega|p1a: Delphox|Delphox|Delphoxite
|move|p2a: Incineroar|Fake Out|p1a: Delphox
|-damage|p1a: Delphox|88/100
|cant|p1a: Delphox|flinch
|move|p1b: Clefable|Alluring Voice|p2b: Sneasler
|-damage|p2b: Sneasler|65/100
|
|upkeep
|turn|2
|inactive|LostInCalabria has 30 seconds left.
|inactive|LostInCalabria has 20 seconds left.
|inactive|LostInCalabria has 15 seconds left.
|
|t:|1786187211
|switch|p1a: Meowscarada|Meowscarada, L50, M|100/100
|move|p2b: Sneasler|Fake Out|p1b: Clefable
|-damage|p1b: Clefable|90/100
|cant|p1b: Clefable|flinch
|move|p2a: Incineroar|Throat Chop|p1a: Meowscarada
|-resisted|p1a: Meowscarada|1
|-crit|p1a: Meowscarada
|-damage|p1a: Meowscarada|74/100
|-start|p1a: Meowscarada|Throat Chop|[silent]
|
|upkeep
|turn|3
|inactive|LostInCalabria has 30 seconds left.
|
|t:|1786187244
|move|p1a: Meowscarada|U-turn|p2a: Incineroar
|-start|p1a: Meowscarada|typechange|Bug|[from] ability: Protean
|-damage|p2a: Incineroar|70/100
|
|t:|1786187249
|switch|p1a: Delphox|Delphox-Mega, L50, M|88/100|[from] U-turn
|move|p2b: Sneasler|Dire Claw|p1b: Clefable
|-supereffective|p1b: Clefable|1
|-damage|p1b: Clefable|31/100
|-enditem|p1b: Clefable|Sitrus Berry|[eat]
|-heal|p1b: Clefable|56/100|[from] item: Sitrus Berry
|move|p1b: Clefable|Alluring Voice|p2b: Sneasler
|-damage|p2b: Sneasler|24/100
|move|p2a: Incineroar|Flare Blitz|p1a: Delphox
|-resisted|p1a: Delphox|1
|-damage|p1a: Delphox|60/100
|-damage|p2a: Incineroar|61/100|[from] Recoil
|
|upkeep
|turn|4
|inactive|LostInCalabria has 30 seconds left.
|inactive|ivanpexa has 30 seconds left.
|inactive|LostInCalabria has 20 seconds left.
|inactive|LostInCalabria has 15 seconds left.
|inactive|LostInCalabria has 10 seconds left.
|inactive|LostInCalabria has 5 seconds left.
|
|t:|1786187300
|move|p1a: Delphox|Protect|p1a: Delphox
|-singleturn|p1a: Delphox|Protect
|move|p1b: Clefable|Protect|p1b: Clefable
|-singleturn|p1b: Clefable|Protect
|move|p2b: Sneasler|Dire Claw|p1b: Clefable
|-activate|p1b: Clefable|move: Protect
|move|p2a: Incineroar|Throat Chop|p1a: Delphox
|-activate|p1a: Delphox|move: Protect
|
|upkeep
|turn|5
|
|t:|1786187322
|switch|p1a: Meowscarada|Meowscarada, L50, M|74/100
|switch|p1b: Araquanid|Araquanid, L50, M|100/100
|move|p2b: Sneasler|Dire Claw|p1b: Araquanid
|-damage|p1b: Araquanid|67/100
|-status|p1b: Araquanid|psn|[from] ability: Poison Touch|[of] p2b: Sneasler
|move|p2a: Incineroar|Throat Chop|p1a: Meowscarada
|-resisted|p1a: Meowscarada|1
|-damage|p1a: Meowscarada|56/100
|-start|p1a: Meowscarada|Throat Chop|[silent]
|
|-heal|p1b: Araquanid|73/100 psn|[from] item: Leftovers
|-damage|p1b: Araquanid|61/100 psn|[from] psn
|upkeep
|turn|6
|
|t:|1786187341
|switch|p2a: Sinistcha|Sinistcha, L50|100/100
|-heal|p2b: Sneasler|49/100|[from] ability: Hospitality|[of] p2a: Sinistcha
|move|p1a: Meowscarada|Low Kick|p2a: Sinistcha
|-start|p1a: Meowscarada|typechange|Fighting|[from] ability: Protean
|-immune|p2a: Sinistcha
|move|p2b: Sneasler|Close Combat|p1a: Meowscarada
|-damage|p1a: Meowscarada|0 fnt
|-unboost|p2b: Sneasler|def|1
|-unboost|p2b: Sneasler|spd|1
|faint|p1a: Meowscarada
|move|p1b: Araquanid|Liquidation|p2b: Sneasler
|-damage|p2b: Sneasler|0 fnt
|faint|p2b: Sneasler
|
|-heal|p1b: Araquanid|66/100 psn|[from] item: Leftovers
|-damage|p1b: Araquanid|54/100 psn|[from] psn
|upkeep
|inactive|LostInCalabria has 30 seconds left.
|
|t:|1786187370
|switch|p1a: Clefable|Clefable, L50, M|56/100
|switch|p2b: Incineroar|Incineroar, L50, F|61/100
|-ability|p2b: Incineroar|Intimidate|boost
|-unboost|p1a: Clefable|atk|1
|-unboost|p1b: Araquanid|atk|1
|turn|7
|inactive|LostInCalabria has 30 seconds left.
|
|t:|1786187397
|move|p2a: Sinistcha|Matcha Gotcha|p1b: Araquanid|[spread] p1a,p1b
|-damage|p1a: Clefable|33/100
|-damage|p1b: Araquanid|37/100 psn
|move|p1a: Clefable|Life Dew|p1a: Clefable|[spread] p1a,p1b
|-heal|p1a: Clefable|58/100
|-heal|p1b: Araquanid|62/100 psn
|move|p2b: Incineroar|Parting Shot|p1b: Araquanid
|-unboost|p1b: Araquanid|atk|1
|-unboost|p1b: Araquanid|spa|1
|
|t:|1786187406
|switch|p2b: Floette|Floette-Eternal, L50, F|100/100|[from] Parting Shot
|move|p1b: Araquanid|Icy Wind|p2a: Sinistcha|[spread] p2a,p2b
|-supereffective|p2a: Sinistcha|1
|-damage|p2a: Sinistcha|89/100
|-damage|p2b: Floette|95/100
|-unboost|p2b: Floette|spe|1
|
|-heal|p1b: Araquanid|68/100 psn|[from] item: Leftovers
|-damage|p1b: Araquanid|56/100 psn|[from] psn
|upkeep
|turn|8
|
|t:|1786187431
|switch|p2a: Incineroar|Incineroar, L50, F|61/100
|-ability|p2a: Incineroar|Intimidate|boost
|-unboost|p1a: Clefable|atk|1
|-unboost|p1b: Araquanid|atk|1
|detailschange|p2b: Floette|Floette-Mega, L50, F
|-mega|p2b: Floette|Floette|Floettite
|-ability|p2b: Floette|Fairy Aura
|move|p2b: Floette|Calm Mind|p2b: Floette
|-boost|p2b: Floette|spa|1
|-boost|p2b: Floette|spd|1
|move|p1a: Clefable|Alluring Voice|p2b: Floette
|-damage|p2b: Floette|65/100
|-start|p2b: Floette|confusion
|move|p1b: Araquanid|Liquidation|p2b: Floette
|-damage|p2b: Floette|42/100
|
|-heal|p1b: Araquanid|62/100 psn|[from] item: Leftovers
|-damage|p1b: Araquanid|50/100g psn|[from] psn
|upkeep
|turn|9
|
|t:|1786187451
|switch|p1b: Delphox|Delphox-Mega, L50, M|60/100
|move|p1a: Clefable|Protect|p1a: Clefable
|-singleturn|p1a: Clefable|Protect
|move|p2a: Incineroar|Fake Out|p1b: Delphox
|-damage|p1b: Delphox|48/100
|-activate|p2b: Floette|confusion
|move|p2b: Floette|Calm Mind|p2b: Floette
|-boost|p2b: Floette|spa|1
|-boost|p2b: Floette|spd|1
|
|upkeep
|turn|10
|inactive|LostInCalabria has 30 seconds left.
|inactive|LostInCalabria has 20 seconds left.
|
|t:|1786187490
|-activate|p2b: Floette|confusion
|-damage|p2b: Floette|31/100|[from] confusion
|move|p1b: Delphox|Psyshock|p2b: Floette
|-damage|p2b: Floette|0 fnt
|faint|p2b: Floette
|move|p1a: Clefable|Alluring Voice|p2a: Incineroar
|-damage|p2a: Incineroar|35/100
|-enditem|p2a: Incineroar|Sitrus Berry|[eat]
|-heal|p2a: Incineroar|60/100|[from] item: Sitrus Berry
|move|p2a: Incineroar|Parting Shot|p1b: Delphox
|-unboost|p1b: Delphox|atk|1
|-unboost|p1b: Delphox|spa|1
|
|t:|1786187493
|switch|p2a: Sinistcha|Sinistcha, L50|89/100|[from] Parting Shot
|
|upkeep
|
|t:|1786187495
|switch|p2b: Incineroar|Incineroar, L50, F|60/100
|-ability|p2b: Incineroar|Intimidate|boost
|-unboost|p1a: Clefable|atk|1
|-unboost|p1b: Delphox|atk|1
|turn|11
|
|t:|1786187514
|switch|p1b: Araquanid|Araquanid, L50, M|50/100g psn
|move|p2b: Incineroar|Fake Out|p1b: Araquanid
|-damage|p1b: Araquanid|41/100 psn
|move|p1a: Clefable|Life Dew|p1a: Clefable|[spread] p1a,p1b
|-heal|p1a: Clefable|83/100
|-heal|p1b: Araquanid|66/100 psn
|move|p2a: Sinistcha|Trick Room|p2a: Sinistcha
|-fieldstart|move: Trick Room|[of] p2a: Sinistcha
|
|-heal|p1b: Araquanid|72/100 psn|[from] item: Leftovers
|-damage|p1b: Araquanid|60/100 psn|[from] psn
|upkeep
|turn|12
|inactive|LostInCalabria has 30 seconds left.
|
|t:|1786187544
|move|p1b: Araquanid|Protect|p1b: Araquanid
|-singleturn|p1b: Araquanid|Protect
|move|p2b: Incineroar|Flare Blitz|p1b: Araquanid
|-activate|p1b: Araquanid|move: Protect
|move|p1a: Clefable|Life Dew|p1a: Clefable|[spread] p1a,p1b
|-heal|p1a: Clefable|100/100
|-heal|p1b: Araquanid|85/100 psn
|move|p2a: Sinistcha|Matcha Gotcha|p1b: Araquanid|[spread] p1a
|-activate|p1b: Araquanid|move: Protect
|-damage|p1a: Clefable|77/100
|-heal|p2a: Sinistcha|100/100|[from] drain|[of] p1a: Clefable
|-status|p1a: Clefable|brn
|
|-heal|p1b: Araquanid|90/100 psn|[from] item: Leftovers
|-damage|p1b: Araquanid|78/100 psn|[from] psn
|-damage|p1a: Clefable|70/100 brn|[from] brn
|upkeep
|turn|13
|-message|ivanpexa forfeited.
|
|win|LostInCalabria
