|j|☆mmmspicy69
|j|☆toughlogvgc
|html|mmmspicy69toughlogvgc    
|uhtml|bestof|Game 1 of a best-of-3
|t:|1783811306
|gametype|doubles
|player|p1|mmmspicy69|cynthia|1042
|player|p2|toughlogvgc|170|1183
|gen|9
|tier|[Gen 9 Champions] VGC 2026 Reg M-B (Bo3)
|rated|
|rule|Species Clause: Limit one of each Pokémon
|rule|Item Clause: Limit 1 of each item
|clearpoke
|poke|p1|Staraptor, L50, M|
|poke|p1|Whimsicott, L50, F|
|poke|p1|Charizard, L50, M|
|poke|p1|Sylveon, L50, F|
|poke|p1|Garchomp, L50, M|
|poke|p1|Farigiraf, L50, F|
|poke|p2|Charizard, L50, M|
|poke|p2|Garchomp, L50, M|
|poke|p2|Basculegion, L50, M|
|poke|p2|Whimsicott, L50, F|
|poke|p2|Kingambit, L50, F|
|poke|p2|Floette-Eternal, L50, F|
|teampreview|4
|showteam|p1|Staraptor||Staraptite|Intimidate|Protect,CloseCombat,BraveBird,Roost|Jolly||M|||50|]Whimsicott||FocusSash|Prankster|Tailwind,SunnyDay,Charm,Encore|Bold||F|||50|]Charizard||CharizarditeY|SolarPower|HeatWave,SolarBeam,WeatherBall,Protect|Modest||M|||50|]Sylveon||FairyFeather|Pixilate|HyperVoice,HyperBeam,Roar,Detect|Calm||F|||50|]Garchomp||LifeOrb|RoughSkin|RockSlide,Earthquake,DragonClaw,Protect|Adamant||M|||50|]Farigiraf||SitrusBerry|ArmorTail|HelpingHand,Wish,AllySwitch,TwinBeam|Bold||F|||50|
|showteam|p2|Charizard||CharizarditeY|Blaze|HeatWave,SolarBeam,Protect,WeatherBall|Modest||M|||50|]Garchomp||LifeOrb|RoughSkin|DragonClaw,Earthquake,RockSlide,Protect|Jolly||M|||50|]Basculegion||ChoiceScarf|Adaptability|WaveCrash,AquaJet,FlipTurn,LastRespects|Adamant||M|||50|]Whimsicott||FocusSash|Prankster|Moonblast,Tailwind,Protect,Encore|Timid||F|||50|]Kingambit||BlackGlasses|Defiant|IronHead,KowtowCleave,Protect,SuckerPunch|Adamant||F|||50|]Floette-Eternal||Floettite|FlowerVeil|Moonblast,LightofRuin,DazzlingGleam,Protect|Modest||F|||50|
|
|t:|1783811391
|teamsize|p1|4
|teamsize|p2|4
|start
|switch|p1a: Whih|Whimsicott, L50, F|100/100
|switch|p1b: Charih|Charizard, L50, M|100/100
|switch|p2a: Whimsicott|Whimsicott, L50, F|100/100
|switch|p2b: Garchomp|Garchomp, L50, M|100/100
|turn|1
|
|t:|1783811410
|switch|p1b: Starih|Staraptor, L50, M|100/100
|-ability|p1b: Starih|Intimidate|boost
|-unboost|p2a: Whimsicott|atk|1
|-unboost|p2b: Garchomp|atk|1
|move|p2b: Garchomp|Protect|p2b: Garchomp
|-singleturn|p2b: Garchomp|Protect
|move|p2a: Whimsicott|Tailwind|p2a: Whimsicott
|-sidestart|p2: toughlogvgc|move: Tailwind
|move|p1a: Whih|Tailwind|p1a: Whih
|-sidestart|p1: mmmspicy69|move: Tailwind
|
|upkeep
|turn|2
|
|t:|1783811444
|switch|p2b: Charizard|Charizard, L50, M|100/100
|switch|p1a: Farih|Farigiraf, L50, F|100/100
|move|p2a: Whimsicott|Encore||[still]
|cant|p1a: Farih|ability: Armor Tail|Encore|[of] p2a: Whimsicott
|move|p1b: Starih|Brave Bird|p2a: Whimsicott
|-supereffective|p2a: Whimsicott|1
|-enditem|p2a: Whimsicott|Focus Sash
|-damage|p2a: Whimsicott|1/100
|-damage|p1b: Starih|71/100|[from] Recoil
|
|upkeep
|turn|3
|
|t:|1783811472
|detailschange|p2b: Charizard|Charizard-Mega-Y, L50, M
|-mega|p2b: Charizard|Charizard|Charizardite Y
|-weather|SunnyDay|[from] ability: Drought|[of] p2b: Charizard
|move|p1b: Starih|Protect|p1b: Starih
|-singleturn|p1b: Starih|Protect
|move|p2b: Charizard|Protect|p2b: Charizard
|-singleturn|p2b: Charizard|Protect
|move|p2a: Whimsicott|Moonblast|p1b: Starih
|-activate|p1b: Starih|move: Protect
|move|p1a: Farih|Wish|p1a: Farih
|
|-weather|SunnyDay|[upkeep]
|upkeep
|turn|4
|
|t:|1783811494
|detailschange|p1b: Starih|Staraptor-Mega, L50, M
|-mega|p1b: Starih|Staraptor|Staraptite
|move|p1a: Farih|Ally Switch|p1a: Farih
|swap|p1a: Farih|1|[from] move: Ally Switch
|move|p2a: Whimsicott|Moonblast|p1b: Farih
|-damage|p1b: Farih|55/100
|move|p1a: Starih|Close Combat|p2a: Whimsicott
|-resisted|p2a: Whimsicott|1
|-damage|p2a: Whimsicott|0 fnt
|-boost|p1a: Starih|def|1
|-boost|p1a: Starih|spd|1
|faint|p2a: Whimsicott
|move|p2b: Charizard|Heat Wave|p1b: Farih|[spread] p1a,p1b
|-damage|p1a: Starih|22/100
|-damage|p1b: Farih|0 fnt
|faint|p1b: Farih
|
|-weather|SunnyDay|[upkeep]
|-heal|p1a: Starih|83/100|[from] move: Wish|[wisher] Farih
|-sideend|p1: mmmspicy69|move: Tailwind
|-sideend|p2: toughlogvgc|move: Tailwind
|upkeep
|
|t:|1783811512
|switch|p2a: Garchomp|Garchomp, L50, M|100/100
|switch|p1b: Whih|Whimsicott, L50, F|100/100
|turn|5
|
|t:|1783811529
|move|p2a: Garchomp|Protect|p2a: Garchomp
|-singleturn|p2a: Garchomp|Protect
|move|p1b: Whih|Charm|p1a: Starih
|-boost|p1a: Starih|atk|2
|move|p1a: Starih|Close Combat|p2a: Garchomp
|-activate|p2a: Garchomp|move: Protect
|move|p2b: Charizard|Weather Ball|p1a: Starih
|-damage|p1a: Starih|21/100
|
|-weather|SunnyDay|[upkeep]
|upkeep
|turn|6
|
|t:|1783811562
|move|p1a: Starih|Protect|p1a: Starih
|-singleturn|p1a: Starih|Protect
|move|p1b: Whih|Encore|p2a: Garchomp
|-start|p2a: Garchomp|Encore
|move|p2a: Garchomp|Protect||[still]
|-fail|p2a: Garchomp
|move|p2b: Charizard|Heat Wave|p1b: Whih|[spread] p1b
|-activate|p1a: Starih|move: Protect
|-supereffective|p1b: Whih|1
|-enditem|p1b: Whih|Focus Sash
|-damage|p1b: Whih|1/100
|
|-weather|SunnyDay|[upkeep]
|upkeep
|turn|7
|
|t:|1783811595
|switch|p2a: Kingambit|Kingambit, L50, F|100/100
|move|p2b: Charizard|Protect|p2b: Charizard
|-singleturn|p2b: Charizard|Protect
|move|p1b: Whih|Charm|p1a: Starih
|-boost|p1a: Starih|atk|2
|move|p1a: Starih|Close Combat|p2b: Charizard
|-activate|p2b: Charizard|move: Protect
|
|-weather|none
|upkeep
|turn|8
|
|t:|1783811624
|switch|p2b: Garchomp|Garchomp, L50, M|100/100
|move|p1b: Whih|Encore||[still]
|-fail|p1b: Whih
|move|p2a: Kingambit|Sucker Punch||[still]
|-fail|p2a: Kingambit
|move|p1a: Starih|Roost|p1a: Starih
|-heal|p1a: Starih|71/100
|-singleturn|p1a: Starih|move: Roost
|
|upkeep
|turn|9
|
|t:|1783811643
|move|p2a: Kingambit|Protect|p2a: Kingambit
|-singleturn|p2a: Kingambit|Protect
|move|p1b: Whih|Tailwind|p1b: Whih
|-sidestart|p1: mmmspicy69|move: Tailwind
|move|p1a: Starih|Close Combat|p2b: Garchomp
|-damage|p2b: Garchomp|0 fnt
|-boost|p1a: Starih|def|1
|-boost|p1a: Starih|spd|1
|-damage|p1a: Starih|58/100|[from] ability: Rough Skin|[of] p2b: Garchomp
|faint|p2b: Garchomp
|
|upkeep
|
|t:|1783811654
|switch|p2b: Charizard|Charizard-Mega-Y, L50, M|100/100
|-weather|SunnyDay|[from] ability: Drought|[of] p2b: Charizard
|turn|10
|
|t:|1783811666
|move|p1b: Whih|Charm|p1a: Starih
|-boost|p1a: Starih|atk|2
|move|p2a: Kingambit|Sucker Punch|p1a: Starih
|-resisted|p1a: Starih|1
|-damage|p1a: Starih|45/100
|move|p1a: Starih|Close Combat|p2b: Charizard
|-resisted|p2b: Charizard|1
|-damage|p2b: Charizard|0 fnt
|-boost|p1a: Starih|def|1
|-boost|p1a: Starih|spd|1
|faint|p2b: Charizard
|
|-weather|SunnyDay|[upkeep]
|upkeep
|turn|11
|-message|toughlogvgc forfeited.
|
|win|mmmspicy69
|l|☆toughlogvgc
|player|p2|
||mmmspicy69 is ready for game 2.
||toughlogvgc is ready for game 2.
|uhtml|next|Next: Game 2 of 3
|j|☆toughlogvgc
|player|p2|toughlogvgc|170|
