|j|☆mzasquare
|j|☆HelhiemFiend
|html|mzasquareHelhiemFiend    
|uhtml|bestof|Game 3 of a best-of-3
|t:|1756248682
|gametype|doubles
|player|p1|mzasquare|worker-gen4|1154
|player|p2|HelhiemFiend|169|1203
|gen|9
|tier|[Gen 9] VGC 2025 Reg H (Bo3)
|rated|
|rule|Species Clause: Limit one of each Pokémon
|rule|Item Clause: Limit 1 of each item
|clearpoke
|poke|p1|Dragonite, L50, F|
|poke|p1|Ursaluna-Bloodmoon, L50, M|
|poke|p1|Archaludon, L50, M|
|poke|p1|Whimsicott, L50, F|
|poke|p1|Gholdengo, L50|
|poke|p1|Incineroar, L50, F|
|poke|p2|Dragapult, L50, M|
|poke|p2|Kingambit, L50, M|
|poke|p2|Rillaboom, L50, F|
|poke|p2|Glimmora, L50, M|
|poke|p2|Sneasler, L50, M|
|poke|p2|Zoroark-Hisui, L50, F|
|teampreview|4
|showteam|p1|Dragonite||LoadedDice|Multiscale|ScaleShot,ExtremeSpeed,IceSpinner,Protect|||F|||50|,,,,,Fairy]Ursaluna-Bloodmoon||AssaultVest|MindsEye|BloodMoon,HyperVoice,EarthPower,VacuumWave|||M|||50|,,,,,Water]Archaludon||PowerHerb|Sturdy|ElectroShot,FlashCannon,DracoMeteor,Protect|||M|||50|,,,,,Stellar]Whimsicott||CovertCloak|Prankster|FakeTears,Tailwind,Encore,Moonblast|||F|||50|,,,,,Poison]Gholdengo||ChoiceSpecs|GoodasGold|MakeItRain,ShadowBall,PowerGem,SteelBeam||||||50|,,,,,Steel]Incineroar||SafetyGoggles|Intimidate|FakeOut,PartingShot,KnockOff,FlareBlitz|||F|||50|,,,,,Ghost
|showteam|p2|Dragapult||ChoiceBand|ClearBody|DragonDarts,TeraBlast,PhantomForce,Uturn|||M|||50|,,,,,Ghost]Kingambit||SafetyGoggles|Defiant|KowtowCleave,SuckerPunch,SwordsDance,Protect|||M|||50|,,,,,Dark]Rillaboom||AssaultVest|GrassySurge|WoodHammer,GrassyGlide,FakeOut,Uturn|||F|||50|,,,,,Fire]Glimmora||LifeOrb|ToxicDebris|SludgeBomb,PowerGem,EarthPower,SpikyShield|||M|||50|,,,,,Grass]Sneasler||FocusSash|Unburden|DireClaw,CloseCombat,FakeOut,Protect|||M|||50|,,,,,Stellar]Zoroark-Hisui||ChoiceSpecs|Illusion|ShadowBall,HyperVoice,TeraBlast,Trick|||F|||50|,,,,,Fairy
|inactive|Battle timer is ON: inactive players will automatically lose when time's up. (requested by HelhiemFiend)
|inactive|mzasquare has 60 seconds left.
|inactive|HelhiemFiend has 60 seconds left.
|
|t:|1756248740
|teamsize|p1|4
|teamsize|p2|4
|start
|switch|p1a: Gholdengo|Gholdengo, L50|100/100
|switch|p1b: Ursaluna|Ursaluna-Bloodmoon, L50, M|100/100
|switch|p2a: Big Gamba|Kingambit, L50, M|100/100
|switch|p2b: Gambling!|Sneasler, L50, M|100/100
|turn|1
|
|t:|1756248764
|-terastallize|p1a: Gholdengo|Steel
|move|p2b: Gambling!|Fake Out|p1b: Ursaluna
|-damage|p1b: Ursaluna|89/100
|cant|p1b: Ursaluna|flinch
|move|p1a: Gholdengo|Make It Rain|p2a: Big Gamba|[spread] p2a,p2b
|-resisted|p2a: Big Gamba
|-damage|p2a: Big Gamba|56/100
|-enditem|p2b: Gambling!|Focus Sash
|-damage|p2b: Gambling!|1/100
|-unboost|p1a: Gholdengo|spa|1
|move|p2a: Big Gamba|Kowtow Cleave|p1a: Gholdengo
|-damage|p1a: Gholdengo|45/100
|
|upkeep
|turn|2
|
|t:|1756248785
|-terastallize|p2a: Big Gamba|Dark
|move|p1b: Ursaluna|Vacuum Wave|p2a: Big Gamba
|-supereffective|p2a: Big Gamba
|-damage|p2a: Big Gamba|27/100
|move|p2a: Big Gamba|Sucker Punch|p1a: Gholdengo
|-damage|p1a: Gholdengo|0 fnt
|faint|p1a: Gholdengo
|move|p2b: Gambling!|Close Combat|p1b: Ursaluna
|-supereffective|p1b: Ursaluna
|-damage|p1b: Ursaluna|0 fnt
|-unboost|p2b: Gambling!|def|1
|-unboost|p2b: Gambling!|spd|1
|faint|p1b: Ursaluna
|
|upkeep
|
|t:|1756248798
|switch|p1a: Dragonite|Dragonite, L50, F|100/100
|switch|p1b: Incineroar|Incineroar, L50, F|100/100
|-ability|p1b: Incineroar|Intimidate|boost
|-unboost|p2a: Big Gamba|atk|1
|-ability|p2a: Big Gamba|Defiant|boost
|-boost|p2a: Big Gamba|atk|2
|-unboost|p2b: Gambling!|atk|1
|turn|3
|
|t:|1756248812
|move|p2b: Gambling!|Protect|p2b: Gambling!
|-singleturn|p2b: Gambling!|Protect
|move|p2a: Big Gamba|Protect|p2a: Big Gamba
|-singleturn|p2a: Big Gamba|Protect
|move|p1b: Incineroar|Fake Out|p2b: Gambling!
|-activate|p2b: Gambling!|move: Protect
|move|p1a: Dragonite|Extreme Speed|p2a: Big Gamba
|-activate|p2a: Big Gamba|move: Protect
|
|upkeep
|turn|4
|inactive|mzasquare has 30 seconds left.
|inactive|HelhiemFiend has 30 seconds left.
|inactive|HelhiemFiend has 20 seconds left.
|
|t:|1756248858
|switch|p2b: GOATmora|Glimmora, L50, M|100/100
|move|p1a: Dragonite|Scale Shot|p2b: GOATmora
|-damage|p2b: GOATmora|83/100
|-activate|p2b: GOATmora|ability: Toxic Debris
|-sidestart|p1: mzasquare|move: Toxic Spikes
|-damage|p2b: GOATmora|66/100
|-activate|p2b: GOATmora|ability: Toxic Debris
|-sidestart|p1: mzasquare|move: Toxic Spikes
|-damage|p2b: GOATmora|50/100
|-crit|p2b: GOATmora
|-damage|p2b: GOATmora|23/100
|-hitcount|p2b: GOATmora|4
|-unboost|p1a: Dragonite|def|1
|-boost|p1a: Dragonite|spe|1
|move|p1b: Incineroar|Knock Off|p2a: Big Gamba
|-resisted|p2a: Big Gamba
|-damage|p2a: Big Gamba|10/100
|-enditem|p2a: Big Gamba|Safety Goggles|[from] move: Knock Off|[of] p1b: Incineroar
|move|p2a: Big Gamba|Kowtow Cleave|p1a: Dragonite
|-damage|p1a: Dragonite|8/100
|
|upkeep
|turn|5
|inactive|mzasquare has 30 seconds left.
|
|t:|1756248893
|move|p2a: Big Gamba|Protect|p2a: Big Gamba
|-singleturn|p2a: Big Gamba|Protect
|move|p1a: Dragonite|Extreme Speed|p2a: Big Gamba
|-activate|p2a: Big Gamba|move: Protect
|move|p2b: GOATmora|Power Gem|p1b: Incineroar
|-supereffective|p1b: Incineroar
|-damage|p1b: Incineroar|0 fnt
|faint|p1b: Incineroar
|-damage|p2b: GOATmora|14/100|[from] item: Life Orb
|
|upkeep
|turn|6
|
|t:|1756248906
|move|p1a: Dragonite|Extreme Speed|p2a: Big Gamba
|-damage|p2a: Big Gamba|0 fnt
|faint|p2a: Big Gamba
|move|p2b: GOATmora|Sludge Bomb|p1a: Dragonite
|-damage|p1a: Dragonite|0 fnt
|faint|p1a: Dragonite
|-damage|p2b: GOATmora|4/100|[from] item: Life Orb
|
|win|HelhiemFiend
|raw|mzasquare's rating: 1154 → 1133(-21 for losing)
|raw|HelhiemFiend's rating: 1203 → 1224(+21 for winning)
