|j|☆JaviChicaino
|j|☆palle synchro
|html|JaviChicainopalle synchro    
|uhtml|bestof|Game 3 of a best-of-3
|t:|1757067567
|gametype|doubles
|player|p1|JaviChicaino|drayden|1347
|player|p2|palle synchro|volkner|1450
|gen|9
|tier|[Gen 9] VGC 2025 Reg H (Bo3)
|rated|
|rule|Species Clause: Limit one of each Pokémon
|rule|Item Clause: Limit 1 of each item
|clearpoke
|poke|p1|Electabuzz, L50, M|
|poke|p1|Kingambit, L50, M|
|poke|p1|Rillaboom, L50, F|
|poke|p1|Sneasler, L50, M|
|poke|p1|Volcarona, L50, M|
|poke|p1|Dragonite, L50, M|
|poke|p2|Whimsicott, L50, M|
|poke|p2|Annihilape, L50, F|
|poke|p2|Indeedee, L50, M|
|poke|p2|Sneasler, L50, M|
|poke|p2|Ursaluna-Bloodmoon, L50, M|
|poke|p2|Archaludon, L50, M|
|teampreview|4
|showteam|p1|Electabuzz||Eviolite|VitalSpirit|FollowMe,Taunt,Thunderbolt,Protect|||M|||50|,,,,,Ghost]Kingambit||BlackGlasses|Defiant|KowtowCleave,SuckerPunch,SwordsDance,Protect|||M|||50|,,,,,Dark]Rillaboom||AssaultVest|GrassySurge|FakeOut,WoodHammer,GrassyGlide,HighHorsepower|||F|||50|,,,,,Fire]Sneasler||FocusSash|PoisonTouch|DireClaw,CloseCombat,FakeOut,Coaching|||M|||50|,,,,,Stellar]Volcarona||Leftovers|FlameBody|HeatWave,QuiverDance,Protect,StruggleBug|||M|||50|,,,,,Grass]Dragonite||LoadedDice|Multiscale|ScaleShot,ExtremeSpeed,Haze,Protect|||M|||50|,,,,,Fairy
|showteam|p2|Whimsicott||CovertCloak|Prankster|Moonblast,Taunt,Tailwind,FakeTears|||M|||50|,,,,,Water]Annihilape||SafetyGoggles|Defiant|CloseCombat,RageFist,FinalGambit,Taunt|||F|||50|,,,,,Fairy]Indeedee||FocusSash|PsychicSurge|ExpandingForce,TeraBlast,Imprison,TrickRoom|||M|||50|,,,,,Psychic]Sneasler||PsychicSeed|Unburden|CloseCombat,DireClaw,ThroatChop,Protect|||M|||50|,,,,,Dark]Ursaluna-Bloodmoon||LifeOrb|MindsEye|HyperVoice,BloodMoon,EarthPower,Protect|||M|||50|,,,,,Normal]Archaludon||PowerHerb|Sturdy|ElectroShot,DragonPulse,Thunderbolt,Protect|||M|||50|,,,,,Electric
|
|t:|1757067600
|teamsize|p1|4
|teamsize|p2|4
|start
|switch|p1a: Kingambit|Kingambit, L50, M|100/100
|switch|p1b: Electabuzz|Electabuzz, L50, M|100/100
|switch|p2a: Annihilape|Annihilape, L50, F|100/100
|switch|p2b: Sneasler|Sneasler, L50, M|100/100
|turn|1
|
|t:|1757067630
|move|p1b: Electabuzz|Follow Me|p1b: Electabuzz
|-singleturn|p1b: Electabuzz|move: Follow Me
|move|p2b: Sneasler|Close Combat|p1b: Electabuzz
|-damage|p1b: Electabuzz|46/100
|-unboost|p2b: Sneasler|def|1
|-unboost|p2b: Sneasler|spd|1
|move|p2a: Annihilape|Taunt|p1b: Electabuzz
|-start|p1b: Electabuzz|move: Taunt
|move|p1a: Kingambit|Swords Dance|p1a: Kingambit
|-boost|p1a: Kingambit|atk|2
|
|upkeep
|turn|2
|
|t:|1757067652
|-terastallize|p2a: Annihilape|Fairy
|move|p1a: Kingambit|Protect|p1a: Kingambit
|-singleturn|p1a: Kingambit|Protect
|move|p2b: Sneasler|Dire Claw|p1b: Electabuzz
|-damage|p1b: Electabuzz|12/100
|move|p2a: Annihilape|Close Combat|p1a: Kingambit
|-activate|p1a: Kingambit|move: Protect
|move|p1b: Electabuzz|Thunderbolt|p2b: Sneasler
|-damage|p2b: Sneasler|33/100
|
|upkeep
|turn|3
|
|t:|1757067682
|switch|p2b: Whimsicott|Whimsicott, L50, M|100/100
|switch|p1b: Volcarona|Volcarona, L50, M|100/100
|-terastallize|p1a: Kingambit|Dark
|move|p1a: Kingambit|Sucker Punch||[still]
|-fail|p1a: Kingambit
|move|p2a: Annihilape|Close Combat|p1a: Kingambit
|-supereffective|p1a: Kingambit
|-damage|p1a: Kingambit|27/100
|-unboost|p2a: Annihilape|def|1
|-unboost|p2a: Annihilape|spd|1
|
|upkeep
|turn|4
|
|t:|1757067704
|move|p1a: Kingambit|Sucker Punch||[still]
|-fail|p1a: Kingambit
|move|p2b: Whimsicott|Moonblast|p1a: Kingambit
|-supereffective|p1a: Kingambit
|-crit|p1a: Kingambit
|-damage|p1a: Kingambit|0 fnt
|faint|p1a: Kingambit
|move|p2a: Annihilape|Taunt|p1b: Volcarona
|-start|p1b: Volcarona|move: Taunt
|cant|p1b: Volcarona|move: Taunt|Quiver Dance
|
|upkeep
|
|t:|1757067714
|switch|p1a: Electabuzz|Electabuzz, L50, M|12/100
|turn|5
|
|t:|1757067725
|move|p1a: Electabuzz|Follow Me|p1a: Electabuzz
|-singleturn|p1a: Electabuzz|move: Follow Me
|move|p2b: Whimsicott|Tailwind|p2b: Whimsicott
|-sidestart|p2: palle synchro|move: Tailwind
|move|p2a: Annihilape|Rage Fist|p1a: Electabuzz
|-damage|p1a: Electabuzz|0 fnt
|faint|p1a: Electabuzz
|move|p1b: Volcarona|Heat Wave|p2b: Whimsicott|[spread] p2a,p2b
|-supereffective|p2b: Whimsicott
|-damage|p2a: Annihilape|48/100
|-damage|p2b: Whimsicott|0 fnt
|faint|p2b: Whimsicott
|
|upkeep
|
|t:|1757067741
|switch|p2b: Sneasler|Sneasler, L50, M|33/100
|switch|p1a: Rillaboom|Rillaboom, L50, F|100/100
|-fieldstart|move: Grassy Terrain|[from] ability: Grassy Surge|[of] p1a: Rillaboom
|turn|6
|
|t:|1757067754
|move|p2b: Sneasler|Protect|p2b: Sneasler
|-singleturn|p2b: Sneasler|Protect
|move|p2a: Annihilape|Rage Fist|p1b: Volcarona
|-damage|p1b: Volcarona|46/100
|move|p1b: Volcarona|Heat Wave|p2b: Sneasler|[spread] p2a
|-activate|p2b: Sneasler|move: Protect
|-damage|p2a: Annihilape|0 fnt
|faint|p2a: Annihilape
|move|p1a: Rillaboom|Wood Hammer|p2b: Sneasler
|-activate|p2b: Sneasler|move: Protect
|
|-heal|p2b: Sneasler|39/100|[from] Grassy Terrain
|-heal|p1b: Volcarona|52/100|[from] Grassy Terrain
|-heal|p1b: Volcarona|58/100|[from] item: Leftovers
|-end|p1b: Volcarona|move: Taunt
|upkeep
|
|t:|1757067762
|switch|p2a: Ursaluna|Ursaluna-Bloodmoon, L50, M|100/100
|turn|7
|
|t:|1757067783
|move|p1b: Volcarona|Protect|p1b: Volcarona
|-singleturn|p1b: Volcarona|Protect
|move|p1a: Rillaboom|Grassy Glide|p2b: Sneasler
|-resisted|p2b: Sneasler
|-damage|p2b: Sneasler|4/100
|move|p2b: Sneasler|Dire Claw|p1a: Rillaboom
|-supereffective|p1a: Rillaboom
|-damage|p1a: Rillaboom|14/100
|move|p2a: Ursaluna|Blood Moon|p1b: Volcarona
|-activate|p1b: Volcarona|move: Protect
|
|-heal|p2b: Sneasler|9/100|[from] Grassy Terrain
|-heal|p1b: Volcarona|65/100|[from] Grassy Terrain
|-heal|p1b: Volcarona|71/100|[from] item: Leftovers
|-heal|p1a: Rillaboom|19/100|[from] Grassy Terrain
|upkeep
|turn|8
|
|t:|1757067802
|move|p2b: Sneasler|Protect|p2b: Sneasler
|-singleturn|p2b: Sneasler|Protect
|move|p1a: Rillaboom|Grassy Glide|p2b: Sneasler
|-activate|p2b: Sneasler|move: Protect
|move|p2a: Ursaluna|Hyper Voice|p1b: Volcarona|[spread] p1a,p1b
|-damage|p1a: Rillaboom|0 fnt
|-damage|p1b: Volcarona|30/100
|faint|p1a: Rillaboom
|-damage|p2a: Ursaluna|91/100|[from] item: Life Orb
|move|p1b: Volcarona|Struggle Bug|p2a: Ursaluna|[spread] p2a
|-activate|p2b: Sneasler|move: Protect
|-damage|p2a: Ursaluna|65/100
|-unboost|p2a: Ursaluna|spa|1
|
|-heal|p2b: Sneasler|15/100|[from] Grassy Terrain
|-heal|p2a: Ursaluna|71/100|[from] Grassy Terrain
|-heal|p1b: Volcarona|36/100|[from] Grassy Terrain
|-heal|p1b: Volcarona|42/100|[from] item: Leftovers
|-sideend|p2: palle synchro|move: Tailwind
|upkeep
|turn|9
|
|t:|1757067812
|move|p2b: Sneasler|Dire Claw|p1b: Volcarona
|-damage|p1b: Volcarona|0 fnt
|faint|p1b: Volcarona
|
|win|palle synchro
|raw|JaviChicaino's rating: 1347 → 1333(-14 for losing)
|raw|palle synchro's rating: 1450 → 1464(+14 for winning)
