|j|☆MrPhoenixGC
|j|☆CRISP WHITE SHEETS
|html|MrPhoenixGCCRISP WHITE SHEETS    
|uhtml|bestof|Game 2 of a best-of-3
|t:|1756827934
|gametype|doubles
|player|p1|MrPhoenixGC|steven|1097
|player|p2|CRISP WHITE SHEETS|ghetsis|1197
|gen|9
|tier|[Gen 9] VGC 2025 Reg H (Bo3)
|rated|
|rule|Species Clause: Limit one of each Pokémon
|rule|Item Clause: Limit 1 of each item
|clearpoke
|poke|p1|Gholdengo, L50|
|poke|p1|Pelipper, L50, M|
|poke|p1|Archaludon, L50, F|
|poke|p1|Ursaluna, L50, F|
|poke|p1|Dragonite, L50, F|
|poke|p1|Sinistcha, L50|
|poke|p2|Exeggutor, L50, F|
|poke|p2|Indeedee-F, L50, F|
|poke|p2|Avalugg, L50, F|
|poke|p2|Torkoal, L50, M|
|poke|p2|Sneasler, L50, M|
|poke|p2|Typhlosion-Hisui, L50, F|
|teampreview|4
|showteam|p1|Gholdengo||ChoiceScarf|GoodasGold|MakeItRain,ShadowBall,Trick,Protect||||||50|,,,,,Steel]Pelipper||FocusSash|Drizzle|Protect,MuddyWater,Hurricane,WideGuard|||M|||50|,,,,,Ghost]Archaludon||AssaultVest|Stamina|BodyPress,Snarl,ElectroShot,FlashCannon|||F|||50|,,,,,Bug]Ursaluna||FlameOrb|Guts|Protect,Facade,Earthquake,HeadlongRush|||F|||50|,,,,,Ghost]Dragonite||LoadedDice|Multiscale|ScaleShot,Haze,Tailwind,Protect|||F|||50|,,,,,Fairy]Sinistcha||SitrusBerry|Hospitality|TrickRoom,MatchaGotcha,LifeDew,RagePowder||||||50|,,,,,Dark
|showteam|p2|Exeggutor||FocusSash|Chlorophyll|ExpandingForce,EnergyBall,TrickRoom,Protect|||F|||50|,,,,,Psychic]Indeedee-F||SafetyGoggles|PsychicSurge|FollowMe,HelpingHand,TrickRoom,DazzlingGleam|||F|||50|,,,,,Fairy]Avalugg||LoadedDice|Sturdy|IcicleSpear,BodyPress,WideGuard,Protect|||F|||50|,,,,,Fighting]Torkoal||Charcoal|Drought|Eruption,EarthPower,HelpingHand,Protect|||M|||50|,,,,,Fire]Sneasler||PsychicSeed|Unburden|DireClaw,CloseCombat,ThroatChop,Protect|||M|||50|,,,,,Dark]Typhlosion-Hisui||ChoiceScarf|Frisk|Eruption,HeatWave,ShadowBall,Extrasensory|||F|||50|,,,,,Fire
|
|t:|1756827959
|teamsize|p1|4
|teamsize|p2|4
|start
|switch|p1a: Gholdengo|Gholdengo, L50|100/100
|switch|p1b: Dragonite|Dragonite, L50, F|100/100
|switch|p2a: Belle|Indeedee-F, L50, F|100/100
|switch|p2b: Gamble|Sneasler, L50, M|100/100
|-fieldstart|move: Psychic Terrain|[from] ability: Psychic Surge|[of] p2a: Belle
|-enditem|p2b: Gamble|Psychic Seed
|-boost|p2b: Gamble|spd|1|[from] item: Psychic Seed
|turn|1
|
|t:|1756828014
|-terastallize|p2b: Gamble|Dark
|-terastallize|p1a: Gholdengo|Steel
|move|p2b: Gamble|Throat Chop|p1a: Gholdengo
|-damage|p1a: Gholdengo|43/100
|-start|p1a: Gholdengo|Throat Chop|[silent]
|move|p1a: Gholdengo|Make It Rain|p2b: Gamble|[spread] p2a,p2b
|-damage|p2a: Belle|43/100
|-damage|p2b: Gamble|40/100
|-unboost|p1a: Gholdengo|spa|1
|move|p1b: Dragonite|Scale Shot|p2b: Gamble
|-damage|p2b: Gamble|15/100
|-damage|p2b: Gamble|0 fnt
|faint|p2b: Gamble
|-hitcount|p2: Gamble|2
|-unboost|p1b: Dragonite|def|1
|-boost|p1b: Dragonite|spe|1
|move|p2a: Belle|Trick Room|p2a: Belle
|-fieldstart|move: Trick Room|[of] p2a: Belle
|
|upkeep
|
|t:|1756828020
|switch|p2b: Nimitz|Avalugg, L50, F|100/100
|turn|2
|
|t:|1756828068
|move|p2b: Nimitz|Body Press|p1a: Gholdengo
|-supereffective|p1a: Gholdengo
|-damage|p1a: Gholdengo|0 fnt
|faint|p1a: Gholdengo
|move|p2a: Belle|Dazzling Gleam|p1b: Dragonite
|-supereffective|p1b: Dragonite
|-damage|p1b: Dragonite|82/100
|move|p1b: Dragonite|Scale Shot|p2a: Belle
|-damage|p2a: Belle|27/100
|-damage|p2a: Belle|12/100
|-damage|p2a: Belle|0 fnt
|faint|p2a: Belle
|-hitcount|p2: Belle|3
|-unboost|p1b: Dragonite|def|1
|-boost|p1b: Dragonite|spe|1
|
|upkeep
|
|t:|1756828087
|switch|p2a: Shellshocker|Torkoal, L50, M|100/100
|switch|p1a: Pelipper|Pelipper, L50, M|100/100
|-weather|SunnyDay|[from] ability: Drought|[of] p2a: Shellshocker
|-weather|RainDance|[from] ability: Drizzle|[of] p1a: Pelipper
|turn|3
|
|t:|1756828096
|switch|p1a: Archaludon|Archaludon, L50, F|100/100
|move|p2a: Shellshocker|Helping Hand|p2b: Nimitz
|-singleturn|p2b: Nimitz|Helping Hand|[of] p2a: Shellshocker
|move|p1b: Dragonite|Protect|p1b: Dragonite
|-singleturn|p1b: Dragonite|Protect
|move|p2b: Nimitz|Icicle Spear|p1a: Archaludon
|-damage|p1a: Archaludon|91/100
|-ability|p1a: Archaludon|Stamina|boost
|-boost|p1a: Archaludon|def|1
|-damage|p1a: Archaludon|84/100
|-ability|p1a: Archaludon|Stamina|boost
|-boost|p1a: Archaludon|def|1
|-damage|p1a: Archaludon|79/100
|-ability|p1a: Archaludon|Stamina|boost
|-boost|p1a: Archaludon|def|1
|-damage|p1a: Archaludon|74/100
|-ability|p1a: Archaludon|Stamina|boost
|-boost|p1a: Archaludon|def|1
|-hitcount|p1a: Archaludon|4
|
|-weather|RainDance|[upkeep]
|upkeep
|turn|4
|
|t:|1756828165
|move|p2a: Shellshocker|Earth Power|p1a: Archaludon
|-supereffective|p1a: Archaludon
|-damage|p1a: Archaludon|37/100
|-ability|p1a: Archaludon|Stamina|boost
|-boost|p1a: Archaludon|def|1
|move|p2b: Nimitz|Body Press|p1a: Archaludon
|-supereffective|p1a: Archaludon
|-damage|p1a: Archaludon|23/100
|-ability|p1a: Archaludon|Stamina|boost
|-boost|p1a: Archaludon|def|1
|move|p1a: Archaludon|Body Press|p2b: Nimitz
|-supereffective|p2b: Nimitz
|-damage|p2b: Nimitz|2/100
|move|p1b: Dragonite|Scale Shot|p2a: Shellshocker
|-damage|p2a: Shellshocker|90/100
|-damage|p2a: Shellshocker|78/100
|-damage|p2a: Shellshocker|66/100
|-damage|p2a: Shellshocker|54/100
|-damage|p2a: Shellshocker|42/100
|-hitcount|p2a: Shellshocker|5
|-unboost|p1b: Dragonite|def|1
|-boost|p1b: Dragonite|spe|1
|
|-weather|RainDance|[upkeep]
|upkeep
|turn|5
|
|t:|1756828218
|move|p2a: Shellshocker|Earth Power|p1a: Archaludon
|-supereffective|p1a: Archaludon
|-crit|p1a: Archaludon
|-damage|p1a: Archaludon|0 fnt
|faint|p1a: Archaludon
|move|p2b: Nimitz|Icicle Spear|p1b: Dragonite
|-supereffective|p1b: Dragonite
|-damage|p1b: Dragonite|0 fnt
|faint|p1b: Dragonite
|-hitcount|p1: Dragonite|1
|
|-weather|RainDance|[upkeep]
|-fieldend|move: Trick Room
|-fieldend|move: Psychic Terrain
|upkeep
|inactive|Battle timer is ON: inactive players will automatically lose when time's up. (requested by CRISP WHITE SHEETS)
|
|t:|1756828231
|switch|p1a: Pelipper|Pelipper, L50, M|100/100
|turn|6
|
|t:|1756828236
|move|p2b: Nimitz|Protect|p2b: Nimitz
|-singleturn|p2b: Nimitz|Protect
|move|p1a: Pelipper|Muddy Water|p2a: Shellshocker|[spread] p2a
|-activate|p2b: Nimitz|move: Protect
|-supereffective|p2a: Shellshocker
|-damage|p2a: Shellshocker|0 fnt
|faint|p2a: Shellshocker
|
|-weather|RainDance|[upkeep]
|upkeep
|turn|7
|
|t:|1756828250
|move|p1a: Pelipper|Muddy Water|p2b: Nimitz
|-damage|p2b: Nimitz|0 fnt
|faint|p2b: Nimitz
|
|win|MrPhoenixGC
|raw|MrPhoenixGC's rating: 1097 → 1130(+33 for winning)
|raw|CRISP WHITE SHEETS's rating: 1197 → 1165(-32 for losing)
|l|☆CRISP WHITE SHEETS
|player|p2|
