|j|☆regalac3
|j|☆G33KY
|html|regalac3G33KY    
|uhtml|bestof|Game 1 of a best-of-3
|t:|1757021180
|gametype|doubles
|player|p1|regalac3|n|1106
|player|p2|G33KY|265|1048
|gen|9
|tier|[Gen 9] VGC 2025 Reg H (Bo3)
|rated|
|rule|Species Clause: Limit one of each Pokémon
|rule|Item Clause: Limit 1 of each item
|clearpoke
|poke|p1|Pelipper, L50, F|
|poke|p1|Basculegion, L50, M|
|poke|p1|Archaludon, L50, M|
|poke|p1|Annihilape, L50, F|
|poke|p1|Rillaboom, L50, F|
|poke|p1|Maushold-Four, L50|
|poke|p2|Politoed, L50, M|
|poke|p2|Gothitelle, L50, M|
|poke|p2|Kingdra, L50, M|
|poke|p2|Archaludon, L50, F|
|poke|p2|Amoonguss, L50, M|
|poke|p2|Incineroar, L50, F|
|teampreview|4
|showteam|p1|Pelipper||FocusSash|Drizzle|Hurricane,WeatherBall,WideGuard,Protect|||F|||50|,,,,,Stellar]Basculegion||LifeOrb|SwiftSwim|WaveCrash,LastRespects,AquaJet,Protect|||M|||50|,,,,,Water]Archaludon||AssaultVest|Stamina|FlashCannon,DracoMeteor,ElectroShot,BodyPress|||M|||50|,,,,,Bug]Annihilape||Leftovers|Defiant|RageFist,DrainPunch,BulkUp,Protect|||F|||50|,,,,,Fire]Rillaboom||LoadedDice|GrassySurge|BulletSeed,GrassyGlide,HighHorsepower,FakeOut|||F|||50|,,,,,Water]Maushold-Four||SafetyGoggles|FriendGuard|BeatUp,FollowMe,Taunt,Protect||||||50|,,,,,Ghost
|showteam|p2|Politoed||Leftovers|Drizzle|Protect,WeatherBall,Encore,PerishSong|||M|||50|,,,,,Grass]Gothitelle||SitrusBerry|ShadowTag|Protect,Psychic,FakeOut,TrickRoom|||M|||50|,,,,,Dark]Kingdra||LifeOrb|SwiftSwim|Protect,DracoMeteor,WeatherBall,MuddyWater|||M|||50|,,,,,Stellar]Archaludon||PowerHerb|Sturdy|Protect,ElectroShot,FlashCannon,DragonPulse|||F|||50|,,,,,Electric]Amoonguss||EjectButton|Regenerator|Protect,RagePowder,Spore,PollenPuff|||M|||50|,,,,,Fairy]Incineroar||SafetyGoggles|Intimidate|FakeOut,KnockOff,PartingShot,Protect|||F|||50|,,,,,Ghost
|inactive|Battle timer is ON: inactive players will automatically lose when time's up. (requested by regalac3)
|inactive|G33KY also wants the timer to be on.
|inactive|regalac3 has 60 seconds left.
|inactive|G33KY has 60 seconds left.
|
|t:|1757021220
|teamsize|p1|4
|teamsize|p2|4
|start
|switch|p1a: Maushold|Maushold-Four, L50|100/100
|switch|p1b: Annihilape|Annihilape, L50, F|100/100
|switch|p2a: Politoed|Politoed, L50, M|100/100
|switch|p2b: Kingdra|Kingdra, L50, M|100/100
|-weather|RainDance|[from] ability: Drizzle|[of] p2a: Politoed
|turn|1
|inactive|G33KY has 30 seconds left.
|
|t:|1757021249
|-terastallize|p2b: Kingdra|Stellar
|move|p2a: Politoed|Protect|p2a: Politoed
|-singleturn|p2a: Politoed|Protect
|move|p1a: Maushold|Follow Me|p1a: Maushold
|-singleturn|p1a: Maushold|move: Follow Me
|move|p2b: Kingdra|Weather Ball|p1a: Maushold
|-damage|p1a: Maushold|0 fnt
|faint|p1a: Maushold
|-damage|p2b: Kingdra|91/100|[from] item: Life Orb
|move|p1b: Annihilape|Bulk Up|p1b: Annihilape
|-boost|p1b: Annihilape|atk|1
|-boost|p1b: Annihilape|def|1
|
|-weather|RainDance|[upkeep]
|upkeep
|
|t:|1757021263
|switch|p1a: Rillaboom|Rillaboom, L50, F|100/100
|-fieldstart|move: Grassy Terrain|[from] ability: Grassy Surge|[of] p1a: Rillaboom
|turn|2
|inactive|regalac3 has 30 seconds left.
|inactive|G33KY has 30 seconds left.
|inactive|regalac3 has 20 seconds left.
|
|t:|1757021299
|move|p1a: Rillaboom|Grassy Glide|p2b: Kingdra
|-damage|p2b: Kingdra|46/100
|move|p2b: Kingdra|Draco Meteor|p1a: Rillaboom
|-damage|p1a: Rillaboom|0 fnt
|-unboost|p2b: Kingdra|spa|2
|faint|p1a: Rillaboom
|-damage|p2b: Kingdra|36/100|[from] item: Life Orb
|move|p1b: Annihilape|Drain Punch|p2b: Kingdra
|-damage|p2b: Kingdra|0 fnt
|faint|p2b: Kingdra
|move|p2a: Politoed|Perish Song|p2a: Politoed
|-start|p1b: Annihilape|perish3|[silent]
|-start|p2a: Politoed|perish3|[silent]
|-fieldactivate|move: Perish Song
|
|-weather|RainDance|[upkeep]
|-start|p1b: Annihilape|perish3
|-start|p2a: Politoed|perish3
|upkeep
|
|t:|1757021312
|switch|p2b: Archaludon|Archaludon, L50, F|100/100
|switch|p1a: Archaludon|Archaludon, L50, M|100/100
|turn|3
|
|t:|1757021336
|move|p2b: Archaludon|Protect|p2b: Archaludon
|-singleturn|p2b: Archaludon|Protect
|move|p2a: Politoed|Protect|p2a: Politoed
|-singleturn|p2a: Politoed|Protect
|move|p1b: Annihilape|Drain Punch|p2b: Archaludon
|-activate|p2b: Archaludon|move: Protect
|move|p1a: Archaludon|Electro Shot||[still]
|-prepare|p1a: Archaludon|Electro Shot
|-boost|p1a: Archaludon|spa|1
|-anim|p1a: Archaludon|Electro Shot|p2a: Politoed
|-activate|p2a: Politoed|move: Protect
|
|-weather|RainDance|[upkeep]
|-start|p1b: Annihilape|perish2
|-start|p2a: Politoed|perish2
|upkeep
|turn|4
|inactive|G33KY has 30 seconds left.
|inactive|G33KY has 20 seconds left.
|
|t:|1757021373
|move|p1b: Annihilape|Drain Punch|p2b: Archaludon
|-supereffective|p2b: Archaludon
|-damage|p2b: Archaludon|14/100
|move|p2b: Archaludon|Dragon Pulse|p1a: Archaludon
|-damage|p1a: Archaludon|71/100
|-ability|p1a: Archaludon|Stamina|boost
|-boost|p1a: Archaludon|def|1
|move|p1a: Archaludon|Electro Shot||[still]
|-prepare|p1a: Archaludon|Electro Shot
|-boost|p1a: Archaludon|spa|1
|-anim|p1a: Archaludon|Electro Shot|p2a: Politoed
|-supereffective|p2a: Politoed
|-damage|p2a: Politoed|0 fnt
|faint|p2a: Politoed
|
|-weather|RainDance|[upkeep]
|-heal|p2b: Archaludon|20/100|[from] Grassy Terrain
|-heal|p1a: Archaludon|77/100|[from] Grassy Terrain
|-start|p1b: Annihilape|perish1
|upkeep
|
|t:|1757021385
|switch|p2a: Gothitelle|Gothitelle, L50, M|100/100
|turn|5
|inactive|regalac3 has 30 seconds left.
|inactive|regalac3 has 20 seconds left.
|
|t:|1757021421
|move|p2b: Archaludon|Protect|p2b: Archaludon
|-singleturn|p2b: Archaludon|Protect
|move|p2a: Gothitelle|Protect|p2a: Gothitelle
|-singleturn|p2a: Gothitelle|Protect
|move|p1b: Annihilape|Drain Punch|p2a: Gothitelle
|-activate|p2a: Gothitelle|move: Protect
|move|p1a: Archaludon|Electro Shot||[still]
|-prepare|p1a: Archaludon|Electro Shot
|-boost|p1a: Archaludon|spa|1
|-anim|p1a: Archaludon|Electro Shot|p2a: Gothitelle
|-activate|p2a: Gothitelle|move: Protect
|
|-weather|none
|-heal|p2b: Archaludon|26/100|[from] Grassy Terrain
|-heal|p1a: Archaludon|83/100|[from] Grassy Terrain
|-start|p1b: Annihilape|perish0
|faint|p1b: Annihilape
|upkeep
|turn|6
|inactive|G33KY has 30 seconds left.
|
|t:|1757021448
|-terastallize|p1a: Archaludon|Bug
|move|p2b: Archaludon|Dragon Pulse|p1a: Archaludon
|-damage|p1a: Archaludon|56/100
|-ability|p1a: Archaludon|Stamina|boost
|-boost|p1a: Archaludon|def|1
|move|p1a: Archaludon|Body Press|p2b: Archaludon
|-supereffective|p2b: Archaludon
|-damage|p2b: Archaludon|0 fnt
|faint|p2b: Archaludon
|move|p2a: Gothitelle|Psychic|p1a: Archaludon
|-damage|p1a: Archaludon|37/100
|-unboost|p1a: Archaludon|spd|1
|-ability|p1a: Archaludon|Stamina|boost
|-boost|p1a: Archaludon|def|1
|
|-heal|p1a: Archaludon|43/100|[from] Grassy Terrain
|-fieldend|move: Grassy Terrain
|upkeep
|turn|7
|inactive|G33KY has 30 seconds left.
|
|t:|1757021475
|move|p1a: Archaludon|Flash Cannon|p2a: Gothitelle
|-damage|p2a: Gothitelle|24/100
|-unboost|p2a: Gothitelle|spd|1
|-enditem|p2a: Gothitelle|Sitrus Berry|[eat]
|-heal|p2a: Gothitelle|49/100|[from] item: Sitrus Berry
|move|p2a: Gothitelle|Trick Room|p2a: Gothitelle
|-fieldstart|move: Trick Room|[of] p2a: Gothitelle
|
|upkeep
|turn|8
|
|t:|1757021490
|move|p2a: Gothitelle|Protect|p2a: Gothitelle
|-singleturn|p2a: Gothitelle|Protect
|move|p1a: Archaludon|Body Press|p2a: Gothitelle
|-activate|p2a: Gothitelle|move: Protect
|
|upkeep
|turn|9
|
|t:|1757021499
|move|p2a: Gothitelle|Psychic|p1a: Archaludon
|-damage|p1a: Archaludon|13/100
|-ability|p1a: Archaludon|Stamina|boost
|-boost|p1a: Archaludon|def|1
|move|p1a: Archaludon|Body Press|p2a: Gothitelle
|-resisted|p2a: Gothitelle
|-damage|p2a: Gothitelle|14/100
|
|upkeep
|turn|10
|
|t:|1757021508
|move|p2a: Gothitelle|Psychic|p1a: Archaludon
|-damage|p1a: Archaludon|0 fnt
|faint|p1a: Archaludon
|
|win|G33KY
