|j|☆tessa scarlet
|j|☆Bellbottoms
|html|tessa scarletBellbottoms    
|uhtml|bestof|Game 2 of a best-of-3
|t:|1757080340
|gametype|doubles
|player|p1|tessa scarlet|101|1530
|player|p2|Bellbottoms|pokemonbreederf-gen4|1492
|gen|9
|tier|[Gen 9] VGC 2025 Reg H (Bo3)
|rated|
|rule|Species Clause: Limit one of each Pokémon
|rule|Item Clause: Limit 1 of each item
|clearpoke
|poke|p1|Gholdengo, L50|
|poke|p1|Annihilape, L50, M|
|poke|p1|Incineroar, L50, F|
|poke|p1|Dragonite, L50, F|
|poke|p1|Ninetales-Alola, L50, F|
|poke|p1|Ursaluna-Bloodmoon, L50, M|
|poke|p2|Gholdengo, L50|
|poke|p2|Rillaboom, L50, F|
|poke|p2|Arcanine-Hisui, L50, F|
|poke|p2|Sneasler, L50, F|
|poke|p2|Dragonite, L50, F|
|poke|p2|Ninetales-Alola, L50, F|
|teampreview|4
|showteam|p1|Gholdengo||LifeOrb|GoodasGold|NastyPlot,MakeItRain,ShadowBall,Protect||||||50|,,,,,Water]Annihilape||LumBerry|Defiant|DrainPunch,RageFist,BulkUp,Protect|||M|||50|,,,,,Fire]Incineroar||SafetyGoggles|Intimidate|FakeOut,FlareBlitz,KnockOff,PartingShot|||F|||50|,,,,,Ghost]Dragonite||LoadedDice|Multiscale|ScaleShot,Haze,Tailwind,Protect|||F|||50|,,,,,Steel]Ninetales-Alola||FocusSash|SnowWarning|Blizzard,IcyWind,IcicleSpear,AuroraVeil|||F|||50|,,,,,Ghost]Ursaluna-Bloodmoon||AssaultVest|MindsEye|BloodMoon,HyperVoice,EarthPower,VacuumWave|||M|||50|,,,,,Water
|showteam|p2|Gholdengo||GrassySeed|GoodasGold|MakeItRain,NastyPlot,ShadowBall,Protect||||||50|,,,,,Water]Rillaboom||AssaultVest|GrassySurge|WoodHammer,GrassyGlide,FakeOut,Uturn|||F|||50|,,,,,Fire]Arcanine-Hisui||ClearAmulet|Intimidate|RockSlide,FlareBlitz,ExtremeSpeed,Protect|||F|||50|,,,,,Water]Sneasler||WhiteHerb|Unburden|CloseCombat,DireClaw,Coaching,Protect|||F|||50|,,,,,Ghost]Dragonite||LoadedDice|Multiscale|ScaleShot,StompingTantrum,Protect,Tailwind|||F|||50|,,,,,Ground]Ninetales-Alola||FocusSash|SnowWarning|Blizzard,IcyWind,AuroraVeil,Encore|||F|||50|,,,,,Ghost
|
|t:|1757080354
|teamsize|p1|4
|teamsize|p2|4
|start
|switch|p1a: Annihilape|Annihilape, L50, M, shiny|100/100
|switch|p1b: Ninetales|Ninetales-Alola, L50, F|100/100
|switch|p2a: Gold Ship|Gholdengo, L50, shiny|100/100
|switch|p2b: Grass Wonder|Rillaboom, L50, F|100/100
|-weather|Snowscape|[from] ability: Snow Warning|[of] p1b: Ninetales
|-fieldstart|move: Grassy Terrain|[from] ability: Grassy Surge|[of] p2b: Grass Wonder
|-enditem|p2a: Gold Ship|Grassy Seed
|-boost|p2a: Gold Ship|def|1|[from] item: Grassy Seed
|turn|1
|
|t:|1757080375
|-terastallize|p1a: Annihilape|Fire
|move|p2b: Grass Wonder|Fake Out|p1b: Ninetales
|-damage|p1b: Ninetales|86/100
|cant|p1b: Ninetales|flinch
|move|p1a: Annihilape|Bulk Up|p1a: Annihilape
|-boost|p1a: Annihilape|atk|1
|-boost|p1a: Annihilape|def|1
|move|p2a: Gold Ship|Make It Rain|p1b: Ninetales|[spread] p1a,p1b
|-resisted|p1a: Annihilape
|-supereffective|p1b: Ninetales
|-damage|p1a: Annihilape|80/100
|-damage|p1b: Ninetales|0 fnt
|-unboost|p2a: Gold Ship|spa|1
|faint|p1b: Ninetales
|
|-weather|Snowscape|[upkeep]
|-heal|p1a: Annihilape|86/100|[from] Grassy Terrain
|upkeep
|
|t:|1757080393
|switch|p1b: Gholdengo|Gholdengo, L50|100/100
|turn|2
|
|t:|1757080407
|-terastallize|p2a: Gold Ship|Water
|move|p1b: Gholdengo|Protect|p1b: Gholdengo
|-singleturn|p1b: Gholdengo|Protect
|move|p1a: Annihilape|Bulk Up|p1a: Annihilape
|-boost|p1a: Annihilape|atk|1
|-boost|p1a: Annihilape|def|1
|move|p2a: Gold Ship|Shadow Ball|p1b: Gholdengo
|-activate|p1b: Gholdengo|move: Protect
|move|p2b: Grass Wonder|U-turn|p1b: Gholdengo
|-activate|p1b: Gholdengo|move: Protect
|
|-weather|Snowscape|[upkeep]
|-heal|p1a: Annihilape|92/100|[from] Grassy Terrain
|upkeep
|turn|3
|
|t:|1757080423
|switch|p1b: Incineroar|Incineroar, L50, F|100/100
|-ability|p1b: Incineroar|Intimidate|boost
|-unboost|p2a: Gold Ship|atk|1
|-unboost|p2b: Grass Wonder|atk|1
|move|p1a: Annihilape|Bulk Up|p1a: Annihilape
|-boost|p1a: Annihilape|atk|1
|-boost|p1a: Annihilape|def|1
|move|p2a: Gold Ship|Shadow Ball|p1b: Incineroar
|-resisted|p1b: Incineroar
|-damage|p1b: Incineroar|88/100
|move|p2b: Grass Wonder|U-turn|p1b: Incineroar
|-damage|p1b: Incineroar|71/100
|
|t:|1757080427
|switch|p2b: Maruzensky|Arcanine-Hisui, L50, F|100/100|[from] U-turn
|-ability|p2b: Maruzensky|Intimidate|boost
|-unboost|p1a: Annihilape|atk|1
|-ability|p1a: Annihilape|Defiant|boost
|-boost|p1a: Annihilape|atk|2
|-unboost|p1b: Incineroar|atk|1
|
|-weather|Snowscape|[upkeep]
|-heal|p1a: Annihilape|99/100|[from] Grassy Terrain
|-heal|p1b: Incineroar|77/100|[from] Grassy Terrain
|upkeep
|turn|4
|
|t:|1757080446
|switch|p2a: Oguri Cap|Ninetales-Alola, L50, F, shiny|100/100
|switch|p1b: Gholdengo|Gholdengo, L50|100/100
|move|p2b: Maruzensky|Protect|p2b: Maruzensky
|-singleturn|p2b: Maruzensky|Protect
|move|p1a: Annihilape|Drain Punch|p2b: Maruzensky
|-activate|p2b: Maruzensky|move: Protect
|
|-weather|Snowscape|[upkeep]
|-heal|p1a: Annihilape|100/100|[from] Grassy Terrain
|upkeep
|turn|5
|
|t:|1757080463
|move|p2a: Oguri Cap|Blizzard|p1b: Gholdengo|[spread] p1a,p1b
|-resisted|p1a: Annihilape
|-resisted|p1b: Gholdengo
|-damage|p1a: Annihilape|86/100
|-damage|p1b: Gholdengo|83/100
|-status|p1b: Gholdengo|frz
|move|p2b: Maruzensky|Rock Slide|p1b: Gholdengo|[spread] p1a,p1b
|-supereffective|p1a: Annihilape
|-resisted|p1b: Gholdengo
|-damage|p1a: Annihilape|65/100
|-damage|p1b: Gholdengo|68/100 frz
|move|p1a: Annihilape|Drain Punch|p2b: Maruzensky
|-supereffective|p2b: Maruzensky
|-damage|p2b: Maruzensky|0 fnt
|-heal|p1a: Annihilape|100/100|[from] drain|[of] p2b: Maruzensky
|faint|p2b: Maruzensky
|cant|p1b: Gholdengo|frz
|
|-weather|none
|-heal|p1b: Gholdengo|75/100 frz|[from] Grassy Terrain
|-fieldend|move: Grassy Terrain
|upkeep
|
|t:|1757080467
|switch|p2b: Gold Ship|Gholdengo, L50, shiny, tera:Water|100/100
|turn|6
|-message|Bellbottoms forfeited.
|
|win|tessa scarlet
|raw|tessa scarlet's rating: 1530 → 1548(+18 for winning)
|raw|Bellbottoms's rating: 1492 → 1474(-18 for losing)
