|j|‽pablittoo
|j|☆letsgetfluffy
|html|pablittooletsgetfluffy    
|uhtml|bestof|Game 1 of a best-of-3
|t:|1756808337
|gametype|doubles
|player|p1|pablittoo|blackbelt-gen4dp|1178
|player|p2|letsgetfluffy|169|1128
|gen|9
|tier|[Gen 9] VGC 2025 Reg H (Bo3)
|rated|
|rule|Species Clause: Limit one of each Pokémon
|rule|Item Clause: Limit 1 of each item
|clearpoke
|poke|p1|Baxcalibur, L50, M|
|poke|p1|Typhlosion-Hisui, L50, F|
|poke|p1|Murkrow, L50, M|
|poke|p1|Garchomp, L50, M|
|poke|p1|Flamigo, L50, M|
|poke|p1|Rillaboom, L50, F|
|poke|p2|Politoed, L50, M|
|poke|p2|Gothitelle, L50, M|
|poke|p2|Incineroar, L50, M|
|poke|p2|Amoonguss, L50, M|
|poke|p2|Kingdra, L50, M|
|poke|p2|Archaludon, L50, F|
|teampreview|4
|showteam|p1|Baxcalibur||ClearAmulet|ThermalExchange|IcicleCrash,GlaiveRush,Protect,SwordsDance|||M|||50|,,,,,Water]Typhlosion-Hisui||ChoiceScarf|Blaze|LavaPlume,Eruption,HeatWave,ShadowBall|||F|||50|,,,,,Fire]Murkrow||Eviolite|Prankster|Tailwind,SunnyDay,Haze,FoulPlay|||M|||50|,,,,,Ghost]Garchomp||LifeOrb|RoughSkin|Earthquake,DragonClaw,Protect,StompingTantrum|||M|||50|,,,,,Ground]Flamigo||FocusSash|Scrappy|CloseCombat,DualWingbeat,Protect,WideGuard|||M|||50|,,,,,Ghost]Rillaboom||AssaultVest|GrassySurge|Uturn,FakeOut,GrassyGlide,WoodHammer|||F|||50|,,,,,Fire
|showteam|p2|Politoed||Leftovers|Drizzle|Protect,WeatherBall,PerishSong,Encore|||M|||50|,,,,,Grass]Gothitelle||SitrusBerry|ShadowTag|Protect,Psychic,FakeOut,TrickRoom|||M|||50|,,,,,Dark]Incineroar||SafetyGoggles|Intimidate|Protect,KnockOff,FakeOut,PartingShot|||M|||50|,,,,,Ghost]Amoonguss||EjectButton|Regenerator|Protect,RagePowder,PollenPuff,Spore|||M|||50|,,,,,Fairy]Kingdra||LifeOrb|SwiftSwim|Protect,WeatherBall,DracoMeteor,MuddyWater|||M|||50|,,,,,Stellar]Archaludon||PowerHerb|Sturdy|Protect,ElectroShot,DragonPulse,FlashCannon|||F|||50|,,,,,Electric
|
|t:|1756808384
|teamsize|p1|4
|teamsize|p2|4
|start
|switch|p1a: Typhlosion|Typhlosion-Hisui, L50, F|100/100
|switch|p1b: Baxcalibur|Baxcalibur, L50, M|100/100
|switch|p2a: Incineroar|Incineroar, L50, M|100/100
|switch|p2b: Politoed|Politoed, L50, M|100/100
|-weather|RainDance|[from] ability: Drizzle|[of] p2b: Politoed
|-ability|p2a: Incineroar|Intimidate|boost
|-unboost|p1a: Typhlosion|atk|1
|-fail|p1b: Baxcalibur|unboost|[from] item: Clear Amulet|[of] p1b: Baxcalibur
|turn|1
|
|t:|1756808419
|-terastallize|p1b: Baxcalibur|Water
|move|p2a: Incineroar|Fake Out|p1b: Baxcalibur
|-damage|p1b: Baxcalibur|91/100
|move|p1a: Typhlosion|Lava Plume|p2b: Politoed|[spread] p1b,p2a,p2b
|-resisted|p1b: Baxcalibur
|-resisted|p2a: Incineroar
|-resisted|p2b: Politoed
|-damage|p1b: Baxcalibur|84/100
|-damage|p2a: Incineroar|95/100
|-damage|p2b: Politoed|95/100
|-ability|p1b: Baxcalibur|Thermal Exchange|boost
|-boost|p1b: Baxcalibur|atk|1
|cant|p1b: Baxcalibur|flinch
|move|p2b: Politoed|Perish Song|p2b: Politoed
|-start|p1a: Typhlosion|perish3|[silent]
|-start|p1b: Baxcalibur|perish3|[silent]
|-start|p2a: Incineroar|perish3|[silent]
|-start|p2b: Politoed|perish3|[silent]
|-fieldactivate|move: Perish Song
|
|-weather|RainDance|[upkeep]
|-heal|p2b: Politoed|100/100|[from] item: Leftovers
|-start|p1a: Typhlosion|perish3
|-start|p1b: Baxcalibur|perish3
|-start|p2b: Politoed|perish3
|-start|p2a: Incineroar|perish3
|upkeep
|turn|2
|
|t:|1756808445
|switch|p2b: Gothitelle|Gothitelle, L50, M|100/100
|move|p1a: Typhlosion|Lava Plume|p2a: Incineroar|[spread] p1b,p2a,p2b
|-resisted|p1b: Baxcalibur
|-resisted|p2a: Incineroar
|-damage|p1b: Baxcalibur|76/100
|-damage|p2a: Incineroar|91/100
|-damage|p2b: Gothitelle|89/100
|-ability|p1b: Baxcalibur|Thermal Exchange|boost
|-boost|p1b: Baxcalibur|atk|1
|move|p1b: Baxcalibur|Glaive Rush|p2a: Incineroar
|-damage|p2a: Incineroar|0 fnt
|-singlemove|p1b: Baxcalibur|Glaive Rush|[silent]
|faint|p2a: Incineroar
|
|-weather|RainDance|[upkeep]
|-start|p1a: Typhlosion|perish2
|-start|p1b: Baxcalibur|perish2
|upkeep
|
|t:|1756808455
|switch|p2a: Amoonguss|Amoonguss, L50, M|100/100
|turn|3
|
|t:|1756808478
|switch|p1a: Rillaboom|Rillaboom, L50, F|100/100
|-fieldstart|move: Grassy Terrain|[from] ability: Grassy Surge|[of] p1a: Rillaboom
|move|p2b: Gothitelle|Fake Out|p1b: Baxcalibur
|-damage|p1b: Baxcalibur|65/100
|cant|p1b: Baxcalibur|flinch
|move|p2a: Amoonguss|Spore|p1a: Rillaboom
|-immune|p1a: Rillaboom
|
|-weather|RainDance|[upkeep]
|-heal|p1b: Baxcalibur|71/100|[from] Grassy Terrain
|-heal|p2b: Gothitelle|95/100|[from] Grassy Terrain
|-start|p1b: Baxcalibur|perish1
|upkeep
|turn|4
|
|t:|1756808505
|move|p2b: Gothitelle|Protect|p2b: Gothitelle
|-singleturn|p2b: Gothitelle|Protect
|move|p2a: Amoonguss|Protect|p2a: Amoonguss
|-singleturn|p2a: Amoonguss|Protect
|move|p1b: Baxcalibur|Glaive Rush|p2a: Amoonguss
|-activate|p2a: Amoonguss|move: Protect
|move|p1a: Rillaboom|U-turn|p1b: Baxcalibur
|-damage|p1b: Baxcalibur|51/100
|
|t:|1756808510
|switch|p1a: Murkrow|Murkrow, L50, M|100/100|[from] U-turn
|
|-weather|RainDance|[upkeep]
|-heal|p1b: Baxcalibur|57/100|[from] Grassy Terrain
|-heal|p2b: Gothitelle|100/100|[from] Grassy Terrain
|-start|p1b: Baxcalibur|perish0
|faint|p1b: Baxcalibur
|upkeep
|
|t:|1756808512
|switch|p1b: Typhlosion|Typhlosion-Hisui, L50, F|100/100
|turn|5
|
|t:|1756808544
|switch|p2a: Politoed|Politoed, L50, M|100/100
|move|p1a: Murkrow|Sunny Day|p1a: Murkrow
|-weather|SunnyDay
|move|p1b: Typhlosion|Eruption|p2a: Politoed|[spread] p2a,p2b
|-resisted|p2a: Politoed
|-damage|p2a: Politoed|68/100
|-damage|p2b: Gothitelle|30/100
|-enditem|p2b: Gothitelle|Sitrus Berry|[eat]
|-heal|p2b: Gothitelle|55/100|[from] item: Sitrus Berry
|move|p2b: Gothitelle|Trick Room|p2b: Gothitelle
|-fieldstart|move: Trick Room|[of] p2b: Gothitelle
|
|-weather|SunnyDay|[upkeep]
|-heal|p2b: Gothitelle|62/100|[from] Grassy Terrain
|-heal|p2a: Politoed|74/100|[from] Grassy Terrain
|-heal|p2a: Politoed|80/100|[from] item: Leftovers
|upkeep
|turn|6
|
|t:|1756808569
|move|p2b: Gothitelle|Psychic|p1b: Typhlosion
|-damage|p1b: Typhlosion|60/100
|move|p2a: Politoed|Encore|p1a: Murkrow
|-start|p1a: Murkrow|Encore
|move|p1a: Murkrow|Sunny Day||[still]
|-fail|p1a: Murkrow
|move|p1b: Typhlosion|Eruption|p2b: Gothitelle|[spread] p2a,p2b
|-resisted|p2a: Politoed
|-damage|p2a: Politoed|58/100
|-damage|p2b: Gothitelle|19/100
|
|-weather|SunnyDay|[upkeep]
|-heal|p2b: Gothitelle|25/100|[from] Grassy Terrain
|-heal|p2a: Politoed|64/100|[from] Grassy Terrain
|-heal|p2a: Politoed|71/100|[from] item: Leftovers
|-heal|p1b: Typhlosion|66/100|[from] Grassy Terrain
|upkeep
|turn|7
|
|t:|1756808603
|move|p1a: Murkrow|Sunny Day||[still]
|-fail|p1a: Murkrow
|move|p2b: Gothitelle|Psychic|p1b: Typhlosion
|-damage|p1b: Typhlosion|24/100
|move|p2a: Politoed|Weather Ball|p1a: Murkrow
|-damage|p1a: Murkrow|61/100
|move|p1b: Typhlosion|Eruption|p2a: Politoed|[spread] p2a,p2b
|-resisted|p2a: Politoed
|-damage|p2a: Politoed|59/100
|-damage|p2b: Gothitelle|3/100
|
|-weather|SunnyDay|[upkeep]
|-heal|p2b: Gothitelle|9/100|[from] Grassy Terrain
|-heal|p2a: Politoed|65/100|[from] Grassy Terrain
|-heal|p2a: Politoed|72/100|[from] item: Leftovers
|-heal|p1b: Typhlosion|30/100|[from] Grassy Terrain
|-fieldend|move: Grassy Terrain
|upkeep
|turn|8
|
|t:|1756808625
|switch|p1b: Rillaboom|Rillaboom, L50, F|100/100
|-fieldstart|move: Grassy Terrain|[from] ability: Grassy Surge|[of] p1b: Rillaboom
|move|p1a: Murkrow|Sunny Day||[still]
|-fail|p1a: Murkrow
|move|p2b: Gothitelle|Psychic|p1b: Rillaboom
|-damage|p1b: Rillaboom|81/100
|move|p2a: Politoed|Weather Ball|p1a: Murkrow
|-damage|p1a: Murkrow|24/100
|
|-weather|SunnyDay|[upkeep]
|-heal|p2b: Gothitelle|15/100|[from] Grassy Terrain
|-heal|p2a: Politoed|78/100|[from] Grassy Terrain
|-heal|p2a: Politoed|84/100|[from] item: Leftovers
|-heal|p1b: Rillaboom|87/100|[from] Grassy Terrain
|-end|p1a: Murkrow|Encore
|upkeep
|turn|9
|
|t:|1756808657
|switch|p2b: Amoonguss|Amoonguss, L50, M|100/100
|-terastallize|p2a: Politoed|Grass
|move|p2a: Politoed|Encore|p1a: Murkrow
|-start|p1a: Murkrow|Encore
|move|p1a: Murkrow|Sunny Day||[still]
|-fail|p1a: Murkrow
|move|p1b: Rillaboom|U-turn|p2a: Politoed
|-supereffective|p2a: Politoed
|-damage|p2a: Politoed|33/100
|
|t:|1756808668
|switch|p1b: Typhlosion|Typhlosion-Hisui, L50, F|30/100|[from] U-turn
|
|-weather|none
|-heal|p2a: Politoed|39/100|[from] Grassy Terrain
|-heal|p2a: Politoed|45/100|[from] item: Leftovers
|-heal|p1b: Typhlosion|36/100|[from] Grassy Terrain
|-fieldend|move: Trick Room
|upkeep
|turn|10
|
|t:|1756808687
|move|p2a: Politoed|Protect|p2a: Politoed
|-singleturn|p2a: Politoed|Protect
|move|p1a: Murkrow|Sunny Day|p1a: Murkrow
|-weather|SunnyDay
|move|p1b: Typhlosion|Lava Plume|p2a: Politoed|[spread] p1a,p2b
|-activate|p2a: Politoed|move: Protect
|-supereffective|p2b: Amoonguss
|-damage|p1a: Murkrow|0 fnt
|-damage|p2b: Amoonguss|18/100
|faint|p1a: Murkrow
|-enditem|p2b: Amoonguss|Eject Button
|
|t:|1756808693
|switch|p2b: Gothitelle|Gothitelle, L50, M|15/100
|
|-weather|SunnyDay|[upkeep]
|-heal|p1b: Typhlosion|42/100|[from] Grassy Terrain
|-heal|p2a: Politoed|51/100|[from] Grassy Terrain
|-heal|p2a: Politoed|57/100|[from] item: Leftovers
|-heal|p2b: Gothitelle|21/100|[from] Grassy Terrain
|upkeep
|
|t:|1756808696
|switch|p1a: Rillaboom|Rillaboom, L50, F|87/100
|turn|11
|
|t:|1756808716
|move|p1a: Rillaboom|Fake Out|p2a: Politoed
|-damage|p2a: Politoed|44/100
|move|p2b: Gothitelle|Fake Out|p1a: Rillaboom
|-damage|p1a: Rillaboom|82/100
|move|p1b: Typhlosion|Lava Plume|p2a: Politoed|[spread] p1a,p2a,p2b
|-supereffective|p1a: Rillaboom
|-supereffective|p2a: Politoed
|-damage|p1a: Rillaboom|18/100
|-damage|p2a: Politoed|0 fnt
|-damage|p2b: Gothitelle|0 fnt
|faint|p2a: Politoed
|faint|p2b: Gothitelle
|
|-weather|SunnyDay|[upkeep]
|-heal|p1b: Typhlosion|48/100|[from] Grassy Terrain
|-heal|p1a: Rillaboom|24/100|[from] Grassy Terrain
|upkeep
|-message|letsgetfluffy forfeited.
|
|win|pablittoo
|l|☆letsgetfluffy
|player|p2|
||letsgetfluffy is ready for game 2.
||pablittoo is ready for game 2.
|uhtml|next|Next: Game 2 of 3
