|j|☆TrainerChrxs
|j|☆starlight74
|html|TrainerChrxsstarlight74    
|uhtml|bestof|Game 2 of a best-of-3
|t:|1784089486
|gametype|doubles
|player|p1|TrainerChrxs|psychic-gen4|1361
|player|p2|starlight74|anabel-gen7|1465
|gen|9
|tier|[Gen 9 Champions] VGC 2026 Reg M-B (Bo3)
|rated|
|rule|Species Clause: Limit one of each Pokémon
|rule|Item Clause: Limit 1 of each item
|clearpoke
|poke|p1|Glimmora, L50, M|
|poke|p1|Ninetales-Alola, L50, M|
|poke|p1|Rotom-Heat, L50|
|poke|p1|Gyarados, L50, F|
|poke|p1|Sinistcha, L50|
|poke|p1|Sneasler, L50, M|
|poke|p2|Froslass, L50, F|
|poke|p2|Dragonite, L50, F|
|poke|p2|Sneasler, L50, M|
|poke|p2|Kingambit, L50, F|
|poke|p2|Blaziken, L50, F|
|poke|p2|Rotom-Wash, L50|
|teampreview|4
|showteam|p1|Glimmora||Glimmoranite|ToxicDebris|SpikyShield,SludgeBomb,AncientPower,EarthPower|Timid||M|||50|]Ninetales-Alola||LightClay|SnowWarning|Protect,Blizzard,FreezeDry,AuroraVeil|Timid||M|||50|]Rotom-Heat||SitrusBerry|Levitate|Protect,Overheat,Thunderbolt,VoltSwitch|Modest|||||50|]Gyarados||Gyaradosite|Intimidate|Protect,Waterfall,Crunch,DragonDance|Jolly||F|||50|]Sinistcha||OccaBerry|Hospitality|RagePowder,MatchaGotcha,TrickRoom,LifeDew|Calm|||||50|]Sneasler||WhiteHerb|Unburden|FakeOut,DireClaw,CloseCombat,Coaching|Jolly||M|||50|
|showteam|p2|Froslass||Froslassite|CursedBody|Blizzard,ShadowBall,AuroraVeil,Protect|Timid||F|||50|]Dragonite||LifeOrb|InnerFocus|DragonClaw,ExtremeSpeed,LowKick,Protect|Adamant||F|||50|]Sneasler||FocusSash|PoisonTouch|CloseCombat,PoisonJab,FakeOut,Protect|Jolly||M|||50|]Kingambit||BlackGlasses|Defiant|KowtowCleave,IronHead,SuckerPunch,Protect|Adamant||F|||50|]Blaziken||Blazikenite|SpeedBoost|CloseCombat,FlareBlitz,RockSlide,Protect|Adamant||F|||50|]Rotom-Wash||ChoiceScarf|Levitate|Thunderbolt,VoltSwitch,HydroPump,Trick|Timid|||||50|
|inactive|Battle timer is ON: inactive players will automatically lose when time's up. (requested by starlight74)
|inactive|TrainerChrxs has 60 seconds left.
|
|t:|1784089541
|teamsize|p1|4
|teamsize|p2|4
|start
|switch|p1a: Sneasler|Sneasler, L50, M|100/100
|switch|p1b: Ninetales|Ninetales-Alola, L50, M|100/100
|switch|p2a: Rotom|Rotom-Wash, L50|100/100
|switch|p2b: Kingambit|Kingambit, L50, F|100/100
|-weather|Snowscape|[from] ability: Snow Warning|[of] p1b: Ninetales
|turn|1
|inactive|starlight74 has 30 seconds left.
|inactive|TrainerChrxs has 30 seconds left.
|inactive|starlight74 has 20 seconds left.
|inactive|starlight74 has 15 seconds left.
|
|t:|1784089584
|move|p2a: Rotom|Hydro Pump|p1a: Sneasler
|-damage|p1a: Sneasler|35/100
|move|p1a: Sneasler|Close Combat|p2b: Kingambit
|-supereffective|p2b: Kingambit|2
|-damage|p2b: Kingambit|0 fnt
|-unboost|p1a: Sneasler|def|1
|-unboost|p1a: Sneasler|spd|1
|faint|p2b: Kingambit
|-enditem|p1a: Sneasler|White Herb
|-clearnegativeboost|p1a: Sneasler|[silent]
|move|p1b: Ninetales|Freeze-Dry|p2a: Rotom
|-supereffective|p2a: Rotom|1
|-damage|p2a: Rotom|22/100
|
|-weather|Snowscape|[upkeep]
|upkeep
|
|t:|1784089589
|switch|p2b: Blaziken|Blaziken, L50, F|100/100
|turn|2
|
|t:|1784089611
|detailschange|p2b: Blaziken|Blaziken-Mega, L50, F
|-mega|p2b: Blaziken|Blaziken|Blazikenite
|move|p2b: Blaziken|Protect|p2b: Blaziken
|-singleturn|p2b: Blaziken|Protect
|move|p1a: Sneasler|Dire Claw|p2a: Rotom
|-damage|p2a: Rotom|0 fnt
|faint|p2a: Rotom
|move|p1b: Ninetales|Aurora Veil|p1b: Ninetales
|-sidestart|p1: TrainerChrxs|move: Aurora Veil
|
|-weather|Snowscape|[upkeep]
|-ability|p2b: Blaziken|Speed Boost|boost
|-boost|p2b: Blaziken|spe|1
|upkeep
|
|t:|1784089618
|switch|p2a: Dragonite|Dragonite, L50, F|100/100
|turn|3
|
|t:|1784089636
|switch|p1b: Gyarados|Gyarados, L50, F|100/100
|-ability|p1b: Gyarados|Intimidate|boost
|-fail|p2a: Dragonite|unboost|Attack|[from] ability: Inner Focus|[of] p2a: Dragonite
|-unboost|p2b: Blaziken|atk|1
|move|p2a: Dragonite|Extreme Speed|p1b: Gyarados
|-damage|p1b: Gyarados|68/100
|-damage|p2a: Dragonite|90/100|[from] item: Life Orb
|move|p1a: Sneasler|Coaching|p1b: Gyarados
|-boost|p1b: Gyarados|atk|1
|-boost|p1b: Gyarados|def|1
|move|p2b: Blaziken|Flare Blitz|p1b: Gyarados
|-resisted|p1b: Gyarados|1
|-damage|p1b: Gyarados|55/100
|-damage|p2b: Blaziken|94/100|[from] Recoil
|
|-weather|Snowscape|[upkeep]
|-ability|p2b: Blaziken|Speed Boost|boost
|-boost|p2b: Blaziken|spe|1
|upkeep
|turn|4
|
|t:|1784089651
|move|p1b: Gyarados|Protect|p1b: Gyarados
|-singleturn|p1b: Gyarados|Protect
|move|p2a: Dragonite|Extreme Speed|p1b: Gyarados
|-activate|p1b: Gyarados|move: Protect
|move|p1a: Sneasler|Coaching|p1b: Gyarados
|-boost|p1b: Gyarados|atk|1
|-boost|p1b: Gyarados|def|1
|move|p2b: Blaziken|Rock Slide|p1b: Gyarados|[spread] 
|-activate|p1b: Gyarados|move: Protect
|-miss|p2b: Blaziken|p1a: Sneasler
|
|-weather|Snowscape|[upkeep]
|-ability|p2b: Blaziken|Speed Boost|boost
|-boost|p2b: Blaziken|spe|1
|upkeep
|turn|5
|inactive|TrainerChrxs has 30 seconds left.
|
|t:|1784089681
|move|p2a: Dragonite|Extreme Speed|p1a: Sneasler
|-damage|p1a: Sneasler|0 fnt
|faint|p1a: Sneasler
|-damage|p2a: Dragonite|80/100|[from] item: Life Orb
|move|p2b: Blaziken|Close Combat|p1b: Gyarados
|-resisted|p1b: Gyarados|1
|-damage|p1b: Gyarados|44/100
|-unboost|p2b: Blaziken|def|1
|-unboost|p2b: Blaziken|spd|1
|move|p1b: Gyarados|Waterfall|p2b: Blaziken
|-supereffective|p2b: Blaziken|1
|-damage|p2b: Blaziken|0 fnt
|faint|p2b: Blaziken
|
|-weather|none
|upkeep
|-message|starlight74 forfeited.
|
|win|TrainerChrxs
