|j|☆Koraidonkoalition
|j|☆trainer piwi
|html|Koraidonkoalitiontrainer piwi    
|uhtml|bestof|Game 1 of a best-of-3
|t:|1785317875
|gametype|doubles
|player|p1|Koraidonkoalition|colress|1168
|player|p2|trainer piwi|2|1147
|gen|9
|tier|[Gen 9 Champions] VGC 2026 Reg M-B (Bo3)
|rated|
|rule|Species Clause: Limit one of each Pokémon
|rule|Item Clause: Limit 1 of each item
|clearpoke
|poke|p1|Charizard, L50, M, shiny|
|poke|p1|Sylveon, L50, F|
|poke|p1|Garchomp, L50, M|
|poke|p1|Farigiraf, L50, F|
|poke|p1|Kingambit, L50, F|
|poke|p1|Aerodactyl, L50, M|
|poke|p2|Raichu, L50, M|
|poke|p2|Ninetales-Alola, L50, M|
|poke|p2|Sneasler, L50, M|
|poke|p2|Hydreigon, L50, M|
|poke|p2|Incineroar, L50, F|
|poke|p2|Talonflame, L50, F|
|teampreview|4
|showteam|p1|Charizard||CharizarditeY|Blaze|HeatWave,WeatherBall,SolarBeam,Protect|Modest||M|||50|]Sylveon||FairyFeather|Pixilate|HyperVoice,HyperBeam,Detect,QuickAttack|Modest||F|||50|]Garchomp||LifeOrb|RoughSkin|Earthquake,DragonClaw,RockSlide,Protect|Jolly||M|||50|]Farigiraf||SitrusBerry|ArmorTail|HelpingHand,Psychic,Thunderbolt,TrickRoom|Relaxed||F|||50|]Kingambit||FocusSash|Defiant|IronHead,KowtowCleave,LowKick,SuckerPunch|Adamant||F|||50|]Aerodactyl||Aerodactylite|Unnerve|RockSlide,Tailwind,DualWingbeat,IceFang|Jolly||M|||50|
|showteam|p2|Raichu||RaichuniteY|Static|FakeOut,VoltSwitch,ZapCannon,FocusBlast|Modest||M|||50|]Ninetales-Alola||FocusSash|SnowWarning|Blizzard,FreezeDry,Protect,AuroraVeil|Timid||M|||50|]Sneasler||WhiteHerb|Unburden|FakeOut,Taunt,CloseCombat,DireClaw|Jolly||M|||50|]Hydreigon||ChoiceScarf|Levitate|DracoMeteor,Snarl,EarthPower,DarkPulse|Timid||M|||50|]Incineroar||SitrusBerry|Intimidate|FakeOut,DarkestLariat,FlareBlitz,PartingShot|Adamant||F|||50|]Talonflame||SharpBeak|GaleWings|Tailwind,Taunt,DualWingbeat,WillOWisp|Impish||F|||50|
|
|t:|1785317933
|teamsize|p1|4
|teamsize|p2|4
|start
|switch|p1a: Sylveon|Sylveon, L50, F|100/100
|switch|p1b: Farigiraf|Farigiraf, L50, F|100/100
|switch|p2a: Incineroar|Incineroar, L50, F|100/100
|switch|p2b: Talonflame|Talonflame, L50, F|100/100
|-ability|p2a: Incineroar|Intimidate|boost
|-unboost|p1a: Sylveon|atk|1
|-unboost|p1b: Farigiraf|atk|1
|turn|1
|inactive|Battle timer is ON: inactive players will automatically lose when time's up. (requested by trainer piwi)
|inactive|trainer piwi has 60 seconds left.
|
|t:|1785317969
|switch|p1b: Aerodactyl|Aerodactyl, L50, M|100/100
|-ability|p1b: Aerodactyl|Unnerve
|move|p2b: Talonflame|Taunt|p1b: Aerodactyl
|-start|p1b: Aerodactyl|move: Taunt
|move|p1a: Sylveon|Hyper Voice|p2b: Talonflame|[spread] p2a,p2b
|-crit|p2a: Incineroar
|-resisted|p2b: Talonflame|1
|-damage|p2a: Incineroar|31/100
|-damage|p2b: Talonflame|70/100
|move|p2a: Incineroar|Flare Blitz|p1a: Sylveon
|-damage|p1a: Sylveon|32/100
|-damage|p2a: Incineroar|10/100|[from] Recoil
|
|upkeep
|turn|2
|inactive|trainer piwi has 30 seconds left.
|inactive|trainer piwi has 20 seconds left.
|inactive|trainer piwi has 15 seconds left.
|inactive|trainer piwi has 10 seconds left.
|
|t:|1785318018
|switch|p2a: Hydreigon|Hydreigon, L50, M|100/100
|move|p1b: Aerodactyl|Rock Slide|p2a: Hydreigon|[spread] 
|-miss|p1b: Aerodactyl|p2a: Hydreigon
|-miss|p1b: Aerodactyl|p2b: Talonflame
|move|p2b: Talonflame|Will-O-Wisp|p1b: Aerodactyl
|-status|p1b: Aerodactyl|brn
|move|p1a: Sylveon|Hyper Voice|p2b: Talonflame|[spread] p2a,p2b
|-supereffective|p2a: Hydreigon|2
|-resisted|p2b: Talonflame|1
|-damage|p2a: Hydreigon|0 fnt
|-damage|p2b: Talonflame|40/100
|faint|p2a: Hydreigon
|
|-damage|p1b: Aerodactyl|94/100 brn|[from] brn
|upkeep
|
|t:|1785318036
|switch|p2a: Sneasler|Sneasler, L50, M|100/100
|turn|3
|
|t:|1785318051
|switch|p1a: Farigiraf|Farigiraf, L50, F|100/100
|move|p1b: Aerodactyl|Rock Slide|p2b: Talonflame|[spread] p2a,p2b
|-resisted|p2a: Sneasler|1
|-supereffective|p2b: Talonflame|2
|-damage|p2a: Sneasler|88/100
|-damage|p2b: Talonflame|0 fnt
|faint|p2b: Talonflame
|move|p2a: Sneasler|Close Combat|p1a: Farigiraf
|-damage|p1a: Farigiraf|47/100
|-unboost|p2a: Sneasler|def|1
|-unboost|p2a: Sneasler|spd|1
|-enditem|p1a: Farigiraf|Sitrus Berry|[eat]
|-heal|p1a: Farigiraf|72/100|[from] item: Sitrus Berry
|-enditem|p2a: Sneasler|White Herb
|-clearnegativeboost|p2a: Sneasler|[silent]
|
|-damage|p1b: Aerodactyl|88/100 brn|[from] brn
|-end|p1b: Aerodactyl|move: Taunt
|upkeep
|
|t:|1785318070
|switch|p2b: Incineroar|Incineroar, L50, F|10/100
|-ability|p2b: Incineroar|Intimidate|boost
|-unboost|p1a: Farigiraf|atk|1
|-unboost|p1b: Aerodactyl|atk|1
|turn|4
|
|t:|1785318083
|move|p2a: Sneasler|Close Combat|p1b: Aerodactyl
|-damage|p1b: Aerodactyl|0 fnt
|-unboost|p2a: Sneasler|def|1
|-unboost|p2a: Sneasler|spd|1
|-enditem|p2b: Incineroar|Sitrus Berry|[eat]
|-heal|p2b: Incineroar|35/100|[from] item: Sitrus Berry
|faint|p1b: Aerodactyl
|move|p2b: Incineroar|Darkest Lariat|p1a: Farigiraf
|-supereffective|p1a: Farigiraf|1
|-crit|p1a: Farigiraf
|-damage|p1a: Farigiraf|0 fnt
|faint|p1a: Farigiraf
|
|upkeep
|
|t:|1785318093
|switch|p1b: Sylveon|Sylveon, L50, F|32/100
|switch|p1a: Kingambit|Kingambit, L50, F|100/100
|turn|5
|
|t:|1785318107
|move|p1a: Kingambit|Sucker Punch|p2a: Sneasler
|-resisted|p2a: Sneasler|1
|-damage|p2a: Sneasler|36/100
|move|p1b: Sylveon|Quick Attack|p2a: Sneasler
|-damage|p2a: Sneasler|1/100
|move|p2a: Sneasler|Dire Claw|p1b: Sylveon
|-supereffective|p1b: Sylveon|1
|-damage|p1b: Sylveon|0 fnt
|faint|p1b: Sylveon
|move|p2b: Incineroar|Flare Blitz|p1a: Kingambit
|-supereffective|p1a: Kingambit|1
|-enditem|p1a: Kingambit|Focus Sash
|-damage|p1a: Kingambit|1/100
|-damage|p2b: Incineroar|6/100|[from] Recoil
|
|upkeep
|turn|6
|-message|Koraidonkoalition forfeited.
|
|win|trainer piwi
