|j|☆Aketzagar18
|j|☆xander.62
|html|Aketzagar18xander.62    
|uhtml|bestof|Game 3 of a best-of-3
|t:|1783877573
|gametype|doubles
|player|p1|Aketzagar18|1|1000
|player|p2|xander.62|2|1049
|gen|9
|tier|[Gen 9 Champions] VGC 2026 Reg M-B (Bo3)
|rated|
|rule|Species Clause: Limit one of each Pokémon
|rule|Item Clause: Limit 1 of each item
|clearpoke
|poke|p1|Incineroar, L50, F|
|poke|p1|Maushold, L50|
|poke|p1|Sinistcha, L50|
|poke|p1|Sneasler, L50, F|
|poke|p1|Blastoise, L50, F|
|poke|p1|Delphox, L50, F|
|poke|p2|Staraptor, L50, M|
|poke|p2|Grimmsnarl, L50, M|
|poke|p2|Garchomp, L50, M|
|poke|p2|Gholdengo, L50|
|poke|p2|Delphox, L50, M|
|poke|p2|Whimsicott, L50, M|
|teampreview|4
|showteam|p1|Incineroar||SitrusBerry|Intimidate|FakeOut,FlareBlitz,ThroatChop,PartingShot|Impish||F|||50|]Maushold||ChopleBerry|FriendGuard|SuperFang,Feint,FollowMe,Protect|Impish|||||50|]Sinistcha||KasibBerry|Hospitality|MatchaGotcha,LifeDew,RagePowder,Protect|Bold|||||50|]Sneasler||FocusSash|PoisonTouch|FakeOut,CloseCombat,DireClaw,QuickGuard|Jolly||F|||50|]Blastoise||Blastoisinite|RainDish|WaterSpout,DarkPulse,ShellSmash,Protect|Modest||F|||50|]Delphox||Delphoxite|Blaze|HeatWave,Psyshock,NastyPlot,Protect|Timid||F|||50|
|showteam|p2|Staraptor||Staraptite|Intimidate|CloseCombat,BraveBird,Protect,Roost|Jolly||M|||50|]Grimmsnarl||LightClay|Prankster|FoulPlay,PartingShot,Reflect,LightScreen|Impish||M|||50|]Garchomp||LifeOrb|SandVeil|DragonClaw,RockSlide,Earthquake,Protect|Jolly||M|||50|]Gholdengo||ChoiceScarf|GoodasGold|FlashCannon,ShadowBall,PowerGem,Thunderbolt|Modest|||||50|]Delphox||Delphoxite|Magician|Psychic,HeatWave,NastyPlot,Protect|Timid||M|||50|]Whimsicott||FocusSash|Prankster|Moonblast,Tailwind,Charm,Protect|Timid||M|||50|
|inactive|Battle timer is ON: inactive players will automatically lose when time's up. (requested by Aketzagar18)
|inactive|Aketzagar18 has 60 seconds left.
|inactive|xander.62 has 60 seconds left.
|
|t:|1783877614
|teamsize|p1|4
|teamsize|p2|4
|start
|switch|p1a: Incineroar|Incineroar, L50, F|100/100
|switch|p1b: Delphox|Delphox, L50, F|100/100
|switch|p2a: Gholdengo|Gholdengo, L50|100/100
|switch|p2b: Staraptor|Staraptor, L50, M|100/100
|-ability|p2b: Staraptor|Intimidate|boost
|-unboost|p1a: Incineroar|atk|1
|-unboost|p1b: Delphox|atk|1
|-ability|p1a: Incineroar|Intimidate|boost
|-unboost|p2a: Gholdengo|atk|1
|-unboost|p2b: Staraptor|atk|1
|turn|1
|inactive|Aketzagar18 has 30 seconds left.
|inactive|xander.62 has 30 seconds left.
|inactive|Aketzagar18 has 20 seconds left.
|inactive|Aketzagar18 has 15 seconds left.
|inactive|xander.62 has 20 seconds left.
|inactive|Aketzagar18 has 10 seconds left.
|
|t:|1783877661
|detailschange|p1b: Delphox|Delphox-Mega, L50, F
|-mega|p1b: Delphox|Delphox|Delphoxite
|move|p1a: Incineroar|Fake Out|p2b: Staraptor
|-damage|p2b: Staraptor|90/100
|move|p2a: Gholdengo|Power Gem|p1b: Delphox
|-supereffective|p1b: Delphox|1
|-damage|p1b: Delphox|44/100
|move|p1b: Delphox|Heat Wave|p2a: Gholdengo|[spread] p2a,p2b
|-supereffective|p2a: Gholdengo|1
|-damage|p2a: Gholdengo|12/100
|-damage|p2b: Staraptor|32/100
|cant|p2b: Staraptor|flinch
|
|upkeep
|turn|2
|inactive|xander.62 has 30 seconds left.
|
|t:|1783877691
|switch|p1a: Sinistcha|Sinistcha, L50|100/100
|-heal|p1b: Delphox|69/100|[from] ability: Hospitality|[of] p1a: Sinistcha
|detailschange|p2b: Staraptor|Staraptor-Mega, L50, M
|-mega|p2b: Staraptor|Staraptor|Staraptite
|move|p2a: Gholdengo|Power Gem|p1b: Delphox
|-supereffective|p1b: Delphox|1
|-damage|p1b: Delphox|16/100
|move|p1b: Delphox|Heat Wave|p2a: Gholdengo|[spread] p2a
|-miss|p1b: Delphox|p2b: Staraptor
|-supereffective|p2a: Gholdengo|1
|-damage|p2a: Gholdengo|0 fnt
|faint|p2a: Gholdengo
|move|p2b: Staraptor|Close Combat|p1a: Sinistcha
|-immune|p1a: Sinistcha
|
|upkeep
|
|t:|1783877695
|switch|p2a: Garchomp|Garchomp, L50, M|100/100
|turn|3
|inactive|Aketzagar18 has 30 seconds left.
|inactive|Aketzagar18 has 20 seconds left.
|
|t:|1783877732
|move|p2b: Staraptor|Protect|p2b: Staraptor
|-singleturn|p2b: Staraptor|Protect
|move|p1b: Delphox|Heat Wave|p2b: Staraptor|[spread] p2a
|-activate|p2b: Staraptor|move: Protect
|-resisted|p2a: Garchomp|1
|-damage|p2a: Garchomp|81/100
|move|p2a: Garchomp|Rock Slide|p1b: Delphox|[spread] p1a,p1b
|-supereffective|p1b: Delphox|1
|-damage|p1a: Sinistcha|76/100
|-damage|p1b: Delphox|0 fnt
|faint|p1b: Delphox
|-damage|p2a: Garchomp|71/100|[from] item: Life Orb
|cant|p1a: Sinistcha|flinch
|
|upkeep
|
|t:|1783877748
|switch|p1b: Blastoise|Blastoise, L50, F|100/100
|turn|4
|
|t:|1783877759
|move|p1a: Sinistcha|Rage Powder|p1a: Sinistcha
|-singleturn|p1a: Sinistcha|move: Rage Powder
|move|p2b: Staraptor|Close Combat|p1a: Sinistcha
|-immune|p1a: Sinistcha
|move|p2a: Garchomp|Rock Slide|p1b: Blastoise|[spread] p1a,p1b
|-damage|p1a: Sinistcha|55/100
|-damage|p1b: Blastoise|68/100
|-damage|p2a: Garchomp|61/100|[from] item: Life Orb
|cant|p1b: Blastoise|flinch
|
|upkeep
|turn|5
|c|☆xander.62|top
|
|t:|1783877779
|move|p1a: Sinistcha|Rage Powder|p1a: Sinistcha
|-singleturn|p1a: Sinistcha|move: Rage Powder
|move|p2b: Staraptor|Brave Bird|p1a: Sinistcha
|-supereffective|p1a: Sinistcha|1
|-damage|p1a: Sinistcha|0 fnt
|faint|p1a: Sinistcha
|-damage|p2b: Staraptor|12/100|[from] Recoil
|move|p2a: Garchomp|Rock Slide|p1b: Blastoise|[miss]
|-miss|p2a: Garchomp|p1b: Blastoise
|move|p1b: Blastoise|Water Spout|p2a: Garchomp|[spread] p2a,p2b
|-damage|p2a: Garchomp|27/100
|-damage|p2b: Staraptor|0 fnt
|faint|p2b: Staraptor
|
|upkeep
|
|t:|1783877796
|switch|p2b: Whimsicott|Whimsicott, L50, M|100/100
|switch|p1a: Incineroar|Incineroar, L50, F|100/100
|-ability|p1a: Incineroar|Intimidate|boost
|-unboost|p2a: Garchomp|atk|1
|-unboost|p2b: Whimsicott|atk|1
|turn|6
|
|t:|1783877820
|move|p2a: Garchomp|Protect|p2a: Garchomp
|-singleturn|p2a: Garchomp|Protect
|move|p1a: Incineroar|Fake Out|p2a: Garchomp
|-activate|p2a: Garchomp|move: Protect
|move|p2b: Whimsicott|Moonblast|p1a: Incineroar
|-damage|p1a: Incineroar|68/100
|move|p1b: Blastoise|Shell Smash|p1b: Blastoise
|-unboost|p1b: Blastoise|def|1
|-unboost|p1b: Blastoise|spd|1
|-boost|p1b: Blastoise|atk|2
|-boost|p1b: Blastoise|spa|2
|-boost|p1b: Blastoise|spe|2
|
|upkeep
|turn|7
|
|t:|1783877830
|move|p2b: Whimsicott|Tailwind|p2b: Whimsicott
|-sidestart|p2: xander.62|move: Tailwind
|move|p2a: Garchomp|Earthquake|p1b: Blastoise|[spread] p2b,p1a,p1b
|-resisted|p2b: Whimsicott|1
|-supereffective|p1a: Incineroar|1
|-damage|p2b: Whimsicott|77/100
|-damage|p1a: Incineroar|21/100
|-damage|p1b: Blastoise|6/100
|-enditem|p1a: Incineroar|Sitrus Berry|[eat]
|-heal|p1a: Incineroar|46/100|[from] item: Sitrus Berry
|-damage|p2a: Garchomp|17/100|[from] item: Life Orb
|move|p1b: Blastoise|Dark Pulse|p2a: Garchomp
|-damage|p2a: Garchomp|0 fnt
|faint|p2a: Garchomp
|move|p1a: Incineroar|Flare Blitz|p2b: Whimsicott
|-supereffective|p2b: Whimsicott|1
|-damage|p2b: Whimsicott|0 fnt
|faint|p2b: Whimsicott
|-damage|p1a: Incineroar|29/100|[from] Recoil
|
|win|Aketzagar18
|raw|Aketzagar18's rating: 1000 → 1046(+46 for winning)
|raw|xander.62's rating: 1049 → 1029(-20 for losing)
|c|☆xander.62|ggs
|c|☆Aketzagar18|gg
|c|☆Aketzagar18|close game
|c|☆Aketzagar18|bro
|c|☆xander.62|yes
|c|☆Aketzagar18|gl
