|j|☆mugaovgc
|j|☆asefito
|html|mugaovgcasefito    
|uhtml|bestof|Game 2 of a best-of-3
|t:|1783454305
|gametype|doubles
|player|p1|mugaovgc|170|1127
|player|p2|asefito|winona|1116
|gen|9
|tier|[Gen 9 Champions] VGC 2026 Reg M-B (Bo3)
|rated|
|rule|Species Clause: Limit one of each Pokémon
|rule|Item Clause: Limit 1 of each item
|clearpoke
|poke|p1|Floette-Eternal, L50, F|
|poke|p1|Incineroar, L50, F|
|poke|p1|Garchomp, L50, F|
|poke|p1|Maushold-Four, L50|
|poke|p1|Sinistcha, L50|
|poke|p1|Delphox, L50, M|
|poke|p2|Incineroar, L50, F|
|poke|p2|Basculegion, L50, M|
|poke|p2|Tinkaton, L50, F, shiny|
|poke|p2|Floette-Eternal, L50, F, shiny|
|poke|p2|Kingambit, L50, F|
|poke|p2|Sneasler, L50, F, shiny|
|teampreview|4
|showteam|p1|Floette-Eternal||Floettite|FlowerVeil|DazzlingGleam,DrainingKiss,Protect,CalmMind|Modest||F|||50|]Incineroar||SitrusBerry|Intimidate|FlareBlitz,PartingShot,FakeOut,WillOWisp|Careful||F|||50|]Garchomp||ChoiceScarf|RoughSkin|Earthquake,DragonClaw,RockSlide,StompingTantrum|Jolly||F|||50|]Maushold-Four||FocusSash|FriendGuard|HelpingHand,SuperFang,FollowMe,Protect|Timid|||||50|]Sinistcha||CobaBerry|Hospitality|GigaDrain,TrickRoom,RagePowder,LifeDew|Relaxed|||||50|]Delphox||Delphoxite|Blaze|HeatWave,Psyshock,Substitute,CalmMind|Timid||M|||50|
|showteam|p2|Incineroar||SitrusBerry|Intimidate|FlareBlitz,DarkestLariat,PartingShot,FakeOut|Careful||F|||50|]Basculegion||ChoiceScarf|Adaptability|WaveCrash,LastRespects,FlipTurn,AquaJet|Jolly||M|||50|]Tinkaton||Leftovers|MoldBreaker|GigatonHammer,PlayRough,BrickBreak,FakeOut|Adamant||F|||50|]Floette-Eternal||Floettite|FlowerVeil|Moonblast,DazzlingGleam,CalmMind,Protect|Modest||F|||50|]Kingambit||LifeOrb|Defiant|KowtowCleave,SuckerPunch,SwordsDance,Protect|Adamant||F|||50|]Sneasler||FocusSash|PoisonTouch|CloseCombat,DireClaw,Feint,FakeOut|Jolly||F|||50|
|
|t:|1783454328
|teamsize|p1|4
|teamsize|p2|4
|start
|switch|p1a: Maushold|Maushold-Four, L50|100/100
|switch|p1b: Delphox|Delphox, L50, M|100/100
|switch|p2a: Kingambit|Kingambit, L50, F|100/100
|switch|p2b: Incineroar|Incineroar, L50, F|100/100
|-ability|p2b: Incineroar|Intimidate|boost
|-unboost|p1a: Maushold|atk|1
|-unboost|p1b: Delphox|atk|1
|turn|1
|
|t:|1783454339
|switch|p1b: Garchomp|Garchomp, L50, F|100/100
|move|p1a: Maushold|Protect|p1a: Maushold
|-singleturn|p1a: Maushold|Protect
|move|p2b: Incineroar|Fake Out|p1b: Garchomp
|-damage|p1b: Garchomp|92/100
|-damage|p2b: Incineroar|87/100|[from] ability: Rough Skin|[of] p1b: Garchomp
|move|p2a: Kingambit|Swords Dance|p2a: Kingambit
|-boost|p2a: Kingambit|atk|2
|
|upkeep
|turn|2
|
|t:|1783454348
|switch|p2b: Basculegion|Basculegion, L50, M|100/100
|move|p2a: Kingambit|Protect|p2a: Kingambit
|-singleturn|p2a: Kingambit|Protect
|move|p1a: Maushold|Follow Me|p1a: Maushold
|-singleturn|p1a: Maushold|move: Follow Me
|move|p1b: Garchomp|Earthquake|p2a: Kingambit|[spread] p1a,p2b
|-activate|p2a: Kingambit|move: Protect
|-damage|p1a: Maushold|58/100
|-damage|p2b: Basculegion|47/100
|
|upkeep
|turn|3
|
|t:|1783454361
|move|p1a: Maushold|Follow Me|p1a: Maushold
|-singleturn|p1a: Maushold|move: Follow Me
|move|p1b: Garchomp|Earthquake|p2b: Basculegion|[spread] p1a,p2a,p2b
|-crit|p1a: Maushold
|-supereffective|p2a: Kingambit|1
|-damage|p1a: Maushold|0 fnt
|-damage|p2a: Kingambit|46/100
|-damage|p2b: Basculegion|0 fnt
|faint|p1a: Maushold
|faint|p2b: Basculegion
|move|p2a: Kingambit|Kowtow Cleave|p1b: Garchomp
|-damage|p1b: Garchomp|0 fnt
|-damage|p2a: Kingambit|34/100|[from] ability: Rough Skin|[of] p1b: Garchomp
|faint|p1b: Garchomp
|-damage|p2a: Kingambit|25/100|[from] item: Life Orb
|
|upkeep
|
|t:|1783454370
|switch|p1b: Sinistcha|Sinistcha, L50|100/100
|switch|p1a: Delphox|Delphox, L50, M|100/100
|switch|p2b: Incineroar|Incineroar, L50, F|87/100
|-ability|p2b: Incineroar|Intimidate|boost
|-unboost|p1a: Delphox|atk|1
|-unboost|p1b: Sinistcha|atk|1
|turn|4
|
|t:|1783454381
|detailschange|p1a: Delphox|Delphox-Mega, L50, M
|-mega|p1a: Delphox|Delphox|Delphoxite
|move|p2b: Incineroar|Fake Out|p1a: Delphox
|-damage|p1a: Delphox|82/100
|cant|p1a: Delphox|flinch
|move|p1b: Sinistcha|Giga Drain|p1a: Delphox
|-resisted|p1a: Delphox|1
|-damage|p1a: Delphox|68/100
|move|p2a: Kingambit|Kowtow Cleave|p1a: Delphox
|-supereffective|p1a: Delphox|1
|-damage|p1a: Delphox|0 fnt
|faint|p1a: Delphox
|-damage|p2a: Kingambit|15/100|[from] item: Life Orb
|
|upkeep
|turn|5
|-message|mugaovgc forfeited.
|
|win|asefito
|raw|mugaovgc's rating: 1127 → 1101(-26 for losing)
|raw|asefito's rating: 1116 → 1142(+26 for winning)
|l|☆mugaovgc
|player|p1|
