|j|☆ZeGaboVGC
|j|☆Goodwyn
|html|ZeGaboVGCGoodwyn    
|uhtml|bestof|Game 2 of a best-of-3
|t:|1756732766
|gametype|doubles
|player|p1|ZeGaboVGC|benga|1203
|player|p2|Goodwyn|265|1170
|gen|9
|tier|[Gen 9] VGC 2025 Reg H (Bo3)
|rated|
|rule|Species Clause: Limit one of each Pokémon
|rule|Item Clause: Limit 1 of each item
|clearpoke
|poke|p1|Incineroar, L50, F|
|poke|p1|Amoonguss, L50, M|
|poke|p1|Ursaluna-Bloodmoon, L50, M|
|poke|p1|Sneasler, L50, F|
|poke|p1|Gholdengo, L50|
|poke|p1|Dragonite, L50, M|
|poke|p2|Indeedee, L50, M|
|poke|p2|Sneasler, L50, M|
|poke|p2|Tyranitar, L50, M|
|poke|p2|Excadrill, L50, M|
|poke|p2|Annihilape, L50, M|
|poke|p2|Volcarona, L50, M|
|teampreview|4
|showteam|p1|Incineroar||SafetyGoggles|Intimidate|FlareBlitz,KnockOff,PartingShot,FakeOut|||F|||50|,,,,,Ghost]Amoonguss||SitrusBerry|Regenerator|Spore,RagePowder,PollenPuff,Protect|||M|||50|,,,,,Dark]Ursaluna-Bloodmoon||AssaultVest|MindsEye|HyperVoice,BloodMoon,EarthPower,VacuumWave|||M|||50|,,,,,Water]Sneasler||FocusSash|Unburden|CloseCombat,DireClaw,ThroatChop,Protect|||F|||50|,,,,,Stellar]Gholdengo||LifeOrb|GoodasGold|MakeItRain,ShadowBall,NastyPlot,Protect||||||50|,,,,,Water]Dragonite||LoadedDice|Multiscale|ScaleShot,Tailwind,Haze,Protect|||M|||50|,,,,,Fairy
|showteam|p2|Indeedee||ChoiceScarf|PsychicSurge|ExpandingForce,TeraBlast,Trick,Protect|||M|||50|,,,,,Psychic]Sneasler||PsychicSeed|Unburden|DireClaw,CloseCombat,ThroatChop,Protect|||M|||50|,,,,,Dark]Tyranitar||AssaultVest|SandStream|RockSlide,KnockOff,TeraBlast,LowKick|||M|||50|,,,,,Flying]Excadrill||FocusSash|SandRush|Earthquake,HighHorsepower,IronHead,Protect|||M|||50|,,,,,Stellar]Annihilape||SafetyGoggles|Defiant|RageFist,CloseCombat,Taunt,FinalGambit|||M|||50|,,,,,Fire]Volcarona||Leftovers|FlameBody|TeraBlast,HeatWave,QuiverDance,Protect|||M|||50|,,,,,Water
|inactive|Battle timer is ON: inactive players will automatically lose when time's up. (requested by ZeGaboVGC)
|inactive|ZeGaboVGC has 60 seconds left.
|
|t:|1756732798
|teamsize|p1|4
|teamsize|p2|4
|start
|switch|p1a: Amoonguss|Amoonguss, L50, M|100/100
|switch|p1b: Dragonite|Dragonite, L50, M|100/100
|switch|p2a: Annihilape|Annihilape, L50, M|100/100
|switch|p2b: Indeedee|Indeedee, L50, M|100/100
|-fieldstart|move: Psychic Terrain|[from] ability: Psychic Surge|[of] p2b: Indeedee
|turn|1
|inactive|Goodwyn has 30 seconds left.
|
|t:|1756732830
|move|p1b: Dragonite|Protect|p1b: Dragonite
|-singleturn|p1b: Dragonite|Protect
|move|p1a: Amoonguss|Protect|p1a: Amoonguss
|-singleturn|p1a: Amoonguss|Protect
|move|p2b: Indeedee|Expanding Force|p1a: Amoonguss|[spread] 
|-activate|p1a: Amoonguss|move: Protect
|-activate|p1b: Dragonite|move: Protect
|move|p2a: Annihilape|Taunt|p1a: Amoonguss
|-activate|p1a: Amoonguss|move: Protect
|
|upkeep
|turn|2
|j| k3951
|inactive|Goodwyn has 30 seconds left.
|
|t:|1756732857
|-terastallize|p1a: Amoonguss|Dark
|move|p1a: Amoonguss|Rage Powder|p1a: Amoonguss
|-singleturn|p1a: Amoonguss|move: Rage Powder
|move|p2b: Indeedee|Expanding Force|p1b: Dragonite|[spread] p1b
|-immune|p1a: Amoonguss
|-damage|p1b: Dragonite|73/100
|move|p2a: Annihilape|Taunt|p1a: Amoonguss
|-start|p1a: Amoonguss|move: Taunt
|move|p1b: Dragonite|Tailwind|p1b: Dragonite
|-sidestart|p1: ZeGaboVGC|move: Tailwind
|
|upkeep
|turn|3
|inactive|Goodwyn has 30 seconds left.
|inactive|ZeGaboVGC has 30 seconds left.
|
|t:|1756732896
|switch|p2b: Tyranitar|Tyranitar, L50, M|100/100
|-weather|Sandstorm|[from] ability: Sand Stream|[of] p2b: Tyranitar
|move|p1b: Dragonite|Scale Shot|p2a: Annihilape
|-damage|p2a: Annihilape|85/100
|-damage|p2a: Annihilape|70/100
|-damage|p2a: Annihilape|56/100
|-damage|p2a: Annihilape|41/100
|-hitcount|p2a: Annihilape|4
|-unboost|p1b: Dragonite|def|1
|-boost|p1b: Dragonite|spe|1
|move|p2a: Annihilape|Close Combat|p1a: Amoonguss
|-supereffective|p1a: Amoonguss
|-damage|p1a: Amoonguss|18/100
|-unboost|p2a: Annihilape|def|1
|-unboost|p2a: Annihilape|spd|1
|-enditem|p1a: Amoonguss|Sitrus Berry|[eat]
|-heal|p1a: Amoonguss|43/100|[from] item: Sitrus Berry
|move|p1a: Amoonguss|Pollen Puff|p1b: Dragonite
|-heal|p1b: Dragonite|100/100
|
|-weather|Sandstorm|[upkeep]
|-damage|p1b: Dragonite|95/100|[from] Sandstorm
|-damage|p1a: Amoonguss|37/100|[from] Sandstorm
|upkeep
|turn|4
|inactive|ZeGaboVGC has 30 seconds left.
|inactive|Goodwyn has 30 seconds left.
|inactive|Goodwyn has 20 seconds left.
|
|t:|1756732936
|switch|p2a: Excadrill|Excadrill, L50, M|100/100
|switch|p1a: Incineroar|Incineroar, L50, F|100/100
|-ability|p1a: Incineroar|Intimidate|boost
|-unboost|p2a: Excadrill|atk|1
|-unboost|p2b: Tyranitar|atk|1
|move|p1b: Dragonite|Scale Shot|p2a: Excadrill
|-resisted|p2a: Excadrill
|-damage|p2a: Excadrill|90/100
|-resisted|p2a: Excadrill
|-damage|p2a: Excadrill|80/100
|-resisted|p2a: Excadrill
|-damage|p2a: Excadrill|70/100
|-resisted|p2a: Excadrill
|-damage|p2a: Excadrill|60/100
|-resisted|p2a: Excadrill
|-damage|p2a: Excadrill|50/100
|-hitcount|p2a: Excadrill|5
|-unboost|p1b: Dragonite|def|1
|-boost|p1b: Dragonite|spe|1
|move|p2b: Tyranitar|Low Kick|p1a: Incineroar
|-supereffective|p1a: Incineroar
|-damage|p1a: Incineroar|68/100
|
|-weather|Sandstorm|[upkeep]
|-damage|p1b: Dragonite|89/100|[from] Sandstorm
|upkeep
|turn|5
|inactive|ZeGaboVGC has 30 seconds left.
|inactive|Goodwyn has 30 seconds left.
|
|t:|1756732973
|move|p1b: Dragonite|Protect|p1b: Dragonite
|-singleturn|p1b: Dragonite|Protect
|move|p2a: Excadrill|Protect|p2a: Excadrill
|-singleturn|p2a: Excadrill|Protect
|move|p1a: Incineroar|Parting Shot|p2b: Tyranitar
|-unboost|p2b: Tyranitar|atk|1
|-unboost|p2b: Tyranitar|spa|1
|
|t:|1756732980
|switch|p1a: Amoonguss|Amoonguss, L50, M, tera:Dark|70/100|[from] Parting Shot
|move|p2b: Tyranitar|Knock Off|p1b: Dragonite
|-activate|p1b: Dragonite|move: Protect
|
|-weather|Sandstorm|[upkeep]
|-damage|p1b: Dragonite|83/100|[from] Sandstorm
|-damage|p1a: Amoonguss|64/100|[from] Sandstorm
|-sideend|p1: ZeGaboVGC|move: Tailwind
|-fieldend|move: Psychic Terrain
|upkeep
|turn|6
|inactive|Goodwyn has 30 seconds left.
|inactive|ZeGaboVGC has 30 seconds left.
|inactive|ZeGaboVGC has 20 seconds left.
|inactive|ZeGaboVGC has 15 seconds left.
|inactive|ZeGaboVGC has 10 seconds left.
|inactive|ZeGaboVGC has 5 seconds left.
|
|t:|1756733037
|switch|p1a: Incineroar|Incineroar, L50, F|68/100
|-ability|p1a: Incineroar|Intimidate|boost
|-unboost|p2a: Excadrill|atk|1
|-unboost|p2b: Tyranitar|atk|1
|move|p2a: Excadrill|High Horsepower|p1a: Incineroar
|-supereffective|p1a: Incineroar
|-damage|p1a: Incineroar|19/100
|move|p1b: Dragonite|Tailwind|p1b: Dragonite
|-sidestart|p1: ZeGaboVGC|move: Tailwind
|move|p2b: Tyranitar|Low Kick|p1a: Incineroar
|-supereffective|p1a: Incineroar
|-damage|p1a: Incineroar|0 fnt
|faint|p1a: Incineroar
|
|-weather|Sandstorm|[upkeep]
|-damage|p1b: Dragonite|77/100|[from] Sandstorm
|upkeep
|
|t:|1756733055
|switch|p1a: Sneasler|Sneasler, L50, F|100/100
|turn|7
|inactive|ZeGaboVGC has 30 seconds left.
|
|t:|1756733082
|switch|p1b: Amoonguss|Amoonguss, L50, M, tera:Dark|97/100
|switch|p2a: Annihilape|Annihilape, L50, M|41/100
|-terastallize|p2b: Tyranitar|Flying
|move|p1a: Sneasler|Dire Claw|p2b: Tyranitar
|-damage|p2b: Tyranitar|66/100
|move|p2b: Tyranitar|Knock Off|p1b: Amoonguss
|-resisted|p1b: Amoonguss
|-damage|p1b: Amoonguss|91/100
|
|-weather|none
|upkeep
|turn|8
|inactive|ZeGaboVGC has 30 seconds left.
|inactive|Goodwyn has 30 seconds left.
|
|t:|1756733112
|switch|p2b: Indeedee|Indeedee, L50, M|100/100
|-fieldstart|move: Psychic Terrain|[from] ability: Psychic Surge|[of] p2b: Indeedee
|move|p1a: Sneasler|Throat Chop|p2a: Annihilape
|-damage|p2a: Annihilape|11/100
|-start|p2a: Annihilape|Throat Chop|[silent]
|move|p2a: Annihilape|Taunt|p1b: Amoonguss
|-start|p1b: Amoonguss|move: Taunt
|cant|p1b: Amoonguss|move: Taunt|Spore
|
|upkeep
|turn|9
|inactive|ZeGaboVGC has 30 seconds left.
|
|t:|1756733144
|switch|p2a: Tyranitar|Tyranitar, L50, M, tera:Flying|66/100
|-weather|Sandstorm|[from] ability: Sand Stream|[of] p2a: Tyranitar
|move|p1a: Sneasler|Throat Chop|p2a: Tyranitar
|-damage|p2a: Tyranitar|44/100
|-start|p2a: Tyranitar|Throat Chop|[silent]
|move|p2b: Indeedee|Trick|p1b: Amoonguss
|-activate|p2b: Indeedee|move: Trick|[of] p1b: Amoonguss
|-item|p1b: Amoonguss|Choice Scarf|[from] move: Trick
|-enditem|p2b: Indeedee|Choice Scarf|[silent]|[from] move: Trick
|move|p1b: Amoonguss|Pollen Puff|p2b: Indeedee
|-supereffective|p2b: Indeedee
|-damage|p2b: Indeedee|50/100
|
|-weather|Sandstorm|[upkeep]
|-damage|p1a: Sneasler|95/100|[from] Sandstorm
|-damage|p2b: Indeedee|44/100|[from] Sandstorm
|-damage|p1b: Amoonguss|85/100|[from] Sandstorm
|-damage|p2a: Tyranitar|39/100|[from] Sandstorm
|-sideend|p1: ZeGaboVGC|move: Tailwind
|upkeep
|turn|10
|inactive|ZeGaboVGC has 30 seconds left.
|inactive|Goodwyn has 30 seconds left.
|inactive|ZeGaboVGC has 20 seconds left.
|inactive|ZeGaboVGC has 15 seconds left.
|inactive|ZeGaboVGC has 10 seconds left.
|
|t:|1756733192
|switch|p1a: Dragonite|Dragonite, L50, M|77/100
|move|p2b: Indeedee|Expanding Force|p1a: Dragonite|[spread] p1a
|-immune|p1b: Amoonguss
|-damage|p1a: Dragonite|16/100
|move|p2a: Tyranitar|Rock Slide|p1a: Dragonite|[spread] p1a,p1b
|-supereffective|p1a: Dragonite
|-damage|p1a: Dragonite|0 fnt
|-damage|p1b: Amoonguss|57/100
|faint|p1a: Dragonite
|move|p1b: Amoonguss|Pollen Puff|p1: Dragonite|[notarget]
|-fail|p1b: Amoonguss
|
|-weather|Sandstorm|[upkeep]
|-damage|p2b: Indeedee|38/100|[from] Sandstorm
|-damage|p2a: Tyranitar|33/100|[from] Sandstorm
|-damage|p1b: Amoonguss|51/100|[from] Sandstorm
|-end|p1b: Amoonguss|move: Taunt
|-end|p2a: Tyranitar|Throat Chop|[silent]
|upkeep
|
|t:|1756733201
|switch|p1a: Sneasler|Sneasler, L50, F|95/100
|turn|11
|inactive|Goodwyn has 30 seconds left.
|
|t:|1756733226
|move|p1a: Sneasler|Close Combat|p2b: Indeedee
|-damage|p2b: Indeedee|0 fnt
|-unboost|p1a: Sneasler|def|1
|-unboost|p1a: Sneasler|spd|1
|faint|p2b: Indeedee
|move|p2a: Tyranitar|Low Kick|p1b: Amoonguss
|-supereffective|p1b: Amoonguss
|-damage|p1b: Amoonguss|23/100
|move|p1b: Amoonguss|Pollen Puff|p1a: Sneasler
|-heal|p1a: Sneasler|100/100
|
|-weather|Sandstorm|[upkeep]
|-damage|p1a: Sneasler|95/100|[from] Sandstorm
|-damage|p2a: Tyranitar|27/100|[from] Sandstorm
|-damage|p1b: Amoonguss|17/100|[from] Sandstorm
|upkeep
|
|t:|1756733238
|switch|p2b: Excadrill|Excadrill, L50, M|50/100
|turn|12
|
|t:|1756733246
|move|p2b: Excadrill|Earthquake|p1a: Sneasler|[spread] p1a,p1b
|-immune|p2a: Tyranitar
|-supereffective|p1a: Sneasler
|-damage|p1a: Sneasler|0 fnt
|-damage|p1b: Amoonguss|0 fnt
|faint|p1a: Sneasler
|faint|p1b: Amoonguss
|
|win|Goodwyn
|raw|ZeGaboVGC's rating: 1203 → 1176(-27 for losing)
|raw|Goodwyn's rating: 1170 → 1197(+27 for winning)
