|j|☆KodeBeast0526
|j|☆Suffle_Gz
|html|KodeBeast0526Suffle_Gz    
|uhtml|bestof|Game 1 of a best-of-3
|t:|1784344801
|gametype|doubles
|player|p1|KodeBeast0526|sailor|1189
|player|p2|Suffle_Gz|mars|1241
|gen|9
|tier|[Gen 9 Champions] VGC 2026 Reg M-B (Bo3)
|rated|
|rule|Species Clause: Limit one of each Pokémon
|rule|Item Clause: Limit 1 of each item
|clearpoke
|poke|p1|Aerodactyl, L50, M|
|poke|p1|Kingambit, L50, M|
|poke|p1|Sylveon, L50, M|
|poke|p1|Garchomp, L50, M|
|poke|p1|Charizard, L50, M|
|poke|p1|Farigiraf, L50, M, shiny|
|poke|p2|Chesnaught, L50, M|
|poke|p2|Grimmsnarl, L50, M|
|poke|p2|Farigiraf, L50, M|
|poke|p2|Incineroar, L50, F|
|poke|p2|Slowking, L50, F|
|poke|p2|Aggron, L50, M|
|teampreview|4
|showteam|p1|Aerodactyl||Aerodactylite|Unnerve|RockSlide,IceFang,Tailwind,WideGuard|Jolly||M|||50|]Kingambit||FocusSash|Defiant|KowtowCleave,SuckerPunch,IronHead,LowKick|Adamant||M|||50|]Sylveon||FairyFeather|Pixilate|Detect,HyperVoice,HyperBeam,QuickAttack|Modest||M|||50|]Garchomp||LifeOrb|RoughSkin|Earthquake,DragonClaw,StompingTantrum,Protect|Jolly||M|||50|]Charizard||CharizarditeY|Blaze|Protect,HeatWave,SolarBeam,WeatherBall|Modest||M|||50|]Farigiraf||SitrusBerry|ArmorTail|Thunderbolt,PsychicNoise,TrickRoom,HelpingHand|Bold||M|||50|
|showteam|p2|Chesnaught||Chesnaughtite|Bulletproof|BodyPress,IronDefense,LeechSeed,SpikyShield|Sassy||M|||50|]Grimmsnarl||LightClay|Prankster|Reflect,LightScreen,PartingShot,SpiritBreak|Careful||M|||50|]Farigiraf||ColburBerry|ArmorTail|TrickRoom,TwinBeam,Thunderbolt,Protect|Quiet||M|||50|]Incineroar||SitrusBerry|Intimidate|FakeOut,ThroatChop,FlareBlitz,PartingShot|Careful||F|||50|]Slowking||Leftovers|Oblivious|TrickRoom,HealPulse,ChillingWater,Protect|Relaxed||F|||50|]Aggron||Aggronite|Sturdy|RockSlide,HeavySlam,BodyPress,Protect|Sassy||M|||50|
|inactive|Battle timer is ON: inactive players will automatically lose when time's up. (requested by Suffle_Gz)
|inactive|Suffle_Gz has 60 seconds left.
|
|t:|1784344839
|teamsize|p1|4
|teamsize|p2|4
|start
|switch|p1a: Kingambit|Kingambit, L50, M|100/100
|switch|p1b: Sylveon|Sylveon, L50, M|100/100
|switch|p2a: Farigiraf|Farigiraf, L50, M|100/100
|switch|p2b: Grimmsnarl|Grimmsnarl, L50, M|100/100
|turn|1
|inactive|Suffle_Gz has 30 seconds left.
|
|t:|1784344864
|switch|p1a: Farigiraf|Farigiraf, L50, M, shiny|100/100
|move|p2b: Grimmsnarl|Light Screen|p2b: Grimmsnarl
|-sidestart|p2: Suffle_Gz|move: Light Screen
|move|p1b: Sylveon|Hyper Beam|p2a: Farigiraf
|-damage|p2a: Farigiraf|37/100
|-mustrecharge|p1b: Sylveon
|move|p2a: Farigiraf|Trick Room|p2a: Farigiraf
|-fieldstart|move: Trick Room|[of] p2a: Farigiraf
|
|upkeep
|turn|2
|
|t:|1784344887
|move|p2a: Farigiraf|Twin Beam|p1b: Sylveon
|-damage|p1b: Sylveon|85/100
|-damage|p1b: Sylveon|70/100
|-hitcount|p1b: Sylveon|2
|move|p2b: Grimmsnarl|Spirit Break|p1b: Sylveon
|-damage|p1b: Sylveon|31/100
|-unboost|p1b: Sylveon|spa|1
|move|p1a: Farigiraf|Thunderbolt|p2b: Grimmsnarl
|-damage|p2b: Grimmsnarl|86/100
|cant|p1b: Sylveon|recharge
|
|upkeep
|turn|3
|inactive|Suffle_Gz has 30 seconds left.
|
|t:|1784344914
|switch|p2a: Aggron|Aggron, L50, M|100/100
|switch|p1b: Kingambit|Kingambit, L50, M|100/100
|move|p2b: Grimmsnarl|Reflect|p2b: Grimmsnarl
|-sidestart|p2: Suffle_Gz|Reflect
|move|p1a: Farigiraf|Trick Room|p1a: Farigiraf
|-fieldend|move: Trick Room
|
|upkeep
|turn|4
|
|t:|1784344929
|switch|p2b: Slowking|Slowking, L50, F|100/100
|detailschange|p2a: Aggron|Aggron-Mega, L50, M
|-mega|p2a: Aggron|Aggron|Aggronite
|move|p1b: Kingambit|Low Kick|p2a: Aggron
|-supereffective|p2a: Aggron|1
|-crit|p2a: Aggron
|-damage|p2a: Aggron|52/100
|move|p1a: Farigiraf|Psychic Noise|p2a: Aggron
|-resisted|p2a: Aggron|1
|-damage|p2a: Aggron|44/100
|-start|p2a: Aggron|move: Heal Block
|move|p2a: Aggron|Body Press|p1b: Kingambit
|-supereffective|p1b: Kingambit|2
|-enditem|p1b: Kingambit|Focus Sash
|-damage|p1b: Kingambit|1/100
|
|upkeep
|turn|5
|
|t:|1784344950
|move|p2a: Aggron|Protect|p2a: Aggron
|-singleturn|p2a: Aggron|Protect
|move|p1b: Kingambit|Low Kick|p2a: Aggron
|-activate|p2a: Aggron|move: Protect
|move|p1a: Farigiraf|Thunderbolt|p2b: Slowking
|-supereffective|p2b: Slowking|1
|-damage|p2b: Slowking|74/100
|move|p2b: Slowking|Chilling Water|p1b: Kingambit
|-damage|p1b: Kingambit|0 fnt
|faint|p1b: Kingambit
|
|-heal|p2b: Slowking|80/100|[from] item: Leftovers
|-end|p2a: Aggron|move: Heal Block
|upkeep
|
|t:|1784344961
|switch|p1b: Charizard|Charizard, L50, M|100/100
|turn|6
|
|t:|1784344971
|switch|p2a: Grimmsnarl|Grimmsnarl, L50, M|86/100
|detailschange|p1b: Charizard|Charizard-Mega-Y, L50, M
|-mega|p1b: Charizard|Charizard|Charizardite Y
|-weather|SunnyDay|[from] ability: Drought|[of] p1b: Charizard
|move|p1b: Charizard|Weather Ball|p2a: Grimmsnarl
|-damage|p2a: Grimmsnarl|33/100
|move|p1a: Farigiraf|Thunderbolt|p2b: Slowking
|-supereffective|p2b: Slowking|1
|-damage|p2b: Slowking|56/100
|move|p2b: Slowking|Trick Room|p2b: Slowking
|-fieldstart|move: Trick Room|[of] p2b: Slowking
|
|-weather|SunnyDay|[upkeep]
|-heal|p2b: Slowking|62/100|[from] item: Leftovers
|upkeep
|turn|7
|inactive|Suffle_Gz has 30 seconds left.
|
|t:|1784345005
|move|p2b: Slowking|Chilling Water|p1b: Charizard
|-supereffective|p1b: Charizard|1
|-damage|p1b: Charizard|83/100
|-unboost|p1b: Charizard|atk|1
|move|p2a: Grimmsnarl|Spirit Break|p1a: Farigiraf
|-damage|p1a: Farigiraf|76/100
|-unboost|p1a: Farigiraf|spa|1
|move|p1a: Farigiraf|Thunderbolt|p2b: Slowking
|-supereffective|p2b: Slowking|1
|-damage|p2b: Slowking|46/100
|move|p1b: Charizard|Heat Wave|p2a: Grimmsnarl|[spread] p2a,p2b
|-resisted|p2b: Slowking|1
|-damage|p2a: Grimmsnarl|0 fnt
|-damage|p2b: Slowking|31/100
|faint|p2a: Grimmsnarl
|
|-weather|SunnyDay|[upkeep]
|-heal|p2b: Slowking|37/100|[from] item: Leftovers
|upkeep
|
|t:|1784345024
|switch|p2a: Aggron|Aggron-Mega, L50, M|44/100
|turn|8
|
|t:|1784345037
|move|p1b: Charizard|Protect|p1b: Charizard
|-singleturn|p1b: Charizard|Protect
|move|p2b: Slowking|Heal Pulse|p2a: Aggron
|-heal|p2a: Aggron|94/100
|move|p2a: Aggron|Rock Slide|p1b: Charizard|[spread] p1a
|-activate|p1b: Charizard|move: Protect
|-damage|p1a: Farigiraf|61/100
|move|p1a: Farigiraf|Trick Room|p1a: Farigiraf
|-fieldend|move: Trick Room
|
|-weather|SunnyDay|[upkeep]
|-heal|p2b: Slowking|43/100|[from] item: Leftovers
|-sideend|p2: Suffle_Gz|move: Light Screen
|upkeep
|turn|9
|
|t:|1784345055
|move|p1a: Farigiraf|Helping Hand|p1b: Charizard
|-singleturn|p1b: Charizard|Helping Hand|[of] p1a: Farigiraf
|move|p2b: Slowking|Protect|p2b: Slowking
|-singleturn|p2b: Slowking|Protect
|move|p1b: Charizard|Solar Beam||[still]
|-prepare|p1b: Charizard|Solar Beam
|-anim|p1b: Charizard|Solar Beam|p2b: Slowking
|-activate|p2b: Slowking|move: Protect
|move|p2a: Aggron|Rock Slide|p1a: Farigiraf|[spread] p1a,p1b
|-supereffective|p1b: Charizard|2
|-damage|p1a: Farigiraf|47/100
|-damage|p1b: Charizard|6/100
|-enditem|p1a: Farigiraf|Sitrus Berry|[eat]
|-heal|p1a: Farigiraf|71/100|[from] item: Sitrus Berry
|
|-weather|SunnyDay|[upkeep]
|-heal|p2b: Slowking|49/100|[from] item: Leftovers
|upkeep
|turn|10
|inactive|Suffle_Gz has 30 seconds left.
|inactive|Suffle_Gz has 20 seconds left.
|inactive|Suffle_Gz has 15 seconds left.
|inactive|Suffle_Gz has 10 seconds left.
|
|t:|1784345100
|switch|p2b: Farigiraf|Farigiraf, L50, M|37/100
|move|p1a: Farigiraf|Helping Hand|p1b: Charizard
|-singleturn|p1b: Charizard|Helping Hand|[of] p1a: Farigiraf
|move|p1b: Charizard|Solar Beam||[still]
|-prepare|p1b: Charizard|Solar Beam
|-anim|p1b: Charizard|Solar Beam|p2b: Farigiraf
|-damage|p2b: Farigiraf|0 fnt
|faint|p2b: Farigiraf
|move|p2a: Aggron|Rock Slide|p1b: Charizard|[spread] p1a
|-miss|p2a: Aggron|p1b: Charizard
|-crit|p1a: Farigiraf
|-damage|p1a: Farigiraf|52/100
|
|-weather|none
|-sideend|p2: Suffle_Gz|Reflect
|upkeep
|
|t:|1784345117
|switch|p2b: Slowking|Slowking, L50, F|49/100
|turn|11
|
|t:|1784345129
|switch|p1b: Sylveon|Sylveon, L50, M|31/100
|move|p2b: Slowking|Protect|p2b: Slowking
|-singleturn|p2b: Slowking|Protect
|move|p2a: Aggron|Rock Slide|p1b: Sylveon|[spread] p1a,p1b
|-damage|p1a: Farigiraf|38/100
|-damage|p1b: Sylveon|12/100
|move|p1a: Farigiraf|Trick Room|p1a: Farigiraf
|-fieldstart|move: Trick Room|[of] p1a: Farigiraf
|
|-heal|p2b: Slowking|54/100|[from] item: Leftovers
|upkeep
|turn|12
|
|t:|1784345145
|move|p2b: Slowking|Chilling Water|p1a: Farigiraf
|-damage|p1a: Farigiraf|19/100
|-unboost|p1a: Farigiraf|atk|1
|move|p2a: Aggron|Rock Slide|p1b: Sylveon|[spread] p1a,p1b
|-crit|p1a: Farigiraf
|-damage|p1a: Farigiraf|0 fnt
|-damage|p1b: Sylveon|0 fnt
|faint|p1a: Farigiraf
|faint|p1b: Sylveon
|
|-heal|p2b: Slowking|60/100|[from] item: Leftovers
|upkeep
|-message|KodeBeast0526 forfeited.
|
|win|Suffle_Gz
|l|☆KodeBeast0526
|player|p1|
||KodeBeast0526 is ready for game 2.
|j|☆KodeBeast0526
|player|p1|KodeBeast0526|sailor|
