|j|☆jeowkwnsisksndbd
|j|‽informtech
|html|jeowkwnsisksndbdinformtech    
|uhtml|bestof|Game 1 of a best-of-3
|t:|1783001261
|gametype|doubles
|player|p1|jeowkwnsisksndbd|101|1046
|player|p2|informtech|170|1116
|gen|9
|tier|[Gen 9 Champions] VGC 2026 Reg M-B (Bo3)
|rated|
|rule|Species Clause: Limit one of each Pokémon
|rule|Item Clause: Limit 1 of each item
|clearpoke
|poke|p1|Staraptor, L50, M, shiny|
|poke|p1|Grimmsnarl, L50, M, shiny|
|poke|p1|Sinistcha, L50, shiny|
|poke|p1|Klefki, L50, F, shiny|
|poke|p1|Garchomp, L50, M, shiny|
|poke|p1|Delphox, L50, F, shiny|
|poke|p2|Staraptor, L50, F|
|poke|p2|Whimsicott, L50, M|
|poke|p2|Basculegion, L50, M|
|poke|p2|Garchomp, L50, M|
|poke|p2|Charizard, L50, M|
|poke|p2|Kingambit, L50, F|
|teampreview|4
|showteam|p1|Staraptor||Staraptite|Intimidate|Protect,CloseCombat,BraveBird,Roost|Adamant||M|||50|]Grimmsnarl||RoseliBerry|Prankster|ScaryFace,FakeOut,PartingShot,SpiritBreak|Adamant||M|||50|]Sinistcha||SitrusBerry|Hospitality|StrengthSap,MatchaGotcha,RagePowder,ShadowBall|Modest|||||50|]Klefki||LightClay|Prankster|LightScreen,Reflect,MetalSound,Spikes|Bold||F|||50|]Garchomp||LifeOrb|RoughSkin|StompingTantrum,RockSlide,DragonClaw,Protect|Jolly||M|||50|]Delphox||Delphoxite|Blaze|Protect,DazzlingGleam,Flamethrower,Psychic|Timid||F|||50|
|showteam|p2|Staraptor||Staraptite|Intimidate|CloseCombat,DualWingbeat,Protect,Roost|Adamant||F|||50|]Whimsicott||FocusSash|Prankster|Tailwind,TrickRoom,Moonblast,Tickle|Quiet||M|||50|]Basculegion||LifeOrb|Adaptability|LastRespects,Protect,AquaJet,WaveCrash|Jolly||M|||50|]Garchomp||ExpertBelt|RoughSkin|DragonClaw,RockTomb,Earthquake,Protect|Adamant||M|||50|]Charizard||CharizarditeY|SolarPower|HeatWave,AirSlash,SolarBeam,Protect|Timid||M|||50|]Kingambit||BlackGlasses|Defiant|KowtowCleave,SuckerPunch,Protect,IronHead|Adamant||F|||50|
|
|t:|1783001321
|teamsize|p1|4
|teamsize|p2|4
|start
|switch|p1a: Delphox|Delphox, L50, F, shiny|100/100
|switch|p1b: Klefki|Klefki, L50, F, shiny|100/100
|switch|p2a: Whimsicott|Whimsicott, L50, M|100/100
|switch|p2b: Garchomp|Garchomp, L50, M|100/100
|turn|1
|
|t:|1783001337
|detailschange|p1a: Delphox|Delphox-Mega, L50, F, shiny
|-mega|p1a: Delphox|Delphox|Delphoxite
|move|p2a: Whimsicott|Tailwind|p2a: Whimsicott
|-sidestart|p2: informtech|move: Tailwind
|move|p1b: Klefki|Reflect|p1b: Klefki
|-sidestart|p1: jeowkwnsisksndbd|Reflect
|move|p2b: Garchomp|Rock Tomb|p1a: Delphox|[miss]
|-miss|p2b: Garchomp|p1a: Delphox
|move|p1a: Delphox|Flamethrower|p2a: Whimsicott
|-supereffective|p2a: Whimsicott|1
|-enditem|p2a: Whimsicott|Focus Sash
|-damage|p2a: Whimsicott|1/100
|
|upkeep
|turn|2
|
|t:|1783001357
|move|p2a: Whimsicott|Tickle|p1a: Delphox
|-unboost|p1a: Delphox|atk|1
|-unboost|p1a: Delphox|def|1
|move|p1b: Klefki|Metal Sound|p2b: Garchomp
|-unboost|p2b: Garchomp|spd|2
|move|p2b: Garchomp|Rock Tomb|p1a: Delphox
|-supereffective|p1a: Delphox|1
|-damage|p1a: Delphox|18/100
|-unboost|p1a: Delphox|spe|1
|move|p1a: Delphox|Dazzling Gleam|p2b: Garchomp|[spread] p2a,p2b
|-supereffective|p2b: Garchomp|1
|-damage|p2a: Whimsicott|0 fnt
|-damage|p2b: Garchomp|11/100
|faint|p2a: Whimsicott
|
|upkeep
|
|t:|1783001373
|switch|p2a: Kingambit|Kingambit, L50, F|100/100
|turn|3
|
|t:|1783001389
|move|p1a: Delphox|Protect|p1a: Delphox
|-singleturn|p1a: Delphox|Protect
|move|p2a: Kingambit|Sucker Punch||[still]
|-fail|p2a: Kingambit
|move|p1b: Klefki|Light Screen|p1b: Klefki
|-sidestart|p1: jeowkwnsisksndbd|move: Light Screen
|move|p2b: Garchomp|Rock Tomb|p1b: Klefki
|-resisted|p1b: Klefki|1
|-damage|p1b: Klefki|94/100
|-unboost|p1b: Klefki|spe|1
|
|upkeep
|turn|4
|
|t:|1783001409
|switch|p1a: Grimmsnarl|Grimmsnarl, L50, M, shiny|100/100
|move|p2a: Kingambit|Sucker Punch||[still]
|-fail|p2a: Kingambit
|move|p1b: Klefki|Spikes|p2b: Garchomp
|-sidestart|p2: informtech|Spikes
|move|p2b: Garchomp|Rock Tomb|p1b: Klefki
|-resisted|p1b: Klefki|1
|-damage|p1b: Klefki|87/100
|-unboost|p1b: Klefki|spe|1
|
|-sideend|p2: informtech|move: Tailwind
|upkeep
|turn|5
|
|t:|1783001443
|switch|p2a: Staraptor|Staraptor, L50, F|100/100
|-ability|p2a: Staraptor|Intimidate|boost
|-unboost|p1a: Grimmsnarl|atk|1
|-unboost|p1b: Klefki|atk|1
|move|p1b: Klefki|Spikes|p2a: Staraptor
|-sidestart|p2: informtech|Spikes
|move|p2b: Garchomp|Earthquake|p1a: Grimmsnarl|[spread] p1a,p1b
|-immune|p2a: Staraptor
|-supereffective|p1b: Klefki|1
|-damage|p1a: Grimmsnarl|63/100
|-damage|p1b: Klefki|35/100
|move|p1a: Grimmsnarl|Spirit Break|p2b: Garchomp
|-supereffective|p2b: Garchomp|1
|-damage|p2b: Garchomp|0 fnt
|-damage|p1a: Grimmsnarl|51/100|[from] ability: Rough Skin|[of] p2b: Garchomp
|faint|p2b: Garchomp
|
|upkeep
|
|t:|1783001458
|switch|p2b: Kingambit|Kingambit, L50, F|100/100
|-damage|p2b: Kingambit|83/100|[from] Spikes
|turn|6
|
|t:|1783001474
|detailschange|p2a: Staraptor|Staraptor-Mega, L50, F
|-mega|p2a: Staraptor|Staraptor|Staraptite
|move|p1b: Klefki|Metal Sound|p2a: Staraptor|[miss]
|-miss|p1b: Klefki|p2a: Staraptor
|move|p2a: Staraptor|Close Combat|p1b: Klefki
|-damage|p1b: Klefki|0 fnt
|-boost|p2a: Staraptor|def|1
|-boost|p2a: Staraptor|spd|1
|faint|p1b: Klefki
|move|p1a: Grimmsnarl|Spirit Break|p2a: Staraptor
|-supereffective|p2a: Staraptor|1
|-damage|p2a: Staraptor|61/100
|-boost|p2a: Staraptor|spa|1
|move|p2b: Kingambit|Iron Head|p1a: Grimmsnarl
|-supereffective|p1a: Grimmsnarl|1
|-damage|p1a: Grimmsnarl|0 fnt
|faint|p1a: Grimmsnarl
|
|upkeep
|
|t:|1783001494
|switch|p1b: Sinistcha|Sinistcha, L50, shiny|100/100
|switch|p1a: Delphox|Delphox-Mega, L50, F, shiny|18/100
|-heal|p1a: Delphox|43/100|[from] ability: Hospitality|[of] p1b: Sinistcha
|turn|7
|
|t:|1783001516
|move|p1b: Sinistcha|Rage Powder|p1b: Sinistcha
|-singleturn|p1b: Sinistcha|move: Rage Powder
|move|p1a: Delphox|Psychic|p2a: Staraptor
|-supereffective|p2a: Staraptor|1
|-damage|p2a: Staraptor|0 fnt
|faint|p2a: Staraptor
|move|p2b: Kingambit|Kowtow Cleave|p1b: Sinistcha
|-supereffective|p1b: Sinistcha|1
|-damage|p1b: Sinistcha|29/100
|-enditem|p1b: Sinistcha|Sitrus Berry|[eat]
|-heal|p1b: Sinistcha|54/100|[from] item: Sitrus Berry
|
|upkeep
|turn|8
|
|t:|1783001533
|move|p1a: Delphox|Flamethrower|p2b: Kingambit
|-supereffective|p2b: Kingambit|1
|-damage|p2b: Kingambit|0 fnt
|faint|p2b: Kingambit
|
|win|jeowkwnsisksndbd
|l|☆jeowkwnsisksndbd
|player|p1|
||informtech is ready for game 2.
|inactive|jeowkwnsisksndbd has 30 seconds to confirm battle start!
