|j|☆FefoVGC
|j|☆Traindelpivgc
|html|FefoVGCTraindelpivgc    
|uhtml|bestof|Game 1 of a best-of-3
|t:|1756201683
|gametype|doubles
|player|p1|FefoVGC|101|1021
|player|p2|Traindelpivgc|hilbert-wonderlauncher|1098
|gen|9
|tier|[Gen 9] VGC 2025 Reg H (Bo3)
|rated|
|rule|Species Clause: Limit one of each Pokémon
|rule|Item Clause: Limit 1 of each item
|clearpoke
|poke|p1|Murkrow, L50, F|
|poke|p1|Delphox, L50, F|
|poke|p1|Indeedee, L50, M|
|poke|p1|Dragapult, L50, F|
|poke|p1|Maushold, L50|
|poke|p1|Sneasler, L50, M|
|poke|p2|Incineroar, L50, F|
|poke|p2|Amoonguss, L50, F|
|poke|p2|Ursaluna-Bloodmoon, L50, M|
|poke|p2|Sneasler, L50, M|
|poke|p2|Gholdengo, L50|
|poke|p2|Dragonite, L50, M|
|teampreview|4
|showteam|p1|Murkrow||Eviolite|Prankster|Tailwind,FoulPlay,Haze,SunnyDay|||F|||50|,,,,,Ghost]Delphox||LifeOrb|Blaze|ExpandingForce,HeatWave,TeraBlast,Protect|||F|||50|,,,,,Fighting]Indeedee||FocusSash|PsychicSurge|ExpandingForce,TrickRoom,Imprison,TeraBlast|||M|||50|,,,,,Fighting]Dragapult||ChoiceBand|ClearBody|DragonDarts,Outrage,Uturn,PhantomForce|||F|||50|,,,,,Dragon]Maushold||WideLens|Technician|PopulationBomb,Taunt,FollowMe,Protect||||||50|,,,,,Normal]Sneasler||PsychicSeed|Unburden|DireClaw,CloseCombat,Protect,ThroatChop|||M|||50|,,,,,Dark
|showteam|p2|Incineroar||SafetyGoggles|Intimidate|FlareBlitz,KnockOff,PartingShot,FakeOut|||F|||50|,,,,,Ghost]Amoonguss||SitrusBerry|Regenerator|Spore,RagePowder,PollenPuff,Protect|||F|||50|,,,,,Psychic]Ursaluna-Bloodmoon||AssaultVest|MindsEye|HyperVoice,BloodMoon,EarthPower,VacuumWave|||M|||50|,,,,,Water]Sneasler||FocusSash|Unburden|CloseCombat,DireClaw,ThroatChop,Protect|||M|||50|,,,,,Stellar]Gholdengo||LifeOrb|GoodasGold|MakeItRain,ShadowBall,NastyPlot,Protect||||||50|,,,,,Water]Dragonite||LoadedDice|Multiscale|ScaleShot,Tailwind,Haze,Protect|||M|||50|,,,,,Fairy
|inactive|Battle timer is ON: inactive players will automatically lose when time's up. (requested by FefoVGC)
|inactive|Traindelpivgc has 60 seconds left.
|inactive|Traindelpivgc has 30 seconds left.
|inactive|Traindelpivgc has 20 seconds left.
|inactive|Traindelpivgc has 15 seconds left.
|inactive|Traindelpivgc has 10 seconds left.
|
|t:|1756201826
|teamsize|p1|4
|teamsize|p2|4
|start
|switch|p1a: Indeedee|Indeedee, L50, M|100/100
|switch|p1b: Sneasler|Sneasler, L50, M|100/100
|switch|p2a: Incineroar|Incineroar, L50, F|100/100
|switch|p2b: Ursaluna|Ursaluna-Bloodmoon, L50, M|100/100
|-fieldstart|move: Psychic Terrain|[from] ability: Psychic Surge|[of] p1a: Indeedee
|-enditem|p1b: Sneasler|Psychic Seed
|-boost|p1b: Sneasler|spd|1|[from] item: Psychic Seed
|-ability|p2a: Incineroar|Intimidate|boost
|-unboost|p1a: Indeedee|atk|1
|-unboost|p1b: Sneasler|atk|1
|turn|1
|inactive|FefoVGC has 30 seconds left.
|inactive|Traindelpivgc has 30 seconds left.
|inactive|FefoVGC has 20 seconds left.
|inactive|Traindelpivgc has 20 seconds left.
|inactive|FefoVGC has 15 seconds left.
|inactive|Traindelpivgc has 15 seconds left.
|inactive|FefoVGC has 10 seconds left.
|inactive|FefoVGC has 5 seconds left.
|
|t:|1756201881
|-terastallize|p2b: Ursaluna|Water
|move|p1b: Sneasler|Dire Claw|p2a: Incineroar
|-damage|p2a: Incineroar|74/100
|-status|p2a: Incineroar|par
|move|p1a: Indeedee|Expanding Force|p2a: Incineroar|[spread] p2b
|-immune|p2a: Incineroar
|-damage|p2b: Ursaluna|67/100
|move|p2b: Ursaluna|Hyper Voice|p1a: Indeedee|[spread] p1a,p1b
|-damage|p1a: Indeedee|47/100
|-damage|p1b: Sneasler|66/100
|cant|p2a: Incineroar|par
|
|upkeep
|turn|2
|inactive|FefoVGC has 30 seconds left.
|inactive|Traindelpivgc has 30 seconds left.
|inactive|FefoVGC has 20 seconds left.
|inactive|Traindelpivgc has 20 seconds left.
|inactive|Traindelpivgc has 15 seconds left.
|
|t:|1756201924
|move|p1b: Sneasler|Close Combat|p2a: Incineroar
|-supereffective|p2a: Incineroar
|-damage|p2a: Incineroar|0 fnt
|-unboost|p1b: Sneasler|def|1
|-unboost|p1b: Sneasler|spd|1
|faint|p2a: Incineroar
|move|p1a: Indeedee|Expanding Force|p2b: Ursaluna
|-damage|p2b: Ursaluna|21/100
|move|p2b: Ursaluna|Hyper Voice|p1a: Indeedee|[spread] p1a,p1b
|-damage|p1a: Indeedee|0 fnt
|-damage|p1b: Sneasler|13/100
|faint|p1a: Indeedee
|
|upkeep
|
|t:|1756201947
|switch|p1a: Murkrow|Murkrow, L50, F|100/100
|switch|p2a: Dragonite|Dragonite, L50, M|100/100
|turn|3
|inactive|FefoVGC has 30 seconds left.
|inactive|Traindelpivgc has 30 seconds left.
|
|t:|1756201977
|switch|p2b: Amoonguss|Amoonguss, L50, F|100/100
|move|p1b: Sneasler|Dire Claw|p2b: Amoonguss
|-damage|p2b: Amoonguss|73/100
|-status|p2b: Amoonguss|slp
|move|p2a: Dragonite|Scale Shot|p1a: Murkrow
|-damage|p1a: Murkrow|86/100
|-damage|p1a: Murkrow|71/100
|-damage|p1a: Murkrow|57/100
|-damage|p1a: Murkrow|42/100
|-hitcount|p1a: Murkrow|4
|-unboost|p2a: Dragonite|def|1
|-boost|p2a: Dragonite|spe|1
|move|p1a: Murkrow|Foul Play|p2a: Dragonite
|-damage|p2a: Dragonite|58/100
|
|upkeep
|turn|4
|inactive|FefoVGC has 30 seconds left.
|inactive|Traindelpivgc has 30 seconds left.
|inactive|FefoVGC has 20 seconds left.
|inactive|FefoVGC has 15 seconds left.
|inactive|Traindelpivgc has 20 seconds left.
|
|t:|1756202026
|move|p2a: Dragonite|Protect|p2a: Dragonite
|-singleturn|p2a: Dragonite|Protect
|move|p1a: Murkrow|Haze|p1a: Murkrow
|-clearallboost
|move|p1b: Sneasler|Dire Claw|p2a: Dragonite
|-activate|p2a: Dragonite|move: Protect
|cant|p2b: Amoonguss|slp
|
|upkeep
|turn|5
|
|t:|1756202047
|move|p1b: Sneasler|Dire Claw|p2b: Amoonguss
|-damage|p2b: Amoonguss|31/100 slp
|-enditem|p2b: Amoonguss|Sitrus Berry|[eat]
|-heal|p2b: Amoonguss|56/100 slp|[from] item: Sitrus Berry
|move|p2a: Dragonite|Scale Shot|p1a: Murkrow
|-damage|p1a: Murkrow|28/100
|-damage|p1a: Murkrow|14/100
|-damage|p1a: Murkrow|0 fnt
|faint|p1a: Murkrow
|-hitcount|p1: Murkrow|3
|-unboost|p2a: Dragonite|def|1
|-boost|p2a: Dragonite|spe|1
|cant|p2b: Amoonguss|slp
|
|-fieldend|move: Psychic Terrain
|upkeep
|
|t:|1756202054
|switch|p1a: Dragapult|Dragapult, L50, F|100/100
|turn|6
|inactive|FefoVGC has 30 seconds left.
|inactive|Traindelpivgc has 30 seconds left.
|inactive|Traindelpivgc has 20 seconds left.
|
|t:|1756202093
|-curestatus|p2b: Amoonguss|slp|[msg]
|move|p2b: Amoonguss|Rage Powder|p2b: Amoonguss
|-singleturn|p2b: Amoonguss|move: Rage Powder
|move|p1b: Sneasler|Dire Claw|p2b: Amoonguss
|-damage|p2b: Amoonguss|18/100
|move|p1a: Dragapult|Dragon Darts|p2b: Amoonguss
|-crit|p2b: Amoonguss
|-damage|p2b: Amoonguss|0 fnt
|faint|p2b: Amoonguss
|move|p2a: Dragonite|Scale Shot|p1b: Sneasler
|-damage|p1b: Sneasler|0 fnt
|faint|p1b: Sneasler
|-hitcount|p1: Sneasler|1
|-unboost|p2a: Dragonite|def|1
|-boost|p2a: Dragonite|spe|1
|
|upkeep
|
|t:|1756202110
|switch|p2b: Ursaluna|Ursaluna-Bloodmoon, L50, M, tera:Water|21/100
|turn|7
|
|t:|1756202122
|-terastallize|p1a: Dragapult|Dragon
|move|p2a: Dragonite|Scale Shot|p1a: Dragapult
|-supereffective|p1a: Dragapult
|-damage|p1a: Dragapult|56/100
|-supereffective|p1a: Dragapult
|-damage|p1a: Dragapult|15/100
|-supereffective|p1a: Dragapult
|-damage|p1a: Dragapult|0 fnt
|faint|p1a: Dragapult
|-hitcount|p1: Dragapult|3
|
|win|Traindelpivgc
|l|☆FefoVGC
|player|p1|
||FefoVGC is ready for game 2.
|inactive|Traindelpivgc has 30 seconds to confirm battle start!
||Traindelpivgc is ready for game 2.
|uhtml|next|Next: Game 2 of 3
