|j|☆Oscarm92
|j|☆Advertisementish
|html|Oscarm92Advertisementish    
|uhtml|bestof|Game 1 of a best-of-3
|t:|1783439458
|gametype|doubles
|player|p1|Oscarm92|101|1375
|player|p2|Advertisementish|ghetsis|1364
|gen|9
|tier|[Gen 9 Champions] VGC 2026 Reg M-B (Bo3)
|rated|
|rule|Species Clause: Limit one of each Pokémon
|rule|Item Clause: Limit 1 of each item
|clearpoke
|poke|p1|Charizard, L50, F, shiny|
|poke|p1|Aerodactyl, L50, F|
|poke|p1|Garchomp, L50, M, shiny|
|poke|p1|Kingambit, L50, M|
|poke|p1|Sylveon, L50, F|
|poke|p1|Farigiraf, L50, M|
|poke|p2|Whimsicott, L50, F|
|poke|p2|Basculegion, L50, M|
|poke|p2|Charizard, L50, F|
|poke|p2|Garchomp, L50, M|
|poke|p2|Floette-Eternal, L50, F|
|poke|p2|Kingambit, L50, F|
|teampreview|4
|showteam|p1|Charizard||CharizarditeY|Blaze|HeatWave,WeatherBall,SolarBeam,Protect|Modest||F|||50|]Aerodactyl||Aerodactylite|Unnerve|IceFang,RockSlide,Tailwind,DualWingbeat|Jolly||F|||50|]Garchomp||LifeOrb|RoughSkin|DragonClaw,StompingTantrum,Earthquake,Protect|Jolly||M|||50|]Kingambit||FocusSash|Defiant|SuckerPunch,KowtowCleave,IronHead,LowKick|Adamant||M|||50|]Sylveon||FairyFeather|Pixilate|QuickAttack,HyperVoice,HyperBeam,Protect|Modest||F|||50|]Farigiraf||SitrusBerry|ArmorTail|TrickRoom,Thunderbolt,GrassKnot,TwinBeam|Bold||M|||50|
|showteam|p2|Whimsicott||FocusSash|Prankster|Moonblast,Tailwind,Encore,Protect|Timid||F|||50|]Basculegion||MysticWater|Adaptability|WaveCrash,Protect,LastRespects,AquaJet|Adamant||M|||50|]Charizard||CharizarditeY|Blaze|SolarBeam,HeatWave,WeatherBall,Protect|Modest||F|||50|]Garchomp||LifeOrb|RoughSkin|Earthquake,RockSlide,Protect,DragonClaw|Jolly||M|||50|]Floette-Eternal||Floettite|FlowerVeil|Protect,LightofRuin,Moonblast,DazzlingGleam|Timid||F|||50|]Kingambit||BlackGlasses|Defiant|IronHead,Protect,KowtowCleave,SuckerPunch|Adamant||F|||50|
|inactive|Battle timer is ON: inactive players will automatically lose when time's up. (requested by Advertisementish)
|inactive|Advertisementish has 60 seconds left.
|
|t:|1783439496
|teamsize|p1|4
|teamsize|p2|4
|start
|switch|p1a: Aerodactyl|Aerodactyl, L50, F|100/100
|switch|p1b: Kingambit|Kingambit, L50, M|100/100
|switch|p2a: Basculegion|Basculegion, L50, M|100/100
|switch|p2b: Whimsicott|Whimsicott, L50, F|100/100
|-ability|p1a: Aerodactyl|Unnerve
|turn|1
|
|t:|1783439520
|switch|p1a: Farigiraf|Farigiraf, L50, M|100/100
|move|p2b: Whimsicott|Tailwind|p2b: Whimsicott
|-sidestart|p2: Advertisementish|move: Tailwind
|move|p1b: Kingambit|Sucker Punch|p2a: Basculegion
|-supereffective|p2a: Basculegion|1
|-damage|p2a: Basculegion|12/100
|move|p2a: Basculegion|Wave Crash|p1a: Farigiraf
|-crit|p1a: Farigiraf
|-damage|p1a: Farigiraf|0 fnt
|faint|p1a: Farigiraf
|-damage|p2a: Basculegion|0 fnt|[from] Recoil
|faint|p2a: Basculegion
|
|upkeep
|inactive|Oscarm92 has 30 seconds left.
|inactive|Oscarm92 has 20 seconds left.
|
|t:|1783439559
|switch|p2a: Floette|Floette-Eternal, L50, F|100/100
|switch|p1a: Aerodactyl|Aerodactyl, L50, F|100/100
|-ability|p1a: Aerodactyl|Unnerve
|turn|2
|
|t:|1783439576
|detailschange|p2a: Floette|Floette-Mega, L50, F
|-mega|p2a: Floette|Floette|Floettite
|-ability|p2a: Floette|Fairy Aura
|detailschange|p1a: Aerodactyl|Aerodactyl-Mega, L50, F
|-mega|p1a: Aerodactyl|Aerodactyl|Aerodactylite
|move|p2b: Whimsicott|Moonblast|p1b: Kingambit
|-damage|p1b: Kingambit|42/100
|move|p2a: Floette|Dazzling Gleam|p1a: Aerodactyl|[spread] p1a,p1b
|-damage|p1a: Aerodactyl|50/100g
|-damage|p1b: Kingambit|0 fnt
|faint|p1b: Kingambit
|move|p1a: Aerodactyl|Tailwind|p1a: Aerodactyl
|-sidestart|p1: Oscarm92|move: Tailwind
|
|upkeep
|
|t:|1783439584
|switch|p1b: Sylveon|Sylveon, L50, F|100/100
|turn|3
|
|t:|1783439590
|move|p2b: Whimsicott|Encore|p1a: Aerodactyl
|-start|p1a: Aerodactyl|Encore
|move|p1a: Aerodactyl|Tailwind||[still]
|-fail|p1a: Aerodactyl
|move|p2a: Floette|Light of Ruin|p1b: Sylveon
|-damage|p1b: Sylveon|11/100
|-damage|p2a: Floette|48/100|[from] Recoil
|move|p1b: Sylveon|Hyper Voice|p2a: Floette|[spread] p2a,p2b
|-damage|p2a: Floette|0 fnt
|-enditem|p2b: Whimsicott|Focus Sash
|-damage|p2b: Whimsicott|1/100
|faint|p2a: Floette
|
|upkeep
|
|t:|1783439596
|switch|p2a: Kingambit|Kingambit, L50, F|100/100
|turn|4
|
|t:|1783439603
|move|p2a: Kingambit|Sucker Punch|p1b: Sylveon
|-resisted|p1b: Sylveon|1
|-damage|p1b: Sylveon|0 fnt
|faint|p1b: Sylveon
|move|p1a: Aerodactyl|Tailwind||[still]
|-fail|p1a: Aerodactyl
|move|p2b: Whimsicott|Moonblast|p1a: Aerodactyl
|-damage|p1a: Aerodactyl|11/100
|
|-sideend|p2: Advertisementish|move: Tailwind
|upkeep
|turn|5
|
|t:|1783439608
|move|p1a: Aerodactyl|Tailwind||[still]
|-fail|p1a: Aerodactyl
|move|p2b: Whimsicott|Moonblast|p1a: Aerodactyl
|-damage|p1a: Aerodactyl|0 fnt
|faint|p1a: Aerodactyl
|
|win|Advertisementish
||Advertisementish is ready for game 2.
||Oscarm92 is ready for game 2.
|uhtml|next|Next: Game 2 of 3
|l|☆Advertisementish
|player|p2|
