|j|☆ThatGualaKid
|j|☆sebrai
|html|ThatGualaKidsebrai    
|uhtml|bestof|Game 1 of a best-of-3
|t:|1784986678
|gametype|doubles
|player|p1|ThatGualaKid|170|
|player|p2|sebrai|iris-gen5bw2|
|gen|9
|tier|[Gen 9 Champions] VGC 2026 Reg M-B (Bo3)
|rule|Species Clause: Limit one of each Pokémon
|rule|Item Clause: Limit 1 of each item
|clearpoke
|poke|p1|Charizard, L50, F|
|poke|p1|Venusaur, L50, M|
|poke|p1|Sableye, L50, F|
|poke|p1|Hawlucha, L50, M|
|poke|p1|Basculegion, L50, M|
|poke|p1|Toxapex, L50, F|
|poke|p2|Maushold, L50|
|poke|p2|Annihilape, L50, M|
|poke|p2|Whimsicott, L50, M, shiny|
|poke|p2|Rotom-Mow, L50|
|poke|p2|Arcanine, L50, M|
|poke|p2|Aurorus, L50, M|
|teampreview|4
|showteam|p1|Charizard||CharizarditeY|Blaze|HeatWave,SolarBeam,WeatherBall,Protect|Modest||F|||50|]Venusaur||LifeOrb|Chlorophyll|EnergyBall,EarthPower,SludgeBomb,Protect|Modest||M|||50|]Sableye||Sablenite|Prankster|Taunt,Swagger,Encore,FakeOut|Bold||F|||50|]Hawlucha||LumBerry|Unburden|CloseCombat,BraveBird,Encore,Protect|Adamant||M|||50|]Basculegion||ChoiceScarf|Adaptability|LastRespects,WaveCrash,AquaJet,FlipTurn|Adamant||M|||50|]Toxapex||Leftovers|Regenerator|Infestation,Toxic,Haze,BanefulBunker|Bold||F|||50|
|showteam|p2|Maushold||WideLens|Technician|BeatUp,PopulationBomb,FollowMe,Protect|Jolly|||||50|]Annihilape||SitrusBerry|Defiant|RageFist,CloseCombat,RockSlide,Protect|Adamant||M|||50|]Whimsicott||FocusSash|Prankster|Protect,Encore,Tailwind,Moonblast|Bold||M|||50|]Rotom-Mow||OccaBerry|Levitate|Thunderbolt,Electroweb,RainDance,Protect|Calm|||||50|]Arcanine||LifeOrb|FlashFire|FlareBlitz,CloseCombat,WildCharge,WillOWisp|Jolly||M|||50|]Aurorus||ChoiceScarf|SnowWarning|FreezeDry,AncientPower,Blizzard,EarthPower|Timid||M|||50|
|inactive|Battle timer is ON: inactive players will automatically lose when time's up. (requested by sebrai)
|inactive|ThatGualaKid has 60 seconds left.
|inactive|sebrai has 60 seconds left.
|inactive|ThatGualaKid has 30 seconds left.
|inactive|sebrai has 30 seconds left.
|inactive|ThatGualaKid has 20 seconds left.
|inactive|sebrai has 20 seconds left.
|inactive|ThatGualaKid has 15 seconds left.
|inactive|sebrai has 15 seconds left.
|inactive|sebrai has 10 seconds left.
|
|t:|1784986761
|teamsize|p1|4
|teamsize|p2|4
|start
|switch|p1a: Sableye|Sableye, L50, F|100/100
|switch|p1b: Hawlucha|Hawlucha, L50, M|100/100
|switch|p2a: rat trap|Maushold, L50|100/100
|switch|p2b: i got the power|Whimsicott, L50, M, shiny|100/100
|turn|1
|c|☆ThatGualaKid|glhf
|c|☆sebrai|glhf
|inactive|sebrai has 30 seconds left.
|inactive|sebrai has 20 seconds left.
|inactive|sebrai has 15 seconds left.
|
|t:|1784986806
|move|p2b: i got the power|Tailwind|p2b: i got the power
|-sidestart|p2: sebrai|move: Tailwind
|move|p1a: Sableye|Swagger|p1b: Hawlucha
|-boost|p1b: Hawlucha|atk|2
|-start|p1b: Hawlucha|confusion
|-enditem|p1b: Hawlucha|Lum Berry|[eat]
|-end|p1b: Hawlucha|confusion
|move|p2a: rat trap|Population Bomb|p1b: Hawlucha
|-damage|p1b: Hawlucha|83/100
|-damage|p1b: Hawlucha|67/100
|-damage|p1b: Hawlucha|51/100
|-damage|p1b: Hawlucha|34/100
|-damage|p1b: Hawlucha|16/100
|-damage|p1b: Hawlucha|0 fnt
|faint|p1b: Hawlucha
|-hitcount|p1: Hawlucha|6
|
|upkeep
|
|t:|1784986825
|switch|p1b: Basculegion|Basculegion, L50, M|100/100
|turn|2
|inactive|sebrai has 30 seconds left.
|
|t:|1784986859
|move|p2a: rat trap|Follow Me|p2a: rat trap
|-singleturn|p2a: rat trap|move: Follow Me
|move|p1a: Sableye|Encore|p2a: rat trap
|-start|p2a: rat trap|Encore
|move|p2b: i got the power|Moonblast|p1a: Sableye
|-supereffective|p1a: Sableye|1
|-damage|p1a: Sableye|31/100
|move|p1b: Basculegion|Last Respects|p2a: rat trap
|-immune|p2a: rat trap
|
|upkeep
|turn|3
|
|t:|1784986882
|switch|p1b: Charizard|Charizard, L50, F|100/100
|move|p2a: rat trap|Follow Me|p2a: rat trap
|-singleturn|p2a: rat trap|move: Follow Me
|move|p1a: Sableye|Taunt|p2a: rat trap
|-start|p2a: rat trap|move: Taunt
|move|p2b: i got the power|Moonblast|p1a: Sableye
|-supereffective|p1a: Sableye|1
|-damage|p1a: Sableye|0 fnt
|faint|p1a: Sableye
|
|upkeep
|
|t:|1784986891
|switch|p1a: Basculegion|Basculegion, L50, M|100/100
|turn|4
|
|t:|1784986915
|switch|p2a: Rotom|Rotom-Mow, L50|100/100
|detailschange|p1b: Charizard|Charizard-Mega-Y, L50, F
|-mega|p1b: Charizard|Charizard|Charizardite Y
|-weather|SunnyDay|[from] ability: Drought|[of] p1b: Charizard
|move|p2b: i got the power|Protect|p2b: i got the power
|-singleturn|p2b: i got the power|Protect
|move|p1a: Basculegion|Wave Crash|p2a: Rotom
|-resisted|p2a: Rotom|1
|-damage|p2a: Rotom|79/100
|-damage|p1a: Basculegion|94/100|[from] Recoil
|move|p1b: Charizard|Heat Wave|p2b: i got the power|[spread] p2a
|-activate|p2b: i got the power|move: Protect
|-supereffective|p2a: Rotom|1
|-enditem|p2a: Rotom|Occa Berry|[eat]
|-enditem|p2a: Rotom|Occa Berry|[weaken]
|-damage|p2a: Rotom|19/100
|
|-weather|SunnyDay|[upkeep]
|-sideend|p2: sebrai|move: Tailwind
|upkeep
|turn|5
|inactive|sebrai has 30 seconds left.
|inactive|sebrai has 20 seconds left.
|inactive|sebrai has 15 seconds left.
|
|t:|1784986957
|move|p2b: i got the power|Tailwind|p2b: i got the power
|-sidestart|p2: sebrai|move: Tailwind
|move|p2a: Rotom|Electroweb|p1b: Charizard|[spread] p1a,p1b
|-supereffective|p1a: Basculegion|1
|-supereffective|p1b: Charizard|1
|-damage|p1a: Basculegion|59/100
|-damage|p1b: Charizard|74/100
|-unboost|p1a: Basculegion|spe|1
|-unboost|p1b: Charizard|spe|1
|move|p1a: Basculegion|Wave Crash|p2b: i got the power
|-resisted|p2b: i got the power|1
|-damage|p2b: i got the power|81/100
|-damage|p1a: Basculegion|54/100|[from] Recoil
|move|p1b: Charizard|Heat Wave|p2a: Rotom|[spread] p2a,p2b
|-supereffective|p2a: Rotom|1
|-supereffective|p2b: i got the power|1
|-damage|p2a: Rotom|0 fnt
|-damage|p2b: i got the power|0 fnt
|faint|p2a: Rotom
|faint|p2b: i got the power
|
|-weather|SunnyDay|[upkeep]
|upkeep
|
|t:|1784986971
|switch|p2b: rat trap|Maushold, L50|100/100
|switch|p2a: monkey monkey|Annihilape, L50, M|100/100
|turn|6
|
|t:|1784986988
|move|p2b: rat trap|Beat Up|p2a: monkey monkey
|-damage|p2a: monkey monkey|93/100
|-damage|p2a: monkey monkey|88/100
|-hitcount|p2a: monkey monkey|2
|move|p2a: monkey monkey|Rock Slide|p1b: Charizard|[spread] p1a,p1b
|-supereffective|p1b: Charizard|2
|-damage|p1a: Basculegion|32/100
|-damage|p1b: Charizard|0 fnt
|faint|p1b: Charizard
|move|p1a: Basculegion|Wave Crash|p2a: monkey monkey
|-damage|p2a: monkey monkey|49/100
|-enditem|p2a: monkey monkey|Sitrus Berry|[eat]
|-heal|p2a: monkey monkey|74/100|[from] item: Sitrus Berry
|-damage|p1a: Basculegion|18/100|[from] Recoil
|
|-weather|SunnyDay|[upkeep]
|upkeep
|turn|7
|c|☆ThatGualaKid|wp
|
|t:|1784987008
|move|p2b: rat trap|Beat Up|p2a: monkey monkey
|-damage|p2a: monkey monkey|68/100
|-damage|p2a: monkey monkey|64/100
|-hitcount|p2a: monkey monkey|2
|move|p2a: monkey monkey|Rage Fist|p1a: Basculegion
|-supereffective|p1a: Basculegion|1
|-damage|p1a: Basculegion|0 fnt
|faint|p1a: Basculegion
|
|win|sebrai
||ThatGualaKid is ready for game 2.
|inactive|sebrai has 30 seconds to confirm battle start!
||sebrai is ready for game 2.
|uhtml|next|Next: Game 2 of 3
|l|☆ThatGualaKid
|player|p1|
