|j|☆CamronVGC
|j|☆bancomat 2
|html|CamronVGCbancomat 2    
|uhtml|bestof|Game 3 of a best-of-3
|t:|1783348185
|gametype|doubles
|player|p1|CamronVGC|koga|1127
|player|p2|bancomat 2|volkner|1097
|gen|9
|tier|[Gen 9 Champions] VGC 2026 Reg M-B (Bo3)
|rated|
|rule|Species Clause: Limit one of each Pokémon
|rule|Item Clause: Limit 1 of each item
|clearpoke
|poke|p1|Dragalge, L50, F|
|poke|p1|Sinistcha-Masterpiece, L50|
|poke|p1|Incineroar, L50, F|
|poke|p1|Ceruledge, L50, F|
|poke|p1|Ninetales-Alola, L50, M|
|poke|p1|Tauros-Paldea-Aqua, L50, M|
|poke|p2|Kingambit, L50, M, shiny|
|poke|p2|Charizard, L50, M, shiny|
|poke|p2|Floette-Eternal, L50, F|
|poke|p2|Whimsicott, L50, F|
|poke|p2|Garchomp, L50, M, shiny|
|poke|p2|Basculegion, L50, M|
|teampreview|4
|showteam|p1|Dragalge||Dragalgite|PoisonPoint|Protect,Toxic,DragonPulse,ToxicSpikes|Bold||F|||50|]Sinistcha-Masterpiece||KasibBerry|Hospitality|Protect,RagePowder,MatchaGotcha,LifeDew|Bold|||||50|]Incineroar||PasshoBerry|Intimidate|FlareBlitz,ThroatChop,PartingShot,FakeOut|Careful||F|||50|]Ceruledge||ColburBerry|FlashFire|Protect,ShadowSneak,BitterBlade,BulkUp|Adamant||F|||50|]Ninetales-Alola||FocusSash|SnowWarning|Protect,Blizzard,FreezeDry,AuroraVeil|Timid||M|||50|]Tauros-Paldea-Aqua||LifeOrb|Intimidate|Protect,AquaJet,WaveCrash,CloseCombat|Adamant||M|||50|
|showteam|p2|Kingambit||BlackGlasses|Defiant|KowtowCleave,SuckerPunch,LowKick,Protect|Adamant||M|||50|]Charizard||CharizarditeY|SolarPower|HeatWave,WeatherBall,SolarBeam,Protect|Modest||M|||50|]Floette-Eternal||Floettite|FlowerVeil|Moonblast,DazzlingGleam,LightofRuin,Protect|Timid||F|||50|]Whimsicott||FocusSash|Prankster|Moonblast,Tailwind,Encore,Protect|Timid||F|||50|]Garchomp||LifeOrb|RoughSkin|Earthquake,DragonClaw,RockSlide,Protect|Jolly||M|||50|]Basculegion||MysticWater|Adaptability|WaveCrash,AquaJet,LastRespects,Protect|Adamant||M|||50|
|inactive|Battle timer is ON: inactive players will automatically lose when time's up. (requested by CamronVGC)
|inactive|bancomat 2 also wants the timer to be on.
|inactive|CamronVGC has 60 seconds left.
|
|t:|1783348236
|teamsize|p1|4
|teamsize|p2|4
|start
|switch|p1a: Dragalge|Dragalge, L50, F|100/100
|switch|p1b: Incineroar|Incineroar, L50, F|100/100
|switch|p2a: Floette|Floette-Eternal, L50, F|100/100
|switch|p2b: Whimsicott|Whimsicott, L50, F|100/100
|-ability|p1b: Incineroar|Intimidate|boost
|-unboost|p2a: Floette|atk|1
|-block|p2b: Whimsicott|ability: Flower Veil|[of] p2a: Floette
|turn|1
|
|t:|1783348259
|detailschange|p2a: Floette|Floette-Mega, L50, F
|-mega|p2a: Floette|Floette|Floettite
|-ability|p2a: Floette|Fairy Aura
|detailschange|p1a: Dragalge|Dragalge-Mega, L50, F
|-mega|p1a: Dragalge|Dragalge|Dragalgite
|move|p1b: Incineroar|Fake Out|p2b: Whimsicott
|-damage|p2b: Whimsicott|83/100
|cant|p2b: Whimsicott|flinch
|move|p2a: Floette|Light of Ruin|p1b: Incineroar
|-crit|p1b: Incineroar
|-damage|p1b: Incineroar|0 fnt
|faint|p1b: Incineroar
|-damage|p2a: Floette|33/100|[from] Recoil
|move|p1a: Dragalge|Toxic Spikes|p2b: Whimsicott
|-sidestart|p2: bancomat 2|move: Toxic Spikes
|
|upkeep
|
|t:|1783348280
|switch|p1b: Ceruledge|Ceruledge, L50, F|100/100
|turn|2
|
|t:|1783348298
|move|p2b: Whimsicott|Tailwind|p2b: Whimsicott
|-sidestart|p2: bancomat 2|move: Tailwind
|move|p2a: Floette|Light of Ruin|p1a: Dragalge
|-damage|p1a: Dragalge|23/100
|-damage|p2a: Floette|0 fnt|[from] Recoil
|faint|p2a: Floette
|move|p1b: Ceruledge|Bitter Blade|p2b: Whimsicott
|-supereffective|p2b: Whimsicott|1
|-damage|p2b: Whimsicott|0 fnt
|faint|p2b: Whimsicott
|move|p1a: Dragalge|Toxic Spikes|p2: Floette
|-sidestart|p2: bancomat 2|move: Toxic Spikes
|
|upkeep
|
|t:|1783348304
|switch|p2b: Garchomp|Garchomp, L50, M, shiny|100/100
|switch|p2a: Basculegion|Basculegion, L50, M|100/100
|-status|p2b: Garchomp|tox
|-status|p2a: Basculegion|tox
|turn|3
|
|t:|1783348319
|move|p1b: Ceruledge|Protect|p1b: Ceruledge
|-singleturn|p1b: Ceruledge|Protect
|move|p2b: Garchomp|Dragon Claw|p1a: Dragalge
|-supereffective|p1a: Dragalge|1
|-damage|p1a: Dragalge|0 fnt
|faint|p1a: Dragalge
|-damage|p2b: Garchomp|90/100 tox|[from] item: Life Orb
|move|p2a: Basculegion|Wave Crash|p1b: Ceruledge
|-activate|p1b: Ceruledge|move: Protect
|
|-damage|p2b: Garchomp|84/100 tox|[from] psn
|-damage|p2a: Basculegion|94/100 tox|[from] psn
|upkeep
|
|t:|1783348330
|switch|p1a: Ninetales|Ninetales-Alola, L50, M|100/100
|-weather|Snowscape|[from] ability: Snow Warning|[of] p1a: Ninetales
|turn|4
|
|t:|1783348340
|move|p1b: Ceruledge|Shadow Sneak|p2a: Basculegion
|-supereffective|p2a: Basculegion|1
|-damage|p2a: Basculegion|41/100 tox
|move|p2b: Garchomp|Rock Slide|p1a: Ninetales|[spread] p1a
|-miss|p2b: Garchomp|p1b: Ceruledge
|-supereffective|p1a: Ninetales|1
|-damage|p1a: Ninetales|50/100y
|-damage|p2b: Garchomp|74/100 tox|[from] item: Life Orb
|move|p2a: Basculegion|Last Respects|p1b: Ceruledge
|-supereffective|p1b: Ceruledge|1
|-damage|p1b: Ceruledge|0 fnt
|faint|p1b: Ceruledge
|move|p1a: Ninetales|Blizzard|p2a: Basculegion|[spread] p2a,p2b
|-resisted|p2a: Basculegion|1
|-supereffective|p2b: Garchomp|2
|-damage|p2a: Basculegion|22/100 tox
|-damage|p2b: Garchomp|0 fnt
|faint|p2b: Garchomp
|
|-weather|Snowscape|[upkeep]
|-damage|p2a: Basculegion|10/100 tox|[from] psn
|upkeep
|turn|5
|-message|bancomat 2 forfeited.
|
|win|CamronVGC
|raw|CamronVGC's rating: 1127 → 1150(+23 for winning)
|raw|bancomat 2's rating: 1097 → 1075(-22 for losing)
