|j|☆polss
|j|☆Furbyx
|html|polssFurbyx    
|uhtml|bestof|Game 1 of a best-of-3
|t:|1783089837
|gametype|doubles
|player|p1|polss|n|1000
|player|p2|Furbyx|2|1078
|gen|9
|tier|[Gen 9 Champions] VGC 2026 Reg M-B (Bo3)
|rated|
|rule|Species Clause: Limit one of each Pokémon
|rule|Item Clause: Limit 1 of each item
|clearpoke
|poke|p1|Garchomp, L50, F|
|poke|p1|Sableye, L50, F, shiny|
|poke|p1|Swampert, L50, F|
|poke|p1|Meowscarada, L50, M, shiny|
|poke|p1|Aegislash, L50, M|
|poke|p1|Sylveon, L50, F|
|poke|p2|Pelipper, L50, F|
|poke|p2|Venusaur, L50, F|
|poke|p2|Archaludon, L50, M|
|poke|p2|Lycanroc-Dusk, L50, F|
|poke|p2|Swampert, L50, F|
|poke|p2|Hydreigon, L50, F|
|teampreview|4
|showteam|p1|Garchomp||FocusSash|RoughSkin|ScaleShot,PoisonJab,Earthquake,RockSlide|Adamant||F|||50|]Sableye||LightClay|Prankster|LightScreen,Reflect,RainDance,FoulPlay|Jolly||F|||50|]Swampert||Swampertite|Torrent|BulkUp,Liquidation,Earthquake,Protect|Adamant||F|||50|]Meowscarada||ChoiceScarf|Protean|FlowerTrick,TripleAxel,FoulPlay,PlayRough|Adamant||M|||50|]Aegislash||Leftovers|StanceChange|KingsShield,ShadowSneak,IronHead,ShadowClaw|Adamant||M|||50|]Sylveon||FairyFeather|Pixilate|QuickAttack,HyperBeam,Protect,MysticalFire|Sassy||F|||50|
|showteam|p2|Pelipper||SitrusBerry|Drizzle|WeatherBall,Hurricane,ChillingWater,Tailwind|Modest||F|||50|]Venusaur||Venusaurite|Overgrow|Protect,EarthPower,SludgeBomb,GigaDrain|Modest||F|||50|]Archaludon||Leftovers|Stamina|Protect,ElectroShot,DragonPulse,FlashCannon|Modest||M|||50|]Lycanroc-Dusk||FocusSash|ToughClaws|Protect,RockSlide,CloseCombat,Accelerock|Adamant||F|||50|]Swampert||Swampertite|Torrent|Protect,WaveCrash,Earthquake,IcePunch|Adamant||F|||50|]Hydreigon||ChoiceScarf|Levitate|DracoMeteor,DarkPulse,Uturn,FireSpin|Modest||F|||50|
|
|t:|1783089896
|teamsize|p1|4
|teamsize|p2|4
|start
|switch|p1a: Sableye|Sableye, L50, F, shiny|100/100
|switch|p1b: Garchomp|Garchomp, L50, F|100/100
|switch|p2a: Venusaur|Venusaur, L50, F|100/100
|switch|p2b: Hydreigon|Hydreigon, L50, F|100/100
|turn|1
|inactive|Battle timer is ON: inactive players will automatically lose when time's up. (requested by Furbyx)
|inactive|Furbyx has 60 seconds left.
|
|t:|1783089939
|detailschange|p2a: Venusaur|Venusaur-Mega, L50, F
|-mega|p2a: Venusaur|Venusaur|Venusaurite
|move|p1a: Sableye|Light Screen|p1a: Sableye
|-sidestart|p1: polss|move: Light Screen
|move|p2b: Hydreigon|Fire Spin|p1b: Garchomp
|-resisted|p1b: Garchomp|1
|-damage|p1b: Garchomp|96/100
|-activate|p1b: Garchomp|move: Fire Spin|[of] p2b: Hydreigon
|move|p1b: Garchomp|Scale Shot|p2b: Hydreigon
|-supereffective|p2b: Hydreigon|1
|-damage|p2b: Hydreigon|70/100
|-supereffective|p2b: Hydreigon|1
|-crit|p2b: Hydreigon
|-damage|p2b: Hydreigon|30/100
|-supereffective|p2b: Hydreigon|1
|-damage|p2b: Hydreigon|1/100
|-hitcount|p2b: Hydreigon|3
|-unboost|p1b: Garchomp|def|1
|-boost|p1b: Garchomp|spe|1
|move|p2a: Venusaur|Sludge Bomb|p1b: Garchomp
|-resisted|p1b: Garchomp|1
|-damage|p1b: Garchomp|82/100
|-status|p1b: Garchomp|psn
|
|-damage|p1b: Garchomp|70/100 psn|[from] psn
|-damage|p1b: Garchomp|58/100 psn|[from] move: Fire Spin|[partiallytrapped]
|upkeep
|turn|2
|inactive|polss has 30 seconds left.
|inactive|Furbyx has 30 seconds left.
|inactive|polss has 20 seconds left.
|inactive|polss has 15 seconds left.
|inactive|polss has 10 seconds left.
|inactive|polss has 5 seconds left.
|
|t:|1783089994
|switch|p2b: Pelipper|Pelipper, L50, F|100/100
|-weather|RainDance|[from] ability: Drizzle|[of] p2b: Pelipper
|move|p1a: Sableye|Light Screen||[still]
|-fail|p1a: Sableye
|move|p1b: Garchomp|Scale Shot|p2b: Pelipper
|-damage|p2b: Pelipper|85/100
|-damage|p2b: Pelipper|72/100
|-hitcount|p2b: Pelipper|2
|-unboost|p1b: Garchomp|def|1
|-boost|p1b: Garchomp|spe|1
|move|p2a: Venusaur|Giga Drain|p1b: Garchomp
|-damage|p1b: Garchomp|33/100 psn
|
|-weather|RainDance|[upkeep]
|-damage|p1b: Garchomp|20/100y psn|[from] psn
|-end|p1b: Garchomp|Fire Spin|[partiallytrapped]|[silent]
|upkeep
|turn|3
|
|t:|1783090018
|move|p1a: Sableye|Reflect|p1a: Sableye
|-sidestart|p1: polss|Reflect
|move|p1b: Garchomp|Rock Slide|p2a: Venusaur|[spread] p2a,p2b
|-supereffective|p2b: Pelipper|1
|-damage|p2a: Venusaur|88/100
|-damage|p2b: Pelipper|32/100
|-enditem|p2b: Pelipper|Sitrus Berry|[eat]
|-heal|p2b: Pelipper|57/100|[from] item: Sitrus Berry
|cant|p2a: Venusaur|flinch
|move|p2b: Pelipper|Chilling Water|p1b: Garchomp
|-damage|p1b: Garchomp|4/100 psn
|-unboost|p1b: Garchomp|atk|1
|
|-weather|RainDance|[upkeep]
|-damage|p1b: Garchomp|0 fnt|[from] psn
|faint|p1b: Garchomp
|upkeep
|
|t:|1783090042
|switch|p1b: Meowscarada|Meowscarada, L50, M, shiny|100/100
|turn|4
|
|t:|1783090055
|switch|p2b: Hydreigon|Hydreigon, L50, F|1/100
|move|p1b: Meowscarada|Triple Axel|p2a: Venusaur
|-start|p1b: Meowscarada|typechange|Ice|[from] ability: Protean
|-supereffective|p2a: Venusaur|1
|-damage|p2a: Venusaur|80/100
|-hitcount|p2a: Venusaur|1
|move|p1a: Sableye|Foul Play|p2b: Hydreigon
|-resisted|p2b: Hydreigon|1
|-damage|p2b: Hydreigon|0 fnt
|faint|p2b: Hydreigon
|move|p2a: Venusaur|Sludge Bomb|p1b: Meowscarada
|-damage|p1b: Meowscarada|52/100
|
|-weather|RainDance|[upkeep]
|upkeep
|
|t:|1783090069
|switch|p2b: Archaludon|Archaludon, L50, M|100/100
|turn|5
|
|t:|1783090079
|move|p1b: Meowscarada|Triple Axel|p2a: Venusaur|[miss]
|-miss|p1b: Meowscarada|p2a: Venusaur
|move|p1a: Sableye|Foul Play|p2a: Venusaur
|-damage|p2a: Venusaur|58/100
|move|p2b: Archaludon|Electro Shot||[still]
|-prepare|p2b: Archaludon|Electro Shot
|-boost|p2b: Archaludon|spa|1
|-anim|p2b: Archaludon|Electro Shot|p1a: Sableye
|-damage|p1a: Sableye|33/100
|move|p2a: Venusaur|Sludge Bomb|p1b: Meowscarada
|-damage|p1b: Meowscarada|6/100
|
|-weather|RainDance|[upkeep]
|upkeep
|turn|6
|
|t:|1783090095
|move|p1b: Meowscarada|Triple Axel|p2a: Venusaur
|-supereffective|p2a: Venusaur|1
|-damage|p2a: Venusaur|50/100g
|-hitcount|p2a: Venusaur|1
|move|p1a: Sableye|Foul Play|p2a: Venusaur
|-damage|p2a: Venusaur|29/100
|move|p2b: Archaludon|Electro Shot||[still]
|-prepare|p2b: Archaludon|Electro Shot
|-boost|p2b: Archaludon|spa|1
|-anim|p2b: Archaludon|Electro Shot|p1b: Meowscarada
|-damage|p1b: Meowscarada|0 fnt
|faint|p1b: Meowscarada
|move|p2a: Venusaur|Giga Drain|p1a: Sableye
|-damage|p1a: Sableye|0 fnt
|-heal|p2a: Venusaur|44/100|[from] drain|[of] p1a: Sableye
|faint|p1a: Sableye
|
|-weather|none
|upkeep
|
|t:|1783090109
|switch|p1b: Swampert|Swampert, L50, F|100/100
|turn|7
|
|t:|1783090115
|detailschange|p1b: Swampert|Swampert-Mega, L50, F
|-mega|p1b: Swampert|Swampert|Swampertite
|move|p2b: Archaludon|Protect|p2b: Archaludon
|-singleturn|p2b: Archaludon|Protect
|move|p2a: Venusaur|Giga Drain|p1b: Swampert
|-supereffective|p1b: Swampert|2
|-damage|p1b: Swampert|22/100
|-heal|p2a: Venusaur|87/100|[from] drain|[of] p1b: Swampert
|move|p1b: Swampert|Earthquake|p2b: Archaludon|[spread] p2a
|-activate|p2b: Archaludon|move: Protect
|-damage|p2a: Venusaur|51/100
|
|upkeep
|turn|8
|-message|polss forfeited.
|
|win|Furbyx
|l|☆polss
|player|p1|
||polss is ready for game 2.
