|j|☆FlareIsSolar
|j|☆oops all fake outs
|html|FlareIsSolaroops all fake outs    
|uhtml|bestof|Game 1 of a best-of-3
|t:|1756934044
|gametype|doubles
|player|p1|FlareIsSolar|volkner|1337
|player|p2|oops all fake outs|skier|1326
|gen|9
|tier|[Gen 9] VGC 2025 Reg H (Bo3)
|rated|
|rule|Species Clause: Limit one of each Pokémon
|rule|Item Clause: Limit 1 of each item
|clearpoke
|poke|p1|Tyranitar, L50, M|
|poke|p1|Excadrill, L50, F|
|poke|p1|Kommo-o, L50, F|
|poke|p1|Basculegion, L50, M|
|poke|p1|Amoonguss, L50, F|
|poke|p1|Incineroar, L50, M|
|poke|p2|Ninetales-Alola, L50, F|
|poke|p2|Rillaboom, L50, M|
|poke|p2|Magmar, L50, F|
|poke|p2|Sneasler, L50, M|
|poke|p2|Kingambit, L50, M|
|poke|p2|Basculegion, L50, M|
|teampreview|4
|showteam|p1|Tyranitar||AssaultVest|SandStream|KnockOff,RockSlide,LowKick,TeraBlast|||M|||50|,,,,,Flying]Excadrill||FocusSash|SandRush|Earthquake,HighHorsepower,IronHead,Protect|||F|||50|,,,,,Ground]Kommo-o||ThroatSpray|Overcoat|ClangorousSoul,ClangingScales,AuraSphere,Protect|||F|||50|,,,,,Steel]Basculegion||ChoiceScarf|Adaptability|WaveCrash,LastRespects,FlipTurn,AquaJet|||M|||50|,,,,,Grass]Amoonguss||SitrusBerry|Regenerator|PollenPuff,Spore,RagePowder,Protect|||F|||50|,,,,,Water]Incineroar||SafetyGoggles|Intimidate|KnockOff,FlareBlitz,PartingShot,FakeOut|||M|||50|,,,,,Ghost
|showteam|p2|Ninetales-Alola||LifeOrb|SnowWarning|Blizzard,FreezeDry,Encore,Protect|||F|||50|,,,,,Ghost]Rillaboom||AssaultVest|GrassySurge|WoodHammer,FakeOut,Uturn,GrassyGlide|||M|||50|,,,,,Ghost]Magmar||Eviolite|VitalSpirit|Protect,HeatWave,Taunt,FollowMe|||F|||50|,,,,,Ghost]Sneasler||FocusSash|PoisonTouch|FakeOut,DireClaw,CloseCombat,Protect|||M|||50|,,,,,Ghost]Kingambit||BlackGlasses|Defiant|KowtowCleave,SwordsDance,SuckerPunch,Protect|||M|||50|,,,,,Fire]Basculegion||ChoiceScarf|Adaptability|WaveCrash,LastRespects,FlipTurn,TeraBlast|||M|||50|,,,,,Fighting
|inactive|Battle timer is ON: inactive players will automatically lose when time's up. (requested by oops all fake outs)
|inactive|oops all fake outs has 60 seconds left.
|
|t:|1756934078
|teamsize|p1|4
|teamsize|p2|4
|start
|switch|p1a: Kommo-o|Kommo-o, L50, F|100/100
|switch|p1b: Amoonguss|Amoonguss, L50, F|100/100
|switch|p2a: Sneasler|Sneasler, L50, M|100/100
|switch|p2b: Kingambit|Kingambit, L50, M|100/100
|turn|1
|
|t:|1756934092
|move|p2a: Sneasler|Fake Out|p1b: Amoonguss
|-damage|p1b: Amoonguss|87/100
|move|p1a: Kommo-o|Clangorous Soul|p1a: Kommo-o
|-boost|p1a: Kommo-o|atk|1
|-boost|p1a: Kommo-o|def|1
|-boost|p1a: Kommo-o|spa|1
|-boost|p1a: Kommo-o|spd|1
|-boost|p1a: Kommo-o|spe|1
|-damage|p1a: Kommo-o|68/100
|-enditem|p1a: Kommo-o|Throat Spray
|-boost|p1a: Kommo-o|spa|1|[from] item: Throat Spray
|move|p2b: Kingambit|Swords Dance|p2b: Kingambit
|-boost|p2b: Kingambit|atk|2
|cant|p1b: Amoonguss|flinch
|
|upkeep
|turn|2
|
|t:|1756934114
|move|p2b: Kingambit|Protect|p2b: Kingambit
|-singleturn|p2b: Kingambit|Protect
|move|p1a: Kommo-o|Aura Sphere|p2b: Kingambit
|-activate|p2b: Kingambit|move: Protect
|move|p2a: Sneasler|Dire Claw|p1b: Amoonguss
|-damage|p1b: Amoonguss|46/100
|-enditem|p1b: Amoonguss|Sitrus Berry|[eat]
|-heal|p1b: Amoonguss|71/100|[from] item: Sitrus Berry
|move|p1b: Amoonguss|Spore|p2a: Sneasler
|-status|p2a: Sneasler|slp|[from] move: Spore
|
|upkeep
|turn|3
|inactive|oops all fake outs has 30 seconds left.
|
|t:|1756934144
|switch|p2a: Rillaboom|Rillaboom, L50, M|100/100
|-fieldstart|move: Grassy Terrain|[from] ability: Grassy Surge|[of] p2a: Rillaboom
|-terastallize|p2b: Kingambit|Fire
|move|p1a: Kommo-o|Aura Sphere|p2b: Kingambit
|-damage|p2b: Kingambit|27/100
|move|p2b: Kingambit|Kowtow Cleave|p1b: Amoonguss
|-damage|p1b: Amoonguss|0 fnt
|faint|p1b: Amoonguss
|
|-heal|p1a: Kommo-o|74/100|[from] Grassy Terrain
|-heal|p2b: Kingambit|33/100|[from] Grassy Terrain
|upkeep
|
|t:|1756934152
|switch|p1b: Incineroar|Incineroar, L50, M|100/100
|-ability|p1b: Incineroar|Intimidate|boost
|-unboost|p2a: Rillaboom|atk|1
|-unboost|p2b: Kingambit|atk|1
|-ability|p2b: Kingambit|Defiant|boost
|-boost|p2b: Kingambit|atk|2
|turn|4
|inactive|oops all fake outs has 30 seconds left.
|
|t:|1756934186
|switch|p2a: Magmar|Magmar, L50, F|100/100
|move|p2b: Kingambit|Protect|p2b: Kingambit
|-singleturn|p2b: Kingambit|Protect
|move|p1b: Incineroar|Fake Out|p2b: Kingambit
|-activate|p2b: Kingambit|move: Protect
|move|p1a: Kommo-o|Aura Sphere|p2a: Magmar
|-damage|p2a: Magmar|49/100
|
|-heal|p1a: Kommo-o|80/100|[from] Grassy Terrain
|-heal|p2a: Magmar|55/100|[from] Grassy Terrain
|-heal|p2b: Kingambit|38/100|[from] Grassy Terrain
|upkeep
|turn|5
|
|t:|1756934204
|move|p2a: Magmar|Follow Me|p2a: Magmar
|-singleturn|p2a: Magmar|move: Follow Me
|move|p2b: Kingambit|Sucker Punch|p1a: Kommo-o
|-resisted|p1a: Kommo-o
|-damage|p1a: Kommo-o|43/100
|move|p1a: Kommo-o|Clanging Scales|p2b: Kingambit|[spread] p2a,p2b
|-damage|p2a: Magmar|0 fnt
|-damage|p2b: Kingambit|0 fnt
|faint|p2a: Magmar
|faint|p2b: Kingambit
|-unboost|p1a: Kommo-o|def|1
|move|p1b: Incineroar|Knock Off|p2: Magmar|[notarget]
|-fail|p1b: Incineroar
|
|-heal|p1a: Kommo-o|49/100|[from] Grassy Terrain
|upkeep
|-message|oops all fake outs forfeited.
|
|win|FlareIsSolar
||FlareIsSolar is ready for game 2.
||oops all fake outs is ready for game 2.
|uhtml|next|Next: Game 2 of 3
