|j|â˜†KrisDeltarun
|j|â˜†myki meeks
|html|KrisDeltarunmyki meeks    
|uhtml|bestof|Game 2 of a best-of-3
|t:|1784910524
|gametype|doubles
|player|p1|KrisDeltarun|cowgirl|1313
|player|p2|myki meeks|liza|1291
|gen|9
|tier|[Gen 9 Champions] VGC 2026 Reg M-B (Bo3)
|rated|
|rule|Species Clause: Limit one of each PokÃ©mon
|rule|Item Clause: Limit 1 of each item
|clearpoke
|poke|p1|Raichu, L50, M|
|poke|p1|Gyarados, L50, F|
|poke|p1|Gholdengo, L50|
|poke|p1|Sinistcha, L50|
|poke|p1|Sneasler, L50, M|
|poke|p1|Pelipper, L50, M|
|poke|p2|Staraptor, L50, M|
|poke|p2|Delphox, L50, M|
|poke|p2|Sinistcha, L50|
|poke|p2|Kingambit, L50, M|
|poke|p2|Garchomp, L50, M|
|poke|p2|Sneasler, L50, F|
|teampreview|4
|showteam|p1|Raichu||RaichuniteY|LightningRod|FakeOut,ZapCannon,FocusBlast,Protect|Timid||M|||50|]Gyarados||Gyaradosite|Intimidate|Waterfall,Crunch,DragonDance,Protect|Adamant||F|||50|]Gholdengo||Leftovers|GoodasGold|MakeItRain,ShadowBall,NastyPlot,Protect|Modest|||||50|]Sinistcha||ColburBerry|Hospitality|MatchaGotcha,RagePowder,LifeDew,TrickRoom|Sassy|||||50|]Sneasler||FocusSash|Unburden|FakeOut,CloseCombat,DireClaw,Coaching|Jolly||M|||50|]Pelipper||SitrusBerry|Drizzle|WeatherBall,Tailwind,Hurricane,WideGuard|Calm||M|||50|
|showteam|p2|Staraptor||Staraptite|Intimidate|CloseCombat,BraveBird,Roost,Whirlwind|Careful||M|||50|]Delphox||Delphoxite|Blaze|HeatWave,Psychic,NastyPlot,Protect|Timid||M|||50|]Sinistcha||SitrusBerry|Hospitality|MatchaGotcha,Protect,LifeDew,RagePowder|Bold|||||50|]Kingambit||BlackGlasses|Defiant|KowtowCleave,SuckerPunch,SwordsDance,Protect|Adamant||M|||50|]Garchomp||Leftovers|RoughSkin|Earthquake,DragonClaw,RockSlide,Protect|Jolly||M|||50|]Sneasler||FocusSash|PoisonTouch|FakeOut,PoisonJab,CloseCombat,Protect|Jolly||F|||50|
|inactive|Battle timer is ON: inactive players will automatically lose when time's up. (requested by myki meeks)
|c|â˜†KrisDeltarun|Whirlwind is cool tech
|inactive|myki meeks has 60 seconds left.
|c|â˜†myki meeks|thanks :) it kinda sucks not having protect tho sometimes
|c|â˜†myki meeks|still a work in progress
|c|â˜†KrisDeltarun|Fair fair
|
|t:|1784910587
|teamsize|p1|4
|teamsize|p2|4
|start
|switch|p1a: Gyarados|Gyarados, L50, F|100/100
|switch|p1b: Sneasler|Sneasler, L50, M|100/100
|switch|p2a: Garchomp|Garchomp, L50, M|100/100
|switch|p2b: Sneasler|Sneasler, L50, F|100/100
|-ability|p1a: Gyarados|Intimidate|boost
|-unboost|p2a: Garchomp|atk|1
|-unboost|p2b: Sneasler|atk|1
|turn|1
|
|t:|1784910599
|switch|p2b: Staraptor|Staraptor, L50, M|100/100
|-ability|p2b: Staraptor|Intimidate|boost
|-unboost|p1a: Gyarados|atk|1
|-unboost|p1b: Sneasler|atk|1
|move|p1b: Sneasler|Coaching|p1a: Gyarados
|-boost|p1a: Gyarados|atk|1
|-boost|p1a: Gyarados|def|1
|move|p2a: Garchomp|Earthquake|p1b: Sneasler|[spread] p1b
|-immune|p2b: Staraptor
|-immune|p1a: Gyarados
|-supereffective|p1b: Sneasler|1
|-damage|p1b: Sneasler|21/100
|move|p1a: Gyarados|Dragon Dance|p1a: Gyarados
|-boost|p1a: Gyarados|atk|1
|-boost|p1a: Gyarados|spe|1
|
|upkeep
|turn|2
|inactive|myki meeks has 30 seconds left.
|
|t:|1784910625
|detailschange|p1a: Gyarados|Gyarados-Mega, L50, F
|-mega|p1a: Gyarados|Gyarados|Gyaradosite
|-ability|p1a: Gyarados|Mold Breaker
|detailschange|p2b: Staraptor|Staraptor-Mega, L50, M
|-mega|p2b: Staraptor|Staraptor|Staraptite
|move|p1a: Gyarados|Waterfall|p2b: Staraptor
|-damage|p2b: Staraptor|35/100
|move|p1b: Sneasler|Dire Claw|p2b: Staraptor
|-damage|p2b: Staraptor|9/100
|-status|p2b: Staraptor|slp
|move|p2a: Garchomp|Dragon Claw|p1a: Gyarados
|-damage|p1a: Gyarados|85/100
|cant|p2b: Staraptor|slp
|
|upkeep
|turn|3
|c|â˜†KrisDeltarun|My bad
|c|â˜†myki meeks|all good
|inactive|myki meeks has 30 seconds left.
|
|t:|1784910659
|move|p1a: Gyarados|Waterfall|p2b: Staraptor
|-damage|p2b: Staraptor|0 fnt
|faint|p2b: Staraptor
|move|p1b: Sneasler|Coaching|p1a: Gyarados
|-boost|p1a: Gyarados|atk|1
|-boost|p1a: Gyarados|def|1
|move|p2a: Garchomp|Rock Slide|p1a: Gyarados|[spread] p1a,p1b
|-resisted|p1b: Sneasler|1
|-damage|p1a: Gyarados|79/100
|-damage|p1b: Sneasler|10/100
|
|upkeep
|
|t:|1784910677
|switch|p2b: Sneasler|Sneasler, L50, F|100/100
|turn|4
|
|t:|1784910691
|move|p1a: Gyarados|Protect|p1a: Gyarados
|-singleturn|p1a: Gyarados|Protect
|move|p1b: Sneasler|Dire Claw|p2b: Sneasler
|-resisted|p2b: Sneasler|1
|-damage|p2b: Sneasler|76/100
|move|p2b: Sneasler|Close Combat|p1a: Gyarados
|-activate|p1a: Gyarados|move: Protect
|move|p2a: Garchomp|Rock Slide|p1a: Gyarados|[spread] p1b
|-activate|p1a: Gyarados|move: Protect
|-resisted|p1b: Sneasler|1
|-damage|p1b: Sneasler|1/100
|
|upkeep
|turn|5
|
|t:|1784910701
|move|p2b: Sneasler|Protect|p2b: Sneasler
|-singleturn|p2b: Sneasler|Protect
|move|p1a: Gyarados|Waterfall|p2b: Sneasler
|-activate|p2b: Sneasler|move: Protect
|move|p1b: Sneasler|Coaching|p1a: Gyarados
|-boost|p1a: Gyarados|atk|1
|-boost|p1a: Gyarados|def|1
|move|p2a: Garchomp|Rock Slide|p1a: Gyarados|[spread] p1a,p1b
|-resisted|p1b: Sneasler|1
|-damage|p1a: Gyarados|75/100
|-damage|p1b: Sneasler|0 fnt
|faint|p1b: Sneasler
|
|upkeep
|
|t:|1784910703
|switch|p1b: Sinistcha|Sinistcha, L50|100/100
|-heal|p1a: Gyarados|100/100|[from] ability: Hospitality|[of] p1b: Sinistcha
|turn|6
|
|t:|1784910714
|switch|p2a: Kingambit|Kingambit, L50, M|100/100
|move|p1a: Gyarados|Waterfall|p2b: Sneasler
|-damage|p2b: Sneasler|0 fnt
|faint|p2b: Sneasler
|move|p1b: Sinistcha|Matcha Gotcha|p2a: Kingambit
|-resisted|p2a: Kingambit|1
|-damage|p2a: Kingambit|85/100
|
|upkeep
|
|t:|1784910718
|switch|p2b: Garchomp|Garchomp, L50, M|100/100
|turn|7
|
|t:|1784910722
|switch|p1b: Pelipper|Pelipper, L50, M|100/100
|-weather|RainDance|[from] ability: Drizzle|[of] p1b: Pelipper
|move|p2b: Garchomp|Protect|p2b: Garchomp
|-singleturn|p2b: Garchomp|Protect
|move|p1a: Gyarados|Waterfall|p2a: Kingambit
|-crit|p2a: Kingambit
|-damage|p2a: Kingambit|0 fnt
|faint|p2a: Kingambit
|
|-weather|RainDance|[upkeep]
|upkeep
|turn|8
|-message|myki meeks forfeited.
|
|win|KrisDeltarun
|raw|KrisDeltarun's rating: 1313 → 1332(+19 for winning)
|raw|myki meeks's rating: 1291 → 1268(-23 for losing)
|l|â˜†myki meeks
|player|p2|
