|j|☆empotato
|j|‽stephen greep fan
|html|empotatostephen greep fan    
|uhtml|bestof|Game 2 of a best-of-3
|t:|1784509411
|gametype|doubles
|player|p1|empotato|cynthia-gen4|1241
|player|p2|stephen greep fan|170|1426
|gen|9
|tier|[Gen 9 Champions] VGC 2026 Reg M-B (Bo3)
|rated|
|rule|Species Clause: Limit one of each Pokémon
|rule|Item Clause: Limit 1 of each item
|clearpoke
|poke|p1|Charizard, L50, F|
|poke|p1|Incineroar, L50, F|
|poke|p1|Venusaur, L50, F|
|poke|p1|Garchomp, L50, M|
|poke|p1|Toxapex, L50, M|
|poke|p1|Annihilape, L50, M|
|poke|p2|Charizard, L50, M, shiny|
|poke|p2|Metagross, L50|
|poke|p2|Hydreigon, L50, F|
|poke|p2|Incineroar, L50, F|
|poke|p2|Toxapex, L50, M|
|poke|p2|Annihilape, L50, M|
|teampreview|4
|showteam|p1|Charizard||CharizarditeY|Blaze|HeatWave,WeatherBall,HelpingHand,Protect|Modest||F|||50|]Incineroar||SitrusBerry|Intimidate|FlareBlitz,ThroatChop,FakeOut,PartingShot|Impish||F|||50|]Venusaur||LifeOrb|Chlorophyll|SludgeBomb,SolarBeam,EarthPower,Protect|Modest||F|||50|]Garchomp||ChoiceScarf|RoughSkin|Earthquake,StompingTantrum,RockSlide,DragonClaw|Adamant||M|||50|]Toxapex||Leftovers|Regenerator|Toxic,Infestation,WideGuard,BanefulBunker|Bold||M|||50|]Annihilape||FocusSash|Defiant|PhantomForce,CloseCombat,RockTomb,Protect|Jolly||M|||50|
|showteam|p2|Charizard||CharizarditeY|Blaze|HeatWave,WeatherBall,SolarBeam,Protect|Modest||M|||50|]Metagross||Metagrossite|ClearBody|PsychicFangs,BulletPunch,BodyPress,Protect|Adamant|||||50|]Hydreigon||ChoiceScarf|Levitate|DarkPulse,DracoMeteor,Snarl,EarthPower|Modest||F|||50|]Incineroar||SitrusBerry|Intimidate|FlareBlitz,DarkestLariat,PartingShot,FakeOut|Impish||F|||50|]Toxapex||Leftovers|Regenerator|Infestation,Toxic,WideGuard,BanefulBunker|Relaxed||M|||50|]Annihilape||FocusSash|Defiant|PhantomForce,CloseCombat,Coaching,Protect|Jolly||M|||50|
|
|t:|1784509457
|teamsize|p1|4
|teamsize|p2|4
|start
|switch|p1a: Charizard|Charizard, L50, F|100/100
|switch|p1b: Annihilape|Annihilape, L50, M|100/100
|switch|p2a: Charizard|Charizard, L50, M, shiny|100/100
|switch|p2b: Incineroar|Incineroar, L50, F|100/100
|-ability|p2b: Incineroar|Intimidate|boost
|-unboost|p1a: Charizard|atk|1
|-unboost|p1b: Annihilape|atk|1
|-ability|p1b: Annihilape|Defiant|boost
|-boost|p1b: Annihilape|atk|2
|turn|1
|
|t:|1784509482
|switch|p2a: Toxapex|Toxapex, L50, M|100/100
|switch|p1a: Garchomp|Garchomp, L50, M|100/100
|move|p1b: Annihilape|Protect|p1b: Annihilape
|-singleturn|p1b: Annihilape|Protect
|move|p2b: Incineroar|Parting Shot|p1a: Garchomp
|-unboost|p1a: Garchomp|atk|1
|-unboost|p1a: Garchomp|spa|1
|
|t:|1784509490
|switch|p2b: Charizard|Charizard, L50, M, shiny|100/100|[from] Parting Shot
|
|upkeep
|turn|2
|
|t:|1784509511
|move|p2b: Charizard|Protect|p2b: Charizard
|-singleturn|p2b: Charizard|Protect
|move|p1a: Garchomp|Stomping Tantrum|p2a: Toxapex
|-supereffective|p2a: Toxapex|1
|-damage|p2a: Toxapex|64/100
|move|p1b: Annihilape|Rock Tomb|p2b: Charizard
|-activate|p2b: Charizard|move: Protect
|move|p2a: Toxapex|Infestation|p1a: Garchomp
|-damage|p1a: Garchomp|96/100
|-activate|p1a: Garchomp|move: Infestation|[of] p2a: Toxapex
|-damage|p2a: Toxapex|52/100|[from] ability: Rough Skin|[of] p1a: Garchomp
|
|-heal|p2a: Toxapex|57/100|[from] item: Leftovers
|-damage|p1a: Garchomp|84/100|[from] move: Infestation|[partiallytrapped]
|upkeep
|turn|3
|
|t:|1784509530
|switch|p2b: Incineroar|Incineroar, L50, F|100/100
|-ability|p2b: Incineroar|Intimidate|boost
|-unboost|p1a: Garchomp|atk|1
|-unboost|p1b: Annihilape|atk|1
|-ability|p1b: Annihilape|Defiant|boost
|-boost|p1b: Annihilape|atk|2
|move|p1a: Garchomp|Stomping Tantrum|p2b: Incineroar
|-supereffective|p2b: Incineroar|1
|-damage|p2b: Incineroar|73/100
|move|p1b: Annihilape|Rock Tomb|p2b: Incineroar
|-supereffective|p2b: Incineroar|1
|-damage|p2b: Incineroar|21/100
|-unboost|p2b: Incineroar|spe|1
|-enditem|p2b: Incineroar|Sitrus Berry|[eat]
|-heal|p2b: Incineroar|46/100|[from] item: Sitrus Berry
|move|p2a: Toxapex|Toxic|p1b: Annihilape
|-status|p1b: Annihilape|tox
|
|-heal|p2a: Toxapex|63/100|[from] item: Leftovers
|-damage|p1b: Annihilape|94/100 tox|[from] psn
|-damage|p1a: Garchomp|72/100|[from] move: Infestation|[partiallytrapped]
|upkeep
|turn|4
|
|t:|1784509549
|move|p2b: Incineroar|Fake Out|p1a: Garchomp
|-damage|p1a: Garchomp|60/100
|-damage|p2b: Incineroar|34/100|[from] ability: Rough Skin|[of] p1a: Garchomp
|cant|p1a: Garchomp|flinch
|move|p1b: Annihilape|Close Combat|p2b: Incineroar
|-supereffective|p2b: Incineroar|1
|-damage|p2b: Incineroar|0 fnt
|-unboost|p1b: Annihilape|def|1
|-unboost|p1b: Annihilape|spd|1
|faint|p2b: Incineroar
|move|p2a: Toxapex|Toxic|p1a: Garchomp
|-status|p1a: Garchomp|tox
|
|-heal|p2a: Toxapex|69/100|[from] item: Leftovers
|-damage|p1a: Garchomp|54/100 tox|[from] psn
|-damage|p1b: Annihilape|82/100 tox|[from] psn
|-damage|p1a: Garchomp|42/100 tox|[from] move: Infestation|[partiallytrapped]
|upkeep
|
|t:|1784509561
|switch|p2b: Hydreigon|Hydreigon, L50, F|100/100
|turn|5
|
|t:|1784509610
|switch|p1b: Venusaur|Venusaur, L50, F|100/100
|move|p2a: Toxapex|Baneful Bunker|p2a: Toxapex
|-singleturn|p2a: Toxapex|move: Protect
|move|p1a: Garchomp|Stomping Tantrum|p2a: Toxapex
|-activate|p2a: Toxapex|move: Protect
|move|p2b: Hydreigon|Draco Meteor|p1b: Venusaur
|-damage|p1b: Venusaur|18/100
|-unboost|p2b: Hydreigon|spa|2
|
|-heal|p2a: Toxapex|75/100|[from] item: Leftovers
|-damage|p1a: Garchomp|30/100 tox|[from] psn
|-damage|p1a: Garchomp|18/100 tox|[from] move: Infestation|[partiallytrapped]
|upkeep
|turn|6
|
|t:|1784509644
|-heal|p2a: Toxapex|100/100|[from] ability: Regenerator|[silent]
|switch|p2a: Charizard|Charizard, L50, M, shiny|100/100
|move|p1a: Garchomp|Stomping Tantrum|p2a: Charizard
|-immune|p2a: Charizard
|move|p2b: Hydreigon|Draco Meteor|p1b: Venusaur
|-damage|p1b: Venusaur|0 fnt
|-unboost|p2b: Hydreigon|spa|2
|faint|p1b: Venusaur
|
|-damage|p1a: Garchomp|0 fnt|[from] psn
|faint|p1a: Garchomp
|upkeep
|
|t:|1784509653
|switch|p1a: Charizard|Charizard, L50, F|100/100
|switch|p1b: Annihilape|Annihilape, L50, M|82/100 tox
|turn|7
|
|t:|1784509693
|switch|p2b: Toxapex|Toxapex, L50, M|100/100
|detailschange|p2a: Charizard|Charizard-Mega-Y, L50, M, shiny
|-mega|p2a: Charizard|Charizard|Charizardite Y
|-weather|SunnyDay|[from] ability: Drought|[of] p2a: Charizard
|detailschange|p1a: Charizard|Charizard-Mega-Y, L50, F
|-mega|p1a: Charizard|Charizard|Charizardite Y
|move|p2a: Charizard|Protect|p2a: Charizard
|-singleturn|p2a: Charizard|Protect
|move|p1b: Annihilape|Rock Tomb|p2a: Charizard
|-activate|p2a: Charizard|move: Protect
|move|p1a: Charizard|Weather Ball|p2b: Toxapex
|-resisted|p2b: Toxapex|1
|-damage|p2b: Toxapex|68/100
|
|-weather|SunnyDay|[upkeep]
|-heal|p2b: Toxapex|73/100|[from] item: Leftovers
|-damage|p1b: Annihilape|76/100 tox|[from] psn
|upkeep
|turn|8
|
|t:|1784509713
|move|p1b: Annihilape|Close Combat|p2a: Charizard
|-resisted|p2a: Charizard|1
|-damage|p2a: Charizard|71/100
|-unboost|p1b: Annihilape|def|1
|-unboost|p1b: Annihilape|spd|1
|move|p2a: Charizard|Weather Ball|p1b: Annihilape
|-damage|p1b: Annihilape|0 fnt
|faint|p1b: Annihilape
|move|p1a: Charizard|Weather Ball|p2b: Toxapex
|-resisted|p2b: Toxapex|1
|-damage|p2b: Toxapex|39/100
|move|p2b: Toxapex|Toxic|p1a: Charizard
|-status|p1a: Charizard|tox
|
|-weather|SunnyDay|[upkeep]
|-heal|p2b: Toxapex|45/100|[from] item: Leftovers
|-damage|p1a: Charizard|93/100 tox|[from] psn
|upkeep
|turn|9
|-message|empotato forfeited.
|
|win|stephen greep fan
||empotato is ready for game 3.
||stephen greep fan is ready for game 3.
|uhtml|next|Next: Game 3 of 3
