|j|☆A_AstroFakemons
|j|☆ninha1600
|html|A_AstroFakemonsninha1600    
|uhtml|bestof|Game 1 of a best-of-3
|t:|1756582028
|gametype|doubles
|player|p1|A_AstroFakemons|kieran-champion|1123
|player|p2|ninha1600|101|1000
|gen|9
|tier|[Gen 9] VGC 2025 Reg H (Bo3)
|rated|
|rule|Species Clause: Limit one of each Pokémon
|rule|Item Clause: Limit 1 of each item
|clearpoke
|poke|p1|Rillaboom, L50, M|
|poke|p1|Incineroar, L50, M|
|poke|p1|Gholdengo, L50|
|poke|p1|Hydreigon, L50, M|
|poke|p1|Farigiraf, L50, F|
|poke|p1|Palafin, L50, M|
|poke|p2|Charizard, L50, M|
|poke|p2|Torkoal, L50, M|
|poke|p2|Porygon2, L50|
|poke|p2|Incineroar, L50, M|
|poke|p2|Lilligant-Hisui, L50, F|
|poke|p2|Ursaluna, L50, M|
|teampreview|4
|showteam|p1|Rillaboom||AssaultVest|GrassySurge|WoodHammer,GrassyGlide,FakeOut,Uturn|||M|||50|,,,,,Fire]Incineroar||SafetyGoggles|Intimidate|FlareBlitz,KnockOff,FakeOut,PartingShot|||M|||50|,,,,,Ghost]Gholdengo||MetalCoat|GoodasGold|MakeItRain,ShadowBall,NastyPlot,Protect||||||50|,,,,,Steel]Hydreigon||LifeOrb|Levitate|DarkPulse,DracoMeteor,Flamethrower,Protect|||M|||50|,,,,,Steel]Farigiraf||ThroatSpray|ArmorTail|HyperVoice,TwinBeam,TrickRoom,Protect|||F|||50|,,,,,Grass]Palafin||ChoiceBand|ZerotoHero|WaveCrash,JetPunch,FlipTurn,CloseCombat|||M|||50|,,,,,Fire
|showteam|p2|Charizard||ChoiceSpecs|SolarPower|HeatWave,Overheat,WeatherBall,AirSlash|||M|||50|,,,,,Ghost]Torkoal||EjectPack|Drought|Eruption,Overheat,HelpingHand,Protect|||M|||50|,,,,,Fire]Porygon2||Eviolite|Download|TeraBlast,IceBeam,Recover,TrickRoom||||||50|,,,,,Fighting]Incineroar||SitrusBerry|Intimidate|FlareBlitz,KnockOff,FakeOut,PartingShot|||M|||50|,,,,,Ghost]Lilligant-Hisui||FocusSash|Chlorophyll|AfterYou,CloseCombat,SleepPowder,IceSpinner|||F|||50|,,,,,Ghost]Ursaluna||FlameOrb|Guts|HeadlongRush,Facade,Earthquake,Protect|||M|||50|,,,,,Ghost
|inactive|Battle timer is ON: inactive players will automatically lose when time's up. (requested by A_AstroFakemons)
|inactive|ninha1600 has 60 seconds left.
|inactive|ninha1600 has 30 seconds left.
|
|t:|1756582096
|teamsize|p1|4
|teamsize|p2|4
|start
|switch|p1a: Harambe D.Alfred|Rillaboom, L50, M, shiny|100/100
|switch|p1b: WolfeVCG|Incineroar, L50, M, shiny|100/100
|switch|p2a: Lilligant|Lilligant-Hisui, L50, F|100/100
|switch|p2b: Torkoal|Torkoal, L50, M|100/100
|-fieldstart|move: Grassy Terrain|[from] ability: Grassy Surge|[of] p1a: Harambe D.Alfred
|-ability|p1b: WolfeVCG|Intimidate|boost
|-unboost|p2a: Lilligant|atk|1
|-unboost|p2b: Torkoal|atk|1
|-weather|SunnyDay|[from] ability: Drought|[of] p2b: Torkoal
|-enditem|p2b: Torkoal|Eject Pack
|
|t:|1756582112
|switch|p2b: Charizard|Charizard, L50, M|100/100
|turn|1
|inactive|A_AstroFakemons has 30 seconds left.
|inactive|A_AstroFakemons has 20 seconds left.
|inactive|A_AstroFakemons has 15 seconds left.
|
|t:|1756582152
|switch|p2b: Ursaluna|Ursaluna, L50, M|100/100
|-terastallize|p2a: Lilligant|Ghost
|move|p1a: Harambe D.Alfred|Fake Out|p2b: Ursaluna
|-damage|p2b: Ursaluna|89/100
|move|p2a: Lilligant|Ice Spinner|p1a: Harambe D.Alfred
|-supereffective|p1a: Harambe D.Alfred
|-damage|p1a: Harambe D.Alfred|68/100
|-fieldend|move: Grassy Terrain
|move|p1b: WolfeVCG|Parting Shot|p2b: Ursaluna
|-unboost|p2b: Ursaluna|atk|1
|-unboost|p2b: Ursaluna|spa|1
|
|t:|1756582165
|switch|p1b: Billionaire|Gholdengo, L50|100/100|[from] Parting Shot
|
|-weather|SunnyDay|[upkeep]
|-status|p2b: Ursaluna|brn|[from] item: Flame Orb
|upkeep
|turn|2
|inactive|A_AstroFakemons has 30 seconds left.
|inactive|ninha1600 has 30 seconds left.
|
|t:|1756582195
|switch|p1b: King Goredra|Hydreigon, L50, M|100/100
|move|p2a: Lilligant|After You|p2b: Ursaluna
|-activate|p2b: Ursaluna|move: After You
|move|p2b: Ursaluna|Facade|p1a: Harambe D.Alfred
|-damage|p1a: Harambe D.Alfred|0 fnt
|faint|p1a: Harambe D.Alfred
|
|-weather|SunnyDay|[upkeep]
|-damage|p2b: Ursaluna|83/100 brn|[from] brn
|upkeep
|
|t:|1756582205
|switch|p1a: WolfeVCG|Incineroar, L50, M, shiny|100/100
|-ability|p1a: WolfeVCG|Intimidate|boost
|-unboost|p2a: Lilligant|atk|1
|-unboost|p2b: Ursaluna|atk|1
|turn|3
|
|t:|1756582226
|switch|p1b: Billionaire|Gholdengo, L50|100/100
|move|p2b: Ursaluna|Protect|p2b: Ursaluna
|-singleturn|p2b: Ursaluna|Protect
|move|p2a: Lilligant|Sleep Powder|p1b: Billionaire
|-immune|p1b: Billionaire|[from] ability: Good as Gold
|move|p1a: WolfeVCG|Knock Off|p2a: Lilligant
|-supereffective|p2a: Lilligant
|-enditem|p2a: Lilligant|Focus Sash
|-damage|p2a: Lilligant|1/100
|
|-weather|SunnyDay|[upkeep]
|-damage|p2b: Ursaluna|78/100 brn|[from] brn
|upkeep
|turn|4
|inactive|A_AstroFakemons has 30 seconds left.
|inactive|ninha1600 has 30 seconds left.
|inactive|A_AstroFakemons has 20 seconds left.
|
|t:|1756582265
|move|p1b: Billionaire|Protect|p1b: Billionaire
|-singleturn|p1b: Billionaire|Protect
|move|p2a: Lilligant|After You|p2b: Ursaluna
|-activate|p2b: Ursaluna|move: After You
|move|p2b: Ursaluna|Facade|p1a: WolfeVCG
|-damage|p1a: WolfeVCG|49/100
|move|p1a: WolfeVCG|Knock Off|p2a: Lilligant
|-supereffective|p2a: Lilligant
|-damage|p2a: Lilligant|0 fnt
|faint|p2a: Lilligant
|
|-weather|SunnyDay|[upkeep]
|-damage|p2b: Ursaluna|72/100 brn|[from] brn
|upkeep
|
|t:|1756582284
|switch|p2a: Charizard|Charizard, L50, M|100/100
|turn|5
|inactive|A_AstroFakemons has 30 seconds left.
|
|t:|1756582309
|move|p2a: Charizard|Heat Wave|p1a: WolfeVCG|[spread] p1a,p1b
|-resisted|p1a: WolfeVCG
|-supereffective|p1b: Billionaire
|-damage|p1a: WolfeVCG|0 fnt
|-damage|p1b: Billionaire|0 fnt
|faint|p1a: WolfeVCG
|faint|p1b: Billionaire
|move|p2b: Ursaluna|Facade|p1: WolfeVCG|[notarget]
|-fail|p2b: Ursaluna
|
|-weather|none
|-damage|p2b: Ursaluna|66/100 brn|[from] brn
|upkeep
|
|t:|1756582319
|switch|p1a: King Goredra|Hydreigon, L50, M|100/100
|turn|6
|
|t:|1756582328
|move|p1a: King Goredra|Protect|p1a: King Goredra
|-singleturn|p1a: King Goredra|Protect
|move|p2a: Charizard|Heat Wave|p1a: King Goredra
|-activate|p1a: King Goredra|move: Protect
|move|p2b: Ursaluna|Facade|p1a: King Goredra
|-activate|p1a: King Goredra|move: Protect
|
|-damage|p2b: Ursaluna|60/100 brn|[from] brn
|upkeep
|turn|7
|
|t:|1756582345
|switch|p2b: Torkoal|Torkoal, L50, M|100/100
|-weather|SunnyDay|[from] ability: Drought|[of] p2b: Torkoal
|-terastallize|p1a: King Goredra|Steel
|move|p2a: Charizard|Heat Wave|p1a: King Goredra
|-supereffective|p1a: King Goredra
|-damage|p1a: King Goredra|0 fnt
|faint|p1a: King Goredra
|
|win|ninha1600
||A_AstroFakemons is ready for game 2.
|inactive|ninha1600 has 30 seconds to confirm battle start!
