|j|☆Saicam16
|j|☆redben1092837465
|html|Saicam16redben1092837465    
|uhtml|bestof|Game 2 of a best-of-3
|t:|1783542423
|gametype|doubles
|player|p1|Saicam16|2|1059
|player|p2|redben1092837465|265|1018
|gen|9
|tier|[Gen 9 Champions] VGC 2026 Reg M-B (Bo3)
|rated|
|rule|Species Clause: Limit one of each Pokémon
|rule|Item Clause: Limit 1 of each item
|clearpoke
|poke|p1|Charizard, L50, M|
|poke|p1|Primarina, L50, M, shiny|
|poke|p1|Kingambit, L50, F, shiny|
|poke|p1|Incineroar, L50, M|
|poke|p1|Sneasler, L50, F|
|poke|p1|Farigiraf, L50, F|
|poke|p2|Mamoswine, L50, F|
|poke|p2|Rotom-Wash, L50|
|poke|p2|Sceptile, L50, F|
|poke|p2|Tinkaton, L50, F|
|poke|p2|Farigiraf, L50, M|
|poke|p2|Sableye, L50, F|
|teampreview|4
|showteam|p1|Charizard||CharizarditeX|Blaze|DragonDance,Protect,DragonClaw,FlareBlitz|Jolly||M|||50|]Primarina||MysticWater|LiquidVoice|Protect,HyperVoice,Moonblast,Haze|Modest||M|||50|]Kingambit||BlackGlasses|Defiant|KowtowCleave,SuckerPunch,IronHead,Protect|Adamant||F|||50|]Incineroar||SitrusBerry|Intimidate|FakeOut,PartingShot,FlareBlitz,DarkestLariat|Careful||M|||50|]Sneasler||FocusSash|Unburden|DireClaw,Protect,Coaching,CloseCombat|Adamant||F|||50|]Farigiraf||ColburBerry|ArmorTail|TrickRoom,Psychic,Thunderbolt,Protect|Bold||F|||50|
|showteam|p2|Mamoswine||FocusSash|Oblivious|Earthquake,IceShard,IcicleCrash,Protect|Adamant||F|||50|]Rotom-Wash||ChoiceScarf|Levitate|Discharge,Electroweb,HydroPump,VoltSwitch|Modest|||||50|]Sceptile||Sceptilite|Overgrow|GrassKnot,EarthPower,DragonPulse,Protect|Timid||F|||50|]Tinkaton||SitrusBerry|MoldBreaker|FakeOut,PlayRough,GigatonHammer,ThunderWave|Careful||F|||50|]Farigiraf||ColburBerry|ArmorTail|Psychic,LowKick,RainDance,TrickRoom|Sassy||M|||50|]Sableye||Sablenite|Prankster|RainDance,Swagger,FoulPlay,FakeOut|Careful||F|||50|
|
|t:|1783542439
|teamsize|p1|4
|teamsize|p2|4
|start
|switch|p1a: Farigiraf|Farigiraf, L50, F|100/100
|switch|p1b: Charizard|Charizard, L50, M|100/100
|switch|p2a: Rotom|Rotom-Wash, L50|100/100
|switch|p2b: Mamoswine|Mamoswine, L50, F|100/100
|turn|1
|inactive|Battle timer is ON: inactive players will automatically lose when time's up. (requested by Saicam16)
|inactive|Saicam16 has 60 seconds left.
|
|t:|1783542473
|move|p2a: Rotom|Volt Switch|p1b: Charizard
|-supereffective|p1b: Charizard|1
|-damage|p1b: Charizard|21/100
|
|t:|1783542476
|switch|p2a: Sableye|Sableye, L50, F|100/100|[from] Volt Switch
|move|p1b: Charizard|Flare Blitz|p2b: Mamoswine
|-supereffective|p2b: Mamoswine|1
|-enditem|p2b: Mamoswine|Focus Sash
|-damage|p2b: Mamoswine|1/100
|-damage|p1b: Charizard|0 fnt|[from] Recoil
|faint|p1b: Charizard
|move|p2b: Mamoswine|Icicle Crash|p1a: Farigiraf
|-damage|p1a: Farigiraf|56/100
|move|p1a: Farigiraf|Psychic|p2b: Mamoswine
|-damage|p2b: Mamoswine|0 fnt
|faint|p2b: Mamoswine
|
|upkeep
|
|t:|1783542494
|switch|p1b: Incineroar|Incineroar, L50, M|100/100
|switch|p2b: Tinkaton|Tinkaton, L50, F|100/100
|-ability|p2b: Tinkaton|Mold Breaker
|-ability|p1b: Incineroar|Intimidate|boost
|-unboost|p2a: Sableye|atk|1
|-unboost|p2b: Tinkaton|atk|1
|turn|2
|
|t:|1783542509
|move|p1a: Farigiraf|Protect|p1a: Farigiraf
|-singleturn|p1a: Farigiraf|Protect
|move|p2b: Tinkaton|Fake Out|p1b: Incineroar
|-damage|p1b: Incineroar|94/100
|move|p2a: Sableye|Rain Dance|p2a: Sableye
|-weather|RainDance
|cant|p1b: Incineroar|flinch
|
|-weather|RainDance|[upkeep]
|upkeep
|turn|3
|
|t:|1783542529
|switch|p1b: Primarina|Primarina, L50, M, shiny|100/100
|switch|p2a: Rotom|Rotom-Wash, L50|100/100
|move|p2b: Tinkaton|Thunder Wave|p1b: Primarina
|-status|p1b: Primarina|par
|move|p1a: Farigiraf|Trick Room|p1a: Farigiraf
|-fieldstart|move: Trick Room|[of] p1a: Farigiraf
|
|-weather|RainDance|[upkeep]
|upkeep
|turn|4
|
|t:|1783542549
|move|p1b: Primarina|Moonblast|p2a: Rotom
|-damage|p2a: Rotom|35/100
|move|p1a: Farigiraf|Psychic|p2a: Rotom
|-damage|p2a: Rotom|0 fnt
|faint|p2a: Rotom
|move|p2b: Tinkaton|Gigaton Hammer|p1b: Primarina
|-damage|p1b: Primarina|63/100 par
|
|-weather|RainDance|[upkeep]
|upkeep
|
|t:|1783542559
|switch|p2a: Sableye|Sableye, L50, F|100/100
|turn|5
|
|t:|1783542571
|detailschange|p2a: Sableye|Sableye-Mega, L50, F
|-mega|p2a: Sableye|Sableye|Sablenite
|move|p2a: Sableye|Swagger|p1b: Primarina
|-boost|p1b: Primarina|atk|2
|-start|p1b: Primarina|confusion
|-activate|p1b: Primarina|confusion
|-damage|p1b: Primarina|46/100 par|[from] confusion
|move|p1a: Farigiraf|Thunderbolt|p2a: Sableye
|-damage|p2a: Sableye|80/100
|move|p2b: Tinkaton|Thunder Wave|p1a: Farigiraf
|-status|p1a: Farigiraf|par
|
|-weather|RainDance|[upkeep]
|upkeep
|turn|6
|
|t:|1783542591
|-end|p1b: Primarina|confusion
|move|p1b: Primarina|Hyper Voice|p2b: Tinkaton|[spread] p2a,p2b
|-damage|p2a: Sableye|24/100
|-damage|p2b: Tinkaton|48/100
|-enditem|p2b: Tinkaton|Sitrus Berry|[eat]
|-heal|p2b: Tinkaton|73/100|[from] item: Sitrus Berry
|move|p2a: Sableye|Foul Play|p1b: Primarina
|-resisted|p1b: Primarina|1
|-damage|p1b: Primarina|20/100y par
|move|p1a: Farigiraf|Psychic|p2b: Tinkaton
|-resisted|p2b: Tinkaton|1
|-damage|p2b: Tinkaton|59/100
|move|p2b: Tinkaton|Gigaton Hammer|p1b: Primarina
|-damage|p1b: Primarina|0 fnt
|faint|p1b: Primarina
|
|-weather|none
|upkeep
|
|t:|1783542606
|switch|p1b: Incineroar|Incineroar, L50, M|94/100
|-ability|p1b: Incineroar|Intimidate|boost
|-unboost|p2a: Sableye|atk|1
|-unboost|p2b: Tinkaton|atk|1
|turn|7
|
|t:|1783542618
|move|p2a: Sableye|Rain Dance|p2a: Sableye
|-weather|RainDance
|move|p1a: Farigiraf|Thunderbolt|p2a: Sableye
|-damage|p2a: Sableye|6/100
|move|p1b: Incineroar|Flare Blitz|p2b: Tinkaton
|-supereffective|p2b: Tinkaton|1
|-damage|p2b: Tinkaton|8/100
|-damage|p1b: Incineroar|75/100|[from] Recoil
|move|p2b: Tinkaton|Thunder Wave|p1b: Incineroar
|-status|p1b: Incineroar|par
|
|-weather|RainDance|[upkeep]
|-fieldend|move: Trick Room
|upkeep
|turn|8
|
|t:|1783542635
|move|p2b: Tinkaton|Gigaton Hammer|p1b: Incineroar
|-resisted|p1b: Incineroar|1
|-damage|p1b: Incineroar|64/100 par
|move|p2a: Sableye|Foul Play|p1a: Farigiraf
|-supereffective|p1a: Farigiraf|1
|-enditem|p1a: Farigiraf|Colbur Berry|[eat]
|-enditem|p1a: Farigiraf|Colbur Berry|[weaken]
|-damage|p1a: Farigiraf|32/100 par
|move|p1b: Incineroar|Flare Blitz|p2b: Tinkaton
|-supereffective|p2b: Tinkaton|1
|-damage|p2b: Tinkaton|0 fnt
|faint|p2b: Tinkaton
|-damage|p1b: Incineroar|61/100 par|[from] Recoil
|move|p1a: Farigiraf|Thunderbolt|p2a: Sableye
|-damage|p2a: Sableye|0 fnt
|faint|p2a: Sableye
|
|win|Saicam16
|raw|Saicam16's rating: 1059 → 1086(+27 for winning)
|raw|redben1092837465's rating: 1018 → 1007(-11 for losing)
