|j|☆Truevillany123
|j|☆Notaplaceofhonor
|html|Truevillany123Notaplaceofhonor    
|uhtml|bestof|Game 2 of a best-of-3
|t:|1757115643
|gametype|doubles
|player|p1|Truevillany123|1|1127
|player|p2|Notaplaceofhonor|juan-gen3|1184
|gen|9
|tier|[Gen 9] VGC 2025 Reg H (Bo3)
|rated|
|rule|Species Clause: Limit one of each Pokémon
|rule|Item Clause: Limit 1 of each item
|clearpoke
|poke|p1|Ursaluna-Bloodmoon, L50, M|
|poke|p1|Gholdengo, L50|
|poke|p1|Dragonite, L50, M|
|poke|p1|Sneasler, L50, M|
|poke|p1|Incineroar, L50, M|
|poke|p1|Amoonguss, L50, F|
|poke|p2|Dondozo, L50, M|
|poke|p2|Tatsugiri, L50, F|
|poke|p2|Glimmora, L50, F|
|poke|p2|Talonflame, L50, F|
|poke|p2|Gholdengo, L50|
|poke|p2|Annihilape, L50, F|
|teampreview|4
|showteam|p1|Ursaluna-Bloodmoon||AssaultVest|MindsEye|BloodMoon,EarthPower,VacuumWave,HyperVoice|||M|||50|,,,,,Water]Gholdengo||LifeOrb|GoodasGold|Protect,MakeItRain,ShadowBall,NastyPlot||||||50|,,,,,Water]Dragonite||LoadedDice|Multiscale|ScaleShot,Tailwind,Haze,Protect|||M|||50|,,,,,Fairy]Sneasler||FocusSash|Unburden|Protect,DireClaw,CloseCombat,ThroatChop|||M|||50|,,,,,Stellar]Incineroar||SafetyGoggles|Intimidate|KnockOff,PartingShot,FlareBlitz,FakeOut|||M|||50|,,,,,Ghost]Amoonguss||SitrusBerry|Regenerator|RagePowder,Spore,PollenPuff,Protect|||F|||50|,,,,,Psychic
|showteam|p2|Dondozo||Leftovers|Unaware|Protect,WaveCrash,OrderUp,Earthquake|||M|||50|,,,,,Grass]Tatsugiri||FocusSash|Commander|Protect,DragonPulse,DracoMeteor,MuddyWater|||F|||50|,,,,,Stellar]Glimmora||PowerHerb|ToxicDebris|SpikyShield,MeteorBeam,SludgeBomb,EarthPower|||F|||50|,,,,,Grass]Talonflame||LifeOrb|GaleWings|Protect,Tailwind,BraveBird,FlareBlitz|||F|||50|,,,,,Flying]Gholdengo||ChoiceSpecs|GoodasGold|MakeItRain,ShadowBall,Thunderbolt,Trick||||||50|,,,,,Steel]Annihilape||SafetyGoggles|Defiant|CloseCombat,FinalGambit,RageFist,Taunt|||F|||50|,,,,,Fire
|inactive|Battle timer is ON: inactive players will automatically lose when time's up. (requested by Truevillany123)
|
|t:|1757115662
|teamsize|p1|4
|teamsize|p2|4
|start
|switch|p1a: Ursaluna|Ursaluna-Bloodmoon, L50, M|100/100
|switch|p1b: Incineroar|Incineroar, L50, M|100/100
|switch|p2a: Talonflame|Talonflame, L50, F|100/100
|switch|p2b: Glimmora|Glimmora, L50, F|100/100
|-ability|p1b: Incineroar|Intimidate|boost
|-unboost|p2a: Talonflame|atk|1
|-unboost|p2b: Glimmora|atk|1
|turn|1
|inactive|Truevillany123 has 30 seconds left.
|
|t:|1757115693
|switch|p2b: Dondozo|Dondozo, L50, M|100/100
|switch|p1b: Amoonguss|Amoonguss, L50, F|100/100
|move|p2a: Talonflame|Brave Bird|p1a: Ursaluna
|-damage|p1a: Ursaluna|66/100
|-damage|p2a: Talonflame|85/100|[from] Recoil
|-damage|p2a: Talonflame|76/100|[from] item: Life Orb
|move|p1a: Ursaluna|Hyper Voice|p2a: Talonflame|[spread] p2a,p2b
|-damage|p2a: Talonflame|21/100
|-damage|p2b: Dondozo|65/100
|
|-heal|p2b: Dondozo|71/100|[from] item: Leftovers
|upkeep
|turn|2
|inactive|Truevillany123 has 30 seconds left.
|
|t:|1757115721
|switch|p2a: Tatsugiri|Tatsugiri, L50, F|100/100
|-activate|p2a: Tatsugiri|ability: Commander|[of] p2b: Dondozo
|-boost|p2b: Dondozo|atk|2
|-boost|p2b: Dondozo|spa|2
|-boost|p2b: Dondozo|spe|2
|-boost|p2b: Dondozo|def|2
|-boost|p2b: Dondozo|spd|2
|-terastallize|p2b: Dondozo|Grass
|-terastallize|p1a: Ursaluna|Water
|move|p1b: Amoonguss|Protect|p1b: Amoonguss
|-singleturn|p1b: Amoonguss|Protect
|move|p2b: Dondozo|Order Up|p1b: Amoonguss
|-activate|p1b: Amoonguss|move: Protect
|move|p1a: Ursaluna|Hyper Voice|p2a: Tatsugiri|[spread] p2b
|-miss|p1a: Ursaluna|p2a: Tatsugiri
|-damage|p2b: Dondozo|52/100
|
|-heal|p2b: Dondozo|59/100|[from] item: Leftovers
|upkeep
|turn|3
|
|t:|1757115738
|switch|p1a: Incineroar|Incineroar, L50, M|100/100
|-ability|p1a: Incineroar|Intimidate|boost
|-unboost|p2a: Tatsugiri|atk|1
|-unboost|p2b: Dondozo|atk|1
|move|p2b: Dondozo|Order Up|p1a: Incineroar
|-damage|p1a: Incineroar|69/100
|-boost|p2b: Dondozo|atk|1
|move|p1b: Amoonguss|Pollen Puff|p2b: Dondozo
|-supereffective|p2b: Dondozo
|-damage|p2b: Dondozo|40/100
|
|-heal|p2b: Dondozo|46/100|[from] item: Leftovers
|upkeep
|turn|4
|
|t:|1757115759
|switch|p1a: Dragonite|Dragonite, L50, M|100/100
|move|p2b: Dondozo|Protect|p2b: Dondozo
|-singleturn|p2b: Dondozo|Protect
|move|p1b: Amoonguss|Pollen Puff|p2b: Dondozo
|-activate|p2b: Dondozo|move: Protect
|
|-heal|p2b: Dondozo|52/100|[from] item: Leftovers
|upkeep
|turn|5
|
|t:|1757115767
|move|p1b: Amoonguss|Rage Powder|p1b: Amoonguss
|-singleturn|p1b: Amoonguss|move: Rage Powder
|move|p2b: Dondozo|Order Up|p1a: Dragonite
|-supereffective|p1a: Dragonite
|-damage|p1a: Dragonite|56/100
|-boost|p2b: Dondozo|atk|1
|move|p1a: Dragonite|Haze|p1a: Dragonite
|-clearallboost
|
|-heal|p2b: Dondozo|59/100|[from] item: Leftovers
|upkeep
|turn|6
|
|t:|1757115783
|move|p1a: Dragonite|Scale Shot|p2b: Dondozo
|-damage|p2b: Dondozo|49/100
|-damage|p2b: Dondozo|38/100
|-damage|p2b: Dondozo|29/100
|-damage|p2b: Dondozo|17/100
|-damage|p2b: Dondozo|6/100
|-hitcount|p2b: Dondozo|5
|-unboost|p1a: Dragonite|def|1
|-boost|p1a: Dragonite|spe|1
|move|p2b: Dondozo|Order Up|p1a: Dragonite
|-supereffective|p1a: Dragonite
|-damage|p1a: Dragonite|10/100
|-boost|p2b: Dondozo|atk|1
|move|p1b: Amoonguss|Pollen Puff|p1a: Dragonite
|-heal|p1a: Dragonite|60/100
|
|-heal|p2b: Dondozo|12/100|[from] item: Leftovers
|upkeep
|turn|7
|
|t:|1757115802
|move|p1a: Dragonite|Scale Shot|p2b: Dondozo
|-damage|p2b: Dondozo|0 fnt
|faint|p2b: Dondozo
|-hitcount|p2: Dondozo|1
|-unboost|p1a: Dragonite|def|1
|-boost|p1a: Dragonite|spe|1
|move|p1b: Amoonguss|Spore|p2a: Tatsugiri
|-status|p2a: Tatsugiri|slp|[from] move: Spore
|
|upkeep
|
|t:|1757115807
|switch|p2b: Glimmora|Glimmora, L50, F|100/100
|turn|8
|
|t:|1757115830
|move|p1b: Amoonguss|Rage Powder|p1b: Amoonguss
|-singleturn|p1b: Amoonguss|move: Rage Powder
|move|p1a: Dragonite|Scale Shot|p2a: Tatsugiri
|-supereffective|p2a: Tatsugiri
|-damage|p2a: Tatsugiri|45/100 slp
|-supereffective|p2a: Tatsugiri
|-damage|p2a: Tatsugiri|0 fnt
|faint|p2a: Tatsugiri
|-hitcount|p2: Tatsugiri|2
|-unboost|p1a: Dragonite|def|1
|-boost|p1a: Dragonite|spe|1
|move|p2b: Glimmora|Meteor Beam||[still]
|-prepare|p2b: Glimmora|Meteor Beam
|-boost|p2b: Glimmora|spa|1
|-enditem|p2b: Glimmora|Power Herb
|-anim|p2b: Glimmora|Meteor Beam|p1b: Amoonguss
|-damage|p1b: Amoonguss|15/100
|-enditem|p1b: Amoonguss|Sitrus Berry|[eat]
|-heal|p1b: Amoonguss|40/100|[from] item: Sitrus Berry
|
|upkeep
|
|t:|1757115835
|switch|p2a: Talonflame|Talonflame, L50, F|21/100
|turn|9
|
|t:|1757115849
|move|p1b: Amoonguss|Rage Powder|p1b: Amoonguss
|-singleturn|p1b: Amoonguss|move: Rage Powder
|move|p1a: Dragonite|Scale Shot|p2a: Talonflame
|-damage|p2a: Talonflame|0 fnt
|faint|p2a: Talonflame
|-hitcount|p2: Talonflame|1
|-unboost|p1a: Dragonite|def|1
|-boost|p1a: Dragonite|spe|1
|move|p2b: Glimmora|Sludge Bomb|p1b: Amoonguss
|-damage|p1b: Amoonguss|0 fnt
|faint|p1b: Amoonguss
|
|upkeep
|c|☆Truevillany123|gg
|
|t:|1757115859
|switch|p1b: Ursaluna|Ursaluna-Bloodmoon, L50, M, tera:Water|66/100
|turn|10
|
|t:|1757115862
|move|p2b: Glimmora|Spiky Shield|p2b: Glimmora
|-singleturn|p2b: Glimmora|move: Protect
|move|p1a: Dragonite|Scale Shot|p2b: Glimmora
|-activate|p2b: Glimmora|move: Protect
|move|p1b: Ursaluna|Earth Power|p2b: Glimmora
|-activate|p2b: Glimmora|move: Protect
|
|upkeep
|turn|11
|
|t:|1757115870
|move|p1a: Dragonite|Tailwind|p1a: Dragonite
|-sidestart|p1: Truevillany123|move: Tailwind
|move|p1b: Ursaluna|Earth Power|p2b: Glimmora
|-supereffective|p2b: Glimmora
|-damage|p2b: Glimmora|0 fnt
|faint|p2b: Glimmora
|
|win|Truevillany123
|raw|Truevillany123's rating: 1127 → 1156(+29 for winning)
|raw|Notaplaceofhonor's rating: 1184 → 1155(-29 for losing)
