|j|☆LorGhez
|j|☆ELIAS TRESCIENTOS
|html|LorGhezELIAS TRESCIENTOS    
|uhtml|bestof|Game 3 of a best-of-3
|t:|1782565661
|gametype|doubles
|player|p1|LorGhez|102|1102
|player|p2|ELIAS TRESCIENTOS|102|1191
|gen|9
|tier|[Gen 9 Champions] VGC 2026 Reg M-B (Bo3)
|rated|
|rule|Species Clause: Limit one of each Pokémon
|rule|Item Clause: Limit 1 of each item
|clearpoke
|poke|p1|Sceptile, L50, F|
|poke|p1|Sylveon, L50, F|
|poke|p1|Rotom-Wash, L50|
|poke|p1|Aerodactyl, L50, F|
|poke|p1|Gyarados, L50, F|
|poke|p1|Kingambit, L50, M|
|poke|p2|Gengar, L50, F|
|poke|p2|Scrafty, L50, F|
|poke|p2|Incineroar, L50, M|
|poke|p2|Snorlax, L50, M|
|poke|p2|Ninetales-Alola, L50, M|
|poke|p2|Dragonite, L50, F|
|teampreview|4
|showteam|p1|Sceptile||Sceptilite|Overgrow|Protect,EnergyBall,DragonPulse,EarthPower|Timid||F|||50|]Sylveon||FairyFeather|Pixilate|Protect,HyperBeam,HyperVoice,Yawn|Modest||F|||50|]Rotom-Wash||Leftovers|Levitate|WillOWisp,Discharge,ThunderWave,LightScreen|Timid|||||50|]Aerodactyl||Aerodactylite|Unnerve|WideGuard,Tailwind,RockSlide,DualWingbeat|Jolly||F|||50|]Gyarados||ExpertBelt|Intimidate|Protect,Avalanche,Waterfall,TemperFlare|Adamant||F|||50|]Kingambit||ChopleBerry|Defiant|Protect,SuckerPunch,KowtowCleave,IronHead|Adamant||M|||50|
|showteam|p2|Gengar||Gengarite|CursedBody|SludgeBomb,ShadowBall,Protect,PerishSong|Modest||F|||50|]Scrafty||Scraftinite|Intimidate|FakeOut,CloseCombat,KnockOff,Detect|Careful||F|||50|]Incineroar||SitrusBerry|Intimidate|Protect,FakeOut,PartingShot,FlareBlitz|Impish||M|||50|]Snorlax||Leftovers|ThickFat|Protect,Yawn,DoubleEdge,Fissure|Relaxed||M|||50|]Ninetales-Alola||FocusSash|SnowWarning|Protect,Encore,Disable,Blizzard|Timid||M|||50|]Dragonite||DragonFang|Multiscale|DragonClaw,LowKick,ExtremeSpeed,Protect|Adamant||F|||50|
|inactive|Battle timer is ON: inactive players will automatically lose when time's up. (requested by ELIAS TRESCIENTOS)
|inactive|LorGhez has 60 seconds left.
|inactive|LorGhez has 30 seconds left.
|inactive|LorGhez has 20 seconds left.
|inactive|LorGhez has 15 seconds left.
|inactive|LorGhez has 10 seconds left.
|inactive|LorGhez has 5 seconds left.
|
|t:|1782565752
|teamsize|p1|4
|teamsize|p2|4
|start
|switch|p1a: Kingambit|Kingambit, L50, M|100/100
|switch|p1b: Rotom|Rotom-Wash, L50|100/100
|switch|p2a: Gengar|Gengar, L50, F|100/100
|switch|p2b: Scrafty|Scrafty, L50, F|100/100
|-ability|p2b: Scrafty|Intimidate|boost
|-unboost|p1a: Kingambit|atk|1
|-ability|p1a: Kingambit|Defiant|boost
|-boost|p1a: Kingambit|atk|2
|-unboost|p1b: Rotom|atk|1
|turn|1
|inactive|LorGhez has 30 seconds left.
|inactive|LorGhez has 20 seconds left.
|
|t:|1782565792
|detailschange|p2a: Gengar|Gengar-Mega, L50, F
|-mega|p2a: Gengar|Gengar|Gengarite
|move|p2b: Scrafty|Fake Out|p1a: Kingambit
|-resisted|p1a: Kingambit|1
|-damage|p1a: Kingambit|96/100
|move|p2a: Gengar|Perish Song|p2a: Gengar
|-start|p1a: Kingambit|perish3|[silent]
|-start|p1b: Rotom|perish3|[silent]
|-start|p2a: Gengar|perish3|[silent]
|-start|p2b: Scrafty|perish3|[silent]
|-fieldactivate|move: Perish Song
|move|p1b: Rotom|Will-O-Wisp|p2b: Scrafty
|-status|p2b: Scrafty|brn
|cant|p1a: Kingambit|flinch
|
|-damage|p2b: Scrafty|94/100 brn|[from] brn
|-start|p2a: Gengar|perish3
|-start|p1b: Rotom|perish3
|-start|p2b: Scrafty|perish3
|-start|p1a: Kingambit|perish3
|upkeep
|turn|2
|inactive|LorGhez has 30 seconds left.
|
|t:|1782565826
|switch|p2b: Incineroar|Incineroar, L50, M|100/100
|-ability|p2b: Incineroar|Intimidate|boost
|-unboost|p1a: Kingambit|atk|1
|-ability|p1a: Kingambit|Defiant|boost
|-boost|p1a: Kingambit|atk|2
|-unboost|p1b: Rotom|atk|1
|move|p2a: Gengar|Protect|p2a: Gengar
|-singleturn|p2a: Gengar|Protect
|move|p1b: Rotom|Light Screen|p1b: Rotom
|-sidestart|p1: LorGhez|move: Light Screen
|move|p1a: Kingambit|Kowtow Cleave|p2a: Gengar
|-activate|p2a: Gengar|move: Protect
|
|-start|p2a: Gengar|perish2
|-start|p1b: Rotom|perish2
|-start|p1a: Kingambit|perish2
|upkeep
|turn|3
|
|t:|1782565850
|move|p2b: Incineroar|Fake Out|p1a: Kingambit
|-resisted|p1a: Kingambit|1
|-damage|p1a: Kingambit|92/100
|move|p2a: Gengar|Sludge Bomb|p1b: Rotom
|-damage|p1b: Rotom|64/100
|-status|p1b: Rotom|psn
|move|p1b: Rotom|Thunder Wave|p2a: Gengar
|-status|p2a: Gengar|par
|cant|p1a: Kingambit|flinch
|
|-heal|p1b: Rotom|70/100 psn|[from] item: Leftovers
|-damage|p1b: Rotom|58/100 psn|[from] psn
|-start|p1b: Rotom|perish1
|-start|p2a: Gengar|perish1
|-start|p1a: Kingambit|perish1
|upkeep
|turn|4
|
|t:|1782565873
|switch|p2a: Scrafty|Scrafty, L50, F|94/100 brn
|-ability|p2a: Scrafty|Intimidate|boost
|-unboost|p1a: Kingambit|atk|1
|-ability|p1a: Kingambit|Defiant|boost
|-boost|p1a: Kingambit|atk|2
|-unboost|p1b: Rotom|atk|1
|move|p2b: Incineroar|Protect|p2b: Incineroar
|-singleturn|p2b: Incineroar|Protect
|move|p1b: Rotom|Discharge|p2b: Incineroar|[spread] p1a,p2a
|-activate|p2b: Incineroar|move: Protect
|-damage|p1a: Kingambit|77/100
|-damage|p2a: Scrafty|77/100 brn
|move|p1a: Kingambit|Iron Head|p2a: Scrafty
|-damage|p2a: Scrafty|0 fnt
|faint|p2a: Scrafty
|
|-heal|p1b: Rotom|64/100 psn|[from] item: Leftovers
|-damage|p1b: Rotom|52/100 psn|[from] psn
|-start|p1b: Rotom|perish0
|-start|p1a: Kingambit|perish0
|faint|p1b: Rotom
|faint|p1a: Kingambit
|upkeep
|
|t:|1782565895
|switch|p1b: Sceptile|Sceptile, L50, F|100/100
|switch|p2a: Gengar|Gengar-Mega, L50, F|100/100 par
|switch|p1a: Sylveon|Sylveon, L50, F|100/100
|turn|5
|inactive|LorGhez has 30 seconds left.
|
|t:|1782565926
|detailschange|p1b: Sceptile|Sceptile-Mega, L50, F
|-mega|p1b: Sceptile|Sceptile|Sceptilite
|move|p2a: Gengar|Protect|p2a: Gengar
|-singleturn|p2a: Gengar|Protect
|move|p1b: Sceptile|Earth Power|p2a: Gengar
|-activate|p2a: Gengar|move: Protect
|move|p1a: Sylveon|Hyper Voice|p2a: Gengar|[spread] p2b
|-activate|p2a: Gengar|move: Protect
|-damage|p2b: Incineroar|64/100
|move|p2b: Incineroar|Parting Shot|p1b: Sceptile
|-unboost|p1b: Sceptile|atk|1
|-unboost|p1b: Sceptile|spa|1
|
|t:|1782565937
|switch|p2b: Ninetales|Ninetales-Alola, L50, M|100/100|[from] Parting Shot
|-weather|Snowscape|[from] ability: Snow Warning|[of] p2b: Ninetales
|
|-weather|Snowscape|[upkeep]
|upkeep
|turn|6
|
|t:|1782565957
|switch|p2a: Incineroar|Incineroar, L50, M|64/100
|-ability|p2a: Incineroar|Intimidate|boost
|-unboost|p1a: Sylveon|atk|1
|-unboost|p1b: Sceptile|atk|1
|move|p2b: Ninetales|Protect|p2b: Ninetales
|-singleturn|p2b: Ninetales|Protect
|move|p1b: Sceptile|Earth Power|p2a: Incineroar
|-supereffective|p2a: Incineroar|1
|-crit|p2a: Incineroar
|-damage|p2a: Incineroar|0 fnt
|faint|p2a: Incineroar
|move|p1a: Sylveon|Hyper Voice|p2b: Ninetales
|-activate|p2b: Ninetales|move: Protect
|
|-weather|Snowscape|[upkeep]
|-sideend|p1: LorGhez|move: Light Screen
|upkeep
|
|t:|1782565965
|switch|p2a: Gengar|Gengar-Mega, L50, F|100/100 par
|turn|7
|inactive|LorGhez has 30 seconds left.
|inactive|LorGhez has 20 seconds left.
|
|t:|1782566002
|move|p2a: Gengar|Protect|p2a: Gengar
|-singleturn|p2a: Gengar|Protect
|move|p1b: Sceptile|Energy Ball|p2b: Ninetales
|-damage|p2b: Ninetales|63/100
|move|p2b: Ninetales|Disable|p1b: Sceptile
|-start|p1b: Sceptile|Disable|Energy Ball
|move|p1a: Sylveon|Hyper Voice|p2b: Ninetales|[spread] p2b
|-activate|p2a: Gengar|move: Protect
|-damage|p2b: Ninetales|4/100
|
|-weather|Snowscape|[upkeep]
|upkeep
|turn|8
|inactive|LorGhez has 30 seconds left.
|
|t:|1782566035
|move|p2a: Gengar|Protect||[still]
|-fail|p2a: Gengar
|move|p1b: Sceptile|Earth Power|p2b: Ninetales
|-damage|p2b: Ninetales|0 fnt
|faint|p2b: Ninetales
|move|p1a: Sylveon|Hyper Beam|p2a: Gengar
|-resisted|p2a: Gengar|1
|-damage|p2a: Gengar|36/100 par
|-mustrecharge|p1a: Sylveon
|
|-weather|Snowscape|[upkeep]
|upkeep
|turn|9
|
|t:|1782566046
|move|p1b: Sceptile|Earth Power|p2a: Gengar
|-supereffective|p2a: Gengar|1
|-damage|p2a: Gengar|0 fnt
|faint|p2a: Gengar
|
|win|LorGhez
|raw|LorGhez's rating: 1102 → 1133(+31 for winning)
|raw|ELIAS TRESCIENTOS's rating: 1191 → 1160(-31 for losing)
|l|☆ELIAS TRESCIENTOS
|player|p2|
