|j|☆TestingTeam00
|j|☆raksbach
|html|TestingTeam00raksbach    
|uhtml|bestof|Game 1 of a best-of-3
|t:|1784042247
|gametype|doubles
|player|p1|TestingTeam00|265|1237
|player|p2|raksbach|1|1306
|gen|9
|tier|[Gen 9 Champions] VGC 2026 Reg M-B (Bo3)
|rated|
|rule|Species Clause: Limit one of each Pokémon
|rule|Item Clause: Limit 1 of each item
|clearpoke
|poke|p1|Staraptor, L50, M|
|poke|p1|Whimsicott, L50, F|
|poke|p1|Garchomp, L50, M|
|poke|p1|Ceruledge, L50, M|
|poke|p1|Farigiraf, L50, F|
|poke|p1|Metagross, L50|
|poke|p2|Incineroar, L50, F|
|poke|p2|Maushold, L50|
|poke|p2|Sinistcha, L50|
|poke|p2|Sneasler, L50, M|
|poke|p2|Blastoise, L50, F|
|poke|p2|Delphox, L50, M|
|teampreview|4
|showteam|p1|Staraptor||Staraptite|Intimidate|BraveBird,CloseCombat,Roost,Protect|Jolly||M|||50|]Whimsicott||FocusSash|Prankster|Tailwind,Charm,Moonblast,Encore|Timid||F|||50|]Garchomp||LifeOrb|RoughSkin|StompingTantrum,RockSlide,DragonClaw,Protect|Jolly||M|||50|]Ceruledge||ColburBerry|FlashFire|ShadowSneak,BitterBlade,BulkUp,Protect|Adamant||M|||50|]Farigiraf||SitrusBerry|ArmorTail|Psychic,Thunderbolt,TrickRoom,HelpingHand|Calm||F|||50|]Metagross||Metagrossite|ClearBody|IronHead,PsychicFangs,StompingTantrum,Protect|Adamant|||||50|
|showteam|p2|Incineroar||SitrusBerry|Intimidate|FakeOut,FlareBlitz,DarkestLariat,PartingShot|Impish||F|||50|]Maushold||ChopleBerry|FriendGuard|SuperFang,FollowMe,Protect,Feint|Impish|||||50|]Sinistcha||OccaBerry|Hospitality|MatchaGotcha,LifeDew,RagePowder,Protect|Bold|||||50|]Sneasler||FocusSash|PoisonTouch|FakeOut,CloseCombat,DireClaw,QuickGuard|Jolly||M|||50|]Blastoise||Blastoisinite|Torrent|WaterSpout,DarkPulse,ShellSmash,Protect|Modest||F|||50|]Delphox||Delphoxite|Blaze|HeatWave,Psychic,NastyPlot,Protect|Timid||M|||50|
|inactive|Battle timer is ON: inactive players will automatically lose when time's up. (requested by raksbach)
|inactive|TestingTeam00 has 60 seconds left.
|inactive|TestingTeam00 has 30 seconds left.
|c|☆raksbach|TestingTeam is not going bad haha
|inactive|TestingTeam00 has 20 seconds left.
|inactive|TestingTeam00 has 15 seconds left.
|inactive|TestingTeam00 has 10 seconds left.
|
|t:|1784042328
|teamsize|p1|4
|teamsize|p2|4
|start
|switch|p1a: Whimsicott|Whimsicott, L50, F|100/100
|switch|p1b: Staraptor|Staraptor, L50, M|100/100
|switch|p2a: Incineroar|Incineroar, L50, F|100/100
|switch|p2b: Sneasler|Sneasler, L50, M|100/100
|-ability|p1b: Staraptor|Intimidate|boost
|-unboost|p2a: Incineroar|atk|1
|-unboost|p2b: Sneasler|atk|1
|-ability|p2a: Incineroar|Intimidate|boost
|-unboost|p1a: Whimsicott|atk|1
|-unboost|p1b: Staraptor|atk|1
|turn|1
|
|t:|1784042345
|switch|p1a: Farigiraf|Farigiraf, L50, F|100/100
|detailschange|p1b: Staraptor|Staraptor-Mega, L50, M
|-mega|p1b: Staraptor|Staraptor|Staraptite
|move|p2a: Incineroar|Fake Out||[still]
|cant|p1a: Farigiraf|ability: Armor Tail|Fake Out|[of] p2a: Incineroar
|move|p2b: Sneasler|Dire Claw|p1a: Farigiraf
|-damage|p1a: Farigiraf|75/100
|move|p1b: Staraptor|Close Combat|p2a: Incineroar
|-supereffective|p2a: Incineroar|1
|-damage|p2a: Incineroar|49/100
|-boost|p1b: Staraptor|def|1
|-boost|p1b: Staraptor|spd|1
|-enditem|p2a: Incineroar|Sitrus Berry|[eat]
|-heal|p2a: Incineroar|74/100|[from] item: Sitrus Berry
|
|upkeep
|turn|2
|inactive|TestingTeam00 has 30 seconds left.
|inactive|raksbach has 30 seconds left.
|
|t:|1784042373
|switch|p2b: Blastoise|Blastoise, L50, F|100/100
|move|p1b: Staraptor|Close Combat|p2b: Blastoise
|-damage|p2b: Blastoise|55/100
|-boost|p1b: Staraptor|def|1
|-boost|p1b: Staraptor|spd|1
|move|p1a: Farigiraf|Psychic|p2b: Blastoise
|-damage|p2b: Blastoise|14/100
|move|p2a: Incineroar|Parting Shot|p1a: Farigiraf
|-unboost|p1a: Farigiraf|atk|1
|-unboost|p1a: Farigiraf|spa|1
|
|t:|1784042384
|switch|p2a: Sinistcha|Sinistcha, L50|100/100|[from] Parting Shot
|-heal|p2b: Blastoise|38/100|[from] ability: Hospitality|[of] p2a: Sinistcha
|
|upkeep
|turn|3
|inactive|TestingTeam00 has 30 seconds left.
|inactive|TestingTeam00 has 20 seconds left.
|inactive|TestingTeam00 has 15 seconds left.
|inactive|TestingTeam00 has 10 seconds left.
|
|t:|1784042433
|detailschange|p2b: Blastoise|Blastoise-Mega, L50, F
|-mega|p2b: Blastoise|Blastoise|Blastoisinite
|move|p2b: Blastoise|Protect|p2b: Blastoise
|-singleturn|p2b: Blastoise|Protect
|move|p1b: Staraptor|Brave Bird|p2a: Sinistcha
|-supereffective|p2a: Sinistcha|1
|-damage|p2a: Sinistcha|38/100
|-damage|p1b: Staraptor|81/100|[from] Recoil
|move|p2a: Sinistcha|Life Dew|p2a: Sinistcha|[spread] p2a,p2b
|-heal|p2a: Sinistcha|63/100
|-heal|p2b: Blastoise|63/100
|move|p1a: Farigiraf|Psychic|p2a: Sinistcha
|-damage|p2a: Sinistcha|41/100
|
|upkeep
|turn|4
|inactive|TestingTeam00 has 30 seconds left.
|inactive|raksbach has 30 seconds left.
|
|t:|1784042461
|move|p2a: Sinistcha|Rage Powder|p2a: Sinistcha
|-singleturn|p2a: Sinistcha|move: Rage Powder
|move|p1b: Staraptor|Brave Bird|p2a: Sinistcha
|-supereffective|p2a: Sinistcha|1
|-damage|p2a: Sinistcha|0 fnt
|faint|p2a: Sinistcha
|-damage|p1b: Staraptor|68/100|[from] Recoil
|move|p2b: Blastoise|Dark Pulse|p1a: Farigiraf
|-supereffective|p1a: Farigiraf|1
|-damage|p1a: Farigiraf|0 fnt
|faint|p1a: Farigiraf
|
|upkeep
|inactive|TestingTeam00 has 30 seconds left.
|inactive|TestingTeam00 has 20 seconds left.
|inactive|TestingTeam00 has 15 seconds left.
|
|t:|1784042505
|switch|p2a: Sneasler|Sneasler, L50, M|100/100
|switch|p1a: Garchomp|Garchomp, L50, M|100/100
|turn|5
|
|t:|1784042523
|move|p1b: Staraptor|Protect|p1b: Staraptor
|-singleturn|p1b: Staraptor|Protect
|move|p1a: Garchomp|Protect|p1a: Garchomp
|-singleturn|p1a: Garchomp|Protect
|move|p2a: Sneasler|Fake Out|p1a: Garchomp
|-activate|p1a: Garchomp|move: Protect
|move|p2b: Blastoise|Shell Smash|p2b: Blastoise
|-unboost|p2b: Blastoise|def|1
|-unboost|p2b: Blastoise|spd|1
|-boost|p2b: Blastoise|atk|2
|-boost|p2b: Blastoise|spa|2
|-boost|p2b: Blastoise|spe|2
|
|upkeep
|turn|6
|inactive|TestingTeam00 has 30 seconds left.
|inactive|raksbach has 30 seconds left.
|inactive|TestingTeam00 has 20 seconds left.
|inactive|TestingTeam00 has 15 seconds left.
|
|t:|1784042563
|move|p2b: Blastoise|Protect|p2b: Blastoise
|-singleturn|p2b: Blastoise|Protect
|move|p2a: Sneasler|Dire Claw|p1b: Staraptor
|-damage|p1b: Staraptor|48/100
|move|p1b: Staraptor|Close Combat|p2b: Blastoise
|-activate|p2b: Blastoise|move: Protect
|move|p1a: Garchomp|Stomping Tantrum|p2b: Blastoise
|-activate|p2b: Blastoise|move: Protect
|
|upkeep
|turn|7
|
|t:|1784042586
|move|p2b: Blastoise|Water Spout|p1b: Staraptor|[spread] p1a,p1b
|-damage|p1a: Garchomp|11/100
|-damage|p1b: Staraptor|4/100
|move|p2a: Sneasler|Dire Claw|p1b: Staraptor
|-damage|p1b: Staraptor|0 fnt
|faint|p1b: Staraptor
|move|p1a: Garchomp|Stomping Tantrum|p2b: Blastoise
|-damage|p2b: Blastoise|0 fnt
|faint|p2b: Blastoise
|-damage|p1a: Garchomp|2/100|[from] item: Life Orb
|
|upkeep
|
|t:|1784042598
|switch|p1b: Whimsicott|Whimsicott, L50, F|100/100
|switch|p2b: Incineroar|Incineroar, L50, F|74/100
|-ability|p2b: Incineroar|Intimidate|boost
|-unboost|p1a: Garchomp|atk|1
|-unboost|p1b: Whimsicott|atk|1
|turn|8
|
|t:|1784042611
|move|p1a: Garchomp|Protect|p1a: Garchomp
|-singleturn|p1a: Garchomp|Protect
|move|p2b: Incineroar|Fake Out|p1b: Whimsicott
|-damage|p1b: Whimsicott|83/100
|cant|p1b: Whimsicott|flinch
|move|p2a: Sneasler|Dire Claw|p1b: Whimsicott
|-supereffective|p1b: Whimsicott|2
|-damage|p1b: Whimsicott|0 fnt
|faint|p1b: Whimsicott
|
|upkeep
|turn|9
|
|t:|1784042628
|move|p2a: Sneasler|Dire Claw|p1a: Garchomp
|-resisted|p1a: Garchomp|1
|-damage|p1a: Garchomp|0 fnt
|-damage|p2a: Sneasler|87/100|[from] ability: Rough Skin|[of] p1a: Garchomp
|faint|p1a: Garchomp
|
|win|raksbach
