|j|☆natsukivgc
|j|☆ultima10
|html|natsukivgcultima10    
|uhtml|bestof|Game 1 of a best-of-3
|t:|1785425699
|gametype|doubles
|player|p1|natsukivgc|265|1057
|player|p2|ultima10|266|1043
|gen|9
|tier|[Gen 9 Champions] VGC 2026 Reg M-B (Bo3)
|rated|
|rule|Species Clause: Limit one of each Pokémon
|rule|Item Clause: Limit 1 of each item
|clearpoke
|poke|p1|Charizard, L50, M|
|poke|p1|Sneasler, L50, M|
|poke|p1|Kingambit, L50, M|
|poke|p1|Dragonite, L50, F|
|poke|p1|Floette-Eternal, L50, F|
|poke|p1|Whimsicott, L50, M|
|poke|p2|Froslass, L50, F|
|poke|p2|Scovillain, L50, M|
|poke|p2|Basculegion, L50, M|
|poke|p2|Sneasler, L50, M|
|poke|p2|Pelipper, L50, M|
|poke|p2|Lycanroc-Dusk, L50, M|
|teampreview|4
|showteam|p1|Charizard||CharizarditeY|Blaze|HeatWave,SolarBeam,WeatherBall,Protect|Modest||M|||50|]Sneasler||WhiteHerb|Unburden|CloseCombat,DireClaw,FakeOut,Coaching|Jolly||M|||50|]Kingambit||BlackGlasses|Defiant|KowtowCleave,SuckerPunch,SwordsDance,Protect|Adamant||M|||50|]Dragonite||LifeOrb|InnerFocus|DragonClaw,LowKick,ExtremeSpeed,Protect|Adamant||F|||50|]Floette-Eternal||Floettite|FlowerVeil|Moonblast,DazzlingGleam,LightofRuin,Protect|Modest||F|||50|]Whimsicott||FocusSash|Prankster|Moonblast,Tailwind,Encore,Protect|Timid||M|||50|
|showteam|p2|Froslass||Froslassite|SnowCloak|Blizzard,ShadowBall,AuroraVeil,Protect|Modest||F|||50|]Scovillain||Scovillainite|Insomnia|Overheat,GigaDrain,RagePowder,Protect|Bold||M|||50|]Basculegion||SitrusBerry|Adaptability|LastRespects,WaveCrash,AquaJet,Protect|Adamant||M|||50|]Sneasler||WhiteHerb|Unburden|CloseCombat,GunkShot,FakeOut,Protect|Adamant||M|||50|]Pelipper||Leftovers|Drizzle|Hurricane,Tailwind,WeatherBall,Protect|Bold||M|||50|]Lycanroc-Dusk||FocusSash|ToughClaws|Accelerock,CloseCombat,RockSlide,Protect|Adamant||M|||50|
|
|t:|1785425734
|teamsize|p1|4
|teamsize|p2|4
|start
|switch|p1a: Sneasler|Sneasler, L50, M|100/100
|switch|p1b: Dragonite|Dragonite, L50, F|100/100
|switch|p2a: Lycanroc|Lycanroc-Dusk, L50, M|100/100
|switch|p2b: Scovillain|Scovillain, L50, M|100/100
|turn|1
|
|t:|1785425768
|move|p2a: Lycanroc|Protect|p2a: Lycanroc
|-singleturn|p2a: Lycanroc|Protect
|move|p2b: Scovillain|Protect|p2b: Scovillain
|-singleturn|p2b: Scovillain|Protect
|move|p1a: Sneasler|Coaching|p1b: Dragonite
|-boost|p1b: Dragonite|atk|1
|-boost|p1b: Dragonite|def|1
|move|p1b: Dragonite|Low Kick|p2a: Lycanroc
|-activate|p2a: Lycanroc|move: Protect
|
|upkeep
|turn|2
|
|t:|1785425816
|detailschange|p2b: Scovillain|Scovillain-Mega, L50, M
|-mega|p2b: Scovillain|Scovillain|Scovillainite
|move|p2b: Scovillain|Rage Powder|p2b: Scovillain
|-singleturn|p2b: Scovillain|move: Rage Powder
|move|p1a: Sneasler|Dire Claw|p2b: Scovillain
|-supereffective|p2b: Scovillain|1
|-damage|p2b: Scovillain|14/100
|-status|p2b: Scovillain|psn
|-status|p1a: Sneasler|brn|[from] ability: Spicy Spray|[of] p2b: Scovillain
|move|p2a: Lycanroc|Rock Slide|p1b: Dragonite|[spread] p1a,p1b
|-resisted|p1a: Sneasler|1
|-supereffective|p1b: Dragonite|1
|-damage|p1a: Sneasler|73/100 brn
|-damage|p1b: Dragonite|59/100
|move|p1b: Dragonite|Low Kick|p2b: Scovillain
|-damage|p2b: Scovillain|0 fnt
|-status|p1b: Dragonite|brn|[from] ability: Spicy Spray|[of] p2b: Scovillain
|faint|p2b: Scovillain
|-damage|p1b: Dragonite|50/100g brn|[from] item: Life Orb
|
|-damage|p1a: Sneasler|68/100 brn|[from] brn
|-damage|p1b: Dragonite|44/100 brn|[from] brn
|upkeep
|
|t:|1785425837
|switch|p2b: Sneasler|Sneasler, L50, M|100/100
|turn|3
|
|t:|1785425848
|move|p2b: Sneasler|Fake Out|p1a: Sneasler
|-damage|p1a: Sneasler|40/100 brn
|cant|p1a: Sneasler|flinch
|move|p2a: Lycanroc|Rock Slide|p1a: Sneasler|[spread] p1b
|-miss|p2a: Lycanroc|p1a: Sneasler
|-supereffective|p1b: Dragonite|1
|-damage|p1b: Dragonite|1/100 brn
|move|p1b: Dragonite|Dragon Claw|p2a: Lycanroc
|-damage|p2a: Lycanroc|29/100
|-damage|p1b: Dragonite|0 fnt|[from] item: Life Orb
|faint|p1b: Dragonite
|
|-damage|p1a: Sneasler|35/100 brn|[from] brn
|upkeep
|
|t:|1785425865
|switch|p1b: Kingambit|Kingambit, L50, M|100/100
|turn|4
|
|t:|1785425881
|move|p1b: Kingambit|Protect|p1b: Kingambit
|-singleturn|p1b: Kingambit|Protect
|move|p2a: Lycanroc|Accelerock|p1a: Sneasler
|-resisted|p1a: Sneasler|1
|-damage|p1a: Sneasler|10/100 brn
|move|p1a: Sneasler|Close Combat|p2a: Lycanroc
|-supereffective|p2a: Lycanroc|1
|-damage|p2a: Lycanroc|0 fnt
|-unboost|p1a: Sneasler|def|1
|-unboost|p1a: Sneasler|spd|1
|faint|p2a: Lycanroc
|-enditem|p1a: Sneasler|White Herb
|-clearnegativeboost|p1a: Sneasler|[silent]
|move|p2b: Sneasler|Close Combat|p1b: Kingambit
|-activate|p1b: Kingambit|move: Protect
|
|-damage|p1a: Sneasler|4/100 brn|[from] brn
|upkeep
|
|t:|1785425897
|switch|p2a: Pelipper|Pelipper, L50, M|100/100
|-weather|RainDance|[from] ability: Drizzle|[of] p2a: Pelipper
|turn|5
|
|t:|1785425918
|switch|p1b: Floette|Floette-Eternal, L50, F|100/100
|move|p2b: Sneasler|Protect|p2b: Sneasler
|-singleturn|p2b: Sneasler|Protect
|move|p1a: Sneasler|Dire Claw|p2a: Pelipper
|-damage|p2a: Pelipper|78/100
|move|p2a: Pelipper|Tailwind|p2a: Pelipper
|-sidestart|p2: ultima10|move: Tailwind
|
|-weather|RainDance|[upkeep]
|-heal|p2a: Pelipper|85/100|[from] item: Leftovers
|-damage|p1a: Sneasler|0 fnt|[from] brn
|faint|p1a: Sneasler
|upkeep
|
|t:|1785425932
|switch|p1a: Kingambit|Kingambit, L50, M|100/100
|turn|6
|
|t:|1785425951
|detailschange|p1b: Floette|Floette-Mega, L50, F
|-mega|p1b: Floette|Floette|Floettite
|-ability|p1b: Floette|Fairy Aura
|move|p1a: Kingambit|Sucker Punch|p2b: Sneasler
|-resisted|p2b: Sneasler|1
|-damage|p2b: Sneasler|66/100
|move|p2b: Sneasler|Gunk Shot|p1b: Floette
|-supereffective|p1b: Floette|1
|-damage|p1b: Floette|0 fnt
|faint|p1b: Floette
|move|p2a: Pelipper|Weather Ball|p1a: Kingambit
|-crit|p1a: Kingambit
|-damage|p1a: Kingambit|41/100
|
|-weather|RainDance|[upkeep]
|-heal|p2a: Pelipper|91/100|[from] item: Leftovers
|upkeep
|turn|7
|
|t:|1785425972
|move|p2b: Sneasler|Protect|p2b: Sneasler
|-singleturn|p2b: Sneasler|Protect
|move|p2a: Pelipper|Weather Ball|p1a: Kingambit
|-crit|p1a: Kingambit
|-damage|p1a: Kingambit|0 fnt
|faint|p1a: Kingambit
|
|win|ultima10
