|j|☆K4ze
|j|☆halfbakedjesus
|html|K4zehalfbakedjesus    
|uhtml|bestof|Game 2 of a best-of-3
|t:|1756744057
|gametype|doubles
|player|p1|K4ze|101|1041
|player|p2|halfbakedjesus|1|1000
|gen|9
|tier|[Gen 9] VGC 2025 Reg H (Bo3)
|rated|
|rule|Species Clause: Limit one of each Pokémon
|rule|Item Clause: Limit 1 of each item
|clearpoke
|poke|p1|Porygon2, L50|
|poke|p1|Sneasler, L50, M|
|poke|p1|Gholdengo, L50|
|poke|p1|Amoonguss, L50, M|
|poke|p1|Garchomp, L50, M|
|poke|p1|Incineroar, L50, M|
|poke|p2|Charizard, L50, M|
|poke|p2|Torkoal, L50, M|
|poke|p2|Porygon2, L50|
|poke|p2|Incineroar, L50, F|
|poke|p2|Jumpluff, L50, F|
|poke|p2|Ursaluna, L50, M|
|teampreview|4
|showteam|p1|Porygon2||Eviolite|Download|TeraBlast,IceBeam,Recover,TrickRoom||||||50|,,,,,Ground]Sneasler||FocusSash|PoisonTouch|CloseCombat,DireClaw,Coaching,Protect|||M|||50|,,,,,Flying]Gholdengo||LifeOrb|GoodasGold|MakeItRain,ShadowBall,NastyPlot,Protect||||||50|,,,,,Water]Amoonguss||SitrusBerry|Regenerator|PollenPuff,Spore,RagePowder,Protect|||M|||50|,,,,,Fairy]Garchomp||ClearAmulet|RoughSkin|Earthquake,StompingTantrum,DragonClaw,Protect|||M|||50|,,,,,Fire]Incineroar||SafetyGoggles|Intimidate|FlareBlitz,KnockOff,FakeOut,PartingShot|||M|||50|,,,,,Ghost
|showteam|p2|Charizard||ChoiceSpecs|SolarPower|HeatWave,Overheat,WeatherBall,AirSlash|||M|||50|,,,,,Ghost]Torkoal||EjectPack|Drought|Eruption,Overheat,HelpingHand,Protect|||M|||50|,,,,,Fire]Porygon2||Eviolite|Download|IceBeam,TeraBlast,TrickRoom,Recover||||||50|,,,,,Fighting]Incineroar||SitrusBerry|Intimidate|FlareBlitz,KnockOff,FakeOut,PartingShot|||F|||50|,,,,,Ghost]Jumpluff||CovertCloak|Chlorophyll|SleepPowder,SunnyDay,RagePowder,Tailwind|||F|||50|,,,,,Water]Ursaluna||FlameOrb|Guts|HeadlongRush,Facade,Earthquake,Protect|||M|||50|,,,,,Ghost
|inactive|Battle timer is ON: inactive players will automatically lose when time's up. (requested by halfbakedjesus)
|
|t:|1756744089
|teamsize|p1|4
|teamsize|p2|4
|start
|switch|p1a: Incineroar|Incineroar, L50, M|100/100
|switch|p1b: Porygon2|Porygon2, L50|100/100
|switch|p2a: Jumpluff|Jumpluff, L50, F|100/100
|switch|p2b: Ursaluna|Ursaluna, L50, M|100/100
|-ability|p1b: Porygon2|Download|boost
|-boost|p1b: Porygon2|spa|1
|-ability|p1a: Incineroar|Intimidate|boost
|-unboost|p2a: Jumpluff|atk|1
|-unboost|p2b: Ursaluna|atk|1
|turn|1
|
|t:|1756744114
|move|p2b: Ursaluna|Protect|p2b: Ursaluna
|-singleturn|p2b: Ursaluna|Protect
|move|p1a: Incineroar|Fake Out|p2a: Jumpluff
|-damage|p2a: Jumpluff|85/100
|move|p2a: Jumpluff|Tailwind|p2a: Jumpluff
|-sidestart|p2: halfbakedjesus|move: Tailwind
|move|p1b: Porygon2|Ice Beam|p2b: Ursaluna
|-activate|p2b: Ursaluna|move: Protect
|
|-status|p2b: Ursaluna|brn|[from] item: Flame Orb
|upkeep
|turn|2
|inactive|K4ze has 30 seconds left.
|inactive|halfbakedjesus has 30 seconds left.
|inactive|K4ze has 20 seconds left.
|
|t:|1756744149
|move|p2a: Jumpluff|Rage Powder|p2a: Jumpluff
|-singleturn|p2a: Jumpluff|move: Rage Powder
|move|p2b: Ursaluna|Headlong Rush|p1a: Incineroar
|-supereffective|p1a: Incineroar
|-damage|p1a: Incineroar|0 fnt
|-unboost|p2b: Ursaluna|def|1
|-unboost|p2b: Ursaluna|spd|1
|faint|p1a: Incineroar
|move|p1b: Porygon2|Ice Beam|p2a: Jumpluff
|-supereffective|p2a: Jumpluff
|-damage|p2a: Jumpluff|0 fnt
|faint|p2a: Jumpluff
|
|-damage|p2b: Ursaluna|95/100 brn|[from] brn
|upkeep
|
|t:|1756744167
|switch|p2a: Charizard|Charizard, L50, M|100/100
|switch|p1a: Amoonguss|Amoonguss, L50, M|100/100
|turn|3
|inactive|K4ze has 30 seconds left.
|inactive|K4ze has 20 seconds left.
|inactive|K4ze has 15 seconds left.
|
|t:|1756744212
|switch|p2b: Torkoal|Torkoal, L50, M|100/100
|-weather|SunnyDay|[from] ability: Drought|[of] p2b: Torkoal
|-terastallize|p1a: Amoonguss|Fairy
|move|p2a: Charizard|Heat Wave|p1a: Amoonguss|[spread] p1a,p1b
|-damage|p1a: Amoonguss|4/100
|-damage|p1b: Porygon2|37/100
|-status|p1b: Porygon2|brn
|-enditem|p1a: Amoonguss|Sitrus Berry|[eat]
|-heal|p1a: Amoonguss|29/100|[from] item: Sitrus Berry
|move|p1b: Porygon2|Ice Beam|p2b: Torkoal
|-resisted|p2b: Torkoal
|-crit|p2b: Torkoal
|-damage|p2b: Torkoal|58/100
|move|p1a: Amoonguss|Spore|p2a: Charizard
|-status|p2a: Charizard|slp|[from] move: Spore
|
|-weather|SunnyDay|[upkeep]
|-damage|p2a: Charizard|88/100 slp|[from] ability: Solar Power|[of] p2a: Charizard
|-damage|p1b: Porygon2|31/100 brn|[from] brn
|upkeep
|turn|4
|inactive|K4ze has 30 seconds left.
|inactive|halfbakedjesus has 30 seconds left.
|
|t:|1756744248
|switch|p2a: Ursaluna|Ursaluna, L50, M|95/100 brn
|move|p2b: Torkoal|Protect|p2b: Torkoal
|-singleturn|p2b: Torkoal|Protect
|move|p1b: Porygon2|Ice Beam|p2a: Ursaluna
|-supereffective|p2a: Ursaluna
|-damage|p2a: Ursaluna|23/100 brn
|move|p1a: Amoonguss|Pollen Puff|p1b: Porygon2
|-heal|p1b: Porygon2|81/100 brn
|
|-weather|SunnyDay|[upkeep]
|-damage|p2a: Ursaluna|17/100 brn|[from] brn
|-damage|p1b: Porygon2|75/100 brn|[from] brn
|-sideend|p2: halfbakedjesus|move: Tailwind
|upkeep
|turn|5
|inactive|K4ze has 30 seconds left.
|inactive|halfbakedjesus has 30 seconds left.
|inactive|halfbakedjesus has 20 seconds left.
|
|t:|1756744286
|switch|p2b: Charizard|Charizard, L50, M|88/100 slp
|move|p1a: Amoonguss|Rage Powder|p1a: Amoonguss
|-singleturn|p1a: Amoonguss|move: Rage Powder
|move|p2a: Ursaluna|Earthquake|p1b: Porygon2|[spread] p1a,p1b
|-immune|p2b: Charizard
|-damage|p1a: Amoonguss|0 fnt
|-damage|p1b: Porygon2|34/100 brn
|faint|p1a: Amoonguss
|move|p1b: Porygon2|Ice Beam|p2a: Ursaluna
|-supereffective|p2a: Ursaluna
|-damage|p2a: Ursaluna|0 fnt
|faint|p2a: Ursaluna
|
|-weather|SunnyDay|[upkeep]
|-damage|p2b: Charizard|76/100 slp|[from] ability: Solar Power|[of] p2b: Charizard
|-damage|p1b: Porygon2|28/100 brn|[from] brn
|upkeep
|inactive|K4ze has 30 seconds left.
|
|t:|1756744311
|switch|p2a: Torkoal|Torkoal, L50, M|58/100
|switch|p1a: Gholdengo|Gholdengo, L50|100/100
|turn|6
|inactive|K4ze has 30 seconds left.
|
|t:|1756744340
|cant|p2b: Charizard|slp
|move|p1a: Gholdengo|Make It Rain|p2a: Torkoal|[spread] p2a,p2b
|-resisted|p2a: Torkoal
|-resisted|p2b: Charizard
|-damage|p2a: Torkoal|14/100
|-damage|p2b: Charizard|35/100 slp
|-unboost|p1a: Gholdengo|spa|1
|-damage|p1a: Gholdengo|91/100|[from] item: Life Orb
|move|p1b: Porygon2|Ice Beam|p2b: Charizard
|-damage|p2b: Charizard|0 fnt
|faint|p2b: Charizard
|move|p2a: Torkoal|Overheat|p1a: Gholdengo
|-supereffective|p1a: Gholdengo
|-damage|p1a: Gholdengo|0 fnt
|-unboost|p2a: Torkoal|spa|2
|faint|p1a: Gholdengo
|
|-weather|SunnyDay|[upkeep]
|-damage|p1b: Porygon2|21/100 brn|[from] brn
|upkeep
|turn|7
|inactive|K4ze has 30 seconds left.
|
|t:|1756744367
|move|p2a: Torkoal|Protect|p2a: Torkoal
|-singleturn|p2a: Torkoal|Protect
|move|p1b: Porygon2|Recover|p1b: Porygon2
|-heal|p1b: Porygon2|71/100 brn
|
|-weather|none
|-damage|p1b: Porygon2|65/100 brn|[from] brn
|upkeep
|turn|8
|
|t:|1756744376
|-terastallize|p2a: Torkoal|Fire
|move|p1b: Porygon2|Ice Beam|p2a: Torkoal
|-resisted|p2a: Torkoal
|-damage|p2a: Torkoal|0 fnt
|faint|p2a: Torkoal
|
|win|K4ze
|inactive|K4ze has 30 seconds to confirm battle start!
|inactive|halfbakedjesus has 30 seconds to confirm battle start!
|l|☆K4ze
|player|p1|
||halfbakedjesus is ready for game 3.
|inactive|K4ze has 20 seconds to confirm battle start!
|inactive|K4ze has 10 seconds to confirm battle start!
|uhtml|next|Next: Game 3 of 3
