|j|☆Conspiraciones
|j|☆MrMaro
|html|ConspiracionesMrMaro    
|uhtml|bestof|Game 1 of a best-of-3
|t:|1757846665
|gametype|doubles
|player|p1|Conspiraciones|benga|1156
|player|p2|MrMaro|1|1115
|gen|9
|tier|[Gen 9] VGC 2025 Reg H (Bo3)
|rated|
|rule|Species Clause: Limit one of each Pokémon
|rule|Item Clause: Limit 1 of each item
|clearpoke
|poke|p1|Dragonite, L50, F|
|poke|p1|Incineroar, L50, F|
|poke|p1|Weezing, L50, M|
|poke|p1|Ursaluna-Bloodmoon, L50, M|
|poke|p1|Gholdengo, L50|
|poke|p1|Garchomp, L50, F|
|poke|p2|Ninetales-Alola, L50, F|
|poke|p2|Ursaluna-Bloodmoon, L50, M|
|poke|p2|Sneasler, L50, F|
|poke|p2|Indeedee, L50, M|
|poke|p2|Dragonite, L50, M|
|poke|p2|Alcremie, L50, F|
|teampreview|4
|showteam|p1|Dragonite||LoadedDice|Multiscale|ScaleShot,ExtremeSpeed,Tailwind,Protect|||F|||50|,,,,,Steel]Incineroar||AbilityShield|Intimidate|FakeOut,FlareBlitz,KnockOff,PartingShot|||F|||50|,,,,,Ghost]Weezing||SitrusBerry|NeutralizingGas|GunkShot,WillOWisp,Taunt,Protect|||M|||50|,,,,,Flying]Ursaluna-Bloodmoon||AssaultVest|MindsEye|BloodMoon,EarthPower,HyperVoice,VacuumWave|||M|||50|,,,,,Dragon]Gholdengo||LifeOrb|GoodasGold|MakeItRain,ShadowBall,NastyPlot,Protect||||||50|,,,,,Water]Garchomp||SafetyGoggles|RoughSkin|Earthquake,StompingTantrum,RockSlide,Protect|||F|||50|,,,,,Ground
|showteam|p2|Ninetales-Alola||LightClay|SnowWarning|AuroraVeil,Blizzard,Encore,Disable|||F|||50|,,,,,Fire]Ursaluna-Bloodmoon||AssaultVest|MindsEye|HyperVoice,BloodMoon,EarthPower,Snarl|||M|||50|,,,,,Water]Sneasler||PsychicSeed|Unburden|DireClaw,CloseCombat,ThroatChop,Protect|||F|||50|,,,,,Dark]Indeedee||ChoiceScarf|PsychicSurge|ExpandingForce,Imprison,Trick,TrickRoom|||M|||50|,,,,,Fairy]Dragonite||Leftovers|Multiscale|DragonDance,IceSpinner,ExtremeSpeed,Protect|||M|||50|,,,,,Normal]Alcremie||KeeBerry|SweetVeil|Decorate,PsychUp,AlluringVoice,Protect|||F|||50|,,,,,Steel
|inactive|Battle timer is ON: inactive players will automatically lose when time's up. (requested by Conspiraciones)
|inactive|Conspiraciones has 60 seconds left.
|inactive|MrMaro has 60 seconds left.
|inactive|Conspiraciones has 30 seconds left.
|inactive|Conspiraciones has 20 seconds left.
|inactive|Conspiraciones has 15 seconds left.
|inactive|Conspiraciones has 10 seconds left.
|inactive|Conspiraciones has 5 seconds left.
|
|t:|1757846755
|teamsize|p1|4
|teamsize|p2|4
|start
|switch|p1a: Weezing|Weezing, L50, M|100/100
|switch|p1b: Incineroar|Incineroar, L50, F|100/100
|switch|p2a: Alcremie|Alcremie, L50, F|100/100
|switch|p2b: Ursaluna|Ursaluna-Bloodmoon, L50, M|100/100
|-ability|p1a: Weezing|Neutralizing Gas
|-block|p1b: Incineroar|item: Ability Shield
|-ability|p1b: Incineroar|Intimidate|boost
|-unboost|p2a: Alcremie|atk|1
|-unboost|p2b: Ursaluna|atk|1
|turn|1
|
|t:|1757846779
|move|p2b: Ursaluna|Earth Power|p1a: Weezing
|-supereffective|p1a: Weezing
|-damage|p1a: Weezing|3/100
|-enditem|p1a: Weezing|Sitrus Berry|[eat]
|-heal|p1a: Weezing|28/100|[from] item: Sitrus Berry
|move|p1b: Incineroar|Parting Shot|p2b: Ursaluna
|-unboost|p2b: Ursaluna|atk|1
|-unboost|p2b: Ursaluna|spa|1
|
|t:|1757846801
|switch|p1b: Gholdengo|Gholdengo, L50|100/100|[from] Parting Shot
|move|p1a: Weezing|Taunt|p2a: Alcremie
|-start|p2a: Alcremie|move: Taunt
|cant|p2a: Alcremie|move: Taunt|Decorate
|
|upkeep
|turn|2
|inactive|MrMaro has 30 seconds left.
|
|t:|1757846829
|switch|p2a: Indeedee|Indeedee, L50, M|100/100
|-terastallize|p1b: Gholdengo|Water
|-terastallize|p2b: Ursaluna|Water
|move|p1a: Weezing|Protect|p1a: Weezing
|-singleturn|p1a: Weezing|Protect
|move|p1b: Gholdengo|Nasty Plot|p1b: Gholdengo
|-boost|p1b: Gholdengo|spa|2
|move|p2b: Ursaluna|Earth Power|p1b: Gholdengo
|-damage|p1b: Gholdengo|61/100
|
|upkeep
|turn|3
|inactive|Conspiraciones has 30 seconds left.
|inactive|MrMaro has 30 seconds left.
|l|☆MrMaro
|inactive|MrMaro disconnected and has a minute to reconnect!
|player|p2|
|inactive|MrMaro has 20 seconds left.
|inactive|MrMaro has 15 seconds left.
|j|☆MrMaro
|inactive|MrMaro reconnected and has 15 seconds left.
|player|p2|MrMaro|1|
|inactive|MrMaro has 10 seconds left.
|inactive|MrMaro has 5 seconds left.
|
|t:|1757846880
|move|p1a: Weezing|Protect||[still]
|-fail|p1a: Weezing
|move|p2a: Indeedee|Expanding Force|p1a: Weezing
|-supereffective|p1a: Weezing
|-damage|p1a: Weezing|0 fnt
|faint|p1a: Weezing
|-end|p1a: Weezing|ability: Neutralizing Gas
|-fieldstart|move: Psychic Terrain|[from] ability: Psychic Surge|[of] p2a: Indeedee
|move|p1b: Gholdengo|Make It Rain|p2a: Indeedee|[spread] p2a,p2b
|-resisted|p2b: Ursaluna
|-damage|p2a: Indeedee|0 fnt
|-damage|p2b: Ursaluna|56/100
|-unboost|p1b: Gholdengo|spa|1
|faint|p2a: Indeedee
|-damage|p1b: Gholdengo|51/100|[from] item: Life Orb
|move|p2b: Ursaluna|Blood Moon|p1b: Gholdengo
|-damage|p1b: Gholdengo|0 fnt
|faint|p1b: Gholdengo
|
|upkeep
|inactive|MrMaro has 30 seconds left.
|
|t:|1757846907
|switch|p1b: Dragonite|Dragonite, L50, F|100/100
|switch|p2a: Alcremie|Alcremie, L50, F|100/100
|switch|p1a: Incineroar|Incineroar, L50, F|100/100
|-ability|p1a: Incineroar|Intimidate|boost
|-unboost|p2a: Alcremie|atk|1
|-unboost|p2b: Ursaluna|atk|1
|turn|4
|
|t:|1757846923
|switch|p2b: Sneasler|Sneasler, L50, F|100/100
|-enditem|p2b: Sneasler|Psychic Seed
|-boost|p2b: Sneasler|spd|1|[from] item: Psychic Seed
|move|p1b: Dragonite|Scale Shot|p2b: Sneasler|[miss]
|-miss|p1b: Dragonite|p2b: Sneasler
|move|p1a: Incineroar|Knock Off|p2a: Alcremie
|-resisted|p2a: Alcremie
|-crit|p2a: Alcremie
|-damage|p2a: Alcremie|74/100
|-enditem|p2a: Alcremie|Kee Berry|[from] move: Knock Off|[of] p1a: Incineroar
|move|p2a: Alcremie|Alluring Voice|p1b: Dragonite
|-supereffective|p1b: Dragonite
|-damage|p1b: Dragonite|68/100
|
|upkeep
|turn|5
|inactive|Conspiraciones has 30 seconds left.
|inactive|MrMaro has 30 seconds left.
|inactive|MrMaro has 20 seconds left.
|
|t:|1757846960
|move|p2b: Sneasler|Dire Claw|p1b: Dragonite
|-damage|p1b: Dragonite|20/100
|-status|p1b: Dragonite|par
|move|p1a: Incineroar|Flare Blitz|p2a: Alcremie
|-damage|p2a: Alcremie|32/100
|-damage|p1a: Incineroar|88/100|[from] Recoil
|move|p2a: Alcremie|Decorate|p2b: Sneasler
|-boost|p2b: Sneasler|atk|2
|-boost|p2b: Sneasler|spa|2
|move|p1b: Dragonite|Scale Shot|p2b: Sneasler
|-damage|p2b: Sneasler|77/100
|-damage|p2b: Sneasler|53/100
|-damage|p2b: Sneasler|32/100
|-damage|p2b: Sneasler|10/100
|-damage|p2b: Sneasler|0 fnt
|faint|p2b: Sneasler
|-hitcount|p2: Sneasler|5
|-unboost|p1b: Dragonite|def|1
|-boost|p1b: Dragonite|spe|1
|
|upkeep
|
|t:|1757846983
|switch|p2b: Ursaluna|Ursaluna-Bloodmoon, L50, M, tera:Water|56/100
|turn|6
|
|t:|1757846999
|move|p2b: Ursaluna|Earth Power|p1a: Incineroar
|-supereffective|p1a: Incineroar
|-damage|p1a: Incineroar|11/100
|move|p1a: Incineroar|Flare Blitz|p2a: Alcremie
|-damage|p2a: Alcremie|0 fnt
|faint|p2a: Alcremie
|-damage|p1a: Incineroar|2/100|[from] Recoil
|move|p1b: Dragonite|Scale Shot|p2b: Ursaluna
|-damage|p2b: Ursaluna|44/100
|-damage|p2b: Ursaluna|32/100
|-damage|p2b: Ursaluna|20/100
|-damage|p2b: Ursaluna|7/100
|-hitcount|p2b: Ursaluna|4
|-unboost|p1b: Dragonite|def|1
|-boost|p1b: Dragonite|spe|1
|
|upkeep
|turn|7
|
|t:|1757847021
|move|p1b: Dragonite|Extreme Speed|p2b: Ursaluna
|-activate|p2b: Ursaluna|move: Psychic Terrain
|move|p2b: Ursaluna|Hyper Voice|p1b: Dragonite|[spread] p1a,p1b
|-crit|p1a: Incineroar
|-damage|p1a: Incineroar|0 fnt
|-damage|p1b: Dragonite|0 fnt
|faint|p1a: Incineroar
|faint|p1b: Dragonite
|
|win|MrMaro
|inactive|Conspiraciones has 30 seconds to confirm battle start!
|inactive|MrMaro has 30 seconds to confirm battle start!
||MrMaro is ready for game 2.
||Conspiraciones is ready for game 2.
|uhtml|next|Next: Game 2 of 3
