|j|☆Rorox641
|j|☆Baxtothelobby
|html|Rorox641Baxtothelobby    
|uhtml|bestof|Game 3 of a best-of-3
|t:|1756133004
|gametype|doubles
|player|p1|Rorox641|wulfric|1204
|player|p2|Baxtothelobby|wattson|1197
|gen|9
|tier|[Gen 9] VGC 2025 Reg H (Bo3)
|rated|
|rule|Species Clause: Limit one of each Pokémon
|rule|Item Clause: Limit 1 of each item
|clearpoke
|poke|p1|Milotic, L50, F|
|poke|p1|Tyranitar, L50, F|
|poke|p1|Talonflame, L50, M|
|poke|p1|Garchomp, L50, M|
|poke|p1|Amoonguss, L50, M|
|poke|p1|Gholdengo, L50|
|poke|p2|Clefable, L50, M|
|poke|p2|Baxcalibur, L50, F|
|poke|p2|Sneasler, L50, F|
|poke|p2|Incineroar, L50, M|
|poke|p2|Gholdengo, L50|
|poke|p2|Pelipper, L50, F|
|teampreview|4
|showteam|p1|Milotic||SafetyGoggles|Competitive|Scald,IcyWind,Haze,Protect|||F|||50|,,,,,Dragon]Tyranitar||AssaultVest|SandStream|RockSlide,KnockOff,LowKick,TeraBlast|||F|||50|,,,,,Flying]Talonflame||CovertCloak|GaleWings|BraveBird,Tailwind,WillOWisp,Taunt|||M|||50|,,,,,Ghost]Garchomp||LifeOrb|RoughSkin|Protect,StompingTantrum,Earthquake,DragonClaw|||M|||50|,,,,,Steel]Amoonguss||SitrusBerry|Regenerator|Protect,RagePowder,Spore,PollenPuff|||M|||50|,,,,,Water]Gholdengo||IronPlate|GoodasGold|MakeItRain,ShadowBall,NastyPlot,Protect||||||50|,,,,,Flying
|showteam|p2|Clefable||SafetyGoggles|Unaware|FollowMe,Moonblast,LifeDew,Protect|||M|||50|,,,,,Water]Baxcalibur||LoadedDice|ThermalExchange|IcicleSpear,ScaleShot,HighHorsepower,Protect|||F|||50|,,,,,Poison]Sneasler||FocusSash|Unburden|Coaching,CloseCombat,DireClaw,Protect|||F|||50|,,,,,Stellar]Incineroar||AssaultVest|Intimidate|FakeOut,KnockOff,FlareBlitz,Uturn|||M|||50|,,,,,Ghost]Gholdengo||MetalCoat|GoodasGold|MakeItRain,ShadowBall,Protect,NastyPlot||||||50|,,,,,Water]Pelipper||CovertCloak|Drizzle|WeatherBall,Hurricane,WideGuard,Protect|||F|||50|,,,,,Grass
|inactive|Battle timer is ON: inactive players will automatically lose when time's up. (requested by Baxtothelobby)
|inactive|Rorox641 also wants the timer to be on.
|inactive|Rorox641 has 60 seconds left.
|
|t:|1756133048
|teamsize|p1|4
|teamsize|p2|4
|start
|switch|p1a: Garchomp|Garchomp, L50, M|100/100
|switch|p1b: Gholdengo|Gholdengo, L50|100/100
|switch|p2a: Sneasler|Sneasler, L50, F|100/100
|switch|p2b: Baxcalibur|Baxcalibur, L50, F, shiny|100/100
|turn|1
|
|t:|1756133066
|move|p1a: Garchomp|Protect|p1a: Garchomp
|-singleturn|p1a: Garchomp|Protect
|move|p2a: Sneasler|Coaching|p2b: Baxcalibur
|-boost|p2b: Baxcalibur|atk|1
|-boost|p2b: Baxcalibur|def|1
|move|p2b: Baxcalibur|Icicle Spear|p1b: Gholdengo
|-resisted|p1b: Gholdengo
|-damage|p1b: Gholdengo|87/100
|-resisted|p1b: Gholdengo
|-damage|p1b: Gholdengo|74/100
|-resisted|p1b: Gholdengo
|-damage|p1b: Gholdengo|61/100
|-resisted|p1b: Gholdengo
|-damage|p1b: Gholdengo|49/100
|-hitcount|p1b: Gholdengo|4
|move|p1b: Gholdengo|Make It Rain|p2a: Sneasler|[spread] p2a,p2b
|-supereffective|p2b: Baxcalibur
|-damage|p2a: Sneasler|27/100
|-damage|p2b: Baxcalibur|0 fnt
|-unboost|p1b: Gholdengo|spa|1
|faint|p2b: Baxcalibur
|
|upkeep
|
|t:|1756133072
|switch|p2b: Incineroar|Incineroar, L50, M, shiny|100/100
|-ability|p2b: Incineroar|Intimidate|boost
|-unboost|p1a: Garchomp|atk|1
|-unboost|p1b: Gholdengo|atk|1
|turn|2
|
|t:|1756133090
|-terastallize|p2b: Incineroar|Ghost
|move|p2a: Sneasler|Protect|p2a: Sneasler
|-singleturn|p2a: Sneasler|Protect
|move|p1a: Garchomp|Earthquake|p2a: Sneasler|[spread] p1b,p2b
|-activate|p2a: Sneasler|move: Protect
|-supereffective|p1b: Gholdengo
|-damage|p1b: Gholdengo|0 fnt
|-damage|p2b: Incineroar|69/100
|faint|p1b: Gholdengo
|-damage|p1a: Garchomp|91/100|[from] item: Life Orb
|move|p2b: Incineroar|Knock Off|p1a: Garchomp
|-damage|p1a: Garchomp|41/100
|-damage|p2b: Incineroar|56/100|[from] ability: Rough Skin|[of] p1a: Garchomp
|-enditem|p1a: Garchomp|Life Orb|[from] move: Knock Off|[of] p2b: Incineroar
|
|upkeep
|
|t:|1756133100
|switch|p1b: Talonflame|Talonflame, L50, M|100/100
|turn|3
|
|t:|1756133114
|switch|p2a: Pelipper|Pelipper, L50, F|100/100
|-weather|RainDance|[from] ability: Drizzle|[of] p2a: Pelipper
|move|p1b: Talonflame|Tailwind|p1b: Talonflame
|-sidestart|p1: Rorox641|move: Tailwind
|move|p1a: Garchomp|Earthquake|p2a: Pelipper|[spread] p2b
|-immune|p1b: Talonflame
|-immune|p2a: Pelipper
|-damage|p2b: Incineroar|34/100
|move|p2b: Incineroar|Knock Off|p1a: Garchomp
|-damage|p1a: Garchomp|7/100
|-damage|p2b: Incineroar|21/100|[from] ability: Rough Skin|[of] p1a: Garchomp
|
|-weather|RainDance|[upkeep]
|upkeep
|turn|4
|
|t:|1756133135
|move|p1b: Talonflame|Brave Bird|p2b: Incineroar
|-damage|p2b: Incineroar|0 fnt
|faint|p2b: Incineroar
|-damage|p1b: Talonflame|92/100|[from] Recoil
|move|p1a: Garchomp|Dragon Claw|p2a: Pelipper
|-damage|p2a: Pelipper|73/100
|move|p2a: Pelipper|Weather Ball|p1b: Talonflame
|-supereffective|p1b: Talonflame
|-damage|p1b: Talonflame|0 fnt
|faint|p1b: Talonflame
|
|-weather|RainDance|[upkeep]
|upkeep
|
|t:|1756133145
|switch|p1b: Tyranitar|Tyranitar, L50, F|100/100
|switch|p2b: Sneasler|Sneasler, L50, F|27/100
|-weather|Sandstorm|[from] ability: Sand Stream|[of] p1b: Tyranitar
|turn|5
|
|t:|1756133156
|-terastallize|p1b: Tyranitar|Flying
|move|p2b: Sneasler|Protect|p2b: Sneasler
|-singleturn|p2b: Sneasler|Protect
|move|p1a: Garchomp|Earthquake|p2a: Pelipper|[spread] 
|-activate|p2b: Sneasler|move: Protect
|-immune|p1b: Tyranitar
|-immune|p2a: Pelipper
|move|p1b: Tyranitar|Rock Slide|p2b: Sneasler|[spread] p2a
|-activate|p2b: Sneasler|move: Protect
|-supereffective|p2a: Pelipper
|-damage|p2a: Pelipper|12/100
|move|p2a: Pelipper|Weather Ball|p1a: Garchomp
|-resisted|p1a: Garchomp
|-damage|p1a: Garchomp|0 fnt
|faint|p1a: Garchomp
|
|-weather|Sandstorm|[upkeep]
|-damage|p1b: Tyranitar|95/100|[from] Sandstorm
|-damage|p2b: Sneasler|21/100|[from] Sandstorm
|-damage|p2a: Pelipper|6/100|[from] Sandstorm
|upkeep
|turn|6
|
|t:|1756133174
|move|p1b: Tyranitar|Rock Slide|p2b: Sneasler|[spread] p2a,p2b
|-supereffective|p2a: Pelipper
|-resisted|p2b: Sneasler
|-damage|p2a: Pelipper|0 fnt
|-damage|p2b: Sneasler|0 fnt
|faint|p2a: Pelipper
|faint|p2b: Sneasler
|
|win|Rorox641
|raw|Rorox641's rating: 1204 → 1228(+24 for winning)
|raw|Baxtothelobby's rating: 1197 → 1173(-24 for losing)
|c|☆Rorox641|gg
|c|☆Baxtothelobby|gg
|l|☆Rorox641
|player|p1|
