|j|☆echoes630
|j|☆Papo12345
|html|echoes630Papo12345    
|uhtml|bestof|Game 1 of a best-of-3
|t:|1784233322
|gametype|doubles
|player|p1|echoes630|265|1266
|player|p2|Papo12345|170|1204
|gen|9
|tier|[Gen 9 Champions] VGC 2026 Reg M-B (Bo3)
|rated|
|rule|Species Clause: Limit one of each Pokémon
|rule|Item Clause: Limit 1 of each item
|clearpoke
|poke|p1|Sneasler, L50, M|
|poke|p1|Blastoise, L50, M|
|poke|p1|Kingambit, L50, M|
|poke|p1|Incineroar, L50, M|
|poke|p1|Delphox, L50, F|
|poke|p1|Sinistcha, L50|
|poke|p2|Floette-Eternal, L50, F|
|poke|p2|Charizard, L50, F|
|poke|p2|Incineroar, L50, M|
|poke|p2|Basculegion, L50, M|
|poke|p2|Whimsicott, L50, M|
|poke|p2|Garchomp, L50, M|
|teampreview|4
|showteam|p1|Sneasler||FocusSash|PoisonTouch|PoisonJab,CloseCombat,FakeOut,QuickGuard|Jolly||M|||50|]Blastoise||Blastoisinite|RainDish|DarkPulse,WaterSpout,ShellSmash,Protect|Modest||M|||50|]Kingambit||BlackGlasses|Defiant|KowtowCleave,SuckerPunch,SwordsDance,Protect|Adamant||M|||50|]Incineroar||SitrusBerry|Intimidate|FlareBlitz,HelpingHand,PartingShot,FakeOut|Careful||M|||50|]Delphox||Delphoxite|Blaze|HeatWave,NastyPlot,Psyshock,Protect|Modest||F|||50|]Sinistcha||KasibBerry|Hospitality|MatchaGotcha,RagePowder,TrickRoom,Protect|Bold|||||50|
|showteam|p2|Floette-Eternal||Floettite|FlowerVeil|DazzlingGleam,Moonblast,LightofRuin,Protect|Modest||F|||50|]Charizard||CharizarditeY|Blaze|HeatWave,WeatherBall,SolarBeam,Protect|Modest||F|||50|]Incineroar||SitrusBerry|Intimidate|FlareBlitz,ThroatChop,PartingShot,FakeOut|Careful||M|||50|]Basculegion||LifeOrb|Adaptability|WaveCrash,LastRespects,AquaJet,Protect|Adamant||M|||50|]Whimsicott||FocusSash|Prankster|Moonblast,Tailwind,Encore,Protect|Timid||M|||50|]Garchomp||ChoiceScarf|RoughSkin|RockSlide,DragonClaw,Earthquake,StompingTantrum|Adamant||M|||50|
|inactive|Battle timer is ON: inactive players will automatically lose when time's up. (requested by Papo12345)
|inactive|Papo12345 has 60 seconds left.
|inactive|Papo12345 has 30 seconds left.
|
|t:|1784233515
|teamsize|p1|4
|teamsize|p2|4
|start
|switch|p1a: Incineroar|Incineroar, L50, M|100/100
|switch|p1b: Delphox|Delphox, L50, F|100/100
|switch|p2a: Garchomp|Garchomp, L50, M|100/100
|switch|p2b: Basculegion|Basculegion, L50, M|100/100
|-ability|p1a: Incineroar|Intimidate|boost
|-unboost|p2a: Garchomp|atk|1
|-unboost|p2b: Basculegion|atk|1
|turn|1
|inactive|Papo12345 has 30 seconds left.
|inactive|Papo12345 has 20 seconds left.
|inactive|Papo12345 has 15 seconds left.
|
|t:|1784233559
|switch|p2b: Whimsicott|Whimsicott, L50, M|100/100
|switch|p1a: Sinistcha|Sinistcha, L50|100/100
|detailschange|p1b: Delphox|Delphox-Mega, L50, F
|-mega|p1b: Delphox|Delphox|Delphoxite
|move|p1b: Delphox|Protect|p1b: Delphox
|-singleturn|p1b: Delphox|Protect
|move|p2a: Garchomp|Rock Slide|p1a: Sinistcha|[spread] p1a
|-activate|p1b: Delphox|move: Protect
|-damage|p1a: Sinistcha|87/100
|
|upkeep
|turn|2
|
|t:|1784233584
|switch|p2a: Charizard|Charizard, L50, F|100/100
|switch|p1b: Incineroar|Incineroar, L50, M|100/100
|-ability|p1b: Incineroar|Intimidate|boost
|-unboost|p2a: Charizard|atk|1
|-unboost|p2b: Whimsicott|atk|1
|move|p2b: Whimsicott|Encore|p1b: Incineroar
|-hint|Since gen 7, Dark is immune to Prankster moves.
|-immune|p1b: Incineroar
|move|p1a: Sinistcha|Trick Room|p1a: Sinistcha
|-fieldstart|move: Trick Room|[of] p1a: Sinistcha
|
|upkeep
|turn|3
|inactive|Papo12345 has 30 seconds left.
|inactive|Papo12345 has 20 seconds left.
|inactive|Papo12345 has 15 seconds left.
|inactive|Papo12345 has 10 seconds left.
|inactive|Papo12345 has 5 seconds left.
|
|t:|1784233635
|switch|p1a: Delphox|Delphox-Mega, L50, F|100/100
|switch|p2a: Basculegion|Basculegion, L50, M|100/100
|move|p2b: Whimsicott|Encore||[still]
|-fail|p2b: Whimsicott
|move|p1b: Incineroar|Flare Blitz|p2a: Basculegion
|-resisted|p2a: Basculegion|1
|-damage|p2a: Basculegion|74/100
|-status|p2a: Basculegion|brn
|-damage|p1b: Incineroar|91/100|[from] Recoil
|
|-damage|p2a: Basculegion|68/100 brn|[from] brn
|upkeep
|turn|4
|inactive|Papo12345 has 30 seconds left.
|inactive|Papo12345 has 20 seconds left.
|inactive|Papo12345 has 15 seconds left.
|inactive|Papo12345 has 10 seconds left.
|inactive|Papo12345 has 5 seconds left.
|
|t:|1784233686
|switch|p1a: Sinistcha|Sinistcha, L50|87/100
|-heal|p1b: Incineroar|100/100|[from] ability: Hospitality|[of] p1a: Sinistcha
|move|p2b: Whimsicott|Protect|p2b: Whimsicott
|-singleturn|p2b: Whimsicott|Protect
|move|p1b: Incineroar|Flare Blitz|p2b: Whimsicott
|-activate|p2b: Whimsicott|move: Protect
|move|p2a: Basculegion|Wave Crash|p1a: Sinistcha
|-resisted|p1a: Sinistcha|1
|-damage|p1a: Sinistcha|64/100
|-damage|p2a: Basculegion|61/100 brn|[from] Recoil
|-damage|p2a: Basculegion|52/100 brn|[from] item: Life Orb
|
|-damage|p2a: Basculegion|46/100 brn|[from] brn
|upkeep
|turn|5
|inactive|Papo12345 has 30 seconds left.
|inactive|Papo12345 has 20 seconds left.
|inactive|Papo12345 has 15 seconds left.
|inactive|Papo12345 has 10 seconds left.
|inactive|Papo12345 has 5 seconds left.
|
|t:|1784233742
|move|p2a: Basculegion|Protect|p2a: Basculegion
|-singleturn|p2a: Basculegion|Protect
|move|p1a: Sinistcha|Matcha Gotcha|p2b: Whimsicott|[spread] p2b
|-activate|p2a: Basculegion|move: Protect
|-resisted|p2b: Whimsicott|1
|-damage|p2b: Whimsicott|78/100
|-heal|p1a: Sinistcha|72/100|[from] drain|[of] p2b: Whimsicott
|-status|p2b: Whimsicott|brn
|move|p1b: Incineroar|Flare Blitz|p2a: Basculegion
|-activate|p2a: Basculegion|move: Protect
|move|p2b: Whimsicott|Moonblast|p1a: Sinistcha
|-damage|p1a: Sinistcha|41/100
|
|-damage|p2a: Basculegion|40/100 brn|[from] brn
|-damage|p2b: Whimsicott|72/100 brn|[from] brn
|upkeep
|turn|6
|inactive|Papo12345 has 30 seconds left.
|inactive|Papo12345 has 20 seconds left.
|inactive|Papo12345 has 15 seconds left.
|inactive|Papo12345 has 10 seconds left.
|inactive|Papo12345 has 5 seconds left.
|
|t:|1784233795
|switch|p2b: Charizard|Charizard, L50, F|100/100
|move|p1a: Sinistcha|Matcha Gotcha|p2b: Charizard|[spread] p2a,p2b
|-supereffective|p2a: Basculegion|1
|-resisted|p2b: Charizard|2
|-damage|p2a: Basculegion|0 fnt
|-heal|p1a: Sinistcha|64/100|[from] drain|[of] p2a: Basculegion
|-damage|p2b: Charizard|93/100
|-heal|p1a: Sinistcha|67/100|[from] drain|[of] p2b: Charizard
|faint|p2a: Basculegion
|move|p1b: Incineroar|Parting Shot|p2b: Charizard
|-unboost|p2b: Charizard|atk|1
|-unboost|p2b: Charizard|spa|1
|
|t:|1784233801
|switch|p1b: Delphox|Delphox-Mega, L50, F|100/100|[from] Parting Shot
|
|-fieldend|move: Trick Room
|upkeep
|
|t:|1784233813
|switch|p2a: Garchomp|Garchomp, L50, M|100/100
|turn|7
|
|t:|1784233823
|switch|p1a: Incineroar|Incineroar, L50, M|100/100
|-ability|p1a: Incineroar|Intimidate|boost
|-unboost|p2a: Garchomp|atk|1
|-unboost|p2b: Charizard|atk|1
|detailschange|p2b: Charizard|Charizard-Mega-Y, L50, F
|-mega|p2b: Charizard|Charizard|Charizardite Y
|-weather|SunnyDay|[from] ability: Drought|[of] p2b: Charizard
|move|p1b: Delphox|Protect|p1b: Delphox
|-singleturn|p1b: Delphox|Protect
|move|p2a: Garchomp|Rock Slide|p1a: Incineroar|[spread] p1a
|-activate|p1b: Delphox|move: Protect
|-supereffective|p1a: Incineroar|1
|-damage|p1a: Incineroar|71/100
|move|p2b: Charizard|Weather Ball|p1a: Incineroar
|-resisted|p1a: Incineroar|1
|-damage|p1a: Incineroar|46/100
|-enditem|p1a: Incineroar|Sitrus Berry|[eat]
|-heal|p1a: Incineroar|70/100|[from] item: Sitrus Berry
|
|-weather|SunnyDay|[upkeep]
|upkeep
|turn|8
|inactive|Papo12345 has 30 seconds left.
|inactive|Papo12345 has 20 seconds left.
|inactive|Papo12345 has 15 seconds left.
|inactive|Papo12345 has 10 seconds left.
|inactive|Papo12345 has 5 seconds left.
|
|t:|1784233876
|move|p1a: Incineroar|Fake Out|p2a: Garchomp
|-damage|p2a: Garchomp|90/100
|-damage|p1a: Incineroar|58/100|[from] ability: Rough Skin|[of] p2a: Garchomp
|cant|p2a: Garchomp|flinch
|move|p1b: Delphox|Psyshock|p2a: Garchomp
|-damage|p2a: Garchomp|42/100
|move|p2b: Charizard|Weather Ball|p1b: Delphox
|-resisted|p1b: Delphox|1
|-damage|p1b: Delphox|75/100
|
|-weather|SunnyDay|[upkeep]
|upkeep
|turn|9
|
|t:|1784233901
|move|p2a: Garchomp|Rock Slide|p1b: Delphox|[spread] p1a,p1b
|-supereffective|p1a: Incineroar|1
|-supereffective|p1b: Delphox|1
|-crit|p1b: Delphox
|-damage|p1a: Incineroar|28/100
|-damage|p1b: Delphox|0 fnt
|faint|p1b: Delphox
|move|p2b: Charizard|Weather Ball|p1a: Incineroar
|-resisted|p1a: Incineroar|1
|-damage|p1a: Incineroar|4/100
|cant|p1a: Incineroar|flinch
|
|-weather|SunnyDay|[upkeep]
|upkeep
|
|t:|1784233906
|switch|p1b: Sinistcha|Sinistcha, L50|67/100
|-heal|p1a: Incineroar|29/100|[from] ability: Hospitality|[of] p1b: Sinistcha
|turn|10
|inactive|Papo12345 has 30 seconds left.
|inactive|Papo12345 has 20 seconds left.
|
|t:|1784233943
|switch|p2a: Whimsicott|Whimsicott, L50, M|72/100 brn
|move|p1b: Sinistcha|Protect|p1b: Sinistcha
|-singleturn|p1b: Sinistcha|Protect
|move|p2b: Charizard|Weather Ball|p1b: Sinistcha
|-activate|p1b: Sinistcha|move: Protect
|move|p1a: Incineroar|Parting Shot|p2b: Charizard
|-unboost|p2b: Charizard|atk|1
|-unboost|p2b: Charizard|spa|1
|
|t:|1784233947
|switch|p1a: Sneasler|Sneasler, L50, M|100/100|[from] Parting Shot
|
|-weather|SunnyDay|[upkeep]
|-damage|p2a: Whimsicott|67/100 brn|[from] brn
|upkeep
|turn|11
|inactive|Papo12345 has 30 seconds left.
|inactive|Papo12345 has 20 seconds left.
|inactive|Papo12345 has 15 seconds left.
|inactive|Papo12345 has 10 seconds left.
|
|t:|1784233976
|switch|p1b: Incineroar|Incineroar, L50, M|29/100
|-ability|p1b: Incineroar|Intimidate|boost
|-unboost|p2a: Whimsicott|atk|1
|-unboost|p2b: Charizard|atk|1
|move|p1a: Sneasler|Poison Jab|p2a: Whimsicott
|-supereffective|p2a: Whimsicott|2
|-damage|p2a: Whimsicott|0 fnt
|faint|p2a: Whimsicott
|move|p2b: Charizard|Heat Wave|p1a: Sneasler|[spread] p1a,p1b
|-resisted|p1b: Incineroar|1
|-damage|p1a: Sneasler|59/100
|-damage|p1b: Incineroar|15/100
|-status|p1a: Sneasler|brn
|
|-weather|none
|-damage|p1a: Sneasler|53/100 brn|[from] brn
|upkeep
|inactive|Papo12345 has 10 seconds left this turn.
|inactive|Papo12345 has 5 seconds left.
|
|t:|1784233984
|switch|p2a: Garchomp|Garchomp, L50, M|42/100
|turn|12
|inactive|Papo12345 has 5 seconds left this turn.
|
|t:|1784234006
|move|p1b: Incineroar|Fake Out|p2a: Garchomp
|-damage|p2a: Garchomp|32/100
|-damage|p1b: Incineroar|3/100|[from] ability: Rough Skin|[of] p2a: Garchomp
|cant|p2a: Garchomp|flinch
|move|p1a: Sneasler|Close Combat|p2a: Garchomp
|-damage|p2a: Garchomp|2/100
|-unboost|p1a: Sneasler|def|1
|-unboost|p1a: Sneasler|spd|1
|-damage|p1a: Sneasler|41/100 brn|[from] ability: Rough Skin|[of] p2a: Garchomp
|move|p2b: Charizard|Weather Ball|p1b: Incineroar
|-damage|p1b: Incineroar|0 fnt
|faint|p1b: Incineroar
|
|-damage|p1a: Sneasler|35/100 brn|[from] brn
|upkeep
|
|t:|1784234012
|switch|p1b: Sinistcha|Sinistcha, L50|67/100
|-heal|p1a: Sneasler|60/100 brn|[from] ability: Hospitality|[of] p1b: Sinistcha
|turn|13
|inactive|Papo12345 has 5 seconds left this turn.
|-message|Papo12345 lost due to inactivity.
|
|win|echoes630
||echoes630 is ready for game 2.
|inactive|Papo12345 has 30 seconds to confirm battle start!
||Papo12345 is ready for game 2.
|uhtml|next|Next: Game 2 of 3
