|j|☆caevz027
|j|☆angusgrind13
|html|caevz027angusgrind13    
|uhtml|bestof|Game 1 of a best-of-3
|t:|1784818810
|gametype|doubles
|player|p1|caevz027|2|1108
|player|p2|angusgrind13|steven|1139
|gen|9
|tier|[Gen 9 Champions] VGC 2026 Reg M-B (Bo3)
|rated|
|rule|Species Clause: Limit one of each Pokémon
|rule|Item Clause: Limit 1 of each item
|clearpoke
|poke|p1|Corviknight, L50, M|
|poke|p1|Garchomp, L50, M|
|poke|p1|Tyranitar, L50, F|
|poke|p1|Raichu, L50, M|
|poke|p1|Sylveon, L50, F|
|poke|p1|Sinistcha-Masterpiece, L50|
|poke|p2|Primarina, L50, F|
|poke|p2|Kingambit, L50, M|
|poke|p2|Froslass, L50, F|
|poke|p2|Sneasler, L50, F|
|poke|p2|Lycanroc-Dusk, L50, F|
|poke|p2|Dragonite, L50, M|
|teampreview|4
|showteam|p1|Corviknight||Leftovers|MirrorArmor|BraveBird,IronHead,Tailwind,Protect|Adamant||M|||50|]Garchomp||SitrusBerry|RoughSkin|DragonClaw,StompingTantrum,RockSlide,Protect|Adamant||M|||50|]Tyranitar||FocusSash|SandStream|RockSlide,KnockOff,LowKick,Protect|Adamant||F|||50|]Raichu||RaichuniteY|Static|ZapCannon,FocusBlast,FakeOut,Protect|Timid||M|||50|]Sylveon||FairyFeather|Pixilate|HyperBeam,Yawn,QuickAttack,Protect|Modest||F|||50|]Sinistcha-Masterpiece||KasibBerry|Hospitality|MatchaGotcha,ShadowBall,RagePowder,Protect|Modest|||||50|
|showteam|p2|Primarina||LifeOrb|LiquidVoice|HyperVoice,Moonblast,Haze,Protect|Modest||F|||50|]Kingambit||BlackGlasses|Defiant|KowtowCleave,SuckerPunch,SwordsDance,Protect|Adamant||M|||50|]Froslass||Froslassite|CursedBody|Blizzard,ShadowBall,AuroraVeil,Protect|Timid||F|||50|]Sneasler||WhiteHerb|Unburden|GunkShot,CloseCombat,FakeOut,Protect|Adamant||F|||50|]Lycanroc-Dusk||FocusSash|ToughClaws|RockSlide,Accelerock,CloseCombat,Protect|Adamant||F|||50|]Dragonite||Dragoninite|Multiscale|DragonPulse,Flamethrower,Tailwind,Protect|Modest||M|||50|
|
|t:|1784818854
|teamsize|p1|4
|teamsize|p2|4
|start
|switch|p1a: Corviknight|Corviknight, L50, M|100/100
|switch|p1b: Raichu|Raichu, L50, M|100/100
|switch|p2a: Dragonite|Dragonite, L50, M|100/100
|switch|p2b: Sneasler|Sneasler, L50, F|100/100
|turn|1
|inactive|Battle timer is ON: inactive players will automatically lose when time's up. (requested by caevz027)
|
|t:|1784818878
|detailschange|p1b: Raichu|Raichu-Mega-Y, L50, M
|-mega|p1b: Raichu|Raichu|Raichunite Y
|detailschange|p2a: Dragonite|Dragonite-Mega, L50, M
|-mega|p2a: Dragonite|Dragonite|Dragoninite
|move|p1b: Raichu|Fake Out|p2b: Sneasler
|-damage|p2b: Sneasler|88/100
|cant|p2b: Sneasler|flinch
|move|p2a: Dragonite|Flamethrower|p1a: Corviknight
|-supereffective|p1a: Corviknight|1
|-damage|p1a: Corviknight|13/100
|-status|p1a: Corviknight|brn
|move|p1a: Corviknight|Tailwind|p1a: Corviknight
|-sidestart|p1: caevz027|move: Tailwind
|
|-heal|p1a: Corviknight|19/100 brn|[from] item: Leftovers
|-damage|p1a: Corviknight|13/100 brn|[from] brn
|upkeep
|turn|2
|
|t:|1784818902
|switch|p1a: Sinistcha|Sinistcha-Masterpiece, L50|100/100
|move|p2a: Dragonite|Protect|p2a: Dragonite
|-singleturn|p2a: Dragonite|Protect
|move|p1b: Raichu|Zap Cannon|p2b: Sneasler
|-crit|p2b: Sneasler
|-damage|p2b: Sneasler|0 fnt
|faint|p2b: Sneasler
|
|upkeep
|
|t:|1784818909
|switch|p2b: Lycanroc|Lycanroc-Dusk, L50, F|100/100
|turn|3
|
|t:|1784818929
|move|p1b: Raichu|Zap Cannon|p2a: Dragonite
|-damage|p2a: Dragonite|69/100
|-status|p2a: Dragonite|par
|move|p1a: Sinistcha|Matcha Gotcha|p2b: Lycanroc|[spread] p2a,p2b
|-resisted|p2a: Dragonite|2
|-supereffective|p2b: Lycanroc|1
|-damage|p2a: Dragonite|63/100 par
|-damage|p2b: Lycanroc|10/100
|move|p2b: Lycanroc|Rock Slide|p1a: Sinistcha|[spread] p1b
|-miss|p2b: Lycanroc|p1a: Sinistcha
|-damage|p1b: Raichu|37/100
|move|p2a: Dragonite|Flamethrower|p1a: Sinistcha
|-supereffective|p1a: Sinistcha|1
|-damage|p1a: Sinistcha|18/100
|
|upkeep
|turn|4
|
|t:|1784818952
|switch|p1a: Sylveon|Sylveon, L50, F|100/100
|move|p2b: Lycanroc|Accelerock|p1b: Raichu
|-crit|p1b: Raichu
|-damage|p1b: Raichu|0 fnt
|faint|p1b: Raichu
|move|p2a: Dragonite|Tailwind|p2a: Dragonite
|-sidestart|p2: angusgrind13|move: Tailwind
|
|-sideend|p1: caevz027|move: Tailwind
|upkeep
|
|t:|1784818961
|switch|p1b: Sinistcha|Sinistcha-Masterpiece, L50|18/100
|turn|5
|
|t:|1784818971
|move|p2b: Lycanroc|Rock Slide|p1a: Sylveon|[spread] p1a,p1b
|-damage|p1a: Sylveon|65/100
|-damage|p1b: Sinistcha|0 fnt
|faint|p1b: Sinistcha
|move|p2a: Dragonite|Flamethrower|p1a: Sylveon
|-damage|p1a: Sylveon|34/100
|move|p1a: Sylveon|Hyper Beam|p2a: Dragonite
|-supereffective|p2a: Dragonite|1
|-crit|p2a: Dragonite
|-damage|p2a: Dragonite|0 fnt
|-mustrecharge|p1a: Sylveon
|faint|p2a: Dragonite
|
|upkeep
|
|t:|1784818982
|switch|p2a: Primarina|Primarina, L50, F|100/100
|switch|p1b: Corviknight|Corviknight, L50, M|13/100 brn
|turn|6
|-message|caevz027 forfeited.
|
|win|angusgrind13
|l|☆caevz027
|player|p1|
||caevz027 is ready for game 2.
