|j|☆InsomniacREM
|j|☆HasselFreeVGC
|html|InsomniacREMHasselFreeVGC    
|uhtml|bestof|Game 2 of a best-of-3
|t:|1756260718
|gametype|doubles
|player|p1|InsomniacREM|miku-ground|1177
|player|p2|HasselFreeVGC|hassel|1146
|gen|9
|tier|[Gen 9] VGC 2025 Reg H (Bo3)
|rated|
|rule|Species Clause: Limit one of each Pokémon
|rule|Item Clause: Limit 1 of each item
|clearpoke
|poke|p1|Incineroar, L50, M|
|poke|p1|Basculegion, L50, M|
|poke|p1|Pelipper, L50, M|
|poke|p1|Archaludon, L50, M|
|poke|p1|Sinistcha, L50|
|poke|p1|Ursaluna, L50, F|
|poke|p2|Samurott-Hisui, L50, M|
|poke|p2|Magmar, L50, M|
|poke|p2|Gholdengo, L50|
|poke|p2|Dragonite, L50, M|
|poke|p2|Annihilape, L50, M|
|poke|p2|Ninetales-Alola, L50, F|
|teampreview|4
|showteam|p1|Incineroar||SafetyGoggles|Intimidate|KnockOff,Taunt,PartingShot,FakeOut|||M|||50|,,,,,Flying]Basculegion||ChoiceBand|SwiftSwim|WaveCrash,LastRespects,AquaJet,FlipTurn|||M|||50|,,,,,Water]Pelipper||FocusSash|Drizzle|Hurricane,WeatherBall,Tailwind,Protect|||M|||50|,,,,,Stellar]Archaludon||AssaultVest|Stamina|DragonPulse,ElectroShot,Snarl,BodyPress|||M|||50|,,,,,Bug]Sinistcha||SitrusBerry|Hospitality|MatchaGotcha,RagePowder,LifeDew,TrickRoom||||||50|,,,,,Water]Ursaluna||FlameOrb|Guts|Facade,HeadlongRush,Earthquake,Protect|||F|||50|,,,,,Ghost
|showteam|p2|Samurott-Hisui||ScopeLens|Sharpness|AquaCutter,NightSlash,SacredSword,Protect|||M|||50|,,,,,Ghost]Magmar||Eviolite|VitalSpirit|HeatWave,ClearSmog,FollowMe,Protect|||M|||50|,,,,,Ghost]Gholdengo||IronPlate|GoodasGold|MakeItRain,ShadowBall,NastyPlot,Protect||||||50|,,,,,Dragon]Dragonite||LoadedDice|Multiscale|ScaleShot,StompingTantrum,Tailwind,Protect|||M|||50|,,,,,Ground]Annihilape||SafetyGoggles|VitalSpirit|CloseCombat,RageFist,FinalGambit,Coaching|||M|||50|,,,,,Fairy]Ninetales-Alola||FocusSash|SnowWarning|Blizzard,IcyWind,Encore,AuroraVeil|||F|||50|,,,,,Ghost
|
|t:|1756260753
|teamsize|p1|4
|teamsize|p2|4
|start
|switch|p1a: Basculegion|Basculegion, L50, M, shiny|100/100
|switch|p1b: Archaludon|Archaludon, L50, M|100/100
|switch|p2a: Dragonite|Dragonite, L50, M|100/100
|switch|p2b: Annihilape|Annihilape, L50, M|100/100
|turn|1
|
|t:|1756260773
|switch|p1b: Pelipper|Pelipper, L50, M|100/100
|-weather|RainDance|[from] ability: Drizzle|[of] p1b: Pelipper
|move|p1a: Basculegion|Wave Crash|p2b: Annihilape
|-damage|p2b: Annihilape|0 fnt
|faint|p2b: Annihilape
|-damage|p1a: Basculegion|66/100|[from] Recoil
|move|p2a: Dragonite|Scale Shot|p1a: Basculegion|[miss]
|-miss|p2a: Dragonite|p1a: Basculegion
|
|-weather|RainDance|[upkeep]
|upkeep
|
|t:|1756260787
|switch|p2b: Samurott|Samurott-Hisui, L50, M, shiny|100/100
|turn|2
|
|t:|1756260827
|move|p1a: Basculegion|Wave Crash|p2a: Dragonite
|-resisted|p2a: Dragonite
|-damage|p2a: Dragonite|64/100
|-damage|p1a: Basculegion|56/100|[from] Recoil
|move|p2a: Dragonite|Tailwind|p2a: Dragonite
|-sidestart|p2: HasselFreeVGC|move: Tailwind
|move|p2b: Samurott|Night Slash|p1b: Pelipper
|-damage|p1b: Pelipper|29/100
|move|p1b: Pelipper|Tailwind|p1b: Pelipper
|-sidestart|p1: InsomniacREM|move: Tailwind
|
|-weather|RainDance|[upkeep]
|upkeep
|turn|3
|
|t:|1756260847
|switch|p2b: Ninetales|Ninetales-Alola, L50, F|100/100
|-weather|Snowscape|[from] ability: Snow Warning|[of] p2b: Ninetales
|move|p1a: Basculegion|Wave Crash|p2a: Dragonite
|-resisted|p2a: Dragonite
|-damage|p2a: Dragonite|16/100
|-damage|p1a: Basculegion|42/100|[from] Recoil
|move|p2a: Dragonite|Scale Shot|p1b: Pelipper|[miss]
|-miss|p2a: Dragonite|p1b: Pelipper
|move|p1b: Pelipper|Hurricane|p2b: Ninetales|[miss]
|-miss|p1b: Pelipper|p2b: Ninetales
|
|-weather|Snowscape|[upkeep]
|upkeep
|turn|4
|
|t:|1756260874
|switch|p2a: Samurott|Samurott-Hisui, L50, M, shiny|100/100
|switch|p1b: Archaludon|Archaludon, L50, M|100/100
|move|p2b: Ninetales|Blizzard|p1a: Basculegion|[spread] p1a,p1b
|-resisted|p1a: Basculegion
|-damage|p1a: Basculegion|23/100
|-damage|p1b: Archaludon|77/100
|-status|p1a: Basculegion|frz
|-ability|p1b: Archaludon|Stamina|boost
|-boost|p1b: Archaludon|def|1
|cant|p1a: Basculegion|frz
|
|-weather|Snowscape|[upkeep]
|upkeep
|turn|5
|
|t:|1756260901
|switch|p1a: Pelipper|Pelipper, L50, M|29/100
|-weather|RainDance|[from] ability: Drizzle|[of] p1a: Pelipper
|-terastallize|p2a: Samurott|Ghost
|move|p2b: Ninetales|Icy Wind|p1a: Pelipper|[spread] p1a,p1b
|-damage|p1a: Pelipper|2/100
|-damage|p1b: Archaludon|64/100
|-unboost|p1a: Pelipper|spe|1
|-unboost|p1b: Archaludon|spe|1
|-ability|p1b: Archaludon|Stamina|boost
|-boost|p1b: Archaludon|def|1
|move|p2a: Samurott|Night Slash|p1b: Archaludon
|-crit|p1b: Archaludon
|-damage|p1b: Archaludon|4/100
|-ability|p1b: Archaludon|Stamina|boost
|-boost|p1b: Archaludon|def|1
|move|p1b: Archaludon|Electro Shot||[still]
|-prepare|p1b: Archaludon|Electro Shot
|-boost|p1b: Archaludon|spa|1
|-anim|p1b: Archaludon|Electro Shot|p2a: Samurott
|-damage|p2a: Samurott|14/100
|
|-weather|RainDance|[upkeep]
|-sideend|p1: InsomniacREM|move: Tailwind
|-sideend|p2: HasselFreeVGC|move: Tailwind
|upkeep
|turn|6
|
|t:|1756260968
|switch|p2a: Dragonite|Dragonite, L50, M|16/100
|switch|p1b: Sinistcha|Sinistcha, L50|100/100
|-heal|p1a: Pelipper|27/100|[from] ability: Hospitality|[of] p1b: Sinistcha
|move|p1a: Pelipper|Protect|p1a: Pelipper
|-singleturn|p1a: Pelipper|Protect
|move|p2b: Ninetales|Icy Wind|p1b: Sinistcha|[spread] p1b
|-activate|p1a: Pelipper|move: Protect
|-supereffective|p1b: Sinistcha
|-damage|p1b: Sinistcha|70/100
|-unboost|p1b: Sinistcha|spe|1
|
|-weather|RainDance|[upkeep]
|upkeep
|turn|7
|
|t:|1756261018
|move|p2b: Ninetales|Blizzard|p1b: Sinistcha|[spread] p1a
|-miss|p2b: Ninetales|p1b: Sinistcha
|-crit|p1a: Pelipper
|-damage|p1a: Pelipper|0 fnt
|faint|p1a: Pelipper
|move|p2a: Dragonite|Scale Shot|p1b: Sinistcha
|-damage|p1b: Sinistcha|56/100
|-damage|p1b: Sinistcha|43/100
|-enditem|p1b: Sinistcha|Sitrus Berry|[eat]
|-heal|p1b: Sinistcha|67/100|[from] item: Sitrus Berry
|-damage|p1b: Sinistcha|53/100
|-damage|p1b: Sinistcha|41/100
|-hitcount|p1b: Sinistcha|4
|-unboost|p2a: Dragonite|def|1
|-boost|p2a: Dragonite|spe|1
|move|p1b: Sinistcha|Trick Room|p1b: Sinistcha
|-fieldstart|move: Trick Room|[of] p1b: Sinistcha
|
|-weather|RainDance|[upkeep]
|upkeep
|
|t:|1756261036
|switch|p1a: Archaludon|Archaludon, L50, M|4/100
|turn|8
|
|t:|1756261059
|-terastallize|p1b: Sinistcha|Water
|move|p1b: Sinistcha|Life Dew|p1b: Sinistcha|[spread] p1a,p1b
|-heal|p1a: Archaludon|29/100
|-heal|p1b: Sinistcha|66/100
|move|p1a: Archaludon|Snarl|p2a: Dragonite|[spread] p2a,p2b
|-resisted|p2b: Ninetales
|-damage|p2a: Dragonite|1/100
|-damage|p2b: Ninetales|93/100
|-unboost|p2a: Dragonite|spa|1
|-unboost|p2b: Ninetales|spa|1
|move|p2b: Ninetales|Icy Wind|p1b: Sinistcha|[spread] p1a,p1b
|-resisted|p1b: Sinistcha
|-damage|p1a: Archaludon|20/100
|-damage|p1b: Sinistcha|61/100
|-unboost|p1a: Archaludon|spe|1
|-unboost|p1b: Sinistcha|spe|1
|-ability|p1a: Archaludon|Stamina|boost
|-boost|p1a: Archaludon|def|1
|move|p2a: Dragonite|Stomping Tantrum|p1a: Archaludon
|-supereffective|p1a: Archaludon
|-damage|p1a: Archaludon|0 fnt
|faint|p1a: Archaludon
|
|-weather|RainDance|[upkeep]
|upkeep
|
|t:|1756261076
|switch|p1a: Basculegion|Basculegion, L50, M, shiny|23/100 frz
|turn|9
|
|t:|1756261088
|move|p2a: Dragonite|Protect|p2a: Dragonite
|-singleturn|p2a: Dragonite|Protect
|move|p1b: Sinistcha|Matcha Gotcha|p2b: Ninetales|[spread] p2b
|-activate|p2a: Dragonite|move: Protect
|-damage|p2b: Ninetales|65/100
|-heal|p1b: Sinistcha|73/100|[from] drain|[of] p2b: Ninetales
|move|p2b: Ninetales|Blizzard|p1b: Sinistcha|[spread] p1a,p1b
|-resisted|p1a: Basculegion
|-resisted|p1b: Sinistcha
|-crit|p1b: Sinistcha
|-damage|p1a: Basculegion|11/100 frz
|-damage|p1b: Sinistcha|54/100
|cant|p1a: Basculegion|frz
|
|-weather|none
|upkeep
|turn|10
|
|t:|1756261108
|move|p1b: Sinistcha|Matcha Gotcha|p2a: Dragonite|[spread] p2a
|-miss|p1b: Sinistcha|p2b: Ninetales
|-resisted|p2a: Dragonite
|-damage|p2a: Dragonite|0 fnt
|-heal|p1b: Sinistcha|54/100|[from] drain|[of] p2a: Dragonite
|faint|p2a: Dragonite
|cant|p1a: Basculegion|frz
|move|p2b: Ninetales|Blizzard|p1b: Sinistcha|[spread] p1a
|-miss|p2b: Ninetales|p1b: Sinistcha
|-resisted|p1a: Basculegion
|-damage|p1a: Basculegion|0 fnt
|faint|p1a: Basculegion
|
|upkeep
|
|t:|1756261119
|switch|p2a: Samurott|Samurott-Hisui, L50, M, shiny, tera:Ghost|14/100
|turn|11
|
|t:|1756261124
|move|p2a: Samurott|Protect|p2a: Samurott
|-singleturn|p2a: Samurott|Protect
|move|p1b: Sinistcha|Matcha Gotcha|p2b: Ninetales|[spread] p2b
|-activate|p2a: Samurott|move: Protect
|-damage|p2b: Ninetales|33/100
|-heal|p1b: Sinistcha|68/100|[from] drain|[of] p2b: Ninetales
|-status|p2b: Ninetales|brn
|move|p2b: Ninetales|Blizzard|p1b: Sinistcha
|-resisted|p1b: Sinistcha
|-damage|p1b: Sinistcha|54/100
|
|-damage|p2b: Ninetales|27/100 brn|[from] brn
|-fieldend|move: Trick Room
|upkeep
|turn|12
|
|t:|1756261142
|move|p2b: Ninetales|Blizzard|p1b: Sinistcha
|-resisted|p1b: Sinistcha
|-damage|p1b: Sinistcha|42/100
|move|p2a: Samurott|Night Slash|p1b: Sinistcha
|-crit|p1b: Sinistcha
|-damage|p1b: Sinistcha|0 fnt
|faint|p1b: Sinistcha
|
|win|HasselFreeVGC
|raw|InsomniacREM's rating: 1177 → 1150(-27 for losing)
|raw|HasselFreeVGC's rating: 1146 → 1173(+27 for winning)
|l|☆InsomniacREM
|player|p1|
