|j|☆JonnyNerd
|j|☆DeewompostYT
|html|JonnyNerdDeewompostYT    
|uhtml|bestof|Game 2 of a best-of-3
|t:|1783139681
|gametype|doubles
|player|p1|JonnyNerd|waiter-gen4dp|
|player|p2|DeewompostYT|guitarist|
|gen|9
|tier|[Gen 9 Champions] VGC 2026 Reg M-B (Bo3)
|rule|Species Clause: Limit one of each Pokémon
|rule|Item Clause: Limit 1 of each item
|clearpoke
|poke|p1|Mamoswine, L50, F|
|poke|p1|Sinistcha-Masterpiece, L50|
|poke|p1|Rotom-Wash, L50|
|poke|p1|Froslass, L50, F|
|poke|p1|Blaziken, L50, M|
|poke|p1|Kingambit, L50, M|
|poke|p2|Scovillain, L50, F|
|poke|p2|Grimmsnarl, L50, M|
|poke|p2|Basculegion, L50, M|
|poke|p2|Kingambit, L50, M|
|poke|p2|Garchomp, L50, M|
|poke|p2|Floette-Eternal, L50, F|
|teampreview|4
|showteam|p1|Mamoswine||FocusSash|Oblivious|Protect,HighHorsepower,IceShard,Earthquake|Adamant||F|||50|]Sinistcha-Masterpiece||KasibBerry|Hospitality|TrickRoom,MatchaGotcha,RagePowder,Protect|Relaxed|||||50|]Rotom-Wash||ChoiceScarf|Levitate|Thunderbolt,HydroPump,WillOWisp,Electroweb|Timid|||||50|]Froslass||Froslassite|SnowCloak|Protect,AuroraVeil,Blizzard,ShadowBall|Modest||F|||50|]Blaziken||Blazikenite|SpeedBoost|Protect,CloseCombat,FlareBlitz,RockSlide|Adamant||M|||50|]Kingambit||BlackGlasses|Defiant|Protect,KowtowCleave,SuckerPunch,SwordsDance|Adamant||M|||50|
|showteam|p2|Scovillain||Scovillainite|Moody|RagePowder,Flamethrower,GigaDrain,Protect|Calm||F|||50|]Grimmsnarl||LightClay|Prankster|LightScreen,Reflect,SpiritBreak,PartingShot|Careful||M|||50|]Basculegion||MysticWater|Adaptability|WaveCrash,LastRespects,AquaJet,Protect|Adamant||M|||50|]Kingambit||BlackGlasses|Defiant|KowtowCleave,SuckerPunch,IronHead,Protect|Adamant||M|||50|]Garchomp||LifeOrb|RoughSkin|Earthquake,DragonClaw,RockSlide,Protect|Jolly||M|||50|]Floette-Eternal||Floettite|FlowerVeil|DazzlingGleam,CalmMind,Moonblast,Protect|Modest||F|||50|
|c|☆JonnyNerd|crap i messed up worry
|c|☆JonnyNerd|but good read towards the end
|c|☆JonnyNerd|i was so sure you would protect
|c|☆DeewompostYT|Those weren't reads
|c|☆JonnyNerd|i say they were but i could be wrong
|inactive|Battle timer is ON: inactive players will automatically lose when time's up. (requested by JonnyNerd)
|c|☆DeewompostYT|I was just making plays that didn't lose the game on the spot
|inactive|DeewompostYT has 60 seconds left.
|inactive|DeewompostYT has 30 seconds left.
|inactive|DeewompostYT has 20 seconds left.
|inactive|DeewompostYT has 15 seconds left.
|inactive|DeewompostYT has 10 seconds left.
|
|t:|1783139851
|teamsize|p1|4
|teamsize|p2|4
|start
|switch|p1a: Froslass|Froslass, L50, F|100/100
|switch|p1b: Blaziken|Blaziken, L50, M|100/100
|switch|p2a: Grimmsnarl|Grimmsnarl, L50, M|100/100
|switch|p2b: Basculegion|Basculegion, L50, M|100/100
|turn|1
|
|t:|1783139863
|switch|p1b: Rotom|Rotom-Wash, L50|100/100
|detailschange|p1a: Froslass|Froslass-Mega, L50, F
|-mega|p1a: Froslass|Froslass|Froslassite
|-weather|Snowscape|[from] ability: Snow Warning|[of] p1a: Froslass
|move|p1a: Froslass|Shadow Ball|p2b: Basculegion
|-supereffective|p2b: Basculegion|1
|-damage|p2b: Basculegion|1/100
|move|p2b: Basculegion|Wave Crash|p1b: Rotom
|-resisted|p1b: Rotom|1
|-damage|p1b: Rotom|38/100
|-damage|p2b: Basculegion|0 fnt|[from] Recoil
|faint|p2b: Basculegion
|move|p2a: Grimmsnarl|Spirit Break|p1a: Froslass
|-damage|p1a: Froslass|66/100
|-unboost|p1a: Froslass|spa|1
|
|-weather|Snowscape|[upkeep]
|upkeep
|
|t:|1783139877
|switch|p2b: Floette|Floette-Eternal, L50, F|100/100
|turn|2
|
|t:|1783139897
|detailschange|p2b: Floette|Floette-Mega, L50, F
|-mega|p2b: Floette|Floette|Floettite
|-ability|p2b: Floette|Fairy Aura
|move|p2a: Grimmsnarl|Light Screen|p2a: Grimmsnarl
|-sidestart|p2: DeewompostYT|move: Light Screen
|move|p1b: Rotom|Electroweb|p2b: Floette|[spread] p2a,p2b
|-damage|p2a: Grimmsnarl|90/100
|-damage|p2b: Floette|88/100
|-unboost|p2a: Grimmsnarl|spe|1
|-unboost|p2b: Floette|spe|1
|move|p1a: Froslass|Aurora Veil|p1a: Froslass
|-sidestart|p1: JonnyNerd|move: Aurora Veil
|move|p2b: Floette|Dazzling Gleam|p1a: Froslass|[spread] p1a,p1b
|-damage|p1a: Froslass|26/100
|-damage|p1b: Rotom|0 fnt
|faint|p1b: Rotom
|
|-weather|Snowscape|[upkeep]
|upkeep
|
|t:|1783139913
|switch|p1b: Kingambit|Kingambit, L50, M|100/100
|turn|3
|inactive|DeewompostYT has 30 seconds left.
|inactive|DeewompostYT has 20 seconds left.
|
|t:|1783139948
|move|p2b: Floette|Protect|p2b: Floette
|-singleturn|p2b: Floette|Protect
|move|p1a: Froslass|Blizzard|p2b: Floette|[spread] p2a
|-activate|p2b: Floette|move: Protect
|-damage|p2a: Grimmsnarl|74/100
|move|p1b: Kingambit|Swords Dance|p1b: Kingambit
|-boost|p1b: Kingambit|atk|2
|move|p2a: Grimmsnarl|Spirit Break|p1a: Froslass
|-damage|p1a: Froslass|1/100
|-unboost|p1a: Froslass|spa|1
|
|-weather|Snowscape|[upkeep]
|upkeep
|turn|4
|inactive|DeewompostYT has 30 seconds left.
|
|t:|1783139979
|move|p1b: Kingambit|Sucker Punch|p2b: Floette
|-resisted|p2b: Floette|1
|-damage|p2b: Floette|21/100
|move|p2a: Grimmsnarl|Reflect|p2a: Grimmsnarl
|-sidestart|p2: DeewompostYT|Reflect
|move|p1a: Froslass|Blizzard|p2a: Grimmsnarl|[spread] p2a,p2b
|-damage|p2a: Grimmsnarl|62/100
|-damage|p2b: Floette|8/100
|move|p2b: Floette|Dazzling Gleam|p1a: Froslass|[spread] p1a,p1b
|-damage|p1a: Froslass|0 fnt
|-damage|p1b: Kingambit|68/100
|faint|p1a: Froslass
|
|-weather|Snowscape|[upkeep]
|upkeep
|
|t:|1783139988
|switch|p1a: Blaziken|Blaziken, L50, M|100/100
|turn|5
|inactive|DeewompostYT has 30 seconds left.
|
|t:|1783140020
|move|p1a: Blaziken|Flare Blitz|p2b: Floette
|-damage|p2b: Floette|0 fnt
|faint|p2b: Floette
|-damage|p1a: Blaziken|97/100|[from] Recoil
|move|p1b: Kingambit|Kowtow Cleave|p2a: Grimmsnarl
|-resisted|p2a: Grimmsnarl|2
|-damage|p2a: Grimmsnarl|39/100
|move|p2a: Grimmsnarl|Spirit Break|p1a: Blaziken
|-damage|p1a: Blaziken|68/100
|-unboost|p1a: Blaziken|spa|1
|
|-weather|none
|-ability|p1a: Blaziken|Speed Boost|boost
|-boost|p1a: Blaziken|spe|1
|upkeep
|
|t:|1783140031
|switch|p2b: Garchomp|Garchomp, L50, M|100/100
|turn|6
|
|t:|1783140048
|move|p1b: Kingambit|Sucker Punch|p2b: Garchomp
|-damage|p2b: Garchomp|38/100
|-damage|p1b: Kingambit|55/100|[from] ability: Rough Skin|[of] p2b: Garchomp
|move|p2a: Grimmsnarl|Parting Shot|p1a: Blaziken
|-unboost|p1a: Blaziken|atk|1
|-unboost|p1a: Blaziken|spa|1
|move|p1a: Blaziken|Close Combat|p2b: Garchomp
|-damage|p2b: Garchomp|8/100
|-unboost|p1a: Blaziken|def|1
|-unboost|p1a: Blaziken|spd|1
|-damage|p1a: Blaziken|56/100|[from] ability: Rough Skin|[of] p2b: Garchomp
|move|p2b: Garchomp|Earthquake|p1a: Blaziken|[spread] p2a,p1a,p1b
|-supereffective|p1a: Blaziken|1
|-supereffective|p1b: Kingambit|1
|-damage|p2a: Grimmsnarl|0 fnt
|-damage|p1a: Blaziken|0 fnt
|-damage|p1b: Kingambit|1/100
|faint|p2a: Grimmsnarl
|faint|p1a: Blaziken
|-damage|p2b: Garchomp|0 fnt|[from] item: Life Orb
|faint|p2b: Garchomp
|
|win|JonnyNerd
|inactive|JonnyNerd has 30 seconds to confirm battle start!
|inactive|DeewompostYT has 30 seconds to confirm battle start!
||JonnyNerd is ready for game 3.
||DeewompostYT is ready for game 3.
|uhtml|next|Next: Game 3 of 3
|l|☆JonnyNerd
|player|p1|
