|j|☆Boomyy
|j|☆Jakobtc
|html|BoomyyJakobtc    
|uhtml|bestof|Game 1 of a best-of-3
|t:|1756518579
|gametype|doubles
|player|p1|Boomyy|101|1231
|player|p2|Jakobtc|riley|1147
|gen|9
|tier|[Gen 9] VGC 2025 Reg H (Bo3)
|rated|
|rule|Species Clause: Limit one of each Pokémon
|rule|Item Clause: Limit 1 of each item
|clearpoke
|poke|p1|Indeedee-F, L50, F|
|poke|p1|Exeggutor, L50, F|
|poke|p1|Torkoal, L50, F|
|poke|p1|Ursaluna, L50, M|
|poke|p1|Gallade, L50, M|
|poke|p1|Zoroark-Hisui, L50, F|
|poke|p2|Tyranitar, L50, M|
|poke|p2|Excadrill, L50, F|
|poke|p2|Reuniclus, L50, M|
|poke|p2|Indeedee-F, L50, F|
|poke|p2|Incineroar, L50, F|
|poke|p2|Kommo-o, L50, M|
|teampreview|4
|showteam|p1|Indeedee-F||PsychicSeed|PsychicSurge|FollowMe,Psychic,HelpingHand,TrickRoom|||F|||50|,,,,,Grass]Exeggutor||FocusSash|Chlorophyll|ExpandingForce,EnergyBall,SleepPowder,TrickRoom|||F|||50|,,,,,Psychic]Torkoal||Charcoal|Drought|Eruption,WeatherBall,ClearSmog,Protect|||F|||50|,,,,,Fire]Ursaluna||FlameOrb|Guts|Facade,HeadlongRush,Earthquake,Protect|||M|||50|,,,,,Ghost]Gallade||ClearAmulet|Sharpness|PsychoCut,SacredSword,WideGuard,TrickRoom|||M|||50|,,,,,Fire]Zoroark-Hisui||ChoiceSpecs|Illusion|HyperVoice,ShadowBall,Flamethrower,HyperBeam|||F|||50|,,,,,Stellar
|showteam|p2|Tyranitar||AssaultVest|SandStream|RockSlide,KnockOff,LowKick,TeraBlast|||M|||50|,,,,,Flying]Excadrill||FocusSash|SandRush|HighHorsepower,IronHead,RockSlide,Protect|||F|||50|,,,,,Ground]Reuniclus||LifeOrb|MagicGuard|ExpandingForce,TeraBlast,TrickRoom,Protect|||M|||50|,,,,,Fighting]Indeedee-F||PsychicSeed|PsychicSurge|FollowMe,HealPulse,TrickRoom,DazzlingGleam|||F|||50|,,,,,Water]Incineroar||SafetyGoggles|Intimidate|FakeOut,FlareBlitz,KnockOff,PartingShot|||F|||50|,,,,,Ghost]Kommo-o||ThroatSpray|Overcoat|ClangingScales,AuraSphere,ClangorousSoul,Protect|||M|||50|,,,,,Steel
|inactive|Battle timer is ON: inactive players will automatically lose when time's up. (requested by Boomyy)
|c|☆Jakobtc|glhf
|inactive|Boomyy has 60 seconds left.
|
|t:|1756518623
|teamsize|p1|4
|teamsize|p2|4
|start
|switch|p1a: Indeedee|Indeedee-F, L50, F|100/100
|switch|p1b: Gallade|Gallade, L50, M|100/100
|switch|p2a: Excadrill|Excadrill, L50, F|100/100
|switch|p2b: Incineroar|Incineroar, L50, F|100/100
|-ability|p2b: Incineroar|Intimidate|boost
|-unboost|p1a: Indeedee|atk|1
|-fail|p1b: Gallade|unboost|[from] item: Clear Amulet|[of] p1b: Gallade
|-fieldstart|move: Psychic Terrain|[from] ability: Psychic Surge|[of] p1a: Indeedee
|-enditem|p1a: Indeedee|Psychic Seed
|-boost|p1a: Indeedee|spd|1|[from] item: Psychic Seed
|turn|1
|inactive|Jakobtc has 30 seconds left.
|
|t:|1756518651
|switch|p2b: Tyranitar|Tyranitar, L50, M|100/100
|-weather|Sandstorm|[from] ability: Sand Stream|[of] p2b: Tyranitar
|move|p2a: Excadrill|Rock Slide|p1b: Gallade|[spread] p1a,p1b
|-resisted|p1b: Gallade
|-damage|p1a: Indeedee|82/100
|-damage|p1b: Gallade|86/100
|move|p1b: Gallade|Sacred Sword|p2b: Tyranitar
|-supereffective|p2b: Tyranitar
|-damage|p2b: Tyranitar|0 fnt
|faint|p2b: Tyranitar
|move|p1a: Indeedee|Trick Room|p1a: Indeedee
|-fieldstart|move: Trick Room|[of] p1a: Indeedee
|
|-weather|Sandstorm|[upkeep]
|-damage|p1a: Indeedee|76/100|[from] Sandstorm
|-damage|p1b: Gallade|80/100|[from] Sandstorm
|upkeep
|
|t:|1756518664
|switch|p2b: Reuniclus|Reuniclus, L50, M, shiny|100/100
|turn|2
|inactive|Jakobtc has 30 seconds left.
|
|t:|1756518691
|switch|p1a: Torkoal|Torkoal, L50, F|100/100
|-weather|SunnyDay|[from] ability: Drought|[of] p1a: Torkoal
|move|p1b: Gallade|Wide Guard|p1b: Gallade
|-singleturn|p1b: Gallade|Wide Guard
|move|p2b: Reuniclus|Expanding Force|p1a: Torkoal|[spread] 
|-activate|p1a: Torkoal|move: Wide Guard
|-activate|p1b: Gallade|move: Wide Guard
|move|p2a: Excadrill|Rock Slide|p1a: Torkoal|[spread] 
|-activate|p1a: Torkoal|move: Wide Guard
|-activate|p1b: Gallade|move: Wide Guard
|
|-weather|SunnyDay|[upkeep]
|upkeep
|turn|3
|inactive|Boomyy has 30 seconds left.
|inactive|Jakobtc has 30 seconds left.
|inactive|Jakobtc has 20 seconds left.
|
|t:|1756518730
|switch|p1b: Ursaluna|Ursaluna, L50, M|100/100
|-terastallize|p1a: Torkoal|Fire
|-terastallize|p2a: Excadrill|Ground
|move|p2b: Reuniclus|Protect|p2b: Reuniclus
|-singleturn|p2b: Reuniclus|Protect
|move|p1a: Torkoal|Eruption|p2b: Reuniclus|[spread] p2a
|-activate|p2b: Reuniclus|move: Protect
|-enditem|p2a: Excadrill|Focus Sash
|-damage|p2a: Excadrill|1/100
|move|p2a: Excadrill|High Horsepower|p1a: Torkoal
|-supereffective|p1a: Torkoal
|-damage|p1a: Torkoal|0 fnt
|faint|p1a: Torkoal
|
|-weather|SunnyDay|[upkeep]
|-status|p1b: Ursaluna|brn|[from] item: Flame Orb
|upkeep
|
|t:|1756518740
|switch|p1a: Gallade|Gallade, L50, M|80/100
|turn|4
|
|t:|1756518750
|switch|p2a: Incineroar|Incineroar, L50, F|100/100
|-ability|p2a: Incineroar|Intimidate|boost
|-fail|p1a: Gallade|unboost|[from] item: Clear Amulet|[of] p1a: Gallade
|-unboost|p1b: Ursaluna|atk|1
|move|p1a: Gallade|Wide Guard|p1a: Gallade
|-singleturn|p1a: Gallade|Wide Guard
|move|p2b: Reuniclus|Expanding Force|p1a: Gallade|[spread] 
|-activate|p1a: Gallade|move: Wide Guard
|-activate|p1b: Ursaluna|move: Wide Guard
|move|p1b: Ursaluna|Earthquake|p2a: Incineroar|[spread] p2a,p2b
|-activate|p1a: Gallade|move: Wide Guard
|-supereffective|p2a: Incineroar
|-damage|p2a: Incineroar|20/100
|-damage|p2b: Reuniclus|55/100
|
|-weather|SunnyDay|[upkeep]
|-damage|p1b: Ursaluna|95/100 brn|[from] brn
|upkeep
|turn|5
|inactive|Boomyy has 30 seconds left.
|inactive|Jakobtc has 30 seconds left.
|inactive|Boomyy has 20 seconds left.
|inactive|Jakobtc has 20 seconds left.
|inactive|Boomyy has 15 seconds left.
|
|t:|1756518793
|move|p2b: Reuniclus|Protect|p2b: Reuniclus
|-singleturn|p2b: Reuniclus|Protect
|move|p1a: Gallade|Wide Guard|p1a: Gallade
|-singleturn|p1a: Gallade|Wide Guard
|move|p1b: Ursaluna|Earthquake|p2a: Incineroar|[spread] p2a
|-activate|p1a: Gallade|move: Wide Guard
|-activate|p2b: Reuniclus|move: Protect
|-supereffective|p2a: Incineroar
|-damage|p2a: Incineroar|0 fnt
|faint|p2a: Incineroar
|
|-weather|SunnyDay|[upkeep]
|-damage|p1b: Ursaluna|89/100 brn|[from] brn
|-fieldend|move: Trick Room
|-fieldend|move: Psychic Terrain
|upkeep
|
|t:|1756518805
|switch|p2a: Excadrill|Excadrill, L50, F, tera:Ground|1/100
|turn|6
|
|t:|1756518820
|move|p2a: Excadrill|Iron Head|p1b: Ursaluna
|-damage|p1b: Ursaluna|59/100 brn
|move|p1a: Gallade|Sacred Sword|p2a: Excadrill
|-crit|p2a: Excadrill
|-damage|p2a: Excadrill|0 fnt
|faint|p2a: Excadrill
|move|p1b: Ursaluna|Facade|p2b: Reuniclus
|-damage|p2b: Reuniclus|0 fnt
|faint|p2b: Reuniclus
|
|win|Boomyy
||Jakobtc is ready for game 2.
|inactive|Boomyy has 30 seconds to confirm battle start!
