|j|☆Isagii
|j|☆jiaco5
|html|Isagiijiaco5    
|uhtml|bestof|Game 1 of a best-of-3
|t:|1784305173
|gametype|doubles
|player|p1|Isagii|steven|1176
|player|p2|jiaco5|101|1265
|gen|9
|tier|[Gen 9 Champions] VGC 2026 Reg M-B (Bo3)
|rated|
|rule|Species Clause: Limit one of each Pokémon
|rule|Item Clause: Limit 1 of each item
|clearpoke
|poke|p1|Primarina, L50, M|
|poke|p1|Farigiraf, L50, M|
|poke|p1|Mawile, L50, F|
|poke|p1|Gallade, L50, M|
|poke|p1|Incineroar, L50, F|
|poke|p1|Hydrapple, L50, F|
|poke|p2|Blastoise, L50, F|
|poke|p2|Sinistcha, L50|
|poke|p2|Delphox, L50, M|
|poke|p2|Sneasler, L50, M|
|poke|p2|Incineroar, L50, M|
|poke|p2|Kingambit, L50, M|
|teampreview|4
|showteam|p1|Primarina||LifeOrb|LiquidVoice|HyperVoice,Moonblast,Haze,Protect|Quiet||M|||50|]Farigiraf||SitrusBerry|ArmorTail|Psychic,Thunderbolt,TrickRoom,Protect|Bold||M|||50|]Mawile||Mawilite|HyperCutter|PlayRough,SuckerPunch,RockSlide,Protect|Brave||F|||50|]Gallade||IronBall|Sharpness|PsychoCut,SacredSword,LeafBlade,TrickRoom|Brave||M|||50|]Incineroar||ChopleBerry|Intimidate|FakeOut,FlareBlitz,ThroatChop,PartingShot|Careful||F|||50|]Hydrapple||YacheBerry|Regenerator|FickleBeam,GigaDrain,EarthPower,Protect|Quiet||F|||50|
|showteam|p2|Blastoise||Blastoisinite|RainDish|WaterSpout,DarkPulse,ShellSmash,Protect|Modest||F|||50|]Sinistcha||OccaBerry|Hospitality|MatchaGotcha,TrickRoom,RagePowder,Protect|Relaxed|||||50|]Delphox||Delphoxite|Blaze|HeatWave,Psychic,NastyPlot,Protect|Timid||M|||50|]Sneasler||FocusSash|PoisonTouch|CloseCombat,PoisonJab,FakeOut,QuickGuard|Jolly||M|||50|]Incineroar||SitrusBerry|Intimidate|FlareBlitz,FakeOut,Taunt,PartingShot|Impish||M|||50|]Kingambit||LifeOrb|Defiant|KowtowCleave,SuckerPunch,SwordsDance,Protect|Adamant||M|||50|
|inactive|Battle timer is ON: inactive players will automatically lose when time's up. (requested by Isagii)
|inactive|Isagii has 60 seconds left.
|inactive|jiaco5 has 60 seconds left.
|
|t:|1784305213
|teamsize|p1|4
|teamsize|p2|4
|start
|switch|p1a: Gallade|Gallade, L50, M|100/100
|switch|p1b: Incineroar|Incineroar, L50, F|100/100
|switch|p2a: Sneasler|Sneasler, L50, M|100/100
|switch|p2b: Incineroar|Incineroar, L50, M|100/100
|-ability|p2b: Incineroar|Intimidate|boost
|-unboost|p1a: Gallade|atk|1
|-unboost|p1b: Incineroar|atk|1
|-ability|p1b: Incineroar|Intimidate|boost
|-unboost|p2a: Sneasler|atk|1
|-unboost|p2b: Incineroar|atk|1
|turn|1
|
|t:|1784305246
|switch|p1a: Primarina|Primarina, L50, M|100/100
|move|p2a: Sneasler|Fake Out|p1a: Primarina
|-damage|p1a: Primarina|87/100
|move|p2b: Incineroar|Parting Shot|p1a: Primarina
|-unboost|p1a: Primarina|atk|1
|-unboost|p1a: Primarina|spa|1
|
|t:|1784305260
|switch|p2b: Delphox|Delphox, L50, M|100/100|[from] Parting Shot
|move|p1b: Incineroar|Throat Chop|p2a: Sneasler
|-resisted|p2a: Sneasler|1
|-damage|p2a: Sneasler|82/100
|-start|p2a: Sneasler|Throat Chop|[silent]
|
|upkeep
|turn|2
|
|t:|1784305275
|detailschange|p2b: Delphox|Delphox-Mega, L50, M
|-mega|p2b: Delphox|Delphox|Delphoxite
|move|p2b: Delphox|Psychic|p1a: Primarina
|-damage|p1a: Primarina|47/100
|move|p2a: Sneasler|Poison Jab|p1a: Primarina
|-supereffective|p1a: Primarina|1
|-damage|p1a: Primarina|0 fnt
|faint|p1a: Primarina
|move|p1b: Incineroar|Throat Chop|p2b: Delphox
|-supereffective|p2b: Delphox|1
|-crit|p2b: Delphox
|-damage|p2b: Delphox|0 fnt
|faint|p2b: Delphox
|
|-end|p2a: Sneasler|Throat Chop|[silent]
|upkeep
|
|t:|1784305291
|switch|p2b: Incineroar|Incineroar, L50, M|100/100
|switch|p1a: Gallade|Gallade, L50, M|100/100
|-ability|p2b: Incineroar|Intimidate|boost
|-unboost|p1a: Gallade|atk|1
|-unboost|p1b: Incineroar|atk|1
|turn|3
|
|t:|1784305304
|move|p2a: Sneasler|Poison Jab|p1a: Gallade
|-damage|p1a: Gallade|58/100
|move|p2b: Incineroar|Taunt|p1a: Gallade
|-start|p1a: Gallade|move: Taunt
|move|p1b: Incineroar|Flare Blitz|p2a: Sneasler
|-damage|p2a: Sneasler|43/100
|-damage|p1b: Incineroar|90/100|[from] Recoil
|cant|p1a: Gallade|move: Taunt|Trick Room
|
|upkeep
|turn|4
|
|t:|1784305321
|switch|p2b: Sinistcha|Sinistcha, L50|100/100
|-heal|p2a: Sneasler|67/100|[from] ability: Hospitality|[of] p2b: Sinistcha
|move|p2a: Sneasler|Poison Jab|p1a: Gallade
|-damage|p1a: Gallade|21/100
|move|p1b: Incineroar|Flare Blitz|p2a: Sneasler
|-damage|p2a: Sneasler|28/100
|-damage|p1b: Incineroar|80/100|[from] Recoil
|move|p1a: Gallade|Sacred Sword|p2b: Sinistcha
|-immune|p2b: Sinistcha
|
|upkeep
|turn|5
|-message|Isagii forfeited.
|
|win|jiaco5
|l|☆Isagii
|player|p1|
||Isagii is ready for game 2.
||jiaco5 is ready for game 2.
|uhtml|next|Next: Game 2 of 3
