|j|☆KodeBeast0526
|j|☆Bass pro stan
|html|KodeBeast0526Bass pro stan    
|uhtml|bestof|Game 2 of a best-of-3
|t:|1757700005
|gametype|doubles
|player|p1|KodeBeast0526|wattson|1176
|player|p2|Bass pro stan|fisherman-gen4|1214
|gen|9
|tier|[Gen 9] VGC 2025 Reg H (Bo3)
|rated|
|rule|Species Clause: Limit one of each Pokémon
|rule|Item Clause: Limit 1 of each item
|clearpoke
|poke|p1|Excadrill, L50, F|
|poke|p1|Tyranitar, L50, F|
|poke|p1|Sneasler, L50, M|
|poke|p1|Indeedee, L50, M|
|poke|p1|Corviknight, L50, M|
|poke|p1|Annihilape, L50, F|
|poke|p2|Grimmsnarl, L50, M|
|poke|p2|Politoed, L50, F|
|poke|p2|Basculegion, L50, M|
|poke|p2|Volcarona, L50, M|
|poke|p2|Annihilape, L50, F|
|poke|p2|Overqwil, L50, F|
|teampreview|4
|showteam|p1|Excadrill||FocusSash|SandRush|IronHead,HighHorsepower,Earthquake,Protect|||F|||50|,,,,,Stellar]Tyranitar||AssaultVest|SandStream|RockSlide,KnockOff,TeraBlast,LowKick|||F|||50|,,,,,Flying]Sneasler||PsychicSeed|Unburden|DireClaw,CloseCombat,ThroatChop,Protect|||M|||50|,,,,,Dark]Indeedee||ChoiceScarf|PsychicSurge|ExpandingForce,TeraBlast,Protect,Trick|||M|||50|,,,,,Psychic]Corviknight||Leftovers|MirrorArmor|BraveBird,BulkUp,Roost,Tailwind|||M|||50|,,,,,Dragon]Annihilape||SafetyGoggles|Defiant|CloseCombat,FinalGambit,RageFist,Taunt|||F|||50|,,,,,Water
|showteam|p2|Grimmsnarl||LightClay|Prankster|Reflect,LightScreen,SpiritBreak,MistyTerrain|||M|||50|,,,,,Ghost]Politoed||SitrusBerry|Drizzle|RainDance,WeatherBall,Encore,Protect|||F|||50|,,,,,Grass]Basculegion||AssaultVest|SwiftSwim|FlipTurn,AquaJet,LastRespects,Waterfall|||M|||50|,,,,,Grass]Volcarona||MagoBerry|FlameBody|RagePowder,StruggleBug,WillOWisp,Tailwind|||M|||50|,,,,,Dragon]Annihilape||Leftovers|Defiant|RageFist,DrainPunch,Protect,BulkUp|||F|||50|,,,,,Dark]Overqwil||CovertCloak|SwiftSwim|Haze,Crunch,GunkShot,Protect|||F|||50|,,,,,Bug
|inactive|Battle timer is ON: inactive players will automatically lose when time's up. (requested by Bass pro stan)
|
|t:|1757700030
|teamsize|p1|4
|teamsize|p2|4
|start
|switch|p1a: Indeedee|Indeedee, L50, M, shiny|100/100
|switch|p1b: Sneasler|Sneasler, L50, M, shiny|100/100
|switch|p2a: Grimmsnarl|Grimmsnarl, L50, M|100/100
|switch|p2b: Volcarona|Volcarona, L50, M|100/100
|-fieldstart|move: Psychic Terrain|[from] ability: Psychic Surge|[of] p1a: Indeedee
|-enditem|p1b: Sneasler|Psychic Seed
|-boost|p1b: Sneasler|spd|1|[from] item: Psychic Seed
|turn|1
|
|t:|1757700041
|-terastallize|p1a: Indeedee|Psychic
|move|p2b: Volcarona|Rage Powder|p2b: Volcarona
|-singleturn|p2b: Volcarona|move: Rage Powder
|move|p2a: Grimmsnarl|Reflect|p2a: Grimmsnarl
|-sidestart|p2: Bass pro stan|Reflect
|move|p1b: Sneasler|Dire Claw|p2b: Volcarona
|-damage|p2b: Volcarona|67/100
|-status|p2b: Volcarona|psn
|-status|p1b: Sneasler|brn|[from] ability: Flame Body|[of] p2b: Volcarona
|move|p1a: Indeedee|Expanding Force|p2a: Grimmsnarl|[spread] p2b
|-immune|p2a: Grimmsnarl
|-damage|p2b: Volcarona|0 fnt
|faint|p2b: Volcarona
|
|-damage|p1b: Sneasler|95/100 brn|[from] brn
|upkeep
|
|t:|1757700064
|switch|p2b: Basculegion|Basculegion, L50, M|100/100
|turn|2
|
|t:|1757700086
|switch|p2a: Politoed|Politoed, L50, F|100/100
|-weather|RainDance|[from] ability: Drizzle|[of] p2a: Politoed
|move|p1b: Sneasler|Dire Claw|p2a: Politoed
|-damage|p2a: Politoed|83/100
|-status|p2a: Politoed|psn
|move|p1a: Indeedee|Expanding Force|p2b: Basculegion|[spread] p2a,p2b
|-crit|p2b: Basculegion
|-damage|p2a: Politoed|25/100 psn
|-damage|p2b: Basculegion|34/100
|-enditem|p2a: Politoed|Sitrus Berry|[eat]
|-heal|p2a: Politoed|50/100 psn|[from] item: Sitrus Berry
|move|p2b: Basculegion|Last Respects|p1a: Indeedee
|-supereffective|p1a: Indeedee
|-damage|p1a: Indeedee|0 fnt
|faint|p1a: Indeedee
|
|-weather|RainDance|[upkeep]
|-damage|p2a: Politoed|38/100 psn|[from] psn
|-damage|p1b: Sneasler|89/100 brn|[from] brn
|upkeep
|
|t:|1757700097
|switch|p1a: Excadrill|Excadrill, L50, F, shiny|100/100
|turn|3
|
|t:|1757700109
|switch|p1b: Tyranitar|Tyranitar, L50, F, shiny|100/100
|-weather|Sandstorm|[from] ability: Sand Stream|[of] p1b: Tyranitar
|switch|p2b: Grimmsnarl|Grimmsnarl, L50, M|100/100
|move|p1a: Excadrill|Iron Head|p2a: Politoed
|-resisted|p2a: Politoed
|-damage|p2a: Politoed|20/100 psn
|move|p2a: Politoed|Rain Dance|p2a: Politoed
|-weather|RainDance
|
|-weather|RainDance|[upkeep]
|-damage|p2a: Politoed|8/100 psn|[from] psn
|upkeep
|turn|4
|j| Trestkon
|inactive|Bass pro stan has 30 seconds left.
|inactive|Bass pro stan has 20 seconds left.
|
|t:|1757700145
|switch|p2a: Basculegion|Basculegion, L50, M|34/100
|switch|p1b: Sneasler|Sneasler, L50, M, shiny|89/100 brn
|move|p1a: Excadrill|Iron Head|p2b: Grimmsnarl
|-supereffective|p2b: Grimmsnarl
|-damage|p2b: Grimmsnarl|23/100
|move|p2b: Grimmsnarl|Spirit Break|p1a: Excadrill
|-resisted|p1a: Excadrill
|-damage|p1a: Excadrill|75/100
|-unboost|p1a: Excadrill|spa|1
|
|-weather|RainDance|[upkeep]
|-damage|p1b: Sneasler|83/100 brn|[from] brn
|upkeep
|turn|5
|inactive|Bass pro stan has 30 seconds left.
|inactive|Bass pro stan has 20 seconds left.
|inactive|Bass pro stan has 15 seconds left.
|
|t:|1757700186
|switch|p1a: Tyranitar|Tyranitar, L50, F, shiny|100/100
|-weather|Sandstorm|[from] ability: Sand Stream|[of] p1a: Tyranitar
|-terastallize|p2a: Basculegion|Grass
|move|p2b: Grimmsnarl|Misty Terrain|p2b: Grimmsnarl
|-fieldstart|move: Misty Terrain
|move|p1b: Sneasler|Dire Claw|p2b: Grimmsnarl
|-supereffective|p2b: Grimmsnarl
|-damage|p2b: Grimmsnarl|0 fnt
|faint|p2b: Grimmsnarl
|move|p2a: Basculegion|Waterfall|p1a: Tyranitar
|-supereffective|p1a: Tyranitar
|-damage|p1a: Tyranitar|38/100
|
|-weather|Sandstorm|[upkeep]
|-damage|p1b: Sneasler|77/100 brn|[from] Sandstorm
|-damage|p2a: Basculegion|28/100|[from] Sandstorm
|-damage|p1b: Sneasler|71/100 brn|[from] brn
|upkeep
|
|t:|1757700190
|switch|p2b: Politoed|Politoed, L50, F|8/100 psn
|-weather|RainDance|[from] ability: Drizzle|[of] p2b: Politoed
|turn|6
|
|t:|1757700211
|switch|p1a: Excadrill|Excadrill, L50, F, shiny|75/100
|move|p2a: Basculegion|Waterfall|p1b: Sneasler
|-damage|p1b: Sneasler|0 fnt
|faint|p1b: Sneasler
|move|p2b: Politoed|Weather Ball|p1a: Excadrill
|-supereffective|p1a: Excadrill
|-damage|p1a: Excadrill|0 fnt
|faint|p1a: Excadrill
|
|-weather|RainDance|[upkeep]
|-damage|p2b: Politoed|0 fnt|[from] psn
|faint|p2b: Politoed
|upkeep
|
|t:|1757700218
|switch|p1a: Tyranitar|Tyranitar, L50, F, shiny|38/100
|-weather|Sandstorm|[from] ability: Sand Stream|[of] p1a: Tyranitar
|turn|7
|
|t:|1757700221
|move|p2a: Basculegion|Waterfall|p1a: Tyranitar
|-supereffective|p1a: Tyranitar
|-damage|p1a: Tyranitar|0 fnt
|faint|p1a: Tyranitar
|
|win|Bass pro stan
||KodeBeast0526 is ready for game 3.
|c|☆Bass pro stan|ggwp
||Bass pro stan is ready for game 3.
|uhtml|next|Next: Game 3 of 3
|l|☆Bass pro stan
|player|p2|
|l|☆KodeBeast0526
|player|p1|
|j|☆Bass pro stan
|player|p2|Bass pro stan|fisherman-gen4|
