|j|☆jeanryupr
|j|☆dlynch_45
|html|jeanryuprdlynch_45    
|uhtml|bestof|Game 2 of a best-of-3
|t:|1785705902
|gametype|doubles
|player|p1|jeanryupr|101|1181
|player|p2|dlynch_45|2|1040
|gen|9
|tier|[Gen 9 Champions] VGC 2026 Reg M-B (Bo3)
|rated|
|rule|Species Clause: Limit one of each Pokémon
|rule|Item Clause: Limit 1 of each item
|clearpoke
|poke|p1|Charizard, L50, M|
|poke|p1|Floette-Eternal, L50, F|
|poke|p1|Whimsicott, L50, F|
|poke|p1|Kingambit, L50, F|
|poke|p1|Basculegion, L50, M|
|poke|p1|Garchomp, L50, F|
|poke|p2|Gengar, L50, M|
|poke|p2|Politoed, L50, M|
|poke|p2|Dragonite, L50, M|
|poke|p2|Scrafty, L50, M|
|poke|p2|Tinkaton, L50, F|
|poke|p2|Vivillon, L50, F|
|teampreview|4
|showteam|p1|Charizard||CharizarditeY|Blaze|HeatWave,WeatherBall,SolarBeam,Protect|Modest||M|||50|]Floette-Eternal||Floettite|FlowerVeil|Moonblast,DazzlingGleam,LightofRuin,Protect|Timid||F|||50|]Whimsicott||FocusSash|Prankster|Moonblast,Tailwind,Encore,Protect|Timid||F|||50|]Kingambit||ChopleBerry|Defiant|KowtowCleave,SuckerPunch,IronHead,LowKick|Adamant||F|||50|]Basculegion||LifeOrb|Adaptability|WaveCrash,LastRespects,AquaJet,Protect|Adamant||M|||50|]Garchomp||SitrusBerry|RoughSkin|DragonClaw,Earthquake,RockSlide,Protect|Adamant||F|||50|
|showteam|p2|Gengar||Gengarite|CursedBody|ShadowBall,SludgeBomb,Protect,Taunt|Timid||M|||50|]Politoed||SitrusBerry|Drizzle|PerishSong,IcyWind,HelpingHand,Protect|Calm||M|||50|]Dragonite||DragonFang|Multiscale|ExtremeSpeed,StompingTantrum,Protect,DragonClaw|Serious||M|||50|]Scrafty||LumBerry|Intimidate|FakeOut,KnockOff,CloseCombat,IcePunch|Adamant||M|||50|]Tinkaton||MetalCoat|MoldBreaker|GigatonHammer,FakeOut,ThunderWave,Protect|Jolly||F|||50|]Vivillon||FocusSash|CompoundEyes|SleepPowder,Hurricane,Protect,Tailwind|Timid||F|||50|
|
|t:|1785705921
|teamsize|p1|4
|teamsize|p2|4
|start
|switch|p1a: Whimsicott|Whimsicott, L50, F|100/100
|switch|p1b: Basculegion|Basculegion, L50, M|100/100
|switch|p2a: Gengar|Gengar, L50, M|100/100
|switch|p2b: Vivillon|Vivillon, L50, F|100/100
|turn|1
|
|t:|1785705941
|detailschange|p2a: Gengar|Gengar-Mega, L50, M
|-mega|p2a: Gengar|Gengar|Gengarite
|move|p1b: Basculegion|Protect|p1b: Basculegion
|-singleturn|p1b: Basculegion|Protect
|move|p2a: Gengar|Sludge Bomb|p1a: Whimsicott
|-supereffective|p1a: Whimsicott|2
|-enditem|p1a: Whimsicott|Focus Sash
|-damage|p1a: Whimsicott|1/100
|move|p1a: Whimsicott|Moonblast|p2b: Vivillon
|-damage|p2b: Vivillon|36/100
|move|p2b: Vivillon|Sleep Powder|p1b: Basculegion
|-activate|p1b: Basculegion|move: Protect
|
|upkeep
|turn|2
|
|t:|1785705961
|move|p1a: Whimsicott|Tailwind|p1a: Whimsicott
|-sidestart|p1: jeanryupr|move: Tailwind
|move|p1b: Basculegion|Last Respects|p2a: Gengar
|-supereffective|p2a: Gengar|1
|-damage|p2a: Gengar|0 fnt
|faint|p2a: Gengar
|-damage|p1b: Basculegion|90/100|[from] item: Life Orb
|move|p2b: Vivillon|Tailwind|p2b: Vivillon
|-sidestart|p2: dlynch_45|move: Tailwind
|
|upkeep
|
|t:|1785705971
|switch|p2a: Scrafty|Scrafty, L50, M|100/100
|-ability|p2a: Scrafty|Intimidate|boost
|-unboost|p1a: Whimsicott|atk|1
|-unboost|p1b: Basculegion|atk|1
|turn|3
|
|t:|1785705993
|switch|p1a: Floette|Floette-Eternal, L50, F|100/100
|move|p1b: Basculegion|Protect|p1b: Basculegion
|-singleturn|p1b: Basculegion|Protect
|move|p2a: Scrafty|Fake Out|p1a: Floette
|-damage|p1a: Floette|81/100
|move|p2b: Vivillon|Sleep Powder|p1b: Basculegion
|-activate|p1b: Basculegion|move: Protect
|
|upkeep
|turn|4
|
|t:|1785706011
|switch|p1b: Whimsicott|Whimsicott, L50, F|1/100
|detailschange|p1a: Floette|Floette-Mega, L50, F
|-mega|p1a: Floette|Floette|Floettite
|-ability|p1a: Floette|Fairy Aura
|move|p1a: Floette|Dazzling Gleam|p2b: Vivillon|[spread] p2a,p2b
|-supereffective|p2a: Scrafty|2
|-damage|p2a: Scrafty|0 fnt
|-damage|p2b: Vivillon|0 fnt
|faint|p2a: Scrafty
|faint|p2b: Vivillon
|
|upkeep
|
|t:|1785706029
|switch|p2a: Politoed|Politoed, L50, M|100/100
|-weather|RainDance|[from] ability: Drizzle|[of] p2a: Politoed
|turn|5
|
|t:|1785706042
|move|p1b: Whimsicott|Moonblast|p2a: Politoed
|-damage|p2a: Politoed|66/100
|move|p1a: Floette|Moonblast|p2a: Politoed
|-damage|p2a: Politoed|8/100
|-enditem|p2a: Politoed|Sitrus Berry|[eat]
|-heal|p2a: Politoed|33/100|[from] item: Sitrus Berry
|move|p2a: Politoed|Icy Wind|p1b: Whimsicott|[spread] p1b
|-miss|p2a: Politoed|p1a: Floette
|-supereffective|p1b: Whimsicott|1
|-damage|p1b: Whimsicott|0 fnt
|faint|p1b: Whimsicott
|
|-weather|RainDance|[upkeep]
|-sideend|p1: jeanryupr|move: Tailwind
|-sideend|p2: dlynch_45|move: Tailwind
|upkeep
|
|t:|1785706065
|switch|p1b: Kingambit|Kingambit, L50, F|100/100
|turn|6
|
|t:|1785706087
|move|p1b: Kingambit|Sucker Punch|p2a: Politoed
|-damage|p2a: Politoed|0 fnt
|faint|p2a: Politoed
|
|win|jeanryupr
