|j|☆kenvgc1989
|j|☆Joshee01
|html|kenvgc1989Joshee01    
|uhtml|bestof|Game 2 of a best-of-3
|t:|1783704548
|gametype|doubles
|player|p1|kenvgc1989|265|1089
|player|p2|Joshee01|cameraman|1026
|gen|9
|tier|[Gen 9 Champions] VGC 2026 Reg M-B (Bo3)
|rated|
|rule|Species Clause: Limit one of each Pokémon
|rule|Item Clause: Limit 1 of each item
|clearpoke
|poke|p1|Gengar, L50, M|
|poke|p1|Incineroar, L50, M|
|poke|p1|Swampert, L50, M|
|poke|p1|Politoed, L50, M|
|poke|p1|Kingambit, L50, F|
|poke|p1|Venusaur, L50, M|
|poke|p2|Gholdengo, L50|
|poke|p2|Sylveon, L50, M|
|poke|p2|Garchomp, L50, M|
|poke|p2|Blastoise, L50, M|
|poke|p2|Serperior, L50, F|
|poke|p2|Charizard, L50, M|
|teampreview|4
|showteam|p1|Gengar||Gengarite|CursedBody|Protect,ShadowBall,PerishSong,Disable|Calm||M|||50|]Incineroar||SitrusBerry|Intimidate|PartingShot,FakeOut,Protect,DarkestLariat|Impish||M|||50|]Swampert||Swampertite|Torrent|FlipTurn,HighHorsepower,WaveCrash,RockSlide|Adamant||M|||50|]Politoed||Leftovers|Drizzle|WeatherBall,Protect,Encore,IcyWind|Calm||M|||50|]Kingambit||BlackGlasses|Defiant|KowtowCleave,SuckerPunch,IronHead,Protect|Adamant||F|||50|]Venusaur||WideLens|Chlorophyll|SleepPowder,SludgeBomb,LeechSeed,Protect|Bold||M|||50|
|showteam|p2|Gholdengo||LifeOrb|GoodasGold|NastyPlot,MakeItRain,PowerGem,ShadowBall|Timid|||||50|]Sylveon||FairyFeather|Pixilate|HyperBeam,HyperVoice,Protect,Psychic|Modest||M|||50|]Garchomp||ChoiceScarf|RoughSkin|Earthquake,DragonPulse,BrickBreak,Flamethrower|Naive||M|||50|]Blastoise||Blastoisinite|Torrent|AquaJet,WaterSpout,FakeOut,Protect|Relaxed||M|||50|]Serperior||FocusSash|Contrary|LeafStorm,GigaDrain,DragonPulse,Taunt|Timid||F|||50|]Charizard||CharizarditeY|Blaze|HeatWave,Flamethrower,BrickBreak,AirSlash|Hasty||M|||50|
|inactive|Battle timer is ON: inactive players will automatically lose when time's up. (requested by Joshee01)
|
|t:|1783704571
|teamsize|p1|4
|teamsize|p2|4
|start
|switch|p1a: Gengar|Gengar, L50, M|100/100
|switch|p1b: Incineroar|Incineroar, L50, M|100/100
|switch|p2a: Water|Blastoise, L50, M|100/100
|switch|p2b: Cutty|Garchomp, L50, M|100/100
|-ability|p1b: Incineroar|Intimidate|boost
|-unboost|p2a: Water|atk|1
|-unboost|p2b: Cutty|atk|1
|turn|1
|
|t:|1783704587
|detailschange|p1a: Gengar|Gengar-Mega, L50, M
|-mega|p1a: Gengar|Gengar|Gengarite
|detailschange|p2a: Water|Blastoise-Mega, L50, M
|-mega|p2a: Water|Blastoise|Blastoisinite
|move|p1b: Incineroar|Fake Out|p2b: Cutty
|-damage|p2b: Cutty|89/100
|-damage|p1b: Incineroar|87/100|[from] ability: Rough Skin|[of] p2b: Cutty
|cant|p2b: Cutty|flinch
|move|p1a: Gengar|Perish Song|p1a: Gengar
|-start|p1a: Gengar|perish3|[silent]
|-start|p1b: Incineroar|perish3|[silent]
|-start|p2a: Water|perish3|[silent]
|-start|p2b: Cutty|perish3|[silent]
|-fieldactivate|move: Perish Song
|move|p2a: Water|Water Spout|p1a: Gengar|[spread] p1a,p1b
|-supereffective|p1b: Incineroar|1
|-damage|p1a: Gengar|55/100
|-damage|p1b: Incineroar|0 fnt
|faint|p1b: Incineroar
|
|-start|p2b: Cutty|perish3
|-start|p1a: Gengar|perish3
|-start|p2a: Water|perish3
|upkeep
|
|t:|1783704605
|switch|p1b: Venusaur|Venusaur, L50, M|100/100
|turn|2
|inactive|kenvgc1989 has 30 seconds left.
|
|t:|1783704634
|move|p1a: Gengar|Protect|p1a: Gengar
|-singleturn|p1a: Gengar|Protect
|move|p2b: Cutty|Flamethrower|p1a: Gengar
|-activate|p1a: Gengar|move: Protect
|move|p1b: Venusaur|Sleep Powder|p2a: Water|[miss]
|-miss|p1b: Venusaur|p2a: Water
|move|p2a: Water|Water Spout|p1a: Gengar|[spread] p1b
|-activate|p1a: Gengar|move: Protect
|-resisted|p1b: Venusaur|1
|-damage|p1b: Venusaur|78/100
|
|-start|p2b: Cutty|perish2
|-start|p1a: Gengar|perish2
|-start|p2a: Water|perish2
|upkeep
|turn|3
|
|t:|1783704657
|move|p2b: Cutty|Flamethrower|p1a: Gengar
|-damage|p1a: Gengar|36/100
|move|p1a: Gengar|Disable|p2a: Water
|-start|p2a: Water|Disable|Water Spout
|move|p1b: Venusaur|Sleep Powder|p2b: Cutty
|-status|p2b: Cutty|slp|[from] move: Sleep Powder
|cant|p2a: Water|Disable|Water Spout
|
|-start|p2b: Cutty|perish1
|-start|p1a: Gengar|perish1
|-start|p2a: Water|perish1
|upkeep
|turn|4
|l|☆kenvgc1989
|inactive|kenvgc1989 disconnected and has a minute to reconnect!
|player|p1|
|j|☆kenvgc1989
|inactive|kenvgc1989 reconnected and has 35 seconds left.
|player|p1|kenvgc1989|265|
|inactive|kenvgc1989 has 30 seconds left.
|inactive|kenvgc1989 has 20 seconds left.
|inactive|kenvgc1989 has 15 seconds left.
|
|t:|1783704700
|switch|p1a: Kingambit|Kingambit, L50, F|100/100
|move|p2a: Water|Aqua Jet|p1a: Kingambit
|-damage|p1a: Kingambit|92/100
|cant|p2b: Cutty|slp
|move|p1b: Venusaur|Leech Seed|p2a: Water
|-start|p2a: Water|move: Leech Seed
|
|-damage|p2a: Water|87/100|[from] Leech Seed|[of] p1b: Venusaur
|-heal|p1b: Venusaur|91/100|[silent]
|-start|p2b: Cutty|perish0
|-start|p2a: Water|perish0
|upkeep
|faint|p2b: Cutty
|faint|p2a: Water
|
|t:|1783704710
|switch|p2b: Trans icon|Sylveon, L50, M|100/100
|switch|p2a: Golden boy|Gholdengo, L50|100/100
|turn|5
|
|t:|1783704732
|move|p2a: Golden boy|Make It Rain|p1b: Venusaur|[spread] p1a,p1b
|-resisted|p1a: Kingambit|1
|-damage|p1a: Kingambit|61/100
|-damage|p1b: Venusaur|33/100
|-unboost|p2a: Golden boy|spa|2
|-damage|p2a: Golden boy|90/100|[from] item: Life Orb
|move|p1b: Venusaur|Sleep Powder|p2b: Trans icon
|-status|p2b: Trans icon|slp|[from] move: Sleep Powder
|cant|p2b: Trans icon|slp
|move|p1a: Kingambit|Kowtow Cleave|p2a: Golden boy
|-supereffective|p2a: Golden boy|1
|-damage|p2a: Golden boy|0 fnt
|faint|p2a: Golden boy
|
|upkeep
|turn|6
|
|t:|1783704743
|move|p1b: Venusaur|Sludge Bomb|p2b: Trans icon
|-supereffective|p2b: Trans icon|1
|-damage|p2b: Trans icon|52/100 slp
|cant|p2b: Trans icon|slp
|move|p1a: Kingambit|Iron Head|p2b: Trans icon
|-supereffective|p2b: Trans icon|1
|-damage|p2b: Trans icon|0 fnt
|faint|p2b: Trans icon
|
|win|kenvgc1989
|l|☆Joshee01
|player|p2|
|inactive|kenvgc1989 has 30 seconds to confirm battle start!
|inactive|Joshee01 has 30 seconds to confirm battle start!
