|j|☆eztico
|j|☆SupernovaSZ8
|html|ezticoSupernovaSZ8    
|uhtml|bestof|Game 2 of a best-of-3
|t:|1783472224
|gametype|doubles
|player|p1|eztico|266|1223
|player|p2|SupernovaSZ8|canari|1158
|gen|9
|tier|[Gen 9 Champions] VGC 2026 Reg M-B (Bo3)
|rated|
|rule|Species Clause: Limit one of each Pokémon
|rule|Item Clause: Limit 1 of each item
|clearpoke
|poke|p1|Sylveon, L50, F|
|poke|p1|Charizard, L50, M|
|poke|p1|Garchomp, L50, F|
|poke|p1|Farigiraf, L50, M|
|poke|p1|Aerodactyl, L50, M|
|poke|p1|Kingambit, L50, M|
|poke|p2|Gengar, L50, M|
|poke|p2|Incineroar, L50, M|
|poke|p2|Swampert, L50, M|
|poke|p2|Politoed, L50, F|
|poke|p2|Archaludon, L50, M, shiny|
|poke|p2|Sinistcha-Masterpiece, L50|
|teampreview|4
|showteam|p1|Sylveon||FairyFeather|Pixilate|HyperBeam,Detect,HyperVoice,QuickAttack|Modest||F|||50|]Charizard||CharizarditeY|Blaze|Protect,WeatherBall,SolarBeam,HeatWave|Modest||M|||50|]Garchomp||LifeOrb|RoughSkin|Protect,DragonClaw,RockSlide,StompingTantrum|Jolly||F|||50|]Farigiraf||SitrusBerry|ArmorTail|TrickRoom,Psychic,Thunderbolt,Protect|Calm||M|||50|]Aerodactyl||Aerodactylite|Unnerve|WideGuard,RockSlide,Tailwind,IceFang|Jolly||M|||50|]Kingambit||FocusSash|Defiant|KowtowCleave,SuckerPunch,LowKick,IronHead|Adamant||M|||50|
|showteam|p2|Gengar||Gengarite|CursedBody|PerishSong,Protect,Substitute,ShadowBall|Modest||M|||50|]Incineroar||PasshoBerry|Intimidate|FakeOut,PartingShot,DarkestLariat,Protect|Sassy||M|||50|]Swampert||Swampertite|Torrent|WaveCrash,HighHorsepower,FlipTurn,Protect|Adamant||M|||50|]Politoed||SitrusBerry|Drizzle|WeatherBall,Encore,Protect,PerishSong|Calm||F|||50|]Archaludon||Magnet|Sturdy|ElectroShot,FlashCannon,DragonPulse,Protect|Timid||M|||50|]Sinistcha-Masterpiece||ColburBerry|Hospitality|MatchaGotcha,RagePowder,Protect,TrickRoom|Sassy|||||50|
|inactive|Battle timer is ON: inactive players will automatically lose when time's up. (requested by eztico)
|inactive|eztico has 60 seconds left.
|
|t:|1783472283
|teamsize|p1|4
|teamsize|p2|4
|start
|switch|p1a: Sylveon|Sylveon, L50, F|100/100
|switch|p1b: Farigiraf|Farigiraf, L50, M|100/100
|switch|p2a: Swampert|Swampert, L50, M|100/100
|switch|p2b: Politoed|Politoed, L50, F|100/100
|-weather|RainDance|[from] ability: Drizzle|[of] p2b: Politoed
|turn|1
|
|t:|1783472302
|detailschange|p2a: Swampert|Swampert-Mega, L50, M
|-mega|p2a: Swampert|Swampert|Swampertite
|move|p1b: Farigiraf|Protect|p1b: Farigiraf
|-singleturn|p1b: Farigiraf|Protect
|move|p2a: Swampert|Wave Crash|p1b: Farigiraf
|-activate|p1b: Farigiraf|move: Protect
|move|p2b: Politoed|Weather Ball|p1b: Farigiraf
|-activate|p1b: Farigiraf|move: Protect
|move|p1a: Sylveon|Hyper Beam|p2a: Swampert
|-damage|p2a: Swampert|11/100
|-mustrecharge|p1a: Sylveon
|
|-weather|RainDance|[upkeep]
|upkeep
|turn|2
|inactive|eztico has 30 seconds left.
|
|t:|1783472329
|switch|p2a: Archaludon|Archaludon, L50, M, shiny|100/100
|move|p2b: Politoed|Encore|p1a: Sylveon
|-start|p1a: Sylveon|Encore
|move|p1b: Farigiraf|Psychic|p2a: Archaludon
|-resisted|p2a: Archaludon|1
|-damage|p2a: Archaludon|75/100
|cant|p1a: Sylveon|recharge
|
|-weather|RainDance|[upkeep]
|upkeep
|turn|3
|
|t:|1783472344
|move|p2a: Archaludon|Protect|p2a: Archaludon
|-singleturn|p2a: Archaludon|Protect
|move|p2b: Politoed|Weather Ball|p1b: Farigiraf
|-damage|p1b: Farigiraf|58/100
|move|p1a: Sylveon|Hyper Beam|p2a: Archaludon
|-activate|p2a: Archaludon|move: Protect
|move|p1b: Farigiraf|Trick Room|p1b: Farigiraf
|-fieldstart|move: Trick Room|[of] p1b: Farigiraf
|
|-weather|RainDance|[upkeep]
|upkeep
|turn|4
|
|t:|1783472358
|switch|p2a: Incineroar|Incineroar, L50, M|100/100
|-ability|p2a: Incineroar|Intimidate|boost
|-unboost|p1a: Sylveon|atk|1
|-unboost|p1b: Farigiraf|atk|1
|move|p1a: Sylveon|Hyper Beam|p2a: Incineroar
|-damage|p2a: Incineroar|19/100
|-mustrecharge|p1a: Sylveon
|move|p1b: Farigiraf|Thunderbolt|p2b: Politoed
|-supereffective|p2b: Politoed|1
|-damage|p2b: Politoed|67/100
|move|p2b: Politoed|Weather Ball|p1b: Farigiraf
|-damage|p1b: Farigiraf|15/100
|-enditem|p1b: Farigiraf|Sitrus Berry|[eat]
|-heal|p1b: Farigiraf|40/100|[from] item: Sitrus Berry
|
|-weather|RainDance|[upkeep]
|-end|p1a: Sylveon|Encore
|upkeep
|turn|5
|inactive|eztico has 30 seconds left.
|
|t:|1783472385
|move|p2a: Incineroar|Parting Shot|p1a: Sylveon
|-unboost|p1a: Sylveon|atk|1
|-unboost|p1a: Sylveon|spa|1
|
|t:|1783472387
|switch|p2a: Archaludon|Archaludon, L50, M, shiny|75/100|[from] Parting Shot
|cant|p1a: Sylveon|recharge
|move|p1b: Farigiraf|Psychic|p2a: Archaludon
|-resisted|p2a: Archaludon|1
|-damage|p2a: Archaludon|49/100
|move|p2b: Politoed|Weather Ball|p1b: Farigiraf
|-damage|p1b: Farigiraf|0 fnt
|faint|p1b: Farigiraf
|
|-weather|none
|upkeep
|
|t:|1783472400
|switch|p1b: Charizard|Charizard, L50, M|100/100
|turn|6
|
|t:|1783472419
|switch|p1a: Kingambit|Kingambit, L50, M|100/100
|switch|p2b: Incineroar|Incineroar, L50, M|19/100
|-ability|p2b: Incineroar|Intimidate|boost
|-unboost|p1a: Kingambit|atk|1
|-ability|p1a: Kingambit|Defiant|boost
|-boost|p1a: Kingambit|atk|2
|-unboost|p1b: Charizard|atk|1
|detailschange|p1b: Charizard|Charizard-Mega-Y, L50, M
|-mega|p1b: Charizard|Charizard|Charizardite Y
|-weather|SunnyDay|[from] ability: Drought|[of] p1b: Charizard
|move|p2a: Archaludon|Protect|p2a: Archaludon
|-singleturn|p2a: Archaludon|Protect
|move|p1b: Charizard|Heat Wave|p2b: Incineroar|[spread] 
|-activate|p2a: Archaludon|move: Protect
|-miss|p1b: Charizard|p2b: Incineroar
|
|-weather|SunnyDay|[upkeep]
|upkeep
|turn|7
|inactive|eztico has 30 seconds left.
|
|t:|1783472453
|switch|p2b: Swampert|Swampert-Mega, L50, M|11/100
|switch|p2a: Politoed|Politoed, L50, F|67/100
|-weather|RainDance|[from] ability: Drizzle|[of] p2a: Politoed
|move|p1a: Kingambit|Kowtow Cleave|p2b: Swampert
|-damage|p2b: Swampert|0 fnt
|faint|p2b: Swampert
|move|p1b: Charizard|Heat Wave|p2a: Politoed
|-resisted|p2a: Politoed|1
|-damage|p2a: Politoed|56/100
|
|-weather|RainDance|[upkeep]
|-fieldend|move: Trick Room
|upkeep
|
|t:|1783472462
|switch|p2b: Archaludon|Archaludon, L50, M, shiny|49/100
|turn|8
|
|t:|1783472480
|move|p1b: Charizard|Protect|p1b: Charizard
|-singleturn|p1b: Charizard|Protect
|move|p2b: Archaludon|Electro Shot||[still]
|-prepare|p2b: Archaludon|Electro Shot
|-boost|p2b: Archaludon|spa|1
|-anim|p2b: Archaludon|Electro Shot|p1a: Kingambit
|-damage|p1a: Kingambit|14/100
|move|p2a: Politoed|Weather Ball|p1a: Kingambit
|-damage|p1a: Kingambit|0 fnt
|faint|p1a: Kingambit
|
|-weather|RainDance|[upkeep]
|upkeep
|
|t:|1783472491
|switch|p1a: Sylveon|Sylveon, L50, F|100/100
|turn|9
|inactive|SupernovaSZ8 has 30 seconds left.
|
|t:|1783472519
|move|p2a: Politoed|Protect|p2a: Politoed
|-singleturn|p2a: Politoed|Protect
|move|p2b: Archaludon|Flash Cannon|p1a: Sylveon
|-supereffective|p1a: Sylveon|1
|-damage|p1a: Sylveon|1/100
|move|p1b: Charizard|Weather Ball|p2b: Archaludon
|-resisted|p2b: Archaludon|1
|-damage|p2b: Archaludon|7/100
|move|p1a: Sylveon|Hyper Voice|p2b: Archaludon|[spread] p2b
|-activate|p2a: Politoed|move: Protect
|-damage|p2b: Archaludon|0 fnt
|faint|p2b: Archaludon
|
|-weather|RainDance|[upkeep]
|upkeep
|
|t:|1783472528
|switch|p2b: Incineroar|Incineroar, L50, M|19/100
|-ability|p2b: Incineroar|Intimidate|boost
|-unboost|p1a: Sylveon|atk|1
|-unboost|p1b: Charizard|atk|1
|turn|10
|
|t:|1783472542
|move|p1a: Sylveon|Detect|p1a: Sylveon
|-singleturn|p1a: Sylveon|Protect
|move|p2b: Incineroar|Fake Out|p1a: Sylveon
|-activate|p1a: Sylveon|move: Protect
|move|p1b: Charizard|Solar Beam||[still]
|-prepare|p1b: Charizard|Solar Beam
|move|p2a: Politoed|Weather Ball|p1b: Charizard
|-supereffective|p1b: Charizard|1
|-damage|p1b: Charizard|6/100
|
|-weather|RainDance|[upkeep]
|upkeep
|turn|11
|
|t:|1783472556
|move|p1b: Charizard|Solar Beam|p2a: Politoed|[from] lockedmove
|-supereffective|p2a: Politoed|1
|-damage|p2a: Politoed|20/100y
|-enditem|p2a: Politoed|Sitrus Berry|[eat]
|-heal|p2a: Politoed|45/100|[from] item: Sitrus Berry
|move|p2a: Politoed|Weather Ball|p1a: Sylveon
|-damage|p1a: Sylveon|0 fnt
|faint|p1a: Sylveon
|move|p2b: Incineroar|Darkest Lariat|p1b: Charizard
|-damage|p1b: Charizard|0 fnt
|faint|p1b: Charizard
|
|win|SupernovaSZ8
||eztico is ready for game 3.
|inactive|SupernovaSZ8 has 30 seconds to confirm battle start!
||SupernovaSZ8 is ready for game 3.
|uhtml|next|Next: Game 3 of 3
|l|☆eztico
|player|p1|
