|j|☆MobiusVGC
|j|☆chiassax
|html|MobiusVGCchiassax    
|uhtml|bestof|Game 1 of a best-of-3
|t:|1756289449
|gametype|doubles
|player|p1|MobiusVGC|gentleman-gen4dp|1128
|player|p2|chiassax|hoopster|1000
|gen|9
|tier|[Gen 9] VGC 2025 Reg H (Bo3)
|rated|
|rule|Species Clause: Limit one of each Pokémon
|rule|Item Clause: Limit 1 of each item
|clearpoke
|poke|p1|Kilowattrel, L50, M|
|poke|p1|Amoonguss, L50, M|
|poke|p1|Incineroar, L50, F|
|poke|p1|Porygon2, L50|
|poke|p1|Gholdengo, L50|
|poke|p1|Ursaluna, L50, M|
|poke|p2|Smeargle, L50, F|
|poke|p2|Oricorio-Pom-Pom, L50, M|
|poke|p2|Volcarona, L50, M|
|poke|p2|Gholdengo, L50|
|poke|p2|Kingambit, L50, F|
|poke|p2|Comfey, L50, F|
|teampreview|4
|showteam|p1|Kilowattrel||FocusSash|Competitive|Thunderbolt,AirSlash,Tailwind,Protect|||M|||50|,,,,,Ghost]Amoonguss||SitrusBerry|Regenerator|PollenPuff,Spore,RagePowder,Protect|||M|||50|,,,,,Water]Incineroar||SafetyGoggles|Intimidate|FakeOut,FlareBlitz,KnockOff,PartingShot|||F|||50|,,,,,Ghost]Porygon2||Eviolite|Download|TeraBlast,IceBeam,Recover,TrickRoom||||||50|,,,,,Fighting]Gholdengo||MetalCoat|GoodasGold|MakeItRain,ShadowBall,NastyPlot,Protect||||||50|,,,,,Flying]Ursaluna||FlameOrb|Guts|Facade,HeadlongRush,Earthquake,Protect|||M|||50|,,,,,Ghost
|showteam|p2|Smeargle||FocusSash|Moody|Spore,FakeOut,FollowMe,Decorate|||F|||50|,,,,,Grass]Oricorio-Pom-Pom||LifeOrb|Dancer|RevelationDance,AirSlash,Protect,Roost|||M|||50|,,,,,Electric]Volcarona||SafetyGoggles|FlameBody|FieryDance,QuiverDance,BugBuzz,Protect|||M|||50|,,,,,Water]Gholdengo||ChoiceScarf|GoodasGold|MakeItRain,ShadowBall,FocusBlast,DazzlingGleam||||||50|,,,,,Steel]Kingambit||Leftovers|SupremeOverlord|KowtowCleave,SuckerPunch,Protect,IronHead|||F|||50|,,,,,Flying]Comfey||CovertCloak|Triage|DrainingKiss,PollenPuff,LightScreen,TrickRoom|||F|||50|,,,,,Dragon
|inactive|Battle timer is ON: inactive players will automatically lose when time's up. (requested by chiassax)
|inactive|MobiusVGC has 60 seconds left.
|
|t:|1756289500
|teamsize|p1|4
|teamsize|p2|4
|start
|switch|p1a: Kilowattrel|Kilowattrel, L50, M|100/100
|switch|p1b: Porygon2|Porygon2, L50|100/100
|switch|p2a: Smeargle|Smeargle, L50, F|100/100
|switch|p2b: Gholdengo|Gholdengo, L50|100/100
|-ability|p1b: Porygon2|Download|boost
|-boost|p1b: Porygon2|spa|1
|turn|1
|
|t:|1756289522
|move|p2a: Smeargle|Fake Out|p1b: Porygon2
|-damage|p1b: Porygon2|97/100
|move|p2b: Gholdengo|Focus Blast|p1b: Porygon2
|-supereffective|p1b: Porygon2
|-damage|p1b: Porygon2|46/100
|move|p1a: Kilowattrel|Thunderbolt|p2a: Smeargle
|-damage|p2a: Smeargle|15/100
|cant|p1b: Porygon2|flinch
|
|-ability|p2a: Smeargle|Moody|boost
|-boost|p2a: Smeargle|spe|2
|-unboost|p2a: Smeargle|atk|1
|upkeep
|turn|2
|inactive|MobiusVGC has 30 seconds left.
|
|t:|1756289553
|move|p2a: Smeargle|Spore|p1a: Kilowattrel
|-status|p1a: Kilowattrel|slp|[from] move: Spore
|move|p2b: Gholdengo|Focus Blast|p1b: Porygon2
|-supereffective|p1b: Porygon2
|-damage|p1b: Porygon2|0 fnt
|faint|p1b: Porygon2
|cant|p1a: Kilowattrel|slp
|
|-ability|p2a: Smeargle|Moody|boost
|-boost|p2a: Smeargle|spa|2
|-unboost|p2a: Smeargle|atk|1
|upkeep
|
|t:|1756289559
|switch|p1b: Ursaluna|Ursaluna, L50, M|100/100
|turn|3
|
|t:|1756289582
|move|p1b: Ursaluna|Protect|p1b: Ursaluna
|-singleturn|p1b: Ursaluna|Protect
|move|p2a: Smeargle|Decorate|p2b: Gholdengo
|-immune|p2b: Gholdengo|[from] ability: Good as Gold
|move|p2b: Gholdengo|Focus Blast|p1b: Ursaluna
|-activate|p1b: Ursaluna|move: Protect
|-curestatus|p1a: Kilowattrel|slp|[msg]
|move|p1a: Kilowattrel|Thunderbolt|p2b: Gholdengo
|-damage|p2b: Gholdengo|53/100
|
|-ability|p2a: Smeargle|Moody|boost
|-boost|p2a: Smeargle|def|2
|-unboost|p2a: Smeargle|spe|1
|-status|p1b: Ursaluna|brn|[from] item: Flame Orb
|upkeep
|turn|4
|
|t:|1756289604
|-terastallize|p1b: Ursaluna|Ghost
|move|p2b: Gholdengo|Focus Blast|p1b: Ursaluna
|-immune|p1b: Ursaluna
|move|p1a: Kilowattrel|Thunderbolt|p2a: Smeargle
|-damage|p2a: Smeargle|0 fnt
|faint|p2a: Smeargle
|move|p1b: Ursaluna|Earthquake|p2b: Gholdengo|[spread] p2b
|-immune|p1a: Kilowattrel
|-supereffective|p2b: Gholdengo
|-damage|p2b: Gholdengo|0 fnt
|faint|p2b: Gholdengo
|
|-damage|p1b: Ursaluna|94/100 brn|[from] brn
|upkeep
|
|t:|1756289621
|switch|p2b: Oricorio|Oricorio-Pom-Pom, L50, M|100/100
|switch|p2a: Volcarona|Volcarona, L50, M|100/100
|turn|5
|
|t:|1756289641
|move|p1a: Kilowattrel|Tailwind|p1a: Kilowattrel
|-sidestart|p1: MobiusVGC|move: Tailwind
|move|p1b: Ursaluna|Facade|p2a: Volcarona
|-damage|p2a: Volcarona|0 fnt
|faint|p2a: Volcarona
|move|p2b: Oricorio|Revelation Dance|p1b: Ursaluna
|-damage|p1b: Ursaluna|53/100 brn
|-damage|p2b: Oricorio|90/100|[from] item: Life Orb
|
|-damage|p1b: Ursaluna|47/100 brn|[from] brn
|upkeep
|turn|6
|-message|chiassax forfeited.
|
|win|MobiusVGC
|l|☆chiassax
|player|p2|
|raw|MobiusVGC's rating: 1128 → 1144(+16 for winning)
|raw|chiassax's rating: 1000 → 1000(+0 for losing)
