|j|☆ladderingwithcalys
|j|☆Cm3112
|html|ladderingwithcalysCm3112    
|uhtml|bestof|Game 3 of a best-of-3
|t:|1756933073
|gametype|doubles
|player|p1|ladderingwithcalys|169|1358
|player|p2|Cm3112|1|1292
|gen|9
|tier|[Gen 9] VGC 2025 Reg H (Bo3)
|rated|
|rule|Species Clause: Limit one of each Pokémon
|rule|Item Clause: Limit 1 of each item
|clearpoke
|poke|p1|Archaludon, L50, F|
|poke|p1|Pelipper, L50, F|
|poke|p1|Kingdra, L50, M|
|poke|p1|Toedscruel, L50, M|
|poke|p1|Comfey, L50, M|
|poke|p1|Weezing-Galar, L50, F|
|poke|p2|Gothitelle, L50, F|
|poke|p2|Gengar, L50, F|
|poke|p2|Primarina, L50, F|
|poke|p2|Rillaboom, L50, F|
|poke|p2|Incineroar, L50, F|
|poke|p2|Hydreigon, L50, M|
|teampreview|4
|showteam|p1|Archaludon||AssaultVest|Stamina|ElectroShot,BodyPress,FlashCannon,Snarl|||F|||50|,,,,,Grass]Pelipper||ChoiceScarf|Drizzle|Tailwind,Hurricane,WeatherBall,Uturn|||F|||50|,,,,,Ghost]Kingdra||LifeOrb|SwiftSwim|Protect,WeatherBall,DracoMeteor,Surf|||M|||50|,,,,,Stellar]Toedscruel||CovertCloak|MyceliumMight|Spore,EarthPower,BulletSeed,RagePowder|||M|||50|,,,,,Water]Comfey||SafetyGoggles|Triage|DrainingKiss,FloralHealing,LightScreen,Protect|||M|||50|,,,,,Steel]Weezing-Galar||ChoiceSpecs|NeutralizingGas|AromaticMist,SludgeBomb,ClearSmog,DazzlingGleam|||F|||50|,,,,,Ghost
|showteam|p2|Gothitelle||SitrusBerry|ShadowTag|FakeOut,PsychicNoise,TrickRoom,Protect|||F|||50|,,,,,Dark]Gengar||FocusSash|CursedBody|PerishSong,ShadowBall,Haze,Protect|||F|||50|,,,,,Dark]Primarina||Leftovers|LiquidVoice|HyperVoice,Haze,PerishSong,Protect|||F|||50|,,,,,Grass]Rillaboom||AssaultVest|GrassySurge|FakeOut,GrassyGlide,Uturn,Taunt|||F|||50|,,,,,Water]Incineroar||SafetyGoggles|Intimidate|FakeOut,KnockOff,Snarl,PartingShot|||F|||50|,,,,,Fire]Hydreigon||LifeOrb|Levitate|Snarl,HeatWave,DracoMeteor,Protect|||M|||50|,,,,,Fire
|
|t:|1756933113
|teamsize|p1|4
|teamsize|p2|4
|start
|switch|p1a: Weezing|Weezing-Galar, L50, F|100/100
|switch|p1b: Toedscruel|Toedscruel, L50, M|100/100
|switch|p2a: Rillaboom|Rillaboom, L50, F|100/100
|switch|p2b: Hydreigon|Hydreigon, L50, M|100/100
|-ability|p1a: Weezing|Neutralizing Gas
|turn|1
|inactive|Battle timer is ON: inactive players will automatically lose when time's up. (requested by Cm3112)
|
|t:|1756933159
|move|p2b: Hydreigon|Protect|p2b: Hydreigon
|-singleturn|p2b: Hydreigon|Protect
|move|p1b: Toedscruel|Spore|p2b: Hydreigon
|-activate|p2b: Hydreigon|move: Protect
|move|p2a: Rillaboom|U-turn|p1b: Toedscruel
|-supereffective|p1b: Toedscruel
|-damage|p1b: Toedscruel|48/100
|
|t:|1756933169
|switch|p2a: Gothitelle|Gothitelle, L50, F|100/100|[from] U-turn
|move|p1a: Weezing|Dazzling Gleam|p2a: Gothitelle|[spread] p2a
|-activate|p2b: Hydreigon|move: Protect
|-damage|p2a: Gothitelle|65/100
|
|upkeep
|turn|2
|inactive|Cm3112 has 30 seconds left.
|
|t:|1756933196
|switch|p2b: Rillaboom|Rillaboom, L50, F|100/100
|move|p1b: Toedscruel|Spore|p2a: Gothitelle
|-status|p2a: Gothitelle|slp|[from] move: Spore
|cant|p2a: Gothitelle|slp
|move|p1a: Weezing|Dazzling Gleam|p2a: Gothitelle|[spread] p2a,p2b
|-damage|p2a: Gothitelle|29/100 slp
|-damage|p2b: Rillaboom|74/100
|-enditem|p2a: Gothitelle|Sitrus Berry|[eat]
|-heal|p2a: Gothitelle|54/100 slp|[from] item: Sitrus Berry
|
|upkeep
|turn|3
|
|t:|1756933214
|switch|p1b: Archaludon|Archaludon, L50, F|100/100
|-end|p1a: Weezing|ability: Neutralizing Gas
|-fieldstart|move: Grassy Terrain|[from] ability: Grassy Surge|[of] p2b: Rillaboom
|switch|p1a: Pelipper|Pelipper, L50, F|100/100
|-weather|RainDance|[from] ability: Drizzle|[of] p1a: Pelipper
|move|p2b: Rillaboom|U-turn|p1b: Archaludon
|-resisted|p1b: Archaludon
|-damage|p1b: Archaludon|94/100
|-ability|p1b: Archaludon|Stamina|boost
|-boost|p1b: Archaludon|def|1
|
|t:|1756933220
|switch|p2b: Hydreigon|Hydreigon, L50, M|100/100|[from] U-turn
|-curestatus|p2a: Gothitelle|slp|[msg]
|move|p2a: Gothitelle|Psychic Noise|p1a: Pelipper
|-damage|p1a: Pelipper|52/100
|-start|p1a: Pelipper|move: Heal Block
|
|-weather|RainDance|[upkeep]
|-heal|p1b: Archaludon|99/100|[from] Grassy Terrain
|-heal|p2a: Gothitelle|60/100|[from] Grassy Terrain
|upkeep
|turn|4
|
|t:|1756933235
|move|p1a: Pelipper|U-turn|p1b: Archaludon
|-resisted|p1b: Archaludon
|-damage|p1b: Archaludon|98/100
|-ability|p1b: Archaludon|Stamina|boost
|-boost|p1b: Archaludon|def|1
|
|t:|1756933238
|switch|p1a: Weezing|Weezing-Galar, L50, F|100/100|[from] U-turn
|-ability|p1a: Weezing|Neutralizing Gas
|move|p2b: Hydreigon|Snarl|p1a: Weezing|[spread] p1a,p1b
|-resisted|p1a: Weezing
|-damage|p1a: Weezing|82/100
|-damage|p1b: Archaludon|78/100
|-unboost|p1a: Weezing|spa|1
|-unboost|p1b: Archaludon|spa|1
|-damage|p2b: Hydreigon|91/100|[from] item: Life Orb
|move|p1b: Archaludon|Electro Shot||[still]
|-prepare|p1b: Archaludon|Electro Shot
|-boost|p1b: Archaludon|spa|1
|-anim|p1b: Archaludon|Electro Shot|p2b: Hydreigon
|-resisted|p2b: Hydreigon
|-damage|p2b: Hydreigon|71/100
|move|p2a: Gothitelle|Trick Room|p2a: Gothitelle
|-fieldstart|move: Trick Room|[of] p2a: Gothitelle
|
|-weather|RainDance|[upkeep]
|-heal|p1a: Weezing|88/100|[from] Grassy Terrain
|-heal|p2a: Gothitelle|66/100|[from] Grassy Terrain
|-heal|p1b: Archaludon|84/100|[from] Grassy Terrain
|-heal|p2b: Hydreigon|77/100|[from] Grassy Terrain
|upkeep
|turn|5
|inactive|ladderingwithcalys has 30 seconds left.
|inactive|Cm3112 has 30 seconds left.
|inactive|Cm3112 has 20 seconds left.
|
|t:|1756933284
|-end|p1a: Weezing|ability: Neutralizing Gas
|switch|p1a: Toedscruel|Toedscruel, L50, M|48/100
|move|p2a: Gothitelle|Psychic Noise|p1a: Toedscruel
|-damage|p1a: Toedscruel|27/100
|move|p1b: Archaludon|Snarl|p2b: Hydreigon|[spread] p2a,p2b
|-supereffective|p2a: Gothitelle
|-resisted|p2b: Hydreigon
|-damage|p2a: Gothitelle|47/100
|-damage|p2b: Hydreigon|70/100
|-unboost|p2a: Gothitelle|spa|1
|-unboost|p2b: Hydreigon|spa|1
|move|p2b: Hydreigon|Draco Meteor|p1b: Archaludon
|-damage|p1b: Archaludon|40/100
|-unboost|p2b: Hydreigon|spa|2
|-ability|p1b: Archaludon|Stamina|boost
|-boost|p1b: Archaludon|def|1
|-damage|p2b: Hydreigon|60/100|[from] item: Life Orb
|
|-weather|RainDance|[upkeep]
|-heal|p2a: Gothitelle|53/100|[from] Grassy Terrain
|-heal|p1b: Archaludon|46/100|[from] Grassy Terrain
|-heal|p1a: Toedscruel|33/100|[from] Grassy Terrain
|upkeep
|turn|6
|
|t:|1756933306
|move|p2a: Gothitelle|Psychic Noise|p1a: Toedscruel
|-damage|p1a: Toedscruel|20/100
|move|p1b: Archaludon|Electro Shot||[still]
|-prepare|p1b: Archaludon|Electro Shot
|-boost|p1b: Archaludon|spa|1
|-anim|p1b: Archaludon|Electro Shot|p2a: Gothitelle
|-damage|p2a: Gothitelle|2/100
|move|p2b: Hydreigon|Snarl|p1a: Toedscruel|[spread] p1a,p1b
|-damage|p1a: Toedscruel|10/100
|-damage|p1b: Archaludon|40/100
|-unboost|p1b: Archaludon|spa|1
|-ability|p1b: Archaludon|Stamina|boost
|-boost|p1b: Archaludon|def|1
|-damage|p2b: Hydreigon|50/100|[from] item: Life Orb
|move|p1a: Toedscruel|Spore|p2b: Hydreigon
|-status|p2b: Hydreigon|slp|[from] move: Spore
|
|-weather|RainDance|[upkeep]
|-heal|p2a: Gothitelle|8/100|[from] Grassy Terrain
|-heal|p1b: Archaludon|46/100|[from] Grassy Terrain
|-heal|p1a: Toedscruel|15/100|[from] Grassy Terrain
|upkeep
|turn|7
|
|t:|1756933329
|switch|p2b: Rillaboom|Rillaboom, L50, F|74/100
|move|p2a: Gothitelle|Psychic Noise|p1a: Toedscruel
|-damage|p1a: Toedscruel|0 fnt
|faint|p1a: Toedscruel
|move|p1b: Archaludon|Body Press|p2b: Rillaboom
|-damage|p2b: Rillaboom|23/100
|
|-weather|none
|-heal|p2a: Gothitelle|15/100|[from] Grassy Terrain
|-heal|p2b: Rillaboom|29/100|[from] Grassy Terrain
|-heal|p1b: Archaludon|52/100|[from] Grassy Terrain
|-fieldend|move: Grassy Terrain
|upkeep
|
|t:|1756933347
|switch|p1a: Pelipper|Pelipper, L50, F|52/100
|-weather|RainDance|[from] ability: Drizzle|[of] p1a: Pelipper
|turn|8
|
|t:|1756933367
|move|p2b: Rillaboom|Fake Out|p1b: Archaludon
|-resisted|p1b: Archaludon
|-damage|p1b: Archaludon|51/100
|-ability|p1b: Archaludon|Stamina|boost
|-boost|p1b: Archaludon|def|1
|move|p2a: Gothitelle|Psychic Noise|p1a: Pelipper
|-damage|p1a: Pelipper|21/100
|-start|p1a: Pelipper|move: Heal Block
|cant|p1b: Archaludon|flinch
|move|p1a: Pelipper|Hurricane|p2b: Rillaboom
|-supereffective|p2b: Rillaboom
|-damage|p2b: Rillaboom|0 fnt
|faint|p2b: Rillaboom
|
|-weather|RainDance|[upkeep]
|-fieldend|move: Trick Room
|upkeep
|
|t:|1756933384
|switch|p2b: Primarina|Primarina, L50, F|100/100
|turn|9
|inactive|Cm3112 has 30 seconds left.
|
|t:|1756933411
|move|p1a: Pelipper|Hurricane|p2a: Gothitelle
|-damage|p2a: Gothitelle|0 fnt
|faint|p2a: Gothitelle
|move|p1b: Archaludon|Electro Shot||[still]
|-prepare|p1b: Archaludon|Electro Shot
|-boost|p1b: Archaludon|spa|1
|-anim|p1b: Archaludon|Electro Shot|p2b: Primarina
|-supereffective|p2b: Primarina
|-damage|p2b: Primarina|6/100
|move|p2b: Primarina|Perish Song|p2b: Primarina
|-start|p1a: Pelipper|perish3|[silent]
|-start|p1b: Archaludon|perish3|[silent]
|-start|p2b: Primarina|perish3|[silent]
|-fieldactivate|move: Perish Song
|
|-weather|RainDance|[upkeep]
|-heal|p2b: Primarina|12/100|[from] item: Leftovers
|-end|p1a: Pelipper|move: Heal Block
|-start|p1a: Pelipper|perish3
|-start|p1b: Archaludon|perish3
|-start|p2b: Primarina|perish3
|upkeep
|
|t:|1756933417
|switch|p2a: Hydreigon|Hydreigon, L50, M|50/100 slp
|turn|10
|
|t:|1756933422
|switch|p1b: Weezing|Weezing-Galar, L50, F|88/100
|-ability|p1b: Weezing|Neutralizing Gas
|move|p2b: Primarina|Protect|p2b: Primarina
|-singleturn|p2b: Primarina|Protect
|move|p1a: Pelipper|Hurricane|p2a: Hydreigon
|-damage|p2a: Hydreigon|0 fnt
|faint|p2a: Hydreigon
|
|-weather|RainDance|[upkeep]
|-heal|p2b: Primarina|18/100|[from] item: Leftovers
|-start|p1a: Pelipper|perish2
|-start|p2b: Primarina|perish2
|upkeep
|turn|11
|-message|Cm3112 forfeited.
|raw|ladderingwithcalys's rating: 1358 → 1374(+16 for winning)
|raw|Cm3112's rating: 1292 → 1272(-20 for losing)
|
|win|ladderingwithcalys
|l|☆Cm3112
|player|p2|
|l|☆ladderingwithcalys
|player|p1|
|j|☆ladderingwithcalys
|player|p1|ladderingwithcalys|169|
