|j|☆hamlessmel
|j|☆5NitesAtTrickRoom
|html|hamlessmel5NitesAtTrickRoom    
|uhtml|bestof|Game 2 of a best-of-3
|t:|1757213930
|gametype|doubles
|player|p1|hamlessmel|dawn-gen4pt|1081
|player|p2|5NitesAtTrickRoom|hexmaniac-gen6|1105
|gen|9
|tier|[Gen 9] VGC 2025 Reg H (Bo3)
|rated|
|rule|Species Clause: Limit one of each Pokémon
|rule|Item Clause: Limit 1 of each item
|clearpoke
|poke|p1|Rillaboom, L50, M|
|poke|p1|Incineroar, L50, F|
|poke|p1|Dragonite, L50, M|
|poke|p1|Gholdengo, L50|
|poke|p1|Annihilape, L50, F|
|poke|p1|Archaludon, L50, F|
|poke|p2|Indeedee-F, L50, F|
|poke|p2|Armarouge, L50, F|
|poke|p2|Dragonite, L50, F|
|poke|p2|Ursaluna, L50, M|
|poke|p2|Whimsicott, L50, F|
|poke|p2|Blastoise, L50, F|
|teampreview|4
|showteam|p1|Rillaboom||AssaultVest|GrassySurge|FakeOut,WoodHammer,Uturn,GrassyGlide|||M|||50|,,,,,Water]Incineroar||SafetyGoggles|Intimidate|FakeOut,PartingShot,FlareBlitz,KnockOff|||F|||50|,,,,,Ghost]Dragonite||LoadedDice|Multiscale|Protect,Tailwind,ScaleShot,StompingTantrum|||M|||50|,,,,,Steel]Gholdengo||LifeOrb|GoodasGold|NastyPlot,Protect,ShadowBall,MakeItRain||||||50|,,,,,Dragon]Annihilape||FocusSash|Defiant|Protect,RageFist,CloseCombat,FinalGambit|||F|||50|,,,,,Grass]Archaludon||PowerHerb|Stamina|Protect,ElectroShot,BodyPress,FlashCannon|||F|||50|,,,,,Grass
|showteam|p2|Indeedee-F||SafetyGoggles|PsychicSurge|FollowMe,HelpingHand,TrickRoom,DazzlingGleam|||F|||50|,,,,,Water]Armarouge||PowerHerb|FlashFire|MeteorBeam,ExpandingForce,ArmorCannon,TrickRoom|||F|||50|,,,,,Grass]Dragonite||ChoiceBand|InnerFocus|ExtremeSpeed,Outrage,LowKick,TeraBlast|||F|||50|,,,,,Flying]Ursaluna||FlameOrb|Guts|Earthquake,HeadlongRush,Facade,Protect|||M|||50|,,,,,Ghost]Whimsicott||CovertCloak|Prankster|Moonblast,Tailwind,HelpingHand,Encore|||F|||50|,,,,,Water]Blastoise||ChoiceSpecs|Torrent|WaterSpout,HydroPump,IceBeam,DarkPulse|||F|||50|,,,,,Water
|
|t:|1757213955
|teamsize|p1|4
|teamsize|p2|4
|start
|switch|p1a: Dragonite|Dragonite, L50, M|100/100
|switch|p1b: Annihilape|Annihilape, L50, F, shiny|100/100
|switch|p2a: Whimsicott|Whimsicott, L50, F, shiny|100/100
|switch|p2b: Dragonite|Dragonite, L50, F|100/100
|turn|1
|
|t:|1757213993
|switch|p1b: Archaludon|Archaludon, L50, F|100/100
|-terastallize|p2b: Dragonite|Flying
|-terastallize|p1a: Dragonite|Steel
|move|p2a: Whimsicott|Tailwind|p2a: Whimsicott
|-sidestart|p2: 5NitesAtTrickRoom|move: Tailwind
|move|p2b: Dragonite|Tera Blast|p1b: Archaludon|[anim] Tera Blast Flying
|-resisted|p1b: Archaludon
|-damage|p1b: Archaludon|63/100
|-ability|p1b: Archaludon|Stamina|boost
|-boost|p1b: Archaludon|def|1
|move|p1a: Dragonite|Scale Shot|p2b: Dragonite
|-damage|p2b: Dragonite|85/100
|-damage|p2b: Dragonite|67/100
|-damage|p2b: Dragonite|50/100
|-damage|p2b: Dragonite|33/100
|-hitcount|p2b: Dragonite|4
|-unboost|p1a: Dragonite|def|1
|-boost|p1a: Dragonite|spe|1
|
|upkeep
|turn|2
|
|t:|1757214039
|switch|p2b: Ursaluna|Ursaluna, L50, M|100/100
|move|p2a: Whimsicott|Moonblast|p1a: Dragonite
|-resisted|p1a: Dragonite
|-damage|p1a: Dragonite|94/100
|-unboost|p1a: Dragonite|spa|1
|move|p1a: Dragonite|Tailwind|p1a: Dragonite
|-sidestart|p1: hamlessmel|move: Tailwind
|move|p1b: Archaludon|Flash Cannon|p2b: Ursaluna
|-damage|p2b: Ursaluna|60/100
|
|-status|p2b: Ursaluna|brn|[from] item: Flame Orb
|upkeep
|turn|3
|
|t:|1757214072
|move|p1a: Dragonite|Protect|p1a: Dragonite
|-singleturn|p1a: Dragonite|Protect
|move|p1b: Archaludon|Protect|p1b: Archaludon
|-singleturn|p1b: Archaludon|Protect
|move|p2a: Whimsicott|Encore|p1a: Dragonite
|-activate|p1a: Dragonite|move: Protect
|move|p2b: Ursaluna|Headlong Rush|p1b: Archaludon
|-activate|p1b: Archaludon|move: Protect
|
|-damage|p2b: Ursaluna|54/100 brn|[from] brn
|upkeep
|turn|4
|inactive|Battle timer is ON: inactive players will automatically lose when time's up. (requested by 5NitesAtTrickRoom)
|
|t:|1757214123
|switch|p1a: Annihilape|Annihilape, L50, F, shiny|100/100
|move|p2a: Whimsicott|Encore|p1b: Archaludon
|-start|p1b: Archaludon|Encore
|move|p1b: Archaludon|Protect||[still]
|-fail|p1b: Archaludon
|move|p2b: Ursaluna|Headlong Rush|p1a: Annihilape
|-enditem|p1a: Annihilape|Focus Sash
|-damage|p1a: Annihilape|1/100
|-unboost|p2b: Ursaluna|def|1
|-unboost|p2b: Ursaluna|spd|1
|
|-damage|p2b: Ursaluna|48/100 brn|[from] brn
|-sideend|p2: 5NitesAtTrickRoom|move: Tailwind
|upkeep
|turn|5
|inactive|hamlessmel has 30 seconds left.
|
|t:|1757214152
|switch|p1b: Gholdengo|Gholdengo, L50|100/100
|move|p2a: Whimsicott|Tailwind|p2a: Whimsicott
|-sidestart|p2: 5NitesAtTrickRoom|move: Tailwind
|move|p1a: Annihilape|Rage Fist|p2a: Whimsicott
|-damage|p2a: Whimsicott|52/100
|move|p2b: Ursaluna|Earthquake|p1b: Gholdengo|[spread] p2a,p1a,p1b
|-resisted|p2a: Whimsicott
|-supereffective|p1b: Gholdengo
|-damage|p2a: Whimsicott|16/100
|-damage|p1a: Annihilape|0 fnt
|-damage|p1b: Gholdengo|0 fnt
|faint|p1a: Annihilape
|faint|p1b: Gholdengo
|
|-damage|p2b: Ursaluna|42/100 brn|[from] brn
|-sideend|p1: hamlessmel|move: Tailwind
|upkeep
|
|t:|1757214166
|switch|p1a: Dragonite|Dragonite, L50, M, tera:Steel|94/100
|switch|p1b: Archaludon|Archaludon, L50, F|63/100
|turn|6
|
|t:|1757214180
|switch|p2a: Dragonite|Dragonite, L50, F, tera:Flying|33/100
|move|p1b: Archaludon|Protect|p1b: Archaludon
|-singleturn|p1b: Archaludon|Protect
|move|p1a: Dragonite|Protect|p1a: Dragonite
|-singleturn|p1a: Dragonite|Protect
|move|p2b: Ursaluna|Earthquake|p1b: Archaludon|[spread] 
|-activate|p1a: Dragonite|move: Protect
|-activate|p1b: Archaludon|move: Protect
|-immune|p2a: Dragonite
|
|-damage|p2b: Ursaluna|36/100 brn|[from] brn
|upkeep
|turn|7
|
|t:|1757214201
|move|p1b: Archaludon|Protect|p1b: Archaludon
|-singleturn|p1b: Archaludon|Protect
|move|p2a: Dragonite|Low Kick|p1a: Dragonite
|-supereffective|p1a: Dragonite
|-damage|p1a: Dragonite|0 fnt
|faint|p1a: Dragonite
|move|p2b: Ursaluna|Earthquake|p1b: Archaludon|[spread] 
|-activate|p1b: Archaludon|move: Protect
|-immune|p2a: Dragonite
|
|-damage|p2b: Ursaluna|29/100 brn|[from] brn
|upkeep
|turn|8
|-message|hamlessmel forfeited.
|
|win|5NitesAtTrickRoom
|raw|hamlessmel's rating: 1081 → 1060(-21 for losing)
|raw|5NitesAtTrickRoom's rating: 1105 → 1128(+23 for winning)
