|j|☆the winking dol
|j|☆gimunino
|html|the winking dolgimunino    
|uhtml|bestof|Game 2 of a best-of-3
|t:|1755453744
|gametype|doubles
|player|p1|the winking dol|dawn|1177
|player|p2|gimunino|blue|1229
|gen|9
|tier|[Gen 9] VGC 2025 Reg H (Bo3)
|rated|
|rule|Species Clause: Limit one of each Pokémon
|rule|Item Clause: Limit 1 of each item
|clearpoke
|poke|p1|Rillaboom, L50, M|
|poke|p1|Typhlosion-Hisui, L50, F|
|poke|p1|Glimmora, L50, M|
|poke|p1|Volcarona, L50, M|
|poke|p1|Murkrow, L50, M|
|poke|p1|Kingambit, L50, M|
|poke|p2|Primarina, L50, M|
|poke|p2|Tyranitar, L50, M|
|poke|p2|Talonflame, L50, M|
|poke|p2|Garchomp, L50, M|
|poke|p2|Amoonguss, L50, F|
|poke|p2|Gholdengo, L50|
|teampreview|4
|showteam|p1|Rillaboom||AssaultVest|GrassySurge|WoodHammer,GrassyGlide,FakeOut,Uturn|||M|||50|,,,,,Fire]Typhlosion-Hisui||ChoiceSpecs|Blaze|Eruption,HeatWave,ShadowBall,FocusBlast|||F|||50|,,,,,Ghost]Glimmora||LifeOrb|ToxicDebris|PowerGem,SludgeWave,EarthPower,SpikyShield|||M|||50|,,,,,Ghost]Volcarona||SitrusBerry|FlameBody|HeatWave,FieryDance,StruggleBug,RagePowder|||M|||50|,,,,,Water]Murkrow||Eviolite|Prankster|FoulPlay,Tailwind,Haze,SunnyDay|||M|||50|,,,,,Ground]Kingambit||Leftovers|Defiant|KowtowCleave,SuckerPunch,LowKick,SwordsDance|||M|||50|,,,,,Fighting
|showteam|p2|Primarina||MysticWater|LiquidVoice|HyperVoice,Moonblast,Haze,Protect|||M|||50|,,,,,Poison]Tyranitar||AssaultVest|SandStream|RockSlide,KnockOff,LowKick,TeraBlast|||M|||50|,,,,,Flying]Talonflame||CovertCloak|GaleWings|BraveBird,Tailwind,WillOWisp,Taunt|||M|||50|,,,,,Ghost]Garchomp||LifeOrb|RoughSkin|StompingTantrum,Earthquake,DragonClaw,Protect|||M|||50|,,,,,Steel]Amoonguss||SitrusBerry|Regenerator|PollenPuff,Spore,RagePowder,Protect|||F|||50|,,,,,Water]Gholdengo||MetalCoat|GoodasGold|MakeItRain,ShadowBall,NastyPlot,Protect||||||50|,,,,,Flying
|
|t:|1755453781
|teamsize|p1|4
|teamsize|p2|4
|start
|switch|p1a: Rillaboom|Rillaboom, L50, M|100/100
|switch|p1b: Glimmora|Glimmora, L50, M|100/100
|switch|p2a: Garchomp|Garchomp, L50, M|100/100
|switch|p2b: Talonflame|Talonflame, L50, M|100/100
|-fieldstart|move: Grassy Terrain|[from] ability: Grassy Surge|[of] p1a: Rillaboom
|turn|1
|
|t:|1755453804
|switch|p2b: Tyranitar|Tyranitar, L50, M|100/100
|-weather|Sandstorm|[from] ability: Sand Stream|[of] p2b: Tyranitar
|switch|p1a: Murkrow|Murkrow, L50, M|100/100
|move|p2a: Garchomp|Stomping Tantrum|p1b: Glimmora
|-supereffective|p1b: Glimmora
|-damage|p1b: Glimmora|0 fnt
|-activate|p1b: Glimmora|ability: Toxic Debris
|-sidestart|p2: gimunino|move: Toxic Spikes
|faint|p1b: Glimmora
|-damage|p2a: Garchomp|91/100|[from] item: Life Orb
|
|-weather|Sandstorm|[upkeep]
|-damage|p1a: Murkrow|95/100|[from] Sandstorm
|-heal|p2a: Garchomp|97/100|[from] Grassy Terrain
|upkeep
|
|t:|1755453825
|switch|p1b: Rillaboom|Rillaboom, L50, M|100/100
|turn|2
|
|t:|1755453843
|switch|p2b: Talonflame|Talonflame, L50, M|100/100
|move|p1b: Rillaboom|Fake Out|p2b: Talonflame
|-damage|p2b: Talonflame|82/100
|move|p1a: Murkrow|Tailwind|p1a: Murkrow
|-sidestart|p1: the winking dol|move: Tailwind
|move|p2a: Garchomp|Dragon Claw|p1b: Rillaboom
|-damage|p1b: Rillaboom|55/100
|-damage|p2a: Garchomp|87/100|[from] item: Life Orb
|
|-weather|Sandstorm|[upkeep]
|-damage|p1a: Murkrow|89/100|[from] Sandstorm
|-damage|p1b: Rillaboom|49/100|[from] Sandstorm
|-damage|p2b: Talonflame|76/100|[from] Sandstorm
|-heal|p1b: Rillaboom|55/100|[from] Grassy Terrain
|-heal|p2a: Garchomp|93/100|[from] Grassy Terrain
|upkeep
|turn|3
|
|t:|1755453891
|-terastallize|p1b: Rillaboom|Fire
|move|p1a: Murkrow|Foul Play|p2a: Garchomp
|-damage|p2a: Garchomp|45/100
|-damage|p1a: Murkrow|77/100|[from] ability: Rough Skin|[of] p2a: Garchomp
|move|p1b: Rillaboom|Wood Hammer|p2a: Garchomp
|-damage|p2a: Garchomp|0 fnt
|-damage|p1b: Rillaboom|43/100|[from] ability: Rough Skin|[of] p2a: Garchomp
|faint|p2a: Garchomp
|-damage|p1b: Rillaboom|30/100|[from] Recoil
|move|p2b: Talonflame|Brave Bird|p1b: Rillaboom
|-damage|p1b: Rillaboom|0 fnt
|faint|p1b: Rillaboom
|-damage|p2b: Talonflame|63/100|[from] Recoil
|
|-weather|Sandstorm|[upkeep]
|-damage|p1a: Murkrow|71/100|[from] Sandstorm
|-damage|p2b: Talonflame|57/100|[from] Sandstorm
|upkeep
|
|t:|1755453910
|switch|p2a: Tyranitar|Tyranitar, L50, M|100/100
|switch|p1b: Typhlosion|Typhlosion-Hisui, L50, F|100/100
|-status|p2a: Tyranitar|psn
|turn|4
|
|t:|1755453932
|move|p1a: Murkrow|Sunny Day|p1a: Murkrow
|-weather|SunnyDay
|move|p1b: Typhlosion|Eruption|p2b: Talonflame|[spread] p2a,p2b
|-resisted|p2a: Tyranitar
|-resisted|p2b: Talonflame
|-damage|p2a: Tyranitar|64/100 psn
|-damage|p2b: Talonflame|0 fnt
|faint|p2b: Talonflame
|move|p2a: Tyranitar|Rock Slide|p1a: Murkrow|[spread] p1a,p1b
|-supereffective|p1a: Murkrow
|-supereffective|p1b: Typhlosion
|-damage|p1a: Murkrow|6/100
|-damage|p1b: Typhlosion|7/100
|
|-weather|SunnyDay|[upkeep]
|-heal|p1b: Typhlosion|13/100|[from] Grassy Terrain
|-heal|p2a: Tyranitar|70/100 psn|[from] Grassy Terrain
|-damage|p2a: Tyranitar|58/100 psn|[from] psn
|upkeep
|
|t:|1755453943
|switch|p2b: Primarina|Primarina, L50, M|100/100
|-status|p2b: Primarina|psn
|turn|5
|
|t:|1755453950
|move|p1b: Typhlosion|Eruption|p2a: Tyranitar|[spread] p2a,p2b
|-resisted|p2a: Tyranitar
|-resisted|p2b: Primarina
|-damage|p2a: Tyranitar|52/100 psn
|-damage|p2b: Primarina|91/100 psn
|move|p1a: Murkrow|Foul Play|p2a: Tyranitar
|-resisted|p2a: Tyranitar
|-crit|p2a: Tyranitar
|-damage|p2a: Tyranitar|20/100 psn
|move|p2a: Tyranitar|Knock Off|p1b: Typhlosion
|-supereffective|p1b: Typhlosion
|-damage|p1b: Typhlosion|0 fnt
|-enditem|p1b: Typhlosion|Choice Specs|[from] move: Knock Off|[of] p2a: Tyranitar
|faint|p1b: Typhlosion
|move|p2b: Primarina|Hyper Voice|p1a: Murkrow
|-crit|p1a: Murkrow
|-damage|p1a: Murkrow|0 fnt
|faint|p1a: Murkrow
|
|win|gimunino
|raw|the winking dol's rating: 1177 → 1156(-21 for losing)
|raw|gimunino's rating: 1229 → 1250(+21 for winning)
|c|☆the winking dol|gg
