|j|☆Cesar hacker toons
|j|☆Colonelpaco
|html|Cesar hacker toonsColonelpaco    
|uhtml|bestof|Game 2 of a best-of-3
|t:|1757632735
|gametype|doubles
|player|p1|Cesar hacker toons|swimmerf|1061
|player|p2|Colonelpaco|266|1069
|gen|9
|tier|[Gen 9] VGC 2025 Reg H (Bo3)
|rated|
|rule|Species Clause: Limit one of each Pokémon
|rule|Item Clause: Limit 1 of each item
|clearpoke
|poke|p1|Pelipper, L50, M|
|poke|p1|Ludicolo, L50, M|
|poke|p1|Farigiraf, L50, M|
|poke|p1|Ambipom, L50, M|
|poke|p1|Rillaboom, L50, M|
|poke|p1|Gholdengo, L50|
|poke|p2|Sneasler, L50, M|
|poke|p2|Dragapult, L50, M|
|poke|p2|Primarina, L50, F|
|poke|p2|Rillaboom, L50, F|
|poke|p2|Kingambit, L50, F|
|poke|p2|Magmar, L50, M|
|teampreview|4
|showteam|p1|Pelipper||CovertCloak|Drizzle|Tailwind,Uturn,Hurricane,Protect|||M|||50|,,,,,Grass]Ludicolo||LifeOrb|SwiftSwim|WeatherBall,IceBeam,GigaDrain,Protect|||M|||50|,,,,,Stellar]Farigiraf||MentalHerb|ArmorTail|HyperVoice,TrickRoom,HelpingHand,FoulPlay|||M|||50|,,,,,Dark]Ambipom||ScopeLens|Technician|FakeOut,LastResort|||M|||50|,,,,,Normal]Rillaboom||ClearAmulet|GrassySurge|FakeOut,GrassyGlide,WoodHammer,KnockOff|||M|||50|,,,,,Steel]Gholdengo||ChoiceSpecs|GoodasGold|MakeItRain,ShadowBall,DazzlingGleam,PowerGem||||||50|,,,,,Steel
|showteam|p2|Sneasler||FocusSash|Unburden|CloseCombat,DireClaw,FakeOut,Protect|||M|||50|,,,,,Stellar]Dragapult||ChoiceBand|ClearBody|DragonDarts,TeraBlast,PhantomForce,Uturn|||M|||50|,,,,,Ghost]Primarina||SitrusBerry|LiquidVoice|HyperVoice,Moonblast,Haze,Protect|||F|||50|,,,,,Water]Rillaboom||AssaultVest|GrassySurge|WoodHammer,GrassyGlide,HighHorsepower,FakeOut|||F|||50|,,,,,Fire]Kingambit||BlackGlasses|Defiant|KowtowCleave,SuckerPunch,SwordsDance,Protect|||F|||50|,,,,,Ghost]Magmar||Eviolite|VitalSpirit|Overheat,WillOWisp,FollowMe,Protect|||M|||50|,,,,,Ghost
|inactive|Battle timer is ON: inactive players will automatically lose when time's up. (requested by Colonelpaco)
|inactive|Colonelpaco has 60 seconds left.
|
|t:|1757632777
|teamsize|p1|4
|teamsize|p2|4
|start
|switch|p1a: Pelipper|Pelipper, L50, M|100/100
|switch|p1b: Ludicolo|Ludicolo, L50, M|100/100
|switch|p2a: Kingambit|Kingambit, L50, F|100/100
|switch|p2b: Sneasler|Sneasler, L50, M|100/100
|-weather|RainDance|[from] ability: Drizzle|[of] p1a: Pelipper
|turn|1
|
|t:|1757632798
|move|p1b: Ludicolo|Protect|p1b: Ludicolo
|-singleturn|p1b: Ludicolo|Protect
|move|p2b: Sneasler|Dire Claw|p1b: Ludicolo
|-activate|p1b: Ludicolo|move: Protect
|move|p1a: Pelipper|Tailwind|p1a: Pelipper
|-sidestart|p1: Cesar hacker toons|move: Tailwind
|move|p2a: Kingambit|Kowtow Cleave|p1a: Pelipper
|-damage|p1a: Pelipper|36/100
|
|-weather|RainDance|[upkeep]
|upkeep
|turn|2
|inactive|Colonelpaco has 30 seconds left.
|
|t:|1757632826
|-terastallize|p1b: Ludicolo|Stellar
|move|p2a: Kingambit|Sucker Punch|p1b: Ludicolo
|-damage|p1b: Ludicolo|32/100
|move|p1b: Ludicolo|Weather Ball|p2a: Kingambit
|-damage|p2a: Kingambit|0 fnt
|faint|p2a: Kingambit
|-damage|p1b: Ludicolo|22/100|[from] item: Life Orb
|move|p1a: Pelipper|U-turn|p2b: Sneasler
|-resisted|p2b: Sneasler
|-damage|p2b: Sneasler|97/100
|
|t:|1757632840
|switch|p1a: Gholdengo|Gholdengo, L50|100/100|[from] U-turn
|move|p2b: Sneasler|Dire Claw|p1b: Ludicolo
|-supereffective|p1b: Ludicolo
|-damage|p1b: Ludicolo|0 fnt
|faint|p1b: Ludicolo
|
|-weather|RainDance|[upkeep]
|upkeep
|
|t:|1757632852
|switch|p1b: Pelipper|Pelipper, L50, M|36/100
|switch|p2a: Magmar|Magmar, L50, M|100/100
|turn|3
|
|t:|1757632867
|move|p2a: Magmar|Protect|p2a: Magmar
|-singleturn|p2a: Magmar|Protect
|move|p1a: Gholdengo|Power Gem|p2a: Magmar
|-activate|p2a: Magmar|move: Protect
|move|p1b: Pelipper|Hurricane|p2a: Magmar
|-activate|p2a: Magmar|move: Protect
|move|p2b: Sneasler|Dire Claw|p1b: Pelipper
|-damage|p1b: Pelipper|0 fnt
|faint|p1b: Pelipper
|
|-weather|RainDance|[upkeep]
|upkeep
|
|t:|1757632878
|switch|p1b: Farigiraf|Farigiraf, L50, M|100/100
|turn|4
|
|t:|1757632896
|move|p1a: Gholdengo|Power Gem|p2a: Magmar
|-supereffective|p2a: Magmar
|-damage|p2a: Magmar|32/100
|move|p2b: Sneasler|Dire Claw|p1b: Farigiraf
|-damage|p1b: Farigiraf|59/100
|-status|p1b: Farigiraf|slp
|move|p2a: Magmar|Overheat|p1a: Gholdengo
|-supereffective|p1a: Gholdengo
|-damage|p1a: Gholdengo|41/100
|-unboost|p2a: Magmar|spa|2
|cant|p1b: Farigiraf|slp
|
|-weather|RainDance|[upkeep]
|-sideend|p1: Cesar hacker toons|move: Tailwind
|upkeep
|turn|5
|inactive|Colonelpaco has 30 seconds left.
|
|t:|1757632925
|move|p2a: Magmar|Protect|p2a: Magmar
|-singleturn|p2a: Magmar|Protect
|move|p2b: Sneasler|Dire Claw|p1b: Farigiraf
|-damage|p1b: Farigiraf|17/100 slp
|move|p1a: Gholdengo|Power Gem|p2a: Magmar
|-activate|p2a: Magmar|move: Protect
|cant|p1b: Farigiraf|slp
|
|-weather|none
|upkeep
|turn|6
|
|t:|1757632939
|switch|p2a: Rillaboom|Rillaboom, L50, F|100/100
|-fieldstart|move: Grassy Terrain|[from] ability: Grassy Surge|[of] p2a: Rillaboom
|move|p2b: Sneasler|Dire Claw|p1b: Farigiraf
|-damage|p1b: Farigiraf|0 fnt
|faint|p1b: Farigiraf
|move|p1a: Gholdengo|Power Gem|p2a: Rillaboom
|-damage|p2a: Rillaboom|69/100
|
|-heal|p2b: Sneasler|100/100|[from] Grassy Terrain
|-heal|p1a: Gholdengo|47/100|[from] Grassy Terrain
|-heal|p2a: Rillaboom|75/100|[from] Grassy Terrain
|upkeep
|turn|7
|
|t:|1757632960
|move|p2b: Sneasler|Protect|p2b: Sneasler
|-singleturn|p2b: Sneasler|Protect
|move|p2a: Rillaboom|Grassy Glide|p1a: Gholdengo
|-resisted|p1a: Gholdengo
|-damage|p1a: Gholdengo|23/100
|move|p1a: Gholdengo|Power Gem|p2a: Rillaboom
|-damage|p2a: Rillaboom|41/100
|
|-heal|p1a: Gholdengo|30/100|[from] Grassy Terrain
|-heal|p2a: Rillaboom|47/100|[from] Grassy Terrain
|upkeep
|turn|8
|
|t:|1757632974
|switch|p2b: Magmar|Magmar, L50, M|32/100
|move|p1a: Gholdengo|Power Gem|p2a: Rillaboom
|-damage|p2a: Rillaboom|13/100
|move|p2a: Rillaboom|High Horsepower|p1a: Gholdengo
|-supereffective|p1a: Gholdengo
|-damage|p1a: Gholdengo|0 fnt
|faint|p1a: Gholdengo
|
|win|Colonelpaco
||Cesar hacker toons is ready for game 3.
||Colonelpaco is ready for game 3.
|uhtml|next|Next: Game 3 of 3
|l|☆Cesar hacker toons
|player|p1|
