|j|☆jonas.weevil
|j|☆fangyusuhe
|html|jonas.weevilfangyusuhe    
|uhtml|bestof|Game 2 of a best-of-3
|t:|1785516173
|gametype|doubles
|player|p1|jonas.weevil|265|1311
|player|p2|fangyusuhe|dawn|1415
|gen|9
|tier|[Gen 9 Champions] VGC 2026 Reg M-B (Bo3)
|rated|
|rule|Species Clause: Limit one of each Pokémon
|rule|Item Clause: Limit 1 of each item
|clearpoke
|poke|p1|Delphox, L50, M, shiny|
|poke|p1|Incineroar, L50, M|
|poke|p1|Sinistcha-Masterpiece, L50|
|poke|p1|Sneasler, L50, M|
|poke|p1|Floette-Eternal, L50, F|
|poke|p1|Kingambit, L50, M|
|poke|p2|Arcanine-Hisui, L50, M|
|poke|p2|Staraptor, L50, F|
|poke|p2|Farigiraf, L50, F|
|poke|p2|Sylveon, L50, F|
|poke|p2|Kingambit, L50, F|
|poke|p2|Raichu, L50, M|
|teampreview|4
|showteam|p1|Delphox||Delphoxite|Blaze|Psychic,HeatWave,NastyPlot,Protect|Timid||M|||50|]Incineroar||SitrusBerry|Intimidate|FlareBlitz,ThroatChop,PartingShot,FakeOut|Careful||M|||50|]Sinistcha-Masterpiece||KasibBerry|Hospitality|MatchaGotcha,RagePowder,TrickRoom,Protect|Bold|||||50|]Sneasler||FocusSash|PoisonTouch|CloseCombat,PoisonJab,QuickGuard,FakeOut|Jolly||M|||50|]Floette-Eternal||Floettite|FlowerVeil|DrainingKiss,DazzlingGleam,CalmMind,Protect|Timid||F|||50|]Kingambit||LifeOrb|Defiant|KowtowCleave,SuckerPunch,SwordsDance,Protect|Adamant||M|||50|
|showteam|p2|Arcanine-Hisui||FocusSash|RockHead|Protect,ExtremeSpeed,HeadSmash,FlareBlitz|Adamant||M|||50|]Staraptor||Staraptite|Intimidate|Tailwind,Protect,CloseCombat,DualWingbeat|Jolly||F|||50|]Farigiraf||SitrusBerry|ArmorTail|Protect,Psychic,TrickRoom,HelpingHand|Calm||F|||50|]Sylveon||FairyFeather|Pixilate|Protect,HyperBeam,HyperVoice,QuickAttack|Modest||F|||50|]Kingambit||LifeOrb|Defiant|Protect,KowtowCleave,SwordsDance,SuckerPunch|Adamant||F|||50|]Raichu||RaichuniteY|LightningRod|Protect,ZapCannon,FakeOut,FocusBlast|Timid||M|||50|
|inactive|Battle timer is ON: inactive players will automatically lose when time's up. (requested by fangyusuhe)
|
|t:|1785516204
|teamsize|p1|4
|teamsize|p2|4
|start
|switch|p1a: Trump|Floette-Eternal, L50, F|100/100
|switch|p1b: Zuck|Sneasler, L50, M|100/100
|switch|p2a: Raichu|Raichu, L50, M|100/100
|switch|p2b: Sylveon|Sylveon, L50, F|100/100
|turn|1
|inactive|jonas.weevil has 30 seconds left.
|inactive|jonas.weevil has 20 seconds left.
|
|t:|1785516242
|switch|p1b: Benjamin|Incineroar, L50, M|100/100
|-ability|p1b: Benjamin|Intimidate|boost
|-unboost|p2a: Raichu|atk|1
|-unboost|p2b: Sylveon|atk|1
|detailschange|p2a: Raichu|Raichu-Mega-Y, L50, M
|-mega|p2a: Raichu|Raichu|Raichunite Y
|detailschange|p1a: Trump|Floette-Mega, L50, F
|-mega|p1a: Trump|Floette|Floettite
|-ability|p1a: Trump|Fairy Aura
|move|p1a: Trump|Protect|p1a: Trump
|-singleturn|p1a: Trump|Protect
|move|p2a: Raichu|Fake Out|p1b: Benjamin
|-damage|p1b: Benjamin|94/100
|move|p2b: Sylveon|Hyper Voice|p1a: Trump|[spread] p1b
|-activate|p1a: Trump|move: Protect
|-damage|p1b: Benjamin|52/100
|
|upkeep
|turn|2
|
|t:|1785516263
|switch|p2b: Farigiraf|Farigiraf, L50, F|100/100
|move|p1b: Benjamin|Fake Out||[still]
|cant|p2b: Farigiraf|ability: Armor Tail|Fake Out|[of] p1b: Benjamin
|move|p2a: Raichu|Focus Blast|p1b: Benjamin
|-supereffective|p1b: Benjamin|1
|-damage|p1b: Benjamin|0 fnt
|faint|p1b: Benjamin
|move|p1a: Trump|Calm Mind|p1a: Trump
|-boost|p1a: Trump|spa|1
|-boost|p1a: Trump|spd|1
|
|upkeep
|
|t:|1785516285
|switch|p1b: Melania|Sinistcha-Masterpiece, L50|100/100
|turn|3
|inactive|jonas.weevil has 30 seconds left.
|
|t:|1785516314
|move|p1b: Melania|Rage Powder|p1b: Melania
|-singleturn|p1b: Melania|move: Rage Powder
|move|p2a: Raichu|Zap Cannon|p1b: Melania
|-resisted|p1b: Melania|1
|-damage|p1b: Melania|71/100
|-status|p1b: Melania|par
|move|p1a: Trump|Calm Mind|p1a: Trump
|-boost|p1a: Trump|spa|1
|-boost|p1a: Trump|spd|1
|move|p2b: Farigiraf|Psychic|p1b: Melania
|-damage|p1b: Melania|42/100 par
|
|upkeep
|turn|4
|
|t:|1785516329
|cant|p1b: Melania|par
|move|p2a: Raichu|Zap Cannon|p1a: Trump
|-damage|p1a: Trump|77/100
|-status|p1a: Trump|par
|move|p1a: Trump|Dazzling Gleam|p2b: Farigiraf|[spread] p2a,p2b
|-damage|p2a: Raichu|3/100
|-damage|p2b: Farigiraf|37/100
|-enditem|p2b: Farigiraf|Sitrus Berry|[eat]
|-heal|p2b: Farigiraf|62/100|[from] item: Sitrus Berry
|move|p2b: Farigiraf|Psychic|p1a: Trump
|-damage|p1a: Trump|65/100 par
|
|upkeep
|turn|5
|inactive|jonas.weevil has 30 seconds left.
|inactive|fangyusuhe has 30 seconds left.
|inactive|jonas.weevil has 20 seconds left.
|inactive|jonas.weevil has 15 seconds left.
|inactive|jonas.weevil has 10 seconds left.
|
|t:|1785516379
|move|p2a: Raichu|Zap Cannon|p1a: Trump
|-damage|p1a: Trump|45/100 par
|move|p1a: Trump|Dazzling Gleam|p2a: Raichu|[spread] p2a,p2b
|-damage|p2a: Raichu|0 fnt
|-damage|p2b: Farigiraf|3/100
|faint|p2a: Raichu
|move|p2b: Farigiraf|Psychic|p1a: Trump
|-damage|p1a: Trump|33/100 par
|move|p1b: Melania|Trick Room|p1b: Melania
|-fieldstart|move: Trick Room|[of] p1b: Melania
|
|upkeep
|
|t:|1785516391
|switch|p2a: Sylveon|Sylveon, L50, F|100/100
|turn|6
|
|t:|1785516410
|move|p2b: Farigiraf|Helping Hand|p2a: Sylveon
|-singleturn|p2a: Sylveon|Helping Hand|[of] p2b: Farigiraf
|move|p1b: Melania|Matcha Gotcha|p2a: Sylveon|[spread] p2a,p2b
|-damage|p2a: Sylveon|79/100
|-heal|p1b: Melania|53/100 par|[from] drain|[of] p2a: Sylveon
|-damage|p2b: Farigiraf|0 fnt
|-heal|p1b: Melania|56/100 par|[from] drain|[of] p2b: Farigiraf
|faint|p2b: Farigiraf
|move|p1a: Trump|Draining Kiss|p2a: Sylveon
|-damage|p2a: Sylveon|30/100
|-heal|p1a: Trump|70/100 par|[from] drain|[of] p2a: Sylveon
|move|p2a: Sylveon|Hyper Voice|p1b: Melania|[spread] p1a,p1b
|-damage|p1a: Trump|38/100 par
|-damage|p1b: Melania|0 fnt
|faint|p1b: Melania
|
|upkeep
|
|t:|1785516426
|switch|p2b: Arcanine|Arcanine-Hisui, L50, M|100/100
|switch|p1b: Zuck|Sneasler, L50, M|100/100
|turn|7
|inactive|jonas.weevil has 30 seconds left.
|
|t:|1785516452
|move|p2a: Sylveon|Protect|p2a: Sylveon
|-singleturn|p2a: Sylveon|Protect
|move|p2b: Arcanine|Protect|p2b: Arcanine
|-singleturn|p2b: Arcanine|Protect
|move|p1b: Zuck|Fake Out|p2b: Arcanine
|-activate|p2b: Arcanine|move: Protect
|move|p1a: Trump|Dazzling Gleam|p2b: Arcanine|[spread] 
|-activate|p2a: Sylveon|move: Protect
|-activate|p2b: Arcanine|move: Protect
|
|upkeep
|turn|8
|inactive|jonas.weevil has 30 seconds left.
|
|t:|1785516480
|move|p1b: Zuck|Quick Guard|p1b: Zuck
|-singleturn|p1b: Zuck|Quick Guard
|move|p2a: Sylveon|Quick Attack|p1b: Zuck
|-activate|p1b: Zuck|move: Quick Guard
|move|p1a: Trump|Dazzling Gleam|p2a: Sylveon|[spread] p2a,p2b
|-resisted|p2b: Arcanine|1
|-damage|p2a: Sylveon|0 fnt
|-damage|p2b: Arcanine|53/100
|faint|p2a: Sylveon
|move|p2b: Arcanine|Flare Blitz|p1b: Zuck
|-enditem|p1b: Zuck|Focus Sash
|-damage|p1b: Zuck|1/100
|-status|p1b: Zuck|brn
|
|-damage|p1b: Zuck|0 fnt|[from] brn
|faint|p1b: Zuck
|upkeep
|turn|9
|c|☆jonas.weevil|sure
|inactive|jonas.weevil has 30 seconds left.
|
|t:|1785516506
|move|p2b: Arcanine|Protect|p2b: Arcanine
|-singleturn|p2b: Arcanine|Protect
|move|p1a: Trump|Dazzling Gleam|p2b: Arcanine
|-activate|p2b: Arcanine|move: Protect
|
|-fieldend|move: Trick Room
|upkeep
|turn|10
|
|t:|1785516512
|move|p2b: Arcanine|Flare Blitz|p1a: Trump
|-damage|p1a: Trump|0 fnt
|faint|p1a: Trump
|
|win|fangyusuhe
||jonas.weevil is ready for game 3.
||fangyusuhe is ready for game 3.
|uhtml|next|Next: Game 3 of 3
|l|☆jonas.weevil
|player|p1|
