|j|☆HopsVGC
|j|☆Prepucio Santos
|html|HopsVGCPrepucio Santos    
|uhtml|bestof|Game 1 of a best-of-3
|t:|1784108760
|gametype|doubles
|player|p1|HopsVGC|2|1250
|player|p2|Prepucio Santos|striker|1287
|gen|9
|tier|[Gen 9 Champions] VGC 2026 Reg M-B (Bo3)
|rated|
|rule|Species Clause: Limit one of each Pokémon
|rule|Item Clause: Limit 1 of each item
|clearpoke
|poke|p1|Espathra, L50, F|
|poke|p1|Meowstic, L50, M|
|poke|p1|Floette-Eternal, L50, F|
|poke|p1|Sinistcha, L50|
|poke|p1|Ceruledge, L50, M|
|poke|p1|Tauros-Paldea-Aqua, L50, M|
|poke|p2|Charizard, L50, F|
|poke|p2|Kingambit, L50, F|
|poke|p2|Sylveon, L50, M|
|poke|p2|Garchomp, L50, M|
|poke|p2|Aerodactyl, L50, F|
|poke|p2|Farigiraf, L50, F|
|teampreview|4
|showteam|p1|Espathra||LifeOrb|SpeedBoost|ExpandingForce,CalmMind,BatonPass,Protect|Modest||F|||50|]Meowstic||FocusSash|Prankster|PsychicTerrain,ExpandingForce,Reflect,FakeOut|Quiet||M|||50|]Floette-Eternal||Floettite|FlowerVeil|DazzlingGleam,Moonblast,DrainingKiss,Protect|Modest||F|||50|]Sinistcha||SitrusBerry|Hospitality|MatchaGotcha,LifeDew,TrickRoom,RagePowder|Relaxed|||||50|]Ceruledge||Leftovers|FlashFire|BitterBlade,ShadowSneak,BulkUp,Protect|Adamant||M|||50|]Tauros-Paldea-Aqua||WhiteHerb|Intimidate|WaveCrash,CloseCombat,AquaJet,Protect|Jolly||M|||50|
|showteam|p2|Charizard||CharizarditeY|SolarPower|WeatherBall,HeatWave,SolarBeam,Protect|Modest||F|||50|]Kingambit||FocusSash|Defiant|IronHead,SuckerPunch,KowtowCleave,LowKick|Adamant||F|||50|]Sylveon||FairyFeather|Pixilate|Protect,HyperVoice,HyperBeam,QuickAttack|Modest||M|||50|]Garchomp||LifeOrb|RoughSkin|Protect,DragonClaw,Earthquake,RockSlide|Jolly||M|||50|]Aerodactyl||Aerodactylite|Unnerve|IceFang,RockSlide,Tailwind,DualWingbeat|Jolly||F|||50|]Farigiraf||SitrusBerry|ArmorTail|TrickRoom,Psychic,Thunderbolt,SunnyDay|Bold||F|||50|
|inactive|Battle timer is ON: inactive players will automatically lose when time's up. (requested by HopsVGC)
|
|t:|1784108841
|teamsize|p1|4
|teamsize|p2|4
|start
|switch|p1a: Ceruledge|Ceruledge, L50, M|100/100
|switch|p1b: Meowstic|Meowstic, L50, M|100/100
|switch|p2a: Aerodactyl|Aerodactyl, L50, F|100/100
|switch|p2b: Kingambit|Kingambit, L50, F|100/100
|-ability|p2a: Aerodactyl|Unnerve
|turn|1
|
|t:|1784108857
|move|p1b: Meowstic|Fake Out|p2b: Kingambit
|-resisted|p2b: Kingambit|1
|-damage|p2b: Kingambit|97/100
|move|p2a: Aerodactyl|Rock Slide|p1b: Meowstic|[spread] p1a,p1b
|-supereffective|p1a: Ceruledge|1
|-damage|p1a: Ceruledge|46/100
|-damage|p1b: Meowstic|73/100
|move|p1a: Ceruledge|Bitter Blade|p2b: Kingambit
|-supereffective|p2b: Kingambit|1
|-damage|p2b: Kingambit|22/100
|-heal|p1a: Ceruledge|83/100|[from] drain|[of] p2b: Kingambit
|cant|p2b: Kingambit|flinch
|
|-heal|p1a: Ceruledge|89/100|[from] item: Leftovers
|upkeep
|turn|2
|
|t:|1784108879
|move|p1a: Ceruledge|Protect|p1a: Ceruledge
|-singleturn|p1a: Ceruledge|Protect
|move|p1b: Meowstic|Reflect|p1b: Meowstic
|-sidestart|p1: HopsVGC|Reflect
|move|p2a: Aerodactyl|Tailwind|p2a: Aerodactyl
|-sidestart|p2: Prepucio Santos|move: Tailwind
|move|p2b: Kingambit|Kowtow Cleave|p1a: Ceruledge
|-activate|p1a: Ceruledge|move: Protect
|
|-heal|p1a: Ceruledge|96/100|[from] item: Leftovers
|upkeep
|turn|3
|inactive|HopsVGC has 30 seconds left.
|
|t:|1784108910
|move|p1b: Meowstic|Psychic Terrain|p1b: Meowstic
|-fieldstart|move: Psychic Terrain
|move|p1a: Ceruledge|Shadow Sneak|p2b: Kingambit
|-activate|p2b: Kingambit|move: Psychic Terrain
|move|p2a: Aerodactyl|Rock Slide|p1a: Ceruledge|[spread] 
|-miss|p2a: Aerodactyl|p1a: Ceruledge
|-miss|p2a: Aerodactyl|p1b: Meowstic
|move|p2b: Kingambit|Kowtow Cleave|p1a: Ceruledge
|-supereffective|p1a: Ceruledge|1
|-damage|p1a: Ceruledge|22/100
|
|-heal|p1a: Ceruledge|28/100|[from] item: Leftovers
|upkeep
|turn|4
|
|t:|1784108923
|switch|p1b: Sinistcha|Sinistcha, L50|100/100
|-heal|p1a: Ceruledge|53/100|[from] ability: Hospitality|[of] p1b: Sinistcha
|move|p1a: Ceruledge|Protect|p1a: Ceruledge
|-singleturn|p1a: Ceruledge|Protect
|move|p2a: Aerodactyl|Rock Slide|p1a: Ceruledge|[spread] p1b
|-activate|p1a: Ceruledge|move: Protect
|-damage|p1b: Sinistcha|88/100
|move|p2b: Kingambit|Kowtow Cleave|p1b: Sinistcha
|-supereffective|p1b: Sinistcha|1
|-damage|p1b: Sinistcha|42/100
|
|-heal|p1a: Ceruledge|59/100|[from] item: Leftovers
|upkeep
|turn|5
|inactive|HopsVGC has 30 seconds left.
|inactive|Prepucio Santos has 30 seconds left.
|
|t:|1784108953
|detailschange|p2a: Aerodactyl|Aerodactyl-Mega, L50, F
|-mega|p2a: Aerodactyl|Aerodactyl|Aerodactylite
|-enditem|p1b: Sinistcha|Sitrus Berry|[eat]
|-heal|p1b: Sinistcha|67/100|[from] item: Sitrus Berry
|move|p1b: Sinistcha|Rage Powder|p1b: Sinistcha
|-singleturn|p1b: Sinistcha|move: Rage Powder
|move|p2a: Aerodactyl|Dual Wingbeat|p1b: Sinistcha|[miss]
|-miss|p2a: Aerodactyl|p1b: Sinistcha
|move|p2b: Kingambit|Kowtow Cleave|p1b: Sinistcha
|-supereffective|p1b: Sinistcha|1
|-damage|p1b: Sinistcha|17/100
|move|p1a: Ceruledge|Bitter Blade|p2b: Kingambit
|-supereffective|p2b: Kingambit|1
|-damage|p2b: Kingambit|0 fnt
|-heal|p1a: Ceruledge|70/100|[from] drain|[of] p2b: Kingambit
|faint|p2b: Kingambit
|
|-heal|p1a: Ceruledge|76/100|[from] item: Leftovers
|-sideend|p2: Prepucio Santos|move: Tailwind
|upkeep
|
|t:|1784108964
|switch|p2b: Garchomp|Garchomp, L50, M|100/100
|turn|6
|
|t:|1784108971
|switch|p1b: Tauros|Tauros-Paldea-Aqua, L50, M|100/100
|-ability|p1b: Tauros|Intimidate|boost
|-unboost|p2a: Aerodactyl|atk|1
|-unboost|p2b: Garchomp|atk|1
|move|p1a: Ceruledge|Protect|p1a: Ceruledge
|-singleturn|p1a: Ceruledge|Protect
|move|p2a: Aerodactyl|Rock Slide|p1b: Tauros|[spread] p1b
|-activate|p1a: Ceruledge|move: Protect
|-resisted|p1b: Tauros|1
|-crit|p1b: Tauros
|-damage|p1b: Tauros|78/100
|move|p2b: Garchomp|Earthquake|p1b: Tauros|[spread] p1b
|-activate|p1a: Ceruledge|move: Protect
|-immune|p2a: Aerodactyl
|-damage|p1b: Tauros|54/100
|-damage|p2b: Garchomp|90/100|[from] item: Life Orb
|
|-heal|p1a: Ceruledge|82/100|[from] item: Leftovers
|-sideend|p1: HopsVGC|Reflect
|upkeep
|turn|7
|
|t:|1784108989
|switch|p1a: Sinistcha|Sinistcha, L50|17/100
|-heal|p1b: Tauros|79/100|[from] ability: Hospitality|[of] p1a: Sinistcha
|move|p2a: Aerodactyl|Dual Wingbeat|p1b: Tauros
|-supereffective|p1b: Tauros|1
|-damage|p1b: Tauros|42/100
|-supereffective|p1b: Tauros|1
|-damage|p1b: Tauros|1/100
|-hitcount|p1b: Tauros|2
|move|p2b: Garchomp|Earthquake|p1b: Tauros|[spread] p1a,p1b
|-immune|p2a: Aerodactyl
|-resisted|p1a: Sinistcha|1
|-damage|p1a: Sinistcha|5/100
|-damage|p1b: Tauros|0 fnt
|faint|p1b: Tauros
|-damage|p2b: Garchomp|80/100|[from] item: Life Orb
|
|-fieldend|move: Psychic Terrain
|upkeep
|
|t:|1784108999
|switch|p1b: Ceruledge|Ceruledge, L50, M|82/100
|turn|8
|
|t:|1784109005
|switch|p1a: Meowstic|Meowstic, L50, M|73/100
|move|p1b: Ceruledge|Protect|p1b: Ceruledge
|-singleturn|p1b: Ceruledge|Protect
|move|p2a: Aerodactyl|Rock Slide|p1b: Ceruledge|[spread] p1a
|-activate|p1b: Ceruledge|move: Protect
|-damage|p1a: Meowstic|50/100g
|move|p2b: Garchomp|Earthquake|p1a: Meowstic|[spread] p1a
|-activate|p1b: Ceruledge|move: Protect
|-immune|p2a: Aerodactyl
|-damage|p1a: Meowstic|14/100
|-damage|p2b: Garchomp|70/100|[from] item: Life Orb
|
|-heal|p1b: Ceruledge|88/100|[from] item: Leftovers
|upkeep
|turn|9
|
|t:|1784109015
|switch|p2b: Charizard|Charizard, L50, F|100/100
|move|p1a: Meowstic|Reflect|p1a: Meowstic
|-sidestart|p1: HopsVGC|Reflect
|move|p2a: Aerodactyl|Rock Slide|p1a: Meowstic|[spread] p1a,p1b
|-supereffective|p1b: Ceruledge|1
|-damage|p1a: Meowstic|0 fnt
|-damage|p1b: Ceruledge|59/100
|faint|p1a: Meowstic
|move|p1b: Ceruledge|Bulk Up|p1b: Ceruledge
|-boost|p1b: Ceruledge|atk|1
|-boost|p1b: Ceruledge|def|1
|
|-heal|p1b: Ceruledge|65/100|[from] item: Leftovers
|upkeep
|
|t:|1784109025
|switch|p1a: Sinistcha|Sinistcha, L50|5/100
|-heal|p1b: Ceruledge|90/100|[from] ability: Hospitality|[of] p1a: Sinistcha
|turn|10
|
|t:|1784109031
|move|p2a: Aerodactyl|Rock Slide|p1a: Sinistcha|[spread] p1a,p1b
|-supereffective|p1b: Ceruledge|1
|-damage|p1a: Sinistcha|0 fnt
|-damage|p1b: Ceruledge|70/100
|faint|p1a: Sinistcha
|move|p2b: Charizard|Solar Beam||[still]
|-prepare|p2b: Charizard|Solar Beam
|cant|p1b: Ceruledge|flinch
|
|-heal|p1b: Ceruledge|76/100|[from] item: Leftovers
|upkeep
|turn|11
|
|t:|1784109040
|move|p2a: Aerodactyl|Rock Slide|p1b: Ceruledge
|-supereffective|p1b: Ceruledge|1
|-damage|p1b: Ceruledge|49/100
|move|p2b: Charizard|Solar Beam|p1b: Ceruledge|[from] lockedmove
|-resisted|p1b: Ceruledge|1
|-damage|p1b: Ceruledge|35/100
|move|p1b: Ceruledge|Bulk Up|p1b: Ceruledge
|-boost|p1b: Ceruledge|atk|1
|-boost|p1b: Ceruledge|def|1
|
|-heal|p1b: Ceruledge|41/100|[from] item: Leftovers
|upkeep
|turn|12
|
|t:|1784109051
|switch|p2b: Garchomp|Garchomp, L50, M|70/100
|move|p2a: Aerodactyl|Rock Slide|p1b: Ceruledge
|-supereffective|p1b: Ceruledge|1
|-damage|p1b: Ceruledge|21/100
|move|p1b: Ceruledge|Bitter Blade|p2a: Aerodactyl
|-resisted|p2a: Aerodactyl|1
|-damage|p2a: Aerodactyl|39/100
|-heal|p1b: Ceruledge|51/100|[from] drain|[of] p2a: Aerodactyl
|
|-heal|p1b: Ceruledge|57/100|[from] item: Leftovers
|upkeep
|turn|13
|
|t:|1784109065
|switch|p2a: Charizard|Charizard, L50, F|100/100
|move|p2b: Garchomp|Earthquake|p1b: Ceruledge|[spread] p1b
|-immune|p2a: Charizard
|-supereffective|p1b: Ceruledge|1
|-damage|p1b: Ceruledge|21/100
|-damage|p2b: Garchomp|60/100|[from] item: Life Orb
|move|p1b: Ceruledge|Bitter Blade|p2b: Garchomp
|-resisted|p2b: Garchomp|1
|-damage|p2b: Garchomp|13/100
|-heal|p1b: Ceruledge|45/100|[from] drain|[of] p2b: Garchomp
|-damage|p1b: Ceruledge|33/100|[from] ability: Rough Skin|[of] p2b: Garchomp
|
|-heal|p1b: Ceruledge|39/100|[from] item: Leftovers
|-sideend|p1: HopsVGC|Reflect
|upkeep
|turn|14
|
|t:|1784109081
|switch|p2a: Aerodactyl|Aerodactyl-Mega, L50, F|39/100
|move|p2b: Garchomp|Protect|p2b: Garchomp
|-singleturn|p2b: Garchomp|Protect
|move|p1b: Ceruledge|Shadow Sneak|p2b: Garchomp
|-activate|p2b: Garchomp|move: Protect
|
|-heal|p1b: Ceruledge|45/100|[from] item: Leftovers
|upkeep
|turn|15
|
|t:|1784109091
|move|p1b: Ceruledge|Protect|p1b: Ceruledge
|-singleturn|p1b: Ceruledge|Protect
|move|p2a: Aerodactyl|Rock Slide|p1b: Ceruledge
|-activate|p1b: Ceruledge|move: Protect
|move|p2b: Garchomp|Earthquake|p1b: Ceruledge|[spread] 
|-activate|p1b: Ceruledge|move: Protect
|-immune|p2a: Aerodactyl
|
|-heal|p1b: Ceruledge|51/100|[from] item: Leftovers
|upkeep
|turn|16
|
|t:|1784109103
|move|p1b: Ceruledge|Shadow Sneak|p2b: Garchomp
|-damage|p2b: Garchomp|0 fnt
|-damage|p1b: Ceruledge|39/100|[from] ability: Rough Skin|[of] p2b: Garchomp
|faint|p2b: Garchomp
|move|p2a: Aerodactyl|Rock Slide|p1b: Ceruledge
|-supereffective|p1b: Ceruledge|1
|-damage|p1b: Ceruledge|0 fnt
|faint|p1b: Ceruledge
|
|win|Prepucio Santos
||Prepucio Santos is ready for game 2.
||HopsVGC is ready for game 2.
|uhtml|next|Next: Game 2 of 3
