|j|☆washingtongargacha
|j|☆Glumshanks
|html|washingtongargachaGlumshanks    
|uhtml|bestof|Game 1 of a best-of-3
|t:|1756858596
|gametype|doubles
|player|p1|washingtongargacha|102|1196
|player|p2|Glumshanks|ninjaboy|1264
|gen|9
|tier|[Gen 9] VGC 2025 Reg H (Bo3)
|rated|
|rule|Species Clause: Limit one of each Pokémon
|rule|Item Clause: Limit 1 of each item
|clearpoke
|poke|p1|Talonflame, L50, M|
|poke|p1|Gholdengo, L50|
|poke|p1|Dragonite, L50, M|
|poke|p1|Archaludon, L50, M|
|poke|p1|Tyranitar, L50, M|
|poke|p1|Garchomp, L50, F|
|poke|p2|Pelipper, L50, F|
|poke|p2|Archaludon, L50, M|
|poke|p2|Incineroar, L50, F|
|poke|p2|Kingdra, L50, F|
|poke|p2|Amoonguss, L50, F|
|poke|p2|Rillaboom, L50, F|
|teampreview|4
|showteam|p1|Talonflame||CovertCloak|GaleWings|Tailwind,BraveBird,Taunt,WillOWisp|||M|||50|,,,,,Ghost]Gholdengo||ChoiceSpecs|GoodasGold|MakeItRain,SteelBeam,ShadowBall,PowerGem||||||50|,,,,,Steel]Dragonite||LoadedDice|Multiscale|ScaleShot,IceSpinner,Haze,Protect|||M|||50|,,,,,Steel]Archaludon||PowerHerb|Sturdy|FlashCannon,ElectroShot,DracoMeteor,Protect|||M|||50|,,,,,Flying]Tyranitar||AssaultVest|SandStream|KnockOff,RockSlide,TeraBlast,LowKick|||M|||50|,,,,,Flying]Garchomp||LifeOrb|RoughSkin|DragonClaw,StompingTantrum,Earthquake,Protect|||F|||50|,,,,,Steel
|showteam|p2|Pelipper||FocusSash|Drizzle|Hurricane,WeatherBall,Tailwind,Protect|||F|||50|,,,,,Ground]Archaludon||AssaultVest|Stamina|ElectroShot,DragonPulse,FlashCannon,BodyPress|||M|||50|,,,,,Bug]Incineroar||SafetyGoggles|Intimidate|FlareBlitz,KnockOff,PartingShot,FakeOut|||F|||50|,,,,,Ghost]Kingdra||LifeOrb|SwiftSwim|DracoMeteor,WeatherBall,Protect,MuddyWater|||F|||50|,,,,,Stellar]Amoonguss||SitrusBerry|Regenerator|PollenPuff,Protect,RagePowder,Spore|||F|||50|,,,,,Psychic]Rillaboom||LoadedDice|GrassySurge|BulletSeed,GrassyGlide,HighHorsepower,FakeOut|||F|||50|,,,,,Fire
|
|t:|1756858621
|teamsize|p1|4
|teamsize|p2|4
|start
|switch|p1a: Talonflame|Talonflame, L50, M|100/100
|switch|p1b: Archaludon|Archaludon, L50, M|100/100
|switch|p2a: Rillaboom|Rillaboom, L50, F|100/100
|switch|p2b: Archaludon|Archaludon, L50, M|100/100
|-fieldstart|move: Grassy Terrain|[from] ability: Grassy Surge|[of] p2a: Rillaboom
|turn|1
|inactive|Battle timer is ON: inactive players will automatically lose when time's up. (requested by Glumshanks)
|
|t:|1756858657
|-terastallize|p2a: Rillaboom|Fire
|move|p1a: Talonflame|Tailwind|p1a: Talonflame
|-sidestart|p1: washingtongargacha|move: Tailwind
|move|p1b: Archaludon|Electro Shot||[still]
|-prepare|p1b: Archaludon|Electro Shot
|-boost|p1b: Archaludon|spa|1
|-enditem|p1b: Archaludon|Power Herb
|-anim|p1b: Archaludon|Electro Shot|p2a: Rillaboom
|-damage|p2a: Rillaboom|25/100
|move|p2a: Rillaboom|Bullet Seed|p2b: Archaludon
|-resisted|p2b: Archaludon
|-damage|p2b: Archaludon|97/100
|-ability|p2b: Archaludon|Stamina|boost
|-boost|p2b: Archaludon|def|1
|-resisted|p2b: Archaludon
|-damage|p2b: Archaludon|95/100
|-ability|p2b: Archaludon|Stamina|boost
|-boost|p2b: Archaludon|def|1
|-resisted|p2b: Archaludon
|-damage|p2b: Archaludon|94/100
|-ability|p2b: Archaludon|Stamina|boost
|-boost|p2b: Archaludon|def|1
|-resisted|p2b: Archaludon
|-damage|p2b: Archaludon|93/100
|-ability|p2b: Archaludon|Stamina|boost
|-boost|p2b: Archaludon|def|1
|-resisted|p2b: Archaludon
|-damage|p2b: Archaludon|92/100
|-ability|p2b: Archaludon|Stamina|boost
|-boost|p2b: Archaludon|def|1
|-hitcount|p2b: Archaludon|5
|move|p2b: Archaludon|Body Press|p1b: Archaludon
|-supereffective|p1b: Archaludon
|-ability|p1b: Archaludon|Sturdy
|-damage|p1b: Archaludon|1/100
|
|-heal|p1b: Archaludon|7/100|[from] Grassy Terrain
|-heal|p2a: Rillaboom|31/100|[from] Grassy Terrain
|-heal|p2b: Archaludon|98/100|[from] Grassy Terrain
|upkeep
|turn|2
|inactive|washingtongargacha has 30 seconds left.
|inactive|washingtongargacha has 20 seconds left.
|inactive|washingtongargacha has 15 seconds left.
|
|t:|1756858702
|move|p1b: Archaludon|Protect|p1b: Archaludon
|-singleturn|p1b: Archaludon|Protect
|move|p2a: Rillaboom|Grassy Glide|p1b: Archaludon
|-activate|p1b: Archaludon|move: Protect
|move|p1a: Talonflame|Will-O-Wisp|p2b: Archaludon
|-status|p2b: Archaludon|brn
|move|p2b: Archaludon|Dragon Pulse|p1a: Talonflame
|-damage|p1a: Talonflame|49/100
|
|-heal|p1b: Archaludon|13/100|[from] Grassy Terrain
|-heal|p2a: Rillaboom|37/100|[from] Grassy Terrain
|-heal|p2b: Archaludon|100/100 brn|[from] Grassy Terrain
|-damage|p2b: Archaludon|94/100 brn|[from] brn
|upkeep
|turn|3
|
|t:|1756858719
|switch|p1b: Tyranitar|Tyranitar, L50, M|100/100
|-weather|Sandstorm|[from] ability: Sand Stream|[of] p1b: Tyranitar
|switch|p2a: Pelipper|Pelipper, L50, F|100/100
|-weather|RainDance|[from] ability: Drizzle|[of] p2a: Pelipper
|move|p1a: Talonflame|Brave Bird|p2a: Pelipper
|-damage|p2a: Pelipper|50/100
|-damage|p1a: Talonflame|36/100|[from] Recoil
|move|p2b: Archaludon|Electro Shot||[still]
|-prepare|p2b: Archaludon|Electro Shot
|-boost|p2b: Archaludon|spa|1
|-anim|p2b: Archaludon|Electro Shot|p1b: Tyranitar
|-damage|p1b: Tyranitar|68/100
|
|-weather|RainDance|[upkeep]
|-heal|p1b: Tyranitar|73/100|[from] Grassy Terrain
|-heal|p2b: Archaludon|100/100 brn|[from] Grassy Terrain
|-damage|p2b: Archaludon|94/100 brn|[from] brn
|upkeep
|turn|4
|inactive|washingtongargacha has 30 seconds left.
|inactive|Glumshanks has 30 seconds left.
|inactive|washingtongargacha has 20 seconds left.
|inactive|Glumshanks has 20 seconds left.
|
|t:|1756858759
|move|p2a: Pelipper|Protect|p2a: Pelipper
|-singleturn|p2a: Pelipper|Protect
|move|p1a: Talonflame|Brave Bird|p2a: Pelipper
|-activate|p2a: Pelipper|move: Protect
|move|p1b: Tyranitar|Knock Off|p2b: Archaludon
|-damage|p2b: Archaludon|82/100 brn
|-ability|p2b: Archaludon|Stamina|boost
|-boost|p2b: Archaludon|def|1
|-enditem|p2b: Archaludon|Assault Vest|[from] move: Knock Off|[of] p1b: Tyranitar
|move|p2b: Archaludon|Electro Shot||[still]
|-prepare|p2b: Archaludon|Electro Shot
|-boost|p2b: Archaludon|spa|1
|-anim|p2b: Archaludon|Electro Shot|p1b: Tyranitar
|-damage|p1b: Tyranitar|25/100
|
|-weather|RainDance|[upkeep]
|-heal|p1b: Tyranitar|31/100|[from] Grassy Terrain
|-heal|p2b: Archaludon|88/100 brn|[from] Grassy Terrain
|-damage|p2b: Archaludon|82/100 brn|[from] brn
|-sideend|p1: washingtongargacha|move: Tailwind
|upkeep
|turn|5
|inactive|Glumshanks has 30 seconds left.
|
|t:|1756858784
|switch|p1b: Garchomp|Garchomp, L50, F|100/100
|move|p1a: Talonflame|Tailwind|p1a: Talonflame
|-sidestart|p1: washingtongargacha|move: Tailwind
|move|p2b: Archaludon|Body Press|p1b: Garchomp
|-damage|p1b: Garchomp|51/100
|-damage|p2b: Archaludon|69/100 brn|[from] ability: Rough Skin|[of] p1b: Garchomp
|move|p2a: Pelipper|Tailwind|p2a: Pelipper
|-sidestart|p2: Glumshanks|move: Tailwind
|
|-weather|RainDance|[upkeep]
|-heal|p1b: Garchomp|57/100|[from] Grassy Terrain
|-heal|p2b: Archaludon|75/100 brn|[from] Grassy Terrain
|-damage|p2b: Archaludon|69/100 brn|[from] brn
|-fieldend|move: Grassy Terrain
|upkeep
|turn|6
|inactive|washingtongargacha has 30 seconds left.
|inactive|washingtongargacha has 20 seconds left.
|inactive|washingtongargacha has 15 seconds left.
|
|t:|1756858828
|switch|p2a: Rillaboom|Rillaboom, L50, F, tera:Fire|37/100
|-fieldstart|move: Grassy Terrain|[from] ability: Grassy Surge|[of] p2a: Rillaboom
|move|p1a: Talonflame|Brave Bird|p2a: Rillaboom
|-damage|p2a: Rillaboom|5/100
|-damage|p1a: Talonflame|23/100|[from] Recoil
|move|p1b: Garchomp|Stomping Tantrum|p2b: Archaludon
|-supereffective|p2b: Archaludon
|-damage|p2b: Archaludon|49/100 brn
|-damage|p1b: Garchomp|47/100|[from] item: Life Orb
|move|p2b: Archaludon|Dragon Pulse|p1b: Garchomp
|-supereffective|p1b: Garchomp
|-damage|p1b: Garchomp|0 fnt
|faint|p1b: Garchomp
|
|-weather|RainDance|[upkeep]
|-heal|p2a: Rillaboom|11/100|[from] Grassy Terrain
|-heal|p2b: Archaludon|55/100 brn|[from] Grassy Terrain
|-damage|p2b: Archaludon|49/100 brn|[from] brn
|upkeep
|
|t:|1756858845
|switch|p1b: Archaludon|Archaludon, L50, M|13/100
|turn|7
|
|t:|1756858856
|move|p1b: Archaludon|Protect|p1b: Archaludon
|-singleturn|p1b: Archaludon|Protect
|move|p2a: Rillaboom|Fake Out|p1a: Talonflame
|-damage|p1a: Talonflame|4/100
|move|p1a: Talonflame|Brave Bird|p2a: Rillaboom
|-damage|p2a: Rillaboom|0 fnt
|faint|p2a: Rillaboom
|-damage|p1a: Talonflame|0 fnt|[from] Recoil
|faint|p1a: Talonflame
|move|p2b: Archaludon|Body Press|p1b: Archaludon
|-activate|p1b: Archaludon|move: Protect
|
|-weather|none
|-heal|p1b: Archaludon|19/100|[from] Grassy Terrain
|-heal|p2b: Archaludon|55/100 brn|[from] Grassy Terrain
|-damage|p2b: Archaludon|49/100 brn|[from] brn
|upkeep
|
|t:|1756858871
|switch|p1a: Tyranitar|Tyranitar, L50, M|31/100
|switch|p2a: Kingdra|Kingdra, L50, F|100/100
|-weather|Sandstorm|[from] ability: Sand Stream|[of] p1a: Tyranitar
|turn|8
|inactive|washingtongargacha has 30 seconds left.
|
|t:|1756858903
|move|p2a: Kingdra|Protect|p2a: Kingdra
|-singleturn|p2a: Kingdra|Protect
|move|p1b: Archaludon|Draco Meteor|p2b: Archaludon
|-damage|p2b: Archaludon|0 fnt
|-unboost|p1b: Archaludon|spa|2
|faint|p2b: Archaludon
|move|p1a: Tyranitar|Rock Slide|p2a: Kingdra
|-activate|p2a: Kingdra|move: Protect
|
|-weather|Sandstorm|[upkeep]
|-damage|p2a: Kingdra|95/100|[from] Sandstorm
|-heal|p1b: Archaludon|25/100|[from] Grassy Terrain
|-heal|p2a: Kingdra|100/100|[from] Grassy Terrain
|-heal|p1a: Tyranitar|37/100|[from] Grassy Terrain
|-sideend|p1: washingtongargacha|move: Tailwind
|-sideend|p2: Glumshanks|move: Tailwind
|upkeep
|
|t:|1756858911
|switch|p2b: Pelipper|Pelipper, L50, F|50/100
|-weather|RainDance|[from] ability: Drizzle|[of] p2b: Pelipper
|turn|9
|inactive|washingtongargacha has 30 seconds left.
|inactive|washingtongargacha has 20 seconds left.
|inactive|washingtongargacha has 15 seconds left.
|inactive|washingtongargacha has 10 seconds left.
|inactive|washingtongargacha has 5 seconds left.
|
|t:|1756858962
|move|p1b: Archaludon|Protect|p1b: Archaludon
|-singleturn|p1b: Archaludon|Protect
|move|p2a: Kingdra|Weather Ball|p1b: Archaludon
|-activate|p1b: Archaludon|move: Protect
|move|p2b: Pelipper|Weather Ball|p1a: Tyranitar
|-supereffective|p1a: Tyranitar
|-damage|p1a: Tyranitar|0 fnt
|faint|p1a: Tyranitar
|
|-weather|RainDance|[upkeep]
|-heal|p1b: Archaludon|31/100|[from] Grassy Terrain
|upkeep
|turn|10
|-message|washingtongargacha forfeited.
|
|win|Glumshanks
