|j|☆Hudie EU
|j|☆lysha
|html|Hudie EUlysha    
|uhtml|bestof|Game 2 of a best-of-3
|t:|1782483804
|gametype|doubles
|player|p1|Hudie EU|hilda|
|player|p2|lysha|parasollady|
|gen|9
|tier|[Gen 9 Champions] VGC 2026 Reg M-B (Bo3)
|rule|Species Clause: Limit one of each Pokémon
|rule|Item Clause: Limit 1 of each item
|clearpoke
|poke|p1|Milotic, L50, M, shiny|
|poke|p1|Sinistcha, L50, shiny|
|poke|p1|Delphox, L50, M, shiny|
|poke|p1|Sneasler, L50, M, shiny|
|poke|p1|Kingambit, L50, F, shiny|
|poke|p1|Raichu, L50, F, shiny|
|poke|p2|Gholdengo, L50|
|poke|p2|Floette-Eternal, L50, F|
|poke|p2|Whimsicott, L50, F|
|poke|p2|Farigiraf, L50, M|
|poke|p2|Incineroar, L50, M|
|poke|p2|Swampert, L50, M|
|teampreview|4
|showteam|p1|Milotic||Leftovers|Competitive|Coil,Hypnosis,MuddyWater,LifeDew|Calm||M|||50|]Sinistcha||KasibBerry|Hospitality|Hex,LifeDew,Protect,RagePowder|Bold|||||50|]Delphox||Delphoxite|Blaze|NastyPlot,HeatWave,Psyshock,Protect|Timid||M|||50|]Sneasler||FocusSash|Unburden|FakeOut,CloseCombat,Coaching,DireClaw|Jolly||M|||50|]Kingambit||BlackGlasses|Defiant|KowtowCleave,SuckerPunch,SwordsDance,Protect|Adamant||F|||50|]Raichu||RaichuniteY|LightningRod|ZapCannon,FocusBlast,Protect,FakeOut|Modest||F|||50|
|showteam|p2|Gholdengo||LifeOrb|GoodasGold|MakeItRain,ShadowBall,NastyPlot,Protect|Modest|||||50|]Floette-Eternal||Floettite|FlowerVeil|Moonblast,LightofRuin,DazzlingGleam,Protect|Modest||F|||50|]Whimsicott||FocusSash|Prankster|Moonblast,Tailwind,Encore,Protect|Timid||F|||50|]Farigiraf||ColburBerry|ArmorTail|Psychic,TrickRoom,HelpingHand,Protect|Sassy||M|||50|]Incineroar||Charcoal|Intimidate|FakeOut,FlareBlitz,ThroatChop,PartingShot|Adamant||M|||50|]Swampert||Swampertite|Torrent|WaveCrash,HighHorsepower,Protect,RockSlide|Adamant||M|||50|
|inactive|Battle timer is ON: inactive players will automatically lose when time's up. (requested by lysha)
|inactive|Hudie EU also wants the timer to be on.
|j| Kefastra
|j| LunarMageMystia
|j| Autin Mago
|inactive|Hudie EU has 60 seconds left.
|inactive|lysha has 60 seconds left.
|
|t:|1782483858
|teamsize|p1|4
|teamsize|p2|4
|start
|switch|p1a: SpD O'Toole|Milotic, L50, M, shiny|100/100
|switch|p1b: Gambling!!!|Sneasler, L50, M, shiny|100/100
|switch|p2a: Floette|Floette-Eternal, L50, F|100/100
|switch|p2b: Whimsicott|Whimsicott, L50, F|100/100
|turn|1
|inactive|Hudie EU has 30 seconds left.
|inactive|lysha has 30 seconds left.
|inactive|lysha has 20 seconds left.
|
|t:|1782483897
|detailschange|p2a: Floette|Floette-Mega, L50, F
|-mega|p2a: Floette|Floette|Floettite
|-ability|p2a: Floette|Fairy Aura
|move|p2b: Whimsicott|Protect|p2b: Whimsicott
|-singleturn|p2b: Whimsicott|Protect
|move|p2a: Floette|Protect|p2a: Floette
|-singleturn|p2a: Floette|Protect
|move|p1b: Gambling!!!|Dire Claw|p2a: Floette
|-activate|p2a: Floette|move: Protect
|move|p1a: SpD O'Toole|Muddy Water|p2a: Floette|[spread] 
|-activate|p2a: Floette|move: Protect
|-activate|p2b: Whimsicott|move: Protect
|
|upkeep
|turn|2
|inactive|lysha has 30 seconds left.
|
|t:|1782483925
|switch|p2a: Incineroar|Incineroar, L50, M|100/100
|-ability|p2a: Incineroar|Intimidate|boost
|-unboost|p1a: SpD O'Toole|atk|1
|-ability|p1a: SpD O'Toole|Competitive|boost
|-boost|p1a: SpD O'Toole|spa|2
|-unboost|p1b: Gambling!!!|atk|1
|move|p1b: Gambling!!!|Dire Claw|p2a: Incineroar
|-damage|p2a: Incineroar|73/100
|move|p2b: Whimsicott|Moonblast|p1b: Gambling!!!
|-damage|p1b: Gambling!!!|54/100
|move|p1a: SpD O'Toole|Hypnosis|p2b: Whimsicott
|-status|p2b: Whimsicott|slp|[from] move: Hypnosis
|
|upkeep
|turn|3
|inactive|Hudie EU has 30 seconds left.
|
|t:|1782483956
|switch|p1b: Fox Magic|Delphox, L50, M, shiny|100/100
|switch|p2b: Floette|Floette-Mega, L50, F|100/100
|-ability|p2b: Floette|Fairy Aura
|move|p2a: Incineroar|Fake Out|p1a: SpD O'Toole
|-damage|p1a: SpD O'Toole|89/100
|cant|p1a: SpD O'Toole|flinch
|
|-heal|p1a: SpD O'Toole|95/100|[from] item: Leftovers
|upkeep
|turn|4
|j| Muphry
|inactive|Hudie EU has 30 seconds left.
|inactive|Hudie EU has 20 seconds left.
|inactive|Hudie EU has 15 seconds left.
|inactive|Hudie EU has 10 seconds left.
|inactive|Hudie EU has 5 seconds left.
|
|t:|1782484011
|switch|p2a: Farigiraf|Farigiraf, L50, M|100/100
|detailschange|p1b: Fox Magic|Delphox-Mega, L50, M, shiny
|-mega|p1b: Fox Magic|Delphox|Delphoxite
|move|p1b: Fox Magic|Protect|p1b: Fox Magic
|-singleturn|p1b: Fox Magic|Protect
|move|p2b: Floette|Protect|p2b: Floette
|-singleturn|p2b: Floette|Protect
|move|p1a: SpD O'Toole|Muddy Water|p2a: Farigiraf|[spread] p2a
|-activate|p2b: Floette|move: Protect
|-damage|p2a: Farigiraf|64/100
|
|-heal|p1a: SpD O'Toole|100/100|[from] item: Leftovers
|upkeep
|turn|5
|inactive|Hudie EU has 30 seconds left.
|
|t:|1782484044
|move|p2a: Farigiraf|Helping Hand|p2b: Floette
|-singleturn|p2b: Floette|Helping Hand|[of] p2a: Farigiraf
|move|p1b: Fox Magic|Heat Wave|p2b: Floette|[spread] p2a,p2b
|-damage|p2a: Farigiraf|38/100
|-damage|p2b: Floette|67/100
|move|p2b: Floette|Light of Ruin|p1a: SpD O'Toole
|-damage|p1a: SpD O'Toole|0 fnt
|faint|p1a: SpD O'Toole
|-damage|p2b: Floette|1/100|[from] Recoil
|
|upkeep
|
|t:|1782484055
|switch|p1a: King to G8|Kingambit, L50, F, shiny|100/100
|turn|6
|
|t:|1782484071
|switch|p2b: Incineroar|Incineroar, L50, M|73/100
|-ability|p2b: Incineroar|Intimidate|boost
|-unboost|p1a: King to G8|atk|1
|-ability|p1a: King to G8|Defiant|boost
|-boost|p1a: King to G8|atk|2
|-unboost|p1b: Fox Magic|atk|1
|move|p2a: Farigiraf|Protect|p2a: Farigiraf
|-singleturn|p2a: Farigiraf|Protect
|move|p1b: Fox Magic|Heat Wave|p2b: Incineroar|[spread] p2b
|-activate|p2a: Farigiraf|move: Protect
|-resisted|p2b: Incineroar|1
|-damage|p2b: Incineroar|55/100
|move|p1a: King to G8|Swords Dance|p1a: King to G8
|-boost|p1a: King to G8|atk|2
|
|upkeep
|turn|7
|inactive|Hudie EU has 30 seconds left.
|inactive|lysha has 30 seconds left.
|
|t:|1782484109
|move|p2a: Farigiraf|Helping Hand|p2b: Incineroar
|-singleturn|p2b: Incineroar|Helping Hand|[of] p2a: Farigiraf
|move|p1a: King to G8|Protect|p1a: King to G8
|-singleturn|p1a: King to G8|Protect
|move|p1b: Fox Magic|Nasty Plot|p1b: Fox Magic
|-boost|p1b: Fox Magic|spa|2
|move|p2b: Incineroar|Flare Blitz|p1a: King to G8
|-activate|p1a: King to G8|move: Protect
|
|upkeep
|turn|8
|
|t:|1782484133
|move|p2a: Farigiraf|Helping Hand|p2b: Incineroar
|-singleturn|p2b: Incineroar|Helping Hand|[of] p2a: Farigiraf
|move|p1b: Fox Magic|Heat Wave|p2b: Incineroar|[spread] p2a
|-miss|p1b: Fox Magic|p2b: Incineroar
|-damage|p2a: Farigiraf|0 fnt
|faint|p2a: Farigiraf
|move|p2b: Incineroar|Throat Chop|p1b: Fox Magic
|-supereffective|p1b: Fox Magic|1
|-damage|p1b: Fox Magic|0 fnt
|faint|p1b: Fox Magic
|move|p1a: King to G8|Kowtow Cleave|p2b: Incineroar
|-resisted|p2b: Incineroar|1
|-damage|p2b: Incineroar|0 fnt
|faint|p2b: Incineroar
|
|upkeep
|
|t:|1782484146
|switch|p1b: Gambling!!!|Sneasler, L50, M, shiny|54/100
|switch|p2b: Whimsicott|Whimsicott, L50, F|100/100 slp
|switch|p2a: Floette|Floette-Mega, L50, F|1/100
|-ability|p2a: Floette|Fairy Aura
|turn|9
|inactive|lysha has 30 seconds left.
|inactive|lysha has 20 seconds left.
|
|t:|1782484184
|move|p2a: Floette|Protect|p2a: Floette
|-singleturn|p2a: Floette|Protect
|move|p1a: King to G8|Sucker Punch||[still]
|-fail|p1a: King to G8
|move|p1b: Gambling!!!|Dire Claw|p2b: Whimsicott
|-supereffective|p2b: Whimsicott|2
|-enditem|p2b: Whimsicott|Focus Sash
|-damage|p2b: Whimsicott|1/100 slp
|cant|p2b: Whimsicott|slp
|
|upkeep
|turn|10
|inactive|lysha has 30 seconds left.
|inactive|lysha has 20 seconds left.
|
|t:|1782484223
|cant|p2b: Whimsicott|slp
|move|p1a: King to G8|Sucker Punch|p2a: Floette
|-resisted|p2a: Floette|1
|-damage|p2a: Floette|0 fnt
|faint|p2a: Floette
|move|p1b: Gambling!!!|Dire Claw|p2b: Whimsicott
|-supereffective|p2b: Whimsicott|2
|-damage|p2b: Whimsicott|0 fnt
|faint|p2b: Whimsicott
|
|win|Hudie EU
|c|☆Hudie EU|ggwp
|c|☆lysha|ggs
|l| Autin Mago
|l| Muphry
|l| LunarMageMystia
|c|☆lysha|you doin the replays?
|c|☆Hudie EU|If you can tell me on Disc where to send them sure
|c|☆lysha|okie
