|j|☆GWMicroK
|j|☆legbiter
|html|GWMicroKlegbiter    
|uhtml|bestof|Game 1 of a best-of-3
|t:|1783619878
|gametype|doubles
|player|p1|GWMicroK|169|1082
|player|p2|legbiter|roxie|1000
|gen|9
|tier|[Gen 9 Champions] VGC 2026 Reg M-B (Bo3)
|rated|
|rule|Species Clause: Limit one of each Pokémon
|rule|Item Clause: Limit 1 of each item
|clearpoke
|poke|p1|Ditto, L50, shiny|
|poke|p1|Sinistcha-Masterpiece, L50, shiny|
|poke|p1|Pelipper, L50, F|
|poke|p1|Swampert, L50, F|
|poke|p1|Tyranitar, L50, F|
|poke|p1|Archaludon, L50, F|
|poke|p2|Annihilape, L50, F|
|poke|p2|Maushold, L50|
|poke|p2|Garchomp, L50, F|
|poke|p2|Ninetales-Alola, L50, M|
|poke|p2|Sinistcha, L50|
|poke|p2|Mawile, L50, M|
|teampreview|4
|showteam|p1|Ditto||QuickClaw|Imposter|Transform|Relaxed|||||50|]Sinistcha-Masterpiece||SitrusBerry|Hospitality|MatchaGotcha,TrickRoom,LifeDew,RagePowder|Bold|||||50|]Pelipper||FocusSash|Drizzle|WeatherBall,Hurricane,WideGuard,Tailwind|Timid||F|||50|]Swampert||Swampertite|Damp|WaveCrash,Earthquake,IcePunch,Protect|Adamant||F|||50|]Tyranitar||Tyranitarite|SandStream|KnockOff,RockSlide,DragonDance,Protect|Adamant||F|||50|]Archaludon||Leftovers|Stamina|DragonPulse,FlashCannon,ElectroShot,Protect|Modest||F|||50|
|showteam|p2|Annihilape||Leftovers|Defiant|RageFist,DrainPunch,BulkUp,Protect|Adamant||F|||50|]Maushold||ChopleBerry|FriendGuard|Feint,BeatUp,FollowMe,Protect|Impish|||||50|]Garchomp||LifeOrb|RoughSkin|DragonClaw,StompingTantrum,RockSlide,Protect|Adamant||F|||50|]Ninetales-Alola||NeverMeltIce|SnowWarning|Blizzard,IcyWind,FreezeDry,Protect|Timid||M|||50|]Sinistcha||SitrusBerry|Hospitality|MatchaGotcha,RagePowder,TrickRoom,Protect|Bold|||||50|]Mawile||Mawilite|HyperCutter|IronHead,PlayRough,SuckerPunch,Protect|Adamant||M|||50|
|
|t:|1783619922
|teamsize|p1|4
|teamsize|p2|4
|start
|switch|p1a: Pelipper|Pelipper, L50, F|100/100
|switch|p1b: Swampert|Swampert, L50, F|100/100
|switch|p2a: Maushold|Maushold, L50|100/100
|switch|p2b: Mawile|Mawile, L50, M|100/100
|-weather|RainDance|[from] ability: Drizzle|[of] p1a: Pelipper
|turn|1
|inactive|Battle timer is ON: inactive players will automatically lose when time's up. (requested by GWMicroK)
|inactive|GWMicroK has 60 seconds left.
|inactive|legbiter has 60 seconds left.
|
|t:|1783619972
|switch|p2a: Ninetales|Ninetales-Alola, L50, M|100/100
|-weather|Snowscape|[from] ability: Snow Warning|[of] p2a: Ninetales
|detailschange|p1b: Swampert|Swampert-Mega, L50, F
|-mega|p1b: Swampert|Swampert|Swampertite
|detailschange|p2b: Mawile|Mawile-Mega, L50, M
|-mega|p2b: Mawile|Mawile|Mawilite
|move|p2b: Mawile|Protect|p2b: Mawile
|-singleturn|p2b: Mawile|Protect
|move|p1a: Pelipper|Tailwind|p1a: Pelipper
|-sidestart|p1: GWMicroK|move: Tailwind
|move|p1b: Swampert|Wave Crash|p2b: Mawile
|-activate|p2b: Mawile|move: Protect
|
|-weather|Snowscape|[upkeep]
|upkeep
|turn|2
|inactive|GWMicroK has 30 seconds left.
|inactive|legbiter has 30 seconds left.
|inactive|GWMicroK has 20 seconds left.
|inactive|GWMicroK has 15 seconds left.
|inactive|legbiter has 20 seconds left.
|inactive|GWMicroK has 10 seconds left.
|inactive|legbiter has 15 seconds left.
|inactive|GWMicroK has 5 seconds left.
|
|t:|1783620024
|switch|p1a: Sinistcha|Sinistcha-Masterpiece, L50, shiny|100/100
|switch|p1b: Tyranitar|Tyranitar, L50, F|100/100
|-weather|Sandstorm|[from] ability: Sand Stream|[of] p1b: Tyranitar
|move|p2b: Mawile|Sucker Punch||[still]
|-fail|p2b: Mawile
|move|p2a: Ninetales|Freeze-Dry|p1a: Sinistcha
|-supereffective|p1a: Sinistcha|1
|-damage|p1a: Sinistcha|44/100
|-enditem|p1a: Sinistcha|Sitrus Berry|[eat]
|-heal|p1a: Sinistcha|69/100|[from] item: Sitrus Berry
|
|-weather|Sandstorm|[upkeep]
|-damage|p1a: Sinistcha|63/100|[from] Sandstorm
|-damage|p2a: Ninetales|94/100|[from] Sandstorm
|upkeep
|turn|3
|inactive|legbiter has 30 seconds left.
|inactive|legbiter has 20 seconds left.
|inactive|legbiter has 15 seconds left.
|inactive|legbiter has 10 seconds left.
|inactive|legbiter has 5 seconds left.
|
|t:|1783620076
|switch|p2a: Maushold|Maushold, L50|100/100
|move|p1b: Tyranitar|Protect|p1b: Tyranitar
|-singleturn|p1b: Tyranitar|Protect
|move|p2b: Mawile|Play Rough|p1b: Tyranitar
|-activate|p1b: Tyranitar|move: Protect
|move|p1a: Sinistcha|Trick Room|p1a: Sinistcha
|-fieldstart|move: Trick Room|[of] p1a: Sinistcha
|
|-weather|Sandstorm|[upkeep]
|-damage|p2a: Maushold|93/100|[from] Sandstorm
|-damage|p1a: Sinistcha|57/100|[from] Sandstorm
|upkeep
|turn|4
|inactive|GWMicroK has 30 seconds left.
|
|t:|1783620103
|switch|p1b: Swampert|Swampert-Mega, L50, F|100/100
|move|p2a: Maushold|Follow Me|p2a: Maushold
|-singleturn|p2a: Maushold|move: Follow Me
|move|p2b: Mawile|Iron Head|p1b: Swampert
|-resisted|p1b: Swampert|1
|-damage|p1b: Swampert|63/100
|move|p1a: Sinistcha|Matcha Gotcha|p2b: Mawile|[spread] p2a,p2b
|-resisted|p2b: Mawile|1
|-damage|p2a: Maushold|67/100
|-heal|p1a: Sinistcha|70/100|[from] drain|[of] p2a: Maushold
|-damage|p2b: Mawile|89/100
|-heal|p1a: Sinistcha|75/100|[from] drain|[of] p2b: Mawile
|-status|p2a: Maushold|brn
|-status|p2b: Mawile|brn
|
|-weather|Sandstorm|[upkeep]
|-damage|p2a: Maushold|61/100 brn|[from] Sandstorm
|-damage|p1a: Sinistcha|69/100|[from] Sandstorm
|-damage|p2b: Mawile|84/100 brn|[from] brn
|-damage|p2a: Maushold|55/100 brn|[from] brn
|-sideend|p1: GWMicroK|move: Tailwind
|upkeep
|turn|5
|inactive|legbiter has 30 seconds left.
|
|t:|1783620133
|switch|p2a: Ninetales|Ninetales-Alola, L50, M|94/100
|-weather|Snowscape|[from] ability: Snow Warning|[of] p2a: Ninetales
|move|p2b: Mawile|Sucker Punch||[still]
|-fail|p2b: Mawile
|move|p1a: Sinistcha|Life Dew|p1a: Sinistcha|[spread] p1a,p1b
|-heal|p1a: Sinistcha|94/100
|-heal|p1b: Swampert|88/100
|move|p1b: Swampert|Earthquake|p2a: Ninetales|[spread] p1a,p2a,p2b
|-resisted|p1a: Sinistcha|1
|-supereffective|p2b: Mawile|1
|-damage|p1a: Sinistcha|75/100
|-damage|p2a: Ninetales|49/100
|-damage|p2b: Mawile|0 fnt
|faint|p2b: Mawile
|
|-weather|Snowscape|[upkeep]
|upkeep
|
|t:|1783620147
|switch|p2b: Sinistcha|Sinistcha, L50|100/100
|-heal|p2a: Ninetales|73/100|[from] ability: Hospitality|[of] p2b: Sinistcha
|turn|6
|
|t:|1783620171
|switch|p1b: Tyranitar|Tyranitar, L50, F|100/100
|-weather|Sandstorm|[from] ability: Sand Stream|[of] p1b: Tyranitar
|move|p2b: Sinistcha|Matcha Gotcha|p1a: Sinistcha|[spread] p1a,p1b
|-resisted|p1a: Sinistcha|1
|-supereffective|p1b: Tyranitar|1
|-damage|p1a: Sinistcha|64/100
|-damage|p1b: Tyranitar|73/100
|move|p1a: Sinistcha|Matcha Gotcha|p2b: Sinistcha|[spread] p2a,p2b
|-resisted|p2b: Sinistcha|1
|-damage|p2a: Ninetales|48/100
|-heal|p1a: Sinistcha|76/100|[from] drain|[of] p2a: Ninetales
|-damage|p2b: Sinistcha|88/100
|-heal|p1a: Sinistcha|82/100|[from] drain|[of] p2b: Sinistcha
|move|p2a: Ninetales|Blizzard|p1a: Sinistcha|[spread] p1a,p1b
|-supereffective|p1a: Sinistcha|1
|-damage|p1a: Sinistcha|14/100
|-damage|p1b: Tyranitar|52/100
|
|-weather|Sandstorm|[upkeep]
|-damage|p1a: Sinistcha|8/100|[from] Sandstorm
|-damage|p2b: Sinistcha|82/100|[from] Sandstorm
|-damage|p2a: Ninetales|42/100|[from] Sandstorm
|upkeep
|turn|7
|inactive|GWMicroK has 30 seconds left.
|inactive|legbiter has 30 seconds left.
|
|t:|1783620204
|move|p2a: Ninetales|Protect|p2a: Ninetales
|-singleturn|p2a: Ninetales|Protect
|move|p1a: Sinistcha|Life Dew|p1a: Sinistcha|[spread] p1a,p1b
|-heal|p1a: Sinistcha|33/100
|-heal|p1b: Tyranitar|77/100
|move|p2b: Sinistcha|Matcha Gotcha|p1a: Sinistcha|[spread] p1a,p1b
|-resisted|p1a: Sinistcha|1
|-supereffective|p1b: Tyranitar|1
|-damage|p1a: Sinistcha|21/100
|-heal|p2b: Sinistcha|88/100|[from] drain|[of] p1a: Sinistcha
|-damage|p1b: Tyranitar|50/100y
|-heal|p2b: Sinistcha|100/100|[from] drain|[of] p1b: Tyranitar
|-status|p1b: Tyranitar|brn
|move|p1b: Tyranitar|Rock Slide|p2b: Sinistcha|[spread] p2b
|-activate|p2a: Ninetales|move: Protect
|-damage|p2b: Sinistcha|86/100
|
|-weather|Sandstorm|[upkeep]
|-damage|p2b: Sinistcha|80/100|[from] Sandstorm
|-damage|p1a: Sinistcha|15/100|[from] Sandstorm
|-damage|p2a: Ninetales|36/100|[from] Sandstorm
|-damage|p1b: Tyranitar|44/100 brn|[from] brn
|-fieldend|move: Trick Room
|upkeep
|turn|8
|inactive|GWMicroK has 30 seconds left.
|inactive|legbiter has 30 seconds left.
|
|t:|1783620236
|switch|p2a: Maushold|Maushold, L50|55/100 brn
|move|p1b: Tyranitar|Rock Slide|p2a: Maushold|[spread] p2a,p2b
|-damage|p2a: Maushold|40/100 brn
|-damage|p2b: Sinistcha|71/100
|cant|p2b: Sinistcha|flinch
|move|p1a: Sinistcha|Life Dew|p1a: Sinistcha|[spread] p1a,p1b
|-heal|p1a: Sinistcha|41/100
|-heal|p1b: Tyranitar|69/100 brn
|
|-weather|Sandstorm|[upkeep]
|-damage|p2a: Maushold|34/100 brn|[from] Sandstorm
|-damage|p1a: Sinistcha|34/100|[from] Sandstorm
|-damage|p2b: Sinistcha|65/100|[from] Sandstorm
|-damage|p2a: Maushold|28/100 brn|[from] brn
|-damage|p1b: Tyranitar|63/100 brn|[from] brn
|upkeep
|turn|9
|
|t:|1783620261
|move|p2a: Maushold|Follow Me|p2a: Maushold
|-singleturn|p2a: Maushold|move: Follow Me
|move|p1b: Tyranitar|Knock Off|p2a: Maushold
|-damage|p2a: Maushold|3/100 brn
|-enditem|p2a: Maushold|Chople Berry|[from] move: Knock Off|[of] p1b: Tyranitar
|move|p2b: Sinistcha|Matcha Gotcha|p1b: Tyranitar|[spread] p1a,p1b
|-resisted|p1a: Sinistcha|1
|-supereffective|p1b: Tyranitar|1
|-damage|p1a: Sinistcha|24/100
|-heal|p2b: Sinistcha|70/100|[from] drain|[of] p1a: Sinistcha
|-damage|p1b: Tyranitar|33/100 brn
|-heal|p2b: Sinistcha|87/100|[from] drain|[of] p1b: Tyranitar
|-status|p1a: Sinistcha|brn
|move|p1a: Sinistcha|Matcha Gotcha|p2b: Sinistcha|[spread] p2a,p2b
|-resisted|p2b: Sinistcha|1
|-damage|p2a: Maushold|0 fnt
|-heal|p1a: Sinistcha|25/100 brn|[from] drain|[of] p2a: Maushold
|-damage|p2b: Sinistcha|79/100
|-heal|p1a: Sinistcha|29/100 brn|[from] drain|[of] p2b: Sinistcha
|faint|p2a: Maushold
|
|-weather|Sandstorm|[upkeep]
|-damage|p2b: Sinistcha|73/100|[from] Sandstorm
|-damage|p1a: Sinistcha|23/100 brn|[from] Sandstorm
|-damage|p1b: Tyranitar|27/100 brn|[from] brn
|-damage|p1a: Sinistcha|17/100 brn|[from] brn
|upkeep
|
|t:|1783620284
|switch|p2a: Ninetales|Ninetales-Alola, L50, M|36/100
|-weather|Snowscape|[from] ability: Snow Warning|[of] p2a: Ninetales
|turn|10
|
|t:|1783620305
|switch|p1a: Pelipper|Pelipper, L50, F|100/100
|-weather|RainDance|[from] ability: Drizzle|[of] p1a: Pelipper
|move|p2a: Ninetales|Blizzard|p1a: Pelipper|[spread] p1b
|-miss|p2a: Ninetales|p1a: Pelipper
|-damage|p1b: Tyranitar|0 fnt
|faint|p1b: Tyranitar
|move|p2b: Sinistcha|Matcha Gotcha|p1a: Pelipper
|-damage|p1a: Pelipper|40/100
|-heal|p2b: Sinistcha|96/100|[from] drain|[of] p1a: Pelipper
|
|-weather|RainDance|[upkeep]
|upkeep
|
|t:|1783620321
|switch|p1b: Swampert|Swampert-Mega, L50, F|88/100
|turn|11
|
|t:|1783620337
|switch|p1b: Sinistcha|Sinistcha-Masterpiece, L50, shiny|17/100 brn
|-heal|p1a: Pelipper|64/100|[from] ability: Hospitality|[of] p1b: Sinistcha
|move|p2a: Ninetales|Protect|p2a: Ninetales
|-singleturn|p2a: Ninetales|Protect
|move|p1a: Pelipper|Hurricane|p2b: Sinistcha
|-supereffective|p2b: Sinistcha|1
|-damage|p2b: Sinistcha|11/100
|-enditem|p2b: Sinistcha|Sitrus Berry|[eat]
|-heal|p2b: Sinistcha|35/100|[from] item: Sitrus Berry
|move|p2b: Sinistcha|Matcha Gotcha|p1a: Pelipper|[spread] p1a,p1b
|-resisted|p1b: Sinistcha|1
|-damage|p1a: Pelipper|25/100
|-heal|p2b: Sinistcha|51/100|[from] drain|[of] p1a: Pelipper
|-damage|p1b: Sinistcha|6/100 brn
|-heal|p2b: Sinistcha|56/100|[from] drain|[of] p1b: Sinistcha
|-status|p1a: Pelipper|brn
|
|-weather|RainDance|[upkeep]
|-damage|p1a: Pelipper|19/100 brn|[from] brn
|-damage|p1b: Sinistcha|0 fnt|[from] brn
|faint|p1b: Sinistcha
|upkeep
|
|t:|1783620360
|switch|p1b: Swampert|Swampert-Mega, L50, F|88/100
|turn|12
|
|t:|1783620374
|move|p1b: Swampert|Wave Crash|p2a: Ninetales
|-damage|p2a: Ninetales|0 fnt
|faint|p2a: Ninetales
|-damage|p1b: Swampert|77/100|[from] Recoil
|move|p1a: Pelipper|Hurricane|p2b: Sinistcha
|-supereffective|p2b: Sinistcha|1
|-damage|p2b: Sinistcha|0 fnt
|faint|p2b: Sinistcha
|
|win|GWMicroK
||legbiter is ready for game 2.
|inactive|GWMicroK has 30 seconds to confirm battle start!
|l|☆legbiter
|player|p2|
