|j|☆mbrown14
|j|☆Crystneel
|html|mbrown14Crystneel    
|uhtml|bestof|Game 1 of a best-of-3
|t:|1757155556
|gametype|doubles
|player|p1|mbrown14|2|1000
|player|p2|Crystneel|ethan|1106
|gen|9
|tier|[Gen 9] VGC 2025 Reg H (Bo3)
|rated|
|rule|Species Clause: Limit one of each Pokémon
|rule|Item Clause: Limit 1 of each item
|clearpoke
|poke|p1|Dragapult, L50, M|
|poke|p1|Dragonite, L50, M|
|poke|p1|Archaludon, L50, F|
|poke|p1|Incineroar, L50, M|
|poke|p1|Pelipper, L50, F|
|poke|p1|Whimsicott, L50, F|
|poke|p2|Volcarona, L50, M|
|poke|p2|Electabuzz, L50, F|
|poke|p2|Sneasler, L50, F|
|poke|p2|Rillaboom, L50, M|
|poke|p2|Dragonite, L50, M|
|poke|p2|Ursaluna-Bloodmoon, L50, M|
|teampreview|4
|showteam|p1|Dragapult||AssaultVest|ClearBody|DragonDarts,PhantomForce,SuckerPunch,DragonTail|||M|||50|,,,,,Fairy]Dragonite||LoadedDice|Multiscale|Tailwind,DragonCheer,Roost,ScaleShot|||M|||50|,,,,,Fairy]Archaludon||ClearAmulet|Stamina|BodyPress,ElectroShot,DracoMeteor,Protect|||F|||50|,,,,,Fairy]Incineroar||CovertCloak|Intimidate|FakeOut,WillOWisp,PartingShot,KnockOff|||M|||50|,,,,,Ghost]Pelipper||DampRock|Drizzle|Hurricane,HelpingHand,WideGuard,Protect|||F|||50|,,,,,Ground]Whimsicott||MentalHerb|Prankster|LightScreen,Tailwind,Taunt,FakeTears|||F|||50|,,,,,Dark
|showteam|p2|Volcarona||Leftovers|FlameBody|FieryDance,QuiverDance,GigaDrain,Protect|||M|||50|,,,,,Water]Electabuzz||Eviolite|Static|FollowMe,Electroweb,VoltSwitch,Taunt|||F|||50|,,,,,Fairy]Sneasler||GrassySeed|Unburden|DireClaw,CloseCombat,ThroatChop,Protect|||F|||50|,,,,,Dark]Rillaboom||AssaultVest|GrassySurge|FakeOut,GrassyGlide,WoodHammer,Uturn|||M|||50|,,,,,Fire]Dragonite||LoadedDice|Multiscale|ExtremeSpeed,ScaleShot,IceSpinner,LowKick|||M|||50|,,,,,Normal]Ursaluna-Bloodmoon||ThroatSpray|MindsEye|BloodMoon,HyperVoice,EarthPower,Protect|||M|||50|,,,,,Poison
|inactive|Battle timer is ON: inactive players will automatically lose when time's up. (requested by mbrown14)
|inactive|Crystneel has 60 seconds left.
|
|t:|1757155602
|teamsize|p1|4
|teamsize|p2|4
|start
|switch|p1a: Dragapult|Dragapult, L50, M, shiny|100/100
|switch|p1b: Dragonite|Dragonite, L50, M|100/100
|switch|p2a: Electabuzz|Electabuzz, L50, F|100/100
|switch|p2b: Volcarona|Volcarona, L50, M|100/100
|turn|1
|
|t:|1757155623
|move|p2a: Electabuzz|Follow Me|p2a: Electabuzz
|-singleturn|p2a: Electabuzz|move: Follow Me
|move|p1b: Dragonite|Dragon Cheer|p1a: Dragapult
|-start|p1a: Dragapult|move: Dragon Cheer
|move|p2b: Volcarona|Quiver Dance|p2b: Volcarona
|-boost|p2b: Volcarona|spa|1
|-boost|p2b: Volcarona|spd|1
|-boost|p2b: Volcarona|spe|1
|move|p1a: Dragapult|Dragon Tail|p2a: Electabuzz
|-crit|p2a: Electabuzz
|-damage|p2a: Electabuzz|60/100
|drag|p2a: Rillaboom|Rillaboom, L50, M|100/100
|-fieldstart|move: Grassy Terrain|[from] ability: Grassy Surge|[of] p2a: Rillaboom
|
|upkeep
|turn|2
|inactive|mbrown14 has 30 seconds left.
|inactive|mbrown14 has 20 seconds left.
|
|t:|1757155663
|move|p2b: Volcarona|Fiery Dance|p1a: Dragapult
|-resisted|p1a: Dragapult
|-damage|p1a: Dragapult|74/100
|-boost|p2b: Volcarona|spa|1
|move|p1a: Dragapult|Dragon Darts|p2b: Volcarona
|-crit|p2b: Volcarona
|-damage|p2b: Volcarona|54/100
|-anim|p1a: Dragapult|Dragon Darts|p2a: Rillaboom
|-crit|p2a: Rillaboom
|-damage|p2a: Rillaboom|65/100
|move|p1b: Dragonite|Tailwind|p1b: Dragonite
|-sidestart|p1: mbrown14|move: Tailwind
|move|p2a: Rillaboom|U-turn|p1a: Dragapult
|-resisted|p1a: Dragapult
|-damage|p1a: Dragapult|57/100
|
|t:|1757155675
|switch|p2a: Electabuzz|Electabuzz, L50, F|60/100|[from] U-turn
|
|-heal|p1a: Dragapult|63/100|[from] Grassy Terrain
|-heal|p2b: Volcarona|60/100|[from] Grassy Terrain
|-heal|p2b: Volcarona|66/100|[from] item: Leftovers
|-heal|p2a: Electabuzz|66/100|[from] Grassy Terrain
|upkeep
|turn|3
|
|t:|1757155691
|move|p2a: Electabuzz|Follow Me|p2a: Electabuzz
|-singleturn|p2a: Electabuzz|move: Follow Me
|move|p1a: Dragapult|Dragon Darts|p2a: Electabuzz
|-crit|p2a: Electabuzz
|-damage|p2a: Electabuzz|32/100
|-anim|p1a: Dragapult|Dragon Darts|p2a: Electabuzz
|-crit|p2a: Electabuzz
|-damage|p2a: Electabuzz|0 fnt
|faint|p2a: Electabuzz
|move|p1b: Dragonite|Scale Shot|p2b: Volcarona
|-damage|p2b: Volcarona|52/100
|-damage|p2b: Volcarona|38/100
|-damage|p2b: Volcarona|24/100
|-damage|p2b: Volcarona|10/100
|-damage|p2b: Volcarona|0 fnt
|faint|p2b: Volcarona
|-hitcount|p2: Volcarona|5
|-unboost|p1b: Dragonite|def|1
|-boost|p1b: Dragonite|spe|1
|
|-heal|p1a: Dragapult|69/100|[from] Grassy Terrain
|upkeep
|
|t:|1757155708
|switch|p2b: Dragonite|Dragonite, L50, M|100/100
|switch|p2a: Rillaboom|Rillaboom, L50, M|65/100
|turn|4
|
|t:|1757155731
|-terastallize|p1a: Dragapult|Fairy
|-terastallize|p2b: Dragonite|Normal
|move|p2a: Rillaboom|Fake Out|p1b: Dragonite
|-damage|p1b: Dragonite|90/100
|cant|p1b: Dragonite|flinch
|move|p1a: Dragapult|Dragon Darts|p2b: Dragonite
|-crit|p2b: Dragonite
|-damage|p2b: Dragonite|79/100
|-anim|p1a: Dragapult|Dragon Darts|p2a: Rillaboom
|-damage|p2a: Rillaboom|41/100
|move|p2b: Dragonite|Scale Shot|p1a: Dragapult
|-immune|p1a: Dragapult
|
|-heal|p1a: Dragapult|75/100|[from] Grassy Terrain
|-heal|p2b: Dragonite|85/100|[from] Grassy Terrain
|-heal|p2a: Rillaboom|47/100|[from] Grassy Terrain
|upkeep
|turn|5
|
|t:|1757155754
|move|p2a: Rillaboom|Grassy Glide|p1a: Dragapult
|-damage|p1a: Dragapult|24/100
|move|p1b: Dragonite|Scale Shot|p2b: Dragonite
|-damage|p2b: Dragonite|72/100
|-damage|p2b: Dragonite|58/100
|-damage|p2b: Dragonite|46/100
|-damage|p2b: Dragonite|34/100
|-hitcount|p2b: Dragonite|4
|-unboost|p1b: Dragonite|def|1
|-boost|p1b: Dragonite|spe|1
|move|p2b: Dragonite|Scale Shot|p1b: Dragonite
|-supereffective|p1b: Dragonite
|-damage|p1b: Dragonite|31/100
|-supereffective|p1b: Dragonite
|-damage|p1b: Dragonite|0 fnt
|faint|p1b: Dragonite
|-hitcount|p1: Dragonite|2
|-unboost|p2b: Dragonite|def|1
|-boost|p2b: Dragonite|spe|1
|move|p1a: Dragapult|Dragon Tail|p2a: Rillaboom
|-crit|p2a: Rillaboom
|-damage|p2a: Rillaboom|6/100
|
|-heal|p1a: Dragapult|30/100|[from] Grassy Terrain
|-heal|p2b: Dragonite|40/100|[from] Grassy Terrain
|-heal|p2a: Rillaboom|12/100|[from] Grassy Terrain
|-sideend|p1: mbrown14|move: Tailwind
|-fieldend|move: Grassy Terrain
|upkeep
|inactive|mbrown14 has 30 seconds left.
|
|t:|1757155781
|switch|p1b: Pelipper|Pelipper, L50, F, shiny|100/100
|-weather|RainDance|[from] ability: Drizzle|[of] p1b: Pelipper
|turn|6
|
|t:|1757155792
|move|p1b: Pelipper|Protect|p1b: Pelipper
|-singleturn|p1b: Pelipper|Protect
|move|p2b: Dragonite|Extreme Speed|p1a: Dragapult
|-damage|p1a: Dragapult|0 fnt
|faint|p1a: Dragapult
|move|p2a: Rillaboom|Wood Hammer|p1b: Pelipper
|-activate|p1b: Pelipper|move: Protect
|
|-weather|RainDance|[upkeep]
|upkeep
|
|t:|1757155803
|switch|p1a: Archaludon|Archaludon, L50, F, shiny|100/100
|turn|7
|inactive|Crystneel has 30 seconds left.
|
|t:|1757155829
|move|p2b: Dragonite|Scale Shot|p1b: Pelipper
|-damage|p1b: Pelipper|82/100
|-damage|p1b: Pelipper|60/100
|-damage|p1b: Pelipper|39/100
|-damage|p1b: Pelipper|21/100
|-hitcount|p1b: Pelipper|4
|-unboost|p2b: Dragonite|def|1
|-boost|p2b: Dragonite|spe|1
|move|p1b: Pelipper|Hurricane|p2a: Rillaboom
|-supereffective|p2a: Rillaboom
|-crit|p2a: Rillaboom
|-damage|p2a: Rillaboom|0 fnt
|faint|p2a: Rillaboom
|move|p1a: Archaludon|Electro Shot||[still]
|-prepare|p1a: Archaludon|Electro Shot
|-boost|p1a: Archaludon|spa|1
|-anim|p1a: Archaludon|Electro Shot|p2b: Dragonite
|-damage|p2b: Dragonite|0 fnt
|faint|p2b: Dragonite
|
|win|mbrown14
|inactive|mbrown14 has 30 seconds to confirm battle start!
|inactive|Crystneel has 30 seconds to confirm battle start!
||mbrown14 is ready for game 2.
|inactive|Crystneel has 20 seconds to confirm battle start!
