|j|☆Chnesjd endeje
|j|‽TristanE24
|html|Chnesjd endejeTristanE24    
|uhtml|bestof|Game 1 of a best-of-3
|t:|1784383563
|gametype|doubles
|player|p1|Chnesjd endeje|102|1047
|player|p2|TristanE24|102|1000
|gen|9
|tier|[Gen 9 Champions] VGC 2026 Reg M-B (Bo3)
|rated|
|rule|Species Clause: Limit one of each Pokémon
|rule|Item Clause: Limit 1 of each item
|clearpoke
|poke|p1|Delphox, L50, F|
|poke|p1|Grimmsnarl, L50, M|
|poke|p1|Garchomp, L50, M|
|poke|p1|Archaludon, L50, M|
|poke|p1|Toxapex, L50, F|
|poke|p1|Skarmory, L50, F|
|poke|p2|Samurott, L50, M|
|poke|p2|Sableye, L50, M|
|poke|p2|Rotom-Heat, L50|
|poke|p2|Sceptile, L50, M|
|poke|p2|Maushold-Four, L50|
|poke|p2|Lucario, L50, M|
|teampreview|4
|showteam|p1|Delphox||Delphoxite|Blaze|MysticalFire,WillOWisp,NastyPlot,Protect|Timid||F|||50|]Grimmsnarl||LightClay|Prankster|FoulPlay,LightScreen,Reflect,PartingShot|Calm||M|||50|]Garchomp||SitrusBerry|RoughSkin|DragonTail,Earthquake,StealthRock,Protect|Jolly||M|||50|]Archaludon||Leftovers|Stamina|ElectroShot,DragonPulse,FlashCannon,Protect|Timid||M|||50|]Toxapex|||Regenerator|Infestation,Toxic,BanefulBunker,WideGuard|Bold||F|||50|]Skarmory||Skarmorite|KeenEye|BraveBird,IronHead,RockTomb,Protect|Jolly||F|||50|
|showteam|p2|Samurott||SitrusBerry|ShellArmor|Soak,AquaJet,FlipTurn,Detect|Serious||M|||50|]Sableye||RoseliBerry|Prankster|SkillSwap,Detect,Disable,Encore|Careful||M|||50|]Rotom-Heat||LifeOrb|Levitate|VoltSwitch,Discharge,Overheat,NastyPlot|Timid|||||50|]Sceptile||Sceptilite|Overgrow|LeafStorm,GigaDrain,EarthPower,Protect|Timid||M|||50|]Maushold-Four||KingsRock|Technician|PopulationBomb,AerialAce,BeatUp,Trailblaze|Jolly|||||50|]Lucario||Lucarionite|Justified|ExtremeSpeed,DrainPunch,Earthquake,RockSlide|Jolly||M|||50|
|
|t:|1784383610
|teamsize|p1|4
|teamsize|p2|4
|start
|switch|p1a: Archaludon|Archaludon, L50, M|100/100
|switch|p1b: Toxapex|Toxapex, L50, F|100/100
|switch|p2a: Samurott|Samurott, L50, M|100/100
|switch|p2b: Sableye|Sableye, L50, M|100/100
|turn|1
|
|t:|1784383649
|switch|p1a: Grimmsnarl|Grimmsnarl, L50, M|100/100
|move|p2b: Sableye|Skill Swap|p2a: Samurott
|-activate|p2b: Sableye|Skill Swap|||[of] p2a: Samurott
|move|p2a: Samurott|Soak|p1a: Grimmsnarl
|-hint|Since gen 7, Dark is immune to Prankster moves.
|-immune|p1a: Grimmsnarl
|move|p1b: Toxapex|Infestation|p2a: Samurott
|-damage|p2a: Samurott|96/100
|-activate|p2a: Samurott|move: Infestation|[of] p1b: Toxapex
|
|-damage|p2a: Samurott|84/100|[from] move: Infestation|[partiallytrapped]
|upkeep
|turn|2
|
|t:|1784383679
|move|p2b: Sableye|Detect|p2b: Sableye
|-singleturn|p2b: Sableye|Protect
|move|p2a: Samurott|Soak|p1b: Toxapex
|-start|p1b: Toxapex|typechange|Water
|move|p1a: Grimmsnarl|Reflect|p1a: Grimmsnarl
|-sidestart|p1: Chnesjd endeje|Reflect
|move|p1b: Toxapex|Toxic|p2a: Samurott
|-status|p2a: Samurott|tox
|
|-damage|p2a: Samurott|78/100 tox|[from] psn
|-damage|p2a: Samurott|65/100 tox|[from] move: Infestation|[partiallytrapped]
|upkeep
|turn|3
|
|t:|1784383704
|move|p1a: Grimmsnarl|Light Screen|p1a: Grimmsnarl
|-sidestart|p1: Chnesjd endeje|move: Light Screen
|move|p2a: Samurott|Flip Turn|p1a: Grimmsnarl
|-damage|p1a: Grimmsnarl|82/100
|
|t:|1784383716
|switch|p2a: Rotom|Rotom-Heat, L50|100/100|[from] Flip Turn
|move|p2b: Sableye|Disable|p1b: Toxapex
|-start|p1b: Toxapex|Disable|Toxic
|cant|p1b: Toxapex|Disable|Toxic
|
|upkeep
|turn|4
|
|t:|1784383736
|switch|p1b: Archaludon|Archaludon, L50, M|100/100
|move|p1a: Grimmsnarl|Parting Shot|p2a: Rotom
|-unboost|p2a: Rotom|atk|1
|-unboost|p2a: Rotom|spa|1
|
|t:|1784383749
|switch|p1a: Toxapex|Toxapex, L50, F|100/100|[from] Parting Shot
|move|p2a: Rotom|Volt Switch|p1b: Archaludon
|-resisted|p1b: Archaludon|1
|-damage|p1b: Archaludon|87/100
|-ability|p1b: Archaludon|Stamina|boost
|-boost|p1b: Archaludon|def|1
|-damage|p2a: Rotom|90/100|[from] item: Life Orb
|
|t:|1784383765
|switch|p2a: Samurott|Samurott, L50, M|65/100 tox|[from] Volt Switch
|move|p2b: Sableye|Encore||[still]
|-fail|p2b: Sableye
|
|-heal|p1b: Archaludon|93/100|[from] item: Leftovers
|-damage|p2a: Samurott|59/100 tox|[from] psn
|upkeep
|turn|5
|
|t:|1784383803
|switch|p2b: Sceptile|Sceptile, L50, M|100/100
|move|p1b: Archaludon|Electro Shot||[still]
|-prepare|p1b: Archaludon|Electro Shot
|-boost|p1b: Archaludon|spa|1
|move|p2a: Samurott|Soak|p1b: Archaludon
|-start|p1b: Archaludon|typechange|Water
|move|p1a: Toxapex|Infestation|p2a: Samurott
|-damage|p2a: Samurott|55/100 tox
|-activate|p2a: Samurott|move: Infestation|[of] p1a: Toxapex
|
|-heal|p1b: Archaludon|99/100|[from] item: Leftovers
|-damage|p2a: Samurott|44/100 tox|[from] psn
|-damage|p2a: Samurott|31/100 tox|[from] move: Infestation|[partiallytrapped]
|upkeep
|-enditem|p2a: Samurott|Sitrus Berry|[eat]
|-heal|p2a: Samurott|56/100 tox|[from] item: Sitrus Berry
|turn|6
|
|t:|1784383840
|switch|p1a: Delphox|Delphox, L50, F|100/100
|detailschange|p2b: Sceptile|Sceptile-Mega, L50, M
|-mega|p2b: Sceptile|Sceptile|Sceptilite
|move|p2b: Sceptile|Giga Drain|p1b: Archaludon
|-supereffective|p1b: Archaludon|1
|-damage|p1b: Archaludon|15/100
|-ability|p1b: Archaludon|Stamina|boost
|-boost|p1b: Archaludon|def|1
|move|p1b: Archaludon|Electro Shot|p2b: Sceptile|[from] lockedmove
|-ability|p2b: Sceptile|Lightning Rod|boost
|-boost|p2b: Sceptile|spa|1
|move|p2a: Samurott|Flip Turn|p1a: Delphox
|-supereffective|p1a: Delphox|1
|-crit|p1a: Delphox
|-damage|p1a: Delphox|20/100y
|
|t:|1784383857
|switch|p2a: Rotom|Rotom-Heat, L50|90/100|[from] Flip Turn
|
|-heal|p1b: Archaludon|21/100|[from] item: Leftovers
|upkeep
|turn|7
|
|t:|1784383874
|detailschange|p1a: Delphox|Delphox-Mega, L50, F
|-mega|p1a: Delphox|Delphox|Delphoxite
|move|p1b: Archaludon|Protect|p1b: Archaludon
|-singleturn|p1b: Archaludon|Protect
|move|p2b: Sceptile|Giga Drain|p1a: Delphox
|-resisted|p1a: Delphox|1
|-damage|p1a: Delphox|3/100
|move|p1a: Delphox|Mystical Fire|p2b: Sceptile
|-damage|p2b: Sceptile|46/100
|-unboost|p2b: Sceptile|spa|1
|move|p2a: Rotom|Discharge|p1b: Archaludon|[spread] p1a
|-activate|p1b: Archaludon|move: Protect
|-ability|p2b: Sceptile|Lightning Rod|boost
|-boost|p2b: Sceptile|spa|1
|-damage|p1a: Delphox|0 fnt
|faint|p1a: Delphox
|-damage|p2a: Rotom|80/100|[from] item: Life Orb
|
|-heal|p1b: Archaludon|27/100|[from] item: Leftovers
|upkeep
|
|t:|1784383898
|switch|p1a: Toxapex|Toxapex, L50, F|100/100
|turn|8
|
|t:|1784383919
|switch|p1b: Grimmsnarl|Grimmsnarl, L50, M|82/100
|move|p1a: Toxapex|Wide Guard|p1a: Toxapex
|-singleturn|p1a: Toxapex|Wide Guard
|move|p2b: Sceptile|Giga Drain|p1b: Grimmsnarl
|-damage|p1b: Grimmsnarl|49/100
|-heal|p2b: Sceptile|69/100|[from] drain|[of] p1b: Grimmsnarl
|move|p2a: Rotom|Discharge|p1a: Toxapex|[spread] 
|-activate|p1a: Toxapex|move: Wide Guard
|-activate|p1b: Grimmsnarl|move: Wide Guard
|-ability|p2b: Sceptile|Lightning Rod|boost
|-boost|p2b: Sceptile|spa|1
|
|upkeep
|turn|9
|
|t:|1784383943
|move|p1a: Toxapex|Wide Guard|p1a: Toxapex
|-singleturn|p1a: Toxapex|Wide Guard
|move|p2b: Sceptile|Earth Power|p1a: Toxapex
|-supereffective|p1a: Toxapex|1
|-damage|p1a: Toxapex|26/100
|move|p2a: Rotom|Discharge|p1a: Toxapex|[spread] 
|-activate|p1a: Toxapex|move: Wide Guard
|-activate|p1b: Grimmsnarl|move: Wide Guard
|-ability|p2b: Sceptile|Lightning Rod|boost
|-boost|p2b: Sceptile|spa|1
|move|p1b: Grimmsnarl|Foul Play|p2b: Sceptile
|-damage|p2b: Sceptile|17/100
|
|-sideend|p1: Chnesjd endeje|Reflect
|upkeep
|turn|10
|
|t:|1784383978
|move|p2b: Sceptile|Protect|p2b: Sceptile
|-singleturn|p2b: Sceptile|Protect
|move|p1a: Toxapex|Wide Guard|p1a: Toxapex
|-singleturn|p1a: Toxapex|Wide Guard
|move|p2a: Rotom|Volt Switch|p2b: Sceptile
|-activate|p2b: Sceptile|ability: Lightning Rod
|-activate|p2b: Sceptile|move: Protect
|move|p1b: Grimmsnarl|Foul Play|p1a: Toxapex
|-damage|p1a: Toxapex|14/100
|
|-sideend|p1: Chnesjd endeje|move: Light Screen
|upkeep
|turn|11
|
|t:|1784384005
|move|p1a: Toxapex|Baneful Bunker|p1a: Toxapex
|-singleturn|p1a: Toxapex|move: Protect
|move|p1b: Grimmsnarl|Reflect|p1b: Grimmsnarl
|-sidestart|p1: Chnesjd endeje|Reflect
|move|p2b: Sceptile|Giga Drain|p1a: Toxapex
|-activate|p1a: Toxapex|move: Protect
|move|p2a: Rotom|Overheat|p1b: Grimmsnarl
|-damage|p1b: Grimmsnarl|0 fnt
|-unboost|p2a: Rotom|spa|2
|faint|p1b: Grimmsnarl
|-damage|p2a: Rotom|71/100|[from] item: Life Orb
|
|upkeep
|
|t:|1784384017
|switch|p1b: Archaludon|Archaludon, L50, M|27/100
|turn|12
|
|t:|1784384029
|move|p2b: Sceptile|Earth Power|p1b: Archaludon
|-supereffective|p1b: Archaludon|1
|-crit|p1b: Archaludon
|-damage|p1b: Archaludon|0 fnt
|faint|p1b: Archaludon
|move|p2a: Rotom|Overheat|p1a: Toxapex
|-resisted|p1a: Toxapex|1
|-damage|p1a: Toxapex|0 fnt
|-unboost|p2a: Rotom|spa|2
|faint|p1a: Toxapex
|-damage|p2a: Rotom|61/100|[from] item: Life Orb
|
|win|TristanE24
|inactive|Chnesjd endeje has 30 seconds to confirm battle start!
|inactive|TristanE24 has 30 seconds to confirm battle start!
