|j|☆526yamuko
|j|☆carlosaurio326
|html|526yamukocarlosaurio326    
|uhtml|bestof|Game 2 of a best-of-3
|t:|1785781718
|gametype|doubles
|player|p1|526yamuko|smasher|1125
|player|p2|carlosaurio326|266|1252
|gen|9
|tier|[Gen 9 Champions] VGC 2026 Reg M-B (Bo3)
|rated|
|rule|Species Clause: Limit one of each Pokémon
|rule|Item Clause: Limit 1 of each item
|clearpoke
|poke|p1|Tyranitar, L50, F|
|poke|p1|Sinistcha, L50|
|poke|p1|Gholdengo, L50|
|poke|p1|Milotic, L50, M|
|poke|p1|Steelix, L50, M|
|poke|p1|Sneasler, L50, M|
|poke|p2|Tauros-Paldea-Aqua, L50, M|
|poke|p2|Delphox, L50, M|
|poke|p2|Sinistcha, L50|
|poke|p2|Kingambit, L50, M|
|poke|p2|Garchomp, L50, M|
|poke|p2|Aerodactyl, L50, F|
|teampreview|4
|showteam|p1|Tyranitar||Tyranitarite|SandStream|Protect,RockSlide,KnockOff,LowKick|Adamant||F|||50|]Sinistcha||SitrusBerry|Hospitality|TrickRoom,Protect,RagePowder,MatchaGotcha|Calm|||||50|]Gholdengo||LifeOrb|GoodasGold|NastyPlot,Protect,ShadowBall,MakeItRain|Modest|||||50|]Milotic||Leftovers|Competitive|IcyWind,Protect,Scald,Haze|Modest||M|||50|]Steelix||Steelixite|SheerForce|WideGuard,HighHorsepower,Protect,HeavySlam|Adamant||M|||50|]Sneasler||WhiteHerb|Unburden|CloseCombat,FakeOut,DireClaw,Protect|Adamant||M|||50|
|showteam|p2|Tauros-Paldea-Aqua||LifeOrb|Intimidate|CloseCombat,WaveCrash,AquaJet,Protect|Adamant||M|||50|]Delphox||Delphoxite|Blaze|HeatWave,Psychic,Substitute,Protect|Modest||M|||50|]Sinistcha||SitrusBerry|Hospitality|MatchaGotcha,RagePowder,LifeDew,TrickRoom|Calm|||||50|]Kingambit||FocusSash|Defiant|KowtowCleave,IronHead,SuckerPunch,LowKick|Adamant||M|||50|]Garchomp||Leftovers|RoughSkin|DragonClaw,Earthquake,SwordsDance,Protect|Adamant||M|||50|]Aerodactyl||Aerodactylite|Unnerve|RockSlide,DualWingbeat,Tailwind,Protect|Jolly||F|||50|
|
|t:|1785781743
|teamsize|p1|4
|teamsize|p2|4
|start
|switch|p1a: Steelix|Steelix, L50, M|100/100
|switch|p1b: Sneasler|Sneasler, L50, M|100/100
|switch|p2a: Garchomp|Garchomp, L50, M|100/100
|switch|p2b: Kingambit|Kingambit, L50, M|100/100
|turn|1
|
|t:|1785781763
|switch|p2b: Tauros|Tauros-Paldea-Aqua, L50, M|100/100
|-ability|p2b: Tauros|Intimidate|boost
|-unboost|p1a: Steelix|atk|1
|-unboost|p1b: Sneasler|atk|1
|-enditem|p1b: Sneasler|White Herb
|-clearnegativeboost|p1b: Sneasler|[silent]
|move|p1b: Sneasler|Fake Out|p2b: Tauros
|-damage|p2b: Tauros|84/100
|move|p1a: Steelix|Wide Guard|p1a: Steelix
|-singleturn|p1a: Steelix|Wide Guard
|move|p2a: Garchomp|Swords Dance|p2a: Garchomp
|-boost|p2a: Garchomp|atk|2
|
|upkeep
|turn|2
|
|t:|1785781791
|detailschange|p1a: Steelix|Steelix-Mega, L50, M
|-mega|p1a: Steelix|Steelix|Steelixite
|move|p1b: Sneasler|Close Combat|p2a: Garchomp
|-damage|p2a: Garchomp|43/100
|-unboost|p1b: Sneasler|def|1
|-unboost|p1b: Sneasler|spd|1
|-damage|p1b: Sneasler|87/100|[from] ability: Rough Skin|[of] p2a: Garchomp
|move|p2b: Tauros|Wave Crash|p1a: Steelix
|-supereffective|p1a: Steelix|1
|-damage|p1a: Steelix|15/100
|-damage|p2b: Tauros|57/100|[from] Recoil
|-damage|p2b: Tauros|48/100|[from] item: Life Orb
|move|p2a: Garchomp|Dragon Claw|p1b: Sneasler
|-damage|p1b: Sneasler|0 fnt
|faint|p1b: Sneasler
|move|p1a: Steelix|Heavy Slam|p2a: Garchomp
|-damage|p2a: Garchomp|7/100
|-damage|p1a: Steelix|3/100|[from] ability: Rough Skin|[of] p2a: Garchomp
|
|-heal|p2a: Garchomp|13/100|[from] item: Leftovers
|upkeep
|
|t:|1785781809
|switch|p1b: Gholdengo|Gholdengo, L50|100/100
|turn|3
|
|t:|1785781832
|move|p2b: Tauros|Protect|p2b: Tauros
|-singleturn|p2b: Tauros|Protect
|move|p2a: Garchomp|Protect|p2a: Garchomp
|-singleturn|p2a: Garchomp|Protect
|move|p1a: Steelix|Wide Guard|p1a: Steelix
|-singleturn|p1a: Steelix|Wide Guard
|move|p1b: Gholdengo|Make It Rain|p2b: Tauros|[spread] 
|-activate|p2a: Garchomp|move: Protect
|-activate|p2b: Tauros|move: Protect
|
|-heal|p2a: Garchomp|19/100|[from] item: Leftovers
|upkeep
|turn|4
|
|t:|1785781875
|move|p1a: Steelix|Wide Guard|p1a: Steelix
|-singleturn|p1a: Steelix|Wide Guard
|move|p2b: Tauros|Aqua Jet|p1a: Steelix
|-supereffective|p1a: Steelix|1
|-damage|p1a: Steelix|0 fnt
|faint|p1a: Steelix
|-damage|p2b: Tauros|38/100|[from] item: Life Orb
|move|p2a: Garchomp|Dragon Claw|p1b: Gholdengo
|-resisted|p1b: Gholdengo|1
|-damage|p1b: Gholdengo|50/100g
|move|p1b: Gholdengo|Make It Rain|p2b: Tauros|[spread] p2a,p2b
|-resisted|p2b: Tauros|1
|-damage|p2a: Garchomp|0 fnt
|-damage|p2b: Tauros|0 fnt
|-unboost|p1b: Gholdengo|spa|2
|faint|p2a: Garchomp
|faint|p2b: Tauros
|-damage|p1b: Gholdengo|40/100|[from] item: Life Orb
|
|upkeep
|
|t:|1785781887
|switch|p2b: Delphox|Delphox, L50, M|100/100
|switch|p2a: Kingambit|Kingambit, L50, M|100/100
|switch|p1a: Tyranitar|Tyranitar, L50, F|100/100
|-weather|Sandstorm|[from] ability: Sand Stream|[of] p1a: Tyranitar
|turn|5
|
|t:|1785781903
|detailschange|p2b: Delphox|Delphox-Mega, L50, M
|-mega|p2b: Delphox|Delphox|Delphoxite
|move|p2b: Delphox|Heat Wave|p1b: Gholdengo|[spread] 
|-miss|p2b: Delphox|p1a: Tyranitar
|-miss|p2b: Delphox|p1b: Gholdengo
|move|p1b: Gholdengo|Make It Rain|p2a: Kingambit|[spread] p2b
|-miss|p1b: Gholdengo|p2a: Kingambit
|-resisted|p2b: Delphox|1
|-damage|p2b: Delphox|84/100
|-unboost|p1b: Gholdengo|spa|2
|-damage|p1b: Gholdengo|31/100|[from] item: Life Orb
|move|p2a: Kingambit|Low Kick|p1a: Tyranitar
|-supereffective|p1a: Tyranitar|2
|-damage|p1a: Tyranitar|0 fnt
|faint|p1a: Tyranitar
|
|-weather|Sandstorm|[upkeep]
|-damage|p2b: Delphox|78/100|[from] Sandstorm
|upkeep
|turn|6
|c|☆526yamuko|ggs
|c|☆carlosaurio326|ggs
|c|☆526yamuko|i thought my ttar was faster
|
|t:|1785781938
|move|p2a: Kingambit|Sucker Punch|p1b: Gholdengo
|-supereffective|p1b: Gholdengo|1
|-damage|p1b: Gholdengo|0 fnt
|faint|p1b: Gholdengo
|
|win|carlosaurio326
|raw|526yamuko's rating: 1125 → 1109(-16 for losing)
|raw|carlosaurio326's rating: 1252 → 1268(+16 for winning)
|c|☆carlosaurio326|can be, but with sash i have 32 on speed
|c|☆carlosaurio326|adamant
|c|☆526yamuko|oh yea i only have 15
|c|☆526yamuko|adamnt
|c|☆526yamuko|wp ggs
|c|☆carlosaurio326|ggs hava a nice day
