|j|☆maza2
|j|☆egeppl6no.1
|html|maza2egeppl6no.1    
|uhtml|bestof|Game 1 of a best-of-3
|t:|1756443835
|gametype|doubles
|player|p1|maza2|roxie|1142
|player|p2|egeppl6no.1|silver|1089
|gen|9
|tier|[Gen 9] VGC 2025 Reg H (Bo3)
|rated|
|rule|Species Clause: Limit one of each Pokémon
|rule|Item Clause: Limit 1 of each item
|clearpoke
|poke|p1|Politoed, L50, M|
|poke|p1|Kingdra, L50, F|
|poke|p1|Archaludon, L50, M|
|poke|p1|Gothitelle, L50, F|
|poke|p1|Incineroar, L50, F|
|poke|p1|Amoonguss, L50, M|
|poke|p2|Gyarados, L50, M|
|poke|p2|Sneasler, L50, M|
|poke|p2|Indeedee, L50, M|
|poke|p2|Volcarona, L50, F|
|poke|p2|Ursaluna-Bloodmoon, L50, M|
|poke|p2|Tyranitar, L50, M|
|teampreview|4
|showteam|p1|Politoed||Leftovers|Drizzle|Encore,Protect,PerishSong,WeatherBall|||M|||50|,,,,,Grass]Kingdra||LifeOrb|SwiftSwim|MuddyWater,DracoMeteor,WeatherBall,Protect|||F|||50|,,,,,Stellar]Archaludon||PowerHerb|Sturdy|ElectroShot,DragonPulse,FlashCannon,Protect|||M|||50|,,,,,Electric]Gothitelle||SitrusBerry|ShadowTag|FakeOut,Psychic,Protect,TrickRoom|||F|||50|,,,,,Dark]Incineroar||SafetyGoggles|Intimidate|FakeOut,PartingShot,KnockOff,Protect|||F|||50|,,,,,Ghost]Amoonguss||EjectButton|Regenerator|PollenPuff,RagePowder,Spore,Protect|||M|||50|,,,,,Fairy
|showteam|p2|Gyarados||SafetyGoggles|Intimidate|Taunt,ThunderWave,Waterfall,Protect|||M|||50|,,,,,Steel]Sneasler||PsychicSeed|Unburden|CloseCombat,DireClaw,ThroatChop,Protect|||M|||50|,,,,,Dark]Indeedee||ChoiceScarf|PsychicSurge|ExpandingForce,TeraBlast,Trick,Protect|||M|||50|,,,,,Psychic]Volcarona||SitrusBerry|FlameBody|Overheat,StruggleBug,RagePowder,Tailwind|||F|||50|,,,,,Grass]Ursaluna-Bloodmoon||LifeOrb|MindsEye|HyperVoice,BloodMoon,EarthPower,Protect|||M|||50|,,,,,Normal]Tyranitar||AssaultVest|SandStream|LowKick,TeraBlast,KnockOff,RockSlide|||M|||50|,,,,,Flying
|inactive|Battle timer is ON: inactive players will automatically lose when time's up. (requested by maza2)
|inactive|egeppl6no.1 has 60 seconds left.
|
|t:|1756443918
|teamsize|p1|4
|teamsize|p2|4
|start
|switch|p1a: Politoed|Politoed, L50, M|100/100
|switch|p1b: Incineroar|Incineroar, L50, F|100/100
|switch|p2a: Volcarona|Volcarona, L50, F, shiny|100/100
|switch|p2b: Ursaluna|Ursaluna-Bloodmoon, L50, M|100/100
|-weather|RainDance|[from] ability: Drizzle|[of] p1a: Politoed
|-ability|p1b: Incineroar|Intimidate|boost
|-unboost|p2a: Volcarona|atk|1
|-unboost|p2b: Ursaluna|atk|1
|turn|1
|inactive|egeppl6no.1 has 30 seconds left.
|inactive|egeppl6no.1 has 20 seconds left.
|
|t:|1756443958
|switch|p2a: Tyranitar|Tyranitar, L50, M, shiny|100/100
|-weather|Sandstorm|[from] ability: Sand Stream|[of] p2a: Tyranitar
|move|p1a: Politoed|Perish Song|p1a: Politoed
|-start|p1a: Politoed|perish3|[silent]
|-start|p1b: Incineroar|perish3|[silent]
|-start|p2a: Tyranitar|perish3|[silent]
|-start|p2b: Ursaluna|perish3|[silent]
|-fieldactivate|move: Perish Song
|move|p1b: Incineroar|Parting Shot|p2b: Ursaluna
|-unboost|p2b: Ursaluna|atk|1
|-unboost|p2b: Ursaluna|spa|1
|
|t:|1756443966
|switch|p1b: Gothitelle|Gothitelle, L50, F|100/100|[from] Parting Shot
|move|p2b: Ursaluna|Hyper Voice|p1b: Gothitelle|[spread] p1a,p1b
|-damage|p1a: Politoed|73/100
|-damage|p1b: Gothitelle|73/100
|-damage|p2b: Ursaluna|91/100|[from] item: Life Orb
|
|-weather|Sandstorm|[upkeep]
|-damage|p1a: Politoed|67/100|[from] Sandstorm
|-damage|p1b: Gothitelle|68/100|[from] Sandstorm
|-heal|p1a: Politoed|73/100|[from] item: Leftovers
|-start|p2a: Tyranitar|perish3
|-start|p1a: Politoed|perish3
|-start|p2b: Ursaluna|perish3
|upkeep
|turn|2
|inactive|egeppl6no.1 has 30 seconds left.
|inactive|egeppl6no.1 has 20 seconds left.
|
|t:|1756444006
|switch|p1a: Incineroar|Incineroar, L50, F|100/100
|-ability|p1a: Incineroar|Intimidate|boost
|-unboost|p2a: Tyranitar|atk|1
|-unboost|p2b: Ursaluna|atk|1
|move|p1b: Gothitelle|Fake Out|p2a: Tyranitar
|-resisted|p2a: Tyranitar
|-damage|p2a: Tyranitar|98/100
|cant|p2a: Tyranitar|flinch
|move|p2b: Ursaluna|Blood Moon|p1b: Gothitelle
|-damage|p1b: Gothitelle|9/100
|-enditem|p1b: Gothitelle|Sitrus Berry|[eat]
|-heal|p1b: Gothitelle|33/100|[from] item: Sitrus Berry
|-damage|p2b: Ursaluna|81/100|[from] item: Life Orb
|
|-weather|Sandstorm|[upkeep]
|-damage|p1b: Gothitelle|28/100|[from] Sandstorm
|-start|p2a: Tyranitar|perish2
|-start|p2b: Ursaluna|perish2
|upkeep
|turn|3
|inactive|maza2 has 30 seconds left.
|inactive|egeppl6no.1 has 30 seconds left.
|
|t:|1756444035
|move|p1b: Gothitelle|Protect|p1b: Gothitelle
|-singleturn|p1b: Gothitelle|Protect
|move|p2a: Tyranitar|Knock Off|p1b: Gothitelle
|-activate|p1b: Gothitelle|move: Protect
|move|p1a: Incineroar|Parting Shot|p2b: Ursaluna
|-unboost|p2b: Ursaluna|atk|1
|-unboost|p2b: Ursaluna|spa|1
|
|t:|1756444042
|switch|p1a: Politoed|Politoed, L50, M|73/100|[from] Parting Shot
|-weather|RainDance|[from] ability: Drizzle|[of] p1a: Politoed
|move|p2b: Ursaluna|Hyper Voice|p1a: Politoed|[spread] p1a
|-activate|p1b: Gothitelle|move: Protect
|-damage|p1a: Politoed|53/100
|-damage|p2b: Ursaluna|72/100|[from] item: Life Orb
|
|-weather|RainDance|[upkeep]
|-heal|p1a: Politoed|59/100|[from] item: Leftovers
|-start|p2a: Tyranitar|perish1
|-start|p2b: Ursaluna|perish1
|upkeep
|turn|4
|
|t:|1756444062
|switch|p1b: Incineroar|Incineroar, L50, F|100/100
|-ability|p1b: Incineroar|Intimidate|boost
|-unboost|p2a: Tyranitar|atk|1
|-unboost|p2b: Ursaluna|atk|1
|move|p1a: Politoed|Protect|p1a: Politoed
|-singleturn|p1a: Politoed|Protect
|move|p2a: Tyranitar|Low Kick|p1b: Incineroar
|-supereffective|p1b: Incineroar
|-damage|p1b: Incineroar|76/100
|move|p2b: Ursaluna|Blood Moon|p1a: Politoed
|-activate|p1a: Politoed|move: Protect
|
|-weather|RainDance|[upkeep]
|-heal|p1a: Politoed|65/100|[from] item: Leftovers
|-start|p2a: Tyranitar|perish0
|-start|p2b: Ursaluna|perish0
|faint|p2a: Tyranitar
|faint|p2b: Ursaluna
|upkeep
|
|t:|1756444078
|switch|p2a: Sneasler|Sneasler, L50, M|100/100
|switch|p2b: Volcarona|Volcarona, L50, F, shiny|100/100
|turn|5
|
|t:|1756444095
|move|p1b: Incineroar|Fake Out|p2a: Sneasler
|-damage|p2a: Sneasler|83/100
|cant|p2a: Sneasler|flinch
|move|p2b: Volcarona|Struggle Bug|p1a: Politoed|[spread] p1a,p1b
|-damage|p1a: Politoed|51/100
|-damage|p1b: Incineroar|62/100
|-unboost|p1a: Politoed|spa|1
|-unboost|p1b: Incineroar|spa|1
|move|p1a: Politoed|Perish Song|p1a: Politoed
|-start|p1a: Politoed|perish3|[silent]
|-start|p1b: Incineroar|perish3|[silent]
|-start|p2a: Sneasler|perish3|[silent]
|-start|p2b: Volcarona|perish3|[silent]
|-fieldactivate|move: Perish Song
|
|-weather|RainDance|[upkeep]
|-heal|p1a: Politoed|57/100|[from] item: Leftovers
|-start|p2a: Sneasler|perish3
|-start|p2b: Volcarona|perish3
|-start|p1a: Politoed|perish3
|-start|p1b: Incineroar|perish3
|upkeep
|turn|6
|-message|egeppl6no.1 forfeited.
|
|win|maza2
||egeppl6no.1 is ready for game 2.
||maza2 is ready for game 2.
|uhtml|next|Next: Game 2 of 3
