|j|☆sadnessvgc
|j|☆Adriatic Tides
|html|sadnessvgcAdriatic Tides    
|uhtml|bestof|Game 1 of a best-of-3
|t:|1786160562
|gametype|doubles
|player|p1|sadnessvgc|brock-gen1rb|1387
|player|p2|Adriatic Tides|leon|1273
|gen|9
|tier|[Gen 9 Champions] VGC 2026 Reg M-B (Bo3)
|rated|
|rule|Species Clause: Limit one of each Pokémon
|rule|Item Clause: Limit 1 of each item
|clearpoke
|poke|p1|Staraptor, L50, F, shiny|
|poke|p1|Raichu, L50, M, shiny|
|poke|p1|Arcanine-Hisui, L50, F, shiny|
|poke|p1|Kingambit, L50, F, shiny|
|poke|p1|Sylveon, L50, M, shiny|
|poke|p1|Farigiraf, L50, M, shiny|
|poke|p2|Tyranitar, L50, F|
|poke|p2|Excadrill, L50, F|
|poke|p2|Delphox, L50, M|
|poke|p2|Sinistcha, L50|
|poke|p2|Rotom-Wash, L50|
|poke|p2|Incineroar, L50, F|
|teampreview|4
|showteam|p1|Staraptor||Staraptite|Intimidate|BraveBird,CloseCombat,Tailwind,Protect|Jolly||F|||50|]Raichu||RaichuniteY|LightningRod|ZapCannon,FocusBlast,FakeOut,Protect|Timid||M|||50|]Arcanine-Hisui||FocusSash|RockHead|FlareBlitz,HeadSmash,ExtremeSpeed,Protect|Jolly||F|||50|]Kingambit||LifeOrb|Defiant|KowtowCleave,SuckerPunch,SwordsDance,Protect|Adamant||F|||50|]Sylveon||FairyFeather|Pixilate|HyperVoice,HyperBeam,QuickAttack,Detect|Modest||M|||50|]Farigiraf||SitrusBerry|ArmorTail|Psychic,HelpingHand,TrickRoom,Protect|Calm||M|||50|
|showteam|p2|Tyranitar||Tyranitarite|SandStream|KnockOff,RockSlide,Protect,LowKick|Adamant||F|||50|]Excadrill||FocusSash|SandRush|Protect,Earthquake,IronHead,RockSlide|Jolly||F|||50|]Delphox||Delphoxite|Blaze|NastyPlot,HeatWave,Psyshock,Protect|Timid||M|||50|]Sinistcha||ColburBerry|Hospitality|TrickRoom,MatchaGotcha,Protect,RagePowder|Bold|||||50|]Rotom-Wash||Leftovers|Levitate|Electroweb,HydroPump,Protect,Thunderbolt|Timid|||||50|]Incineroar||SitrusBerry|Intimidate|FakeOut,FlareBlitz,PartingShot,ThroatChop|Careful||F|||50|
|inactive|Battle timer is ON: inactive players will automatically lose when time's up. (requested by sadnessvgc)
|inactive|sadnessvgc has 60 seconds left.
|inactive|Adriatic Tides has 60 seconds left.
|inactive|sadnessvgc has 30 seconds left.
|inactive|sadnessvgc has 20 seconds left.
|inactive|sadnessvgc has 15 seconds left.
|inactive|sadnessvgc has 10 seconds left.
|inactive|sadnessvgc has 5 seconds left.
|
|t:|1786160654
|teamsize|p1|4
|teamsize|p2|4
|start
|switch|p1a: Staraptor|Staraptor, L50, F, shiny|100/100
|switch|p1b: Arcanine|Arcanine-Hisui, L50, F, shiny|100/100
|switch|p2a: Excadrill|Excadrill, L50, F|100/100
|switch|p2b: Delphox|Delphox, L50, M|100/100
|-ability|p1a: Staraptor|Intimidate|boost
|-unboost|p2a: Excadrill|atk|1
|-unboost|p2b: Delphox|atk|1
|turn|1
|
|t:|1786160679
|detailschange|p2b: Delphox|Delphox-Mega, L50, M
|-mega|p2b: Delphox|Delphox|Delphoxite
|detailschange|p1a: Staraptor|Staraptor-Mega, L50, F, shiny
|-mega|p1a: Staraptor|Staraptor|Staraptite
|move|p2b: Delphox|Heat Wave|p1b: Arcanine|[spread] p1a
|-miss|p2b: Delphox|p1b: Arcanine
|-damage|p1a: Staraptor|55/100
|move|p1a: Staraptor|Tailwind|p1a: Staraptor
|-sidestart|p1: sadnessvgc|move: Tailwind
|move|p1b: Arcanine|Head Smash|p2b: Delphox
|-supereffective|p2b: Delphox|1
|-damage|p2b: Delphox|0 fnt
|faint|p2b: Delphox
|move|p2a: Excadrill|Earthquake|p1a: Staraptor|[spread] p1b
|-immune|p1a: Staraptor
|-supereffective|p1b: Arcanine|2
|-enditem|p1b: Arcanine|Focus Sash
|-damage|p1b: Arcanine|1/100
|
|upkeep
|
|t:|1786160692
|switch|p2b: Rotom|Rotom-Wash, L50|100/100
|turn|2
|
|t:|1786160711
|move|p1a: Staraptor|Close Combat|p2b: Rotom
|-damage|p2b: Rotom|34/100
|-boost|p1a: Staraptor|def|1
|-boost|p1a: Staraptor|spd|1
|move|p1b: Arcanine|Head Smash|p2b: Rotom
|-damage|p2b: Rotom|0 fnt
|faint|p2b: Rotom
|move|p2a: Excadrill|Earthquake|p1b: Arcanine|[spread] p1b
|-immune|p1a: Staraptor
|-supereffective|p1b: Arcanine|2
|-damage|p1b: Arcanine|0 fnt
|faint|p1b: Arcanine
|
|upkeep
|
|t:|1786160723
|switch|p1b: Kingambit|Kingambit, L50, F, shiny|100/100
|switch|p2b: Sinistcha|Sinistcha, L50|100/100
|turn|3
|
|t:|1786160734
|move|p1a: Staraptor|Protect|p1a: Staraptor
|-singleturn|p1a: Staraptor|Protect
|move|p2a: Excadrill|Rock Slide|p1a: Staraptor|[spread] p1b
|-activate|p1a: Staraptor|move: Protect
|-resisted|p1b: Kingambit|1
|-damage|p1b: Kingambit|95/100
|move|p1b: Kingambit|Kowtow Cleave|p2a: Excadrill
|-damage|p2a: Excadrill|7/100
|-damage|p1b: Kingambit|85/100|[from] item: Life Orb
|move|p2b: Sinistcha|Matcha Gotcha|p1b: Kingambit|[spread] p1b
|-activate|p1a: Staraptor|move: Protect
|-resisted|p1b: Kingambit|1
|-damage|p1b: Kingambit|74/100
|
|upkeep
|turn|4
|inactive|Adriatic Tides has 30 seconds left.
|
|t:|1786160759
|move|p2a: Excadrill|Protect|p2a: Excadrill
|-singleturn|p2a: Excadrill|Protect
|move|p2b: Sinistcha|Protect|p2b: Sinistcha
|-singleturn|p2b: Sinistcha|Protect
|move|p1a: Staraptor|Brave Bird|p2b: Sinistcha
|-activate|p2b: Sinistcha|move: Protect
|move|p1b: Kingambit|Kowtow Cleave|p2a: Excadrill
|-activate|p2a: Excadrill|move: Protect
|
|-sideend|p1: sadnessvgc|move: Tailwind
|upkeep
|turn|5
|
|t:|1786160772
|move|p1a: Staraptor|Brave Bird|p2a: Excadrill
|-resisted|p2a: Excadrill|1
|-damage|p2a: Excadrill|0 fnt
|faint|p2a: Excadrill
|-damage|p1a: Staraptor|52/100|[from] Recoil
|move|p2b: Sinistcha|Matcha Gotcha|p1a: Staraptor|[spread] p1b
|-miss|p2b: Sinistcha|p1a: Staraptor
|-resisted|p1b: Kingambit|1
|-damage|p1b: Kingambit|63/100
|move|p1b: Kingambit|Kowtow Cleave|p2b: Sinistcha
|-supereffective|p2b: Sinistcha|1
|-enditem|p2b: Sinistcha|Colbur Berry|[eat]
|-enditem|p2b: Sinistcha|Colbur Berry|[weaken]
|-damage|p2b: Sinistcha|48/100
|-damage|p1b: Kingambit|53/100|[from] item: Life Orb
|
|upkeep
|turn|6
|
|t:|1786160782
|move|p1a: Staraptor|Brave Bird|p2b: Sinistcha
|-supereffective|p2b: Sinistcha|1
|-damage|p2b: Sinistcha|0 fnt
|faint|p2b: Sinistcha
|-damage|p1a: Staraptor|37/100|[from] Recoil
|
|win|sadnessvgc
||sadnessvgc is ready for game 2.
||Adriatic Tides is ready for game 2.
|uhtml|next|Next: Game 2 of 3
|l|☆sadnessvgc
|player|p1|
