|j|☆strifesada
|j|☆jesuskeep
|html|strifesadajesuskeep    
|uhtml|bestof|Game 2 of a best-of-3
|t:|1783648553
|gametype|doubles
|player|p1|strifesada|piers|1189
|player|p2|jesuskeep|266|1071
|gen|9
|tier|[Gen 9 Champions] VGC 2026 Reg M-B (Bo3)
|rated|
|rule|Species Clause: Limit one of each Pokémon
|rule|Item Clause: Limit 1 of each item
|clearpoke
|poke|p1|Raichu, L50, M|
|poke|p1|Sylveon, L50, F|
|poke|p1|Farigiraf, L50, M|
|poke|p1|Kingambit, L50, M|
|poke|p1|Kangaskhan, L50, F|
|poke|p1|Chandelure, L50, F|
|poke|p2|Sylveon, L50, M|
|poke|p2|Raichu, L50, F|
|poke|p2|Mamoswine, L50, M|
|poke|p2|Corviknight, L50, F|
|poke|p2|Tyranitar, L50, M|
|poke|p2|Basculegion, L50, M|
|teampreview|4
|showteam|p1|Raichu||RaichuniteY|LightningRod|ZapCannon,FocusBlast,FakeOut,Protect|Timid||M|||50|]Sylveon||FairyFeather|Pixilate|HyperVoice,Yawn,QuickAttack,Protect|Modest||F|||50|]Farigiraf||SitrusBerry|ArmorTail|Psychic,FoulPlay,TrickRoom,HelpingHand|Sassy||M|||50|]Kingambit||BlackGlasses|Defiant|KowtowCleave,SuckerPunch,SwordsDance,Protect|Adamant||M|||50|]Kangaskhan||Kangaskhanite|Scrappy|FakeOut,DoubleEdge,DrainPunch,IcePunch|Brave||F|||50|]Chandelure||FocusSash|FlashFire|TrickRoom,HeatWave,ShadowBall,Protect|Modest||F|||50|
|showteam|p2|Sylveon||Leftovers|Pixilate|HyperVoice,HyperBeam,CalmMind,Protect|Modest||M|||50|]Raichu||RaichuniteY|LightningRod|ZapCannon,FocusBlast,FakeOut,Protect|Timid||F|||50|]Mamoswine||LifeOrb|Oblivious|HighHorsepower,IceShard,IcicleCrash,Protect|Jolly||M|||50|]Corviknight||SitrusBerry|MirrorArmor|IronHead,BraveBird,Tailwind,Protect|Careful||F|||50|]Tyranitar||FocusSash|SandStream|RockSlide,KnockOff,LowKick,Protect|Adamant||M|||50|]Basculegion||ChoiceScarf|Adaptability|WaveCrash,LastRespects,FlipTurn,AquaJet|Jolly||M|||50|
|inactive|Battle timer is ON: inactive players will automatically lose when time's up. (requested by jesuskeep)
|j| jhcdeacd
|l| jhcdeacd
|inactive|strifesada has 60 seconds left.
|inactive|strifesada has 30 seconds left.
|inactive|strifesada has 20 seconds left.
|inactive|strifesada has 15 seconds left.
|
|t:|1783648633
|teamsize|p1|4
|teamsize|p2|4
|start
|switch|p1a: Raichu|Raichu, L50, M|100/100
|switch|p1b: Chandelure|Chandelure, L50, F|100/100
|switch|p2a: Mamoswine|Mamoswine, L50, M|100/100
|switch|p2b: Corviknight|Corviknight, L50, F|100/100
|turn|1
|inactive|jesuskeep has 30 seconds left.
|
|t:|1783648659
|switch|p2b: Tyranitar|Tyranitar, L50, M|100/100
|-weather|Sandstorm|[from] ability: Sand Stream|[of] p2b: Tyranitar
|detailschange|p1a: Raichu|Raichu-Mega-Y, L50, M
|-mega|p1a: Raichu|Raichu|Raichunite Y
|move|p1a: Raichu|Focus Blast|p2a: Mamoswine
|-supereffective|p2a: Mamoswine|1
|-damage|p2a: Mamoswine|0 fnt
|faint|p2a: Mamoswine
|move|p1b: Chandelure|Heat Wave|p2b: Tyranitar
|-resisted|p2b: Tyranitar|1
|-damage|p2b: Tyranitar|81/100
|
|-weather|Sandstorm|[upkeep]
|-damage|p1a: Raichu|93/100|[from] Sandstorm
|-damage|p1b: Chandelure|93/100|[from] Sandstorm
|upkeep
|
|t:|1783648674
|switch|p2a: Corviknight|Corviknight, L50, F|100/100
|turn|2
|
|t:|1783648684
|move|p2b: Tyranitar|Protect|p2b: Tyranitar
|-singleturn|p2b: Tyranitar|Protect
|move|p1a: Raichu|Focus Blast|p2b: Tyranitar
|-activate|p2b: Tyranitar|move: Protect
|move|p1b: Chandelure|Heat Wave|p2b: Tyranitar|[spread] p2a
|-activate|p2b: Tyranitar|move: Protect
|-supereffective|p2a: Corviknight|1
|-damage|p2a: Corviknight|32/100
|-enditem|p2a: Corviknight|Sitrus Berry|[eat]
|-heal|p2a: Corviknight|57/100|[from] item: Sitrus Berry
|move|p2a: Corviknight|Tailwind|p2a: Corviknight
|-sidestart|p2: jesuskeep|move: Tailwind
|
|-weather|Sandstorm|[upkeep]
|-damage|p1a: Raichu|87/100|[from] Sandstorm
|-damage|p1b: Chandelure|87/100|[from] Sandstorm
|upkeep
|turn|3
|inactive|strifesada has 30 seconds left.
|inactive|strifesada has 20 seconds left.
|
|t:|1783648720
|move|p2b: Tyranitar|Rock Slide|p1a: Raichu|[spread] p1a,p1b
|-supereffective|p1b: Chandelure|1
|-damage|p1a: Raichu|41/100
|-damage|p1b: Chandelure|4/100
|move|p1a: Raichu|Focus Blast|p2b: Tyranitar
|-supereffective|p2b: Tyranitar|2
|-damage|p2b: Tyranitar|0 fnt
|faint|p2b: Tyranitar
|move|p2a: Corviknight|Iron Head|p1a: Raichu
|-resisted|p1a: Raichu|1
|-damage|p1a: Raichu|21/100
|move|p1b: Chandelure|Heat Wave|p2a: Corviknight|[miss]
|-miss|p1b: Chandelure|p2a: Corviknight
|
|-weather|Sandstorm|[upkeep]
|-damage|p1a: Raichu|15/100|[from] Sandstorm
|-damage|p1b: Chandelure|0 fnt|[from] Sandstorm
|faint|p1b: Chandelure
|upkeep
|
|t:|1783648726
|switch|p2b: Raichu|Raichu, L50, F|100/100
|switch|p1b: Kingambit|Kingambit, L50, M|100/100
|turn|4
|
|t:|1783648749
|switch|p1a: Sylveon|Sylveon, L50, F|100/100
|detailschange|p2b: Raichu|Raichu-Mega-Y, L50, F
|-mega|p2b: Raichu|Raichu|Raichunite Y
|move|p1b: Kingambit|Protect|p1b: Kingambit
|-singleturn|p1b: Kingambit|Protect
|move|p2b: Raichu|Fake Out|p1a: Sylveon
|-damage|p1a: Sylveon|89/100
|move|p2a: Corviknight|Iron Head|p1b: Kingambit
|-activate|p1b: Kingambit|move: Protect
|
|-weather|Sandstorm|[upkeep]
|-damage|p2b: Raichu|94/100|[from] Sandstorm
|-damage|p1a: Sylveon|84/100|[from] Sandstorm
|upkeep
|turn|5
|
|t:|1783648771
|move|p1b: Kingambit|Sucker Punch|p2b: Raichu
|-damage|p2b: Raichu|0 fnt
|faint|p2b: Raichu
|move|p2a: Corviknight|Iron Head|p1a: Sylveon
|-supereffective|p1a: Sylveon|1
|-damage|p1a: Sylveon|25/100
|move|p1a: Sylveon|Hyper Voice|p2a: Corviknight
|-resisted|p2a: Corviknight|1
|-damage|p2a: Corviknight|30/100
|
|-weather|none
|-sideend|p2: jesuskeep|move: Tailwind
|upkeep
|turn|6
|-message|jesuskeep forfeited.
|
|win|strifesada
|raw|strifesada's rating: 1189 → 1206(+17 for winning)
|raw|jesuskeep's rating: 1071 → 1057(-14 for losing)
