|j|☆camala64
|j|☆Copycompy_17
|html|camala64Copycompy_17    
|uhtml|bestof|Game 1 of a best-of-3
|t:|1785940523
|gametype|doubles
|player|p1|camala64|lance-masters2|
|player|p2|Copycompy_17|psychic|
|gen|9
|tier|[Gen 9 Champions] VGC 2026 Reg M-B (Bo3)
|rule|Species Clause: Limit one of each Pokémon
|rule|Item Clause: Limit 1 of each item
|clearpoke
|poke|p1|Charizard, L50, M, shiny|
|poke|p1|Whimsicott, L50, M, shiny|
|poke|p1|Kingambit, L50, M, shiny|
|poke|p1|Kommo-o, L50, M, shiny|
|poke|p1|Glimmora, L50, M, shiny|
|poke|p1|Ninetales-Alola, L50, M, shiny|
|poke|p2|Orthworm, L50, F, shiny|
|poke|p2|Gyarados, L50, M|
|poke|p2|Garchomp, L50, F, shiny|
|poke|p2|Delphox, L50, F, shiny|
|poke|p2|Sneasler, L50, M|
|poke|p2|Sinistcha-Masterpiece, L50, shiny|
|teampreview|4
|showteam|p1|Charizard||CharizarditeY|Blaze|WeatherBall,HeatWave,SolarBeam,Protect|Modest||M|||50|]Whimsicott||FocusSash|Prankster|Moonblast,Tailwind,Encore,Protect|Timid||M|||50|]Kingambit||BlackGlasses|Defiant|KowtowCleave,SuckerPunch,IronHead,Protect|Adamant||M|||50|]Kommo-o||LifeOrb|Soundproof|ClangingScales,AuraSphere,VacuumWave,Protect|Modest||M|||50|]Glimmora||Glimmoranite|ToxicDebris|SludgeBomb,PowerGem,EarthPower,SpikyShield|Modest||M|||50|]Ninetales-Alola||NeverMeltIce|SnowWarning|Blizzard,FreezeDry,Disable,Protect|Timid||M|||50|
|showteam|p2|Orthworm||SitrusBerry|EarthEater|HeavySlam,IronDefense,BodyPress,ShedTail|Impish||F|||50|]Gyarados||Gyaradosite|Intimidate|Crunch,Waterfall,ThunderWave,DragonDance|Adamant||M|||50|]Garchomp||ChoiceScarf|RoughSkin|Earthquake,RockSlide,DragonClaw,IronHead|Adamant||F|||50|]Delphox||Delphoxite|Blaze|HeatWave,CalmMind,Psychic,Protect|Modest||F|||50|]Sneasler||FocusSash|Unburden|FakeOut,Coaching,CloseCombat,DireClaw|Jolly||M|||50|]Sinistcha-Masterpiece||WhiteHerb|Hospitality|MatchaGotcha,TrickRoom,StrengthSap,RagePowder|Calm|||||50|
|j| irongiant9214
|
|t:|1785940635
|teamsize|p1|4
|teamsize|p2|4
|start
|switch|p1a: Whimsicott|Whimsicott, L50, M, shiny|100/100
|switch|p1b: Kommo-o|Kommo-o, L50, M, shiny|100/100
|switch|p2a: Heavy Metal|Orthworm, L50, F, shiny|100/100
|switch|p2b: Grunge|Garchomp, L50, F, shiny|100/100
|turn|1
|
|t:|1785940687
|move|p1a: Whimsicott|Tailwind|p1a: Whimsicott
|-sidestart|p1: camala64|move: Tailwind
|move|p1b: Kommo-o|Clanging Scales|p2a: Heavy Metal|[spread] p2a,p2b
|-resisted|p2a: Heavy Metal|1
|-supereffective|p2b: Grunge|1
|-damage|p2a: Heavy Metal|65/100
|-damage|p2b: Grunge|12/100
|-unboost|p1b: Kommo-o|def|1
|-damage|p1b: Kommo-o|90/100|[from] item: Life Orb
|move|p2b: Grunge|Dragon Claw|p1b: Kommo-o
|-supereffective|p1b: Kommo-o|1
|-damage|p1b: Kommo-o|0 fnt
|faint|p1b: Kommo-o
|move|p2a: Heavy Metal|Shed Tail|p2a: Heavy Metal
|-start|p2a: Heavy Metal|Substitute|[from] move: Shed Tail
|-damage|p2a: Heavy Metal|15/100
|-enditem|p2a: Heavy Metal|Sitrus Berry|[eat]
|-heal|p2a: Heavy Metal|40/100|[from] item: Sitrus Berry
|
|t:|1785940704
|switch|p2a: Bluegrass|Delphox, L50, F, shiny|100/100|[from] Shed Tail
|
|upkeep
|c|☆camala64|Why did that chomp not go down immediately
|
|t:|1785940718
|switch|p1b: Glimmora|Glimmora, L50, M, shiny|100/100
|turn|2
|
|t:|1785940740
|detailschange|p1b: Glimmora|Glimmora-Mega, L50, M, shiny
|-mega|p1b: Glimmora|Glimmora|Glimmoranite
|detailschange|p2a: Bluegrass|Delphox-Mega, L50, F, shiny
|-mega|p2a: Bluegrass|Delphox|Delphoxite
|move|p1a: Whimsicott|Moonblast|p2b: Grunge
|-supereffective|p2b: Grunge|1
|-damage|p2b: Grunge|0 fnt
|faint|p2b: Grunge
|move|p1b: Glimmora|Power Gem|p2a: Bluegrass
|-supereffective|p2a: Bluegrass|1
|-end|p2a: Bluegrass|Substitute
|move|p2a: Bluegrass|Calm Mind|p2a: Bluegrass
|-boost|p2a: Bluegrass|spa|1
|-boost|p2a: Bluegrass|spd|1
|
|upkeep
|
|t:|1785940756
|switch|p2b: J-Rock|Sneasler, L50, M|100/100
|turn|3
|
|t:|1785940765
|move|p2b: J-Rock|Fake Out|p1b: Glimmora
|-resisted|p1b: Glimmora|1
|-damage|p1b: Glimmora|93/100
|move|p1a: Whimsicott|Encore|p2a: Bluegrass
|-start|p2a: Bluegrass|Encore
|cant|p1b: Glimmora|flinch
|move|p2a: Bluegrass|Calm Mind|p2a: Bluegrass
|-boost|p2a: Bluegrass|spa|1
|-boost|p2a: Bluegrass|spd|1
|
|upkeep
|turn|4
|
|t:|1785940787
|move|p1a: Whimsicott|Encore|p2b: J-Rock
|-start|p2b: J-Rock|Encore
|move|p2b: J-Rock|Fake Out||[still]
|-hint|Fake Out only works on your first turn out.
|-fail|p2b: J-Rock
|move|p1b: Glimmora|Power Gem|p2a: Bluegrass
|-supereffective|p2a: Bluegrass|1
|-damage|p2a: Bluegrass|45/100
|move|p2a: Bluegrass|Calm Mind|p2a: Bluegrass
|-boost|p2a: Bluegrass|spa|1
|-boost|p2a: Bluegrass|spd|1
|
|-sideend|p1: camala64|move: Tailwind
|upkeep
|turn|5
|
|t:|1785940810
|switch|p2b: Heavy Metal|Orthworm, L50, F, shiny|40/100
|move|p1a: Whimsicott|Moonblast|p2b: Heavy Metal
|-resisted|p2b: Heavy Metal|1
|-damage|p2b: Heavy Metal|17/100
|move|p2a: Bluegrass|Calm Mind|p2a: Bluegrass
|-boost|p2a: Bluegrass|spa|1
|-boost|p2a: Bluegrass|spd|1
|move|p1b: Glimmora|Power Gem|p2a: Bluegrass
|-supereffective|p2a: Bluegrass|1
|-damage|p2a: Bluegrass|12/100
|
|-end|p2a: Bluegrass|Encore
|upkeep
|turn|6
|
|t:|1785940840
|move|p1a: Whimsicott|Encore|p2a: Bluegrass
|-start|p2a: Bluegrass|Encore
|move|p2a: Bluegrass|Calm Mind|p2a: Bluegrass
|-boost|p2a: Bluegrass|spa|1
|-boost|p2a: Bluegrass|spd|1
|move|p1b: Glimmora|Power Gem|p2b: Heavy Metal
|-resisted|p2b: Heavy Metal|1
|-damage|p2b: Heavy Metal|0 fnt
|faint|p2b: Heavy Metal
|
|upkeep
|
|t:|1785940849
|switch|p2b: J-Rock|Sneasler, L50, M|100/100
|turn|7
|
|t:|1785940859
|move|p1a: Whimsicott|Tailwind|p1a: Whimsicott
|-sidestart|p1: camala64|move: Tailwind
|move|p1b: Glimmora|Power Gem|p2a: Bluegrass
|-supereffective|p2a: Bluegrass|1
|-damage|p2a: Bluegrass|0 fnt
|faint|p2a: Bluegrass
|move|p2b: J-Rock|Dire Claw|p1a: Whimsicott
|-supereffective|p1a: Whimsicott|2
|-enditem|p1a: Whimsicott|Focus Sash
|-damage|p1a: Whimsicott|1/100
|
|upkeep
|turn|8
|
|t:|1785940873
|move|p1a: Whimsicott|Moonblast|p2b: J-Rock
|-damage|p2b: J-Rock|49/100
|move|p1b: Glimmora|Earth Power|p2b: J-Rock
|-supereffective|p2b: J-Rock|1
|-crit|p2b: J-Rock
|-damage|p2b: J-Rock|0 fnt
|faint|p2b: J-Rock
|
|win|camala64
||Copycompy_17 is ready for game 2.
|c|☆Copycompy_17|encore pmo
||camala64 is ready for game 2.
|uhtml|next|Next: Game 2 of 3
