|j|вҳҶTractie
|j|вҳҶGyra78
|html|TractieGyra78    
|uhtml|bestof|Game 1 of a best-of-3
|t:|1756158584
|gametype|doubles
|player|p1|Tractie|265|1137
|player|p2|Gyra78|volkner|1205
|gen|9
|tier|[Gen 9] VGC 2025 Reg H (Bo3)
|rated|
|rule|Species Clause: Limit one of each PokГ©mon
|rule|Item Clause: Limit 1 of each item
|clearpoke
|poke|p1|Gothitelle, L50, F|
|poke|p1|Dondozo, L50, F|
|poke|p1|Magmar, L50, M|
|poke|p1|Kingambit, L50, F|
|poke|p1|Sneasler, L50, M|
|poke|p1|Rillaboom, L50, F|
|poke|p2|Basculegion, L50, M|
|poke|p2|Pelipper, L50, M|
|poke|p2|Archaludon, L50, M|
|poke|p2|Incineroar, L50, M|
|poke|p2|Gholdengo, L50|
|poke|p2|Amoonguss, L50, M|
|teampreview|4
|showteam|p1|Gothitelle||SafetyGoggles|ShadowTag|FakeOut,Psychic,TrickRoom,Protect|||F|||50|,,,,,Fairy]Dondozo||Leftovers|Unaware|WaveCrash,BodyPress,Yawn,Protect|||F|||50|,,,,,Grass]Magmar||Eviolite|VitalSpirit|HeatWave,FireSpin,FollowMe,Protect|||M|||50|,,,,,Ghost]Kingambit||BlackGlasses|Defiant|SuckerPunch,KowtowCleave,SwordsDance,Protect|||F|||50|,,,,,Dark]Sneasler||FocusSash|Pressure|DireClaw,CloseCombat,ThroatChop,Protect|||M|||50|,,,,,Stellar]Rillaboom||AssaultVest|GrassySurge|FakeOut,GrassyGlide,WoodHammer,HighHorsepower|||F|||50|,,,,,Water
|showteam|p2|Basculegion||LifeOrb|SwiftSwim|WaveCrash,LastRespects,Protect,FlipTurn|||M|||50|,,,,,Grass]Pelipper||FocusSash|Drizzle|Protect,Hurricane,WeatherBall,Tailwind|||M|||50|,,,,,Ghost]Archaludon||AssaultVest|Stamina|ElectroShot,DracoMeteor,Snarl,BodyPress|||M|||50|,,,,,Grass]Incineroar||SafetyGoggles|Intimidate|FakeOut,PartingShot,Taunt,KnockOff|||M|||50|,,,,,Bug]Gholdengo||SitrusBerry|GoodasGold|MakeItRain,ShadowBall,NastyPlot,Protect||||||50|,,,,,Flying]Amoonguss||RockyHelmet|Regenerator|Spore,RagePowder,PollenPuff,Protect|||M|||50|,,,,,Water
|inactive|Battle timer is ON: inactive players will automatically lose when time's up. (requested by Gyra78)
|inactive|Tractie has 60 seconds left.
|inactive|Gyra78 has 60 seconds left.
|
|t:|1756158644
|teamsize|p1|4
|teamsize|p2|4
|start
|switch|p1a: Rillaboom|Rillaboom, L50, F|100/100
|switch|p1b: Kingambit|Kingambit, L50, F|100/100
|switch|p2a: PennyBoard|Gholdengo, L50, shiny|100/100
|switch|p2b: Alfredo|Amoonguss, L50, M, shiny|100/100
|-fieldstart|move: Grassy Terrain|[from] ability: Grassy Surge|[of] p1a: Rillaboom
|turn|1
|
|t:|1756158669
|switch|p1a: Magmar|Magmar, L50, M|100/100
|switch|p2b: ACвҡЎпёҺDC|Archaludon, L50, M, shiny|100/100
|move|p2a: PennyBoard|Protect|p2a: PennyBoard
|-singleturn|p2a: PennyBoard|Protect
|move|p1b: Kingambit|Protect||[still]
|-fail|p1b: Kingambit
|
|upkeep
|turn|2
|inactive|Tractie has 30 seconds left.
|inactive|Tractie has 20 seconds left.
|inactive|Tractie has 15 seconds left.
|
|t:|1756158711
|switch|p2a: Sticky Feet|Pelipper, L50, M, shiny|100/100
|-weather|RainDance|[from] ability: Drizzle|[of] p2a: Sticky Feet
|move|p1a: Magmar|Follow Me|p1a: Magmar
|-singleturn|p1a: Magmar|move: Follow Me
|move|p2b: ACвҡЎпёҺDC|Electro Shot||[still]
|-prepare|p2b: ACвҡЎпёҺDC|Electro Shot
|-boost|p2b: ACвҡЎпёҺDC|spa|1
|-anim|p2b: ACвҡЎпёҺDC|Electro Shot|p1a: Magmar
|-damage|p1a: Magmar|50/100
|move|p1b: Kingambit|Swords Dance|p1b: Kingambit
|-boost|p1b: Kingambit|atk|2
|
|-weather|RainDance|[upkeep]
|-heal|p1a: Magmar|56/100|[from] Grassy Terrain
|upkeep
|turn|3
|inactive|Tractie has 30 seconds left.
|inactive|Tractie has 20 seconds left.
|inactive|Tractie has 15 seconds left.
|inactive|Tractie has 10 seconds left.
|inactive|Tractie has 5 seconds left.
|
|t:|1756158763
|-terastallize|p1b: Kingambit|Dark
|move|p1a: Magmar|Follow Me|p1a: Magmar
|-singleturn|p1a: Magmar|move: Follow Me
|move|p2a: Sticky Feet|Weather Ball|p1a: Magmar
|-supereffective|p1a: Magmar
|-damage|p1a: Magmar|0 fnt
|faint|p1a: Magmar
|move|p2b: ACвҡЎпёҺDC|Electro Shot||[still]
|-prepare|p2b: ACвҡЎпёҺDC|Electro Shot
|-boost|p2b: ACвҡЎпёҺDC|spa|1
|-anim|p2b: ACвҡЎпёҺDC|Electro Shot|p1b: Kingambit
|-damage|p1b: Kingambit|10/100
|move|p1b: Kingambit|Kowtow Cleave|p2b: ACвҡЎпёҺDC
|-damage|p2b: ACвҡЎпёҺDC|0 fnt
|faint|p2b: ACвҡЎпёҺDC
|
|-weather|RainDance|[upkeep]
|-heal|p1b: Kingambit|15/100|[from] Grassy Terrain
|upkeep
|
|t:|1756158785
|switch|p1a: Sneasler|Sneasler, L50, M|100/100
|switch|p2b: Alfredo|Amoonguss, L50, M, shiny|100/100
|-ability|p1a: Sneasler|Pressure
|turn|4
|inactive|Tractie has 30 seconds left.
|
|t:|1756158818
|move|p2b: Alfredo|Rage Powder|p2b: Alfredo
|-singleturn|p2b: Alfredo|move: Rage Powder
|move|p1a: Sneasler|Dire Claw|p2b: Alfredo
|-damage|p2b: Alfredo|65/100
|-damage|p1a: Sneasler|84/100|[from] item: Rocky Helmet|[of] p2b: Alfredo
|move|p2a: Sticky Feet|Hurricane|p1a: Sneasler
|-supereffective|p1a: Sneasler
|-damage|p1a: Sneasler|0 fnt
|faint|p1a: Sneasler
|move|p1b: Kingambit|Kowtow Cleave|p2b: Alfredo
|-damage|p2b: Alfredo|0 fnt
|-damage|p1b: Kingambit|0 fnt|[from] item: Rocky Helmet|[of] p2b: Alfredo
|faint|p2b: Alfredo
|faint|p1b: Kingambit
|
|-weather|RainDance|[upkeep]
|upkeep
|
|t:|1756158836
|switch|p1b: Rillaboom|Rillaboom, L50, F|100/100
|switch|p2b: PennyBoard|Gholdengo, L50, shiny|100/100
|turn|5
|-message|Tractie forfeited.
|
|win|Gyra78
|l|вҳҶTractie
|player|p1|
