|j|☆thegreatestnone
|j|☆lolgz
|html|thegreatestnonelolgz    
|uhtml|bestof|Game 1 of a best-of-3
|t:|1783387933
|gametype|doubles
|player|p1|thegreatestnone|266|1215
|player|p2|lolgz|170|1179
|gen|9
|tier|[Gen 9 Champions] VGC 2026 Reg M-B (Bo3)
|rated|
|rule|Species Clause: Limit one of each Pokémon
|rule|Item Clause: Limit 1 of each item
|clearpoke
|poke|p1|Grimmsnarl, L50, M|
|poke|p1|Toxapex, L50, M|
|poke|p1|Garchomp, L50, M|
|poke|p1|Hydreigon, L50, M|
|poke|p1|Charizard, L50, M|
|poke|p1|Metagross, L50|
|poke|p2|Scrafty, L50, M|
|poke|p2|Vivillon, L50, M|
|poke|p2|Incineroar, L50, F|
|poke|p2|Sinistcha, L50|
|poke|p2|Kingambit, L50, M|
|poke|p2|Delphox, L50, F|
|teampreview|4
|showteam|p1|Grimmsnarl||LightClay|Prankster|FakeOut,Reflect,PartingShot,LightScreen|Sassy||M|||50|]Toxapex||Leftovers|Regenerator|BanefulBunker,Infestation,Toxic,WideGuard|Bold||M|||50|]Garchomp||SitrusBerry|RoughSkin|Earthquake,Protect,RockSlide,DragonClaw|Adamant||M|||50|]Hydreigon||ChoiceScarf|Levitate|DarkPulse,EarthPower,Snarl,DracoMeteor|Modest||M|||50|]Charizard||CharizarditeY|Blaze|Protect,HeatWave,SolarBeam,WeatherBall|Timid||M|||50|]Metagross||Metagrossite|ClearBody|IronHead,HammerArm,BulletPunch,Protect|Adamant|||||50|
|showteam|p2|Scrafty||Scraftinite|Intimidate|DrainPunch,KnockOff,Protect,DragonDance|Jolly||M|||50|]Vivillon||ChoiceScarf|CompoundEyes|SleepPowder,Hurricane,RagePowder,Tailwind|Timid||M|||50|]Incineroar||PasshoBerry|Intimidate|PartingShot,FakeOut,ThroatChop,FlareBlitz|Careful||F|||50|]Sinistcha||KasibBerry|Hospitality|MatchaGotcha,RagePowder,TrickRoom,Protect|Serious|||||50|]Kingambit||BlackGlasses|Defiant|SuckerPunch,KowtowCleave,Protect,SwordsDance|Adamant||M|||50|]Delphox||Delphoxite|Blaze|HeatWave,Psychic,Protect,NastyPlot|Timid||F|||50|
|inactive|Battle timer is ON: inactive players will automatically lose when time's up. (requested by lolgz)
|inactive|thegreatestnone has 60 seconds left.
|inactive|lolgz has 60 seconds left.
|inactive|thegreatestnone has 30 seconds left.
|inactive|thegreatestnone has 20 seconds left.
|inactive|thegreatestnone has 15 seconds left.
|inactive|thegreatestnone has 10 seconds left.
|inactive|thegreatestnone has 5 seconds left.
|
|t:|1783388023
|teamsize|p1|4
|teamsize|p2|4
|start
|switch|p1a: Grimmsnarl|Grimmsnarl, L50, M|100/100
|switch|p1b: Toxapex|Toxapex, L50, M|100/100
|switch|p2a: Incineroar|Incineroar, L50, F|100/100
|switch|p2b: Kingambit|Kingambit, L50, M|100/100
|-ability|p2a: Incineroar|Intimidate|boost
|-unboost|p1a: Grimmsnarl|atk|1
|-unboost|p1b: Toxapex|atk|1
|turn|1
|
|t:|1783388039
|move|p2a: Incineroar|Fake Out|p1a: Grimmsnarl
|-damage|p1a: Grimmsnarl|89/100
|cant|p1a: Grimmsnarl|flinch
|move|p2b: Kingambit|Swords Dance|p2b: Kingambit
|-boost|p2b: Kingambit|atk|2
|move|p1b: Toxapex|Infestation|p2b: Kingambit
|-damage|p2b: Kingambit|96/100
|-activate|p2b: Kingambit|move: Infestation|[of] p1b: Toxapex
|
|-damage|p2b: Kingambit|84/100|[from] move: Infestation|[partiallytrapped]
|upkeep
|turn|2
|
|t:|1783388058
|move|p1a: Grimmsnarl|Reflect|p1a: Grimmsnarl
|-sidestart|p1: thegreatestnone|Reflect
|move|p2a: Incineroar|Flare Blitz|p1a: Grimmsnarl
|-damage|p1a: Grimmsnarl|59/100
|-damage|p2a: Incineroar|90/100|[from] Recoil
|move|p2b: Kingambit|Swords Dance|p2b: Kingambit
|-boost|p2b: Kingambit|atk|2
|move|p1b: Toxapex|Toxic|p2a: Incineroar
|-status|p2a: Incineroar|tox
|
|-damage|p2a: Incineroar|84/100 tox|[from] psn
|-damage|p2b: Kingambit|72/100|[from] move: Infestation|[partiallytrapped]
|upkeep
|turn|3
|
|t:|1783388079
|move|p1a: Grimmsnarl|Parting Shot|p2b: Kingambit
|-hint|Since gen 7, Dark is immune to Prankster moves.
|-immune|p2b: Kingambit
|move|p2a: Incineroar|Parting Shot|p1a: Grimmsnarl
|-unboost|p1a: Grimmsnarl|atk|1
|-unboost|p1a: Grimmsnarl|spa|1
|
|t:|1783388099
|switch|p2a: Vivillon|Vivillon, L50, M|100/100|[from] Parting Shot
|move|p2b: Kingambit|Kowtow Cleave|p1b: Toxapex
|-damage|p1b: Toxapex|22/100
|move|p1b: Toxapex|Infestation|p2a: Vivillon
|-resisted|p2a: Vivillon|1
|-damage|p2a: Vivillon|97/100
|-activate|p2a: Vivillon|move: Infestation|[of] p1b: Toxapex
|
|-heal|p1b: Toxapex|28/100|[from] item: Leftovers
|-damage|p2a: Vivillon|85/100|[from] move: Infestation|[partiallytrapped]
|-damage|p2b: Kingambit|60/100|[from] move: Infestation|[partiallytrapped]
|upkeep
|turn|4
|inactive|thegreatestnone has 30 seconds left.
|inactive|thegreatestnone has 20 seconds left.
|inactive|thegreatestnone has 15 seconds left.
|
|t:|1783388140
|move|p1b: Toxapex|Baneful Bunker|p1b: Toxapex
|-singleturn|p1b: Toxapex|move: Protect
|move|p1a: Grimmsnarl|Parting Shot|p2a: Vivillon
|-unboost|p2a: Vivillon|atk|1
|-unboost|p2a: Vivillon|spa|1
|
|t:|1783388150
|switch|p1a: Garchomp|Garchomp, L50, M|100/100|[from] Parting Shot
|move|p2a: Vivillon|Sleep Powder|p1b: Toxapex
|-activate|p1b: Toxapex|move: Protect
|move|p2b: Kingambit|Kowtow Cleave|p1a: Garchomp
|-damage|p1a: Garchomp|0 fnt
|-damage|p2b: Kingambit|48/100|[from] ability: Rough Skin|[of] p1a: Garchomp
|faint|p1a: Garchomp
|
|-heal|p1b: Toxapex|34/100|[from] item: Leftovers
|-damage|p2a: Vivillon|72/100|[from] move: Infestation|[partiallytrapped]
|-damage|p2b: Kingambit|36/100|[from] move: Infestation|[partiallytrapped]
|upkeep
|
|t:|1783388163
|switch|p1a: Hydreigon|Hydreigon, L50, M|100/100
|turn|5
|inactive|thegreatestnone has 30 seconds left.
|
|t:|1783388194
|move|p2b: Kingambit|Protect|p2b: Kingambit
|-singleturn|p2b: Kingambit|Protect
|move|p2a: Vivillon|Sleep Powder|p1a: Hydreigon
|-status|p1a: Hydreigon|slp|[from] move: Sleep Powder
|cant|p1a: Hydreigon|slp
|move|p1b: Toxapex|Infestation|p2b: Kingambit
|-activate|p2b: Kingambit|move: Protect
|
|-heal|p1b: Toxapex|40/100|[from] item: Leftovers
|-damage|p2a: Vivillon|60/100|[from] move: Infestation|[partiallytrapped]
|-damage|p2b: Kingambit|24/100|[from] move: Infestation|[partiallytrapped]
|upkeep
|turn|6
|
|t:|1783388216
|move|p1b: Toxapex|Baneful Bunker|p1b: Toxapex
|-singleturn|p1b: Toxapex|move: Protect
|move|p2a: Vivillon|Sleep Powder|p1b: Toxapex
|-activate|p1b: Toxapex|move: Protect
|-curestatus|p1a: Hydreigon|slp|[msg]
|move|p1a: Hydreigon|Snarl|p2b: Kingambit|[spread] p2a
|-miss|p1a: Hydreigon|p2b: Kingambit
|-damage|p2a: Vivillon|18/100
|-unboost|p2a: Vivillon|spa|1
|move|p2b: Kingambit|Kowtow Cleave|p1a: Hydreigon
|-resisted|p1a: Hydreigon|1
|-damage|p1a: Hydreigon|36/100
|
|-heal|p1b: Toxapex|45/100|[from] item: Leftovers
|-damage|p2a: Vivillon|5/100|[from] move: Infestation|[partiallytrapped]
|-end|p2b: Kingambit|Infestation|[partiallytrapped]
|upkeep
|turn|7
|inactive|lolgz has 30 seconds left.
|
|t:|1783388250
|move|p2a: Vivillon|Sleep Powder|p1a: Hydreigon
|-status|p1a: Hydreigon|slp|[from] move: Sleep Powder
|cant|p1a: Hydreigon|slp
|move|p2b: Kingambit|Kowtow Cleave|p1b: Toxapex
|-damage|p1b: Toxapex|0 fnt
|faint|p1b: Toxapex
|
|-end|p2a: Vivillon|Infestation|[partiallytrapped]|[silent]
|upkeep
|
|t:|1783388259
|switch|p1b: Grimmsnarl|Grimmsnarl, L50, M|59/100
|turn|8
|
|t:|1783388269
|move|p1b: Grimmsnarl|Fake Out|p2b: Kingambit
|-resisted|p2b: Kingambit|1
|-damage|p2b: Kingambit|20/100y
|cant|p2b: Kingambit|flinch
|move|p2a: Vivillon|Sleep Powder|p1b: Grimmsnarl
|-status|p1b: Grimmsnarl|slp|[from] move: Sleep Powder
|-curestatus|p1a: Hydreigon|slp|[msg]
|move|p1a: Hydreigon|Snarl|p2b: Kingambit|[spread] p2a,p2b
|-resisted|p2b: Kingambit|1
|-damage|p2a: Vivillon|0 fnt
|-damage|p2b: Kingambit|10/100
|-unboost|p2b: Kingambit|spa|1
|-ability|p2b: Kingambit|Defiant|boost
|-boost|p2b: Kingambit|atk|2
|faint|p2a: Vivillon
|
|upkeep
|
|t:|1783388272
|switch|p2a: Incineroar|Incineroar, L50, F|84/100 tox
|-ability|p2a: Incineroar|Intimidate|boost
|-unboost|p1a: Hydreigon|atk|1
|-unboost|p1b: Grimmsnarl|atk|1
|turn|9
|
|t:|1783388282
|move|p2a: Incineroar|Fake Out|p1a: Hydreigon
|-damage|p1a: Hydreigon|28/100
|cant|p1b: Grimmsnarl|slp
|move|p2b: Kingambit|Sucker Punch|p1a: Hydreigon
|-resisted|p1a: Hydreigon|1
|-damage|p1a: Hydreigon|0 fnt
|faint|p1a: Hydreigon
|
|-damage|p2a: Incineroar|78/100 tox|[from] psn
|-sideend|p1: thegreatestnone|Reflect
|upkeep
|turn|10
|
|t:|1783388292
|cant|p1b: Grimmsnarl|slp
|move|p2a: Incineroar|Flare Blitz|p1b: Grimmsnarl
|-damage|p1b: Grimmsnarl|15/100 slp
|-damage|p2a: Incineroar|63/100 tox|[from] Recoil
|move|p2b: Kingambit|Kowtow Cleave|p1b: Grimmsnarl
|-resisted|p1b: Grimmsnarl|2
|-damage|p1b: Grimmsnarl|0 fnt
|faint|p1b: Grimmsnarl
|
|win|lolgz
