|j|☆Astonished25
|j|☆FusionFinn
|html|Astonished25FusionFinn    
|uhtml|bestof|Game 1 of a best-of-3
|t:|1785867574
|gametype|doubles
|player|p1|Astonished25|tate|1087
|player|p2|FusionFinn|wallace|1000
|gen|9
|tier|[Gen 9 Champions] VGC 2026 Reg M-B (Bo3)
|rated|
|rule|Species Clause: Limit one of each Pokémon
|rule|Item Clause: Limit 1 of each item
|clearpoke
|poke|p1|Sinistcha, L50|
|poke|p1|Incineroar, L50, M|
|poke|p1|Floette-Eternal, L50, F|
|poke|p1|Staraptor, L50, M|
|poke|p1|Kingambit, L50, F|
|poke|p1|Maushold, L50|
|poke|p2|Dragonite, L50, F, shiny|
|poke|p2|Altaria, L50, M|
|poke|p2|Pelipper, L50, M|
|poke|p2|Rotom-Heat, L50|
|poke|p2|Sneasler, L50, M|
|poke|p2|Basculegion, L50, M|
|teampreview|4
|showteam|p1|Sinistcha||ColburBerry|Hospitality|MatchaGotcha,RagePowder,TrickRoom,LifeDew|Relaxed|||||50|]Incineroar||PasshoBerry|Intimidate|ThroatChop,FlareBlitz,PartingShot,FakeOut|Adamant||M|||50|]Floette-Eternal||Floettite|FlowerVeil|Protect,CalmMind,Moonblast,DazzlingGleam|Modest||F|||50|]Staraptor||Staraptite|Intimidate|CloseCombat,DualWingbeat,Roost,Protect|Jolly||M|||50|]Kingambit||LifeOrb|Defiant|SuckerPunch,IronHead,KowtowCleave,Protect|Brave||F|||50|]Maushold||ChopleBerry|FriendGuard|Feint,FollowMe,Protect,BabyDollEyes|Careful|||||50|
|showteam|p2|Dragonite||Dragoninite|Multiscale|DragonPulse,Hurricane,Thunder,Protect|Modest||F|||50|]Altaria||Altarianite|CloudNine|HyperVoice,DragonPulse,Roost,Protect|Modest||M|||50|]Pelipper||FocusSash|Drizzle|WeatherBall,Hurricane,Tailwind,Protect|Modest||M|||50|]Rotom-Heat||LumBerry|Levitate|Overheat,Electroweb,LightScreen,WillOWisp|Timid|||||50|]Sneasler||WhiteHerb|Unburden|CloseCombat,DireClaw,FakeOut,Protect|Jolly||M|||50|]Basculegion||ChoiceScarf|Adaptability|WaveCrash,AquaJet,FlipTurn,LastRespects|Adamant||M|||50|
|inactive|Battle timer is ON: inactive players will automatically lose when time's up. (requested by Astonished25)
|inactive|Astonished25 has 60 seconds left.
|inactive|FusionFinn has 60 seconds left.
|
|t:|1785867614
|teamsize|p1|4
|teamsize|p2|4
|start
|switch|p1a: Sinistcha|Sinistcha, L50|100/100
|switch|p1b: Incineroar|Incineroar, L50, M|100/100
|switch|p2a: Rotom|Rotom-Heat, L50|100/100
|switch|p2b: Sneasler|Sneasler, L50, M|100/100
|-ability|p1b: Incineroar|Intimidate|boost
|-unboost|p2a: Rotom|atk|1
|-unboost|p2b: Sneasler|atk|1
|-enditem|p2b: Sneasler|White Herb
|-clearnegativeboost|p2b: Sneasler|[silent]
|turn|1
|
|t:|1785867638
|switch|p1b: Kingambit|Kingambit, L50, F|100/100
|move|p2b: Sneasler|Fake Out|p1b: Kingambit
|-resisted|p1b: Kingambit|1
|-damage|p1b: Kingambit|94/100
|move|p2a: Rotom|Light Screen|p2a: Rotom
|-sidestart|p2: FusionFinn|move: Light Screen
|move|p1a: Sinistcha|Matcha Gotcha|p2a: Rotom|[spread] p2a,p2b
|-resisted|p2a: Rotom|1
|-resisted|p2b: Sneasler|1
|-damage|p2a: Rotom|91/100
|-damage|p2b: Sneasler|89/100
|
|upkeep
|turn|2
|inactive|FusionFinn has 30 seconds left.
|inactive|FusionFinn has 20 seconds left.
|
|t:|1785867673
|move|p1a: Sinistcha|Rage Powder|p1a: Sinistcha
|-singleturn|p1a: Sinistcha|move: Rage Powder
|move|p2b: Sneasler|Dire Claw|p1a: Sinistcha
|-damage|p1a: Sinistcha|66/100
|move|p2a: Rotom|Will-O-Wisp|p1a: Sinistcha
|-status|p1a: Sinistcha|brn
|move|p1b: Kingambit|Iron Head|p2b: Sneasler
|-damage|p2b: Sneasler|0 fnt
|faint|p2b: Sneasler
|-damage|p1b: Kingambit|85/100|[from] item: Life Orb
|
|-damage|p1a: Sinistcha|60/100 brn|[from] brn
|upkeep
|
|t:|1785867681
|switch|p2b: Altaria|Altaria, L50, M|100/100
|-ability|p2b: Altaria|Cloud Nine
|turn|3
|inactive|FusionFinn has 30 seconds left.
|
|t:|1785867711
|detailschange|p2b: Altaria|Altaria-Mega, L50, M
|-mega|p2b: Altaria|Altaria|Altarianite
|move|p2b: Altaria|Protect|p2b: Altaria
|-singleturn|p2b: Altaria|Protect
|move|p1a: Sinistcha|Rage Powder|p1a: Sinistcha
|-singleturn|p1a: Sinistcha|move: Rage Powder
|move|p2a: Rotom|Overheat|p1a: Sinistcha
|-supereffective|p1a: Sinistcha|1
|-damage|p1a: Sinistcha|0 fnt
|-unboost|p2a: Rotom|spa|2
|faint|p1a: Sinistcha
|move|p1b: Kingambit|Iron Head|p2b: Altaria
|-activate|p2b: Altaria|move: Protect
|
|upkeep
|
|t:|1785867715
|switch|p1a: Floette|Floette-Eternal, L50, F|100/100
|turn|4
|
|t:|1785867733
|switch|p1b: Incineroar|Incineroar, L50, M|100/100
|-ability|p1b: Incineroar|Intimidate|boost
|-unboost|p2a: Rotom|atk|1
|-unboost|p2b: Altaria|atk|1
|detailschange|p1a: Floette|Floette-Mega, L50, F
|-mega|p1a: Floette|Floette|Floettite
|-ability|p1a: Floette|Fairy Aura
|move|p2a: Rotom|Will-O-Wisp|p1b: Incineroar
|-immune|p1b: Incineroar
|move|p1a: Floette|Calm Mind|p1a: Floette
|-boost|p1a: Floette|spa|1
|-boost|p1a: Floette|spd|1
|move|p2b: Altaria|Hyper Voice|p1b: Incineroar|[spread] p1a,p1b
|-damage|p1a: Floette|73/100
|-damage|p1b: Incineroar|51/100
|
|upkeep
|turn|5
|inactive|FusionFinn has 30 seconds left.
|
|t:|1785867759
|switch|p2a: Basculegion|Basculegion, L50, M|100/100
|move|p2b: Altaria|Protect|p2b: Altaria
|-singleturn|p2b: Altaria|Protect
|move|p1b: Incineroar|Fake Out|p2a: Basculegion
|-immune|p2a: Basculegion
|move|p1a: Floette|Dazzling Gleam|p2a: Basculegion|[spread] p2a
|-activate|p2b: Altaria|move: Protect
|-damage|p2a: Basculegion|44/100
|
|-sideend|p2: FusionFinn|move: Light Screen
|upkeep
|turn|6
|inactive|FusionFinn has 30 seconds left.
|inactive|FusionFinn has 20 seconds left.
|
|t:|1785867795
|move|p1a: Floette|Protect|p1a: Floette
|-singleturn|p1a: Floette|Protect
|move|p2a: Basculegion|Flip Turn|p1b: Incineroar
|-supereffective|p1b: Incineroar|1
|-enditem|p1b: Incineroar|Passho Berry|[eat]
|-enditem|p1b: Incineroar|Passho Berry|[weaken]
|-damage|p1b: Incineroar|12/100
|
|t:|1785867801
|switch|p2a: Rotom|Rotom-Heat, L50|91/100|[from] Flip Turn
|move|p2b: Altaria|Roost||[still]
|-fail|p2b: Altaria|heal
|move|p1b: Incineroar|Throat Chop|p2a: Rotom
|-damage|p2a: Rotom|56/100
|-start|p2a: Rotom|Throat Chop|[silent]
|
|upkeep
|turn|7
|inactive|FusionFinn has 30 seconds left.
|inactive|Astonished25 has 30 seconds left.
|
|t:|1785867832
|switch|p1b: Kingambit|Kingambit, L50, F|85/100
|move|p2b: Altaria|Protect|p2b: Altaria
|-singleturn|p2b: Altaria|Protect
|move|p2a: Rotom|Overheat|p1a: Floette
|-damage|p1a: Floette|47/100
|-unboost|p2a: Rotom|spa|2
|move|p1a: Floette|Dazzling Gleam|p2a: Rotom|[spread] p2a
|-activate|p2b: Altaria|move: Protect
|-resisted|p2a: Rotom|1
|-crit|p2a: Rotom
|-damage|p2a: Rotom|0 fnt
|faint|p2a: Rotom
|
|upkeep
|
|t:|1785867841
|switch|p2a: Basculegion|Basculegion, L50, M|44/100
|turn|8
|
|t:|1785867863
|move|p2a: Basculegion|Aqua Jet|p1a: Floette
|-damage|p1a: Floette|20/100y
|move|p1b: Kingambit|Sucker Punch||[still]
|-fail|p1b: Kingambit
|move|p1a: Floette|Dazzling Gleam|p2b: Altaria|[spread] p2a,p2b
|-supereffective|p2b: Altaria|1
|-damage|p2a: Basculegion|0 fnt
|-damage|p2b: Altaria|0 fnt
|faint|p2a: Basculegion
|faint|p2b: Altaria
|
|win|Astonished25
||Astonished25 is ready for game 2.
||FusionFinn is ready for game 2.
|uhtml|next|Next: Game 2 of 3
