|j|☆sbhaga34
|j|☆Ouma898
|html|sbhaga34Ouma898    
|uhtml|bestof|Game 1 of a best-of-3
|t:|1784165075
|gametype|doubles
|player|p1|sbhaga34|hugh|1198
|player|p2|Ouma898|miku-fairy|1149
|gen|9
|tier|[Gen 9 Champions] VGC 2026 Reg M-B (Bo3)
|rated|
|rule|Species Clause: Limit one of each Pokémon
|rule|Item Clause: Limit 1 of each item
|clearpoke
|poke|p1|Excadrill, L50, M|
|poke|p1|Tyranitar, L50, F|
|poke|p1|Corviknight, L50, M|
|poke|p1|Rotom-Wash, L50|
|poke|p1|Mimikyu, L50, F|
|poke|p1|Scovillain, L50, M|
|poke|p2|Kingambit, L50, M, shiny|
|poke|p2|Garchomp, L50, M, shiny|
|poke|p2|Ceruledge, L50, M|
|poke|p2|Whimsicott, L50, F, shiny|
|poke|p2|Glimmora, L50, M, shiny|
|poke|p2|Froslass, L50, F, shiny|
|teampreview|4
|showteam|p1|Excadrill||FocusSash|SandRush|Earthquake,IronHead,SwordsDance,Protect|Adamant||M|||50|]Tyranitar||Tyranitarite|SandStream|RockSlide,KnockOff,LowKick,Protect|Adamant||F|||50|]Corviknight||SharpBeak|MirrorArmor|BraveBird,Tailwind,BulkUp,Roost|Careful||M|||50|]Rotom-Wash||ChoiceScarf|Levitate|VoltSwitch,Thunderbolt,Electroweb,HydroPump|Timid|||||50|]Mimikyu||FairyFeather|Disguise|PlayRough,ShadowSneak,TrickRoom,ShadowClaw|Adamant||F|||50|]Scovillain||Scovillainite|Chlorophyll|RagePowder,Overheat,GigaDrain,Protect|Calm||M|||50|
|showteam|p2|Kingambit||ChopleBerry|Defiant|KowtowCleave,LowKick,SuckerPunch,Protect|Serious||M|||50|]Garchomp||SitrusBerry|RoughSkin|DragonClaw,Earthquake,Protect,RockSlide|Adamant||M|||50|]Ceruledge||LifeOrb|FlashFire|BitterBlade,BrickBreak,DestinyBond,Poltergeist|Jolly||M|||50|]Whimsicott||FocusSash|Prankster|Protect,Moonblast,Encore,Tailwind|Timid||F|||50|]Glimmora||Glimmoranite|ToxicDebris|EarthPower,SludgeWave,Protect,PowerGem|Timid||M|||50|]Froslass||Froslassite|CursedBody|NastyPlot,Blizzard,Protect,ShadowBall|Timid||F|||50|
|inactive|Battle timer is ON: inactive players will automatically lose when time's up. (requested by sbhaga34)
|inactive|sbhaga34 has 60 seconds left.
|inactive|Ouma898 has 60 seconds left.
|
|t:|1784165140
|teamsize|p1|4
|teamsize|p2|4
|start
|switch|p1a: Corviknight|Corviknight, L50, M|100/100
|switch|p1b: Mimikyu|Mimikyu, L50, F|100/100
|switch|p2a: Garchomp|Garchomp, L50, M, shiny|100/100
|switch|p2b: Kingambit|Kingambit, L50, M, shiny|100/100
|turn|1
|inactive|Ouma898 has 30 seconds left.
|inactive|Ouma898 has 20 seconds left.
|
|t:|1784165176
|move|p2b: Kingambit|Protect|p2b: Kingambit
|-singleturn|p2b: Kingambit|Protect
|move|p2a: Garchomp|Rock Slide|p1b: Mimikyu|[spread] p1a,p1b
|-damage|p1a: Corviknight|82/100
|-activate|p1b: Mimikyu|ability: Disguise
|-damage|p1b: Mimikyu|100/100
|detailschange|p1b: Mimikyu|Mimikyu-Busted, L50, F
|-damage|p1b: Mimikyu|87/100|[from] pokemon: Mimikyu-Busted
|move|p1b: Mimikyu|Play Rough|p2a: Garchomp
|-supereffective|p2a: Garchomp|1
|-damage|p2a: Garchomp|29/100
|-damage|p1b: Mimikyu|75/100|[from] ability: Rough Skin|[of] p2a: Garchomp
|-enditem|p2a: Garchomp|Sitrus Berry|[eat]
|-heal|p2a: Garchomp|53/100|[from] item: Sitrus Berry
|move|p1a: Corviknight|Tailwind|p1a: Corviknight
|-sidestart|p1: sbhaga34|move: Tailwind
|
|upkeep
|turn|2
|inactive|Ouma898 has 30 seconds left.
|inactive|Ouma898 has 20 seconds left.
|inactive|Ouma898 has 15 seconds left.
|
|t:|1784165221
|move|p2a: Garchomp|Protect|p2a: Garchomp
|-singleturn|p2a: Garchomp|Protect
|move|p2b: Kingambit|Sucker Punch|p1b: Mimikyu
|-crit|p1b: Mimikyu
|-damage|p1b: Mimikyu|11/100
|move|p1b: Mimikyu|Play Rough|p2a: Garchomp
|-activate|p2a: Garchomp|move: Protect
|move|p1a: Corviknight|Bulk Up|p1a: Corviknight
|-boost|p1a: Corviknight|atk|1
|-boost|p1a: Corviknight|def|1
|
|upkeep
|turn|3
|
|t:|1784165238
|switch|p1b: Tyranitar|Tyranitar, L50, F|100/100
|-weather|Sandstorm|[from] ability: Sand Stream|[of] p1b: Tyranitar
|move|p2b: Kingambit|Protect|p2b: Kingambit
|-singleturn|p2b: Kingambit|Protect
|move|p1a: Corviknight|Brave Bird|p2a: Garchomp
|-damage|p2a: Garchomp|0 fnt
|-damage|p1a: Corviknight|69/100|[from] ability: Rough Skin|[of] p2a: Garchomp
|faint|p2a: Garchomp
|-damage|p1a: Corviknight|50/100g|[from] Recoil
|
|-weather|Sandstorm|[upkeep]
|upkeep
|
|t:|1784165250
|switch|p2a: Glimmora|Glimmora, L50, M, shiny|100/100
|turn|4
|inactive|Ouma898 has 30 seconds left.
|
|t:|1784165276
|detailschange|p1b: Tyranitar|Tyranitar-Mega, L50, F
|-mega|p1b: Tyranitar|Tyranitar|Tyranitarite
|detailschange|p2a: Glimmora|Glimmora-Mega, L50, M, shiny
|-mega|p2a: Glimmora|Glimmora|Glimmoranite
|move|p2b: Kingambit|Sucker Punch|p1a: Corviknight
|-damage|p1a: Corviknight|31/100
|move|p1b: Tyranitar|Low Kick|p2b: Kingambit
|-supereffective|p2b: Kingambit|2
|-enditem|p2b: Kingambit|Chople Berry|[eat]
|-enditem|p2b: Kingambit|Chople Berry|[weaken]
|-damage|p2b: Kingambit|41/100
|move|p1a: Corviknight|Brave Bird|p2b: Kingambit
|-resisted|p2b: Kingambit|1
|-damage|p2b: Kingambit|16/100
|-damage|p1a: Corviknight|22/100|[from] Recoil
|move|p2a: Glimmora|Earth Power|p1b: Tyranitar
|-supereffective|p1b: Tyranitar|1
|-crit|p1b: Tyranitar
|-damage|p1b: Tyranitar|47/100
|
|-weather|Sandstorm|[upkeep]
|-sideend|p1: sbhaga34|move: Tailwind
|upkeep
|turn|5
|inactive|sbhaga34 has 30 seconds left.
|inactive|Ouma898 has 30 seconds left.
|inactive|Ouma898 has 20 seconds left.
|
|t:|1784165313
|switch|p1a: Mimikyu|Mimikyu-Busted, L50, F|11/100
|move|p1b: Tyranitar|Protect|p1b: Tyranitar
|-singleturn|p1b: Tyranitar|Protect
|move|p2a: Glimmora|Power Gem|p1a: Mimikyu
|-crit|p1a: Mimikyu
|-damage|p1a: Mimikyu|0 fnt
|faint|p1a: Mimikyu
|move|p2b: Kingambit|Low Kick|p1b: Tyranitar
|-activate|p1b: Tyranitar|move: Protect
|
|-weather|Sandstorm|[upkeep]
|upkeep
|
|t:|1784165318
|switch|p1a: Excadrill|Excadrill, L50, M|100/100
|turn|6
|
|t:|1784165338
|switch|p1b: Corviknight|Corviknight, L50, M|22/100
|move|p1a: Excadrill|Earthquake|p2b: Kingambit|[spread] p2a,p2b
|-immune|p1b: Corviknight
|-supereffective|p2a: Glimmora|2
|-supereffective|p2b: Kingambit|1
|-damage|p2a: Glimmora|0 fnt
|-damage|p2b: Kingambit|0 fnt
|faint|p2a: Glimmora
|faint|p2b: Kingambit
|
|-weather|Sandstorm|[upkeep]
|upkeep
|
|t:|1784165345
|switch|p2a: Froslass|Froslass, L50, F, shiny|100/100
|turn|7
|
|t:|1784165352
|move|p1a: Excadrill|Protect|p1a: Excadrill
|-singleturn|p1a: Excadrill|Protect
|move|p2a: Froslass|Shadow Ball|p1b: Corviknight
|-damage|p1b: Corviknight|0 fnt
|faint|p1b: Corviknight
|
|-weather|none
|upkeep
|
|t:|1784165357
|switch|p1b: Tyranitar|Tyranitar-Mega, L50, F|47/100
|-weather|Sandstorm|[from] ability: Sand Stream|[of] p1b: Tyranitar
|turn|8
|
|t:|1784165361
|move|p1a: Excadrill|Iron Head|p2a: Froslass
|-supereffective|p2a: Froslass|1
|-damage|p2a: Froslass|0 fnt
|-start|p1a: Excadrill|Disable|Iron Head|[from] ability: Cursed Body|[of] p2a: Froslass
|faint|p2a: Froslass
|
|win|sbhaga34
