|j|вҳҶLetmein191
|j|вҳҶyueku
|html|Letmein191yueku    
|uhtml|bestof|Game 1 of a best-of-3
|t:|1756427088
|gametype|doubles
|player|p1|Letmein191|266|1102
|player|p2|yueku|miku-flying|1093
|gen|9
|tier|[Gen 9] VGC 2025 Reg H (Bo3)
|rated|
|rule|Species Clause: Limit one of each PokГ©mon
|rule|Item Clause: Limit 1 of each item
|clearpoke
|poke|p1|Indeedee-F, L50, F|
|poke|p1|Hatterene, L50, F|
|poke|p1|Gallade, L50, M|
|poke|p1|Ursaluna, L50, M|
|poke|p1|Lilligant-Hisui, L50, F|
|poke|p1|Torkoal, L50, M|
|poke|p2|Lokix, L50, F|
|poke|p2|Sneasler, L50, M|
|poke|p2|Pelipper, L50, M|
|poke|p2|Archaludon, L50, F|
|poke|p2|Rillaboom, L50, M|
|poke|p2|Dragapult, L50, M|
|teampreview|4
|showteam|p1|Indeedee-F||PsychicSeed|PsychicSurge|TrickRoom,FollowMe,HelpingHand,DazzlingGleam|||F|||50|,,,,,Fire]Hatterene||LifeOrb|MagicBounce|ExpandingForce,TrickRoom,DazzlingGleam,Protect|||F|||50|,,,,,Psychic]Gallade||ClearAmulet|Sharpness|PsychoCut,TrickRoom,SacredSword,WideGuard|||M|||50|,,,,,Grass]Ursaluna||FlameOrb|Guts|HeadlongRush,Facade,SwordsDance,Protect|||M|||50|,,,,,Ghost]Lilligant-Hisui||FocusSash|Chlorophyll|SolarBlade,SleepPowder,CloseCombat,AfterYou|||F|||50|,,,,,Ghost]Torkoal||ChoiceSpecs|Drought|Eruption,HeatWave,WeatherBall,EarthPower|||M|||50|,,,,,Fire
|showteam|p2|Lokix||LifeOrb|TintedLens|LeechLife,KnockOff,SuckerPunch,Detect|||F|||50|,,,,,Dark]Sneasler||GrassySeed|Unburden|Protect,CloseCombat,DireClaw,Coaching|||M|||50|,,,,,Ghost]Pelipper||CovertCloak|Drizzle|Hurricane,WeatherBall,Tailwind,Protect|||M|||50|,,,,,Stellar]Archaludon||AssaultVest|Stamina|ElectroShot,BodyPress,FlashCannon,DracoMeteor|||F|||50|,,,,,Grass]Rillaboom||MiracleSeed|GrassySurge|WoodHammer,GrassyGlide,FakeOut,Uturn|||M|||50|,,,,,Fire]Dragapult||ChoiceBand|ClearBody|DragonDarts,PhantomForce,Outrage,Uturn|||M|||50|,,,,,Dragon
|
|t:|1756427165
|teamsize|p1|4
|teamsize|p2|4
|start
|switch|p1a: зҙ«з«ҪиҰӘиЎӣйҡҠ|Gallade, L50, M, shiny|100/100
|switch|p1b: зҙ«з«Ҫи¶…еҸҜж„ӣ|Indeedee-F, L50, F, shiny|100/100
|switch|p2a: Respect|Lokix, L50, F, shiny|100/100
|switch|p2b: Sneasler|Sneasler, L50, M, shiny|100/100
|-fieldstart|move: Psychic Terrain|[from] ability: Psychic Surge|[of] p1b: зҙ«з«Ҫи¶…еҸҜж„ӣ
|-enditem|p1b: зҙ«з«Ҫи¶…еҸҜж„ӣ|Psychic Seed
|-boost|p1b: зҙ«з«Ҫи¶…еҸҜж„ӣ|spd|1|[from] item: Psychic Seed
|turn|1
|
|t:|1756427205
|move|p1b: зҙ«з«Ҫи¶…еҸҜж„ӣ|Follow Me|p1b: зҙ«з«Ҫи¶…еҸҜж„ӣ
|-singleturn|p1b: зҙ«з«Ҫи¶…еҸҜж„ӣ|move: Follow Me
|move|p2b: Sneasler|Coaching|p2a: Respect
|-boost|p2a: Respect|atk|1
|-boost|p2a: Respect|def|1
|move|p2a: Respect|Knock Off|p1b: зҙ«з«Ҫи¶…еҸҜж„ӣ
|-supereffective|p1b: зҙ«з«Ҫи¶…еҸҜж„ӣ
|-damage|p1b: зҙ«з«Ҫи¶…еҸҜж„ӣ|2/100
|-damage|p2a: Respect|91/100|[from] item: Life Orb
|move|p1a: зҙ«з«ҪиҰӘиЎӣйҡҠ|Trick Room|p1a: зҙ«з«ҪиҰӘиЎӣйҡҠ
|-fieldstart|move: Trick Room|[of] p1a: зҙ«з«ҪиҰӘиЎӣйҡҠ
|
|upkeep
|turn|2
|
|t:|1756427230
|switch|p2b: Rillaboom|Rillaboom, L50, M|100/100
|-fieldstart|move: Grassy Terrain|[from] ability: Grassy Surge|[of] p2b: Rillaboom
|move|p2a: Respect|Sucker Punch|p1a: зҙ«з«ҪиҰӘиЎӣйҡҠ
|-damage|p1a: зҙ«з«ҪиҰӘиЎӣйҡҠ|13/100
|-damage|p2a: Respect|82/100|[from] item: Life Orb
|move|p1a: зҙ«з«ҪиҰӘиЎӣйҡҠ|Psycho Cut|p2b: Rillaboom
|-damage|p2b: Rillaboom|41/100
|move|p1b: зҙ«з«Ҫи¶…еҸҜж„ӣ|Dazzling Gleam|p2b: Rillaboom|[spread] p2a,p2b
|-supereffective|p2a: Respect
|-damage|p2a: Respect|28/100
|-damage|p2b: Rillaboom|26/100
|
|-heal|p1a: зҙ«з«ҪиҰӘиЎӣйҡҠ|19/100|[from] Grassy Terrain
|-heal|p1b: зҙ«з«Ҫи¶…еҸҜж„ӣ|8/100|[from] Grassy Terrain
|-heal|p2b: Rillaboom|32/100|[from] Grassy Terrain
|-heal|p2a: Respect|34/100|[from] Grassy Terrain
|upkeep
|turn|3
|
|t:|1756427265
|switch|p1b: зҙ«з«Ҫж•ІеҸҜж„ӣ|Hatterene, L50, F, shiny|100/100
|move|p2a: Respect|Detect|p2a: Respect
|-singleturn|p2a: Respect|Protect
|move|p2b: Rillaboom|Fake Out|p1a: зҙ«з«ҪиҰӘиЎӣйҡҠ
|-damage|p1a: зҙ«з«ҪиҰӘиЎӣйҡҠ|0 fnt
|faint|p1a: зҙ«з«ҪиҰӘиЎӣйҡҠ
|
|-heal|p2b: Rillaboom|38/100|[from] Grassy Terrain
|-heal|p2a: Respect|40/100|[from] Grassy Terrain
|upkeep
|
|t:|1756427275
|switch|p1a: зҙ«з«Ҫи¶…еҸҜж„ӣ|Indeedee-F, L50, F, shiny|8/100
|-fieldstart|move: Psychic Terrain|[from] ability: Psychic Surge|[of] p1a: зҙ«з«Ҫи¶…еҸҜж„ӣ
|turn|4
|
|t:|1756427302
|switch|p1a: дёҖжӢіжңҲжңҲзҶҠ|Ursaluna, L50, M, shiny|100/100
|switch|p2b: Sneasler|Sneasler, L50, M, shiny|100/100
|move|p1b: зҙ«з«Ҫж•ІеҸҜж„ӣ|Dazzling Gleam|p2b: Sneasler|[spread] p2a,p2b
|-supereffective|p2a: Respect
|-damage|p2a: Respect|0 fnt
|-damage|p2b: Sneasler|37/100
|faint|p2a: Respect
|-damage|p1b: зҙ«з«Ҫж•ІеҸҜж„ӣ|91/100|[from] item: Life Orb
|
|-status|p1a: дёҖжӢіжңҲжңҲзҶҠ|brn|[from] item: Flame Orb
|upkeep
|
|t:|1756427309
|switch|p2a: Rillaboom|Rillaboom, L50, M|38/100
|-fieldstart|move: Grassy Terrain|[from] ability: Grassy Surge|[of] p2a: Rillaboom
|-enditem|p2b: Sneasler|Grassy Seed
|-boost|p2b: Sneasler|def|1|[from] item: Grassy Seed
|turn|5
|
|t:|1756427325
|switch|p1a: зҙ«з«Ҫи¶…еҸҜж„ӣ|Indeedee-F, L50, F, shiny|8/100
|-fieldstart|move: Psychic Terrain|[from] ability: Psychic Surge|[of] p1a: зҙ«з«Ҫи¶…еҸҜж„ӣ
|switch|p2a: Pelipper|Pelipper, L50, M|100/100
|-weather|RainDance|[from] ability: Drizzle|[of] p2a: Pelipper
|move|p2b: Sneasler|Protect|p2b: Sneasler
|-singleturn|p2b: Sneasler|Protect
|move|p1b: зҙ«з«Ҫж•ІеҸҜж„ӣ|Trick Room|p1b: зҙ«з«Ҫж•ІеҸҜж„ӣ
|-fieldend|move: Trick Room
|
|-weather|RainDance|[upkeep]
|upkeep
|turn|6
|
|t:|1756427357
|-terastallize|p2a: Pelipper|Stellar
|move|p1a: зҙ«з«Ҫи¶…еҸҜж„ӣ|Follow Me|p1a: зҙ«з«Ҫи¶…еҸҜж„ӣ
|-singleturn|p1a: зҙ«з«Ҫи¶…еҸҜж„ӣ|move: Follow Me
|move|p2b: Sneasler|Dire Claw|p1a: зҙ«з«Ҫи¶…еҸҜж„ӣ
|-damage|p1a: зҙ«з«Ҫи¶…еҸҜж„ӣ|0 fnt
|faint|p1a: зҙ«з«Ҫи¶…еҸҜж„ӣ
|move|p2a: Pelipper|Weather Ball|p1b: зҙ«з«Ҫж•ІеҸҜж„ӣ
|-damage|p1b: зҙ«з«Ҫж•ІеҸҜж„ӣ|0 fnt
|faint|p1b: зҙ«з«Ҫж•ІеҸҜж„ӣ
|
|-weather|RainDance|[upkeep]
|upkeep
|
|t:|1756427375
|switch|p1b: дёҖжӢіжңҲжңҲзҶҠ|Ursaluna, L50, M, shiny|100/100 brn
|turn|7
|
|t:|1756427397
|-terastallize|p1b: дёҖжӢіжңҲжңҲзҶҠ|Ghost
|move|p2b: Sneasler|Dire Claw|p1b: дёҖжӢіжңҲжңҲзҶҠ
|-resisted|p1b: дёҖжӢіжңҲжңҲзҶҠ
|-damage|p1b: дёҖжӢіжңҲжңҲзҶҠ|87/100 brn
|move|p2a: Pelipper|Weather Ball|p1b: дёҖжӢіжңҲжңҲзҶҠ
|-damage|p1b: дёҖжӢіжңҲжңҲзҶҠ|21/100 brn
|move|p1b: дёҖжӢіжңҲжңҲзҶҠ|Facade|p2a: Pelipper
|-damage|p2a: Pelipper|0 fnt
|faint|p2a: Pelipper
|
|-weather|RainDance|[upkeep]
|-damage|p1b: дёҖжӢіжңҲжңҲзҶҠ|15/100 brn|[from] brn
|upkeep
|
|t:|1756427407
|switch|p2a: Rillaboom|Rillaboom, L50, M|38/100
|-fieldstart|move: Grassy Terrain|[from] ability: Grassy Surge|[of] p2a: Rillaboom
|turn|8
|
|t:|1756427414
|move|p2a: Rillaboom|Grassy Glide|p1b: дёҖжӢіжңҲжңҲзҶҠ
|-damage|p1b: дёҖжӢіжңҲжңҲзҶҠ|0 fnt
|faint|p1b: дёҖжӢіжңҲжңҲзҶҠ
|
|win|yueku
||yueku is ready for game 2.
||Letmein191 is ready for game 2.
|uhtml|next|Next: Game 2 of 3
