|j|☆lux raymundi
|j|☆jakejakejake
|html|lux raymundijakejakejake    
|uhtml|bestof|Game 3 of a best-of-3
|t:|1783020971
|gametype|doubles
|player|p1|lux raymundi|2|1154
|player|p2|jakejakejake|265|1045
|gen|9
|tier|[Gen 9 Champions] VGC 2026 Reg M-B (Bo3)
|rated|
|rule|Species Clause: Limit one of each Pokémon
|rule|Item Clause: Limit 1 of each item
|clearpoke
|poke|p1|Mawile, L50, F|
|poke|p1|Farigiraf, L50, M|
|poke|p1|Delphox, L50, F|
|poke|p1|Incineroar, L50, M|
|poke|p1|Sinistcha, L50|
|poke|p1|Garchomp, L50, M|
|poke|p2|Charizard, L50, M|
|poke|p2|Hydreigon, L50, F|
|poke|p2|Incineroar, L50, F|
|poke|p2|Mamoswine, L50, F|
|poke|p2|Sneasler, L50, F|
|poke|p2|Toxapex, L50, F|
|teampreview|4
|showteam|p1|Mawile||Mawilite|HyperCutter|SwordsDance,PlayRough,IronHead,Protect|Brave||F|||50|]Farigiraf||SitrusBerry|ArmorTail|Protect,TwinBeam,TrickRoom,Thunderbolt|Bold||M|||50|]Delphox||Delphoxite|Blaze|NastyPlot,HeatWave,Psychic,Protect|Timid||F|||50|]Incineroar||PasshoBerry|Intimidate|FakeOut,ThroatChop,FlareBlitz,PartingShot|Adamant||M|||50|]Sinistcha||ColburBerry|Hospitality|MatchaGotcha,TrickRoom,RagePowder,Protect|Relaxed|||||50|]Garchomp||LifeOrb|RoughSkin|DragonClaw,Earthquake,RockSlide,Protect|Jolly||M|||50|
|showteam|p2|Charizard||CharizarditeY|SolarPower|Protect,HeatWave,SolarBeam,WeatherBall|Timid||M|||50|]Hydreigon||ChoiceScarf|Levitate|DarkPulse,EarthPower,Snarl,DracoMeteor|Modest||F|||50|]Incineroar||SitrusBerry|Intimidate|FakeOut,PartingShot,FlareBlitz,ThroatChop|Impish||F|||50|]Mamoswine||FocusSash|Oblivious|Protect,IcicleCrash,Earthquake,IceShard|Adamant||F|||50|]Sneasler||WhiteHerb|Unburden|FakeOut,CloseCombat,Protect,DireClaw|Jolly||F|||50|]Toxapex||Leftovers|Regenerator|BanefulBunker,Toxic,Infestation,WideGuard|Bold||F|||50|
|l|☆jakejakejake
|player|p2|
|j|☆jakejakejake
|player|p2|jakejakejake|265|
|inactive|Battle timer is ON: inactive players will automatically lose when time's up. (requested by jakejakejake)
|
|t:|1783021004
|teamsize|p1|4
|teamsize|p2|4
|start
|switch|p1a: Incineroar|Incineroar, L50, M|100/100
|switch|p1b: Delphox|Delphox, L50, F|100/100
|switch|p2a: Hydreigon|Hydreigon, L50, F|100/100
|switch|p2b: Toxapex|Toxapex, L50, F|100/100
|-ability|p1a: Incineroar|Intimidate|boost
|-unboost|p2a: Hydreigon|atk|1
|-unboost|p2b: Toxapex|atk|1
|turn|1
|
|t:|1783021023
|switch|p2a: Charizard|Charizard, L50, M|100/100
|detailschange|p1b: Delphox|Delphox-Mega, L50, F
|-mega|p1b: Delphox|Delphox|Delphoxite
|move|p1a: Incineroar|Fake Out|p2a: Charizard
|-damage|p2a: Charizard|78/100
|move|p1b: Delphox|Psychic|p2b: Toxapex
|-supereffective|p2b: Toxapex|1
|-damage|p2b: Toxapex|10/100
|move|p2b: Toxapex|Toxic|p1b: Delphox
|-status|p1b: Delphox|tox
|
|-heal|p2b: Toxapex|16/100|[from] item: Leftovers
|-damage|p1b: Delphox|94/100 tox|[from] psn
|upkeep
|turn|2
|
|t:|1783021046
|switch|p1b: Garchomp|Garchomp, L50, M|100/100
|-heal|p2b: Toxapex|49/100|[from] ability: Regenerator|[silent]
|switch|p2b: Hydreigon|Hydreigon, L50, F|100/100
|detailschange|p2a: Charizard|Charizard-Mega-Y, L50, M
|-mega|p2a: Charizard|Charizard|Charizardite Y
|-weather|SunnyDay|[from] ability: Drought|[of] p2a: Charizard
|move|p2a: Charizard|Heat Wave|p1b: Garchomp|[spread] p1a,p1b
|-resisted|p1a: Incineroar|1
|-resisted|p1b: Garchomp|1
|-damage|p1a: Incineroar|71/100
|-damage|p1b: Garchomp|61/100
|move|p1a: Incineroar|Throat Chop|p2a: Charizard
|-crit|p2a: Charizard
|-damage|p2a: Charizard|0 fnt
|faint|p2a: Charizard
|
|-weather|SunnyDay|[upkeep]
|upkeep
|
|t:|1783021064
|switch|p2a: Mamoswine|Mamoswine, L50, F|100/100
|turn|3
|
|t:|1783021079
|switch|p1a: Sinistcha|Sinistcha, L50|100/100
|-heal|p1b: Garchomp|85/100|[from] ability: Hospitality|[of] p1a: Sinistcha
|move|p1b: Garchomp|Protect|p1b: Garchomp
|-singleturn|p1b: Garchomp|Protect
|move|p2b: Hydreigon|Draco Meteor|p1b: Garchomp
|-activate|p1b: Garchomp|move: Protect
|move|p2a: Mamoswine|Earthquake|p1a: Sinistcha|[spread] p1a
|-activate|p1b: Garchomp|move: Protect
|-immune|p2b: Hydreigon|[from] ability: Levitate
|-resisted|p1a: Sinistcha|1
|-damage|p1a: Sinistcha|83/100
|
|-weather|SunnyDay|[upkeep]
|upkeep
|turn|4
|
|t:|1783021098
|switch|p2b: Toxapex|Toxapex, L50, F|49/100
|move|p1a: Sinistcha|Rage Powder|p1a: Sinistcha
|-singleturn|p1a: Sinistcha|move: Rage Powder
|move|p1b: Garchomp|Earthquake|p2a: Mamoswine|[spread] p1a,p2a,p2b
|-resisted|p1a: Sinistcha|1
|-supereffective|p2b: Toxapex|1
|-damage|p1a: Sinistcha|64/100
|-damage|p2a: Mamoswine|43/100
|-damage|p2b: Toxapex|0 fnt
|faint|p2b: Toxapex
|-damage|p1b: Garchomp|76/100|[from] item: Life Orb
|move|p2a: Mamoswine|Icicle Crash|p1a: Sinistcha
|-supereffective|p1a: Sinistcha|1
|-crit|p1a: Sinistcha
|-damage|p1a: Sinistcha|0 fnt
|faint|p1a: Sinistcha
|
|-weather|SunnyDay|[upkeep]
|upkeep
|
|t:|1783021117
|switch|p1a: Delphox|Delphox-Mega, L50, F|94/100 tox
|switch|p2b: Hydreigon|Hydreigon, L50, F|100/100
|turn|5
|inactive|jakejakejake has 30 seconds left.
|inactive|jakejakejake has 20 seconds left.
|inactive|jakejakejake has 15 seconds left.
|inactive|jakejakejake has 10 seconds left.
|
|t:|1783021165
|move|p1a: Delphox|Protect|p1a: Delphox
|-singleturn|p1a: Delphox|Protect
|move|p1b: Garchomp|Protect|p1b: Garchomp
|-singleturn|p1b: Garchomp|Protect
|move|p2b: Hydreigon|Dark Pulse|p1a: Delphox
|-activate|p1a: Delphox|move: Protect
|move|p2a: Mamoswine|Earthquake|p1b: Garchomp|[spread] 
|-activate|p1a: Delphox|move: Protect
|-activate|p1b: Garchomp|move: Protect
|-immune|p2b: Hydreigon|[from] ability: Levitate
|
|-weather|SunnyDay|[upkeep]
|-damage|p1a: Delphox|88/100 tox|[from] psn
|upkeep
|turn|6
|
|t:|1783021188
|switch|p1a: Incineroar|Incineroar, L50, M|71/100
|-ability|p1a: Incineroar|Intimidate|boost
|-fail|p2a: Mamoswine|unboost|Attack|[from] ability: Oblivious|[of] p2a: Mamoswine
|-unboost|p2b: Hydreigon|atk|1
|move|p2a: Mamoswine|Ice Shard|p1b: Garchomp
|-supereffective|p1b: Garchomp|2
|-damage|p1b: Garchomp|0 fnt
|faint|p1b: Garchomp
|move|p2b: Hydreigon|Dark Pulse|p1a: Incineroar
|-resisted|p1a: Incineroar|1
|-damage|p1a: Incineroar|49/100
|
|-weather|none
|upkeep
|
|t:|1783021192
|switch|p1b: Delphox|Delphox-Mega, L50, F|88/100 tox
|turn|7
|
|t:|1783021213
|move|p2a: Mamoswine|Protect|p2a: Mamoswine
|-singleturn|p2a: Mamoswine|Protect
|move|p1a: Incineroar|Fake Out|p2b: Hydreigon
|-damage|p2b: Hydreigon|82/100
|cant|p2b: Hydreigon|flinch
|move|p1b: Delphox|Heat Wave|p2b: Hydreigon|[spread] 
|-activate|p2a: Mamoswine|move: Protect
|-miss|p1b: Delphox|p2b: Hydreigon
|
|-damage|p1b: Delphox|82/100 tox|[from] psn
|upkeep
|turn|8
|
|t:|1783021237
|move|p2b: Hydreigon|Dark Pulse|p1b: Delphox
|-supereffective|p1b: Delphox|1
|-damage|p1b: Delphox|0 fnt
|faint|p1b: Delphox
|move|p2a: Mamoswine|Earthquake|p1a: Incineroar|[spread] p1a
|-immune|p2b: Hydreigon|[from] ability: Levitate
|-supereffective|p1a: Incineroar|1
|-crit|p1a: Incineroar
|-damage|p1a: Incineroar|0 fnt
|faint|p1a: Incineroar
|
|win|jakejakejake
|raw|lux raymundi's rating: 1154 → 1121(-33 for losing)
|raw|jakejakejake's rating: 1045 → 1088(+43 for winning)
