|j|☆fancy_0221
|j|☆CJ The Changeling
|html|fancy_0221CJ The Changeling    
|uhtml|bestof|Game 3 of a best-of-3
|t:|1783698895
|gametype|doubles
|player|p1|fancy_0221|caitlin|
|player|p2|CJ The Changeling|hilbert|
|gen|9
|tier|[Gen 9 Champions] VGC 2026 Reg M-B (Bo3)
|rule|Species Clause: Limit one of each Pokémon
|rule|Item Clause: Limit 1 of each item
|clearpoke
|poke|p1|Staraptor, L50, M|
|poke|p1|Typhlosion, L50, M|
|poke|p1|Snorlax, L50, M|
|poke|p1|Tyranitar, L50, M|
|poke|p1|Sinistcha, L50|
|poke|p1|Raichu, L50, M|
|poke|p2|Meganium, L50, F|
|poke|p2|Charizard, L50, M|
|poke|p2|Scovillain, L50, M|
|poke|p2|Dragonite, L50, F, shiny|
|poke|p2|Espeon, L50, F|
|poke|p2|Noivern, L50, F, shiny|
|teampreview|4
|showteam|p1|Staraptor||Staraptite|Intimidate|BraveBird,CloseCombat,Uturn,Protect|Jolly||M|||50|]Typhlosion||ChoiceScarf|FlashFire|Eruption,Overheat,ShadowBall,Extrasensory|Modest||M|||50|]Snorlax||ChestoBerry|ThickFat|Rest,BodySlam,Yawn,Protect|Careful||M|||50|]Tyranitar||Leftovers|SandStream|StoneEdge,Protect,Crunch,StealthRock|Careful||M|||50|]Sinistcha||SitrusBerry|Hospitality|MatchaGotcha,StrengthSap,Protect,RagePowder|Calm|||||50|]Raichu||FocusSash|LightningRod|FakeOut,Thunderbolt,Nuzzle,Charm|Timid||M|||50|
|showteam|p2|Meganium||Meganiumite|LeafGuard|SolarBeam,DazzlingGleam,WeatherBall,AncientPower|Modest||F|||50|]Charizard||CharizarditeY|SolarPower|AirSlash,SolarBeam,HeatWave,WeatherBall|Timid||M|||50|]Scovillain||SitrusBerry|Moody|LeechSeed,RagePowder,GigaDrain,FlareBlitz|Relaxed||M|||50|]Dragonite||YacheBerry|Multiscale|Roost,DracoMeteor,AirSlash,ExtremeSpeed|Quiet||F|||50|]Espeon||FocusSash|MagicBounce|Psychic,ShadowBall,Psyshock,Detect|Timid||F|||50|]Noivern||WiseGlasses|Telepathy|AirSlash,Boomburst,HeatWave,Tailwind|Timid||F|||50|
|
|t:|1783698948
|teamsize|p1|4
|teamsize|p2|4
|start
|switch|p1a: Tyranitar|Tyranitar, L50, M|100/100
|switch|p1b: Staraptor|Staraptor, L50, M|100/100
|switch|p2a: Meganium|Meganium, L50, F|100/100
|switch|p2b: Scovillain|Scovillain, L50, M|100/100
|-ability|p1b: Staraptor|Intimidate|boost
|-unboost|p2a: Meganium|atk|1
|-unboost|p2b: Scovillain|atk|1
|-weather|Sandstorm|[from] ability: Sand Stream|[of] p1a: Tyranitar
|turn|1
|
|t:|1783698975
|switch|p2a: Espeon|Espeon, L50, F|100/100
|detailschange|p1b: Staraptor|Staraptor-Mega, L50, M
|-mega|p1b: Staraptor|Staraptor|Staraptite
|move|p1a: Tyranitar|Protect|p1a: Tyranitar
|-singleturn|p1a: Tyranitar|Protect
|move|p1b: Staraptor|Brave Bird|p2b: Scovillain
|-supereffective|p2b: Scovillain|1
|-damage|p2b: Scovillain|0 fnt
|faint|p2b: Scovillain
|-damage|p1b: Staraptor|65/100|[from] Recoil
|
|-weather|Sandstorm|[upkeep]
|-damage|p1b: Staraptor|59/100|[from] Sandstorm
|-damage|p2a: Espeon|94/100|[from] Sandstorm
|upkeep
|
|t:|1783698989
|switch|p2b: Dragonite|Dragonite, L50, F, shiny|100/100
|turn|2
|
|t:|1783698997
|move|p1b: Staraptor|Protect|p1b: Staraptor
|-singleturn|p1b: Staraptor|Protect
|move|p2a: Espeon|Detect|p2a: Espeon
|-singleturn|p2a: Espeon|Protect
|move|p2b: Dragonite|Draco Meteor|p1b: Staraptor
|-activate|p1b: Staraptor|move: Protect
|move|p1a: Tyranitar|Crunch|p2a: Espeon
|-activate|p2a: Espeon|move: Protect
|
|-weather|Sandstorm|[upkeep]
|-damage|p2a: Espeon|88/100|[from] Sandstorm
|-damage|p1b: Staraptor|53/100|[from] Sandstorm
|-damage|p2b: Dragonite|93/100|[from] Sandstorm
|upkeep
|turn|3
|
|t:|1783699022
|switch|p1b: Snorlax|Snorlax, L50, M|100/100
|move|p2a: Espeon|Psychic|p1b: Snorlax
|-damage|p1b: Snorlax|78/100
|move|p2b: Dragonite|Roost|p2b: Dragonite
|-heal|p2b: Dragonite|100/100
|-singleturn|p2b: Dragonite|move: Roost
|move|p1a: Tyranitar|Crunch|p2a: Espeon
|-supereffective|p2a: Espeon|1
|-damage|p2a: Espeon|0 fnt
|faint|p2a: Espeon
|
|-weather|Sandstorm|[upkeep]
|-damage|p2b: Dragonite|93/100|[from] Sandstorm
|-damage|p1b: Snorlax|72/100|[from] Sandstorm
|upkeep
|
|t:|1783699036
|switch|p2a: Meganium|Meganium, L50, F|100/100
|turn|4
|
|t:|1783699070
|detailschange|p2a: Meganium|Meganium-Mega, L50, F
|-mega|p2a: Meganium|Meganium|Meganiumite
|move|p1a: Tyranitar|Protect|p1a: Tyranitar
|-singleturn|p1a: Tyranitar|Protect
|move|p2a: Meganium|Dazzling Gleam|p1b: Snorlax|[spread] p1b
|-activate|p1a: Tyranitar|move: Protect
|-crit|p1b: Snorlax
|-damage|p1b: Snorlax|46/100
|move|p2b: Dragonite|Air Slash|p1a: Tyranitar
|-activate|p1a: Tyranitar|move: Protect
|move|p1b: Snorlax|Yawn|p2b: Dragonite
|-start|p2b: Dragonite|move: Yawn|[of] p1b: Snorlax
|
|-weather|Sandstorm|[upkeep]
|-damage|p2a: Meganium|94/100|[from] Sandstorm
|-damage|p2b: Dragonite|87/100|[from] Sandstorm
|-damage|p1b: Snorlax|40/100|[from] Sandstorm
|upkeep
|turn|5
|
|t:|1783699099
|switch|p1a: Typhlosion|Typhlosion, L50, M|100/100
|move|p2b: Dragonite|Extreme Speed|p1b: Snorlax
|-damage|p1b: Snorlax|17/100
|move|p2a: Meganium|Solar Beam||[still]
|-prepare|p2a: Meganium|Solar Beam
|-activate|p2a: Meganium|ability: Mega Sol
|-anim|p2a: Meganium|Solar Beam|p1a: Typhlosion
|-resisted|p1a: Typhlosion|1
|-damage|p1a: Typhlosion|51/100
|move|p1b: Snorlax|Rest|p1b: Snorlax
|-status|p1b: Snorlax|slp|[from] move: Rest
|-heal|p1b: Snorlax|100/100 slp|[silent]
|-enditem|p1b: Snorlax|Chesto Berry|[eat]
|-curestatus|p1b: Snorlax|slp|[msg]
|
|-weather|none
|-end|p2b: Dragonite|move: Yawn|[silent]
|-status|p2b: Dragonite|slp
|upkeep
|turn|6
|
|t:|1783699131
|move|p1a: Typhlosion|Overheat|p2a: Meganium
|-supereffective|p2a: Meganium|1
|-damage|p2a: Meganium|0 fnt
|-unboost|p1a: Typhlosion|spa|2
|faint|p2a: Meganium
|cant|p2b: Dragonite|slp
|move|p1b: Snorlax|Body Slam|p2b: Dragonite
|-damage|p2b: Dragonite|58/100 slp
|
|upkeep
|turn|7
|
|t:|1783699152
|switch|p1a: Tyranitar|Tyranitar, L50, M|100/100
|-weather|Sandstorm|[from] ability: Sand Stream|[of] p1a: Tyranitar
|cant|p2b: Dragonite|slp
|move|p1b: Snorlax|Body Slam|p2b: Dragonite
|-damage|p2b: Dragonite|26/100 slp
|
|-weather|Sandstorm|[upkeep]
|-damage|p2b: Dragonite|20/100y slp|[from] Sandstorm
|-damage|p1b: Snorlax|94/100|[from] Sandstorm
|upkeep
|turn|8
|
|t:|1783699166
|-curestatus|p2b: Dragonite|slp|[msg]
|move|p2b: Dragonite|Roost|p2b: Dragonite
|-heal|p2b: Dragonite|70/100
|-singleturn|p2b: Dragonite|move: Roost
|move|p1a: Tyranitar|Crunch|p2b: Dragonite
|-damage|p2b: Dragonite|33/100
|move|p1b: Snorlax|Body Slam|p2b: Dragonite
|-damage|p2b: Dragonite|3/100
|
|-weather|Sandstorm|[upkeep]
|-damage|p2b: Dragonite|0 fnt|[from] Sandstorm
|-damage|p1b: Snorlax|88/100|[from] Sandstorm
|faint|p2b: Dragonite
|
|win|fancy_0221
|l|☆CJ The Changeling
|player|p2|
|j| Stormyparadise
|l| Stormyparadise
