|j|☆Alfonso3838
|j|☆MBW 2099
|html|Alfonso3838MBW 2099    
|uhtml|bestof|Game 1 of a best-of-3
|t:|1756767898
|gametype|doubles
|player|p1|Alfonso3838|101|1013
|player|p2|MBW 2099|veteran|1034
|gen|9
|tier|[Gen 9] VGC 2025 Reg H (Bo3)
|rated|
|rule|Species Clause: Limit one of each Pokémon
|rule|Item Clause: Limit 1 of each item
|clearpoke
|poke|p1|Ursaluna, L50, F|
|poke|p1|Indeedee-F, L50, F|
|poke|p1|Exeggutor, L50, F|
|poke|p1|Torkoal, L50, M|
|poke|p1|Gallade, L50, M|
|poke|p1|Zoroark-Hisui, L50, F|
|poke|p2|Dragapult, L50, F|
|poke|p2|Sneasler, L50, M|
|poke|p2|Grimmsnarl, L50, M|
|poke|p2|Dragonite, L50, M|
|poke|p2|Incineroar, L50, M|
|poke|p2|Volcarona, L50, F|
|teampreview|4
|showteam|p1|Ursaluna||FlameOrb|Guts|Earthquake,Facade,Protect,HeadlongRush|||F|||50|,,,,,Ghost]Indeedee-F||PsychicSeed|PsychicSurge|TrickRoom,Psychic,FollowMe,HelpingHand|||F|||50|,,,,,Grass]Exeggutor||FocusSash|Chlorophyll|TrickRoom,ExpandingForce,EnergyBall,SleepPowder|||F|||50|,,,,,Fairy]Torkoal||Charcoal|Drought|ClearSmog,Eruption,WeatherBall,Protect|||M|||50|,,,,,Fire]Gallade||ClearAmulet|Sharpness|PsychoCut,TrickRoom,WideGuard,SacredSword|||M|||50|,,,,,Psychic]Zoroark-Hisui||ChoiceSpecs|Illusion|HyperVoice,Flamethrower,ShadowBall,TeraBlast|||F|||50|,,,,,Normal
|showteam|p2|Dragapult||EjectPack|ClearBody|Protect,Thunderbolt,Flamethrower,DracoMeteor|||F|||50|,,,,,Normal]Sneasler||FocusSash|Unburden|DireClaw,FakeOut,CloseCombat,ThroatChop|||M|||50|,,,,,Dark]Grimmsnarl||MentalHerb|Prankster|SuckerPunch,Taunt,ThunderWave,LightScreen|||M|||50|,,,,,Ghost]Dragonite||LoadedDice|Multiscale|ExtremeSpeed,ScaleShot,Earthquake,Protect|||M|||50|,,,,,Fairy]Incineroar||SitrusBerry|Intimidate|FakeOut,PartingShot,KnockOff,Taunt|||M|||50|,,,,,Water]Volcarona||SafetyGoggles|FlameBody|RagePowder,HeatWave,QuiverDance,GigaDrain|||F|||50|,,,,,Dark
|inactive|Battle timer is ON: inactive players will automatically lose when time's up. (requested by MBW 2099)
|inactive|MBW 2099 has 60 seconds left.
|inactive|Alfonso3838 has 60 seconds left.
|
|t:|1756767956
|teamsize|p1|4
|teamsize|p2|4
|start
|switch|p1a: Torkoal|Torkoal, L50, M, shiny|100/100
|switch|p1b: Indeedee|Indeedee-F, L50, F|100/100
|switch|p2a: Dragapult|Dragapult, L50, F|100/100
|switch|p2b: Incineroar|Incineroar, L50, M|100/100
|-ability|p2b: Incineroar|Intimidate|boost
|-unboost|p1a: Torkoal|atk|1
|-unboost|p1b: Indeedee|atk|1
|-fieldstart|move: Psychic Terrain|[from] ability: Psychic Surge|[of] p1b: Indeedee
|-enditem|p1b: Indeedee|Psychic Seed
|-boost|p1b: Indeedee|spd|1|[from] item: Psychic Seed
|-weather|SunnyDay|[from] ability: Drought|[of] p1a: Torkoal
|turn|1
|inactive|MBW 2099 has 30 seconds left.
|
|t:|1756767983
|move|p1a: Torkoal|Protect|p1a: Torkoal
|-singleturn|p1a: Torkoal|Protect
|move|p2a: Dragapult|Draco Meteor|p1a: Torkoal
|-activate|p1a: Torkoal|move: Protect
|move|p2b: Incineroar|Taunt|p1b: Indeedee
|-start|p1b: Indeedee|move: Taunt
|cant|p1b: Indeedee|move: Taunt|Trick Room
|
|-weather|SunnyDay|[upkeep]
|upkeep
|turn|2
|
|t:|1756768008
|switch|p1b: Gallade|Gallade, L50, M|100/100
|move|p2a: Dragapult|Draco Meteor|p1b: Gallade
|-damage|p1b: Gallade|38/100
|-unboost|p2a: Dragapult|spa|2
|-enditem|p2a: Dragapult|Eject Pack
|
|t:|1756768026
|switch|p2a: Dragonite|Dragonite, L50, M|100/100
|move|p2b: Incineroar|Knock Off|p1a: Torkoal
|-damage|p1a: Torkoal|66/100
|-enditem|p1a: Torkoal|Charcoal|[from] move: Knock Off|[of] p2b: Incineroar
|move|p1a: Torkoal|Eruption|p2b: Incineroar|[spread] p2a,p2b
|-resisted|p2a: Dragonite
|-resisted|p2b: Incineroar
|-damage|p2a: Dragonite|87/100
|-damage|p2b: Incineroar|79/100
|
|-weather|SunnyDay|[upkeep]
|upkeep
|turn|3
|
|t:|1756768050
|move|p1a: Torkoal|Protect|p1a: Torkoal
|-singleturn|p1a: Torkoal|Protect
|move|p2a: Dragonite|Scale Shot|p1b: Gallade
|-damage|p1b: Gallade|17/100
|-damage|p1b: Gallade|0 fnt
|faint|p1b: Gallade
|-hitcount|p1: Gallade|2
|-unboost|p2a: Dragonite|def|1
|-boost|p2a: Dragonite|spe|1
|move|p2b: Incineroar|Parting Shot|p1a: Torkoal
|-activate|p1a: Torkoal|move: Protect
|
|-weather|SunnyDay|[upkeep]
|upkeep
|
|t:|1756768056
|switch|p1b: Indeedee|Indeedee-F, L50, F|100/100
|turn|4
|inactive|MBW 2099 has 30 seconds left.
|
|t:|1756768084
|-terastallize|p1a: Torkoal|Fire
|move|p2a: Dragonite|Protect|p2a: Dragonite
|-singleturn|p2a: Dragonite|Protect
|move|p2b: Incineroar|Taunt|p1b: Indeedee
|-start|p1b: Indeedee|move: Taunt
|move|p1a: Torkoal|Eruption|p2a: Dragonite|[spread] p2b
|-activate|p2a: Dragonite|move: Protect
|-resisted|p2b: Incineroar
|-damage|p2b: Incineroar|53/100
|cant|p1b: Indeedee|move: Taunt|Trick Room
|
|-weather|SunnyDay|[upkeep]
|upkeep
|turn|5
|-message|Alfonso3838 forfeited.
|
|win|MBW 2099
|l|☆Alfonso3838
|player|p1|
