|j|☆breloomb01
|j|☆vibe1300
|html|breloomb01vibe1300    
|uhtml|bestof|Game 2 of a best-of-3
|t:|1785438720
|gametype|doubles
|player|p1|breloomb01|roughneck|1212
|player|p2|vibe1300|265|1248
|gen|9
|tier|[Gen 9 Champions] VGC 2026 Reg M-B (Bo3)
|rated|
|rule|Species Clause: Limit one of each Pokémon
|rule|Item Clause: Limit 1 of each item
|clearpoke
|poke|p1|Floette-Eternal, L50, F|
|poke|p1|Incineroar, L50, M|
|poke|p1|Sinistcha, L50|
|poke|p1|Garchomp, L50, M|
|poke|p1|Sneasler, L50, F|
|poke|p1|Rotom-Wash, L50|
|poke|p2|Pelipper, L50, M|
|poke|p2|Swampert, L50, F|
|poke|p2|Vivillon, L50, M|
|poke|p2|Archaludon, L50, F|
|poke|p2|Blastoise, L50, M|
|poke|p2|Kingambit, L50, M|
|teampreview|4
|showteam|p1|Floette-Eternal||Floettite|FlowerVeil|DrainingKiss,DazzlingGleam,CalmMind,Protect|Modest||F|||50|]Incineroar||SitrusBerry|Intimidate|FakeOut,FlareBlitz,ThroatChop,PartingShot|Careful||M|||50|]Sinistcha||KasibBerry|Hospitality|Protect,RagePowder,MatchaGotcha,TrickRoom|Calm|||||50|]Garchomp||LifeOrb|RoughSkin|Earthquake,DragonClaw,RockSlide,Protect|Jolly||M|||50|]Sneasler||FocusSash|PoisonTouch|FakeOut,DireClaw,CloseCombat,Protect|Jolly||F|||50|]Rotom-Wash||Leftovers|Levitate|HydroPump,Protect,WillOWisp,Electroweb|Bold|||||50|
|showteam|p2|Pelipper||SitrusBerry|Drizzle|WeatherBall,Hurricane,Tailwind,HelpingHand|Modest||M|||50|]Swampert||Swampertite|Damp|WaveCrash,Earthquake,IcePunch,Protect|Adamant||F|||50|]Vivillon||FocusSash|CompoundEyes|Hurricane,SleepPowder,RagePowder,Protect|Timid||M|||50|]Archaludon||Leftovers|Stamina|ElectroShot,DragonPulse,FlashCannon,Protect|Modest||F|||50|]Blastoise||Blastoisinite|RainDish|Protect,ShellSmash,MuddyWater,DarkPulse|Modest||M|||50|]Kingambit||LifeOrb|Defiant|KowtowCleave,SuckerPunch,IronHead,LowKick|Adamant||M|||50|
|
|t:|1785438744
|teamsize|p1|4
|teamsize|p2|4
|start
|switch|p1a: Incineroar|Incineroar, L50, M|100/100
|switch|p1b: Floette|Floette-Eternal, L50, F|100/100
|switch|p2a: Vivillon|Vivillon, L50, M|100/100
|switch|p2b: Blastoise|Blastoise, L50, M|100/100
|-ability|p1a: Incineroar|Intimidate|boost
|-unboost|p2a: Vivillon|atk|1
|-unboost|p2b: Blastoise|atk|1
|turn|1
|
|t:|1785438756
|detailschange|p1b: Floette|Floette-Mega, L50, F
|-mega|p1b: Floette|Floette|Floettite
|-ability|p1b: Floette|Fairy Aura
|detailschange|p2b: Blastoise|Blastoise-Mega, L50, M
|-mega|p2b: Blastoise|Blastoise|Blastoisinite
|move|p1a: Incineroar|Fake Out|p2a: Vivillon
|-damage|p2a: Vivillon|80/100
|cant|p2a: Vivillon|flinch
|move|p1b: Floette|Calm Mind|p1b: Floette
|-boost|p1b: Floette|spa|1
|-boost|p1b: Floette|spd|1
|move|p2b: Blastoise|Shell Smash|p2b: Blastoise
|-unboost|p2b: Blastoise|def|1
|-unboost|p2b: Blastoise|spd|1
|-boost|p2b: Blastoise|atk|2
|-boost|p2b: Blastoise|spa|2
|-boost|p2b: Blastoise|spe|2
|
|upkeep
|turn|2
|inactive|Battle timer is ON: inactive players will automatically lose when time's up. (requested by vibe1300)
|
|t:|1785438778
|move|p2b: Blastoise|Muddy Water|p1a: Incineroar|[spread] p1a,p1b
|-supereffective|p1a: Incineroar|1
|-damage|p1a: Incineroar|0 fnt
|-damage|p1b: Floette|65/100
|faint|p1a: Incineroar
|move|p2a: Vivillon|Sleep Powder|p1b: Floette
|-status|p1b: Floette|slp|[from] move: Sleep Powder
|cant|p1b: Floette|slp
|
|upkeep
|
|t:|1785438782
|switch|p1a: Sinistcha|Sinistcha, L50|100/100
|-heal|p1b: Floette|90/100 slp|[from] ability: Hospitality|[of] p1a: Sinistcha
|turn|3
|
|t:|1785438798
|move|p2b: Blastoise|Muddy Water|p1a: Sinistcha|[spread] p1a
|-miss|p2b: Blastoise|p1b: Floette
|-resisted|p1a: Sinistcha|1
|-damage|p1a: Sinistcha|63/100
|move|p2a: Vivillon|Hurricane|p1a: Sinistcha
|-supereffective|p1a: Sinistcha|1
|-damage|p1a: Sinistcha|0 fnt
|faint|p1a: Sinistcha
|cant|p1b: Floette|slp
|
|upkeep
|
|t:|1785438806
|switch|p1a: Sneasler|Sneasler, L50, F|100/100
|turn|4
|
|t:|1785438821
|move|p2b: Blastoise|Protect|p2b: Blastoise
|-singleturn|p2b: Blastoise|Protect
|move|p2a: Vivillon|Protect|p2a: Vivillon
|-singleturn|p2a: Vivillon|Protect
|move|p1a: Sneasler|Fake Out|p2b: Blastoise
|-activate|p2b: Blastoise|move: Protect
|-curestatus|p1b: Floette|slp|[msg]
|move|p1b: Floette|Dazzling Gleam|p2b: Blastoise|[spread] 
|-activate|p2a: Vivillon|move: Protect
|-activate|p2b: Blastoise|move: Protect
|
|upkeep
|turn|5
|inactive|vibe1300 has 30 seconds left.
|
|t:|1785438849
|move|p2b: Blastoise|Muddy Water|p1a: Sneasler|[spread] p1a
|-miss|p2b: Blastoise|p1b: Floette
|-enditem|p1a: Sneasler|Focus Sash
|-damage|p1a: Sneasler|1/100
|move|p1a: Sneasler|Dire Claw|p2a: Vivillon
|-damage|p2a: Vivillon|1/100
|-status|p2a: Vivillon|par
|move|p1b: Floette|Dazzling Gleam|p2b: Blastoise|[spread] p2a,p2b
|-damage|p2a: Vivillon|0 fnt
|-damage|p2b: Blastoise|0 fnt
|faint|p2a: Vivillon
|faint|p2b: Blastoise
|
|upkeep
|
|t:|1785438864
|switch|p2a: Pelipper|Pelipper, L50, M|100/100
|switch|p2b: Archaludon|Archaludon, L50, F|100/100
|-weather|RainDance|[from] ability: Drizzle|[of] p2a: Pelipper
|turn|6
|
|t:|1785438875
|move|p2b: Archaludon|Protect|p2b: Archaludon
|-singleturn|p2b: Archaludon|Protect
|move|p1a: Sneasler|Dire Claw|p2a: Pelipper
|-damage|p2a: Pelipper|52/100
|move|p1b: Floette|Dazzling Gleam|p2b: Archaludon|[spread] p2a
|-activate|p2b: Archaludon|move: Protect
|-damage|p2a: Pelipper|0 fnt
|faint|p2a: Pelipper
|
|-weather|RainDance|[upkeep]
|upkeep
|turn|7
|-message|vibe1300 forfeited.
|
|win|breloomb01
|raw|breloomb01's rating: 1212 → 1240(+28 for winning)
|raw|vibe1300's rating: 1248 → 1220(-28 for losing)
|c|☆breloomb01|Ggs
