|j|☆lux raymundi
|j|☆bagunks
|html|lux raymundibagunks    
|uhtml|bestof|Game 1 of a best-of-3
|t:|1786070027
|gametype|doubles
|player|p1|lux raymundi|265|1207
|player|p2|bagunks|sage|1093
|gen|9
|tier|[Gen 9 Champions] VGC 2026 Reg M-B (Bo3)
|rated|
|rule|Species Clause: Limit one of each Pokémon
|rule|Item Clause: Limit 1 of each item
|clearpoke
|poke|p1|Sneasler, L50, M|
|poke|p1|Blastoise, L50, M|
|poke|p1|Kingambit, L50, M|
|poke|p1|Incineroar, L50, M|
|poke|p1|Delphox, L50, F|
|poke|p1|Sinistcha, L50|
|poke|p2|Blaziken, L50, M, shiny|
|poke|p2|Dragonite, L50, M|
|poke|p2|Gholdengo, L50|
|poke|p2|Meowscarada, L50, F, shiny|
|poke|p2|Mudsdale, L50, M|
|poke|p2|Sylveon, L50, F, shiny|
|teampreview|4
|showteam|p1|Sneasler||FocusSash|PoisonTouch|PoisonJab,CloseCombat,FakeOut,QuickGuard|Jolly||M|||50|]Blastoise||Blastoisinite|RainDish|DarkPulse,WaterSpout,ShellSmash,Protect|Modest||M|||50|]Kingambit||BlackGlasses|Defiant|KowtowCleave,SuckerPunch,SwordsDance,Protect|Adamant||M|||50|]Incineroar||SitrusBerry|Intimidate|FlareBlitz,ThroatChop,PartingShot,FakeOut|Careful||M|||50|]Delphox||Delphoxite|Blaze|HeatWave,NastyPlot,Psychic,Protect|Timid||F|||50|]Sinistcha||KasibBerry|Hospitality|MatchaGotcha,RagePowder,TrickRoom,Protect|Bold|||||50|
|showteam|p2|Blaziken||Blazikenite|SpeedBoost|CloseCombat,FlareBlitz,Protect,RockSlide|Adamant||M|||50|]Dragonite||WhiteHerb|Multiscale|ExtremeSpeed,Protect,ScaleShot,Superpower|Adamant||M|||50|]Gholdengo||ChoiceScarf|GoodasGold|FocusBlast,MakeItRain,PowerGem,ShadowBall|Modest|||||50|]Meowscarada||LifeOrb|Protean|FlowerTrick,Protect,SuckerPunch,TripleAxel|Jolly||F|||50|]Mudsdale||SitrusBerry|Stamina|Curse,Earthquake,HeavySlam,Protect|Adamant||M|||50|]Sylveon||FocusSash|Pixilate|Detect,HyperVoice,QuickAttack,Yawn|Timid||F|||50|
|
|t:|1786070064
|teamsize|p1|4
|teamsize|p2|4
|start
|switch|p1a: Sneasler|Sneasler, L50, M|100/100
|switch|p1b: Delphox|Delphox, L50, F|100/100
|switch|p2a: Dragonite|Dragonite, L50, M|100/100
|switch|p2b: Gholdengo|Gholdengo, L50|100/100
|turn|1
|
|t:|1786070079
|detailschange|p1b: Delphox|Delphox-Mega, L50, F
|-mega|p1b: Delphox|Delphox|Delphoxite
|move|p1a: Sneasler|Fake Out|p2a: Dragonite
|-crit|p2a: Dragonite
|-damage|p2a: Dragonite|90/100
|-status|p2a: Dragonite|psn|[from] ability: Poison Touch|[of] p1a: Sneasler
|move|p1b: Delphox|Heat Wave|p2a: Dragonite|[spread] p2b
|-miss|p1b: Delphox|p2a: Dragonite
|-supereffective|p2b: Gholdengo|1
|-damage|p2b: Gholdengo|0 fnt
|faint|p2b: Gholdengo
|cant|p2a: Dragonite|flinch
|
|-damage|p2a: Dragonite|78/100 psn|[from] psn
|upkeep
|
|t:|1786070108
|switch|p2b: Blaziken|Blaziken, L50, M, shiny|100/100
|turn|2
|
|t:|1786070123
|switch|p1b: Incineroar|Incineroar, L50, M|100/100
|-ability|p1b: Incineroar|Intimidate|boost
|-unboost|p2a: Dragonite|atk|1
|-unboost|p2b: Blaziken|atk|1
|-enditem|p2a: Dragonite|White Herb
|-clearnegativeboost|p2a: Dragonite|[silent]
|move|p1a: Sneasler|Poison Jab|p2a: Dragonite
|-damage|p2a: Dragonite|32/100 psn
|move|p2b: Blaziken|Rock Slide|p1a: Sneasler|[spread] p1a,p1b
|-resisted|p1a: Sneasler|1
|-supereffective|p1b: Incineroar|1
|-damage|p1a: Sneasler|87/100
|-damage|p1b: Incineroar|75/100
|move|p2a: Dragonite|Scale Shot|p1a: Sneasler
|-damage|p1a: Sneasler|64/100
|-damage|p1a: Sneasler|39/100
|-hitcount|p1a: Sneasler|2
|-unboost|p2a: Dragonite|def|1
|-boost|p2a: Dragonite|spe|1
|
|-damage|p2a: Dragonite|20/100y psn|[from] psn
|-ability|p2b: Blaziken|Speed Boost|boost
|-boost|p2b: Blaziken|spe|1
|upkeep
|turn|3
|
|t:|1786070147
|switch|p2b: Meowscarada|Meowscarada, L50, F, shiny|100/100
|switch|p1a: Sinistcha|Sinistcha, L50|100/100
|-heal|p1b: Incineroar|100/100|[from] ability: Hospitality|[of] p1a: Sinistcha
|move|p2a: Dragonite|Protect|p2a: Dragonite
|-singleturn|p2a: Dragonite|Protect
|move|p1b: Incineroar|Fake Out|p2a: Dragonite
|-activate|p2a: Dragonite|move: Protect
|
|-damage|p2a: Dragonite|8/100 psn|[from] psn
|upkeep
|turn|4
|
|t:|1786070168
|switch|p1a: Delphox|Delphox-Mega, L50, F|100/100
|move|p2b: Meowscarada|Triple Axel|p1a: Delphox
|-start|p2b: Meowscarada|typechange|Ice|[from] ability: Protean
|-resisted|p1a: Delphox|1
|-damage|p1a: Delphox|90/100
|-resisted|p1a: Delphox|1
|-damage|p1a: Delphox|71/100
|-resisted|p1a: Delphox|1
|-damage|p1a: Delphox|44/100
|-hitcount|p1a: Delphox|3
|-damage|p2b: Meowscarada|90/100|[from] item: Life Orb
|move|p2a: Dragonite|Scale Shot|p1b: Incineroar
|-damage|p1b: Incineroar|85/100
|-damage|p1b: Incineroar|70/100
|-hitcount|p1b: Incineroar|2
|-unboost|p2a: Dragonite|def|1
|-boost|p2a: Dragonite|spe|1
|move|p1b: Incineroar|Parting Shot|p2b: Meowscarada
|-unboost|p2b: Meowscarada|atk|1
|-unboost|p2b: Meowscarada|spa|1
|
|t:|1786070184
|switch|p1b: Sinistcha|Sinistcha, L50|100/100|[from] Parting Shot
|-heal|p1a: Delphox|69/100|[from] ability: Hospitality|[of] p1b: Sinistcha
|
|-damage|p2a: Dragonite|0 fnt|[from] psn
|faint|p2a: Dragonite
|upkeep
|
|t:|1786070189
|switch|p2a: Blaziken|Blaziken, L50, M, shiny|100/100
|turn|5
|
|t:|1786070197
|switch|p1b: Incineroar|Incineroar, L50, M|70/100
|-ability|p1b: Incineroar|Intimidate|boost
|-unboost|p2a: Blaziken|atk|1
|-unboost|p2b: Meowscarada|atk|1
|detailschange|p2a: Blaziken|Blaziken-Mega, L50, M, shiny
|-mega|p2a: Blaziken|Blaziken|Blazikenite
|move|p1a: Delphox|Heat Wave|p2b: Meowscarada|[spread] p2a,p2b
|-resisted|p2a: Blaziken|1
|-supereffective|p2b: Meowscarada|1
|-damage|p2a: Blaziken|70/100
|-damage|p2b: Meowscarada|0 fnt
|faint|p2b: Meowscarada
|move|p2a: Blaziken|Rock Slide|p1a: Delphox|[spread] p1a,p1b
|-supereffective|p1a: Delphox|1
|-supereffective|p1b: Incineroar|1
|-damage|p1a: Delphox|17/100
|-damage|p1b: Incineroar|38/100
|-enditem|p1b: Incineroar|Sitrus Berry|[eat]
|-heal|p1b: Incineroar|63/100|[from] item: Sitrus Berry
|
|-ability|p2a: Blaziken|Speed Boost|boost
|-boost|p2a: Blaziken|spe|1
|upkeep
|turn|6
|
|t:|1786070222
|move|p2a: Blaziken|Protect|p2a: Blaziken
|-singleturn|p2a: Blaziken|Protect
|move|p1b: Incineroar|Fake Out|p2a: Blaziken
|-activate|p2a: Blaziken|move: Protect
|move|p1a: Delphox|Psychic|p2a: Blaziken
|-activate|p2a: Blaziken|move: Protect
|
|-ability|p2a: Blaziken|Speed Boost|boost
|-boost|p2a: Blaziken|spe|1
|upkeep
|turn|7
|inactive|Battle timer is ON: inactive players will automatically lose when time's up. (requested by lux raymundi)
|inactive|bagunks has 60 seconds left.
|inactive|bagunks has 30 seconds left.
|inactive|bagunks has 20 seconds left.
|inactive|bagunks has 15 seconds left.
|inactive|bagunks has 10 seconds left.
|inactive|bagunks has 5 seconds left.
|
|t:|1786070359
|switch|p1a: Sinistcha|Sinistcha, L50|100/100
|-heal|p1b: Incineroar|88/100|[from] ability: Hospitality|[of] p1a: Sinistcha
|move|p2a: Blaziken|Close Combat|p1a: Sinistcha
|-immune|p1a: Sinistcha
|move|p1b: Incineroar|Parting Shot|p2a: Blaziken
|-unboost|p2a: Blaziken|atk|1
|-unboost|p2a: Blaziken|spa|1
|
|t:|1786070372
|switch|p1b: Delphox|Delphox-Mega, L50, F|17/100|[from] Parting Shot
|
|-ability|p2a: Blaziken|Speed Boost|boost
|-boost|p2a: Blaziken|spe|1
|upkeep
|turn|8
|inactive|bagunks has 30 seconds left.
|inactive|bagunks has 20 seconds left.
|inactive|bagunks has 15 seconds left.
|inactive|bagunks has 10 seconds left.
|inactive|bagunks has 5 seconds left.
|
|t:|1786070427
|move|p1b: Delphox|Protect|p1b: Delphox
|-singleturn|p1b: Delphox|Protect
|move|p2a: Blaziken|Close Combat|p1b: Delphox
|-activate|p1b: Delphox|move: Protect
|move|p1a: Sinistcha|Trick Room|p1a: Sinistcha
|-fieldstart|move: Trick Room|[of] p1a: Sinistcha
|
|-ability|p2a: Blaziken|Speed Boost|boost
|-boost|p2a: Blaziken|spe|1
|upkeep
|turn|9
|inactive|bagunks has 30 seconds left.
|inactive|bagunks has 20 seconds left.
|inactive|bagunks has 15 seconds left.
|inactive|bagunks has 10 seconds left.
|inactive|bagunks has 5 seconds left.
|
|t:|1786070482
|move|p1a: Sinistcha|Rage Powder|p1a: Sinistcha
|-singleturn|p1a: Sinistcha|move: Rage Powder
|move|p1b: Delphox|Psychic|p2a: Blaziken
|-supereffective|p2a: Blaziken|1
|-damage|p2a: Blaziken|0 fnt
|faint|p2a: Blaziken
|
|win|lux raymundi
