|j|☆snailboss
|j|☆natcentre
|html|snailbossnatcentre    
|uhtml|bestof|Game 1 of a best-of-3
|t:|1756413070
|gametype|doubles
|player|p1|snailboss|hilda-wonderlauncher|1224
|player|p2|natcentre|2|1321
|gen|9
|tier|[Gen 9] VGC 2025 Reg H (Bo3)
|rated|
|rule|Species Clause: Limit one of each Pokémon
|rule|Item Clause: Limit 1 of each item
|clearpoke
|poke|p1|Kingambit, L50, M|
|poke|p1|Rillaboom, L50, M|
|poke|p1|Volcarona, L50, M|
|poke|p1|Tauros-Paldea-Aqua, L50, M|
|poke|p1|Electabuzz, L50, F|
|poke|p1|Ninetales-Alola, L50, M|
|poke|p2|Palafin, L50, M|
|poke|p2|Rillaboom, L50, F|
|poke|p2|Volcarona, L50, M|
|poke|p2|Dragapult, L50, F|
|poke|p2|Sneasler, L50, M|
|poke|p2|Kingambit, L50, M|
|teampreview|4
|showteam|p1|Kingambit||BlackGlasses|Defiant|SuckerPunch,KowtowCleave,SwordsDance,Protect|||M|||50|,,,,,Ghost]Rillaboom||AssaultVest|GrassySurge|FakeOut,GrassyGlide,WoodHammer,HighHorsepower|||M|||50|,,,,,Fire]Volcarona||CovertCloak|FlameBody|QuiverDance,HeatWave,GigaDrain,Protect|||M|||50|,,,,,Grass]Tauros-Paldea-Aqua||GrassySeed|Intimidate|WaveCrash,BodyPress,Protect,AquaJet|||M|||50|,,,,,Fire]Electabuzz||Eviolite|VitalSpirit|HelpingHand,Thunderbolt,Protect,FollowMe|||F|||50|,,,,,Fairy]Ninetales-Alola||FocusSash|SnowWarning|Protect,Encore,FreezeDry,Disable|||M|||50|,,,,,Ghost
|showteam|p2|Palafin||MysticWater|ZerotoHero|Protect,WaveCrash,JetPunch,Haze|||M|||50|,,,,,Grass]Rillaboom||AssaultVest|GrassySurge|WoodHammer,Uturn,GrassyGlide,FakeOut|||F|||50|,,,,,Fire]Volcarona||SitrusBerry|FlameBody|Protect,HeatWave,Overheat,Tailwind|||M|||50|,,,,,Fairy]Dragapult||ChoiceSpecs|ClearBody|DracoMeteor,DragonPulse,ShadowBall,TeraBlast|||F|||50|,,,,,Fairy]Sneasler||FocusSash|Unburden|Protect,FakeOut,DireClaw,CloseCombat|||M|||50|,,,,,Stellar]Kingambit||SafetyGoggles|Defiant|Protect,KowtowCleave,SuckerPunch,SwordsDance|||M|||50|,,,,,Ghost
|
|t:|1756413106
|teamsize|p1|4
|teamsize|p2|4
|start
|switch|p1a: Kingambit|Kingambit, L50, M|100/100
|switch|p1b: Electabuzz|Electabuzz, L50, F|100/100
|switch|p2a: Palafin|Palafin, L50, M|100/100
|switch|p2b: Volcarona|Volcarona, L50, M|100/100
|turn|1
|
|t:|1756413118
|detailschange|p2a: Palafin|Palafin-Hero, L50, M
|switch|p2a: Rillaboom|Rillaboom, L50, F|100/100
|-fieldstart|move: Grassy Terrain|[from] ability: Grassy Surge|[of] p2a: Rillaboom
|move|p1b: Electabuzz|Thunderbolt|p2b: Volcarona
|-damage|p2b: Volcarona|72/100
|move|p2b: Volcarona|Heat Wave|p1b: Electabuzz|[spread] p1a,p1b
|-supereffective|p1a: Kingambit
|-damage|p1a: Kingambit|31/100
|-damage|p1b: Electabuzz|73/100
|-status|p1b: Electabuzz|brn
|move|p1a: Kingambit|Swords Dance|p1a: Kingambit
|-boost|p1a: Kingambit|atk|2
|
|-heal|p1b: Electabuzz|79/100 brn|[from] Grassy Terrain
|-heal|p2b: Volcarona|78/100|[from] Grassy Terrain
|-heal|p1a: Kingambit|37/100|[from] Grassy Terrain
|-damage|p1b: Electabuzz|73/100 brn|[from] brn
|upkeep
|turn|2
|
|t:|1756413140
|-terastallize|p2b: Volcarona|Fairy
|-terastallize|p1a: Kingambit|Ghost
|move|p1b: Electabuzz|Helping Hand|p1a: Kingambit
|-singleturn|p1a: Kingambit|Helping Hand|[of] p1b: Electabuzz
|move|p1a: Kingambit|Sucker Punch|p2b: Volcarona
|-resisted|p2b: Volcarona
|-damage|p2b: Volcarona|0 fnt
|faint|p2b: Volcarona
|move|p2a: Rillaboom|Wood Hammer|p1b: Electabuzz
|-damage|p1b: Electabuzz|11/100 brn
|-damage|p2a: Rillaboom|84/100|[from] Recoil
|
|-heal|p1b: Electabuzz|17/100 brn|[from] Grassy Terrain
|-heal|p2a: Rillaboom|90/100|[from] Grassy Terrain
|-heal|p1a: Kingambit|43/100|[from] Grassy Terrain
|-damage|p1b: Electabuzz|11/100 brn|[from] brn
|upkeep
|
|t:|1756413155
|switch|p2b: Palafin|Palafin-Hero, L50, M|100/100
|-activate|p2b: Palafin|ability: Zero to Hero
|turn|3
|
|t:|1756413175
|move|p1b: Electabuzz|Follow Me|p1b: Electabuzz
|-singleturn|p1b: Electabuzz|move: Follow Me
|move|p2b: Palafin|Jet Punch|p1b: Electabuzz
|-damage|p1b: Electabuzz|0 fnt
|faint|p1b: Electabuzz
|move|p2a: Rillaboom|Grassy Glide|p1a: Kingambit
|-damage|p1a: Kingambit|16/100
|move|p1a: Kingambit|Kowtow Cleave|p2a: Rillaboom
|-damage|p2a: Rillaboom|0 fnt
|faint|p2a: Rillaboom
|
|-heal|p1a: Kingambit|22/100|[from] Grassy Terrain
|upkeep
|
|t:|1756413185
|switch|p1b: Rillaboom|Rillaboom, L50, M|100/100
|switch|p2a: Sneasler|Sneasler, L50, M|100/100
|turn|4
|
|t:|1756413203
|move|p2b: Palafin|Protect|p2b: Palafin
|-singleturn|p2b: Palafin|Protect
|move|p1a: Kingambit|Protect|p1a: Kingambit
|-singleturn|p1a: Kingambit|Protect
|move|p2a: Sneasler|Dire Claw|p1b: Rillaboom
|-supereffective|p1b: Rillaboom
|-damage|p1b: Rillaboom|21/100
|-status|p1b: Rillaboom|slp
|cant|p1b: Rillaboom|slp
|
|-heal|p1b: Rillaboom|27/100 slp|[from] Grassy Terrain
|-heal|p1a: Kingambit|28/100|[from] Grassy Terrain
|upkeep
|turn|5
|
|t:|1756413224
|move|p2b: Palafin|Jet Punch|p1a: Kingambit
|-damage|p1a: Kingambit|0 fnt
|faint|p1a: Kingambit
|cant|p1b: Rillaboom|slp
|move|p2a: Sneasler|Dire Claw|p1b: Rillaboom
|-supereffective|p1b: Rillaboom
|-damage|p1b: Rillaboom|0 fnt
|faint|p1b: Rillaboom
|
|-fieldend|move: Grassy Terrain
|upkeep
|
|t:|1756413231
|switch|p1b: Tauros|Tauros-Paldea-Aqua, L50, M|100/100
|-ability|p1b: Tauros|Intimidate|boost
|-unboost|p2a: Sneasler|atk|1
|-unboost|p2b: Palafin|atk|1
|turn|6
|
|t:|1756413240
|move|p2a: Sneasler|Close Combat|p1b: Tauros
|-damage|p1b: Tauros|62/100
|-unboost|p2a: Sneasler|def|1
|-unboost|p2a: Sneasler|spd|1
|move|p1b: Tauros|Body Press|p2b: Palafin
|-damage|p2b: Palafin|67/100
|move|p2b: Palafin|Wave Crash|p1b: Tauros
|-resisted|p1b: Tauros
|-damage|p1b: Tauros|34/100
|-damage|p2b: Palafin|59/100|[from] Recoil
|
|upkeep
|turn|7
|
|t:|1756413252
|move|p2a: Sneasler|Close Combat|p1b: Tauros
|-damage|p1b: Tauros|0 fnt
|-unboost|p2a: Sneasler|def|1
|-unboost|p2a: Sneasler|spd|1
|faint|p1b: Tauros
|
|win|natcentre
