|j|☆cooledoregon
|j|☆abgesaftet
|html|cooledoregonabgesaftet    
|uhtml|bestof|Game 1 of a best-of-3
|t:|1783708733
|gametype|doubles
|player|p1|cooledoregon|2|1316
|player|p2|abgesaftet|ballguy|1526
|gen|9
|tier|[Gen 9 Champions] VGC 2026 Reg M-B (Bo3)
|rated|
|rule|Species Clause: Limit one of each Pokémon
|rule|Item Clause: Limit 1 of each item
|clearpoke
|poke|p1|Venusaur, L50, M|
|poke|p1|Pelipper, L50, F|
|poke|p1|Swampert, L50, M|
|poke|p1|Archaludon, L50, F|
|poke|p1|Grimmsnarl, L50, M|
|poke|p1|Incineroar, L50, F|
|poke|p2|Sinistcha-Masterpiece, L50|
|poke|p2|Kingambit, L50, M|
|poke|p2|Sneasler, L50, M|
|poke|p2|Floette-Eternal, L50, F|
|poke|p2|Blastoise, L50, M|
|poke|p2|Incineroar, L50, F|
|teampreview|4
|showteam|p1|Venusaur||Venusaurite|Chlorophyll|SludgeBomb,GigaDrain,EarthPower,Protect|Modest||M|||50|]Pelipper||SitrusBerry|Drizzle|WeatherBall,Hurricane,Tailwind,WideGuard|Modest||F|||50|]Swampert||Swampertite|Torrent|WaveCrash,Earthquake,IcePunch,Protect|Adamant||M|||50|]Archaludon||Leftovers|Stamina|ElectroShot,DragonPulse,Protect,FlashCannon|Calm||F|||50|]Grimmsnarl||LightClay|Prankster|PartingShot,LightScreen,Reflect,SuckerPunch|Careful||M|||50|]Incineroar||ShucaBerry|Intimidate|PartingShot,FakeOut,Snarl,ThroatChop|Careful||F|||50|
|showteam|p2|Sinistcha-Masterpiece||OccaBerry|Hospitality|MatchaGotcha,RagePowder,TrickRoom,Protect|Bold|||||50|]Kingambit||LifeOrb|Defiant|KowtowCleave,SuckerPunch,SwordsDance,Protect|Adamant||M|||50|]Sneasler||FocusSash|PoisonTouch|FakeOut,CloseCombat,PoisonJab,RockTomb|Jolly||M|||50|]Floette-Eternal||Floettite|FlowerVeil|Moonblast,DazzlingGleam,CalmMind,Protect|Modest||F|||50|]Blastoise||Blastoisinite|Torrent|WaterSpout,DarkPulse,ShellSmash,Protect|Modest||M|||50|]Incineroar||SitrusBerry|Intimidate|PartingShot,FlareBlitz,ThroatChop,FakeOut|Careful||F|||50|
|inactive|Battle timer is ON: inactive players will automatically lose when time's up. (requested by cooledoregon)
|inactive|cooledoregon has 60 seconds left.
|inactive|cooledoregon has 30 seconds left.
|inactive|cooledoregon has 20 seconds left.
|
|t:|1783708807
|teamsize|p1|4
|teamsize|p2|4
|start
|switch|p1a: Venusaur|Venusaur, L50, M|100/100
|switch|p1b: Grimmsnarl|Grimmsnarl, L50, M|100/100
|switch|p2a: Blastoise|Blastoise, L50, M|100/100
|switch|p2b: Incineroar|Incineroar, L50, F|100/100
|-ability|p2b: Incineroar|Intimidate|boost
|-unboost|p1a: Venusaur|atk|1
|-unboost|p1b: Grimmsnarl|atk|1
|turn|1
|
|t:|1783708830
|detailschange|p2a: Blastoise|Blastoise-Mega, L50, M
|-mega|p2a: Blastoise|Blastoise|Blastoisinite
|detailschange|p1a: Venusaur|Venusaur-Mega, L50, M
|-mega|p1a: Venusaur|Venusaur|Venusaurite
|move|p2b: Incineroar|Fake Out|p1a: Venusaur
|-damage|p1a: Venusaur|91/100
|move|p1b: Grimmsnarl|Light Screen|p1b: Grimmsnarl
|-sidestart|p1: cooledoregon|move: Light Screen
|move|p2a: Blastoise|Shell Smash|p2a: Blastoise
|-unboost|p2a: Blastoise|def|1
|-unboost|p2a: Blastoise|spd|1
|-boost|p2a: Blastoise|atk|2
|-boost|p2a: Blastoise|spa|2
|-boost|p2a: Blastoise|spe|2
|cant|p1a: Venusaur|flinch
|
|upkeep
|turn|2
|inactive|cooledoregon has 30 seconds left.
|inactive|abgesaftet has 30 seconds left.
|inactive|cooledoregon has 20 seconds left.
|inactive|abgesaftet has 20 seconds left.
|
|t:|1783708867
|move|p2a: Blastoise|Protect|p2a: Blastoise
|-singleturn|p2a: Blastoise|Protect
|move|p1b: Grimmsnarl|Parting Shot|p2a: Blastoise
|-activate|p2a: Blastoise|move: Protect
|move|p1a: Venusaur|Giga Drain|p2a: Blastoise
|-activate|p2a: Blastoise|move: Protect
|move|p2b: Incineroar|Flare Blitz|p1a: Venusaur
|-supereffective|p1a: Venusaur|1
|-crit|p1a: Venusaur
|-damage|p1a: Venusaur|35/100
|-status|p1a: Venusaur|brn
|-damage|p2b: Incineroar|82/100|[from] Recoil
|
|-damage|p1a: Venusaur|29/100 brn|[from] brn
|upkeep
|turn|3
|inactive|abgesaftet has 30 seconds left.
|
|t:|1783708892
|move|p1b: Grimmsnarl|Parting Shot|p2a: Blastoise
|-unboost|p2a: Blastoise|atk|1
|-unboost|p2a: Blastoise|spa|1
|inactive|cooledoregon has 30 seconds left.
|
|t:|1783708923
|switch|p1b: Archaludon|Archaludon, L50, F|100/100|[from] Parting Shot
|move|p2a: Blastoise|Dark Pulse|p1a: Venusaur
|-damage|p1a: Venusaur|0 fnt
|faint|p1a: Venusaur
|move|p2b: Incineroar|Parting Shot|p1b: Archaludon
|-unboost|p1b: Archaludon|atk|1
|-unboost|p1b: Archaludon|spa|1
|
|t:|1783708931
|switch|p2b: Sneasler|Sneasler, L50, M|100/100|[from] Parting Shot
|
|upkeep
|
|t:|1783708938
|switch|p1a: Grimmsnarl|Grimmsnarl, L50, M|100/100
|turn|4
|inactive|cooledoregon has 30 seconds left.
|
|t:|1783708972
|move|p1b: Archaludon|Protect|p1b: Archaludon
|-singleturn|p1b: Archaludon|Protect
|move|p1a: Grimmsnarl|Reflect|p1a: Grimmsnarl
|-sidestart|p1: cooledoregon|Reflect
|move|p2a: Blastoise|Water Spout|p1a: Grimmsnarl|[spread] p1a
|-activate|p1b: Archaludon|move: Protect
|-damage|p1a: Grimmsnarl|37/100
|move|p2b: Sneasler|Close Combat|p1b: Archaludon
|-activate|p1b: Archaludon|move: Protect
|
|upkeep
|turn|5
|inactive|cooledoregon has 30 seconds left.
|
|t:|1783709000
|switch|p1b: Pelipper|Pelipper, L50, F|100/100
|-weather|RainDance|[from] ability: Drizzle|[of] p1b: Pelipper
|move|p1a: Grimmsnarl|Sucker Punch|p2a: Blastoise
|-damage|p2a: Blastoise|60/100
|move|p2a: Blastoise|Dark Pulse|p1b: Pelipper
|-damage|p1b: Pelipper|41/100
|-enditem|p1b: Pelipper|Sitrus Berry|[eat]
|-heal|p1b: Pelipper|66/100|[from] item: Sitrus Berry
|move|p2b: Sneasler|Close Combat|p1b: Pelipper
|-resisted|p1b: Pelipper|1
|-damage|p1b: Pelipper|46/100
|-unboost|p2b: Sneasler|def|1
|-unboost|p2b: Sneasler|spd|1
|
|-weather|RainDance|[upkeep]
|upkeep
|turn|6
|
|t:|1783709017
|move|p1a: Grimmsnarl|Parting Shot|p2a: Blastoise
|-unboost|p2a: Blastoise|atk|1
|-unboost|p2a: Blastoise|spa|1
|
|t:|1783709020
|switch|p1a: Archaludon|Archaludon, L50, F|100/100|[from] Parting Shot
|move|p2a: Blastoise|Dark Pulse|p1b: Pelipper
|-damage|p1b: Pelipper|8/100
|move|p2b: Sneasler|Poison Jab|p1a: Archaludon
|-immune|p1a: Archaludon
|move|p1b: Pelipper|Hurricane|p2b: Sneasler
|-supereffective|p2b: Sneasler|1
|-crit|p2b: Sneasler
|-enditem|p2b: Sneasler|Focus Sash
|-damage|p2b: Sneasler|1/100
|
|-weather|RainDance|[upkeep]
|upkeep
|turn|7
|
|t:|1783709043
|move|p2a: Blastoise|Water Spout|p1a: Archaludon|[spread] p1a,p1b
|-resisted|p1a: Archaludon|1
|-resisted|p1b: Pelipper|1
|-damage|p1a: Archaludon|83/100
|-damage|p1b: Pelipper|0 fnt
|-ability|p1a: Archaludon|Stamina|boost
|-boost|p1a: Archaludon|def|1
|faint|p1b: Pelipper
|move|p2b: Sneasler|Close Combat|p1a: Archaludon
|-supereffective|p1a: Archaludon|1
|-damage|p1a: Archaludon|42/100
|-unboost|p2b: Sneasler|def|1
|-unboost|p2b: Sneasler|spd|1
|-ability|p1a: Archaludon|Stamina|boost
|-boost|p1a: Archaludon|def|1
|move|p1a: Archaludon|Electro Shot||[still]
|-prepare|p1a: Archaludon|Electro Shot
|-boost|p1a: Archaludon|spa|1
|-anim|p1a: Archaludon|Electro Shot|p2a: Blastoise
|-supereffective|p2a: Blastoise|1
|-damage|p2a: Blastoise|0 fnt
|faint|p2a: Blastoise
|
|-weather|RainDance|[upkeep]
|-heal|p1a: Archaludon|48/100|[from] item: Leftovers
|upkeep
|
|t:|1783709054
|switch|p2a: Sinistcha|Sinistcha-Masterpiece, L50|100/100
|switch|p1b: Grimmsnarl|Grimmsnarl, L50, M|37/100
|-heal|p2b: Sneasler|25/100|[from] ability: Hospitality|[of] p2a: Sinistcha
|turn|8
|
|t:|1783709073
|move|p2a: Sinistcha|Rage Powder|p2a: Sinistcha
|-singleturn|p2a: Sinistcha|move: Rage Powder
|move|p1b: Grimmsnarl|Sucker Punch||[still]
|-fail|p1b: Grimmsnarl
|move|p2b: Sneasler|Poison Jab|p1b: Grimmsnarl
|-supereffective|p1b: Grimmsnarl|1
|-damage|p1b: Grimmsnarl|0 fnt
|faint|p1b: Grimmsnarl
|move|p1a: Archaludon|Electro Shot||[still]
|-prepare|p1a: Archaludon|Electro Shot
|-boost|p1a: Archaludon|spa|1
|-anim|p1a: Archaludon|Electro Shot|p2a: Sinistcha
|-resisted|p2a: Sinistcha|1
|-damage|p2a: Sinistcha|61/100
|
|-weather|RainDance|[upkeep]
|-heal|p1a: Archaludon|54/100|[from] item: Leftovers
|-sideend|p1: cooledoregon|move: Light Screen
|upkeep
|turn|9
|
|t:|1783709096
|move|p2a: Sinistcha|Rage Powder|p2a: Sinistcha
|-singleturn|p2a: Sinistcha|move: Rage Powder
|move|p2b: Sneasler|Close Combat|p1a: Archaludon
|-supereffective|p1a: Archaludon|1
|-damage|p1a: Archaludon|21/100
|-unboost|p2b: Sneasler|def|1
|-unboost|p2b: Sneasler|spd|1
|-ability|p1a: Archaludon|Stamina|boost
|-boost|p1a: Archaludon|def|1
|move|p1a: Archaludon|Dragon Pulse|p2a: Sinistcha
|-damage|p2a: Sinistcha|0 fnt
|faint|p2a: Sinistcha
|
|-weather|none
|-heal|p1a: Archaludon|27/100|[from] item: Leftovers
|upkeep
|
|t:|1783709100
|switch|p2a: Incineroar|Incineroar, L50, F|82/100
|-ability|p2a: Incineroar|Intimidate|boost
|-unboost|p1a: Archaludon|atk|1
|turn|10
|
|t:|1783709115
|move|p1a: Archaludon|Protect|p1a: Archaludon
|-singleturn|p1a: Archaludon|Protect
|move|p2b: Sneasler|Close Combat|p1a: Archaludon
|-activate|p1a: Archaludon|move: Protect
|move|p2a: Incineroar|Flare Blitz|p1a: Archaludon
|-activate|p1a: Archaludon|move: Protect
|
|-heal|p1a: Archaludon|33/100|[from] item: Leftovers
|upkeep
|turn|11
|
|t:|1783709120
|move|p2b: Sneasler|Close Combat|p1a: Archaludon
|-supereffective|p1a: Archaludon|1
|-damage|p1a: Archaludon|7/100
|-unboost|p2b: Sneasler|def|1
|-unboost|p2b: Sneasler|spd|1
|-ability|p1a: Archaludon|Stamina|boost
|-boost|p1a: Archaludon|def|1
|move|p1a: Archaludon|Dragon Pulse|p2b: Sneasler
|-crit|p2b: Sneasler
|-damage|p2b: Sneasler|0 fnt
|faint|p2b: Sneasler
|move|p2a: Incineroar|Flare Blitz|p1a: Archaludon
|-damage|p1a: Archaludon|0 fnt
|faint|p1a: Archaludon
|-damage|p2a: Incineroar|80/100|[from] Recoil
|
|win|abgesaftet
||cooledoregon is ready for game 2.
|inactive|abgesaftet has 30 seconds to confirm battle start!
||abgesaftet is ready for game 2.
|uhtml|next|Next: Game 2 of 3
