|j|☆Chelicerate1
|j|☆ViviTop5
|html|Chelicerate1ViviTop5    
|uhtml|bestof|Game 2 of a best-of-3
|t:|1782652721
|gametype|doubles
|player|p1|Chelicerate1|ethan|1084
|player|p2|ViviTop5|ninjaboy|1122
|gen|9
|tier|[Gen 9 Champions] VGC 2026 Reg M-B (Bo3)
|rated|
|rule|Species Clause: Limit one of each Pokémon
|rule|Item Clause: Limit 1 of each item
|clearpoke
|poke|p1|Pelipper, L50, M, shiny|
|poke|p1|Swampert, L50, F, shiny|
|poke|p1|Archaludon, L50, F, shiny|
|poke|p1|Grimmsnarl, L50, M, shiny|
|poke|p1|Sinistcha, L50, shiny|
|poke|p1|Metagross, L50, shiny|
|poke|p2|Floette-Eternal, L50, F|
|poke|p2|Charizard, L50, F|
|poke|p2|Basculegion, L50, M|
|poke|p2|Garchomp, L50, M|
|poke|p2|Whimsicott, L50, M|
|poke|p2|Kingambit, L50, M|
|teampreview|4
|showteam|p1|Pelipper||SitrusBerry|Drizzle|Hurricane,WeatherBall,Tailwind,Protect|Calm||M|||50|]Swampert||Swampertite|Torrent|WaveCrash,Earthquake,IcePunch,Protect|Adamant||F|||50|]Archaludon||Leftovers|Stamina|ElectroShot,FlashCannon,DragonPulse,Protect|Modest||F|||50|]Grimmsnarl||LightClay|Prankster|LightScreen,Reflect,FoulPlay,PartingShot|Careful||M|||50|]Sinistcha||CobaBerry|Hospitality|MatchaGotcha,RagePowder,TrickRoom,LifeDew|Calm|||||50|]Metagross||Metagrossite|ClearBody|IronHead,PsychicFangs,BodyPress,Protect|Jolly|||||50|
|showteam|p2|Floette-Eternal||Floettite|FlowerVeil|DazzlingGleam,Protect,Moonblast,LightofRuin|Modest||F|||50|]Charizard||CharizarditeY|SolarPower|Protect,SolarBeam,WeatherBall,HeatWave|Modest||F|||50|]Basculegion||ChoiceScarf|Adaptability|FlipTurn,WaveCrash,LastRespects,AquaJet|Jolly||M|||50|]Garchomp||LifeOrb|RoughSkin|Protect,Earthquake,DragonClaw,RockSlide|Jolly||M|||50|]Whimsicott||FocusSash|Prankster|Moonblast,Encore,Protect,Tailwind|Timid||M|||50|]Kingambit||BlackGlasses|Defiant|Protect,KowtowCleave,IronHead,SuckerPunch|Adamant||M|||50|
|inactive|Battle timer is ON: inactive players will automatically lose when time's up. (requested by Chelicerate1)
|
|t:|1782652744
|teamsize|p1|4
|teamsize|p2|4
|start
|switch|p1a: Metagross|Metagross, L50, shiny|100/100
|switch|p1b: Grimmsnarl|Grimmsnarl, L50, M, shiny|100/100
|switch|p2a: Whimsicott|Whimsicott, L50, M|100/100
|switch|p2b: Charizard|Charizard, L50, F|100/100
|turn|1
|
|t:|1782652761
|detailschange|p2b: Charizard|Charizard-Mega-Y, L50, F
|-mega|p2b: Charizard|Charizard|Charizardite Y
|-weather|SunnyDay|[from] ability: Drought|[of] p2b: Charizard
|detailschange|p1a: Metagross|Metagross-Mega, L50, shiny
|-mega|p1a: Metagross|Metagross|Metagrossite
|move|p1b: Grimmsnarl|Parting Shot|p2b: Charizard
|-unboost|p2b: Charizard|atk|1
|-unboost|p2b: Charizard|spa|1
|
|t:|1782652768
|switch|p1b: Pelipper|Pelipper, L50, M, shiny|100/100|[from] Parting Shot
|-weather|RainDance|[from] ability: Drizzle|[of] p1b: Pelipper
|move|p2a: Whimsicott|Moonblast|p1b: Pelipper
|-damage|p1b: Pelipper|56/100
|move|p1a: Metagross|Iron Head|p2a: Whimsicott
|-supereffective|p2a: Whimsicott|1
|-enditem|p2a: Whimsicott|Focus Sash
|-damage|p2a: Whimsicott|1/100
|move|p2b: Charizard|Weather Ball|p1b: Pelipper
|-resisted|p1b: Pelipper|1
|-damage|p1b: Pelipper|35/100
|-enditem|p1b: Pelipper|Sitrus Berry|[eat]
|-heal|p1b: Pelipper|60/100|[from] item: Sitrus Berry
|
|-weather|RainDance|[upkeep]
|upkeep
|turn|2
|inactive|Chelicerate1 has 30 seconds left.
|
|t:|1782652797
|switch|p2b: Kingambit|Kingambit, L50, M|100/100
|move|p2a: Whimsicott|Protect|p2a: Whimsicott
|-singleturn|p2a: Whimsicott|Protect
|move|p1b: Pelipper|Protect|p1b: Pelipper
|-singleturn|p1b: Pelipper|Protect
|move|p1a: Metagross|Iron Head|p2a: Whimsicott
|-activate|p2a: Whimsicott|move: Protect
|
|-weather|RainDance|[upkeep]
|upkeep
|turn|3
|
|t:|1782652821
|switch|p1b: Grimmsnarl|Grimmsnarl, L50, M, shiny|100/100
|move|p2a: Whimsicott|Encore|p1b: Grimmsnarl
|-hint|Since gen 7, Dark is immune to Prankster moves.
|-immune|p1b: Grimmsnarl
|move|p1a: Metagross|Body Press|p2b: Kingambit
|-supereffective|p2b: Kingambit|2
|-damage|p2b: Kingambit|6/100
|move|p2b: Kingambit|Kowtow Cleave|p1b: Grimmsnarl
|-resisted|p1b: Grimmsnarl|2
|-damage|p1b: Grimmsnarl|83/100
|
|-weather|RainDance|[upkeep]
|upkeep
|turn|4
|inactive|Chelicerate1 has 30 seconds left.
|inactive|Chelicerate1 has 20 seconds left.
|
|t:|1782652858
|move|p2b: Kingambit|Protect|p2b: Kingambit
|-singleturn|p2b: Kingambit|Protect
|move|p2a: Whimsicott|Tailwind|p2a: Whimsicott
|-sidestart|p2: ViviTop5|move: Tailwind
|move|p1b: Grimmsnarl|Parting Shot|p2b: Kingambit
|-activate|p2b: Kingambit|move: Protect
|move|p1a: Metagross|Iron Head|p2a: Whimsicott
|-supereffective|p2a: Whimsicott|1
|-damage|p2a: Whimsicott|0 fnt
|faint|p2a: Whimsicott
|
|-weather|RainDance|[upkeep]
|upkeep
|
|t:|1782652870
|switch|p2a: Garchomp|Garchomp, L50, M|100/100
|turn|5
|
|t:|1782652878
|switch|p2b: Charizard|Charizard-Mega-Y, L50, F|100/100
|-weather|SunnyDay|[from] ability: Drought|[of] p2b: Charizard
|move|p1b: Grimmsnarl|Reflect|p1b: Grimmsnarl
|-sidestart|p1: Chelicerate1|Reflect
|move|p2a: Garchomp|Earthquake|p1a: Metagross|[spread] p1a,p1b
|-immune|p2b: Charizard
|-supereffective|p1a: Metagross|1
|-damage|p1a: Metagross|50/100g
|-damage|p1b: Grimmsnarl|46/100
|-damage|p2a: Garchomp|90/100|[from] item: Life Orb
|move|p1a: Metagross|Iron Head|p2b: Charizard
|-resisted|p2b: Charizard|1
|-damage|p2b: Charizard|68/100
|
|-weather|SunnyDay|[upkeep]
|upkeep
|turn|6
|inactive|Chelicerate1 has 30 seconds left.
|
|t:|1782652909
|move|p1b: Grimmsnarl|Parting Shot|p2a: Garchomp
|-unboost|p2a: Garchomp|atk|1
|-unboost|p2a: Garchomp|spa|1
|
|t:|1782652912
|switch|p1b: Pelipper|Pelipper, L50, M, shiny|60/100|[from] Parting Shot
|-weather|RainDance|[from] ability: Drizzle|[of] p1b: Pelipper
|move|p2a: Garchomp|Rock Slide|p1b: Pelipper|[spread] p1a,p1b
|-resisted|p1a: Metagross|1
|-supereffective|p1b: Pelipper|1
|-damage|p1a: Metagross|46/100
|-damage|p1b: Pelipper|38/100
|-damage|p2a: Garchomp|80/100|[from] item: Life Orb
|move|p2b: Charizard|Heat Wave|p1b: Pelipper|[spread] p1a
|-miss|p2b: Charizard|p1b: Pelipper
|-supereffective|p1a: Metagross|1
|-damage|p1a: Metagross|2/100
|move|p1a: Metagross|Psychic Fangs|p2b: Charizard
|-damage|p2b: Charizard|2/100
|
|-weather|RainDance|[upkeep]
|upkeep
|turn|7
|inactive|Chelicerate1 has 30 seconds left.
|inactive|Chelicerate1 has 20 seconds left.
|inactive|Chelicerate1 has 15 seconds left.
|inactive|Chelicerate1 has 10 seconds left.
|inactive|ViviTop5 has 30 seconds left.
|inactive|Chelicerate1 has 5 seconds left.
|
|t:|1782652967
|move|p1a: Metagross|Protect|p1a: Metagross
|-singleturn|p1a: Metagross|Protect
|move|p1b: Pelipper|Protect|p1b: Pelipper
|-singleturn|p1b: Pelipper|Protect
|move|p2a: Garchomp|Rock Slide|p1b: Pelipper|[spread] 
|-activate|p1a: Metagross|move: Protect
|-activate|p1b: Pelipper|move: Protect
|move|p2b: Charizard|Weather Ball|p1b: Pelipper
|-activate|p1b: Pelipper|move: Protect
|
|-weather|RainDance|[upkeep]
|-sideend|p2: ViviTop5|move: Tailwind
|upkeep
|turn|8
|inactive|Chelicerate1 has 30 seconds left.
|inactive|ViviTop5 has 30 seconds left.
|
|t:|1782652998
|switch|p1b: Archaludon|Archaludon, L50, F, shiny|100/100
|move|p2b: Charizard|Protect|p2b: Charizard
|-singleturn|p2b: Charizard|Protect
|move|p1a: Metagross|Iron Head|p2b: Charizard
|-activate|p2b: Charizard|move: Protect
|move|p2a: Garchomp|Rock Slide|p1a: Metagross|[spread] p1a,p1b
|-resisted|p1a: Metagross|1
|-resisted|p1b: Archaludon|1
|-damage|p1a: Metagross|0 fnt
|-damage|p1b: Archaludon|95/100
|-ability|p1b: Archaludon|Stamina|boost
|-boost|p1b: Archaludon|def|1
|faint|p1a: Metagross
|-damage|p2a: Garchomp|70/100|[from] item: Life Orb
|
|-weather|RainDance|[upkeep]
|-heal|p1b: Archaludon|100/100|[from] item: Leftovers
|upkeep
|
|t:|1782653018
|switch|p1a: Grimmsnarl|Grimmsnarl, L50, M, shiny|46/100
|turn|9
|l|☆ViviTop5
|inactive|ViviTop5 disconnected and has a minute to reconnect!
|player|p2|
|j|☆ViviTop5
|inactive|ViviTop5 reconnected and has 45 seconds left.
|player|p2|ViviTop5|ninjaboy|
|inactive|ViviTop5 has 30 seconds left.
|inactive|ViviTop5 has 20 seconds left.
|inactive|ViviTop5 has 15 seconds left.
|
|t:|1782653060
|move|p2a: Garchomp|Protect|p2a: Garchomp
|-singleturn|p2a: Garchomp|Protect
|move|p1a: Grimmsnarl|Light Screen|p1a: Grimmsnarl
|-sidestart|p1: Chelicerate1|move: Light Screen
|move|p2b: Charizard|Weather Ball|p1a: Grimmsnarl
|-damage|p1a: Grimmsnarl|12/100
|move|p1b: Archaludon|Electro Shot||[still]
|-prepare|p1b: Archaludon|Electro Shot
|-boost|p1b: Archaludon|spa|1
|-anim|p1b: Archaludon|Electro Shot|p2b: Charizard
|-supereffective|p2b: Charizard|1
|-damage|p2b: Charizard|0 fnt
|faint|p2b: Charizard
|
|-weather|RainDance|[upkeep]
|upkeep
|-message|ViviTop5 forfeited.
|
|win|Chelicerate1
|raw|Chelicerate1's rating: 1084 → 1114(+30 for winning)
|raw|ViviTop5's rating: 1122 → 1094(-28 for losing)
|l|☆ViviTop5
|player|p2|
