|j|☆ryanpowneyissoslay
|j|☆AFKKING_08
|html|ryanpowneyissoslayAFKKING_08    
|uhtml|bestof|Game 2 of a best-of-3
|t:|1757781191
|gametype|doubles
|player|p1|ryanpowneyissoslay|ghetsis|1343
|player|p2|AFKKING_08|ingo|1269
|gen|9
|tier|[Gen 9] VGC 2025 Reg H (Bo3)
|rated|
|rule|Species Clause: Limit one of each Pokémon
|rule|Item Clause: Limit 1 of each item
|clearpoke
|poke|p1|Porygon2, L50|
|poke|p1|Ursaluna, L50, M|
|poke|p1|Incineroar, L50, F|
|poke|p1|Gholdengo, L50|
|poke|p1|Ribombee, L50, M|
|poke|p1|Annihilape, L50, F|
|poke|p2|Inteleon, L50, M|
|poke|p2|Decidueye-Hisui, L50, F|
|poke|p2|Gholdengo, L50|
|poke|p2|Talonflame, L50, F|
|poke|p2|Ninetales-Alola, L50, M|
|poke|p2|Incineroar, L50, F|
|teampreview|4
|showteam|p1|Porygon2||Eviolite|Download|TeraBlast,IceBeam,Recover,TrickRoom||||||50|,,,,,Fighting]Ursaluna||FlameOrb|Guts|Facade,HeadlongRush,Earthquake,Protect|||M|||50|,,,,,Ghost]Incineroar||AssaultVest|Intimidate|FlareBlitz,KnockOff,Uturn,FakeOut|||F|||50|,,,,,Water]Gholdengo||LifeOrb|GoodasGold|MakeItRain,ShadowBall,NastyPlot,Protect||||||50|,,,,,Water]Ribombee||FocusSash|ShieldDust|Moonblast,PollenPuff,Tailwind,Protect|||M|||50|,,,,,Flying]Annihilape||SafetyGoggles|Defiant|CloseCombat,RageFist,FinalGambit,Protect|||F|||50|,,,,,Water
|showteam|p2|Inteleon||ScopeLens|Sniper|IceBeam,SnipeShot,Haze,Protect|||M|||50|,,,,,Grass]Decidueye-Hisui||RazorClaw|Scrappy|TripleArrows,SuckerPunch,LeafBlade,Protect|||F|||50|,,,,,Fire]Gholdengo||ChoiceSpecs|GoodasGold|MakeItRain,ShadowBall,PowerGem,Trick||||||50|,,,,,Steel]Talonflame||CovertCloak|GaleWings|DualWingbeat,WillOWisp,Tailwind,Taunt|||F|||50|,,,,,Ghost]Ninetales-Alola||NeverMeltIce|SnowWarning|Blizzard,FreezeDry,Moonblast,Protect|||M|||50|,,,,,Fire]Incineroar||SitrusBerry|Intimidate|FakeOut,KnockOff,FlareBlitz,PartingShot|||F|||50|,,,,,Ghost
|inactive|Battle timer is ON: inactive players will automatically lose when time's up. (requested by ryanpowneyissoslay)
|inactive|AFKKING_08 also wants the timer to be on.
|inactive|ryanpowneyissoslay has 60 seconds left.
|
|t:|1757781232
|teamsize|p1|4
|teamsize|p2|4
|start
|switch|p1a: Incineroar|Incineroar, L50, F|100/100
|switch|p1b: Porygon2|Porygon2, L50|100/100
|switch|p2a: Talonflame|Talonflame, L50, F|100/100
|switch|p2b: Decidueye|Decidueye-Hisui, L50, F, shiny|100/100
|-ability|p1a: Incineroar|Intimidate|boost
|-unboost|p2a: Talonflame|atk|1
|-fail|p2b: Decidueye|unboost|Attack|[from] ability: Scrappy|[of] p2b: Decidueye
|-ability|p1b: Porygon2|Download|boost
|-boost|p1b: Porygon2|atk|1
|turn|1
|
|t:|1757781246
|move|p2b: Decidueye|Protect|p2b: Decidueye
|-singleturn|p2b: Decidueye|Protect
|move|p1a: Incineroar|Fake Out|p2b: Decidueye
|-activate|p2b: Decidueye|move: Protect
|move|p2a: Talonflame|Taunt|p1b: Porygon2
|-start|p1b: Porygon2|move: Taunt
|move|p1b: Porygon2|Tera Blast|p2b: Decidueye
|-activate|p2b: Decidueye|move: Protect
|
|upkeep
|turn|2
|
|t:|1757781269
|-terastallize|p2b: Decidueye|Fire
|-terastallize|p1a: Incineroar|Water
|move|p2a: Talonflame|Will-O-Wisp|p1b: Porygon2
|-status|p1b: Porygon2|brn
|move|p2b: Decidueye|Triple Arrows|p1a: Incineroar
|-damage|p1a: Incineroar|55/100
|-unboost|p1a: Incineroar|def|1
|move|p1a: Incineroar|Flare Blitz|p2b: Decidueye
|-resisted|p2b: Decidueye
|-damage|p2b: Decidueye|65/100
|-damage|p1a: Incineroar|45/100|[from] Recoil
|move|p1b: Porygon2|Tera Blast|p2b: Decidueye
|-damage|p2b: Decidueye|30/100
|
|-damage|p1b: Porygon2|94/100 brn|[from] brn
|upkeep
|turn|3
|inactive|ryanpowneyissoslay has 30 seconds left.
|inactive|AFKKING_08 has 30 seconds left.
|
|t:|1757781298
|move|p2a: Talonflame|Will-O-Wisp|p1a: Incineroar|[miss]
|-miss|p2a: Talonflame|p1a: Incineroar
|move|p2b: Decidueye|Triple Arrows|p1b: Porygon2
|-supereffective|p1b: Porygon2
|-crit|p1b: Porygon2
|-damage|p1b: Porygon2|6/100 brn
|-unboost|p1b: Porygon2|def|1
|move|p1a: Incineroar|Knock Off|p2a: Talonflame
|-damage|p2a: Talonflame|30/100
|-enditem|p2a: Talonflame|Covert Cloak|[from] move: Knock Off|[of] p1a: Incineroar
|cant|p1b: Porygon2|flinch
|
|-damage|p1b: Porygon2|0 fnt|[from] brn
|faint|p1b: Porygon2
|upkeep
|
|t:|1757781316
|switch|p1b: Ribombee|Ribombee, L50, M|100/100
|turn|4
|
|t:|1757781328
|move|p2a: Talonflame|Taunt|p1b: Ribombee
|-start|p1b: Ribombee|move: Taunt
|move|p1b: Ribombee|Pollen Puff|p1a: Incineroar
|-heal|p1a: Incineroar|95/100
|move|p2b: Decidueye|Leaf Blade|p1a: Incineroar
|-supereffective|p1a: Incineroar
|-crit|p1a: Incineroar
|-damage|p1a: Incineroar|0 fnt
|faint|p1a: Incineroar
|
|upkeep
|
|t:|1757781346
|switch|p1a: Ursaluna|Ursaluna, L50, M|100/100
|turn|5
|
|t:|1757781357
|move|p1a: Ursaluna|Protect|p1a: Ursaluna
|-singleturn|p1a: Ursaluna|Protect
|move|p2a: Talonflame|Tailwind|p2a: Talonflame
|-sidestart|p2: AFKKING_08|move: Tailwind
|move|p2b: Decidueye|Triple Arrows|p1a: Ursaluna
|-activate|p1a: Ursaluna|move: Protect
|move|p1b: Ribombee|Moonblast|p2b: Decidueye
|-resisted|p2b: Decidueye
|-damage|p2b: Decidueye|9/100
|-unboost|p2b: Decidueye|spa|1
|
|-status|p1a: Ursaluna|brn|[from] item: Flame Orb
|upkeep
|turn|6
|
|t:|1757781369
|move|p1a: Ursaluna|Protect||[still]
|-fail|p1a: Ursaluna
|move|p2a: Talonflame|Dual Wingbeat|p1b: Ribombee|[miss]
|-miss|p2a: Talonflame|p1b: Ribombee
|move|p2b: Decidueye|Triple Arrows|p1a: Ursaluna
|-supereffective|p1a: Ursaluna
|-crit|p1a: Ursaluna
|-damage|p1a: Ursaluna|0 fnt
|faint|p1a: Ursaluna
|move|p1b: Ribombee|Moonblast|p2b: Decidueye
|-resisted|p2b: Decidueye
|-damage|p2b: Decidueye|0 fnt
|faint|p2b: Decidueye
|
|-end|p1b: Ribombee|move: Taunt
|upkeep
|
|t:|1757781379
|switch|p2b: Gholdengo|Gholdengo, L50|100/100
|turn|7
|c|☆ryanpowneyissoslay|omg fucking so many crits
|c|☆AFKKING_08|50% chance
|c|☆ryanpowneyissoslay|like u do realise inteleon is ass
|c|☆ryanpowneyissoslay|still every time
|inactive|ryanpowneyissoslay has 30 seconds left.
|c|☆ryanpowneyissoslay|and def drop
|c|☆ryanpowneyissoslay|that mattered
|c|☆AFKKING_08|rng regulation
|inactive|ryanpowneyissoslay has 20 seconds left.
|-message|ryanpowneyissoslay forfeited.
|
|win|AFKKING_08
||ryanpowneyissoslay is ready for game 3.
||AFKKING_08 is ready for game 3.
|uhtml|next|Next: Game 3 of 3
