|j|☆Jay_th3_one
|j|☆stormyrat
|html|Jay_th3_onestormyrat    
|uhtml|bestof|Game 2 of a best-of-3
|t:|1782192127
|gametype|doubles
|player|p1|Jay_th3_one|boarder|1101
|player|p2|stormyrat|265|1181
|gen|9
|tier|[Gen 9 Champions] VGC 2026 Reg M-B (Bo3)
|rated|
|rule|Species Clause: Limit one of each Pokémon
|rule|Item Clause: Limit 1 of each item
|clearpoke
|poke|p1|Mawile, L50, M|
|poke|p1|Pelipper, L50, F|
|poke|p1|Farigiraf, L50, M|
|poke|p1|Sharpedo, L50, M|
|poke|p1|Raichu, L50, F|
|poke|p1|Sinistcha-Masterpiece, L50|
|poke|p2|Floette-Eternal, L50, F|
|poke|p2|Gholdengo, L50|
|poke|p2|Aerodactyl, L50, F|
|poke|p2|Incineroar, L50, M|
|poke|p2|Basculegion, L50, M|
|poke|p2|Rotom-Mow, L50|
|teampreview|4
|showteam|p1|Mawile||Mawilite|HyperCutter|PlayRough,IronHead,ThunderPunch,Protect|Adamant||M|||50|]Pelipper||WideLens|Drizzle|Hurricane,MuddyWater,WideGuard,Protect|Modest||F|||50|]Farigiraf||MentalHerb|ArmorTail|TrickRoom,TwinBeam,Imprison,Protect|Serious||M|||50|]Sharpedo||Sharpedonite|SpeedBoost|Crunch,Liquidation,IceFang,Protect|Adamant||M|||50|]Raichu||FocusSash|LightningRod|FakeOut,Thunderbolt,Endeavor,QuickAttack|Modest||F|||50|]Sinistcha-Masterpiece||Leftovers|Hospitality|StrengthSap,MatchaGotcha,TrickRoom,Protect|Bold|||||50|
|showteam|p2|Floette-Eternal||Floettite|FlowerVeil|Moonblast,LightofRuin,DazzlingGleam,Protect|Modest||F|||50|]Gholdengo||LifeOrb|GoodasGold|NastyPlot,ShadowBall,MakeItRain,Protect|Modest|||||50|]Aerodactyl||FocusSash|Unnerve|DualWingbeat,RockSlide,Tailwind,WideGuard|Jolly||F|||50|]Incineroar||SitrusBerry|Intimidate|FakeOut,PartingShot,DarkestLariat,FlareBlitz|Impish||M|||50|]Basculegion||MysticWater|Adaptability|Protect,WaveCrash,LastRespects,AquaJet|Jolly||M|||50|]Rotom-Mow||WideLens|Levitate|LeafStorm,Electroweb,VoltSwitch,Protect|Timid|||||50|
|inactive|Battle timer is ON: inactive players will automatically lose when time's up. (requested by stormyrat)
|inactive|Jay_th3_one has 60 seconds left.
|inactive|stormyrat has 60 seconds left.
|
|t:|1782192171
|teamsize|p1|4
|teamsize|p2|4
|start
|switch|p1a: Pelipper|Pelipper, L50, F|100/100
|switch|p1b: Sharpedo|Sharpedo, L50, M|100/100
|switch|p2a: Incineroar|Incineroar, L50, M|100/100
|switch|p2b: Gholdengo|Gholdengo, L50|100/100
|-weather|RainDance|[from] ability: Drizzle|[of] p1a: Pelipper
|-ability|p2a: Incineroar|Intimidate|boost
|-unboost|p1a: Pelipper|atk|1
|-unboost|p1b: Sharpedo|atk|1
|turn|1
|
|t:|1782192193
|move|p1b: Sharpedo|Protect|p1b: Sharpedo
|-singleturn|p1b: Sharpedo|Protect
|move|p1a: Pelipper|Protect|p1a: Pelipper
|-singleturn|p1a: Pelipper|Protect
|move|p2a: Incineroar|Fake Out|p1b: Sharpedo
|-activate|p1b: Sharpedo|move: Protect
|move|p2b: Gholdengo|Shadow Ball|p1a: Pelipper
|-activate|p1a: Pelipper|move: Protect
|
|-weather|RainDance|[upkeep]
|-ability|p1b: Sharpedo|Speed Boost|boost
|-boost|p1b: Sharpedo|spe|1
|upkeep
|turn|2
|
|t:|1782192211
|detailschange|p1b: Sharpedo|Sharpedo-Mega, L50, M
|-mega|p1b: Sharpedo|Sharpedo|Sharpedonite
|move|p2b: Gholdengo|Protect|p2b: Gholdengo
|-singleturn|p2b: Gholdengo|Protect
|move|p1a: Pelipper|Wide Guard|p1a: Pelipper
|-singleturn|p1a: Pelipper|Wide Guard
|move|p1b: Sharpedo|Liquidation|p2a: Incineroar
|-supereffective|p2a: Incineroar|1
|-damage|p2a: Incineroar|24/100
|-enditem|p2a: Incineroar|Sitrus Berry|[eat]
|-heal|p2a: Incineroar|49/100|[from] item: Sitrus Berry
|move|p2a: Incineroar|Parting Shot|p1a: Pelipper
|-unboost|p1a: Pelipper|atk|1
|-unboost|p1a: Pelipper|spa|1
|
|t:|1782192224
|switch|p2a: Rotom|Rotom-Mow, L50|100/100|[from] Parting Shot
|
|-weather|RainDance|[upkeep]
|upkeep
|turn|3
|
|t:|1782192242
|switch|p2b: Incineroar|Incineroar, L50, M|49/100
|-ability|p2b: Incineroar|Intimidate|boost
|-unboost|p1a: Pelipper|atk|1
|-unboost|p1b: Sharpedo|atk|1
|move|p1a: Pelipper|Wide Guard|p1a: Pelipper
|-singleturn|p1a: Pelipper|Wide Guard
|move|p1b: Sharpedo|Crunch|p2b: Incineroar
|-resisted|p2b: Incineroar|1
|-damage|p2b: Incineroar|37/100
|move|p2a: Rotom|Volt Switch|p1b: Sharpedo
|-supereffective|p1b: Sharpedo|1
|-damage|p1b: Sharpedo|2/100
|
|t:|1782192255
|switch|p2a: Gholdengo|Gholdengo, L50|100/100|[from] Volt Switch
|
|-weather|RainDance|[upkeep]
|upkeep
|turn|4
|
|t:|1782192270
|switch|p2b: Rotom|Rotom-Mow, L50|100/100
|move|p1b: Sharpedo|Protect|p1b: Sharpedo
|-singleturn|p1b: Sharpedo|Protect
|move|p2a: Gholdengo|Nasty Plot|p2a: Gholdengo
|-boost|p2a: Gholdengo|spa|2
|move|p1a: Pelipper|Muddy Water|p2b: Rotom|[spread] p2a,p2b
|-resisted|p2b: Rotom|1
|-damage|p2a: Gholdengo|67/100
|-damage|p2b: Rotom|84/100
|-unboost|p2a: Gholdengo|accuracy|1
|-unboost|p2b: Rotom|accuracy|1
|
|-weather|RainDance|[upkeep]
|upkeep
|turn|5
|
|t:|1782192286
|switch|p1b: Raichu|Raichu, L50, F|100/100
|move|p2a: Gholdengo|Protect|p2a: Gholdengo
|-singleturn|p2a: Gholdengo|Protect
|move|p1a: Pelipper|Wide Guard|p1a: Pelipper
|-singleturn|p1a: Pelipper|Wide Guard
|move|p2b: Rotom|Volt Switch|p1b: Raichu
|-ability|p1b: Raichu|Lightning Rod|boost
|-boost|p1b: Raichu|spa|1
|
|-weather|none
|upkeep
|turn|6
|inactive|Jay_th3_one has 30 seconds left.
|
|t:|1782192314
|move|p1a: Pelipper|Wide Guard|p1a: Pelipper
|-singleturn|p1a: Pelipper|Wide Guard
|move|p1b: Raichu|Thunderbolt|p2a: Gholdengo
|-damage|p2a: Gholdengo|2/100
|move|p2b: Rotom|Leaf Storm|p1a: Pelipper
|-damage|p1a: Pelipper|37/100
|-unboost|p2b: Rotom|spa|2
|move|p2a: Gholdengo|Shadow Ball|p1b: Raichu
|-enditem|p1b: Raichu|Focus Sash
|-damage|p1b: Raichu|1/100
|-unboost|p1b: Raichu|spd|1
|-damage|p2a: Gholdengo|0 fnt|[from] item: Life Orb
|faint|p2a: Gholdengo
|
|upkeep
|
|t:|1782192327
|switch|p2a: Incineroar|Incineroar, L50, M|37/100
|-ability|p2a: Incineroar|Intimidate|boost
|-unboost|p1a: Pelipper|atk|1
|-unboost|p1b: Raichu|atk|1
|turn|7
|inactive|Jay_th3_one has 30 seconds left.
|inactive|stormyrat has 30 seconds left.
|inactive|Jay_th3_one has 20 seconds left.
|
|t:|1782192366
|switch|p1a: Sinistcha|Sinistcha-Masterpiece, L50|100/100
|-heal|p1b: Raichu|25/100|[from] ability: Hospitality|[of] p1a: Sinistcha
|move|p2a: Incineroar|Fake Out|p1b: Raichu
|-damage|p1b: Raichu|5/100
|cant|p1b: Raichu|flinch
|move|p2b: Rotom|Volt Switch|p1b: Raichu
|-activate|p1b: Raichu|ability: Lightning Rod
|-ability|p1b: Raichu|Lightning Rod|boost
|-boost|p1b: Raichu|spa|1
|
|upkeep
|turn|8
|inactive|Jay_th3_one has 30 seconds left.
|
|t:|1782192395
|switch|p2a: Floette|Floette-Eternal, L50, F|100/100
|move|p2b: Rotom|Protect|p2b: Rotom
|-singleturn|p2b: Rotom|Protect
|move|p1b: Raichu|Thunderbolt|p2a: Floette
|-damage|p2a: Floette|32/100
|-status|p2a: Floette|par
|move|p1a: Sinistcha|Matcha Gotcha|p2a: Floette|[spread] p2a
|-activate|p2b: Rotom|move: Protect
|-damage|p2a: Floette|7/100 par
|
|upkeep
|turn|9
|
|t:|1782192415
|detailschange|p2a: Floette|Floette-Mega, L50, F
|-mega|p2a: Floette|Floette|Floettite
|-ability|p2a: Floette|Fairy Aura
|move|p1b: Raichu|Endeavor|p2b: Rotom
|-damage|p2b: Rotom|4/100
|move|p2b: Rotom|Leaf Storm|p1b: Raichu
|-damage|p1b: Raichu|0 fnt
|-unboost|p2b: Rotom|spa|2
|faint|p1b: Raichu
|move|p1a: Sinistcha|Matcha Gotcha|p2b: Rotom|[spread] p2a,p2b
|-resisted|p2b: Rotom|1
|-damage|p2a: Floette|0 fnt
|-damage|p2b: Rotom|0 fnt
|faint|p2a: Floette
|faint|p2b: Rotom
|
|upkeep
|
|t:|1782192432
|switch|p1b: Pelipper|Pelipper, L50, F|37/100
|switch|p2a: Incineroar|Incineroar, L50, M|37/100
|-weather|RainDance|[from] ability: Drizzle|[of] p1b: Pelipper
|-ability|p2a: Incineroar|Intimidate|boost
|-unboost|p1a: Sinistcha|atk|1
|-unboost|p1b: Pelipper|atk|1
|turn|10
|
|t:|1782192443
|move|p1a: Sinistcha|Strength Sap|p2a: Incineroar
|-unboost|p2a: Incineroar|atk|1
|move|p1b: Pelipper|Muddy Water|p2a: Incineroar
|-supereffective|p2a: Incineroar|1
|-damage|p2a: Incineroar|0 fnt
|faint|p2a: Incineroar
|
|win|Jay_th3_one
||stormyrat is ready for game 3.
||Jay_th3_one is ready for game 3.
|uhtml|next|Next: Game 3 of 3
