|j|☆bachira.lock
|j|☆johnilbello
|html|bachira.lockjohnilbello    
|uhtml|bestof|Game 2 of a best-of-3
|t:|1757930604
|gametype|doubles
|player|p1|bachira.lock|alec-anime|1000
|player|p2|johnilbello|alder|1065
|gen|9
|tier|[Gen 9] VGC 2025 Reg H (Bo3)
|rated|
|rule|Species Clause: Limit one of each Pokémon
|rule|Item Clause: Limit 1 of each item
|clearpoke
|poke|p1|Dragonite, L50, F|
|poke|p1|Ursaluna-Bloodmoon, L50, M|
|poke|p1|Gholdengo, L50|
|poke|p1|Maushold-Four, L50|
|poke|p1|Annihilape, L50, F|
|poke|p1|Rillaboom, L50, F|
|poke|p2|Ursaluna-Bloodmoon, L50, M|
|poke|p2|Electabuzz, L50, F|
|poke|p2|Sneasler, L50, F|
|poke|p2|Rillaboom, L50, F|
|poke|p2|Annihilape, L50, M|
|poke|p2|Dragonite, L50, M|
|teampreview|4
|showteam|p1|Dragonite||LoadedDice|Multiscale|ScaleShot,Tailwind,Haze,Protect|||F|||50|,,,,,Fairy]Ursaluna-Bloodmoon||AssaultVest|MindsEye|BloodMoon,EarthPower,HyperVoice,VacuumWave|||M|||50|,,,,,Water]Gholdengo||LifeOrb|GoodasGold|MakeItRain,ShadowBall,NastyPlot,Protect||||||50|,,,,,Water]Maushold-Four||FocusSash|FriendGuard|SuperFang,FollowMe,BeatUp,Protect||||||50|,,,,,Ghost]Annihilape||SitrusBerry|Defiant|RageFist,DrainPunch,BulkUp,Protect|||F|||50|,,,,,Fire]Rillaboom||MiracleSeed|GrassySurge|WoodHammer,GrassyGlide,HighHorsepower,FakeOut|||F|||50|,,,,,Fire
|showteam|p2|Ursaluna-Bloodmoon||LifeOrb|MindsEye|Protect,BloodMoon,Yawn,EarthPower|||M|||50|,,,,,Electric]Electabuzz||Eviolite|VitalSpirit|Protect,Electroweb,Taunt,FollowMe|||F|||50|,,,,,Dragon]Sneasler||GrassySeed|Unburden|Protect,DireClaw,Acrobatics,CloseCombat|||F|||50|,,,,,Stellar]Rillaboom||AssaultVest|GrassySurge|FakeOut,WoodHammer,GrassyGlide,HighHorsepower|||F|||50|,,,,,Fire]Annihilape||SafetyGoggles|Defiant|Protect,RageFist,DrainPunch,BulkUp|||M|||50|,,,,,Water]Dragonite||LoadedDice|Multiscale|ScaleShot,Tailwind,Haze,Protect|||M|||50|,,,,,Fairy
|inactive|Battle timer is ON: inactive players will automatically lose when time's up. (requested by johnilbello)
|inactive|johnilbello has 60 seconds left.
|
|t:|1757930654
|teamsize|p1|4
|teamsize|p2|4
|start
|switch|p1a: Annihilape|Annihilape, L50, F|100/100
|switch|p1b: Maushold|Maushold-Four, L50|100/100
|switch|p2a: Annihilape|Annihilape, L50, M|100/100
|switch|p2b: Electabuzz|Electabuzz, L50, F|100/100
|turn|1
|
|t:|1757930671
|-terastallize|p1a: Annihilape|Fire
|move|p2b: Electabuzz|Follow Me|p2b: Electabuzz
|-singleturn|p2b: Electabuzz|move: Follow Me
|move|p1b: Maushold|Beat Up|p2b: Electabuzz
|-damage|p2b: Electabuzz|98/100
|-damage|p2b: Electabuzz|96/100
|-damage|p2b: Electabuzz|95/100
|-crit|p2b: Electabuzz
|-damage|p2b: Electabuzz|90/100
|-hitcount|p2b: Electabuzz|4
|move|p1a: Annihilape|Bulk Up|p1a: Annihilape
|-boost|p1a: Annihilape|atk|1
|-boost|p1a: Annihilape|def|1
|move|p2a: Annihilape|Bulk Up|p2a: Annihilape
|-boost|p2a: Annihilape|atk|1
|-boost|p2a: Annihilape|def|1
|
|upkeep
|turn|2
|inactive|bachira.lock has 30 seconds left.
|inactive|johnilbello has 30 seconds left.
|inactive|johnilbello has 20 seconds left.
|inactive|johnilbello has 15 seconds left.
|
|t:|1757930712
|-terastallize|p2a: Annihilape|Water
|move|p1b: Maushold|Follow Me|p1b: Maushold
|-singleturn|p1b: Maushold|move: Follow Me
|move|p2b: Electabuzz|Follow Me|p2b: Electabuzz
|-singleturn|p2b: Electabuzz|move: Follow Me
|move|p1a: Annihilape|Drain Punch|p2b: Electabuzz
|-damage|p2b: Electabuzz|45/100
|move|p2a: Annihilape|Drain Punch|p1b: Maushold
|-supereffective|p1b: Maushold
|-enditem|p1b: Maushold|Focus Sash
|-damage|p1b: Maushold|1/100
|
|upkeep
|turn|3
|
|t:|1757930735
|move|p1b: Maushold|Protect|p1b: Maushold
|-singleturn|p1b: Maushold|Protect
|move|p2b: Electabuzz|Follow Me|p2b: Electabuzz
|-singleturn|p2b: Electabuzz|move: Follow Me
|move|p2a: Annihilape|Drain Punch|p1b: Maushold
|-activate|p1b: Maushold|move: Protect
|move|p1a: Annihilape|Drain Punch|p2b: Electabuzz
|-damage|p2b: Electabuzz|2/100
|
|upkeep
|turn|4
|inactive|johnilbello has 30 seconds left.
|
|t:|1757930768
|move|p2b: Electabuzz|Follow Me|p2b: Electabuzz
|-singleturn|p2b: Electabuzz|move: Follow Me
|move|p1b: Maushold|Beat Up|p2b: Electabuzz
|-damage|p2b: Electabuzz|0 fnt
|faint|p2b: Electabuzz
|-hitcount|p2: Electabuzz|1
|move|p2a: Annihilape|Drain Punch|p1b: Maushold
|-supereffective|p1b: Maushold
|-damage|p1b: Maushold|0 fnt
|faint|p1b: Maushold
|move|p1a: Annihilape|Bulk Up|p1a: Annihilape
|-boost|p1a: Annihilape|atk|1
|-boost|p1a: Annihilape|def|1
|
|upkeep
|
|t:|1757930781
|switch|p1b: Rillaboom|Rillaboom, L50, F|100/100
|switch|p2b: Sneasler|Sneasler, L50, F|100/100
|-fieldstart|move: Grassy Terrain|[from] ability: Grassy Surge|[of] p1b: Rillaboom
|-enditem|p2b: Sneasler|Grassy Seed
|-boost|p2b: Sneasler|def|1|[from] item: Grassy Seed
|turn|5
|
|t:|1757930806
|switch|p1b: Gholdengo|Gholdengo, L50|100/100
|move|p2a: Annihilape|Protect|p2a: Annihilape
|-singleturn|p2a: Annihilape|Protect
|move|p2b: Sneasler|Acrobatics|p1b: Gholdengo
|-resisted|p1b: Gholdengo
|-damage|p1b: Gholdengo|77/100
|move|p1a: Annihilape|Bulk Up|p1a: Annihilape
|-boost|p1a: Annihilape|atk|1
|-boost|p1a: Annihilape|def|1
|
|-heal|p1b: Gholdengo|83/100|[from] Grassy Terrain
|upkeep
|turn|6
|l|☆johnilbello
|inactive|johnilbello disconnected and has a minute to reconnect!
|player|p2|
|j|☆johnilbello
|inactive|johnilbello reconnected and has 35 seconds left.
|player|p2|johnilbello|alder|
|inactive|johnilbello has 30 seconds left.
|
|t:|1757930836
|switch|p2a: Rillaboom|Rillaboom, L50, F|100/100
|move|p2b: Sneasler|Dire Claw|p1a: Annihilape
|-damage|p1a: Annihilape|80/100
|-status|p1a: Annihilape|par
|move|p1b: Gholdengo|Make It Rain|p2a: Rillaboom|[spread] p2a,p2b
|-damage|p2a: Rillaboom|60/100
|-damage|p2b: Sneasler|20/100
|-unboost|p1b: Gholdengo|spa|1
|-damage|p1b: Gholdengo|74/100|[from] item: Life Orb
|cant|p1a: Annihilape|par
|
|-heal|p2b: Sneasler|25/100|[from] Grassy Terrain
|-heal|p1b: Gholdengo|80/100|[from] Grassy Terrain
|-heal|p2a: Rillaboom|66/100|[from] Grassy Terrain
|-heal|p1a: Annihilape|86/100 par|[from] Grassy Terrain
|upkeep
|turn|7
|inactive|bachira.lock has 30 seconds left.
|inactive|johnilbello has 30 seconds left.
|inactive|bachira.lock has 20 seconds left.
|
|t:|1757930874
|move|p2b: Sneasler|Close Combat|p1a: Annihilape
|-damage|p1a: Annihilape|60/100 par
|-unboost|p2b: Sneasler|def|1
|-unboost|p2b: Sneasler|spd|1
|move|p1b: Gholdengo|Shadow Ball|p2b: Sneasler
|-damage|p2b: Sneasler|0 fnt
|faint|p2b: Sneasler
|-damage|p1b: Gholdengo|70/100|[from] item: Life Orb
|move|p2a: Rillaboom|High Horsepower|p1b: Gholdengo
|-supereffective|p1b: Gholdengo
|-damage|p1b: Gholdengo|0 fnt
|faint|p1b: Gholdengo
|cant|p1a: Annihilape|par
|
|-heal|p2a: Rillaboom|72/100|[from] Grassy Terrain
|-heal|p1a: Annihilape|66/100 par|[from] Grassy Terrain
|upkeep
|c|☆johnilbello|sorry
|
|t:|1757930893
|switch|p2b: Annihilape|Annihilape, L50, M, tera:Water|100/100
|switch|p1b: Rillaboom|Rillaboom, L50, F|100/100
|turn|8
|
|t:|1757930902
|move|p2b: Annihilape|Bulk Up|p2b: Annihilape
|-boost|p2b: Annihilape|atk|1
|-boost|p2b: Annihilape|def|1
|move|p2a: Rillaboom|High Horsepower|p1a: Annihilape
|-supereffective|p1a: Annihilape
|-damage|p1a: Annihilape|38/100 par
|-enditem|p1a: Annihilape|Sitrus Berry|[eat]
|-heal|p1a: Annihilape|63/100 par|[from] item: Sitrus Berry
|move|p1b: Rillaboom|Wood Hammer|p2b: Annihilape
|-supereffective|p2b: Annihilape
|-damage|p2b: Annihilape|0 fnt
|faint|p2b: Annihilape
|-damage|p1b: Rillaboom|66/100|[from] Recoil
|move|p1a: Annihilape|Rage Fist|p2a: Rillaboom
|-damage|p2a: Rillaboom|0 fnt
|faint|p2a: Rillaboom
|
|win|bachira.lock
||johnilbello is ready for game 3.
|inactive|bachira.lock has 30 seconds to confirm battle start!
|inactive|bachira.lock has 20 seconds to confirm battle start!
||bachira.lock is ready for game 3.
|uhtml|next|Next: Game 3 of 3
|l|☆johnilbello
|player|p2|
