|j|☆raksbach
|j|☆ButterisBetter
|html|raksbachButterisBetter    
|uhtml|bestof|Game 1 of a best-of-3
|t:|1783694094
|gametype|doubles
|player|p1|raksbach|169|1179
|player|p2|ButterisBetter|ethan|1147
|gen|9
|tier|[Gen 9 Champions] VGC 2026 Reg M-B (Bo3)
|rated|
|rule|Species Clause: Limit one of each Pokémon
|rule|Item Clause: Limit 1 of each item
|clearpoke
|poke|p1|Incineroar, L50, M|
|poke|p1|Maushold, L50|
|poke|p1|Sinistcha, L50|
|poke|p1|Sneasler, L50, F|
|poke|p1|Blastoise, L50, M|
|poke|p1|Delphox, L50, M|
|poke|p2|Charizard, L50, F|
|poke|p2|Whimsicott, L50, F|
|poke|p2|Raichu, L50, F|
|poke|p2|Sneasler, L50, F|
|poke|p2|Metagross, L50|
|poke|p2|Sylveon, L50, M|
|teampreview|4
|showteam|p1|Incineroar||SitrusBerry|Intimidate|FakeOut,FlareBlitz,DarkestLariat,PartingShot|Impish||M|||50|]Maushold||ChopleBerry|FriendGuard|SuperFang,FollowMe,Protect,Feint|Impish|||||50|]Sinistcha||OccaBerry|Hospitality|MatchaGotcha,LifeDew,RagePowder,Protect|Bold|||||50|]Sneasler||FocusSash|PoisonTouch|FakeOut,CloseCombat,DireClaw,QuickGuard|Jolly||F|||50|]Blastoise||Blastoisinite|Torrent|WaterSpout,DarkPulse,ShellSmash,Protect|Modest||M|||50|]Delphox||Delphoxite|Blaze|HeatWave,Psychic,NastyPlot,Protect|Timid||M|||50|
|showteam|p2|Charizard||CharizarditeY|Blaze|HeatWave,SolarBeam,FocusBlast,Protect|Timid||F|||50|]Whimsicott||FocusSash|Prankster|Moonblast,Tailwind,Encore,FakeTears|Bold||F|||50|]Raichu||RaichuniteY|LightningRod|ZapCannon,FocusBlast,FakeOut,Protect|Hasty||F|||50|]Sneasler||WhiteHerb|Unburden|DireClaw,CloseCombat,ThroatChop,FakeOut|Adamant||F|||50|]Metagross||Leftovers|ClearBody|BulletPunch,PsychicFangs,BodyPress,IronDefense|Adamant|||||50|]Sylveon||FairyFeather|Pixilate|HyperVoice,QuickAttack,Protect,Yawn|Sassy||M|||50|
|inactive|Battle timer is ON: inactive players will automatically lose when time's up. (requested by raksbach)
|inactive|raksbach has 60 seconds left.
|
|t:|1783694125
|teamsize|p1|4
|teamsize|p2|4
|start
|switch|p1a: Sneasler|Sneasler, L50, F|100/100
|switch|p1b: Incineroar|Incineroar, L50, M|100/100
|switch|p2a: Sylveon|Sylveon, L50, M|100/100
|switch|p2b: Raichu|Raichu, L50, F|100/100
|-ability|p1b: Incineroar|Intimidate|boost
|-unboost|p2a: Sylveon|atk|1
|-unboost|p2b: Raichu|atk|1
|turn|1
|
|t:|1783694138
|move|p2b: Raichu|Protect|p2b: Raichu
|-singleturn|p2b: Raichu|Protect
|move|p2a: Sylveon|Protect|p2a: Sylveon
|-singleturn|p2a: Sylveon|Protect
|move|p1a: Sneasler|Fake Out|p2b: Raichu
|-activate|p2b: Raichu|move: Protect
|move|p1b: Incineroar|Parting Shot|p2a: Sylveon
|-activate|p2a: Sylveon|move: Protect
|
|upkeep
|turn|2
|
|t:|1783694157
|detailschange|p2b: Raichu|Raichu-Mega-Y, L50, F
|-mega|p2b: Raichu|Raichu|Raichunite Y
|move|p2b: Raichu|Zap Cannon|p1a: Sneasler
|-enditem|p1a: Sneasler|Focus Sash
|-damage|p1a: Sneasler|1/100
|-status|p1a: Sneasler|par
|move|p1a: Sneasler|Dire Claw|p2a: Sylveon
|-supereffective|p2a: Sylveon|1
|-damage|p2a: Sylveon|1/100
|-status|p2a: Sylveon|psn
|move|p1b: Incineroar|Parting Shot|p2b: Raichu
|-unboost|p2b: Raichu|atk|1
|-unboost|p2b: Raichu|spa|1
|
|t:|1783694173
|switch|p1b: Sinistcha|Sinistcha, L50|100/100|[from] Parting Shot
|-heal|p1a: Sneasler|25/100 par|[from] ability: Hospitality|[of] p1b: Sinistcha
|move|p2a: Sylveon|Hyper Voice|p1a: Sneasler|[spread] p1a,p1b
|-damage|p1a: Sneasler|0 fnt
|-damage|p1b: Sinistcha|67/100
|faint|p1a: Sneasler
|
|-damage|p2a: Sylveon|0 fnt|[from] psn
|faint|p2a: Sylveon
|upkeep
|
|t:|1783694185
|switch|p1a: Delphox|Delphox, L50, M|100/100
|switch|p2a: Sneasler|Sneasler, L50, F|100/100
|turn|3
|
|t:|1783694193
|detailschange|p1a: Delphox|Delphox-Mega, L50, M
|-mega|p1a: Delphox|Delphox|Delphoxite
|move|p1a: Delphox|Protect|p1a: Delphox
|-singleturn|p1a: Delphox|Protect
|move|p1b: Sinistcha|Protect|p1b: Sinistcha
|-singleturn|p1b: Sinistcha|Protect
|move|p2b: Raichu|Zap Cannon|p1a: Delphox
|-activate|p1a: Delphox|move: Protect
|move|p2a: Sneasler|Dire Claw|p1b: Sinistcha
|-activate|p1b: Sinistcha|move: Protect
|
|upkeep
|turn|4
|
|t:|1783694211
|switch|p1a: Incineroar|Incineroar, L50, M|100/100
|-ability|p1a: Incineroar|Intimidate|boost
|-unboost|p2a: Sneasler|atk|1
|-unboost|p2b: Raichu|atk|1
|-enditem|p2a: Sneasler|White Herb
|-clearnegativeboost|p2a: Sneasler|[silent]
|move|p2a: Sneasler|Dire Claw|p1b: Sinistcha
|-damage|p1b: Sinistcha|28/100
|move|p2b: Raichu|Zap Cannon|p1a: Incineroar
|-damage|p1a: Incineroar|54/100
|-status|p1a: Incineroar|par
|move|p1b: Sinistcha|Matcha Gotcha|p2b: Raichu|[spread] p2a,p2b
|-resisted|p2a: Sneasler|1
|-damage|p2a: Sneasler|84/100
|-heal|p1b: Sinistcha|34/100|[from] drain|[of] p2a: Sneasler
|-damage|p2b: Raichu|64/100
|-heal|p1b: Sinistcha|48/100|[from] drain|[of] p2b: Raichu
|
|upkeep
|turn|5
|inactive|raksbach has 30 seconds left.
|
|t:|1783694236
|switch|p2b: Whimsicott|Whimsicott, L50, F|100/100
|move|p1a: Incineroar|Fake Out|p2a: Sneasler
|-damage|p2a: Sneasler|66/100
|cant|p2a: Sneasler|flinch
|move|p1b: Sinistcha|Life Dew|p1b: Sinistcha|[spread] p1a,p1b
|-heal|p1a: Incineroar|79/100 par
|-heal|p1b: Sinistcha|73/100
|
|upkeep
|turn|6
|
|t:|1783694253
|move|p1b: Sinistcha|Rage Powder|p1b: Sinistcha
|-singleturn|p1b: Sinistcha|move: Rage Powder
|move|p2b: Whimsicott|Fake Tears|p1b: Sinistcha
|-unboost|p1b: Sinistcha|spd|2
|move|p2a: Sneasler|Close Combat|p1b: Sinistcha
|-immune|p1b: Sinistcha
|cant|p1a: Incineroar|par
|
|upkeep
|turn|7
|
|t:|1783694268
|move|p2b: Whimsicott|Tailwind|p2b: Whimsicott
|-sidestart|p2: ButterisBetter|move: Tailwind
|move|p2a: Sneasler|Dire Claw|p1b: Sinistcha
|-damage|p1b: Sinistcha|36/100
|move|p1b: Sinistcha|Life Dew|p1b: Sinistcha|[spread] p1a,p1b
|-heal|p1a: Incineroar|100/100 par
|-heal|p1b: Sinistcha|61/100
|move|p1a: Incineroar|Parting Shot|p2a: Sneasler
|-unboost|p2a: Sneasler|atk|1
|-unboost|p2a: Sneasler|spa|1
|
|t:|1783694279
|switch|p1a: Delphox|Delphox-Mega, L50, M|100/100|[from] Parting Shot
|
|upkeep
|turn|8
|
|t:|1783694290
|move|p1b: Sinistcha|Rage Powder|p1b: Sinistcha
|-singleturn|p1b: Sinistcha|move: Rage Powder
|move|p2a: Sneasler|Dire Claw|p1b: Sinistcha
|-damage|p1b: Sinistcha|34/100
|-status|p1b: Sinistcha|slp
|move|p2b: Whimsicott|Moonblast|p1b: Sinistcha
|-damage|p1b: Sinistcha|0 fnt
|faint|p1b: Sinistcha
|move|p1a: Delphox|Heat Wave|p2a: Sneasler|[spread] p2a,p2b
|-supereffective|p2b: Whimsicott|1
|-damage|p2a: Sneasler|14/100
|-enditem|p2b: Whimsicott|Focus Sash
|-damage|p2b: Whimsicott|1/100
|
|upkeep
|
|t:|1783694304
|switch|p1b: Incineroar|Incineroar, L50, M|100/100 par
|-ability|p1b: Incineroar|Intimidate|boost
|-unboost|p2a: Sneasler|atk|1
|-unboost|p2b: Whimsicott|atk|1
|turn|9
|
|t:|1783694319
|move|p1b: Incineroar|Fake Out|p2a: Sneasler
|-damage|p2a: Sneasler|0 fnt
|faint|p2a: Sneasler
|move|p2b: Whimsicott|Fake Tears|p1a: Delphox
|-unboost|p1a: Delphox|spd|2
|move|p1a: Delphox|Heat Wave|p2b: Whimsicott
|-supereffective|p2b: Whimsicott|1
|-damage|p2b: Whimsicott|0 fnt
|faint|p2b: Whimsicott
|
|upkeep
|
|t:|1783694322
|switch|p2b: Raichu|Raichu-Mega-Y, L50, F|64/100
|turn|10
|
|t:|1783694342
|move|p2b: Raichu|Focus Blast|p1b: Incineroar
|-supereffective|p1b: Incineroar|1
|-damage|p1b: Incineroar|9/100 par
|-enditem|p1b: Incineroar|Sitrus Berry|[eat]
|-heal|p1b: Incineroar|34/100 par|[from] item: Sitrus Berry
|move|p1a: Delphox|Nasty Plot|p1a: Delphox
|-boost|p1a: Delphox|spa|2
|move|p1b: Incineroar|Flare Blitz|p2b: Raichu
|-damage|p2b: Raichu|0 fnt
|faint|p2b: Raichu
|-damage|p1b: Incineroar|19/100 par|[from] Recoil
|
|win|raksbach
