|j|☆Maphoo
|j|☆chikondi
|html|Maphoochikondi    
|uhtml|bestof|Game 3 of a best-of-3
|t:|1756928136
|gametype|doubles
|player|p1|Maphoo|169|
|player|p2|chikondi|galacticgruntf|
|gen|9
|tier|[Gen 9] VGC 2025 Reg H (Bo3)
|rule|Species Clause: Limit one of each Pokémon
|rule|Item Clause: Limit 1 of each item
|clearpoke
|poke|p1|Ninetales-Alola, L50, F|
|poke|p1|Dragonite, L50, M|
|poke|p1|Ursaluna, L50, M|
|poke|p1|Sinistcha-Masterpiece, L50|
|poke|p1|Incineroar, L50, M|
|poke|p1|Annihilape, L50, F|
|poke|p2|Primarina, L50, M|
|poke|p2|Gholdengo, L50|
|poke|p2|Incineroar, L50, M|
|poke|p2|Dragonite, L50, F|
|poke|p2|Sneasler, L50, M|
|poke|p2|Rillaboom, L50, M|
|teampreview|4
|showteam|p1|Ninetales-Alola||FocusSash|SnowWarning|Blizzard,IcyWind,Encore,AuroraVeil|||F|||50|,,,,,Ghost]Dragonite||LoadedDice|Multiscale|ScaleShot,Tailwind,Haze,Protect|||M|||50|,,,,,Steel]Ursaluna||FlameOrb|Guts|Facade,Earthquake,HeadlongRush,Protect|||M|||50|,,,,,Ghost]Sinistcha-Masterpiece||SitrusBerry|Hospitality|MatchaGotcha,RagePowder,LifeDew,TrickRoom||||||50|,,,,,Dark]Incineroar||AssaultVest|Intimidate|FlareBlitz,KnockOff,PartingShot,FakeOut|||M|||50|,,,,,Dragon]Annihilape||SafetyGoggles|Defiant|RageFist,CloseCombat,Coaching,FinalGambit|||F|||50|,,,,,Fire
|showteam|p2|Primarina||Leftovers|LiquidVoice|HyperVoice,Moonblast,Protect,CalmMind|||M|||50|,,,,,Fairy]Gholdengo||LifeOrb|GoodasGold|MakeItRain,NastyPlot,ShadowBall,Protect||||||50|,,,,,Flying]Incineroar||RockyHelmet|Intimidate|PartingShot,FakeOut,KnockOff,FlareBlitz|||M|||50|,,,,,Ghost]Dragonite||LoadedDice|Multiscale|ScaleShot,Tailwind,ExtremeSpeed,Protect|||F|||50|,,,,,Fairy]Sneasler||FocusSash|Unburden|DireClaw,CloseCombat,FakeOut,Protect|||M|||50|,,,,,Dark]Rillaboom||MiracleSeed|GrassySurge|GrassyGlide,WoodHammer,Uturn,FakeOut|||M|||50|,,,,,Fire
|
|t:|1756928169
|teamsize|p1|4
|teamsize|p2|4
|start
|switch|p1a: Dragonite|Dragonite, L50, M, shiny|100/100
|switch|p1b: Annihilape|Annihilape, L50, F, shiny|100/100
|switch|p2a: Dragonite|Dragonite, L50, F|100/100
|switch|p2b: Primarina|Primarina, L50, M|100/100
|turn|1
|
|t:|1756928246
|switch|p1b: Incineroar|Incineroar, L50, M, shiny|100/100
|-ability|p1b: Incineroar|Intimidate|boost
|-unboost|p2a: Dragonite|atk|1
|-unboost|p2b: Primarina|atk|1
|switch|p2b: Incineroar|Incineroar, L50, M|100/100
|-ability|p2b: Incineroar|Intimidate|boost
|-unboost|p1a: Dragonite|atk|1
|-unboost|p1b: Incineroar|atk|1
|move|p1a: Dragonite|Tailwind|p1a: Dragonite
|-sidestart|p1: Maphoo|move: Tailwind
|move|p2a: Dragonite|Tailwind|p2a: Dragonite
|-sidestart|p2: chikondi|move: Tailwind
|
|upkeep
|turn|2
|
|t:|1756928270
|switch|p1b: Ursaluna|Ursaluna, L50, M, shiny|100/100
|move|p1a: Dragonite|Protect|p1a: Dragonite
|-singleturn|p1a: Dragonite|Protect
|move|p2b: Incineroar|Fake Out|p1a: Dragonite
|-activate|p1a: Dragonite|move: Protect
|move|p2a: Dragonite|Scale Shot|p1a: Dragonite
|-activate|p1a: Dragonite|move: Protect
|
|-status|p1b: Ursaluna|brn|[from] item: Flame Orb
|upkeep
|turn|3
|
|t:|1756928305
|switch|p1a: Incineroar|Incineroar, L50, M, shiny|100/100
|-ability|p1a: Incineroar|Intimidate|boost
|-unboost|p2a: Dragonite|atk|1
|-unboost|p2b: Incineroar|atk|1
|move|p2a: Dragonite|Scale Shot|p1a: Incineroar
|-damage|p1a: Incineroar|96/100
|-crit|p1a: Incineroar
|-damage|p1a: Incineroar|79/100
|-damage|p1a: Incineroar|73/100
|-damage|p1a: Incineroar|67/100
|-hitcount|p1a: Incineroar|4
|-unboost|p2a: Dragonite|def|1
|-boost|p2a: Dragonite|spe|1
|move|p2b: Incineroar|Parting Shot|p1b: Ursaluna
|-unboost|p1b: Ursaluna|atk|1
|-unboost|p1b: Ursaluna|spa|1
|
|t:|1756928320
|switch|p2b: Primarina|Primarina, L50, M|100/100|[from] Parting Shot
|move|p1b: Ursaluna|Headlong Rush|p2b: Primarina
|-damage|p2b: Primarina|20/100
|-unboost|p1b: Ursaluna|def|1
|-unboost|p1b: Ursaluna|spd|1
|
|-heal|p2b: Primarina|25/100|[from] item: Leftovers
|-damage|p1b: Ursaluna|95/100 brn|[from] brn
|upkeep
|turn|4
|
|t:|1756928343
|switch|p2a: Incineroar|Incineroar, L50, M|100/100
|-ability|p2a: Incineroar|Intimidate|boost
|-unboost|p1a: Incineroar|atk|1
|-unboost|p1b: Ursaluna|atk|1
|switch|p1b: Annihilape|Annihilape, L50, F, shiny|100/100
|move|p2b: Primarina|Protect|p2b: Primarina
|-singleturn|p2b: Primarina|Protect
|move|p1a: Incineroar|Fake Out|p2b: Primarina
|-activate|p2b: Primarina|move: Protect
|
|-heal|p2b: Primarina|31/100|[from] item: Leftovers
|-sideend|p1: Maphoo|move: Tailwind
|-sideend|p2: chikondi|move: Tailwind
|upkeep
|turn|5
|
|t:|1756928396
|switch|p2b: Sneasler|Sneasler, L50, M|100/100
|switch|p2a: Dragonite|Dragonite, L50, F|100/100
|move|p1b: Annihilape|Rage Fist|p2b: Sneasler
|-damage|p2b: Sneasler|61/100
|move|p1a: Incineroar|Knock Off|p2b: Sneasler
|-resisted|p2b: Sneasler
|-damage|p2b: Sneasler|38/100
|-enditem|p2b: Sneasler|Focus Sash|[from] move: Knock Off|[of] p1a: Incineroar
|
|upkeep
|turn|6
|
|t:|1756928453
|switch|p2b: Incineroar|Incineroar, L50, M|100/100
|-ability|p2b: Incineroar|Intimidate|boost
|-unboost|p1a: Incineroar|atk|1
|-unboost|p1b: Annihilape|atk|1
|-ability|p1b: Annihilape|Defiant|boost
|-boost|p1b: Annihilape|atk|2
|move|p1b: Annihilape|Rage Fist|p2b: Incineroar
|-resisted|p2b: Incineroar
|-damage|p2b: Incineroar|87/100
|-damage|p1b: Annihilape|84/100|[from] item: Rocky Helmet|[of] p2b: Incineroar
|move|p2a: Dragonite|Scale Shot|p1a: Incineroar
|-damage|p1a: Incineroar|56/100
|-damage|p1a: Incineroar|46/100
|-damage|p1a: Incineroar|35/100
|-damage|p1a: Incineroar|25/100
|-hitcount|p1a: Incineroar|4
|-unboost|p2a: Dragonite|def|1
|-boost|p2a: Dragonite|spe|1
|move|p1a: Incineroar|Knock Off|p2a: Dragonite
|-damage|p2a: Dragonite|84/100
|-enditem|p2a: Dragonite|Loaded Dice|[from] move: Knock Off|[of] p1a: Incineroar
|
|upkeep
|turn|7
|
|t:|1756928504
|move|p2a: Dragonite|Tailwind|p2a: Dragonite
|-sidestart|p2: chikondi|move: Tailwind
|move|p2b: Incineroar|Flare Blitz|p1b: Annihilape
|-damage|p1b: Annihilape|23/100
|-damage|p2b: Incineroar|67/100|[from] Recoil
|move|p1b: Annihilape|Rage Fist|p2a: Dragonite
|-damage|p2a: Dragonite|0 fnt
|faint|p2a: Dragonite
|move|p1a: Incineroar|Flare Blitz|p2b: Incineroar
|-resisted|p2b: Incineroar
|-damage|p2b: Incineroar|58/100
|-damage|p1a: Incineroar|8/100|[from] item: Rocky Helmet|[of] p2b: Incineroar
|-damage|p1a: Incineroar|5/100|[from] Recoil
|
|upkeep
|
|t:|1756928519
|switch|p2a: Primarina|Primarina, L50, M|31/100
|turn|8
|
|t:|1756928552
|switch|p2b: Sneasler|Sneasler, L50, M|38/100
|switch|p1a: Dragonite|Dragonite, L50, M, shiny|100/100
|move|p2a: Primarina|Hyper Voice|p1b: Annihilape|[spread] p1a,p1b
|-resisted|p1a: Dragonite
|-damage|p1a: Dragonite|91/100
|-damage|p1b: Annihilape|0 fnt
|faint|p1b: Annihilape
|
|-heal|p2a: Primarina|37/100|[from] item: Leftovers
|upkeep
|
|t:|1756928563
|switch|p1b: Incineroar|Incineroar, L50, M, shiny|5/100
|-ability|p1b: Incineroar|Intimidate|boost
|-unboost|p2a: Primarina|atk|1
|-unboost|p2b: Sneasler|atk|1
|turn|9
|
|t:|1756928578
|move|p2b: Sneasler|Fake Out|p1b: Incineroar
|-damage|p1b: Incineroar|0 fnt
|faint|p1b: Incineroar
|move|p2a: Primarina|Moonblast|p1a: Dragonite
|-supereffective|p1a: Dragonite
|-damage|p1a: Dragonite|0 fnt
|faint|p1a: Dragonite
|
|-heal|p2a: Primarina|43/100|[from] item: Leftovers
|upkeep
|
|t:|1756928587
|switch|p1b: Ursaluna|Ursaluna, L50, M, shiny|95/100 brn
|turn|10
|
|t:|1756928623
|switch|p2b: Incineroar|Incineroar, L50, M|58/100
|-ability|p2b: Incineroar|Intimidate|boost
|-unboost|p1b: Ursaluna|atk|1
|move|p1b: Ursaluna|Protect|p1b: Ursaluna
|-singleturn|p1b: Ursaluna|Protect
|move|p2a: Primarina|Hyper Voice|p1b: Ursaluna
|-activate|p1b: Ursaluna|move: Protect
|
|-heal|p2a: Primarina|49/100|[from] item: Leftovers
|-damage|p1b: Ursaluna|89/100 brn|[from] brn
|-sideend|p2: chikondi|move: Tailwind
|upkeep
|turn|11
|
|t:|1756928652
|-terastallize|p2b: Incineroar|Ghost
|-terastallize|p1b: Ursaluna|Ghost
|move|p2b: Incineroar|Knock Off|p1b: Ursaluna
|-supereffective|p1b: Ursaluna
|-damage|p1b: Ursaluna|23/100 brn
|-enditem|p1b: Ursaluna|Flame Orb|[from] move: Knock Off|[of] p2b: Incineroar
|move|p2a: Primarina|Hyper Voice|p1b: Ursaluna
|-damage|p1b: Ursaluna|0 fnt
|faint|p1b: Ursaluna
|
|win|chikondi
|c|☆Maphoo|GGs
|c|☆chikondi|GG!
|c|☆chikondi|Sorry for late reply, my browser was bugging
|c|☆Maphoo|No worries!
