|j|☆sandy ghost 5
|j|☆Saw725
|html|sandy ghost 5Saw725    
|uhtml|bestof|Game 2 of a best-of-3
|t:|1756926436
|gametype|doubles
|player|p1|sandy ghost 5|baker|1320
|player|p2|Saw725|gentleman-gen4|1278
|gen|9
|tier|[Gen 9] VGC 2025 Reg H (Bo3)
|rated|
|rule|Species Clause: Limit one of each Pokémon
|rule|Item Clause: Limit 1 of each item
|clearpoke
|poke|p1|Tyranitar, L50, M|
|poke|p1|Excadrill, L50, M|
|poke|p1|Sinistcha-Masterpiece, L50|
|poke|p1|Salamence, L50, F|
|poke|p1|Blaziken, L50, M|
|poke|p1|Bruxish, L50, M|
|poke|p2|Dragonite, L50, F|
|poke|p2|Gholdengo, L50|
|poke|p2|Ursaluna, L50, M|
|poke|p2|Porygon2, L50|
|poke|p2|Incineroar, L50, F|
|poke|p2|Amoonguss, L50, F|
|teampreview|4
|showteam|p1|Tyranitar||ClearAmulet|SandStream|RockSlide,KnockOff,DragonDance,Protect|||M|||50|,,,,,Grass]Excadrill||AssaultVest|SandRush|Earthquake,IronHead,HighHorsepower,RockSlide|||M|||50|,,,,,Ghost]Sinistcha-Masterpiece||SitrusBerry|Hospitality|ShadowBall,MatchaGotcha,RagePowder,Protect||||||50|,,,,,Dark]Salamence||LifeOrb|Intimidate|DracoMeteor,AirSlash,Protect,Tailwind|||F|||50|,,,,,Ghost]Blaziken||CovertCloak|SpeedBoost|AuraSphere,HeatWave,Coaching,WillOWisp|||M|||50|,,,,,Dragon]Bruxish||ChoiceScarf|Dazzling|PsychicFangs,FlipTurn,WaveCrash,SuperFang|||M|||50|,,,,,Water
|showteam|p2|Dragonite||LoadedDice|Multiscale|ScaleShot,Haze,Tailwind,Protect|||F|||50|,,,,,Fairy]Gholdengo||LifeOrb|GoodasGold|MakeItRain,ShadowBall,NastyPlot,Protect||||||50|,,,,,Water]Ursaluna||FlameOrb|Guts|Facade,HeadlongRush,Earthquake,Protect|||M|||50|,,,,,Fairy]Porygon2||Eviolite|Download|TeraBlast,IceBeam,TrickRoom,Recover||||||50|,,,,,Fighting]Incineroar||SafetyGoggles|Intimidate|FlareBlitz,KnockOff,PartingShot,FakeOut|||F|||50|,,,,,Ghost]Amoonguss||SitrusBerry|Regenerator|SludgeBomb,Spore,RagePowder,Protect|||F|||50|,,,,,Water
|
|t:|1756926483
|teamsize|p1|4
|teamsize|p2|4
|start
|switch|p1a: Excadrill|Excadrill, L50, M|100/100
|switch|p1b: Blaziken|Blaziken, L50, M|100/100
|switch|p2a: Porygon2|Porygon2, L50|100/100
|switch|p2b: Incineroar|Incineroar, L50, F|100/100
|-ability|p2b: Incineroar|Intimidate|boost
|-unboost|p1a: Excadrill|atk|1
|-unboost|p1b: Blaziken|atk|1
|-ability|p2a: Porygon2|Download|boost
|-boost|p2a: Porygon2|atk|1
|turn|1
|
|t:|1756926503
|switch|p2b: Amoonguss|Amoonguss, L50, F|100/100
|move|p1b: Blaziken|Aura Sphere|p2a: Porygon2
|-supereffective|p2a: Porygon2
|-damage|p2a: Porygon2|59/100
|move|p1a: Excadrill|Rock Slide|p2a: Porygon2|[spread] p2a,p2b
|-damage|p2a: Porygon2|50/100
|-damage|p2b: Amoonguss|88/100
|move|p2a: Porygon2|Trick Room|p2a: Porygon2
|-fieldstart|move: Trick Room|[of] p2a: Porygon2
|
|-ability|p1b: Blaziken|Speed Boost|boost
|-boost|p1b: Blaziken|spe|1
|upkeep
|turn|2
|
|t:|1756926530
|switch|p2a: Incineroar|Incineroar, L50, F|100/100
|-ability|p2a: Incineroar|Intimidate|boost
|-unboost|p1a: Excadrill|atk|1
|-unboost|p1b: Blaziken|atk|1
|switch|p1b: Puppet|Sinistcha-Masterpiece, L50|100/100
|move|p2b: Amoonguss|Spore|p1b: Puppet
|-immune|p1b: Puppet
|move|p1a: Excadrill|High Horsepower|p2a: Incineroar|[miss]
|-miss|p1a: Excadrill|p2a: Incineroar
|
|upkeep
|turn|3
|
|t:|1756926553
|switch|p1b: Blaziken|Blaziken, L50, M|100/100
|switch|p1a: Salamence|Salamence, L50, F|100/100
|-ability|p1a: Salamence|Intimidate|boost
|-unboost|p2a: Incineroar|atk|1
|-unboost|p2b: Amoonguss|atk|1
|move|p2b: Amoonguss|Spore|p1a: Salamence
|-status|p1a: Salamence|slp|[from] move: Spore
|move|p2a: Incineroar|Flare Blitz|p1b: Blaziken
|-resisted|p1b: Blaziken
|-damage|p1b: Blaziken|79/100
|-damage|p2a: Incineroar|94/100|[from] Recoil
|
|upkeep
|turn|4
|
|t:|1756926574
|switch|p1b: Puppet|Sinistcha-Masterpiece, L50|100/100
|move|p2b: Amoonguss|Spore|p1b: Puppet
|-immune|p1b: Puppet
|move|p2a: Incineroar|Knock Off|p1a: Salamence
|-damage|p1a: Salamence|64/100 slp
|-enditem|p1a: Salamence|Life Orb|[from] move: Knock Off|[of] p2a: Incineroar
|cant|p1a: Salamence|slp
|
|upkeep
|turn|5
|
|t:|1756926594
|switch|p2b: Porygon2|Porygon2, L50|50/100
|-ability|p2b: Porygon2|Download|boost
|-boost|p2b: Porygon2|spa|1
|cant|p1a: Salamence|slp
|move|p1b: Puppet|Shadow Ball|p2b: Porygon2
|-immune|p2b: Porygon2
|move|p2a: Incineroar|Knock Off|p1b: Puppet
|-supereffective|p1b: Puppet
|-damage|p1b: Puppet|41/100
|-enditem|p1b: Puppet|Sitrus Berry|[from] move: Knock Off|[of] p2a: Incineroar
|
|-fieldend|move: Trick Room
|upkeep
|turn|6
|
|t:|1756926618
|-terastallize|p1b: Puppet|Dark
|-curestatus|p1a: Salamence|slp|[msg]
|move|p1a: Salamence|Draco Meteor|p2b: Porygon2
|-damage|p2b: Porygon2|10/100
|-unboost|p1a: Salamence|spa|2
|move|p2a: Incineroar|Flare Blitz|p1b: Puppet
|-damage|p1b: Puppet|6/100
|-status|p1b: Puppet|brn
|-damage|p2a: Incineroar|83/100|[from] Recoil
|move|p1b: Puppet|Matcha Gotcha|p2a: Incineroar|[spread] p2a,p2b
|-resisted|p2a: Incineroar
|-damage|p2a: Incineroar|70/100
|-heal|p1b: Puppet|13/100 brn|[from] drain|[of] p2a: Incineroar
|-damage|p2b: Porygon2|0 fnt
|-heal|p1b: Puppet|18/100 brn|[from] drain|[of] p2b: Porygon2
|faint|p2b: Porygon2
|
|-damage|p1b: Puppet|12/100 brn|[from] brn
|upkeep
|
|t:|1756926640
|switch|p2b: Amoonguss|Amoonguss, L50, F|100/100
|turn|7
|
|t:|1756926655
|move|p1a: Salamence|Air Slash|p2b: Amoonguss
|-supereffective|p2b: Amoonguss
|-damage|p2b: Amoonguss|72/100
|move|p2a: Incineroar|Parting Shot|p1a: Salamence
|-unboost|p1a: Salamence|atk|1
|-unboost|p1a: Salamence|spa|1
|
|t:|1756926660
|switch|p2a: Ursaluna|Ursaluna, L50, M|100/100|[from] Parting Shot
|move|p1b: Puppet|Shadow Ball|p2b: Amoonguss
|-crit|p2b: Amoonguss
|-damage|p2b: Amoonguss|24/100
|-enditem|p2b: Amoonguss|Sitrus Berry|[eat]
|-heal|p2b: Amoonguss|49/100|[from] item: Sitrus Berry
|move|p2b: Amoonguss|Sludge Bomb|p1b: Puppet
|-damage|p1b: Puppet|0 fnt
|faint|p1b: Puppet
|
|-status|p2a: Ursaluna|brn|[from] item: Flame Orb
|upkeep
|
|t:|1756926671
|switch|p1b: Blaziken|Blaziken, L50, M|79/100
|turn|8
|
|t:|1756926701
|switch|p1a: Excadrill|Excadrill, L50, M|100/100
|switch|p2b: Incineroar|Incineroar, L50, F|70/100
|-ability|p2b: Incineroar|Intimidate|boost
|-unboost|p1a: Excadrill|atk|1
|-unboost|p1b: Blaziken|atk|1
|-terastallize|p2a: Ursaluna|Fairy
|move|p1b: Blaziken|Heat Wave|p2a: Ursaluna|[spread] p2a,p2b
|-resisted|p2b: Incineroar
|-damage|p2a: Ursaluna|73/100 brn
|-damage|p2b: Incineroar|57/100
|move|p2a: Ursaluna|Facade|p1b: Blaziken
|-damage|p1b: Blaziken|0 fnt
|faint|p1b: Blaziken
|
|-damage|p2a: Ursaluna|67/100 brn|[from] brn
|upkeep
|
|t:|1756926715
|switch|p1b: Salamence|Salamence, L50, F|64/100
|-ability|p1b: Salamence|Intimidate|boost
|-unboost|p2a: Ursaluna|atk|1
|-unboost|p2b: Incineroar|atk|1
|turn|9
|
|t:|1756926741
|move|p2b: Incineroar|Fake Out|p1a: Excadrill
|-resisted|p1a: Excadrill
|-damage|p1a: Excadrill|95/100
|move|p1b: Salamence|Air Slash|p2a: Ursaluna
|-damage|p2a: Ursaluna|37/100 brn
|cant|p1a: Excadrill|flinch
|move|p2a: Ursaluna|Headlong Rush|p1a: Excadrill
|-supereffective|p1a: Excadrill
|-damage|p1a: Excadrill|0 fnt
|-unboost|p2a: Ursaluna|def|1
|-unboost|p2a: Ursaluna|spd|1
|faint|p1a: Excadrill
|
|-damage|p2a: Ursaluna|31/100 brn|[from] brn
|upkeep
|turn|10
|
|t:|1756926760
|move|p2a: Ursaluna|Protect|p2a: Ursaluna
|-singleturn|p2a: Ursaluna|Protect
|move|p1b: Salamence|Air Slash|p2a: Ursaluna
|-activate|p2a: Ursaluna|move: Protect
|move|p2b: Incineroar|Knock Off|p1b: Salamence
|-damage|p1b: Salamence|39/100
|
|-damage|p2a: Ursaluna|25/100 brn|[from] brn
|upkeep
|turn|11
|
|t:|1756926770
|switch|p2a: Amoonguss|Amoonguss, L50, F|82/100
|move|p1b: Salamence|Air Slash|p2a: Amoonguss
|-supereffective|p2a: Amoonguss
|-damage|p2a: Amoonguss|27/100
|move|p2b: Incineroar|Knock Off|p1b: Salamence
|-damage|p1b: Salamence|15/100
|
|upkeep
|turn|12
|
|t:|1756926778
|move|p1b: Salamence|Air Slash|p2a: Amoonguss|[miss]
|-miss|p1b: Salamence|p2a: Amoonguss
|move|p2b: Incineroar|Knock Off|p1b: Salamence
|-damage|p1b: Salamence|0 fnt
|faint|p1b: Salamence
|
|win|Saw725
||sandy ghost 5 is ready for game 3.
||Saw725 is ready for game 3.
|uhtml|next|Next: Game 3 of 3
