|j|☆282839393m
|j|☆mikelpoyarzabal
|html|282839393mmikelpoyarzabal    
|uhtml|bestof|Game 2 of a best-of-3
|t:|1784744553
|gametype|doubles
|player|p1|282839393m|hilbert|1176
|player|p2|mikelpoyarzabal|arven-s|1310
|gen|9
|tier|[Gen 9 Champions] VGC 2026 Reg M-B (Bo3)
|rated|
|rule|Species Clause: Limit one of each Pokémon
|rule|Item Clause: Limit 1 of each item
|clearpoke
|poke|p1|Zoroark-Hisui, L50, F|
|poke|p1|Incineroar, L50, F|
|poke|p1|Gholdengo, L50|
|poke|p1|Blastoise, L50, F|
|poke|p1|Whimsicott, L50, F|
|poke|p1|Staraptor, L50, M|
|poke|p2|Tyranitar, L50, F|
|poke|p2|Excadrill, L50, M|
|poke|p2|Gholdengo, L50|
|poke|p2|Milotic, L50, F|
|poke|p2|Sinistcha, L50|
|poke|p2|Staraptor, L50, M|
|teampreview|4
|showteam|p1|Zoroark-Hisui||SilkScarf|Illusion|Taunt,IcyWind,HyperBeam,ShadowBall|Timid||F|||50|]Incineroar||PasshoBerry|Intimidate|ThroatChop,FakeOut,PartingShot,FlareBlitz|Impish||F|||50|]Gholdengo||LifeOrb|GoodasGold|NastyPlot,MakeItRain,ShadowBall,Protect|Modest|||||50|]Blastoise||Blastoisinite|Torrent|WaterSpout,ShellSmash,Protect,FocusBlast|Modest||F|||50|]Whimsicott||FocusSash|Prankster|Moonblast,Tailwind,FakeTears,Encore|Bold||F|||50|]Staraptor||Staraptite|Intimidate|Protect,CloseCombat,Roost,BraveBird|Adamant||M|||50|
|showteam|p2|Tyranitar||Tyranitarite|SandStream|RockSlide,KnockOff,LowKick,Protect|Jolly||F|||50|]Excadrill||FocusSash|SandRush|HighHorsepower,IronHead,RockSlide,Protect|Adamant||M|||50|]Gholdengo||LifeOrb|GoodasGold|ShadowBall,MakeItRain,NastyPlot,Protect|Modest|||||50|]Milotic||SitrusBerry|Competitive|Scald,IceBeam,IcyWind,Protect|Calm||F|||50|]Sinistcha||ColburBerry|Hospitality|MatchaGotcha,ShadowBall,RagePowder,Protect|Bold|||||50|]Staraptor||Staraptite|Intimidate|BraveBird,CloseCombat,Tailwind,Protect|Jolly||M|||50|
|inactive|Battle timer is ON: inactive players will automatically lose when time's up. (requested by mikelpoyarzabal)
|inactive|282839393m has 60 seconds left.
|inactive|mikelpoyarzabal has 60 seconds left.
|
|t:|1784744603
|teamsize|p1|4
|teamsize|p2|4
|start
|switch|p1a: Blastoise|Blastoise, L50, F|100/100
|switch|p1b: Whimsicott|Whimsicott, L50, F|100/100
|switch|p2a: Milotic|Milotic, L50, F|100/100
|switch|p2b: Staraptor|Staraptor, L50, M|100/100
|-ability|p2b: Staraptor|Intimidate|boost
|-unboost|p1a: Blastoise|atk|1
|-unboost|p1b: Whimsicott|atk|1
|turn|1
|inactive|mikelpoyarzabal has 30 seconds left.
|inactive|mikelpoyarzabal has 20 seconds left.
|inactive|mikelpoyarzabal has 15 seconds left.
|
|t:|1784744644
|switch|p2b: Sinistcha|Sinistcha, L50|100/100
|detailschange|p1a: Blastoise|Blastoise-Mega, L50, F
|-mega|p1a: Blastoise|Blastoise|Blastoisinite
|move|p1b: Whimsicott|Tailwind|p1b: Whimsicott
|-sidestart|p1: 282839393m|move: Tailwind
|move|p1a: Blastoise|Water Spout|p2b: Sinistcha|[spread] p2a,p2b
|-resisted|p2a: Milotic|1
|-resisted|p2b: Sinistcha|1
|-damage|p2a: Milotic|79/100
|-damage|p2b: Sinistcha|66/100
|move|p2a: Milotic|Scald|p1a: Blastoise
|-resisted|p1a: Blastoise|1
|-damage|p1a: Blastoise|84/100
|
|upkeep
|turn|2
|inactive|282839393m has 30 seconds left.
|inactive|282839393m has 20 seconds left.
|
|t:|1784744680
|move|p1b: Whimsicott|Fake Tears|p2b: Sinistcha
|-unboost|p2b: Sinistcha|spd|2
|move|p1a: Blastoise|Water Spout|p2b: Sinistcha|[spread] p2a,p2b
|-resisted|p2a: Milotic|1
|-resisted|p2b: Sinistcha|1
|-damage|p2a: Milotic|62/100
|-damage|p2b: Sinistcha|9/100
|move|p2a: Milotic|Ice Beam|p1b: Whimsicott
|-supereffective|p1b: Whimsicott|1
|-damage|p1b: Whimsicott|30/100
|move|p2b: Sinistcha|Matcha Gotcha|p1b: Whimsicott|[spread] p1a,p1b
|-supereffective|p1a: Blastoise|1
|-resisted|p1b: Whimsicott|1
|-damage|p1a: Blastoise|37/100
|-heal|p2b: Sinistcha|30/100|[from] drain|[of] p1a: Blastoise
|-damage|p1b: Whimsicott|13/100
|-heal|p2b: Sinistcha|39/100|[from] drain|[of] p1b: Whimsicott
|
|upkeep
|turn|3
|inactive|282839393m has 30 seconds left.
|
|t:|1784744707
|switch|p1b: Incineroar|Incineroar, L50, F|100/100
|-ability|p1b: Incineroar|Intimidate|boost
|-unboost|p2a: Milotic|atk|1
|-ability|p2a: Milotic|Competitive|boost
|-boost|p2a: Milotic|spa|2
|-unboost|p2b: Sinistcha|atk|1
|switch|p1a: Whimsicott|Whimsicott, L50, F|100/100
|switch|p2b: Gholdengo|Gholdengo, L50|100/100
|move|p2a: Milotic|Icy Wind|p1b: Incineroar|[spread] p1a,p1b
|-resisted|p1b: Incineroar|1
|-damage|p1a: Whimsicott|52/100
|-damage|p1b: Incineroar|91/100
|-unboost|p1a: Whimsicott|spe|1
|-unboost|p1b: Incineroar|spe|1
|replace|p1a: Zoroark|Zoroark-Hisui, L50, F
|-end|p1a: Zoroark|Illusion
|
|upkeep
|turn|4
|inactive|282839393m has 30 seconds left.
|inactive|mikelpoyarzabal has 30 seconds left.
|
|t:|1784744735
|switch|p2b: Sinistcha|Sinistcha, L50|39/100
|-heal|p2a: Milotic|87/100|[from] ability: Hospitality|[of] p2b: Sinistcha
|move|p1b: Incineroar|Fake Out|p2a: Milotic
|-damage|p2a: Milotic|77/100
|move|p1a: Zoroark|Shadow Ball|p2b: Sinistcha
|-supereffective|p2b: Sinistcha|1
|-damage|p2b: Sinistcha|0 fnt
|faint|p2b: Sinistcha
|cant|p2a: Milotic|flinch
|
|-sideend|p1: 282839393m|move: Tailwind
|upkeep
|
|t:|1784744741
|switch|p2b: Gholdengo|Gholdengo, L50|100/100
|turn|5
|
|t:|1784744759
|switch|p1b: Whimsicott|Whimsicott, L50, F|13/100
|move|p2b: Gholdengo|Make It Rain|p1a: Zoroark|[spread] p1a,p1b
|-supereffective|p1b: Whimsicott|1
|-damage|p1a: Zoroark|0 fnt
|-damage|p1b: Whimsicott|0 fnt
|-unboost|p2b: Gholdengo|spa|2
|faint|p1a: Zoroark
|faint|p1b: Whimsicott
|-damage|p2b: Gholdengo|90/100|[from] item: Life Orb
|move|p2a: Milotic|Scald|p1: Zoroark|[notarget]
|-fail|p2a: Milotic
|
|upkeep
|
|t:|1784744766
|switch|p1a: Blastoise|Blastoise-Mega, L50, F|37/100
|switch|p1b: Incineroar|Incineroar, L50, F|91/100
|-ability|p1b: Incineroar|Intimidate|boost
|-unboost|p2a: Milotic|atk|1
|-ability|p2a: Milotic|Competitive|boost
|-boost|p2a: Milotic|spa|2
|-unboost|p2b: Gholdengo|atk|1
|turn|6
|inactive|mikelpoyarzabal has 30 seconds left.
|
|t:|1784744796
|move|p1b: Incineroar|Fake Out|p2a: Milotic
|-damage|p2a: Milotic|67/100
|move|p2b: Gholdengo|Shadow Ball|p1a: Blastoise
|-damage|p1a: Blastoise|4/100
|-damage|p2b: Gholdengo|81/100|[from] item: Life Orb
|move|p1a: Blastoise|Focus Blast|p2a: Milotic
|-damage|p2a: Milotic|38/100
|-enditem|p2a: Milotic|Sitrus Berry|[eat]
|-heal|p2a: Milotic|63/100|[from] item: Sitrus Berry
|cant|p2a: Milotic|flinch
|
|upkeep
|turn|7
|
|t:|1784744811
|move|p2b: Gholdengo|Shadow Ball|p1a: Blastoise
|-damage|p1a: Blastoise|0 fnt
|faint|p1a: Blastoise
|-damage|p2b: Gholdengo|71/100|[from] item: Life Orb
|move|p2a: Milotic|Scald|p1b: Incineroar
|-supereffective|p1b: Incineroar|1
|-crit|p1b: Incineroar
|-enditem|p1b: Incineroar|Passho Berry|[eat]
|-enditem|p1b: Incineroar|Passho Berry|[weaken]
|-damage|p1b: Incineroar|0 fnt
|faint|p1b: Incineroar
|
|win|mikelpoyarzabal
