|j|☆AlphaBravoCola
|j|☆papitaslight
|html|AlphaBravoColapapitaslight    
|uhtml|bestof|Game 1 of a best-of-3
|t:|1785784559
|gametype|doubles
|player|p1|AlphaBravoCola|170|1037
|player|p2|papitaslight|1|1000
|gen|9
|tier|[Gen 9 Champions] VGC 2026 Reg M-B (Bo3)
|rated|
|rule|Species Clause: Limit one of each Pokémon
|rule|Item Clause: Limit 1 of each item
|clearpoke
|poke|p1|Delphox, L50, M, shiny|
|poke|p1|Greninja, L50, M|
|poke|p1|Aerodactyl, L50, F, shiny|
|poke|p1|Metagross, L50, shiny|
|poke|p1|Ninetales, L50, M, shiny|
|poke|p1|Aurorus, L50, M, shiny|
|poke|p2|Farigiraf, L50, M|
|poke|p2|Mawile, L50, F|
|poke|p2|Kingambit, L50, M|
|poke|p2|Sneasler, L50, F|
|poke|p2|Golurk, L50|
|poke|p2|Sinistcha, L50|
|teampreview|4
|showteam|p1|Delphox||Delphoxite|Blaze|CalmMind,Protect,HeatWave,Psychic|Modest||M|||50|]Greninja||Greninjite|Protean|Blizzard,DarkPulse,Surf,Protect|Timid||M|||50|]Aerodactyl||FocusSash|Unnerve|Tailwind,DualWingbeat,RockSlide,Earthquake|Jolly||F|||50|]Metagross||LifeOrb|ClearBody|BrickBreak,MeteorMash,ThunderPunch,Protect|Jolly|||||50|]Ninetales||Charcoal|Drought|HelpingHand,Roar,WeatherBall,Overheat|Timid||M|||50|]Aurorus||IcyRock|SnowWarning|AuroraVeil,AncientPower,Protect,Snowscape|Calm||M|||50|
|showteam|p2|Farigiraf||SitrusBerry|ArmorTail|HelpingHand,TrickRoom,HyperVoice,Thunderbolt|Sassy||M|||50|]Mawile||Mawilite|Intimidate|PlayRough,RockSlide,Protect,IronHead|Adamant||F|||50|]Kingambit||ChopleBerry|Defiant|SuckerPunch,KowtowCleave,Protect,IronHead|Adamant||M|||50|]Sneasler||MentalHerb|PoisonTouch|CloseCombat,DireClaw,Protect,FakeOut|Jolly||F|||50|]Golurk||Golurkite|IronFist|HighHorsepower,Poltergeist,IcePunch,Protect|Adamant|||||50|]Sinistcha||Leftovers|Hospitality|TrickRoom,MatchaGotcha,ShadowBall,RagePowder|Lax|||||50|
|inactive|Battle timer is ON: inactive players will automatically lose when time's up. (requested by AlphaBravoCola)
|
|t:|1785784632
|teamsize|p1|4
|teamsize|p2|4
|start
|switch|p1a: Delphox|Delphox, L50, M, shiny|100/100
|switch|p1b: Ninetales|Ninetales, L50, M, shiny|100/100
|switch|p2a: Farigiraf|Farigiraf, L50, M|100/100
|switch|p2b: Sneasler|Sneasler, L50, F|100/100
|-weather|SunnyDay|[from] ability: Drought|[of] p1b: Ninetales
|turn|1
|inactive|AlphaBravoCola has 30 seconds left.
|inactive|papitaslight has 30 seconds left.
|inactive|AlphaBravoCola has 20 seconds left.
|
|t:|1785784668
|detailschange|p1a: Delphox|Delphox-Mega, L50, M, shiny
|-mega|p1a: Delphox|Delphox|Delphoxite
|move|p1a: Delphox|Protect|p1a: Delphox
|-singleturn|p1a: Delphox|Protect
|move|p2b: Sneasler|Fake Out|p1b: Ninetales
|-damage|p1b: Ninetales|79/100
|cant|p1b: Ninetales|flinch
|move|p2a: Farigiraf|Trick Room|p2a: Farigiraf
|-fieldstart|move: Trick Room|[of] p2a: Farigiraf
|
|-weather|SunnyDay|[upkeep]
|upkeep
|turn|2
|inactive|papitaslight has 30 seconds left.
|inactive|papitaslight has 20 seconds left.
|inactive|papitaslight has 15 seconds left.
|inactive|papitaslight has 10 seconds left.
|
|t:|1785784714
|move|p1b: Ninetales|Helping Hand|p1a: Delphox
|-singleturn|p1a: Delphox|Helping Hand|[of] p1b: Ninetales
|move|p2a: Farigiraf|Hyper Voice|p1b: Ninetales|[spread] p1a,p1b
|-damage|p1a: Delphox|76/100
|-damage|p1b: Ninetales|50/100g
|move|p1a: Delphox|Heat Wave|p2b: Sneasler|[spread] p2a,p2b
|-crit|p2b: Sneasler
|-damage|p2a: Farigiraf|29/100
|-damage|p2b: Sneasler|0 fnt
|-enditem|p2a: Farigiraf|Sitrus Berry|[eat]
|-heal|p2a: Farigiraf|54/100|[from] item: Sitrus Berry
|faint|p2b: Sneasler
|
|-weather|SunnyDay|[upkeep]
|upkeep
|
|t:|1785784728
|switch|p2b: Mawile|Mawile, L50, F|100/100
|-ability|p2b: Mawile|Intimidate|boost
|-unboost|p1a: Delphox|atk|1
|-unboost|p1b: Ninetales|atk|1
|turn|3
|inactive|AlphaBravoCola has 30 seconds left.
|
|t:|1785784756
|detailschange|p2b: Mawile|Mawile-Mega, L50, F
|-mega|p2b: Mawile|Mawile|Mawilite
|move|p2a: Farigiraf|Helping Hand|p2b: Mawile
|-singleturn|p2b: Mawile|Helping Hand|[of] p2a: Farigiraf
|move|p2b: Mawile|Rock Slide|p1b: Ninetales|[spread] p1a,p1b
|-supereffective|p1a: Delphox|1
|-supereffective|p1b: Ninetales|1
|-damage|p1a: Delphox|0 fnt
|-damage|p1b: Ninetales|0 fnt
|faint|p1a: Delphox
|faint|p1b: Ninetales
|
|-weather|SunnyDay|[upkeep]
|upkeep
|
|t:|1785784766
|switch|p1b: Aerodactyl|Aerodactyl, L50, F, shiny|100/100
|switch|p1a: Metagross|Metagross, L50, shiny|100/100
|-ability|p1b: Aerodactyl|Unnerve
|turn|4
|
|t:|1785784786
|switch|p2b: Kingambit|Kingambit, L50, M|100/100
|move|p2a: Farigiraf|Thunderbolt|p1b: Aerodactyl
|-supereffective|p1b: Aerodactyl|1
|-damage|p1b: Aerodactyl|32/100
|move|p1a: Metagross|Meteor Mash|p2b: Kingambit
|-resisted|p2b: Kingambit|1
|-damage|p2b: Kingambit|76/100
|-damage|p1a: Metagross|90/100|[from] item: Life Orb
|move|p1b: Aerodactyl|Rock Slide|p2b: Kingambit|[spread] p2a,p2b
|-resisted|p2b: Kingambit|1
|-damage|p2a: Farigiraf|32/100
|-damage|p2b: Kingambit|68/100
|
|-weather|SunnyDay|[upkeep]
|upkeep
|turn|5
|inactive|papitaslight has 30 seconds left.
|inactive|papitaslight has 20 seconds left.
|
|t:|1785784822
|move|p2b: Kingambit|Protect|p2b: Kingambit
|-singleturn|p2b: Kingambit|Protect
|move|p1a: Metagross|Protect|p1a: Metagross
|-singleturn|p1a: Metagross|Protect
|move|p2a: Farigiraf|Thunderbolt|p1b: Aerodactyl
|-supereffective|p1b: Aerodactyl|1
|-damage|p1b: Aerodactyl|0 fnt
|faint|p1b: Aerodactyl
|
|-weather|none
|-fieldend|move: Trick Room
|upkeep
|turn|6
|inactive|AlphaBravoCola has 30 seconds left.
|inactive|AlphaBravoCola has 20 seconds left.
|inactive|AlphaBravoCola has 15 seconds left.
|inactive|AlphaBravoCola has 10 seconds left.
|inactive|AlphaBravoCola has 5 seconds left.
|
|t:|1785784872
|move|p2a: Farigiraf|Helping Hand|p2b: Kingambit
|-singleturn|p2b: Kingambit|Helping Hand|[of] p2a: Farigiraf
|move|p2b: Kingambit|Sucker Punch|p1a: Metagross
|-supereffective|p1a: Metagross|1
|-damage|p1a: Metagross|0 fnt
|faint|p1a: Metagross
|
|win|papitaslight
||AlphaBravoCola is ready for game 2.
