|j|☆1OO% Jesus
|j|☆pandagolin
|html|1OO% Jesuspandagolin    
|uhtml|bestof|Game 2 of a best-of-3
|t:|1783449288
|gametype|doubles
|player|p1|1OO% Jesus|lillie-z|1132
|player|p2|pandagolin|2|1092
|gen|9
|tier|[Gen 9 Champions] VGC 2026 Reg M-B (Bo3)
|rated|
|rule|Species Clause: Limit one of each Pokémon
|rule|Item Clause: Limit 1 of each item
|clearpoke
|poke|p1|Delphox, L50, F|
|poke|p1|Sneasler, L50, M|
|poke|p1|Incineroar, L50, M|
|poke|p1|Sinistcha, L50|
|poke|p1|Maushold-Four, L50|
|poke|p1|Blastoise, L50, M|
|poke|p2|Froslass, L50, F|
|poke|p2|Ninetales-Alola, L50, F|
|poke|p2|Sneasler, L50, M|
|poke|p2|Garchomp, L50, M|
|poke|p2|Arcanine-Hisui, L50, F|
|poke|p2|Tauros-Paldea-Aqua, L50, M|
|teampreview|4
|showteam|p1|Delphox||Delphoxite|Blaze|HeatWave,Psyshock,NastyPlot,Protect|Timid||F|||50|]Sneasler||FocusSash|PoisonTouch|CloseCombat,PoisonJab,FakeOut,QuickGuard|Jolly||M|||50|]Incineroar||SitrusBerry|Intimidate|FlareBlitz,ThroatChop,FakeOut,PartingShot|Impish||M|||50|]Sinistcha||OccaBerry|Hospitality|MatchaGotcha,RagePowder,LifeDew,Protect|Bold|||||50|]Maushold-Four||ChopleBerry|FriendGuard|FollowMe,Feint,HelpingHand,Protect|Impish|||||50|]Blastoise||Blastoisinite|RainDish|WaterSpout,DarkPulse,ShellSmash,Protect|Modest||M|||50|
|showteam|p2|Froslass||Froslassite|CursedBody|Blizzard,ShadowBall,FrostBreath,Protect|Timid||F|||50|]Ninetales-Alola||ChoiceScarf|SnowWarning|Blizzard,Moonblast,FreezeDry,IcyWind|Timid||F|||50|]Sneasler||WhiteHerb|Unburden|CloseCombat,DireClaw,FakeOut,Coaching|Adamant||M|||50|]Garchomp||LifeOrb|RoughSkin|StompingTantrum,DragonClaw,RockSlide,Protect|Jolly||M|||50|]Arcanine-Hisui||FocusSash|RockHead|FlareBlitz,HeadSmash,WillOWisp,Protect|Adamant||F|||50|]Tauros-Paldea-Aqua||MysticWater|AngerPoint|RagingBull,CloseCombat,AquaJet,Protect|Careful||M|||50|
|inactive|Battle timer is ON: inactive players will automatically lose when time's up. (requested by pandagolin)
|j| cazabichosroger
|inactive|1OO% Jesus has 60 seconds left.
|inactive|pandagolin has 60 seconds left.
|
|t:|1783449335
|teamsize|p1|4
|teamsize|p2|4
|start
|switch|p1a: Incineroar|Incineroar, L50, M|100/100
|switch|p1b: Blastoise|Blastoise, L50, M|100/100
|switch|p2a: Froslass|Froslass, L50, F|100/100
|switch|p2b: Tauros|Tauros-Paldea-Aqua, L50, M|100/100
|-ability|p1a: Incineroar|Intimidate|boost
|-unboost|p2a: Froslass|atk|1
|-unboost|p2b: Tauros|atk|1
|turn|1
|
|t:|1783449359
|detailschange|p2a: Froslass|Froslass-Mega, L50, F
|-mega|p2a: Froslass|Froslass|Froslassite
|-weather|Snowscape|[from] ability: Snow Warning|[of] p2a: Froslass
|detailschange|p1b: Blastoise|Blastoise-Mega, L50, M
|-mega|p1b: Blastoise|Blastoise|Blastoisinite
|move|p1a: Incineroar|Fake Out|p2b: Tauros
|-damage|p2b: Tauros|90/100
|move|p2a: Froslass|Frost Breath|p2b: Tauros
|-resisted|p2b: Tauros|1
|-crit|p2b: Tauros
|-damage|p2b: Tauros|67/100
|-setboost|p2b: Tauros|atk|6|[from] ability: Anger Point
|move|p1b: Blastoise|Shell Smash|p1b: Blastoise
|-unboost|p1b: Blastoise|def|1
|-unboost|p1b: Blastoise|spd|1
|-boost|p1b: Blastoise|atk|2
|-boost|p1b: Blastoise|spa|2
|-boost|p1b: Blastoise|spe|2
|cant|p2b: Tauros|flinch
|
|-weather|Snowscape|[upkeep]
|upkeep
|turn|2
|inactive|1OO% Jesus has 30 seconds left.
|inactive|pandagolin has 30 seconds left.
|
|t:|1783449390
|move|p1b: Blastoise|Protect|p1b: Blastoise
|-singleturn|p1b: Blastoise|Protect
|move|p2b: Tauros|Aqua Jet|p1b: Blastoise
|-activate|p1b: Blastoise|move: Protect
|move|p2a: Froslass|Blizzard|p1b: Blastoise|[spread] p1a
|-activate|p1b: Blastoise|move: Protect
|-resisted|p1a: Incineroar|1
|-damage|p1a: Incineroar|77/100
|move|p1a: Incineroar|Parting Shot|p2b: Tauros
|-unboost|p2b: Tauros|atk|1
|-unboost|p2b: Tauros|spa|1
|
|t:|1783449405
|switch|p1a: Sinistcha|Sinistcha, L50|100/100|[from] Parting Shot
|
|-weather|Snowscape|[upkeep]
|upkeep
|turn|3
|
|t:|1783449423
|move|p1a: Sinistcha|Rage Powder|p1a: Sinistcha
|-singleturn|p1a: Sinistcha|move: Rage Powder
|move|p2b: Tauros|Aqua Jet|p1a: Sinistcha
|-resisted|p1a: Sinistcha|1
|-damage|p1a: Sinistcha|74/100
|move|p1b: Blastoise|Water Spout|p2b: Tauros|[spread] p2a,p2b
|-resisted|p2b: Tauros|1
|-damage|p2a: Froslass|0 fnt
|-damage|p2b: Tauros|9/100
|faint|p2a: Froslass
|
|-weather|Snowscape|[upkeep]
|upkeep
|
|t:|1783449433
|switch|p2a: Arcanine|Arcanine-Hisui, L50, F|100/100
|turn|4
|
|t:|1783449442
|move|p2b: Tauros|Protect|p2b: Tauros
|-singleturn|p2b: Tauros|Protect
|move|p1a: Sinistcha|Rage Powder|p1a: Sinistcha
|-singleturn|p1a: Sinistcha|move: Rage Powder
|move|p1b: Blastoise|Water Spout|p2b: Tauros|[spread] p2a
|-activate|p2b: Tauros|move: Protect
|-supereffective|p2a: Arcanine|2
|-enditem|p2a: Arcanine|Focus Sash
|-damage|p2a: Arcanine|1/100
|move|p2a: Arcanine|Flare Blitz|p1a: Sinistcha
|-supereffective|p1a: Sinistcha|1
|-enditem|p1a: Sinistcha|Occa Berry|[eat]
|-enditem|p1a: Sinistcha|Occa Berry|[weaken]
|-damage|p1a: Sinistcha|26/100
|-status|p1a: Sinistcha|brn
|
|-weather|Snowscape|[upkeep]
|-damage|p1a: Sinistcha|20/100y brn|[from] brn
|upkeep
|turn|5
|inactive|pandagolin has 30 seconds left.
|inactive|pandagolin has 20 seconds left.
|inactive|pandagolin has 15 seconds left.
|inactive|pandagolin has 10 seconds left.
|
|t:|1783449487
|move|p1a: Sinistcha|Rage Powder|p1a: Sinistcha
|-singleturn|p1a: Sinistcha|move: Rage Powder
|move|p2b: Tauros|Aqua Jet|p1a: Sinistcha
|-resisted|p1a: Sinistcha|1
|-damage|p1a: Sinistcha|0 fnt
|faint|p1a: Sinistcha
|move|p1b: Blastoise|Water Spout|p2a: Arcanine|[spread] p2a,p2b
|-supereffective|p2a: Arcanine|2
|-resisted|p2b: Tauros|1
|-damage|p2a: Arcanine|0 fnt
|-damage|p2b: Tauros|0 fnt
|faint|p2a: Arcanine
|faint|p2b: Tauros
|
|-weather|none
|upkeep
|
|t:|1783449501
|switch|p2b: Sneasler|Sneasler, L50, M|100/100
|switch|p1a: Incineroar|Incineroar, L50, M|77/100
|-ability|p1a: Incineroar|Intimidate|boost
|-unboost|p2b: Sneasler|atk|1
|-enditem|p2b: Sneasler|White Herb
|-clearnegativeboost|p2b: Sneasler|[silent]
|turn|6
|
|t:|1783449510
|move|p1b: Blastoise|Protect|p1b: Blastoise
|-singleturn|p1b: Blastoise|Protect
|move|p2b: Sneasler|Fake Out|p1b: Blastoise
|-activate|p1b: Blastoise|move: Protect
|move|p1a: Incineroar|Parting Shot|p2b: Sneasler
|-unboost|p2b: Sneasler|atk|1
|-unboost|p2b: Sneasler|spa|1
|
|t:|1783449516
|switch|p1a: Sneasler|Sneasler, L50, M|100/100|[from] Parting Shot
|
|upkeep
|turn|7
|-message|pandagolin forfeited.
|raw|1OO% Jesus's rating: 1132 → 1154(+22 for winning)
|raw|pandagolin's rating: 1092 → 1071(-21 for losing)
|
|win|1OO% Jesus
