|j|☆precisiondepicasso
|j|☆Aeon_Twins
|html|precisiondepicassoAeon_Twins    
|uhtml|bestof|Game 3 of a best-of-3
|t:|1782419405
|gametype|doubles
|player|p1|precisiondepicasso|cyclistf-gen4|1195
|player|p2|Aeon_Twins|n|1270
|gen|9
|tier|[Gen 9 Champions] VGC 2026 Reg M-B (Bo3)
|rated|
|rule|Species Clause: Limit one of each Pokémon
|rule|Item Clause: Limit 1 of each item
|clearpoke
|poke|p1|Aerodactyl, L50, M|
|poke|p1|Garchomp, L50, M|
|poke|p1|Kingambit, L50, M|
|poke|p1|Charizard, L50, M|
|poke|p1|Sylveon, L50, M|
|poke|p1|Farigiraf, L50, M|
|poke|p2|Raichu, L50, F|
|poke|p2|Mawile, L50, F|
|poke|p2|Sinistcha, L50|
|poke|p2|Ceruledge, L50, F|
|poke|p2|Milotic, L50, F|
|poke|p2|Incineroar, L50, F|
|teampreview|4
|showteam|p1|Aerodactyl||Aerodactylite|Unnerve|IceFang,RockSlide,Tailwind,DualWingbeat|Jolly||M|||50|]Garchomp||LifeOrb|RoughSkin|DragonClaw,StompingTantrum,Earthquake,Protect|Jolly||M|||50|]Kingambit||FocusSash|Defiant|SuckerPunch,KowtowCleave,IronHead,LowKick|Adamant||M|||50|]Charizard||CharizarditeY|Blaze|Protect,WeatherBall,HeatWave,SolarBeam|Modest||M|||50|]Sylveon||FairyFeather|Pixilate|Protect,HyperVoice,HyperBeam,QuickAttack|Modest||M|||50|]Farigiraf||SitrusBerry|ArmorTail|TrickRoom,Thunderbolt,Roar,TwinBeam|Bold||M|||50|
|showteam|p2|Raichu||RaichuniteY|LightningRod|ZapCannon,FocusBlast,FakeOut,Protect|Timid||F|||50|]Mawile||Mawilite|HyperCutter|PlayRough,SuckerPunch,SwordsDance,Protect|Adamant||F|||50|]Sinistcha||KasibBerry|Hospitality|MatchaGotcha,LifeDew,RagePowder,Protect|Relaxed|||||50|]Ceruledge||ColburBerry|FlashFire|BitterBlade,ShadowSneak,BulkUp,Protect|Adamant||F|||50|]Milotic||Leftovers|Competitive|MuddyWater,Coil,Hypnosis,Protect|Calm||F|||50|]Incineroar||SitrusBerry|Intimidate|FlareBlitz,ThroatChop,FakeOut,PartingShot|Impish||F|||50|
|inactive|Battle timer is ON: inactive players will automatically lose when time's up. (requested by precisiondepicasso)
|inactive|Aeon_Twins has 60 seconds left.
|
|t:|1782419441
|teamsize|p1|4
|teamsize|p2|4
|start
|switch|p1a: Charizard|Charizard, L50, M|100/100
|switch|p1b: Kingambit|Kingambit, L50, M|100/100
|switch|p2a: Raichu|Raichu, L50, F|100/100
|switch|p2b: Milotic|Milotic, L50, F|100/100
|turn|1
|
|t:|1782419455
|switch|p1b: Garchomp|Garchomp, L50, M|100/100
|detailschange|p2a: Raichu|Raichu-Mega-Y, L50, F
|-mega|p2a: Raichu|Raichu|Raichunite Y
|detailschange|p1a: Charizard|Charizard-Mega-Y, L50, M
|-mega|p1a: Charizard|Charizard|Charizardite Y
|-weather|SunnyDay|[from] ability: Drought|[of] p1a: Charizard
|move|p2a: Raichu|Focus Blast|p1b: Garchomp
|-damage|p1b: Garchomp|56/100
|move|p1a: Charizard|Solar Beam||[still]
|-prepare|p1a: Charizard|Solar Beam
|-anim|p1a: Charizard|Solar Beam|p2b: Milotic
|-supereffective|p2b: Milotic|1
|-damage|p2b: Milotic|45/100
|move|p2b: Milotic|Coil|p2b: Milotic
|-boost|p2b: Milotic|atk|1
|-boost|p2b: Milotic|def|1
|-boost|p2b: Milotic|accuracy|1
|
|-weather|SunnyDay|[upkeep]
|-heal|p2b: Milotic|51/100|[from] item: Leftovers
|upkeep
|turn|2
|inactive|precisiondepicasso has 30 seconds left.
|inactive|Aeon_Twins has 30 seconds left.
|inactive|Aeon_Twins has 20 seconds left.
|
|t:|1782419493
|switch|p2a: Sinistcha|Sinistcha, L50|100/100
|-heal|p2b: Milotic|76/100|[from] ability: Hospitality|[of] p2a: Sinistcha
|move|p1a: Charizard|Protect|p1a: Charizard
|-singleturn|p1a: Charizard|Protect
|move|p1b: Garchomp|Earthquake|p2a: Sinistcha|[spread] p2a,p2b
|-activate|p1a: Charizard|move: Protect
|-resisted|p2a: Sinistcha|1
|-damage|p2a: Sinistcha|82/100
|-damage|p2b: Milotic|47/100
|-damage|p1b: Garchomp|47/100|[from] item: Life Orb
|move|p2b: Milotic|Hypnosis|p1b: Garchomp
|-status|p1b: Garchomp|slp|[from] move: Hypnosis
|
|-weather|SunnyDay|[upkeep]
|-heal|p2b: Milotic|53/100|[from] item: Leftovers
|upkeep
|turn|3
|
|t:|1782419513
|switch|p2a: Incineroar|Incineroar, L50, F|100/100
|-ability|p2a: Incineroar|Intimidate|boost
|-unboost|p1a: Charizard|atk|1
|-unboost|p1b: Garchomp|atk|1
|cant|p1b: Garchomp|slp
|move|p1a: Charizard|Weather Ball|p2a: Incineroar
|-resisted|p2a: Incineroar|1
|-damage|p2a: Incineroar|62/100
|move|p2b: Milotic|Hypnosis|p1a: Charizard|[miss]
|-miss|p2b: Milotic|p1a: Charizard
|
|-weather|SunnyDay|[upkeep]
|-heal|p2b: Milotic|59/100|[from] item: Leftovers
|upkeep
|turn|4
|
|t:|1782419531
|move|p1a: Charizard|Protect|p1a: Charizard
|-singleturn|p1a: Charizard|Protect
|cant|p1b: Garchomp|slp
|move|p2b: Milotic|Coil|p2b: Milotic
|-boost|p2b: Milotic|atk|1
|-boost|p2b: Milotic|def|1
|-boost|p2b: Milotic|accuracy|1
|move|p2a: Incineroar|Parting Shot|p1b: Garchomp
|-unboost|p1b: Garchomp|atk|1
|-unboost|p1b: Garchomp|spa|1
|
|t:|1782419535
|switch|p2a: Sinistcha|Sinistcha, L50|82/100|[from] Parting Shot
|-heal|p2b: Milotic|84/100|[from] ability: Hospitality|[of] p2a: Sinistcha
|
|-weather|SunnyDay|[upkeep]
|-heal|p2b: Milotic|90/100|[from] item: Leftovers
|upkeep
|turn|5
|
|t:|1782419551
|switch|p1b: Kingambit|Kingambit, L50, M|100/100
|switch|p2a: Incineroar|Incineroar, L50, F|62/100
|-ability|p2a: Incineroar|Intimidate|boost
|-unboost|p1a: Charizard|atk|1
|-unboost|p1b: Kingambit|atk|1
|-ability|p1b: Kingambit|Defiant|boost
|-boost|p1b: Kingambit|atk|2
|move|p1a: Charizard|Heat Wave|p2b: Milotic|[spread] p2a,p2b
|-resisted|p2a: Incineroar|1
|-resisted|p2b: Milotic|1
|-damage|p2a: Incineroar|36/100
|-damage|p2b: Milotic|71/100
|-status|p2b: Milotic|brn
|-enditem|p2a: Incineroar|Sitrus Berry|[eat]
|-heal|p2a: Incineroar|61/100|[from] item: Sitrus Berry
|move|p2b: Milotic|Hypnosis|p1a: Charizard
|-status|p1a: Charizard|slp|[from] move: Hypnosis
|
|-weather|none
|-heal|p2b: Milotic|77/100 brn|[from] item: Leftovers
|-damage|p2b: Milotic|71/100 brn|[from] brn
|upkeep
|turn|6
|inactive|precisiondepicasso has 30 seconds left.
|
|t:|1782419584
|switch|p1a: Farigiraf|Farigiraf, L50, M|100/100
|move|p2b: Milotic|Muddy Water|p1b: Kingambit|[spread] p1a,p1b
|-damage|p1a: Farigiraf|77/100
|-damage|p1b: Kingambit|71/100
|-unboost|p1b: Kingambit|accuracy|1
|-ability|p1b: Kingambit|Defiant|boost
|-boost|p1b: Kingambit|atk|2
|move|p1b: Kingambit|Low Kick|p2a: Incineroar
|-supereffective|p2a: Incineroar|1
|-damage|p2a: Incineroar|0 fnt
|faint|p2a: Incineroar
|
|-heal|p2b: Milotic|77/100 brn|[from] item: Leftovers
|-damage|p2b: Milotic|71/100 brn|[from] brn
|upkeep
|
|t:|1782419600
|switch|p2a: Raichu|Raichu-Mega-Y, L50, F|100/100
|turn|7
|
|t:|1782419617
|switch|p1b: Charizard|Charizard-Mega-Y, L50, M|100/100 slp
|-weather|SunnyDay|[from] ability: Drought|[of] p1b: Charizard
|move|p2a: Raichu|Protect|p2a: Raichu
|-singleturn|p2a: Raichu|Protect
|move|p2b: Milotic|Hypnosis|p1b: Charizard
|-fail|p1b: Charizard|slp
|move|p1a: Farigiraf|Trick Room|p1a: Farigiraf
|-fieldstart|move: Trick Room|[of] p1a: Farigiraf
|
|-weather|SunnyDay|[upkeep]
|-heal|p2b: Milotic|77/100 brn|[from] item: Leftovers
|-damage|p2b: Milotic|71/100 brn|[from] brn
|upkeep
|turn|8
|
|t:|1782419636
|move|p1a: Farigiraf|Thunderbolt|p2b: Milotic
|-supereffective|p2b: Milotic|1
|-damage|p2b: Milotic|42/100 brn
|move|p2b: Milotic|Hypnosis|p1a: Farigiraf
|-status|p1a: Farigiraf|slp|[from] move: Hypnosis
|cant|p1b: Charizard|slp
|move|p2a: Raichu|Zap Cannon|p1b: Charizard
|-supereffective|p1b: Charizard|1
|-damage|p1b: Charizard|0 fnt
|faint|p1b: Charizard
|
|-weather|SunnyDay|[upkeep]
|-heal|p2b: Milotic|48/100 brn|[from] item: Leftovers
|-damage|p2b: Milotic|42/100 brn|[from] brn
|upkeep
|
|t:|1782419651
|switch|p1b: Kingambit|Kingambit, L50, M|71/100
|turn|9
|
|t:|1782419673
|switch|p1b: Garchomp|Garchomp, L50, M|47/100 slp
|cant|p1a: Farigiraf|slp
|move|p2b: Milotic|Coil|p2b: Milotic
|-boost|p2b: Milotic|atk|1
|-boost|p2b: Milotic|def|1
|-boost|p2b: Milotic|accuracy|1
|move|p2a: Raichu|Focus Blast|p1b: Garchomp
|-damage|p1b: Garchomp|4/100 slp
|
|-weather|SunnyDay|[upkeep]
|-heal|p2b: Milotic|48/100 brn|[from] item: Leftovers
|-damage|p2b: Milotic|42/100 brn|[from] brn
|upkeep
|turn|10
|
|t:|1782419692
|switch|p2a: Sinistcha|Sinistcha, L50|82/100
|-heal|p2b: Milotic|66/100 brn|[from] ability: Hospitality|[of] p2a: Sinistcha
|move|p2b: Milotic|Muddy Water|p1a: Farigiraf|[spread] p1a,p1b
|-damage|p1a: Farigiraf|66/100 slp
|-damage|p1b: Garchomp|0 fnt
|faint|p1b: Garchomp
|-curestatus|p1a: Farigiraf|slp|[msg]
|move|p1a: Farigiraf|Roar|p2b: Milotic
|drag|p2b: Raichu|Raichu-Mega-Y, L50, F|100/100
|
|-weather|SunnyDay|[upkeep]
|upkeep
|
|t:|1782419703
|switch|p1b: Kingambit|Kingambit, L50, M|71/100
|turn|11
|
|t:|1782419720
|move|p2a: Sinistcha|Protect|p2a: Sinistcha
|-singleturn|p2a: Sinistcha|Protect
|move|p2b: Raichu|Protect|p2b: Raichu
|-singleturn|p2b: Raichu|Protect
|move|p1a: Farigiraf|Twin Beam|p2b: Raichu
|-activate|p2b: Raichu|move: Protect
|move|p1b: Kingambit|Kowtow Cleave|p2a: Sinistcha
|-activate|p2a: Sinistcha|move: Protect
|
|-weather|none
|-fieldend|move: Trick Room
|upkeep
|turn|12
|
|t:|1782419735
|move|p2a: Sinistcha|Rage Powder|p2a: Sinistcha
|-singleturn|p2a: Sinistcha|move: Rage Powder
|move|p2b: Raichu|Focus Blast|p1b: Kingambit
|-supereffective|p1b: Kingambit|2
|-damage|p1b: Kingambit|0 fnt
|faint|p1b: Kingambit
|move|p1a: Farigiraf|Twin Beam|p2a: Sinistcha
|-damage|p2a: Sinistcha|66/100
|-damage|p2a: Sinistcha|52/100
|-hitcount|p2a: Sinistcha|2
|
|upkeep
|turn|13
|-message|precisiondepicasso forfeited.
|
|win|Aeon_Twins
|raw|precisiondepicasso's rating: 1195 → 1175(-20 for losing)
|raw|Aeon_Twins's rating: 1270 → 1290(+20 for winning)
|c|☆precisiondepicasso|gg
|c|☆Aeon_Twins|gg
|l|☆Aeon_Twins
|player|p2|
