|j|☆DINOLONK
|j|☆Joe870502
|html|DINOLONKJoe870502    
|uhtml|bestof|Game 3 of a best-of-3
|t:|1782576666
|gametype|doubles
|player|p1|DINOLONK|parasollady-gen4|1179
|player|p2|Joe870502|170|1241
|gen|9
|tier|[Gen 9 Champions] VGC 2026 Reg M-B (Bo3)
|rated|
|rule|Species Clause: Limit one of each Pokémon
|rule|Item Clause: Limit 1 of each item
|clearpoke
|poke|p1|Hydreigon, L50, F|
|poke|p1|Garchomp, L50, F|
|poke|p1|Metagross, L50|
|poke|p1|Charizard, L50, M|
|poke|p1|Grimmsnarl, L50, M|
|poke|p1|Toxapex, L50, F|
|poke|p2|Charizard, L50, F|
|poke|p2|Sneasler, L50, F|
|poke|p2|Floette-Eternal, L50, F|
|poke|p2|Sinistcha, L50|
|poke|p2|Milotic, L50, M|
|poke|p2|Incineroar, L50, F|
|teampreview|4
|showteam|p1|Hydreigon||ChoiceScarf|Levitate|HeatWave,DarkPulse,DracoMeteor,Snarl|Modest||F|||50|]Garchomp||SitrusBerry|RoughSkin|Earthquake,RockSlide,DragonClaw,Protect|Adamant||F|||50|]Metagross||Metagrossite|ClearBody|IronHead,HammerArm,BulletPunch,Protect|Adamant|||||50|]Charizard||CharizarditeY|Blaze|Protect,HeatWave,SolarBeam,WeatherBall|Timid||M|||50|]Grimmsnarl||RoseliBerry|Prankster|FakeOut,FoulPlay,Reflect,PartingShot|Sassy||M|||50|]Toxapex||Leftovers|Regenerator|Infestation,Toxic,BanefulBunker,WideGuard|Bold||F|||50|
|showteam|p2|Charizard||CharizarditeX|Blaze|TemperFlare,DragonClaw,DragonDance,Protect|Adamant||F|||50|]Sneasler||FocusSash|Unburden|FakeOut,CloseCombat,DireClaw,Coaching|Jolly||F|||50|]Floette-Eternal||Floettite|FlowerVeil|Moonblast,DazzlingGleam,CalmMind,Protect|Modest||F|||50|]Sinistcha||ColburBerry|Hospitality|RagePowder,TrickRoom,MatchaGotcha,LifeDew|Sassy|||||50|]Milotic||Leftovers|Competitive|MuddyWater,Recover,Coil,Hypnosis|Bold||M|||50|]Incineroar||SitrusBerry|Intimidate|FakeOut,FlareBlitz,ThroatChop,PartingShot|Impish||F|||50|
|inactive|Battle timer is ON: inactive players will automatically lose when time's up. (requested by DINOLONK)
|
|t:|1782576684
|teamsize|p1|4
|teamsize|p2|4
|start
|switch|p1a: Hydreigon|Hydreigon, L50, F|100/100
|switch|p1b: Grimmsnarl|Grimmsnarl, L50, M|100/100
|switch|p2a: Milotic|Milotic, L50, M|100/100
|switch|p2b: Incineroar|Incineroar, L50, F|100/100
|-ability|p2b: Incineroar|Intimidate|boost
|-unboost|p1a: Hydreigon|atk|1
|-unboost|p1b: Grimmsnarl|atk|1
|turn|1
|
|t:|1782576692
|move|p2b: Incineroar|Fake Out|p1b: Grimmsnarl
|-damage|p1b: Grimmsnarl|89/100
|cant|p1b: Grimmsnarl|flinch
|move|p1a: Hydreigon|Dark Pulse|p2a: Milotic
|-damage|p2a: Milotic|67/100
|cant|p2a: Milotic|flinch
|
|-heal|p2a: Milotic|73/100|[from] item: Leftovers
|upkeep
|turn|2
|
|t:|1782576706
|move|p1a: Hydreigon|Dark Pulse|p2a: Milotic
|-damage|p2a: Milotic|43/100
|move|p2a: Milotic|Coil|p2a: Milotic
|-boost|p2a: Milotic|atk|1
|-boost|p2a: Milotic|def|1
|-boost|p2a: Milotic|accuracy|1
|move|p2b: Incineroar|Parting Shot|p1b: Grimmsnarl
|-unboost|p1b: Grimmsnarl|atk|1
|-unboost|p1b: Grimmsnarl|spa|1
|
|t:|1782576713
|switch|p2b: Sneasler|Sneasler, L50, F|100/100|[from] Parting Shot
|move|p1b: Grimmsnarl|Foul Play|p2a: Milotic
|-damage|p2a: Milotic|26/100
|
|-heal|p2a: Milotic|32/100|[from] item: Leftovers
|upkeep
|turn|3
|
|t:|1782576723
|switch|p1a: Toxapex|Toxapex, L50, F|100/100
|move|p1b: Grimmsnarl|Reflect|p1b: Grimmsnarl
|-sidestart|p1: DINOLONK|Reflect
|move|p2b: Sneasler|Dire Claw|p1b: Grimmsnarl
|-supereffective|p1b: Grimmsnarl|1
|-damage|p1b: Grimmsnarl|31/100
|move|p2a: Milotic|Recover|p2a: Milotic
|-heal|p2a: Milotic|82/100
|
|-heal|p2a: Milotic|88/100|[from] item: Leftovers
|upkeep
|turn|4
|
|t:|1782576739
|switch|p2b: Incineroar|Incineroar, L50, F|100/100
|-ability|p2b: Incineroar|Intimidate|boost
|-unboost|p1a: Toxapex|atk|1
|-unboost|p1b: Grimmsnarl|atk|1
|move|p1b: Grimmsnarl|Parting Shot|p2b: Incineroar
|-hint|Since gen 7, Dark is immune to Prankster moves.
|-immune|p2b: Incineroar
|move|p2a: Milotic|Hypnosis|p1a: Toxapex
|-status|p1a: Toxapex|slp|[from] move: Hypnosis
|cant|p1a: Toxapex|slp
|
|-heal|p2a: Milotic|94/100|[from] item: Leftovers
|upkeep
|turn|5
|
|t:|1782576753
|move|p2a: Milotic|Muddy Water|p1a: Toxapex|[spread] p1a,p1b
|-resisted|p1a: Toxapex|1
|-damage|p1a: Toxapex|91/100 slp
|-damage|p1b: Grimmsnarl|8/100
|-unboost|p1b: Grimmsnarl|accuracy|1
|move|p2b: Incineroar|Flare Blitz|p1b: Grimmsnarl
|-damage|p1b: Grimmsnarl|0 fnt
|faint|p1b: Grimmsnarl
|-damage|p2b: Incineroar|97/100|[from] Recoil
|cant|p1a: Toxapex|slp
|
|-heal|p2a: Milotic|100/100|[from] item: Leftovers
|-heal|p1a: Toxapex|97/100 slp|[from] item: Leftovers
|upkeep
|
|t:|1782576761
|switch|p1b: Charizard|Charizard, L50, M|100/100
|turn|6
|
|t:|1782576768
|detailschange|p1b: Charizard|Charizard-Mega-Y, L50, M
|-mega|p1b: Charizard|Charizard|Charizardite Y
|-weather|SunnyDay|[from] ability: Drought|[of] p1b: Charizard
|move|p1b: Charizard|Solar Beam||[still]
|-prepare|p1b: Charizard|Solar Beam
|-anim|p1b: Charizard|Solar Beam|p2a: Milotic
|-supereffective|p2a: Milotic|1
|-damage|p2a: Milotic|43/100
|move|p2a: Milotic|Hypnosis|p1b: Charizard|[miss]
|-miss|p2a: Milotic|p1b: Charizard
|move|p2b: Incineroar|Parting Shot|p1a: Toxapex
|-unboost|p1a: Toxapex|atk|1
|-unboost|p1a: Toxapex|spa|1
|
|t:|1782576779
|switch|p2b: Sneasler|Sneasler, L50, F|100/100|[from] Parting Shot
|-curestatus|p1a: Toxapex|slp|[msg]
|move|p1a: Toxapex|Infestation|p2b: Sneasler
|-resisted|p2b: Sneasler|2
|-damage|p2b: Sneasler|99/100
|-activate|p2b: Sneasler|move: Infestation|[of] p1a: Toxapex
|
|-weather|SunnyDay|[upkeep]
|-heal|p2a: Milotic|49/100|[from] item: Leftovers
|-heal|p1a: Toxapex|100/100|[from] item: Leftovers
|-damage|p2b: Sneasler|87/100|[from] move: Infestation|[partiallytrapped]
|upkeep
|turn|7
|
|t:|1782576792
|move|p1b: Charizard|Protect|p1b: Charizard
|-singleturn|p1b: Charizard|Protect
|move|p2b: Sneasler|Fake Out|p1b: Charizard
|-activate|p1b: Charizard|move: Protect
|move|p2a: Milotic|Recover|p2a: Milotic
|-heal|p2a: Milotic|99/100
|move|p1a: Toxapex|Toxic|p2a: Milotic
|-status|p2a: Milotic|tox
|
|-weather|SunnyDay|[upkeep]
|-heal|p2a: Milotic|100/100 tox|[from] item: Leftovers
|-damage|p2a: Milotic|94/100 tox|[from] psn
|-damage|p2b: Sneasler|75/100|[from] move: Infestation|[partiallytrapped]
|-sideend|p1: DINOLONK|Reflect
|upkeep
|turn|8
|
|t:|1782576804
|move|p2b: Sneasler|Dire Claw|p1b: Charizard
|-damage|p1b: Charizard|56/100
|-status|p1b: Charizard|slp
|cant|p1b: Charizard|slp
|move|p2a: Milotic|Hypnosis|p1a: Toxapex
|-status|p1a: Toxapex|slp|[from] move: Hypnosis
|cant|p1a: Toxapex|slp
|
|-weather|SunnyDay|[upkeep]
|-heal|p2a: Milotic|100/100 tox|[from] item: Leftovers
|-damage|p2a: Milotic|88/100 tox|[from] psn
|-damage|p2b: Sneasler|63/100|[from] move: Infestation|[partiallytrapped]
|upkeep
|turn|9
|
|t:|1782576815
|move|p2b: Sneasler|Dire Claw|p1b: Charizard
|-damage|p1b: Charizard|8/100 slp
|cant|p1b: Charizard|slp
|move|p2a: Milotic|Muddy Water|p1b: Charizard|[spread] p1a,p1b
|-resisted|p1a: Toxapex|1
|-supereffective|p1b: Charizard|1
|-damage|p1a: Toxapex|96/100 slp
|-damage|p1b: Charizard|0 fnt
|faint|p1b: Charizard
|cant|p1a: Toxapex|slp
|
|-weather|SunnyDay|[upkeep]
|-heal|p2a: Milotic|94/100 tox|[from] item: Leftovers
|-heal|p1a: Toxapex|100/100 slp|[from] item: Leftovers
|-damage|p2a: Milotic|76/100 tox|[from] psn
|-damage|p2b: Sneasler|50/100g|[from] move: Infestation|[partiallytrapped]
|upkeep
|
|t:|1782576817
|switch|p1b: Hydreigon|Hydreigon, L50, F|100/100
|turn|10
|
|t:|1782576834
|move|p1b: Hydreigon|Dark Pulse|p2b: Sneasler
|-resisted|p2b: Sneasler|1
|-damage|p2b: Sneasler|19/100
|move|p2b: Sneasler|Close Combat|p1b: Hydreigon
|-supereffective|p1b: Hydreigon|1
|-damage|p1b: Hydreigon|0 fnt
|-unboost|p2b: Sneasler|def|1
|-unboost|p2b: Sneasler|spd|1
|faint|p1b: Hydreigon
|move|p2a: Milotic|Hypnosis|p1a: Toxapex|[miss]
|-miss|p2a: Milotic|p1a: Toxapex
|-curestatus|p1a: Toxapex|slp|[msg]
|move|p1a: Toxapex|Infestation|p2a: Milotic
|-damage|p2a: Milotic|74/100 tox
|-activate|p2a: Milotic|move: Infestation|[of] p1a: Toxapex
|
|-weather|none
|-heal|p2a: Milotic|80/100 tox|[from] item: Leftovers
|-damage|p2a: Milotic|56/100 tox|[from] psn
|-end|p2b: Sneasler|Infestation|[partiallytrapped]
|-damage|p2a: Milotic|44/100 tox|[from] move: Infestation|[partiallytrapped]
|upkeep
|turn|11
|
|t:|1782576847
|move|p2b: Sneasler|Dire Claw|p1a: Toxapex
|-resisted|p1a: Toxapex|1
|-damage|p1a: Toxapex|85/100
|move|p2a: Milotic|Muddy Water|p1a: Toxapex
|-resisted|p1a: Toxapex|1
|-damage|p1a: Toxapex|73/100
|move|p1a: Toxapex|Infestation|p2b: Sneasler
|-resisted|p2b: Sneasler|2
|-crit|p2b: Sneasler
|-damage|p2b: Sneasler|17/100
|-activate|p2b: Sneasler|move: Infestation|[of] p1a: Toxapex
|
|-heal|p2a: Milotic|50/100y tox|[from] item: Leftovers
|-heal|p1a: Toxapex|78/100|[from] item: Leftovers
|-damage|p2a: Milotic|20/100y tox|[from] psn
|-damage|p2b: Sneasler|5/100|[from] move: Infestation|[partiallytrapped]
|-damage|p2a: Milotic|7/100 tox|[from] move: Infestation|[partiallytrapped]
|upkeep
|turn|12
|
|t:|1782576852
|move|p1a: Toxapex|Baneful Bunker|p1a: Toxapex
|-singleturn|p1a: Toxapex|move: Protect
|move|p2b: Sneasler|Dire Claw|p1a: Toxapex
|-activate|p1a: Toxapex|move: Protect
|move|p2a: Milotic|Hypnosis|p1a: Toxapex
|-activate|p1a: Toxapex|move: Protect
|
|-heal|p2a: Milotic|13/100 tox|[from] item: Leftovers
|-heal|p1a: Toxapex|84/100|[from] item: Leftovers
|-damage|p2a: Milotic|0 fnt|[from] psn
|faint|p2a: Milotic
|-damage|p2b: Sneasler|0 fnt|[from] move: Infestation|[partiallytrapped]
|faint|p2b: Sneasler
|upkeep
|
|t:|1782576855
|switch|p2b: Incineroar|Incineroar, L50, F|97/100
|switch|p2a: Charizard|Charizard, L50, F|100/100
|-ability|p2b: Incineroar|Intimidate|boost
|-unboost|p1a: Toxapex|atk|1
|turn|13
|
|t:|1782576867
|detailschange|p2a: Charizard|Charizard-Mega-X, L50, F
|-mega|p2a: Charizard|Charizard|Charizardite X
|move|p2b: Incineroar|Fake Out|p1a: Toxapex
|-damage|p1a: Toxapex|77/100
|move|p2a: Charizard|Dragon Dance|p2a: Charizard
|-boost|p2a: Charizard|atk|1
|-boost|p2a: Charizard|spe|1
|cant|p1a: Toxapex|flinch
|
|-heal|p1a: Toxapex|83/100|[from] item: Leftovers
|upkeep
|turn|14
|
|t:|1782576875
|move|p2a: Charizard|Dragon Claw|p1a: Toxapex
|-damage|p1a: Toxapex|27/100
|move|p2b: Incineroar|Throat Chop|p1a: Toxapex
|-damage|p1a: Toxapex|5/100
|-start|p1a: Toxapex|Throat Chop|[silent]
|move|p1a: Toxapex|Toxic|p2a: Charizard
|-status|p2a: Charizard|tox
|
|-heal|p1a: Toxapex|11/100|[from] item: Leftovers
|-damage|p2a: Charizard|94/100 tox|[from] psn
|upkeep
|turn|15
|-message|DINOLONK forfeited.
|
|win|Joe870502
|raw|DINOLONK's rating: 1179 → 1158(-21 for losing)
|raw|Joe870502's rating: 1241 → 1262(+21 for winning)
