|j|☆Jaybird112233
|j|☆terosath
|html|Jaybird112233terosath    
|uhtml|bestof|Game 1 of a best-of-3
|t:|1785108677
|gametype|doubles
|player|p1|Jaybird112233|naveen|
|player|p2|terosath|n|
|gen|9
|tier|[Gen 9 Champions] VGC 2026 Reg M-B (Bo3)
|rule|Species Clause: Limit one of each Pokémon
|rule|Item Clause: Limit 1 of each item
|clearpoke
|poke|p1|Altaria, L50, F, shiny|
|poke|p1|Sinistcha, L50|
|poke|p1|Tyranitar, L50, F, shiny|
|poke|p1|Rotom-Heat, L50, shiny|
|poke|p1|Slowbro, L50, F|
|poke|p1|Aggron, L50, M|
|poke|p2|Drampa, L50, M|
|poke|p2|Crabominable, L50, M|
|poke|p2|Sinistcha-Masterpiece, L50|
|poke|p2|Politoed, L50, M|
|poke|p2|Farigiraf, L50, M|
|poke|p2|Garganacl, L50, F|
|teampreview|4
|showteam|p1|Altaria||Altarianite|CloudNine|HyperVoice,DracoMeteor,HyperBeam,Protect|Quiet||F|||50|]Sinistcha||SitrusBerry|Hospitality|MatchaGotcha,LifeDew,RagePowder,TrickRoom|Calm|||||50|]Tyranitar||Tyranitarite|SandStream|KnockOff,RockSlide,LowKick,Protect|Adamant||F|||50|]Rotom-Heat||WhiteHerb|Levitate|Thunderbolt,Overheat,LightScreen,VoltSwitch|Modest|||||50|]Slowbro||Leftovers|Regenerator|HealPulse,TrickRoom,Scald,Protect|Relaxed||F|||50|]Aggron||Aggronite|Sturdy|IronDefense,BodyPress,HeavySlam,Protect|Impish||M|||50|
|showteam|p2|Drampa||Drampanite|Berserk|Protect,EarthPower,CalmMind,HyperVoice|Quiet||M|||50|]Crabominable||Crabominite|HyperCutter|DrainPunch,Protect,IceHammer,ThunderPunch|Brave||M|||50|]Sinistcha-Masterpiece||SitrusBerry|Hospitality|TrickRoom,MatchaGotcha,LifeDew,RagePowder|Modest|||||50|]Politoed||MysticWater|Drizzle|MuddyWater,Protect,Encore,HelpingHand|Calm||M|||50|]Farigiraf||MentalHerb|ArmorTail|TrickRoom,PsychicNoise,LightScreen,Reflect|Sassy||M|||50|]Garganacl||Leftovers|PurifyingSalt|WideGuard,RockSlide,Protect,BodyPress|Relaxed||F|||50|
|j| geminiduality2
|j| Bingus Von Bongus
|j| bumperscrumper
|
|t:|1785108752
|teamsize|p1|4
|teamsize|p2|4
|start
|switch|p1a: Manatee|Slowbro, L50, F|100/100
|switch|p1b: Ferrous|Aggron, L50, M|100/100
|switch|p2a: 'Nam Veteran|Drampa, L50, M|100/100
|switch|p2b: He sparks joy :)|Politoed, L50, M|100/100
|-weather|RainDance|[from] ability: Drizzle|[of] p2b: He sparks joy :)
|turn|1
|
|t:|1785108773
|detailschange|p1b: Ferrous|Aggron-Mega, L50, M
|-mega|p1b: Ferrous|Aggron|Aggronite
|detailschange|p2a: 'Nam Veteran|Drampa-Mega, L50, M
|-mega|p2a: 'Nam Veteran|Drampa|Drampanite
|move|p2b: He sparks joy :)|Helping Hand|p2a: 'Nam Veteran
|-singleturn|p2a: 'Nam Veteran|Helping Hand|[of] p2b: He sparks joy :)
|move|p1b: Ferrous|Iron Defense|p1b: Ferrous
|-boost|p1b: Ferrous|def|2
|move|p2a: 'Nam Veteran|Earth Power|p1b: Ferrous
|-supereffective|p1b: Ferrous|1
|-damage|p1b: Ferrous|0 fnt
|faint|p1b: Ferrous
|move|p1a: Manatee|Trick Room|p1a: Manatee
|-fieldstart|move: Trick Room|[of] p1a: Manatee
|
|-weather|RainDance|[upkeep]
|upkeep
|
|t:|1785108787
|switch|p1b: Chomps|Tyranitar, L50, F, shiny|100/100
|-weather|Sandstorm|[from] ability: Sand Stream|[of] p1b: Chomps
|turn|2
|
|t:|1785108803
|move|p1a: Manatee|Scald|p2a: 'Nam Veteran
|-resisted|p2a: 'Nam Veteran|1
|-damage|p2a: 'Nam Veteran|89/100
|-status|p2a: 'Nam Veteran|brn
|move|p2a: 'Nam Veteran|Calm Mind|p2a: 'Nam Veteran
|-boost|p2a: 'Nam Veteran|spa|1
|-boost|p2a: 'Nam Veteran|spd|1
|move|p1b: Chomps|Low Kick|p2a: 'Nam Veteran
|-supereffective|p2a: 'Nam Veteran|1
|-damage|p2a: 'Nam Veteran|2/100 brn
|-ability|p2a: 'Nam Veteran|Berserk|boost
|-boost|p2a: 'Nam Veteran|spa|1
|move|p2b: He sparks joy :)|Muddy Water|p1a: Manatee|[spread] p1a,p1b
|-resisted|p1a: Manatee|1
|-supereffective|p1b: Chomps|1
|-damage|p1a: Manatee|88/100
|-damage|p1b: Chomps|71/100
|
|-weather|Sandstorm|[upkeep]
|-damage|p1a: Manatee|82/100|[from] Sandstorm
|-damage|p2a: 'Nam Veteran|0 fnt|[from] Sandstorm
|-damage|p2b: He sparks joy :)|93/100|[from] Sandstorm
|faint|p2a: 'Nam Veteran
|-heal|p1a: Manatee|88/100|[from] item: Leftovers
|upkeep
|j| seafan13
|
|t:|1785108823
|switch|p2a: I've seen this b4|Garganacl, L50, F|100/100
|turn|3
|
|t:|1785108852
|move|p1a: Manatee|Scald|p2a: I've seen this b4
|-supereffective|p2a: I've seen this b4|1
|-damage|p2a: I've seen this b4|64/100
|move|p2a: I've seen this b4|Body Press|p1b: Chomps
|-supereffective|p1b: Chomps|2
|-damage|p1b: Chomps|0 fnt
|faint|p1b: Chomps
|move|p2b: He sparks joy :)|Muddy Water|p1a: Manatee
|-resisted|p1a: Manatee|1
|-damage|p1a: Manatee|73/100
|-unboost|p1a: Manatee|accuracy|1
|
|-weather|Sandstorm|[upkeep]
|-damage|p1a: Manatee|67/100|[from] Sandstorm
|-damage|p2b: He sparks joy :)|87/100|[from] Sandstorm
|-heal|p1a: Manatee|73/100|[from] item: Leftovers
|-heal|p2a: I've seen this b4|70/100|[from] item: Leftovers
|upkeep
|
|t:|1785108867
|switch|p1b: Cuppa Tay|Sinistcha, L50|100/100
|-heal|p1a: Manatee|98/100|[from] ability: Hospitality|[of] p1b: Cuppa Tay
|turn|4
|
|t:|1785108903
|move|p2b: He sparks joy :)|Helping Hand|p2a: I've seen this b4
|-singleturn|p2a: I've seen this b4|Helping Hand|[of] p2b: He sparks joy :)
|move|p1a: Manatee|Scald|p2a: I've seen this b4
|-supereffective|p2a: I've seen this b4|1
|-damage|p2a: I've seen this b4|34/100
|move|p2a: I've seen this b4|Rock Slide|p1a: Manatee|[spread] p1a,p1b
|-damage|p1a: Manatee|75/100
|-damage|p1b: Cuppa Tay|73/100
|move|p1b: Cuppa Tay|Matcha Gotcha|p2b: He sparks joy :)|[spread] p2a,p2b
|-supereffective|p2a: I've seen this b4|1
|-supereffective|p2b: He sparks joy :)|1
|-damage|p2a: I've seen this b4|1/100
|-heal|p1b: Cuppa Tay|92/100|[from] drain|[of] p2a: I've seen this b4
|-damage|p2b: He sparks joy :)|57/100
|-heal|p1b: Cuppa Tay|100/100|[from] drain|[of] p2b: He sparks joy :)
|
|-weather|Sandstorm|[upkeep]
|-damage|p1a: Manatee|69/100|[from] Sandstorm
|-damage|p1b: Cuppa Tay|93/100|[from] Sandstorm
|-damage|p2b: He sparks joy :)|51/100|[from] Sandstorm
|-heal|p1a: Manatee|75/100|[from] item: Leftovers
|-heal|p2a: I've seen this b4|7/100|[from] item: Leftovers
|upkeep
|turn|5
|
|t:|1785108959
|switch|p2b: Double Gulp|Sinistcha-Masterpiece, L50|100/100
|-heal|p2a: I've seen this b4|31/100|[from] ability: Hospitality|[of] p2b: Double Gulp
|move|p2a: I've seen this b4|Protect|p2a: I've seen this b4
|-singleturn|p2a: I've seen this b4|Protect
|move|p1a: Manatee|Scald|p2b: Double Gulp
|-resisted|p2b: Double Gulp|1
|-damage|p2b: Double Gulp|87/100
|-status|p2b: Double Gulp|brn
|move|p1b: Cuppa Tay|Matcha Gotcha|p2a: I've seen this b4|[spread] p2b
|-activate|p2a: I've seen this b4|move: Protect
|-resisted|p2b: Double Gulp|1
|-damage|p2b: Double Gulp|76/100 brn
|-heal|p1b: Cuppa Tay|99/100|[from] drain|[of] p2b: Double Gulp
|
|-weather|Sandstorm|[upkeep]
|-damage|p1a: Manatee|69/100|[from] Sandstorm
|-damage|p2b: Double Gulp|70/100 brn|[from] Sandstorm
|-damage|p1b: Cuppa Tay|93/100|[from] Sandstorm
|-heal|p1a: Manatee|75/100|[from] item: Leftovers
|-heal|p2a: I've seen this b4|37/100|[from] item: Leftovers
|-damage|p2b: Double Gulp|64/100 brn|[from] brn
|-fieldend|move: Trick Room
|upkeep
|turn|6
|
|t:|1785108992
|move|p1b: Cuppa Tay|Matcha Gotcha|p2a: I've seen this b4|[spread] p2a,p2b
|-supereffective|p2a: I've seen this b4|1
|-resisted|p2b: Double Gulp|1
|-damage|p2a: I've seen this b4|4/100
|-heal|p1b: Cuppa Tay|100/100|[from] drain|[of] p2a: I've seen this b4
|-damage|p2b: Double Gulp|51/100 brn
|move|p2b: Double Gulp|Matcha Gotcha|p1a: Manatee|[spread] p1b
|-miss|p2b: Double Gulp|p1a: Manatee
|-resisted|p1b: Cuppa Tay|1
|-damage|p1b: Cuppa Tay|88/100
|-heal|p2b: Double Gulp|57/100 brn|[from] drain|[of] p1b: Cuppa Tay
|move|p2a: I've seen this b4|Rock Slide|p1b: Cuppa Tay|[spread] p1a,p1b
|-damage|p1a: Manatee|60/100
|-damage|p1b: Cuppa Tay|67/100
|cant|p1a: Manatee|flinch
|
|-weather|none
|-heal|p2a: I've seen this b4|10/100|[from] item: Leftovers
|-heal|p1a: Manatee|66/100|[from] item: Leftovers
|-damage|p2b: Double Gulp|51/100 brn|[from] brn
|upkeep
|turn|7
|
|t:|1785109021
|move|p2a: I've seen this b4|Wide Guard|p2a: I've seen this b4
|-singleturn|p2a: I've seen this b4|Wide Guard
|move|p2b: Double Gulp|Life Dew|p2b: Double Gulp|[spread] p2a,p2b
|-heal|p2a: I've seen this b4|35/100
|-heal|p2b: Double Gulp|76/100 brn
|move|p1b: Cuppa Tay|Matcha Gotcha|p2b: Double Gulp|[spread] 
|-activate|p2a: I've seen this b4|move: Wide Guard
|-activate|p2b: Double Gulp|move: Wide Guard
|move|p1a: Manatee|Scald|p2a: I've seen this b4|[miss]
|-miss|p1a: Manatee|p2a: I've seen this b4
|
|-heal|p2a: I've seen this b4|41/100|[from] item: Leftovers
|-heal|p1a: Manatee|72/100|[from] item: Leftovers
|-damage|p2b: Double Gulp|70/100 brn|[from] brn
|upkeep
|turn|8
|
|t:|1785109066
|move|p2a: I've seen this b4|Protect|p2a: I've seen this b4
|-singleturn|p2a: I've seen this b4|Protect
|move|p1b: Cuppa Tay|Life Dew|p1b: Cuppa Tay|[spread] p1a,p1b
|-heal|p1a: Manatee|98/100
|-heal|p1b: Cuppa Tay|93/100
|move|p2b: Double Gulp|Life Dew|p2b: Double Gulp|[spread] p2a,p2b
|-heal|p2a: I've seen this b4|66/100
|-heal|p2b: Double Gulp|95/100 brn
|move|p1a: Manatee|Trick Room|p1a: Manatee
|-fieldstart|move: Trick Room|[of] p1a: Manatee
|
|-heal|p1a: Manatee|100/100|[from] item: Leftovers
|-heal|p2a: I've seen this b4|72/100|[from] item: Leftovers
|-damage|p2b: Double Gulp|89/100 brn|[from] brn
|upkeep
|turn|9
|
|t:|1785109091
|move|p2a: I've seen this b4|Wide Guard|p2a: I've seen this b4
|-singleturn|p2a: I've seen this b4|Wide Guard
|move|p1a: Manatee|Scald|p2a: I've seen this b4
|-supereffective|p2a: I've seen this b4|1
|-damage|p2a: I've seen this b4|20/100y
|move|p1b: Cuppa Tay|Matcha Gotcha|p2a: I've seen this b4|[spread] 
|-activate|p2a: I've seen this b4|move: Wide Guard
|-activate|p2b: Double Gulp|move: Wide Guard
|move|p2b: Double Gulp|Matcha Gotcha|p1a: Manatee|[spread] p1b
|-miss|p2b: Double Gulp|p1a: Manatee
|-resisted|p1b: Cuppa Tay|1
|-damage|p1b: Cuppa Tay|83/100
|-heal|p2b: Double Gulp|94/100 brn|[from] drain|[of] p1b: Cuppa Tay
|
|-heal|p2a: I've seen this b4|26/100|[from] item: Leftovers
|-damage|p2b: Double Gulp|88/100 brn|[from] brn
|upkeep
|turn|10
|
|t:|1785109112
|move|p2a: I've seen this b4|Protect||[still]
|-fail|p2a: I've seen this b4
|move|p1a: Manatee|Scald|p2a: I've seen this b4
|-supereffective|p2a: I've seen this b4|1
|-damage|p2a: I've seen this b4|0 fnt
|faint|p2a: I've seen this b4
|move|p1b: Cuppa Tay|Matcha Gotcha|p2b: Double Gulp
|-resisted|p2b: Double Gulp|1
|-damage|p2b: Double Gulp|71/100 brn
|-heal|p1b: Cuppa Tay|91/100|[from] drain|[of] p2b: Double Gulp
|move|p2b: Double Gulp|Life Dew|p2b: Double Gulp
|-heal|p2b: Double Gulp|96/100 brn
|
|-damage|p2b: Double Gulp|90/100 brn|[from] brn
|upkeep
|
|t:|1785109126
|switch|p2a: He sparks joy :)|Politoed, L50, M|51/100
|-weather|RainDance|[from] ability: Drizzle|[of] p2a: He sparks joy :)
|turn|11
|
|t:|1785109139
|move|p2a: He sparks joy :)|Helping Hand|p2b: Double Gulp
|-singleturn|p2b: Double Gulp|Helping Hand|[of] p2a: He sparks joy :)
|move|p1a: Manatee|Scald|p2a: He sparks joy :)
|-resisted|p2a: He sparks joy :)|1
|-damage|p2a: He sparks joy :)|37/100
|-status|p2a: He sparks joy :)|brn
|move|p1b: Cuppa Tay|Matcha Gotcha|p2a: He sparks joy :)|[spread] p2a,p2b
|-supereffective|p2a: He sparks joy :)|1
|-resisted|p2b: Double Gulp|1
|-damage|p2a: He sparks joy :)|6/100 brn
|-heal|p1b: Cuppa Tay|100/100|[from] drain|[of] p2a: He sparks joy :)
|-damage|p2b: Double Gulp|79/100 brn
|move|p2b: Double Gulp|Matcha Gotcha|p1a: Manatee|[spread] p1a
|-miss|p2b: Double Gulp|p1b: Cuppa Tay
|-supereffective|p1a: Manatee|1
|-damage|p1a: Manatee|27/100
|-heal|p2b: Double Gulp|100/100 brn|[from] drain|[of] p1a: Manatee
|
|-weather|RainDance|[upkeep]
|-heal|p1a: Manatee|33/100|[from] item: Leftovers
|-damage|p2b: Double Gulp|93/100 brn|[from] brn
|-damage|p2a: He sparks joy :)|0 fnt|[from] brn
|faint|p2a: He sparks joy :)
|upkeep
|turn|12
|
|t:|1785109178
|move|p1a: Manatee|Scald|p2b: Double Gulp
|-resisted|p2b: Double Gulp|1
|-damage|p2b: Double Gulp|73/100 brn
|move|p2b: Double Gulp|Matcha Gotcha|p1a: Manatee|[spread] p1a,p1b
|-supereffective|p1a: Manatee|1
|-resisted|p1b: Cuppa Tay|1
|-damage|p1a: Manatee|0 fnt
|-heal|p2b: Double Gulp|92/100 brn|[from] drain|[of] p1a: Manatee
|-damage|p1b: Cuppa Tay|89/100
|-heal|p2b: Double Gulp|97/100 brn|[from] drain|[of] p1b: Cuppa Tay
|faint|p1a: Manatee
|move|p1b: Cuppa Tay|Matcha Gotcha|p2b: Double Gulp
|-resisted|p2b: Double Gulp|1
|-damage|p2b: Double Gulp|82/100 brn
|-heal|p1b: Cuppa Tay|97/100|[from] drain|[of] p2b: Double Gulp
|
|-weather|RainDance|[upkeep]
|-damage|p2b: Double Gulp|76/100 brn|[from] brn
|-fieldend|move: Trick Room
|upkeep
|turn|13
|
|t:|1785109208
|move|p1b: Cuppa Tay|Matcha Gotcha|p2b: Double Gulp
|-resisted|p2b: Double Gulp|1
|-damage|p2b: Double Gulp|59/100 brn
|-heal|p1b: Cuppa Tay|100/100|[from] drain|[of] p2b: Double Gulp
|move|p2b: Double Gulp|Life Dew|p2b: Double Gulp
|-heal|p2b: Double Gulp|84/100 brn
|
|-weather|RainDance|[upkeep]
|-damage|p2b: Double Gulp|78/100 brn|[from] brn
|upkeep
|turn|14
|
|t:|1785109219
|move|p1b: Cuppa Tay|Matcha Gotcha|p2b: Double Gulp
|-resisted|p2b: Double Gulp|1
|-damage|p2b: Double Gulp|62/100 brn
|move|p2b: Double Gulp|Matcha Gotcha|p1b: Cuppa Tay
|-resisted|p1b: Cuppa Tay|1
|-damage|p1b: Cuppa Tay|84/100
|-heal|p2b: Double Gulp|70/100 brn|[from] drain|[of] p1b: Cuppa Tay
|
|-weather|RainDance|[upkeep]
|-damage|p2b: Double Gulp|64/100 brn|[from] brn
|upkeep
|turn|15
|
|t:|1785109230
|move|p1b: Cuppa Tay|Matcha Gotcha|p2b: Double Gulp
|-resisted|p2b: Double Gulp|1
|-damage|p2b: Double Gulp|46/100 brn
|-heal|p1b: Cuppa Tay|93/100|[from] drain|[of] p2b: Double Gulp
|-enditem|p2b: Double Gulp|Sitrus Berry|[eat]
|-heal|p2b: Double Gulp|70/100 brn|[from] item: Sitrus Berry
|move|p2b: Double Gulp|Matcha Gotcha|p1b: Cuppa Tay|[miss]
|-miss|p2b: Double Gulp|p1b: Cuppa Tay
|
|-weather|none
|-damage|p2b: Double Gulp|64/100 brn|[from] brn
|upkeep
|turn|16
|
|t:|1785109243
|move|p2b: Double Gulp|Matcha Gotcha|p1b: Cuppa Tay
|-resisted|p1b: Cuppa Tay|1
|-damage|p1b: Cuppa Tay|80/100
|-heal|p2b: Double Gulp|71/100 brn|[from] drain|[of] p1b: Cuppa Tay
|move|p1b: Cuppa Tay|Matcha Gotcha|p2b: Double Gulp
|-resisted|p2b: Double Gulp|1
|-damage|p2b: Double Gulp|55/100 brn
|-heal|p1b: Cuppa Tay|88/100|[from] drain|[of] p2b: Double Gulp
|
|-damage|p2b: Double Gulp|49/100 brn|[from] brn
|upkeep
|turn|17
|
|t:|1785109256
|move|p2b: Double Gulp|Life Dew|p2b: Double Gulp
|-heal|p2b: Double Gulp|74/100 brn
|move|p1b: Cuppa Tay|Matcha Gotcha|p2b: Double Gulp
|-resisted|p2b: Double Gulp|1
|-damage|p2b: Double Gulp|57/100 brn
|-heal|p1b: Cuppa Tay|97/100|[from] drain|[of] p2b: Double Gulp
|
|-damage|p2b: Double Gulp|51/100 brn|[from] brn
|upkeep
|turn|18
|
|t:|1785109266
|move|p2b: Double Gulp|Life Dew|p2b: Double Gulp
|-heal|p2b: Double Gulp|76/100 brn
|move|p1b: Cuppa Tay|Matcha Gotcha|p2b: Double Gulp
|-resisted|p2b: Double Gulp|1
|-damage|p2b: Double Gulp|61/100 brn
|-heal|p1b: Cuppa Tay|100/100|[from] drain|[of] p2b: Double Gulp
|
|-damage|p2b: Double Gulp|55/100 brn|[from] brn
|upkeep
|turn|19
|
|t:|1785109282
|move|p1b: Cuppa Tay|Matcha Gotcha|p2b: Double Gulp
|-resisted|p2b: Double Gulp|1
|-damage|p2b: Double Gulp|39/100 brn
|move|p2b: Double Gulp|Life Dew|p2b: Double Gulp
|-heal|p2b: Double Gulp|65/100 brn
|
|-damage|p2b: Double Gulp|58/100 brn|[from] brn
|upkeep
|turn|20
|
|t:|1785109291
|move|p2b: Double Gulp|Life Dew|p2b: Double Gulp
|-heal|p2b: Double Gulp|84/100 brn
|move|p1b: Cuppa Tay|Matcha Gotcha|p2b: Double Gulp
|-resisted|p2b: Double Gulp|1
|-damage|p2b: Double Gulp|67/100 brn
|
|-damage|p2b: Double Gulp|61/100 brn|[from] brn
|upkeep
|turn|21
|
|t:|1785109311
|move|p2b: Double Gulp|Life Dew|p2b: Double Gulp
|-heal|p2b: Double Gulp|86/100 brn
|move|p1b: Cuppa Tay|Trick Room|p1b: Cuppa Tay
|-fieldstart|move: Trick Room|[of] p1b: Cuppa Tay
|
|-damage|p2b: Double Gulp|80/100 brn|[from] brn
|upkeep
|turn|22
|
|t:|1785109321
|move|p2b: Double Gulp|Matcha Gotcha|p1b: Cuppa Tay|[miss]
|-miss|p2b: Double Gulp|p1b: Cuppa Tay
|move|p1b: Cuppa Tay|Trick Room|p1b: Cuppa Tay
|-fieldend|move: Trick Room
|
|-damage|p2b: Double Gulp|74/100 brn|[from] brn
|upkeep
|turn|23
|
|t:|1785109327
|move|p2b: Double Gulp|Matcha Gotcha|p1b: Cuppa Tay
|-resisted|p1b: Cuppa Tay|1
|-damage|p1b: Cuppa Tay|84/100
|-heal|p2b: Double Gulp|82/100 brn|[from] drain|[of] p1b: Cuppa Tay
|move|p1b: Cuppa Tay|Trick Room|p1b: Cuppa Tay
|-fieldstart|move: Trick Room|[of] p1b: Cuppa Tay
|
|-damage|p2b: Double Gulp|75/100 brn|[from] brn
|upkeep
|turn|24
|
|t:|1785109340
|move|p2b: Double Gulp|Matcha Gotcha|p1b: Cuppa Tay
|-resisted|p1b: Cuppa Tay|1
|-damage|p1b: Cuppa Tay|68/100
|-heal|p2b: Double Gulp|84/100 brn|[from] drain|[of] p1b: Cuppa Tay
|move|p1b: Cuppa Tay|Trick Room|p1b: Cuppa Tay
|-fieldend|move: Trick Room
|
|-damage|p2b: Double Gulp|78/100 brn|[from] brn
|upkeep
|turn|25
|
|t:|1785109350
|move|p1b: Cuppa Tay|Life Dew|p1b: Cuppa Tay
|-heal|p1b: Cuppa Tay|93/100
|move|p2b: Double Gulp|Matcha Gotcha|p1b: Cuppa Tay
|-resisted|p1b: Cuppa Tay|1
|-damage|p1b: Cuppa Tay|78/100
|-heal|p2b: Double Gulp|85/100 brn|[from] drain|[of] p1b: Cuppa Tay
|-status|p1b: Cuppa Tay|brn
|
|-damage|p1b: Cuppa Tay|72/100 brn|[from] brn
|-damage|p2b: Double Gulp|79/100 brn|[from] brn
|upkeep
|turn|26
|
|t:|1785109362
|move|p2b: Double Gulp|Rage Powder|p2b: Double Gulp
|-singleturn|p2b: Double Gulp|move: Rage Powder
|move|p1b: Cuppa Tay|Life Dew|p1b: Cuppa Tay
|-heal|p1b: Cuppa Tay|97/100 brn
|
|-damage|p1b: Cuppa Tay|91/100 brn|[from] brn
|-damage|p2b: Double Gulp|73/100 brn|[from] brn
|upkeep
|turn|27
|
|t:|1785109370
|move|p2b: Double Gulp|Rage Powder|p2b: Double Gulp
|-singleturn|p2b: Double Gulp|move: Rage Powder
|move|p1b: Cuppa Tay|Trick Room|p1b: Cuppa Tay
|-fieldstart|move: Trick Room|[of] p1b: Cuppa Tay
|
|-damage|p2b: Double Gulp|67/100 brn|[from] brn
|-damage|p1b: Cuppa Tay|85/100 brn|[from] brn
|upkeep
|turn|28
|
|t:|1785109376
|move|p2b: Double Gulp|Rage Powder|p2b: Double Gulp
|-singleturn|p2b: Double Gulp|move: Rage Powder
|move|p1b: Cuppa Tay|Trick Room|p1b: Cuppa Tay
|-fieldend|move: Trick Room
|
|-damage|p2b: Double Gulp|61/100 brn|[from] brn
|-damage|p1b: Cuppa Tay|79/100 brn|[from] brn
|upkeep
|turn|29
|
|t:|1785109381
|move|p2b: Double Gulp|Rage Powder|p2b: Double Gulp
|-singleturn|p2b: Double Gulp|move: Rage Powder
|move|p1b: Cuppa Tay|Trick Room|p1b: Cuppa Tay
|-fieldstart|move: Trick Room|[of] p1b: Cuppa Tay
|
|-damage|p1b: Cuppa Tay|73/100 brn|[from] brn
|-damage|p2b: Double Gulp|55/100 brn|[from] brn
|upkeep
|turn|30
|
|t:|1785109387
|move|p2b: Double Gulp|Rage Powder|p2b: Double Gulp
|-singleturn|p2b: Double Gulp|move: Rage Powder
|move|p1b: Cuppa Tay|Life Dew|p1b: Cuppa Tay
|-heal|p1b: Cuppa Tay|98/100 brn
|
|-damage|p2b: Double Gulp|48/100 brn|[from] brn
|-damage|p1b: Cuppa Tay|92/100 brn|[from] brn
|upkeep
|turn|31
|
|t:|1785109396
|move|p2b: Double Gulp|Matcha Gotcha|p1b: Cuppa Tay
|-resisted|p1b: Cuppa Tay|1
|-damage|p1b: Cuppa Tay|76/100 brn
|-heal|p2b: Double Gulp|56/100 brn|[from] drain|[of] p1b: Cuppa Tay
|move|p1b: Cuppa Tay|Trick Room|p1b: Cuppa Tay
|-fieldend|move: Trick Room
|
|-damage|p1b: Cuppa Tay|70/100 brn|[from] brn
|-damage|p2b: Double Gulp|50/100g brn|[from] brn
|upkeep
|turn|32
|
|t:|1785109407
|move|p1b: Cuppa Tay|Life Dew|p1b: Cuppa Tay
|-heal|p1b: Cuppa Tay|95/100 brn
|move|p2b: Double Gulp|Matcha Gotcha|p1b: Cuppa Tay
|-resisted|p1b: Cuppa Tay|1
|-damage|p1b: Cuppa Tay|82/100 brn
|-heal|p2b: Double Gulp|57/100 brn|[from] drain|[of] p1b: Cuppa Tay
|
|-damage|p1b: Cuppa Tay|75/100 brn|[from] brn
|-damage|p2b: Double Gulp|51/100 brn|[from] brn
|upkeep
|turn|33
|
|t:|1785109423
|move|p1b: Cuppa Tay|Rage Powder|p1b: Cuppa Tay
|-singleturn|p1b: Cuppa Tay|move: Rage Powder
|move|p2b: Double Gulp|Life Dew|p2b: Double Gulp
|-heal|p2b: Double Gulp|76/100 brn
|
|-damage|p2b: Double Gulp|70/100 brn|[from] brn
|-damage|p1b: Cuppa Tay|69/100 brn|[from] brn
|upkeep
|turn|34
|
|t:|1785109430
|move|p2b: Double Gulp|Matcha Gotcha|p1b: Cuppa Tay
|-resisted|p1b: Cuppa Tay|1
|-damage|p1b: Cuppa Tay|55/100 brn
|-heal|p2b: Double Gulp|77/100 brn|[from] drain|[of] p1b: Cuppa Tay
|move|p1b: Cuppa Tay|Life Dew|p1b: Cuppa Tay
|-heal|p1b: Cuppa Tay|80/100 brn
|
|-damage|p1b: Cuppa Tay|74/100 brn|[from] brn
|-damage|p2b: Double Gulp|71/100 brn|[from] brn
|upkeep
|turn|35
|
|t:|1785109442
|move|p2b: Double Gulp|Matcha Gotcha|p1b: Cuppa Tay
|-resisted|p1b: Cuppa Tay|1
|-damage|p1b: Cuppa Tay|60/100 brn
|-heal|p2b: Double Gulp|78/100 brn|[from] drain|[of] p1b: Cuppa Tay
|move|p1b: Cuppa Tay|Life Dew|p1b: Cuppa Tay
|-heal|p1b: Cuppa Tay|85/100 brn
|
|-damage|p1b: Cuppa Tay|79/100 brn|[from] brn
|-damage|p2b: Double Gulp|71/100 brn|[from] brn
|upkeep
|turn|36
|
|t:|1785109453
|move|p1b: Cuppa Tay|Rage Powder|p1b: Cuppa Tay
|-singleturn|p1b: Cuppa Tay|move: Rage Powder
|move|p2b: Double Gulp|Rage Powder|p2b: Double Gulp
|-singleturn|p2b: Double Gulp|move: Rage Powder
|
|-damage|p1b: Cuppa Tay|73/100 brn|[from] brn
|-damage|p2b: Double Gulp|65/100 brn|[from] brn
|upkeep
|turn|37
|
|t:|1785109459
|move|p2b: Double Gulp|Rage Powder|p2b: Double Gulp
|-singleturn|p2b: Double Gulp|move: Rage Powder
|move|p1b: Cuppa Tay|Life Dew|p1b: Cuppa Tay
|-heal|p1b: Cuppa Tay|98/100 brn
|
|-damage|p2b: Double Gulp|59/100 brn|[from] brn
|-damage|p1b: Cuppa Tay|92/100 brn|[from] brn
|upkeep
|turn|38
|
|t:|1785109466
|move|p2b: Double Gulp|Rage Powder|p2b: Double Gulp
|-singleturn|p2b: Double Gulp|move: Rage Powder
|move|p1b: Cuppa Tay|Rage Powder|p1b: Cuppa Tay
|-singleturn|p1b: Cuppa Tay|move: Rage Powder
|
|-damage|p2b: Double Gulp|53/100 brn|[from] brn
|-damage|p1b: Cuppa Tay|86/100 brn|[from] brn
|upkeep
|turn|39
|
|t:|1785109472
|move|p1b: Cuppa Tay|Rage Powder|p1b: Cuppa Tay
|-singleturn|p1b: Cuppa Tay|move: Rage Powder
|move|p2b: Double Gulp|Life Dew|p2b: Double Gulp
|-heal|p2b: Double Gulp|78/100 brn
|
|-damage|p1b: Cuppa Tay|80/100 brn|[from] brn
|-damage|p2b: Double Gulp|72/100 brn|[from] brn
|upkeep
|turn|40
|
|t:|1785109479
|move|p2b: Double Gulp|Rage Powder|p2b: Double Gulp
|-singleturn|p2b: Double Gulp|move: Rage Powder
|move|p1b: Cuppa Tay|Rage Powder|p1b: Cuppa Tay
|-singleturn|p1b: Cuppa Tay|move: Rage Powder
|
|-damage|p1b: Cuppa Tay|74/100 brn|[from] brn
|-damage|p2b: Double Gulp|66/100 brn|[from] brn
|upkeep
|turn|41
|
|t:|1785109484
|move|p2b: Double Gulp|Rage Powder|p2b: Double Gulp
|-singleturn|p2b: Double Gulp|move: Rage Powder
|move|p1b: Cuppa Tay|Life Dew|p1b: Cuppa Tay
|-heal|p1b: Cuppa Tay|99/100 brn
|
|-damage|p2b: Double Gulp|60/100 brn|[from] brn
|-damage|p1b: Cuppa Tay|93/100 brn|[from] brn
|upkeep
|turn|42
|
|t:|1785109490
|move|p2b: Double Gulp|Rage Powder|p2b: Double Gulp
|-singleturn|p2b: Double Gulp|move: Rage Powder
|move|p1b: Cuppa Tay|Rage Powder|p1b: Cuppa Tay
|-singleturn|p1b: Cuppa Tay|move: Rage Powder
|
|-damage|p2b: Double Gulp|53/100 brn|[from] brn
|-damage|p1b: Cuppa Tay|87/100 brn|[from] brn
|upkeep
|turn|43
|
|t:|1785109496
|move|p1b: Cuppa Tay|Rage Powder|p1b: Cuppa Tay
|-singleturn|p1b: Cuppa Tay|move: Rage Powder
|move|p2b: Double Gulp|Life Dew|p2b: Double Gulp
|-heal|p2b: Double Gulp|79/100 brn
|
|-damage|p2b: Double Gulp|73/100 brn|[from] brn
|-damage|p1b: Cuppa Tay|80/100 brn|[from] brn
|upkeep
|turn|44
|
|t:|1785109505
|move|p2b: Double Gulp|Rage Powder|p2b: Double Gulp
|-singleturn|p2b: Double Gulp|move: Rage Powder
|move|p1b: Cuppa Tay|Rage Powder|p1b: Cuppa Tay
|-singleturn|p1b: Cuppa Tay|move: Rage Powder
|
|-damage|p1b: Cuppa Tay|74/100 brn|[from] brn
|-damage|p2b: Double Gulp|66/100 brn|[from] brn
|upkeep
|turn|45
|
|t:|1785109512
|move|p2b: Double Gulp|Rage Powder|p2b: Double Gulp
|-singleturn|p2b: Double Gulp|move: Rage Powder
|move|p1b: Cuppa Tay|Life Dew|p1b: Cuppa Tay
|-heal|p1b: Cuppa Tay|100/100 brn
|
|-damage|p1b: Cuppa Tay|93/100 brn|[from] brn
|-damage|p2b: Double Gulp|60/100 brn|[from] brn
|upkeep
|turn|46
|
|t:|1785109521
|move|p2b: Double Gulp|Rage Powder|p2b: Double Gulp
|-singleturn|p2b: Double Gulp|move: Rage Powder
|move|p1b: Cuppa Tay|Rage Powder|p1b: Cuppa Tay
|-singleturn|p1b: Cuppa Tay|move: Rage Powder
|
|-damage|p2b: Double Gulp|54/100 brn|[from] brn
|-damage|p1b: Cuppa Tay|87/100 brn|[from] brn
|upkeep
|turn|47
|
|t:|1785109527
|move|p2b: Double Gulp|Rage Powder|p2b: Double Gulp
|-singleturn|p2b: Double Gulp|move: Rage Powder
|move|p1b: Cuppa Tay|Rage Powder|p1b: Cuppa Tay
|-singleturn|p1b: Cuppa Tay|move: Rage Powder
|
|-damage|p1b: Cuppa Tay|81/100 brn|[from] brn
|-damage|p2b: Double Gulp|48/100 brn|[from] brn
|upkeep
|turn|48
|
|t:|1785109534
|move|p1b: Cuppa Tay|Rage Powder|p1b: Cuppa Tay
|-singleturn|p1b: Cuppa Tay|move: Rage Powder
|move|p2b: Double Gulp|Matcha Gotcha|p1b: Cuppa Tay
|-resisted|p1b: Cuppa Tay|1
|-damage|p1b: Cuppa Tay|66/100 brn
|-heal|p2b: Double Gulp|56/100 brn|[from] drain|[of] p1b: Cuppa Tay
|
|-damage|p2b: Double Gulp|50/100y brn|[from] brn
|-damage|p1b: Cuppa Tay|60/100 brn|[from] brn
|upkeep
|turn|49
|
|t:|1785109544
|move|p2b: Double Gulp|Rage Powder|p2b: Double Gulp
|-singleturn|p2b: Double Gulp|move: Rage Powder
|move|p1b: Cuppa Tay|Life Dew|p1b: Cuppa Tay
|-heal|p1b: Cuppa Tay|85/100 brn
|
|-damage|p1b: Cuppa Tay|79/100 brn|[from] brn
|-damage|p2b: Double Gulp|43/100 brn|[from] brn
|upkeep
|turn|50
|-message|terosath forfeited.
|
|win|Jaybird112233
