|j|☆viatles
|j|☆seytheway
|html|viatlesseytheway    
|uhtml|bestof|Game 2 of a best-of-3
|t:|1785371764
|gametype|doubles
|player|p1|viatles|hiker|1118
|player|p2|seytheway|caitlin|1065
|gen|9
|tier|[Gen 9 Champions] VGC 2026 Reg M-B (Bo3)
|rated|
|rule|Species Clause: Limit one of each Pokémon
|rule|Item Clause: Limit 1 of each item
|clearpoke
|poke|p1|Falinks, L50, shiny|
|poke|p1|Wyrdeer, L50, F|
|poke|p1|Milotic, L50, F, shiny|
|poke|p1|Staraptor, L50, M|
|poke|p1|Tsareena, L50, F|
|poke|p1|Grimmsnarl, L50, M|
|poke|p2|Sinistcha, L50|
|poke|p2|Malamar, L50, F|
|poke|p2|Torkoal, L50, M|
|poke|p2|Sableye, L50, F|
|poke|p2|Mamoswine, L50, M|
|poke|p2|Kingambit, L50, F|
|teampreview|4
|showteam|p1|Falinks||Falinksite|Defiant|RockSlide,CloseCombat,Protect,KnockOff|Jolly|||||50|]Wyrdeer||ChoiceScarf|Intimidate|SkillSwap,PsyshieldBash,Trick,Hypnosis|Jolly||F|||50|]Milotic||Leftovers|Competitive|IcyWind,Scald,Protect,LifeDew|Bold||F|||50|]Staraptor||Staraptite|Intimidate|CloseCombat,BraveBird,Protect,Tailwind|Jolly||M|||50|]Tsareena||WideLens|QueenlyMajesty|TripleAxel,TropKick,KnockOff,LowKick|Jolly||F|||50|]Grimmsnarl||LightClay|Prankster|FakeOut,SpiritBreak,LightScreen,Reflect|Calm||M|||50|
|showteam|p2|Sinistcha||MentalHerb|Hospitality|MatchaGotcha,StrengthSap,RagePowder,TrickRoom|Quiet|||||50|]Malamar||Malamarite|Contrary|TrickRoom,Protect,Superpower,ZenHeadbutt|Brave||F|||50|]Torkoal||Leftovers|Drought|Eruption,SolarBeam,Protect,EarthPower|Quiet||M|||50|]Sableye||FocusSash|Prankster|WillOWisp,FakeOut,Encore,HelpingHand|Calm||F|||50|]Mamoswine||SitrusBerry|Oblivious|IceShard,HighHorsepower,IcicleCrash,Protect|Brave||M|||50|]Kingambit||ChopleBerry|Defiant|KowtowCleave,IronHead,ZenHeadbutt,Protect|Brave||F|||50|
|inactive|Battle timer is ON: inactive players will automatically lose when time's up. (requested by viatles)
|inactive|viatles has 60 seconds left.
|inactive|seytheway has 60 seconds left.
|
|t:|1785371808
|teamsize|p1|4
|teamsize|p2|4
|start
|switch|p1a: Milk Duds|Falinks, L50, shiny|100/100
|switch|p1b: Grimmsnarl|Grimmsnarl, L50, M|100/100
|switch|p2a: Sinistcha|Sinistcha, L50|100/100
|switch|p2b: Malamar|Malamar, L50, F|100/100
|turn|1
|inactive|viatles has 30 seconds left.
|inactive|seytheway has 30 seconds left.
|
|t:|1785371841
|detailschange|p1a: Milk Duds|Falinks-Mega, L50, shiny
|-mega|p1a: Milk Duds|Falinks|Falinksite
|detailschange|p2b: Malamar|Malamar-Mega, L50, F
|-mega|p2b: Malamar|Malamar|Malamarite
|move|p1a: Milk Duds|Knock Off|p2b: Malamar
|-damage|p2b: Malamar|73/100
|move|p2a: Sinistcha|Strength Sap|p2b: Malamar
|-boost|p2b: Malamar|atk|1
|move|p1b: Grimmsnarl|Spirit Break|p2b: Malamar
|-supereffective|p2b: Malamar|1
|-damage|p2b: Malamar|15/100
|-boost|p2b: Malamar|spa|1
|move|p2b: Malamar|Trick Room|p2b: Malamar
|-fieldstart|move: Trick Room|[of] p2b: Malamar
|
|upkeep
|turn|2
|inactive|seytheway has 30 seconds left.
|inactive|viatles has 30 seconds left.
|inactive|seytheway has 20 seconds left.
|
|t:|1785371877
|move|p1a: Milk Duds|Protect|p1a: Milk Duds
|-singleturn|p1a: Milk Duds|Protect
|move|p2a: Sinistcha|Rage Powder|p2a: Sinistcha
|-singleturn|p2a: Sinistcha|move: Rage Powder
|move|p1b: Grimmsnarl|Reflect|p1b: Grimmsnarl
|-sidestart|p1: viatles|Reflect
|move|p2b: Malamar|Superpower|p1b: Grimmsnarl
|-damage|p1b: Grimmsnarl|61/100
|-boost|p2b: Malamar|atk|1
|-boost|p2b: Malamar|def|1
|
|upkeep
|turn|3
|inactive|seytheway has 30 seconds left.
|
|t:|1785371911
|move|p2a: Sinistcha|Rage Powder|p2a: Sinistcha
|-singleturn|p2a: Sinistcha|move: Rage Powder
|move|p1b: Grimmsnarl|Light Screen|p1b: Grimmsnarl
|-sidestart|p1: viatles|move: Light Screen
|move|p2b: Malamar|Superpower|p1b: Grimmsnarl
|-damage|p1b: Grimmsnarl|15/100
|-boost|p2b: Malamar|atk|1
|-boost|p2b: Malamar|def|1
|move|p1a: Milk Duds|Rock Slide|p2b: Malamar|[spread] p2b
|-miss|p1a: Milk Duds|p2a: Sinistcha
|-damage|p2b: Malamar|5/100
|
|upkeep
|turn|4
|
|t:|1785371925
|switch|p1b: Pentious|Milotic, L50, F, shiny|100/100
|move|p1a: Milk Duds|Protect|p1a: Milk Duds
|-singleturn|p1a: Milk Duds|Protect
|move|p2a: Sinistcha|Rage Powder|p2a: Sinistcha
|-singleturn|p2a: Sinistcha|move: Rage Powder
|move|p2b: Malamar|Zen Headbutt|p1a: Milk Duds
|-activate|p1a: Milk Duds|move: Protect
|
|upkeep
|turn|5
|
|t:|1785371943
|switch|p1a: Grimmsnarl|Grimmsnarl, L50, M|15/100
|move|p2a: Sinistcha|Matcha Gotcha|p1b: Pentious|[spread] p1a,p1b
|-supereffective|p1b: Pentious|1
|-damage|p1a: Grimmsnarl|0 fnt
|-damage|p1b: Pentious|68/100
|faint|p1a: Grimmsnarl
|move|p2b: Malamar|Zen Headbutt|p1b: Pentious
|-damage|p1b: Pentious|21/100
|move|p1b: Pentious|Icy Wind|p2b: Malamar|[spread] p2a,p2b
|-supereffective|p2a: Sinistcha|1
|-damage|p2a: Sinistcha|74/100
|-damage|p2b: Malamar|0 fnt
|-unboost|p2a: Sinistcha|spe|1
|faint|p2b: Malamar
|
|-heal|p1b: Pentious|28/100|[from] item: Leftovers
|-fieldend|move: Trick Room
|upkeep
|
|t:|1785371959
|switch|p2b: Kingambit|Kingambit, L50, F|100/100
|switch|p1a: Milk Duds|Falinks-Mega, L50, shiny|100/100
|turn|6
|
|t:|1785371970
|switch|p1b: Tsareena|Tsareena, L50, F|100/100
|move|p2a: Sinistcha|Rage Powder|p2a: Sinistcha
|-singleturn|p2a: Sinistcha|move: Rage Powder
|move|p1a: Milk Duds|Knock Off|p2a: Sinistcha
|-supereffective|p2a: Sinistcha|1
|-damage|p2a: Sinistcha|5/100
|-enditem|p2a: Sinistcha|Mental Herb|[from] move: Knock Off|[of] p1a: Milk Duds
|move|p2b: Kingambit|Zen Headbutt|p1a: Milk Duds
|-supereffective|p1a: Milk Duds|1
|-damage|p1a: Milk Duds|55/100
|
|upkeep
|turn|7
|
|t:|1785371993
|move|p1a: Milk Duds|Rock Slide|p2b: Kingambit|[spread] p2a,p2b
|-resisted|p2b: Kingambit|1
|-damage|p2a: Sinistcha|0 fnt
|-damage|p2b: Kingambit|92/100
|faint|p2a: Sinistcha
|move|p1b: Tsareena|Low Kick|p2b: Kingambit
|-supereffective|p2b: Kingambit|2
|-enditem|p2b: Kingambit|Chople Berry|[eat]
|-enditem|p2b: Kingambit|Chople Berry|[weaken]
|-damage|p2b: Kingambit|54/100
|move|p2b: Kingambit|Zen Headbutt|p1a: Milk Duds
|-supereffective|p1a: Milk Duds|1
|-damage|p1a: Milk Duds|10/100
|
|upkeep
|
|t:|1785372005
|switch|p2a: Torkoal|Torkoal, L50, M|100/100
|-weather|SunnyDay|[from] ability: Drought|[of] p2a: Torkoal
|turn|8
|
|t:|1785372022
|move|p2b: Kingambit|Protect|p2b: Kingambit
|-singleturn|p2b: Kingambit|Protect
|move|p1a: Milk Duds|Rock Slide|p2b: Kingambit|[spread] p2a
|-activate|p2b: Kingambit|move: Protect
|-supereffective|p2a: Torkoal|1
|-damage|p2a: Torkoal|69/100
|move|p1b: Tsareena|Knock Off|p2a: Torkoal
|-damage|p2a: Torkoal|50/100g
|-enditem|p2a: Torkoal|Leftovers|[from] move: Knock Off|[of] p1b: Tsareena
|cant|p2a: Torkoal|flinch
|
|-weather|SunnyDay|[upkeep]
|upkeep
|turn|9
|
|t:|1785372044
|move|p1a: Milk Duds|Rock Slide|p2a: Torkoal|[spread] p2a,p2b
|-supereffective|p2a: Torkoal|1
|-resisted|p2b: Kingambit|1
|-damage|p2a: Torkoal|20/100y
|-damage|p2b: Kingambit|47/100
|move|p1b: Tsareena|Low Kick|p2b: Kingambit
|-supereffective|p2b: Kingambit|2
|-damage|p2b: Kingambit|0 fnt
|faint|p2b: Kingambit
|move|p2a: Torkoal|Eruption|p1a: Milk Duds|[spread] p1a,p1b
|-supereffective|p1b: Tsareena|1
|-damage|p1a: Milk Duds|0 fnt
|-damage|p1b: Tsareena|82/100
|faint|p1a: Milk Duds
|
|-weather|SunnyDay|[upkeep]
|-sideend|p1: viatles|Reflect
|upkeep
|
|t:|1785372057
|switch|p1a: Pentious|Milotic, L50, F, shiny|28/100
|turn|10
|-message|seytheway forfeited.
|
|win|viatles
|raw|viatles's rating: 1118 → 1139(+21 for winning)
|raw|seytheway's rating: 1065 → 1048(-17 for losing)
|l|☆seytheway
|player|p2|
