|j|☆HyphyJavi
|j|☆Giraldo567
|html|HyphyJaviGiraldo567    
|uhtml|bestof|Game 2 of a best-of-3
|t:|1784657419
|gametype|doubles
|player|p1|HyphyJavi|170|1118
|player|p2|Giraldo567|266|1211
|gen|9
|tier|[Gen 9 Champions] VGC 2026 Reg M-B (Bo3)
|rated|
|rule|Species Clause: Limit one of each Pokémon
|rule|Item Clause: Limit 1 of each item
|clearpoke
|poke|p1|Raichu, L50, F|
|poke|p1|Ninetales-Alola, L50, M|
|poke|p1|Maushold-Four, L50|
|poke|p1|Talonflame, L50, M, shiny|
|poke|p1|Garchomp, L50, M|
|poke|p1|Kingambit, L50, M, shiny|
|poke|p2|Garchomp, L50, M|
|poke|p2|Floette-Eternal, L50, F|
|poke|p2|Whimsicott, L50, M|
|poke|p2|Milotic, L50, M|
|poke|p2|Charizard, L50, M|
|poke|p2|Clefable, L50, F|
|teampreview|4
|showteam|p1|Raichu||RaichuniteY|LightningRod|ZapCannon,Discharge,FocusBlast,Protect|Timid||F|||50|]Ninetales-Alola||NeverMeltIce|SnowWarning|AuroraVeil,Blizzard,Moonblast,FreezeDry|Timid||M|||50|]Maushold-Four||WideLens|Technician|PopulationBomb,BulletSeed,FollowMe,Taunt|Jolly|||||50|]Talonflame|||GaleWings|Tailwind,Acrobatics,FlareBlitz,QuickGuard|Hasty||M|||50|]Garchomp||LifeOrb|SandVeil|StompingTantrum,RockSlide,DragonClaw,Protect|Hasty||M|||50|]Kingambit||FocusSash|Defiant|KowtowCleave,SuckerPunch,IronHead,LowKick|Adamant||M|||50|
|showteam|p2|Garchomp||LifeOrb|RoughSkin|RockSlide,Protect,Earthquake,SwordsDance|Jolly||M|||50|]Floette-Eternal||Floettite|FlowerVeil|Protect,CalmMind,DazzlingGleam,Moonblast|Timid||F|||50|]Whimsicott||FocusSash|Prankster|Tailwind,Encore,Moonblast,Protect|Bold||M|||50|]Milotic||Leftovers|Competitive|Coil,Hypnosis,Protect,MuddyWater|Calm||M|||50|]Charizard||CharizarditeY|Blaze|HeatWave,WeatherBall,Protect,SolarBeam|Timid||M|||50|]Clefable||SitrusBerry|Unaware|LifeDew,FollowMe,Protect,DazzlingGleam|Calm||F|||50|
|c|☆HyphyJavi|glhf
|inactive|Battle timer is ON: inactive players will automatically lose when time's up. (requested by Giraldo567)
|
|t:|1784657458
|teamsize|p1|4
|teamsize|p2|4
|start
|switch|p1a: Talonflame|Talonflame, L50, M, shiny|100/100
|switch|p1b: Ninetales|Ninetales-Alola, L50, M|100/100
|switch|p2a: Milotic|Milotic, L50, M|100/100
|switch|p2b: Clefable|Clefable, L50, F|100/100
|-weather|Snowscape|[from] ability: Snow Warning|[of] p1b: Ninetales
|turn|1
|
|t:|1784657478
|move|p1a: Talonflame|Tailwind|p1a: Talonflame
|-sidestart|p1: HyphyJavi|move: Tailwind
|move|p1b: Ninetales|Aurora Veil|p1b: Ninetales
|-sidestart|p1: HyphyJavi|move: Aurora Veil
|move|p2a: Milotic|Coil|p2a: Milotic
|-boost|p2a: Milotic|atk|1
|-boost|p2a: Milotic|def|1
|-boost|p2a: Milotic|accuracy|1
|move|p2b: Clefable|Dazzling Gleam|p1b: Ninetales|[spread] p1a,p1b
|-resisted|p1a: Talonflame|1
|-damage|p1a: Talonflame|88/100
|-damage|p1b: Ninetales|84/100
|
|-weather|Snowscape|[upkeep]
|upkeep
|turn|2
|
|t:|1784657494
|move|p2b: Clefable|Follow Me|p2b: Clefable
|-singleturn|p2b: Clefable|move: Follow Me
|move|p1a: Talonflame|Acrobatics|p2b: Clefable
|-damage|p2b: Clefable|54/100
|move|p1b: Ninetales|Blizzard|p2a: Milotic|[spread] p2a,p2b
|-resisted|p2a: Milotic|1
|-damage|p2a: Milotic|88/100
|-damage|p2b: Clefable|27/100
|-enditem|p2b: Clefable|Sitrus Berry|[eat]
|-heal|p2b: Clefable|52/100|[from] item: Sitrus Berry
|move|p2a: Milotic|Coil|p2a: Milotic
|-boost|p2a: Milotic|atk|1
|-boost|p2a: Milotic|def|1
|-boost|p2a: Milotic|accuracy|1
|
|-weather|Snowscape|[upkeep]
|-heal|p2a: Milotic|94/100|[from] item: Leftovers
|upkeep
|turn|3
|
|t:|1784657519
|move|p2b: Clefable|Protect|p2b: Clefable
|-singleturn|p2b: Clefable|Protect
|move|p1a: Talonflame|Acrobatics|p2b: Clefable
|-activate|p2b: Clefable|move: Protect
|move|p1b: Ninetales|Blizzard|p2a: Milotic|[spread] p2a
|-activate|p2b: Clefable|move: Protect
|-resisted|p2a: Milotic|1
|-damage|p2a: Milotic|82/100
|move|p2a: Milotic|Hypnosis|p1b: Ninetales
|-status|p1b: Ninetales|slp|[from] move: Hypnosis
|
|-weather|Snowscape|[upkeep]
|-heal|p2a: Milotic|88/100|[from] item: Leftovers
|upkeep
|turn|4
|
|t:|1784657535
|move|p1a: Talonflame|Acrobatics|p2b: Clefable
|-damage|p2b: Clefable|12/100
|cant|p1b: Ninetales|slp
|move|p2a: Milotic|Hypnosis|p1a: Talonflame
|-status|p1a: Talonflame|slp|[from] move: Hypnosis
|move|p2b: Clefable|Life Dew|p2b: Clefable|[spread] p2a,p2b
|-heal|p2a: Milotic|100/100
|-heal|p2b: Clefable|37/100
|
|-weather|Snowscape|[upkeep]
|-sideend|p1: HyphyJavi|move: Tailwind
|upkeep
|turn|5
|
|t:|1784657555
|switch|p2b: Charizard|Charizard, L50, M|100/100
|cant|p1a: Talonflame|slp
|-curestatus|p1b: Ninetales|slp|[msg]
|move|p1b: Ninetales|Freeze-Dry|p2a: Milotic
|-supereffective|p2a: Milotic|1
|-damage|p2a: Milotic|56/100
|move|p2a: Milotic|Muddy Water|p1a: Talonflame|[spread] p1a,p1b
|-supereffective|p1a: Talonflame|1
|-damage|p1a: Talonflame|39/100 slp
|-damage|p1b: Ninetales|66/100
|
|-weather|none
|-heal|p2a: Milotic|62/100|[from] item: Leftovers
|-sideend|p1: HyphyJavi|move: Aurora Veil
|upkeep
|turn|6
|
|t:|1784657576
|detailschange|p2b: Charizard|Charizard-Mega-Y, L50, M
|-mega|p2b: Charizard|Charizard|Charizardite Y
|-weather|SunnyDay|[from] ability: Drought|[of] p2b: Charizard
|cant|p1a: Talonflame|slp
|move|p1b: Ninetales|Freeze-Dry|p2a: Milotic
|-supereffective|p2a: Milotic|1
|-damage|p2a: Milotic|20/100y
|move|p2b: Charizard|Heat Wave|p1a: Talonflame|[spread] p1a
|-miss|p2b: Charizard|p1b: Ninetales
|-resisted|p1a: Talonflame|1
|-damage|p1a: Talonflame|0 fnt
|faint|p1a: Talonflame
|move|p2a: Milotic|Muddy Water|p1b: Ninetales
|-damage|p1b: Ninetales|47/100
|
|-weather|SunnyDay|[upkeep]
|-heal|p2a: Milotic|27/100|[from] item: Leftovers
|upkeep
|
|t:|1784657596
|switch|p1a: Raichu|Raichu, L50, F|100/100
|turn|7
|
|t:|1784657603
|switch|p2b: Clefable|Clefable, L50, F|37/100
|detailschange|p1a: Raichu|Raichu-Mega-Y, L50, F
|-mega|p1a: Raichu|Raichu|Raichunite Y
|move|p2a: Milotic|Protect|p2a: Milotic
|-singleturn|p2a: Milotic|Protect
|move|p1a: Raichu|Zap Cannon|p2b: Clefable
|-damage|p2b: Clefable|0 fnt
|faint|p2b: Clefable
|move|p1b: Ninetales|Freeze-Dry|p2a: Milotic
|-activate|p2a: Milotic|move: Protect
|
|-weather|SunnyDay|[upkeep]
|-heal|p2a: Milotic|33/100|[from] item: Leftovers
|upkeep
|
|t:|1784657613
|switch|p2b: Garchomp|Garchomp, L50, M|100/100
|turn|8
|
|t:|1784657625
|move|p1a: Raichu|Zap Cannon|p2a: Milotic
|-supereffective|p2a: Milotic|1
|-damage|p2a: Milotic|0 fnt
|faint|p2a: Milotic
|move|p1b: Ninetales|Freeze-Dry|p2b: Garchomp
|-supereffective|p2b: Garchomp|2
|-damage|p2b: Garchomp|0 fnt
|faint|p2b: Garchomp
|
|-weather|SunnyDay|[upkeep]
|upkeep
|
|t:|1784657632
|switch|p2b: Charizard|Charizard-Mega-Y, L50, M|100/100
|turn|9
|-message|Giraldo567 forfeited.
|
|win|HyphyJavi
|raw|HyphyJavi's rating: 1118 → 1150(+32 for winning)
|raw|Giraldo567's rating: 1211 → 1179(-32 for losing)
|l|☆Giraldo567
|player|p2|
|c|☆HyphyJavi|gg
