|j|☆dartsvg
|j|☆kunal
|html|dartsvgkunal    
|uhtml|bestof|Game 3 of a best-of-3
|t:|1784842788
|gametype|doubles
|player|p1|dartsvg|#smogonxnpa2024draftee2|
|player|p2|kunal|#vgcclassicspliii|
|gen|9
|tier|[Gen 9 Champions] VGC 2026 Reg M-B (Bo3)
|rule|Species Clause: Limit one of each Pokémon
|rule|Item Clause: Limit 1 of each item
|clearpoke
|poke|p1|Charizard, L50, F|
|poke|p1|Froslass, L50, F|
|poke|p1|Dragonite, L50, F|
|poke|p1|Kingambit, L50, M|
|poke|p1|Toxapex, L50, M|
|poke|p1|Sneasler, L50, M|
|poke|p2|Gengar, L50, F|
|poke|p2|Swampert, L50, F|
|poke|p2|Incineroar, L50, M|
|poke|p2|Politoed, L50, F|
|poke|p2|Vivillon, L50, F|
|poke|p2|Kommo-o, L50, F|
|teampreview|4
|showteam|p1|Charizard||CharizarditeY|SolarPower|Protect,HeatWave,AncientPower,WeatherBall|Timid||F|||50|]Froslass||Froslassite|CursedBody|Blizzard,ShadowBall,AuroraVeil,Protect|Timid||F|||50|]Dragonite||LifeOrb|InnerFocus|DragonClaw,ExtremeSpeed,LowKick,Protect|Adamant||F|||50|]Kingambit||BlackGlasses|Defiant|KowtowCleave,SuckerPunch,SwordsDance,Protect|Adamant||M|||50|]Toxapex||Leftovers|Regenerator|Toxic,Infestation,WideGuard,BanefulBunker|Relaxed||M|||50|]Sneasler||FocusSash|PoisonTouch|FakeOut,PoisonJab,CloseCombat,Protect|Jolly||M|||50|
|showteam|p2|Gengar||Gengarite|CursedBody|ShadowBall,PerishSong,SludgeBomb,Protect|Timid||F|||50|]Swampert||Swampertite|Torrent|WaveCrash,HighHorsepower,IcePunch,Protect|Adamant||F|||50|]Incineroar||PasshoBerry|Intimidate|ThroatChop,PartingShot,FakeOut,Protect|Sassy||M|||50|]Politoed||SitrusBerry|Drizzle|WeatherBall,PerishSong,Encore,Protect|Calm||F|||50|]Vivillon||FocusSash|CompoundEyes|Hurricane,SleepPowder,RagePowder,Protect|Timid||F|||50|]Kommo-o||Leftovers|Soundproof|ClangingScales,ClangorousSoul,AuraSphere,Protect|Modest||F|||50|
|inactive|Battle timer is ON: inactive players will automatically lose when time's up. (requested by dartsvg)
|j| Schister
|j| thacrow
|j| rovbmc
|j| IcyPenguin604
|j| srvoltmike
|j| Hasayo
|l| rovbmc
|j|+eragon
|c| srvoltmike|GO GO GO KUNAL
|j| skittycel
|j|+bagel
|j|+iPetBigfoot
|j| Checkmater
|inactive|dartsvg has 60 seconds left.
|inactive|kunal has 60 seconds left.
|j| rovbmc
|
|t:|1784842827
|teamsize|p1|4
|teamsize|p2|4
|start
|switch|p1a: Froslass|Froslass, L50, F|100/100
|switch|p1b: Sneasler|Sneasler, L50, M|100/100
|switch|p2a: Swampert|Swampert, L50, F|100/100
|switch|p2b: Vivillon|Vivillon, L50, F|100/100
|turn|1
|l| rovbmc
|j| kynan sahur
|l|+iPetBigfoot
|j| rovbmc
|
|t:|1784842848
|switch|p2b: Incineroar|Incineroar, L50, M|100/100
|-ability|p2b: Incineroar|Intimidate|boost
|-unboost|p1a: Froslass|atk|1
|-unboost|p1b: Sneasler|atk|1
|move|p2a: Swampert|Protect|p2a: Swampert
|-singleturn|p2a: Swampert|Protect
|move|p1b: Sneasler|Fake Out|p2a: Swampert
|-activate|p2a: Swampert|move: Protect
|move|p1a: Froslass|Shadow Ball|p2b: Incineroar
|-resisted|p2b: Incineroar|1
|-damage|p2b: Incineroar|90/100
|
|upkeep
|turn|2
|j|+qsns
|l| rovbmc
|
|t:|1784842871
|detailschange|p1a: Froslass|Froslass-Mega, L50, F
|-mega|p1a: Froslass|Froslass|Froslassite
|-weather|Snowscape|[from] ability: Snow Warning|[of] p1a: Froslass
|detailschange|p2a: Swampert|Swampert-Mega, L50, F
|-mega|p2a: Swampert|Swampert|Swampertite
|move|p1b: Sneasler|Close Combat|p2b: Incineroar
|-supereffective|p2b: Incineroar|1
|-damage|p2b: Incineroar|11/100
|-unboost|p1b: Sneasler|def|1
|-unboost|p1b: Sneasler|spd|1
|move|p1a: Froslass|Aurora Veil|p1a: Froslass
|-sidestart|p1: dartsvg|move: Aurora Veil
|move|p2a: Swampert|Wave Crash|p1a: Froslass
|-damage|p1a: Froslass|57/100
|-damage|p2a: Swampert|86/100|[from] Recoil
|move|p2b: Incineroar|Throat Chop|p1a: Froslass
|-supereffective|p1a: Froslass|1
|-damage|p1a: Froslass|20/100y
|-start|p1a: Froslass|Throat Chop|[silent]
|
|-weather|Snowscape|[upkeep]
|upkeep
|turn|3
|j| Nido-Rus
|j| rovbmc
|
|t:|1784842891
|switch|p1a: Kingambit|Kingambit, L50, M|100/100
|move|p2b: Incineroar|Protect|p2b: Incineroar
|-singleturn|p2b: Incineroar|Protect
|move|p1b: Sneasler|Close Combat|p2b: Incineroar
|-activate|p2b: Incineroar|move: Protect
|move|p2a: Swampert|Wave Crash|p1a: Kingambit
|-damage|p1a: Kingambit|64/100
|-damage|p2a: Swampert|73/100|[from] Recoil
|
|-weather|Snowscape|[upkeep]
|upkeep
|turn|4
|j|+iPetBigfoot
|
|t:|1784842911
|move|p1b: Sneasler|Poison Jab|p2b: Incineroar
|-damage|p2b: Incineroar|0 fnt
|faint|p2b: Incineroar
|move|p2a: Swampert|High Horsepower|p1a: Kingambit
|-supereffective|p1a: Kingambit|1
|-damage|p1a: Kingambit|4/100
|move|p1a: Kingambit|Kowtow Cleave|p2a: Swampert
|-damage|p2a: Swampert|18/100
|
|-weather|Snowscape|[upkeep]
|upkeep
|l| rovbmc
|
|t:|1784842918
|switch|p2b: Kommo-o|Kommo-o, L50, F|100/100
|turn|5
|j| KeanuVGC
|j| rovbmc
|inactive|kunal has 30 seconds left.
|
|t:|1784842947
|move|p1b: Sneasler|Close Combat|p2b: Kommo-o
|-damage|p2b: Kommo-o|67/100
|-unboost|p1b: Sneasler|def|1
|-unboost|p1b: Sneasler|spd|1
|-status|p2b: Kommo-o|psn|[from] ability: Poison Touch|[of] p1b: Sneasler
|move|p2b: Kommo-o|Clangorous Soul|p2b: Kommo-o
|-boost|p2b: Kommo-o|atk|1
|-boost|p2b: Kommo-o|def|1
|-boost|p2b: Kommo-o|spa|1
|-boost|p2b: Kommo-o|spd|1
|-boost|p2b: Kommo-o|spe|1
|-damage|p2b: Kommo-o|34/100 psn
|move|p2a: Swampert|Wave Crash|p1b: Sneasler
|-enditem|p1b: Sneasler|Focus Sash
|-damage|p1b: Sneasler|1/100
|-damage|p2a: Swampert|0 fnt|[from] Recoil
|faint|p2a: Swampert
|move|p1a: Kingambit|Kowtow Cleave|p2b: Kommo-o
|-resisted|p2b: Kommo-o|1
|-damage|p2b: Kommo-o|17/100 psn
|
|-weather|Snowscape|[upkeep]
|-heal|p2b: Kommo-o|24/100 psn|[from] item: Leftovers
|-damage|p2b: Kommo-o|11/100 psn|[from] psn
|upkeep
|
|t:|1784842953
|switch|p2a: Vivillon|Vivillon, L50, F|100/100
|turn|6
|
|t:|1784842973
|move|p1b: Sneasler|Protect|p1b: Sneasler
|-singleturn|p1b: Sneasler|Protect
|move|p1a: Kingambit|Protect|p1a: Kingambit
|-singleturn|p1a: Kingambit|Protect
|move|p2a: Vivillon|Rage Powder|p2a: Vivillon
|-singleturn|p2a: Vivillon|move: Rage Powder
|move|p2b: Kommo-o|Clanging Scales|p1b: Sneasler|[spread] 
|-activate|p1a: Kingambit|move: Protect
|-activate|p1b: Sneasler|move: Protect
|
|-weather|none
|-heal|p2b: Kommo-o|17/100 psn|[from] item: Leftovers
|-damage|p2b: Kommo-o|5/100 psn|[from] psn
|-sideend|p1: dartsvg|move: Aurora Veil
|upkeep
|turn|7
|
|t:|1784842986
|move|p1b: Sneasler|Protect||[still]
|-fail|p1b: Sneasler
|move|p1a: Kingambit|Protect|p1a: Kingambit
|-singleturn|p1a: Kingambit|Protect
|move|p2a: Vivillon|Rage Powder|p2a: Vivillon
|-singleturn|p2a: Vivillon|move: Rage Powder
|move|p2b: Kommo-o|Clanging Scales|p1a: Kingambit|[spread] p1b
|-activate|p1a: Kingambit|move: Protect
|-damage|p1b: Sneasler|0 fnt
|faint|p1b: Sneasler
|-unboost|p2b: Kommo-o|def|1
|
|-heal|p2b: Kommo-o|11/100 psn|[from] item: Leftovers
|-damage|p2b: Kommo-o|0 fnt|[from] psn
|faint|p2b: Kommo-o
|upkeep
|
|t:|1784842989
|switch|p1b: Froslass|Froslass-Mega, L50, F|20/100y
|-weather|Snowscape|[from] ability: Snow Warning|[of] p1b: Froslass
|turn|8
|l|+eragon
|
|t:|1784842992
|move|p1b: Froslass|Blizzard|p2a: Vivillon
|-supereffective|p2a: Vivillon|1
|-enditem|p2a: Vivillon|Focus Sash
|-damage|p2a: Vivillon|1/100
|move|p2a: Vivillon|Hurricane|p1b: Froslass
|-damage|p1b: Froslass|0 fnt
|faint|p1b: Froslass
|move|p1a: Kingambit|Kowtow Cleave|p2a: Vivillon
|-damage|p2a: Vivillon|0 fnt
|faint|p2a: Vivillon
|
|win|dartsvg
|c|☆dartsvg|ggs
|c|☆kunal|ggs
|l| rovbmc
|l|+iPetBigfoot
|l| IcyPenguin604
|l|☆kunal
|player|p2|
|l| thacrow
|l| Hasayo
|l|☆dartsvg
|player|p1|
|l| skittycel
|j| val16
|l| val16
|j| azrealeus
|l| Schister
|l| azrealeus
|j|☆kunal
|player|p2|kunal|#vgcclassicspliii|
