|j|☆Milanmirchandani
|j|☆randomguy1114s
|html|Milanmirchandanirandomguy1114s    
|uhtml|bestof|Game 2 of a best-of-3
|t:|1756963926
|gametype|doubles
|player|p1|Milanmirchandani|102|1194
|player|p2|randomguy1114s|lillie-masters|1206
|gen|9
|tier|[Gen 9] VGC 2025 Reg H (Bo3)
|rated|
|rule|Species Clause: Limit one of each Pokémon
|rule|Item Clause: Limit 1 of each item
|clearpoke
|poke|p1|Gothitelle, L50, M|
|poke|p1|Incineroar, L50, M|
|poke|p1|Murkrow, L50, F|
|poke|p1|Rillaboom, L50, M|
|poke|p1|Ursaluna-Bloodmoon, L50, M|
|poke|p1|Kingambit, L50, M|
|poke|p2|Dragonite, L50, M|
|poke|p2|Ursaluna-Bloodmoon, L50, M|
|poke|p2|Tyranitar, L50, M|
|poke|p2|Sinistcha, L50|
|poke|p2|Gholdengo, L50|
|poke|p2|Excadrill, L50, M|
|teampreview|4
|showteam|p1|Gothitelle||SitrusBerry|ShadowTag|Protect,Psychic,FakeOut,TrickRoom|||M|||50|,,,,,Dark]Incineroar||SafetyGoggles|Intimidate|FakeOut,KnockOff,PartingShot,Protect|||M|||50|,,,,,Ghost]Murkrow||Eviolite|Prankster|Protect,PerishSong,Uturn,Quash|||F|||50|,,,,,Steel]Rillaboom||MiracleSeed|GrassySurge|GrassyGlide,WoodHammer,Uturn,Protect|||M|||50|,,,,,Grass]Ursaluna-Bloodmoon||LifeOrb|MindsEye|BloodMoon,HyperVoice,EarthPower,Protect|||M|||50|,,,,,Normal]Kingambit||CovertCloak|Defiant|KowtowCleave,SuckerPunch,IronHead,Protect|||M|||50|,,,,,Fairy
|showteam|p2|Dragonite||LoadedDice|InnerFocus|ScaleShot,ExtremeSpeed,Tailwind,Protect|||M|||50|,,,,,Fairy]Ursaluna-Bloodmoon||LifeOrb|MindsEye|BloodMoon,HyperVoice,EarthPower,Protect|||M|||50|,,,,,Normal]Tyranitar||AssaultVest|SandStream|RockSlide,KnockOff,TeraBlast,LowKick|||M|||50|,,,,,Flying]Sinistcha||MentalHerb|Hospitality|RagePowder,TrickRoom,MatchaGotcha,Protect||||||50|,,,,,Water]Gholdengo||ChoiceSpecs|GoodasGold|Thunderbolt,MakeItRain,ShadowBall,Trick||||||50|,,,,,Steel]Excadrill||FocusSash|SandRush|Earthquake,HighHorsepower,IronHead,Protect|||M|||50|,,,,,Ground
|inactive|Battle timer is ON: inactive players will automatically lose when time's up. (requested by Milanmirchandani)
|inactive|Milanmirchandani has 60 seconds left.
|inactive|Milanmirchandani has 30 seconds left.
|inactive|Milanmirchandani has 20 seconds left.
|inactive|Milanmirchandani has 15 seconds left.
|inactive|Milanmirchandani has 10 seconds left.
|
|t:|1756964014
|teamsize|p1|4
|teamsize|p2|4
|start
|switch|p1a: Rillaboom|Rillaboom, L50, M|100/100
|switch|p1b: Incineroar|Incineroar, L50, M|100/100
|switch|p2a: DINOOOO|Tyranitar, L50, M, shiny|100/100
|switch|p2b: im just sand|Excadrill, L50, M, shiny|100/100
|-weather|Sandstorm|[from] ability: Sand Stream|[of] p2a: DINOOOO
|-fieldstart|move: Grassy Terrain|[from] ability: Grassy Surge|[of] p1a: Rillaboom
|-ability|p1b: Incineroar|Intimidate|boost
|-unboost|p2a: DINOOOO|atk|1
|-unboost|p2b: im just sand|atk|1
|turn|1
|
|t:|1756964035
|switch|p2b: cheese man|Gholdengo, L50, shiny|100/100
|switch|p2a: Shatcinis|Sinistcha, L50, shiny|100/100
|move|p1b: Incineroar|Fake Out|p2a: Shatcinis
|-immune|p2a: Shatcinis
|move|p1a: Rillaboom|Wood Hammer|p2b: cheese man
|-resisted|p2b: cheese man
|-damage|p2b: cheese man|56/100
|-damage|p1a: Rillaboom|88/100|[from] Recoil
|
|-weather|Sandstorm|[upkeep]
|-damage|p2a: Shatcinis|95/100|[from] Sandstorm
|-damage|p1a: Rillaboom|82/100|[from] Sandstorm
|-heal|p2b: cheese man|62/100|[from] Grassy Terrain
|-heal|p2a: Shatcinis|100/100|[from] Grassy Terrain
|-heal|p1a: Rillaboom|88/100|[from] Grassy Terrain
|upkeep
|turn|2
|inactive|Milanmirchandani has 30 seconds left.
|inactive|Milanmirchandani has 20 seconds left.
|inactive|Milanmirchandani has 15 seconds left.
|
|t:|1756964079
|-terastallize|p2b: cheese man|Steel
|move|p2a: Shatcinis|Rage Powder|p2a: Shatcinis
|-singleturn|p2a: Shatcinis|move: Rage Powder
|move|p2b: cheese man|Make It Rain|p1a: Rillaboom|[spread] p1a,p1b
|-resisted|p1b: Incineroar
|-damage|p1a: Rillaboom|0 fnt
|-damage|p1b: Incineroar|68/100
|-unboost|p2b: cheese man|spa|1
|faint|p1a: Rillaboom
|move|p1b: Incineroar|Knock Off|p2a: Shatcinis
|-supereffective|p2a: Shatcinis
|-damage|p2a: Shatcinis|30/100
|-enditem|p2a: Shatcinis|Mental Herb|[from] move: Knock Off|[of] p1b: Incineroar
|
|-weather|Sandstorm|[upkeep]
|-damage|p2a: Shatcinis|24/100|[from] Sandstorm
|-heal|p2b: cheese man|69/100|[from] Grassy Terrain
|-heal|p2a: Shatcinis|30/100|[from] Grassy Terrain
|-heal|p1b: Incineroar|74/100|[from] Grassy Terrain
|upkeep
|inactive|Milanmirchandani has 30 seconds left.
|
|t:|1756964111
|switch|p1a: Murkrow|Murkrow, L50, F|100/100
|turn|3
|inactive|randomguy1114s has 30 seconds left.
|
|t:|1756964143
|switch|p2b: DINOOOO|Tyranitar, L50, M, shiny|100/100
|move|p1a: Murkrow|Protect|p1a: Murkrow
|-singleturn|p1a: Murkrow|Protect
|move|p2a: Shatcinis|Rage Powder|p2a: Shatcinis
|-singleturn|p2a: Shatcinis|move: Rage Powder
|move|p1b: Incineroar|Knock Off|p2a: Shatcinis
|-supereffective|p2a: Shatcinis
|-damage|p2a: Shatcinis|0 fnt
|faint|p2a: Shatcinis
|
|-weather|Sandstorm|[upkeep]
|-damage|p1a: Murkrow|95/100|[from] Sandstorm
|-heal|p1b: Incineroar|80/100|[from] Grassy Terrain
|upkeep
|
|t:|1756964152
|switch|p2a: im just sand|Excadrill, L50, M, shiny|100/100
|turn|4
|inactive|Milanmirchandani has 30 seconds left.
|inactive|Milanmirchandani has 20 seconds left.
|inactive|Milanmirchandani has 15 seconds left.
|inactive|Milanmirchandani has 10 seconds left.
|
|t:|1756964201
|move|p1a: Murkrow|Quash|p2a: im just sand
|-activate|p2a: im just sand|move: Quash
|move|p2b: DINOOOO|Rock Slide|p1a: Murkrow|[spread] p1a,p1b
|-supereffective|p1a: Murkrow
|-supereffective|p1b: Incineroar
|-damage|p1a: Murkrow|23/100
|-damage|p1b: Incineroar|19/100
|move|p1b: Incineroar|Parting Shot|p2b: DINOOOO
|-unboost|p2b: DINOOOO|atk|1
|-unboost|p2b: DINOOOO|spa|1
|
|t:|1756964209
|switch|p1b: Ursaluna|Ursaluna-Bloodmoon, L50, M|100/100|[from] Parting Shot
|move|p2a: im just sand|High Horsepower|p1b: Ursaluna|[miss]
|-miss|p2a: im just sand|p1b: Ursaluna
|
|-weather|Sandstorm|[upkeep]
|-damage|p1a: Murkrow|17/100|[from] Sandstorm
|upkeep
|turn|5
|inactive|Milanmirchandani has 30 seconds left.
|
|t:|1756964242
|move|p1b: Ursaluna|Protect|p1b: Ursaluna
|-singleturn|p1b: Ursaluna|Protect
|move|p1a: Murkrow|Perish Song|p1a: Murkrow
|-start|p1a: Murkrow|perish3|[silent]
|-start|p1b: Ursaluna|perish3|[silent]
|-start|p2a: im just sand|perish3|[silent]
|-start|p2b: DINOOOO|perish3|[silent]
|-fieldactivate|move: Perish Song
|move|p2a: im just sand|Iron Head|p1a: Murkrow
|-damage|p1a: Murkrow|0 fnt
|faint|p1a: Murkrow
|move|p2b: DINOOOO|Knock Off|p1b: Ursaluna
|-activate|p1b: Ursaluna|move: Protect
|
|-weather|none
|-start|p2a: im just sand|perish3
|-start|p2b: DINOOOO|perish3
|-start|p1b: Ursaluna|perish3
|-fieldend|move: Grassy Terrain
|upkeep
|
|t:|1756964254
|switch|p1a: Incineroar|Incineroar, L50, M|19/100
|-ability|p1a: Incineroar|Intimidate|boost
|-unboost|p2a: im just sand|atk|1
|-unboost|p2b: DINOOOO|atk|1
|turn|6
|inactive|Milanmirchandani has 30 seconds left.
|inactive|randomguy1114s has 30 seconds left.
|inactive|Milanmirchandani has 20 seconds left.
|
|t:|1756964292
|-terastallize|p1b: Ursaluna|Normal
|move|p1a: Incineroar|Fake Out|p2a: im just sand
|-resisted|p2a: im just sand
|-damage|p2a: im just sand|94/100
|cant|p2a: im just sand|flinch
|move|p2b: DINOOOO|Rock Slide|p1a: Incineroar|[spread] p1b
|-miss|p2b: DINOOOO|p1a: Incineroar
|-damage|p1b: Ursaluna|88/100
|move|p1b: Ursaluna|Blood Moon|p2b: DINOOOO
|-resisted|p2b: DINOOOO
|-damage|p2b: DINOOOO|53/100
|-damage|p1b: Ursaluna|78/100|[from] item: Life Orb
|
|-start|p2a: im just sand|perish2
|-start|p2b: DINOOOO|perish2
|-start|p1b: Ursaluna|perish2
|upkeep
|turn|7
|inactive|randomguy1114s has 30 seconds left.
|inactive|randomguy1114s has 20 seconds left.
|inactive|randomguy1114s has 15 seconds left.
|
|t:|1756964336
|switch|p2b: cheese man|Gholdengo, L50, shiny, tera:Steel|69/100
|move|p1a: Incineroar|Protect|p1a: Incineroar
|-singleturn|p1a: Incineroar|Protect
|move|p2a: im just sand|High Horsepower|p1a: Incineroar
|-activate|p1a: Incineroar|move: Protect
|move|p1b: Ursaluna|Earth Power|p2a: im just sand
|-supereffective|p2a: im just sand
|-damage|p2a: im just sand|0 fnt
|faint|p2a: im just sand
|-damage|p1b: Ursaluna|68/100|[from] item: Life Orb
|
|-start|p1b: Ursaluna|perish1
|upkeep
|
|t:|1756964340
|switch|p2a: DINOOOO|Tyranitar, L50, M, shiny|53/100
|-weather|Sandstorm|[from] ability: Sand Stream|[of] p2a: DINOOOO
|turn|8
|
|t:|1756964354
|move|p2b: cheese man|Make It Rain|p1b: Ursaluna|[spread] p1a,p1b
|-resisted|p1a: Incineroar
|-damage|p1a: Incineroar|0 fnt
|-damage|p1b: Ursaluna|0 fnt
|-unboost|p2b: cheese man|spa|1
|faint|p1a: Incineroar
|faint|p1b: Ursaluna
|
|win|randomguy1114s
|raw|Milanmirchandani's rating: 1194 → 1170(-24 for losing)
|raw|randomguy1114s's rating: 1206 → 1230(+24 for winning)
|l|☆Milanmirchandani
|player|p1|
