|j|☆kememe
|j|☆guillelona
|html|kememeguillelona    
|uhtml|bestof|Game 3 of a best-of-3
|t:|1785632180
|gametype|doubles
|player|p1|kememe|crasherwake|1173
|player|p2|guillelona|1|1252
|gen|9
|tier|[Gen 9 Champions] VGC 2026 Reg M-B (Bo3)
|rated|
|rule|Species Clause: Limit one of each Pokémon
|rule|Item Clause: Limit 1 of each item
|clearpoke
|poke|p1|Delphox, L50, M|
|poke|p1|Whimsicott, L50, M|
|poke|p1|Vanilluxe, L50, M|
|poke|p1|Incineroar, L50, F|
|poke|p1|Farigiraf, L50, F|
|poke|p1|Garchomp, L50, F|
|poke|p2|Charizard, L50, M|
|poke|p2|Glimmora, L50, M|
|poke|p2|Whimsicott, L50, F|
|poke|p2|Ninetales-Alola, L50, F|
|poke|p2|Kingambit, L50, M|
|poke|p2|Kommo-o, L50, M|
|teampreview|4
|showteam|p1|Delphox||Delphoxite|Magician|HeatWave,Psychic,NastyPlot,Protect|Modest||M|||50|]Whimsicott||FocusSash|Prankster|Moonblast,Protect,Tailwind,Encore|Modest||M|||50|]Vanilluxe||NeverMeltIce|SnowWarning|AuroraVeil,Blizzard,Protect,FreezeDry|Timid||M|||50|]Incineroar||ChopleBerry|Intimidate|FlareBlitz,PartingShot,FakeOut,ThroatChop|Adamant||F|||50|]Farigiraf||Leftovers|ArmorTail|Psychic,Protect,TrickRoom,ThunderWave|Modest||F|||50|]Garchomp||LifeOrb|RoughSkin|RockSlide,Protect,Earthquake,DragonClaw|Jolly||F|||50|
|showteam|p2|Charizard||CharizarditeY|Blaze|HeatWave,WeatherBall,SolarBeam,Protect|Modest||M|||50|]Glimmora||Glimmoranite|ToxicDebris|SludgeBomb,PowerGem,EarthPower,SpikyShield|Modest||M|||50|]Whimsicott||FocusSash|Prankster|Moonblast,Tailwind,Encore,Protect|Timid||F|||50|]Ninetales-Alola||NeverMeltIce|SnowWarning|Blizzard,FreezeDry,Disable,Protect|Timid||F|||50|]Kingambit||BlackGlasses|Defiant|KowtowCleave,SuckerPunch,IronHead,Protect|Adamant||M|||50|]Kommo-o||LifeOrb|Overcoat|ClangingScales,AuraSphere,VacuumWave,Protect|Modest||M|||50|
|inactive|Battle timer is ON: inactive players will automatically lose when time's up. (requested by kememe)
|inactive|guillelona has 60 seconds left.
|
|t:|1785632263
|teamsize|p1|4
|teamsize|p2|4
|start
|switch|p1a: Whimsicott|Whimsicott, L50, M|100/100
|switch|p1b: Delphox|Delphox, L50, M|100/100
|switch|p2a: Glimmora|Glimmora, L50, M|100/100
|switch|p2b: Ninetales|Ninetales-Alola, L50, F|100/100
|-weather|Snowscape|[from] ability: Snow Warning|[of] p2b: Ninetales
|turn|1
|
|t:|1785632287
|detailschange|p1b: Delphox|Delphox-Mega, L50, M
|-mega|p1b: Delphox|Delphox|Delphoxite
|detailschange|p2a: Glimmora|Glimmora-Mega, L50, M
|-mega|p2a: Glimmora|Glimmora|Glimmoranite
|move|p1b: Delphox|Protect|p1b: Delphox
|-singleturn|p1b: Delphox|Protect
|move|p2a: Glimmora|Spiky Shield|p2a: Glimmora
|-singleturn|p2a: Glimmora|move: Protect
|move|p1a: Whimsicott|Tailwind|p1a: Whimsicott
|-sidestart|p1: kememe|move: Tailwind
|move|p2b: Ninetales|Disable|p1b: Delphox
|-activate|p1b: Delphox|move: Protect
|
|-weather|Snowscape|[upkeep]
|upkeep
|turn|2
|
|t:|1785632303
|switch|p2a: Whimsicott|Whimsicott, L50, F|100/100
|move|p1a: Whimsicott|Encore||[still]
|-fail|p1a: Whimsicott
|move|p1b: Delphox|Nasty Plot|p1b: Delphox
|-boost|p1b: Delphox|spa|2
|move|p2b: Ninetales|Disable|p1b: Delphox
|-start|p1b: Delphox|Disable|Nasty Plot
|
|-weather|Snowscape|[upkeep]
|upkeep
|turn|3
|
|t:|1785632315
|move|p2a: Whimsicott|Encore|p1b: Delphox
|-start|p1b: Delphox|Encore
|cant|p1b: Delphox|Disable|Nasty Plot
|move|p1a: Whimsicott|Moonblast|p2a: Whimsicott
|-damage|p2a: Whimsicott|33/100
|move|p2b: Ninetales|Blizzard|p1b: Delphox|[spread] p1a,p1b
|-supereffective|p1a: Whimsicott|1
|-resisted|p1b: Delphox|1
|-enditem|p1a: Whimsicott|Focus Sash
|-damage|p1a: Whimsicott|1/100
|-damage|p1b: Delphox|80/100
|
|-weather|Snowscape|[upkeep]
|upkeep
|turn|4
|
|t:|1785632334
|switch|p2a: Glimmora|Glimmora-Mega, L50, M|100/100
|-activate|p1b: Delphox|move: Struggle
|move|p1b: Delphox|Struggle|p2a: Glimmora
|-damage|p2a: Glimmora|91/100
|-damage|p1b: Delphox|54/100|[from] recoil
|move|p1a: Whimsicott|Moonblast|p2a: Glimmora
|-resisted|p2a: Glimmora|1
|-damage|p2a: Glimmora|69/100
|move|p2b: Ninetales|Blizzard|p1b: Delphox|[spread] p1a,p1b
|-supereffective|p1a: Whimsicott|1
|-resisted|p1b: Delphox|1
|-damage|p1a: Whimsicott|0 fnt
|-damage|p1b: Delphox|37/100
|faint|p1a: Whimsicott
|
|-weather|Snowscape|[upkeep]
|-sideend|p1: kememe|move: Tailwind
|upkeep
|
|t:|1785632339
|switch|p1a: Farigiraf|Farigiraf, L50, F|100/100
|turn|5
|inactive|guillelona has 30 seconds left.
|inactive|guillelona has 20 seconds left.
|inactive|guillelona has 15 seconds left.
|
|t:|1785632381
|switch|p1b: Garchomp|Garchomp, L50, F|100/100
|move|p2b: Ninetales|Blizzard|p1a: Farigiraf|[spread] p1a,p1b
|-supereffective|p1b: Garchomp|2
|-damage|p1a: Farigiraf|61/100
|-damage|p1b: Garchomp|0 fnt
|faint|p1b: Garchomp
|move|p2a: Glimmora|Power Gem|p1a: Farigiraf
|-damage|p1a: Farigiraf|0 fnt
|faint|p1a: Farigiraf
|
|-weather|none
|upkeep
|
|t:|1785632392
|switch|p1b: Delphox|Delphox-Mega, L50, M|37/100
|turn|6
|
|t:|1785632400
|move|p1b: Delphox|Heat Wave|p2a: Glimmora|[spread] p2a,p2b
|-resisted|p2a: Glimmora|1
|-supereffective|p2b: Ninetales|1
|-damage|p2a: Glimmora|40/100
|-damage|p2b: Ninetales|0 fnt
|-status|p2a: Glimmora|brn
|faint|p2b: Ninetales
|move|p2a: Glimmora|Power Gem|p1b: Delphox
|-supereffective|p1b: Delphox|1
|-damage|p1b: Delphox|0 fnt
|faint|p1b: Delphox
|
|win|guillelona
|raw|kememe's rating: 1173 → 1154(-19 for losing)
|raw|guillelona's rating: 1252 → 1271(+19 for winning)
|l|☆kememe
|player|p1|
