|j|☆JokerMo
|j|☆goodbye brede
|html|JokerMogoodbye brede    
|uhtml|bestof|Game 2 of a best-of-3
|t:|1783948220
|gametype|doubles
|player|p1|JokerMo|#smogonxnpa2026draftee|
|player|p2|goodbye brede|#smogonxnpa2026draftee2|
|gen|9
|tier|[Gen 9 Champions] VGC 2026 Reg M-B (Bo3)
|rule|Species Clause: Limit one of each Pokémon
|rule|Item Clause: Limit 1 of each item
|clearpoke
|poke|p1|Delphox, L50, F|
|poke|p1|Floette-Eternal, L50, F|
|poke|p1|Sinistcha-Masterpiece, L50|
|poke|p1|Sneasler, L50, M|
|poke|p1|Milotic, L50, F|
|poke|p1|Incineroar, L50, F|
|poke|p2|Archaludon, L50, F|
|poke|p2|Basculegion, L50, M|
|poke|p2|Politoed, L50, F|
|poke|p2|Sableye, L50, F|
|poke|p2|Dragonite, L50, M|
|poke|p2|Swampert, L50, M|
|teampreview|4
|showteam|p1|Delphox||Delphoxite|Blaze|HeatWave,Psyshock,Protect,NastyPlot|Timid||F|||50|]Floette-Eternal||Floettite|FlowerVeil|CalmMind,Protect,DazzlingGleam,Moonblast|Modest||F|||50|]Sinistcha-Masterpiece||KasibBerry|Hospitality|LifeDew,RagePowder,MatchaGotcha,Protect|Bold|||||50|]Sneasler||FocusSash|Unburden|FakeOut,DireClaw,CloseCombat,RockSlide|Jolly||M|||50|]Milotic||Leftovers|Competitive|Protect,MuddyWater,Coil,Hypnosis|Bold||F|||50|]Incineroar||SitrusBerry|Intimidate|FakeOut,FlareBlitz,DarkestLariat,PartingShot|Impish||F|||50|
|showteam|p2|Archaludon||Leftovers|Stamina|FlashCannon,DragonPulse,ElectroShot,Protect|Modest||F|||50|]Basculegion||ChoiceScarf|Adaptability|WaveCrash,LastRespects,AquaJet,FlipTurn|Jolly||M|||50|]Politoed||ZoomLens|Drizzle|MuddyWater,Hypnosis,IceBeam,Protect|Sassy||F|||50|]Sableye||LightClay|Prankster|FoulPlay,RainDance,LightScreen,Reflect|Relaxed||F|||50|]Dragonite||Dragoninite|Multiscale|DracoMeteor,Hurricane,FocusBlast,Protect|Modest||M|||50|]Swampert||Swampertite|Damp|WaveCrash,Earthquake,PoisonJab,Protect|Adamant||M|||50|
|j| JHufself
|j| tiaole123
|j| YonezuKen8hi
|j| bluestraggler01
|j| FBISurveillanceMan
|j| Vikram chan
|l| Vikram chan
|l| FBISurveillanceMan
|j| AhriVGC
|j| redjoker2048
|
|t:|1783948299
|teamsize|p1|4
|teamsize|p2|4
|start
|switch|p1a: Floette|Floette-Eternal, L50, F|100/100
|switch|p1b: Sinistcha|Sinistcha-Masterpiece, L50|100/100
|switch|p2a: Politoed|Politoed, L50, F|100/100
|switch|p2b: Basculegion|Basculegion, L50, M|100/100
|-weather|RainDance|[from] ability: Drizzle|[of] p2a: Politoed
|turn|1
|j| A Regu1ar Guy
|j| Code
|l| A Regu1ar Guy
|inactive|Battle timer is ON: inactive players will automatically lose when time's up. (requested by goodbye brede)
|
|t:|1783948349
|detailschange|p1a: Floette|Floette-Mega, L50, F
|-mega|p1a: Floette|Floette|Floettite
|-ability|p1a: Floette|Fairy Aura
|move|p1a: Floette|Protect|p1a: Floette
|-singleturn|p1a: Floette|Protect
|move|p2b: Basculegion|Flip Turn|p1b: Sinistcha
|-resisted|p1b: Sinistcha|1
|-damage|p1b: Sinistcha|76/100
|
|t:|1783948357
|switch|p2b: Archaludon|Archaludon, L50, F|100/100|[from] Flip Turn
|move|p1b: Sinistcha|Matcha Gotcha|p2a: Politoed|[spread] p2a,p2b
|-supereffective|p2a: Politoed|1
|-resisted|p2b: Archaludon|2
|-damage|p2a: Politoed|60/100
|-heal|p1b: Sinistcha|98/100|[from] drain|[of] p2a: Politoed
|-damage|p2b: Archaludon|93/100
|-heal|p1b: Sinistcha|100/100|[from] drain|[of] p2b: Archaludon
|-ability|p2b: Archaludon|Stamina|boost
|-boost|p2b: Archaludon|def|1
|move|p2a: Politoed|Muddy Water|p1b: Sinistcha|[spread] p1b
|-activate|p1a: Floette|move: Protect
|-resisted|p1b: Sinistcha|1
|-damage|p1b: Sinistcha|84/100
|
|-weather|RainDance|[upkeep]
|-heal|p2b: Archaludon|99/100|[from] item: Leftovers
|upkeep
|turn|2
|l| Code
|inactive|JokerMo has 30 seconds left.
|j| A Regu1ar Guy
|inactive|JokerMo has 20 seconds left.
|
|t:|1783948397
|move|p1b: Sinistcha|Rage Powder|p1b: Sinistcha
|-singleturn|p1b: Sinistcha|move: Rage Powder
|move|p1a: Floette|Calm Mind|p1a: Floette
|-boost|p1a: Floette|spa|1
|-boost|p1a: Floette|spd|1
|move|p2b: Archaludon|Electro Shot||[still]
|-prepare|p2b: Archaludon|Electro Shot
|-boost|p2b: Archaludon|spa|1
|-anim|p2b: Archaludon|Electro Shot|p1b: Sinistcha
|-resisted|p1b: Sinistcha|1
|-crit|p1b: Sinistcha
|-damage|p1b: Sinistcha|42/100
|move|p2a: Politoed|Hypnosis|p1b: Sinistcha
|-status|p1b: Sinistcha|slp|[from] move: Hypnosis
|
|-weather|RainDance|[upkeep]
|-heal|p2b: Archaludon|100/100|[from] item: Leftovers
|upkeep
|turn|3
|inactive|JokerMo has 30 seconds left.
|inactive|goodbye brede has 30 seconds left.
|inactive|JokerMo has 20 seconds left.
|inactive|goodbye brede has 20 seconds left.
|inactive|JokerMo has 15 seconds left.
|inactive|goodbye brede has 15 seconds left.
|inactive|JokerMo has 10 seconds left.
|inactive|goodbye brede has 10 seconds left.
|inactive|JokerMo has 5 seconds left.
|
|t:|1783948447
|move|p1a: Floette|Moonblast|p2b: Archaludon
|-damage|p2b: Archaludon|0 fnt
|faint|p2b: Archaludon
|cant|p1b: Sinistcha|slp
|move|p2a: Politoed|Hypnosis|p1a: Floette
|-status|p1a: Floette|slp|[from] move: Hypnosis
|
|-weather|RainDance|[upkeep]
|upkeep
|
|t:|1783948460
|switch|p2b: Swampert|Swampert, L50, M|100/100
|turn|4
|inactive|JokerMo has 30 seconds left.
|inactive|JokerMo has 20 seconds left.
|l| redjoker2048
|
|t:|1783948496
|switch|p1b: Incineroar|Incineroar, L50, F|100/100
|-ability|p1b: Incineroar|Intimidate|boost
|-unboost|p2a: Politoed|atk|1
|-unboost|p2b: Swampert|atk|1
|detailschange|p2b: Swampert|Swampert-Mega, L50, M
|-mega|p2b: Swampert|Swampert|Swampertite
|cant|p1a: Floette|slp
|move|p2b: Swampert|Wave Crash|p1b: Incineroar
|-supereffective|p1b: Incineroar|1
|-damage|p1b: Incineroar|0 fnt
|faint|p1b: Incineroar
|-damage|p2b: Swampert|62/100|[from] Recoil
|move|p2a: Politoed|Muddy Water|p1a: Floette
|-damage|p1a: Floette|78/100 slp
|
|-weather|RainDance|[upkeep]
|upkeep
|j| bytev24
|
|t:|1783948515
|switch|p1b: Sneasler|Sneasler, L50, M|100/100
|turn|5
|
|t:|1783948530
|switch|p2a: Basculegion|Basculegion, L50, M|100/100
|move|p1b: Sneasler|Fake Out|p2b: Swampert
|-damage|p2b: Swampert|47/100
|cant|p2b: Swampert|flinch
|-curestatus|p1a: Floette|slp|[msg]
|move|p1a: Floette|Dazzling Gleam|p2a: Basculegion|[spread] p2a,p2b
|-damage|p2a: Basculegion|27/100
|-damage|p2b: Swampert|0 fnt
|faint|p2b: Swampert
|
|-weather|none
|upkeep
|
|t:|1783948535
|switch|p2b: Politoed|Politoed, L50, F|60/100
|-weather|RainDance|[from] ability: Drizzle|[of] p2b: Politoed
|turn|6
|j| BouncyJoltik
|j| Pd0nZ
|inactive|JokerMo has 30 seconds left.
|
|t:|1783948563
|move|p2a: Basculegion|Last Respects|p1a: Floette
|-damage|p1a: Floette|0 fnt
|faint|p1a: Floette
|move|p1b: Sneasler|Close Combat|p2b: Politoed
|-damage|p2b: Politoed|2/100
|-unboost|p1b: Sneasler|def|1
|-unboost|p1b: Sneasler|spd|1
|move|p2b: Politoed|Muddy Water|p1b: Sneasler
|-damage|p1b: Sneasler|7/100
|
|-weather|RainDance|[upkeep]
|upkeep
|
|t:|1783948567
|switch|p1a: Sinistcha|Sinistcha-Masterpiece, L50|42/100 slp
|-heal|p1b: Sneasler|32/100|[from] ability: Hospitality|[of] p1a: Sinistcha
|turn|7
|inactive|JokerMo has 30 seconds left.
|inactive|goodbye brede has 30 seconds left.
|
|t:|1783948594
|move|p2a: Basculegion|Last Respects|p1a: Sinistcha
|-supereffective|p1a: Sinistcha|1
|-enditem|p1a: Sinistcha|Kasib Berry|[eat]
|-enditem|p1a: Sinistcha|Kasib Berry|[weaken]
|-damage|p1a: Sinistcha|0 fnt
|faint|p1a: Sinistcha
|move|p1b: Sneasler|Rock Slide|p2a: Basculegion|[spread] p2a,p2b
|-damage|p2a: Basculegion|1/100
|-damage|p2b: Politoed|0 fnt
|faint|p2b: Politoed
|
|-weather|RainDance|[upkeep]
|upkeep
|turn|8
|j| redjoker2048
|inactive|JokerMo has 30 seconds left.
|inactive|JokerMo has 20 seconds left.
|
|t:|1783948631
|move|p2a: Basculegion|Last Respects|p1b: Sneasler
|-damage|p1b: Sneasler|0 fnt
|faint|p1b: Sneasler
|
|win|goodbye brede
|l| redjoker2048
||JokerMo is ready for game 3.
||goodbye brede is ready for game 3.
|uhtml|next|Next: Game 3 of 3
|j| redjoker2048
|l| redjoker2048
|l| AhriVGC
|l| A Regu1ar Guy
|l| bluestraggler01
|j| AhriVGC
|j| tryingsomethingnew
|j| Cfghysdh
|l| Cfghysdh
|j| Dhiiedfhjj
|l|☆goodbye brede
|player|p2|
|l| JHufself
|l| tiaole123
|l| bytev24
|l| BouncyJoltik
|l| Dhiiedfhjj
