|j|☆viatles
|j|☆Pineyfressh
|html|viatlesPineyfressh    
|uhtml|bestof|Game 3 of a best-of-3
|t:|1785373107
|gametype|doubles
|player|p1|viatles|hiker|1139
|player|p2|Pineyfressh|1|1045
|gen|9
|tier|[Gen 9 Champions] VGC 2026 Reg M-B (Bo3)
|rated|
|rule|Species Clause: Limit one of each Pokémon
|rule|Item Clause: Limit 1 of each item
|clearpoke
|poke|p1|Falinks, L50, shiny|
|poke|p1|Wyrdeer, L50, F|
|poke|p1|Milotic, L50, F, shiny|
|poke|p1|Staraptor, L50, F|
|poke|p1|Tsareena, L50, F|
|poke|p1|Grimmsnarl, L50, M|
|poke|p2|Tyranitar, L50, M|
|poke|p2|Aerodactyl, L50, F|
|poke|p2|Gholdengo, L50|
|poke|p2|Excadrill, L50, F|
|poke|p2|Scovillain, L50, M|
|poke|p2|Milotic, L50, F|
|teampreview|4
|showteam|p1|Falinks||Falinksite|Defiant|RockSlide,CloseCombat,Protect,KnockOff|Jolly|||||50|]Wyrdeer||ChoiceScarf|Intimidate|SkillSwap,PsyshieldBash,Trick,Hypnosis|Jolly||F|||50|]Milotic||Leftovers|Competitive|IcyWind,Scald,Protect,LifeDew|Bold||F|||50|]Staraptor||Staraptite|Intimidate|CloseCombat,BraveBird,Protect,Tailwind|Jolly||F|||50|]Tsareena||WideLens|QueenlyMajesty|TripleAxel,TropKick,KnockOff,LowKick|Jolly||F|||50|]Grimmsnarl||LightClay|Prankster|FakeOut,SpiritBreak,LightScreen,Reflect|Calm||M|||50|
|showteam|p2|Tyranitar||Tyranitarite|SandStream|KnockOff,RockSlide,Protect,BrickBreak|Adamant||M|||50|]Aerodactyl||MentalHerb|RockHead|Tailwind,RockSlide,Protect,Taunt|Jolly||F|||50|]Gholdengo||LifeOrb|GoodasGold|MakeItRain,ShadowBall,NastyPlot,Protect|Timid|||||50|]Excadrill||FocusSash|SandRush|Earthquake,IronHead,Protect,StompingTantrum|Adamant||F|||50|]Scovillain||Scovillainite|Chlorophyll|RagePowder,LeechSeed,Protect,Overheat|Calm||M|||50|]Milotic||Leftovers|MarvelScale|Protect,Scald,IcyWind,Haze|Modest||F|||50|
|inactive|Battle timer is ON: inactive players will automatically lose when time's up. (requested by viatles)
|
|t:|1785373135
|teamsize|p1|4
|teamsize|p2|4
|start
|switch|p1a: Wyrdeer|Wyrdeer, L50, F|100/100
|switch|p1b: Milk Duds|Falinks, L50, shiny|100/100
|switch|p2a: Tyranitar|Tyranitar, L50, M|100/100
|switch|p2b: Aerodactyl|Aerodactyl, L50, F|100/100
|-ability|p1a: Wyrdeer|Intimidate|boost
|-unboost|p2a: Tyranitar|atk|1
|-unboost|p2b: Aerodactyl|atk|1
|-weather|Sandstorm|[from] ability: Sand Stream|[of] p2a: Tyranitar
|turn|1
|inactive|Pineyfressh has 30 seconds left.
|
|t:|1785373164
|switch|p2a: Gholdengo|Gholdengo, L50|100/100
|detailschange|p1b: Milk Duds|Falinks-Mega, L50, shiny
|-mega|p1b: Milk Duds|Falinks|Falinksite
|move|p2b: Aerodactyl|Taunt|p1a: Wyrdeer
|-start|p1a: Wyrdeer|move: Taunt
|cant|p1a: Wyrdeer|move: Taunt|Skill Swap
|move|p1b: Milk Duds|Rock Slide|p2b: Aerodactyl|[spread] p2a,p2b
|-resisted|p2a: Gholdengo|1
|-crit|p2a: Gholdengo
|-supereffective|p2b: Aerodactyl|1
|-damage|p2a: Gholdengo|83/100
|-damage|p2b: Aerodactyl|46/100
|
|-weather|Sandstorm|[upkeep]
|-damage|p1a: Wyrdeer|93/100|[from] Sandstorm
|-damage|p1b: Milk Duds|94/100|[from] Sandstorm
|upkeep
|turn|2
|
|t:|1785373184
|switch|p1a: Pentious|Milotic, L50, F, shiny|100/100
|move|p2b: Aerodactyl|Rock Slide|p1a: Pentious|[spread] p1a,p1b
|-resisted|p1b: Milk Duds|1
|-damage|p1a: Pentious|89/100
|-damage|p1b: Milk Duds|88/100
|cant|p1b: Milk Duds|flinch
|move|p2a: Gholdengo|Nasty Plot|p2a: Gholdengo
|-boost|p2a: Gholdengo|spa|2
|
|-weather|Sandstorm|[upkeep]
|-damage|p1b: Milk Duds|82/100|[from] Sandstorm
|-damage|p1a: Pentious|82/100|[from] Sandstorm
|-heal|p1a: Pentious|89/100|[from] item: Leftovers
|upkeep
|turn|3
|
|t:|1785373204
|move|p2b: Aerodactyl|Rock Slide|p1b: Milk Duds|[spread] p1a,p1b
|-resisted|p1b: Milk Duds|1
|-damage|p1a: Pentious|76/100
|-damage|p1b: Milk Duds|76/100
|move|p1b: Milk Duds|Rock Slide|p2b: Aerodactyl|[spread] p2a,p2b
|-resisted|p2a: Gholdengo|1
|-supereffective|p2b: Aerodactyl|1
|-damage|p2a: Gholdengo|71/100
|-damage|p2b: Aerodactyl|0 fnt
|faint|p2b: Aerodactyl
|move|p2a: Gholdengo|Make It Rain|p1a: Pentious|[spread] p1a,p1b
|-resisted|p1a: Pentious|1
|-crit|p1a: Pentious
|-crit|p1b: Milk Duds
|-damage|p1a: Pentious|6/100
|-damage|p1b: Milk Duds|0 fnt
|-unboost|p2a: Gholdengo|spa|2
|faint|p1b: Milk Duds
|-damage|p2a: Gholdengo|61/100|[from] item: Life Orb
|cant|p1a: Pentious|flinch
|
|-weather|Sandstorm|[upkeep]
|-damage|p1a: Pentious|1/100|[from] Sandstorm
|-heal|p1a: Pentious|6/100|[from] item: Leftovers
|upkeep
|c|☆viatles|welp
|inactive|viatles has 30 seconds left.
|
|t:|1785373231
|switch|p2b: Excadrill|Excadrill, L50, F|100/100
|switch|p1b: Tsareena|Tsareena, L50, F|100/100
|turn|4
|
|t:|1785373247
|move|p1a: Pentious|Protect|p1a: Pentious
|-singleturn|p1a: Pentious|Protect
|move|p2b: Excadrill|Iron Head|p1b: Tsareena
|-damage|p1b: Tsareena|50/100g
|move|p2a: Gholdengo|Make It Rain|p1a: Pentious|[spread] p1b
|-activate|p1a: Pentious|move: Protect
|-damage|p1b: Tsareena|0 fnt
|-unboost|p2a: Gholdengo|spa|2
|faint|p1b: Tsareena
|-damage|p2a: Gholdengo|51/100|[from] item: Life Orb
|
|-weather|Sandstorm|[upkeep]
|-damage|p1a: Pentious|1/100|[from] Sandstorm
|-heal|p1a: Pentious|6/100|[from] item: Leftovers
|upkeep
|
|t:|1785373257
|switch|p1b: Wyrdeer|Wyrdeer, L50, F|93/100
|-ability|p1b: Wyrdeer|Intimidate|boost
|-unboost|p2a: Gholdengo|atk|1
|-unboost|p2b: Excadrill|atk|1
|turn|5
|
|t:|1785373274
|move|p2b: Excadrill|Earthquake|p1a: Pentious|[spread] p2a,p1a,p1b
|-supereffective|p2a: Gholdengo|1
|-crit|p1a: Pentious
|-damage|p2a: Gholdengo|0 fnt
|-damage|p1a: Pentious|0 fnt
|-damage|p1b: Wyrdeer|58/100
|faint|p2a: Gholdengo
|faint|p1a: Pentious
|move|p1b: Wyrdeer|Psyshield Bash|p2b: Excadrill|[miss]
|-miss|p1b: Wyrdeer|p2b: Excadrill
|
|-weather|none
|upkeep
|
|t:|1785373283
|switch|p2a: Tyranitar|Tyranitar, L50, M|100/100
|-weather|Sandstorm|[from] ability: Sand Stream|[of] p2a: Tyranitar
|turn|6
|
|t:|1785373294
|detailschange|p2a: Tyranitar|Tyranitar-Mega, L50, M
|-mega|p2a: Tyranitar|Tyranitar|Tyranitarite
|move|p2b: Excadrill|Iron Head|p1b: Wyrdeer
|-damage|p1b: Wyrdeer|25/100
|move|p1b: Wyrdeer|Psyshield Bash|p2b: Excadrill
|-resisted|p2b: Excadrill|1
|-damage|p2b: Excadrill|77/100
|-boost|p1b: Wyrdeer|def|1
|move|p2a: Tyranitar|Knock Off|p1b: Wyrdeer
|-supereffective|p1b: Wyrdeer|1
|-damage|p1b: Wyrdeer|0 fnt
|-enditem|p1b: Wyrdeer|Choice Scarf|[from] move: Knock Off|[of] p2a: Tyranitar
|faint|p1b: Wyrdeer
|
|win|Pineyfressh
|raw|viatles's rating: 1139 → 1107(-32 for losing)
|raw|Pineyfressh's rating: 1045 → 1087(+42 for winning)
|c|☆viatles|ggs wp
