|j|☆ENDERLANDA
|j|☆luckstat10
|html|ENDERLANDAluckstat10    
|uhtml|bestof|Game 3 of a best-of-3
|t:|1785190727
|gametype|doubles
|player|p1|ENDERLANDA|1|1258
|player|p2|luckstat10|dawn|1287
|gen|9
|tier|[Gen 9 Champions] VGC 2026 Reg M-B (Bo3)
|rated|
|rule|Species Clause: Limit one of each Pokémon
|rule|Item Clause: Limit 1 of each item
|clearpoke
|poke|p1|Charizard, L50, M|
|poke|p1|Milotic, L50, M|
|poke|p1|Floette-Eternal, L50, F|
|poke|p1|Grimmsnarl, L50, M|
|poke|p1|Sinistcha, L50|
|poke|p1|Incineroar, L50, M|
|poke|p2|Charizard, L50, M|
|poke|p2|Venusaur, L50, F|
|poke|p2|Garchomp, L50, F|
|poke|p2|Incineroar, L50, M, shiny|
|poke|p2|Milotic, L50, F, shiny|
|poke|p2|Whimsicott, L50, F, shiny|
|teampreview|4
|showteam|p1|Charizard||CharizarditeX|Blaze|Protect,DragonDance,DragonRush,FlareBlitz|Adamant||M|||50|]Milotic||Leftovers|Competitive|Coil,MuddyWater,Hypnosis,Protect|Calm||M|||50|]Floette-Eternal||Floettite|FlowerVeil|Moonblast,DazzlingGleam,Protect,CalmMind|Modest||F|||50|]Grimmsnarl||LightClay|Prankster|LightScreen,Reflect,SpiritBreak,PartingShot|Impish||M|||50|]Sinistcha||ColburBerry|Hospitality|MatchaGotcha,TrickRoom,RagePowder,Protect|Calm|||||50|]Incineroar||SitrusBerry|Intimidate|FakeOut,FlareBlitz,PartingShot,ThroatChop|Adamant||M|||50|
|showteam|p2|Charizard||CharizarditeY|Blaze|HeatWave,WeatherBall,SolarBeam,Protect|Timid||M|||50|]Venusaur||MiracleSeed|Chlorophyll|EnergyBall,SludgeBomb,SleepPowder,Protect|Modest||F|||50|]Garchomp||LifeOrb|RoughSkin|DragonClaw,RockSlide,Earthquake,Protect|Jolly||F|||50|]Incineroar||SitrusBerry|Intimidate|FakeOut,PartingShot,Taunt,FlareBlitz|Impish||M|||50|]Milotic||MysticWater|Competitive|Scald,IceBeam,Recover,Protect|Modest||F|||50|]Whimsicott||FocusSash|Prankster|Tailwind,Moonblast,Encore,Protect|Timid||F|||50|
|inactive|Battle timer is ON: inactive players will automatically lose when time's up. (requested by ENDERLANDA)
|
|t:|1785190751
|teamsize|p1|4
|teamsize|p2|4
|start
|switch|p1a: Grimmsnarl|Grimmsnarl, L50, M|100/100
|switch|p1b: Milotic|Milotic, L50, M|100/100
|switch|p2a: Incineroar|Incineroar, L50, M, shiny|100/100
|switch|p2b: Milotic|Milotic, L50, F, shiny|100/100
|-ability|p2a: Incineroar|Intimidate|boost
|-unboost|p1a: Grimmsnarl|atk|1
|-unboost|p1b: Milotic|atk|1
|-ability|p1b: Milotic|Competitive|boost
|-boost|p1b: Milotic|spa|2
|turn|1
|
|t:|1785190770
|move|p1a: Grimmsnarl|Light Screen|p1a: Grimmsnarl
|-sidestart|p1: ENDERLANDA|move: Light Screen
|move|p2b: Milotic|Scald|p1b: Milotic
|-resisted|p1b: Milotic|1
|-damage|p1b: Milotic|91/100
|move|p1b: Milotic|Coil|p1b: Milotic
|-boost|p1b: Milotic|atk|1
|-boost|p1b: Milotic|def|1
|-boost|p1b: Milotic|accuracy|1
|move|p2a: Incineroar|Taunt|p1a: Grimmsnarl
|-start|p1a: Grimmsnarl|move: Taunt
|
|-heal|p1b: Milotic|97/100|[from] item: Leftovers
|upkeep
|turn|2
|
|t:|1785190793
|move|p2b: Milotic|Scald|p1a: Grimmsnarl
|-damage|p1a: Grimmsnarl|78/100
|move|p1b: Milotic|Hypnosis|p2b: Milotic|[miss]
|-miss|p1b: Milotic|p2b: Milotic
|move|p2a: Incineroar|Parting Shot|p1a: Grimmsnarl
|-unboost|p1a: Grimmsnarl|atk|1
|-unboost|p1a: Grimmsnarl|spa|1
|
|t:|1785190802
|switch|p2a: Surtur|Charizard, L50, M|100/100|[from] Parting Shot
|move|p1a: Grimmsnarl|Spirit Break|p2a: Surtur
|-resisted|p2a: Surtur|1
|-damage|p2a: Surtur|88/100
|-unboost|p2a: Surtur|spa|1
|
|-heal|p1b: Milotic|100/100|[from] item: Leftovers
|upkeep
|turn|3
|
|t:|1785190826
|switch|p1a: Charizard|Charizard, L50, M|100/100
|detailschange|p2a: Surtur|Charizard-Mega-Y, L50, M
|-mega|p2a: Surtur|Charizard|Charizardite Y
|-weather|SunnyDay|[from] ability: Drought|[of] p2a: Surtur
|move|p2a: Surtur|Solar Beam||[still]
|-prepare|p2a: Surtur|Solar Beam
|-anim|p2a: Surtur|Solar Beam|p1b: Milotic
|-supereffective|p1b: Milotic|1
|-damage|p1b: Milotic|72/100
|move|p2b: Milotic|Scald|p1b: Milotic
|-resisted|p1b: Milotic|1
|-damage|p1b: Milotic|68/100
|move|p1b: Milotic|Coil|p1b: Milotic
|-boost|p1b: Milotic|atk|1
|-boost|p1b: Milotic|def|1
|-boost|p1b: Milotic|accuracy|1
|
|-weather|SunnyDay|[upkeep]
|-heal|p1b: Milotic|74/100|[from] item: Leftovers
|upkeep
|turn|4
|
|t:|1785190846
|detailschange|p1a: Charizard|Charizard-Mega-X, L50, M
|-mega|p1a: Charizard|Charizard|Charizardite X
|move|p2a: Surtur|Solar Beam||[still]
|-prepare|p2a: Surtur|Solar Beam
|-anim|p2a: Surtur|Solar Beam|p1b: Milotic
|-supereffective|p1b: Milotic|1
|-damage|p1b: Milotic|45/100
|move|p1a: Charizard|Dragon Dance|p1a: Charizard
|-boost|p1a: Charizard|atk|1
|-boost|p1a: Charizard|spe|1
|move|p2b: Milotic|Scald|p1a: Charizard
|-damage|p1a: Charizard|86/100
|move|p1b: Milotic|Hypnosis|p2a: Surtur
|-status|p2a: Surtur|slp|[from] move: Hypnosis
|
|-weather|SunnyDay|[upkeep]
|-heal|p1b: Milotic|51/100|[from] item: Leftovers
|upkeep
|turn|5
|inactive|luckstat10 has 30 seconds left.
|
|t:|1785190873
|move|p1a: Charizard|Dragon Rush|p2a: Surtur
|-damage|p2a: Surtur|0 fnt
|faint|p2a: Surtur
|move|p2b: Milotic|Scald|p1b: Milotic
|-resisted|p1b: Milotic|1
|-damage|p1b: Milotic|47/100
|move|p1b: Milotic|Hypnosis|p2b: Milotic
|-status|p2b: Milotic|slp|[from] move: Hypnosis
|
|-weather|SunnyDay|[upkeep]
|-heal|p1b: Milotic|53/100|[from] item: Leftovers
|upkeep
|
|t:|1785190886
|switch|p2a: Menace >:3|Garchomp, L50, F|100/100
|turn|6
|
|t:|1785190893
|move|p2a: Menace >:3|Protect|p2a: Menace >:3
|-singleturn|p2a: Menace >:3|Protect
|move|p1a: Charizard|Dragon Rush|p2a: Menace >:3
|-activate|p2a: Menace >:3|move: Protect
|cant|p2b: Milotic|slp
|move|p1b: Milotic|Hypnosis|p2a: Menace >:3
|-activate|p2a: Menace >:3|move: Protect
|
|-weather|SunnyDay|[upkeep]
|-heal|p1b: Milotic|59/100|[from] item: Leftovers
|upkeep
|turn|7
|
|t:|1785190908
|switch|p2b: Incineroar|Incineroar, L50, M, shiny|100/100
|-ability|p2b: Incineroar|Intimidate|boost
|-unboost|p1a: Charizard|atk|1
|-unboost|p1b: Milotic|atk|1
|-ability|p1b: Milotic|Competitive|boost
|-boost|p1b: Milotic|spa|2
|move|p1a: Charizard|Dragon Rush|p2a: Menace >:3
|-supereffective|p2a: Menace >:3|1
|-damage|p2a: Menace >:3|0 fnt
|-damage|p1a: Charizard|74/100|[from] ability: Rough Skin|[of] p2a: Menace >:3
|faint|p2a: Menace >:3
|move|p1b: Milotic|Hypnosis|p2b: Incineroar
|-status|p2b: Incineroar|slp|[from] move: Hypnosis
|
|-weather|none
|-heal|p1b: Milotic|65/100|[from] item: Leftovers
|upkeep
|
|t:|1785190918
|switch|p2a: Milotic|Milotic, L50, F, shiny|100/100 slp
|turn|8
|-message|luckstat10 forfeited.
|raw|ENDERLANDA's rating: 1258 → 1285(+27 for winning)
|raw|luckstat10's rating: 1287 → 1260(-27 for losing)
|
|win|ENDERLANDA
