|j|☆Plata251
|j|☆KodeBeast0526
|html|Plata251KodeBeast0526    
|uhtml|bestof|Game 1 of a best-of-3
|t:|1783693229
|gametype|doubles
|player|p1|Plata251|corbeau|1152
|player|p2|KodeBeast0526|hiker|1208
|gen|9
|tier|[Gen 9 Champions] VGC 2026 Reg M-B (Bo3)
|rated|
|rule|Species Clause: Limit one of each Pokémon
|rule|Item Clause: Limit 1 of each item
|clearpoke
|poke|p1|Starmie, L50|
|poke|p1|Politoed, L50, F|
|poke|p1|Sinistcha, L50|
|poke|p1|Sneasler, L50, M|
|poke|p1|Pelipper, L50, F|
|poke|p1|Archaludon, L50, M|
|poke|p2|Aerodactyl, L50, M|
|poke|p2|Kingambit, L50, M|
|poke|p2|Sylveon, L50, M|
|poke|p2|Garchomp, L50, M|
|poke|p2|Charizard, L50, M|
|poke|p2|Incineroar, L50, M|
|teampreview|4
|showteam|p1|Starmie||Starminite|NaturalCure|Protect,Liquidation,PsychoCut,SelfDestruct|Jolly|||||50|]Politoed||SitrusBerry|Drizzle|Protect,IcyWind,WeatherBall,PerishSong|Calm||F|||50|]Sinistcha||Leftovers|Hospitality|RagePowder,MatchaGotcha,StrengthSap,Protect|Bold|||||50|]Sneasler||WhiteHerb|Unburden|Coaching,FakeOut,DireClaw,CloseCombat|Adamant||M|||50|]Pelipper||DampRock|Drizzle|WideGuard,Protect,Tailwind,Hurricane|Bold||F|||50|]Archaludon||Magnet|Stalwart|ElectroShot,FlashCannon,DracoMeteor,Protect|Timid||M|||50|
|showteam|p2|Aerodactyl||Aerodactylite|Unnerve|RockSlide,IceFang,Tailwind,WideGuard|Jolly||M|||50|]Kingambit||FocusSash|Defiant|KowtowCleave,SuckerPunch,IronHead,Protect|Adamant||M|||50|]Sylveon||FairyFeather|Pixilate|Detect,HyperVoice,HyperBeam,QuickAttack|Modest||M|||50|]Garchomp||LifeOrb|RoughSkin|Earthquake,DragonClaw,StompingTantrum,Protect|Jolly||M|||50|]Charizard||CharizarditeY|Blaze|Protect,HeatWave,SolarBeam,WeatherBall|Modest||M|||50|]Incineroar||SitrusBerry|Intimidate|DarkestLariat,FlareBlitz,FakeOut,PartingShot|Impish||M|||50|
|
|t:|1783693307
|teamsize|p1|4
|teamsize|p2|4
|start
|switch|p1a: Politoed|Politoed, L50, F|100/100
|switch|p1b: Pelipper|Pelipper, L50, F|100/100
|switch|p2a: Kingambit|Kingambit, L50, M|100/100
|switch|p2b: Garchomp|Garchomp, L50, M|100/100
|-weather|RainDance|[from] ability: Drizzle|[of] p1a: Politoed
|turn|1
|
|t:|1783693347
|move|p1b: Pelipper|Wide Guard|p1b: Pelipper
|-singleturn|p1b: Pelipper|Wide Guard
|move|p2b: Garchomp|Dragon Claw|p1b: Pelipper
|-damage|p1b: Pelipper|57/100
|-damage|p2b: Garchomp|90/100|[from] item: Life Orb
|move|p2a: Kingambit|Iron Head|p1b: Pelipper
|-resisted|p1b: Pelipper|1
|-damage|p1b: Pelipper|40/100
|move|p1a: Politoed|Icy Wind|p2a: Kingambit|[spread] p2a,p2b
|-resisted|p2a: Kingambit|1
|-supereffective|p2b: Garchomp|2
|-damage|p2a: Kingambit|95/100
|-damage|p2b: Garchomp|50/100g
|-unboost|p2a: Kingambit|spe|1
|-ability|p2a: Kingambit|Defiant|boost
|-boost|p2a: Kingambit|atk|2
|-unboost|p2b: Garchomp|spe|1
|
|-weather|RainDance|[upkeep]
|upkeep
|turn|2
|
|t:|1783693377
|move|p2b: Garchomp|Dragon Claw|p1b: Pelipper
|-crit|p1b: Pelipper
|-damage|p1b: Pelipper|0 fnt
|faint|p1b: Pelipper
|-damage|p2b: Garchomp|40/100|[from] item: Life Orb
|move|p1a: Politoed|Icy Wind|p2a: Kingambit|[spread] p2a,p2b
|-resisted|p2a: Kingambit|1
|-crit|p2a: Kingambit
|-supereffective|p2b: Garchomp|2
|-damage|p2a: Kingambit|87/100
|-damage|p2b: Garchomp|0 fnt
|-unboost|p2a: Kingambit|spe|1
|-ability|p2a: Kingambit|Defiant|boost
|-boost|p2a: Kingambit|atk|2
|faint|p2b: Garchomp
|move|p2a: Kingambit|Iron Head|p1a: Politoed
|-resisted|p1a: Politoed|1
|-damage|p1a: Politoed|19/100
|-enditem|p1a: Politoed|Sitrus Berry|[eat]
|-heal|p1a: Politoed|44/100|[from] item: Sitrus Berry
|
|-weather|RainDance|[upkeep]
|upkeep
|
|t:|1783693389
|switch|p2b: Sylveon|Sylveon, L50, M|100/100
|switch|p1b: Archaludon|Archaludon, L50, M|100/100
|turn|3
|
|t:|1783693406
|switch|p1a: Starmie|Starmie, L50|100/100
|move|p2a: Kingambit|Sucker Punch||[still]
|-fail|p2a: Kingambit
|move|p1b: Archaludon|Electro Shot||[still]
|-prepare|p1b: Archaludon|Electro Shot
|-boost|p1b: Archaludon|spa|1
|-anim|p1b: Archaludon|Electro Shot|p2a: Kingambit
|-damage|p2a: Kingambit|3/100
|move|p2b: Sylveon|Hyper Beam|p1b: Archaludon
|-damage|p1b: Archaludon|0 fnt
|-mustrecharge|p2b: Sylveon
|faint|p1b: Archaludon
|
|-weather|RainDance|[upkeep]
|upkeep
|
|t:|1783693414
|switch|p1b: Politoed|Politoed, L50, F|44/100
|turn|4
|
|t:|1783693425
|detailschange|p1a: Starmie|Starmie-Mega, L50
|-mega|p1a: Starmie|Starmie|Starminite
|move|p1a: Starmie|Protect|p1a: Starmie
|-singleturn|p1a: Starmie|Protect
|move|p2a: Kingambit|Sucker Punch||[still]
|-fail|p2a: Kingambit
|cant|p2b: Sylveon|recharge
|move|p1b: Politoed|Icy Wind|p2a: Kingambit|[spread] p2a,p2b
|-resisted|p2a: Kingambit|1
|-damage|p2a: Kingambit|0 fnt
|-damage|p2b: Sylveon|93/100
|-unboost|p2b: Sylveon|spe|1
|faint|p2a: Kingambit
|
|-weather|RainDance|[upkeep]
|upkeep
|
|t:|1783693430
|switch|p2a: Charizard|Charizard, L50, M|100/100
|turn|5
|
|t:|1783693444
|detailschange|p2a: Charizard|Charizard-Mega-Y, L50, M
|-mega|p2a: Charizard|Charizard|Charizardite Y
|-weather|SunnyDay|[from] ability: Drought|[of] p2a: Charizard
|move|p1a: Starmie|Liquidation|p2b: Sylveon
|-damage|p2b: Sylveon|48/100
|move|p2a: Charizard|Solar Beam||[still]
|-prepare|p2a: Charizard|Solar Beam
|-anim|p2a: Charizard|Solar Beam|p1a: Starmie
|-supereffective|p1a: Starmie|1
|-damage|p1a: Starmie|0 fnt
|faint|p1a: Starmie
|move|p1b: Politoed|Icy Wind|p2b: Sylveon|[spread] p2a,p2b
|-damage|p2a: Charizard|92/100
|-damage|p2b: Sylveon|40/100
|-unboost|p2a: Charizard|spe|1
|-unboost|p2b: Sylveon|spe|1
|move|p2b: Sylveon|Hyper Beam|p1b: Politoed
|-damage|p1b: Politoed|0 fnt
|-mustrecharge|p2b: Sylveon
|faint|p1b: Politoed
|
|win|KodeBeast0526
||Plata251 is ready for game 2.
|inactive|KodeBeast0526 has 30 seconds to confirm battle start!
