|j|☆silknotsong
|j|☆TrevenantHugger
|html|silknotsongTrevenantHugger    
|uhtml|bestof|Game 1 of a best-of-3
|t:|1756304202
|gametype|doubles
|player|p1|silknotsong|infielder|1142
|player|p2|TrevenantHugger|swimmer-gen4dp|1114
|gen|9
|tier|[Gen 9] VGC 2025 Reg H (Bo3)
|rated|
|rule|Species Clause: Limit one of each Pokémon
|rule|Item Clause: Limit 1 of each item
|clearpoke
|poke|p1|Charizard, L50, M|
|poke|p1|Torkoal, L50, F|
|poke|p1|Porygon2, L50|
|poke|p1|Incineroar, L50, M|
|poke|p1|Jumpluff, L50, F|
|poke|p1|Ursaluna, L50, F|
|poke|p2|Primarina, L50, M|
|poke|p2|Raichu, L50, M|
|poke|p2|Incineroar, L50, M|
|poke|p2|Ursaluna, L50, F|
|poke|p2|Annihilape, L50, M|
|poke|p2|Sinistcha-Masterpiece, L50|
|teampreview|4
|showteam|p1|Charizard||ChoiceSpecs|SolarPower|HeatWave,Overheat,WeatherBall,AirSlash|||M|||50|,,,,,Ghost]Torkoal||EjectPack|Drought|Eruption,Overheat,HelpingHand,Protect|||F|||50|,,,,,Fire]Porygon2||Eviolite|Download|TeraBlast,IceBeam,Recover,TrickRoom||||||50|,,,,,Fighting]Incineroar||SitrusBerry|Intimidate|FlareBlitz,KnockOff,FakeOut,PartingShot|||M|||50|,,,,,Ghost]Jumpluff||CovertCloak|Chlorophyll|SleepPowder,SunnyDay,RagePowder,Tailwind|||F|||50|,,,,,Water]Ursaluna||FlameOrb|Guts|HeadlongRush,Facade,Earthquake,Protect|||F|||50|,,,,,Ghost
|showteam|p2|Primarina||SitrusBerry|LiquidVoice|Protect,HyperVoice,Moonblast,CalmMind|||M|||50|,,,,,Water]Raichu||FocusSash|LightningRod|VoltSwitch,FakeOut,Encore,Nuzzle|||M|||50|,,,,,Electric]Incineroar||AssaultVest|Intimidate|FakeOut,Uturn,FlareBlitz,KnockOff|||M|||50|,,,,,Grass]Ursaluna||FlameOrb|Guts|Protect,Facade,HeadlongRush,Crunch|||F|||50|,,,,,Dark]Annihilape||Leftovers|Defiant|DrainPunch,RageFist,Protect,BulkUp|||M|||50|,,,,,Fire]Sinistcha-Masterpiece||RockyHelmet|Hospitality|MatchaGotcha,TrickRoom,RagePowder,StrengthSap||||||50|,,,,,Fire
|inactive|Battle timer is ON: inactive players will automatically lose when time's up. (requested by TrevenantHugger)
|inactive|silknotsong has 60 seconds left.
|
|t:|1756304244
|teamsize|p1|4
|teamsize|p2|4
|start
|switch|p1a: Charizard|Charizard, L50, M|100/100
|switch|p1b: Torkoal|Torkoal, L50, F|100/100
|switch|p2a: Incineroar|Incineroar, L50, M|100/100
|switch|p2b: Annihilape|Annihilape, L50, M|100/100
|-ability|p2a: Incineroar|Intimidate|boost
|-unboost|p1a: Charizard|atk|1
|-unboost|p1b: Torkoal|atk|1
|-weather|SunnyDay|[from] ability: Drought|[of] p1b: Torkoal
|-enditem|p1b: Torkoal|Eject Pack
|
|t:|1756304257
|switch|p1b: Jumpluff|Jumpluff, L50, F|100/100
|turn|1
|inactive|TrevenantHugger has 30 seconds left.
|inactive|TrevenantHugger has 20 seconds left.
|
|t:|1756304297
|-terastallize|p1a: Charizard|Ghost
|-terastallize|p2b: Annihilape|Fire
|move|p1b: Jumpluff|Sleep Powder|p2a: Incineroar
|-status|p2a: Incineroar|slp|[from] move: Sleep Powder
|move|p1a: Charizard|Heat Wave|p2a: Incineroar|[spread] p2a,p2b
|-resisted|p2a: Incineroar
|-resisted|p2b: Annihilape
|-crit|p2b: Annihilape
|-damage|p2a: Incineroar|66/100 slp
|-damage|p2b: Annihilape|33/100
|move|p2b: Annihilape|Rage Fist|p1b: Jumpluff
|-damage|p1b: Jumpluff|50/100
|cant|p2a: Incineroar|slp
|
|-weather|SunnyDay|[upkeep]
|-damage|p1a: Charizard|88/100|[from] ability: Solar Power|[of] p1a: Charizard
|-heal|p2b: Annihilape|39/100|[from] item: Leftovers
|upkeep
|turn|2
|
|t:|1756304320
|move|p2b: Annihilape|Protect|p2b: Annihilape
|-singleturn|p2b: Annihilape|Protect
|move|p1b: Jumpluff|Rage Powder|p1b: Jumpluff
|-singleturn|p1b: Jumpluff|move: Rage Powder
|move|p1a: Charizard|Heat Wave|p2a: Incineroar|[spread] p2a
|-activate|p2b: Annihilape|move: Protect
|-resisted|p2a: Incineroar
|-damage|p2a: Incineroar|35/100 slp
|cant|p2a: Incineroar|slp
|
|-weather|SunnyDay|[upkeep]
|-damage|p1a: Charizard|76/100|[from] ability: Solar Power|[of] p1a: Charizard
|-heal|p2b: Annihilape|45/100|[from] item: Leftovers
|upkeep
|turn|3
|
|t:|1756304344
|move|p1b: Jumpluff|Sleep Powder|p2b: Annihilape|[miss]
|-miss|p1b: Jumpluff|p2b: Annihilape
|move|p1a: Charizard|Heat Wave|p2b: Annihilape|[spread] p2a
|-miss|p1a: Charizard|p2b: Annihilape
|-resisted|p2a: Incineroar
|-damage|p2a: Incineroar|5/100 slp
|move|p2b: Annihilape|Rage Fist|p1a: Charizard
|-supereffective|p1a: Charizard
|-damage|p1a: Charizard|0 fnt
|faint|p1a: Charizard
|-curestatus|p2a: Incineroar|slp|[msg]
|move|p2a: Incineroar|Knock Off|p1b: Jumpluff
|-damage|p1b: Jumpluff|0 fnt
|-enditem|p1b: Jumpluff|Covert Cloak|[from] move: Knock Off|[of] p2a: Incineroar
|faint|p1b: Jumpluff
|
|-weather|SunnyDay|[upkeep]
|-heal|p2b: Annihilape|51/100|[from] item: Leftovers
|upkeep
|
|t:|1756304353
|switch|p1b: Torkoal|Torkoal, L50, F|100/100
|switch|p1a: Ursaluna|Ursaluna, L50, F|100/100
|turn|4
|
|t:|1756304372
|switch|p2a: Sinistcha|Sinistcha-Masterpiece, L50|100/100
|-heal|p2b: Annihilape|76/100|[from] ability: Hospitality|[of] p2a: Sinistcha
|move|p2b: Annihilape|Protect|p2b: Annihilape
|-singleturn|p2b: Annihilape|Protect
|move|p1b: Torkoal|Protect|p1b: Torkoal
|-singleturn|p1b: Torkoal|Protect
|move|p1a: Ursaluna|Earthquake|p2b: Annihilape|[spread] p2a
|-activate|p1b: Torkoal|move: Protect
|-activate|p2b: Annihilape|move: Protect
|-resisted|p2a: Sinistcha
|-damage|p2a: Sinistcha|80/100
|
|-weather|SunnyDay|[upkeep]
|-heal|p2b: Annihilape|82/100|[from] item: Leftovers
|-status|p1a: Ursaluna|brn|[from] item: Flame Orb
|upkeep
|turn|5
|
|t:|1756304393
|move|p2b: Annihilape|Rage Fist|p1b: Torkoal
|-damage|p1b: Torkoal|71/100
|move|p2a: Sinistcha|Strength Sap|p1a: Ursaluna
|-unboost|p1a: Ursaluna|atk|1
|-heal|p2a: Sinistcha|100/100
|move|p1a: Ursaluna|Headlong Rush|p2b: Annihilape
|-supereffective|p2b: Annihilape
|-damage|p2b: Annihilape|0 fnt
|-unboost|p1a: Ursaluna|def|1
|-unboost|p1a: Ursaluna|spd|1
|faint|p2b: Annihilape
|move|p1b: Torkoal|Overheat|p2a: Sinistcha
|-supereffective|p2a: Sinistcha
|-damage|p2a: Sinistcha|0 fnt
|-unboost|p1b: Torkoal|spa|2
|faint|p2a: Sinistcha
|
|-weather|none
|-damage|p1a: Ursaluna|95/100 brn|[from] brn
|upkeep
|
|t:|1756304404
|switch|p2b: Incineroar|Incineroar, L50, M|5/100
|switch|p2a: Primarina|Primarina, L50, M|100/100
|-ability|p2b: Incineroar|Intimidate|boost
|-unboost|p1a: Ursaluna|atk|1
|-unboost|p1b: Torkoal|atk|1
|turn|6
|
|t:|1756304410
|move|p1a: Ursaluna|Protect|p1a: Ursaluna
|-singleturn|p1a: Ursaluna|Protect
|move|p1b: Torkoal|Protect|p1b: Torkoal
|-singleturn|p1b: Torkoal|Protect
|move|p2a: Primarina|Calm Mind|p2a: Primarina
|-boost|p2a: Primarina|spa|1
|-boost|p2a: Primarina|spd|1
|move|p2b: Incineroar|U-turn|p1a: Ursaluna
|-activate|p1a: Ursaluna|move: Protect
|
|-damage|p1a: Ursaluna|89/100 brn|[from] brn
|upkeep
|turn|7
|
|t:|1756304421
|move|p1b: Torkoal|Helping Hand|p1a: Ursaluna
|-singleturn|p1a: Ursaluna|Helping Hand|[of] p1b: Torkoal
|move|p1a: Ursaluna|Facade|p2a: Primarina
|-damage|p2a: Primarina|9/100
|-enditem|p2a: Primarina|Sitrus Berry|[eat]
|-heal|p2a: Primarina|33/100|[from] item: Sitrus Berry
|move|p2a: Primarina|Hyper Voice|p1b: Torkoal|[spread] p1a,p1b
|-supereffective|p1a: Ursaluna
|-supereffective|p1b: Torkoal
|-damage|p1a: Ursaluna|0 fnt
|-damage|p1b: Torkoal|0 fnt
|faint|p1a: Ursaluna
|faint|p1b: Torkoal
|
|win|TrevenantHugger
