|j|☆SleepD2
|j|☆pqwertyuio
|html|SleepD2pqwertyuio    
|uhtml|bestof|Game 1 of a best-of-3
|t:|1785782929
|gametype|doubles
|player|p1|SleepD2|102|1371
|player|p2|pqwertyuio|266|1376
|gen|9
|tier|[Gen 9 Champions] VGC 2026 Reg M-B (Bo3)
|rated|
|rule|Species Clause: Limit one of each Pokémon
|rule|Item Clause: Limit 1 of each item
|clearpoke
|poke|p1|Glimmora, L50, M|
|poke|p1|Whimsicott, L50, M|
|poke|p1|Weavile, L50, M|
|poke|p1|Basculegion, L50, M|
|poke|p1|Kommo-o, L50, M|
|poke|p1|Charizard, L50, M|
|poke|p2|Charizard, L50, M|
|poke|p2|Floette-Eternal, L50, F|
|poke|p2|Whimsicott, L50, F|
|poke|p2|Garchomp, L50, F|
|poke|p2|Basculegion, L50, M|
|poke|p2|Kingambit, L50, F|
|teampreview|4
|showteam|p1|Glimmora||Glimmoranite|ToxicDebris|EarthPower,SludgeBomb,PowerGem,SpikyShield|Modest||M|||50|]Whimsicott||OccaBerry|Prankster|Moonblast,Encore,Tailwind,Protect|Bold||M|||50|]Weavile||FocusSash|Pickpocket|IcicleCrash,KnockOff,Taunt,FakeOut|Adamant||M|||50|]Basculegion||SitrusBerry|Adaptability|LastRespects,WaveCrash,AquaJet,Protect|Adamant||M|||50|]Kommo-o||LifeOrb|Overcoat|ClangingScales,AuraSphere,VacuumWave,Protect|Modest||M|||50|]Charizard||CharizarditeY|Blaze|Protect,WeatherBall,HeatWave,SolarBeam|Modest||M|||50|
|showteam|p2|Charizard||CharizarditeY|Blaze|WeatherBall,HeatWave,SolarBeam,Protect|Modest||M|||50|]Floette-Eternal||Floettite|FlowerVeil|DazzlingGleam,Moonblast,LightofRuin,Protect|Timid||F|||50|]Whimsicott||FocusSash|Prankster|Moonblast,Tailwind,Encore,Protect|Timid||F|||50|]Garchomp||LifeOrb|RoughSkin|DragonClaw,Earthquake,RockTomb,Protect|Jolly||F|||50|]Basculegion||MysticWater|Adaptability|WaveCrash,LastRespects,AquaJet,Protect|Adamant||M|||50|]Kingambit||BlackGlasses|Defiant|KowtowCleave,SuckerPunch,IronHead,Protect|Adamant||F|||50|
|inactive|Battle timer is ON: inactive players will automatically lose when time's up. (requested by SleepD2)
|inactive|SleepD2 has 60 seconds left.
|inactive|pqwertyuio has 60 seconds left.
|
|t:|1785782971
|teamsize|p1|4
|teamsize|p2|4
|start
|switch|p1a: Weavile|Weavile, L50, M|100/100
|switch|p1b: Charizard|Charizard, L50, M|100/100
|switch|p2a: Whimsicott|Whimsicott, L50, F|100/100
|switch|p2b: Garchomp|Garchomp, L50, F|100/100
|turn|1
|inactive|pqwertyuio has 30 seconds left.
|
|t:|1785783004
|switch|p2b: Floette|Floette-Eternal, L50, F|100/100
|switch|p1b: Whimsicott|Whimsicott, L50, M|100/100
|move|p2a: Whimsicott|Protect|p2a: Whimsicott
|-singleturn|p2a: Whimsicott|Protect
|move|p1a: Weavile|Icicle Crash|p2b: Floette
|-damage|p2b: Floette|26/100
|
|upkeep
|turn|2
|
|t:|1785783029
|detailschange|p2b: Floette|Floette-Mega, L50, F
|-mega|p2b: Floette|Floette|Floettite
|-ability|p2b: Floette|Fairy Aura
|move|p2a: Whimsicott|Tailwind|p2a: Whimsicott
|-sidestart|p2: pqwertyuio|move: Tailwind
|move|p1b: Whimsicott|Encore|p2a: Whimsicott
|-start|p2a: Whimsicott|Encore
|move|p2b: Floette|Dazzling Gleam|p1a: Weavile|[spread] p1a,p1b
|-supereffective|p1a: Weavile|1
|-enditem|p1a: Weavile|Focus Sash
|-damage|p1a: Weavile|1/100
|-damage|p1b: Whimsicott|41/100
|move|p1a: Weavile|Icicle Crash|p2a: Whimsicott
|-supereffective|p2a: Whimsicott|1
|-enditem|p2a: Whimsicott|Focus Sash
|-damage|p2a: Whimsicott|1/100
|
|upkeep
|turn|3
|
|t:|1785783047
|switch|p2a: Basculegion|Basculegion, L50, M|100/100
|move|p2b: Floette|Protect|p2b: Floette
|-singleturn|p2b: Floette|Protect
|move|p1b: Whimsicott|Tailwind|p1b: Whimsicott
|-sidestart|p1: SleepD2|move: Tailwind
|move|p1a: Weavile|Icicle Crash|p2b: Floette
|-activate|p2b: Floette|move: Protect
|
|upkeep
|turn|4
|
|t:|1785783071
|switch|p1a: Kommo-o|Kommo-o, L50, M|100/100
|switch|p2b: Whimsicott|Whimsicott, L50, F|1/100
|move|p1b: Whimsicott|Encore||[still]
|-fail|p1b: Whimsicott
|move|p2a: Basculegion|Wave Crash|p1b: Whimsicott
|-resisted|p1b: Whimsicott|1
|-damage|p1b: Whimsicott|0 fnt
|faint|p1b: Whimsicott
|-damage|p2a: Basculegion|88/100|[from] Recoil
|
|upkeep
|
|t:|1785783076
|switch|p1b: Charizard|Charizard, L50, M|100/100
|turn|5
|
|t:|1785783106
|detailschange|p1b: Charizard|Charizard-Mega-Y, L50, M
|-mega|p1b: Charizard|Charizard|Charizardite Y
|-weather|SunnyDay|[from] ability: Drought|[of] p1b: Charizard
|move|p2b: Whimsicott|Protect|p2b: Whimsicott
|-singleturn|p2b: Whimsicott|Protect
|move|p1a: Kommo-o|Vacuum Wave|p2b: Whimsicott
|-activate|p2b: Whimsicott|move: Protect
|move|p1b: Charizard|Solar Beam||[still]
|-prepare|p1b: Charizard|Solar Beam
|-anim|p1b: Charizard|Solar Beam|p2a: Basculegion
|-supereffective|p2a: Basculegion|1
|-damage|p2a: Basculegion|0 fnt
|faint|p2a: Basculegion
|
|-weather|SunnyDay|[upkeep]
|-sideend|p2: pqwertyuio|move: Tailwind
|upkeep
|
|t:|1785783120
|switch|p2a: Floette|Floette-Mega, L50, F|26/100
|-ability|p2a: Floette|Fairy Aura
|turn|6
|
|t:|1785783124
|move|p2a: Floette|Protect|p2a: Floette
|-singleturn|p2a: Floette|Protect
|move|p1a: Kommo-o|Vacuum Wave|p2b: Whimsicott
|-resisted|p2b: Whimsicott|1
|-damage|p2b: Whimsicott|0 fnt
|faint|p2b: Whimsicott
|-damage|p1a: Kommo-o|90/100|[from] item: Life Orb
|move|p1b: Charizard|Heat Wave|p2a: Floette
|-activate|p2a: Floette|move: Protect
|
|-weather|SunnyDay|[upkeep]
|-sideend|p1: SleepD2|move: Tailwind
|upkeep
|
|t:|1785783136
|switch|p2b: Garchomp|Garchomp, L50, F|100/100
|turn|7
|
|t:|1785783143
|move|p1b: Charizard|Protect|p1b: Charizard
|-singleturn|p1b: Charizard|Protect
|move|p2b: Garchomp|Rock Tomb|p1b: Charizard
|-activate|p1b: Charizard|move: Protect
|move|p2a: Floette|Dazzling Gleam|p1a: Kommo-o|[spread] p1a
|-activate|p1b: Charizard|move: Protect
|-supereffective|p1a: Kommo-o|2
|-damage|p1a: Kommo-o|0 fnt
|faint|p1a: Kommo-o
|
|-weather|SunnyDay|[upkeep]
|upkeep
|
|t:|1785783151
|switch|p1a: Weavile|Weavile, L50, M|1/100
|turn|8
|
|t:|1785783165
|move|p2b: Garchomp|Protect|p2b: Garchomp
|-singleturn|p2b: Garchomp|Protect
|move|p2a: Floette|Protect|p2a: Floette
|-singleturn|p2a: Floette|Protect
|move|p1a: Weavile|Icicle Crash|p2a: Floette
|-activate|p2a: Floette|move: Protect
|move|p1b: Charizard|Solar Beam||[still]
|-prepare|p1b: Charizard|Solar Beam
|-anim|p1b: Charizard|Solar Beam|p2b: Garchomp
|-activate|p2b: Garchomp|move: Protect
|
|-weather|SunnyDay|[upkeep]
|upkeep
|turn|9
|
|t:|1785783177
|move|p1a: Weavile|Icicle Crash|p2b: Garchomp
|-supereffective|p2b: Garchomp|2
|-damage|p2b: Garchomp|0 fnt
|faint|p2b: Garchomp
|move|p2a: Floette|Dazzling Gleam|p1b: Charizard|[spread] p1a,p1b
|-supereffective|p1a: Weavile|1
|-resisted|p1b: Charizard|1
|-damage|p1a: Weavile|0 fnt
|-damage|p1b: Charizard|76/100
|faint|p1a: Weavile
|move|p1b: Charizard|Weather Ball|p2a: Floette
|-damage|p2a: Floette|0 fnt
|faint|p2a: Floette
|
|win|SleepD2
||pqwertyuio is ready for game 2.
||SleepD2 is ready for game 2.
|uhtml|next|Next: Game 2 of 3
|l|☆pqwertyuio
|player|p2|
