|j|☆dragonite fraude
|j|☆Masehood
|html|dragonite fraudeMasehood    
|uhtml|bestof|Game 1 of a best-of-3
|t:|1757855326
|gametype|doubles
|player|p1|dragonite fraude|265|1117
|player|p2|Masehood|linebacker|1213
|gen|9
|tier|[Gen 9] VGC 2025 Reg H (Bo3)
|rated|
|rule|Species Clause: Limit one of each Pokémon
|rule|Item Clause: Limit 1 of each item
|clearpoke
|poke|p1|Maushold-Four, L50|
|poke|p1|Gholdengo, L50|
|poke|p1|Dragonite, L50, F|
|poke|p1|Annihilape, L50, F|
|poke|p1|Rillaboom, L50, F|
|poke|p1|Ursaluna-Bloodmoon, L50, M|
|poke|p2|Archaludon, L50, M|
|poke|p2|Pelipper, L50, F|
|poke|p2|Sinistcha-Masterpiece, L50|
|poke|p2|Dragonite, L50, F|
|poke|p2|Ursaluna, L50, F|
|poke|p2|Gholdengo, L50|
|teampreview|4
|showteam|p1|Maushold-Four||FocusSash|FriendGuard|SuperFang,BeatUp,FollowMe,Protect||||||50|,,,,,Ghost]Gholdengo||LifeOrb|GoodasGold|MakeItRain,ShadowBall,NastyPlot,Protect||||||50|,,,,,Water]Dragonite||LoadedDice|Multiscale|ScaleShot,Tailwind,Haze,Protect|||F|||50|,,,,,Fairy]Annihilape||SitrusBerry|Defiant|DrainPunch,RageFist,BulkUp,Protect|||F|||50|,,,,,Fire]Rillaboom||MiracleSeed|GrassySurge|WoodHammer,GrassyGlide,HighHorsepower,FakeOut|||F|||50|,,,,,Fire]Ursaluna-Bloodmoon||AssaultVest|MindsEye|BloodMoon,EarthPower,HyperVoice,VacuumWave|||M|||50|,,,,,Water
|showteam|p2|Archaludon||AssaultVest|Stamina|ElectroShot,FlashCannon,BodyPress,Snarl|||M|||50|,,,,,Fighting]Pelipper||FocusSash|Drizzle|Hurricane,WideGuard,WeatherBall,Protect|||F|||50|,,,,,Ghost]Sinistcha-Masterpiece||SitrusBerry|Hospitality|RagePowder,MatchaGotcha,TrickRoom,LifeDew||||||50|,,,,,Dark]Dragonite||LoadedDice|Multiscale|ScaleShot,Tailwind,Haze,Protect|||F|||50|,,,,,Fairy]Ursaluna||FlameOrb|Guts|HeadlongRush,Facade,Earthquake,Protect|||F|||50|,,,,,Ghost]Gholdengo||ChoiceScarf|GoodasGold|MakeItRain,ShadowBall,TeraBlast,Trick||||||50|,,,,,Water
|inactive|Battle timer is ON: inactive players will automatically lose when time's up. (requested by Masehood)
|
|t:|1757855348
|teamsize|p1|4
|teamsize|p2|4
|start
|switch|p1a: Maushold|Maushold-Four, L50|100/100
|switch|p1b: Gholdengo|Gholdengo, L50|100/100
|switch|p2a: Archaludon|Archaludon, L50, M|100/100
|switch|p2b: Dragonite|Dragonite, L50, F|100/100
|turn|1
|inactive|dragonite fraude has 30 seconds left.
|
|t:|1757855376
|move|p1a: Maushold|Super Fang|p2b: Dragonite
|-damage|p2b: Dragonite|51/100
|move|p1b: Gholdengo|Shadow Ball|p2b: Dragonite
|-damage|p2b: Dragonite|0 fnt
|faint|p2b: Dragonite
|-damage|p1b: Gholdengo|91/100|[from] item: Life Orb
|move|p2a: Archaludon|Snarl|p1a: Maushold|[spread] p1a,p1b
|-supereffective|p1b: Gholdengo
|-damage|p1a: Maushold|83/100
|-damage|p1b: Gholdengo|69/100
|-unboost|p1a: Maushold|spa|1
|-unboost|p1b: Gholdengo|spa|1
|
|upkeep
|
|t:|1757855389
|switch|p2b: Gholdengo|Gholdengo, L50|100/100
|turn|2
|
|t:|1757855409
|-terastallize|p2b: Gholdengo|Water
|-terastallize|p1b: Gholdengo|Water
|move|p2b: Gholdengo|Make It Rain|p1a: Maushold|[spread] p1a,p1b
|-resisted|p1b: Gholdengo
|-damage|p1a: Maushold|19/100
|-damage|p1b: Gholdengo|47/100
|-unboost|p2b: Gholdengo|spa|1
|move|p1a: Maushold|Super Fang|p2a: Archaludon|[miss]
|-miss|p1a: Maushold|p2a: Archaludon
|move|p1b: Gholdengo|Shadow Ball|p2b: Gholdengo
|-damage|p2b: Gholdengo|58/100
|-unboost|p2b: Gholdengo|spd|1
|-damage|p1b: Gholdengo|37/100|[from] item: Life Orb
|move|p2a: Archaludon|Snarl|p1b: Gholdengo|[spread] p1a,p1b
|-damage|p1a: Maushold|3/100
|-damage|p1b: Gholdengo|28/100
|-unboost|p1a: Maushold|spa|1
|-unboost|p1b: Gholdengo|spa|1
|
|upkeep
|turn|3
|inactive|Masehood has 30 seconds left.
|
|t:|1757855436
|move|p1a: Maushold|Protect|p1a: Maushold
|-singleturn|p1a: Maushold|Protect
|move|p2b: Gholdengo|Make It Rain|p1a: Maushold|[spread] p1b
|-activate|p1a: Maushold|move: Protect
|-resisted|p1b: Gholdengo
|-damage|p1b: Gholdengo|13/100
|-unboost|p2b: Gholdengo|spa|1
|move|p1b: Gholdengo|Shadow Ball|p2a: Archaludon
|-damage|p2a: Archaludon|82/100
|-ability|p2a: Archaludon|Stamina|boost
|-boost|p2a: Archaludon|def|1
|-damage|p1b: Gholdengo|4/100|[from] item: Life Orb
|move|p2a: Archaludon|Body Press|p1b: Gholdengo
|-damage|p1b: Gholdengo|0 fnt
|faint|p1b: Gholdengo
|
|upkeep
|
|t:|1757855442
|switch|p1b: Rillaboom|Rillaboom, L50, F|100/100
|-fieldstart|move: Grassy Terrain|[from] ability: Grassy Surge|[of] p1b: Rillaboom
|turn|4
|
|t:|1757855452
|switch|p2b: Sinistcha|Sinistcha-Masterpiece, L50|100/100
|-heal|p2a: Archaludon|100/100|[from] ability: Hospitality|[of] p2b: Sinistcha
|move|p1b: Rillaboom|Grassy Glide|p2b: Sinistcha
|-resisted|p2b: Sinistcha
|-damage|p2b: Sinistcha|80/100
|move|p1a: Maushold|Super Fang|p2a: Archaludon
|-damage|p2a: Archaludon|51/100
|-ability|p2a: Archaludon|Stamina|boost
|-boost|p2a: Archaludon|def|1
|move|p2a: Archaludon|Body Press|p1b: Rillaboom
|-damage|p1b: Rillaboom|70/100
|
|-heal|p1a: Maushold|9/100|[from] Grassy Terrain
|-heal|p1b: Rillaboom|76/100|[from] Grassy Terrain
|-heal|p2a: Archaludon|57/100|[from] Grassy Terrain
|-heal|p2b: Sinistcha|86/100|[from] Grassy Terrain
|upkeep
|turn|5
|inactive|dragonite fraude has 30 seconds left.
|
|t:|1757855482
|move|p1a: Maushold|Follow Me|p1a: Maushold
|-singleturn|p1a: Maushold|move: Follow Me
|move|p1b: Rillaboom|Wood Hammer|p2b: Sinistcha
|-resisted|p2b: Sinistcha
|-damage|p2b: Sinistcha|40/100
|-enditem|p2b: Sinistcha|Sitrus Berry|[eat]
|-heal|p2b: Sinistcha|65/100|[from] item: Sitrus Berry
|-damage|p1b: Rillaboom|62/100|[from] Recoil
|move|p2a: Archaludon|Body Press|p1a: Maushold
|-supereffective|p1a: Maushold
|-damage|p1a: Maushold|0 fnt
|faint|p1a: Maushold
|move|p2b: Sinistcha|Life Dew|p2b: Sinistcha|[spread] p2a,p2b
|-heal|p2a: Archaludon|82/100
|-heal|p2b: Sinistcha|90/100
|
|-heal|p1b: Rillaboom|68/100|[from] Grassy Terrain
|-heal|p2a: Archaludon|88/100|[from] Grassy Terrain
|-heal|p2b: Sinistcha|96/100|[from] Grassy Terrain
|upkeep
|
|t:|1757855487
|switch|p1a: Ursaluna|Ursaluna-Bloodmoon, L50, M|100/100
|turn|6
|
|t:|1757855505
|move|p1b: Rillaboom|Wood Hammer|p2b: Sinistcha
|-resisted|p2b: Sinistcha
|-damage|p2b: Sinistcha|54/100
|-damage|p1b: Rillaboom|56/100|[from] Recoil
|move|p2a: Archaludon|Body Press|p1a: Ursaluna
|-supereffective|p1a: Ursaluna
|-damage|p1a: Ursaluna|31/100
|move|p1a: Ursaluna|Blood Moon|p2b: Sinistcha
|-damage|p2b: Sinistcha|0 fnt
|faint|p2b: Sinistcha
|
|-heal|p1b: Rillaboom|62/100|[from] Grassy Terrain
|-heal|p2a: Archaludon|94/100|[from] Grassy Terrain
|-heal|p1a: Ursaluna|37/100|[from] Grassy Terrain
|upkeep
|
|t:|1757855517
|switch|p2b: Gholdengo|Gholdengo, L50, tera:Water|58/100
|turn|7
|
|t:|1757855524
|move|p1b: Rillaboom|Grassy Glide|p2b: Gholdengo
|-supereffective|p2b: Gholdengo
|-damage|p2b: Gholdengo|0 fnt
|faint|p2b: Gholdengo
|move|p1a: Ursaluna|Vacuum Wave|p2a: Archaludon
|-supereffective|p2a: Archaludon
|-damage|p2a: Archaludon|76/100
|-ability|p2a: Archaludon|Stamina|boost
|-boost|p2a: Archaludon|def|1
|move|p2a: Archaludon|Body Press|p1a: Ursaluna
|-supereffective|p1a: Ursaluna
|-damage|p1a: Ursaluna|0 fnt
|faint|p1a: Ursaluna
|
|-heal|p1b: Rillaboom|68/100|[from] Grassy Terrain
|-heal|p2a: Archaludon|82/100|[from] Grassy Terrain
|upkeep
|turn|8
|
|t:|1757855532
|move|p1b: Rillaboom|High Horsepower|p2a: Archaludon
|-supereffective|p2a: Archaludon
|-damage|p2a: Archaludon|59/100
|-ability|p2a: Archaludon|Stamina|boost
|-boost|p2a: Archaludon|def|1
|move|p2a: Archaludon|Body Press|p1b: Rillaboom
|-damage|p1b: Rillaboom|2/100
|
|-heal|p1b: Rillaboom|8/100|[from] Grassy Terrain
|-heal|p2a: Archaludon|65/100|[from] Grassy Terrain
|-fieldend|move: Grassy Terrain
|upkeep
|turn|9
|
|t:|1757855538
|move|p1b: Rillaboom|High Horsepower|p2a: Archaludon
|-supereffective|p2a: Archaludon
|-damage|p2a: Archaludon|46/100
|-ability|p2a: Archaludon|Stamina|boost
|-boost|p2a: Archaludon|def|1
|move|p2a: Archaludon|Body Press|p1b: Rillaboom
|-damage|p1b: Rillaboom|0 fnt
|faint|p1b: Rillaboom
|
|win|Masehood
||Masehood is ready for game 2.
||dragonite fraude is ready for game 2.
|uhtml|next|Next: Game 2 of 3
