|j|☆AstroGroundz
|j|☆Turin0-3Spritz
|html|AstroGroundzTurin0-3Spritz    
|uhtml|bestof|Game 1 of a best-of-3
|t:|1783002230
|gametype|doubles
|player|p1|AstroGroundz|jogger|1141
|player|p2|Turin0-3Spritz|266|1294
|gen|9
|tier|[Gen 9 Champions] VGC 2026 Reg M-B (Bo3)
|rated|
|rule|Species Clause: Limit one of each Pokémon
|rule|Item Clause: Limit 1 of each item
|clearpoke
|poke|p1|Dragonite, L50, M|
|poke|p1|Swampert, L50, M|
|poke|p1|Archaludon, L50, M, shiny|
|poke|p1|Pelipper, L50, M, shiny|
|poke|p1|Sinistcha, L50|
|poke|p1|Grimmsnarl, L50, M, shiny|
|poke|p2|Pelipper, L50, M|
|poke|p2|Archaludon, L50, F|
|poke|p2|Grimmsnarl, L50, M|
|poke|p2|Basculegion, L50, M|
|poke|p2|Venusaur, L50, M|
|poke|p2|Aegislash, L50, M|
|teampreview|4
|showteam|p1|Dragonite||Dragoninite|InnerFocus|DracoMeteor,Hurricane,Protect,Roost|Modest||M|||50|]Swampert||Swampertite|Torrent|WaveCrash,HighHorsepower,IcePunch,Protect|Adamant||M|||50|]Archaludon||Magnet|Stamina|ElectroShot,FlashCannon,DragonPulse,Protect|Modest||M|||50|]Pelipper||FocusSash|Drizzle|Hurricane,WideGuard,WeatherBall,Tailwind|Timid||M|||50|]Sinistcha||SitrusBerry|Hospitality|MatchaGotcha,LifeDew,RagePowder,TrickRoom|Calm|||||50|]Grimmsnarl||LightClay|Prankster|SpiritBreak,LightScreen,Reflect,PartingShot|Careful||M|||50|
|showteam|p2|Pelipper||SitrusBerry|Drizzle|WeatherBall,Hurricane,Tailwind,HelpingHand|Modest||M|||50|]Archaludon||Leftovers|Stamina|ElectroShot,DragonPulse,FlashCannon,Protect|Calm||F|||50|]Grimmsnarl||LightClay|Prankster|FoulPlay,LightScreen,Reflect,PartingShot|Calm||M|||50|]Basculegion||ChoiceScarf|Adaptability|WaveCrash,FlipTurn,LastRespects,AquaJet|Jolly||M|||50|]Venusaur||Venusaurite|Chlorophyll|GigaDrain,SludgeBomb,EarthPower,Protect|Modest||M|||50|]Aegislash||FocusSash|StanceChange|IronHead,ShadowSneak,CloseCombat,KingsShield|Adamant||M|||50|
|inactive|Battle timer is ON: inactive players will automatically lose when time's up. (requested by AstroGroundz)
|inactive|AstroGroundz has 60 seconds left.
|
|t:|1783002284
|teamsize|p1|4
|teamsize|p2|4
|start
|switch|p1a: Karma|Grimmsnarl, L50, M, shiny|100/100
|switch|p1b: Poly|Pelipper, L50, M, shiny|100/100
|switch|p2a: Grimmsnarl|Grimmsnarl, L50, M|100/100
|switch|p2b: Venusaur|Venusaur, L50, M|100/100
|-weather|RainDance|[from] ability: Drizzle|[of] p1b: Poly
|turn|1
|inactive|Turin0-3Spritz has 30 seconds left.
|
|t:|1783002312
|detailschange|p2b: Venusaur|Venusaur-Mega, L50, M
|-mega|p2b: Venusaur|Venusaur|Venusaurite
|move|p2b: Venusaur|Protect|p2b: Venusaur
|-singleturn|p2b: Venusaur|Protect
|move|p1a: Karma|Light Screen|p1a: Karma
|-sidestart|p1: AstroGroundz|move: Light Screen
|move|p2a: Grimmsnarl|Light Screen|p2a: Grimmsnarl
|-sidestart|p2: Turin0-3Spritz|move: Light Screen
|move|p1b: Poly|Hurricane|p2b: Venusaur
|-activate|p2b: Venusaur|move: Protect
|
|-weather|RainDance|[upkeep]
|upkeep
|turn|2
|inactive|Turin0-3Spritz has 30 seconds left.
|inactive|Turin0-3Spritz has 20 seconds left.
|
|t:|1783002347
|move|p1a: Karma|Parting Shot|p2b: Venusaur
|-unboost|p2b: Venusaur|atk|1
|-unboost|p2b: Venusaur|spa|1
|
|t:|1783002357
|switch|p1a: Railgun|Archaludon, L50, M, shiny|100/100|[from] Parting Shot
|move|p2a: Grimmsnarl|Parting Shot|p1b: Poly
|-unboost|p1b: Poly|atk|1
|-unboost|p1b: Poly|spa|1
|inactive|Turin0-3Spritz has 30 seconds left.
|
|t:|1783002384
|switch|p2a: Archaludon|Archaludon, L50, F|100/100|[from] Parting Shot
|move|p1b: Poly|Tailwind|p1b: Poly
|-sidestart|p1: AstroGroundz|move: Tailwind
|move|p2b: Venusaur|Sludge Bomb|p1a: Railgun
|-immune|p1a: Railgun
|
|-weather|RainDance|[upkeep]
|upkeep
|turn|3
|
|t:|1783002405
|move|p1b: Poly|Weather Ball|p2a: Archaludon
|-resisted|p2a: Archaludon|1
|-damage|p2a: Archaludon|88/100
|-ability|p2a: Archaludon|Stamina|boost
|-boost|p2a: Archaludon|def|1
|move|p1a: Railgun|Electro Shot||[still]
|-prepare|p1a: Railgun|Electro Shot
|-boost|p1a: Railgun|spa|1
|-anim|p1a: Railgun|Electro Shot|p2a: Archaludon
|-resisted|p2a: Archaludon|1
|-damage|p2a: Archaludon|66/100
|-ability|p2a: Archaludon|Stamina|boost
|-boost|p2a: Archaludon|def|1
|move|p2a: Archaludon|Electro Shot||[still]
|-prepare|p2a: Archaludon|Electro Shot
|-boost|p2a: Archaludon|spa|1
|-anim|p2a: Archaludon|Electro Shot|p1b: Poly
|-supereffective|p1b: Poly|2
|-enditem|p1b: Poly|Focus Sash
|-damage|p1b: Poly|1/100
|move|p2b: Venusaur|Sludge Bomb|p1b: Poly
|-damage|p1b: Poly|0 fnt
|faint|p1b: Poly
|
|-weather|RainDance|[upkeep]
|-heal|p2a: Archaludon|72/100|[from] item: Leftovers
|upkeep
|inactive|AstroGroundz has 30 seconds left.
|
|t:|1783002430
|switch|p1b: Karma|Grimmsnarl, L50, M, shiny|100/100
|turn|4
|
|t:|1783002448
|switch|p2b: Grimmsnarl|Grimmsnarl, L50, M|100/100
|move|p1b: Karma|Parting Shot|p2b: Grimmsnarl
|-hint|Since gen 7, Dark is immune to Prankster moves.
|-immune|p2b: Grimmsnarl
|move|p1a: Railgun|Electro Shot||[still]
|-prepare|p1a: Railgun|Electro Shot
|-boost|p1a: Railgun|spa|1
|-anim|p1a: Railgun|Electro Shot|p2a: Archaludon
|-resisted|p2a: Archaludon|1
|-damage|p2a: Archaludon|42/100
|-ability|p2a: Archaludon|Stamina|boost
|-boost|p2a: Archaludon|def|1
|move|p2a: Archaludon|Electro Shot||[still]
|-prepare|p2a: Archaludon|Electro Shot
|-boost|p2a: Archaludon|spa|1
|-anim|p2a: Archaludon|Electro Shot|p1b: Karma
|-damage|p1b: Karma|56/100
|
|-weather|RainDance|[upkeep]
|-heal|p2a: Archaludon|48/100|[from] item: Leftovers
|upkeep
|turn|5
|
|t:|1783002469
|move|p2a: Archaludon|Protect|p2a: Archaludon
|-singleturn|p2a: Archaludon|Protect
|move|p2b: Grimmsnarl|Parting Shot|p1a: Railgun
|-unboost|p1a: Railgun|atk|1
|-unboost|p1a: Railgun|spa|1
|
|t:|1783002475
|switch|p2b: Venusaur|Venusaur-Mega, L50, M|100/100|[from] Parting Shot
|move|p1a: Railgun|Flash Cannon|p2b: Venusaur
|-damage|p2b: Venusaur|70/100
|move|p1b: Karma|Spirit Break|p2a: Archaludon
|-activate|p2a: Archaludon|move: Protect
|
|-weather|none
|-heal|p2a: Archaludon|55/100|[from] item: Leftovers
|-sideend|p1: AstroGroundz|move: Tailwind
|upkeep
|turn|6
|inactive|Turin0-3Spritz has 30 seconds left.
|
|t:|1783002502
|move|p1a: Railgun|Protect|p1a: Railgun
|-singleturn|p1a: Railgun|Protect
|move|p1b: Karma|Parting Shot|p2a: Archaludon
|-unboost|p2a: Archaludon|atk|1
|-unboost|p2a: Archaludon|spa|1
|
|t:|1783002507
|switch|p1b: Friendo|Dragonite, L50, M|100/100|[from] Parting Shot
|move|p2a: Archaludon|Flash Cannon|p1b: Friendo
|-damage|p1b: Friendo|64/100
|move|p2b: Venusaur|Giga Drain|p1b: Friendo
|-resisted|p1b: Friendo|2
|-damage|p1b: Friendo|57/100
|-heal|p2b: Venusaur|74/100|[from] drain|[of] p1b: Friendo
|
|-heal|p2a: Archaludon|61/100|[from] item: Leftovers
|upkeep
|turn|7
|
|t:|1783002528
|switch|p2b: Grimmsnarl|Grimmsnarl, L50, M|100/100
|detailschange|p1b: Friendo|Dragonite-Mega, L50, M
|-mega|p1b: Friendo|Dragonite|Dragoninite
|move|p1b: Friendo|Draco Meteor|p2a: Archaludon
|-damage|p2a: Archaludon|10/100
|-unboost|p1b: Friendo|spa|2
|-ability|p2a: Archaludon|Stamina|boost
|-boost|p2a: Archaludon|def|1
|move|p1a: Railgun|Dragon Pulse|p2a: Archaludon
|-damage|p2a: Archaludon|0 fnt
|faint|p2a: Archaludon
|
|upkeep
|inactive|Turin0-3Spritz has 30 seconds left.
|
|t:|1783002563
|switch|p2a: Venusaur|Venusaur-Mega, L50, M|74/100
|turn|8
|inactive|Turin0-3Spritz has 30 seconds left.
|inactive|Turin0-3Spritz has 20 seconds left.
|inactive|Turin0-3Spritz has 15 seconds left.
|inactive|Turin0-3Spritz has 10 seconds left.
|inactive|Turin0-3Spritz has 5 seconds left.
|
|t:|1783002615
|switch|p1b: Karma|Grimmsnarl, L50, M, shiny|56/100
|move|p1a: Railgun|Protect|p1a: Railgun
|-singleturn|p1a: Railgun|Protect
|move|p2b: Grimmsnarl|Parting Shot|p1a: Railgun
|-activate|p1a: Railgun|move: Protect
|move|p2a: Venusaur|Sludge Bomb|p1b: Karma
|-supereffective|p1b: Karma|1
|-damage|p1b: Karma|5/100
|
|-sideend|p1: AstroGroundz|move: Light Screen
|-sideend|p2: Turin0-3Spritz|move: Light Screen
|upkeep
|turn|9
|inactive|Turin0-3Spritz has 30 seconds left.
|inactive|Turin0-3Spritz has 20 seconds left.
|inactive|Turin0-3Spritz has 15 seconds left.
|inactive|Turin0-3Spritz has 10 seconds left.
|inactive|Turin0-3Spritz has 5 seconds left.
|
|t:|1783002668
|move|p1b: Karma|Light Screen|p1b: Karma
|-sidestart|p1: AstroGroundz|move: Light Screen
|move|p1a: Railgun|Flash Cannon|p2b: Grimmsnarl
|-supereffective|p2b: Grimmsnarl|1
|-damage|p2b: Grimmsnarl|10/100
|move|p2a: Venusaur|Sludge Bomb|p1b: Karma
|-supereffective|p1b: Karma|1
|-damage|p1b: Karma|0 fnt
|faint|p1b: Karma
|move|p2b: Grimmsnarl|Foul Play|p1a: Railgun
|-crit|p1a: Railgun
|-damage|p1a: Railgun|61/100
|-ability|p1a: Railgun|Stamina|boost
|-boost|p1a: Railgun|def|1
|
|upkeep
|
|t:|1783002686
|switch|p1b: Friendo|Dragonite-Mega, L50, M|57/100
|turn|10
|
|t:|1783002705
|move|p2a: Venusaur|Protect|p2a: Venusaur
|-singleturn|p2a: Venusaur|Protect
|move|p2b: Grimmsnarl|Parting Shot|p1b: Friendo
|-unboost|p1b: Friendo|atk|1
|-unboost|p1b: Friendo|spa|1
|
|t:|1783002710
|switch|p2b: Basculegion|Basculegion, L50, M|100/100|[from] Parting Shot
|move|p1b: Friendo|Roost|p1b: Friendo
|-heal|p1b: Friendo|100/100
|-singleturn|p1b: Friendo|move: Roost
|move|p1a: Railgun|Flash Cannon|p2b: Basculegion
|-resisted|p2b: Basculegion|1
|-damage|p2b: Basculegion|67/100
|-unboost|p2b: Basculegion|spd|1
|
|upkeep
|turn|11
|
|t:|1783002735
|switch|p2a: Grimmsnarl|Grimmsnarl, L50, M|10/100
|move|p2b: Basculegion|Last Respects|p1b: Friendo
|-damage|p1b: Friendo|69/100
|move|p1b: Friendo|Hurricane|p2a: Grimmsnarl
|-damage|p2a: Grimmsnarl|0 fnt
|faint|p2a: Grimmsnarl
|move|p1a: Railgun|Flash Cannon|p2b: Basculegion
|-resisted|p2b: Basculegion|1
|-damage|p2b: Basculegion|21/100
|-unboost|p2b: Basculegion|spd|1
|
|upkeep
|
|t:|1783002751
|switch|p2a: Venusaur|Venusaur-Mega, L50, M|74/100
|turn|12
|inactive|AstroGroundz has 30 seconds left.
|inactive|Turin0-3Spritz has 30 seconds left.
|inactive|Turin0-3Spritz has 20 seconds left.
|inactive|Turin0-3Spritz has 15 seconds left.
|inactive|Turin0-3Spritz has 10 seconds left.
|inactive|Turin0-3Spritz has 5 seconds left.
|
|t:|1783002803
|move|p2b: Basculegion|Last Respects|p1b: Friendo
|-damage|p1b: Friendo|0 fnt
|faint|p1b: Friendo
|move|p1a: Railgun|Dragon Pulse|p2b: Basculegion
|-damage|p2b: Basculegion|0 fnt
|faint|p2b: Basculegion
|move|p2a: Venusaur|Earth Power|p1a: Railgun
|-supereffective|p1a: Railgun|1
|-damage|p1a: Railgun|21/100
|-ability|p1a: Railgun|Stamina|boost
|-boost|p1a: Railgun|def|1
|
|upkeep
|turn|13
|c|☆AstroGroundz|I gotta goo
|c|☆AstroGroundz|Welp
|c|☆AstroGroundz|Ggs
|inactive|AstroGroundz has 30 seconds left.
|-message|AstroGroundz forfeited.
|raw|AstroGroundz's rating: 1141 → 1126(-15 for losing)
|raw|Turin0-3Spritz's rating: 1294 → 1309(+15 for winning)
|
|win|Turin0-3Spritz
|l|☆AstroGroundz
|player|p1|
