|j|☆M0ckingEJ
|j|☆wade connects
|html|M0ckingEJwade connects    
|uhtml|bestof|Game 3 of a best-of-3
|t:|1756783573
|gametype|doubles
|player|p1|M0ckingEJ|n|1186
|player|p2|wade connects|1|1110
|gen|9
|tier|[Gen 9] VGC 2025 Reg H (Bo3)
|rated|
|rule|Species Clause: Limit one of each Pokémon
|rule|Item Clause: Limit 1 of each item
|clearpoke
|poke|p1|Pelipper, L50, F|
|poke|p1|Overqwil, L50, M|
|poke|p1|Archaludon, L50, M|
|poke|p1|Gastrodon-East, L50, M|
|poke|p1|Sinistcha, L50|
|poke|p1|Ursaluna, L50, F|
|poke|p2|Malamar, L50, M|
|poke|p2|Indeedee-F, L50, F|
|poke|p2|Hatterene, L50, F|
|poke|p2|Torkoal, L50, M|
|poke|p2|Ursaluna, L50, F|
|poke|p2|Lilligant-Hisui, L50, F|
|teampreview|4
|showteam|p1|Pelipper||CovertCloak|Drizzle|Hurricane,WeatherBall,Tailwind,Protect|||F|||50|,,,,,Stellar]Overqwil||LifeOrb|SwiftSwim|ThroatChop,Liquidation,GunkShot,Haze|||M|||50|,,,,,Water]Archaludon||AssaultVest|Stamina|DracoMeteor,ElectroShot,FlashCannon,BodyPress|||M|||50|,,,,,Bug]Gastrodon-East||Leftovers|StormDrain|Protect,EarthPower,MuddyWater,HelpingHand|||M|||50|,,,,,Fire]Sinistcha||SitrusBerry|Hospitality|MatchaGotcha,ShadowBall,LifeDew,Protect||||||50|,,,,,Fire]Ursaluna||FlameOrb|Guts|Earthquake,Facade,Protect,HeadlongRush|||F|||50|,,,,,Poison
|showteam|p2|Malamar||SafetyGoggles|Contrary|Protect,TrickRoom,Superpower,KnockOff|||M|||50|,,,,,Water]Indeedee-F||PsychicSeed|PsychicSurge|Protect,HelpingHand,FollowMe,TrickRoom|||F|||50|,,,,,Grass]Hatterene||LifeOrb|MagicBounce|Protect,TrickRoom,ExpandingForce,DazzlingGleam|||F|||50|,,,,,Water]Torkoal||Charcoal|Drought|Protect,Overheat,Eruption,HeatWave|||M|||50|,,,,,Fire]Ursaluna||FlameOrb|Guts|Protect,Facade,HeadlongRush,SwordsDance|||F|||50|,,,,,Ghost]Lilligant-Hisui||FocusSash|Chlorophyll|AfterYou,SleepPowder,LeafBlade,CloseCombat|||F|||50|,,,,,Ghost
|c|☆M0ckingEJ|gl
|c|☆wade connects|u2
|inactive|Battle timer is ON: inactive players will automatically lose when time's up. (requested by wade connects)
|
|t:|1756783623
|teamsize|p1|4
|teamsize|p2|4
|start
|switch|p1a: Pelipper|Pelipper, L50, F, shiny|100/100
|switch|p1b: Overqwil|Overqwil, L50, M, shiny|100/100
|switch|p2a: Indeedee|Indeedee-F, L50, F, shiny|100/100
|switch|p2b: Malamar|Malamar, L50, M, shiny|100/100
|-weather|RainDance|[from] ability: Drizzle|[of] p1a: Pelipper
|-fieldstart|move: Psychic Terrain|[from] ability: Psychic Surge|[of] p2a: Indeedee
|-enditem|p2a: Indeedee|Psychic Seed
|-boost|p2a: Indeedee|spd|1|[from] item: Psychic Seed
|turn|1
|inactive|M0ckingEJ has 30 seconds left.
|inactive|M0ckingEJ has 20 seconds left.
|inactive|M0ckingEJ has 15 seconds left.
|inactive|M0ckingEJ has 10 seconds left.
|
|t:|1756783671
|-terastallize|p2a: Indeedee|Grass
|move|p2a: Indeedee|Follow Me|p2a: Indeedee
|-singleturn|p2a: Indeedee|move: Follow Me
|move|p1b: Overqwil|Throat Chop|p2a: Indeedee
|-damage|p2a: Indeedee|37/100
|-start|p2a: Indeedee|Throat Chop|[silent]
|-damage|p1b: Overqwil|91/100|[from] item: Life Orb
|move|p1a: Pelipper|Hurricane|p2a: Indeedee
|-supereffective|p2a: Indeedee
|-damage|p2a: Indeedee|0 fnt
|faint|p2a: Indeedee
|move|p2b: Malamar|Trick Room|p2b: Malamar
|-fieldstart|move: Trick Room|[of] p2b: Malamar
|
|-weather|RainDance|[upkeep]
|upkeep
|
|t:|1756783686
|switch|p2a: Torkoal|Torkoal, L50, M|100/100
|-weather|SunnyDay|[from] ability: Drought|[of] p2a: Torkoal
|turn|2
|
|t:|1756783701
|switch|p1a: Gastrodon|Gastrodon-East, L50, M, shiny|100/100
|switch|p1b: Archaludon|Archaludon, L50, M, shiny|100/100
|move|p2a: Torkoal|Eruption|p1a: Gastrodon|[spread] p1a,p1b
|-resisted|p1a: Gastrodon
|-damage|p1a: Gastrodon|60/100
|-damage|p1b: Archaludon|33/100
|-ability|p1b: Archaludon|Stamina|boost
|-boost|p1b: Archaludon|def|1
|move|p2b: Malamar|Superpower|p1a: Gastrodon
|-damage|p1a: Gastrodon|32/100
|-boost|p2b: Malamar|atk|1
|-boost|p2b: Malamar|def|1
|
|-weather|SunnyDay|[upkeep]
|-heal|p1a: Gastrodon|38/100|[from] item: Leftovers
|upkeep
|turn|3
|
|t:|1756783720
|move|p1a: Gastrodon|Protect|p1a: Gastrodon
|-singleturn|p1a: Gastrodon|Protect
|move|p2a: Torkoal|Eruption|p1a: Gastrodon|[spread] p1b
|-activate|p1a: Gastrodon|move: Protect
|-damage|p1b: Archaludon|0 fnt
|faint|p1b: Archaludon
|move|p2b: Malamar|Superpower|p1a: Gastrodon
|-activate|p1a: Gastrodon|move: Protect
|
|-weather|SunnyDay|[upkeep]
|-heal|p1a: Gastrodon|45/100|[from] item: Leftovers
|upkeep
|
|t:|1756783724
|switch|p1b: Pelipper|Pelipper, L50, F, shiny|100/100
|-weather|RainDance|[from] ability: Drizzle|[of] p1b: Pelipper
|turn|4
|
|t:|1756783749
|switch|p2a: Hatterene|Hatterene, L50, F|100/100
|-terastallize|p1a: Gastrodon|Fire
|move|p2b: Malamar|Superpower|p1a: Gastrodon
|-damage|p1a: Gastrodon|0 fnt
|-boost|p2b: Malamar|atk|1
|-boost|p2b: Malamar|def|1
|faint|p1a: Gastrodon
|move|p1b: Pelipper|Weather Ball|p2a: Hatterene
|-damage|p2a: Hatterene|27/100
|
|-weather|RainDance|[upkeep]
|upkeep
|
|t:|1756783756
|switch|p1a: Overqwil|Overqwil, L50, M, shiny|91/100
|turn|5
|
|t:|1756783767
|move|p2a: Hatterene|Dazzling Gleam|p1a: Overqwil|[spread] p1a,p1b
|-damage|p1a: Overqwil|13/100
|-damage|p1b: Pelipper|33/100
|-damage|p2a: Hatterene|18/100|[from] item: Life Orb
|move|p2b: Malamar|Superpower|p1a: Overqwil
|-damage|p1a: Overqwil|0 fnt
|-boost|p2b: Malamar|atk|1
|-boost|p2b: Malamar|def|1
|faint|p1a: Overqwil
|move|p1b: Pelipper|Hurricane|p2b: Malamar
|-damage|p2b: Malamar|50/100
|
|-weather|RainDance|[upkeep]
|-fieldend|move: Trick Room
|-fieldend|move: Psychic Terrain
|upkeep
|turn|6
|c|☆wade connects|gg
|c|☆M0ckingEJ|gg
|
|t:|1756783784
|move|p1b: Pelipper|Hurricane|p2b: Malamar
|-damage|p2b: Malamar|0 fnt
|faint|p2b: Malamar
|move|p2a: Hatterene|Dazzling Gleam|p1b: Pelipper
|-damage|p1b: Pelipper|0 fnt
|faint|p1b: Pelipper
|-damage|p2a: Hatterene|8/100|[from] item: Life Orb
|
|win|wade connects
|raw|M0ckingEJ's rating: 1186 → 1156(-30 for losing)
|raw|wade connects's rating: 1110 → 1140(+30 for winning)
|l|☆wade connects
|player|p2|
