|j|☆mouseilluminati
|j|☆borntobethegoat
|html|mouseilluminatiborntobethegoat    
|uhtml|bestof|Game 2 of a best-of-3
|t:|1784771215
|gametype|doubles
|player|p1|mouseilluminati|n|1238
|player|p2|borntobethegoat|caitlin|1355
|gen|9
|tier|[Gen 9 Champions] VGC 2026 Reg M-B (Bo3)
|rated|
|rule|Species Clause: Limit one of each Pokémon
|rule|Item Clause: Limit 1 of each item
|clearpoke
|poke|p1|Pyroar, L50, F|
|poke|p1|Basculegion, L50, M|
|poke|p1|Torkoal, L50, M|
|poke|p1|Whimsicott, L50, F|
|poke|p1|Mawile, L50, M|
|poke|p1|Farigiraf, L50, M|
|poke|p2|Sinistcha, L50|
|poke|p2|Incineroar, L50, F|
|poke|p2|Milotic, L50, M|
|poke|p2|Raichu, L50, M|
|poke|p2|Floette-Eternal, L50, F|
|poke|p2|Ceruledge, L50, M|
|teampreview|4
|showteam|p1|Pyroar||Pyroarite|Unnerve|HeatWave,Overheat,Protect,SolarBeam|Timid||F|||50|]Basculegion||LifeOrb|Adaptability|AquaJet,WaveCrash,Protect,LastRespects|Adamant||M|||50|]Torkoal||Charcoal|Drought|Eruption,WeatherBall,Protect,HelpingHand|Quiet||M|||50|]Whimsicott||FocusSash|Prankster|Moonblast,SunnyDay,Protect,Tailwind|Timid||F|||50|]Mawile||Mawilite|HyperCutter|RockSlide,PlayRough,Protect,SuckerPunch|Adamant||M|||50|]Farigiraf||ColburBerry|ArmorTail|FoulPlay,Psychic,HelpingHand,TrickRoom|Relaxed||M|||50|
|showteam|p2|Sinistcha||KasibBerry|Hospitality|MatchaGotcha,RagePowder,TrickRoom,Protect|Relaxed|||||50|]Incineroar||SitrusBerry|Intimidate|FlareBlitz,ThroatChop,FakeOut,PartingShot|Impish||F|||50|]Milotic||Leftovers|Competitive|MuddyWater,Coil,Hypnosis,Protect|Calm||M|||50|]Raichu||RaichuniteY|LightningRod|ZapCannon,FocusBlast,FakeOut,Protect|Timid||M|||50|]Floette-Eternal||Floettite|FlowerVeil|DazzlingGleam,DrainingKiss,CalmMind,Protect|Timid||F|||50|]Ceruledge||ColburBerry|FlashFire|BitterBlade,ShadowSneak,BulkUp,Protect|Adamant||M|||50|
|inactive|Battle timer is ON: inactive players will automatically lose when time's up. (requested by borntobethegoat)
|
|t:|1784771237
|teamsize|p1|4
|teamsize|p2|4
|start
|switch|p1a: Farigiraf|Farigiraf, L50, M|100/100
|switch|p1b: Mawile|Mawile, L50, M|100/100
|switch|p2a: Incineroar|Incineroar, L50, F|100/100
|switch|p2b: Ceruledge|Ceruledge, L50, M|100/100
|-ability|p2a: Incineroar|Intimidate|boost
|-unboost|p1a: Farigiraf|atk|1
|-fail|p1b: Mawile|unboost|Attack|[from] ability: Hyper Cutter|[of] p1b: Mawile
|turn|1
|inactive|mouseilluminati has 30 seconds left.
|
|t:|1784771265
|switch|p1b: Basculegion|Basculegion, L50, M|100/100
|move|p2b: Ceruledge|Bulk Up|p2b: Ceruledge
|-boost|p2b: Ceruledge|atk|1
|-boost|p2b: Ceruledge|def|1
|move|p2a: Incineroar|Parting Shot|p1a: Farigiraf
|-unboost|p1a: Farigiraf|atk|1
|-unboost|p1a: Farigiraf|spa|1
|
|t:|1784771273
|switch|p2a: Sinistcha|Sinistcha, L50|100/100|[from] Parting Shot
|move|p1a: Farigiraf|Foul Play|p2b: Ceruledge
|-supereffective|p2b: Ceruledge|1
|-enditem|p2b: Ceruledge|Colbur Berry|[eat]
|-enditem|p2b: Ceruledge|Colbur Berry|[weaken]
|-damage|p2b: Ceruledge|63/100
|
|upkeep
|turn|2
|inactive|mouseilluminati has 30 seconds left.
|
|t:|1784771307
|switch|p1b: Mawile|Mawile, L50, M|100/100
|move|p2b: Ceruledge|Protect|p2b: Ceruledge
|-singleturn|p2b: Ceruledge|Protect
|move|p2a: Sinistcha|Matcha Gotcha|p1b: Mawile|[spread] p1a,p1b
|-crit|p1a: Farigiraf
|-resisted|p1b: Mawile|1
|-damage|p1a: Farigiraf|65/100
|-damage|p1b: Mawile|77/100
|move|p1a: Farigiraf|Trick Room|p1a: Farigiraf
|-fieldstart|move: Trick Room|[of] p1a: Farigiraf
|
|upkeep
|turn|3
|
|t:|1784771322
|detailschange|p1b: Mawile|Mawile-Mega, L50, M
|-mega|p1b: Mawile|Mawile|Mawilite
|move|p1a: Farigiraf|Helping Hand|p1b: Mawile
|-singleturn|p1b: Mawile|Helping Hand|[of] p1a: Farigiraf
|move|p2a: Sinistcha|Rage Powder|p2a: Sinistcha
|-singleturn|p2a: Sinistcha|move: Rage Powder
|move|p1b: Mawile|Rock Slide|p2a: Sinistcha|[spread] p2a,p2b
|-supereffective|p2b: Ceruledge|1
|-damage|p2a: Sinistcha|55/100
|-damage|p2b: Ceruledge|0 fnt
|faint|p2b: Ceruledge
|
|upkeep
|
|t:|1784771337
|switch|p2b: Milotic|Milotic, L50, M|100/100
|turn|4
|
|t:|1784771345
|switch|p1a: Torkoal|Torkoal, L50, M|100/100
|-weather|SunnyDay|[from] ability: Drought|[of] p1a: Torkoal
|switch|p2a: Incineroar|Incineroar, L50, F|100/100
|-ability|p2a: Incineroar|Intimidate|boost
|-unboost|p1a: Torkoal|atk|1
|-unboost|p1b: Mawile|atk|1
|move|p1b: Mawile|Play Rough|p2b: Milotic
|-damage|p2b: Milotic|50/100g
|move|p2b: Milotic|Coil|p2b: Milotic
|-boost|p2b: Milotic|atk|1
|-boost|p2b: Milotic|def|1
|-boost|p2b: Milotic|accuracy|1
|
|-weather|SunnyDay|[upkeep]
|-heal|p2b: Milotic|56/100|[from] item: Leftovers
|upkeep
|turn|5
|inactive|mouseilluminati has 30 seconds left.
|
|t:|1784771377
|switch|p1b: Farigiraf|Farigiraf, L50, M|65/100
|move|p2b: Milotic|Protect|p2b: Milotic
|-singleturn|p2b: Milotic|Protect
|move|p1a: Torkoal|Eruption|p2b: Milotic|[spread] p2a
|-activate|p2b: Milotic|move: Protect
|-resisted|p2a: Incineroar|1
|-damage|p2a: Incineroar|62/100
|move|p2a: Incineroar|Parting Shot|p1b: Farigiraf
|-unboost|p1b: Farigiraf|atk|1
|-unboost|p1b: Farigiraf|spa|1
|
|t:|1784771384
|switch|p2a: Sinistcha|Sinistcha, L50|55/100|[from] Parting Shot
|-heal|p2b: Milotic|81/100|[from] ability: Hospitality|[of] p2a: Sinistcha
|
|-weather|SunnyDay|[upkeep]
|-heal|p2b: Milotic|87/100|[from] item: Leftovers
|upkeep
|turn|6
|
|t:|1784771395
|move|p1b: Farigiraf|Helping Hand|p1a: Torkoal
|-singleturn|p1a: Torkoal|Helping Hand|[of] p1b: Farigiraf
|move|p2a: Sinistcha|Protect|p2a: Sinistcha
|-singleturn|p2a: Sinistcha|Protect
|move|p1a: Torkoal|Eruption|p2a: Sinistcha|[spread] p2b
|-activate|p2a: Sinistcha|move: Protect
|-resisted|p2b: Milotic|1
|-damage|p2b: Milotic|46/100
|move|p2b: Milotic|Coil|p2b: Milotic
|-boost|p2b: Milotic|atk|1
|-boost|p2b: Milotic|def|1
|-boost|p2b: Milotic|accuracy|1
|
|-weather|SunnyDay|[upkeep]
|-heal|p2b: Milotic|51/100|[from] item: Leftovers
|-fieldend|move: Trick Room
|upkeep
|turn|7
|
|t:|1784771418
|switch|p2a: Incineroar|Incineroar, L50, F|62/100
|-ability|p2a: Incineroar|Intimidate|boost
|-unboost|p1a: Torkoal|atk|1
|-unboost|p1b: Farigiraf|atk|1
|move|p2b: Milotic|Hypnosis|p1b: Farigiraf
|-status|p1b: Farigiraf|slp|[from] move: Hypnosis
|move|p1a: Torkoal|Eruption|p2a: Incineroar|[spread] p2a,p2b
|-resisted|p2a: Incineroar|1
|-crit|p2a: Incineroar
|-resisted|p2b: Milotic|1
|-damage|p2a: Incineroar|5/100
|-damage|p2b: Milotic|22/100
|-enditem|p2a: Incineroar|Sitrus Berry|[eat]
|-heal|p2a: Incineroar|30/100|[from] item: Sitrus Berry
|cant|p1b: Farigiraf|slp
|
|-weather|SunnyDay|[upkeep]
|-heal|p2b: Milotic|28/100|[from] item: Leftovers
|upkeep
|turn|8
|
|t:|1784771442
|move|p2b: Milotic|Hypnosis|p1a: Torkoal
|-status|p1a: Torkoal|slp|[from] move: Hypnosis
|move|p2a: Incineroar|Flare Blitz|p1b: Farigiraf
|-damage|p1b: Farigiraf|10/100 slp
|-damage|p2a: Incineroar|10/100|[from] Recoil
|cant|p1a: Torkoal|slp
|cant|p1b: Farigiraf|slp
|
|-weather|none
|-heal|p2b: Milotic|34/100|[from] item: Leftovers
|upkeep
|turn|9
|inactive|mouseilluminati has 30 seconds left.
|
|t:|1784771470
|switch|p2a: Sinistcha|Sinistcha, L50|55/100
|-heal|p2b: Milotic|58/100|[from] ability: Hospitality|[of] p2a: Sinistcha
|switch|p1a: Basculegion|Basculegion, L50, M|100/100
|move|p2b: Milotic|Muddy Water|p1a: Basculegion|[spread] p1a,p1b
|-resisted|p1a: Basculegion|1
|-damage|p1a: Basculegion|86/100
|-damage|p1b: Farigiraf|0 fnt
|faint|p1b: Farigiraf
|
|-heal|p2b: Milotic|64/100|[from] item: Leftovers
|upkeep
|
|t:|1784771482
|switch|p1b: Torkoal|Torkoal, L50, M|100/100 slp
|-weather|SunnyDay|[from] ability: Drought|[of] p1b: Torkoal
|turn|10
|
|t:|1784771494
|switch|p2a: Incineroar|Incineroar, L50, F|10/100
|-ability|p2a: Incineroar|Intimidate|boost
|-unboost|p1a: Basculegion|atk|1
|-unboost|p1b: Torkoal|atk|1
|move|p1a: Basculegion|Last Respects|p2a: Incineroar
|-resisted|p2a: Incineroar|1
|-damage|p2a: Incineroar|0 fnt
|faint|p2a: Incineroar
|-damage|p1a: Basculegion|76/100|[from] item: Life Orb
|move|p2b: Milotic|Coil|p2b: Milotic
|-boost|p2b: Milotic|atk|1
|-boost|p2b: Milotic|def|1
|-boost|p2b: Milotic|accuracy|1
|-curestatus|p1b: Torkoal|slp|[msg]
|move|p1b: Torkoal|Eruption|p2b: Milotic
|-resisted|p2b: Milotic|1
|-damage|p2b: Milotic|30/100
|
|-weather|SunnyDay|[upkeep]
|-heal|p2b: Milotic|36/100|[from] item: Leftovers
|upkeep
|
|t:|1784771509
|switch|p2a: Sinistcha|Sinistcha, L50|55/100
|-heal|p2b: Milotic|60/100|[from] ability: Hospitality|[of] p2a: Sinistcha
|turn|11
|
|t:|1784771521
|move|p2a: Sinistcha|Protect|p2a: Sinistcha
|-singleturn|p2a: Sinistcha|Protect
|move|p1a: Basculegion|Last Respects|p2a: Sinistcha
|-activate|p2a: Sinistcha|move: Protect
|move|p2b: Milotic|Hypnosis|p1a: Basculegion
|-status|p1a: Basculegion|slp|[from] move: Hypnosis
|move|p1b: Torkoal|Weather Ball|p2b: Milotic
|-resisted|p2b: Milotic|1
|-damage|p2b: Milotic|35/100
|
|-weather|SunnyDay|[upkeep]
|-heal|p2b: Milotic|41/100|[from] item: Leftovers
|upkeep
|turn|12
|
|t:|1784771538
|cant|p1a: Basculegion|slp
|move|p2b: Milotic|Hypnosis|p1b: Torkoal
|-status|p1b: Torkoal|slp|[from] move: Hypnosis
|move|p2a: Sinistcha|Matcha Gotcha|p1a: Basculegion|[spread] p1a
|-miss|p2a: Sinistcha|p1b: Torkoal
|-supereffective|p1a: Basculegion|1
|-damage|p1a: Basculegion|19/100 slp
|-heal|p2a: Sinistcha|87/100|[from] drain|[of] p1a: Basculegion
|cant|p1b: Torkoal|slp
|
|-weather|SunnyDay|[upkeep]
|-heal|p2b: Milotic|47/100|[from] item: Leftovers
|upkeep
|turn|13
|
|t:|1784771562
|-curestatus|p1a: Basculegion|slp|[msg]
|move|p1a: Basculegion|Last Respects|p2a: Sinistcha
|-supereffective|p2a: Sinistcha|1
|-enditem|p2a: Sinistcha|Kasib Berry|[eat]
|-enditem|p2a: Sinistcha|Kasib Berry|[weaken]
|-damage|p2a: Sinistcha|38/100
|-damage|p1a: Basculegion|10/100|[from] item: Life Orb
|move|p2b: Milotic|Muddy Water|p1b: Torkoal|[spread] p1a,p1b
|-resisted|p1a: Basculegion|1
|-supereffective|p1b: Torkoal|1
|-damage|p1a: Basculegion|4/100
|-damage|p1b: Torkoal|68/100 slp
|-unboost|p1a: Basculegion|accuracy|1
|move|p2a: Sinistcha|Matcha Gotcha|p1b: Torkoal|[spread] p1a,p1b
|-supereffective|p1a: Basculegion|1
|-resisted|p1b: Torkoal|1
|-damage|p1a: Basculegion|0 fnt
|-heal|p2a: Sinistcha|40/100|[from] drain|[of] p1a: Basculegion
|-damage|p1b: Torkoal|53/100 slp
|-heal|p2a: Sinistcha|48/100|[from] drain|[of] p1b: Torkoal
|faint|p1a: Basculegion
|cant|p1b: Torkoal|slp
|
|-weather|SunnyDay|[upkeep]
|-heal|p2b: Milotic|53/100|[from] item: Leftovers
|upkeep
|
|t:|1784771583
|switch|p1a: Mawile|Mawile-Mega, L50, M|77/100
|turn|14
|
|t:|1784771592
|move|p2b: Milotic|Protect|p2b: Milotic
|-singleturn|p2b: Milotic|Protect
|move|p2a: Sinistcha|Protect|p2a: Sinistcha
|-singleturn|p2a: Sinistcha|Protect
|move|p1a: Mawile|Sucker Punch||[still]
|-fail|p1a: Mawile
|-curestatus|p1b: Torkoal|slp|[msg]
|move|p1b: Torkoal|Eruption|p2a: Sinistcha|[spread] 
|-activate|p2a: Sinistcha|move: Protect
|-activate|p2b: Milotic|move: Protect
|
|-weather|none
|-heal|p2b: Milotic|59/100|[from] item: Leftovers
|upkeep
|turn|15
|
|t:|1784771613
|move|p2a: Sinistcha|Rage Powder|p2a: Sinistcha
|-singleturn|p2a: Sinistcha|move: Rage Powder
|move|p2b: Milotic|Muddy Water|p1a: Mawile|[spread] p1a,p1b
|-supereffective|p1b: Torkoal|1
|-damage|p1a: Mawile|48/100
|-damage|p1b: Torkoal|0 fnt
|faint|p1b: Torkoal
|move|p1a: Mawile|Play Rough|p2a: Sinistcha
|-damage|p2a: Sinistcha|0 fnt
|faint|p2a: Sinistcha
|
|-heal|p2b: Milotic|65/100|[from] item: Leftovers
|upkeep
|turn|16
|
|t:|1784771627
|move|p2b: Milotic|Hypnosis|p1a: Mawile
|-status|p1a: Mawile|slp|[from] move: Hypnosis
|cant|p1a: Mawile|slp
|
|-heal|p2b: Milotic|71/100|[from] item: Leftovers
|upkeep
|turn|17
|
|t:|1784771634
|move|p2b: Milotic|Muddy Water|p1a: Mawile
|-damage|p1a: Mawile|9/100 slp
|cant|p1a: Mawile|slp
|
|-heal|p2b: Milotic|77/100|[from] item: Leftovers
|upkeep
|turn|18
|
|t:|1784771644
|move|p2b: Milotic|Muddy Water|p1a: Mawile
|-damage|p1a: Mawile|0 fnt
|faint|p1a: Mawile
|
|win|borntobethegoat
|raw|mouseilluminati's rating: 1238 → 1221(-17 for losing)
|raw|borntobethegoat's rating: 1355 → 1369(+14 for winning)
|l|☆borntobethegoat
|player|p2|
