|j|☆mitcel
|j|☆natsukivgc
|html|mitcelnatsukivgc    
|uhtml|bestof|Game 1 of a best-of-3
|t:|1785389735
|gametype|doubles
|player|p1|mitcel|ethan|1144
|player|p2|natsukivgc|1|1206
|gen|9
|tier|[Gen 9 Champions] VGC 2026 Reg M-B (Bo3)
|rated|
|rule|Species Clause: Limit one of each Pokémon
|rule|Item Clause: Limit 1 of each item
|clearpoke
|poke|p1|Incineroar, L50, F|
|poke|p1|Dedenne, L50, F, shiny|
|poke|p1|Ninetales-Alola, L50, F|
|poke|p1|Dragonite, L50, M|
|poke|p1|Sceptile, L50, F|
|poke|p1|Empoleon, L50, F, shiny|
|poke|p2|Garchomp, L50, F|
|poke|p2|Venusaur, L50, M|
|poke|p2|Incineroar, L50, M|
|poke|p2|Charizard, L50, F|
|poke|p2|Toxapex, L50, F|
|poke|p2|Annihilape, L50, F|
|teampreview|4
|showteam|p1|Incineroar||Charcoal|Blaze|FakeOut,FlareBlitz,PartingShot,ThroatChop|Adamant||F|||50|]Dedenne||ShucaBerry|Plus|Protect,Nuzzle,Entrainment,SuperFang|Bold||F|||50|]Ninetales-Alola||FocusSash|SnowWarning|Blizzard,AuroraVeil,DazzlingGleam,Protect|Timid||F|||50|]Dragonite||Dragoninite|Multiscale|Tailwind,DracoMeteor,HeatWave,Protect|Modest||M|||50|]Sceptile||SitrusBerry|Unburden|LeafStorm,ShedTail,QuickGuard,EarthPower|Modest||F|||50|]Empoleon||LifeOrb|Competitive|FlashCannon,HydroPump,IceBeam,Protect|Modest||F|||50|
|showteam|p2|Garchomp||ChoiceScarf|RoughSkin|Earthquake,DragonClaw,StompingTantrum,RockSlide|Adamant||F|||50|]Venusaur||LifeOrb|Chlorophyll|SolarBeam,SludgeBomb,EarthPower,Protect|Modest||M|||50|]Incineroar||SitrusBerry|Intimidate|FlareBlitz,ThroatChop,FakeOut,PartingShot|Impish||M|||50|]Charizard||CharizarditeY|Blaze|HeatWave,WeatherBall,HelpingHand,Protect|Modest||F|||50|]Toxapex||Leftovers|Regenerator|Infestation,Toxic,WideGuard,BanefulBunker|Bold||F|||50|]Annihilape||FocusSash|Defiant|CloseCombat,PhantomForce,StealthRock,Protect|Jolly||F|||50|
|
|t:|1785389818
|teamsize|p1|4
|teamsize|p2|4
|start
|switch|p1a: Sceptile|Sceptile, L50, F|100/100
|switch|p1b: Empoleon|Empoleon, L50, F, shiny|100/100
|switch|p2a: Charizard|Charizard, L50, F|100/100
|switch|p2b: Incineroar|Incineroar, L50, M|100/100
|-ability|p2b: Incineroar|Intimidate|boost
|-unboost|p1a: Sceptile|atk|1
|-unboost|p1b: Empoleon|atk|1
|-ability|p1b: Empoleon|Competitive|boost
|-boost|p1b: Empoleon|spa|2
|turn|1
|
|t:|1785389839
|detailschange|p2a: Charizard|Charizard-Mega-Y, L50, F
|-mega|p2a: Charizard|Charizard|Charizardite Y
|-weather|SunnyDay|[from] ability: Drought|[of] p2a: Charizard
|move|p1b: Empoleon|Protect|p1b: Empoleon
|-singleturn|p1b: Empoleon|Protect
|move|p2b: Incineroar|Fake Out|p1b: Empoleon
|-activate|p1b: Empoleon|move: Protect
|move|p1a: Sceptile|Shed Tail|p1a: Sceptile
|-start|p1a: Sceptile|Substitute|[from] move: Shed Tail
|-damage|p1a: Sceptile|49/100
|-enditem|p1a: Sceptile|Sitrus Berry|[eat]
|-heal|p1a: Sceptile|74/100|[from] item: Sitrus Berry
|
|t:|1785389851
|switch|p1a: Dedenne|Dedenne, L50, F, shiny|100/100|[from] Shed Tail
|move|p2a: Charizard|Heat Wave|p1a: Dedenne|[spread] p1a
|-activate|p1b: Empoleon|move: Protect
|-end|p1a: Dedenne|Substitute
|
|-weather|SunnyDay|[upkeep]
|upkeep
|turn|2
|
|t:|1785389892
|switch|p1b: Ninetales|Ninetales-Alola, L50, F|100/100
|-weather|Snowscape|[from] ability: Snow Warning|[of] p1b: Ninetales
|move|p1a: Dedenne|Nuzzle|p2a: Charizard
|-supereffective|p2a: Charizard|1
|-damage|p2a: Charizard|92/100
|-status|p2a: Charizard|par
|move|p2b: Incineroar|Flare Blitz|p1b: Ninetales
|-supereffective|p1b: Ninetales|1
|-damage|p1b: Ninetales|14/100
|-damage|p2b: Incineroar|77/100|[from] Recoil
|cant|p2a: Charizard|par
|
|-weather|Snowscape|[upkeep]
|upkeep
|turn|3
|
|t:|1785389919
|switch|p2a: Venusaur|Venusaur, L50, M|100/100
|move|p1b: Ninetales|Aurora Veil|p1b: Ninetales
|-sidestart|p1: mitcel|move: Aurora Veil
|move|p1a: Dedenne|Super Fang|p2a: Venusaur
|-damage|p2a: Venusaur|50/100g
|move|p2b: Incineroar|Flare Blitz|p1b: Ninetales
|-supereffective|p1b: Ninetales|1
|-damage|p1b: Ninetales|0 fnt
|faint|p1b: Ninetales
|-damage|p2b: Incineroar|73/100|[from] Recoil
|
|-weather|Snowscape|[upkeep]
|upkeep
|
|t:|1785389933
|switch|p1b: Empoleon|Empoleon, L50, F, shiny|100/100
|turn|4
|
|t:|1785389959
|switch|p2b: Charizard|Charizard-Mega-Y, L50, F|92/100 par
|-weather|SunnyDay|[from] ability: Drought|[of] p2b: Charizard
|move|p2a: Venusaur|Sludge Bomb|p1a: Dedenne
|-supereffective|p1a: Dedenne|1
|-damage|p1a: Dedenne|1/100
|-damage|p2a: Venusaur|40/100|[from] item: Life Orb
|move|p1a: Dedenne|Entrainment|p1b: Empoleon
|-ability|p1b: Empoleon|Plus|Competitive|[from] move: Entrainment|[of] p1a: Dedenne
|move|p1b: Empoleon|Hydro Pump|p2b: Charizard
|-supereffective|p2b: Charizard|1
|-damage|p2b: Charizard|1/100 par
|-damage|p1b: Empoleon|90/100|[from] item: Life Orb
|
|-weather|SunnyDay|[upkeep]
|upkeep
|turn|5
|
|t:|1785390004
|move|p1a: Dedenne|Protect|p1a: Dedenne
|-singleturn|p1a: Dedenne|Protect
|move|p2a: Venusaur|Earth Power|p1b: Empoleon
|-supereffective|p1b: Empoleon|1
|-damage|p1b: Empoleon|43/100
|-damage|p2a: Venusaur|31/100|[from] item: Life Orb
|move|p1b: Empoleon|Ice Beam|p2a: Venusaur
|-supereffective|p2a: Venusaur|1
|-damage|p2a: Venusaur|0 fnt
|faint|p2a: Venusaur
|-damage|p1b: Empoleon|33/100|[from] item: Life Orb
|move|p2b: Charizard|Heat Wave|p1b: Empoleon|[spread] p1b
|-activate|p1a: Dedenne|move: Protect
|-damage|p1b: Empoleon|0 fnt
|faint|p1b: Empoleon
|
|-weather|SunnyDay|[upkeep]
|upkeep
|
|t:|1785390022
|switch|p2a: Incineroar|Incineroar, L50, M|73/100
|switch|p1b: Sceptile|Sceptile, L50, F|74/100
|-ability|p2a: Incineroar|Intimidate|boost
|-unboost|p1a: Dedenne|atk|1
|-unboost|p1b: Sceptile|atk|1
|turn|6
|
|t:|1785390044
|move|p1b: Sceptile|Leaf Storm|p2b: Charizard
|-resisted|p2b: Charizard|2
|-damage|p2b: Charizard|0 fnt
|-unboost|p1b: Sceptile|spa|2
|faint|p2b: Charizard
|move|p1a: Dedenne|Super Fang|p2a: Incineroar
|-damage|p2a: Incineroar|36/100
|-enditem|p2a: Incineroar|Sitrus Berry|[eat]
|-heal|p2a: Incineroar|61/100|[from] item: Sitrus Berry
|move|p2a: Incineroar|Flare Blitz|p1b: Sceptile
|-supereffective|p1b: Sceptile|1
|-damage|p1b: Sceptile|0 fnt
|faint|p1b: Sceptile
|-damage|p2a: Incineroar|43/100|[from] Recoil
|
|-weather|SunnyDay|[upkeep]
|upkeep
|
|t:|1785390058
|switch|p2b: Garchomp|Garchomp, L50, F|100/100
|turn|7
|
|t:|1785390073
|move|p2b: Garchomp|Stomping Tantrum|p1a: Dedenne
|-supereffective|p1a: Dedenne|1
|-enditem|p1a: Dedenne|Shuca Berry|[eat]
|-enditem|p1a: Dedenne|Shuca Berry|[weaken]
|-damage|p1a: Dedenne|0 fnt
|faint|p1a: Dedenne
|
|win|natsukivgc
