|j|☆amaro29
|j|☆AbadanRiyi92
|html|amaro29AbadanRiyi92    
|uhtml|bestof|Game 1 of a best-of-3
|t:|1785461822
|gametype|doubles
|player|p1|amaro29|cilan|1175
|player|p2|AbadanRiyi92|colress|1137
|gen|9
|tier|[Gen 9 Champions] VGC 2026 Reg M-B (Bo3)
|rated|
|rule|Species Clause: Limit one of each Pokémon
|rule|Item Clause: Limit 1 of each item
|clearpoke
|poke|p1|Swampert, L50, M|
|poke|p1|Pelipper, L50, F, shiny|
|poke|p1|Archaludon, L50, F|
|poke|p1|Gholdengo, L50|
|poke|p1|Grimmsnarl, L50, M, shiny|
|poke|p1|Sinistcha, L50|
|poke|p2|Gengar, L50, F, shiny|
|poke|p2|Maushold-Four, L50|
|poke|p2|Annihilape, L50, F|
|poke|p2|Incineroar, L50, M|
|poke|p2|Politoed, L50, F, shiny|
|poke|p2|Archaludon, L50, M|
|teampreview|4
|showteam|p1|Swampert||Swampertite|Torrent|WaveCrash,HighHorsepower,IcePunch,Protect|Adamant||M|||50|]Pelipper||FocusSash|Drizzle|WeatherBall,Tailwind,WideGuard,Hurricane|Modest||F|||50|]Archaludon||Leftovers|Stamina|ElectroShot,Protect,DragonPulse,FlashCannon|Modest||F|||50|]Gholdengo||ChoiceScarf|GoodasGold|ShadowBall,MakeItRain,PowerGem,Trick|Modest|||||50|]Grimmsnarl||LightClay|Prankster|SpiritBreak,PartingShot,LightScreen,Reflect|Careful||M|||50|]Sinistcha||SitrusBerry|Hospitality|MatchaGotcha,Protect,RagePowder,TrickRoom|Bold|||||50|
|showteam|p2|Gengar||Gengarite|CursedBody|ShadowBall,Disable,PerishSong,Protect|Timid||F|||50|]Maushold-Four||FocusSash|FriendGuard|FollowMe,Encore,BeatUp,Protect|Jolly|||||50|]Annihilape||RoseliBerry|Defiant|RageFist,CloseCombat,Taunt,Protect|Jolly||F|||50|]Incineroar||PasshoBerry|Intimidate|PartingShot,ThroatChop,Protect,FakeOut|Sassy||M|||50|]Politoed||SitrusBerry|Drizzle|WeatherBall,Encore,PerishSong,Protect|Calm||F|||50|]Archaludon||Leftovers|Stamina|DragonPulse,FlashCannon,ElectroShot,Protect|Bold||M|||50|
|inactive|Battle timer is ON: inactive players will automatically lose when time's up. (requested by AbadanRiyi92)
|
|t:|1785461908
|teamsize|p1|4
|teamsize|p2|4
|start
|switch|p1a: Sinistcha|Sinistcha, L50|100/100
|switch|p1b: Swampert|Swampert, L50, M|100/100
|switch|p2a: Maushold|Maushold-Four, L50|100/100
|switch|p2b: Annihilape|Annihilape, L50, F|100/100
|turn|1
|inactive|amaro29 has 30 seconds left.
|inactive|AbadanRiyi92 has 30 seconds left.
|inactive|AbadanRiyi92 has 20 seconds left.
|inactive|AbadanRiyi92 has 15 seconds left.
|
|t:|1785461950
|switch|p2a: Incineroar|Incineroar, L50, M|100/100
|-ability|p2a: Incineroar|Intimidate|boost
|-unboost|p1a: Sinistcha|atk|1
|-unboost|p1b: Swampert|atk|1
|detailschange|p1b: Swampert|Swampert-Mega, L50, M
|-mega|p1b: Swampert|Swampert|Swampertite
|move|p2b: Annihilape|Taunt|p1a: Sinistcha
|-start|p1a: Sinistcha|move: Taunt
|move|p1b: Swampert|High Horsepower|p2a: Incineroar
|-supereffective|p2a: Incineroar|1
|-damage|p2a: Incineroar|34/100
|move|p1a: Sinistcha|Matcha Gotcha|p2a: Incineroar|[spread] p2a,p2b
|-resisted|p2a: Incineroar|1
|-damage|p2a: Incineroar|25/100
|-damage|p2b: Annihilape|72/100
|
|upkeep
|turn|2
|l|☆amaro29
|inactive|amaro29 disconnected and has a minute to reconnect!
|player|p1|
|inactive|amaro29 has 30 seconds left.
|inactive|amaro29 has 20 seconds left.
|j|☆amaro29
|inactive|amaro29 reconnected and has 20 seconds left.
|player|p1|amaro29|cilan|
|inactive|amaro29 has 15 seconds left.
|inactive|amaro29 has 10 seconds left.
|
|t:|1785462000
|move|p2a: Incineroar|Fake Out|p1b: Swampert
|-damage|p1b: Swampert|90/100
|move|p2b: Annihilape|Rage Fist|p1a: Sinistcha
|-supereffective|p1a: Sinistcha|1
|-damage|p1a: Sinistcha|18/100
|-enditem|p1a: Sinistcha|Sitrus Berry|[eat]
|-heal|p1a: Sinistcha|43/100|[from] item: Sitrus Berry
|cant|p1b: Swampert|flinch
|move|p1a: Sinistcha|Matcha Gotcha|p2a: Incineroar|[spread] p2a,p2b
|-resisted|p2a: Incineroar|1
|-damage|p2a: Incineroar|16/100
|-heal|p1a: Sinistcha|48/100|[from] drain|[of] p2a: Incineroar
|-damage|p2b: Annihilape|44/100
|-heal|p1a: Sinistcha|63/100|[from] drain|[of] p2b: Annihilape
|-status|p2b: Annihilape|brn
|
|-damage|p2b: Annihilape|39/100 brn|[from] brn
|upkeep
|turn|3
|inactive|AbadanRiyi92 has 30 seconds left.
|inactive|amaro29 has 30 seconds left.
|inactive|AbadanRiyi92 has 20 seconds left.
|
|t:|1785462041
|switch|p2a: Archaludon|Archaludon, L50, M|100/100
|move|p2b: Annihilape|Rage Fist|p1a: Sinistcha
|-supereffective|p1a: Sinistcha|1
|-damage|p1a: Sinistcha|3/100
|move|p1b: Swampert|Wave Crash|p2b: Annihilape
|-damage|p2b: Annihilape|0 fnt
|faint|p2b: Annihilape
|-damage|p1b: Swampert|78/100|[from] Recoil
|move|p1a: Sinistcha|Matcha Gotcha|p2a: Archaludon|[miss]
|-miss|p1a: Sinistcha|p2a: Archaludon
|
|-end|p1a: Sinistcha|move: Taunt
|upkeep
|
|t:|1785462060
|switch|p2b: Maushold|Maushold-Four, L50|100/100
|turn|4
|inactive|amaro29 has 30 seconds left.
|
|t:|1785462092
|move|p1a: Sinistcha|Rage Powder|p1a: Sinistcha
|-singleturn|p1a: Sinistcha|move: Rage Powder
|move|p2b: Maushold|Beat Up|p1a: Sinistcha
|-supereffective|p1a: Sinistcha|1
|-damage|p1a: Sinistcha|0 fnt
|faint|p1a: Sinistcha
|-hitcount|p1: Sinistcha|1
|move|p2a: Archaludon|Dragon Pulse|p1b: Swampert
|-damage|p1b: Swampert|47/100
|move|p1b: Swampert|High Horsepower|p2b: Maushold
|-damage|p2b: Maushold|44/100
|
|upkeep
|
|t:|1785462102
|switch|p1a: Pelipper|Pelipper, L50, F, shiny|100/100
|-weather|RainDance|[from] ability: Drizzle|[of] p1a: Pelipper
|turn|5
|
|t:|1785462124
|switch|p1b: Archaludon|Archaludon, L50, F|100/100
|switch|p2b: Incineroar|Incineroar, L50, M|16/100
|-ability|p2b: Incineroar|Intimidate|boost
|-unboost|p1a: Pelipper|atk|1
|-unboost|p1b: Archaludon|atk|1
|move|p1a: Pelipper|Hurricane|p2a: Archaludon
|-resisted|p2a: Archaludon|1
|-damage|p2a: Archaludon|74/100
|-start|p2a: Archaludon|confusion
|-ability|p2a: Archaludon|Stamina|boost
|-boost|p2a: Archaludon|def|1
|-activate|p2a: Archaludon|confusion
|-damage|p2a: Archaludon|71/100|[from] confusion
|
|-weather|RainDance|[upkeep]
|-heal|p2a: Archaludon|77/100|[from] item: Leftovers
|upkeep
|turn|6
|inactive|amaro29 has 30 seconds left.
|inactive|AbadanRiyi92 has 30 seconds left.
|c|☆AbadanRiyi92|lol the burn, the confusion, the confusion conects
|inactive|AbadanRiyi92 has 20 seconds left.
|inactive|AbadanRiyi92 has 15 seconds left.
|
|t:|1785462165
|move|p2b: Incineroar|Fake Out|p1a: Pelipper
|-damage|p1a: Pelipper|86/100
|cant|p1a: Pelipper|flinch
|move|p1b: Archaludon|Electro Shot||[still]
|-prepare|p1b: Archaludon|Electro Shot
|-boost|p1b: Archaludon|spa|1
|-anim|p1b: Archaludon|Electro Shot|p2b: Incineroar
|-damage|p2b: Incineroar|0 fnt
|faint|p2b: Incineroar
|-activate|p2a: Archaludon|confusion
|move|p2a: Archaludon|Electro Shot||[still]
|-prepare|p2a: Archaludon|Electro Shot
|-boost|p2a: Archaludon|spa|1
|-anim|p2a: Archaludon|Electro Shot|p1b: Archaludon
|-resisted|p1b: Archaludon|1
|-damage|p1b: Archaludon|74/100
|-ability|p1b: Archaludon|Stamina|boost
|-boost|p1b: Archaludon|def|1
|
|-weather|RainDance|[upkeep]
|-heal|p1b: Archaludon|80/100|[from] item: Leftovers
|-heal|p2a: Archaludon|83/100|[from] item: Leftovers
|upkeep
|
|t:|1785462183
|switch|p2b: Maushold|Maushold-Four, L50|44/100
|turn|7
|
|t:|1785462195
|move|p2b: Maushold|Encore|p1b: Archaludon
|-start|p1b: Archaludon|Encore
|move|p1a: Pelipper|Hurricane|p2b: Maushold
|-damage|p2b: Maushold|0 fnt
|faint|p2b: Maushold
|move|p1b: Archaludon|Electro Shot||[still]
|-prepare|p1b: Archaludon|Electro Shot
|-boost|p1b: Archaludon|spa|1
|-anim|p1b: Archaludon|Electro Shot|p2a: Archaludon
|-resisted|p2a: Archaludon|1
|-damage|p2a: Archaludon|45/100
|-ability|p2a: Archaludon|Stamina|boost
|-boost|p2a: Archaludon|def|1
|-end|p2a: Archaludon|confusion
|move|p2a: Archaludon|Electro Shot||[still]
|-prepare|p2a: Archaludon|Electro Shot
|-boost|p2a: Archaludon|spa|1
|-anim|p2a: Archaludon|Electro Shot|p1a: Pelipper
|-supereffective|p1a: Pelipper|2
|-damage|p1a: Pelipper|0 fnt
|faint|p1a: Pelipper
|
|-weather|RainDance|[upkeep]
|-heal|p1b: Archaludon|86/100|[from] item: Leftovers
|-heal|p2a: Archaludon|51/100|[from] item: Leftovers
|upkeep
|
|t:|1785462215
|switch|p1a: Swampert|Swampert-Mega, L50, M|47/100
|turn|8
|inactive|AbadanRiyi92 has 30 seconds left.
|
|t:|1785462244
|move|p2a: Archaludon|Protect|p2a: Archaludon
|-singleturn|p2a: Archaludon|Protect
|move|p1a: Swampert|High Horsepower|p2a: Archaludon
|-activate|p2a: Archaludon|move: Protect
|move|p1b: Archaludon|Electro Shot||[still]
|-prepare|p1b: Archaludon|Electro Shot
|-boost|p1b: Archaludon|spa|1
|-anim|p1b: Archaludon|Electro Shot|p2a: Archaludon
|-activate|p2a: Archaludon|move: Protect
|
|-weather|RainDance|[upkeep]
|-heal|p1b: Archaludon|92/100|[from] item: Leftovers
|-heal|p2a: Archaludon|57/100|[from] item: Leftovers
|upkeep
|turn|9
|
|t:|1785462258
|move|p1a: Swampert|High Horsepower|p2a: Archaludon
|-supereffective|p2a: Archaludon|1
|-damage|p2a: Archaludon|17/100
|-ability|p2a: Archaludon|Stamina|boost
|-boost|p2a: Archaludon|def|1
|move|p1b: Archaludon|Electro Shot||[still]
|-prepare|p1b: Archaludon|Electro Shot
|-boost|p1b: Archaludon|spa|1
|-anim|p1b: Archaludon|Electro Shot|p2a: Archaludon
|-resisted|p2a: Archaludon|1
|-damage|p2a: Archaludon|0 fnt
|faint|p2a: Archaludon
|
|win|amaro29
||amaro29 is ready for game 2.
