|j|☆Hemz0 0
|j|☆realslim19
|html|Hemz0 0realslim19    
|uhtml|bestof|Game 3 of a best-of-3
|t:|1755809171
|gametype|doubles
|player|p1|Hemz0 0|depotagent|1245
|player|p2|realslim19|richboy-gen4|1241
|gen|9
|tier|[Gen 9] VGC 2025 Reg H (Bo3)
|rated|
|rule|Species Clause: Limit one of each Pokémon
|rule|Item Clause: Limit 1 of each item
|clearpoke
|poke|p1|Ninetales-Alola, L50, F|
|poke|p1|Garchomp, L50, F|
|poke|p1|Dragonite, L50, M|
|poke|p1|Sneasler, L50, M|
|poke|p1|Kingambit, L50, M|
|poke|p1|Amoonguss, L50, F|
|poke|p2|Porygon2, L50|
|poke|p2|Incineroar, L50, M|
|poke|p2|Ursaluna, L50, M|
|poke|p2|Jumpluff, L50, F|
|poke|p2|Charizard, L50, F|
|poke|p2|Torkoal, L50, F|
|teampreview|4
|showteam|p1|Ninetales-Alola||ChoiceSpecs|SnowWarning|Blizzard,Moonblast,FreezeDry,IcyWind|||F|||50|,,,,,Ice]Garchomp||ClearAmulet|RoughSkin|StompingTantrum,Earthquake,DragonClaw,Protect|||F|||50|,,,,,Steel]Dragonite||LoadedDice|Multiscale|ScaleShot,ExtremeSpeed,Haze,Tailwind|||M|||50|,,,,,Steel]Sneasler||FocusSash|PoisonTouch|DireClaw,CloseCombat,Coaching,FakeOut|||M|||50|,,,,,Ghost]Kingambit||AssaultVest|Defiant|KowtowCleave,IronHead,SuckerPunch,LowKick|||M|||50|,,,,,Water]Amoonguss||CovertCloak|Regenerator|PollenPuff,Protect,RagePowder,Spore|||F|||50|,,,,,Fairy
|showteam|p2|Porygon2||Eviolite|Download|TeraBlast,IceBeam,TrickRoom,Recover||||||50|,,,,,Electric]Incineroar||AssaultVest|Intimidate|FakeOut,KnockOff,FlareBlitz,Uturn|||M|||50|,,,,,Grass]Ursaluna||FlameOrb|Guts|HeadlongRush,Facade,Earthquake,Protect|||M|||50|,,,,,Ghost]Jumpluff||CovertCloak|Chlorophyll|RagePowder,SunnyDay,Tailwind,SleepPowder|||F|||50|,,,,,Fire]Charizard||ChoiceSpecs|SolarPower|WeatherBall,HeatWave,BlastBurn,DragonPulse|||F|||50|,,,,,Ghost]Torkoal||EjectPack|Drought|Overheat,Eruption,HelpingHand,Protect|||F|||50|,,,,,Grass
|inactive|Battle timer is ON: inactive players will automatically lose when time's up. (requested by realslim19)
|
|t:|1755809191
|teamsize|p1|4
|teamsize|p2|4
|start
|switch|p1a: Mocha|Garchomp, L50, F|100/100
|switch|p1b: Latte|Dragonite, L50, M|100/100
|switch|p2a: Jumpluff|Jumpluff, L50, F|100/100
|switch|p2b: Incineroar|Incineroar, L50, M|100/100
|-ability|p2b: Incineroar|Intimidate|boost
|-fail|p1a: Mocha|unboost|[from] item: Clear Amulet|[of] p1a: Mocha
|-unboost|p1b: Latte|atk|1
|turn|1
|inactive|Hemz0 0 has 30 seconds left.
|
|t:|1755809219
|-terastallize|p2b: Incineroar|Grass
|move|p1a: Mocha|Protect|p1a: Mocha
|-singleturn|p1a: Mocha|Protect
|move|p2a: Jumpluff|Sleep Powder|p1b: Latte
|-status|p1b: Latte|slp|[from] move: Sleep Powder
|cant|p1b: Latte|slp
|move|p2b: Incineroar|U-turn|p1b: Latte
|-resisted|p1b: Latte
|-damage|p1b: Latte|94/100 slp
|
|t:|1755809231
|switch|p2b: Torkoal|Torkoal, L50, F|100/100|[from] U-turn
|-weather|SunnyDay|[from] ability: Drought|[of] p2b: Torkoal
|
|-weather|SunnyDay|[upkeep]
|upkeep
|turn|2
|
|t:|1755809244
|move|p2a: Jumpluff|Sleep Powder|p1a: Mocha
|-status|p1a: Mocha|slp|[from] move: Sleep Powder
|cant|p1a: Mocha|slp
|-curestatus|p1b: Latte|slp|[msg]
|move|p1b: Latte|Scale Shot|p2b: Torkoal
|-damage|p2b: Torkoal|92/100
|-damage|p2b: Torkoal|84/100
|-damage|p2b: Torkoal|76/100
|-damage|p2b: Torkoal|69/100
|-damage|p2b: Torkoal|60/100
|-hitcount|p2b: Torkoal|5
|-unboost|p1b: Latte|def|1
|-boost|p1b: Latte|spe|1
|move|p2b: Torkoal|Overheat|p1a: Mocha
|-resisted|p1a: Mocha
|-damage|p1a: Mocha|53/100 slp
|-unboost|p2b: Torkoal|spa|2
|-enditem|p2b: Torkoal|Eject Pack
|
|t:|1755809258
|switch|p2b: Charizard|Charizard, L50, F|100/100
|
|-weather|SunnyDay|[upkeep]
|-damage|p2b: Charizard|88/100|[from] ability: Solar Power|[of] p2b: Charizard
|upkeep
|turn|3
|inactive|Hemz0 0 has 30 seconds left.
|inactive|Hemz0 0 has 20 seconds left.
|inactive|Hemz0 0 has 15 seconds left.
|inactive|Hemz0 0 has 10 seconds left.
|
|t:|1755809306
|switch|p1a: Cold Brew|Ninetales-Alola, L50, F|100/100
|-weather|Snowscape|[from] ability: Snow Warning|[of] p1a: Cold Brew
|move|p1b: Latte|Tailwind|p1b: Latte
|-sidestart|p1: Hemz0 0|move: Tailwind
|move|p2a: Jumpluff|Sleep Powder|p1b: Latte
|-status|p1b: Latte|slp|[from] move: Sleep Powder
|move|p2b: Charizard|Weather Ball|p1a: Cold Brew
|-resisted|p1a: Cold Brew
|-damage|p1a: Cold Brew|74/100
|
|-weather|Snowscape|[upkeep]
|upkeep
|turn|4
|
|t:|1755809328
|switch|p2a: Torkoal|Torkoal, L50, F|60/100
|-weather|SunnyDay|[from] ability: Drought|[of] p2a: Torkoal
|cant|p1b: Latte|slp
|move|p1a: Cold Brew|Blizzard|p2b: Charizard|[spread] p2a
|-miss|p1a: Cold Brew|p2b: Charizard
|-resisted|p2a: Torkoal
|-damage|p2a: Torkoal|33/100
|move|p2b: Charizard|Weather Ball|p1a: Cold Brew
|-supereffective|p1a: Cold Brew
|-damage|p1a: Cold Brew|0 fnt
|faint|p1a: Cold Brew
|
|-weather|SunnyDay|[upkeep]
|-damage|p2b: Charizard|76/100|[from] ability: Solar Power|[of] p2b: Charizard
|upkeep
|
|t:|1755809343
|switch|p1a: Mocha|Garchomp, L50, F|53/100 slp
|turn|5
|
|t:|1755809348
|switch|p2a: Incineroar|Incineroar, L50, M, tera:Grass|100/100
|-ability|p2a: Incineroar|Intimidate|boost
|-fail|p1a: Mocha|unboost|[from] item: Clear Amulet|[of] p1a: Mocha
|-unboost|p1b: Latte|atk|1
|-curestatus|p1b: Latte|slp|[msg]
|move|p1b: Latte|Scale Shot|p2b: Charizard
|-damage|p2b: Charizard|64/100
|-damage|p2b: Charizard|52/100
|-damage|p2b: Charizard|42/100
|-damage|p2b: Charizard|32/100
|-damage|p2b: Charizard|21/100
|-hitcount|p2b: Charizard|5
|-unboost|p1b: Latte|def|1
|-boost|p1b: Latte|spe|1
|cant|p1a: Mocha|slp
|move|p2b: Charizard|Weather Ball|p1a: Mocha
|-resisted|p1a: Mocha
|-damage|p1a: Mocha|0 fnt
|faint|p1a: Mocha
|
|-weather|SunnyDay|[upkeep]
|-damage|p2b: Charizard|9/100|[from] ability: Solar Power|[of] p2b: Charizard
|upkeep
|
|t:|1755809367
|switch|p1a: Cappuccino|Sneasler, L50, M|100/100
|turn|6
|inactive|realslim19 has 30 seconds left.
|
|t:|1755809397
|switch|p2b: Torkoal|Torkoal, L50, F|33/100
|move|p1a: Cappuccino|Fake Out|p2a: Incineroar
|-damage|p2a: Incineroar|87/100
|cant|p2a: Incineroar|flinch
|move|p1b: Latte|Haze|p1b: Latte
|-clearallboost
|
|-weather|SunnyDay|[upkeep]
|-sideend|p1: Hemz0 0|move: Tailwind
|upkeep
|turn|7
|inactive|Hemz0 0 has 30 seconds left.
|
|t:|1755809425
|move|p1a: Cappuccino|Dire Claw|p2a: Incineroar
|-supereffective|p2a: Incineroar
|-damage|p2a: Incineroar|4/100
|move|p1b: Latte|Scale Shot|p2b: Torkoal
|-damage|p2b: Torkoal|23/100
|-damage|p2b: Torkoal|11/100
|-damage|p2b: Torkoal|0 fnt
|faint|p2b: Torkoal
|-hitcount|p2: Torkoal|3
|-unboost|p1b: Latte|def|1
|-boost|p1b: Latte|spe|1
|move|p2a: Incineroar|U-turn|p1a: Cappuccino
|-resisted|p1a: Cappuccino
|-damage|p1a: Cappuccino|90/100
|
|t:|1755809432
|switch|p2a: Jumpluff|Jumpluff, L50, F|100/100|[from] U-turn
|
|-weather|SunnyDay|[upkeep]
|upkeep
|
|t:|1755809434
|switch|p2b: Incineroar|Incineroar, L50, M, tera:Grass|4/100
|-ability|p2b: Incineroar|Intimidate|boost
|-unboost|p1a: Cappuccino|atk|1
|-unboost|p1b: Latte|atk|1
|turn|8
|inactive|realslim19 has 30 seconds left.
|inactive|realslim19 has 20 seconds left.
|inactive|realslim19 has 15 seconds left.
|inactive|realslim19 has 10 seconds left.
|
|t:|1755809480
|-terastallize|p1a: Cappuccino|Ghost
|move|p1b: Latte|Extreme Speed|p2b: Incineroar
|-damage|p2b: Incineroar|0 fnt
|faint|p2b: Incineroar
|move|p2a: Jumpluff|Sleep Powder|p1a: Cappuccino
|-status|p1a: Cappuccino|slp|[from] move: Sleep Powder
|cant|p1a: Cappuccino|slp
|
|-weather|none
|upkeep
|
|t:|1755809487
|switch|p2b: Charizard|Charizard, L50, F|9/100
|turn|9
|c|☆Hemz0 0|gg
|inactive|realslim19 has 30 seconds left.
|
|t:|1755809520
|move|p1b: Latte|Extreme Speed|p2b: Charizard
|-damage|p2b: Charizard|0 fnt
|faint|p2b: Charizard
|move|p2a: Jumpluff|Rage Powder|p2a: Jumpluff
|-singleturn|p2a: Jumpluff|move: Rage Powder
|cant|p1a: Cappuccino|slp
|
|upkeep
|turn|10
|-message|realslim19 forfeited.
|
|win|Hemz0 0
|raw|Hemz0 0's rating: 1245 → 1270(+25 for winning)
|raw|realslim19's rating: 1241 → 1216(-25 for losing)
|l|☆realslim19
|player|p2|
