|j|☆chochitos gustar
|j|☆palle synchro
|html|chochitos gustarpalle synchro    
|uhtml|bestof|Game 3 of a best-of-3
|t:|1757009809
|gametype|doubles
|player|p1|chochitos gustar|rosa|1330
|player|p2|palle synchro|volkner|1444
|gen|9
|tier|[Gen 9] VGC 2025 Reg H (Bo3)
|rated|
|rule|Species Clause: Limit one of each Pokémon
|rule|Item Clause: Limit 1 of each item
|clearpoke
|poke|p1|Pelipper, L50, M|
|poke|p1|Archaludon, L50, M|
|poke|p1|Basculegion, L50, M|
|poke|p1|Amoonguss, L50, F|
|poke|p1|Klefki, L50, M|
|poke|p1|Annihilape, L50, F|
|poke|p2|Whimsicott, L50, F|
|poke|p2|Arcanine-Hisui, L50, F|
|poke|p2|Indeedee, L50, M|
|poke|p2|Sneasler, L50, F|
|poke|p2|Ursaluna-Bloodmoon, L50, M|
|poke|p2|Archaludon, L50, M|
|teampreview|4
|showteam|p1|Pelipper||FocusSash|Drizzle|Tailwind,Hurricane,WeatherBall,Protect|||M|||50|,,,,,Stellar]Archaludon||AssaultVest|Stamina|ElectroShot,BodyPress,FlashCannon,DragonPulse|||M|||50|,,,,,Fairy]Basculegion||ChoiceBand|SwiftSwim|LastRespects,WaveCrash,AquaJet,FlipTurn|||M|||50|,,,,,Water]Amoonguss||SitrusBerry|Regenerator|Spore,RagePowder,PollenPuff,ClearSmog|||F|||50|,,,,,Fire]Klefki||LightClay|Prankster|DazzlingGleam,ThunderWave,Reflect,LightScreen|||M|||50|,,,,,Ghost]Annihilape||Leftovers|Defiant|DrainPunch,RageFist,BulkUp,Protect|||F|||50|,,,,,Fire
|showteam|p2|Whimsicott||CovertCloak|Prankster|Moonblast,Taunt,Tailwind,FakeTears|||F|||50|,,,,,Water]Arcanine-Hisui||ClearAmulet|Intimidate|RockSlide,FlareBlitz,ExtremeSpeed,Protect|||F|||50|,,,,,Ghost]Indeedee||FocusSash|PsychicSurge|ExpandingForce,TeraBlast,Imprison,TrickRoom|||M|||50|,,,,,Psychic]Sneasler||PsychicSeed|Unburden|CloseCombat,DireClaw,ThroatChop,Protect|||F|||50|,,,,,Dark]Ursaluna-Bloodmoon||LifeOrb|MindsEye|HyperVoice,BloodMoon,EarthPower,Protect|||M|||50|,,,,,Normal]Archaludon||PowerHerb|Stalwart|ElectroShot,DragonPulse,Thunderbolt,Protect|||M|||50|,,,,,Electric
|inactive|Battle timer is ON: inactive players will automatically lose when time's up. (requested by palle synchro)
|inactive|chochitos gustar has 60 seconds left.
|
|t:|1757009845
|teamsize|p1|4
|teamsize|p2|4
|start
|switch|p1a: Pelipper|Pelipper, L50, M|100/100
|switch|p1b: Archaludon|Archaludon, L50, M, shiny|100/100
|switch|p2a: Whimsicott|Whimsicott, L50, F|100/100
|switch|p2b: Ursaluna|Ursaluna-Bloodmoon, L50, M|100/100
|-weather|RainDance|[from] ability: Drizzle|[of] p1a: Pelipper
|turn|1
|
|t:|1757009858
|-terastallize|p1b: Archaludon|Fairy
|move|p2a: Whimsicott|Tailwind|p2a: Whimsicott
|-sidestart|p2: palle synchro|move: Tailwind
|move|p2b: Ursaluna|Earth Power|p1b: Archaludon
|-damage|p1b: Archaludon|52/100
|-ability|p1b: Archaludon|Stamina|boost
|-boost|p1b: Archaludon|def|1
|-damage|p2b: Ursaluna|91/100|[from] item: Life Orb
|move|p1a: Pelipper|Weather Ball|p2b: Ursaluna
|-supereffective|p2b: Ursaluna
|-damage|p2b: Ursaluna|0 fnt
|faint|p2b: Ursaluna
|move|p1b: Archaludon|Electro Shot||[still]
|-prepare|p1b: Archaludon|Electro Shot
|-boost|p1b: Archaludon|spa|1
|-anim|p1b: Archaludon|Electro Shot|p2a: Whimsicott
|-resisted|p2a: Whimsicott
|-damage|p2a: Whimsicott|58/100
|
|-weather|RainDance|[upkeep]
|upkeep
|
|t:|1757009865
|switch|p2b: Archaludon|Archaludon, L50, M|100/100
|turn|2
|
|t:|1757009884
|switch|p1b: Amoonguss|Amoonguss, L50, F|100/100
|move|p2a: Whimsicott|Taunt|p1a: Pelipper
|-start|p1a: Pelipper|move: Taunt
|move|p2b: Archaludon|Electro Shot||[still]
|-prepare|p2b: Archaludon|Electro Shot
|-boost|p2b: Archaludon|spa|1
|-anim|p2b: Archaludon|Electro Shot|p1b: Amoonguss
|-resisted|p1b: Amoonguss
|-damage|p1b: Amoonguss|69/100
|move|p1a: Pelipper|Hurricane|p2a: Whimsicott
|-supereffective|p2a: Whimsicott
|-damage|p2a: Whimsicott|0 fnt
|faint|p2a: Whimsicott
|
|-weather|RainDance|[upkeep]
|upkeep
|
|t:|1757009887
|switch|p2a: Indeedee|Indeedee, L50, M|100/100
|-fieldstart|move: Psychic Terrain|[from] ability: Psychic Surge|[of] p2a: Indeedee
|turn|3
|
|t:|1757009912
|switch|p1a: Archaludon|Archaludon, L50, M, shiny, tera:Fairy|52/100
|-terastallize|p2a: Indeedee|Psychic
|move|p2a: Indeedee|Expanding Force|p1b: Amoonguss|[spread] p1a,p1b
|-supereffective|p1b: Amoonguss
|-damage|p1a: Archaludon|0 fnt
|-damage|p1b: Amoonguss|0 fnt
|faint|p1a: Archaludon
|faint|p1b: Amoonguss
|move|p2b: Archaludon|Electro Shot||[still]
|-prepare|p2b: Archaludon|Electro Shot
|-boost|p2b: Archaludon|spa|1
|-anim|p2b: Archaludon|Electro Shot|p1: Archaludon|[notarget]
|-fail|p2b: Archaludon
|
|-weather|RainDance|[upkeep]
|upkeep
|
|t:|1757009919
|switch|p1a: Basculegion|Basculegion, L50, M|100/100
|switch|p1b: Pelipper|Pelipper, L50, M|100/100
|turn|4
|
|t:|1757009933
|move|p2a: Indeedee|Expanding Force|p1a: Basculegion|[spread] p1a,p1b
|-damage|p1a: Basculegion|13/100
|-enditem|p1b: Pelipper|Focus Sash
|-damage|p1b: Pelipper|1/100
|move|p2b: Archaludon|Electro Shot||[still]
|-prepare|p2b: Archaludon|Electro Shot
|-boost|p2b: Archaludon|spa|1
|-anim|p2b: Archaludon|Electro Shot|p1a: Basculegion
|-supereffective|p1a: Basculegion
|-damage|p1a: Basculegion|0 fnt
|faint|p1a: Basculegion
|move|p1b: Pelipper|Weather Ball|p2b: Archaludon
|-resisted|p2b: Archaludon
|-damage|p2b: Archaludon|52/100
|
|-weather|RainDance|[upkeep]
|-sideend|p2: palle synchro|move: Tailwind
|upkeep
|turn|5
|-message|chochitos gustar forfeited.
|
|win|palle synchro
|raw|chochitos gustar's rating: 1330 → 1316(-14 for losing)
|raw|palle synchro's rating: 1444 → 1458(+14 for winning)
