|j|☆hydropee
|j|☆Coldspice58
|html|hydropeeColdspice58    
|uhtml|bestof|Game 2 of a best-of-3
|t:|1757843406
|gametype|doubles
|player|p1|hydropee|policeman-gen4|1065
|player|p2|Coldspice58|cynthia-gen4|1167
|gen|9
|tier|[Gen 9] VGC 2025 Reg H (Bo3)
|rated|
|rule|Species Clause: Limit one of each Pokémon
|rule|Item Clause: Limit 1 of each item
|clearpoke
|poke|p1|Sinistcha-Masterpiece, L50|
|poke|p1|Hatterene, L50, F|
|poke|p1|Indeedee-F, L50, F|
|poke|p1|Ursaluna, L50, F|
|poke|p1|Armarouge, L50, M|
|poke|p1|Incineroar, L50, M|
|poke|p2|Venusaur, L50, M|
|poke|p2|Incineroar, L50, M|
|poke|p2|Ursaluna, L50, M|
|poke|p2|Charizard, L50, M|
|poke|p2|Murkrow, L50, M|
|poke|p2|Sneasler, L50, F|
|teampreview|4
|showteam|p1|Sinistcha-Masterpiece||SitrusBerry|Hospitality|TrickRoom,MatchaGotcha,Protect,LifeDew||||||50|,,,,,Water]Hatterene||LifeOrb|MagicBounce|DazzlingGleam,ExpandingForce,Protect,CalmMind|||F|||50|,,,,,Steel]Indeedee-F||PsychicSeed|PsychicSurge|Protect,TrickRoom,HyperVoice,FollowMe|||F|||50|,,,,,Fairy]Ursaluna||FlameOrb|Guts|Facade,Protect,HammerArm,HelpingHand|||F|||50|,,,,,Flying]Armarouge||ChoiceScarf|FlashFire|ExpandingForce,ArmorCannon,ShadowBall,Overheat|||M|||50|,,,,,Grass]Incineroar||SafetyGoggles|Intimidate|KnockOff,Protect,PartingShot,FakeOut|||M|||50|,,,,,Ghost
|showteam|p2|Venusaur||CovertCloak|Chlorophyll|SleepPowder,SludgeBomb,WeatherBall,GigaDrain|||M|||50|,,,,,Fire]Incineroar||SafetyGoggles|Intimidate|PartingShot,FakeOut,KnockOff,FlareBlitz|||M|||50|,,,,,Water]Ursaluna||FlameOrb|Guts|Facade,HeadlongRush,Earthquake,Protect|||M|||50|,,,,,Ghost]Charizard||LifeOrb|SolarPower|Protect,AirSlash,HeatWave,Overheat|||M|||50|,,,,,Fire]Murkrow||Eviolite|Prankster|FoulPlay,Tailwind,SunnyDay,Haze|||M|||50|,,,,,Ghost]Sneasler||FocusSash|Unburden|FakeOut,DireClaw,CloseCombat,Protect|||F|||50|,,,,,Stellar
|inactive|Battle timer is ON: inactive players will automatically lose when time's up. (requested by Coldspice58)
|
|t:|1757843430
|teamsize|p1|4
|teamsize|p2|4
|start
|switch|p1a: Sinistcha|Sinistcha-Masterpiece, L50|100/100
|switch|p1b: Incineroar|Incineroar, L50, M|100/100
|switch|p2a: Charizard|Charizard, L50, M|100/100
|switch|p2b: Murkrow|Murkrow, L50, M|100/100
|-ability|p1b: Incineroar|Intimidate|boost
|-unboost|p2a: Charizard|atk|1
|-unboost|p2b: Murkrow|atk|1
|turn|1
|inactive|Coldspice58 has 30 seconds left.
|inactive|Coldspice58 has 20 seconds left.
|
|t:|1757843466
|switch|p2a: Venusaur|Venusaur, L50, M|100/100
|-terastallize|p1a: Sinistcha|Water
|move|p1b: Incineroar|Fake Out|p2b: Murkrow
|-damage|p2b: Murkrow|89/100
|cant|p2b: Murkrow|flinch
|move|p1a: Sinistcha|Trick Room|p1a: Sinistcha
|-fieldstart|move: Trick Room|[of] p1a: Sinistcha
|
|upkeep
|turn|2
|inactive|hydropee has 30 seconds left.
|inactive|Coldspice58 has 30 seconds left.
|
|t:|1757843499
|switch|p1a: Armarouge|Armarouge, L50, M|100/100
|move|p1b: Incineroar|Parting Shot|p2a: Venusaur
|-unboost|p2a: Venusaur|atk|1
|-unboost|p2a: Venusaur|spa|1
|
|t:|1757843506
|switch|p1b: Ursaluna|Ursaluna, L50, F|100/100|[from] Parting Shot
|move|p2a: Venusaur|Giga Drain|p1a: Armarouge
|-resisted|p1a: Armarouge
|-damage|p1a: Armarouge|86/100
|move|p2b: Murkrow|Foul Play|p1b: Ursaluna
|-damage|p1b: Ursaluna|62/100
|
|-status|p1b: Ursaluna|brn|[from] item: Flame Orb
|upkeep
|turn|3
|inactive|Coldspice58 has 30 seconds left.
|inactive|Coldspice58 has 20 seconds left.
|inactive|Coldspice58 has 15 seconds left.
|
|t:|1757843546
|switch|p2a: Incineroar|Incineroar, L50, M|100/100
|-ability|p2a: Incineroar|Intimidate|boost
|-unboost|p1a: Armarouge|atk|1
|-unboost|p1b: Ursaluna|atk|1
|move|p1b: Ursaluna|Facade|p2a: Incineroar
|-damage|p2a: Incineroar|27/100
|move|p2b: Murkrow|Foul Play|p1b: Ursaluna
|-damage|p1b: Ursaluna|34/100 brn
|move|p1a: Armarouge|Armor Cannon|p2b: Murkrow
|-damage|p2b: Murkrow|27/100
|-unboost|p1a: Armarouge|def|1
|-unboost|p1a: Armarouge|spd|1
|
|-damage|p1b: Ursaluna|28/100 brn|[from] brn
|upkeep
|turn|4
|inactive|hydropee has 30 seconds left.
|inactive|Coldspice58 has 30 seconds left.
|inactive|Coldspice58 has 20 seconds left.
|
|t:|1757843583
|switch|p1a: Sinistcha|Sinistcha-Masterpiece, L50, tera:Water|100/100
|-heal|p1b: Ursaluna|53/100 brn|[from] ability: Hospitality|[of] p1a: Sinistcha
|move|p2a: Incineroar|Fake Out|p1b: Ursaluna
|-damage|p1b: Ursaluna|44/100 brn
|cant|p1b: Ursaluna|flinch
|move|p2b: Murkrow|Foul Play|p1a: Sinistcha
|-damage|p1a: Sinistcha|86/100
|
|-damage|p1b: Ursaluna|38/100 brn|[from] brn
|upkeep
|turn|5
|inactive|hydropee has 30 seconds left.
|inactive|Coldspice58 has 30 seconds left.
|inactive|Coldspice58 has 20 seconds left.
|
|t:|1757843621
|move|p1b: Ursaluna|Facade|p2a: Incineroar
|-damage|p2a: Incineroar|0 fnt
|faint|p2a: Incineroar
|move|p1a: Sinistcha|Life Dew|p1a: Sinistcha|[spread] p1a,p1b
|-heal|p1a: Sinistcha|100/100
|-heal|p1b: Ursaluna|63/100 brn
|move|p2b: Murkrow|Foul Play|p1b: Ursaluna
|-damage|p1b: Ursaluna|33/100 brn
|
|-damage|p1b: Ursaluna|28/100 brn|[from] brn
|-fieldend|move: Trick Room
|upkeep
|
|t:|1757843639
|switch|p2a: Venusaur|Venusaur, L50, M|100/100
|turn|6
|
|t:|1757843658
|switch|p1a: Incineroar|Incineroar, L50, M|100/100
|-ability|p1a: Incineroar|Intimidate|boost
|-unboost|p2a: Venusaur|atk|1
|-unboost|p2b: Murkrow|atk|1
|switch|p1b: Armarouge|Armarouge, L50, M|86/100
|move|p2b: Murkrow|Sunny Day|p2b: Murkrow
|-weather|SunnyDay
|move|p2a: Venusaur|Sleep Powder|p1a: Incineroar
|-activate|p1a: Incineroar|item: Safety Goggles|Sleep Powder
|
|-weather|SunnyDay|[upkeep]
|upkeep
|turn|7
|
|t:|1757843681
|switch|p2b: Charizard|Charizard, L50, M|100/100
|-terastallize|p2a: Venusaur|Fire
|move|p1a: Incineroar|Fake Out|p2a: Venusaur
|-damage|p2a: Venusaur|87/100
|move|p2a: Venusaur|Sludge Bomb|p1b: Armarouge
|-damage|p1b: Armarouge|25/100
|-status|p1b: Armarouge|psn
|move|p1b: Armarouge|Armor Cannon|p2a: Venusaur
|-resisted|p2a: Venusaur
|-damage|p2a: Venusaur|39/100
|-unboost|p1b: Armarouge|def|1
|-unboost|p1b: Armarouge|spd|1
|
|-weather|SunnyDay|[upkeep]
|-damage|p2b: Charizard|88/100|[from] ability: Solar Power|[of] p2b: Charizard
|-damage|p1b: Armarouge|13/100 psn|[from] psn
|upkeep
|turn|8
|inactive|hydropee has 30 seconds left.
|inactive|Coldspice58 has 30 seconds left.
|
|t:|1757843715
|switch|p2a: Murkrow|Murkrow, L50, M|27/100
|switch|p1b: Sinistcha|Sinistcha-Masterpiece, L50, tera:Water|100/100
|move|p2b: Charizard|Air Slash|p1a: Incineroar|[miss]
|-miss|p2b: Charizard|p1a: Incineroar
|move|p1a: Incineroar|Knock Off|p2a: Murkrow
|-resisted|p2a: Murkrow
|-damage|p2a: Murkrow|6/100
|-enditem|p2a: Murkrow|Eviolite|[from] move: Knock Off|[of] p1a: Incineroar
|
|-weather|SunnyDay|[upkeep]
|-damage|p2b: Charizard|76/100|[from] ability: Solar Power|[of] p2b: Charizard
|upkeep
|turn|9
|
|t:|1757843736
|move|p2b: Charizard|Air Slash|p1b: Sinistcha
|-damage|p1b: Sinistcha|25/100
|-enditem|p1b: Sinistcha|Sitrus Berry|[eat]
|-heal|p1b: Sinistcha|50/100|[from] item: Sitrus Berry
|-damage|p2b: Charizard|66/100|[from] item: Life Orb
|move|p2a: Murkrow|Foul Play|p1b: Sinistcha
|-damage|p1b: Sinistcha|36/100
|move|p1a: Incineroar|Parting Shot|p2b: Charizard
|-unboost|p2b: Charizard|atk|1
|-unboost|p2b: Charizard|spa|1
|
|t:|1757843747
|switch|p1a: Ursaluna|Ursaluna, L50, F|28/100 brn|[from] Parting Shot
|move|p1b: Sinistcha|Trick Room|p1b: Sinistcha
|-fieldstart|move: Trick Room|[of] p1b: Sinistcha
|
|-weather|SunnyDay|[upkeep]
|-damage|p2b: Charizard|54/100|[from] ability: Solar Power|[of] p2b: Charizard
|-damage|p1a: Ursaluna|22/100 brn|[from] brn
|upkeep
|turn|10
|inactive|hydropee has 30 seconds left.
|
|t:|1757843775
|move|p1a: Ursaluna|Facade|p2b: Charizard
|-damage|p2b: Charizard|0 fnt
|faint|p2b: Charizard
|move|p1b: Sinistcha|Life Dew|p1b: Sinistcha|[spread] p1a,p1b
|-heal|p1a: Ursaluna|46/100 brn
|-heal|p1b: Sinistcha|61/100
|move|p2a: Murkrow|Foul Play|p1a: Ursaluna
|-damage|p1a: Ursaluna|6/100 brn
|
|-weather|none
|-damage|p1a: Ursaluna|0 fnt|[from] brn
|faint|p1a: Ursaluna
|upkeep
|
|t:|1757843790
|switch|p1a: Incineroar|Incineroar, L50, M|100/100
|switch|p2b: Venusaur|Venusaur, L50, M, tera:Fire|39/100
|-ability|p1a: Incineroar|Intimidate|boost
|-unboost|p2a: Murkrow|atk|1
|-unboost|p2b: Venusaur|atk|1
|turn|11
|
|t:|1757843805
|move|p1a: Incineroar|Fake Out|p2a: Murkrow
|-damage|p2a: Murkrow|0 fnt
|faint|p2a: Murkrow
|move|p1b: Sinistcha|Matcha Gotcha|p2b: Venusaur|[miss]
|-miss|p1b: Sinistcha|p2b: Venusaur
|move|p2b: Venusaur|Sleep Powder|p1b: Sinistcha
|-status|p1b: Sinistcha|slp|[from] move: Sleep Powder
|
|upkeep
|turn|12
|
|t:|1757843821
|move|p1a: Incineroar|Parting Shot|p2b: Venusaur
|-unboost|p2b: Venusaur|atk|1
|-unboost|p2b: Venusaur|spa|1
|
|t:|1757843824
|switch|p1a: Armarouge|Armarouge, L50, M|13/100 psn|[from] Parting Shot
|cant|p1b: Sinistcha|slp
|move|p2b: Venusaur|Sludge Bomb|p1a: Armarouge
|-damage|p1a: Armarouge|0 fnt
|faint|p1a: Armarouge
|
|upkeep
|
|t:|1757843834
|switch|p1a: Incineroar|Incineroar, L50, M|100/100
|-ability|p1a: Incineroar|Intimidate|boost
|-unboost|p2b: Venusaur|atk|1
|turn|13
|
|t:|1757843842
|move|p1a: Incineroar|Fake Out|p2b: Venusaur
|-crit|p2b: Venusaur
|-damage|p2b: Venusaur|18/100
|cant|p1b: Sinistcha|slp
|move|p2b: Venusaur|Sludge Bomb|p1a: Incineroar
|-damage|p1a: Incineroar|78/100
|
|-fieldend|move: Trick Room
|upkeep
|turn|14
|
|t:|1757843855
|move|p2b: Venusaur|Giga Drain|p1b: Sinistcha
|-supereffective|p1b: Sinistcha
|-damage|p1b: Sinistcha|7/100 slp
|-heal|p2b: Venusaur|45/100|[from] drain|[of] p1b: Sinistcha
|-curestatus|p1b: Sinistcha|slp|[msg]
|move|p1b: Sinistcha|Matcha Gotcha|p2b: Venusaur
|-resisted|p2b: Venusaur
|-damage|p2b: Venusaur|28/100
|-heal|p1b: Sinistcha|16/100|[from] drain|[of] p2b: Venusaur
|move|p1a: Incineroar|Knock Off|p2b: Venusaur
|-damage|p2b: Venusaur|0 fnt
|-enditem|p2b: Venusaur|Covert Cloak|[from] move: Knock Off|[of] p1a: Incineroar
|faint|p2b: Venusaur
|
|win|hydropee
|inactive|hydropee has 30 seconds to confirm battle start!
|inactive|Coldspice58 has 30 seconds to confirm battle start!
||hydropee is ready for game 3.
||Coldspice58 is ready for game 3.
|uhtml|next|Next: Game 3 of 3
|l|☆Coldspice58
|player|p2|
|l|☆hydropee
|player|p1|
