|j|☆Omarro
|j|☆monsoonisbest
|html|Omarromonsoonisbest    
|uhtml|bestof|Game 1 of a best-of-3
|t:|1782557836
|gametype|doubles
|player|p1|Omarro|dragontamer|1083
|player|p2|monsoonisbest|266|1168
|gen|9
|tier|[Gen 9 Champions] VGC 2026 Reg M-B (Bo3)
|rated|
|rule|Species Clause: Limit one of each Pokémon
|rule|Item Clause: Limit 1 of each item
|clearpoke
|poke|p1|Weavile, L50, M|
|poke|p1|Sinistcha-Masterpiece, L50|
|poke|p1|Barbaracle, L50, M|
|poke|p1|Gholdengo, L50|
|poke|p1|Incineroar, L50, F|
|poke|p1|Zoroark-Hisui, L50, M|
|poke|p2|Pyroar, L50, M|
|poke|p2|Basculegion, L50, M|
|poke|p2|Mawile, L50, M|
|poke|p2|Torkoal, L50, F|
|poke|p2|Oranguru, L50, F|
|poke|p2|Grimmsnarl, L50, M|
|teampreview|4
|showteam|p1|Weavile||FocusSash|Pickpocket|Protect,FakeOut,KnockOff,TripleAxel|Jolly||M|||50|]Sinistcha-Masterpiece||ColburBerry|Hospitality|RagePowder,LifeDew,TrickRoom,MatchaGotcha|Relaxed|||||50|]Barbaracle||Barbaracite|ToughClaws|Protect,ShellSmash,RockSlide,CloseCombat|Adamant||M|||50|]Gholdengo||LifeOrb|GoodasGold|Protect,NastyPlot,ShadowBall,MakeItRain|Timid|||||50|]Incineroar||SitrusBerry|Intimidate|FakeOut,PartingShot,FlareBlitz,DarkestLariat|Adamant||F|||50|]Zoroark-Hisui||ExpertBelt|Illusion|BitterMalice,HyperVoice,Flamethrower,IcyWind|Timid||M|||50|
|showteam|p2|Pyroar||Pyroarite|Rivalry|HeatWave,SolarBeam,Overheat,Protect|Timid||M|||50|]Basculegion||ChoiceScarf|SwiftSwim|WaveCrash,LastRespects,FlipTurn,AquaJet|Jolly||M|||50|]Mawile||Mawilite|HyperCutter|IronHead,PlayRough,SuckerPunch,Protect|Adamant||M|||50|]Torkoal||Charcoal|Drought|Eruption,WeatherBall,HelpingHand,Protect|Quiet||F|||50|]Oranguru||MentalHerb|InnerFocus|Psychic,TrickRoom,Encore,Instruct|Relaxed||F|||50|]Grimmsnarl||SitrusBerry|Prankster|SpiritBreak,FakeOut,LightScreen,PartingShot|Careful||M|||50|
|inactive|Battle timer is ON: inactive players will automatically lose when time's up. (requested by Omarro)
|
|t:|1782557877
|teamsize|p1|4
|teamsize|p2|4
|start
|switch|p1a: Weavile|Weavile, L50, M|100/100
|switch|p1b: Barbaracle|Barbaracle, L50, M|100/100
|switch|p2a: Pyroar|Pyroar, L50, M|100/100
|switch|p2b: Grimmsnarl|Grimmsnarl, L50, M|100/100
|turn|1
|
|t:|1782557890
|detailschange|p1b: Barbaracle|Barbaracle-Mega, L50, M
|-mega|p1b: Barbaracle|Barbaracle|Barbaracite
|move|p2a: Pyroar|Protect|p2a: Pyroar
|-singleturn|p2a: Pyroar|Protect
|move|p1a: Weavile|Fake Out|p2a: Pyroar
|-activate|p2a: Pyroar|move: Protect
|move|p1b: Barbaracle|Shell Smash|p1b: Barbaracle
|-unboost|p1b: Barbaracle|def|1
|-unboost|p1b: Barbaracle|spd|1
|-boost|p1b: Barbaracle|atk|2
|-boost|p1b: Barbaracle|spa|2
|-boost|p1b: Barbaracle|spe|2
|move|p2b: Grimmsnarl|Spirit Break|p1a: Weavile
|-supereffective|p1a: Weavile|1
|-damage|p1a: Weavile|4/100
|-unboost|p1a: Weavile|spa|1
|
|upkeep
|turn|2
|inactive|Omarro has 30 seconds left.
|inactive|monsoonisbest has 30 seconds left.
|
|t:|1782557923
|detailschange|p2a: Pyroar|Pyroar-Mega, L50, M
|-mega|p2a: Pyroar|Pyroar|Pyroarite
|move|p2b: Grimmsnarl|Parting Shot|p1b: Barbaracle
|-unboost|p1b: Barbaracle|atk|1
|-unboost|p1b: Barbaracle|spa|1
|
|t:|1782557928
|switch|p2b: Torkoal|Torkoal, L50, F|100/100|[from] Parting Shot
|-weather|SunnyDay|[from] ability: Drought|[of] p2b: Torkoal
|move|p1b: Barbaracle|Close Combat|p2a: Pyroar
|-supereffective|p2a: Pyroar|1
|-damage|p2a: Pyroar|0 fnt
|-unboost|p1b: Barbaracle|def|1
|-unboost|p1b: Barbaracle|spd|1
|faint|p2a: Pyroar
|move|p1a: Weavile|Triple Axel|p2b: Torkoal
|-resisted|p2b: Torkoal|1
|-damage|p2b: Torkoal|96/100
|-resisted|p2b: Torkoal|1
|-damage|p2b: Torkoal|89/100
|-resisted|p2b: Torkoal|1
|-damage|p2b: Torkoal|79/100
|-hitcount|p2b: Torkoal|3
|
|-weather|SunnyDay|[upkeep]
|upkeep
|
|t:|1782557931
|switch|p2a: Mawile|Mawile, L50, M|100/100
|turn|3
|
|t:|1782557954
|move|p1b: Barbaracle|Protect|p1b: Barbaracle
|-singleturn|p1b: Barbaracle|Protect
|move|p1a: Weavile|Triple Axel|p2a: Mawile
|-resisted|p2a: Mawile|1
|-damage|p2a: Mawile|92/100
|-resisted|p2a: Mawile|1
|-damage|p2a: Mawile|80/100
|-resisted|p2a: Mawile|1
|-damage|p2a: Mawile|60/100
|-hitcount|p2a: Mawile|3
|move|p2a: Mawile|Iron Head|p1b: Barbaracle
|-activate|p1b: Barbaracle|move: Protect
|move|p2b: Torkoal|Eruption|p1a: Weavile|[spread] p1a
|-activate|p1b: Barbaracle|move: Protect
|-supereffective|p1a: Weavile|1
|-damage|p1a: Weavile|0 fnt
|faint|p1a: Weavile
|
|-weather|SunnyDay|[upkeep]
|upkeep
|
|t:|1782557974
|switch|p1a: Incineroar|Incineroar, L50, F|100/100
|-ability|p1a: Incineroar|Intimidate|boost
|-fail|p2a: Mawile|unboost|Attack|[from] ability: Hyper Cutter|[of] p2a: Mawile
|-unboost|p2b: Torkoal|atk|1
|turn|4
|
|t:|1782557985
|move|p2a: Mawile|Protect|p2a: Mawile
|-singleturn|p2a: Mawile|Protect
|move|p1a: Incineroar|Fake Out|p2a: Mawile
|-activate|p2a: Mawile|move: Protect
|move|p1b: Barbaracle|Rock Slide|p2a: Mawile|[spread] p2b
|-activate|p2a: Mawile|move: Protect
|-supereffective|p2b: Torkoal|1
|-damage|p2b: Torkoal|1/100
|cant|p2b: Torkoal|flinch
|
|-weather|SunnyDay|[upkeep]
|upkeep
|turn|5
|inactive|Omarro has 30 seconds left.
|
|t:|1782558013
|move|p2b: Torkoal|Helping Hand|p2a: Mawile
|-singleturn|p2a: Mawile|Helping Hand|[of] p2b: Torkoal
|move|p1b: Barbaracle|Rock Slide|p2b: Torkoal|[spread] p2a,p2b
|-resisted|p2a: Mawile|1
|-supereffective|p2b: Torkoal|1
|-damage|p2a: Mawile|26/100
|-damage|p2b: Torkoal|0 fnt
|faint|p2b: Torkoal
|move|p1a: Incineroar|Flare Blitz|p2a: Mawile
|-supereffective|p2a: Mawile|1
|-damage|p2a: Mawile|0 fnt
|faint|p2a: Mawile
|-damage|p1a: Incineroar|93/100|[from] Recoil
|
|-weather|SunnyDay|[upkeep]
|upkeep
|
|t:|1782558018
|switch|p2b: Grimmsnarl|Grimmsnarl, L50, M|100/100
|turn|6
|-message|monsoonisbest forfeited.
|
|win|Omarro
