|j|☆statonix
|j|☆jANMxRin
|html|statonixjANMxRin    
|uhtml|bestof|Game 2 of a best-of-3
|t:|1756296807
|gametype|doubles
|player|p1|statonix|266|1000
|player|p2|jANMxRin|acerola-masters|1008
|gen|9
|tier|[Gen 9] VGC 2025 Reg H (Bo3)
|rated|
|rule|Species Clause: Limit one of each Pokémon
|rule|Item Clause: Limit 1 of each item
|clearpoke
|poke|p1|Indeedee, L50, M|
|poke|p1|Sneasler, L50, F|
|poke|p1|Volcarona, L50, F|
|poke|p1|Annihilape, L50, F|
|poke|p1|Tyranitar, L50, F|
|poke|p1|Ursaluna-Bloodmoon, L50, M|
|poke|p2|Gardevoir, L50, F|
|poke|p2|Indeedee-F, L50, F|
|poke|p2|Ursaluna, L50, M|
|poke|p2|Magmar, L50, M|
|poke|p2|Dragapult, L50, M|
|poke|p2|Primarina, L50, F|
|teampreview|4
|showteam|p1|Indeedee||ChoiceScarf|PsychicSurge|Protect,Trick,TeraBlast,ExpandingForce|||M|||50|,,,,,Psychic]Sneasler||PsychicSeed|Unburden|Protect,ThroatChop,DireClaw,CloseCombat|||F|||50|,,,,,Dark]Volcarona||SitrusBerry|FlameBody|Tailwind,RagePowder,StruggleBug,Overheat|||F|||50|,,,,,Grass]Annihilape||SafetyGoggles|VitalSpirit|Taunt,RageFist,CloseCombat,FinalGambit|||F|||50|,,,,,Fairy]Tyranitar||AssaultVest|SandStream|RockSlide,TeraBlast,KnockOff,LowKick|||F|||50|,,,,,Flying]Ursaluna-Bloodmoon||LifeOrb|MindsEye|Protect,EarthPower,HyperVoice,BloodMoon|||M|||50|,,,,,Normal
|showteam|p2|Gardevoir||AssaultVest|Telepathy|ExpandingForce,DazzlingGleam,Moonblast,Thunderbolt|||F|||50|,,,,,Water]Indeedee-F||FocusSash|PsychicSurge|TrickRoom,HelpingHand,Psychic,Protect|||F|||50|,,,,,Dark]Ursaluna||FlameOrb|Guts|Earthquake,Facade,HeadlongRush,Protect|||M|||50|,,,,,Ghost]Magmar||Eviolite|VitalSpirit|FollowMe,Overheat,WillOWisp,Protect|||M|||50|,,,,,Fire]Dragapult||ChoiceBand|ClearBody|DragonDarts,Uturn,PhantomForce,SuckerPunch|||M|||50|,,,,,Dragon]Primarina||ThroatSpray|LiquidVoice|HyperVoice,Moonblast,Haze,Protect|||F|||50|,,,,,Poison
|inactive|Battle timer is ON: inactive players will automatically lose when time's up. (requested by statonix)
|inactive|jANMxRin has 60 seconds left.
|
|t:|1756296861
|teamsize|p1|4
|teamsize|p2|4
|start
|switch|p1a: Volcarona|Volcarona, L50, F|100/100
|switch|p1b: Ursaluna|Ursaluna-Bloodmoon, L50, M|100/100
|switch|p2a: Primarina|Primarina, L50, F|100/100
|switch|p2b: Dragapult|Dragapult, L50, M, shiny|100/100
|turn|1
|inactive|statonix has 30 seconds left.
|
|t:|1756296889
|move|p1b: Ursaluna|Protect|p1b: Ursaluna
|-singleturn|p1b: Ursaluna|Protect
|move|p2b: Dragapult|Dragon Darts|p1a: Volcarona
|-damage|p1a: Volcarona|50/100
|-enditem|p1a: Volcarona|Sitrus Berry|[eat]
|-heal|p1a: Volcarona|75/100|[from] item: Sitrus Berry
|-anim|p2b: Dragapult|Dragon Darts|p1a: Volcarona
|-damage|p1a: Volcarona|26/100
|move|p1a: Volcarona|Tailwind|p1a: Volcarona
|-sidestart|p1: statonix|move: Tailwind
|move|p2a: Primarina|Hyper Voice|p1b: Ursaluna|[spread] p1a
|-activate|p1b: Ursaluna|move: Protect
|-supereffective|p1a: Volcarona
|-damage|p1a: Volcarona|0 fnt
|faint|p1a: Volcarona
|-enditem|p2a: Primarina|Throat Spray
|-boost|p2a: Primarina|spa|1|[from] item: Throat Spray
|
|upkeep
|inactive|statonix has 30 seconds left.
|
|t:|1756296917
|switch|p1a: Sneasler|Sneasler, L50, F|100/100
|turn|2
|inactive|statonix has 30 seconds left.
|inactive|statonix has 20 seconds left.
|inactive|statonix has 15 seconds left.
|inactive|statonix has 10 seconds left.
|inactive|statonix has 5 seconds left.
|
|t:|1756296971
|-terastallize|p2b: Dragapult|Dragon
|move|p1a: Sneasler|Dire Claw|p2a: Primarina
|-supereffective|p2a: Primarina
|-damage|p2a: Primarina|0 fnt
|faint|p2a: Primarina
|move|p2b: Dragapult|Dragon Darts|p1a: Sneasler
|-damage|p1a: Sneasler|18/100
|-anim|p2b: Dragapult|Dragon Darts|p1b: Ursaluna
|-damage|p1b: Ursaluna|57/100
|move|p1b: Ursaluna|Blood Moon|p2b: Dragapult
|-damage|p2b: Dragapult|0 fnt
|faint|p2b: Dragapult
|-damage|p1b: Ursaluna|48/100|[from] item: Life Orb
|
|upkeep
|c|☆jANMxRin|damn i thought u would think ill do it otherwise
|inactive|jANMxRin has 30 seconds left.
|
|t:|1756296998
|switch|p2b: Gardevoir|Gardevoir, L50, F, shiny|100/100
|switch|p2a: Magmar|Magmar, L50, M|100/100
|turn|3
|
|t:|1756297015
|-terastallize|p1b: Ursaluna|Normal
|move|p2a: Magmar|Follow Me|p2a: Magmar
|-singleturn|p2a: Magmar|move: Follow Me
|move|p1a: Sneasler|Dire Claw|p2a: Magmar
|-damage|p2a: Magmar|67/100
|-status|p2a: Magmar|psn
|move|p1b: Ursaluna|Hyper Voice|p2a: Magmar|[spread] p2a,p2b
|-damage|p2a: Magmar|9/100 psn
|-damage|p2b: Gardevoir|62/100
|-damage|p1b: Ursaluna|38/100|[from] item: Life Orb
|move|p2b: Gardevoir|Dazzling Gleam|p1b: Ursaluna|[spread] p1a,p1b
|-damage|p1a: Sneasler|0 fnt
|-damage|p1b: Ursaluna|0 fnt
|faint|p1a: Sneasler
|faint|p1b: Ursaluna
|
|-damage|p2a: Magmar|0 fnt|[from] psn
|faint|p2a: Magmar
|upkeep
|
|t:|1756297036
|switch|p1a: Indeedee|Indeedee, L50, M|100/100
|-fieldstart|move: Psychic Terrain|[from] ability: Psychic Surge|[of] p1a: Indeedee
|turn|4
|inactive|jANMxRin has 30 seconds left.
|
|t:|1756297064
|move|p1a: Indeedee|Expanding Force|p2b: Gardevoir
|-resisted|p2b: Gardevoir
|-damage|p2b: Gardevoir|40/100
|move|p2b: Gardevoir|Moonblast|p1a: Indeedee
|-damage|p1a: Indeedee|25/100
|-unboost|p1a: Indeedee|spa|1
|
|-sideend|p1: statonix|move: Tailwind
|upkeep
|turn|5
|
|t:|1756297074
|move|p1a: Indeedee|Expanding Force|p2b: Gardevoir
|-resisted|p2b: Gardevoir
|-damage|p2b: Gardevoir|25/100
|move|p2b: Gardevoir|Moonblast|p1a: Indeedee
|-damage|p1a: Indeedee|0 fnt
|faint|p1a: Indeedee
|
|win|jANMxRin
