|j|☆Thisiswhyweclash
|j|☆enrique132132
|html|Thisiswhyweclashenrique132132    
|uhtml|bestof|Game 1 of a best-of-3
|t:|1756841808
|gametype|doubles
|player|p1|Thisiswhyweclash|schoolkid-gen4dp|1147
|player|p2|enrique132132|169|1201
|gen|9
|tier|[Gen 9] VGC 2025 Reg H (Bo3)
|rated|
|rule|Species Clause: Limit one of each Pokémon
|rule|Item Clause: Limit 1 of each item
|clearpoke
|poke|p1|Gholdengo, L50|
|poke|p1|Incineroar, L50, F|
|poke|p1|Amoonguss, L50, F|
|poke|p1|Archaludon, L50, M|
|poke|p1|Pelipper, L50, M|
|poke|p1|Basculegion, L50, M|
|poke|p2|Indeedee, L50, M|
|poke|p2|Excadrill, L50, F|
|poke|p2|Corviknight, L50, F|
|poke|p2|Tyranitar, L50, M|
|poke|p2|Sneasler, L50, F|
|poke|p2|Garchomp, L50, M|
|teampreview|4
|showteam|p1|Gholdengo||LifeOrb|GoodasGold|MakeItRain,ShadowBall,NastyPlot,Protect||||||50|,,,,,Water]Incineroar||RockyHelmet|Intimidate|Taunt,KnockOff,PartingShot,FakeOut|||F|||50|,,,,,Ghost]Amoonguss||SitrusBerry|Regenerator|PollenPuff,Spore,RagePowder,Protect|||F|||50|,,,,,Water]Archaludon||AssaultVest|Stamina|DragonPulse,FlashCannon,ElectroShot,BodyPress|||M|||50|,,,,,Bug]Pelipper||FocusSash|Drizzle|WeatherBall,Hurricane,Tailwind,Protect|||M|||50|,,,,,Ground]Basculegion||ChoiceBand|SwiftSwim|WaveCrash,LastRespects,FlipTurn,AquaJet|||M|||50|,,,,,Water
|showteam|p2|Indeedee||ChoiceScarf|PsychicSurge|ExpandingForce,TeraBlast,Trick,Protect|||M|||50|,,,,,Psychic]Excadrill||FocusSash|SandRush|Earthquake,IronHead,SwordsDance,Protect|||F|||50|,,,,,Ground]Corviknight||Leftovers|MirrorArmor|BraveBird,Tailwind,BulkUp,Roost|||F|||50|,,,,,Water]Tyranitar||AssaultVest|SandStream|RockSlide,KnockOff,LowKick,TeraBlast|||M|||50|,,,,,Flying]Sneasler||PsychicSeed|Unburden|CloseCombat,DireClaw,ThroatChop,Protect|||F|||50|,,,,,Dark]Garchomp||ClearAmulet|RoughSkin|StompingTantrum,DragonClaw,Earthquake,Protect|||M|||50|,,,,,Fire
|
|t:|1756841872
|teamsize|p1|4
|teamsize|p2|4
|start
|switch|p1a: Gholdengo|Gholdengo, L50|100/100
|switch|p1b: Incineroar|Incineroar, L50, F|100/100
|switch|p2a: Indeedee|Indeedee, L50, M|100/100
|switch|p2b: Sneasler|Sneasler, L50, F|100/100
|-fieldstart|move: Psychic Terrain|[from] ability: Psychic Surge|[of] p2a: Indeedee
|-enditem|p2b: Sneasler|Psychic Seed
|-boost|p2b: Sneasler|spd|1|[from] item: Psychic Seed
|-ability|p1b: Incineroar|Intimidate|boost
|-unboost|p2a: Indeedee|atk|1
|-unboost|p2b: Sneasler|atk|1
|turn|1
|
|t:|1756841900
|move|p2b: Sneasler|Throat Chop|p1a: Gholdengo
|-supereffective|p1a: Gholdengo
|-damage|p1a: Gholdengo|61/100
|-start|p1a: Gholdengo|Throat Chop|[silent]
|move|p2a: Indeedee|Expanding Force|p1a: Gholdengo|[spread] p1a
|-immune|p1b: Incineroar
|-resisted|p1a: Gholdengo
|-damage|p1a: Gholdengo|29/100
|move|p1a: Gholdengo|Nasty Plot|p1a: Gholdengo
|-boost|p1a: Gholdengo|spa|2
|move|p1b: Incineroar|Knock Off|p2a: Indeedee
|-supereffective|p2a: Indeedee
|-damage|p2a: Indeedee|0 fnt
|-enditem|p2a: Indeedee|Choice Scarf|[from] move: Knock Off|[of] p1b: Incineroar
|faint|p2a: Indeedee
|
|upkeep
|
|t:|1756841913
|switch|p2a: Excadrill|Excadrill, L50, F|100/100
|turn|2
|
|t:|1756841929
|switch|p1b: Amoonguss|Amoonguss, L50, F|100/100
|move|p2b: Sneasler|Protect|p2b: Sneasler
|-singleturn|p2b: Sneasler|Protect
|move|p1a: Gholdengo|Shadow Ball|p2a: Excadrill
|-enditem|p2a: Excadrill|Focus Sash
|-damage|p2a: Excadrill|1/100
|-damage|p1a: Gholdengo|20/100|[from] item: Life Orb
|move|p2a: Excadrill|Earthquake|p1a: Gholdengo|[spread] p1a,p1b
|-activate|p2b: Sneasler|move: Protect
|-supereffective|p1a: Gholdengo
|-damage|p1a: Gholdengo|0 fnt
|-damage|p1b: Amoonguss|63/100
|faint|p1a: Gholdengo
|
|upkeep
|
|t:|1756841945
|switch|p1a: Incineroar|Incineroar, L50, F|100/100
|-ability|p1a: Incineroar|Intimidate|boost
|-unboost|p2a: Excadrill|atk|1
|-unboost|p2b: Sneasler|atk|1
|turn|3
|
|t:|1756841950
|move|p2b: Sneasler|Dire Claw|p1b: Amoonguss
|-damage|p1b: Amoonguss|44/100
|-status|p1b: Amoonguss|slp
|-enditem|p1b: Amoonguss|Sitrus Berry|[eat]
|-heal|p1b: Amoonguss|69/100 slp|[from] item: Sitrus Berry
|move|p2a: Excadrill|Iron Head|p1b: Amoonguss
|-damage|p1b: Amoonguss|41/100 slp
|move|p1a: Incineroar|Knock Off|p2a: Excadrill
|-damage|p2a: Excadrill|0 fnt
|faint|p2a: Excadrill
|cant|p1b: Amoonguss|slp
|
|upkeep
|
|t:|1756841960
|switch|p2a: Tyranitar|Tyranitar, L50, M|100/100
|-weather|Sandstorm|[from] ability: Sand Stream|[of] p2a: Tyranitar
|turn|4
|
|t:|1756841975
|cant|p1b: Amoonguss|slp
|move|p2b: Sneasler|Close Combat|p1a: Incineroar
|-supereffective|p1a: Incineroar
|-damage|p1a: Incineroar|41/100
|-unboost|p2b: Sneasler|def|1
|-unboost|p2b: Sneasler|spd|1
|-damage|p2b: Sneasler|84/100|[from] item: Rocky Helmet|[of] p1a: Incineroar
|move|p1a: Incineroar|Parting Shot|p2a: Tyranitar
|-unboost|p2a: Tyranitar|atk|1
|-unboost|p2a: Tyranitar|spa|1
|
|t:|1756841984
|switch|p1a: Pelipper|Pelipper, L50, M|100/100|[from] Parting Shot
|-weather|RainDance|[from] ability: Drizzle|[of] p1a: Pelipper
|move|p2a: Tyranitar|Rock Slide|p1a: Pelipper|[spread] p1a,p1b
|-supereffective|p1a: Pelipper
|-damage|p1a: Pelipper|38/100
|-damage|p1b: Amoonguss|22/100 slp
|
|-weather|RainDance|[upkeep]
|upkeep
|turn|5
|
|t:|1756842000
|switch|p1b: Incineroar|Incineroar, L50, F|41/100
|-ability|p1b: Incineroar|Intimidate|boost
|-unboost|p2a: Tyranitar|atk|1
|-unboost|p2b: Sneasler|atk|1
|-terastallize|p2a: Tyranitar|Flying
|move|p1a: Pelipper|Protect|p1a: Pelipper
|-singleturn|p1a: Pelipper|Protect
|move|p2b: Sneasler|Dire Claw|p1a: Pelipper
|-activate|p1a: Pelipper|move: Protect
|move|p2a: Tyranitar|Tera Blast|p1b: Incineroar|[anim] Tera Blast Flying
|-damage|p1b: Incineroar|20/100
|
|-weather|RainDance|[upkeep]
|-fieldend|move: Psychic Terrain
|upkeep
|turn|6
|inactive|Battle timer is ON: inactive players will automatically lose when time's up. (requested by enrique132132)
|
|t:|1756842046
|-terastallize|p1a: Pelipper|Ground
|move|p2b: Sneasler|Protect|p2b: Sneasler
|-singleturn|p2b: Sneasler|Protect
|move|p1b: Incineroar|Fake Out|p2a: Tyranitar
|-damage|p2a: Tyranitar|91/100
|move|p1a: Pelipper|Weather Ball|p2a: Tyranitar
|-damage|p2a: Tyranitar|50/100
|cant|p2a: Tyranitar|flinch
|
|-weather|RainDance|[upkeep]
|upkeep
|turn|7
|
|t:|1756842061
|switch|p1b: Amoonguss|Amoonguss, L50, F|55/100 slp
|move|p1a: Pelipper|Protect|p1a: Pelipper
|-singleturn|p1a: Pelipper|Protect
|move|p2b: Sneasler|Close Combat|p1a: Pelipper
|-activate|p1a: Pelipper|move: Protect
|move|p2a: Tyranitar|Rock Slide|p1b: Amoonguss|[spread] p1b
|-activate|p1a: Pelipper|move: Protect
|-damage|p1b: Amoonguss|43/100 slp
|
|-weather|RainDance|[upkeep]
|upkeep
|turn|8
|
|t:|1756842076
|switch|p1b: Incineroar|Incineroar, L50, F|20/100
|-ability|p1b: Incineroar|Intimidate|boost
|-unboost|p2a: Tyranitar|atk|1
|-unboost|p2b: Sneasler|atk|1
|move|p2b: Sneasler|Close Combat|p1a: Pelipper
|-crit|p1a: Pelipper
|-damage|p1a: Pelipper|0 fnt
|-unboost|p2b: Sneasler|def|1
|-unboost|p2b: Sneasler|spd|1
|faint|p1a: Pelipper
|move|p2a: Tyranitar|Tera Blast|p1b: Incineroar|[anim] Tera Blast Flying
|-damage|p1b: Incineroar|1/100
|
|-weather|none
|upkeep
|
|t:|1756842083
|switch|p1a: Amoonguss|Amoonguss, L50, F|76/100 slp
|turn|9
|
|t:|1756842097
|move|p1b: Incineroar|Fake Out|p2a: Tyranitar
|-damage|p2a: Tyranitar|40/100
|move|p2b: Sneasler|Dire Claw|p1a: Amoonguss
|-damage|p1a: Amoonguss|62/100 slp
|cant|p2a: Tyranitar|flinch
|-curestatus|p1a: Amoonguss|slp|[msg]
|move|p1a: Amoonguss|Spore|p2a: Tyranitar
|-status|p2a: Tyranitar|slp|[from] move: Spore
|
|upkeep
|turn|10
|
|t:|1756842111
|move|p2b: Sneasler|Protect|p2b: Sneasler
|-singleturn|p2b: Sneasler|Protect
|move|p1a: Amoonguss|Rage Powder|p1a: Amoonguss
|-singleturn|p1a: Amoonguss|move: Rage Powder
|move|p1b: Incineroar|Knock Off|p2a: Tyranitar
|-damage|p2a: Tyranitar|2/100 slp
|-enditem|p2a: Tyranitar|Assault Vest|[from] move: Knock Off|[of] p1b: Incineroar
|cant|p2a: Tyranitar|slp
|
|upkeep
|turn|11
|
|t:|1756842125
|move|p1a: Amoonguss|Rage Powder|p1a: Amoonguss
|-singleturn|p1a: Amoonguss|move: Rage Powder
|move|p2b: Sneasler|Dire Claw|p1a: Amoonguss
|-damage|p1a: Amoonguss|50/100
|move|p1b: Incineroar|Knock Off|p2a: Tyranitar
|-damage|p2a: Tyranitar|0 fnt
|faint|p2a: Tyranitar
|
|upkeep
|turn|12
|
|t:|1756842147
|move|p1a: Amoonguss|Rage Powder|p1a: Amoonguss
|-singleturn|p1a: Amoonguss|move: Rage Powder
|move|p2b: Sneasler|Dire Claw|p1a: Amoonguss
|-damage|p1a: Amoonguss|37/100
|move|p1b: Incineroar|Knock Off|p2b: Sneasler
|-resisted|p2b: Sneasler
|-damage|p2b: Sneasler|34/100
|
|upkeep
|turn|13
|
|t:|1756842156
|move|p1a: Amoonguss|Rage Powder|p1a: Amoonguss
|-singleturn|p1a: Amoonguss|move: Rage Powder
|move|p2b: Sneasler|Dire Claw|p1a: Amoonguss
|-damage|p1a: Amoonguss|25/100
|move|p1b: Incineroar|Knock Off|p2b: Sneasler
|-resisted|p2b: Sneasler
|-damage|p2b: Sneasler|0 fnt
|faint|p2b: Sneasler
|
|win|Thisiswhyweclash
||Thisiswhyweclash is ready for game 2.
||enrique132132 is ready for game 2.
|uhtml|next|Next: Game 2 of 3
|l|☆enrique132132
|player|p2|
