|j|☆Gorka1971
|j|☆p1ch1pichi
|html|Gorka1971p1ch1pichi    
|uhtml|bestof|Game 1 of a best-of-3
|t:|1784555837
|gametype|doubles
|player|p1|Gorka1971|170|1313
|player|p2|p1ch1pichi|n|1236
|gen|9
|tier|[Gen 9 Champions] VGC 2026 Reg M-B (Bo3)
|rated|
|rule|Species Clause: Limit one of each Pokémon
|rule|Item Clause: Limit 1 of each item
|clearpoke
|poke|p1|Sylveon, L50, F|
|poke|p1|Aerodactyl, L50, M|
|poke|p1|Charizard, L50, M|
|poke|p1|Metagross, L50|
|poke|p1|Garchomp, L50, M|
|poke|p1|Incineroar, L50, F|
|poke|p2|Meganium, L50, M, shiny|
|poke|p2|Swampert, L50, M, shiny|
|poke|p2|Pelipper, L50, M|
|poke|p2|Archaludon, L50, M|
|poke|p2|Sableye, L50, M|
|poke|p2|Sneasler, L50, F|
|teampreview|4
|showteam|p1|Sylveon||FairyFeather|Pixilate|HyperVoice,HyperBeam,QuickAttack,Detect|Modest||F|||50|]Aerodactyl||FocusSash|Unnerve|RockSlide,DualWingbeat,Tailwind,Protect|Jolly||M|||50|]Charizard||CharizarditeY|SolarPower|HeatWave,WeatherBall,SolarBeam,Protect|Modest||M|||50|]Metagross||Metagrossite|ClearBody|BulletPunch,PsychicFangs,BodyPress,Protect|Adamant|||||50|]Garchomp||LifeOrb|RoughSkin|RockSlide,Earthquake,DragonClaw,Protect|Jolly||M|||50|]Incineroar||SitrusBerry|Intimidate|FlareBlitz,DarkestLariat,PartingShot,Protect|Careful||F|||50|
|showteam|p2|Meganium||Meganiumite|Overgrow|SolarBeam,WeatherBall,DazzlingGleam,Protect|Modest||M|||50|]Swampert||Swampertite|Torrent|HighHorsepower,WaveCrash,KnockOff,Protect|Adamant||M|||50|]Pelipper||FocusSash|Drizzle|WeatherBall,Hurricane,WideGuard,Tailwind|Timid||M|||50|]Archaludon||Leftovers|Stalwart|ElectroShot,AuraSphere,DragonPulse,Protect|Modest||M|||50|]Sableye||WideLens|Prankster|Taunt,Swagger,RainDance,WillOWisp|Calm||M|||50|]Sneasler||LumBerry|Unburden|DireClaw,Acrobatics,CloseCombat,Protect|Adamant||F|||50|
|inactive|Battle timer is ON: inactive players will automatically lose when time's up. (requested by p1ch1pichi)
|inactive|p1ch1pichi has 60 seconds left.
|
|t:|1784555884
|teamsize|p1|4
|teamsize|p2|4
|start
|switch|p1a: Charizard|Charizard, L50, M|100/100
|switch|p1b: Aerodactyl|Aerodactyl, L50, M|100/100
|switch|p2a: G4MER67|Sableye, L50, M|100/100
|switch|p2b: Jojo Sira|Sneasler, L50, F|100/100
|-ability|p1b: Aerodactyl|Unnerve
|turn|1
|
|t:|1784555901
|detailschange|p1a: Charizard|Charizard-Mega-Y, L50, M
|-mega|p1a: Charizard|Charizard|Charizardite Y
|-weather|SunnyDay|[from] ability: Drought|[of] p1a: Charizard
|move|p2b: Jojo Sira|Protect|p2b: Jojo Sira
|-singleturn|p2b: Jojo Sira|Protect
|move|p1a: Charizard|Protect|p1a: Charizard
|-singleturn|p1a: Charizard|Protect
|move|p2a: G4MER67|Will-O-Wisp|p1b: Aerodactyl
|-status|p1b: Aerodactyl|brn
|move|p1b: Aerodactyl|Tailwind|p1b: Aerodactyl
|-sidestart|p1: Gorka1971|move: Tailwind
|
|-weather|SunnyDay|[upkeep]
|-damage|p1b: Aerodactyl|94/100 brn|[from] brn
|upkeep
|turn|2
|inactive|p1ch1pichi has 30 seconds left.
|
|t:|1784555931
|move|p2a: G4MER67|Swagger|p2b: Jojo Sira
|-boost|p2b: Jojo Sira|atk|2
|-start|p2b: Jojo Sira|confusion
|move|p1b: Aerodactyl|Dual Wingbeat|p2b: Jojo Sira
|-supereffective|p2b: Jojo Sira|1
|-damage|p2b: Jojo Sira|68/100
|-supereffective|p2b: Jojo Sira|1
|-damage|p2b: Jojo Sira|40/100
|-hitcount|p2b: Jojo Sira|2
|move|p1a: Charizard|Heat Wave|p2a: G4MER67|[spread] p2a,p2b
|-damage|p2a: G4MER67|34/100
|-damage|p2b: Jojo Sira|0 fnt
|faint|p2b: Jojo Sira
|
|-weather|SunnyDay|[upkeep]
|-damage|p1b: Aerodactyl|88/100 brn|[from] brn
|upkeep
|
|t:|1784555948
|switch|p2b: Taiyaki|Swampert, L50, M, shiny|100/100
|turn|3
|
|t:|1784555967
|detailschange|p2b: Taiyaki|Swampert-Mega, L50, M, shiny
|-mega|p2b: Taiyaki|Swampert|Swampertite
|move|p2a: G4MER67|Rain Dance|p2a: G4MER67
|-weather|RainDance
|move|p1b: Aerodactyl|Rock Slide|p2a: G4MER67|[spread] p2a,p2b
|-resisted|p2b: Taiyaki|1
|-damage|p2a: G4MER67|17/100
|-damage|p2b: Taiyaki|93/100
|move|p1a: Charizard|Solar Beam||[still]
|-prepare|p1a: Charizard|Solar Beam
|cant|p2b: Taiyaki|flinch
|
|-weather|RainDance|[upkeep]
|-damage|p1b: Aerodactyl|82/100 brn|[from] brn
|upkeep
|turn|4
|
|t:|1784555991
|move|p2b: Taiyaki|Protect|p2b: Taiyaki
|-singleturn|p2b: Taiyaki|Protect
|move|p2a: G4MER67|Taunt|p1b: Aerodactyl
|-start|p1b: Aerodactyl|move: Taunt
|move|p1b: Aerodactyl|Rock Slide|p2a: G4MER67|[spread] p2a
|-activate|p2b: Taiyaki|move: Protect
|-damage|p2a: G4MER67|1/100
|move|p1a: Charizard|Solar Beam|p2b: Taiyaki|[from] lockedmove
|-activate|p2b: Taiyaki|move: Protect
|
|-weather|RainDance|[upkeep]
|-damage|p1b: Aerodactyl|77/100 brn|[from] brn
|-sideend|p1: Gorka1971|move: Tailwind
|upkeep
|turn|5
|
|t:|1784556015
|switch|p1a: Sylveon|Sylveon, L50, F|100/100
|move|p2a: G4MER67|Taunt|p1a: Sylveon
|-start|p1a: Sylveon|move: Taunt
|move|p2b: Taiyaki|Wave Crash|p1b: Aerodactyl
|-supereffective|p1b: Aerodactyl|1
|-damage|p1b: Aerodactyl|0 fnt
|faint|p1b: Aerodactyl
|-damage|p2b: Taiyaki|71/100|[from] Recoil
|
|-weather|RainDance|[upkeep]
|upkeep
|
|t:|1784556024
|switch|p1b: Charizard|Charizard-Mega-Y, L50, M|100/100
|-weather|SunnyDay|[from] ability: Drought|[of] p1b: Charizard
|turn|6
|
|t:|1784556031
|switch|p2a: Inidoro|Pelipper, L50, M|100/100
|-weather|RainDance|[from] ability: Drizzle|[of] p2a: Inidoro
|move|p1b: Charizard|Protect|p1b: Charizard
|-singleturn|p1b: Charizard|Protect
|move|p2b: Taiyaki|Wave Crash|p1b: Charizard
|-activate|p1b: Charizard|move: Protect
|move|p1a: Sylveon|Hyper Voice|p2b: Taiyaki|[spread] p2a,p2b
|-damage|p2a: Inidoro|16/100
|-damage|p2b: Taiyaki|24/100
|
|-weather|RainDance|[upkeep]
|upkeep
|turn|7
|
|t:|1784556049
|switch|p1b: Garchomp|Garchomp, L50, M|100/100
|move|p2b: Taiyaki|Protect|p2b: Taiyaki
|-singleturn|p2b: Taiyaki|Protect
|move|p2a: Inidoro|Weather Ball|p1b: Garchomp
|-damage|p1b: Garchomp|25/100
|move|p1a: Sylveon|Hyper Voice|p2b: Taiyaki|[spread] p2a
|-activate|p2b: Taiyaki|move: Protect
|-damage|p2a: Inidoro|0 fnt
|faint|p2a: Inidoro
|
|-weather|RainDance|[upkeep]
|-end|p1a: Sylveon|move: Taunt
|upkeep
|
|t:|1784556062
|switch|p2a: G4MER67|Sableye, L50, M|1/100
|turn|8
|
|t:|1784556074
|move|p1a: Sylveon|Quick Attack|p2a: G4MER67
|-supereffective|p2a: G4MER67|1
|-damage|p2a: G4MER67|0 fnt
|faint|p2a: G4MER67
|move|p2b: Taiyaki|Wave Crash|p1a: Sylveon
|-damage|p1a: Sylveon|0 fnt
|faint|p1a: Sylveon
|-damage|p2b: Taiyaki|0 fnt|[from] Recoil
|faint|p2b: Taiyaki
|
|win|Gorka1971
||p1ch1pichi is ready for game 2.
||Gorka1971 is ready for game 2.
|uhtml|next|Next: Game 2 of 3
