|j|☆drumer sama
|j|☆andrewcips
|html|drumer samaandrewcips    
|uhtml|bestof|Game 3 of a best-of-3
|t:|1784315213
|gametype|doubles
|player|p1|drumer sama|170|1137
|player|p2|andrewcips|alder|1065
|gen|9
|tier|[Gen 9 Champions] VGC 2026 Reg M-B (Bo3)
|rated|
|rule|Species Clause: Limit one of each Pokémon
|rule|Item Clause: Limit 1 of each item
|clearpoke
|poke|p1|Lucario, L50, M|
|poke|p1|Sinistcha, L50|
|poke|p1|Incineroar, L50, F|
|poke|p1|Basculegion, L50, M|
|poke|p1|Whimsicott, L50, F|
|poke|p1|Greninja, L50, F|
|poke|p2|Charizard, L50, M|
|poke|p2|Garchomp, L50, F|
|poke|p2|Sylveon, L50, M|
|poke|p2|Aerodactyl, L50, F|
|poke|p2|Farigiraf, L50, F|
|poke|p2|Incineroar, L50, F|
|teampreview|4
|showteam|p1|Lucario||Lucarionite|InnerFocus|Detect,AuraSphere,FlashCannon,ShadowBall|Timid||M|||50|]Sinistcha||SitrusBerry|Hospitality|LifeDew,MatchaGotcha,TrickRoom,RagePowder|Bold|||||50|]Incineroar||ShucaBerry|Intimidate|FakeOut,FlareBlitz,PartingShot,ThroatChop|Careful||F|||50|]Basculegion||ChoiceScarf|Adaptability|WaveCrash,PsychicFangs,LastRespects,AquaJet|Adamant||M|||50|]Whimsicott||FocusSash|Prankster|Encore,Moonblast,Tailwind,HelpingHand|Timid||F|||50|]Greninja||LifeOrb|Protean|GrassKnot,RockSlide,IceBeam,DarkPulse|Naive||F|||50|
|showteam|p2|Charizard||CharizarditeY|Blaze|HeatWave,WeatherBall,SolarBeam,Protect|Modest||M|||50|]Garchomp||LifeOrb|RoughSkin|DragonClaw,Earthquake,StompingTantrum,Protect|Jolly||F|||50|]Sylveon||FairyFeather|Pixilate|HyperVoice,QuickAttack,Yawn,Detect|Modest||M|||50|]Aerodactyl||FocusSash|Unnerve|RockSlide,WideGuard,Tailwind,Protect|Jolly||F|||50|]Farigiraf||SitrusBerry|ArmorTail|Psychic,HelpingHand,TrickRoom,Protect|Calm||F|||50|]Incineroar||Charcoal|Intimidate|FlareBlitz,DarkestLariat,PartingShot,FakeOut|Brave||F|||50|
|
|t:|1784315239
|teamsize|p1|4
|teamsize|p2|4
|start
|switch|p1a: Incineroar|Incineroar, L50, F|100/100
|switch|p1b: Greninja|Greninja, L50, F|100/100
|switch|p2a: Farigiraf|Farigiraf, L50, F|100/100
|switch|p2b: Incineroar|Incineroar, L50, F|100/100
|-ability|p1a: Incineroar|Intimidate|boost
|-unboost|p2a: Farigiraf|atk|1
|-unboost|p2b: Incineroar|atk|1
|-ability|p2b: Incineroar|Intimidate|boost
|-unboost|p1a: Incineroar|atk|1
|-unboost|p1b: Greninja|atk|1
|turn|1
|inactive|Battle timer is ON: inactive players will automatically lose when time's up. (requested by andrewcips)
|inactive|drumer sama has 60 seconds left.
|
|t:|1784315270
|move|p2b: Incineroar|Fake Out|p1b: Greninja
|-damage|p1b: Greninja|84/100
|cant|p1b: Greninja|flinch
|move|p1a: Incineroar|Throat Chop|p2a: Farigiraf
|-supereffective|p2a: Farigiraf|1
|-damage|p2a: Farigiraf|64/100
|-start|p2a: Farigiraf|Throat Chop|[silent]
|move|p2a: Farigiraf|Trick Room|p2a: Farigiraf
|-fieldstart|move: Trick Room|[of] p2a: Farigiraf
|
|upkeep
|turn|2
|inactive|andrewcips has 30 seconds left.
|
|t:|1784315297
|move|p2a: Farigiraf|Protect|p2a: Farigiraf
|-singleturn|p2a: Farigiraf|Protect
|move|p2b: Incineroar|Parting Shot|p1b: Greninja
|-unboost|p1b: Greninja|atk|1
|-unboost|p1b: Greninja|spa|1
|
|t:|1784315303
|switch|p2b: Garchomp|Garchomp, L50, F|100/100|[from] Parting Shot
|move|p1a: Incineroar|Throat Chop|p2a: Farigiraf
|-activate|p2a: Farigiraf|move: Protect
|move|p1b: Greninja|Dark Pulse|p2a: Farigiraf
|-start|p1b: Greninja|typechange|Dark|[from] ability: Protean
|-activate|p2a: Farigiraf|move: Protect
|
|-end|p2a: Farigiraf|Throat Chop|[silent]
|upkeep
|turn|3
|inactive|andrewcips has 30 seconds left.
|
|t:|1784315333
|move|p2a: Farigiraf|Helping Hand|p2b: Garchomp
|-singleturn|p2b: Garchomp|Helping Hand|[of] p2a: Farigiraf
|move|p1a: Incineroar|Parting Shot|p2b: Garchomp
|-unboost|p2b: Garchomp|atk|1
|-unboost|p2b: Garchomp|spa|1
|
|t:|1784315338
|switch|p1a: Basculegion|Basculegion, L50, M|100/100|[from] Parting Shot
|move|p2b: Garchomp|Stomping Tantrum|p1b: Greninja
|-damage|p1b: Greninja|0 fnt
|faint|p1b: Greninja
|-damage|p2b: Garchomp|90/100|[from] item: Life Orb
|
|upkeep
|
|t:|1784315346
|switch|p1b: Incineroar|Incineroar, L50, F|100/100
|-ability|p1b: Incineroar|Intimidate|boost
|-unboost|p2a: Farigiraf|atk|1
|-unboost|p2b: Garchomp|atk|1
|turn|4
|
|t:|1784315364
|move|p2a: Farigiraf|Helping Hand|p2b: Garchomp
|-singleturn|p2b: Garchomp|Helping Hand|[of] p2a: Farigiraf
|move|p1b: Incineroar|Throat Chop|p2a: Farigiraf
|-supereffective|p2a: Farigiraf|1
|-damage|p2a: Farigiraf|8/100
|-start|p2a: Farigiraf|Throat Chop|[silent]
|-enditem|p2a: Farigiraf|Sitrus Berry|[eat]
|-heal|p2a: Farigiraf|33/100|[from] item: Sitrus Berry
|move|p2b: Garchomp|Stomping Tantrum|p1b: Incineroar
|-supereffective|p1b: Incineroar|1
|-enditem|p1b: Incineroar|Shuca Berry|[eat]
|-enditem|p1b: Incineroar|Shuca Berry|[weaken]
|-damage|p1b: Incineroar|66/100
|-damage|p2b: Garchomp|80/100|[from] item: Life Orb
|move|p1a: Basculegion|Wave Crash|p2b: Garchomp
|-damage|p2b: Garchomp|2/100
|-damage|p1a: Basculegion|87/100|[from] ability: Rough Skin|[of] p2b: Garchomp
|-damage|p1a: Basculegion|63/100|[from] Recoil
|
|upkeep
|turn|5
|inactive|andrewcips has 30 seconds left.
|
|t:|1784315395
|switch|p2a: Incineroar|Incineroar, L50, F|100/100
|-ability|p2a: Incineroar|Intimidate|boost
|-unboost|p1a: Basculegion|atk|1
|-unboost|p1b: Incineroar|atk|1
|move|p2b: Garchomp|Protect|p2b: Garchomp
|-singleturn|p2b: Garchomp|Protect
|move|p1b: Incineroar|Throat Chop|p2b: Garchomp
|-activate|p2b: Garchomp|move: Protect
|move|p1a: Basculegion|Wave Crash|p2a: Incineroar
|-supereffective|p2a: Incineroar|1
|-damage|p2a: Incineroar|0 fnt
|faint|p2a: Incineroar
|-damage|p1a: Basculegion|29/100|[from] Recoil
|
|-fieldend|move: Trick Room
|upkeep
|
|t:|1784315419
|switch|p2a: Farigiraf|Farigiraf, L50, F|33/100
|turn|6
|
|t:|1784315438
|switch|p1a: Lucario|Lucario, L50, M|100/100
|switch|p2b: Charizard|Charizard, L50, M|100/100
|move|p1b: Incineroar|Throat Chop|p2a: Farigiraf
|-supereffective|p2a: Farigiraf|1
|-damage|p2a: Farigiraf|0 fnt
|faint|p2a: Farigiraf
|
|upkeep
|
|t:|1784315445
|switch|p2a: Garchomp|Garchomp, L50, F|2/100
|turn|7
|
|t:|1784315467
|detailschange|p1a: Lucario|Lucario-Mega, L50, M
|-mega|p1a: Lucario|Lucario|Lucarionite
|detailschange|p2b: Charizard|Charizard-Mega-Y, L50, M
|-mega|p2b: Charizard|Charizard|Charizardite Y
|-weather|SunnyDay|[from] ability: Drought|[of] p2b: Charizard
|move|p1a: Lucario|Shadow Ball|p2a: Garchomp
|-damage|p2a: Garchomp|0 fnt
|faint|p2a: Garchomp
|move|p2b: Charizard|Heat Wave|p1b: Incineroar|[spread] p1a,p1b
|-supereffective|p1a: Lucario|1
|-resisted|p1b: Incineroar|1
|-damage|p1a: Lucario|0 fnt
|-damage|p1b: Incineroar|39/100
|faint|p1a: Lucario
|move|p1b: Incineroar|Parting Shot|p2b: Charizard
|-unboost|p2b: Charizard|atk|1
|-unboost|p2b: Charizard|spa|1
|
|t:|1784315480
|switch|p1b: Basculegion|Basculegion, L50, M|29/100|[from] Parting Shot
|
|-weather|SunnyDay|[upkeep]
|upkeep
|
|t:|1784315484
|switch|p1a: Incineroar|Incineroar, L50, F|39/100
|-ability|p1a: Incineroar|Intimidate|boost
|-unboost|p2b: Charizard|atk|1
|turn|8
|
|t:|1784315490
|move|p2b: Charizard|Protect|p2b: Charizard
|-singleturn|p2b: Charizard|Protect
|move|p1a: Incineroar|Fake Out|p2b: Charizard
|-activate|p2b: Charizard|move: Protect
|move|p1b: Basculegion|Last Respects|p2b: Charizard
|-activate|p2b: Charizard|move: Protect
|
|-weather|SunnyDay|[upkeep]
|upkeep
|turn|9
|
|t:|1784315501
|move|p1b: Basculegion|Last Respects|p2b: Charizard
|-damage|p2b: Charizard|0 fnt
|faint|p2b: Charizard
|
|win|drumer sama
|raw|drumer sama's rating: 1137 → 1157(+20 for winning)
|raw|andrewcips's rating: 1065 → 1049(-16 for losing)
|l|☆andrewcips
|player|p2|
