|j|☆thaduck
|j|☆alkdfe
|html|thaduckalkdfe    
|uhtml|bestof|Game 2 of a best-of-3
|t:|1785024809
|gametype|doubles
|player|p1|thaduck|ghetsis|1203
|player|p2|alkdfe|elesa|1256
|gen|9
|tier|[Gen 9 Champions] VGC 2026 Reg M-B (Bo3)
|rated|
|rule|Species Clause: Limit one of each Pokémon
|rule|Item Clause: Limit 1 of each item
|clearpoke
|poke|p1|Floette-Eternal, L50, F|
|poke|p1|Whimsicott, L50, M|
|poke|p1|Basculegion, L50, M|
|poke|p1|Kingambit, L50, F|
|poke|p1|Arcanine-Hisui, L50, F|
|poke|p1|Dragonite, L50, M|
|poke|p2|Charizard, L50, M|
|poke|p2|Toxapex, L50, F|
|poke|p2|Venusaur, L50, M|
|poke|p2|Sylveon, L50, F|
|poke|p2|Garchomp, L50, M|
|poke|p2|Incineroar, L50, M|
|teampreview|4
|showteam|p1|Floette-Eternal||Floettite|FlowerVeil|Moonblast,DazzlingGleam,LightofRuin,Protect|Modest||F|||50|]Whimsicott||FocusSash|Prankster|Moonblast,Tailwind,Encore,Protect|Timid||M|||50|]Basculegion||ChoiceScarf|Adaptability|LastRespects,WaveCrash,AquaJet,FlipTurn|Jolly||M|||50|]Kingambit||BlackGlasses|Defiant|SuckerPunch,KowtowCleave,IronHead,Protect|Adamant||F|||50|]Arcanine-Hisui||SitrusBerry|RockHead|FlareBlitz,RockSlide,HeadSmash,Protect|Jolly||F|||50|]Dragonite||LifeOrb|InnerFocus|Protect,LowKick,ExtremeSpeed,DragonClaw|Adamant||M|||50|
|showteam|p2|Charizard||CharizarditeY|Blaze|HeatWave,WeatherBall,HelpingHand,Protect|Modest||M|||50|]Toxapex||Leftovers|Regenerator|Infestation,Toxic,WideGuard,BanefulBunker|Bold||F|||50|]Venusaur||LifeOrb|Chlorophyll|LeafStorm,SludgeBomb,EarthPower,Protect|Modest||M|||50|]Sylveon||FairyFeather|Pixilate|HyperVoice,QuickAttack,Yawn,Protect|Modest||F|||50|]Garchomp||ChoiceScarf|RoughSkin|Earthquake,DragonClaw,RockTomb,StompingTantrum|Adamant||M|||50|]Incineroar||SitrusBerry|Intimidate|ThroatChop,FlareBlitz,PartingShot,FakeOut|Careful||M|||50|
|inactive|Battle timer is ON: inactive players will automatically lose when time's up. (requested by alkdfe)
|inactive|alkdfe has 60 seconds left.
|
|t:|1785024881
|teamsize|p1|4
|teamsize|p2|4
|start
|switch|p1a: Arcanine|Arcanine-Hisui, L50, F|100/100
|switch|p1b: Whimsicott|Whimsicott, L50, M|100/100
|switch|p2a: Incineroar|Incineroar, L50, M|100/100
|switch|p2b: Garchomp|Garchomp, L50, M|100/100
|-ability|p2a: Incineroar|Intimidate|boost
|-unboost|p1a: Arcanine|atk|1
|-unboost|p1b: Whimsicott|atk|1
|turn|1
|inactive|alkdfe has 30 seconds left.
|inactive|alkdfe has 20 seconds left.
|
|t:|1785024918
|switch|p1a: Basculegion|Basculegion, L50, M|100/100
|move|p2a: Incineroar|Fake Out|p1b: Whimsicott
|-damage|p1b: Whimsicott|83/100
|cant|p1b: Whimsicott|flinch
|move|p2b: Garchomp|Stomping Tantrum|p1a: Basculegion
|-damage|p1a: Basculegion|54/100
|
|upkeep
|turn|2
|
|t:|1785024937
|switch|p2a: Venusaur|Venusaur, L50, M|100/100
|move|p2b: Garchomp|Stomping Tantrum|p1a: Basculegion
|-damage|p1a: Basculegion|9/100
|move|p1a: Basculegion|Wave Crash|p2a: Venusaur
|-resisted|p2a: Venusaur|1
|-damage|p2a: Venusaur|54/100
|-damage|p1a: Basculegion|0 fnt|[from] Recoil
|faint|p1a: Basculegion
|move|p1b: Whimsicott|Moonblast|p2b: Garchomp
|-supereffective|p2b: Garchomp|1
|-damage|p2b: Garchomp|20/100y
|
|upkeep
|
|t:|1785024952
|switch|p1a: Floette|Floette-Eternal, L50, F|100/100
|turn|3
|
|t:|1785024968
|switch|p2b: Incineroar|Incineroar, L50, M|100/100
|-ability|p2b: Incineroar|Intimidate|boost
|-unboost|p1a: Floette|atk|1
|-block|p1b: Whimsicott|ability: Flower Veil|[of] p1a: Floette
|detailschange|p1a: Floette|Floette-Mega, L50, F
|-mega|p1a: Floette|Floette|Floettite
|-ability|p1a: Floette|Fairy Aura
|move|p1b: Whimsicott|Moonblast|p2b: Incineroar
|-damage|p2b: Incineroar|63/100
|move|p1a: Floette|Light of Ruin|p2a: Venusaur
|-resisted|p2a: Venusaur|1
|-damage|p2a: Venusaur|0 fnt
|faint|p2a: Venusaur
|-damage|p1a: Floette|71/100|[from] Recoil
|
|upkeep
|
|t:|1785024984
|switch|p2a: Charizard|Charizard, L50, M|100/100
|turn|4
|
|t:|1785025000
|switch|p1a: Arcanine|Arcanine-Hisui, L50, F|100/100
|detailschange|p2a: Charizard|Charizard-Mega-Y, L50, M
|-mega|p2a: Charizard|Charizard|Charizardite Y
|-weather|SunnyDay|[from] ability: Drought|[of] p2a: Charizard
|move|p1b: Whimsicott|Protect|p1b: Whimsicott
|-singleturn|p1b: Whimsicott|Protect
|move|p2a: Charizard|Heat Wave|p1b: Whimsicott|[spread] 
|-activate|p1b: Whimsicott|move: Protect
|-miss|p2a: Charizard|p1a: Arcanine
|move|p2b: Incineroar|Parting Shot|p1a: Arcanine
|-unboost|p1a: Arcanine|atk|1
|-unboost|p1a: Arcanine|spa|1
|
|t:|1785025013
|switch|p2b: Garchomp|Garchomp, L50, M|20/100y|[from] Parting Shot
|
|-weather|SunnyDay|[upkeep]
|upkeep
|turn|5
|
|t:|1785025036
|switch|p2b: Incineroar|Incineroar, L50, M|63/100
|-ability|p2b: Incineroar|Intimidate|boost
|-unboost|p1a: Arcanine|atk|1
|-unboost|p1b: Whimsicott|atk|1
|move|p1b: Whimsicott|Tailwind|p1b: Whimsicott
|-sidestart|p1: thaduck|move: Tailwind
|move|p1a: Arcanine|Flare Blitz|p2b: Incineroar
|-resisted|p2b: Incineroar|1
|-damage|p2b: Incineroar|44/100
|-enditem|p2b: Incineroar|Sitrus Berry|[eat]
|-heal|p2b: Incineroar|69/100|[from] item: Sitrus Berry
|move|p2a: Charizard|Heat Wave|p1b: Whimsicott|[spread] p1a,p1b
|-resisted|p1a: Arcanine|2
|-crit|p1a: Arcanine
|-supereffective|p1b: Whimsicott|1
|-damage|p1a: Arcanine|68/100
|-damage|p1b: Whimsicott|0 fnt
|faint|p1b: Whimsicott
|
|-weather|SunnyDay|[upkeep]
|upkeep
|
|t:|1785025040
|switch|p1b: Floette|Floette-Mega, L50, F|71/100
|-ability|p1b: Floette|Fairy Aura
|turn|6
|
|t:|1785025063
|move|p1a: Arcanine|Protect|p1a: Arcanine
|-singleturn|p1a: Arcanine|Protect
|move|p1b: Floette|Protect|p1b: Floette
|-singleturn|p1b: Floette|Protect
|move|p2b: Incineroar|Fake Out|p1a: Arcanine
|-activate|p1a: Arcanine|move: Protect
|move|p2a: Charizard|Weather Ball|p1b: Floette
|-activate|p1b: Floette|move: Protect
|
|-weather|SunnyDay|[upkeep]
|upkeep
|turn|7
|
|t:|1785025081
|switch|p2b: Garchomp|Garchomp, L50, M|20/100y
|move|p2a: Charizard|Protect|p2a: Charizard
|-singleturn|p2a: Charizard|Protect
|move|p1a: Arcanine|Head Smash|p2a: Charizard
|-activate|p2a: Charizard|move: Protect
|move|p1b: Floette|Light of Ruin|p2b: Garchomp
|-supereffective|p2b: Garchomp|1
|-damage|p2b: Garchomp|0 fnt
|faint|p2b: Garchomp
|-damage|p1b: Floette|58/100|[from] Recoil
|
|-weather|SunnyDay|[upkeep]
|upkeep
|
|t:|1785025093
|switch|p2b: Incineroar|Incineroar, L50, M|69/100
|-ability|p2b: Incineroar|Intimidate|boost
|-unboost|p1a: Arcanine|atk|1
|-unboost|p1b: Floette|atk|1
|turn|8
|
|t:|1785025110
|move|p2b: Incineroar|Fake Out|p1a: Arcanine
|-resisted|p1a: Arcanine|1
|-damage|p1a: Arcanine|62/100
|cant|p1a: Arcanine|flinch
|move|p1b: Floette|Light of Ruin|p2b: Incineroar
|-damage|p2b: Incineroar|0 fnt
|faint|p2b: Incineroar
|-damage|p1b: Floette|12/100|[from] Recoil
|move|p2a: Charizard|Heat Wave|p1a: Arcanine|[spread] p1a
|-miss|p2a: Charizard|p1b: Floette
|-resisted|p1a: Arcanine|2
|-damage|p1a: Arcanine|43/100
|-enditem|p1a: Arcanine|Sitrus Berry|[eat]
|-heal|p1a: Arcanine|68/100|[from] item: Sitrus Berry
|
|-weather|none
|-sideend|p1: thaduck|move: Tailwind
|upkeep
|turn|9
|
|t:|1785025127
|move|p1a: Arcanine|Head Smash|p2a: Charizard
|-supereffective|p2a: Charizard|2
|-damage|p2a: Charizard|0 fnt
|faint|p2a: Charizard
|
|win|thaduck
||alkdfe is ready for game 3.
||thaduck is ready for game 3.
|uhtml|next|Next: Game 3 of 3
