|j|☆J4yz1lla
|j|☆noka47
|html|J4yz1llanoka47    
|uhtml|bestof|Game 1 of a best-of-3
|t:|1782237120
|gametype|doubles
|player|p1|J4yz1lla|riley|1073
|player|p2|noka47|101|1205
|gen|9
|tier|[Gen 9 Champions] VGC 2026 Reg M-B (Bo3)
|rated|
|rule|Species Clause: Limit one of each Pokémon
|rule|Item Clause: Limit 1 of each item
|clearpoke
|poke|p1|Tyranitar, L50, F|
|poke|p1|Rotom-Wash, L50|
|poke|p1|Corviknight, L50, M|
|poke|p1|Oranguru, L50, F|
|poke|p1|Garchomp, L50, M|
|poke|p1|Excadrill, L50, M|
|poke|p2|Mawile, L50, M|
|poke|p2|Incineroar, L50, F|
|poke|p2|Sneasler, L50, M|
|poke|p2|Pelipper, L50, M|
|poke|p2|Farigiraf, L50, M|
|poke|p2|Sinistcha, L50|
|teampreview|4
|showteam|p1|Tyranitar||Tyranitarite|SandStream|Curse,Protect,RockSlide,KnockOff|Adamant||F|||50|]Rotom-Wash||Leftovers|Levitate|Discharge,HydroPump,WillOWisp,Protect|Modest|||||50|]Corviknight||OccaBerry|MirrorArmor|BodyPress,BulkUp,PowerTrip,Tailwind|Impish||M|||50|]Oranguru||ColburBerry|Telepathy|Instruct,TrickRoom,Psychic,HyperVoice|Sassy||F|||50|]Garchomp||LifeOrb|RoughSkin|RockSlide,Earthquake,DragonClaw,Protect|Adamant||M|||50|]Excadrill||FocusSash|SandRush|Earthquake,IronHead,Protect,SwordsDance|Adamant||M|||50|
|showteam|p2|Mawile||Mawilite|Intimidate|IronHead,PlayRough,SuckerPunch,Protect|Adamant||M|||50|]Incineroar||PasshoBerry|Intimidate|FlareBlitz,DarkestLariat,FakeOut,PartingShot|Adamant||F|||50|]Sneasler||WhiteHerb|Unburden|CloseCombat,DireClaw,FakeOut,Protect|Adamant||M|||50|]Pelipper||LifeOrb|Drizzle|Hurricane,WeatherBall,IceBeam,Protect|Modest||M|||50|]Farigiraf||ColburBerry|ArmorTail|Psychic,Thunderbolt,TrickRoom,Protect|Quiet||M|||50|]Sinistcha||SitrusBerry|Hospitality|MatchaGotcha,RagePowder,TrickRoom,ShadowBall|Relaxed|||||50|
|
|t:|1782237175
|teamsize|p1|4
|teamsize|p2|4
|start
|switch|p1a: Tyranitar|Tyranitar, L50, F|100/100
|switch|p1b: Oranguru|Oranguru, L50, F|100/100
|switch|p2a: Sinistcha|Sinistcha, L50|100/100
|switch|p2b: Sneasler|Sneasler, L50, M|100/100
|-weather|Sandstorm|[from] ability: Sand Stream|[of] p1a: Tyranitar
|turn|1
|inactive|Battle timer is ON: inactive players will automatically lose when time's up. (requested by noka47)
|inactive|noka47 has 60 seconds left.
|
|t:|1782237223
|switch|p1a: Corviknight|Corviknight, L50, M|100/100
|move|p2b: Sneasler|Fake Out|p1b: Oranguru
|-damage|p1b: Oranguru|85/100
|cant|p1b: Oranguru|flinch
|move|p2a: Sinistcha|Trick Room|p2a: Sinistcha
|-fieldstart|move: Trick Room|[of] p2a: Sinistcha
|
|-weather|Sandstorm|[upkeep]
|-damage|p1b: Oranguru|79/100|[from] Sandstorm
|-damage|p2a: Sinistcha|93/100|[from] Sandstorm
|-damage|p2b: Sneasler|94/100|[from] Sandstorm
|upkeep
|turn|2
|
|t:|1782237238
|switch|p2b: Pelipper|Pelipper, L50, M|100/100
|-weather|RainDance|[from] ability: Drizzle|[of] p2b: Pelipper
|move|p1b: Oranguru|Instruct|p2a: Sinistcha
|-singleturn|p2a: Sinistcha|move: Instruct|[of] p1b: Oranguru
|move|p2a: Sinistcha|Trick Room|p2a: Sinistcha
|-fieldend|move: Trick Room
|move|p1a: Corviknight|Bulk Up|p1a: Corviknight
|-boost|p1a: Corviknight|atk|1
|-boost|p1a: Corviknight|def|1
|move|p2a: Sinistcha|Matcha Gotcha|p1b: Oranguru|[spread] p1a,p1b
|-resisted|p1a: Corviknight|2
|-damage|p1a: Corviknight|94/100
|-heal|p2a: Sinistcha|97/100|[from] drain|[of] p1a: Corviknight
|-damage|p1b: Oranguru|60/100
|-heal|p2a: Sinistcha|100/100|[from] drain|[of] p1b: Oranguru
|
|-weather|RainDance|[upkeep]
|upkeep
|turn|3
|inactive|noka47 has 30 seconds left.
|
|t:|1782237266
|switch|p1b: Tyranitar|Tyranitar, L50, F|100/100
|-weather|Sandstorm|[from] ability: Sand Stream|[of] p1b: Tyranitar
|move|p1a: Corviknight|Bulk Up|p1a: Corviknight
|-boost|p1a: Corviknight|atk|1
|-boost|p1a: Corviknight|def|1
|move|p2b: Pelipper|Weather Ball|p1a: Corviknight
|-damage|p1a: Corviknight|60/100
|-damage|p2b: Pelipper|90/100|[from] item: Life Orb
|move|p2a: Sinistcha|Matcha Gotcha|p1b: Tyranitar|[spread] p1a,p1b
|-resisted|p1a: Corviknight|2
|-supereffective|p1b: Tyranitar|1
|-damage|p1a: Corviknight|54/100
|-damage|p1b: Tyranitar|73/100
|
|-weather|Sandstorm|[upkeep]
|-damage|p2b: Pelipper|84/100|[from] Sandstorm
|-damage|p2a: Sinistcha|93/100|[from] Sandstorm
|upkeep
|turn|4
|inactive|noka47 has 30 seconds left.
|
|t:|1782237297
|switch|p2b: Sneasler|Sneasler, L50, M|94/100
|detailschange|p1b: Tyranitar|Tyranitar-Mega, L50, F
|-mega|p1b: Tyranitar|Tyranitar|Tyranitarite
|move|p1a: Corviknight|Power Trip|p2a: Sinistcha
|-supereffective|p2a: Sinistcha|1
|-damage|p2a: Sinistcha|41/100
|-enditem|p2a: Sinistcha|Sitrus Berry|[eat]
|-heal|p2a: Sinistcha|65/100|[from] item: Sitrus Berry
|move|p1b: Tyranitar|Rock Slide|p2b: Sneasler|[spread] p2a,p2b
|-resisted|p2b: Sneasler|1
|-damage|p2a: Sinistcha|38/100
|-damage|p2b: Sneasler|64/100
|move|p2a: Sinistcha|Matcha Gotcha|p1b: Tyranitar|[spread] p1a,p1b
|-resisted|p1a: Corviknight|2
|-supereffective|p1b: Tyranitar|1
|-damage|p1a: Corviknight|48/100
|-heal|p2a: Sinistcha|42/100|[from] drain|[of] p1a: Corviknight
|-damage|p1b: Tyranitar|49/100
|-heal|p2a: Sinistcha|55/100|[from] drain|[of] p1b: Tyranitar
|-status|p1a: Corviknight|brn
|
|-weather|Sandstorm|[upkeep]
|-damage|p2b: Sneasler|58/100|[from] Sandstorm
|-damage|p2a: Sinistcha|49/100|[from] Sandstorm
|-damage|p1a: Corviknight|42/100 brn|[from] brn
|upkeep
|turn|5
|inactive|J4yz1lla has 30 seconds left.
|inactive|noka47 has 30 seconds left.
|inactive|J4yz1lla has 20 seconds left.
|inactive|noka47 has 20 seconds left.
|
|t:|1782237336
|switch|p2b: Pelipper|Pelipper, L50, M|84/100
|-weather|RainDance|[from] ability: Drizzle|[of] p2b: Pelipper
|move|p1a: Corviknight|Power Trip|p2a: Sinistcha
|-supereffective|p2a: Sinistcha|1
|-damage|p2a: Sinistcha|19/100
|move|p1b: Tyranitar|Rock Slide|p2a: Sinistcha|[spread] p2a,p2b
|-supereffective|p2b: Pelipper|1
|-damage|p2a: Sinistcha|0 fnt
|-damage|p2b: Pelipper|4/100
|faint|p2a: Sinistcha
|
|-weather|RainDance|[upkeep]
|-damage|p1a: Corviknight|37/100 brn|[from] brn
|upkeep
|
|t:|1782237349
|switch|p2a: Sneasler|Sneasler, L50, M|58/100
|turn|6
|inactive|noka47 has 30 seconds left.
|
|t:|1782237378
|switch|p1b: Oranguru|Oranguru, L50, F|60/100
|move|p2a: Sneasler|Close Combat|p1b: Oranguru
|-damage|p1b: Oranguru|0 fnt
|-unboost|p2a: Sneasler|def|1
|-unboost|p2a: Sneasler|spd|1
|faint|p1b: Oranguru
|-enditem|p2a: Sneasler|White Herb
|-clearnegativeboost|p2a: Sneasler|[silent]
|move|p1a: Corviknight|Power Trip|p2b: Pelipper
|-damage|p2b: Pelipper|0 fnt
|faint|p2b: Pelipper
|
|-weather|RainDance|[upkeep]
|-damage|p1a: Corviknight|31/100 brn|[from] brn
|upkeep
|
|t:|1782237403
|switch|p2b: Mawile|Mawile, L50, M|100/100
|switch|p1b: Rotom|Rotom-Wash, L50|100/100
|-ability|p2b: Mawile|Intimidate|boost
|-ability|p1a: Corviknight|Mirror Armor
|-unboost|p2b: Mawile|atk|1
|-unboost|p1b: Rotom|atk|1
|turn|7
|
|t:|1782237425
|detailschange|p2b: Mawile|Mawile-Mega, L50, M
|-mega|p2b: Mawile|Mawile|Mawilite
|move|p1b: Rotom|Protect|p1b: Rotom
|-singleturn|p1b: Rotom|Protect
|move|p2b: Mawile|Protect|p2b: Mawile
|-singleturn|p2b: Mawile|Protect
|move|p2a: Sneasler|Close Combat|p1b: Rotom
|-activate|p1b: Rotom|move: Protect
|move|p1a: Corviknight|Tailwind|p1a: Corviknight
|-sidestart|p1: J4yz1lla|move: Tailwind
|
|-weather|RainDance|[upkeep]
|-damage|p1a: Corviknight|25/100 brn|[from] brn
|upkeep
|turn|8
|inactive|J4yz1lla has 30 seconds left.
|
|t:|1782237458
|move|p2a: Sneasler|Close Combat|p1b: Rotom
|-damage|p1b: Rotom|23/100
|-unboost|p2a: Sneasler|def|1
|-unboost|p2a: Sneasler|spd|1
|move|p1b: Rotom|Hydro Pump|p2b: Mawile|[miss]
|-miss|p1b: Rotom|p2b: Mawile
|move|p1a: Corviknight|Body Press|p2b: Mawile
|-damage|p2b: Mawile|80/100
|move|p2b: Mawile|Play Rough|p1b: Rotom
|-damage|p1b: Rotom|0 fnt
|faint|p1b: Rotom
|
|-weather|RainDance|[upkeep]
|-damage|p1a: Corviknight|19/100 brn|[from] brn
|upkeep
|
|t:|1782237465
|switch|p1b: Tyranitar|Tyranitar-Mega, L50, F|49/100
|-weather|Sandstorm|[from] ability: Sand Stream|[of] p1b: Tyranitar
|turn|9
|
|t:|1782237488
|move|p2a: Sneasler|Protect|p2a: Sneasler
|-singleturn|p2a: Sneasler|Protect
|move|p2b: Mawile|Protect|p2b: Mawile
|-singleturn|p2b: Mawile|Protect
|move|p1a: Corviknight|Body Press|p2a: Sneasler
|-activate|p2a: Sneasler|move: Protect
|move|p1b: Tyranitar|Rock Slide|p2a: Sneasler|[spread] 
|-activate|p2a: Sneasler|move: Protect
|-activate|p2b: Mawile|move: Protect
|
|-weather|Sandstorm|[upkeep]
|-damage|p2a: Sneasler|52/100|[from] Sandstorm
|-damage|p1a: Corviknight|13/100 brn|[from] brn
|upkeep
|turn|10
|
|t:|1782237503
|move|p1b: Tyranitar|Protect|p1b: Tyranitar
|-singleturn|p1b: Tyranitar|Protect
|move|p2b: Mawile|Sucker Punch|p1a: Corviknight
|-damage|p1a: Corviknight|2/100 brn
|move|p2a: Sneasler|Close Combat|p1b: Tyranitar
|-activate|p1b: Tyranitar|move: Protect
|move|p1a: Corviknight|Body Press|p2a: Sneasler
|-resisted|p2a: Sneasler|1
|-damage|p2a: Sneasler|26/100
|
|-weather|Sandstorm|[upkeep]
|-damage|p2a: Sneasler|20/100y|[from] Sandstorm
|-damage|p1a: Corviknight|0 fnt|[from] brn
|faint|p1a: Corviknight
|-sideend|p1: J4yz1lla|move: Tailwind
|upkeep
|turn|11
|
|t:|1782237518
|move|p2a: Sneasler|Close Combat|p1b: Tyranitar
|-supereffective|p1b: Tyranitar|2
|-damage|p1b: Tyranitar|0 fnt
|-unboost|p2a: Sneasler|def|1
|-unboost|p2a: Sneasler|spd|1
|faint|p1b: Tyranitar
|
|win|noka47
|l|☆noka47
|player|p2|
|inactive|J4yz1lla has 30 seconds to confirm battle start!
|inactive|noka47 has 30 seconds to confirm battle start!
||noka47 is ready for game 2.
|l|☆J4yz1lla
|player|p1|
|inactive|J4yz1lla has 20 seconds to confirm battle start!
||J4yz1lla is ready for game 2.
|uhtml|next|Next: Game 2 of 3
|j|☆noka47
|player|p2|noka47|101|
