|j|☆davidxrt
|j|☆starlight74
|html|davidxrtstarlight74    
|uhtml|bestof|Game 1 of a best-of-3
|t:|1784340623
|gametype|doubles
|player|p1|davidxrt|hilbert-wonderlauncher|1350
|player|p2|starlight74|anabel-gen7|1515
|gen|9
|tier|[Gen 9 Champions] VGC 2026 Reg M-B (Bo3)
|rated|
|rule|Species Clause: Limit one of each Pokémon
|rule|Item Clause: Limit 1 of each item
|clearpoke
|poke|p1|Klefki, L50, F|
|poke|p1|Lycanroc-Dusk, L50, F|
|poke|p1|Pelipper, L50, M|
|poke|p1|Archaludon, L50, F|
|poke|p1|Basculegion, L50, M|
|poke|p1|Floette-Eternal, L50, F|
|poke|p2|Metagross, L50, shiny|
|poke|p2|Sneasler, L50, M|
|poke|p2|Incineroar, L50, F|
|poke|p2|Lycanroc-Dusk, L50, M|
|poke|p2|Hydreigon, L50, F|
|poke|p2|Floette-Eternal, L50, F|
|teampreview|4
|showteam|p1|Klefki||LightClay|Prankster|Reflect,LightScreen,RainDance,TrickRoom|Bold||F|||50|]Lycanroc-Dusk||FocusSash|ToughClaws|Accelerock,CloseCombat,PsychicFangs,RockSlide|Adamant||F|||50|]Pelipper||SitrusBerry|Drizzle|Protect,Tailwind,WeatherBall,Hurricane|Modest||M|||50|]Archaludon||QuickClaw|Stamina|Protect,ElectroShot,DracoMeteor,FlashCannon|Modest||F|||50|]Basculegion||LifeOrb|SwiftSwim|Protect,AquaJet,WaveCrash,LastRespects|Adamant||M|||50|]Floette-Eternal||Floettite|FlowerVeil|Protect,DazzlingGleam,Moonblast,LightofRuin|Modest||F|||50|
|showteam|p2|Metagross||Metagrossite|ClearBody|PsychicFangs,BulletPunch,Substitute,Protect|Jolly|||||50|]Sneasler||WhiteHerb|Unburden|CloseCombat,DireClaw,FakeOut,Protect|Jolly||M|||50|]Incineroar||SitrusBerry|Intimidate|FlareBlitz,PartingShot,HelpingHand,FakeOut|Impish||F|||50|]Lycanroc-Dusk||FocusSash|ToughClaws|Accelerock,CloseCombat,RockSlide,Protect|Jolly||M|||50|]Hydreigon||ChoiceScarf|Levitate|DarkPulse,DracoMeteor,HeatWave,Snarl|Timid||F|||50|]Floette-Eternal||Floettite|FlowerVeil|DazzlingGleam,DrainingKiss,CalmMind,Protect|Timid||F|||50|
|inactive|Battle timer is ON: inactive players will automatically lose when time's up. (requested by starlight74)
|inactive|davidxrt also wants the timer to be on.
|inactive|davidxrt has 60 seconds left.
|inactive|davidxrt has 30 seconds left.
|
|t:|1784340694
|teamsize|p1|4
|teamsize|p2|4
|start
|switch|p1a: Klefki|Klefki, L50, F|100/100
|switch|p1b: Floette|Floette-Eternal, L50, F|100/100
|switch|p2a: Incineroar|Incineroar, L50, F|100/100
|switch|p2b: Floette|Floette-Eternal, L50, F|100/100
|-ability|p2a: Incineroar|Intimidate|boost
|-unboost|p1a: Klefki|atk|1
|-unboost|p1b: Floette|atk|1
|turn|1
|
|t:|1784340710
|detailschange|p2b: Floette|Floette-Mega, L50, F
|-mega|p2b: Floette|Floette|Floettite
|-ability|p2b: Floette|Fairy Aura
|detailschange|p1b: Floette|Floette-Mega, L50, F
|-mega|p1b: Floette|Floette|Floettite
|-ability|p1b: Floette|Fairy Aura
|move|p2a: Incineroar|Fake Out|p1b: Floette
|-damage|p1b: Floette|90/100
|move|p1a: Klefki|Light Screen|p1a: Klefki
|-sidestart|p1: davidxrt|move: Light Screen
|move|p2b: Floette|Calm Mind|p2b: Floette
|-boost|p2b: Floette|spa|1
|-boost|p2b: Floette|spd|1
|cant|p1b: Floette|flinch
|
|upkeep
|turn|2
|inactive|davidxrt has 30 seconds left.
|
|t:|1784340736
|move|p2b: Floette|Protect|p2b: Floette
|-singleturn|p2b: Floette|Protect
|move|p1b: Floette|Moonblast|p2b: Floette
|-activate|p2b: Floette|move: Protect
|move|p2a: Incineroar|Parting Shot|p1b: Floette
|-unboost|p1b: Floette|atk|1
|-unboost|p1b: Floette|spa|1
|
|t:|1784340742
|switch|p2a: Lycanroc|Lycanroc-Dusk, L50, M|100/100|[from] Parting Shot
|move|p1a: Klefki|Trick Room|p1a: Klefki
|-fieldstart|move: Trick Room|[of] p1a: Klefki
|
|upkeep
|turn|3
|
|t:|1784340756
|switch|p1a: Archaludon|Archaludon, L50, F|100/100
|move|p2a: Lycanroc|Protect|p2a: Lycanroc
|-singleturn|p2a: Lycanroc|Protect
|move|p1b: Floette|Dazzling Gleam|p2a: Lycanroc|[spread] p2b
|-activate|p2a: Lycanroc|move: Protect
|-damage|p2b: Floette|81/100
|move|p2b: Floette|Draining Kiss|p1b: Floette
|-damage|p1b: Floette|64/100
|-heal|p2b: Floette|100/100|[from] drain|[of] p1b: Floette
|
|upkeep
|turn|4
|-activate|p1a: Archaludon|item: Quick Claw
|
|t:|1784340772
|move|p1a: Archaludon|Flash Cannon|p2b: Floette
|-supereffective|p2b: Floette|1
|-damage|p2b: Floette|52/100
|move|p1b: Floette|Dazzling Gleam|p2b: Floette|[spread] p2a,p2b
|-damage|p2a: Lycanroc|48/100
|-damage|p2b: Floette|34/100
|move|p2b: Floette|Draining Kiss|p1a: Archaludon
|-damage|p1a: Archaludon|60/100
|-heal|p2b: Floette|73/100|[from] drain|[of] p1a: Archaludon
|-ability|p1a: Archaludon|Stamina|boost
|-boost|p1a: Archaludon|def|1
|move|p2a: Lycanroc|Close Combat|p1a: Archaludon
|-supereffective|p1a: Archaludon|1
|-damage|p1a: Archaludon|6/100
|-unboost|p2a: Lycanroc|def|1
|-unboost|p2a: Lycanroc|spd|1
|-ability|p1a: Archaludon|Stamina|boost
|-boost|p1a: Archaludon|def|1
|
|upkeep
|turn|5
|
|t:|1784340792
|move|p2b: Floette|Protect|p2b: Floette
|-singleturn|p2b: Floette|Protect
|move|p2a: Lycanroc|Accelerock|p1a: Archaludon
|-resisted|p1a: Archaludon|1
|-damage|p1a: Archaludon|2/100
|-ability|p1a: Archaludon|Stamina|boost
|-boost|p1a: Archaludon|def|1
|move|p1a: Archaludon|Flash Cannon|p2b: Floette
|-activate|p2b: Floette|move: Protect
|move|p1b: Floette|Dazzling Gleam|p2a: Lycanroc|[spread] p2a
|-activate|p2b: Floette|move: Protect
|-damage|p2a: Lycanroc|0 fnt
|faint|p2a: Lycanroc
|
|upkeep
|
|t:|1784340814
|switch|p2a: Incineroar|Incineroar, L50, F|100/100
|-ability|p2a: Incineroar|Intimidate|boost
|-unboost|p1a: Archaludon|atk|1
|-unboost|p1b: Floette|atk|1
|turn|6
|
|t:|1784340823
|move|p2a: Incineroar|Fake Out|p1a: Archaludon
|-resisted|p1a: Archaludon|1
|-damage|p1a: Archaludon|1/100
|-ability|p1a: Archaludon|Stamina|boost
|-boost|p1a: Archaludon|def|1
|cant|p1a: Archaludon|flinch
|move|p1b: Floette|Light of Ruin|p2b: Floette
|-damage|p2b: Floette|29/100
|-damage|p1b: Floette|45/100|[from] Recoil
|move|p2b: Floette|Draining Kiss|p1b: Floette
|-damage|p1b: Floette|19/100
|-heal|p2b: Floette|53/100|[from] drain|[of] p1b: Floette
|
|-fieldend|move: Trick Room
|upkeep
|turn|7
|-activate|p1a: Archaludon|item: Quick Claw
|
|t:|1784340840
|switch|p2a: Hydreigon|Hydreigon, L50, F|100/100
|move|p1a: Archaludon|Flash Cannon|p2b: Floette
|-supereffective|p2b: Floette|1
|-damage|p2b: Floette|8/100
|move|p2b: Floette|Dazzling Gleam|p1a: Archaludon|[spread] p1a,p1b
|-damage|p1a: Archaludon|0 fnt
|-damage|p1b: Floette|0 fnt
|faint|p1a: Archaludon
|faint|p1b: Floette
|
|upkeep
|
|t:|1784340849
|switch|p1b: Klefki|Klefki, L50, F|100/100
|switch|p1a: Basculegion|Basculegion, L50, M|100/100
|turn|8
|
|t:|1784340860
|move|p2b: Floette|Protect|p2b: Floette
|-singleturn|p2b: Floette|Protect
|move|p1b: Klefki|Rain Dance|p1b: Klefki
|-weather|RainDance
|move|p2a: Hydreigon|Dark Pulse|p1a: Basculegion
|-supereffective|p1a: Basculegion|1
|-damage|p1a: Basculegion|46/100
|move|p1a: Basculegion|Wave Crash|p2a: Hydreigon
|-resisted|p2a: Hydreigon|1
|-damage|p2a: Hydreigon|26/100
|-damage|p1a: Basculegion|27/100|[from] Recoil
|-damage|p1a: Basculegion|18/100|[from] item: Life Orb
|
|-weather|RainDance|[upkeep]
|-sideend|p1: davidxrt|move: Light Screen
|upkeep
|turn|9
|inactive|davidxrt has 30 seconds left.
|
|t:|1784340890
|move|p1a: Basculegion|Protect|p1a: Basculegion
|-singleturn|p1a: Basculegion|Protect
|move|p1b: Klefki|Light Screen|p1b: Klefki
|-sidestart|p1: davidxrt|move: Light Screen
|move|p2a: Hydreigon|Dark Pulse|p1a: Basculegion
|-activate|p1a: Basculegion|move: Protect
|move|p2b: Floette|Draining Kiss|p1b: Klefki
|-resisted|p1b: Klefki|1
|-damage|p1b: Klefki|79/100
|-heal|p2b: Floette|25/100|[from] drain|[of] p1b: Klefki
|
|-weather|RainDance|[upkeep]
|upkeep
|turn|10
|
|t:|1784340912
|switch|p2a: Incineroar|Incineroar, L50, F|100/100
|-ability|p2a: Incineroar|Intimidate|boost
|-unboost|p1a: Basculegion|atk|1
|-unboost|p1b: Klefki|atk|1
|move|p1a: Basculegion|Aqua Jet|p2a: Incineroar
|-supereffective|p2a: Incineroar|1
|-damage|p2a: Incineroar|61/100
|-damage|p1a: Basculegion|8/100|[from] item: Life Orb
|move|p1b: Klefki|Reflect|p1b: Klefki
|-sidestart|p1: davidxrt|Reflect
|move|p2b: Floette|Draining Kiss|p1a: Basculegion
|-damage|p1a: Basculegion|0 fnt
|-heal|p2b: Floette|34/100|[from] drain|[of] p1a: Basculegion
|faint|p1a: Basculegion
|
|-weather|RainDance|[upkeep]
|upkeep
|turn|11
|
|t:|1784340924
|move|p2a: Incineroar|Fake Out|p1b: Klefki
|-resisted|p1b: Klefki|1
|-damage|p1b: Klefki|76/100
|move|p2b: Floette|Dazzling Gleam|p1b: Klefki
|-resisted|p1b: Klefki|1
|-damage|p1b: Klefki|46/100
|cant|p1b: Klefki|flinch
|
|-weather|RainDance|[upkeep]
|upkeep
|turn|12
|-message|davidxrt forfeited.
|
|win|starlight74
