|j|☆JBE Zants
|j|☆DibraldinhoVGC
|html|JBE ZantsDibraldinhoVGC    
|uhtml|bestof|Game 1 of a best-of-3
|t:|1784679379
|gametype|doubles
|player|p1|JBE Zants|hilbert|
|player|p2|DibraldinhoVGC|1|
|gen|9
|tier|[Gen 9 Champions] VGC 2026 Reg M-B (Bo3)
|rule|Species Clause: Limit one of each Pokémon
|rule|Item Clause: Limit 1 of each item
|clearpoke
|poke|p1|Kingambit, L50, M|
|poke|p1|Sneasler, L50, M|
|poke|p1|Basculegion, L50, M|
|poke|p1|Scovillain, L50, F|
|poke|p1|Lycanroc-Dusk, L50, M|
|poke|p1|Froslass, L50, F|
|poke|p2|Grimmsnarl, L50, M, shiny|
|poke|p2|Pelipper, L50, M|
|poke|p2|Archaludon, L50, M|
|poke|p2|Venusaur, L50, F|
|poke|p2|Charizard, L50, M, shiny|
|poke|p2|Basculegion, L50, M|
|teampreview|4
|showteam|p1|Kingambit||BlackGlasses|Defiant|Protect,KowtowCleave,SuckerPunch,SwordsDance|Adamant||M|||50|]Sneasler||WhiteHerb|Unburden|Protect,CloseCombat,PoisonJab,FakeOut|Adamant||M|||50|]Basculegion||LifeOrb|Adaptability|Protect,WaveCrash,LastRespects,AquaJet|Jolly||M|||50|]Scovillain||Scovillainite|Moody|Protect,Overheat,GigaDrain,RagePowder|Bold||F|||50|]Lycanroc-Dusk||FocusSash|ToughClaws|Protect,RockSlide,Accelerock,CloseCombat|Adamant||M|||50|]Froslass||Froslassite|CursedBody|Protect,Blizzard,ShadowBall,Taunt|Timid||F|||50|
|showteam|p2|Grimmsnarl||LightClay|Prankster|SpiritBreak,PartingShot,Reflect,LightScreen|Sassy||M|||50|]Pelipper||SitrusBerry|Drizzle|Hurricane,WeatherBall,Tailwind,WideGuard|Modest||M|||50|]Archaludon||Leftovers|Stamina|ElectroShot,DragonPulse,FlashCannon,Protect|Modest||M|||50|]Venusaur||FocusSash|Chlorophyll|SludgeBomb,EarthPower,SleepPowder,Protect|Modest||F|||50|]Charizard||CharizarditeY|Blaze|HeatWave,WeatherBall,SolarBeam,Protect|Modest||M|||50|]Basculegion||ChoiceScarf|Adaptability|WaveCrash,LastRespects,FlipTurn,AquaJet|Jolly||M|||50|
|
|t:|1784679470
|teamsize|p1|4
|teamsize|p2|4
|start
|switch|p1a: Sneasler|Sneasler, L50, M|100/100
|switch|p1b: Froslass|Froslass, L50, F|100/100
|switch|p2a: Grimmsnarl|Grimmsnarl, L50, M, shiny|100/100
|switch|p2b: Basculegion|Basculegion, L50, M|100/100
|turn|1
|
|t:|1784679520
|move|p1b: Froslass|Protect|p1b: Froslass
|-singleturn|p1b: Froslass|Protect
|move|p2a: Grimmsnarl|Reflect|p2a: Grimmsnarl
|-sidestart|p2: DibraldinhoVGC|Reflect
|move|p2b: Basculegion|Flip Turn|p1b: Froslass
|-activate|p1b: Froslass|move: Protect
|move|p1a: Sneasler|Poison Jab|p2b: Basculegion
|-resisted|p2b: Basculegion|1
|-crit|p2b: Basculegion
|-damage|p2b: Basculegion|66/100
|-status|p2b: Basculegion|psn
|
|-damage|p2b: Basculegion|54/100 psn|[from] psn
|upkeep
|turn|2
|
|t:|1784679563
|move|p2a: Grimmsnarl|Light Screen|p2a: Grimmsnarl
|-sidestart|p2: DibraldinhoVGC|move: Light Screen
|move|p2b: Basculegion|Flip Turn|p1b: Froslass
|-damage|p1b: Froslass|38/100
|
|t:|1784679578
|switch|p2b: Archaludon|Archaludon, L50, M|100/100|[from] Flip Turn
|move|p1b: Froslass|Taunt|p2b: Archaludon
|-start|p2b: Archaludon|move: Taunt
|move|p1a: Sneasler|Poison Jab|p2a: Grimmsnarl
|-supereffective|p2a: Grimmsnarl|1
|-damage|p2a: Grimmsnarl|38/100
|-status|p2a: Grimmsnarl|psn
|
|-damage|p2a: Grimmsnarl|25/100 psn|[from] psn
|upkeep
|turn|3
|
|t:|1784679617
|switch|p1b: Lycanroc|Lycanroc-Dusk, L50, M|100/100
|move|p2a: Grimmsnarl|Parting Shot|p1a: Sneasler
|-unboost|p1a: Sneasler|atk|1
|-unboost|p1a: Sneasler|spa|1
|
|t:|1784679623
|switch|p2a: Pelipper|Pelipper, L50, M|100/100|[from] Parting Shot
|-enditem|p1a: Sneasler|White Herb
|-clearnegativeboost|p1a: Sneasler|[silent]
|-weather|RainDance|[from] ability: Drizzle|[of] p2a: Pelipper
|move|p1a: Sneasler|Close Combat|p2b: Archaludon
|-supereffective|p2b: Archaludon|1
|-damage|p2b: Archaludon|41/100
|-unboost|p1a: Sneasler|def|1
|-unboost|p1a: Sneasler|spd|1
|-ability|p2b: Archaludon|Stamina|boost
|-boost|p2b: Archaludon|def|1
|move|p2b: Archaludon|Electro Shot||[still]
|-prepare|p2b: Archaludon|Electro Shot
|-boost|p2b: Archaludon|spa|1
|-anim|p2b: Archaludon|Electro Shot|p1a: Sneasler
|-damage|p1a: Sneasler|0 fnt
|faint|p1a: Sneasler
|
|-weather|RainDance|[upkeep]
|-heal|p2b: Archaludon|47/100|[from] item: Leftovers
|upkeep
|
|t:|1784679639
|switch|p1a: Froslass|Froslass, L50, F|38/100
|turn|4
|
|t:|1784679685
|detailschange|p1a: Froslass|Froslass-Mega, L50, F
|-mega|p1a: Froslass|Froslass|Froslassite
|-weather|Snowscape|[from] ability: Snow Warning|[of] p1a: Froslass
|move|p1a: Froslass|Shadow Ball|p2b: Archaludon
|-crit|p2b: Archaludon
|-damage|p2b: Archaludon|0 fnt
|faint|p2b: Archaludon
|move|p1b: Lycanroc|Close Combat|p2a: Pelipper
|-resisted|p2a: Pelipper|1
|-damage|p2a: Pelipper|79/100
|-unboost|p1b: Lycanroc|def|1
|-unboost|p1b: Lycanroc|spd|1
|move|p2a: Pelipper|Tailwind|p2a: Pelipper
|-sidestart|p2: DibraldinhoVGC|move: Tailwind
|
|-weather|Snowscape|[upkeep]
|upkeep
|
|t:|1784679700
|switch|p2b: Basculegion|Basculegion, L50, M|54/100 psn
|turn|5
|
|t:|1784679723
|move|p1a: Froslass|Protect|p1a: Froslass
|-singleturn|p1a: Froslass|Protect
|move|p1b: Lycanroc|Protect|p1b: Lycanroc
|-singleturn|p1b: Lycanroc|Protect
|move|p2b: Basculegion|Flip Turn|p1b: Lycanroc
|-activate|p1b: Lycanroc|move: Protect
|move|p2a: Pelipper|Hurricane|p1a: Froslass
|-activate|p1a: Froslass|move: Protect
|
|-weather|Snowscape|[upkeep]
|-damage|p2b: Basculegion|42/100 psn|[from] psn
|upkeep
|turn|6
|
|t:|1784679750
|move|p1b: Lycanroc|Accelerock|p2b: Basculegion
|-damage|p2b: Basculegion|21/100 psn
|move|p2b: Basculegion|Flip Turn|p1b: Lycanroc
|-supereffective|p1b: Lycanroc|1
|-enditem|p1b: Lycanroc|Focus Sash
|-damage|p1b: Lycanroc|1/100
|
|t:|1784679756
|switch|p2b: Grimmsnarl|Grimmsnarl, L50, M, shiny|25/100 psn|[from] Flip Turn
|move|p2a: Pelipper|Weather Ball|p1b: Lycanroc
|-damage|p1b: Lycanroc|0 fnt
|faint|p1b: Lycanroc
|move|p1a: Froslass|Shadow Ball|p2a: Pelipper
|-damage|p2a: Pelipper|46/100
|-enditem|p2a: Pelipper|Sitrus Berry|[eat]
|-heal|p2a: Pelipper|71/100|[from] item: Sitrus Berry
|
|-weather|Snowscape|[upkeep]
|-damage|p2b: Grimmsnarl|13/100 psn|[from] psn
|upkeep
|
|t:|1784679768
|switch|p1b: Basculegion|Basculegion, L50, M|100/100
|turn|7
|
|t:|1784679804
|switch|p2a: Basculegion|Basculegion, L50, M|21/100 psn
|move|p1a: Froslass|Protect|p1a: Froslass
|-singleturn|p1a: Froslass|Protect
|move|p1b: Basculegion|Protect|p1b: Basculegion
|-singleturn|p1b: Basculegion|Protect
|move|p2b: Grimmsnarl|Spirit Break|p1a: Froslass
|-activate|p1a: Froslass|move: Protect
|
|-weather|Snowscape|[upkeep]
|-damage|p2a: Basculegion|8/100 psn|[from] psn
|-damage|p2b: Grimmsnarl|1/100 psn|[from] psn
|-sideend|p2: DibraldinhoVGC|move: Tailwind
|upkeep
|turn|8
|
|t:|1784679848
|move|p1b: Basculegion|Aqua Jet|p2a: Basculegion
|-resisted|p2a: Basculegion|1
|-damage|p2a: Basculegion|0 fnt
|faint|p2a: Basculegion
|-damage|p1b: Basculegion|90/100|[from] item: Life Orb
|move|p2b: Grimmsnarl|Parting Shot|p1a: Froslass
|-unboost|p1a: Froslass|atk|1
|-unboost|p1a: Froslass|spa|1
|
|t:|1784679855
|switch|p2b: Pelipper|Pelipper, L50, M|71/100|[from] Parting Shot
|-weather|RainDance|[from] ability: Drizzle|[of] p2b: Pelipper
|move|p1a: Froslass|Blizzard|p2b: Pelipper
|-damage|p2b: Pelipper|40/100
|
|-weather|RainDance|[upkeep]
|-sideend|p2: DibraldinhoVGC|Reflect
|upkeep
|
|t:|1784679862
|switch|p2a: Grimmsnarl|Grimmsnarl, L50, M, shiny|1/100 psn
|turn|9
|
|t:|1784679883
|move|p2a: Grimmsnarl|Reflect|p2a: Grimmsnarl
|-sidestart|p2: DibraldinhoVGC|Reflect
|move|p1a: Froslass|Shadow Ball|p2a: Grimmsnarl
|-resisted|p2a: Grimmsnarl|1
|-damage|p2a: Grimmsnarl|0 fnt
|faint|p2a: Grimmsnarl
|move|p1b: Basculegion|Last Respects|p2b: Pelipper
|-damage|p2b: Pelipper|0 fnt
|faint|p2b: Pelipper
|-damage|p1b: Basculegion|80/100|[from] item: Life Orb
|
|win|JBE Zants
|inactive|JBE Zants has 30 seconds to confirm battle start!
|inactive|DibraldinhoVGC has 30 seconds to confirm battle start!
