|j|☆mumu2
|j|☆Joker113
|html|mumu2Joker113    
|uhtml|bestof|Game 3 of a best-of-3
|t:|1784731721
|gametype|doubles
|player|p1|mumu2|cyclistf|1156
|player|p2|Joker113|170|1210
|gen|9
|tier|[Gen 9 Champions] VGC 2026 Reg M-B (Bo3)
|rated|
|rule|Species Clause: Limit one of each Pokémon
|rule|Item Clause: Limit 1 of each item
|clearpoke
|poke|p1|Charizard, L50, F|
|poke|p1|Venusaur, L50, M|
|poke|p1|Garchomp, L50, F|
|poke|p1|Annihilape, L50, F|
|poke|p1|Incineroar, L50, F|
|poke|p1|Toxapex, L50, M|
|poke|p2|Gyarados, L50, M|
|poke|p2|Sneasler, L50, M|
|poke|p2|Garchomp, L50, F|
|poke|p2|Whimsicott, L50, M|
|poke|p2|Floette-Eternal, L50, F|
|poke|p2|Volcarona, L50, M|
|teampreview|4
|showteam|p1|Charizard||CharizarditeY|Blaze|HeatWave,WeatherBall,HelpingHand,Protect|Modest||F|||50|]Venusaur||LifeOrb|Chlorophyll|SludgeBomb,SolarBeam,EarthPower,Protect|Modest||M|||50|]Garchomp||ChoiceScarf|RoughSkin|DragonClaw,Earthquake,RockSlide,StompingTantrum|Adamant||F|||50|]Annihilape||FocusSash|Defiant|PhantomForce,CloseCombat,Protect,RockTomb|Jolly||F|||50|]Incineroar||SitrusBerry|Intimidate|FlareBlitz,ThroatChop,PartingShot,FakeOut|Impish||F|||50|]Toxapex||Leftovers|Regenerator|Toxic,Infestation,WideGuard,BanefulBunker|Bold||M|||50|
|showteam|p2|Gyarados||Gyaradosite|Intimidate|DragonDance,Waterfall,Crunch,Protect|Adamant||M|||50|]Sneasler||WhiteHerb|Unburden|CloseCombat,FakeOut,DireClaw,Protect|Adamant||M|||50|]Garchomp||LifeOrb|RoughSkin|Protect,StompingTantrum,RockSlide,DragonClaw|Adamant||F|||50|]Whimsicott||FocusSash|Prankster|Encore,Endeavor,Moonblast,Tailwind|Modest||M|||50|]Floette-Eternal||Floettite|FlowerVeil|DrainingKiss,Moonblast,CalmMind,Protect|Timid||F|||50|]Volcarona||SitrusBerry|FlameBody|HeatWave,QuiverDance,RagePowder,Protect|Serious||M|||50|
|inactive|Battle timer is ON: inactive players will automatically lose when time's up. (requested by Joker113)
|inactive|Joker113 has 60 seconds left.
|inactive|Joker113 has 30 seconds left.
|inactive|Joker113 has 20 seconds left.
|inactive|Joker113 has 15 seconds left.
|
|t:|1784731803
|teamsize|p1|4
|teamsize|p2|4
|start
|switch|p1a: Charizard|Charizard, L50, F|100/100
|switch|p1b: Venusaur|Venusaur, L50, M|100/100
|switch|p2a: Volcarona|Volcarona, L50, M|100/100
|switch|p2b: Floette|Floette-Eternal, L50, F|100/100
|turn|1
|
|t:|1784731819
|detailschange|p2b: Floette|Floette-Mega, L50, F
|-mega|p2b: Floette|Floette|Floettite
|-ability|p2b: Floette|Fairy Aura
|detailschange|p1a: Charizard|Charizard-Mega-Y, L50, F
|-mega|p1a: Charizard|Charizard|Charizardite Y
|-weather|SunnyDay|[from] ability: Drought|[of] p1a: Charizard
|move|p1b: Venusaur|Protect|p1b: Venusaur
|-singleturn|p1b: Venusaur|Protect
|move|p2b: Floette|Protect|p2b: Floette
|-singleturn|p2b: Floette|Protect
|move|p1a: Charizard|Weather Ball|p2a: Volcarona
|-damage|p2a: Volcarona|27/100
|-enditem|p2a: Volcarona|Sitrus Berry|[eat]
|-heal|p2a: Volcarona|52/100|[from] item: Sitrus Berry
|move|p2a: Volcarona|Quiver Dance|p2a: Volcarona
|-boost|p2a: Volcarona|spa|1
|-boost|p2a: Volcarona|spd|1
|-boost|p2a: Volcarona|spe|1
|
|-weather|SunnyDay|[upkeep]
|upkeep
|turn|2
|inactive|mumu2 has 30 seconds left.
|inactive|Joker113 has 30 seconds left.
|inactive|Joker113 has 20 seconds left.
|inactive|Joker113 has 15 seconds left.
|
|t:|1784731869
|move|p1b: Venusaur|Sludge Bomb|p2b: Floette
|-supereffective|p2b: Floette|1
|-damage|p2b: Floette|0 fnt
|faint|p2b: Floette
|-damage|p1b: Venusaur|90/100|[from] item: Life Orb
|move|p2a: Volcarona|Heat Wave|p1a: Charizard|[spread] p1a,p1b
|-resisted|p1a: Charizard|1
|-supereffective|p1b: Venusaur|1
|-damage|p1a: Charizard|62/100
|-damage|p1b: Venusaur|0 fnt
|faint|p1b: Venusaur
|move|p1a: Charizard|Weather Ball|p2a: Volcarona
|-damage|p2a: Volcarona|0 fnt
|faint|p2a: Volcarona
|
|-weather|SunnyDay|[upkeep]
|upkeep
|
|t:|1784731884
|switch|p2b: Whimsicott|Whimsicott, L50, M|100/100
|switch|p2a: Gyarados|Gyarados, L50, M|100/100
|switch|p1b: Toxapex|Toxapex, L50, M|100/100
|-ability|p2a: Gyarados|Intimidate|boost
|-unboost|p1a: Charizard|atk|1
|-unboost|p1b: Toxapex|atk|1
|turn|3
|inactive|Joker113 has 30 seconds left.
|inactive|Joker113 has 20 seconds left.
|inactive|Joker113 has 15 seconds left.
|
|t:|1784731927
|switch|p1a: Incineroar|Incineroar, L50, F|100/100
|-ability|p1a: Incineroar|Intimidate|boost
|-unboost|p2a: Gyarados|atk|1
|-unboost|p2b: Whimsicott|atk|1
|move|p2b: Whimsicott|Tailwind|p2b: Whimsicott
|-sidestart|p2: Joker113|move: Tailwind
|move|p2a: Gyarados|Dragon Dance|p2a: Gyarados
|-boost|p2a: Gyarados|atk|1
|-boost|p2a: Gyarados|spe|1
|move|p1b: Toxapex|Toxic|p2a: Gyarados
|-status|p2a: Gyarados|tox
|
|-weather|SunnyDay|[upkeep]
|-damage|p2a: Gyarados|93/100 tox|[from] psn
|upkeep
|turn|4
|
|t:|1784731939
|move|p1a: Incineroar|Fake Out|p2b: Whimsicott
|-damage|p2b: Whimsicott|85/100
|cant|p2b: Whimsicott|flinch
|move|p2a: Gyarados|Waterfall|p1a: Incineroar
|-supereffective|p1a: Incineroar|1
|-damage|p1a: Incineroar|70/100
|move|p1b: Toxapex|Infestation|p2b: Whimsicott
|-damage|p2b: Whimsicott|80/100
|-activate|p2b: Whimsicott|move: Infestation|[of] p1b: Toxapex
|
|-weather|SunnyDay|[upkeep]
|-damage|p2a: Gyarados|81/100 tox|[from] psn
|-damage|p2b: Whimsicott|68/100|[from] move: Infestation|[partiallytrapped]
|upkeep
|turn|5
|
|t:|1784731954
|move|p1b: Toxapex|Baneful Bunker|p1b: Toxapex
|-singleturn|p1b: Toxapex|move: Protect
|move|p2a: Gyarados|Waterfall|p1a: Incineroar
|-supereffective|p1a: Incineroar|1
|-damage|p1a: Incineroar|40/100
|-enditem|p1a: Incineroar|Sitrus Berry|[eat]
|-heal|p1a: Incineroar|65/100|[from] item: Sitrus Berry
|move|p2b: Whimsicott|Moonblast|p1a: Incineroar
|-damage|p1a: Incineroar|30/100
|cant|p1a: Incineroar|flinch
|
|-weather|none
|-damage|p2a: Gyarados|62/100 tox|[from] psn
|-damage|p2b: Whimsicott|56/100|[from] move: Infestation|[partiallytrapped]
|upkeep
|turn|6
|
|t:|1784731971
|move|p2b: Whimsicott|Encore|p1b: Toxapex
|-start|p1b: Toxapex|Encore
|move|p1b: Toxapex|Baneful Bunker||[still]
|-fail|p1b: Toxapex
|move|p2a: Gyarados|Waterfall|p1a: Incineroar
|-supereffective|p1a: Incineroar|1
|-damage|p1a: Incineroar|0 fnt
|faint|p1a: Incineroar
|
|-damage|p2a: Gyarados|37/100 tox|[from] psn
|-damage|p2b: Whimsicott|44/100|[from] move: Infestation|[partiallytrapped]
|-sideend|p2: Joker113|move: Tailwind
|upkeep
|
|t:|1784731974
|switch|p1a: Charizard|Charizard-Mega-Y, L50, F|62/100
|-weather|SunnyDay|[from] ability: Drought|[of] p1a: Charizard
|turn|7
|
|t:|1784731995
|move|p1b: Toxapex|Baneful Bunker|p1b: Toxapex
|-singleturn|p1b: Toxapex|move: Protect
|move|p2a: Gyarados|Waterfall|p1a: Charizard
|-supereffective|p1a: Charizard|1
|-damage|p1a: Charizard|16/100
|move|p2b: Whimsicott|Endeavor|p1a: Charizard
|-immune|p1a: Charizard
|move|p1a: Charizard|Heat Wave|p2a: Gyarados|[spread] p2a,p2b
|-resisted|p2a: Gyarados|1
|-supereffective|p2b: Whimsicott|1
|-damage|p2a: Gyarados|9/100 tox
|-damage|p2b: Whimsicott|0 fnt
|faint|p2b: Whimsicott
|
|-weather|SunnyDay|[upkeep]
|-damage|p2a: Gyarados|0 fnt|[from] psn
|faint|p2a: Gyarados
|
|win|mumu2
|raw|mumu2's rating: 1156 → 1185(+29 for winning)
|raw|Joker113's rating: 1210 → 1181(-29 for losing)
