|j|☆strikermohamud
|j|☆MazapanAzteca
|html|strikermohamudMazapanAzteca    
|uhtml|bestof|Game 2 of a best-of-3
|t:|1757037303
|gametype|doubles
|player|p1|strikermohamud|unknown|1105
|player|p2|MazapanAzteca|ingo|1184
|gen|9
|tier|[Gen 9] VGC 2025 Reg H (Bo3)
|rated|
|rule|Species Clause: Limit one of each Pokémon
|rule|Item Clause: Limit 1 of each item
|clearpoke
|poke|p1|Metagross, L50|
|poke|p1|Alcremie-Ruby-Swirl, L50, F|
|poke|p1|Incineroar, L50, M|
|poke|p1|Ninetales-Alola, L50, F|
|poke|p1|Dragonite, L50, M|
|poke|p1|Garchomp, L50, F|
|poke|p2|Dragonite, L50, F|
|poke|p2|Annihilape, L50, F|
|poke|p2|Gholdengo, L50|
|poke|p2|Ursaluna-Bloodmoon, L50, M|
|poke|p2|Maushold-Four, L50|
|poke|p2|Rillaboom, L50, M|
|teampreview|4
|showteam|p1|Metagross||AssaultVest|ClearBody|PsychicFangs,BulletPunch,HeavySlam,StompingTantrum||||||50|,,,,,Flying]Alcremie-Ruby-Swirl||CovertCloak|SweetVeil|Decorate,HelpingHand,DazzlingGleam,Protect|||F|||50|,,,,,Fire]Incineroar||SafetyGoggles|Intimidate|FakeOut,KnockOff,Taunt,PartingShot|||M|||50|,,,,,Bug]Ninetales-Alola||FocusSash|SnowWarning|Blizzard,FreezeDry,AuroraVeil,Protect|||F|||50|,,,,,Ice]Dragonite||LoadedDice|Multiscale|ScaleShot,Tailwind,Haze,Protect|||M|||50|,,,,,Fairy]Garchomp||ChoiceBand|RoughSkin|Earthquake,StompingTantrum,DragonClaw,RockSlide|||F|||50|,,,,,Steel
|showteam|p2|Dragonite||LoadedDice|Multiscale|ScaleShot,Tailwind,Haze,Protect|||F|||50|,,,,,Steel]Annihilape||SitrusBerry|Defiant|RageFist,DrainPunch,BulkUp,Protect|||F|||50|,,,,,Fire]Gholdengo||LifeOrb|GoodasGold|MakeItRain,ShadowBall,NastyPlot,Protect||||||50|,,,,,Water]Ursaluna-Bloodmoon||AssaultVest|MindsEye|BloodMoon,EarthPower,HyperVoice,VacuumWave|||M|||50|,,,,,Water]Maushold-Four||FocusSash|FriendGuard|SuperFang,FollowMe,BeatUp,Protect||||||50|,,,,,Ghost]Rillaboom||MiracleSeed|GrassySurge|WoodHammer,GrassyGlide,HighHorsepower,FakeOut|||M|||50|,,,,,Fire
|
|t:|1757037369
|teamsize|p1|4
|teamsize|p2|4
|start
|switch|p1a: Dragonite|Dragonite, L50, M|100/100
|switch|p1b: Ninetales|Ninetales-Alola, L50, F|100/100
|switch|p2a: Ursaluna|Ursaluna-Bloodmoon, L50, M|100/100
|switch|p2b: Rillaboom|Rillaboom, L50, M|100/100
|-weather|Snowscape|[from] ability: Snow Warning|[of] p1b: Ninetales
|-fieldstart|move: Grassy Terrain|[from] ability: Grassy Surge|[of] p2b: Rillaboom
|turn|1
|
|t:|1757037440
|switch|p1b: Incineroar|Incineroar, L50, M|100/100
|-ability|p1b: Incineroar|Intimidate|boost
|-unboost|p2a: Ursaluna|atk|1
|-unboost|p2b: Rillaboom|atk|1
|switch|p2b: Gholdengo|Gholdengo, L50|100/100
|move|p1a: Dragonite|Tailwind|p1a: Dragonite
|-sidestart|p1: strikermohamud|move: Tailwind
|move|p2a: Ursaluna|Hyper Voice|p1a: Dragonite|[spread] p1a,p1b
|-damage|p1a: Dragonite|84/100
|-damage|p1b: Incineroar|73/100
|
|-weather|Snowscape|[upkeep]
|-heal|p1b: Incineroar|79/100|[from] Grassy Terrain
|upkeep
|turn|2
|
|t:|1757037503
|switch|p2b: Maushold|Maushold-Four, L50|100/100
|move|p1a: Dragonite|Scale Shot|p2a: Ursaluna
|-damage|p2a: Ursaluna|93/100
|-damage|p2a: Ursaluna|84/100
|-damage|p2a: Ursaluna|77/100
|-damage|p2a: Ursaluna|69/100
|-damage|p2a: Ursaluna|62/100
|-hitcount|p2a: Ursaluna|5
|-unboost|p1a: Dragonite|def|1
|-boost|p1a: Dragonite|spe|1
|move|p1b: Incineroar|Knock Off|p2a: Ursaluna
|-damage|p2a: Ursaluna|40/100
|-enditem|p2a: Ursaluna|Assault Vest|[from] move: Knock Off|[of] p1b: Incineroar
|move|p2a: Ursaluna|Blood Moon|p1a: Dragonite
|-damage|p1a: Dragonite|15/100
|
|-weather|Snowscape|[upkeep]
|-heal|p1b: Incineroar|85/100|[from] Grassy Terrain
|-heal|p2a: Ursaluna|46/100|[from] Grassy Terrain
|upkeep
|turn|3
|
|t:|1757037563
|move|p2b: Maushold|Follow Me|p2b: Maushold
|-singleturn|p2b: Maushold|move: Follow Me
|move|p1a: Dragonite|Scale Shot|p2b: Maushold
|-damage|p2b: Maushold|83/100
|-damage|p2b: Maushold|63/100
|-damage|p2b: Maushold|45/100
|-damage|p2b: Maushold|28/100
|-damage|p2b: Maushold|8/100
|-hitcount|p2b: Maushold|5
|-unboost|p1a: Dragonite|def|1
|-boost|p1a: Dragonite|spe|1
|move|p1b: Incineroar|Knock Off|p2b: Maushold
|-damage|p2b: Maushold|0 fnt
|-enditem|p2b: Maushold|Focus Sash|[from] move: Knock Off|[of] p1b: Incineroar
|faint|p2b: Maushold
|move|p2a: Ursaluna|Hyper Voice|p1b: Incineroar|[spread] p1a,p1b
|-damage|p1a: Dragonite|0 fnt
|-damage|p1b: Incineroar|58/100
|faint|p1a: Dragonite
|
|-weather|Snowscape|[upkeep]
|-heal|p1b: Incineroar|64/100|[from] Grassy Terrain
|-heal|p2a: Ursaluna|52/100|[from] Grassy Terrain
|upkeep
|
|t:|1757037587
|switch|p2b: Rillaboom|Rillaboom, L50, M|100/100
|switch|p1a: Ninetales|Ninetales-Alola, L50, F|100/100
|turn|4
|
|t:|1757037608
|switch|p2a: Gholdengo|Gholdengo, L50|100/100
|-terastallize|p2b: Rillaboom|Fire
|move|p1a: Ninetales|Protect|p1a: Ninetales
|-singleturn|p1a: Ninetales|Protect
|move|p2b: Rillaboom|Fake Out|p1b: Incineroar
|-damage|p1b: Incineroar|52/100
|cant|p1b: Incineroar|flinch
|
|-weather|Snowscape|[upkeep]
|-heal|p1b: Incineroar|58/100|[from] Grassy Terrain
|-sideend|p1: strikermohamud|move: Tailwind
|upkeep
|turn|5
|
|t:|1757037668
|switch|p1a: Garchomp|Garchomp, L50, F|100/100
|move|p2a: Gholdengo|Make It Rain|p1a: Garchomp|[spread] p1a,p1b
|-resisted|p1b: Incineroar
|-damage|p1a: Garchomp|39/100
|-damage|p1b: Incineroar|34/100
|-unboost|p2a: Gholdengo|spa|1
|-damage|p2a: Gholdengo|91/100|[from] item: Life Orb
|move|p2b: Rillaboom|High Horsepower|p1b: Incineroar
|-supereffective|p1b: Incineroar
|-damage|p1b: Incineroar|0 fnt
|faint|p1b: Incineroar
|
|-weather|none
|-heal|p1a: Garchomp|45/100|[from] Grassy Terrain
|-heal|p2a: Gholdengo|97/100|[from] Grassy Terrain
|-fieldend|move: Grassy Terrain
|upkeep
|
|t:|1757037679
|switch|p1b: Ninetales|Ninetales-Alola, L50, F|100/100
|-weather|Snowscape|[from] ability: Snow Warning|[of] p1b: Ninetales
|turn|6
|
|t:|1757037700
|switch|p2b: Ursaluna|Ursaluna-Bloodmoon, L50, M|52/100
|-terastallize|p1a: Garchomp|Steel
|move|p1b: Ninetales|Protect|p1b: Ninetales
|-singleturn|p1b: Ninetales|Protect
|move|p2a: Gholdengo|Protect|p2a: Gholdengo
|-singleturn|p2a: Gholdengo|Protect
|move|p1a: Garchomp|Earthquake|p2b: Ursaluna|[spread] p2b
|-activate|p1b: Ninetales|move: Protect
|-activate|p2a: Gholdengo|move: Protect
|-damage|p2b: Ursaluna|8/100
|
|-weather|Snowscape|[upkeep]
|upkeep
|turn|7
|
|t:|1757037735
|switch|p2a: Rillaboom|Rillaboom, L50, M, tera:Fire|100/100
|-fieldstart|move: Grassy Terrain|[from] ability: Grassy Surge|[of] p2a: Rillaboom
|move|p2b: Ursaluna|Vacuum Wave|p1a: Garchomp
|-supereffective|p1a: Garchomp
|-damage|p1a: Garchomp|11/100
|move|p1b: Ninetales|Blizzard|p2b: Ursaluna|[spread] p2a,p2b
|-resisted|p2a: Rillaboom
|-supereffective|p2b: Ursaluna
|-damage|p2a: Rillaboom|84/100
|-damage|p2b: Ursaluna|0 fnt
|faint|p2b: Ursaluna
|move|p1a: Garchomp|Earthquake|p2a: Rillaboom|[spread] p1b,p2a
|-supereffective|p2a: Rillaboom
|-damage|p1b: Ninetales|68/100
|-damage|p2a: Rillaboom|27/100
|
|-weather|Snowscape|[upkeep]
|-heal|p1b: Ninetales|74/100|[from] Grassy Terrain
|-heal|p1a: Garchomp|17/100|[from] Grassy Terrain
|-heal|p2a: Rillaboom|33/100|[from] Grassy Terrain
|upkeep
|
|t:|1757037749
|switch|p2b: Gholdengo|Gholdengo, L50|97/100
|turn|8
|
|t:|1757037762
|move|p2a: Rillaboom|Grassy Glide|p1a: Garchomp
|-resisted|p1a: Garchomp
|-damage|p1a: Garchomp|0 fnt
|-damage|p2a: Rillaboom|21/100|[from] ability: Rough Skin|[of] p1a: Garchomp
|faint|p1a: Garchomp
|move|p1b: Ninetales|Blizzard|p2a: Rillaboom|[spread] p2a,p2b
|-resisted|p2a: Rillaboom
|-resisted|p2b: Gholdengo
|-damage|p2a: Rillaboom|5/100
|-damage|p2b: Gholdengo|79/100
|move|p2b: Gholdengo|Make It Rain|p1b: Ninetales
|-supereffective|p1b: Ninetales
|-damage|p1b: Ninetales|0 fnt
|-unboost|p2b: Gholdengo|spa|1
|faint|p1b: Ninetales
|-damage|p2b: Gholdengo|69/100|[from] item: Life Orb
|
|win|MazapanAzteca
|inactive|strikermohamud has 30 seconds to confirm battle start!
|inactive|MazapanAzteca has 30 seconds to confirm battle start!
||MazapanAzteca is ready for game 3.
|l|☆strikermohamud
|player|p1|
|j|☆strikermohamud
|player|p1|strikermohamud|unknown|
||strikermohamud is ready for game 3.
|uhtml|next|Next: Game 3 of 3
|l|☆strikermohamud
|player|p1|
