|j|☆pawmifleet
|j|☆Elju
|html|pawmifleetElju    
|uhtml|bestof|Game 3 of a best-of-3
|t:|1784121780
|gametype|doubles
|player|p1|pawmifleet|fisherman-gen4|1171
|player|p2|Elju|170|1235
|gen|9
|tier|[Gen 9 Champions] VGC 2026 Reg M-B (Bo3)
|rated|
|rule|Species Clause: Limit one of each Pokémon
|rule|Item Clause: Limit 1 of each item
|clearpoke
|poke|p1|Incineroar, L50, M|
|poke|p1|Venusaur, L50, M|
|poke|p1|Charizard, L50, M|
|poke|p1|Garchomp, L50, M|
|poke|p1|Toxapex, L50, M|
|poke|p1|Annihilape, L50, F|
|poke|p2|Floette-Eternal, L50, F|
|poke|p2|Ceruledge, L50, F|
|poke|p2|Milotic, L50, M|
|poke|p2|Grimmsnarl, L50, M|
|poke|p2|Wyrdeer, L50, M|
|poke|p2|Gholdengo, L50|
|teampreview|4
|showteam|p1|Incineroar||SitrusBerry|Intimidate|FakeOut,ThroatChop,FlareBlitz,PartingShot|Impish||M|||50|]Venusaur||LifeOrb|Chlorophyll|SolarBeam,SludgeBomb,EarthPower,Protect|Modest||M|||50|]Charizard||CharizarditeY|Blaze|HeatWave,WeatherBall,HelpingHand,Protect|Modest||M|||50|]Garchomp||ChoiceScarf|RoughSkin|DragonClaw,Earthquake,RockSlide,StompingTantrum|Adamant||M|||50|]Toxapex||Leftovers|Regenerator|Infestation,Toxic,BanefulBunker,WideGuard|Bold||M|||50|]Annihilape||FocusSash|Defiant|PhantomForce,CloseCombat,RockTomb,Protect|Jolly||F|||50|
|showteam|p2|Floette-Eternal||Floettite|FlowerVeil|Moonblast,DazzlingGleam,CalmMind,Protect|Modest||F|||50|]Ceruledge||Charcoal|FlashFire|BitterBlade,ShadowSneak,BulkUp,Protect|Adamant||F|||50|]Milotic||Leftovers|Competitive|MuddyWater,Hypnosis,Recover,Coil|Calm||M|||50|]Grimmsnarl||LightClay|Prankster|FakeOut,Reflect,LightScreen,PartingShot|Impish||M|||50|]Wyrdeer||ColburBerry|Intimidate|TrickRoom,Gravity,Hypnosis,PsyshieldBash|Adamant||M|||50|]Gholdengo||SitrusBerry|GoodasGold|ShadowBall,MakeItRain,NastyPlot,Protect|Modest|||||50|
|inactive|Battle timer is ON: inactive players will automatically lose when time's up. (requested by pawmifleet)
|inactive|Elju has 60 seconds left.
|
|t:|1784121817
|teamsize|p1|4
|teamsize|p2|4
|start
|switch|p1a: Venusaur|Venusaur, L50, M|100/100
|switch|p1b: Charizard|Charizard, L50, M|100/100
|switch|p2a: Grimmsnarl|Grimmsnarl, L50, M|100/100
|switch|p2b: Ceruledge|Ceruledge, L50, F|100/100
|turn|1
|
|t:|1784121838
|detailschange|p1b: Charizard|Charizard-Mega-Y, L50, M
|-mega|p1b: Charizard|Charizard|Charizardite Y
|-weather|SunnyDay|[from] ability: Drought|[of] p1b: Charizard
|move|p1a: Venusaur|Protect|p1a: Venusaur
|-singleturn|p1a: Venusaur|Protect
|move|p2a: Grimmsnarl|Fake Out|p1a: Venusaur
|-activate|p1a: Venusaur|move: Protect
|move|p1b: Charizard|Weather Ball|p2a: Grimmsnarl
|-damage|p2a: Grimmsnarl|16/100
|move|p2b: Ceruledge|Bitter Blade|p1a: Venusaur
|-activate|p1a: Venusaur|move: Protect
|
|-weather|SunnyDay|[upkeep]
|upkeep
|turn|2
|
|t:|1784121858
|move|p2a: Grimmsnarl|Light Screen|p2a: Grimmsnarl
|-sidestart|p2: Elju|move: Light Screen
|move|p1a: Venusaur|Earth Power|p2b: Ceruledge
|-supereffective|p2b: Ceruledge|1
|-damage|p2b: Ceruledge|50/100y
|-damage|p1a: Venusaur|90/100|[from] item: Life Orb
|move|p1b: Charizard|Weather Ball|p2a: Grimmsnarl
|-damage|p2a: Grimmsnarl|0 fnt
|faint|p2a: Grimmsnarl
|move|p2b: Ceruledge|Bitter Blade|p1a: Venusaur
|-supereffective|p1a: Venusaur|1
|-damage|p1a: Venusaur|0 fnt
|-heal|p2b: Ceruledge|96/100|[from] drain|[of] p1a: Venusaur
|faint|p1a: Venusaur
|
|-weather|SunnyDay|[upkeep]
|upkeep
|
|t:|1784121873
|switch|p1a: Annihilape|Annihilape, L50, F|100/100
|switch|p2a: Floette|Floette-Eternal, L50, F|100/100
|turn|3
|
|t:|1784121884
|move|p2a: Floette|Protect|p2a: Floette
|-singleturn|p2a: Floette|Protect
|move|p1a: Annihilape|Phantom Force||[still]
|-prepare|p1a: Annihilape|Phantom Force
|move|p1b: Charizard|Weather Ball|p2a: Floette
|-activate|p2a: Floette|move: Protect
|move|p2b: Ceruledge|Bulk Up|p2b: Ceruledge
|-boost|p2b: Ceruledge|atk|1
|-boost|p2b: Ceruledge|def|1
|
|-weather|SunnyDay|[upkeep]
|upkeep
|turn|4
|inactive|Elju has 30 seconds left.
|
|t:|1784121910
|detailschange|p2a: Floette|Floette-Mega, L50, F
|-mega|p2a: Floette|Floette|Floettite
|-ability|p2a: Floette|Fairy Aura
|move|p1a: Annihilape|Phantom Force|p2a: Floette|[from] lockedmove
|-damage|p2a: Floette|45/100
|move|p2a: Floette|Dazzling Gleam|p1a: Annihilape|[spread] p1a,p1b
|-supereffective|p1a: Annihilape|1
|-resisted|p1b: Charizard|1
|-enditem|p1a: Annihilape|Focus Sash
|-damage|p1a: Annihilape|1/100
|-damage|p1b: Charizard|76/100
|move|p1b: Charizard|Weather Ball|p2a: Floette
|-damage|p2a: Floette|1/100
|move|p2b: Ceruledge|Bitter Blade|p1b: Charizard
|-resisted|p1b: Charizard|1
|-damage|p1b: Charizard|9/100
|-heal|p2b: Ceruledge|100/100|[from] drain|[of] p1b: Charizard
|
|-weather|SunnyDay|[upkeep]
|upkeep
|turn|5
|inactive|pawmifleet has 30 seconds left.
|
|t:|1784121936
|move|p2b: Ceruledge|Shadow Sneak|p1a: Annihilape
|-supereffective|p1a: Annihilape|1
|-damage|p1a: Annihilape|0 fnt
|faint|p1a: Annihilape
|move|p2a: Floette|Dazzling Gleam|p1b: Charizard
|-resisted|p1b: Charizard|1
|-crit|p1b: Charizard
|-damage|p1b: Charizard|0 fnt
|faint|p1b: Charizard
|
|-weather|none
|upkeep
|
|t:|1784121943
|switch|p1b: Toxapex|Toxapex, L50, M|100/100
|turn|6
|
|t:|1784121952
|move|p2a: Floette|Moonblast|p1b: Toxapex
|-resisted|p1b: Toxapex|1
|-damage|p1b: Toxapex|70/100
|move|p2b: Ceruledge|Bitter Blade|p1b: Toxapex
|-resisted|p1b: Toxapex|1
|-damage|p1b: Toxapex|40/100
|move|p1b: Toxapex|Toxic|p2b: Ceruledge
|-status|p2b: Ceruledge|tox
|
|-heal|p1b: Toxapex|45/100|[from] item: Leftovers
|-damage|p2b: Ceruledge|94/100 tox|[from] psn
|upkeep
|turn|7
|
|t:|1784121968
|move|p1b: Toxapex|Baneful Bunker|p1b: Toxapex
|-singleturn|p1b: Toxapex|move: Protect
|move|p2a: Floette|Calm Mind|p2a: Floette
|-boost|p2a: Floette|spa|1
|-boost|p2a: Floette|spd|1
|move|p2b: Ceruledge|Bulk Up|p2b: Ceruledge
|-boost|p2b: Ceruledge|atk|1
|-boost|p2b: Ceruledge|def|1
|
|-heal|p1b: Toxapex|51/100|[from] item: Leftovers
|-damage|p2b: Ceruledge|82/100 tox|[from] psn
|upkeep
|turn|8
|inactive|pawmifleet has 30 seconds left.
|inactive|pawmifleet has 20 seconds left.
|inactive|pawmifleet has 15 seconds left.
|inactive|pawmifleet has 10 seconds left.
|
|t:|1784122015
|move|p2a: Floette|Moonblast|p1b: Toxapex
|-resisted|p1b: Toxapex|1
|-damage|p1b: Toxapex|3/100
|move|p2b: Ceruledge|Bitter Blade|p1b: Toxapex
|-resisted|p1b: Toxapex|1
|-damage|p1b: Toxapex|0 fnt
|-heal|p2b: Ceruledge|84/100 tox|[from] drain|[of] p1b: Toxapex
|faint|p1b: Toxapex
|
|win|Elju
|raw|pawmifleet's rating: 1171 → 1151(-20 for losing)
|raw|Elju's rating: 1235 → 1255(+20 for winning)
