|j|☆taka89
|j|☆ParroTiest
|html|taka89ParroTiest    
|uhtml|bestof|Game 3 of a best-of-3
|t:|1756829785
|gametype|doubles
|player|p1|taka89|clerk-boss|1136
|player|p2|ParroTiest|wallace|1035
|gen|9
|tier|[Gen 9] VGC 2025 Reg H (Bo3)
|rated|
|rule|Species Clause: Limit one of each Pokémon
|rule|Item Clause: Limit 1 of each item
|clearpoke
|poke|p1|Flamigo, L50, F|
|poke|p1|Porygon2, L50|
|poke|p1|Ursaluna, L50, M|
|poke|p1|Archaludon, L50, F|
|poke|p1|Tyranitar, L50, M|
|poke|p1|Incineroar, L50, F|
|poke|p2|Grimmsnarl, L50, M|
|poke|p2|Ursaluna-Bloodmoon, L50, M|
|poke|p2|Gholdengo, L50|
|poke|p2|Rillaboom, L50, M|
|poke|p2|Volcarona, L50, F|
|poke|p2|Electabuzz, L50, M|
|teampreview|4
|showteam|p1|Flamigo||ChoiceScarf|Scrappy|BraveBird,DualWingbeat,CloseCombat,Uturn|||F|||50|,,,,,Ghost]Porygon2||Eviolite|Download|Thunderbolt,TeraBlast,TrickRoom,Protect||||||50|,,,,,Flying]Ursaluna||FlameOrb|Guts|Facade,Earthquake,HeadlongRush,Protect|||M|||50|,,,,,Ghost]Archaludon||AssaultVest|Stamina|ElectroShot,DarkPulse,BodyPress,DracoMeteor|||F|||50|,,,,,Grass]Tyranitar||FocusSash|SandStream|RockSlide,LowKick,KnockOff,Protect|||M|||50|,,,,,Flying]Incineroar||PasshoBerry|Intimidate|KnockOff,FlareBlitz,FakeOut,PartingShot|||F|||50|,,,,,Ghost
|showteam|p2|Grimmsnarl||LightClay|Prankster|Reflect,LightScreen,SpiritBreak,Taunt|||M|||50|,,,,,Ghost]Ursaluna-Bloodmoon||LifeOrb|MindsEye|BloodMoon,HyperVoice,EarthPower,Protect|||M|||50|,,,,,Normal]Gholdengo||ChoiceSpecs|GoodasGold|MakeItRain,ShadowBall,PowerGem,Trick||||||50|,,,,,Water]Rillaboom||AssaultVest|GrassySurge|FakeOut,WoodHammer,GrassyGlide,Uturn|||M|||50|,,,,,Fire]Volcarona||Leftovers|FlameBody|QuiverDance,HeatWave,GigaDrain,Protect|||F|||50|,,,,,Grass]Electabuzz||Eviolite|VitalSpirit|Electroweb,FollowMe,Taunt,Protect|||M|||50|,,,,,Ghost
|inactive|Battle timer is ON: inactive players will automatically lose when time's up. (requested by ParroTiest)
|inactive|taka89 also wants the timer to be on.
|inactive|taka89 has 60 seconds left.
|inactive|ParroTiest has 60 seconds left.
|inactive|ParroTiest has 30 seconds left.
|
|t:|1756829853
|teamsize|p1|4
|teamsize|p2|4
|start
|switch|p1a: Winglade|Flamigo, L50, F|100/100
|switch|p1b: swatchling|Porygon2, L50|100/100
|switch|p2a: gremlin|Grimmsnarl, L50, M, shiny|100/100
|switch|p2b: quarters|Gholdengo, L50|100/100
|-ability|p1b: swatchling|Download|boost
|-boost|p1b: swatchling|spa|1
|turn|1
|inactive|taka89 has 30 seconds left.
|inactive|ParroTiest has 30 seconds left.
|inactive|taka89 has 20 seconds left.
|
|t:|1756829888
|move|p1b: swatchling|Protect|p1b: swatchling
|-singleturn|p1b: swatchling|Protect
|move|p2a: gremlin|Reflect|p2a: gremlin
|-sidestart|p2: ParroTiest|Reflect
|move|p1a: Winglade|Close Combat|p2b: quarters
|-supereffective|p2b: quarters
|-damage|p2b: quarters|12/100
|-unboost|p1a: Winglade|def|1
|-unboost|p1a: Winglade|spd|1
|move|p2b: quarters|Power Gem|p1a: Winglade
|-damage|p1a: Winglade|0 fnt
|faint|p1a: Winglade
|
|upkeep
|
|t:|1756829908
|switch|p1a: zapper|Tyranitar, L50, M, shiny|100/100
|-weather|Sandstorm|[from] ability: Sand Stream|[of] p1a: zapper
|turn|2
|inactive|ParroTiest has 30 seconds left.
|
|t:|1756829938
|move|p2a: gremlin|Taunt|p1b: swatchling
|-start|p1b: swatchling|move: Taunt
|move|p2b: quarters|Power Gem|p1b: swatchling
|-damage|p1b: swatchling|74/100
|move|p1a: zapper|Rock Slide|p2a: gremlin|[spread] 
|-miss|p1a: zapper|p2a: gremlin
|-miss|p1a: zapper|p2b: quarters
|cant|p1b: swatchling|move: Taunt|Trick Room
|
|-weather|Sandstorm|[upkeep]
|-damage|p2a: gremlin|95/100|[from] Sandstorm
|-damage|p1b: swatchling|69/100|[from] Sandstorm
|upkeep
|turn|3
|
|t:|1756829962
|move|p2b: quarters|Power Gem|p1b: swatchling
|-damage|p1b: swatchling|42/100
|move|p2a: gremlin|Spirit Break|p1a: zapper
|-supereffective|p1a: zapper
|-damage|p1a: zapper|54/100
|-unboost|p1a: zapper|spa|1
|move|p1a: zapper|Rock Slide|p2a: gremlin|[spread] p2a,p2b
|-resisted|p2b: quarters
|-damage|p2a: gremlin|72/100
|-damage|p2b: quarters|0 fnt
|faint|p2b: quarters
|move|p1b: swatchling|Tera Blast|p2a: gremlin
|-damage|p2a: gremlin|28/100
|
|-weather|Sandstorm|[upkeep]
|-damage|p2a: gremlin|22/100|[from] Sandstorm
|-damage|p1b: swatchling|37/100|[from] Sandstorm
|upkeep
|
|t:|1756829979
|switch|p2b: instakill button|Ursaluna-Bloodmoon, L50, M|100/100
|turn|4
|inactive|taka89 has 30 seconds left.
|inactive|taka89 has 20 seconds left.
|inactive|taka89 has 15 seconds left.
|
|t:|1756830020
|switch|p1a: Balthizard|Ursaluna, L50, M, shiny|100/100
|-terastallize|p2b: instakill button|Normal
|move|p2b: instakill button|Hyper Voice|p1b: swatchling|[spread] p1a,p1b
|-damage|p1a: Balthizard|36/100
|-damage|p1b: swatchling|1/100
|-damage|p2b: instakill button|91/100|[from] item: Life Orb
|move|p2a: gremlin|Spirit Break|p1a: Balthizard
|-damage|p1a: Balthizard|14/100
|-unboost|p1a: Balthizard|spa|1
|move|p1b: swatchling|Tera Blast|p2a: gremlin
|-damage|p2a: gremlin|0 fnt
|faint|p2a: gremlin
|
|-weather|Sandstorm|[upkeep]
|-damage|p2b: instakill button|85/100|[from] Sandstorm
|-damage|p1b: swatchling|0 fnt|[from] Sandstorm
|faint|p1b: swatchling
|-status|p1a: Balthizard|brn|[from] item: Flame Orb
|upkeep
|
|t:|1756830043
|switch|p2a: Electabuzz|Electabuzz, L50, M|100/100
|switch|p1b: zapper|Tyranitar, L50, M, shiny|54/100
|turn|5
|
|t:|1756830059
|-terastallize|p1b: zapper|Flying
|move|p2a: Electabuzz|Follow Me|p2a: Electabuzz
|-singleturn|p2a: Electabuzz|move: Follow Me
|move|p2b: instakill button|Hyper Voice|p1b: zapper|[spread] p1a,p1b
|-damage|p1a: Balthizard|0 fnt
|-damage|p1b: zapper|0 fnt
|faint|p1a: Balthizard
|faint|p1b: zapper
|-damage|p2b: instakill button|76/100|[from] item: Life Orb
|
|win|ParroTiest
|raw|taka89's rating: 1136 → 1104(-32 for losing)
|raw|ParroTiest's rating: 1035 → 1080(+45 for winning)
