|j|☆Larchete
|j|☆T-block
|html|LarcheteT-block    
|uhtml|bestof|Game 1 of a best-of-3
|t:|1756678193
|gametype|doubles
|player|p1|Larchete|101|1494
|player|p2|T-block|170|1420
|gen|9
|tier|[Gen 9] VGC 2025 Reg H (Bo3)
|rated|
|rule|Species Clause: Limit one of each Pokémon
|rule|Item Clause: Limit 1 of each item
|clearpoke
|poke|p1|Armarouge, L50, F|
|poke|p1|Indeedee-F, L50, F|
|poke|p1|Talonflame, L50, M|
|poke|p1|Tatsugiri, L50, F|
|poke|p1|Maushold, L50|
|poke|p1|Dondozo, L50, M|
|poke|p2|Rillaboom, L50, M|
|poke|p2|Ninetales-Alola, L50, M|
|poke|p2|Gholdengo, L50|
|poke|p2|Garchomp, L50, F|
|poke|p2|Incineroar, L50, M|
|poke|p2|Dragonite, L50, M|
|teampreview|4
|showteam|p1|Armarouge||PowerHerb|FlashFire|TrickRoom,MeteorBeam,HeatWave,ExpandingForce|||F|||50|,,,,,Psychic]Indeedee-F||PsychicSeed|PsychicSurge|FollowMe,Psychic,HelpingHand,TrickRoom|||F|||50|,,,,,Grass]Talonflame||LifeOrb|GaleWings|BraveBird,FlareBlitz,Protect,Tailwind|||M|||50|,,,,,Stellar]Tatsugiri||ChoiceSpecs|Commander|MuddyWater,IcyWind,TeraBlast,DracoMeteor|||F|||50|,,,,,Poison]Maushold||WideLens|Technician|Protect,HelpingHand,PopulationBomb,FollowMe||||||50|,,,,,Normal]Dondozo||Leftovers|Unaware|Protect,WaveCrash,Earthquake,OrderUp|||M|||50|,,,,,Grass
|showteam|p2|Rillaboom||AssaultVest|GrassySurge|GrassyGlide,WoodHammer,FakeOut,HighHorsepower|||M|||50|,,,,,Fire]Ninetales-Alola||FocusSash|SnowWarning|Blizzard,IcyWind,Encore,AuroraVeil|||M|||50|,,,,,Ghost]Gholdengo||GrassySeed|GoodasGold|NastyPlot,MakeItRain,ShadowBall,Protect||||||50|,,,,,Water]Garchomp||LifeOrb|RoughSkin|StompingTantrum,RockSlide,DragonClaw,Protect|||F|||50|,,,,,Fire]Incineroar||SitrusBerry|Intimidate|FlareBlitz,KnockOff,FakeOut,PartingShot|||M|||50|,,,,,Water]Dragonite||LoadedDice|Multiscale|ScaleShot,Haze,Tailwind,Protect|||M|||50|,,,,,Fairy
|inactive|Battle timer is ON: inactive players will automatically lose when time's up. (requested by Larchete)
|inactive|T-block has 60 seconds left.
|
|t:|1756678275
|teamsize|p1|4
|teamsize|p2|4
|start
|switch|p1a: Armarouge|Armarouge, L50, F|100/100
|switch|p1b: Indeedee|Indeedee-F, L50, F|100/100
|switch|p2a: Incineroar|Incineroar, L50, M|100/100
|switch|p2b: Gholdengo|Gholdengo, L50|100/100
|-fieldstart|move: Psychic Terrain|[from] ability: Psychic Surge|[of] p1b: Indeedee
|-enditem|p1b: Indeedee|Psychic Seed
|-boost|p1b: Indeedee|spd|1|[from] item: Psychic Seed
|-ability|p2a: Incineroar|Intimidate|boost
|-unboost|p1a: Armarouge|atk|1
|-unboost|p1b: Indeedee|atk|1
|turn|1
|
|t:|1756678296
|switch|p1b: Pesce grande|Dondozo, L50, M|100/100
|switch|p2a: Rillaboom|Rillaboom, L50, M|100/100
|-fieldstart|move: Grassy Terrain|[from] ability: Grassy Surge|[of] p2a: Rillaboom
|-enditem|p2b: Gholdengo|Grassy Seed
|-boost|p2b: Gholdengo|def|1|[from] item: Grassy Seed
|-terastallize|p2b: Gholdengo|Water
|move|p2b: Gholdengo|Nasty Plot|p2b: Gholdengo
|-boost|p2b: Gholdengo|spa|2
|move|p1a: Armarouge|Meteor Beam||[still]
|-prepare|p1a: Armarouge|Meteor Beam
|-boost|p1a: Armarouge|spa|1
|-enditem|p1a: Armarouge|Power Herb
|-anim|p1a: Armarouge|Meteor Beam|p2a: Rillaboom
|-damage|p2a: Rillaboom|52/100
|
|-heal|p2a: Rillaboom|58/100|[from] Grassy Terrain
|upkeep
|turn|2
|inactive|Larchete has 30 seconds left.
|inactive|T-block has 30 seconds left.
|
|t:|1756678329
|switch|p1a: Indeedee|Indeedee-F, L50, F|100/100
|-fieldstart|move: Psychic Terrain|[from] ability: Psychic Surge|[of] p1a: Indeedee
|move|p2a: Rillaboom|Fake Out|p1b: Pesce grande
|-activate|p1b: Pesce grande|move: Psychic Terrain
|move|p2b: Gholdengo|Shadow Ball|p1a: Indeedee
|-immune|p1a: Indeedee
|move|p1b: Pesce grande|Wave Crash|p2a: Rillaboom
|-resisted|p2a: Rillaboom
|-damage|p2a: Rillaboom|32/100
|-damage|p1b: Pesce grande|93/100|[from] Recoil
|
|-heal|p1b: Pesce grande|99/100|[from] item: Leftovers
|upkeep
|turn|3
|inactive|Larchete has 30 seconds left.
|inactive|Larchete has 20 seconds left.
|inactive|Larchete has 15 seconds left.
|
|t:|1756678372
|switch|p2a: Incineroar|Incineroar, L50, M|100/100
|-ability|p2a: Incineroar|Intimidate|boost
|-unboost|p1a: Indeedee|atk|1
|-unboost|p1b: Pesce grande|atk|1
|move|p2b: Gholdengo|Make It Rain|p1b: Pesce grande|[spread] p1a,p1b
|-resisted|p1b: Pesce grande
|-damage|p1a: Indeedee|24/100
|-damage|p1b: Pesce grande|77/100
|-unboost|p2b: Gholdengo|spa|1
|move|p1a: Indeedee|Psychic|p2b: Gholdengo
|-damage|p2b: Gholdengo|64/100
|move|p1b: Pesce grande|Wave Crash|p2a: Incineroar
|-supereffective|p2a: Incineroar
|-damage|p2a: Incineroar|25/100
|-enditem|p2a: Incineroar|Sitrus Berry|[eat]
|-heal|p2a: Incineroar|50/100|[from] item: Sitrus Berry
|-damage|p1b: Pesce grande|56/100|[from] Recoil
|
|-heal|p1b: Pesce grande|62/100|[from] item: Leftovers
|upkeep
|turn|4
|inactive|Larchete has 30 seconds left.
|inactive|Larchete has 20 seconds left.
|
|t:|1756678410
|switch|p2b: Rillaboom|Rillaboom, L50, M|32/100
|-fieldstart|move: Grassy Terrain|[from] ability: Grassy Surge|[of] p2b: Rillaboom
|move|p2a: Incineroar|Fake Out|p1b: Pesce grande
|-damage|p1b: Pesce grande|54/100
|move|p1a: Indeedee|Psychic|p2b: Rillaboom
|-damage|p2b: Rillaboom|11/100
|-unboost|p2b: Rillaboom|spd|1
|cant|p1b: Pesce grande|flinch
|
|-heal|p2b: Rillaboom|17/100|[from] Grassy Terrain
|-heal|p1a: Indeedee|30/100|[from] Grassy Terrain
|-heal|p2a: Incineroar|56/100|[from] Grassy Terrain
|-heal|p1b: Pesce grande|60/100|[from] Grassy Terrain
|-heal|p1b: Pesce grande|66/100|[from] item: Leftovers
|upkeep
|turn|5
|inactive|T-block has 30 seconds left.
|
|t:|1756678436
|switch|p1b: Armarouge|Armarouge, L50, F|100/100
|move|p2b: Rillaboom|Fake Out|p1b: Armarouge
|-damage|p1b: Armarouge|86/100
|move|p1a: Indeedee|Follow Me|p1a: Indeedee
|-singleturn|p1a: Indeedee|move: Follow Me
|move|p2a: Incineroar|Knock Off|p1a: Indeedee
|-supereffective|p1a: Indeedee
|-damage|p1a: Indeedee|0 fnt
|faint|p1a: Indeedee
|
|-heal|p2b: Rillaboom|23/100|[from] Grassy Terrain
|-heal|p2a: Incineroar|62/100|[from] Grassy Terrain
|-heal|p1b: Armarouge|92/100|[from] Grassy Terrain
|upkeep
|
|t:|1756678455
|switch|p1a: Pesce grande|Dondozo, L50, M|66/100
|turn|6
|
|t:|1756678479
|switch|p2b: Gholdengo|Gholdengo, L50, tera:Water|64/100
|switch|p2a: Dragonite|Dragonite, L50, M|100/100
|-terastallize|p1a: Pesce grande|Grass
|move|p1a: Pesce grande|Wave Crash|p2a: Dragonite
|-resisted|p2a: Dragonite
|-damage|p2a: Dragonite|86/100
|-damage|p1a: Pesce grande|63/100|[from] Recoil
|move|p1b: Armarouge|Trick Room|p1b: Armarouge
|-fieldstart|move: Trick Room|[of] p1b: Armarouge
|
|-heal|p1a: Pesce grande|69/100|[from] Grassy Terrain
|-heal|p1a: Pesce grande|75/100|[from] item: Leftovers
|-heal|p1b: Armarouge|97/100|[from] Grassy Terrain
|-heal|p2b: Gholdengo|70/100|[from] Grassy Terrain
|upkeep
|turn|7
|inactive|Larchete has 30 seconds left.
|inactive|T-block has 30 seconds left.
|inactive|T-block has 20 seconds left.
|inactive|T-block has 15 seconds left.
|inactive|T-block has 10 seconds left.
|
|t:|1756678524
|switch|p2a: Incineroar|Incineroar, L50, M|62/100
|-ability|p2a: Incineroar|Intimidate|boost
|-unboost|p1a: Pesce grande|atk|1
|-unboost|p1b: Armarouge|atk|1
|move|p1a: Pesce grande|Order Up|p2b: Gholdengo
|-damage|p2b: Gholdengo|54/100
|move|p1b: Armarouge|Meteor Beam||[still]
|-prepare|p1b: Armarouge|Meteor Beam
|-boost|p1b: Armarouge|spa|1
|move|p2b: Gholdengo|Shadow Ball|p1a: Pesce grande
|-damage|p1a: Pesce grande|35/100
|
|-heal|p1a: Pesce grande|42/100|[from] Grassy Terrain
|-heal|p1a: Pesce grande|48/100|[from] item: Leftovers
|-heal|p1b: Armarouge|100/100|[from] Grassy Terrain
|-heal|p2a: Incineroar|68/100|[from] Grassy Terrain
|-heal|p2b: Gholdengo|60/100|[from] Grassy Terrain
|upkeep
|turn|8
|inactive|T-block has 30 seconds left.
|
|t:|1756678557
|move|p2a: Incineroar|Fake Out|p1b: Armarouge
|-damage|p1b: Armarouge|89/100
|move|p1a: Pesce grande|Wave Crash|p2a: Incineroar
|-supereffective|p2a: Incineroar
|-damage|p2a: Incineroar|0 fnt
|faint|p2a: Incineroar
|-damage|p1a: Pesce grande|30/100|[from] Recoil
|cant|p1b: Armarouge|flinch
|move|p2b: Gholdengo|Shadow Ball|p1b: Armarouge
|-supereffective|p1b: Armarouge
|-damage|p1b: Armarouge|13/100
|-unboost|p1b: Armarouge|spd|1
|
|-heal|p1a: Pesce grande|36/100|[from] Grassy Terrain
|-heal|p1a: Pesce grande|42/100|[from] item: Leftovers
|-heal|p1b: Armarouge|18/100|[from] Grassy Terrain
|-heal|p2b: Gholdengo|67/100|[from] Grassy Terrain
|-fieldend|move: Grassy Terrain
|upkeep
|inactive|T-block has 30 seconds left.
|inactive|T-block has 20 seconds left.
|inactive|T-block has 15 seconds left.
|inactive|T-block has 10 seconds left.
|
|t:|1756678602
|switch|p2a: Rillaboom|Rillaboom, L50, M|23/100
|-fieldstart|move: Grassy Terrain|[from] ability: Grassy Surge|[of] p2a: Rillaboom
|turn|9
|inactive|T-block has 30 seconds left.
|
|t:|1756678632
|move|p1a: Pesce grande|Protect|p1a: Pesce grande
|-singleturn|p1a: Pesce grande|Protect
|move|p2a: Rillaboom|Fake Out|p1a: Pesce grande
|-activate|p1a: Pesce grande|move: Protect
|move|p1b: Armarouge|Heat Wave|p2b: Gholdengo|[spread] p2a,p2b
|-supereffective|p2a: Rillaboom
|-resisted|p2b: Gholdengo
|-damage|p2a: Rillaboom|0 fnt
|-damage|p2b: Gholdengo|42/100
|faint|p2a: Rillaboom
|move|p2b: Gholdengo|Shadow Ball|p1b: Armarouge
|-supereffective|p1b: Armarouge
|-damage|p1b: Armarouge|0 fnt
|faint|p1b: Armarouge
|
|-heal|p1a: Pesce grande|48/100|[from] Grassy Terrain
|-heal|p1a: Pesce grande|54/100|[from] item: Leftovers
|-heal|p2b: Gholdengo|48/100|[from] Grassy Terrain
|upkeep
|
|t:|1756678642
|switch|p1b: Pesce piccolo|Tatsugiri, L50, F|100/100
|switch|p2a: Dragonite|Dragonite, L50, M|86/100
|-activate|p1b: Pesce piccolo|ability: Commander|[of] p1a: Pesce grande
|-boost|p1a: Pesce grande|atk|2
|-boost|p1a: Pesce grande|spa|2
|-boost|p1a: Pesce grande|spe|2
|-boost|p1a: Pesce grande|def|2
|-boost|p1a: Pesce grande|spd|2
|turn|10
|
|t:|1756678656
|move|p2a: Dragonite|Haze|p2a: Dragonite
|-clearallboost
|move|p1a: Pesce grande|Order Up|p2a: Dragonite
|-supereffective|p2a: Dragonite
|-damage|p2a: Dragonite|35/100
|-boost|p1a: Pesce grande|atk|1
|move|p2b: Gholdengo|Shadow Ball|p1a: Pesce grande
|-damage|p1a: Pesce grande|19/100
|
|-heal|p1a: Pesce grande|25/100|[from] Grassy Terrain
|-heal|p1a: Pesce grande|31/100|[from] item: Leftovers
|-heal|p2b: Gholdengo|55/100|[from] Grassy Terrain
|-fieldend|move: Trick Room
|upkeep
|turn|11
|
|t:|1756678677
|move|p2b: Gholdengo|Shadow Ball|p1a: Pesce grande
|-damage|p1a: Pesce grande|0 fnt
|faint|p1a: Pesce grande
|move|p2a: Dragonite|Tailwind|p2a: Dragonite
|-sidestart|p2: T-block|move: Tailwind
|
|-heal|p2b: Gholdengo|61/100|[from] Grassy Terrain
|upkeep
|turn|12
|
|t:|1756678694
|move|p2b: Gholdengo|Shadow Ball|p1b: Pesce piccolo
|-damage|p1b: Pesce piccolo|53/100
|move|p2a: Dragonite|Scale Shot|p1b: Pesce piccolo
|-supereffective|p1b: Pesce piccolo
|-crit|p1b: Pesce piccolo
|-damage|p1b: Pesce piccolo|0 fnt
|faint|p1b: Pesce piccolo
|-hitcount|p1: Pesce piccolo|1
|
|win|T-block
||T-block is ready for game 2.
||Larchete is ready for game 2.
|uhtml|next|Next: Game 2 of 3
