|j|☆predatorssg
|j|☆returningto
|html|predatorssgreturningto    
|uhtml|bestof|Game 2 of a best-of-3
|t:|1786025111
|gametype|doubles
|player|p1|predatorssg|2|1157
|player|p2|returningto|170|1151
|gen|9
|tier|[Gen 9 Champions] VGC 2026 Reg M-B (Bo3)
|rated|
|rule|Species Clause: Limit one of each Pokémon
|rule|Item Clause: Limit 1 of each item
|clearpoke
|poke|p1|Archaludon, L50, M|
|poke|p1|Pelipper, L50, F|
|poke|p1|Grimmsnarl, L50, M|
|poke|p1|Swampert, L50, F|
|poke|p1|Talonflame, L50, M|
|poke|p1|Floette-Eternal, L50, F|
|poke|p2|Typhlosion-Hisui, L50, F|
|poke|p2|Raichu, L50, F|
|poke|p2|Scizor, L50, F|
|poke|p2|Snorlax, L50, M|
|poke|p2|Sinistcha, L50|
|poke|p2|Corviknight, L50, M|
|teampreview|4
|showteam|p1|Archaludon||Leftovers|Stamina|ElectroShot,AuraSphere,FlashCannon,Protect|Modest||M|||50|]Pelipper||SitrusBerry|Drizzle|HelpingHand,WeatherBall,Hurricane,WideGuard|Modest||F|||50|]Grimmsnarl||LightClay|Prankster|PartingShot,SpiritBreak,Reflect,LightScreen|Calm||M|||50|]Swampert||Swampertite|Torrent|WaveCrash,Earthquake,IcePunch,Protect|Adamant||F|||50|]Talonflame||SharpBeak|GaleWings|Protect,Tailwind,RainDance,DualWingbeat|Jolly||M|||50|]Floette-Eternal||Floettite|FlowerVeil|DazzlingGleam,Moonblast,LightofRuin,Protect|Modest||F|||50|
|showteam|p2|Typhlosion-Hisui||Charcoal|Blaze|Eruption,Overheat,ShadowBall,Protect|Timid||F|||50|]Raichu||RaichuniteY|LightningRod|FakeOut,FocusBlast,ZapCannon,VoltSwitch|Timid||F|||50|]Scizor||Scizorite|Technician|SwordsDance,BulletPunch,BugBite,Protect|Adamant||F|||50|]Snorlax||SitrusBerry|ThickFat|RockSlide,BodySlam,BellyDrum,Protect|Impish||M|||50|]Sinistcha||MiracleSeed|Hospitality|MatchaGotcha,TrickRoom,RagePowder,LifeDew|Serious|||||50|]Corviknight||LightClay|MirrorArmor|LightScreen,Reflect,Uturn,BodyPress|Impish||M|||50|
|
|t:|1786025135
|teamsize|p1|4
|teamsize|p2|4
|start
|switch|p1a: Talonflame|Talonflame, L50, M|100/100
|switch|p1b: Swampert|Swampert, L50, F|100/100
|switch|p2a: Snorlax|Snorlax, L50, M|100/100
|switch|p2b: Raichu|Raichu, L50, F|100/100
|turn|1
|
|t:|1786025146
|switch|p1b: Archaludon|Archaludon, L50, M|100/100
|detailschange|p2b: Raichu|Raichu-Mega-Y, L50, F
|-mega|p2b: Raichu|Raichu|Raichunite Y
|move|p2b: Raichu|Fake Out|p1b: Archaludon
|-resisted|p1b: Archaludon|1
|-damage|p1b: Archaludon|97/100
|-ability|p1b: Archaludon|Stamina|boost
|-boost|p1b: Archaludon|def|1
|move|p1a: Talonflame|Dual Wingbeat|p1b: Archaludon
|-resisted|p1b: Archaludon|1
|-crit|p1b: Archaludon
|-damage|p1b: Archaludon|89/100
|-ability|p1b: Archaludon|Stamina|boost
|-boost|p1b: Archaludon|def|1
|-resisted|p1b: Archaludon|1
|-damage|p1b: Archaludon|85/100
|-ability|p1b: Archaludon|Stamina|boost
|-boost|p1b: Archaludon|def|1
|-hitcount|p1b: Archaludon|2
|move|p2a: Snorlax|Rock Slide|p1a: Talonflame|[spread] p1a
|-miss|p2a: Snorlax|p1b: Archaludon
|-supereffective|p1a: Talonflame|2
|-damage|p1a: Talonflame|5/100
|
|-heal|p1b: Archaludon|92/100|[from] item: Leftovers
|upkeep
|turn|2
|
|t:|1786025177
|move|p1b: Archaludon|Protect|p1b: Archaludon
|-singleturn|p1b: Archaludon|Protect
|move|p1a: Talonflame|Tailwind|p1a: Talonflame
|-sidestart|p1: predatorssg|move: Tailwind
|move|p2b: Raichu|Focus Blast|p1b: Archaludon
|-activate|p1b: Archaludon|move: Protect
|move|p2a: Snorlax|Belly Drum|p2a: Snorlax
|-damage|p2a: Snorlax|50/100g
|-setboost|p2a: Snorlax|atk|6|[from] move: Belly Drum
|
|-heal|p1b: Archaludon|98/100|[from] item: Leftovers
|upkeep
|turn|3
|inactive|Battle timer is ON: inactive players will automatically lose when time's up. (requested by returningto)
|
|t:|1786025221
|switch|p2b: Sinistcha|Sinistcha, L50|100/100
|-heal|p2a: Snorlax|74/100|[from] ability: Hospitality|[of] p2b: Sinistcha
|move|p1a: Talonflame|Dual Wingbeat|p2b: Sinistcha
|-supereffective|p2b: Sinistcha|1
|-damage|p2b: Sinistcha|69/100
|-supereffective|p2b: Sinistcha|1
|-damage|p2b: Sinistcha|36/100
|-hitcount|p2b: Sinistcha|2
|move|p1b: Archaludon|Aura Sphere|p2b: Sinistcha
|-immune|p2b: Sinistcha
|move|p2a: Snorlax|Rock Slide|p1a: Talonflame|[spread] p1a,p1b
|-supereffective|p1a: Talonflame|2
|-resisted|p1b: Archaludon|1
|-damage|p1a: Talonflame|0 fnt
|-damage|p1b: Archaludon|89/100
|-ability|p1b: Archaludon|Stamina|boost
|-boost|p1b: Archaludon|def|1
|faint|p1a: Talonflame
|
|-heal|p1b: Archaludon|95/100|[from] item: Leftovers
|upkeep
|
|t:|1786025227
|switch|p1a: Pelipper|Pelipper, L50, F|100/100
|-weather|RainDance|[from] ability: Drizzle|[of] p1a: Pelipper
|turn|4
|
|t:|1786025250
|move|p1b: Archaludon|Electro Shot||[still]
|-prepare|p1b: Archaludon|Electro Shot
|-boost|p1b: Archaludon|spa|1
|-anim|p1b: Archaludon|Electro Shot|p2a: Snorlax
|-damage|p2a: Snorlax|36/100
|-enditem|p2a: Snorlax|Sitrus Berry|[eat]
|-heal|p2a: Snorlax|60/100|[from] item: Sitrus Berry
|move|p1a: Pelipper|Hurricane|p2b: Sinistcha
|-supereffective|p2b: Sinistcha|1
|-damage|p2b: Sinistcha|0 fnt
|faint|p2b: Sinistcha
|move|p2a: Snorlax|Body Slam|p1a: Pelipper
|-damage|p1a: Pelipper|0 fnt
|faint|p1a: Pelipper
|
|-weather|RainDance|[upkeep]
|-heal|p1b: Archaludon|100/100|[from] item: Leftovers
|upkeep
|
|t:|1786025267
|switch|p1a: Swampert|Swampert, L50, F|100/100
|switch|p2b: Raichu|Raichu-Mega-Y, L50, F|100/100
|turn|5
|
|t:|1786025290
|switch|p2b: Typhlosion|Typhlosion-Hisui, L50, F|100/100
|detailschange|p1a: Swampert|Swampert-Mega, L50, F
|-mega|p1a: Swampert|Swampert|Swampertite
|move|p1a: Swampert|Protect|p1a: Swampert
|-singleturn|p1a: Swampert|Protect
|move|p1b: Archaludon|Protect|p1b: Archaludon
|-singleturn|p1b: Archaludon|Protect
|move|p2a: Snorlax|Body Slam|p1a: Swampert
|-activate|p1a: Swampert|move: Protect
|
|-weather|RainDance|[upkeep]
|-sideend|p1: predatorssg|move: Tailwind
|upkeep
|turn|6
|inactive|returningto has 30 seconds left.
|
|t:|1786025320
|move|p1a: Swampert|Earthquake|p2a: Snorlax|[spread] p1b,p2a,p2b
|-supereffective|p1b: Archaludon|1
|-supereffective|p2b: Typhlosion|1
|-damage|p1b: Archaludon|80/100
|-damage|p2a: Snorlax|30/100
|-damage|p2b: Typhlosion|0 fnt
|-ability|p1b: Archaludon|Stamina|boost
|-boost|p1b: Archaludon|def|1
|faint|p2b: Typhlosion
|move|p1b: Archaludon|Electro Shot||[still]
|-prepare|p1b: Archaludon|Electro Shot
|-boost|p1b: Archaludon|spa|1
|-anim|p1b: Archaludon|Electro Shot|p2a: Snorlax
|-damage|p2a: Snorlax|0 fnt
|faint|p2a: Snorlax
|
|-weather|RainDance|[upkeep]
|-heal|p1b: Archaludon|86/100|[from] item: Leftovers
|upkeep
|
|t:|1786025334
|switch|p2a: Raichu|Raichu-Mega-Y, L50, F|100/100
|turn|7
|
|t:|1786025340
|move|p1a: Swampert|Earthquake|p2a: Raichu|[spread] p1b,p2a
|-supereffective|p1b: Archaludon|1
|-supereffective|p2a: Raichu|1
|-damage|p1b: Archaludon|69/100
|-damage|p2a: Raichu|0 fnt
|-ability|p1b: Archaludon|Stamina|boost
|-boost|p1b: Archaludon|def|1
|faint|p2a: Raichu
|
|win|predatorssg
|raw|predatorssg's rating: 1157 → 1182(+25 for winning)
|raw|returningto's rating: 1151 → 1126(-25 for losing)
|l|☆returningto
|player|p2|
