|j|☆Autumnal Rein
|j|☆samuroleon
|html|Autumnal Reinsamuroleon    
|uhtml|bestof|Game 2 of a best-of-3
|t:|1783970856
|gametype|doubles
|player|p1|Autumnal Rein|lusamine-nihilego|
|player|p2|samuroleon|elesa-masters|
|gen|9
|tier|[Gen 9 Champions] VGC 2026 Reg M-B (Bo3)
|rule|Species Clause: Limit one of each Pokémon
|rule|Item Clause: Limit 1 of each item
|clearpoke
|poke|p1|Mawile, L50, F|
|poke|p1|Incineroar, L50, F|
|poke|p1|Rotom-Wash, L50|
|poke|p1|Delphox, L50, F|
|poke|p1|Sinistcha, L50|
|poke|p1|Garchomp, L50, M|
|poke|p2|Froslass, L50, F|
|poke|p2|Scovillain, L50, M|
|poke|p2|Basculegion, L50, M|
|poke|p2|Kingambit, L50, F|
|poke|p2|Sneasler, L50, F|
|poke|p2|Lycanroc-Dusk, L50, M|
|teampreview|4
|showteam|p1|Mawile||Mawilite|Intimidate|Protect,SwordsDance,PlayRough,SuckerPunch|Adamant||F|||50|]Incineroar||SitrusBerry|Intimidate|FakeOut,PartingShot,Taunt,FlareBlitz|Impish||F|||50|]Rotom-Wash||ChoiceScarf|Levitate|VoltSwitch,Thunderbolt,HydroPump,Electroweb|Timid|||||50|]Delphox||Delphoxite|Blaze|Protect,NastyPlot,HeatWave,Psyshock|Timid||F|||50|]Sinistcha||ColburBerry|Hospitality|RagePowder,LifeDew,TrickRoom,MatchaGotcha|Bold|||||50|]Garchomp||LifeOrb|RoughSkin|Protect,Earthquake,DragonClaw,RockSlide|Jolly||M|||50|
|showteam|p2|Froslass||Froslassite|CursedBody|Blizzard,ShadowBall,AuroraVeil,Protect|Timid||F|||50|]Scovillain||Scovillainite|Moody|Overheat,RagePowder,GigaDrain,Protect|Bold||M|||50|]Basculegion||SitrusBerry|Adaptability|LastRespects,WaveCrash,AquaJet,Protect|Adamant||M|||50|]Kingambit||LifeOrb|Defiant|KowtowCleave,SuckerPunch,SwordsDance,Protect|Adamant||F|||50|]Sneasler||WhiteHerb|Unburden|DireClaw,CloseCombat,FakeOut,Protect|Adamant||F|||50|]Lycanroc-Dusk||FocusSash|ToughClaws|RockSlide,Accelerock,CloseCombat,Protect|Adamant||M|||50|
|inactive|Battle timer is ON: inactive players will automatically lose when time's up. (requested by samuroleon)
|j| cbutty
|j| Minedea101
|j| Awammy
|j| celaerity
|j| DmanVGC
|j| Jim9174
|inactive|Autumnal Rein has 60 seconds left.
|
|t:|1783970902
|teamsize|p1|4
|teamsize|p2|4
|start
|switch|p1a: Rotom|Rotom-Wash, L50|100/100
|switch|p1b: Incineroar|Incineroar, L50, F|100/100
|switch|p2a: Scovillain|Scovillain, L50, M|100/100
|switch|p2b: Sneasler|Sneasler, L50, F|100/100
|-ability|p1b: Incineroar|Intimidate|boost
|-unboost|p2a: Scovillain|atk|1
|-unboost|p2b: Sneasler|atk|1
|-enditem|p2b: Sneasler|White Herb
|-clearnegativeboost|p2b: Sneasler|[silent]
|turn|1
|inactive|Autumnal Rein has 30 seconds left.
|inactive|samuroleon has 30 seconds left.
|
|t:|1783970936
|detailschange|p2a: Scovillain|Scovillain-Mega, L50, M
|-mega|p2a: Scovillain|Scovillain|Scovillainite
|move|p2b: Sneasler|Fake Out|p1a: Rotom
|-damage|p1a: Rotom|83/100
|move|p1b: Incineroar|Fake Out|p2a: Scovillain
|-damage|p2a: Scovillain|88/100
|-immune|p1b: Incineroar
|cant|p2a: Scovillain|flinch
|cant|p1a: Rotom|flinch
|
|upkeep
|turn|2
|inactive|Autumnal Rein has 30 seconds left.
|
|t:|1783970962
|move|p2a: Scovillain|Rage Powder|p2a: Scovillain
|-singleturn|p2a: Scovillain|move: Rage Powder
|move|p2b: Sneasler|Close Combat|p1b: Incineroar
|-supereffective|p1b: Incineroar|1
|-damage|p1b: Incineroar|0 fnt
|-unboost|p2b: Sneasler|def|1
|-unboost|p2b: Sneasler|spd|1
|faint|p1b: Incineroar
|move|p1a: Rotom|Electroweb|p2a: Scovillain|[spread] p2a,p2b
|-resisted|p2a: Scovillain|1
|-damage|p2a: Scovillain|80/100
|-damage|p2b: Sneasler|67/100
|-unboost|p2a: Scovillain|spe|1
|-unboost|p2b: Sneasler|spe|1
|-status|p1a: Rotom|brn|[from] ability: Spicy Spray|[of] p2a: Scovillain
|
|-damage|p1a: Rotom|77/100 brn|[from] brn
|upkeep
|j| thepostmanp
|
|t:|1783970977
|switch|p1b: Delphox|Delphox, L50, F|100/100
|turn|3
|l| cbutty
|
|t:|1783970994
|detailschange|p1b: Delphox|Delphox-Mega, L50, F
|-mega|p1b: Delphox|Delphox|Delphoxite
|move|p2b: Sneasler|Protect|p2b: Sneasler
|-singleturn|p2b: Sneasler|Protect
|move|p1a: Rotom|Electroweb|p2a: Scovillain|[spread] p2a
|-activate|p2b: Sneasler|move: Protect
|-resisted|p2a: Scovillain|1
|-damage|p2a: Scovillain|71/100
|-unboost|p2a: Scovillain|spe|1
|move|p1b: Delphox|Psyshock|p2b: Sneasler
|-activate|p2b: Sneasler|move: Protect
|move|p2a: Scovillain|Giga Drain|p1a: Rotom
|-supereffective|p1a: Rotom|1
|-damage|p1a: Rotom|0 fnt
|-heal|p2a: Scovillain|100/100|[from] drain|[of] p1a: Rotom
|faint|p1a: Rotom
|
|upkeep
|
|t:|1783971007
|switch|p1a: Sinistcha|Sinistcha, L50|100/100
|turn|4
|
|t:|1783971021
|move|p1a: Sinistcha|Rage Powder|p1a: Sinistcha
|-singleturn|p1a: Sinistcha|move: Rage Powder
|move|p2b: Sneasler|Dire Claw|p1a: Sinistcha
|-damage|p1a: Sinistcha|67/100
|move|p1b: Delphox|Nasty Plot|p1b: Delphox
|-boost|p1b: Delphox|spa|2
|move|p2a: Scovillain|Overheat|p1a: Sinistcha
|-supereffective|p1a: Sinistcha|1
|-damage|p1a: Sinistcha|0 fnt
|-unboost|p2a: Scovillain|spa|2
|faint|p1a: Sinistcha
|
|upkeep
|turn|5
|j| morgie d timmy
|
|t:|1783971039
|move|p2a: Scovillain|Rage Powder|p2a: Scovillain
|-singleturn|p2a: Scovillain|move: Rage Powder
|move|p2b: Sneasler|Dire Claw|p1b: Delphox
|-damage|p1b: Delphox|28/100
|move|p1b: Delphox|Heat Wave|p2b: Sneasler|[spread] p2a
|-miss|p1b: Delphox|p2b: Sneasler
|-damage|p2a: Scovillain|6/100
|-immune|p1b: Delphox
|
|upkeep
|turn|6
|
|t:|1783971051
|move|p2a: Scovillain|Rage Powder|p2a: Scovillain
|-singleturn|p2a: Scovillain|move: Rage Powder
|move|p2b: Sneasler|Dire Claw|p1b: Delphox
|-damage|p1b: Delphox|0 fnt
|faint|p1b: Delphox
|
|win|samuroleon
|c|☆Autumnal Rein|ggs
|c|☆samuroleon|ggs
|l| thepostmanp
|l| morgie d timmy
|l| Jim9174
|l| Awammy
|l|☆Autumnal Rein
|player|p1|
|l| Minedea101
