|j|☆Eggy’sDad
|j|☆C.blaze
|html|Eggy’sDadC.blaze    
|uhtml|bestof|Game 2 of a best-of-3
|t:|1785203453
|gametype|doubles
|player|p1|Eggy’sDad|266|1102
|player|p2|C.blaze|169|1140
|gen|9
|tier|[Gen 9 Champions] VGC 2026 Reg M-B (Bo3)
|rated|
|rule|Species Clause: Limit one of each Pokémon
|rule|Item Clause: Limit 1 of each item
|clearpoke
|poke|p1|Pyroar, L50, F|
|poke|p1|Whimsicott, L50, M|
|poke|p1|Ninetales, L50, M|
|poke|p1|Farigiraf, L50, M|
|poke|p1|Basculegion, L50, M|
|poke|p1|Floette-Eternal, L50, F|
|poke|p2|Mawile, L50, M|
|poke|p2|Hydreigon, L50, M|
|poke|p2|Oranguru, L50, F|
|poke|p2|Sneasler, L50, M|
|poke|p2|Rotom-Wash, L50|
|poke|p2|Sylveon, L50, F|
|teampreview|4
|showteam|p1|Pyroar||Pyroarite|Unnerve|HeatWave,SolarBeam,Overheat,Protect|Timid||F|||50|]Whimsicott||FocusSash|Prankster|Moonblast,Tailwind,SunnyDay,Protect|Timid||M|||50|]Ninetales||ChoiceScarf|Drought|Overheat,HeatWave,SolarBeam,FakeTears|Modest||M|||50|]Farigiraf||SitrusBerry|ArmorTail|Thunderbolt,TwinBeam,TrickRoom,HelpingHand|Bold||M|||50|]Basculegion||LifeOrb|Adaptability|WaveCrash,LastRespects,AquaJet,Protect|Adamant||M|||50|]Floette-Eternal||Floettite|FlowerVeil|Moonblast,DazzlingGleam,LightofRuin,Protect|Timid||F|||50|
|showteam|p2|Mawile||Mawilite|Intimidate|PlayRough,IronHead,Protect,RockSlide|Brave||M|||50|]Hydreigon||HabanBerry|Levitate|DracoMeteor,DarkPulse,Protect,Snarl|Timid||M|||50|]Oranguru||MentalHerb|InnerFocus|Psychic,Encore,Instruct,TrickRoom|Sassy||F|||50|]Sneasler||WhiteHerb|Unburden|CloseCombat,DireClaw,Protect,FakeOut|Jolly||M|||50|]Rotom-Wash||SitrusBerry|Levitate|Thunderbolt,HydroPump,Electroweb,WillOWisp|Timid|||||50|]Sylveon||FairyFeather|Pixilate|HyperVoice,HyperBeam,Protect,MysticalFire|Modest||F|||50|
|inactive|Battle timer is ON: inactive players will automatically lose when time's up. (requested by Eggy’sDad)
|
|t:|1785203561
|teamsize|p1|4
|teamsize|p2|4
|start
|switch|p1a: Ninetales|Ninetales, L50, M|100/100
|switch|p1b: Pyroar|Pyroar, L50, F|100/100
|switch|p2a: Oranguru|Oranguru, L50, F|100/100
|switch|p2b: Sneasler|Sneasler, L50, M|100/100
|-ability|p1b: Pyroar|Unnerve
|-weather|SunnyDay|[from] ability: Drought|[of] p1a: Ninetales
|turn|1
|inactive|Eggy’sDad has 30 seconds left.
|inactive|Eggy’sDad has 20 seconds left.
|
|t:|1785203598
|switch|p1a: Farigiraf|Farigiraf, L50, M|100/100
|detailschange|p1b: Pyroar|Pyroar-Mega, L50, F
|-mega|p1b: Pyroar|Pyroar|Pyroarite
|move|p2b: Sneasler|Fake Out||[still]
|cant|p1a: Farigiraf|ability: Armor Tail|Fake Out|[of] p2b: Sneasler
|move|p1b: Pyroar|Overheat|p2a: Oranguru
|-damage|p2a: Oranguru|3/100
|-unboost|p1b: Pyroar|spa|2
|move|p2a: Oranguru|Trick Room|p2a: Oranguru
|-fieldstart|move: Trick Room|[of] p2a: Oranguru
|
|-weather|SunnyDay|[upkeep]
|upkeep
|turn|2
|inactive|Eggy’sDad has 30 seconds left.
|inactive|Eggy’sDad has 20 seconds left.
|inactive|Eggy’sDad has 15 seconds left.
|
|t:|1785203639
|switch|p1b: Ninetales|Ninetales, L50, M|100/100
|move|p1a: Farigiraf|Twin Beam|p2b: Sneasler
|-supereffective|p2b: Sneasler|2
|-damage|p2b: Sneasler|15/100
|-supereffective|p2b: Sneasler|2
|-damage|p2b: Sneasler|0 fnt
|faint|p2b: Sneasler
|-hitcount|p2: Sneasler|2
|move|p2a: Oranguru|Trick Room|p2a: Oranguru
|-fieldend|move: Trick Room
|
|-weather|SunnyDay|[upkeep]
|upkeep
|
|t:|1785203644
|switch|p2b: Hydreigon|Hydreigon, L50, M|100/100
|turn|3
|inactive|Eggy’sDad has 30 seconds left.
|inactive|Eggy’sDad has 20 seconds left.
|inactive|Eggy’sDad has 15 seconds left.
|
|t:|1785203685
|switch|p1a: Whimsicott|Whimsicott, L50, M|100/100
|move|p1b: Ninetales|Heat Wave|p2b: Hydreigon|[spread] p2a,p2b
|-resisted|p2b: Hydreigon|1
|-damage|p2a: Oranguru|0 fnt
|-damage|p2b: Hydreigon|75/100
|faint|p2a: Oranguru
|move|p2b: Hydreigon|Snarl|p1a: Whimsicott|[spread] p1a,p1b
|-resisted|p1a: Whimsicott|1
|-damage|p1a: Whimsicott|84/100
|-damage|p1b: Ninetales|72/100
|-unboost|p1a: Whimsicott|spa|1
|-unboost|p1b: Ninetales|spa|1
|
|-weather|SunnyDay|[upkeep]
|upkeep
|
|t:|1785203698
|switch|p2a: Mawile|Mawile, L50, M|100/100
|-ability|p2a: Mawile|Intimidate|boost
|-unboost|p1a: Whimsicott|atk|1
|-unboost|p1b: Ninetales|atk|1
|turn|4
|
|t:|1785203709
|detailschange|p2a: Mawile|Mawile-Mega, L50, M
|-mega|p2a: Mawile|Mawile|Mawilite
|move|p2b: Hydreigon|Protect|p2b: Hydreigon
|-singleturn|p2b: Hydreigon|Protect
|move|p1b: Ninetales|Heat Wave|p2b: Hydreigon|[spread] p2a
|-activate|p2b: Hydreigon|move: Protect
|-supereffective|p2a: Mawile|1
|-damage|p2a: Mawile|26/100
|move|p1a: Whimsicott|Moonblast|p2b: Hydreigon
|-activate|p2b: Hydreigon|move: Protect
|move|p2a: Mawile|Rock Slide|p1a: Whimsicott|[spread] p1b
|-miss|p2a: Mawile|p1a: Whimsicott
|-supereffective|p1b: Ninetales|1
|-damage|p1b: Ninetales|0 fnt
|faint|p1b: Ninetales
|
|-weather|SunnyDay|[upkeep]
|upkeep
|
|t:|1785203729
|switch|p1b: Pyroar|Pyroar-Mega, L50, F|100/100
|turn|5
|
|t:|1785203742
|move|p2b: Hydreigon|Protect|p2b: Hydreigon
|-singleturn|p2b: Hydreigon|Protect
|move|p1b: Pyroar|Heat Wave|p2b: Hydreigon|[spread] p2a
|-activate|p2b: Hydreigon|move: Protect
|-supereffective|p2a: Mawile|1
|-damage|p2a: Mawile|0 fnt
|faint|p2a: Mawile
|move|p1a: Whimsicott|Moonblast|p2b: Hydreigon
|-activate|p2b: Hydreigon|move: Protect
|
|-weather|none
|upkeep
|turn|6
|
|t:|1785203758
|move|p1b: Pyroar|Overheat|p2b: Hydreigon
|-resisted|p2b: Hydreigon|1
|-damage|p2b: Hydreigon|14/100
|-unboost|p1b: Pyroar|spa|2
|move|p1a: Whimsicott|Moonblast|p2b: Hydreigon
|-supereffective|p2b: Hydreigon|2
|-damage|p2b: Hydreigon|0 fnt
|faint|p2b: Hydreigon
|
|win|Eggy’sDad
|raw|Eggy’sDad's rating: 1102 → 1130(+28 for winning)
|raw|C.blaze's rating: 1140 → 1112(-28 for losing)
