|j|☆magicalarcher57
|j|☆SitrusC
|html|magicalarcher57SitrusC    
|uhtml|bestof|Game 1 of a best-of-3
|t:|1783518617
|gametype|doubles
|player|p1|magicalarcher57|diantha|
|player|p2|SitrusC|lucas|
|gen|9
|tier|[Gen 9 Champions] VGC 2026 Reg M-B (Bo3)
|rule|Species Clause: Limit one of each Pokémon
|rule|Item Clause: Limit 1 of each item
|clearpoke
|poke|p1|Raichu, L50, M|
|poke|p1|Basculegion, L50, M|
|poke|p1|Whimsicott, L50, M|
|poke|p1|Garchomp, L50, M|
|poke|p1|Floette-Eternal, L50, F|
|poke|p1|Gholdengo, L50|
|poke|p2|Charizard, L50, F, shiny|
|poke|p2|Garchomp, L50, M|
|poke|p2|Kingambit, L50, M|
|poke|p2|Aerodactyl, L50, M|
|poke|p2|Sylveon, L50, M|
|poke|p2|Farigiraf, L50, M|
|teampreview|4
|showteam|p1|Raichu||RaichuniteY|LightningRod|Protect,ZapCannon,FocusBlast,FakeOut|Modest||M|||50|]Basculegion||MysticWater|Adaptability|Protect,WaveCrash,LastRespects,AquaJet|Adamant||M|||50|]Whimsicott||FocusSash|Prankster|Protect,Moonblast,Tailwind,Encore|Timid||M|||50|]Garchomp||SitrusBerry|RoughSkin|RockSlide,StompingTantrum,DragonClaw,Protect|Adamant||M|||50|]Floette-Eternal||Floettite|FlowerVeil|Protect,Moonblast,LightofRuin,DazzlingGleam|Modest||F|||50|]Gholdengo||LifeOrb|GoodasGold|Protect,MakeItRain,NastyPlot,ShadowBall|Modest|||||50|
|showteam|p2|Charizard||CharizarditeY|Blaze|Protect,HeatWave,SolarBeam,WeatherBall|Modest||F|||50|]Garchomp||LifeOrb|RoughSkin|Protect,Earthquake,DragonClaw,StompingTantrum|Jolly||M|||50|]Kingambit||FocusSash|Defiant|LowKick,IronHead,SuckerPunch,KowtowCleave|Adamant||M|||50|]Aerodactyl||Aerodactylite|Unnerve|Tailwind,IceFang,RockSlide,WideGuard|Jolly||M|||50|]Sylveon||FairyFeather|Pixilate|Protect,HyperVoice,HyperBeam,QuickAttack|Modest||M|||50|]Farigiraf||SitrusBerry|ArmorTail|TrickRoom,TwinBeam,Thunderbolt,HelpingHand|Bold||M|||50|
|inactive|Battle timer is ON: inactive players will automatically lose when time's up. (requested by magicalarcher57)
|inactive|SitrusC also wants the timer to be on.
|c|☆SitrusC|Glhf
|c|☆magicalarcher57|this is wolfeys raichu team
|c|☆magicalarcher57|glhf
|inactive|magicalarcher57 has 60 seconds left.
|inactive|SitrusC has 60 seconds left.
|inactive|SitrusC has 30 seconds left.
|inactive|SitrusC has 20 seconds left.
|inactive|SitrusC has 15 seconds left.
|
|t:|1783518695
|teamsize|p1|4
|teamsize|p2|4
|start
|switch|p1a: Basculegion|Basculegion, L50, M|100/100
|switch|p1b: Whimsicott|Whimsicott, L50, M|100/100
|switch|p2a: Sylveon|Sylveon, L50, M|100/100
|switch|p2b: Aerodactyl|Aerodactyl, L50, M|100/100
|-ability|p2b: Aerodactyl|Unnerve
|turn|1
|
|t:|1783518718
|switch|p2b: Farigiraf|Farigiraf, L50, M|100/100
|move|p2a: Sylveon|Protect|p2a: Sylveon
|-singleturn|p2a: Sylveon|Protect
|move|p1b: Whimsicott|Tailwind|p1b: Whimsicott
|-sidestart|p1: magicalarcher57|move: Tailwind
|move|p1a: Basculegion|Wave Crash|p2b: Farigiraf
|-damage|p2b: Farigiraf|23/100
|-enditem|p2b: Farigiraf|Sitrus Berry|[eat]
|-heal|p2b: Farigiraf|48/100|[from] item: Sitrus Berry
|-damage|p1a: Basculegion|72/100|[from] Recoil
|
|upkeep
|turn|2
|
|t:|1783518736
|move|p2b: Farigiraf|Helping Hand|p2a: Sylveon
|-singleturn|p2a: Sylveon|Helping Hand|[of] p2b: Farigiraf
|move|p1b: Whimsicott|Moonblast|p2a: Sylveon
|-damage|p2a: Sylveon|70/100
|move|p1a: Basculegion|Wave Crash|p2b: Farigiraf
|-damage|p2b: Farigiraf|0 fnt
|faint|p2b: Farigiraf
|-damage|p1a: Basculegion|55/100|[from] Recoil
|move|p2a: Sylveon|Hyper Voice|p1b: Whimsicott|[spread] p1a,p1b
|-damage|p1a: Basculegion|0 fnt
|-enditem|p1b: Whimsicott|Focus Sash
|-damage|p1b: Whimsicott|1/100
|faint|p1a: Basculegion
|
|upkeep
|
|t:|1783518755
|switch|p1a: Raichu|Raichu, L50, M|100/100
|switch|p2b: Kingambit|Kingambit, L50, M|100/100
|turn|3
|inactive|magicalarcher57 has 30 seconds left.
|
|t:|1783518785
|move|p1a: Raichu|Protect|p1a: Raichu
|-singleturn|p1a: Raichu|Protect
|move|p2a: Sylveon|Quick Attack|p1b: Whimsicott
|-damage|p1b: Whimsicott|0 fnt
|faint|p1b: Whimsicott
|move|p2b: Kingambit|Kowtow Cleave|p1a: Raichu
|-activate|p1a: Raichu|move: Protect
|
|upkeep
|
|t:|1783518789
|switch|p1b: Garchomp|Garchomp, L50, M|100/100
|turn|4
|
|t:|1783518807
|detailschange|p1a: Raichu|Raichu-Mega-Y, L50, M
|-mega|p1a: Raichu|Raichu|Raichunite Y
|move|p2a: Sylveon|Protect|p2a: Sylveon
|-singleturn|p2a: Sylveon|Protect
|move|p1a: Raichu|Zap Cannon|p2a: Sylveon
|-activate|p2a: Sylveon|move: Protect
|move|p1b: Garchomp|Rock Slide|p2b: Kingambit|[spread] p2b
|-activate|p2a: Sylveon|move: Protect
|-resisted|p2b: Kingambit|1
|-damage|p2b: Kingambit|92/100
|cant|p2b: Kingambit|flinch
|
|-sideend|p1: magicalarcher57|move: Tailwind
|upkeep
|turn|5
|
|t:|1783518830
|switch|p2a: Aerodactyl|Aerodactyl, L50, M|100/100
|-ability|p2a: Aerodactyl|Unnerve
|move|p1a: Raichu|Focus Blast|p2b: Kingambit
|-supereffective|p2b: Kingambit|2
|-damage|p2b: Kingambit|0 fnt
|faint|p2b: Kingambit
|move|p1b: Garchomp|Stomping Tantrum|p2a: Aerodactyl
|-immune|p2a: Aerodactyl
|
|upkeep
|
|t:|1783518842
|switch|p2b: Sylveon|Sylveon, L50, M|70/100
|turn|6
|
|t:|1783518862
|detailschange|p2a: Aerodactyl|Aerodactyl-Mega, L50, M
|-mega|p2a: Aerodactyl|Aerodactyl|Aerodactylite
|move|p2a: Aerodactyl|Tailwind|p2a: Aerodactyl
|-sidestart|p2: SitrusC|move: Tailwind
|move|p2b: Sylveon|Hyper Beam|p1a: Raichu
|-damage|p1a: Raichu|0 fnt
|-mustrecharge|p2b: Sylveon
|faint|p1a: Raichu
|move|p1b: Garchomp|Rock Slide|p2b: Sylveon|[spread] p2a,p2b
|-supereffective|p2a: Aerodactyl|1
|-crit|p2b: Sylveon
|-damage|p2a: Aerodactyl|54/100
|-damage|p2b: Sylveon|37/100
|
|upkeep
|turn|7
|
|t:|1783518883
|move|p2a: Aerodactyl|Ice Fang|p1b: Garchomp
|-supereffective|p1b: Garchomp|2
|-damage|p1b: Garchomp|0 fnt
|-damage|p2a: Aerodactyl|42/100|[from] ability: Rough Skin|[of] p1b: Garchomp
|faint|p1b: Garchomp
|
|win|SitrusC
