|j|☆playrornds
|j|☆ultrog
|html|playrorndsultrog    
|uhtml|bestof|Game 3 of a best-of-3
|t:|1757204506
|gametype|doubles
|player|p1|playrornds|giovanni-gen1rb|1095
|player|p2|ultrog|fisherman|1112
|gen|9
|tier|[Gen 9] VGC 2025 Reg H (Bo3)
|rated|
|rule|Species Clause: Limit one of each Pokémon
|rule|Item Clause: Limit 1 of each item
|clearpoke
|poke|p1|Ursaluna, L50, F|
|poke|p1|Porygon2, L50|
|poke|p1|Gholdengo, L50|
|poke|p1|Kilowattrel, L50, F|
|poke|p1|Amoonguss, L50, M|
|poke|p1|Incineroar, L50, M|
|poke|p2|Indeedee-F, L50, F|
|poke|p2|Armarouge, L50, M|
|poke|p2|Araquanid, L50, F|
|poke|p2|Pelipper, L50, M|
|poke|p2|Archaludon, L50, M|
|poke|p2|Garchomp, L50, F|
|teampreview|4
|showteam|p1|Ursaluna||FlameOrb|Guts|Facade,HeadlongRush,Earthquake,Protect|||F|||50|,,,,,Ghost]Porygon2||Eviolite|Download|TeraBlast,IceBeam,Recover,TrickRoom||||||50|,,,,,Fighting]Gholdengo||MetalCoat|GoodasGold|MakeItRain,ShadowBall,NastyPlot,Protect||||||50|,,,,,Flying]Kilowattrel||FocusSash|Competitive|Thunderbolt,AirSlash,Tailwind,Protect|||F|||50|,,,,,Ghost]Amoonguss||SitrusBerry|Regenerator|PollenPuff,Spore,RagePowder,Protect|||M|||50|,,,,,Water]Incineroar||SafetyGoggles|Intimidate|FakeOut,FlareBlitz,KnockOff,PartingShot|||M|||50|,,,,,Ghost
|showteam|p2|Indeedee-F||RockyHelmet|PsychicSurge|Psychic,HelpingHand,FollowMe,TrickRoom|||F|||50|,,,,,Fairy]Armarouge||LifeOrb|FlashFire|ExpandingForce,ArmorCannon,TrickRoom,Protect|||M|||50|,,,,,Psychic]Araquanid||MysticWater|WaterBubble|Liquidation,Infestation,WideGuard,Protect|||F|||50|,,,,,Water]Pelipper||FocusSash|Drizzle|Hurricane,WeatherBall,Tailwind,Protect|||M|||50|,,,,,Stellar]Archaludon||PowerHerb|Sturdy|ElectroShot,DragonPulse,TeraBlast,Protect|||M|||50|,,,,,Flying]Garchomp||ClearAmulet|RoughSkin|Earthquake,Outrage,StompingTantrum,Protect|||F|||50|,,,,,Ground
|inactive|Battle timer is ON: inactive players will automatically lose when time's up. (requested by ultrog)
|inactive|playrornds also wants the timer to be on.
|inactive|playrornds has 60 seconds left.
|inactive|ultrog has 60 seconds left.
|
|t:|1757204564
|teamsize|p1|4
|teamsize|p2|4
|start
|switch|p1a: Kilowattrel|Kilowattrel, L50, F|100/100
|switch|p1b: Incineroar|Incineroar, L50, M|100/100
|switch|p2a: Araquanid|Araquanid, L50, F|100/100
|switch|p2b: Pelipper|Pelipper, L50, M|100/100
|-weather|RainDance|[from] ability: Drizzle|[of] p2b: Pelipper
|-ability|p1b: Incineroar|Intimidate|boost
|-unboost|p2a: Araquanid|atk|1
|-unboost|p2b: Pelipper|atk|1
|turn|1
|inactive|playrornds has 30 seconds left.
|inactive|ultrog has 30 seconds left.
|j| Trestkon
|inactive|playrornds has 20 seconds left.
|inactive|ultrog has 20 seconds left.
|inactive|playrornds has 15 seconds left.
|inactive|playrornds has 10 seconds left.
|
|t:|1757204610
|switch|p2b: Indeedee|Indeedee-F, L50, F|100/100
|-fieldstart|move: Psychic Terrain|[from] ability: Psychic Surge|[of] p2b: Indeedee
|move|p1a: Kilowattrel|Air Slash|p2a: Araquanid
|-supereffective|p2a: Araquanid
|-damage|p2a: Araquanid|41/100
|move|p1b: Incineroar|Knock Off|p2b: Indeedee
|-supereffective|p2b: Indeedee
|-crit|p2b: Indeedee
|-damage|p2b: Indeedee|0 fnt
|-damage|p1b: Incineroar|84/100|[from] item: Rocky Helmet|[of] p2b: Indeedee
|-enditem|p2b: Indeedee|Rocky Helmet|[from] move: Knock Off|[of] p1b: Incineroar
|faint|p2b: Indeedee
|move|p2a: Araquanid|Liquidation|p1a: Kilowattrel
|-enditem|p1a: Kilowattrel|Focus Sash
|-damage|p1a: Kilowattrel|1/100
|
|-weather|RainDance|[upkeep]
|upkeep
|
|t:|1757204627
|switch|p2b: Armarouge|Armarouge, L50, M|100/100
|turn|2
|inactive|playrornds has 30 seconds left.
|inactive|ultrog has 30 seconds left.
|inactive|ultrog has 20 seconds left.
|
|t:|1757204664
|-terastallize|p1b: Incineroar|Ghost
|-terastallize|p2a: Araquanid|Water
|move|p2b: Armarouge|Protect|p2b: Armarouge
|-singleturn|p2b: Armarouge|Protect
|move|p1a: Kilowattrel|Air Slash|p2a: Araquanid
|-crit|p2a: Araquanid
|-damage|p2a: Araquanid|0 fnt
|faint|p2a: Araquanid
|move|p1b: Incineroar|Knock Off|p2b: Armarouge
|-activate|p2b: Armarouge|move: Protect
|
|-weather|RainDance|[upkeep]
|upkeep
|
|t:|1757204678
|switch|p2a: Pelipper|Pelipper, L50, M|100/100
|turn|3
|inactive|playrornds has 30 seconds left.
|
|t:|1757204704
|move|p1a: Kilowattrel|Thunderbolt|p2a: Pelipper
|-supereffective|p2a: Pelipper
|-crit|p2a: Pelipper
|-enditem|p2a: Pelipper|Focus Sash
|-damage|p2a: Pelipper|1/100
|move|p2a: Pelipper|Tailwind|p2a: Pelipper
|-sidestart|p2: ultrog|move: Tailwind
|move|p2b: Armarouge|Expanding Force|p1a: Kilowattrel|[spread] p1a,p1b
|-damage|p1a: Kilowattrel|0 fnt
|-damage|p1b: Incineroar|5/100
|faint|p1a: Kilowattrel
|-damage|p2b: Armarouge|91/100|[from] item: Life Orb
|move|p1b: Incineroar|Knock Off|p2b: Armarouge
|-supereffective|p2b: Armarouge
|-damage|p2b: Armarouge|18/100
|-enditem|p2b: Armarouge|Life Orb|[from] move: Knock Off|[of] p1b: Incineroar
|
|-weather|RainDance|[upkeep]
|upkeep
|c|☆ultrog|thats 3 crits in a row from the kilo lol
|c|☆ultrog|well 2 one form inc
|inactive|playrornds has 30 seconds left.
|
|t:|1757204734
|switch|p1a: Ursaluna|Ursaluna, L50, F, shiny|100/100
|turn|4
|l| Trestkon
|
|t:|1757204762
|move|p1a: Ursaluna|Protect|p1a: Ursaluna
|-singleturn|p1a: Ursaluna|Protect
|move|p2a: Pelipper|Weather Ball|p1a: Ursaluna
|-activate|p1a: Ursaluna|move: Protect
|move|p2b: Armarouge|Expanding Force|p1a: Ursaluna|[spread] p1b
|-activate|p1a: Ursaluna|move: Protect
|-damage|p1b: Incineroar|0 fnt
|faint|p1b: Incineroar
|
|-weather|RainDance|[upkeep]
|-status|p1a: Ursaluna|brn|[from] item: Flame Orb
|upkeep
|
|t:|1757204769
|switch|p1b: Porygon2|Porygon2, L50|100/100
|-ability|p1b: Porygon2|Download|boost
|-boost|p1b: Porygon2|spa|1
|turn|5
|
|t:|1757204785
|move|p2a: Pelipper|Weather Ball|p1a: Ursaluna
|-supereffective|p1a: Ursaluna
|-damage|p1a: Ursaluna|0 fnt
|faint|p1a: Ursaluna
|move|p2b: Armarouge|Expanding Force|p1b: Porygon2
|-damage|p1b: Porygon2|52/100
|move|p1b: Porygon2|Tera Blast|p2b: Armarouge
|-damage|p2b: Armarouge|0 fnt
|faint|p2b: Armarouge
|
|-weather|none
|-fieldend|move: Psychic Terrain
|upkeep
|turn|6
|
|t:|1757204797
|move|p2a: Pelipper|Hurricane|p1b: Porygon2|[miss]
|-miss|p2a: Pelipper|p1b: Porygon2
|move|p1b: Porygon2|Tera Blast|p2a: Pelipper
|-damage|p2a: Pelipper|0 fnt
|faint|p2a: Pelipper
|
|win|playrornds
|raw|playrornds's rating: 1095 → 1122(+27 for winning)
|raw|ultrog's rating: 1112 → 1086(-26 for losing)
|c|☆ultrog|gg wp
|c|☆playrornds|gg
