|j|☆EternalSnowman
|j|☆kunal
|html|EternalSnowmankunal    
|uhtml|bestof|Game 1 of a best-of-3
|t:|1785811077
|gametype|doubles
|player|p1|EternalSnowman|#dwcopv|
|player|p2|kunal|#wcop2026uswest|
|gen|9
|tier|[Gen 9 Champions] VGC 2026 Reg M-B (Bo3)
|rule|Species Clause: Limit one of each Pokémon
|rule|Item Clause: Limit 1 of each item
|clearpoke
|poke|p1|Hydreigon, L50, F|
|poke|p1|Mawile, L50, F|
|poke|p1|Arcanine-Hisui, L50, M|
|poke|p1|Farigiraf, L50, F|
|poke|p1|Staraptor, L50, M|
|poke|p1|Grimmsnarl, L50, M|
|poke|p2|Charizard, L50, F|
|poke|p2|Venusaur, L50, M|
|poke|p2|Garchomp, L50, M|
|poke|p2|Floette-Eternal, L50, F|
|poke|p2|Incineroar, L50, M|
|poke|p2|Grimmsnarl, L50, M|
|teampreview|4
|showteam|p1|Hydreigon||HabanBerry|Levitate|DarkPulse,DracoMeteor,EarthPower,Protect|Timid||F|||50|]Mawile||Mawilite|HyperCutter|RockSlide,SuckerPunch,PlayRough,Protect|Adamant||F|||50|]Arcanine-Hisui||FocusSash|RockHead|HeadSmash,FlareBlitz,Protect,ExtremeSpeed|Jolly||M|||50|]Farigiraf||SitrusBerry|ArmorTail|TrickRoom,Protect,Psychic,HyperVoice|Calm||F|||50|]Staraptor||Staraptite|Intimidate|CloseCombat,BraveBird,Protect,Roost|Jolly||M|||50|]Grimmsnarl||RoseliBerry|Prankster|FakeOut,PartingShot,PlayRough,ScaryFace|Impish||M|||50|
|showteam|p2|Charizard||CharizarditeY|Blaze|HeatWave,WeatherBall,SolarBeam,Protect|Modest||F|||50|]Venusaur||FocusSash|Chlorophyll|SludgeBomb,LeafStorm,SleepPowder,Protect|Modest||M|||50|]Garchomp||ChoiceScarf|RoughSkin|RockSlide,Earthquake,DragonClaw,StompingTantrum|Adamant||M|||50|]Floette-Eternal||Floettite|FlowerVeil|DrainingKiss,DazzlingGleam,CalmMind,Protect|Modest||F|||50|]Incineroar||SitrusBerry|Intimidate|FakeOut,FlareBlitz,HelpingHand,PartingShot|Careful||M|||50|]Grimmsnarl||LightClay|Prankster|SpiritBreak,Reflect,LightScreen,PartingShot|Careful||M|||50|
|c|☆kunal|glhf
|c|☆EternalSnowman|glhf
|j| Despacito87
|j| icypenguin604
|j|+eragon
|j| rovbmc
|j| gephicka
|j|+iPetBigfoot
|j|+Idyll
|
|t:|1785811147
|teamsize|p1|4
|teamsize|p2|4
|start
|switch|p1a: Farigiraf|Farigiraf, L50, F|100/100
|switch|p1b: Arcanine|Arcanine-Hisui, L50, M|100/100
|switch|p2a: Floette|Floette-Eternal, L50, F|100/100
|switch|p2b: Incineroar|Incineroar, L50, M|100/100
|-ability|p2b: Incineroar|Intimidate|boost
|-unboost|p1a: Farigiraf|atk|1
|-unboost|p1b: Arcanine|atk|1
|turn|1
|j| srvoltmike
|c| srvoltmike|AHUEVO KUNAL
|j| Schister
|
|t:|1785811190
|detailschange|p2a: Floette|Floette-Mega, L50, F
|-mega|p2a: Floette|Floette|Floettite
|-ability|p2a: Floette|Fairy Aura
|move|p1a: Farigiraf|Protect|p1a: Farigiraf
|-singleturn|p1a: Farigiraf|Protect
|move|p1b: Arcanine|Head Smash|p2b: Incineroar
|-supereffective|p2b: Incineroar|1
|-damage|p2b: Incineroar|19/100
|-enditem|p2b: Incineroar|Sitrus Berry|[eat]
|-heal|p2b: Incineroar|44/100|[from] item: Sitrus Berry
|move|p2a: Floette|Calm Mind|p2a: Floette
|-boost|p2a: Floette|spa|1
|-boost|p2a: Floette|spd|1
|move|p2b: Incineroar|Parting Shot|p1a: Farigiraf
|-activate|p1a: Farigiraf|move: Protect
|
|upkeep
|turn|2
|
|t:|1785811203
|switch|p2b: Grimmsnarl|Grimmsnarl, L50, M|100/100
|move|p1b: Arcanine|Head Smash|p2b: Grimmsnarl
|-damage|p2b: Grimmsnarl|54/100
|move|p2a: Floette|Calm Mind|p2a: Floette
|-boost|p2a: Floette|spa|1
|-boost|p2a: Floette|spd|1
|move|p1a: Farigiraf|Trick Room|p1a: Farigiraf
|-fieldstart|move: Trick Room|[of] p1a: Farigiraf
|
|upkeep
|turn|3
|
|t:|1785811226
|switch|p1b: Mawile|Mawile, L50, F|100/100
|move|p2b: Grimmsnarl|Reflect|p2b: Grimmsnarl
|-sidestart|p2: kunal|Reflect
|move|p1a: Farigiraf|Hyper Voice|p2a: Floette|[spread] p2a,p2b
|-damage|p2a: Floette|89/100
|-damage|p2b: Grimmsnarl|32/100
|move|p2a: Floette|Dazzling Gleam|p1a: Farigiraf|[spread] p1a,p1b
|-resisted|p1b: Mawile|1
|-damage|p1a: Farigiraf|28/100
|-damage|p1b: Mawile|15/100
|-enditem|p1a: Farigiraf|Sitrus Berry|[eat]
|-heal|p1a: Farigiraf|53/100|[from] item: Sitrus Berry
|
|upkeep
|turn|4
|j| Terekusai
|
|t:|1785811250
|move|p1b: Mawile|Protect|p1b: Mawile
|-singleturn|p1b: Mawile|Protect
|move|p2a: Floette|Protect|p2a: Floette
|-singleturn|p2a: Floette|Protect
|move|p2b: Grimmsnarl|Spirit Break|p1b: Mawile
|-activate|p1b: Mawile|move: Protect
|move|p1a: Farigiraf|Hyper Voice|p2a: Floette|[spread] p2b
|-activate|p2a: Floette|move: Protect
|-damage|p2b: Grimmsnarl|9/100
|
|upkeep
|turn|5
|
|t:|1785811266
|detailschange|p1b: Mawile|Mawile-Mega, L50, F
|-mega|p1b: Mawile|Mawile|Mawilite
|move|p2b: Grimmsnarl|Light Screen|p2b: Grimmsnarl
|-sidestart|p2: kunal|move: Light Screen
|move|p1b: Mawile|Play Rough|p2a: Floette
|-damage|p2a: Floette|16/100
|move|p1a: Farigiraf|Hyper Voice|p2a: Floette|[spread] p2a,p2b
|-crit|p2b: Grimmsnarl
|-damage|p2a: Floette|9/100
|-damage|p2b: Grimmsnarl|0 fnt
|faint|p2b: Grimmsnarl
|move|p2a: Floette|Dazzling Gleam|p1b: Mawile|[spread] p1a,p1b
|-resisted|p1b: Mawile|1
|-damage|p1a: Farigiraf|0 fnt
|-damage|p1b: Mawile|0 fnt
|faint|p1a: Farigiraf
|faint|p1b: Mawile
|
|upkeep
|
|t:|1785811277
|switch|p1b: Arcanine|Arcanine-Hisui, L50, M|100/100
|switch|p2b: Incineroar|Incineroar, L50, M|44/100
|switch|p1a: Hydreigon|Hydreigon, L50, F|100/100
|-ability|p2b: Incineroar|Intimidate|boost
|-unboost|p1a: Hydreigon|atk|1
|-unboost|p1b: Arcanine|atk|1
|turn|6
|j| Hasayo
|l| Schister
|j| Code
|
|t:|1785811330
|move|p1b: Arcanine|Protect|p1b: Arcanine
|-singleturn|p1b: Arcanine|Protect
|move|p2b: Incineroar|Fake Out|p1b: Arcanine
|-activate|p1b: Arcanine|move: Protect
|move|p2a: Floette|Draining Kiss|p2b: Incineroar
|-damage|p2b: Incineroar|7/100
|-heal|p2a: Floette|42/100|[from] drain|[of] p2b: Incineroar
|move|p1a: Hydreigon|Earth Power|p2a: Floette
|-damage|p2a: Floette|34/100
|
|-fieldend|move: Trick Room
|upkeep
|turn|7
|
|t:|1785811347
|switch|p2b: Garchomp|Garchomp, L50, M|100/100
|move|p2a: Floette|Protect|p2a: Floette
|-singleturn|p2a: Floette|Protect
|move|p1a: Hydreigon|Earth Power|p2b: Garchomp
|-damage|p2b: Garchomp|78/100
|move|p1b: Arcanine|Head Smash|p2a: Floette
|-activate|p2a: Floette|move: Protect
|
|upkeep
|turn|8
|j|+zoe✿
|
|t:|1785811377
|switch|p2b: Incineroar|Incineroar, L50, M|7/100
|-ability|p2b: Incineroar|Intimidate|boost
|-unboost|p1a: Hydreigon|atk|1
|-unboost|p1b: Arcanine|atk|1
|move|p1a: Hydreigon|Earth Power|p2a: Floette
|-crit|p2a: Floette
|-damage|p2a: Floette|1/100
|move|p1b: Arcanine|Head Smash|p2a: Floette|[miss]
|-miss|p1b: Arcanine|p2a: Floette
|move|p2a: Floette|Draining Kiss|p1b: Arcanine
|-resisted|p1b: Arcanine|1
|-damage|p1b: Arcanine|57/100
|-heal|p2a: Floette|33/100|[from] drain|[of] p1b: Arcanine
|
|upkeep
|turn|9
|j| Raf
|c| gephicka|Sv
|
|t:|1785811401
|move|p1a: Hydreigon|Protect|p1a: Hydreigon
|-singleturn|p1a: Hydreigon|Protect
|move|p1b: Arcanine|Protect|p1b: Arcanine
|-singleturn|p1b: Arcanine|Protect
|move|p2b: Incineroar|Fake Out|p1b: Arcanine
|-activate|p1b: Arcanine|move: Protect
|move|p2a: Floette|Draining Kiss|p1a: Hydreigon
|-activate|p1a: Hydreigon|move: Protect
|
|upkeep
|turn|10
|
|t:|1785811412
|move|p1a: Hydreigon|Earth Power|p2b: Incineroar
|-supereffective|p2b: Incineroar|1
|-damage|p2b: Incineroar|0 fnt
|faint|p2b: Incineroar
|move|p1b: Arcanine|Head Smash|p2a: Floette
|-damage|p2a: Floette|10/100
|move|p2a: Floette|Draining Kiss|p1a: Hydreigon
|-supereffective|p1a: Hydreigon|2
|-damage|p1a: Hydreigon|0 fnt
|-heal|p2a: Floette|84/100|[from] drain|[of] p1a: Hydreigon
|faint|p1a: Hydreigon
|
|-sideend|p2: kunal|Reflect
|upkeep
|
|t:|1785811414
|switch|p2b: Garchomp|Garchomp, L50, M|78/100
|turn|11
|
|t:|1785811419
|move|p2b: Garchomp|Stomping Tantrum|p1b: Arcanine
|-supereffective|p1b: Arcanine|2
|-damage|p1b: Arcanine|0 fnt
|faint|p1b: Arcanine
|
|win|kunal
||kunal is ready for game 2.
||EternalSnowman is ready for game 2.
|uhtml|next|Next: Game 2 of 3
|l| icypenguin604
|l| Despacito87
|l| srvoltmike
|j| srvoltmike
|j| porygon2
|l| Terekusai
|l|+zoe✿
|l|+iPetBigfoot
|l| srvoltmike
