|j|☆Djuseppe
|j|☆beans14
|html|Djuseppebeans14    
|uhtml|bestof|Game 2 of a best-of-3
|t:|1757029313
|gametype|doubles
|player|p1|Djuseppe|morty|1077
|player|p2|beans14|2|1080
|gen|9
|tier|[Gen 9] VGC 2025 Reg H (Bo3)
|rated|
|rule|Species Clause: Limit one of each Pokémon
|rule|Item Clause: Limit 1 of each item
|clearpoke
|poke|p1|Gholdengo, L50|
|poke|p1|Ninetales-Alola, L50, M|
|poke|p1|Incineroar, L50, M|
|poke|p1|Rillaboom, L50, M|
|poke|p1|Ursaluna-Bloodmoon, L50, M|
|poke|p1|Talonflame, L50, M|
|poke|p2|Politoed, L50, F|
|poke|p2|Archaludon, L50, M|
|poke|p2|Kingdra, L50, F|
|poke|p2|Incineroar, L50, F|
|poke|p2|Amoonguss, L50, M|
|poke|p2|Gothitelle, L50, F|
|teampreview|4
|showteam|p1|Gholdengo||GrassySeed|GoodasGold|MakeItRain,ShadowBall,NastyPlot,Protect||||||50|,,,,,Water]Ninetales-Alola||LightClay|SnowWarning|AuroraVeil,FreezeDry,IcyWind,Encore|||M|||50|,,,,,Fire]Incineroar||AssaultVest|Intimidate|FakeOut,Uturn,KnockOff,Snarl|||M|||50|,,,,,Bug]Rillaboom||MiracleSeed|GrassySurge|WoodHammer,GrassyGlide,Uturn,FakeOut|||M|||50|,,,,,Fire]Ursaluna-Bloodmoon||LifeOrb|MindsEye|BloodMoon,HyperVoice,EarthPower,Protect|||M|||50|,,,,,Normal]Talonflame||CovertCloak|GaleWings|DualWingbeat,FlareBlitz,Tailwind,WillOWisp|||M|||50|,,,,,Stellar
|showteam|p2|Politoed||Leftovers|Drizzle|Protect,WeatherBall,PerishSong,Encore|||F|||50|,,,,,Grass]Archaludon||PowerHerb|Sturdy|Protect,ElectroShot,FlashCannon,DragonPulse|||M|||50|,,,,,Electric]Kingdra||LifeOrb|SwiftSwim|Protect,DracoMeteor,WeatherBall,MuddyWater|||F|||50|,,,,,Stellar]Incineroar||SafetyGoggles|Intimidate|FakeOut,KnockOff,PartingShot,Protect|||F|||50|,,,,,Ghost]Amoonguss||EjectButton|Regenerator|Protect,RagePowder,Spore,PollenPuff|||M|||50|,,,,,Fairy]Gothitelle||SitrusBerry|ShadowTag|Protect,Psychic,FakeOut,TrickRoom|||F|||50|,,,,,Dark
|inactive|Battle timer is ON: inactive players will automatically lose when time's up. (requested by Djuseppe)
|inactive|Djuseppe has 60 seconds left.
|inactive|Djuseppe has 30 seconds left.
|
|t:|1757029381
|teamsize|p1|4
|teamsize|p2|4
|start
|switch|p1a: Gholdengo|Gholdengo, L50|100/100
|switch|p1b: Ninetales|Ninetales-Alola, L50, M|100/100
|switch|p2a: Archaludon|Archaludon, L50, M|100/100
|switch|p2b: Incineroar|Incineroar, L50, F, shiny|100/100
|-weather|Snowscape|[from] ability: Snow Warning|[of] p1b: Ninetales
|-ability|p2b: Incineroar|Intimidate|boost
|-unboost|p1a: Gholdengo|atk|1
|-unboost|p1b: Ninetales|atk|1
|turn|1
|inactive|beans14 has 30 seconds left.
|inactive|beans14 has 20 seconds left.
|
|t:|1757029420
|switch|p1b: Rillaboom|Rillaboom, L50, M|100/100
|-fieldstart|move: Grassy Terrain|[from] ability: Grassy Surge|[of] p1b: Rillaboom
|-enditem|p1a: Gholdengo|Grassy Seed
|-boost|p1a: Gholdengo|def|1|[from] item: Grassy Seed
|-terastallize|p2a: Archaludon|Electric
|move|p2b: Incineroar|Fake Out|p1b: Rillaboom
|-damage|p1b: Rillaboom|89/100
|move|p2a: Archaludon|Electro Shot||[still]
|-prepare|p2a: Archaludon|Electro Shot
|-boost|p2a: Archaludon|spa|1
|-enditem|p2a: Archaludon|Power Herb
|-anim|p2a: Archaludon|Electro Shot|p1a: Gholdengo
|-damage|p1a: Gholdengo|0 fnt
|faint|p1a: Gholdengo
|
|-weather|Snowscape|[upkeep]
|-heal|p1b: Rillaboom|95/100|[from] Grassy Terrain
|upkeep
|
|t:|1757029437
|switch|p1a: Ursaluna|Ursaluna-Bloodmoon, L50, M|100/100
|turn|2
|
|t:|1757029455
|move|p2a: Archaludon|Protect|p2a: Archaludon
|-singleturn|p2a: Archaludon|Protect
|move|p2b: Incineroar|Protect|p2b: Incineroar
|-singleturn|p2b: Incineroar|Protect
|move|p1b: Rillaboom|Wood Hammer|p2b: Incineroar
|-activate|p2b: Incineroar|move: Protect
|move|p1a: Ursaluna|Blood Moon|p2b: Incineroar
|-activate|p2b: Incineroar|move: Protect
|
|-weather|Snowscape|[upkeep]
|-heal|p1b: Rillaboom|100/100|[from] Grassy Terrain
|upkeep
|turn|3
|
|t:|1757029477
|move|p2a: Archaludon|Dragon Pulse|p1a: Ursaluna
|-damage|p1a: Ursaluna|23/100
|move|p1b: Rillaboom|Wood Hammer|p2a: Archaludon
|-damage|p2a: Archaludon|16/100
|-damage|p1b: Rillaboom|76/100|[from] Recoil
|move|p1a: Ursaluna|Earth Power|p2b: Incineroar
|-supereffective|p2b: Incineroar
|-damage|p2b: Incineroar|6/100
|-damage|p1a: Ursaluna|14/100|[from] item: Life Orb
|move|p2b: Incineroar|Parting Shot|p1b: Rillaboom
|-unboost|p1b: Rillaboom|atk|1
|-unboost|p1b: Rillaboom|spa|1
|
|t:|1757029484
|switch|p2b: Gothitelle|Gothitelle, L50, F|100/100|[from] Parting Shot
|
|-weather|Snowscape|[upkeep]
|-heal|p2a: Archaludon|22/100|[from] Grassy Terrain
|-heal|p1b: Rillaboom|82/100|[from] Grassy Terrain
|-heal|p1a: Ursaluna|20/100|[from] Grassy Terrain
|upkeep
|turn|4
|
|t:|1757029504
|move|p1a: Ursaluna|Protect|p1a: Ursaluna
|-singleturn|p1a: Ursaluna|Protect
|move|p2b: Gothitelle|Fake Out|p1b: Rillaboom
|-damage|p1b: Rillaboom|75/100
|cant|p1b: Rillaboom|flinch
|move|p2a: Archaludon|Dragon Pulse|p1a: Ursaluna
|-activate|p1a: Ursaluna|move: Protect
|
|-weather|Snowscape|[upkeep]
|-heal|p2a: Archaludon|28/100|[from] Grassy Terrain
|-heal|p1b: Rillaboom|82/100|[from] Grassy Terrain
|-heal|p1a: Ursaluna|26/100|[from] Grassy Terrain
|upkeep
|turn|5
|
|t:|1757029521
|move|p2a: Archaludon|Protect|p2a: Archaludon
|-singleturn|p2a: Archaludon|Protect
|move|p1b: Rillaboom|Grassy Glide|p2a: Archaludon
|-activate|p2a: Archaludon|move: Protect
|move|p1a: Ursaluna|Blood Moon|p2b: Gothitelle
|-damage|p2b: Gothitelle|20/100
|-enditem|p2b: Gothitelle|Sitrus Berry|[eat]
|-heal|p2b: Gothitelle|45/100|[from] item: Sitrus Berry
|-damage|p1a: Ursaluna|16/100|[from] item: Life Orb
|move|p2b: Gothitelle|Psychic|p1a: Ursaluna
|-damage|p1a: Ursaluna|0 fnt
|faint|p1a: Ursaluna
|
|-weather|none
|-heal|p2a: Archaludon|34/100|[from] Grassy Terrain
|-heal|p1b: Rillaboom|88/100|[from] Grassy Terrain
|-heal|p2b: Gothitelle|51/100|[from] Grassy Terrain
|-fieldend|move: Grassy Terrain
|upkeep
|
|t:|1757029534
|switch|p1a: Ninetales|Ninetales-Alola, L50, M|100/100
|-weather|Snowscape|[from] ability: Snow Warning|[of] p1a: Ninetales
|turn|6
|
|t:|1757029545
|switch|p2a: Incineroar|Incineroar, L50, F, shiny|6/100
|-ability|p2a: Incineroar|Intimidate|boost
|-unboost|p1a: Ninetales|atk|1
|-unboost|p1b: Rillaboom|atk|1
|-terastallize|p1a: Ninetales|Fire
|move|p2b: Gothitelle|Protect|p2b: Gothitelle
|-singleturn|p2b: Gothitelle|Protect
|move|p1a: Ninetales|Aurora Veil|p1a: Ninetales
|-sidestart|p1: Djuseppe|move: Aurora Veil
|move|p1b: Rillaboom|Wood Hammer|p2a: Incineroar
|-resisted|p2a: Incineroar
|-crit|p2a: Incineroar
|-damage|p2a: Incineroar|0 fnt
|faint|p2a: Incineroar
|-damage|p1b: Rillaboom|86/100|[from] Recoil
|
|-weather|Snowscape|[upkeep]
|upkeep
|
|t:|1757029548
|switch|p2a: Politoed|Politoed, L50, F, shiny|100/100
|-weather|RainDance|[from] ability: Drizzle|[of] p2a: Politoed
|turn|7
|
|t:|1757029566
|move|p1a: Ninetales|Freeze-Dry|p2a: Politoed
|-supereffective|p2a: Politoed
|-damage|p2a: Politoed|67/100
|move|p1b: Rillaboom|Wood Hammer|p2b: Gothitelle
|-damage|p2b: Gothitelle|17/100
|-damage|p1b: Rillaboom|75/100|[from] Recoil
|move|p2a: Politoed|Perish Song|p2a: Politoed
|-start|p1a: Ninetales|perish3|[silent]
|-start|p1b: Rillaboom|perish3|[silent]
|-start|p2a: Politoed|perish3|[silent]
|-start|p2b: Gothitelle|perish3|[silent]
|-fieldactivate|move: Perish Song
|move|p2b: Gothitelle|Trick Room|p2b: Gothitelle
|-fieldstart|move: Trick Room|[of] p2b: Gothitelle
|
|-weather|RainDance|[upkeep]
|-heal|p2a: Politoed|73/100|[from] item: Leftovers
|-start|p2b: Gothitelle|perish3
|-start|p2a: Politoed|perish3
|-start|p1b: Rillaboom|perish3
|-start|p1a: Ninetales|perish3
|upkeep
|turn|8
|inactive|Djuseppe has 30 seconds left.
|inactive|Djuseppe has 20 seconds left.
|inactive|Djuseppe has 15 seconds left.
|c|☆Djuseppe|i really need to understand what was your out to wood hammer on toed
|inactive|Djuseppe has 10 seconds left.
|inactive|Djuseppe has 5 seconds left.
|
|t:|1757029618
|move|p2b: Gothitelle|Protect|p2b: Gothitelle
|-singleturn|p2b: Gothitelle|Protect
|move|p2a: Politoed|Protect|p2a: Politoed
|-singleturn|p2a: Politoed|Protect
|move|p1b: Rillaboom|Wood Hammer|p2a: Politoed
|-activate|p2a: Politoed|move: Protect
|move|p1a: Ninetales|Freeze-Dry|p2a: Politoed
|-activate|p2a: Politoed|move: Protect
|
|-weather|RainDance|[upkeep]
|-heal|p2a: Politoed|79/100|[from] item: Leftovers
|-start|p2b: Gothitelle|perish2
|-start|p2a: Politoed|perish2
|-start|p1b: Rillaboom|perish2
|-start|p1a: Ninetales|perish2
|upkeep
|turn|9
|c|☆beans14|lose
|c|☆Djuseppe|wow
|c|☆Djuseppe|well played
|inactive|Djuseppe has 30 seconds left.
|
|t:|1757029644
|move|p2b: Gothitelle|Psychic|p1a: Ninetales
|-damage|p1a: Ninetales|76/100
|move|p2a: Politoed|Weather Ball|p1b: Rillaboom
|-resisted|p1b: Rillaboom
|-damage|p1b: Rillaboom|54/100
|move|p1b: Rillaboom|Grassy Glide|p2a: Politoed
|-supereffective|p2a: Politoed
|-damage|p2a: Politoed|37/100
|move|p1a: Ninetales|Freeze-Dry|p2a: Politoed
|-supereffective|p2a: Politoed
|-damage|p2a: Politoed|3/100
|-status|p2a: Politoed|frz
|
|-weather|RainDance|[upkeep]
|-heal|p2a: Politoed|9/100 frz|[from] item: Leftovers
|-start|p2b: Gothitelle|perish1
|-start|p2a: Politoed|perish1
|-start|p1b: Rillaboom|perish1
|-start|p1a: Ninetales|perish1
|upkeep
|turn|10
|
|t:|1757029661
|move|p2b: Gothitelle|Psychic|p1a: Ninetales
|-damage|p1a: Ninetales|55/100
|cant|p2a: Politoed|frz
|move|p1b: Rillaboom|Grassy Glide|p2a: Politoed
|-supereffective|p2a: Politoed
|-damage|p2a: Politoed|0 fnt
|faint|p2a: Politoed
|move|p1a: Ninetales|Icy Wind|p2b: Gothitelle
|-damage|p2b: Gothitelle|4/100
|-unboost|p2b: Gothitelle|spe|1
|
|-weather|RainDance|[upkeep]
|-start|p2b: Gothitelle|perish0
|-start|p1b: Rillaboom|perish0
|-start|p1a: Ninetales|perish0
|faint|p2b: Gothitelle
|faint|p1b: Rillaboom
|faint|p1a: Ninetales
|
|win|beans14
|raw|Djuseppe's rating: 1077 → 1056(-21 for losing)
|raw|beans14's rating: 1080 → 1108(+28 for winning)
