|j|☆elitetweet
|j|☆standardamerican
|html|elitetweetstandardamerican    
|uhtml|bestof|Game 2 of a best-of-3
|t:|1784811703
|gametype|doubles
|player|p1|elitetweet|korrina|1323
|player|p2|standardamerican|169|1202
|gen|9
|tier|[Gen 9 Champions] VGC 2026 Reg M-B (Bo3)
|rated|
|rule|Species Clause: Limit one of each Pokémon
|rule|Item Clause: Limit 1 of each item
|clearpoke
|poke|p1|Aerodactyl, L50, F|
|poke|p1|Rotom-Wash, L50, shiny|
|poke|p1|Garchomp, L50, M|
|poke|p1|Sneasler, L50, M|
|poke|p1|Incineroar, L50, F|
|poke|p1|Floette-Eternal, L50, F|
|poke|p2|Sinistcha, L50|
|poke|p2|Incineroar, L50, M|
|poke|p2|Milotic, L50, F|
|poke|p2|Raichu, L50, F|
|poke|p2|Gardevoir, L50, M|
|poke|p2|Ceruledge, L50, F|
|teampreview|4
|showteam|p1|Aerodactyl||FocusSash|Unnerve|RockSlide,DualWingbeat,Taunt,Tailwind|Jolly||F|||50|]Rotom-Wash||ChoiceScarf|Levitate|HydroPump,Electroweb,WillOWisp,Thunderbolt|Timid|||||50|]Garchomp||LifeOrb|RoughSkin|StompingTantrum,DragonClaw,RockSlide,Protect|Jolly||M|||50|]Sneasler||WhiteHerb|Unburden|FakeOut,DireClaw,CloseCombat,Coaching|Adamant||M|||50|]Incineroar||SitrusBerry|Intimidate|FakeOut,FlareBlitz,DarkestLariat,PartingShot|Adamant||F|||50|]Floette-Eternal||Floettite|FlowerVeil|DazzlingGleam,CalmMind,DrainingKiss,Protect|Modest||F|||50|
|showteam|p2|Sinistcha||KasibBerry|Hospitality|MatchaGotcha,Imprison,RagePowder,Protect|Bold|||||50|]Incineroar||SitrusBerry|Intimidate|FlareBlitz,DarkestLariat,FakeOut,PartingShot|Careful||M|||50|]Milotic||Leftovers|Competitive|MuddyWater,Coil,Hypnosis,Protect|Calm||F|||50|]Raichu||RaichuniteY|LightningRod|ZapCannon,FocusBlast,FakeOut,Protect|Timid||F|||50|]Gardevoir||Gardevoirite|Trace|HyperVoice,Psyshock,TrickRoom,Protect|Modest||M|||50|]Ceruledge||ColburBerry|FlashFire|BitterBlade,ShadowSneak,BulkUp,Protect|Adamant||F|||50|
|inactive|Battle timer is ON: inactive players will automatically lose when time's up. (requested by elitetweet)
|inactive|standardamerican has 60 seconds left.
|
|t:|1784811735
|teamsize|p1|4
|teamsize|p2|4
|start
|switch|p1a: Aerodactyl|Aerodactyl, L50, F|100/100
|switch|p1b: gesundheit|Sneasler, L50, M|100/100
|switch|p2a: Incineroar|Incineroar, L50, M|100/100
|switch|p2b: Gardevoir|Gardevoir, L50, M|100/100
|-ability|p1a: Aerodactyl|Unnerve
|-ability|p2b: Gardevoir|Unburden|Trace|[from] ability: Trace|[of] p1b: gesundheit
|-ability|p2a: Incineroar|Intimidate|boost
|-unboost|p1a: Aerodactyl|atk|1
|-unboost|p1b: gesundheit|atk|1
|-enditem|p1b: gesundheit|White Herb
|-clearnegativeboost|p1b: gesundheit|[silent]
|turn|1
|
|t:|1784811759
|detailschange|p2b: Gardevoir|Gardevoir-Mega, L50, M
|-mega|p2b: Gardevoir|Gardevoir|Gardevoirite
|move|p1b: gesundheit|Fake Out|p2b: Gardevoir
|-damage|p2b: Gardevoir|80/100
|move|p2a: Incineroar|Fake Out|p1a: Aerodactyl
|-resisted|p1a: Aerodactyl|1
|-damage|p1a: Aerodactyl|91/100
|cant|p1a: Aerodactyl|flinch
|cant|p2b: Gardevoir|flinch
|
|upkeep
|turn|2
|
|t:|1784811771
|move|p2b: Gardevoir|Protect|p2b: Gardevoir
|-singleturn|p2b: Gardevoir|Protect
|move|p1b: gesundheit|Dire Claw|p2b: Gardevoir
|-activate|p2b: Gardevoir|move: Protect
|move|p1a: Aerodactyl|Taunt|p2a: Incineroar
|-start|p2a: Incineroar|move: Taunt
|cant|p2a: Incineroar|move: Taunt|Parting Shot
|
|upkeep
|turn|3
|
|t:|1784811791
|switch|p2a: Sinistcha|Sinistcha, L50|100/100
|-heal|p2b: Gardevoir|100/100|[from] ability: Hospitality|[of] p2a: Sinistcha
|move|p1b: gesundheit|Dire Claw|p2b: Gardevoir
|-supereffective|p2b: Gardevoir|1
|-damage|p2b: Gardevoir|0 fnt
|faint|p2b: Gardevoir
|move|p1a: Aerodactyl|Rock Slide|p2a: Sinistcha|[miss]
|-miss|p1a: Aerodactyl|p2a: Sinistcha
|
|upkeep
|
|t:|1784811816
|switch|p2b: Ceruledge|Ceruledge, L50, F|100/100
|turn|4
|
|t:|1784811824
|move|p2a: Sinistcha|Rage Powder|p2a: Sinistcha
|-singleturn|p2a: Sinistcha|move: Rage Powder
|move|p1b: gesundheit|Coaching|p1a: Aerodactyl
|-boost|p1a: Aerodactyl|atk|1
|-boost|p1a: Aerodactyl|def|1
|move|p1a: Aerodactyl|Taunt|p2a: Sinistcha
|-start|p2a: Sinistcha|move: Taunt
|move|p2b: Ceruledge|Bulk Up|p2b: Ceruledge
|-boost|p2b: Ceruledge|atk|1
|-boost|p2b: Ceruledge|def|1
|
|upkeep
|turn|5
|
|t:|1784811844
|switch|p2a: Incineroar|Incineroar, L50, M|100/100
|-ability|p2a: Incineroar|Intimidate|boost
|-unboost|p1a: Aerodactyl|atk|1
|-unboost|p1b: gesundheit|atk|1
|move|p1b: gesundheit|Coaching|p1a: Aerodactyl
|-boost|p1a: Aerodactyl|atk|1
|-boost|p1a: Aerodactyl|def|1
|move|p1a: Aerodactyl|Rock Slide|p2b: Ceruledge|[spread] p2a,p2b
|-supereffective|p2a: Incineroar|1
|-supereffective|p2b: Ceruledge|1
|-damage|p2a: Incineroar|54/100
|-damage|p2b: Ceruledge|65/100
|move|p2b: Ceruledge|Bulk Up|p2b: Ceruledge
|-boost|p2b: Ceruledge|atk|1
|-boost|p2b: Ceruledge|def|1
|
|upkeep
|turn|6
|
|t:|1784811866
|move|p2a: Incineroar|Fake Out|p1b: gesundheit
|-damage|p1b: gesundheit|81/100
|cant|p1b: gesundheit|flinch
|move|p1a: Aerodactyl|Rock Slide|p2a: Incineroar|[spread] 
|-miss|p1a: Aerodactyl|p2a: Incineroar
|-miss|p1a: Aerodactyl|p2b: Ceruledge
|move|p2b: Ceruledge|Bitter Blade|p1b: gesundheit
|-damage|p1b: gesundheit|0 fnt
|-heal|p2b: Ceruledge|100/100|[from] drain|[of] p1b: gesundheit
|faint|p1b: gesundheit
|
|upkeep
|
|t:|1784811877
|switch|p1b: Garchomp|Garchomp, L50, M|100/100
|turn|7
|
|t:|1784811887
|switch|p2a: Sinistcha|Sinistcha, L50|100/100
|move|p2b: Ceruledge|Protect|p2b: Ceruledge
|-singleturn|p2b: Ceruledge|Protect
|move|p1a: Aerodactyl|Rock Slide|p2b: Ceruledge|[spread] 
|-activate|p2b: Ceruledge|move: Protect
|-miss|p1a: Aerodactyl|p2a: Sinistcha
|move|p1b: Garchomp|Stomping Tantrum|p2b: Ceruledge
|-activate|p2b: Ceruledge|move: Protect
|
|upkeep
|turn|8
|
|t:|1784811907
|switch|p2a: Incineroar|Incineroar, L50, M|54/100
|-ability|p2a: Incineroar|Intimidate|boost
|-unboost|p1a: Aerodactyl|atk|1
|-unboost|p1b: Garchomp|atk|1
|move|p1a: Aerodactyl|Dual Wingbeat|p2a: Incineroar
|-damage|p2a: Incineroar|44/100
|-damage|p2a: Incineroar|34/100
|-hitcount|p2a: Incineroar|2
|move|p1b: Garchomp|Rock Slide|p2a: Incineroar|[spread] p2a,p2b
|-supereffective|p2a: Incineroar|1
|-supereffective|p2b: Ceruledge|1
|-damage|p2a: Incineroar|3/100
|-damage|p2b: Ceruledge|80/100
|-damage|p1b: Garchomp|90/100|[from] item: Life Orb
|move|p2b: Ceruledge|Bitter Blade|p1a: Aerodactyl
|-resisted|p1a: Aerodactyl|1
|-damage|p1a: Aerodactyl|50/100g
|-heal|p2b: Ceruledge|98/100|[from] drain|[of] p1a: Aerodactyl
|
|upkeep
|turn|9
|inactive|standardamerican has 30 seconds left.
|
|t:|1784811935
|switch|p2a: Sinistcha|Sinistcha, L50|100/100
|-heal|p2b: Ceruledge|100/100|[from] ability: Hospitality|[of] p2a: Sinistcha
|move|p1a: Aerodactyl|Rock Slide|p2a: Sinistcha|[spread] p2a,p2b
|-supereffective|p2b: Ceruledge|1
|-damage|p2a: Sinistcha|87/100
|-damage|p2b: Ceruledge|80/100
|move|p1b: Garchomp|Rock Slide|p2a: Sinistcha|[spread] p2a,p2b
|-supereffective|p2b: Ceruledge|1
|-damage|p2a: Sinistcha|73/100
|-damage|p2b: Ceruledge|58/100
|-damage|p1b: Garchomp|80/100|[from] item: Life Orb
|cant|p2b: Ceruledge|flinch
|
|upkeep
|turn|10
|
|t:|1784811960
|switch|p2a: Incineroar|Incineroar, L50, M|3/100
|-ability|p2a: Incineroar|Intimidate|boost
|-unboost|p1a: Aerodactyl|atk|1
|-unboost|p1b: Garchomp|atk|1
|move|p1a: Aerodactyl|Rock Slide|p2a: Incineroar|[spread] p2a,p2b
|-supereffective|p2a: Incineroar|1
|-crit|p2a: Incineroar
|-supereffective|p2b: Ceruledge|1
|-damage|p2a: Incineroar|0 fnt
|-damage|p2b: Ceruledge|44/100
|faint|p2a: Incineroar
|move|p1b: Garchomp|Rock Slide|p2b: Ceruledge
|-supereffective|p2b: Ceruledge|1
|-damage|p2b: Ceruledge|22/100
|-damage|p1b: Garchomp|70/100|[from] item: Life Orb
|move|p2b: Ceruledge|Bitter Blade|p1b: Garchomp
|-resisted|p1b: Garchomp|1
|-damage|p1b: Garchomp|23/100
|-heal|p2b: Ceruledge|46/100|[from] drain|[of] p1b: Garchomp
|-damage|p2b: Ceruledge|34/100|[from] ability: Rough Skin|[of] p1b: Garchomp
|
|upkeep
|
|t:|1784811978
|switch|p2a: Sinistcha|Sinistcha, L50|73/100
|-heal|p2b: Ceruledge|59/100|[from] ability: Hospitality|[of] p2a: Sinistcha
|turn|11
|
|t:|1784811989
|switch|p1b: Floette|Floette-Eternal, L50, F|100/100
|move|p2b: Ceruledge|Shadow Sneak|p1b: Floette
|-damage|p1b: Floette|54/100
|move|p1a: Aerodactyl|Taunt|p2a: Sinistcha
|-start|p2a: Sinistcha|move: Taunt
|move|p2a: Sinistcha|Matcha Gotcha|p1b: Floette|[spread] p1a,p1b
|-damage|p1a: Aerodactyl|15/100
|-heal|p2a: Sinistcha|89/100|[from] drain|[of] p1a: Aerodactyl
|-damage|p1b: Floette|34/100
|-heal|p2a: Sinistcha|99/100|[from] drain|[of] p1b: Floette
|
|upkeep
|turn|12
|inactive|elitetweet has 30 seconds left.
|inactive|standardamerican has 30 seconds left.
|
|t:|1784812023
|detailschange|p1b: Floette|Floette-Mega, L50, F
|-mega|p1b: Floette|Floette|Floettite
|-ability|p1b: Floette|Fairy Aura
|move|p2b: Ceruledge|Shadow Sneak|p1a: Aerodactyl
|-damage|p1a: Aerodactyl|0 fnt
|faint|p1a: Aerodactyl
|move|p1b: Floette|Dazzling Gleam|p2b: Ceruledge|[spread] p2a,p2b
|-resisted|p2b: Ceruledge|1
|-damage|p2a: Sinistcha|47/100
|-damage|p2b: Ceruledge|38/100
|move|p2a: Sinistcha|Matcha Gotcha|p1b: Floette
|-damage|p1b: Floette|10/100
|-heal|p2a: Sinistcha|58/100|[from] drain|[of] p1b: Floette
|
|upkeep
|
|t:|1784812030
|switch|p1a: Garchomp|Garchomp, L50, M|23/100
|turn|13
|
|t:|1784812051
|move|p1a: Garchomp|Protect|p1a: Garchomp
|-singleturn|p1a: Garchomp|Protect
|move|p2b: Ceruledge|Shadow Sneak|p1a: Garchomp
|-activate|p1a: Garchomp|move: Protect
|move|p1b: Floette|Draining Kiss|p2a: Sinistcha
|-damage|p2a: Sinistcha|16/100
|-heal|p1b: Floette|42/100|[from] drain|[of] p2a: Sinistcha
|move|p2a: Sinistcha|Matcha Gotcha|p1a: Garchomp|[spread] p1b
|-activate|p1a: Garchomp|move: Protect
|-damage|p1b: Floette|26/100
|-heal|p2a: Sinistcha|24/100|[from] drain|[of] p1b: Floette
|-status|p1b: Floette|brn
|
|-damage|p1b: Floette|20/100y brn|[from] brn
|-end|p2a: Sinistcha|move: Taunt
|upkeep
|turn|14
|
|t:|1784812075
|move|p2a: Sinistcha|Protect|p2a: Sinistcha
|-singleturn|p2a: Sinistcha|Protect
|move|p2b: Ceruledge|Shadow Sneak|p1a: Garchomp
|-damage|p1a: Garchomp|0 fnt
|-damage|p2b: Ceruledge|25/100|[from] ability: Rough Skin|[of] p1a: Garchomp
|faint|p1a: Garchomp
|move|p1b: Floette|Dazzling Gleam|p2a: Sinistcha|[spread] p2b
|-activate|p2a: Sinistcha|move: Protect
|-resisted|p2b: Ceruledge|1
|-damage|p2b: Ceruledge|4/100
|
|-damage|p1b: Floette|14/100 brn|[from] brn
|upkeep
|turn|15
|
|t:|1784812087
|move|p2a: Sinistcha|Rage Powder|p2a: Sinistcha
|-singleturn|p2a: Sinistcha|move: Rage Powder
|move|p2b: Ceruledge|Shadow Sneak|p1b: Floette
|-damage|p1b: Floette|0 fnt
|faint|p1b: Floette
|
|win|standardamerican
||elitetweet is ready for game 3.
|inactive|standardamerican has 30 seconds to confirm battle start!
||standardamerican is ready for game 3.
|uhtml|next|Next: Game 3 of 3
|l|☆elitetweet
|player|p1|
