|j|☆TobiYume
|j|☆mr.pickup
|html|TobiYumemr.pickup    
|uhtml|bestof|Game 2 of a best-of-3
|t:|1757186405
|gametype|doubles
|player|p1|TobiYume|roxie|1150
|player|p2|mr.pickup|pokemaniac|1220
|gen|9
|tier|[Gen 9] VGC 2025 Reg H (Bo3)
|rated|
|rule|Species Clause: Limit one of each Pokémon
|rule|Item Clause: Limit 1 of each item
|clearpoke
|poke|p1|Garchomp, L50, M|
|poke|p1|Talonflame, L50, F|
|poke|p1|Sylveon, L50, F|
|poke|p1|Tyranitar, L50, M|
|poke|p1|Decidueye-Hisui, L50, F|
|poke|p1|Gholdengo, L50|
|poke|p2|Gallade, L50, M|
|poke|p2|Indeedee-F, L50, F|
|poke|p2|Dragapult, L50, M|
|poke|p2|Whimsicott, L50, F|
|poke|p2|Ursaluna-Bloodmoon, L50, M|
|poke|p2|Typhlosion, L50, F|
|teampreview|4
|showteam|p1|Garchomp||LifeOrb|RoughSkin|DragonClaw,StompingTantrum,Earthquake,Protect|||M|||50|,,,,,Steel]Talonflame||CovertCloak|GaleWings|Tailwind,WillOWisp,BraveBird,Taunt|||F|||50|,,,,,Grass]Sylveon||ThroatSpray|Pixilate|HyperVoice,HyperBeam,TeraBlast,Protect|||F|||50|,,,,,Water]Tyranitar||AssaultVest|SandStream|RockSlide,KnockOff,TeraBlast,LowKick|||M|||50|,,,,,Flying]Decidueye-Hisui||RazorClaw|Scrappy|TripleArrows,LeafBlade,SuckerPunch,Protect|||F|||50|,,,,,Fire]Gholdengo||Leftovers|GoodasGold|MakeItRain,ShadowBall,NastyPlot,Protect||||||50|,,,,,Dragon
|showteam|p2|Gallade||ClearAmulet|Sharpness|TrickRoom,PsychoCut,SacredSword,WideGuard|||M|||50|,,,,,Fighting]Indeedee-F||RockyHelmet|PsychicSurge|FollowMe,TrickRoom,Protect,Psychic|||F|||50|,,,,,Fairy]Dragapult||ChoiceBand|ClearBody|DragonDarts,Outrage,Uturn,PhantomForce|||M|||50|,,,,,Dragon]Whimsicott||CovertCloak|Prankster|SunnyDay,Moonblast,Encore,Tailwind|||F|||50|,,,,,Water]Ursaluna-Bloodmoon||AssaultVest|MindsEye|HyperVoice,BloodMoon,EarthPower,Snarl|||M|||50|,,,,,Normal]Typhlosion||ChoiceSpecs|FlashFire|HeatWave,Eruption,ScorchingSands,ShadowBall|||F|||50|,,,,,Fire
|inactive|Battle timer is ON: inactive players will automatically lose when time's up. (requested by mr.pickup)
|
|t:|1757186427
|teamsize|p1|4
|teamsize|p2|4
|start
|switch|p1a: Elie|Talonflame, L50, F|100/100
|switch|p1b: Lloyd|Garchomp, L50, M|100/100
|switch|p2a: Datthew|Dragapult, L50, M|100/100
|switch|p2b: Whimsicott|Whimsicott, L50, F|100/100
|turn|1
|
|t:|1757186445
|switch|p2a: IndeedeeIndeede|Indeedee-F, L50, F|100/100
|-fieldstart|move: Psychic Terrain|[from] ability: Psychic Surge|[of] p2a: IndeedeeIndeede
|switch|p1b: Tio|Sylveon, L50, F|100/100
|move|p1a: Elie|Will-O-Wisp|p2a: IndeedeeIndeede
|-status|p2a: IndeedeeIndeede|brn
|move|p2b: Whimsicott|Moonblast|p1b: Tio
|-damage|p1b: Tio|79/100
|-unboost|p1b: Tio|spa|1
|
|-damage|p2a: IndeedeeIndeede|95/100 brn|[from] brn
|upkeep
|turn|2
|
|t:|1757186460
|switch|p1b: Lloyd|Garchomp, L50, M|100/100
|move|p2b: Whimsicott|Encore|p1a: Elie
|-start|p1a: Elie|Encore
|move|p1a: Elie|Will-O-Wisp|p2a: IndeedeeIndeede
|-fail|p2a: IndeedeeIndeede|brn
|move|p2a: IndeedeeIndeede|Psychic|p1b: Lloyd
|-damage|p1b: Lloyd|53/100
|
|-damage|p2a: IndeedeeIndeede|89/100 brn|[from] brn
|upkeep
|turn|3
|inactive|TobiYume has 30 seconds left.
|
|t:|1757186485
|switch|p1a: Randy|Tyranitar, L50, M|100/100
|-weather|Sandstorm|[from] ability: Sand Stream|[of] p1a: Randy
|move|p1b: Lloyd|Stomping Tantrum|p2a: IndeedeeIndeede
|-crit|p2a: IndeedeeIndeede
|-damage|p2a: IndeedeeIndeede|14/100 brn
|-damage|p1b: Lloyd|37/100|[from] item: Rocky Helmet|[of] p2a: IndeedeeIndeede
|-damage|p1b: Lloyd|27/100|[from] item: Life Orb
|move|p2b: Whimsicott|Moonblast|p1b: Lloyd
|-supereffective|p1b: Lloyd
|-damage|p1b: Lloyd|0 fnt
|faint|p1b: Lloyd
|move|p2a: IndeedeeIndeede|Psychic|p1a: Randy
|-immune|p1a: Randy
|
|-weather|Sandstorm|[upkeep]
|-damage|p2b: Whimsicott|94/100|[from] Sandstorm
|-damage|p2a: IndeedeeIndeede|9/100 brn|[from] Sandstorm
|-damage|p2a: IndeedeeIndeede|3/100 brn|[from] brn
|upkeep
|
|t:|1757186502
|switch|p1b: Elie|Talonflame, L50, F|100/100
|turn|4
|
|t:|1757186511
|move|p2a: IndeedeeIndeede|Follow Me|p2a: IndeedeeIndeede
|-singleturn|p2a: IndeedeeIndeede|move: Follow Me
|move|p2b: Whimsicott|Tailwind|p2b: Whimsicott
|-sidestart|p2: mr.pickup|move: Tailwind
|move|p1b: Elie|Taunt|p2a: IndeedeeIndeede
|-start|p2a: IndeedeeIndeede|move: Taunt
|move|p1a: Randy|Rock Slide|p2a: IndeedeeIndeede|[spread] p2a,p2b
|-damage|p2a: IndeedeeIndeede|0 fnt
|-damage|p2b: Whimsicott|53/100
|faint|p2a: IndeedeeIndeede
|
|-weather|Sandstorm|[upkeep]
|-damage|p2b: Whimsicott|46/100|[from] Sandstorm
|-damage|p1b: Elie|94/100|[from] Sandstorm
|upkeep
|
|t:|1757186521
|switch|p2a: Datthew|Dragapult, L50, M|100/100
|turn|5
|
|t:|1757186538
|-terastallize|p2a: Datthew|Dragon
|move|p2a: Datthew|Dragon Darts|p1b: Elie
|-damage|p1b: Elie|40/100
|-anim|p2a: Datthew|Dragon Darts|p1a: Randy
|-damage|p1a: Randy|60/100
|move|p2b: Whimsicott|Moonblast|p1b: Elie
|-resisted|p1b: Elie
|-damage|p1b: Elie|22/100
|move|p1b: Elie|Brave Bird|p2b: Whimsicott
|-supereffective|p2b: Whimsicott
|-damage|p2b: Whimsicott|0 fnt
|faint|p2b: Whimsicott
|-damage|p1b: Elie|8/100|[from] Recoil
|move|p1a: Randy|Knock Off|p2a: Datthew
|-damage|p2a: Datthew|30/100
|-enditem|p2a: Datthew|Choice Band|[from] move: Knock Off|[of] p1a: Randy
|
|-weather|Sandstorm|[upkeep]
|-damage|p2a: Datthew|24/100|[from] Sandstorm
|-damage|p1b: Elie|2/100|[from] Sandstorm
|-fieldend|move: Psychic Terrain
|upkeep
|
|t:|1757186551
|switch|p2b: Freddy freak bear|Ursaluna-Bloodmoon, L50, M|100/100
|turn|6
|
|t:|1757186563
|move|p2a: Datthew|Dragon Darts|p1a: Randy
|-damage|p1a: Randy|34/100
|-anim|p2a: Datthew|Dragon Darts|p1b: Elie
|-damage|p1b: Elie|0 fnt
|faint|p1b: Elie
|move|p2b: Freddy freak bear|Earth Power|p1a: Randy
|-supereffective|p1a: Randy
|-damage|p1a: Randy|0 fnt
|faint|p1a: Randy
|
|-weather|Sandstorm|[upkeep]
|-damage|p2a: Datthew|18/100|[from] Sandstorm
|upkeep
|
|t:|1757186571
|switch|p1b: Tio|Sylveon, L50, F|79/100
|turn|7
|
|t:|1757186575
|move|p1b: Tio|Protect|p1b: Tio
|-singleturn|p1b: Tio|Protect
|move|p2a: Datthew|Phantom Force||[still]
|-prepare|p2a: Datthew|Phantom Force
|move|p2b: Freddy freak bear|Blood Moon|p1b: Tio
|-activate|p1b: Tio|move: Protect
|
|-weather|none
|-sideend|p2: mr.pickup|move: Tailwind
|upkeep
|turn|8
|
|t:|1757186584
|move|p2a: Datthew|Phantom Force|p1b: Tio|[from] lockedmove
|-damage|p1b: Tio|30/100
|move|p2b: Freddy freak bear|Hyper Voice|p1b: Tio
|-damage|p1b: Tio|0 fnt
|faint|p1b: Tio
|
|win|mr.pickup
||TobiYume is ready for game 3.
||mr.pickup is ready for game 3.
|uhtml|next|Next: Game 3 of 3
