|j|☆eklyst
|j|☆proteinman11
|html|eklystproteinman11    
|uhtml|bestof|Game 2 of a best-of-3
|t:|1783122929
|gametype|doubles
|player|p1|eklyst|pokemaniac|1061
|player|p2|proteinman11|hiker-gen4|1166
|gen|9
|tier|[Gen 9 Champions] VGC 2026 Reg M-B (Bo3)
|rated|
|rule|Species Clause: Limit one of each Pokémon
|rule|Item Clause: Limit 1 of each item
|clearpoke
|poke|p1|Metagross, L50|
|poke|p1|Floette-Eternal, L50, F|
|poke|p1|Garchomp, L50, M|
|poke|p1|Aerodactyl, L50, F|
|poke|p1|Sinistcha, L50|
|poke|p1|Incineroar, L50, M|
|poke|p2|Archaludon, L50, M|
|poke|p2|Maushold-Four, L50|
|poke|p2|Sinistcha-Masterpiece, L50|
|poke|p2|Raichu, L50, M|
|poke|p2|Basculegion, L50, M|
|poke|p2|Sableye, L50, M|
|teampreview|4
|showteam|p1|Metagross||Metagrossite|ClearBody|IronHead,BulletPunch,PsychicFangs,Protect|Adamant|||||50|]Floette-Eternal||Floettite|FlowerVeil|Moonblast,DazzlingGleam,CalmMind,Protect|Modest||F|||50|]Garchomp||LifeOrb|RoughSkin|RockSlide,StompingTantrum,DragonClaw,Protect|Jolly||M|||50|]Aerodactyl||FocusSash|Unnerve|RockSlide,DualWingbeat,Tailwind,Protect|Jolly||F|||50|]Sinistcha||KasibBerry|Hospitality|MatchaGotcha,TrickRoom,RagePowder,Protect|Relaxed|||||50|]Incineroar||SitrusBerry|Intimidate|FakeOut,FlareBlitz,ThroatChop,PartingShot|Adamant||M|||50|
|showteam|p2|Archaludon||Leftovers|Stamina|ElectroShot,DragonPulse,AuraSphere,Protect|Calm||M|||50|]Maushold-Four||WideLens|FriendGuard|FollowMe,Protect,PopulationBomb,RainDance|Jolly|||||50|]Sinistcha-Masterpiece||SitrusBerry|Hospitality|RagePowder,LifeDew,MatchaGotcha,Protect|Calm|||||50|]Raichu||RaichuniteY|LightningRod|ZapCannon,FocusBlast,FakeOut,Protect|Timid||M|||50|]Basculegion||ChoiceScarf|Adaptability|WaveCrash,FlipTurn,AquaJet,LastRespects|Adamant||M|||50|]Sableye||LightClay|Prankster|LightScreen,Protect,Encore,Disable|Calm||M|||50|
|inactive|Battle timer is ON: inactive players will automatically lose when time's up. (requested by proteinman11)
|inactive|eklyst also wants the timer to be on.
|inactive|eklyst has 60 seconds left.
|
|t:|1783122959
|teamsize|p1|4
|teamsize|p2|4
|start
|switch|p1a: Sinistcha|Sinistcha, L50|100/100
|switch|p1b: Garchomp|Garchomp, L50, M|100/100
|switch|p2a: No more volts|Raichu, L50, M|100/100
|switch|p2b: Dale|Sableye, L50, M|100/100
|turn|1
|inactive|proteinman11 has 30 seconds left.
|
|t:|1783122989
|switch|p2b: Misshold|Maushold-Four, L50|100/100
|detailschange|p2a: No more volts|Raichu-Mega-Y, L50, M
|-mega|p2a: No more volts|Raichu|Raichunite Y
|move|p2a: No more volts|Zap Cannon|p1a: Sinistcha
|-resisted|p1a: Sinistcha|1
|-damage|p1a: Sinistcha|66/100
|-status|p1a: Sinistcha|par
|move|p1b: Garchomp|Stomping Tantrum|p2a: No more volts
|-supereffective|p2a: No more volts|1
|-damage|p2a: No more volts|0 fnt
|faint|p2a: No more volts
|-damage|p1b: Garchomp|90/100|[from] item: Life Orb
|move|p1a: Sinistcha|Matcha Gotcha|p2b: Misshold
|-damage|p2b: Misshold|58/100
|-heal|p1a: Sinistcha|87/100 par|[from] drain|[of] p2b: Misshold
|
|upkeep
|
|t:|1783123004
|switch|p2a: Arch yo shi|Archaludon, L50, M|100/100
|turn|2
|
|t:|1783123015
|move|p1a: Sinistcha|Rage Powder|p1a: Sinistcha
|-singleturn|p1a: Sinistcha|move: Rage Powder
|move|p2b: Misshold|Rain Dance|p2b: Misshold
|-weather|RainDance
|move|p1b: Garchomp|Dragon Claw|p2b: Misshold
|-damage|p2b: Misshold|0 fnt
|faint|p2b: Misshold
|-damage|p1b: Garchomp|80/100|[from] item: Life Orb
|move|p2a: Arch yo shi|Electro Shot||[still]
|-prepare|p2a: Arch yo shi|Electro Shot
|-boost|p2a: Arch yo shi|spa|1
|-anim|p2a: Arch yo shi|Electro Shot|p1a: Sinistcha
|-resisted|p1a: Sinistcha|1
|-damage|p1a: Sinistcha|62/100 par
|
|-weather|RainDance|[upkeep]
|upkeep
|
|t:|1783123024
|switch|p2b: Dale|Sableye, L50, M|100/100
|turn|3
|
|t:|1783123043
|move|p1a: Sinistcha|Rage Powder|p1a: Sinistcha
|-singleturn|p1a: Sinistcha|move: Rage Powder
|move|p2b: Dale|Disable|p1a: Sinistcha
|-start|p1a: Sinistcha|Disable|Rage Powder
|move|p1b: Garchomp|Stomping Tantrum|p2a: Arch yo shi
|-supereffective|p2a: Arch yo shi|1
|-damage|p2a: Arch yo shi|27/100
|-ability|p2a: Arch yo shi|Stamina|boost
|-boost|p2a: Arch yo shi|def|1
|-damage|p1b: Garchomp|70/100|[from] item: Life Orb
|move|p2a: Arch yo shi|Dragon Pulse|p1a: Sinistcha
|-damage|p1a: Sinistcha|13/100 par
|
|-weather|RainDance|[upkeep]
|-heal|p2a: Arch yo shi|33/100|[from] item: Leftovers
|upkeep
|turn|4
|inactive|proteinman11 has 30 seconds left.
|
|t:|1783123074
|move|p2b: Dale|Disable|p1b: Garchomp
|-start|p1b: Garchomp|Disable|Stomping Tantrum
|move|p1b: Garchomp|Dragon Claw|p2b: Dale
|-damage|p2b: Dale|22/100
|-damage|p1b: Garchomp|61/100|[from] item: Life Orb
|move|p2a: Arch yo shi|Electro Shot||[still]
|-prepare|p2a: Arch yo shi|Electro Shot
|-boost|p2a: Arch yo shi|spa|1
|-anim|p2a: Arch yo shi|Electro Shot|p1a: Sinistcha
|-resisted|p1a: Sinistcha|1
|-damage|p1a: Sinistcha|0 fnt
|faint|p1a: Sinistcha
|
|-weather|RainDance|[upkeep]
|-heal|p2a: Arch yo shi|39/100|[from] item: Leftovers
|upkeep
|
|t:|1783123087
|switch|p1a: Floette|Floette-Eternal, L50, F|100/100
|turn|5
|
|t:|1783123106
|detailschange|p1a: Floette|Floette-Mega, L50, F
|-mega|p1a: Floette|Floette|Floettite
|-ability|p1a: Floette|Fairy Aura
|move|p2a: Arch yo shi|Protect|p2a: Arch yo shi
|-singleturn|p2a: Arch yo shi|Protect
|move|p2b: Dale|Light Screen|p2b: Dale
|-sidestart|p2: proteinman11|move: Light Screen
|move|p1b: Garchomp|Dragon Claw|p2a: Arch yo shi
|-activate|p2a: Arch yo shi|move: Protect
|move|p1a: Floette|Dazzling Gleam|p2b: Dale|[spread] p2b
|-activate|p2a: Arch yo shi|move: Protect
|-supereffective|p2b: Dale|1
|-damage|p2b: Dale|0 fnt
|faint|p2b: Dale
|
|-weather|RainDance|[upkeep]
|-heal|p2a: Arch yo shi|45/100|[from] item: Leftovers
|upkeep
|turn|6
|
|t:|1783123126
|move|p1b: Garchomp|Dragon Claw|p2a: Arch yo shi
|-damage|p2a: Arch yo shi|16/100
|-ability|p2a: Arch yo shi|Stamina|boost
|-boost|p2a: Arch yo shi|def|1
|-damage|p1b: Garchomp|51/100|[from] item: Life Orb
|move|p1a: Floette|Moonblast|p2a: Arch yo shi
|-damage|p2a: Arch yo shi|0 fnt
|faint|p2a: Arch yo shi
|
|win|eklyst
|raw|eklyst's rating: 1061 → 1101(+40 for winning)
|raw|proteinman11's rating: 1166 → 1134(-32 for losing)
|l|☆proteinman11
|player|p2|
