|j|ŌśåP0trak
|j|ŌśåNinjaMeerkat
|html|P0trakNinjaMeerkat    
|uhtml|bestof|Game 1 of a best-of-3
|t:|1783195488
|gametype|doubles
|player|p1|P0trak|ethan-masters|
|player|p2|NinjaMeerkat|beni-ninja|
|gen|9
|tier|[Gen 9 Champions] VGC 2026 Reg M-B (Bo3)
|rule|Species Clause: Limit one of each Pok├®mon
|rule|Item Clause: Limit 1 of each item
|clearpoke
|poke|p1|Lycanroc-Dusk, L50, M|
|poke|p1|Froslass, L50, F|
|poke|p1|Scovillain, L50, M|
|poke|p1|Basculegion, L50, M|
|poke|p1|Kingambit, L50, F|
|poke|p1|Sneasler, L50, M|
|poke|p2|Sinistcha, L50|
|poke|p2|Incineroar, L50, M|
|poke|p2|Milotic, L50, M|
|poke|p2|Raichu, L50, M|
|poke|p2|Floette-Eternal, L50, F|
|poke|p2|Ceruledge, L50, F|
|teampreview|4
|showteam|p1|Lycanroc-Dusk||FocusSash|ToughClaws|RockSlide,CloseCombat,Accelerock,Protect|Adamant||M|||50|]Froslass||Froslassite|SnowCloak|Blizzard,ShadowBall,AuroraVeil,Protect|Modest||F|||50|]Scovillain||Scovillainite|Chlorophyll|Overheat,GigaDrain,RagePowder,Protect|Bold||M|||50|]Basculegion||SitrusBerry|Adaptability|WaveCrash,LastRespects,AquaJet,Protect|Adamant||M|||50|]Kingambit||BlackGlasses|Defiant|KowtowCleave,SuckerPunch,SwordsDance,Protect|Adamant||F|||50|]Sneasler||WhiteHerb|Unburden|CloseCombat,DireClaw,FakeOut,Protect|Adamant||M|||50|
|showteam|p2|Sinistcha||KasibBerry|Hospitality|MatchaGotcha,LifeDew,RagePowder,Protect|Relaxed|||||50|]Incineroar||SitrusBerry|Intimidate|FlareBlitz,ThroatChop,FakeOut,PartingShot|Impish||M|||50|]Milotic||Leftovers|Competitive|MuddyWater,Coil,Hypnosis,Protect|Calm||M|||50|]Raichu||RaichuniteY|LightningRod|ZapCannon,FocusBlast,FakeOut,Protect|Timid||M|||50|]Floette-Eternal||Floettite|FlowerVeil|DazzlingGleam,DrainingKiss,CalmMind,Protect|Timid||F|||50|]Ceruledge||ColburBerry|FlashFire|BitterBlade,ShadowSneak,BulkUp,Protect|Adamant||F|||50|
|c|ŌśåP0trak|alrighty
|c|ŌśåP0trak|we good now?
|c|ŌśåNinjaMeerkat|Better, sorry abotut that
|c|ŌśåNinjaMeerkat|glhf!
|c|ŌśåP0trak|you too!
|j| teslobo
|
|t:|1783195614
|teamsize|p1|4
|teamsize|p2|4
|start
|switch|p1a: can't breathe?|Scovillain, L50, M|100/100
|switch|p1b: strike hard|Basculegion, L50, M|100/100
|switch|p2a: Milotic|Milotic, L50, M|100/100
|switch|p2b: Raichu|Raichu, L50, M|100/100
|turn|1
|j| mew mew season 2
|j| splash2ndcousin
|j| Cerebellibrarian
|j| Scotty1vgc
|
|t:|1783195667
|switch|p2a: Incineroar|Incineroar, L50, M|100/100
|-ability|p2a: Incineroar|Intimidate|boost
|-unboost|p1a: can't breathe?|atk|1
|-unboost|p1b: strike hard|atk|1
|detailschange|p1a: can't breathe?|Scovillain-Mega, L50, M
|-mega|p1a: can't breathe?|Scovillain|Scovillainite
|move|p2b: Raichu|Protect|p2b: Raichu
|-singleturn|p2b: Raichu|Protect
|move|p1a: can't breathe?|Rage Powder|p1a: can't breathe?
|-singleturn|p1a: can't breathe?|move: Rage Powder
|move|p1b: strike hard|Wave Crash|p2b: Raichu
|-activate|p2b: Raichu|move: Protect
|
|upkeep
|turn|2
|l| Cerebellibrarian
|
|t:|1783195700
|detailschange|p2b: Raichu|Raichu-Mega-Y, L50, M
|-mega|p2b: Raichu|Raichu|Raichunite Y
|move|p1a: can't breathe?|Protect|p1a: can't breathe?
|-singleturn|p1a: can't breathe?|Protect
|move|p1b: strike hard|Protect|p1b: strike hard
|-singleturn|p1b: strike hard|Protect
|move|p2a: Incineroar|Fake Out|p1a: can't breathe?
|-activate|p1a: can't breathe?|move: Protect
|move|p2b: Raichu|Zap Cannon|p1b: strike hard
|-activate|p1b: strike hard|move: Protect
|
|upkeep
|turn|3
|j| Cerebellibrarian
|
|t:|1783195754
|move|p2b: Raichu|Protect|p2b: Raichu
|-singleturn|p2b: Raichu|Protect
|move|p1a: can't breathe?|Giga Drain|p2a: Incineroar
|-resisted|p2a: Incineroar|1
|-damage|p2a: Incineroar|85/100
|move|p1b: strike hard|Wave Crash|p2a: Incineroar
|-supereffective|p2a: Incineroar|1
|-damage|p2a: Incineroar|2/100
|-enditem|p2a: Incineroar|Sitrus Berry|[eat]
|-heal|p2a: Incineroar|27/100|[from] item: Sitrus Berry
|-damage|p1b: strike hard|74/100|[from] Recoil
|move|p2a: Incineroar|Parting Shot|p1b: strike hard
|-unboost|p1b: strike hard|atk|1
|-unboost|p1b: strike hard|spa|1
|
|t:|1783195773
|switch|p2a: Milotic|Milotic, L50, M|100/100|[from] Parting Shot
|
|upkeep
|turn|4
|
|t:|1783195806
|switch|p1b: strike first|Lycanroc-Dusk, L50, M|100/100
|move|p2b: Raichu|Focus Blast|p1a: can't breathe?
|-damage|p1a: can't breathe?|49/100
|-status|p2b: Raichu|brn|[from] ability: Spicy Spray|[of] p1a: can't breathe?
|move|p2a: Milotic|Coil|p2a: Milotic
|-boost|p2a: Milotic|atk|1
|-boost|p2a: Milotic|def|1
|-boost|p2a: Milotic|accuracy|1
|move|p1a: can't breathe?|Overheat|p2b: Raichu
|-damage|p2b: Raichu|10/100 brn
|-unboost|p1a: can't breathe?|spa|2
|
|-damage|p2b: Raichu|4/100 brn|[from] brn
|upkeep
|turn|5
|
|t:|1783195879
|switch|p2b: Sinistcha|Sinistcha, L50|100/100
|switch|p1a: strike hard|Basculegion, L50, M|74/100
|move|p1b: strike first|Rock Slide|p2b: Sinistcha|[spread] p2a,p2b
|-damage|p2a: Milotic|81/100
|-damage|p2b: Sinistcha|75/100
|cant|p2a: Milotic|flinch
|
|-heal|p2a: Milotic|87/100|[from] item: Leftovers
|upkeep
|turn|6
|
|t:|1783195929
|move|p1a: strike hard|Protect|p1a: strike hard
|-singleturn|p1a: strike hard|Protect
|move|p1b: strike first|Rock Slide|p2a: Milotic|[spread] p2a,p2b
|-damage|p2a: Milotic|67/100
|-damage|p2b: Sinistcha|49/100
|move|p2a: Milotic|Coil|p2a: Milotic
|-boost|p2a: Milotic|atk|1
|-boost|p2a: Milotic|def|1
|-boost|p2a: Milotic|accuracy|1
|move|p2b: Sinistcha|Life Dew|p2b: Sinistcha|[spread] p2a,p2b
|-heal|p2a: Milotic|92/100
|-heal|p2b: Sinistcha|74/100
|
|-heal|p2a: Milotic|98/100|[from] item: Leftovers
|upkeep
|turn|7
|
|t:|1783195963
|switch|p1a: no mercy|Sneasler, L50, M|100/100
|move|p1b: strike first|Rock Slide|p2a: Milotic|[spread] p2a,p2b
|-damage|p2a: Milotic|85/100
|-damage|p2b: Sinistcha|50/100g
|move|p2a: Milotic|Muddy Water|p1a: no mercy|[spread] p1a,p1b
|-supereffective|p1b: strike first|1
|-damage|p1a: no mercy|72/100
|-damage|p1b: strike first|15/100
|move|p2b: Sinistcha|Matcha Gotcha|p1b: strike first|[spread] p1a,p1b
|-resisted|p1a: no mercy|1
|-supereffective|p1b: strike first|1
|-damage|p1a: no mercy|56/100
|-heal|p2b: Sinistcha|58/100|[from] drain|[of] p1a: no mercy
|-damage|p1b: strike first|0 fnt
|-heal|p2b: Sinistcha|65/100|[from] drain|[of] p1b: strike first
|faint|p1b: strike first
|
|-heal|p2a: Milotic|91/100|[from] item: Leftovers
|upkeep
|
|t:|1783195974
|switch|p1b: can't breathe?|Scovillain-Mega, L50, M|49/100
|turn|8
|
|t:|1783196028
|move|p2a: Milotic|Protect|p2a: Milotic
|-singleturn|p2a: Milotic|Protect
|move|p2b: Sinistcha|Protect|p2b: Sinistcha
|-singleturn|p2b: Sinistcha|Protect
|move|p1a: no mercy|Dire Claw|p2b: Sinistcha
|-activate|p2b: Sinistcha|move: Protect
|move|p1b: can't breathe?|Giga Drain|p2a: Milotic
|-activate|p2a: Milotic|move: Protect
|
|-heal|p2a: Milotic|97/100|[from] item: Leftovers
|upkeep
|turn|9
|
|t:|1783196057
|move|p1a: no mercy|Dire Claw|p2b: Sinistcha
|-damage|p2b: Sinistcha|35/100
|move|p2a: Milotic|Hypnosis|p1b: can't breathe?
|-status|p1b: can't breathe?|slp|[from] move: Hypnosis
|cant|p1b: can't breathe?|slp
|move|p2b: Sinistcha|Life Dew|p2b: Sinistcha|[spread] p2a,p2b
|-heal|p2a: Milotic|100/100
|-heal|p2b: Sinistcha|60/100
|
|upkeep
|turn|10
|
|t:|1783196086
|move|p1a: no mercy|Dire Claw|p2b: Sinistcha
|-damage|p2b: Sinistcha|31/100
|-status|p2b: Sinistcha|par
|move|p2a: Milotic|Muddy Water|p1a: no mercy|[spread] p1a,p1b
|-crit|p1b: can't breathe?
|-damage|p1a: no mercy|28/100
|-damage|p1b: can't breathe?|8/100 slp
|-status|p2a: Milotic|brn|[from] ability: Spicy Spray|[of] p1b: can't breathe?
|cant|p1b: can't breathe?|slp
|move|p2b: Sinistcha|Life Dew||[still]|[spread] p2a,p2b
|-fail|p2a: Milotic|heal
|-heal|p2b: Sinistcha|56/100 par
|
|-damage|p2a: Milotic|93/100 brn|[from] brn
|upkeep
|turn|11
|j| Mawilemann
|
|t:|1783196106
|move|p2b: Sinistcha|Rage Powder|p2b: Sinistcha
|-singleturn|p2b: Sinistcha|move: Rage Powder
|move|p1a: no mercy|Dire Claw|p2b: Sinistcha
|-damage|p2b: Sinistcha|26/100 par
|-fail|p2b: Sinistcha
|move|p2a: Milotic|Muddy Water|p1a: no mercy|[spread] p1a,p1b
|-damage|p1a: no mercy|0 fnt
|-damage|p1b: can't breathe?|0 fnt
|faint|p1a: no mercy
|faint|p1b: can't breathe?
|
|-heal|p2a: Milotic|100/100 brn|[from] item: Leftovers
|-damage|p2a: Milotic|93/100 brn|[from] brn
|upkeep
|
|t:|1783196114
|switch|p1b: strike hard|Basculegion, L50, M|74/100
|turn|12
|
|t:|1783196127
|switch|p2b: Incineroar|Incineroar, L50, M|27/100
|-ability|p2b: Incineroar|Intimidate|boost
|-unboost|p1b: strike hard|atk|1
|move|p2a: Milotic|Protect|p2a: Milotic
|-singleturn|p2a: Milotic|Protect
|move|p1b: strike hard|Last Respects|p2b: Incineroar
|-resisted|p2b: Incineroar|1
|-damage|p2b: Incineroar|0 fnt
|faint|p2b: Incineroar
|
|-heal|p2a: Milotic|100/100 brn|[from] item: Leftovers
|-damage|p2a: Milotic|93/100 brn|[from] brn
|upkeep
|
|t:|1783196139
|switch|p2b: Sinistcha|Sinistcha, L50|26/100 par
|-heal|p2a: Milotic|100/100 brn|[from] ability: Hospitality|[of] p2b: Sinistcha
|turn|13
|
|t:|1783196152
|move|p2b: Sinistcha|Rage Powder|p2b: Sinistcha
|-singleturn|p2b: Sinistcha|move: Rage Powder
|move|p2a: Milotic|Hypnosis|p1b: strike hard
|-status|p1b: strike hard|slp|[from] move: Hypnosis
|cant|p1b: strike hard|slp
|
|-damage|p2a: Milotic|93/100 brn|[from] brn
|upkeep
|turn|14
|
|t:|1783196163
|move|p2a: Milotic|Muddy Water|p1b: strike hard
|-resisted|p1b: strike hard|1
|-damage|p1b: strike hard|59/100 slp
|-unboost|p1b: strike hard|accuracy|1
|cant|p1b: strike hard|slp
|move|p2b: Sinistcha|Matcha Gotcha|p1b: strike hard
|-supereffective|p1b: strike hard|1
|-damage|p1b: strike hard|0 fnt
|-heal|p2b: Sinistcha|64/100 par|[from] drain|[of] p1b: strike hard
|faint|p1b: strike hard
|
|win|NinjaMeerkat
|inactive|P0trak has 30 seconds to confirm battle start!
|inactive|NinjaMeerkat has 30 seconds to confirm battle start!
||P0trak is ready for game 2.
|l| mew mew season 2
|l| Scotty1vgc
|inactive|NinjaMeerkat has 20 seconds to confirm battle start!
||NinjaMeerkat is ready for game 2.
|uhtml|next|Next: Game 2 of 3
|j| mew mew season 2
|l| mew mew season 2
|j| mew mew season 2
|l| mew mew season 2
|j| mew mew season 2
|l| mew mew season 2
|l| Cerebellibrarian
|l| Mawilemann
|j| Cerebellibrarian
|l| Cerebellibrarian
|j| Cerebellibrarian
|l| Cerebellibrarian
