|j|☆CrawlingKingSnake
|j|☆samki9
|html|CrawlingKingSnakesamki9    
|uhtml|bestof|Game 1 of a best-of-3
|t:|1785294669
|gametype|doubles
|player|p1|CrawlingKingSnake|kamado-armor|1243
|player|p2|samki9|170|1330
|gen|9
|tier|[Gen 9 Champions] VGC 2026 Reg M-B (Bo3)
|rated|
|rule|Species Clause: Limit one of each Pokémon
|rule|Item Clause: Limit 1 of each item
|clearpoke
|poke|p1|Floette-Eternal, L50, F|
|poke|p1|Palafin, L50, M, shiny|
|poke|p1|Incineroar, L50, M|
|poke|p1|Sinistcha, L50|
|poke|p1|Delphox, L50, F|
|poke|p1|Kingambit, L50, M|
|poke|p2|Staraptor, L50, M|
|poke|p2|Tyranitar, L50, F|
|poke|p2|Excadrill, L50, F|
|poke|p2|Milotic, L50, F|
|poke|p2|Gholdengo, L50|
|poke|p2|Sinistcha, L50|
|teampreview|4
|showteam|p1|Floette-Eternal||Floettite|FlowerVeil|DazzlingGleam,DrainingKiss,CalmMind,Protect|Modest||F|||50|]Palafin||LifeOrb|ZerotoHero|WaveCrash,JetPunch,CloseCombat,Protect|Adamant||M|||50|]Incineroar||SitrusBerry|Intimidate|FlareBlitz,FakeOut,DarkestLariat,PartingShot|Careful||M|||50|]Sinistcha||ColburBerry|Hospitality|MatchaGotcha,RagePowder,LifeDew,Protect|Bold|||||50|]Delphox||Delphoxite|Blaze|HeatWave,Psychic,Substitute,Protect|Timid||F|||50|]Kingambit||FocusSash|Defiant|KowtowCleave,SuckerPunch,IronHead,LowKick|Adamant||M|||50|
|showteam|p2|Staraptor||Staraptite|Intimidate|CloseCombat,BraveBird,Tailwind,Protect|Jolly||M|||50|]Tyranitar||Tyranitarite|SandStream|RockSlide,KnockOff,LowKick,Protect|Jolly||F|||50|]Excadrill||FocusSash|SandRush|IronHead,HighHorsepower,RockSlide,Protect|Serious||F|||50|]Milotic||SitrusBerry|Competitive|Scald,IcyWind,IceBeam,Protect|Calm||F|||50|]Gholdengo||LifeOrb|GoodasGold|MakeItRain,ShadowBall,NastyPlot,Protect|Modest|||||50|]Sinistcha||ColburBerry|Hospitality|MatchaGotcha,ShadowBall,RagePowder,Protect|Bold|||||50|
|inactive|Battle timer is ON: inactive players will automatically lose when time's up. (requested by CrawlingKingSnake)
|inactive|CrawlingKingSnake has 60 seconds left.
|inactive|CrawlingKingSnake has 30 seconds left.
|inactive|CrawlingKingSnake has 20 seconds left.
|inactive|CrawlingKingSnake has 15 seconds left.
|
|t:|1785294753
|teamsize|p1|4
|teamsize|p2|4
|start
|switch|p1a: Floette|Floette-Eternal, L50, F|100/100
|switch|p1b: Palafin|Palafin, L50, M, shiny|100/100
|switch|p2a: Excadrill|Excadrill, L50, F|100/100
|switch|p2b: Gholdengo|Gholdengo, L50|100/100
|turn|1
|inactive|CrawlingKingSnake has 30 seconds left.
|inactive|CrawlingKingSnake has 20 seconds left.
|inactive|CrawlingKingSnake has 15 seconds left.
|inactive|CrawlingKingSnake has 10 seconds left.
|inactive|CrawlingKingSnake has 5 seconds left.
|
|t:|1785294804
|switch|p1a: Incineroar|Incineroar, L50, M|100/100
|-ability|p1a: Incineroar|Intimidate|boost
|-unboost|p2a: Excadrill|atk|1
|-unboost|p2b: Gholdengo|atk|1
|switch|p2a: Staraptor|Staraptor, L50, M|100/100
|-ability|p2a: Staraptor|Intimidate|boost
|-unboost|p1a: Incineroar|atk|1
|-unboost|p1b: Palafin|atk|1
|move|p1b: Palafin|Wave Crash|p2a: Staraptor
|-damage|p2a: Staraptor|50/100g
|-damage|p1b: Palafin|82/100|[from] Recoil
|-damage|p1b: Palafin|72/100|[from] item: Life Orb
|move|p2b: Gholdengo|Nasty Plot|p2b: Gholdengo
|-boost|p2b: Gholdengo|spa|2
|
|upkeep
|turn|2
|inactive|CrawlingKingSnake has 30 seconds left.
|inactive|CrawlingKingSnake has 20 seconds left.
|inactive|CrawlingKingSnake has 15 seconds left.
|
|t:|1785294846
|detailschange|p1b: Palafin|Palafin-Hero, L50, M, shiny
|switch|p1b: Kingambit|Kingambit, L50, M|100/100
|detailschange|p2a: Staraptor|Staraptor-Mega, L50, M
|-mega|p2a: Staraptor|Staraptor|Staraptite
|move|p1a: Incineroar|Fake Out|p2a: Staraptor
|-damage|p2a: Staraptor|42/100
|cant|p2a: Staraptor|flinch
|move|p2b: Gholdengo|Shadow Ball|p1b: Kingambit
|-resisted|p1b: Kingambit|1
|-damage|p1b: Kingambit|34/100
|-damage|p2b: Gholdengo|90/100|[from] item: Life Orb
|
|upkeep
|turn|3
|
|t:|1785294869
|move|p2b: Gholdengo|Protect|p2b: Gholdengo
|-singleturn|p2b: Gholdengo|Protect
|move|p1b: Kingambit|Sucker Punch||[still]
|-fail|p1b: Kingambit
|move|p2a: Staraptor|Close Combat|p1a: Incineroar
|-supereffective|p1a: Incineroar|1
|-damage|p1a: Incineroar|0 fnt
|-boost|p2a: Staraptor|def|1
|-boost|p2a: Staraptor|spd|1
|faint|p1a: Incineroar
|
|upkeep
|
|t:|1785294872
|switch|p1a: Floette|Floette-Eternal, L50, F|100/100
|turn|4
|
|t:|1785294883
|detailschange|p1a: Floette|Floette-Mega, L50, F
|-mega|p1a: Floette|Floette|Floettite
|-ability|p1a: Floette|Fairy Aura
|move|p1b: Kingambit|Sucker Punch||[still]
|-fail|p1b: Kingambit
|move|p2a: Staraptor|Close Combat|p1b: Kingambit
|-supereffective|p1b: Kingambit|2
|-damage|p1b: Kingambit|0 fnt
|-boost|p2a: Staraptor|def|1
|-boost|p2a: Staraptor|spd|1
|faint|p1b: Kingambit
|move|p1a: Floette|Dazzling Gleam|p2a: Staraptor|[spread] p2a,p2b
|-supereffective|p2a: Staraptor|1
|-resisted|p2b: Gholdengo|1
|-damage|p2a: Staraptor|0 fnt
|-damage|p2b: Gholdengo|63/100
|faint|p2a: Staraptor
|move|p2b: Gholdengo|Nasty Plot|p2b: Gholdengo
|-boost|p2b: Gholdengo|spa|2
|
|upkeep
|
|t:|1785294892
|switch|p2a: Tyranitar|Tyranitar, L50, F|100/100
|switch|p1b: Palafin|Palafin-Hero, L50, M, shiny|72/100
|-activate|p1b: Palafin|ability: Zero to Hero
|-weather|Sandstorm|[from] ability: Sand Stream|[of] p2a: Tyranitar
|turn|5
|
|t:|1785294911
|move|p1a: Floette|Protect|p1a: Floette
|-singleturn|p1a: Floette|Protect
|move|p1b: Palafin|Protect|p1b: Palafin
|-singleturn|p1b: Palafin|Protect
|move|p2b: Gholdengo|Make It Rain|p1b: Palafin|[spread] 
|-activate|p1a: Floette|move: Protect
|-activate|p1b: Palafin|move: Protect
|move|p2a: Tyranitar|Rock Slide|p1a: Floette|[spread] 
|-activate|p1a: Floette|move: Protect
|-activate|p1b: Palafin|move: Protect
|
|-weather|Sandstorm|[upkeep]
|-damage|p1a: Floette|93/100|[from] Sandstorm
|-damage|p1b: Palafin|66/100|[from] Sandstorm
|upkeep
|turn|6
|inactive|CrawlingKingSnake has 30 seconds left.
|
|t:|1785294939
|move|p1b: Palafin|Jet Punch|p2b: Gholdengo
|-damage|p2b: Gholdengo|4/100
|-damage|p1b: Palafin|57/100|[from] item: Life Orb
|move|p1a: Floette|Dazzling Gleam|p2a: Tyranitar|[spread] p2a,p2b
|-supereffective|p2a: Tyranitar|1
|-resisted|p2b: Gholdengo|1
|-damage|p2a: Tyranitar|47/100
|-damage|p2b: Gholdengo|0 fnt
|faint|p2b: Gholdengo
|move|p2a: Tyranitar|Rock Slide|p1a: Floette|[spread] p1a,p1b
|-damage|p1a: Floette|64/100
|-damage|p1b: Palafin|26/100
|
|-weather|Sandstorm|[upkeep]
|-damage|p1a: Floette|58/100|[from] Sandstorm
|-damage|p1b: Palafin|20/100y|[from] Sandstorm
|upkeep
|
|t:|1785294950
|switch|p2b: Excadrill|Excadrill, L50, F|100/100
|turn|7
|inactive|CrawlingKingSnake has 30 seconds left.
|inactive|CrawlingKingSnake has 20 seconds left.
|
|t:|1785294988
|move|p1a: Floette|Protect|p1a: Floette
|-singleturn|p1a: Floette|Protect
|move|p1b: Palafin|Jet Punch|p2b: Excadrill
|-supereffective|p2b: Excadrill|1
|-enditem|p2b: Excadrill|Focus Sash
|-damage|p2b: Excadrill|1/100
|-damage|p1b: Palafin|10/100|[from] item: Life Orb
|move|p2b: Excadrill|Rock Slide|p1a: Floette|[spread] 
|-activate|p1a: Floette|move: Protect
|-miss|p2b: Excadrill|p1b: Palafin
|move|p2a: Tyranitar|Rock Slide|p1b: Palafin|[spread] p1b
|-activate|p1a: Floette|move: Protect
|-damage|p1b: Palafin|0 fnt
|faint|p1b: Palafin
|
|-weather|Sandstorm|[upkeep]
|-damage|p1a: Floette|51/100|[from] Sandstorm
|upkeep
|turn|8
|
|t:|1785295001
|move|p2b: Excadrill|Iron Head|p1a: Floette
|-supereffective|p1a: Floette|1
|-damage|p1a: Floette|0 fnt
|faint|p1a: Floette
|
|win|samki9
||CrawlingKingSnake is ready for game 2.
||samki9 is ready for game 2.
|uhtml|next|Next: Game 2 of 3
