|j|☆Ssidebraves8
|j|☆lazarett
|html|Ssidebraves8lazarett    
|uhtml|bestof|Game 2 of a best-of-3
|t:|1757744107
|gametype|doubles
|player|p1|Ssidebraves8|1|1247
|player|p2|lazarett|riley|1302
|gen|9
|tier|[Gen 9] VGC 2025 Reg H (Bo3)
|rated|
|rule|Species Clause: Limit one of each Pokémon
|rule|Item Clause: Limit 1 of each item
|clearpoke
|poke|p1|Incineroar, L50, F|
|poke|p1|Kommo-o, L50, F|
|poke|p1|Electabuzz, L50, M|
|poke|p1|Rillaboom, L50, M|
|poke|p1|Ceruledge, L50, F|
|poke|p1|Sinistcha, L50|
|poke|p2|Annihilape, L50, M|
|poke|p2|Dragonite, L50, F|
|poke|p2|Gholdengo, L50|
|poke|p2|Porygon2, L50|
|poke|p2|Ursaluna, L50, M|
|poke|p2|Incineroar, L50, F|
|teampreview|4
|showteam|p1|Incineroar||AssaultVest|Intimidate|KnockOff,FakeOut,FlareBlitz,Uturn|||F|||50|,,,,,Ghost]Kommo-o||ThroatSpray|Soundproof|ClangingScales,Flamethrower,ClangorousSoul,Protect|||F|||50|,,,,,Fire]Electabuzz||Eviolite|VitalSpirit|Electroweb,Taunt,FollowMe,Protect|||M|||50|,,,,,Fairy]Rillaboom||MiracleSeed|GrassySurge|WoodHammer,GrassyGlide,FakeOut,Uturn|||M|||50|,,,,,Fire]Ceruledge||ClearAmulet|FlashFire|BitterBlade,ShadowSneak,BulkUp,Protect|||F|||50|,,,,,Steel]Sinistcha||SitrusBerry|Hospitality|MatchaGotcha,StrengthSap,RagePowder,Curse||||||50|,,,,,Water
|showteam|p2|Annihilape||FocusSash|Defiant|RageFist,CloseCombat,Taunt,FinalGambit|||M|||50|,,,,,Dark]Dragonite||LoadedDice|Multiscale|ScaleShot,Haze,Tailwind,Protect|||F|||50|,,,,,Ghost]Gholdengo||LifeOrb|GoodasGold|MakeItRain,ShadowBall,NastyPlot,Protect||||||50|,,,,,Water]Porygon2||Eviolite|Download|IceBeam,TeraBlast,Recover,TrickRoom||||||50|,,,,,Fighting]Ursaluna||FlameOrb|Guts|Facade,Earthquake,HeadlongRush,Protect|||M|||50|,,,,,Ghost]Incineroar||SafetyGoggles|Intimidate|FakeOut,KnockOff,FlareBlitz,PartingShot|||F|||50|,,,,,Ghost
|
|t:|1757744140
|teamsize|p1|4
|teamsize|p2|4
|start
|switch|p1a: Kommo-o|Kommo-o, L50, F, shiny|100/100
|switch|p1b: Sinistcha|Sinistcha, L50, shiny|100/100
|switch|p2a: Annihilape|Annihilape, L50, M|100/100
|switch|p2b: Dragonite|Dragonite, L50, F|100/100
|turn|1
|inactive|Battle timer is ON: inactive players will automatically lose when time's up. (requested by Ssidebraves8)
|inactive|lazarett has 60 seconds left.
|
|t:|1757744181
|-terastallize|p1a: Kommo-o|Fire
|move|p1b: Sinistcha|Rage Powder|p1b: Sinistcha
|-singleturn|p1b: Sinistcha|move: Rage Powder
|move|p2a: Annihilape|Taunt|p1b: Sinistcha
|-start|p1b: Sinistcha|move: Taunt
|move|p2b: Dragonite|Tailwind|p2b: Dragonite
|-sidestart|p2: lazarett|move: Tailwind
|move|p1a: Kommo-o|Flamethrower|p2b: Dragonite
|-resisted|p2b: Dragonite
|-damage|p2b: Dragonite|89/100
|-status|p2b: Dragonite|brn
|
|-damage|p2b: Dragonite|83/100 brn|[from] brn
|upkeep
|turn|2
|
|t:|1757744203
|switch|p2b: Incineroar|Incineroar, L50, F|100/100
|-ability|p2b: Incineroar|Intimidate|boost
|-unboost|p1a: Kommo-o|atk|1
|-unboost|p1b: Sinistcha|atk|1
|switch|p1b: Electabuzz|Electabuzz, L50, M, shiny|100/100
|move|p1a: Kommo-o|Protect|p1a: Kommo-o
|-singleturn|p1a: Kommo-o|Protect
|move|p2a: Annihilape|Final Gambit|p1a: Kommo-o
|-activate|p1a: Kommo-o|move: Protect
|
|upkeep
|turn|3
|inactive|Ssidebraves8 has 30 seconds left.
|inactive|lazarett has 30 seconds left.
|
|t:|1757744242
|switch|p1a: Sinistcha|Sinistcha, L50, shiny|100/100
|move|p2b: Incineroar|Fake Out|p1b: Electabuzz
|-damage|p1b: Electabuzz|93/100
|move|p2a: Annihilape|Taunt|p1a: Sinistcha
|-start|p1a: Sinistcha|move: Taunt
|cant|p1b: Electabuzz|flinch
|
|upkeep
|turn|4
|
|t:|1757744259
|switch|p2a: Dragonite|Dragonite, L50, F|83/100 brn
|switch|p1a: Kommo-o|Kommo-o, L50, F, shiny, tera:Fire|100/100
|move|p1b: Electabuzz|Protect|p1b: Electabuzz
|-singleturn|p1b: Electabuzz|Protect
|move|p2b: Incineroar|Knock Off|p1a: Kommo-o
|-damage|p1a: Kommo-o|66/100
|-enditem|p1a: Kommo-o|Throat Spray|[from] move: Knock Off|[of] p2b: Incineroar
|
|-damage|p2a: Dragonite|77/100 brn|[from] brn
|-sideend|p2: lazarett|move: Tailwind
|upkeep
|turn|5
|
|t:|1757744275
|move|p1b: Electabuzz|Electroweb|p2b: Incineroar|[spread] p2a,p2b
|-damage|p2a: Dragonite|63/100 brn
|-damage|p2b: Incineroar|88/100
|-unboost|p2a: Dragonite|spe|1
|-unboost|p2b: Incineroar|spe|1
|move|p1a: Kommo-o|Clangorous Soul|p1a: Kommo-o
|-boost|p1a: Kommo-o|atk|1
|-boost|p1a: Kommo-o|def|1
|-boost|p1a: Kommo-o|spa|1
|-boost|p1a: Kommo-o|spd|1
|-boost|p1a: Kommo-o|spe|1
|-damage|p1a: Kommo-o|33/100
|move|p2a: Dragonite|Tailwind|p2a: Dragonite
|-sidestart|p2: lazarett|move: Tailwind
|move|p2b: Incineroar|Knock Off|p1b: Electabuzz
|-damage|p1b: Electabuzz|64/100
|-enditem|p1b: Electabuzz|Eviolite|[from] move: Knock Off|[of] p2b: Incineroar
|
|-damage|p2a: Dragonite|57/100 brn|[from] brn
|upkeep
|turn|6
|inactive|Ssidebraves8 has 30 seconds left.
|inactive|lazarett has 30 seconds left.
|
|t:|1757744307
|move|p1a: Kommo-o|Clanging Scales|p2b: Incineroar|[spread] p2a,p2b
|-supereffective|p2a: Dragonite
|-damage|p2a: Dragonite|0 fnt
|-damage|p2b: Incineroar|40/100
|faint|p2a: Dragonite
|-unboost|p1a: Kommo-o|def|1
|move|p1b: Electabuzz|Taunt|p2b: Incineroar
|-start|p2b: Incineroar|move: Taunt
|move|p2b: Incineroar|Knock Off|p1b: Electabuzz
|-damage|p1b: Electabuzz|36/100
|
|upkeep
|
|t:|1757744320
|switch|p2a: Annihilape|Annihilape, L50, M|100/100
|turn|7
|
|t:|1757744329
|switch|p1b: Sinistcha|Sinistcha, L50, shiny|100/100
|-heal|p1a: Kommo-o|58/100|[from] ability: Hospitality|[of] p1b: Sinistcha
|switch|p2b: Ursaluna|Ursaluna, L50, M|100/100
|move|p1a: Kommo-o|Protect|p1a: Kommo-o
|-singleturn|p1a: Kommo-o|Protect
|move|p2a: Annihilape|Taunt|p1b: Sinistcha
|-start|p1b: Sinistcha|move: Taunt
|
|-status|p2b: Ursaluna|brn|[from] item: Flame Orb
|upkeep
|turn|8
|inactive|Ssidebraves8 has 30 seconds left.
|inactive|lazarett has 30 seconds left.
|inactive|lazarett has 20 seconds left.
|inactive|lazarett has 15 seconds left.
|inactive|lazarett has 10 seconds left.
|inactive|lazarett has 5 seconds left.
|
|t:|1757744382
|-terastallize|p2b: Ursaluna|Ghost
|move|p2a: Annihilape|Rage Fist|p1a: Kommo-o
|-damage|p1a: Kommo-o|37/100
|move|p1a: Kommo-o|Clanging Scales|p2a: Annihilape|[spread] p2a,p2b
|-damage|p2a: Annihilape|50/100
|-damage|p2b: Ursaluna|51/100 brn
|-unboost|p1a: Kommo-o|def|1
|move|p2b: Ursaluna|Facade|p1a: Kommo-o
|-damage|p1a: Kommo-o|0 fnt
|faint|p1a: Kommo-o
|move|p1b: Sinistcha|Matcha Gotcha|p2b: Ursaluna|[spread] p2a,p2b
|-damage|p2a: Annihilape|28/100
|-damage|p2b: Ursaluna|31/100 brn
|
|-damage|p2b: Ursaluna|25/100 brn|[from] brn
|-sideend|p2: lazarett|move: Tailwind
|upkeep
|
|t:|1757744405
|switch|p1a: Electabuzz|Electabuzz, L50, M, shiny|36/100
|turn|9
|
|t:|1757744425
|switch|p2b: Incineroar|Incineroar, L50, F|40/100
|-ability|p2b: Incineroar|Intimidate|boost
|-unboost|p1a: Electabuzz|atk|1
|-unboost|p1b: Sinistcha|atk|1
|move|p1a: Electabuzz|Follow Me|p1a: Electabuzz
|-singleturn|p1a: Electabuzz|move: Follow Me
|move|p2a: Annihilape|Rage Fist|p1a: Electabuzz
|-damage|p1a: Electabuzz|0 fnt
|faint|p1a: Electabuzz
|move|p1b: Sinistcha|Matcha Gotcha|p2a: Annihilape|[spread] p2a
|-miss|p1b: Sinistcha|p2b: Incineroar
|-damage|p2a: Annihilape|3/100
|
|-end|p1b: Sinistcha|move: Taunt
|upkeep
|
|t:|1757744440
|switch|p1a: Incineroar|Incineroar, L50, F, shiny|100/100
|-ability|p1a: Incineroar|Intimidate|boost
|-unboost|p2a: Annihilape|atk|1
|-ability|p2a: Annihilape|Defiant|boost
|-boost|p2a: Annihilape|atk|2
|-unboost|p2b: Incineroar|atk|1
|turn|10
|
|t:|1757744455
|move|p1a: Incineroar|Fake Out|p2b: Incineroar
|-damage|p2b: Incineroar|30/100
|move|p2a: Annihilape|Rage Fist|p1b: Sinistcha
|-supereffective|p1b: Sinistcha
|-damage|p1b: Sinistcha|0 fnt
|faint|p1b: Sinistcha
|cant|p2b: Incineroar|flinch
|
|upkeep
|turn|11
|
|t:|1757744468
|move|p2a: Annihilape|Close Combat|p1a: Incineroar
|-supereffective|p1a: Incineroar
|-damage|p1a: Incineroar|0 fnt
|-unboost|p2a: Annihilape|def|1
|-unboost|p2a: Annihilape|spd|1
|faint|p1a: Incineroar
|
|win|lazarett
|raw|Ssidebraves8's rating: 1247 → 1226(-21 for losing)
|raw|lazarett's rating: 1302 → 1319(+17 for winning)
|l|☆Ssidebraves8
|player|p1|
|j| sam smithy
|l|☆lazarett
|player|p2|
