|j|☆grimmnay
|j|‽Livnlarge27
|html|grimmnayLivnlarge27    
|uhtml|bestof|Game 3 of a best-of-3
|t:|1755269304
|gametype|doubles
|player|p1|grimmnay|crasherwake|1289
|player|p2|Livnlarge27|red|1425
|gen|9
|tier|[Gen 9] VGC 2025 Reg H (Bo3)
|rated|
|rule|Species Clause: Limit one of each Pokémon
|rule|Item Clause: Limit 1 of each item
|clearpoke
|poke|p1|Archaludon, L50, F|
|poke|p1|Dragonite, L50, F|
|poke|p1|Pelipper, L50, F|
|poke|p1|Ursaluna, L50, F|
|poke|p1|Sinistcha, L50|
|poke|p1|Gholdengo, L50|
|poke|p2|Blastoise, L50, M|
|poke|p2|Whimsicott, L50, M|
|poke|p2|Dragapult, L50, M|
|poke|p2|Pelipper, L50, F|
|poke|p2|Archaludon, L50, M|
|poke|p2|Tauros-Paldea-Blaze, L50, M|
|teampreview|4
|showteam|p1|Archaludon||AssaultVest|Stamina|FlashCannon,BodyPress,ElectroShot,Snarl|||F|||50|,,,,,Fighting]Dragonite||LoadedDice|Multiscale|ScaleShot,Tailwind,Haze,Protect|||F|||50|,,,,,Fairy]Pelipper||FocusSash|Drizzle|MuddyWater,Hurricane,Tailwind,Protect|||F|||50|,,,,,Ghost]Ursaluna||FlameOrb|Guts|Facade,HeadlongRush,Earthquake,Protect|||F|||50|,,,,,Ghost]Sinistcha||SitrusBerry|Hospitality|MatchaGotcha,LifeDew,RagePowder,TrickRoom||||||50|,,,,,Dark]Gholdengo||ChoiceScarf|GoodasGold|MakeItRain,ShadowBall,Trick,Protect||||||50|,,,,,Flying
|showteam|p2|Blastoise||MysticWater|Torrent|Protect,ShellSmash,WaterSpout,WaterPledge|||M|||50|,,,,,Water]Whimsicott||CovertCloak|Prankster|Tailwind,Taunt,Moonblast,Encore|||M|||50|,,,,,Dark]Dragapult||ChoiceBand|ClearBody|DragonDarts,Uturn,PhantomForce,Curse|||M|||50|,,,,,Dragon]Pelipper||FocusSash|Drizzle|Hurricane,WeatherBall,Protect,Tailwind|||F|||50|,,,,,Fairy]Archaludon||AssaultVest|Stamina|ElectroShot,DracoMeteor,FlashCannon,BodyPress|||M|||50|,,,,,Grass]Tauros-Paldea-Blaze||LifeOrb|Intimidate|CloseCombat,RagingBull,Protect,RockSlide|||M|||50|,,,,,Fairy
|inactive|Battle timer is ON: inactive players will automatically lose when time's up. (requested by grimmnay)
|j| spicy rider
|inactive|grimmnay has 60 seconds left.
|inactive|Livnlarge27 has 60 seconds left.
|inactive|grimmnay has 30 seconds left.
|inactive|Livnlarge27 has 30 seconds left.
|inactive|grimmnay has 20 seconds left.
|inactive|Livnlarge27 has 20 seconds left.
|inactive|Livnlarge27 has 15 seconds left.
|inactive|Livnlarge27 has 10 seconds left.
|
|t:|1755269391
|teamsize|p1|4
|teamsize|p2|4
|start
|switch|p1a: Dragonite|Dragonite, L50, F|100/100
|switch|p1b: Sinistcha|Sinistcha, L50|100/100
|switch|p2a: Dragapult|Dragapult, L50, M|100/100
|switch|p2b: Blastoise|Blastoise, L50, M|100/100
|turn|1
|inactive|grimmnay has 30 seconds left.
|inactive|Livnlarge27 has 30 seconds left.
|
|t:|1755269424
|-terastallize|p2a: Dragapult|Dragon
|move|p2a: Dragapult|Dragon Darts|p1a: Dragonite
|-supereffective|p1a: Dragonite
|-damage|p1a: Dragonite|38/100
|-anim|p2a: Dragapult|Dragon Darts|p1b: Sinistcha
|-damage|p1b: Sinistcha|53/100
|move|p1a: Dragonite|Scale Shot|p2a: Dragapult
|-supereffective|p2a: Dragapult
|-damage|p2a: Dragapult|60/100
|-supereffective|p2a: Dragapult
|-damage|p2a: Dragapult|22/100
|-supereffective|p2a: Dragapult
|-damage|p2a: Dragapult|0 fnt
|faint|p2a: Dragapult
|-hitcount|p2: Dragapult|3
|-unboost|p1a: Dragonite|def|1
|-boost|p1a: Dragonite|spe|1
|move|p2b: Blastoise|Water Spout|p1b: Sinistcha|[spread] p1a,p1b
|-resisted|p1a: Dragonite
|-crit|p1a: Dragonite
|-resisted|p1b: Sinistcha
|-crit|p1b: Sinistcha
|-damage|p1a: Dragonite|0 fnt
|-damage|p1b: Sinistcha|16/100
|-enditem|p1b: Sinistcha|Sitrus Berry|[eat]
|-heal|p1b: Sinistcha|41/100|[from] item: Sitrus Berry
|faint|p1a: Dragonite
|move|p1b: Sinistcha|Trick Room|p1b: Sinistcha
|-fieldstart|move: Trick Room|[of] p1b: Sinistcha
|
|upkeep
|inactive|grimmnay has 30 seconds left.
|
|t:|1755269454
|switch|p1a: Archaludon|Archaludon, L50, F|100/100
|switch|p2a: Pelipper|Pelipper, L50, F|100/100
|-weather|RainDance|[from] ability: Drizzle|[of] p2a: Pelipper
|turn|2
|
|t:|1755269474
|switch|p2b: Archaludon|Archaludon, L50, M|100/100
|move|p1b: Sinistcha|Matcha Gotcha|p2b: Archaludon|[spread] p2a,p2b
|-resisted|p2b: Archaludon
|-damage|p2a: Pelipper|60/100
|-heal|p1b: Sinistcha|57/100|[from] drain|[of] p2a: Pelipper
|-damage|p2b: Archaludon|95/100
|-heal|p1b: Sinistcha|59/100|[from] drain|[of] p2b: Archaludon
|-status|p2b: Archaludon|brn
|-ability|p2b: Archaludon|Stamina|boost
|-boost|p2b: Archaludon|def|1
|move|p1a: Archaludon|Electro Shot||[still]
|-prepare|p1a: Archaludon|Electro Shot
|-boost|p1a: Archaludon|spa|1
|-anim|p1a: Archaludon|Electro Shot|p2a: Pelipper
|-supereffective|p2a: Pelipper
|-damage|p2a: Pelipper|0 fnt
|faint|p2a: Pelipper
|
|-weather|RainDance|[upkeep]
|-damage|p2b: Archaludon|89/100 brn|[from] brn
|upkeep
|
|t:|1755269490
|switch|p2a: Blastoise|Blastoise, L50, M|100/100
|turn|3
|inactive|grimmnay has 30 seconds left.
|
|t:|1755269524
|move|p2a: Blastoise|Protect|p2a: Blastoise
|-singleturn|p2a: Blastoise|Protect
|move|p1b: Sinistcha|Life Dew||[still]|[spread] p1a,p1b
|-fail|p1a: Archaludon|heal
|-heal|p1b: Sinistcha|85/100
|move|p1a: Archaludon|Electro Shot||[still]
|-prepare|p1a: Archaludon|Electro Shot
|-boost|p1a: Archaludon|spa|1
|-anim|p1a: Archaludon|Electro Shot|p2a: Blastoise
|-activate|p2a: Blastoise|move: Protect
|move|p2b: Archaludon|Electro Shot||[still]
|-prepare|p2b: Archaludon|Electro Shot
|-boost|p2b: Archaludon|spa|1
|-anim|p2b: Archaludon|Electro Shot|p1b: Sinistcha
|-resisted|p1b: Sinistcha
|-damage|p1b: Sinistcha|61/100
|
|-weather|RainDance|[upkeep]
|-damage|p2b: Archaludon|83/100 brn|[from] brn
|upkeep
|turn|4
|inactive|grimmnay has 30 seconds left.
|inactive|Livnlarge27 has 30 seconds left.
|
|t:|1755269555
|move|p2a: Blastoise|Protect||[still]
|-fail|p2a: Blastoise
|move|p1b: Sinistcha|Life Dew||[still]|[spread] p1a,p1b
|-fail|p1a: Archaludon|heal
|-heal|p1b: Sinistcha|86/100
|move|p1a: Archaludon|Electro Shot||[still]
|-prepare|p1a: Archaludon|Electro Shot
|-boost|p1a: Archaludon|spa|1
|-anim|p1a: Archaludon|Electro Shot|p2a: Blastoise
|-supereffective|p2a: Blastoise
|-damage|p2a: Blastoise|0 fnt
|faint|p2a: Blastoise
|move|p2b: Archaludon|Electro Shot||[still]
|-prepare|p2b: Archaludon|Electro Shot
|-boost|p2b: Archaludon|spa|1
|-anim|p2b: Archaludon|Electro Shot|p1b: Sinistcha
|-resisted|p1b: Sinistcha
|-damage|p1b: Sinistcha|53/100
|
|-weather|RainDance|[upkeep]
|-damage|p2b: Archaludon|77/100 brn|[from] brn
|upkeep
|turn|5
|
|t:|1755269572
|-terastallize|p1a: Archaludon|Fighting
|move|p1b: Sinistcha|Rage Powder|p1b: Sinistcha
|-singleturn|p1b: Sinistcha|move: Rage Powder
|move|p1a: Archaludon|Body Press|p2b: Archaludon
|-supereffective|p2b: Archaludon
|-damage|p2b: Archaludon|44/100 brn
|-ability|p2b: Archaludon|Stamina|boost
|-boost|p2b: Archaludon|def|1
|move|p2b: Archaludon|Electro Shot||[still]
|-prepare|p2b: Archaludon|Electro Shot
|-boost|p2b: Archaludon|spa|1
|-anim|p2b: Archaludon|Electro Shot|p1b: Sinistcha
|-resisted|p1b: Sinistcha
|-damage|p1b: Sinistcha|12/100
|
|-weather|RainDance|[upkeep]
|-damage|p2b: Archaludon|38/100 brn|[from] brn
|-fieldend|move: Trick Room
|upkeep
|turn|6
|inactive|Livnlarge27 has 30 seconds left.
|
|t:|1755269605
|move|p1b: Sinistcha|Rage Powder|p1b: Sinistcha
|-singleturn|p1b: Sinistcha|move: Rage Powder
|move|p2b: Archaludon|Electro Shot||[still]
|-prepare|p2b: Archaludon|Electro Shot
|-boost|p2b: Archaludon|spa|1
|-anim|p2b: Archaludon|Electro Shot|p1b: Sinistcha
|-resisted|p1b: Sinistcha
|-damage|p1b: Sinistcha|0 fnt
|faint|p1b: Sinistcha
|move|p1a: Archaludon|Body Press|p2b: Archaludon
|-supereffective|p2b: Archaludon
|-damage|p2b: Archaludon|10/100 brn
|-ability|p2b: Archaludon|Stamina|boost
|-boost|p2b: Archaludon|def|1
|
|-weather|none
|-damage|p2b: Archaludon|4/100 brn|[from] brn
|upkeep
|
|t:|1755269610
|switch|p1b: Ursaluna|Ursaluna, L50, F|100/100
|turn|7
|
|t:|1755269615
|move|p2b: Archaludon|Draco Meteor|p1a: Archaludon
|-damage|p1a: Archaludon|0 fnt
|-unboost|p2b: Archaludon|spa|2
|faint|p1a: Archaludon
|move|p1b: Ursaluna|Headlong Rush|p2b: Archaludon
|-supereffective|p2b: Archaludon
|-damage|p2b: Archaludon|0 fnt
|-unboost|p1b: Ursaluna|def|1
|-unboost|p1b: Ursaluna|spd|1
|faint|p2b: Archaludon
|
|win|grimmnay
|raw|grimmnay's rating: 1289 → 1323(+34 for winning)
|raw|Livnlarge27's rating: 1425 → 1398(-27 for losing)
|l|‽Livnlarge27
|player|p2|
|l| spicy rider
