|j|☆Sedrav
|j|☆sbhaga34
|html|Sedravsbhaga34    
|uhtml|bestof|Game 2 of a best-of-3
|t:|1756943008
|gametype|doubles
|player|p1|Sedrav|265|1131
|player|p2|sbhaga34|hugh|1198
|gen|9
|tier|[Gen 9] VGC 2025 Reg H (Bo3)
|rated|
|rule|Species Clause: Limit one of each Pokémon
|rule|Item Clause: Limit 1 of each item
|clearpoke
|poke|p1|Garchomp, L50, M|
|poke|p1|Talonflame, L50, F|
|poke|p1|Gholdengo, L50|
|poke|p1|Tyranitar, L50, M|
|poke|p1|Amoonguss, L50, M|
|poke|p1|Milotic, L50, M|
|poke|p2|Indeedee-F, L50, F|
|poke|p2|Talonflame, L50, M|
|poke|p2|Tyranitar, L50, F|
|poke|p2|Excadrill, L50, F|
|poke|p2|Gardevoir, L50, M|
|poke|p2|Annihilape, L50, M|
|teampreview|4
|showteam|p1|Garchomp||LifeOrb|RoughSkin|DragonClaw,StompingTantrum,Earthquake,Protect|||M|||50|,,,,,Fairy]Talonflame||CovertCloak|GaleWings|BraveBird,Tailwind,WillOWisp,Taunt|||F|||50|,,,,,Grass]Gholdengo||MetalCoat|GoodasGold|MakeItRain,ShadowBall,NastyPlot,Protect||||||50|,,,,,Flying]Tyranitar||AssaultVest|SandStream|RockSlide,KnockOff,LowKick,TeraBlast|||M|||50|,,,,,Flying]Amoonguss||SitrusBerry|Regenerator|Spore,RagePowder,PollenPuff,Protect|||M|||50|,,,,,Water]Milotic||SafetyGoggles|Competitive|Scald,IcyWind,Haze,Protect|||M|||50|,,,,,Dragon
|showteam|p2|Indeedee-F||SafetyGoggles|PsychicSurge|FollowMe,TrickRoom,HelpingHand,Psychic|||F|||50|,,,,,Water]Talonflame||CovertCloak|GaleWings|Tailwind,Taunt,BraveBird,Uturn|||M|||50|,,,,,Dark]Tyranitar||WeaknessPolicy|SandStream|RockSlide,KnockOff,LowKick,Protect|||F|||50|,,,,,Flying]Excadrill||FocusSash|SandRush|Earthquake,IronHead,SwordsDance,Protect|||F|||50|,,,,,Ground]Gardevoir||ChoiceScarf|Telepathy|ExpandingForce,DazzlingGleam,Moonblast,IcyWind|||M|||50|,,,,,Psychic]Annihilape||Leftovers|Defiant|FinalGambit,CloseCombat,RageFist,Uturn|||M|||50|,,,,,Stellar
|inactive|Battle timer is ON: inactive players will automatically lose when time's up. (requested by Sedrav)
|inactive|Sedrav has 60 seconds left.
|
|t:|1756943040
|teamsize|p1|4
|teamsize|p2|4
|start
|switch|p1a: Milotic|Milotic, L50, M|100/100
|switch|p1b: Amoonguss|Amoonguss, L50, M|100/100
|switch|p2a: Talonflame|Talonflame, L50, M|100/100
|switch|p2b: Tyranitar|Tyranitar, L50, F|100/100
|-weather|Sandstorm|[from] ability: Sand Stream|[of] p2b: Tyranitar
|turn|1
|inactive|Sedrav has 30 seconds left.
|inactive|sbhaga34 has 30 seconds left.
|
|t:|1756943072
|-terastallize|p2b: Tyranitar|Flying
|move|p1b: Amoonguss|Protect|p1b: Amoonguss
|-singleturn|p1b: Amoonguss|Protect
|move|p2a: Talonflame|Taunt|p1b: Amoonguss
|-activate|p1b: Amoonguss|move: Protect
|move|p1a: Milotic|Scald|p2b: Tyranitar
|-damage|p2b: Tyranitar|71/100
|move|p2b: Tyranitar|Rock Slide|p1a: Milotic|[spread] 
|-activate|p1b: Amoonguss|move: Protect
|-miss|p2b: Tyranitar|p1a: Milotic
|
|-weather|Sandstorm|[upkeep]
|-damage|p2a: Talonflame|94/100|[from] Sandstorm
|-damage|p2b: Tyranitar|65/100|[from] Sandstorm
|-damage|p1b: Amoonguss|95/100|[from] Sandstorm
|upkeep
|turn|2
|inactive|Sedrav has 30 seconds left.
|
|t:|1756943099
|switch|p1b: Tyranitar|Tyranitar, L50, M|100/100
|move|p2a: Talonflame|Taunt|p1b: Tyranitar
|-start|p1b: Tyranitar|move: Taunt
|move|p1a: Milotic|Scald|p2a: Talonflame
|-supereffective|p2a: Talonflame
|-damage|p2a: Talonflame|11/100
|move|p2b: Tyranitar|Knock Off|p1b: Tyranitar
|-resisted|p1b: Tyranitar
|-damage|p1b: Tyranitar|79/100
|-enditem|p1b: Tyranitar|Assault Vest|[from] move: Knock Off|[of] p2b: Tyranitar
|
|-weather|Sandstorm|[upkeep]
|-damage|p2a: Talonflame|5/100|[from] Sandstorm
|-damage|p2b: Tyranitar|59/100|[from] Sandstorm
|upkeep
|turn|3
|inactive|Sedrav has 30 seconds left.
|
|t:|1756943130
|switch|p1b: Amoonguss|Amoonguss, L50, M|100/100
|move|p2a: Talonflame|U-turn|p1b: Amoonguss
|-damage|p1b: Amoonguss|88/100
|
|t:|1756943134
|switch|p2a: Gardevoir|Gardevoir, L50, M, shiny|100/100|[from] U-turn
|move|p1a: Milotic|Icy Wind|p2b: Tyranitar|[spread] p2a,p2b
|-supereffective|p2b: Tyranitar
|-damage|p2a: Gardevoir|89/100
|-damage|p2b: Tyranitar|36/100
|-unboost|p2a: Gardevoir|spe|1
|-unboost|p2b: Tyranitar|spe|1
|-enditem|p2b: Tyranitar|Weakness Policy
|-boost|p2b: Tyranitar|atk|2|[from] item: Weakness Policy
|-boost|p2b: Tyranitar|spa|2|[from] item: Weakness Policy
|move|p2b: Tyranitar|Rock Slide|p1a: Milotic|[spread] p1b
|-miss|p2b: Tyranitar|p1a: Milotic
|-damage|p1b: Amoonguss|36/100
|-enditem|p1b: Amoonguss|Sitrus Berry|[eat]
|-heal|p1b: Amoonguss|60/100|[from] item: Sitrus Berry
|
|-weather|Sandstorm|[upkeep]
|-damage|p2a: Gardevoir|83/100|[from] Sandstorm
|-damage|p2b: Tyranitar|31/100|[from] Sandstorm
|-damage|p1b: Amoonguss|54/100|[from] Sandstorm
|upkeep
|turn|4
|inactive|Sedrav has 30 seconds left.
|inactive|sbhaga34 has 30 seconds left.
|
|t:|1756943165
|switch|p1b: Tyranitar|Tyranitar, L50, M|79/100
|move|p2a: Gardevoir|Icy Wind|p1b: Tyranitar|[spread] p1a,p1b
|-resisted|p1a: Milotic
|-damage|p1a: Milotic|96/100
|-damage|p1b: Tyranitar|71/100
|-unboost|p1a: Milotic|spe|1
|-ability|p1a: Milotic|Competitive|boost
|-boost|p1a: Milotic|spa|2
|-unboost|p1b: Tyranitar|spe|1
|move|p1a: Milotic|Haze|p1a: Milotic
|-clearallboost
|move|p2b: Tyranitar|Rock Slide|p1a: Milotic|[spread] p1a,p1b
|-crit|p1a: Milotic
|-damage|p1a: Milotic|55/100
|-damage|p1b: Tyranitar|48/100
|
|-weather|Sandstorm|[upkeep]
|-damage|p2a: Gardevoir|77/100|[from] Sandstorm
|-damage|p2b: Tyranitar|25/100|[from] Sandstorm
|upkeep
|turn|5
|inactive|Sedrav has 30 seconds left.
|inactive|sbhaga34 has 30 seconds left.
|inactive|Sedrav has 20 seconds left.
|inactive|sbhaga34 has 20 seconds left.
|
|t:|1756943204
|switch|p2a: Excadrill|Excadrill, L50, F, shiny|100/100
|switch|p2b: Talonflame|Talonflame, L50, M|5/100
|move|p1a: Milotic|Icy Wind|p2a: Excadrill|[spread] p2a,p2b
|-damage|p2a: Excadrill|87/100
|-damage|p2b: Talonflame|0 fnt
|-unboost|p2a: Excadrill|spe|1
|faint|p2b: Talonflame
|move|p1b: Tyranitar|Rock Slide|p2a: Excadrill
|-resisted|p2a: Excadrill
|-damage|p2a: Excadrill|72/100
|
|-weather|none
|upkeep
|
|t:|1756943219
|switch|p2b: Tyranitar|Tyranitar, L50, F, tera:Flying|25/100
|-weather|Sandstorm|[from] ability: Sand Stream|[of] p2b: Tyranitar
|turn|6
|
|t:|1756943240
|-terastallize|p1b: Tyranitar|Flying
|move|p1a: Milotic|Protect|p1a: Milotic
|-singleturn|p1a: Milotic|Protect
|move|p2a: Excadrill|Earthquake|p1a: Milotic|[spread] 
|-activate|p1a: Milotic|move: Protect
|-immune|p2b: Tyranitar
|-immune|p1b: Tyranitar
|move|p2b: Tyranitar|Rock Slide|p1a: Milotic|[spread] p1b
|-activate|p1a: Milotic|move: Protect
|-supereffective|p1b: Tyranitar
|-damage|p1b: Tyranitar|1/100
|cant|p1b: Tyranitar|flinch
|
|-weather|Sandstorm|[upkeep]
|-damage|p2b: Tyranitar|19/100|[from] Sandstorm
|-damage|p1b: Tyranitar|0 fnt|[from] Sandstorm
|faint|p1b: Tyranitar
|upkeep
|
|t:|1756943259
|switch|p1b: Amoonguss|Amoonguss, L50, M|88/100
|turn|7
|
|t:|1756943277
|move|p1b: Amoonguss|Protect|p1b: Amoonguss
|-singleturn|p1b: Amoonguss|Protect
|move|p2a: Excadrill|Earthquake|p1a: Milotic|[spread] p1a
|-activate|p1b: Amoonguss|move: Protect
|-immune|p2b: Tyranitar
|-damage|p1a: Milotic|22/100
|move|p1a: Milotic|Icy Wind|p2b: Tyranitar|[spread] p2a,p2b
|-supereffective|p2b: Tyranitar
|-damage|p2a: Excadrill|58/100
|-damage|p2b: Tyranitar|0 fnt
|-unboost|p2a: Excadrill|spe|1
|faint|p2b: Tyranitar
|
|-weather|Sandstorm|[upkeep]
|-damage|p1b: Amoonguss|82/100|[from] Sandstorm
|upkeep
|
|t:|1756943291
|switch|p2b: Gardevoir|Gardevoir, L50, M, shiny|77/100
|turn|8
|inactive|Sedrav has 30 seconds left.
|inactive|Sedrav has 20 seconds left.
|inactive|Sedrav has 15 seconds left.
|
|t:|1756943333
|move|p1a: Milotic|Protect|p1a: Milotic
|-singleturn|p1a: Milotic|Protect
|move|p2b: Gardevoir|Expanding Force|p1b: Amoonguss
|-supereffective|p1b: Amoonguss
|-damage|p1b: Amoonguss|13/100
|move|p2a: Excadrill|Earthquake|p1a: Milotic|[spread] p1b
|-activate|p1a: Milotic|move: Protect
|-activate|p2b: Gardevoir|ability: Telepathy
|-damage|p1b: Amoonguss|0 fnt
|faint|p1b: Amoonguss
|
|-weather|Sandstorm|[upkeep]
|-damage|p2b: Gardevoir|72/100|[from] Sandstorm
|upkeep
|
|t:|1756943345
|switch|p1b: Gholdengo|Gholdengo, L50|100/100
|turn|9
|
|t:|1756943357
|move|p2b: Gardevoir|Expanding Force|p1b: Gholdengo
|-resisted|p1b: Gholdengo
|-damage|p1b: Gholdengo|79/100
|move|p1b: Gholdengo|Shadow Ball|p2a: Excadrill
|-damage|p2a: Excadrill|0 fnt
|faint|p2a: Excadrill
|move|p1a: Milotic|Icy Wind|p2b: Gardevoir
|-damage|p2b: Gardevoir|58/100
|-unboost|p2b: Gardevoir|spe|1
|
|-weather|Sandstorm|[upkeep]
|-damage|p2b: Gardevoir|52/100|[from] Sandstorm
|upkeep
|turn|10
|-message|sbhaga34 forfeited.
|
|win|Sedrav
|l|☆sbhaga34
|player|p2|
||sbhaga34 is ready for game 3.
