|j|☆s4m1_jaw3d
|j|☆Balruch
|html|s4m1_jaw3dBalruch    
|uhtml|bestof|Game 2 of a best-of-3
|t:|1783119096
|gametype|doubles
|player|p1|s4m1_jaw3d|volkner|1156
|player|p2|Balruch|veteran|1133
|gen|9
|tier|[Gen 9 Champions] VGC 2026 Reg M-B (Bo3)
|rated|
|rule|Species Clause: Limit one of each Pokémon
|rule|Item Clause: Limit 1 of each item
|clearpoke
|poke|p1|Pelipper, L50, F|
|poke|p1|Grimmsnarl, L50, M|
|poke|p1|Starmie, L50|
|poke|p1|Venusaur, L50, F|
|poke|p1|Archaludon, L50, M|
|poke|p1|Incineroar, L50, F|
|poke|p2|Charizard, L50, F|
|poke|p2|Garchomp, L50, M|
|poke|p2|Basculegion, L50, M|
|poke|p2|Floette-Eternal, L50, F|
|poke|p2|Aerodactyl, L50, M|
|poke|p2|Farigiraf, L50, F|
|teampreview|4
|showteam|p1|Pelipper||FocusSash|Drizzle|Tailwind,Protect,Hurricane,WeatherBall|Timid||F|||50|]Grimmsnarl||LightClay|Prankster|LightScreen,PartingShot,FoulPlay,Reflect|Impish||M|||50|]Starmie||Starminite|Illuminate|Liquidation,PsychoCut,AquaJet,Protect|Jolly|||||50|]Venusaur||Venusaurite|Overgrow|Protect,GigaDrain,EarthPower,SludgeBomb|Modest||F|||50|]Archaludon||Leftovers|Stamina|Protect,FlashCannon,DragonPulse,ElectroShot|Bold||M|||50|]Incineroar||LifeOrb|Intimidate|CloseCombat,FakeOut,FlareBlitz,Protect|Adamant||F|||50|
|showteam|p2|Charizard||CharizarditeY|Blaze|HeatWave,SolarBeam,ScorchingSands,Protect|Timid||F|||50|]Garchomp||LifeOrb|RoughSkin|Earthquake,RockSlide,Protect,PoisonJab|Jolly||M|||50|]Basculegion||ChoiceScarf|Adaptability|LastRespects,AquaJet,WaveCrash,FlipTurn|Jolly||M|||50|]Floette-Eternal||Floettite|FlowerVeil|DazzlingGleam,DrainingKiss,Moonblast,Protect|Timid||F|||50|]Aerodactyl||FocusSash|Unnerve|RockSlide,Tailwind,DualWingbeat,WideGuard|Jolly||M|||50|]Farigiraf||Leftovers|ArmorTail|HyperVoice,Protect,TrickRoom,Imprison|Bold||F|||50|
|
|t:|1783119111
|teamsize|p1|4
|teamsize|p2|4
|start
|switch|p1a: Grimmsnarl|Grimmsnarl, L50, M|100/100
|switch|p1b: Venusaur|Venusaur, L50, F|100/100
|switch|p2a: Aerodactyl|Aerodactyl, L50, M|100/100
|switch|p2b: Floette|Floette-Eternal, L50, F|100/100
|-ability|p2a: Aerodactyl|Unnerve
|turn|1
|inactive|Battle timer is ON: inactive players will automatically lose when time's up. (requested by Balruch)
|inactive|Balruch has 60 seconds left.
|
|t:|1783119151
|detailschange|p1b: Venusaur|Venusaur-Mega, L50, F
|-mega|p1b: Venusaur|Venusaur|Venusaurite
|move|p2b: Floette|Protect|p2b: Floette
|-singleturn|p2b: Floette|Protect
|move|p1b: Venusaur|Protect|p1b: Venusaur
|-singleturn|p1b: Venusaur|Protect
|move|p1a: Grimmsnarl|Light Screen|p1a: Grimmsnarl
|-sidestart|p1: s4m1_jaw3d|move: Light Screen
|move|p2a: Aerodactyl|Dual Wingbeat|p1b: Venusaur
|-activate|p1b: Venusaur|move: Protect
|
|upkeep
|turn|2
|inactive|Balruch has 30 seconds left.
|
|t:|1783119178
|switch|p2b: Garchomp|Garchomp, L50, M|100/100
|move|p1a: Grimmsnarl|Reflect|p1a: Grimmsnarl
|-sidestart|p1: s4m1_jaw3d|Reflect
|move|p2a: Aerodactyl|Dual Wingbeat|p1b: Venusaur
|-supereffective|p1b: Venusaur|1
|-damage|p1b: Venusaur|77/100
|-supereffective|p1b: Venusaur|1
|-damage|p1b: Venusaur|55/100
|-hitcount|p1b: Venusaur|2
|move|p1b: Venusaur|Giga Drain|p2b: Garchomp
|-damage|p2b: Garchomp|62/100
|-heal|p1b: Venusaur|75/100|[from] drain|[of] p2b: Garchomp
|
|upkeep
|turn|3
|
|t:|1783119195
|move|p1a: Grimmsnarl|Parting Shot|p2b: Garchomp
|-unboost|p2b: Garchomp|atk|1
|-unboost|p2b: Garchomp|spa|1
|
|t:|1783119198
|switch|p1a: Pelipper|Pelipper, L50, F|100/100|[from] Parting Shot
|-weather|RainDance|[from] ability: Drizzle|[of] p1a: Pelipper
|move|p2a: Aerodactyl|Dual Wingbeat|p1b: Venusaur
|-supereffective|p1b: Venusaur|1
|-damage|p1b: Venusaur|52/100
|-supereffective|p1b: Venusaur|1
|-damage|p1b: Venusaur|32/100
|-hitcount|p1b: Venusaur|2
|move|p2b: Garchomp|Earthquake|p1b: Venusaur|[spread] p1b
|-immune|p2a: Aerodactyl
|-immune|p1a: Pelipper
|-damage|p1b: Venusaur|14/100
|-damage|p2b: Garchomp|52/100|[from] item: Life Orb
|move|p1b: Venusaur|Giga Drain|p2a: Aerodactyl
|-damage|p2a: Aerodactyl|50/100g
|-heal|p1b: Venusaur|36/100|[from] drain|[of] p2a: Aerodactyl
|
|-weather|RainDance|[upkeep]
|upkeep
|turn|4
|inactive|Balruch has 30 seconds left.
|
|t:|1783119225
|move|p1b: Venusaur|Protect|p1b: Venusaur
|-singleturn|p1b: Venusaur|Protect
|move|p2a: Aerodactyl|Tailwind|p2a: Aerodactyl
|-sidestart|p2: Balruch|move: Tailwind
|move|p2b: Garchomp|Rock Slide|p1a: Pelipper|[spread] p1a
|-activate|p1b: Venusaur|move: Protect
|-supereffective|p1a: Pelipper|1
|-damage|p1a: Pelipper|72/100
|-damage|p2b: Garchomp|43/100|[from] item: Life Orb
|cant|p1a: Pelipper|flinch
|
|-weather|RainDance|[upkeep]
|upkeep
|turn|5
|
|t:|1783119241
|switch|p1b: Archaludon|Archaludon, L50, M|100/100
|move|p2a: Aerodactyl|Dual Wingbeat|p1b: Archaludon
|-resisted|p1b: Archaludon|1
|-damage|p1b: Archaludon|96/100
|-ability|p1b: Archaludon|Stamina|boost
|-boost|p1b: Archaludon|def|1
|-resisted|p1b: Archaludon|1
|-damage|p1b: Archaludon|93/100
|-ability|p1b: Archaludon|Stamina|boost
|-boost|p1b: Archaludon|def|1
|-hitcount|p1b: Archaludon|2
|move|p2b: Garchomp|Rock Slide|p1a: Pelipper|[spread] p1a,p1b
|-supereffective|p1a: Pelipper|1
|-resisted|p1b: Archaludon|1
|-damage|p1a: Pelipper|40/100
|-damage|p1b: Archaludon|92/100
|-ability|p1b: Archaludon|Stamina|boost
|-boost|p1b: Archaludon|def|1
|-damage|p2b: Garchomp|33/100|[from] item: Life Orb
|cant|p1a: Pelipper|flinch
|
|-weather|RainDance|[upkeep]
|-heal|p1b: Archaludon|97/100|[from] item: Leftovers
|upkeep
|turn|6
|inactive|Balruch has 30 seconds left.
|inactive|Balruch has 20 seconds left.
|
|t:|1783119276
|move|p2a: Aerodactyl|Rock Slide|p1b: Archaludon|[spread] p1a,p1b
|-supereffective|p1a: Pelipper|1
|-resisted|p1b: Archaludon|1
|-damage|p1a: Pelipper|0 fnt
|-damage|p1b: Archaludon|95/100
|-ability|p1b: Archaludon|Stamina|boost
|-boost|p1b: Archaludon|def|1
|faint|p1a: Pelipper
|move|p2b: Garchomp|Rock Slide|p1b: Archaludon
|-resisted|p1b: Archaludon|1
|-damage|p1b: Archaludon|93/100
|-ability|p1b: Archaludon|Stamina|boost
|-boost|p1b: Archaludon|def|1
|-damage|p2b: Garchomp|23/100|[from] item: Life Orb
|cant|p1b: Archaludon|flinch
|
|-weather|RainDance|[upkeep]
|-heal|p1b: Archaludon|99/100|[from] item: Leftovers
|upkeep
|
|t:|1783119285
|switch|p1a: Grimmsnarl|Grimmsnarl, L50, M|100/100
|turn|7
|
|t:|1783119306
|move|p1a: Grimmsnarl|Parting Shot|p2b: Garchomp
|-unboost|p2b: Garchomp|atk|1
|-unboost|p2b: Garchomp|spa|1
|
|t:|1783119307
|switch|p1a: Venusaur|Venusaur-Mega, L50, F|36/100|[from] Parting Shot
|move|p2a: Aerodactyl|Rock Slide|p1a: Venusaur|[spread] p1a,p1b
|-crit|p1a: Venusaur
|-resisted|p1b: Archaludon|1
|-damage|p1a: Venusaur|4/100
|-damage|p1b: Archaludon|97/100
|-ability|p1b: Archaludon|Stamina|boost
|-boost|p1b: Archaludon|def|1
|move|p2b: Garchomp|Rock Slide|p1a: Venusaur|[spread] p1b
|-miss|p2b: Garchomp|p1a: Venusaur
|-resisted|p1b: Archaludon|1
|-damage|p1b: Archaludon|97/100
|-damage|p2b: Garchomp|14/100|[from] item: Life Orb
|cant|p1b: Archaludon|flinch
|
|-weather|none
|-heal|p1b: Archaludon|100/100|[from] item: Leftovers
|-sideend|p2: Balruch|move: Tailwind
|upkeep
|turn|8
|
|t:|1783119327
|switch|p1a: Grimmsnarl|Grimmsnarl, L50, M|100/100
|move|p2a: Aerodactyl|Rock Slide|p1b: Archaludon|[spread] p1a,p1b
|-resisted|p1b: Archaludon|1
|-damage|p1a: Grimmsnarl|83/100
|-damage|p1b: Archaludon|98/100
|move|p2b: Garchomp|Rock Slide|p1a: Grimmsnarl|[spread] p1a,p1b
|-resisted|p1b: Archaludon|1
|-damage|p1a: Grimmsnarl|74/100
|-damage|p1b: Archaludon|97/100
|-damage|p2b: Garchomp|4/100|[from] item: Life Orb
|cant|p1b: Archaludon|flinch
|
|-heal|p1b: Archaludon|100/100|[from] item: Leftovers
|-sideend|p1: s4m1_jaw3d|move: Light Screen
|upkeep
|turn|9
|
|t:|1783119344
|move|p1a: Grimmsnarl|Light Screen|p1a: Grimmsnarl
|-sidestart|p1: s4m1_jaw3d|move: Light Screen
|move|p2a: Aerodactyl|Rock Slide|p1b: Archaludon|[spread] p1a,p1b
|-resisted|p1b: Archaludon|1
|-damage|p1a: Grimmsnarl|58/100
|-damage|p1b: Archaludon|98/100
|move|p2b: Garchomp|Rock Slide|p1b: Archaludon|[spread] p1a,p1b
|-resisted|p1b: Archaludon|1
|-damage|p1a: Grimmsnarl|50/100g
|-damage|p1b: Archaludon|97/100
|-damage|p2b: Garchomp|0 fnt|[from] item: Life Orb
|faint|p2b: Garchomp
|cant|p1b: Archaludon|flinch
|
|-heal|p1b: Archaludon|100/100|[from] item: Leftovers
|-sideend|p1: s4m1_jaw3d|Reflect
|upkeep
|c|☆s4m1_jaw3d|5 flinches...
|c|☆s4m1_jaw3d|IN A TOW
|c|☆s4m1_jaw3d|ROW
|
|t:|1783119365
|switch|p2b: Floette|Floette-Eternal, L50, F|100/100
|turn|10
|
|t:|1783119371
|detailschange|p2b: Floette|Floette-Mega, L50, F
|-mega|p2b: Floette|Floette|Floettite
|-ability|p2b: Floette|Fairy Aura
|move|p2a: Aerodactyl|Rock Slide|p1b: Archaludon|[spread] p1b
|-miss|p2a: Aerodactyl|p1a: Grimmsnarl
|-resisted|p1b: Archaludon|1
|-crit|p1b: Archaludon
|-damage|p1b: Archaludon|87/100
|move|p2b: Floette|Moonblast|p1b: Archaludon
|-damage|p1b: Archaludon|27/100
|move|p1b: Archaludon|Flash Cannon|p2b: Floette
|-supereffective|p2b: Floette|1
|-damage|p2b: Floette|37/100
|move|p1a: Grimmsnarl|Foul Play|p2a: Aerodactyl
|-damage|p2a: Aerodactyl|0 fnt
|faint|p2a: Aerodactyl
|
|-heal|p1b: Archaludon|33/100|[from] item: Leftovers
|upkeep
|
|t:|1783119388
|switch|p2a: Basculegion|Basculegion, L50, M|100/100
|turn|11
|
|t:|1783119417
|move|p1b: Archaludon|Protect|p1b: Archaludon
|-singleturn|p1b: Archaludon|Protect
|move|p1a: Grimmsnarl|Parting Shot|p2b: Floette
|-unboost|p2b: Floette|atk|1
|-unboost|p2b: Floette|spa|1
|
|t:|1783119421
|switch|p1a: Venusaur|Venusaur-Mega, L50, F|4/100|[from] Parting Shot
|move|p2a: Basculegion|Last Respects|p1b: Archaludon
|-activate|p1b: Archaludon|move: Protect
|move|p2b: Floette|Dazzling Gleam|p1b: Archaludon|[spread] p1a
|-activate|p1b: Archaludon|move: Protect
|-resisted|p1a: Venusaur|1
|-damage|p1a: Venusaur|0 fnt
|faint|p1a: Venusaur
|
|-heal|p1b: Archaludon|39/100|[from] item: Leftovers
|upkeep
|
|t:|1783119423
|switch|p1a: Grimmsnarl|Grimmsnarl, L50, M|50/100g
|turn|12
|
|t:|1783119437
|move|p2b: Floette|Protect|p2b: Floette
|-singleturn|p2b: Floette|Protect
|move|p1a: Grimmsnarl|Parting Shot|p2b: Floette
|-activate|p2b: Floette|move: Protect
|move|p2a: Basculegion|Last Respects|p1a: Grimmsnarl
|-resisted|p1a: Grimmsnarl|1
|-damage|p1a: Grimmsnarl|10/100
|move|p1b: Archaludon|Flash Cannon|p2b: Floette
|-activate|p2b: Floette|move: Protect
|
|-heal|p1b: Archaludon|45/100|[from] item: Leftovers
|upkeep
|turn|13
|
|t:|1783119455
|move|p1b: Archaludon|Protect|p1b: Archaludon
|-singleturn|p1b: Archaludon|Protect
|move|p1a: Grimmsnarl|Parting Shot|p2b: Floette
|-unboost|p2b: Floette|atk|1
|-unboost|p2b: Floette|spa|1
|move|p2a: Basculegion|Last Respects|p1b: Archaludon
|-activate|p1b: Archaludon|move: Protect
|move|p2b: Floette|Moonblast|p1b: Archaludon
|-activate|p1b: Archaludon|move: Protect
|
|-heal|p1b: Archaludon|51/100|[from] item: Leftovers
|upkeep
|turn|14
|
|t:|1783119469
|move|p1a: Grimmsnarl|Parting Shot|p2b: Floette
|-unboost|p2b: Floette|atk|1
|-unboost|p2b: Floette|spa|1
|move|p2a: Basculegion|Last Respects|p1a: Grimmsnarl
|-resisted|p1a: Grimmsnarl|1
|-damage|p1a: Grimmsnarl|0 fnt
|faint|p1a: Grimmsnarl
|move|p2b: Floette|Moonblast|p1b: Archaludon
|-damage|p1b: Archaludon|29/100
|move|p1b: Archaludon|Dragon Pulse|p2a: Basculegion
|-damage|p2a: Basculegion|58/100
|
|-heal|p1b: Archaludon|35/100|[from] item: Leftovers
|upkeep
|turn|15
|
|t:|1783119485
|move|p1b: Archaludon|Protect|p1b: Archaludon
|-singleturn|p1b: Archaludon|Protect
|move|p2a: Basculegion|Last Respects|p1b: Archaludon
|-activate|p1b: Archaludon|move: Protect
|move|p2b: Floette|Moonblast|p1b: Archaludon
|-activate|p1b: Archaludon|move: Protect
|
|-heal|p1b: Archaludon|41/100|[from] item: Leftovers
|upkeep
|turn|16
|
|t:|1783119496
|move|p2a: Basculegion|Last Respects|p1b: Archaludon
|-damage|p1b: Archaludon|25/100
|move|p2b: Floette|Moonblast|p1b: Archaludon
|-damage|p1b: Archaludon|4/100
|move|p1b: Archaludon|Flash Cannon|p2b: Floette
|-supereffective|p2b: Floette|1
|-damage|p2b: Floette|0 fnt
|faint|p2b: Floette
|
|-heal|p1b: Archaludon|10/100|[from] item: Leftovers
|-sideend|p1: s4m1_jaw3d|move: Light Screen
|upkeep
|turn|17
|
|t:|1783119507
|move|p1b: Archaludon|Protect|p1b: Archaludon
|-singleturn|p1b: Archaludon|Protect
|move|p2a: Basculegion|Last Respects|p1b: Archaludon
|-activate|p1b: Archaludon|move: Protect
|
|-heal|p1b: Archaludon|15/100|[from] item: Leftovers
|upkeep
|turn|18
|
|t:|1783119516
|move|p2a: Basculegion|Last Respects|p1b: Archaludon
|-damage|p1b: Archaludon|0 fnt
|faint|p1b: Archaludon
|
|win|Balruch
||Balruch is ready for game 3.
||s4m1_jaw3d is ready for game 3.
|uhtml|next|Next: Game 3 of 3
|l|☆s4m1_jaw3d
|player|p1|
|j|☆s4m1_jaw3d
|player|p1|s4m1_jaw3d|volkner|
