|j|☆MetaphorCrazyMonk
|j|☆datrandomguy787
|html|MetaphorCrazyMonkdatrandomguy787    
|uhtml|bestof|Game 3 of a best-of-3
|t:|1786057773
|gametype|doubles
|player|p1|MetaphorCrazyMonk|169|1344
|player|p2|datrandomguy787|169|1271
|gen|9
|tier|[Gen 9 Champions] VGC 2026 Reg M-B (Bo3)
|rated|
|rule|Species Clause: Limit one of each Pokémon
|rule|Item Clause: Limit 1 of each item
|clearpoke
|poke|p1|Tyranitar, L50, M|
|poke|p1|Excadrill, L50, M, shiny|
|poke|p1|Sneasler, L50, M|
|poke|p1|Delphox, L50, M|
|poke|p1|Incineroar, L50, M|
|poke|p1|Tsareena, L50, F|
|poke|p2|Sneasler, L50, M|
|poke|p2|Blastoise, L50, M|
|poke|p2|Kingambit, L50, M|
|poke|p2|Incineroar, L50, M|
|poke|p2|Delphox, L50, F|
|poke|p2|Sinistcha, L50|
|teampreview|4
|showteam|p1|Tyranitar||Tyranitarite|SandStream|RockSlide,KnockOff,DragonDance,Protect|Jolly||M|||50|]Excadrill||FocusSash|SandRush|HighHorsepower,IronHead,RockSlide,Protect|Adamant||M|||50|]Sneasler||WhiteHerb|Unburden|CloseCombat,DireClaw,FakeOut,Coaching|Jolly||M|||50|]Delphox||Delphoxite|Blaze|HeatWave,Psychic,NastyPlot,Protect|Timid||M|||50|]Incineroar||SitrusBerry|Intimidate|FlareBlitz,FakeOut,PartingShot,DarkestLariat|Impish||M|||50|]Tsareena||ExpertBelt|QueenlyMajesty|PowerWhip,LowKick,HelpingHand,Protect|Adamant||F|||50|
|showteam|p2|Sneasler||FocusSash|PoisonTouch|PoisonJab,CloseCombat,FakeOut,QuickGuard|Jolly||M|||50|]Blastoise||Blastoisinite|RainDish|DarkPulse,WaterSpout,ShellSmash,Protect|Modest||M|||50|]Kingambit||BlackGlasses|Defiant|KowtowCleave,SuckerPunch,SwordsDance,Protect|Adamant||M|||50|]Incineroar||SitrusBerry|Intimidate|FlareBlitz,HelpingHand,PartingShot,FakeOut|Careful||M|||50|]Delphox||Delphoxite|Blaze|HeatWave,NastyPlot,Psychic,Protect|Modest||F|||50|]Sinistcha||ColburBerry|Hospitality|MatchaGotcha,RagePowder,TrickRoom,Protect|Bold|||||50|
|inactive|Battle timer is ON: inactive players will automatically lose when time's up. (requested by datrandomguy787)
|inactive|MetaphorCrazyMonk has 60 seconds left.
|
|t:|1786057837
|teamsize|p1|4
|teamsize|p2|4
|start
|switch|p1a: quando provo|Tyranitar, L50, M|100/100
|switch|p1b: gervasoni|Excadrill, L50, M, shiny|100/100
|switch|p2a: Blastoise|Blastoise, L50, M|100/100
|switch|p2b: Sneasler|Sneasler, L50, M|100/100
|-weather|Sandstorm|[from] ability: Sand Stream|[of] p1a: quando provo
|turn|1
|inactive|datrandomguy787 has 30 seconds left.
|
|t:|1786057866
|detailschange|p2a: Blastoise|Blastoise-Mega, L50, M
|-mega|p2a: Blastoise|Blastoise|Blastoisinite
|move|p1b: gervasoni|Protect|p1b: gervasoni
|-singleturn|p1b: gervasoni|Protect
|move|p2a: Blastoise|Protect|p2a: Blastoise
|-singleturn|p2a: Blastoise|Protect
|move|p1a: quando provo|Protect|p1a: quando provo
|-singleturn|p1a: quando provo|Protect
|move|p2b: Sneasler|Poison Jab|p1a: quando provo
|-activate|p1a: quando provo|move: Protect
|
|-weather|Sandstorm|[upkeep]
|-damage|p2b: Sneasler|94/100|[from] Sandstorm
|-damage|p2a: Blastoise|94/100|[from] Sandstorm
|upkeep
|turn|2
|
|t:|1786057884
|switch|p2a: Incineroar|Incineroar, L50, M|100/100
|-ability|p2a: Incineroar|Intimidate|boost
|-unboost|p1a: quando provo|atk|1
|-unboost|p1b: gervasoni|atk|1
|detailschange|p1a: quando provo|Tyranitar-Mega, L50, M
|-mega|p1a: quando provo|Tyranitar|Tyranitarite
|move|p1b: gervasoni|High Horsepower|p2b: Sneasler
|-supereffective|p2b: Sneasler|1
|-damage|p2b: Sneasler|0 fnt
|faint|p2b: Sneasler
|move|p1a: quando provo|Rock Slide|p2a: Incineroar
|-supereffective|p2a: Incineroar|1
|-damage|p2a: Incineroar|46/100
|-enditem|p2a: Incineroar|Sitrus Berry|[eat]
|-heal|p2a: Incineroar|71/100|[from] item: Sitrus Berry
|
|-weather|Sandstorm|[upkeep]
|-damage|p2a: Incineroar|65/100|[from] Sandstorm
|upkeep
|
|t:|1786057895
|switch|p2b: Blastoise|Blastoise-Mega, L50, M|94/100
|turn|3
|inactive|MetaphorCrazyMonk has 30 seconds left.
|
|t:|1786057921
|move|p2a: Incineroar|Fake Out|p1b: gervasoni
|-resisted|p1b: gervasoni|1
|-damage|p1b: gervasoni|93/100
|cant|p1b: gervasoni|flinch
|move|p1a: quando provo|Dragon Dance|p1a: quando provo
|-boost|p1a: quando provo|atk|1
|-boost|p1a: quando provo|spe|1
|move|p2b: Blastoise|Shell Smash|p2b: Blastoise
|-unboost|p2b: Blastoise|def|1
|-unboost|p2b: Blastoise|spd|1
|-boost|p2b: Blastoise|atk|2
|-boost|p2b: Blastoise|spa|2
|-boost|p2b: Blastoise|spe|2
|
|-weather|Sandstorm|[upkeep]
|-damage|p2b: Blastoise|88/100|[from] Sandstorm
|-damage|p2a: Incineroar|59/100|[from] Sandstorm
|upkeep
|turn|4
|
|t:|1786057932
|move|p2b: Blastoise|Protect|p2b: Blastoise
|-singleturn|p2b: Blastoise|Protect
|move|p1a: quando provo|Protect|p1a: quando provo
|-singleturn|p1a: quando provo|Protect
|move|p1b: gervasoni|High Horsepower|p2b: Blastoise
|-activate|p2b: Blastoise|move: Protect
|move|p2a: Incineroar|Flare Blitz|p1b: gervasoni
|-supereffective|p1b: gervasoni|1
|-damage|p1b: gervasoni|0 fnt
|faint|p1b: gervasoni
|-damage|p2a: Incineroar|31/100|[from] Recoil
|
|-weather|Sandstorm|[upkeep]
|-damage|p2b: Blastoise|82/100|[from] Sandstorm
|-damage|p2a: Incineroar|25/100|[from] Sandstorm
|upkeep
|
|t:|1786057945
|switch|p1b: sabotage|Sneasler, L50, M|100/100
|turn|5
|
|t:|1786057963
|move|p2b: Blastoise|Protect||[still]
|-fail|p2b: Blastoise
|move|p1b: sabotage|Fake Out|p2a: Incineroar
|-damage|p2a: Incineroar|14/100
|move|p1a: quando provo|Dragon Dance|p1a: quando provo
|-boost|p1a: quando provo|atk|1
|-boost|p1a: quando provo|spe|1
|cant|p2a: Incineroar|flinch
|
|-weather|none
|upkeep
|turn|6
|
|t:|1786057974
|switch|p2a: Sinistcha|Sinistcha, L50|100/100
|-heal|p2b: Blastoise|100/100|[from] ability: Hospitality|[of] p2a: Sinistcha
|move|p1a: quando provo|Rock Slide|p2b: Blastoise|[spread] p2a,p2b
|-crit|p2a: Sinistcha
|-damage|p2a: Sinistcha|39/100
|-damage|p2b: Blastoise|32/100
|move|p2b: Blastoise|Water Spout|p1a: quando provo|[spread] p1a,p1b
|-supereffective|p1a: quando provo|1
|-damage|p1a: quando provo|40/100
|-damage|p1b: sabotage|38/100
|move|p1b: sabotage|Close Combat|p2b: Blastoise
|-damage|p2b: Blastoise|0 fnt
|-unboost|p1b: sabotage|def|1
|-unboost|p1b: sabotage|spd|1
|faint|p2b: Blastoise
|-enditem|p1b: sabotage|White Herb
|-clearnegativeboost|p1b: sabotage|[silent]
|
|upkeep
|
|t:|1786057984
|switch|p2b: Incineroar|Incineroar, L50, M|14/100
|-ability|p2b: Incineroar|Intimidate|boost
|-unboost|p1a: quando provo|atk|1
|-unboost|p1b: sabotage|atk|1
|turn|7
|
|t:|1786057997
|switch|p1b: b.alario|Incineroar, L50, M|100/100
|-ability|p1b: b.alario|Intimidate|boost
|-unboost|p2a: Sinistcha|atk|1
|-unboost|p2b: Incineroar|atk|1
|move|p1a: quando provo|Protect|p1a: quando provo
|-singleturn|p1a: quando provo|Protect
|move|p2b: Incineroar|Fake Out|p1b: b.alario
|-damage|p1b: b.alario|94/100
|move|p2a: Sinistcha|Trick Room|p2a: Sinistcha
|-fieldstart|move: Trick Room|[of] p2a: Sinistcha
|
|upkeep
|turn|8
|
|t:|1786058008
|switch|p1a: sabotage|Sneasler, L50, M|38/100
|move|p2b: Incineroar|Helping Hand|p2a: Sinistcha
|-singleturn|p2a: Sinistcha|Helping Hand|[of] p2b: Incineroar
|move|p1b: b.alario|Flare Blitz|p2a: Sinistcha
|-supereffective|p2a: Sinistcha|1
|-damage|p2a: Sinistcha|0 fnt
|faint|p2a: Sinistcha
|-damage|p1b: b.alario|82/100|[from] Recoil
|
|upkeep
|turn|9
|l|☆datrandomguy787
|inactive|datrandomguy787 disconnected and has a minute to reconnect!
|player|p2|
|inactive|datrandomguy787 has 30 seconds left.
|inactive|datrandomguy787 has 20 seconds left.
|inactive|datrandomguy787 has 15 seconds left.
|inactive|datrandomguy787 has 10 seconds left.
|inactive|datrandomguy787 has 5 seconds left.
|-message|datrandomguy787 lost due to inactivity.
|
|win|MetaphorCrazyMonk
|raw|MetaphorCrazyMonk's rating: 1344 → 1360(+16 for winning)
|raw|datrandomguy787's rating: 1271 → 1251(-20 for losing)
