|j|☆mylittlecuties<3
|j|☆Delacruso
|html|mylittlecuties<3Delacruso    
|uhtml|bestof|Game 1 of a best-of-3
|t:|1784840070
|gametype|doubles
|player|p1|mylittlecuties<3|dawn-gen4pt|1116
|player|p2|Delacruso|red|1187
|gen|9
|tier|[Gen 9 Champions] VGC 2026 Reg M-B (Bo3)
|rated|
|rule|Species Clause: Limit one of each Pokémon
|rule|Item Clause: Limit 1 of each item
|clearpoke
|poke|p1|Malamar, L50, M|
|poke|p1|Mawile, L50, F|
|poke|p1|Incineroar, L50, M|
|poke|p1|Whimsicott, L50, M|
|poke|p1|Maushold-Four, L50|
|poke|p1|Sinistcha, L50|
|poke|p2|Charizard, L50, M, shiny|
|poke|p2|Grimmsnarl, L50, M, shiny|
|poke|p2|Pelipper, L50, F|
|poke|p2|Archaludon, L50, M|
|poke|p2|Basculegion, L50, M, shiny|
|poke|p2|Venusaur, L50, F|
|teampreview|4
|showteam|p1|Malamar||Malamarite|Contrary|Superpower,KnockOff,Protect,TrickRoom|Adamant||M|||50|]Mawile||Mawilite|HyperCutter|PlayRough,RockSlide,SuckerPunch,Protect|Brave||F|||50|]Incineroar||LifeOrb|Intimidate|FlareBlitz,DarkestLariat,PartingShot,FakeOut|Brave||M|||50|]Whimsicott||FocusSash|Prankster|Moonblast,Tailwind,Charm,FakeTears|Modest||M|||50|]Maushold-Four||WideLens|Technician|PopulationBomb,Feint,FollowMe,Protect|Jolly|||||50|]Sinistcha||ColburBerry|Hospitality|MatchaGotcha,LifeDew,RagePowder,Protect|Calm|||||50|
|showteam|p2|Charizard||CharizarditeY|Blaze|Protect,HeatWave,WeatherBall,SolarBeam|Modest||M|||50|]Grimmsnarl||LightClay|Prankster|SpiritBreak,Reflect,LightScreen,PartingShot|Sassy||M|||50|]Pelipper||SitrusBerry|Drizzle|Hurricane,WeatherBall,Tailwind,WideGuard|Modest||F|||50|]Archaludon||Leftovers|Stamina|Protect,ElectroShot,DragonPulse,FlashCannon|Calm||M|||50|]Basculegion||ChoiceScarf|Adaptability|FlipTurn,WaveCrash,AquaJet,LastRespects|Jolly||M|||50|]Venusaur||FocusSash|Chlorophyll|Protect,SleepPowder,SludgeBomb,EarthPower|Modest||F|||50|
|inactive|Battle timer is ON: inactive players will automatically lose when time's up. (requested by Delacruso)
|inactive|Delacruso has 60 seconds left.
|inactive|Delacruso has 30 seconds left.
|inactive|Delacruso has 20 seconds left.
|
|t:|1784840145
|teamsize|p1|4
|teamsize|p2|4
|start
|switch|p1a: Malamar|Malamar, L50, M|100/100
|switch|p1b: Maushold|Maushold-Four, L50|100/100
|switch|p2a: Charizard|Charizard, L50, M, shiny|100/100
|switch|p2b: Venusaur|Venusaur, L50, F|100/100
|turn|1
|inactive|Delacruso has 30 seconds left.
|
|t:|1784840172
|detailschange|p2a: Charizard|Charizard-Mega-Y, L50, M, shiny
|-mega|p2a: Charizard|Charizard|Charizardite Y
|-weather|SunnyDay|[from] ability: Drought|[of] p2a: Charizard
|move|p2b: Venusaur|Sludge Bomb|p1a: Malamar
|-damage|p1a: Malamar|62/100
|-status|p1a: Malamar|psn
|move|p1b: Maushold|Population Bomb|p2b: Venusaur
|-damage|p2b: Venusaur|87/100
|-damage|p2b: Venusaur|75/100
|-damage|p2b: Venusaur|62/100
|-damage|p2b: Venusaur|49/100
|-damage|p2b: Venusaur|37/100
|-damage|p2b: Venusaur|25/100
|-damage|p2b: Venusaur|12/100
|-damage|p2b: Venusaur|0 fnt
|faint|p2b: Venusaur
|-hitcount|p2: Venusaur|8
|move|p2a: Charizard|Heat Wave|p1b: Maushold|[spread] p1a,p1b
|-damage|p1a: Malamar|0 fnt
|-damage|p1b: Maushold|16/100
|faint|p1a: Malamar
|
|-weather|SunnyDay|[upkeep]
|upkeep
|
|t:|1784840194
|switch|p2b: Archaludon|Archaludon, L50, M|100/100
|switch|p1a: Incineroar|Incineroar, L50, M|100/100
|-ability|p1a: Incineroar|Intimidate|boost
|-unboost|p2a: Charizard|atk|1
|-unboost|p2b: Archaludon|atk|1
|turn|2
|
|t:|1784840210
|move|p2a: Charizard|Protect|p2a: Charizard
|-singleturn|p2a: Charizard|Protect
|move|p1b: Maushold|Population Bomb|p2a: Charizard
|-activate|p2a: Charizard|move: Protect
|move|p2b: Archaludon|Dragon Pulse|p1b: Maushold
|-damage|p1b: Maushold|0 fnt
|faint|p1b: Maushold
|move|p1a: Incineroar|Flare Blitz|p2b: Archaludon
|-damage|p2b: Archaludon|16/100
|-ability|p2b: Archaludon|Stamina|boost
|-boost|p2b: Archaludon|def|1
|-damage|p1a: Incineroar|72/100|[from] Recoil
|-damage|p1a: Incineroar|63/100|[from] item: Life Orb
|
|-weather|SunnyDay|[upkeep]
|-heal|p2b: Archaludon|22/100|[from] item: Leftovers
|upkeep
|
|t:|1784840220
|switch|p1b: Mawile|Mawile, L50, F|100/100
|turn|3
|inactive|Delacruso has 30 seconds left.
|inactive|mylittlecuties<3 has 30 seconds left.
|
|t:|1784840258
|detailschange|p1b: Mawile|Mawile-Mega, L50, F
|-mega|p1b: Mawile|Mawile|Mawilite
|move|p2b: Archaludon|Protect|p2b: Archaludon
|-singleturn|p2b: Archaludon|Protect
|move|p1b: Mawile|Protect|p1b: Mawile
|-singleturn|p1b: Mawile|Protect
|move|p2a: Charizard|Weather Ball|p1b: Mawile
|-activate|p1b: Mawile|move: Protect
|move|p1a: Incineroar|Darkest Lariat|p2a: Charizard
|-damage|p2a: Charizard|34/100
|-damage|p1a: Incineroar|53/100|[from] item: Life Orb
|
|-weather|SunnyDay|[upkeep]
|-heal|p2b: Archaludon|28/100|[from] item: Leftovers
|upkeep
|turn|4
|
|t:|1784840280
|move|p1b: Mawile|Sucker Punch|p2a: Charizard
|-damage|p2a: Charizard|0 fnt
|faint|p2a: Charizard
|move|p2b: Archaludon|Dragon Pulse|p1a: Incineroar
|-crit|p1a: Incineroar
|-damage|p1a: Incineroar|2/100
|move|p1a: Incineroar|Darkest Lariat|p2b: Archaludon
|-damage|p2b: Archaludon|0 fnt
|faint|p2b: Archaludon
|-damage|p1a: Incineroar|0 fnt|[from] item: Life Orb
|faint|p1a: Incineroar
|
|-weather|SunnyDay|[upkeep]
|upkeep
|
|t:|1784840293
|switch|p2b: Pelipper|Pelipper, L50, F|100/100
|-weather|RainDance|[from] ability: Drizzle|[of] p2b: Pelipper
|turn|5
|
|t:|1784840300
|move|p2b: Pelipper|Weather Ball|p1b: Mawile
|-damage|p1b: Mawile|19/100
|move|p1b: Mawile|Play Rough|p2b: Pelipper
|-damage|p2b: Pelipper|0 fnt
|faint|p2b: Pelipper
|
|win|mylittlecuties<3
