|j|☆GetaJobApplication
|j|☆IceColdZekrom
|html|GetaJobApplicationIceColdZekrom    
|uhtml|bestof|Game 3 of a best-of-3
|t:|1757687351
|gametype|doubles
|player|p1|GetaJobApplication|cynthia-gen4|1208
|player|p2|IceColdZekrom|eusine|1158
|gen|9
|tier|[Gen 9] VGC 2025 Reg H (Bo3)
|rated|
|rule|Species Clause: Limit one of each Pokémon
|rule|Item Clause: Limit 1 of each item
|clearpoke
|poke|p1|Incineroar, L50, F|
|poke|p1|Indeedee, L50, M|
|poke|p1|Kommo-o, L50, M|
|poke|p1|Amoonguss, L50, F|
|poke|p1|Gholdengo, L50|
|poke|p1|Sneasler, L50, M|
|poke|p2|Breloom, L50, F|
|poke|p2|Pelipper, L50, M|
|poke|p2|Basculegion, L50, M|
|poke|p2|Incineroar, L50, M|
|poke|p2|Archaludon, L50, M|
|poke|p2|Electabuzz, L50, M|
|teampreview|4
|showteam|p1|Incineroar||AssaultVest|Intimidate|FakeOut,KnockOff,Uturn,FlareBlitz|||F|||50|,,,,,Bug]Indeedee||ChoiceScarf|PsychicSurge|ExpandingForce,Trick,HelpingHand,DazzlingGleam|||M|||50|,,,,,Psychic]Kommo-o||ThroatSpray|Overcoat|ClangorousSoul,ClangingScales,Protect,Flamethrower|||M|||50|,,,,,Fire]Amoonguss||SitrusBerry|Regenerator|Spore,RagePowder,PollenPuff,Protect|||F|||50|,,,,,Water]Gholdengo||LifeOrb|GoodasGold|MakeItRain,ShadowBall,NastyPlot,Protect||||||50|,,,,,Steel]Sneasler||PsychicSeed|Unburden|DireClaw,CloseCombat,ThroatChop,Protect|||M|||50|,,,,,Dark
|showteam|p2|Breloom||LoadedDice|Technician|Spore,BulletSeed,CloseCombat,Protect|||F|||50|,,,,,Grass]Pelipper||FocusSash|Drizzle|Tailwind,WideGuard,WeatherBall,Hurricane|||M|||50|,,,,,Grass]Basculegion||ChoiceBand|SwiftSwim|FlipTurn,WaveCrash,AquaJet,LastRespects|||M|||50|,,,,,Water]Incineroar||SafetyGoggles|Intimidate|FakeOut,KnockOff,PartingShot,Protect|||M|||50|,,,,,Ghost]Archaludon||AssaultVest|Stamina|ElectroShot,FlashCannon,BodyPress,DragonPulse|||M|||50|,,,,,Grass]Electabuzz||Eviolite|VitalSpirit|FollowMe,Taunt,ThunderPunch,LowKick|||M|||50|,,,,,Flying
|
|t:|1757687403
|teamsize|p1|4
|teamsize|p2|4
|start
|switch|p1a: Kommo-o|Kommo-o, L50, M|100/100
|switch|p1b: Incineroar|Incineroar, L50, F|100/100
|switch|p2a: Incineroar|Incineroar, L50, M|100/100
|switch|p2b: Pelipper|Pelipper, L50, M|100/100
|-weather|RainDance|[from] ability: Drizzle|[of] p2b: Pelipper
|-ability|p1b: Incineroar|Intimidate|boost
|-unboost|p2a: Incineroar|atk|1
|-unboost|p2b: Pelipper|atk|1
|-ability|p2a: Incineroar|Intimidate|boost
|-unboost|p1a: Kommo-o|atk|1
|-unboost|p1b: Incineroar|atk|1
|turn|1
|inactive|Battle timer is ON: inactive players will automatically lose when time's up. (requested by IceColdZekrom)
|
|t:|1757687419
|switch|p2b: Basculegion|Basculegion, L50, M|100/100
|move|p1b: Incineroar|Fake Out|p2b: Basculegion
|-immune|p2b: Basculegion
|move|p1a: Kommo-o|Clangorous Soul|p1a: Kommo-o
|-boost|p1a: Kommo-o|atk|1
|-boost|p1a: Kommo-o|def|1
|-boost|p1a: Kommo-o|spa|1
|-boost|p1a: Kommo-o|spd|1
|-boost|p1a: Kommo-o|spe|1
|-damage|p1a: Kommo-o|68/100
|-enditem|p1a: Kommo-o|Throat Spray
|-boost|p1a: Kommo-o|spa|1|[from] item: Throat Spray
|move|p2a: Incineroar|Parting Shot|p1a: Kommo-o
|-unboost|p1a: Kommo-o|atk|1
|-unboost|p1a: Kommo-o|spa|1
|
|t:|1757687436
|switch|p2a: Pelipper|Pelipper, L50, M|100/100|[from] Parting Shot
|
|-weather|RainDance|[upkeep]
|upkeep
|turn|2
|
|t:|1757687452
|-terastallize|p1b: Incineroar|Bug
|move|p2b: Basculegion|Flip Turn|p1b: Incineroar
|-damage|p1b: Incineroar|47/100
|
|t:|1757687458
|switch|p2b: Incineroar|Incineroar, L50, M|100/100|[from] Flip Turn
|-ability|p2b: Incineroar|Intimidate|boost
|-unboost|p1a: Kommo-o|atk|1
|-unboost|p1b: Incineroar|atk|1
|move|p1a: Kommo-o|Clanging Scales|p2a: Pelipper|[spread] p2a,p2b
|-damage|p2a: Pelipper|19/100
|-damage|p2b: Incineroar|63/100
|-unboost|p1a: Kommo-o|def|1
|move|p2a: Pelipper|Hurricane|p1a: Kommo-o
|-supereffective|p1a: Kommo-o
|-damage|p1a: Kommo-o|10/100
|move|p1b: Incineroar|Knock Off|p2b: Incineroar
|-resisted|p2b: Incineroar
|-damage|p2b: Incineroar|52/100
|-enditem|p2b: Incineroar|Safety Goggles|[from] move: Knock Off|[of] p1b: Incineroar
|
|-weather|RainDance|[upkeep]
|upkeep
|turn|3
|
|t:|1757687477
|move|p1a: Kommo-o|Protect|p1a: Kommo-o
|-singleturn|p1a: Kommo-o|Protect
|move|p2b: Incineroar|Fake Out|p1a: Kommo-o
|-activate|p1a: Kommo-o|move: Protect
|move|p2a: Pelipper|Tailwind|p2a: Pelipper
|-sidestart|p2: IceColdZekrom|move: Tailwind
|move|p1b: Incineroar|U-turn|p2a: Pelipper
|-resisted|p2a: Pelipper
|-damage|p2a: Pelipper|11/100
|
|t:|1757687487
|switch|p1b: Amoonguss|Amoonguss, L50, F|100/100|[from] U-turn
|
|-weather|RainDance|[upkeep]
|upkeep
|turn|4
|inactive|IceColdZekrom has 30 seconds left.
|inactive|IceColdZekrom has 20 seconds left.
|inactive|IceColdZekrom has 15 seconds left.
|inactive|IceColdZekrom has 10 seconds left.
|inactive|IceColdZekrom has 5 seconds left.
|
|t:|1757687537
|move|p1b: Amoonguss|Rage Powder|p1b: Amoonguss
|-singleturn|p1b: Amoonguss|move: Rage Powder
|move|p2a: Pelipper|Hurricane|p1b: Amoonguss
|-supereffective|p1b: Amoonguss
|-damage|p1b: Amoonguss|20/100
|-enditem|p1b: Amoonguss|Sitrus Berry|[eat]
|-heal|p1b: Amoonguss|45/100|[from] item: Sitrus Berry
|move|p1a: Kommo-o|Clanging Scales|p2a: Pelipper|[spread] p2a,p2b
|-damage|p2a: Pelipper|0 fnt
|-damage|p2b: Incineroar|13/100
|faint|p2a: Pelipper
|-unboost|p1a: Kommo-o|def|1
|move|p2b: Incineroar|Knock Off|p1b: Amoonguss
|-damage|p1b: Amoonguss|25/100
|
|-weather|RainDance|[upkeep]
|upkeep
|
|t:|1757687547
|switch|p2a: Archaludon|Archaludon, L50, M|100/100
|turn|5
|
|t:|1757687562
|move|p2b: Incineroar|Protect|p2b: Incineroar
|-singleturn|p2b: Incineroar|Protect
|move|p1b: Amoonguss|Rage Powder|p1b: Amoonguss
|-singleturn|p1b: Amoonguss|move: Rage Powder
|move|p2a: Archaludon|Dragon Pulse|p1b: Amoonguss
|-damage|p1b: Amoonguss|0 fnt
|faint|p1b: Amoonguss
|move|p1a: Kommo-o|Clanging Scales|p2b: Incineroar|[spread] p2a
|-activate|p2b: Incineroar|move: Protect
|-damage|p2a: Archaludon|52/100
|-ability|p2a: Archaludon|Stamina|boost
|-boost|p2a: Archaludon|def|1
|-unboost|p1a: Kommo-o|def|1
|
|-weather|none
|upkeep
|
|t:|1757687570
|switch|p1b: Gholdengo|Gholdengo, L50|100/100
|turn|6
|
|t:|1757687589
|move|p1a: Kommo-o|Protect|p1a: Kommo-o
|-singleturn|p1a: Kommo-o|Protect
|move|p1b: Gholdengo|Protect|p1b: Gholdengo
|-singleturn|p1b: Gholdengo|Protect
|move|p2a: Archaludon|Dragon Pulse|p1a: Kommo-o
|-activate|p1a: Kommo-o|move: Protect
|move|p2b: Incineroar|Knock Off|p1b: Gholdengo
|-activate|p1b: Gholdengo|move: Protect
|
|-sideend|p2: IceColdZekrom|move: Tailwind
|upkeep
|turn|7
|inactive|IceColdZekrom has 30 seconds left.
|
|t:|1757687614
|move|p1a: Kommo-o|Clanging Scales|p2a: Archaludon|[spread] p2a,p2b
|-damage|p2a: Archaludon|2/100
|-damage|p2b: Incineroar|0 fnt
|-ability|p2a: Archaludon|Stamina|boost
|-boost|p2a: Archaludon|def|1
|faint|p2b: Incineroar
|-unboost|p1a: Kommo-o|def|1
|move|p1b: Gholdengo|Make It Rain|p2a: Archaludon
|-resisted|p2a: Archaludon
|-damage|p2a: Archaludon|0 fnt
|-unboost|p1b: Gholdengo|spa|1
|faint|p2a: Archaludon
|-damage|p1b: Gholdengo|91/100|[from] item: Life Orb
|
|upkeep
|
|t:|1757687618
|switch|p2b: Basculegion|Basculegion, L50, M|100/100
|turn|8
|
|t:|1757687628
|-terastallize|p2b: Basculegion|Water
|move|p2b: Basculegion|Aqua Jet|p1a: Kommo-o
|-resisted|p1a: Kommo-o
|-damage|p1a: Kommo-o|0 fnt
|faint|p1a: Kommo-o
|move|p1b: Gholdengo|Shadow Ball|p2b: Basculegion
|-damage|p2b: Basculegion|61/100
|-unboost|p2b: Basculegion|spd|1
|-damage|p1b: Gholdengo|81/100|[from] item: Life Orb
|
|upkeep
|
|t:|1757687639
|switch|p1a: Incineroar|Incineroar, L50, F, tera:Bug|47/100
|-ability|p1a: Incineroar|Intimidate|boost
|-unboost|p2b: Basculegion|atk|1
|turn|9
|
|t:|1757687645
|move|p1a: Incineroar|Fake Out|p2b: Basculegion
|-damage|p2b: Basculegion|46/100
|cant|p2b: Basculegion|flinch
|move|p1b: Gholdengo|Shadow Ball|p2b: Basculegion
|-damage|p2b: Basculegion|0 fnt
|faint|p2b: Basculegion
|-damage|p1b: Gholdengo|71/100|[from] item: Life Orb
|
|win|GetaJobApplication
|raw|GetaJobApplication's rating: 1208 → 1229(+21 for winning)
|raw|IceColdZekrom's rating: 1158 → 1137(-21 for losing)
|l|☆IceColdZekrom
|player|p2|
