|j|☆Brycens understudy
|j|☆Tickle monster vgc
|html|Brycens understudyTickle monster vgc    
|uhtml|bestof|Game 2 of a best-of-3
|t:|1755906969
|gametype|doubles
|player|p1|Brycens understudy|169|1290
|player|p2|Tickle monster vgc|hilbert|1333
|gen|9
|tier|[Gen 9] VGC 2025 Reg H (Bo3)
|rated|
|rule|Species Clause: Limit one of each Pokémon
|rule|Item Clause: Limit 1 of each item
|clearpoke
|poke|p1|Incineroar, L50, F|
|poke|p1|Rillaboom, L50, M|
|poke|p1|Farigiraf, L50, F|
|poke|p1|Ursaluna-Bloodmoon, L50, M|
|poke|p1|Clefable, L50, F|
|poke|p1|Kommo-o, L50, M|
|poke|p2|Whimsicott, L50, M|
|poke|p2|Dragapult, L50, F|
|poke|p2|Gholdengo, L50|
|poke|p2|Ursaluna-Bloodmoon, L50, M|
|poke|p2|Incineroar, L50, M|
|poke|p2|Amoonguss, L50, F|
|teampreview|4
|showteam|p1|Incineroar||SafetyGoggles|Intimidate|FakeOut,KnockOff,FlareBlitz,PartingShot|||F|||50|,,,,,Ghost]Rillaboom||AssaultVest|GrassySurge|FakeOut,WoodHammer,GrassyGlide,Uturn|||M|||50|,,,,,Fire]Farigiraf||LumBerry|ArmorTail|TrickRoom,TwinBeam,DazzlingGleam,Protect|||F|||50|,,,,,Fire]Ursaluna-Bloodmoon||LifeOrb|MindsEye|BloodMoon,HyperVoice,EarthPower,Protect|||M|||50|,,,,,Normal]Clefable||MentalHerb|Unaware|FollowMe,Moonblast,HelpingHand,Protect|||F|||50|,,,,,Water]Kommo-o||ThroatSpray|Overcoat|ClangorousSoul,ClangingScales,Flamethrower,Protect|||M|||50|,,,,,Fire
|showteam|p2|Whimsicott||CovertCloak|Prankster|Moonblast,Tailwind,HelpingHand,Encore|||M|||50|,,,,,Water]Dragapult||ChoiceBand|ClearBody|DragonDarts,Outrage,Uturn,PhantomForce|||F|||50|,,,,,Dragon]Gholdengo||ChoiceSpecs|GoodasGold|MakeItRain,DazzlingGleam,ShadowBall,Thunderbolt||||||50|,,,,,Fairy]Ursaluna-Bloodmoon||LifeOrb|MindsEye|HyperVoice,BloodMoon,EarthPower,Protect|||M|||50|,,,,,Normal]Incineroar||SafetyGoggles|Intimidate|FakeOut,KnockOff,PartingShot,FlareBlitz|||M|||50|,,,,,Ghost]Amoonguss||SitrusBerry|Regenerator|Protect,Spore,RagePowder,PollenPuff|||F|||50|,,,,,Fairy
|inactive|Battle timer is ON: inactive players will automatically lose when time's up. (requested by Tickle monster vgc)
|
|t:|1755907013
|teamsize|p1|4
|teamsize|p2|4
|start
|switch|p1a: Incineroar|Incineroar, L50, F, shiny|100/100
|switch|p1b: Farigiraf|Farigiraf, L50, F|100/100
|switch|p2a: Gholdengo|Gholdengo, L50|100/100
|switch|p2b: Incineroar|Incineroar, L50, M|100/100
|-ability|p1a: Incineroar|Intimidate|boost
|-unboost|p2a: Gholdengo|atk|1
|-unboost|p2b: Incineroar|atk|1
|-ability|p2b: Incineroar|Intimidate|boost
|-unboost|p1a: Incineroar|atk|1
|-unboost|p1b: Farigiraf|atk|1
|turn|1
|
|t:|1755907037
|move|p1b: Farigiraf|Protect|p1b: Farigiraf
|-singleturn|p1b: Farigiraf|Protect
|move|p2a: Gholdengo|Make It Rain|p1b: Farigiraf|[spread] p1a
|-activate|p1b: Farigiraf|move: Protect
|-resisted|p1a: Incineroar
|-damage|p1a: Incineroar|65/100
|-unboost|p2a: Gholdengo|spa|1
|move|p1a: Incineroar|Knock Off|p2a: Gholdengo
|-supereffective|p2a: Gholdengo
|-damage|p2a: Gholdengo|29/100
|-enditem|p2a: Gholdengo|Choice Specs|[from] move: Knock Off|[of] p1a: Incineroar
|move|p2b: Incineroar|Knock Off|p1b: Farigiraf
|-activate|p1b: Farigiraf|move: Protect
|
|upkeep
|turn|2
|inactive|Brycens understudy has 30 seconds left.
|
|t:|1755907071
|switch|p2a: Amoonguss|Amoonguss, L50, F|100/100
|switch|p1b: Rillaboom|Rillaboom, L50, M|100/100
|-fieldstart|move: Grassy Terrain|[from] ability: Grassy Surge|[of] p1b: Rillaboom
|move|p1a: Incineroar|Knock Off|p2a: Amoonguss
|-damage|p2a: Amoonguss|77/100
|-enditem|p2a: Amoonguss|Sitrus Berry|[from] move: Knock Off|[of] p1a: Incineroar
|move|p2b: Incineroar|Knock Off|p1b: Rillaboom
|-damage|p1b: Rillaboom|77/100
|-enditem|p1b: Rillaboom|Assault Vest|[from] move: Knock Off|[of] p2b: Incineroar
|
|-heal|p1b: Rillaboom|83/100|[from] Grassy Terrain
|-heal|p1a: Incineroar|71/100|[from] Grassy Terrain
|-heal|p2a: Amoonguss|83/100|[from] Grassy Terrain
|upkeep
|turn|3
|
|t:|1755907084
|-terastallize|p2b: Incineroar|Ghost
|move|p1b: Rillaboom|Fake Out|p2b: Incineroar
|-immune|p2b: Incineroar
|move|p1a: Incineroar|Flare Blitz|p2a: Amoonguss
|-supereffective|p2a: Amoonguss
|-damage|p2a: Amoonguss|25/100
|-damage|p1a: Incineroar|50/100|[from] Recoil
|move|p2b: Incineroar|Knock Off|p1a: Incineroar
|-resisted|p1a: Incineroar
|-damage|p1a: Incineroar|39/100
|-enditem|p1a: Incineroar|Safety Goggles|[from] move: Knock Off|[of] p2b: Incineroar
|move|p2a: Amoonguss|Spore|p1a: Incineroar
|-status|p1a: Incineroar|slp|[from] move: Spore
|
|-heal|p1b: Rillaboom|90/100|[from] Grassy Terrain
|-heal|p1a: Incineroar|45/100 slp|[from] Grassy Terrain
|-heal|p2a: Amoonguss|31/100|[from] Grassy Terrain
|upkeep
|turn|4
|
|t:|1755907105
|move|p1b: Rillaboom|Wood Hammer|p2b: Incineroar
|-damage|p2b: Incineroar|20/100
|-damage|p1b: Rillaboom|62/100|[from] Recoil
|cant|p1a: Incineroar|slp
|move|p2b: Incineroar|Parting Shot|p1b: Rillaboom
|-unboost|p1b: Rillaboom|atk|1
|-unboost|p1b: Rillaboom|spa|1
|
|t:|1755907114
|switch|p2b: Gholdengo|Gholdengo, L50|29/100|[from] Parting Shot
|move|p2a: Amoonguss|Pollen Puff|p2b: Gholdengo
|-heal|p2b: Gholdengo|79/100
|
|-heal|p2b: Gholdengo|85/100|[from] Grassy Terrain
|-heal|p1b: Rillaboom|68/100|[from] Grassy Terrain
|-heal|p1a: Incineroar|50/100 slp|[from] Grassy Terrain
|-heal|p2a: Amoonguss|37/100|[from] Grassy Terrain
|upkeep
|turn|5
|
|t:|1755907142
|move|p2a: Amoonguss|Protect|p2a: Amoonguss
|-singleturn|p2a: Amoonguss|Protect
|move|p2b: Gholdengo|Shadow Ball|p1b: Rillaboom
|-damage|p1b: Rillaboom|9/100
|move|p1b: Rillaboom|Wood Hammer|p2b: Gholdengo
|-resisted|p2b: Gholdengo
|-damage|p2b: Gholdengo|50/100
|-damage|p1b: Rillaboom|0 fnt|[from] Recoil
|faint|p1b: Rillaboom
|cant|p1a: Incineroar|slp
|
|-heal|p2b: Gholdengo|56/100|[from] Grassy Terrain
|-heal|p1a: Incineroar|56/100 slp|[from] Grassy Terrain
|-heal|p2a: Amoonguss|43/100|[from] Grassy Terrain
|upkeep
|
|t:|1755907160
|switch|p1b: Ursaluna|Ursaluna-Bloodmoon, L50, M|100/100
|turn|6
|inactive|Brycens understudy has 30 seconds left.
|
|t:|1755907186
|switch|p2a: Incineroar|Incineroar, L50, M, tera:Ghost|20/100
|-ability|p2a: Incineroar|Intimidate|boost
|-unboost|p1a: Incineroar|atk|1
|-unboost|p1b: Ursaluna|atk|1
|-terastallize|p1b: Ursaluna|Normal
|move|p2b: Gholdengo|Make It Rain|p1b: Ursaluna|[spread] p1a,p1b
|-resisted|p1a: Incineroar
|-crit|p1a: Incineroar
|-damage|p1a: Incineroar|22/100 slp
|-damage|p1b: Ursaluna|40/100
|-unboost|p2b: Gholdengo|spa|1
|cant|p1a: Incineroar|slp
|move|p1b: Ursaluna|Hyper Voice|p2a: Incineroar|[spread] p2a,p2b
|-resisted|p2b: Gholdengo
|-crit|p2b: Gholdengo
|-damage|p2a: Incineroar|0 fnt
|-damage|p2b: Gholdengo|0 fnt
|faint|p2a: Incineroar
|faint|p2b: Gholdengo
|-damage|p1b: Ursaluna|30/100|[from] item: Life Orb
|
|-heal|p1a: Incineroar|28/100 slp|[from] Grassy Terrain
|-heal|p1b: Ursaluna|36/100|[from] Grassy Terrain
|-fieldend|move: Grassy Terrain
|upkeep
|
|t:|1755907200
|switch|p2b: Amoonguss|Amoonguss, L50, F|76/100
|switch|p2a: Ursaluna|Ursaluna-Bloodmoon, L50, M|100/100
|turn|7
|
|t:|1755907209
|move|p1b: Ursaluna|Protect|p1b: Ursaluna
|-singleturn|p1b: Ursaluna|Protect
|move|p2b: Amoonguss|Rage Powder|p2b: Amoonguss
|-singleturn|p2b: Amoonguss|move: Rage Powder
|move|p2a: Ursaluna|Hyper Voice|p1b: Ursaluna|[spread] p1a
|-activate|p1b: Ursaluna|move: Protect
|-damage|p1a: Incineroar|0 fnt
|faint|p1a: Incineroar
|-damage|p2a: Ursaluna|91/100|[from] item: Life Orb
|
|upkeep
|
|t:|1755907211
|switch|p1a: Farigiraf|Farigiraf, L50, F|100/100
|turn|8
|
|t:|1755907227
|move|p2b: Amoonguss|Rage Powder|p2b: Amoonguss
|-singleturn|p2b: Amoonguss|move: Rage Powder
|move|p2a: Ursaluna|Hyper Voice|p1a: Farigiraf|[spread] p1a,p1b
|-damage|p1a: Farigiraf|60/100
|-damage|p1b: Ursaluna|0 fnt
|faint|p1b: Ursaluna
|-damage|p2a: Ursaluna|81/100|[from] item: Life Orb
|move|p1a: Farigiraf|Twin Beam|p2b: Amoonguss
|-supereffective|p2b: Amoonguss
|-damage|p2b: Amoonguss|48/100
|-supereffective|p2b: Amoonguss
|-damage|p2b: Amoonguss|20/100
|-hitcount|p2b: Amoonguss|2
|
|upkeep
|turn|9
|
|t:|1755907235
|move|p2a: Ursaluna|Blood Moon|p1a: Farigiraf
|-damage|p1a: Farigiraf|0 fnt
|faint|p1a: Farigiraf
|-damage|p2a: Ursaluna|71/100|[from] item: Life Orb
|
|win|Tickle monster vgc
|raw|Brycens understudy's rating: 1290 → 1268(-22 for losing)
|raw|Tickle monster vgc's rating: 1333 → 1351(+18 for winning)
