|j|☆piipyy
|j|☆rodry3
|html|piipyyrodry3    
|uhtml|bestof|Game 1 of a best-of-3
|t:|1783351745
|gametype|doubles
|player|p1|piipyy|101|1057
|player|p2|rodry3|roxie|1135
|gen|9
|tier|[Gen 9 Champions] VGC 2026 Reg M-B (Bo3)
|rated|
|rule|Species Clause: Limit one of each Pokémon
|rule|Item Clause: Limit 1 of each item
|clearpoke
|poke|p1|Rotom-Wash, L50|
|poke|p1|Steelix, L50, F|
|poke|p1|Tyranitar, L50, M|
|poke|p1|Sinistcha, L50|
|poke|p1|Sneasler, L50, M|
|poke|p1|Garchomp, L50, M|
|poke|p2|Blastoise, L50, F|
|poke|p2|Sableye, L50, M|
|poke|p2|Sneasler, L50, M|
|poke|p2|Espathra, L50, M|
|poke|p2|Archaludon, L50, M|
|poke|p2|Sinistcha, L50|
|teampreview|4
|showteam|p1|Rotom-Wash||Leftovers|Levitate|WillOWisp,FoulPlay,Reflect,Protect|Calm|||||50|]Steelix||Steelixite|RockHead|Protect,HighHorsepower,RockTomb,FireFang|Adamant||F|||50|]Tyranitar||Tyranitarite|SandStream|Protect,DragonDance,RockSlide,IcePunch|Adamant||M|||50|]Sinistcha||SitrusBerry|Hospitality|MatchaGotcha,TrickRoom,RagePowder,Imprison|Relaxed|||||50|]Sneasler||WhiteHerb|Pressure|FakeOut,Protect,CloseCombat,DireClaw|Jolly||M|||50|]Garchomp||LifeOrb|SandVeil|Protect,RockSlide,DragonClaw,FireFang|Jolly||M|||50|
|showteam|p2|Blastoise||Blastoisinite|RainDish|WaterSpout,DarkPulse,ShellSmash,FakeOut|Modest||F|||50|]Sableye||RoseliBerry|Prankster|Reflect,LightScreen,RainDance,WillOWisp|Sassy||M|||50|]Sneasler||FocusSash|Unburden|DireClaw,CloseCombat,FakeOut,Protect|Adamant||M|||50|]Espathra||SitrusBerry|SpeedBoost|LuminaCrash,CalmMind,BatonPass,Protect|Timid||M|||50|]Archaludon||Leftovers|Stamina|Protect,ElectroShot,DragonPulse,FlashCannon|Modest||M|||50|]Sinistcha||KasibBerry|Hospitality|MatchaGotcha,LifeDew,RagePowder,PsychUp|Bold|||||50|
|inactive|Battle timer is ON: inactive players will automatically lose when time's up. (requested by rodry3)
|inactive|piipyy also wants the timer to be on.
|inactive|piipyy has 60 seconds left.
|inactive|rodry3 has 60 seconds left.
|
|t:|1783351798
|teamsize|p1|4
|teamsize|p2|4
|start
|switch|p1a: Tyranitar|Tyranitar, L50, M|100/100
|switch|p1b: Steelix|Steelix, L50, F|100/100
|switch|p2a: Espathra|Espathra, L50, M|100/100
|switch|p2b: Sneasler|Sneasler, L50, M|100/100
|-weather|Sandstorm|[from] ability: Sand Stream|[of] p1a: Tyranitar
|turn|1
|inactive|piipyy has 30 seconds left.
|inactive|piipyy has 20 seconds left.
|
|t:|1783351837
|detailschange|p1b: Steelix|Steelix-Mega, L50, F
|-mega|p1b: Steelix|Steelix|Steelixite
|move|p1a: Tyranitar|Protect|p1a: Tyranitar
|-singleturn|p1a: Tyranitar|Protect
|move|p2b: Sneasler|Fake Out|p1a: Tyranitar
|-activate|p1a: Tyranitar|move: Protect
|move|p2a: Espathra|Calm Mind|p2a: Espathra
|-boost|p2a: Espathra|spa|1
|-boost|p2a: Espathra|spd|1
|move|p1b: Steelix|High Horsepower|p2b: Sneasler
|-supereffective|p2b: Sneasler|1
|-enditem|p2b: Sneasler|Focus Sash
|-damage|p2b: Sneasler|1/100
|
|-weather|Sandstorm|[upkeep]
|-damage|p2b: Sneasler|0 fnt|[from] Sandstorm
|-damage|p2a: Espathra|94/100|[from] Sandstorm
|faint|p2b: Sneasler
|-ability|p2a: Espathra|Speed Boost|boost
|-boost|p2a: Espathra|spe|1
|upkeep
|
|t:|1783351855
|switch|p2b: Sinistcha|Sinistcha, L50|100/100
|-heal|p2a: Espathra|100/100|[from] ability: Hospitality|[of] p2b: Sinistcha
|turn|2
|inactive|rodry3 has 30 seconds left.
|
|t:|1783351889
|move|p2a: Espathra|Baton Pass|p2a: Espathra
|
|t:|1783351892
|switch|p2a: Blastoise|Blastoise, L50, F|100/100|[from] Baton Pass
|move|p1a: Tyranitar|Dragon Dance|p1a: Tyranitar
|-boost|p1a: Tyranitar|atk|1
|-boost|p1a: Tyranitar|spe|1
|move|p2b: Sinistcha|Life Dew||[still]|[still]|[spread] 
|-fail|p2a: Blastoise|heal
|-fail|p2b: Sinistcha|heal
|move|p1b: Steelix|Fire Fang|p2b: Sinistcha
|-supereffective|p2b: Sinistcha|1
|-damage|p2b: Sinistcha|59/100
|
|-weather|Sandstorm|[upkeep]
|-damage|p2a: Blastoise|94/100|[from] Sandstorm
|-damage|p2b: Sinistcha|53/100|[from] Sandstorm
|upkeep
|turn|3
|inactive|piipyy has 30 seconds left.
|inactive|piipyy has 20 seconds left.
|
|t:|1783351928
|detailschange|p2a: Blastoise|Blastoise-Mega, L50, F
|-mega|p2a: Blastoise|Blastoise|Blastoisinite
|move|p2a: Blastoise|Water Spout|p1b: Steelix|[spread] p1a,p1b
|-supereffective|p1a: Tyranitar|1
|-supereffective|p1b: Steelix|1
|-damage|p1a: Tyranitar|0 fnt
|-damage|p1b: Steelix|0 fnt
|faint|p1a: Tyranitar
|faint|p1b: Steelix
|move|p2b: Sinistcha|Psych Up|p2a: Blastoise
|-copyboost|p2b: Sinistcha|p2a: Blastoise|[from] move: Psych Up
|
|-weather|Sandstorm|[upkeep]
|-damage|p2a: Blastoise|88/100|[from] Sandstorm
|-damage|p2b: Sinistcha|47/100|[from] Sandstorm
|upkeep
|
|t:|1783351943
|switch|p1a: Sneasler|Sneasler, L50, M|100/100
|switch|p1b: Sinistcha|Sinistcha, L50|100/100
|-ability|p1a: Sneasler|Pressure
|turn|4
|inactive|rodry3 has 30 seconds left.
|
|t:|1783351971
|move|p1a: Sneasler|Fake Out|p2a: Blastoise
|-damage|p2a: Blastoise|73/100
|cant|p2a: Blastoise|flinch
|move|p2b: Sinistcha|Life Dew|p2b: Sinistcha|[spread] p2a,p2b
|-heal|p2a: Blastoise|98/100
|-heal|p2b: Sinistcha|72/100
|move|p1b: Sinistcha|Matcha Gotcha|p2b: Sinistcha|[spread] p2a,p2b
|-supereffective|p2a: Blastoise|1
|-resisted|p2b: Sinistcha|1
|-damage|p2a: Blastoise|62/100
|-damage|p2b: Sinistcha|64/100
|-status|p2a: Blastoise|brn
|
|-weather|Sandstorm|[upkeep]
|-damage|p2a: Blastoise|57/100 brn|[from] Sandstorm
|-damage|p1a: Sneasler|94/100|[from] Sandstorm
|-damage|p2b: Sinistcha|58/100|[from] Sandstorm
|-damage|p1b: Sinistcha|93/100|[from] Sandstorm
|-damage|p2a: Blastoise|51/100 brn|[from] brn
|upkeep
|turn|5
|
|t:|1783351995
|move|p1b: Sinistcha|Rage Powder|p1b: Sinistcha
|-singleturn|p1b: Sinistcha|move: Rage Powder
|move|p2a: Blastoise|Water Spout|p1b: Sinistcha|[spread] p1a,p1b
|-resisted|p1b: Sinistcha|1
|-damage|p1a: Sneasler|31/100
|-damage|p1b: Sinistcha|65/100
|move|p1a: Sneasler|Close Combat|p2a: Blastoise
|-damage|p2a: Blastoise|0 fnt
|-unboost|p1a: Sneasler|def|1
|-unboost|p1a: Sneasler|spd|1
|faint|p2a: Blastoise
|-enditem|p1a: Sneasler|White Herb
|-clearnegativeboost|p1a: Sneasler|[silent]
|move|p2b: Sinistcha|Life Dew|p2b: Sinistcha
|-heal|p2b: Sinistcha|83/100
|
|-weather|none
|upkeep
|
|t:|1783352001
|switch|p2a: Espathra|Espathra, L50, M|100/100
|turn|6
|
|t:|1783352024
|move|p1a: Sneasler|Protect|p1a: Sneasler
|-singleturn|p1a: Sneasler|Protect
|move|p2a: Espathra|Lumina Crash|p1a: Sneasler
|-activate|p1a: Sneasler|move: Protect
|move|p2b: Sinistcha|Matcha Gotcha|p1b: Sinistcha|[spread] p1b
|-activate|p1a: Sneasler|move: Protect
|-resisted|p1b: Sinistcha|1
|-damage|p1b: Sinistcha|44/100
|-heal|p2b: Sinistcha|94/100|[from] drain|[of] p1b: Sinistcha
|-enditem|p1b: Sinistcha|Sitrus Berry|[eat]
|-heal|p1b: Sinistcha|69/100|[from] item: Sitrus Berry
|move|p1b: Sinistcha|Matcha Gotcha|p2a: Espathra|[spread] p2a,p2b
|-resisted|p2b: Sinistcha|1
|-damage|p2a: Espathra|73/100
|-heal|p1b: Sinistcha|84/100|[from] drain|[of] p2a: Espathra
|-damage|p2b: Sinistcha|87/100
|-heal|p1b: Sinistcha|88/100|[from] drain|[of] p2b: Sinistcha
|-status|p2a: Espathra|brn
|
|-damage|p2a: Espathra|67/100 brn|[from] brn
|-ability|p2a: Espathra|Speed Boost|boost
|-boost|p2a: Espathra|spe|1
|upkeep
|turn|7
|inactive|piipyy has 30 seconds left.
|
|t:|1783352058
|move|p2a: Espathra|Lumina Crash|p1a: Sneasler
|-supereffective|p1a: Sneasler|2
|-damage|p1a: Sneasler|0 fnt
|faint|p1a: Sneasler
|move|p2b: Sinistcha|Matcha Gotcha|p1b: Sinistcha
|-resisted|p1b: Sinistcha|1
|-damage|p1b: Sinistcha|61/100
|-heal|p2b: Sinistcha|100/100|[from] drain|[of] p1b: Sinistcha
|-status|p1b: Sinistcha|brn
|move|p1b: Sinistcha|Matcha Gotcha|p2b: Sinistcha|[spread] p2a,p2b
|-resisted|p2b: Sinistcha|1
|-damage|p2a: Espathra|37/100 brn
|-heal|p1b: Sinistcha|78/100 brn|[from] drain|[of] p2a: Espathra
|-damage|p2b: Sinistcha|91/100
|-heal|p1b: Sinistcha|82/100 brn|[from] drain|[of] p2b: Sinistcha
|-enditem|p2a: Espathra|Sitrus Berry|[eat]
|-heal|p2a: Espathra|62/100 brn|[from] item: Sitrus Berry
|
|-damage|p2a: Espathra|56/100 brn|[from] brn
|-damage|p1b: Sinistcha|76/100 brn|[from] brn
|-ability|p2a: Espathra|Speed Boost|boost
|-boost|p2a: Espathra|spe|1
|upkeep
|turn|8
|inactive|piipyy has 30 seconds left.
|
|t:|1783352086
|move|p2a: Espathra|Lumina Crash|p1b: Sinistcha
|-damage|p1b: Sinistcha|43/100 brn
|-unboost|p1b: Sinistcha|spd|2
|move|p2b: Sinistcha|Matcha Gotcha|p1b: Sinistcha
|-resisted|p1b: Sinistcha|1
|-damage|p1b: Sinistcha|0 fnt
|-heal|p2b: Sinistcha|100/100|[from] drain|[of] p1b: Sinistcha
|faint|p1b: Sinistcha
|
|win|rodry3
|inactive|piipyy has 30 seconds to confirm battle start!
|inactive|rodry3 has 30 seconds to confirm battle start!
||rodry3 is ready for game 2.
|l|☆piipyy
|player|p1|
|inactive|piipyy has 20 seconds to confirm battle start!
|inactive|piipyy has 10 seconds to confirm battle start!
|uhtml|next|Next: Game 2 of 3
