|j|☆Aeon_Twins
|j|☆parmesanlugubre206
|html|Aeon_Twinsparmesanlugubre206    
|uhtml|bestof|Game 2 of a best-of-3
|t:|1783027232
|gametype|doubles
|player|p1|Aeon_Twins|n|1319
|player|p2|parmesanlugubre206|ethan|1248
|gen|9
|tier|[Gen 9 Champions] VGC 2026 Reg M-B (Bo3)
|rated|
|rule|Species Clause: Limit one of each Pokémon
|rule|Item Clause: Limit 1 of each item
|clearpoke
|poke|p1|Raichu, L50, M|
|poke|p1|Sinistcha, L50|
|poke|p1|Ceruledge, L50, F|
|poke|p1|Milotic, L50, M|
|poke|p1|Incineroar, L50, F|
|poke|p1|Gardevoir, L50, F|
|poke|p2|Raichu, L50, F|
|poke|p2|Aerodactyl, L50, M|
|poke|p2|Gholdengo, L50|
|poke|p2|Tauros-Paldea-Aqua, L50, M|
|poke|p2|Sinistcha, L50|
|poke|p2|Arcanine-Hisui, L50, F|
|teampreview|4
|showteam|p1|Raichu||RaichuniteY|LightningRod|ZapCannon,FocusBlast,FakeOut,Protect|Timid||M|||50|]Sinistcha||KasibBerry|Hospitality|MatchaGotcha,LifeDew,RagePowder,Protect|Relaxed|||||50|]Ceruledge||ColburBerry|FlashFire|BitterBlade,ShadowSneak,BulkUp,Protect|Adamant||F|||50|]Milotic||Leftovers|Competitive|MuddyWater,Coil,Hypnosis,Protect|Calm||M|||50|]Incineroar||SitrusBerry|Intimidate|FlareBlitz,ThroatChop,FakeOut,PartingShot|Impish||F|||50|]Gardevoir||Gardevoirite|Synchronize|HyperVoice,Psyshock,CalmMind,Protect|Timid||F|||50|
|showteam|p2|Raichu||RaichuniteY|LightningRod|ZapCannon,FocusBlast,Substitute,Protect|Timid||F|||50|]Aerodactyl||Aerodactylite|Unnerve|RockSlide,IceFang,Tailwind,Protect|Jolly||M|||50|]Gholdengo||ChoiceScarf|GoodasGold|MakeItRain,FlashCannon,Hex,Trick|Modest|||||50|]Tauros-Paldea-Aqua||WhiteHerb|Intimidate|RagingBull,CloseCombat,AquaJet,Protect|Adamant||M|||50|]Sinistcha||Leftovers|Hospitality|MatchaGotcha,Hex,RagePowder,Protect|Modest|||||50|]Arcanine-Hisui||FocusSash|RockHead|RockSlide,FlareBlitz,ExtremeSpeed,Protect|Adamant||F|||50|
|inactive|Battle timer is ON: inactive players will automatically lose when time's up. (requested by parmesanlugubre206)
|
|t:|1783027262
|teamsize|p1|4
|teamsize|p2|4
|start
|switch|p1a: Milotic|Milotic, L50, M|100/100
|switch|p1b: Incineroar|Incineroar, L50, F|100/100
|switch|p2a: Sinistcha|Sinistcha, L50|100/100
|switch|p2b: Raichu|Raichu, L50, F|100/100
|-ability|p1b: Incineroar|Intimidate|boost
|-unboost|p2a: Sinistcha|atk|1
|-unboost|p2b: Raichu|atk|1
|turn|1
|
|t:|1783027271
|detailschange|p2b: Raichu|Raichu-Mega-Y, L50, F
|-mega|p2b: Raichu|Raichu|Raichunite Y
|move|p1a: Milotic|Protect|p1a: Milotic
|-singleturn|p1a: Milotic|Protect
|move|p2b: Raichu|Focus Blast|p1b: Incineroar
|-supereffective|p1b: Incineroar|1
|-damage|p1b: Incineroar|10/100
|-enditem|p1b: Incineroar|Sitrus Berry|[eat]
|-heal|p1b: Incineroar|35/100|[from] item: Sitrus Berry
|move|p2a: Sinistcha|Matcha Gotcha|p1a: Milotic|[spread] p1b
|-activate|p1a: Milotic|move: Protect
|-resisted|p1b: Incineroar|1
|-damage|p1b: Incineroar|22/100
|move|p1b: Incineroar|Parting Shot|p2b: Raichu
|-unboost|p2b: Raichu|atk|1
|-unboost|p2b: Raichu|spa|1
|
|t:|1783027282
|switch|p1b: Raichu|Raichu, L50, M|100/100|[from] Parting Shot
|
|upkeep
|turn|2
|
|t:|1783027299
|move|p1b: Raichu|Fake Out|p2b: Raichu
|-damage|p2b: Raichu|82/100
|cant|p2b: Raichu|flinch
|move|p1a: Milotic|Coil|p1a: Milotic
|-boost|p1a: Milotic|atk|1
|-boost|p1a: Milotic|def|1
|-boost|p1a: Milotic|accuracy|1
|move|p2a: Sinistcha|Matcha Gotcha|p1a: Milotic|[spread] p1a
|-miss|p2a: Sinistcha|p1b: Raichu
|-supereffective|p1a: Milotic|1
|-damage|p1a: Milotic|64/100
|
|-heal|p1a: Milotic|70/100|[from] item: Leftovers
|upkeep
|turn|3
|
|t:|1783027317
|detailschange|p1b: Raichu|Raichu-Mega-Y, L50, M
|-mega|p1b: Raichu|Raichu|Raichunite Y
|move|p2b: Raichu|Focus Blast|p1a: Milotic
|-damage|p1a: Milotic|50/100g
|move|p1b: Raichu|Focus Blast|p2b: Raichu
|-damage|p2b: Raichu|22/100
|move|p1a: Milotic|Hypnosis|p2a: Sinistcha
|-status|p2a: Sinistcha|slp|[from] move: Hypnosis
|cant|p2a: Sinistcha|slp
|
|-heal|p1a: Milotic|56/100|[from] item: Leftovers
|upkeep
|turn|4
|
|t:|1783027330
|switch|p1b: Sinistcha|Sinistcha, L50|100/100
|-heal|p1a: Milotic|81/100|[from] ability: Hospitality|[of] p1b: Sinistcha
|cant|p2a: Sinistcha|slp
|move|p2b: Raichu|Zap Cannon|p1a: Milotic
|-supereffective|p1a: Milotic|1
|-damage|p1a: Milotic|17/100
|-status|p1a: Milotic|par
|move|p1a: Milotic|Muddy Water|p2b: Raichu|[spread] p2a,p2b
|-resisted|p2a: Sinistcha|1
|-damage|p2a: Sinistcha|87/100 slp
|-damage|p2b: Raichu|0 fnt
|faint|p2b: Raichu
|
|-heal|p2a: Sinistcha|93/100 slp|[from] item: Leftovers
|-heal|p1a: Milotic|23/100 par|[from] item: Leftovers
|upkeep
|
|t:|1783027334
|switch|p2b: Gholdengo|Gholdengo, L50|100/100
|turn|5
|
|t:|1783027346
|switch|p1b: Incineroar|Incineroar, L50, F|22/100
|-ability|p1b: Incineroar|Intimidate|boost
|-unboost|p2a: Sinistcha|atk|1
|-unboost|p2b: Gholdengo|atk|1
|move|p2b: Gholdengo|Hex|p1b: Incineroar
|-resisted|p1b: Incineroar|1
|-damage|p1b: Incineroar|3/100
|-curestatus|p2a: Sinistcha|slp|[msg]
|move|p2a: Sinistcha|Hex|p1b: Incineroar
|-resisted|p1b: Incineroar|1
|-damage|p1b: Incineroar|0 fnt
|faint|p1b: Incineroar
|move|p1a: Milotic|Muddy Water|p2a: Sinistcha|[spread] p2a,p2b
|-resisted|p2a: Sinistcha|1
|-damage|p2a: Sinistcha|82/100
|-damage|p2b: Gholdengo|71/100
|-unboost|p2a: Sinistcha|accuracy|1
|
|-heal|p2a: Sinistcha|88/100|[from] item: Leftovers
|-heal|p1a: Milotic|29/100 par|[from] item: Leftovers
|upkeep
|
|t:|1783027365
|switch|p1b: Raichu|Raichu-Mega-Y, L50, M|100/100
|turn|6
|
|t:|1783027375
|switch|p1a: Sinistcha|Sinistcha, L50|100/100
|move|p2a: Sinistcha|Rage Powder|p2a: Sinistcha
|-singleturn|p2a: Sinistcha|move: Rage Powder
|move|p2b: Gholdengo|Hex|p1a: Sinistcha
|-supereffective|p1a: Sinistcha|1
|-enditem|p1a: Sinistcha|Kasib Berry|[eat]
|-enditem|p1a: Sinistcha|Kasib Berry|[weaken]
|-damage|p1a: Sinistcha|62/100
|move|p1b: Raichu|Zap Cannon|p2a: Sinistcha
|-resisted|p2a: Sinistcha|1
|-damage|p2a: Sinistcha|55/100
|-status|p2a: Sinistcha|par
|
|-heal|p2a: Sinistcha|61/100 par|[from] item: Leftovers
|upkeep
|turn|7
|
|t:|1783027389
|move|p1a: Sinistcha|Protect|p1a: Sinistcha
|-singleturn|p1a: Sinistcha|Protect
|move|p2b: Gholdengo|Hex|p1b: Raichu
|-damage|p1b: Raichu|50/100g
|move|p1b: Raichu|Zap Cannon|p2b: Gholdengo
|-crit|p2b: Gholdengo
|-damage|p2b: Gholdengo|0 fnt
|faint|p2b: Gholdengo
|move|p2a: Sinistcha|Matcha Gotcha|p1a: Sinistcha|[spread] p1b
|-activate|p1a: Sinistcha|move: Protect
|-damage|p1b: Raichu|11/100
|-heal|p2a: Sinistcha|80/100 par|[from] drain|[of] p1b: Raichu
|
|-heal|p2a: Sinistcha|86/100 par|[from] item: Leftovers
|upkeep
|
|t:|1783027394
|switch|p2b: Arcanine|Arcanine-Hisui, L50, F|100/100
|turn|8
|inactive|Aeon_Twins has 30 seconds left.
|inactive|Aeon_Twins has 20 seconds left.
|inactive|Aeon_Twins has 15 seconds left.
|inactive|Aeon_Twins has 10 seconds left.
|inactive|Aeon_Twins has 5 seconds left.
|
|t:|1783027449
|move|p2a: Sinistcha|Rage Powder|p2a: Sinistcha
|-singleturn|p2a: Sinistcha|move: Rage Powder
|move|p1b: Raichu|Zap Cannon|p2a: Sinistcha
|-resisted|p2a: Sinistcha|1
|-damage|p2a: Sinistcha|55/100 par
|move|p2b: Arcanine|Flare Blitz|p1a: Sinistcha
|-supereffective|p1a: Sinistcha|1
|-damage|p1a: Sinistcha|0 fnt
|faint|p1a: Sinistcha
|
|-heal|p2a: Sinistcha|61/100 par|[from] item: Leftovers
|upkeep
|
|t:|1783027458
|switch|p1a: Milotic|Milotic, L50, M|29/100 par
|turn|9
|
|t:|1783027475
|move|p2b: Arcanine|Extreme Speed|p1b: Raichu
|-damage|p1b: Raichu|0 fnt
|faint|p1b: Raichu
|move|p1a: Milotic|Muddy Water|p2b: Arcanine|[spread] p2a,p2b
|-resisted|p2a: Sinistcha|1
|-supereffective|p2b: Arcanine|2
|-damage|p2a: Sinistcha|48/100 par
|-enditem|p2b: Arcanine|Focus Sash
|-damage|p2b: Arcanine|1/100
|move|p2a: Sinistcha|Matcha Gotcha|p1a: Milotic
|-supereffective|p1a: Milotic|1
|-damage|p1a: Milotic|0 fnt
|-heal|p2a: Sinistcha|66/100 par|[from] drain|[of] p1a: Milotic
|faint|p1a: Milotic
|
|win|parmesanlugubre206
