|j|☆zachlobbed
|j|☆Hawkc10ie
|html|zachlobbedHawkc10ie    
|uhtml|bestof|Game 1 of a best-of-3
|t:|1784485227
|gametype|doubles
|player|p1|zachlobbed|brock|1123
|player|p2|Hawkc10ie|101|1214
|gen|9
|tier|[Gen 9 Champions] VGC 2026 Reg M-B (Bo3)
|rated|
|rule|Species Clause: Limit one of each Pokémon
|rule|Item Clause: Limit 1 of each item
|clearpoke
|poke|p1|Charizard, L50, M|
|poke|p1|Floette-Eternal, L50, F|
|poke|p1|Whimsicott, L50, M|
|poke|p1|Garchomp, L50, M|
|poke|p1|Basculegion, L50, M|
|poke|p1|Kingambit, L50, M|
|poke|p2|Sinistcha, L50|
|poke|p2|Rotom-Wash, L50|
|poke|p2|Camerupt, L50, F|
|poke|p2|Ampharos, L50, M|
|poke|p2|Tinkaton, L50, F|
|poke|p2|Farigiraf, L50, F|
|teampreview|4
|showteam|p1|Charizard||CharizarditeY|Blaze|Protect,HeatWave,SolarBeam,WeatherBall|Modest||M|||50|]Floette-Eternal||Floettite|FlowerVeil|Protect,LightofRuin,Moonblast,DazzlingGleam|Timid||F|||50|]Whimsicott||FocusSash|Prankster|Protect,Tailwind,Moonblast,Encore|Timid||M|||50|]Garchomp||LifeOrb|RoughSkin|Protect,DragonClaw,Earthquake,RockSlide|Jolly||M|||50|]Basculegion||MysticWater|Adaptability|Protect,AquaJet,WaveCrash,LastRespects|Adamant||M|||50|]Kingambit||BlackGlasses|Defiant|Protect,LowKick,SuckerPunch,KowtowCleave|Adamant||M|||50|
|showteam|p2|Sinistcha||CobaBerry|Hospitality|StrengthSap,TrickRoom,MatchaGotcha,RagePowder|Bold|||||50|]Rotom-Wash||LifeOrb|Levitate|Thunderbolt,HydroPump,WillOWisp,LightScreen|Bold|||||50|]Camerupt||Cameruptite|MagmaArmor|Eruption,HeatWave,EarthPower,AncientPower|Quiet||F|||50|]Ampharos||Ampharosite|Static|Protect,Thunderbolt,DragonPulse,FocusBlast|Modest||M|||50|]Tinkaton||FocusSash|MoldBreaker|FakeOut,GigatonHammer,RockSlide,PlayRough|Brave||F|||50|]Farigiraf||ColburBerry|ArmorTail|TrickRoom,TwinBeam,HelpingHand,FoulPlay|Modest||F|||50|
|inactive|Battle timer is ON: inactive players will automatically lose when time's up. (requested by zachlobbed)
|inactive|Hawkc10ie has 60 seconds left.
|
|t:|1784485277
|teamsize|p1|4
|teamsize|p2|4
|start
|switch|p1a: Basculegion|Basculegion, L50, M|100/100
|switch|p1b: Kingambit|Kingambit, L50, M|100/100
|switch|p2a: Tinkaton|Tinkaton, L50, F|100/100
|switch|p2b: Farigiraf|Farigiraf, L50, F|100/100
|-ability|p2a: Tinkaton|Mold Breaker
|turn|1
|
|t:|1784485295
|move|p2a: Tinkaton|Fake Out|p1b: Kingambit
|-resisted|p1b: Kingambit|1
|-damage|p1b: Kingambit|96/100
|move|p1a: Basculegion|Wave Crash|p2b: Farigiraf
|-damage|p2b: Farigiraf|10/100
|-damage|p1a: Basculegion|66/100|[from] Recoil
|cant|p1b: Kingambit|flinch
|move|p2b: Farigiraf|Trick Room|p2b: Farigiraf
|-fieldstart|move: Trick Room|[of] p2b: Farigiraf
|
|upkeep
|turn|2
|inactive|Hawkc10ie has 30 seconds left.
|
|t:|1784485329
|move|p1a: Basculegion|Protect|p1a: Basculegion
|-singleturn|p1a: Basculegion|Protect
|move|p1b: Kingambit|Kowtow Cleave|p2b: Farigiraf
|-supereffective|p2b: Farigiraf|1
|-enditem|p2b: Farigiraf|Colbur Berry|[eat]
|-enditem|p2b: Farigiraf|Colbur Berry|[weaken]
|-damage|p2b: Farigiraf|0 fnt
|faint|p2b: Farigiraf
|move|p2a: Tinkaton|Play Rough|p1b: Kingambit
|-damage|p1b: Kingambit|68/100
|
|upkeep
|
|t:|1784485341
|switch|p2b: Rotom|Rotom-Wash, L50|100/100
|turn|3
|
|t:|1784485358
|move|p1b: Kingambit|Sucker Punch|p2b: Rotom
|-damage|p2b: Rotom|48/100
|move|p2a: Tinkaton|Play Rough|p1b: Kingambit
|-damage|p1b: Kingambit|41/100
|move|p2b: Rotom|Thunderbolt|p1a: Basculegion
|-supereffective|p1a: Basculegion|1
|-damage|p1a: Basculegion|0 fnt
|faint|p1a: Basculegion
|-damage|p2b: Rotom|38/100|[from] item: Life Orb
|
|upkeep
|
|t:|1784485365
|switch|p1a: Floette|Floette-Eternal, L50, F|100/100
|turn|4
|
|t:|1784485377
|move|p1a: Floette|Protect|p1a: Floette
|-singleturn|p1a: Floette|Protect
|move|p1b: Kingambit|Kowtow Cleave|p2b: Rotom
|-damage|p2b: Rotom|0 fnt
|faint|p2b: Rotom
|move|p2a: Tinkaton|Gigaton Hammer|p1a: Floette
|-activate|p1a: Floette|move: Protect
|
|upkeep
|
|t:|1784485380
|switch|p2b: Camerupt|Camerupt, L50, F|100/100
|turn|5
|inactive|zachlobbed has 30 seconds left.
|
|t:|1784485411
|detailschange|p2b: Camerupt|Camerupt-Mega, L50, F
|-mega|p2b: Camerupt|Camerupt|Cameruptite
|detailschange|p1a: Floette|Floette-Mega, L50, F
|-mega|p1a: Floette|Floette|Floettite
|-ability|p1a: Floette|Fairy Aura
|move|p1b: Kingambit|Sucker Punch|p2b: Camerupt
|-damage|p2b: Camerupt|50/100g
|move|p2b: Camerupt|Heat Wave|p1b: Kingambit|[spread] p1a,p1b
|-supereffective|p1b: Kingambit|1
|-damage|p1a: Floette|57/100
|-damage|p1b: Kingambit|0 fnt
|faint|p1b: Kingambit
|move|p2a: Tinkaton|Rock Slide|p1a: Floette
|-damage|p1a: Floette|33/100
|move|p1a: Floette|Dazzling Gleam|p2a: Tinkaton|[spread] p2a,p2b
|-resisted|p2a: Tinkaton|1
|-resisted|p2b: Camerupt|1
|-damage|p2a: Tinkaton|78/100
|-damage|p2b: Camerupt|29/100
|
|-fieldend|move: Trick Room
|upkeep
|
|t:|1784485413
|switch|p1b: Charizard|Charizard, L50, M|100/100
|turn|6
|inactive|Hawkc10ie has 30 seconds left.
|inactive|Hawkc10ie has 20 seconds left.
|inactive|Hawkc10ie has 15 seconds left.
|inactive|Hawkc10ie has 10 seconds left.
|inactive|Hawkc10ie has 5 seconds left.
|
|t:|1784485464
|move|p1a: Floette|Moonblast|p2b: Camerupt
|-resisted|p2b: Camerupt|1
|-damage|p2b: Camerupt|0 fnt
|faint|p2b: Camerupt
|move|p1b: Charizard|Heat Wave|p2a: Tinkaton|[miss]
|-miss|p1b: Charizard|p2a: Tinkaton
|move|p2a: Tinkaton|Rock Slide|p1b: Charizard|[spread] p1a
|-miss|p2a: Tinkaton|p1b: Charizard
|-damage|p1a: Floette|13/100
|
|upkeep
|turn|7
|
|t:|1784485477
|move|p1a: Floette|Moonblast|p2a: Tinkaton
|-resisted|p2a: Tinkaton|1
|-damage|p2a: Tinkaton|45/100
|move|p1b: Charizard|Heat Wave|p2a: Tinkaton
|-supereffective|p2a: Tinkaton|1
|-damage|p2a: Tinkaton|0 fnt
|faint|p2a: Tinkaton
|
|win|zachlobbed
