|j|☆wafflesniffer3000
|j|☆mauryof
|html|wafflesniffer3000mauryof    
|uhtml|bestof|Game 2 of a best-of-3
|t:|1757923329
|gametype|doubles
|player|p1|wafflesniffer3000|169|1014
|player|p2|mauryof|clerk|1065
|gen|9
|tier|[Gen 9] VGC 2025 Reg H (Bo3)
|rated|
|rule|Species Clause: Limit one of each Pokémon
|rule|Item Clause: Limit 1 of each item
|clearpoke
|poke|p1|Whimsicott, L50, M|
|poke|p1|Typhlosion-Hisui, L50, M|
|poke|p1|Dachsbun, L50, M|
|poke|p1|Ursaluna-Bloodmoon, L50, M|
|poke|p1|Rillaboom, L50, M|
|poke|p1|Charizard, L50, M|
|poke|p2|Gastrodon-East, L50, F|
|poke|p2|Torkoal, L50, F|
|poke|p2|Indeedee-F, L50, F|
|poke|p2|Exeggutor, L50, F|
|poke|p2|Sunflora, L50, M|
|poke|p2|Annihilape, L50, F|
|teampreview|4
|showteam|p1|Whimsicott||FocusSash|Prankster|Tailwind,SunnyDay,DazzlingGleam,Charm|||M|||50|,,,,,Ghost]Typhlosion-Hisui||ChoiceScarf|Blaze|Eruption,LavaPlume,ShadowBall,Flamethrower|||M|||50|,,,,,Dark]Dachsbun||RockyHelmet|WellBakedBody|BodyPress,Copycat,Protect,Wish|||M|||50|,,,,,Fighting]Ursaluna-Bloodmoon||ThroatSpray|MindsEye|Protect,BloodMoon,HyperVoice,EarthPower|||M|||50|,,,,,Fighting]Rillaboom||LifeOrb|GrassySurge|FakeOut,SolarBlade,GrassyGlide,LowKick|||M|||50|,,,,,Rock]Charizard||WideLens|SolarPower|FireBlast,HeatWave,SolarBeam,Protect|||M|||50|,,,,,Grass
|showteam|p2|Gastrodon-East||SitrusBerry|StormDrain|Protect,Recover,EarthPower,IceBeam|||F|||50|,,,,,Ground]Torkoal||EjectPack|Drought|Overheat,Protect,Eruption,HelpingHand|||F|||50|,,,,,Fire]Indeedee-F||SafetyGoggles|PsychicSurge|FollowMe,HelpingHand,Psychic,TrickRoom|||F|||50|,,,,,Fairy]Exeggutor||LifeOrb|Chlorophyll|ExpandingForce,TrickRoom,GigaDrain,Protect|||F|||50|,,,,,Psychic]Sunflora||ChoiceSpecs|SolarPower|DazzlingGleam,SolarBeam,WeatherBall,EarthPower|||M|||50|,,,,,Fairy]Annihilape||ChoiceScarf|Defiant|FinalGambit,Uturn,PhantomForce,CloseCombat|||F|||50|,,,,,Grass
|inactive|Battle timer is ON: inactive players will automatically lose when time's up. (requested by mauryof)
|
|t:|1757923347
|teamsize|p1|4
|teamsize|p2|4
|start
|switch|p1a: Whimsicott|Whimsicott, L50, M|100/100
|switch|p1b: Typhlosion|Typhlosion-Hisui, L50, M|100/100
|switch|p2a: Indeedee|Indeedee-F, L50, F|100/100
|switch|p2b: Exeggutor|Exeggutor, L50, F|100/100
|-fieldstart|move: Psychic Terrain|[from] ability: Psychic Surge|[of] p2a: Indeedee
|turn|1
|
|t:|1757923371
|move|p1a: Whimsicott|Sunny Day|p1a: Whimsicott
|-weather|SunnyDay
|move|p1b: Typhlosion|Eruption|p2a: Indeedee|[spread] p2a,p2b
|-supereffective|p2b: Exeggutor
|-damage|p2a: Indeedee|17/100
|-damage|p2b: Exeggutor|0 fnt
|faint|p2b: Exeggutor
|move|p2a: Indeedee|Trick Room|p2a: Indeedee
|-fieldstart|move: Trick Room|[of] p2a: Indeedee
|
|-weather|SunnyDay|[upkeep]
|upkeep
|
|t:|1757923380
|switch|p2b: Torkoal|Torkoal, L50, F|100/100
|turn|2
|
|t:|1757923404
|switch|p1a: Dachsbun|Dachsbun, L50, M|100/100
|-terastallize|p2b: Torkoal|Fire
|move|p2b: Torkoal|Eruption|p1a: Dachsbun|[spread] p1b
|-ability|p1a: Dachsbun|Well-Baked Body|boost
|-boost|p1a: Dachsbun|def|2
|-resisted|p1b: Typhlosion
|-damage|p1b: Typhlosion|31/100
|move|p2a: Indeedee|Psychic|p1b: Typhlosion
|-damage|p1b: Typhlosion|0 fnt
|faint|p1b: Typhlosion
|
|-weather|SunnyDay|[upkeep]
|upkeep
|
|t:|1757923420
|switch|p1b: Whimsicott|Whimsicott, L50, M|100/100
|turn|3
|inactive|wafflesniffer3000 has 30 seconds left.
|
|t:|1757923454
|move|p2b: Torkoal|Overheat|p1b: Whimsicott
|-supereffective|p1b: Whimsicott
|-enditem|p1b: Whimsicott|Focus Sash
|-damage|p1b: Whimsicott|1/100
|-unboost|p2b: Torkoal|spa|2
|-enditem|p2b: Torkoal|Eject Pack
|
|t:|1757923462
|switch|p2b: Sunflora|Sunflora, L50, M|100/100
|move|p2a: Indeedee|Psychic|p1b: Whimsicott
|-damage|p1b: Whimsicott|0 fnt
|faint|p1b: Whimsicott
|move|p1a: Dachsbun|Body Press|p2a: Indeedee
|-damage|p2a: Indeedee|0 fnt
|faint|p2a: Indeedee
|
|-weather|SunnyDay|[upkeep]
|-damage|p2b: Sunflora|88/100|[from] ability: Solar Power|[of] p2b: Sunflora
|upkeep
|
|t:|1757923476
|switch|p2a: Torkoal|Torkoal, L50, F, tera:Fire|100/100
|switch|p1b: Charizard|Charizard, L50, M|100/100
|turn|4
|inactive|mauryof has 30 seconds left.
|inactive|wafflesniffer3000 has 30 seconds left.
|inactive|mauryof has 20 seconds left.
|inactive|mauryof has 15 seconds left.
|
|t:|1757923519
|move|p2a: Torkoal|Eruption|p1b: Charizard|[spread] p1b
|-ability|p1a: Dachsbun|Well-Baked Body|boost
|-boost|p1a: Dachsbun|def|2
|-resisted|p1b: Charizard
|-damage|p1b: Charizard|32/100
|move|p2b: Sunflora|Solar Beam||[still]
|-prepare|p2b: Sunflora|Solar Beam
|-anim|p2b: Sunflora|Solar Beam|p1a: Dachsbun
|-damage|p1a: Dachsbun|0 fnt
|faint|p1a: Dachsbun
|move|p1b: Charizard|Fire Blast|p2b: Sunflora
|-supereffective|p2b: Sunflora
|-damage|p2b: Sunflora|0 fnt
|faint|p2b: Sunflora
|
|-weather|SunnyDay|[upkeep]
|-damage|p1b: Charizard|19/100|[from] ability: Solar Power|[of] p1b: Charizard
|upkeep
|turn|5
|
|t:|1757923543
|move|p1b: Charizard|Protect|p1b: Charizard
|-singleturn|p1b: Charizard|Protect
|move|p2a: Torkoal|Eruption|p1b: Charizard
|-activate|p1b: Charizard|move: Protect
|
|-weather|none
|-fieldend|move: Trick Room
|-fieldend|move: Psychic Terrain
|upkeep
|turn|6
|
|t:|1757923561
|move|p1b: Charizard|Fire Blast|p2a: Torkoal
|-resisted|p2a: Torkoal
|-damage|p2a: Torkoal|65/100
|move|p2a: Torkoal|Overheat|p1b: Charizard
|-resisted|p1b: Charizard
|-damage|p1b: Charizard|0 fnt
|-unboost|p2a: Torkoal|spa|2
|faint|p1b: Charizard
|
|win|mauryof
|raw|wafflesniffer3000's rating: 1014 → 1004(-10 for losing)
|raw|mauryof's rating: 1065 → 1091(+26 for winning)
|l|☆mauryof
|player|p2|
|l|☆wafflesniffer3000
|player|p1|
