|j|☆UndeadParadox
|j|☆PikaTROD
|html|UndeadParadoxPikaTROD    
|uhtml|bestof|Game 1 of a best-of-3
|t:|1756954312
|gametype|doubles
|player|p1|UndeadParadox|guitarist|1319
|player|p2|PikaTROD|102|1530
|gen|9
|tier|[Gen 9] VGC 2025 Reg H (Bo3)
|rated|
|rule|Species Clause: Limit one of each Pokémon
|rule|Item Clause: Limit 1 of each item
|clearpoke
|poke|p1|Sneasler, L50, F|
|poke|p1|Rillaboom, L50, M|
|poke|p1|Incineroar, L50, M|
|poke|p1|Gholdengo, L50|
|poke|p1|Hydreigon, L50, F|
|poke|p1|Gengar, L50, M|
|poke|p2|Kingambit, L50, M|
|poke|p2|Primarina, L50, M|
|poke|p2|Sneasler, L50, F|
|poke|p2|Magmar, L50, F|
|poke|p2|Rillaboom, L50, F|
|poke|p2|Dragapult, L50, M|
|teampreview|4
|showteam|p1|Sneasler||GrassySeed|Unburden|CloseCombat,DireClaw,Acrobatics,Protect|||F|||50|,,,,,Flying]Rillaboom||AssaultVest|GrassySurge|WoodHammer,GrassyGlide,FakeOut,HighHorsepower|||M|||50|,,,,,Fire]Incineroar||SafetyGoggles|Intimidate|FlareBlitz,KnockOff,PartingShot,FakeOut|||M|||50|,,,,,Ghost]Gholdengo||MetalCoat|GoodasGold|Protect,MakeItRain,ShadowBall,NastyPlot||||||50|,,,,,Water]Hydreigon||LifeOrb|Levitate|Flamethrower,DracoMeteor,DarkPulse,Protect|||F|||50|,,,,,Fire]Gengar||FocusSash|CursedBody|ShadowBall,Haze,Taunt,IcyWind|||M|||50|,,,,,Ghost
|showteam|p2|Kingambit||BlackGlasses|Defiant|KowtowCleave,SuckerPunch,SwordsDance,Protect|||M|||50|,,,,,Dark]Primarina||SitrusBerry|LiquidVoice|HyperVoice,Moonblast,Haze,Protect|||M|||50|,,,,,Water]Sneasler||FocusSash|Unburden|CloseCombat,DireClaw,FakeOut,Protect|||F|||50|,,,,,Stellar]Magmar||Eviolite|VitalSpirit|Overheat,WillOWisp,FollowMe,Protect|||F|||50|,,,,,Ghost]Rillaboom||AssaultVest|GrassySurge|WoodHammer,GrassyGlide,HighHorsepower,FakeOut|||F|||50|,,,,,Fire]Dragapult||ChoiceBand|ClearBody|DragonDarts,PhantomForce,Outrage,Uturn|||M|||50|,,,,,Dragon
|
|t:|1756954386
|teamsize|p1|4
|teamsize|p2|4
|start
|switch|p1a: Sneasler|Sneasler, L50, F, shiny|100/100
|switch|p1b: Rillaboom|Rillaboom, L50, M|100/100
|switch|p2a: Magmar|Magmar, L50, F|100/100
|switch|p2b: Sneasler|Sneasler, L50, F|100/100
|-fieldstart|move: Grassy Terrain|[from] ability: Grassy Surge|[of] p1b: Rillaboom
|-enditem|p1a: Sneasler|Grassy Seed
|-boost|p1a: Sneasler|def|1|[from] item: Grassy Seed
|turn|1
|
|t:|1756954427
|move|p2b: Sneasler|Protect|p2b: Sneasler
|-singleturn|p2b: Sneasler|Protect
|move|p1b: Rillaboom|Fake Out|p2a: Magmar
|-damage|p2a: Magmar|89/100
|move|p1a: Sneasler|Dire Claw|p2b: Sneasler
|-activate|p2b: Sneasler|move: Protect
|cant|p2a: Magmar|flinch
|
|-heal|p2a: Magmar|95/100|[from] Grassy Terrain
|upkeep
|turn|2
|
|t:|1756954463
|switch|p2b: Dragapult|Dragapult, L50, M|100/100
|move|p1b: Rillaboom|Grassy Glide|p2b: Dragapult
|-resisted|p2b: Dragapult
|-damage|p2b: Dragapult|74/100
|move|p1a: Sneasler|Acrobatics|p2b: Dragapult
|-damage|p2b: Dragapult|20/100
|move|p2a: Magmar|Will-O-Wisp|p1a: Sneasler
|-status|p1a: Sneasler|brn
|
|-heal|p2b: Dragapult|26/100|[from] Grassy Terrain
|-heal|p2a: Magmar|100/100|[from] Grassy Terrain
|-damage|p1a: Sneasler|95/100 brn|[from] brn
|upkeep
|turn|3
|
|t:|1756954505
|move|p2a: Magmar|Follow Me|p2a: Magmar
|-singleturn|p2a: Magmar|move: Follow Me
|move|p1a: Sneasler|Acrobatics|p2a: Magmar
|-damage|p2a: Magmar|84/100
|move|p2b: Dragapult|Dragon Darts|p1a: Sneasler
|-damage|p1a: Sneasler|46/100 brn
|-anim|p2b: Dragapult|Dragon Darts|p1b: Rillaboom
|-damage|p1b: Rillaboom|60/100
|move|p1b: Rillaboom|High Horsepower|p2a: Magmar
|-supereffective|p2a: Magmar
|-damage|p2a: Magmar|31/100
|
|-heal|p1a: Sneasler|52/100 brn|[from] Grassy Terrain
|-heal|p2b: Dragapult|32/100|[from] Grassy Terrain
|-heal|p2a: Magmar|37/100|[from] Grassy Terrain
|-heal|p1b: Rillaboom|66/100|[from] Grassy Terrain
|-damage|p1a: Sneasler|46/100 brn|[from] brn
|upkeep
|turn|4
|
|t:|1756954526
|move|p2a: Magmar|Follow Me|p2a: Magmar
|-singleturn|p2a: Magmar|move: Follow Me
|move|p1a: Sneasler|Acrobatics|p2a: Magmar
|-damage|p2a: Magmar|19/100
|move|p2b: Dragapult|Dragon Darts|p1b: Rillaboom
|-damage|p1b: Rillaboom|29/100
|-anim|p2b: Dragapult|Dragon Darts|p1a: Sneasler
|-damage|p1a: Sneasler|1/100 brn
|move|p1b: Rillaboom|High Horsepower|p2a: Magmar
|-supereffective|p2a: Magmar
|-damage|p2a: Magmar|0 fnt
|faint|p2a: Magmar
|
|-heal|p1a: Sneasler|7/100 brn|[from] Grassy Terrain
|-heal|p2b: Dragapult|38/100|[from] Grassy Terrain
|-heal|p1b: Rillaboom|35/100|[from] Grassy Terrain
|-damage|p1a: Sneasler|1/100 brn|[from] brn
|upkeep
|
|t:|1756954545
|switch|p2a: Kingambit|Kingambit, L50, M|100/100
|turn|5
|
|t:|1756954601
|move|p1b: Rillaboom|Grassy Glide|p2b: Dragapult
|-resisted|p2b: Dragapult
|-damage|p2b: Dragapult|13/100
|move|p2a: Kingambit|Sucker Punch|p1a: Sneasler
|-resisted|p1a: Sneasler
|-damage|p1a: Sneasler|0 fnt
|faint|p1a: Sneasler
|move|p2b: Dragapult|Dragon Darts|p1b: Rillaboom
|-damage|p1b: Rillaboom|0 fnt
|faint|p1b: Rillaboom
|
|-heal|p2b: Dragapult|19/100|[from] Grassy Terrain
|-fieldend|move: Grassy Terrain
|upkeep
|
|t:|1756954609
|switch|p1a: Incineroar|Incineroar, L50, M, shiny|100/100
|switch|p1b: Gholdengo|Gholdengo, L50, shiny|100/100
|-ability|p1a: Incineroar|Intimidate|boost
|-unboost|p2a: Kingambit|atk|1
|-ability|p2a: Kingambit|Defiant|boost
|-boost|p2a: Kingambit|atk|2
|-fail|p2b: Dragapult|unboost|[from] ability: Clear Body|[of] p2b: Dragapult
|turn|6
|
|t:|1756954649
|switch|p2b: Sneasler|Sneasler, L50, F|100/100
|move|p1b: Gholdengo|Nasty Plot|p1b: Gholdengo
|-boost|p1b: Gholdengo|spa|2
|move|p1a: Incineroar|Knock Off|p2b: Sneasler
|-resisted|p2b: Sneasler
|-crit|p2b: Sneasler
|-damage|p2b: Sneasler|39/100
|-enditem|p2b: Sneasler|Focus Sash|[from] move: Knock Off|[of] p1a: Incineroar
|move|p2a: Kingambit|Kowtow Cleave|p1b: Gholdengo
|-supereffective|p1b: Gholdengo
|-damage|p1b: Gholdengo|0 fnt
|faint|p1b: Gholdengo
|
|upkeep
|turn|7
|-message|UndeadParadox forfeited.
|
|win|PikaTROD
||UndeadParadox is ready for game 2.
||PikaTROD is ready for game 2.
|uhtml|next|Next: Game 2 of 3
|l|☆UndeadParadox
|player|p1|
