|j|☆Akalaman
|j|☆LegionVGC
|html|AkalamanLegionVGC    
|uhtml|bestof|Game 1 of a best-of-3
|t:|1757861759
|gametype|doubles
|player|p1|Akalaman|266|1190
|player|p2|LegionVGC|170|1172
|gen|9
|tier|[Gen 9] VGC 2025 Reg H (Bo3)
|rated|
|rule|Species Clause: Limit one of each Pokémon
|rule|Item Clause: Limit 1 of each item
|clearpoke
|poke|p1|Typhlosion-Hisui, L50, M|
|poke|p1|Ninetales, L50, F|
|poke|p1|Venusaur, L50, M|
|poke|p1|Garganacl, L50, F|
|poke|p1|Whimsicott, L50, F|
|poke|p1|Pawmot, L50, F|
|poke|p2|Jumpluff, L50, M|
|poke|p2|Charizard, L50, M|
|poke|p2|Incineroar, L50, M|
|poke|p2|Ursaluna, L50, M|
|poke|p2|Porygon2, L50|
|poke|p2|Torkoal, L50, M|
|teampreview|4
|showteam|p1|Typhlosion-Hisui||ChoiceScarf|Blaze|Eruption,HeatWave,ShadowBall,Poltergeist|||M|||50|,,,,,Fire]Ninetales||EjectPack|Drought|Overheat,WillOWisp,EnergyBall,Protect|||F|||50|,,,,,Fairy]Venusaur||WideLens|Chlorophyll|SleepPowder,LeafStorm,SludgeBomb,Protect|||M|||50|,,,,,Poison]Garganacl||Leftovers|PurifyingSalt|SaltCure,IronDefense,Recover,BodyPress|||F|||50|,,,,,Ghost]Whimsicott||CovertCloak|Prankster|SunnyDay,Taunt,Tailwind,Moonblast|||F|||50|,,,,,Dark]Pawmot||FocusSash|IronFist|ThunderPunch,DoubleShock,CloseCombat,Protect|||F|||50|,,,,,Electric
|showteam|p2|Jumpluff||CovertCloak|Chlorophyll|RagePowder,SleepPowder,SunnyDay,Tailwind|||M|||50|,,,,,Water]Charizard||ChoiceSpecs|SolarPower|HeatWave,Overheat,WeatherBall,AirSlash|||M|||50|,,,,,Ghost]Incineroar||SafetyGoggles|Intimidate|FlareBlitz,KnockOff,FakeOut,PartingShot|||M|||50|,,,,,Ghost]Ursaluna||FlameOrb|Guts|HeadlongRush,Facade,Earthquake,Protect|||M|||50|,,,,,Ghost]Porygon2||Eviolite|Download|TeraBlast,IceBeam,Recover,TrickRoom||||||50|,,,,,Fighting]Torkoal||EjectPack|Drought|Eruption,Overheat,HelpingHand,Protect|||M|||50|,,,,,Fire
|inactive|Battle timer is ON: inactive players will automatically lose when time's up. (requested by Akalaman)
|inactive|LegionVGC has 60 seconds left.
|
|t:|1757861806
|teamsize|p1|4
|teamsize|p2|4
|start
|switch|p1a: Whimsicott|Whimsicott, L50, F|100/100
|switch|p1b: Venusaur|Venusaur, L50, M|100/100
|switch|p2a: Scat Pack|Incineroar, L50, M|100/100
|switch|p2b: Starbreaker|Porygon2, L50|100/100
|-ability|p2a: Scat Pack|Intimidate|boost
|-unboost|p1a: Whimsicott|atk|1
|-unboost|p1b: Venusaur|atk|1
|-ability|p2b: Starbreaker|Download|boost
|-boost|p2b: Starbreaker|atk|1
|turn|1
|
|t:|1757861822
|switch|p2b: Turtle|Torkoal, L50, M|100/100
|-weather|SunnyDay|[from] ability: Drought|[of] p2b: Turtle
|move|p1a: Whimsicott|Taunt|p2b: Turtle
|-start|p2b: Turtle|move: Taunt
|move|p1b: Venusaur|Sleep Powder|p2b: Turtle
|-status|p2b: Turtle|slp|[from] move: Sleep Powder
|move|p2a: Scat Pack|Flare Blitz|p1b: Venusaur
|-supereffective|p1b: Venusaur
|-damage|p1b: Venusaur|0 fnt
|faint|p1b: Venusaur
|-damage|p2a: Scat Pack|70/100|[from] Recoil
|
|-weather|SunnyDay|[upkeep]
|upkeep
|
|t:|1757861826
|switch|p1b: Garganacl|Garganacl, L50, F|100/100
|turn|2
|inactive|LegionVGC has 30 seconds left.
|
|t:|1757861858
|switch|p2b: Baloo|Ursaluna, L50, M, shiny|100/100
|move|p1a: Whimsicott|Moonblast|p2b: Baloo
|-damage|p2b: Baloo|75/100
|move|p2a: Scat Pack|Flare Blitz|p1a: Whimsicott
|-supereffective|p1a: Whimsicott
|-damage|p1a: Whimsicott|0 fnt
|faint|p1a: Whimsicott
|-damage|p2a: Scat Pack|43/100|[from] Recoil
|move|p1b: Garganacl|Iron Defense|p1b: Garganacl
|-boost|p1b: Garganacl|def|2
|
|-weather|SunnyDay|[upkeep]
|-status|p2b: Baloo|brn|[from] item: Flame Orb
|upkeep
|
|t:|1757861864
|switch|p1a: Pawmot|Pawmot, L50, F|100/100
|turn|3
|inactive|LegionVGC has 30 seconds left.
|inactive|Akalaman has 30 seconds left.
|inactive|LegionVGC has 20 seconds left.
|
|t:|1757861902
|switch|p2a: Turtle|Torkoal, L50, M|100/100 slp
|-terastallize|p2b: Baloo|Ghost
|-terastallize|p1b: Garganacl|Ghost
|move|p1a: Pawmot|Close Combat|p2a: Turtle
|-damage|p2a: Turtle|59/100 slp
|-unboost|p1a: Pawmot|def|1
|-unboost|p1a: Pawmot|spd|1
|move|p2b: Baloo|Facade|p1a: Pawmot
|-enditem|p1a: Pawmot|Focus Sash
|-damage|p1a: Pawmot|1/100
|move|p1b: Garganacl|Iron Defense|p1b: Garganacl
|-boost|p1b: Garganacl|def|2
|
|-weather|SunnyDay|[upkeep]
|-damage|p2b: Baloo|69/100 brn|[from] brn
|upkeep
|turn|4
|inactive|LegionVGC has 30 seconds left.
|
|t:|1757861928
|switch|p2b: Scat Pack|Incineroar, L50, M|43/100
|-ability|p2b: Scat Pack|Intimidate|boost
|-unboost|p1a: Pawmot|atk|1
|-unboost|p1b: Garganacl|atk|1
|move|p1a: Pawmot|Protect|p1a: Pawmot
|-singleturn|p1a: Pawmot|Protect
|move|p1b: Garganacl|Salt Cure|p2a: Turtle
|-supereffective|p2a: Turtle
|-damage|p2a: Turtle|45/100 slp
|-start|p2a: Turtle|Salt Cure
|cant|p2a: Turtle|slp
|
|-weather|SunnyDay|[upkeep]
|-damage|p2a: Turtle|32/100 slp|[from] Salt Cure
|upkeep
|turn|5
|
|t:|1757861944
|move|p2b: Scat Pack|Fake Out|p1a: Pawmot
|-damage|p1a: Pawmot|0 fnt
|faint|p1a: Pawmot
|move|p1b: Garganacl|Body Press|p2a: Turtle
|-damage|p2a: Turtle|0 fnt
|faint|p2a: Turtle
|
|-weather|none
|upkeep
|
|t:|1757861958
|switch|p2a: Baloo|Ursaluna, L50, M, shiny, tera:Ghost|69/100 brn
|turn|6
|
|t:|1757861968
|move|p2b: Scat Pack|Knock Off|p1b: Garganacl
|-supereffective|p1b: Garganacl
|-damage|p1b: Garganacl|82/100
|-enditem|p1b: Garganacl|Leftovers|[from] move: Knock Off|[of] p2b: Scat Pack
|move|p2a: Baloo|Headlong Rush|p1b: Garganacl
|-damage|p1b: Garganacl|58/100
|-unboost|p2a: Baloo|def|1
|-unboost|p2a: Baloo|spd|1
|move|p1b: Garganacl|Recover|p1b: Garganacl
|-heal|p1b: Garganacl|100/100
|
|-damage|p2a: Baloo|63/100 brn|[from] brn
|upkeep
|turn|7
|
|t:|1757861987
|switch|p2a: Starbreaker|Porygon2, L50|100/100
|-ability|p2a: Starbreaker|Download|boost
|-boost|p2a: Starbreaker|spa|1
|move|p2b: Scat Pack|Knock Off|p1b: Garganacl
|-supereffective|p1b: Garganacl
|-damage|p1b: Garganacl|88/100
|move|p1b: Garganacl|Salt Cure|p2a: Starbreaker
|-damage|p2a: Starbreaker|94/100
|-start|p2a: Starbreaker|Salt Cure
|
|-damage|p2a: Starbreaker|82/100|[from] Salt Cure
|upkeep
|turn|8
|
|t:|1757862008
|switch|p2a: Baloo|Ursaluna, L50, M, shiny, tera:Ghost|63/100 brn
|move|p2b: Scat Pack|Knock Off|p1b: Garganacl
|-supereffective|p1b: Garganacl
|-damage|p1b: Garganacl|73/100
|move|p1b: Garganacl|Body Press|p2a: Baloo
|-immune|p2a: Baloo
|
|-damage|p2a: Baloo|57/100 brn|[from] brn
|upkeep
|turn|9
|
|t:|1757862026
|move|p2b: Scat Pack|Knock Off|p1b: Garganacl
|-supereffective|p1b: Garganacl
|-damage|p1b: Garganacl|59/100
|move|p2a: Baloo|Headlong Rush|p1b: Garganacl
|-damage|p1b: Garganacl|35/100
|-unboost|p2a: Baloo|def|1
|-unboost|p2a: Baloo|spd|1
|move|p1b: Garganacl|Recover|p1b: Garganacl
|-heal|p1b: Garganacl|86/100
|
|-damage|p2a: Baloo|52/100 brn|[from] brn
|upkeep
|turn|10
|
|t:|1757862040
|move|p2b: Scat Pack|Knock Off|p1b: Garganacl
|-supereffective|p1b: Garganacl
|-damage|p1b: Garganacl|71/100
|move|p2a: Baloo|Headlong Rush|p1b: Garganacl
|-damage|p1b: Garganacl|45/100
|-unboost|p2a: Baloo|def|1
|-unboost|p2a: Baloo|spd|1
|move|p1b: Garganacl|Recover|p1b: Garganacl
|-heal|p1b: Garganacl|95/100
|
|-damage|p2a: Baloo|46/100 brn|[from] brn
|upkeep
|turn|11
|
|t:|1757862052
|move|p2b: Scat Pack|Knock Off|p1b: Garganacl
|-supereffective|p1b: Garganacl
|-damage|p1b: Garganacl|81/100
|move|p2a: Baloo|Headlong Rush|p1b: Garganacl
|-damage|p1b: Garganacl|55/100
|-unboost|p2a: Baloo|def|1
|-unboost|p2a: Baloo|spd|1
|move|p1b: Garganacl|Salt Cure|p2a: Baloo
|-damage|p2a: Baloo|28/100 brn
|-start|p2a: Baloo|Salt Cure
|
|-damage|p2a: Baloo|22/100 brn|[from] brn
|-damage|p2a: Baloo|10/100 brn|[from] Salt Cure
|upkeep
|turn|12
|
|t:|1757862068
|switch|p2a: Starbreaker|Porygon2, L50|82/100
|-ability|p2a: Starbreaker|Download|boost
|-boost|p2a: Starbreaker|spa|1
|move|p2b: Scat Pack|Knock Off|p1b: Garganacl
|-supereffective|p1b: Garganacl
|-damage|p1b: Garganacl|40/100
|move|p1b: Garganacl|Recover|p1b: Garganacl
|-heal|p1b: Garganacl|90/100
|
|upkeep
|turn|13
|
|t:|1757862081
|move|p2b: Scat Pack|Knock Off|p1b: Garganacl
|-supereffective|p1b: Garganacl
|-damage|p1b: Garganacl|78/100
|move|p2a: Starbreaker|Ice Beam|p1b: Garganacl
|-crit|p1b: Garganacl
|-damage|p1b: Garganacl|35/100
|move|p1b: Garganacl|Salt Cure|p2a: Starbreaker
|-damage|p2a: Starbreaker|75/100
|-start|p2a: Starbreaker|Salt Cure
|
|-damage|p2a: Starbreaker|62/100|[from] Salt Cure
|upkeep
|turn|14
|
|t:|1757862094
|move|p2b: Scat Pack|Knock Off|p1b: Garganacl
|-supereffective|p1b: Garganacl
|-crit|p1b: Garganacl
|-damage|p1b: Garganacl|0 fnt
|faint|p1b: Garganacl
|
|win|LegionVGC
||LegionVGC is ready for game 2.
|c|☆Akalaman|Man
||Akalaman is ready for game 2.
|uhtml|next|Next: Game 2 of 3
