|j|☆crimsonkidd
|j|☆Indigochen
|html|crimsonkiddIndigochen    
|uhtml|bestof|Game 1 of a best-of-3
|t:|1757775738
|gametype|doubles
|player|p1|crimsonkidd|lance|1093
|player|p2|Indigochen|fantina|1000
|gen|9
|tier|[Gen 9] VGC 2025 Reg H (Bo3)
|rated|
|rule|Species Clause: Limit one of each Pokémon
|rule|Item Clause: Limit 1 of each item
|clearpoke
|poke|p1|Talonflame, L50, M|
|poke|p1|Garchomp, L50, M|
|poke|p1|Tyranitar, L50, F|
|poke|p1|Milotic, L50, F|
|poke|p1|Sinistcha, L50|
|poke|p1|Gholdengo, L50|
|poke|p2|Ninetales-Alola, L50, F|
|poke|p2|Volcarona, L50, M|
|poke|p2|Kingambit, L50, F|
|poke|p2|Sneasler, L50, F|
|poke|p2|Kommo-o, L50, M|
|poke|p2|Rillaboom, L50, M|
|teampreview|4
|showteam|p1|Talonflame||CovertCloak|GaleWings|DualWingbeat,Tailwind,WillOWisp,Taunt|||M|||50|,,,,,Flying]Garchomp||LifeOrb|RoughSkin|Protect,StompingTantrum,Earthquake,DragonClaw|||M|||50|,,,,,Ground]Tyranitar||AssaultVest|SandStream|RockSlide,KnockOff,LowKick,TeraBlast|||F|||50|,,,,,Flying]Milotic||SafetyGoggles|Competitive|Scald,IcyWind,Haze,Protect|||F|||50|,,,,,Poison]Sinistcha||SitrusBerry|Hospitality|MatchaGotcha,TrickRoom,RagePowder,Imprison||||||50|,,,,,Water]Gholdengo||MetalCoat|GoodasGold|MakeItRain,ShadowBall,NastyPlot,Protect||||||50|,,,,,Flying
|showteam|p2|Ninetales-Alola||ChoiceSpecs|SnowWarning|Moonblast,AuroraVeil,FreezeDry,Blizzard|||F|||50|,,,,,Ice]Volcarona||SitrusBerry|FlameBody|HeatWave,WillOWisp,RagePowder,Tailwind|||M|||50|,,,,,Fairy]Kingambit||SafetyGoggles|Defiant|SuckerPunch,KowtowCleave,SwordsDance,Protect|||F|||50|,,,,,Dark]Sneasler||FocusSash|PoisonTouch|DireClaw,CloseCombat,FakeOut,Protect|||F|||50|,,,,,Stellar]Kommo-o||ThroatSpray|Soundproof|ClangingScales,Flamethrower,ClangorousSoul,Protect|||M|||50|,,,,,Fire]Rillaboom||AssaultVest|GrassySurge|WoodHammer,GrassyGlide,FakeOut,HighHorsepower|||M|||50|,,,,,Fire
|inactive|Battle timer is ON: inactive players will automatically lose when time's up. (requested by crimsonkidd)
|
|t:|1757775780
|teamsize|p1|4
|teamsize|p2|4
|start
|switch|p1a: Talonflame|Talonflame, L50, M|100/100
|switch|p1b: Tyranitar|Tyranitar, L50, F, shiny|100/100
|switch|p2a: Rillaboom|Rillaboom, L50, M|100/100
|switch|p2b: Sneasler|Sneasler, L50, F|100/100
|-fieldstart|move: Grassy Terrain|[from] ability: Grassy Surge|[of] p2a: Rillaboom
|-weather|Sandstorm|[from] ability: Sand Stream|[of] p1b: Tyranitar
|turn|1
|inactive|crimsonkidd has 30 seconds left.
|
|t:|1757775811
|-terastallize|p1b: Tyranitar|Flying
|move|p2b: Sneasler|Fake Out|p1b: Tyranitar
|-damage|p1b: Tyranitar|89/100
|move|p2a: Rillaboom|Fake Out|p1a: Talonflame
|-damage|p1a: Talonflame|78/100
|move|p1a: Talonflame|Dual Wingbeat|p2b: Sneasler
|-supereffective|p2b: Sneasler
|-damage|p2b: Sneasler|47/100
|-supereffective|p2b: Sneasler
|-damage|p2b: Sneasler|0 fnt
|faint|p2b: Sneasler
|-hitcount|p2: Sneasler|2
|cant|p1b: Tyranitar|flinch
|
|-weather|Sandstorm|[upkeep]
|-damage|p1a: Talonflame|72/100|[from] Sandstorm
|-damage|p2a: Rillaboom|94/100|[from] Sandstorm
|-damage|p1b: Tyranitar|84/100|[from] Sandstorm
|-heal|p2a: Rillaboom|100/100|[from] Grassy Terrain
|upkeep
|inactive|Indigochen has 30 seconds left.
|
|t:|1757775839
|switch|p2b: Ninetales|Ninetales-Alola, L50, F|100/100
|-weather|Snowscape|[from] ability: Snow Warning|[of] p2b: Ninetales
|turn|2
|inactive|crimsonkidd has 30 seconds left.
|inactive|Indigochen has 30 seconds left.
|
|t:|1757775881
|move|p2a: Rillaboom|Grassy Glide|p1b: Tyranitar
|-resisted|p1b: Tyranitar
|-damage|p1b: Tyranitar|71/100
|move|p1a: Talonflame|Tailwind|p1a: Talonflame
|-sidestart|p1: crimsonkidd|move: Tailwind
|move|p1b: Tyranitar|Knock Off|p2b: Ninetales
|-resisted|p2b: Ninetales
|-damage|p2b: Ninetales|78/100
|-enditem|p2b: Ninetales|Choice Specs|[from] move: Knock Off|[of] p1b: Tyranitar
|move|p2b: Ninetales|Blizzard|p1a: Talonflame|[spread] p1a,p1b
|-supereffective|p1b: Tyranitar
|-crit|p1b: Tyranitar
|-damage|p1a: Talonflame|23/100
|-damage|p1b: Tyranitar|18/100
|
|-weather|Snowscape|[upkeep]
|-heal|p2b: Ninetales|84/100|[from] Grassy Terrain
|upkeep
|turn|3
|
|t:|1757775906
|move|p1a: Talonflame|Dual Wingbeat|p2a: Rillaboom
|-supereffective|p2a: Rillaboom
|-crit|p2a: Rillaboom
|-damage|p2a: Rillaboom|52/100
|-supereffective|p2a: Rillaboom
|-damage|p2a: Rillaboom|23/100
|-hitcount|p2a: Rillaboom|2
|move|p1b: Tyranitar|Rock Slide|p2a: Rillaboom|[spread] p2a,p2b
|-supereffective|p2b: Ninetales
|-damage|p2a: Rillaboom|0 fnt
|-damage|p2b: Ninetales|32/100
|faint|p2a: Rillaboom
|move|p2b: Ninetales|Blizzard|p1a: Talonflame|[spread] p1a,p1b
|-supereffective|p1b: Tyranitar
|-damage|p1a: Talonflame|0 fnt
|-damage|p1b: Tyranitar|0 fnt
|faint|p1a: Talonflame
|faint|p1b: Tyranitar
|
|-weather|Snowscape|[upkeep]
|-heal|p2b: Ninetales|38/100|[from] Grassy Terrain
|upkeep
|
|t:|1757775922
|switch|p1a: Garchomp|Garchomp, L50, M|100/100
|switch|p2a: Volcarona|Volcarona, L50, M|100/100
|switch|p1b: Milotic|Milotic, L50, F|100/100
|turn|4
|inactive|crimsonkidd has 30 seconds left.
|inactive|Indigochen has 30 seconds left.
|
|t:|1757775947
|-terastallize|p2b: Ninetales|Ice
|move|p1a: Garchomp|Earthquake|p2b: Ninetales|[spread] p1b,p2a,p2b
|-damage|p1b: Milotic|76/100
|-damage|p2a: Volcarona|71/100
|-damage|p2b: Ninetales|14/100
|-damage|p1a: Garchomp|91/100|[from] item: Life Orb
|move|p1b: Milotic|Icy Wind|p2b: Ninetales|[spread] p2a,p2b
|-resisted|p2a: Volcarona
|-resisted|p2b: Ninetales
|-damage|p2a: Volcarona|67/100
|-damage|p2b: Ninetales|7/100
|-unboost|p2a: Volcarona|spe|1
|-unboost|p2b: Ninetales|spe|1
|move|p2b: Ninetales|Blizzard|p1b: Milotic|[spread] p1a,p1b
|-supereffective|p1a: Garchomp
|-resisted|p1b: Milotic
|-damage|p1a: Garchomp|0 fnt
|-damage|p1b: Milotic|61/100
|faint|p1a: Garchomp
|move|p2a: Volcarona|Tailwind|p2a: Volcarona
|-sidestart|p2: Indigochen|move: Tailwind
|
|-weather|Snowscape|[upkeep]
|-heal|p2b: Ninetales|13/100|[from] Grassy Terrain
|-heal|p1b: Milotic|68/100|[from] Grassy Terrain
|-heal|p2a: Volcarona|73/100|[from] Grassy Terrain
|upkeep
|turn|5
|
|t:|1757775972
|move|p2a: Volcarona|Rage Powder|p2a: Volcarona
|-singleturn|p2a: Volcarona|move: Rage Powder
|move|p2b: Ninetales|Freeze-Dry|p1b: Milotic
|-supereffective|p1b: Milotic
|-damage|p1b: Milotic|16/100
|move|p1b: Milotic|Scald|p2b: Ninetales
|-damage|p2b: Ninetales|0 fnt
|faint|p2b: Ninetales
|
|-weather|Snowscape|[upkeep]
|-heal|p1b: Milotic|22/100|[from] Grassy Terrain
|-heal|p2a: Volcarona|79/100|[from] Grassy Terrain
|-sideend|p1: crimsonkidd|move: Tailwind
|-fieldend|move: Grassy Terrain
|upkeep
|turn|6
|
|t:|1757775987
|move|p1b: Milotic|Protect|p1b: Milotic
|-singleturn|p1b: Milotic|Protect
|move|p2a: Volcarona|Will-O-Wisp|p1b: Milotic
|-activate|p1b: Milotic|move: Protect
|
|-weather|none
|upkeep
|turn|7
|
|t:|1757775995
|move|p2a: Volcarona|Heat Wave|p1b: Milotic
|-resisted|p1b: Milotic
|-damage|p1b: Milotic|3/100
|move|p1b: Milotic|Scald|p2a: Volcarona
|-supereffective|p2a: Volcarona
|-damage|p2a: Volcarona|17/100
|-enditem|p2a: Volcarona|Sitrus Berry|[eat]
|-heal|p2a: Volcarona|42/100|[from] item: Sitrus Berry
|
|-sideend|p2: Indigochen|move: Tailwind
|upkeep
|turn|8
|
|t:|1757776005
|move|p1b: Milotic|Scald|p2a: Volcarona
|-supereffective|p2a: Volcarona
|-damage|p2a: Volcarona|0 fnt
|faint|p2a: Volcarona
|
|win|crimsonkidd
||crimsonkidd is ready for game 2.
|l|☆Indigochen
|player|p2|
|c|☆crimsonkidd|gg
|inactive|Indigochen has 30 seconds to confirm battle start!
||Indigochen is ready for game 2.
|uhtml|next|Next: Game 2 of 3
