|j|☆Nero22dd
|j|☆MafiaPolar6242
|html|Nero22ddMafiaPolar6242    
|uhtml|bestof|Game 1 of a best-of-3
|t:|1782409624
|gametype|doubles
|player|p1|Nero22dd|266|
|player|p2|MafiaPolar6242|pokemaniac|
|gen|9
|tier|[Gen 9 Champions] VGC 2026 Reg M-B (Bo3)
|rule|Species Clause: Limit one of each Pokémon
|rule|Item Clause: Limit 1 of each item
|clearpoke
|poke|p1|Glimmora, L50, F|
|poke|p1|Staraptor, L50, F|
|poke|p1|Sinistcha, L50|
|poke|p1|Blaziken, L50, M|
|poke|p1|Meowscarada, L50, F|
|poke|p1|Incineroar, L50, M|
|poke|p2|Starmie, L50|
|poke|p2|Tyranitar, L50, F|
|poke|p2|Aegislash, L50, F|
|poke|p2|Excadrill, L50, M|
|poke|p2|Kingambit, L50, M|
|poke|p2|Incineroar, L50, F|
|teampreview|4
|showteam|p1|Glimmora||FocusSash|ToxicDebris|MortalSpin,Protect,MeteorBeam,StealthRock|Relaxed||F|||50|]Staraptor||Staraptite|Intimidate|CloseCombat,Fly,BlazeKick|Adamant||F|||50|]Sinistcha||SitrusBerry|Hospitality|Memento,EnergyBall,ShadowBall,StrengthSap|Modest|||||50|]Blaziken||Charcoal|SpeedBoost|BlazeKick,BrickBreak,StoneEdge,ThunderPunch|Adamant||M|||50|]Meowscarada||LifeOrb|Protean|FlowerTrick,PlayRough,KnockOff,Uturn|Jolly||F|||50|]Incineroar||Leftovers|Intimidate|FirePunch,CrossChop,Earthquake,FakeOut|Adamant||M|||50|
|showteam|p2|Starmie||Starminite|Illuminate|Protect,AquaJet,FlipTurn,PsychoCut|Jolly|||||50|]Tyranitar||KingsRock|SandStream|Protect,Crunch,RockSlide,Earthquake|Adamant||F|||50|]Aegislash||Leftovers|StanceChange|KingsShield,WideGuard,Poltergeist,SacredSword|Careful||F|||50|]Excadrill||LifeOrb|SandRush|Earthquake,RockSlide,Protect,IronHead|Adamant||M|||50|]Kingambit||ChopleBerry|Defiant|Protect,SuckerPunch,BrickBreak,IronHead|Impish||M|||50|]Incineroar||Charcoal|Intimidate|Protect,PartingShot,FakeOut,FlareBlitz|Careful||F|||50|
|inactive|Battle timer is ON: inactive players will automatically lose when time's up. (requested by Nero22dd)
|
|t:|1782409683
|teamsize|p1|4
|teamsize|p2|4
|start
|switch|p1a: Sinistcha|Sinistcha, L50|100/100
|switch|p1b: Staraptor|Staraptor, L50, F|100/100
|switch|p2a: Kingambit|Kingambit, L50, M|100/100
|switch|p2b: Starmie|Starmie, L50|100/100
|-ability|p1b: Staraptor|Intimidate|boost
|-unboost|p2a: Kingambit|atk|1
|-ability|p2a: Kingambit|Defiant|boost
|-boost|p2a: Kingambit|atk|2
|-unboost|p2b: Starmie|atk|1
|turn|1
|inactive|MafiaPolar6242 has 30 seconds left.
|inactive|MafiaPolar6242 has 20 seconds left.
|inactive|MafiaPolar6242 has 15 seconds left.
|inactive|MafiaPolar6242 has 10 seconds left.
|
|t:|1782409728
|detailschange|p2b: Starmie|Starmie-Mega, L50
|-mega|p2b: Starmie|Starmie|Starminite
|move|p2a: Kingambit|Protect|p2a: Kingambit
|-singleturn|p2a: Kingambit|Protect
|move|p2b: Starmie|Flip Turn|p1b: Staraptor
|-damage|p1b: Staraptor|64/100
|
|t:|1782409740
|switch|p2b: Tyranitar|Tyranitar, L50, F|100/100|[from] Flip Turn
|-weather|Sandstorm|[from] ability: Sand Stream|[of] p2b: Tyranitar
|move|p1b: Staraptor|Close Combat|p2a: Kingambit
|-activate|p2a: Kingambit|move: Protect
|move|p1a: Sinistcha|Memento|p1b: Staraptor
|-unboost|p1b: Staraptor|atk|2
|-unboost|p1b: Staraptor|spa|2
|faint|p1a: Sinistcha
|
|-weather|Sandstorm|[upkeep]
|-damage|p1b: Staraptor|58/100|[from] Sandstorm
|upkeep
|
|t:|1782409752
|switch|p1a: Blaziken|Blaziken, L50, M|100/100
|turn|2
|inactive|MafiaPolar6242 has 30 seconds left.
|
|t:|1782409786
|move|p1a: Blaziken|Brick Break|p2a: Kingambit
|-supereffective|p2a: Kingambit|2
|-enditem|p2a: Kingambit|Chople Berry|[eat]
|-enditem|p2a: Kingambit|Chople Berry|[weaken]
|-damage|p2a: Kingambit|53/100
|move|p1b: Staraptor|Close Combat|p2b: Tyranitar
|-supereffective|p2b: Tyranitar|2
|-damage|p2b: Tyranitar|23/100
|-unboost|p1b: Staraptor|def|1
|-unboost|p1b: Staraptor|spd|1
|move|p2b: Tyranitar|Rock Slide|p1a: Blaziken|[spread] p1a,p1b
|-supereffective|p1b: Staraptor|1
|-damage|p1a: Blaziken|49/100
|-damage|p1b: Staraptor|0 fnt
|faint|p1b: Staraptor
|move|p2a: Kingambit|Iron Head|p1a: Blaziken
|-resisted|p1a: Blaziken|1
|-damage|p1a: Blaziken|6/100
|
|-weather|Sandstorm|[upkeep]
|-damage|p1a: Blaziken|1/100|[from] Sandstorm
|-ability|p1a: Blaziken|Speed Boost|boost
|-boost|p1a: Blaziken|spe|1
|upkeep
|
|t:|1782409794
|switch|p1b: Meowscarada|Meowscarada, L50, F|100/100
|turn|3
|
|t:|1782409816
|move|p2b: Tyranitar|Protect|p2b: Tyranitar
|-singleturn|p2b: Tyranitar|Protect
|move|p2a: Kingambit|Sucker Punch|p1a: Blaziken
|-resisted|p1a: Blaziken|1
|-damage|p1a: Blaziken|0 fnt
|faint|p1a: Blaziken
|move|p1b: Meowscarada|Flower Trick|p2b: Tyranitar
|-start|p1b: Meowscarada|typechange|Grass|[from] ability: Protean
|-activate|p2b: Tyranitar|move: Protect
|
|-weather|Sandstorm|[upkeep]
|-damage|p1b: Meowscarada|94/100|[from] Sandstorm
|upkeep
|turn|4
|
|t:|1782409841
|move|p2a: Kingambit|Sucker Punch|p1b: Meowscarada
|-damage|p1b: Meowscarada|18/100
|move|p1b: Meowscarada|Flower Trick|p2b: Tyranitar
|-supereffective|p2b: Tyranitar|1
|-crit|p2b: Tyranitar
|-damage|p2b: Tyranitar|0 fnt
|faint|p2b: Tyranitar
|-damage|p1b: Meowscarada|9/100|[from] item: Life Orb
|
|-weather|Sandstorm|[upkeep]
|-damage|p1b: Meowscarada|3/100|[from] Sandstorm
|upkeep
|
|t:|1782409846
|switch|p2b: Starmie|Starmie-Mega, L50|100/100
|turn|5
|
|t:|1782409853
|move|p2b: Starmie|Aqua Jet|p1b: Meowscarada
|-resisted|p1b: Meowscarada|1
|-damage|p1b: Meowscarada|0 fnt
|faint|p1b: Meowscarada
|
|win|MafiaPolar6242
|inactive|Nero22dd has 30 seconds to confirm battle start!
|inactive|MafiaPolar6242 has 30 seconds to confirm battle start!
||MafiaPolar6242 is ready for game 2.
|l|☆Nero22dd
|player|p1|
|inactive|Nero22dd has 20 seconds to confirm battle start!
|inactive|Nero22dd has 10 seconds to confirm battle start!
|inactive|Nero22dd has 0 seconds to confirm battle start!
