|j|☆lux raymundi
|j|☆csh72c
|html|lux raymundicsh72c    
|uhtml|bestof|Game 1 of a best-of-3
|t:|1783108483
|gametype|doubles
|player|p1|lux raymundi|2|1108
|player|p2|csh72c|cynthia|1105
|gen|9
|tier|[Gen 9 Champions] VGC 2026 Reg M-B (Bo3)
|rated|
|rule|Species Clause: Limit one of each Pokémon
|rule|Item Clause: Limit 1 of each item
|clearpoke
|poke|p1|Farigiraf, L50, F|
|poke|p1|Floette-Eternal, L50, F|
|poke|p1|Basculegion, L50, M|
|poke|p1|Sneasler, L50, F|
|poke|p1|Sinistcha, L50|
|poke|p1|Delphox, L50, F|
|poke|p2|Toxapex, L50, F, shiny|
|poke|p2|Volcarona, L50, F|
|poke|p2|Altaria, L50, F|
|poke|p2|Whimsicott, L50, M, shiny|
|poke|p2|Palafin, L50, F, shiny|
|poke|p2|Lucario, L50, M|
|teampreview|4
|showteam|p1|Farigiraf||SitrusBerry|ArmorTail|TrickRoom,HelpingHand,Protect,TwinBeam|Bold||F|||50|]Floette-Eternal||Floettite|FlowerVeil|CalmMind,DazzlingGleam,Moonblast,Protect|Modest||F|||50|]Basculegion||FocusSash|Adaptability|AquaJet,Liquidation,LastRespects,Protect|Adamant||M|||50|]Sneasler||WhiteHerb|Unburden|FakeOut,CloseCombat,DireClaw,Protect|Jolly||F|||50|]Sinistcha||KasibBerry|Hospitality|MatchaGotcha,RagePowder,TrickRoom,LifeDew|Serious|||||50|]Delphox||Delphoxite|Blaze|NastyPlot,HeatWave,Psychic,Protect|Timid||F|||50|
|showteam|p2|Toxapex||Leftovers|Regenerator|BanefulBunker,Toxic,Infestation,IronDefense|Sassy||F|||50|]Volcarona||SitrusBerry|FlameBody|QuiverDance,Protect,StruggleBug,HeatWave|Serious||F|||50|]Altaria||Altarianite|CloudNine|Protect,Moonblast,DracoMeteor,HyperVoice|Modest||F|||50|]Whimsicott||FocusSash|Prankster|Tailwind,Moonblast,Endeavor,Encore|Timid||M|||50|]Palafin||ChoiceScarf|ZerotoHero|FlipTurn,CloseCombat,WaveCrash,IronHead|Adamant||F|||50|]Lucario||Lucarionite|InnerFocus|Protect,BulletPunch,AuraSphere,VacuumWave|Mild||M|||50|
|inactive|Battle timer is ON: inactive players will automatically lose when time's up. (requested by csh72c)
|
|t:|1783108506
|teamsize|p1|4
|teamsize|p2|4
|start
|switch|p1a: Sneasler|Sneasler, L50, F|100/100
|switch|p1b: Delphox|Delphox, L50, F|100/100
|switch|p2a: Palafin|Palafin, L50, F, shiny|100/100
|switch|p2b: Volcarona|Volcarona, L50, F|100/100
|turn|1
|
|t:|1783108528
|detailschange|p1b: Delphox|Delphox-Mega, L50, F
|-mega|p1b: Delphox|Delphox|Delphoxite
|move|p2b: Volcarona|Protect|p2b: Volcarona
|-singleturn|p2b: Volcarona|Protect
|move|p1a: Sneasler|Fake Out|p2a: Palafin
|-damage|p2a: Palafin|81/100
|cant|p2a: Palafin|flinch
|move|p1b: Delphox|Nasty Plot|p1b: Delphox
|-boost|p1b: Delphox|spa|2
|
|upkeep
|turn|2
|
|t:|1783108540
|switch|p2b: Toxapex|Toxapex, L50, F, shiny|100/100
|move|p2a: Palafin|Flip Turn|p1b: Delphox
|-supereffective|p1b: Delphox|1
|-damage|p1b: Delphox|31/100
|
|t:|1783108547
|detailschange|p2a: Palafin|Palafin-Hero, L50, F, shiny
|switch|p2a: Volcarona|Volcarona, L50, F|100/100|[from] Flip Turn
|move|p1b: Delphox|Heat Wave|p2a: Volcarona|[spread] p2a,p2b
|-resisted|p2b: Toxapex|1
|-damage|p2a: Volcarona|8/100
|-damage|p2b: Toxapex|66/100
|-enditem|p2a: Volcarona|Sitrus Berry|[eat]
|-heal|p2a: Volcarona|33/100|[from] item: Sitrus Berry
|move|p1a: Sneasler|Close Combat|p2a: Volcarona
|-resisted|p2a: Volcarona|1
|-damage|p2a: Volcarona|0 fnt
|-unboost|p1a: Sneasler|def|1
|-unboost|p1a: Sneasler|spd|1
|faint|p2a: Volcarona
|-enditem|p1a: Sneasler|White Herb
|-clearnegativeboost|p1a: Sneasler|[silent]
|
|-heal|p2b: Toxapex|72/100|[from] item: Leftovers
|upkeep
|
|t:|1783108550
|switch|p2a: Altaria|Altaria, L50, F|100/100
|-ability|p2a: Altaria|Cloud Nine
|turn|3
|
|t:|1783108564
|detailschange|p2a: Altaria|Altaria-Mega, L50, F
|-mega|p2a: Altaria|Altaria|Altarianite
|move|p1a: Sneasler|Dire Claw|p2a: Altaria
|-supereffective|p2a: Altaria|1
|-damage|p2a: Altaria|13/100
|move|p1b: Delphox|Psychic|p2b: Toxapex
|-supereffective|p2b: Toxapex|1
|-damage|p2b: Toxapex|0 fnt
|faint|p2b: Toxapex
|move|p2a: Altaria|Hyper Voice|p1b: Delphox|[spread] p1a,p1b
|-resisted|p1b: Delphox|1
|-damage|p1a: Sneasler|43/100
|-damage|p1b: Delphox|11/100
|
|upkeep
|
|t:|1783108567
|switch|p2b: Palafin|Palafin-Hero, L50, F, shiny|81/100
|-activate|p2b: Palafin|ability: Zero to Hero
|turn|4
|inactive|lux raymundi has 30 seconds left.
|
|t:|1783108596
|move|p1b: Delphox|Protect|p1b: Delphox
|-singleturn|p1b: Delphox|Protect
|move|p2a: Altaria|Protect|p2a: Altaria
|-singleturn|p2a: Altaria|Protect
|move|p1a: Sneasler|Close Combat|p2a: Altaria
|-activate|p2a: Altaria|move: Protect
|move|p2b: Palafin|Wave Crash|p1a: Sneasler
|-damage|p1a: Sneasler|0 fnt
|faint|p1a: Sneasler
|-damage|p2b: Palafin|68/100|[from] Recoil
|
|upkeep
|
|t:|1783108609
|switch|p1a: Basculegion|Basculegion, L50, M|100/100
|turn|5
|
|t:|1783108619
|switch|p1b: Farigiraf|Farigiraf, L50, F|100/100
|move|p1a: Basculegion|Aqua Jet|p2a: Altaria
|-resisted|p2a: Altaria|1
|-crit|p2a: Altaria
|-damage|p2a: Altaria|0 fnt
|faint|p2a: Altaria
|move|p2b: Palafin|Wave Crash|p1b: Farigiraf
|-damage|p1b: Farigiraf|32/100
|-enditem|p1b: Farigiraf|Sitrus Berry|[eat]
|-heal|p1b: Farigiraf|56/100|[from] item: Sitrus Berry
|-damage|p2b: Palafin|40/100|[from] Recoil
|
|upkeep
|turn|6
|
|t:|1783108628
|move|p1b: Farigiraf|Helping Hand|p1a: Basculegion
|-singleturn|p1a: Basculegion|Helping Hand|[of] p1b: Farigiraf
|move|p2b: Palafin|Wave Crash|p1b: Farigiraf
|-damage|p1b: Farigiraf|0 fnt
|faint|p1b: Farigiraf
|-damage|p2b: Palafin|15/100|[from] Recoil
|move|p1a: Basculegion|Last Respects|p2b: Palafin
|-damage|p2b: Palafin|0 fnt
|faint|p2b: Palafin
|
|win|lux raymundi
