|j|â˜†ItsDrakeLionheart
|j|â˜†RobinFalkner
|html|ItsDrakeLionheartRobinFalkner    
|uhtml|bestof|Game 1 of a best-of-3
|t:|1783300741
|gametype|doubles
|player|p1|ItsDrakeLionheart|giovanni|
|player|p2|RobinFalkner|burglar|
|gen|9
|tier|[Gen 9 Champions] VGC 2026 Reg M-B (Bo3)
|rule|Species Clause: Limit one of each PokÃ©mon
|rule|Item Clause: Limit 1 of each item
|clearpoke
|poke|p1|Gengar, L50, M, shiny|
|poke|p1|Incineroar, L50, F, shiny|
|poke|p1|Aerodactyl, L50, F|
|poke|p1|Gliscor, L50, M, shiny|
|poke|p1|Goodra, L50, F|
|poke|p1|Lucario, L50, M|
|poke|p2|Oranguru, L50, M|
|poke|p2|Mawile, L50, M|
|poke|p2|Dragonite, L50, F|
|poke|p2|Tyranitar, L50, F|
|poke|p2|Milotic, L50, M|
|poke|p2|Liepard, L50, M|
|teampreview|4
|showteam|p1|Gengar||Gengarite|CursedBody|Protect,PerishSong,Disable,ShadowBall|Modest||M|||50|]Incineroar||SitrusBerry|Intimidate|FakeOut,Protect,FlareBlitz,PartingShot|Adamant||F|||50|]Aerodactyl||Aerodactylite|Unnerve|Crunch,WideGuard,SunnyDay,EarthPower|Impish||F|||50|]Gliscor||ExpertBelt|HyperCutter|Earthquake,Crunch,Crabhammer,Protect|Jolly||M|||50|]Goodra||Leftovers|Gooey|FirePunch,DracoMeteor,Superpower,Protect|Sassy||F|||50|]Lucario||ShucaBerry|Steadfast|AuraSphere,FlashCannon,WaterPulse,Protect|Timid||M|||50|
|showteam|p2|Oranguru||ColburBerry|InnerFocus|TrickRoom,Psyshock,Protect,Thunderbolt|Quiet||M|||50|]Mawile||Mawilite|HyperCutter|IronHead,PlayRough,SuckerPunch,Protect|Brave||M|||50|]Dragonite||Dragoninite|InnerFocus|Thunderbolt,DragonPulse,Tailwind,Protect|Modest||F|||50|]Tyranitar||ChopleBerry|SandStream|Crunch,IronDefense,BodyPress,Protect|Impish||F|||50|]Milotic||Leftovers|Competitive|Scald,FlipTurn,LifeDew,Protect|Quiet||M|||50|]Liepard||FocusSash|Prankster|FakeOut,Encore,Taunt,Snarl|Timid||M|||50|
|c|â˜†ItsDrakeLionheart|GLHF!
|j| goblinwaltz
|inactive|Battle timer is ON: inactive players will automatically lose when time's up. (requested by ItsDrakeLionheart)
|c|â˜†RobinFalkner|u2!
|j| eternal_nighters
|inactive|ItsDrakeLionheart has 60 seconds left.
|inactive|RobinFalkner has 60 seconds left.
|c| eternal_nighters|Good luck to both competitors
|c| goblinwaltz|did it auto generate tthe open team sheet?
|c|â˜†ItsDrakeLionheart|Yeah -_-
|inactive|RobinFalkner has 30 seconds left.
|c| goblinwaltz|or was it an option for people to accept
|inactive|RobinFalkner has 20 seconds left.
|c| goblinwaltz|Fork a dork
|inactive|RobinFalkner has 15 seconds left.
|
|t:|1783300845
|teamsize|p1|4
|teamsize|p2|4
|start
|switch|p1a: William Afton|Gengar, L50, M, shiny|100/100
|switch|p1b: Marina Shafir|Incineroar, L50, F, shiny|100/100
|switch|p2a: Oranguru|Oranguru, L50, M|100/100
|switch|p2b: Liepard|Liepard, L50, M|100/100
|-ability|p1b: Marina Shafir|Intimidate|boost
|-fail|p2a: Oranguru|unboost|Attack|[from] ability: Inner Focus|[of] p2a: Oranguru
|-unboost|p2b: Liepard|atk|1
|turn|1
|c|â˜†ItsDrakeLionheart|I'm just ignoring it.
|inactive|ItsDrakeLionheart has 30 seconds left.
|inactive|RobinFalkner has 30 seconds left.
|inactive|ItsDrakeLionheart has 20 seconds left.
|inactive|RobinFalkner has 20 seconds left.
|inactive|RobinFalkner has 15 seconds left.
|inactive|RobinFalkner has 10 seconds left.
|
|t:|1783300893
|move|p1b: Marina Shafir|Fake Out|p2b: Liepard
|-damage|p2b: Liepard|77/100
|cant|p2b: Liepard|flinch
|move|p1a: William Afton|Perish Song|p1a: William Afton
|-start|p1a: William Afton|perish3|[silent]
|-start|p1b: Marina Shafir|perish3|[silent]
|-start|p2a: Oranguru|perish3|[silent]
|-start|p2b: Liepard|perish3|[silent]
|-fieldactivate|move: Perish Song
|move|p2a: Oranguru|Trick Room|p2a: Oranguru
|-fieldstart|move: Trick Room|[of] p2a: Oranguru
|
|-start|p2a: Oranguru|perish3
|-start|p1b: Marina Shafir|perish3
|-start|p1a: William Afton|perish3
|-start|p2b: Liepard|perish3
|upkeep
|turn|2
|j| GeneticIvy
|inactive|RobinFalkner has 30 seconds left.
|
|t:|1783300923
|move|p1b: Marina Shafir|Protect|p1b: Marina Shafir
|-singleturn|p1b: Marina Shafir|Protect
|move|p1a: William Afton|Protect|p1a: William Afton
|-singleturn|p1a: William Afton|Protect
|move|p2b: Liepard|Taunt|p1a: William Afton
|-activate|p1a: William Afton|move: Protect
|move|p2a: Oranguru|Psyshock|p1a: William Afton
|-activate|p1a: William Afton|move: Protect
|
|-start|p2a: Oranguru|perish2
|-start|p1b: Marina Shafir|perish2
|-start|p1a: William Afton|perish2
|-start|p2b: Liepard|perish2
|upkeep
|turn|3
|inactive|ItsDrakeLionheart has 30 seconds left.
|inactive|ItsDrakeLionheart has 20 seconds left.
|c|â˜†ItsDrakeLionheart|It didn't register my mega evo That's upsetting. did I misclick?
|inactive|ItsDrakeLionheart has 15 seconds left.
|
|t:|1783300968
|switch|p1a: Sticky|Goodra, L50, F|100/100
|move|p2b: Liepard|Encore||[still]
|-fail|p2b: Liepard
|move|p2a: Oranguru|Psyshock|p1a: Sticky
|-damage|p1a: Sticky|69/100
|move|p1b: Marina Shafir|Parting Shot|p2a: Oranguru
|-unboost|p2a: Oranguru|atk|1
|-unboost|p2a: Oranguru|spa|1
|
|t:|1783300977
|switch|p1b: William Afton|Gengar, L50, M, shiny|100/100|[from] Parting Shot
|
|-heal|p1a: Sticky|75/100|[from] item: Leftovers
|-start|p2a: Oranguru|perish1
|-start|p2b: Liepard|perish1
|upkeep
|turn|4
|inactive|ItsDrakeLionheart has 30 seconds left.
|
|t:|1783301004
|detailschange|p1b: William Afton|Gengar-Mega, L50, M, shiny
|-mega|p1b: William Afton|Gengar|Gengarite
|move|p1b: William Afton|Protect|p1b: William Afton
|-singleturn|p1b: William Afton|Protect
|move|p2a: Oranguru|Psyshock|p1a: Sticky
|-damage|p1a: Sticky|52/100
|move|p1a: Sticky|Superpower|p2b: Liepard
|-supereffective|p2b: Liepard|1
|-damage|p2b: Liepard|0 fnt
|-unboost|p1a: Sticky|atk|1
|-unboost|p1a: Sticky|def|1
|faint|p2b: Liepard
|
|-heal|p1a: Sticky|58/100|[from] item: Leftovers
|-start|p2a: Oranguru|perish0
|faint|p2a: Oranguru
|upkeep
|
|t:|1783301022
|switch|p2a: Mawile|Mawile, L50, M|100/100
|switch|p2b: Milotic|Milotic, L50, M|100/100
|turn|5
|inactive|ItsDrakeLionheart has 30 seconds left.
|
|t:|1783301050
|detailschange|p2a: Mawile|Mawile-Mega, L50, M
|-mega|p2a: Mawile|Mawile|Mawilite
|move|p1a: Sticky|Protect|p1a: Sticky
|-singleturn|p1a: Sticky|Protect
|move|p2a: Mawile|Iron Head|p1b: William Afton
|-damage|p1b: William Afton|16/100
|move|p2b: Milotic|Scald|p1a: Sticky
|-activate|p1a: Sticky|move: Protect
|move|p1b: William Afton|Shadow Ball|p2a: Mawile
|-damage|p2a: Mawile|38/100
|-unboost|p2a: Mawile|spd|1
|
|-heal|p1a: Sticky|64/100|[from] item: Leftovers
|-fieldend|move: Trick Room
|upkeep
|turn|6
|
|t:|1783301073
|move|p2a: Mawile|Protect|p2a: Mawile
|-singleturn|p2a: Mawile|Protect
|move|p1b: William Afton|Disable|p2b: Milotic
|-start|p2b: Milotic|Disable|Scald
|cant|p2b: Milotic|Disable|Scald
|move|p1a: Sticky|Superpower|p2a: Mawile
|-activate|p2a: Mawile|move: Protect
|
|-heal|p1a: Sticky|70/100|[from] item: Leftovers
|upkeep
|turn|7
|
|t:|1783301090
|switch|p1b: Marina Shafir|Incineroar, L50, F, shiny|100/100
|-ability|p1b: Marina Shafir|Intimidate|boost
|-unboost|p2a: Mawile|atk|1
|-unboost|p2b: Milotic|atk|1
|-ability|p2b: Milotic|Competitive|boost
|-boost|p2b: Milotic|spa|2
|move|p2a: Mawile|Sucker Punch||[still]
|-fail|p2a: Mawile
|move|p2b: Milotic|Life Dew||[still]|[spread] p2a,p2b
|-heal|p2a: Mawile|63/100
|-fail|p2b: Milotic|heal
|move|p1a: Sticky|Superpower|p2a: Mawile
|-crit|p2a: Mawile
|-damage|p2a: Mawile|22/100
|-unboost|p1a: Sticky|atk|1
|-unboost|p1a: Sticky|def|1
|
|-heal|p1a: Sticky|76/100|[from] item: Leftovers
|upkeep
|turn|8
|inactive|RobinFalkner has 30 seconds left.
|
|t:|1783301116
|move|p2a: Mawile|Protect|p2a: Mawile
|-singleturn|p2a: Mawile|Protect
|move|p1b: Marina Shafir|Fake Out|p2b: Milotic
|-damage|p2b: Milotic|87/100
|cant|p2b: Milotic|flinch
|move|p1a: Sticky|Superpower|p2a: Mawile
|-activate|p2a: Mawile|move: Protect
|
|-heal|p2b: Milotic|93/100|[from] item: Leftovers
|-heal|p1a: Sticky|82/100|[from] item: Leftovers
|upkeep
|turn|9
|l| eternal_nighters
|
|t:|1783301138
|switch|p1b: ProtagoNick|Lucario, L50, M|100/100
|move|p2a: Mawile|Protect|p2a: Mawile
|-singleturn|p2a: Mawile|Protect
|move|p2b: Milotic|Life Dew|p2b: Milotic|[spread] p2a,p2b
|-heal|p2a: Mawile|47/100
|-heal|p2b: Milotic|100/100
|move|p1a: Sticky|Superpower|p2a: Mawile
|-activate|p2a: Mawile|move: Protect
|
|-heal|p1a: Sticky|88/100|[from] item: Leftovers
|-end|p2b: Milotic|Disable
|upkeep
|turn|10
|j| eternal_nighters
|
|t:|1783301167
|move|p2a: Mawile|Sucker Punch|p1a: Sticky
|-damage|p1a: Sticky|32/100
|-ability|p1a: Sticky|Gooey
|-unboost|p2a: Mawile|spe|1
|move|p1b: ProtagoNick|Aura Sphere|p2a: Mawile
|-damage|p2a: Mawile|0 fnt
|faint|p2a: Mawile
|move|p2b: Milotic|Scald|p1b: ProtagoNick
|-damage|p1b: ProtagoNick|0 fnt
|faint|p1b: ProtagoNick
|move|p1a: Sticky|Superpower|p2b: Milotic
|-damage|p2b: Milotic|86/100
|-unboost|p1a: Sticky|atk|1
|-unboost|p1a: Sticky|def|1
|
|-heal|p2b: Milotic|92/100|[from] item: Leftovers
|-heal|p1a: Sticky|38/100|[from] item: Leftovers
|upkeep
|
|t:|1783301184
|switch|p1b: William Afton|Gengar-Mega, L50, M, shiny|16/100
|turn|11
|inactive|ItsDrakeLionheart has 30 seconds left.
|
|t:|1783301210
|move|p1a: Sticky|Protect|p1a: Sticky
|-singleturn|p1a: Sticky|Protect
|move|p1b: William Afton|Perish Song|p1b: William Afton
|-start|p1a: Sticky|perish3|[silent]
|-start|p1b: William Afton|perish3|[silent]
|-start|p2b: Milotic|perish3|[silent]
|-fieldactivate|move: Perish Song
|move|p2b: Milotic|Scald|p1b: William Afton
|-damage|p1b: William Afton|0 fnt
|faint|p1b: William Afton
|
|-heal|p2b: Milotic|98/100|[from] item: Leftovers
|-heal|p1a: Sticky|44/100|[from] item: Leftovers
|-start|p2b: Milotic|perish3
|-start|p1a: Sticky|perish3
|upkeep
|
|t:|1783301221
|switch|p1b: Marina Shafir|Incineroar, L50, F, shiny|100/100
|-ability|p1b: Marina Shafir|Intimidate|boost
|-unboost|p2b: Milotic|atk|1
|-ability|p2b: Milotic|Competitive|boost
|-boost|p2b: Milotic|spa|2
|turn|12
|
|t:|1783301234
|move|p1b: Marina Shafir|Fake Out|p2b: Milotic
|-damage|p2b: Milotic|87/100
|cant|p2b: Milotic|flinch
|move|p1a: Sticky|Superpower|p2b: Milotic
|-damage|p2b: Milotic|75/100
|-unboost|p1a: Sticky|atk|1
|-unboost|p1a: Sticky|def|1
|
|-heal|p2b: Milotic|81/100|[from] item: Leftovers
|-heal|p1a: Sticky|50/100g|[from] item: Leftovers
|-start|p2b: Milotic|perish2
|-start|p1a: Sticky|perish2
|upkeep
|turn|13
|
|t:|1783301247
|move|p1a: Sticky|Protect|p1a: Sticky
|-singleturn|p1a: Sticky|Protect
|move|p1b: Marina Shafir|Protect|p1b: Marina Shafir
|-singleturn|p1b: Marina Shafir|Protect
|move|p2b: Milotic|Scald|p1b: Marina Shafir
|-activate|p1b: Marina Shafir|move: Protect
|
|-heal|p2b: Milotic|87/100|[from] item: Leftovers
|-heal|p1a: Sticky|56/100|[from] item: Leftovers
|-start|p2b: Milotic|perish1
|-start|p1a: Sticky|perish1
|upkeep
|turn|14
|
|t:|1783301271
|move|p1b: Marina Shafir|Protect|p1b: Marina Shafir
|-singleturn|p1b: Marina Shafir|Protect
|move|p2b: Milotic|Scald|p1b: Marina Shafir
|-activate|p1b: Marina Shafir|move: Protect
|move|p1a: Sticky|Draco Meteor|p2b: Milotic
|-crit|p2b: Milotic
|-damage|p2b: Milotic|32/100
|-unboost|p1a: Sticky|spa|2
|
|-heal|p2b: Milotic|38/100|[from] item: Leftovers
|-heal|p1a: Sticky|62/100|[from] item: Leftovers
|-start|p2b: Milotic|perish0
|-start|p1a: Sticky|perish0
|faint|p2b: Milotic
|faint|p1a: Sticky
|
|win|ItsDrakeLionheart
|inactive|ItsDrakeLionheart has 30 seconds to confirm battle start!
|inactive|RobinFalkner has 30 seconds to confirm battle start!
||RobinFalkner is ready for game 2.
||ItsDrakeLionheart is ready for game 2.
|uhtml|next|Next: Game 2 of 3
|l|â˜†ItsDrakeLionheart
|player|p1|
|l| goblinwaltz
|l| eternal_nighters
