|j|☆LebronJamesFan23
|j|☆randomguy1114s
|html|LebronJamesFan23randomguy1114s    
|uhtml|bestof|Game 2 of a best-of-3
|t:|1756881176
|gametype|doubles
|player|p1|LebronJamesFan23|janitor|1044
|player|p2|randomguy1114s|lillie-masters|1126
|gen|9
|tier|[Gen 9] VGC 2025 Reg H (Bo3)
|rated|
|rule|Species Clause: Limit one of each Pokémon
|rule|Item Clause: Limit 1 of each item
|clearpoke
|poke|p1|Ursaluna-Bloodmoon, L50, M|
|poke|p1|Amoonguss, L50, F|
|poke|p1|Incineroar, L50, F|
|poke|p1|Porygon2, L50|
|poke|p1|Ninetales-Alola, L50, M|
|poke|p1|Baxcalibur, L50, M|
|poke|p2|Talonflame, L50, M|
|poke|p2|Garchomp, L50, M|
|poke|p2|Tyranitar, L50, M|
|poke|p2|Ursaluna-Bloodmoon, L50, M|
|poke|p2|Amoonguss, L50, F|
|poke|p2|Chandelure, L50, F|
|teampreview|4
|showteam|p1|Ursaluna-Bloodmoon||LifeOrb|MindsEye|Protect,EarthPower,HyperVoice,BloodMoon|||M|||50|,,,,,Normal]Amoonguss||SitrusBerry|Regenerator|Protect,RagePowder,Spore,PollenPuff|||F|||50|,,,,,Water]Incineroar||SafetyGoggles|Intimidate|KnockOff,PartingShot,FlareBlitz,FakeOut|||F|||50|,,,,,Ghost]Porygon2||Eviolite|Download|TrickRoom,Recover,IceBeam,TriAttack||||||50|,,,,,Fighting]Ninetales-Alola||LightClay|SnowWarning|Protect,IcyWind,AuroraVeil,Blizzard|||M|||50|,,,,,Ghost]Baxcalibur||LoadedDice|ThermalExchange|Protect,IcicleSpear,ScaleShot,IceShard|||M|||50|,,,,,Poison
|showteam|p2|Talonflame||SafetyGoggles|GaleWings|Tailwind,FlareBlitz,BraveBird,WillOWisp|||M|||50|,,,,,Ghost]Garchomp||ClearAmulet|SandVeil|Earthquake,DragonClaw,StompingTantrum,Protect|||M|||50|,,,,,Steel]Tyranitar||AssaultVest|SandStream|RockSlide,KnockOff,TeraBlast,LowKick|||M|||50|,,,,,Flying]Ursaluna-Bloodmoon||LifeOrb|MindsEye|BloodMoon,HyperVoice,EarthPower,Protect|||M|||50|,,,,,Normal]Amoonguss||MentalHerb|Regenerator|RagePowder,PollenPuff,Spore,Protect|||F|||50|,,,,,Water]Chandelure||SitrusBerry|FlashFire|HeatWave,ShadowBall,TrickRoom,Protect|||F|||50|,,,,,Grass
|inactive|Battle timer is ON: inactive players will automatically lose when time's up. (requested by LebronJamesFan23)
|inactive|LebronJamesFan23 has 60 seconds left.
|
|t:|1756881217
|teamsize|p1|4
|teamsize|p2|4
|start
|switch|p1a: Amoonguss|Amoonguss, L50, F|100/100
|switch|p1b: Ninetales|Ninetales-Alola, L50, M|100/100
|switch|p2a: BIRDD|Talonflame, L50, M, shiny|100/100
|switch|p2b: DINOOOO|Tyranitar, L50, M, shiny|100/100
|-weather|Snowscape|[from] ability: Snow Warning|[of] p1b: Ninetales
|-weather|Sandstorm|[from] ability: Sand Stream|[of] p2b: DINOOOO
|turn|1
|
|t:|1756881232
|move|p2a: BIRDD|Brave Bird|p1a: Amoonguss
|-supereffective|p1a: Amoonguss
|-damage|p1a: Amoonguss|38/100
|-enditem|p1a: Amoonguss|Sitrus Berry|[eat]
|-heal|p1a: Amoonguss|63/100|[from] item: Sitrus Berry
|-damage|p2a: BIRDD|71/100|[from] Recoil
|move|p1b: Ninetales|Icy Wind|p2b: DINOOOO|[spread] p2a,p2b
|-damage|p2a: BIRDD|43/100
|-damage|p2b: DINOOOO|94/100
|-unboost|p2a: BIRDD|spe|1
|-unboost|p2b: DINOOOO|spe|1
|move|p2b: DINOOOO|Rock Slide|p1a: Amoonguss|[spread] p1a,p1b
|-supereffective|p1b: Ninetales
|-damage|p1a: Amoonguss|40/100
|-damage|p1b: Ninetales|7/100
|move|p1a: Amoonguss|Spore|p2b: DINOOOO
|-status|p2b: DINOOOO|slp|[from] move: Spore
|
|-weather|Sandstorm|[upkeep]
|-damage|p1b: Ninetales|0 fnt|[from] Sandstorm
|-damage|p1a: Amoonguss|34/100|[from] Sandstorm
|faint|p1b: Ninetales
|upkeep
|
|t:|1756881238
|switch|p1b: Ursaluna|Ursaluna-Bloodmoon, L50, M|100/100
|turn|2
|
|t:|1756881265
|switch|p1a: Incineroar|Incineroar, L50, F|100/100
|-ability|p1a: Incineroar|Intimidate|boost
|-unboost|p2a: BIRDD|atk|1
|-unboost|p2b: DINOOOO|atk|1
|move|p2a: BIRDD|Brave Bird|p1a: Incineroar
|-crit|p1a: Incineroar
|-damage|p1a: Incineroar|35/100
|-damage|p2a: BIRDD|15/100|[from] Recoil
|move|p1b: Ursaluna|Blood Moon|p2a: BIRDD
|-damage|p2a: BIRDD|0 fnt
|faint|p2a: BIRDD
|-damage|p1b: Ursaluna|90/100|[from] item: Life Orb
|cant|p2b: DINOOOO|slp
|
|-weather|Sandstorm|[upkeep]
|upkeep
|
|t:|1756881285
|switch|p2a: BEARRRRRR|Ursaluna-Bloodmoon, L50, M|100/100
|turn|3
|
|t:|1756881301
|move|p2a: BEARRRRRR|Protect|p2a: BEARRRRRR
|-singleturn|p2a: BEARRRRRR|Protect
|move|p1a: Incineroar|Fake Out|p2a: BEARRRRRR
|-activate|p2a: BEARRRRRR|move: Protect
|move|p1b: Ursaluna|Earth Power|p2b: DINOOOO
|-supereffective|p2b: DINOOOO
|-damage|p2b: DINOOOO|36/100 slp
|-damage|p1b: Ursaluna|80/100|[from] item: Life Orb
|cant|p2b: DINOOOO|slp
|
|-weather|Sandstorm|[upkeep]
|upkeep
|turn|4
|
|t:|1756881324
|-terastallize|p2a: BEARRRRRR|Normal
|move|p1b: Ursaluna|Protect|p1b: Ursaluna
|-singleturn|p1b: Ursaluna|Protect
|move|p1a: Incineroar|Parting Shot|p2b: DINOOOO
|-unboost|p2b: DINOOOO|atk|1
|-unboost|p2b: DINOOOO|spa|1
|
|t:|1756881329
|switch|p1a: Amoonguss|Amoonguss, L50, F|67/100|[from] Parting Shot
|move|p2a: BEARRRRRR|Blood Moon|p1b: Ursaluna
|-activate|p1b: Ursaluna|move: Protect
|-curestatus|p2b: DINOOOO|slp|[msg]
|move|p2b: DINOOOO|Rock Slide|p1a: Amoonguss|[spread] p1a
|-activate|p1b: Ursaluna|move: Protect
|-damage|p1a: Amoonguss|56/100
|
|-weather|Sandstorm|[upkeep]
|-damage|p2a: BEARRRRRR|95/100|[from] Sandstorm
|-damage|p1a: Amoonguss|50/100|[from] Sandstorm
|upkeep
|turn|5
|
|t:|1756881344
|switch|p2b: SHROOMSSSS|Amoonguss, L50, F, shiny|100/100
|move|p2a: BEARRRRRR|Protect|p2a: BEARRRRRR
|-singleturn|p2a: BEARRRRRR|Protect
|move|p1a: Amoonguss|Rage Powder|p1a: Amoonguss
|-singleturn|p1a: Amoonguss|move: Rage Powder
|move|p1b: Ursaluna|Earth Power|p2b: SHROOMSSSS
|-damage|p2b: SHROOMSSSS|43/100
|-damage|p1b: Ursaluna|70/100|[from] item: Life Orb
|
|-weather|none
|upkeep
|turn|6
|
|t:|1756881358
|move|p1a: Amoonguss|Rage Powder|p1a: Amoonguss
|-singleturn|p1a: Amoonguss|move: Rage Powder
|move|p2a: BEARRRRRR|Hyper Voice|p1a: Amoonguss|[spread] p1a,p1b
|-damage|p1a: Amoonguss|0 fnt
|-damage|p1b: Ursaluna|0 fnt
|faint|p1a: Amoonguss
|faint|p1b: Ursaluna
|-damage|p2a: BEARRRRRR|85/100|[from] item: Life Orb
|move|p2b: SHROOMSSSS|Pollen Puff|p2a: BEARRRRRR
|-heal|p2a: BEARRRRRR|100/100
|
|upkeep
|
|t:|1756881363
|switch|p1b: Incineroar|Incineroar, L50, F|35/100
|-ability|p1b: Incineroar|Intimidate|boost
|-unboost|p2a: BEARRRRRR|atk|1
|-unboost|p2b: SHROOMSSSS|atk|1
|turn|7
|-message|LebronJamesFan23 forfeited.
|
|win|randomguy1114s
|raw|LebronJamesFan23's rating: 1044 → 1031(-13 for losing)
|raw|randomguy1114s's rating: 1126 → 1145(+19 for winning)
|l|☆LebronJamesFan23
|player|p1|
