|j|☆SeymoursLeftToeVGC
|j|☆derekingf
|html|SeymoursLeftToeVGCderekingf    
|uhtml|bestof|Game 1 of a best-of-3
|t:|1783292471
|gametype|doubles
|player|p1|SeymoursLeftToeVGC|ninjaboy|1155
|player|p2|derekingf|265|1236
|gen|9
|tier|[Gen 9 Champions] VGC 2026 Reg M-B (Bo3)
|rated|
|rule|Species Clause: Limit one of each Pokémon
|rule|Item Clause: Limit 1 of each item
|clearpoke
|poke|p1|Tyranitar, L50, F, shiny|
|poke|p1|Excadrill, L50, M, shiny|
|poke|p1|Kangaskhan, L50, F, shiny|
|poke|p1|Tsareena, L50, F, shiny|
|poke|p1|Clefable, L50, F, shiny|
|poke|p1|Talonflame, L50, F, shiny|
|poke|p2|Charizard, L50, F, shiny|
|poke|p2|Whimsicott, L50, F|
|poke|p2|Sylveon, L50, F, shiny|
|poke|p2|Garchomp, L50, F, shiny|
|poke|p2|Kingambit, L50, M|
|poke|p2|Basculegion, L50, M|
|teampreview|4
|showteam|p1|Tyranitar||Tyranitarite|SandStream|RockSlide,Protect,DragonDance,KnockOff|Adamant||F|||50|]Excadrill||FocusSash|SandRush|Earthquake,IronHead,Protect,HighHorsepower|Adamant||M|||50|]Kangaskhan||Kangaskhanite|Scrappy|FakeOut,LastResort|Adamant||F|||50|]Tsareena||LifeOrb|QueenlyMajesty|LowKick,Protect,TropKick,Uturn|Adamant||F|||50|]Clefable||SitrusBerry|Unaware|FollowMe,IceBeam,Protect,HelpingHand|Modest||F|||50|]Talonflame||SharpBeak|GaleWings|DualWingbeat,Tailwind,Protect,Taunt|Adamant||F|||50|
|showteam|p2|Charizard||CharizarditeY|Blaze|HeatWave,SolarBeam,FocusBlast,Protect|Modest||F|||50|]Whimsicott||FocusSash|Prankster|Moonblast,Tailwind,TrickRoom,Encore|Timid||F|||50|]Sylveon||FairyFeather|Pixilate|HyperVoice,HyperBeam,QuickAttack,Protect|Modest||F|||50|]Garchomp||LifeOrb|RoughSkin|Earthquake,DragonClaw,StoneEdge,Protect|Jolly||F|||50|]Kingambit||BlackGlasses|Defiant|KowtowCleave,SuckerPunch,IronHead,Protect|Brave||M|||50|]Basculegion||ChoiceScarf|Adaptability|WaveCrash,AquaJet,LastRespects,FlipTurn|Jolly||M|||50|
|inactive|Battle timer is ON: inactive players will automatically lose when time's up. (requested by SeymoursLeftToeVGC)
|inactive|SeymoursLeftToeVGC has 60 seconds left.
|inactive|SeymoursLeftToeVGC has 30 seconds left.
|
|t:|1783292536
|teamsize|p1|4
|teamsize|p2|4
|start
|switch|p1a: Tsareena|Tsareena, L50, F, shiny|100/100
|switch|p1b: Talonflame|Talonflame, L50, F, shiny|100/100
|switch|p2a: Charizard|Charizard, L50, F, shiny|100/100
|switch|p2b: Garchomp|Garchomp, L50, F, shiny|100/100
|turn|1
|
|t:|1783292556
|detailschange|p2a: Charizard|Charizard-Mega-Y, L50, F, shiny
|-mega|p2a: Charizard|Charizard|Charizardite Y
|-weather|SunnyDay|[from] ability: Drought|[of] p2a: Charizard
|move|p1b: Talonflame|Tailwind|p1b: Talonflame
|-sidestart|p1: SeymoursLeftToeVGC|move: Tailwind
|move|p1a: Tsareena|Trop Kick|p2b: Garchomp
|-damage|p2b: Garchomp|34/100
|-unboost|p2b: Garchomp|atk|1
|-damage|p1a: Tsareena|87/100|[from] ability: Rough Skin|[of] p2b: Garchomp
|-damage|p1a: Tsareena|77/100|[from] item: Life Orb
|move|p2b: Garchomp|Stone Edge|p1b: Talonflame|[miss]
|-miss|p2b: Garchomp|p1b: Talonflame
|move|p2a: Charizard|Heat Wave|p1b: Talonflame|[spread] p1a,p1b
|-supereffective|p1a: Tsareena|1
|-crit|p1a: Tsareena
|-resisted|p1b: Talonflame|1
|-damage|p1a: Tsareena|0 fnt
|-damage|p1b: Talonflame|62/100
|faint|p1a: Tsareena
|
|-weather|SunnyDay|[upkeep]
|upkeep
|
|t:|1783292577
|switch|p1a: Tyranitar|Tyranitar, L50, F, shiny|100/100
|-weather|Sandstorm|[from] ability: Sand Stream|[of] p1a: Tyranitar
|turn|2
|
|t:|1783292584
|switch|p2a: Sylveon|Sylveon, L50, F, shiny|100/100
|detailschange|p1a: Tyranitar|Tyranitar-Mega, L50, F, shiny
|-mega|p1a: Tyranitar|Tyranitar|Tyranitarite
|move|p2b: Garchomp|Protect|p2b: Garchomp
|-singleturn|p2b: Garchomp|Protect
|move|p1b: Talonflame|Dual Wingbeat|p2b: Garchomp
|-activate|p2b: Garchomp|move: Protect
|move|p1a: Tyranitar|Rock Slide|p2a: Sylveon|[spread] p2a
|-activate|p2b: Garchomp|move: Protect
|-damage|p2a: Sylveon|53/100
|
|-weather|Sandstorm|[upkeep]
|-damage|p1b: Talonflame|56/100|[from] Sandstorm
|-damage|p2a: Sylveon|47/100|[from] Sandstorm
|upkeep
|turn|3
|
|t:|1783292600
|move|p1b: Talonflame|Dual Wingbeat|p2b: Garchomp|[miss]
|-miss|p1b: Talonflame|p2b: Garchomp
|move|p1a: Tyranitar|Rock Slide|p2a: Sylveon|[spread] p2a,p2b
|-resisted|p2b: Garchomp|1
|-damage|p2a: Sylveon|2/100
|-damage|p2b: Garchomp|16/100
|move|p2b: Garchomp|Stone Edge|p1b: Talonflame
|-supereffective|p1b: Talonflame|2
|-damage|p1b: Talonflame|0 fnt
|faint|p1b: Talonflame
|-damage|p2b: Garchomp|6/100|[from] item: Life Orb
|move|p2a: Sylveon|Hyper Voice|p1a: Tyranitar
|-supereffective|p1a: Tyranitar|1
|-damage|p1a: Tyranitar|35/100
|
|-weather|Sandstorm|[upkeep]
|-damage|p2a: Sylveon|0 fnt|[from] Sandstorm
|faint|p2a: Sylveon
|upkeep
|
|t:|1783292617
|switch|p1b: Clefable|Clefable, L50, F, shiny|100/100
|switch|p2a: Charizard|Charizard-Mega-Y, L50, F, shiny|100/100
|-weather|SunnyDay|[from] ability: Drought|[of] p2a: Charizard
|turn|4
|
|t:|1783292631
|move|p1b: Clefable|Helping Hand|p1a: Tyranitar
|-singleturn|p1a: Tyranitar|Helping Hand|[of] p1b: Clefable
|move|p1a: Tyranitar|Rock Slide|p2b: Garchomp|[spread] p2a,p2b
|-supereffective|p2a: Charizard|2
|-crit|p2a: Charizard
|-resisted|p2b: Garchomp|1
|-damage|p2a: Charizard|0 fnt
|-damage|p2b: Garchomp|0 fnt
|faint|p2a: Charizard
|faint|p2b: Garchomp
|
|-weather|SunnyDay|[upkeep]
|-sideend|p1: SeymoursLeftToeVGC|move: Tailwind
|upkeep
|
|t:|1783292638
|switch|p2a: Basculegion|Basculegion, L50, M|100/100
|turn|5
|
|t:|1783292661
|move|p1b: Clefable|Follow Me|p1b: Clefable
|-singleturn|p1b: Clefable|move: Follow Me
|move|p2a: Basculegion|Wave Crash|p1b: Clefable
|-damage|p1b: Clefable|62/100
|-damage|p2a: Basculegion|87/100|[from] Recoil
|move|p1a: Tyranitar|Knock Off|p2a: Basculegion
|-supereffective|p2a: Basculegion|1
|-damage|p2a: Basculegion|0 fnt
|-enditem|p2a: Basculegion|Choice Scarf|[from] move: Knock Off|[of] p1a: Tyranitar
|faint|p2a: Basculegion
|
|win|SeymoursLeftToeVGC
