|j|☆Oi Ranga
|j|☆Kaairyu
|html|Oi RangaKaairyu    
|uhtml|bestof|Game 1 of a best-of-3
|t:|1757936125
|gametype|doubles
|player|p1|Oi Ranga|1|
|player|p2|Kaairyu|266|
|gen|9
|tier|[Gen 9] VGC 2025 Reg H (Bo3)
|rule|Species Clause: Limit one of each Pokémon
|rule|Item Clause: Limit 1 of each item
|clearpoke
|poke|p1|Archaludon, L50, F|
|poke|p1|Klefki, L50, F|
|poke|p1|Metagross, L50|
|poke|p1|Kingambit, L50, F|
|poke|p1|Sinistcha, L50|
|poke|p1|Gholdengo, L50|
|poke|p2|Ceruledge, L50, M|
|poke|p2|Drifblim, L50, M|
|poke|p2|Dragonite, L50, M|
|poke|p2|Mimikyu, L50, M|
|poke|p2|Zoroark-Hisui, L50, M|
|poke|p2|Dusknoir, L50, F|
|teampreview|4
|showteam|p1|Archaludon||WhiteHerb|Stamina|BodyPress,DracoMeteor,FlashCannon,Protect|||F|||50|,,,,,Steel]Klefki||LightClay|Prankster|LightScreen,Reflect,Spikes,DrainingKiss|||F|||50|,,,,,Steel]Metagross||AssaultVest|ClearBody|BulletPunch,PsychicFangs,IcyWind,MeteorMash||||||50|,,,,,Steel]Kingambit||LifeOrb|SupremeOverlord|SwordsDance,IronHead,KowtowCleave,Substitute|||F|||50|,,,,,Steel]Sinistcha||FocusSash|Hospitality|RagePowder,CalmMind,MatchaGotcha,Hex||||||50|,,,,,Steel]Gholdengo||ChoiceScarf|GoodasGold|DazzlingGleam,Thunderbolt,FlashCannon,Hex||||||50|,,,,,Steel
|showteam|p2|Ceruledge||AirBalloon|FlashFire|BitterBlade,PoisonJab,ShadowClaw,SwordsDance|||M|||50|,,,,,Ghost]Drifblim||FlameOrb|FlareBoost|ShadowBall,ThunderWave,CalmMind,StrengthSap|||M|||50|,,,,,Ghost]Dragonite||Leftovers|Multiscale|DragonClaw,DragonDance,TeraBlast,ExtremeSpeed|||M|||50|,,,,,Ghost]Mimikyu||RockyHelmet|Disguise|PlayRough,SwordsDance,LightScreen,ShadowSneak|||M|||50|,,,,,Ghost]Zoroark-Hisui||SpellTag|Illusion|BitterMalice,ShadowBall,WillOWisp,NastyPlot|||M|||50|,,,,,Ghost]Dusknoir||SitrusBerry|Pressure|ShadowSneak,Rest,SleepTalk,DestinyBond|||F|||50|,,,,,Ghost
|
|t:|1757936158
|teamsize|p1|4
|teamsize|p2|4
|start
|switch|p1a: Sinistcha|Sinistcha, L50|100/100
|switch|p1b: Gholdengo|Gholdengo, L50|100/100
|switch|p2a: Ceruledge|Ceruledge, L50, M|100/100
|switch|p2b: Drifblim|Drifblim, L50, M|100/100
|-item|p2a: Ceruledge|Air Balloon
|turn|1
|
|t:|1757936176
|-terastallize|p1a: Sinistcha|Steel
|move|p1a: Sinistcha|Rage Powder|p1a: Sinistcha
|-singleturn|p1a: Sinistcha|move: Rage Powder
|move|p1b: Gholdengo|Hex|p2a: Ceruledge
|-supereffective|p2a: Ceruledge
|-damage|p2a: Ceruledge|28/100
|-enditem|p2a: Ceruledge|Air Balloon
|move|p2a: Ceruledge|Swords Dance|p2a: Ceruledge
|-boost|p2a: Ceruledge|atk|2
|move|p2b: Drifblim|Thunder Wave|p1a: Sinistcha
|-status|p1a: Sinistcha|par
|
|-status|p2b: Drifblim|brn|[from] item: Flame Orb
|upkeep
|turn|2
|
|t:|1757936199
|cant|p1a: Sinistcha|par
|move|p1b: Gholdengo|Hex|p2a: Ceruledge
|-supereffective|p2a: Ceruledge
|-damage|p2a: Ceruledge|0 fnt
|faint|p2a: Ceruledge
|move|p2b: Drifblim|Shadow Ball|p1b: Gholdengo
|-supereffective|p1b: Gholdengo
|-damage|p1b: Gholdengo|0 fnt
|faint|p1b: Gholdengo
|
|-damage|p2b: Drifblim|94/100 brn|[from] brn
|upkeep
|
|t:|1757936212
|switch|p1b: Kingambit|Kingambit, L50, F, shiny|100/100
|switch|p2a: Dragonite|Dragonite, L50, M|100/100
|-activate|p1b: Kingambit|ability: Supreme Overlord
|-start|p1b: Kingambit|fallen1|[silent]
|turn|3
|
|t:|1757936227
|-terastallize|p2a: Dragonite|Ghost
|move|p1a: Sinistcha|Rage Powder|p1a: Sinistcha
|-singleturn|p1a: Sinistcha|move: Rage Powder
|move|p2a: Dragonite|Dragon Dance|p2a: Dragonite
|-boost|p2a: Dragonite|atk|1
|-boost|p2a: Dragonite|spe|1
|move|p2b: Drifblim|Thunder Wave|p1a: Sinistcha|[miss]
|-miss|p2b: Drifblim|p1a: Sinistcha
|move|p1b: Kingambit|Kowtow Cleave|p2b: Drifblim
|-supereffective|p2b: Drifblim
|-damage|p2b: Drifblim|0 fnt
|faint|p2b: Drifblim
|-damage|p1b: Kingambit|91/100|[from] item: Life Orb
|
|upkeep
|
|t:|1757936242
|switch|p2b: Zoroark|Zoroark-Hisui, L50, M|100/100
|turn|4
|
|t:|1757936260
|move|p1a: Sinistcha|Rage Powder|p1a: Sinistcha
|-singleturn|p1a: Sinistcha|move: Rage Powder
|move|p2a: Dragonite|Dragon Claw|p1a: Sinistcha
|-resisted|p1a: Sinistcha
|-damage|p1a: Sinistcha|66/100 par
|move|p2b: Zoroark|Will-O-Wisp||[still]
|-fail|p2b: Zoroark
|move|p1b: Kingambit|Kowtow Cleave|p2b: Zoroark
|-supereffective|p2b: Zoroark
|-damage|p2b: Zoroark|0 fnt
|faint|p2b: Zoroark
|-damage|p1b: Kingambit|81/100|[from] item: Life Orb
|
|upkeep
|turn|5
|
|t:|1757936283
|move|p1a: Sinistcha|Rage Powder|p1a: Sinistcha
|-singleturn|p1a: Sinistcha|move: Rage Powder
|move|p2a: Dragonite|Tera Blast|p1a: Sinistcha|[anim] Tera Blast Ghost
|-damage|p1a: Sinistcha|0 fnt
|faint|p1a: Sinistcha
|move|p1b: Kingambit|Kowtow Cleave|p2a: Dragonite
|-supereffective|p2a: Dragonite
|-damage|p2a: Dragonite|20/100
|-damage|p1b: Kingambit|72/100|[from] item: Life Orb
|
|-heal|p2a: Dragonite|26/100|[from] item: Leftovers
|upkeep
|
|t:|1757936300
|switch|p1a: Archaludon|Archaludon, L50, F|100/100
|turn|6
|
|t:|1757936311
|move|p2a: Dragonite|Tera Blast|p1b: Kingambit|[anim] Tera Blast Ghost
|-resisted|p1b: Kingambit
|-damage|p1b: Kingambit|48/100
|move|p1a: Archaludon|Draco Meteor|p2a: Dragonite
|-damage|p2a: Dragonite|0 fnt
|-unboost|p1a: Archaludon|spa|2
|faint|p2a: Dragonite
|-enditem|p1a: Archaludon|White Herb
|-clearnegativeboost|p1a: Archaludon|[silent]
|
|win|Oi Ranga
||Oi Ranga is ready for game 2.
|inactive|Kaairyu has 30 seconds to confirm battle start!
|l|☆Oi Ranga
|player|p1|
||Kaairyu is ready for game 2.
|uhtml|next|Next: Game 2 of 3
