|j|☆wodaiogien
|j|☆MessyBench
|html|wodaiogienMessyBench    
|uhtml|bestof|Game 3 of a best-of-3
|t:|1782234781
|gametype|doubles
|player|p1|wodaiogien|265|1050
|player|p2|MessyBench|101|1081
|gen|9
|tier|[Gen 9 Champions] VGC 2026 Reg M-B (Bo3)
|rated|
|rule|Species Clause: Limit one of each Pokémon
|rule|Item Clause: Limit 1 of each item
|clearpoke
|poke|p1|Ninetales-Alola, L50, M|
|poke|p1|Raichu, L50, M|
|poke|p1|Basculegion, L50, M|
|poke|p1|Incineroar, L50, F|
|poke|p1|Kingambit, L50, M|
|poke|p1|Farigiraf, L50, F|
|poke|p2|Gengar, L50, M|
|poke|p2|Kommo-o, L50, M|
|poke|p2|Ninetales-Alola, L50, F|
|poke|p2|Incineroar, L50, M|
|poke|p2|Whimsicott, L50, F|
|poke|p2|Raichu, L50, M|
|teampreview|4
|showteam|p1|Ninetales-Alola||FocusSash|SnowWarning|Blizzard,FreezeDry,Encore,Protect|Timid||M|||50|]Raichu||RaichuniteY|LightningRod|ZapCannon,FocusBlast,FakeOut,Protect|Timid||M|||50|]Basculegion||LifeOrb|Adaptability|WaveCrash,AquaJet,LastRespects,Protect|Adamant||M|||50|]Incineroar||ShucaBerry|Intimidate|FlareBlitz,PartingShot,FakeOut,Taunt|Careful||F|||50|]Kingambit||ChopleBerry|Defiant|KowtowCleave,SuckerPunch,IronHead,LowKick|Adamant||M|||50|]Farigiraf||SitrusBerry|ArmorTail|TwinBeam,TrickRoom,HelpingHand,Protect|Relaxed||F|||50|
|showteam|p2|Gengar||Gengarite|CursedBody|SludgeBomb,Protect,ShadowBall,Disable|Timid||M|||50|]Kommo-o||Leftovers|Soundproof|BulkUp,BodyPress,Protect,BreakingSwipe|Jolly||M|||50|]Ninetales-Alola||FocusSash|SnowWarning|Encore,Blizzard,FreezeDry,Protect|Timid||F|||50|]Incineroar||ShucaBerry|Intimidate|FakeOut,PartingShot,ThroatChop,FlareBlitz|Impish||M|||50|]Whimsicott||FairyFeather|Prankster|Tailwind,Moonblast,Encore,Protect|Bold||F|||50|]Raichu||RaichuniteY|LightningRod|Protect,ZapCannon,FocusBlast,GrassKnot|Timid||M|||50|
|inactive|Battle timer is ON: inactive players will automatically lose when time's up. (requested by wodaiogien)
|
|t:|1782234833
|teamsize|p1|4
|teamsize|p2|4
|start
|switch|p1a: Basculegion|Basculegion, L50, M|100/100
|switch|p1b: Farigiraf|Farigiraf, L50, F|100/100
|switch|p2a: Gengar|Gengar, L50, M|100/100
|switch|p2b: Kommo-o|Kommo-o, L50, M|100/100
|turn|1
|
|t:|1782234847
|switch|p2b: Incineroar|Incineroar, L50, M|100/100
|-ability|p2b: Incineroar|Intimidate|boost
|-unboost|p1a: Basculegion|atk|1
|-unboost|p1b: Farigiraf|atk|1
|detailschange|p2a: Gengar|Gengar-Mega, L50, M
|-mega|p2a: Gengar|Gengar|Gengarite
|move|p2a: Gengar|Protect|p2a: Gengar
|-singleturn|p2a: Gengar|Protect
|move|p1a: Basculegion|Wave Crash|p2a: Gengar
|-activate|p2a: Gengar|move: Protect
|move|p1b: Farigiraf|Twin Beam|p2b: Incineroar
|-immune|p2b: Incineroar
|
|upkeep
|turn|2
|
|t:|1782234863
|switch|p2a: Kommo-o|Kommo-o, L50, M|100/100
|move|p1a: Basculegion|Wave Crash|p2b: Incineroar
|-supereffective|p2b: Incineroar|1
|-damage|p2b: Incineroar|0 fnt
|faint|p2b: Incineroar
|-damage|p1a: Basculegion|68/100|[from] Recoil
|-damage|p1a: Basculegion|59/100|[from] item: Life Orb
|move|p1b: Farigiraf|Twin Beam|p2a: Kommo-o
|-supereffective|p2a: Kommo-o|1
|-damage|p2a: Kommo-o|70/100
|-supereffective|p2a: Kommo-o|1
|-damage|p2a: Kommo-o|39/100
|-hitcount|p2a: Kommo-o|2
|
|-heal|p2a: Kommo-o|45/100|[from] item: Leftovers
|upkeep
|inactive|MessyBench has 30 seconds left.
|inactive|MessyBench has 20 seconds left.
|
|t:|1782234899
|switch|p2b: Gengar|Gengar-Mega, L50, M|100/100
|turn|3
|inactive|wodaiogien has 30 seconds left.
|
|t:|1782234925
|move|p2a: Kommo-o|Protect|p2a: Kommo-o
|-singleturn|p2a: Kommo-o|Protect
|move|p1a: Basculegion|Protect|p1a: Basculegion
|-singleturn|p1a: Basculegion|Protect
|move|p2b: Gengar|Shadow Ball|p1a: Basculegion
|-activate|p1a: Basculegion|move: Protect
|move|p1b: Farigiraf|Twin Beam|p2a: Kommo-o
|-activate|p2a: Kommo-o|move: Protect
|
|-heal|p2a: Kommo-o|51/100|[from] item: Leftovers
|upkeep
|turn|4
|
|t:|1782234942
|switch|p2a: Ninetales|Ninetales-Alola, L50, F|100/100
|-weather|Snowscape|[from] ability: Snow Warning|[of] p2a: Ninetales
|switch|p1a: Kingambit|Kingambit, L50, M|100/100
|move|p2b: Gengar|Sludge Bomb|p1b: Farigiraf
|-damage|p1b: Farigiraf|40/100
|-status|p1b: Farigiraf|psn
|-enditem|p1b: Farigiraf|Sitrus Berry|[eat]
|-heal|p1b: Farigiraf|65/100 psn|[from] item: Sitrus Berry
|move|p1b: Farigiraf|Twin Beam|p2b: Gengar
|-supereffective|p2b: Gengar|1
|-damage|p2b: Gengar|63/100
|-supereffective|p2b: Gengar|1
|-damage|p2b: Gengar|24/100
|-hitcount|p2b: Gengar|2
|
|-weather|Snowscape|[upkeep]
|-damage|p1b: Farigiraf|52/100 psn|[from] psn
|upkeep
|turn|5
|inactive|wodaiogien has 30 seconds left.
|inactive|MessyBench has 30 seconds left.
|inactive|wodaiogien has 20 seconds left.
|
|t:|1782234982
|move|p2b: Gengar|Protect|p2b: Gengar
|-singleturn|p2b: Gengar|Protect
|move|p2a: Ninetales|Protect|p2a: Ninetales
|-singleturn|p2a: Ninetales|Protect
|move|p1b: Farigiraf|Twin Beam|p2a: Ninetales
|-activate|p2a: Ninetales|move: Protect
|move|p1a: Kingambit|Kowtow Cleave|p2a: Ninetales
|-activate|p2a: Ninetales|move: Protect
|
|-weather|Snowscape|[upkeep]
|-damage|p1b: Farigiraf|40/100 psn|[from] psn
|upkeep
|turn|6
|
|t:|1782235004
|move|p1a: Kingambit|Sucker Punch||[still]
|-fail|p1a: Kingambit
|move|p2b: Gengar|Disable|p1a: Kingambit
|-start|p1a: Kingambit|Disable|Sucker Punch
|move|p2a: Ninetales|Encore|p1a: Kingambit
|-start|p1a: Kingambit|Encore
|move|p1b: Farigiraf|Twin Beam|p2a: Ninetales
|-damage|p2a: Ninetales|81/100
|-damage|p2a: Ninetales|61/100
|-hitcount|p2a: Ninetales|2
|
|-weather|Snowscape|[upkeep]
|-damage|p1b: Farigiraf|28/100 psn|[from] psn
|upkeep
|turn|7
|
|t:|1782235023
|switch|p2a: Kommo-o|Kommo-o, L50, M|51/100
|move|p1b: Farigiraf|Protect|p1b: Farigiraf
|-singleturn|p1b: Farigiraf|Protect
|move|p2b: Gengar|Sludge Bomb|p1b: Farigiraf
|-activate|p1b: Farigiraf|move: Protect
|-activate|p1a: Kingambit|move: Struggle
|move|p1a: Kingambit|Struggle|p2a: Kommo-o
|-damage|p2a: Kommo-o|35/100
|-damage|p1a: Kingambit|74/100|[from] recoil
|
|-weather|Snowscape|[upkeep]
|-heal|p2a: Kommo-o|41/100|[from] item: Leftovers
|-damage|p1b: Farigiraf|15/100 psn|[from] psn
|upkeep
|turn|8
|
|t:|1782235045
|move|p1b: Farigiraf|Helping Hand|p1a: Kingambit
|-singleturn|p1a: Kingambit|Helping Hand|[of] p1b: Farigiraf
|move|p2b: Gengar|Sludge Bomb|p1b: Farigiraf
|-damage|p1b: Farigiraf|0 fnt
|faint|p1b: Farigiraf
|move|p2a: Kommo-o|Bulk Up|p2a: Kommo-o
|-boost|p2a: Kommo-o|atk|1
|-boost|p2a: Kommo-o|def|1
|-activate|p1a: Kingambit|move: Struggle
|move|p1a: Kingambit|Struggle|p2b: Gengar
|-damage|p2b: Gengar|0 fnt
|faint|p2b: Gengar
|-damage|p1a: Kingambit|49/100|[from] recoil
|
|-weather|none
|-heal|p2a: Kommo-o|47/100|[from] item: Leftovers
|upkeep
|
|t:|1782235062
|switch|p2b: Ninetales|Ninetales-Alola, L50, F|61/100
|switch|p1b: Raichu|Raichu, L50, M|100/100
|-weather|Snowscape|[from] ability: Snow Warning|[of] p2b: Ninetales
|turn|9
|
|t:|1782235081
|detailschange|p1b: Raichu|Raichu-Mega-Y, L50, M
|-mega|p1b: Raichu|Raichu|Raichunite Y
|move|p1b: Raichu|Zap Cannon|p2b: Ninetales
|-damage|p2b: Ninetales|0 fnt
|faint|p2b: Ninetales
|move|p2a: Kommo-o|Body Press|p1b: Raichu
|-damage|p1b: Raichu|28/100
|-activate|p1a: Kingambit|move: Struggle
|move|p1a: Kingambit|Struggle|p2a: Kommo-o
|-damage|p2a: Kommo-o|36/100
|-damage|p1a: Kingambit|24/100|[from] recoil
|
|-weather|Snowscape|[upkeep]
|-heal|p2a: Kommo-o|42/100|[from] item: Leftovers
|-end|p1a: Kingambit|Encore
|upkeep
|turn|10
|
|t:|1782235097
|move|p1b: Raichu|Focus Blast|p2a: Kommo-o
|-damage|p2a: Kommo-o|6/100
|move|p2a: Kommo-o|Body Press|p1b: Raichu
|-damage|p1b: Raichu|0 fnt
|faint|p1b: Raichu
|move|p1a: Kingambit|Kowtow Cleave|p2a: Kommo-o
|-resisted|p2a: Kommo-o|1
|-damage|p2a: Kommo-o|0 fnt
|faint|p2a: Kommo-o
|
|win|wodaiogien
|raw|wodaiogien's rating: 1050 → 1085(+35 for winning)
|raw|MessyBench's rating: 1081 → 1057(-24 for losing)
