|j|☆dragonite enj0yer
|j|☆regitron 21
|html|dragonite enj0yerregitron 21    
|uhtml|bestof|Game 2 of a best-of-3
|t:|1756597338
|gametype|doubles
|player|p1|dragonite enj0yer|palmer|1047
|player|p2|regitron 21|shauntal|1120
|gen|9
|tier|[Gen 9] VGC 2025 Reg H (Bo3)
|rated|
|rule|Species Clause: Limit one of each Pokémon
|rule|Item Clause: Limit 1 of each item
|clearpoke
|poke|p1|Sneasler, L50, M|
|poke|p1|Amoonguss, L50, M|
|poke|p1|Gholdengo, L50|
|poke|p1|Incineroar, L50, F|
|poke|p1|Dragonite, L50, F|
|poke|p1|Ursaluna-Bloodmoon, L50, M|
|poke|p2|Ursaluna, L50, F|
|poke|p2|Farigiraf, L50, F|
|poke|p2|Volcarona, L50, M|
|poke|p2|Typhlosion-Hisui, L50, F|
|poke|p2|Whimsicott, L50, F|
|poke|p2|Dragonite, L50, F|
|teampreview|4
|showteam|p1|Sneasler||FocusSash|Unburden|DireClaw,CloseCombat,Protect,ThroatChop|||M|||50|,,,,,Stellar]Amoonguss||SitrusBerry|Regenerator|RagePowder,Spore,PollenPuff,Protect|||M|||50|,,,,,Water]Gholdengo||LifeOrb|GoodasGold|MakeItRain,ShadowBall,Protect,NastyPlot||||||50|,,,,,Water]Incineroar||SafetyGoggles|Intimidate|FlareBlitz,PartingShot,FakeOut,KnockOff|||F|||50|,,,,,Ghost]Dragonite||LoadedDice|Multiscale|ScaleShot,Tailwind,Protect,Haze|||F|||50|,,,,,Fairy]Ursaluna-Bloodmoon||AssaultVest|MindsEye|BloodMoon,VacuumWave,HyperVoice,EarthPower|||M|||50|,,,,,Water
|showteam|p2|Ursaluna||FlameOrb|Guts|Facade,HeadlongRush,Earthquake,Protect|||F|||50|,,,,,Ghost]Farigiraf||ThroatSpray|ArmorTail|TrickRoom,Imprison,HyperVoice,Protect|||F|||50|,,,,,Fairy]Volcarona||Leftovers|FlameBody|GigaDrain,QuiverDance,BugBuzz,HeatWave|||M|||50|,,,,,Grass]Typhlosion-Hisui||LifeOrb|Blaze|Eruption,ShadowBall,HeatWave,Protect|||F|||50|,,,,,Fire]Whimsicott||FocusSash|Prankster|Moonblast,Taunt,SunnyDay,Tailwind|||F|||50|,,,,,Dark]Dragonite||ClearAmulet|Multiscale|Tailwind,DragonDance,ExtremeSpeed,DragonClaw|||F|||50|,,,,,Normal
|inactive|Battle timer is ON: inactive players will automatically lose when time's up. (requested by dragonite enj0yer)
|c|☆regitron 21|hey good luck man
|c|☆regitron 21|nice team
|c|☆regitron 21|again
|inactive|regitron 21 has 60 seconds left.
|c|☆dragonite enj0yer|U2 mate 😊
|
|t:|1756597395
|teamsize|p1|4
|teamsize|p2|4
|start
|switch|p1a: Dragonite|Dragonite, L50, F|100/100
|switch|p1b: Gholdengo|Gholdengo, L50|100/100
|switch|p2a: Amelia|Farigiraf, L50, F|100/100
|switch|p2b: Sugar|Whimsicott, L50, F|100/100
|turn|1
|c|☆regitron 21|uh
|c|☆regitron 21|miss click on fari
|c|☆regitron 21|yikes
|inactive|dragonite enj0yer has 30 seconds left.
|inactive|regitron 21 has 30 seconds left.
|
|t:|1756597423
|move|p2b: Sugar|Tailwind|p2b: Sugar
|-sidestart|p2: regitron 21|move: Tailwind
|move|p2a: Amelia|Hyper Voice|p1a: Dragonite|[spread] p1a
|-immune|p1b: Gholdengo
|-damage|p1a: Dragonite|87/100
|-enditem|p2a: Amelia|Throat Spray
|-boost|p2a: Amelia|spa|1|[from] item: Throat Spray
|move|p1b: Gholdengo|Nasty Plot|p1b: Gholdengo
|-boost|p1b: Gholdengo|spa|2
|move|p1a: Dragonite|Scale Shot|p2a: Amelia
|-damage|p2a: Amelia|86/100
|-damage|p2a: Amelia|71/100
|-damage|p2a: Amelia|59/100
|-damage|p2a: Amelia|45/100
|-hitcount|p2a: Amelia|4
|-unboost|p1a: Dragonite|def|1
|-boost|p1a: Dragonite|spe|1
|
|upkeep
|turn|2
|
|t:|1756597448
|switch|p2a: Jully|Typhlosion-Hisui, L50, F|100/100
|move|p2b: Sugar|Moonblast|p1a: Dragonite
|-supereffective|p1a: Dragonite
|-damage|p1a: Dragonite|5/100
|-unboost|p1a: Dragonite|spa|1
|move|p1a: Dragonite|Tailwind|p1a: Dragonite
|-sidestart|p1: dragonite enj0yer|move: Tailwind
|move|p1b: Gholdengo|Make It Rain|p2a: Jully|[spread] p2a,p2b
|-resisted|p2a: Jully
|-supereffective|p2b: Sugar
|-damage|p2a: Jully|19/100
|-enditem|p2b: Sugar|Focus Sash
|-damage|p2b: Sugar|1/100
|-unboost|p1b: Gholdengo|spa|1
|-damage|p1b: Gholdengo|91/100|[from] item: Life Orb
|
|upkeep
|turn|3
|inactive|dragonite enj0yer has 30 seconds left.
|inactive|regitron 21 has 30 seconds left.
|inactive|dragonite enj0yer has 20 seconds left.
|
|t:|1756597486
|-terastallize|p1b: Gholdengo|Water
|move|p2a: Jully|Protect|p2a: Jully
|-singleturn|p2a: Jully|Protect
|move|p1a: Dragonite|Scale Shot|p2a: Jully
|-activate|p2a: Jully|move: Protect
|move|p2b: Sugar|Moonblast|p1a: Dragonite
|-supereffective|p1a: Dragonite
|-damage|p1a: Dragonite|0 fnt
|faint|p1a: Dragonite
|move|p1b: Gholdengo|Make It Rain|p2b: Sugar|[spread] p2b
|-activate|p2a: Jully|move: Protect
|-supereffective|p2b: Sugar
|-damage|p2b: Sugar|0 fnt
|-unboost|p1b: Gholdengo|spa|1
|faint|p2b: Sugar
|-damage|p1b: Gholdengo|82/100|[from] item: Life Orb
|
|upkeep
|
|t:|1756597500
|switch|p2b: Jenny|Dragonite, L50, F|100/100
|switch|p1a: Incineroar|Incineroar, L50, F|100/100
|-ability|p1a: Incineroar|Intimidate|boost
|-unboost|p2a: Jully|atk|1
|-fail|p2b: Jenny|unboost|[from] item: Clear Amulet|[of] p2b: Jenny
|turn|4
|c|☆regitron 21|gg bro
|
|t:|1756597521
|move|p2a: Jully|Shadow Ball|p1b: Gholdengo
|-damage|p1b: Gholdengo|27/100
|-unboost|p1b: Gholdengo|spd|1
|-damage|p2a: Jully|9/100|[from] item: Life Orb
|move|p1b: Gholdengo|Nasty Plot|p1b: Gholdengo
|-boost|p1b: Gholdengo|spa|2
|move|p1a: Incineroar|Knock Off|p2a: Jully
|-supereffective|p2a: Jully
|-damage|p2a: Jully|0 fnt
|-enditem|p2a: Jully|Life Orb|[from] move: Knock Off|[of] p1a: Incineroar
|faint|p2a: Jully
|move|p2b: Jenny|Dragon Dance|p2b: Jenny
|-boost|p2b: Jenny|atk|1
|-boost|p2b: Jenny|spe|1
|
|-sideend|p2: regitron 21|move: Tailwind
|upkeep
|
|t:|1756597536
|switch|p2a: Amelia|Farigiraf, L50, F|45/100
|turn|5
|
|t:|1756597548
|switch|p1a: Amoonguss|Amoonguss, L50, M|100/100
|-terastallize|p2b: Jenny|Normal
|move|p1b: Gholdengo|Protect|p1b: Gholdengo
|-singleturn|p1b: Gholdengo|Protect
|move|p2a: Amelia|Protect|p2a: Amelia
|-singleturn|p2a: Amelia|Protect
|move|p2b: Jenny|Extreme Speed|p1b: Gholdengo
|-activate|p1b: Gholdengo|move: Protect
|
|-sideend|p1: dragonite enj0yer|move: Tailwind
|upkeep
|turn|6
|
|t:|1756597567
|move|p1a: Amoonguss|Rage Powder|p1a: Amoonguss
|-singleturn|p1a: Amoonguss|move: Rage Powder
|move|p2b: Jenny|Tailwind|p2b: Jenny
|-sidestart|p2: regitron 21|move: Tailwind
|move|p2a: Amelia|Hyper Voice|p1a: Amoonguss|[spread] p1a,p1b
|-damage|p1a: Amoonguss|80/100
|-damage|p1b: Gholdengo|0 fnt
|faint|p1b: Gholdengo
|
|upkeep
|
|t:|1756597575
|switch|p1b: Incineroar|Incineroar, L50, F|100/100
|-ability|p1b: Incineroar|Intimidate|boost
|-unboost|p2a: Amelia|atk|1
|-fail|p2b: Jenny|unboost|[from] item: Clear Amulet|[of] p2b: Jenny
|turn|7
|
|t:|1756597588
|move|p2b: Jenny|Dragon Dance|p2b: Jenny
|-boost|p2b: Jenny|atk|1
|-boost|p2b: Jenny|spe|1
|move|p2a: Amelia|Hyper Voice|p1b: Incineroar|[spread] p1a,p1b
|-damage|p1a: Amoonguss|58/100
|-damage|p1b: Incineroar|76/100
|move|p1b: Incineroar|Knock Off|p2a: Amelia
|-supereffective|p2a: Amelia
|-damage|p2a: Amelia|0 fnt
|faint|p2a: Amelia
|move|p1a: Amoonguss|Spore|p2b: Jenny
|-status|p2b: Jenny|slp|[from] move: Spore
|
|upkeep
|turn|8
|
|t:|1756597603
|cant|p2b: Jenny|slp
|move|p1b: Incineroar|Knock Off|p2b: Jenny
|-damage|p2b: Jenny|80/100 slp
|-enditem|p2b: Jenny|Clear Amulet|[from] move: Knock Off|[of] p1b: Incineroar
|move|p1a: Amoonguss|Pollen Puff|p1b: Incineroar
|-heal|p1b: Incineroar|100/100
|
|upkeep
|turn|9
|
|t:|1756597611
|cant|p2b: Jenny|slp
|move|p1b: Incineroar|Parting Shot|p2b: Jenny
|-unboost|p2b: Jenny|atk|1
|-unboost|p2b: Jenny|spa|1
|move|p1a: Amoonguss|Spore|p2b: Jenny
|-fail|p2b: Jenny|slp
|
|-sideend|p2: regitron 21|move: Tailwind
|upkeep
|turn|10
|
|t:|1756597622
|cant|p2b: Jenny|slp
|move|p1b: Incineroar|Parting Shot|p2b: Jenny
|-unboost|p2b: Jenny|atk|1
|-unboost|p2b: Jenny|spa|1
|move|p1a: Amoonguss|Spore|p2b: Jenny
|-fail|p2b: Jenny|slp
|
|upkeep
|turn|11
|c|☆regitron 21|cmn
|
|t:|1756597629
|-curestatus|p2b: Jenny|slp|[msg]
|move|p2b: Jenny|Extreme Speed|p1b: Incineroar
|-damage|p1b: Incineroar|55/100
|move|p1a: Amoonguss|Rage Powder|p1a: Amoonguss
|-singleturn|p1a: Amoonguss|move: Rage Powder
|move|p1b: Incineroar|Parting Shot|p2b: Jenny
|-unboost|p2b: Jenny|atk|1
|-unboost|p2b: Jenny|spa|1
|
|upkeep
|turn|12
|
|t:|1756597642
|move|p2b: Jenny|Extreme Speed|p1b: Incineroar
|-damage|p1b: Incineroar|23/100
|move|p1b: Incineroar|Knock Off|p2b: Jenny
|-damage|p2b: Jenny|55/100
|move|p1a: Amoonguss|Spore|p2b: Jenny
|-status|p2b: Jenny|slp|[from] move: Spore
|
|upkeep
|turn|13
|
|t:|1756597654
|cant|p2b: Jenny|slp
|move|p1b: Incineroar|Knock Off|p2b: Jenny
|-damage|p2b: Jenny|24/100 slp
|move|p1a: Amoonguss|Pollen Puff|p1b: Incineroar
|-heal|p1b: Incineroar|72/100
|
|upkeep
|turn|14
|
|t:|1756597661
|-curestatus|p2b: Jenny|slp|[msg]
|move|p2b: Jenny|Extreme Speed|p1b: Incineroar
|-damage|p1b: Incineroar|41/100
|move|p1b: Incineroar|Knock Off|p2b: Jenny
|-damage|p2b: Jenny|0 fnt
|faint|p2b: Jenny
|
|win|dragonite enj0yer
|raw|dragonite enj0yer's rating: 1047 → 1087(+40 for winning)
|raw|regitron 21's rating: 1120 → 1090(-30 for losing)
|c|☆regitron 21|gg
