|j|☆WestyLiam
|j|☆darthnius
|html|WestyLiamdarthnius    
|uhtml|bestof|Game 2 of a best-of-3
|t:|1754743714
|gametype|doubles
|player|p1|WestyLiam|1|1398
|player|p2|darthnius|volkner|1307
|gen|9
|tier|[Gen 9] VGC 2025 Reg H (Bo3)
|rated|
|rule|Species Clause: Limit one of each Pokémon
|rule|Item Clause: Limit 1 of each item
|clearpoke
|poke|p1|Ninetales-Alola, L50, M|
|poke|p1|Rillaboom, L50, F|
|poke|p1|Magmar, L50, M|
|poke|p1|Sneasler, L50, F|
|poke|p1|Kingambit, L50, M|
|poke|p1|Basculegion, L50, M|
|poke|p2|Gallade, L50, M|
|poke|p2|Indeedee-F, L50, F|
|poke|p2|Torkoal, L50, M|
|poke|p2|Ursaluna, L50, F|
|poke|p2|Hatterene, L50, F|
|poke|p2|Zoroark-Hisui, L50, M|
|teampreview|4
|showteam|p1|Ninetales-Alola||LifeOrb|SnowWarning|Blizzard,FreezeDry,Encore,Protect|||M|||50|,,,,,Ghost]Rillaboom||AssaultVest|GrassySurge|WoodHammer,FakeOut,Uturn,GrassyGlide|||F|||50|,,,,,Ghost]Magmar||Eviolite|VitalSpirit|Protect,HeatWave,WillOWisp,FollowMe|||M|||50|,,,,,Ghost]Sneasler||FocusSash|PoisonTouch|FakeOut,DireClaw,CloseCombat,Protect|||F|||50|,,,,,Ghost]Kingambit||BlackGlasses|Defiant|KowtowCleave,SwordsDance,SuckerPunch,Protect|||M|||50|,,,,,Fire]Basculegion||ChoiceScarf|Adaptability|WaveCrash,FlipTurn,TeraBlast,LastRespects|||M|||50|,,,,,Fighting
|showteam|p2|Gallade||ClearAmulet|Sharpness|SacredSword,PsychoCut,TrickRoom,WideGuard|||M|||50|,,,,,Grass]Indeedee-F||RockyHelmet|PsychicSurge|FollowMe,HelpingHand,TrickRoom,Psychic|||F|||50|,,,,,Steel]Torkoal||Charcoal|Drought|Eruption,HeatWave,WeatherBall,ClearSmog|||M|||50|,,,,,Fire]Ursaluna||FlameOrb|Guts|Protect,Facade,HeadlongRush,Earthquake|||F|||50|,,,,,Ghost]Hatterene||LifeOrb|MagicBounce|ExpandingForce,DazzlingGleam,Protect,TrickRoom|||F|||50|,,,,,Water]Zoroark-Hisui||ChoiceSpecs|Illusion|HyperVoice,ShadowBall,TeraBlast,Taunt|||M|||50|,,,,,Stellar
|
|t:|1754743732
|teamsize|p1|4
|teamsize|p2|4
|start
|switch|p1a: Magmar|Magmar, L50, M|100/100
|switch|p1b: Kingambit|Kingambit, L50, M|100/100
|switch|p2a: Hatterene|Hatterene, L50, F|100/100
|switch|p2b: Indeedee|Indeedee-F, L50, F|100/100
|-fieldstart|move: Psychic Terrain|[from] ability: Psychic Surge|[of] p2b: Indeedee
|turn|1
|
|t:|1754743760
|switch|p2b: Ursaluna|Ursaluna, L50, F|100/100
|move|p1a: Magmar|Heat Wave|p2b: Ursaluna|[spread] p2a,p2b
|-damage|p2a: Hatterene|75/100
|-damage|p2b: Ursaluna|78/100
|move|p1b: Kingambit|Swords Dance|p1b: Kingambit
|-boost|p1b: Kingambit|atk|2
|move|p2a: Hatterene|Dazzling Gleam|p1b: Kingambit|[spread] p1a,p1b
|-resisted|p1a: Magmar
|-damage|p1a: Magmar|83/100
|-damage|p1b: Kingambit|50/100
|-damage|p2a: Hatterene|66/100|[from] item: Life Orb
|
|-status|p2b: Ursaluna|brn|[from] item: Flame Orb
|upkeep
|turn|2
|
|t:|1754743789
|-terastallize|p1b: Kingambit|Fire
|move|p2a: Hatterene|Protect|p2a: Hatterene
|-singleturn|p2a: Hatterene|Protect
|move|p1a: Magmar|Heat Wave|p2a: Hatterene|[spread] p2b
|-activate|p2a: Hatterene|move: Protect
|-damage|p2b: Ursaluna|56/100 brn
|move|p1b: Kingambit|Kowtow Cleave|p2a: Hatterene
|-activate|p2a: Hatterene|move: Protect
|move|p2b: Ursaluna|Earthquake|p1a: Magmar|[spread] p1a,p1b
|-activate|p2a: Hatterene|move: Protect
|-supereffective|p1a: Magmar
|-supereffective|p1b: Kingambit
|-damage|p1a: Magmar|0 fnt
|-damage|p1b: Kingambit|0 fnt
|faint|p1a: Magmar
|faint|p1b: Kingambit
|
|-damage|p2b: Ursaluna|50/100 brn|[from] brn
|upkeep
|
|t:|1754743797
|switch|p1a: Rillaboom|Rillaboom, L50, F|100/100
|switch|p1b: Basculegion|Basculegion, L50, M|100/100
|-fieldstart|move: Grassy Terrain|[from] ability: Grassy Surge|[of] p1a: Rillaboom
|turn|3
|
|t:|1754743831
|move|p2b: Ursaluna|Protect|p2b: Ursaluna
|-singleturn|p2b: Ursaluna|Protect
|move|p1b: Basculegion|Wave Crash|p2a: Hatterene
|-damage|p2a: Hatterene|0 fnt
|faint|p2a: Hatterene
|-damage|p1b: Basculegion|83/100|[from] Recoil
|move|p1a: Rillaboom|Wood Hammer|p2b: Ursaluna
|-activate|p2b: Ursaluna|move: Protect
|
|-heal|p1b: Basculegion|89/100|[from] Grassy Terrain
|-heal|p2b: Ursaluna|56/100 brn|[from] Grassy Terrain
|-damage|p2b: Ursaluna|50/100 brn|[from] brn
|upkeep
|
|t:|1754743845
|switch|p2a: Indeedee|Indeedee-F, L50, F|100/100
|-fieldstart|move: Psychic Terrain|[from] ability: Psychic Surge|[of] p2a: Indeedee
|turn|4
|
|t:|1754743853
|switch|p2b: Torkoal|Torkoal, L50, M|100/100
|-weather|SunnyDay|[from] ability: Drought|[of] p2b: Torkoal
|-terastallize|p2a: Indeedee|Steel
|move|p1b: Basculegion|Wave Crash|p2a: Indeedee
|-damage|p2a: Indeedee|62/100
|-damage|p1b: Basculegion|73/100|[from] item: Rocky Helmet|[of] p2a: Indeedee
|-damage|p1b: Basculegion|62/100|[from] Recoil
|move|p1a: Rillaboom|Wood Hammer|p2a: Indeedee
|-resisted|p2a: Indeedee
|-damage|p2a: Indeedee|35/100
|-damage|p1a: Rillaboom|84/100|[from] item: Rocky Helmet|[of] p2a: Indeedee
|-damage|p1a: Rillaboom|76/100|[from] Recoil
|move|p2a: Indeedee|Trick Room|p2a: Indeedee
|-fieldstart|move: Trick Room|[of] p2a: Indeedee
|
|-weather|SunnyDay|[upkeep]
|upkeep
|turn|5
|-message|WestyLiam forfeited.
|
|win|darthnius
|raw|WestyLiam's rating: 1398 → 1373(-25 for losing)
|raw|darthnius's rating: 1307 → 1332(+25 for winning)
|l|☆WestyLiam
|player|p1|
