|j|☆jagheter
|j|☆thethigotherworld
|html|jagheterthethigotherworld    
|uhtml|bestof|Game 2 of a best-of-3
|t:|1756444513
|gametype|doubles
|player|p1|jagheter|worker|1023
|player|p2|thethigotherworld|ghetsis|1087
|gen|9
|tier|[Gen 9] VGC 2025 Reg H (Bo3)
|rated|
|rule|Species Clause: Limit one of each Pokémon
|rule|Item Clause: Limit 1 of each item
|clearpoke
|poke|p1|Venusaur, L50, F|
|poke|p1|Volcarona, L50, F|
|poke|p1|Incineroar, L50, M|
|poke|p1|Grimmsnarl, L50, M|
|poke|p1|Dondozo, L50, M|
|poke|p1|Rillaboom, L50, M|
|poke|p2|Ursaluna-Bloodmoon, L50, M|
|poke|p2|Electabuzz, L50, F|
|poke|p2|Rillaboom, L50, M|
|poke|p2|Dragonite, L50, F|
|poke|p2|Blaziken, L50, F|
|poke|p2|Palafin, L50, M|
|teampreview|4
|showteam|p1|Venusaur||WideLens|Chlorophyll|SleepPowder,Protect,SludgeBomb,EarthPower|||F|||50|,,,,,Ghost]Volcarona||CovertCloak|FlameBody|FieryDance,GigaDrain,QuiverDance,Protect|||F|||50|,,,,,Dragon]Incineroar||MirrorHerb|Intimidate|FakeOut,KnockOff,Taunt,FlareBlitz|||M|||50|,,,,,Ghost]Grimmsnarl||BlackGlasses|Prankster|Reflect,LightScreen,SpiritBreak,SuckerPunch|||M|||50|,,,,,Dark]Dondozo||Leftovers|Unaware|Fissure,Protect,Liquidation,Yawn|||M|||50|,,,,,Ghost]Rillaboom||AssaultVest|GrassySurge|FakeOut,WoodHammer,GrassyGlide,Uturn|||M|||50|,,,,,Fire
|showteam|p2|Ursaluna-Bloodmoon||Leftovers|MindsEye|HyperVoice,EarthPower,CalmMind,Protect|||M|||50|,,,,,Ghost]Electabuzz||Eviolite|VitalSpirit|Electroweb,Thunderbolt,FollowMe,Protect|||F|||50|,,,,,Ghost]Rillaboom||AssaultVest|GrassySurge|GrassyGlide,WoodHammer,FakeOut,Uturn|||M|||50|,,,,,Fire]Dragonite||LoadedDice|InnerFocus|ExtremeSpeed,ScaleShot,DragonDance,Protect|||F|||50|,,,,,Fairy]Blaziken||FocusSash|SpeedBoost|Coaching,HeatWave,AuraSphere,Detect|||F|||50|,,,,,Fire]Palafin||MysticWater|ZerotoHero|JetPunch,FlipTurn,Haze,Protect|||M|||50|,,,,,Grass
|
|t:|1756444563
|teamsize|p1|4
|teamsize|p2|4
|start
|switch|p1a: Venusaur|Venusaur, L50, F, shiny|100/100
|switch|p1b: Incineroar|Incineroar, L50, M, shiny|100/100
|switch|p2a: Ursaluna|Ursaluna-Bloodmoon, L50, M|100/100
|switch|p2b: Electabuzz|Electabuzz, L50, F|100/100
|-ability|p1b: Incineroar|Intimidate|boost
|-unboost|p2a: Ursaluna|atk|1
|-unboost|p2b: Electabuzz|atk|1
|turn|1
|
|t:|1756444586
|move|p2b: Electabuzz|Protect|p2b: Electabuzz
|-singleturn|p2b: Electabuzz|Protect
|move|p2a: Ursaluna|Protect|p2a: Ursaluna
|-singleturn|p2a: Ursaluna|Protect
|move|p1b: Incineroar|Fake Out|p2b: Electabuzz
|-activate|p2b: Electabuzz|move: Protect
|move|p1a: Venusaur|Sleep Powder|p2a: Ursaluna
|-activate|p2a: Ursaluna|move: Protect
|
|upkeep
|turn|2
|
|t:|1756444609
|move|p1a: Venusaur|Protect|p1a: Venusaur
|-singleturn|p1a: Venusaur|Protect
|move|p2b: Electabuzz|Follow Me|p2b: Electabuzz
|-singleturn|p2b: Electabuzz|move: Follow Me
|move|p1b: Incineroar|Taunt|p2b: Electabuzz
|-start|p2b: Electabuzz|move: Taunt
|move|p2a: Ursaluna|Calm Mind|p2a: Ursaluna
|-boost|p2a: Ursaluna|spa|1
|-boost|p2a: Ursaluna|spd|1
|-enditem|p1b: Incineroar|Mirror Herb
|-boost|p1b: Incineroar|spa|1|[from] item: Mirror Herb
|-boost|p1b: Incineroar|spd|1|[from] item: Mirror Herb
|
|upkeep
|turn|3
|
|t:|1756444621
|move|p2a: Ursaluna|Protect|p2a: Ursaluna
|-singleturn|p2a: Ursaluna|Protect
|move|p1a: Venusaur|Sleep Powder|p2a: Ursaluna
|-activate|p2a: Ursaluna|move: Protect
|move|p2b: Electabuzz|Electroweb|p1a: Venusaur|[spread] p1a,p1b
|-resisted|p1a: Venusaur
|-damage|p1a: Venusaur|94/100
|-damage|p1b: Incineroar|91/100
|-unboost|p1a: Venusaur|spe|1
|-unboost|p1b: Incineroar|spe|1
|move|p1b: Incineroar|Knock Off|p2b: Electabuzz
|-damage|p2b: Electabuzz|62/100
|-enditem|p2b: Electabuzz|Eviolite|[from] move: Knock Off|[of] p1b: Incineroar
|
|upkeep
|turn|4
|
|t:|1756444640
|move|p2b: Electabuzz|Electroweb|p1a: Venusaur|[spread] p1a,p1b
|-resisted|p1a: Venusaur
|-crit|p1b: Incineroar
|-damage|p1a: Venusaur|87/100
|-damage|p1b: Incineroar|73/100
|-unboost|p1a: Venusaur|spe|1
|-unboost|p1b: Incineroar|spe|1
|move|p2a: Ursaluna|Earth Power|p1a: Venusaur
|-damage|p1a: Venusaur|17/100
|move|p1a: Venusaur|Sleep Powder|p2a: Ursaluna
|-status|p2a: Ursaluna|slp|[from] move: Sleep Powder
|move|p1b: Incineroar|Flare Blitz|p2b: Electabuzz
|-damage|p2b: Electabuzz|0 fnt
|faint|p2b: Electabuzz
|-damage|p1b: Incineroar|55/100|[from] Recoil
|
|upkeep
|
|t:|1756444648
|switch|p2b: Blaziken|Blaziken, L50, F, shiny|100/100
|turn|5
|
|t:|1756444669
|move|p2b: Blaziken|Heat Wave|p1a: Venusaur|[spread] p1a,p1b
|-supereffective|p1a: Venusaur
|-resisted|p1b: Incineroar
|-damage|p1a: Venusaur|0 fnt
|-damage|p1b: Incineroar|44/100
|faint|p1a: Venusaur
|cant|p2a: Ursaluna|slp
|move|p1b: Incineroar|Knock Off|p2a: Ursaluna
|-damage|p2a: Ursaluna|65/100 slp
|-enditem|p2a: Ursaluna|Leftovers|[from] move: Knock Off|[of] p1b: Incineroar
|
|-ability|p2b: Blaziken|Speed Boost|boost
|-boost|p2b: Blaziken|spe|1
|upkeep
|
|t:|1756444685
|switch|p1a: Dondozo|Dondozo, L50, M, shiny|100/100
|turn|6
|
|t:|1756444705
|move|p2b: Blaziken|Aura Sphere|p1b: Incineroar
|-supereffective|p1b: Incineroar
|-damage|p1b: Incineroar|0 fnt
|faint|p1b: Incineroar
|cant|p2a: Ursaluna|slp
|move|p1a: Dondozo|Liquidation|p2a: Ursaluna
|-supereffective|p2a: Ursaluna
|-damage|p2a: Ursaluna|23/100 slp
|
|-ability|p2b: Blaziken|Speed Boost|boost
|-boost|p2b: Blaziken|spe|1
|upkeep
|
|t:|1756444712
|switch|p1b: Grimmsnarl|Grimmsnarl, L50, M, shiny|100/100
|turn|7
|
|t:|1756444723
|switch|p2a: Rillaboom|Rillaboom, L50, M|100/100
|-fieldstart|move: Grassy Terrain|[from] ability: Grassy Surge|[of] p2a: Rillaboom
|-terastallize|p1b: Grimmsnarl|Dark
|move|p1b: Grimmsnarl|Sucker Punch||[still]
|-fail|p1b: Grimmsnarl
|move|p2b: Blaziken|Coaching|p2a: Rillaboom
|-boost|p2a: Rillaboom|atk|1
|-boost|p2a: Rillaboom|def|1
|move|p1a: Dondozo|Yawn|p2b: Blaziken
|-start|p2b: Blaziken|move: Yawn|[of] p1a: Dondozo
|
|-ability|p2b: Blaziken|Speed Boost|boost
|-boost|p2b: Blaziken|spe|1
|upkeep
|turn|8
|
|t:|1756444744
|move|p1b: Grimmsnarl|Reflect|p1b: Grimmsnarl
|-sidestart|p1: jagheter|Reflect
|move|p2b: Blaziken|Coaching|p2a: Rillaboom
|-boost|p2a: Rillaboom|atk|1
|-boost|p2a: Rillaboom|def|1
|move|p2a: Rillaboom|Wood Hammer|p1b: Grimmsnarl
|-damage|p1b: Grimmsnarl|0 fnt
|faint|p1b: Grimmsnarl
|-damage|p2a: Rillaboom|71/100|[from] Recoil
|move|p1a: Dondozo|Yawn|p2a: Rillaboom
|-start|p2a: Rillaboom|move: Yawn|[of] p1a: Dondozo
|
|-heal|p2a: Rillaboom|77/100|[from] Grassy Terrain
|-end|p2b: Blaziken|move: Yawn|[silent]
|-status|p2b: Blaziken|slp
|-ability|p2b: Blaziken|Speed Boost|boost
|-boost|p2b: Blaziken|spe|1
|upkeep
|turn|9
|
|t:|1756444758
|switch|p2a: Ursaluna|Ursaluna-Bloodmoon, L50, M|23/100 slp
|cant|p2b: Blaziken|slp
|move|p1a: Dondozo|Fissure|p2a: Ursaluna|[miss]
|-miss|p1a: Dondozo|p2a: Ursaluna
|
|-heal|p2a: Ursaluna|29/100 slp|[from] Grassy Terrain
|-ability|p2b: Blaziken|Speed Boost|boost
|-boost|p2b: Blaziken|spe|1
|upkeep
|turn|10
|
|t:|1756444775
|switch|p2a: Rillaboom|Rillaboom, L50, M|77/100
|cant|p2b: Blaziken|slp
|move|p1a: Dondozo|Liquidation|p2a: Rillaboom
|-resisted|p2a: Rillaboom
|-damage|p2a: Rillaboom|63/100
|
|-heal|p2a: Rillaboom|69/100|[from] Grassy Terrain
|-ability|p2b: Blaziken|Speed Boost|boost
|-boost|p2b: Blaziken|spe|1
|upkeep
|turn|11
|
|t:|1756444781
|move|p2a: Rillaboom|Fake Out|p1a: Dondozo
|-damage|p1a: Dondozo|95/100
|cant|p2b: Blaziken|slp
|cant|p1a: Dondozo|flinch
|
|-heal|p2a: Rillaboom|75/100|[from] Grassy Terrain
|-heal|p1a: Dondozo|100/100|[from] Grassy Terrain
|-fieldend|move: Grassy Terrain
|upkeep
|turn|12
|
|t:|1756444794
|switch|p2a: Ursaluna|Ursaluna-Bloodmoon, L50, M|29/100 slp
|-curestatus|p2b: Blaziken|slp|[msg]
|move|p2b: Blaziken|Aura Sphere|p1a: Dondozo
|-damage|p1a: Dondozo|69/100
|move|p1a: Dondozo|Liquidation|p2a: Ursaluna
|-supereffective|p2a: Ursaluna
|-damage|p2a: Ursaluna|0 fnt
|faint|p2a: Ursaluna
|
|-heal|p1a: Dondozo|75/100|[from] item: Leftovers
|-sideend|p1: jagheter|Reflect
|upkeep
|
|t:|1756444796
|switch|p2a: Rillaboom|Rillaboom, L50, M|75/100
|-fieldstart|move: Grassy Terrain|[from] ability: Grassy Surge|[of] p2a: Rillaboom
|turn|13
|
|t:|1756444803
|move|p1a: Dondozo|Protect|p1a: Dondozo
|-singleturn|p1a: Dondozo|Protect
|move|p2b: Blaziken|Aura Sphere|p1a: Dondozo
|-activate|p1a: Dondozo|move: Protect
|move|p2a: Rillaboom|Wood Hammer|p1a: Dondozo
|-activate|p1a: Dondozo|move: Protect
|
|-heal|p2a: Rillaboom|81/100|[from] Grassy Terrain
|-heal|p1a: Dondozo|81/100|[from] Grassy Terrain
|-heal|p1a: Dondozo|88/100|[from] item: Leftovers
|upkeep
|turn|14
|
|t:|1756444815
|move|p2b: Blaziken|Aura Sphere|p1a: Dondozo
|-damage|p1a: Dondozo|54/100
|move|p2a: Rillaboom|Wood Hammer|p1a: Dondozo
|-supereffective|p1a: Dondozo
|-damage|p1a: Dondozo|0 fnt
|faint|p1a: Dondozo
|-damage|p2a: Rillaboom|60/100|[from] Recoil
|
|win|thethigotherworld
||jagheter is ready for game 3.
||thethigotherworld is ready for game 3.
|uhtml|next|Next: Game 3 of 3
