|j|☆Pzdns99
|j|☆upchicken
|html|Pzdns99upchicken    
|uhtml|bestof|Game 2 of a best-of-3
|t:|1754455337
|gametype|doubles
|player|p1|Pzdns99|grimsley|1314
|player|p2|upchicken|roxie|1311
|gen|9
|tier|[Gen 9] VGC 2025 Reg H (Bo3)
|rated|
|rule|Species Clause: Limit one of each Pokémon
|rule|Item Clause: Limit 1 of each item
|clearpoke
|poke|p1|Mandibuzz, L50, F|
|poke|p1|Annihilape, L50, M|
|poke|p1|Pelipper, L50, F|
|poke|p1|Basculegion, L50, M|
|poke|p1|Electabuzz, L50, F|
|poke|p1|Archaludon, L50, M|
|poke|p2|Grimmsnarl, L50, M|
|poke|p2|Annihilape, L50, M|
|poke|p2|Maushold, L50|
|poke|p2|Pelipper, L50, M|
|poke|p2|Archaludon, L50, M|
|poke|p2|Sinistcha, L50|
|teampreview|4
|showteam|p1|Mandibuzz||CovertCloak|Overcoat|KnockOff,Tailwind,Snarl,Pluck|||F|||50|,,,,,Grass]Annihilape||FocusSash|Defiant|CloseCombat,RageFist,Coaching,Protect|||M|||50|,,,,,Stellar]Pelipper||ChoiceSpecs|Drizzle|Uturn,Hurricane,WeatherBall,MuddyWater|||F|||50|,,,,,Ghost]Basculegion||LifeOrb|SwiftSwim|AquaJet,LastRespects,WaveCrash,Protect|||M|||50|,,,,,Grass]Electabuzz||Eviolite|VitalSpirit|Electroweb,FollowMe,Protect,Taunt|||F|||50|,,,,,Bug]Archaludon||AssaultVest|Stamina|ElectroShot,BodyPress,FlashCannon,DracoMeteor|||M|||50|,,,,,Bug
|showteam|p2|Grimmsnarl||LightClay|Prankster|Reflect,LightScreen,ThunderWave,SpiritBreak|||M|||50|,,,,,Steel]Annihilape||SpellTag|Defiant|BulkUp,Protect,DrainPunch,RageFist|||M|||50|,,,,,Fire]Maushold||SafetyGoggles|FriendGuard|BeatUp,Taunt,FollowMe,Protect||||||50|,,,,,Ghost]Pelipper||FocusSash|Drizzle|Hurricane,WeatherBall,WideGuard,Protect|||M|||50|,,,,,Dark]Archaludon||AssaultVest|Stamina|ElectroShot,DracoMeteor,Snarl,BodyPress|||M|||50|,,,,,Grass]Sinistcha||SitrusBerry|Hospitality|LifeDew,RagePowder,TrickRoom,MatchaGotcha||||||50|,,,,,Water
|inactive|Battle timer is ON: inactive players will automatically lose when time's up. (requested by Pzdns99)
|
|t:|1754455384
|teamsize|p1|4
|teamsize|p2|4
|start
|switch|p1a: Mandibuzz|Mandibuzz, L50, F|100/100
|switch|p1b: Annihilape|Annihilape, L50, M|100/100
|switch|p2a: Grimmsnarl|Grimmsnarl, L50, M|100/100
|switch|p2b: Archaludon|Archaludon, L50, M|100/100
|turn|1
|inactive|Pzdns99 has 30 seconds left.
|
|t:|1754455414
|-terastallize|p1a: Mandibuzz|Grass
|move|p2a: Grimmsnarl|Reflect|p2a: Grimmsnarl
|-sidestart|p2: upchicken|Reflect
|move|p1b: Annihilape|Coaching|p1a: Mandibuzz
|-boost|p1a: Mandibuzz|atk|1
|-boost|p1a: Mandibuzz|def|1
|move|p1a: Mandibuzz|Tailwind|p1a: Mandibuzz
|-sidestart|p1: Pzdns99|move: Tailwind
|move|p2b: Archaludon|Electro Shot||[still]
|-prepare|p2b: Archaludon|Electro Shot
|-boost|p2b: Archaludon|spa|1
|
|upkeep
|turn|2
|
|t:|1754455437
|move|p2a: Grimmsnarl|Thunder Wave|p1a: Mandibuzz
|-status|p1a: Mandibuzz|par
|move|p1b: Annihilape|Close Combat|p2b: Archaludon
|-supereffective|p2b: Archaludon
|-damage|p2b: Archaludon|49/100
|-unboost|p1b: Annihilape|def|1
|-unboost|p1b: Annihilape|spd|1
|-ability|p2b: Archaludon|Stamina|boost
|-boost|p2b: Archaludon|def|1
|move|p1a: Mandibuzz|Knock Off|p2b: Archaludon
|-damage|p2b: Archaludon|37/100
|-ability|p2b: Archaludon|Stamina|boost
|-boost|p2b: Archaludon|def|1
|-enditem|p2b: Archaludon|Assault Vest|[from] move: Knock Off|[of] p1a: Mandibuzz
|move|p2b: Archaludon|Electro Shot|p1a: Mandibuzz|[from] lockedmove
|-resisted|p1a: Mandibuzz
|-damage|p1a: Mandibuzz|75/100 par
|
|upkeep
|turn|3
|inactive|upchicken has 30 seconds left.
|
|t:|1754455469
|switch|p2a: Sinistcha|Sinistcha, L50|100/100
|-heal|p2b: Archaludon|61/100|[from] ability: Hospitality|[of] p2a: Sinistcha
|move|p1b: Annihilape|Close Combat|p2b: Archaludon
|-supereffective|p2b: Archaludon
|-damage|p2b: Archaludon|31/100
|-unboost|p1b: Annihilape|def|1
|-unboost|p1b: Annihilape|spd|1
|-ability|p2b: Archaludon|Stamina|boost
|-boost|p2b: Archaludon|def|1
|cant|p1a: Mandibuzz|par
|move|p2b: Archaludon|Body Press|p1a: Mandibuzz
|-damage|p1a: Mandibuzz|44/100 par
|
|upkeep
|turn|4
|inactive|upchicken has 30 seconds left.
|
|t:|1754455494
|move|p1b: Annihilape|Coaching|p1a: Mandibuzz
|-boost|p1a: Mandibuzz|atk|1
|-boost|p1a: Mandibuzz|def|1
|cant|p1a: Mandibuzz|par
|move|p2b: Archaludon|Body Press|p1a: Mandibuzz
|-crit|p1a: Mandibuzz
|-damage|p1a: Mandibuzz|0 fnt
|faint|p1a: Mandibuzz
|move|p2a: Sinistcha|Life Dew||[still]|[spread] p2a,p2b
|-fail|p2a: Sinistcha|heal
|-heal|p2b: Archaludon|56/100
|
|-sideend|p1: Pzdns99|move: Tailwind
|upkeep
|
|t:|1754455508
|switch|p1a: Pelipper|Pelipper, L50, F|100/100
|-weather|RainDance|[from] ability: Drizzle|[of] p1a: Pelipper
|turn|5
|
|t:|1754455520
|switch|p2a: Grimmsnarl|Grimmsnarl, L50, M|100/100
|move|p1b: Annihilape|Close Combat|p2b: Archaludon
|-supereffective|p2b: Archaludon
|-damage|p2b: Archaludon|33/100
|-unboost|p1b: Annihilape|def|1
|-unboost|p1b: Annihilape|spd|1
|-ability|p2b: Archaludon|Stamina|boost
|-boost|p2b: Archaludon|def|1
|move|p1a: Pelipper|Hurricane|p2a: Grimmsnarl
|-damage|p2a: Grimmsnarl|44/100
|-start|p2a: Grimmsnarl|confusion
|move|p2b: Archaludon|Electro Shot||[still]
|-prepare|p2b: Archaludon|Electro Shot
|-boost|p2b: Archaludon|spa|1
|-anim|p2b: Archaludon|Electro Shot|p1a: Pelipper
|-supereffective|p1a: Pelipper
|-damage|p1a: Pelipper|0 fnt
|faint|p1a: Pelipper
|
|-weather|RainDance|[upkeep]
|upkeep
|
|t:|1754455523
|switch|p1a: Archaludon|Archaludon, L50, M|100/100
|turn|6
|
|t:|1754455536
|-activate|p2a: Grimmsnarl|confusion
|move|p2a: Grimmsnarl|Light Screen|p2a: Grimmsnarl
|-sidestart|p2: upchicken|move: Light Screen
|move|p1b: Annihilape|Close Combat|p2a: Grimmsnarl
|-damage|p2a: Grimmsnarl|3/100
|-unboost|p1b: Annihilape|def|1
|-unboost|p1b: Annihilape|spd|1
|move|p1a: Archaludon|Draco Meteor|p2b: Archaludon
|-damage|p2b: Archaludon|0 fnt
|-unboost|p1a: Archaludon|spa|2
|faint|p2b: Archaludon
|
|-weather|RainDance|[upkeep]
|upkeep
|
|t:|1754455546
|switch|p2b: Sinistcha|Sinistcha, L50|100/100
|-heal|p2a: Grimmsnarl|28/100|[from] ability: Hospitality|[of] p2b: Sinistcha
|turn|7
|
|t:|1754455557
|-end|p2a: Grimmsnarl|confusion
|move|p2a: Grimmsnarl|Thunder Wave|p1b: Annihilape
|-status|p1b: Annihilape|par
|move|p1a: Archaludon|Electro Shot||[still]
|-prepare|p1a: Archaludon|Electro Shot
|-boost|p1a: Archaludon|spa|1
|-anim|p1a: Archaludon|Electro Shot|p2a: Grimmsnarl
|-damage|p2a: Grimmsnarl|11/100
|move|p2b: Sinistcha|Matcha Gotcha|p1b: Annihilape|[spread] p1a,p1b
|-resisted|p1a: Archaludon
|-damage|p1a: Archaludon|95/100
|-damage|p1b: Annihilape|21/100 par
|-ability|p1a: Archaludon|Stamina|boost
|-boost|p1a: Archaludon|def|1
|move|p1b: Annihilape|Rage Fist|p2b: Sinistcha
|-supereffective|p2b: Sinistcha
|-crit|p2b: Sinistcha
|-damage|p2b: Sinistcha|0 fnt
|faint|p2b: Sinistcha
|
|-weather|RainDance|[upkeep]
|upkeep
|
|t:|1754455576
|switch|p2b: Pelipper|Pelipper, L50, M|100/100
|turn|8
|
|t:|1754455589
|-terastallize|p2b: Pelipper|Dark
|move|p2a: Grimmsnarl|Thunder Wave|p1a: Archaludon
|-status|p1a: Archaludon|par
|move|p2b: Pelipper|Weather Ball|p1b: Annihilape
|-damage|p1b: Annihilape|0 fnt
|faint|p1b: Annihilape
|move|p1a: Archaludon|Electro Shot||[still]
|-prepare|p1a: Archaludon|Electro Shot
|-boost|p1a: Archaludon|spa|1
|-anim|p1a: Archaludon|Electro Shot|p2b: Pelipper
|-damage|p2b: Pelipper|50/100
|
|-weather|RainDance|[upkeep]
|-sideend|p2: upchicken|Reflect
|upkeep
|turn|9
|
|t:|1754455609
|move|p2b: Pelipper|Protect|p2b: Pelipper
|-singleturn|p2b: Pelipper|Protect
|move|p2a: Grimmsnarl|Spirit Break|p1a: Archaludon
|-damage|p1a: Archaludon|80/100 par
|-unboost|p1a: Archaludon|spa|1
|-ability|p1a: Archaludon|Stamina|boost
|-boost|p1a: Archaludon|def|1
|move|p1a: Archaludon|Electro Shot||[still]
|-prepare|p1a: Archaludon|Electro Shot
|-boost|p1a: Archaludon|spa|1
|-anim|p1a: Archaludon|Electro Shot|p2b: Pelipper
|-activate|p2b: Pelipper|move: Protect
|
|-weather|none
|upkeep
|turn|10
|
|t:|1754455624
|move|p2b: Pelipper|Hurricane|p1a: Archaludon
|-resisted|p1a: Archaludon
|-damage|p1a: Archaludon|57/100 par
|-ability|p1a: Archaludon|Stamina|boost
|-boost|p1a: Archaludon|def|1
|move|p2a: Grimmsnarl|Spirit Break|p1a: Archaludon
|-damage|p1a: Archaludon|48/100 par
|-unboost|p1a: Archaludon|spa|1
|-ability|p1a: Archaludon|Stamina|boost
|-boost|p1a: Archaludon|def|1
|move|p1a: Archaludon|Body Press|p2b: Pelipper
|-supereffective|p2b: Pelipper
|-damage|p2b: Pelipper|0 fnt
|faint|p2b: Pelipper
|
|upkeep
|turn|11
|inactive|Pzdns99 has 30 seconds left.
|inactive|Pzdns99 has 20 seconds left.
|inactive|Pzdns99 has 15 seconds left.
|inactive|Pzdns99 has 10 seconds left.
|
|t:|1754455672
|move|p2a: Grimmsnarl|Spirit Break|p1a: Archaludon
|-damage|p1a: Archaludon|40/100 par
|-unboost|p1a: Archaludon|spa|1
|-ability|p1a: Archaludon|Stamina|boost
|-boost|p1a: Archaludon|def|1
|cant|p1a: Archaludon|par
|
|upkeep
|turn|12
|
|t:|1754455681
|move|p2a: Grimmsnarl|Spirit Break|p1a: Archaludon
|-damage|p1a: Archaludon|34/100 par
|-unboost|p1a: Archaludon|spa|1
|-ability|p1a: Archaludon|Stamina|boost
|-boost|p1a: Archaludon|def|1
|move|p1a: Archaludon|Body Press|p2a: Grimmsnarl
|-damage|p2a: Grimmsnarl|0 fnt
|faint|p2a: Grimmsnarl
|
|win|Pzdns99
|raw|Pzdns99's rating: 1314 → 1334(+20 for winning)
|raw|upchicken's rating: 1311 → 1291(-20 for losing)
|l|☆upchicken
|player|p2|
