|j|☆RegiSIXSEVEN
|j|☆max54day
|html|RegiSIXSEVENmax54day    
|uhtml|bestof|Game 3 of a best-of-3
|t:|1782413607
|gametype|doubles
|player|p1|RegiSIXSEVEN|steven|1143
|player|p2|max54day|crasherwake|1164
|gen|9
|tier|[Gen 9 Champions] VGC 2026 Reg M-B (Bo3)
|rated|
|rule|Species Clause: Limit one of each Pokémon
|rule|Item Clause: Limit 1 of each item
|clearpoke
|poke|p1|Dragalge, L50, F, shiny|
|poke|p1|Farigiraf, L50, F, shiny|
|poke|p1|Staraptor, L50, M, shiny|
|poke|p1|Grimmsnarl, L50, M, shiny|
|poke|p1|Kingambit, L50, F, shiny|
|poke|p1|Kangaskhan, L50, F, shiny|
|poke|p2|Staraptor, L50, F|
|poke|p2|Whimsicott, L50, F, shiny|
|poke|p2|Tsareena, L50, F|
|poke|p2|Garchomp, L50, F|
|poke|p2|Metagross, L50|
|poke|p2|Maushold, L50|
|teampreview|4
|showteam|p1|Dragalge||Dragalgite|Adaptability|SludgeBomb,DracoMeteor,FlipTurn,HydroPump|Quiet||F|||50|]Farigiraf||ColburBerry|ArmorTail|Psychic,TrickRoom,HelpingHand,Protect|Calm||F|||50|]Staraptor||ChoiceScarf|Intimidate|FinalGambit,CloseCombat,DualWingbeat,Uturn|Adamant||M|||50|]Grimmsnarl||LightClay|Prankster|SpiritBreak,Reflect,PartingShot,FoulPlay|Careful||M|||50|]Kingambit||BlackGlasses|Defiant|KowtowCleave,SuckerPunch,SwordsDance,Protect|Adamant||F|||50|]Kangaskhan||Kangaskhanite|Scrappy|FakeOut,DoubleEdge,DrainPunch,IcePunch|Adamant||F|||50|
|showteam|p2|Staraptor||Staraptite|Intimidate|CloseCombat,BraveBird,Protect,Roost|Adamant||F|||50|]Whimsicott||FocusSash|Prankster|Tailwind,Charm,Encore,Moonblast|Calm||F|||50|]Tsareena||WideLens|QueenlyMajesty|TripleAxel,TropKick,Protect,Uturn|Adamant||F|||50|]Garchomp||LifeOrb|RoughSkin|RockSlide,DragonClaw,Earthquake,Protect|Adamant||F|||50|]Metagross||Metagrossite|ClearBody|IronHead,StompingTantrum,PsychicFangs,Protect|Adamant|||||50|]Maushold||SilkScarf|FriendGuard|FollowMe,PopulationBomb,Protect,SuperFang|Serious|||||50|
|inactive|Battle timer is ON: inactive players will automatically lose when time's up. (requested by RegiSIXSEVEN)
|
|t:|1782413621
|teamsize|p1|4
|teamsize|p2|4
|start
|switch|p1a: Kangaskhan|Kangaskhan, L50, F, shiny|100/100
|switch|p1b: Staraptor|Staraptor, L50, M, shiny|100/100
|switch|p2a: Staraptor|Staraptor, L50, F|100/100
|switch|p2b: Whimsicott|Whimsicott, L50, F, shiny|100/100
|-ability|p1b: Staraptor|Intimidate|boost
|-unboost|p2a: Staraptor|atk|1
|-unboost|p2b: Whimsicott|atk|1
|-ability|p2a: Staraptor|Intimidate|boost
|-fail|p1a: Kangaskhan|unboost|Attack|[from] ability: Scrappy|[of] p1a: Kangaskhan
|-unboost|p1b: Staraptor|atk|1
|turn|1
|
|t:|1782413638
|switch|p2b: Tsareena|Tsareena, L50, F|100/100
|detailschange|p2a: Staraptor|Staraptor-Mega, L50, F
|-mega|p2a: Staraptor|Staraptor|Staraptite
|detailschange|p1a: Kangaskhan|Kangaskhan-Mega, L50, F, shiny
|-mega|p1a: Kangaskhan|Kangaskhan|Kangaskhanite
|move|p1a: Kangaskhan|Fake Out||[still]
|cant|p2b: Tsareena|ability: Queenly Majesty|Fake Out|[of] p1a: Kangaskhan
|move|p1b: Staraptor|Dual Wingbeat|p2b: Tsareena
|-supereffective|p2b: Tsareena|1
|-damage|p2b: Tsareena|74/100
|-supereffective|p2b: Tsareena|1
|-damage|p2b: Tsareena|51/100
|-hitcount|p2b: Tsareena|2
|move|p2a: Staraptor|Close Combat|p1a: Kangaskhan
|-supereffective|p1a: Kangaskhan|1
|-damage|p1a: Kangaskhan|22/100
|-boost|p2a: Staraptor|def|1
|-boost|p2a: Staraptor|spd|1
|
|upkeep
|turn|2
|inactive|max54day has 30 seconds left.
|inactive|RegiSIXSEVEN has 30 seconds left.
|
|t:|1782413670
|switch|p1b: Grimmsnarl|Grimmsnarl, L50, M, shiny|100/100
|move|p2a: Staraptor|Protect|p2a: Staraptor
|-singleturn|p2a: Staraptor|Protect
|move|p1a: Kangaskhan|Ice Punch|p2b: Tsareena
|-supereffective|p2b: Tsareena|1
|-damage|p2b: Tsareena|0 fnt
|faint|p2b: Tsareena
|
|upkeep
|
|t:|1782413678
|switch|p2b: Whimsicott|Whimsicott, L50, F, shiny|100/100
|turn|3
|inactive|RegiSIXSEVEN has 30 seconds left.
|inactive|max54day has 30 seconds left.
|
|t:|1782413711
|move|p2b: Whimsicott|Charm|p2a: Staraptor
|-boost|p2a: Staraptor|atk|2
|move|p2a: Staraptor|Close Combat|p1a: Kangaskhan
|-supereffective|p1a: Kangaskhan|1
|-damage|p1a: Kangaskhan|0 fnt
|-boost|p2a: Staraptor|def|1
|-boost|p2a: Staraptor|spd|1
|faint|p1a: Kangaskhan
|move|p1b: Grimmsnarl|Spirit Break|p2a: Staraptor
|-supereffective|p2a: Staraptor|1
|-damage|p2a: Staraptor|68/100
|-boost|p2a: Staraptor|spa|1
|
|upkeep
|
|t:|1782413718
|switch|p1a: Staraptor|Staraptor, L50, M, shiny|100/100
|-ability|p1a: Staraptor|Intimidate|boost
|-boost|p2a: Staraptor|atk|1
|-unboost|p2b: Whimsicott|atk|1
|turn|4
|
|t:|1782413733
|move|p2b: Whimsicott|Tailwind|p2b: Whimsicott
|-sidestart|p2: max54day|move: Tailwind
|move|p2a: Staraptor|Close Combat|p1a: Staraptor
|-damage|p1a: Staraptor|0 fnt
|-boost|p2a: Staraptor|def|1
|-boost|p2a: Staraptor|spd|1
|faint|p1a: Staraptor
|move|p1b: Grimmsnarl|Spirit Break|p2a: Staraptor
|-supereffective|p2a: Staraptor|1
|-damage|p2a: Staraptor|40/100
|-boost|p2a: Staraptor|spa|1
|
|upkeep
|
|t:|1782413742
|switch|p1a: Kingambit|Kingambit, L50, F, shiny|100/100
|turn|5
|inactive|max54day has 30 seconds left.
|inactive|max54day has 20 seconds left.
|
|t:|1782413779
|move|p1a: Kingambit|Protect|p1a: Kingambit
|-singleturn|p1a: Kingambit|Protect
|move|p2a: Staraptor|Roost|p2a: Staraptor
|-heal|p2a: Staraptor|90/100
|-singleturn|p2a: Staraptor|move: Roost
|move|p2b: Whimsicott|Moonblast|p1b: Grimmsnarl
|-supereffective|p1b: Grimmsnarl|1
|-damage|p1b: Grimmsnarl|34/100
|move|p1b: Grimmsnarl|Foul Play|p2a: Staraptor
|-resisted|p2a: Staraptor|1
|-damage|p2a: Staraptor|66/100
|
|upkeep
|turn|6
|-message|RegiSIXSEVEN forfeited.
|
|win|max54day
|raw|RegiSIXSEVEN's rating: 1143 → 1120(-23 for losing)
|raw|max54day's rating: 1164 → 1187(+23 for winning)
