|j|ŌśåPerson_McSomeone
|j|ŌśåKingNoahC17
|html|Person_McSomeoneKingNoahC17    
|uhtml|bestof|Game 1 of a best-of-3
|t:|1786058615
|gametype|doubles
|player|p1|Person_McSomeone|miku-psychic|
|player|p2|KingNoahC17|alec-anime|
|gen|9
|tier|[Gen 9 Champions] VGC 2026 Reg M-B (Bo3)
|rule|Species Clause: Limit one of each Pok├®mon
|rule|Item Clause: Limit 1 of each item
|clearpoke
|poke|p1|Mawile, L50, M|
|poke|p1|Toxapex, L50, F|
|poke|p1|Farigiraf, L50, F|
|poke|p1|Torkoal, L50, M|
|poke|p1|Kingambit, L50, M|
|poke|p1|Rotom-Wash, L50|
|poke|p2|Garchomp, L50, M|
|poke|p2|Floette-Eternal, L50, F|
|poke|p2|Grimmsnarl, L50, M|
|poke|p2|Incineroar, L50, M|
|poke|p2|Metagross, L50|
|poke|p2|Hydreigon, L50, M|
|teampreview|4
|showteam|p1|Mawile||Mawilite|Intimidate|SuckerPunch,PlayRough,Protect,IronHead|Brave||M|||50|]Toxapex||Leftovers|Regenerator|Infestation,WideGuard,Toxic,BanefulBunker|Bold||F|||50|]Farigiraf||SitrusBerry|ArmorTail|TrickRoom,HyperVoice,Thunderbolt,Protect|Sassy||F|||50|]Torkoal||Charcoal|Drought|Eruption,EarthPower,SolarBeam,Protect|Quiet||M|||50|]Kingambit||OccaBerry|Defiant|SuckerPunch,KowtowCleave,IronHead,Protect|Adamant||M|||50|]Rotom-Wash||ChoiceScarf|Levitate|Trick,HydroPump,VoltSwitch,Thunderbolt|Modest|||||50|
|showteam|p2|Garchomp||SitrusBerry|RoughSkin|Earthquake,DragonClaw,RockSlide,Protect|Adamant||M|||50|]Floette-Eternal||Floettite|FlowerVeil|DrainingKiss,DazzlingGleam,CalmMind,Protect|Modest||F|||50|]Grimmsnarl||LightClay|Prankster|SpiritBreak,Reflect,LightScreen,PartingShot|Careful||M|||50|]Incineroar||Charcoal|Intimidate|FlareBlitz,ThroatChop,FakeOut,PartingShot|Adamant||M|||50|]Metagross||Metagrossite|ClearBody|Protect,PsychicFangs,IronHead,StompingTantrum|Jolly|||||50|]Hydreigon||ChoiceScarf|Levitate|DarkPulse,DracoMeteor,Snarl,EarthPower|Modest||M|||50|
|inactive|Battle timer is ON: inactive players will automatically lose when time's up. (requested by Person_McSomeone)
|c|ŌśåPerson_McSomeone|bldhf
|c|ŌśåKingNoahC17|what
|c|ŌśåKingNoahC17|in
|c|ŌśåKingNoahC17|tf
|c|ŌśåPerson_McSomeone|bad luck dont have fun
|inactive|Person_McSomeone has 60 seconds left.
|inactive|KingNoahC17 has 60 seconds left.
|c|ŌśåKingNoahC17|no ik it means that
|c|ŌśåKingNoahC17|its just
|c|ŌśåKingNoahC17|WHAT IS THAT
|c|ŌśåPerson_McSomeone|mawile htr
|inactive|Person_McSomeone has 30 seconds left.
|inactive|KingNoahC17 has 30 seconds left.
|
|t:|1786058684
|teamsize|p1|4
|teamsize|p2|4
|start
|switch|p1a: Farigiraf|Farigiraf, L50, F|100/100
|switch|p1b: Rotom|Rotom-Wash, L50|100/100
|switch|p2a: Grimmsnarl|Grimmsnarl, L50, M|100/100
|switch|p2b: Incineroar|Incineroar, L50, M|100/100
|-ability|p2b: Incineroar|Intimidate|boost
|-unboost|p1a: Farigiraf|atk|1
|-unboost|p1b: Rotom|atk|1
|turn|1
|
|t:|1786058705
|move|p2a: Grimmsnarl|Light Screen|p2a: Grimmsnarl
|-sidestart|p2: KingNoahC17|move: Light Screen
|move|p1b: Rotom|Trick|p2a: Grimmsnarl
|-activate|p1b: Rotom|move: Trick|[of] p2a: Grimmsnarl
|-item|p2a: Grimmsnarl|Choice Scarf|[from] move: Trick
|-item|p1b: Rotom|Light Clay|[from] move: Trick
|move|p2b: Incineroar|Throat Chop|p1a: Farigiraf
|-supereffective|p1a: Farigiraf|1
|-damage|p1a: Farigiraf|28/100
|-start|p1a: Farigiraf|Throat Chop|[silent]
|-enditem|p1a: Farigiraf|Sitrus Berry|[eat]
|-heal|p1a: Farigiraf|53/100|[from] item: Sitrus Berry
|move|p1a: Farigiraf|Trick Room|p1a: Farigiraf
|-fieldstart|move: Trick Room|[of] p1a: Farigiraf
|
|upkeep
|turn|2
|
|t:|1786058724
|switch|p1a: Mawile|Mawile, L50, M|100/100
|-ability|p1a: Mawile|Intimidate|boost
|-unboost|p2a: Grimmsnarl|atk|1
|-unboost|p2b: Incineroar|atk|1
|move|p2b: Incineroar|Parting Shot|p1b: Rotom
|-unboost|p1b: Rotom|atk|1
|-unboost|p1b: Rotom|spa|1
|
|t:|1786058733
|switch|p2b: Metagross|Metagross, L50|100/100|[from] Parting Shot
|move|p2a: Grimmsnarl|Spirit Break|p1b: Rotom
|-damage|p1b: Rotom|73/100
|-unboost|p1b: Rotom|spa|1
|move|p1b: Rotom|Hydro Pump|p2b: Metagross
|-damage|p2b: Metagross|80/100
|
|upkeep
|turn|3
|inactive|KingNoahC17 has 30 seconds left.
|inactive|KingNoahC17 has 20 seconds left.
|inactive|KingNoahC17 has 15 seconds left.
|inactive|KingNoahC17 has 10 seconds left.
|inactive|KingNoahC17 has 5 seconds left.
|
|t:|1786058784
|detailschange|p1a: Mawile|Mawile-Mega, L50, M
|-mega|p1a: Mawile|Mawile|Mawilite
|detailschange|p2b: Metagross|Metagross-Mega, L50
|-mega|p2b: Metagross|Metagross|Metagrossite
|move|p1a: Mawile|Sucker Punch|p2b: Metagross
|-supereffective|p2b: Metagross|1
|-damage|p2b: Metagross|11/100
|move|p2a: Grimmsnarl|Spirit Break|p1a: Mawile
|-resisted|p1a: Mawile|1
|-damage|p1a: Mawile|88/100
|-unboost|p1a: Mawile|spa|1
|move|p1b: Rotom|Volt Switch|p2b: Metagross
|-damage|p2b: Metagross|0 fnt
|faint|p2b: Metagross
|
|t:|1786058792
|switch|p1b: Torkoal|Torkoal, L50, M|100/100|[from] Volt Switch
|-weather|SunnyDay|[from] ability: Drought|[of] p1b: Torkoal
|
|-weather|SunnyDay|[upkeep]
|upkeep
|
|t:|1786058797
|switch|p2b: Incineroar|Incineroar, L50, M|100/100
|-ability|p2b: Incineroar|Intimidate|boost
|-unboost|p1a: Mawile|atk|1
|-unboost|p1b: Torkoal|atk|1
|turn|4
|c|ŌśåPerson_McSomeone|fraudigross
|inactive|Person_McSomeone has 30 seconds left.
|l|ŌśåPerson_McSomeone
|inactive|Person_McSomeone disconnected and has 300 seconds to reconnect!
|player|p1|
|inactive|KingNoahC17 has 30 seconds left.
|j|ŌśåPerson_McSomeone
|inactive|Person_McSomeone reconnected and has 30 seconds left.
|player|p1|Person_McSomeone|miku-psychic|
|inactive|Person_McSomeone has 20 seconds left.
|inactive|Person_McSomeone has 15 seconds left.
|
|t:|1786058850
|switch|p1a: Farigiraf|Farigiraf, L50, F|53/100
|move|p2b: Incineroar|Fake Out||[still]
|cant|p1a: Farigiraf|ability: Armor Tail|Fake Out|[of] p2b: Incineroar
|move|p1b: Torkoal|Eruption|p2b: Incineroar|[spread] p2a,p2b
|-resisted|p2b: Incineroar|1
|-damage|p2a: Grimmsnarl|44/100
|-damage|p2b: Incineroar|72/100
|move|p2a: Grimmsnarl|Spirit Break|p1b: Torkoal
|-resisted|p1b: Torkoal|1
|-crit|p1b: Torkoal
|-damage|p1b: Torkoal|79/100
|-unboost|p1b: Torkoal|spa|1
|
|-weather|SunnyDay|[upkeep]
|upkeep
|turn|5
|c|ŌśåPerson_McSomeone|im lagging a lot
|c|ŌśåKingNoahC17|i had assumed so
|inactive|Person_McSomeone has 30 seconds left.
|
|t:|1786058875
|switch|p2a: Garchomp|Garchomp, L50, M|100/100
|move|p1b: Torkoal|Earth Power|p2b: Incineroar
|-supereffective|p2b: Incineroar|1
|-damage|p2b: Incineroar|49/100
|move|p1a: Farigiraf|Hyper Voice|p2a: Garchomp|[spread] p2a,p2b
|-damage|p2a: Garchomp|84/100
|-damage|p2b: Incineroar|33/100
|move|p2b: Incineroar|Throat Chop|p1a: Farigiraf
|-supereffective|p1a: Farigiraf|1
|-damage|p1a: Farigiraf|0 fnt
|faint|p1a: Farigiraf
|
|-weather|SunnyDay|[upkeep]
|-fieldend|move: Trick Room
|upkeep
|
|t:|1786058886
|switch|p1a: Mawile|Mawile-Mega, L50, M|88/100
|turn|6
|
|t:|1786058908
|switch|p1b: Rotom|Rotom-Wash, L50|73/100
|move|p2a: Garchomp|Protect|p2a: Garchomp
|-singleturn|p2a: Garchomp|Protect
|move|p1a: Mawile|Protect|p1a: Mawile
|-singleturn|p1a: Mawile|Protect
|move|p2b: Incineroar|Flare Blitz|p1a: Mawile
|-activate|p1a: Mawile|move: Protect
|
|-weather|SunnyDay|[upkeep]
|upkeep
|turn|7
|
|t:|1786058921
|switch|p2b: Grimmsnarl|Grimmsnarl, L50, M|44/100
|move|p1a: Mawile|Sucker Punch|p2a: Garchomp
|-damage|p2a: Garchomp|46/100
|-damage|p1a: Mawile|77/100|[from] ability: Rough Skin|[of] p2a: Garchomp
|-enditem|p2a: Garchomp|Sitrus Berry|[eat]
|-heal|p2a: Garchomp|71/100|[from] item: Sitrus Berry
|move|p2a: Garchomp|Earthquake|p1a: Mawile|[spread] p2b,p1a
|-immune|p1b: Rotom|[from] ability: Levitate
|-supereffective|p1a: Mawile|1
|-damage|p2b: Grimmsnarl|4/100
|-damage|p1a: Mawile|0 fnt
|faint|p1a: Mawile
|move|p1b: Rotom|Hydro Pump|p2b: Grimmsnarl
|-damage|p2b: Grimmsnarl|0 fnt
|faint|p2b: Grimmsnarl
|
|-weather|none
|upkeep
|
|t:|1786058934
|switch|p2b: Incineroar|Incineroar, L50, M|33/100
|switch|p1a: Torkoal|Torkoal, L50, M|79/100
|-ability|p2b: Incineroar|Intimidate|boost
|-unboost|p1a: Torkoal|atk|1
|-unboost|p1b: Rotom|atk|1
|-weather|SunnyDay|[from] ability: Drought|[of] p1a: Torkoal
|turn|8
|
|t:|1786058950
|move|p1a: Torkoal|Protect|p1a: Torkoal
|-singleturn|p1a: Torkoal|Protect
|move|p2b: Incineroar|Fake Out|p1b: Rotom
|-damage|p1b: Rotom|55/100
|move|p2a: Garchomp|Rock Slide|p1b: Rotom|[spread] 
|-activate|p1a: Torkoal|move: Protect
|-miss|p2a: Garchomp|p1b: Rotom
|cant|p1b: Rotom|flinch
|
|-weather|SunnyDay|[upkeep]
|-sideend|p2: KingNoahC17|move: Light Screen
|upkeep
|turn|9
|
|t:|1786058961
|move|p2a: Garchomp|Dragon Claw|p1b: Rotom
|-damage|p1b: Rotom|0 fnt
|faint|p1b: Rotom
|move|p2b: Incineroar|Throat Chop|p1a: Torkoal
|-damage|p1a: Torkoal|42/100
|-start|p1a: Torkoal|Throat Chop|[silent]
|move|p1a: Torkoal|Earth Power|p2a: Garchomp
|-damage|p2a: Garchomp|46/100
|
|-weather|SunnyDay|[upkeep]
|upkeep
|turn|10
|c|ŌśåPerson_McSomeone|gg
|
|t:|1786058968
|move|p2a: Garchomp|Earthquake|p1a: Torkoal|[spread] p2b,p1a
|-supereffective|p2b: Incineroar|1
|-supereffective|p1a: Torkoal|1
|-damage|p2b: Incineroar|0 fnt
|-damage|p1a: Torkoal|0 fnt
|faint|p2b: Incineroar
|faint|p1a: Torkoal
|
|win|KingNoahC17
||KingNoahC17 is ready for game 2.
||Person_McSomeone is ready for game 2.
|uhtml|next|Next: Game 2 of 3
|l|ŌśåPerson_McSomeone
|player|p1|
|l|ŌśåKingNoahC17
|player|p2|
|j| castoriceball
|l| castoriceball
|j|ŌśåKingNoahC17
|player|p2|KingNoahC17|alec-anime|
