|j|☆FunkleVGC
|j|☆benz_2302
|html|FunkleVGCbenz_2302    
|uhtml|bestof|Game 1 of a best-of-3
|t:|1782517276
|gametype|doubles
|player|p1|FunkleVGC|fisherman-gen4|1187
|player|p2|benz_2302|alder|1174
|gen|9
|tier|[Gen 9 Champions] VGC 2026 Reg M-B (Bo3)
|rated|
|rule|Species Clause: Limit one of each Pokémon
|rule|Item Clause: Limit 1 of each item
|clearpoke
|poke|p1|Froslass, L50, F, shiny|
|poke|p1|Scovillain, L50, F, shiny|
|poke|p1|Lycanroc-Dusk, L50, F|
|poke|p1|Kingambit, L50, F, shiny|
|poke|p1|Basculegion, L50, M, shiny|
|poke|p1|Sneasler, L50, F|
|poke|p2|Charizard, L50, M, shiny|
|poke|p2|Mawile, L50, F|
|poke|p2|Farigiraf, L50, F|
|poke|p2|Incineroar, L50, F, shiny|
|poke|p2|Garchomp, L50, M, shiny|
|poke|p2|Aerodactyl, L50, M, shiny|
|teampreview|4
|showteam|p1|Froslass||Froslassite|CursedBody|Blizzard,ShadowBall,AuroraVeil,Protect|Modest||F|||50|]Scovillain||Scovillainite|Moody|Overheat,GigaDrain,RagePowder,Protect|Bold||F|||50|]Lycanroc-Dusk||FocusSash|ToughClaws|RockSlide,CloseCombat,Accelerock,Protect|Adamant||F|||50|]Kingambit||BlackGlasses|Defiant|KowtowCleave,SuckerPunch,SwordsDance,Protect|Adamant||F|||50|]Basculegion||SitrusBerry|Adaptability|WaveCrash,LastRespects,AquaJet,Protect|Adamant||M|||50|]Sneasler||WhiteHerb|Unburden|DireClaw,CloseCombat,FakeOut,Protect|Adamant||F|||50|
|showteam|p2|Charizard||CharizarditeY|Blaze|HeatWave,SolarBeam,WeatherBall,Protect|Modest||M|||50|]Mawile||Mawilite|HyperCutter|SwordsDance,PlayRough,SuckerPunch,Protect|Adamant||F|||50|]Farigiraf||SitrusBerry|ArmorTail|GrassKnot,PsychicNoise,SunnyDay,TrickRoom|Quiet||F|||50|]Incineroar||Leftovers|Intimidate|FakeOut,FlareBlitz,PartingShot,ThroatChop|Careful||F|||50|]Garchomp||LifeOrb|RoughSkin|Earthquake,DragonClaw,RockSlide,Protect|Jolly||M|||50|]Aerodactyl||FocusSash|Unnerve|Tailwind,RockSlide,WideGuard,SunnyDay|Jolly||M|||50|
|inactive|Battle timer is ON: inactive players will automatically lose when time's up. (requested by benz_2302)
|inactive|benz_2302 has 60 seconds left.
|inactive|benz_2302 has 30 seconds left.
|
|t:|1782517341
|teamsize|p1|4
|teamsize|p2|4
|start
|switch|p1a: Scovillain|Scovillain, L50, F, shiny|100/100
|switch|p1b: Lycanroc|Lycanroc-Dusk, L50, F|100/100
|switch|p2a: Aerodactyl|Aerodactyl, L50, M, shiny|100/100
|switch|p2b: Mawile|Mawile, L50, F|100/100
|-ability|p2a: Aerodactyl|Unnerve
|turn|1
|
|t:|1782517364
|switch|p1b: Basculegion|Basculegion, L50, M, shiny|100/100
|detailschange|p1a: Scovillain|Scovillain-Mega, L50, F, shiny
|-mega|p1a: Scovillain|Scovillain|Scovillainite
|detailschange|p2b: Mawile|Mawile-Mega, L50, F
|-mega|p2b: Mawile|Mawile|Mawilite
|move|p2a: Aerodactyl|Rock Slide|p1a: Scovillain|[spread] p1a,p1b
|-supereffective|p1a: Scovillain|1
|-damage|p1a: Scovillain|46/100
|-damage|p1b: Basculegion|77/100
|-status|p2a: Aerodactyl|brn|[from] ability: Spicy Spray|[of] p1a: Scovillain
|cant|p1a: Scovillain|flinch
|move|p2b: Mawile|Swords Dance|p2b: Mawile
|-boost|p2b: Mawile|atk|2
|
|-damage|p2a: Aerodactyl|94/100 brn|[from] brn
|upkeep
|turn|2
|
|t:|1782517382
|move|p2b: Mawile|Protect|p2b: Mawile
|-singleturn|p2b: Mawile|Protect
|move|p1a: Scovillain|Rage Powder|p1a: Scovillain
|-singleturn|p1a: Scovillain|move: Rage Powder
|move|p2a: Aerodactyl|Tailwind|p2a: Aerodactyl
|-sidestart|p2: benz_2302|move: Tailwind
|move|p1b: Basculegion|Wave Crash|p2b: Mawile
|-activate|p2b: Mawile|move: Protect
|
|-damage|p2a: Aerodactyl|88/100 brn|[from] brn
|upkeep
|turn|3
|
|t:|1782517390
|move|p1a: Scovillain|Rage Powder|p1a: Scovillain
|-singleturn|p1a: Scovillain|move: Rage Powder
|move|p2b: Mawile|Sucker Punch||[still]
|-fail|p2b: Mawile
|move|p2a: Aerodactyl|Rock Slide|p1a: Scovillain|[spread] p1a,p1b
|-supereffective|p1a: Scovillain|1
|-damage|p1a: Scovillain|23/100
|-damage|p1b: Basculegion|66/100
|move|p1b: Basculegion|Wave Crash|p2a: Aerodactyl
|-supereffective|p2a: Aerodactyl|1
|-damage|p2a: Aerodactyl|0 fnt
|faint|p2a: Aerodactyl
|-damage|p1b: Basculegion|45/100|[from] Recoil
|-enditem|p1b: Basculegion|Sitrus Berry|[eat]
|-heal|p1b: Basculegion|70/100|[from] item: Sitrus Berry
|
|upkeep
|
|t:|1782517401
|switch|p2a: Garchomp|Garchomp, L50, M, shiny|100/100
|turn|4
|
|t:|1782517412
|move|p1b: Basculegion|Protect|p1b: Basculegion
|-singleturn|p1b: Basculegion|Protect
|move|p2b: Mawile|Sucker Punch||[still]
|-fail|p2b: Mawile
|move|p2a: Garchomp|Rock Slide|p1a: Scovillain|[spread] p1a
|-activate|p1b: Basculegion|move: Protect
|-supereffective|p1a: Scovillain|1
|-damage|p1a: Scovillain|0 fnt
|-status|p2a: Garchomp|brn|[from] ability: Spicy Spray|[of] p1a: Scovillain
|faint|p1a: Scovillain
|-damage|p2a: Garchomp|90/100 brn|[from] item: Life Orb
|
|-damage|p2a: Garchomp|84/100 brn|[from] brn
|upkeep
|
|t:|1782517425
|switch|p1a: Sneasler|Sneasler, L50, F|100/100
|turn|5
|
|t:|1782517435
|move|p2b: Mawile|Protect|p2b: Mawile
|-singleturn|p2b: Mawile|Protect
|move|p1a: Sneasler|Fake Out|p2b: Mawile
|-activate|p2b: Mawile|move: Protect
|move|p2a: Garchomp|Earthquake|p1b: Basculegion|[spread] p1a,p1b
|-activate|p2b: Mawile|move: Protect
|-supereffective|p1a: Sneasler|1
|-damage|p1a: Sneasler|40/100
|-damage|p1b: Basculegion|49/100
|-damage|p2a: Garchomp|74/100 brn|[from] item: Life Orb
|move|p1b: Basculegion|Wave Crash|p2a: Garchomp
|-damage|p2a: Garchomp|0 fnt
|-damage|p1b: Basculegion|36/100|[from] ability: Rough Skin|[of] p2a: Garchomp
|faint|p2a: Garchomp
|-damage|p1b: Basculegion|16/100|[from] Recoil
|
|-sideend|p2: benz_2302|move: Tailwind
|upkeep
|
|t:|1782517445
|switch|p2a: Incineroar|Incineroar, L50, F, shiny|100/100
|-ability|p2a: Incineroar|Intimidate|boost
|-unboost|p1a: Sneasler|atk|1
|-unboost|p1b: Basculegion|atk|1
|-enditem|p1a: Sneasler|White Herb
|-clearnegativeboost|p1a: Sneasler|[silent]
|turn|6
|
|t:|1782517463
|move|p1a: Sneasler|Protect|p1a: Sneasler
|-singleturn|p1a: Sneasler|Protect
|move|p2a: Incineroar|Fake Out|p1a: Sneasler
|-activate|p1a: Sneasler|move: Protect
|move|p1b: Basculegion|Aqua Jet|p2a: Incineroar
|-supereffective|p2a: Incineroar|1
|-damage|p2a: Incineroar|72/100
|move|p2b: Mawile|Play Rough|p1b: Basculegion
|-damage|p1b: Basculegion|0 fnt
|faint|p1b: Basculegion
|
|-heal|p2a: Incineroar|78/100|[from] item: Leftovers
|upkeep
|
|t:|1782517473
|switch|p1b: Lycanroc|Lycanroc-Dusk, L50, F|100/100
|turn|7
|
|t:|1782517486
|move|p2b: Mawile|Sucker Punch|p1b: Lycanroc
|-enditem|p1b: Lycanroc|Focus Sash
|-damage|p1b: Lycanroc|1/100
|move|p1a: Sneasler|Close Combat|p2b: Mawile
|-crit|p2b: Mawile
|-damage|p2b: Mawile|11/100
|-unboost|p1a: Sneasler|def|1
|-unboost|p1a: Sneasler|spd|1
|move|p1b: Lycanroc|Rock Slide|p2b: Mawile|[spread] p2a,p2b
|-supereffective|p2a: Incineroar|1
|-resisted|p2b: Mawile|1
|-damage|p2a: Incineroar|33/100
|-damage|p2b: Mawile|0 fnt
|faint|p2b: Mawile
|move|p2a: Incineroar|Flare Blitz|p1a: Sneasler
|-damage|p1a: Sneasler|0 fnt
|faint|p1a: Sneasler
|-damage|p2a: Incineroar|21/100|[from] Recoil
|
|-heal|p2a: Incineroar|27/100|[from] item: Leftovers
|upkeep
|turn|8
|
|t:|1782517506
|move|p1b: Lycanroc|Accelerock|p2a: Incineroar
|-supereffective|p2a: Incineroar|1
|-damage|p2a: Incineroar|0 fnt
|faint|p2a: Incineroar
|
|win|FunkleVGC
