|j|☆pitoune901
|j|☆airfanzs
|html|pitoune901airfanzs    
|uhtml|bestof|Game 3 of a best-of-3
|t:|1785756748
|gametype|doubles
|player|p1|pitoune901|canari|1105
|player|p2|airfanzs|backpacker|1067
|gen|9
|tier|[Gen 9 Champions] VGC 2026 Reg M-B (Bo3)
|rated|
|rule|Species Clause: Limit one of each Pokémon
|rule|Item Clause: Limit 1 of each item
|clearpoke
|poke|p1|Metagross, L50|
|poke|p1|Sableye, L50, F|
|poke|p1|Quaquaval, L50, F, shiny|
|poke|p1|Delphox, L50, F|
|poke|p1|Raichu, L50, M|
|poke|p1|Sneasler, L50, M|
|poke|p2|Staraptor, L50, F|
|poke|p2|Raichu, L50, F|
|poke|p2|Sylveon, L50, M|
|poke|p2|Farigiraf, L50, M|
|poke|p2|Arcanine-Hisui, L50, M|
|poke|p2|Kingambit, L50, F|
|teampreview|4
|showteam|p1|Metagross||LifeOrb|ClearBody|Protect,Explosion,MeteorMash,BulletPunch|Adamant|||||50|]Sableye||LightClay|Prankster|Reflect,LightScreen,Disable,Protect|Bold||F|||50|]Quaquaval||SitrusBerry|Moxie|AquaStep,CloseCombat,TripleAxel,KnockOff|Jolly||F|||50|]Delphox||Delphoxite|Blaze|NastyPlot,HeatWave,FocusBlast,Psyshock|Timid||F|||50|]Raichu||RaichuniteY|Static|ZapCannon,FocusBlast,GrassKnot,AlluringVoice|Timid||M|||50|]Sneasler||WhiteHerb|Unburden|CloseCombat,DireClaw,FakeOut,Acrobatics|Adamant||M|||50|
|showteam|p2|Staraptor||Staraptite|Intimidate|Tailwind,Protect,CloseCombat,DualWingbeat|Jolly||F|||50|]Raichu||RaichuniteY|LightningRod|FakeOut,ZapCannon,FocusBlast,Protect|Timid||F|||50|]Sylveon||FairyFeather|Pixilate|Detect,HyperVoice,QuickAttack,HyperBeam|Modest||M|||50|]Farigiraf||SitrusBerry|ArmorTail|Psychic,TrickRoom,HelpingHand,Protect|Calm||M|||50|]Arcanine-Hisui||FocusSash|RockHead|Protect,ExtremeSpeed,HeadSmash,FlareBlitz|Jolly||M|||50|]Kingambit||LifeOrb|Defiant|Protect,KowtowCleave,IronHead,SuckerPunch|Adamant||F|||50|
|inactive|Battle timer is ON: inactive players will automatically lose when time's up. (requested by pitoune901)
|
|t:|1785756773
|teamsize|p1|4
|teamsize|p2|4
|start
|switch|p1a: Metagross|Metagross, L50|100/100
|switch|p1b: Sableye|Sableye, L50, F|100/100
|switch|p2a: Farigiraf|Farigiraf, L50, M|100/100
|switch|p2b: Kingambit|Kingambit, L50, F|100/100
|turn|1
|
|t:|1785756786
|move|p2a: Farigiraf|Helping Hand|p2b: Kingambit
|-singleturn|p2b: Kingambit|Helping Hand|[of] p2a: Farigiraf
|move|p1a: Metagross|Protect|p1a: Metagross
|-singleturn|p1a: Metagross|Protect
|move|p2b: Kingambit|Sucker Punch||[still]
|-fail|p2b: Kingambit
|move|p1b: Sableye|Reflect|p1b: Sableye
|-sidestart|p1: pitoune901|Reflect
|
|upkeep
|turn|2
|
|t:|1785756800
|switch|p1a: Quaquaval|Quaquaval, L50, F, shiny|100/100
|move|p2a: Farigiraf|Helping Hand|p2b: Kingambit
|-singleturn|p2b: Kingambit|Helping Hand|[of] p2a: Farigiraf
|move|p1b: Sableye|Light Screen|p1b: Sableye
|-sidestart|p1: pitoune901|move: Light Screen
|move|p2b: Kingambit|Kowtow Cleave|p1b: Sableye
|-crit|p1b: Sableye
|-damage|p1b: Sableye|0 fnt
|faint|p1b: Sableye
|-damage|p2b: Kingambit|90/100|[from] item: Life Orb
|
|upkeep
|
|t:|1785756808
|switch|p1b: Metagross|Metagross, L50|100/100
|turn|3
|
|t:|1785756826
|move|p2b: Kingambit|Sucker Punch|p1b: Metagross
|-supereffective|p1b: Metagross|1
|-damage|p1b: Metagross|41/100
|-damage|p2b: Kingambit|80/100|[from] item: Life Orb
|move|p1a: Quaquaval|Close Combat|p2b: Kingambit
|-supereffective|p2b: Kingambit|2
|-damage|p2b: Kingambit|0 fnt
|-unboost|p1a: Quaquaval|def|1
|-unboost|p1a: Quaquaval|spd|1
|faint|p2b: Kingambit
|-ability|p1a: Quaquaval|Moxie|boost
|-boost|p1a: Quaquaval|atk|1
|move|p1b: Metagross|Meteor Mash|p2a: Farigiraf
|-damage|p2a: Farigiraf|23/100
|-enditem|p2a: Farigiraf|Sitrus Berry|[eat]
|-heal|p2a: Farigiraf|48/100|[from] item: Sitrus Berry
|-damage|p1b: Metagross|32/100|[from] item: Life Orb
|move|p2a: Farigiraf|Psychic|p1a: Quaquaval
|-supereffective|p1a: Quaquaval|1
|-damage|p1a: Quaquaval|0 fnt
|faint|p1a: Quaquaval
|
|upkeep
|
|t:|1785756846
|switch|p1a: Delphox|Delphox, L50, F|100/100
|switch|p2b: Staraptor|Staraptor, L50, F|100/100
|-ability|p2b: Staraptor|Intimidate|boost
|-unboost|p1a: Delphox|atk|1
|-fail|p1b: Metagross|unboost|[from] ability: Clear Body|[of] p1b: Metagross
|turn|4
|inactive|pitoune901 has 30 seconds left.
|
|t:|1785756871
|detailschange|p1a: Delphox|Delphox-Mega, L50, F
|-mega|p1a: Delphox|Delphox|Delphoxite
|move|p2b: Staraptor|Protect|p2b: Staraptor
|-singleturn|p2b: Staraptor|Protect
|move|p1a: Delphox|Heat Wave|p2b: Staraptor|[spread] p2a
|-activate|p2b: Staraptor|move: Protect
|-damage|p2a: Farigiraf|12/100
|move|p1b: Metagross|Meteor Mash|p2b: Staraptor
|-activate|p2b: Staraptor|move: Protect
|move|p2a: Farigiraf|Trick Room|p2a: Farigiraf
|-fieldstart|move: Trick Room|[of] p2a: Farigiraf
|
|upkeep
|turn|5
|inactive|airfanzs has 30 seconds left.
|inactive|airfanzs has 20 seconds left.
|
|t:|1785756907
|switch|p2b: Sylveon|Sylveon, L50, M|100/100
|move|p2a: Farigiraf|Psychic|p1a: Delphox
|-resisted|p1a: Delphox|1
|-damage|p1a: Delphox|88/100
|move|p1b: Metagross|Meteor Mash|p2b: Sylveon
|-supereffective|p2b: Sylveon|1
|-damage|p2b: Sylveon|0 fnt
|faint|p2b: Sylveon
|-damage|p1b: Metagross|22/100|[from] item: Life Orb
|move|p1a: Delphox|Heat Wave|p2a: Farigiraf
|-damage|p2a: Farigiraf|0 fnt
|faint|p2a: Farigiraf
|
|upkeep
|
|t:|1785756921
|switch|p2b: Staraptor|Staraptor, L50, F|100/100
|-ability|p2b: Staraptor|Intimidate|boost
|-unboost|p1a: Delphox|atk|1
|-fail|p1b: Metagross|unboost|[from] ability: Clear Body|[of] p1b: Metagross
|turn|6
|c|☆pitoune901|gg
|
|t:|1785756941
|detailschange|p2b: Staraptor|Staraptor-Mega, L50, F
|-mega|p2b: Staraptor|Staraptor|Staraptite
|move|p1b: Metagross|Meteor Mash|p2b: Staraptor
|-damage|p2b: Staraptor|20/100y
|-damage|p1b: Metagross|12/100|[from] item: Life Orb
|move|p2b: Staraptor|Close Combat|p1b: Metagross
|-damage|p1b: Metagross|0 fnt
|-boost|p2b: Staraptor|def|1
|-boost|p2b: Staraptor|spd|1
|faint|p1b: Metagross
|move|p1a: Delphox|Heat Wave|p2b: Staraptor
|-damage|p2b: Staraptor|0 fnt
|faint|p2b: Staraptor
|
|win|pitoune901
|raw|pitoune901's rating: 1105 → 1127(+22 for winning)
|raw|airfanzs's rating: 1067 → 1049(-18 for losing)
|l|☆airfanzs
|player|p2|
