|j|☆Sloth diesel
|j|☆tedidn
|html|Sloth dieseltedidn    
|uhtml|bestof|Game 2 of a best-of-3
|t:|1785031472
|gametype|doubles
|player|p1|Sloth diesel|janine|
|player|p2|tedidn|marshal|
|gen|9
|tier|[Gen 9 Champions] VGC 2026 Reg M-B (Bo3)
|rule|Species Clause: Limit one of each Pokémon
|rule|Item Clause: Limit 1 of each item
|clearpoke
|poke|p1|Sinistcha, L50|
|poke|p1|Incineroar, L50, M|
|poke|p1|Milotic, L50, F|
|poke|p1|Raichu, L50, M|
|poke|p1|Floette-Eternal, L50, F|
|poke|p1|Ceruledge, L50, F|
|poke|p2|Charizard, L50, F|
|poke|p2|Venusaur, L50, F|
|poke|p2|Grimmsnarl, L50, M|
|poke|p2|Pelipper, L50, F|
|poke|p2|Archaludon, L50, F|
|poke|p2|Basculegion, L50, M|
|teampreview|4
|showteam|p1|Sinistcha||KasibBerry|Hospitality|MatchaGotcha,LifeDew,RagePowder,Protect|Relaxed|||||50|]Incineroar||SitrusBerry|Intimidate|FlareBlitz,ThroatChop,FakeOut,PartingShot|Impish||M|||50|]Milotic||Leftovers|Competitive|MuddyWater,Coil,Hypnosis,Protect|Calm||F|||50|]Raichu||RaichuniteY|LightningRod|ZapCannon,FocusBlast,FakeOut,Protect|Timid||M|||50|]Floette-Eternal||Floettite|FlowerVeil|DazzlingGleam,DrainingKiss,CalmMind,Protect|Timid||F|||50|]Ceruledge||ColburBerry|FlashFire|BitterBlade,ShadowSneak,BulkUp,Protect|Adamant||F|||50|
|showteam|p2|Charizard||CharizarditeY|Blaze|HeatWave,WeatherBall,SolarBeam,Protect|Modest||F|||50|]Venusaur||FocusSash|Chlorophyll|SleepPowder,SludgeBomb,EarthPower,Protect|Modest||F|||50|]Grimmsnarl||LightClay|Prankster|SpiritBreak,PartingShot,Reflect,LightScreen|Sassy||M|||50|]Pelipper||SitrusBerry|Drizzle|WeatherBall,Hurricane,Tailwind,WideGuard|Modest||F|||50|]Archaludon||Leftovers|Stamina|ElectroShot,FlashCannon,DragonPulse,Protect|Modest||F|||50|]Basculegion||ChoiceScarf|Adaptability|WaveCrash,FlipTurn,LastRespects,AquaJet|Jolly||M|||50|
|inactive|Battle timer is ON: inactive players will automatically lose when time's up. (requested by tedidn)
|j| BurningJackal
|j| Karissel
|j| Vikram chan
|
|t:|1785031496
|teamsize|p1|4
|teamsize|p2|4
|start
|switch|p1a: Incineroar|Incineroar, L50, M|100/100
|switch|p1b: Raichu|Raichu, L50, M|100/100
|switch|p2a: Basculegion|Basculegion, L50, M|100/100
|switch|p2b: Pelipper|Pelipper, L50, F|100/100
|-weather|RainDance|[from] ability: Drizzle|[of] p2b: Pelipper
|-ability|p1a: Incineroar|Intimidate|boost
|-unboost|p2a: Basculegion|atk|1
|-unboost|p2b: Pelipper|atk|1
|turn|1
|inactive|Sloth diesel has 30 seconds left.
|
|t:|1785031524
|switch|p1a: Sinistcha|Sinistcha, L50|100/100
|move|p1b: Raichu|Protect|p1b: Raichu
|-singleturn|p1b: Raichu|Protect
|move|p2a: Basculegion|Wave Crash|p1b: Raichu
|-activate|p1b: Raichu|move: Protect
|move|p2b: Pelipper|Hurricane|p1a: Sinistcha
|-supereffective|p1a: Sinistcha|1
|-damage|p1a: Sinistcha|12/100
|
|-weather|RainDance|[upkeep]
|upkeep
|turn|2
|inactive|Sloth diesel has 30 seconds left.
|inactive|Sloth diesel has 20 seconds left.
|
|t:|1785031560
|switch|p2a: Venusaur|Venusaur, L50, F|100/100
|detailschange|p1b: Raichu|Raichu-Mega-Y, L50, M
|-mega|p1b: Raichu|Raichu|Raichunite Y
|move|p1a: Sinistcha|Rage Powder|p1a: Sinistcha
|-singleturn|p1a: Sinistcha|move: Rage Powder
|move|p1b: Raichu|Zap Cannon|p2b: Pelipper
|-supereffective|p2b: Pelipper|2
|-damage|p2b: Pelipper|0 fnt
|faint|p2b: Pelipper
|
|-weather|RainDance|[upkeep]
|upkeep
|j| TemporalDonut
|
|t:|1785031567
|switch|p2b: Charizard|Charizard, L50, F|100/100
|turn|3
|
|t:|1785031586
|switch|p1a: Ceruledge|Ceruledge, L50, F|100/100
|detailschange|p2b: Charizard|Charizard-Mega-Y, L50, F
|-mega|p2b: Charizard|Charizard|Charizardite Y
|-weather|SunnyDay|[from] ability: Drought|[of] p2b: Charizard
|move|p1b: Raichu|Protect|p1b: Raichu
|-singleturn|p1b: Raichu|Protect
|move|p2a: Venusaur|Sleep Powder|p1b: Raichu
|-activate|p1b: Raichu|move: Protect
|move|p2b: Charizard|Heat Wave|p1b: Raichu|[spread] 
|-activate|p1b: Raichu|move: Protect
|-start|p1a: Ceruledge|ability: Flash Fire
|
|-weather|SunnyDay|[upkeep]
|upkeep
|turn|4
|inactive|Sloth diesel has 30 seconds left.
|inactive|Sloth diesel has 20 seconds left.
|
|t:|1785031621
|move|p2a: Venusaur|Sleep Powder|p1b: Raichu
|-status|p1b: Raichu|slp|[from] move: Sleep Powder
|cant|p1b: Raichu|slp
|move|p2b: Charizard|Weather Ball|p1b: Raichu
|-crit|p1b: Raichu
|-damage|p1b: Raichu|0 fnt
|faint|p1b: Raichu
|move|p1a: Ceruledge|Bitter Blade|p2a: Venusaur
|-supereffective|p2a: Venusaur|1
|-enditem|p2a: Venusaur|Focus Sash
|-damage|p2a: Venusaur|1/100
|
|-weather|SunnyDay|[upkeep]
|upkeep
|
|t:|1785031637
|switch|p1b: Incineroar|Incineroar, L50, M|100/100
|-ability|p1b: Incineroar|Intimidate|boost
|-unboost|p2a: Venusaur|atk|1
|-unboost|p2b: Charizard|atk|1
|turn|5
|
|t:|1785031645
|move|p2b: Charizard|Protect|p2b: Charizard
|-singleturn|p2b: Charizard|Protect
|move|p1b: Incineroar|Fake Out|p2a: Venusaur
|-damage|p2a: Venusaur|0 fnt
|faint|p2a: Venusaur
|move|p1a: Ceruledge|Bulk Up|p1a: Ceruledge
|-boost|p1a: Ceruledge|atk|1
|-boost|p1a: Ceruledge|def|1
|
|-weather|SunnyDay|[upkeep]
|upkeep
|
|t:|1785031649
|switch|p2a: Basculegion|Basculegion, L50, M|100/100
|turn|6
|
|t:|1785031670
|move|p1a: Ceruledge|Shadow Sneak|p2a: Basculegion
|-supereffective|p2a: Basculegion|1
|-damage|p2a: Basculegion|14/100
|move|p2a: Basculegion|Last Respects|p1b: Incineroar
|-resisted|p1b: Incineroar|1
|-damage|p1b: Incineroar|64/100
|move|p2b: Charizard|Weather Ball|p1b: Incineroar
|-resisted|p1b: Incineroar|1
|-damage|p1b: Incineroar|23/100
|-enditem|p1b: Incineroar|Sitrus Berry|[eat]
|-heal|p1b: Incineroar|48/100|[from] item: Sitrus Berry
|move|p1b: Incineroar|Throat Chop|p2a: Basculegion
|-supereffective|p2a: Basculegion|1
|-damage|p2a: Basculegion|0 fnt
|faint|p2a: Basculegion
|
|-weather|SunnyDay|[upkeep]
|upkeep
|turn|7
|
|t:|1785031690
|move|p2b: Charizard|Weather Ball|p1b: Incineroar
|-resisted|p1b: Incineroar|1
|-damage|p1b: Incineroar|4/100
|move|p1a: Ceruledge|Bitter Blade|p2b: Charizard
|-resisted|p2b: Charizard|1
|-damage|p2b: Charizard|20/100y
|move|p1b: Incineroar|Parting Shot|p2b: Charizard
|-unboost|p2b: Charizard|atk|1
|-unboost|p2b: Charizard|spa|1
|
|t:|1785031701
|switch|p1b: Sinistcha|Sinistcha, L50|12/100|[from] Parting Shot
|
|-weather|none
|upkeep
|turn|8
|
|t:|1785031709
|move|p1b: Sinistcha|Protect|p1b: Sinistcha
|-singleturn|p1b: Sinistcha|Protect
|move|p2b: Charizard|Heat Wave|p1a: Ceruledge|[spread] 
|-activate|p1b: Sinistcha|move: Protect
|-immune|p1a: Ceruledge|[from] ability: Flash Fire
|move|p1a: Ceruledge|Bitter Blade|p2b: Charizard
|-resisted|p2b: Charizard|1
|-damage|p2b: Charizard|0 fnt
|faint|p2b: Charizard
|
|win|Sloth diesel
||tedidn is ready for game 3.
|inactive|Sloth diesel has 30 seconds to confirm battle start!
||Sloth diesel is ready for game 3.
|uhtml|next|Next: Game 3 of 3
|l| Vikram chan
|j| Vikram chan
|l| Vikram chan
|j| Vikram chan
|l| Vikram chan
|l| TemporalDonut
|l| Karissel
|l| BurningJackal
|l|☆Sloth diesel
|player|p1|
|j|☆Sloth diesel
|player|p1|Sloth diesel|janine|
|l|☆Sloth diesel
|player|p1|
|j|☆Sloth diesel
|player|p1|Sloth diesel|janine|
|l|☆Sloth diesel
|player|p1|
