|j|☆red john7777
|j|☆Data.log V.S!
|html|red john7777Data.log V.S!    
|uhtml|bestof|Game 3 of a best-of-3
|t:|1756938859
|gametype|doubles
|player|p1|red john7777|ghetsis-gen5bw|1000
|player|p2|Data.log V.S!|nurse|1000
|gen|9
|tier|[Gen 9] VGC 2025 Reg H (Bo3)
|rated|
|rule|Species Clause: Limit one of each Pokémon
|rule|Item Clause: Limit 1 of each item
|clearpoke
|poke|p1|Annihilape, L50, M|
|poke|p1|Ursaluna, L50, M|
|poke|p1|Porygon2, L50|
|poke|p1|Incineroar, L50, M|
|poke|p1|Torkoal, L50, F|
|poke|p1|Charizard, L50, F|
|poke|p2|Pelipper, L50, M|
|poke|p2|Archaludon, L50, M|
|poke|p2|Basculegion, L50, M|
|poke|p2|Rillaboom, L50, M|
|poke|p2|Sneasler, L50, M|
|poke|p2|Clawitzer, L50, F|
|teampreview|4
|showteam|p1|Annihilape||FocusSash|Defiant|Coaching,Protect,HelpingHand,CrossChop|||M|||50|,,,,,Fighting]Ursaluna||FlameOrb|Guts|Facade,Protect,Crunch,HighHorsepower|||M|||50|,,,,,Fairy]Porygon2||Eviolite|Download|TrickRoom,Protect,IceBeam,Recover||||||50|,,,,,Normal]Incineroar||SitrusBerry|Intimidate|PartingShot,Protect,FlareBlitz,FakeOut|||M|||50|,,,,,Fire]Torkoal||LifeOrb|Drought|Eruption,HeatWave,Protect,HelpingHand|||F|||50|,,,,,Fire]Charizard||ChoiceSpecs|SolarPower|HeatWave,AirSlash,SolarBeam,DragonPulse|||F|||50|,,,,,Stellar
|showteam|p2|Pelipper||FocusSash|Drizzle|WeatherBall,Hurricane,Tailwind,WideGuard|||M|||50|,,,,,Grass]Archaludon||AssaultVest|Stamina|BodyPress,DracoMeteor,ElectroShot,FlashCannon|||M|||50|,,,,,Flying]Basculegion||ChoiceBand|SwiftSwim|FlipTurn,WaveCrash,LastRespects,AquaJet|||M|||50|,,,,,Grass]Rillaboom||MiracleSeed|GrassySurge|WoodHammer,GrassyGlide,FakeOut,Uturn|||M|||50|,,,,,Fire]Sneasler||GrassySeed|Unburden|DireClaw,CloseCombat,Protect,FakeOut|||M|||50|,,,,,Stellar]Clawitzer||ChoiceSpecs|MegaLauncher|AuraSphere,DarkPulse,WaterPulse,DragonPulse|||F|||50|,,,,,Water
|inactive|Battle timer is ON: inactive players will automatically lose when time's up. (requested by red john7777)
|inactive|Data.log V.S! has 60 seconds left.
|
|t:|1756938911
|teamsize|p1|4
|teamsize|p2|4
|start
|switch|p1a: Porygon2|Porygon2, L50|100/100
|switch|p1b: Ursaluna|Ursaluna, L50, M|100/100
|switch|p2a: Basculegion|Basculegion, L50, M|100/100
|switch|p2b: Rillaboom|Rillaboom, L50, M|100/100
|-fieldstart|move: Grassy Terrain|[from] ability: Grassy Surge|[of] p2b: Rillaboom
|-ability|p1a: Porygon2|Download|boost
|-boost|p1a: Porygon2|spa|1
|turn|1
|
|t:|1756938934
|move|p1b: Ursaluna|Protect|p1b: Ursaluna
|-singleturn|p1b: Ursaluna|Protect
|move|p2a: Basculegion|Flip Turn|p1a: Porygon2
|-damage|p1a: Porygon2|73/100
|
|t:|1756938940
|switch|p2a: Clawitzer|Clawitzer, L50, F|100/100|[from] Flip Turn
|move|p2b: Rillaboom|U-turn|p1a: Porygon2
|-damage|p1a: Porygon2|58/100
|
|t:|1756938947
|switch|p2b: Pelipper|Pelipper, L50, M|100/100|[from] U-turn
|-weather|RainDance|[from] ability: Drizzle|[of] p2b: Pelipper
|move|p1a: Porygon2|Trick Room|p1a: Porygon2
|-fieldstart|move: Trick Room|[of] p1a: Porygon2
|
|-weather|RainDance|[upkeep]
|-heal|p1a: Porygon2|64/100|[from] Grassy Terrain
|-status|p1b: Ursaluna|brn|[from] item: Flame Orb
|upkeep
|turn|2
|
|t:|1756938968
|switch|p1b: Charizard|Charizard, L50, F|100/100
|switch|p1a: Torkoal|Torkoal, L50, F|100/100
|-weather|SunnyDay|[from] ability: Drought|[of] p1a: Torkoal
|-terastallize|p2a: Clawitzer|Water
|move|p2a: Clawitzer|Water Pulse|p1b: Charizard
|-supereffective|p1b: Charizard
|-damage|p1b: Charizard|0 fnt
|faint|p1b: Charizard
|move|p2b: Pelipper|Hurricane|p1a: Torkoal
|-damage|p1a: Torkoal|41/100
|
|-weather|SunnyDay|[upkeep]
|-heal|p1a: Torkoal|47/100|[from] Grassy Terrain
|upkeep
|
|t:|1756938982
|switch|p1b: Ursaluna|Ursaluna, L50, M|100/100 brn
|turn|3
|
|t:|1756938998
|-terastallize|p1b: Ursaluna|Fairy
|move|p2b: Pelipper|Wide Guard|p2b: Pelipper
|-singleturn|p2b: Pelipper|Wide Guard
|move|p1a: Torkoal|Heat Wave|p2b: Pelipper|[spread] 
|-activate|p2a: Clawitzer|move: Wide Guard
|-activate|p2b: Pelipper|move: Wide Guard
|move|p2a: Clawitzer|Water Pulse|p1b: Ursaluna
|-damage|p1b: Ursaluna|67/100 brn
|move|p1b: Ursaluna|Facade|p2a: Clawitzer
|-damage|p2a: Clawitzer|0 fnt
|faint|p2a: Clawitzer
|
|-weather|SunnyDay|[upkeep]
|-heal|p1a: Torkoal|54/100|[from] Grassy Terrain
|-heal|p1b: Ursaluna|73/100 brn|[from] Grassy Terrain
|-damage|p1b: Ursaluna|67/100 brn|[from] brn
|upkeep
|
|t:|1756939015
|switch|p2a: Rillaboom|Rillaboom, L50, M|100/100
|turn|4
|
|t:|1756939028
|switch|p2b: Basculegion|Basculegion, L50, M|100/100
|move|p1b: Ursaluna|Protect|p1b: Ursaluna
|-singleturn|p1b: Ursaluna|Protect
|move|p2a: Rillaboom|Fake Out|p1a: Torkoal
|-damage|p1a: Torkoal|42/100
|cant|p1a: Torkoal|flinch
|
|-weather|SunnyDay|[upkeep]
|-heal|p1a: Torkoal|48/100|[from] Grassy Terrain
|-heal|p1b: Ursaluna|73/100 brn|[from] Grassy Terrain
|-damage|p1b: Ursaluna|67/100 brn|[from] brn
|upkeep
|turn|5
|inactive|Data.log V.S! has 30 seconds left.
|inactive|Data.log V.S! has 20 seconds left.
|
|t:|1756939064
|switch|p2b: Pelipper|Pelipper, L50, M|100/100
|-weather|RainDance|[from] ability: Drizzle|[of] p2b: Pelipper
|move|p2a: Rillaboom|Grassy Glide|p1b: Ursaluna
|-damage|p1b: Ursaluna|35/100 brn
|move|p1a: Torkoal|Heat Wave|p2b: Pelipper|[spread] p2a,p2b
|-supereffective|p2a: Rillaboom
|-resisted|p2b: Pelipper
|-crit|p2b: Pelipper
|-damage|p2a: Rillaboom|55/100
|-damage|p2b: Pelipper|78/100
|-damage|p1a: Torkoal|38/100|[from] item: Life Orb
|move|p1b: Ursaluna|Facade|p2a: Rillaboom
|-damage|p2a: Rillaboom|0 fnt
|faint|p2a: Rillaboom
|
|-weather|RainDance|[upkeep]
|-heal|p1a: Torkoal|45/100|[from] Grassy Terrain
|-heal|p1b: Ursaluna|40/100 brn|[from] Grassy Terrain
|-damage|p1b: Ursaluna|35/100 brn|[from] brn
|-fieldend|move: Trick Room
|-fieldend|move: Grassy Terrain
|upkeep
|
|t:|1756939079
|switch|p2a: Basculegion|Basculegion, L50, M|100/100
|turn|6
|inactive|red john7777 has 30 seconds left.
|
|t:|1756939108
|switch|p1a: Porygon2|Porygon2, L50|64/100
|-ability|p1a: Porygon2|Download|boost
|-boost|p1a: Porygon2|spa|1
|move|p1b: Ursaluna|Protect|p1b: Ursaluna
|-singleturn|p1b: Ursaluna|Protect
|move|p2a: Basculegion|Last Respects|p1b: Ursaluna
|-activate|p1b: Ursaluna|move: Protect
|move|p2b: Pelipper|Weather Ball|p1a: Porygon2
|-damage|p1a: Porygon2|17/100
|
|-weather|RainDance|[upkeep]
|-damage|p1b: Ursaluna|29/100 brn|[from] brn
|upkeep
|turn|7
|
|t:|1756939126
|move|p2a: Basculegion|Last Respects|p1b: Ursaluna
|-damage|p1b: Ursaluna|0 fnt
|faint|p1b: Ursaluna
|move|p2b: Pelipper|Weather Ball|p1a: Porygon2
|-damage|p1a: Porygon2|0 fnt
|faint|p1a: Porygon2
|
|-weather|RainDance|[upkeep]
|upkeep
|
|t:|1756939130
|switch|p1b: Torkoal|Torkoal, L50, F|45/100
|-weather|SunnyDay|[from] ability: Drought|[of] p1b: Torkoal
|turn|8
|
|t:|1756939135
|move|p2a: Basculegion|Last Respects|p1b: Torkoal
|-damage|p1b: Torkoal|0 fnt
|faint|p1b: Torkoal
|
|win|Data.log V.S!
|raw|red john7777's rating: 1000 → 1000(+0 for losing)
|raw|Data.log V.S!'s rating: 1000 → 1040(+40 for winning)
|l|☆red john7777
|player|p1|
