|j|☆Beeetch
|j|☆caZISA
|html|BeeetchcaZISA    
|uhtml|bestof|Game 1 of a best-of-3
|t:|1756585859
|gametype|doubles
|player|p1|Beeetch|beauty-gen4dp|1316
|player|p2|caZISA|red|1477
|gen|9
|tier|[Gen 9] VGC 2025 Reg H (Bo3)
|rated|
|rule|Species Clause: Limit one of each Pokémon
|rule|Item Clause: Limit 1 of each item
|clearpoke
|poke|p1|Toedscruel, L50, F|
|poke|p1|Weezing-Galar, L50, M|
|poke|p1|Corviknight, L50, F|
|poke|p1|Pawmot, L50, M|
|poke|p1|Garchomp, L50, M|
|poke|p1|Typhlosion-Hisui, L50, F|
|poke|p2|Amoonguss, L50, M|
|poke|p2|Incineroar, L50, M|
|poke|p2|Pelipper, L50, M|
|poke|p2|Basculegion, L50, M|
|poke|p2|Archaludon, L50, M|
|poke|p2|Maushold-Four, L50|
|teampreview|4
|showteam|p1|Toedscruel||CovertCloak|MyceliumMight|Spore,EarthPower,AcidSpray,RagePowder|||F|||50|,,,,,Water]Weezing-Galar||ChoiceSpecs|NeutralizingGas|DazzlingGleam,SludgeBomb,StrangeSteam,Flamethrower|||M|||50|,,,,,Flying]Corviknight||SitrusBerry|MirrorArmor|Protect,Tailwind,Roost,BraveBird|||F|||50|,,,,,Dragon]Pawmot||FocusSash|NaturalCure|Protect,CloseCombat,DoubleShock,FakeOut|||M|||50|,,,,,Electric]Garchomp||LifeOrb|RoughSkin|Protect,Earthquake,DragonClaw,StompingTantrum|||M|||50|,,,,,Ground]Typhlosion-Hisui||ChoiceScarf|Blaze|Eruption,SleepTalk,HeatWave,ShadowBall|||F|||50|,,,,,Fire
|showteam|p2|Amoonguss||RockyHelmet|Regenerator|Spore,RagePowder,PollenPuff,Protect|||M|||50|,,,,,Water]Incineroar||SafetyGoggles|Intimidate|FakeOut,WillOWisp,KnockOff,PartingShot|||M|||50|,,,,,Ghost]Pelipper||FocusSash|Drizzle|Hurricane,WeatherBall,WideGuard,Protect|||M|||50|,,,,,Ghost]Basculegion||MysticWater|SwiftSwim|WaveCrash,LastRespects,AquaJet,Protect|||M|||50|,,,,,Grass]Archaludon||AssaultVest|Stamina|FlashCannon,DracoMeteor,ElectroShot,BodyPress|||M|||50|,,,,,Bug]Maushold-Four||WideLens|Technician|PopulationBomb,Taunt,FollowMe,Protect||||||50|,,,,,Ghost
|
|t:|1756585896
|teamsize|p1|4
|teamsize|p2|4
|start
|switch|p1a: Weezing|Weezing-Galar, L50, M|100/100
|switch|p1b: Typhlosion|Typhlosion-Hisui, L50, F|100/100
|switch|p2a: Maushold|Maushold-Four, L50|100/100
|switch|p2b: Sporini|Amoonguss, L50, M|100/100
|-ability|p1a: Weezing|Neutralizing Gas
|turn|1
|inactive|Battle timer is ON: inactive players will automatically lose when time's up. (requested by caZISA)
|
|t:|1756585911
|-terastallize|p1b: Typhlosion|Fire
|-terastallize|p2b: Sporini|Water
|move|p2a: Maushold|Protect|p2a: Maushold
|-singleturn|p2a: Maushold|Protect
|move|p1b: Typhlosion|Eruption|p2b: Sporini|[spread] p2b
|-activate|p2a: Maushold|move: Protect
|-resisted|p2b: Sporini
|-damage|p2b: Sporini|68/100
|move|p1a: Weezing|Sludge Bomb|p2b: Sporini
|-damage|p2b: Sporini|21/100
|move|p2b: Sporini|Spore|p1b: Typhlosion
|-status|p1b: Typhlosion|slp|[from] move: Spore
|
|upkeep
|turn|2
|inactive|Beeetch has 30 seconds left.
|
|t:|1756585939
|switch|p1b: Corviknight|Corviknight, L50, F|100/100
|move|p2a: Maushold|Population Bomb|p1b: Corviknight
|-resisted|p1b: Corviknight
|-damage|p1b: Corviknight|98/100
|-resisted|p1b: Corviknight
|-damage|p1b: Corviknight|96/100
|-resisted|p1b: Corviknight
|-damage|p1b: Corviknight|93/100
|-resisted|p1b: Corviknight
|-damage|p1b: Corviknight|91/100
|-resisted|p1b: Corviknight
|-damage|p1b: Corviknight|88/100
|-resisted|p1b: Corviknight
|-damage|p1b: Corviknight|86/100
|-resisted|p1b: Corviknight
|-damage|p1b: Corviknight|83/100
|-resisted|p1b: Corviknight
|-damage|p1b: Corviknight|81/100
|-resisted|p1b: Corviknight
|-damage|p1b: Corviknight|79/100
|-resisted|p1b: Corviknight
|-damage|p1b: Corviknight|76/100
|-hitcount|p1b: Corviknight|10
|move|p1a: Weezing|Sludge Bomb|p2a: Maushold
|-damage|p2a: Maushold|35/100
|move|p2b: Sporini|Spore|p1a: Weezing
|-status|p1a: Weezing|slp|[from] move: Spore
|
|upkeep
|turn|3
|inactive|Beeetch has 30 seconds left.
|
|t:|1756585968
|-end|p1a: Weezing|ability: Neutralizing Gas
|switch|p1a: Typhlosion|Typhlosion-Hisui, L50, F, tera:Fire|100/100 slp
|move|p2a: Maushold|Population Bomb|p1a: Typhlosion
|-crit|p1a: Typhlosion
|-damage|p1a: Typhlosion|82/100 slp
|-damage|p1a: Typhlosion|70/100 slp
|-damage|p1a: Typhlosion|58/100 slp
|-damage|p1a: Typhlosion|44/100 slp
|-damage|p1a: Typhlosion|32/100 slp
|-damage|p1a: Typhlosion|19/100 slp
|-damage|p1a: Typhlosion|7/100 slp
|-damage|p1a: Typhlosion|0 fnt
|faint|p1a: Typhlosion
|-hitcount|p1: Typhlosion|8
|move|p1b: Corviknight|Brave Bird|p2b: Sporini
|-damage|p2b: Sporini|0 fnt
|-damage|p1b: Corviknight|60/100|[from] item: Rocky Helmet|[of] p2b: Sporini
|faint|p2b: Sporini
|-damage|p1b: Corviknight|52/100|[from] Recoil
|
|upkeep
|
|t:|1756585990
|switch|p1a: Pawmot|Pawmot, L50, M|100/100
|switch|p2b: E.R.M.A.C|Basculegion, L50, M|100/100
|turn|4
|
|t:|1756586007
|move|p2b: E.R.M.A.C|Aqua Jet|p1a: Pawmot
|-damage|p1a: Pawmot|59/100
|move|p2a: Maushold|Population Bomb|p1a: Pawmot
|-damage|p1a: Pawmot|44/100
|-damage|p1a: Pawmot|29/100
|-damage|p1a: Pawmot|14/100
|-damage|p1a: Pawmot|0 fnt
|faint|p1a: Pawmot
|-hitcount|p1: Pawmot|4
|move|p1b: Corviknight|Tailwind|p1b: Corviknight
|-sidestart|p1: Beeetch|move: Tailwind
|
|upkeep
|
|t:|1756586012
|switch|p1a: Weezing|Weezing-Galar, L50, M|100/100 slp
|-ability|p1a: Weezing|Neutralizing Gas
|turn|5
|
|t:|1756586026
|move|p1b: Corviknight|Brave Bird|p2a: Maushold
|-damage|p2a: Maushold|0 fnt
|faint|p2a: Maushold
|-damage|p1b: Corviknight|42/100|[from] Recoil
|-enditem|p1b: Corviknight|Sitrus Berry|[eat]
|-heal|p1b: Corviknight|67/100|[from] item: Sitrus Berry
|cant|p1a: Weezing|slp
|move|p2b: E.R.M.A.C|Wave Crash|p1a: Weezing
|-damage|p1a: Weezing|30/100 slp
|-damage|p2b: E.R.M.A.C|82/100|[from] Recoil
|
|upkeep
|
|t:|1756586036
|switch|p2a: Nigel|Pelipper, L50, M|100/100
|turn|6
|
|t:|1756586047
|move|p2b: E.R.M.A.C|Protect|p2b: E.R.M.A.C
|-singleturn|p2b: E.R.M.A.C|Protect
|move|p1b: Corviknight|Brave Bird|p2b: E.R.M.A.C
|-activate|p2b: E.R.M.A.C|move: Protect
|cant|p1a: Weezing|slp
|move|p2a: Nigel|Hurricane|p1a: Weezing
|-damage|p1a: Weezing|0 fnt
|faint|p1a: Weezing
|-end|p1a: Weezing|ability: Neutralizing Gas
|-weather|RainDance|[from] ability: Drizzle|[of] p2a: Nigel
|
|-weather|RainDance|[upkeep]
|upkeep
|turn|7
|
|t:|1756586059
|move|p2b: E.R.M.A.C|Wave Crash|p1b: Corviknight
|-damage|p1b: Corviknight|0 fnt
|faint|p1b: Corviknight
|-damage|p2b: E.R.M.A.C|59/100|[from] Recoil
|
|win|caZISA
