|j|☆EZBreezeys
|j|☆cristiansegadevila
|html|EZBreezeyscristiansegadevila    
|uhtml|bestof|Game 2 of a best-of-3
|t:|1757661983
|gametype|doubles
|player|p1|EZBreezeys|schoolkidf|1040
|player|p2|cristiansegadevila|102|1062
|gen|9
|tier|[Gen 9] VGC 2025 Reg H (Bo3)
|rated|
|rule|Species Clause: Limit one of each Pokémon
|rule|Item Clause: Limit 1 of each item
|clearpoke
|poke|p1|Incineroar, L50, M|
|poke|p1|Politoed, L50, M|
|poke|p1|Gothitelle, L50, F|
|poke|p1|Archaludon, L50, M|
|poke|p1|Grimmsnarl, L50, M|
|poke|p1|Azumarill, L50, F|
|poke|p2|Gholdengo, L50|
|poke|p2|Pelipper, L50, M|
|poke|p2|Archaludon, L50, F|
|poke|p2|Sinistcha, L50|
|poke|p2|Dragonite, L50, M|
|poke|p2|Ursaluna, L50, M|
|teampreview|4
|showteam|p1|Incineroar||SafetyGoggles|Intimidate|Protect,FakeOut,PartingShot,KnockOff|||M|||50|,,,,,Bug]Politoed||Leftovers|Drizzle|Protect,Encore,PerishSong,WeatherBall|||M|||50|,,,,,Grass]Gothitelle||SitrusBerry|ShadowTag|Protect,FakeOut,Psychic,Taunt|||F|||50|,,,,,Dark]Archaludon||PowerHerb|Stalwart|Protect,DracoMeteor,ElectroShot,FlashCannon|||M|||50|,,,,,Electric]Grimmsnarl||EjectButton|Prankster|Protect,LightScreen,FoulPlay,Reflect|||M|||50|,,,,,Dark]Azumarill||LifeOrb|HugePower|Protect,AquaTail,AquaJet,PlayRough|||F|||50|,,,,,Stellar
|showteam|p2|Gholdengo||ChoiceScarf|GoodasGold|MakeItRain,PowerGem,ShadowBall,NastyPlot||||||50|,,,,,Steel]Pelipper||FocusSash|Drizzle|Tailwind,Protect,Hurricane,WeatherBall|||M|||50|,,,,,Ghost]Archaludon||AssaultVest|Stamina|Snarl,BodyPress,ElectroShot,DracoMeteor|||F|||50|,,,,,Fighting]Sinistcha||SitrusBerry|Hospitality|MatchaGotcha,LifeDew,TrickRoom,RagePowder||||||50|,,,,,Water]Dragonite||LoadedDice|Multiscale|Protect,ScaleShot,ExtremeSpeed,LowKick|||M|||50|,,,,,Steel]Ursaluna||FlameOrb|Guts|Protect,Earthquake,HeadlongRush,Facade|||M|||50|,,,,,Water
|inactive|Battle timer is ON: inactive players will automatically lose when time's up. (requested by cristiansegadevila)
|
|t:|1757662020
|teamsize|p1|4
|teamsize|p2|4
|start
|switch|p1a: Wiselod|Politoed, L50, M, shiny|100/100
|switch|p1b: Gothitelle|Gothitelle, L50, F|100/100
|switch|p2a: Dragonite|Dragonite, L50, M|100/100
|switch|p2b: Ursaluna|Ursaluna, L50, M|100/100
|-weather|RainDance|[from] ability: Drizzle|[of] p1a: Wiselod
|turn|1
|inactive|EZBreezeys has 30 seconds left.
|inactive|cristiansegadevila has 30 seconds left.
|inactive|EZBreezeys has 20 seconds left.
|inactive|cristiansegadevila has 20 seconds left.
|inactive|cristiansegadevila has 15 seconds left.
|inactive|EZBreezeys has 15 seconds left.
|inactive|cristiansegadevila has 10 seconds left.
|inactive|EZBreezeys has 10 seconds left.
|
|t:|1757662073
|move|p2b: Ursaluna|Protect|p2b: Ursaluna
|-singleturn|p2b: Ursaluna|Protect
|move|p1b: Gothitelle|Fake Out|p2b: Ursaluna
|-activate|p2b: Ursaluna|move: Protect
|move|p2a: Dragonite|Scale Shot|p1b: Gothitelle
|-damage|p1b: Gothitelle|85/100
|-damage|p1b: Gothitelle|72/100
|-damage|p1b: Gothitelle|56/100
|-damage|p1b: Gothitelle|41/100
|-enditem|p1b: Gothitelle|Sitrus Berry|[eat]
|-heal|p1b: Gothitelle|66/100|[from] item: Sitrus Berry
|-hitcount|p1b: Gothitelle|4
|-unboost|p2a: Dragonite|def|1
|-boost|p2a: Dragonite|spe|1
|move|p1a: Wiselod|Perish Song|p1a: Wiselod
|-start|p1a: Wiselod|perish3|[silent]
|-start|p1b: Gothitelle|perish3|[silent]
|-start|p2a: Dragonite|perish3|[silent]
|-start|p2b: Ursaluna|perish3|[silent]
|-fieldactivate|move: Perish Song
|
|-weather|RainDance|[upkeep]
|-start|p2a: Dragonite|perish3
|-start|p1a: Wiselod|perish3
|-start|p2b: Ursaluna|perish3
|-start|p1b: Gothitelle|perish3
|-status|p2b: Ursaluna|brn|[from] item: Flame Orb
|upkeep
|turn|2
|inactive|EZBreezeys has 30 seconds left.
|inactive|cristiansegadevila has 30 seconds left.
|
|t:|1757662107
|switch|p1a: Darknyan|Incineroar, L50, M, shiny|100/100
|-ability|p1a: Darknyan|Intimidate|boost
|-unboost|p2a: Dragonite|atk|1
|-unboost|p2b: Ursaluna|atk|1
|move|p1b: Gothitelle|Protect|p1b: Gothitelle
|-singleturn|p1b: Gothitelle|Protect
|move|p2a: Dragonite|Scale Shot|p1b: Gothitelle
|-activate|p1b: Gothitelle|move: Protect
|move|p2b: Ursaluna|Earthquake|p1a: Darknyan|[spread] p1a
|-activate|p1b: Gothitelle|move: Protect
|-immune|p2a: Dragonite
|-supereffective|p1a: Darknyan
|-damage|p1a: Darknyan|22/100
|
|-weather|RainDance|[upkeep]
|-damage|p2b: Ursaluna|95/100 brn|[from] brn
|-start|p2a: Dragonite|perish2
|-start|p1b: Gothitelle|perish2
|-start|p2b: Ursaluna|perish2
|upkeep
|turn|3
|inactive|EZBreezeys has 30 seconds left.
|inactive|cristiansegadevila has 30 seconds left.
|inactive|EZBreezeys has 20 seconds left.
|inactive|cristiansegadevila has 20 seconds left.
|inactive|cristiansegadevila has 15 seconds left.
|
|t:|1757662150
|switch|p1b: Grimmsnarl|Grimmsnarl, L50, M|100/100
|move|p1a: Darknyan|Fake Out|p2b: Ursaluna
|-damage|p2b: Ursaluna|87/100 brn
|move|p2a: Dragonite|Scale Shot|p1b: Grimmsnarl
|-immune|p1b: Grimmsnarl
|cant|p2b: Ursaluna|flinch
|
|-weather|RainDance|[upkeep]
|-damage|p2b: Ursaluna|81/100 brn|[from] brn
|-start|p2a: Dragonite|perish1
|-start|p2b: Ursaluna|perish1
|upkeep
|turn|4
|
|t:|1757662170
|switch|p2a: Archaludon|Archaludon, L50, F|100/100
|switch|p1a: Gothitelle|Gothitelle, L50, F|66/100
|switch|p2b: Sinistcha|Sinistcha, L50|100/100
|move|p1b: Grimmsnarl|Reflect|p1b: Grimmsnarl
|-sidestart|p1: EZBreezeys|Reflect
|
|-weather|RainDance|[upkeep]
|upkeep
|turn|5
|inactive|cristiansegadevila has 30 seconds left.
|
|t:|1757662198
|move|p1a: Gothitelle|Fake Out|p2a: Archaludon
|-resisted|p2a: Archaludon
|-damage|p2a: Archaludon|98/100
|-ability|p2a: Archaludon|Stamina|boost
|-boost|p2a: Archaludon|def|1
|move|p1b: Grimmsnarl|Light Screen|p1b: Grimmsnarl
|-sidestart|p1: EZBreezeys|move: Light Screen
|cant|p2a: Archaludon|flinch
|move|p2b: Sinistcha|Matcha Gotcha|p1a: Gothitelle|[spread] p1a,p1b
|-crit|p1b: Grimmsnarl
|-damage|p1a: Gothitelle|54/100
|-damage|p1b: Grimmsnarl|66/100
|-status|p1b: Grimmsnarl|brn
|-enditem|p1b: Grimmsnarl|Eject Button
|
|t:|1757662214
|switch|p1b: Wiselod|Politoed, L50, M, shiny|100/100
|
|-weather|none
|upkeep
|turn|6
|
|t:|1757662232
|move|p1b: Wiselod|Perish Song|p1b: Wiselod
|-start|p1a: Gothitelle|perish3|[silent]
|-start|p1b: Wiselod|perish3|[silent]
|-start|p2a: Archaludon|perish3|[silent]
|-start|p2b: Sinistcha|perish3|[silent]
|-fieldactivate|move: Perish Song
|move|p2a: Archaludon|Snarl|p1a: Gothitelle|[spread] p1a,p1b
|-supereffective|p1a: Gothitelle
|-damage|p1a: Gothitelle|41/100
|-damage|p1b: Wiselod|93/100
|-unboost|p1a: Gothitelle|spa|1
|-unboost|p1b: Wiselod|spa|1
|move|p2b: Sinistcha|Matcha Gotcha|p1a: Gothitelle|[spread] p1a,p1b
|-supereffective|p1b: Wiselod
|-damage|p1a: Gothitelle|28/100
|-damage|p1b: Wiselod|69/100
|-status|p1b: Wiselod|brn
|move|p1a: Gothitelle|Taunt|p2b: Sinistcha
|-start|p2b: Sinistcha|move: Taunt
|
|-heal|p1b: Wiselod|75/100 brn|[from] item: Leftovers
|-damage|p1b: Wiselod|69/100 brn|[from] brn
|-start|p2a: Archaludon|perish3
|-start|p1b: Wiselod|perish3
|-start|p2b: Sinistcha|perish3
|-start|p1a: Gothitelle|perish3
|upkeep
|turn|7
|inactive|EZBreezeys has 30 seconds left.
|
|t:|1757662264
|move|p1b: Wiselod|Protect|p1b: Wiselod
|-singleturn|p1b: Wiselod|Protect
|move|p1a: Gothitelle|Protect|p1a: Gothitelle
|-singleturn|p1a: Gothitelle|Protect
|move|p2a: Archaludon|Snarl|p1a: Gothitelle|[spread] 
|-activate|p1a: Gothitelle|move: Protect
|-activate|p1b: Wiselod|move: Protect
|move|p2b: Sinistcha|Matcha Gotcha|p1a: Gothitelle|[spread] 
|-activate|p1a: Gothitelle|move: Protect
|-activate|p1b: Wiselod|move: Protect
|
|-heal|p1b: Wiselod|75/100 brn|[from] item: Leftovers
|-damage|p1b: Wiselod|69/100 brn|[from] brn
|-start|p1b: Wiselod|perish2
|-start|p2a: Archaludon|perish2
|-start|p2b: Sinistcha|perish2
|-start|p1a: Gothitelle|perish2
|upkeep
|turn|8
|inactive|EZBreezeys has 30 seconds left.
|inactive|EZBreezeys has 20 seconds left.
|inactive|EZBreezeys has 15 seconds left.
|inactive|EZBreezeys has 10 seconds left.
|
|t:|1757662311
|switch|p1a: Darknyan|Incineroar, L50, M, shiny|22/100
|-ability|p1a: Darknyan|Intimidate|boost
|-unboost|p2a: Archaludon|atk|1
|-unboost|p2b: Sinistcha|atk|1
|move|p1b: Wiselod|Encore|p2a: Archaludon
|-start|p2a: Archaludon|Encore
|move|p2a: Archaludon|Snarl|p1a: Darknyan|[spread] p1a,p1b
|-resisted|p1a: Darknyan
|-damage|p1a: Darknyan|19/100
|-damage|p1b: Wiselod|62/100 brn
|-unboost|p1a: Darknyan|spa|1
|-unboost|p1b: Wiselod|spa|1
|move|p2b: Sinistcha|Matcha Gotcha|p1a: Darknyan|[spread] p1a,p1b
|-resisted|p1a: Darknyan
|-supereffective|p1b: Wiselod
|-damage|p1a: Darknyan|13/100
|-damage|p1b: Wiselod|39/100 brn
|
|-heal|p1b: Wiselod|45/100 brn|[from] item: Leftovers
|-damage|p1b: Wiselod|39/100 brn|[from] brn
|-start|p2a: Archaludon|perish1
|-start|p1b: Wiselod|perish1
|-start|p2b: Sinistcha|perish1
|-sideend|p1: EZBreezeys|Reflect
|upkeep
|turn|9
|inactive|EZBreezeys has 30 seconds left.
|inactive|cristiansegadevila has 30 seconds left.
|
|t:|1757662338
|switch|p2a: Dragonite|Dragonite, L50, M|100/100
|switch|p2b: Ursaluna|Ursaluna, L50, M|81/100 brn
|switch|p1a: Gothitelle|Gothitelle, L50, F|28/100
|move|p1b: Wiselod|Perish Song|p1b: Wiselod
|-start|p1a: Gothitelle|perish3|[silent]
|-start|p2a: Dragonite|perish3|[silent]
|-start|p2b: Ursaluna|perish3|[silent]
|-fieldactivate|move: Perish Song
|
|-heal|p1b: Wiselod|45/100 brn|[from] item: Leftovers
|-damage|p1b: Wiselod|39/100 brn|[from] brn
|-damage|p2b: Ursaluna|75/100 brn|[from] brn
|-start|p2a: Dragonite|perish3
|-start|p1b: Wiselod|perish0
|-start|p2b: Ursaluna|perish3
|faint|p1b: Wiselod
|-start|p1a: Gothitelle|perish3
|-sideend|p1: EZBreezeys|move: Light Screen
|upkeep
|
|t:|1757662355
|switch|p1b: Darknyan|Incineroar, L50, M, shiny|13/100
|-ability|p1b: Darknyan|Intimidate|boost
|-unboost|p2a: Dragonite|atk|1
|-unboost|p2b: Ursaluna|atk|1
|turn|10
|
|t:|1757662370
|move|p1b: Darknyan|Fake Out|p2b: Ursaluna
|-damage|p2b: Ursaluna|67/100 brn
|move|p1a: Gothitelle|Fake Out|p2a: Dragonite
|-damage|p2a: Dragonite|97/100
|cant|p2a: Dragonite|flinch
|cant|p2b: Ursaluna|flinch
|
|-damage|p2b: Ursaluna|61/100 brn|[from] brn
|-start|p2a: Dragonite|perish2
|-start|p1a: Gothitelle|perish2
|-start|p2b: Ursaluna|perish2
|upkeep
|turn|11
|
|t:|1757662384
|move|p1b: Darknyan|Protect|p1b: Darknyan
|-singleturn|p1b: Darknyan|Protect
|move|p1a: Gothitelle|Protect|p1a: Gothitelle
|-singleturn|p1a: Gothitelle|Protect
|move|p2a: Dragonite|Scale Shot|p1b: Darknyan
|-activate|p1b: Darknyan|move: Protect
|move|p2b: Ursaluna|Earthquake|p1a: Gothitelle|[spread] 
|-activate|p1a: Gothitelle|move: Protect
|-activate|p1b: Darknyan|move: Protect
|-immune|p2a: Dragonite
|
|-damage|p2b: Ursaluna|55/100 brn|[from] brn
|-start|p2a: Dragonite|perish1
|-start|p1a: Gothitelle|perish1
|-start|p2b: Ursaluna|perish1
|upkeep
|turn|12
|
|t:|1757662406
|move|p1b: Darknyan|Protect|p1b: Darknyan
|-singleturn|p1b: Darknyan|Protect
|move|p1a: Gothitelle|Protect||[still]
|-fail|p1a: Gothitelle
|move|p2a: Dragonite|Scale Shot|p1a: Gothitelle|[miss]
|-miss|p2a: Dragonite|p1a: Gothitelle
|move|p2b: Ursaluna|Earthquake|p1a: Gothitelle|[spread] p1a
|-activate|p1b: Darknyan|move: Protect
|-immune|p2a: Dragonite
|-damage|p1a: Gothitelle|0 fnt
|faint|p1a: Gothitelle
|
|-damage|p2b: Ursaluna|49/100 brn|[from] brn
|-start|p2a: Dragonite|perish0
|-start|p2b: Ursaluna|perish0
|faint|p2a: Dragonite
|faint|p2b: Ursaluna
|upkeep
|
|t:|1757662424
|switch|p2a: Sinistcha|Sinistcha, L50|100/100
|switch|p1a: Grimmsnarl|Grimmsnarl, L50, M|66/100 brn
|switch|p2b: Archaludon|Archaludon, L50, F|98/100
|-heal|p2b: Archaludon|100/100|[from] ability: Hospitality|[of] p2a: Sinistcha
|turn|13
|inactive|cristiansegadevila has 30 seconds left.
|
|t:|1757662450
|-terastallize|p2a: Sinistcha|Water
|move|p2a: Sinistcha|Rage Powder|p2a: Sinistcha
|-singleturn|p2a: Sinistcha|move: Rage Powder
|move|p2b: Archaludon|Body Press|p1b: Darknyan
|-supereffective|p1b: Darknyan
|-damage|p1b: Darknyan|0 fnt
|faint|p1b: Darknyan
|move|p1a: Grimmsnarl|Foul Play|p2a: Sinistcha
|-damage|p2a: Sinistcha|92/100
|
|-damage|p1a: Grimmsnarl|60/100 brn|[from] brn
|upkeep
|turn|14
|
|t:|1757662465
|move|p2b: Archaludon|Electro Shot||[still]
|-prepare|p2b: Archaludon|Electro Shot
|-boost|p2b: Archaludon|spa|1
|move|p2a: Sinistcha|Matcha Gotcha|p1a: Grimmsnarl
|-damage|p1a: Grimmsnarl|28/100 brn
|-heal|p2a: Sinistcha|100/100|[from] drain|[of] p1a: Grimmsnarl
|move|p1a: Grimmsnarl|Foul Play|p2b: Archaludon
|-damage|p2b: Archaludon|90/100
|-ability|p2b: Archaludon|Stamina|boost
|-boost|p2b: Archaludon|def|1
|
|-damage|p1a: Grimmsnarl|22/100 brn|[from] brn
|upkeep
|turn|15
|
|t:|1757662478
|move|p1a: Grimmsnarl|Protect|p1a: Grimmsnarl
|-singleturn|p1a: Grimmsnarl|Protect
|move|p2b: Archaludon|Electro Shot|p1a: Grimmsnarl|[from] lockedmove
|-activate|p1a: Grimmsnarl|move: Protect
|move|p2a: Sinistcha|Matcha Gotcha|p1a: Grimmsnarl
|-activate|p1a: Grimmsnarl|move: Protect
|
|-damage|p1a: Grimmsnarl|16/100 brn|[from] brn
|upkeep
|turn|16
|inactive|EZBreezeys has 30 seconds left.
|
|t:|1757662495
|move|p2b: Archaludon|Electro Shot||[still]
|-prepare|p2b: Archaludon|Electro Shot
|-boost|p2b: Archaludon|spa|1
|move|p2a: Sinistcha|Matcha Gotcha|p1a: Grimmsnarl
|-damage|p1a: Grimmsnarl|0 fnt
|faint|p1a: Grimmsnarl
|
|win|cristiansegadevila
|raw|EZBreezeys's rating: 1040 → 1025(-15 for losing)
|raw|cristiansegadevila's rating: 1062 → 1091(+29 for winning)
|l|☆cristiansegadevila
|player|p2|
