|j|☆hihowareyabro
|j|☆Juno48
|html|hihowareyabroJuno48    
|uhtml|bestof|Game 1 of a best-of-3
|t:|1785921222
|gametype|doubles
|player|p1|hihowareyabro|byron|1179
|player|p2|Juno48|1|1098
|gen|9
|tier|[Gen 9 Champions] VGC 2026 Reg M-B (Bo3)
|rated|
|rule|Species Clause: Limit one of each Pokémon
|rule|Item Clause: Limit 1 of each item
|clearpoke
|poke|p1|Blastoise, L50, F|
|poke|p1|Garchomp, L50, M|
|poke|p1|Maushold-Four, L50|
|poke|p1|Sneasler, L50, M|
|poke|p1|Incineroar, L50, M|
|poke|p1|Sinistcha, L50|
|poke|p2|Aerodactyl, L50, M|
|poke|p2|Kingambit, L50, M|
|poke|p2|Sylveon, L50, F|
|poke|p2|Garchomp, L50, M|
|poke|p2|Charizard, L50, M|
|poke|p2|Incineroar, L50, F|
|teampreview|4
|showteam|p1|Blastoise||Blastoisinite|Torrent|Protect,WaterSpout,DarkPulse,ShellSmash|Modest||F|||50|]Garchomp||ChoiceScarf|RoughSkin|RockSlide,DragonClaw,StompingTantrum,BrickBreak|Adamant||M|||50|]Maushold-Four||WideLens|Technician|Taunt,PopulationBomb,FollowMe,HelpingHand|Jolly|||||50|]Sneasler||WhiteHerb|Unburden|DireClaw,CloseCombat,Protect,FakeOut|Adamant||M|||50|]Incineroar||ChopleBerry|Intimidate|DarkestLariat,FlareBlitz,Protect,FakeOut|Brave||M|||50|]Sinistcha||BrightPowder|Hospitality|MatchaGotcha,TrickRoom,RagePowder,ShadowBall|Relaxed|||||50|
|showteam|p2|Aerodactyl||Aerodactylite|Unnerve|RockSlide,IceFang,Tailwind,WideGuard|Jolly||M|||50|]Kingambit||FocusSash|Defiant|KowtowCleave,SuckerPunch,IronHead,LowKick|Adamant||M|||50|]Sylveon||FairyFeather|Pixilate|Detect,HyperVoice,HyperBeam,QuickAttack|Modest||F|||50|]Garchomp||LifeOrb|RoughSkin|Earthquake,DragonClaw,StompingTantrum,Protect|Jolly||M|||50|]Charizard||CharizarditeY|Blaze|Protect,HeatWave,SolarBeam,WeatherBall|Modest||M|||50|]Incineroar||SitrusBerry|Intimidate|DarkestLariat,FlareBlitz,FakeOut,PartingShot|Impish||F|||50|
|inactive|Battle timer is ON: inactive players will automatically lose when time's up. (requested by hihowareyabro)
|inactive|Juno48 has 60 seconds left.
|inactive|Juno48 has 30 seconds left.
|inactive|Juno48 has 20 seconds left.
|
|t:|1785921321
|teamsize|p1|4
|teamsize|p2|4
|start
|switch|p1a: Blastoise|Blastoise, L50, F|100/100
|switch|p1b: Garchomp|Garchomp, L50, M|100/100
|switch|p2a: Charizard|Charizard, L50, M|100/100
|switch|p2b: Garchomp|Garchomp, L50, M|100/100
|turn|1
|inactive|hihowareyabro has 30 seconds left.
|inactive|Juno48 has 30 seconds left.
|
|t:|1785921352
|detailschange|p1a: Blastoise|Blastoise-Mega, L50, F
|-mega|p1a: Blastoise|Blastoise|Blastoisinite
|move|p2a: Charizard|Protect|p2a: Charizard
|-singleturn|p2a: Charizard|Protect
|move|p1b: Garchomp|Dragon Claw|p2b: Garchomp
|-supereffective|p2b: Garchomp|1
|-crit|p2b: Garchomp
|-damage|p2b: Garchomp|0 fnt
|-damage|p1b: Garchomp|87/100|[from] ability: Rough Skin|[of] p2b: Garchomp
|faint|p2b: Garchomp
|move|p1a: Blastoise|Shell Smash|p1a: Blastoise
|-unboost|p1a: Blastoise|def|1
|-unboost|p1a: Blastoise|spd|1
|-boost|p1a: Blastoise|atk|2
|-boost|p1a: Blastoise|spa|2
|-boost|p1a: Blastoise|spe|2
|
|upkeep
|
|t:|1785921366
|switch|p2b: Kingambit|Kingambit, L50, M|100/100
|turn|2
|
|t:|1785921373
|switch|p1b: Sneasler|Sneasler, L50, M|100/100
|detailschange|p2a: Charizard|Charizard-Mega-Y, L50, M
|-mega|p2a: Charizard|Charizard|Charizardite Y
|-weather|SunnyDay|[from] ability: Drought|[of] p2a: Charizard
|move|p1a: Blastoise|Protect|p1a: Blastoise
|-singleturn|p1a: Blastoise|Protect
|move|p2b: Kingambit|Sucker Punch||[still]
|-fail|p2b: Kingambit
|move|p2a: Charizard|Solar Beam||[still]
|-prepare|p2a: Charizard|Solar Beam
|-anim|p2a: Charizard|Solar Beam|p1a: Blastoise
|-activate|p1a: Blastoise|move: Protect
|
|-weather|SunnyDay|[upkeep]
|upkeep
|turn|3
|
|t:|1785921396
|move|p1b: Sneasler|Fake Out|p2b: Kingambit
|-resisted|p2b: Kingambit|1
|-damage|p2b: Kingambit|94/100
|move|p1a: Blastoise|Water Spout|p2a: Charizard|[spread] p2a,p2b
|-supereffective|p2a: Charizard|1
|-damage|p2a: Charizard|0 fnt
|-damage|p2b: Kingambit|20/100y
|faint|p2a: Charizard
|cant|p2b: Kingambit|flinch
|
|-weather|SunnyDay|[upkeep]
|upkeep
|
|t:|1785921405
|switch|p2a: Aerodactyl|Aerodactyl, L50, M|100/100
|-ability|p2a: Aerodactyl|Unnerve
|turn|4
|
|t:|1785921425
|move|p1a: Blastoise|Dark Pulse|p2b: Kingambit
|-resisted|p2b: Kingambit|1
|-damage|p2b: Kingambit|0 fnt
|faint|p2b: Kingambit
|move|p2a: Aerodactyl|Rock Slide|p1a: Blastoise|[spread] p1a,p1b
|-resisted|p1b: Sneasler|1
|-damage|p1a: Blastoise|68/100
|-damage|p1b: Sneasler|80/100
|move|p1b: Sneasler|Close Combat|p2a: Aerodactyl
|-damage|p2a: Aerodactyl|24/100
|-unboost|p1b: Sneasler|def|1
|-unboost|p1b: Sneasler|spd|1
|-enditem|p1b: Sneasler|White Herb
|-clearnegativeboost|p1b: Sneasler|[silent]
|
|-weather|SunnyDay|[upkeep]
|upkeep
|turn|5
|
|t:|1785921438
|move|p1b: Sneasler|Close Combat|p2a: Aerodactyl
|-damage|p2a: Aerodactyl|0 fnt
|-unboost|p1b: Sneasler|def|1
|-unboost|p1b: Sneasler|spd|1
|faint|p2a: Aerodactyl
|
|win|hihowareyabro
||hihowareyabro is ready for game 2.
||Juno48 is ready for game 2.
|uhtml|next|Next: Game 2 of 3
|l|☆hihowareyabro
|player|p1|
