|j|☆pagoose chase
|j|☆ddojemane47
|html|pagoose chaseddojemane47    
|uhtml|bestof|Game 1 of a best-of-3
|t:|1757678356
|gametype|doubles
|player|p1|pagoose chase|roxanne-gen6|1116
|player|p2|ddojemane47|266|1201
|gen|9
|tier|[Gen 9] VGC 2025 Reg H (Bo3)
|rated|
|rule|Species Clause: Limit one of each Pokémon
|rule|Item Clause: Limit 1 of each item
|clearpoke
|poke|p1|Gliscor, L50, F|
|poke|p1|Tyranitar, L50, M|
|poke|p1|Rillaboom, L50, M|
|poke|p1|Gholdengo, L50|
|poke|p1|Electabuzz, L50, M|
|poke|p1|Annihilape, L50, F|
|poke|p2|Dragonite, L50, M|
|poke|p2|Gholdengo, L50|
|poke|p2|Ursaluna-Bloodmoon, L50, M|
|poke|p2|Annihilape, L50, F|
|poke|p2|Maushold-Four, L50|
|poke|p2|Rillaboom, L50, F|
|teampreview|4
|showteam|p1|Gliscor||ToxicOrb|PoisonHeal|DualWingbeat,HighHorsepower,Tailwind,Protect|||F|||50|,,,,,Water]Tyranitar||AssaultVest|SandStream|RockSlide,KnockOff,LowKick,TeraBlast|||M|||50|,,,,,Flying]Rillaboom||MiracleSeed|GrassySurge|FakeOut,GrassyGlide,WoodHammer,Uturn|||M|||50|,,,,,Fire]Gholdengo||LifeOrb|GoodasGold|MakeItRain,ShadowBall,NastyPlot,Protect||||||50|,,,,,Water]Electabuzz||Eviolite|VitalSpirit|FollowMe,Electroweb,Taunt,Protect|||M|||50|,,,,,Ghost]Annihilape||SafetyGoggles|Defiant|RageFist,CloseCombat,Coaching,FinalGambit|||F|||50|,,,,,Steel
|showteam|p2|Dragonite||LoadedDice|Multiscale|ScaleShot,Tailwind,Haze,Protect|||M|||50|,,,,,Fairy]Gholdengo||LifeOrb|GoodasGold|MakeItRain,ShadowBall,NastyPlot,Protect||||||50|,,,,,Water]Ursaluna-Bloodmoon||AssaultVest|MindsEye|BloodMoon,EarthPower,HyperVoice,VacuumWave|||M|||50|,,,,,Water]Annihilape||SitrusBerry|Defiant|DrainPunch,RageFist,BulkUp,Protect|||F|||50|,,,,,Fire]Maushold-Four||FocusSash|FriendGuard|SuperFang,BeatUp,FollowMe,Protect||||||50|,,,,,Ghost]Rillaboom||MiracleSeed|GrassySurge|WoodHammer,GrassyGlide,HighHorsepower,FakeOut|||F|||50|,,,,,Fire
|inactive|Battle timer is ON: inactive players will automatically lose when time's up. (requested by ddojemane47)
|
|t:|1757678470
|teamsize|p1|4
|teamsize|p2|4
|start
|switch|p1a: Gliscor|Gliscor, L50, F|100/100
|switch|p1b: Gholdengo|Gholdengo, L50|100/100
|switch|p2a: Gholdengo|Gholdengo, L50|100/100
|switch|p2b: Ursaluna|Ursaluna-Bloodmoon, L50, M|100/100
|turn|1
|inactive|pagoose chase has 30 seconds left.
|inactive|ddojemane47 has 30 seconds left.
|
|t:|1757678501
|move|p2a: Gholdengo|Shadow Ball|p1b: Gholdengo
|-supereffective|p1b: Gholdengo
|-damage|p1b: Gholdengo|0 fnt
|faint|p1b: Gholdengo
|-damage|p2a: Gholdengo|91/100|[from] item: Life Orb
|move|p1a: Gliscor|Tailwind|p1a: Gliscor
|-sidestart|p1: pagoose chase|move: Tailwind
|move|p2b: Ursaluna|Blood Moon|p1a: Gliscor
|-damage|p1a: Gliscor|0 fnt
|faint|p1a: Gliscor
|
|upkeep
|
|t:|1757678506
|switch|p1a: Tyranitar|Tyranitar, L50, M|100/100
|switch|p1b: Annihilape|Annihilape, L50, F|100/100
|-weather|Sandstorm|[from] ability: Sand Stream|[of] p1a: Tyranitar
|turn|2
|inactive|ddojemane47 has 30 seconds left.
|inactive|ddojemane47 has 20 seconds left.
|inactive|ddojemane47 has 15 seconds left.
|
|t:|1757678547
|switch|p2b: Annihilape|Annihilape, L50, F|100/100
|move|p2a: Gholdengo|Protect|p2a: Gholdengo
|-singleturn|p2a: Gholdengo|Protect
|move|p1b: Annihilape|Coaching|p1a: Tyranitar
|-boost|p1a: Tyranitar|atk|1
|-boost|p1a: Tyranitar|def|1
|move|p1a: Tyranitar|Knock Off|p2a: Gholdengo
|-activate|p2a: Gholdengo|move: Protect
|
|-weather|Sandstorm|[upkeep]
|-damage|p2b: Annihilape|94/100|[from] Sandstorm
|upkeep
|turn|3
|inactive|ddojemane47 has 30 seconds left.
|
|t:|1757678580
|-terastallize|p1a: Tyranitar|Flying
|-terastallize|p2a: Gholdengo|Water
|move|p1b: Annihilape|Coaching|p1a: Tyranitar
|-boost|p1a: Tyranitar|atk|1
|-boost|p1a: Tyranitar|def|1
|move|p1a: Tyranitar|Knock Off|p2a: Gholdengo
|-damage|p2a: Gholdengo|0 fnt
|-enditem|p2a: Gholdengo|Life Orb|[from] move: Knock Off|[of] p1a: Tyranitar
|faint|p2a: Gholdengo
|move|p2b: Annihilape|Rage Fist|p1b: Annihilape
|-supereffective|p1b: Annihilape
|-damage|p1b: Annihilape|56/100
|
|-weather|Sandstorm|[upkeep]
|-damage|p1a: Tyranitar|94/100|[from] Sandstorm
|-damage|p2b: Annihilape|88/100|[from] Sandstorm
|upkeep
|
|t:|1757678600
|switch|p2a: Rillaboom|Rillaboom, L50, F|100/100
|-fieldstart|move: Grassy Terrain|[from] ability: Grassy Surge|[of] p2a: Rillaboom
|turn|4
|
|t:|1757678609
|move|p2a: Rillaboom|Fake Out|p1a: Tyranitar
|-damage|p1a: Tyranitar|88/100
|move|p1b: Annihilape|Rage Fist|p2b: Annihilape
|-supereffective|p2b: Annihilape
|-damage|p2b: Annihilape|12/100
|-enditem|p2b: Annihilape|Sitrus Berry|[eat]
|-heal|p2b: Annihilape|37/100|[from] item: Sitrus Berry
|cant|p1a: Tyranitar|flinch
|move|p2b: Annihilape|Bulk Up|p2b: Annihilape
|-boost|p2b: Annihilape|atk|1
|-boost|p2b: Annihilape|def|1
|
|-weather|Sandstorm|[upkeep]
|-damage|p1a: Tyranitar|82/100|[from] Sandstorm
|-damage|p2b: Annihilape|31/100|[from] Sandstorm
|-damage|p2a: Rillaboom|94/100|[from] Sandstorm
|-heal|p1b: Annihilape|62/100|[from] Grassy Terrain
|-heal|p2b: Annihilape|37/100|[from] Grassy Terrain
|-heal|p2a: Rillaboom|100/100|[from] Grassy Terrain
|-sideend|p1: pagoose chase|move: Tailwind
|upkeep
|turn|5
|
|t:|1757678623
|move|p2b: Annihilape|Protect|p2b: Annihilape
|-singleturn|p2b: Annihilape|Protect
|move|p1b: Annihilape|Rage Fist|p2b: Annihilape
|-activate|p2b: Annihilape|move: Protect
|move|p2a: Rillaboom|Wood Hammer|p1b: Annihilape
|-damage|p1b: Annihilape|0 fnt
|faint|p1b: Annihilape
|-damage|p2a: Rillaboom|78/100|[from] Recoil
|move|p1a: Tyranitar|Tera Blast|p2a: Rillaboom|[anim] Tera Blast Flying
|-supereffective|p2a: Rillaboom
|-damage|p2a: Rillaboom|0 fnt
|faint|p2a: Rillaboom
|
|-weather|Sandstorm|[upkeep]
|-damage|p2b: Annihilape|31/100|[from] Sandstorm
|-damage|p1a: Tyranitar|76/100|[from] Sandstorm
|-heal|p2b: Annihilape|37/100|[from] Grassy Terrain
|upkeep
|
|t:|1757678637
|switch|p2a: Ursaluna|Ursaluna-Bloodmoon, L50, M|100/100
|turn|6
|
|t:|1757678644
|move|p2b: Annihilape|Rage Fist|p1a: Tyranitar
|-damage|p1a: Tyranitar|49/100
|move|p1a: Tyranitar|Low Kick|p2a: Ursaluna
|-supereffective|p2a: Ursaluna
|-damage|p2a: Ursaluna|0 fnt
|faint|p2a: Ursaluna
|
|-weather|none
|-heal|p2b: Annihilape|43/100|[from] Grassy Terrain
|upkeep
|turn|7
|-message|ddojemane47 forfeited.
|
|win|pagoose chase
|l|☆ddojemane47
|player|p2|
||pagoose chase is ready for game 2.
||ddojemane47 is ready for game 2.
|uhtml|next|Next: Game 2 of 3
