|j|☆ToastedArt
|j|☆guinman24
|html|ToastedArtguinman24    
|uhtml|bestof|Game 2 of a best-of-3
|t:|1784333600
|gametype|doubles
|player|p1|ToastedArt|iris|1095
|player|p2|guinman24|infielder|1000
|gen|9
|tier|[Gen 9 Champions] VGC 2026 Reg M-B (Bo3)
|rated|
|rule|Species Clause: Limit one of each Pokémon
|rule|Item Clause: Limit 1 of each item
|clearpoke
|poke|p1|Sinistcha, L50|
|poke|p1|Sneasler, L50, M|
|poke|p1|Hydreigon, L50, M|
|poke|p1|Gholdengo, L50|
|poke|p1|Falinks, L50, shiny|
|poke|p1|Incineroar, L50, F|
|poke|p2|Glimmora, L50, F, shiny|
|poke|p2|Whimsicott, L50, M|
|poke|p2|Hydreigon, L50, F|
|poke|p2|Incineroar, L50, M|
|poke|p2|Basculegion, L50, M|
|poke|p2|Metagross, L50|
|teampreview|4
|showteam|p1|Sinistcha||KasibBerry|Hospitality|MatchaGotcha,Imprison,RagePowder,TrickRoom|Calm|||||50|]Sneasler||FocusSash|PoisonTouch|CloseCombat,FakeOut,PoisonJab,AcidSpray|Jolly||M|||50|]Hydreigon||ChoiceScarf|Levitate|DarkPulse,DracoMeteor,EarthPower,Snarl|Modest||M|||50|]Gholdengo||LifeOrb|GoodasGold|MakeItRain,ShadowBall,NastyPlot,Protect|Modest|||||50|]Falinks||Falinksite|Defiant|NoRetreat,SwordsDance,CloseCombat,Protect|Adamant|||||50|]Incineroar||SitrusBerry|Intimidate|FlareBlitz,DarkestLariat,FakeOut,PartingShot|Careful||F|||50|
|showteam|p2|Glimmora||Glimmoranite|ToxicDebris|SludgeBomb,PowerGem,EnergyBall,SpikyShield|Timid||F|||50|]Whimsicott||FocusSash|Prankster|Encore,Moonblast,Tailwind,Protect|Timid||M|||50|]Hydreigon||LifeOrb|Levitate|Snarl,DracoMeteor,EarthPower,Protect|Modest||F|||50|]Incineroar||SitrusBerry|Intimidate|FlareBlitz,DarkestLariat,PartingShot,FakeOut|Impish||M|||50|]Basculegion||MysticWater|Adaptability|WaveCrash,AquaJet,LastRespects,Protect|Jolly||M|||50|]Metagross||Metagrossite|ClearBody|IronHead,PsychicFangs,IcePunch,Protect|Jolly|||||50|
|inactive|Battle timer is ON: inactive players will automatically lose when time's up. (requested by ToastedArt)
|inactive|ToastedArt has 60 seconds left.
|
|t:|1784333654
|teamsize|p1|4
|teamsize|p2|4
|start
|switch|p1a: Falinks|Falinks, L50, shiny|100/100
|switch|p1b: Incineroar|Incineroar, L50, F|100/100
|switch|p2a: Whimsicott|Whimsicott, L50, M|100/100
|switch|p2b: Hydreigon|Hydreigon, L50, F|100/100
|-ability|p1b: Incineroar|Intimidate|boost
|-unboost|p2a: Whimsicott|atk|1
|-unboost|p2b: Hydreigon|atk|1
|turn|1
|inactive|ToastedArt has 30 seconds left.
|
|t:|1784333680
|switch|p1a: Gholdengo|Gholdengo, L50|100/100
|move|p2a: Whimsicott|Protect|p2a: Whimsicott
|-singleturn|p2a: Whimsicott|Protect
|move|p2b: Hydreigon|Protect|p2b: Hydreigon
|-singleturn|p2b: Hydreigon|Protect
|move|p1b: Incineroar|Parting Shot|p2b: Hydreigon
|-activate|p2b: Hydreigon|move: Protect
|
|upkeep
|turn|2
|inactive|guinman24 has 30 seconds left.
|
|t:|1784333707
|move|p1a: Gholdengo|Protect|p1a: Gholdengo
|-singleturn|p1a: Gholdengo|Protect
|move|p2a: Whimsicott|Tailwind|p2a: Whimsicott
|-sidestart|p2: guinman24|move: Tailwind
|move|p2b: Hydreigon|Snarl|p1b: Incineroar|[spread] p1b
|-activate|p1a: Gholdengo|move: Protect
|-resisted|p1b: Incineroar|1
|-damage|p1b: Incineroar|88/100
|-unboost|p1b: Incineroar|spa|1
|-damage|p2b: Hydreigon|90/100|[from] item: Life Orb
|move|p1b: Incineroar|Parting Shot|p2b: Hydreigon
|-unboost|p2b: Hydreigon|atk|1
|-unboost|p2b: Hydreigon|spa|1
|
|t:|1784333729
|switch|p1b: Sinistcha|Sinistcha, L50|100/100|[from] Parting Shot
|
|upkeep
|turn|3
|
|t:|1784333752
|move|p2a: Whimsicott|Protect|p2a: Whimsicott
|-singleturn|p2a: Whimsicott|Protect
|move|p1b: Sinistcha|Rage Powder|p1b: Sinistcha
|-singleturn|p1b: Sinistcha|move: Rage Powder
|move|p2b: Hydreigon|Snarl|p1b: Sinistcha|[spread] p1a,p1b
|-supereffective|p1a: Gholdengo|1
|-supereffective|p1b: Sinistcha|1
|-damage|p1a: Gholdengo|52/100
|-damage|p1b: Sinistcha|65/100
|-unboost|p1a: Gholdengo|spa|1
|-unboost|p1b: Sinistcha|spa|1
|-damage|p2b: Hydreigon|80/100|[from] item: Life Orb
|move|p1a: Gholdengo|Nasty Plot|p1a: Gholdengo
|-boost|p1a: Gholdengo|spa|2
|
|upkeep
|turn|4
|
|t:|1784333772
|switch|p2a: Metagross|Metagross, L50|100/100
|move|p1a: Gholdengo|Protect|p1a: Gholdengo
|-singleturn|p1a: Gholdengo|Protect
|move|p2b: Hydreigon|Snarl|p1a: Gholdengo|[spread] p1b
|-activate|p1a: Gholdengo|move: Protect
|-supereffective|p1b: Sinistcha|1
|-damage|p1b: Sinistcha|30/100
|-unboost|p1b: Sinistcha|spa|1
|-damage|p2b: Hydreigon|70/100|[from] item: Life Orb
|move|p1b: Sinistcha|Trick Room|p1b: Sinistcha
|-fieldstart|move: Trick Room|[of] p1b: Sinistcha
|
|upkeep
|turn|5
|inactive|guinman24 has 30 seconds left.
|
|t:|1784333800
|switch|p1b: Incineroar|Incineroar, L50, F|88/100
|-ability|p1b: Incineroar|Intimidate|boost
|-fail|p2a: Metagross|unboost|[from] ability: Clear Body|[of] p2a: Metagross
|-unboost|p2b: Hydreigon|atk|1
|move|p2a: Metagross|Protect|p2a: Metagross
|-singleturn|p2a: Metagross|Protect
|move|p1a: Gholdengo|Shadow Ball|p2a: Metagross
|-activate|p2a: Metagross|move: Protect
|move|p2b: Hydreigon|Snarl|p1a: Gholdengo|[spread] p1a
|-miss|p2b: Hydreigon|p1b: Incineroar
|-supereffective|p1a: Gholdengo|1
|-damage|p1a: Gholdengo|4/100
|-unboost|p1a: Gholdengo|spa|1
|-damage|p2b: Hydreigon|61/100|[from] item: Life Orb
|
|-sideend|p2: guinman24|move: Tailwind
|upkeep
|turn|6
|
|t:|1784333823
|switch|p2a: Whimsicott|Whimsicott, L50, M|100/100
|move|p2b: Hydreigon|Protect|p2b: Hydreigon
|-singleturn|p2b: Hydreigon|Protect
|move|p1b: Incineroar|Fake Out|p2b: Hydreigon
|-activate|p2b: Hydreigon|move: Protect
|move|p1a: Gholdengo|Shadow Ball|p2a: Whimsicott
|-damage|p2a: Whimsicott|1/100
|-unboost|p2a: Whimsicott|spd|1
|-damage|p1a: Gholdengo|0 fnt|[from] item: Life Orb
|faint|p1a: Gholdengo
|
|upkeep
|
|t:|1784333836
|switch|p1a: Falinks|Falinks, L50, shiny|100/100
|turn|7
|
|t:|1784333850
|switch|p2b: Basculegion|Basculegion, L50, M|100/100
|detailschange|p1a: Falinks|Falinks-Mega, L50, shiny
|-mega|p1a: Falinks|Falinks|Falinksite
|move|p2a: Whimsicott|Protect|p2a: Whimsicott
|-singleturn|p2a: Whimsicott|Protect
|move|p1b: Incineroar|Flare Blitz|p2a: Whimsicott
|-activate|p2a: Whimsicott|move: Protect
|move|p1a: Falinks|No Retreat|p1a: Falinks
|-boost|p1a: Falinks|atk|1
|-boost|p1a: Falinks|def|1
|-boost|p1a: Falinks|spa|1
|-boost|p1a: Falinks|spd|1
|-boost|p1a: Falinks|spe|1
|-start|p1a: Falinks|move: No Retreat
|
|upkeep
|turn|8
|
|t:|1784333868
|move|p1a: Falinks|Protect|p1a: Falinks
|-singleturn|p1a: Falinks|Protect
|move|p2a: Whimsicott|Encore|p1a: Falinks
|-activate|p1a: Falinks|move: Protect
|move|p1b: Incineroar|Flare Blitz|p2a: Whimsicott
|-supereffective|p2a: Whimsicott|1
|-damage|p2a: Whimsicott|0 fnt
|faint|p2a: Whimsicott
|-damage|p1b: Incineroar|88/100|[from] Recoil
|move|p2b: Basculegion|Wave Crash|p1b: Incineroar
|-supereffective|p1b: Incineroar|1
|-damage|p1b: Incineroar|0 fnt
|faint|p1b: Incineroar
|-damage|p2b: Basculegion|69/100|[from] Recoil
|
|-fieldend|move: Trick Room
|upkeep
|inactive|guinman24 has 30 seconds left.
|-message|ToastedArt forfeited.
|
|win|guinman24
