|j|☆together beans
|j|☆toughlogvgc
|html|together beanstoughlogvgc    
|uhtml|bestof|Game 2 of a best-of-3
|t:|1783907023
|gametype|doubles
|player|p1|together beans|crasherwake|1079
|player|p2|toughlogvgc|1|1197
|gen|9
|tier|[Gen 9 Champions] VGC 2026 Reg M-B (Bo3)
|rated|
|rule|Species Clause: Limit one of each Pokémon
|rule|Item Clause: Limit 1 of each item
|clearpoke
|poke|p1|Raichu, L50, F|
|poke|p1|Froslass, L50, F|
|poke|p1|Whimsicott, L50, F|
|poke|p1|Sneasler, L50, F|
|poke|p1|Ninetales-Alola, L50, F|
|poke|p1|Sylveon, L50, F|
|poke|p2|Charizard, L50, M|
|poke|p2|Garchomp, L50, M|
|poke|p2|Basculegion, L50, M|
|poke|p2|Whimsicott, L50, F|
|poke|p2|Kingambit, L50, F|
|poke|p2|Floette-Eternal, L50, F|
|teampreview|4
|showteam|p1|Raichu||RaichuniteY|Static|FakeOut,ZapCannon,FocusBlast,Protect|Modest||F|||50|]Froslass||Froslassite|SnowCloak|Blizzard,ShadowBall,Thunderbolt,Protect|Timid||F|||50|]Whimsicott||FocusSash|Prankster|Moonblast,Tailwind,Encore,Taunt|Timid||F|||50|]Sneasler||WhiteHerb|Unburden|DireClaw,CloseCombat,FakeOut,Protect|Jolly||F|||50|]Ninetales-Alola||LightClay|SnowWarning|Blizzard,Moonblast,Encore,AuroraVeil|Timid||F|||50|]Sylveon||FairyFeather|Pixilate|HyperBeam,HyperVoice,Detect,QuickAttack|Bold||F|||50|
|showteam|p2|Charizard||CharizarditeY|Blaze|HeatWave,SolarBeam,Protect,WeatherBall|Modest||M|||50|]Garchomp||LifeOrb|RoughSkin|DragonClaw,Earthquake,RockSlide,Protect|Jolly||M|||50|]Basculegion||ChoiceScarf|Adaptability|WaveCrash,AquaJet,FlipTurn,LastRespects|Adamant||M|||50|]Whimsicott||FocusSash|Prankster|Moonblast,Tailwind,Protect,Encore|Timid||F|||50|]Kingambit||BlackGlasses|Defiant|IronHead,KowtowCleave,Protect,SuckerPunch|Adamant||F|||50|]Floette-Eternal||Floettite|FlowerVeil|Moonblast,LightofRuin,DazzlingGleam,Protect|Modest||F|||50|
|inactive|Battle timer is ON: inactive players will automatically lose when time's up. (requested by together beans)
|
|t:|1783907076
|teamsize|p1|4
|teamsize|p2|4
|start
|switch|p1a: Sneasler|Sneasler, L50, F|100/100
|switch|p1b: Raichu|Raichu, L50, F|100/100
|switch|p2a: Charizard|Charizard, L50, M|100/100
|switch|p2b: Garchomp|Garchomp, L50, M|100/100
|turn|1
|inactive|together beans has 30 seconds left.
|inactive|toughlogvgc has 30 seconds left.
|
|t:|1783907108
|detailschange|p1b: Raichu|Raichu-Mega-Y, L50, F
|-mega|p1b: Raichu|Raichu|Raichunite Y
|detailschange|p2a: Charizard|Charizard-Mega-Y, L50, M
|-mega|p2a: Charizard|Charizard|Charizardite Y
|-weather|SunnyDay|[from] ability: Drought|[of] p2a: Charizard
|move|p2b: Garchomp|Protect|p2b: Garchomp
|-singleturn|p2b: Garchomp|Protect
|move|p2a: Charizard|Protect|p2a: Charizard
|-singleturn|p2a: Charizard|Protect
|move|p1a: Sneasler|Fake Out|p2b: Garchomp
|-activate|p2b: Garchomp|move: Protect
|move|p1b: Raichu|Fake Out|p2a: Charizard
|-activate|p2a: Charizard|move: Protect
|
|-weather|SunnyDay|[upkeep]
|upkeep
|turn|2
|inactive|together beans has 30 seconds left.
|inactive|toughlogvgc has 30 seconds left.
|inactive|together beans has 20 seconds left.
|inactive|toughlogvgc has 20 seconds left.
|
|t:|1783907147
|switch|p1b: Ninetales|Ninetales-Alola, L50, F|100/100
|-weather|Snowscape|[from] ability: Snow Warning|[of] p1b: Ninetales
|switch|p2a: Whimsicott|Whimsicott, L50, F|100/100
|move|p1a: Sneasler|Protect|p1a: Sneasler
|-singleturn|p1a: Sneasler|Protect
|move|p2b: Garchomp|Rock Slide|p1a: Sneasler|[spread] p1b
|-activate|p1a: Sneasler|move: Protect
|-supereffective|p1b: Ninetales|1
|-damage|p1b: Ninetales|46/100
|-damage|p2b: Garchomp|90/100|[from] item: Life Orb
|
|-weather|Snowscape|[upkeep]
|upkeep
|turn|3
|inactive|toughlogvgc has 30 seconds left.
|inactive|together beans has 30 seconds left.
|inactive|toughlogvgc has 20 seconds left.
|inactive|together beans has 20 seconds left.
|inactive|toughlogvgc has 15 seconds left.
|inactive|together beans has 15 seconds left.
|inactive|toughlogvgc has 10 seconds left.
|
|t:|1783907197
|switch|p1b: Sylveon|Sylveon, L50, F|100/100
|switch|p2b: Charizard|Charizard-Mega-Y, L50, M|100/100
|-weather|SunnyDay|[from] ability: Drought|[of] p2b: Charizard
|move|p2a: Whimsicott|Encore|p1a: Sneasler
|-start|p1a: Sneasler|Encore
|move|p1a: Sneasler|Protect||[still]
|-fail|p1a: Sneasler
|
|-weather|SunnyDay|[upkeep]
|upkeep
|turn|4
|
|t:|1783907220
|switch|p1a: Ninetales|Ninetales-Alola, L50, F|46/100
|-weather|Snowscape|[from] ability: Snow Warning|[of] p1a: Ninetales
|move|p2a: Whimsicott|Protect|p2a: Whimsicott
|-singleturn|p2a: Whimsicott|Protect
|move|p2b: Charizard|Weather Ball|p1b: Sylveon
|-damage|p1b: Sylveon|68/100
|move|p1b: Sylveon|Hyper Voice|p2a: Whimsicott|[spread] p2b
|-activate|p2a: Whimsicott|move: Protect
|-resisted|p2b: Charizard|1
|-damage|p2b: Charizard|82/100
|
|-weather|Snowscape|[upkeep]
|upkeep
|turn|5
|inactive|together beans has 30 seconds left.
|inactive|toughlogvgc has 30 seconds left.
|inactive|together beans has 20 seconds left.
|inactive|together beans has 15 seconds left.
|
|t:|1783907262
|switch|p2a: Kingambit|Kingambit, L50, F|100/100
|move|p1a: Ninetales|Blizzard|p2a: Kingambit|[spread] p2a,p2b
|-resisted|p2a: Kingambit|1
|-damage|p2a: Kingambit|84/100
|-damage|p2b: Charizard|56/100
|move|p2b: Charizard|Heat Wave|p1a: Ninetales|[spread] p1a,p1b
|-supereffective|p1a: Ninetales|1
|-damage|p1a: Ninetales|0 fnt
|-damage|p1b: Sylveon|38/100
|faint|p1a: Ninetales
|move|p1b: Sylveon|Hyper Voice|p2b: Charizard|[spread] p2a,p2b
|-resisted|p2b: Charizard|1
|-damage|p2a: Kingambit|47/100
|-damage|p2b: Charizard|39/100
|
|-weather|Snowscape|[upkeep]
|upkeep
|
|t:|1783907277
|switch|p1a: Sneasler|Sneasler, L50, F|100/100
|turn|6
|inactive|together beans has 30 seconds left.
|
|t:|1783907309
|switch|p2a: Whimsicott|Whimsicott, L50, F|100/100
|move|p2b: Charizard|Protect|p2b: Charizard
|-singleturn|p2b: Charizard|Protect
|move|p1a: Sneasler|Fake Out|p2a: Whimsicott
|-damage|p2a: Whimsicott|78/100
|move|p1b: Sylveon|Hyper Voice|p2a: Whimsicott|[spread] p2a
|-activate|p2b: Charizard|move: Protect
|-damage|p2a: Whimsicott|17/100
|
|-weather|Snowscape|[upkeep]
|upkeep
|turn|7
|inactive|toughlogvgc has 30 seconds left.
|
|t:|1783907341
|move|p2a: Whimsicott|Tailwind|p2a: Whimsicott
|-sidestart|p2: toughlogvgc|move: Tailwind
|move|p2b: Charizard|Heat Wave|p1b: Sylveon|[spread] p1a,p1b
|-damage|p1a: Sneasler|37/100
|-damage|p1b: Sylveon|7/100
|move|p1a: Sneasler|Dire Claw|p2b: Charizard
|-damage|p2b: Charizard|0 fnt
|faint|p2b: Charizard
|move|p1b: Sylveon|Hyper Voice|p2a: Whimsicott
|-damage|p2a: Whimsicott|0 fnt
|faint|p2a: Whimsicott
|
|-weather|Snowscape|[upkeep]
|upkeep
|
|t:|1783907355
|switch|p2a: Garchomp|Garchomp, L50, M|90/100
|switch|p2b: Kingambit|Kingambit, L50, F|47/100
|turn|8
|
|t:|1783907373
|move|p1a: Sneasler|Protect|p1a: Sneasler
|-singleturn|p1a: Sneasler|Protect
|move|p2b: Kingambit|Protect|p2b: Kingambit
|-singleturn|p2b: Kingambit|Protect
|move|p1b: Sylveon|Detect|p1b: Sylveon
|-singleturn|p1b: Sylveon|Protect
|move|p2a: Garchomp|Earthquake|p1b: Sylveon|[spread] 
|-activate|p2b: Kingambit|move: Protect
|-activate|p1a: Sneasler|move: Protect
|-activate|p1b: Sylveon|move: Protect
|
|-weather|none
|upkeep
|turn|9
|
|t:|1783907396
|move|p2b: Kingambit|Sucker Punch|p1a: Sneasler
|-resisted|p1a: Sneasler|1
|-damage|p1a: Sneasler|0 fnt
|faint|p1a: Sneasler
|move|p1b: Sylveon|Quick Attack|p2a: Garchomp
|-supereffective|p2a: Garchomp|1
|-damage|p2a: Garchomp|62/100
|-damage|p1b: Sylveon|0 fnt|[from] ability: Rough Skin|[of] p2a: Garchomp
|faint|p1b: Sylveon
|move|p2a: Garchomp|Rock Slide|p1: Sneasler|[notarget]
|-fail|p2a: Garchomp
|
|upkeep
|
|t:|1783907401
|switch|p1a: Raichu|Raichu-Mega-Y, L50, F|100/100
|turn|10
|inactive|toughlogvgc has 30 seconds left.
|
|t:|1783907428
|move|p2a: Garchomp|Protect|p2a: Garchomp
|-singleturn|p2a: Garchomp|Protect
|move|p1a: Raichu|Protect|p1a: Raichu
|-singleturn|p1a: Raichu|Protect
|move|p2b: Kingambit|Protect||[still]
|-fail|p2b: Kingambit
|
|-sideend|p2: toughlogvgc|move: Tailwind
|upkeep
|turn|11
|inactive|toughlogvgc has 30 seconds left.
|inactive|together beans has 30 seconds left.
|inactive|toughlogvgc has 20 seconds left.
|inactive|toughlogvgc has 15 seconds left.
|inactive|toughlogvgc has 10 seconds left.
|
|t:|1783907476
|move|p1a: Raichu|Focus Blast|p2a: Garchomp
|-damage|p2a: Garchomp|14/100
|move|p2a: Garchomp|Earthquake|p1a: Raichu|[spread] p2b,p1a
|-supereffective|p2b: Kingambit|1
|-supereffective|p1a: Raichu|1
|-damage|p2b: Kingambit|0 fnt
|-damage|p1a: Raichu|0 fnt
|faint|p2b: Kingambit
|faint|p1a: Raichu
|-damage|p2a: Garchomp|4/100|[from] item: Life Orb
|
|win|toughlogvgc
||together beans is ready for game 3.
|inactive|toughlogvgc has 30 seconds to confirm battle start!
||toughlogvgc is ready for game 3.
|uhtml|next|Next: Game 3 of 3
|l|☆together beans
|player|p1|
