|j|☆Ruben1452
|j|☆MrTedno
|html|Ruben1452MrTedno    
|uhtml|bestof|Game 2 of a best-of-3
|t:|1756894937
|gametype|doubles
|player|p1|Ruben1452|hilbert-wonderlauncher|1152
|player|p2|MrTedno|barry|1213
|gen|9
|tier|[Gen 9] VGC 2025 Reg H (Bo3)
|rated|
|rule|Species Clause: Limit one of each Pokémon
|rule|Item Clause: Limit 1 of each item
|clearpoke
|poke|p1|Incineroar, L50, M|
|poke|p1|Basculegion, L50, M|
|poke|p1|Pelipper, L50, F|
|poke|p1|Amoonguss, L50, M|
|poke|p1|Archaludon, L50, M|
|poke|p1|Gholdengo, L50|
|poke|p2|Ninetales-Alola, L50, F|
|poke|p2|Garchomp, L50, M|
|poke|p2|Dragonite, L50, M|
|poke|p2|Incineroar, L50, M|
|poke|p2|Gholdengo, L50|
|poke|p2|Farigiraf, L50, M|
|teampreview|4
|showteam|p1|Incineroar||SafetyGoggles|Intimidate|FakeOut,PartingShot,Taunt,KnockOff|||M|||50|,,,,,Ghost]Basculegion||ChoiceBand|SwiftSwim|WaveCrash,LastRespects,FlipTurn,AquaJet|||M|||50|,,,,,Grass]Pelipper||FocusSash|Drizzle|WeatherBall,Hurricane,Tailwind,Protect|||F|||50|,,,,,Ground]Amoonguss||SitrusBerry|Regenerator|Spore,RagePowder,PollenPuff,Protect|||M|||50|,,,,,Water]Archaludon||AssaultVest|Stamina|ElectroShot,DragonPulse,FlashCannon,BodyPress|||M|||50|,,,,,Bug]Gholdengo||LifeOrb|GoodasGold|MakeItRain,ShadowBall,NastyPlot,Protect||||||50|,,,,,Water
|showteam|p2|Ninetales-Alola||FocusSash|SnowWarning|Encore,Blizzard,FreezeDry,Protect|||F|||50|,,,,,Ghost]Garchomp||ClearAmulet|RoughSkin|Earthquake,DragonClaw,StompingTantrum,Protect|||M|||50|,,,,,Ground]Dragonite||LumBerry|InnerFocus|TeraBlast,LowKick,ExtremeSpeed,Protect|||M|||50|,,,,,Flying]Incineroar||SafetyGoggles|Intimidate|FakeOut,PartingShot,FlareBlitz,KnockOff|||M|||50|,,,,,Ghost]Gholdengo||LifeOrb|GoodasGold|ShadowBall,MakeItRain,NastyPlot,Protect||||||50|,,,,,Flying]Farigiraf||SitrusBerry|ArmorTail|TrickRoom,Protect,TeraBlast,PsychicNoise|||M|||50|,,,,,Fighting
|inactive|Battle timer is ON: inactive players will automatically lose when time's up. (requested by MrTedno)
|inactive|Ruben1452 also wants the timer to be on.
|inactive|Ruben1452 has 60 seconds left.
|inactive|Ruben1452 has 30 seconds left.
|inactive|Ruben1452 has 20 seconds left.
|
|t:|1756895009
|teamsize|p1|4
|teamsize|p2|4
|start
|switch|p1a: Incineroar|Incineroar, L50, M|100/100
|switch|p1b: Basculegion|Basculegion, L50, M|100/100
|switch|p2a: Skipper|Gholdengo, L50|100/100
|switch|p2b: Julien|Incineroar, L50, M|100/100
|-ability|p2b: Julien|Intimidate|boost
|-unboost|p1a: Incineroar|atk|1
|-unboost|p1b: Basculegion|atk|1
|-ability|p1a: Incineroar|Intimidate|boost
|-unboost|p2a: Skipper|atk|1
|-unboost|p2b: Julien|atk|1
|turn|1
|inactive|Ruben1452 has 30 seconds left.
|inactive|MrTedno has 30 seconds left.
|inactive|MrTedno has 20 seconds left.
|inactive|MrTedno has 15 seconds left.
|inactive|Ruben1452 has 20 seconds left.
|inactive|MrTedno has 10 seconds left.
|inactive|Ruben1452 has 15 seconds left.
|inactive|MrTedno has 5 seconds left.
|
|t:|1756895064
|switch|p1b: Pelipper|Pelipper, L50, F|100/100
|-weather|RainDance|[from] ability: Drizzle|[of] p1b: Pelipper
|-terastallize|p2b: Julien|Ghost
|move|p2a: Skipper|Protect|p2a: Skipper
|-singleturn|p2a: Skipper|Protect
|move|p2b: Julien|Parting Shot|p1b: Pelipper
|-unboost|p1b: Pelipper|atk|1
|-unboost|p1b: Pelipper|spa|1
|
|t:|1756895084
|switch|p2b: Alex|Garchomp, L50, M|100/100|[from] Parting Shot
|move|p1a: Incineroar|Knock Off|p2a: Skipper
|-activate|p2a: Skipper|move: Protect
|
|-weather|RainDance|[upkeep]
|upkeep
|turn|2
|inactive|Ruben1452 has 30 seconds left.
|inactive|MrTedno has 30 seconds left.
|inactive|MrTedno has 20 seconds left.
|inactive|MrTedno has 15 seconds left.
|
|t:|1756895128
|switch|p2a: Julien|Incineroar, L50, M, tera:Ghost|100/100
|-ability|p2a: Julien|Intimidate|boost
|-unboost|p1a: Incineroar|atk|1
|-unboost|p1b: Pelipper|atk|1
|move|p2b: Alex|Stomping Tantrum|p1a: Incineroar
|-supereffective|p1a: Incineroar
|-damage|p1a: Incineroar|32/100
|move|p1b: Pelipper|Tailwind|p1b: Pelipper
|-sidestart|p1: Ruben1452|move: Tailwind
|move|p1a: Incineroar|Knock Off|p2a: Julien
|-supereffective|p2a: Julien
|-damage|p2a: Julien|64/100
|-enditem|p2a: Julien|Safety Goggles|[from] move: Knock Off|[of] p1a: Incineroar
|
|-weather|RainDance|[upkeep]
|upkeep
|turn|3
|inactive|MrTedno has 30 seconds left.
|inactive|Ruben1452 has 30 seconds left.
|inactive|MrTedno has 20 seconds left.
|
|t:|1756895165
|switch|p1a: Basculegion|Basculegion, L50, M|100/100
|move|p1b: Pelipper|Protect|p1b: Pelipper
|-singleturn|p1b: Pelipper|Protect
|move|p2b: Alex|Stomping Tantrum|p1a: Basculegion
|-damage|p1a: Basculegion|51/100
|move|p2a: Julien|Knock Off|p1a: Basculegion
|-supereffective|p1a: Basculegion
|-damage|p1a: Basculegion|0 fnt
|-enditem|p1a: Basculegion|Choice Band|[from] move: Knock Off|[of] p2a: Julien
|faint|p1a: Basculegion
|
|-weather|RainDance|[upkeep]
|upkeep
|
|t:|1756895180
|switch|p1a: Gholdengo|Gholdengo, L50|100/100
|turn|4
|
|t:|1756895204
|switch|p2b: Gloria|Ninetales-Alola, L50, F|100/100
|-weather|Snowscape|[from] ability: Snow Warning|[of] p2b: Gloria
|-terastallize|p1a: Gholdengo|Water
|move|p1a: Gholdengo|Nasty Plot|p1a: Gholdengo
|-boost|p1a: Gholdengo|spa|2
|move|p1b: Pelipper|Hurricane|p2a: Julien
|-damage|p2a: Julien|34/100
|move|p2a: Julien|Knock Off|p1b: Pelipper
|-damage|p1b: Pelipper|42/100
|-enditem|p1b: Pelipper|Focus Sash|[from] move: Knock Off|[of] p2a: Julien
|
|-weather|Snowscape|[upkeep]
|upkeep
|turn|5
|inactive|MrTedno has 30 seconds left.
|inactive|MrTedno has 20 seconds left.
|inactive|MrTedno has 15 seconds left.
|inactive|MrTedno has 10 seconds left.
|
|t:|1756895252
|switch|p1b: Incineroar|Incineroar, L50, M|32/100
|-ability|p1b: Incineroar|Intimidate|boost
|-unboost|p2a: Julien|atk|1
|-unboost|p2b: Gloria|atk|1
|move|p2b: Gloria|Protect|p2b: Gloria
|-singleturn|p2b: Gloria|Protect
|move|p1a: Gholdengo|Shadow Ball|p2a: Julien
|-supereffective|p2a: Julien
|-damage|p2a: Julien|0 fnt
|faint|p2a: Julien
|-damage|p1a: Gholdengo|91/100|[from] item: Life Orb
|
|-weather|Snowscape|[upkeep]
|-sideend|p1: Ruben1452|move: Tailwind
|upkeep
|inactive|MrTedno has 30 seconds left.
|
|t:|1756895285
|switch|p2a: Alex|Garchomp, L50, M|100/100
|turn|6
|
|t:|1756895303
|switch|p2b: Skipper|Gholdengo, L50|100/100
|move|p2a: Alex|Protect|p2a: Alex
|-singleturn|p2a: Alex|Protect
|move|p1b: Incineroar|Fake Out|p2b: Skipper
|-immune|p2b: Skipper
|move|p1a: Gholdengo|Make It Rain|p2a: Alex|[spread] p2b
|-activate|p2a: Alex|move: Protect
|-resisted|p2b: Skipper
|-damage|p2b: Skipper|40/100
|-unboost|p1a: Gholdengo|spa|1
|-damage|p1a: Gholdengo|82/100|[from] item: Life Orb
|
|-weather|Snowscape|[upkeep]
|upkeep
|turn|7
|inactive|MrTedno has 30 seconds left.
|inactive|MrTedno has 20 seconds left.
|
|t:|1756895343
|switch|p1b: Pelipper|Pelipper, L50, F|42/100
|-weather|RainDance|[from] ability: Drizzle|[of] p1b: Pelipper
|move|p1a: Gholdengo|Protect|p1a: Gholdengo
|-singleturn|p1a: Gholdengo|Protect
|move|p2a: Alex|Dragon Claw|p1b: Pelipper
|-damage|p1b: Pelipper|0 fnt
|faint|p1b: Pelipper
|move|p2b: Skipper|Shadow Ball|p1a: Gholdengo
|-activate|p1a: Gholdengo|move: Protect
|
|-weather|RainDance|[upkeep]
|upkeep
|
|t:|1756895355
|switch|p1b: Incineroar|Incineroar, L50, M|32/100
|-ability|p1b: Incineroar|Intimidate|boost
|-fail|p2a: Alex|unboost|[from] item: Clear Amulet|[of] p2a: Alex
|-unboost|p2b: Skipper|atk|1
|turn|8
|inactive|Ruben1452 has 30 seconds left.
|
|t:|1756895385
|move|p2a: Alex|Protect|p2a: Alex
|-singleturn|p2a: Alex|Protect
|move|p2b: Skipper|Protect|p2b: Skipper
|-singleturn|p2b: Skipper|Protect
|move|p1b: Incineroar|Fake Out|p2a: Alex
|-activate|p2a: Alex|move: Protect
|move|p1a: Gholdengo|Shadow Ball|p2a: Alex
|-activate|p2a: Alex|move: Protect
|
|-weather|RainDance|[upkeep]
|upkeep
|turn|9
|inactive|MrTedno has 30 seconds left.
|inactive|Ruben1452 has 30 seconds left.
|inactive|Ruben1452 has 20 seconds left.
|
|t:|1756895426
|move|p2a: Alex|Dragon Claw|p1b: Incineroar
|-damage|p1b: Incineroar|0 fnt
|faint|p1b: Incineroar
|move|p1a: Gholdengo|Shadow Ball|p2b: Skipper
|-supereffective|p2b: Skipper
|-damage|p2b: Skipper|0 fnt
|faint|p2b: Skipper
|-damage|p1a: Gholdengo|72/100|[from] item: Life Orb
|
|-weather|RainDance|[upkeep]
|upkeep
|j| misoup32
|
|t:|1756895436
|switch|p2b: Gloria|Ninetales-Alola, L50, F|100/100
|-weather|Snowscape|[from] ability: Snow Warning|[of] p2b: Gloria
|turn|10
|
|t:|1756895450
|move|p2b: Gloria|Freeze-Dry|p1a: Gholdengo
|-supereffective|p1a: Gholdengo
|-damage|p1a: Gholdengo|11/100
|move|p2a: Alex|Dragon Claw|p1a: Gholdengo
|-damage|p1a: Gholdengo|0 fnt
|faint|p1a: Gholdengo
|
|win|MrTedno
|raw|Ruben1452's rating: 1152 → 1131(-21 for losing)
|raw|MrTedno's rating: 1213 → 1234(+21 for winning)
