|j|☆imrealafdbn
|j|☆shrimptheshrimp
|html|imrealafdbnshrimptheshrimp    
|uhtml|bestof|Game 3 of a best-of-3
|t:|1782247398
|gametype|doubles
|player|p1|imrealafdbn|101|1091
|player|p2|shrimptheshrimp|hiker-gen4|1143
|gen|9
|tier|[Gen 9 Champions] VGC 2026 Reg M-B (Bo3)
|rated|
|rule|Species Clause: Limit one of each Pokémon
|rule|Item Clause: Limit 1 of each item
|clearpoke
|poke|p1|Charizard, L50, F, shiny|
|poke|p1|Sneasler, L50, M|
|poke|p1|Malamar, L50, M, shiny|
|poke|p1|Toxapex, L50, M, shiny|
|poke|p1|Incineroar, L50, F|
|poke|p1|Ninetales-Alola, L50, F|
|poke|p2|Torkoal, L50, F|
|poke|p2|Pyroar, L50, F|
|poke|p2|Sinistcha, L50|
|poke|p2|Garchomp, L50, M|
|poke|p2|Mawile, L50, F|
|poke|p2|Dragonite, L50, F|
|teampreview|4
|showteam|p1|Charizard||CharizarditeY|Blaze|HeatWave,WeatherBall,SolarBeam,Protect|Timid||F|||50|]Sneasler||WhiteHerb|Unburden|DireClaw,CloseCombat,FakeOut,Protect|Jolly||M|||50|]Malamar||Malamarite|Contrary|Superpower,RockSlide,KnockOff,Protect|Adamant||M|||50|]Toxapex||Leftovers|Regenerator|Toxic,Infestation,WideGuard,BanefulBunker|Calm||M|||50|]Incineroar||SitrusBerry|Intimidate|FakeOut,FlareBlitz,PartingShot,ThroatChop|Careful||F|||50|]Ninetales-Alola||FocusSash|SnowWarning|Blizzard,Moonblast,AuroraVeil,Protect|Timid||F|||50|
|showteam|p2|Torkoal||Charcoal|Drought|HelpingHand,Eruption,Protect,WeatherBall|Quiet||F|||50|]Pyroar||Pyroarite|Rivalry|HeatWave,SolarBeam,Overheat,Protect|Timid||F|||50|]Sinistcha||ColburBerry|Hospitality|RagePowder,TrickRoom,MatchaGotcha,Protect|Calm|||||50|]Garchomp||ChoiceScarf|RoughSkin|RockTomb,DragonClaw,StompingTantrum,Earthquake|Adamant||M|||50|]Mawile||Mawilite|HyperCutter|PlayRough,SuckerPunch,Protect,IronHead|Adamant||F|||50|]Dragonite||Leftovers|Multiscale|Protect,Haze,ExtremeSpeed,AerialAce|Adamant||F|||50|
|inactive|Battle timer is ON: inactive players will automatically lose when time's up. (requested by shrimptheshrimp)
|inactive|imrealafdbn has 60 seconds left.
|
|t:|1782247429
|teamsize|p1|4
|teamsize|p2|4
|start
|switch|p1a: Charizard|Charizard, L50, F, shiny|100/100
|switch|p1b: Incineroar|Incineroar, L50, F|100/100
|switch|p2a: Nice Kitty|Pyroar, L50, F|100/100
|switch|p2b: Big T|Torkoal, L50, F|100/100
|-ability|p1b: Incineroar|Intimidate|boost
|-unboost|p2a: Nice Kitty|atk|1
|-unboost|p2b: Big T|atk|1
|-weather|SunnyDay|[from] ability: Drought|[of] p2b: Big T
|turn|1
|
|t:|1782247440
|detailschange|p1a: Charizard|Charizard-Mega-Y, L50, F, shiny
|-mega|p1a: Charizard|Charizard|Charizardite Y
|move|p2a: Nice Kitty|Protect|p2a: Nice Kitty
|-singleturn|p2a: Nice Kitty|Protect
|move|p1b: Incineroar|Fake Out|p2a: Nice Kitty
|-activate|p2a: Nice Kitty|move: Protect
|move|p1a: Charizard|Heat Wave|p2a: Nice Kitty|[spread] p2b
|-activate|p2a: Nice Kitty|move: Protect
|-resisted|p2b: Big T|1
|-damage|p2b: Big T|53/100
|move|p2b: Big T|Weather Ball|p1a: Charizard
|-resisted|p1a: Charizard|1
|-damage|p1a: Charizard|60/100
|
|-weather|SunnyDay|[upkeep]
|upkeep
|turn|2
|
|t:|1782247458
|detailschange|p2a: Nice Kitty|Pyroar-Mega, L50, F
|-mega|p2a: Nice Kitty|Pyroar|Pyroarite
|move|p2b: Big T|Helping Hand|p2a: Nice Kitty
|-singleturn|p2a: Nice Kitty|Helping Hand|[of] p2b: Big T
|move|p2a: Nice Kitty|Heat Wave|p1b: Incineroar|[spread] p1a,p1b
|-resisted|p1a: Charizard|1
|-resisted|p1b: Incineroar|1
|-damage|p1a: Charizard|0 fnt
|-damage|p1b: Incineroar|57/100
|faint|p1a: Charizard
|move|p1b: Incineroar|Throat Chop|p2a: Nice Kitty
|-damage|p2a: Nice Kitty|61/100
|-start|p2a: Nice Kitty|Throat Chop|[silent]
|
|-weather|SunnyDay|[upkeep]
|upkeep
|
|t:|1782247470
|switch|p1a: Toxapex|Toxapex, L50, M, shiny|100/100
|turn|3
|
|t:|1782247480
|move|p2b: Big T|Helping Hand|p2a: Nice Kitty
|-singleturn|p2a: Nice Kitty|Helping Hand|[of] p2b: Big T
|move|p2a: Nice Kitty|Overheat|p1a: Toxapex
|-resisted|p1a: Toxapex|1
|-damage|p1a: Toxapex|9/100
|-unboost|p2a: Nice Kitty|spa|2
|move|p1b: Incineroar|Throat Chop|p2a: Nice Kitty
|-damage|p2a: Nice Kitty|27/100
|move|p1a: Toxapex|Toxic|p2a: Nice Kitty
|-status|p2a: Nice Kitty|tox
|
|-weather|SunnyDay|[upkeep]
|-heal|p1a: Toxapex|14/100|[from] item: Leftovers
|-damage|p2a: Nice Kitty|21/100 tox|[from] psn
|-end|p2a: Nice Kitty|Throat Chop|[silent]
|upkeep
|turn|4
|
|t:|1782247504
|switch|p2b: Nyooom|Garchomp, L50, M|100/100
|move|p2a: Nice Kitty|Overheat|p1a: Toxapex
|-resisted|p1a: Toxapex|1
|-damage|p1a: Toxapex|0 fnt
|-unboost|p2a: Nice Kitty|spa|2
|faint|p1a: Toxapex
|move|p1b: Incineroar|Throat Chop|p2b: Nyooom
|-damage|p2b: Nyooom|70/100
|-start|p2b: Nyooom|Throat Chop|[silent]
|-damage|p1b: Incineroar|45/100|[from] ability: Rough Skin|[of] p2b: Nyooom
|-enditem|p1b: Incineroar|Sitrus Berry|[eat]
|-heal|p1b: Incineroar|70/100|[from] item: Sitrus Berry
|
|-weather|SunnyDay|[upkeep]
|-damage|p2a: Nice Kitty|9/100 tox|[from] psn
|upkeep
|
|t:|1782247509
|switch|p1a: Ninetales|Ninetales-Alola, L50, F|100/100
|-weather|Snowscape|[from] ability: Snow Warning|[of] p1a: Ninetales
|turn|5
|
|t:|1782247522
|switch|p2a: Big T|Torkoal, L50, F|53/100
|-weather|SunnyDay|[from] ability: Drought|[of] p2a: Big T
|move|p2b: Nyooom|Stomping Tantrum|p1b: Incineroar
|-supereffective|p1b: Incineroar|1
|-damage|p1b: Incineroar|0 fnt
|faint|p1b: Incineroar
|move|p1a: Ninetales|Blizzard|p2a: Big T|[spread] p2a,p2b
|-resisted|p2a: Big T|1
|-supereffective|p2b: Nyooom|2
|-crit|p2b: Nyooom
|-damage|p2a: Big T|32/100
|-damage|p2b: Nyooom|0 fnt
|faint|p2b: Nyooom
|
|-weather|SunnyDay|[upkeep]
|upkeep
|
|t:|1782247532
|switch|p2b: Nice Kitty|Pyroar-Mega, L50, F|9/100 tox
|turn|6
|
|t:|1782247537
|move|p2b: Nice Kitty|Heat Wave|p1a: Ninetales|[miss]
|-miss|p2b: Nice Kitty|p1a: Ninetales
|move|p1a: Ninetales|Blizzard|p2b: Nice Kitty|[spread] p2a
|-miss|p1a: Ninetales|p2b: Nice Kitty
|-resisted|p2a: Big T|1
|-damage|p2a: Big T|10/100
|move|p2a: Big T|Weather Ball|p1a: Ninetales
|-supereffective|p1a: Ninetales|1
|-enditem|p1a: Ninetales|Focus Sash
|-damage|p1a: Ninetales|1/100
|
|-weather|SunnyDay|[upkeep]
|-damage|p2b: Nice Kitty|3/100 tox|[from] psn
|upkeep
|turn|7
|
|t:|1782247548
|move|p1a: Ninetales|Protect|p1a: Ninetales
|-singleturn|p1a: Ninetales|Protect
|move|p2b: Nice Kitty|Heat Wave|p1a: Ninetales
|-activate|p1a: Ninetales|move: Protect
|move|p2a: Big T|Weather Ball|p1a: Ninetales
|-activate|p1a: Ninetales|move: Protect
|
|-weather|SunnyDay|[upkeep]
|-damage|p2b: Nice Kitty|0 fnt|[from] psn
|faint|p2b: Nice Kitty
|upkeep
|
|t:|1782247551
|switch|p2b: The King|Dragonite, L50, F|100/100
|turn|8
|c|☆shrimptheshrimp|Gg
|
|t:|1782247561
|move|p2b: The King|Extreme Speed|p1a: Ninetales
|-damage|p1a: Ninetales|0 fnt
|faint|p1a: Ninetales
|
|win|shrimptheshrimp
|raw|imrealafdbn's rating: 1091 → 1071(-20 for losing)
|raw|shrimptheshrimp's rating: 1143 → 1164(+21 for winning)
|c|☆imrealafdbn|gg
|c|☆shrimptheshrimp|Big kitty
|c|☆imrealafdbn|ngl i should've nickname'd my mons
|c|☆shrimptheshrimp|Its always fun
|c|☆imrealafdbn|i did ingame but forgot to transfer them
|c|☆shrimptheshrimp|I honestly wasnt sure if its OHKO pez
|c|☆shrimptheshrimp|*pex
|c|☆imrealafdbn|yea pex is bulky
|c|☆imrealafdbn|u make good reads
|c|☆shrimptheshrimp|hh sun boosted mega boosted overheat does kinda infinite damage
|c|☆shrimptheshrimp|Like 65% thru multiscale to max HP Mega Dnite
|c|☆shrimptheshrimp|Thank you!
|c|☆shrimptheshrimp|I made day 2 a bit ago at Indy Regionals so that was fun
|c|☆shrimptheshrimp|I was top 32 day 1, bubbled top 32 day 2 on resistance
|l|☆shrimptheshrimp
|player|p2|
|j|☆shrimptheshrimp
|player|p2|shrimptheshrimp|hiker-gen4|
