|j|☆Terrycat
|j|☆DarkWizardMyk
|html|TerrycatDarkWizardMyk    
|uhtml|bestof|Game 3 of a best-of-3
|t:|1783085647
|gametype|doubles
|player|p1|Terrycat|1|
|player|p2|DarkWizardMyk|steven|
|gen|9
|tier|[Gen 9 Champions] VGC 2026 Reg M-B (Bo3)
|rule|Species Clause: Limit one of each Pokémon
|rule|Item Clause: Limit 1 of each item
|clearpoke
|poke|p1|Garchomp, L50, F|
|poke|p1|Emolga, L50, M|
|poke|p1|Sylveon, L50, F|
|poke|p1|Charizard, L50, M|
|poke|p1|Tsareena, L50, F|
|poke|p1|Infernape, L50, F|
|poke|p2|Archaludon, L50, M|
|poke|p2|Basculegion-F, L50, F|
|poke|p2|Dragonite, L50, M|
|poke|p2|Whimsicott, L50, F|
|poke|p2|Dedenne, L50, M|
|poke|p2|Pelipper, L50, M|
|teampreview|4
|showteam|p1|Garchomp||FocusSash|RoughSkin|BrickBreak,Flamethrower,Liquidation,DragonClaw|Naive||F|||50|]Emolga||ChoiceScarf|Static|Nuzzle,VoltSwitch,Protect,Discharge|Hasty||M|||50|]Sylveon||FairyFeather|Pixilate|Moonblast,Protect,HyperVoice,DrainingKiss|Modest||F|||50|]Charizard||CharizarditeY|Blaze|Protect,HeatWave,SolarBeam,WeatherBall|Timid||M|||50|]Tsareena||WideLens|QueenlyMajesty|TripleAxel,Uturn,PlayRough,TropKick|Adamant||F|||50|]Infernape||Charcoal|IronFist|CloseCombat,FakeOut,DrainPunch,Protect|Jolly||F|||50|
|showteam|p2|Archaludon||ChopleBerry|Stamina|FlashCannon,ElectroShot,DracoMeteor,Protect|Modest||M|||50|]Basculegion-F||ChoiceScarf|Adaptability|WaveCrash,FlipTurn,AquaJet,LastRespects|Adamant||F|||50|]Dragonite||Dragoninite|Multiscale|DracoMeteor,HeatWave,Thunder,Blizzard|Modest||M|||50|]Whimsicott||QuickClaw|Prankster|Moonblast,GigaDrain,Tailwind,Encore|Calm||F|||50|]Dedenne||SitrusBerry|CheekPouch|Thunder,DazzlingGleam,SuperFang,VoltSwitch|Timid||M|||50|]Pelipper||FocusSash|Drizzle|WeatherBall,RainDance,Tailwind,WideGuard|Timid||M|||50|
|
|t:|1783085654
|teamsize|p1|4
|teamsize|p2|4
|start
|switch|p1a: Tsareena|Tsareena, L50, F|100/100
|switch|p1b: Infernape|Infernape, L50, F|100/100
|switch|p2a: DA BRIDGE|Archaludon, L50, M|100/100
|switch|p2b: Captain Gullet|Pelipper, L50, M|100/100
|-weather|RainDance|[from] ability: Drizzle|[of] p2b: Captain Gullet
|turn|1
|
|t:|1783085674
|move|p2a: DA BRIDGE|Protect|p2a: DA BRIDGE
|-singleturn|p2a: DA BRIDGE|Protect
|move|p1b: Infernape|Close Combat|p2a: DA BRIDGE
|-activate|p2a: DA BRIDGE|move: Protect
|move|p2b: Captain Gullet|Weather Ball|p1b: Infernape
|-supereffective|p1b: Infernape|1
|-damage|p1b: Infernape|0 fnt
|faint|p1b: Infernape
|move|p1a: Tsareena|Triple Axel|p2b: Captain Gullet
|-damage|p2b: Captain Gullet|90/100
|-damage|p2b: Captain Gullet|72/100
|-damage|p2b: Captain Gullet|45/100
|-hitcount|p2b: Captain Gullet|3
|
|-weather|RainDance|[upkeep]
|upkeep
|
|t:|1783085693
|switch|p1b: Charizard|Charizard, L50, M|100/100
|turn|2
|
|t:|1783085700
|detailschange|p1b: Charizard|Charizard-Mega-Y, L50, M
|-mega|p1b: Charizard|Charizard|Charizardite Y
|-weather|SunnyDay|[from] ability: Drought|[of] p1b: Charizard
|move|p1b: Charizard|Heat Wave|p2a: DA BRIDGE|[spread] p2a,p2b
|-resisted|p2b: Captain Gullet|1
|-damage|p2a: DA BRIDGE|13/100
|-damage|p2b: Captain Gullet|0 fnt
|-status|p2a: DA BRIDGE|brn
|-ability|p2a: DA BRIDGE|Stamina|boost
|-boost|p2a: DA BRIDGE|def|1
|faint|p2b: Captain Gullet
|move|p2a: DA BRIDGE|Electro Shot||[still]
|-prepare|p2a: DA BRIDGE|Electro Shot
|-boost|p2a: DA BRIDGE|spa|1
|move|p1a: Tsareena|Trop Kick|p2a: DA BRIDGE
|-resisted|p2a: DA BRIDGE|2
|-damage|p2a: DA BRIDGE|7/100 brn
|-unboost|p2a: DA BRIDGE|atk|1
|-ability|p2a: DA BRIDGE|Stamina|boost
|-boost|p2a: DA BRIDGE|def|1
|
|-weather|SunnyDay|[upkeep]
|-damage|p2a: DA BRIDGE|1/100 brn|[from] brn
|upkeep
|
|t:|1783085719
|switch|p2b: Dragonite|Dragonite, L50, M|100/100
|turn|3
|
|t:|1783085733
|detailschange|p2b: Dragonite|Dragonite-Mega, L50, M
|-mega|p2b: Dragonite|Dragonite|Dragoninite
|move|p1b: Charizard|Protect|p1b: Charizard
|-singleturn|p1b: Charizard|Protect
|move|p2b: Dragonite|Heat Wave|p1b: Charizard|[spread] p1a
|-activate|p1b: Charizard|move: Protect
|-supereffective|p1a: Tsareena|1
|-damage|p1a: Tsareena|15/100
|move|p2a: DA BRIDGE|Electro Shot|p1b: Charizard|[from] lockedmove
|-activate|p1b: Charizard|move: Protect
|move|p1a: Tsareena|Play Rough|p2b: Dragonite
|-supereffective|p2b: Dragonite|1
|-damage|p2b: Dragonite|66/100
|
|-weather|SunnyDay|[upkeep]
|-damage|p2a: DA BRIDGE|0 fnt|[from] brn
|faint|p2a: DA BRIDGE
|upkeep
|
|t:|1783085749
|switch|p2a: Whimsicott|Whimsicott, L50, F|100/100
|turn|4
|
|t:|1783085764
|move|p2a: Whimsicott|Moonblast|p1a: Tsareena
|-damage|p1a: Tsareena|0 fnt
|faint|p1a: Tsareena
|move|p1b: Charizard|Heat Wave|p2b: Dragonite|[spread] p2a,p2b
|-supereffective|p2a: Whimsicott|1
|-resisted|p2b: Dragonite|1
|-damage|p2a: Whimsicott|0 fnt
|-damage|p2b: Dragonite|38/100
|faint|p2a: Whimsicott
|move|p2b: Dragonite|Thunder|p1b: Charizard
|-supereffective|p1b: Charizard|1
|-damage|p1b: Charizard|4/100
|-status|p1b: Charizard|par
|
|-weather|SunnyDay|[upkeep]
|upkeep
|
|t:|1783085779
|switch|p1a: Sylveon|Sylveon, L50, F|100/100
|turn|5
|
|t:|1783085785
|move|p1b: Charizard|Protect|p1b: Charizard
|-singleturn|p1b: Charizard|Protect
|move|p2b: Dragonite|Blizzard|p1b: Charizard|[spread] p1a
|-activate|p1b: Charizard|move: Protect
|-damage|p1a: Sylveon|78/100
|move|p1a: Sylveon|Moonblast|p2b: Dragonite
|-supereffective|p2b: Dragonite|1
|-damage|p2b: Dragonite|0 fnt
|faint|p2b: Dragonite
|
|win|Terrycat
|c|☆DarkWizardMyk|GG
|l|☆DarkWizardMyk
|player|p2|
|l|☆Terrycat
|player|p1|
|j|☆Terrycat
|player|p1|Terrycat|1|
|l|☆Terrycat
|player|p1|
|j|☆Terrycat
|player|p1|Terrycat|1|
