|j|☆Zdog2015
|j|☆Master M-rada
|html|Zdog2015Master M-rada    
|uhtml|bestof|Game 1 of a best-of-3
|t:|1784206165
|gametype|doubles
|player|p1|Zdog2015|1|1167
|player|p2|Master M-rada|miku-ice|1195
|gen|9
|tier|[Gen 9 Champions] VGC 2026 Reg M-B (Bo3)
|rated|
|rule|Species Clause: Limit one of each Pokémon
|rule|Item Clause: Limit 1 of each item
|clearpoke
|poke|p1|Kingambit, L50, F|
|poke|p1|Whimsicott, L50, M|
|poke|p1|Basculegion, L50, M|
|poke|p1|Garchomp, L50, M|
|poke|p1|Charizard, L50, M|
|poke|p1|Floette-Eternal, L50, F|
|poke|p2|Sneasler, L50, F|
|poke|p2|Blastoise, L50, M, shiny|
|poke|p2|Delphox, L50, M|
|poke|p2|Incineroar, L50, M|
|poke|p2|Sinistcha, L50, shiny|
|poke|p2|Kingambit, L50, F, shiny|
|teampreview|4
|showteam|p1|Kingambit||ChopleBerry|Defiant|KowtowCleave,LowKick,SuckerPunch,Protect|Adamant||F|||50|]Whimsicott||FocusSash|Prankster|Moonblast,Tailwind,Encore,Protect|Timid||M|||50|]Basculegion||MysticWater|Adaptability|WaveCrash,LastRespects,AquaJet,Protect|Adamant||M|||50|]Garchomp||LifeOrb|RoughSkin|DragonClaw,RockSlide,Earthquake,Protect|Jolly||M|||50|]Charizard||CharizarditeY|Blaze|WeatherBall,HeatWave,SolarBeam,Protect|Modest||M|||50|]Floette-Eternal||Floettite|FlowerVeil|Moonblast,DazzlingGleam,LightofRuin,Protect|Timid||F|||50|
|showteam|p2|Sneasler||FocusSash|PoisonTouch|PoisonJab,CloseCombat,FakeOut,QuickGuard|Jolly||F|||50|]Blastoise||Blastoisinite|RainDish|WaterSpout,DarkPulse,ShellSmash,Protect|Modest||M|||50|]Delphox||Delphoxite|Blaze|HeatWave,Psyshock,NastyPlot,Protect|Modest||M|||50|]Incineroar||SitrusBerry|Intimidate|FakeOut,PartingShot,FlareBlitz,Taunt|Careful||M|||50|]Sinistcha||KasibBerry|Hospitality|MatchaGotcha,RagePowder,TrickRoom,Protect|Bold|||||50|]Kingambit||BlackGlasses|Defiant|KowtowCleave,SuckerPunch,SwordsDance,Protect|Adamant||F|||50|
|inactive|Battle timer is ON: inactive players will automatically lose when time's up. (requested by Master M-rada)
|inactive|Zdog2015 has 60 seconds left.
|inactive|Master M-rada has 60 seconds left.
|inactive|Zdog2015 has 30 seconds left.
|inactive|Master M-rada has 30 seconds left.
|
|t:|1784206229
|teamsize|p1|4
|teamsize|p2|4
|start
|switch|p1a: Whimsicott|Whimsicott, L50, M|100/100
|switch|p1b: Charizard|Charizard, L50, M|100/100
|switch|p2a: Delphox|Delphox, L50, M|100/100
|switch|p2b: Sneasler|Sneasler, L50, F|100/100
|turn|1
|inactive|Master M-rada has 30 seconds left.
|
|t:|1784206257
|detailschange|p2a: Delphox|Delphox-Mega, L50, M
|-mega|p2a: Delphox|Delphox|Delphoxite
|detailschange|p1b: Charizard|Charizard-Mega-Y, L50, M
|-mega|p1b: Charizard|Charizard|Charizardite Y
|-weather|SunnyDay|[from] ability: Drought|[of] p1b: Charizard
|move|p2b: Sneasler|Fake Out|p1b: Charizard
|-damage|p1b: Charizard|85/100
|move|p1a: Whimsicott|Tailwind|p1a: Whimsicott
|-sidestart|p1: Zdog2015|move: Tailwind
|cant|p1b: Charizard|flinch
|move|p2a: Delphox|Nasty Plot|p2a: Delphox
|-boost|p2a: Delphox|spa|2
|
|-weather|SunnyDay|[upkeep]
|upkeep
|turn|2
|inactive|Zdog2015 has 30 seconds left.
|inactive|Master M-rada has 30 seconds left.
|inactive|Zdog2015 has 20 seconds left.
|inactive|Master M-rada has 20 seconds left.
|inactive|Master M-rada has 15 seconds left.
|
|t:|1784206298
|switch|p1b: Basculegion|Basculegion, L50, M|100/100
|move|p2b: Sneasler|Quick Guard|p2b: Sneasler
|-singleturn|p2b: Sneasler|Quick Guard
|move|p1a: Whimsicott|Encore|p2a: Delphox
|-activate|p2a: Delphox|move: Quick Guard
|move|p2a: Delphox|Heat Wave|p1b: Basculegion|[spread] p1b
|-miss|p2a: Delphox|p1a: Whimsicott
|-resisted|p1b: Basculegion|1
|-damage|p1b: Basculegion|39/100
|
|-weather|SunnyDay|[upkeep]
|upkeep
|turn|3
|inactive|Master M-rada has 30 seconds left.
|inactive|Master M-rada has 20 seconds left.
|inactive|Master M-rada has 15 seconds left.
|
|t:|1784206341
|switch|p2b: Kingambit|Kingambit, L50, F, shiny|100/100
|move|p1a: Whimsicott|Moonblast|p2b: Kingambit
|-damage|p2b: Kingambit|72/100
|move|p1b: Basculegion|Last Respects|p2a: Delphox
|-supereffective|p2a: Delphox|1
|-damage|p2a: Delphox|12/100
|move|p2a: Delphox|Heat Wave|p1b: Basculegion|[spread] p1a,p1b
|-supereffective|p1a: Whimsicott|1
|-resisted|p1b: Basculegion|1
|-enditem|p1a: Whimsicott|Focus Sash
|-damage|p1a: Whimsicott|1/100
|-damage|p1b: Basculegion|0 fnt
|faint|p1b: Basculegion
|
|-weather|SunnyDay|[upkeep]
|upkeep
|
|t:|1784206358
|switch|p1b: Charizard|Charizard-Mega-Y, L50, M|85/100
|turn|4
|
|t:|1784206365
|move|p2a: Delphox|Protect|p2a: Delphox
|-singleturn|p2a: Delphox|Protect
|move|p2b: Kingambit|Sucker Punch|p1a: Whimsicott
|-resisted|p1a: Whimsicott|1
|-damage|p1a: Whimsicott|0 fnt
|faint|p1a: Whimsicott
|move|p1b: Charizard|Heat Wave|p2b: Kingambit|[spread] p2b
|-activate|p2a: Delphox|move: Protect
|-supereffective|p2b: Kingambit|1
|-damage|p2b: Kingambit|0 fnt
|faint|p2b: Kingambit
|
|-weather|SunnyDay|[upkeep]
|-sideend|p1: Zdog2015|move: Tailwind
|upkeep
|
|t:|1784206378
|switch|p1a: Garchomp|Garchomp, L50, M|100/100
|switch|p2b: Sneasler|Sneasler, L50, F|100/100
|turn|5
|
|t:|1784206387
|move|p2b: Sneasler|Fake Out|p1a: Garchomp
|-damage|p1a: Garchomp|87/100
|-damage|p2b: Sneasler|87/100|[from] ability: Rough Skin|[of] p1a: Garchomp
|-status|p1a: Garchomp|psn|[from] ability: Poison Touch|[of] p2b: Sneasler
|move|p2a: Delphox|Psyshock|p1b: Charizard
|-damage|p1b: Charizard|0 fnt
|faint|p1b: Charizard
|cant|p1a: Garchomp|flinch
|
|-weather|none
|-damage|p1a: Garchomp|74/100 psn|[from] psn
|upkeep
|turn|6
|
|t:|1784206403
|switch|p2b: Sinistcha|Sinistcha, L50, shiny|100/100
|-heal|p2a: Delphox|36/100|[from] ability: Hospitality|[of] p2b: Sinistcha
|move|p2a: Delphox|Psyshock|p1a: Garchomp
|-damage|p1a: Garchomp|0 fnt
|faint|p1a: Garchomp
|
|win|Master M-rada
||Master M-rada is ready for game 2.
