|j|☆ElronMcBong
|j|☆MrTedno
|html|ElronMcBongMrTedno    
|uhtml|bestof|Game 2 of a best-of-3
|t:|1756727212
|gametype|doubles
|player|p1|ElronMcBong|red|1217
|player|p2|MrTedno|barry|1122
|gen|9
|tier|[Gen 9] VGC 2025 Reg H (Bo3)
|rated|
|rule|Species Clause: Limit one of each Pokémon
|rule|Item Clause: Limit 1 of each item
|clearpoke
|poke|p1|Archaludon, L50, M|
|poke|p1|Rillaboom, L50, F|
|poke|p1|Basculegion, L50, M|
|poke|p1|Weezing-Galar, L50, F|
|poke|p1|Pelipper, L50, F|
|poke|p1|Toedscruel, L50, F|
|poke|p2|Dondozo, L50, F|
|poke|p2|Tatsugiri, L50, M|
|poke|p2|Politoed, L50, M|
|poke|p2|Archaludon, L50, F|
|poke|p2|Rillaboom, L50, F|
|poke|p2|Sneasler, L50, F|
|teampreview|4
|showteam|p1|Archaludon||AssaultVest|Stamina|ElectroShot,DracoMeteor,FlashCannon,BodyPress|||M|||50|,,,,,Bug]Rillaboom||LoadedDice|GrassySurge|BulletSeed,GrassyGlide,FakeOut,HighHorsepower|||F|||50|,,,,,Fire]Basculegion||ChoiceBand|SwiftSwim|WaveCrash,LastRespects,FlipTurn,AquaJet|||M|||50|,,,,,Grass]Weezing-Galar||Leftovers|NeutralizingGas|SludgeBomb,Taunt,WillOWisp,Protect|||F|||50|,,,,,Dark]Pelipper||FocusSash|Drizzle|WeatherBall,Hurricane,Tailwind,Protect|||F|||50|,,,,,Ghost]Toedscruel||CovertCloak|MyceliumMight|Spore,EarthPower,RagePowder,Protect|||F|||50|,,,,,Water
|showteam|p2|Dondozo||LifeOrb|Unaware|Surf,SleepTalk,Protect|||F|||50|,,,,,Water]Tatsugiri||FocusSash|Commander|MuddyWater,DracoMeteor,Taunt,Protect|||M|||50|,,,,,Stellar]Politoed||SitrusBerry|Drizzle|WeatherBall,IceBeam,Haze,Protect|||M|||50|,,,,,Steel]Archaludon||AssaultVest|Stamina|ElectroShot,FlashCannon,DragonPulse,BodyPress|||F|||50|,,,,,Grass]Rillaboom||LoadedDice|GrassySurge|FakeOut,GrassyGlide,HighHorsepower,BulletSeed|||F|||50|,,,,,Grass]Sneasler||GrassySeed|Unburden|DireClaw,CloseCombat,ThroatChop,Protect|||F|||50|,,,,,Dark
|inactive|Battle timer is ON: inactive players will automatically lose when time's up. (requested by ElronMcBong)
|inactive|ElronMcBong has 60 seconds left.
|inactive|MrTedno has 60 seconds left.
|
|t:|1756727264
|teamsize|p1|4
|teamsize|p2|4
|start
|switch|p1a: Weezing|Weezing-Galar, L50, F|100/100
|switch|p1b: Rillaboom|Rillaboom, L50, F|100/100
|switch|p2a: Shellington|Sneasler, L50, F|100/100
|switch|p2b: Barnacles|Archaludon, L50, F|100/100
|-ability|p1a: Weezing|Neutralizing Gas
|turn|1
|inactive|ElronMcBong has 30 seconds left.
|inactive|MrTedno has 30 seconds left.
|inactive|ElronMcBong has 20 seconds left.
|inactive|MrTedno has 20 seconds left.
|inactive|MrTedno has 15 seconds left.
|
|t:|1756727310
|-end|p1a: Weezing|ability: Neutralizing Gas
|-fieldstart|move: Grassy Terrain|[from] ability: Grassy Surge|[of] p1b: Rillaboom
|-enditem|p2a: Shellington|Grassy Seed
|-boost|p2a: Shellington|def|1|[from] item: Grassy Seed
|switch|p1a: Archaludon|Archaludon, L50, M|100/100
|move|p2a: Shellington|Protect|p2a: Shellington
|-singleturn|p2a: Shellington|Protect
|move|p1b: Rillaboom|Bullet Seed|p1a: Archaludon
|-resisted|p1a: Archaludon
|-damage|p1a: Archaludon|97/100
|-ability|p1a: Archaludon|Stamina|boost
|-boost|p1a: Archaludon|def|1
|-resisted|p1a: Archaludon
|-crit|p1a: Archaludon
|-damage|p1a: Archaludon|93/100
|-ability|p1a: Archaludon|Stamina|boost
|-boost|p1a: Archaludon|def|1
|-resisted|p1a: Archaludon
|-damage|p1a: Archaludon|91/100
|-ability|p1a: Archaludon|Stamina|boost
|-boost|p1a: Archaludon|def|1
|-resisted|p1a: Archaludon
|-damage|p1a: Archaludon|90/100
|-ability|p1a: Archaludon|Stamina|boost
|-boost|p1a: Archaludon|def|1
|-hitcount|p1a: Archaludon|4
|move|p2b: Barnacles|Dragon Pulse|p1b: Rillaboom
|-damage|p1b: Rillaboom|49/100
|
|-heal|p1b: Rillaboom|55/100|[from] Grassy Terrain
|-heal|p1a: Archaludon|96/100|[from] Grassy Terrain
|upkeep
|turn|2
|inactive|ElronMcBong has 30 seconds left.
|inactive|MrTedno has 30 seconds left.
|inactive|ElronMcBong has 20 seconds left.
|inactive|MrTedno has 20 seconds left.
|inactive|ElronMcBong has 15 seconds left.
|inactive|ElronMcBong has 10 seconds left.
|inactive|MrTedno has 15 seconds left.
|
|t:|1756727357
|switch|p1b: Weezing|Weezing-Galar, L50, F|100/100
|-ability|p1b: Weezing|Neutralizing Gas
|switch|p2b: Peso|Tatsugiri, L50, M|100/100
|-terastallize|p1a: Archaludon|Bug
|move|p2a: Shellington|Dire Claw|p1b: Weezing
|-crit|p1b: Weezing
|-damage|p1b: Weezing|52/100
|-status|p1b: Weezing|par
|move|p1a: Archaludon|Body Press|p2b: Peso
|-enditem|p2b: Peso|Focus Sash
|-damage|p2b: Peso|1/100
|
|-heal|p2b: Peso|7/100|[from] Grassy Terrain
|-heal|p1a: Archaludon|100/100|[from] Grassy Terrain
|-heal|p1b: Weezing|58/100 par|[from] Grassy Terrain
|-heal|p1b: Weezing|64/100 par|[from] item: Leftovers
|upkeep
|turn|3
|
|t:|1756727382
|cant|p1b: Weezing|par
|move|p2a: Shellington|Dire Claw|p1a: Archaludon
|-damage|p1a: Archaludon|92/100
|-status|p1a: Archaludon|par
|move|p2b: Peso|Draco Meteor|p1a: Archaludon
|-crit|p1a: Archaludon
|-damage|p1a: Archaludon|22/100 par
|-unboost|p2b: Peso|spa|2
|move|p1a: Archaludon|Draco Meteor|p2a: Shellington|[miss]
|-miss|p1a: Archaludon|p2a: Shellington
|
|-heal|p2b: Peso|14/100|[from] Grassy Terrain
|-heal|p1a: Archaludon|28/100 par|[from] Grassy Terrain
|-heal|p1b: Weezing|70/100 par|[from] Grassy Terrain
|-heal|p1b: Weezing|77/100 par|[from] item: Leftovers
|upkeep
|turn|4
|inactive|ElronMcBong has 30 seconds left.
|
|t:|1756727414
|move|p2a: Shellington|Dire Claw|p1a: Archaludon
|-damage|p1a: Archaludon|18/100 par
|move|p2b: Peso|Draco Meteor|p1a: Archaludon
|-damage|p1a: Archaludon|0 fnt
|-unboost|p2b: Peso|spa|2
|faint|p1a: Archaludon
|move|p1b: Weezing|Will-O-Wisp|p2a: Shellington
|-status|p2a: Shellington|brn
|
|-heal|p2b: Peso|20/100|[from] Grassy Terrain
|-heal|p1b: Weezing|83/100 par|[from] Grassy Terrain
|-heal|p1b: Weezing|89/100 par|[from] item: Leftovers
|-damage|p2a: Shellington|95/100 brn|[from] brn
|upkeep
|
|t:|1756727429
|switch|p1a: Toedscruel|Toedscruel, L50, F|100/100
|turn|5
|inactive|MrTedno has 30 seconds left.
|
|t:|1756727456
|move|p2b: Peso|Protect|p2b: Peso
|-singleturn|p2b: Peso|Protect
|move|p2a: Shellington|Dire Claw|p1a: Toedscruel
|-damage|p1a: Toedscruel|74/100
|move|p1a: Toedscruel|Earth Power|p2a: Shellington
|-supereffective|p2a: Shellington
|-damage|p2a: Shellington|6/100 brn
|-unboost|p2a: Shellington|spd|1
|move|p1b: Weezing|Sludge Bomb|p2b: Peso
|-activate|p2b: Peso|move: Protect
|
|-heal|p2a: Shellington|12/100 brn|[from] Grassy Terrain
|-heal|p1a: Toedscruel|80/100|[from] Grassy Terrain
|-heal|p2b: Peso|26/100|[from] Grassy Terrain
|-heal|p1b: Weezing|95/100 par|[from] Grassy Terrain
|-heal|p1b: Weezing|100/100 par|[from] item: Leftovers
|-damage|p2a: Shellington|6/100 brn|[from] brn
|-fieldend|move: Grassy Terrain
|upkeep
|turn|6
|
|t:|1756727480
|move|p2a: Shellington|Dire Claw|p1a: Toedscruel
|-damage|p1a: Toedscruel|51/100
|move|p1a: Toedscruel|Spore|p2b: Peso
|-status|p2b: Peso|slp|[from] move: Spore
|cant|p2b: Peso|slp
|cant|p1b: Weezing|par
|
|-damage|p2a: Shellington|0 fnt|[from] brn
|faint|p2a: Shellington
|upkeep
|
|t:|1756727501
|switch|p2a: Barnacles|Archaludon, L50, F|100/100
|turn|7
|inactive|MrTedno has 30 seconds left.
|
|t:|1756727532
|switch|p2b: Turnip|Rillaboom, L50, F|100/100
|move|p1a: Toedscruel|Earth Power|p2b: Turnip
|-resisted|p2b: Turnip
|-damage|p2b: Turnip|83/100
|move|p2a: Barnacles|Flash Cannon|p1a: Toedscruel
|-damage|p1a: Toedscruel|17/100
|move|p1b: Weezing|Sludge Bomb|p2a: Barnacles
|-immune|p2a: Barnacles
|
|upkeep
|turn|8
|inactive|MrTedno has 30 seconds left.
|inactive|ElronMcBong has 30 seconds left.
|inactive|MrTedno has 20 seconds left.
|inactive|MrTedno has 15 seconds left.
|
|t:|1756727575
|-terastallize|p2a: Barnacles|Grass
|move|p1a: Toedscruel|Protect|p1a: Toedscruel
|-singleturn|p1a: Toedscruel|Protect
|move|p2b: Turnip|High Horsepower|p1b: Weezing|[miss]
|-miss|p2b: Turnip|p1b: Weezing
|move|p2a: Barnacles|Flash Cannon|p1b: Weezing
|-supereffective|p1b: Weezing
|-damage|p1b: Weezing|7/100 par
|move|p1b: Weezing|Sludge Bomb|p2b: Turnip
|-supereffective|p2b: Turnip
|-damage|p2b: Turnip|20/100
|
|-heal|p1b: Weezing|13/100 par|[from] item: Leftovers
|upkeep
|turn|9
|inactive|ElronMcBong has 30 seconds left.
|
|t:|1756727605
|switch|p2b: Peso|Tatsugiri, L50, M|26/100 slp
|move|p1b: Weezing|Protect|p1b: Weezing
|-singleturn|p1b: Weezing|Protect
|move|p1a: Toedscruel|Earth Power|p2b: Peso
|-damage|p2b: Peso|0 fnt
|faint|p2b: Peso
|move|p2a: Barnacles|Flash Cannon|p1b: Weezing
|-activate|p1b: Weezing|move: Protect
|
|-heal|p1b: Weezing|19/100 par|[from] item: Leftovers
|upkeep
|
|t:|1756727611
|switch|p2b: Turnip|Rillaboom, L50, F|20/100
|turn|10
|inactive|MrTedno has 30 seconds left.
|
|t:|1756727636
|-end|p1b: Weezing|ability: Neutralizing Gas
|-fieldstart|move: Grassy Terrain|[from] ability: Grassy Surge|[of] p2b: Turnip
|switch|p1b: Rillaboom|Rillaboom, L50, F|55/100
|move|p1a: Toedscruel|Earth Power|p2b: Turnip
|-resisted|p2b: Turnip
|-damage|p2b: Turnip|3/100
|-unboost|p2b: Turnip|spd|1
|move|p2b: Turnip|Bullet Seed|p1a: Toedscruel
|-damage|p1a: Toedscruel|0 fnt
|faint|p1a: Toedscruel
|-hitcount|p1: Toedscruel|1
|move|p2a: Barnacles|Flash Cannon|p1b: Rillaboom
|-damage|p1b: Rillaboom|7/100
|-unboost|p1b: Rillaboom|spd|1
|
|-heal|p1b: Rillaboom|14/100|[from] Grassy Terrain
|-heal|p2b: Turnip|9/100|[from] Grassy Terrain
|upkeep
|
|t:|1756727646
|switch|p1a: Weezing|Weezing-Galar, L50, F|19/100 par
|-ability|p1a: Weezing|Neutralizing Gas
|turn|11
|
|t:|1756727660
|move|p1b: Rillaboom|Fake Out|p2a: Barnacles
|-damage|p2a: Barnacles|90/100
|move|p2b: Turnip|High Horsepower|p1a: Weezing
|-supereffective|p1a: Weezing
|-damage|p1a: Weezing|0 fnt
|faint|p1a: Weezing
|-end|p1a: Weezing|ability: Neutralizing Gas
|cant|p2a: Barnacles|flinch
|
|-heal|p1b: Rillaboom|20/100|[from] Grassy Terrain
|-heal|p2b: Turnip|15/100|[from] Grassy Terrain
|-heal|p2a: Barnacles|96/100|[from] Grassy Terrain
|upkeep
|turn|12
|
|t:|1756727667
|move|p1b: Rillaboom|Grassy Glide|p2b: Turnip
|-resisted|p2b: Turnip
|-damage|p2b: Turnip|0 fnt
|faint|p2b: Turnip
|move|p2a: Barnacles|Flash Cannon|p1b: Rillaboom
|-damage|p1b: Rillaboom|0 fnt
|faint|p1b: Rillaboom
|
|win|MrTedno
||ElronMcBong is ready for game 3.
||MrTedno is ready for game 3.
|uhtml|next|Next: Game 3 of 3
|l|☆ElronMcBong
|player|p1|
