|j|☆Yazzlematazzle
|j|☆AbadanRiyi92
|html|YazzlematazzleAbadanRiyi92    
|uhtml|bestof|Game 3 of a best-of-3
|t:|1785118595
|gametype|doubles
|player|p1|Yazzlematazzle|169|1000
|player|p2|AbadanRiyi92|colress|1102
|gen|9
|tier|[Gen 9 Champions] VGC 2026 Reg M-B (Bo3)
|rated|
|rule|Species Clause: Limit one of each Pokémon
|rule|Item Clause: Limit 1 of each item
|clearpoke
|poke|p1|Pelipper, L50, F|
|poke|p1|Raichu, L50, M|
|poke|p1|Feraligatr, L50, M|
|poke|p1|Sneasler, L50, M|
|poke|p1|Volcarona, L50, F|
|poke|p1|Floette-Eternal, L50, F|
|poke|p2|Gengar, L50, M, shiny|
|poke|p2|Maushold-Four, L50|
|poke|p2|Annihilape, L50, F|
|poke|p2|Incineroar, L50, M|
|poke|p2|Politoed, L50, M, shiny|
|poke|p2|Archaludon, L50, M|
|teampreview|4
|showteam|p1|Pelipper||SitrusBerry|Drizzle|Tailwind,Hurricane,WeatherBall,WideGuard|Quiet||F|||50|]Raichu||RaichuniteY|LightningRod|ZapCannon,FakeOut,Protect,FocusBlast|Hasty||M|||50|]Feraligatr||LifeOrb|SheerForce|IcePunch,Liquidation,Protect,Crunch|Adamant||M|||50|]Sneasler||WhiteHerb|Unburden|FakeOut,CloseCombat,Protect,DireClaw|Adamant||M|||50|]Volcarona||Leftovers|FlameBody|GigaDrain,Protect,MysticalFire,FieryDance|Bold||F|||50|]Floette-Eternal||Floettite|FlowerVeil|LightofRuin,CalmMind,Protect,GigaDrain|Modest||F|||50|
|showteam|p2|Gengar||Gengarite|CursedBody|ShadowBall,Disable,PerishSong,Protect|Timid||M|||50|]Maushold-Four||FocusSash|FriendGuard|FollowMe,Encore,BeatUp,Protect|Jolly|||||50|]Annihilape||RoseliBerry|Defiant|RageFist,DrainPunch,BulkUp,Protect|Adamant||F|||50|]Incineroar||PasshoBerry|Intimidate|PartingShot,ThroatChop,Protect,FakeOut|Sassy||M|||50|]Politoed||SitrusBerry|Drizzle|WeatherBall,Encore,PerishSong,Protect|Calm||M|||50|]Archaludon||Leftovers|Stamina|DragonPulse,FlashCannon,ElectroShot,Protect|Bold||M|||50|
|inactive|Battle timer is ON: inactive players will automatically lose when time's up. (requested by AbadanRiyi92)
|
|t:|1785118639
|teamsize|p1|4
|teamsize|p2|4
|start
|switch|p1a: Feraligatr|Feraligatr, L50, M|100/100
|switch|p1b: Raichu|Raichu, L50, M|100/100
|switch|p2a: Gengar|Gengar, L50, M, shiny|100/100
|switch|p2b: Maushold|Maushold-Four, L50|100/100
|turn|1
|inactive|AbadanRiyi92 has 30 seconds left.
|
|t:|1785118674
|detailschange|p2a: Gengar|Gengar-Mega, L50, M, shiny
|-mega|p2a: Gengar|Gengar|Gengarite
|move|p2b: Maushold|Protect|p2b: Maushold
|-singleturn|p2b: Maushold|Protect
|move|p2a: Gengar|Protect|p2a: Gengar
|-singleturn|p2a: Gengar|Protect
|move|p1b: Raichu|Fake Out|p2b: Maushold
|-activate|p2b: Maushold|move: Protect
|move|p1a: Feraligatr|Crunch|p2a: Gengar
|-activate|p2a: Gengar|move: Protect
|
|upkeep
|turn|2
|inactive|AbadanRiyi92 has 30 seconds left.
|inactive|AbadanRiyi92 has 20 seconds left.
|inactive|AbadanRiyi92 has 15 seconds left.
|inactive|AbadanRiyi92 has 10 seconds left.
|
|t:|1785118723
|detailschange|p1b: Raichu|Raichu-Mega-Y, L50, M
|-mega|p1b: Raichu|Raichu|Raichunite Y
|move|p1a: Feraligatr|Protect|p1a: Feraligatr
|-singleturn|p1a: Feraligatr|Protect
|move|p2b: Maushold|Follow Me|p2b: Maushold
|-singleturn|p2b: Maushold|move: Follow Me
|move|p1b: Raichu|Zap Cannon|p2b: Maushold
|-damage|p2b: Maushold|11/100
|-status|p2b: Maushold|par
|move|p2a: Gengar|Disable|p1a: Feraligatr
|-activate|p1a: Feraligatr|move: Protect
|
|upkeep
|turn|3
|inactive|Yazzlematazzle has 30 seconds left.
|
|t:|1785118756
|switch|p2a: Archaludon|Archaludon, L50, M|100/100
|move|p2b: Maushold|Protect|p2b: Maushold
|-singleturn|p2b: Maushold|Protect
|move|p1b: Raichu|Zap Cannon|p2b: Maushold
|-activate|p2b: Maushold|move: Protect
|move|p1a: Feraligatr|Crunch|p2a: Archaludon
|-damage|p2a: Archaludon|76/100
|-ability|p2a: Archaludon|Stamina|boost
|-boost|p2a: Archaludon|def|1
|
|-heal|p2a: Archaludon|82/100|[from] item: Leftovers
|upkeep
|turn|4
|
|t:|1785118780
|move|p2b: Maushold|Follow Me|p2b: Maushold
|-singleturn|p2b: Maushold|move: Follow Me
|move|p1b: Raichu|Focus Blast|p2b: Maushold
|-supereffective|p2b: Maushold|1
|-damage|p2b: Maushold|0 fnt
|faint|p2b: Maushold
|move|p2a: Archaludon|Dragon Pulse|p1b: Raichu
|-damage|p1b: Raichu|43/100
|move|p1a: Feraligatr|Liquidation|p2a: Archaludon
|-resisted|p2a: Archaludon|1
|-damage|p2a: Archaludon|65/100
|-ability|p2a: Archaludon|Stamina|boost
|-boost|p2a: Archaludon|def|1
|
|-heal|p2a: Archaludon|72/100|[from] item: Leftovers
|upkeep
|
|t:|1785118795
|switch|p2b: Gengar|Gengar-Mega, L50, M, shiny|100/100
|turn|5
|
|t:|1785118806
|move|p2b: Gengar|Protect|p2b: Gengar
|-singleturn|p2b: Gengar|Protect
|move|p1b: Raichu|Focus Blast|p2a: Archaludon
|-supereffective|p2a: Archaludon|1
|-damage|p2a: Archaludon|0 fnt
|faint|p2a: Archaludon
|move|p1a: Feraligatr|Crunch|p2b: Gengar
|-activate|p2b: Gengar|move: Protect
|
|upkeep
|
|t:|1785118815
|switch|p2a: Politoed|Politoed, L50, M, shiny|100/100
|-weather|RainDance|[from] ability: Drizzle|[of] p2a: Politoed
|turn|6
|
|t:|1785118827
|move|p2a: Politoed|Protect|p2a: Politoed
|-singleturn|p2a: Politoed|Protect
|move|p1b: Raichu|Zap Cannon|p2a: Politoed
|-activate|p2a: Politoed|move: Protect
|move|p2b: Gengar|Shadow Ball|p1b: Raichu
|-damage|p1b: Raichu|0 fnt
|faint|p1b: Raichu
|move|p1a: Feraligatr|Crunch|p2a: Politoed
|-activate|p2a: Politoed|move: Protect
|
|-weather|RainDance|[upkeep]
|upkeep
|
|t:|1785118830
|switch|p1b: Sneasler|Sneasler, L50, M|100/100
|turn|7
|c|☆AbadanRiyi92|Didnt think it would one shot me
|inactive|Yazzlematazzle has 30 seconds left.
|
|t:|1785118856
|move|p1b: Sneasler|Close Combat|p2a: Politoed
|-damage|p2a: Politoed|37/100
|-unboost|p1b: Sneasler|def|1
|-unboost|p1b: Sneasler|spd|1
|-enditem|p2a: Politoed|Sitrus Berry|[eat]
|-heal|p2a: Politoed|62/100|[from] item: Sitrus Berry
|-enditem|p1b: Sneasler|White Herb
|-clearnegativeboost|p1b: Sneasler|[silent]
|move|p2b: Gengar|Disable|p1a: Feraligatr
|-start|p1a: Feraligatr|Disable|Crunch
|cant|p1a: Feraligatr|Disable|Crunch
|move|p2a: Politoed|Encore|p1a: Feraligatr
|-start|p1a: Feraligatr|Encore
|
|-weather|RainDance|[upkeep]
|upkeep
|turn|8
|
|t:|1785118880
|move|p2a: Politoed|Protect|p2a: Politoed
|-singleturn|p2a: Politoed|Protect
|move|p1b: Sneasler|Dire Claw|p2a: Politoed
|-activate|p2a: Politoed|move: Protect
|move|p2b: Gengar|Shadow Ball|p1b: Sneasler
|-damage|p1b: Sneasler|40/100
|-activate|p1a: Feraligatr|move: Struggle
|move|p1a: Feraligatr|Struggle|p2a: Politoed
|-activate|p2a: Politoed|move: Protect
|
|-weather|RainDance|[upkeep]
|upkeep
|turn|9
|
|t:|1785118902
|move|p1b: Sneasler|Dire Claw|p2a: Politoed
|-damage|p2a: Politoed|19/100
|-status|p2a: Politoed|par
|move|p2b: Gengar|Shadow Ball|p1b: Sneasler
|-damage|p1b: Sneasler|0 fnt
|faint|p1b: Sneasler
|-activate|p1a: Feraligatr|move: Struggle
|move|p1a: Feraligatr|Struggle|p2a: Politoed
|-damage|p2a: Politoed|1/100 par
|-damage|p1a: Feraligatr|74/100|[from] recoil
|-damage|p1a: Feraligatr|64/100|[from] item: Life Orb
|move|p2a: Politoed|Weather Ball|p1a: Feraligatr
|-resisted|p1a: Feraligatr|1
|-damage|p1a: Feraligatr|38/100
|
|-weather|RainDance|[upkeep]
|upkeep
|
|t:|1785118909
|switch|p1b: Pelipper|Pelipper, L50, F|100/100
|turn|10
|inactive|AbadanRiyi92 has 30 seconds left.
|
|t:|1785118939
|move|p2a: Politoed|Protect|p2a: Politoed
|-singleturn|p2a: Politoed|Protect
|move|p2b: Gengar|Shadow Ball|p1b: Pelipper
|-damage|p1b: Pelipper|49/100
|-enditem|p1b: Pelipper|Sitrus Berry|[eat]
|-heal|p1b: Pelipper|74/100|[from] item: Sitrus Berry
|-activate|p1a: Feraligatr|move: Struggle
|move|p1a: Feraligatr|Struggle|p2b: Gengar
|-damage|p2b: Gengar|75/100
|-damage|p1a: Feraligatr|13/100|[from] recoil
|-damage|p1a: Feraligatr|3/100|[from] item: Life Orb
|move|p1b: Pelipper|Weather Ball|p2b: Gengar
|-damage|p2b: Gengar|15/100
|
|-weather|none
|-end|p1a: Feraligatr|Encore
|-end|p1a: Feraligatr|Disable
|upkeep
|turn|11
|inactive|AbadanRiyi92 has 30 seconds left.
|
|t:|1785118967
|move|p1a: Feraligatr|Protect|p1a: Feraligatr
|-singleturn|p1a: Feraligatr|Protect
|move|p2b: Gengar|Shadow Ball|p1a: Feraligatr
|-activate|p1a: Feraligatr|move: Protect
|move|p1b: Pelipper|Weather Ball|p2a: Politoed
|-damage|p2a: Politoed|0 fnt
|faint|p2a: Politoed
|
|upkeep
|turn|12
|
|t:|1785118982
|move|p2b: Gengar|Shadow Ball|p1a: Feraligatr
|-damage|p1a: Feraligatr|0 fnt
|faint|p1a: Feraligatr
|move|p1b: Pelipper|Hurricane|p2b: Gengar
|-damage|p2b: Gengar|0 fnt
|faint|p2b: Gengar
|
|win|Yazzlematazzle
|raw|Yazzlematazzle's rating: 1000 → 1051(+51 for winning)
|raw|AbadanRiyi92's rating: 1102 → 1070(-32 for losing)
