|j|☆tenshiarmpit
|j|☆ToastedArt2
|html|tenshiarmpitToastedArt2    
|uhtml|bestof|Game 2 of a best-of-3
|t:|1783862255
|gametype|doubles
|player|p1|tenshiarmpit|maid|1040
|player|p2|ToastedArt2|iris|1082
|gen|9
|tier|[Gen 9 Champions] VGC 2026 Reg M-B (Bo3)
|rated|
|rule|Species Clause: Limit one of each Pokémon
|rule|Item Clause: Limit 1 of each item
|clearpoke
|poke|p1|Swampert, L50, M, shiny|
|poke|p1|Scizor, L50, F, shiny|
|poke|p1|Pelipper, L50, M, shiny|
|poke|p1|Sableye, L50, M, shiny|
|poke|p1|Basculegion, L50, M|
|poke|p1|Sinistcha, L50|
|poke|p2|Sinistcha, L50|
|poke|p2|Chesnaught, L50, F, shiny|
|poke|p2|Delphox, L50, M|
|poke|p2|Sneasler, L50, M|
|poke|p2|Incineroar, L50, F|
|poke|p2|Toxapex, L50, M|
|teampreview|4
|showteam|p1|Swampert||Swampertite|Torrent|HighHorsepower,FlipTurn,KnockOff,Protect|Adamant||M|||50|]Scizor||Scizorite|Technician|BulletPunch,Protect,SwordsDance,DualWingbeat|Adamant||F|||50|]Pelipper||FocusSash|Drizzle|WeatherBall,Tailwind,WideGuard,Hurricane|Timid||M|||50|]Sableye||MentalHerb|Prankster|Encore,Quash,RainDance,FakeOut|Calm||M|||50|]Basculegion||ChoiceScarf|Adaptability|WaveCrash,AquaJet,FlipTurn,LastRespects|Adamant||M|||50|]Sinistcha||SitrusBerry|Hospitality|MatchaGotcha,RagePowder,Protect,StrengthSap|Calm|||||50|
|showteam|p2|Sinistcha||OccaBerry|Hospitality|MatchaGotcha,RagePowder,TrickRoom,Protect|Calm|||||50|]Chesnaught||Chesnaughtite|Bulletproof|BodyPress,IronDefense,WideGuard,SpikyShield|Impish||F|||50|]Delphox||Delphoxite|Blaze|HeatWave,Psychic,NastyPlot,Protect|Timid||M|||50|]Sneasler||FocusSash|PoisonTouch|CloseCombat,PoisonJab,QuickGuard,FakeOut|Jolly||M|||50|]Incineroar||SitrusBerry|Intimidate|FlareBlitz,DarkestLariat,PartingShot,FakeOut|Impish||F|||50|]Toxapex||Leftovers|Regenerator|Toxic,Infestation,BanefulBunker,WideGuard|Impish||M|||50|
|inactive|Battle timer is ON: inactive players will automatically lose when time's up. (requested by ToastedArt2)
|inactive|ToastedArt2 has 60 seconds left.
|inactive|tenshiarmpit has 60 seconds left.
|
|t:|1783862296
|teamsize|p1|4
|teamsize|p2|4
|start
|switch|p1a: Sableye|Sableye, L50, M, shiny|100/100
|switch|p1b: Scizor|Scizor, L50, F, shiny|100/100
|switch|p2a: Incineroar|Incineroar, L50, F|100/100
|switch|p2b: Sneasler|Sneasler, L50, M|100/100
|-ability|p2a: Incineroar|Intimidate|boost
|-unboost|p1a: Sableye|atk|1
|-unboost|p1b: Scizor|atk|1
|turn|1
|
|t:|1783862316
|switch|p1b: Basculegion|Basculegion, L50, M|100/100
|move|p2b: Sneasler|Quick Guard|p2b: Sneasler
|-singleturn|p2b: Sneasler|Quick Guard
|move|p1a: Sableye|Fake Out|p2b: Sneasler
|-activate|p2b: Sneasler|move: Quick Guard
|move|p2a: Incineroar|Flare Blitz|p1b: Basculegion
|-resisted|p1b: Basculegion|1
|-damage|p1b: Basculegion|67/100
|-status|p1b: Basculegion|brn
|-damage|p2a: Incineroar|89/100|[from] Recoil
|
|-damage|p1b: Basculegion|61/100 brn|[from] brn
|upkeep
|turn|2
|
|t:|1783862337
|switch|p2b: Chesnaught|Chesnaught, L50, F, shiny|100/100
|move|p1a: Sableye|Encore||[still]
|-fail|p1a: Sableye
|move|p1b: Basculegion|Wave Crash|p2a: Incineroar
|-supereffective|p2a: Incineroar|1
|-damage|p2a: Incineroar|32/100
|-enditem|p2a: Incineroar|Sitrus Berry|[eat]
|-heal|p2a: Incineroar|56/100|[from] item: Sitrus Berry
|-damage|p1b: Basculegion|42/100 brn|[from] Recoil
|move|p2a: Incineroar|Darkest Lariat|p1b: Basculegion
|-supereffective|p1b: Basculegion|1
|-crit|p1b: Basculegion
|-damage|p1b: Basculegion|0 fnt
|faint|p1b: Basculegion
|
|upkeep
|
|t:|1783862345
|switch|p1b: Scizor|Scizor, L50, F, shiny|100/100
|turn|3
|
|t:|1783862361
|detailschange|p1b: Scizor|Scizor-Mega, L50, F, shiny
|-mega|p1b: Scizor|Scizor|Scizorite
|detailschange|p2b: Chesnaught|Chesnaught-Mega, L50, F, shiny
|-mega|p2b: Chesnaught|Chesnaught|Chesnaughtite
|move|p2b: Chesnaught|Spiky Shield|p2b: Chesnaught
|-singleturn|p2b: Chesnaught|move: Protect
|move|p1a: Sableye|Rain Dance|p1a: Sableye
|-weather|RainDance
|move|p1b: Scizor|Dual Wingbeat|p2a: Incineroar
|-damage|p2a: Incineroar|40/100
|-damage|p2a: Incineroar|21/100
|-hitcount|p2a: Incineroar|2
|move|p2a: Incineroar|Flare Blitz|p1b: Scizor
|-supereffective|p1b: Scizor|2
|-damage|p1b: Scizor|29/100
|-damage|p2a: Incineroar|1/100|[from] Recoil
|
|-weather|RainDance|[upkeep]
|upkeep
|turn|4
|
|t:|1783862380
|switch|p2b: Sinistcha|Sinistcha, L50|100/100
|-heal|p2a: Incineroar|26/100|[from] ability: Hospitality|[of] p2b: Sinistcha
|move|p1b: Scizor|Bullet Punch|p2a: Incineroar
|-resisted|p2a: Incineroar|1
|-damage|p2a: Incineroar|12/100
|move|p1a: Sableye|Encore||[still]
|-fail|p1a: Sableye
|move|p2a: Incineroar|Parting Shot|p1a: Sableye
|-unboost|p1a: Sableye|atk|1
|-unboost|p1a: Sableye|spa|1
|
|t:|1783862387
|switch|p2a: Sneasler|Sneasler, L50, M|100/100|[from] Parting Shot
|
|-weather|RainDance|[upkeep]
|upkeep
|turn|5
|
|t:|1783862411
|switch|p1b: Pelipper|Pelipper, L50, M, shiny|100/100
|move|p2b: Sinistcha|Rage Powder|p2b: Sinistcha
|-singleturn|p2b: Sinistcha|move: Rage Powder
|move|p1a: Sableye|Quash||[still]
|-fail|p1a: Sableye
|move|p2a: Sneasler|Close Combat|p1b: Pelipper
|-resisted|p1b: Pelipper|1
|-damage|p1b: Pelipper|57/100
|-unboost|p2a: Sneasler|def|1
|-unboost|p2a: Sneasler|spd|1
|-status|p1b: Pelipper|psn|[from] ability: Poison Touch|[of] p2a: Sneasler
|
|-weather|RainDance|[upkeep]
|-damage|p1b: Pelipper|45/100 psn|[from] psn
|upkeep
|turn|6
|
|t:|1783862428
|move|p2b: Sinistcha|Rage Powder|p2b: Sinistcha
|-singleturn|p2b: Sinistcha|move: Rage Powder
|move|p1a: Sableye|Encore|p2b: Sinistcha
|-start|p2b: Sinistcha|Encore
|move|p2a: Sneasler|Poison Jab|p1b: Pelipper
|-damage|p1b: Pelipper|0 fnt
|faint|p1b: Pelipper
|
|-weather|RainDance|[upkeep]
|upkeep
|
|t:|1783862430
|switch|p1b: Scizor|Scizor-Mega, L50, F, shiny|29/100
|turn|7
|
|t:|1783862435
|move|p2b: Sinistcha|Rage Powder|p2b: Sinistcha
|-singleturn|p2b: Sinistcha|move: Rage Powder
|move|p1a: Sableye|Quash||[still]
|-fail|p1a: Sableye
|move|p2a: Sneasler|Close Combat|p1b: Scizor
|-damage|p1b: Scizor|0 fnt
|-unboost|p2a: Sneasler|def|1
|-unboost|p2a: Sneasler|spd|1
|faint|p1b: Scizor
|
|-weather|none
|upkeep
|turn|8
|-message|tenshiarmpit forfeited.
|
|win|ToastedArt2
||ToastedArt2 is ready for game 3.
