|j|☆antman108
|j|☆profanitycleared
|html|antman108profanitycleared    
|uhtml|bestof|Game 1 of a best-of-3
|t:|1784434212
|gametype|doubles
|player|p1|antman108|ethan|
|player|p2|profanitycleared|parasollady|
|gen|9
|tier|[Gen 9 Champions] VGC 2026 Reg M-B (Bo3)
|rule|Species Clause: Limit one of each Pokémon
|rule|Item Clause: Limit 1 of each item
|clearpoke
|poke|p1|Gengar, L50, F|
|poke|p1|Politoed, L50, M|
|poke|p1|Dragonite, L50, F, shiny|
|poke|p1|Incineroar, L50, M|
|poke|p1|Vivillon-Pokeball, L50, F, shiny|
|poke|p1|Sylveon, L50, F, shiny|
|poke|p2|Garchomp, L50, F|
|poke|p2|Falinks, L50|
|poke|p2|Gholdengo, L50|
|poke|p2|Ninetales-Alola, L50, M|
|poke|p2|Volcarona, L50, M|
|poke|p2|Blastoise, L50, M|
|teampreview|4
|showteam|p1|Gengar||Gengarite|CursedBody|Protect,ShadowBall,Disable,PerishSong|Timid||F|||50|]Politoed||SitrusBerry|Drizzle|Protect,WeatherBall,Encore,PerishSong|Calm||M|||50|]Dragonite||Dragoninite|Multiscale|Hurricane,Protect,DragonPulse,ExtremeSpeed|Timid||F|||50|]Incineroar||PasshoBerry|Intimidate|FlareBlitz,FakeOut,PartingShot,Protect|Relaxed||M|||50|]Vivillon-Pokeball||FocusSash|CompoundEyes|Protect,Hurricane,RagePowder,SleepPowder|Timid||F|||50|]Sylveon||FairyFeather|Pixilate|Detect,HyperVoice,Yawn,HyperBeam|Modest||F|||50|
|showteam|p2|Garchomp||LifeOrb|RoughSkin|RockSlide,StompingTantrum,DragonClaw,Protect|Adamant||F|||50|]Falinks||Falinksite|Defiant|CloseCombat,KnockOff,Protect,NoRetreat|Jolly|||||50|]Gholdengo||SitrusBerry|GoodasGold|Protect,NastyPlot,MakeItRain,ShadowBall|Timid|||||50|]Ninetales-Alola||LightClay|SnowWarning|Encore,AuroraVeil,Blizzard,Moonblast|Timid||M|||50|]Volcarona||Leftovers|FlameBody|HeatWave,GigaDrain,Tailwind,QuiverDance|Calm||M|||50|]Blastoise||Blastoisinite|Torrent|ShellSmash,WaterSpout,DarkPulse,FakeOut|Modest||M|||50|
|
|t:|1784434253
|teamsize|p1|4
|teamsize|p2|4
|start
|switch|p1a: Dragonite|Dragonite, L50, F, shiny|100/100
|switch|p1b: Politoed|Politoed, L50, M|100/100
|switch|p2a: Garchomp|Garchomp, L50, F|100/100
|switch|p2b: Blastoise|Blastoise, L50, M|100/100
|-weather|RainDance|[from] ability: Drizzle|[of] p1b: Politoed
|turn|1
|
|t:|1784434326
|move|p2b: Blastoise|Fake Out|p1a: Dragonite
|-damage|p1a: Dragonite|96/100
|move|p2a: Garchomp|Rock Slide|p1a: Dragonite|[spread] p1a,p1b
|-supereffective|p1a: Dragonite|1
|-damage|p1a: Dragonite|43/100
|-damage|p1b: Politoed|69/100
|-damage|p2a: Garchomp|90/100|[from] item: Life Orb
|cant|p1a: Dragonite|flinch
|move|p1b: Politoed|Encore|p2b: Blastoise
|-start|p2b: Blastoise|Encore
|
|-weather|RainDance|[upkeep]
|upkeep
|turn|2
|
|t:|1784434347
|switch|p2b: Ninetales|Ninetales-Alola, L50, M|100/100
|-weather|Snowscape|[from] ability: Snow Warning|[of] p2b: Ninetales
|switch|p1b: Incineroar|Incineroar, L50, M|100/100
|-ability|p1b: Incineroar|Intimidate|boost
|-unboost|p2a: Garchomp|atk|1
|-unboost|p2b: Ninetales|atk|1
|move|p2a: Garchomp|Rock Slide|p1a: Dragonite|[spread] p1a,p1b
|-supereffective|p1a: Dragonite|1
|-supereffective|p1b: Incineroar|1
|-damage|p1a: Dragonite|7/100
|-damage|p1b: Incineroar|70/100
|-damage|p2a: Garchomp|80/100|[from] item: Life Orb
|cant|p1a: Dragonite|flinch
|
|-weather|Snowscape|[upkeep]
|upkeep
|turn|3
|
|t:|1784434408
|switch|p1b: Politoed|Politoed, L50, M|69/100
|-weather|RainDance|[from] ability: Drizzle|[of] p1b: Politoed
|move|p2b: Ninetales|Blizzard|p1a: Dragonite|[spread] p1a,p1b
|-supereffective|p1a: Dragonite|2
|-resisted|p1b: Politoed|1
|-crit|p1b: Politoed
|-damage|p1a: Dragonite|0 fnt
|-damage|p1b: Politoed|54/100
|faint|p1a: Dragonite
|move|p2a: Garchomp|Rock Slide|p1b: Politoed|[miss]
|-miss|p2a: Garchomp|p1b: Politoed
|
|-weather|RainDance|[upkeep]
|upkeep
|
|t:|1784434417
|switch|p1a: Gengar|Gengar, L50, F|100/100
|turn|4
|
|t:|1784434435
|switch|p2b: Gholdengo|Gholdengo, L50|100/100
|detailschange|p1a: Gengar|Gengar-Mega, L50, F
|-mega|p1a: Gengar|Gengar|Gengarite
|move|p1a: Gengar|Disable|p2a: Garchomp
|-start|p2a: Garchomp|Disable|Rock Slide
|cant|p2a: Garchomp|Disable|Rock Slide
|move|p1b: Politoed|Perish Song|p1b: Politoed
|-start|p1a: Gengar|perish3|[silent]
|-start|p1b: Politoed|perish3|[silent]
|-start|p2a: Garchomp|perish3|[silent]
|-immune|p2b: Gholdengo|[from] ability: Good as Gold
|-fieldactivate|move: Perish Song
|
|-weather|RainDance|[upkeep]
|-start|p1a: Gengar|perish3
|-start|p2a: Garchomp|perish3
|-start|p1b: Politoed|perish3
|upkeep
|turn|5
|
|t:|1784434464
|move|p1a: Gengar|Shadow Ball|p2b: Gholdengo
|-supereffective|p2b: Gholdengo|1
|-damage|p2b: Gholdengo|0 fnt
|faint|p2b: Gholdengo
|move|p2a: Garchomp|Stomping Tantrum|p1a: Gengar
|-supereffective|p1a: Gengar|1
|-damage|p1a: Gengar|0 fnt
|faint|p1a: Gengar
|-damage|p2a: Garchomp|70/100|[from] item: Life Orb
|move|p1b: Politoed|Weather Ball|p2a: Garchomp
|-crit|p2a: Garchomp
|-damage|p2a: Garchomp|0 fnt
|faint|p2a: Garchomp
|
|-weather|RainDance|[upkeep]
|-start|p1b: Politoed|perish2
|upkeep
|
|t:|1784434479
|switch|p1a: Incineroar|Incineroar, L50, M|70/100
|switch|p2a: Ninetales|Ninetales-Alola, L50, M|100/100
|switch|p2b: Blastoise|Blastoise, L50, M|100/100
|-weather|Snowscape|[from] ability: Snow Warning|[of] p2a: Ninetales
|-ability|p1a: Incineroar|Intimidate|boost
|-unboost|p2a: Ninetales|atk|1
|-unboost|p2b: Blastoise|atk|1
|turn|6
|
|t:|1784434502
|detailschange|p2b: Blastoise|Blastoise-Mega, L50, M
|-mega|p2b: Blastoise|Blastoise|Blastoisinite
|move|p2a: Ninetales|Aurora Veil|p2a: Ninetales
|-sidestart|p2: profanitycleared|move: Aurora Veil
|move|p2b: Blastoise|Water Spout|p1b: Politoed|[spread] p1a,p1b
|-supereffective|p1a: Incineroar|1
|-enditem|p1a: Incineroar|Passho Berry|[eat]
|-enditem|p1a: Incineroar|Passho Berry|[weaken]
|-resisted|p1b: Politoed|1
|-damage|p1a: Incineroar|22/100
|-damage|p1b: Politoed|33/100
|-enditem|p1b: Politoed|Sitrus Berry|[eat]
|-heal|p1b: Politoed|58/100|[from] item: Sitrus Berry
|move|p1b: Politoed|Weather Ball|p2b: Blastoise
|-resisted|p2b: Blastoise|1
|-damage|p2b: Blastoise|92/100
|move|p1a: Incineroar|Flare Blitz|p2a: Ninetales
|-supereffective|p2a: Ninetales|1
|-damage|p2a: Ninetales|31/100
|-damage|p1a: Incineroar|5/100|[from] Recoil
|
|-weather|Snowscape|[upkeep]
|-start|p1b: Politoed|perish1
|upkeep
|turn|7
|
|t:|1784434539
|move|p2a: Ninetales|Blizzard|p1b: Politoed|[spread] p1a,p1b
|-resisted|p1a: Incineroar|1
|-resisted|p1b: Politoed|1
|-damage|p1a: Incineroar|0 fnt
|-damage|p1b: Politoed|48/100
|faint|p1a: Incineroar
|move|p2b: Blastoise|Water Spout|p1b: Politoed
|-resisted|p1b: Politoed|1
|-damage|p1b: Politoed|19/100
|move|p1b: Politoed|Encore|p2a: Ninetales
|-start|p2a: Ninetales|Encore
|
|-weather|Snowscape|[upkeep]
|-start|p1b: Politoed|perish0
|faint|p1b: Politoed
|
|win|profanitycleared
||antman108 is ready for game 2.
|inactive|profanitycleared has 30 seconds to confirm battle start!
||profanitycleared is ready for game 2.
|uhtml|next|Next: Game 2 of 3
|l|☆antman108
|player|p1|
