|j|☆waqaskakhelkhtm
|j|☆ShadowGhost4488
|html|waqaskakhelkhtmShadowGhost4488    
|uhtml|bestof|Game 2 of a best-of-3
|t:|1784293151
|gametype|doubles
|player|p1|waqaskakhelkhtm|266|1087
|player|p2|ShadowGhost4488|unknownf|1037
|gen|9
|tier|[Gen 9 Champions] VGC 2026 Reg M-B (Bo3)
|rated|
|rule|Species Clause: Limit one of each Pokémon
|rule|Item Clause: Limit 1 of each item
|clearpoke
|poke|p1|Ceruledge, L50, M|
|poke|p1|Whimsicott, L50, F|
|poke|p1|Metagross, L50|
|poke|p1|Garchomp, L50, F|
|poke|p1|Farigiraf, L50, F|
|poke|p1|Staraptor, L50, M|
|poke|p2|Tyranitar, L50, M, shiny|
|poke|p2|Staraptor, L50, F, shiny|
|poke|p2|Excadrill, L50, M, shiny|
|poke|p2|Sinistcha, L50, shiny|
|poke|p2|Gholdengo, L50, shiny|
|poke|p2|Milotic, L50, F, shiny|
|teampreview|4
|showteam|p1|Ceruledge||ColburBerry|FlashFire|BitterBlade,BulkUp,ShadowSneak,Protect|Adamant||M|||50|]Whimsicott||FocusSash|Prankster|Moonblast,Tailwind,Charm,Encore|Timid||F|||50|]Metagross||Metagrossite|ClearBody|Protect,IronHead,PsychicFangs,StompingTantrum|Adamant|||||50|]Garchomp||LifeOrb|RoughSkin|StompingTantrum,RockSlide,Protect,DragonClaw|Jolly||F|||50|]Farigiraf||SitrusBerry|ArmorTail|HelpingHand,TrickRoom,Psychic,Thunderbolt|Calm||F|||50|]Staraptor||Staraptite|Intimidate|CloseCombat,Protect,BraveBird,Roost|Jolly||M|||50|
|showteam|p2|Tyranitar||Tyranitarite|SandStream|KnockOff,RockSlide,Protect,HighHorsepower|Jolly||M|||50|]Staraptor||Staraptite|Intimidate|CloseCombat,Protect,BraveBird,Tailwind|Jolly||F|||50|]Excadrill||FocusSash|SandRush|Earthquake,IronHead,Protect,RockSlide|Jolly||M|||50|]Sinistcha||SitrusBerry|Hospitality|RagePowder,ShadowBall,MatchaGotcha,Protect|Bold|||||50|]Gholdengo||LifeOrb|GoodasGold|NastyPlot,Protect,MakeItRain,ShadowBall|Modest|||||50|]Milotic||Leftovers|Competitive|Scald,IcyWind,Haze,Protect|Calm||F|||50|
|inactive|Battle timer is ON: inactive players will automatically lose when time's up. (requested by ShadowGhost4488)
|
|t:|1784293168
|teamsize|p1|4
|teamsize|p2|4
|start
|switch|p1a: Metagross|Metagross, L50|100/100
|switch|p1b: Farigiraf|Farigiraf, L50, F|100/100
|switch|p2a: Staraptor|Staraptor, L50, F, shiny|100/100
|switch|p2b: Milotic|Milotic, L50, F, shiny|100/100
|-ability|p2a: Staraptor|Intimidate|boost
|-fail|p1a: Metagross|unboost|[from] ability: Clear Body|[of] p1a: Metagross
|-unboost|p1b: Farigiraf|atk|1
|turn|1
|inactive|waqaskakhelkhtm has 30 seconds left.
|inactive|ShadowGhost4488 has 30 seconds left.
|
|t:|1784293198
|switch|p2b: Gholdengo|Gholdengo, L50, shiny|100/100
|detailschange|p2a: Staraptor|Staraptor-Mega, L50, F, shiny
|-mega|p2a: Staraptor|Staraptor|Staraptite
|detailschange|p1a: Metagross|Metagross-Mega, L50
|-mega|p1a: Metagross|Metagross|Metagrossite
|move|p2a: Staraptor|Close Combat|p1b: Farigiraf
|-damage|p1b: Farigiraf|53/100
|-boost|p2a: Staraptor|def|1
|-boost|p2a: Staraptor|spd|1
|move|p1a: Metagross|Psychic Fangs|p2a: Staraptor
|-supereffective|p2a: Staraptor|1
|-damage|p2a: Staraptor|7/100
|move|p1b: Farigiraf|Trick Room|p1b: Farigiraf
|-fieldstart|move: Trick Room|[of] p1b: Farigiraf
|
|upkeep
|turn|2
|
|t:|1784293220
|move|p1b: Farigiraf|Helping Hand|p1a: Metagross
|-singleturn|p1a: Metagross|Helping Hand|[of] p1b: Farigiraf
|move|p2a: Staraptor|Protect|p2a: Staraptor
|-singleturn|p2a: Staraptor|Protect
|move|p2b: Gholdengo|Shadow Ball|p1a: Metagross
|-supereffective|p1a: Metagross|1
|-damage|p1a: Metagross|8/100
|-unboost|p1a: Metagross|spd|1
|-damage|p2b: Gholdengo|90/100|[from] item: Life Orb
|move|p1a: Metagross|Stomping Tantrum|p2b: Gholdengo
|-supereffective|p2b: Gholdengo|1
|-damage|p2b: Gholdengo|0 fnt
|faint|p2b: Gholdengo
|
|upkeep
|
|t:|1784293240
|switch|p2b: Milotic|Milotic, L50, F, shiny|100/100
|turn|3
|
|t:|1784293254
|switch|p2a: Sinistcha|Sinistcha, L50, shiny|100/100
|move|p1b: Farigiraf|Thunderbolt|p2b: Milotic
|-supereffective|p2b: Milotic|1
|-damage|p2b: Milotic|68/100
|move|p2b: Milotic|Scald|p1a: Metagross
|-damage|p1a: Metagross|0 fnt
|faint|p1a: Metagross
|
|-heal|p2b: Milotic|74/100|[from] item: Leftovers
|upkeep
|
|t:|1784293263
|switch|p1a: Ceruledge|Ceruledge, L50, M|100/100
|turn|4
|
|t:|1784293287
|move|p1b: Farigiraf|Thunderbolt|p2b: Milotic
|-supereffective|p2b: Milotic|1
|-damage|p2b: Milotic|42/100
|move|p2a: Sinistcha|Shadow Ball|p1a: Ceruledge
|-supereffective|p1a: Ceruledge|1
|-damage|p1a: Ceruledge|40/100
|move|p2b: Milotic|Scald|p1a: Ceruledge
|-supereffective|p1a: Ceruledge|1
|-damage|p1a: Ceruledge|0 fnt
|faint|p1a: Ceruledge
|
|-heal|p2b: Milotic|48/100|[from] item: Leftovers
|upkeep
|
|t:|1784293298
|switch|p1a: Garchomp|Garchomp, L50, F|100/100
|turn|5
|
|t:|1784293315
|move|p1a: Garchomp|Protect|p1a: Garchomp
|-singleturn|p1a: Garchomp|Protect
|move|p1b: Farigiraf|Thunderbolt|p2b: Milotic
|-supereffective|p2b: Milotic|1
|-damage|p2b: Milotic|15/100
|move|p2a: Sinistcha|Matcha Gotcha|p1b: Farigiraf|[spread] p1b
|-activate|p1a: Garchomp|move: Protect
|-damage|p1b: Farigiraf|31/100
|-enditem|p1b: Farigiraf|Sitrus Berry|[eat]
|-heal|p1b: Farigiraf|56/100|[from] item: Sitrus Berry
|move|p2b: Milotic|Icy Wind|p1a: Garchomp|[spread] p1b
|-activate|p1a: Garchomp|move: Protect
|-crit|p1b: Farigiraf
|-damage|p1b: Farigiraf|44/100
|-unboost|p1b: Farigiraf|spe|1
|
|-heal|p2b: Milotic|21/100|[from] item: Leftovers
|-fieldend|move: Trick Room
|upkeep
|turn|6
|
|t:|1784293337
|move|p2b: Milotic|Protect|p2b: Milotic
|-singleturn|p2b: Milotic|Protect
|move|p1a: Garchomp|Rock Slide|p2b: Milotic|[spread] p2a
|-activate|p2b: Milotic|move: Protect
|-damage|p2a: Sinistcha|80/100
|-damage|p1a: Garchomp|90/100|[from] item: Life Orb
|move|p2a: Sinistcha|Matcha Gotcha|p1a: Garchomp|[spread] p1a,p1b
|-damage|p1a: Garchomp|61/100
|-heal|p2a: Sinistcha|95/100|[from] drain|[of] p1a: Garchomp
|-damage|p1b: Farigiraf|26/100
|-heal|p2a: Sinistcha|100/100|[from] drain|[of] p1b: Farigiraf
|move|p1b: Farigiraf|Psychic|p2a: Sinistcha
|-crit|p2a: Sinistcha
|-damage|p2a: Sinistcha|49/100
|-enditem|p2a: Sinistcha|Sitrus Berry|[eat]
|-heal|p2a: Sinistcha|74/100|[from] item: Sitrus Berry
|
|-heal|p2b: Milotic|27/100|[from] item: Leftovers
|upkeep
|turn|7
|inactive|waqaskakhelkhtm has 30 seconds left.
|
|t:|1784293365
|move|p1a: Garchomp|Dragon Claw|p2b: Milotic
|-damage|p2b: Milotic|0 fnt
|faint|p2b: Milotic
|-damage|p1a: Garchomp|51/100|[from] item: Life Orb
|move|p2a: Sinistcha|Matcha Gotcha|p1b: Farigiraf|[spread] p1a,p1b
|-crit|p1b: Farigiraf
|-damage|p1a: Garchomp|25/100
|-heal|p2a: Sinistcha|88/100|[from] drain|[of] p1a: Garchomp
|-damage|p1b: Farigiraf|0 fnt
|-heal|p2a: Sinistcha|100/100|[from] drain|[of] p1b: Farigiraf
|faint|p1b: Farigiraf
|
|upkeep
|
|t:|1784293376
|switch|p2b: Staraptor|Staraptor-Mega, L50, F, shiny|7/100
|turn|8
|-message|waqaskakhelkhtm forfeited.
|
|win|ShadowGhost4488
|l|☆waqaskakhelkhtm
|player|p1|
||ShadowGhost4488 is ready for game 3.
||waqaskakhelkhtm is ready for game 3.
|uhtml|next|Next: Game 3 of 3
