|j|☆ThePrinceofNT
|j|☆new mental
|html|ThePrinceofNTnew mental    
|uhtml|bestof|Game 1 of a best-of-3
|t:|1783507869
|gametype|doubles
|player|p1|ThePrinceofNT|102|1234
|player|p2|new mental|volkner|1233
|gen|9
|tier|[Gen 9 Champions] VGC 2026 Reg M-B (Bo3)
|rated|
|rule|Species Clause: Limit one of each Pokémon
|rule|Item Clause: Limit 1 of each item
|clearpoke
|poke|p1|Torkoal, L50, M|
|poke|p1|Vileplume, L50, M|
|poke|p1|Farigiraf, L50, F|
|poke|p1|Mawile, L50, F|
|poke|p1|Incineroar, L50, M|
|poke|p1|Aerodactyl, L50, M|
|poke|p2|Charizard, L50, F|
|poke|p2|Kingambit, L50, M|
|poke|p2|Sylveon, L50, M|
|poke|p2|Garchomp, L50, F|
|poke|p2|Aerodactyl, L50, M|
|poke|p2|Farigiraf, L50, M|
|teampreview|4
|showteam|p1|Torkoal||Charcoal|Drought|Eruption,EarthPower,WeatherBall,Protect|Quiet||M|||50|]Vileplume||LifeOrb|Chlorophyll|SludgeBomb,LeafStorm,SleepPowder,AfterYou|Timid||M|||50|]Farigiraf||SitrusBerry|ArmorTail|HelpingHand,Thunderbolt,TwinBeam,TrickRoom|Bold||F|||50|]Mawile||Mawilite|Intimidate|PlayRough,SuckerPunch,SwordsDance,Protect|Brave||F|||50|]Incineroar||ShucaBerry|Intimidate|FakeOut,PartingShot,DarkestLariat,FlareBlitz|Brave||M|||50|]Aerodactyl||Aerodactylite|Unnerve|RockSlide,DualWingbeat,IceFang,WideGuard|Jolly||M|||50|
|showteam|p2|Charizard||CharizarditeY|SolarPower|Protect,HeatWave,SolarBeam,WeatherBall|Modest||F|||50|]Kingambit||FocusSash|Defiant|IronHead,SuckerPunch,KowtowCleave,LowKick|Adamant||M|||50|]Sylveon||FairyFeather|Pixilate|Detect,HyperVoice,HyperBeam,QuickAttack|Modest||M|||50|]Garchomp||LifeOrb|RoughSkin|Protect,DragonClaw,Earthquake,RockSlide|Jolly||F|||50|]Aerodactyl||Aerodactylite|Unnerve|IceFang,RockSlide,Tailwind,DualWingbeat|Jolly||M|||50|]Farigiraf||SitrusBerry|ArmorTail|TrickRoom,Psychic,Thunderbolt,Protect|Bold||M|||50|
|inactive|Battle timer is ON: inactive players will automatically lose when time's up. (requested by ThePrinceofNT)
|
|t:|1783507900
|teamsize|p1|4
|teamsize|p2|4
|start
|switch|p1a: Torkoal|Torkoal, L50, M|100/100
|switch|p1b: Vileplume|Vileplume, L50, M|100/100
|switch|p2a: Aerodactyl|Aerodactyl, L50, M|100/100
|switch|p2b: Kingambit|Kingambit, L50, M|100/100
|-ability|p2a: Aerodactyl|Unnerve
|-weather|SunnyDay|[from] ability: Drought|[of] p1a: Torkoal
|turn|1
|
|t:|1783507924
|detailschange|p2a: Aerodactyl|Aerodactyl-Mega, L50, M
|-mega|p2a: Aerodactyl|Aerodactyl|Aerodactylite
|move|p1b: Vileplume|Sleep Powder|p2a: Aerodactyl
|-status|p2a: Aerodactyl|slp|[from] move: Sleep Powder
|cant|p2a: Aerodactyl|slp
|move|p2b: Kingambit|Kowtow Cleave|p1a: Torkoal
|-damage|p1a: Torkoal|63/100
|move|p1a: Torkoal|Weather Ball|p2b: Kingambit
|-supereffective|p2b: Kingambit|1
|-enditem|p2b: Kingambit|Focus Sash
|-damage|p2b: Kingambit|1/100
|
|-weather|SunnyDay|[upkeep]
|upkeep
|turn|2
|
|t:|1783507947
|move|p2b: Kingambit|Sucker Punch|p1a: Torkoal
|-damage|p1a: Torkoal|33/100
|move|p1b: Vileplume|Leaf Storm|p2b: Kingambit
|-resisted|p2b: Kingambit|1
|-damage|p2b: Kingambit|0 fnt
|-unboost|p1b: Vileplume|spa|2
|faint|p2b: Kingambit
|-damage|p1b: Vileplume|90/100|[from] item: Life Orb
|cant|p2a: Aerodactyl|slp
|move|p1a: Torkoal|Weather Ball|p2a: Aerodactyl
|-resisted|p2a: Aerodactyl|1
|-damage|p2a: Aerodactyl|58/100 slp
|
|-weather|SunnyDay|[upkeep]
|upkeep
|
|t:|1783507954
|switch|p2b: Garchomp|Garchomp, L50, F|100/100
|turn|3
|
|t:|1783507971
|switch|p1a: Incineroar|Incineroar, L50, M|100/100
|-ability|p1a: Incineroar|Intimidate|boost
|-unboost|p2a: Aerodactyl|atk|1
|-unboost|p2b: Garchomp|atk|1
|move|p1b: Vileplume|Sleep Powder|p2b: Garchomp
|-status|p2b: Garchomp|slp|[from] move: Sleep Powder
|-curestatus|p2a: Aerodactyl|slp|[msg]
|move|p2a: Aerodactyl|Dual Wingbeat|p1b: Vileplume|[miss]
|-miss|p2a: Aerodactyl|p1b: Vileplume
|cant|p2b: Garchomp|slp
|
|-weather|SunnyDay|[upkeep]
|upkeep
|turn|4
|
|t:|1783507987
|switch|p2b: Farigiraf|Farigiraf, L50, M|100/100
|move|p1a: Incineroar|Fake Out||[still]
|cant|p2b: Farigiraf|ability: Armor Tail|Fake Out|[of] p1a: Incineroar
|move|p1b: Vileplume|Sleep Powder|p2a: Aerodactyl
|-status|p2a: Aerodactyl|slp|[from] move: Sleep Powder
|cant|p2a: Aerodactyl|slp
|
|-weather|SunnyDay|[upkeep]
|upkeep
|turn|5
|
|t:|1783508003
|switch|p2a: Garchomp|Garchomp, L50, F|100/100 slp
|move|p1b: Vileplume|Sleep Powder|p2b: Farigiraf
|-status|p2b: Farigiraf|slp|[from] move: Sleep Powder
|cant|p2b: Farigiraf|slp
|move|p1a: Incineroar|Darkest Lariat|p2a: Garchomp
|-damage|p2a: Garchomp|59/100 slp
|-damage|p1a: Incineroar|87/100|[from] ability: Rough Skin|[of] p2a: Garchomp
|
|-weather|none
|upkeep
|turn|6
|
|t:|1783508027
|switch|p1b: Aerodactyl|Aerodactyl, L50, M|100/100
|-ability|p1b: Aerodactyl|Unnerve
|-curestatus|p2a: Garchomp|slp|[msg]
|move|p2a: Garchomp|Earthquake|p1a: Incineroar|[spread] p2b,p1a
|-immune|p1b: Aerodactyl
|-supereffective|p1a: Incineroar|1
|-enditem|p1a: Incineroar|Shuca Berry|[eat]
|-enditem|p1a: Incineroar|Shuca Berry|[weaken]
|-damage|p2b: Farigiraf|62/100 slp
|-damage|p1a: Incineroar|38/100
|-damage|p2a: Garchomp|49/100|[from] item: Life Orb
|-curestatus|p2b: Farigiraf|slp|[msg]
|move|p2b: Farigiraf|Psychic|p1b: Aerodactyl
|-damage|p1b: Aerodactyl|52/100
|move|p1a: Incineroar|Parting Shot|p2a: Garchomp
|-unboost|p2a: Garchomp|atk|1
|-unboost|p2a: Garchomp|spa|1
|
|t:|1783508050
|switch|p1a: Vileplume|Vileplume, L50, M|90/100|[from] Parting Shot
|
|upkeep
|turn|7
|
|t:|1783508066
|detailschange|p1b: Aerodactyl|Aerodactyl-Mega, L50, M
|-mega|p1b: Aerodactyl|Aerodactyl|Aerodactylite
|move|p2a: Garchomp|Protect|p2a: Garchomp
|-singleturn|p2a: Garchomp|Protect
|move|p1b: Aerodactyl|Ice Fang|p2a: Garchomp
|-activate|p2a: Garchomp|move: Protect
|move|p1a: Vileplume|Sleep Powder|p2b: Farigiraf
|-status|p2b: Farigiraf|slp|[from] move: Sleep Powder
|cant|p2b: Farigiraf|slp
|
|upkeep
|turn|8
|c|☆new mental|3/3
|
|t:|1783508087
|move|p2a: Garchomp|Protect||[still]
|-fail|p2a: Garchomp
|move|p1b: Aerodactyl|Ice Fang|p2a: Garchomp
|-supereffective|p2a: Garchomp|2
|-crit|p2a: Garchomp
|-damage|p2a: Garchomp|0 fnt
|-damage|p1b: Aerodactyl|40/100|[from] ability: Rough Skin|[of] p2a: Garchomp
|faint|p2a: Garchomp
|move|p1a: Vileplume|Leaf Storm|p2b: Farigiraf|[miss]
|-miss|p1a: Vileplume|p2b: Farigiraf
|-curestatus|p2b: Farigiraf|slp|[msg]
|move|p2b: Farigiraf|Thunderbolt|p1b: Aerodactyl
|-supereffective|p1b: Aerodactyl|1
|-damage|p1b: Aerodactyl|0 fnt
|faint|p1b: Aerodactyl
|
|upkeep
|c|☆ThePrinceofNT|whatchu mean
|
|t:|1783508108
|switch|p1b: Torkoal|Torkoal, L50, M|33/100
|switch|p2a: Aerodactyl|Aerodactyl-Mega, L50, M|58/100 slp
|-weather|SunnyDay|[from] ability: Drought|[of] p1b: Torkoal
|turn|9
|c|☆new mental|0 fails sleep powder
|c|☆new mental|i miss dual wing beat
|c|☆ThePrinceofNT|its 75 percent each time
|c|☆ThePrinceofNT|i also missed leaf storm
|inactive|ThePrinceofNT has 30 seconds left.
|inactive|new mental has 30 seconds left.
|inactive|ThePrinceofNT has 20 seconds left.
|inactive|new mental has 20 seconds left.
|inactive|new mental has 15 seconds left.
|c|☆new mental|you did not
|inactive|new mental has 10 seconds left.
|c|☆ThePrinceofNT|literally last turn
|
|t:|1783508156
|move|p1a: Vileplume|Sleep Powder|p2b: Farigiraf
|-status|p2b: Farigiraf|slp|[from] move: Sleep Powder
|-curestatus|p2a: Aerodactyl|slp|[msg]
|move|p2a: Aerodactyl|Rock Slide|p1a: Vileplume|[spread] p1a,p1b
|-supereffective|p1b: Torkoal|1
|-damage|p1a: Vileplume|55/100
|-damage|p1b: Torkoal|0 fnt
|faint|p1b: Torkoal
|cant|p2b: Farigiraf|slp
|
|-weather|SunnyDay|[upkeep]
|upkeep
|
|t:|1783508165
|switch|p1b: Incineroar|Incineroar, L50, M|38/100
|-ability|p1b: Incineroar|Intimidate|boost
|-unboost|p2a: Aerodactyl|atk|1
|-unboost|p2b: Farigiraf|atk|1
|turn|10
|c|☆new mental|well
|c|☆new mental|4/4
|inactive|new mental has 30 seconds left.
|
|t:|1783508195
|move|p1a: Vileplume|Sleep Powder|p2a: Aerodactyl
|-status|p2a: Aerodactyl|slp|[from] move: Sleep Powder
|cant|p2a: Aerodactyl|slp
|cant|p2b: Farigiraf|slp
|move|p1b: Incineroar|Darkest Lariat|p2b: Farigiraf
|-supereffective|p2b: Farigiraf|1
|-damage|p2b: Farigiraf|1/100 slp
|-enditem|p2b: Farigiraf|Sitrus Berry|[eat]
|-heal|p2b: Farigiraf|26/100 slp|[from] item: Sitrus Berry
|
|-weather|SunnyDay|[upkeep]
|upkeep
|turn|11
|
|t:|1783508215
|move|p1a: Vileplume|Leaf Storm|p2a: Aerodactyl|[miss]
|-miss|p1a: Vileplume|p2a: Aerodactyl
|cant|p2a: Aerodactyl|slp
|-curestatus|p2b: Farigiraf|slp|[msg]
|move|p2b: Farigiraf|Psychic|p1a: Vileplume
|-supereffective|p1a: Vileplume|1
|-damage|p1a: Vileplume|0 fnt
|faint|p1a: Vileplume
|move|p1b: Incineroar|Darkest Lariat|p2b: Farigiraf
|-supereffective|p2b: Farigiraf|1
|-damage|p2b: Farigiraf|0 fnt
|faint|p2b: Farigiraf
|
|-weather|SunnyDay|[upkeep]
|upkeep
|turn|12
|inactive|ThePrinceofNT has 30 seconds left.
|
|t:|1783508242
|-curestatus|p2a: Aerodactyl|slp|[msg]
|move|p2a: Aerodactyl|Rock Slide|p1b: Incineroar
|-supereffective|p1b: Incineroar|1
|-damage|p1b: Incineroar|0 fnt
|faint|p1b: Incineroar
|
|win|new mental
||new mental is ready for game 2.
|c|☆ThePrinceofNT|you still won
||ThePrinceofNT is ready for game 2.
|uhtml|next|Next: Game 2 of 3
