|j|☆Kyoshi44
|j|☆Jakobtc
|html|Kyoshi44Jakobtc    
|uhtml|bestof|Game 3 of a best-of-3
|t:|1756445678
|gametype|doubles
|player|p1|Kyoshi44|dawn|1093
|player|p2|Jakobtc|riley|1166
|gen|9
|tier|[Gen 9] VGC 2025 Reg H (Bo3)
|rated|
|rule|Species Clause: Limit one of each Pokémon
|rule|Item Clause: Limit 1 of each item
|clearpoke
|poke|p1|Armarouge, L50, M|
|poke|p1|Primarina, L50, F|
|poke|p1|Sneasler, L50, M|
|poke|p1|Dragonite, L50, F|
|poke|p1|Incineroar, L50, M|
|poke|p1|Indeedee-F, L50, F|
|poke|p2|Glimmora, L50, F|
|poke|p2|Magmar, L50, M|
|poke|p2|Braviary, L50, M|
|poke|p2|Kingambit, L50, F|
|poke|p2|Amoonguss, L50, M|
|poke|p2|Hydreigon, L50, M|
|teampreview|4
|showteam|p1|Armarouge||WeaknessPolicy|WeakArmor|HeatWave,StoredPower,Protect,ExpandingForce|||M|||50|,,,,,Fire]Primarina||AssaultVest|LiquidVoice|HyperVoice,DazzlingGleam,AquaJet,EnergyBall|||F|||50|,,,,,Grass]Sneasler||WhiteHerb|Unburden|CloseCombat,DireClaw,Coaching,Protect|||M|||50|,,,,,Ghost]Dragonite||LoadedDice|Multiscale|ScaleShot,Protect,LowKick,ExtremeSpeed|||F|||50|,,,,,Fairy]Incineroar||SafetyGoggles|Intimidate|FakeOut,KnockOff,FlareBlitz,PartingShot|||M|||50|,,,,,Bug]Indeedee-F||RockyHelmet|PsychicSurge|FollowMe,TrickRoom,Imprison,Psychic|||F|||50|,,,,,Fairy
|showteam|p2|Glimmora||PowerHerb|ToxicDebris|MeteorBeam,SludgeBomb,EarthPower,SpikyShield|||F|||50|,,,,,Water]Magmar||Eviolite|VitalSpirit|FollowMe,HelpingHand,Overheat,Protect|||M|||50|,,,,,Grass]Braviary||ChoiceScarf|Defiant|BraveBird,DualWingbeat,Superpower,Uturn|||M|||50|,,,,,Flying]Kingambit||AssaultVest|Defiant|KowtowCleave,SuckerPunch,IronHead,LowKick|||F|||50|,,,,,Dragon]Amoonguss||SitrusBerry|Regenerator|Spore,RagePowder,PollenPuff,Protect|||M|||50|,,,,,Psychic]Hydreigon||LifeOrb|Levitate|DracoMeteor,DarkPulse,EarthPower,Protect|||M|||50|,,,,,Ghost
|inactive|Battle timer is ON: inactive players will automatically lose when time's up. (requested by Kyoshi44)
|
|t:|1756445710
|teamsize|p1|4
|teamsize|p2|4
|start
|switch|p1a: Primarina|Primarina, L50, F|100/100
|switch|p1b: Armarouge|Armarouge, L50, M|100/100
|switch|p2a: Hydreigon|Hydreigon, L50, M|100/100
|switch|p2b: Magmar|Magmar, L50, M|100/100
|turn|1
|
|t:|1756445730
|-terastallize|p2b: Magmar|Grass
|move|p1b: Armarouge|Protect|p1b: Armarouge
|-singleturn|p1b: Armarouge|Protect
|move|p2b: Magmar|Follow Me|p2b: Magmar
|-singleturn|p2b: Magmar|move: Follow Me
|move|p2a: Hydreigon|Earth Power|p1b: Armarouge
|-activate|p1b: Armarouge|move: Protect
|move|p1a: Primarina|Dazzling Gleam|p2b: Magmar|[spread] p2a,p2b
|-supereffective|p2a: Hydreigon
|-damage|p2a: Hydreigon|0 fnt
|-damage|p2b: Magmar|75/100
|faint|p2a: Hydreigon
|
|upkeep
|
|t:|1756445742
|switch|p2a: Glimmora|Glimmora, L50, F|100/100
|turn|2
|
|t:|1756445764
|move|p2b: Magmar|Follow Me|p2b: Magmar
|-singleturn|p2b: Magmar|move: Follow Me
|move|p2a: Glimmora|Meteor Beam||[still]
|-prepare|p2a: Glimmora|Meteor Beam
|-boost|p2a: Glimmora|spa|1
|-enditem|p2a: Glimmora|Power Herb
|-anim|p2a: Glimmora|Meteor Beam|p1b: Armarouge
|-supereffective|p1b: Armarouge
|-damage|p1b: Armarouge|0 fnt
|faint|p1b: Armarouge
|move|p1a: Primarina|Hyper Voice|p2a: Glimmora|[spread] p2a,p2b
|-supereffective|p2a: Glimmora
|-resisted|p2b: Magmar
|-damage|p2a: Glimmora|5/100
|-damage|p2b: Magmar|61/100
|
|upkeep
|
|t:|1756445772
|switch|p1b: Dragonite|Dragonite, L50, F|100/100
|turn|3
|inactive|Jakobtc has 30 seconds left.
|
|t:|1756445806
|move|p2a: Glimmora|Spiky Shield|p2a: Glimmora
|-singleturn|p2a: Glimmora|move: Protect
|move|p1a: Primarina|Aqua Jet|p2a: Glimmora
|-activate|p2a: Glimmora|move: Protect
|-damage|p1a: Primarina|88/100|[from] Spiky Shield|[of] p2a: Glimmora
|move|p1b: Dragonite|Scale Shot|p2b: Magmar
|-damage|p2b: Magmar|49/100
|-damage|p2b: Magmar|38/100
|-damage|p2b: Magmar|27/100
|-damage|p2b: Magmar|18/100
|-damage|p2b: Magmar|7/100
|-hitcount|p2b: Magmar|5
|-unboost|p1b: Dragonite|def|1
|-boost|p1b: Dragonite|spe|1
|move|p2b: Magmar|Overheat|p1b: Dragonite
|-resisted|p1b: Dragonite
|-damage|p1b: Dragonite|89/100
|-unboost|p2b: Magmar|spa|2
|
|upkeep
|turn|4
|
|t:|1756445828
|move|p1b: Dragonite|Extreme Speed|p2b: Magmar
|-damage|p2b: Magmar|0 fnt
|faint|p2b: Magmar
|move|p1a: Primarina|Aqua Jet|p2a: Glimmora
|-supereffective|p2a: Glimmora
|-damage|p2a: Glimmora|0 fnt
|-activate|p2a: Glimmora|ability: Toxic Debris
|-sidestart|p1: Kyoshi44|move: Toxic Spikes
|faint|p2a: Glimmora
|
|upkeep
|c|☆Jakobtc|gg
|
|t:|1756445839
|switch|p2b: Amoonguss|Amoonguss, L50, M|100/100
|turn|5
|c|☆Kyoshi44|gg
|
|t:|1756445849
|move|p1b: Dragonite|Scale Shot|p2b: Amoonguss
|-damage|p2b: Amoonguss|88/100
|-damage|p2b: Amoonguss|75/100
|-damage|p2b: Amoonguss|64/100
|-damage|p2b: Amoonguss|52/100
|-hitcount|p2b: Amoonguss|4
|-unboost|p1b: Dragonite|def|1
|-boost|p1b: Dragonite|spe|1
|move|p1a: Primarina|Hyper Voice|p2b: Amoonguss
|-resisted|p2b: Amoonguss
|-damage|p2b: Amoonguss|30/100
|-enditem|p2b: Amoonguss|Sitrus Berry|[eat]
|-heal|p2b: Amoonguss|54/100|[from] item: Sitrus Berry
|move|p2b: Amoonguss|Pollen Puff|p1a: Primarina
|-resisted|p1a: Primarina
|-damage|p1a: Primarina|83/100
|
|upkeep
|turn|6
|c|☆Jakobtc|i'm so bad
|
|t:|1756445866
|move|p1b: Dragonite|Scale Shot|p2b: Amoonguss
|-damage|p2b: Amoonguss|43/100
|-damage|p2b: Amoonguss|29/100
|-damage|p2b: Amoonguss|16/100
|-damage|p2b: Amoonguss|5/100
|-damage|p2b: Amoonguss|0 fnt
|faint|p2b: Amoonguss
|-hitcount|p2: Amoonguss|5
|
|win|Kyoshi44
|raw|Kyoshi44's rating: 1093 → 1124(+31 for winning)
|raw|Jakobtc's rating: 1166 → 1136(-30 for losing)
|c|☆Kyoshi44|no you arent
|c|☆Jakobtc|i got rolled
|c|☆Kyoshi44|u countered me hard last game
|c|☆Jakobtc|still i'm feel like a bad player
|c|☆Kyoshi44|maybe you just aren't vibing with your team
|l|☆Kyoshi44
|player|p1|
