|j|☆Terrymisu
|j|☆Etmikarily
|html|TerrymisuEtmikarily    
|uhtml|bestof|Game 1 of a best-of-3
|t:|1784767689
|gametype|doubles
|player|p1|Terrymisu|wallace|
|player|p2|Etmikarily|drayden|
|gen|9
|tier|[Gen 9 Champions] VGC 2026 Reg M-B (Bo3)
|rule|Species Clause: Limit one of each Pokémon
|rule|Item Clause: Limit 1 of each item
|clearpoke
|poke|p1|Grimmsnarl, L50, M|
|poke|p1|Florges-Blue, L50, F|
|poke|p1|Greninja, L50, F|
|poke|p1|Decidueye, L50, F|
|poke|p1|Aegislash, L50, F|
|poke|p1|Rotom-Wash, L50|
|poke|p2|Simisage, L50, F|
|poke|p2|Azumarill, L50, F|
|poke|p2|Passimian, L50, M|
|poke|p2|Mimikyu, L50, M, shiny|
|poke|p2|Blastoise, L50, M|
|poke|p2|Oranguru, L50, F|
|teampreview|4
|showteam|p1|Grimmsnarl||LightClay|Prankster|Taunt,LightScreen,Reflect,SpiritBreak|Impish||M|||50|]Florges-Blue|||FlowerVeil|Protect,CalmMind,EnergyBall,Moonblast|Relaxed||F|||50|]Greninja||Greninjite|Protean|DarkPulse,Protect,FlipTurn,HydroPump|Modest||F|||50|]Decidueye||FocusSash|Overgrow|LeafBlade,ShadowSneak,SpiritShackle,HelpingHand|Adamant||F|||50|]Aegislash||SpellTag|StanceChange|ShadowSneak,KingsShield,ShadowBall,WideGuard|Adamant||F|||50|]Rotom-Wash||ChoiceScarf|Levitate|WillOWisp,Trick,VoltSwitch,HydroPump|Timid|||||50|
|showteam|p2|Simisage||LifeOrb|Overgrow|FakeOut,Acrobatics,SeedBomb,Protect|Jolly||F|||50|]Azumarill||SitrusBerry|HugePower|BellyDrum,AquaJet,IceSpinner,PlayRough|Adamant||F|||50|]Passimian||ExpertBelt|Receiver|BrickBreak,CloseCombat,IronHead,Trailblaze|Jolly||M|||50|]Mimikyu||WhiteHerb|Disguise|PlayRough,ShadowClaw,SwordsDance,XScissor|Jolly||M|||50|]Blastoise||Blastoisinite|Torrent|AuraSphere,DarkPulse,WaterSpout,HydroPump|Modest||M|||50|]Oranguru||BrightPowder|Telepathy|Thunderbolt,CalmMind,FoulPlay,Psychic|Modest||F|||50|
|
|t:|1784767738
|teamsize|p1|4
|teamsize|p2|4
|start
|switch|p1a: Grimmsnarl|Grimmsnarl, L50, M|100/100
|switch|p1b: Florges|Florges-Blue, L50, F|100/100
|switch|p2a: Beautiful Baby Boy|Simisage, L50, F|100/100
|switch|p2b: Dolly|Mimikyu, L50, M, shiny|100/100
|turn|1
|
|t:|1784767771
|move|p1b: Florges|Protect|p1b: Florges
|-singleturn|p1b: Florges|Protect
|move|p2a: Beautiful Baby Boy|Fake Out|p1a: Grimmsnarl
|-damage|p1a: Grimmsnarl|87/100
|-damage|p2a: Beautiful Baby Boy|90/100|[from] item: Life Orb
|cant|p1a: Grimmsnarl|flinch
|move|p2b: Dolly|Swords Dance|p2b: Dolly
|-boost|p2b: Dolly|atk|2
|
|upkeep
|turn|2
|
|t:|1784767796
|move|p1a: Grimmsnarl|Taunt|p2a: Beautiful Baby Boy
|-start|p2a: Beautiful Baby Boy|move: Taunt
|move|p2a: Beautiful Baby Boy|Seed Bomb|p1b: Florges
|-damage|p1b: Florges|57/100
|-damage|p2a: Beautiful Baby Boy|80/100|[from] item: Life Orb
|move|p2b: Dolly|Play Rough|p1a: Grimmsnarl
|-supereffective|p1a: Grimmsnarl|1
|-damage|p1a: Grimmsnarl|0 fnt
|faint|p1a: Grimmsnarl
|move|p1b: Florges|Calm Mind|p1b: Florges
|-boost|p1b: Florges|spa|1
|-boost|p1b: Florges|spd|1
|
|upkeep
|
|t:|1784767819
|switch|p1a: Rotom|Rotom-Wash, L50|100/100
|turn|3
|
|t:|1784767842
|move|p1a: Rotom|Will-O-Wisp|p2a: Beautiful Baby Boy|[miss]
|-miss|p1a: Rotom|p2a: Beautiful Baby Boy
|move|p2a: Beautiful Baby Boy|Seed Bomb|p1a: Rotom
|-supereffective|p1a: Rotom|1
|-damage|p1a: Rotom|0 fnt
|faint|p1a: Rotom
|-damage|p2a: Beautiful Baby Boy|70/100|[from] item: Life Orb
|move|p2b: Dolly|Shadow Claw|p1b: Florges
|-damage|p1b: Florges|3/100
|move|p1b: Florges|Moonblast|p2a: Beautiful Baby Boy
|-damage|p2a: Beautiful Baby Boy|0 fnt
|faint|p2a: Beautiful Baby Boy
|
|upkeep
|
|t:|1784767862
|switch|p2a: Big man|Azumarill, L50, F|100/100
|switch|p1a: Decidueye|Decidueye, L50, F|100/100
|turn|4
|
|t:|1784767874
|move|p1b: Florges|Protect|p1b: Florges
|-singleturn|p1b: Florges|Protect
|move|p1a: Decidueye|Shadow Sneak|p2b: Dolly
|-activate|p2b: Dolly|ability: Disguise
|-damage|p2b: Dolly|100/100
|detailschange|p2b: Dolly|Mimikyu-Busted, L50, M, shiny
|-damage|p2b: Dolly|87/100|[from] pokemon: Mimikyu-Busted
|move|p2a: Big man|Aqua Jet|p1b: Florges
|-activate|p1b: Florges|move: Protect
|move|p2b: Dolly|Shadow Claw|p1a: Decidueye
|-supereffective|p1a: Decidueye|1
|-enditem|p1a: Decidueye|Focus Sash
|-damage|p1a: Decidueye|1/100
|
|upkeep
|turn|5
|
|t:|1784767895
|move|p2a: Big man|Aqua Jet|p1a: Decidueye
|-resisted|p1a: Decidueye|1
|-damage|p1a: Decidueye|0 fnt
|faint|p1a: Decidueye
|move|p2b: Dolly|Shadow Claw|p1b: Florges
|-damage|p1b: Florges|0 fnt
|faint|p1b: Florges
|
|win|Etmikarily
|inactive|Terrymisu has 30 seconds to confirm battle start!
|inactive|Etmikarily has 30 seconds to confirm battle start!
