|j|☆Mr. Murtzee
|j|☆nupe_123
|html|Mr. Murtzeenupe_123    
|uhtml|bestof|Game 2 of a best-of-3
|t:|1785249751
|gametype|doubles
|player|p1|Mr. Murtzee|gentleman|1043
|player|p2|nupe_123|266|1133
|gen|9
|tier|[Gen 9 Champions] VGC 2026 Reg M-B (Bo3)
|rated|
|rule|Species Clause: Limit one of each Pokémon
|rule|Item Clause: Limit 1 of each item
|clearpoke
|poke|p1|Aggron, L50, M|
|poke|p1|Slowking, L50, M|
|poke|p1|Scrafty, L50, M|
|poke|p1|Mr. Rime, L50, M|
|poke|p1|Klefki, L50, M|
|poke|p1|Dragapult, L50, M|
|poke|p2|Froslass, L50, F|
|poke|p2|Garchomp, L50, F, shiny|
|poke|p2|Incineroar, L50, F, shiny|
|poke|p2|Kingambit, L50, M, shiny|
|poke|p2|Glimmora, L50, M|
|poke|p2|Farigiraf, L50, M, shiny|
|teampreview|4
|showteam|p1|Aggron||Aggronite|Sturdy|IronDefense,IronHead,BodyPress,Protect|Careful||M|||50|]Slowking||SitrusBerry|Regenerator|Scald,Psychic,TrickRoom,HealPulse|Modest||M|||50|]Scrafty||RoseliBerry|Intimidate|KnockOff,LowKick,FakeOut,Protect|Adamant||M|||50|]Mr. Rime||FocusSash|ScreenCleaner|FreezeDry,Psychic,FakeOut,Protect|Modest||M|||50|]Klefki||LightClay|Prankster|DazzlingGleam,LightScreen,Reflect,FoulPlay|Bold||M|||50|]Dragapult||ChoiceScarf|ClearBody|DragonDarts,PhantomForce,SuckerPunch,Uturn|Adamant||M|||50|
|showteam|p2|Froslass||Froslassite|CursedBody|Blizzard,ShadowBall,AuroraVeil,Protect|Timid||F|||50|]Garchomp||LifeOrb|RoughSkin|RockSlide,DragonClaw,StompingTantrum,Protect|Jolly||F|||50|]Incineroar||SitrusBerry|Intimidate|FlareBlitz,ThroatChop,FakeOut,PartingShot|Impish||F|||50|]Kingambit||BlackGlasses|Defiant|KowtowCleave,SuckerPunch,LowKick,Protect|Brave||M|||50|]Glimmora||FocusSash|ToxicDebris|PowerGem,SludgeBomb,EarthPower,SpikyShield|Modest||M|||50|]Farigiraf||ColburBerry|ArmorTail|Psychic,Thunderbolt,TrickRoom,HelpingHand|Relaxed||M|||50|
|inactive|Battle timer is ON: inactive players will automatically lose when time's up. (requested by Mr. Murtzee)
|
|t:|1785249768
|teamsize|p1|4
|teamsize|p2|4
|start
|switch|p1a: Slowking|Slowking, L50, M|100/100
|switch|p1b: Klefki|Klefki, L50, M|100/100
|switch|p2a: Kingambit|Kingambit, L50, M, shiny|100/100
|switch|p2b: Froslass|Froslass, L50, F|100/100
|turn|1
|
|t:|1785249784
|detailschange|p2b: Froslass|Froslass-Mega, L50, F
|-mega|p2b: Froslass|Froslass|Froslassite
|-weather|Snowscape|[from] ability: Snow Warning|[of] p2b: Froslass
|move|p1b: Klefki|Light Screen|p1b: Klefki
|-sidestart|p1: Mr. Murtzee|move: Light Screen
|move|p2b: Froslass|Shadow Ball|p1a: Slowking
|-supereffective|p1a: Slowking|1
|-damage|p1a: Slowking|58/100
|-unboost|p1a: Slowking|spd|1
|move|p2a: Kingambit|Kowtow Cleave|p1a: Slowking
|-supereffective|p1a: Slowking|1
|-damage|p1a: Slowking|0 fnt
|faint|p1a: Slowking
|
|-weather|Snowscape|[upkeep]
|upkeep
|
|t:|1785249800
|switch|p1a: Mr. Rime|Mr. Rime, L50, M|100/100
|-activate|p1a: Mr. Rime|ability: Screen Cleaner
|-sideend|p1: Mr. Murtzee|move: Light Screen
|turn|2
|
|t:|1785249823
|move|p1a: Mr. Rime|Fake Out|p2a: Kingambit
|-resisted|p2a: Kingambit|1
|-damage|p2a: Kingambit|97/100
|move|p2b: Froslass|Shadow Ball|p1a: Mr. Rime
|-supereffective|p1a: Mr. Rime|1
|-damage|p1a: Mr. Rime|21/100
|move|p1b: Klefki|Foul Play|p2b: Froslass
|-supereffective|p2b: Froslass|1
|-damage|p2b: Froslass|64/100
|cant|p2a: Kingambit|flinch
|
|-weather|Snowscape|[upkeep]
|upkeep
|turn|3
|inactive|nupe_123 has 30 seconds left.
|
|t:|1785249849
|move|p2b: Froslass|Blizzard|p1b: Klefki|[spread] p1a,p1b
|-resisted|p1a: Mr. Rime|1
|-resisted|p1b: Klefki|1
|-damage|p1a: Mr. Rime|0 fnt
|-damage|p1b: Klefki|75/100
|faint|p1a: Mr. Rime
|move|p1b: Klefki|Dazzling Gleam|p2b: Froslass|[spread] p2a,p2b
|-damage|p2a: Kingambit|82/100
|-damage|p2b: Froslass|45/100
|move|p2a: Kingambit|Kowtow Cleave|p1b: Klefki
|-resisted|p1b: Klefki|1
|-damage|p1b: Klefki|46/100
|
|-weather|Snowscape|[upkeep]
|upkeep
|
|t:|1785249860
|switch|p1a: Aggron|Aggron, L50, M|100/100
|turn|4
|
|t:|1785249881
|detailschange|p1a: Aggron|Aggron-Mega, L50, M
|-mega|p1a: Aggron|Aggron|Aggronite
|move|p1b: Klefki|Light Screen|p1b: Klefki
|-sidestart|p1: Mr. Murtzee|move: Light Screen
|move|p2b: Froslass|Shadow Ball|p1b: Klefki
|-damage|p1b: Klefki|9/100
|-unboost|p1b: Klefki|spd|1
|move|p1a: Aggron|Body Press|p2a: Kingambit
|-supereffective|p2a: Kingambit|2
|-damage|p2a: Kingambit|0 fnt
|faint|p2a: Kingambit
|
|-weather|Snowscape|[upkeep]
|upkeep
|
|t:|1785249899
|switch|p2a: Incineroar|Incineroar, L50, F, shiny|100/100
|-ability|p2a: Incineroar|Intimidate|boost
|-unboost|p1a: Aggron|atk|1
|-unboost|p1b: Klefki|atk|1
|turn|5
|inactive|nupe_123 has 30 seconds left.
|
|t:|1785249927
|move|p2a: Incineroar|Fake Out|p1b: Klefki
|-resisted|p1b: Klefki|1
|-damage|p1b: Klefki|4/100
|cant|p1b: Klefki|flinch
|move|p2b: Froslass|Shadow Ball|p1a: Aggron
|-damage|p1a: Aggron|75/100
|-unboost|p1a: Aggron|spd|1
|move|p1a: Aggron|Iron Defense|p1a: Aggron
|-boost|p1a: Aggron|def|2
|
|-weather|none
|upkeep
|turn|6
|
|t:|1785249946
|move|p1b: Klefki|Reflect|p1b: Klefki
|-sidestart|p1: Mr. Murtzee|Reflect
|move|p2b: Froslass|Shadow Ball|p1a: Aggron
|-damage|p1a: Aggron|36/100
|move|p2a: Incineroar|Flare Blitz|p1a: Aggron
|-supereffective|p1a: Aggron|1
|-damage|p1a: Aggron|25/100
|-damage|p2a: Incineroar|97/100|[from] Recoil
|move|p1a: Aggron|Body Press|p2a: Incineroar
|-supereffective|p2a: Incineroar|1
|-damage|p2a: Incineroar|0 fnt
|faint|p2a: Incineroar
|
|upkeep
|
|t:|1785249957
|switch|p2a: Glimmora|Glimmora, L50, M|100/100
|turn|7
|inactive|Mr. Murtzee has 30 seconds left.
|
|t:|1785249986
|move|p2b: Froslass|Shadow Ball|p1b: Klefki
|-damage|p1b: Klefki|0 fnt
|faint|p1b: Klefki
|move|p2a: Glimmora|Earth Power|p1a: Aggron
|-supereffective|p1a: Aggron|1
|-damage|p1a: Aggron|0 fnt
|faint|p1a: Aggron
|
|win|nupe_123
|raw|Mr. Murtzee's rating: 1043 → 1031(-12 for losing)
|raw|nupe_123's rating: 1133 → 1152(+19 for winning)
|l|☆Mr. Murtzee
|player|p1|
