|j|☆25th_mang
|j|☆Oooo11
|html|25th_mangOooo11    
|uhtml|bestof|Game 1 of a best-of-3
|t:|1784085870
|gametype|doubles
|player|p1|25th_mang|ballguy|1241
|player|p2|Oooo11|1|1137
|gen|9
|tier|[Gen 9 Champions] VGC 2026 Reg M-B (Bo3)
|rated|
|rule|Species Clause: Limit one of each Pokémon
|rule|Item Clause: Limit 1 of each item
|clearpoke
|poke|p1|Blastoise, L50, F|
|poke|p1|Camerupt, L50, M|
|poke|p1|Farigiraf, L50, M|
|poke|p1|Kingambit, L50, M|
|poke|p1|Vanilluxe, L50, M|
|poke|p1|Staraptor, L50, M|
|poke|p2|Charizard, L50, M|
|poke|p2|Garchomp, L50, M|
|poke|p2|Whimsicott, L50, M|
|poke|p2|Gardevoir, L50, F|
|poke|p2|Farigiraf, L50, F|
|poke|p2|Gholdengo, L50|
|teampreview|4
|showteam|p1|Blastoise||Blastoisinite|RainDish|WaterSpout,DarkPulse,AuraSphere,FakeOut|Quiet||F|||50|]Camerupt||Cameruptite|SolidRock|AncientPower,EarthPower,HeatWave,Protect|Quiet||M|||50|]Farigiraf||SitrusBerry|ArmorTail|PsychicFangs,HyperVoice,HelpingHand,TrickRoom|Relaxed||M|||50|]Kingambit||LifeOrb|Defiant|KowtowCleave,IronHead,Protect,SuckerPunch|Brave||M|||50|]Vanilluxe||NeverMeltIce|SnowWarning|Blizzard,FreezeDry,Protect,IceShard|Quiet||M|||50|]Staraptor||ChoiceScarf|Intimidate|FinalGambit,CloseCombat,BraveBird,Uturn|Jolly||M|||50|
|showteam|p2|Charizard||CharizarditeY|Blaze|SolarBeam,Protect,HeatWave,WeatherBall|Timid||M|||50|]Garchomp||LifeOrb|RoughSkin|Protect,Earthquake,DragonClaw,RockSlide|Jolly||M|||50|]Whimsicott||FocusSash|Prankster|Protect,Encore,Moonblast,Tailwind|Bold||M|||50|]Gardevoir||Gardevoirite|Trace|Protect,HyperVoice,Psyshock,AuraSphere|Timid||F|||50|]Farigiraf||SitrusBerry|ArmorTail|Protect,Psychic,Thunderbolt,TrickRoom|Sassy||F|||50|]Gholdengo||ChoiceScarf|GoodasGold|Trick,MakeItRain,ShadowBall,DazzlingGleam|Timid|||||50|
|inactive|Battle timer is ON: inactive players will automatically lose when time's up. (requested by 25th_mang)
|inactive|25th_mang has 60 seconds left.
|
|t:|1784085913
|teamsize|p1|4
|teamsize|p2|4
|start
|switch|p1a: Blind Spot|Farigiraf, L50, M|100/100
|switch|p1b: Haven|Blastoise, L50, F|100/100
|switch|p2a: Whimsicott|Whimsicott, L50, M|100/100
|switch|p2b: Gholdengo|Gholdengo, L50|100/100
|turn|1
|
|t:|1784085938
|switch|p2a: Farigiraf|Farigiraf, L50, F|100/100
|move|p2b: Gholdengo|Shadow Ball|p1b: Haven
|-damage|p1b: Haven|60/100
|-unboost|p1b: Haven|spd|1
|move|p1b: Haven|Dark Pulse|p2b: Gholdengo
|-supereffective|p2b: Gholdengo|1
|-damage|p2b: Gholdengo|46/100
|move|p1a: Blind Spot|Trick Room|p1a: Blind Spot
|-fieldstart|move: Trick Room|[of] p1a: Blind Spot
|
|upkeep
|turn|2
|inactive|25th_mang has 30 seconds left.
|
|t:|1784085965
|switch|p2b: Whimsicott|Whimsicott, L50, M|100/100
|detailschange|p1b: Haven|Blastoise-Mega, L50, F
|-mega|p1b: Haven|Blastoise|Blastoisinite
|move|p1a: Blind Spot|Helping Hand|p1b: Haven
|-singleturn|p1b: Haven|Helping Hand|[of] p1a: Blind Spot
|move|p1b: Haven|Dark Pulse|p2a: Farigiraf
|-supereffective|p2a: Farigiraf|1
|-damage|p2a: Farigiraf|7/100
|-enditem|p2a: Farigiraf|Sitrus Berry|[eat]
|-heal|p2a: Farigiraf|32/100|[from] item: Sitrus Berry
|cant|p2a: Farigiraf|flinch
|
|upkeep
|turn|3
|
|t:|1784085990
|move|p2b: Whimsicott|Protect|p2b: Whimsicott
|-singleturn|p2b: Whimsicott|Protect
|move|p2a: Farigiraf|Protect|p2a: Farigiraf
|-singleturn|p2a: Farigiraf|Protect
|move|p1a: Blind Spot|Hyper Voice|p2b: Whimsicott|[spread] 
|-activate|p2a: Farigiraf|move: Protect
|-activate|p2b: Whimsicott|move: Protect
|move|p1b: Haven|Dark Pulse|p2a: Farigiraf
|-activate|p2a: Farigiraf|move: Protect
|
|upkeep
|turn|4
|
|t:|1784086003
|switch|p1a: 0801|Camerupt, L50, M|100/100
|move|p1b: Haven|Dark Pulse|p2a: Farigiraf
|-supereffective|p2a: Farigiraf|1
|-damage|p2a: Farigiraf|0 fnt
|faint|p2a: Farigiraf
|move|p2b: Whimsicott|Moonblast|p1b: Haven
|-damage|p1b: Haven|27/100
|
|upkeep
|
|t:|1784086013
|switch|p2a: Charizard|Charizard, L50, M|100/100
|turn|5
|
|t:|1784086036
|move|p2b: Whimsicott|Protect|p2b: Whimsicott
|-singleturn|p2b: Whimsicott|Protect
|move|p2a: Charizard|Protect|p2a: Charizard
|-singleturn|p2a: Charizard|Protect
|move|p1a: 0801|Ancient Power|p2a: Charizard
|-activate|p2a: Charizard|move: Protect
|move|p1b: Haven|Water Spout|p2a: Charizard|[spread] 
|-activate|p2a: Charizard|move: Protect
|-activate|p2b: Whimsicott|move: Protect
|
|-fieldend|move: Trick Room
|upkeep
|turn|6
|
|t:|1784086056
|detailschange|p2a: Charizard|Charizard-Mega-Y, L50, M
|-mega|p2a: Charizard|Charizard|Charizardite Y
|-weather|SunnyDay|[from] ability: Drought|[of] p2a: Charizard
|move|p2a: Charizard|Solar Beam||[still]
|-prepare|p2a: Charizard|Solar Beam
|-anim|p2a: Charizard|Solar Beam|p1a: 0801
|-damage|p1a: 0801|41/100
|move|p2b: Whimsicott|Moonblast|p1a: 0801
|-resisted|p1a: 0801|1
|-damage|p1a: 0801|25/100
|move|p1b: Haven|Water Spout|p2a: Charizard|[spread] p2a,p2b
|-supereffective|p2a: Charizard|1
|-resisted|p2b: Whimsicott|1
|-damage|p2a: Charizard|83/100
|-damage|p2b: Whimsicott|94/100
|move|p1a: 0801|Ancient Power|p2a: Charizard
|-supereffective|p2a: Charizard|2
|-damage|p2a: Charizard|3/100
|
|-weather|SunnyDay|[upkeep]
|upkeep
|turn|7
|inactive|25th_mang has 30 seconds left.
|inactive|25th_mang has 20 seconds left.
|inactive|25th_mang has 15 seconds left.
|inactive|25th_mang has 10 seconds left.
|
|t:|1784086104
|move|p1a: 0801|Protect|p1a: 0801
|-singleturn|p1a: 0801|Protect
|move|p2a: Charizard|Heat Wave|p1b: Haven|[spread] p1b
|-activate|p1a: 0801|move: Protect
|-resisted|p1b: Haven|1
|-damage|p1b: Haven|0 fnt
|faint|p1b: Haven
|move|p2b: Whimsicott|Moonblast|p1a: 0801
|-activate|p1a: 0801|move: Protect
|
|-weather|SunnyDay|[upkeep]
|upkeep
|
|t:|1784086126
|switch|p1b: Blind Spot|Farigiraf, L50, M|100/100
|turn|8
|
|t:|1784086147
|switch|p1a: Ta|Vanilluxe, L50, M|100/100
|-weather|Snowscape|[from] ability: Snow Warning|[of] p1a: Ta
|move|p2a: Charizard|Heat Wave|p1a: Ta|[spread] p1a,p1b
|-supereffective|p1a: Ta|1
|-damage|p1a: Ta|11/100
|-damage|p1b: Blind Spot|63/100
|-status|p1a: Ta|brn
|-status|p1b: Blind Spot|brn
|move|p2b: Whimsicott|Moonblast|p1b: Blind Spot
|-damage|p1b: Blind Spot|40/100 brn
|-enditem|p1b: Blind Spot|Sitrus Berry|[eat]
|-heal|p1b: Blind Spot|65/100 brn|[from] item: Sitrus Berry
|move|p1b: Blind Spot|Trick Room|p1b: Blind Spot
|-fieldstart|move: Trick Room|[of] p1b: Blind Spot
|
|-weather|Snowscape|[upkeep]
|-damage|p1b: Blind Spot|59/100 brn|[from] brn
|-damage|p1a: Ta|5/100 brn|[from] brn
|upkeep
|turn|9
|inactive|25th_mang has 30 seconds left.
|inactive|25th_mang has 20 seconds left.
|
|t:|1784086182
|switch|p1a: 0801|Camerupt, L50, M|25/100
|move|p2b: Whimsicott|Protect|p2b: Whimsicott
|-singleturn|p2b: Whimsicott|Protect
|move|p2a: Charizard|Protect|p2a: Charizard
|-singleturn|p2a: Charizard|Protect
|move|p1b: Blind Spot|Hyper Voice|p2a: Charizard|[spread] 
|-activate|p2a: Charizard|move: Protect
|-activate|p2b: Whimsicott|move: Protect
|
|-weather|Snowscape|[upkeep]
|-damage|p1b: Blind Spot|53/100 brn|[from] brn
|upkeep
|turn|10
|inactive|Oooo11 has 30 seconds left.
|
|t:|1784086209
|move|p1a: 0801|Heat Wave|p2a: Charizard|[spread] p2a,p2b
|-resisted|p2a: Charizard|1
|-crit|p2a: Charizard
|-supereffective|p2b: Whimsicott|1
|-damage|p2a: Charizard|0 fnt
|-damage|p2b: Whimsicott|2/100
|faint|p2a: Charizard
|move|p1b: Blind Spot|Hyper Voice|p2b: Whimsicott
|-damage|p2b: Whimsicott|0 fnt
|faint|p2b: Whimsicott
|
|-weather|Snowscape|[upkeep]
|-damage|p1b: Blind Spot|46/100 brn|[from] brn
|upkeep
|-message|Oooo11 forfeited.
|
|win|25th_mang
|l|☆Oooo11
|player|p2|
||Oooo11 is ready for game 2.
