|j|☆shrithegreat
|j|☆baarboo
|html|shrithegreatbaarboo    
|uhtml|bestof|Game 2 of a best-of-3
|t:|1783621895
|gametype|doubles
|player|p1|shrithegreat|1|1250
|player|p2|baarboo|102|1350
|gen|9
|tier|[Gen 9 Champions] VGC 2026 Reg M-B (Bo3)
|rated|
|rule|Species Clause: Limit one of each Pokémon
|rule|Item Clause: Limit 1 of each item
|clearpoke
|poke|p1|Pyroar, L50, F|
|poke|p1|Torkoal, L50, M|
|poke|p1|Floette-Eternal, L50, F|
|poke|p1|Vileplume, L50, F|
|poke|p1|Incineroar, L50, F|
|poke|p1|Farigiraf, L50, M|
|poke|p2|Charizard, L50, F|
|poke|p2|Kingambit, L50, F|
|poke|p2|Sylveon, L50, M|
|poke|p2|Farigiraf, L50, F|
|poke|p2|Garchomp, L50, M|
|poke|p2|Aerodactyl, L50, F|
|teampreview|4
|showteam|p1|Pyroar||Pyroarite|Unnerve|Protect,Overheat,HeatWave,SolarBeam|Timid||F|||50|]Torkoal||Charcoal|Drought|Protect,Eruption,WeatherBall,HelpingHand|Quiet||M|||50|]Floette-Eternal||Floettite|FlowerVeil|Protect,Moonblast,CalmMind,DrainingKiss|Modest||F|||50|]Vileplume||FocusSash|Chlorophyll|SleepPowder,AfterYou,SludgeBomb,SolarBeam|Timid||F|||50|]Incineroar||WhiteHerb|Intimidate|FakeOut,FlareBlitz,DarkestLariat,CloseCombat|Adamant||F|||50|]Farigiraf||SitrusBerry|ArmorTail|HelpingHand,Psychic,Thunderbolt,TrickRoom|Relaxed||M|||50|
|showteam|p2|Charizard||CharizarditeY|SolarPower|SolarBeam,WeatherBall,Protect,HeatWave|Modest||F|||50|]Kingambit||FocusSash|Defiant|KowtowCleave,SuckerPunch,LowKick,IronHead|Adamant||F|||50|]Sylveon||FairyFeather|Pixilate|Detect,HyperBeam,HyperVoice,QuickAttack|Modest||M|||50|]Farigiraf||SitrusBerry|ArmorTail|TrickRoom,TwinBeam,GrassKnot,Thunderbolt|Bold||F|||50|]Garchomp||LifeOrb|RoughSkin|Protect,Earthquake,DragonClaw,StompingTantrum|Jolly||M|||50|]Aerodactyl||Aerodactylite|Unnerve|RockSlide,IceFang,Tailwind,DualWingbeat|Jolly||F|||50|
|inactive|Battle timer is ON: inactive players will automatically lose when time's up. (requested by shrithegreat)
|
|t:|1783621916
|teamsize|p1|4
|teamsize|p2|4
|start
|switch|p1a: Torkoal|Torkoal, L50, M|100/100
|switch|p1b: Vileplume|Vileplume, L50, F|100/100
|switch|p2a: Aerodactyl|Aerodactyl, L50, F|100/100
|switch|p2b: Kingambit|Kingambit, L50, F|100/100
|-ability|p2a: Aerodactyl|Unnerve
|-weather|SunnyDay|[from] ability: Drought|[of] p1a: Torkoal
|turn|1
|
|t:|1783621937
|switch|p1a: Farigiraf|Farigiraf, L50, M|100/100
|detailschange|p2a: Aerodactyl|Aerodactyl-Mega, L50, F
|-mega|p2a: Aerodactyl|Aerodactyl|Aerodactylite
|move|p2b: Kingambit|Sucker Punch||[still]
|cant|p1a: Farigiraf|ability: Armor Tail|Sucker Punch|[of] p2b: Kingambit
|move|p1b: Vileplume|Sleep Powder|p2a: Aerodactyl
|-status|p2a: Aerodactyl|slp|[from] move: Sleep Powder
|cant|p2a: Aerodactyl|slp
|
|-weather|SunnyDay|[upkeep]
|upkeep
|turn|2
|
|t:|1783621951
|switch|p2a: Sylveon|Sylveon, L50, M|100/100
|move|p1b: Vileplume|Sleep Powder|p2b: Kingambit
|-status|p2b: Kingambit|slp|[from] move: Sleep Powder
|cant|p2b: Kingambit|slp
|move|p1a: Farigiraf|Thunderbolt|p2a: Sylveon
|-damage|p2a: Sylveon|80/100
|
|-weather|SunnyDay|[upkeep]
|upkeep
|turn|3
|
|t:|1783621970
|switch|p1a: Torkoal|Torkoal, L50, M|100/100
|move|p2a: Sylveon|Detect|p2a: Sylveon
|-singleturn|p2a: Sylveon|Protect
|move|p1b: Vileplume|Sludge Bomb|p2a: Sylveon
|-activate|p2a: Sylveon|move: Protect
|cant|p2b: Kingambit|slp
|
|-weather|SunnyDay|[upkeep]
|upkeep
|turn|4
|
|t:|1783621980
|-curestatus|p2b: Kingambit|slp|[msg]
|move|p2b: Kingambit|Sucker Punch|p1a: Torkoal
|-damage|p1a: Torkoal|69/100
|move|p1b: Vileplume|After You|p1a: Torkoal
|-activate|p1a: Torkoal|move: After You
|move|p1a: Torkoal|Eruption|p2b: Kingambit|[spread] p2a,p2b
|-supereffective|p2b: Kingambit|1
|-damage|p2a: Sylveon|27/100
|-enditem|p2b: Kingambit|Focus Sash
|-damage|p2b: Kingambit|1/100
|move|p2a: Sylveon|Hyper Voice|p1a: Torkoal|[spread] p1a,p1b
|-resisted|p1a: Torkoal|1
|-resisted|p1b: Vileplume|1
|-damage|p1a: Torkoal|37/100
|-damage|p1b: Vileplume|71/100
|
|-weather|SunnyDay|[upkeep]
|upkeep
|turn|5
|inactive|shrithegreat has 30 seconds left.
|
|t:|1783622012
|switch|p2a: Aerodactyl|Aerodactyl-Mega, L50, F|100/100 slp
|switch|p1a: Farigiraf|Farigiraf, L50, M|100/100
|move|p1b: Vileplume|Solar Beam||[still]
|-prepare|p1b: Vileplume|Solar Beam
|-anim|p1b: Vileplume|Solar Beam|p2b: Kingambit
|-resisted|p2b: Kingambit|1
|-damage|p2b: Kingambit|0 fnt
|faint|p2b: Kingambit
|
|-weather|none
|upkeep
|
|t:|1783622019
|switch|p2b: Garchomp|Garchomp, L50, M|100/100
|turn|6
|inactive|shrithegreat has 30 seconds left.
|
|t:|1783622050
|switch|p1a: Torkoal|Torkoal, L50, M|37/100
|-weather|SunnyDay|[from] ability: Drought|[of] p1a: Torkoal
|move|p1b: Vileplume|Sleep Powder|p2b: Garchomp|[miss]
|-miss|p1b: Vileplume|p2b: Garchomp
|cant|p2a: Aerodactyl|slp
|move|p2b: Garchomp|Earthquake|p1b: Vileplume|[spread] p1a,p1b
|-immune|p2a: Aerodactyl
|-supereffective|p1a: Torkoal|1
|-damage|p1a: Torkoal|0 fnt
|-damage|p1b: Vileplume|5/100
|faint|p1a: Torkoal
|-damage|p2b: Garchomp|90/100|[from] item: Life Orb
|
|-weather|SunnyDay|[upkeep]
|upkeep
|
|t:|1783622063
|switch|p1a: Floette|Floette-Eternal, L50, F|100/100
|turn|7
|
|t:|1783622075
|detailschange|p1a: Floette|Floette-Mega, L50, F
|-mega|p1a: Floette|Floette|Floettite
|-ability|p1a: Floette|Fairy Aura
|move|p2b: Garchomp|Protect|p2b: Garchomp
|-singleturn|p2b: Garchomp|Protect
|move|p1b: Vileplume|Sleep Powder|p2b: Garchomp
|-activate|p2b: Garchomp|move: Protect
|-curestatus|p2a: Aerodactyl|slp|[msg]
|move|p2a: Aerodactyl|Tailwind|p2a: Aerodactyl
|-sidestart|p2: baarboo|move: Tailwind
|move|p1a: Floette|Calm Mind|p1a: Floette
|-boost|p1a: Floette|spa|1
|-boost|p1a: Floette|spd|1
|
|-weather|SunnyDay|[upkeep]
|upkeep
|turn|8
|inactive|shrithegreat has 30 seconds left.
|
|t:|1783622101
|switch|p1b: Farigiraf|Farigiraf, L50, M|100/100
|move|p2a: Aerodactyl|Rock Slide|p1b: Farigiraf|[spread] p1a,p1b
|-damage|p1a: Floette|71/100
|-damage|p1b: Farigiraf|79/100
|move|p2b: Garchomp|Earthquake|p1a: Floette|[spread] p1a,p1b
|-immune|p2a: Aerodactyl
|-damage|p1a: Floette|18/100
|-damage|p1b: Farigiraf|38/100
|-enditem|p1b: Farigiraf|Sitrus Berry|[eat]
|-heal|p1b: Farigiraf|63/100|[from] item: Sitrus Berry
|-damage|p2b: Garchomp|80/100|[from] item: Life Orb
|move|p1a: Floette|Draining Kiss|p2b: Garchomp
|-supereffective|p2b: Garchomp|1
|-damage|p2b: Garchomp|0 fnt
|-heal|p1a: Floette|80/100|[from] drain|[of] p2b: Garchomp
|-damage|p1a: Floette|67/100|[from] ability: Rough Skin|[of] p2b: Garchomp
|faint|p2b: Garchomp
|
|-weather|SunnyDay|[upkeep]
|upkeep
|
|t:|1783622106
|switch|p2b: Sylveon|Sylveon, L50, M|27/100
|turn|9
|inactive|shrithegreat has 30 seconds left.
|inactive|shrithegreat has 20 seconds left.
|inactive|shrithegreat has 15 seconds left.
|
|t:|1783622149
|move|p2a: Aerodactyl|Rock Slide|p1b: Farigiraf|[spread] p1a,p1b
|-damage|p1a: Floette|35/100
|-damage|p1b: Farigiraf|44/100
|move|p2b: Sylveon|Hyper Beam|p1a: Floette
|-damage|p1a: Floette|0 fnt
|-mustrecharge|p2b: Sylveon
|faint|p1a: Floette
|move|p1b: Farigiraf|Trick Room|p1b: Farigiraf
|-fieldstart|move: Trick Room|[of] p1b: Farigiraf
|
|-weather|SunnyDay|[upkeep]
|upkeep
|
|t:|1783622158
|switch|p1a: Vileplume|Vileplume, L50, F|5/100
|turn|10
|
|t:|1783622173
|move|p1b: Farigiraf|Thunderbolt|p2a: Aerodactyl
|-supereffective|p2a: Aerodactyl|1
|-damage|p2a: Aerodactyl|52/100
|cant|p2b: Sylveon|recharge
|move|p1a: Vileplume|Solar Beam||[still]
|-prepare|p1a: Vileplume|Solar Beam
|-anim|p1a: Vileplume|Solar Beam|p2a: Aerodactyl
|-damage|p2a: Aerodactyl|0 fnt
|faint|p2a: Aerodactyl
|
|-weather|none
|-sideend|p2: baarboo|move: Tailwind
|upkeep
|turn|11
|
|t:|1783622193
|move|p1b: Farigiraf|Psychic|p2b: Sylveon
|-damage|p2b: Sylveon|0 fnt
|faint|p2b: Sylveon
|
|win|shrithegreat
||baarboo is ready for game 3.
||shrithegreat is ready for game 3.
|uhtml|next|Next: Game 3 of 3
|l|☆baarboo
|player|p2|
|l|☆shrithegreat
|player|p1|
|j|☆baarboo
|player|p2|baarboo|102|
