|j|☆testdigi
|j|☆Pojhbmm
|html|testdigiPojhbmm    
|uhtml|bestof|Game 1 of a best-of-3
|t:|1784830119
|gametype|doubles
|player|p1|testdigi|101|1048
|player|p2|Pojhbmm|170|1000
|gen|9
|tier|[Gen 9 Champions] VGC 2026 Reg M-B (Bo3)
|rated|
|rule|Species Clause: Limit one of each Pokémon
|rule|Item Clause: Limit 1 of each item
|clearpoke
|poke|p1|Raichu, L50, M|
|poke|p1|Toxapex, L50, F|
|poke|p1|Mamoswine, L50, F|
|poke|p1|Sylveon, L50, M|
|poke|p1|Corviknight, L50, F|
|poke|p1|Basculegion, L50, M|
|poke|p2|Metagross, L50|
|poke|p2|Charizard, L50, M|
|poke|p2|Toxapex, L50, M|
|poke|p2|Garchomp, L50, F|
|poke|p2|Grimmsnarl, L50, M|
|poke|p2|Hydreigon, L50, F|
|teampreview|4
|showteam|p1|Raichu||RaichuniteY|LightningRod|ZapCannon,FocusBlast,FakeOut,Protect|Timid||M|||50|]Toxapex||Leftovers|Regenerator|Infestation,Toxic,WideGuard,BanefulBunker|Relaxed||F|||50|]Mamoswine||LifeOrb|Oblivious|StompingTantrum,IceShard,RockSlide,Protect|Jolly||F|||50|]Sylveon||FairyFeather|Pixilate|HyperVoice,QuickAttack,Yawn,Detect|Modest||M|||50|]Corviknight||OccaBerry|MirrorArmor|IronHead,BraveBird,Tailwind,Protect|Adamant||F|||50|]Basculegion||FocusSash|Adaptability|LastRespects,Liquidation,AquaJet,Protect|Adamant||M|||50|
|showteam|p2|Metagross||Metagrossite|ClearBody|IronHead,BulletPunch,HammerArm,Protect|Adamant|||||50|]Charizard||CharizarditeY|Blaze|WeatherBall,HeatWave,SolarBeam,Protect|Timid||M|||50|]Toxapex||Leftovers|Regenerator|Toxic,Infestation,WideGuard,BanefulBunker|Bold||M|||50|]Garchomp||SitrusBerry|RoughSkin|Earthquake,RockSlide,DragonClaw,Protect|Adamant||F|||50|]Grimmsnarl||RoseliBerry|Prankster|FakeOut,FoulPlay,Reflect,PartingShot|Sassy||M|||50|]Hydreigon||ChoiceScarf|Levitate|HeatWave,DarkPulse,DracoMeteor,Snarl|Modest||F|||50|
|inactive|Battle timer is ON: inactive players will automatically lose when time's up. (requested by testdigi)
|
|t:|1784830175
|teamsize|p1|4
|teamsize|p2|4
|start
|switch|p1a: Corviknight|Corviknight, L50, F|100/100
|switch|p1b: Raichu|Raichu, L50, M|100/100
|switch|p2a: Garchomp|Garchomp, L50, F|100/100
|switch|p2b: Grimmsnarl|Grimmsnarl, L50, M|100/100
|turn|1
|inactive|Pojhbmm has 30 seconds left.
|
|t:|1784830203
|detailschange|p1b: Raichu|Raichu-Mega-Y, L50, M
|-mega|p1b: Raichu|Raichu|Raichunite Y
|move|p1b: Raichu|Protect|p1b: Raichu
|-singleturn|p1b: Raichu|Protect
|move|p2b: Grimmsnarl|Fake Out|p1a: Corviknight
|-resisted|p1a: Corviknight|1
|-damage|p1a: Corviknight|95/100
|move|p2a: Garchomp|Earthquake|p1a: Corviknight|[spread] p2b
|-activate|p1b: Raichu|move: Protect
|-immune|p1a: Corviknight
|-damage|p2b: Grimmsnarl|59/100
|cant|p1a: Corviknight|flinch
|
|upkeep
|turn|2
|
|t:|1784830222
|move|p2b: Grimmsnarl|Parting Shot|p1b: Raichu
|-unboost|p1b: Raichu|atk|1
|-unboost|p1b: Raichu|spa|1
|
|t:|1784830229
|switch|p2b: Charizard|Charizard, L50, M|100/100|[from] Parting Shot
|move|p1b: Raichu|Focus Blast|p2a: Garchomp
|-damage|p2a: Garchomp|72/100
|move|p2a: Garchomp|Earthquake|p1b: Raichu|[spread] p1b
|-immune|p2b: Charizard
|-immune|p1a: Corviknight
|-supereffective|p1b: Raichu|1
|-damage|p1b: Raichu|0 fnt
|faint|p1b: Raichu
|move|p1a: Corviknight|Tailwind|p1a: Corviknight
|-sidestart|p1: testdigi|move: Tailwind
|
|upkeep
|
|t:|1784830239
|switch|p1b: Mamoswine|Mamoswine, L50, F|100/100
|turn|3
|inactive|testdigi has 30 seconds left.
|
|t:|1784830274
|switch|p2a: Toxapex|Toxapex, L50, M|100/100
|move|p2b: Charizard|Protect|p2b: Charizard
|-singleturn|p2b: Charizard|Protect
|move|p1b: Mamoswine|Rock Slide|p2b: Charizard|[spread] p2a
|-activate|p2b: Charizard|move: Protect
|-damage|p2a: Toxapex|83/100
|-damage|p1b: Mamoswine|90/100|[from] item: Life Orb
|move|p1a: Corviknight|Iron Head|p2a: Toxapex
|-resisted|p2a: Toxapex|1
|-damage|p2a: Toxapex|71/100
|
|-heal|p2a: Toxapex|77/100|[from] item: Leftovers
|upkeep
|turn|4
|
|t:|1784830290
|detailschange|p2b: Charizard|Charizard-Mega-Y, L50, M
|-mega|p2b: Charizard|Charizard|Charizardite Y
|-weather|SunnyDay|[from] ability: Drought|[of] p2b: Charizard
|move|p2a: Toxapex|Wide Guard|p2a: Toxapex
|-singleturn|p2a: Toxapex|Wide Guard
|move|p1b: Mamoswine|Stomping Tantrum|p2a: Toxapex
|-supereffective|p2a: Toxapex|1
|-damage|p2a: Toxapex|6/100
|-damage|p1b: Mamoswine|80/100|[from] item: Life Orb
|move|p1a: Corviknight|Brave Bird|p2b: Charizard
|-damage|p2b: Charizard|49/100
|-damage|p1a: Corviknight|81/100|[from] Recoil
|move|p2b: Charizard|Heat Wave|p1b: Mamoswine|[spread] p1a,p1b
|-supereffective|p1a: Corviknight|1
|-enditem|p1a: Corviknight|Occa Berry|[eat]
|-enditem|p1a: Corviknight|Occa Berry|[weaken]
|-supereffective|p1b: Mamoswine|1
|-damage|p1a: Corviknight|28/100
|-damage|p1b: Mamoswine|0 fnt
|faint|p1b: Mamoswine
|
|-weather|SunnyDay|[upkeep]
|-heal|p2a: Toxapex|12/100|[from] item: Leftovers
|upkeep
|
|t:|1784830293
|switch|p1b: Basculegion|Basculegion, L50, M|100/100
|turn|5
|inactive|Pojhbmm has 30 seconds left.
|inactive|Pojhbmm has 20 seconds left.
|
|t:|1784830331
|switch|p2b: Garchomp|Garchomp, L50, F|72/100
|move|p1b: Basculegion|Last Respects|p2b: Garchomp
|-damage|p2b: Garchomp|0 fnt
|faint|p2b: Garchomp
|move|p1a: Corviknight|Brave Bird|p2a: Toxapex
|-crit|p2a: Toxapex
|-damage|p2a: Toxapex|0 fnt
|faint|p2a: Toxapex
|-damage|p1a: Corviknight|25/100|[from] Recoil
|
|-weather|SunnyDay|[upkeep]
|-sideend|p1: testdigi|move: Tailwind
|upkeep
|
|t:|1784830337
|switch|p2b: Charizard|Charizard-Mega-Y, L50, M|49/100
|switch|p2a: Grimmsnarl|Grimmsnarl, L50, M|59/100
|turn|6
|
|t:|1784830352
|move|p1b: Basculegion|Protect|p1b: Basculegion
|-singleturn|p1b: Basculegion|Protect
|move|p1a: Corviknight|Protect|p1a: Corviknight
|-singleturn|p1a: Corviknight|Protect
|move|p2a: Grimmsnarl|Reflect|p2a: Grimmsnarl
|-sidestart|p2: Pojhbmm|Reflect
|move|p2b: Charizard|Heat Wave|p1a: Corviknight|[spread] 
|-activate|p1a: Corviknight|move: Protect
|-activate|p1b: Basculegion|move: Protect
|
|-weather|SunnyDay|[upkeep]
|upkeep
|turn|7
|
|t:|1784830365
|move|p2b: Charizard|Heat Wave|p1b: Basculegion|[spread] p1a,p1b
|-supereffective|p1a: Corviknight|1
|-resisted|p1b: Basculegion|1
|-damage|p1a: Corviknight|0 fnt
|-damage|p1b: Basculegion|70/100
|faint|p1a: Corviknight
|move|p1b: Basculegion|Last Respects|p2b: Charizard
|-crit|p2b: Charizard
|-damage|p2b: Charizard|0 fnt
|faint|p2b: Charizard
|move|p2a: Grimmsnarl|Foul Play|p1b: Basculegion
|-supereffective|p1b: Basculegion|1
|-damage|p1b: Basculegion|0 fnt
|faint|p1b: Basculegion
|
|win|Pojhbmm
||testdigi is ready for game 2.
|l|☆Pojhbmm
|player|p2|
||Pojhbmm is ready for game 2.
|uhtml|next|Next: Game 2 of 3
