|j|☆conmur313
|j|☆andiom123
|html|conmur313andiom123    
|uhtml|bestof|Game 1 of a best-of-3
|t:|1784772963
|gametype|doubles
|player|p1|conmur313|linebacker|1147
|player|p2|andiom123|red|1079
|gen|9
|tier|[Gen 9 Champions] VGC 2026 Reg M-B (Bo3)
|rated|
|rule|Species Clause: Limit one of each Pokémon
|rule|Item Clause: Limit 1 of each item
|clearpoke
|poke|p1|Farigiraf, L50, M|
|poke|p1|Scrafty, L50, F, shiny|
|poke|p1|Torkoal, L50, M|
|poke|p1|Vileplume, L50, F|
|poke|p1|Sylveon, L50, F|
|poke|p1|Staraptor, L50, M|
|poke|p2|Incineroar, L50, F|
|poke|p2|Farigiraf, L50, M|
|poke|p2|Sylveon, L50, M|
|poke|p2|Torkoal, L50, M|
|poke|p2|Kangaskhan, L50, F|
|poke|p2|Mudsdale, L50, M|
|teampreview|4
|showteam|p1|Farigiraf||SitrusBerry|ArmorTail|Protect,Thunderbolt,TwinBeam,TrickRoom|Sassy||M|||50|]Scrafty||Scraftinite|Intimidate|FakeOut,IronHead,KnockOff,CloseCombat|Brave||F|||50|]Torkoal||Charcoal|Drought|HeatWave,WeatherBall,Eruption,Protect|Quiet||M|||50|]Vileplume||FocusSash|Chlorophyll|SludgeBomb,SleepPowder,AfterYou,LeafStorm|Serious||F|||50|]Sylveon||FairyFeather|Pixilate|HyperVoice,QuickAttack,HyperBeam,Detect|Quiet||F|||50|]Staraptor||ChoiceScarf|Intimidate|BraveBird,CloseCombat,Uturn,FinalGambit|Jolly||M|||50|
|showteam|p2|Incineroar||MuscleBand|Intimidate|ThroatChop,FlareBlitz,FakeOut,PartingShot|Brave||F|||50|]Farigiraf||SitrusBerry|ArmorTail|FoulPlay,PsychicNoise,TrickRoom,HelpingHand|Relaxed||M|||50|]Sylveon||FairyFeather|Pixilate|HyperVoice,HyperBeam,Yawn,Detect|Modest||M|||50|]Torkoal||Charcoal|Drought|Eruption,EarthPower,Flamethrower,Protect|Quiet||M|||50|]Kangaskhan||Kangaskhanite|Scrappy|DoubleEdge,FakeOut,IcePunch,HammerArm|Brave||F|||50|]Mudsdale||LifeOrb|InnerFocus|HighHorsepower,Earthquake,RockSlide,HeavySlam|Brave||M|||50|
|
|t:|1784772991
|teamsize|p1|4
|teamsize|p2|4
|start
|switch|p1a: Staraptor|Staraptor, L50, M|100/100
|switch|p1b: Farigiraf|Farigiraf, L50, M|100/100
|switch|p2a: Kangaskhan|Kangaskhan, L50, F|100/100
|switch|p2b: Sylveon|Sylveon, L50, M|100/100
|-ability|p1a: Staraptor|Intimidate|boost
|-fail|p2a: Kangaskhan|unboost|Attack|[from] ability: Scrappy|[of] p2a: Kangaskhan
|-unboost|p2b: Sylveon|atk|1
|turn|1
|
|t:|1784773028
|detailschange|p2a: Kangaskhan|Kangaskhan-Mega, L50, F
|-mega|p2a: Kangaskhan|Kangaskhan|Kangaskhanite
|move|p1a: Staraptor|Final Gambit|p2b: Sylveon
|-damage|p2b: Sylveon|0 fnt
|faint|p1a: Staraptor
|faint|p2b: Sylveon
|move|p2a: Kangaskhan|Double-Edge|p1b: Farigiraf
|-damage|p1b: Farigiraf|35/100
|-enditem|p1b: Farigiraf|Sitrus Berry|[eat]
|-heal|p1b: Farigiraf|60/100|[from] item: Sitrus Berry
|-damage|p1b: Farigiraf|44/100
|-hitcount|p1b: Farigiraf|2
|-damage|p2a: Kangaskhan|71/100|[from] Recoil
|move|p1b: Farigiraf|Twin Beam|p2a: Kangaskhan
|-damage|p2a: Kangaskhan|59/100
|-damage|p2a: Kangaskhan|48/100
|-hitcount|p2a: Kangaskhan|2
|
|upkeep
|
|t:|1784773045
|switch|p1a: Scrafty|Scrafty, L50, F, shiny|100/100
|switch|p2b: Mudsdale|Mudsdale, L50, M|100/100
|-ability|p1a: Scrafty|Intimidate|boost
|-unboost|p2a: Kangaskhan|atk|1
|-fail|p2b: Mudsdale|unboost|Attack|[from] ability: Inner Focus|[of] p2b: Mudsdale
|turn|2
|
|t:|1784773070
|switch|p2b: Farigiraf|Farigiraf, L50, M|100/100
|detailschange|p1a: Scrafty|Scrafty-Mega, L50, F, shiny
|-mega|p1a: Scrafty|Scrafty|Scraftinite
|-ability|p1a: Scrafty|Intimidate|boost
|-unboost|p2a: Kangaskhan|atk|1
|-unboost|p2b: Farigiraf|atk|1
|move|p1a: Scrafty|Fake Out||[still]
|cant|p2b: Farigiraf|ability: Armor Tail|Fake Out|[of] p1a: Scrafty
|move|p2a: Kangaskhan|Hammer Arm|p1a: Scrafty
|-supereffective|p1a: Scrafty|1
|-damage|p1a: Scrafty|70/100
|-unboost|p2a: Kangaskhan|spe|1
|-supereffective|p1a: Scrafty|1
|-damage|p1a: Scrafty|63/100
|-unboost|p2a: Kangaskhan|spe|1
|-hitcount|p1a: Scrafty|2
|move|p1b: Farigiraf|Twin Beam|p2b: Farigiraf
|-resisted|p2b: Farigiraf|1
|-damage|p2b: Farigiraf|93/100
|-resisted|p2b: Farigiraf|1
|-damage|p2b: Farigiraf|86/100
|-hitcount|p2b: Farigiraf|2
|
|upkeep
|turn|3
|
|t:|1784773096
|switch|p2b: Mudsdale|Mudsdale, L50, M|100/100
|move|p1a: Scrafty|Knock Off|p2b: Mudsdale
|-damage|p2b: Mudsdale|53/100
|-enditem|p2b: Mudsdale|Life Orb|[from] move: Knock Off|[of] p1a: Scrafty
|move|p1b: Farigiraf|Twin Beam|p2a: Kangaskhan
|-crit|p2a: Kangaskhan
|-damage|p2a: Kangaskhan|28/100
|-damage|p2a: Kangaskhan|16/100
|-hitcount|p2a: Kangaskhan|2
|move|p2a: Kangaskhan|Hammer Arm|p1a: Scrafty
|-supereffective|p1a: Scrafty|1
|-damage|p1a: Scrafty|30/100
|-unboost|p2a: Kangaskhan|spe|1
|-supereffective|p1a: Scrafty|1
|-damage|p1a: Scrafty|23/100
|-unboost|p2a: Kangaskhan|spe|1
|-hitcount|p1a: Scrafty|2
|
|upkeep
|turn|4
|
|t:|1784773121
|move|p1a: Scrafty|Knock Off|p2b: Mudsdale
|-damage|p2b: Mudsdale|23/100
|move|p1b: Farigiraf|Twin Beam|p2a: Kangaskhan
|-damage|p2a: Kangaskhan|3/100
|-crit|p2a: Kangaskhan
|-damage|p2a: Kangaskhan|0 fnt
|faint|p2a: Kangaskhan
|-hitcount|p2: Kangaskhan|2
|move|p2b: Mudsdale|High Horsepower|p1a: Scrafty
|-damage|p1a: Scrafty|0 fnt
|faint|p1a: Scrafty
|
|upkeep
|
|t:|1784773132
|switch|p2a: Farigiraf|Farigiraf, L50, M|86/100
|switch|p1a: Torkoal|Torkoal, L50, M|100/100
|-weather|SunnyDay|[from] ability: Drought|[of] p1a: Torkoal
|turn|5
|
|t:|1784773143
|move|p2a: Farigiraf|Foul Play|p1b: Farigiraf
|-supereffective|p1b: Farigiraf|1
|-damage|p1b: Farigiraf|9/100
|move|p1b: Farigiraf|Twin Beam|p2b: Mudsdale
|-damage|p2b: Mudsdale|8/100
|-damage|p2b: Mudsdale|0 fnt
|faint|p2b: Mudsdale
|-hitcount|p2: Mudsdale|2
|move|p1a: Torkoal|Weather Ball|p2a: Farigiraf
|-damage|p2a: Farigiraf|11/100
|-enditem|p2a: Farigiraf|Sitrus Berry|[eat]
|-heal|p2a: Farigiraf|36/100|[from] item: Sitrus Berry
|
|-weather|SunnyDay|[upkeep]
|upkeep
|turn|6
|-message|andiom123 forfeited.
|
|win|conmur313
||conmur313 is ready for game 2.
||andiom123 is ready for game 2.
|uhtml|next|Next: Game 2 of 3
|l|☆conmur313
|player|p1|
