|j|☆MaxUtrecht
|j|☆LorGhez
|html|MaxUtrechtLorGhez    
|uhtml|bestof|Game 3 of a best-of-3
|t:|1783190228
|gametype|doubles
|player|p1|MaxUtrecht|lucas|1163
|player|p2|LorGhez|265|1152
|gen|9
|tier|[Gen 9 Champions] VGC 2026 Reg M-B (Bo3)
|rated|
|rule|Species Clause: Limit one of each Pokémon
|rule|Item Clause: Limit 1 of each item
|clearpoke
|poke|p1|Floette-Eternal, L50, F|
|poke|p1|Aerodactyl, L50, M|
|poke|p1|Charizard, L50, F|
|poke|p1|Aegislash, L50, F|
|poke|p1|Maushold-Four, L50|
|poke|p1|Sinistcha-Masterpiece, L50|
|poke|p2|Venusaur, L50, F|
|poke|p2|Incineroar, L50, F|
|poke|p2|Primarina, L50, M|
|poke|p2|Aerodactyl, L50, F|
|poke|p2|Kingambit, L50, M|
|poke|p2|Farigiraf, L50, M|
|teampreview|4
|showteam|p1|Floette-Eternal||Floettite|FlowerVeil|Moonblast,DazzlingGleam,CalmMind,Protect|Timid||F|||50|]Aerodactyl||FocusSash|Unnerve|DualWingbeat,RockSlide,Tailwind,WideGuard|Jolly||M|||50|]Charizard||CharizarditeY|SolarPower|HeatWave,SolarBeam,AirSlash,Protect|Timid||F|||50|]Aegislash||Leftovers|StanceChange|Poltergeist,IronHead,ShadowSneak,KingsShield|Adamant||F|||50|]Maushold-Four||SitrusBerry|FriendGuard|SuperFang,FollowMe,Encore,Protect|Timid|||||50|]Sinistcha-Masterpiece||KasibBerry|Hospitality|MatchaGotcha,RagePowder,TrickRoom,ShadowBall|Relaxed|||||50|
|showteam|p2|Venusaur||Venusaurite|Chlorophyll|Protect,GigaDrain,SludgeBomb,EarthPower|Modest||F|||50|]Incineroar||Charcoal|Intimidate|FakeOut,PartingShot,CloseCombat,FlareBlitz|Adamant||F|||50|]Primarina||LifeOrb|LiquidVoice|Protect,CalmMind,HyperVoice,Moonblast|Modest||M|||50|]Aerodactyl||Aerodactylite|Unnerve|DualWingbeat,Tailwind,RockSlide,IceFang|Adamant||F|||50|]Kingambit||BlackGlasses|Defiant|Protect,SuckerPunch,KowtowCleave,SwordsDance|Adamant||M|||50|]Farigiraf||ColburBerry|ArmorTail|TwinBeam,TrickRoom,Thunderbolt,HelpingHand|Sassy||M|||50|
|inactive|Battle timer is ON: inactive players will automatically lose when time's up. (requested by LorGhez)
|
|t:|1783190254
|teamsize|p1|4
|teamsize|p2|4
|start
|switch|p1a: Floette|Floette-Eternal, L50, F|100/100
|switch|p1b: Aegislash|Aegislash, L50, F|100/100
|switch|p2a: Aerodactyl|Aerodactyl, L50, F|100/100
|switch|p2b: Primarina|Primarina, L50, M|100/100
|-ability|p2a: Aerodactyl|Unnerve
|turn|1
|
|t:|1783190276
|move|p1a: Floette|Protect|p1a: Floette
|-singleturn|p1a: Floette|Protect
|move|p2a: Aerodactyl|Tailwind|p2a: Aerodactyl
|-sidestart|p2: LorGhez|move: Tailwind
|move|p2b: Primarina|Calm Mind|p2b: Primarina
|-boost|p2b: Primarina|spa|1
|-boost|p2b: Primarina|spd|1
|-formechange|p1b: Aegislash|Aegislash-Blade|
|move|p1b: Aegislash|Iron Head|p2a: Aerodactyl
|-supereffective|p2a: Aerodactyl|1
|-damage|p2a: Aerodactyl|0 fnt
|faint|p2a: Aerodactyl
|
|upkeep
|
|t:|1783190287
|switch|p2a: Venusaur|Venusaur, L50, F|100/100
|turn|2
|
|t:|1783190308
|switch|p1a: Sinistcha|Sinistcha-Masterpiece, L50|100/100
|detailschange|p2a: Venusaur|Venusaur-Mega, L50, F
|-mega|p2a: Venusaur|Venusaur|Venusaurite
|-formechange|p1b: Aegislash|Aegislash|
|move|p1b: Aegislash|King's Shield|p1b: Aegislash
|-singleturn|p1b: Aegislash|Protect
|move|p2a: Venusaur|Sludge Bomb|p1a: Sinistcha
|-damage|p1a: Sinistcha|50/100g
|-status|p1a: Sinistcha|psn
|move|p2b: Primarina|Hyper Voice|p1b: Aegislash|[spread] p1a
|-activate|p1b: Aegislash|move: Protect
|-resisted|p1a: Sinistcha|1
|-damage|p1a: Sinistcha|14/100 psn
|-damage|p2b: Primarina|90/100|[from] item: Life Orb
|
|-damage|p1a: Sinistcha|2/100 psn|[from] psn
|upkeep
|turn|3
|inactive|MaxUtrecht has 30 seconds left.
|
|t:|1783190333
|move|p1a: Sinistcha|Rage Powder|p1a: Sinistcha
|-singleturn|p1a: Sinistcha|move: Rage Powder
|move|p2a: Venusaur|Earth Power|p1b: Aegislash
|-supereffective|p1b: Aegislash|1
|-damage|p1b: Aegislash|50/100g
|move|p2b: Primarina|Hyper Voice|p1a: Sinistcha|[spread] p1a,p1b
|-resisted|p1a: Sinistcha|1
|-damage|p1a: Sinistcha|0 fnt
|-damage|p1b: Aegislash|4/100
|faint|p1a: Sinistcha
|-damage|p2b: Primarina|81/100|[from] item: Life Orb
|-formechange|p1b: Aegislash|Aegislash-Blade|
|move|p1b: Aegislash|Poltergeist|p2b: Primarina
|-activate|p2b: Primarina|move: Poltergeist|Life Orb
|-damage|p2b: Primarina|18/100
|
|-heal|p1b: Aegislash|10/100|[from] item: Leftovers
|upkeep
|
|t:|1783190349
|switch|p1a: Aerodactyl|Aerodactyl, L50, M|100/100
|-ability|p1a: Aerodactyl|Unnerve
|turn|4
|
|t:|1783190362
|move|p1b: Aegislash|Shadow Sneak|p2b: Primarina
|-damage|p2b: Primarina|0 fnt
|faint|p2b: Primarina
|move|p2a: Venusaur|Giga Drain|p1a: Aerodactyl
|-crit|p1a: Aerodactyl
|-damage|p1a: Aerodactyl|14/100
|move|p1a: Aerodactyl|Tailwind|p1a: Aerodactyl
|-sidestart|p1: MaxUtrecht|move: Tailwind
|
|-heal|p1b: Aegislash|16/100|[from] item: Leftovers
|-sideend|p2: LorGhez|move: Tailwind
|upkeep
|
|t:|1783190372
|switch|p2b: Incineroar|Incineroar, L50, F|100/100
|-ability|p2b: Incineroar|Intimidate|boost
|-unboost|p1a: Aerodactyl|atk|1
|-unboost|p1b: Aegislash|atk|1
|turn|5
|
|t:|1783190388
|switch|p1a: Floette|Floette-Eternal, L50, F|100/100
|move|p2b: Incineroar|Fake Out|p1a: Floette
|-crit|p1a: Floette
|-damage|p1a: Floette|69/100
|move|p1b: Aegislash|Poltergeist|p2a: Venusaur
|-activate|p2a: Venusaur|move: Poltergeist|Venusaurite
|-damage|p2a: Venusaur|59/100
|move|p2a: Venusaur|Earth Power|p1b: Aegislash
|-supereffective|p1b: Aegislash|1
|-damage|p1b: Aegislash|0 fnt
|faint|p1b: Aegislash
|
|upkeep
|
|t:|1783190400
|switch|p1b: Aerodactyl|Aerodactyl, L50, M|14/100
|-ability|p1b: Aerodactyl|Unnerve
|turn|6
|
|t:|1783190415
|detailschange|p1a: Floette|Floette-Mega, L50, F
|-mega|p1a: Floette|Floette|Floettite
|-ability|p1a: Floette|Fairy Aura
|move|p2a: Venusaur|Protect|p2a: Venusaur
|-singleturn|p2a: Venusaur|Protect
|move|p1b: Aerodactyl|Rock Slide|p2b: Incineroar|[spread] p2b
|-activate|p2a: Venusaur|move: Protect
|-supereffective|p2b: Incineroar|1
|-damage|p2b: Incineroar|55/100
|move|p1a: Floette|Moonblast|p2b: Incineroar
|-damage|p2b: Incineroar|0 fnt
|faint|p2b: Incineroar
|
|upkeep
|turn|7
|inactive|LorGhez has 30 seconds left.
|
|t:|1783190450
|move|p1b: Aerodactyl|Dual Wingbeat|p2a: Venusaur
|-supereffective|p2a: Venusaur|1
|-damage|p2a: Venusaur|30/100
|-supereffective|p2a: Venusaur|1
|-damage|p2a: Venusaur|0 fnt
|faint|p2a: Venusaur
|-hitcount|p2: Venusaur|2
|
|win|MaxUtrecht
|raw|MaxUtrecht's rating: 1163 → 1187(+24 for winning)
|raw|LorGhez's rating: 1152 → 1128(-24 for losing)
|l|☆MaxUtrecht
|player|p1|
