|j|☆angelbee21
|j|☆Pyos
|html|angelbee21Pyos    
|uhtml|bestof|Game 2 of a best-of-3
|t:|1757123704
|gametype|doubles
|player|p1|angelbee21|lenora|1196
|player|p2|Pyos|tulip|1270
|gen|9
|tier|[Gen 9] VGC 2025 Reg H (Bo3)
|rated|
|rule|Species Clause: Limit one of each Pokémon
|rule|Item Clause: Limit 1 of each item
|clearpoke
|poke|p1|Flamigo, L50, M|
|poke|p1|Garchomp, L50, M|
|poke|p1|Kingambit, L50, F|
|poke|p1|Typhlosion-Hisui, L50, F|
|poke|p1|Ninetales-Alola, L50, F|
|poke|p1|Rillaboom, L50, F|
|poke|p2|Maushold, L50|
|poke|p2|Archaludon, L50, F|
|poke|p2|Incineroar, L50, M|
|poke|p2|Pelipper, L50, M|
|poke|p2|Rillaboom, L50, F|
|poke|p2|Sneasler, L50, F|
|teampreview|4
|showteam|p1|Flamigo||FocusSash|Scrappy|CloseCombat,DualWingbeat,WideGuard,Protect|||M|||50|,,,,,Stellar]Garchomp||LifeOrb|RoughSkin|DragonClaw,StompingTantrum,PoisonJab,Protect|||M|||50|,,,,,Poison]Kingambit||BlackGlasses|Defiant|KowtowCleave,SuckerPunch,IronHead,Protect|||F|||50|,,,,,Dark]Typhlosion-Hisui||ChoiceScarf|Blaze|Eruption,ShadowBall,HeatWave,Overheat|||F|||50|,,,,,Fire]Ninetales-Alola||LightClay|SnowWarning|AuroraVeil,FreezeDry,Moonblast,Protect|||F|||50|,,,,,Water]Rillaboom||AssaultVest|GrassySurge|DrumBeating,FakeOut,GrassyGlide,HighHorsepower|||F|||50|,,,,,Fire
|showteam|p2|Maushold||WideLens|Technician|Protect,PopulationBomb,SuperFang,Taunt||||||50|,,,,,Ghost]Archaludon||AssaultVest|Stamina|BodyPress,ElectroShot,DragonPulse,FlashCannon|||F|||50|,,,,,Bug]Incineroar||SafetyGoggles|Intimidate|KnockOff,FakeOut,FlareBlitz,PartingShot|||M|||50|,,,,,Ghost]Pelipper||FocusSash|Drizzle|Tailwind,WeatherBall,Hurricane,Protect|||M|||50|,,,,,Ghost]Rillaboom||MiracleSeed|GrassySurge|GrassyGlide,WoodHammer,FakeOut,Uturn|||F|||50|,,,,,Fire]Sneasler||GrassySeed|Unburden|CloseCombat,DireClaw,ThroatChop,Protect|||F|||50|,,,,,Dark
|inactive|Battle timer is ON: inactive players will automatically lose when time's up. (requested by angelbee21)
|
|t:|1757123725
|teamsize|p1|4
|teamsize|p2|4
|start
|switch|p1a: Typhlosion|Typhlosion-Hisui, L50, F|100/100
|switch|p1b: Flamigo|Flamigo, L50, M|100/100
|switch|p2a: Maushold|Maushold, L50|100/100
|switch|p2b: Archaludon|Archaludon, L50, F|100/100
|turn|1
|inactive|Pyos has 30 seconds left.
|
|t:|1757123753
|switch|p2b: Pelipper|Pelipper, L50, M|100/100
|-weather|RainDance|[from] ability: Drizzle|[of] p2b: Pelipper
|-terastallize|p1a: Typhlosion|Fire
|move|p2a: Maushold|Protect|p2a: Maushold
|-singleturn|p2a: Maushold|Protect
|move|p1a: Typhlosion|Eruption|p2b: Pelipper|[spread] p2b
|-activate|p2a: Maushold|move: Protect
|-resisted|p2b: Pelipper
|-damage|p2b: Pelipper|72/100
|move|p1b: Flamigo|Close Combat|p2b: Pelipper
|-resisted|p2b: Pelipper
|-damage|p2b: Pelipper|36/100
|-unboost|p1b: Flamigo|def|1
|-unboost|p1b: Flamigo|spd|1
|
|-weather|RainDance|[upkeep]
|upkeep
|turn|2
|
|t:|1757123775
|switch|p1b: Ninetales|Ninetales-Alola, L50, F|100/100
|-weather|Snowscape|[from] ability: Snow Warning|[of] p1b: Ninetales
|switch|p2b: Sneasler|Sneasler, L50, F|100/100
|move|p1a: Typhlosion|Eruption|p2b: Sneasler|[spread] p2a,p2b
|-damage|p2a: Maushold|8/100
|-damage|p2b: Sneasler|0 fnt
|faint|p2b: Sneasler
|move|p2a: Maushold|Population Bomb|p1b: Ninetales
|-damage|p1b: Ninetales|93/100
|-damage|p1b: Ninetales|86/100
|-damage|p1b: Ninetales|79/100
|-damage|p1b: Ninetales|72/100
|-damage|p1b: Ninetales|64/100
|-damage|p1b: Ninetales|56/100
|-crit|p1b: Ninetales
|-damage|p1b: Ninetales|45/100
|-damage|p1b: Ninetales|39/100
|-damage|p1b: Ninetales|31/100
|-damage|p1b: Ninetales|23/100
|-hitcount|p1b: Ninetales|10
|
|-weather|Snowscape|[upkeep]
|upkeep
|
|t:|1757123793
|switch|p2b: Archaludon|Archaludon, L50, F|100/100
|turn|3
|
|t:|1757123814
|switch|p1a: Flamigo|Flamigo, L50, M|100/100
|switch|p2a: Pelipper|Pelipper, L50, M|36/100
|-weather|RainDance|[from] ability: Drizzle|[of] p2a: Pelipper
|move|p1b: Ninetales|Aurora Veil||[still]
|-fail|p1b: Ninetales
|move|p2b: Archaludon|Electro Shot||[still]
|-prepare|p2b: Archaludon|Electro Shot
|-boost|p2b: Archaludon|spa|1
|-anim|p2b: Archaludon|Electro Shot|p1a: Flamigo
|-supereffective|p1a: Flamigo
|-enditem|p1a: Flamigo|Focus Sash
|-damage|p1a: Flamigo|1/100
|
|-weather|RainDance|[upkeep]
|upkeep
|turn|4
|
|t:|1757123836
|switch|p1b: Kingambit|Kingambit, L50, F|100/100
|switch|p2b: Maushold|Maushold, L50|8/100
|-terastallize|p2a: Pelipper|Ghost
|move|p1a: Flamigo|Dual Wingbeat|p2a: Pelipper
|-damage|p2a: Pelipper|11/100
|-damage|p2a: Pelipper|0 fnt
|faint|p2a: Pelipper
|-hitcount|p2: Pelipper|2
|
|-weather|RainDance|[upkeep]
|upkeep
|
|t:|1757123844
|switch|p2a: Archaludon|Archaludon, L50, F|100/100
|turn|5
|inactive|angelbee21 has 30 seconds left.
|
|t:|1757123878
|move|p2b: Maushold|Population Bomb|p1a: Flamigo
|-damage|p1a: Flamigo|0 fnt
|faint|p1a: Flamigo
|-hitcount|p1: Flamigo|1
|move|p2a: Archaludon|Body Press|p1b: Kingambit
|-supereffective|p1b: Kingambit
|-damage|p1b: Kingambit|31/100
|move|p1b: Kingambit|Kowtow Cleave|p2b: Maushold
|-damage|p2b: Maushold|0 fnt
|faint|p2b: Maushold
|
|-weather|RainDance|[upkeep]
|upkeep
|
|t:|1757123882
|switch|p1a: Ninetales|Ninetales-Alola, L50, F|23/100
|-weather|Snowscape|[from] ability: Snow Warning|[of] p1a: Ninetales
|turn|6
|
|t:|1757123902
|move|p1b: Kingambit|Sucker Punch|p2a: Archaludon
|-damage|p2a: Archaludon|67/100
|-ability|p2a: Archaludon|Stamina|boost
|-boost|p2a: Archaludon|def|1
|move|p1a: Ninetales|Aurora Veil|p1a: Ninetales
|-sidestart|p1: angelbee21|move: Aurora Veil
|move|p2a: Archaludon|Body Press|p1b: Kingambit
|-supereffective|p1b: Kingambit
|-damage|p1b: Kingambit|0 fnt
|faint|p1b: Kingambit
|
|-weather|Snowscape|[upkeep]
|upkeep
|
|t:|1757123905
|switch|p1b: Typhlosion|Typhlosion-Hisui, L50, F, tera:Fire|100/100
|turn|7
|
|t:|1757123910
|move|p1b: Typhlosion|Eruption|p2a: Archaludon
|-damage|p2a: Archaludon|10/100
|-ability|p2a: Archaludon|Stamina|boost
|-boost|p2a: Archaludon|def|1
|move|p1a: Ninetales|Moonblast|p2a: Archaludon
|-damage|p2a: Archaludon|0 fnt
|faint|p2a: Archaludon
|
|win|angelbee21
|raw|angelbee21's rating: 1196 → 1226(+30 for winning)
|raw|Pyos's rating: 1270 → 1240(-30 for losing)
|c|☆angelbee21|gg
|l|☆Pyos
|player|p2|
