|j|☆sleepd2
|j|☆ChrisJHall13
|html|sleepd2ChrisJHall13    
|uhtml|bestof|Game 2 of a best-of-3
|t:|1784662328
|gametype|doubles
|player|p1|sleepd2|265|1334
|player|p2|ChrisJHall13|102|1237
|gen|9
|tier|[Gen 9 Champions] VGC 2026 Reg M-B (Bo3)
|rated|
|rule|Species Clause: Limit one of each Pokémon
|rule|Item Clause: Limit 1 of each item
|clearpoke
|poke|p1|Hydreigon, L50, M|
|poke|p1|Talonflame, L50, M|
|poke|p1|Basculegion, L50, M|
|poke|p1|Metagross, L50|
|poke|p1|Floette-Eternal, L50, F|
|poke|p1|Sinistcha, L50|
|poke|p2|Incineroar, L50, M|
|poke|p2|Ninetales-Alola, L50, M|
|poke|p2|Gengar, L50, M|
|poke|p2|Dragonite, L50, M|
|poke|p2|Snorlax, L50, F|
|poke|p2|Scrafty, L50, M|
|teampreview|4
|showteam|p1|Hydreigon||LifeOrb|Levitate|Protect,DracoMeteor,DarkPulse,EarthPower|Modest||M|||50|]Talonflame||SharpBeak|GaleWings|Protect,DualWingbeat,Tailwind,QuickGuard|Jolly||M|||50|]Basculegion||MysticWater|Adaptability|Protect,WaveCrash,AquaJet,LastRespects|Adamant||M|||50|]Metagross||Metagrossite|ClearBody|BodyPress,IronHead,PsychicFangs,Protect|Jolly|||||50|]Floette-Eternal||Floettite|FlowerVeil|Protect,DazzlingGleam,LightofRuin,Moonblast|Timid||F|||50|]Sinistcha||KasibBerry|Hospitality|RagePowder,MatchaGotcha,LifeDew,Protect|Bold|||||50|
|showteam|p2|Incineroar||ShucaBerry|Intimidate|FakeOut,DarkestLariat,Protect,PartingShot|Careful||M|||50|]Ninetales-Alola||FocusSash|SnowWarning|Blizzard,Protect,Encore,Disable|Timid||M|||50|]Gengar||Gengarite|CursedBody|PerishSong,ShadowBall,Protect,SludgeBomb|Modest||M|||50|]Dragonite||LifeOrb|InnerFocus|DragonClaw,ExtremeSpeed,Protect,LowKick|Adamant||M|||50|]Snorlax||Leftovers|ThickFat|Yawn,Fissure,DoubleEdge,Protect|Relaxed||F|||50|]Scrafty||Scraftinite|Intimidate|CloseCombat,KnockOff,FakeOut,Protect|Adamant||M|||50|
|inactive|Battle timer is ON: inactive players will automatically lose when time's up. (requested by sleepd2)
|
|t:|1784662356
|teamsize|p1|4
|teamsize|p2|4
|start
|switch|p1a: Talonflame|Talonflame, L50, M|100/100
|switch|p1b: Hydreigon|Hydreigon, L50, M|100/100
|switch|p2a: Incineroar|Incineroar, L50, M|100/100
|switch|p2b: Gengar|Gengar, L50, M|100/100
|-ability|p2a: Incineroar|Intimidate|boost
|-unboost|p1a: Talonflame|atk|1
|-unboost|p1b: Hydreigon|atk|1
|turn|1
|
|t:|1784662379
|detailschange|p2b: Gengar|Gengar-Mega, L50, M
|-mega|p2b: Gengar|Gengar|Gengarite
|move|p2b: Gengar|Protect|p2b: Gengar
|-singleturn|p2b: Gengar|Protect
|move|p1a: Talonflame|Quick Guard|p1a: Talonflame
|-singleturn|p1a: Talonflame|Quick Guard
|move|p1b: Hydreigon|Dark Pulse|p2b: Gengar
|-activate|p2b: Gengar|move: Protect
|move|p2a: Incineroar|Parting Shot|p1b: Hydreigon
|-unboost|p1b: Hydreigon|atk|1
|-unboost|p1b: Hydreigon|spa|1
|inactive|ChrisJHall13 has 30 seconds left.
|
|t:|1784662405
|switch|p2a: Ninetales|Ninetales-Alola, L50, M|100/100|[from] Parting Shot
|-weather|Snowscape|[from] ability: Snow Warning|[of] p2a: Ninetales
|
|-weather|Snowscape|[upkeep]
|upkeep
|turn|2
|
|t:|1784662411
|switch|p2b: Incineroar|Incineroar, L50, M|100/100
|-ability|p2b: Incineroar|Intimidate|boost
|-unboost|p1a: Talonflame|atk|1
|-unboost|p1b: Hydreigon|atk|1
|move|p1b: Hydreigon|Protect|p1b: Hydreigon
|-singleturn|p1b: Hydreigon|Protect
|move|p1a: Talonflame|Tailwind|p1a: Talonflame
|-sidestart|p1: sleepd2|move: Tailwind
|move|p2a: Ninetales|Blizzard|p1a: Talonflame|[spread] p1a
|-activate|p1b: Hydreigon|move: Protect
|-damage|p1a: Talonflame|50/100g
|
|-weather|Snowscape|[upkeep]
|upkeep
|turn|3
|
|t:|1784662426
|switch|p1b: Basculegion|Basculegion, L50, M|100/100
|move|p1a: Talonflame|Protect|p1a: Talonflame
|-singleturn|p1a: Talonflame|Protect
|move|p2a: Ninetales|Blizzard|p1b: Basculegion|[spread] p1b
|-activate|p1a: Talonflame|move: Protect
|-resisted|p1b: Basculegion|1
|-damage|p1b: Basculegion|83/100
|move|p2b: Incineroar|Parting Shot|p1b: Basculegion
|-unboost|p1b: Basculegion|atk|1
|-unboost|p1b: Basculegion|spa|1
|
|t:|1784662440
|switch|p2b: Dragonite|Dragonite, L50, M|100/100|[from] Parting Shot
|
|-weather|Snowscape|[upkeep]
|upkeep
|turn|4
|
|t:|1784662461
|switch|p2b: Incineroar|Incineroar, L50, M|100/100
|-ability|p2b: Incineroar|Intimidate|boost
|-unboost|p1a: Talonflame|atk|1
|-unboost|p1b: Basculegion|atk|1
|move|p1a: Talonflame|Dual Wingbeat|p2a: Ninetales
|-damage|p2a: Ninetales|91/100
|-damage|p2a: Ninetales|83/100
|-hitcount|p2a: Ninetales|2
|move|p1b: Basculegion|Last Respects|p2a: Ninetales
|-damage|p2a: Ninetales|65/100
|move|p2a: Ninetales|Blizzard|p1b: Basculegion|[spread] p1a,p1b
|-resisted|p1b: Basculegion|1
|-damage|p1a: Talonflame|5/100
|-damage|p1b: Basculegion|66/100
|
|-weather|Snowscape|[upkeep]
|upkeep
|turn|5
|
|t:|1784662484
|move|p1a: Talonflame|Protect|p1a: Talonflame
|-singleturn|p1a: Talonflame|Protect
|move|p1b: Basculegion|Protect|p1b: Basculegion
|-singleturn|p1b: Basculegion|Protect
|move|p2a: Ninetales|Blizzard|p1a: Talonflame|[spread] 
|-activate|p1a: Talonflame|move: Protect
|-activate|p1b: Basculegion|move: Protect
|move|p2b: Incineroar|Darkest Lariat|p1b: Basculegion
|-activate|p1b: Basculegion|move: Protect
|
|-weather|none
|-sideend|p1: sleepd2|move: Tailwind
|upkeep
|turn|6
|
|t:|1784662509
|switch|p2a: Dragonite|Dragonite, L50, M|100/100
|switch|p1b: Floette|Floette-Eternal, L50, F|100/100
|move|p1a: Talonflame|Tailwind|p1a: Talonflame
|-sidestart|p1: sleepd2|move: Tailwind
|move|p2b: Incineroar|Darkest Lariat|p1b: Floette
|-resisted|p1b: Floette|1
|-damage|p1b: Floette|77/100
|
|upkeep
|turn|7
|
|t:|1784662527
|detailschange|p1b: Floette|Floette-Mega, L50, F
|-mega|p1b: Floette|Floette|Floettite
|-ability|p1b: Floette|Fairy Aura
|move|p1b: Floette|Protect|p1b: Floette
|-singleturn|p1b: Floette|Protect
|move|p2a: Dragonite|Protect|p2a: Dragonite
|-singleturn|p2a: Dragonite|Protect
|move|p1a: Talonflame|Quick Guard|p1a: Talonflame
|-singleturn|p1a: Talonflame|Quick Guard
|move|p2b: Incineroar|Parting Shot|p1b: Floette
|-activate|p1b: Floette|move: Protect
|
|upkeep
|turn|8
|
|t:|1784662552
|switch|p1a: Hydreigon|Hydreigon, L50, M|100/100
|switch|p2a: Gengar|Gengar-Mega, L50, M|100/100
|move|p1b: Floette|Dazzling Gleam|p2a: Gengar|[spread] p2a,p2b
|-resisted|p2a: Gengar|1
|-damage|p2a: Gengar|73/100
|-damage|p2b: Incineroar|63/100
|move|p2b: Incineroar|Parting Shot|p1b: Floette
|-unboost|p1b: Floette|atk|1
|-unboost|p1b: Floette|spa|1
|
|t:|1784662576
|switch|p2b: Ninetales|Ninetales-Alola, L50, M|65/100|[from] Parting Shot
|-weather|Snowscape|[from] ability: Snow Warning|[of] p2b: Ninetales
|
|-weather|Snowscape|[upkeep]
|upkeep
|turn|9
|
|t:|1784662588
|switch|p2a: Incineroar|Incineroar, L50, M|63/100
|-ability|p2a: Incineroar|Intimidate|boost
|-unboost|p1a: Hydreigon|atk|1
|-unboost|p1b: Floette|atk|1
|move|p2b: Ninetales|Protect|p2b: Ninetales
|-singleturn|p2b: Ninetales|Protect
|move|p1b: Floette|Light of Ruin|p2b: Ninetales
|-activate|p2b: Ninetales|move: Protect
|move|p1a: Hydreigon|Dark Pulse|p2b: Ninetales
|-activate|p2b: Ninetales|move: Protect
|
|-weather|Snowscape|[upkeep]
|-sideend|p1: sleepd2|move: Tailwind
|upkeep
|turn|10
|
|t:|1784662605
|switch|p1a: Basculegion|Basculegion, L50, M|66/100
|move|p2a: Incineroar|Fake Out|p1b: Floette
|-damage|p1b: Floette|65/100
|move|p2b: Ninetales|Blizzard|p1b: Floette|[spread] p1a,p1b
|-resisted|p1a: Basculegion|1
|-damage|p1a: Basculegion|47/100
|-damage|p1b: Floette|40/100
|-status|p1a: Basculegion|frz
|cant|p1b: Floette|flinch
|
|-weather|Snowscape|[upkeep]
|upkeep
|turn|11
|inactive|ChrisJHall13 has 30 seconds left.
|
|t:|1784662632
|move|p2b: Ninetales|Blizzard|p1b: Floette|[spread] p1a,p1b
|-resisted|p1a: Basculegion|1
|-crit|p1b: Floette
|-damage|p1a: Basculegion|30/100 frz
|-damage|p1b: Floette|0 fnt
|faint|p1b: Floette
|cant|p1a: Basculegion|frz
|move|p2a: Incineroar|Parting Shot|p1a: Basculegion
|-unboost|p1a: Basculegion|atk|1
|-unboost|p1a: Basculegion|spa|1
|c|☆sleepd2|u so l ucky man
|
|t:|1784662646
|switch|p2a: Dragonite|Dragonite, L50, M|100/100|[from] Parting Shot
|
|-weather|Snowscape|[upkeep]
|upkeep
|
|t:|1784662650
|switch|p1b: Talonflame|Talonflame, L50, M|5/100
|turn|12
|
|t:|1784662657
|move|p1b: Talonflame|Protect|p1b: Talonflame
|-singleturn|p1b: Talonflame|Protect
|move|p2a: Dragonite|Extreme Speed|p1b: Talonflame
|-activate|p1b: Talonflame|move: Protect
|move|p2b: Ninetales|Blizzard|p1a: Basculegion|[spread] p1a
|-activate|p1b: Talonflame|move: Protect
|-resisted|p1a: Basculegion|1
|-damage|p1a: Basculegion|12/100 frz
|-curestatus|p1a: Basculegion|frz|[msg]
|move|p1a: Basculegion|Last Respects|p2b: Ninetales
|-damage|p2b: Ninetales|22/100
|
|-weather|none
|upkeep
|turn|13
|
|t:|1784662682
|switch|p2b: Incineroar|Incineroar, L50, M|63/100
|-ability|p2b: Incineroar|Intimidate|boost
|-unboost|p1a: Basculegion|atk|1
|-unboost|p1b: Talonflame|atk|1
|move|p1b: Talonflame|Quick Guard|p1b: Talonflame
|-singleturn|p1b: Talonflame|Quick Guard
|move|p1a: Basculegion|Aqua Jet|p2b: Incineroar
|-supereffective|p2b: Incineroar|1
|-damage|p2b: Incineroar|34/100
|move|p2a: Dragonite|Dragon Claw|p1a: Basculegion
|-damage|p1a: Basculegion|0 fnt
|faint|p1a: Basculegion
|-damage|p2a: Dragonite|90/100|[from] item: Life Orb
|
|upkeep
|
|t:|1784662693
|switch|p1a: Hydreigon|Hydreigon, L50, M|100/100
|turn|14
|
|t:|1784662725
|move|p2a: Dragonite|Protect|p2a: Dragonite
|-singleturn|p2a: Dragonite|Protect
|move|p1b: Talonflame|Tailwind|p1b: Talonflame
|-sidestart|p1: sleepd2|move: Tailwind
|move|p1a: Hydreigon|Earth Power|p2b: Incineroar
|-supereffective|p2b: Incineroar|1
|-enditem|p2b: Incineroar|Shuca Berry|[eat]
|-enditem|p2b: Incineroar|Shuca Berry|[weaken]
|-damage|p2b: Incineroar|0 fnt
|faint|p2b: Incineroar
|-damage|p1a: Hydreigon|90/100|[from] item: Life Orb
|
|upkeep
|
|t:|1784662745
|switch|p2b: Ninetales|Ninetales-Alola, L50, M|22/100
|-weather|Snowscape|[from] ability: Snow Warning|[of] p2b: Ninetales
|turn|15
|inactive|sleepd2 has 30 seconds left.
|inactive|sleepd2 has 20 seconds left.
|inactive|sleepd2 has 15 seconds left.
|
|t:|1784662790
|move|p1a: Hydreigon|Protect|p1a: Hydreigon
|-singleturn|p1a: Hydreigon|Protect
|move|p1b: Talonflame|Dual Wingbeat|p2b: Ninetales
|-damage|p2b: Ninetales|9/100
|-damage|p2b: Ninetales|0 fnt
|faint|p2b: Ninetales
|-hitcount|p2: Ninetales|2
|move|p2a: Dragonite|Dragon Claw|p1a: Hydreigon
|-activate|p1a: Hydreigon|move: Protect
|
|-weather|Snowscape|[upkeep]
|upkeep
|
|t:|1784662796
|switch|p2b: Gengar|Gengar-Mega, L50, M|73/100
|turn|16
|
|t:|1784662812
|move|p2b: Gengar|Protect|p2b: Gengar
|-singleturn|p2b: Gengar|Protect
|move|p1b: Talonflame|Quick Guard|p1b: Talonflame
|-singleturn|p1b: Talonflame|Quick Guard
|move|p1a: Hydreigon|Draco Meteor|p2a: Dragonite
|-supereffective|p2a: Dragonite|1
|-damage|p2a: Dragonite|0 fnt
|-unboost|p1a: Hydreigon|spa|2
|faint|p2a: Dragonite
|-damage|p1a: Hydreigon|81/100|[from] item: Life Orb
|
|-weather|Snowscape|[upkeep]
|upkeep
|turn|17
|
|t:|1784662824
|move|p1b: Talonflame|Dual Wingbeat|p2b: Gengar
|-damage|p2b: Gengar|55/100
|-damage|p2b: Gengar|40/100
|-hitcount|p2b: Gengar|2
|move|p1a: Hydreigon|Dark Pulse|p2b: Gengar
|-supereffective|p2b: Gengar|1
|-damage|p2b: Gengar|0 fnt
|faint|p2b: Gengar
|-damage|p1a: Hydreigon|71/100|[from] item: Life Orb
|
|win|sleepd2
||ChrisJHall13 is ready for game 3.
||sleepd2 is ready for game 3.
|uhtml|next|Next: Game 3 of 3
