|j|â˜†ur1ryanpowney
|j|â˜†GetaJobApplication
|html|ur1ryanpowneyGetaJobApplication    
|uhtml|bestof|Game 2 of a best-of-3
|t:|1757100485
|gametype|doubles
|player|p1|ur1ryanpowney|nate|
|player|p2|GetaJobApplication|cynthia-gen4|
|gen|9
|tier|[Gen 9] VGC 2025 Reg H (Bo3)
|rule|Species Clause: Limit one of each PokÃ©mon
|rule|Item Clause: Limit 1 of each item
|clearpoke
|poke|p1|Drednaw, L50, F|
|poke|p1|Sinistcha, L50|
|poke|p1|Pelipper, L50, F|
|poke|p1|Archaludon, L50, M|
|poke|p1|Maushold, L50|
|poke|p1|Annihilape, L50, F|
|poke|p2|Rillaboom, L50, M|
|poke|p2|Magmar, L50, M|
|poke|p2|Kingambit, L50, F|
|poke|p2|Ninetales-Alola, L50, F|
|poke|p2|Basculegion, L50, M|
|poke|p2|Sneasler, L50, M|
|teampreview|4
|showteam|p1|Drednaw||ChoiceBand|SwiftSwim|Liquidation,RockSlide,IceSpinner,StompingTantrum|||F|||50|,,,,,Grass]Sinistcha||SitrusBerry|Hospitality|MatchaGotcha,ShadowBall,RagePowder,TrickRoom||||||50|,,,,,Poison]Pelipper||CovertCloak|Drizzle|WeatherBall,Hurricane,Tailwind,WideGuard|||F|||50|,,,,,Steel]Archaludon||AssaultVest|Stamina|FlashCannon,ElectroShot,DragonPulse,BodyPress|||M|||50|,,,,,Bug]Maushold||ThroatSpray|FriendGuard|HyperVoice,FollowMe,Taunt,Protect||||||50|,,,,,Grass]Annihilape||ScopeLens|Defiant|DrainPunch,RageFist,FocusEnergy,Protect|||F|||50|,,,,,Fire
|showteam|p2|Rillaboom||AssaultVest|GrassySurge|DrumBeating,GrassyGlide,FakeOut,Uturn|||M|||50|,,,,,Ghost]Magmar||Eviolite|VitalSpirit|Overheat,FollowMe,Taunt,Protect|||M|||50|,,,,,Ghost]Kingambit||BlackGlasses|Defiant|KowtowCleave,SuckerPunch,SwordsDance,Protect|||F|||50|,,,,,Fire]Ninetales-Alola||LifeOrb|SnowWarning|Blizzard,FreezeDry,Encore,Protect|||F|||50|,,,,,Ghost]Basculegion||ChoiceScarf|Adaptability|WaveCrash,LastRespects,FlipTurn,TeraBlast|||M|||50|,,,,,Fighting]Sneasler||FocusSash|PoisonTouch|CloseCombat,DireClaw,FakeOut,Protect|||M|||50|,,,,,Ghost
|
|t:|1757100536
|teamsize|p1|4
|teamsize|p2|4
|start
|switch|p1a: Archaludon|Archaludon, L50, M|100/100
|switch|p1b: Pelipper|Pelipper, L50, F|100/100
|switch|p2a: Sneasler|Sneasler, L50, M|100/100
|switch|p2b: Kingambit|Kingambit, L50, F|100/100
|-weather|RainDance|[from] ability: Drizzle|[of] p1b: Pelipper
|turn|1
|c|â˜†GetaJobApplication|try ape
|
|t:|1757100572
|-terastallize|p1a: Archaludon|Bug
|move|p2a: Sneasler|Close Combat|p1a: Archaludon
|-resisted|p1a: Archaludon
|-damage|p1a: Archaludon|76/100
|-unboost|p2a: Sneasler|def|1
|-unboost|p2a: Sneasler|spd|1
|-ability|p1a: Archaludon|Stamina|boost
|-boost|p1a: Archaludon|def|1
|move|p1b: Pelipper|Tailwind|p1b: Pelipper
|-sidestart|p1: ur1ryanpowney|move: Tailwind
|move|p1a: Archaludon|Electro Shot||[still]
|-prepare|p1a: Archaludon|Electro Shot
|-boost|p1a: Archaludon|spa|1
|-anim|p1a: Archaludon|Electro Shot|p2a: Sneasler
|-enditem|p2a: Sneasler|Focus Sash
|-damage|p2a: Sneasler|1/100
|move|p2b: Kingambit|Swords Dance|p2b: Kingambit
|-boost|p2b: Kingambit|atk|2
|
|-weather|RainDance|[upkeep]
|upkeep
|turn|2
|
|t:|1757100611
|move|p2b: Kingambit|Sucker Punch|p1a: Archaludon
|-damage|p1a: Archaludon|31/100
|-ability|p1a: Archaludon|Stamina|boost
|-boost|p1a: Archaludon|def|1
|move|p1b: Pelipper|Weather Ball|p2b: Kingambit
|-damage|p2b: Kingambit|39/100
|move|p1a: Archaludon|Body Press|p2b: Kingambit
|-supereffective|p2b: Kingambit
|-damage|p2b: Kingambit|0 fnt
|faint|p2b: Kingambit
|move|p2a: Sneasler|Dire Claw|p1b: Pelipper
|-damage|p1b: Pelipper|38/100
|
|-weather|RainDance|[upkeep]
|upkeep
|
|t:|1757100626
|switch|p2b: Basculegion|Basculegion, L50, M|100/100
|turn|3
|
|t:|1757100644
|switch|p1b: Sinistcha|Sinistcha, L50|100/100
|-heal|p1a: Archaludon|56/100|[from] ability: Hospitality|[of] p1b: Sinistcha
|move|p1a: Archaludon|Flash Cannon|p2a: Sneasler
|-damage|p2a: Sneasler|0 fnt
|faint|p2a: Sneasler
|move|p2b: Basculegion|Wave Crash|p1a: Archaludon
|-damage|p1a: Archaludon|12/100
|-ability|p1a: Archaludon|Stamina|boost
|-boost|p1a: Archaludon|def|1
|-damage|p2b: Basculegion|86/100|[from] Recoil
|
|-weather|RainDance|[upkeep]
|upkeep
|
|t:|1757100652
|switch|p2a: Ninetales|Ninetales-Alola, L50, F|100/100
|-weather|Snowscape|[from] ability: Snow Warning|[of] p2a: Ninetales
|turn|4
|
|t:|1757100684
|move|p2a: Ninetales|Protect|p2a: Ninetales
|-singleturn|p2a: Ninetales|Protect
|move|p1a: Archaludon|Flash Cannon|p2a: Ninetales
|-activate|p2a: Ninetales|move: Protect
|move|p2b: Basculegion|Wave Crash|p1a: Archaludon
|-damage|p1a: Archaludon|0 fnt
|faint|p1a: Archaludon
|-damage|p2b: Basculegion|82/100|[from] Recoil
|move|p1b: Sinistcha|Matcha Gotcha|p2b: Basculegion|[spread] p2b
|-activate|p2a: Ninetales|move: Protect
|-supereffective|p2b: Basculegion
|-damage|p2b: Basculegion|27/100
|
|-weather|Snowscape|[upkeep]
|-sideend|p1: ur1ryanpowney|move: Tailwind
|upkeep
|
|t:|1757100701
|switch|p1a: Maushold|Maushold, L50|100/100
|turn|5
|
|t:|1757100723
|-terastallize|p2a: Ninetales|Ghost
|move|p1b: Sinistcha|Rage Powder|p1b: Sinistcha
|-singleturn|p1b: Sinistcha|move: Rage Powder
|move|p2b: Basculegion|Wave Crash|p1b: Sinistcha
|-resisted|p1b: Sinistcha
|-damage|p1b: Sinistcha|75/100
|-damage|p2b: Basculegion|20/100|[from] Recoil
|move|p1a: Maushold|Hyper Voice|p2a: Ninetales|[spread] 
|-immune|p2a: Ninetales
|-immune|p2b: Basculegion
|move|p2a: Ninetales|Blizzard|p1b: Sinistcha|[spread] p1a,p1b
|-supereffective|p1b: Sinistcha
|-damage|p1a: Maushold|42/100
|-damage|p1b: Sinistcha|9/100
|-status|p1b: Sinistcha|frz
|-enditem|p1b: Sinistcha|Sitrus Berry|[eat]
|-heal|p1b: Sinistcha|34/100 frz|[from] item: Sitrus Berry
|-damage|p2a: Ninetales|91/100|[from] item: Life Orb
|
|-weather|Snowscape|[upkeep]
|upkeep
|turn|6
|-message|ur1ryanpowney forfeited.
|
|win|GetaJobApplication
|l|â˜†ur1ryanpowney
|player|p1|
|j|â˜†ur1ryanpowney
|player|p1|ur1ryanpowney|nate|
