|j|☆BackPAC
|j|☆namboyVGC
|html|BackPACnamboyVGC    
|uhtml|bestof|Game 2 of a best-of-3
|t:|1755973890
|gametype|doubles
|player|p1|BackPAC|burglar|1315
|player|p2|namboyVGC|ethan|1361
|gen|9
|tier|[Gen 9] VGC 2025 Reg H (Bo3)
|rated|
|rule|Species Clause: Limit one of each Pokémon
|rule|Item Clause: Limit 1 of each item
|clearpoke
|poke|p1|Malamar, L50, M|
|poke|p1|Rillaboom, L50, M|
|poke|p1|Electabuzz, L50, F|
|poke|p1|Ursaluna-Bloodmoon, L50, M|
|poke|p1|Dragapult, L50, F|
|poke|p1|Volcarona, L50, F|
|poke|p2|Sneasler, L50, F|
|poke|p2|Indeedee, L50, M|
|poke|p2|Tyranitar, L50, M|
|poke|p2|Excadrill, L50, F|
|poke|p2|Annihilape, L50, M|
|poke|p2|Hydreigon, L50, F|
|teampreview|4
|showteam|p1|Malamar||SitrusBerry|Contrary|Protect,TrickRoom,Superpower,KnockOff|||M|||50|,,,,,Fire]Rillaboom||AssaultVest|GrassySurge|FakeOut,GrassyGlide,HighHorsepower,WoodHammer|||M|||50|,,,,,Fire]Electabuzz||Eviolite|VitalSpirit|Protect,Taunt,FollowMe,Thunderbolt|||F|||50|,,,,,Dark]Ursaluna-Bloodmoon||LifeOrb|MindsEye|Protect,BloodMoon,HyperVoice,EarthPower|||M|||50|,,,,,Normal]Dragapult||ChoiceBand|ClearBody|Uturn,Outrage,DragonDarts,PhantomForce|||F|||50|,,,,,Dragon]Volcarona||GrassySeed|FlameBody|Protect,QuiverDance,TeraBlast,HeatWave|||F|||50|,,,,,Fairy
|showteam|p2|Sneasler||PsychicSeed|Unburden|CloseCombat,DireClaw,ThroatChop,Protect|||F|||50|,,,,,Dark]Indeedee||ChoiceScarf|PsychicSurge|ExpandingForce,TeraBlast,Trick,DazzlingGleam|||M|||50|,,,,,Fire]Tyranitar||AssaultVest|SandStream|RockSlide,KnockOff,TeraBlast,LowKick|||M|||50|,,,,,Flying]Excadrill||FocusSash|SandRush|HighHorsepower,Earthquake,IronHead,Protect|||F|||50|,,,,,Stellar]Annihilape||SafetyGoggles|Defiant|CloseCombat,RageFist,Taunt,FinalGambit|||M|||50|,,,,,Psychic]Hydreigon||CovertCloak|Levitate|Snarl,Tailwind,DracoMeteor,Roar|||F|||50|,,,,,Poison
|inactive|Battle timer is ON: inactive players will automatically lose when time's up. (requested by namboyVGC)
|inactive|BackPAC has 60 seconds left.
|
|t:|1755973926
|teamsize|p1|4
|teamsize|p2|4
|start
|switch|p1a: Malamar|Malamar, L50, M|100/100
|switch|p1b: Electabuzz|Electabuzz, L50, F|100/100
|switch|p2a: Hydreigon|Hydreigon, L50, F|100/100
|switch|p2b: Annihilape|Annihilape, L50, M|100/100
|turn|1
|
|t:|1755973942
|-terastallize|p2a: Hydreigon|Poison
|move|p1b: Electabuzz|Follow Me|p1b: Electabuzz
|-singleturn|p1b: Electabuzz|move: Follow Me
|move|p2b: Annihilape|Final Gambit|p1b: Electabuzz
|-damage|p1b: Electabuzz|0 fnt
|faint|p2b: Annihilape
|faint|p1b: Electabuzz
|move|p2a: Hydreigon|Roar|p1a: Malamar
|drag|p1a: Ursaluna|Ursaluna-Bloodmoon, L50, M|100/100
|
|upkeep
|
|t:|1755973963
|switch|p2b: Indeedee|Indeedee, L50, M|100/100
|switch|p1b: Rillaboom|Rillaboom, L50, M|100/100
|-fieldstart|move: Psychic Terrain|[from] ability: Psychic Surge|[of] p2b: Indeedee
|-fieldstart|move: Grassy Terrain|[from] ability: Grassy Surge|[of] p1b: Rillaboom
|turn|2
|inactive|namboyVGC has 30 seconds left.
|
|t:|1755973993
|switch|p2b: Sneasler|Sneasler, L50, F|100/100
|-terastallize|p1a: Ursaluna|Normal
|move|p1b: Rillaboom|Fake Out|p2b: Sneasler
|-damage|p2b: Sneasler|79/100
|move|p2a: Hydreigon|Snarl|p1a: Ursaluna|[spread] p1a,p1b
|-damage|p1a: Ursaluna|80/100
|-damage|p1b: Rillaboom|86/100
|-unboost|p1a: Ursaluna|spa|1
|-unboost|p1b: Rillaboom|spa|1
|move|p1a: Ursaluna|Blood Moon|p2a: Hydreigon
|-damage|p2a: Hydreigon|5/100
|-damage|p1a: Ursaluna|71/100|[from] item: Life Orb
|
|-heal|p2b: Sneasler|84/100|[from] Grassy Terrain
|-heal|p1b: Rillaboom|92/100|[from] Grassy Terrain
|-heal|p1a: Ursaluna|77/100|[from] Grassy Terrain
|upkeep
|turn|3
|inactive|BackPAC has 30 seconds left.
|
|t:|1755974024
|switch|p1a: Malamar|Malamar, L50, M|100/100
|move|p2b: Sneasler|Dire Claw|p1b: Rillaboom
|-supereffective|p1b: Rillaboom
|-damage|p1b: Rillaboom|5/100
|move|p2a: Hydreigon|Snarl|p1b: Rillaboom|[spread] p1a,p1b
|-damage|p1a: Malamar|83/100
|-damage|p1b: Rillaboom|0 fnt
|-boost|p1a: Malamar|spa|1
|faint|p1b: Rillaboom
|
|-heal|p2b: Sneasler|90/100|[from] Grassy Terrain
|-heal|p1a: Malamar|90/100|[from] Grassy Terrain
|upkeep
|
|t:|1755974031
|switch|p1b: Ursaluna|Ursaluna-Bloodmoon, L50, M, tera:Normal|77/100
|turn|4
|
|t:|1755974042
|move|p1a: Malamar|Protect|p1a: Malamar
|-singleturn|p1a: Malamar|Protect
|move|p2b: Sneasler|Close Combat|p1a: Malamar
|-activate|p1a: Malamar|move: Protect
|move|p2a: Hydreigon|Draco Meteor|p1a: Malamar
|-activate|p1a: Malamar|move: Protect
|move|p1b: Ursaluna|Hyper Voice|p2b: Sneasler|[spread] p2a,p2b
|-damage|p2a: Hydreigon|0 fnt
|-damage|p2b: Sneasler|0 fnt
|faint|p2a: Hydreigon
|faint|p2b: Sneasler
|-damage|p1b: Ursaluna|67/100|[from] item: Life Orb
|
|-heal|p1a: Malamar|96/100|[from] Grassy Terrain
|-heal|p1b: Ursaluna|74/100|[from] Grassy Terrain
|upkeep
|
|t:|1755974045
|switch|p2b: Indeedee|Indeedee, L50, M|100/100
|-fieldstart|move: Psychic Terrain|[from] ability: Psychic Surge|[of] p2b: Indeedee
|turn|5
|
|t:|1755974057
|move|p1b: Ursaluna|Protect|p1b: Ursaluna
|-singleturn|p1b: Ursaluna|Protect
|move|p2b: Indeedee|Dazzling Gleam|p1b: Ursaluna|[spread] p1a
|-activate|p1b: Ursaluna|move: Protect
|-supereffective|p1a: Malamar
|-damage|p1a: Malamar|61/100
|move|p1a: Malamar|Trick Room|p1a: Malamar
|-fieldstart|move: Trick Room|[of] p1a: Malamar
|
|upkeep
|turn|6
|-message|namboyVGC forfeited.
|
|win|BackPAC
|raw|BackPAC's rating: 1315 → 1338(+23 for winning)
|raw|namboyVGC's rating: 1361 → 1338(-23 for losing)
|l|☆namboyVGC
|player|p2|
|c|☆BackPAC|ggs
