|j|☆Scobie
|j|☆Loris41086
|html|ScobieLoris41086    
|uhtml|bestof|Game 1 of a best-of-3
|t:|1756564858
|gametype|doubles
|player|p1|Scobie|veteran-gen4|1085
|player|p2|Loris41086|101|1114
|gen|9
|tier|[Gen 9] VGC 2025 Reg H (Bo3)
|rated|
|rule|Species Clause: Limit one of each Pokémon
|rule|Item Clause: Limit 1 of each item
|clearpoke
|poke|p1|Incineroar, L50, F|
|poke|p1|Sneasler, L50, F|
|poke|p1|Rillaboom, L50, M|
|poke|p1|Ursaluna-Bloodmoon, L50, M|
|poke|p1|Whimsicott, L50, F|
|poke|p1|Dragapult, L50, M|
|poke|p2|Charizard, L50, F|
|poke|p2|Torkoal, L50, F|
|poke|p2|Porygon2, L50|
|poke|p2|Incineroar, L50, F|
|poke|p2|Jumpluff, L50, F|
|poke|p2|Ursaluna, L50, F|
|teampreview|4
|showteam|p1|Incineroar||SafetyGoggles|Intimidate|FakeOut,KnockOff,FlareBlitz,PartingShot|||F|||50|,,,,,Ghost]Sneasler||WhiteHerb|Unburden|DireClaw,CloseCombat,FakeOut,Protect|||F|||50|,,,,,Stellar]Rillaboom||MiracleSeed|GrassySurge|WoodHammer,GrassyGlide,FakeOut,Protect|||M|||50|,,,,,Grass]Ursaluna-Bloodmoon||LifeOrb|MindsEye|BloodMoon,HyperVoice,EarthPower,Protect|||M|||50|,,,,,Normal]Whimsicott||CovertCloak|Prankster|Moonblast,Tailwind,SunnyDay,Taunt|||F|||50|,,,,,Dark]Dragapult||ChoiceBand|ClearBody|DragonDarts,PhantomForce,TeraBlast,Uturn|||M|||50|,,,,,Ground
|showteam|p2|Charizard||ChoiceSpecs|SolarPower|HeatWave,Overheat,WeatherBall,AirSlash|||F|||50|,,,,,Ghost]Torkoal||EjectPack|Drought|Eruption,Overheat,HelpingHand,Protect|||F|||50|,,,,,Fire]Porygon2||Eviolite|Download|IceBeam,TeraBlast,TrickRoom,Recover||||||50|,,,,,Fighting]Incineroar||SitrusBerry|Intimidate|FlareBlitz,KnockOff,FakeOut,PartingShot|||F|||50|,,,,,Ghost]Jumpluff||CovertCloak|Chlorophyll|SleepPowder,SunnyDay,RagePowder,Tailwind|||F|||50|,,,,,Water]Ursaluna||FlameOrb|Guts|HeadlongRush,Facade,Earthquake,Protect|||F|||50|,,,,,Ghost
|
|t:|1756564968
|teamsize|p1|4
|teamsize|p2|4
|start
|switch|p1a: Whimsicott|Whimsicott, L50, F|100/100
|switch|p1b: Ursaluna|Ursaluna-Bloodmoon, L50, M|100/100
|switch|p2a: Incineroar|Incineroar, L50, F|100/100
|switch|p2b: Torkoal|Torkoal, L50, F|100/100
|-ability|p2a: Incineroar|Intimidate|boost
|-unboost|p1a: Whimsicott|atk|1
|-unboost|p1b: Ursaluna|atk|1
|-weather|SunnyDay|[from] ability: Drought|[of] p2b: Torkoal
|turn|1
|
|t:|1756565018
|switch|p2b: Porygon2|Porygon2, L50|100/100
|-ability|p2b: Porygon2|Download|boost
|-boost|p2b: Porygon2|spa|1
|move|p1a: Whimsicott|Moonblast|p2b: Porygon2
|-damage|p2b: Porygon2|83/100
|move|p2a: Incineroar|Flare Blitz|p1a: Whimsicott
|-supereffective|p1a: Whimsicott
|-damage|p1a: Whimsicott|0 fnt
|faint|p1a: Whimsicott
|-damage|p2a: Incineroar|75/100|[from] Recoil
|move|p1b: Ursaluna|Earth Power|p2a: Incineroar
|-supereffective|p2a: Incineroar
|-crit|p2a: Incineroar
|-damage|p2a: Incineroar|0 fnt
|faint|p2a: Incineroar
|-damage|p1b: Ursaluna|91/100|[from] item: Life Orb
|
|-weather|SunnyDay|[upkeep]
|upkeep
|
|t:|1756565046
|switch|p1a: Incineroar|Incineroar, L50, F|100/100
|switch|p2a: Ursaluna|Ursaluna, L50, F|100/100
|-ability|p1a: Incineroar|Intimidate|boost
|-unboost|p2a: Ursaluna|atk|1
|-unboost|p2b: Porygon2|atk|1
|turn|2
|
|t:|1756565076
|-terastallize|p2b: Porygon2|Fighting
|move|p2a: Ursaluna|Protect|p2a: Ursaluna
|-singleturn|p2a: Ursaluna|Protect
|move|p1b: Ursaluna|Blood Moon|p2b: Porygon2
|-damage|p2b: Porygon2|14/100
|-damage|p1b: Ursaluna|81/100|[from] item: Life Orb
|move|p1a: Incineroar|Flare Blitz|p2b: Porygon2
|-damage|p2b: Porygon2|0 fnt
|faint|p2b: Porygon2
|-damage|p1a: Incineroar|96/100|[from] Recoil
|
|-weather|SunnyDay|[upkeep]
|-status|p2a: Ursaluna|brn|[from] item: Flame Orb
|upkeep
|
|t:|1756565091
|switch|p2b: Torkoal|Torkoal, L50, F|100/100
|turn|3
|
|t:|1756565110
|move|p1b: Ursaluna|Protect|p1b: Ursaluna
|-singleturn|p1b: Ursaluna|Protect
|move|p2b: Torkoal|Protect|p2b: Torkoal
|-singleturn|p2b: Torkoal|Protect
|move|p1a: Incineroar|Parting Shot|p2b: Torkoal
|-activate|p2b: Torkoal|move: Protect
|move|p2a: Ursaluna|Earthquake|p1b: Ursaluna|[spread] p1a
|-activate|p2b: Torkoal|move: Protect
|-activate|p1b: Ursaluna|move: Protect
|-supereffective|p1a: Incineroar
|-damage|p1a: Incineroar|9/100
|
|-weather|SunnyDay|[upkeep]
|-damage|p2a: Ursaluna|95/100 brn|[from] brn
|upkeep
|turn|4
|
|t:|1756565138
|move|p2a: Ursaluna|Protect|p2a: Ursaluna
|-singleturn|p2a: Ursaluna|Protect
|move|p1b: Ursaluna|Blood Moon|p2a: Ursaluna
|-activate|p2a: Ursaluna|move: Protect
|move|p1a: Incineroar|Knock Off|p2b: Torkoal
|-damage|p2b: Torkoal|73/100
|-enditem|p2b: Torkoal|Eject Pack|[from] move: Knock Off|[of] p1a: Incineroar
|move|p2b: Torkoal|Overheat|p1b: Ursaluna
|-damage|p1b: Ursaluna|0 fnt
|-unboost|p2b: Torkoal|spa|2
|faint|p1b: Ursaluna
|
|-weather|SunnyDay|[upkeep]
|-damage|p2a: Ursaluna|89/100 brn|[from] brn
|upkeep
|
|t:|1756565153
|switch|p1b: Dragapult|Dragapult, L50, M|100/100
|turn|5
|
|t:|1756565181
|-terastallize|p1b: Dragapult|Ground
|move|p1b: Dragapult|Tera Blast|p2a: Ursaluna|[anim] Tera Blast Ground
|-damage|p2a: Ursaluna|37/100 brn
|move|p1a: Incineroar|Flare Blitz|p2a: Ursaluna
|-damage|p2a: Ursaluna|0 fnt
|faint|p2a: Ursaluna
|-damage|p1a: Incineroar|0 fnt|[from] Recoil
|faint|p1a: Incineroar
|move|p2b: Torkoal|Eruption|p1b: Dragapult
|-damage|p1b: Dragapult|50/100
|
|-weather|none
|upkeep
|turn|6
|
|t:|1756565199
|move|p1b: Dragapult|Tera Blast|p2b: Torkoal|[anim] Tera Blast Ground
|-supereffective|p2b: Torkoal
|-damage|p2b: Torkoal|0 fnt
|faint|p2b: Torkoal
|
|win|Scobie
||Scobie is ready for game 2.
||Loris41086 is ready for game 2.
|uhtml|next|Next: Game 2 of 3
