|j|☆JCosio
|j|☆bowlingbulbenjoyer
|html|JCosiobowlingbulbenjoyer    
|uhtml|bestof|Game 1 of a best-of-3
|t:|1782372673
|gametype|doubles
|player|p1|JCosio|fisherman-gen4|1094
|player|p2|bowlingbulbenjoyer|cynthia-gen4|1000
|gen|9
|tier|[Gen 9 Champions] VGC 2026 Reg M-B (Bo3)
|rated|
|rule|Species Clause: Limit one of each Pokémon
|rule|Item Clause: Limit 1 of each item
|clearpoke
|poke|p1|Charizard, L50, M|
|poke|p1|Farigiraf, L50, M|
|poke|p1|Whimsicott, L50, M|
|poke|p1|Mawile, L50, F|
|poke|p1|Basculegion, L50, M|
|poke|p1|Garchomp, L50, M|
|poke|p2|Metagross, L50|
|poke|p2|Sneasler, L50, F|
|poke|p2|Hydreigon, L50, M|
|poke|p2|Aerodactyl, L50, F|
|poke|p2|Sinistcha-Masterpiece, L50|
|poke|p2|Gyarados, L50, M|
|teampreview|4
|showteam|p1|Charizard||CharizarditeY|Blaze|Protect,HeatWave,WeatherBall,SolarBeam|Modest||M|||50|]Farigiraf||SitrusBerry|ArmorTail|Roar,PsychicFangs,Thunderbolt,TrickRoom|Bold||M|||50|]Whimsicott||FocusSash|Prankster|SunnyDay,Tailwind,Moonblast,Encore|Timid||M|||50|]Mawile||Mawilite|HyperCutter|Protect,SuckerPunch,PlayRough,RockSlide|Adamant||F|||50|]Basculegion||MysticWater|Adaptability|Protect,AquaJet,LastRespects,WaveCrash|Adamant||M|||50|]Garchomp||LifeOrb|RoughSkin|StompingTantrum,RockSlide,DragonClaw,Protect|Jolly||M|||50|
|showteam|p2|Metagross||Metagrossite|ClearBody|IronHead,PsychicFangs,BulletPunch,Protect|Jolly|||||50|]Sneasler||WhiteHerb|Unburden|CloseCombat,DireClaw,FakeOut,Coaching|Adamant||F|||50|]Hydreigon||ChoiceScarf|Levitate|DracoMeteor,DarkPulse,HeatWave,FlashCannon|Timid||M|||50|]Aerodactyl||FocusSash|Unnerve|Tailwind,Taunt,WideGuard,RockSlide|Jolly||F|||50|]Sinistcha-Masterpiece||SitrusBerry|Hospitality|MatchaGotcha,RagePowder,ShadowBall,LifeDew|Bold|||||50|]Gyarados||Gyaradosite|Intimidate|DragonDance,Earthquake,Waterfall,Protect|Adamant||M|||50|
|inactive|Battle timer is ON: inactive players will automatically lose when time's up. (requested by JCosio)
|inactive|JCosio has 60 seconds left.
|inactive|JCosio has 30 seconds left.
|
|t:|1782372749
|teamsize|p1|4
|teamsize|p2|4
|start
|switch|p1a: Farigiraf|Farigiraf, L50, M|100/100
|switch|p1b: Basculegion|Basculegion, L50, M|100/100
|switch|p2a: Sneasler|Sneasler, L50, F|100/100
|switch|p2b: Aerodactyl|Aerodactyl, L50, F|100/100
|-ability|p2b: Aerodactyl|Unnerve
|turn|1
|inactive|JCosio has 30 seconds left.
|inactive|bowlingbulbenjoyer has 30 seconds left.
|inactive|JCosio has 20 seconds left.
|inactive|bowlingbulbenjoyer has 20 seconds left.
|inactive|bowlingbulbenjoyer has 15 seconds left.
|inactive|bowlingbulbenjoyer has 10 seconds left.
|inactive|bowlingbulbenjoyer has 5 seconds left.
|
|t:|1782372802
|move|p2b: Aerodactyl|Taunt|p1a: Farigiraf
|-start|p1a: Farigiraf|move: Taunt
|move|p2a: Sneasler|Close Combat|p1a: Farigiraf
|-damage|p1a: Farigiraf|51/100
|-unboost|p2a: Sneasler|def|1
|-unboost|p2a: Sneasler|spd|1
|-enditem|p2a: Sneasler|White Herb
|-clearnegativeboost|p2a: Sneasler|[silent]
|move|p1b: Basculegion|Wave Crash|p2a: Sneasler
|-damage|p2a: Sneasler|0 fnt
|faint|p2a: Sneasler
|-damage|p1b: Basculegion|68/100|[from] Recoil
|cant|p1a: Farigiraf|move: Taunt|Trick Room
|
|upkeep
|
|t:|1782372816
|switch|p2a: Hydreigon|Hydreigon, L50, M|100/100
|turn|2
|inactive|JCosio has 30 seconds left.
|inactive|bowlingbulbenjoyer has 30 seconds left.
|inactive|JCosio has 20 seconds left.
|
|t:|1782372854
|move|p1b: Basculegion|Aqua Jet|p2b: Aerodactyl
|-supereffective|p2b: Aerodactyl|1
|-damage|p2b: Aerodactyl|10/100
|move|p2a: Hydreigon|Heat Wave|p1a: Farigiraf|[spread] p1b
|-miss|p2a: Hydreigon|p1a: Farigiraf
|-resisted|p1b: Basculegion|1
|-damage|p1b: Basculegion|55/100
|move|p2b: Aerodactyl|Tailwind|p2b: Aerodactyl
|-sidestart|p2: bowlingbulbenjoyer|move: Tailwind
|move|p1a: Farigiraf|Thunderbolt|p2b: Aerodactyl
|-supereffective|p2b: Aerodactyl|1
|-damage|p2b: Aerodactyl|0 fnt
|faint|p2b: Aerodactyl
|
|upkeep
|
|t:|1782372862
|switch|p2b: Gyarados|Gyarados, L50, M|100/100
|-ability|p2b: Gyarados|Intimidate|boost
|-unboost|p1a: Farigiraf|atk|1
|-unboost|p1b: Basculegion|atk|1
|turn|3
|inactive|JCosio has 30 seconds left.
|inactive|JCosio has 20 seconds left.
|
|t:|1782372901
|detailschange|p2b: Gyarados|Gyarados-Mega, L50, M
|-mega|p2b: Gyarados|Gyarados|Gyaradosite
|-ability|p2b: Gyarados|Mold Breaker
|move|p1b: Basculegion|Protect|p1b: Basculegion
|-singleturn|p1b: Basculegion|Protect
|move|p2a: Hydreigon|Heat Wave|p1a: Farigiraf|[spread] p1a
|-activate|p1b: Basculegion|move: Protect
|-damage|p1a: Farigiraf|24/100
|-enditem|p1a: Farigiraf|Sitrus Berry|[eat]
|-heal|p1a: Farigiraf|49/100|[from] item: Sitrus Berry
|move|p2b: Gyarados|Earthquake|p1a: Farigiraf|[spread] p2a,p1a
|-activate|p1b: Basculegion|move: Protect
|-damage|p2a: Hydreigon|63/100
|-damage|p1a: Farigiraf|22/100
|move|p1a: Farigiraf|Thunderbolt|p2b: Gyarados
|-supereffective|p2b: Gyarados|1
|-damage|p2b: Gyarados|61/100
|
|-end|p1a: Farigiraf|move: Taunt
|upkeep
|turn|4
|inactive|JCosio has 30 seconds left.
|inactive|JCosio has 20 seconds left.
|inactive|JCosio has 15 seconds left.
|inactive|JCosio has 10 seconds left.
|inactive|JCosio has 5 seconds left.
|
|t:|1782372955
|move|p1b: Basculegion|Aqua Jet|p2a: Hydreigon
|-resisted|p2a: Hydreigon|1
|-damage|p2a: Hydreigon|50/100g
|move|p2a: Hydreigon|Heat Wave|p1a: Farigiraf|[spread] p1a,p1b
|-resisted|p1b: Basculegion|1
|-damage|p1a: Farigiraf|0 fnt
|-damage|p1b: Basculegion|41/100
|faint|p1a: Farigiraf
|move|p2b: Gyarados|Earthquake|p1b: Basculegion|[spread] p2a,p1b
|-damage|p2a: Hydreigon|13/100
|-damage|p1b: Basculegion|1/100
|
|upkeep
|
|t:|1782372969
|switch|p1a: Garchomp|Garchomp, L50, M|100/100
|turn|5
|
|t:|1782372977
|move|p1a: Garchomp|Protect|p1a: Garchomp
|-singleturn|p1a: Garchomp|Protect
|move|p1b: Basculegion|Protect|p1b: Basculegion
|-singleturn|p1b: Basculegion|Protect
|move|p2a: Hydreigon|Heat Wave|p1b: Basculegion|[spread] 
|-activate|p1a: Garchomp|move: Protect
|-activate|p1b: Basculegion|move: Protect
|move|p2b: Gyarados|Dragon Dance|p2b: Gyarados
|-boost|p2b: Gyarados|atk|1
|-boost|p2b: Gyarados|spe|1
|
|-sideend|p2: bowlingbulbenjoyer|move: Tailwind
|upkeep
|turn|6
|inactive|JCosio has 30 seconds left.
|
|t:|1782373009
|move|p1b: Basculegion|Aqua Jet|p2a: Hydreigon
|-resisted|p2a: Hydreigon|1
|-damage|p2a: Hydreigon|1/100
|move|p2a: Hydreigon|Heat Wave|p1b: Basculegion|[spread] p1a,p1b
|-resisted|p1a: Garchomp|1
|-resisted|p1b: Basculegion|1
|-damage|p1a: Garchomp|88/100
|-damage|p1b: Basculegion|0 fnt
|faint|p1b: Basculegion
|move|p2b: Gyarados|Earthquake|p1a: Garchomp|[spread] p2a,p1a
|-damage|p2a: Hydreigon|0 fnt
|-damage|p1a: Garchomp|35/100
|faint|p2a: Hydreigon
|move|p1a: Garchomp|Rock Slide|p2b: Gyarados
|-damage|p2b: Gyarados|27/100
|-damage|p1a: Garchomp|25/100|[from] item: Life Orb
|
|upkeep
|
|t:|1782373025
|switch|p1b: Mawile|Mawile, L50, F|100/100
|turn|7
|inactive|JCosio has 30 seconds left.
|inactive|JCosio has 20 seconds left.
|
|t:|1782373063
|detailschange|p1b: Mawile|Mawile-Mega, L50, F
|-mega|p1b: Mawile|Mawile|Mawilite
|move|p2b: Gyarados|Protect|p2b: Gyarados
|-singleturn|p2b: Gyarados|Protect
|move|p1a: Garchomp|Rock Slide|p2b: Gyarados
|-activate|p2b: Gyarados|move: Protect
|move|p1b: Mawile|Play Rough|p2b: Gyarados
|-activate|p2b: Gyarados|move: Protect
|
|upkeep
|turn|8
|
|t:|1782373076
|move|p2b: Gyarados|Earthquake|p1a: Garchomp|[spread] p1a,p1b
|-supereffective|p1b: Mawile|1
|-damage|p1a: Garchomp|0 fnt
|-damage|p1b: Mawile|14/100
|faint|p1a: Garchomp
|move|p1b: Mawile|Play Rough|p2b: Gyarados|[miss]
|-miss|p1b: Mawile|p2b: Gyarados
|
|upkeep
|turn|9
|
|t:|1782373086
|move|p1b: Mawile|Sucker Punch|p2b: Gyarados
|-resisted|p2b: Gyarados|1
|-damage|p2b: Gyarados|3/100
|move|p2b: Gyarados|Waterfall|p1b: Mawile
|-damage|p1b: Mawile|0 fnt
|faint|p1b: Mawile
|
|win|bowlingbulbenjoyer
||JCosio is ready for game 2.
|inactive|bowlingbulbenjoyer has 30 seconds to confirm battle start!
||bowlingbulbenjoyer is ready for game 2.
|uhtml|next|Next: Game 2 of 3
|l|☆bowlingbulbenjoyer
|player|p2|
