|j|☆MoodyMukVGC
|j|☆Shiboha
|html|MoodyMukVGCShiboha    
|uhtml|bestof|Game 3 of a best-of-3
|t:|1756674907
|gametype|doubles
|player|p1|MoodyMukVGC|169|1197
|player|p2|Shiboha|steven|1104
|gen|9
|tier|[Gen 9] VGC 2025 Reg H (Bo3)
|rated|
|rule|Species Clause: Limit one of each Pokémon
|rule|Item Clause: Limit 1 of each item
|clearpoke
|poke|p1|Ursaluna, L50, M|
|poke|p1|Jumpluff, L50, M|
|poke|p1|Charizard, L50, M|
|poke|p1|Torkoal, L50, M|
|poke|p1|Incineroar, L50, M|
|poke|p1|Porygon2, L50|
|poke|p2|Kingambit, L50, F|
|poke|p2|Primarina, L50, F|
|poke|p2|Rillaboom, L50, F|
|poke|p2|Sneasler, L50, F|
|poke|p2|Electabuzz, L50, F|
|poke|p2|Dragapult, L50, M|
|teampreview|4
|showteam|p1|Ursaluna||FlameOrb|Guts|HeadlongRush,Facade,Earthquake,Protect|||M|||50|,,,,,Fairy]Jumpluff||CovertCloak|Chlorophyll|SleepPowder,SunnyDay,Tailwind,RagePowder|||M|||50|,,,,,Water]Charizard||ChoiceSpecs|SolarPower|AirSlash,HeatWave,Overheat,WeatherBall|||M|||50|,,,,,Ghost]Torkoal||EjectPack|Drought|ClearSmog,Eruption,Overheat,Protect|||M|||50|,,,,,Fire]Incineroar||SafetyGoggles|Intimidate|FakeOut,FlareBlitz,KnockOff,PartingShot|||M|||50|,,,,,Ghost]Porygon2||Eviolite|Download|TeraBlast,IceBeam,Recover,TrickRoom||||||50|,,,,,Fighting
|showteam|p2|Kingambit||BlackGlasses|Defiant|KowtowCleave,SuckerPunch,SwordsDance,Protect|||F|||50|,,,,,Dark]Primarina||LifeOrb|LiquidVoice|HyperVoice,Moonblast,Haze,Protect|||F|||50|,,,,,Poison]Rillaboom||AssaultVest|GrassySurge|WoodHammer,GrassyGlide,HighHorsepower,FakeOut|||F|||50|,,,,,Fire]Sneasler||GrassySeed|Unburden|DireClaw,CloseCombat,Coaching,Protect|||F|||50|,,,,,Stellar]Electabuzz||Eviolite|VitalSpirit|Electroweb,FollowMe,HelpingHand,Protect|||F|||50|,,,,,Dragon]Dragapult||ChoiceBand|ClearBody|DragonDarts,PhantomForce,Outrage,Uturn|||M|||50|,,,,,Dragon
|
|t:|1756675010
|teamsize|p1|4
|teamsize|p2|4
|start
|switch|p1a: Incineroar|Incineroar, L50, M, shiny|100/100
|switch|p1b: Porygon2|Porygon2, L50, shiny|100/100
|switch|p2a: Sneasler|Sneasler, L50, F|100/100
|switch|p2b: Dragapult|Dragapult, L50, M|100/100
|-ability|p1a: Incineroar|Intimidate|boost
|-unboost|p2a: Sneasler|atk|1
|-fail|p2b: Dragapult|unboost|[from] ability: Clear Body|[of] p2b: Dragapult
|-ability|p1b: Porygon2|Download|boost
|-boost|p1b: Porygon2|atk|1
|turn|1
|inactive|Battle timer is ON: inactive players will automatically lose when time's up. (requested by MoodyMukVGC)
|
|t:|1756675073
|-terastallize|p1b: Porygon2|Fighting
|move|p2b: Dragapult|Dragon Darts|p1b: Porygon2
|-crit|p1b: Porygon2
|-damage|p1b: Porygon2|63/100
|-anim|p2b: Dragapult|Dragon Darts|p1a: Incineroar
|-damage|p1a: Incineroar|64/100
|move|p2a: Sneasler|Close Combat|p1a: Incineroar
|-supereffective|p1a: Incineroar
|-damage|p1a: Incineroar|0 fnt
|-unboost|p2a: Sneasler|def|1
|-unboost|p2a: Sneasler|spd|1
|faint|p1a: Incineroar
|move|p1b: Porygon2|Trick Room|p1b: Porygon2
|-fieldstart|move: Trick Room|[of] p1b: Porygon2
|
|upkeep
|
|t:|1756675083
|switch|p1a: Torkoal|Torkoal, L50, M, shiny|100/100
|-weather|SunnyDay|[from] ability: Drought|[of] p1a: Torkoal
|turn|2
|
|t:|1756675097
|move|p2a: Sneasler|Protect|p2a: Sneasler
|-singleturn|p2a: Sneasler|Protect
|move|p1a: Torkoal|Eruption|p2b: Dragapult|[spread] p2b
|-activate|p2a: Sneasler|move: Protect
|-resisted|p2b: Dragapult
|-damage|p2b: Dragapult|47/100
|move|p1b: Porygon2|Ice Beam|p2b: Dragapult
|-supereffective|p2b: Dragapult
|-damage|p2b: Dragapult|0 fnt
|faint|p2b: Dragapult
|
|-weather|SunnyDay|[upkeep]
|upkeep
|
|t:|1756675110
|switch|p2b: Queengambit|Kingambit, L50, F|100/100
|turn|3
|inactive|Shiboha has 30 seconds left.
|inactive|Shiboha has 20 seconds left.
|inactive|Shiboha has 15 seconds left.
|
|t:|1756675151
|switch|p2a: Electabuzz|Electabuzz, L50, F|100/100
|-terastallize|p2b: Queengambit|Dark
|move|p2b: Queengambit|Sucker Punch|p1a: Torkoal
|-damage|p1a: Torkoal|53/100
|move|p1a: Torkoal|Eruption|p2a: Electabuzz|[spread] p2a,p2b
|-damage|p2a: Electabuzz|72/100
|-damage|p2b: Queengambit|61/100
|move|p1b: Porygon2|Tera Blast|p2b: Queengambit|[anim] Tera Blast Fighting
|-supereffective|p2b: Queengambit
|-damage|p2b: Queengambit|0 fnt
|faint|p2b: Queengambit
|
|-weather|SunnyDay|[upkeep]
|upkeep
|
|t:|1756675164
|switch|p2b: Sneasler|Sneasler, L50, F|100/100
|turn|4
|
|t:|1756675175
|move|p2a: Electabuzz|Follow Me|p2a: Electabuzz
|-singleturn|p2a: Electabuzz|move: Follow Me
|move|p1a: Torkoal|Overheat|p2a: Electabuzz
|-damage|p2a: Electabuzz|6/100
|-unboost|p1a: Torkoal|spa|2
|-enditem|p1a: Torkoal|Eject Pack
|
|t:|1756675181
|switch|p1a: Ursaluna|Ursaluna, L50, M, shiny|100/100
|move|p1b: Porygon2|Recover|p1b: Porygon2
|-heal|p1b: Porygon2|100/100
|move|p2b: Sneasler|Dire Claw|p1a: Ursaluna
|-resisted|p1a: Ursaluna
|-damage|p1a: Ursaluna|82/100
|-status|p1a: Ursaluna|slp
|
|-weather|SunnyDay|[upkeep]
|upkeep
|turn|5
|inactive|MoodyMukVGC has 30 seconds left.
|inactive|Shiboha has 30 seconds left.
|
|t:|1756675210
|move|p2a: Electabuzz|Protect|p2a: Electabuzz
|-singleturn|p2a: Electabuzz|Protect
|move|p1b: Porygon2|Tera Blast|p2a: Electabuzz|[anim] Tera Blast Fighting
|-activate|p2a: Electabuzz|move: Protect
|cant|p1a: Ursaluna|slp
|move|p2b: Sneasler|Dire Claw|p1b: Porygon2
|-damage|p1b: Porygon2|72/100
|
|-weather|SunnyDay|[upkeep]
|-fieldend|move: Trick Room
|upkeep
|turn|6
|inactive|MoodyMukVGC has 30 seconds left.
|inactive|Shiboha has 30 seconds left.
|
|t:|1756675240
|move|p2a: Electabuzz|Helping Hand|p2b: Sneasler
|-singleturn|p2b: Sneasler|Helping Hand|[of] p2a: Electabuzz
|move|p2b: Sneasler|Close Combat|p1b: Porygon2
|-damage|p1b: Porygon2|5/100
|-unboost|p2b: Sneasler|def|1
|-unboost|p2b: Sneasler|spd|1
|-curestatus|p1a: Ursaluna|slp|[msg]
|move|p1a: Ursaluna|Facade|p2a: Electabuzz
|-damage|p2a: Electabuzz|0 fnt
|faint|p2a: Electabuzz
|move|p1b: Porygon2|Trick Room|p1b: Porygon2
|-fieldstart|move: Trick Room|[of] p1b: Porygon2
|
|-weather|none
|-status|p1a: Ursaluna|brn|[from] item: Flame Orb
|upkeep
|turn|7
|
|t:|1756675261
|move|p1b: Porygon2|Recover|p1b: Porygon2
|-heal|p1b: Porygon2|55/100
|move|p1a: Ursaluna|Facade|p2b: Sneasler
|-damage|p2b: Sneasler|0 fnt
|faint|p2b: Sneasler
|
|win|MoodyMukVGC
|raw|MoodyMukVGC's rating: 1197 → 1215(+18 for winning)
|raw|Shiboha's rating: 1104 → 1086(-18 for losing)
