|j|☆Cyclondo3
|j|☆Seanun
|html|Cyclondo3Seanun    
|uhtml|bestof|Game 2 of a best-of-3
|t:|1757789762
|gametype|doubles
|player|p1|Cyclondo3|hilbert|1005
|player|p2|Seanun|iris-gen5bw2|1039
|gen|9
|tier|[Gen 9] VGC 2025 Reg H (Bo3)
|rated|
|rule|Species Clause: Limit one of each Pokémon
|rule|Item Clause: Limit 1 of each item
|clearpoke
|poke|p1|Sableye, L50, M|
|poke|p1|Vivillon, L50, F|
|poke|p1|Rillaboom, L50, M|
|poke|p1|Jolteon, L50, M|
|poke|p1|Sneasler, L50, F|
|poke|p1|Ninetales, L50, F|
|poke|p2|Dragalge, L50, M|
|poke|p2|Morpeko, L50, M|
|poke|p2|Klefki, L50, F|
|poke|p2|Talonflame, L50, M|
|poke|p2|Politoed, L50, M|
|poke|p2|Annihilape, L50, F|
|teampreview|4
|showteam|p1|Sableye||SafetyGoggles|Prankster|Protect,Gravity,Disable,Encore|||M|||50|,,,,,Dark]Vivillon||FocusSash|CompoundEyes|Protect,SleepPowder,StruggleBug,Hurricane|||F|||50|,,,,,Grass]Rillaboom||AssaultVest|GrassySurge|Uturn,FakeOut,KnockOff,GrassyGlide|||M|||50|,,,,,Fire]Jolteon||ChoiceSpecs|QuickFeet|VoltSwitch,Thunderbolt,WeatherBall,TeraBlast|||M|||50|,,,,,Ice]Sneasler||GrassySeed|Unburden|Protect,FakeOut,CloseCombat,GunkShot|||F|||50|,,,,,Dark]Ninetales||CovertCloak|Drought|Protect,NastyPlot,Flamethrower,SolarBeam|||F|||50|,,,,,Grass
|showteam|p2|Dragalge||AssaultVest|Adaptability|DracoMeteor,SludgeWave,Surf,FlipTurn|||M|||50|,,,,,Water]Morpeko||FocusSash|HungerSwitch|FakeOut,AuraWheel,PartingShot,Protect|||M|||50|,,,,,Electric]Klefki||CovertCloak|Prankster|Reflect,LightScreen,TrickRoom,MistyTerrain|||F|||50|,,,,,Dark]Talonflame||SharpBeak|GaleWings|Hurricane,Tailwind,QuickGuard,Uturn|||M|||50|,,,,,Flying]Politoed||SafetyGoggles|Drizzle|WeatherBall,IcyWind,HelpingHand,Protect|||M|||50|,,,,,Grass]Annihilape||ChoiceBand|Defiant|RageFist,CloseCombat,PoisonJab,IcePunch|||F|||50|,,,,,Fairy
|inactive|Battle timer is ON: inactive players will automatically lose when time's up. (requested by Seanun)
|c|☆Cyclondo3|Glhf
|inactive|Cyclondo3 has 60 seconds left.
|inactive|Seanun has 60 seconds left.
|
|t:|1757789816
|teamsize|p1|4
|teamsize|p2|4
|start
|switch|p1a: Sableye|Sableye, L50, M|100/100
|switch|p1b: Sneasler|Sneasler, L50, F|100/100
|switch|p2a: Talonflame|Talonflame, L50, M|100/100
|switch|p2b: Annihilape|Annihilape, L50, F|100/100
|turn|1
|
|t:|1757789834
|move|p1a: Sableye|Protect|p1a: Sableye
|-singleturn|p1a: Sableye|Protect
|move|p2a: Talonflame|Quick Guard|p2a: Talonflame
|-singleturn|p2a: Talonflame|Quick Guard
|move|p1b: Sneasler|Fake Out|p2a: Talonflame
|-activate|p2a: Talonflame|move: Quick Guard
|move|p2b: Annihilape|Close Combat|p1b: Sneasler
|-resisted|p1b: Sneasler
|-damage|p1b: Sneasler|24/100
|-unboost|p2b: Annihilape|def|1
|-unboost|p2b: Annihilape|spd|1
|
|upkeep
|turn|2
|inactive|Cyclondo3 has 30 seconds left.
|
|t:|1757789868
|move|p2a: Talonflame|Tailwind|p2a: Talonflame
|-sidestart|p2: Seanun|move: Tailwind
|move|p1a: Sableye|Gravity|p1a: Sableye
|-fieldstart|move: Gravity
|move|p2b: Annihilape|Close Combat|p1b: Sneasler
|-resisted|p1b: Sneasler
|-damage|p1b: Sneasler|0 fnt
|-unboost|p2b: Annihilape|def|1
|-unboost|p2b: Annihilape|spd|1
|faint|p1b: Sneasler
|
|upkeep
|
|t:|1757789878
|switch|p1b: Vivillon|Vivillon, L50, F|100/100
|turn|3
|
|t:|1757789898
|switch|p2b: Sióg|Klefki, L50, F, shiny|100/100
|move|p2a: Talonflame|Hurricane|p1b: Vivillon
|-supereffective|p1b: Vivillon
|-enditem|p1b: Vivillon|Focus Sash
|-damage|p1b: Vivillon|1/100
|move|p1a: Sableye|Encore|p2a: Talonflame
|-start|p2a: Talonflame|Encore
|move|p1b: Vivillon|Sleep Powder|p2b: Sióg
|-status|p2b: Sióg|slp|[from] move: Sleep Powder
|
|upkeep
|turn|4
|inactive|Cyclondo3 has 30 seconds left.
|
|t:|1757789927
|move|p2a: Talonflame|Hurricane|p1b: Vivillon
|-supereffective|p1b: Vivillon
|-damage|p1b: Vivillon|0 fnt
|faint|p1b: Vivillon
|cant|p2b: Sióg|slp
|move|p1a: Sableye|Disable|p2a: Talonflame
|-start|p2a: Talonflame|Disable|Hurricane
|
|upkeep
|
|t:|1757789937
|switch|p1b: Rillaboom|Rillaboom, L50, M|100/100
|-fieldstart|move: Grassy Terrain|[from] ability: Grassy Surge|[of] p1b: Rillaboom
|turn|5
|inactive|Seanun has 30 seconds left.
|
|t:|1757789970
|switch|p2a: Annihilape|Annihilape, L50, F|100/100
|cant|p2b: Sióg|slp
|move|p1a: Sableye|Disable||[still]
|-fail|p1a: Sableye
|move|p1b: Rillaboom|Knock Off|p2a: Annihilape
|-damage|p2a: Annihilape|58/100
|-enditem|p2a: Annihilape|Choice Band|[from] move: Knock Off|[of] p1b: Rillaboom
|
|-heal|p2a: Annihilape|64/100|[from] Grassy Terrain
|-sideend|p2: Seanun|move: Tailwind
|upkeep
|turn|6
|inactive|Cyclondo3 has 30 seconds left.
|inactive|Seanun has 30 seconds left.
|
|t:|1757790001
|move|p1a: Sableye|Protect|p1a: Sableye
|-singleturn|p1a: Sableye|Protect
|move|p1b: Rillaboom|Grassy Glide|p2a: Annihilape
|-damage|p2a: Annihilape|20/100
|-curestatus|p2b: Sióg|slp|[msg]
|move|p2b: Sióg|Reflect|p2b: Sióg
|-sidestart|p2: Seanun|Reflect
|move|p2a: Annihilape|Rage Fist|p1b: Rillaboom
|-damage|p1b: Rillaboom|32/100
|
|-heal|p2a: Annihilape|26/100|[from] Grassy Terrain
|-heal|p1b: Rillaboom|38/100|[from] Grassy Terrain
|-fieldend|move: Gravity
|upkeep
|turn|7
|
|t:|1757790017
|move|p1b: Rillaboom|Grassy Glide|p2a: Annihilape
|-damage|p2a: Annihilape|0 fnt
|faint|p2a: Annihilape
|move|p2b: Sióg|Misty Terrain|p2b: Sióg
|-fieldstart|move: Misty Terrain
|move|p1a: Sableye|Encore|p2b: Sióg
|-start|p2b: Sióg|Encore
|
|upkeep
|
|t:|1757790021
|switch|p2a: Talonflame|Talonflame, L50, M|100/100
|turn|8
|
|t:|1757790035
|switch|p2b: Politoed|Politoed, L50, M|100/100
|-weather|RainDance|[from] ability: Drizzle|[of] p2b: Politoed
|-terastallize|p1b: Rillaboom|Fire
|move|p2a: Talonflame|Hurricane|p1b: Rillaboom
|-damage|p1b: Rillaboom|4/100
|move|p1a: Sableye|Disable||[still]
|-fail|p1a: Sableye
|move|p1b: Rillaboom|Knock Off|p2a: Talonflame
|-damage|p2a: Talonflame|62/100
|-enditem|p2a: Talonflame|Sharp Beak|[from] move: Knock Off|[of] p1b: Rillaboom
|
|-weather|RainDance|[upkeep]
|upkeep
|turn|9
|inactive|Cyclondo3 has 30 seconds left.
|inactive|Cyclondo3 has 20 seconds left.
|inactive|Cyclondo3 has 15 seconds left.
|
|t:|1757790075
|-terastallize|p2b: Politoed|Grass
|move|p1a: Sableye|Disable|p2a: Talonflame
|-start|p2a: Talonflame|Disable|Hurricane
|cant|p2a: Talonflame|Disable|Hurricane
|move|p1b: Rillaboom|Grassy Glide|p2b: Politoed
|-resisted|p2b: Politoed
|-damage|p2b: Politoed|88/100
|move|p2b: Politoed|Weather Ball|p1b: Rillaboom
|-supereffective|p1b: Rillaboom
|-damage|p1b: Rillaboom|0 fnt
|faint|p1b: Rillaboom
|
|-weather|RainDance|[upkeep]
|upkeep
|turn|10
|c|☆Cyclondo3|Gg wp
|-message|Cyclondo3 forfeited.
|
|win|Seanun
|l|☆Cyclondo3
|player|p1|
||Seanun is ready for game 3.
||Cyclondo3 is ready for game 3.
|uhtml|next|Next: Game 3 of 3
|l|☆Seanun
|player|p2|
