|j|☆breloomb01
|j|☆certified urgl
|html|breloomb01certified urgl    
|uhtml|bestof|Game 1 of a best-of-3
|t:|1757079782
|gametype|doubles
|player|p1|breloomb01|265|1243
|player|p2|certified urgl|102|1372
|gen|9
|tier|[Gen 9] VGC 2025 Reg H (Bo3)
|rated|
|rule|Species Clause: Limit one of each Pokémon
|rule|Item Clause: Limit 1 of each item
|clearpoke
|poke|p1|Dragonite, L50, F|
|poke|p1|Archaludon, L50, M|
|poke|p1|Amoonguss, L50, M|
|poke|p1|Gholdengo, L50|
|poke|p1|Politoed, L50, M|
|poke|p1|Ursaluna-Bloodmoon, L50, M|
|poke|p2|Gholdengo, L50|
|poke|p2|Sneasler, L50, M|
|poke|p2|Rillaboom, L50, M|
|poke|p2|Dragonite, L50, F|
|poke|p2|Ninetales-Alola, L50, F|
|poke|p2|Arcanine-Hisui, L50, M|
|teampreview|4
|showteam|p1|Dragonite||LoadedDice|Multiscale|ScaleShot,Tailwind,Haze,Protect|||F|||50|,,,,,Fairy]Archaludon||AssaultVest|Stamina|DragonPulse,ElectroShot,FlashCannon,BodyPress|||M|||50|,,,,,Bug]Amoonguss||CovertCloak|Regenerator|PollenPuff,RagePowder,Spore,Protect|||M|||50|,,,,,Water]Gholdengo||MetalCoat|GoodasGold|MakeItRain,NastyPlot,ShadowBall,Protect||||||50|,,,,,Water]Politoed||SitrusBerry|Drizzle|WeatherBall,IcyWind,Encore,Protect|||M|||50|,,,,,Grass]Ursaluna-Bloodmoon||LifeOrb|MindsEye|HyperVoice,BloodMoon,EarthPower,Protect|||M|||50|,,,,,Ghost
|showteam|p2|Gholdengo||GrassySeed|GoodasGold|NastyPlot,MakeItRain,ShadowBall,Protect||||||50|,,,,,Water]Sneasler||WhiteHerb|Unburden|CloseCombat,DireClaw,Coaching,Protect|||M|||50|,,,,,Ghost]Rillaboom||AssaultVest|GrassySurge|FakeOut,GrassyGlide,DrumBeating,HighHorsepower|||M|||50|,,,,,Fire]Dragonite||LoadedDice|Multiscale|ScaleShot,StompingTantrum,Tailwind,Protect|||F|||50|,,,,,Ground]Ninetales-Alola||FocusSash|SnowWarning|Blizzard,IcyWind,Encore,AuroraVeil|||F|||50|,,,,,Ghost]Arcanine-Hisui||ClearAmulet|Intimidate|RockSlide,FlareBlitz,ExtremeSpeed,Protect|||M|||50|,,,,,Water
|inactive|Battle timer is ON: inactive players will automatically lose when time's up. (requested by certified urgl)
|inactive|breloomb01 has 60 seconds left.
|inactive|certified urgl has 60 seconds left.
|
|t:|1757079823
|teamsize|p1|4
|teamsize|p2|4
|start
|switch|p1a: Archaludon|Archaludon, L50, M|100/100
|switch|p1b: Dragonite|Dragonite, L50, F|100/100
|switch|p2a: Gholdengo|Gholdengo, L50|100/100
|switch|p2b: Rillaboom|Rillaboom, L50, M|100/100
|-fieldstart|move: Grassy Terrain|[from] ability: Grassy Surge|[of] p2b: Rillaboom
|-enditem|p2a: Gholdengo|Grassy Seed
|-boost|p2a: Gholdengo|def|1|[from] item: Grassy Seed
|turn|1
|
|t:|1757079846
|move|p2b: Rillaboom|Fake Out|p1b: Dragonite
|-crit|p1b: Dragonite
|-damage|p1b: Dragonite|90/100
|move|p2a: Gholdengo|Nasty Plot|p2a: Gholdengo
|-boost|p2a: Gholdengo|spa|2
|cant|p1b: Dragonite|flinch
|move|p1a: Archaludon|Dragon Pulse|p2b: Rillaboom
|-damage|p2b: Rillaboom|62/100
|
|-heal|p2b: Rillaboom|68/100|[from] Grassy Terrain
|upkeep
|turn|2
|
|t:|1757079862
|switch|p1a: Amoonguss|Amoonguss, L50, M|100/100
|move|p2b: Rillaboom|High Horsepower|p1a: Amoonguss
|-damage|p1a: Amoonguss|72/100
|move|p2a: Gholdengo|Shadow Ball|p1a: Amoonguss
|-damage|p1a: Amoonguss|7/100
|move|p1b: Dragonite|Tailwind|p1b: Dragonite
|-sidestart|p1: breloomb01|move: Tailwind
|
|-heal|p2b: Rillaboom|74/100|[from] Grassy Terrain
|-heal|p1a: Amoonguss|13/100|[from] Grassy Terrain
|upkeep
|turn|3
|
|t:|1757079885
|move|p1b: Dragonite|Scale Shot|p2b: Rillaboom
|-damage|p2b: Rillaboom|58/100
|-damage|p2b: Rillaboom|43/100
|-damage|p2b: Rillaboom|29/100
|-damage|p2b: Rillaboom|14/100
|-hitcount|p2b: Rillaboom|4
|-unboost|p1b: Dragonite|def|1
|-boost|p1b: Dragonite|spe|1
|move|p2b: Rillaboom|Drum Beating|p1b: Dragonite
|-resisted|p1b: Dragonite
|-damage|p1b: Dragonite|71/100
|-unboost|p1b: Dragonite|spe|1
|move|p2a: Gholdengo|Make It Rain|p1a: Amoonguss|[spread] p1a,p1b
|-damage|p1a: Amoonguss|0 fnt
|-damage|p1b: Dragonite|0 fnt
|-unboost|p2a: Gholdengo|spa|1
|faint|p1a: Amoonguss
|faint|p1b: Dragonite
|
|-heal|p2b: Rillaboom|20/100|[from] Grassy Terrain
|upkeep
|l|☆certified urgl
|inactive|certified urgl disconnected and has a minute to reconnect!
|player|p2|
|
|t:|1757079901
|switch|p1b: Politoed|Politoed, L50, M|100/100
|switch|p1a: Archaludon|Archaludon, L50, M|100/100
|-weather|RainDance|[from] ability: Drizzle|[of] p1b: Politoed
|turn|4
|j|☆certified urgl
|inactive|certified urgl reconnected and has 55 seconds left.
|player|p2|certified urgl|102|
|
|t:|1757079919
|switch|p2b: Ninetales|Ninetales-Alola, L50, F|100/100
|-weather|Snowscape|[from] ability: Snow Warning|[of] p2b: Ninetales
|-terastallize|p1b: Politoed|Grass
|move|p1b: Politoed|Icy Wind|p2b: Ninetales|[spread] p2a,p2b
|-resisted|p2a: Gholdengo
|-resisted|p2b: Ninetales
|-damage|p2a: Gholdengo|95/100
|-damage|p2b: Ninetales|94/100
|-unboost|p2a: Gholdengo|spe|1
|-unboost|p2b: Ninetales|spe|1
|move|p1a: Archaludon|Electro Shot||[still]
|-prepare|p1a: Archaludon|Electro Shot
|-boost|p1a: Archaludon|spa|1
|move|p2a: Gholdengo|Nasty Plot|p2a: Gholdengo
|-boost|p2a: Gholdengo|spa|2
|
|-weather|Snowscape|[upkeep]
|-heal|p2b: Ninetales|100/100|[from] Grassy Terrain
|-heal|p2a: Gholdengo|100/100|[from] Grassy Terrain
|upkeep
|turn|5
|
|t:|1757079935
|move|p1b: Politoed|Protect|p1b: Politoed
|-singleturn|p1b: Politoed|Protect
|move|p2a: Gholdengo|Protect|p2a: Gholdengo
|-singleturn|p2a: Gholdengo|Protect
|move|p1a: Archaludon|Electro Shot|p2a: Gholdengo|[from] lockedmove
|-activate|p2a: Gholdengo|move: Protect
|move|p2b: Ninetales|Blizzard|p1a: Archaludon|[spread] p1a
|-activate|p1b: Politoed|move: Protect
|-damage|p1a: Archaludon|75/100
|-ability|p1a: Archaludon|Stamina|boost
|-boost|p1a: Archaludon|def|1
|
|-weather|Snowscape|[upkeep]
|-heal|p1a: Archaludon|81/100|[from] Grassy Terrain
|-sideend|p1: breloomb01|move: Tailwind
|-fieldend|move: Grassy Terrain
|upkeep
|turn|6
|
|t:|1757079947
|move|p2b: Ninetales|Blizzard|p1b: Politoed|[spread] p1a,p1b
|-supereffective|p1b: Politoed
|-damage|p1a: Archaludon|54/100
|-damage|p1b: Politoed|41/100
|-status|p1b: Politoed|frz
|-ability|p1a: Archaludon|Stamina|boost
|-boost|p1a: Archaludon|def|1
|-enditem|p1b: Politoed|Sitrus Berry|[eat]
|-heal|p1b: Politoed|66/100 frz|[from] item: Sitrus Berry
|cant|p1b: Politoed|frz
|move|p1a: Archaludon|Dragon Pulse|p2a: Gholdengo
|-resisted|p2a: Gholdengo
|-damage|p2a: Gholdengo|66/100
|move|p2a: Gholdengo|Shadow Ball|p1a: Archaludon
|-damage|p1a: Archaludon|0 fnt
|faint|p1a: Archaludon
|
|-weather|Snowscape|[upkeep]
|upkeep
|turn|7
|-message|breloomb01 forfeited.
|
|win|certified urgl
