|j|☆Sedrav
|j|☆mzasquare
|html|Sedravmzasquare    
|uhtml|bestof|Game 3 of a best-of-3
|t:|1756939032
|gametype|doubles
|player|p1|Sedrav|265|1240
|player|p2|mzasquare|worker-gen4|1210
|gen|9
|tier|[Gen 9] VGC 2025 Reg H (Bo3)
|rated|
|rule|Species Clause: Limit one of each Pokémon
|rule|Item Clause: Limit 1 of each item
|clearpoke
|poke|p1|Garchomp, L50, M|
|poke|p1|Talonflame, L50, M|
|poke|p1|Gholdengo, L50|
|poke|p1|Tyranitar, L50, M|
|poke|p1|Amoonguss, L50, M|
|poke|p1|Milotic, L50, M|
|poke|p2|Sneasler, L50, M|
|poke|p2|Indeedee, L50, M|
|poke|p2|Volcarona, L50, F|
|poke|p2|Ursaluna-Bloodmoon, L50, M|
|poke|p2|Annihilape, L50, M|
|poke|p2|Tyranitar, L50, M|
|teampreview|4
|showteam|p1|Garchomp||LifeOrb|RoughSkin|DragonClaw,StompingTantrum,Earthquake,Protect|||M|||50|,,,,,Fairy]Talonflame||CovertCloak|GaleWings|BraveBird,Tailwind,WillOWisp,Taunt|||M|||50|,,,,,Grass]Gholdengo||MetalCoat|GoodasGold|MakeItRain,ShadowBall,NastyPlot,Protect||||||50|,,,,,Flying]Tyranitar||AssaultVest|SandStream|RockSlide,KnockOff,LowKick,TeraBlast|||M|||50|,,,,,Flying]Amoonguss||SitrusBerry|Regenerator|Spore,RagePowder,PollenPuff,Protect|||M|||50|,,,,,Water]Milotic||SafetyGoggles|Competitive|Scald,IcyWind,Haze,Protect|||M|||50|,,,,,Dragon
|showteam|p2|Sneasler||PsychicSeed|Unburden|CloseCombat,DireClaw,ThroatChop,Protect|||M|||50|,,,,,Dark]Indeedee||ChoiceScarf|PsychicSurge|ExpandingForce,TeraBlast,Trick,Protect|||M|||50|,,,,,Psychic]Volcarona||SitrusBerry|FlameBody|Overheat,StruggleBug,RagePowder,Tailwind|||F|||50|,,,,,Grass]Ursaluna-Bloodmoon||LifeOrb|MindsEye|BloodMoon,HyperVoice,EarthPower,Protect|||M|||50|,,,,,Normal]Annihilape||SafetyGoggles|Defiant|CloseCombat,RageFist,Taunt,FinalGambit|||M|||50|,,,,,Fairy]Tyranitar||AssaultVest|SandStream|RockSlide,KnockOff,TeraBlast,LowKick|||M|||50|,,,,,Flying
|inactive|Battle timer is ON: inactive players will automatically lose when time's up. (requested by Sedrav)
|
|t:|1756939066
|teamsize|p1|4
|teamsize|p2|4
|start
|switch|p1a: Amoonguss|Amoonguss, L50, M|100/100
|switch|p1b: Talonflame|Talonflame, L50, M|100/100
|switch|p2a: Volcarona|Volcarona, L50, F|100/100
|switch|p2b: Tyranitar|Tyranitar, L50, M|100/100
|-weather|Sandstorm|[from] ability: Sand Stream|[of] p2b: Tyranitar
|turn|1
|inactive|Sedrav has 30 seconds left.
|inactive|mzasquare has 30 seconds left.
|inactive|Sedrav has 20 seconds left.
|inactive|Sedrav has 15 seconds left.
|
|t:|1756939108
|switch|p1b: Tyranitar|Tyranitar, L50, M|100/100
|switch|p2a: Indeedee|Indeedee, L50, M|100/100
|-fieldstart|move: Psychic Terrain|[from] ability: Psychic Surge|[of] p2a: Indeedee
|-terastallize|p2b: Tyranitar|Flying
|move|p2b: Tyranitar|Tera Blast|p1a: Amoonguss|[anim] Tera Blast Flying
|-supereffective|p1a: Amoonguss
|-damage|p1a: Amoonguss|26/100
|-enditem|p1a: Amoonguss|Sitrus Berry|[eat]
|-heal|p1a: Amoonguss|50/100|[from] item: Sitrus Berry
|move|p1a: Amoonguss|Spore|p2b: Tyranitar
|-status|p2b: Tyranitar|slp|[from] move: Spore
|
|-weather|Sandstorm|[upkeep]
|-damage|p2a: Indeedee|95/100|[from] Sandstorm
|-damage|p2b: Tyranitar|95/100 slp|[from] Sandstorm
|-damage|p1a: Amoonguss|44/100|[from] Sandstorm
|upkeep
|turn|2
|inactive|Sedrav has 30 seconds left.
|inactive|Sedrav has 20 seconds left.
|
|t:|1756939147
|switch|p1a: Garchomp|Garchomp, L50, M|100/100
|move|p2a: Indeedee|Expanding Force|p1b: Tyranitar|[spread] p1a
|-immune|p1b: Tyranitar
|-damage|p1a: Garchomp|31/100
|cant|p2b: Tyranitar|slp
|move|p1b: Tyranitar|Rock Slide|p2a: Indeedee|[spread] p2a,p2b
|-supereffective|p2b: Tyranitar
|-damage|p2a: Indeedee|28/100
|-damage|p2b: Tyranitar|38/100 slp
|
|-weather|Sandstorm|[upkeep]
|-damage|p2a: Indeedee|23/100|[from] Sandstorm
|-damage|p2b: Tyranitar|32/100 slp|[from] Sandstorm
|upkeep
|turn|3
|
|t:|1756939165
|move|p1a: Garchomp|Protect|p1a: Garchomp
|-singleturn|p1a: Garchomp|Protect
|move|p2a: Indeedee|Expanding Force|p1b: Tyranitar|[spread] 
|-activate|p1a: Garchomp|move: Protect
|-immune|p1b: Tyranitar
|-curestatus|p2b: Tyranitar|slp|[msg]
|move|p2b: Tyranitar|Low Kick|p1b: Tyranitar
|-supereffective|p1b: Tyranitar
|-damage|p1b: Tyranitar|0 fnt
|faint|p1b: Tyranitar
|
|-weather|Sandstorm|[upkeep]
|-damage|p2a: Indeedee|17/100|[from] Sandstorm
|-damage|p2b: Tyranitar|26/100|[from] Sandstorm
|upkeep
|
|t:|1756939178
|switch|p1b: Talonflame|Talonflame, L50, M|100/100
|turn|4
|inactive|Sedrav has 30 seconds left.
|inactive|Sedrav has 20 seconds left.
|
|t:|1756939214
|-terastallize|p1b: Talonflame|Grass
|move|p1b: Talonflame|Tailwind|p1b: Talonflame
|-sidestart|p1: Sedrav|move: Tailwind
|move|p1a: Garchomp|Dragon Claw|p2a: Indeedee
|-damage|p2a: Indeedee|0 fnt
|faint|p2a: Indeedee
|-damage|p1a: Garchomp|22/100|[from] item: Life Orb
|move|p2b: Tyranitar|Rock Slide|p1b: Talonflame|[spread] p1a,p1b
|-resisted|p1a: Garchomp
|-damage|p1a: Garchomp|5/100
|-damage|p1b: Talonflame|51/100
|
|-weather|Sandstorm|[upkeep]
|-damage|p1b: Talonflame|45/100|[from] Sandstorm
|-damage|p2b: Tyranitar|20/100|[from] Sandstorm
|upkeep
|
|t:|1756939221
|switch|p2a: Sneasler|Sneasler, L50, M|100/100
|-enditem|p2a: Sneasler|Psychic Seed
|-boost|p2a: Sneasler|spd|1|[from] item: Psychic Seed
|turn|5
|inactive|Sedrav has 30 seconds left.
|inactive|mzasquare has 30 seconds left.
|inactive|mzasquare has 20 seconds left.
|inactive|mzasquare has 15 seconds left.
|inactive|Sedrav has 20 seconds left.
|
|t:|1756939269
|move|p2a: Sneasler|Protect|p2a: Sneasler
|-singleturn|p2a: Sneasler|Protect
|move|p1b: Talonflame|Brave Bird|p2a: Sneasler
|-activate|p2a: Sneasler|move: Protect
|move|p1a: Garchomp|Dragon Claw|p2b: Tyranitar
|-damage|p2b: Tyranitar|0 fnt
|faint|p2b: Tyranitar
|-damage|p1a: Garchomp|0 fnt|[from] item: Life Orb
|faint|p1a: Garchomp
|
|-weather|none
|-fieldend|move: Psychic Terrain
|upkeep
|
|t:|1756939280
|switch|p1a: Amoonguss|Amoonguss, L50, M|78/100
|switch|p2b: Volcarona|Volcarona, L50, F|100/100
|turn|6
|
|t:|1756939301
|move|p1a: Amoonguss|Rage Powder|p1a: Amoonguss
|-singleturn|p1a: Amoonguss|move: Rage Powder
|move|p1b: Talonflame|Brave Bird|p2b: Volcarona
|-supereffective|p2b: Volcarona
|-damage|p2b: Volcarona|0 fnt
|faint|p2b: Volcarona
|-damage|p1b: Talonflame|7/100|[from] Recoil
|move|p2a: Sneasler|Dire Claw|p1a: Amoonguss
|-crit|p1a: Amoonguss
|-damage|p1a: Amoonguss|15/100
|-status|p1a: Amoonguss|par
|
|upkeep
|turn|7
|
|t:|1756939326
|move|p2a: Sneasler|Protect|p2a: Sneasler
|-singleturn|p2a: Sneasler|Protect
|move|p1b: Talonflame|Brave Bird|p2a: Sneasler
|-activate|p2a: Sneasler|move: Protect
|cant|p1a: Amoonguss|par
|
|-sideend|p1: Sedrav|move: Tailwind
|upkeep
|turn|8
|
|t:|1756939336
|cant|p1a: Amoonguss|par
|move|p2a: Sneasler|Dire Claw|p1b: Talonflame
|-supereffective|p1b: Talonflame
|-damage|p1b: Talonflame|0 fnt
|faint|p1b: Talonflame
|
|upkeep
|turn|9
|c|☆Sedrav|of course
|-message|Sedrav forfeited.
|
|win|mzasquare
|raw|Sedrav's rating: 1240 → 1213(-27 for losing)
|raw|mzasquare's rating: 1210 → 1237(+27 for winning)
|l|☆Sedrav
|player|p1|
|j|☆Sedrav
|player|p1|Sedrav|265|
