|j|☆mikodex
|j|☆mil0battles
|html|mikodexmil0battles    
|uhtml|bestof|Game 3 of a best-of-3
|t:|1756599199
|gametype|doubles
|player|p1|mikodex|2|1080
|player|p2|mil0battles|pokemonranger-gen4|1112
|gen|9
|tier|[Gen 9] VGC 2025 Reg H (Bo3)
|rated|
|rule|Species Clause: Limit one of each Pokémon
|rule|Item Clause: Limit 1 of each item
|clearpoke
|poke|p1|Ninetales-Alola, L50, M|
|poke|p1|Dragonite, L50, F|
|poke|p1|Sneasler, L50, M|
|poke|p1|Kingambit, L50, M|
|poke|p1|Amoonguss, L50, F|
|poke|p1|Garchomp, L50, F|
|poke|p2|Incineroar, L50, F|
|poke|p2|Primarina, L50, F|
|poke|p2|Gholdengo, L50|
|poke|p2|Sneasler, L50, F|
|poke|p2|Kilowattrel, L50, F|
|poke|p2|Rillaboom, L50, F|
|teampreview|4
|showteam|p1|Ninetales-Alola||LightClay|SnowWarning|Blizzard,Moonblast,AuroraVeil,Protect|||M|||50|,,,,,Ghost]Dragonite||LoadedDice|Multiscale|TeraBlast,ExtremeSpeed,ScaleShot,Protect|||F|||50|,,,,,Flying]Sneasler||FocusSash|PoisonTouch|DireClaw,CloseCombat,Coaching,FakeOut|||M|||50|,,,,,Flying]Kingambit||AssaultVest|Defiant|KowtowCleave,IronHead,SuckerPunch,TeraBlast|||M|||50|,,,,,Flying]Amoonguss||CovertCloak|Regenerator|PollenPuff,Protect,RagePowder,Spore|||F|||50|,,,,,Dark]Garchomp||LifeOrb|RoughSkin|StompingTantrum,Earthquake,DragonClaw,Protect|||F|||50|,,,,,Steel
|showteam|p2|Incineroar||SafetyGoggles|Intimidate|FakeOut,KnockOff,PartingShot,FlareBlitz|||F|||50|,,,,,Ghost]Primarina||ThroatSpray|LiquidVoice|HyperVoice,Moonblast,Haze,Protect|||F|||50|,,,,,Poison]Gholdengo||LifeOrb|GoodasGold|NastyPlot,MakeItRain,ShadowBall,Protect||||||50|,,,,,Water]Sneasler||WhiteHerb|Unburden|DireClaw,CloseCombat,FakeOut,Protect|||F|||50|,,,,,Stellar]Kilowattrel||FocusSash|Competitive|AirSlash,Thunderbolt,Tailwind,Protect|||F|||50|,,,,,Ghost]Rillaboom||AssaultVest|GrassySurge|GrassyGlide,WoodHammer,FakeOut,Uturn|||F|||50|,,,,,Fire
|inactive|Battle timer is ON: inactive players will automatically lose when time's up. (requested by mikodex)
|inactive|mikodex has 60 seconds left.
|
|t:|1756599266
|teamsize|p1|4
|teamsize|p2|4
|start
|switch|p1a: knox|Kingambit, L50, M|100/100
|switch|p1b: rex|Garchomp, L50, F|100/100
|switch|p2a: Sneasler|Sneasler, L50, F|100/100
|switch|p2b: Kilowattrel|Kilowattrel, L50, F|100/100
|turn|1
|inactive|mikodex has 30 seconds left.
|inactive|mil0battles has 30 seconds left.
|inactive|mikodex has 20 seconds left.
|inactive|mikodex has 15 seconds left.
|inactive|mikodex has 10 seconds left.
|
|t:|1756599315
|-terastallize|p1a: knox|Flying
|move|p2b: Kilowattrel|Thunderbolt|p1a: knox
|-supereffective|p1a: knox
|-damage|p1a: knox|49/100
|-status|p1a: knox|par
|move|p2a: Sneasler|Close Combat|p1a: knox
|-resisted|p1a: knox
|-damage|p1a: knox|25/100 par
|-unboost|p2a: Sneasler|def|1
|-unboost|p2a: Sneasler|spd|1
|-enditem|p2a: Sneasler|White Herb
|-clearnegativeboost|p2a: Sneasler|[silent]
|move|p1b: rex|Dragon Claw|p2b: Kilowattrel
|-damage|p2b: Kilowattrel|6/100
|-damage|p1b: rex|91/100|[from] item: Life Orb
|move|p1a: knox|Tera Blast|p2a: Sneasler|[anim] Tera Blast Flying
|-supereffective|p2a: Sneasler
|-damage|p2a: Sneasler|0 fnt
|faint|p2a: Sneasler
|
|upkeep
|
|t:|1756599336
|switch|p2a: Primarina|Primarina, L50, F|100/100
|turn|2
|
|t:|1756599352
|switch|p1a: serapina|Sneasler, L50, M|100/100
|move|p1b: rex|Protect|p1b: rex
|-singleturn|p1b: rex|Protect
|move|p2b: Kilowattrel|Tailwind|p2b: Kilowattrel
|-sidestart|p2: mil0battles|move: Tailwind
|move|p2a: Primarina|Moonblast|p1b: rex
|-activate|p1b: rex|move: Protect
|
|upkeep
|turn|3
|inactive|mikodex has 30 seconds left.
|inactive|mil0battles has 30 seconds left.
|
|t:|1756599382
|switch|p1b: icela|Ninetales-Alola, L50, M|100/100
|-weather|Snowscape|[from] ability: Snow Warning|[of] p1b: icela
|-terastallize|p2b: Kilowattrel|Ghost
|move|p2a: Primarina|Protect|p2a: Primarina
|-singleturn|p2a: Primarina|Protect
|move|p2b: Kilowattrel|Thunderbolt|p1a: serapina
|-damage|p1a: serapina|44/100
|move|p1a: serapina|Dire Claw|p2a: Primarina
|-activate|p2a: Primarina|move: Protect
|
|-weather|Snowscape|[upkeep]
|upkeep
|turn|4
|inactive|mikodex has 30 seconds left.
|
|t:|1756599413
|move|p2b: Kilowattrel|Air Slash|p1b: icela
|-damage|p1b: icela|58/100
|move|p2a: Primarina|Hyper Voice|p1b: icela|[spread] p1a,p1b
|-damage|p1a: serapina|0 fnt
|-damage|p1b: icela|19/100
|faint|p1a: serapina
|-enditem|p2a: Primarina|Throat Spray
|-boost|p2a: Primarina|spa|1|[from] item: Throat Spray
|move|p1b: icela|Aurora Veil|p1b: icela
|-sidestart|p1: mikodex|move: Aurora Veil
|
|-weather|Snowscape|[upkeep]
|upkeep
|inactive|mikodex has 30 seconds left.
|
|t:|1756599442
|switch|p1a: rex|Garchomp, L50, F|91/100
|turn|5
|
|t:|1756599461
|move|p2b: Kilowattrel|Protect|p2b: Kilowattrel
|-singleturn|p2b: Kilowattrel|Protect
|move|p2a: Primarina|Hyper Voice|p1a: rex|[spread] p1a,p1b
|-damage|p1a: rex|52/100
|-damage|p1b: icela|0 fnt
|faint|p1b: icela
|move|p1a: rex|Earthquake|p2a: Primarina|[spread] p2a
|-activate|p2b: Kilowattrel|move: Protect
|-damage|p2a: Primarina|43/100
|-damage|p1a: rex|42/100|[from] item: Life Orb
|
|-weather|Snowscape|[upkeep]
|-sideend|p2: mil0battles|move: Tailwind
|upkeep
|
|t:|1756599474
|switch|p1b: knox|Kingambit, L50, M, tera:Flying|25/100 par
|turn|6
|
|t:|1756599487
|move|p2b: Kilowattrel|Tailwind|p2b: Kilowattrel
|-sidestart|p2: mil0battles|move: Tailwind
|move|p2a: Primarina|Moonblast|p1b: knox
|-damage|p1b: knox|0 fnt
|faint|p1b: knox
|move|p1a: rex|Earthquake|p2a: Primarina|[spread] p2a,p2b
|-damage|p2a: Primarina|0 fnt
|-damage|p2b: Kilowattrel|0 fnt
|faint|p2a: Primarina
|faint|p2b: Kilowattrel
|-damage|p1a: rex|33/100|[from] item: Life Orb
|
|-weather|Snowscape|[upkeep]
|upkeep
|
|t:|1756599502
|switch|p2b: Gholdengo|Gholdengo, L50|100/100
|turn|7
|
|t:|1756599516
|move|p1a: rex|Protect|p1a: rex
|-singleturn|p1a: rex|Protect
|move|p2b: Gholdengo|Make It Rain|p1a: rex
|-activate|p1a: rex|move: Protect
|
|-weather|none
|upkeep
|turn|8
|
|t:|1756599524
|move|p1a: rex|Protect||[still]
|-fail|p1a: rex
|move|p2b: Gholdengo|Make It Rain|p1a: rex
|-damage|p1a: rex|0 fnt
|-unboost|p2b: Gholdengo|spa|1
|faint|p1a: rex
|-damage|p2b: Gholdengo|91/100|[from] item: Life Orb
|
|win|mil0battles
|raw|mikodex's rating: 1080 → 1060(-20 for losing)
|raw|mil0battles's rating: 1112 → 1135(+23 for winning)
|l|☆mikodex
|player|p1|
