|j|☆panqueca25
|j|☆burnerblovsky
|html|panqueca25burnerblovsky    
|uhtml|bestof|Game 2 of a best-of-3
|t:|1757781700
|gametype|doubles
|player|p1|panqueca25|169|1267
|player|p2|burnerblovsky|101|1252
|gen|9
|tier|[Gen 9] VGC 2025 Reg H (Bo3)
|rated|
|rule|Species Clause: Limit one of each Pokémon
|rule|Item Clause: Limit 1 of each item
|clearpoke
|poke|p1|Gholdengo, L50|
|poke|p1|Incineroar, L50, F|
|poke|p1|Porygon2, L50|
|poke|p1|Ursaluna, L50, F|
|poke|p1|Clefable, L50, F|
|poke|p1|Primarina, L50, F|
|poke|p2|Indeedee-F, L50, F|
|poke|p2|Hatterene, L50, F|
|poke|p2|Arcanine-Hisui, L50, F|
|poke|p2|Ursaluna, L50, M|
|poke|p2|Annihilape, L50, M|
|poke|p2|Torkoal, L50, M|
|teampreview|4
|showteam|p1|Gholdengo||Leftovers|GoodasGold|MakeItRain,ShadowBall,NastyPlot,Protect||||||50|,,,,,Water]Incineroar||SafetyGoggles|Intimidate|FlareBlitz,KnockOff,PartingShot,FakeOut|||F|||50|,,,,,Ghost]Porygon2||Eviolite|Download|TeraBlast,IceBeam,TrickRoom,Recover||||||50|,,,,,Fighting]Ursaluna||FlameOrb|Guts|Facade,HeadlongRush,Earthquake,Protect|||F|||50|,,,,,Ghost]Clefable||RockyHelmet|Unaware|Moonblast,FollowMe,Encore,Protect|||F|||50|,,,,,Ghost]Primarina||SitrusBerry|LiquidVoice|HyperVoice,Moonblast,Haze,Protect|||F|||50|,,,,,Poison
|showteam|p2|Indeedee-F||PsychicSeed|PsychicSurge|FollowMe,TrickRoom,HelpingHand,Psychic|||F|||50|,,,,,Water]Hatterene||CovertCloak|MagicBounce|Psychic,ExpandingForce,DazzlingGleam,TrickRoom|||F|||50|,,,,,Fairy]Arcanine-Hisui||ChoiceBand|Intimidate|FlareBlitz,RockSlide,HeadSmash,WildCharge|||F|||50|,,,,,Grass]Ursaluna||FlameOrb|Guts|HeadlongRush,Earthquake,Protect,Facade|||M|||50|,,,,,Fire]Annihilape||ChoiceScarf|VitalSpirit|FinalGambit,CloseCombat,RageFist,Coaching|||M|||50|,,,,,Fighting]Torkoal||Charcoal|Drought|Eruption,WeatherBall,AncientPower,ClearSmog|||M|||50|,,,,,Fire
|inactive|Battle timer is ON: inactive players will automatically lose when time's up. (requested by panqueca25)
|inactive|burnerblovsky also wants the timer to be on.
|
|t:|1757781714
|teamsize|p1|4
|teamsize|p2|4
|start
|switch|p1a: Gholdengo|Gholdengo, L50|100/100
|switch|p1b: Clefable|Clefable, L50, F|100/100
|switch|p2a: Indeedee|Indeedee-F, L50, F|100/100
|switch|p2b: Arcanine|Arcanine-Hisui, L50, F|100/100
|-ability|p2b: Arcanine|Intimidate|boost
|-unboost|p1a: Gholdengo|atk|1
|-unboost|p1b: Clefable|atk|1
|-fieldstart|move: Psychic Terrain|[from] ability: Psychic Surge|[of] p2a: Indeedee
|-enditem|p2a: Indeedee|Psychic Seed
|-boost|p2a: Indeedee|spd|1|[from] item: Psychic Seed
|turn|1
|
|t:|1757781724
|move|p1b: Clefable|Follow Me|p1b: Clefable
|-singleturn|p1b: Clefable|move: Follow Me
|move|p2b: Arcanine|Flare Blitz|p1b: Clefable
|-damage|p1b: Clefable|25/100
|-damage|p2b: Arcanine|84/100|[from] item: Rocky Helmet|[of] p1b: Clefable
|-damage|p2b: Arcanine|55/100|[from] Recoil
|move|p1a: Gholdengo|Nasty Plot|p1a: Gholdengo
|-boost|p1a: Gholdengo|spa|2
|move|p2a: Indeedee|Trick Room|p2a: Indeedee
|-fieldstart|move: Trick Room|[of] p2a: Indeedee
|
|upkeep
|turn|2
|
|t:|1757781740
|move|p1b: Clefable|Follow Me|p1b: Clefable
|-singleturn|p1b: Clefable|move: Follow Me
|move|p2a: Indeedee|Psychic|p1b: Clefable
|-damage|p1b: Clefable|0 fnt
|faint|p1b: Clefable
|move|p1a: Gholdengo|Make It Rain|p2a: Indeedee|[spread] p2a,p2b
|-damage|p2a: Indeedee|45/100
|-damage|p2b: Arcanine|0 fnt
|-unboost|p1a: Gholdengo|spa|1
|faint|p2b: Arcanine
|
|upkeep
|
|t:|1757781749
|switch|p1b: Incineroar|Incineroar, L50, F, shiny|100/100
|switch|p2b: Ursaluna|Ursaluna, L50, M|100/100
|-ability|p1b: Incineroar|Intimidate|boost
|-unboost|p2a: Indeedee|atk|1
|-unboost|p2b: Ursaluna|atk|1
|turn|3
|
|t:|1757781759
|switch|p1b: Primarina|Primarina, L50, F|100/100
|-terastallize|p1a: Gholdengo|Water
|move|p2a: Indeedee|Helping Hand|p2b: Ursaluna
|-singleturn|p2b: Ursaluna|Helping Hand|[of] p2a: Indeedee
|move|p2b: Ursaluna|Headlong Rush|p1b: Primarina
|-damage|p1b: Primarina|33/100
|-unboost|p2b: Ursaluna|def|1
|-unboost|p2b: Ursaluna|spd|1
|-enditem|p1b: Primarina|Sitrus Berry|[eat]
|-heal|p1b: Primarina|58/100|[from] item: Sitrus Berry
|move|p1a: Gholdengo|Make It Rain|p2b: Ursaluna|[spread] p2a,p2b
|-crit|p2a: Indeedee
|-damage|p2a: Indeedee|0 fnt
|-damage|p2b: Ursaluna|13/100
|-unboost|p1a: Gholdengo|spa|1
|faint|p2a: Indeedee
|
|-status|p2b: Ursaluna|brn|[from] item: Flame Orb
|upkeep
|
|t:|1757781761
|switch|p2a: Torkoal|Torkoal, L50, M|100/100
|-weather|SunnyDay|[from] ability: Drought|[of] p2a: Torkoal
|turn|4
|
|t:|1757781778
|-terastallize|p2a: Torkoal|Fire
|move|p1a: Gholdengo|Protect|p1a: Gholdengo
|-singleturn|p1a: Gholdengo|Protect
|move|p2a: Torkoal|Eruption|p1b: Primarina|[spread] p1b
|-activate|p1a: Gholdengo|move: Protect
|-resisted|p1b: Primarina
|-damage|p1b: Primarina|18/100
|move|p2b: Ursaluna|Facade|p1a: Gholdengo
|-activate|p1a: Gholdengo|move: Protect
|move|p1b: Primarina|Hyper Voice|p2b: Ursaluna|[spread] p2a,p2b
|-supereffective|p2a: Torkoal
|-supereffective|p2b: Ursaluna
|-damage|p2a: Torkoal|62/100
|-damage|p2b: Ursaluna|0 fnt
|faint|p2b: Ursaluna
|
|-weather|SunnyDay|[upkeep]
|upkeep
|turn|5
|-message|burnerblovsky forfeited.
|
|win|panqueca25
|l|☆burnerblovsky
|player|p2|
||burnerblovsky is ready for game 3.
||panqueca25 is ready for game 3.
|uhtml|next|Next: Game 3 of 3
|l|☆panqueca25
|player|p1|
