|j|☆Imaginary Iris
|j|☆archebol
|html|Imaginary Irisarchebol    
|uhtml|bestof|Game 3 of a best-of-3
|t:|1757637171
|gametype|doubles
|player|p1|Imaginary Iris|lady|1146
|player|p2|archebol|265|1091
|gen|9
|tier|[Gen 9] VGC 2025 Reg H (Bo3)
|rated|
|rule|Species Clause: Limit one of each Pokémon
|rule|Item Clause: Limit 1 of each item
|clearpoke
|poke|p1|Dachsbun, L50, F|
|poke|p1|Typhlosion-Hisui, L50, F|
|poke|p1|Kingambit, L50, M|
|poke|p1|Jumpluff, L50, F|
|poke|p1|Rillaboom, L50, F|
|poke|p1|Torkoal, L50, F|
|poke|p2|Maushold, L50|
|poke|p2|Annihilape, L50, F|
|poke|p2|Sinistcha, L50|
|poke|p2|Grimmsnarl, L50, M|
|poke|p2|Pelipper, L50, F|
|poke|p2|Archaludon, L50, M|
|teampreview|4
|showteam|p1|Dachsbun||Leftovers|WellBakedBody|Protect,BodyPress,HelpingHand,Snarl|||F|||50|,,,,,Steel]Typhlosion-Hisui||ChoiceSpecs|Blaze|Eruption,LavaPlume,Overheat,ShadowBall|||F|||50|,,,,,Fire]Kingambit||SafetyGoggles|Defiant|Protect,KowtowCleave,SuckerPunch,SwordsDance|||M|||50|,,,,,Dark]Jumpluff||CovertCloak|Chlorophyll|LeafStorm,Encore,SleepPowder,Tailwind|||F|||50|,,,,,Water]Rillaboom||AssaultVest|GrassySurge|WoodHammer,FakeOut,GrassyGlide,HighHorsepower|||F|||50|,,,,,Fire]Torkoal||SitrusBerry|Drought|Protect,ClearSmog,HeatWave,LavaPlume|||F|||50|,,,,,Fairy
|showteam|p2|Maushold||SafetyGoggles|FriendGuard|Protect,BeatUp,FollowMe,Encore||||||50|,,,,,Ghost]Annihilape||Leftovers|Defiant|DrainPunch,RageFist,Protect,BulkUp|||F|||50|,,,,,Fire]Sinistcha||RockyHelmet|Hospitality|MatchaGotcha,LifeDew,TrickRoom,RagePowder||||||50|,,,,,Water]Grimmsnarl||LightClay|Prankster|MistyTerrain,Reflect,LightScreen,SpiritBreak|||M|||50|,,,,,Ghost]Pelipper||FocusSash|Drizzle|Protect,WideGuard,WeatherBall,Hurricane|||F|||50|,,,,,Stellar]Archaludon||AssaultVest|Stamina|ElectroShot,FlashCannon,BodyPress,DracoMeteor|||M|||50|,,,,,Grass
|
|t:|1757637237
|teamsize|p1|4
|teamsize|p2|4
|start
|switch|p1a: Jumpluff|Jumpluff, L50, F, shiny|100/100
|switch|p1b: Typhlosion|Typhlosion-Hisui, L50, F|100/100
|switch|p2a: Annihilape|Annihilape, L50, F|100/100
|switch|p2b: Maushold|Maushold, L50|100/100
|turn|1
|
|t:|1757637274
|-terastallize|p1b: Typhlosion|Fire
|-terastallize|p2a: Annihilape|Fire
|move|p1a: Jumpluff|Leaf Storm|p2b: Maushold
|-damage|p2b: Maushold|68/100
|-unboost|p1a: Jumpluff|spa|2
|move|p1b: Typhlosion|Eruption|p2a: Annihilape|[spread] p2a,p2b
|-resisted|p2a: Annihilape
|-damage|p2a: Annihilape|64/100
|-damage|p2b: Maushold|0 fnt
|faint|p2b: Maushold
|move|p2a: Annihilape|Rage Fist|p1b: Typhlosion
|-damage|p1b: Typhlosion|31/100
|
|-heal|p2a: Annihilape|70/100|[from] item: Leftovers
|upkeep
|
|t:|1757637288
|switch|p2b: Pelipper|Pelipper, L50, F|100/100
|-weather|RainDance|[from] ability: Drizzle|[of] p2b: Pelipper
|turn|2
|
|t:|1757637305
|switch|p1b: Torkoal|Torkoal, L50, F|100/100
|-weather|SunnyDay|[from] ability: Drought|[of] p1b: Torkoal
|move|p1a: Jumpluff|Encore|p2a: Annihilape
|-start|p2a: Annihilape|Encore
|move|p2a: Annihilape|Rage Fist|p1b: Torkoal
|-damage|p1b: Torkoal|66/100
|move|p2b: Pelipper|Hurricane|p1a: Jumpluff|[miss]
|-miss|p2b: Pelipper|p1a: Jumpluff
|
|-weather|SunnyDay|[upkeep]
|-heal|p2a: Annihilape|76/100|[from] item: Leftovers
|upkeep
|turn|3
|
|t:|1757637348
|switch|p1b: Kingambit|Kingambit, L50, M, shiny|100/100
|move|p2b: Pelipper|Wide Guard|p2b: Pelipper
|-singleturn|p2b: Pelipper|Wide Guard
|move|p1a: Jumpluff|Tailwind|p1a: Jumpluff
|-sidestart|p1: Imaginary Iris|move: Tailwind
|move|p2a: Annihilape|Rage Fist|p1a: Jumpluff
|-damage|p1a: Jumpluff|47/100
|
|-weather|SunnyDay|[upkeep]
|-heal|p2a: Annihilape|82/100|[from] item: Leftovers
|upkeep
|turn|4
|
|t:|1757637401
|move|p1b: Kingambit|Protect|p1b: Kingambit
|-singleturn|p1b: Kingambit|Protect
|move|p1a: Jumpluff|Sleep Powder|p2b: Pelipper
|-status|p2b: Pelipper|slp|[from] move: Sleep Powder
|move|p2a: Annihilape|Rage Fist|p1a: Jumpluff
|-damage|p1a: Jumpluff|0 fnt
|faint|p1a: Jumpluff
|cant|p2b: Pelipper|slp
|
|-weather|SunnyDay|[upkeep]
|-heal|p2a: Annihilape|88/100|[from] item: Leftovers
|-end|p2a: Annihilape|Encore
|upkeep
|
|t:|1757637414
|switch|p1a: Typhlosion|Typhlosion-Hisui, L50, F, tera:Fire|31/100
|turn|5
|
|t:|1757637448
|move|p1a: Typhlosion|Overheat|p2a: Annihilape
|-resisted|p2a: Annihilape
|-damage|p2a: Annihilape|0 fnt
|-unboost|p1a: Typhlosion|spa|2
|faint|p2a: Annihilape
|move|p1b: Kingambit|Kowtow Cleave|p2b: Pelipper
|-crit|p2b: Pelipper
|-damage|p2b: Pelipper|1/100 slp
|-curestatus|p2b: Pelipper|slp|[msg]
|move|p2b: Pelipper|Weather Ball|p1b: Kingambit
|-supereffective|p1b: Kingambit
|-damage|p1b: Kingambit|12/100
|
|-weather|SunnyDay|[upkeep]
|upkeep
|
|t:|1757637460
|switch|p2a: Archaludon|Archaludon, L50, M|100/100
|turn|6
|
|t:|1757637505
|move|p2b: Pelipper|Protect|p2b: Pelipper
|-singleturn|p2b: Pelipper|Protect
|move|p1a: Typhlosion|Overheat|p2a: Archaludon
|-damage|p2a: Archaludon|8/100
|-unboost|p1a: Typhlosion|spa|2
|-ability|p2a: Archaludon|Stamina|boost
|-boost|p2a: Archaludon|def|1
|move|p1b: Kingambit|Kowtow Cleave|p2b: Pelipper
|-activate|p2b: Pelipper|move: Protect
|move|p2a: Archaludon|Body Press|p1b: Kingambit
|-supereffective|p1b: Kingambit
|-damage|p1b: Kingambit|0 fnt
|faint|p1b: Kingambit
|
|-weather|none
|-sideend|p1: Imaginary Iris|move: Tailwind
|upkeep
|
|t:|1757637512
|switch|p1b: Torkoal|Torkoal, L50, F|66/100
|-weather|SunnyDay|[from] ability: Drought|[of] p1b: Torkoal
|turn|7
|
|t:|1757637529
|move|p1a: Typhlosion|Overheat|p2a: Archaludon
|-damage|p2a: Archaludon|0 fnt
|-unboost|p1a: Typhlosion|spa|2
|faint|p2a: Archaludon
|move|p2b: Pelipper|Weather Ball|p1a: Typhlosion
|-resisted|p1a: Typhlosion
|-crit|p1a: Typhlosion
|-damage|p1a: Typhlosion|0 fnt
|faint|p1a: Typhlosion
|move|p1b: Torkoal|Clear Smog|p2b: Pelipper
|-damage|p2b: Pelipper|0 fnt
|-clearboost|p2b: Pelipper
|faint|p2b: Pelipper
|
|win|Imaginary Iris
|raw|Imaginary Iris's rating: 1146 → 1167(+21 for winning)
|raw|archebol's rating: 1091 → 1071(-20 for losing)
