|j|☆Cristante terabug
|j|☆Cage92
|html|Cristante terabugCage92    
|uhtml|bestof|Game 1 of a best-of-3
|t:|1756840012
|gametype|doubles
|player|p1|Cristante terabug|kieran-champion|
|player|p2|Cage92|bugsy|
|gen|9
|tier|[Gen 9] VGC 2025 Reg H (Bo3)
|rule|Species Clause: Limit one of each Pokémon
|rule|Item Clause: Limit 1 of each item
|clearpoke
|poke|p1|Incineroar, L50, M|
|poke|p1|Pelipper, L50, M|
|poke|p1|Archaludon, L50, M|
|poke|p1|Dragonite, L50, M|
|poke|p1|Sinistcha, L50|
|poke|p1|Ursaluna, L50, M|
|poke|p2|Corviknight, L50, M|
|poke|p2|Garchomp, L50, M|
|poke|p2|Tyranitar, L50, M|
|poke|p2|Gholdengo, L50|
|poke|p2|Sneasler, L50, M|
|poke|p2|Incineroar, L50, M|
|teampreview|4
|showteam|p1|Incineroar||SafetyGoggles|Intimidate|FakeOut,PartingShot,KnockOff,Taunt|||M|||50|,,,,,Ghost]Pelipper||FocusSash|Drizzle|Hurricane,MuddyWater,Tailwind,Protect|||M|||50|,,,,,Ghost]Archaludon||AssaultVest|Stamina|ElectroShot,Snarl,FlashCannon,BodyPress|||M|||50|,,,,,Fighting]Dragonite||LoadedDice|Multiscale|ScaleShot,Tailwind,Haze,Protect|||M|||50|,,,,,Fairy]Sinistcha||SitrusBerry|Hospitality|MatchaGotcha,RagePowder,LifeDew,TrickRoom||||||50|,,,,,Dark]Ursaluna||FlameOrb|Guts|Earthquake,Facade,HeadlongRush,Protect|||M|||50|,,,,,Ghost
|showteam|p2|Corviknight||CovertCloak|MirrorArmor|BraveBird,Taunt,Roost,Tailwind|||M|||50|,,,,,Dragon]Garchomp||ClearAmulet|RoughSkin|Earthquake,DragonClaw,StompingTantrum,Protect|||M|||50|,,,,,Steel]Tyranitar||AssaultVest|SandStream|RockSlide,KnockOff,TeraBlast,LowKick|||M|||50|,,,,,Flying]Gholdengo||LifeOrb|GoodasGold|MakeItRain,ShadowBall,NastyPlot,Protect||||||50|,,,,,Flying]Sneasler||WhiteHerb|Unburden|DireClaw,CloseCombat,Coaching,Protect|||M|||50|,,,,,Ghost]Incineroar||SafetyGoggles|Intimidate|FlareBlitz,WillOWisp,PartingShot,FakeOut|||M|||50|,,,,,Ghost
|
|t:|1756840073
|teamsize|p1|4
|teamsize|p2|4
|start
|switch|p1a: Paolo|Dragonite, L50, M|100/100
|switch|p1b: Olmo|Ursaluna, L50, M|100/100
|switch|p2a: Incineroar|Incineroar, L50, M|100/100
|switch|p2b: Gholdengo|Gholdengo, L50|100/100
|-ability|p2a: Incineroar|Intimidate|boost
|-unboost|p1a: Paolo|atk|1
|-unboost|p1b: Olmo|atk|1
|turn|1
|
|t:|1756840132
|-terastallize|p2b: Gholdengo|Flying
|move|p2a: Incineroar|Fake Out|p1a: Paolo
|-damage|p1a: Paolo|94/100
|move|p2b: Gholdengo|Nasty Plot|p2b: Gholdengo
|-boost|p2b: Gholdengo|spa|2
|cant|p1a: Paolo|flinch
|move|p1b: Olmo|Headlong Rush|p2a: Incineroar
|-supereffective|p2a: Incineroar
|-damage|p2a: Incineroar|10/100
|-unboost|p1b: Olmo|def|1
|-unboost|p1b: Olmo|spd|1
|
|-status|p1b: Olmo|brn|[from] item: Flame Orb
|upkeep
|turn|2
|
|t:|1756840218
|switch|p2a: Corviknight|Corviknight, L50, M, shiny|100/100
|move|p1b: Olmo|Protect|p1b: Olmo
|-singleturn|p1b: Olmo|Protect
|move|p2b: Gholdengo|Shadow Ball|p1a: Paolo
|-damage|p1a: Paolo|0 fnt
|faint|p1a: Paolo
|-damage|p2b: Gholdengo|91/100|[from] item: Life Orb
|
|-damage|p1b: Olmo|94/100 brn|[from] brn
|upkeep
|
|t:|1756840232
|switch|p1a: Luca|Archaludon, L50, M|100/100
|turn|3
|
|t:|1756840261
|switch|p1b: Silvano|Pelipper, L50, M, shiny|100/100
|-weather|RainDance|[from] ability: Drizzle|[of] p1b: Silvano
|move|p2b: Gholdengo|Make It Rain|p1b: Silvano|[spread] p1a,p1b
|-resisted|p1a: Luca
|-resisted|p1b: Silvano
|-crit|p1b: Silvano
|-damage|p1a: Luca|62/100
|-enditem|p1b: Silvano|Focus Sash
|-damage|p1b: Silvano|1/100
|-unboost|p2b: Gholdengo|spa|1
|-ability|p1a: Luca|Stamina|boost
|-boost|p1a: Luca|def|1
|-damage|p2b: Gholdengo|82/100|[from] item: Life Orb
|move|p2a: Corviknight|Brave Bird|p1b: Silvano
|-damage|p1b: Silvano|0 fnt
|faint|p1b: Silvano
|-damage|p2a: Corviknight|99/100|[from] Recoil
|move|p1a: Luca|Electro Shot||[still]
|-prepare|p1a: Luca|Electro Shot
|-boost|p1a: Luca|spa|1
|-anim|p1a: Luca|Electro Shot|p2b: Gholdengo
|-supereffective|p2b: Gholdengo
|-damage|p2b: Gholdengo|0 fnt
|faint|p2b: Gholdengo
|
|-weather|RainDance|[upkeep]
|upkeep
|
|t:|1756840285
|switch|p2b: Tyranitar|Tyranitar, L50, M|100/100
|switch|p1b: Olmo|Ursaluna, L50, M|94/100 brn
|-weather|Sandstorm|[from] ability: Sand Stream|[of] p2b: Tyranitar
|turn|4
|
|t:|1756840310
|switch|p2b: Incineroar|Incineroar, L50, M|10/100
|-ability|p2b: Incineroar|Intimidate|boost
|-unboost|p1a: Luca|atk|1
|-unboost|p1b: Olmo|atk|1
|move|p1b: Olmo|Protect|p1b: Olmo
|-singleturn|p1b: Olmo|Protect
|move|p2a: Corviknight|Tailwind|p2a: Corviknight
|-sidestart|p2: Cage92|move: Tailwind
|move|p1a: Luca|Body Press|p2b: Incineroar
|-supereffective|p2b: Incineroar
|-damage|p2b: Incineroar|0 fnt
|faint|p2b: Incineroar
|
|-weather|Sandstorm|[upkeep]
|-damage|p1b: Olmo|88/100 brn|[from] brn
|upkeep
|
|t:|1756840320
|switch|p2b: Tyranitar|Tyranitar, L50, M|100/100
|turn|5
|
|t:|1756840357
|-terastallize|p1b: Olmo|Ghost
|move|p2a: Corviknight|Brave Bird|p1a: Luca
|-resisted|p1a: Luca
|-damage|p1a: Luca|53/100
|-ability|p1a: Luca|Stamina|boost
|-boost|p1a: Luca|def|1
|-damage|p2a: Corviknight|97/100|[from] Recoil
|move|p2b: Tyranitar|Low Kick|p1a: Luca
|-supereffective|p1a: Luca
|-damage|p1a: Luca|35/100
|-ability|p1a: Luca|Stamina|boost
|-boost|p1a: Luca|def|1
|move|p1a: Luca|Body Press|p2b: Tyranitar
|-supereffective|p2b: Tyranitar
|-damage|p2b: Tyranitar|0 fnt
|faint|p2b: Tyranitar
|move|p1b: Olmo|Facade|p2a: Corviknight
|-resisted|p2a: Corviknight
|-damage|p2a: Corviknight|64/100
|
|-weather|Sandstorm|[upkeep]
|-damage|p1b: Olmo|82/100 brn|[from] Sandstorm
|-damage|p1b: Olmo|76/100 brn|[from] brn
|upkeep
|turn|6
|
|t:|1756840375
|move|p2a: Corviknight|Brave Bird|p1b: Olmo
|-damage|p1b: Olmo|45/100 brn
|-damage|p2a: Corviknight|53/100|[from] Recoil
|move|p1a: Luca|Body Press|p2a: Corviknight
|-damage|p2a: Corviknight|1/100
|move|p1b: Olmo|Facade|p2a: Corviknight
|-resisted|p2a: Corviknight
|-damage|p2a: Corviknight|0 fnt
|faint|p2a: Corviknight
|
|win|Cristante terabug
||Cage92 is ready for game 2.
|inactive|Cristante terabug has 30 seconds to confirm battle start!
||Cristante terabug is ready for game 2.
|uhtml|next|Next: Game 2 of 3
