|j|‽Streisten
|j|☆Felipe Antonelli
|html|StreistenFelipe Antonelli    
|uhtml|bestof|Game 2 of a best-of-3
|t:|1756520924
|gametype|doubles
|player|p1|Streisten|preschooler|1045
|player|p2|Felipe Antonelli|169|1178
|gen|9
|tier|[Gen 9] VGC 2025 Reg H (Bo3)
|rated|
|rule|Species Clause: Limit one of each Pokémon
|rule|Item Clause: Limit 1 of each item
|clearpoke
|poke|p1|Gholdengo, L50|
|poke|p1|Amoonguss, L50, M|
|poke|p1|Porygon2, L50|
|poke|p1|Incineroar, L50, M|
|poke|p1|Ursaluna, L50, M|
|poke|p1|Hydreigon, L50, M|
|poke|p2|Rillaboom, L50, M|
|poke|p2|Talonflame, L50, M|
|poke|p2|Kingambit, L50, M|
|poke|p2|Kommo-o, L50, M|
|poke|p2|Ursaluna-Bloodmoon, L50, M|
|poke|p2|Palafin, L50, F|
|teampreview|4
|showteam|p1|Gholdengo||MetalCoat|GoodasGold|MakeItRain,ShadowBall,NastyPlot,Protect||||||50|,,,,,Dragon]Amoonguss||CovertCloak|Regenerator|PollenPuff,Spore,RagePowder,Protect|||M|||50|,,,,,Fire]Porygon2||Eviolite|Download|TeraBlast,IceBeam,TrickRoom,Recover||||||50|,,,,,Fighting]Incineroar||SitrusBerry|Intimidate|FakeOut,FlareBlitz,KnockOff,PartingShot|||M|||50|,,,,,Grass]Ursaluna||FlameOrb|Guts|Facade,HeadlongRush,Earthquake,Protect|||M|||50|,,,,,Ghost]Hydreigon||SafetyGoggles|Levitate|DracoMeteor,Snarl,Tailwind,Protect|||M|||50|,,,,,Ghost
|showteam|p2|Rillaboom||AssaultVest|GrassySurge|GrassyGlide,FakeOut,WoodHammer,Uturn|||M|||50|,,,,,Fire]Talonflame||GrassySeed|GaleWings|Acrobatics,Tailwind,Protect,FlareBlitz|||M|||50|,,,,,Ground]Kingambit||CovertCloak|Defiant|SuckerPunch,ThroatChop,LowKick,IronHead|||M|||50|,,,,,Dragon]Kommo-o||ThroatSpray|Overcoat|ClangingScales,ClangorousSoul,Protect,AuraSphere|||M|||50|,,,,,Steel]Ursaluna-Bloodmoon||LifeOrb|MindsEye|BloodMoon,VacuumWave,Protect,EarthPower|||M|||50|,,,,,Ghost]Palafin||MysticWater|ZerotoHero|WaveCrash,JetPunch,IcePunch,Protect|||F|||50|,,,,,Grass
|
|t:|1756520963
|teamsize|p1|4
|teamsize|p2|4
|start
|switch|p1a: Porygon2|Porygon2, L50, shiny|100/100
|switch|p1b: Amoonguss|Amoonguss, L50, M, shiny|100/100
|switch|p2a: Palafin|Palafin, L50, F|100/100
|switch|p2b: Rillaboom|Rillaboom, L50, M|100/100
|-fieldstart|move: Grassy Terrain|[from] ability: Grassy Surge|[of] p2b: Rillaboom
|-ability|p1a: Porygon2|Download|boost
|-boost|p1a: Porygon2|spa|1
|turn|1
|
|t:|1756520996
|detailschange|p2a: Palafin|Palafin-Hero, L50, F
|switch|p2a: Kommo-o|Kommo-o, L50, M|100/100
|move|p2b: Rillaboom|Fake Out|p1a: Porygon2
|-damage|p1a: Porygon2|90/100
|move|p1b: Amoonguss|Spore|p2a: Kommo-o
|-immune|p2a: Kommo-o|[from] ability: Overcoat
|cant|p1a: Porygon2|flinch
|
|-heal|p1a: Porygon2|96/100|[from] Grassy Terrain
|upkeep
|turn|2
|
|t:|1756521043
|switch|p1b: Incineroar|Incineroar, L50, M, shiny|100/100
|-ability|p1b: Incineroar|Intimidate|boost
|-unboost|p2a: Kommo-o|atk|1
|-unboost|p2b: Rillaboom|atk|1
|-terastallize|p1a: Porygon2|Fighting
|move|p2a: Kommo-o|Clangorous Soul|p2a: Kommo-o
|-boost|p2a: Kommo-o|atk|1
|-boost|p2a: Kommo-o|def|1
|-boost|p2a: Kommo-o|spa|1
|-boost|p2a: Kommo-o|spd|1
|-boost|p2a: Kommo-o|spe|1
|-damage|p2a: Kommo-o|68/100
|-enditem|p2a: Kommo-o|Throat Spray
|-boost|p2a: Kommo-o|spa|1|[from] item: Throat Spray
|move|p2b: Rillaboom|U-turn|p1a: Porygon2
|-resisted|p1a: Porygon2
|-damage|p1a: Porygon2|91/100
|
|t:|1756521059
|switch|p2b: Palafin|Palafin-Hero, L50, F|100/100|[from] U-turn
|-activate|p2b: Palafin|ability: Zero to Hero
|move|p1a: Porygon2|Trick Room|p1a: Porygon2
|-fieldstart|move: Trick Room|[of] p1a: Porygon2
|
|-heal|p1a: Porygon2|97/100|[from] Grassy Terrain
|-heal|p2a: Kommo-o|74/100|[from] Grassy Terrain
|upkeep
|turn|3
|
|t:|1756521076
|move|p2b: Palafin|Protect|p2b: Palafin
|-singleturn|p2b: Palafin|Protect
|move|p2a: Kommo-o|Protect|p2a: Kommo-o
|-singleturn|p2a: Kommo-o|Protect
|move|p1b: Incineroar|Fake Out|p2b: Palafin
|-activate|p2b: Palafin|move: Protect
|move|p1a: Porygon2|Ice Beam|p2a: Kommo-o
|-activate|p2a: Kommo-o|move: Protect
|
|-heal|p1a: Porygon2|100/100|[from] Grassy Terrain
|-heal|p2a: Kommo-o|79/100|[from] Grassy Terrain
|upkeep
|turn|4
|
|t:|1756521127
|move|p1a: Porygon2|Tera Blast|p2a: Kommo-o|[anim] Tera Blast Fighting
|-damage|p2a: Kommo-o|43/100
|move|p1b: Incineroar|Parting Shot|p2b: Palafin
|-unboost|p2b: Palafin|atk|1
|-unboost|p2b: Palafin|spa|1
|
|t:|1756521132
|switch|p1b: Amoonguss|Amoonguss, L50, M, shiny|100/100|[from] Parting Shot
|move|p2b: Palafin|Ice Punch|p1b: Amoonguss
|-supereffective|p1b: Amoonguss
|-damage|p1b: Amoonguss|56/100
|move|p2a: Kommo-o|Clanging Scales|p1b: Amoonguss|[spread] p1a,p1b
|-damage|p1a: Porygon2|59/100
|-damage|p1b: Amoonguss|2/100
|-unboost|p2a: Kommo-o|def|1
|
|-heal|p1b: Amoonguss|8/100|[from] Grassy Terrain
|-heal|p1a: Porygon2|66/100|[from] Grassy Terrain
|-heal|p2a: Kommo-o|48/100|[from] Grassy Terrain
|upkeep
|turn|5
|
|t:|1756521152
|switch|p2b: Rillaboom|Rillaboom, L50, M|100/100
|move|p1b: Amoonguss|Protect|p1b: Amoonguss
|-singleturn|p1b: Amoonguss|Protect
|move|p2a: Kommo-o|Protect|p2a: Kommo-o
|-singleturn|p2a: Kommo-o|Protect
|move|p1a: Porygon2|Tera Blast|p2a: Kommo-o|[anim] Tera Blast Fighting
|-activate|p2a: Kommo-o|move: Protect
|
|-heal|p1b: Amoonguss|14/100|[from] Grassy Terrain
|-heal|p1a: Porygon2|72/100|[from] Grassy Terrain
|-heal|p2a: Kommo-o|54/100|[from] Grassy Terrain
|-fieldend|move: Grassy Terrain
|upkeep
|turn|6
|
|t:|1756521178
|switch|p1b: Incineroar|Incineroar, L50, M, shiny|100/100
|-ability|p1b: Incineroar|Intimidate|boost
|-unboost|p2a: Kommo-o|atk|1
|-unboost|p2b: Rillaboom|atk|1
|switch|p1a: Ursaluna|Ursaluna, L50, M, shiny|100/100
|move|p2b: Rillaboom|Fake Out|p1a: Ursaluna
|-damage|p1a: Ursaluna|93/100
|move|p2a: Kommo-o|Clanging Scales|p1a: Ursaluna|[spread] p1a,p1b
|-damage|p1a: Ursaluna|25/100
|-damage|p1b: Incineroar|31/100
|-enditem|p1b: Incineroar|Sitrus Berry|[eat]
|-heal|p1b: Incineroar|56/100|[from] item: Sitrus Berry
|-unboost|p2a: Kommo-o|def|1
|
|-fieldend|move: Trick Room
|-status|p1a: Ursaluna|brn|[from] item: Flame Orb
|upkeep
|turn|7
|
|t:|1756521223
|move|p2a: Kommo-o|Protect|p2a: Kommo-o
|-singleturn|p2a: Kommo-o|Protect
|move|p1a: Ursaluna|Protect|p1a: Ursaluna
|-singleturn|p1a: Ursaluna|Protect
|move|p2b: Rillaboom|U-turn|p1a: Ursaluna
|-activate|p1a: Ursaluna|move: Protect
|move|p1b: Incineroar|Flare Blitz|p2b: Rillaboom
|-supereffective|p2b: Rillaboom
|-damage|p2b: Rillaboom|0 fnt
|faint|p2b: Rillaboom
|-damage|p1b: Incineroar|23/100|[from] Recoil
|
|-damage|p1a: Ursaluna|19/100 brn|[from] brn
|upkeep
|
|t:|1756521238
|switch|p2b: Palafin|Palafin-Hero, L50, F|100/100
|turn|8
|
|t:|1756521249
|switch|p1a: Amoonguss|Amoonguss, L50, M, shiny|48/100
|move|p2a: Kommo-o|Clanging Scales|p1a: Amoonguss|[spread] p1a,p1b
|-damage|p1a: Amoonguss|0 fnt
|-damage|p1b: Incineroar|0 fnt
|faint|p1a: Amoonguss
|faint|p1b: Incineroar
|-unboost|p2a: Kommo-o|def|1
|move|p2b: Palafin|Wave Crash|p1: Amoonguss|[notarget]
|-fail|p2b: Palafin
|
|upkeep
|
|t:|1756521255
|switch|p1b: Porygon2|Porygon2, L50, shiny, tera:Fighting|72/100
|switch|p1a: Ursaluna|Ursaluna, L50, M, shiny|19/100 brn
|-ability|p1b: Porygon2|Download|boost
|-boost|p1b: Porygon2|atk|1
|turn|9
|
|t:|1756521275
|move|p1a: Ursaluna|Protect|p1a: Ursaluna
|-singleturn|p1a: Ursaluna|Protect
|move|p2a: Kommo-o|Clanging Scales|p1b: Porygon2|[spread] p1b
|-activate|p1a: Ursaluna|move: Protect
|-damage|p1b: Porygon2|28/100
|-unboost|p2a: Kommo-o|def|1
|move|p2b: Palafin|Wave Crash|p1b: Porygon2
|-damage|p1b: Porygon2|0 fnt
|faint|p1b: Porygon2
|-damage|p2b: Palafin|91/100|[from] Recoil
|
|-damage|p1a: Ursaluna|13/100 brn|[from] brn
|upkeep
|turn|10
|
|t:|1756521289
|move|p2b: Palafin|Jet Punch|p1a: Ursaluna
|-supereffective|p1a: Ursaluna
|-damage|p1a: Ursaluna|0 fnt
|faint|p1a: Ursaluna
|
|win|Felipe Antonelli
||Felipe Antonelli is ready for game 3.
