|j|☆Cristante terabug
|j|☆LoveLiveTrickRoom
|html|Cristante terabugLoveLiveTrickRoom    
|uhtml|bestof|Game 1 of a best-of-3
|t:|1756377905
|gametype|doubles
|player|p1|Cristante terabug|kieran-champion|1122
|player|p2|LoveLiveTrickRoom|blackbelt-gen1|1120
|gen|9
|tier|[Gen 9] VGC 2025 Reg H (Bo3)
|rated|
|rule|Species Clause: Limit one of each Pokémon
|rule|Item Clause: Limit 1 of each item
|clearpoke
|poke|p1|Tyranitar, L50, F|
|poke|p1|Kommo-o, L50, F|
|poke|p1|Primarina, L50, F|
|poke|p1|Corviknight, L50, F|
|poke|p1|Incineroar, L50, M|
|poke|p1|Sinistcha, L50|
|poke|p2|Pelipper, L50, M|
|poke|p2|Brambleghast, L50, F|
|poke|p2|Archaludon, L50, M|
|poke|p2|Basculegion, L50, M|
|poke|p2|Kingambit, L50, F|
|poke|p2|Amoonguss, L50, F|
|teampreview|4
|showteam|p1|Tyranitar||AssaultVest|SandStream|KnockOff,LowKick,RockSlide,TeraBlast|||F|||50|,,,,,Flying]Kommo-o||Leftovers|Overcoat|BodyPress,IronDefense,ThroatChop,Protect|||F|||50|,,,,,Steel]Primarina||MysticWater|LiquidVoice|Haze,Moonblast,HyperVoice,Protect|||F|||50|,,,,,Poison]Corviknight||SitrusBerry|MirrorArmor|BraveBird,BulkUp,Roost,Tailwind|||F|||50|,,,,,Ghost]Incineroar||SafetyGoggles|Intimidate|KnockOff,PartingShot,FlareBlitz,FakeOut|||M|||50|,,,,,Ghost]Sinistcha||RockyHelmet|Hospitality|Protect,MatchaGotcha,RagePowder,ShadowBall||||||50|,,,,,Water
|showteam|p2|Pelipper||CovertCloak|Drizzle|Hurricane,WeatherBall,Tailwind,Protect|||M|||50|,,,,,Grass]Brambleghast||FocusSash|WindRider|SeedBomb,Poltergeist,ShadowSneak,Protect|||F|||50|,,,,,Ghost]Archaludon||AssaultVest|Stamina|ElectroShot,DracoMeteor,FlashCannon,BodyPress|||M|||50|,,,,,Bug]Basculegion||ChoiceBand|SwiftSwim|FlipTurn,WaveCrash,AquaJet,LastRespects|||M|||50|,,,,,Grass]Kingambit||BlackGlasses|Defiant|KowtowCleave,SuckerPunch,SwordsDance,Protect|||F|||50|,,,,,Dark]Amoonguss||SitrusBerry|EffectSpore|Spore,RagePowder,PollenPuff,Protect|||F|||50|,,,,,Fire
|
|t:|1756377942
|teamsize|p1|4
|teamsize|p2|4
|start
|switch|p1a: Aubrey|Primarina, L50, F|100/100
|switch|p1b: Omori|Kommo-o, L50, F|100/100
|switch|p2a: Basculegion|Basculegion, L50, M|100/100
|switch|p2b: Kingambit|Kingambit, L50, F|100/100
|turn|1
|
|t:|1756377966
|switch|p2b: Pelipper|Pelipper, L50, M|100/100
|-weather|RainDance|[from] ability: Drizzle|[of] p2b: Pelipper
|move|p2a: Basculegion|Flip Turn|p1b: Omori
|-resisted|p1b: Omori
|-damage|p1b: Omori|75/100
|
|t:|1756377972
|switch|p2a: Archaludon|Archaludon, L50, M, shiny|100/100|[from] Flip Turn
|move|p1b: Omori|Body Press|p2b: Pelipper
|-resisted|p2b: Pelipper
|-damage|p2b: Pelipper|76/100
|move|p1a: Aubrey|Moonblast|p2a: Archaludon
|-damage|p2a: Archaludon|66/100
|-ability|p2a: Archaludon|Stamina|boost
|-boost|p2a: Archaludon|def|1
|
|-weather|RainDance|[upkeep]
|-heal|p1b: Omori|80/100|[from] item: Leftovers
|upkeep
|turn|2
|
|t:|1756377997
|switch|p1a: Mari|Sinistcha, L50|100/100
|-heal|p1b: Omori|100/100|[from] ability: Hospitality|[of] p1a: Mari
|-terastallize|p1b: Omori|Steel
|-terastallize|p2a: Archaludon|Bug
|move|p1b: Omori|Iron Defense|p1b: Omori
|-boost|p1b: Omori|def|2
|move|p2b: Pelipper|Tailwind|p2b: Pelipper
|-sidestart|p2: LoveLiveTrickRoom|move: Tailwind
|move|p2a: Archaludon|Electro Shot||[still]
|-prepare|p2a: Archaludon|Electro Shot
|-boost|p2a: Archaludon|spa|1
|-anim|p2a: Archaludon|Electro Shot|p1a: Mari
|-resisted|p1a: Mari
|-damage|p1a: Mari|67/100
|
|-weather|RainDance|[upkeep]
|upkeep
|turn|3
|
|t:|1756378026
|switch|p1a: Hero|Tyranitar, L50, F|100/100
|-weather|Sandstorm|[from] ability: Sand Stream|[of] p1a: Hero
|move|p2b: Pelipper|Hurricane|p1a: Hero|[miss]
|-miss|p2b: Pelipper|p1a: Hero
|move|p2a: Archaludon|Electro Shot||[still]
|-prepare|p2a: Archaludon|Electro Shot
|-boost|p2a: Archaludon|spa|1
|move|p1b: Omori|Body Press|p2a: Archaludon
|-resisted|p2a: Archaludon
|-damage|p2a: Archaludon|48/100
|-ability|p2a: Archaludon|Stamina|boost
|-boost|p2a: Archaludon|def|1
|
|-weather|Sandstorm|[upkeep]
|-damage|p2b: Pelipper|70/100|[from] Sandstorm
|-damage|p2a: Archaludon|42/100|[from] Sandstorm
|upkeep
|turn|4
|
|t:|1756378042
|switch|p2b: Kingambit|Kingambit, L50, F|100/100
|move|p2a: Archaludon|Electro Shot|p1b: Omori|[from] lockedmove
|-damage|p1b: Omori|21/100
|move|p1b: Omori|Iron Defense|p1b: Omori
|-boost|p1b: Omori|def|2
|move|p1a: Hero|Rock Slide|p2b: Kingambit|[spread] p2a,p2b
|-supereffective|p2a: Archaludon
|-resisted|p2b: Kingambit
|-damage|p2a: Archaludon|20/100
|-damage|p2b: Kingambit|88/100
|-ability|p2a: Archaludon|Stamina|boost
|-boost|p2a: Archaludon|def|1
|
|-weather|Sandstorm|[upkeep]
|-damage|p2a: Archaludon|14/100|[from] Sandstorm
|-heal|p1b: Omori|26/100|[from] item: Leftovers
|upkeep
|turn|5
|
|t:|1756378057
|switch|p2b: Pelipper|Pelipper, L50, M|70/100
|-weather|RainDance|[from] ability: Drizzle|[of] p2b: Pelipper
|move|p1b: Omori|Protect|p1b: Omori
|-singleturn|p1b: Omori|Protect
|move|p2a: Archaludon|Body Press|p1a: Hero
|-supereffective|p1a: Hero
|-damage|p1a: Hero|0 fnt
|faint|p1a: Hero
|
|-weather|RainDance|[upkeep]
|-heal|p1b: Omori|32/100|[from] item: Leftovers
|-sideend|p2: LoveLiveTrickRoom|move: Tailwind
|upkeep
|
|t:|1756378071
|switch|p1a: Mari|Sinistcha, L50|67/100
|-heal|p1b: Omori|57/100|[from] ability: Hospitality|[of] p1a: Mari
|turn|6
|
|t:|1756378085
|move|p1b: Omori|Body Press|p2b: Pelipper
|-resisted|p2b: Pelipper
|-damage|p2b: Pelipper|5/100
|move|p2b: Pelipper|Hurricane|p1a: Mari
|-supereffective|p1a: Mari
|-damage|p1a: Mari|0 fnt
|faint|p1a: Mari
|move|p2a: Archaludon|Electro Shot||[still]
|-prepare|p2a: Archaludon|Electro Shot
|-boost|p2a: Archaludon|spa|1
|-anim|p2a: Archaludon|Electro Shot|p1b: Omori
|-damage|p1b: Omori|0 fnt
|faint|p1b: Omori
|
|-weather|RainDance|[upkeep]
|upkeep
|
|t:|1756378092
|switch|p1b: Aubrey|Primarina, L50, F|100/100
|turn|7
|
|t:|1756378100
|move|p2b: Pelipper|Tailwind|p2b: Pelipper
|-sidestart|p2: LoveLiveTrickRoom|move: Tailwind
|move|p2a: Archaludon|Electro Shot||[still]
|-prepare|p2a: Archaludon|Electro Shot
|-boost|p2a: Archaludon|spa|1
|-anim|p2a: Archaludon|Electro Shot|p1b: Aubrey
|-supereffective|p1b: Aubrey
|-damage|p1b: Aubrey|0 fnt
|faint|p1b: Aubrey
|
|win|LoveLiveTrickRoom
