|j|☆ShabazXVGC
|j|☆new mental
|html|ShabazXVGCnew mental    
|uhtml|bestof|Game 2 of a best-of-3
|t:|1784641195
|gametype|doubles
|player|p1|ShabazXVGC|alder|1195
|player|p2|new mental|volkner|1196
|gen|9
|tier|[Gen 9 Champions] VGC 2026 Reg M-B (Bo3)
|rated|
|rule|Species Clause: Limit one of each Pokémon
|rule|Item Clause: Limit 1 of each item
|clearpoke
|poke|p1|Archaludon, L50, F, shiny|
|poke|p1|Primarina, L50, F|
|poke|p1|Sableye, L50, M|
|poke|p1|Dragonite, L50, F|
|poke|p1|Delphox, L50, F, shiny|
|poke|p1|Maushold, L50|
|poke|p2|Aerodactyl, L50, M|
|poke|p2|Garchomp, L50, F|
|poke|p2|Kingambit, L50, F|
|poke|p2|Charizard, L50, F|
|poke|p2|Sylveon, L50, M|
|poke|p2|Farigiraf, L50, F|
|teampreview|4
|showteam|p1|Archaludon||SitrusBerry|Stamina|Snarl,ElectroShot,DragonPulse,Protect|Modest||F|||50|]Primarina||MysticWater|LiquidVoice|AquaJet,HyperVoice,Moonblast,Protect|Modest||F|||50|]Sableye||RoseliBerry|Prankster|RainDance,ThunderWave,FoulPlay,Reflect|Bold||M|||50|]Dragonite||Dragoninite|InnerFocus|Protect,Hurricane,DracoMeteor,Tailwind|Modest||F|||50|]Delphox||Delphoxite|Blaze|HeatWave,Psyshock,NastyPlot,Protect|Timid||F|||50|]Maushold||ChopleBerry|FriendGuard|SuperFang,FollowMe,Feint,Protect|Calm|||||50|
|showteam|p2|Aerodactyl||Aerodactylite|Unnerve|IceFang,RockSlide,Tailwind,DualWingbeat|Jolly||M|||50|]Garchomp||LifeOrb|RoughSkin|DragonClaw,RockSlide,Earthquake,Protect|Jolly||F|||50|]Kingambit||FocusSash|Defiant|SuckerPunch,KowtowCleave,IronHead,LowKick|Adamant||F|||50|]Charizard||CharizarditeY|SolarPower|Protect,WeatherBall,HeatWave,SolarBeam|Modest||F|||50|]Sylveon||FairyFeather|Pixilate|Protect,HyperVoice,HyperBeam,QuickAttack|Modest||M|||50|]Farigiraf||SitrusBerry|ArmorTail|TrickRoom,Thunderbolt,Roar,Psychic|Bold||F|||50|
|inactive|Battle timer is ON: inactive players will automatically lose when time's up. (requested by new mental)
|
|t:|1784641217
|teamsize|p1|4
|teamsize|p2|4
|start
|switch|p1a: Joker|Sableye, L50, M|100/100
|switch|p1b: Shirahoshi|Primarina, L50, F|100/100
|switch|p2a: Sylveon|Sylveon, L50, M|100/100
|switch|p2b: Farigiraf|Farigiraf, L50, F|100/100
|turn|1
|inactive|new mental has 30 seconds left.
|
|t:|1784641249
|move|p1a: Joker|Rain Dance|p1a: Joker
|-weather|RainDance
|move|p1b: Shirahoshi|Hyper Voice|p2b: Farigiraf|[spread] p2a,p2b
|-damage|p2a: Sylveon|50/100g
|-damage|p2b: Farigiraf|38/100
|-enditem|p2b: Farigiraf|Sitrus Berry|[eat]
|-heal|p2b: Farigiraf|63/100|[from] item: Sitrus Berry
|move|p2a: Sylveon|Hyper Voice|p1b: Shirahoshi|[spread] p1a,p1b
|-supereffective|p1a: Joker|1
|-enditem|p1a: Joker|Roseli Berry|[eat]
|-enditem|p1a: Joker|Roseli Berry|[weaken]
|-damage|p1a: Joker|38/100
|-damage|p1b: Shirahoshi|58/100
|move|p2b: Farigiraf|Trick Room|p2b: Farigiraf
|-fieldstart|move: Trick Room|[of] p2b: Farigiraf
|
|-weather|RainDance|[upkeep]
|upkeep
|turn|2
|
|t:|1784641273
|move|p1b: Shirahoshi|Protect|p1b: Shirahoshi
|-singleturn|p1b: Shirahoshi|Protect
|move|p1a: Joker|Reflect|p1a: Joker
|-sidestart|p1: ShabazXVGC|Reflect
|move|p2b: Farigiraf|Thunderbolt|p1b: Shirahoshi
|-activate|p1b: Shirahoshi|move: Protect
|move|p2a: Sylveon|Hyper Voice|p1a: Joker|[spread] p1a
|-activate|p1b: Shirahoshi|move: Protect
|-supereffective|p1a: Joker|1
|-damage|p1a: Joker|0 fnt
|faint|p1a: Joker
|
|-weather|RainDance|[upkeep]
|upkeep
|
|t:|1784641281
|switch|p1a: Nakama|Maushold, L50|100/100
|turn|3
|
|t:|1784641294
|move|p1a: Nakama|Follow Me|p1a: Nakama
|-singleturn|p1a: Nakama|move: Follow Me
|move|p2b: Farigiraf|Thunderbolt|p1a: Nakama
|-damage|p1a: Nakama|77/100
|move|p2a: Sylveon|Hyper Voice|p1b: Shirahoshi|[spread] p1a,p1b
|-damage|p1a: Nakama|32/100
|-damage|p1b: Shirahoshi|29/100
|move|p1b: Shirahoshi|Hyper Voice|p2a: Sylveon|[spread] p2a,p2b
|-crit|p2a: Sylveon
|-damage|p2a: Sylveon|0 fnt
|-damage|p2b: Farigiraf|9/100
|faint|p2a: Sylveon
|
|-weather|RainDance|[upkeep]
|upkeep
|
|t:|1784641310
|switch|p2a: Charizard|Charizard, L50, F|100/100
|turn|4
|
|t:|1784641321
|detailschange|p2a: Charizard|Charizard-Mega-Y, L50, F
|-mega|p2a: Charizard|Charizard|Charizardite Y
|-weather|SunnyDay|[from] ability: Drought|[of] p2a: Charizard
|move|p1a: Nakama|Follow Me|p1a: Nakama
|-singleturn|p1a: Nakama|move: Follow Me
|move|p2b: Farigiraf|Thunderbolt|p1a: Nakama
|-damage|p1a: Nakama|9/100
|move|p1b: Shirahoshi|Hyper Voice|p2b: Farigiraf|[spread] p2a,p2b
|-supereffective|p2a: Charizard|1
|-damage|p2a: Charizard|63/100
|-damage|p2b: Farigiraf|0 fnt
|faint|p2b: Farigiraf
|move|p2a: Charizard|Heat Wave|p1a: Nakama|[spread] p1a,p1b
|-resisted|p1b: Shirahoshi|1
|-damage|p1a: Nakama|0 fnt
|-damage|p1b: Shirahoshi|10/100
|faint|p1a: Nakama
|
|-weather|SunnyDay|[upkeep]
|upkeep
|
|t:|1784641334
|switch|p2b: Garchomp|Garchomp, L50, F|100/100
|switch|p1a: Foxy|Delphox, L50, F, shiny|100/100
|turn|5
|
|t:|1784641345
|detailschange|p1a: Foxy|Delphox-Mega, L50, F, shiny
|-mega|p1a: Foxy|Delphox|Delphoxite
|move|p1b: Shirahoshi|Protect|p1b: Shirahoshi
|-singleturn|p1b: Shirahoshi|Protect
|move|p2b: Garchomp|Protect|p2b: Garchomp
|-singleturn|p2b: Garchomp|Protect
|move|p1a: Foxy|Protect|p1a: Foxy
|-singleturn|p1a: Foxy|Protect
|move|p2a: Charizard|Solar Beam||[still]
|-prepare|p2a: Charizard|Solar Beam
|-anim|p2a: Charizard|Solar Beam|p1b: Shirahoshi
|-activate|p1b: Shirahoshi|move: Protect
|
|-weather|SunnyDay|[upkeep]
|-fieldend|move: Trick Room
|upkeep
|turn|6
|
|t:|1784641363
|move|p1b: Shirahoshi|Aqua Jet|p2a: Charizard
|-supereffective|p2a: Charizard|1
|-crit|p2a: Charizard
|-damage|p2a: Charizard|46/100
|move|p1a: Foxy|Heat Wave|p2b: Garchomp|[spread] p2a
|-miss|p1a: Foxy|p2b: Garchomp
|-resisted|p2a: Charizard|1
|-damage|p2a: Charizard|22/100
|move|p2b: Garchomp|Rock Slide|p1a: Foxy|[spread] p1a,p1b
|-supereffective|p1a: Foxy|1
|-damage|p1a: Foxy|63/100
|-damage|p1b: Shirahoshi|0 fnt
|faint|p1b: Shirahoshi
|-damage|p2b: Garchomp|90/100|[from] item: Life Orb
|move|p2a: Charizard|Weather Ball|p1a: Foxy
|-resisted|p1a: Foxy|1
|-damage|p1a: Foxy|29/100
|
|-weather|SunnyDay|[upkeep]
|-sideend|p1: ShabazXVGC|Reflect
|upkeep
|turn|7
|
|t:|1784641380
|move|p1a: Foxy|Heat Wave|p2b: Garchomp|[spread] p2a
|-miss|p1a: Foxy|p2b: Garchomp
|-resisted|p2a: Charizard|1
|-damage|p2a: Charizard|0 fnt
|faint|p2a: Charizard
|move|p2b: Garchomp|Rock Slide|p1a: Foxy
|-supereffective|p1a: Foxy|1
|-damage|p1a: Foxy|0 fnt
|faint|p1a: Foxy
|-damage|p2b: Garchomp|80/100|[from] item: Life Orb
|
|win|new mental
|raw|ShabazXVGC's rating: 1195 → 1170(-25 for losing)
|raw|new mental's rating: 1196 → 1221(+25 for winning)
