|j|☆Awesome Person III
|j|☆spacesnake11
|html|Awesome Person IIIspacesnake11    
|uhtml|bestof|Game 1 of a best-of-3
|t:|1757692732
|gametype|doubles
|player|p1|Awesome Person III|fisherman-gen4|1439
|player|p2|spacesnake11|ghetsis|1356
|gen|9
|tier|[Gen 9] VGC 2025 Reg H (Bo3)
|rated|
|rule|Species Clause: Limit one of each Pokémon
|rule|Item Clause: Limit 1 of each item
|clearpoke
|poke|p1|Dragonite, L50, M|
|poke|p1|Incineroar, L50, M|
|poke|p1|Rillaboom, L50, M|
|poke|p1|Sneasler, L50, F|
|poke|p1|Gholdengo, L50|
|poke|p1|Ursaluna-Bloodmoon, L50, M|
|poke|p2|Baxcalibur, L50, M|
|poke|p2|Sneasler, L50, F|
|poke|p2|Rillaboom, L50, M|
|poke|p2|Kingambit, L50, F|
|poke|p2|Volcarona, L50, M|
|poke|p2|Dondozo, L50, M|
|teampreview|4
|showteam|p1|Dragonite||LoadedDice|Multiscale|ScaleShot,Tailwind,Protect,Haze|||M|||50|,,,,,Fairy]Incineroar||SafetyGoggles|Intimidate|FlareBlitz,KnockOff,FakeOut,PartingShot|||M|||50|,,,,,Ghost]Rillaboom||MiracleSeed|GrassySurge|WoodHammer,GrassyGlide,HighHorsepower,FakeOut|||M|||50|,,,,,Water]Sneasler||FocusSash|Unburden|CloseCombat,DireClaw,ThroatChop,Protect|||F|||50|,,,,,Stellar]Gholdengo||LifeOrb|GoodasGold|MakeItRain,ShadowBall,Protect,NastyPlot||||||50|,,,,,Water]Ursaluna-Bloodmoon||AssaultVest|MindsEye|BloodMoon,EarthPower,HyperVoice,VacuumWave|||M|||50|,,,,,Electric
|showteam|p2|Baxcalibur||LoadedDice|ThermalExchange|ScaleShot,IcicleSpear,IceShard,Protect|||M|||50|,,,,,Ghost]Sneasler||FocusSash|Unburden|DireClaw,CloseCombat,Coaching,Protect|||F|||50|,,,,,Ghost]Rillaboom||AssaultVest|GrassySurge|FakeOut,GrassyGlide,WoodHammer,HighHorsepower|||M|||50|,,,,,Fire]Kingambit||SafetyGoggles|Defiant|KowtowCleave,SuckerPunch,SwordsDance,Protect|||F|||50|,,,,,Ghost]Volcarona||CovertCloak|FlameBody|HeatWave,TeraBlast,QuiverDance,RagePowder|||M|||50|,,,,,Fairy]Dondozo||Leftovers|Unaware|WaveCrash,Fissure,Yawn,Protect|||M|||50|,,,,,Poison
|inactive|Battle timer is ON: inactive players will automatically lose when time's up. (requested by Awesome Person III)
|inactive|Awesome Person III has 60 seconds left.
|inactive|spacesnake11 has 60 seconds left.
|inactive|Awesome Person III has 30 seconds left.
|inactive|Awesome Person III has 20 seconds left.
|
|t:|1757692807
|teamsize|p1|4
|teamsize|p2|4
|start
|switch|p1a: Ursaluna|Ursaluna-Bloodmoon, L50, M|100/100
|switch|p1b: Incineroar|Incineroar, L50, M|100/100
|switch|p2a: Kingambit|Kingambit, L50, F|100/100
|switch|p2b: Volcarona|Volcarona, L50, M|100/100
|-ability|p1b: Incineroar|Intimidate|boost
|-unboost|p2a: Kingambit|atk|1
|-ability|p2a: Kingambit|Defiant|boost
|-boost|p2a: Kingambit|atk|2
|-unboost|p2b: Volcarona|atk|1
|turn|1
|inactive|spacesnake11 has 30 seconds left.
|inactive|spacesnake11 has 20 seconds left.
|
|t:|1757692844
|move|p2a: Kingambit|Protect|p2a: Kingambit
|-singleturn|p2a: Kingambit|Protect
|move|p2b: Volcarona|Quiver Dance|p2b: Volcarona
|-boost|p2b: Volcarona|spa|1
|-boost|p2b: Volcarona|spd|1
|-boost|p2b: Volcarona|spe|1
|move|p1b: Incineroar|Flare Blitz|p2b: Volcarona
|-damage|p2b: Volcarona|40/100
|-damage|p1b: Incineroar|83/100|[from] Recoil
|move|p1a: Ursaluna|Blood Moon|p2b: Volcarona
|-damage|p2b: Volcarona|0 fnt
|faint|p2b: Volcarona
|
|upkeep
|
|t:|1757692867
|switch|p2b: Rillaboom|Rillaboom, L50, M|100/100
|-fieldstart|move: Grassy Terrain|[from] ability: Grassy Surge|[of] p2b: Rillaboom
|turn|2
|inactive|spacesnake11 has 30 seconds left.
|
|t:|1757692896
|switch|p1a: Dragonite|Dragonite, L50, M|100/100
|-terastallize|p2a: Kingambit|Ghost
|move|p2b: Rillaboom|Fake Out|p1a: Dragonite
|-damage|p1a: Dragonite|93/100
|move|p1b: Incineroar|Flare Blitz|p2b: Rillaboom
|-supereffective|p2b: Rillaboom
|-damage|p2b: Rillaboom|15/100
|-damage|p1b: Incineroar|55/100|[from] Recoil
|move|p2a: Kingambit|Swords Dance|p2a: Kingambit
|-boost|p2a: Kingambit|atk|2
|
|-heal|p2b: Rillaboom|21/100|[from] Grassy Terrain
|-heal|p1b: Incineroar|61/100|[from] Grassy Terrain
|upkeep
|turn|3
|inactive|Awesome Person III has 30 seconds left.
|inactive|spacesnake11 has 30 seconds left.
|
|t:|1757692929
|switch|p2b: Sneasler|Sneasler, L50, F|100/100
|move|p1a: Dragonite|Haze|p1a: Dragonite
|-clearallboost
|move|p1b: Incineroar|Knock Off|p2b: Sneasler
|-resisted|p2b: Sneasler
|-damage|p2b: Sneasler|67/100
|-enditem|p2b: Sneasler|Focus Sash|[from] move: Knock Off|[of] p1b: Incineroar
|move|p2a: Kingambit|Kowtow Cleave|p1a: Dragonite
|-damage|p1a: Dragonite|39/100
|
|-heal|p2b: Sneasler|73/100|[from] Grassy Terrain
|-heal|p1b: Incineroar|67/100|[from] Grassy Terrain
|upkeep
|turn|4
|inactive|spacesnake11 has 30 seconds left.
|inactive|spacesnake11 has 20 seconds left.
|
|t:|1757692965
|move|p2a: Kingambit|Sucker Punch|p1b: Incineroar
|-resisted|p1b: Incineroar
|-damage|p1b: Incineroar|49/100
|move|p2b: Sneasler|Dire Claw|p1a: Dragonite
|-damage|p1a: Dragonite|0 fnt
|faint|p1a: Dragonite
|move|p1b: Incineroar|Flare Blitz|p2b: Sneasler
|-damage|p2b: Sneasler|0 fnt
|faint|p2b: Sneasler
|-damage|p1b: Incineroar|31/100|[from] Recoil
|
|-heal|p1b: Incineroar|37/100|[from] Grassy Terrain
|upkeep
|
|t:|1757692976
|switch|p2b: Rillaboom|Rillaboom, L50, M|21/100
|switch|p1a: Sneasler|Sneasler, L50, F|100/100
|turn|5
|inactive|spacesnake11 has 30 seconds left.
|
|t:|1757693003
|move|p2b: Rillaboom|Grassy Glide|p1a: Sneasler
|-resisted|p1a: Sneasler
|-damage|p1a: Sneasler|70/100
|move|p1a: Sneasler|Dire Claw|p2b: Rillaboom
|-supereffective|p2b: Rillaboom
|-damage|p2b: Rillaboom|0 fnt
|faint|p2b: Rillaboom
|move|p1b: Incineroar|Knock Off|p2a: Kingambit
|-supereffective|p2a: Kingambit
|-damage|p2a: Kingambit|40/100
|-enditem|p2a: Kingambit|Safety Goggles|[from] move: Knock Off|[of] p1b: Incineroar
|move|p2a: Kingambit|Kowtow Cleave|p1b: Incineroar
|-resisted|p1b: Incineroar
|-damage|p1b: Incineroar|16/100
|
|-heal|p1a: Sneasler|76/100|[from] Grassy Terrain
|-heal|p1b: Incineroar|22/100|[from] Grassy Terrain
|-heal|p2a: Kingambit|45/100|[from] Grassy Terrain
|upkeep
|turn|6
|-message|spacesnake11 forfeited.
|
|win|Awesome Person III
|l|☆spacesnake11
|player|p2|
|inactive|Awesome Person III has 30 seconds to confirm battle start!
|inactive|spacesnake11 has 30 seconds to confirm battle start!
||spacesnake11 is ready for game 2.
|inactive|Awesome Person III has 20 seconds to confirm battle start!
