|j|☆spiritnekovgc
|j|☆aldishh
|html|spiritnekovgcaldishh    
|uhtml|bestof|Game 2 of a best-of-3
|t:|1757042929
|gametype|doubles
|player|p1|spiritnekovgc|psychic-gen4|1000
|player|p2|aldishh|169|1076
|gen|9
|tier|[Gen 9] VGC 2025 Reg H (Bo3)
|rated|
|rule|Species Clause: Limit one of each Pokémon
|rule|Item Clause: Limit 1 of each item
|clearpoke
|poke|p1|Sneasler, L50, F|
|poke|p1|Indeedee, L50, M|
|poke|p1|Ursaluna-Bloodmoon, L50, M|
|poke|p1|Talonflame, L50, M|
|poke|p1|Primarina, L50, M|
|poke|p1|Arcanine-Hisui, L50, M|
|poke|p2|Volcarona, L50, M|
|poke|p2|Rillaboom, L50, M|
|poke|p2|Gholdengo, L50|
|poke|p2|Dragonite, L50, F|
|poke|p2|Arcanine-Hisui, L50, F|
|poke|p2|Incineroar, L50, M|
|teampreview|4
|showteam|p1|Sneasler||PsychicSeed|Unburden|CloseCombat,DireClaw,ThroatChop,Protect|||F|||50|,,,,,Dark]Indeedee||FocusSash|PsychicSurge|ExpandingForce,TrickRoom,HelpingHand,Protect|||M|||50|,,,,,Psychic]Ursaluna-Bloodmoon||LifeOrb|MindsEye|BloodMoon,HyperVoice,EarthPower,Protect|||M|||50|,,,,,Normal]Talonflame||CovertCloak|GaleWings|FlareBlitz,DualWingbeat,WillOWisp,Tailwind|||M|||50|,,,,,Flying]Primarina||SitrusBerry|LiquidVoice|HyperVoice,Moonblast,Haze,Protect|||M|||50|,,,,,Poison]Arcanine-Hisui||ChoiceBand|Intimidate|FlareBlitz,ExtremeSpeed,CloseCombat,RockSlide|||M|||50|,,,,,Grass
|showteam|p2|Volcarona||Leftovers|FlameBody|QuiverDance,FieryDance,RagePowder,Protect|||M|||50|,,,,,Fairy]Rillaboom||AssaultVest|GrassySurge|GrassyGlide,WoodHammer,FakeOut,Protect|||M|||50|,,,,,Fire]Gholdengo||MetalCoat|GoodasGold|NastyPlot,Protect,MakeItRain,ShadowBall||||||50|,,,,,Water]Dragonite||LoadedDice|Multiscale|ScaleShot,Protect,Haze,Tailwind|||F|||50|,,,,,Dragon]Arcanine-Hisui||LifeOrb|Intimidate|FlareBlitz,CloseCombat,Protect,FlameCharge|||F|||50|,,,,,Grass]Incineroar||SafetyGoggles|Intimidate|PartingShot,FakeOut,KnockOff,Taunt|||M|||50|,,,,,Ghost
|inactive|Battle timer is ON: inactive players will automatically lose when time's up. (requested by spiritnekovgc)
|
|t:|1757042955
|teamsize|p1|4
|teamsize|p2|4
|start
|switch|p1a: Shrike|Talonflame, L50, M, shiny|100/100
|switch|p1b: Primarina|Primarina, L50, M|100/100
|switch|p2a: Arcanine|Arcanine-Hisui, L50, F|100/100
|switch|p2b: Dragonite|Dragonite, L50, F|100/100
|-ability|p2a: Arcanine|Intimidate|boost
|-unboost|p1a: Shrike|atk|1
|-unboost|p1b: Primarina|atk|1
|turn|1
|
|t:|1757042977
|switch|p2a: Rillaboom|Rillaboom, L50, M|100/100
|-fieldstart|move: Grassy Terrain|[from] ability: Grassy Surge|[of] p2a: Rillaboom
|move|p1a: Shrike|Tailwind|p1a: Shrike
|-sidestart|p1: spiritnekovgc|move: Tailwind
|move|p1b: Primarina|Moonblast|p2b: Dragonite
|-supereffective|p2b: Dragonite
|-damage|p2b: Dragonite|49/100
|move|p2b: Dragonite|Scale Shot|p1a: Shrike|[miss]
|-miss|p2b: Dragonite|p1a: Shrike
|
|upkeep
|turn|2
|c|☆spiritnekovgc|rip
|inactive|spiritnekovgc has 30 seconds left.
|inactive|aldishh has 30 seconds left.
|
|t:|1757043016
|switch|p1a: Alfred|Indeedee, L50, M|100/100
|-fieldstart|move: Psychic Terrain|[from] ability: Psychic Surge|[of] p1a: Alfred
|switch|p2b: Arcanine|Arcanine-Hisui, L50, F|100/100
|-ability|p2b: Arcanine|Intimidate|boost
|-unboost|p1a: Alfred|atk|1
|-unboost|p1b: Primarina|atk|1
|move|p1b: Primarina|Moonblast|p2b: Arcanine
|-resisted|p2b: Arcanine
|-damage|p2b: Arcanine|67/100
|-unboost|p2b: Arcanine|spa|1
|move|p2a: Rillaboom|Wood Hammer|p1b: Primarina
|-supereffective|p1b: Primarina
|-damage|p1b: Primarina|0 fnt
|faint|p1b: Primarina
|-damage|p2a: Rillaboom|70/100|[from] Recoil
|
|upkeep
|
|t:|1757043033
|switch|p1b: Maple|Ursaluna-Bloodmoon, L50, M|100/100
|turn|3
|
|t:|1757043042
|switch|p2a: Dragonite|Dragonite, L50, F|49/100
|-terastallize|p1b: Maple|Normal
|move|p2b: Arcanine|Protect|p2b: Arcanine
|-singleturn|p2b: Arcanine|Protect
|move|p1a: Alfred|Expanding Force|p2a: Dragonite|[spread] p2a
|-activate|p2b: Arcanine|move: Protect
|-damage|p2a: Dragonite|0 fnt
|faint|p2a: Dragonite
|move|p1b: Maple|Hyper Voice|p2b: Arcanine
|-activate|p2b: Arcanine|move: Protect
|
|upkeep
|
|t:|1757043054
|switch|p2a: Rillaboom|Rillaboom, L50, M|70/100
|-fieldstart|move: Grassy Terrain|[from] ability: Grassy Surge|[of] p2a: Rillaboom
|turn|4
|
|t:|1757043072
|switch|p1a: Shrike|Talonflame, L50, M, shiny|100/100
|move|p1b: Maple|Protect|p1b: Maple
|-singleturn|p1b: Maple|Protect
|move|p2a: Rillaboom|Fake Out|p1a: Shrike
|-damage|p1a: Shrike|78/100
|move|p2b: Arcanine|Flame Charge|p1a: Shrike
|-resisted|p1a: Shrike
|-damage|p1a: Shrike|55/100
|-boost|p2b: Arcanine|spe|1
|-damage|p2b: Arcanine|57/100|[from] item: Life Orb
|
|-heal|p2b: Arcanine|63/100|[from] Grassy Terrain
|-heal|p2a: Rillaboom|76/100|[from] Grassy Terrain
|-sideend|p1: spiritnekovgc|move: Tailwind
|upkeep
|turn|5
|j| Ducktile
|l| Ducktile
|
|t:|1757043089
|switch|p2a: Incineroar|Incineroar, L50, M, shiny|100/100
|-ability|p2a: Incineroar|Intimidate|boost
|-unboost|p1a: Shrike|atk|1
|-unboost|p1b: Maple|atk|1
|move|p2b: Arcanine|Close Combat|p1b: Maple
|-supereffective|p1b: Maple
|-damage|p1b: Maple|18/100
|-unboost|p2b: Arcanine|def|1
|-unboost|p2b: Arcanine|spd|1
|-damage|p2b: Arcanine|53/100|[from] item: Life Orb
|move|p1a: Shrike|Tailwind|p1a: Shrike
|-sidestart|p1: spiritnekovgc|move: Tailwind
|move|p1b: Maple|Earth Power|p2b: Arcanine
|-supereffective|p2b: Arcanine
|-damage|p2b: Arcanine|0 fnt
|faint|p2b: Arcanine
|-damage|p1b: Maple|8/100|[from] item: Life Orb
|
|-heal|p1b: Maple|14/100|[from] Grassy Terrain
|upkeep
|
|t:|1757043106
|switch|p2b: Rillaboom|Rillaboom, L50, M|76/100
|turn|6
|inactive|aldishh has 30 seconds left.
|-message|aldishh forfeited.
|
|win|spiritnekovgc
|raw|spiritnekovgc's rating: 1000 → 1049(+49 for winning)
|raw|aldishh's rating: 1076 → 1050(-26 for losing)
