|j|☆kirito1986
|j|☆palateink
|html|kirito1986palateink    
|uhtml|bestof|Game 1 of a best-of-3
|t:|1785643180
|gametype|doubles
|player|p1|kirito1986|169|1090
|player|p2|palateink|backpackerf|1000
|gen|9
|tier|[Gen 9 Champions] VGC 2026 Reg M-B (Bo3)
|rated|
|rule|Species Clause: Limit one of each Pokémon
|rule|Item Clause: Limit 1 of each item
|clearpoke
|poke|p1|Charizard, L50, M|
|poke|p1|Basculegion-F, L50, F|
|poke|p1|Gholdengo, L50|
|poke|p1|Sneasler, L50, M|
|poke|p1|Whimsicott, L50, M|
|poke|p1|Garchomp, L50, F|
|poke|p2|Raichu, L50, M|
|poke|p2|Sinistcha, L50|
|poke|p2|Kingambit, L50, F|
|poke|p2|Sneasler, L50, M|
|poke|p2|Palafin, L50, M|
|poke|p2|Vanilluxe, L50, M|
|teampreview|4
|showteam|p1|Charizard||CharizarditeY|SolarPower|HeatWave,SolarBeam,WeatherBall,Protect|Timid||M|||50|]Basculegion-F||MysticWater|Adaptability|WaveCrash,AquaJet,LastRespects,Protect|Adamant||F|||50|]Gholdengo||MetalCoat|GoodasGold|MakeItRain,ShadowBall,NastyPlot,Protect|Modest|||||50|]Sneasler||MentalHerb|Unburden|FakeOut,CloseCombat,DireClaw,Protect|Adamant||M|||50|]Whimsicott||FocusSash|Prankster|Tailwind,Encore,Moonblast,Protect|Timid||M|||50|]Garchomp||LifeOrb|RoughSkin|RockSlide,Earthquake,DragonClaw,Protect|Adamant||F|||50|
|showteam|p2|Raichu||RaichuniteY|LightningRod|ZapCannon,GrassKnot,FocusBlast,Protect|Timid||M|||50|]Sinistcha||SitrusBerry|Hospitality|RagePowder,MatchaGotcha,LifeDew,StrengthSap|Bold|||||50|]Kingambit||ChopleBerry|Defiant|SuckerPunch,IronHead,KowtowCleave,LowKick|Adamant||F|||50|]Sneasler||WhiteHerb|Unburden|DireClaw,CloseCombat,FakeOut,Coaching|Adamant||M|||50|]Palafin||MysticWater|ZerotoHero|JetPunch,FlipTurn,Taunt,DrainPunch|Jolly||M|||50|]Vanilluxe||LightClay|SnowWarning|IcyWind,Blizzard,FreezeDry,AuroraVeil|Modest||M|||50|
|inactive|Battle timer is ON: inactive players will automatically lose when time's up. (requested by kirito1986)
|
|t:|1785643226
|teamsize|p1|4
|teamsize|p2|4
|start
|switch|p1a: Whimsicott|Whimsicott, L50, M|100/100
|switch|p1b: Charizard|Charizard, L50, M|100/100
|switch|p2a: Sneasler|Sneasler, L50, M|100/100
|switch|p2b: Raichu|Raichu, L50, M|100/100
|turn|1
|inactive|palateink has 30 seconds left.
|inactive|palateink has 20 seconds left.
|
|t:|1785643261
|detailschange|p2b: Raichu|Raichu-Mega-Y, L50, M
|-mega|p2b: Raichu|Raichu|Raichunite Y
|detailschange|p1b: Charizard|Charizard-Mega-Y, L50, M
|-mega|p1b: Charizard|Charizard|Charizardite Y
|-weather|SunnyDay|[from] ability: Drought|[of] p1b: Charizard
|move|p1a: Whimsicott|Protect|p1a: Whimsicott
|-singleturn|p1a: Whimsicott|Protect
|move|p1b: Charizard|Protect|p1b: Charizard
|-singleturn|p1b: Charizard|Protect
|move|p2a: Sneasler|Fake Out|p1b: Charizard
|-activate|p1b: Charizard|move: Protect
|move|p2b: Raichu|Zap Cannon|p1a: Whimsicott
|-activate|p1a: Whimsicott|move: Protect
|
|-weather|SunnyDay|[upkeep]
|upkeep
|turn|2
|inactive|kirito1986 has 30 seconds left.
|inactive|palateink has 30 seconds left.
|inactive|kirito1986 has 20 seconds left.
|inactive|palateink has 20 seconds left.
|inactive|kirito1986 has 15 seconds left.
|inactive|palateink has 15 seconds left.
|inactive|kirito1986 has 10 seconds left.
|
|t:|1785643307
|switch|p1b: Garchomp|Garchomp, L50, F|100/100
|move|p1a: Whimsicott|Encore|p2a: Sneasler
|-start|p2a: Sneasler|Encore
|move|p2a: Sneasler|Fake Out||[still]
|-hint|Fake Out only works on your first turn out.
|-fail|p2a: Sneasler
|move|p2b: Raichu|Zap Cannon|p1a: Whimsicott
|-resisted|p1a: Whimsicott|1
|-damage|p1a: Whimsicott|36/100
|-status|p1a: Whimsicott|par
|
|-weather|SunnyDay|[upkeep]
|upkeep
|turn|3
|inactive|palateink has 30 seconds left.
|
|t:|1785643335
|switch|p2a: Vanilluxe|Vanilluxe, L50, M|100/100
|-weather|Snowscape|[from] ability: Snow Warning|[of] p2a: Vanilluxe
|move|p1a: Whimsicott|Tailwind|p1a: Whimsicott
|-sidestart|p1: kirito1986|move: Tailwind
|move|p1b: Garchomp|Earthquake|p2b: Raichu|[spread] p1a,p2a,p2b
|-resisted|p1a: Whimsicott|1
|-crit|p1a: Whimsicott
|-supereffective|p2b: Raichu|1
|-damage|p1a: Whimsicott|0 fnt
|-damage|p2a: Vanilluxe|55/100
|-damage|p2b: Raichu|0 fnt
|faint|p1a: Whimsicott
|faint|p2b: Raichu
|-damage|p1b: Garchomp|90/100|[from] item: Life Orb
|
|-weather|Snowscape|[upkeep]
|upkeep
|
|t:|1785643350
|switch|p2b: Sneasler|Sneasler, L50, M|100/100
|switch|p1a: Charizard|Charizard-Mega-Y, L50, M|100/100
|-weather|SunnyDay|[from] ability: Drought|[of] p1a: Charizard
|turn|4
|
|t:|1785643369
|switch|p2a: Sinistcha|Sinistcha, L50|100/100
|move|p1a: Charizard|Protect|p1a: Charizard
|-singleturn|p1a: Charizard|Protect
|move|p1b: Garchomp|Protect|p1b: Garchomp
|-singleturn|p1b: Garchomp|Protect
|move|p2b: Sneasler|Fake Out|p1b: Garchomp
|-activate|p1b: Garchomp|move: Protect
|
|-weather|SunnyDay|[upkeep]
|upkeep
|turn|5
|inactive|kirito1986 has 30 seconds left.
|inactive|palateink has 30 seconds left.
|inactive|kirito1986 has 20 seconds left.
|inactive|palateink has 20 seconds left.
|
|t:|1785643405
|switch|p1a: Sneasler|Sneasler, L50, M|100/100
|move|p1b: Garchomp|Dragon Claw|p2b: Sneasler
|-damage|p2b: Sneasler|0 fnt
|faint|p2b: Sneasler
|-damage|p1b: Garchomp|80/100|[from] item: Life Orb
|move|p2a: Sinistcha|Matcha Gotcha|p1b: Garchomp|[spread] p1a,p1b
|-resisted|p1a: Sneasler|1
|-damage|p1a: Sneasler|82/100
|-damage|p1b: Garchomp|53/100
|-status|p1b: Garchomp|brn
|
|-weather|SunnyDay|[upkeep]
|-damage|p1b: Garchomp|47/100 brn|[from] brn
|upkeep
|
|t:|1785643419
|switch|p2b: Vanilluxe|Vanilluxe, L50, M|55/100
|-weather|Snowscape|[from] ability: Snow Warning|[of] p2b: Vanilluxe
|turn|6
|
|t:|1785643442
|switch|p1b: Charizard|Charizard-Mega-Y, L50, M|100/100
|-weather|SunnyDay|[from] ability: Drought|[of] p1b: Charizard
|move|p2a: Sinistcha|Rage Powder|p2a: Sinistcha
|-singleturn|p2a: Sinistcha|move: Rage Powder
|move|p1a: Sneasler|Dire Claw|p2a: Sinistcha
|-damage|p2a: Sinistcha|69/100
|-status|p2a: Sinistcha|slp
|move|p2b: Vanilluxe|Blizzard|p1b: Charizard|[spread] p1a,p1b
|-damage|p1a: Sneasler|28/100
|-damage|p1b: Charizard|53/100
|
|-weather|SunnyDay|[upkeep]
|-sideend|p1: kirito1986|move: Tailwind
|upkeep
|turn|7
|
|t:|1785643467
|move|p1a: Sneasler|Close Combat|p2b: Vanilluxe
|-supereffective|p2b: Vanilluxe|1
|-damage|p2b: Vanilluxe|0 fnt
|-unboost|p1a: Sneasler|def|1
|-unboost|p1a: Sneasler|spd|1
|faint|p2b: Vanilluxe
|move|p1b: Charizard|Weather Ball|p2a: Sinistcha
|-supereffective|p2a: Sinistcha|1
|-damage|p2a: Sinistcha|0 fnt
|faint|p2a: Sinistcha
|
|win|kirito1986
|inactive|kirito1986 has 30 seconds to confirm battle start!
|inactive|palateink has 30 seconds to confirm battle start!
||palateink is ready for game 2.
|inactive|kirito1986 has 20 seconds to confirm battle start!
|inactive|kirito1986 has 10 seconds to confirm battle start!
||kirito1986 is ready for game 2.
|uhtml|next|Next: Game 2 of 3
