|j|☆m0wuu
|j|☆yenjang
|html|m0wuuyenjang    
|uhtml|bestof|Game 2 of a best-of-3
|t:|1786167989
|gametype|doubles
|player|p1|m0wuu|barry|1077
|player|p2|yenjang|cynthia-gen4|1099
|gen|9
|tier|[Gen 9 Champions] VGC 2026 Reg M-B (Bo3)
|rated|
|rule|Species Clause: Limit one of each Pokémon
|rule|Item Clause: Limit 1 of each item
|clearpoke
|poke|p1|Garchomp, L50, M, shiny|
|poke|p1|Incineroar, L50, M, shiny|
|poke|p1|Charizard, L50, M|
|poke|p1|Basculegion, L50, M|
|poke|p1|Whimsicott, L50, F, shiny|
|poke|p1|Sneasler, L50, F|
|poke|p2|Raichu, L50, M, shiny|
|poke|p2|Sylveon, L50, F, shiny|
|poke|p2|Arcanine-Hisui, L50, M, shiny|
|poke|p2|Kingambit, L50, M, shiny|
|poke|p2|Farigiraf, L50, F, shiny|
|poke|p2|Staraptor, L50, M, shiny|
|teampreview|4
|showteam|p1|Garchomp||LifeOrb|RoughSkin|DragonClaw,RockSlide,Earthquake,Protect|Adamant||M|||50|]Incineroar||AspearBerry|Intimidate|FlareBlitz,PartingShot,FakeOut,DarkestLariat|Adamant||M|||50|]Charizard||CharizarditeY|Blaze|HeatWave,SolarBeam,WeatherBall,Protect|Modest||M|||50|]Basculegion||ChoiceScarf|Adaptability|LastRespects,AquaJet,WaveCrash,Protect|Adamant||M|||50|]Whimsicott||FocusSash|Prankster|Moonblast,Tailwind,SunnyDay,Endeavor|Timid||F|||50|]Sneasler||WhiteHerb|Unburden|DireClaw,CloseCombat,FakeOut,Protect|Adamant||F|||50|
|showteam|p2|Raichu||RaichuniteY|LightningRod|ZapCannon,FocusBlast,Protect,FakeOut|Timid||M|||50|]Sylveon||FairyFeather|Pixilate|HyperVoice,HyperBeam,Detect,QuickAttack|Modest||F|||50|]Arcanine-Hisui||FocusSash|RockHead|HeadSmash,FlareBlitz,Protect,ExtremeSpeed|Jolly||M|||50|]Kingambit||LifeOrb|Defiant|SuckerPunch,KowtowCleave,LowKick,Protect|Adamant||M|||50|]Farigiraf||SitrusBerry|ArmorTail|Thunderbolt,Psychic,HelpingHand,TrickRoom|Calm||F|||50|]Staraptor||Staraptite|Intimidate|CloseCombat,DualWingbeat,Protect,Tailwind|Jolly||M|||50|
|inactive|Battle timer is ON: inactive players will automatically lose when time's up. (requested by yenjang)
|inactive|yenjang has 60 seconds left.
|inactive|yenjang has 30 seconds left.
|
|t:|1786168064
|teamsize|p1|4
|teamsize|p2|4
|start
|switch|p1a: 喷火龙|Charizard, L50, M|100/100
|switch|p1b: 坏女孩|Whimsicott, L50, F, shiny|100/100
|switch|p2a: Raichu|Raichu, L50, M, shiny|100/100
|switch|p2b: Sylveon|Sylveon, L50, F, shiny|100/100
|turn|1
|inactive|yenjang has 30 seconds left.
|
|t:|1786168098
|detailschange|p1a: 喷火龙|Charizard-Mega-Y, L50, M
|-mega|p1a: 喷火龙|Charizard|Charizardite Y
|-weather|SunnyDay|[from] ability: Drought|[of] p1a: 喷火龙
|move|p1a: 喷火龙|Protect|p1a: 喷火龙
|-singleturn|p1a: 喷火龙|Protect
|move|p2a: Raichu|Fake Out|p1b: 坏女孩
|-damage|p1b: 坏女孩|89/100
|cant|p1b: 坏女孩|flinch
|move|p2b: Sylveon|Hyper Voice|p1b: 坏女孩|[spread] p1b
|-activate|p1a: 喷火龙|move: Protect
|-damage|p1b: 坏女孩|13/100
|
|-weather|SunnyDay|[upkeep]
|upkeep
|turn|2
|inactive|m0wuu has 30 seconds left.
|inactive|yenjang has 30 seconds left.
|
|t:|1786168129
|detailschange|p2a: Raichu|Raichu-Mega-Y, L50, M, shiny
|-mega|p2a: Raichu|Raichu|Raichunite Y
|move|p2a: Raichu|Focus Blast|p1a: 喷火龙
|-resisted|p1a: 喷火龙|1
|-damage|p1a: 喷火龙|82/100
|move|p1b: 坏女孩|Endeavor|p2a: Raichu
|-damage|p2a: Raichu|11/100
|move|p1a: 喷火龙|Weather Ball|p2b: Sylveon
|-damage|p2b: Sylveon|23/100
|move|p2b: Sylveon|Hyper Voice|p1b: 坏女孩|[spread] p1a,p1b
|-resisted|p1a: 喷火龙|1
|-damage|p1a: 喷火龙|61/100
|-damage|p1b: 坏女孩|0 fnt
|faint|p1b: 坏女孩
|
|-weather|SunnyDay|[upkeep]
|upkeep
|
|t:|1786168145
|switch|p1b: 大妞拉|Sneasler, L50, F|100/100
|turn|3
|inactive|yenjang has 30 seconds left.
|
|t:|1786168171
|switch|p2b: Farigiraf|Farigiraf, L50, F, shiny|100/100
|move|p2a: Raichu|Protect|p2a: Raichu
|-singleturn|p2a: Raichu|Protect
|move|p1b: 大妞拉|Fake Out||[still]
|cant|p2b: Farigiraf|ability: Armor Tail|Fake Out|[of] p1b: 大妞拉
|move|p1a: 喷火龙|Heat Wave|p2b: Farigiraf|[spread] p2b
|-activate|p2a: Raichu|move: Protect
|-damage|p2b: Farigiraf|41/100
|-enditem|p2b: Farigiraf|Sitrus Berry|[eat]
|-heal|p2b: Farigiraf|66/100|[from] item: Sitrus Berry
|
|-weather|SunnyDay|[upkeep]
|upkeep
|turn|4
|inactive|yenjang has 30 seconds left.
|
|t:|1786168197
|move|p2a: Raichu|Zap Cannon|p1a: 喷火龙
|-supereffective|p1a: 喷火龙|1
|-damage|p1a: 喷火龙|0 fnt
|faint|p1a: 喷火龙
|move|p1b: 大妞拉|Dire Claw|p2b: Farigiraf
|-damage|p2b: Farigiraf|20/100y
|move|p2b: Farigiraf|Trick Room|p2b: Farigiraf
|-fieldstart|move: Trick Room|[of] p2b: Farigiraf
|
|-weather|SunnyDay|[upkeep]
|upkeep
|
|t:|1786168208
|switch|p1a: 幽尾玄鱼|Basculegion, L50, M|100/100
|turn|5
|
|t:|1786168228
|move|p1b: 大妞拉|Protect|p1b: 大妞拉
|-singleturn|p1b: 大妞拉|Protect
|move|p2a: Raichu|Protect|p2a: Raichu
|-singleturn|p2a: Raichu|Protect
|move|p2b: Farigiraf|Psychic|p1b: 大妞拉
|-activate|p1b: 大妞拉|move: Protect
|move|p1a: 幽尾玄鱼|Wave Crash|p2a: Raichu
|-activate|p2a: Raichu|move: Protect
|
|-weather|none
|upkeep
|turn|6
|inactive|yenjang has 30 seconds left.
|inactive|m0wuu has 30 seconds left.
|inactive|yenjang has 20 seconds left.
|inactive|yenjang has 15 seconds left.
|
|t:|1786168269
|move|p2b: Farigiraf|Psychic|p1b: 大妞拉
|-supereffective|p1b: 大妞拉|2
|-damage|p1b: 大妞拉|0 fnt
|faint|p1b: 大妞拉
|move|p1a: 幽尾玄鱼|Wave Crash|p2b: Farigiraf
|-damage|p2b: Farigiraf|0 fnt
|faint|p2b: Farigiraf
|-damage|p1a: 幽尾玄鱼|93/100|[from] Recoil
|move|p2a: Raichu|Zap Cannon|p1a: 幽尾玄鱼
|-supereffective|p1a: 幽尾玄鱼|1
|-damage|p1a: 幽尾玄鱼|0 fnt
|faint|p1a: 幽尾玄鱼
|
|win|yenjang
|raw|m0wuu's rating: 1077 → 1057(-20 for losing)
|raw|yenjang's rating: 1099 → 1123(+24 for winning)
