|j|☆klophaffed
|j|☆Pzdns99
|html|klophaffedPzdns99    
|uhtml|bestof|Game 2 of a best-of-3
|t:|1756869646
|gametype|doubles
|player|p1|klophaffed|169|
|player|p2|Pzdns99|grimsley|
|gen|9
|tier|[Gen 9] VGC 2025 Reg H (Bo3)
|rule|Species Clause: Limit one of each Pokémon
|rule|Item Clause: Limit 1 of each item
|clearpoke
|poke|p1|Maushold-Four, L50|
|poke|p1|Annihilape, L50, M|
|poke|p1|Hydrapple, L50, F|
|poke|p1|Dragonite, L50, F|
|poke|p1|Ampharos, L50, F|
|poke|p1|Pelipper, L50, F|
|poke|p2|Lumineon, L50, M|
|poke|p2|Pelipper, L50, M|
|poke|p2|Archaludon, L50, M|
|poke|p2|Amoonguss, L50, F|
|poke|p2|Annihilape, L50, M|
|poke|p2|Weavile, L50, M|
|teampreview|4
|showteam|p1|Maushold-Four||SafetyGoggles|FriendGuard|BeatUp,FollowMe,SuperFang,Feint||||||50|,,,,,Ghost]Annihilape||PunchingGlove|Defiant|RageFist,DrainPunch,BulkUp,Protect|||M|||50|,,,,,Steel]Hydrapple||ScopeLens|SupersweetSyrup|LeafStorm,DracoMeteor,HydroPump,Protect|||F|||50|,,,,,Water]Dragonite||RazorClaw|InnerFocus|DragonClaw,ExtremeSpeed,IceSpinner,Protect|||F|||50|,,,,,Normal]Ampharos||LightClay|Static|Reflect,LightScreen,DragonCheer,Electroweb|||F|||50|,,,,,Flying]Pelipper||FocusSash|Drizzle|Tailwind,Hurricane,WeatherBall,Protect|||F|||50|,,,,,Stellar
|showteam|p2|Lumineon||CovertCloak|SwiftSwim|FlipTurn,Tailwind,Encore,RainDance|||M|||50|,,,,,Grass]Pelipper||ChoiceSpecs|Drizzle|Hurricane,MuddyWater,WeatherBall,Uturn|||M|||50|,,,,,Ghost]Archaludon||AssaultVest|Stamina|ElectroShot,BodyPress,Snarl,DracoMeteor|||M|||50|,,,,,Grass]Amoonguss||SitrusBerry|Regenerator|PollenPuff,Protect,RagePowder,Spore|||F|||50|,,,,,Psychic]Annihilape||SafetyGoggles|Defiant|DrainPunch,RageFist,BulkUp,Taunt|||M|||50|,,,,,Water]Weavile||FocusSash|Pickpocket|BeatUp,TripleAxel,KnockOff,Protect|||M|||50|,,,,,Ghost
|inactive|Battle timer is ON: inactive players will automatically lose when time's up. (requested by Pzdns99)
|
|t:|1756869683
|teamsize|p1|4
|teamsize|p2|4
|start
|switch|p1a: Maushold|Maushold-Four, L50|100/100
|switch|p1b: Annihilape|Annihilape, L50, M|100/100
|switch|p2a: Archaludon|Archaludon, L50, M|100/100
|switch|p2b: Weavile|Weavile, L50, M|100/100
|turn|1
|inactive|klophaffed has 30 seconds left.
|inactive|Pzdns99 has 30 seconds left.
|inactive|klophaffed has 20 seconds left.
|inactive|Pzdns99 has 20 seconds left.
|inactive|klophaffed has 15 seconds left.
|inactive|Pzdns99 has 15 seconds left.
|
|t:|1756869726
|move|p2b: Weavile|Beat Up|p2a: Archaludon
|-damage|p2a: Archaludon|94/100
|-ability|p2a: Archaludon|Stamina|boost
|-boost|p2a: Archaludon|def|1
|-crit|p2a: Archaludon
|-damage|p2a: Archaludon|83/100
|-ability|p2a: Archaludon|Stamina|boost
|-boost|p2a: Archaludon|def|1
|-damage|p2a: Archaludon|81/100
|-ability|p2a: Archaludon|Stamina|boost
|-boost|p2a: Archaludon|def|1
|-damage|p2a: Archaludon|79/100
|-ability|p2a: Archaludon|Stamina|boost
|-boost|p2a: Archaludon|def|1
|-hitcount|p2a: Archaludon|4
|move|p1a: Maushold|Super Fang|p2a: Archaludon
|-damage|p2a: Archaludon|40/100
|-ability|p2a: Archaludon|Stamina|boost
|-boost|p2a: Archaludon|def|1
|move|p1b: Annihilape|Drain Punch|p2a: Archaludon
|-supereffective|p2a: Archaludon
|-damage|p2a: Archaludon|23/100
|-ability|p2a: Archaludon|Stamina|boost
|-boost|p2a: Archaludon|def|1
|move|p2a: Archaludon|Electro Shot||[still]
|-prepare|p2a: Archaludon|Electro Shot
|-boost|p2a: Archaludon|spa|1
|
|upkeep
|turn|2
|inactive|klophaffed has 30 seconds left.
|inactive|Pzdns99 has 30 seconds left.
|inactive|klophaffed has 20 seconds left.
|inactive|klophaffed has 15 seconds left.
|inactive|klophaffed has 10 seconds left.
|inactive|klophaffed has 5 seconds left.
|
|t:|1756869779
|move|p2b: Weavile|Triple Axel|p1a: Maushold|[miss]
|-miss|p2b: Weavile|p1a: Maushold
|move|p1a: Maushold|Super Fang|p2a: Archaludon
|-damage|p2a: Archaludon|12/100
|move|p1b: Annihilape|Drain Punch|p2a: Archaludon
|-supereffective|p2a: Archaludon
|-damage|p2a: Archaludon|0 fnt
|faint|p2a: Archaludon
|
|upkeep
|
|t:|1756869789
|switch|p2a: Pelipper|Pelipper, L50, M|100/100
|-weather|RainDance|[from] ability: Drizzle|[of] p2a: Pelipper
|turn|3
|inactive|klophaffed has 30 seconds left.
|inactive|klophaffed has 20 seconds left.
|
|t:|1756869824
|-terastallize|p1b: Annihilape|Steel
|move|p2b: Weavile|Knock Off|p1a: Maushold
|-damage|p1a: Maushold|39/100
|-enditem|p1a: Maushold|Safety Goggles|[from] move: Knock Off|[of] p2b: Weavile
|move|p1a: Maushold|Beat Up|p1b: Annihilape
|-damage|p1b: Annihilape|99/100
|-damage|p1b: Annihilape|96/100
|-damage|p1b: Annihilape|95/100
|-damage|p1b: Annihilape|92/100
|-hitcount|p1b: Annihilape|4
|move|p1b: Annihilape|Rage Fist|p2a: Pelipper
|-damage|p2a: Pelipper|0 fnt
|faint|p2a: Pelipper
|
|-weather|RainDance|[upkeep]
|upkeep
|
|t:|1756869837
|switch|p2a: Lumineon|Lumineon, L50, M|100/100
|turn|4
|
|t:|1756869859
|move|p1a: Maushold|Follow Me|p1a: Maushold
|-singleturn|p1a: Maushold|move: Follow Me
|move|p2a: Lumineon|Encore|p1a: Maushold
|-start|p1a: Maushold|Encore
|move|p2b: Weavile|Knock Off|p1a: Maushold
|-damage|p1a: Maushold|0 fnt
|faint|p1a: Maushold
|move|p1b: Annihilape|Drain Punch|p2b: Weavile
|-supereffective|p2b: Weavile
|-enditem|p2b: Weavile|Focus Sash
|-damage|p2b: Weavile|1/100
|-heal|p1b: Annihilape|100/100|[from] drain|[of] p2b: Weavile
|
|-weather|RainDance|[upkeep]
|upkeep
|
|t:|1756869876
|switch|p1a: Dragonite|Dragonite, L50, F|100/100
|turn|5
|
|t:|1756869884
|-terastallize|p2b: Weavile|Ghost
|move|p1a: Dragonite|Protect|p1a: Dragonite
|-singleturn|p1a: Dragonite|Protect
|move|p2a: Lumineon|Encore|p1b: Annihilape
|-start|p1b: Annihilape|Encore
|move|p2b: Weavile|Triple Axel|p1a: Dragonite
|-activate|p1a: Dragonite|move: Protect
|move|p1b: Annihilape|Drain Punch|p2b: Weavile
|-immune|p2b: Weavile
|
|-weather|RainDance|[upkeep]
|upkeep
|turn|6
|inactive|klophaffed has 30 seconds left.
|inactive|klophaffed has 20 seconds left.
|inactive|klophaffed has 15 seconds left.
|inactive|klophaffed has 10 seconds left.
|
|t:|1756869932
|switch|p1b: Hydrapple|Hydrapple, L50, F|100/100
|-ability|p1b: Hydrapple|Supersweet Syrup
|-unboost|p2a: Lumineon|evasion|1
|-unboost|p2b: Weavile|evasion|1
|move|p1a: Dragonite|Protect||[still]
|-fail|p1a: Dragonite
|move|p2a: Lumineon|Encore|p1a: Dragonite
|-start|p1a: Dragonite|Encore
|move|p2b: Weavile|Knock Off|p1b: Hydrapple
|-damage|p1b: Hydrapple|55/100
|-enditem|p1b: Hydrapple|Scope Lens|[from] move: Knock Off|[of] p2b: Weavile
|
|-weather|RainDance|[upkeep]
|upkeep
|turn|7
|inactive|klophaffed has 30 seconds left.
|inactive|Pzdns99 has 30 seconds left.
|inactive|klophaffed has 20 seconds left.
|inactive|klophaffed has 15 seconds left.
|
|t:|1756869976
|switch|p1a: Annihilape|Annihilape, L50, M, tera:Steel|100/100
|move|p2a: Lumineon|Tailwind|p2a: Lumineon
|-sidestart|p2: Pzdns99|move: Tailwind
|move|p2b: Weavile|Triple Axel|p1b: Hydrapple|[miss]
|-miss|p2b: Weavile|p1b: Hydrapple
|move|p1b: Hydrapple|Leaf Storm|p2a: Lumineon
|-supereffective|p2a: Lumineon
|-damage|p2a: Lumineon|0 fnt
|-unboost|p1b: Hydrapple|spa|2
|faint|p2a: Lumineon
|
|-weather|none
|upkeep
|turn|8
|
|t:|1756869990
|move|p2b: Weavile|Knock Off|p1a: Annihilape
|-damage|p1a: Annihilape|50/100
|-enditem|p1a: Annihilape|Punching Glove|[from] move: Knock Off|[of] p2b: Weavile
|move|p1a: Annihilape|Rage Fist|p2b: Weavile
|-supereffective|p2b: Weavile
|-damage|p2b: Weavile|0 fnt
|faint|p2b: Weavile
|
|win|klophaffed
||Pzdns99 is ready for game 3.
||klophaffed is ready for game 3.
|uhtml|next|Next: Game 3 of 3
|l|☆klophaffed
|player|p1|
