|j|☆Gayangos
|j|☆tryson69
|html|Gayangostryson69    
|uhtml|bestof|Game 1 of a best-of-3
|t:|1785175290
|gametype|doubles
|player|p1|Gayangos|266|1351
|player|p2|tryson69|crasherwake|1257
|gen|9
|tier|[Gen 9 Champions] VGC 2026 Reg M-B (Bo3)
|rated|
|rule|Species Clause: Limit one of each Pokémon
|rule|Item Clause: Limit 1 of each item
|clearpoke
|poke|p1|Tyranitar, L50, M|
|poke|p1|Excadrill, L50, M|
|poke|p1|Milotic, L50, M|
|poke|p1|Sinistcha, L50|
|poke|p1|Staraptor, L50, F|
|poke|p1|Gholdengo, L50|
|poke|p2|Raichu, L50, F|
|poke|p2|Gholdengo, L50|
|poke|p2|Garchomp, L50, M|
|poke|p2|Incineroar, L50, M|
|poke|p2|Milotic, L50, M|
|poke|p2|Whimsicott, L50, M|
|teampreview|4
|showteam|p1|Tyranitar||Tyranitarite|SandStream|KnockOff,RockSlide,LowKick,Protect|Jolly||M|||50|]Excadrill||FocusSash|SandRush|HighHorsepower,IronHead,RockSlide,Protect|Adamant||M|||50|]Milotic||SitrusBerry|Competitive|Scald,IcyWind,Haze,Protect|Calm||M|||50|]Sinistcha||ColburBerry|Hospitality|MatchaGotcha,ShadowBall,Protect,RagePowder|Bold|||||50|]Staraptor||Staraptite|Intimidate|CloseCombat,BraveBird,Tailwind,Protect|Jolly||F|||50|]Gholdengo||LifeOrb|GoodasGold|MakeItRain,ShadowBall,NastyPlot,Protect|Modest|||||50|
|showteam|p2|Raichu||RaichuniteY|LightningRod|ZapCannon,FocusBlast,Protect,FakeOut|Timid||F|||50|]Gholdengo||SpellTag|GoodasGold|NastyPlot,ShadowBall,Protect,MakeItRain|Modest|||||50|]Garchomp||LifeOrb|RoughSkin|Earthquake,RockSlide,Protect,DragonClaw|Adamant||M|||50|]Incineroar||SitrusBerry|Intimidate|FakeOut,FlareBlitz,DarkestLariat,PartingShot|Impish||M|||50|]Milotic||Leftovers|Competitive|Coil,HydroPump,Hypnosis,Recover|Calm||M|||50|]Whimsicott||FocusSash|Prankster|Tailwind,Moonblast,Encore,Protect|Timid||M|||50|
|
|t:|1785175324
|teamsize|p1|4
|teamsize|p2|4
|start
|switch|p1a: Excadrill|Excadrill, L50, M|100/100
|switch|p1b: Milotic|Milotic, L50, M|100/100
|switch|p2a: Raichu|Raichu, L50, F|100/100
|switch|p2b: Milotic|Milotic, L50, M|100/100
|turn|1
|
|t:|1785175340
|detailschange|p2a: Raichu|Raichu-Mega-Y, L50, F
|-mega|p2a: Raichu|Raichu|Raichunite Y
|move|p2a: Raichu|Fake Out|p1a: Excadrill
|-resisted|p1a: Excadrill|1
|-damage|p1a: Excadrill|94/100
|cant|p1a: Excadrill|flinch
|move|p1b: Milotic|Scald|p2b: Milotic
|-resisted|p2b: Milotic|1
|-damage|p2b: Milotic|90/100
|move|p2b: Milotic|Coil|p2b: Milotic
|-boost|p2b: Milotic|atk|1
|-boost|p2b: Milotic|def|1
|-boost|p2b: Milotic|accuracy|1
|
|-heal|p2b: Milotic|96/100|[from] item: Leftovers
|upkeep
|turn|2
|
|t:|1785175355
|switch|p1b: Sinistcha|Sinistcha, L50|100/100
|-heal|p1a: Excadrill|100/100|[from] ability: Hospitality|[of] p1b: Sinistcha
|move|p2a: Raichu|Protect|p2a: Raichu
|-singleturn|p2a: Raichu|Protect
|move|p1a: Excadrill|High Horsepower|p2a: Raichu
|-activate|p2a: Raichu|move: Protect
|move|p2b: Milotic|Hydro Pump|p1a: Excadrill
|-supereffective|p1a: Excadrill|1
|-enditem|p1a: Excadrill|Focus Sash
|-damage|p1a: Excadrill|1/100
|
|-heal|p2b: Milotic|100/100|[from] item: Leftovers
|upkeep
|turn|3
|
|t:|1785175420
|switch|p2a: Mr Cat|Incineroar, L50, M|100/100
|-ability|p2a: Mr Cat|Intimidate|boost
|-unboost|p1a: Excadrill|atk|1
|-unboost|p1b: Sinistcha|atk|1
|switch|p1a: Milotic|Milotic, L50, M|100/100
|move|p2b: Milotic|Hypnosis|p1b: Sinistcha|[miss]
|-miss|p2b: Milotic|p1b: Sinistcha
|move|p1b: Sinistcha|Matcha Gotcha|p2a: Mr Cat|[spread] p2a
|-miss|p1b: Sinistcha|p2b: Milotic
|-resisted|p2a: Mr Cat|1
|-damage|p2a: Mr Cat|91/100
|
|upkeep
|turn|4
|
|t:|1785175438
|move|p2a: Mr Cat|Fake Out|p1a: Milotic
|-damage|p1a: Milotic|89/100
|cant|p1a: Milotic|flinch
|move|p2b: Milotic|Hypnosis|p1a: Milotic|[miss]
|-miss|p2b: Milotic|p1a: Milotic
|move|p1b: Sinistcha|Matcha Gotcha|p2a: Mr Cat|[spread] p2a,p2b
|-resisted|p2a: Mr Cat|1
|-supereffective|p2b: Milotic|1
|-damage|p2a: Mr Cat|82/100
|-damage|p2b: Milotic|69/100
|
|-heal|p2b: Milotic|75/100|[from] item: Leftovers
|upkeep
|turn|5
|
|t:|1785175451
|switch|p2a: Gholdengo|Gholdengo, L50|100/100
|move|p1a: Milotic|Haze|p1a: Milotic
|-clearallboost
|move|p2b: Milotic|Hypnosis|p1a: Milotic
|-status|p1a: Milotic|slp|[from] move: Hypnosis
|move|p1b: Sinistcha|Matcha Gotcha|p2b: Milotic|[spread] p2a,p2b
|-resisted|p2a: Gholdengo|1
|-supereffective|p2b: Milotic|1
|-damage|p2a: Gholdengo|88/100
|-damage|p2b: Milotic|45/100
|
|-heal|p2b: Milotic|51/100|[from] item: Leftovers
|upkeep
|turn|6
|
|t:|1785175473
|switch|p1b: Tyranitar|Tyranitar, L50, M|100/100
|-weather|Sandstorm|[from] ability: Sand Stream|[of] p1b: Tyranitar
|cant|p1a: Milotic|slp
|move|p2a: Gholdengo|Nasty Plot|p2a: Gholdengo
|-boost|p2a: Gholdengo|spa|2
|move|p2b: Milotic|Coil|p2b: Milotic
|-boost|p2b: Milotic|atk|1
|-boost|p2b: Milotic|def|1
|-boost|p2b: Milotic|accuracy|1
|
|-weather|Sandstorm|[upkeep]
|-damage|p1a: Milotic|83/100 slp|[from] Sandstorm
|-damage|p2b: Milotic|45/100|[from] Sandstorm
|-heal|p2b: Milotic|51/100|[from] item: Leftovers
|upkeep
|turn|7
|
|t:|1785175491
|detailschange|p1b: Tyranitar|Tyranitar-Mega, L50, M
|-mega|p1b: Tyranitar|Tyranitar|Tyranitarite
|move|p2a: Gholdengo|Protect|p2a: Gholdengo
|-singleturn|p2a: Gholdengo|Protect
|move|p1b: Tyranitar|Knock Off|p2a: Gholdengo
|-activate|p2a: Gholdengo|move: Protect
|-curestatus|p1a: Milotic|slp|[msg]
|move|p1a: Milotic|Scald|p2b: Milotic
|-resisted|p2b: Milotic|1
|-damage|p2b: Milotic|42/100
|-status|p2b: Milotic|brn
|move|p2b: Milotic|Hypnosis|p1b: Tyranitar
|-status|p1b: Tyranitar|slp|[from] move: Hypnosis
|
|-weather|Sandstorm|[upkeep]
|-damage|p1a: Milotic|77/100|[from] Sandstorm
|-damage|p2b: Milotic|36/100 brn|[from] Sandstorm
|-heal|p2b: Milotic|42/100 brn|[from] item: Leftovers
|-damage|p2b: Milotic|36/100 brn|[from] brn
|upkeep
|turn|8
|
|t:|1785175513
|switch|p1b: Sinistcha|Sinistcha, L50|100/100
|-heal|p1a: Milotic|100/100|[from] ability: Hospitality|[of] p1b: Sinistcha
|move|p1a: Milotic|Scald|p2a: Gholdengo
|-damage|p2a: Gholdengo|60/100
|-status|p2a: Gholdengo|brn
|move|p2a: Gholdengo|Make It Rain|p1a: Milotic|[spread] p1a,p1b
|-resisted|p1a: Milotic|1
|-damage|p1a: Milotic|67/100
|-damage|p1b: Sinistcha|0 fnt
|-unboost|p2a: Gholdengo|spa|2
|faint|p1b: Sinistcha
|move|p2b: Milotic|Hydro Pump|p1a: Milotic
|-resisted|p1a: Milotic|1
|-damage|p1a: Milotic|53/100
|
|-weather|Sandstorm|[upkeep]
|-damage|p1a: Milotic|47/100|[from] Sandstorm
|-damage|p2b: Milotic|30/100 brn|[from] Sandstorm
|-enditem|p1a: Milotic|Sitrus Berry|[eat]
|-heal|p1a: Milotic|72/100|[from] item: Sitrus Berry
|-heal|p2b: Milotic|36/100 brn|[from] item: Leftovers
|-damage|p2a: Gholdengo|53/100 brn|[from] brn
|-damage|p2b: Milotic|30/100 brn|[from] brn
|upkeep
|
|t:|1785175528
|switch|p1b: Excadrill|Excadrill, L50, M|1/100
|turn|9
|
|t:|1785175541
|move|p2a: Gholdengo|Protect|p2a: Gholdengo
|-singleturn|p2a: Gholdengo|Protect
|move|p1b: Excadrill|High Horsepower|p2b: Milotic
|-damage|p2b: Milotic|0 fnt
|faint|p2b: Milotic
|move|p1a: Milotic|Scald|p2a: Gholdengo
|-activate|p2a: Gholdengo|move: Protect
|
|-weather|Sandstorm|[upkeep]
|-damage|p1a: Milotic|66/100|[from] Sandstorm
|-damage|p2a: Gholdengo|47/100 brn|[from] brn
|upkeep
|
|t:|1785175547
|switch|p2b: Mr Cat|Incineroar, L50, M|82/100
|-ability|p2b: Mr Cat|Intimidate|boost
|-unboost|p1a: Milotic|atk|1
|-ability|p1a: Milotic|Competitive|boost
|-boost|p1a: Milotic|spa|2
|-unboost|p1b: Excadrill|atk|1
|turn|10
|
|t:|1785175560
|switch|p1b: Tyranitar|Tyranitar-Mega, L50, M|100/100 slp
|switch|p2a: Raichu|Raichu-Mega-Y, L50, F|100/100
|move|p2b: Mr Cat|Fake Out|p1b: Tyranitar
|-resisted|p1b: Tyranitar|1
|-damage|p1b: Tyranitar|96/100 slp
|move|p1a: Milotic|Scald|p2a: Raichu
|-damage|p2a: Raichu|13/100
|
|-weather|none
|upkeep
|turn|11
|
|t:|1785175573
|switch|p1b: Excadrill|Excadrill, L50, M|1/100
|move|p1a: Milotic|Protect|p1a: Milotic
|-singleturn|p1a: Milotic|Protect
|move|p2a: Raichu|Zap Cannon|p1a: Milotic
|-activate|p1a: Milotic|move: Protect
|move|p2b: Mr Cat|Parting Shot|p1b: Excadrill
|-unboost|p1b: Excadrill|atk|1
|-unboost|p1b: Excadrill|spa|1
|inactive|Battle timer is ON: inactive players will automatically lose when time's up. (requested by Gayangos)
|
|t:|1785175578
|switch|p2b: Gholdengo|Gholdengo, L50|47/100 brn|[from] Parting Shot
|
|-damage|p2b: Gholdengo|41/100 brn|[from] brn
|upkeep
|turn|12
|
|t:|1785175595
|switch|p1a: Tyranitar|Tyranitar-Mega, L50, M|96/100 slp
|-weather|Sandstorm|[from] ability: Sand Stream|[of] p1a: Tyranitar
|move|p1b: Excadrill|High Horsepower|p2b: Gholdengo
|-supereffective|p2b: Gholdengo|1
|-damage|p2b: Gholdengo|0 fnt
|faint|p2b: Gholdengo
|move|p2a: Raichu|Zap Cannon|p1a: Tyranitar
|-damage|p1a: Tyranitar|57/100 slp
|
|-weather|Sandstorm|[upkeep]
|-damage|p2a: Raichu|8/100|[from] Sandstorm
|upkeep
|
|t:|1785175600
|switch|p2b: Mr Cat|Incineroar, L50, M|82/100
|-ability|p2b: Mr Cat|Intimidate|boost
|-unboost|p1a: Tyranitar|atk|1
|-unboost|p1b: Excadrill|atk|1
|turn|13
|
|t:|1785175609
|move|p1b: Excadrill|Protect|p1b: Excadrill
|-singleturn|p1b: Excadrill|Protect
|move|p2b: Mr Cat|Fake Out|p1b: Excadrill
|-activate|p1b: Excadrill|move: Protect
|move|p2a: Raichu|Focus Blast|p1a: Tyranitar
|-supereffective|p1a: Tyranitar|2
|-damage|p1a: Tyranitar|0 fnt
|faint|p1a: Tyranitar
|
|-weather|Sandstorm|[upkeep]
|-damage|p2a: Raichu|2/100|[from] Sandstorm
|-damage|p2b: Mr Cat|76/100|[from] Sandstorm
|upkeep
|
|t:|1785175616
|switch|p1a: Milotic|Milotic, L50, M|66/100
|turn|14
|-message|tryson69 forfeited.
|
|win|Gayangos
||tryson69 is ready for game 2.
||Gayangos is ready for game 2.
|uhtml|next|Next: Game 2 of 3
|l|☆tryson69
|player|p2|
