|j|☆KrsCrossAppleSauce
|j|☆parzival777
|html|KrsCrossAppleSauceparzival777    
|uhtml|bestof|Game 1 of a best-of-3
|t:|1756282662
|gametype|doubles
|player|p1|KrsCrossAppleSauce|green|1192
|player|p2|parzival777|2|1161
|gen|9
|tier|[Gen 9] VGC 2025 Reg H (Bo3)
|rated|
|rule|Species Clause: Limit one of each Pokémon
|rule|Item Clause: Limit 1 of each item
|clearpoke
|poke|p1|Sneasler, L50, F|
|poke|p1|Gholdengo, L50|
|poke|p1|Dondozo, L50, F|
|poke|p1|Rillaboom, L50, F|
|poke|p1|Volcarona, L50, F|
|poke|p1|Electabuzz, L50, F|
|poke|p2|Vivillon-Icy Snow, L50, M|
|poke|p2|Garchomp, L50, F|
|poke|p2|Ninetales, L50, F|
|poke|p2|Dragapult, L50, M|
|poke|p2|Incineroar, L50, F|
|poke|p2|Arboliva, L50, F|
|teampreview|4
|showteam|p1|Sneasler||FocusSash|PoisonTouch|FakeOut,DireClaw,CloseCombat,Protect|||F|||50|,,,,,Dark]Gholdengo||LifeOrb|GoodasGold|MakeItRain,ShadowBall,NastyPlot,Protect||||||50|,,,,,Water]Dondozo||Leftovers|Unaware|WaveCrash,Yawn,Fissure,Protect|||F|||50|,,,,,Psychic]Rillaboom||AssaultVest|GrassySurge|FakeOut,WoodHammer,GrassyGlide,Uturn|||F|||50|,,,,,Fire]Volcarona||CovertCloak|FlameBody|HeatWave,QuiverDance,TeraBlast,Protect|||F|||50|,,,,,Fairy]Electabuzz||Eviolite|VitalSpirit|Thunderbolt,FollowMe,Taunt,Protect|||F|||50|,,,,,Ghost
|showteam|p2|Vivillon-Icy Snow||FocusSash|CompoundEyes|Protect,Tailwind,SleepPowder,PollenPuff|||M|||50|,,,,,Ghost]Garchomp||ClearAmulet|RoughSkin|Protect,Earthquake,ScaleShot,RockSlide|||F|||50|,,,,,Fairy]Ninetales||ChoiceScarf|Drought|WeatherBall,HeatWave,ScorchingSands,SolarBeam|||F|||50|,,,,,Fairy]Dragapult||LifeOrb|ClearBody|Protect,DragonDarts,PhantomForce,Uturn|||M|||50|,,,,,Fairy]Incineroar||SitrusBerry|Intimidate|FakeOut,KnockOff,FlareBlitz,PartingShot|||F|||50|,,,,,Ghost]Arboliva||Leftovers|SeedSower|Protect,LeechSeed,GigaDrain,StrengthSap|||F|||50|,,,,,Ghost
|
|t:|1756282748
|teamsize|p1|4
|teamsize|p2|4
|start
|switch|p1a: Volcarona|Volcarona, L50, F|100/100
|switch|p1b: Rillaboom|Rillaboom, L50, F|100/100
|switch|p2a: Vivillon|Vivillon-Icy Snow, L50, M, shiny|100/100
|switch|p2b: Dragapult|Dragapult, L50, M|100/100
|-fieldstart|move: Grassy Terrain|[from] ability: Grassy Surge|[of] p1b: Rillaboom
|turn|1
|
|t:|1756282785
|-terastallize|p2a: Vivillon|Ghost
|move|p1b: Rillaboom|Fake Out|p2a: Vivillon
|-immune|p2a: Vivillon
|move|p2b: Dragapult|U-turn|p1b: Rillaboom
|-supereffective|p1b: Rillaboom
|-damage|p1b: Rillaboom|44/100
|-damage|p2b: Dragapult|91/100|[from] item: Life Orb
|
|t:|1756282793
|switch|p2b: Ninetales|Ninetales, L50, F|100/100|[from] U-turn
|-weather|SunnyDay|[from] ability: Drought|[of] p2b: Ninetales
|move|p2a: Vivillon|Sleep Powder|p1a: Volcarona
|-status|p1a: Volcarona|slp|[from] move: Sleep Powder
|cant|p1a: Volcarona|slp
|
|-weather|SunnyDay|[upkeep]
|-heal|p1b: Rillaboom|50/100|[from] Grassy Terrain
|upkeep
|turn|2
|
|t:|1756282804
|cant|p1a: Volcarona|slp
|move|p1b: Rillaboom|Grassy Glide|p2a: Vivillon
|-damage|p2a: Vivillon|42/100
|move|p2b: Ninetales|Heat Wave|p1a: Volcarona|[spread] p1a,p1b
|-supereffective|p1b: Rillaboom
|-damage|p1a: Volcarona|58/100 slp
|-damage|p1b: Rillaboom|0 fnt
|faint|p1b: Rillaboom
|move|p2a: Vivillon|Tailwind|p2a: Vivillon
|-sidestart|p2: parzival777|move: Tailwind
|
|-weather|SunnyDay|[upkeep]
|-heal|p2a: Vivillon|48/100|[from] Grassy Terrain
|-heal|p1a: Volcarona|64/100 slp|[from] Grassy Terrain
|upkeep
|
|t:|1756282809
|switch|p1b: Dondozo|Dondozo, L50, F|100/100
|turn|3
|
|t:|1756282822
|move|p2b: Ninetales|Heat Wave|p1a: Volcarona|[spread] p1a,p1b
|-resisted|p1b: Dondozo
|-damage|p1a: Volcarona|24/100 slp
|-damage|p1b: Dondozo|83/100
|move|p2a: Vivillon|Sleep Powder|p1b: Dondozo
|-status|p1b: Dondozo|slp|[from] move: Sleep Powder
|-curestatus|p1a: Volcarona|slp|[msg]
|move|p1a: Volcarona|Heat Wave|p2a: Vivillon|[spread] p2a,p2b
|-resisted|p2b: Ninetales
|-damage|p2a: Vivillon|0 fnt
|-damage|p2b: Ninetales|68/100
|faint|p2a: Vivillon
|cant|p1b: Dondozo|slp
|
|-weather|SunnyDay|[upkeep]
|-heal|p2b: Ninetales|74/100|[from] Grassy Terrain
|-heal|p1a: Volcarona|31/100|[from] Grassy Terrain
|-heal|p1b: Dondozo|89/100 slp|[from] Grassy Terrain
|-heal|p1b: Dondozo|96/100 slp|[from] item: Leftovers
|upkeep
|
|t:|1756282850
|switch|p2a: Arboliva|Arboliva, L50, F|100/100
|turn|4
|
|t:|1756282878
|move|p1a: Volcarona|Protect|p1a: Volcarona
|-singleturn|p1a: Volcarona|Protect
|move|p2a: Arboliva|Protect|p2a: Arboliva
|-singleturn|p2a: Arboliva|Protect
|move|p2b: Ninetales|Heat Wave|p1a: Volcarona|[spread] p1b
|-activate|p1a: Volcarona|move: Protect
|-resisted|p1b: Dondozo
|-damage|p1b: Dondozo|77/100 slp
|cant|p1b: Dondozo|slp
|
|-weather|SunnyDay|[upkeep]
|-heal|p2b: Ninetales|80/100|[from] Grassy Terrain
|-heal|p1a: Volcarona|37/100|[from] Grassy Terrain
|-heal|p1b: Dondozo|83/100 slp|[from] Grassy Terrain
|-heal|p1b: Dondozo|89/100 slp|[from] item: Leftovers
|upkeep
|turn|5
|
|t:|1756282910
|-terastallize|p1b: Dondozo|Psychic
|move|p2b: Ninetales|Heat Wave|p1b: Dondozo|[spread] p1a,p1b
|-damage|p1a: Volcarona|0 fnt
|-damage|p1b: Dondozo|53/100 slp
|faint|p1a: Volcarona
|move|p2a: Arboliva|Leech Seed|p1b: Dondozo
|-start|p1b: Dondozo|move: Leech Seed
|-curestatus|p1b: Dondozo|slp|[msg]
|move|p1b: Dondozo|Wave Crash|p2b: Ninetales
|-supereffective|p2b: Ninetales
|-damage|p2b: Ninetales|28/100
|-damage|p1b: Dondozo|42/100|[from] Recoil
|
|-weather|none
|-heal|p2b: Ninetales|34/100|[from] Grassy Terrain
|-heal|p1b: Dondozo|48/100|[from] Grassy Terrain
|-heal|p1b: Dondozo|55/100|[from] item: Leftovers
|-damage|p1b: Dondozo|42/100|[from] Leech Seed|[of] p2a: Arboliva
|-sideend|p2: parzival777|move: Tailwind
|-fieldend|move: Grassy Terrain
|upkeep
|
|t:|1756282914
|switch|p1a: Sneasler|Sneasler, L50, F|100/100
|turn|6
|
|t:|1756282945
|move|p2a: Arboliva|Protect|p2a: Arboliva
|-singleturn|p2a: Arboliva|Protect
|move|p2b: Ninetales|Heat Wave|p1b: Dondozo|[spread] p1a
|-miss|p2b: Ninetales|p1b: Dondozo
|-damage|p1a: Sneasler|61/100
|move|p1a: Sneasler|Dire Claw|p2a: Arboliva
|-activate|p2a: Arboliva|move: Protect
|move|p1b: Dondozo|Wave Crash|p2b: Ninetales
|-supereffective|p2b: Ninetales
|-damage|p2b: Ninetales|0 fnt
|faint|p2b: Ninetales
|-damage|p1b: Dondozo|35/100|[from] Recoil
|
|-heal|p1b: Dondozo|41/100|[from] item: Leftovers
|-damage|p1b: Dondozo|29/100|[from] Leech Seed|[of] p2a: Arboliva
|upkeep
|
|t:|1756282957
|switch|p2b: Dragapult|Dragapult, L50, M|91/100
|turn|7
|
|t:|1756282968
|move|p2b: Dragapult|Dragon Darts|p1a: Sneasler
|-damage|p1a: Sneasler|3/100
|-anim|p2b: Dragapult|Dragon Darts|p1b: Dondozo
|-damage|p1b: Dondozo|11/100
|-damage|p2b: Dragapult|81/100|[from] item: Life Orb
|move|p1a: Sneasler|Dire Claw|p2b: Dragapult
|-resisted|p2b: Dragapult
|-damage|p2b: Dragapult|54/100
|-status|p2b: Dragapult|psn
|move|p2a: Arboliva|Leech Seed|p1a: Sneasler
|-start|p1a: Sneasler|move: Leech Seed
|move|p1b: Dondozo|Fissure|p2a: Arboliva|[miss]
|-miss|p1b: Dondozo|p2a: Arboliva
|
|-heal|p1b: Dondozo|17/100|[from] item: Leftovers
|-damage|p1a: Sneasler|0 fnt|[from] Leech Seed|[of] p2a: Arboliva
|faint|p1a: Sneasler
|-damage|p1b: Dondozo|5/100|[from] Leech Seed|[of] p2a: Arboliva
|-damage|p2b: Dragapult|42/100 psn|[from] psn
|upkeep
|turn|8
|-message|KrsCrossAppleSauce forfeited.
|
|win|parzival777
