|j|☆Mrpickup
|j|☆gunwunner
|html|Mrpickupgunwunner    
|uhtml|bestof|Game 3 of a best-of-3
|t:|1756063718
|gametype|doubles
|player|p1|Mrpickup|kimonogirl|1209
|player|p2|gunwunner|schoolkid-gen4dp|1302
|gen|9
|tier|[Gen 9] VGC 2025 Reg H (Bo3)
|rated|
|rule|Species Clause: Limit one of each Pokémon
|rule|Item Clause: Limit 1 of each item
|clearpoke
|poke|p1|Dondozo, L50, F|
|poke|p1|Volcarona, L50, F|
|poke|p1|Rillaboom, L50, F|
|poke|p1|Zoroark-Hisui, L50, F|
|poke|p1|Tatsugiri, L50, F|
|poke|p1|Glimmora, L50, F|
|poke|p2|Sneasler, L50, F|
|poke|p2|Dragapult, L50, F|
|poke|p2|Primarina, L50, F|
|poke|p2|Rillaboom, L50, M|
|poke|p2|Kingambit, L50, F|
|poke|p2|Magmar, L50, F|
|teampreview|4
|showteam|p1|Dondozo||Leftovers|Unaware|OrderUp,WaveCrash,Earthquake,Protect|||F|||50|,,,,,Steel]Volcarona||GrassySeed|FlameBody|QuiverDance,HeatWave,GigaDrain,Protect|||F|||50|,,,,,Grass]Rillaboom||AssaultVest|GrassySurge|FakeOut,WoodHammer,GrassyGlide,Uturn|||F|||50|,,,,,Grass]Zoroark-Hisui||ChoiceSpecs|Illusion|HyperVoice,ShadowBall,TeraBlast,Flamethrower|||F|||50|,,,,,Ghost]Tatsugiri||ChoiceScarf|Commander|Surf,MuddyWater,TeraBlast,DracoMeteor|||F|||50|,,,,,Ghost]Glimmora||FocusSash|ToxicDebris|PowerGem,EnergyBall,DazzlingGleam,SpikyShield|||F|||50|,,,,,Grass
|showteam|p2|Sneasler||FocusSash|PoisonTouch|CloseCombat,DireClaw,FakeOut,Protect|||F|||50|,,,,,Stellar]Dragapult||ChoiceBand|ClearBody|DragonDarts,TeraBlast,PhantomForce,Uturn|||F|||50|,,,,,Ghost]Primarina||SitrusBerry|LiquidVoice|HyperVoice,Moonblast,Haze,Protect|||F|||50|,,,,,Water]Rillaboom||AssaultVest|GrassySurge|WoodHammer,GrassyGlide,HighHorsepower,FakeOut|||M|||50|,,,,,Fire]Kingambit||BlackGlasses|Defiant|KowtowCleave,SuckerPunch,SwordsDance,Protect|||F|||50|,,,,,Ghost]Magmar||Eviolite|VitalSpirit|Overheat,WillOWisp,FollowMe,Protect|||F|||50|,,,,,Ghost
|inactive|Battle timer is ON: inactive players will automatically lose when time's up. (requested by Mrpickup)
|
|t:|1756063743
|teamsize|p1|4
|teamsize|p2|4
|start
|switch|p1a: Volcarona|Volcarona, L50, F|100/100
|switch|p1b: Glimmora|Glimmora, L50, F|100/100
|switch|p2a: Primarina|Primarina, L50, F|100/100
|switch|p2b: Rillaboom|Rillaboom, L50, M|100/100
|-fieldstart|move: Grassy Terrain|[from] ability: Grassy Surge|[of] p2b: Rillaboom
|-enditem|p1a: Volcarona|Grassy Seed
|-boost|p1a: Volcarona|def|1|[from] item: Grassy Seed
|turn|1
|
|t:|1756063754
|-terastallize|p1b: Glimmora|Grass
|move|p2b: Rillaboom|Fake Out|p1a: Volcarona
|-damage|p1a: Volcarona|88/100
|-status|p2b: Rillaboom|brn|[from] ability: Flame Body|[of] p1a: Volcarona
|move|p1b: Glimmora|Energy Ball|p2a: Primarina
|-supereffective|p2a: Primarina
|-damage|p2a: Primarina|3/100
|-enditem|p2a: Primarina|Sitrus Berry|[eat]
|-heal|p2a: Primarina|28/100|[from] item: Sitrus Berry
|cant|p1a: Volcarona|flinch
|move|p2a: Primarina|Hyper Voice|p1a: Volcarona|[spread] p1a,p1b
|-supereffective|p1a: Volcarona
|-crit|p1a: Volcarona
|-resisted|p1b: Glimmora
|-damage|p1a: Volcarona|2/100
|-damage|p1b: Glimmora|79/100
|
|-heal|p1b: Glimmora|85/100|[from] Grassy Terrain
|-heal|p1a: Volcarona|7/100|[from] Grassy Terrain
|-heal|p2a: Primarina|34/100|[from] Grassy Terrain
|-damage|p2b: Rillaboom|94/100 brn|[from] brn
|upkeep
|turn|2
|inactive|Mrpickup has 30 seconds left.
|inactive|gunwunner has 30 seconds left.
|
|t:|1756063788
|move|p2a: Primarina|Protect|p2a: Primarina
|-singleturn|p2a: Primarina|Protect
|move|p1b: Glimmora|Power Gem|p2a: Primarina
|-activate|p2a: Primarina|move: Protect
|move|p1a: Volcarona|Heat Wave|p2a: Primarina|[spread] p2b
|-activate|p2a: Primarina|move: Protect
|-supereffective|p2b: Rillaboom
|-damage|p2b: Rillaboom|39/100 brn
|move|p2b: Rillaboom|Wood Hammer|p1a: Volcarona
|-resisted|p1a: Volcarona
|-damage|p1a: Volcarona|0 fnt
|faint|p1a: Volcarona
|-damage|p2b: Rillaboom|37/100 brn|[from] Recoil
|
|-heal|p1b: Glimmora|90/100|[from] Grassy Terrain
|-heal|p2b: Rillaboom|43/100 brn|[from] Grassy Terrain
|-heal|p2a: Primarina|40/100|[from] Grassy Terrain
|-damage|p2b: Rillaboom|37/100 brn|[from] brn
|upkeep
|
|t:|1756063804
|switch|p1a: Dondozo|Dondozo, L50, F|100/100
|turn|3
|
|t:|1756063814
|switch|p2a: Kingambit|Kingambit, L50, F|100/100
|move|p1a: Dondozo|Protect|p1a: Dondozo
|-singleturn|p1a: Dondozo|Protect
|move|p1b: Glimmora|Energy Ball|p2a: Kingambit
|-resisted|p2a: Kingambit
|-damage|p2a: Kingambit|75/100
|move|p2b: Rillaboom|Wood Hammer|p1a: Dondozo
|-activate|p1a: Dondozo|move: Protect
|
|-heal|p1b: Glimmora|96/100|[from] Grassy Terrain
|-heal|p2b: Rillaboom|43/100 brn|[from] Grassy Terrain
|-heal|p2a: Kingambit|81/100|[from] Grassy Terrain
|-damage|p2b: Rillaboom|37/100 brn|[from] brn
|upkeep
|turn|4
|
|t:|1756063824
|move|p1b: Glimmora|Dazzling Gleam|p2a: Kingambit|[spread] p2a,p2b
|-damage|p2a: Kingambit|63/100
|-damage|p2b: Rillaboom|20/100 brn
|move|p2b: Rillaboom|Wood Hammer|p1a: Dondozo
|-supereffective|p1a: Dondozo
|-damage|p1a: Dondozo|58/100
|-damage|p2b: Rillaboom|2/100 brn|[from] Recoil
|move|p2a: Kingambit|Swords Dance|p2a: Kingambit
|-boost|p2a: Kingambit|atk|2
|move|p1a: Dondozo|Wave Crash|p2a: Kingambit
|-damage|p2a: Kingambit|30/100
|-damage|p1a: Dondozo|50/100|[from] Recoil
|
|-heal|p1b: Glimmora|100/100|[from] Grassy Terrain
|-heal|p2b: Rillaboom|8/100 brn|[from] Grassy Terrain
|-heal|p2a: Kingambit|37/100|[from] Grassy Terrain
|-heal|p1a: Dondozo|56/100|[from] Grassy Terrain
|-heal|p1a: Dondozo|62/100|[from] item: Leftovers
|-damage|p2b: Rillaboom|2/100 brn|[from] brn
|upkeep
|turn|5
|
|t:|1756063838
|switch|p1b: Tatsugiri|Tatsugiri, L50, F|100/100
|-activate|p1b: Tatsugiri|ability: Commander|[of] p1a: Dondozo
|-boost|p1a: Dondozo|atk|2
|-boost|p1a: Dondozo|spa|2
|-boost|p1a: Dondozo|spe|2
|-boost|p1a: Dondozo|def|2
|-boost|p1a: Dondozo|spd|2
|switch|p2b: Primarina|Primarina, L50, F|40/100
|move|p2a: Kingambit|Sucker Punch||[still]
|-fail|p2a: Kingambit
|move|p1a: Dondozo|Earthquake|p2b: Primarina|[spread] p2a,p2b
|-miss|p1a: Dondozo|p1b: Tatsugiri
|-supereffective|p2a: Kingambit
|-damage|p2a: Kingambit|10/100
|-damage|p2b: Primarina|21/100
|
|-heal|p1a: Dondozo|69/100|[from] Grassy Terrain
|-heal|p1a: Dondozo|75/100|[from] item: Leftovers
|-heal|p2b: Primarina|27/100|[from] Grassy Terrain
|-heal|p2a: Kingambit|16/100|[from] Grassy Terrain
|-fieldend|move: Grassy Terrain
|upkeep
|turn|6
|
|t:|1756063851
|switch|p2a: Rillaboom|Rillaboom, L50, M|2/100 brn
|-fieldstart|move: Grassy Terrain|[from] ability: Grassy Surge|[of] p2a: Rillaboom
|move|p2b: Primarina|Protect|p2b: Primarina
|-singleturn|p2b: Primarina|Protect
|move|p1a: Dondozo|Earthquake|p2a: Rillaboom|[spread] p2a
|-miss|p1a: Dondozo|p1b: Tatsugiri
|-activate|p2b: Primarina|move: Protect
|-resisted|p2a: Rillaboom
|-crit|p2a: Rillaboom
|-damage|p2a: Rillaboom|0 fnt
|faint|p2a: Rillaboom
|
|-heal|p1a: Dondozo|81/100|[from] Grassy Terrain
|-heal|p1a: Dondozo|87/100|[from] item: Leftovers
|-heal|p2b: Primarina|33/100|[from] Grassy Terrain
|upkeep
|
|t:|1756063855
|switch|p2a: Kingambit|Kingambit, L50, F|16/100
|turn|7
|
|t:|1756063859
|switch|p2a: Sneasler|Sneasler, L50, F|100/100
|move|p2b: Primarina|Protect|p2b: Primarina
|-singleturn|p2b: Primarina|Protect
|move|p1a: Dondozo|Wave Crash|p2b: Primarina
|-activate|p2b: Primarina|move: Protect
|
|-heal|p1a: Dondozo|93/100|[from] Grassy Terrain
|-heal|p1a: Dondozo|99/100|[from] item: Leftovers
|-heal|p2b: Primarina|39/100|[from] Grassy Terrain
|upkeep
|turn|8
|
|t:|1756063869
|move|p2a: Sneasler|Fake Out|p1a: Dondozo
|-damage|p1a: Dondozo|96/100
|cant|p1a: Dondozo|flinch
|move|p2b: Primarina|Haze|p2b: Primarina
|-clearallboost
|
|-heal|p2b: Primarina|45/100|[from] Grassy Terrain
|-heal|p1a: Dondozo|100/100|[from] Grassy Terrain
|upkeep
|turn|9
|
|t:|1756063882
|move|p1a: Dondozo|Protect|p1a: Dondozo
|-singleturn|p1a: Dondozo|Protect
|move|p2a: Sneasler|Dire Claw|p1a: Dondozo
|-activate|p1a: Dondozo|move: Protect
|move|p2b: Primarina|Moonblast|p1a: Dondozo
|-activate|p1a: Dondozo|move: Protect
|
|-heal|p2b: Primarina|51/100|[from] Grassy Terrain
|upkeep
|turn|10
|
|t:|1756063886
|move|p2a: Sneasler|Dire Claw|p1a: Dondozo
|-damage|p1a: Dondozo|78/100
|-status|p1a: Dondozo|slp
|move|p2b: Primarina|Moonblast|p1a: Dondozo
|-damage|p1a: Dondozo|35/100 slp
|cant|p1a: Dondozo|slp
|
|-heal|p2b: Primarina|57/100|[from] Grassy Terrain
|-heal|p1a: Dondozo|41/100 slp|[from] Grassy Terrain
|-heal|p1a: Dondozo|48/100 slp|[from] item: Leftovers
|-fieldend|move: Grassy Terrain
|upkeep
|turn|11
|
|t:|1756063901
|cant|p1a: Dondozo|slp
|move|p2a: Sneasler|Dire Claw|p1a: Dondozo
|-damage|p1a: Dondozo|25/100 slp
|move|p2b: Primarina|Moonblast|p1a: Dondozo
|-damage|p1a: Dondozo|0 fnt
|faint|p1a: Dondozo
|
|upkeep
|
|t:|1756063903
|switch|p1a: Glimmora|Glimmora, L50, F, tera:Grass|100/100
|turn|12
|
|t:|1756063915
|move|p2b: Primarina|Protect|p2b: Primarina
|-singleturn|p2b: Primarina|Protect
|move|p1b: Tatsugiri|Muddy Water|p2b: Primarina|[spread] p2a
|-activate|p2b: Primarina|move: Protect
|-damage|p2a: Sneasler|51/100
|move|p2a: Sneasler|Dire Claw|p1a: Glimmora
|-supereffective|p1a: Glimmora
|-enditem|p1a: Glimmora|Focus Sash
|-damage|p1a: Glimmora|1/100
|-status|p1a: Glimmora|slp
|-activate|p1a: Glimmora|ability: Toxic Debris
|-sidestart|p2: gunwunner|move: Toxic Spikes
|cant|p1a: Glimmora|slp
|
|upkeep
|turn|13
|c|☆Mrpickup|okay
|
|t:|1756063931
|cant|p1a: Glimmora|slp
|move|p1b: Tatsugiri|Muddy Water|p2a: Sneasler|[spread] p2a,p2b
|-resisted|p2b: Primarina
|-damage|p2a: Sneasler|8/100
|-damage|p2b: Primarina|43/100
|-unboost|p2a: Sneasler|accuracy|1
|move|p2a: Sneasler|Dire Claw|p1a: Glimmora|[miss]
|-miss|p2a: Sneasler|p1a: Glimmora
|move|p2b: Primarina|Hyper Voice|p1b: Tatsugiri|[spread] p1a,p1b
|-resisted|p1a: Glimmora
|-resisted|p1b: Tatsugiri
|-damage|p1a: Glimmora|0 fnt
|-damage|p1b: Tatsugiri|89/100
|faint|p1a: Glimmora
|
|upkeep
|turn|14
|
|t:|1756063941
|move|p1b: Tatsugiri|Muddy Water|p2a: Sneasler|[spread] p2a,p2b
|-resisted|p2b: Primarina
|-damage|p2a: Sneasler|0 fnt
|-damage|p2b: Primarina|28/100
|faint|p2a: Sneasler
|move|p2b: Primarina|Moonblast|p1b: Tatsugiri
|-supereffective|p1b: Tatsugiri
|-damage|p1b: Tatsugiri|0 fnt
|faint|p1b: Tatsugiri
|
|win|gunwunner
|raw|Mrpickup's rating: 1209 → 1191(-18 for losing)
|raw|gunwunner's rating: 1302 → 1317(+15 for winning)
