|j|☆pccbml
|j|☆VGC_Vapor
|html|pccbmlVGC_Vapor    
|uhtml|bestof|Game 3 of a best-of-3
|t:|1783743184
|gametype|doubles
|player|p1|pccbml|oichi-conquest|
|player|p2|VGC_Vapor|blue|
|gen|9
|tier|[Gen 9 Champions] VGC 2026 Reg M-B (Bo3)
|rule|Species Clause: Limit one of each Pokémon
|rule|Item Clause: Limit 1 of each item
|clearpoke
|poke|p1|Whimsicott, L50, F|
|poke|p1|Charizard, L50, F|
|poke|p1|Gengar, L50, M|
|poke|p1|Tauros-Paldea-Aqua, L50, M|
|poke|p1|Incineroar, L50, M|
|poke|p1|Scrafty, L50, F|
|poke|p2|Froslass, L50, F|
|poke|p2|Whimsicott, L50, M, shiny|
|poke|p2|Sneasler, L50, F|
|poke|p2|Kingambit, L50, F|
|poke|p2|Sylveon, L50, M, shiny|
|poke|p2|Basculegion, L50, M|
|teampreview|4
|showteam|p1|Whimsicott||FocusSash|Prankster|Moonblast,Tailwind,Encore,SunnyDay|Timid||F|||50|]Charizard||LifeOrb|SolarPower|HeatWave,WeatherBall,SolarBeam,Protect|Modest||F|||50|]Gengar||Gengarite|CursedBody|SludgeBomb,ShadowBall,WillOWisp,Protect|Timid||M|||50|]Tauros-Paldea-Aqua||ChoiceScarf|Intimidate|WaveCrash,CloseCombat,AquaJet,Trailblaze|Jolly||M|||50|]Incineroar||ChopleBerry|Intimidate|FakeOut,PartingShot,FlareBlitz,ThroatChop|Impish||M|||50|]Scrafty||Scraftinite|Intimidate|FakeOut,KnockOff,CloseCombat,Taunt|Adamant||F|||50|
|showteam|p2|Froslass||Froslassite|CursedBody|Blizzard,ShadowBall,AuroraVeil,Protect|Timid||F|||50|]Whimsicott||FocusSash|Prankster|Tailwind,Moonblast,Encore,FakeTears|Timid||M|||50|]Sneasler||WhiteHerb|Unburden|FakeOut,CloseCombat,DireClaw,RockTomb|Adamant||F|||50|]Kingambit||BlackGlasses|Defiant|KowtowCleave,SuckerPunch,SwordsDance,Protect|Adamant||F|||50|]Sylveon||FairyFeather|Pixilate|HyperBeam,HyperVoice,Moonblast,Protect|Modest||M|||50|]Basculegion||ChoiceScarf|Adaptability|LastRespects,WaveCrash,FlipTurn,AquaJet|Adamant||M|||50|
|inactive|Battle timer is ON: inactive players will automatically lose when time's up. (requested by VGC_Vapor)
|inactive|pccbml also wants the timer to be on.
|inactive|VGC_Vapor has 60 seconds left.
|inactive|pccbml has 60 seconds left.
|
|t:|1783743223
|teamsize|p1|4
|teamsize|p2|4
|start
|switch|p1a: Whimsicott|Whimsicott, L50, F|100/100
|switch|p1b: guy from pokenn|Gengar, L50, M|100/100
|switch|p2a: Kocho|Sneasler, L50, F|100/100
|switch|p2b: Kaido|Kingambit, L50, F|100/100
|turn|1
|
|t:|1783743241
|switch|p1a: cu clux clan|Scrafty, L50, F|100/100
|-ability|p1a: cu clux clan|Intimidate|boost
|-unboost|p2a: Kocho|atk|1
|-unboost|p2b: Kaido|atk|1
|-ability|p2b: Kaido|Defiant|boost
|-boost|p2b: Kaido|atk|2
|-enditem|p2a: Kocho|White Herb
|-clearnegativeboost|p2a: Kocho|[silent]
|detailschange|p1b: guy from pokenn|Gengar-Mega, L50, M
|-mega|p1b: guy from pokenn|Gengar|Gengarite
|move|p1b: guy from pokenn|Protect|p1b: guy from pokenn
|-singleturn|p1b: guy from pokenn|Protect
|move|p2a: Kocho|Close Combat|p1a: cu clux clan
|-supereffective|p1a: cu clux clan|1
|-damage|p1a: cu clux clan|0 fnt
|-unboost|p2a: Kocho|def|1
|-unboost|p2a: Kocho|spd|1
|faint|p1a: cu clux clan
|move|p2b: Kaido|Kowtow Cleave|p1b: guy from pokenn
|-activate|p1b: guy from pokenn|move: Protect
|
|upkeep
|
|t:|1783743255
|switch|p1a: Whimsicott|Whimsicott, L50, F|100/100
|turn|2
|
|t:|1783743271
|move|p1a: Whimsicott|Encore|p2a: Kocho
|-start|p2a: Kocho|Encore
|move|p2a: Kocho|Close Combat|p1a: Whimsicott
|-resisted|p1a: Whimsicott|1
|-damage|p1a: Whimsicott|49/100
|-unboost|p2a: Kocho|def|1
|-unboost|p2a: Kocho|spd|1
|move|p1b: guy from pokenn|Will-O-Wisp|p2b: Kaido
|-status|p2b: Kaido|brn
|move|p2b: Kaido|Kowtow Cleave|p1b: guy from pokenn
|-supereffective|p1b: guy from pokenn|1
|-damage|p1b: guy from pokenn|0 fnt
|faint|p1b: guy from pokenn
|
|-damage|p2b: Kaido|94/100 brn|[from] brn
|upkeep
|
|t:|1783743289
|switch|p1b: droughty|Charizard, L50, F|100/100
|turn|3
|inactive|pccbml has 30 seconds left.
|inactive|VGC_Vapor has 30 seconds left.
|c|☆pccbml|+1 32+ Atk Black Glasses burned Kingambit Kowtow Cleave (102 BP) vs. 2 HP / 0 Def Gengar-Mega: 177-208 (129.1 - 151.8%) -- guaranteed OHKO
|
|t:|1783743321
|switch|p2a: Himeno|Basculegion, L50, M|100/100
|move|p2b: Kaido|Protect|p2b: Kaido
|-singleturn|p2b: Kaido|Protect
|move|p1a: Whimsicott|Sunny Day|p1a: Whimsicott
|-weather|SunnyDay
|move|p1b: droughty|Heat Wave|p2b: Kaido|[spread] p2a
|-activate|p2b: Kaido|move: Protect
|-resisted|p2a: Himeno|1
|-damage|p2a: Himeno|43/100
|-damage|p1b: droughty|90/100|[from] item: Life Orb
|
|-weather|SunnyDay|[upkeep]
|-damage|p1b: droughty|78/100|[from] ability: Solar Power|[of] p1b: droughty
|-damage|p2b: Kaido|88/100 brn|[from] brn
|upkeep
|turn|4
|
|t:|1783743335
|move|p1a: Whimsicott|Tailwind|p1a: Whimsicott
|-sidestart|p1: pccbml|move: Tailwind
|move|p2b: Kaido|Sucker Punch|p1b: droughty
|-damage|p1b: droughty|27/100
|move|p1b: droughty|Heat Wave|p2b: Kaido|[spread] p2a,p2b
|-resisted|p2a: Himeno|1
|-supereffective|p2b: Kaido|1
|-damage|p2a: Himeno|0 fnt
|-damage|p2b: Kaido|0 fnt
|faint|p2a: Himeno
|faint|p2b: Kaido
|-damage|p1b: droughty|18/100|[from] item: Life Orb
|
|-weather|SunnyDay|[upkeep]
|-damage|p1b: droughty|5/100|[from] ability: Solar Power|[of] p1b: droughty
|upkeep
|
|t:|1783743344
|switch|p2a: Kocho|Sneasler, L50, F|100/100
|switch|p2b: Rukia|Froslass, L50, F|100/100
|turn|5
|
|t:|1783743365
|move|p1b: droughty|Protect|p1b: droughty
|-singleturn|p1b: droughty|Protect
|move|p2a: Kocho|Fake Out|p1b: droughty
|-activate|p1b: droughty|move: Protect
|move|p1a: Whimsicott|Encore|p2a: Kocho
|-start|p2a: Kocho|Encore
|move|p2b: Rukia|Blizzard|p1a: Whimsicott|[spread] p1a
|-activate|p1b: droughty|move: Protect
|-supereffective|p1a: Whimsicott|1
|-damage|p1a: Whimsicott|0 fnt
|faint|p1a: Whimsicott
|
|-weather|SunnyDay|[upkeep]
|-damage|p1b: droughty|0 fnt|[from] ability: Solar Power|[of] p1b: droughty
|faint|p1b: droughty
|
|win|VGC_Vapor
