|j|☆washingtongargacha
|j|☆ddojemane47
|html|washingtongargachaddojemane47    
|uhtml|bestof|Game 1 of a best-of-3
|t:|1757688443
|gametype|doubles
|player|p1|washingtongargacha|102|1174
|player|p2|ddojemane47|266|1200
|gen|9
|tier|[Gen 9] VGC 2025 Reg H (Bo3)
|rated|
|rule|Species Clause: Limit one of each Pokémon
|rule|Item Clause: Limit 1 of each item
|clearpoke
|poke|p1|Talonflame, L50, M|
|poke|p1|Gholdengo, L50|
|poke|p1|Dragonite, L50, M|
|poke|p1|Archaludon, L50, F|
|poke|p1|Tyranitar, L50, M|
|poke|p1|Garchomp, L50, M|
|poke|p2|Incineroar, L50, M|
|poke|p2|Amoonguss, L50, M|
|poke|p2|Ursaluna-Bloodmoon, L50, M|
|poke|p2|Sneasler, L50, F|
|poke|p2|Gholdengo, L50|
|poke|p2|Dragonite, L50, M|
|teampreview|4
|showteam|p1|Talonflame||LifeOrb|GaleWings|Tailwind,DualWingbeat,Taunt,FlareBlitz|||M|||50|,,,,,Ghost]Gholdengo||ChoiceSpecs|GoodasGold|MakeItRain,SteelBeam,ShadowBall,PowerGem||||||50|,,,,,Flying]Dragonite||LoadedDice|Multiscale|ScaleShot,IceSpinner,Haze,Protect|||M|||50|,,,,,Steel]Archaludon||PowerHerb|Sturdy|FlashCannon,ElectroShot,DracoMeteor,Protect|||F|||50|,,,,,Flying]Tyranitar||AssaultVest|SandStream|KnockOff,RockSlide,TeraBlast,LowKick|||M|||50|,,,,,Flying]Garchomp||EarthPlate|RoughSkin|DragonClaw,StompingTantrum,Earthquake,Protect|||M|||50|,,,,,Steel
|showteam|p2|Incineroar||SafetyGoggles|Intimidate|FlareBlitz,KnockOff,PartingShot,FakeOut|||M|||50|,,,,,Ghost]Amoonguss||SitrusBerry|Regenerator|Spore,RagePowder,PollenPuff,Protect|||M|||50|,,,,,Psychic]Ursaluna-Bloodmoon||AssaultVest|MindsEye|HyperVoice,BloodMoon,EarthPower,VacuumWave|||M|||50|,,,,,Water]Sneasler||FocusSash|Unburden|CloseCombat,DireClaw,ThroatChop,Protect|||F|||50|,,,,,Stellar]Gholdengo||LifeOrb|GoodasGold|MakeItRain,ShadowBall,NastyPlot,Protect||||||50|,,,,,Water]Dragonite||LoadedDice|Multiscale|ScaleShot,Tailwind,Haze,Protect|||M|||50|,,,,,Fairy
|
|t:|1757688515
|teamsize|p1|4
|teamsize|p2|4
|start
|switch|p1a: Talonflame|Talonflame, L50, M|100/100
|switch|p1b: Gholdengo|Gholdengo, L50|100/100
|switch|p2a: Incineroar|Incineroar, L50, M|100/100
|switch|p2b: Dragonite|Dragonite, L50, M|100/100
|-ability|p2a: Incineroar|Intimidate|boost
|-unboost|p1a: Talonflame|atk|1
|-unboost|p1b: Gholdengo|atk|1
|turn|1
|inactive|Battle timer is ON: inactive players will automatically lose when time's up. (requested by washingtongargacha)
|inactive|washingtongargacha has 60 seconds left.
|
|t:|1757688546
|switch|p2a: Gholdengo|Gholdengo, L50|100/100
|move|p1a: Talonflame|Dual Wingbeat|p2a: Gholdengo
|-resisted|p2a: Gholdengo
|-damage|p2a: Gholdengo|95/100
|-resisted|p2a: Gholdengo
|-damage|p2a: Gholdengo|88/100
|-hitcount|p2a: Gholdengo|2
|-damage|p1a: Talonflame|91/100|[from] item: Life Orb
|move|p1b: Gholdengo|Power Gem|p2a: Gholdengo
|-resisted|p2a: Gholdengo
|-damage|p2a: Gholdengo|61/100
|move|p2b: Dragonite|Scale Shot|p1a: Talonflame
|-damage|p1a: Talonflame|72/100
|-damage|p1a: Talonflame|51/100
|-damage|p1a: Talonflame|32/100
|-damage|p1a: Talonflame|12/100
|-damage|p1a: Talonflame|0 fnt
|faint|p1a: Talonflame
|-hitcount|p1: Talonflame|5
|-unboost|p2b: Dragonite|def|1
|-boost|p2b: Dragonite|spe|1
|
|upkeep
|
|t:|1757688568
|switch|p1a: Garchomp|Garchomp, L50, M|100/100
|turn|2
|
|t:|1757688590
|-terastallize|p1b: Gholdengo|Flying
|move|p1a: Garchomp|Protect|p1a: Garchomp
|-singleturn|p1a: Garchomp|Protect
|move|p2b: Dragonite|Scale Shot|p1a: Garchomp
|-activate|p1a: Garchomp|move: Protect
|move|p1b: Gholdengo|Power Gem|p2b: Dragonite
|-supereffective|p2b: Dragonite
|-damage|p2b: Dragonite|48/100
|move|p2a: Gholdengo|Shadow Ball|p1a: Garchomp
|-activate|p1a: Garchomp|move: Protect
|
|upkeep
|turn|3
|inactive|washingtongargacha has 30 seconds left.
|
|t:|1757688617
|switch|p1a: Tyranitar|Tyranitar, L50, M|100/100
|-weather|Sandstorm|[from] ability: Sand Stream|[of] p1a: Tyranitar
|-terastallize|p2a: Gholdengo|Water
|move|p2b: Dragonite|Scale Shot|p1b: Gholdengo
|-damage|p1b: Gholdengo|83/100
|-damage|p1b: Gholdengo|68/100
|-damage|p1b: Gholdengo|49/100
|-crit|p1b: Gholdengo
|-damage|p1b: Gholdengo|23/100
|-damage|p1b: Gholdengo|7/100
|-hitcount|p1b: Gholdengo|5
|-unboost|p2b: Dragonite|def|1
|-boost|p2b: Dragonite|spe|1
|move|p2a: Gholdengo|Make It Rain|p1b: Gholdengo|[spread] p1a,p1b
|-supereffective|p1a: Tyranitar
|-damage|p1a: Tyranitar|54/100
|-damage|p1b: Gholdengo|0 fnt
|-unboost|p2a: Gholdengo|spa|1
|faint|p1b: Gholdengo
|-damage|p2a: Gholdengo|51/100|[from] item: Life Orb
|
|-weather|Sandstorm|[upkeep]
|-damage|p2b: Dragonite|42/100|[from] Sandstorm
|-damage|p2a: Gholdengo|45/100|[from] Sandstorm
|upkeep
|
|t:|1757688640
|switch|p1b: Garchomp|Garchomp, L50, M|100/100
|turn|4
|
|t:|1757688645
|switch|p2a: Incineroar|Incineroar, L50, M|100/100
|-ability|p2a: Incineroar|Intimidate|boost
|-unboost|p1a: Tyranitar|atk|1
|-unboost|p1b: Garchomp|atk|1
|move|p1b: Garchomp|Protect|p1b: Garchomp
|-singleturn|p1b: Garchomp|Protect
|move|p2b: Dragonite|Scale Shot|p1a: Tyranitar
|-damage|p1a: Tyranitar|41/100
|-damage|p1a: Tyranitar|28/100
|-crit|p1a: Tyranitar
|-damage|p1a: Tyranitar|11/100
|-damage|p1a: Tyranitar|0 fnt
|faint|p1a: Tyranitar
|-hitcount|p1: Tyranitar|4
|-unboost|p2b: Dragonite|def|1
|-boost|p2b: Dragonite|spe|1
|
|-weather|Sandstorm|[upkeep]
|-damage|p2b: Dragonite|36/100|[from] Sandstorm
|upkeep
|turn|5
|-message|washingtongargacha forfeited.
|
|win|ddojemane47
