|j|☆ShdaowForece
|j|☆MiraiPidgeon
|html|ShdaowForeceMiraiPidgeon    
|uhtml|bestof|Game 2 of a best-of-3
|t:|1756152308
|gametype|doubles
|player|p1|ShdaowForece|lucas|1186
|player|p2|MiraiPidgeon|169|1370
|gen|9
|tier|[Gen 9] VGC 2025 Reg H (Bo3)
|rated|
|rule|Species Clause: Limit one of each Pokémon
|rule|Item Clause: Limit 1 of each item
|clearpoke
|poke|p1|Gholdengo, L50|
|poke|p1|Murkrow, L50, F|
|poke|p1|Volcarona, L50, M|
|poke|p1|Sneasler, L50, F|
|poke|p1|Incineroar, L50, M|
|poke|p1|Garchomp, L50, F|
|poke|p2|Talonflame, L50, F|
|poke|p2|Garchomp, L50, M|
|poke|p2|Annihilape, L50, F|
|poke|p2|Tyranitar, L50, F|
|poke|p2|Gholdengo, L50|
|poke|p2|Amoonguss, L50, F|
|teampreview|4
|showteam|p1|Gholdengo||ChoiceSpecs|GoodasGold|MakeItRain,ShadowBall,Trick,Protect||||||50|,,,,,Steel]Murkrow||Eviolite|Prankster|Tailwind,FoulPlay,Haze,SunnyDay|||F|||50|,,,,,Ghost]Volcarona||Leftovers|FlameBody|HeatWave,TeraBlast,QuiverDance,Protect|||M|||50|,,,,,Fairy]Sneasler||WhiteHerb|Unburden|DireClaw,CloseCombat,FakeOut,Protect|||F|||50|,,,,,Stellar]Incineroar||SafetyGoggles|Intimidate|FlareBlitz,KnockOff,FakeOut,PartingShot|||M|||50|,,,,,Ghost]Garchomp||ClearAmulet|RoughSkin|StompingTantrum,DragonClaw,Earthquake,Protect|||F|||50|,,,,,Fire
|showteam|p2|Talonflame||SharpBeak|GaleWings|Tailwind,DualWingbeat,WillOWisp,Protect|||F|||50|,,,,,Ghost]Garchomp||LoadedDice|RoughSkin|Earthquake,ScaleShot,Protect,StompingTantrum|||M|||50|,,,,,Fairy]Annihilape||FocusSash|Defiant|CloseCombat,RageFist,Coaching,Taunt|||F|||50|,,,,,Grass]Tyranitar||AssaultVest|SandStream|KnockOff,RockSlide,LowKick,TeraBlast|||F|||50|,,,,,Flying]Gholdengo||MetalCoat|GoodasGold|MakeItRain,ShadowBall,NastyPlot,Protect||||||50|,,,,,Flying]Amoonguss||SitrusBerry|Regenerator|Spore,RagePowder,PollenPuff,ClearSmog|||F|||50|,,,,,Water
|
|t:|1756152399
|teamsize|p1|4
|teamsize|p2|4
|start
|switch|p1a: Garchomp|Garchomp, L50, F|100/100
|switch|p1b: Direshifu|Sneasler, L50, F|100/100
|switch|p2a: Talonflame|Talonflame, L50, F|100/100
|switch|p2b: Garchomp|Garchomp, L50, M|100/100
|turn|1
|
|t:|1756152431
|switch|p1b: Incineroar|Incineroar, L50, M|100/100
|-ability|p1b: Incineroar|Intimidate|boost
|-unboost|p2a: Talonflame|atk|1
|-unboost|p2b: Garchomp|atk|1
|move|p2a: Talonflame|Protect|p2a: Talonflame
|-singleturn|p2a: Talonflame|Protect
|move|p2b: Garchomp|Protect|p2b: Garchomp
|-singleturn|p2b: Garchomp|Protect
|move|p1a: Garchomp|Dragon Claw|p2a: Talonflame
|-activate|p2a: Talonflame|move: Protect
|
|upkeep
|turn|2
|
|t:|1756152448
|-terastallize|p2b: Garchomp|Fairy
|move|p1b: Incineroar|Fake Out|p2b: Garchomp
|-damage|p2b: Garchomp|89/100
|-damage|p1b: Incineroar|88/100|[from] ability: Rough Skin|[of] p2b: Garchomp
|move|p2a: Talonflame|Will-O-Wisp|p1a: Garchomp
|-status|p1a: Garchomp|brn
|cant|p2b: Garchomp|flinch
|move|p1a: Garchomp|Dragon Claw|p2a: Talonflame
|-damage|p2a: Talonflame|67/100
|
|-damage|p1a: Garchomp|95/100 brn|[from] brn
|upkeep
|turn|3
|
|t:|1756152470
|switch|p2b: Annihilape|Annihilape, L50, F|100/100
|move|p2a: Talonflame|Tailwind|p2a: Talonflame
|-sidestart|p2: MiraiPidgeon|move: Tailwind
|move|p1a: Garchomp|Stomping Tantrum|p2b: Annihilape
|-damage|p2b: Annihilape|78/100
|move|p1b: Incineroar|Knock Off|p2a: Talonflame
|-crit|p2a: Talonflame
|-damage|p2a: Talonflame|0 fnt
|-enditem|p2a: Talonflame|Sharp Beak|[from] move: Knock Off|[of] p1b: Incineroar
|faint|p2a: Talonflame
|
|-damage|p1a: Garchomp|89/100 brn|[from] brn
|upkeep
|
|t:|1756152482
|switch|p2a: Garchomp|Garchomp, L50, M, tera:Fairy|89/100
|turn|4
|
|t:|1756152498
|move|p2a: Garchomp|Scale Shot|p1a: Garchomp
|-supereffective|p1a: Garchomp
|-damage|p1a: Garchomp|62/100 brn
|-supereffective|p1a: Garchomp
|-damage|p1a: Garchomp|33/100 brn
|-supereffective|p1a: Garchomp
|-damage|p1a: Garchomp|7/100 brn
|-supereffective|p1a: Garchomp
|-damage|p1a: Garchomp|0 fnt
|faint|p1a: Garchomp
|-hitcount|p1: Garchomp|4
|-unboost|p2a: Garchomp|def|1
|-boost|p2a: Garchomp|spe|1
|move|p2b: Annihilape|Close Combat|p1b: Incineroar
|-supereffective|p1b: Incineroar
|-damage|p1b: Incineroar|3/100
|-unboost|p2b: Annihilape|def|1
|-unboost|p2b: Annihilape|spd|1
|move|p1b: Incineroar|Parting Shot|p2a: Garchomp
|-unboost|p2a: Garchomp|atk|1
|-unboost|p2a: Garchomp|spa|1
|
|t:|1756152508
|switch|p1b: Direshifu|Sneasler, L50, F|100/100|[from] Parting Shot
|
|upkeep
|
|t:|1756152512
|switch|p1a: Gholdengo|Gholdengo, L50, shiny|100/100
|turn|5
|
|t:|1756152535
|move|p2a: Garchomp|Protect|p2a: Garchomp
|-singleturn|p2a: Garchomp|Protect
|move|p2b: Annihilape|Close Combat|p1a: Gholdengo
|-immune|p1a: Gholdengo
|move|p1b: Direshifu|Dire Claw|p2a: Garchomp
|-activate|p2a: Garchomp|move: Protect
|move|p1a: Gholdengo|Make It Rain|p2a: Garchomp|[spread] p2b
|-activate|p2a: Garchomp|move: Protect
|-damage|p2b: Annihilape|0 fnt
|-unboost|p1a: Gholdengo|spa|1
|faint|p2b: Annihilape
|
|upkeep
|
|t:|1756152540
|switch|p2b: Gholdengo|Gholdengo, L50|100/100
|turn|6
|
|t:|1756152585
|switch|p1a: Incineroar|Incineroar, L50, M|3/100
|-ability|p1a: Incineroar|Intimidate|boost
|-unboost|p2a: Garchomp|atk|1
|-unboost|p2b: Gholdengo|atk|1
|move|p1b: Direshifu|Protect|p1b: Direshifu
|-singleturn|p1b: Direshifu|Protect
|move|p2a: Garchomp|Earthquake|p1a: Incineroar|[spread] p2b,p1a
|-activate|p1b: Direshifu|move: Protect
|-supereffective|p2b: Gholdengo
|-supereffective|p1a: Incineroar
|-damage|p2b: Gholdengo|56/100
|-damage|p1a: Incineroar|0 fnt
|faint|p1a: Incineroar
|move|p2b: Gholdengo|Shadow Ball|p1b: Direshifu
|-activate|p1b: Direshifu|move: Protect
|
|-sideend|p2: MiraiPidgeon|move: Tailwind
|upkeep
|
|t:|1756152599
|switch|p1a: Gholdengo|Gholdengo, L50, shiny|100/100
|turn|7
|
|t:|1756152621
|-terastallize|p1a: Gholdengo|Steel
|move|p2a: Garchomp|Stomping Tantrum|p1a: Gholdengo
|-supereffective|p1a: Gholdengo
|-damage|p1a: Gholdengo|53/100
|move|p1b: Direshifu|Dire Claw|p2a: Garchomp
|-supereffective|p2a: Garchomp
|-damage|p2a: Garchomp|0 fnt
|-damage|p1b: Direshifu|89/100|[from] ability: Rough Skin|[of] p2a: Garchomp
|faint|p2a: Garchomp
|move|p2b: Gholdengo|Shadow Ball|p1a: Gholdengo
|-damage|p1a: Gholdengo|5/100
|move|p1a: Gholdengo|Shadow Ball|p2b: Gholdengo
|-supereffective|p2b: Gholdengo
|-damage|p2b: Gholdengo|0 fnt
|faint|p2b: Gholdengo
|
|win|ShdaowForece
|inactive|ShdaowForece has 30 seconds to confirm battle start!
|inactive|MiraiPidgeon has 30 seconds to confirm battle start!
||MiraiPidgeon is ready for game 3.
|inactive|ShdaowForece has 20 seconds to confirm battle start!
|inactive|ShdaowForece has 10 seconds to confirm battle start!
||ShdaowForece is ready for game 3.
|uhtml|next|Next: Game 3 of 3
|l|☆MiraiPidgeon
|player|p2|
