|j|☆mechabicho_14
|j|☆Zacharykeith
|html|mechabicho_14Zacharykeith    
|uhtml|bestof|Game 1 of a best-of-3
|t:|1757763394
|gametype|doubles
|player|p1|mechabicho_14|266|1126
|player|p2|Zacharykeith|fisherman-gen4|1079
|gen|9
|tier|[Gen 9] VGC 2025 Reg H (Bo3)
|rated|
|rule|Species Clause: Limit one of each Pokémon
|rule|Item Clause: Limit 1 of each item
|clearpoke
|poke|p1|Dragonite, L50, M|
|poke|p1|Farigiraf, L50, F|
|poke|p1|Annihilape, L50, M|
|poke|p1|Ursaluna, L50, M|
|poke|p1|Gholdengo, L50|
|poke|p1|Ninetales-Alola, L50, F|
|poke|p2|Baxcalibur, L50, M|
|poke|p2|Kingambit, L50, M|
|poke|p2|Dondozo, L50, F|
|poke|p2|Rillaboom, L50, M|
|poke|p2|Magmar, L50, F|
|poke|p2|Sneasler, L50, F|
|teampreview|4
|showteam|p1|Dragonite||LoadedDice|Multiscale|Protect,Haze,ExtremeSpeed,ScaleShot|||M|||50|,,,,,Fairy]Farigiraf||SitrusBerry|ArmorTail|HyperVoice,Psychic,TrickRoom,Imprison|||F|||50|,,,,,Fairy]Annihilape||FocusSash|Defiant|CloseCombat,RageFist,Coaching,Taunt|||M|||50|,,,,,Fire]Ursaluna||FlameOrb|Guts|Protect,HeadlongRush,Facade,Earthquake|||M|||50|,,,,,Ghost]Gholdengo||LifeOrb|GoodasGold|Protect,NastyPlot,MakeItRain,ShadowBall||||||50|,,,,,Water]Ninetales-Alola||LightClay|SnowWarning|Blizzard,Encore,AuroraVeil,IcyWind|||F|||50|,,,,,Water
|showteam|p2|Baxcalibur||LoadedDice|ThermalExchange|IcicleSpear,IceShard,ScaleShot,Protect|||M|||50|,,,,,Ghost]Kingambit||BlackGlasses|Defiant|SuckerPunch,KowtowCleave,SwordsDance,Protect|||M|||50|,,,,,Dark]Dondozo||Leftovers|Unaware|WaveCrash,Fissure,Yawn,Protect|||F|||50|,,,,,Grass]Rillaboom||AssaultVest|GrassySurge|FakeOut,GrassyGlide,WoodHammer,Uturn|||M|||50|,,,,,Fire]Magmar||Eviolite|VitalSpirit|Overheat,WillOWisp,FollowMe,Protect|||F|||50|,,,,,Fairy]Sneasler||FocusSash|PoisonTouch|DireClaw,CloseCombat,Coaching,Protect|||F|||50|,,,,,Stellar
|
|t:|1757763492
|teamsize|p1|4
|teamsize|p2|4
|start
|switch|p1a: Annihilape|Annihilape, L50, M|100/100
|switch|p1b: Dragonite|Dragonite, L50, M|100/100
|switch|p2a: Metal T-Rex|Baxcalibur, L50, M|100/100
|switch|p2b: Forest Dude|Rillaboom, L50, M, shiny|100/100
|-fieldstart|move: Grassy Terrain|[from] ability: Grassy Surge|[of] p2b: Forest Dude
|turn|1
|
|t:|1757763538
|move|p1b: Dragonite|Protect|p1b: Dragonite
|-singleturn|p1b: Dragonite|Protect
|move|p1a: Annihilape|Coaching|p1b: Dragonite
|-boost|p1b: Dragonite|atk|1
|-boost|p1b: Dragonite|def|1
|move|p2a: Metal T-Rex|Icicle Spear|p1b: Dragonite
|-activate|p1b: Dragonite|move: Protect
|move|p2b: Forest Dude|Wood Hammer|p1a: Annihilape
|-damage|p1a: Annihilape|8/100
|-damage|p2b: Forest Dude|73/100|[from] Recoil
|
|-heal|p1a: Annihilape|14/100|[from] Grassy Terrain
|-heal|p2b: Forest Dude|79/100|[from] Grassy Terrain
|upkeep
|turn|2
|
|t:|1757763562
|-terastallize|p1b: Dragonite|Fairy
|-terastallize|p2a: Metal T-Rex|Ghost
|move|p2b: Forest Dude|Grassy Glide|p1a: Annihilape
|-crit|p1a: Annihilape
|-damage|p1a: Annihilape|0 fnt
|faint|p1a: Annihilape
|move|p1b: Dragonite|Scale Shot|p2b: Forest Dude
|-damage|p2b: Forest Dude|59/100
|-damage|p2b: Forest Dude|41/100
|-damage|p2b: Forest Dude|23/100
|-damage|p2b: Forest Dude|2/100
|-damage|p2b: Forest Dude|0 fnt
|faint|p2b: Forest Dude
|-hitcount|p2: Forest Dude|5
|-unboost|p1b: Dragonite|def|1
|-boost|p1b: Dragonite|spe|1
|move|p2a: Metal T-Rex|Icicle Spear|p1b: Dragonite
|-damage|p1b: Dragonite|92/100
|-damage|p1b: Dragonite|74/100
|-damage|p1b: Dragonite|57/100
|-damage|p1b: Dragonite|40/100
|-hitcount|p1b: Dragonite|4
|
|-heal|p1b: Dragonite|46/100|[from] Grassy Terrain
|upkeep
|
|t:|1757763573
|switch|p1a: Ninetales|Ninetales-Alola, L50, F|100/100
|switch|p2b: King Bug|Kingambit, L50, M, shiny|100/100
|-weather|Snowscape|[from] ability: Snow Warning|[of] p1a: Ninetales
|turn|3
|
|t:|1757763594
|move|p1b: Dragonite|Scale Shot|p2b: King Bug
|-resisted|p2b: King Bug
|-damage|p2b: King Bug|94/100
|-resisted|p2b: King Bug
|-damage|p2b: King Bug|87/100
|-resisted|p2b: King Bug
|-damage|p2b: King Bug|80/100
|-resisted|p2b: King Bug
|-crit|p2b: King Bug
|-damage|p2b: King Bug|68/100
|-resisted|p2b: King Bug
|-damage|p2b: King Bug|60/100
|-hitcount|p2b: King Bug|5
|-unboost|p1b: Dragonite|def|1
|-boost|p1b: Dragonite|spe|1
|move|p1a: Ninetales|Aurora Veil|p1a: Ninetales
|-sidestart|p1: mechabicho_14|move: Aurora Veil
|move|p2a: Metal T-Rex|Icicle Spear|p1b: Dragonite
|-damage|p1b: Dragonite|28/100
|-damage|p1b: Dragonite|9/100
|-damage|p1b: Dragonite|0 fnt
|faint|p1b: Dragonite
|-hitcount|p1: Dragonite|3
|move|p2b: King Bug|Swords Dance|p2b: King Bug
|-boost|p2b: King Bug|atk|2
|
|-weather|Snowscape|[upkeep]
|-heal|p2b: King Bug|66/100|[from] Grassy Terrain
|upkeep
|
|t:|1757763602
|switch|p1b: Gholdengo|Gholdengo, L50|100/100
|turn|4
|inactive|Battle timer is ON: inactive players will automatically lose when time's up. (requested by mechabicho_14)
|
|t:|1757763651
|move|p1a: Ninetales|Encore|p2b: King Bug
|-start|p2b: King Bug|Encore
|move|p1b: Gholdengo|Nasty Plot|p1b: Gholdengo
|-boost|p1b: Gholdengo|spa|2
|move|p2a: Metal T-Rex|Scale Shot|p1b: Gholdengo
|-resisted|p1b: Gholdengo
|-damage|p1b: Gholdengo|95/100
|-resisted|p1b: Gholdengo
|-damage|p1b: Gholdengo|89/100
|-resisted|p1b: Gholdengo
|-damage|p1b: Gholdengo|83/100
|-resisted|p1b: Gholdengo
|-damage|p1b: Gholdengo|78/100
|-resisted|p1b: Gholdengo
|-damage|p1b: Gholdengo|73/100
|-hitcount|p1b: Gholdengo|5
|-unboost|p2a: Metal T-Rex|def|1
|-boost|p2a: Metal T-Rex|spe|1
|move|p2b: King Bug|Swords Dance|p2b: King Bug
|-boost|p2b: King Bug|atk|2
|
|-weather|Snowscape|[upkeep]
|-heal|p1b: Gholdengo|79/100|[from] Grassy Terrain
|-heal|p2b: King Bug|72/100|[from] Grassy Terrain
|upkeep
|turn|5
|
|t:|1757763667
|switch|p2b: Donbozo|Dondozo, L50, F, shiny|100/100
|move|p2a: Metal T-Rex|Protect|p2a: Metal T-Rex
|-singleturn|p2a: Metal T-Rex|Protect
|move|p1a: Ninetales|Blizzard|p2b: Donbozo|[spread] p2b
|-activate|p2a: Metal T-Rex|move: Protect
|-resisted|p2b: Donbozo
|-crit|p2b: Donbozo
|-damage|p2b: Donbozo|88/100
|move|p1b: Gholdengo|Make It Rain|p2b: Donbozo|[spread] p2b
|-activate|p2a: Metal T-Rex|move: Protect
|-resisted|p2b: Donbozo
|-damage|p2b: Donbozo|65/100
|-unboost|p1b: Gholdengo|spa|1
|-damage|p1b: Gholdengo|69/100|[from] item: Life Orb
|
|-weather|Snowscape|[upkeep]
|-heal|p1b: Gholdengo|75/100|[from] Grassy Terrain
|-heal|p2b: Donbozo|72/100|[from] Grassy Terrain
|-heal|p2b: Donbozo|78/100|[from] item: Leftovers
|-fieldend|move: Grassy Terrain
|upkeep
|turn|6
|
|t:|1757763687
|move|p2a: Metal T-Rex|Scale Shot|p1b: Gholdengo
|-resisted|p1b: Gholdengo
|-damage|p1b: Gholdengo|69/100
|-resisted|p1b: Gholdengo
|-damage|p1b: Gholdengo|63/100
|-resisted|p1b: Gholdengo
|-damage|p1b: Gholdengo|57/100
|-resisted|p1b: Gholdengo
|-damage|p1b: Gholdengo|52/100
|-hitcount|p1b: Gholdengo|4
|-unboost|p2a: Metal T-Rex|def|1
|-boost|p2a: Metal T-Rex|spe|1
|move|p1a: Ninetales|Icy Wind|p2b: Donbozo|[spread] p2a,p2b
|-resisted|p2b: Donbozo
|-damage|p2a: Metal T-Rex|87/100
|-damage|p2b: Donbozo|74/100
|-unboost|p2a: Metal T-Rex|spe|1
|-unboost|p2b: Donbozo|spe|1
|move|p1b: Gholdengo|Shadow Ball|p2a: Metal T-Rex
|-supereffective|p2a: Metal T-Rex
|-damage|p2a: Metal T-Rex|0 fnt
|faint|p2a: Metal T-Rex
|-damage|p1b: Gholdengo|43/100|[from] item: Life Orb
|move|p2b: Donbozo|Wave Crash|p1b: Gholdengo
|-damage|p1b: Gholdengo|9/100
|-damage|p2b: Donbozo|67/100|[from] Recoil
|
|-weather|Snowscape|[upkeep]
|-heal|p2b: Donbozo|73/100|[from] item: Leftovers
|upkeep
|
|t:|1757763709
|switch|p2a: King Bug|Kingambit, L50, M, shiny|72/100
|turn|7
|
|t:|1757763718
|move|p2a: King Bug|Sucker Punch|p1b: Gholdengo
|-supereffective|p1b: Gholdengo
|-damage|p1b: Gholdengo|0 fnt
|faint|p1b: Gholdengo
|move|p1a: Ninetales|Blizzard|p2a: King Bug|[spread] p2a,p2b
|-resisted|p2a: King Bug
|-resisted|p2b: Donbozo
|-damage|p2a: King Bug|60/100
|-damage|p2b: Donbozo|65/100
|move|p2b: Donbozo|Yawn|p1a: Ninetales
|-start|p1a: Ninetales|move: Yawn|[of] p2b: Donbozo
|
|-weather|none
|-heal|p2b: Donbozo|71/100|[from] item: Leftovers
|upkeep
|turn|8
|
|t:|1757763731
|move|p1a: Ninetales|Blizzard|p2a: King Bug|[spread] p2a,p2b
|-resisted|p2a: King Bug
|-resisted|p2b: Donbozo
|-damage|p2a: King Bug|49/100
|-damage|p2b: Donbozo|62/100
|move|p2a: King Bug|Kowtow Cleave|p1a: Ninetales
|-resisted|p1a: Ninetales
|-damage|p1a: Ninetales|78/100
|move|p2b: Donbozo|Fissure|p1a: Ninetales|[miss]
|-miss|p2b: Donbozo|p1a: Ninetales
|
|-heal|p2b: Donbozo|69/100|[from] item: Leftovers
|-end|p1a: Ninetales|move: Yawn|[silent]
|-status|p1a: Ninetales|slp
|upkeep
|turn|9
|
|t:|1757763743
|cant|p1a: Ninetales|slp
|move|p2a: King Bug|Kowtow Cleave|p1a: Ninetales
|-resisted|p1a: Ninetales
|-damage|p1a: Ninetales|53/100 slp
|move|p2b: Donbozo|Fissure|p1a: Ninetales
|-damage|p1a: Ninetales|0 fnt
|faint|p1a: Ninetales
|-ohko
|
|win|Zacharykeith
