|j|☆mrblue25
|j|☆Pyos
|html|mrblue25Pyos    
|uhtml|bestof|Game 1 of a best-of-3
|t:|1784995362
|gametype|doubles
|player|p1|mrblue25|1|1113
|player|p2|Pyos|tulip|1227
|gen|9
|tier|[Gen 9 Champions] VGC 2026 Reg M-B (Bo3)
|rated|
|rule|Species Clause: Limit one of each Pokémon
|rule|Item Clause: Limit 1 of each item
|clearpoke
|poke|p1|Kommo-o, L50, M|
|poke|p1|Aerodactyl, L50, M|
|poke|p1|Floette-Eternal, L50, F|
|poke|p1|Incineroar, L50, M|
|poke|p1|Aegislash, L50, M|
|poke|p1|Rotom-Wash, L50|
|poke|p2|Grimmsnarl, L50, M|
|poke|p2|Politoed, L50, M|
|poke|p2|Archaludon, L50, M|
|poke|p2|Venusaur, L50, M|
|poke|p2|Sneasler, L50, F|
|poke|p2|Basculegion, L50, M|
|teampreview|4
|showteam|p1|Kommo-o||Leftovers|Soundproof|ClangorousSoul,ClangingScales,AuraSphere,Protect|Timid||M|||50|]Aerodactyl||Aerodactylite|Unnerve|RockSlide,Protect,Tailwind,DualWingbeat|Jolly||M|||50|]Floette-Eternal||Floettite|FlowerVeil|Protect,Moonblast,LightofRuin,DazzlingGleam|Modest||F|||50|]Incineroar||ChopleBerry|Intimidate|PartingShot,FakeOut,FlareBlitz,HelpingHand|Impish||M|||50|]Aegislash||FocusSash|StanceChange|KingsShield,ShadowSneak,Poltergeist,IronHead|Adamant||M|||50|]Rotom-Wash||SitrusBerry|Levitate|Protect,WillOWisp,Thunderbolt,HydroPump|Calm|||||50|
|showteam|p2|Grimmsnarl||LightClay|Prankster|FoulPlay,Reflect,LightScreen,PartingShot|Careful||M|||50|]Politoed||SitrusBerry|Drizzle|WeatherBall,IceBeam,Encore,Protect|Calm||M|||50|]Archaludon||Leftovers|Stamina|ElectroShot,DragonPulse,FlashCannon,Protect|Modest||M|||50|]Venusaur||Venusaurite|Chlorophyll|GigaDrain,SludgeBomb,EarthPower,Protect|Modest||M|||50|]Sneasler||FocusSash|Unburden|CloseCombat,DireClaw,FakeOut,Protect|Jolly||F|||50|]Basculegion||ChoiceScarf|Adaptability|WaveCrash,LastRespects,AquaJet,FlipTurn|Jolly||M|||50|
|inactive|Battle timer is ON: inactive players will automatically lose when time's up. (requested by Pyos)
|l|☆mrblue25
|inactive|mrblue25 disconnected and has a minute to reconnect!
|player|p1|
|j|☆mrblue25
|inactive|mrblue25 reconnected and has 65 seconds left.
|player|p1|mrblue25|1|
|inactive|mrblue25 has 60 seconds left.
|inactive|Pyos has 60 seconds left.
|
|t:|1784995424
|teamsize|p1|4
|teamsize|p2|4
|start
|switch|p1a: Incineroar|Incineroar, L50, M|100/100
|switch|p1b: Kommo-o|Kommo-o, L50, M|100/100
|switch|p2a: Venusaur|Venusaur, L50, M|100/100
|switch|p2b: Grimmsnarl|Grimmsnarl, L50, M|100/100
|-ability|p1a: Incineroar|Intimidate|boost
|-unboost|p2a: Venusaur|atk|1
|-unboost|p2b: Grimmsnarl|atk|1
|turn|1
|
|t:|1784995449
|detailschange|p2a: Venusaur|Venusaur-Mega, L50, M
|-mega|p2a: Venusaur|Venusaur|Venusaurite
|move|p1a: Incineroar|Fake Out|p2a: Venusaur
|-damage|p2a: Venusaur|91/100
|move|p2b: Grimmsnarl|Light Screen|p2b: Grimmsnarl
|-sidestart|p2: Pyos|move: Light Screen
|move|p1b: Kommo-o|Clangorous Soul|p1b: Kommo-o
|-boost|p1b: Kommo-o|atk|1
|-boost|p1b: Kommo-o|def|1
|-boost|p1b: Kommo-o|spa|1
|-boost|p1b: Kommo-o|spd|1
|-boost|p1b: Kommo-o|spe|1
|-damage|p1b: Kommo-o|67/100
|cant|p2a: Venusaur|flinch
|
|-heal|p1b: Kommo-o|73/100|[from] item: Leftovers
|upkeep
|turn|2
|
|t:|1784995473
|move|p2b: Grimmsnarl|Reflect|p2b: Grimmsnarl
|-sidestart|p2: Pyos|Reflect
|move|p1b: Kommo-o|Clangorous Soul|p1b: Kommo-o
|-boost|p1b: Kommo-o|atk|1
|-boost|p1b: Kommo-o|def|1
|-boost|p1b: Kommo-o|spa|1
|-boost|p1b: Kommo-o|spd|1
|-boost|p1b: Kommo-o|spe|1
|-damage|p1b: Kommo-o|40/100
|move|p2a: Venusaur|Sludge Bomb|p1b: Kommo-o
|-damage|p1b: Kommo-o|12/100
|move|p1a: Incineroar|Flare Blitz|p2a: Venusaur
|-supereffective|p2a: Venusaur|1
|-damage|p2a: Venusaur|67/100
|-damage|p1a: Incineroar|92/100|[from] Recoil
|
|-heal|p1b: Kommo-o|18/100|[from] item: Leftovers
|upkeep
|turn|3
|
|t:|1784995497
|switch|p2b: Politoed|Politoed, L50, M|100/100
|-weather|RainDance|[from] ability: Drizzle|[of] p2b: Politoed
|move|p1b: Kommo-o|Protect|p1b: Kommo-o
|-singleturn|p1b: Kommo-o|Protect
|move|p2a: Venusaur|Sludge Bomb|p1b: Kommo-o
|-activate|p1b: Kommo-o|move: Protect
|move|p1a: Incineroar|Parting Shot|p2a: Venusaur
|-unboost|p2a: Venusaur|atk|1
|-unboost|p2a: Venusaur|spa|1
|
|t:|1784995512
|switch|p1a: Aegislash|Aegislash, L50, M|100/100|[from] Parting Shot
|
|-weather|RainDance|[upkeep]
|-heal|p1b: Kommo-o|24/100|[from] item: Leftovers
|upkeep
|turn|4
|
|t:|1784995528
|move|p1b: Kommo-o|Clanging Scales|p2b: Politoed|[spread] p2a,p2b
|-damage|p2a: Venusaur|25/100
|-damage|p2b: Politoed|61/100
|-unboost|p1b: Kommo-o|def|1
|-formechange|p1a: Aegislash|Aegislash-Blade|
|move|p1a: Aegislash|Poltergeist|p2a: Venusaur
|-activate|p2a: Venusaur|move: Poltergeist|Venusaurite
|-damage|p2a: Venusaur|0 fnt
|faint|p2a: Venusaur
|move|p2b: Politoed|Weather Ball|p1b: Kommo-o
|-resisted|p1b: Kommo-o|1
|-damage|p1b: Kommo-o|9/100
|
|-weather|RainDance|[upkeep]
|-heal|p1b: Kommo-o|15/100|[from] item: Leftovers
|upkeep
|
|t:|1784995548
|switch|p2a: Basculegion|Basculegion, L50, M|100/100
|turn|5
|
|t:|1784995558
|move|p1b: Kommo-o|Protect|p1b: Kommo-o
|-singleturn|p1b: Kommo-o|Protect
|-formechange|p1a: Aegislash|Aegislash|
|move|p1a: Aegislash|King's Shield|p1a: Aegislash
|-singleturn|p1a: Aegislash|Protect
|move|p2a: Basculegion|Flip Turn|p1b: Kommo-o
|-activate|p1b: Kommo-o|move: Protect
|move|p2b: Politoed|Weather Ball|p1a: Aegislash
|-activate|p1a: Aegislash|move: Protect
|
|-weather|RainDance|[upkeep]
|-heal|p1b: Kommo-o|21/100|[from] item: Leftovers
|upkeep
|turn|6
|inactive|mrblue25 has 30 seconds left.
|inactive|mrblue25 has 20 seconds left.
|
|t:|1784995596
|move|p1b: Kommo-o|Aura Sphere|p2b: Politoed
|-damage|p2b: Politoed|25/100
|-enditem|p2b: Politoed|Sitrus Berry|[eat]
|-heal|p2b: Politoed|50/100y|[from] item: Sitrus Berry
|move|p2a: Basculegion|Flip Turn|p1b: Kommo-o
|-resisted|p1b: Kommo-o|1
|-damage|p1b: Kommo-o|3/100
|
|t:|1784995604
|switch|p2a: Grimmsnarl|Grimmsnarl, L50, M|100/100|[from] Flip Turn
|-formechange|p1a: Aegislash|Aegislash-Blade|
|move|p1a: Aegislash|Iron Head|p2a: Grimmsnarl
|-supereffective|p2a: Grimmsnarl|1
|-damage|p2a: Grimmsnarl|30/100
|move|p2b: Politoed|Weather Ball|p1a: Aegislash
|-enditem|p1a: Aegislash|Focus Sash
|-damage|p1a: Aegislash|1/100
|
|-weather|RainDance|[upkeep]
|-heal|p1b: Kommo-o|9/100|[from] item: Leftovers
|upkeep
|turn|7
|
|t:|1784995628
|switch|p1a: Floette|Floette-Eternal, L50, F|100/100
|move|p1b: Kommo-o|Protect|p1b: Kommo-o
|-singleturn|p1b: Kommo-o|Protect
|move|p2a: Grimmsnarl|Parting Shot|p1a: Floette
|-unboost|p1a: Floette|atk|1
|-unboost|p1a: Floette|spa|1
|
|t:|1784995634
|switch|p2a: Basculegion|Basculegion, L50, M|100/100|[from] Parting Shot
|move|p2b: Politoed|Ice Beam|p1b: Kommo-o
|-activate|p1b: Kommo-o|move: Protect
|
|-weather|none
|-heal|p1b: Kommo-o|15/100|[from] item: Leftovers
|upkeep
|turn|8
|
|t:|1784995649
|switch|p2b: Grimmsnarl|Grimmsnarl, L50, M|30/100
|detailschange|p1a: Floette|Floette-Mega, L50, F
|-mega|p1a: Floette|Floette|Floettite
|-ability|p1a: Floette|Fairy Aura
|move|p1b: Kommo-o|Clanging Scales|p2b: Grimmsnarl|[spread] p2a
|-immune|p2b: Grimmsnarl
|-damage|p2a: Basculegion|43/100
|-unboost|p1b: Kommo-o|def|1
|move|p2a: Basculegion|Last Respects|p1b: Kommo-o
|-damage|p1b: Kommo-o|0 fnt
|faint|p1b: Kommo-o
|move|p1a: Floette|Light of Ruin|p2a: Basculegion|[miss]
|-miss|p1a: Floette|p2a: Basculegion
|
|-sideend|p2: Pyos|move: Light Screen
|upkeep
|
|t:|1784995666
|switch|p1b: Aegislash|Aegislash, L50, M|1/100
|turn|9
|
|t:|1784995682
|switch|p2a: Politoed|Politoed, L50, M|50/100y
|-weather|RainDance|[from] ability: Drizzle|[of] p2a: Politoed
|-formechange|p1b: Aegislash|Aegislash-Blade|
|move|p1b: Aegislash|Shadow Sneak|p2a: Politoed
|-crit|p2a: Politoed
|-damage|p2a: Politoed|13/100
|move|p2b: Grimmsnarl|Parting Shot|p1a: Floette
|-unboost|p1a: Floette|atk|1
|-unboost|p1a: Floette|spa|1
|
|t:|1784995691
|switch|p2b: Basculegion|Basculegion, L50, M|43/100|[from] Parting Shot
|move|p1a: Floette|Dazzling Gleam|p2a: Politoed|[spread] p2a,p2b
|-damage|p2a: Politoed|0 fnt
|-damage|p2b: Basculegion|14/100
|faint|p2a: Politoed
|
|-weather|RainDance|[upkeep]
|-sideend|p2: Pyos|Reflect
|upkeep
|
|t:|1784995696
|switch|p2a: Grimmsnarl|Grimmsnarl, L50, M|30/100
|turn|10
|-message|Pyos forfeited.
|
|win|mrblue25
||Pyos is ready for game 2.
|inactive|mrblue25 has 30 seconds to confirm battle start!
|inactive|mrblue25 has 20 seconds to confirm battle start!
||mrblue25 is ready for game 2.
|uhtml|next|Next: Game 2 of 3
|l|☆Pyos
|player|p2|
