|j|☆moth.o
|j|☆MarMarteau
|html|moth.oMarMarteau    
|uhtml|bestof|Game 2 of a best-of-3
|t:|1756640087
|gametype|doubles
|player|p1|moth.o|roxie|1106
|player|p2|MarMarteau|psychic-gen3|1120
|gen|9
|tier|[Gen 9] VGC 2025 Reg H (Bo3)
|rated|
|rule|Species Clause: Limit one of each Pokémon
|rule|Item Clause: Limit 1 of each item
|clearpoke
|poke|p1|Arcanine-Hisui, L50, M|
|poke|p1|Indeedee-F, L50, F|
|poke|p1|Gallade, L50, M|
|poke|p1|Gholdengo, L50|
|poke|p1|Whimsicott, L50, M|
|poke|p1|Hydreigon, L50, F|
|poke|p2|Electabuzz, L50, M|
|poke|p2|Kingambit, L50, F|
|poke|p2|Volcarona, L50, M|
|poke|p2|Dragonite, L50, F|
|poke|p2|Sneasler, L50, F|
|poke|p2|Rillaboom, L50, F|
|teampreview|4
|showteam|p1|Arcanine-Hisui||SafetyGoggles|Intimidate|RockSlide,FlareBlitz,ExtremeSpeed,Protect|||M|||50|,,,,,Fairy]Indeedee-F||SitrusBerry|PsychicSurge|TrickRoom,FollowMe,Psychic,HelpingHand|||F|||50|,,,,,Fairy]Gallade||LifeOrb|Sharpness|Protect,NightSlash,SacredSword,PsychoCut|||M|||50|,,,,,Grass]Gholdengo||ChoiceSpecs|GoodasGold|Trick,ShadowBall,MakeItRain,PowerGem||||||50|,,,,,Water]Whimsicott||CovertCloak|Prankster|SunnyDay,Moonblast,Encore,Tailwind|||M|||50|,,,,,Dark]Hydreigon||AssaultVest|Levitate|Uturn,Snarl,DarkPulse,DracoMeteor|||F|||50|,,,,,Ghost
|showteam|p2|Electabuzz||Eviolite|VitalSpirit|FollowMe,Thunderbolt,Taunt,Protect|||M|||50|,,,,,Ghost]Kingambit||BlackGlasses|Defiant|KowtowCleave,SuckerPunch,SwordsDance,Protect|||F|||50|,,,,,Dark]Volcarona||Leftovers|FlameBody|HeatWave,TeraBlast,QuiverDance,Protect|||M|||50|,,,,,Fairy]Dragonite||LoadedDice|Multiscale|ScaleShot,ExtremeSpeed,Haze,Protect|||F|||50|,,,,,Fairy]Sneasler||FocusSash|Unburden|DireClaw,CloseCombat,Coaching,FakeOut|||F|||50|,,,,,Stellar]Rillaboom||AssaultVest|GrassySurge|FakeOut,WoodHammer,GrassyGlide,HighHorsepower|||F|||50|,,,,,Fire
|inactive|Battle timer is ON: inactive players will automatically lose when time's up. (requested by MarMarteau)
|
|t:|1756640121
|teamsize|p1|4
|teamsize|p2|4
|start
|switch|p1a: Galantería|Gallade, L50, M, shiny|100/100
|switch|p1b: Servidumbre|Indeedee-F, L50, F|100/100
|switch|p2a: Electabuzz|Electabuzz, L50, M|100/100
|switch|p2b: Sneasler|Sneasler, L50, F|100/100
|-fieldstart|move: Psychic Terrain|[from] ability: Psychic Surge|[of] p1b: Servidumbre
|turn|1
|
|t:|1756640138
|move|p1b: Servidumbre|Helping Hand|p1a: Galantería
|-singleturn|p1a: Galantería|Helping Hand|[of] p1b: Servidumbre
|move|p2b: Sneasler|Dire Claw|p1a: Galantería
|-damage|p1a: Galantería|24/100
|move|p2a: Electabuzz|Thunderbolt|p1a: Galantería
|-damage|p1a: Galantería|0 fnt
|faint|p1a: Galantería
|
|upkeep
|
|t:|1756640149
|switch|p1a: Tesorero|Gholdengo, L50|100/100
|turn|2
|inactive|MarMarteau has 30 seconds left.
|
|t:|1756640176
|move|p2b: Sneasler|Close Combat|p1b: Servidumbre
|-damage|p1b: Servidumbre|39/100
|-unboost|p2b: Sneasler|def|1
|-unboost|p2b: Sneasler|spd|1
|-enditem|p1b: Servidumbre|Sitrus Berry|[eat]
|-heal|p1b: Servidumbre|64/100|[from] item: Sitrus Berry
|move|p1a: Tesorero|Power Gem|p2a: Electabuzz
|-damage|p2a: Electabuzz|64/100
|move|p2a: Electabuzz|Taunt|p1a: Tesorero
|-immune|p1a: Tesorero|[from] ability: Good as Gold
|move|p1b: Servidumbre|Psychic|p2a: Electabuzz
|-damage|p2a: Electabuzz|35/100
|
|upkeep
|turn|3
|
|t:|1756640200
|move|p2b: Sneasler|Dire Claw|p1b: Servidumbre
|-damage|p1b: Servidumbre|24/100
|move|p1a: Tesorero|Power Gem|p2a: Electabuzz
|-damage|p2a: Electabuzz|0 fnt
|faint|p2a: Electabuzz
|move|p1b: Servidumbre|Trick Room|p1b: Servidumbre
|-fieldstart|move: Trick Room|[of] p1b: Servidumbre
|
|upkeep
|
|t:|1756640210
|switch|p2a: Rillaboom|Rillaboom, L50, F|100/100
|-fieldstart|move: Grassy Terrain|[from] ability: Grassy Surge|[of] p2a: Rillaboom
|turn|4
|
|t:|1756640221
|switch|p1b: Fenrir|Arcanine-Hisui, L50, M|100/100
|-ability|p1b: Fenrir|Intimidate|boost
|-unboost|p2a: Rillaboom|atk|1
|-unboost|p2b: Sneasler|atk|1
|move|p2a: Rillaboom|High Horsepower|p1a: Tesorero
|-supereffective|p1a: Tesorero
|-damage|p1a: Tesorero|52/100
|move|p1a: Tesorero|Power Gem|p2b: Sneasler
|-resisted|p2b: Sneasler
|-damage|p2b: Sneasler|54/100
|move|p2b: Sneasler|Dire Claw|p1b: Fenrir
|-resisted|p1b: Fenrir
|-damage|p1b: Fenrir|84/100
|
|-heal|p1a: Tesorero|59/100|[from] Grassy Terrain
|-heal|p1b: Fenrir|90/100|[from] Grassy Terrain
|-heal|p2b: Sneasler|60/100|[from] Grassy Terrain
|upkeep
|turn|5
|inactive|moth.o has 30 seconds left.
|
|t:|1756640247
|switch|p2a: Kingambit|Kingambit, L50, F|100/100
|-terastallize|p1b: Fenrir|Fairy
|move|p1a: Tesorero|Power Gem|p2b: Sneasler
|-resisted|p2b: Sneasler
|-damage|p2b: Sneasler|13/100
|move|p1b: Fenrir|Rock Slide|p2b: Sneasler|[spread] p2a,p2b
|-resisted|p2a: Kingambit
|-resisted|p2b: Sneasler
|-damage|p2a: Kingambit|91/100
|-damage|p2b: Sneasler|0 fnt
|faint|p2b: Sneasler
|
|-heal|p2a: Kingambit|97/100|[from] Grassy Terrain
|-heal|p1a: Tesorero|65/100|[from] Grassy Terrain
|-heal|p1b: Fenrir|97/100|[from] Grassy Terrain
|upkeep
|inactive|MarMarteau has 30 seconds left.
|
|t:|1756640281
|switch|p2b: Rillaboom|Rillaboom, L50, F|100/100
|turn|6
|inactive|MarMarteau has 30 seconds left.
|inactive|MarMarteau has 20 seconds left.
|inactive|MarMarteau has 15 seconds left.
|inactive|MarMarteau has 10 seconds left.
|
|t:|1756640329
|switch|p1a: Servidumbre|Indeedee-F, L50, F|24/100
|-fieldstart|move: Psychic Terrain|[from] ability: Psychic Surge|[of] p1a: Servidumbre
|-terastallize|p2a: Kingambit|Dark
|move|p2b: Rillaboom|Fake Out|p1b: Fenrir
|-activate|p1b: Fenrir|move: Psychic Terrain
|move|p2a: Kingambit|Kowtow Cleave|p1a: Servidumbre
|-supereffective|p1a: Servidumbre
|-damage|p1a: Servidumbre|0 fnt
|faint|p1a: Servidumbre
|move|p1b: Fenrir|Flare Blitz|p2b: Rillaboom
|-supereffective|p2b: Rillaboom
|-damage|p2b: Rillaboom|0 fnt
|faint|p2b: Rillaboom
|-damage|p1b: Fenrir|58/100|[from] Recoil
|
|upkeep
|
|t:|1756640346
|switch|p1a: Tesorero|Gholdengo, L50|65/100
|turn|7
|
|t:|1756640355
|move|p2a: Kingambit|Kowtow Cleave|p1b: Fenrir
|-resisted|p1b: Fenrir
|-damage|p1b: Fenrir|7/100
|move|p1a: Tesorero|Make It Rain|p2a: Kingambit
|-damage|p2a: Kingambit|0 fnt
|-unboost|p1a: Tesorero|spa|1
|faint|p2a: Kingambit
|
|win|moth.o
|raw|moth.o's rating: 1106 → 1132(+26 for winning)
|raw|MarMarteau's rating: 1120 → 1094(-26 for losing)
|l|☆MarMarteau
|player|p2|
