|j|☆Rimuro VGC
|j|☆TeyVgc
|html|Rimuro VGCTeyVgc    
|uhtml|bestof|Game 2 of a best-of-3
|t:|1783487709
|gametype|doubles
|player|p1|Rimuro VGC|volkner|1235
|player|p2|TeyVgc|rood|1347
|gen|9
|tier|[Gen 9 Champions] VGC 2026 Reg M-B (Bo3)
|rated|
|rule|Species Clause: Limit one of each Pokémon
|rule|Item Clause: Limit 1 of each item
|clearpoke
|poke|p1|Gardevoir, L50, F, shiny|
|poke|p1|Charizard, L50, M|
|poke|p1|Venusaur, L50, M|
|poke|p1|Garchomp, L50, F|
|poke|p1|Mawile, L50, F, shiny|
|poke|p1|Whimsicott, L50, F|
|poke|p2|Raichu, L50, M|
|poke|p2|Sinistcha, L50|
|poke|p2|Ceruledge, L50, M|
|poke|p2|Milotic, L50, F|
|poke|p2|Incineroar, L50, M|
|poke|p2|Floette-Eternal, L50, F|
|teampreview|4
|showteam|p1|Gardevoir||FocusSash|Trace|Psychic,Moonblast,TrickRoom,Protect|Modest||F|||50|]Charizard||CharizarditeY|SolarPower|HeatWave,Protect,AirSlash,AncientPower|Modest||M|||50|]Venusaur||Leftovers|Chlorophyll|EnergyBall,SludgeBomb,SleepPowder,Protect|Modest||M|||50|]Garchomp||LifeOrb|RoughSkin|RockSlide,Outrage,Earthquake,Protect|Adamant||F|||50|]Mawile||Mawilite|Intimidate|PlayRough,IronHead,SwordsDance,Protect|Brave||F|||50|]Whimsicott||MentalHerb|Prankster|Tailwind,Protect,Moonblast,Encore|Modest||F|||50|
|showteam|p2|Raichu||RaichuniteY|LightningRod|ZapCannon,FocusBlast,FakeOut,Protect|Timid||M|||50|]Sinistcha||KasibBerry|Hospitality|MatchaGotcha,LifeDew,RagePowder,TrickRoom|Relaxed|||||50|]Ceruledge||ColburBerry|FlashFire|BitterBlade,ShadowSneak,BulkUp,Protect|Adamant||M|||50|]Milotic||Leftovers|Competitive|MuddyWater,Coil,Hypnosis,Protect|Calm||F|||50|]Incineroar||SitrusBerry|Intimidate|FlareBlitz,ThroatChop,FakeOut,PartingShot|Impish||M|||50|]Floette-Eternal||Floettite|FlowerVeil|CalmMind,Protect,Moonblast,DazzlingGleam|Modest||F|||50|
|
|t:|1783487717
|teamsize|p1|4
|teamsize|p2|4
|start
|switch|p1a: Whimsicott|Whimsicott, L50, F|100/100
|switch|p1b: Charizard|Charizard, L50, M|100/100
|switch|p2a: Raichu|Raichu, L50, M|100/100
|switch|p2b: Milotic|Milotic, L50, F|100/100
|turn|1
|
|t:|1783487733
|switch|p1b: Venusaur|Venusaur, L50, M|100/100
|detailschange|p2a: Raichu|Raichu-Mega-Y, L50, M
|-mega|p2a: Raichu|Raichu|Raichunite Y
|move|p1a: Whimsicott|Protect|p1a: Whimsicott
|-singleturn|p1a: Whimsicott|Protect
|move|p2a: Raichu|Zap Cannon|p1a: Whimsicott
|-activate|p1a: Whimsicott|move: Protect
|move|p2b: Milotic|Coil|p2b: Milotic
|-boost|p2b: Milotic|atk|1
|-boost|p2b: Milotic|def|1
|-boost|p2b: Milotic|accuracy|1
|
|upkeep
|turn|2
|
|t:|1783487755
|move|p1a: Whimsicott|Encore|p2b: Milotic
|-start|p2b: Milotic|Encore
|move|p2a: Raichu|Zap Cannon|p1a: Whimsicott
|-resisted|p1a: Whimsicott|1
|-damage|p1a: Whimsicott|59/100
|-status|p1a: Whimsicott|par
|move|p2b: Milotic|Coil|p2b: Milotic
|-boost|p2b: Milotic|atk|1
|-boost|p2b: Milotic|def|1
|-boost|p2b: Milotic|accuracy|1
|move|p1b: Venusaur|Energy Ball|p2b: Milotic
|-supereffective|p2b: Milotic|1
|-damage|p2b: Milotic|42/100
|
|-heal|p2b: Milotic|48/100|[from] item: Leftovers
|upkeep
|turn|3
|
|t:|1783487777
|move|p2a: Raichu|Zap Cannon|p1b: Venusaur
|-resisted|p1b: Venusaur|1
|-damage|p1b: Venusaur|69/100
|-status|p1b: Venusaur|par
|move|p2b: Milotic|Coil|p2b: Milotic
|-boost|p2b: Milotic|atk|1
|-boost|p2b: Milotic|def|1
|-boost|p2b: Milotic|accuracy|1
|move|p1a: Whimsicott|Moonblast|p2a: Raichu
|-damage|p2a: Raichu|48/100
|-unboost|p2a: Raichu|spa|1
|move|p1b: Venusaur|Energy Ball|p2b: Milotic
|-supereffective|p2b: Milotic|1
|-damage|p2b: Milotic|0 fnt
|faint|p2b: Milotic
|
|-heal|p1b: Venusaur|75/100 par|[from] item: Leftovers
|upkeep
|
|t:|1783487789
|switch|p2b: Sinistcha|Sinistcha, L50|100/100
|-heal|p2a: Raichu|73/100|[from] ability: Hospitality|[of] p2b: Sinistcha
|turn|4
|
|t:|1783487800
|switch|p2a: Incineroar|Incineroar, L50, M|100/100
|-ability|p2a: Incineroar|Intimidate|boost
|-unboost|p1a: Whimsicott|atk|1
|-unboost|p1b: Venusaur|atk|1
|move|p2b: Sinistcha|Matcha Gotcha|p1a: Whimsicott|[spread] p1a,p1b
|-resisted|p1a: Whimsicott|1
|-resisted|p1b: Venusaur|2
|-damage|p1a: Whimsicott|44/100 par
|-damage|p1b: Venusaur|69/100 par
|move|p1a: Whimsicott|Moonblast|p2a: Incineroar
|-damage|p2a: Incineroar|62/100
|-unboost|p2a: Incineroar|spa|1
|move|p1b: Venusaur|Sludge Bomb|p2a: Incineroar
|-damage|p2a: Incineroar|22/100
|-enditem|p2a: Incineroar|Sitrus Berry|[eat]
|-heal|p2a: Incineroar|47/100|[from] item: Sitrus Berry
|
|-heal|p1b: Venusaur|75/100 par|[from] item: Leftovers
|upkeep
|turn|5
|
|t:|1783487826
|cant|p1a: Whimsicott|par
|move|p2a: Incineroar|Flare Blitz|p1a: Whimsicott
|-supereffective|p1a: Whimsicott|1
|-damage|p1a: Whimsicott|0 fnt
|faint|p1a: Whimsicott
|-damage|p2a: Incineroar|35/100|[from] Recoil
|move|p1b: Venusaur|Sludge Bomb|p2a: Incineroar
|-damage|p2a: Incineroar|0 fnt
|faint|p2a: Incineroar
|move|p2b: Sinistcha|Trick Room|p2b: Sinistcha
|-fieldstart|move: Trick Room|[of] p2b: Sinistcha
|
|-heal|p1b: Venusaur|81/100 par|[from] item: Leftovers
|upkeep
|
|t:|1783487839
|switch|p2a: Raichu|Raichu-Mega-Y, L50, M|73/100
|switch|p1a: Charizard|Charizard, L50, M|100/100
|turn|6
|
|t:|1783487850
|detailschange|p1a: Charizard|Charizard-Mega-Y, L50, M
|-mega|p1a: Charizard|Charizard|Charizardite Y
|-weather|SunnyDay|[from] ability: Drought|[of] p1a: Charizard
|move|p2b: Sinistcha|Matcha Gotcha|p1a: Charizard|[spread] p1a,p1b
|-resisted|p1a: Charizard|2
|-resisted|p1b: Venusaur|2
|-damage|p1a: Charizard|94/100
|-damage|p1b: Venusaur|75/100 par
|move|p1b: Venusaur|Sludge Bomb|p2a: Raichu
|-damage|p2a: Raichu|16/100
|move|p1a: Charizard|Heat Wave|p2b: Sinistcha|[spread] p2a,p2b
|-supereffective|p2b: Sinistcha|1
|-damage|p2a: Raichu|0 fnt
|-damage|p2b: Sinistcha|0 fnt
|faint|p2a: Raichu
|faint|p2b: Sinistcha
|
|win|Rimuro VGC
|raw|Rimuro VGC's rating: 1235 → 1268(+33 for winning)
|raw|TeyVgc's rating: 1347 → 1321(-26 for losing)
