|j|☆tavinn_n
|j|☆leafeon03
|html|tavinn_nleafeon03    
|uhtml|bestof|Game 2 of a best-of-3
|t:|1785190021
|gametype|doubles
|player|p1|tavinn_n|ghetsis|1322
|player|p2|leafeon03|erika|1367
|gen|9
|tier|[Gen 9 Champions] VGC 2026 Reg M-B (Bo3)
|rated|
|rule|Species Clause: Limit one of each Pokémon
|rule|Item Clause: Limit 1 of each item
|clearpoke
|poke|p1|Tyranitar, L50, F|
|poke|p1|Excadrill, L50, M|
|poke|p1|Milotic, L50, M|
|poke|p1|Sinistcha, L50|
|poke|p1|Staraptor, L50, F|
|poke|p1|Gholdengo, L50|
|poke|p2|Garchomp, L50, M, shiny|
|poke|p2|Charizard, L50, M, shiny|
|poke|p2|Whimsicott, L50, F|
|poke|p2|Floette-Eternal, L50, F|
|poke|p2|Basculegion, L50, M|
|poke|p2|Kingambit, L50, M, shiny|
|teampreview|4
|showteam|p1|Tyranitar||Tyranitarite|SandStream|KnockOff,RockSlide,HighHorsepower,Protect|Jolly||F|||50|]Excadrill||FocusSash|SandRush|HighHorsepower,IronHead,RockSlide,Protect|Jolly||M|||50|]Milotic||SitrusBerry|Competitive|Scald,IcyWind,Haze,Protect|Calm||M|||50|]Sinistcha||ColburBerry|Hospitality|MatchaGotcha,ShadowBall,Protect,RagePowder|Bold|||||50|]Staraptor||Staraptite|Intimidate|CloseCombat,BraveBird,Tailwind,Protect|Jolly||F|||50|]Gholdengo||LifeOrb|GoodasGold|MakeItRain,ShadowBall,NastyPlot,Protect|Modest|||||50|
|showteam|p2|Garchomp||LifeOrb|RoughSkin|Earthquake,RockSlide,DragonClaw,Protect|Jolly||M|||50|]Charizard||CharizarditeY|Blaze|HeatWave,WeatherBall,SolarBeam,Protect|Modest||M|||50|]Whimsicott||FocusSash|Prankster|Moonblast,Tailwind,Encore,Protect|Timid||F|||50|]Floette-Eternal||Floettite|FlowerVeil|Moonblast,DazzlingGleam,LightofRuin,Protect|Modest||F|||50|]Basculegion||MysticWater|Adaptability|WaveCrash,LastRespects,AquaJet,Protect|Adamant||M|||50|]Kingambit||ChopleBerry|Defiant|KowtowCleave,SuckerPunch,IronHead,LowKick|Adamant||M|||50|
|inactive|Battle timer is ON: inactive players will automatically lose when time's up. (requested by tavinn_n)
|inactive|leafeon03 has 60 seconds left.
|
|t:|1785190064
|teamsize|p1|4
|teamsize|p2|4
|start
|switch|p1a: Staraptor|Staraptor, L50, F|100/100
|switch|p1b: Milotic|Milotic, L50, M|100/100
|switch|p2a: Basculegion|Basculegion, L50, M|100/100
|switch|p2b: Kingambit|Kingambit, L50, M, shiny|100/100
|-ability|p1a: Staraptor|Intimidate|boost
|-unboost|p2a: Basculegion|atk|1
|-unboost|p2b: Kingambit|atk|1
|-ability|p2b: Kingambit|Defiant|boost
|-boost|p2b: Kingambit|atk|2
|turn|1
|inactive|leafeon03 has 30 seconds left.
|inactive|leafeon03 has 20 seconds left.
|inactive|leafeon03 has 15 seconds left.
|inactive|leafeon03 has 10 seconds left.
|
|t:|1785190109
|switch|p2b: Floette|Floette-Eternal, L50, F|100/100
|detailschange|p1a: Staraptor|Staraptor-Mega, L50, F
|-mega|p1a: Staraptor|Staraptor|Staraptite
|move|p1a: Staraptor|Close Combat|p2b: Floette
|-resisted|p2b: Floette|1
|-damage|p2b: Floette|51/100
|-boost|p1a: Staraptor|def|1
|-boost|p1a: Staraptor|spd|1
|move|p2a: Basculegion|Wave Crash|p1a: Staraptor
|-damage|p1a: Staraptor|56/100
|-damage|p2a: Basculegion|86/100|[from] Recoil
|move|p1b: Milotic|Scald|p2b: Floette
|-damage|p2b: Floette|23/100
|-status|p2b: Floette|brn
|
|-damage|p2b: Floette|17/100 brn|[from] brn
|upkeep
|turn|2
|inactive|tavinn_n has 30 seconds left.
|inactive|leafeon03 has 30 seconds left.
|inactive|tavinn_n has 20 seconds left.
|
|t:|1785190145
|switch|p2a: Whimsicott|Whimsicott, L50, F|100/100
|move|p1a: Staraptor|Protect|p1a: Staraptor
|-singleturn|p1a: Staraptor|Protect
|move|p2b: Floette|Protect|p2b: Floette
|-singleturn|p2b: Floette|Protect
|move|p1b: Milotic|Scald|p2a: Whimsicott
|-resisted|p2a: Whimsicott|1
|-damage|p2a: Whimsicott|78/100
|
|-damage|p2b: Floette|11/100 brn|[from] brn
|upkeep
|turn|3
|inactive|leafeon03 has 30 seconds left.
|inactive|leafeon03 has 20 seconds left.
|inactive|leafeon03 has 15 seconds left.
|
|t:|1785190187
|switch|p1a: Tyranitar|Tyranitar, L50, F|100/100
|-weather|Sandstorm|[from] ability: Sand Stream|[of] p1a: Tyranitar
|detailschange|p2b: Floette|Floette-Mega, L50, F
|-mega|p2b: Floette|Floette|Floettite
|-ability|p2b: Floette|Fairy Aura
|move|p2a: Whimsicott|Encore|p1a: Tyranitar
|-hint|Since gen 7, Dark is immune to Prankster moves.
|-immune|p1a: Tyranitar
|move|p2b: Floette|Dazzling Gleam|p1b: Milotic|[spread] p1a,p1b
|-supereffective|p1a: Tyranitar|1
|-damage|p1a: Tyranitar|37/100
|-damage|p1b: Milotic|66/100
|move|p1b: Milotic|Icy Wind|p2a: Whimsicott|[spread] p2a,p2b
|-supereffective|p2a: Whimsicott|1
|-damage|p2a: Whimsicott|45/100
|-damage|p2b: Floette|1/100 brn
|-unboost|p2a: Whimsicott|spe|1
|-unboost|p2b: Floette|spe|1
|
|-weather|Sandstorm|[upkeep]
|-damage|p2a: Whimsicott|40/100|[from] Sandstorm
|-damage|p1b: Milotic|60/100|[from] Sandstorm
|-damage|p2b: Floette|0 fnt|[from] Sandstorm
|faint|p2b: Floette
|upkeep
|inactive|leafeon03 has 30 seconds left.
|inactive|leafeon03 has 20 seconds left.
|inactive|leafeon03 has 15 seconds left.
|
|t:|1785190227
|switch|p2b: Basculegion|Basculegion, L50, M|86/100
|turn|4
|inactive|leafeon03 has 30 seconds left.
|inactive|tavinn_n has 30 seconds left.
|
|t:|1785190264
|switch|p2a: Kingambit|Kingambit, L50, M, shiny|100/100
|move|p1a: Tyranitar|Protect|p1a: Tyranitar
|-singleturn|p1a: Tyranitar|Protect
|move|p2b: Basculegion|Aqua Jet|p1a: Tyranitar
|-activate|p1a: Tyranitar|move: Protect
|move|p1b: Milotic|Icy Wind|p2b: Basculegion|[spread] p2a,p2b
|-resisted|p2a: Kingambit|1
|-resisted|p2b: Basculegion|1
|-damage|p2a: Kingambit|94/100
|-damage|p2b: Basculegion|81/100
|-unboost|p2a: Kingambit|spe|1
|-ability|p2a: Kingambit|Defiant|boost
|-boost|p2a: Kingambit|atk|2
|-unboost|p2b: Basculegion|spe|1
|
|-weather|Sandstorm|[upkeep]
|-damage|p1b: Milotic|54/100|[from] Sandstorm
|-damage|p2b: Basculegion|74/100|[from] Sandstorm
|upkeep
|turn|5
|inactive|leafeon03 has 30 seconds left.
|
|t:|1785190293
|move|p2b: Basculegion|Aqua Jet|p1a: Tyranitar
|-supereffective|p1a: Tyranitar|1
|-damage|p1a: Tyranitar|0 fnt
|faint|p1a: Tyranitar
|move|p1b: Milotic|Haze|p1b: Milotic
|-clearallboost
|move|p2a: Kingambit|Kowtow Cleave|p1b: Milotic
|-damage|p1b: Milotic|10/100
|-enditem|p1b: Milotic|Sitrus Berry|[eat]
|-heal|p1b: Milotic|34/100|[from] item: Sitrus Berry
|
|-weather|Sandstorm|[upkeep]
|-damage|p2b: Basculegion|68/100|[from] Sandstorm
|-damage|p1b: Milotic|28/100|[from] Sandstorm
|upkeep
|
|t:|1785190301
|switch|p1a: Excadrill|Excadrill, L50, M|100/100
|turn|6
|inactive|tavinn_n has 30 seconds left.
|inactive|leafeon03 has 30 seconds left.
|
|t:|1785190330
|move|p2b: Basculegion|Protect|p2b: Basculegion
|-singleturn|p2b: Basculegion|Protect
|move|p2a: Kingambit|Sucker Punch|p1a: Excadrill
|-damage|p1a: Excadrill|40/100
|move|p1a: Excadrill|High Horsepower|p2a: Kingambit
|-supereffective|p2a: Kingambit|1
|-damage|p2a: Kingambit|2/100
|move|p1b: Milotic|Scald|p2a: Kingambit
|-damage|p2a: Kingambit|0 fnt
|faint|p2a: Kingambit
|
|-weather|Sandstorm|[upkeep]
|-damage|p2b: Basculegion|62/100|[from] Sandstorm
|-damage|p1b: Milotic|23/100|[from] Sandstorm
|upkeep
|
|t:|1785190345
|switch|p2a: Whimsicott|Whimsicott, L50, F|40/100
|turn|7
|
|t:|1785190361
|move|p2b: Basculegion|Aqua Jet|p1a: Excadrill
|-supereffective|p1a: Excadrill|1
|-damage|p1a: Excadrill|0 fnt
|faint|p1a: Excadrill
|move|p2a: Whimsicott|Moonblast|p1b: Milotic
|-damage|p1b: Milotic|0 fnt
|faint|p1b: Milotic
|
|-weather|none
|upkeep
|
|t:|1785190366
|switch|p1b: Staraptor|Staraptor-Mega, L50, F|56/100
|turn|8
|-message|tavinn_n forfeited.
|
|win|leafeon03
|raw|tavinn_n's rating: 1322 → 1305(-17 for losing)
|raw|leafeon03's rating: 1367 → 1384(+17 for winning)
|l|☆tavinn_n
|player|p1|
