|j|☆TheLeoj
|j|☆lexerthanatauros
|html|TheLeojlexerthanatauros    
|uhtml|bestof|Game 1 of a best-of-3
|t:|1784053167
|gametype|doubles
|player|p1|TheLeoj|265|1146
|player|p2|lexerthanatauros|lucas|1154
|gen|9
|tier|[Gen 9 Champions] VGC 2026 Reg M-B (Bo3)
|rated|
|rule|Species Clause: Limit one of each Pokémon
|rule|Item Clause: Limit 1 of each item
|clearpoke
|poke|p1|Raichu, L50, M, shiny|
|poke|p1|Primarina, L50, F, shiny|
|poke|p1|Kingambit, L50, F, shiny|
|poke|p1|Incineroar, L50, M, shiny|
|poke|p1|Ninetales-Alola, L50, F, shiny|
|poke|p1|Gengar, L50, M, shiny|
|poke|p2|Froslass, L50, F|
|poke|p2|Beartic, L50, F|
|poke|p2|Basculegion, L50, M|
|poke|p2|Incineroar, L50, F|
|poke|p2|Maushold-Four, L50|
|poke|p2|Gengar, L50, F|
|teampreview|4
|showteam|p1|Raichu||RaichuniteY|Static|ZapCannon,FocusBlast,FakeOut,Protect|Timid||M|||50|]Primarina||LifeOrb|LiquidVoice|HyperVoice,DazzlingGleam,Protect,Moonblast|Modest||F|||50|]Kingambit||BlackGlasses|Defiant|Protect,KowtowCleave,IronHead,SuckerPunch|Adamant||F|||50|]Incineroar||SitrusBerry|Intimidate|FakeOut,FlareBlitz,DarkestLariat,PartingShot|Adamant||M|||50|]Ninetales-Alola||LightClay|SnowWarning|Protect,Blizzard,AuroraVeil,FreezeDry|Timid||F|||50|]Gengar||Gengarite|CursedBody|Protect,ShadowBall,PerishSong,SludgeBomb|Timid||M|||50|
|showteam|p2|Froslass||Froslassite|SnowCloak|Blizzard,AuroraVeil,ShadowBall,Protect|Timid||F|||50|]Beartic||LifeOrb|SlushRush|CloseCombat,ThroatChop,IcicleCrash,Protect|Jolly||F|||50|]Basculegion||ChoiceScarf|Adaptability|PsychicFangs,LastRespects,WaveCrash,FlipTurn|Jolly||M|||50|]Incineroar||SitrusBerry|Intimidate|FakeOut,FlareBlitz,DarkestLariat,CloseCombat|Adamant||F|||50|]Maushold-Four||WideLens|FriendGuard|PopulationBomb,FollowMe,HelpingHand,Protect|Careful|||||50|]Gengar||FocusSash|CursedBody|ShadowBall,IcyWind,SludgeBomb,Protect|Timid||F|||50|
|inactive|Battle timer is ON: inactive players will automatically lose when time's up. (requested by TheLeoj)
|inactive|TheLeoj has 60 seconds left.
|inactive|lexerthanatauros has 60 seconds left.
|
|t:|1784053226
|teamsize|p1|4
|teamsize|p2|4
|start
|switch|p1a: Ninetales|Ninetales-Alola, L50, F, shiny|100/100
|switch|p1b: Incineroar|Incineroar, L50, M, shiny|100/100
|switch|p2a: Maushold|Maushold-Four, L50|100/100
|switch|p2b: Basculegion|Basculegion, L50, M|100/100
|-weather|Snowscape|[from] ability: Snow Warning|[of] p1a: Ninetales
|-ability|p1b: Incineroar|Intimidate|boost
|-unboost|p2a: Maushold|atk|1
|-unboost|p2b: Basculegion|atk|1
|turn|1
|inactive|TheLeoj has 30 seconds left.
|inactive|lexerthanatauros has 30 seconds left.
|inactive|lexerthanatauros has 20 seconds left.
|inactive|lexerthanatauros has 15 seconds left.
|inactive|lexerthanatauros has 10 seconds left.
|inactive|lexerthanatauros has 5 seconds left.
|
|t:|1784053282
|move|p1b: Incineroar|Fake Out|p2a: Maushold
|-damage|p2a: Maushold|86/100
|move|p2b: Basculegion|Psychic Fangs|p1a: Ninetales
|-damage|p1a: Ninetales|82/100
|move|p1a: Ninetales|Aurora Veil|p1a: Ninetales
|-sidestart|p1: TheLeoj|move: Aurora Veil
|cant|p2a: Maushold|flinch
|
|-weather|Snowscape|[upkeep]
|upkeep
|turn|2
|inactive|TheLeoj has 30 seconds left.
|inactive|lexerthanatauros has 30 seconds left.
|inactive|lexerthanatauros has 20 seconds left.
|inactive|lexerthanatauros has 15 seconds left.
|
|t:|1784053324
|move|p2b: Basculegion|Psychic Fangs|p1a: Ninetales
|-sideend|p1: TheLeoj|move: Aurora Veil
|-damage|p1a: Ninetales|65/100
|move|p1a: Ninetales|Freeze-Dry|p2b: Basculegion
|-supereffective|p2b: Basculegion|1
|-damage|p2b: Basculegion|54/100
|move|p2a: Maushold|Population Bomb|p1b: Incineroar
|-damage|p1b: Incineroar|96/100
|-damage|p1b: Incineroar|91/100
|-damage|p1b: Incineroar|86/100
|-damage|p1b: Incineroar|81/100
|-damage|p1b: Incineroar|77/100
|-damage|p1b: Incineroar|72/100
|-damage|p1b: Incineroar|67/100
|-damage|p1b: Incineroar|62/100
|-damage|p1b: Incineroar|58/100
|-damage|p1b: Incineroar|53/100
|-hitcount|p1b: Incineroar|10
|move|p1b: Incineroar|Darkest Lariat|p2b: Basculegion
|-supereffective|p2b: Basculegion|1
|-damage|p2b: Basculegion|0 fnt
|faint|p2b: Basculegion
|
|-weather|Snowscape|[upkeep]
|upkeep
|
|t:|1784053328
|switch|p2b: Beartic|Beartic, L50, F|100/100
|turn|3
|inactive|TheLeoj has 30 seconds left.
|inactive|TheLeoj has 20 seconds left.
|inactive|TheLeoj has 15 seconds left.
|inactive|TheLeoj has 10 seconds left.
|inactive|TheLeoj has 5 seconds left.
|
|t:|1784053383
|move|p1a: Ninetales|Protect|p1a: Ninetales
|-singleturn|p1a: Ninetales|Protect
|move|p2b: Beartic|Close Combat|p1b: Incineroar
|-supereffective|p1b: Incineroar|1
|-damage|p1b: Incineroar|0 fnt
|-unboost|p2b: Beartic|def|1
|-unboost|p2b: Beartic|spd|1
|faint|p1b: Incineroar
|-damage|p2b: Beartic|90/100|[from] item: Life Orb
|move|p2a: Maushold|Population Bomb|p1a: Ninetales
|-activate|p1a: Ninetales|move: Protect
|
|-weather|Snowscape|[upkeep]
|upkeep
|
|t:|1784053393
|switch|p1b: Kingambit|Kingambit, L50, F, shiny|100/100
|turn|4
|
|t:|1784053400
|move|p2b: Beartic|Close Combat|p1a: Ninetales
|-damage|p1a: Ninetales|13/100
|-unboost|p2b: Beartic|def|1
|-unboost|p2b: Beartic|spd|1
|-damage|p2b: Beartic|80/100|[from] item: Life Orb
|move|p1a: Ninetales|Blizzard|p2b: Beartic|[spread] p2a,p2b
|-resisted|p2b: Beartic|1
|-damage|p2a: Maushold|55/100
|-damage|p2b: Beartic|52/100
|move|p2a: Maushold|Population Bomb|p1a: Ninetales
|-damage|p1a: Ninetales|9/100
|-damage|p1a: Ninetales|6/100
|-damage|p1a: Ninetales|2/100
|-damage|p1a: Ninetales|0 fnt
|faint|p1a: Ninetales
|-hitcount|p1: Ninetales|4
|move|p1b: Kingambit|Iron Head|p2b: Beartic
|-supereffective|p2b: Beartic|1
|-damage|p2b: Beartic|0 fnt
|faint|p2b: Beartic
|
|-weather|Snowscape|[upkeep]
|upkeep
|
|t:|1784053413
|switch|p1a: Raichu|Raichu, L50, M, shiny|100/100
|switch|p2b: Froslass|Froslass, L50, F|100/100
|turn|5
|
|t:|1784053430
|detailschange|p2b: Froslass|Froslass-Mega, L50, F
|-mega|p2b: Froslass|Froslass|Froslassite
|detailschange|p1a: Raichu|Raichu-Mega-Y, L50, M, shiny
|-mega|p1a: Raichu|Raichu|Raichunite Y
|move|p2a: Maushold|Follow Me|p2a: Maushold
|-singleturn|p2a: Maushold|move: Follow Me
|move|p1b: Kingambit|Sucker Punch||[still]
|-fail|p1b: Kingambit
|move|p1a: Raichu|Focus Blast|p2a: Maushold
|-supereffective|p2a: Maushold|1
|-crit|p2a: Maushold
|-damage|p2a: Maushold|0 fnt
|faint|p2a: Maushold
|move|p2b: Froslass|Blizzard|p1a: Raichu|[spread] p1a,p1b
|-resisted|p1b: Kingambit|1
|-damage|p1a: Raichu|48/100
|-damage|p1b: Kingambit|82/100
|
|-weather|none
|upkeep
|turn|6
|-message|lexerthanatauros forfeited.
|
|win|TheLeoj
|l|☆lexerthanatauros
|player|p2|
||lexerthanatauros is ready for game 2.
|inactive|TheLeoj has 30 seconds to confirm battle start!
||TheLeoj is ready for game 2.
|uhtml|next|Next: Game 2 of 3
