|j|☆LimeHero
|j|‽Ggggggfddddd
|html|LimeHeroGgggggfddddd    
|uhtml|bestof|Game 2 of a best-of-3
|t:|1756783691
|gametype|doubles
|player|p1|LimeHero|clown|1000
|player|p2|Ggggggfddddd|169|1000
|gen|9
|tier|[Gen 9] VGC 2025 Reg H (Bo3)
|rated|
|rule|Species Clause: Limit one of each Pokémon
|rule|Item Clause: Limit 1 of each item
|clearpoke
|poke|p1|Porygon2, L50|
|poke|p1|Sneasler, L50, M|
|poke|p1|Gholdengo, L50|
|poke|p1|Amoonguss, L50, M|
|poke|p1|Garchomp, L50, M|
|poke|p1|Incineroar, L50, F|
|poke|p2|Rillaboom, L50, F|
|poke|p2|Farigiraf, L50, M|
|poke|p2|Ursaluna, L50, M|
|poke|p2|Talonflame, L50, F|
|poke|p2|Magnezone, L50|
|poke|p2|Porygon2, L50|
|teampreview|4
|showteam|p1|Porygon2||Eviolite|Download|TeraBlast,IceBeam,Recover,TrickRoom||||||50|,,,,,Ground]Sneasler||FocusSash|PoisonTouch|CloseCombat,DireClaw,Coaching,Protect|||M|||50|,,,,,Flying]Gholdengo||LifeOrb|GoodasGold|MakeItRain,ShadowBall,NastyPlot,Protect||||||50|,,,,,Water]Amoonguss||SitrusBerry|Regenerator|PollenPuff,Spore,RagePowder,Protect|||M|||50|,,,,,Fairy]Garchomp||ClearAmulet|RoughSkin|Earthquake,StompingTantrum,DragonClaw,Protect|||M|||50|,,,,,Fire]Incineroar||SafetyGoggles|Intimidate|FlareBlitz,KnockOff,FakeOut,PartingShot|||F|||50|,,,,,Ghost
|showteam|p2|Rillaboom||ChoiceBand|GrassySurge|Uturn,GrassyGlide,HighHorsepower,WoodHammer|||F|||50|,,,,,Ground]Farigiraf||GrassySeed|ArmorTail|TrickRoom,Roar,HelpingHand,Psychic|||M|||50|,,,,,Water]Ursaluna||FlameOrb|Guts|Facade,HeadlongRush,ShadowClaw,Protect|||M|||50|,,,,,Ghost]Talonflame||CovertCloak|GaleWings|Tailwind,FlareBlitz,Taunt,BraveBird|||F|||50|,,,,,Flying]Magnezone||ChoiceSpecs|Sturdy|VoltSwitch,FlashCannon,Thunderbolt,Discharge||||||50|,,,,,Electric]Porygon2||Eviolite|Download|TeraBlast,IceBeam,TrickRoom,Protect||||||50|,,,,,Ghost
|inactive|Battle timer is ON: inactive players will automatically lose when time's up. (requested by Ggggggfddddd)
|inactive|Ggggggfddddd has 60 seconds left.
|
|t:|1756783749
|teamsize|p1|4
|teamsize|p2|4
|start
|switch|p1a: Garchomp|Garchomp, L50, M|100/100
|switch|p1b: Sneasler|Sneasler, L50, M|100/100
|switch|p2a: Talonflame|Talonflame, L50, F|100/100
|switch|p2b: Ursaluna|Ursaluna, L50, M, shiny|100/100
|turn|1
|inactive|LimeHero has 30 seconds left.
|inactive|LimeHero has 20 seconds left.
|
|t:|1756783785
|-terastallize|p2b: Ursaluna|Ghost
|move|p1b: Sneasler|Protect|p1b: Sneasler
|-singleturn|p1b: Sneasler|Protect
|move|p2a: Talonflame|Tailwind|p2a: Talonflame
|-sidestart|p2: Ggggggfddddd|move: Tailwind
|move|p2b: Ursaluna|Facade|p1b: Sneasler
|-activate|p1b: Sneasler|move: Protect
|move|p1a: Garchomp|Dragon Claw|p2a: Talonflame
|-damage|p2a: Talonflame|46/100
|
|-status|p2b: Ursaluna|brn|[from] item: Flame Orb
|upkeep
|turn|2
|inactive|LimeHero has 30 seconds left.
|
|t:|1756783815
|switch|p1b: Incineroar|Incineroar, L50, F|100/100
|-ability|p1b: Incineroar|Intimidate|boost
|-unboost|p2a: Talonflame|atk|1
|-unboost|p2b: Ursaluna|atk|1
|move|p1a: Garchomp|Protect|p1a: Garchomp
|-singleturn|p1a: Garchomp|Protect
|move|p2a: Talonflame|Brave Bird|p1b: Incineroar
|-damage|p1b: Incineroar|78/100
|-damage|p2a: Talonflame|37/100|[from] Recoil
|move|p2b: Ursaluna|Facade|p1b: Incineroar
|-damage|p1b: Incineroar|14/100
|
|-damage|p2b: Ursaluna|95/100 brn|[from] brn
|upkeep
|turn|3
|inactive|LimeHero has 30 seconds left.
|inactive|Ggggggfddddd has 30 seconds left.
|inactive|LimeHero has 20 seconds left.
|inactive|LimeHero has 15 seconds left.
|inactive|Ggggggfddddd has 20 seconds left.
|inactive|LimeHero has 10 seconds left.
|inactive|Ggggggfddddd has 15 seconds left.
|
|t:|1756783865
|move|p2a: Talonflame|Brave Bird|p1b: Incineroar
|-damage|p1b: Incineroar|0 fnt
|faint|p1b: Incineroar
|-damage|p2a: Talonflame|32/100|[from] Recoil
|move|p2b: Ursaluna|Shadow Claw|p1a: Garchomp
|-damage|p1a: Garchomp|61/100
|-damage|p2b: Ursaluna|82/100 brn|[from] ability: Rough Skin|[of] p1a: Garchomp
|move|p1a: Garchomp|Dragon Claw|p2a: Talonflame
|-damage|p2a: Talonflame|0 fnt
|faint|p2a: Talonflame
|
|-damage|p2b: Ursaluna|77/100 brn|[from] brn
|upkeep
|
|t:|1756783886
|switch|p2a: Magnezone|Magnezone, L50|100/100
|switch|p1b: Sneasler|Sneasler, L50, M|100/100
|turn|4
|
|t:|1756783908
|switch|p2a: Farigiraf|Farigiraf, L50, M, shiny|100/100
|-terastallize|p1b: Sneasler|Flying
|move|p2b: Ursaluna|Facade|p1a: Garchomp
|-damage|p1a: Garchomp|0 fnt
|-damage|p2b: Ursaluna|64/100 brn|[from] ability: Rough Skin|[of] p1a: Garchomp
|faint|p1a: Garchomp
|move|p1b: Sneasler|Coaching|p1: Garchomp|[notarget]
|-fail|p1b: Sneasler
|
|-damage|p2b: Ursaluna|58/100 brn|[from] brn
|-sideend|p2: Ggggggfddddd|move: Tailwind
|upkeep
|
|t:|1756783924
|switch|p1a: Gholdengo|Gholdengo, L50|100/100
|turn|5
|inactive|LimeHero has 30 seconds left.
|
|t:|1756783956
|move|p2b: Ursaluna|Protect|p2b: Ursaluna
|-singleturn|p2b: Ursaluna|Protect
|move|p1b: Sneasler|Close Combat|p2b: Ursaluna
|-activate|p2b: Ursaluna|move: Protect
|move|p1a: Gholdengo|Shadow Ball|p2a: Farigiraf
|-immune|p2a: Farigiraf
|move|p2a: Farigiraf|Trick Room|p2a: Farigiraf
|-fieldstart|move: Trick Room|[of] p2a: Farigiraf
|
|-damage|p2b: Ursaluna|53/100 brn|[from] brn
|upkeep
|turn|6
|inactive|LimeHero has 30 seconds left.
|inactive|Ggggggfddddd has 30 seconds left.
|inactive|LimeHero has 20 seconds left.
|inactive|LimeHero has 15 seconds left.
|
|t:|1756783998
|move|p2a: Farigiraf|Helping Hand|p2b: Ursaluna
|-singleturn|p2b: Ursaluna|Helping Hand|[of] p2a: Farigiraf
|move|p2b: Ursaluna|Shadow Claw|p1a: Gholdengo
|-supereffective|p1a: Gholdengo
|-damage|p1a: Gholdengo|2/100
|move|p1a: Gholdengo|Make It Rain|p2b: Ursaluna|[spread] p2a,p2b
|-damage|p2a: Farigiraf|52/100
|-damage|p2b: Ursaluna|0 fnt
|-unboost|p1a: Gholdengo|spa|1
|faint|p2b: Ursaluna
|-damage|p1a: Gholdengo|0 fnt|[from] item: Life Orb
|faint|p1a: Gholdengo
|move|p1b: Sneasler|Close Combat|p2a: Farigiraf
|-damage|p2a: Farigiraf|0 fnt
|-unboost|p1b: Sneasler|def|1
|-unboost|p1b: Sneasler|spd|1
|faint|p2a: Farigiraf
|
|upkeep
|
|t:|1756784015
|switch|p2b: Magnezone|Magnezone, L50|100/100
|turn|7
|
|t:|1756784027
|move|p1b: Sneasler|Protect|p1b: Sneasler
|-singleturn|p1b: Sneasler|Protect
|move|p2b: Magnezone|Discharge|p1b: Sneasler
|-activate|p1b: Sneasler|move: Protect
|
|upkeep
|turn|8
|
|t:|1756784040
|move|p2b: Magnezone|Discharge|p1b: Sneasler
|-supereffective|p1b: Sneasler
|-enditem|p1b: Sneasler|Focus Sash
|-damage|p1b: Sneasler|1/100
|move|p1b: Sneasler|Close Combat|p2b: Magnezone
|-supereffective|p2b: Magnezone
|-ability|p2b: Magnezone|Sturdy
|-damage|p2b: Magnezone|1/100
|-unboost|p1b: Sneasler|def|1
|-unboost|p1b: Sneasler|spd|1
|
|upkeep
|turn|9
|
|t:|1756784056
|move|p1b: Sneasler|Protect|p1b: Sneasler
|-singleturn|p1b: Sneasler|Protect
|move|p2b: Magnezone|Discharge|p1b: Sneasler
|-activate|p1b: Sneasler|move: Protect
|
|-fieldend|move: Trick Room
|upkeep
|turn|10
|
|t:|1756784067
|move|p1b: Sneasler|Close Combat|p2b: Magnezone
|-supereffective|p2b: Magnezone
|-damage|p2b: Magnezone|0 fnt
|-unboost|p1b: Sneasler|def|1
|-unboost|p1b: Sneasler|spd|1
|faint|p2b: Magnezone
|
|win|LimeHero
|raw|LimeHero's rating: 1000 → 1040(+40 for winning)
|raw|Ggggggfddddd's rating: 1000 → 1000(+0 for losing)
|l|‽Ggggggfddddd
|player|p2|
