|j|☆jwithers93
|j|☆Echoes630
|html|jwithers93Echoes630    
|uhtml|bestof|Game 1 of a best-of-3
|t:|1784784727
|gametype|doubles
|player|p1|jwithers93|marshal|1263
|player|p2|Echoes630|ingo|1309
|gen|9
|tier|[Gen 9 Champions] VGC 2026 Reg M-B (Bo3)
|rated|
|rule|Species Clause: Limit one of each Pokémon
|rule|Item Clause: Limit 1 of each item
|clearpoke
|poke|p1|Scovillain, L50, M|
|poke|p1|Rotom-Wash, L50|
|poke|p1|Whimsicott, L50, F|
|poke|p1|Floette-Eternal, L50, F|
|poke|p1|Garchomp, L50, M|
|poke|p1|Kingambit, L50, M|
|poke|p2|Sneasler, L50, M|
|poke|p2|Blastoise, L50, M|
|poke|p2|Kingambit, L50, M|
|poke|p2|Incineroar, L50, M|
|poke|p2|Delphox, L50, F|
|poke|p2|Sinistcha, L50|
|teampreview|4
|showteam|p1|Scovillain||Scovillainite|Chlorophyll|Overheat,LeafStorm,RagePowder,LeechSeed|Bold||M|||50|]Rotom-Wash||ChoiceScarf|Levitate|Electroweb,VoltSwitch,Thunderbolt,HydroPump|Timid|||||50|]Whimsicott||FocusSash|Prankster|Tailwind,Encore,Protect,Moonblast|Timid||F|||50|]Floette-Eternal||Floettite|FlowerVeil|DazzlingGleam,Moonblast,LightofRuin,Protect|Modest||F|||50|]Garchomp||LifeOrb|RoughSkin|Earthquake,RockSlide,DragonClaw,Protect|Jolly||M|||50|]Kingambit||ChopleBerry|Defiant|SuckerPunch,KowtowCleave,IronHead,Protect|Adamant||M|||50|
|showteam|p2|Sneasler||FocusSash|PoisonTouch|PoisonJab,CloseCombat,FakeOut,Protect|Jolly||M|||50|]Blastoise||Blastoisinite|RainDish|DarkPulse,WaterSpout,ShellSmash,Protect|Modest||M|||50|]Kingambit||BlackGlasses|Defiant|KowtowCleave,SuckerPunch,SwordsDance,Protect|Adamant||M|||50|]Incineroar||SitrusBerry|Intimidate|FlareBlitz,HelpingHand,PartingShot,FakeOut|Careful||M|||50|]Delphox||Delphoxite|Blaze|HeatWave,NastyPlot,Psyshock,Protect|Modest||F|||50|]Sinistcha||KasibBerry|Hospitality|MatchaGotcha,RagePowder,TrickRoom,Protect|Bold|||||50|
|
|t:|1784784767
|teamsize|p1|4
|teamsize|p2|4
|start
|switch|p1a: Rotom|Rotom-Wash, L50|100/100
|switch|p1b: Garchomp|Garchomp, L50, M|100/100
|switch|p2a: Sneasler|Sneasler, L50, M|100/100
|switch|p2b: Delphox|Delphox, L50, F|100/100
|turn|1
|inactive|Battle timer is ON: inactive players will automatically lose when time's up. (requested by jwithers93)
|
|t:|1784784796
|switch|p2b: Sinistcha|Sinistcha, L50|100/100
|move|p2a: Sneasler|Fake Out|p1a: Rotom
|-damage|p1a: Rotom|81/100
|cant|p1a: Rotom|flinch
|move|p1b: Garchomp|Earthquake|p2b: Sinistcha|[spread] p2a,p2b
|-immune|p1a: Rotom|[from] ability: Levitate
|-supereffective|p2a: Sneasler|1
|-resisted|p2b: Sinistcha|1
|-enditem|p2a: Sneasler|Focus Sash
|-damage|p2a: Sneasler|1/100
|-damage|p2b: Sinistcha|78/100
|-damage|p1b: Garchomp|90/100|[from] item: Life Orb
|
|upkeep
|turn|2
|inactive|jwithers93 has 30 seconds left.
|
|t:|1784784822
|move|p2a: Sneasler|Protect|p2a: Sneasler
|-singleturn|p2a: Sneasler|Protect
|move|p1a: Rotom|Electroweb|p2a: Sneasler|[spread] p2b
|-activate|p2a: Sneasler|move: Protect
|-resisted|p2b: Sinistcha|1
|-damage|p2b: Sinistcha|69/100
|-unboost|p2b: Sinistcha|spe|1
|move|p1b: Garchomp|Dragon Claw|p2b: Sinistcha
|-damage|p2b: Sinistcha|18/100
|-damage|p1b: Garchomp|80/100|[from] item: Life Orb
|move|p2b: Sinistcha|Matcha Gotcha|p1a: Rotom|[spread] p1a
|-miss|p2b: Sinistcha|p1b: Garchomp
|-supereffective|p1a: Rotom|1
|-damage|p1a: Rotom|13/100
|-heal|p2b: Sinistcha|42/100|[from] drain|[of] p1a: Rotom
|-status|p1a: Rotom|brn
|
|-damage|p1a: Rotom|7/100 brn|[from] brn
|upkeep
|turn|3
|
|t:|1784784846
|switch|p2a: Incineroar|Incineroar, L50, M|100/100
|-ability|p2a: Incineroar|Intimidate|boost
|-unboost|p1a: Rotom|atk|1
|-unboost|p1b: Garchomp|atk|1
|move|p1a: Rotom|Electroweb|p2b: Sinistcha|[spread] p2a,p2b
|-resisted|p2b: Sinistcha|1
|-damage|p2a: Incineroar|86/100
|-damage|p2b: Sinistcha|34/100
|-unboost|p2a: Incineroar|spe|1
|-unboost|p2b: Sinistcha|spe|1
|move|p1b: Garchomp|Dragon Claw|p2b: Sinistcha
|-damage|p2b: Sinistcha|5/100
|-damage|p1b: Garchomp|70/100|[from] item: Life Orb
|move|p2b: Sinistcha|Matcha Gotcha|p1a: Rotom|[spread] p1a,p1b
|-supereffective|p1a: Rotom|1
|-damage|p1a: Rotom|0 fnt
|-heal|p2b: Sinistcha|8/100|[from] drain|[of] p1a: Rotom
|-damage|p1b: Garchomp|43/100
|-heal|p2b: Sinistcha|23/100|[from] drain|[of] p1b: Garchomp
|faint|p1a: Rotom
|
|upkeep
|
|t:|1784784871
|switch|p1a: Scovillain|Scovillain, L50, M|100/100
|turn|4
|
|t:|1784784895
|switch|p1b: Kingambit|Kingambit, L50, M|100/100
|detailschange|p1a: Scovillain|Scovillain-Mega, L50, M
|-mega|p1a: Scovillain|Scovillain|Scovillainite
|move|p2b: Sinistcha|Protect|p2b: Sinistcha
|-singleturn|p2b: Sinistcha|Protect
|move|p1a: Scovillain|Leech Seed|p2a: Incineroar
|-start|p2a: Incineroar|move: Leech Seed
|move|p2a: Incineroar|Parting Shot|p1a: Scovillain
|-unboost|p1a: Scovillain|atk|1
|-unboost|p1a: Scovillain|spa|1
|
|t:|1784784900
|switch|p2a: Delphox|Delphox, L50, F|100/100|[from] Parting Shot
|
|upkeep
|turn|5
|inactive|jwithers93 has 30 seconds left.
|inactive|jwithers93 has 20 seconds left.
|
|t:|1784784937
|detailschange|p2a: Delphox|Delphox-Mega, L50, F
|-mega|p2a: Delphox|Delphox|Delphoxite
|move|p2b: Sinistcha|Rage Powder|p2b: Sinistcha
|-singleturn|p2b: Sinistcha|move: Rage Powder
|move|p1b: Kingambit|Sucker Punch||[still]
|-fail|p1b: Kingambit
|move|p2a: Delphox|Heat Wave|p1a: Scovillain|[spread] p1a,p1b
|-supereffective|p1b: Kingambit|1
|-damage|p1a: Scovillain|61/100
|-damage|p1b: Kingambit|21/100
|-immune|p2a: Delphox
|move|p1a: Scovillain|Overheat|p2b: Sinistcha
|-supereffective|p2b: Sinistcha|1
|-damage|p2b: Sinistcha|0 fnt
|-unboost|p1a: Scovillain|spa|2
|faint|p2b: Sinistcha
|
|upkeep
|
|t:|1784784946
|switch|p2b: Incineroar|Incineroar, L50, M|86/100
|-ability|p2b: Incineroar|Intimidate|boost
|-unboost|p1a: Scovillain|atk|1
|-unboost|p1b: Kingambit|atk|1
|-ability|p1b: Kingambit|Defiant|boost
|-boost|p1b: Kingambit|atk|2
|turn|6
|
|t:|1784784967
|move|p1b: Kingambit|Protect|p1b: Kingambit
|-singleturn|p1b: Kingambit|Protect
|move|p2b: Incineroar|Fake Out|p1b: Kingambit
|-activate|p1b: Kingambit|move: Protect
|move|p2a: Delphox|Nasty Plot|p2a: Delphox
|-boost|p2a: Delphox|spa|2
|move|p1a: Scovillain|Leech Seed|p2b: Incineroar
|-start|p2b: Incineroar|move: Leech Seed
|
|-damage|p2b: Incineroar|73/100|[from] Leech Seed|[of] p1a: Scovillain
|-heal|p1a: Scovillain|75/100|[silent]
|upkeep
|turn|7
|
|t:|1784784983
|move|p2a: Delphox|Protect|p2a: Delphox
|-singleturn|p2a: Delphox|Protect
|move|p1a: Scovillain|Rage Powder|p1a: Scovillain
|-singleturn|p1a: Scovillain|move: Rage Powder
|move|p1b: Kingambit|Sucker Punch||[still]
|-fail|p1b: Kingambit
|move|p2b: Incineroar|Flare Blitz|p1a: Scovillain
|-crit|p1a: Scovillain
|-damage|p1a: Scovillain|12/100
|-immune|p2b: Incineroar
|-damage|p2b: Incineroar|55/100|[from] Recoil
|
|-damage|p2b: Incineroar|43/100|[from] Leech Seed|[of] p1a: Scovillain
|-heal|p1a: Scovillain|26/100|[silent]
|upkeep
|-enditem|p2b: Incineroar|Sitrus Berry|[eat]
|-heal|p2b: Incineroar|68/100|[from] item: Sitrus Berry
|turn|8
|
|t:|1784785003
|switch|p2a: Sneasler|Sneasler, L50, M|1/100
|move|p1a: Scovillain|Rage Powder|p1a: Scovillain
|-singleturn|p1a: Scovillain|move: Rage Powder
|move|p1b: Kingambit|Sucker Punch||[still]
|-fail|p1b: Kingambit
|move|p2b: Incineroar|Parting Shot|p1a: Scovillain
|-unboost|p1a: Scovillain|atk|1
|-unboost|p1a: Scovillain|spa|1
|
|t:|1784785009
|switch|p2b: Delphox|Delphox-Mega, L50, F|100/100|[from] Parting Shot
|
|upkeep
|turn|9
|
|t:|1784785032
|switch|p1a: Garchomp|Garchomp, L50, M|43/100
|move|p1b: Kingambit|Protect|p1b: Kingambit
|-singleturn|p1b: Kingambit|Protect
|move|p2a: Sneasler|Fake Out|p1b: Kingambit
|-activate|p1b: Kingambit|move: Protect
|move|p2b: Delphox|Psyshock|p1a: Garchomp
|-damage|p1a: Garchomp|1/100
|
|upkeep
|turn|10
|
|t:|1784785047
|move|p2b: Delphox|Protect|p2b: Delphox
|-singleturn|p2b: Delphox|Protect
|move|p1b: Kingambit|Sucker Punch||[still]
|-fail|p1b: Kingambit
|move|p2a: Sneasler|Poison Jab|p1a: Garchomp
|-resisted|p1a: Garchomp|1
|-damage|p1a: Garchomp|0 fnt
|-damage|p2a: Sneasler|0 fnt|[from] ability: Rough Skin|[of] p1a: Garchomp
|faint|p1a: Garchomp
|faint|p2a: Sneasler
|
|upkeep
|
|t:|1784785057
|switch|p2a: Incineroar|Incineroar, L50, M|68/100
|switch|p1a: Scovillain|Scovillain-Mega, L50, M|26/100
|-ability|p2a: Incineroar|Intimidate|boost
|-unboost|p1a: Scovillain|atk|1
|-unboost|p1b: Kingambit|atk|1
|-ability|p1b: Kingambit|Defiant|boost
|-boost|p1b: Kingambit|atk|2
|turn|11
|
|t:|1784785074
|move|p1b: Kingambit|Protect|p1b: Kingambit
|-singleturn|p1b: Kingambit|Protect
|move|p2a: Incineroar|Fake Out|p1b: Kingambit
|-activate|p1b: Kingambit|move: Protect
|move|p2b: Delphox|Psyshock|p1a: Scovillain
|-damage|p1a: Scovillain|0 fnt
|-immune|p2b: Delphox
|faint|p1a: Scovillain
|
|upkeep
|turn|12
|
|t:|1784785086
|move|p1b: Kingambit|Sucker Punch|p2b: Delphox
|-supereffective|p2b: Delphox|1
|-damage|p2b: Delphox|0 fnt
|faint|p2b: Delphox
|move|p2a: Incineroar|Flare Blitz|p1b: Kingambit
|-supereffective|p1b: Kingambit|1
|-damage|p1b: Kingambit|0 fnt
|faint|p1b: Kingambit
|-damage|p2a: Incineroar|60/100|[from] Recoil
|
|win|Echoes630
||Echoes630 is ready for game 2.
|inactive|jwithers93 has 30 seconds to confirm battle start!
||jwithers93 is ready for game 2.
|uhtml|next|Next: Game 2 of 3
