|j|☆bravengamer
|j|☆Jokeofalltrades7
|html|bravengamerJokeofalltrades7    
|uhtml|bestof|Game 2 of a best-of-3
|t:|1757649855
|gametype|doubles
|player|p1|bravengamer|clown|
|player|p2|Jokeofalltrades7|beauty-gen4dp|
|gen|9
|tier|[Gen 9] VGC 2025 Reg H (Bo3)
|rule|Species Clause: Limit one of each Pokémon
|rule|Item Clause: Limit 1 of each item
|clearpoke
|poke|p1|Whimsicott, L50, F|
|poke|p1|Gholdengo, L50|
|poke|p1|Ursaluna-Bloodmoon, L50, M|
|poke|p1|Pelipper, L50, M|
|poke|p1|Archaludon, L50, M|
|poke|p1|Basculegion, L50, M|
|poke|p2|Goodra-Hisui, L50, F|
|poke|p2|Rillaboom, L50, F|
|poke|p2|Pelipper, L50, F|
|poke|p2|Basculegion, L50, M|
|poke|p2|Amoonguss, L50, F|
|poke|p2|Ursaluna-Bloodmoon, L50, M|
|teampreview|4
|showteam|p1|Whimsicott||CovertCloak|Prankster|Moonblast,Taunt,FakeTears,Tailwind|||F|||50|,,,,,Steel]Gholdengo||LifeOrb|GoodasGold|MakeItRain,ShadowBall,TeraBlast,Protect||||||50|,,,,,Fighting]Ursaluna-Bloodmoon||AssaultVest|MindsEye|HyperVoice,BloodMoon,EarthPower,VacuumWave|||M|||50|,,,,,Fighting]Pelipper||RockyHelmet|Drizzle|WeatherBall,Hurricane,MuddyWater,WideGuard|||M|||50|,,,,,Steel]Archaludon||PowerHerb|Sturdy|ElectroShot,DracoMeteor,FlashCannon,Protect|||M|||50|,,,,,Electric]Basculegion||FocusSash|SwiftSwim|Liquidation,LastRespects,AquaJet,Protect|||M|||50|,,,,,Ghost
|showteam|p2|Goodra-Hisui||AssaultVest|SapSipper|IronHead,RockSlide,StompingTantrum,DragonClaw|||F|||50|,,,,,Ground]Rillaboom||CovertCloak|GrassySurge|Taunt,GrassyGlide,KnockOff,FakeOut|||F|||50|,,,,,Grass]Pelipper||RockyHelmet|Drizzle|Tailwind,WideGuard,WeatherBall,Hurricane|||F|||50|,,,,,Steel]Basculegion||FocusSash|SwiftSwim|WaveCrash,LastRespects,Liquidation,Protect|||M|||50|,,,,,Water]Amoonguss||SitrusBerry|Regenerator|RagePowder,Spore,EnergyBall,PollenPuff|||F|||50|,,,,,Ghost]Ursaluna-Bloodmoon||LifeOrb|MindsEye|EarthPower,HyperVoice,Protect,BloodMoon|||M|||50|,,,,,Normal
|
|t:|1757649907
|teamsize|p1|4
|teamsize|p2|4
|start
|switch|p1a: Pelipper|Pelipper, L50, M|100/100
|switch|p1b: Archaludon|Archaludon, L50, M|100/100
|switch|p2a: Donkey Kong|Rillaboom, L50, F|100/100
|switch|p2b: ReferenceHumor|Amoonguss, L50, F|100/100
|-fieldstart|move: Grassy Terrain|[from] ability: Grassy Surge|[of] p2a: Donkey Kong
|-weather|RainDance|[from] ability: Drizzle|[of] p1a: Pelipper
|turn|1
|inactive|Battle timer is ON: inactive players will automatically lose when time's up. (requested by bravengamer)
|
|t:|1757649933
|move|p1b: Archaludon|Protect|p1b: Archaludon
|-singleturn|p1b: Archaludon|Protect
|move|p2a: Donkey Kong|Fake Out|p1b: Archaludon
|-activate|p1b: Archaludon|move: Protect
|move|p1a: Pelipper|Hurricane|p2b: ReferenceHumor
|-supereffective|p2b: ReferenceHumor
|-damage|p2b: ReferenceHumor|13/100
|-enditem|p2b: ReferenceHumor|Sitrus Berry|[eat]
|-heal|p2b: ReferenceHumor|38/100|[from] item: Sitrus Berry
|move|p2b: ReferenceHumor|Spore|p1b: Archaludon
|-activate|p1b: Archaludon|move: Protect
|
|-weather|RainDance|[upkeep]
|-heal|p2b: ReferenceHumor|43/100|[from] Grassy Terrain
|upkeep
|turn|2
|
|t:|1757649955
|switch|p2b: Jackie|Goodra-Hisui, L50, F, shiny|100/100
|move|p2a: Donkey Kong|Grassy Glide|p1a: Pelipper
|-damage|p1a: Pelipper|64/100
|-damage|p2a: Donkey Kong|84/100|[from] item: Rocky Helmet|[of] p1a: Pelipper
|move|p1b: Archaludon|Electro Shot||[still]
|-prepare|p1b: Archaludon|Electro Shot
|-boost|p1b: Archaludon|spa|1
|-anim|p1b: Archaludon|Electro Shot|p2a: Donkey Kong
|-resisted|p2a: Donkey Kong
|-damage|p2a: Donkey Kong|47/100
|move|p1a: Pelipper|Hurricane|p2b: Jackie
|-resisted|p2b: Jackie
|-damage|p2b: Jackie|90/100
|
|-weather|RainDance|[upkeep]
|-heal|p2a: Donkey Kong|53/100|[from] Grassy Terrain
|-heal|p2b: Jackie|96/100|[from] Grassy Terrain
|upkeep
|turn|3
|inactive|bravengamer has 30 seconds left.
|inactive|Jokeofalltrades7 has 30 seconds left.
|inactive|bravengamer has 20 seconds left.
|
|t:|1757649991
|move|p2a: Donkey Kong|Grassy Glide|p1a: Pelipper
|-damage|p1a: Pelipper|23/100
|-damage|p2a: Donkey Kong|37/100|[from] item: Rocky Helmet|[of] p1a: Pelipper
|move|p1b: Archaludon|Electro Shot||[still]
|-prepare|p1b: Archaludon|Electro Shot
|-boost|p1b: Archaludon|spa|1
|-anim|p1b: Archaludon|Electro Shot|p2b: Jackie
|-resisted|p2b: Jackie
|-damage|p2b: Jackie|76/100
|move|p1a: Pelipper|Hurricane|p2a: Donkey Kong
|-supereffective|p2a: Donkey Kong
|-damage|p2a: Donkey Kong|0 fnt
|faint|p2a: Donkey Kong
|move|p2b: Jackie|Rock Slide|p1b: Archaludon|[spread] p1a,p1b
|-supereffective|p1a: Pelipper
|-resisted|p1b: Archaludon
|-damage|p1a: Pelipper|0 fnt
|-damage|p1b: Archaludon|93/100
|faint|p1a: Pelipper
|
|-weather|RainDance|[upkeep]
|-heal|p1b: Archaludon|99/100|[from] Grassy Terrain
|-heal|p2b: Jackie|82/100|[from] Grassy Terrain
|upkeep
|
|t:|1757650013
|switch|p2a: ReferenceHumor|Amoonguss, L50, F|77/100
|switch|p1a: Gholdengo|Gholdengo, L50|100/100
|turn|4
|inactive|Jokeofalltrades7 has 30 seconds left.
|inactive|bravengamer has 30 seconds left.
|inactive|Jokeofalltrades7 has 20 seconds left.
|
|t:|1757650055
|-terastallize|p2b: Jackie|Ground
|move|p1b: Archaludon|Protect|p1b: Archaludon
|-singleturn|p1b: Archaludon|Protect
|move|p1a: Gholdengo|Make It Rain|p2b: Jackie|[spread] p2a,p2b
|-damage|p2a: ReferenceHumor|20/100
|-damage|p2b: Jackie|50/100
|-unboost|p1a: Gholdengo|spa|1
|-damage|p1a: Gholdengo|91/100|[from] item: Life Orb
|move|p2b: Jackie|Stomping Tantrum|p1b: Archaludon
|-activate|p1b: Archaludon|move: Protect
|move|p2a: ReferenceHumor|Spore|p1b: Archaludon
|-activate|p1b: Archaludon|move: Protect
|
|-weather|RainDance|[upkeep]
|-heal|p1b: Archaludon|100/100|[from] Grassy Terrain
|-heal|p1a: Gholdengo|97/100|[from] Grassy Terrain
|-heal|p2b: Jackie|56/100|[from] Grassy Terrain
|-heal|p2a: ReferenceHumor|26/100|[from] Grassy Terrain
|upkeep
|turn|5
|inactive|bravengamer has 30 seconds left.
|inactive|Jokeofalltrades7 has 30 seconds left.
|
|t:|1757650082
|move|p2a: ReferenceHumor|Rage Powder|p2a: ReferenceHumor
|-singleturn|p2a: ReferenceHumor|move: Rage Powder
|move|p1b: Archaludon|Draco Meteor|p2a: ReferenceHumor|[miss]
|-miss|p1b: Archaludon|p2a: ReferenceHumor
|move|p1a: Gholdengo|Make It Rain|p2a: ReferenceHumor|[spread] p2a,p2b
|-damage|p2a: ReferenceHumor|0 fnt
|-damage|p2b: Jackie|35/100
|-unboost|p1a: Gholdengo|spa|1
|faint|p2a: ReferenceHumor
|-damage|p1a: Gholdengo|87/100|[from] item: Life Orb
|move|p2b: Jackie|Stomping Tantrum|p1b: Archaludon
|-supereffective|p1b: Archaludon
|-damage|p1b: Archaludon|45/100
|
|-weather|none
|-heal|p1b: Archaludon|51/100|[from] Grassy Terrain
|-heal|p1a: Gholdengo|93/100|[from] Grassy Terrain
|-heal|p2b: Jackie|41/100|[from] Grassy Terrain
|-fieldend|move: Grassy Terrain
|upkeep
|
|t:|1757650099
|switch|p2a: :P|Basculegion, L50, M|100/100
|turn|6
|
|t:|1757650119
|move|p1b: Archaludon|Draco Meteor|p2b: Jackie
|-damage|p2b: Jackie|0 fnt
|-unboost|p1b: Archaludon|spa|2
|faint|p2b: Jackie
|move|p1a: Gholdengo|Shadow Ball|p2a: :P
|-supereffective|p2a: :P
|-damage|p2a: :P|35/100
|-unboost|p2a: :P|spd|1
|-damage|p1a: Gholdengo|83/100|[from] item: Life Orb
|move|p2a: :P|Last Respects|p1b: Archaludon
|-damage|p1b: Archaludon|0 fnt
|faint|p1b: Archaludon
|
|upkeep
|
|t:|1757650121
|switch|p1b: Basculegion|Basculegion, L50, M|100/100
|turn|7
|
|t:|1757650136
|move|p2a: :P|Protect|p2a: :P
|-singleturn|p2a: :P|Protect
|move|p1a: Gholdengo|Shadow Ball|p2a: :P
|-activate|p2a: :P|move: Protect
|move|p1b: Basculegion|Last Respects|p2a: :P
|-activate|p2a: :P|move: Protect
|
|upkeep
|turn|8
|
|t:|1757650144
|move|p1a: Gholdengo|Shadow Ball|p2a: :P
|-supereffective|p2a: :P
|-crit|p2a: :P
|-damage|p2a: :P|0 fnt
|faint|p2a: :P
|-damage|p1a: Gholdengo|74/100|[from] item: Life Orb
|
|win|bravengamer
||Jokeofalltrades7 is ready for game 3.
||bravengamer is ready for game 3.
|uhtml|next|Next: Game 3 of 3
|l|☆Jokeofalltrades7
|player|p2|
