|j|☆chefbenboyrd
|j|☆Ayycousin
|html|chefbenboyrdAyycousin    
|uhtml|bestof|Game 2 of a best-of-3
|t:|1757705218
|gametype|doubles
|player|p1|chefbenboyrd|brawly|1115
|player|p2|Ayycousin|266|1057
|gen|9
|tier|[Gen 9] VGC 2025 Reg H (Bo3)
|rated|
|rule|Species Clause: Limit one of each Pokémon
|rule|Item Clause: Limit 1 of each item
|clearpoke
|poke|p1|Whimsicott, L50, F|
|poke|p1|Indeedee, L50, M|
|poke|p1|Ursaluna-Bloodmoon, L50, M|
|poke|p1|Incineroar, L50, F|
|poke|p1|Sneasler, L50, F|
|poke|p1|Garchomp, L50, M|
|poke|p2|Porygon2, L50|
|poke|p2|Incineroar, L50, M|
|poke|p2|Ursaluna, L50, M|
|poke|p2|Jumpluff, L50, M|
|poke|p2|Charizard, L50, M|
|poke|p2|Torkoal, L50, F|
|teampreview|4
|showteam|p1|Whimsicott||CovertCloak|Prankster|SunnyDay,Encore,Tailwind,Moonblast|||F|||50|,,,,,Ghost]Indeedee||FocusSash|PsychicSurge|ExpandingForce,TrickRoom,HelpingHand,Protect|||M|||50|,,,,,Psychic]Ursaluna-Bloodmoon||LifeOrb|MindsEye|BloodMoon,HyperVoice,EarthPower,Protect|||M|||50|,,,,,Normal]Incineroar||SafetyGoggles|Intimidate|FlareBlitz,KnockOff,PartingShot,FakeOut|||F|||50|,,,,,Ghost]Sneasler||PsychicSeed|Unburden|DireClaw,CloseCombat,ThroatChop,Protect|||F|||50|,,,,,Dark]Garchomp||ClearAmulet|RoughSkin|StompingTantrum,Earthquake,Protect,DragonClaw|||M|||50|,,,,,Steel
|showteam|p2|Porygon2||Eviolite|Download|TeraBlast,IceBeam,TrickRoom,Recover||||||50|,,,,,Fighting]Incineroar||SitrusBerry|Intimidate|FakeOut,KnockOff,FlareBlitz,PartingShot|||M|||50|,,,,,Ghost]Ursaluna||FlameOrb|Guts|HeadlongRush,Facade,Earthquake,Protect|||M|||50|,,,,,Ghost]Jumpluff||CovertCloak|Chlorophyll|RagePowder,SunnyDay,Tailwind,SleepPowder|||M|||50|,,,,,Water]Charizard||ChoiceSpecs|SolarPower|HeatWave,Overheat,WeatherBall,DragonPulse|||M|||50|,,,,,Ghost]Torkoal||EjectPack|Drought|Overheat,Eruption,HelpingHand,Protect|||F|||50|,,,,,Fire
|inactive|Battle timer is ON: inactive players will automatically lose when time's up. (requested by chefbenboyrd)
|
|t:|1757705259
|teamsize|p1|4
|teamsize|p2|4
|start
|switch|p1a: Indeedee|Indeedee, L50, M|100/100
|switch|p1b: Sneasler|Sneasler, L50, F|100/100
|switch|p2a: Porygon2|Porygon2, L50|100/100
|switch|p2b: Ursaluna|Ursaluna, L50, M|100/100
|-fieldstart|move: Psychic Terrain|[from] ability: Psychic Surge|[of] p1a: Indeedee
|-enditem|p1b: Sneasler|Psychic Seed
|-boost|p1b: Sneasler|spd|1|[from] item: Psychic Seed
|-ability|p2a: Porygon2|Download|boost
|-boost|p2a: Porygon2|atk|1
|turn|1
|inactive|Ayycousin has 30 seconds left.
|inactive|Ayycousin has 20 seconds left.
|inactive|Ayycousin has 15 seconds left.
|inactive|Ayycousin has 10 seconds left.
|
|t:|1757705305
|switch|p2a: Incineroar|Incineroar, L50, M|100/100
|-ability|p2a: Incineroar|Intimidate|boost
|-unboost|p1a: Indeedee|atk|1
|-unboost|p1b: Sneasler|atk|1
|-terastallize|p1a: Indeedee|Psychic
|move|p1b: Sneasler|Close Combat|p2a: Incineroar
|-supereffective|p2a: Incineroar
|-damage|p2a: Incineroar|8/100
|-unboost|p1b: Sneasler|def|1
|-unboost|p1b: Sneasler|spd|1
|-enditem|p2a: Incineroar|Sitrus Berry|[eat]
|-heal|p2a: Incineroar|33/100|[from] item: Sitrus Berry
|move|p1a: Indeedee|Expanding Force|p2b: Ursaluna|[spread] p2b
|-immune|p2a: Incineroar
|-damage|p2b: Ursaluna|31/100
|move|p2b: Ursaluna|Headlong Rush|p1b: Sneasler
|-supereffective|p1b: Sneasler
|-damage|p1b: Sneasler|0 fnt
|-unboost|p2b: Ursaluna|def|1
|-unboost|p2b: Ursaluna|spd|1
|faint|p1b: Sneasler
|
|-status|p2b: Ursaluna|brn|[from] item: Flame Orb
|upkeep
|
|t:|1757705325
|switch|p1b: Incineroar|Incineroar, L50, F|100/100
|-ability|p1b: Incineroar|Intimidate|boost
|-unboost|p2a: Incineroar|atk|1
|-unboost|p2b: Ursaluna|atk|1
|turn|2
|inactive|Ayycousin has 30 seconds left.
|
|t:|1757705353
|move|p1b: Incineroar|Fake Out|p2a: Incineroar
|-activate|p2a: Incineroar|move: Psychic Terrain
|move|p1a: Indeedee|Expanding Force|p2b: Ursaluna|[spread] p2b
|-immune|p2a: Incineroar
|-damage|p2b: Ursaluna|0 fnt
|faint|p2b: Ursaluna
|move|p2a: Incineroar|Knock Off|p1a: Indeedee
|-supereffective|p1a: Indeedee
|-enditem|p1a: Indeedee|Focus Sash
|-damage|p1a: Indeedee|1/100
|
|upkeep
|
|t:|1757705363
|switch|p2b: Porygon2|Porygon2, L50|100/100
|-ability|p2b: Porygon2|Download|boost
|-boost|p2b: Porygon2|atk|1
|turn|3
|inactive|Ayycousin has 30 seconds left.
|inactive|Ayycousin has 20 seconds left.
|
|t:|1757705401
|move|p1b: Incineroar|Knock Off|p2b: Porygon2
|-crit|p2b: Porygon2
|-damage|p2b: Porygon2|63/100
|-enditem|p2b: Porygon2|Eviolite|[from] move: Knock Off|[of] p1b: Incineroar
|move|p2a: Incineroar|Knock Off|p1b: Incineroar
|-resisted|p1b: Incineroar
|-damage|p1b: Incineroar|86/100
|-enditem|p1b: Incineroar|Safety Goggles|[from] move: Knock Off|[of] p2a: Incineroar
|move|p1a: Indeedee|Trick Room|p1a: Indeedee
|-fieldstart|move: Trick Room|[of] p1a: Indeedee
|move|p2b: Porygon2|Trick Room|p2b: Porygon2
|-fieldend|move: Trick Room
|
|upkeep
|turn|4
|
|t:|1757705418
|move|p1a: Indeedee|Expanding Force|p2a: Incineroar|[spread] p2b
|-immune|p2a: Incineroar
|-damage|p2b: Porygon2|0 fnt
|faint|p2b: Porygon2
|move|p1b: Incineroar|Flare Blitz|p2a: Incineroar
|-resisted|p2a: Incineroar
|-damage|p2a: Incineroar|9/100
|-damage|p1b: Incineroar|78/100|[from] Recoil
|move|p2a: Incineroar|Knock Off|p1a: Indeedee
|-supereffective|p1a: Indeedee
|-damage|p1a: Indeedee|0 fnt
|faint|p1a: Indeedee
|
|upkeep
|
|t:|1757705425
|switch|p1a: Garchomp|Garchomp, L50, M|100/100
|switch|p2b: Torkoal|Torkoal, L50, F|100/100
|-weather|SunnyDay|[from] ability: Drought|[of] p2b: Torkoal
|turn|5
|
|t:|1757705442
|-terastallize|p2b: Torkoal|Fire
|move|p1a: Garchomp|Earthquake|p2b: Torkoal|[spread] p1b,p2a,p2b
|-supereffective|p1b: Incineroar
|-supereffective|p2a: Incineroar
|-supereffective|p2b: Torkoal
|-damage|p1b: Incineroar|0 fnt
|-damage|p2a: Incineroar|0 fnt
|-damage|p2b: Torkoal|42/100
|faint|p1b: Incineroar
|faint|p2a: Incineroar
|move|p2b: Torkoal|Overheat|p1a: Garchomp
|-resisted|p1a: Garchomp
|-damage|p1a: Garchomp|37/100
|-unboost|p2b: Torkoal|spa|2
|
|-weather|SunnyDay|[upkeep]
|-fieldend|move: Psychic Terrain
|upkeep
|turn|6
|
|t:|1757705450
|move|p1a: Garchomp|Earthquake|p2b: Torkoal
|-supereffective|p2b: Torkoal
|-crit|p2b: Torkoal
|-damage|p2b: Torkoal|0 fnt
|faint|p2b: Torkoal
|
|win|chefbenboyrd
