|j|☆LeonardPlayz
|j|☆Artere Happy
|html|LeonardPlayzArtere Happy    
|uhtml|bestof|Game 1 of a best-of-3
|t:|1783411353
|gametype|doubles
|player|p1|LeonardPlayz|hilbert-wonderlauncher|1182
|player|p2|Artere Happy|medium|1206
|gen|9
|tier|[Gen 9 Champions] VGC 2026 Reg M-B (Bo3)
|rated|
|rule|Species Clause: Limit one of each Pokémon
|rule|Item Clause: Limit 1 of each item
|clearpoke
|poke|p1|Gengar, L50, M|
|poke|p1|Grimmsnarl, L50, M|
|poke|p1|Incineroar, L50, F|
|poke|p1|Kommo-o, L50, M|
|poke|p1|Kingambit, L50, F|
|poke|p1|Vivillon, L50, F|
|poke|p2|Gengar, L50, F|
|poke|p2|Incineroar, L50, F|
|poke|p2|Politoed, L50, M, shiny|
|poke|p2|Swampert, L50, F|
|poke|p2|Sinistcha, L50|
|poke|p2|Kommo-o, L50, F|
|teampreview|4
|showteam|p1|Gengar||Gengarite|CursedBody|ShadowBall,PerishSong,SludgeBomb,Protect|Timid||M|||50|]Grimmsnarl||LightClay|Prankster|FakeOut,PartingShot,Reflect,LightScreen|Impish||M|||50|]Incineroar||SitrusBerry|Intimidate|FakeOut,ThroatChop,PartingShot,Protect|Careful||F|||50|]Kommo-o||Leftovers|Soundproof|AuraSphere,ClangingScales,ClangorousSoul,Protect|Serious||M|||50|]Kingambit||FocusSash|Defiant|SuckerPunch,IronHead,MeanLook,Protect|Adamant||F|||50|]Vivillon||ChoiceScarf|CompoundEyes|RagePowder,SleepPowder,Hurricane,Uturn|Timid||F|||50|
|showteam|p2|Gengar||Gengarite|CursedBody|ShadowBall,SludgeBomb,Disable,Protect|Modest||F|||50|]Incineroar||PasshoBerry|Intimidate|FakeOut,DarkestLariat,Protect,PartingShot|Brave||F|||50|]Politoed||SitrusBerry|Drizzle|WeatherBall,Encore,PerishSong,Protect|Modest||M|||50|]Swampert||Swampertite|Torrent|WaveCrash,FlipTurn,HighHorsepower,Protect|Adamant||F|||50|]Sinistcha||OccaBerry|Hospitality|MatchaGotcha,RagePowder,LifeDew,Protect|Relaxed|||||50|]Kommo-o||Leftovers|Soundproof|ClangingScales,ClangorousSoul,AuraSphere,Protect|Timid||F|||50|
|inactive|Battle timer is ON: inactive players will automatically lose when time's up. (requested by Artere Happy)
|inactive|LeonardPlayz also wants the timer to be on.
|inactive|LeonardPlayz has 60 seconds left.
|
|t:|1783411397
|teamsize|p1|4
|teamsize|p2|4
|start
|switch|p1a: Grimmsnarl|Grimmsnarl, L50, M|100/100
|switch|p1b: Kommo-o|Kommo-o, L50, M|100/100
|switch|p2a: avg. gen1 fan|Gengar, L50, F|100/100
|switch|p2b: peaked in BW|Politoed, L50, M, shiny|100/100
|-weather|RainDance|[from] ability: Drizzle|[of] p2b: peaked in BW
|turn|1
|
|t:|1783411414
|switch|p2a: Kommo-o|Kommo-o, L50, F|100/100
|move|p1a: Grimmsnarl|Fake Out|p2b: peaked in BW
|-damage|p2b: peaked in BW|87/100
|move|p1b: Kommo-o|Clangorous Soul|p1b: Kommo-o
|-boost|p1b: Kommo-o|atk|1
|-boost|p1b: Kommo-o|def|1
|-boost|p1b: Kommo-o|spa|1
|-boost|p1b: Kommo-o|spd|1
|-boost|p1b: Kommo-o|spe|1
|-damage|p1b: Kommo-o|67/100
|cant|p2b: peaked in BW|flinch
|
|-weather|RainDance|[upkeep]
|-heal|p1b: Kommo-o|72/100|[from] item: Leftovers
|upkeep
|turn|2
|inactive|LeonardPlayz has 30 seconds left.
|
|t:|1783411442
|move|p2a: Kommo-o|Protect|p2a: Kommo-o
|-singleturn|p2a: Kommo-o|Protect
|move|p1a: Grimmsnarl|Light Screen|p1a: Grimmsnarl
|-sidestart|p1: LeonardPlayz|move: Light Screen
|move|p1b: Kommo-o|Aura Sphere|p2a: Kommo-o
|-activate|p2a: Kommo-o|move: Protect
|move|p2b: peaked in BW|Encore|p1b: Kommo-o
|-start|p1b: Kommo-o|Encore
|
|-weather|RainDance|[upkeep]
|-heal|p1b: Kommo-o|78/100|[from] item: Leftovers
|upkeep
|turn|3
|
|t:|1783411452
|switch|p2a: avg. gen1 fan|Gengar, L50, F|100/100
|move|p2b: peaked in BW|Protect|p2b: peaked in BW
|-singleturn|p2b: peaked in BW|Protect
|move|p1a: Grimmsnarl|Parting Shot|p2b: peaked in BW
|-activate|p2b: peaked in BW|move: Protect
|move|p1b: Kommo-o|Aura Sphere|p2a: avg. gen1 fan
|-immune|p2a: avg. gen1 fan
|
|-weather|RainDance|[upkeep]
|-heal|p1b: Kommo-o|84/100|[from] item: Leftovers
|upkeep
|turn|4
|
|t:|1783411473
|switch|p2b: WolfeyABC|Incineroar, L50, F|100/100
|-ability|p2b: WolfeyABC|Intimidate|boost
|-unboost|p1a: Grimmsnarl|atk|1
|-unboost|p1b: Kommo-o|atk|1
|detailschange|p2a: avg. gen1 fan|Gengar-Mega, L50, F
|-mega|p2a: avg. gen1 fan|Gengar|Gengarite
|move|p1a: Grimmsnarl|Parting Shot|p2b: WolfeyABC
|-hint|Since gen 7, Dark is immune to Prankster moves.
|-immune|p2b: WolfeyABC
|move|p1b: Kommo-o|Aura Sphere|p2b: WolfeyABC
|-supereffective|p2b: WolfeyABC|1
|-damage|p2b: WolfeyABC|10/100
|move|p2a: avg. gen1 fan|Disable|p1b: Kommo-o
|-start|p1b: Kommo-o|Disable|Aura Sphere
|
|-weather|RainDance|[upkeep]
|-heal|p1b: Kommo-o|90/100|[from] item: Leftovers
|upkeep
|turn|5
|
|t:|1783411494
|move|p2a: avg. gen1 fan|Protect|p2a: avg. gen1 fan
|-singleturn|p2a: avg. gen1 fan|Protect
|move|p1a: Grimmsnarl|Parting Shot|p2a: avg. gen1 fan
|-activate|p2a: avg. gen1 fan|move: Protect
|-activate|p1b: Kommo-o|move: Struggle
|move|p1b: Kommo-o|Struggle|p2b: WolfeyABC
|-damage|p2b: WolfeyABC|0 fnt
|faint|p2b: WolfeyABC
|-damage|p1b: Kommo-o|65/100|[from] recoil
|
|-weather|none
|-heal|p1b: Kommo-o|70/100|[from] item: Leftovers
|-end|p1b: Kommo-o|Encore
|upkeep
|
|t:|1783411505
|switch|p2b: Kommo-o|Kommo-o, L50, F|100/100
|turn|6
|
|t:|1783411514
|switch|p2a: peaked in BW|Politoed, L50, M, shiny|87/100
|-weather|RainDance|[from] ability: Drizzle|[of] p2a: peaked in BW
|move|p1a: Grimmsnarl|Parting Shot|p2a: peaked in BW
|-unboost|p2a: peaked in BW|atk|1
|-unboost|p2a: peaked in BW|spa|1
|
|t:|1783411521
|switch|p1a: Vivillon|Vivillon, L50, F|100/100|[from] Parting Shot
|move|p1b: Kommo-o|Clanging Scales|p2a: peaked in BW|[spread] p2a
|-immune|p2b: Kommo-o|[from] ability: Soundproof
|-damage|p2a: peaked in BW|38/100
|-enditem|p2a: peaked in BW|Sitrus Berry|[eat]
|-heal|p2a: peaked in BW|63/100|[from] item: Sitrus Berry
|-unboost|p1b: Kommo-o|def|1
|move|p2b: Kommo-o|Clanging Scales|p1b: Kommo-o|[spread] p1a
|-immune|p1b: Kommo-o|[from] ability: Soundproof
|-damage|p1a: Vivillon|57/100
|-unboost|p2b: Kommo-o|def|1
|
|-weather|RainDance|[upkeep]
|-heal|p1b: Kommo-o|76/100|[from] item: Leftovers
|upkeep
|turn|7
|inactive|LeonardPlayz has 30 seconds left.
|
|t:|1783411553
|switch|p2a: avg. gen1 fan|Gengar-Mega, L50, F|100/100
|move|p2b: Kommo-o|Protect|p2b: Kommo-o
|-singleturn|p2b: Kommo-o|Protect
|move|p1a: Vivillon|Sleep Powder|p2a: avg. gen1 fan
|-status|p2a: avg. gen1 fan|slp|[from] move: Sleep Powder
|move|p1b: Kommo-o|Clanging Scales|p2b: Kommo-o|[spread] p2a
|-activate|p2b: Kommo-o|move: Protect
|-damage|p2a: avg. gen1 fan|38/100 slp
|-unboost|p1b: Kommo-o|def|1
|
|-weather|RainDance|[upkeep]
|-heal|p1b: Kommo-o|82/100|[from] item: Leftovers
|upkeep
|turn|8
|-message|Artere Happy forfeited.
|
|win|LeonardPlayz
|l|☆Artere Happy
|player|p2|
||LeonardPlayz is ready for game 2.
||Artere Happy is ready for game 2.
|uhtml|next|Next: Game 2 of 3
