|j|☆ruki_gazer
|j|☆eggwich69
|html|ruki_gazereggwich69    
|uhtml|bestof|Game 3 of a best-of-3
|t:|1757738345
|gametype|doubles
|player|p1|ruki_gazer|101|1158
|player|p2|eggwich69|265|1184
|gen|9
|tier|[Gen 9] VGC 2025 Reg H (Bo3)
|rated|
|rule|Species Clause: Limit one of each Pokémon
|rule|Item Clause: Limit 1 of each item
|clearpoke
|poke|p1|Sneasler, L50, F|
|poke|p1|Kingambit, L50, M|
|poke|p1|Rillaboom, L50, F|
|poke|p1|Ursaluna-Bloodmoon, L50, M|
|poke|p1|Dragonite, L50, F|
|poke|p1|Magmar, L50, M|
|poke|p2|Amoonguss, L50, F|
|poke|p2|Sneasler, L50, F|
|poke|p2|Incineroar, L50, F|
|poke|p2|Gholdengo, L50|
|poke|p2|Ursaluna-Bloodmoon, L50, M|
|poke|p2|Dragonite, L50, F|
|teampreview|4
|showteam|p1|Sneasler||GrassySeed|Unburden|DireClaw,CloseCombat,Acrobatics,Protect|||F|||50|,,,,,Flying]Kingambit||BlackGlasses|Defiant|KowtowCleave,SuckerPunch,SwordsDance,Protect|||M|||50|,,,,,Water]Rillaboom||AssaultVest|GrassySurge|DrumBeating,GrassyGlide,HighHorsepower,FakeOut|||F|||50|,,,,,Fire]Ursaluna-Bloodmoon||FocusSash|MindsEye|BloodMoon,HyperVoice,EarthPower,Protect|||M|||50|,,,,,Normal]Dragonite||LoadedDice|Multiscale|ScaleShot,Haze,Tailwind,Protect|||F|||50|,,,,,Fairy]Magmar||Eviolite|VitalSpirit|Overheat,FollowMe,WillOWisp,Protect|||M|||50|,,,,,Ghost
|showteam|p2|Amoonguss||SitrusBerry|Regenerator|Spore,SludgeBomb,RagePowder,Protect|||F|||50|,,,,,Water]Sneasler||FocusSash|PoisonTouch|CloseCombat,DireClaw,Coaching,Protect|||F|||50|,,,,,Ghost]Incineroar||SafetyGoggles|Intimidate|FakeOut,KnockOff,PartingShot,FlareBlitz|||F|||50|,,,,,Ghost]Gholdengo||LifeOrb|GoodasGold|MakeItRain,ShadowBall,Protect,NastyPlot||||||50|,,,,,Water]Ursaluna-Bloodmoon||AssaultVest|MindsEye|BloodMoon,HyperVoice,EarthPower,VacuumWave|||M|||50|,,,,,Water]Dragonite||LoadedDice|Multiscale|ScaleShot,Tailwind,Haze,Protect|||F|||50|,,,,,Fairy
|
|t:|1757738379
|teamsize|p1|4
|teamsize|p2|4
|start
|switch|p1a: Kingambit|Kingambit, L50, M|100/100
|switch|p1b: Ursaluna|Ursaluna-Bloodmoon, L50, M|100/100
|switch|p2a: Gholdengo|Gholdengo, L50|100/100
|switch|p2b: Dragonite|Dragonite, L50, F|100/100
|turn|1
|inactive|Battle timer is ON: inactive players will automatically lose when time's up. (requested by ruki_gazer)
|inactive|eggwich69 has 60 seconds left.
|
|t:|1757738441
|move|p1b: Ursaluna|Protect|p1b: Ursaluna
|-singleturn|p1b: Ursaluna|Protect
|move|p2a: Gholdengo|Make It Rain|p1a: Kingambit|[spread] p1a
|-activate|p1b: Ursaluna|move: Protect
|-resisted|p1a: Kingambit
|-damage|p1a: Kingambit|72/100
|-unboost|p2a: Gholdengo|spa|1
|-damage|p2a: Gholdengo|91/100|[from] item: Life Orb
|move|p2b: Dragonite|Scale Shot|p1a: Kingambit
|-resisted|p1a: Kingambit
|-damage|p1a: Kingambit|67/100
|-resisted|p1a: Kingambit
|-damage|p1a: Kingambit|61/100
|-resisted|p1a: Kingambit
|-damage|p1a: Kingambit|55/100
|-resisted|p1a: Kingambit
|-damage|p1a: Kingambit|49/100
|-hitcount|p1a: Kingambit|4
|-unboost|p2b: Dragonite|def|1
|-boost|p2b: Dragonite|spe|1
|move|p1a: Kingambit|Swords Dance|p1a: Kingambit
|-boost|p1a: Kingambit|atk|2
|
|upkeep
|turn|2
|inactive|ruki_gazer has 30 seconds left.
|inactive|eggwich69 has 30 seconds left.
|
|t:|1757738470
|switch|p1b: Rillaboom|Rillaboom, L50, F|100/100
|-fieldstart|move: Grassy Terrain|[from] ability: Grassy Surge|[of] p1b: Rillaboom
|-terastallize|p2a: Gholdengo|Water
|move|p1a: Kingambit|Protect|p1a: Kingambit
|-singleturn|p1a: Kingambit|Protect
|move|p2b: Dragonite|Haze|p2b: Dragonite
|-clearallboost
|move|p2a: Gholdengo|Make It Rain|p1a: Kingambit|[spread] p1b
|-activate|p1a: Kingambit|move: Protect
|-damage|p1b: Rillaboom|54/100
|-unboost|p2a: Gholdengo|spa|1
|-damage|p2a: Gholdengo|82/100|[from] item: Life Orb
|
|-heal|p1b: Rillaboom|60/100|[from] Grassy Terrain
|-heal|p2a: Gholdengo|87/100|[from] Grassy Terrain
|-heal|p1a: Kingambit|55/100|[from] Grassy Terrain
|upkeep
|turn|3
|inactive|ruki_gazer has 30 seconds left.
|
|t:|1757738497
|switch|p2a: Amoonguss|Amoonguss, L50, F|100/100
|move|p1b: Rillaboom|Drum Beating|p2a: Amoonguss
|-resisted|p2a: Amoonguss
|-damage|p2a: Amoonguss|90/100
|-unboost|p2a: Amoonguss|spe|1
|move|p2b: Dragonite|Tailwind|p2b: Dragonite
|-sidestart|p2: eggwich69|move: Tailwind
|move|p1a: Kingambit|Kowtow Cleave|p2b: Dragonite
|-damage|p2b: Dragonite|70/100
|
|-heal|p1b: Rillaboom|66/100|[from] Grassy Terrain
|-heal|p1a: Kingambit|61/100|[from] Grassy Terrain
|-heal|p2a: Amoonguss|96/100|[from] Grassy Terrain
|upkeep
|turn|4
|
|t:|1757738519
|move|p1a: Kingambit|Protect|p1a: Kingambit
|-singleturn|p1a: Kingambit|Protect
|move|p2b: Dragonite|Scale Shot|p1b: Rillaboom
|-damage|p1b: Rillaboom|52/100
|-damage|p1b: Rillaboom|37/100
|-damage|p1b: Rillaboom|22/100
|-damage|p1b: Rillaboom|6/100
|-hitcount|p1b: Rillaboom|4
|-unboost|p2b: Dragonite|def|1
|-boost|p2b: Dragonite|spe|1
|move|p1b: Rillaboom|Drum Beating|p2b: Dragonite
|-resisted|p2b: Dragonite
|-damage|p2b: Dragonite|50/100
|-unboost|p2b: Dragonite|spe|1
|move|p2a: Amoonguss|Sludge Bomb|p1b: Rillaboom
|-supereffective|p1b: Rillaboom
|-damage|p1b: Rillaboom|0 fnt
|faint|p1b: Rillaboom
|
|-heal|p1a: Kingambit|67/100|[from] Grassy Terrain
|-heal|p2a: Amoonguss|100/100|[from] Grassy Terrain
|upkeep
|
|t:|1757738539
|switch|p1b: Sneasler|Sneasler, L50, F|100/100
|-enditem|p1b: Sneasler|Grassy Seed
|-boost|p1b: Sneasler|def|1|[from] item: Grassy Seed
|turn|5
|
|t:|1757738563
|-terastallize|p1b: Sneasler|Flying
|move|p1b: Sneasler|Acrobatics|p2a: Amoonguss
|-supereffective|p2a: Amoonguss
|-damage|p2a: Amoonguss|0 fnt
|faint|p2a: Amoonguss
|move|p2b: Dragonite|Scale Shot|p1b: Sneasler
|-damage|p1b: Sneasler|83/100
|-damage|p1b: Sneasler|65/100
|-damage|p1b: Sneasler|48/100
|-damage|p1b: Sneasler|30/100
|-hitcount|p1b: Sneasler|4
|-unboost|p2b: Dragonite|def|1
|-boost|p2b: Dragonite|spe|1
|move|p1a: Kingambit|Kowtow Cleave|p2b: Dragonite
|-damage|p2b: Dragonite|0 fnt
|faint|p2b: Dragonite
|
|-heal|p1a: Kingambit|73/100|[from] Grassy Terrain
|upkeep
|
|t:|1757738568
|switch|p2b: Gholdengo|Gholdengo, L50, tera:Water|87/100
|switch|p2a: Sneasler|Sneasler, L50, F|100/100
|turn|6
|inactive|ruki_gazer has 30 seconds left.
|
|t:|1757738607
|move|p1b: Sneasler|Protect|p1b: Sneasler
|-singleturn|p1b: Sneasler|Protect
|move|p1a: Kingambit|Protect|p1a: Kingambit
|-singleturn|p1a: Kingambit|Protect
|move|p2a: Sneasler|Close Combat|p1a: Kingambit
|-activate|p1a: Kingambit|move: Protect
|move|p2b: Gholdengo|Shadow Ball|p1b: Sneasler
|-activate|p1b: Sneasler|move: Protect
|
|-heal|p2b: Gholdengo|93/100|[from] Grassy Terrain
|-heal|p1a: Kingambit|79/100|[from] Grassy Terrain
|-sideend|p2: eggwich69|move: Tailwind
|-fieldend|move: Grassy Terrain
|upkeep
|turn|7
|inactive|ruki_gazer has 30 seconds left.
|
|t:|1757738634
|move|p2a: Sneasler|Protect|p2a: Sneasler
|-singleturn|p2a: Sneasler|Protect
|move|p1b: Sneasler|Acrobatics|p2a: Sneasler
|-activate|p2a: Sneasler|move: Protect
|move|p2b: Gholdengo|Make It Rain|p1b: Sneasler|[spread] p1a,p1b
|-resisted|p1a: Kingambit
|-damage|p1a: Kingambit|50/100
|-damage|p1b: Sneasler|0 fnt
|-unboost|p2b: Gholdengo|spa|1
|faint|p1b: Sneasler
|-damage|p2b: Gholdengo|84/100|[from] item: Life Orb
|move|p1a: Kingambit|Kowtow Cleave|p2b: Gholdengo
|-damage|p2b: Gholdengo|18/100
|
|upkeep
|
|t:|1757738648
|switch|p1b: Ursaluna|Ursaluna-Bloodmoon, L50, M|100/100
|turn|8
|inactive|eggwich69 has 30 seconds left.
|inactive|eggwich69 has 20 seconds left.
|inactive|eggwich69 has 15 seconds left.
|inactive|eggwich69 has 10 seconds left.
|
|t:|1757738696
|move|p2b: Gholdengo|Protect|p2b: Gholdengo
|-singleturn|p2b: Gholdengo|Protect
|move|p1a: Kingambit|Sucker Punch|p2a: Sneasler
|-resisted|p2a: Sneasler
|-damage|p2a: Sneasler|62/100
|move|p2a: Sneasler|Close Combat|p1a: Kingambit
|-supereffective|p1a: Kingambit
|-damage|p1a: Kingambit|0 fnt
|-unboost|p2a: Sneasler|def|1
|-unboost|p2a: Sneasler|spd|1
|faint|p1a: Kingambit
|move|p1b: Ursaluna|Hyper Voice|p2b: Gholdengo|[spread] p2a
|-activate|p2b: Gholdengo|move: Protect
|-damage|p2a: Sneasler|0 fnt
|faint|p2a: Sneasler
|
|upkeep
|turn|9
|
|t:|1757738713
|move|p2b: Gholdengo|Make It Rain|p1b: Ursaluna
|-damage|p1b: Ursaluna|32/100
|-unboost|p2b: Gholdengo|spa|1
|-damage|p2b: Gholdengo|8/100|[from] item: Life Orb
|move|p1b: Ursaluna|Earth Power|p2b: Gholdengo
|-damage|p2b: Gholdengo|0 fnt
|faint|p2b: Gholdengo
|
|win|ruki_gazer
|raw|ruki_gazer's rating: 1158 → 1185(+27 for winning)
|raw|eggwich69's rating: 1184 → 1157(-27 for losing)
|l|☆eggwich69
|player|p2|
|l|☆ruki_gazer
|player|p1|
