|j|☆Divine Monkey King
|j|‽SurfSadness
|html|Divine Monkey KingSurfSadness    
|uhtml|bestof|Game 3 of a best-of-3
|t:|1784915122
|gametype|doubles
|player|p1|Divine Monkey King|266|
|player|p2|SurfSadness|swimmerf-gen4|
|gen|9
|tier|[Gen 9 Champions] VGC 2026 Reg M-B (Bo3)
|rule|Species Clause: Limit one of each Pokémon
|rule|Item Clause: Limit 1 of each item
|clearpoke
|poke|p1|Tyranitar, L50, M, shiny|
|poke|p1|Aerodactyl, L50, M, shiny|
|poke|p1|Pelipper, L50, M, shiny|
|poke|p1|Basculegion, L50, M, shiny|
|poke|p1|Beedrill, L50, M, shiny|
|poke|p1|Annihilape, L50, M, shiny|
|poke|p2|Heracross, L50, M|
|poke|p2|Gholdengo, L50, shiny|
|poke|p2|Talonflame, L50, M|
|poke|p2|Primarina, L50, M, shiny|
|poke|p2|Weavile, L50, M, shiny|
|poke|p2|Jolteon, L50, M, shiny|
|teampreview|4
|showteam|p1|Tyranitar||Tyranitarite|SandStream|BrickBreak,KnockOff,Protect,RockSlide|Adamant||M|||50|]Aerodactyl||FocusSash|Unnerve|DualWingbeat,IronHead,Protect,Tailwind|Jolly||M|||50|]Pelipper||WacanBerry|Drizzle|Hurricane,IceBeam,Protect,WeatherBall|Calm||M|||50|]Basculegion||MysticWater|SwiftSwim|AquaJet,FlipTurn,LastRespects,Protect|Adamant||M|||50|]Beedrill||Beedrillite|Sniper|PoisonJab,Protect,Uturn,FellStinger|Jolly||M|||50|]Annihilape||Leftovers|Defiant|BulkUp,DrainPunch,Protect,ThunderPunch|Adamant||M|||50|
|showteam|p2|Heracross||Heracronite|Moxie|BulletSeed,RockBlast,CloseCombat,Detect|Adamant||M|||50|]Gholdengo||LifeOrb|GoodasGold|MakeItRain,ShadowBall,DazzlingGleam,Protect|Modest|||||50|]Talonflame||FocusSash|GaleWings|BraveBird,FlareBlitz,Tailwind,Protect|Jolly||M|||50|]Primarina||MysticWater|LiquidVoice|Moonblast,HyperVoice,CalmMind,Protect|Timid||M|||50|]Weavile||ExpertBelt|Pickpocket|FakeOut,KnockOff,TripleAxel,Protect|Jolly||M|||50|]Jolteon||Magnet|VoltAbsorb|Thunderbolt,VoltSwitch,Electroweb,Detect|Timid||M|||50|
|
|t:|1784915161
|teamsize|p1|4
|teamsize|p2|4
|start
|switch|p1a: Aerodactyl|Aerodactyl, L50, M, shiny|100/100
|switch|p1b: Pelipper|Pelipper, L50, M, shiny|100/100
|switch|p2a: Talonflame|Talonflame, L50, M|100/100
|switch|p2b: Heracross|Heracross, L50, M|100/100
|-ability|p1a: Aerodactyl|Unnerve
|-weather|RainDance|[from] ability: Drizzle|[of] p1b: Pelipper
|turn|1
|
|t:|1784915183
|detailschange|p2b: Heracross|Heracross-Mega, L50, M
|-mega|p2b: Heracross|Heracross|Heracronite
|move|p2a: Talonflame|Protect|p2a: Talonflame
|-singleturn|p2a: Talonflame|Protect
|move|p2b: Heracross|Detect|p2b: Heracross
|-singleturn|p2b: Heracross|Protect
|move|p1a: Aerodactyl|Dual Wingbeat|p2b: Heracross
|-activate|p2b: Heracross|move: Protect
|move|p1b: Pelipper|Hurricane|p2b: Heracross
|-activate|p2b: Heracross|move: Protect
|
|-weather|RainDance|[upkeep]
|upkeep
|turn|2
|
|t:|1784915206
|switch|p2b: Gholdengo|Gholdengo, L50, shiny|100/100
|move|p2a: Talonflame|Tailwind|p2a: Talonflame
|-sidestart|p2: SurfSadness|move: Tailwind
|move|p1a: Aerodactyl|Dual Wingbeat|p2b: Gholdengo
|-resisted|p2b: Gholdengo|1
|-damage|p2b: Gholdengo|90/100
|-resisted|p2b: Gholdengo|1
|-damage|p2b: Gholdengo|79/100
|-hitcount|p2b: Gholdengo|2
|move|p1b: Pelipper|Hurricane|p2b: Gholdengo
|-resisted|p2b: Gholdengo|1
|-damage|p2b: Gholdengo|55/100
|
|-weather|RainDance|[upkeep]
|upkeep
|turn|3
|
|t:|1784915237
|switch|p2a: Primarina|Primarina, L50, M, shiny|100/100
|move|p2b: Gholdengo|Make It Rain|p1b: Pelipper|[spread] p1a,p1b
|-supereffective|p1a: Aerodactyl|1
|-resisted|p1b: Pelipper|1
|-enditem|p1a: Aerodactyl|Focus Sash
|-damage|p1a: Aerodactyl|1/100
|-damage|p1b: Pelipper|58/100
|-unboost|p2b: Gholdengo|spa|2
|-damage|p2b: Gholdengo|45/100|[from] item: Life Orb
|move|p1a: Aerodactyl|Tailwind|p1a: Aerodactyl
|-sidestart|p1: Divine Monkey King|move: Tailwind
|move|p1b: Pelipper|Weather Ball|p2a: Primarina
|-resisted|p2a: Primarina|1
|-damage|p2a: Primarina|71/100
|
|-weather|RainDance|[upkeep]
|upkeep
|turn|4
|
|t:|1784915271
|move|p1a: Aerodactyl|Iron Head|p2a: Primarina
|-damage|p2a: Primarina|32/100
|move|p2b: Gholdengo|Make It Rain|p1b: Pelipper|[spread] p1a,p1b
|-supereffective|p1a: Aerodactyl|1
|-resisted|p1b: Pelipper|1
|-damage|p1a: Aerodactyl|0 fnt
|-damage|p1b: Pelipper|38/100
|-unboost|p2b: Gholdengo|spa|2
|faint|p1a: Aerodactyl
|-damage|p2b: Gholdengo|35/100|[from] item: Life Orb
|move|p2a: Primarina|Hyper Voice|p1b: Pelipper
|-resisted|p1b: Pelipper|1
|-damage|p1b: Pelipper|0 fnt
|faint|p1b: Pelipper
|
|-weather|RainDance|[upkeep]
|upkeep
|
|t:|1784915285
|switch|p1a: Tyranitar|Tyranitar, L50, M, shiny|100/100
|switch|p1b: Basculegion|Basculegion, L50, M, shiny|100/100
|-weather|Sandstorm|[from] ability: Sand Stream|[of] p1a: Tyranitar
|turn|5
|
|t:|1784915298
|switch|p2b: Heracross|Heracross-Mega, L50, M|100/100
|detailschange|p1a: Tyranitar|Tyranitar-Mega, L50, M, shiny
|-mega|p1a: Tyranitar|Tyranitar|Tyranitarite
|move|p1b: Basculegion|Last Respects|p2a: Primarina
|-damage|p2a: Primarina|0 fnt
|faint|p2a: Primarina
|move|p1a: Tyranitar|Rock Slide|p2b: Heracross
|-damage|p2b: Heracross|45/100
|
|-weather|Sandstorm|[upkeep]
|-damage|p1b: Basculegion|93/100|[from] Sandstorm
|-damage|p2b: Heracross|39/100|[from] Sandstorm
|-sideend|p2: SurfSadness|move: Tailwind
|upkeep
|
|t:|1784915312
|switch|p2a: Talonflame|Talonflame, L50, M|100/100
|turn|6
|
|t:|1784915353
|move|p2a: Talonflame|Tailwind|p2a: Talonflame
|-sidestart|p2: SurfSadness|move: Tailwind
|move|p1b: Basculegion|Last Respects|p2b: Heracross
|-damage|p2b: Heracross|0 fnt
|faint|p2b: Heracross
|move|p1a: Tyranitar|Rock Slide|p2a: Talonflame
|-supereffective|p2a: Talonflame|2
|-enditem|p2a: Talonflame|Focus Sash
|-damage|p2a: Talonflame|1/100
|
|-weather|Sandstorm|[upkeep]
|-damage|p2a: Talonflame|0 fnt|[from] Sandstorm
|-damage|p1b: Basculegion|87/100|[from] Sandstorm
|faint|p2a: Talonflame
|-sideend|p1: Divine Monkey King|move: Tailwind
|upkeep
|
|t:|1784915362
|switch|p2a: Gholdengo|Gholdengo, L50, shiny|35/100
|turn|7
|
|t:|1784915379
|move|p1b: Basculegion|Aqua Jet|p2a: Gholdengo
|-damage|p2a: Gholdengo|4/100
|move|p2a: Gholdengo|Make It Rain|p1b: Basculegion|[spread] p1a,p1b
|-supereffective|p1a: Tyranitar|1
|-resisted|p1b: Basculegion|1
|-damage|p1a: Tyranitar|38/100
|-damage|p1b: Basculegion|50/100g
|-unboost|p2a: Gholdengo|spa|2
|-damage|p2a: Gholdengo|0 fnt|[from] item: Life Orb
|faint|p2a: Gholdengo
|
|win|Divine Monkey King
