|j|☆Eldrazii
|j|☆glitterckvamp
|html|Eldraziiglitterckvamp    
|uhtml|bestof|Game 1 of a best-of-3
|t:|1757782043
|gametype|doubles
|player|p1|Eldrazii|blue-masters2|
|player|p2|glitterckvamp|artist-gen4|
|gen|9
|tier|[Gen 9] VGC 2025 Reg H (Bo3)
|rule|Species Clause: Limit one of each Pokémon
|rule|Item Clause: Limit 1 of each item
|clearpoke
|poke|p1|Ninetales-Alola, L50, F|
|poke|p1|Sneasler, L50, M|
|poke|p1|Ceruledge, L50, M|
|poke|p1|Rillaboom, L50, M|
|poke|p1|Primarina, L50, F|
|poke|p1|Hydreigon, L50, M|
|poke|p2|Kingambit, L50, M|
|poke|p2|Mimikyu, L50, F|
|poke|p2|Ursaluna-Bloodmoon, L50, M|
|poke|p2|Sneasler, L50, M|
|poke|p2|Volcarona, L50, F|
|poke|p2|Farigiraf, L50, F|
|teampreview|4
|showteam|p1|Ninetales-Alola||CovertCloak|SnowWarning|Blizzard,AuroraVeil,Encore,Protect|||F|||50|,,,,,Poison]Sneasler||FocusSash|Unburden|DireClaw,CloseCombat,Coaching,Protect|||M|||50|,,,,,Ghost]Ceruledge||ClearAmulet|FlashFire|BitterBlade,Poltergeist,BulkUp,Protect|||M|||50|,,,,,Grass]Rillaboom||AssaultVest|GrassySurge|FakeOut,GrassyGlide,DrumBeating,HighHorsepower|||M|||50|,,,,,Fire]Primarina||ThroatSpray|LiquidVoice|HyperVoice,Moonblast,Haze,Protect|||F|||50|,,,,,Steel]Hydreigon||LifeOrb|Levitate|DracoMeteor,EarthPower,Tailwind,DarkPulse|||M|||50|,,,,,Ghost
|showteam|p2|Kingambit||SafetyGoggles|Defiant|KowtowCleave,SuckerPunch,SwordsDance,Protect|||M|||50|,,,,,Dark]Mimikyu||LifeOrb|Disguise|TrickRoom,ShadowClaw,WoodHammer,DrainPunch|||F|||50|,,,,,Grass]Ursaluna-Bloodmoon||SilkScarf|MindsEye|BloodMoon,EarthPower,Protect,HyperVoice|||M|||50|,,,,,Normal]Sneasler||WhiteHerb|Unburden|DireClaw,Taunt,CloseCombat,Coaching|||M|||50|,,,,,Dark]Volcarona||Leftovers|FlameBody|Flamethrower,BugBuzz,QuiverDance,Protect|||F|||50|,,,,,Dragon]Farigiraf||CovertCloak|ArmorTail|HelpingHand,Imprison,TrickRoom,TwinBeam|||F|||50|,,,,,Fairy
|inactive|Battle timer is ON: inactive players will automatically lose when time's up. (requested by Eldrazii)
|inactive|Eldrazii has 60 seconds left.
|
|t:|1757782090
|teamsize|p1|4
|teamsize|p2|4
|start
|switch|p1a: Rillaboom|Rillaboom, L50, M|100/100
|switch|p1b: Sneasler|Sneasler, L50, M|100/100
|switch|p2a: Annabelle|Mimikyu, L50, F, shiny|100/100
|switch|p2b: Vegas|Kingambit, L50, M, shiny|100/100
|-fieldstart|move: Grassy Terrain|[from] ability: Grassy Surge|[of] p1a: Rillaboom
|turn|1
|
|t:|1757782111
|-terastallize|p2b: Vegas|Dark
|move|p1b: Sneasler|Dire Claw|p2b: Vegas
|-damage|p2b: Vegas|68/100
|-status|p2b: Vegas|slp
|move|p1a: Rillaboom|Drum Beating|p2a: Annabelle
|-activate|p2a: Annabelle|ability: Disguise
|-damage|p2a: Annabelle|100/100
|-unboost|p2a: Annabelle|spe|1
|detailschange|p2a: Annabelle|Mimikyu-Busted, L50, F, shiny
|-damage|p2a: Annabelle|88/100|[from] pokemon: Mimikyu-Busted
|cant|p2b: Vegas|slp
|move|p2a: Annabelle|Trick Room|p2a: Annabelle
|-fieldstart|move: Trick Room|[of] p2a: Annabelle
|
|-heal|p2b: Vegas|74/100 slp|[from] Grassy Terrain
|-heal|p2a: Annabelle|94/100|[from] Grassy Terrain
|upkeep
|turn|2
|
|t:|1757782129
|cant|p2b: Vegas|slp
|move|p2a: Annabelle|Shadow Claw|p1b: Sneasler
|-damage|p1b: Sneasler|32/100
|-damage|p2a: Annabelle|84/100|[from] item: Life Orb
|move|p1a: Rillaboom|High Horsepower|p2a: Annabelle
|-damage|p2a: Annabelle|40/100
|move|p1b: Sneasler|Dire Claw|p2a: Annabelle
|-damage|p2a: Annabelle|0 fnt
|faint|p2a: Annabelle
|
|-heal|p2b: Vegas|80/100 slp|[from] Grassy Terrain
|-heal|p1b: Sneasler|38/100|[from] Grassy Terrain
|upkeep
|
|t:|1757782134
|switch|p2a: Dead Moon|Ursaluna-Bloodmoon, L50, M|100/100
|turn|3
|
|t:|1757782158
|move|p2a: Dead Moon|Protect|p2a: Dead Moon
|-singleturn|p2a: Dead Moon|Protect
|move|p1b: Sneasler|Protect|p1b: Sneasler
|-singleturn|p1b: Sneasler|Protect
|move|p1a: Rillaboom|Grassy Glide|p2a: Dead Moon
|-activate|p2a: Dead Moon|move: Protect
|cant|p2b: Vegas|slp
|
|-heal|p2b: Vegas|86/100 slp|[from] Grassy Terrain
|-heal|p1b: Sneasler|43/100|[from] Grassy Terrain
|upkeep
|turn|4
|
|t:|1757782182
|switch|p1b: Primarina|Primarina, L50, F|100/100
|move|p1a: Rillaboom|Grassy Glide|p2a: Dead Moon
|-supereffective|p2a: Dead Moon
|-damage|p2a: Dead Moon|51/100
|-curestatus|p2b: Vegas|slp|[msg]
|move|p2b: Vegas|Kowtow Cleave|p1a: Rillaboom
|-damage|p1a: Rillaboom|39/100
|move|p2a: Dead Moon|Hyper Voice|p1b: Primarina|[spread] p1a,p1b
|-damage|p1a: Rillaboom|6/100
|-damage|p1b: Primarina|64/100
|
|-heal|p2b: Vegas|93/100|[from] Grassy Terrain
|-heal|p2a: Dead Moon|57/100|[from] Grassy Terrain
|-heal|p1b: Primarina|69/100|[from] Grassy Terrain
|-heal|p1a: Rillaboom|12/100|[from] Grassy Terrain
|upkeep
|turn|5
|
|t:|1757782204
|switch|p1a: Ceruledge|Ceruledge, L50, M, shiny|100/100
|move|p2b: Vegas|Sucker Punch||[still]
|-fail|p2b: Vegas
|move|p2a: Dead Moon|Blood Moon|p1b: Primarina
|-damage|p1b: Primarina|0 fnt
|faint|p1b: Primarina
|
|-heal|p2b: Vegas|99/100|[from] Grassy Terrain
|-heal|p2a: Dead Moon|63/100|[from] Grassy Terrain
|-fieldend|move: Trick Room
|-fieldend|move: Grassy Terrain
|upkeep
|
|t:|1757782212
|switch|p1b: Sneasler|Sneasler, L50, M|43/100
|turn|6
|
|t:|1757782220
|move|p2b: Vegas|Sucker Punch||[still]
|-fail|p2b: Vegas
|move|p1b: Sneasler|Coaching|p1a: Ceruledge
|-boost|p1a: Ceruledge|atk|1
|-boost|p1a: Ceruledge|def|1
|move|p1a: Ceruledge|Bulk Up|p1a: Ceruledge
|-boost|p1a: Ceruledge|atk|1
|-boost|p1a: Ceruledge|def|1
|move|p2a: Dead Moon|Hyper Voice|p1a: Ceruledge|[spread] p1a,p1b
|-damage|p1a: Ceruledge|61/100
|-damage|p1b: Sneasler|0 fnt
|faint|p1b: Sneasler
|
|upkeep
|
|t:|1757782230
|switch|p1b: Rillaboom|Rillaboom, L50, M|12/100
|-fieldstart|move: Grassy Terrain|[from] ability: Grassy Surge|[of] p1b: Rillaboom
|turn|7
|
|t:|1757782247
|-terastallize|p1a: Ceruledge|Grass
|move|p2a: Dead Moon|Protect|p2a: Dead Moon
|-singleturn|p2a: Dead Moon|Protect
|move|p1b: Rillaboom|Fake Out|p2a: Dead Moon
|-activate|p2a: Dead Moon|move: Protect
|move|p1a: Ceruledge|Bitter Blade|p2b: Vegas
|-crit|p2b: Vegas
|-damage|p2b: Vegas|0 fnt
|-heal|p1a: Ceruledge|100/100|[from] drain|[of] p2b: Vegas
|faint|p2b: Vegas
|
|-heal|p1b: Rillaboom|18/100|[from] Grassy Terrain
|-heal|p2a: Dead Moon|69/100|[from] Grassy Terrain
|upkeep
|
|t:|1757782252
|switch|p2b: Clawz|Sneasler, L50, M|100/100
|turn|8
|inactive|Eldrazii has 30 seconds left.
|
|t:|1757782281
|move|p2b: Clawz|Dire Claw|p1a: Ceruledge
|-supereffective|p1a: Ceruledge
|-damage|p1a: Ceruledge|51/100
|move|p1b: Rillaboom|Drum Beating|p2a: Dead Moon
|-supereffective|p2a: Dead Moon
|-damage|p2a: Dead Moon|0 fnt
|faint|p2a: Dead Moon
|move|p1a: Ceruledge|Bitter Blade|p2b: Clawz
|-damage|p2b: Clawz|0 fnt
|-heal|p1a: Ceruledge|94/100|[from] drain|[of] p2b: Clawz
|faint|p2b: Clawz
|
|win|Eldrazii
||glitterckvamp is ready for game 2.
||Eldrazii is ready for game 2.
|uhtml|next|Next: Game 2 of 3
|l|☆glitterckvamp
|player|p2|
