|j|☆Frakub
|j|☆rokesaurio
|html|Frakubrokesaurio    
|uhtml|bestof|Game 2 of a best-of-3
|t:|1756201782
|gametype|doubles
|player|p1|Frakub|acetrainer-gen4dp|1256
|player|p2|rokesaurio|1|1174
|gen|9
|tier|[Gen 9] VGC 2025 Reg H (Bo3)
|rated|
|rule|Species Clause: Limit one of each Pokémon
|rule|Item Clause: Limit 1 of each item
|clearpoke
|poke|p1|Kingambit, L50, M|
|poke|p1|Rillaboom, L50, F|
|poke|p1|Ninetales-Alola, L50, F|
|poke|p1|Dragonite, L50, M|
|poke|p1|Magmar, L50, F|
|poke|p1|Sneasler, L50, F|
|poke|p2|Archaludon, L50, M|
|poke|p2|Pelipper, L50, F|
|poke|p2|Ursaluna, L50, F|
|poke|p2|Sinistcha-Masterpiece, L50|
|poke|p2|Dragonite, L50, M|
|poke|p2|Incineroar, L50, M|
|teampreview|4
|showteam|p1|Kingambit||BlackGlasses|Defiant|KowtowCleave,SuckerPunch,SwordsDance,Protect|||M|||50|,,,,,Dark]Rillaboom||AssaultVest|GrassySurge|WoodHammer,GrassyGlide,HighHorsepower,FakeOut|||F|||50|,,,,,Fire]Ninetales-Alola||LightClay|SnowWarning|Blizzard,FreezeDry,Protect,AuroraVeil|||F|||50|,,,,,Ghost]Dragonite||LoadedDice|Multiscale|ScaleShot,ExtremeSpeed,Haze,Protect|||M|||50|,,,,,Steel]Magmar||Eviolite|VitalSpirit|Taunt,Overheat,FollowMe,Protect|||F|||50|,,,,,Ghost]Sneasler||FocusSash|PoisonTouch|FakeOut,DireClaw,CloseCombat,Protect|||F|||50|,,,,,Ghost
|showteam|p2|Archaludon||AssaultVest|Stamina|ElectroShot,Snarl,FlashCannon,BodyPress|||M|||50|,,,,,Fighting]Pelipper||FocusSash|Drizzle|MuddyWater,Protect,WideGuard,Hurricane|||F|||50|,,,,,Ghost]Ursaluna||FlameOrb|Guts|Facade,HeadlongRush,Protect,Earthquake|||F|||50|,,,,,Ghost]Sinistcha-Masterpiece||SitrusBerry|Hospitality|MatchaGotcha,TrickRoom,RagePowder,LifeDew||||||50|,,,,,Water]Dragonite||LoadedDice|Multiscale|ScaleShot,Haze,Tailwind,Protect|||M|||50|,,,,,Fairy]Incineroar||SafetyGoggles|Intimidate|FlareBlitz,FakeOut,PartingShot,KnockOff|||M|||50|,,,,,Flying
|inactive|Battle timer is ON: inactive players will automatically lose when time's up. (requested by rokesaurio)
|inactive|Frakub also wants the timer to be on.
|
|t:|1756201802
|teamsize|p1|4
|teamsize|p2|4
|start
|switch|p1a: Kingambit|Kingambit, L50, M|100/100
|switch|p1b: Magmar|Magmar, L50, F|100/100
|switch|p2a: Dragonite|Dragonite, L50, M|100/100
|switch|p2b: Ursaluna|Ursaluna, L50, F|100/100
|turn|1
|
|t:|1756201815
|move|p1a: Kingambit|Protect|p1a: Kingambit
|-singleturn|p1a: Kingambit|Protect
|move|p2a: Dragonite|Tailwind|p2a: Dragonite
|-sidestart|p2: rokesaurio|move: Tailwind
|move|p2b: Ursaluna|Earthquake|p1b: Magmar|[spread] p1b
|-activate|p1a: Kingambit|move: Protect
|-immune|p2a: Dragonite
|-supereffective|p1b: Magmar
|-damage|p1b: Magmar|27/100
|move|p1b: Magmar|Taunt|p2a: Dragonite
|-start|p2a: Dragonite|move: Taunt
|
|-status|p2b: Ursaluna|brn|[from] item: Flame Orb
|upkeep
|turn|2
|
|t:|1756201830
|-terastallize|p1a: Kingambit|Dark
|move|p1b: Magmar|Follow Me|p1b: Magmar
|-singleturn|p1b: Magmar|move: Follow Me
|move|p2a: Dragonite|Scale Shot|p1b: Magmar
|-damage|p1b: Magmar|15/100
|-damage|p1b: Magmar|4/100
|-crit|p1b: Magmar
|-damage|p1b: Magmar|0 fnt
|faint|p1b: Magmar
|-hitcount|p1: Magmar|3
|-unboost|p2a: Dragonite|def|1
|-boost|p2a: Dragonite|spe|1
|move|p2b: Ursaluna|Earthquake|p1a: Kingambit|[spread] p1a
|-immune|p2a: Dragonite
|-damage|p1a: Kingambit|48/100
|move|p1a: Kingambit|Swords Dance|p1a: Kingambit
|-boost|p1a: Kingambit|atk|2
|
|-damage|p2b: Ursaluna|95/100 brn|[from] brn
|upkeep
|inactive|Frakub has 30 seconds left.
|inactive|Frakub has 20 seconds left.
|
|t:|1756201866
|switch|p1b: Ninetales|Ninetales-Alola, L50, F|100/100
|-weather|Snowscape|[from] ability: Snow Warning|[of] p1b: Ninetales
|turn|3
|
|t:|1756201890
|move|p1a: Kingambit|Protect|p1a: Kingambit
|-singleturn|p1a: Kingambit|Protect
|move|p2a: Dragonite|Scale Shot|p1a: Kingambit
|-activate|p1a: Kingambit|move: Protect
|move|p2b: Ursaluna|Facade|p1b: Ninetales
|-damage|p1b: Ninetales|0 fnt
|faint|p1b: Ninetales
|
|-weather|Snowscape|[upkeep]
|-damage|p2b: Ursaluna|89/100 brn|[from] brn
|upkeep
|
|t:|1756201899
|switch|p1b: Sneasler|Sneasler, L50, F|100/100
|turn|4
|
|t:|1756201914
|switch|p2a: Archaludon|Archaludon, L50, M|100/100
|move|p1b: Sneasler|Fake Out|p2a: Archaludon
|-resisted|p2a: Archaludon
|-damage|p2a: Archaludon|96/100
|-ability|p2a: Archaludon|Stamina|boost
|-boost|p2a: Archaludon|def|1
|move|p1a: Kingambit|Sucker Punch|p2b: Ursaluna
|-damage|p2b: Ursaluna|0 fnt
|faint|p2b: Ursaluna
|
|-weather|Snowscape|[upkeep]
|-sideend|p2: rokesaurio|move: Tailwind
|upkeep
|
|t:|1756201924
|switch|p2b: Dragonite|Dragonite, L50, M|100/100
|turn|5
|
|t:|1756201931
|-terastallize|p2a: Archaludon|Fighting
|move|p1a: Kingambit|Sucker Punch|p2a: Archaludon
|-resisted|p2a: Archaludon
|-damage|p2a: Archaludon|61/100
|-ability|p2a: Archaludon|Stamina|boost
|-boost|p2a: Archaludon|def|1
|move|p1b: Sneasler|Close Combat|p2a: Archaludon
|-damage|p2a: Archaludon|38/100
|-unboost|p1b: Sneasler|def|1
|-unboost|p1b: Sneasler|spd|1
|-ability|p2a: Archaludon|Stamina|boost
|-boost|p2a: Archaludon|def|1
|move|p2b: Dragonite|Scale Shot|p1b: Sneasler
|-damage|p1b: Sneasler|62/100
|-damage|p1b: Sneasler|28/100
|-damage|p1b: Sneasler|0 fnt
|faint|p1b: Sneasler
|-hitcount|p1: Sneasler|3
|-unboost|p2b: Dragonite|def|1
|-boost|p2b: Dragonite|spe|1
|move|p2a: Archaludon|Body Press|p1a: Kingambit
|-supereffective|p1a: Kingambit
|-damage|p1a: Kingambit|0 fnt
|faint|p1a: Kingambit
|
|win|rokesaurio
|raw|Frakub's rating: 1256 → 1225(-31 for losing)
|raw|rokesaurio's rating: 1174 → 1205(+31 for winning)
|c|☆Frakub|gg
