|j|☆2727i
|j|☆beastingfeasting7
|html|2727ibeastingfeasting7    
|uhtml|bestof|Game 1 of a best-of-3
|t:|1757137287
|gametype|doubles
|player|p1|2727i|steven|1000
|player|p2|beastingfeasting7|hilbert|1070
|gen|9
|tier|[Gen 9] VGC 2025 Reg H (Bo3)
|rated|
|rule|Species Clause: Limit one of each Pokémon
|rule|Item Clause: Limit 1 of each item
|clearpoke
|poke|p1|Archaludon, L50, M|
|poke|p1|Maushold-Four, L50|
|poke|p1|Incineroar, L50, F|
|poke|p1|Amoonguss, L50, M|
|poke|p1|Ursaluna-Bloodmoon, L50, M|
|poke|p1|Indeedee-F, L50, F|
|poke|p2|Basculegion, L50, M|
|poke|p2|Archaludon, L50, M|
|poke|p2|Pelipper, L50, F|
|poke|p2|Sinistcha-Masterpiece, L50|
|poke|p2|Tauros-Paldea-Aqua, L50, M|
|poke|p2|Beartic, L50, M|
|teampreview|4
|showteam|p1|Archaludon||Leftovers|Stamina|BodyPress,ThunderWave,MeteorBeam,Protect|||M|||50|,,,,,Fairy]Maushold-Four||SafetyGoggles|FriendGuard|PopulationBomb,FollowMe,Protect,Taunt||||||50|,,,,,Steel]Incineroar||MentalHerb|Intimidate|FakeOut,Protect,PartingShot,KnockOff|||F|||50|,,,,,Grass]Amoonguss||RockyHelmet|Regenerator|Protect,Spore,GigaDrain,RagePowder|||M|||50|,,,,,Steel]Ursaluna-Bloodmoon||LifeOrb|MindsEye|BloodMoon,Protect,EarthPower,VacuumWave|||M|||50|,,,,,Ghost]Indeedee-F||FocusSash|OwnTempo|TrickRoom,HelpingHand,FollowMe,FakeOut|||F|||50|,,,,,Dragon
|showteam|p2|Basculegion||ChoiceBand|SwiftSwim|WaveCrash,LastRespects,FlipTurn,AquaJet|||M|||50|,,,,,Water]Archaludon||AssaultVest|Stamina|ElectroShot,DragonPulse,FlashCannon,BodyPress|||M|||50|,,,,,Electric]Pelipper||LifeOrb|Drizzle|IcyWind,WeatherBall,Hurricane,WideGuard|||F|||50|,,,,,Ghost]Sinistcha-Masterpiece||RockyHelmet|Hospitality|LifeDew,RagePowder,MatchaGotcha,ShadowBall||||||50|,,,,,Dark]Tauros-Paldea-Aqua||MarangaBerry|AngerPoint|Trailblaze,RagingBull,CloseCombat,Protect|||M|||50|,,,,,Steel]Beartic||LoadedDice|SwiftSwim|FrostBreath,IcicleSpear,Earthquake,Protect|||M|||50|,,,,,Ghost
|inactive|Battle timer is ON: inactive players will automatically lose when time's up. (requested by beastingfeasting7)
|inactive|beastingfeasting7 has 60 seconds left.
|inactive|beastingfeasting7 has 30 seconds left.
|inactive|beastingfeasting7 has 20 seconds left.
|inactive|beastingfeasting7 has 15 seconds left.
|inactive|beastingfeasting7 has 10 seconds left.
|
|t:|1757137368
|teamsize|p1|4
|teamsize|p2|4
|start
|switch|p1a: Archaludon|Archaludon, L50, M, shiny|100/100
|switch|p1b: Maushold|Maushold-Four, L50|100/100
|switch|p2a: Pelipper|Pelipper, L50, F|100/100
|switch|p2b: Beartic|Beartic, L50, M, shiny|100/100
|-weather|RainDance|[from] ability: Drizzle|[of] p2a: Pelipper
|turn|1
|inactive|beastingfeasting7 has 30 seconds left.
|inactive|beastingfeasting7 has 20 seconds left.
|
|t:|1757137407
|switch|p2a: Tauros|Tauros-Paldea-Aqua, L50, M, shiny|100/100
|-terastallize|p2b: Beartic|Ghost
|move|p2b: Beartic|Frost Breath|p2a: Tauros
|-resisted|p2a: Tauros
|-crit|p2a: Tauros
|-damage|p2a: Tauros|88/100
|-setboost|p2a: Tauros|atk|6|[from] ability: Anger Point
|-enditem|p2a: Tauros|Maranga Berry|[eat]
|-boost|p2a: Tauros|spd|1|[from] item: Maranga Berry
|move|p1b: Maushold|Population Bomb|p1a: Archaludon
|-resisted|p1a: Archaludon
|-damage|p1a: Archaludon|99/100
|-ability|p1a: Archaludon|Stamina|boost
|-boost|p1a: Archaludon|def|1
|-resisted|p1a: Archaludon
|-damage|p1a: Archaludon|99/100
|-ability|p1a: Archaludon|Stamina|boost
|-boost|p1a: Archaludon|def|1
|-hitcount|p1a: Archaludon|2
|move|p1a: Archaludon|Thunder Wave|p2b: Beartic
|-status|p2b: Beartic|par
|
|-weather|RainDance|[upkeep]
|-heal|p1a: Archaludon|100/100|[from] item: Leftovers
|upkeep
|turn|2
|inactive|2727i has 30 seconds left.
|inactive|beastingfeasting7 has 30 seconds left.
|inactive|2727i has 20 seconds left.
|inactive|beastingfeasting7 has 20 seconds left.
|inactive|beastingfeasting7 has 15 seconds left.
|inactive|beastingfeasting7 has 10 seconds left.
|
|t:|1757137454
|move|p2a: Tauros|Protect|p2a: Tauros
|-singleturn|p2a: Tauros|Protect
|move|p1b: Maushold|Follow Me|p1b: Maushold
|-singleturn|p1b: Maushold|move: Follow Me
|move|p1a: Archaludon|Body Press|p2a: Tauros
|-activate|p2a: Tauros|move: Protect
|move|p2b: Beartic|Earthquake|p1a: Archaludon|[spread] p1a,p1b
|-activate|p2a: Tauros|move: Protect
|-supereffective|p1a: Archaludon
|-damage|p1a: Archaludon|89/100
|-damage|p1b: Maushold|69/100
|-ability|p1a: Archaludon|Stamina|boost
|-boost|p1a: Archaludon|def|1
|
|-weather|RainDance|[upkeep]
|-heal|p1a: Archaludon|95/100|[from] item: Leftovers
|upkeep
|turn|3
|inactive|beastingfeasting7 has 30 seconds left.
|
|t:|1757137487
|move|p1a: Archaludon|Protect|p1a: Archaludon
|-singleturn|p1a: Archaludon|Protect
|move|p1b: Maushold|Population Bomb|p2a: Tauros
|-damage|p2a: Tauros|81/100
|-hitcount|p2a: Tauros|1
|move|p2a: Tauros|Trailblaze|p1b: Maushold
|-damage|p1b: Maushold|0 fnt
|-boost|p2a: Tauros|spe|1
|faint|p1b: Maushold
|move|p2b: Beartic|Icicle Spear|p1a: Archaludon
|-activate|p1a: Archaludon|move: Protect
|
|-weather|RainDance|[upkeep]
|-heal|p1a: Archaludon|100/100|[from] item: Leftovers
|upkeep
|
|t:|1757137509
|switch|p1b: Indeedee|Indeedee-F, L50, F|100/100
|turn|4
|
|t:|1757137530
|move|p1b: Indeedee|Fake Out|p2a: Tauros
|-damage|p2a: Tauros|71/100
|cant|p2a: Tauros|flinch
|move|p1a: Archaludon|Meteor Beam||[still]
|-prepare|p1a: Archaludon|Meteor Beam
|-boost|p1a: Archaludon|spa|1
|cant|p2b: Beartic|par
|
|-weather|RainDance|[upkeep]
|upkeep
|turn|5
|
|t:|1757137545
|move|p1b: Indeedee|Follow Me|p1b: Indeedee
|-singleturn|p1b: Indeedee|move: Follow Me
|move|p2a: Tauros|Raging Bull|p1b: Indeedee
|-enditem|p1b: Indeedee|Focus Sash
|-damage|p1b: Indeedee|1/100
|move|p1a: Archaludon|Meteor Beam|p2b: Beartic|[from] lockedmove
|-damage|p2b: Beartic|47/100 par
|cant|p2b: Beartic|par
|
|-weather|none
|upkeep
|turn|6
|
|t:|1757137568
|switch|p2b: Pelipper|Pelipper, L50, F|100/100
|-weather|RainDance|[from] ability: Drizzle|[of] p2b: Pelipper
|move|p2a: Tauros|Trailblaze|p1b: Indeedee
|-damage|p1b: Indeedee|0 fnt
|-boost|p2a: Tauros|spe|1
|faint|p1b: Indeedee
|move|p1a: Archaludon|Meteor Beam||[still]
|-prepare|p1a: Archaludon|Meteor Beam
|-boost|p1a: Archaludon|spa|1
|
|-weather|RainDance|[upkeep]
|upkeep
|
|t:|1757137579
|switch|p1b: Amoonguss|Amoonguss, L50, M|100/100
|turn|7
|
|t:|1757137598
|move|p2a: Tauros|Protect|p2a: Tauros
|-singleturn|p2a: Tauros|Protect
|move|p2b: Pelipper|Hurricane|p1b: Amoonguss
|-supereffective|p1b: Amoonguss
|-damage|p1b: Amoonguss|20/100
|-start|p1b: Amoonguss|confusion
|-damage|p2b: Pelipper|91/100|[from] item: Life Orb
|move|p1a: Archaludon|Meteor Beam|p2b: Pelipper|[from] lockedmove
|-supereffective|p2b: Pelipper
|-damage|p2b: Pelipper|0 fnt
|faint|p2b: Pelipper
|-activate|p1b: Amoonguss|confusion
|-damage|p1b: Amoonguss|13/100|[from] confusion
|
|-weather|RainDance|[upkeep]
|upkeep
|
|t:|1757137618
|switch|p2b: Archaludon|Archaludon, L50, M, shiny|100/100
|turn|8
|
|t:|1757137643
|-terastallize|p1b: Amoonguss|Steel
|move|p2a: Tauros|Raging Bull|p1b: Amoonguss
|-damage|p1b: Amoonguss|0 fnt
|-damage|p2a: Tauros|54/100|[from] item: Rocky Helmet|[of] p1b: Amoonguss
|faint|p1b: Amoonguss
|move|p2b: Archaludon|Electro Shot||[still]
|-prepare|p2b: Archaludon|Electro Shot
|-boost|p2b: Archaludon|spa|1
|-anim|p2b: Archaludon|Electro Shot|p1a: Archaludon
|-resisted|p1a: Archaludon
|-damage|p1a: Archaludon|64/100
|-ability|p1a: Archaludon|Stamina|boost
|-boost|p1a: Archaludon|def|1
|move|p1a: Archaludon|Body Press|p2b: Archaludon
|-supereffective|p2b: Archaludon
|-damage|p2b: Archaludon|0 fnt
|faint|p2b: Archaludon
|
|-weather|RainDance|[upkeep]
|-heal|p1a: Archaludon|70/100|[from] item: Leftovers
|upkeep
|
|t:|1757137660
|switch|p2b: Beartic|Beartic, L50, M, shiny, tera:Ghost|47/100 par
|turn|9
|inactive|beastingfeasting7 has 30 seconds left.
|inactive|beastingfeasting7 has 20 seconds left.
|inactive|beastingfeasting7 has 15 seconds left.
|
|t:|1757137701
|move|p2a: Tauros|Close Combat|p1a: Archaludon
|-supereffective|p1a: Archaludon
|-damage|p1a: Archaludon|0 fnt
|-unboost|p2a: Tauros|def|1
|-unboost|p2a: Tauros|spd|1
|faint|p1a: Archaludon
|
|win|beastingfeasting7
