|j|☆Cines Yelmo
|j|☆Professor_J93
|html|Cines YelmoProfessor_J93    
|uhtml|bestof|Game 3 of a best-of-3
|t:|1756491290
|gametype|doubles
|player|p1|Cines Yelmo|cameraman|1332
|player|p2|Professor_J93|265|1317
|gen|9
|tier|[Gen 9] VGC 2025 Reg H (Bo3)
|rated|
|rule|Species Clause: Limit one of each Pokémon
|rule|Item Clause: Limit 1 of each item
|clearpoke
|poke|p1|Dondozo, L50, F|
|poke|p1|Garchomp, L50, F|
|poke|p1|Gholdengo, L50|
|poke|p1|Incineroar, L50, M|
|poke|p1|Sneasler, L50, M|
|poke|p1|Tyranitar, L50, F|
|poke|p2|Decidueye-Hisui, L50, M|
|poke|p2|Electabuzz, L50, M|
|poke|p2|Yanmega, L50, M|
|poke|p2|Chandelure, L50, M|
|poke|p2|Metagross, L50|
|poke|p2|Ursaluna, L50, F|
|teampreview|4
|showteam|p1|Dondozo||Leftovers|Unaware|Protect,WaveCrash,Fissure,Yawn|||F|||50|,,,,,Bug]Garchomp||LifeOrb|SandVeil|Protect,DragonClaw,Earthquake,RockSlide|||F|||50|,,,,,Fairy]Gholdengo||ChoiceScarf|GoodasGold|MakeItRain,ShadowBall,Thunderbolt,Trick||||||50|,,,,,Flying]Incineroar||SafetyGoggles|Intimidate|FakeOut,FlareBlitz,KnockOff,PartingShot|||M|||50|,,,,,Bug]Sneasler||FocusSash|Unburden|Protect,CloseCombat,DireClaw,Coaching|||M|||50|,,,,,Flying]Tyranitar||AssaultVest|SandStream|RockSlide,KnockOff,LowKick,TeraBlast|||F|||50|,,,,,Flying
|showteam|p2|Decidueye-Hisui||ScopeLens|Scrappy|TripleArrows,LeafBlade,Haze,Protect|||M|||50|,,,,,Fire]Electabuzz||Eviolite|VitalSpirit|Electroweb,FollowMe,Taunt,Thunderbolt|||M|||50|,,,,,Dragon]Yanmega||FocusSash|SpeedBoost|AirSlash,BugBuzz,Tailwind,Protect|||M|||50|,,,,,Ghost]Chandelure||FlamePlate|FlashFire|ShadowBall,HeatWave,TrickRoom,Protect|||M|||50|,,,,,Grass]Metagross||AssaultVest|ClearBody|HeavySlam,PsychicFangs,KnockOff,BulletPunch||||||50|,,,,,Dark]Ursaluna||FlameOrb|Guts|Facade,HeadlongRush,Earthquake,Protect|||F|||50|,,,,,Fairy
|inactive|Battle timer is ON: inactive players will automatically lose when time's up. (requested by Professor_J93)
|inactive|Cines Yelmo has 60 seconds left.
|inactive|Professor_J93 has 60 seconds left.
|inactive|Professor_J93 has 30 seconds left.
|inactive|Cines Yelmo has 30 seconds left.
|inactive|Professor_J93 has 20 seconds left.
|inactive|Professor_J93 has 15 seconds left.
|
|t:|1756491369
|teamsize|p1|4
|teamsize|p2|4
|start
|switch|p1a: Incineroar|Incineroar, L50, M|100/100
|switch|p1b: Tyranitar|Tyranitar, L50, F|100/100
|switch|p2a: Sparx|Yanmega, L50, M, shiny|100/100
|switch|p2b: Chandelure|Chandelure, L50, M|100/100
|-weather|Sandstorm|[from] ability: Sand Stream|[of] p1b: Tyranitar
|-ability|p1a: Incineroar|Intimidate|boost
|-unboost|p2a: Sparx|atk|1
|-unboost|p2b: Chandelure|atk|1
|turn|1
|inactive|Professor_J93 has 30 seconds left.
|
|t:|1756491396
|switch|p2a: Metagross|Metagross, L50|100/100
|move|p2b: Chandelure|Protect|p2b: Chandelure
|-singleturn|p2b: Chandelure|Protect
|move|p1b: Tyranitar|Rock Slide|p2b: Chandelure|[spread] p2a
|-activate|p2b: Chandelure|move: Protect
|-resisted|p2a: Metagross
|-damage|p2a: Metagross|89/100
|move|p1a: Incineroar|Parting Shot|p2b: Chandelure
|-activate|p2b: Chandelure|move: Protect
|
|-weather|Sandstorm|[upkeep]
|-damage|p2b: Chandelure|94/100|[from] Sandstorm
|upkeep
|turn|2
|inactive|Cines Yelmo has 30 seconds left.
|
|t:|1756491423
|switch|p1b: Dondozo|Dondozo, L50, F|100/100
|move|p2b: Chandelure|Heat Wave|p1b: Dondozo|[spread] p1a,p1b
|-resisted|p1a: Incineroar
|-resisted|p1b: Dondozo
|-damage|p1a: Incineroar|79/100
|-damage|p1b: Dondozo|83/100
|move|p2a: Metagross|Knock Off|p1b: Dondozo
|-damage|p1b: Dondozo|63/100
|-enditem|p1b: Dondozo|Leftovers|[from] move: Knock Off|[of] p2a: Metagross
|move|p1a: Incineroar|Knock Off|p2a: Metagross
|-supereffective|p2a: Metagross
|-damage|p2a: Metagross|24/100
|-enditem|p2a: Metagross|Assault Vest|[from] move: Knock Off|[of] p1a: Incineroar
|
|-weather|Sandstorm|[upkeep]
|-damage|p2b: Chandelure|88/100|[from] Sandstorm
|-damage|p1b: Dondozo|57/100|[from] Sandstorm
|upkeep
|turn|3
|inactive|Professor_J93 has 30 seconds left.
|
|t:|1756491450
|move|p1b: Dondozo|Protect|p1b: Dondozo
|-singleturn|p1b: Dondozo|Protect
|move|p2b: Chandelure|Shadow Ball|p1b: Dondozo
|-activate|p1b: Dondozo|move: Protect
|move|p2a: Metagross|Psychic Fangs|p1b: Dondozo
|-activate|p1b: Dondozo|move: Protect
|move|p1a: Incineroar|Knock Off|p2b: Chandelure
|-supereffective|p2b: Chandelure
|-damage|p2b: Chandelure|0 fnt
|-enditem|p2b: Chandelure|Flame Plate|[from] move: Knock Off|[of] p1a: Incineroar
|faint|p2b: Chandelure
|
|-weather|Sandstorm|[upkeep]
|-damage|p1b: Dondozo|50/100|[from] Sandstorm
|upkeep
|
|t:|1756491455
|switch|p2b: Ursaluna|Ursaluna, L50, F|100/100
|turn|4
|inactive|Cines Yelmo has 30 seconds left.
|
|t:|1756491483
|switch|p1b: Garchomp|Garchomp, L50, F|100/100
|move|p2b: Ursaluna|Protect|p2b: Ursaluna
|-singleturn|p2b: Ursaluna|Protect
|move|p2a: Metagross|Knock Off|p1a: Incineroar
|-resisted|p1a: Incineroar
|-damage|p1a: Incineroar|62/100
|-enditem|p1a: Incineroar|Safety Goggles|[from] move: Knock Off|[of] p2a: Metagross
|move|p1a: Incineroar|Knock Off|p2b: Ursaluna
|-activate|p2b: Ursaluna|move: Protect
|
|-weather|Sandstorm|[upkeep]
|-damage|p1a: Incineroar|56/100|[from] Sandstorm
|-status|p2b: Ursaluna|brn|[from] item: Flame Orb
|upkeep
|turn|5
|inactive|Cines Yelmo has 30 seconds left.
|inactive|Cines Yelmo has 20 seconds left.
|
|t:|1756491523
|switch|p2a: Sparx|Yanmega, L50, M, shiny|100/100
|switch|p1a: Dondozo|Dondozo, L50, F|50/100
|move|p1b: Garchomp|Earthquake|p2a: Sparx|[spread] p1a,p2b
|-immune|p2a: Sparx
|-crit|p1a: Dondozo
|-damage|p1a: Dondozo|6/100
|-damage|p2b: Ursaluna|67/100 brn
|-damage|p1b: Garchomp|91/100|[from] item: Life Orb
|move|p2b: Ursaluna|Earthquake|p1a: Dondozo|[spread] p1a,p1b
|-immune|p2a: Sparx
|-damage|p1a: Dondozo|0 fnt
|-damage|p1b: Garchomp|29/100
|faint|p1a: Dondozo
|
|-weather|none
|-damage|p2b: Ursaluna|61/100 brn|[from] brn
|upkeep
|inactive|Cines Yelmo has 30 seconds left.
|
|t:|1756491550
|switch|p1a: Tyranitar|Tyranitar, L50, F|100/100
|-weather|Sandstorm|[from] ability: Sand Stream|[of] p1a: Tyranitar
|turn|6
|
|t:|1756491563
|switch|p1b: Incineroar|Incineroar, L50, M|56/100
|-ability|p1b: Incineroar|Intimidate|boost
|-unboost|p2a: Sparx|atk|1
|-unboost|p2b: Ursaluna|atk|1
|switch|p2b: Metagross|Metagross, L50|24/100
|move|p2a: Sparx|Protect|p2a: Sparx
|-singleturn|p2a: Sparx|Protect
|move|p1a: Tyranitar|Low Kick|p2b: Metagross
|-damage|p2b: Metagross|0 fnt
|faint|p2b: Metagross
|
|-weather|Sandstorm|[upkeep]
|-damage|p2a: Sparx|94/100|[from] Sandstorm
|-damage|p1b: Incineroar|50/100|[from] Sandstorm
|-ability|p2a: Sparx|Speed Boost|boost
|-boost|p2a: Sparx|spe|1
|upkeep
|
|t:|1756491573
|switch|p2b: Ursaluna|Ursaluna, L50, F|61/100 brn
|turn|7
|inactive|Cines Yelmo has 30 seconds left.
|inactive|Cines Yelmo has 20 seconds left.
|
|t:|1756491610
|-terastallize|p2a: Sparx|Ghost
|-terastallize|p1a: Tyranitar|Flying
|move|p2b: Ursaluna|Protect|p2b: Ursaluna
|-singleturn|p2b: Ursaluna|Protect
|move|p1b: Incineroar|Fake Out|p2b: Ursaluna
|-activate|p2b: Ursaluna|move: Protect
|move|p2a: Sparx|Tailwind|p2a: Sparx
|-sidestart|p2: Professor_J93|move: Tailwind
|move|p1a: Tyranitar|Tera Blast|p2a: Sparx|[anim] Tera Blast Flying
|-damage|p2a: Sparx|42/100
|
|-weather|Sandstorm|[upkeep]
|-damage|p2a: Sparx|36/100|[from] Sandstorm
|-damage|p1a: Tyranitar|94/100|[from] Sandstorm
|-damage|p1b: Incineroar|44/100|[from] Sandstorm
|-damage|p2b: Ursaluna|55/100 brn|[from] brn
|-ability|p2a: Sparx|Speed Boost|boost
|-boost|p2a: Sparx|spe|1
|upkeep
|turn|8
|inactive|Cines Yelmo has 30 seconds left.
|
|t:|1756491644
|switch|p1a: Garchomp|Garchomp, L50, F|29/100
|move|p2a: Sparx|Air Slash|p1a: Garchomp|[miss]
|-miss|p2a: Sparx|p1a: Garchomp
|move|p2b: Ursaluna|Facade|p1a: Garchomp
|-damage|p1a: Garchomp|0 fnt
|faint|p1a: Garchomp
|move|p1b: Incineroar|Parting Shot|p2b: Ursaluna
|-unboost|p2b: Ursaluna|atk|1
|-unboost|p2b: Ursaluna|spa|1
|
|t:|1756491655
|switch|p1b: Tyranitar|Tyranitar, L50, F, tera:Flying|94/100|[from] Parting Shot
|
|-weather|Sandstorm|[upkeep]
|-damage|p2a: Sparx|30/100|[from] Sandstorm
|-damage|p1b: Tyranitar|88/100|[from] Sandstorm
|-damage|p2b: Ursaluna|49/100 brn|[from] brn
|-ability|p2a: Sparx|Speed Boost|boost
|-boost|p2a: Sparx|spe|1
|upkeep
|
|t:|1756491664
|switch|p1a: Incineroar|Incineroar, L50, M|44/100
|-ability|p1a: Incineroar|Intimidate|boost
|-unboost|p2a: Sparx|atk|1
|-unboost|p2b: Ursaluna|atk|1
|turn|9
|
|t:|1756491671
|move|p2a: Sparx|Protect|p2a: Sparx
|-singleturn|p2a: Sparx|Protect
|move|p2b: Ursaluna|Protect|p2b: Ursaluna
|-singleturn|p2b: Ursaluna|Protect
|move|p1a: Incineroar|Fake Out|p2b: Ursaluna
|-activate|p2b: Ursaluna|move: Protect
|move|p1b: Tyranitar|Rock Slide|p2b: Ursaluna|[spread] 
|-activate|p2a: Sparx|move: Protect
|-activate|p2b: Ursaluna|move: Protect
|
|-weather|Sandstorm|[upkeep]
|-damage|p2a: Sparx|23/100|[from] Sandstorm
|-damage|p1b: Tyranitar|82/100|[from] Sandstorm
|-damage|p1a: Incineroar|38/100|[from] Sandstorm
|-damage|p2b: Ursaluna|43/100 brn|[from] brn
|-ability|p2a: Sparx|Speed Boost|boost
|-boost|p2a: Sparx|spe|1
|upkeep
|turn|10
|
|t:|1756491696
|move|p2a: Sparx|Air Slash|p1b: Tyranitar
|-damage|p1b: Tyranitar|59/100
|move|p2b: Ursaluna|Facade|p1b: Tyranitar
|-damage|p1b: Tyranitar|7/100
|move|p1b: Tyranitar|Rock Slide|p2a: Sparx|[spread] p2a,p2b
|-crit|p2a: Sparx
|-resisted|p2b: Ursaluna
|-damage|p2a: Sparx|0 fnt
|-damage|p2b: Ursaluna|34/100 brn
|faint|p2a: Sparx
|move|p1a: Incineroar|Knock Off|p2b: Ursaluna
|-damage|p2b: Ursaluna|7/100 brn
|-enditem|p2b: Ursaluna|Flame Orb|[from] move: Knock Off|[of] p1a: Incineroar
|
|-weather|none
|-damage|p2b: Ursaluna|1/100 brn|[from] brn
|-sideend|p2: Professor_J93|move: Tailwind
|upkeep
|turn|11
|inactive|Professor_J93 has 30 seconds left.
|-message|Professor_J93 forfeited.
|raw|Cines Yelmo's rating: 1332 → 1351(+19 for winning)
|raw|Professor_J93's rating: 1317 → 1298(-19 for losing)
|
|win|Cines Yelmo
|l|☆Professor_J93
|player|p2|
