|j|☆luckyross
|j|☆wweewwzz
|html|luckyrosswweewwzz    
|uhtml|bestof|Game 3 of a best-of-3
|t:|1756428504
|gametype|doubles
|player|p1|luckyross|101|1144
|player|p2|wweewwzz|pokekid|1383
|gen|9
|tier|[Gen 9] VGC 2025 Reg H (Bo3)
|rated|
|rule|Species Clause: Limit one of each Pokémon
|rule|Item Clause: Limit 1 of each item
|clearpoke
|poke|p1|Murkrow, L50, M|
|poke|p1|Gholdengo, L50|
|poke|p1|Primarina, L50, M|
|poke|p1|Hydreigon, L50, M|
|poke|p1|Gliscor, L50, M|
|poke|p1|Sneasler, L50, F|
|poke|p2|Gholdengo, L50|
|poke|p2|Incineroar, L50, M|
|poke|p2|Ursaluna, L50, F|
|poke|p2|Sinistcha, L50|
|poke|p2|Sneasler, L50, M|
|poke|p2|Dragonite, L50, M|
|teampreview|4
|showteam|p1|Murkrow||Eviolite|Prankster|Tailwind,FoulPlay,Haze,Quash|||M|||50|,,,,,Ghost]Gholdengo||ChoiceSpecs|GoodasGold|MakeItRain,ShadowBall,FocusBlast,Trick||||||50|,,,,,Steel]Primarina||ThroatSpray|LiquidVoice|HyperVoice,Moonblast,AquaJet,Protect|||M|||50|,,,,,Poison]Hydreigon||LifeOrb|Levitate|DarkPulse,DracoMeteor,Tailwind,Protect|||M|||50|,,,,,Ghost]Gliscor||ChoiceBand|HyperCutter|Earthquake,HighHorsepower,DualWingbeat,RockSlide|||M|||50|,,,,,Dark]Sneasler||WhiteHerb|Unburden|FakeOut,CloseCombat,DireClaw,Protect|||F|||50|,,,,,Stellar
|showteam|p2|Gholdengo||LifeOrb|GoodasGold|MakeItRain,ShadowBall,NastyPlot,Protect||||||50|,,,,,Water]Incineroar||AssaultVest|Intimidate|FakeOut,Uturn,KnockOff,FlareBlitz|||M|||50|,,,,,Ghost]Ursaluna||FlameOrb|Guts|Earthquake,Facade,HeadlongRush,Protect|||F|||50|,,,,,Ghost]Sinistcha||SitrusBerry|Hospitality|MatchaGotcha,LifeDew,RagePowder,TrickRoom||||||50|,,,,,Dark]Sneasler||FocusSash|PoisonTouch|DireClaw,CloseCombat,Coaching,Protect|||M|||50|,,,,,Flying]Dragonite||LoadedDice|Multiscale|ScaleShot,Haze,Tailwind,Protect|||M|||50|,,,,,Fairy
|inactive|Battle timer is ON: inactive players will automatically lose when time's up. (requested by wweewwzz)
|
|t:|1756428522
|teamsize|p1|4
|teamsize|p2|4
|start
|switch|p1a: Murkrow|Murkrow, L50, M, shiny|100/100
|switch|p1b: Ficello-Man|Gholdengo, L50|100/100
|switch|p2a: Incineroar|Incineroar, L50, M|100/100
|switch|p2b: Sinistcha|Sinistcha, L50|100/100
|-ability|p2a: Incineroar|Intimidate|boost
|-unboost|p1a: Murkrow|atk|1
|-unboost|p1b: Ficello-Man|atk|1
|turn|1
|
|t:|1756428544
|-terastallize|p2b: Sinistcha|Dark
|move|p2a: Incineroar|Fake Out|p1b: Ficello-Man
|-immune|p1b: Ficello-Man
|move|p1b: Ficello-Man|Make It Rain|p2a: Incineroar|[spread] p2a,p2b
|-resisted|p2a: Incineroar
|-damage|p2a: Incineroar|76/100
|-damage|p2b: Sinistcha|39/100
|-unboost|p1b: Ficello-Man|spa|1
|-enditem|p2b: Sinistcha|Sitrus Berry|[eat]
|-heal|p2b: Sinistcha|64/100|[from] item: Sitrus Berry
|move|p1a: Murkrow|Foul Play|p2b: Sinistcha
|-resisted|p2b: Sinistcha
|-damage|p2b: Sinistcha|57/100
|move|p2b: Sinistcha|Trick Room|p2b: Sinistcha
|-fieldstart|move: Trick Room|[of] p2b: Sinistcha
|
|upkeep
|turn|2
|inactive|luckyross has 30 seconds left.
|inactive|wweewwzz has 30 seconds left.
|inactive|luckyross has 20 seconds left.
|
|t:|1756428580
|switch|p1b: Primarina|Primarina, L50, M|100/100
|move|p2b: Sinistcha|Matcha Gotcha|p1b: Primarina|[spread] p1a,p1b
|-resisted|p1a: Murkrow
|-supereffective|p1b: Primarina
|-damage|p1a: Murkrow|90/100
|-heal|p2b: Sinistcha|62/100|[from] drain|[of] p1a: Murkrow
|-damage|p1b: Primarina|59/100
|-heal|p2b: Sinistcha|83/100|[from] drain|[of] p1b: Primarina
|move|p2a: Incineroar|Flare Blitz|p1b: Primarina
|-resisted|p1b: Primarina
|-damage|p1b: Primarina|27/100
|-damage|p2a: Incineroar|66/100|[from] Recoil
|move|p1a: Murkrow|Foul Play|p2a: Incineroar
|-resisted|p2a: Incineroar
|-damage|p2a: Incineroar|46/100
|
|upkeep
|turn|3
|inactive|luckyross has 30 seconds left.
|inactive|luckyross has 20 seconds left.
|
|t:|1756428616
|move|p1b: Primarina|Aqua Jet|p2a: Incineroar
|-supereffective|p2a: Incineroar
|-damage|p2a: Incineroar|28/100
|move|p2b: Sinistcha|Matcha Gotcha|p1a: Murkrow|[spread] p1a,p1b
|-resisted|p1a: Murkrow
|-supereffective|p1b: Primarina
|-damage|p1a: Murkrow|79/100
|-heal|p2b: Sinistcha|88/100|[from] drain|[of] p1a: Murkrow
|-damage|p1b: Primarina|0 fnt
|-heal|p2b: Sinistcha|100/100|[from] drain|[of] p1b: Primarina
|faint|p1b: Primarina
|move|p2a: Incineroar|U-turn|p1a: Murkrow
|-damage|p1a: Murkrow|51/100
|
|t:|1756428624
|switch|p2a: Ursaluna|Ursaluna, L50, F, shiny|100/100|[from] U-turn
|move|p1a: Murkrow|Foul Play|p2b: Sinistcha
|-resisted|p2b: Sinistcha
|-damage|p2b: Sinistcha|94/100
|
|-status|p2a: Ursaluna|brn|[from] item: Flame Orb
|upkeep
|inactive|luckyross has 30 seconds left.
|inactive|luckyross has 20 seconds left.
|inactive|luckyross has 15 seconds left.
|inactive|luckyross has 10 seconds left.
|
|t:|1756428671
|switch|p1b: Hydreigon|Hydreigon, L50, M, shiny|100/100
|turn|4
|
|t:|1756428685
|switch|p2b: Incineroar|Incineroar, L50, M|28/100
|-ability|p2b: Incineroar|Intimidate|boost
|-unboost|p1a: Murkrow|atk|1
|-unboost|p1b: Hydreigon|atk|1
|-terastallize|p1b: Hydreigon|Ghost
|move|p2a: Ursaluna|Facade|p1a: Murkrow
|-damage|p1a: Murkrow|0 fnt
|faint|p1a: Murkrow
|move|p1b: Hydreigon|Draco Meteor|p2b: Incineroar|[miss]
|-miss|p1b: Hydreigon|p2b: Incineroar
|
|-damage|p2a: Ursaluna|94/100 brn|[from] brn
|upkeep
|
|t:|1756428695
|switch|p1a: Ficello-Man|Gholdengo, L50|100/100
|turn|5
|inactive|luckyross has 30 seconds left.
|inactive|luckyross has 20 seconds left.
|
|t:|1756428736
|move|p2a: Ursaluna|Headlong Rush|p1a: Ficello-Man
|-supereffective|p1a: Ficello-Man
|-damage|p1a: Ficello-Man|0 fnt
|-unboost|p2a: Ursaluna|def|1
|-unboost|p2a: Ursaluna|spd|1
|faint|p1a: Ficello-Man
|move|p2b: Incineroar|Knock Off|p1b: Hydreigon
|-supereffective|p1b: Hydreigon
|-damage|p1b: Hydreigon|0 fnt
|-enditem|p1b: Hydreigon|Life Orb|[from] move: Knock Off|[of] p2b: Incineroar
|faint|p1b: Hydreigon
|
|win|wweewwzz
|raw|luckyross's rating: 1144 → 1134(-10 for losing)
|raw|wweewwzz's rating: 1383 → 1391(+8 for winning)
|l|☆luckyross
|player|p1|
