|j|☆lettitripppp
|j|☆bogging
|html|lettitrippppbogging    
|uhtml|bestof|Game 2 of a best-of-3
|t:|1783274968
|gametype|doubles
|player|p1|lettitripppp|lucas|1253
|player|p2|bogging|bugcatcher-gen4dp|1465
|gen|9
|tier|[Gen 9 Champions] VGC 2026 Reg M-B (Bo3)
|rated|
|rule|Species Clause: Limit one of each Pokémon
|rule|Item Clause: Limit 1 of each item
|clearpoke
|poke|p1|Charizard, L50, F|
|poke|p1|Floette-Eternal, L50, F|
|poke|p1|Basculegion, L50, M|
|poke|p1|Whimsicott, L50, F, shiny|
|poke|p1|Garchomp, L50, M, shiny|
|poke|p1|Kingambit, L50, F, shiny|
|poke|p2|Staraptor, L50, F|
|poke|p2|Incineroar, L50, F|
|poke|p2|Whimsicott, L50, M|
|poke|p2|Ceruledge, L50, M|
|poke|p2|Mawile, L50, F|
|poke|p2|Hydreigon, L50, M|
|teampreview|4
|showteam|p1|Charizard||CharizarditeY|Blaze|WeatherBall,SolarBeam,HeatWave,Protect|Modest||F|||50|]Floette-Eternal||Floettite|FlowerVeil|DazzlingGleam,LightofRuin,Moonblast,Protect|Timid||F|||50|]Basculegion||MysticWater|Adaptability|LastRespects,WaveCrash,AquaJet,Protect|Adamant||M|||50|]Whimsicott||FocusSash|Prankster|Moonblast,Tailwind,Encore,Protect|Timid||F|||50|]Garchomp||LifeOrb|RoughSkin|DragonClaw,Earthquake,RockSlide,Protect|Jolly||M|||50|]Kingambit||OccaBerry|Defiant|KowtowCleave,SuckerPunch,IronHead,Protect|Adamant||F|||50|
|showteam|p2|Staraptor||Staraptite|Intimidate|CloseCombat,BraveBird,Roost,Protect|Jolly||F|||50|]Incineroar||SitrusBerry|Intimidate|DarkestLariat,PartingShot,FakeOut,FlareBlitz|Impish||F|||50|]Whimsicott||FocusSash|Prankster|Moonblast,Protect,Charm,Tailwind|Timid||M|||50|]Ceruledge||ColburBerry|FlashFire|BitterBlade,Protect,BulkUp,ShadowSneak|Adamant||M|||50|]Mawile||Mawilite|HyperCutter|PlayRough,IronHead,SuckerPunch,Protect|Adamant||F|||50|]Hydreigon||ChoiceScarf|Levitate|DarkPulse,DracoMeteor,Snarl,EarthPower|Modest||M|||50|
|inactive|Battle timer is ON: inactive players will automatically lose when time's up. (requested by lettitripppp)
|inactive|bogging has 60 seconds left.
|
|t:|1783275017
|teamsize|p1|4
|teamsize|p2|4
|start
|switch|p1a: AGNI|Charizard, L50, F|100/100
|switch|p1b: LETS GO GO|Whimsicott, L50, F, shiny|100/100
|switch|p2a: Staraptor|Staraptor, L50, F|100/100
|switch|p2b: Incineroar|Incineroar, L50, F|100/100
|-ability|p2a: Staraptor|Intimidate|boost
|-unboost|p1a: AGNI|atk|1
|-unboost|p1b: LETS GO GO|atk|1
|-ability|p2b: Incineroar|Intimidate|boost
|-unboost|p1a: AGNI|atk|1
|-unboost|p1b: LETS GO GO|atk|1
|turn|1
|
|t:|1783275042
|switch|p2a: Ceruledge|Ceruledge, L50, M|100/100
|detailschange|p1a: AGNI|Charizard-Mega-Y, L50, F
|-mega|p1a: AGNI|Charizard|Charizardite Y
|-weather|SunnyDay|[from] ability: Drought|[of] p1a: AGNI
|move|p1b: LETS GO GO|Moonblast|p2a: Ceruledge
|-resisted|p2a: Ceruledge|1
|-damage|p2a: Ceruledge|86/100
|move|p1a: AGNI|Weather Ball|p2a: Ceruledge
|-start|p2a: Ceruledge|ability: Flash Fire
|move|p2b: Incineroar|Flare Blitz|p1b: LETS GO GO
|-supereffective|p1b: LETS GO GO|1
|-enditem|p1b: LETS GO GO|Focus Sash
|-damage|p1b: LETS GO GO|1/100
|-damage|p2b: Incineroar|75/100|[from] Recoil
|
|-weather|SunnyDay|[upkeep]
|upkeep
|turn|2
|
|t:|1783275060
|move|p1b: LETS GO GO|Tailwind|p1b: LETS GO GO
|-sidestart|p1: lettitripppp|move: Tailwind
|move|p1a: AGNI|Weather Ball|p2b: Incineroar
|-resisted|p2b: Incineroar|1
|-damage|p2b: Incineroar|34/100
|-enditem|p2b: Incineroar|Sitrus Berry|[eat]
|-heal|p2b: Incineroar|59/100|[from] item: Sitrus Berry
|move|p2a: Ceruledge|Bitter Blade|p1a: AGNI
|-resisted|p1a: AGNI|1
|-damage|p1a: AGNI|52/100
|-heal|p2a: Ceruledge|100/100|[from] drain|[of] p1a: AGNI
|move|p2b: Incineroar|Parting Shot|p1b: LETS GO GO
|-unboost|p1b: LETS GO GO|atk|1
|-unboost|p1b: LETS GO GO|spa|1
|
|t:|1783275071
|switch|p2b: Whimsicott|Whimsicott, L50, M|100/100|[from] Parting Shot
|
|-weather|SunnyDay|[upkeep]
|upkeep
|turn|3
|
|t:|1783275096
|switch|p2b: Incineroar|Incineroar, L50, F|59/100
|-ability|p2b: Incineroar|Intimidate|boost
|-unboost|p1a: AGNI|atk|1
|-unboost|p1b: LETS GO GO|atk|1
|move|p1b: LETS GO GO|Moonblast|p2b: Incineroar
|-damage|p2b: Incineroar|39/100
|move|p1a: AGNI|Weather Ball|p2b: Incineroar
|-resisted|p2b: Incineroar|1
|-damage|p2b: Incineroar|0 fnt
|faint|p2b: Incineroar
|move|p2a: Ceruledge|Bitter Blade|p1a: AGNI
|-resisted|p1a: AGNI|1
|-damage|p1a: AGNI|4/100
|
|-weather|SunnyDay|[upkeep]
|upkeep
|
|t:|1783275109
|switch|p2b: Whimsicott|Whimsicott, L50, M|100/100
|turn|4
|
|t:|1783275115
|move|p1b: LETS GO GO|Encore|p2a: Ceruledge
|-start|p2a: Ceruledge|Encore
|move|p1a: AGNI|Weather Ball|p2b: Whimsicott
|-supereffective|p2b: Whimsicott|1
|-enditem|p2b: Whimsicott|Focus Sash
|-damage|p2b: Whimsicott|1/100
|move|p2b: Whimsicott|Moonblast|p1b: LETS GO GO
|-damage|p1b: LETS GO GO|0 fnt
|faint|p1b: LETS GO GO
|move|p2a: Ceruledge|Bitter Blade|p1a: AGNI
|-resisted|p1a: AGNI|1
|-damage|p1a: AGNI|0 fnt
|faint|p1a: AGNI
|
|-weather|SunnyDay|[upkeep]
|upkeep
|
|t:|1783275124
|switch|p1b: GHOSTWAVE|Basculegion, L50, M|100/100
|switch|p1a: CRUSH SHARK|Garchomp, L50, M, shiny|100/100
|turn|5
|
|t:|1783275134
|move|p2b: Whimsicott|Protect|p2b: Whimsicott
|-singleturn|p2b: Whimsicott|Protect
|move|p1b: GHOSTWAVE|Aqua Jet|p2b: Whimsicott
|-activate|p2b: Whimsicott|move: Protect
|move|p1a: CRUSH SHARK|Rock Slide|p2b: Whimsicott|[spread] p2a
|-activate|p2b: Whimsicott|move: Protect
|-supereffective|p2a: Ceruledge|1
|-damage|p2a: Ceruledge|46/100
|-damage|p1a: CRUSH SHARK|90/100|[from] item: Life Orb
|cant|p2a: Ceruledge|flinch
|
|-weather|none
|-sideend|p1: lettitripppp|move: Tailwind
|upkeep
|turn|6
|
|t:|1783275154
|move|p2b: Whimsicott|Charm|p1b: GHOSTWAVE
|-unboost|p1b: GHOSTWAVE|atk|2
|move|p1b: GHOSTWAVE|Aqua Jet|p2b: Whimsicott
|-resisted|p2b: Whimsicott|1
|-damage|p2b: Whimsicott|0 fnt
|faint|p2b: Whimsicott
|move|p1a: CRUSH SHARK|Dragon Claw|p2a: Ceruledge
|-crit|p2a: Ceruledge
|-damage|p2a: Ceruledge|0 fnt
|faint|p2a: Ceruledge
|-damage|p1a: CRUSH SHARK|80/100|[from] item: Life Orb
|
|upkeep
|
|t:|1783275159
|switch|p2b: Staraptor|Staraptor, L50, F|100/100
|-ability|p2b: Staraptor|Intimidate|boost
|-unboost|p1a: CRUSH SHARK|atk|1
|-unboost|p1b: GHOSTWAVE|atk|1
|turn|7
|
|t:|1783275170
|detailschange|p2b: Staraptor|Staraptor-Mega, L50, F
|-mega|p2b: Staraptor|Staraptor|Staraptite
|move|p2b: Staraptor|Protect|p2b: Staraptor
|-singleturn|p2b: Staraptor|Protect
|move|p1a: CRUSH SHARK|Dragon Claw|p2b: Staraptor
|-activate|p2b: Staraptor|move: Protect
|move|p1b: GHOSTWAVE|Last Respects|p2b: Staraptor
|-activate|p2b: Staraptor|move: Protect
|
|upkeep
|turn|8
|
|t:|1783275180
|move|p2b: Staraptor|Close Combat|p1a: CRUSH SHARK
|-damage|p1a: CRUSH SHARK|21/100
|-boost|p2b: Staraptor|def|1
|-boost|p2b: Staraptor|spd|1
|-damage|p2b: Staraptor|87/100|[from] ability: Rough Skin|[of] p1a: CRUSH SHARK
|move|p1a: CRUSH SHARK|Dragon Claw|p2b: Staraptor
|-damage|p2b: Staraptor|63/100
|-damage|p1a: CRUSH SHARK|11/100|[from] item: Life Orb
|move|p1b: GHOSTWAVE|Last Respects|p2b: Staraptor
|-damage|p2b: Staraptor|41/100
|
|upkeep
|turn|9
|
|t:|1783275195
|move|p1a: CRUSH SHARK|Protect|p1a: CRUSH SHARK
|-singleturn|p1a: CRUSH SHARK|Protect
|move|p2b: Staraptor|Roost|p2b: Staraptor
|-heal|p2b: Staraptor|91/100
|-singleturn|p2b: Staraptor|move: Roost
|move|p1b: GHOSTWAVE|Last Respects|p2b: Staraptor
|-damage|p2b: Staraptor|70/100
|
|upkeep
|turn|10
|
|t:|1783275209
|move|p2b: Staraptor|Brave Bird|p1b: GHOSTWAVE
|-damage|p1b: GHOSTWAVE|50/100g
|-damage|p2b: Staraptor|51/100|[from] Recoil
|move|p1a: CRUSH SHARK|Dragon Claw|p2b: Staraptor
|-damage|p2b: Staraptor|28/100
|-damage|p1a: CRUSH SHARK|1/100|[from] item: Life Orb
|move|p1b: GHOSTWAVE|Last Respects|p2b: Staraptor
|-damage|p2b: Staraptor|6/100
|
|upkeep
|turn|11
|
|t:|1783275228
|move|p1b: GHOSTWAVE|Aqua Jet|p2b: Staraptor
|-damage|p2b: Staraptor|0 fnt
|faint|p2b: Staraptor
|
|win|lettitripppp
||bogging is ready for game 3.
