|j|☆beeetch
|j|☆TheBigGibber
|html|beeetchTheBigGibber    
|uhtml|bestof|Game 3 of a best-of-3
|t:|1754573656
|gametype|doubles
|player|p1|beeetch|beauty-gen4dp|1224
|player|p2|TheBigGibber|101|1358
|gen|9
|tier|[Gen 9] VGC 2025 Reg H (Bo3)
|rated|
|rule|Species Clause: Limit one of each Pokémon
|rule|Item Clause: Limit 1 of each item
|clearpoke
|poke|p1|Toedscruel, L50, F|
|poke|p1|Weezing-Galar, L50, F|
|poke|p1|Corviknight, L50, M|
|poke|p1|Pawmot, L50, F|
|poke|p1|Garchomp, L50, M|
|poke|p1|Typhlosion-Hisui, L50, M|
|poke|p2|Magmar, L50, M|
|poke|p2|Rillaboom, L50, F|
|poke|p2|Primarina, L50, M|
|poke|p2|Baxcalibur, L50, M|
|poke|p2|Kingambit, L50, M|
|poke|p2|Sneasler, L50, F|
|teampreview|4
|showteam|p1|Toedscruel||CovertCloak|MyceliumMight|Spore,EarthPower,AcidSpray,RagePowder|||F|||50|,,,,,Water]Weezing-Galar||ChoiceSpecs|NeutralizingGas|DazzlingGleam,SludgeBomb,StrangeSteam,Flamethrower|||F|||50|,,,,,Fire]Corviknight||SitrusBerry|MirrorArmor|Protect,Tailwind,Roost,BraveBird|||M|||50|,,,,,Dragon]Pawmot||FocusSash|NaturalCure|Protect,CloseCombat,DoubleShock,FakeOut|||F|||50|,,,,,Electric]Garchomp||LifeOrb|RoughSkin|Protect,Earthquake,DragonClaw,StompingTantrum|||M|||50|,,,,,Ground]Typhlosion-Hisui||ChoiceScarf|Blaze|Eruption,SleepTalk,HeatWave,ShadowBall|||M|||50|,,,,,Fire
|showteam|p2|Magmar||Eviolite|VitalSpirit|HeatWave,Taunt,FollowMe,Protect|||M|||50|,,,,,Ghost]Rillaboom||AssaultVest|GrassySurge|GrassyGlide,WoodHammer,HighHorsepower,FakeOut|||F|||50|,,,,,Water]Primarina||SitrusBerry|LiquidVoice|Moonblast,HyperVoice,Haze,Protect|||M|||50|,,,,,Water]Baxcalibur||LoadedDice|ThermalExchange|IcicleSpear,ScaleShot,IceShard,Protect|||M|||50|,,,,,Ghost]Kingambit||BlackGlasses|Defiant|KowtowCleave,SwordsDance,SuckerPunch,Protect|||M|||50|,,,,,Dark]Sneasler||FocusSash|Unburden|DireClaw,CloseCombat,Coaching,FakeOut|||F|||50|,,,,,Stellar
|j| fgyhung
|
|t:|1754573691
|teamsize|p1|4
|teamsize|p2|4
|start
|switch|p1a: Corviknight|Corviknight, L50, M|100/100
|switch|p1b: Weezing|Weezing-Galar, L50, F|100/100
|switch|p2a: Baxcalibur|Baxcalibur, L50, M|100/100
|switch|p2b: Sneasler|Sneasler, L50, F|100/100
|-ability|p1b: Weezing|Neutralizing Gas
|turn|1
|
|t:|1754573708
|-terastallize|p2a: Baxcalibur|Ghost
|move|p2b: Sneasler|Coaching|p2a: Baxcalibur
|-boost|p2a: Baxcalibur|atk|1
|-boost|p2a: Baxcalibur|def|1
|move|p2a: Baxcalibur|Icicle Spear|p1b: Weezing
|-damage|p1b: Weezing|77/100
|-damage|p1b: Weezing|53/100
|-damage|p1b: Weezing|29/100
|-damage|p1b: Weezing|7/100
|-hitcount|p1b: Weezing|4
|move|p1a: Corviknight|Tailwind|p1a: Corviknight
|-sidestart|p1: beeetch|move: Tailwind
|move|p1b: Weezing|Dazzling Gleam|p2a: Baxcalibur|[spread] p2a,p2b
|-damage|p2a: Baxcalibur|59/100
|-damage|p2b: Sneasler|35/100
|
|upkeep
|turn|2
|
|t:|1754573747
|switch|p2b: Magmar|Magmar, L50, M|100/100
|move|p2a: Baxcalibur|Ice Shard|p1b: Weezing
|-damage|p1b: Weezing|0 fnt
|faint|p1b: Weezing
|-end|p1b: Weezing|ability: Neutralizing Gas
|move|p1a: Corviknight|Brave Bird|p2b: Magmar
|-damage|p2b: Magmar|59/100
|-damage|p1a: Corviknight|89/100|[from] Recoil
|
|upkeep
|
|t:|1754573757
|switch|p1b: Garchomp|Garchomp, L50, M|100/100
|turn|3
|
|t:|1754573779
|switch|p2b: Rillaboom|Rillaboom, L50, F|100/100
|-fieldstart|move: Grassy Terrain|[from] ability: Grassy Surge|[of] p2b: Rillaboom
|-terastallize|p1b: Garchomp|Ground
|move|p2a: Baxcalibur|Protect|p2a: Baxcalibur
|-singleturn|p2a: Baxcalibur|Protect
|move|p1b: Garchomp|Earthquake|p2b: Rillaboom|[spread] p2b
|-activate|p2a: Baxcalibur|move: Protect
|-immune|p1a: Corviknight
|-resisted|p2b: Rillaboom
|-damage|p2b: Rillaboom|82/100
|-damage|p1b: Garchomp|91/100|[from] item: Life Orb
|move|p1a: Corviknight|Brave Bird|p2b: Rillaboom
|-supereffective|p2b: Rillaboom
|-damage|p2b: Rillaboom|3/100
|-damage|p1a: Corviknight|63/100|[from] Recoil
|
|-heal|p1b: Garchomp|97/100|[from] Grassy Terrain
|-heal|p2a: Baxcalibur|66/100|[from] Grassy Terrain
|-heal|p2b: Rillaboom|9/100|[from] Grassy Terrain
|upkeep
|turn|4
|
|t:|1754573809
|move|p1b: Garchomp|Protect|p1b: Garchomp
|-singleturn|p1b: Garchomp|Protect
|move|p2b: Rillaboom|Fake Out|p1b: Garchomp
|-activate|p1b: Garchomp|move: Protect
|move|p1a: Corviknight|Brave Bird|p2b: Rillaboom
|-supereffective|p2b: Rillaboom
|-damage|p2b: Rillaboom|0 fnt
|faint|p2b: Rillaboom
|-damage|p1a: Corviknight|60/100|[from] Recoil
|move|p2a: Baxcalibur|Icicle Spear|p1a: Corviknight
|-damage|p1a: Corviknight|41/100
|-enditem|p1a: Corviknight|Sitrus Berry|[eat]
|-heal|p1a: Corviknight|66/100|[from] item: Sitrus Berry
|-damage|p1a: Corviknight|45/100
|-damage|p1a: Corviknight|23/100
|-damage|p1a: Corviknight|4/100
|-hitcount|p1a: Corviknight|4
|
|-heal|p1b: Garchomp|100/100|[from] Grassy Terrain
|-heal|p2a: Baxcalibur|72/100|[from] Grassy Terrain
|-sideend|p1: beeetch|move: Tailwind
|upkeep
|
|t:|1754573832
|switch|p2b: Sneasler|Sneasler, L50, F|35/100
|turn|5
|
|t:|1754573846
|move|p2b: Sneasler|Fake Out|p1b: Garchomp
|-damage|p1b: Garchomp|86/100
|-damage|p2b: Sneasler|23/100|[from] ability: Rough Skin|[of] p1b: Garchomp
|cant|p1b: Garchomp|flinch
|move|p2a: Baxcalibur|Scale Shot|p1a: Corviknight
|-resisted|p1a: Corviknight
|-damage|p1a: Corviknight|0 fnt
|faint|p1a: Corviknight
|-hitcount|p1: Corviknight|1
|-unboost|p2a: Baxcalibur|def|1
|-boost|p2a: Baxcalibur|spe|1
|
|-heal|p2a: Baxcalibur|78/100|[from] Grassy Terrain
|-heal|p2b: Sneasler|29/100|[from] Grassy Terrain
|-heal|p1b: Garchomp|92/100|[from] Grassy Terrain
|upkeep
|
|t:|1754573855
|switch|p1a: Typhlosion|Typhlosion-Hisui, L50, M|100/100
|turn|6
|
|t:|1754573889
|switch|p2b: Magmar|Magmar, L50, M|59/100
|move|p2a: Baxcalibur|Protect|p2a: Baxcalibur
|-singleturn|p2a: Baxcalibur|Protect
|move|p1a: Typhlosion|Eruption|p2b: Magmar|[spread] p2b
|-activate|p2a: Baxcalibur|move: Protect
|-resisted|p2b: Magmar
|-damage|p2b: Magmar|35/100
|move|p1b: Garchomp|Dragon Claw|p2a: Baxcalibur
|-activate|p2a: Baxcalibur|move: Protect
|
|-heal|p2a: Baxcalibur|84/100|[from] Grassy Terrain
|-heal|p1b: Garchomp|98/100|[from] Grassy Terrain
|-heal|p2b: Magmar|41/100|[from] Grassy Terrain
|upkeep
|turn|7
|
|t:|1754573927
|move|p2b: Magmar|Follow Me|p2b: Magmar
|-singleturn|p2b: Magmar|move: Follow Me
|move|p1a: Typhlosion|Eruption|p2b: Magmar|[spread] p2a,p2b
|-resisted|p2b: Magmar
|-damage|p2a: Baxcalibur|22/100
|-damage|p2b: Magmar|16/100
|-ability|p2a: Baxcalibur|Thermal Exchange|boost
|-boost|p2a: Baxcalibur|atk|1
|move|p2a: Baxcalibur|Scale Shot|p1a: Typhlosion
|-damage|p1a: Typhlosion|54/100
|-damage|p1a: Typhlosion|11/100
|-damage|p1a: Typhlosion|0 fnt
|faint|p1a: Typhlosion
|-hitcount|p1: Typhlosion|3
|-unboost|p2a: Baxcalibur|def|1
|-boost|p2a: Baxcalibur|spe|1
|move|p1b: Garchomp|Dragon Claw|p2b: Magmar
|-damage|p2b: Magmar|0 fnt
|faint|p2b: Magmar
|-damage|p1b: Garchomp|89/100|[from] item: Life Orb
|
|-heal|p2a: Baxcalibur|28/100|[from] Grassy Terrain
|-heal|p1b: Garchomp|95/100|[from] Grassy Terrain
|-fieldend|move: Grassy Terrain
|upkeep
|
|t:|1754573944
|switch|p2b: Sneasler|Sneasler, L50, F|29/100
|turn|8
|
|t:|1754573951
|move|p1b: Garchomp|Protect|p1b: Garchomp
|-singleturn|p1b: Garchomp|Protect
|move|p2a: Baxcalibur|Icicle Spear|p1b: Garchomp
|-activate|p1b: Garchomp|move: Protect
|move|p2b: Sneasler|Coaching|p2a: Baxcalibur
|-boost|p2a: Baxcalibur|atk|1
|-boost|p2a: Baxcalibur|def|1
|
|upkeep
|turn|9
|
|t:|1754573962
|move|p2a: Baxcalibur|Protect|p2a: Baxcalibur
|-singleturn|p2a: Baxcalibur|Protect
|move|p2b: Sneasler|Coaching|p2a: Baxcalibur
|-boost|p2a: Baxcalibur|atk|1
|-boost|p2a: Baxcalibur|def|1
|move|p1b: Garchomp|Earthquake|p2b: Sneasler|[spread] p2b
|-activate|p2a: Baxcalibur|move: Protect
|-supereffective|p2b: Sneasler
|-damage|p2b: Sneasler|0 fnt
|faint|p2b: Sneasler
|-damage|p1b: Garchomp|85/100|[from] item: Life Orb
|
|upkeep
|turn|10
|
|t:|1754573978
|move|p2a: Baxcalibur|Icicle Spear|p1b: Garchomp
|-supereffective|p1b: Garchomp
|-damage|p1b: Garchomp|0 fnt
|faint|p1b: Garchomp
|-hitcount|p1: Garchomp|1
|
|win|TheBigGibber
|raw|beeetch's rating: 1224 → 1208(-16 for losing)
|raw|TheBigGibber's rating: 1358 → 1371(+13 for winning)
