|j|☆mczenith
|j|☆statenty
|html|mczenithstatenty    
|uhtml|bestof|Game 2 of a best-of-3
|t:|1785899232
|gametype|doubles
|player|p1|mczenith|266|1045
|player|p2|statenty|265|1000
|gen|9
|tier|[Gen 9 Champions] VGC 2026 Reg M-B (Bo3)
|rated|
|rule|Species Clause: Limit one of each Pokémon
|rule|Item Clause: Limit 1 of each item
|clearpoke
|poke|p1|Palafin, L50, M|
|poke|p1|Pelipper, L50, M|
|poke|p1|Floette-Eternal, L50, F|
|poke|p1|Archaludon, L50, F|
|poke|p1|Sylveon, L50, F|
|poke|p1|Meganium, L50, F|
|poke|p2|Charizard, L50, F|
|poke|p2|Sylveon, L50, M|
|poke|p2|Incineroar, L50, M|
|poke|p2|Garchomp, L50, F|
|poke|p2|Aerodactyl, L50, M|
|poke|p2|Kingambit, L50, F|
|teampreview|4
|showteam|p1|Palafin||LifeOrb|ZerotoHero|JetPunch,FlipTurn,WaveCrash,CloseCombat|Jolly||M|||50|]Pelipper||FocusSash|Drizzle|WeatherBall,WideGuard,Hurricane,Tailwind|Timid||M|||50|]Floette-Eternal||Floettite|FlowerVeil|DazzlingGleam,DrainingKiss,CalmMind,Protect|Timid||F|||50|]Archaludon||Leftovers|Stamina|ElectroShot,DracoMeteor,FlashCannon,Protect|Modest||F|||50|]Sylveon||ChoiceScarf|Pixilate|QuickAttack,HyperBeam,HyperVoice,Moonblast|Hasty||F|||50|]Meganium||Meganiumite|LeafGuard|DazzlingGleam,Synthesis,SolarBeam,WeatherBall|Modest||F|||50|
|showteam|p2|Charizard||CharizarditeY|Blaze|HeatWave,SolarBeam,Protect,WeatherBall|Modest||F|||50|]Sylveon||Leftovers|Pixilate|HyperVoice,Moonblast,Yawn,Protect|Modest||M|||50|]Incineroar||SitrusBerry|Intimidate|FlareBlitz,FakeOut,PartingShot,Taunt|Impish||M|||50|]Garchomp||LifeOrb|RoughSkin|Earthquake,DragonClaw,StompingTantrum,RockSlide|Jolly||F|||50|]Aerodactyl||Aerodactylite|RockHead|RockSlide,DualWingbeat,Tailwind,Protect|Jolly||M|||50|]Kingambit||FocusSash|Defiant|LowKick,IronHead,SuckerPunch,KowtowCleave|Adamant||F|||50|
|inactive|Battle timer is ON: inactive players will automatically lose when time's up. (requested by mczenith)
|
|t:|1785899256
|teamsize|p1|4
|teamsize|p2|4
|start
|switch|p1a: Palafin|Palafin, L50, M|100/100
|switch|p1b: Sylveon|Sylveon, L50, F|100/100
|switch|p2a: Aerodactyl|Aerodactyl, L50, M|100/100
|switch|p2b: Kingambit|Kingambit, L50, F|100/100
|turn|1
|
|t:|1785899269
|switch|p1b: Archaludon|Archaludon, L50, F|100/100
|move|p2a: Aerodactyl|Protect|p2a: Aerodactyl
|-singleturn|p2a: Aerodactyl|Protect
|move|p1a: Palafin|Flip Turn|p2a: Aerodactyl
|-activate|p2a: Aerodactyl|move: Protect
|move|p2b: Kingambit|Iron Head|p1b: Archaludon
|-resisted|p1b: Archaludon|1
|-damage|p1b: Archaludon|81/100
|-ability|p1b: Archaludon|Stamina|boost
|-boost|p1b: Archaludon|def|1
|
|-heal|p1b: Archaludon|87/100|[from] item: Leftovers
|upkeep
|turn|2
|
|t:|1785899289
|move|p2b: Kingambit|Sucker Punch|p1a: Palafin
|-damage|p1a: Palafin|42/100
|move|p2a: Aerodactyl|Tailwind|p2a: Aerodactyl
|-sidestart|p2: statenty|move: Tailwind
|move|p1a: Palafin|Flip Turn|p2a: Aerodactyl
|-supereffective|p2a: Aerodactyl|1
|-damage|p2a: Aerodactyl|9/100
|-damage|p1a: Palafin|32/100|[from] item: Life Orb
|
|t:|1785899296
|detailschange|p1a: Palafin|Palafin-Hero, L50, M
|switch|p1a: Floette|Floette-Eternal, L50, F|100/100|[from] Flip Turn
|move|p1b: Archaludon|Flash Cannon|p2a: Aerodactyl
|-supereffective|p2a: Aerodactyl|1
|-damage|p2a: Aerodactyl|0 fnt
|faint|p2a: Aerodactyl
|
|-heal|p1b: Archaludon|93/100|[from] item: Leftovers
|upkeep
|
|t:|1785899304
|switch|p2a: Garchomp|Garchomp, L50, F|100/100
|turn|3
|
|t:|1785899318
|move|p1a: Floette|Protect|p1a: Floette
|-singleturn|p1a: Floette|Protect
|move|p2a: Garchomp|Stomping Tantrum|p1b: Archaludon
|-supereffective|p1b: Archaludon|1
|-damage|p1b: Archaludon|42/100
|-ability|p1b: Archaludon|Stamina|boost
|-boost|p1b: Archaludon|def|1
|-damage|p2a: Garchomp|90/100|[from] item: Life Orb
|move|p2b: Kingambit|Iron Head|p1a: Floette
|-activate|p1a: Floette|move: Protect
|move|p1b: Archaludon|Draco Meteor|p2a: Garchomp
|-supereffective|p2a: Garchomp|1
|-damage|p2a: Garchomp|0 fnt
|-unboost|p1b: Archaludon|spa|2
|faint|p2a: Garchomp
|
|-heal|p1b: Archaludon|47/100|[from] item: Leftovers
|upkeep
|
|t:|1785899335
|switch|p2a: Charizard|Charizard, L50, F|100/100
|turn|4
|
|t:|1785899345
|detailschange|p1a: Floette|Floette-Mega, L50, F
|-mega|p1a: Floette|Floette|Floettite
|-ability|p1a: Floette|Fairy Aura
|move|p2a: Charizard|Protect|p2a: Charizard
|-singleturn|p2a: Charizard|Protect
|move|p2b: Kingambit|Iron Head|p1a: Floette
|-supereffective|p1a: Floette|1
|-damage|p1a: Floette|0 fnt
|faint|p1a: Floette
|move|p1b: Archaludon|Electro Shot||[still]
|-prepare|p1b: Archaludon|Electro Shot
|-boost|p1b: Archaludon|spa|1
|
|-heal|p1b: Archaludon|53/100|[from] item: Leftovers
|upkeep
|
|t:|1785899353
|switch|p1a: Palafin|Palafin-Hero, L50, M|32/100
|-activate|p1a: Palafin|ability: Zero to Hero
|turn|5
|
|t:|1785899369
|switch|p1a: Sylveon|Sylveon, L50, F|100/100
|detailschange|p2a: Charizard|Charizard-Mega-Y, L50, F
|-mega|p2a: Charizard|Charizard|Charizardite Y
|-weather|SunnyDay|[from] ability: Drought|[of] p2a: Charizard
|move|p2a: Charizard|Weather Ball|p1b: Archaludon
|-damage|p1b: Archaludon|0 fnt
|faint|p1b: Archaludon
|move|p2b: Kingambit|Low Kick|p1a: Sylveon
|-resisted|p1a: Sylveon|1
|-damage|p1a: Sylveon|87/100
|
|-weather|SunnyDay|[upkeep]
|-sideend|p2: statenty|move: Tailwind
|upkeep
|
|t:|1785899378
|switch|p1b: Palafin|Palafin-Hero, L50, M|32/100
|turn|6
|-message|mczenith forfeited.
|
|win|statenty
|raw|mczenith's rating: 1045 → 1026(-19 for losing)
|raw|statenty's rating: 1000 → 1045(+45 for winning)
|l|☆mczenith
|player|p1|
|n|☆statenty|statenty
