|j|☆Piedrer
|j|☆is_katabo
|html|Piedreris_katabo    
|uhtml|bestof|Game 2 of a best-of-3
|t:|1782758250
|gametype|doubles
|player|p1|Piedrer|red|1210
|player|p2|is_katabo|youngster-gen4dp|1213
|gen|9
|tier|[Gen 9 Champions] VGC 2026 Reg M-B (Bo3)
|rated|
|rule|Species Clause: Limit one of each Pokémon
|rule|Item Clause: Limit 1 of each item
|clearpoke
|poke|p1|Venusaur, L50, M|
|poke|p1|Mawile, L50, F|
|poke|p1|Mudsdale, L50, M|
|poke|p1|Farigiraf, L50, M|
|poke|p1|Maushold-Four, L50|
|poke|p1|Torkoal, L50, F|
|poke|p2|Metagross, L50|
|poke|p2|Sylveon, L50, F|
|poke|p2|Hydreigon, L50, M|
|poke|p2|Talonflame, L50, M|
|poke|p2|Garchomp, L50, F|
|poke|p2|Rotom-Wash, L50|
|teampreview|4
|showteam|p1|Venusaur||Venusaurite|Overgrow|GigaDrain,SludgeBomb,EarthPower,Protect|Quiet||M|||50|]Mawile||Mawilite|Intimidate|PlayRough,SuckerPunch,SwordsDance,Protect|Adamant||F|||50|]Mudsdale||LifeOrb|InnerFocus|RockSlide,HighHorsepower,HeavySlam,Protect|Brave||M|||50|]Farigiraf||ColburBerry|ArmorTail|Protect,TrickRoom,Thunderbolt,HelpingHand|Relaxed||M|||50|]Maushold-Four||WideLens|Technician|PopulationBomb,Charm,FollowMe,Protect|Jolly|||||50|]Torkoal||Charcoal|Drought|Eruption,Flamethrower,SolarBeam,Protect|Quiet||F|||50|
|showteam|p2|Metagross||Metagrossite|ClearBody|IronHead,PsychicFangs,BodyPress,Protect|Jolly|||||50|]Sylveon||FairyFeather|Pixilate|HyperVoice,Moonblast,QuickAttack,Detect|Modest||F|||50|]Hydreigon||FocusSash|Levitate|DracoMeteor,DarkPulse,EarthPower,Protect|Timid||M|||50|]Talonflame|||GaleWings|Acrobatics,FlareBlitz,Tailwind,Protect|Jolly||M|||50|]Garchomp||RoseliBerry|RoughSkin|DragonClaw,Earthquake,RockSlide,Protect|Adamant||F|||50|]Rotom-Wash||Magnet|Levitate|Thunderbolt,HydroPump,VoltSwitch,Protect|Modest|||||50|
|inactive|Battle timer is ON: inactive players will automatically lose when time's up. (requested by Piedrer)
|
|t:|1782758277
|teamsize|p1|4
|teamsize|p2|4
|start
|switch|p1a: Farigiraf|Farigiraf, L50, M|100/100
|switch|p1b: Mudsdale|Mudsdale, L50, M|100/100
|switch|p2a: Rotom|Rotom-Wash, L50|100/100
|switch|p2b: Sylveon|Sylveon, L50, F|100/100
|turn|1
|
|t:|1782758301
|switch|p1b: Venusaur|Venusaur, L50, M|100/100
|move|p2a: Rotom|Thunderbolt|p1a: Farigiraf
|-damage|p1a: Farigiraf|54/100
|-status|p1a: Farigiraf|par
|move|p2b: Sylveon|Moonblast|p1a: Farigiraf
|-damage|p1a: Farigiraf|9/100 par
|move|p1a: Farigiraf|Trick Room|p1a: Farigiraf
|-fieldstart|move: Trick Room|[of] p1a: Farigiraf
|
|upkeep
|turn|2
|
|t:|1782758326
|detailschange|p1b: Venusaur|Venusaur-Mega, L50, M
|-mega|p1b: Venusaur|Venusaur|Venusaurite
|cant|p1a: Farigiraf|par
|move|p2b: Sylveon|Detect|p2b: Sylveon
|-singleturn|p2b: Sylveon|Protect
|move|p2a: Rotom|Protect|p2a: Rotom
|-singleturn|p2a: Rotom|Protect
|move|p1b: Venusaur|Giga Drain|p2a: Rotom
|-activate|p2a: Rotom|move: Protect
|
|upkeep
|turn|3
|
|t:|1782758346
|switch|p2a: Garchomp|Garchomp, L50, F|100/100
|move|p1a: Farigiraf|Helping Hand|p1b: Venusaur
|-singleturn|p1b: Venusaur|Helping Hand|[of] p1a: Farigiraf
|move|p2b: Sylveon|Hyper Voice|p1a: Farigiraf|[spread] p1a,p1b
|-resisted|p1b: Venusaur|1
|-damage|p1a: Farigiraf|0 fnt
|-damage|p1b: Venusaur|83/100
|faint|p1a: Farigiraf
|move|p1b: Venusaur|Giga Drain|p2a: Garchomp
|-damage|p2a: Garchomp|46/100
|-heal|p1b: Venusaur|100/100|[from] drain|[of] p2a: Garchomp
|
|upkeep
|
|t:|1782758361
|switch|p1a: Mudsdale|Mudsdale, L50, M|100/100
|turn|4
|
|t:|1782758372
|switch|p2b: Rotom|Rotom-Wash, L50|100/100
|move|p1a: Mudsdale|High Horsepower|p2a: Garchomp
|-damage|p2a: Garchomp|0 fnt
|-damage|p1a: Mudsdale|87/100|[from] ability: Rough Skin|[of] p2a: Garchomp
|faint|p2a: Garchomp
|-damage|p1a: Mudsdale|78/100|[from] item: Life Orb
|move|p1b: Venusaur|Sludge Bomb|p2b: Rotom
|-damage|p2b: Rotom|49/100
|-status|p2b: Rotom|psn
|
|-damage|p2b: Rotom|37/100 psn|[from] psn
|upkeep
|
|t:|1782758386
|switch|p2a: Hydreigon|Hydreigon, L50, M|100/100
|turn|5
|
|t:|1782758395
|move|p2b: Rotom|Protect|p2b: Rotom
|-singleturn|p2b: Rotom|Protect
|move|p2a: Hydreigon|Protect|p2a: Hydreigon
|-singleturn|p2a: Hydreigon|Protect
|move|p1a: Mudsdale|Heavy Slam|p2a: Hydreigon
|-activate|p2a: Hydreigon|move: Protect
|move|p1b: Venusaur|Giga Drain|p2b: Rotom
|-activate|p2b: Rotom|move: Protect
|
|-damage|p2b: Rotom|25/100 psn|[from] psn
|-fieldend|move: Trick Room
|upkeep
|turn|6
|
|t:|1782758413
|move|p2a: Hydreigon|Dark Pulse|p1b: Venusaur
|-damage|p1b: Venusaur|67/100
|move|p2b: Rotom|Hydro Pump|p1a: Mudsdale
|-supereffective|p1a: Mudsdale|1
|-damage|p1a: Mudsdale|0 fnt
|faint|p1a: Mudsdale
|move|p1b: Venusaur|Giga Drain|p2b: Rotom
|-supereffective|p2b: Rotom|1
|-crit|p2b: Rotom
|-damage|p2b: Rotom|0 fnt
|-heal|p1b: Venusaur|77/100|[from] drain|[of] p2b: Rotom
|faint|p2b: Rotom
|
|upkeep
|
|t:|1782758424
|switch|p2b: Sylveon|Sylveon, L50, F|100/100
|switch|p1a: Maushold|Maushold-Four, L50|100/100
|turn|7
|
|t:|1782758435
|move|p2a: Hydreigon|Protect|p2a: Hydreigon
|-singleturn|p2a: Hydreigon|Protect
|move|p1a: Maushold|Population Bomb|p2b: Sylveon
|-damage|p2b: Sylveon|87/100
|-damage|p2b: Sylveon|76/100
|-damage|p2b: Sylveon|64/100
|-damage|p2b: Sylveon|52/100
|-damage|p2b: Sylveon|41/100
|-damage|p2b: Sylveon|28/100
|-damage|p2b: Sylveon|15/100
|-damage|p2b: Sylveon|4/100
|-damage|p2b: Sylveon|0 fnt
|faint|p2b: Sylveon
|-hitcount|p2: Sylveon|9
|move|p1b: Venusaur|Sludge Bomb|p2a: Hydreigon
|-activate|p2a: Hydreigon|move: Protect
|
|upkeep
|turn|8
|-message|is_katabo forfeited.
|
|win|Piedrer
|raw|Piedrer's rating: 1210 → 1235(+25 for winning)
|raw|is_katabo's rating: 1213 → 1188(-25 for losing)
