|j|☆myshirtisdirty
|j|☆ParadoxPerry
|html|myshirtisdirtyParadoxPerry    
|uhtml|bestof|Game 1 of a best-of-3
|t:|1756520698
|gametype|doubles
|player|p1|myshirtisdirty|2|1051
|player|p2|ParadoxPerry|guitarist|1143
|gen|9
|tier|[Gen 9] VGC 2025 Reg H (Bo3)
|rated|
|rule|Species Clause: Limit one of each Pokémon
|rule|Item Clause: Limit 1 of each item
|clearpoke
|poke|p1|Typhlosion-Hisui, L50, M|
|poke|p1|Whimsicott, L50, F|
|poke|p1|Ursaluna-Bloodmoon, L50, M|
|poke|p1|Primarina, L50, F|
|poke|p1|Meowscarada, L50, F|
|poke|p1|Farigiraf, L50, M|
|poke|p2|Gholdengo, L50|
|poke|p2|Rillaboom, L50, M|
|poke|p2|Araquanid, L50, F|
|poke|p2|Pelipper, L50, F|
|poke|p2|Porygon2, L50|
|poke|p2|Ursaluna, L50, M|
|teampreview|4
|showteam|p1|Typhlosion-Hisui||Charcoal|Blaze|Eruption,HeatWave,ShadowBall,Protect|||M|||50|,,,,,Fire]Whimsicott||CovertCloak|Prankster|Tailwind,Moonblast,SunnyDay,Encore|||F|||50|,,,,,Dark]Ursaluna-Bloodmoon||LifeOrb|MindsEye|HyperVoice,BloodMoon,EarthPower,Protect|||M|||50|,,,,,Normal]Primarina||ThroatSpray|LiquidVoice|Moonblast,HyperVoice,Haze,Protect|||F|||50|,,,,,Grass]Meowscarada||FocusSash|Protean|FlowerTrick,KnockOff,Uturn,Protect|||F|||50|,,,,,Grass]Farigiraf||SafetyGoggles|ArmorTail|PsychicNoise,HyperVoice,HelpingHand,TrickRoom|||M|||50|,,,,,Fire
|showteam|p2|Gholdengo||GrassySeed|GoodasGold|NastyPlot,MakeItRain,ShadowBall,Protect||||||50|,,,,,Water]Rillaboom||AssaultVest|GrassySurge|FakeOut,GrassyGlide,DrumBeating,Uturn|||M|||50|,,,,,Fire]Araquanid||SplashPlate|WaterBubble|Liquidation,LeechLife,WideGuard,Protect|||F|||50|,,,,,Water]Pelipper||FocusSash|Drizzle|WeatherBall,Hurricane,Tailwind,Protect|||F|||50|,,,,,Ghost]Porygon2||Eviolite|Download|TeraBlast,IceBeam,TrickRoom,Recover||||||50|,,,,,Fighting]Ursaluna||FlameOrb|Guts|Facade,HeadlongRush,Earthquake,Protect|||M|||50|,,,,,Fairy
|inactive|Battle timer is ON: inactive players will automatically lose when time's up. (requested by ParadoxPerry)
|inactive|myshirtisdirty has 60 seconds left.
|
|t:|1756520754
|teamsize|p1|4
|teamsize|p2|4
|start
|switch|p1a: Whimsicott|Whimsicott, L50, F|100/100
|switch|p1b: Ursaluna|Ursaluna-Bloodmoon, L50, M|100/100
|switch|p2a: Araquanid|Araquanid, L50, F|100/100
|switch|p2b: Porygon2|Porygon2, L50|100/100
|-ability|p2b: Porygon2|Download|boost
|-boost|p2b: Porygon2|spa|1
|turn|1
|inactive|ParadoxPerry has 30 seconds left.
|
|t:|1756520783
|-terastallize|p1b: Ursaluna|Normal
|move|p2a: Araquanid|Protect|p2a: Araquanid
|-singleturn|p2a: Araquanid|Protect
|move|p1a: Whimsicott|Moonblast|p2b: Porygon2
|-damage|p2b: Porygon2|87/100
|move|p1b: Ursaluna|Blood Moon|p2b: Porygon2
|-damage|p2b: Porygon2|26/100
|-damage|p1b: Ursaluna|91/100|[from] item: Life Orb
|move|p2b: Porygon2|Trick Room|p2b: Porygon2
|-fieldstart|move: Trick Room|[of] p2b: Porygon2
|
|upkeep
|turn|2
|inactive|ParadoxPerry has 30 seconds left.
|
|t:|1756520814
|switch|p2a: Ursaluna|Ursaluna, L50, M|100/100
|move|p1a: Whimsicott|Sunny Day|p1a: Whimsicott
|-weather|SunnyDay
|move|p2b: Porygon2|Ice Beam|p1a: Whimsicott
|-supereffective|p1a: Whimsicott
|-damage|p1a: Whimsicott|17/100
|move|p1b: Ursaluna|Hyper Voice|p2b: Porygon2|[spread] p2a,p2b
|-damage|p2a: Ursaluna|45/100
|-damage|p2b: Porygon2|0 fnt
|faint|p2b: Porygon2
|-damage|p1b: Ursaluna|81/100|[from] item: Life Orb
|
|-weather|SunnyDay|[upkeep]
|-status|p2a: Ursaluna|brn|[from] item: Flame Orb
|upkeep
|
|t:|1756520833
|switch|p2b: Rillaboom|Rillaboom, L50, M|100/100
|-fieldstart|move: Grassy Terrain|[from] ability: Grassy Surge|[of] p2b: Rillaboom
|turn|3
|inactive|myshirtisdirty has 30 seconds left.
|
|t:|1756520864
|move|p2b: Rillaboom|Fake Out|p1b: Ursaluna
|-damage|p1b: Ursaluna|70/100
|move|p2a: Ursaluna|Facade|p1a: Whimsicott
|-damage|p1a: Whimsicott|0 fnt
|faint|p1a: Whimsicott
|cant|p1b: Ursaluna|flinch
|
|-weather|SunnyDay|[upkeep]
|-heal|p2a: Ursaluna|51/100 brn|[from] Grassy Terrain
|-heal|p1b: Ursaluna|76/100|[from] Grassy Terrain
|-damage|p2a: Ursaluna|45/100 brn|[from] brn
|upkeep
|
|t:|1756520872
|switch|p1a: Primarina|Primarina, L50, F|100/100
|turn|4
|
|t:|1756520896
|switch|p1a: Typhlosion|Typhlosion-Hisui, L50, M|100/100
|move|p1b: Ursaluna|Protect|p1b: Ursaluna
|-singleturn|p1b: Ursaluna|Protect
|move|p2a: Ursaluna|Facade|p1a: Typhlosion
|-immune|p1a: Typhlosion
|move|p2b: Rillaboom|Drum Beating|p1b: Ursaluna
|-activate|p1b: Ursaluna|move: Protect
|
|-weather|SunnyDay|[upkeep]
|-heal|p2a: Ursaluna|51/100 brn|[from] Grassy Terrain
|-heal|p1b: Ursaluna|82/100|[from] Grassy Terrain
|-damage|p2a: Ursaluna|45/100 brn|[from] brn
|upkeep
|turn|5
|
|t:|1756520914
|switch|p1b: Primarina|Primarina, L50, F|100/100
|switch|p2b: Araquanid|Araquanid, L50, F|100/100
|move|p1a: Typhlosion|Protect|p1a: Typhlosion
|-singleturn|p1a: Typhlosion|Protect
|move|p2a: Ursaluna|Facade|p1b: Primarina
|-damage|p1b: Primarina|0 fnt
|faint|p1b: Primarina
|
|-weather|SunnyDay|[upkeep]
|-heal|p2a: Ursaluna|51/100 brn|[from] Grassy Terrain
|-damage|p2a: Ursaluna|45/100 brn|[from] brn
|-fieldend|move: Trick Room
|upkeep
|
|t:|1756520923
|switch|p1b: Ursaluna|Ursaluna-Bloodmoon, L50, M, tera:Normal|82/100
|turn|6
|inactive|ParadoxPerry has 30 seconds left.
|
|t:|1756520956
|move|p2b: Araquanid|Wide Guard|p2b: Araquanid
|-singleturn|p2b: Araquanid|Wide Guard
|move|p1a: Typhlosion|Shadow Ball|p2b: Araquanid
|-damage|p2b: Araquanid|64/100
|move|p1b: Ursaluna|Blood Moon|p2b: Araquanid
|-damage|p2b: Araquanid|0 fnt
|faint|p2b: Araquanid
|-damage|p1b: Ursaluna|72/100|[from] item: Life Orb
|move|p2a: Ursaluna|Facade|p1b: Ursaluna
|-damage|p1b: Ursaluna|0 fnt
|faint|p1b: Ursaluna
|
|-weather|none
|-heal|p2a: Ursaluna|51/100 brn|[from] Grassy Terrain
|-damage|p2a: Ursaluna|45/100 brn|[from] brn
|upkeep
|
|t:|1756520967
|switch|p2b: Rillaboom|Rillaboom, L50, M|100/100
|turn|7
|
|t:|1756520976
|-terastallize|p2b: Rillaboom|Fire
|move|p1a: Typhlosion|Protect|p1a: Typhlosion
|-singleturn|p1a: Typhlosion|Protect
|move|p2a: Ursaluna|Protect|p2a: Ursaluna
|-singleturn|p2a: Ursaluna|Protect
|move|p2b: Rillaboom|Drum Beating|p1a: Typhlosion
|-activate|p1a: Typhlosion|move: Protect
|
|-heal|p2a: Ursaluna|51/100 brn|[from] Grassy Terrain
|-damage|p2a: Ursaluna|45/100 brn|[from] brn
|-fieldend|move: Grassy Terrain
|upkeep
|turn|8
|
|t:|1756520988
|move|p2a: Ursaluna|Protect||[still]
|-fail|p2a: Ursaluna
|move|p1a: Typhlosion|Eruption|p2b: Rillaboom|[spread] p2a,p2b
|-resisted|p2b: Rillaboom
|-damage|p2a: Ursaluna|0 fnt
|-damage|p2b: Rillaboom|74/100
|faint|p2a: Ursaluna
|move|p2b: Rillaboom|Drum Beating|p1a: Typhlosion
|-resisted|p1a: Typhlosion
|-damage|p1a: Typhlosion|71/100
|-unboost|p1a: Typhlosion|spe|1
|
|upkeep
|turn|9
|
|t:|1756520999
|move|p2b: Rillaboom|Drum Beating|p1a: Typhlosion
|-resisted|p1a: Typhlosion
|-damage|p1a: Typhlosion|42/100
|-unboost|p1a: Typhlosion|spe|1
|move|p1a: Typhlosion|Shadow Ball|p2b: Rillaboom
|-damage|p2b: Rillaboom|42/100
|
|upkeep
|turn|10
|
|t:|1756521012
|move|p2b: Rillaboom|Drum Beating|p1a: Typhlosion
|-resisted|p1a: Typhlosion
|-damage|p1a: Typhlosion|13/100
|-unboost|p1a: Typhlosion|spe|1
|move|p1a: Typhlosion|Shadow Ball|p2b: Rillaboom
|-damage|p2b: Rillaboom|9/100
|
|upkeep
|turn|11
|
|t:|1756521021
|move|p2b: Rillaboom|Drum Beating|p1a: Typhlosion
|-resisted|p1a: Typhlosion
|-damage|p1a: Typhlosion|0 fnt
|faint|p1a: Typhlosion
|
|win|ParadoxPerry
||ParadoxPerry is ready for game 2.
||myshirtisdirty is ready for game 2.
|uhtml|next|Next: Game 2 of 3
|l|☆ParadoxPerry
|player|p2|
