|j|☆godoftoasty
|j|☆pawmifleet
|html|godoftoastypawmifleet    
|uhtml|bestof|Game 2 of a best-of-3
|t:|1784136269
|gametype|doubles
|player|p1|godoftoasty|101|1204
|player|p2|pawmifleet|fisherman-gen4|1197
|gen|9
|tier|[Gen 9 Champions] VGC 2026 Reg M-B (Bo3)
|rated|
|rule|Species Clause: Limit one of each Pokémon
|rule|Item Clause: Limit 1 of each item
|clearpoke
|poke|p1|Gengar, L50, M, shiny|
|poke|p1|Incineroar, L50, F|
|poke|p1|Garchomp, L50, F|
|poke|p1|Ninetales-Alola, L50, F|
|poke|p1|Blaziken, L50, F|
|poke|p1|Kingambit, L50, M|
|poke|p2|Incineroar, L50, M|
|poke|p2|Venusaur, L50, M|
|poke|p2|Charizard, L50, M|
|poke|p2|Garchomp, L50, M|
|poke|p2|Toxapex, L50, M|
|poke|p2|Annihilape, L50, F|
|teampreview|4
|showteam|p1|Gengar||Gengarite|CursedBody|ShadowBall,SludgeBomb,PerishSong,Protect|Timid||M|||50|]Incineroar||SitrusBerry|Intimidate|FakeOut,PartingShot,Protect,FlareBlitz|Impish||F|||50|]Garchomp||LifeOrb|RoughSkin|DragonClaw,StompingTantrum,RockSlide,Protect|Jolly||F|||50|]Ninetales-Alola||FocusSash|SnowWarning|Blizzard,Encore,Disable,Protect|Timid||F|||50|]Blaziken||Blazikenite|SpeedBoost|FlareBlitz,CloseCombat,Coaching,Detect|Adamant||F|||50|]Kingambit||ExpertBelt|Defiant|KowtowCleave,SuckerPunch,IronHead,Protect|Adamant||M|||50|
|showteam|p2|Incineroar||SitrusBerry|Intimidate|FakeOut,ThroatChop,FlareBlitz,PartingShot|Impish||M|||50|]Venusaur||LifeOrb|Chlorophyll|SolarBeam,SludgeBomb,EarthPower,Protect|Modest||M|||50|]Charizard||CharizarditeY|Blaze|HeatWave,WeatherBall,HelpingHand,Protect|Modest||M|||50|]Garchomp||ChoiceScarf|RoughSkin|DragonClaw,Earthquake,RockSlide,StompingTantrum|Adamant||M|||50|]Toxapex||Leftovers|Regenerator|Infestation,Toxic,BanefulBunker,WideGuard|Bold||M|||50|]Annihilape||FocusSash|Defiant|PhantomForce,CloseCombat,RockTomb,Protect|Jolly||F|||50|
|inactive|Battle timer is ON: inactive players will automatically lose when time's up. (requested by pawmifleet)
|inactive|godoftoasty has 60 seconds left.
|inactive|pawmifleet has 60 seconds left.
|inactive|godoftoasty has 30 seconds left.
|
|t:|1784136335
|teamsize|p1|4
|teamsize|p2|4
|start
|switch|p1a: Gengar|Gengar, L50, M, shiny|100/100
|switch|p1b: Ninetales|Ninetales-Alola, L50, F|100/100
|switch|p2a: Annihilape|Annihilape, L50, F|100/100
|switch|p2b: Garchomp|Garchomp, L50, M|100/100
|-weather|Snowscape|[from] ability: Snow Warning|[of] p1b: Ninetales
|turn|1
|
|t:|1784136360
|switch|p2b: Charizard|Charizard, L50, M|100/100
|detailschange|p1a: Gengar|Gengar-Mega, L50, M, shiny
|-mega|p1a: Gengar|Gengar|Gengarite
|move|p1a: Gengar|Protect|p1a: Gengar
|-singleturn|p1a: Gengar|Protect
|move|p1b: Ninetales|Blizzard|p2a: Annihilape|[spread] p2a,p2b
|-damage|p2a: Annihilape|73/100
|-damage|p2b: Charizard|72/100
|move|p2a: Annihilape|Phantom Force||[still]
|-prepare|p2a: Annihilape|Phantom Force
|
|-weather|Snowscape|[upkeep]
|upkeep
|turn|2
|
|t:|1784136378
|switch|p1a: Garchomp|Garchomp, L50, F|100/100
|detailschange|p2b: Charizard|Charizard-Mega-Y, L50, M
|-mega|p2b: Charizard|Charizard|Charizardite Y
|-weather|SunnyDay|[from] ability: Drought|[of] p2b: Charizard
|move|p1b: Ninetales|Protect|p1b: Ninetales
|-singleturn|p1b: Ninetales|Protect
|move|p2a: Annihilape|Phantom Force|p1a: Garchomp|[from] lockedmove
|-damage|p1a: Garchomp|54/100
|-damage|p2a: Annihilape|61/100|[from] ability: Rough Skin|[of] p1a: Garchomp
|move|p2b: Charizard|Heat Wave|p1b: Ninetales|[spread] p1a
|-activate|p1b: Ninetales|move: Protect
|-resisted|p1a: Garchomp|1
|-damage|p1a: Garchomp|23/100
|
|-weather|SunnyDay|[upkeep]
|upkeep
|turn|3
|inactive|godoftoasty has 30 seconds left.
|
|t:|1784136413
|switch|p2b: Garchomp|Garchomp, L50, M|100/100
|move|p2a: Annihilape|Protect|p2a: Annihilape
|-singleturn|p2a: Annihilape|Protect
|move|p1b: Ninetales|Blizzard|p2b: Garchomp|[spread] p2b
|-activate|p2a: Annihilape|move: Protect
|-supereffective|p2b: Garchomp|2
|-damage|p2b: Garchomp|0 fnt
|faint|p2b: Garchomp
|move|p1a: Garchomp|Dragon Claw|p2a: Annihilape
|-activate|p2a: Annihilape|move: Protect
|
|-weather|SunnyDay|[upkeep]
|upkeep
|
|t:|1784136420
|switch|p2b: Venusaur|Venusaur, L50, M|100/100
|turn|4
|
|t:|1784136430
|switch|p1b: Blaziken|Blaziken, L50, F|100/100
|move|p1a: Garchomp|Protect|p1a: Garchomp
|-singleturn|p1a: Garchomp|Protect
|move|p2b: Venusaur|Solar Beam||[still]
|-prepare|p2b: Venusaur|Solar Beam
|-anim|p2b: Venusaur|Solar Beam|p1a: Garchomp
|-activate|p1a: Garchomp|move: Protect
|move|p2a: Annihilape|Rock Tomb|p1b: Blaziken|[miss]
|-miss|p2a: Annihilape|p1b: Blaziken
|
|-weather|SunnyDay|[upkeep]
|upkeep
|turn|5
|
|t:|1784136453
|switch|p1a: Ninetales|Ninetales-Alola, L50, F|100/100
|-weather|Snowscape|[from] ability: Snow Warning|[of] p1a: Ninetales
|move|p2b: Venusaur|Protect|p2b: Venusaur
|-singleturn|p2b: Venusaur|Protect
|move|p2a: Annihilape|Rock Tomb|p1b: Blaziken
|-damage|p1b: Blaziken|72/100
|-unboost|p1b: Blaziken|spe|1
|move|p1b: Blaziken|Flare Blitz|p2b: Venusaur
|-activate|p2b: Venusaur|move: Protect
|
|-weather|Snowscape|[upkeep]
|-ability|p1b: Blaziken|Speed Boost|boost
|-boost|p1b: Blaziken|spe|1
|upkeep
|turn|6
|
|t:|1784136466
|switch|p2b: Charizard|Charizard-Mega-Y, L50, M|72/100
|-weather|SunnyDay|[from] ability: Drought|[of] p2b: Charizard
|move|p1b: Blaziken|Detect|p1b: Blaziken
|-singleturn|p1b: Blaziken|Protect
|move|p1a: Ninetales|Encore||[still]
|-fail|p1a: Ninetales
|move|p2a: Annihilape|Rock Tomb|p1b: Blaziken
|-activate|p1b: Blaziken|move: Protect
|
|-weather|SunnyDay|[upkeep]
|-ability|p1b: Blaziken|Speed Boost|boost
|-boost|p1b: Blaziken|spe|1
|upkeep
|turn|7
|
|t:|1784136487
|move|p1a: Ninetales|Protect|p1a: Ninetales
|-singleturn|p1a: Ninetales|Protect
|move|p1b: Blaziken|Flare Blitz|p2a: Annihilape
|-damage|p2a: Annihilape|0 fnt
|faint|p2a: Annihilape
|-damage|p1b: Blaziken|49/100|[from] Recoil
|move|p2b: Charizard|Heat Wave|p1a: Ninetales|[spread] p1b
|-activate|p1a: Ninetales|move: Protect
|-resisted|p1b: Blaziken|1
|-damage|p1b: Blaziken|1/100
|
|-weather|SunnyDay|[upkeep]
|-ability|p1b: Blaziken|Speed Boost|boost
|-boost|p1b: Blaziken|spe|1
|upkeep
|
|t:|1784136490
|switch|p2a: Venusaur|Venusaur, L50, M|100/100
|turn|8
|
|t:|1784136505
|move|p1b: Blaziken|Detect|p1b: Blaziken
|-singleturn|p1b: Blaziken|Protect
|move|p2a: Venusaur|Sludge Bomb|p1a: Ninetales
|-supereffective|p1a: Ninetales|1
|-enditem|p1a: Ninetales|Focus Sash
|-damage|p1a: Ninetales|1/100
|-damage|p2a: Venusaur|90/100|[from] item: Life Orb
|move|p1a: Ninetales|Disable|p2b: Charizard
|-start|p2b: Charizard|Disable|Heat Wave
|cant|p2b: Charizard|Disable|Heat Wave
|
|-weather|SunnyDay|[upkeep]
|-ability|p1b: Blaziken|Speed Boost|boost
|-boost|p1b: Blaziken|spe|1
|upkeep
|turn|9
|
|t:|1784136515
|move|p1b: Blaziken|Flare Blitz|p2a: Venusaur
|-supereffective|p2a: Venusaur|1
|-damage|p2a: Venusaur|0 fnt
|faint|p2a: Venusaur
|-damage|p1b: Blaziken|0 fnt|[from] Recoil
|faint|p1b: Blaziken
|move|p1a: Ninetales|Encore|p2b: Charizard
|-start|p2b: Charizard|Encore
|cant|p2b: Charizard|Disable|Heat Wave
|
|-weather|SunnyDay|[upkeep]
|upkeep
|
|t:|1784136520
|switch|p1b: Garchomp|Garchomp, L50, F|23/100
|turn|10
|
|t:|1784136523
|move|p1a: Ninetales|Blizzard|p2b: Charizard
|-damage|p2b: Charizard|38/100
|move|p1b: Garchomp|Rock Slide|p2b: Charizard
|-supereffective|p2b: Charizard|2
|-damage|p2b: Charizard|0 fnt
|faint|p2b: Charizard
|-damage|p1b: Garchomp|13/100|[from] item: Life Orb
|
|win|godoftoasty
