|j|☆lettitripppp
|j|☆thaduck
|html|lettitrippppthaduck    
|uhtml|bestof|Game 3 of a best-of-3
|t:|1784076561
|gametype|doubles
|player|p1|lettitripppp|lucas|1337
|player|p2|thaduck|morty|1297
|gen|9
|tier|[Gen 9 Champions] VGC 2026 Reg M-B (Bo3)
|rated|
|rule|Species Clause: Limit one of each Pokémon
|rule|Item Clause: Limit 1 of each item
|clearpoke
|poke|p1|Charizard, L50, F, shiny|
|poke|p1|Basculegion, L50, M, shiny|
|poke|p1|Pelipper, L50, M|
|poke|p1|Venusaur, L50, F|
|poke|p1|Archaludon, L50, M|
|poke|p1|Grimmsnarl, L50, M, shiny|
|poke|p2|Gengar, L50, F|
|poke|p2|Swampert, L50, M|
|poke|p2|Incineroar, L50, M|
|poke|p2|Politoed, L50, M|
|poke|p2|Archaludon, L50, M|
|poke|p2|Vivillon-Fancy, L50, F|
|teampreview|4
|showteam|p1|Charizard||CharizarditeY|Blaze|WeatherBall,SolarBeam,HeatWave,Protect|Modest||F|||50|]Basculegion||ChoiceScarf|Adaptability|LastRespects,WaveCrash,FlipTurn,AquaJet|Jolly||M|||50|]Pelipper||SitrusBerry|Drizzle|WeatherBall,WideGuard,Hurricane,Tailwind|Modest||M|||50|]Venusaur||FocusSash|Chlorophyll|SleepPowder,SludgeBomb,EarthPower,Protect|Modest||F|||50|]Archaludon||Leftovers|Stamina|FlashCannon,DragonPulse,ElectroShot,Protect|Calm||M|||50|]Grimmsnarl||LightClay|Prankster|PartingShot,LightScreen,SpiritBreak,Reflect|Relaxed||M|||50|
|showteam|p2|Gengar||Gengarite|CursedBody|ShadowBall,PerishSong,SludgeBomb,Protect|Timid||F|||50|]Swampert||Swampertite|Torrent|WaveCrash,Earthquake,IcePunch,Protect|Adamant||M|||50|]Incineroar||PasshoBerry|Intimidate|ThroatChop,PartingShot,FakeOut,Protect|Sassy||M|||50|]Politoed||SitrusBerry|Drizzle|WeatherBall,PerishSong,Encore,Protect|Calm||M|||50|]Archaludon||Leftovers|Stamina|DragonPulse,FlashCannon,ElectroShot,Protect|Bold||M|||50|]Vivillon-Fancy||FocusSash|CompoundEyes|Hurricane,SleepPowder,RagePowder,Protect|Timid||F|||50|
|inactive|Battle timer is ON: inactive players will automatically lose when time's up. (requested by lettitripppp)
|
|t:|1784076574
|teamsize|p1|4
|teamsize|p2|4
|start
|switch|p1a: GHOSTWAVE|Basculegion, L50, M, shiny|100/100
|switch|p1b: GO JOHAN|Grimmsnarl, L50, M, shiny|100/100
|switch|p2a: Archaludon|Archaludon, L50, M|100/100
|switch|p2b: Politoed|Politoed, L50, M|100/100
|-weather|RainDance|[from] ability: Drizzle|[of] p2b: Politoed
|turn|1
|
|t:|1784076596
|switch|p1a: BEYOND BRIDGE|Archaludon, L50, M|100/100
|move|p1b: GO JOHAN|Light Screen|p1b: GO JOHAN
|-sidestart|p1: lettitripppp|move: Light Screen
|move|p2a: Archaludon|Electro Shot||[still]
|-prepare|p2a: Archaludon|Electro Shot
|-boost|p2a: Archaludon|spa|1
|-anim|p2a: Archaludon|Electro Shot|p1b: GO JOHAN
|-damage|p1b: GO JOHAN|66/100
|move|p2b: Politoed|Weather Ball|p1b: GO JOHAN
|-damage|p1b: GO JOHAN|33/100
|
|-weather|RainDance|[upkeep]
|upkeep
|turn|2
|inactive|lettitripppp has 30 seconds left.
|inactive|thaduck has 30 seconds left.
|
|t:|1784076624
|move|p2b: Politoed|Protect|p2b: Politoed
|-singleturn|p2b: Politoed|Protect
|move|p1b: GO JOHAN|Parting Shot|p2a: Archaludon
|-unboost|p2a: Archaludon|atk|1
|-unboost|p2a: Archaludon|spa|1
|
|t:|1784076629
|switch|p1b: WET-BEAK|Pelipper, L50, M|100/100|[from] Parting Shot
|move|p1a: BEYOND BRIDGE|Electro Shot||[still]
|-prepare|p1a: BEYOND BRIDGE|Electro Shot
|-boost|p1a: BEYOND BRIDGE|spa|1
|-anim|p1a: BEYOND BRIDGE|Electro Shot|p2b: Politoed
|-activate|p2b: Politoed|move: Protect
|move|p2a: Archaludon|Electro Shot||[still]
|-prepare|p2a: Archaludon|Electro Shot
|-boost|p2a: Archaludon|spa|1
|-anim|p2a: Archaludon|Electro Shot|p1b: WET-BEAK
|-supereffective|p1b: WET-BEAK|2
|-damage|p1b: WET-BEAK|0 fnt
|faint|p1b: WET-BEAK
|
|-weather|RainDance|[upkeep]
|upkeep
|
|t:|1784076634
|switch|p1b: GO JOHAN|Grimmsnarl, L50, M, shiny|33/100
|turn|3
|
|t:|1784076643
|switch|p2b: Vivillon|Vivillon-Fancy, L50, F|100/100
|move|p1b: GO JOHAN|Reflect|p1b: GO JOHAN
|-sidestart|p1: lettitripppp|Reflect
|move|p1a: BEYOND BRIDGE|Electro Shot||[still]
|-prepare|p1a: BEYOND BRIDGE|Electro Shot
|-boost|p1a: BEYOND BRIDGE|spa|1
|-anim|p1a: BEYOND BRIDGE|Electro Shot|p2b: Vivillon
|-supereffective|p2b: Vivillon|1
|-enditem|p2b: Vivillon|Focus Sash
|-damage|p2b: Vivillon|1/100
|move|p2a: Archaludon|Electro Shot||[still]
|-prepare|p2a: Archaludon|Electro Shot
|-boost|p2a: Archaludon|spa|1
|-anim|p2a: Archaludon|Electro Shot|p1b: GO JOHAN
|-damage|p1b: GO JOHAN|0 fnt
|faint|p1b: GO JOHAN
|
|-weather|RainDance|[upkeep]
|upkeep
|
|t:|1784076649
|switch|p1b: GHOSTWAVE|Basculegion, L50, M, shiny|100/100
|turn|4
|
|t:|1784076660
|move|p2b: Vivillon|Rage Powder|p2b: Vivillon
|-singleturn|p2b: Vivillon|move: Rage Powder
|move|p1b: GHOSTWAVE|Last Respects|p2b: Vivillon
|-damage|p2b: Vivillon|0 fnt
|faint|p2b: Vivillon
|move|p1a: BEYOND BRIDGE|Dragon Pulse|p2a: Archaludon
|-damage|p2a: Archaludon|29/100
|-ability|p2a: Archaludon|Stamina|boost
|-boost|p2a: Archaludon|def|1
|move|p2a: Archaludon|Electro Shot||[still]
|-prepare|p2a: Archaludon|Electro Shot
|-boost|p2a: Archaludon|spa|1
|-anim|p2a: Archaludon|Electro Shot|p1b: GHOSTWAVE
|-supereffective|p1b: GHOSTWAVE|1
|-damage|p1b: GHOSTWAVE|0 fnt
|faint|p1b: GHOSTWAVE
|
|-weather|RainDance|[upkeep]
|-heal|p2a: Archaludon|36/100|[from] item: Leftovers
|upkeep
|
|t:|1784076665
|switch|p2b: Gengar|Gengar, L50, F|100/100
|turn|5
|
|t:|1784076672
|detailschange|p2b: Gengar|Gengar-Mega, L50, F
|-mega|p2b: Gengar|Gengar|Gengarite
|move|p2b: Gengar|Perish Song|p2b: Gengar
|-start|p1a: BEYOND BRIDGE|perish3|[silent]
|-start|p2a: Archaludon|perish3|[silent]
|-start|p2b: Gengar|perish3|[silent]
|-fieldactivate|move: Perish Song
|move|p1a: BEYOND BRIDGE|Dragon Pulse|p2a: Archaludon
|-damage|p2a: Archaludon|0 fnt
|faint|p2a: Archaludon
|
|-weather|none
|-start|p2b: Gengar|perish3
|-start|p1a: BEYOND BRIDGE|perish3
|upkeep
|
|t:|1784076677
|switch|p2a: Politoed|Politoed, L50, M|100/100
|-weather|RainDance|[from] ability: Drizzle|[of] p2a: Politoed
|turn|6
|
|t:|1784076681
|move|p2b: Gengar|Protect|p2b: Gengar
|-singleturn|p2b: Gengar|Protect
|move|p2a: Politoed|Protect|p2a: Politoed
|-singleturn|p2a: Politoed|Protect
|move|p1a: BEYOND BRIDGE|Electro Shot||[still]
|-prepare|p1a: BEYOND BRIDGE|Electro Shot
|-boost|p1a: BEYOND BRIDGE|spa|1
|-anim|p1a: BEYOND BRIDGE|Electro Shot|p2a: Politoed
|-activate|p2a: Politoed|move: Protect
|
|-weather|RainDance|[upkeep]
|-start|p2b: Gengar|perish2
|-start|p1a: BEYOND BRIDGE|perish2
|upkeep
|turn|7
|
|t:|1784076689
|move|p2a: Politoed|Protect|p2a: Politoed
|-singleturn|p2a: Politoed|Protect
|move|p2b: Gengar|Shadow Ball|p1a: BEYOND BRIDGE
|-damage|p1a: BEYOND BRIDGE|75/100
|-ability|p1a: BEYOND BRIDGE|Stamina|boost
|-boost|p1a: BEYOND BRIDGE|def|1
|move|p1a: BEYOND BRIDGE|Electro Shot||[still]
|-prepare|p1a: BEYOND BRIDGE|Electro Shot
|-boost|p1a: BEYOND BRIDGE|spa|1
|-anim|p1a: BEYOND BRIDGE|Electro Shot|p2b: Gengar
|-damage|p2b: Gengar|0 fnt
|faint|p2b: Gengar
|
|-weather|RainDance|[upkeep]
|-heal|p1a: BEYOND BRIDGE|81/100|[from] item: Leftovers
|-start|p1a: BEYOND BRIDGE|perish1
|upkeep
|turn|8
|
|t:|1784076701
|move|p2a: Politoed|Protect||[still]
|-fail|p2a: Politoed
|move|p1a: BEYOND BRIDGE|Electro Shot||[still]
|-prepare|p1a: BEYOND BRIDGE|Electro Shot
|-boost|p1a: BEYOND BRIDGE|spa|1
|-anim|p1a: BEYOND BRIDGE|Electro Shot|p2a: Politoed
|-supereffective|p2a: Politoed|1
|-damage|p2a: Politoed|0 fnt
|faint|p2a: Politoed
|
|win|lettitripppp
|raw|lettitripppp's rating: 1337 → 1355(+18 for winning)
|raw|thaduck's rating: 1297 → 1275(-22 for losing)
