|j|☆glotis
|j|☆hugo_0845
|html|glotishugo_0845    
|uhtml|bestof|Game 1 of a best-of-3
|t:|1757779325
|gametype|doubles
|player|p1|glotis|linebacker|1087
|player|p2|hugo_0845|palmer|1143
|gen|9
|tier|[Gen 9] VGC 2025 Reg H (Bo3)
|rated|
|rule|Species Clause: Limit one of each Pokémon
|rule|Item Clause: Limit 1 of each item
|clearpoke
|poke|p1|Chesnaught, L50, F|
|poke|p1|Blaziken, L50, M|
|poke|p1|Swampert, L50, M|
|poke|p1|Salamence, L50, F|
|poke|p1|Incineroar, L50, F|
|poke|p1|Breloom, L50, M|
|poke|p2|Indeedee-F, L50, F|
|poke|p2|Armarouge, L50, F|
|poke|p2|Hatterene, L50, F|
|poke|p2|Torkoal, L50, M|
|poke|p2|Gallade, L50, M|
|poke|p2|Ursaluna, L50, F|
|teampreview|4
|showteam|p1|Chesnaught||Leftovers|Bulletproof|LeechSeed,KnockOff,Coaching,WideGuard|||F|||50|,,,,,Fire]Blaziken||FocusSash|SpeedBoost|BlazeKick,Coaching,Protect,CloseCombat|||M|||50|,,,,,Dark]Swampert||AssaultVest|Torrent|Waterfall,BodyPress,Earthquake,FlipTurn|||M|||50|,,,,,Water]Salamence||ClearAmulet|Intimidate|Protect,DragonClaw,DualWingbeat,Tailwind|||F|||50|,,,,,Steel]Incineroar||SafetyGoggles|Intimidate|FakeOut,KnockOff,PartingShot,FirePunch|||F|||50|,,,,,Bug]Breloom||SitrusBerry|Technician|BulletSeed,Spore,Protect,SwordsDance|||M|||50|,,,,,Dark
|showteam|p2|Indeedee-F||SafetyGoggles|PsychicSurge|AlluringVoice,FollowMe,HelpingHand,TrickRoom|||F|||50|,,,,,Dragon]Armarouge||PowerHerb|FlashFire|ArmorCannon,ExpandingForce,MeteorBeam,Protect|||F|||50|,,,,,Grass]Hatterene||LifeOrb|MagicBounce|ExpandingForce,DazzlingGleam,TrickRoom,Protect|||F|||50|,,,,,Fire]Torkoal||AssaultVest|Drought|Eruption,WeatherBall,EarthPower,ClearSmog|||M|||50|,,,,,Fire]Gallade||ClearAmulet|Sharpness|PsychoCut,SacredSword,WideGuard,TrickRoom|||M|||50|,,,,,Grass]Ursaluna||FlameOrb|Guts|Facade,HeadlongRush,Substitute,Protect|||F|||50|,,,,,Dragon
|inactive|Battle timer is ON: inactive players will automatically lose when time's up. (requested by glotis)
|
|t:|1757779345
|teamsize|p1|4
|teamsize|p2|4
|start
|switch|p1a: Incineroar|Incineroar, L50, F|100/100
|switch|p1b: Chesnaught|Chesnaught, L50, F|100/100
|switch|p2a: Indeedee|Indeedee-F, L50, F, shiny|100/100
|switch|p2b: Hatterene|Hatterene, L50, F|100/100
|-fieldstart|move: Psychic Terrain|[from] ability: Psychic Surge|[of] p2a: Indeedee
|-ability|p1a: Incineroar|Intimidate|boost
|-unboost|p2a: Indeedee|atk|1
|-unboost|p2b: Hatterene|atk|1
|turn|1
|
|t:|1757779365
|-terastallize|p1b: Chesnaught|Fire
|move|p2a: Indeedee|Follow Me|p2a: Indeedee
|-singleturn|p2a: Indeedee|move: Follow Me
|move|p1b: Chesnaught|Leech Seed|p2a: Indeedee
|-start|p2a: Indeedee|move: Leech Seed
|move|p1a: Incineroar|Knock Off|p2a: Indeedee
|-supereffective|p2a: Indeedee
|-damage|p2a: Indeedee|32/100
|-enditem|p2a: Indeedee|Safety Goggles|[from] move: Knock Off|[of] p1a: Incineroar
|move|p2b: Hatterene|Trick Room|p2b: Hatterene
|-fieldstart|move: Trick Room|[of] p2b: Hatterene
|
|-damage|p2a: Indeedee|19/100|[from] Leech Seed|[of] p1b: Chesnaught
|upkeep
|turn|2
|inactive|hugo_0845 has 30 seconds left.
|
|t:|1757779390
|move|p2a: Indeedee|Helping Hand|p2b: Hatterene
|-singleturn|p2b: Hatterene|Helping Hand|[of] p2a: Indeedee
|move|p1b: Chesnaught|Wide Guard|p1b: Chesnaught
|-singleturn|p1b: Chesnaught|Wide Guard
|move|p2b: Hatterene|Dazzling Gleam|p1b: Chesnaught|[spread] 
|-activate|p1a: Incineroar|move: Wide Guard
|-activate|p1b: Chesnaught|move: Wide Guard
|move|p1a: Incineroar|Knock Off|p2b: Hatterene
|-damage|p2b: Hatterene|54/100
|-enditem|p2b: Hatterene|Life Orb|[from] move: Knock Off|[of] p1a: Incineroar
|
|-damage|p2a: Indeedee|7/100|[from] Leech Seed|[of] p1b: Chesnaught
|upkeep
|turn|3
|
|t:|1757779406
|move|p2b: Hatterene|Protect|p2b: Hatterene
|-singleturn|p2b: Hatterene|Protect
|move|p1b: Chesnaught|Wide Guard|p1b: Chesnaught
|-singleturn|p1b: Chesnaught|Wide Guard
|move|p1a: Incineroar|Fire Punch|p2b: Hatterene
|-activate|p2b: Hatterene|move: Protect
|move|p2a: Indeedee|Alluring Voice|p1a: Incineroar
|-damage|p1a: Incineroar|86/100
|
|-damage|p2a: Indeedee|0 fnt|[from] Leech Seed|[of] p1b: Chesnaught
|faint|p2a: Indeedee
|upkeep
|
|t:|1757779416
|switch|p2a: Armarouge|Armarouge, L50, F, shiny|100/100
|turn|4
|
|t:|1757779440
|switch|p1b: Swampert|Swampert, L50, M|100/100
|move|p2b: Hatterene|Dazzling Gleam|p1a: Incineroar|[spread] p1a,p1b
|-damage|p1a: Incineroar|57/100
|-damage|p1b: Swampert|76/100
|move|p1a: Incineroar|Parting Shot|p2b: Hatterene
|move|p2b: Hatterene|Parting Shot|p1a: Incineroar|[from] ability: Magic Bounce
|-unboost|p1a: Incineroar|atk|1
|-unboost|p1a: Incineroar|spa|1
|
|t:|1757779449
|switch|p2b: Torkoal|Torkoal, L50, M|100/100|[from] Parting Shot
|-weather|SunnyDay|[from] ability: Drought|[of] p2b: Torkoal
|move|p2a: Armarouge|Meteor Beam||[still]
|-prepare|p2a: Armarouge|Meteor Beam
|-boost|p2a: Armarouge|spa|1
|-enditem|p2a: Armarouge|Power Herb
|-anim|p2a: Armarouge|Meteor Beam|p1b: Swampert
|-resisted|p1b: Swampert
|-damage|p1b: Swampert|55/100
|
|-weather|SunnyDay|[upkeep]
|upkeep
|turn|5
|
|t:|1757779469
|move|p2b: Torkoal|Earth Power|p1a: Incineroar
|-supereffective|p1a: Incineroar
|-damage|p1a: Incineroar|14/100
|move|p1a: Incineroar|Parting Shot|p2b: Torkoal
|-unboost|p2b: Torkoal|atk|1
|-unboost|p2b: Torkoal|spa|1
|
|t:|1757779476
|switch|p1a: Chesnaught|Chesnaught, L50, F, tera:Fire|100/100|[from] Parting Shot
|move|p1b: Swampert|Flip Turn|p2a: Armarouge
|-supereffective|p2a: Armarouge
|-damage|p2a: Armarouge|69/100
|
|t:|1757779479
|switch|p1b: Incineroar|Incineroar, L50, F|14/100|[from] Flip Turn
|-ability|p1b: Incineroar|Intimidate|boost
|-unboost|p2a: Armarouge|atk|1
|-unboost|p2b: Torkoal|atk|1
|move|p2a: Armarouge|Expanding Force|p1b: Incineroar|[spread] p1a
|-immune|p1b: Incineroar
|-damage|p1a: Chesnaught|3/100
|
|-weather|SunnyDay|[upkeep]
|-heal|p1a: Chesnaught|9/100|[from] item: Leftovers
|-fieldend|move: Trick Room
|-fieldend|move: Psychic Terrain
|upkeep
|turn|6
|inactive|glotis has 30 seconds left.
|
|t:|1757779508
|move|p2a: Armarouge|Protect|p2a: Armarouge
|-singleturn|p2a: Armarouge|Protect
|move|p1b: Incineroar|Fake Out|p2b: Torkoal
|-damage|p2b: Torkoal|92/100
|move|p1a: Chesnaught|Leech Seed|p2a: Armarouge
|-activate|p2a: Armarouge|move: Protect
|cant|p2b: Torkoal|flinch
|
|-weather|SunnyDay|[upkeep]
|-heal|p1a: Chesnaught|15/100|[from] item: Leftovers
|upkeep
|turn|7
|
|t:|1757779525
|move|p2a: Armarouge|Expanding Force|p1a: Chesnaught
|-damage|p1a: Chesnaught|0 fnt
|faint|p1a: Chesnaught
|move|p1b: Incineroar|Parting Shot|p2a: Armarouge
|-unboost|p2a: Armarouge|atk|1
|-unboost|p2a: Armarouge|spa|1
|
|t:|1757779537
|switch|p1b: Swampert|Swampert, L50, M|55/100|[from] Parting Shot
|move|p2b: Torkoal|Earth Power|p1b: Swampert
|-damage|p1b: Swampert|43/100
|
|-weather|SunnyDay|[upkeep]
|upkeep
|
|t:|1757779542
|switch|p1a: Incineroar|Incineroar, L50, F|14/100
|-ability|p1a: Incineroar|Intimidate|boost
|-unboost|p2a: Armarouge|atk|1
|-unboost|p2b: Torkoal|atk|1
|turn|8
|
|t:|1757779560
|switch|p2b: Hatterene|Hatterene, L50, F|54/100
|-terastallize|p2a: Armarouge|Grass
|move|p1a: Incineroar|Fake Out|p2a: Armarouge
|-damage|p2a: Armarouge|57/100
|cant|p2a: Armarouge|flinch
|move|p1b: Swampert|Waterfall|p2b: Hatterene
|-damage|p2b: Hatterene|29/100
|
|-weather|none
|upkeep
|turn|9
|
|t:|1757779585
|move|p2a: Armarouge|Expanding Force|p1b: Swampert
|-damage|p1b: Swampert|12/100
|move|p1b: Swampert|Flip Turn|p2b: Hatterene
|-damage|p2b: Hatterene|0 fnt
|faint|p2b: Hatterene
|
|t:|1757779591
|switch|p1b: Blaziken|Blaziken, L50, M|100/100|[from] Flip Turn
|move|p1a: Incineroar|Fire Punch|p2a: Armarouge
|-start|p2a: Armarouge|ability: Flash Fire
|
|upkeep
|
|t:|1757779594
|switch|p2b: Torkoal|Torkoal, L50, M|92/100
|-weather|SunnyDay|[from] ability: Drought|[of] p2b: Torkoal
|turn|10
|
|t:|1757779609
|move|p1b: Blaziken|Protect|p1b: Blaziken
|-singleturn|p1b: Blaziken|Protect
|move|p2a: Armarouge|Expanding Force|p1b: Blaziken
|-activate|p1b: Blaziken|move: Protect
|move|p1a: Incineroar|Knock Off|p2b: Torkoal
|-damage|p2b: Torkoal|57/100
|-enditem|p2b: Torkoal|Assault Vest|[from] move: Knock Off|[of] p1a: Incineroar
|move|p2b: Torkoal|Earth Power|p1a: Incineroar
|-supereffective|p1a: Incineroar
|-damage|p1a: Incineroar|0 fnt
|faint|p1a: Incineroar
|
|-weather|SunnyDay|[upkeep]
|-ability|p1b: Blaziken|Speed Boost|boost
|-boost|p1b: Blaziken|spe|1
|upkeep
|
|t:|1757779618
|switch|p1a: Swampert|Swampert, L50, M|12/100
|turn|11
|
|t:|1757779636
|move|p1b: Blaziken|Close Combat|p2a: Armarouge
|-damage|p2a: Armarouge|0 fnt
|-unboost|p1b: Blaziken|def|1
|-unboost|p1b: Blaziken|spd|1
|faint|p2a: Armarouge
|move|p1a: Swampert|Waterfall|p2b: Torkoal
|-supereffective|p2b: Torkoal
|-damage|p2b: Torkoal|2/100
|cant|p2b: Torkoal|flinch
|
|-weather|SunnyDay|[upkeep]
|-ability|p1b: Blaziken|Speed Boost|boost
|-boost|p1b: Blaziken|spe|1
|upkeep
|turn|12
|-message|hugo_0845 forfeited.
|
|win|glotis
|l|☆hugo_0845
|player|p2|
||hugo_0845 is ready for game 2.
||glotis is ready for game 2.
|uhtml|next|Next: Game 2 of 3
|l|☆glotis
|player|p1|
