|j|☆M3n_in_black
|j|☆ClumbsyLilBeach
|html|M3n_in_blackClumbsyLilBeach    
|uhtml|bestof|Game 1 of a best-of-3
|t:|1784933181
|gametype|doubles
|player|p1|M3n_in_black|unknown|1055
|player|p2|ClumbsyLilBeach|jasmine|1075
|gen|9
|tier|[Gen 9 Champions] VGC 2026 Reg M-B (Bo3)
|rated|
|rule|Species Clause: Limit one of each Pokémon
|rule|Item Clause: Limit 1 of each item
|clearpoke
|poke|p1|Charizard, L50, M, shiny|
|poke|p1|Pelipper, L50, M, shiny|
|poke|p1|Venusaur, L50, M, shiny|
|poke|p1|Swampert, L50, M, shiny|
|poke|p1|Scrafty, L50, F, shiny|
|poke|p1|Archaludon, L50, M, shiny|
|poke|p2|Charizard, L50, F|
|poke|p2|Pelipper, L50, M|
|poke|p2|Gliscor, L50, F, shiny|
|poke|p2|Talonflame, L50, F|
|poke|p2|Corviknight, L50, M|
|poke|p2|Aerodactyl, L50, F|
|teampreview|4
|showteam|p1|Charizard||CharizarditeY|Blaze|Protect,WillOWisp,HelpingHand,WeatherBall|Calm||M|||50|]Pelipper||FocusSash|Drizzle|Uturn,Tailwind,Hurricane,WeatherBall|Modest||M|||50|]Venusaur||LifeOrb|Chlorophyll|SolarBeam,SludgeBomb,WeatherBall,Growth|Modest||M|||50|]Swampert||Swampertite|Damp|WaveCrash,FlipTurn,Earthquake,Protect|Adamant||M|||50|]Scrafty||RoseliBerry|Intimidate|FakeOut,KnockOff,Encore,Taunt|Adamant||F|||50|]Archaludon||SitrusBerry|Stamina|ElectroShot,FlashCannon,DragonPulse,Protect|Timid||M|||50|
|showteam|p2|Charizard||CharizarditeY|Blaze|Protect,WeatherBall,HeatWave,SolarBeam|Modest||F|||50|]Pelipper||SitrusBerry|Drizzle|WideGuard,Hurricane,Tailwind,WeatherBall|Modest||M|||50|]Gliscor||ChoiceScarf|HyperCutter|Earthquake,RockSlide,Uturn,PoisonJab|Jolly||F|||50|]Talonflame||SharpBeak|GaleWings|DualWingbeat,Tailwind,QuickGuard,Taunt|Jolly||F|||50|]Corviknight||Leftovers|MirrorArmor|BodyPress,IronHead,IronDefense,Protect|Impish||M|||50|]Aerodactyl||FocusSash|Unnerve|RockSlide,IceFang,DualWingbeat,WideGuard|Jolly||F|||50|
|inactive|Battle timer is ON: inactive players will automatically lose when time's up. (requested by ClumbsyLilBeach)
|inactive|M3n_in_black has 60 seconds left.
|inactive|ClumbsyLilBeach has 60 seconds left.
|inactive|M3n_in_black has 30 seconds left.
|inactive|M3n_in_black has 20 seconds left.
|inactive|M3n_in_black has 15 seconds left.
|
|t:|1784933257
|teamsize|p1|4
|teamsize|p2|4
|start
|switch|p1a: Pelipper|Pelipper, L50, M, shiny|100/100
|switch|p1b: Swampert|Swampert, L50, M, shiny|100/100
|switch|p2a: Talonflame|Talonflame, L50, F|100/100
|switch|p2b: Gliscor|Gliscor, L50, F, shiny|100/100
|-weather|RainDance|[from] ability: Drizzle|[of] p1a: Pelipper
|turn|1
|inactive|M3n_in_black has 30 seconds left.
|inactive|M3n_in_black has 20 seconds left.
|inactive|M3n_in_black has 15 seconds left.
|inactive|M3n_in_black has 10 seconds left.
|
|t:|1784933303
|detailschange|p1b: Swampert|Swampert-Mega, L50, M, shiny
|-mega|p1b: Swampert|Swampert|Swampertite
|move|p2a: Talonflame|Tailwind|p2a: Talonflame
|-sidestart|p2: ClumbsyLilBeach|move: Tailwind
|move|p2b: Gliscor|Rock Slide|p1a: Pelipper|[spread] p1a,p1b
|-supereffective|p1a: Pelipper|1
|-resisted|p1b: Swampert|1
|-damage|p1a: Pelipper|61/100
|-damage|p1b: Swampert|93/100
|move|p1b: Swampert|Wave Crash|p2a: Talonflame
|-supereffective|p2a: Talonflame|1
|-damage|p2a: Talonflame|0 fnt
|faint|p2a: Talonflame
|-damage|p1b: Swampert|64/100|[from] Recoil
|cant|p1a: Pelipper|flinch
|
|-weather|RainDance|[upkeep]
|upkeep
|
|t:|1784933320
|switch|p2a: Charizard|Charizard, L50, F|100/100
|turn|2
|inactive|M3n_in_black has 30 seconds left.
|inactive|M3n_in_black has 20 seconds left.
|
|t:|1784933357
|detailschange|p2a: Charizard|Charizard-Mega-Y, L50, F
|-mega|p2a: Charizard|Charizard|Charizardite Y
|-weather|SunnyDay|[from] ability: Drought|[of] p2a: Charizard
|move|p1b: Swampert|Protect|p1b: Swampert
|-singleturn|p1b: Swampert|Protect
|move|p2b: Gliscor|Rock Slide|p1b: Swampert|[spread] p1a
|-activate|p1b: Swampert|move: Protect
|-supereffective|p1a: Pelipper|1
|-damage|p1a: Pelipper|22/100
|move|p2a: Charizard|Weather Ball|p1a: Pelipper
|-resisted|p1a: Pelipper|1
|-damage|p1a: Pelipper|0 fnt
|faint|p1a: Pelipper
|
|-weather|SunnyDay|[upkeep]
|upkeep
|
|t:|1784933370
|switch|p1a: Scrafty|Scrafty, L50, F, shiny|100/100
|-ability|p1a: Scrafty|Intimidate|boost
|-unboost|p2a: Charizard|atk|1
|-fail|p2b: Gliscor|unboost|Attack|[from] ability: Hyper Cutter|[of] p2b: Gliscor
|turn|3
|
|t:|1784933390
|move|p2a: Charizard|Protect|p2a: Charizard
|-singleturn|p2a: Charizard|Protect
|move|p1a: Scrafty|Fake Out|p2a: Charizard
|-activate|p2a: Charizard|move: Protect
|move|p2b: Gliscor|Rock Slide|p1b: Swampert|[spread] p1a,p1b
|-resisted|p1a: Scrafty|1
|-resisted|p1b: Swampert|1
|-damage|p1a: Scrafty|93/100
|-damage|p1b: Swampert|57/100
|move|p1b: Swampert|Wave Crash|p2a: Charizard
|-activate|p2a: Charizard|move: Protect
|
|-weather|SunnyDay|[upkeep]
|upkeep
|turn|4
|
|t:|1784933412
|move|p2b: Gliscor|Rock Slide|p1b: Swampert|[spread] p1a,p1b
|-resisted|p1a: Scrafty|1
|-resisted|p1b: Swampert|1
|-damage|p1a: Scrafty|85/100
|-damage|p1b: Swampert|49/100
|move|p2a: Charizard|Heat Wave|p1b: Swampert|[spread] p1a,p1b
|-resisted|p1b: Swampert|1
|-damage|p1a: Scrafty|16/100
|-damage|p1b: Swampert|14/100
|cant|p1b: Swampert|flinch
|cant|p1a: Scrafty|flinch
|
|-weather|SunnyDay|[upkeep]
|-sideend|p2: ClumbsyLilBeach|move: Tailwind
|upkeep
|turn|5
|inactive|M3n_in_black has 30 seconds left.
|
|t:|1784933446
|switch|p1a: Archaludon|Archaludon, L50, M, shiny|100/100
|move|p2b: Gliscor|Rock Slide|p1a: Archaludon|[spread] p1a,p1b
|-resisted|p1a: Archaludon|1
|-resisted|p1b: Swampert|1
|-damage|p1a: Archaludon|94/100
|-damage|p1b: Swampert|8/100
|-ability|p1a: Archaludon|Stamina|boost
|-boost|p1a: Archaludon|def|1
|move|p2a: Charizard|Weather Ball|p1b: Swampert
|-resisted|p1b: Swampert|1
|-damage|p1b: Swampert|0 fnt
|faint|p1b: Swampert
|
|-weather|SunnyDay|[upkeep]
|upkeep
|
|t:|1784933448
|switch|p1b: Scrafty|Scrafty, L50, F, shiny|16/100
|-ability|p1b: Scrafty|Intimidate|boost
|-unboost|p2a: Charizard|atk|1
|-fail|p2b: Gliscor|unboost|Attack|[from] ability: Hyper Cutter|[of] p2b: Gliscor
|turn|6
|
|t:|1784933468
|switch|p2b: Aerodactyl|Aerodactyl, L50, F|100/100
|-ability|p2b: Aerodactyl|Unnerve
|move|p2a: Charizard|Protect|p2a: Charizard
|-singleturn|p2a: Charizard|Protect
|move|p1b: Scrafty|Fake Out|p2b: Aerodactyl
|-resisted|p2b: Aerodactyl|1
|-damage|p2b: Aerodactyl|89/100
|move|p1a: Archaludon|Flash Cannon|p2b: Aerodactyl
|-supereffective|p2b: Aerodactyl|1
|-damage|p2b: Aerodactyl|0 fnt
|faint|p2b: Aerodactyl
|
|-weather|none
|upkeep
|
|t:|1784933484
|switch|p2b: Gliscor|Gliscor, L50, F, shiny|100/100
|turn|7
|
|t:|1784933494
|move|p2b: Gliscor|Earthquake|p1b: Scrafty|[spread] p1a,p1b
|-immune|p2a: Charizard
|-supereffective|p1a: Archaludon|1
|-damage|p1a: Archaludon|63/100
|-damage|p1b: Scrafty|0 fnt
|-ability|p1a: Archaludon|Stamina|boost
|-boost|p1a: Archaludon|def|1
|faint|p1b: Scrafty
|move|p2a: Charizard|Heat Wave|p1a: Archaludon|[miss]
|-miss|p2a: Charizard|p1a: Archaludon
|move|p1a: Archaludon|Flash Cannon|p2b: Gliscor
|-damage|p2b: Gliscor|56/100
|-unboost|p2b: Gliscor|spd|1
|
|upkeep
|turn|8
|
|t:|1784933508
|move|p2b: Gliscor|Earthquake|p1a: Archaludon|[spread] p1a
|-immune|p2a: Charizard
|-supereffective|p1a: Archaludon|1
|-damage|p1a: Archaludon|42/100
|-ability|p1a: Archaludon|Stamina|boost
|-boost|p1a: Archaludon|def|1
|-enditem|p1a: Archaludon|Sitrus Berry|[eat]
|-heal|p1a: Archaludon|67/100|[from] item: Sitrus Berry
|move|p2a: Charizard|Heat Wave|p1a: Archaludon
|-damage|p1a: Archaludon|9/100
|-ability|p1a: Archaludon|Stamina|boost
|-boost|p1a: Archaludon|def|1
|move|p1a: Archaludon|Electro Shot||[still]
|-prepare|p1a: Archaludon|Electro Shot
|-boost|p1a: Archaludon|spa|1
|
|upkeep
|turn|9
|
|t:|1784933533
|move|p2b: Gliscor|Earthquake|p1a: Archaludon|[spread] p1a
|-immune|p2a: Charizard
|-supereffective|p1a: Archaludon|1
|-damage|p1a: Archaludon|0 fnt
|faint|p1a: Archaludon
|
|win|ClumbsyLilBeach
|l|☆M3n_in_black
|player|p1|
