|j|☆babayaga27
|j|☆Shahrozkhan096
|html|babayaga27Shahrozkhan096    
|uhtml|bestof|Game 2 of a best-of-3
|t:|1785951461
|gametype|doubles
|player|p1|babayaga27|101|
|player|p2|Shahrozkhan096|2|
|gen|9
|tier|[Gen 9 Champions] VGC 2026 Reg M-B (Bo3)
|rule|Species Clause: Limit one of each Pokémon
|rule|Item Clause: Limit 1 of each item
|clearpoke
|poke|p1|Delphox, L50, M, shiny|
|poke|p1|Zoroark-Hisui, L50, F, shiny|
|poke|p1|Kangaskhan, L50, F|
|poke|p1|Mamoswine, L50, F|
|poke|p1|Ninetales-Alola, L50, F, shiny|
|poke|p1|Whimsicott, L50, F, shiny|
|poke|p2|Charizard, L50, F, shiny|
|poke|p2|Tyrantrum, L50, M, shiny|
|poke|p2|Talonflame, L50, M|
|poke|p2|Sinistcha, L50|
|poke|p2|Milotic, L50, M, shiny|
|poke|p2|Machamp, L50, M|
|teampreview|4
|showteam|p1|Delphox||Delphoxite|Blaze|Psychic,NastyPlot,HeatWave,Protect|Modest||M|||50|]Zoroark-Hisui||BrightPowder|Illusion|BitterMalice,HyperVoice,Protect,DarkPulse|Modest||F|||50|]Kangaskhan||SilkScarf|Scrappy|FakeOut,LastResort|Adamant||F|||50|]Mamoswine||LifeOrb|ThickFat|IcicleCrash,Earthquake,Protect,RockSlide|Adamant||F|||50|]Ninetales-Alola||ChoiceScarf|SnowWarning|IceBeam,FreezeDry,Blizzard,Moonblast|Modest||F|||50|]Whimsicott||FocusSash|Prankster|Tailwind,DazzlingGleam,Protect,Encore|Timid||F|||50|
|showteam|p2|Charizard||CharizarditeY|Blaze|HeatWave,WeatherBall,SolarBeam,Protect|Modest||F|||50|]Tyrantrum||ChoiceScarf|RockHead|HeadSmash,RockSlide,DragonClaw,Crunch|Jolly||M|||50|]Talonflame||FocusSash|GaleWings|Tailwind,BraveBird,FlareBlitz,Protect|Adamant||M|||50|]Sinistcha||SitrusBerry|Hospitality|MatchaGotcha,RagePowder,Protect,StrengthSap|Bold|||||50|]Milotic||Leftovers|Competitive|Scald,IceBeam,Protect,Recover|Modest||M|||50|]Machamp||QuickClaw|NoGuard|DynamicPunch,Detect,BrickBreak,StoneEdge|Adamant||M|||50|
|
|t:|1785951511
|teamsize|p1|4
|teamsize|p2|4
|start
|switch|p1a: Mamoswine|Mamoswine, L50, F|100/100
|switch|p1b: Whims|Whimsicott, L50, F, shiny|100/100
|switch|p2a: Talonflame|Talonflame, L50, M|100/100
|switch|p2b: Charizard|Charizard, L50, F, shiny|100/100
|turn|1
|
|t:|1785951557
|switch|p2b: Machamp|Machamp, L50, M|100/100
|move|p1b: Whims|Tailwind|p1b: Whims
|-sidestart|p1: babayaga27|move: Tailwind
|move|p2a: Talonflame|Tailwind|p2a: Talonflame
|-sidestart|p2: Shahrozkhan096|move: Tailwind
|move|p1a: Mamoswine|Rock Slide|p2a: Talonflame|[spread] p2a,p2b
|-supereffective|p2a: Talonflame|2
|-crit|p2a: Talonflame
|-resisted|p2b: Machamp|1
|-crit|p2b: Machamp
|-enditem|p2a: Talonflame|Focus Sash
|-damage|p2a: Talonflame|1/100
|-damage|p2b: Machamp|78/100
|-damage|p1a: Mamoswine|90/100|[from] item: Life Orb
|
|upkeep
|turn|2
|
|t:|1785951590
|move|p1b: Whims|Dazzling Gleam|p2a: Talonflame|[spread] p2a,p2b
|-resisted|p2a: Talonflame|1
|-supereffective|p2b: Machamp|1
|-damage|p2a: Talonflame|0 fnt
|-damage|p2b: Machamp|36/100
|faint|p2a: Talonflame
|move|p1a: Mamoswine|Icicle Crash|p2b: Machamp
|-damage|p2b: Machamp|0 fnt
|faint|p2b: Machamp
|-damage|p1a: Mamoswine|80/100|[from] item: Life Orb
|
|upkeep
|
|t:|1785951601
|switch|p2a: Charizard|Charizard, L50, F, shiny|100/100
|switch|p2b: Tyrantrum|Tyrantrum, L50, M, shiny|100/100
|turn|3
|
|t:|1785951626
|detailschange|p2a: Charizard|Charizard-Mega-Y, L50, F, shiny
|-mega|p2a: Charizard|Charizard|Charizardite Y
|-weather|SunnyDay|[from] ability: Drought|[of] p2a: Charizard
|move|p2b: Tyrantrum|Head Smash|p1a: Mamoswine
|-damage|p1a: Mamoswine|1/100
|move|p1b: Whims|Dazzling Gleam|p2b: Tyrantrum|[spread] p2a,p2b
|-resisted|p2a: Charizard|1
|-supereffective|p2b: Tyrantrum|1
|-damage|p2a: Charizard|92/100
|-damage|p2b: Tyrantrum|42/100
|move|p2a: Charizard|Heat Wave|p1a: Mamoswine|[spread] p1a,p1b
|-supereffective|p1a: Mamoswine|1
|-supereffective|p1b: Whims|1
|-damage|p1a: Mamoswine|0 fnt
|-enditem|p1b: Whims|Focus Sash
|-damage|p1b: Whims|1/100
|faint|p1a: Mamoswine
|
|-weather|SunnyDay|[upkeep]
|upkeep
|
|t:|1785951642
|switch|p1a: Magician|Delphox, L50, M, shiny|100/100
|turn|4
|
|t:|1785951661
|move|p1a: Magician|Protect|p1a: Magician
|-singleturn|p1a: Magician|Protect
|move|p2b: Tyrantrum|Head Smash|p1a: Magician
|-activate|p1a: Magician|move: Protect
|move|p1b: Whims|Dazzling Gleam|p2b: Tyrantrum|[spread] p2a,p2b
|-resisted|p2a: Charizard|1
|-crit|p2a: Charizard
|-supereffective|p2b: Tyrantrum|1
|-damage|p2a: Charizard|80/100
|-damage|p2b: Tyrantrum|0 fnt
|faint|p2b: Tyrantrum
|move|p2a: Charizard|Heat Wave|p1a: Magician|[spread] p1b
|-activate|p1a: Magician|move: Protect
|-supereffective|p1b: Whims|1
|-damage|p1b: Whims|0 fnt
|faint|p1b: Whims
|
|-weather|SunnyDay|[upkeep]
|-sideend|p2: Shahrozkhan096|move: Tailwind
|-sideend|p1: babayaga27|move: Tailwind
|upkeep
|
|t:|1785951672
|switch|p1b: Magician|Delphox, L50, M, shiny|100/100
|turn|5
|
|t:|1785951689
|detailschange|p1b: Magician|Delphox-Mega, L50, M, shiny
|-mega|p1b: Magician|Delphox|Delphoxite
|move|p1b: Magician|Psychic|p2a: Charizard
|-damage|p2a: Charizard|21/100
|move|p2a: Charizard|Heat Wave|p1b: Magician|[spread] p1a,p1b
|-resisted|p1b: Magician|1
|-crit|p1b: Magician
|-damage|p1a: Magician|0 fnt
|-damage|p1b: Magician|47/100
|replace|p1a: Zoroark|Zoroark-Hisui, L50, F, shiny
|-end|p1a: Zoroark|Illusion
|faint|p1a: Zoroark
|
|-weather|SunnyDay|[upkeep]
|upkeep
|turn|6
|
|t:|1785951704
|move|p1b: Magician|Psychic|p2a: Charizard
|-damage|p2a: Charizard|0 fnt
|faint|p2a: Charizard
|
|win|babayaga27
|l|☆Shahrozkhan096
|player|p2|
