|j|☆ExessVGC
|j|☆WilfredVGC
|html|ExessVGCWilfredVGC    
|uhtml|bestof|Game 2 of a best-of-3
|t:|1755538650
|gametype|doubles
|player|p1|ExessVGC|169|1267
|player|p2|WilfredVGC|266|1261
|gen|9
|tier|[Gen 9] VGC 2025 Reg H (Bo3)
|rated|
|rule|Species Clause: Limit one of each Pokémon
|rule|Item Clause: Limit 1 of each item
|clearpoke
|poke|p1|Ursaluna-Bloodmoon, L50, M|
|poke|p1|Whimsicott, L50, F|
|poke|p1|Incineroar, L50, F|
|poke|p1|Rillaboom, L50, F|
|poke|p1|Primarina, L50, M|
|poke|p1|Kingambit, L50, M|
|poke|p2|Charizard, L50, F|
|poke|p2|Torkoal, L50, M|
|poke|p2|Porygon2, L50|
|poke|p2|Incineroar, L50, F|
|poke|p2|Jumpluff, L50, M|
|poke|p2|Ursaluna, L50, F|
|teampreview|4
|showteam|p1|Ursaluna-Bloodmoon||AssaultVest|MindsEye|HyperVoice,BloodMoon,EarthPower,Moonblast|||M|||50|,,,,,Ghost]Whimsicott||CovertCloak|Prankster|Tailwind,Encore,Moonblast,LightScreen|||F|||50|,,,,,Fire]Incineroar||SafetyGoggles|Intimidate|FakeOut,FlareBlitz,KnockOff,PartingShot|||F|||50|,,,,,Ghost]Rillaboom||LifeOrb|GrassySurge|FakeOut,GrassyGlide,WoodHammer,HighHorsepower|||F|||50|,,,,,Fire]Primarina||GrassySeed|LiquidVoice|HyperVoice,Moonblast,Protect,Haze|||M|||50|,,,,,Poison]Kingambit||BlackGlasses|Defiant|KowtowCleave,SuckerPunch,SwordsDance,Protect|||M|||50|,,,,,Dark
|showteam|p2|Charizard||ChoiceSpecs|SolarPower|HeatWave,Overheat,WeatherBall,AirSlash|||F|||50|,,,,,Ghost]Torkoal||EjectPack|Drought|Eruption,Overheat,HelpingHand,Protect|||M|||50|,,,,,Fire]Porygon2||Eviolite|Download|TeraBlast,IceBeam,Recover,TrickRoom||||||50|,,,,,Fighting]Incineroar||SitrusBerry|Intimidate|FlareBlitz,KnockOff,FakeOut,PartingShot|||F|||50|,,,,,Ghost]Jumpluff||CovertCloak|Chlorophyll|SleepPowder,SunnyDay,RagePowder,Tailwind|||M|||50|,,,,,Water]Ursaluna||FlameOrb|Guts|HeadlongRush,Facade,Earthquake,Protect|||F|||50|,,,,,Ghost
|
|t:|1755538668
|teamsize|p1|4
|teamsize|p2|4
|start
|switch|p1a: Ursaluna|Ursaluna-Bloodmoon, L50, M|100/100
|switch|p1b: Whimsicott|Whimsicott, L50, F|100/100
|switch|p2a: Incineroar|Incineroar, L50, F|100/100
|switch|p2b: Jumpluff|Jumpluff, L50, M|100/100
|-ability|p2a: Incineroar|Intimidate|boost
|-unboost|p1a: Ursaluna|atk|1
|-unboost|p1b: Whimsicott|atk|1
|turn|1
|inactive|Battle timer is ON: inactive players will automatically lose when time's up. (requested by ExessVGC)
|inactive|ExessVGC has 60 seconds left.
|
|t:|1755538707
|switch|p1a: Incineroar|Incineroar, L50, F|100/100
|-ability|p1a: Incineroar|Intimidate|boost
|-unboost|p2a: Incineroar|atk|1
|-unboost|p2b: Jumpluff|atk|1
|move|p1b: Whimsicott|Tailwind|p1b: Whimsicott
|-sidestart|p1: ExessVGC|move: Tailwind
|move|p2b: Jumpluff|Sleep Powder|p1a: Incineroar
|-activate|p1a: Incineroar|item: Safety Goggles|Sleep Powder
|move|p2a: Incineroar|Flare Blitz|p1b: Whimsicott
|-supereffective|p1b: Whimsicott
|-damage|p1b: Whimsicott|29/100
|-damage|p2a: Incineroar|81/100|[from] Recoil
|
|upkeep
|turn|2
|inactive|ExessVGC has 30 seconds left.
|inactive|WilfredVGC has 30 seconds left.
|inactive|ExessVGC has 20 seconds left.
|inactive|ExessVGC has 15 seconds left.
|
|t:|1755538752
|switch|p2b: Ursaluna|Ursaluna, L50, F|100/100
|-terastallize|p2a: Incineroar|Ghost
|move|p1b: Whimsicott|Light Screen|p1b: Whimsicott
|-sidestart|p1: ExessVGC|move: Light Screen
|move|p1a: Incineroar|Knock Off|p2b: Ursaluna
|-damage|p2b: Ursaluna|64/100
|-enditem|p2b: Ursaluna|Flame Orb|[from] move: Knock Off|[of] p1a: Incineroar
|move|p2a: Incineroar|Parting Shot|p1a: Incineroar
|-unboost|p1a: Incineroar|atk|1
|-unboost|p1a: Incineroar|spa|1
|
|t:|1755538760
|switch|p2a: Jumpluff|Jumpluff, L50, M|100/100|[from] Parting Shot
|
|upkeep
|turn|3
|inactive|ExessVGC has 30 seconds left.
|
|t:|1755538786
|switch|p1b: Rillaboom|Rillaboom, L50, F|100/100
|-fieldstart|move: Grassy Terrain|[from] ability: Grassy Surge|[of] p1b: Rillaboom
|move|p2a: Jumpluff|Tailwind|p2a: Jumpluff
|-sidestart|p2: WilfredVGC|move: Tailwind
|move|p2b: Ursaluna|Facade|p1b: Rillaboom
|-damage|p1b: Rillaboom|53/100
|move|p1a: Incineroar|Parting Shot|p2b: Ursaluna
|-unboost|p2b: Ursaluna|atk|1
|-unboost|p2b: Ursaluna|spa|1
|
|t:|1755538798
|switch|p1a: Whimsicott|Whimsicott, L50, F|29/100|[from] Parting Shot
|
|-heal|p1a: Whimsicott|35/100|[from] Grassy Terrain
|-heal|p1b: Rillaboom|59/100|[from] Grassy Terrain
|-heal|p2b: Ursaluna|70/100|[from] Grassy Terrain
|upkeep
|turn|4
|
|t:|1755538819
|switch|p2a: Torkoal|Torkoal, L50, M|100/100
|-weather|SunnyDay|[from] ability: Drought|[of] p2a: Torkoal
|switch|p2b: Incineroar|Incineroar, L50, F, tera:Ghost|81/100
|-ability|p2b: Incineroar|Intimidate|boost
|-unboost|p1a: Whimsicott|atk|1
|-unboost|p1b: Rillaboom|atk|1
|move|p1a: Whimsicott|Encore||[still]
|-fail|p1a: Whimsicott
|move|p1b: Rillaboom|Wood Hammer|p2b: Incineroar
|-damage|p2b: Incineroar|5/100
|-enditem|p2b: Incineroar|Sitrus Berry|[eat]
|-heal|p2b: Incineroar|30/100|[from] item: Sitrus Berry
|-damage|p1b: Rillaboom|31/100|[from] Recoil
|-damage|p1b: Rillaboom|22/100|[from] item: Life Orb
|
|-weather|SunnyDay|[upkeep]
|-heal|p1a: Whimsicott|41/100|[from] Grassy Terrain
|-heal|p2b: Incineroar|36/100|[from] Grassy Terrain
|-heal|p1b: Rillaboom|28/100|[from] Grassy Terrain
|-sideend|p1: ExessVGC|move: Tailwind
|upkeep
|turn|5
|
|t:|1755538840
|switch|p1b: Incineroar|Incineroar, L50, F|100/100
|-ability|p1b: Incineroar|Intimidate|boost
|-unboost|p2a: Torkoal|atk|1
|-unboost|p2b: Incineroar|atk|1
|-enditem|p2a: Torkoal|Eject Pack
|
|t:|1755538843
|switch|p2a: Ursaluna|Ursaluna, L50, F|70/100
|move|p1a: Whimsicott|Tailwind|p1a: Whimsicott
|-sidestart|p1: ExessVGC|move: Tailwind
|move|p2b: Incineroar|Knock Off|p1a: Whimsicott
|-resisted|p1a: Whimsicott
|-damage|p1a: Whimsicott|26/100
|-enditem|p1a: Whimsicott|Covert Cloak|[from] move: Knock Off|[of] p2b: Incineroar
|
|-weather|SunnyDay|[upkeep]
|-heal|p1a: Whimsicott|32/100|[from] Grassy Terrain
|-heal|p2b: Incineroar|42/100|[from] Grassy Terrain
|-heal|p2a: Ursaluna|75/100|[from] Grassy Terrain
|upkeep
|turn|6
|inactive|ExessVGC has 30 seconds left.
|
|t:|1755538878
|move|p1a: Whimsicott|Moonblast|p2a: Ursaluna
|-damage|p2a: Ursaluna|47/100
|move|p2b: Incineroar|Flare Blitz|p1a: Whimsicott
|-supereffective|p1a: Whimsicott
|-damage|p1a: Whimsicott|0 fnt
|faint|p1a: Whimsicott
|-damage|p2b: Incineroar|33/100|[from] Recoil
|move|p2a: Ursaluna|Facade|p1b: Incineroar
|-damage|p1b: Incineroar|54/100
|move|p1b: Incineroar|Knock Off|p2b: Incineroar
|-supereffective|p2b: Incineroar
|-damage|p2b: Incineroar|0 fnt
|faint|p2b: Incineroar
|
|-weather|SunnyDay|[upkeep]
|-heal|p2a: Ursaluna|53/100|[from] Grassy Terrain
|-heal|p1b: Incineroar|60/100|[from] Grassy Terrain
|-sideend|p1: ExessVGC|move: Light Screen
|-sideend|p2: WilfredVGC|move: Tailwind
|upkeep
|inactive|WilfredVGC has 30 seconds left.
|
|t:|1755538905
|switch|p1a: Rillaboom|Rillaboom, L50, F|28/100
|switch|p2b: Jumpluff|Jumpluff, L50, M|100/100
|turn|7
|
|t:|1755538918
|switch|p2a: Torkoal|Torkoal, L50, M|100/100
|move|p1a: Rillaboom|Fake Out|p2a: Torkoal
|-damage|p2a: Torkoal|86/100
|-damage|p1a: Rillaboom|18/100|[from] item: Life Orb
|move|p2b: Jumpluff|Tailwind|p2b: Jumpluff
|-sidestart|p2: WilfredVGC|move: Tailwind
|move|p1b: Incineroar|Flare Blitz|p2b: Jumpluff
|-supereffective|p2b: Jumpluff
|-damage|p2b: Jumpluff|0 fnt
|faint|p2b: Jumpluff
|-damage|p1b: Incineroar|29/100|[from] Recoil
|
|-weather|SunnyDay|[upkeep]
|-heal|p1a: Rillaboom|25/100|[from] Grassy Terrain
|-heal|p1b: Incineroar|35/100|[from] Grassy Terrain
|-heal|p2a: Torkoal|92/100|[from] Grassy Terrain
|-fieldend|move: Grassy Terrain
|upkeep
|
|t:|1755538921
|switch|p2b: Ursaluna|Ursaluna, L50, F|53/100
|turn|8
|inactive|ExessVGC has 30 seconds left.
|
|t:|1755538946
|switch|p1a: Ursaluna|Ursaluna-Bloodmoon, L50, M|100/100
|move|p2b: Ursaluna|Protect|p2b: Ursaluna
|-singleturn|p2b: Ursaluna|Protect
|move|p2a: Torkoal|Protect|p2a: Torkoal
|-singleturn|p2a: Torkoal|Protect
|move|p1b: Incineroar|Parting Shot|p2b: Ursaluna
|-activate|p2b: Ursaluna|move: Protect
|
|-weather|none
|-sideend|p1: ExessVGC|move: Tailwind
|upkeep
|turn|9
|inactive|ExessVGC has 30 seconds left.
|inactive|ExessVGC has 20 seconds left.
|
|t:|1755538982
|move|p2b: Ursaluna|Headlong Rush|p1a: Ursaluna
|-damage|p1a: Ursaluna|48/100
|-unboost|p2b: Ursaluna|def|1
|-unboost|p2b: Ursaluna|spd|1
|move|p1a: Ursaluna|Hyper Voice|p2a: Torkoal|[spread] p2a,p2b
|-crit|p2b: Ursaluna
|-damage|p2a: Torkoal|36/100
|-damage|p2b: Ursaluna|0 fnt
|faint|p2b: Ursaluna
|move|p1b: Incineroar|Knock Off|p2a: Torkoal
|-damage|p2a: Torkoal|13/100
|move|p2a: Torkoal|Overheat|p1a: Ursaluna
|-damage|p1a: Ursaluna|4/100
|-unboost|p2a: Torkoal|spa|2
|
|upkeep
|turn|10
|-message|WilfredVGC forfeited.
|
|win|ExessVGC
|raw|ExessVGC's rating: 1267 → 1292(+25 for winning)
|raw|WilfredVGC's rating: 1261 → 1236(-25 for losing)
