|j|☆reecez14
|j|☆HolgerD
|html|reecez14HolgerD    
|uhtml|bestof|Game 1 of a best-of-3
|t:|1757176361
|gametype|doubles
|player|p1|reecez14|nate|1182
|player|p2|HolgerD|1|1430
|gen|9
|tier|[Gen 9] VGC 2025 Reg H (Bo3)
|rated|
|rule|Species Clause: Limit one of each Pokémon
|rule|Item Clause: Limit 1 of each item
|clearpoke
|poke|p1|Armarouge, L50, F|
|poke|p1|Indeedee-F, L50, F|
|poke|p1|Sneasler, L50, F|
|poke|p1|Ursaluna, L50, F|
|poke|p1|Dragapult, L50, M|
|poke|p1|Noivern, L50, M|
|poke|p2|Maushold, L50|
|poke|p2|Pelipper, L50, F|
|poke|p2|Archaludon, L50, M|
|poke|p2|Ursaluna, L50, F|
|poke|p2|Sinistcha, L50|
|poke|p2|Basculegion, L50, M|
|teampreview|4
|showteam|p1|Armarouge||PowerHerb|FlashFire|Protect,ExpandingForce,ArmorCannon,MeteorBeam|||F|||50|,,,,,Grass]Indeedee-F||SitrusBerry|PsychicSurge|FollowMe,TrickRoom,HelpingHand,Psychic|||F|||50|,,,,,Water]Sneasler||PsychicSeed|Unburden|Protect,ThroatChop,DireClaw,CloseCombat|||F|||50|,,,,,Dark]Ursaluna||FlameOrb|Guts|Protect,Facade,Earthquake,HeadlongRush|||F|||50|,,,,,Ghost]Dragapult||ChoiceBand|ClearBody|Uturn,DragonDarts,PsychicFangs,PhantomForce|||M|||50|,,,,,Dragon]Noivern||FocusSash|Telepathy|Protect,Tailwind,SuperFang,AirSlash|||M|||50|,,,,,Ghost
|showteam|p2|Maushold||WideLens|Technician|PopulationBomb,FollowMe,Taunt,Protect||||||50|,,,,,Ghost]Pelipper||FocusSash|Drizzle|Hurricane,MuddyWater,Tailwind,Protect|||F|||50|,,,,,Ghost]Archaludon||AssaultVest|Stamina|DragonPulse,ElectroShot,BodyPress,FlashCannon|||M|||50|,,,,,Bug]Ursaluna||FlameOrb|Guts|Facade,HeadlongRush,Earthquake,Protect|||F|||50|,,,,,Ghost]Sinistcha||SitrusBerry|Hospitality|MatchaGotcha,LifeDew,RagePowder,TrickRoom||||||50|,,,,,Dark]Basculegion||ChoiceBand|SwiftSwim|AquaJet,FlipTurn,LastRespects,WaveCrash|||M|||50|,,,,,Water
|inactive|Battle timer is ON: inactive players will automatically lose when time's up. (requested by reecez14)
|inactive|reecez14 has 60 seconds left.
|inactive|HolgerD has 60 seconds left.
|inactive|HolgerD has 30 seconds left.
|
|t:|1757176429
|teamsize|p1|4
|teamsize|p2|4
|start
|switch|p1a: Noivern|Noivern, L50, M|100/100
|switch|p1b: Sneasler|Sneasler, L50, F|100/100
|switch|p2a: Maushold|Maushold, L50|100/100
|switch|p2b: Basculegion|Basculegion, L50, M|100/100
|turn|1
|inactive|HolgerD has 30 seconds left.
|inactive|HolgerD has 20 seconds left.
|inactive|HolgerD has 15 seconds left.
|inactive|HolgerD has 10 seconds left.
|inactive|HolgerD has 5 seconds left.
|
|t:|1757176484
|-terastallize|p2a: Maushold|Ghost
|move|p1b: Sneasler|Protect|p1b: Sneasler
|-singleturn|p1b: Sneasler|Protect
|move|p1a: Noivern|Tailwind|p1a: Noivern
|-sidestart|p1: reecez14|move: Tailwind
|move|p2a: Maushold|Population Bomb|p1a: Noivern
|-damage|p1a: Noivern|85/100
|-damage|p1a: Noivern|71/100
|-damage|p1a: Noivern|56/100
|-damage|p1a: Noivern|43/100
|-crit|p1a: Noivern
|-damage|p1a: Noivern|19/100
|-crit|p1a: Noivern
|-damage|p1a: Noivern|0 fnt
|faint|p1a: Noivern
|-hitcount|p1: Noivern|6
|move|p2b: Basculegion|Flip Turn|p1b: Sneasler
|-activate|p1b: Sneasler|move: Protect
|
|upkeep
|
|t:|1757176500
|switch|p1a: Armarouge|Armarouge, L50, F|100/100
|turn|2
|
|t:|1757176516
|switch|p1b: Indeedee|Indeedee-F, L50, F|100/100
|-fieldstart|move: Psychic Terrain|[from] ability: Psychic Surge|[of] p1b: Indeedee
|-terastallize|p1a: Armarouge|Grass
|move|p2a: Maushold|Protect|p2a: Maushold
|-singleturn|p2a: Maushold|Protect
|move|p1a: Armarouge|Expanding Force|p2a: Maushold|[spread] p2b
|-activate|p2a: Maushold|move: Protect
|-damage|p2b: Basculegion|30/100
|move|p2b: Basculegion|Flip Turn|p1a: Armarouge
|-resisted|p1a: Armarouge
|-damage|p1a: Armarouge|74/100
|inactive|HolgerD has 30 seconds left.
|
|t:|1757176543
|switch|p2b: Sinistcha|Sinistcha, L50|100/100|[from] Flip Turn
|
|upkeep
|turn|3
|inactive|HolgerD has 30 seconds left.
|
|t:|1757176572
|switch|p2a: Pelipper|Pelipper, L50, F|100/100
|-weather|RainDance|[from] ability: Drizzle|[of] p2a: Pelipper
|move|p1b: Indeedee|Follow Me|p1b: Indeedee
|-singleturn|p1b: Indeedee|move: Follow Me
|move|p1a: Armarouge|Expanding Force|p2a: Pelipper|[spread] p2a,p2b
|-enditem|p2a: Pelipper|Focus Sash
|-damage|p2a: Pelipper|1/100
|-damage|p2b: Sinistcha|41/100
|-enditem|p2b: Sinistcha|Sitrus Berry|[eat]
|-heal|p2b: Sinistcha|66/100|[from] item: Sitrus Berry
|move|p2b: Sinistcha|Trick Room|p2b: Sinistcha
|-fieldstart|move: Trick Room|[of] p2b: Sinistcha
|
|-weather|RainDance|[upkeep]
|upkeep
|turn|4
|inactive|HolgerD has 30 seconds left.
|inactive|HolgerD has 20 seconds left.
|
|t:|1757176611
|move|p1a: Armarouge|Protect|p1a: Armarouge
|-singleturn|p1a: Armarouge|Protect
|move|p2b: Sinistcha|Matcha Gotcha|p1b: Indeedee|[spread] p1b
|-activate|p1a: Armarouge|move: Protect
|-damage|p1b: Indeedee|78/100
|-heal|p2b: Sinistcha|77/100|[from] drain|[of] p1b: Indeedee
|move|p2a: Pelipper|Hurricane|p1b: Indeedee
|-damage|p1b: Indeedee|30/100
|-start|p1b: Indeedee|confusion
|-enditem|p1b: Indeedee|Sitrus Berry|[eat]
|-heal|p1b: Indeedee|55/100|[from] item: Sitrus Berry
|-activate|p1b: Indeedee|confusion
|move|p1b: Indeedee|Psychic|p2a: Pelipper
|-damage|p2a: Pelipper|0 fnt
|faint|p2a: Pelipper
|
|-weather|RainDance|[upkeep]
|-sideend|p1: reecez14|move: Tailwind
|upkeep
|inactive|HolgerD has 30 seconds left.
|
|t:|1757176637
|switch|p2a: Maushold|Maushold, L50, tera:Ghost|100/100
|turn|5
|
|t:|1757176646
|move|p2a: Maushold|Protect|p2a: Maushold
|-singleturn|p2a: Maushold|Protect
|-activate|p1b: Indeedee|confusion
|move|p1b: Indeedee|Follow Me|p1b: Indeedee
|-singleturn|p1b: Indeedee|move: Follow Me
|move|p1a: Armarouge|Expanding Force|p2b: Sinistcha|[spread] p2b
|-activate|p2a: Maushold|move: Protect
|-damage|p2b: Sinistcha|21/100
|move|p2b: Sinistcha|Trick Room|p2b: Sinistcha
|-fieldend|move: Trick Room
|
|-weather|RainDance|[upkeep]
|upkeep
|turn|6
|
|t:|1757176664
|-end|p1b: Indeedee|confusion
|move|p1b: Indeedee|Follow Me|p1b: Indeedee
|-singleturn|p1b: Indeedee|move: Follow Me
|move|p2a: Maushold|Population Bomb|p1b: Indeedee
|-crit|p1b: Indeedee
|-damage|p1b: Indeedee|37/100
|-damage|p1b: Indeedee|27/100
|-damage|p1b: Indeedee|16/100
|-damage|p1b: Indeedee|4/100
|-damage|p1b: Indeedee|0 fnt
|faint|p1b: Indeedee
|-hitcount|p1: Indeedee|5
|move|p1a: Armarouge|Expanding Force|p2a: Maushold|[spread] p2a,p2b
|-damage|p2a: Maushold|0 fnt
|-damage|p2b: Sinistcha|0 fnt
|faint|p2a: Maushold
|faint|p2b: Sinistcha
|
|-weather|RainDance|[upkeep]
|-fieldend|move: Psychic Terrain
|upkeep
|
|t:|1757176681
|switch|p1b: Sneasler|Sneasler, L50, F|100/100
|switch|p2b: Basculegion|Basculegion, L50, M|30/100
|turn|7
|
|t:|1757176693
|move|p1b: Sneasler|Protect|p1b: Sneasler
|-singleturn|p1b: Sneasler|Protect
|move|p1a: Armarouge|Protect|p1a: Armarouge
|-singleturn|p1a: Armarouge|Protect
|move|p2b: Basculegion|Last Respects|p1b: Sneasler
|-activate|p1b: Sneasler|move: Protect
|
|-weather|none
|upkeep
|turn|8
|
|t:|1757176704
|move|p1b: Sneasler|Throat Chop|p2b: Basculegion
|-supereffective|p2b: Basculegion
|-damage|p2b: Basculegion|0 fnt
|faint|p2b: Basculegion
|
|win|reecez14
||reecez14 is ready for game 2.
||HolgerD is ready for game 2.
|uhtml|next|Next: Game 2 of 3
