|j|☆predahound
|j|☆fookinraw42
|html|predahoundfookinraw42    
|uhtml|bestof|Game 1 of a best-of-3
|t:|1756335692
|gametype|doubles
|player|p1|predahound|volkner|1182
|player|p2|fookinraw42|flannery|1193
|gen|9
|tier|[Gen 9] VGC 2025 Reg H (Bo3)
|rated|
|rule|Species Clause: Limit one of each Pokémon
|rule|Item Clause: Limit 1 of each item
|clearpoke
|poke|p1|Ursaluna-Bloodmoon, L50, M|
|poke|p1|Rillaboom, L50, M|
|poke|p1|Incineroar, L50, M|
|poke|p1|Electabuzz, L50, F|
|poke|p1|Annihilape, L50, F|
|poke|p1|Pelipper, L50, F|
|poke|p2|Gholdengo, L50|
|poke|p2|Amoonguss, L50, M|
|poke|p2|Basculegion, L50, M|
|poke|p2|Incineroar, L50, M|
|poke|p2|Archaludon, L50, M|
|poke|p2|Pelipper, L50, M|
|teampreview|4
|showteam|p1|Ursaluna-Bloodmoon||Leftovers|MindsEye|HyperVoice,EarthPower,CalmMind,Protect|||M|||50|,,,,,Normal]Rillaboom||AssaultVest|GrassySurge|FakeOut,GrassyGlide,KnockOff,Uturn|||M|||50|,,,,,Fire]Incineroar||FigyBerry|Intimidate|FakeOut,KnockOff,PartingShot,WillOWisp|||M|||50|,,,,,Dragon]Electabuzz||Eviolite|VitalSpirit|Electroweb,FollowMe,EerieImpulse,Protect|||F|||50|,,,,,Ghost]Annihilape||SafetyGoggles|Defiant|DrainPunch,RageFist,BulkUp,Protect|||F|||50|,,,,,Poison]Pelipper||FocusSash|Drizzle|MuddyWater,Hurricane,Tailwind,Protect|||F|||50|,,,,,Ground
|showteam|p2|Gholdengo||LifeOrb|GoodasGold|MakeItRain,ShadowBall,NastyPlot,Protect||||||50|,,,,,Water]Amoonguss||SitrusBerry|Regenerator|Spore,RagePowder,PollenPuff,ClearSmog|||M|||50|,,,,,Electric]Basculegion||ChoiceBand|SwiftSwim|WaveCrash,FlipTurn,AquaJet,LastRespects|||M|||50|,,,,,Water]Incineroar||SafetyGoggles|Intimidate|KnockOff,PartingShot,WillOWisp,FakeOut|||M|||50|,,,,,Ghost]Archaludon||AssaultVest|Stamina|FlashCannon,DracoMeteor,ElectroShot,BodyPress|||M|||50|,,,,,Bug]Pelipper||CovertCloak|Drizzle|WeatherBall,Hurricane,Tailwind,Protect|||M|||50|,,,,,Dragon
|inactive|Battle timer is ON: inactive players will automatically lose when time's up. (requested by fookinraw42)
|inactive|fookinraw42 has 60 seconds left.
|inactive|fookinraw42 has 30 seconds left.
|inactive|fookinraw42 has 20 seconds left.
|
|t:|1756335766
|teamsize|p1|4
|teamsize|p2|4
|start
|switch|p1a: Ursaluna|Ursaluna-Bloodmoon, L50, M|100/100
|switch|p1b: Electabuzz|Electabuzz, L50, F|100/100
|switch|p2a: Amoonguss|Amoonguss, L50, M|100/100
|switch|p2b: Gholdengo|Gholdengo, L50|100/100
|turn|1
|inactive|fookinraw42 has 30 seconds left.
|inactive|predahound has 30 seconds left.
|
|t:|1756335805
|move|p1a: Ursaluna|Protect|p1a: Ursaluna
|-singleturn|p1a: Ursaluna|Protect
|move|p2b: Gholdengo|Shadow Ball|p1b: Electabuzz
|-damage|p1b: Electabuzz|61/100
|-damage|p2b: Gholdengo|91/100|[from] item: Life Orb
|move|p1b: Electabuzz|Electroweb|p2b: Gholdengo|[spread] p2a,p2b
|-resisted|p2a: Amoonguss
|-crit|p2b: Gholdengo
|-damage|p2a: Amoonguss|94/100
|-damage|p2b: Gholdengo|66/100
|-unboost|p2a: Amoonguss|spe|1
|-unboost|p2b: Gholdengo|spe|1
|move|p2a: Amoonguss|Spore|p1a: Ursaluna
|-activate|p1a: Ursaluna|move: Protect
|
|upkeep
|turn|2
|
|t:|1756335829
|move|p1b: Electabuzz|Follow Me|p1b: Electabuzz
|-singleturn|p1b: Electabuzz|move: Follow Me
|move|p2a: Amoonguss|Rage Powder|p2a: Amoonguss
|-singleturn|p2a: Amoonguss|move: Rage Powder
|move|p2b: Gholdengo|Nasty Plot|p2b: Gholdengo
|-boost|p2b: Gholdengo|spa|2
|move|p1a: Ursaluna|Calm Mind|p1a: Ursaluna
|-boost|p1a: Ursaluna|spa|1
|-boost|p1a: Ursaluna|spd|1
|
|upkeep
|turn|3
|
|t:|1756335850
|switch|p2a: Pelipper|Pelipper, L50, M|100/100
|-weather|RainDance|[from] ability: Drizzle|[of] p2a: Pelipper
|move|p1a: Ursaluna|Protect|p1a: Ursaluna
|-singleturn|p1a: Ursaluna|Protect
|move|p1b: Electabuzz|Electroweb|p2b: Gholdengo|[spread] p2a,p2b
|-supereffective|p2a: Pelipper
|-crit|p2a: Pelipper
|-damage|p2a: Pelipper|0 fnt
|-damage|p2b: Gholdengo|50/100
|-unboost|p2b: Gholdengo|spe|1
|faint|p2a: Pelipper
|move|p2b: Gholdengo|Make It Rain|p1b: Electabuzz|[spread] p1b
|-activate|p1a: Ursaluna|move: Protect
|-resisted|p1b: Electabuzz
|-damage|p1b: Electabuzz|20/100
|-unboost|p2b: Gholdengo|spa|1
|-damage|p2b: Gholdengo|40/100|[from] item: Life Orb
|
|-weather|RainDance|[upkeep]
|upkeep
|
|t:|1756335868
|switch|p2a: Basculegion|Basculegion, L50, M|100/100
|turn|4
|
|t:|1756335876
|move|p1b: Electabuzz|Follow Me|p1b: Electabuzz
|-singleturn|p1b: Electabuzz|move: Follow Me
|move|p2a: Basculegion|Flip Turn|p1b: Electabuzz
|-damage|p1b: Electabuzz|0 fnt
|faint|p1b: Electabuzz
|
|t:|1756335881
|switch|p2a: Amoonguss|Amoonguss, L50, M|100/100|[from] Flip Turn
|move|p1a: Ursaluna|Hyper Voice|p2a: Amoonguss|[spread] p2a,p2b
|-resisted|p2b: Gholdengo
|-damage|p2a: Amoonguss|58/100
|-damage|p2b: Gholdengo|11/100
|move|p2b: Gholdengo|Make It Rain|p1a: Ursaluna
|-damage|p1a: Ursaluna|20/100
|-unboost|p2b: Gholdengo|spa|1
|-damage|p2b: Gholdengo|2/100|[from] item: Life Orb
|
|-weather|RainDance|[upkeep]
|-heal|p1a: Ursaluna|26/100|[from] item: Leftovers
|upkeep
|
|t:|1756335893
|switch|p1b: Incineroar|Incineroar, L50, M|100/100
|-ability|p1b: Incineroar|Intimidate|boost
|-unboost|p2a: Amoonguss|atk|1
|-unboost|p2b: Gholdengo|atk|1
|turn|5
|inactive|predahound has 30 seconds left.
|
|t:|1756335919
|switch|p1b: Rillaboom|Rillaboom, L50, M|100/100
|-fieldstart|move: Grassy Terrain|[from] ability: Grassy Surge|[of] p1b: Rillaboom
|switch|p2b: Basculegion|Basculegion, L50, M|100/100
|move|p1a: Ursaluna|Protect|p1a: Ursaluna
|-singleturn|p1a: Ursaluna|Protect
|move|p2a: Amoonguss|Spore|p1b: Rillaboom
|-immune|p1b: Rillaboom
|
|-weather|RainDance|[upkeep]
|-heal|p1a: Ursaluna|32/100|[from] Grassy Terrain
|-heal|p1a: Ursaluna|38/100|[from] item: Leftovers
|-heal|p2a: Amoonguss|64/100|[from] Grassy Terrain
|upkeep
|turn|6
|inactive|fookinraw42 has 30 seconds left.
|
|t:|1756335953
|switch|p2a: Gholdengo|Gholdengo, L50|2/100
|move|p1b: Rillaboom|Grassy Glide|p2b: Basculegion
|-supereffective|p2b: Basculegion
|-damage|p2b: Basculegion|11/100
|move|p2b: Basculegion|Flip Turn|p1a: Ursaluna
|-supereffective|p1a: Ursaluna
|-damage|p1a: Ursaluna|0 fnt
|faint|p1a: Ursaluna
|
|t:|1756335969
|switch|p2b: Amoonguss|Amoonguss, L50, M|97/100|[from] Flip Turn
|
|-weather|RainDance|[upkeep]
|-heal|p2a: Gholdengo|8/100|[from] Grassy Terrain
|-heal|p2b: Amoonguss|100/100|[from] Grassy Terrain
|upkeep
|
|t:|1756335974
|switch|p1a: Incineroar|Incineroar, L50, M|100/100
|-ability|p1a: Incineroar|Intimidate|boost
|-unboost|p2a: Gholdengo|atk|1
|-unboost|p2b: Amoonguss|atk|1
|turn|7
|
|t:|1756335996
|move|p2a: Gholdengo|Protect|p2a: Gholdengo
|-singleturn|p2a: Gholdengo|Protect
|move|p1a: Incineroar|Fake Out|p2b: Amoonguss
|-damage|p2b: Amoonguss|91/100
|move|p1b: Rillaboom|Grassy Glide|p2a: Gholdengo
|-activate|p2a: Gholdengo|move: Protect
|cant|p2b: Amoonguss|flinch
|
|-weather|none
|-heal|p2a: Gholdengo|14/100|[from] Grassy Terrain
|-heal|p2b: Amoonguss|97/100|[from] Grassy Terrain
|upkeep
|turn|8
|
|t:|1756336016
|move|p2a: Gholdengo|Protect||[still]
|-fail|p2a: Gholdengo
|move|p1b: Rillaboom|Grassy Glide|p2a: Gholdengo
|-resisted|p2a: Gholdengo
|-damage|p2a: Gholdengo|0 fnt
|faint|p2a: Gholdengo
|move|p1a: Incineroar|Knock Off|p2b: Amoonguss
|-damage|p2b: Amoonguss|68/100
|-enditem|p2b: Amoonguss|Sitrus Berry|[from] move: Knock Off|[of] p1a: Incineroar
|move|p2b: Amoonguss|Spore|p1a: Incineroar
|-status|p1a: Incineroar|slp|[from] move: Spore
|
|-heal|p2b: Amoonguss|74/100|[from] Grassy Terrain
|upkeep
|
|t:|1756336020
|switch|p2a: Basculegion|Basculegion, L50, M|11/100
|turn|9
|
|t:|1756336034
|-terastallize|p1a: Incineroar|Dragon
|move|p1b: Rillaboom|Grassy Glide|p2a: Basculegion
|-supereffective|p2a: Basculegion
|-damage|p2a: Basculegion|0 fnt
|faint|p2a: Basculegion
|cant|p1a: Incineroar|slp
|move|p2b: Amoonguss|Pollen Puff|p1b: Rillaboom
|-supereffective|p1b: Rillaboom
|-damage|p1b: Rillaboom|77/100
|
|-heal|p1b: Rillaboom|83/100|[from] Grassy Terrain
|-heal|p2b: Amoonguss|80/100|[from] Grassy Terrain
|-fieldend|move: Grassy Terrain
|upkeep
|turn|10
|
|t:|1756336057
|move|p2b: Amoonguss|Rage Powder|p2b: Amoonguss
|-singleturn|p2b: Amoonguss|move: Rage Powder
|move|p1b: Rillaboom|U-turn|p2b: Amoonguss
|-damage|p2b: Amoonguss|63/100
|-curestatus|p1a: Incineroar|slp|[msg]
|move|p1a: Incineroar|Will-O-Wisp|p2b: Amoonguss
|-status|p2b: Amoonguss|brn
|
|-damage|p2b: Amoonguss|57/100 brn|[from] brn
|upkeep
|turn|11
|
|t:|1756336073
|move|p1b: Rillaboom|U-turn|p2b: Amoonguss
|-damage|p2b: Amoonguss|39/100 brn
|move|p1a: Incineroar|Parting Shot|p2b: Amoonguss
|-unboost|p2b: Amoonguss|atk|1
|-unboost|p2b: Amoonguss|spa|1
|move|p2b: Amoonguss|Spore|p1a: Incineroar
|-status|p1a: Incineroar|slp|[from] move: Spore
|
|-damage|p2b: Amoonguss|33/100 brn|[from] brn
|upkeep
|turn|12
|
|t:|1756336090
|move|p1b: Rillaboom|U-turn|p2b: Amoonguss
|-damage|p2b: Amoonguss|14/100 brn
|cant|p1a: Incineroar|slp
|move|p2b: Amoonguss|Pollen Puff|p1b: Rillaboom
|-supereffective|p1b: Rillaboom
|-crit|p1b: Rillaboom
|-damage|p1b: Rillaboom|44/100
|
|-damage|p2b: Amoonguss|8/100 brn|[from] brn
|upkeep
|turn|13
|
|t:|1756336102
|move|p1b: Rillaboom|U-turn|p2b: Amoonguss
|-damage|p2b: Amoonguss|0 fnt
|faint|p2b: Amoonguss
|
|win|predahound
||fookinraw42 is ready for game 2.
||predahound is ready for game 2.
|uhtml|next|Next: Game 2 of 3
