|j|☆Pelosis
|j|☆devinlewisd
|html|Pelosisdevinlewisd    
|uhtml|bestof|Game 1 of a best-of-3
|t:|1784642192
|gametype|doubles
|player|p1|Pelosis|170|1157
|player|p2|devinlewisd|hiker-gen4|1055
|gen|9
|tier|[Gen 9 Champions] VGC 2026 Reg M-B (Bo3)
|rated|
|rule|Species Clause: Limit one of each Pokémon
|rule|Item Clause: Limit 1 of each item
|clearpoke
|poke|p1|Mawile, L50, M|
|poke|p1|Farigiraf, L50, M|
|poke|p1|Incineroar, L50, M|
|poke|p1|Torkoal, L50, F|
|poke|p1|Venusaur, L50, F|
|poke|p1|Scrafty, L50, F|
|poke|p2|Torkoal, L50, M|
|poke|p2|Farigiraf, L50, M|
|poke|p2|Heracross, L50, M|
|poke|p2|Swampert, L50, F|
|poke|p2|Kingambit, L50, M|
|poke|p2|Aromatisse, L50, F|
|teampreview|4
|showteam|p1|Mawile||Mawilite|HyperCutter|Protect,PlayRough,RockSlide,SuckerPunch|Brave||M|||50|]Farigiraf||SitrusBerry|ArmorTail|TrickRoom,TwinBeam,Thunderbolt,HelpingHand|Quiet||M|||50|]Incineroar||WhiteHerb|Intimidate|FakeOut,CloseCombat,FlareBlitz,DarkestLariat|Brave||M|||50|]Torkoal||Charcoal|Drought|Protect,Eruption,HeatWave,WeatherBall|Quiet||F|||50|]Venusaur||FocusSash|Chlorophyll|SleepPowder,EarthPower,EnergyBall,SludgeBomb|Modest||F|||50|]Scrafty||Scraftinite|Intimidate|FakeOut,CloseCombat,KnockOff,IcePunch|Brave||F|||50|
|showteam|p2|Torkoal||Charcoal|Drought|Eruption,HeatWave,HelpingHand,Protect|Quiet||M|||50|]Farigiraf||MentalHerb|ArmorTail|TrickRoom,HelpingHand,Thunderbolt,Psychic|Bold||M|||50|]Heracross||Heracronite|Guts|RockBlast,PinMissile,Detect,CloseCombat|Brave||M|||50|]Swampert||Swampertite|Torrent|WaveCrash,Protect,HighHorsepower,IcePunch|Adamant||F|||50|]Kingambit||BlackGlasses|Defiant|IronHead,KowtowCleave,SuckerPunch,Protect|Brave||M|||50|]Aromatisse||SitrusBerry|AromaVeil|TrickRoom,DrainingKiss,Protect,HelpingHand|Sassy||F|||50|
|inactive|Battle timer is ON: inactive players will automatically lose when time's up. (requested by devinlewisd)
|inactive|Pelosis has 60 seconds left.
|inactive|devinlewisd has 60 seconds left.
|inactive|Pelosis has 30 seconds left.
|inactive|Pelosis has 20 seconds left.
|inactive|Pelosis has 15 seconds left.
|inactive|Pelosis has 10 seconds left.
|inactive|Pelosis has 5 seconds left.
|
|t:|1784642279
|teamsize|p1|4
|teamsize|p2|4
|start
|switch|p1a: Farigiraf|Farigiraf, L50, M|100/100
|switch|p1b: Incineroar|Incineroar, L50, M|100/100
|switch|p2a: Torkoal|Torkoal, L50, M|100/100
|switch|p2b: Farigiraf|Farigiraf, L50, M|100/100
|-ability|p1b: Incineroar|Intimidate|boost
|-unboost|p2a: Torkoal|atk|1
|-unboost|p2b: Farigiraf|atk|1
|-weather|SunnyDay|[from] ability: Drought|[of] p2a: Torkoal
|turn|1
|inactive|devinlewisd has 30 seconds left.
|inactive|devinlewisd has 20 seconds left.
|inactive|devinlewisd has 15 seconds left.
|
|t:|1784642319
|move|p1a: Farigiraf|Helping Hand|p1b: Incineroar
|-singleturn|p1b: Incineroar|Helping Hand|[of] p1a: Farigiraf
|move|p2b: Farigiraf|Thunderbolt|p1b: Incineroar
|-damage|p1b: Incineroar|75/100
|move|p1b: Incineroar|Darkest Lariat|p2b: Farigiraf
|-supereffective|p2b: Farigiraf|1
|-damage|p2b: Farigiraf|0 fnt
|faint|p2b: Farigiraf
|move|p2a: Torkoal|Eruption|p1a: Farigiraf|[spread] p1a,p1b
|-resisted|p1b: Incineroar|1
|-damage|p1a: Farigiraf|24/100
|-damage|p1b: Incineroar|34/100
|-enditem|p1a: Farigiraf|Sitrus Berry|[eat]
|-heal|p1a: Farigiraf|49/100|[from] item: Sitrus Berry
|
|-weather|SunnyDay|[upkeep]
|upkeep
|
|t:|1784642341
|switch|p2b: Heracross|Heracross, L50, M|100/100
|turn|2
|inactive|Pelosis has 30 seconds left.
|inactive|Pelosis has 20 seconds left.
|inactive|Pelosis has 15 seconds left.
|inactive|Pelosis has 10 seconds left.
|
|t:|1784642386
|detailschange|p2b: Heracross|Heracross-Mega, L50, M
|-mega|p2b: Heracross|Heracross|Heracronite
|move|p2b: Heracross|Rock Blast|p1b: Incineroar
|-supereffective|p1b: Incineroar|1
|-crit|p1b: Incineroar
|-damage|p1b: Incineroar|0 fnt
|faint|p1b: Incineroar
|-hitcount|p1: Incineroar|1
|move|p1a: Farigiraf|Twin Beam|p2a: Torkoal
|-damage|p2a: Torkoal|75/100
|-damage|p2a: Torkoal|51/100
|-hitcount|p2a: Torkoal|2
|move|p2a: Torkoal|Heat Wave|p1a: Farigiraf
|-damage|p1a: Farigiraf|0 fnt
|faint|p1a: Farigiraf
|
|-weather|SunnyDay|[upkeep]
|upkeep
|
|t:|1784642400
|switch|p1a: Torkoal|Torkoal, L50, F|100/100
|switch|p1b: Scrafty|Scrafty, L50, F|100/100
|-ability|p1b: Scrafty|Intimidate|boost
|-unboost|p2a: Torkoal|atk|1
|-unboost|p2b: Heracross|atk|1
|turn|3
|inactive|devinlewisd has 30 seconds left.
|
|t:|1784642431
|detailschange|p1b: Scrafty|Scrafty-Mega, L50, F
|-mega|p1b: Scrafty|Scrafty|Scraftinite
|-ability|p1b: Scrafty|Intimidate|boost
|-unboost|p2a: Torkoal|atk|1
|-unboost|p2b: Heracross|atk|1
|move|p2b: Heracross|Detect|p2b: Heracross
|-singleturn|p2b: Heracross|Protect
|move|p2a: Torkoal|Protect|p2a: Torkoal
|-singleturn|p2a: Torkoal|Protect
|move|p1b: Scrafty|Fake Out|p2b: Heracross
|-activate|p2b: Heracross|move: Protect
|move|p1a: Torkoal|Eruption|p2a: Torkoal|[spread] 
|-activate|p2a: Torkoal|move: Protect
|-activate|p2b: Heracross|move: Protect
|
|-weather|SunnyDay|[upkeep]
|upkeep
|turn|4
|inactive|Pelosis has 30 seconds left.
|
|t:|1784642461
|move|p2b: Heracross|Rock Blast|p1a: Torkoal
|-supereffective|p1a: Torkoal|1
|-damage|p1a: Torkoal|90/100
|-supereffective|p1a: Torkoal|1
|-damage|p1a: Torkoal|79/100
|-supereffective|p1a: Torkoal|1
|-crit|p1a: Torkoal
|-damage|p1a: Torkoal|48/100
|-supereffective|p1a: Torkoal|1
|-damage|p1a: Torkoal|37/100
|-supereffective|p1a: Torkoal|1
|-damage|p1a: Torkoal|27/100
|-hitcount|p1a: Torkoal|5
|move|p1b: Scrafty|Close Combat|p2a: Torkoal
|-damage|p2a: Torkoal|0 fnt
|-unboost|p1b: Scrafty|def|1
|-unboost|p1b: Scrafty|spd|1
|faint|p2a: Torkoal
|move|p1a: Torkoal|Weather Ball|p2b: Heracross
|-supereffective|p2b: Heracross|1
|-damage|p2b: Heracross|0 fnt
|faint|p2b: Heracross
|
|-weather|SunnyDay|[upkeep]
|upkeep
|
|t:|1784642478
|switch|p2b: Kingambit|Kingambit, L50, M|100/100
|turn|5
|-message|devinlewisd forfeited.
|
|win|Pelosis
|l|☆devinlewisd
|player|p2|
