|j|☆sbhaga34
|j|☆LastHorzion
|html|sbhaga34LastHorzion    
|uhtml|bestof|Game 1 of a best-of-3
|t:|1756960060
|gametype|doubles
|player|p1|sbhaga34|hugh|1176
|player|p2|LastHorzion|steven|1322
|gen|9
|tier|[Gen 9] VGC 2025 Reg H (Bo3)
|rated|
|rule|Species Clause: Limit one of each Pokémon
|rule|Item Clause: Limit 1 of each item
|clearpoke
|poke|p1|Indeedee-F, L50, F|
|poke|p1|Talonflame, L50, M|
|poke|p1|Tyranitar, L50, F|
|poke|p1|Excadrill, L50, F|
|poke|p1|Gardevoir, L50, M|
|poke|p1|Clefable, L50, M|
|poke|p2|Sneasler, L50, M|
|poke|p2|Ursaluna-Bloodmoon, L50, M|
|poke|p2|Whimsicott, L50, F|
|poke|p2|Typhlosion-Hisui, L50, M|
|poke|p2|Indeedee, L50, M|
|poke|p2|Dragapult, L50, M|
|teampreview|4
|showteam|p1|Indeedee-F||SafetyGoggles|PsychicSurge|FollowMe,TrickRoom,Imprison,Psychic|||F|||50|,,,,,Fairy]Talonflame||CovertCloak|GaleWings|Tailwind,Taunt,BraveBird,Uturn|||M|||50|,,,,,Dark]Tyranitar||WeaknessPolicy|SandStream|RockSlide,KnockOff,LowKick,Protect|||F|||50|,,,,,Flying]Excadrill||FocusSash|SandRush|Earthquake,IronHead,SwordsDance,Protect|||F|||50|,,,,,Ground]Gardevoir||ChoiceScarf|Telepathy|ExpandingForce,DazzlingGleam,Moonblast,IcyWind|||M|||50|,,,,,Psychic]Clefable||RockyHelmet|Unaware|FollowMe,Moonblast,Flamethrower,Protect|||M|||50|,,,,,Fire
|showteam|p2|Sneasler||PsychicSeed|Unburden|CloseCombat,DireClaw,ThroatChop,Protect|||M|||50|,,,,,Dark]Ursaluna-Bloodmoon||LifeOrb|MindsEye|BloodMoon,EarthPower,HyperVoice,Protect|||M|||50|,,,,,Ghost]Whimsicott||CovertCloak|Prankster|Tailwind,Moonblast,Encore,SunnyDay|||F|||50|,,,,,Water]Typhlosion-Hisui||ChoiceScarf|Blaze|Eruption,ShadowBall,HeatWave,Overheat|||M|||50|,,,,,Fire]Indeedee||FocusSash|PsychicSurge|ExpandingForce,TeraBlast,Imprison,TrickRoom|||M|||50|,,,,,Ground]Dragapult||ChoiceBand|ClearBody|DragonDarts,Uturn,PhantomForce,Outrage|||M|||50|,,,,,Dragon
|inactive|Battle timer is ON: inactive players will automatically lose when time's up. (requested by LastHorzion)
|inactive|LastHorzion has 60 seconds left.
|
|t:|1756960097
|teamsize|p1|4
|teamsize|p2|4
|start
|switch|p1a: Talonflame|Talonflame, L50, M|100/100
|switch|p1b: Tyranitar|Tyranitar, L50, F|100/100
|switch|p2a: Whimsicott|Whimsicott, L50, F|100/100
|switch|p2b: Ursaluna|Ursaluna-Bloodmoon, L50, M|100/100
|-weather|Sandstorm|[from] ability: Sand Stream|[of] p1b: Tyranitar
|turn|1
|inactive|LastHorzion has 30 seconds left.
|inactive|sbhaga34 has 30 seconds left.
|inactive|LastHorzion has 20 seconds left.
|
|t:|1756960134
|-terastallize|p2a: Whimsicott|Water
|move|p1a: Talonflame|Tailwind|p1a: Talonflame
|-sidestart|p1: sbhaga34|move: Tailwind
|move|p2a: Whimsicott|Tailwind|p2a: Whimsicott
|-sidestart|p2: LastHorzion|move: Tailwind
|move|p2b: Ursaluna|Blood Moon|p1a: Talonflame
|-damage|p1a: Talonflame|0 fnt
|faint|p1a: Talonflame
|-damage|p2b: Ursaluna|91/100|[from] item: Life Orb
|move|p1b: Tyranitar|Knock Off|p2b: Ursaluna
|-damage|p2b: Ursaluna|43/100
|-enditem|p2b: Ursaluna|Life Orb|[from] move: Knock Off|[of] p1b: Tyranitar
|
|-weather|Sandstorm|[upkeep]
|-damage|p2a: Whimsicott|95/100|[from] Sandstorm
|upkeep
|
|t:|1756960157
|switch|p1a: Gardevoir|Gardevoir, L50, M, shiny|100/100
|turn|2
|
|t:|1756960168
|switch|p1b: Excadrill|Excadrill, L50, F, shiny|100/100
|move|p2b: Ursaluna|Protect|p2b: Ursaluna
|-singleturn|p2b: Ursaluna|Protect
|move|p2a: Whimsicott|Sunny Day|p2a: Whimsicott
|-weather|SunnyDay
|move|p1a: Gardevoir|Moonblast|p2b: Ursaluna
|-activate|p2b: Ursaluna|move: Protect
|
|-weather|SunnyDay|[upkeep]
|upkeep
|turn|3
|inactive|LastHorzion has 30 seconds left.
|inactive|sbhaga34 has 30 seconds left.
|
|t:|1756960202
|move|p2a: Whimsicott|Sunny Day||[still]
|-fail|p2a: Whimsicott
|move|p1a: Gardevoir|Moonblast|p2a: Whimsicott
|-damage|p2a: Whimsicott|6/100
|move|p1b: Excadrill|Earthquake|p2a: Whimsicott|[spread] p2a,p2b
|-activate|p1a: Gardevoir|ability: Telepathy
|-damage|p2a: Whimsicott|0 fnt
|-damage|p2b: Ursaluna|8/100
|faint|p2a: Whimsicott
|move|p2b: Ursaluna|Hyper Voice|p1b: Excadrill|[spread] p1a,p1b
|-resisted|p1b: Excadrill
|-damage|p1a: Gardevoir|60/100
|-damage|p1b: Excadrill|74/100
|
|-weather|SunnyDay|[upkeep]
|upkeep
|
|t:|1756960218
|switch|p2a: Sneasler|Sneasler, L50, M|100/100
|turn|4
|inactive|LastHorzion has 30 seconds left.
|
|t:|1756960250
|switch|p1a: Tyranitar|Tyranitar, L50, F|100/100
|-weather|Sandstorm|[from] ability: Sand Stream|[of] p1a: Tyranitar
|-terastallize|p1b: Excadrill|Ground
|move|p1b: Excadrill|Earthquake|p2a: Sneasler|[spread] p1a,p2a,p2b
|-supereffective|p1a: Tyranitar
|-supereffective|p2a: Sneasler
|-damage|p1a: Tyranitar|0 fnt
|-damage|p2a: Sneasler|0 fnt
|-damage|p2b: Ursaluna|0 fnt
|faint|p1a: Tyranitar
|faint|p2a: Sneasler
|faint|p2b: Ursaluna
|
|-weather|Sandstorm|[upkeep]
|-sideend|p2: LastHorzion|move: Tailwind
|-sideend|p1: sbhaga34|move: Tailwind
|upkeep
|inactive|LastHorzion has 30 seconds left.
|
|t:|1756960276
|switch|p2b: Dragapult|Dragapult, L50, M, shiny|100/100
|switch|p1a: Gardevoir|Gardevoir, L50, M, shiny|60/100
|turn|5
|
|t:|1756960282
|move|p1b: Excadrill|Iron Head|p2b: Dragapult
|-damage|p2b: Dragapult|31/100
|move|p2b: Dragapult|Phantom Force||[still]
|-prepare|p2b: Dragapult|Phantom Force
|move|p1a: Gardevoir|Moonblast|p2b: Dragapult|[miss]
|-miss|p1a: Gardevoir|p2b: Dragapult
|
|-weather|Sandstorm|[upkeep]
|-damage|p2b: Dragapult|24/100|[from] Sandstorm
|-damage|p1a: Gardevoir|54/100|[from] Sandstorm
|upkeep
|turn|6
|
|t:|1756960293
|move|p1b: Excadrill|Iron Head|p2b: Dragapult|[miss]
|-miss|p1b: Excadrill|p2b: Dragapult
|move|p2b: Dragapult|Phantom Force|p1a: Gardevoir|[from] lockedmove
|-supereffective|p1a: Gardevoir
|-damage|p1a: Gardevoir|0 fnt
|faint|p1a: Gardevoir
|
|-weather|Sandstorm|[upkeep]
|-damage|p2b: Dragapult|18/100|[from] Sandstorm
|upkeep
|turn|7
|
|t:|1756960303
|move|p1b: Excadrill|Earthquake|p2b: Dragapult
|-damage|p2b: Dragapult|0 fnt
|faint|p2b: Dragapult
|
|win|sbhaga34
||sbhaga34 is ready for game 2.
||LastHorzion is ready for game 2.
|uhtml|next|Next: Game 2 of 3
