|j|☆BroscoeFlames
|j|☆Brdz
|html|BroscoeFlamesBrdz    
|uhtml|bestof|Game 3 of a best-of-3
|t:|1783748510
|gametype|doubles
|player|p1|BroscoeFlames|265|1116
|player|p2|Brdz|101|1030
|gen|9
|tier|[Gen 9 Champions] VGC 2026 Reg M-B (Bo3)
|rated|
|rule|Species Clause: Limit one of each Pokémon
|rule|Item Clause: Limit 1 of each item
|clearpoke
|poke|p1|Zoroark-Hisui, L50, F|
|poke|p1|Goodra-Hisui, L50, F|
|poke|p1|Grimmsnarl, L50, M|
|poke|p1|Venusaur, L50, M|
|poke|p1|Milotic, L50, F|
|poke|p1|Vivillon-Pokeball, L50, F|
|poke|p2|Excadrill, L50, M|
|poke|p2|Tyranitar, L50, M|
|poke|p2|Houndstone, L50, M|
|poke|p2|Sneasler, L50, F|
|poke|p2|Delphox, L50, M|
|poke|p2|Noivern, L50, F|
|teampreview|4
|showteam|p1|Zoroark-Hisui||ChoiceScarf|Illusion|HyperVoice,GrassKnot,IcyWind,ShadowBall|Modest||F|||50|]Goodra-Hisui||Leftovers|ShellArmor|BodyPress,HeavySlam,Shelter,Protect|Careful||F|||50|]Grimmsnarl||LightClay|Prankster|FakeOut,Reflect,LightScreen,SpiritBreak|Impish||M|||50|]Venusaur||Venusaurite|Overgrow|GigaDrain,SludgeBomb,EarthPower,Protect|Serious||M|||50|]Milotic||SitrusBerry|Competitive|MuddyWater,Coil,Hypnosis,Protect|Modest||F|||50|]Vivillon-Pokeball||FocusSash|CompoundEyes|Protect,Hurricane,Tailwind,SleepPowder|Timid||F|||50|
|showteam|p2|Excadrill||LifeOrb|SandRush|SwordsDance,Earthquake,RockSlide,IronHead|Adamant||M|||50|]Tyranitar||Tyranitarite|SandStream|DragonDance,RockSlide,KnockOff,IcePunch|Adamant||M|||50|]Houndstone||SpellTag|SandRush|AllySwitch,WillOWisp,LastRespects,ShadowSneak|Adamant||M|||50|]Sneasler||FocusSash|Unburden|FakeOut,CloseCombat,PoisonJab,Acrobatics|Adamant||F|||50|]Delphox||Delphoxite|Blaze|WillOWisp,Psyshock,HeatWave,CalmMind|Timid||M|||50|]Noivern||WhiteHerb|Frisk|Tailwind,DracoMeteor,Uturn,Boomburst|Timid||F|||50|
|inactive|Battle timer is ON: inactive players will automatically lose when time's up. (requested by Brdz)
|
|t:|1783748538
|teamsize|p1|4
|teamsize|p2|4
|start
|switch|p1a: Vivillon|Vivillon-Pokeball, L50, F|100/100
|switch|p1b: Milotic|Milotic, L50, F|100/100
|switch|p2a: Tyranitar|Tyranitar, L50, M|100/100
|switch|p2b: Delphox|Delphox, L50, M|100/100
|-weather|Sandstorm|[from] ability: Sand Stream|[of] p2a: Tyranitar
|turn|1
|
|t:|1783748555
|move|p2b: Delphox|Calm Mind|p2b: Delphox
|-boost|p2b: Delphox|spa|1
|-boost|p2b: Delphox|spd|1
|move|p1a: Vivillon|Sleep Powder|p2b: Delphox
|-status|p2b: Delphox|slp|[from] move: Sleep Powder
|move|p2a: Tyranitar|Dragon Dance|p2a: Tyranitar
|-boost|p2a: Tyranitar|atk|1
|-boost|p2a: Tyranitar|spe|1
|move|p1b: Milotic|Coil|p1b: Milotic
|-boost|p1b: Milotic|atk|1
|-boost|p1b: Milotic|def|1
|-boost|p1b: Milotic|accuracy|1
|
|-weather|Sandstorm|[upkeep]
|-damage|p2b: Delphox|94/100 slp|[from] Sandstorm
|-damage|p1a: Vivillon|94/100|[from] Sandstorm
|-damage|p1b: Milotic|94/100|[from] Sandstorm
|upkeep
|turn|2
|inactive|Brdz has 30 seconds left.
|
|t:|1783748584
|detailschange|p2b: Delphox|Delphox-Mega, L50, M
|-mega|p2b: Delphox|Delphox|Delphoxite
|cant|p2b: Delphox|slp
|move|p2a: Tyranitar|Rock Slide|p1a: Vivillon|[spread] p1a,p1b
|-supereffective|p1a: Vivillon|2
|-crit|p1a: Vivillon
|-damage|p1a: Vivillon|0 fnt
|-damage|p1b: Milotic|67/100
|faint|p1a: Vivillon
|move|p1b: Milotic|Coil|p1b: Milotic
|-boost|p1b: Milotic|atk|1
|-boost|p1b: Milotic|def|1
|-boost|p1b: Milotic|accuracy|1
|
|-weather|Sandstorm|[upkeep]
|-damage|p2b: Delphox|88/100 slp|[from] Sandstorm
|-damage|p1b: Milotic|61/100|[from] Sandstorm
|upkeep
|
|t:|1783748600
|switch|p1a: Goodra|Goodra-Hisui, L50, F|100/100
|turn|3
|
|t:|1783748615
|move|p1a: Goodra|Shadow Ball|p2b: Delphox
|-supereffective|p2b: Delphox|1
|-damage|p2b: Delphox|27/100 slp
|-curestatus|p2b: Delphox|slp|[msg]
|move|p2b: Delphox|Heat Wave|p1b: Milotic|[spread] p1b
|-miss|p2b: Delphox|p1a: Goodra
|-resisted|p1b: Milotic|1
|-damage|p1b: Milotic|39/100
|-enditem|p1b: Milotic|Sitrus Berry|[eat]
|-heal|p1b: Milotic|64/100|[from] item: Sitrus Berry
|move|p2a: Tyranitar|Knock Off|p1b: Milotic
|-damage|p1b: Milotic|41/100
|move|p1b: Milotic|Hypnosis|p2a: Tyranitar
|-status|p2a: Tyranitar|slp|[from] move: Hypnosis
|
|-weather|Sandstorm|[upkeep]
|-damage|p1a: Goodra|93/100|[from] Sandstorm
|-damage|p2b: Delphox|21/100|[from] Sandstorm
|-damage|p1b: Milotic|35/100|[from] Sandstorm
|upkeep
|turn|4
|inactive|Brdz has 30 seconds left.
|inactive|Brdz has 20 seconds left.
|
|t:|1783748655
|move|p1a: Goodra|Shadow Ball|p2b: Delphox
|-supereffective|p2b: Delphox|1
|-crit|p2b: Delphox
|-damage|p2b: Delphox|0 fnt
|faint|p2b: Delphox
|cant|p2a: Tyranitar|slp
|move|p1b: Milotic|Muddy Water|p2a: Tyranitar
|-supereffective|p2a: Tyranitar|1
|-damage|p2a: Tyranitar|48/100 slp
|
|-weather|Sandstorm|[upkeep]
|-damage|p1a: Goodra|87/100|[from] Sandstorm
|-damage|p1b: Milotic|29/100|[from] Sandstorm
|upkeep
|
|t:|1783748668
|switch|p2b: Houndstone|Houndstone, L50, M|100/100
|turn|5
|
|t:|1783748679
|switch|p1a: Goodra|Goodra-Hisui, L50, F|100/100
|move|p2b: Houndstone|Last Respects|p1a: Goodra
|-damage|p1a: Goodra|48/100
|-curestatus|p2a: Tyranitar|slp|[msg]
|move|p2a: Tyranitar|Rock Slide|p1a: Goodra|[spread] 
|-miss|p2a: Tyranitar|p1a: Goodra
|-miss|p2a: Tyranitar|p1b: Milotic
|move|p1b: Milotic|Muddy Water|p2a: Tyranitar|[spread] p2a,p2b
|-supereffective|p2a: Tyranitar|1
|-damage|p2a: Tyranitar|12/100
|-damage|p2b: Houndstone|65/100
|
|-weather|none
|-heal|p1a: Goodra|54/100|[from] item: Leftovers
|upkeep
|turn|6
|inactive|Brdz has 30 seconds left.
|
|t:|1783748706
|switch|p2a: Sneasler|Sneasler, L50, F|100/100
|move|p2b: Houndstone|Last Respects|p1b: Milotic
|-crit|p1b: Milotic
|-damage|p1b: Milotic|0 fnt
|faint|p1b: Milotic
|move|p1a: Goodra|Body Press|p2a: Sneasler
|-resisted|p2a: Sneasler|1
|-damage|p2a: Sneasler|82/100
|
|-heal|p1a: Goodra|60/100|[from] item: Leftovers
|upkeep
|
|t:|1783748717
|switch|p1b: Zoroark|Zoroark-Hisui, L50, F|87/100
|turn|7
|
|t:|1783748738
|switch|p2a: Tyranitar|Tyranitar, L50, M|12/100
|-weather|Sandstorm|[from] ability: Sand Stream|[of] p2a: Tyranitar
|move|p1a: Goodra|Protect|p1a: Goodra
|-singleturn|p1a: Goodra|Protect
|move|p2b: Houndstone|Ally Switch|p2b: Houndstone
|swap|p2b: Houndstone|0|[from] move: Ally Switch
|move|p1b: Zoroark|Shadow Ball|p2b: Tyranitar
|-resisted|p2b: Tyranitar|1
|-damage|p2b: Tyranitar|0 fnt
|faint|p2b: Tyranitar
|
|-weather|Sandstorm|[upkeep]
|-damage|p1b: Zoroark|81/100|[from] Sandstorm
|-heal|p1a: Goodra|66/100|[from] item: Leftovers
|upkeep
|
|t:|1783748752
|switch|p2b: Sneasler|Sneasler, L50, F|82/100
|turn|8
|inactive|BroscoeFlames has 30 seconds left.
|inactive|BroscoeFlames has 20 seconds left.
|
|t:|1783748790
|move|p1b: Zoroark|Shadow Ball|p2b: Sneasler
|-damage|p2b: Sneasler|18/100
|move|p2a: Houndstone|Last Respects|p1b: Zoroark
|-immune|p1b: Zoroark
|move|p2b: Sneasler|Close Combat|p1a: Goodra
|-supereffective|p1a: Goodra|1
|-damage|p1a: Goodra|0 fnt
|-unboost|p2b: Sneasler|def|1
|-unboost|p2b: Sneasler|spd|1
|faint|p1a: Goodra
|
|-weather|Sandstorm|[upkeep]
|-damage|p1b: Zoroark|75/100|[from] Sandstorm
|-damage|p2b: Sneasler|12/100|[from] Sandstorm
|upkeep
|turn|9
|
|t:|1783748810
|move|p1b: Zoroark|Shadow Ball|p2b: Sneasler
|-damage|p2b: Sneasler|0 fnt
|faint|p2b: Sneasler
|move|p2a: Houndstone|Will-O-Wisp|p1b: Zoroark
|-status|p1b: Zoroark|brn
|
|-weather|Sandstorm|[upkeep]
|-damage|p1b: Zoroark|69/100 brn|[from] Sandstorm
|-damage|p1b: Zoroark|63/100 brn|[from] brn
|upkeep
|turn|10
|
|t:|1783748822
|move|p2a: Houndstone|Shadow Sneak|p1b: Zoroark
|-immune|p1b: Zoroark
|move|p1b: Zoroark|Shadow Ball|p2a: Houndstone
|-supereffective|p2a: Houndstone|1
|-damage|p2a: Houndstone|0 fnt
|faint|p2a: Houndstone
|
|win|BroscoeFlames
|raw|BroscoeFlames's rating: 1116 → 1135(+19 for winning)
|raw|Brdz's rating: 1030 → 1019(-11 for losing)
|c|☆BroscoeFlames|ggwp
|l|☆Brdz
|player|p2|
