|j|☆PerishingSongVGC
|j|☆stanhoff
|html|PerishingSongVGCstanhoff    
|uhtml|bestof|Game 3 of a best-of-3
|t:|1757739604
|gametype|doubles
|player|p1|PerishingSongVGC|169|1030
|player|p2|stanhoff|falkner|1099
|gen|9
|tier|[Gen 9] VGC 2025 Reg H (Bo3)
|rated|
|rule|Species Clause: Limit one of each Pokémon
|rule|Item Clause: Limit 1 of each item
|clearpoke
|poke|p1|Gothitelle, L50, M|
|poke|p1|Incineroar, L50, F|
|poke|p1|Amoonguss, L50, M|
|poke|p1|Archaludon, L50, F|
|poke|p1|Primarina, L50, F|
|poke|p1|Flamigo, L50, F|
|poke|p2|Hatterene, L50, F|
|poke|p2|Indeedee-F, L50, F|
|poke|p2|Sneasler, L50, M|
|poke|p2|Excadrill, L50, F|
|poke|p2|Tyranitar, L50, M|
|poke|p2|Amoonguss, L50, M|
|teampreview|4
|showteam|p1|Gothitelle||SitrusBerry|ShadowTag|Psychic,Hypnosis,FakeOut,Protect|||M|||50|,,,,,Dragon]Incineroar||CovertCloak|Intimidate|FakeOut,PartingShot,KnockOff,FlareBlitz|||F|||50|,,,,,Ghost]Amoonguss||RockyHelmet|Regenerator|PollenPuff,Spore,RagePowder,Protect|||M|||50|,,,,,Dark]Archaludon||PowerHerb|Sturdy|ElectroShot,DracoMeteor,FlashCannon,Protect|||F|||50|,,,,,Steel]Primarina||ThroatSpray|LiquidVoice|HyperVoice,Moonblast,PerishSong,Protect|||F|||50|,,,,,Grass]Flamigo||ChoiceScarf|Scrappy|CloseCombat,Uturn,BraveBird,ThroatChop|||F|||50|,,,,,Steel
|showteam|p2|Hatterene||LifeOrb|MagicBounce|Protect,TrickRoom,ExpandingForce,DazzlingGleam|||F|||50|,,,,,Psychic]Indeedee-F||SafetyGoggles|PsychicSurge|FollowMe,HelpingHand,Psychic,TrickRoom|||F|||50|,,,,,Fairy]Sneasler||PsychicSeed|Unburden|DireClaw,CloseCombat,ThroatChop,Protect|||M|||50|,,,,,Dark]Excadrill||FocusSash|SandRush|Earthquake,IronHead,HighHorsepower,Protect|||F|||50|,,,,,Ground]Tyranitar||AirBalloon|SandStream|RockSlide,LowKick,KnockOff,Protect|||M|||50|,,,,,Flying]Amoonguss||RockyHelmet|Regenerator|Spore,RagePowder,SludgeBomb,ClearSmog|||M|||50|,,,,,Water
|c|☆stanhoff|damn
|c|☆stanhoff|i dont think that was game, but i understand lmfao
|inactive|Battle timer is ON: inactive players will automatically lose when time's up. (requested by stanhoff)
|c|☆PerishingSongVGC|eh
|c|☆PerishingSongVGC|I made a bad pick 4 choice
|c|☆PerishingSongVGC|It was pretty much game
|c|☆stanhoff|gotcha
|inactive|stanhoff has 60 seconds left.
|
|t:|1757739661
|teamsize|p1|4
|teamsize|p2|4
|start
|switch|p1a: Primarina|Primarina, L50, F|100/100
|switch|p1b: Flamigo|Flamigo, L50, F|100/100
|switch|p2a: Indeedee|Indeedee-F, L50, F|100/100
|switch|p2b: Sneasler|Sneasler, L50, M|100/100
|-fieldstart|move: Psychic Terrain|[from] ability: Psychic Surge|[of] p2a: Indeedee
|-enditem|p2b: Sneasler|Psychic Seed
|-boost|p2b: Sneasler|spd|1|[from] item: Psychic Seed
|turn|1
|inactive|stanhoff has 30 seconds left.
|
|t:|1757739692
|switch|p2b: Hatterene|Hatterene, L50, F|100/100
|move|p1a: Primarina|Protect|p1a: Primarina
|-singleturn|p1a: Primarina|Protect
|move|p1b: Flamigo|Brave Bird|p2b: Hatterene
|-damage|p2b: Hatterene|29/100
|-damage|p1b: Flamigo|76/100|[from] Recoil
|move|p2a: Indeedee|Trick Room|p2a: Indeedee
|-fieldstart|move: Trick Room|[of] p2a: Indeedee
|
|upkeep
|turn|2
|
|t:|1757739707
|switch|p1b: Amoonguss|Amoonguss, L50, M|100/100
|-terastallize|p2b: Hatterene|Psychic
|move|p2a: Indeedee|Follow Me|p2a: Indeedee
|-singleturn|p2a: Indeedee|move: Follow Me
|move|p2b: Hatterene|Expanding Force|p1b: Amoonguss|[spread] p1a,p1b
|-supereffective|p1b: Amoonguss
|-damage|p1a: Primarina|2/100
|-damage|p1b: Amoonguss|0 fnt
|faint|p1b: Amoonguss
|-damage|p2b: Hatterene|19/100|[from] item: Life Orb
|move|p1a: Primarina|Hyper Voice|p2a: Indeedee|[spread] p2a,p2b
|-damage|p2a: Indeedee|71/100
|-damage|p2b: Hatterene|0 fnt
|faint|p2b: Hatterene
|-enditem|p1a: Primarina|Throat Spray
|-boost|p1a: Primarina|spa|1|[from] item: Throat Spray
|
|upkeep
|
|t:|1757739724
|switch|p2b: Amoonguss|Amoonguss, L50, M|100/100
|switch|p1b: Archaludon|Archaludon, L50, F|100/100
|turn|3
|
|t:|1757739736
|move|p1a: Primarina|Protect|p1a: Primarina
|-singleturn|p1a: Primarina|Protect
|move|p2b: Amoonguss|Spore|p1b: Archaludon
|-status|p1b: Archaludon|slp|[from] move: Spore
|move|p2a: Indeedee|Psychic|p1a: Primarina
|-activate|p1a: Primarina|move: Protect
|cant|p1b: Archaludon|slp
|
|upkeep
|turn|4
|inactive|PerishingSongVGC has 30 seconds left.
|
|t:|1757739763
|switch|p2a: Sneasler|Sneasler, L50, M|100/100
|move|p2b: Amoonguss|Sludge Bomb|p1a: Primarina
|-supereffective|p1a: Primarina
|-damage|p1a: Primarina|0 fnt
|faint|p1a: Primarina
|cant|p1b: Archaludon|slp
|
|upkeep
|c|☆PerishingSongVGC|sorry for taking a sec was changing primarina evs whilst i remembered
|
|t:|1757739775
|switch|p1a: Flamigo|Flamigo, L50, F|76/100
|turn|5
|c|☆stanhoff|LOL no worries
|c|☆stanhoff|this is the time
|inactive|stanhoff has 30 seconds left.
|c|☆PerishingSongVGC|I decided to remove all the bulk on my perish song user
|c|☆PerishingSongVGC|Which was a choicer
|inactive|stanhoff has 20 seconds left.
|inactive|stanhoff has 15 seconds left.
|
|t:|1757739818
|move|p2b: Amoonguss|Spore|p1a: Flamigo
|-status|p1a: Flamigo|slp|[from] move: Spore
|-curestatus|p1b: Archaludon|slp|[msg]
|move|p1b: Archaludon|Electro Shot||[still]
|-prepare|p1b: Archaludon|Electro Shot
|-boost|p1b: Archaludon|spa|1
|-enditem|p1b: Archaludon|Power Herb
|-anim|p1b: Archaludon|Electro Shot|p2b: Amoonguss
|-resisted|p2b: Amoonguss
|-damage|p2b: Amoonguss|70/100
|move|p2a: Sneasler|Close Combat|p1b: Archaludon
|-supereffective|p1b: Archaludon
|-ability|p1b: Archaludon|Sturdy
|-damage|p1b: Archaludon|1/100
|-unboost|p2a: Sneasler|def|1
|-unboost|p2a: Sneasler|spd|1
|cant|p1a: Flamigo|slp
|
|-fieldend|move: Trick Room
|-fieldend|move: Psychic Terrain
|upkeep
|turn|6
|
|t:|1757739838
|-terastallize|p1b: Archaludon|Steel
|move|p2b: Amoonguss|Rage Powder|p2b: Amoonguss
|-singleturn|p2b: Amoonguss|move: Rage Powder
|cant|p1a: Flamigo|slp
|move|p2a: Sneasler|Throat Chop|p1b: Archaludon
|-damage|p1b: Archaludon|0 fnt
|faint|p1b: Archaludon
|
|upkeep
|turn|7
|c|☆PerishingSongVGC|gg
|
|t:|1757739853
|move|p2b: Amoonguss|Rage Powder|p2b: Amoonguss
|-singleturn|p2b: Amoonguss|move: Rage Powder
|cant|p1a: Flamigo|slp
|move|p2a: Sneasler|Dire Claw|p1a: Flamigo
|-damage|p1a: Flamigo|19/100 slp
|
|upkeep
|turn|8
|
|t:|1757739860
|move|p2b: Amoonguss|Rage Powder|p2b: Amoonguss
|-singleturn|p2b: Amoonguss|move: Rage Powder
|-curestatus|p1a: Flamigo|slp|[msg]
|move|p1a: Flamigo|Brave Bird|p2b: Amoonguss
|-supereffective|p2b: Amoonguss
|-damage|p2b: Amoonguss|0 fnt
|-damage|p1a: Flamigo|2/100|[from] item: Rocky Helmet|[of] p2b: Amoonguss
|faint|p2b: Amoonguss
|-damage|p1a: Flamigo|0 fnt|[from] Recoil
|faint|p1a: Flamigo
|
|win|stanhoff
|raw|PerishingSongVGC's rating: 1030 → 1018(-12 for losing)
|raw|stanhoff's rating: 1099 → 1119(+20 for winning)
|c|☆stanhoff|gg
|l|☆PerishingSongVGC
|player|p1|
|l|☆stanhoff
|player|p2|
