|j|☆SengarBlade
|j|☆Oldcow
|html|SengarBladeOldcow    
|uhtml|bestof|Game 1 of a best-of-3
|t:|1757255342
|gametype|doubles
|player|p1|SengarBlade|preschooler|
|player|p2|Oldcow|cyrus|
|gen|9
|tier|[Gen 9] VGC 2025 Reg H (Bo3)
|rule|Species Clause: Limit one of each Pokémon
|rule|Item Clause: Limit 1 of each item
|clearpoke
|poke|p1|Typhlosion-Hisui, L50, F|
|poke|p1|Whimsicott, L50, F|
|poke|p1|Ursaluna-Bloodmoon, L50, M|
|poke|p1|Primarina, L50, M|
|poke|p1|Meowscarada, L50, F|
|poke|p1|Farigiraf, L50, M|
|poke|p2|Garchomp, L50, M|
|poke|p2|Tyranitar, L50, F|
|poke|p2|Magmar, L50, F|
|poke|p2|Rillaboom, L50, M|
|poke|p2|Primarina, L50, M|
|poke|p2|Hydreigon, L50, F|
|teampreview|4
|showteam|p1|Typhlosion-Hisui||Charcoal|Blaze|Eruption,HeatWave,ShadowBall,Protect|||F|||50|,,,,,Fire]Whimsicott||CovertCloak|Prankster|Tailwind,Moonblast,SunnyDay,Encore|||F|||50|,,,,,Dark]Ursaluna-Bloodmoon||LifeOrb|MindsEye|HyperVoice,BloodMoon,EarthPower,Protect|||M|||50|,,,,,Normal]Primarina||ThroatSpray|LiquidVoice|Moonblast,HyperVoice,Haze,Protect|||M|||50|,,,,,Grass]Meowscarada||FocusSash|Protean|FlowerTrick,KnockOff,Uturn,Protect|||F|||50|,,,,,Grass]Farigiraf||SafetyGoggles|ArmorTail|PsychicNoise,HyperVoice,HelpingHand,TrickRoom|||M|||50|,,,,,Fire
|showteam|p2|Garchomp||LifeOrb|SandVeil|DragonClaw,StompingTantrum,RockSlide,Protect|||M|||50|,,,,,Steel]Tyranitar||AssaultVest|SandStream|KnockOff,RockSlide,LowKick,IcePunch|||F|||50|,,,,,Flying]Magmar||Eviolite|VitalSpirit|Overheat,FollowMe,Protect,Taunt|||F|||50|,,,,,Water]Rillaboom||MeadowPlate|GrassySurge|GrassyGlide,HighHorsepower,FakeOut,Uturn|||M|||50|,,,,,Grass]Primarina||SitrusBerry|LiquidVoice|HyperVoice,Moonblast,Protect,Haze|||M|||50|,,,,,Ghost]Hydreigon||CovertCloak|Levitate|DarkPulse,DracoMeteor,Tailwind,Protect|||F|||50|,,,,,Electric
|j| jowemama
|j| KyleTampy
|
|t:|1757255397
|teamsize|p1|4
|teamsize|p2|4
|start
|switch|p1a: Whimsicott|Whimsicott, L50, F|100/100
|switch|p1b: Typhlosion|Typhlosion-Hisui, L50, F|100/100
|switch|p2a: Garchomp|Garchomp, L50, M|100/100
|switch|p2b: Hydreigon|Hydreigon, L50, F|100/100
|turn|1
|
|t:|1757255424
|move|p1b: Typhlosion|Protect|p1b: Typhlosion
|-singleturn|p1b: Typhlosion|Protect
|move|p1a: Whimsicott|Moonblast|p2b: Hydreigon
|-supereffective|p2b: Hydreigon
|-damage|p2b: Hydreigon|0 fnt
|faint|p2b: Hydreigon
|move|p2a: Garchomp|Rock Slide|p1a: Whimsicott|[spread] p1a
|-activate|p1b: Typhlosion|move: Protect
|-damage|p1a: Whimsicott|69/100
|-damage|p2a: Garchomp|91/100|[from] item: Life Orb
|
|upkeep
|
|t:|1757255437
|switch|p2b: Tyranitar|Tyranitar, L50, F|100/100
|-weather|Sandstorm|[from] ability: Sand Stream|[of] p2b: Tyranitar
|turn|2
|
|t:|1757255466
|switch|p1b: Ursaluna|Ursaluna-Bloodmoon, L50, M|100/100
|move|p1a: Whimsicott|Tailwind|p1a: Whimsicott
|-sidestart|p1: SengarBlade|move: Tailwind
|move|p2a: Garchomp|Rock Slide|p1b: Ursaluna|[spread] p1a,p1b
|-resisted|p1b: Ursaluna
|-damage|p1a: Whimsicott|32/100
|-damage|p1b: Ursaluna|89/100
|-damage|p2a: Garchomp|81/100|[from] item: Life Orb
|move|p2b: Tyranitar|Rock Slide|p1b: Ursaluna|[spread] p1a,p1b
|-resisted|p1b: Ursaluna
|-damage|p1a: Whimsicott|0 fnt
|-damage|p1b: Ursaluna|75/100
|faint|p1a: Whimsicott
|
|-weather|Sandstorm|[upkeep]
|upkeep
|inactive|Battle timer is ON: inactive players will automatically lose when time's up. (requested by Oldcow)
|
|t:|1757255480
|switch|p1a: Typhlosion|Typhlosion-Hisui, L50, F|100/100
|turn|3
|
|t:|1757255498
|-terastallize|p2b: Tyranitar|Flying
|move|p2a: Garchomp|Protect|p2a: Garchomp
|-singleturn|p2a: Garchomp|Protect
|move|p1a: Typhlosion|Eruption|p2a: Garchomp|[spread] p2b
|-activate|p2a: Garchomp|move: Protect
|-damage|p2b: Tyranitar|60/100
|move|p1b: Ursaluna|Hyper Voice|p2b: Tyranitar|[spread] p2b
|-activate|p2a: Garchomp|move: Protect
|-damage|p2b: Tyranitar|35/100
|-damage|p1b: Ursaluna|66/100|[from] item: Life Orb
|move|p2b: Tyranitar|Low Kick|p1b: Ursaluna
|-supereffective|p1b: Ursaluna
|-damage|p1b: Ursaluna|0 fnt
|faint|p1b: Ursaluna
|
|-weather|Sandstorm|[upkeep]
|-damage|p1a: Typhlosion|94/100|[from] Sandstorm
|-damage|p2b: Tyranitar|29/100|[from] Sandstorm
|upkeep
|
|t:|1757255515
|switch|p1b: Primarina|Primarina, L50, M|100/100
|turn|4
|inactive|Oldcow has 30 seconds left.
|
|t:|1757255549
|move|p2a: Garchomp|Protect|p2a: Garchomp
|-singleturn|p2a: Garchomp|Protect
|move|p1a: Typhlosion|Eruption|p2b: Tyranitar|[spread] p2b
|-activate|p2a: Garchomp|move: Protect
|-damage|p2b: Tyranitar|0 fnt
|faint|p2b: Tyranitar
|move|p1b: Primarina|Hyper Voice|p2a: Garchomp
|-activate|p2a: Garchomp|move: Protect
|
|-weather|Sandstorm|[upkeep]
|-damage|p1a: Typhlosion|88/100|[from] Sandstorm
|-damage|p1b: Primarina|95/100|[from] Sandstorm
|upkeep
|
|t:|1757255560
|switch|p2b: Rillaboom|Rillaboom, L50, M|100/100
|-fieldstart|move: Grassy Terrain|[from] ability: Grassy Surge|[of] p2b: Rillaboom
|turn|5
|
|t:|1757255578
|move|p1a: Typhlosion|Protect|p1a: Typhlosion
|-singleturn|p1a: Typhlosion|Protect
|move|p1b: Primarina|Protect|p1b: Primarina
|-singleturn|p1b: Primarina|Protect
|move|p2b: Rillaboom|Fake Out|p1b: Primarina
|-activate|p1b: Primarina|move: Protect
|move|p2a: Garchomp|Stomping Tantrum|p1a: Typhlosion
|-activate|p1a: Typhlosion|move: Protect
|
|-weather|Sandstorm|[upkeep]
|-damage|p1a: Typhlosion|82/100|[from] Sandstorm
|-damage|p1b: Primarina|89/100|[from] Sandstorm
|-damage|p2b: Rillaboom|95/100|[from] Sandstorm
|-heal|p1a: Typhlosion|88/100|[from] Grassy Terrain
|-heal|p1b: Primarina|95/100|[from] Grassy Terrain
|-heal|p2a: Garchomp|87/100|[from] Grassy Terrain
|-heal|p2b: Rillaboom|100/100|[from] Grassy Terrain
|-sideend|p1: SengarBlade|move: Tailwind
|upkeep
|turn|6
|inactive|SengarBlade has 30 seconds left.
|inactive|SengarBlade has 20 seconds left.
|inactive|SengarBlade has 15 seconds left.
|inactive|SengarBlade has 10 seconds left.
|
|t:|1757255625
|-terastallize|p1b: Primarina|Grass
|move|p2b: Rillaboom|Grassy Glide|p1b: Primarina
|-resisted|p1b: Primarina
|-damage|p1b: Primarina|67/100
|move|p1a: Typhlosion|Eruption|p2b: Rillaboom|[spread] p2a,p2b
|-resisted|p2a: Garchomp
|-supereffective|p2b: Rillaboom
|-damage|p2a: Garchomp|57/100
|-damage|p2b: Rillaboom|0 fnt
|faint|p2b: Rillaboom
|move|p2a: Garchomp|Stomping Tantrum|p1a: Typhlosion
|-supereffective|p1a: Typhlosion
|-damage|p1a: Typhlosion|0 fnt
|faint|p1a: Typhlosion
|-damage|p2a: Garchomp|47/100|[from] item: Life Orb
|move|p1b: Primarina|Moonblast|p2a: Garchomp
|-supereffective|p2a: Garchomp
|-damage|p2a: Garchomp|0 fnt
|faint|p2a: Garchomp
|
|win|SengarBlade
|inactive|SengarBlade has 30 seconds to confirm battle start!
|inactive|Oldcow has 30 seconds to confirm battle start!
||SengarBlade is ready for game 2.
|inactive|Oldcow has 20 seconds to confirm battle start!
||Oldcow is ready for game 2.
|uhtml|next|Next: Game 2 of 3
|l|☆SengarBlade
|player|p1|
|l| jowemama
|j|☆SengarBlade
|player|p1|SengarBlade|preschooler|
