|j|☆iwassliverfish
|j|☆Ribombees believer
|html|iwassliverfishRibombees believer    
|uhtml|bestof|Game 2 of a best-of-3
|t:|1756694730
|gametype|doubles
|player|p1|iwassliverfish|101|1277
|player|p2|Ribombees believer|skier|1414
|gen|9
|tier|[Gen 9] VGC 2025 Reg H (Bo3)
|rated|
|rule|Species Clause: Limit one of each Pokémon
|rule|Item Clause: Limit 1 of each item
|clearpoke
|poke|p1|Incineroar, L50, M|
|poke|p1|Ursaluna, L50, M|
|poke|p1|Kilowattrel, L50, M|
|poke|p1|Sylveon, L50, F|
|poke|p1|Decidueye-Hisui, L50, M|
|poke|p1|Porygon2, L50|
|poke|p2|Dondozo, L50, M|
|poke|p2|Tatsugiri, L50, F|
|poke|p2|Indeedee, L50, M|
|poke|p2|Dragapult, L50, M|
|poke|p2|Ribombee, L50, F|
|poke|p2|Gholdengo, L50|
|teampreview|4
|showteam|p1|Incineroar||SafetyGoggles|Intimidate|KnockOff,FlareBlitz,PartingShot,FakeOut|||M|||50|,,,,,Ghost]Ursaluna||FlameOrb|Guts|Facade,HeadlongRush,Earthquake,Protect|||M|||50|,,,,,Ghost]Kilowattrel||FocusSash|Competitive|Thunderbolt,AirSlash,Tailwind,Protect|||M|||50|,,,,,Ghost]Sylveon||LifeOrb|Pixilate|HyperVoice,TeraBlast,QuickAttack,Protect|||F|||50|,,,,,Water]Decidueye-Hisui||ScopeLens|Scrappy|TripleArrows,LeafBlade,Haze,Protect|||M|||50|,,,,,Fire]Porygon2||Eviolite|Download|TeraBlast,IceBeam,TrickRoom,Recover||||||50|,,,,,Fighting
|showteam|p2|Dondozo||Leftovers|Unaware|WaveCrash,Earthquake,OrderUp,Protect|||M|||50|,,,,,Grass]Tatsugiri||ChoiceScarf|Commander|MuddyWater,DracoMeteor,DragonPulse,TeraBlast|||F|||50|,,,,,Fairy]Indeedee||FocusSash|PsychicSurge|ExpandingForce,TeraBlast,HyperVoice,Protect|||M|||50|,,,,,Fighting]Dragapult||ChoiceBand|ClearBody|DragonDarts,Outrage,PhantomForce,Uturn|||M|||50|,,,,,Dragon]Ribombee||ChoiceSpecs|ShieldDust|Moonblast,PollenPuff,DazzlingGleam,TeraBlast|||F|||50|,,,,,Ground]Gholdengo||LifeOrb|GoodasGold|MakeItRain,ShadowBall,Thunderbolt,Protect||||||50|,,,,,Water
|inactive|Battle timer is ON: inactive players will automatically lose when time's up. (requested by Ribombees believer)
|
|t:|1756694746
|teamsize|p1|4
|teamsize|p2|4
|start
|switch|p1a: Kilowattrel|Kilowattrel, L50, M, shiny|100/100
|switch|p1b: Incineroar|Incineroar, L50, M|100/100
|switch|p2a: Indeedee|Indeedee, L50, M|100/100
|switch|p2b: Gholdengo|Gholdengo, L50|100/100
|-fieldstart|move: Psychic Terrain|[from] ability: Psychic Surge|[of] p2a: Indeedee
|-ability|p1b: Incineroar|Intimidate|boost
|-unboost|p2a: Indeedee|atk|1
|-unboost|p2b: Gholdengo|atk|1
|turn|1
|inactive|iwassliverfish has 30 seconds left.
|inactive|iwassliverfish has 20 seconds left.
|inactive|iwassliverfish has 15 seconds left.
|inactive|iwassliverfish has 10 seconds left.
|
|t:|1756694796
|-terastallize|p2b: Gholdengo|Water
|move|p1a: Kilowattrel|Protect|p1a: Kilowattrel
|-singleturn|p1a: Kilowattrel|Protect
|move|p2a: Indeedee|Hyper Voice|p1a: Kilowattrel|[spread] p1b
|-activate|p1a: Kilowattrel|move: Protect
|-damage|p1b: Incineroar|68/100
|move|p1b: Incineroar|Knock Off|p2a: Indeedee
|-supereffective|p2a: Indeedee
|-enditem|p2a: Indeedee|Focus Sash
|-damage|p2a: Indeedee|1/100
|move|p2b: Gholdengo|Make It Rain|p1b: Incineroar|[spread] p1b
|-activate|p1a: Kilowattrel|move: Protect
|-resisted|p1b: Incineroar
|-damage|p1b: Incineroar|39/100
|-unboost|p2b: Gholdengo|spa|1
|-damage|p2b: Gholdengo|91/100|[from] item: Life Orb
|
|upkeep
|turn|2
|inactive|iwassliverfish has 30 seconds left.
|inactive|Ribombees believer has 30 seconds left.
|
|t:|1756694824
|move|p1a: Kilowattrel|Tailwind|p1a: Kilowattrel
|-sidestart|p1: iwassliverfish|move: Tailwind
|move|p1b: Incineroar|Knock Off|p2a: Indeedee
|-supereffective|p2a: Indeedee
|-damage|p2a: Indeedee|0 fnt
|faint|p2a: Indeedee
|move|p2b: Gholdengo|Make It Rain|p1a: Kilowattrel|[spread] p1a,p1b
|-resisted|p1a: Kilowattrel
|-resisted|p1b: Incineroar
|-damage|p1a: Kilowattrel|63/100
|-damage|p1b: Incineroar|18/100
|-unboost|p2b: Gholdengo|spa|1
|-damage|p2b: Gholdengo|81/100|[from] item: Life Orb
|
|upkeep
|
|t:|1756694832
|switch|p2a: Big Back|Dondozo, L50, M|100/100
|turn|3
|inactive|iwassliverfish has 30 seconds left.
|
|t:|1756694858
|switch|p2b: Alaskan Roll|Tatsugiri, L50, F|100/100
|-activate|p2b: Alaskan Roll|ability: Commander|[of] p2a: Big Back
|-boost|p2a: Big Back|atk|2
|-boost|p2a: Big Back|spa|2
|-boost|p2a: Big Back|spe|2
|-boost|p2a: Big Back|def|2
|-boost|p2a: Big Back|spd|2
|move|p1a: Kilowattrel|Thunderbolt|p2b: Alaskan Roll|[miss]
|-miss|p1a: Kilowattrel|p2b: Alaskan Roll
|move|p1b: Incineroar|Parting Shot|p2a: Big Back
|-unboost|p2a: Big Back|atk|1
|-unboost|p2a: Big Back|spa|1
|
|t:|1756694872
|switch|p1b: Decidueye|Decidueye-Hisui, L50, M|100/100|[from] Parting Shot
|move|p2a: Big Back|Order Up|p1a: Kilowattrel
|-damage|p1a: Kilowattrel|0 fnt
|faint|p1a: Kilowattrel
|-boost|p2a: Big Back|atk|1
|
|upkeep
|
|t:|1756694883
|switch|p1a: Incineroar|Incineroar, L50, M|18/100
|-ability|p1a: Incineroar|Intimidate|boost
|-unboost|p2a: Big Back|atk|1
|-unboost|p2b: Alaskan Roll|atk|1
|turn|4
|
|t:|1756694898
|move|p1a: Incineroar|Parting Shot|p2a: Big Back
|-unboost|p2a: Big Back|atk|1
|-unboost|p2a: Big Back|spa|1
|
|t:|1756694904
|switch|p1a: Porygon2|Porygon2, L50|100/100|[from] Parting Shot
|-ability|p1a: Porygon2|Download|boost
|-boost|p1a: Porygon2|spa|1
|move|p1b: Decidueye|Haze|p1b: Decidueye
|-clearallboost
|move|p2a: Big Back|Earthquake|p1b: Decidueye|[spread] p1a,p1b
|-miss|p2a: Big Back|p2b: Alaskan Roll
|-resisted|p1b: Decidueye
|-damage|p1a: Porygon2|86/100
|-damage|p1b: Decidueye|86/100
|
|upkeep
|turn|5
|inactive|iwassliverfish has 30 seconds left.
|inactive|iwassliverfish has 20 seconds left.
|inactive|iwassliverfish has 15 seconds left.
|inactive|iwassliverfish has 10 seconds left.
|
|t:|1756694953
|switch|p1a: Incineroar|Incineroar, L50, M|18/100
|-ability|p1a: Incineroar|Intimidate|boost
|-unboost|p2a: Big Back|atk|1
|-unboost|p2b: Alaskan Roll|atk|1
|move|p1b: Decidueye|Leaf Blade|p2a: Big Back
|-supereffective|p2a: Big Back
|-damage|p2a: Big Back|32/100
|move|p2a: Big Back|Order Up|p1b: Decidueye
|-damage|p1b: Decidueye|67/100
|-boost|p2a: Big Back|atk|1
|
|-heal|p2a: Big Back|38/100|[from] item: Leftovers
|-sideend|p1: iwassliverfish|move: Tailwind
|-fieldend|move: Psychic Terrain
|upkeep
|turn|6
|inactive|iwassliverfish has 30 seconds left.
|inactive|iwassliverfish has 20 seconds left.
|inactive|iwassliverfish has 15 seconds left.
|inactive|iwassliverfish has 10 seconds left.
|inactive|iwassliverfish has 5 seconds left.
|
|t:|1756695005
|move|p1b: Decidueye|Protect|p1b: Decidueye
|-singleturn|p1b: Decidueye|Protect
|move|p2a: Big Back|Protect|p2a: Big Back
|-singleturn|p2a: Big Back|Protect
|move|p1a: Incineroar|Parting Shot|p2a: Big Back
|-activate|p2a: Big Back|move: Protect
|
|-heal|p2a: Big Back|45/100|[from] item: Leftovers
|upkeep
|turn|7
|
|t:|1756695026
|move|p1a: Incineroar|Knock Off|p2a: Big Back
|-damage|p2a: Big Back|20/100
|-enditem|p2a: Big Back|Leftovers|[from] move: Knock Off|[of] p1a: Incineroar
|move|p1b: Decidueye|Leaf Blade|p2a: Big Back
|-supereffective|p2a: Big Back
|-damage|p2a: Big Back|0 fnt
|faint|p2a: Big Back
|
|upkeep
|
|t:|1756695036
|switch|p2a: Gholdengo|Gholdengo, L50, tera:Water|81/100
|turn|8
|
|t:|1756695054
|switch|p1a: Porygon2|Porygon2, L50|86/100
|-ability|p1a: Porygon2|Download|boost
|-boost|p1a: Porygon2|atk|1
|move|p1b: Decidueye|Protect|p1b: Decidueye
|-singleturn|p1b: Decidueye|Protect
|move|p2b: Alaskan Roll|Draco Meteor|p1b: Decidueye
|-activate|p1b: Decidueye|move: Protect
|move|p2a: Gholdengo|Thunderbolt|p1a: Porygon2
|-damage|p1a: Porygon2|56/100
|-damage|p2a: Gholdengo|71/100|[from] item: Life Orb
|
|upkeep
|turn|9
|inactive|iwassliverfish has 30 seconds left.
|
|t:|1756695083
|switch|p1b: Incineroar|Incineroar, L50, M|18/100
|-ability|p1b: Incineroar|Intimidate|boost
|-unboost|p2a: Gholdengo|atk|1
|-unboost|p2b: Alaskan Roll|atk|1
|move|p2b: Alaskan Roll|Draco Meteor|p1a: Porygon2
|-damage|p1a: Porygon2|15/100
|-unboost|p2b: Alaskan Roll|spa|2
|move|p2a: Gholdengo|Make It Rain|p1b: Incineroar|[spread] p1a,p1b
|-resisted|p1b: Incineroar
|-damage|p1a: Porygon2|0 fnt
|-damage|p1b: Incineroar|0 fnt
|-unboost|p2a: Gholdengo|spa|1
|faint|p1a: Porygon2
|faint|p1b: Incineroar
|-damage|p2a: Gholdengo|61/100|[from] item: Life Orb
|
|upkeep
|
|t:|1756695096
|switch|p1b: Decidueye|Decidueye-Hisui, L50, M|67/100
|turn|10
|inactive|iwassliverfish has 30 seconds left.
|
|t:|1756695127
|-terastallize|p1b: Decidueye|Fire
|move|p2b: Alaskan Roll|Draco Meteor|p1b: Decidueye
|-damage|p1b: Decidueye|29/100
|-unboost|p2b: Alaskan Roll|spa|2
|move|p1b: Decidueye|Leaf Blade|p2a: Gholdengo
|-supereffective|p2a: Gholdengo
|-damage|p2a: Gholdengo|0 fnt
|faint|p2a: Gholdengo
|
|upkeep
|turn|11
|
|t:|1756695145
|move|p1b: Decidueye|Protect|p1b: Decidueye
|-singleturn|p1b: Decidueye|Protect
|move|p2b: Alaskan Roll|Draco Meteor|p1b: Decidueye
|-activate|p1b: Decidueye|move: Protect
|
|upkeep
|turn|12
|
|t:|1756695163
|move|p2b: Alaskan Roll|Draco Meteor|p1b: Decidueye
|-damage|p1b: Decidueye|7/100
|-unboost|p2b: Alaskan Roll|spa|2
|move|p1b: Decidueye|Triple Arrows|p2b: Alaskan Roll
|-damage|p2b: Alaskan Roll|18/100
|-unboost|p2b: Alaskan Roll|def|1
|
|upkeep
|turn|13
|
|t:|1756695176
|move|p1b: Decidueye|Protect|p1b: Decidueye
|-singleturn|p1b: Decidueye|Protect
|move|p2b: Alaskan Roll|Draco Meteor|p1b: Decidueye
|-activate|p1b: Decidueye|move: Protect
|
|upkeep
|turn|14
|inactive|iwassliverfish has 30 seconds left.
|
|t:|1756695210
|move|p1b: Decidueye|Protect||[still]
|-fail|p1b: Decidueye
|move|p2b: Alaskan Roll|Draco Meteor|p1b: Decidueye
|-damage|p1b: Decidueye|0 fnt
|faint|p1b: Decidueye
|
|win|Ribombees believer
|raw|iwassliverfish's rating: 1277 → 1261(-16 for losing)
|raw|Ribombees believer's rating: 1414 → 1426(+12 for winning)
