|j|☆sebastian.gough
|j|‽Streisten
|html|sebastian.goughStreisten    
|uhtml|bestof|Game 1 of a best-of-3
|t:|1756519967
|gametype|doubles
|player|p1|sebastian.gough|rocketgrunt|1000
|player|p2|Streisten|preschooler|1007
|gen|9
|tier|[Gen 9] VGC 2025 Reg H (Bo3)
|rated|
|rule|Species Clause: Limit one of each Pokémon
|rule|Item Clause: Limit 1 of each item
|clearpoke
|poke|p1|Electabuzz, L50, F|
|poke|p1|Incineroar, L50, M|
|poke|p1|Dragonite, L50, F|
|poke|p1|Kommo-o, L50, F|
|poke|p1|Yanmega, L50, M|
|poke|p1|Greninja-*, L50, M|
|poke|p2|Gholdengo, L50|
|poke|p2|Amoonguss, L50, F|
|poke|p2|Porygon2, L50|
|poke|p2|Incineroar, L50, M|
|poke|p2|Ursaluna, L50, F|
|poke|p2|Hydreigon, L50, M|
|teampreview|4
|showteam|p1|Electabuzz||Eviolite|VitalSpirit|Electroweb,FollowMe,HelpingHand,Thunderbolt|||F|||50|,,,,,Water]Incineroar||SafetyGoggles|Intimidate|FakeOut,KnockOff,PartingShot,FlareBlitz|||M|||50|,,,,,Ghost]Dragonite||WeaknessPolicy|Multiscale|Tailwind,DragonDance,Protect,ExtremeSpeed|||F|||50|,,,,,Normal]Kommo-o||CovertCloak|Overcoat|IronDefense,BodyPress,Coaching,Counter|||F|||50|,,,,,Fighting]Yanmega||FocusSash|SpeedBoost|Hypnosis,AirSlash,Tailwind,Detect|||M|||50|,,,,,Bug]Greninja||LifeOrb|Protean|MudSlap,DarkPulse,HydroPump,IcyWind|||M|||50|,,,,,Water
|showteam|p2|Gholdengo||MetalCoat|GoodasGold|MakeItRain,ShadowBall,NastyPlot,Protect||||||50|,,,,,Dragon]Amoonguss||CovertCloak|Regenerator|PollenPuff,Spore,RagePowder,Protect|||F|||50|,,,,,Fire]Porygon2||Eviolite|Download|TeraBlast,IceBeam,TrickRoom,Recover||||||50|,,,,,Fighting]Incineroar||SitrusBerry|Intimidate|FakeOut,FlareBlitz,KnockOff,PartingShot|||M|||50|,,,,,Grass]Ursaluna||FlameOrb|Guts|Facade,HeadlongRush,Earthquake,Protect|||F|||50|,,,,,Ghost]Hydreigon||SafetyGoggles|Levitate|DracoMeteor,Snarl,Tailwind,Protect|||M|||50|,,,,,Ghost
|
|t:|1756520015
|teamsize|p1|4
|teamsize|p2|4
|start
|switch|p1a: Dragonite|Dragonite, L50, F|100/100
|switch|p1b: Incineroar|Incineroar, L50, M|100/100
|switch|p2a: Porygon2|Porygon2, L50, shiny|100/100
|switch|p2b: Amoonguss|Amoonguss, L50, F, shiny|100/100
|-ability|p2a: Porygon2|Download|boost
|-boost|p2a: Porygon2|atk|1
|-ability|p1b: Incineroar|Intimidate|boost
|-unboost|p2a: Porygon2|atk|1
|-unboost|p2b: Amoonguss|atk|1
|turn|1
|
|t:|1756520046
|switch|p1a: Electabuzz|Electabuzz, L50, F|100/100
|move|p1b: Incineroar|Flare Blitz|p2b: Amoonguss
|-supereffective|p2b: Amoonguss
|-damage|p2b: Amoonguss|0 fnt
|faint|p2b: Amoonguss
|-damage|p1b: Incineroar|61/100|[from] Recoil
|move|p2a: Porygon2|Trick Room|p2a: Porygon2
|-fieldstart|move: Trick Room|[of] p2a: Porygon2
|
|upkeep
|
|t:|1756520055
|switch|p2b: Ursaluna|Ursaluna, L50, F, shiny|100/100
|turn|2
|
|t:|1756520080
|move|p1a: Electabuzz|Follow Me|p1a: Electabuzz
|-singleturn|p1a: Electabuzz|move: Follow Me
|move|p1b: Incineroar|Parting Shot|p2b: Ursaluna
|-unboost|p2b: Ursaluna|atk|1
|-unboost|p2b: Ursaluna|spa|1
|
|t:|1756520089
|switch|p1b: Dragonite|Dragonite, L50, F|100/100|[from] Parting Shot
|move|p2a: Porygon2|Ice Beam|p1a: Electabuzz
|-damage|p1a: Electabuzz|80/100
|move|p2b: Ursaluna|Earthquake|p1b: Dragonite|[spread] p2a,p1a
|-immune|p1b: Dragonite
|-supereffective|p1a: Electabuzz
|-damage|p2a: Porygon2|80/100
|-damage|p1a: Electabuzz|28/100
|
|-status|p2b: Ursaluna|brn|[from] item: Flame Orb
|upkeep
|turn|3
|
|t:|1756520117
|move|p2a: Porygon2|Tera Blast|p1a: Electabuzz
|-damage|p1a: Electabuzz|2/100
|move|p2b: Ursaluna|Facade|p1b: Dragonite
|-damage|p1b: Dragonite|54/100
|move|p1a: Electabuzz|Thunderbolt|p2a: Porygon2
|-damage|p2a: Porygon2|60/100
|move|p1b: Dragonite|Dragon Dance|p1b: Dragonite
|-boost|p1b: Dragonite|atk|1
|-boost|p1b: Dragonite|spe|1
|
|-damage|p2b: Ursaluna|94/100 brn|[from] brn
|upkeep
|turn|4
|
|t:|1756520138
|-terastallize|p2a: Porygon2|Fighting
|move|p1a: Electabuzz|Follow Me|p1a: Electabuzz
|-singleturn|p1a: Electabuzz|move: Follow Me
|move|p2a: Porygon2|Tera Blast|p1a: Electabuzz|[anim] Tera Blast Fighting
|-damage|p1a: Electabuzz|0 fnt
|faint|p1a: Electabuzz
|move|p2b: Ursaluna|Facade|p1b: Dragonite
|-damage|p1b: Dragonite|0 fnt
|faint|p1b: Dragonite
|
|-damage|p2b: Ursaluna|88/100 brn|[from] brn
|upkeep
|
|t:|1756520163
|switch|p1a: Greninja|Greninja, L50, M|100/100
|switch|p1b: Incineroar|Incineroar, L50, M|61/100
|-ability|p1b: Incineroar|Intimidate|boost
|-unboost|p2a: Porygon2|atk|1
|-unboost|p2b: Ursaluna|atk|1
|turn|5
|
|t:|1756520181
|switch|p2b: Gholdengo|Gholdengo, L50, shiny|100/100
|move|p1b: Incineroar|Fake Out|p2b: Gholdengo
|-immune|p2b: Gholdengo
|move|p2a: Porygon2|Tera Blast|p1b: Incineroar|[anim] Tera Blast Fighting
|-supereffective|p1b: Incineroar
|-damage|p1b: Incineroar|0 fnt
|faint|p1b: Incineroar
|move|p1a: Greninja|Mud-Slap|p2b: Gholdengo
|-start|p1a: Greninja|typechange|Ground|[from] ability: Protean
|-supereffective|p2b: Gholdengo
|-damage|p2b: Gholdengo|75/100
|-unboost|p2b: Gholdengo|accuracy|1
|-damage|p1a: Greninja|91/100|[from] item: Life Orb
|
|-fieldend|move: Trick Room
|upkeep
|turn|6
|
|t:|1756520209
|-terastallize|p1a: Greninja|Water
|move|p2b: Gholdengo|Protect|p2b: Gholdengo
|-singleturn|p2b: Gholdengo|Protect
|move|p1a: Greninja|Hydro Pump|p2a: Porygon2
|-damage|p2a: Porygon2|23/100
|-damage|p1a: Greninja|81/100|[from] item: Life Orb
|move|p2a: Porygon2|Ice Beam|p1a: Greninja
|-resisted|p1a: Greninja
|-damage|p1a: Greninja|58/100
|
|upkeep
|turn|7
|
|t:|1756520226
|move|p1a: Greninja|Dark Pulse|p2b: Gholdengo
|-supereffective|p2b: Gholdengo
|-damage|p2b: Gholdengo|11/100
|-damage|p1a: Greninja|49/100|[from] item: Life Orb
|move|p2b: Gholdengo|Shadow Ball|p1a: Greninja
|-damage|p1a: Greninja|0 fnt
|faint|p1a: Greninja
|
|win|Streisten
||Streisten is ready for game 2.
