|j|☆we_are_toasted
|j|☆A Regu1ar Guy
|html|we_are_toastedA Regu1ar Guy    
|uhtml|bestof|Game 1 of a best-of-3
|t:|1784492705
|gametype|doubles
|player|p1|we_are_toasted|102|1305
|player|p2|A Regu1ar Guy|elesa|1325
|gen|9
|tier|[Gen 9 Champions] VGC 2026 Reg M-B (Bo3)
|rated|
|rule|Species Clause: Limit one of each Pokémon
|rule|Item Clause: Limit 1 of each item
|clearpoke
|poke|p1|Froslass, L50, F|
|poke|p1|Sneasler, L50, M, shiny|
|poke|p1|Lycanroc-Dusk, L50, F, shiny|
|poke|p1|Basculegion, L50, M|
|poke|p1|Kingambit, L50, M, shiny|
|poke|p1|Scovillain, L50, F|
|poke|p2|Froslass, L50, F|
|poke|p2|Dragonite, L50, F|
|poke|p2|Sneasler, L50, F|
|poke|p2|Kingambit, L50, F|
|poke|p2|Arcanine-Hisui, L50, F|
|poke|p2|Whimsicott, L50, F|
|teampreview|4
|showteam|p1|Froslass||Froslassite|CursedBody|Blizzard,ShadowBall,AuroraVeil,Protect|Timid||F|||50|]Sneasler||WhiteHerb|Unburden|CloseCombat,GunkShot,Protect,FakeOut|Adamant||M|||50|]Lycanroc-Dusk||FocusSash|ToughClaws|RockSlide,Accelerock,CloseCombat,Protect|Adamant||F|||50|]Basculegion||SitrusBerry|Adaptability|WaveCrash,LastRespects,AquaJet,Protect|Adamant||M|||50|]Kingambit||LifeOrb|Defiant|KowtowCleave,SuckerPunch,SwordsDance,Protect|Adamant||M|||50|]Scovillain||Scovillainite|Moody|GigaDrain,Overheat,RagePowder,Protect|Bold||F|||50|
|showteam|p2|Froslass||Froslassite|CursedBody|Blizzard,ShadowBall,AuroraVeil,Protect|Timid||F|||50|]Dragonite||LifeOrb|InnerFocus|DragonClaw,ExtremeSpeed,LowKick,Protect|Adamant||F|||50|]Sneasler||WhiteHerb|Unburden|CloseCombat,DireClaw,FakeOut,Protect|Adamant||F|||50|]Kingambit||BlackGlasses|Defiant|KowtowCleave,SuckerPunch,SwordsDance,Protect|Adamant||F|||50|]Arcanine-Hisui||FocusSash|RockHead|FlareBlitz,HeadSmash,ExtremeSpeed,Protect|Jolly||F|||50|]Whimsicott||FairyFeather|Prankster|Moonblast,Tailwind,Encore,Protect|Bold||F|||50|
|inactive|Battle timer is ON: inactive players will automatically lose when time's up. (requested by A Regu1ar Guy)
|inactive|we_are_toasted has 60 seconds left.
|inactive|A Regu1ar Guy has 60 seconds left.
|inactive|we_are_toasted has 30 seconds left.
|inactive|we_are_toasted has 20 seconds left.
|inactive|we_are_toasted has 15 seconds left.
|inactive|we_are_toasted has 10 seconds left.
|
|t:|1784492786
|teamsize|p1|4
|teamsize|p2|4
|start
|switch|p1a: Kingambit|Kingambit, L50, M, shiny|100/100
|switch|p1b: Scovillain|Scovillain, L50, F|100/100
|switch|p2a: Froslass|Froslass, L50, F|100/100
|switch|p2b: Arcanine|Arcanine-Hisui, L50, F|100/100
|turn|1
|inactive|we_are_toasted has 30 seconds left.
|
|t:|1784492819
|detailschange|p2a: Froslass|Froslass-Mega, L50, F
|-mega|p2a: Froslass|Froslass|Froslassite
|-weather|Snowscape|[from] ability: Snow Warning|[of] p2a: Froslass
|detailschange|p1b: Scovillain|Scovillain-Mega, L50, F
|-mega|p1b: Scovillain|Scovillain|Scovillainite
|move|p2a: Froslass|Aurora Veil|p2a: Froslass
|-sidestart|p2: A Regu1ar Guy|move: Aurora Veil
|move|p2b: Arcanine|Flare Blitz|p1a: Kingambit
|-supereffective|p1a: Kingambit|1
|-damage|p1a: Kingambit|10/100
|move|p1b: Scovillain|Overheat|p2a: Froslass|[miss]
|-miss|p1b: Scovillain|p2a: Froslass
|move|p1a: Kingambit|Swords Dance|p1a: Kingambit
|-boost|p1a: Kingambit|atk|2
|
|-weather|Snowscape|[upkeep]
|upkeep
|turn|2
|
|t:|1784492840
|move|p1a: Kingambit|Protect|p1a: Kingambit
|-singleturn|p1a: Kingambit|Protect
|move|p2b: Arcanine|Extreme Speed|p1a: Kingambit
|-activate|p1a: Kingambit|move: Protect
|move|p2a: Froslass|Blizzard|p1a: Kingambit|[spread] p1b
|-activate|p1a: Kingambit|move: Protect
|-damage|p1b: Scovillain|62/100
|-status|p1b: Scovillain|frz
|-status|p2a: Froslass|brn|[from] ability: Spicy Spray|[of] p1b: Scovillain
|cant|p1b: Scovillain|frz
|
|-weather|Snowscape|[upkeep]
|-damage|p2a: Froslass|94/100 brn|[from] brn
|upkeep
|turn|3
|
|t:|1784492858
|switch|p1a: Basculegion|Basculegion, L50, M|100/100
|move|p2b: Arcanine|Extreme Speed|p1a: Basculegion
|-immune|p1a: Basculegion
|move|p2a: Froslass|Blizzard|p1b: Scovillain|[spread] p1a,p1b
|-resisted|p1a: Basculegion|1
|-damage|p1a: Basculegion|81/100
|-damage|p1b: Scovillain|25/100 frz
|cant|p1b: Scovillain|frz
|
|-weather|Snowscape|[upkeep]
|-damage|p2a: Froslass|88/100 brn|[from] brn
|upkeep
|turn|4
|inactive|we_are_toasted has 30 seconds left.
|
|t:|1784492891
|switch|p2b: Kingambit|Kingambit, L50, F|100/100
|-curestatus|p1b: Scovillain|frz|[msg]
|move|p1b: Scovillain|Rage Powder|p1b: Scovillain
|-singleturn|p1b: Scovillain|move: Rage Powder
|move|p1a: Basculegion|Aqua Jet|p2b: Kingambit
|-damage|p2b: Kingambit|86/100
|move|p2a: Froslass|Blizzard|p1b: Scovillain|[spread] p1a,p1b
|-resisted|p1a: Basculegion|1
|-damage|p1a: Basculegion|62/100
|-damage|p1b: Scovillain|0 fnt
|faint|p1b: Scovillain
|
|-weather|Snowscape|[upkeep]
|-damage|p2a: Froslass|82/100 brn|[from] brn
|upkeep
|
|t:|1784492900
|switch|p1b: Lycanroc|Lycanroc-Dusk, L50, F, shiny|100/100
|turn|5
|
|t:|1784492914
|move|p2b: Kingambit|Sucker Punch|p1b: Lycanroc
|-damage|p1b: Lycanroc|19/100
|move|p2a: Froslass|Blizzard|p1b: Lycanroc|[spread] p1a,p1b
|-resisted|p1a: Basculegion|1
|-crit|p1a: Basculegion
|-damage|p1a: Basculegion|33/100
|-damage|p1b: Lycanroc|0 fnt
|-enditem|p1a: Basculegion|Sitrus Berry|[eat]
|-heal|p1a: Basculegion|58/100|[from] item: Sitrus Berry
|faint|p1b: Lycanroc
|move|p1a: Basculegion|Last Respects|p2a: Froslass
|-supereffective|p2a: Froslass|1
|-damage|p2a: Froslass|0 fnt
|faint|p2a: Froslass
|
|-weather|none
|-sideend|p2: A Regu1ar Guy|move: Aurora Veil
|upkeep
|
|t:|1784492924
|switch|p2a: Dragonite|Dragonite, L50, F|100/100
|switch|p1b: Kingambit|Kingambit, L50, M, shiny|10/100
|turn|6
|-message|we_are_toasted forfeited.
|
|win|A Regu1ar Guy
