|j|☆ClumbsyLilBeach
|j|☆lux raymundi
|html|ClumbsyLilBeachlux raymundi    
|uhtml|bestof|Game 1 of a best-of-3
|t:|1785627962
|gametype|doubles
|player|p1|ClumbsyLilBeach|jasmine|1120
|player|p2|lux raymundi|1|1290
|gen|9
|tier|[Gen 9 Champions] VGC 2026 Reg M-B (Bo3)
|rated|
|rule|Species Clause: Limit one of each Pokémon
|rule|Item Clause: Limit 1 of each item
|clearpoke
|poke|p1|Swampert, L50, M|
|poke|p1|Pelipper, L50, F|
|poke|p1|Basculegion, L50, M|
|poke|p1|Slowbro, L50, M|
|poke|p1|Blastoise, L50, M|
|poke|p1|Milotic, L50, M|
|poke|p2|Sneasler, L50, M|
|poke|p2|Blastoise, L50, M|
|poke|p2|Kingambit, L50, M|
|poke|p2|Incineroar, L50, M|
|poke|p2|Delphox, L50, F|
|poke|p2|Sinistcha, L50|
|teampreview|4
|showteam|p1|Swampert||Swampertite|Damp|Earthquake,Waterfall,BulkUp,Protect|Jolly||M|||50|]Pelipper||FocusSash|Drizzle|WideGuard,Tailwind,Hurricane,WeatherBall|Timid||F|||50|]Basculegion||ChoiceScarf|Adaptability|LastRespects,WaveCrash,FlipTurn,AquaJet|Jolly||M|||50|]Slowbro||Leftovers|Oblivious|TrickRoom,HealPulse,RainDance,Psychic|Relaxed||M|||50|]Blastoise||Blastoisinite|RainDish|FakeOut,Protect,WaterSpout,WaterPulse|Quiet||M|||50|]Milotic||SitrusBerry|Competitive|Protect,Scald,IceBeam,IcyWind|Modest||M|||50|
|showteam|p2|Sneasler||FocusSash|PoisonTouch|PoisonJab,CloseCombat,FakeOut,QuickGuard|Jolly||M|||50|]Blastoise||Blastoisinite|RainDish|DarkPulse,WaterSpout,ShellSmash,Protect|Modest||M|||50|]Kingambit||BlackGlasses|Defiant|KowtowCleave,SuckerPunch,SwordsDance,Protect|Adamant||M|||50|]Incineroar||SitrusBerry|Intimidate|FlareBlitz,ThroatChop,PartingShot,FakeOut|Careful||M|||50|]Delphox||Delphoxite|Blaze|HeatWave,NastyPlot,Psychic,Protect|Timid||F|||50|]Sinistcha||KasibBerry|Hospitality|MatchaGotcha,RagePowder,TrickRoom,Protect|Bold|||||50|
|inactive|Battle timer is ON: inactive players will automatically lose when time's up. (requested by ClumbsyLilBeach)
|inactive|ClumbsyLilBeach has 60 seconds left.
|
|t:|1785627996
|teamsize|p1|4
|teamsize|p2|4
|start
|switch|p1a: Basculegion|Basculegion, L50, M|100/100
|switch|p1b: Pelipper|Pelipper, L50, F|100/100
|switch|p2a: Sneasler|Sneasler, L50, M|100/100
|switch|p2b: Blastoise|Blastoise, L50, M|100/100
|-weather|RainDance|[from] ability: Drizzle|[of] p1b: Pelipper
|turn|1
|inactive|lux raymundi has 30 seconds left.
|
|t:|1785628029
|switch|p2b: Kingambit|Kingambit, L50, M|100/100
|switch|p1b: Milotic|Milotic, L50, M|100/100
|move|p2a: Sneasler|Fake Out|p1b: Milotic
|-damage|p1b: Milotic|84/100
|move|p1a: Basculegion|Wave Crash|p2a: Sneasler
|-enditem|p2a: Sneasler|Focus Sash
|-damage|p2a: Sneasler|1/100
|-damage|p1a: Basculegion|76/100|[from] Recoil
|
|-weather|RainDance|[upkeep]
|upkeep
|turn|2
|inactive|ClumbsyLilBeach has 30 seconds left.
|
|t:|1785628063
|switch|p1a: Swampert|Swampert, L50, M|100/100
|move|p2a: Sneasler|Close Combat|p1b: Milotic
|-crit|p1b: Milotic
|-damage|p1b: Milotic|0 fnt
|-unboost|p2a: Sneasler|def|1
|-unboost|p2a: Sneasler|spd|1
|faint|p1b: Milotic
|move|p2b: Kingambit|Kowtow Cleave|p1a: Swampert
|-damage|p1a: Swampert|49/100
|
|-weather|RainDance|[upkeep]
|upkeep
|
|t:|1785628080
|switch|p1b: Pelipper|Pelipper, L50, F|100/100
|turn|3
|
|t:|1785628089
|switch|p2a: Blastoise|Blastoise, L50, M|100/100
|detailschange|p1a: Swampert|Swampert-Mega, L50, M
|-mega|p1a: Swampert|Swampert|Swampertite
|move|p2b: Kingambit|Protect|p2b: Kingambit
|-singleturn|p2b: Kingambit|Protect
|move|p1a: Swampert|Earthquake|p2a: Blastoise|[spread] p2a
|-activate|p2b: Kingambit|move: Protect
|-immune|p1b: Pelipper
|-damage|p2a: Blastoise|56/100
|move|p1b: Pelipper|Tailwind|p1b: Pelipper
|-sidestart|p1: ClumbsyLilBeach|move: Tailwind
|
|-weather|RainDance|[upkeep]
|-heal|p2a: Blastoise|62/100|[from] ability: Rain Dish
|upkeep
|turn|4
|inactive|ClumbsyLilBeach has 30 seconds left.
|
|t:|1785628114
|switch|p2b: Sinistcha|Sinistcha, L50|100/100
|-heal|p2a: Blastoise|87/100|[from] ability: Hospitality|[of] p2b: Sinistcha
|detailschange|p2a: Blastoise|Blastoise-Mega, L50, M
|-mega|p2a: Blastoise|Blastoise|Blastoisinite
|move|p1a: Swampert|Earthquake|p2a: Blastoise|[spread] p2a,p2b
|-immune|p1b: Pelipper
|-resisted|p2b: Sinistcha|1
|-damage|p2a: Blastoise|49/100
|-damage|p2b: Sinistcha|84/100
|move|p1b: Pelipper|Hurricane|p2a: Blastoise
|-damage|p2a: Blastoise|0 fnt
|faint|p2a: Blastoise
|
|-weather|RainDance|[upkeep]
|upkeep
|
|t:|1785628128
|switch|p2a: Kingambit|Kingambit, L50, M|100/100
|turn|5
|
|t:|1785628138
|move|p2a: Kingambit|Protect|p2a: Kingambit
|-singleturn|p2a: Kingambit|Protect
|move|p1b: Pelipper|Wide Guard|p1b: Pelipper
|-singleturn|p1b: Pelipper|Wide Guard
|move|p1a: Swampert|Earthquake|p2a: Kingambit|[spread] p2b
|-activate|p1b: Pelipper|move: Wide Guard
|-activate|p2a: Kingambit|move: Protect
|-resisted|p2b: Sinistcha|1
|-damage|p2b: Sinistcha|67/100
|move|p2b: Sinistcha|Matcha Gotcha|p1a: Swampert|[spread] 
|-activate|p1a: Swampert|move: Wide Guard
|-activate|p1b: Pelipper|move: Wide Guard
|
|-weather|none
|upkeep
|turn|6
|
|t:|1785628156
|move|p1b: Pelipper|Wide Guard|p1b: Pelipper
|-singleturn|p1b: Pelipper|Wide Guard
|move|p1a: Swampert|Earthquake|p2b: Sinistcha|[spread] p2a,p2b
|-activate|p1b: Pelipper|move: Wide Guard
|-supereffective|p2a: Kingambit|1
|-resisted|p2b: Sinistcha|1
|-damage|p2a: Kingambit|43/100
|-damage|p2b: Sinistcha|51/100
|move|p2b: Sinistcha|Matcha Gotcha|p1b: Pelipper|[spread] 
|-activate|p1a: Swampert|move: Wide Guard
|-activate|p1b: Pelipper|move: Wide Guard
|move|p2a: Kingambit|Kowtow Cleave|p1b: Pelipper
|-damage|p1b: Pelipper|25/100
|
|-sideend|p1: ClumbsyLilBeach|move: Tailwind
|upkeep
|turn|7
|
|t:|1785628174
|move|p2a: Kingambit|Protect|p2a: Kingambit
|-singleturn|p2a: Kingambit|Protect
|move|p1b: Pelipper|Wide Guard|p1b: Pelipper
|-singleturn|p1b: Pelipper|Wide Guard
|move|p1a: Swampert|Earthquake|p2b: Sinistcha|[spread] p2b
|-activate|p1b: Pelipper|move: Wide Guard
|-activate|p2a: Kingambit|move: Protect
|-resisted|p2b: Sinistcha|1
|-damage|p2b: Sinistcha|34/100
|move|p2b: Sinistcha|Trick Room|p2b: Sinistcha
|-fieldstart|move: Trick Room|[of] p2b: Sinistcha
|
|upkeep
|turn|8
|
|t:|1785628193
|move|p1b: Pelipper|Wide Guard|p1b: Pelipper
|-singleturn|p1b: Pelipper|Wide Guard
|move|p2a: Kingambit|Kowtow Cleave|p1a: Swampert
|-damage|p1a: Swampert|2/100
|move|p2b: Sinistcha|Matcha Gotcha|p1b: Pelipper|[spread] 
|-activate|p1a: Swampert|move: Wide Guard
|-activate|p1b: Pelipper|move: Wide Guard
|move|p1a: Swampert|Earthquake|p2b: Sinistcha|[spread] p2a,p2b
|-activate|p1b: Pelipper|move: Wide Guard
|-supereffective|p2a: Kingambit|1
|-resisted|p2b: Sinistcha|1
|-damage|p2a: Kingambit|0 fnt
|-damage|p2b: Sinistcha|17/100
|faint|p2a: Kingambit
|
|upkeep
|
|t:|1785628201
|switch|p2a: Sneasler|Sneasler, L50, M|1/100
|turn|9
|inactive|ClumbsyLilBeach has 30 seconds left.
|inactive|ClumbsyLilBeach has 20 seconds left.
|
|t:|1785628239
|move|p1b: Pelipper|Wide Guard|p1b: Pelipper
|-singleturn|p1b: Pelipper|Wide Guard
|move|p2a: Sneasler|Fake Out|p1b: Pelipper
|-crit|p1b: Pelipper
|-damage|p1b: Pelipper|0 fnt
|faint|p1b: Pelipper
|move|p2b: Sinistcha|Matcha Gotcha|p1a: Swampert
|-activate|p1a: Swampert|move: Wide Guard
|move|p1a: Swampert|Earthquake|p2b: Sinistcha|[spread] p2a,p2b
|-supereffective|p2a: Sneasler|1
|-resisted|p2b: Sinistcha|1
|-crit|p2b: Sinistcha
|-damage|p2a: Sneasler|0 fnt
|-damage|p2b: Sinistcha|0 fnt
|faint|p2a: Sneasler
|faint|p2b: Sinistcha
|
|win|ClumbsyLilBeach
||lux raymundi is ready for game 2.
|inactive|ClumbsyLilBeach has 30 seconds to confirm battle start!
||ClumbsyLilBeach is ready for game 2.
|uhtml|next|Next: Game 2 of 3
