|j|☆Ninjaloki
|j|☆jxnh
|html|Ninjalokijxnh    
|uhtml|bestof|Game 2 of a best-of-3
|t:|1756506300
|gametype|doubles
|player|p1|Ninjaloki|2|1090
|player|p2|jxnh|102|1193
|gen|9
|tier|[Gen 9] VGC 2025 Reg H (Bo3)
|rated|
|rule|Species Clause: Limit one of each Pokémon
|rule|Item Clause: Limit 1 of each item
|clearpoke
|poke|p1|Charizard, L50, M|
|poke|p1|Torkoal, L50, M|
|poke|p1|Porygon2, L50|
|poke|p1|Incineroar, L50, F|
|poke|p1|Jumpluff, L50, M|
|poke|p1|Ursaluna, L50, M|
|poke|p2|Corviknight, L50, F|
|poke|p2|Sneasler, L50, F|
|poke|p2|Garchomp, L50, F|
|poke|p2|Incineroar, L50, M|
|poke|p2|Araquanid, L50, F|
|poke|p2|Ursaluna-Bloodmoon, L50, M|
|teampreview|4
|showteam|p1|Charizard||ChoiceSpecs|SolarPower|HeatWave,Overheat,WeatherBall,AirSlash|||M|||50|,,,,,Ghost]Torkoal||EjectPack|Drought|Eruption,Overheat,HelpingHand,Protect|||M|||50|,,,,,Fire]Porygon2||Eviolite|Download|TeraBlast,IceBeam,Recover,TrickRoom||||||50|,,,,,Fighting]Incineroar||SitrusBerry|Intimidate|FlareBlitz,KnockOff,FakeOut,PartingShot|||F|||50|,,,,,Ghost]Jumpluff||CovertCloak|Chlorophyll|SleepPowder,SunnyDay,RagePowder,Tailwind|||M|||50|,,,,,Water]Ursaluna||FlameOrb|Guts|HeadlongRush,Facade,Earthquake,Protect|||M|||50|,,,,,Ghost
|showteam|p2|Corviknight||Leftovers|MirrorArmor|DualWingbeat,BodyPress,IronDefense,Protect|||F|||50|,,,,,Fire]Sneasler||FocusSash|Unburden|DireClaw,CloseCombat,Coaching,Protect|||F|||50|,,,,,Ghost]Garchomp||LoadedDice|RoughSkin|StompingTantrum,Earthquake,ScaleShot,Protect|||F|||50|,,,,,Fairy]Incineroar||SitrusBerry|Intimidate|FakeOut,KnockOff,PartingShot,FlareBlitz|||M|||50|,,,,,Ghost]Araquanid||RoomService|WaterBubble|Liquidation,LeechLife,WideGuard,Protect|||F|||50|,,,,,Grass]Ursaluna-Bloodmoon||AssaultVest|MindsEye|HyperVoice,EarthPower,BloodMoon,Snarl|||M|||50|,,,,,Grass
|
|t:|1756506315
|teamsize|p1|4
|teamsize|p2|4
|start
|switch|p1a: Jumpluff|Jumpluff, L50, M|100/100
|switch|p1b: Torkoal|Torkoal, L50, M|100/100
|switch|p2a: Araquanid|Araquanid, L50, F|100/100
|switch|p2b: Ursaluna|Ursaluna-Bloodmoon, L50, M|100/100
|-weather|SunnyDay|[from] ability: Drought|[of] p1b: Torkoal
|turn|1
|inactive|Battle timer is ON: inactive players will automatically lose when time's up. (requested by Ninjaloki)
|inactive|jxnh has 60 seconds left.
|
|t:|1756506348
|-terastallize|p2a: Araquanid|Grass
|move|p1a: Jumpluff|Sleep Powder|p2a: Araquanid
|-immune|p2a: Araquanid
|move|p2b: Ursaluna|Hyper Voice|p1a: Jumpluff|[spread] p1a,p1b
|-damage|p1a: Jumpluff|56/100
|-damage|p1b: Torkoal|46/100
|move|p2a: Araquanid|Liquidation|p1b: Torkoal
|-supereffective|p1b: Torkoal
|-damage|p1b: Torkoal|0 fnt
|faint|p1b: Torkoal
|
|-weather|SunnyDay|[upkeep]
|upkeep
|
|t:|1756506362
|switch|p1b: Charizard|Charizard, L50, M|100/100
|turn|2
|
|t:|1756506376
|move|p2a: Araquanid|Protect|p2a: Araquanid
|-singleturn|p2a: Araquanid|Protect
|move|p1a: Jumpluff|Rage Powder|p1a: Jumpluff
|-singleturn|p1a: Jumpluff|move: Rage Powder
|move|p1b: Charizard|Heat Wave|p2b: Ursaluna|[spread] p2b
|-activate|p2a: Araquanid|move: Protect
|-damage|p2b: Ursaluna|11/100
|move|p2b: Ursaluna|Snarl|p1a: Jumpluff|[spread] p1a,p1b
|-damage|p1a: Jumpluff|39/100
|-damage|p1b: Charizard|80/100
|-unboost|p1b: Charizard|spa|1
|
|-weather|SunnyDay|[upkeep]
|-damage|p1b: Charizard|67/100|[from] ability: Solar Power|[of] p1b: Charizard
|upkeep
|turn|3
|
|t:|1756506393
|move|p2a: Araquanid|Wide Guard|p2a: Araquanid
|-singleturn|p2a: Araquanid|Wide Guard
|move|p1a: Jumpluff|Rage Powder|p1a: Jumpluff
|-singleturn|p1a: Jumpluff|move: Rage Powder
|move|p1b: Charizard|Heat Wave|p2a: Araquanid|[spread] 
|-activate|p2a: Araquanid|move: Wide Guard
|-activate|p2b: Ursaluna|move: Wide Guard
|move|p2b: Ursaluna|Hyper Voice|p1a: Jumpluff|[spread] p1a,p1b
|-damage|p1a: Jumpluff|0 fnt
|-damage|p1b: Charizard|14/100
|faint|p1a: Jumpluff
|
|-weather|SunnyDay|[upkeep]
|-damage|p1b: Charizard|1/100|[from] ability: Solar Power|[of] p1b: Charizard
|upkeep
|
|t:|1756506409
|switch|p1a: Ursaluna|Ursaluna, L50, M|100/100
|turn|4
|
|t:|1756506416
|move|p2a: Araquanid|Wide Guard|p2a: Araquanid
|-singleturn|p2a: Araquanid|Wide Guard
|move|p1b: Charizard|Heat Wave|p2a: Araquanid|[spread] 
|-activate|p2a: Araquanid|move: Wide Guard
|-activate|p2b: Ursaluna|move: Wide Guard
|move|p1a: Ursaluna|Facade|p2a: Araquanid
|-damage|p2a: Araquanid|52/100
|move|p2b: Ursaluna|Blood Moon|p1a: Ursaluna
|-damage|p1a: Ursaluna|27/100
|
|-weather|SunnyDay|[upkeep]
|-damage|p1b: Charizard|0 fnt|[from] ability: Solar Power|[of] p1b: Charizard
|faint|p1b: Charizard
|-status|p1a: Ursaluna|brn|[from] item: Flame Orb
|upkeep
|turn|5
|
|t:|1756506435
|move|p1a: Ursaluna|Earthquake|p2b: Ursaluna|[spread] p2a,p2b
|-resisted|p2a: Araquanid
|-damage|p2a: Araquanid|14/100
|-damage|p2b: Ursaluna|0 fnt
|faint|p2b: Ursaluna
|move|p2a: Araquanid|Liquidation|p1a: Ursaluna
|-supereffective|p1a: Ursaluna
|-damage|p1a: Ursaluna|0 fnt
|faint|p1a: Ursaluna
|
|win|jxnh
|raw|Ninjaloki's rating: 1090 → 1073(-17 for losing)
|raw|jxnh's rating: 1193 → 1211(+18 for winning)
