|j|☆nicven
|j|☆damage77
|html|nicvendamage77    
|uhtml|bestof|Game 3 of a best-of-3
|t:|1756301189
|gametype|doubles
|player|p1|nicven|2|1360
|player|p2|damage77|ash|1411
|gen|9
|tier|[Gen 9] VGC 2025 Reg H (Bo3)
|rated|
|rule|Species Clause: Limit one of each Pokémon
|rule|Item Clause: Limit 1 of each item
|clearpoke
|poke|p1|Garchomp, L50, M|
|poke|p1|Jumpluff, L50, F|
|poke|p1|Kingambit, L50, M|
|poke|p1|Torkoal, L50, F|
|poke|p1|Typhlosion-Hisui, L50, F|
|poke|p1|Dragonite, L50, F|
|poke|p2|Ninetales-Alola, L50, F|
|poke|p2|Gholdengo, L50|
|poke|p2|Dragonite, L50, F|
|poke|p2|Annihilape, L50, M|
|poke|p2|Ursaluna-Bloodmoon, L50, M|
|poke|p2|Incineroar, L50, F|
|teampreview|4
|showteam|p1|Garchomp||LifeOrb|RoughSkin|DragonClaw,StompingTantrum,Earthquake,Protect|||M|||50|,,,,,Fairy]Jumpluff||CovertCloak|Chlorophyll|Tailwind,SleepPowder,Encore,LeafStorm|||F|||50|,,,,,Poison]Kingambit||AssaultVest|Defiant|Assurance,SuckerPunch,IronHead,LowKick|||M|||50|,,,,,Flying]Torkoal||EjectPack|Drought|Overheat,BurningJealousy,HelpingHand,Protect|||F|||50|,,,,,Flying]Typhlosion-Hisui||ChoiceSpecs|Blaze|Eruption,HeatWave,ShadowBall,Overheat|||F|||50|,,,,,Fire]Dragonite||LoadedDice|Multiscale|ScaleShot,IceSpinner,ExtremeSpeed,Protect|||F|||50|,,,,,Fairy
|showteam|p2|Ninetales-Alola||LightClay|SnowWarning|IcicleSpear,Blizzard,AuroraVeil,IcyWind|||F|||50|,,,,,Ghost]Gholdengo||ChoiceScarf|GoodasGold|MakeItRain,ShadowBall,Trick,NastyPlot||||||50|,,,,,Steel]Dragonite||LoadedDice|Multiscale|ScaleShot,ExtremeSpeed,Protect,Haze|||F|||50|,,,,,Normal]Annihilape||SafetyGoggles|Defiant|DrainPunch,RageFist,BulkUp,Protect|||M|||50|,,,,,Fire]Ursaluna-Bloodmoon||AssaultVest|MindsEye|BloodMoon,HyperVoice,EarthPower,VacuumWave|||M|||50|,,,,,Water]Incineroar||SitrusBerry|Intimidate|FakeOut,FlareBlitz,KnockOff,PartingShot|||F|||50|,,,,,Ghost
|
|t:|1756301261
|teamsize|p1|4
|teamsize|p2|4
|start
|switch|p1a: Garchomp|Garchomp, L50, M|100/100
|switch|p1b: Typhlosion|Typhlosion-Hisui, L50, F|100/100
|switch|p2a: Annihilape|Annihilape, L50, M|100/100
|switch|p2b: Ninetales|Ninetales-Alola, L50, F|100/100
|-weather|Snowscape|[from] ability: Snow Warning|[of] p2b: Ninetales
|turn|1
|
|t:|1756301294
|-terastallize|p1a: Garchomp|Fairy
|move|p2b: Ninetales|Icy Wind|p1b: Typhlosion|[spread] p1a,p1b
|-resisted|p1b: Typhlosion
|-crit|p1b: Typhlosion
|-damage|p1a: Garchomp|87/100
|-damage|p1b: Typhlosion|88/100
|-unboost|p1a: Garchomp|spe|1
|-unboost|p1b: Typhlosion|spe|1
|move|p2a: Annihilape|Rage Fist|p1b: Typhlosion
|-supereffective|p1b: Typhlosion
|-damage|p1b: Typhlosion|30/100
|move|p1a: Garchomp|Stomping Tantrum|p2b: Ninetales
|-damage|p2b: Ninetales|62/100
|-damage|p1a: Garchomp|77/100|[from] item: Life Orb
|move|p1b: Typhlosion|Eruption|p2b: Ninetales|[spread] p2a,p2b
|-supereffective|p2b: Ninetales
|-damage|p2a: Annihilape|66/100
|-damage|p2b: Ninetales|0 fnt
|faint|p2b: Ninetales
|
|-weather|Snowscape|[upkeep]
|upkeep
|
|t:|1756301321
|switch|p2b: Ursaluna|Ursaluna-Bloodmoon, L50, M|100/100
|turn|2
|
|t:|1756301339
|switch|p1a: Kingambit|Kingambit, L50, M|100/100
|switch|p1b: Jumpluff|Jumpluff, L50, F|100/100
|move|p2a: Annihilape|Bulk Up|p2a: Annihilape
|-boost|p2a: Annihilape|atk|1
|-boost|p2a: Annihilape|def|1
|move|p2b: Ursaluna|Blood Moon|p1a: Kingambit
|-resisted|p1a: Kingambit
|-damage|p1a: Kingambit|77/100
|
|-weather|Snowscape|[upkeep]
|upkeep
|turn|3
|j| Trestkon
|
|t:|1756301427
|move|p2b: Ursaluna|Vacuum Wave|p1a: Kingambit
|-supereffective|p1a: Kingambit
|-damage|p1a: Kingambit|35/100
|move|p1b: Jumpluff|Encore|p2a: Annihilape
|-start|p2a: Annihilape|Encore
|move|p2a: Annihilape|Bulk Up|p2a: Annihilape
|-boost|p2a: Annihilape|atk|1
|-boost|p2a: Annihilape|def|1
|move|p1a: Kingambit|Low Kick|p2b: Ursaluna
|-supereffective|p2b: Ursaluna
|-damage|p2b: Ursaluna|31/100
|
|-weather|Snowscape|[upkeep]
|upkeep
|turn|4
|l| Trestkon
|
|t:|1756301462
|switch|p2b: Dragonite|Dragonite, L50, F|100/100
|move|p1b: Jumpluff|Sleep Powder|p2b: Dragonite|[miss]
|-miss|p1b: Jumpluff|p2b: Dragonite
|move|p2a: Annihilape|Bulk Up|p2a: Annihilape
|-boost|p2a: Annihilape|atk|1
|-boost|p2a: Annihilape|def|1
|move|p1a: Kingambit|Low Kick|p2b: Dragonite
|-resisted|p2b: Dragonite
|-damage|p2b: Dragonite|88/100
|
|-weather|Snowscape|[upkeep]
|upkeep
|turn|5
|
|t:|1756301525
|move|p1a: Kingambit|Sucker Punch|p2b: Dragonite
|-damage|p2b: Dragonite|43/100
|move|p1b: Jumpluff|Sleep Powder|p2b: Dragonite
|-status|p2b: Dragonite|slp|[from] move: Sleep Powder
|move|p2a: Annihilape|Bulk Up|p2a: Annihilape
|-boost|p2a: Annihilape|atk|1
|-boost|p2a: Annihilape|def|1
|cant|p2b: Dragonite|slp
|
|-weather|none
|-end|p2a: Annihilape|Encore
|upkeep
|turn|6
|
|t:|1756301579
|move|p2a: Annihilape|Protect|p2a: Annihilape
|-singleturn|p2a: Annihilape|Protect
|-curestatus|p2b: Dragonite|slp|[msg]
|move|p2b: Dragonite|Extreme Speed|p1b: Jumpluff
|-damage|p1b: Jumpluff|59/100
|move|p1a: Kingambit|Sucker Punch||[still]
|-fail|p1a: Kingambit
|move|p1b: Jumpluff|Encore|p2a: Annihilape
|-activate|p2a: Annihilape|move: Protect
|
|upkeep
|turn|7
|
|t:|1756301607
|-terastallize|p2b: Dragonite|Normal
|move|p2b: Dragonite|Extreme Speed|p1b: Jumpluff
|-damage|p1b: Jumpluff|3/100
|move|p1b: Jumpluff|Encore|p2a: Annihilape
|-start|p2a: Annihilape|Encore
|move|p2a: Annihilape|Protect||[still]
|-fail|p2a: Annihilape
|move|p1a: Kingambit|Iron Head|p2b: Dragonite
|-damage|p2b: Dragonite|0 fnt
|faint|p2b: Dragonite
|
|upkeep
|
|t:|1756301618
|switch|p2b: Ursaluna|Ursaluna-Bloodmoon, L50, M|31/100
|turn|8
|
|t:|1756301635
|move|p2a: Annihilape|Protect|p2a: Annihilape
|-singleturn|p2a: Annihilape|Protect
|move|p2b: Ursaluna|Vacuum Wave|p1a: Kingambit
|-supereffective|p1a: Kingambit
|-damage|p1a: Kingambit|0 fnt
|faint|p1a: Kingambit
|move|p1b: Jumpluff|Sleep Powder|p2b: Ursaluna
|-status|p2b: Ursaluna|slp|[from] move: Sleep Powder
|
|upkeep
|c|☆damage77|So grimy
|
|t:|1756301660
|switch|p1a: Garchomp|Garchomp, L50, M, tera:Fairy|77/100
|turn|9
|
|t:|1756301679
|move|p2a: Annihilape|Protect||[still]
|-fail|p2a: Annihilape
|cant|p2b: Ursaluna|slp
|move|p1b: Jumpluff|Leaf Storm|p2b: Ursaluna
|-supereffective|p2b: Ursaluna
|-damage|p2b: Ursaluna|0 fnt
|-unboost|p1b: Jumpluff|spa|2
|faint|p2b: Ursaluna
|move|p1a: Garchomp|Earthquake|p2a: Annihilape|[spread] p2a
|-immune|p1b: Jumpluff
|-damage|p2a: Annihilape|49/100
|-damage|p1a: Garchomp|67/100|[from] item: Life Orb
|
|-end|p2a: Annihilape|Encore
|upkeep
|turn|10
|
|t:|1756301701
|move|p1b: Jumpluff|Encore|p2a: Annihilape
|-start|p2a: Annihilape|Encore
|move|p1a: Garchomp|Earthquake|p2a: Annihilape|[spread] p2a
|-immune|p1b: Jumpluff
|-damage|p2a: Annihilape|31/100
|-damage|p1a: Garchomp|58/100|[from] item: Life Orb
|move|p2a: Annihilape|Protect||[still]
|-fail|p2a: Annihilape
|
|upkeep
|turn|11
|
|t:|1756301711
|move|p2a: Annihilape|Protect|p2a: Annihilape
|-singleturn|p2a: Annihilape|Protect
|move|p1b: Jumpluff|Tailwind|p1b: Jumpluff
|-sidestart|p1: nicven|move: Tailwind
|move|p1a: Garchomp|Earthquake|p2a: Annihilape|[spread] 
|-activate|p2a: Annihilape|move: Protect
|-immune|p1b: Jumpluff
|
|upkeep
|turn|12
|
|t:|1756301721
|move|p2a: Annihilape|Protect||[still]
|-fail|p2a: Annihilape
|move|p1b: Jumpluff|Leaf Storm|p2a: Annihilape
|-damage|p2a: Annihilape|17/100
|-unboost|p1b: Jumpluff|spa|2
|move|p1a: Garchomp|Earthquake|p2a: Annihilape|[spread] p2a
|-immune|p1b: Jumpluff
|-damage|p2a: Annihilape|0 fnt
|faint|p2a: Annihilape
|-damage|p1a: Garchomp|48/100|[from] item: Life Orb
|
|win|nicven
|raw|nicven's rating: 1360 → 1383(+23 for winning)
|raw|damage77's rating: 1411 → 1388(-23 for losing)
