|j|☆ToneryX
|j|☆testdigi
|html|ToneryXtestdigi    
|uhtml|bestof|Game 1 of a best-of-3
|t:|1784902467
|gametype|doubles
|player|p1|ToneryX|170|1151
|player|p2|testdigi|101|1113
|gen|9
|tier|[Gen 9 Champions] VGC 2026 Reg M-B (Bo3)
|rated|
|rule|Species Clause: Limit one of each Pokémon
|rule|Item Clause: Limit 1 of each item
|clearpoke
|poke|p1|Charizard, L50, F|
|poke|p1|Garchomp, L50, F|
|poke|p1|Sylveon, L50, M|
|poke|p1|Farigiraf, L50, F|
|poke|p1|Kingambit, L50, F|
|poke|p1|Aerodactyl, L50, M|
|poke|p2|Raichu, L50, F|
|poke|p2|Sinistcha, L50|
|poke|p2|Corviknight, L50, F|
|poke|p2|Sylveon, L50, F|
|poke|p2|Garchomp, L50, F|
|poke|p2|Tyranitar, L50, F|
|teampreview|4
|showteam|p1|Charizard||CharizarditeY|Blaze|Protect,HeatWave,WeatherBall,SolarBeam|Modest||F|||50|]Garchomp||LifeOrb|RoughSkin|Protect,DragonClaw,StompingTantrum,Earthquake|Jolly||F|||50|]Sylveon||FairyFeather|Pixilate|Detect,QuickAttack,HyperVoice,HyperBeam|Modest||M|||50|]Farigiraf||SitrusBerry|ArmorTail|TwinBeam,Thunderbolt,Roar,TrickRoom|Bold||F|||50|]Kingambit||FocusSash|Defiant|KowtowCleave,IronHead,SuckerPunch,LowKick|Adamant||F|||50|]Aerodactyl||Aerodactylite|Unnerve|RockSlide,DualWingbeat,IceFang,Tailwind|Jolly||M|||50|
|showteam|p2|Raichu||RaichuniteY|LightningRod|ZapCannon,FocusBlast,FakeOut,Protect|Timid||F|||50|]Sinistcha||KasibBerry|Hospitality|MatchaGotcha,ShadowBall,RagePowder,Protect|Modest|||||50|]Corviknight||Leftovers|MirrorArmor|IronHead,BraveBird,Tailwind,Protect|Adamant||F|||50|]Sylveon||FairyFeather|Pixilate|HyperVoice,QuickAttack,Yawn,Detect|Modest||F|||50|]Garchomp||SitrusBerry|RoughSkin|DragonClaw,StompingTantrum,RockSlide,Protect|Adamant||F|||50|]Tyranitar||FocusSash|SandStream|RockSlide,KnockOff,Superpower,Protect|Adamant||F|||50|
|
|t:|1784902501
|teamsize|p1|4
|teamsize|p2|4
|start
|switch|p1a: Charizard|Charizard, L50, F|100/100
|switch|p1b: Garchomp|Garchomp, L50, F|100/100
|switch|p2a: Tyranitar|Tyranitar, L50, F|100/100
|switch|p2b: Raichu|Raichu, L50, F|100/100
|-weather|Sandstorm|[from] ability: Sand Stream|[of] p2a: Tyranitar
|turn|1
|
|t:|1784902527
|detailschange|p1a: Charizard|Charizard-Mega-Y, L50, F
|-mega|p1a: Charizard|Charizard|Charizardite Y
|-weather|SunnyDay|[from] ability: Drought|[of] p1a: Charizard
|move|p2b: Raichu|Protect|p2b: Raichu
|-singleturn|p2b: Raichu|Protect
|move|p1a: Charizard|Protect|p1a: Charizard
|-singleturn|p1a: Charizard|Protect
|move|p2a: Tyranitar|Protect|p2a: Tyranitar
|-singleturn|p2a: Tyranitar|Protect
|move|p1b: Garchomp|Earthquake|p2b: Raichu|[spread] 
|-activate|p1a: Charizard|move: Protect
|-activate|p2a: Tyranitar|move: Protect
|-activate|p2b: Raichu|move: Protect
|
|-weather|SunnyDay|[upkeep]
|upkeep
|turn|2
|
|t:|1784902564
|switch|p1a: Kingambit|Kingambit, L50, F|100/100
|detailschange|p2b: Raichu|Raichu-Mega-Y, L50, F
|-mega|p2b: Raichu|Raichu|Raichunite Y
|move|p2b: Raichu|Zap Cannon|p1a: Kingambit
|-damage|p1a: Kingambit|33/100
|-status|p1a: Kingambit|par
|move|p1b: Garchomp|Dragon Claw|p2b: Raichu
|-damage|p2b: Raichu|10/100
|-damage|p1b: Garchomp|90/100|[from] item: Life Orb
|move|p2a: Tyranitar|Rock Slide|p1a: Kingambit|[spread] p1a
|-miss|p2a: Tyranitar|p1b: Garchomp
|-resisted|p1a: Kingambit|1
|-damage|p1a: Kingambit|19/100 par
|
|-weather|SunnyDay|[upkeep]
|upkeep
|turn|3
|
|t:|1784902581
|switch|p2a: Sinistcha|Sinistcha, L50|100/100
|-heal|p2b: Raichu|34/100|[from] ability: Hospitality|[of] p2a: Sinistcha
|move|p2b: Raichu|Protect|p2b: Raichu
|-singleturn|p2b: Raichu|Protect
|move|p1a: Kingambit|Sucker Punch||[still]
|-fail|p1a: Kingambit
|move|p1b: Garchomp|Stomping Tantrum|p2a: Sinistcha
|-resisted|p2a: Sinistcha|1
|-damage|p2a: Sinistcha|77/100
|-damage|p1b: Garchomp|80/100|[from] item: Life Orb
|
|-weather|SunnyDay|[upkeep]
|upkeep
|turn|4
|
|t:|1784902604
|switch|p2b: Corviknight|Corviknight, L50, F|100/100
|cant|p1a: Kingambit|par
|move|p1b: Garchomp|Dragon Claw|p2a: Sinistcha
|-damage|p2a: Sinistcha|33/100
|-damage|p1b: Garchomp|71/100|[from] item: Life Orb
|move|p2a: Sinistcha|Matcha Gotcha|p1b: Garchomp|[spread] p1a,p1b
|-resisted|p1a: Kingambit|1
|-crit|p1b: Garchomp
|-damage|p1a: Kingambit|5/100 par
|-heal|p2a: Sinistcha|40/100|[from] drain|[of] p1a: Kingambit
|-damage|p1b: Garchomp|28/100
|-heal|p2a: Sinistcha|63/100|[from] drain|[of] p1b: Garchomp
|-status|p1b: Garchomp|brn
|
|-weather|SunnyDay|[upkeep]
|-damage|p1b: Garchomp|22/100 brn|[from] brn
|upkeep
|turn|5
|
|t:|1784902618
|move|p1b: Garchomp|Dragon Claw|p2b: Corviknight
|-resisted|p2b: Corviknight|1
|-damage|p2b: Corviknight|89/100
|-damage|p1b: Garchomp|13/100 brn|[from] item: Life Orb
|move|p2b: Corviknight|Tailwind|p2b: Corviknight
|-sidestart|p2: testdigi|move: Tailwind
|move|p2a: Sinistcha|Matcha Gotcha|p1a: Kingambit|[spread] p1a,p1b
|-resisted|p1a: Kingambit|1
|-damage|p1a: Kingambit|0 fnt
|-heal|p2a: Sinistcha|66/100|[from] drain|[of] p1a: Kingambit
|-damage|p1b: Garchomp|0 fnt
|-heal|p2a: Sinistcha|73/100|[from] drain|[of] p1b: Garchomp
|faint|p1a: Kingambit
|faint|p1b: Garchomp
|
|-weather|none
|-heal|p2b: Corviknight|95/100|[from] item: Leftovers
|upkeep
|
|t:|1784902629
|switch|p1b: Farigiraf|Farigiraf, L50, F|100/100
|switch|p1a: Charizard|Charizard-Mega-Y, L50, F|100/100
|-weather|SunnyDay|[from] ability: Drought|[of] p1a: Charizard
|turn|6
|
|t:|1784902639
|move|p1a: Charizard|Protect|p1a: Charizard
|-singleturn|p1a: Charizard|Protect
|move|p2b: Corviknight|Brave Bird|p1a: Charizard
|-activate|p1a: Charizard|move: Protect
|move|p2a: Sinistcha|Shadow Ball|p1a: Charizard
|-activate|p1a: Charizard|move: Protect
|move|p1b: Farigiraf|Trick Room|p1b: Farigiraf
|-fieldstart|move: Trick Room|[of] p1b: Farigiraf
|
|-weather|SunnyDay|[upkeep]
|-heal|p2b: Corviknight|100/100|[from] item: Leftovers
|upkeep
|turn|7
|
|t:|1784902650
|move|p1a: Charizard|Heat Wave|p2b: Corviknight|[spread] p2a,p2b
|-supereffective|p2a: Sinistcha|1
|-supereffective|p2b: Corviknight|1
|-damage|p2a: Sinistcha|0 fnt
|-damage|p2b: Corviknight|0 fnt
|faint|p2a: Sinistcha
|faint|p2b: Corviknight
|move|p1b: Farigiraf|Roar|p2: Sinistcha|[notarget]
|-fail|p1b: Farigiraf
|
|-weather|SunnyDay|[upkeep]
|upkeep
|
|t:|1784902653
|switch|p2a: Raichu|Raichu-Mega-Y, L50, F|34/100
|switch|p2b: Tyranitar|Tyranitar, L50, F|100/100
|-weather|Sandstorm|[from] ability: Sand Stream|[of] p2b: Tyranitar
|turn|8
|
|t:|1784902666
|move|p2a: Raichu|Protect|p2a: Raichu
|-singleturn|p2a: Raichu|Protect
|move|p1b: Farigiraf|Thunderbolt|p2b: Tyranitar
|-crit|p2b: Tyranitar
|-damage|p2b: Tyranitar|77/100
|move|p1a: Charizard|Heat Wave|p2a: Raichu|[spread] 
|-activate|p2a: Raichu|move: Protect
|-miss|p1a: Charizard|p2b: Tyranitar
|move|p2b: Tyranitar|Knock Off|p1b: Farigiraf
|-supereffective|p1b: Farigiraf|1
|-damage|p1b: Farigiraf|9/100
|-enditem|p1b: Farigiraf|Sitrus Berry|[from] move: Knock Off|[of] p2b: Tyranitar
|
|-weather|Sandstorm|[upkeep]
|-damage|p1b: Farigiraf|3/100|[from] Sandstorm
|-damage|p1a: Charizard|94/100|[from] Sandstorm
|-damage|p2a: Raichu|28/100|[from] Sandstorm
|-sideend|p2: testdigi|move: Tailwind
|upkeep
|turn|9
|
|t:|1784902679
|move|p1b: Farigiraf|Thunderbolt|p2b: Tyranitar
|-damage|p2b: Tyranitar|62/100
|move|p2b: Tyranitar|Rock Slide|p1a: Charizard|[spread] 
|-miss|p2b: Tyranitar|p1a: Charizard
|-miss|p2b: Tyranitar|p1b: Farigiraf
|move|p1a: Charizard|Heat Wave|p2a: Raichu|[spread] p2a,p2b
|-resisted|p2b: Tyranitar|1
|-crit|p2b: Tyranitar
|-damage|p2a: Raichu|0 fnt
|-damage|p2b: Tyranitar|41/100
|faint|p2a: Raichu
|
|-weather|Sandstorm|[upkeep]
|-damage|p1b: Farigiraf|0 fnt|[from] Sandstorm
|-damage|p1a: Charizard|88/100|[from] Sandstorm
|faint|p1b: Farigiraf
|upkeep
|turn|10
|
|t:|1784902694
|move|p2b: Tyranitar|Rock Slide|p1a: Charizard
|-supereffective|p1a: Charizard|2
|-damage|p1a: Charizard|0 fnt
|faint|p1a: Charizard
|
|win|testdigi
||ToneryX is ready for game 2.
||testdigi is ready for game 2.
|uhtml|next|Next: Game 2 of 3
|l|☆ToneryX
|player|p1|
