|j|☆artyyyyy
|j|☆OhNoValentine
|html|artyyyyyOhNoValentine    
|uhtml|bestof|Game 1 of a best-of-3
|t:|1756826451
|gametype|doubles
|player|p1|artyyyyy|roxie|1094
|player|p2|OhNoValentine|2|1195
|gen|9
|tier|[Gen 9] VGC 2025 Reg H (Bo3)
|rated|
|rule|Species Clause: Limit one of each Pokémon
|rule|Item Clause: Limit 1 of each item
|clearpoke
|poke|p1|Sinistcha, L50|
|poke|p1|Ursaluna, L50, F|
|poke|p1|Indeedee-F, L50, F|
|poke|p1|Hatterene, L50, F|
|poke|p1|Torkoal, L50, M|
|poke|p1|Armarouge, L50, M|
|poke|p2|Incineroar, L50, F|
|poke|p2|Porygon2, L50|
|poke|p2|Amoonguss, L50, M|
|poke|p2|Ursaluna, L50, F|
|poke|p2|Gholdengo, L50|
|poke|p2|Sneasler, L50, M|
|teampreview|4
|showteam|p1|Sinistcha||Leftovers|Hospitality|MatchaGotcha,Protect,TrickRoom,RagePowder||||||50|,,,,,Ground]Ursaluna||FlameOrb|Guts|Protect,Facade,StompingTantrum,Crunch|||F|||50|,,,,,Ghost]Indeedee-F||CovertCloak|PsychicSurge|HelpingHand,DazzlingGleam,Protect,FollowMe|||F|||50|,,,,,Fairy]Hatterene||LifeOrb|MagicBounce|ExpandingForce,DazzlingGleam,Protect,TrickRoom|||F|||50|,,,,,Steel]Torkoal||EjectButton|Drought|Eruption,EarthPower,Protect,SolarBeam|||M|||50|,,,,,Ground]Armarouge||WeaknessPolicy|WeakArmor|ArmorCannon,ExpandingForce,HeatWave,Protect|||M|||50|,,,,,Psychic
|showteam|p2|Incineroar||SafetyGoggles|Intimidate|KnockOff,FlareBlitz,PartingShot,FakeOut|||F|||50|,,,,,Ghost]Porygon2||Eviolite|Download|TeraBlast,IceBeam,Recover,TrickRoom||||||50|,,,,,Fighting]Amoonguss||MentalHerb|Regenerator|Spore,RagePowder,PollenPuff,Protect|||M|||50|,,,,,Water]Ursaluna||FlameOrb|Guts|Facade,HeadlongRush,Substitute,Protect|||F|||50|,,,,,Ghost]Gholdengo||LifeOrb|GoodasGold|MakeItRain,ShadowBall,NastyPlot,Protect||||||50|,,,,,Water]Sneasler||WhiteHerb|Unburden|Protect,CloseCombat,DireClaw,ThroatChop|||M|||50|,,,,,Dark
|inactive|Battle timer is ON: inactive players will automatically lose when time's up. (requested by artyyyyy)
|inactive|OhNoValentine has 60 seconds left.
|
|t:|1756826485
|teamsize|p1|4
|teamsize|p2|4
|start
|switch|p1a: slurp|Sinistcha, L50|100/100
|switch|p1b: Hatterene|Hatterene, L50, F|100/100
|switch|p2a: Incineroar|Incineroar, L50, F, shiny|100/100
|switch|p2b: Gholdengo|Gholdengo, L50, shiny|100/100
|-ability|p2a: Incineroar|Intimidate|boost
|-unboost|p1a: slurp|atk|1
|-unboost|p1b: Hatterene|atk|1
|turn|1
|
|t:|1756826505
|move|p1b: Hatterene|Protect|p1b: Hatterene
|-singleturn|p1b: Hatterene|Protect
|move|p2b: Gholdengo|Nasty Plot|p2b: Gholdengo
|-boost|p2b: Gholdengo|spa|2
|move|p2a: Incineroar|Parting Shot|p1b: Hatterene
|-activate|p1b: Hatterene|move: Protect
|move|p1a: slurp|Trick Room|p1a: slurp
|-fieldstart|move: Trick Room|[of] p1a: slurp
|
|upkeep
|turn|2
|
|t:|1756826526
|-terastallize|p1b: Hatterene|Steel
|move|p1b: Hatterene|Dazzling Gleam|p2a: Incineroar|[spread] p2a,p2b
|-resisted|p2b: Gholdengo
|-damage|p2a: Incineroar|60/100
|-damage|p2b: Gholdengo|77/100
|-damage|p1b: Hatterene|91/100|[from] item: Life Orb
|move|p2a: Incineroar|Parting Shot|p1b: Hatterene
|move|p1b: Hatterene|Parting Shot|p2a: Incineroar|[from] ability: Magic Bounce
|-unboost|p2a: Incineroar|atk|1
|-unboost|p2a: Incineroar|spa|1
|inactive|artyyyyy has 30 seconds left.
|
|t:|1756826556
|switch|p1b: picanic baskets|Ursaluna, L50, F|100/100|[from] Parting Shot
|move|p2b: Gholdengo|Make It Rain|p1a: slurp|[spread] p1a,p1b
|-damage|p1a: slurp|0 fnt
|-damage|p1b: picanic baskets|0 fnt
|-unboost|p2b: Gholdengo|spa|1
|faint|p1a: slurp
|faint|p1b: picanic baskets
|-damage|p2b: Gholdengo|67/100|[from] item: Life Orb
|
|upkeep
|
|t:|1756826562
|switch|p1b: Hatterene|Hatterene, L50, F, tera:Steel|91/100
|switch|p1a: Indeedee|Indeedee-F, L50, F|100/100
|-fieldstart|move: Psychic Terrain|[from] ability: Psychic Surge|[of] p1a: Indeedee
|turn|3
|
|t:|1756826577
|move|p1a: Indeedee|Helping Hand|p1b: Hatterene
|-singleturn|p1b: Hatterene|Helping Hand|[of] p1a: Indeedee
|move|p1b: Hatterene|Expanding Force|p2a: Incineroar|[spread] p2b
|-immune|p2a: Incineroar
|-resisted|p2b: Gholdengo
|-damage|p2b: Gholdengo|0 fnt
|faint|p2b: Gholdengo
|-damage|p1b: Hatterene|82/100|[from] item: Life Orb
|move|p2a: Incineroar|Knock Off|p1a: Indeedee
|-supereffective|p1a: Indeedee
|-damage|p1a: Indeedee|18/100
|-enditem|p1a: Indeedee|Covert Cloak|[from] move: Knock Off|[of] p2a: Incineroar
|
|upkeep
|
|t:|1756826583
|switch|p2b: Amoonguss|Amoonguss, L50, M, shiny|100/100
|turn|4
|inactive|artyyyyy has 30 seconds left.
|inactive|OhNoValentine has 30 seconds left.
|
|t:|1756826617
|-terastallize|p2b: Amoonguss|Water
|move|p1a: Indeedee|Protect|p1a: Indeedee
|-singleturn|p1a: Indeedee|Protect
|move|p1b: Hatterene|Expanding Force|p2a: Incineroar|[spread] p2b
|-immune|p2a: Incineroar
|-damage|p2b: Amoonguss|22/100
|-damage|p1b: Hatterene|72/100|[from] item: Life Orb
|move|p2b: Amoonguss|Pollen Puff|p1a: Indeedee
|-activate|p1a: Indeedee|move: Protect
|move|p2a: Incineroar|Flare Blitz|p1b: Hatterene
|-supereffective|p1b: Hatterene
|-damage|p1b: Hatterene|0 fnt
|faint|p1b: Hatterene
|-damage|p2a: Incineroar|42/100|[from] Recoil
|
|upkeep
|turn|5
|
|t:|1756826631
|move|p2b: Amoonguss|Pollen Puff|p1a: Indeedee
|-supereffective|p1a: Indeedee
|-damage|p1a: Indeedee|0 fnt
|faint|p1a: Indeedee
|
|win|OhNoValentine
