|j|☆KNJMAXX
|j|☆grfynnvgc
|html|KNJMAXXgrfynnvgc    
|uhtml|bestof|Game 2 of a best-of-3
|t:|1785603037
|gametype|doubles
|player|p1|KNJMAXX|102|1126
|player|p2|grfynnvgc|102|1193
|gen|9
|tier|[Gen 9 Champions] VGC 2026 Reg M-B (Bo3)
|rated|
|rule|Species Clause: Limit one of each Pokémon
|rule|Item Clause: Limit 1 of each item
|clearpoke
|poke|p1|Lycanroc-Dusk, L50, F|
|poke|p1|Sneasler, L50, M|
|poke|p1|Basculegion, L50, M|
|poke|p1|Froslass, L50, F|
|poke|p1|Scovillain, L50, M|
|poke|p1|Kingambit, L50, M, shiny|
|poke|p2|Kingambit, L50, M|
|poke|p2|Glimmora, L50, M|
|poke|p2|Delphox, L50, M|
|poke|p2|Staraptor, L50, M|
|poke|p2|Whimsicott, L50, F|
|poke|p2|Garchomp, L50, M|
|teampreview|4
|showteam|p1|Lycanroc-Dusk||FocusSash|ToughClaws|RockSlide,Accelerock,CloseCombat,Protect|Adamant||F|||50|]Sneasler||WhiteHerb|Unburden|FakeOut,Protect,DireClaw,CloseCombat|Adamant||M|||50|]Basculegion||SitrusBerry|Adaptability|WaveCrash,AquaJet,LastRespects,Protect|Adamant||M|||50|]Froslass||Froslassite|CursedBody|Blizzard,ShadowBall,Protect,AuroraVeil|Modest||F|||50|]Scovillain||Scovillainite|Moody|RagePowder,Overheat,GigaDrain,Protect|Bold||M|||50|]Kingambit||BlackGlasses|Defiant|KowtowCleave,Protect,SuckerPunch,SwordsDance|Adamant||M|||50|
|showteam|p2|Kingambit||ChopleBerry|Defiant|SuckerPunch,KowtowCleave,IronHead,LowKick|Adamant||M|||50|]Glimmora||FocusSash|ToxicDebris|PowerGem,SludgeBomb,EarthPower,SpikyShield|Timid||M|||50|]Delphox||Delphoxite|Blaze|HeatWave,Psyshock,Substitute,Protect|Modest||M|||50|]Staraptor||Staraptite|Intimidate|BraveBird,CloseCombat,Roost,Protect|Jolly||M|||50|]Whimsicott||OccaBerry|Prankster|Moonblast,Tailwind,Charm,LightScreen|Timid||F|||50|]Garchomp||LifeOrb|RoughSkin|DragonClaw,Earthquake,RockSlide,Protect|Jolly||M|||50|
|inactive|Battle timer is ON: inactive players will automatically lose when time's up. (requested by KNJMAXX)
|
|t:|1785603060
|teamsize|p1|4
|teamsize|p2|4
|start
|switch|p1a: 0%|Froslass, L50, F|100/100
|switch|p1b: 50%|Sneasler, L50, M|100/100
|switch|p2a: Garchomp|Garchomp, L50, M|100/100
|switch|p2b: Whimsicott|Whimsicott, L50, F|100/100
|turn|1
|
|t:|1785603082
|switch|p2a: Delphox|Delphox, L50, M|100/100
|detailschange|p1a: 0%|Froslass-Mega, L50, F
|-mega|p1a: 0%|Froslass|Froslassite
|-weather|Snowscape|[from] ability: Snow Warning|[of] p1a: 0%
|move|p1b: 50%|Fake Out|p2b: Whimsicott
|-damage|p2b: Whimsicott|83/100
|cant|p2b: Whimsicott|flinch
|move|p1a: 0%|Blizzard|p2a: Delphox|[spread] p2a,p2b
|-resisted|p2a: Delphox|1
|-supereffective|p2b: Whimsicott|1
|-damage|p2a: Delphox|74/100
|-damage|p2b: Whimsicott|0 fnt
|faint|p2b: Whimsicott
|
|-weather|Snowscape|[upkeep]
|upkeep
|
|t:|1785603092
|switch|p2b: Kingambit|Kingambit, L50, M|100/100
|turn|2
|
|t:|1785603114
|switch|p1a: King|Kingambit, L50, M, shiny|100/100
|switch|p1b: 25%|Basculegion, L50, M|100/100
|detailschange|p2a: Delphox|Delphox-Mega, L50, M
|-mega|p2a: Delphox|Delphox|Delphoxite
|move|p2b: Kingambit|Sucker Punch||[still]
|-fail|p2b: Kingambit
|move|p2a: Delphox|Heat Wave|p1a: King|[spread] p1a,p1b
|-supereffective|p1a: King|1
|-resisted|p1b: 25%|1
|-damage|p1a: King|26/100
|-damage|p1b: 25%|81/100
|
|-weather|Snowscape|[upkeep]
|upkeep
|turn|3
|inactive|KNJMAXX has 30 seconds left.
|inactive|KNJMAXX has 20 seconds left.
|inactive|KNJMAXX has 15 seconds left.
|j| montheo
|inactive|KNJMAXX has 10 seconds left.
|
|t:|1785603159
|move|p2a: Delphox|Protect|p2a: Delphox
|-singleturn|p2a: Delphox|Protect
|move|p1b: 25%|Protect|p1b: 25%
|-singleturn|p1b: 25%|Protect
|move|p1a: King|Protect|p1a: King
|-singleturn|p1a: King|Protect
|move|p2b: Kingambit|Low Kick|p1a: King
|-activate|p1a: King|move: Protect
|
|-weather|Snowscape|[upkeep]
|upkeep
|turn|4
|l| montheo
|
|t:|1785603177
|switch|p2a: Garchomp|Garchomp, L50, M|100/100
|move|p1a: King|Sucker Punch||[still]
|-fail|p1a: King
|move|p1b: 25%|Wave Crash|p2b: Kingambit
|-crit|p2b: Kingambit
|-damage|p2b: Kingambit|1/100
|-damage|p1b: 25%|50/100g|[from] Recoil
|move|p2b: Kingambit|Kowtow Cleave|p1b: 25%
|-supereffective|p1b: 25%|1
|-damage|p1b: 25%|0 fnt
|faint|p1b: 25%
|
|-weather|Snowscape|[upkeep]
|upkeep
|
|t:|1785603192
|switch|p1b: 50%|Sneasler, L50, M|100/100
|turn|5
|
|t:|1785603211
|switch|p2b: Delphox|Delphox-Mega, L50, M|74/100
|move|p1b: 50%|Fake Out|p2a: Garchomp
|-damage|p2a: Garchomp|87/100
|-damage|p1b: 50%|87/100|[from] ability: Rough Skin|[of] p2a: Garchomp
|move|p1a: King|Sucker Punch||[still]
|-fail|p1a: King
|cant|p2a: Garchomp|flinch
|
|-weather|none
|upkeep
|turn|6
|
|t:|1785603224
|move|p2b: Delphox|Protect|p2b: Delphox
|-singleturn|p2b: Delphox|Protect
|move|p1a: King|Protect|p1a: King
|-singleturn|p1a: King|Protect
|move|p2a: Garchomp|Earthquake|p1b: 50%|[spread] p1b
|-activate|p2b: Delphox|move: Protect
|-activate|p1a: King|move: Protect
|-supereffective|p1b: 50%|1
|-damage|p1b: 50%|0 fnt
|faint|p1b: 50%
|-damage|p2a: Garchomp|78/100|[from] item: Life Orb
|
|upkeep
|
|t:|1785603234
|switch|p1b: 0%|Froslass-Mega, L50, F|100/100
|-weather|Snowscape|[from] ability: Snow Warning|[of] p1b: 0%
|turn|7
|
|t:|1785603243
|move|p2a: Garchomp|Protect|p2a: Garchomp
|-singleturn|p2a: Garchomp|Protect
|move|p1a: King|Sucker Punch|p2b: Delphox
|-supereffective|p2b: Delphox|1
|-damage|p2b: Delphox|0 fnt
|faint|p2b: Delphox
|move|p1b: 0%|Blizzard|p2a: Garchomp
|-activate|p2a: Garchomp|move: Protect
|
|-weather|Snowscape|[upkeep]
|upkeep
|
|t:|1785603247
|switch|p2b: Kingambit|Kingambit, L50, M|1/100
|turn|8
|
|t:|1785603264
|move|p2b: Kingambit|Sucker Punch|p1b: 0%
|-supereffective|p1b: 0%|1
|-damage|p1b: 0%|28/100
|move|p1a: King|Sucker Punch||[still]
|-fail|p1a: King
|move|p2a: Garchomp|Earthquake|p1b: 0%|[spread] p2b,p1a,p1b
|-supereffective|p2b: Kingambit|1
|-supereffective|p1a: King|1
|-crit|p1a: King
|-damage|p2b: Kingambit|0 fnt
|-damage|p1a: King|0 fnt
|-damage|p1b: 0%|0 fnt
|faint|p2b: Kingambit
|faint|p1a: King
|faint|p1b: 0%
|-damage|p2a: Garchomp|68/100|[from] item: Life Orb
|
|win|grfynnvgc
