|j|☆lox1sm
|j|☆intromition
|html|lox1smintromition    
|uhtml|bestof|Game 3 of a best-of-3
|t:|1783340689
|gametype|doubles
|player|p1|lox1sm|veteran|1187
|player|p2|intromition|2|1132
|gen|9
|tier|[Gen 9 Champions] VGC 2026 Reg M-B (Bo3)
|rated|
|rule|Species Clause: Limit one of each Pokémon
|rule|Item Clause: Limit 1 of each item
|clearpoke
|poke|p1|Charizard, L50, F|
|poke|p1|Aerodactyl, L50, M|
|poke|p1|Garchomp, L50, M|
|poke|p1|Kingambit, L50, F|
|poke|p1|Farigiraf, L50, F|
|poke|p1|Primarina, L50, F|
|poke|p2|Archaludon, L50, M|
|poke|p2|Pelipper, L50, F|
|poke|p2|Basculegion, L50, M|
|poke|p2|Rotom-Heat, L50|
|poke|p2|Sceptile, L50, F|
|poke|p2|Dragonite, L50, F|
|teampreview|4
|showteam|p1|Charizard||CharizarditeY|Blaze|HeatWave,WeatherBall,SolarBeam,Protect|Modest||F|||50|]Aerodactyl||Aerodactylite|Unnerve|RockSlide,IceFang,Tailwind,Protect|Jolly||M|||50|]Garchomp||LifeOrb|RoughSkin|DragonClaw,Earthquake,RockSlide,Protect|Jolly||M|||50|]Kingambit||FocusSash|Defiant|KowtowCleave,SuckerPunch,IronHead,LowKick|Adamant||F|||50|]Farigiraf||ExpertBelt|ArmorTail|Psychic,DazzlingGleam,Thunderbolt,TrickRoom|Modest||F|||50|]Primarina||MysticWater|LiquidVoice|HyperVoice,Moonblast,Haze,Protect|Modest||F|||50|
|showteam|p2|Archaludon||ChopleBerry|Stamina|ElectroShot,FlashCannon,DracoMeteor,Protect|Modest||M|||50|]Pelipper||FocusSash|Drizzle|WeatherBall,Hurricane,Tailwind,Protect|Timid||F|||50|]Basculegion||LifeOrb|SwiftSwim|LastRespects,WaveCrash,AquaJet,Protect|Adamant||M|||50|]Rotom-Heat||ChoiceScarf|Levitate|Discharge,Overheat,VoltSwitch,Electroweb|Timid|||||50|]Sceptile||Sceptilite|Overgrow|EnergyBall,DragonPulse,EarthPower,Protect|Timid||F|||50|]Dragonite||Dragoninite|InnerFocus|Hurricane,DracoMeteor,IceBeam,Protect|Timid||F|||50|
|inactive|Battle timer is ON: inactive players will automatically lose when time's up. (requested by intromition)
|
|t:|1783340730
|teamsize|p1|4
|teamsize|p2|4
|start
|switch|p1a: Aerodactyl|Aerodactyl, L50, M|100/100
|switch|p1b: Charizard|Charizard, L50, F|100/100
|switch|p2a: Archaludon|Archaludon, L50, M|100/100
|switch|p2b: Rotom|Rotom-Heat, L50|100/100
|-ability|p1a: Aerodactyl|Unnerve
|turn|1
|inactive|lox1sm has 30 seconds left.
|inactive|intromition has 30 seconds left.
|inactive|intromition has 20 seconds left.
|
|t:|1783340768
|move|p1b: Charizard|Protect|p1b: Charizard
|-singleturn|p1b: Charizard|Protect
|move|p2a: Archaludon|Protect|p2a: Archaludon
|-singleturn|p2a: Archaludon|Protect
|move|p2b: Rotom|Discharge|p1b: Charizard|[spread] p1a
|-activate|p2a: Archaludon|move: Protect
|-activate|p1b: Charizard|move: Protect
|-supereffective|p1a: Aerodactyl|1
|-damage|p1a: Aerodactyl|22/100
|-status|p1a: Aerodactyl|par
|move|p1a: Aerodactyl|Tailwind|p1a: Aerodactyl
|-sidestart|p1: lox1sm|move: Tailwind
|
|upkeep
|turn|2
|inactive|lox1sm has 30 seconds left.
|inactive|intromition has 30 seconds left.
|inactive|intromition has 20 seconds left.
|inactive|intromition has 15 seconds left.
|inactive|intromition has 10 seconds left.
|
|t:|1783340817
|switch|p1b: Garchomp|Garchomp, L50, M|100/100
|switch|p2b: Pelipper|Pelipper, L50, F|100/100
|-weather|RainDance|[from] ability: Drizzle|[of] p2b: Pelipper
|move|p1a: Aerodactyl|Rock Slide|p2a: Archaludon|[spread] p2a,p2b
|-resisted|p2a: Archaludon|1
|-crit|p2a: Archaludon
|-supereffective|p2b: Pelipper|1
|-damage|p2a: Archaludon|86/100
|-damage|p2b: Pelipper|55/100
|-ability|p2a: Archaludon|Stamina|boost
|-boost|p2a: Archaludon|def|1
|move|p2a: Archaludon|Electro Shot||[still]
|-prepare|p2a: Archaludon|Electro Shot
|-boost|p2a: Archaludon|spa|1
|-anim|p2a: Archaludon|Electro Shot|p1b: Garchomp
|-immune|p1b: Garchomp
|
|-weather|RainDance|[upkeep]
|upkeep
|turn|3
|inactive|lox1sm has 30 seconds left.
|
|t:|1783340845
|move|p1b: Garchomp|Rock Slide|p2a: Archaludon|[spread] p2a,p2b
|-resisted|p2a: Archaludon|1
|-supereffective|p2b: Pelipper|1
|-damage|p2a: Archaludon|78/100
|-damage|p2b: Pelipper|1/100
|-ability|p2a: Archaludon|Stamina|boost
|-boost|p2a: Archaludon|def|1
|-damage|p1b: Garchomp|90/100|[from] item: Life Orb
|move|p1a: Aerodactyl|Rock Slide|p2b: Pelipper|[spread] p2a,p2b
|-resisted|p2a: Archaludon|1
|-supereffective|p2b: Pelipper|1
|-damage|p2a: Archaludon|73/100
|-damage|p2b: Pelipper|0 fnt
|-ability|p2a: Archaludon|Stamina|boost
|-boost|p2a: Archaludon|def|1
|faint|p2b: Pelipper
|move|p2a: Archaludon|Draco Meteor|p1b: Garchomp
|-supereffective|p1b: Garchomp|1
|-damage|p1b: Garchomp|0 fnt
|-unboost|p2a: Archaludon|spa|2
|faint|p1b: Garchomp
|
|-weather|RainDance|[upkeep]
|upkeep
|inactive|lox1sm has 30 seconds left.
|inactive|intromition has 30 seconds left.
|inactive|lox1sm has 20 seconds left.
|inactive|intromition has 20 seconds left.
|
|t:|1783340883
|switch|p1b: Farigiraf|Farigiraf, L50, F|100/100
|switch|p2b: Sceptile|Sceptile, L50, F|100/100
|turn|4
|
|t:|1783340894
|move|p1a: Aerodactyl|Protect|p1a: Aerodactyl
|-singleturn|p1a: Aerodactyl|Protect
|move|p2b: Sceptile|Energy Ball|p1a: Aerodactyl
|-activate|p1a: Aerodactyl|move: Protect
|move|p2a: Archaludon|Electro Shot||[still]
|-prepare|p2a: Archaludon|Electro Shot
|-boost|p2a: Archaludon|spa|1
|-anim|p2a: Archaludon|Electro Shot|p1b: Farigiraf
|-damage|p1b: Farigiraf|52/100
|move|p1b: Farigiraf|Trick Room|p1b: Farigiraf
|-fieldstart|move: Trick Room|[of] p1b: Farigiraf
|
|-weather|RainDance|[upkeep]
|-sideend|p1: lox1sm|move: Tailwind
|upkeep
|turn|5
|inactive|lox1sm has 30 seconds left.
|inactive|lox1sm has 20 seconds left.
|
|t:|1783340931
|move|p1b: Farigiraf|Dazzling Gleam|p2a: Archaludon|[spread] p2a,p2b
|-damage|p2a: Archaludon|41/100
|-damage|p2b: Sceptile|69/100
|-ability|p2a: Archaludon|Stamina|boost
|-boost|p2a: Archaludon|def|1
|move|p1a: Aerodactyl|Ice Fang|p2a: Archaludon
|-damage|p2a: Archaludon|37/100
|-ability|p2a: Archaludon|Stamina|boost
|-boost|p2a: Archaludon|def|1
|move|p2a: Archaludon|Electro Shot||[still]
|-prepare|p2a: Archaludon|Electro Shot
|-boost|p2a: Archaludon|spa|1
|-anim|p2a: Archaludon|Electro Shot|p1b: Farigiraf
|-damage|p1b: Farigiraf|0 fnt
|faint|p1b: Farigiraf
|move|p2b: Sceptile|Energy Ball|p1a: Aerodactyl
|-damage|p1a: Aerodactyl|0 fnt
|faint|p1a: Aerodactyl
|
|-weather|RainDance|[upkeep]
|upkeep
|
|t:|1783340950
|switch|p1b: Charizard|Charizard, L50, F|100/100
|turn|6
|
|t:|1783340972
|detailschange|p2b: Sceptile|Sceptile-Mega, L50, F
|-mega|p2b: Sceptile|Sceptile|Sceptilite
|move|p1b: Charizard|Protect|p1b: Charizard
|-singleturn|p1b: Charizard|Protect
|move|p2a: Archaludon|Draco Meteor|p1b: Charizard
|-activate|p1b: Charizard|move: Protect
|move|p2b: Sceptile|Dragon Pulse|p1b: Charizard
|-activate|p1b: Charizard|move: Protect
|
|-weather|none
|upkeep
|turn|7
|
|t:|1783340987
|detailschange|p1b: Charizard|Charizard-Mega-Y, L50, F
|-mega|p1b: Charizard|Charizard|Charizardite Y
|-weather|SunnyDay|[from] ability: Drought|[of] p1b: Charizard
|move|p2a: Archaludon|Electro Shot||[still]
|-prepare|p2a: Archaludon|Electro Shot
|-boost|p2a: Archaludon|spa|1
|move|p1b: Charizard|Heat Wave|p2b: Sceptile|[spread] p2a,p2b
|-crit|p2a: Archaludon
|-damage|p2a: Archaludon|0 fnt
|-damage|p2b: Sceptile|0 fnt
|faint|p2a: Archaludon
|faint|p2b: Sceptile
|
|-weather|SunnyDay|[upkeep]
|upkeep
|
|t:|1783340998
|switch|p2b: Rotom|Rotom-Heat, L50|100/100
|turn|8
|
|t:|1783341006
|move|p1b: Charizard|Weather Ball|p2b: Rotom
|-resisted|p2b: Rotom|1
|-damage|p2b: Rotom|38/100
|move|p2b: Rotom|Discharge|p1b: Charizard
|-supereffective|p1b: Charizard|1
|-damage|p1b: Charizard|37/100
|
|-weather|SunnyDay|[upkeep]
|-fieldend|move: Trick Room
|upkeep
|turn|9
|c|☆lox1sm|dioporco
|-message|lox1sm forfeited.
|
|win|intromition
|raw|lox1sm's rating: 1187 → 1158(-29 for losing)
|raw|intromition's rating: 1132 → 1161(+29 for winning)
|l|☆intromition
|player|p2|
