|j|☆DJGuerra
|j|☆JosephAF
|html|DJGuerraJosephAF    
|uhtml|bestof|Game 1 of a best-of-3
|t:|1785448962
|gametype|doubles
|player|p1|DJGuerra|blaine|1061
|player|p2|JosephAF|volkner|1023
|gen|9
|tier|[Gen 9 Champions] VGC 2026 Reg M-B (Bo3)
|rated|
|rule|Species Clause: Limit one of each Pokémon
|rule|Item Clause: Limit 1 of each item
|clearpoke
|poke|p1|Froslass, L50, F|
|poke|p1|Torkoal, L50, M|
|poke|p1|Farigiraf, L50, M|
|poke|p1|Mamoswine, L50, F|
|poke|p1|Talonflame, L50, F|
|poke|p1|Incineroar, L50, M|
|poke|p2|Hawlucha, L50, F|
|poke|p2|Vanilluxe, L50, M|
|poke|p2|Sinistcha, L50|
|poke|p2|Incineroar, L50, F|
|poke|p2|Basculegion, L50, M|
|poke|p2|Grimmsnarl, L50, M|
|teampreview|4
|showteam|p1|Froslass||Froslassite|CursedBody|NastyPlot,Thunderbolt,ShadowBall,Blizzard|Timid||F|||50|]Torkoal||Charcoal|Drought|Eruption,WeatherBall,Protect,SolarBeam|Quiet||M|||50|]Farigiraf||ColburBerry|ArmorTail|TrickRoom,TwinBeam,HelpingHand,Thunderbolt|Quiet||M|||50|]Mamoswine||LifeOrb|Oblivious|IcicleCrash,RockSlide,Earthquake,Protect|Adamant||F|||50|]Talonflame|||GaleWings|QuickGuard,Tailwind,Acrobatics,WillOWisp|Jolly||F|||50|]Incineroar||SitrusBerry|Intimidate|FakeOut,PartingShot,FlareBlitz,ThroatChop|Adamant||M|||50|
|showteam|p2|Hawlucha||Hawluchanite|Limber|Entrainment,DrainPunch,Protect,BraveBird|Jolly||F|||50|]Vanilluxe||FocusSash|SnowWarning|SheerCold,AuroraVeil,Blizzard,Taunt|Bold||M|||50|]Sinistcha||Leftovers|Hospitality|RagePowder,LifeDew,MatchaGotcha,StrengthSap|Bold|||||50|]Incineroar||SitrusBerry|Intimidate|FakeOut,DarkestLariat,FlareBlitz,PartingShot|Adamant||F|||50|]Basculegion||MysticWater|Adaptability|AquaJet,FlipTurn,LastRespects,PsychicFangs|Adamant||M|||50|]Grimmsnarl||LightClay|Prankster|LightScreen,Reflect,PartingShot,SpiritBreak|Careful||M|||50|
|inactive|Battle timer is ON: inactive players will automatically lose when time's up. (requested by JosephAF)
|
|t:|1785448987
|teamsize|p1|4
|teamsize|p2|4
|start
|switch|p1a: Talonflame|Talonflame, L50, F|100/100
|switch|p1b: Incineroar|Incineroar, L50, M|100/100
|switch|p2a: Incineroar|Incineroar, L50, F|100/100
|switch|p2b: Grimmsnarl|Grimmsnarl, L50, M|100/100
|-ability|p1b: Incineroar|Intimidate|boost
|-unboost|p2a: Incineroar|atk|1
|-unboost|p2b: Grimmsnarl|atk|1
|-ability|p2a: Incineroar|Intimidate|boost
|-unboost|p1a: Talonflame|atk|1
|-unboost|p1b: Incineroar|atk|1
|turn|1
|inactive|DJGuerra has 30 seconds left.
|
|t:|1785449015
|move|p1a: Talonflame|Quick Guard|p1a: Talonflame
|-singleturn|p1a: Talonflame|Quick Guard
|move|p1b: Incineroar|Fake Out|p2b: Grimmsnarl
|-damage|p2b: Grimmsnarl|89/100
|move|p2a: Incineroar|Fake Out|p1b: Incineroar
|-activate|p1b: Incineroar|move: Quick Guard
|cant|p2b: Grimmsnarl|flinch
|
|upkeep
|turn|2
|inactive|JosephAF has 30 seconds left.
|
|t:|1785449041
|move|p1a: Talonflame|Acrobatics|p2b: Grimmsnarl
|-damage|p2b: Grimmsnarl|53/100
|move|p2b: Grimmsnarl|Reflect|p2b: Grimmsnarl
|-sidestart|p2: JosephAF|Reflect
|move|p1b: Incineroar|Parting Shot|p2a: Incineroar
|-unboost|p2a: Incineroar|atk|1
|-unboost|p2a: Incineroar|spa|1
|
|t:|1785449048
|switch|p1b: Mamoswine|Mamoswine, L50, F|100/100|[from] Parting Shot
|move|p2a: Incineroar|Darkest Lariat|p1a: Talonflame
|-damage|p1a: Talonflame|70/100
|
|upkeep
|turn|3
|
|t:|1785449064
|move|p1a: Talonflame|Tailwind|p1a: Talonflame
|-sidestart|p1: DJGuerra|move: Tailwind
|move|p1b: Mamoswine|Earthquake|p2a: Incineroar|[spread] p2a,p2b
|-immune|p1a: Talonflame
|-supereffective|p2a: Incineroar|1
|-crit|p2b: Grimmsnarl
|-damage|p2a: Incineroar|40/100
|-damage|p2b: Grimmsnarl|0 fnt
|-enditem|p2a: Incineroar|Sitrus Berry|[eat]
|-heal|p2a: Incineroar|64/100|[from] item: Sitrus Berry
|faint|p2b: Grimmsnarl
|-damage|p1b: Mamoswine|90/100|[from] item: Life Orb
|move|p2a: Incineroar|Flare Blitz|p1b: Mamoswine
|-supereffective|p1b: Mamoswine|1
|-damage|p1b: Mamoswine|38/100
|-damage|p2a: Incineroar|49/100|[from] Recoil
|
|upkeep
|
|t:|1785449083
|switch|p2b: Hawlucha|Hawlucha, L50, F|100/100
|turn|4
|
|t:|1785449098
|switch|p1b: Incineroar|Incineroar, L50, M|100/100
|-ability|p1b: Incineroar|Intimidate|boost
|-unboost|p2a: Incineroar|atk|1
|-unboost|p2b: Hawlucha|atk|1
|move|p2b: Hawlucha|Protect|p2b: Hawlucha
|-singleturn|p2b: Hawlucha|Protect
|move|p1a: Talonflame|Acrobatics|p2b: Hawlucha
|-activate|p2b: Hawlucha|move: Protect
|move|p2a: Incineroar|Flare Blitz|p1b: Incineroar
|-resisted|p1b: Incineroar|1
|-damage|p1b: Incineroar|91/100
|-damage|p2a: Incineroar|46/100|[from] Recoil
|
|upkeep
|turn|5
|inactive|JosephAF has 30 seconds left.
|
|t:|1785449129
|detailschange|p2b: Hawlucha|Hawlucha-Mega, L50, F
|-mega|p2b: Hawlucha|Hawlucha|Hawluchanite
|move|p1b: Incineroar|Fake Out|p2b: Hawlucha
|-damage|p2b: Hawlucha|91/100
|move|p1a: Talonflame|Acrobatics|p2b: Hawlucha
|-supereffective|p2b: Hawlucha|1
|-damage|p2b: Hawlucha|54/100
|cant|p2b: Hawlucha|flinch
|move|p2a: Incineroar|Parting Shot|p1a: Talonflame
|-unboost|p1a: Talonflame|atk|1
|-unboost|p1a: Talonflame|spa|1
|
|t:|1785449139
|switch|p2a: Vanilluxe|Vanilluxe, L50, M|100/100|[from] Parting Shot
|-weather|Snowscape|[from] ability: Snow Warning|[of] p2a: Vanilluxe
|
|-weather|Snowscape|[upkeep]
|upkeep
|turn|6
|
|t:|1785449164
|move|p1a: Talonflame|Acrobatics|p2b: Hawlucha
|-supereffective|p2b: Hawlucha|1
|-damage|p2b: Hawlucha|25/100
|move|p2b: Hawlucha|Entrainment|p2a: Vanilluxe
|-ability|p2a: Vanilluxe|No Guard|Snow Warning|[from] move: Entrainment|[of] p2b: Hawlucha
|move|p1b: Incineroar|Flare Blitz|p2a: Vanilluxe
|-supereffective|p2a: Vanilluxe|1
|-damage|p2a: Vanilluxe|54/100
|-damage|p1b: Incineroar|78/100|[from] Recoil
|move|p2a: Vanilluxe|Sheer Cold|p1b: Incineroar
|-damage|p1b: Incineroar|0 fnt
|faint|p1b: Incineroar
|-ohko
|
|-weather|Snowscape|[upkeep]
|-sideend|p1: DJGuerra|move: Tailwind
|upkeep
|
|t:|1785449187
|switch|p1b: Mamoswine|Mamoswine, L50, F|38/100
|turn|7
|
|t:|1785449203
|move|p1a: Talonflame|Tailwind|p1a: Talonflame
|-sidestart|p1: DJGuerra|move: Tailwind
|move|p1b: Mamoswine|Rock Slide|p2a: Vanilluxe|[spread] p2a,p2b
|-supereffective|p2a: Vanilluxe|1
|-damage|p2a: Vanilluxe|29/100
|-damage|p2b: Hawlucha|8/100
|-damage|p1b: Mamoswine|28/100|[from] item: Life Orb
|move|p2b: Hawlucha|Drain Punch|p1b: Mamoswine
|-supereffective|p1b: Mamoswine|1
|-damage|p1b: Mamoswine|0 fnt
|-heal|p2b: Hawlucha|22/100|[from] drain|[of] p1b: Mamoswine
|faint|p1b: Mamoswine
|move|p2a: Vanilluxe|Sheer Cold|p1a: Talonflame
|-damage|p1a: Talonflame|0 fnt
|faint|p1a: Talonflame
|-ohko
|
|-weather|Snowscape|[upkeep]
|upkeep
|
|t:|1785449222
|switch|p1b: Froslass|Froslass, L50, F|100/100
|turn|8
|
|t:|1785449229
|detailschange|p1b: Froslass|Froslass-Mega, L50, F
|-mega|p1b: Froslass|Froslass|Froslassite
|move|p1b: Froslass|Shadow Ball|p2a: Vanilluxe
|-damage|p2a: Vanilluxe|0 fnt
|faint|p2a: Vanilluxe
|move|p2b: Hawlucha|Brave Bird|p1b: Froslass
|-damage|p1b: Froslass|59/100
|-damage|p2b: Hawlucha|11/100|[from] Recoil
|
|-weather|Snowscape|[upkeep]
|upkeep
|
|t:|1785449239
|switch|p2a: Incineroar|Incineroar, L50, F|46/100
|-ability|p2a: Incineroar|Intimidate|boost
|-unboost|p1b: Froslass|atk|1
|turn|9
|
|t:|1785449249
|move|p1b: Froslass|Blizzard|p2b: Hawlucha|[spread] p2a,p2b
|-resisted|p2a: Incineroar|1
|-supereffective|p2b: Hawlucha|1
|-damage|p2a: Incineroar|25/100
|-damage|p2b: Hawlucha|0 fnt
|faint|p2b: Hawlucha
|move|p2a: Incineroar|Flare Blitz|p1b: Froslass
|-supereffective|p1b: Froslass|1
|-damage|p1b: Froslass|0 fnt
|faint|p1b: Froslass
|-damage|p2a: Incineroar|11/100|[from] Recoil
|
|win|JosephAF
||DJGuerra is ready for game 2.
||JosephAF is ready for game 2.
|uhtml|next|Next: Game 2 of 3
|l|☆DJGuerra
|player|p1|
