|j|☆PewPewMewMew
|j|☆monsoonisbest
|html|PewPewMewMewmonsoonisbest    
|uhtml|bestof|Game 2 of a best-of-3
|t:|1785143493
|gametype|doubles
|player|p1|PewPewMewMew|101|1331
|player|p2|monsoonisbest|265|1218
|gen|9
|tier|[Gen 9 Champions] VGC 2026 Reg M-B (Bo3)
|rated|
|rule|Species Clause: Limit one of each Pokémon
|rule|Item Clause: Limit 1 of each item
|clearpoke
|poke|p1|Charizard, L50, F|
|poke|p1|Venusaur, L50, M|
|poke|p1|Grimmsnarl, L50, M|
|poke|p1|Basculegion, L50, M|
|poke|p1|Pelipper, L50, F|
|poke|p1|Archaludon, L50, M|
|poke|p2|Gengar, L50, M|
|poke|p2|Swampert, L50, M|
|poke|p2|Incineroar, L50, F|
|poke|p2|Politoed, L50, F|
|poke|p2|Archaludon, L50, M|
|poke|p2|Vivillon-Monsoon, L50, F|
|teampreview|4
|showteam|p1|Charizard||CharizarditeY|Blaze|HeatWave,SolarBeam,WeatherBall,Protect|Timid||F|||50|]Venusaur||LifeOrb|Chlorophyll|EarthPower,LeafStorm,SleepPowder,Protect|Timid||M|||50|]Grimmsnarl||LightClay|Prankster|SpiritBreak,PartingShot,LightScreen,Reflect|Sassy||M|||50|]Basculegion||ChoiceScarf|Adaptability|WaveCrash,LastRespects,FlipTurn,AquaJet|Jolly||M|||50|]Pelipper||SitrusBerry|Drizzle|WeatherBall,Hurricane,Tailwind,WideGuard|Modest||F|||50|]Archaludon||Leftovers|Stamina|ElectroShot,DragonPulse,FlashCannon,Protect|Calm||M|||50|
|showteam|p2|Gengar||Gengarite|CursedBody|ShadowBall,PerishSong,SludgeBomb,Protect|Timid||M|||50|]Swampert||Swampertite|Damp|WaveCrash,Earthquake,IcePunch,Protect|Adamant||M|||50|]Incineroar||PasshoBerry|Intimidate|ThroatChop,PartingShot,FakeOut,Protect|Sassy||F|||50|]Politoed||SitrusBerry|Drizzle|WeatherBall,PerishSong,Encore,Protect|Calm||F|||50|]Archaludon||Leftovers|Stamina|DragonPulse,FlashCannon,ElectroShot,Protect|Bold||M|||50|]Vivillon-Monsoon||FocusSash|CompoundEyes|Hurricane,SleepPowder,RagePowder,Protect|Timid||F|||50|
|
|t:|1785143514
|teamsize|p1|4
|teamsize|p2|4
|start
|switch|p1a: Charizard|Charizard, L50, F|100/100
|switch|p1b: Venusaur|Venusaur, L50, M|100/100
|switch|p2a: Swampert|Swampert, L50, M|100/100
|switch|p2b: Vivillon|Vivillon-Monsoon, L50, F|100/100
|turn|1
|
|t:|1785143524
|move|p1a: Charizard|Protect|p1a: Charizard
|-singleturn|p1a: Charizard|Protect
|move|p1b: Venusaur|Protect|p1b: Venusaur
|-singleturn|p1b: Venusaur|Protect
|move|p2a: Swampert|Protect|p2a: Swampert
|-singleturn|p2a: Swampert|Protect
|move|p2b: Vivillon|Hurricane|p1b: Venusaur
|-activate|p1b: Venusaur|move: Protect
|
|upkeep
|turn|2
|
|t:|1785143564
|switch|p2a: Archaludon|Archaludon, L50, M|100/100
|detailschange|p1a: Charizard|Charizard-Mega-Y, L50, F
|-mega|p1a: Charizard|Charizard|Charizardite Y
|-weather|SunnyDay|[from] ability: Drought|[of] p1a: Charizard
|move|p2b: Vivillon|Protect|p2b: Vivillon
|-singleturn|p2b: Vivillon|Protect
|move|p1b: Venusaur|Leaf Storm|p2b: Vivillon
|-activate|p2b: Vivillon|move: Protect
|move|p1a: Charizard|Heat Wave|p2a: Archaludon|[spread] p2a
|-activate|p2b: Vivillon|move: Protect
|-damage|p2a: Archaludon|48/100
|-ability|p2a: Archaludon|Stamina|boost
|-boost|p2a: Archaludon|def|1
|
|-weather|SunnyDay|[upkeep]
|-heal|p2a: Archaludon|54/100|[from] item: Leftovers
|upkeep
|turn|3
|
|t:|1785143574
|switch|p2b: Politoed|Politoed, L50, F|100/100
|-weather|RainDance|[from] ability: Drizzle|[of] p2b: Politoed
|move|p1a: Charizard|Protect|p1a: Charizard
|-singleturn|p1a: Charizard|Protect
|move|p1b: Venusaur|Protect|p1b: Venusaur
|-singleturn|p1b: Venusaur|Protect
|move|p2a: Archaludon|Electro Shot||[still]
|-prepare|p2a: Archaludon|Electro Shot
|-boost|p2a: Archaludon|spa|1
|-anim|p2a: Archaludon|Electro Shot|p1a: Charizard
|-activate|p1a: Charizard|move: Protect
|
|-weather|RainDance|[upkeep]
|-heal|p2a: Archaludon|60/100|[from] item: Leftovers
|upkeep
|turn|4
|
|t:|1785143583
|switch|p1a: Basculegion|Basculegion, L50, M|100/100
|move|p1b: Venusaur|Earth Power|p2a: Archaludon
|-supereffective|p2a: Archaludon|1
|-damage|p2a: Archaludon|0 fnt
|faint|p2a: Archaludon
|-damage|p1b: Venusaur|90/100|[from] item: Life Orb
|move|p2b: Politoed|Encore|p1b: Venusaur
|-start|p1b: Venusaur|Encore
|
|-weather|RainDance|[upkeep]
|upkeep
|
|t:|1785143590
|switch|p2a: Swampert|Swampert, L50, M|100/100
|turn|5
|
|t:|1785143598
|switch|p2b: Vivillon|Vivillon-Monsoon, L50, F|100/100
|detailschange|p2a: Swampert|Swampert-Mega, L50, M
|-mega|p2a: Swampert|Swampert|Swampertite
|move|p2a: Swampert|Earthquake|p1b: Venusaur|[spread] p1a,p1b
|-immune|p2b: Vivillon
|-damage|p1a: Basculegion|44/100
|-damage|p1b: Venusaur|29/100
|move|p1a: Basculegion|Wave Crash|p2a: Swampert
|-crit|p2a: Swampert
|-damage|p2a: Swampert|0 fnt
|faint|p2a: Swampert
|-damage|p1a: Basculegion|16/100|[from] Recoil
|move|p1b: Venusaur|Earth Power|p2b: Vivillon
|-immune|p2b: Vivillon
|
|-weather|RainDance|[upkeep]
|upkeep
|
|t:|1785143607
|switch|p2a: Politoed|Politoed, L50, F|100/100
|turn|6
|
|t:|1785143621
|move|p1a: Basculegion|Wave Crash|p2b: Vivillon
|-enditem|p2b: Vivillon|Focus Sash
|-damage|p2b: Vivillon|1/100
|-damage|p1a: Basculegion|0 fnt|[from] Recoil
|faint|p1a: Basculegion
|move|p2b: Vivillon|Hurricane|p1b: Venusaur
|-supereffective|p1b: Venusaur|1
|-damage|p1b: Venusaur|0 fnt
|faint|p1b: Venusaur
|move|p2a: Politoed|Weather Ball|p1: Basculegion|[notarget]
|-fail|p2a: Politoed
|
|-weather|RainDance|[upkeep]
|upkeep
|
|t:|1785143624
|switch|p1b: Charizard|Charizard-Mega-Y, L50, F|100/100
|switch|p1a: Pelipper|Pelipper, L50, F|100/100
|-weather|SunnyDay|[from] ability: Drought|[of] p1b: Charizard
|-weather|RainDance|[from] ability: Drizzle|[of] p1a: Pelipper
|turn|7
|
|t:|1785143652
|move|p2b: Vivillon|Protect|p2b: Vivillon
|-singleturn|p2b: Vivillon|Protect
|move|p1b: Charizard|Heat Wave|p2a: Politoed|[spread] p2a
|-activate|p2b: Vivillon|move: Protect
|-resisted|p2a: Politoed|1
|-damage|p2a: Politoed|92/100
|move|p1a: Pelipper|Hurricane|p2a: Politoed
|-damage|p2a: Politoed|54/100
|move|p2a: Politoed|Weather Ball|p1b: Charizard
|-supereffective|p1b: Charizard|1
|-damage|p1b: Charizard|16/100
|
|-weather|RainDance|[upkeep]
|upkeep
|turn|8
|
|t:|1785143665
|move|p2b: Vivillon|Protect|p2b: Vivillon
|-singleturn|p2b: Vivillon|Protect
|move|p1b: Charizard|Weather Ball|p2b: Vivillon
|-activate|p2b: Vivillon|move: Protect
|move|p1a: Pelipper|Hurricane|p2a: Politoed
|-damage|p2a: Politoed|19/100
|-enditem|p2a: Politoed|Sitrus Berry|[eat]
|-heal|p2a: Politoed|44/100|[from] item: Sitrus Berry
|move|p2a: Politoed|Weather Ball|p1b: Charizard
|-supereffective|p1b: Charizard|1
|-crit|p1b: Charizard
|-damage|p1b: Charizard|0 fnt
|faint|p1b: Charizard
|
|-weather|RainDance|[upkeep]
|upkeep
|turn|9
|
|t:|1785143676
|move|p2b: Vivillon|Sleep Powder|p1a: Pelipper
|-status|p1a: Pelipper|slp|[from] move: Sleep Powder
|cant|p1a: Pelipper|slp
|move|p2a: Politoed|Weather Ball|p1a: Pelipper
|-resisted|p1a: Pelipper|1
|-damage|p1a: Pelipper|67/100 slp
|
|-weather|RainDance|[upkeep]
|upkeep
|turn|10
|
|t:|1785143680
|move|p2b: Vivillon|Hurricane|p1a: Pelipper
|-damage|p1a: Pelipper|8/100 slp
|-enditem|p1a: Pelipper|Sitrus Berry|[eat]
|-heal|p1a: Pelipper|33/100 slp|[from] item: Sitrus Berry
|cant|p1a: Pelipper|slp
|move|p2a: Politoed|Weather Ball|p1a: Pelipper
|-resisted|p1a: Pelipper|1
|-damage|p1a: Pelipper|0 fnt
|faint|p1a: Pelipper
|
|win|monsoonisbest
