|j|☆fili53
|j|☆Gottkomplexe
|html|fili53Gottkomplexe    
|uhtml|bestof|Game 2 of a best-of-3
|t:|1757709461
|gametype|doubles
|player|p1|fili53|cress|1212
|player|p2|Gottkomplexe|ilima|1184
|gen|9
|tier|[Gen 9] VGC 2025 Reg H (Bo3)
|rated|
|rule|Species Clause: Limit one of each Pokémon
|rule|Item Clause: Limit 1 of each item
|clearpoke
|poke|p1|Arcanine-Hisui, L50, M|
|poke|p1|Rillaboom, L50, F|
|poke|p1|Clefable, L50, F|
|poke|p1|Inteleon, L50, M|
|poke|p1|Sneasler, L50, M|
|poke|p1|Gholdengo, L50|
|poke|p2|Ninetales-Alola, L50, M|
|poke|p2|Annihilape, L50, F|
|poke|p2|Dragonite, L50, M|
|poke|p2|Gholdengo, L50|
|poke|p2|Amoonguss, L50, F|
|poke|p2|Farigiraf, L50, M|
|teampreview|4
|showteam|p1|Arcanine-Hisui||ClearAmulet|Intimidate|FlareBlitz,RockSlide,ExtremeSpeed,Protect|||M|||50|,,,,,Water]Rillaboom||AssaultVest|GrassySurge|WoodHammer,GrassyGlide,HighHorsepower,FakeOut|||F|||50|,,,,,Fire]Clefable||SafetyGoggles|Unaware|Moonblast,FollowMe,HelpingHand,Protect|||F|||50|,,,,,Steel]Inteleon||RazorClaw|Sniper|SnipeShot,IceBeam,Taunt,Protect|||M|||50|,,,,,Water]Sneasler||FocusSash|Unburden|CloseCombat,DireClaw,FakeOut,Protect|||M|||50|,,,,,Stellar]Gholdengo||LifeOrb|GoodasGold|MakeItRain,ShadowBall,NastyPlot,Protect||||||50|,,,,,Water
|showteam|p2|Ninetales-Alola||FocusSash|SnowWarning|IcyWind,IcicleSpear,AuroraVeil,Protect|||M|||50|,,,,,Ghost]Annihilape||SafetyGoggles|Defiant|RageFist,DrainPunch,BulkUp,Protect|||F|||50|,,,,,Fire]Dragonite||LoadedDice|Multiscale|ScaleShot,Tailwind,Haze,Protect|||M|||50|,,,,,Fairy]Gholdengo||LifeOrb|GoodasGold|MakeItRain,ShadowBall,NastyPlot,Protect||||||50|,,,,,Water]Amoonguss||CovertCloak|Regenerator|RagePowder,Spore,Protect,PollenPuff|||F|||50|,,,,,Water]Farigiraf||SitrusBerry|ArmorTail|TeraBlast,TwinBeam,TrickRoom,Protect|||M|||50|,,,,,Fighting
|inactive|Battle timer is ON: inactive players will automatically lose when time's up. (requested by Gottkomplexe)
|inactive|fili53 has 60 seconds left.
|
|t:|1757709498
|teamsize|p1|4
|teamsize|p2|4
|start
|switch|p1a: Gholdengo|Gholdengo, L50|100/100
|switch|p1b: Clefable|Clefable, L50, F|100/100
|switch|p2a: Gholdengo|Gholdengo, L50|100/100
|switch|p2b: Amoonguss|Amoonguss, L50, F|100/100
|turn|1
|inactive|fili53 has 30 seconds left.
|
|t:|1757709529
|switch|p1b: Inteleon|Inteleon, L50, M|100/100
|switch|p2b: Ninetales|Ninetales-Alola, L50, M|100/100
|-weather|Snowscape|[from] ability: Snow Warning|[of] p2b: Ninetales
|-terastallize|p2a: Gholdengo|Water
|move|p1a: Gholdengo|Nasty Plot|p1a: Gholdengo
|-boost|p1a: Gholdengo|spa|2
|move|p2a: Gholdengo|Nasty Plot|p2a: Gholdengo
|-boost|p2a: Gholdengo|spa|2
|
|-weather|Snowscape|[upkeep]
|upkeep
|turn|2
|inactive|fili53 has 30 seconds left.
|inactive|fili53 has 20 seconds left.
|inactive|fili53 has 15 seconds left.
|
|t:|1757709569
|move|p2a: Gholdengo|Protect|p2a: Gholdengo
|-singleturn|p2a: Gholdengo|Protect
|move|p1b: Inteleon|Snipe Shot|p2a: Gholdengo
|-activate|p2a: Gholdengo|move: Protect
|move|p2b: Ninetales|Icy Wind|p1b: Inteleon|[spread] p1a,p1b
|-resisted|p1a: Gholdengo
|-resisted|p1b: Inteleon
|-damage|p1a: Gholdengo|92/100
|-damage|p1b: Inteleon|87/100
|-unboost|p1a: Gholdengo|spe|1
|-unboost|p1b: Inteleon|spe|1
|move|p1a: Gholdengo|Shadow Ball|p2a: Gholdengo
|-activate|p2a: Gholdengo|move: Protect
|
|-weather|Snowscape|[upkeep]
|upkeep
|turn|3
|inactive|fili53 has 30 seconds left.
|inactive|Gottkomplexe has 30 seconds left.
|inactive|Gottkomplexe has 20 seconds left.
|inactive|Gottkomplexe has 15 seconds left.
|inactive|Gottkomplexe has 10 seconds left.
|
|t:|1757709615
|-terastallize|p1a: Gholdengo|Water
|move|p2b: Ninetales|Aurora Veil|p2b: Ninetales
|-sidestart|p2: Gottkomplexe|move: Aurora Veil
|move|p2a: Gholdengo|Make It Rain|p1a: Gholdengo|[spread] p1a,p1b
|-resisted|p1a: Gholdengo
|-resisted|p1b: Inteleon
|-damage|p1a: Gholdengo|28/100
|-damage|p1b: Inteleon|0 fnt
|-unboost|p2a: Gholdengo|spa|1
|faint|p1b: Inteleon
|-damage|p2a: Gholdengo|91/100|[from] item: Life Orb
|move|p1a: Gholdengo|Shadow Ball|p2a: Gholdengo
|-damage|p2a: Gholdengo|19/100
|-damage|p1a: Gholdengo|18/100|[from] item: Life Orb
|
|-weather|Snowscape|[upkeep]
|upkeep
|
|t:|1757709622
|switch|p1b: Arcanine|Arcanine-Hisui, L50, M|100/100
|-ability|p1b: Arcanine|Intimidate|boost
|-unboost|p2a: Gholdengo|atk|1
|-unboost|p2b: Ninetales|atk|1
|turn|4
|
|t:|1757709635
|move|p2a: Gholdengo|Protect|p2a: Gholdengo
|-singleturn|p2a: Gholdengo|Protect
|move|p1b: Arcanine|Extreme Speed|p2a: Gholdengo
|-activate|p2a: Gholdengo|move: Protect
|move|p2b: Ninetales|Icy Wind|p1b: Arcanine|[spread] p1a,p1b
|-resisted|p1a: Gholdengo
|-resisted|p1b: Arcanine
|-damage|p1a: Gholdengo|9/100
|-damage|p1b: Arcanine|91/100
|-unboost|p1a: Gholdengo|spe|1
|move|p1a: Gholdengo|Shadow Ball|p2b: Ninetales
|-damage|p2b: Ninetales|11/100
|-damage|p1a: Gholdengo|0 fnt|[from] item: Life Orb
|faint|p1a: Gholdengo
|
|-weather|Snowscape|[upkeep]
|upkeep
|
|t:|1757709639
|switch|p1a: Clefable|Clefable, L50, F|100/100
|turn|5
|
|t:|1757709666
|switch|p2a: Annihilape|Annihilape, L50, F|100/100
|move|p1a: Clefable|Helping Hand|p1b: Arcanine
|-singleturn|p1b: Arcanine|Helping Hand|[of] p1a: Clefable
|move|p2b: Ninetales|Icicle Spear|p2a: Annihilape
|-damage|p2a: Annihilape|98/100
|-damage|p2a: Annihilape|95/100
|-damage|p2a: Annihilape|91/100
|-damage|p2a: Annihilape|88/100
|-hitcount|p2a: Annihilape|4
|move|p1b: Arcanine|Rock Slide|p2b: Ninetales|[spread] p2a,p2b
|-resisted|p2a: Annihilape
|-supereffective|p2b: Ninetales
|-damage|p2a: Annihilape|76/100
|-damage|p2b: Ninetales|0 fnt
|faint|p2b: Ninetales
|
|-weather|none
|upkeep
|
|t:|1757709682
|switch|p2b: Gholdengo|Gholdengo, L50, tera:Water|19/100
|turn|6
|
|t:|1757709698
|move|p1b: Arcanine|Protect|p1b: Arcanine
|-singleturn|p1b: Arcanine|Protect
|move|p2a: Annihilape|Rage Fist|p1b: Arcanine
|-activate|p1b: Arcanine|move: Protect
|move|p2b: Gholdengo|Make It Rain|p1b: Arcanine|[spread] p1a
|-activate|p1b: Arcanine|move: Protect
|-supereffective|p1a: Clefable
|-damage|p1a: Clefable|8/100
|-unboost|p2b: Gholdengo|spa|1
|-damage|p2b: Gholdengo|10/100|[from] item: Life Orb
|move|p1a: Clefable|Moonblast|p2a: Annihilape
|-supereffective|p2a: Annihilape
|-damage|p2a: Annihilape|33/100
|
|upkeep
|turn|7
|
|t:|1757709713
|move|p1a: Clefable|Protect|p1a: Clefable
|-singleturn|p1a: Clefable|Protect
|move|p1b: Arcanine|Flare Blitz|p2a: Annihilape
|-damage|p2a: Annihilape|0 fnt
|faint|p2a: Annihilape
|-damage|p1b: Arcanine|79/100|[from] Recoil
|move|p2b: Gholdengo|Make It Rain|p1b: Arcanine|[spread] p1b
|-activate|p1a: Clefable|move: Protect
|-damage|p1b: Arcanine|39/100
|-unboost|p2b: Gholdengo|spa|1
|-damage|p2b: Gholdengo|0 fnt|[from] item: Life Orb
|faint|p2b: Gholdengo
|
|-sideend|p2: Gottkomplexe|move: Aurora Veil
|upkeep
|
|t:|1757709717
|switch|p2b: Amoonguss|Amoonguss, L50, F|100/100
|turn|8
|
|t:|1757709729
|move|p1a: Clefable|Helping Hand|p1b: Arcanine
|-singleturn|p1b: Arcanine|Helping Hand|[of] p1a: Clefable
|move|p1b: Arcanine|Flare Blitz|p2b: Amoonguss
|-supereffective|p2b: Amoonguss
|-damage|p2b: Amoonguss|0 fnt
|faint|p2b: Amoonguss
|-damage|p1b: Arcanine|0 fnt|[from] Recoil
|faint|p1b: Arcanine
|
|win|fili53
|raw|fili53's rating: 1212 → 1235(+23 for winning)
|raw|Gottkomplexe's rating: 1184 → 1161(-23 for losing)
|l|☆Gottkomplexe
|player|p2|
|l|☆fili53
|player|p1|
