|j|вҳҶHEDGEHOGMEOW
|j|вҳҶwaterwater2
|html|HEDGEHOGMEOWwaterwater2    
|uhtml|bestof|Game 1 of a best-of-3
|t:|1785593008
|gametype|doubles
|player|p1|HEDGEHOGMEOW|170|
|player|p2|waterwater2|cynthia-masters3|
|gen|9
|tier|[Gen 9 Champions] VGC 2026 Reg M-B (Bo3)
|rule|Species Clause: Limit one of each PokГ©mon
|rule|Item Clause: Limit 1 of each item
|clearpoke
|poke|p1|Pyroar, L50, M|
|poke|p1|Torkoal, L50, F|
|poke|p1|Farigiraf, L50, M|
|poke|p1|Whimsicott, L50, F|
|poke|p1|Garchomp, L50, F|
|poke|p1|Staraptor, L50, F|
|poke|p2|Charizard, L50, M, shiny|
|poke|p2|Basculegion, L50, M, shiny|
|poke|p2|Whimsicott, L50, F, shiny|
|poke|p2|Garchomp, L50, M, shiny|
|poke|p2|Kingambit, L50, M, shiny|
|poke|p2|Incineroar, L50, M|
|teampreview|4
|showteam|p1|Pyroar||Pyroarite|Unnerve|Overheat,HeatWave,SolarBeam,Protect|Timid||M|||50|]Torkoal||Charcoal|Drought|Eruption,WeatherBall,HelpingHand,Protect|Quiet||F|||50|]Farigiraf||SitrusBerry|ArmorTail|HelpingHand,Psychic,Thunderbolt,TrickRoom|Relaxed||M|||50|]Whimsicott||FocusSash|Prankster|Charm,Tailwind,Moonblast,SunnyDay|Modest||F|||50|]Garchomp||LifeOrb|RoughSkin|IronHead,StompingTantrum,RockSlide,Protect|Jolly||F|||50|]Staraptor||Staraptite|Intimidate|Protect,CloseCombat,BraveBird,Roost|Jolly||F|||50|
|showteam|p2|Charizard||CharizarditeY|SolarPower|HeatWave,WeatherBall,SolarBeam,Protect|Modest||M|||50|]Basculegion||ChoiceScarf|Adaptability|WaveCrash,LastRespects,AquaJet,FlipTurn|Adamant||M|||50|]Whimsicott||FocusSash|Prankster|Moonblast,Tailwind,Encore,Protect|Timid||F|||50|]Garchomp||LifeOrb|RoughSkin|DragonClaw,Earthquake,RockSlide,Protect|Jolly||M|||50|]Kingambit||BlackGlasses|Defiant|KowtowCleave,LowKick,SuckerPunch,Protect|Adamant||M|||50|]Incineroar||ChopleBerry|Intimidate|FlareBlitz,ThroatChop,FakeOut,PartingShot|Careful||M|||50|
|c|вҳҶHEDGEHOGMEOW|еҠ жІ№
|c|вҳҶHEDGEHOGMEOW|жҲ‘й–ӢжҷӮй–“йҷҗеҲ¶е–”
|inactive|Battle timer is ON: inactive players will automatically lose when time's up. (requested by HEDGEHOGMEOW)
|inactive|HEDGEHOGMEOW has 60 seconds left.
|
|t:|1785593135
|teamsize|p1|4
|teamsize|p2|4
|start
|switch|p1a: Whimsicott|Whimsicott, L50, F|100/100
|switch|p1b: Staraptor|Staraptor, L50, F|100/100
|switch|p2a: е…ӯйӣ·еҗүзөӮзөҗиҖ…|Incineroar, L50, M|100/100
|switch|p2b: з«№иҳӯзҡ„ең“йҷёйҜҠ|Garchomp, L50, M, shiny|100/100
|-ability|p1b: Staraptor|Intimidate|boost
|-unboost|p2a: е…ӯйӣ·еҗүзөӮзөҗиҖ…|atk|1
|-unboost|p2b: з«№иҳӯзҡ„ең“йҷёйҜҠ|atk|1
|-ability|p2a: е…ӯйӣ·еҗүзөӮзөҗиҖ…|Intimidate|boost
|-unboost|p1a: Whimsicott|atk|1
|-unboost|p1b: Staraptor|atk|1
|turn|1
|inactive|HEDGEHOGMEOW has 30 seconds left.
|inactive|waterwater2 has 30 seconds left.
|inactive|waterwater2 has 20 seconds left.
|inactive|waterwater2 has 15 seconds left.
|inactive|waterwater2 has 10 seconds left.
|inactive|waterwater2 has 5 seconds left.
|
|t:|1785593186
|move|p1b: Staraptor|Protect|p1b: Staraptor
|-singleturn|p1b: Staraptor|Protect
|move|p2a: е…ӯйӣ·еҗүзөӮзөҗиҖ…|Fake Out|p1a: Whimsicott
|-damage|p1a: Whimsicott|89/100
|move|p2b: з«№иҳӯзҡ„ең“йҷёйҜҠ|Dragon Claw|p1b: Staraptor
|-activate|p1b: Staraptor|move: Protect
|cant|p1a: Whimsicott|flinch
|
|upkeep
|turn|2
|inactive|HEDGEHOGMEOW has 30 seconds left.
|inactive|waterwater2 has 30 seconds left.
|inactive|waterwater2 has 20 seconds left.
|inactive|waterwater2 has 15 seconds left.
|
|t:|1785593229
|switch|p2b: жЈүй¬јжҺЎй»‘иҠұ|Whimsicott, L50, F, shiny|100/100
|detailschange|p1b: Staraptor|Staraptor-Mega, L50, F
|-mega|p1b: Staraptor|Staraptor|Staraptite
|move|p1a: Whimsicott|Charm|p1b: Staraptor
|-boost|p1b: Staraptor|atk|2
|move|p1b: Staraptor|Close Combat|p2a: е…ӯйӣ·еҗүзөӮзөҗиҖ…
|-supereffective|p2a: е…ӯйӣ·еҗүзөӮзөҗиҖ…|1
|-enditem|p2a: е…ӯйӣ·еҗүзөӮзөҗиҖ…|Chople Berry|[eat]
|-enditem|p2a: е…ӯйӣ·еҗүзөӮзөҗиҖ…|Chople Berry|[weaken]
|-damage|p2a: е…ӯйӣ·еҗүзөӮзөҗиҖ…|15/100
|-boost|p1b: Staraptor|def|1
|-boost|p1b: Staraptor|spd|1
|move|p2a: е…ӯйӣ·еҗүзөӮзөҗиҖ…|Flare Blitz|p1a: Whimsicott
|-supereffective|p1a: Whimsicott|1
|-damage|p1a: Whimsicott|0 fnt
|faint|p1a: Whimsicott
|-damage|p2a: е…ӯйӣ·еҗүзөӮзөҗиҖ…|0 fnt|[from] Recoil
|faint|p2a: е…ӯйӣ·еҗүзөӮзөҗиҖ…
|
|upkeep
|
|t:|1785593252
|switch|p1a: Farigiraf|Farigiraf, L50, M|100/100
|switch|p2a: и¶…зҙҡеҸӨзҺүйӯҡX|Charizard, L50, M, shiny|100/100
|turn|3
|inactive|HEDGEHOGMEOW has 30 seconds left.
|inactive|waterwater2 has 30 seconds left.
|
|t:|1785593285
|detailschange|p2a: и¶…зҙҡеҸӨзҺүйӯҡX|Charizard-Mega-Y, L50, M, shiny
|-mega|p2a: и¶…зҙҡеҸӨзҺүйӯҡX|Charizard|Charizardite Y
|-weather|SunnyDay|[from] ability: Drought|[of] p2a: и¶…зҙҡеҸӨзҺүйӯҡX
|move|p1a: Farigiraf|Helping Hand|p1b: Staraptor
|-singleturn|p1b: Staraptor|Helping Hand|[of] p1a: Farigiraf
|move|p2b: жЈүй¬јжҺЎй»‘иҠұ|Moonblast|p1b: Staraptor
|-supereffective|p1b: Staraptor|1
|-damage|p1b: Staraptor|51/100
|move|p1b: Staraptor|Brave Bird|p2a: и¶…зҙҡеҸӨзҺүйӯҡX
|-damage|p2a: и¶…зҙҡеҸӨзҺүйӯҡX|0 fnt
|faint|p2a: и¶…зҙҡеҸӨзҺүйӯҡX
|-damage|p1b: Staraptor|19/100|[from] Recoil
|
|-weather|SunnyDay|[upkeep]
|upkeep
|
|t:|1785593298
|switch|p2a: з«№иҳӯзҡ„ең“йҷёйҜҠ|Garchomp, L50, M, shiny|100/100
|turn|4
|inactive|waterwater2 has 30 seconds left.
|
|t:|1785593332
|move|p1b: Staraptor|Protect|p1b: Staraptor
|-singleturn|p1b: Staraptor|Protect
|move|p2b: жЈүй¬јжҺЎй»‘иҠұ|Moonblast|p1b: Staraptor
|-activate|p1b: Staraptor|move: Protect
|move|p2a: з«№иҳӯзҡ„ең“йҷёйҜҠ|Dragon Claw|p1a: Farigiraf
|-damage|p1a: Farigiraf|60/100
|-damage|p2a: з«№иҳӯзҡ„ең“йҷёйҜҠ|90/100|[from] item: Life Orb
|move|p1a: Farigiraf|Trick Room|p1a: Farigiraf
|-fieldstart|move: Trick Room|[of] p1a: Farigiraf
|
|-weather|SunnyDay|[upkeep]
|upkeep
|turn|5
|inactive|HEDGEHOGMEOW has 30 seconds left.
|inactive|waterwater2 has 30 seconds left.
|inactive|HEDGEHOGMEOW has 20 seconds left.
|inactive|waterwater2 has 20 seconds left.
|inactive|HEDGEHOGMEOW has 15 seconds left.
|inactive|waterwater2 has 15 seconds left.
|inactive|HEDGEHOGMEOW has 10 seconds left.
|inactive|waterwater2 has 10 seconds left.
|inactive|HEDGEHOGMEOW has 5 seconds left.
|inactive|waterwater2 has 5 seconds left.
|
|t:|1785593384
|move|p1a: Farigiraf|Psychic|p2b: жЈүй¬јжҺЎй»‘иҠұ
|-damage|p2b: жЈүй¬јжҺЎй»‘иҠұ|45/100
|move|p2a: з«№иҳӯзҡ„ең“йҷёйҜҠ|Dragon Claw|p1b: Staraptor
|-damage|p1b: Staraptor|0 fnt
|faint|p1b: Staraptor
|-damage|p2a: з«№иҳӯзҡ„ең“йҷёйҜҠ|80/100|[from] item: Life Orb
|move|p2b: жЈүй¬јжҺЎй»‘иҠұ|Moonblast|p1a: Farigiraf
|-damage|p1a: Farigiraf|25/100
|-enditem|p1a: Farigiraf|Sitrus Berry|[eat]
|-heal|p1a: Farigiraf|50/100y|[from] item: Sitrus Berry
|
|-weather|SunnyDay|[upkeep]
|upkeep
|
|t:|1785593395
|switch|p1b: Garchomp|Garchomp, L50, F|100/100
|turn|6
|inactive|HEDGEHOGMEOW has 30 seconds left.
|inactive|HEDGEHOGMEOW has 20 seconds left.
|inactive|HEDGEHOGMEOW has 15 seconds left.
|
|t:|1785593438
|move|p2b: жЈүй¬јжҺЎй»‘иҠұ|Protect|p2b: жЈүй¬јжҺЎй»‘иҠұ
|-singleturn|p2b: жЈүй¬јжҺЎй»‘иҠұ|Protect
|move|p2a: з«№иҳӯзҡ„ең“йҷёйҜҠ|Protect|p2a: з«№иҳӯзҡ„ең“йҷёйҜҠ
|-singleturn|p2a: з«№иҳӯзҡ„ең“йҷёйҜҠ|Protect
|move|p1b: Garchomp|Protect|p1b: Garchomp
|-singleturn|p1b: Garchomp|Protect
|move|p1a: Farigiraf|Psychic|p2b: жЈүй¬јжҺЎй»‘иҠұ
|-activate|p2b: жЈүй¬јжҺЎй»‘иҠұ|move: Protect
|
|-weather|SunnyDay|[upkeep]
|upkeep
|turn|7
|
|t:|1785593454
|move|p1a: Farigiraf|Psychic|p2b: жЈүй¬јжҺЎй»‘иҠұ
|-damage|p2b: жЈүй¬јжҺЎй»‘иҠұ|0 fnt
|faint|p2b: жЈүй¬јжҺЎй»‘иҠұ
|move|p1b: Garchomp|Stomping Tantrum|p2a: з«№иҳӯзҡ„ең“йҷёйҜҠ
|-crit|p2a: з«№иҳӯзҡ„ең“йҷёйҜҠ
|-damage|p2a: з«№иҳӯзҡ„ең“йҷёйҜҠ|0 fnt
|-damage|p1b: Garchomp|87/100|[from] ability: Rough Skin|[of] p2a: з«№иҳӯзҡ„ең“йҷёйҜҠ
|faint|p2a: з«№иҳӯзҡ„ең“йҷёйҜҠ
|-damage|p1b: Garchomp|77/100|[from] item: Life Orb
|
|win|HEDGEHOGMEOW
||HEDGEHOGMEOW is ready for game 2.
|inactive|waterwater2 has 30 seconds to confirm battle start!
|inactive|waterwater2 has 20 seconds to confirm battle start!
|c|вҳҶwaterwater2|...
||waterwater2 is ready for game 2.
|uhtml|next|Next: Game 2 of 3
|l|вҳҶHEDGEHOGMEOW
|player|p1|
