|j|☆tacoman007
|j|☆redjaguar
|html|tacoman007redjaguar    
|uhtml|bestof|Game 2 of a best-of-3
|t:|1785371862
|gametype|doubles
|player|p1|tacoman007|hiker-gen4|1073
|player|p2|redjaguar|gambler|1090
|gen|9
|tier|[Gen 9 Champions] VGC 2026 Reg M-B (Bo3)
|rated|
|rule|Species Clause: Limit one of each Pokémon
|rule|Item Clause: Limit 1 of each item
|clearpoke
|poke|p1|Aurorus, L50, M|
|poke|p1|Hippowdon, L50, M|
|poke|p1|Scovillain, L50, F|
|poke|p1|Slowbro, L50, F|
|poke|p1|Toucannon, L50, F|
|poke|p1|Dragapult, L50, M|
|poke|p2|Dragonite, L50, F|
|poke|p2|Gardevoir, L50, M|
|poke|p2|Raichu, L50, M|
|poke|p2|Kingambit, L50, M|
|poke|p2|Incineroar, L50, M|
|poke|p2|Empoleon, L50, M|
|teampreview|4
|showteam|p1|Aurorus||Leftovers|SnowWarning|WeatherBall,EarthPower,Substitute,Protect|Modest||M|||50|]Hippowdon||WhiteHerb|SandStream|HighHorsepower,HeavySlam,StoneEdge,Protect|Brave||M|||50|]Scovillain||Scovillainite|Moody|LeafStorm,FlareBlitz,RagePowder,Protect|Relaxed||F|||50|]Slowbro||Slowbronite|Regenerator|Scald,WeatherBall,TrickRoom,Protect|Sassy||F|||50|]Toucannon||SitrusBerry|KeenEye|BeakBlast,TemperFlare,Encore,Protect|Brave||F|||50|]Dragapult||LifeOrb|ClearBody|DragonDarts,SuckerPunch,LightScreen,Protect|Jolly||M|||50|
|showteam|p2|Dragonite||ExpertBelt|Multiscale|IceSpinner,StompingTantrum,ExtremeSpeed,Protect|Adamant||F|||50|]Gardevoir||Gardevoirite|Trace|HyperVoice,MysticalFire,Protect,Psychic|Timid||M|||50|]Raichu||SitrusBerry|LightningRod|FakeOut,HelpingHand,Nuzzle,VoltSwitch|Timid||M|||50|]Kingambit||BlackGlasses|SupremeOverlord|KowtowCleave,SuckerPunch,Protect,IronHead|Adamant||M|||50|]Incineroar||WhiteHerb|Intimidate|FakeOut,FlareBlitz,PartingShot,Taunt|Impish||M|||50|]Empoleon||Leftovers|Competitive|IcyWind,Protect,FlashCannon,HydroPump|Modest||M|||50|
|inactive|Battle timer is ON: inactive players will automatically lose when time's up. (requested by tacoman007)
|inactive|tacoman007 has 60 seconds left.
|
|t:|1785371912
|teamsize|p1|4
|teamsize|p2|4
|start
|switch|p1a: Scovillain|Scovillain, L50, F|100/100
|switch|p1b: Slowbro|Slowbro, L50, F|100/100
|switch|p2a: Raichu|Raichu, L50, M|100/100
|switch|p2b: Dragonite|Dragonite, L50, F|100/100
|turn|1
|inactive|tacoman007 has 30 seconds left.
|inactive|redjaguar has 30 seconds left.
|inactive|redjaguar has 20 seconds left.
|inactive|redjaguar has 15 seconds left.
|inactive|redjaguar has 10 seconds left.
|inactive|redjaguar has 5 seconds left.
|
|t:|1785371963
|move|p1a: Scovillain|Protect|p1a: Scovillain
|-singleturn|p1a: Scovillain|Protect
|move|p2a: Raichu|Fake Out|p1b: Slowbro
|-damage|p1b: Slowbro|93/100
|move|p2b: Dragonite|Extreme Speed|p1a: Scovillain
|-activate|p1a: Scovillain|move: Protect
|cant|p1b: Slowbro|flinch
|
|-ability|p1a: Scovillain|Moody|boost
|-boost|p1a: Scovillain|def|2
|-unboost|p1a: Scovillain|spd|1
|upkeep
|turn|2
|inactive|tacoman007 has 30 seconds left.
|inactive|redjaguar has 30 seconds left.
|inactive|tacoman007 has 20 seconds left.
|inactive|redjaguar has 20 seconds left.
|inactive|redjaguar has 15 seconds left.
|inactive|redjaguar has 10 seconds left.
|inactive|redjaguar has 5 seconds left.
|
|t:|1785372013
|move|p2a: Raichu|Helping Hand|p2b: Dragonite
|-singleturn|p2b: Dragonite|Helping Hand|[of] p2a: Raichu
|move|p1a: Scovillain|Rage Powder|p1a: Scovillain
|-singleturn|p1a: Scovillain|move: Rage Powder
|move|p2b: Dragonite|Stomping Tantrum|p1a: Scovillain
|-damage|p1a: Scovillain|80/100
|move|p1b: Slowbro|Trick Room|p1b: Slowbro
|-fieldstart|move: Trick Room|[of] p1b: Slowbro
|
|-ability|p1a: Scovillain|Moody|boost
|-boost|p1a: Scovillain|spd|2
|-unboost|p1a: Scovillain|spe|1
|upkeep
|turn|3
|inactive|tacoman007 has 30 seconds left.
|
|t:|1785372046
|move|p2b: Dragonite|Extreme Speed|p1a: Scovillain
|-damage|p1a: Scovillain|64/100
|move|p1b: Slowbro|Scald|p2b: Dragonite
|-resisted|p2b: Dragonite|1
|-damage|p2b: Dragonite|93/100
|-status|p2b: Dragonite|brn
|move|p1a: Scovillain|Flare Blitz|p2a: Raichu
|-damage|p2a: Raichu|18/100
|-enditem|p2a: Raichu|Sitrus Berry|[eat]
|-heal|p2a: Raichu|43/100|[from] item: Sitrus Berry
|-damage|p1a: Scovillain|38/100|[from] Recoil
|move|p2a: Raichu|Volt Switch|p1a: Scovillain
|-resisted|p1a: Scovillain|1
|-damage|p1a: Scovillain|27/100
|
|t:|1785372064
|switch|p2a: Empoleon|Empoleon, L50, M|100/100|[from] Volt Switch
|
|-damage|p2b: Dragonite|87/100 brn|[from] brn
|-ability|p1a: Scovillain|Moody|boost
|-boost|p1a: Scovillain|spa|2
|-unboost|p1a: Scovillain|def|1
|upkeep
|turn|4
|inactive|tacoman007 has 30 seconds left.
|inactive|redjaguar has 30 seconds left.
|
|t:|1785372097
|-heal|p1b: Slowbro|100/100|[from] ability: Regenerator|[silent]
|switch|p1b: Aurorus|Aurorus, L50, M|100/100
|-weather|Snowscape|[from] ability: Snow Warning|[of] p1b: Aurorus
|move|p2b: Dragonite|Extreme Speed|p1a: Scovillain
|-damage|p1a: Scovillain|17/100
|move|p1a: Scovillain|Leaf Storm|p2a: Empoleon
|-damage|p2a: Empoleon|24/100
|-unboost|p1a: Scovillain|spa|2
|move|p2a: Empoleon|Flash Cannon|p1a: Scovillain
|-resisted|p1a: Scovillain|1
|-damage|p1a: Scovillain|0 fnt
|faint|p1a: Scovillain
|
|-weather|Snowscape|[upkeep]
|-heal|p2a: Empoleon|29/100|[from] item: Leftovers
|-damage|p2b: Dragonite|81/100 brn|[from] brn
|upkeep
|
|t:|1785372113
|switch|p1a: Slowbro|Slowbro, L50, F|100/100
|turn|5
|
|t:|1785372128
|detailschange|p1a: Slowbro|Slowbro-Mega, L50, F
|-mega|p1a: Slowbro|Slowbro|Slowbronite
|move|p2b: Dragonite|Protect|p2b: Dragonite
|-singleturn|p2b: Dragonite|Protect
|move|p1a: Slowbro|Weather Ball|p2b: Dragonite
|-activate|p2b: Dragonite|move: Protect
|move|p1b: Aurorus|Earth Power|p2a: Empoleon
|-supereffective|p2a: Empoleon|1
|-damage|p2a: Empoleon|0 fnt
|faint|p2a: Empoleon
|
|-weather|Snowscape|[upkeep]
|-damage|p2b: Dragonite|75/100 brn|[from] brn
|upkeep
|
|t:|1785372140
|switch|p2a: Raichu|Raichu, L50, M|43/100
|turn|6
|inactive|tacoman007 has 30 seconds left.
|
|t:|1785372173
|switch|p2b: Kingambit|Kingambit, L50, M|100/100
|-activate|p2b: Kingambit|ability: Supreme Overlord
|-start|p2b: Kingambit|fallen1|[silent]
|move|p1a: Slowbro|Protect|p1a: Slowbro
|-singleturn|p1a: Slowbro|Protect
|move|p2a: Raichu|Fake Out|p1b: Aurorus
|-resisted|p1b: Aurorus|1
|-damage|p1b: Aurorus|97/100
|cant|p1b: Aurorus|flinch
|
|-weather|Snowscape|[upkeep]
|-heal|p1b: Aurorus|100/100|[from] item: Leftovers
|-fieldend|move: Trick Room
|upkeep
|turn|7
|inactive|tacoman007 has 30 seconds left.
|
|t:|1785372200
|move|p2a: Raichu|Volt Switch|p1a: Slowbro
|-supereffective|p1a: Slowbro|1
|-damage|p1a: Slowbro|63/100
|
|t:|1785372204
|switch|p2a: Dragonite|Dragonite, L50, F|75/100 brn|[from] Volt Switch
|move|p1b: Aurorus|Earth Power|p2b: Kingambit
|-supereffective|p2b: Kingambit|1
|-damage|p2b: Kingambit|42/100
|move|p2b: Kingambit|Kowtow Cleave|p1a: Slowbro
|-supereffective|p1a: Slowbro|1
|-damage|p1a: Slowbro|8/100
|move|p1a: Slowbro|Scald|p2b: Kingambit
|-damage|p2b: Kingambit|8/100
|-status|p2b: Kingambit|brn
|
|-weather|Snowscape|[upkeep]
|-damage|p2a: Dragonite|69/100 brn|[from] brn
|-damage|p2b: Kingambit|2/100 brn|[from] brn
|upkeep
|turn|8
|inactive|tacoman007 has 30 seconds left.
|inactive|redjaguar has 30 seconds left.
|
|t:|1785372233
|switch|p1b: Hippowdon|Hippowdon, L50, M|100/100
|-weather|Sandstorm|[from] ability: Sand Stream|[of] p1b: Hippowdon
|move|p2a: Dragonite|Stomping Tantrum|p1b: Hippowdon
|-damage|p1b: Hippowdon|89/100
|move|p2b: Kingambit|Iron Head|p1b: Hippowdon
|-damage|p1b: Hippowdon|74/100
|move|p1a: Slowbro|Trick Room|p1a: Slowbro
|-fieldstart|move: Trick Room|[of] p1a: Slowbro
|
|-weather|Sandstorm|[upkeep]
|-damage|p1a: Slowbro|2/100|[from] Sandstorm
|-damage|p2a: Dragonite|63/100 brn|[from] Sandstorm
|-damage|p2b: Kingambit|0 fnt|[from] brn
|faint|p2b: Kingambit
|-end|p2b: Kingambit|fallen1|[silent]
|-damage|p2a: Dragonite|57/100 brn|[from] brn
|upkeep
|
|t:|1785372247
|switch|p2b: Raichu|Raichu, L50, M|43/100
|turn|9
|
|t:|1785372258
|move|p2b: Raichu|Fake Out|p1a: Slowbro
|-damage|p1a: Slowbro|0 fnt
|faint|p1a: Slowbro
|move|p1b: Hippowdon|High Horsepower|p2b: Raichu|[miss]
|-miss|p1b: Hippowdon|p2b: Raichu
|move|p2a: Dragonite|Ice Spinner|p1b: Hippowdon
|-supereffective|p1b: Hippowdon|1
|-damage|p1b: Hippowdon|46/100
|
|-weather|Sandstorm|[upkeep]
|-damage|p2a: Dragonite|51/100 brn|[from] Sandstorm
|-damage|p2b: Raichu|37/100|[from] Sandstorm
|-damage|p2a: Dragonite|44/100 brn|[from] brn
|upkeep
|
|t:|1785372262
|switch|p1a: Aurorus|Aurorus, L50, M|100/100
|-weather|Snowscape|[from] ability: Snow Warning|[of] p1a: Aurorus
|turn|10
|
|t:|1785372285
|move|p2b: Raichu|Helping Hand|p2a: Dragonite
|-singleturn|p2a: Dragonite|Helping Hand|[of] p2b: Raichu
|move|p1b: Hippowdon|High Horsepower|p2b: Raichu
|-supereffective|p2b: Raichu|1
|-damage|p2b: Raichu|0 fnt
|faint|p2b: Raichu
|move|p1a: Aurorus|Weather Ball|p2a: Dragonite
|-supereffective|p2a: Dragonite|2
|-damage|p2a: Dragonite|0 fnt
|faint|p2a: Dragonite
|
|win|tacoman007
|raw|tacoman007's rating: 1073 → 1103(+30 for winning)
|raw|redjaguar's rating: 1090 → 1065(-25 for losing)
|l|☆tacoman007
|player|p1|
