|j|☆KrsCrossAppleSauce
|j|☆parzival777
|html|KrsCrossAppleSauceparzival777    
|uhtml|bestof|Game 2 of a best-of-3
|t:|1756282986
|gametype|doubles
|player|p1|KrsCrossAppleSauce|green|1192
|player|p2|parzival777|2|1161
|gen|9
|tier|[Gen 9] VGC 2025 Reg H (Bo3)
|rated|
|rule|Species Clause: Limit one of each Pokémon
|rule|Item Clause: Limit 1 of each item
|clearpoke
|poke|p1|Sneasler, L50, F|
|poke|p1|Gholdengo, L50|
|poke|p1|Dondozo, L50, F|
|poke|p1|Rillaboom, L50, F|
|poke|p1|Volcarona, L50, F|
|poke|p1|Electabuzz, L50, F|
|poke|p2|Vivillon-Icy Snow, L50, M|
|poke|p2|Garchomp, L50, F|
|poke|p2|Ninetales, L50, F|
|poke|p2|Dragapult, L50, M|
|poke|p2|Incineroar, L50, F|
|poke|p2|Arboliva, L50, F|
|teampreview|4
|showteam|p1|Sneasler||FocusSash|PoisonTouch|FakeOut,DireClaw,CloseCombat,Protect|||F|||50|,,,,,Dark]Gholdengo||LifeOrb|GoodasGold|MakeItRain,ShadowBall,NastyPlot,Protect||||||50|,,,,,Water]Dondozo||Leftovers|Unaware|WaveCrash,Yawn,Fissure,Protect|||F|||50|,,,,,Psychic]Rillaboom||AssaultVest|GrassySurge|FakeOut,WoodHammer,GrassyGlide,Uturn|||F|||50|,,,,,Fire]Volcarona||CovertCloak|FlameBody|HeatWave,QuiverDance,TeraBlast,Protect|||F|||50|,,,,,Fairy]Electabuzz||Eviolite|VitalSpirit|Thunderbolt,FollowMe,Taunt,Protect|||F|||50|,,,,,Ghost
|showteam|p2|Vivillon-Icy Snow||FocusSash|CompoundEyes|Protect,Tailwind,SleepPowder,PollenPuff|||M|||50|,,,,,Ghost]Garchomp||ClearAmulet|RoughSkin|Protect,Earthquake,ScaleShot,RockSlide|||F|||50|,,,,,Fairy]Ninetales||ChoiceScarf|Drought|WeatherBall,HeatWave,ScorchingSands,SolarBeam|||F|||50|,,,,,Fairy]Dragapult||LifeOrb|ClearBody|Protect,DragonDarts,PhantomForce,Uturn|||M|||50|,,,,,Fairy]Incineroar||SitrusBerry|Intimidate|FakeOut,KnockOff,FlareBlitz,PartingShot|||F|||50|,,,,,Ghost]Arboliva||Leftovers|SeedSower|Protect,LeechSeed,GigaDrain,StrengthSap|||F|||50|,,,,,Ghost
|
|t:|1756283051
|teamsize|p1|4
|teamsize|p2|4
|start
|switch|p1a: Gholdengo|Gholdengo, L50|100/100
|switch|p1b: Electabuzz|Electabuzz, L50, F|100/100
|switch|p2a: Vivillon|Vivillon-Icy Snow, L50, M, shiny|100/100
|switch|p2b: Garchomp|Garchomp, L50, F, shiny|100/100
|turn|1
|
|t:|1756283076
|switch|p1b: Rillaboom|Rillaboom, L50, F|100/100
|-fieldstart|move: Grassy Terrain|[from] ability: Grassy Surge|[of] p1b: Rillaboom
|-terastallize|p1a: Gholdengo|Water
|move|p2a: Vivillon|Tailwind|p2a: Vivillon
|-sidestart|p2: parzival777|move: Tailwind
|move|p2b: Garchomp|Earthquake|p1b: Rillaboom|[spread] p1a,p1b
|-immune|p2a: Vivillon
|-resisted|p1b: Rillaboom
|-damage|p1a: Gholdengo|76/100
|-damage|p1b: Rillaboom|90/100
|move|p1a: Gholdengo|Nasty Plot|p1a: Gholdengo
|-boost|p1a: Gholdengo|spa|2
|
|-heal|p1a: Gholdengo|82/100|[from] Grassy Terrain
|-heal|p1b: Rillaboom|96/100|[from] Grassy Terrain
|upkeep
|turn|2
|
|t:|1756283124
|switch|p2a: Ninetales|Ninetales, L50, F|100/100
|-weather|SunnyDay|[from] ability: Drought|[of] p2a: Ninetales
|move|p2b: Garchomp|Protect|p2b: Garchomp
|-singleturn|p2b: Garchomp|Protect
|move|p1b: Rillaboom|Fake Out|p2a: Ninetales
|-damage|p2a: Ninetales|82/100
|move|p1a: Gholdengo|Shadow Ball|p2b: Garchomp
|-activate|p2b: Garchomp|move: Protect
|
|-weather|SunnyDay|[upkeep]
|-heal|p2a: Ninetales|88/100|[from] Grassy Terrain
|-heal|p1a: Gholdengo|88/100|[from] Grassy Terrain
|-heal|p1b: Rillaboom|100/100|[from] Grassy Terrain
|upkeep
|turn|3
|
|t:|1756283148
|switch|p1b: Electabuzz|Electabuzz, L50, F|100/100
|move|p1a: Gholdengo|Protect|p1a: Gholdengo
|-singleturn|p1a: Gholdengo|Protect
|move|p2a: Ninetales|Solar Beam||[still]
|-prepare|p2a: Ninetales|Solar Beam
|-anim|p2a: Ninetales|Solar Beam|p1a: Gholdengo
|-activate|p1a: Gholdengo|move: Protect
|move|p2b: Garchomp|Scale Shot|p1b: Electabuzz
|-crit|p1b: Electabuzz
|-damage|p1b: Electabuzz|83/100
|-crit|p1b: Electabuzz
|-damage|p1b: Electabuzz|67/100
|-hitcount|p1b: Electabuzz|2
|-unboost|p2b: Garchomp|def|1
|-boost|p2b: Garchomp|spe|1
|
|-weather|SunnyDay|[upkeep]
|-heal|p2a: Ninetales|94/100|[from] Grassy Terrain
|-heal|p1a: Gholdengo|94/100|[from] Grassy Terrain
|-heal|p1b: Electabuzz|73/100|[from] Grassy Terrain
|upkeep
|turn|4
|
|t:|1756283173
|move|p1b: Electabuzz|Follow Me|p1b: Electabuzz
|-singleturn|p1b: Electabuzz|move: Follow Me
|move|p2b: Garchomp|Scale Shot|p1b: Electabuzz
|-damage|p1b: Electabuzz|60/100
|-damage|p1b: Electabuzz|49/100
|-hitcount|p1b: Electabuzz|2
|-unboost|p2b: Garchomp|def|1
|-boost|p2b: Garchomp|spe|1
|move|p2a: Ninetales|Solar Beam||[still]
|-prepare|p2a: Ninetales|Solar Beam
|-anim|p2a: Ninetales|Solar Beam|p1b: Electabuzz
|-damage|p1b: Electabuzz|16/100
|move|p1a: Gholdengo|Make It Rain|p2b: Garchomp|[spread] p2a,p2b
|-resisted|p2a: Ninetales
|-crit|p2a: Ninetales
|-damage|p2a: Ninetales|0 fnt
|-damage|p2b: Garchomp|0 fnt
|-unboost|p1a: Gholdengo|spa|1
|faint|p2a: Ninetales
|faint|p2b: Garchomp
|-damage|p1a: Gholdengo|85/100|[from] item: Life Orb
|
|-weather|SunnyDay|[upkeep]
|-heal|p1a: Gholdengo|91/100|[from] Grassy Terrain
|-heal|p1b: Electabuzz|21/100|[from] Grassy Terrain
|-sideend|p2: parzival777|move: Tailwind
|upkeep
|
|t:|1756283189
|switch|p2b: Dragapult|Dragapult, L50, M|100/100
|switch|p2a: Vivillon|Vivillon-Icy Snow, L50, M, shiny|100/100
|turn|5
|
|t:|1756283208
|move|p2a: Vivillon|Protect|p2a: Vivillon
|-singleturn|p2a: Vivillon|Protect
|move|p1b: Electabuzz|Follow Me|p1b: Electabuzz
|-singleturn|p1b: Electabuzz|move: Follow Me
|move|p2b: Dragapult|Phantom Force||[still]
|-prepare|p2b: Dragapult|Phantom Force
|move|p1a: Gholdengo|Make It Rain|p2a: Vivillon|[spread] 
|-miss|p1a: Gholdengo|p2b: Dragapult
|-activate|p2a: Vivillon|move: Protect
|
|-weather|SunnyDay|[upkeep]
|-heal|p1a: Gholdengo|97/100|[from] Grassy Terrain
|-heal|p1b: Electabuzz|27/100|[from] Grassy Terrain
|-fieldend|move: Grassy Terrain
|upkeep
|turn|6
|
|t:|1756283233
|move|p1b: Electabuzz|Follow Me|p1b: Electabuzz
|-singleturn|p1b: Electabuzz|move: Follow Me
|move|p2b: Dragapult|Phantom Force|p1b: Electabuzz|[from] lockedmove
|-damage|p1b: Electabuzz|0 fnt
|faint|p1b: Electabuzz
|-damage|p2b: Dragapult|91/100|[from] item: Life Orb
|move|p2a: Vivillon|Tailwind|p2a: Vivillon
|-sidestart|p2: parzival777|move: Tailwind
|move|p1a: Gholdengo|Shadow Ball|p2b: Dragapult
|-supereffective|p2b: Dragapult
|-damage|p2b: Dragapult|0 fnt
|faint|p2b: Dragapult
|-damage|p1a: Gholdengo|87/100|[from] item: Life Orb
|
|-weather|none
|upkeep
|
|t:|1756283239
|switch|p1b: Rillaboom|Rillaboom, L50, F|100/100
|-fieldstart|move: Grassy Terrain|[from] ability: Grassy Surge|[of] p1b: Rillaboom
|turn|7
|
|t:|1756283247
|move|p1b: Rillaboom|Grassy Glide|p2a: Vivillon
|-resisted|p2a: Vivillon
|-damage|p2a: Vivillon|86/100
|move|p2a: Vivillon|Pollen Puff|p1b: Rillaboom
|-supereffective|p1b: Rillaboom
|-damage|p1b: Rillaboom|54/100
|move|p1a: Gholdengo|Shadow Ball|p2a: Vivillon
|-damage|p2a: Vivillon|0 fnt
|faint|p2a: Vivillon
|-damage|p1a: Gholdengo|77/100|[from] item: Life Orb
|
|win|KrsCrossAppleSauce
