|j|☆greater basilisk
|j|☆naibot2814
|html|greater basilisknaibot2814    
|uhtml|bestof|Game 2 of a best-of-3
|t:|1783818768
|gametype|doubles
|player|p1|greater basilisk|bianca|1251
|player|p2|naibot2814|colress|1349
|gen|9
|tier|[Gen 9 Champions] VGC 2026 Reg M-B (Bo3)
|rated|
|rule|Species Clause: Limit one of each Pokémon
|rule|Item Clause: Limit 1 of each item
|clearpoke
|poke|p1|Sneasler, L50, F|
|poke|p1|Incineroar, L50, M|
|poke|p1|Delphox, L50, F|
|poke|p1|Sinistcha, L50|
|poke|p1|Floette-Eternal, L50, F|
|poke|p1|Palafin, L50, M|
|poke|p2|Garchomp, L50, M, shiny|
|poke|p2|Venusaur, L50, M|
|poke|p2|Incineroar, L50, M|
|poke|p2|Charizard, L50, M|
|poke|p2|Toxapex, L50, M|
|poke|p2|Annihilape, L50, M|
|teampreview|4
|showteam|p1|Sneasler||FocusSash|PoisonTouch|Protect,FakeOut,DireClaw,CloseCombat|Jolly||F|||50|]Incineroar||SitrusBerry|Intimidate|FakeOut,PartingShot,FlareBlitz,DarkestLariat|Impish||M|||50|]Delphox||Delphoxite|Blaze|Protect,NastyPlot,HeatWave,Psyshock|Timid||F|||50|]Sinistcha||KasibBerry|Hospitality|Protect,TrickRoom,MatchaGotcha,RagePowder|Sassy|||||50|]Floette-Eternal||Floettite|FlowerVeil|Protect,DazzlingGleam,CalmMind,Moonblast|Timid||F|||50|]Palafin||Leftovers|ZerotoHero|Protect,JetPunch,BulkUp,ThroatChop|Adamant||M|||50|
|showteam|p2|Garchomp||ChoiceScarf|RoughSkin|Earthquake,RockSlide,DragonClaw,StompingTantrum|Adamant||M|||50|]Venusaur||LifeOrb|Chlorophyll|SludgeBomb,SolarBeam,EarthPower,Protect|Modest||M|||50|]Incineroar||SitrusBerry|Intimidate|FakeOut,FlareBlitz,ThroatChop,PartingShot|Impish||M|||50|]Charizard||CharizarditeY|Blaze|HeatWave,WeatherBall,Protect,HelpingHand|Modest||M|||50|]Toxapex||Leftovers|Regenerator|Infestation,Toxic,WideGuard,BanefulBunker|Impish||M|||50|]Annihilape||FocusSash|Defiant|CloseCombat,PhantomForce,RockTomb,Protect|Jolly||M|||50|
|inactive|Battle timer is ON: inactive players will automatically lose when time's up. (requested by greater basilisk)
|inactive|naibot2814 has 60 seconds left.
|
|t:|1783818807
|teamsize|p1|4
|teamsize|p2|4
|start
|switch|p1a: Palafin|Palafin, L50, M|100/100
|switch|p1b: Sinistcha|Sinistcha, L50|100/100
|switch|p2a: Garchomp|Garchomp, L50, M, shiny|100/100
|switch|p2b: Charizard|Charizard, L50, M|100/100
|turn|1
|
|t:|1783818827
|detailschange|p1a: Palafin|Palafin-Hero, L50, M
|switch|p1a: Incineroar|Incineroar, L50, M|100/100
|-ability|p1a: Incineroar|Intimidate|boost
|-unboost|p2a: Garchomp|atk|1
|-unboost|p2b: Charizard|atk|1
|detailschange|p2b: Charizard|Charizard-Mega-Y, L50, M
|-mega|p2b: Charizard|Charizard|Charizardite Y
|-weather|SunnyDay|[from] ability: Drought|[of] p2b: Charizard
|move|p1b: Sinistcha|Protect|p1b: Sinistcha
|-singleturn|p1b: Sinistcha|Protect
|move|p2a: Garchomp|Earthquake|p1a: Incineroar|[spread] p1a
|-activate|p1b: Sinistcha|move: Protect
|-immune|p2b: Charizard
|-supereffective|p1a: Incineroar|1
|-damage|p1a: Incineroar|58/100
|move|p2b: Charizard|Heat Wave|p1a: Incineroar|[spread] p1a
|-activate|p1b: Sinistcha|move: Protect
|-resisted|p1a: Incineroar|1
|-damage|p1a: Incineroar|34/100
|-enditem|p1a: Incineroar|Sitrus Berry|[eat]
|-heal|p1a: Incineroar|59/100|[from] item: Sitrus Berry
|
|-weather|SunnyDay|[upkeep]
|upkeep
|turn|2
|
|t:|1783818843
|switch|p2a: Incineroar|Incineroar, L50, M|100/100
|-ability|p2a: Incineroar|Intimidate|boost
|-unboost|p1a: Incineroar|atk|1
|-unboost|p1b: Sinistcha|atk|1
|move|p1a: Incineroar|Fake Out|p2b: Charizard
|-damage|p2b: Charizard|91/100
|cant|p2b: Charizard|flinch
|move|p1b: Sinistcha|Trick Room|p1b: Sinistcha
|-fieldstart|move: Trick Room|[of] p1b: Sinistcha
|
|-weather|SunnyDay|[upkeep]
|upkeep
|turn|3
|inactive|greater basilisk has 30 seconds left.
|
|t:|1783818871
|switch|p1b: Palafin|Palafin-Hero, L50, M|100/100
|-activate|p1b: Palafin|ability: Zero to Hero
|move|p2a: Incineroar|Fake Out|p1a: Incineroar
|-damage|p1a: Incineroar|50/100g
|cant|p1a: Incineroar|flinch
|move|p2b: Charizard|Heat Wave|p1a: Incineroar|[spread] p1a
|-miss|p2b: Charizard|p1b: Palafin
|-resisted|p1a: Incineroar|1
|-damage|p1a: Incineroar|23/100
|
|-weather|SunnyDay|[upkeep]
|upkeep
|turn|4
|
|t:|1783818887
|move|p1a: Incineroar|Parting Shot|p2b: Charizard
|-unboost|p2b: Charizard|atk|1
|-unboost|p2b: Charizard|spa|1
|
|t:|1783818891
|switch|p1a: Floette|Floette-Eternal, L50, F|100/100|[from] Parting Shot
|move|p2a: Incineroar|Parting Shot|p1b: Palafin
|-unboost|p1b: Palafin|atk|1
|-unboost|p1b: Palafin|spa|1
|
|t:|1783818898
|switch|p2a: Venusaur|Venusaur, L50, M|100/100|[from] Parting Shot
|move|p2b: Charizard|Heat Wave|p1b: Palafin|[spread] p1a,p1b
|-resisted|p1b: Palafin|1
|-damage|p1a: Floette|66/100
|-damage|p1b: Palafin|79/100
|-status|p1a: Floette|brn
|move|p1b: Palafin|Bulk Up|p1b: Palafin
|-boost|p1b: Palafin|atk|1
|-boost|p1b: Palafin|def|1
|
|-weather|SunnyDay|[upkeep]
|-heal|p1b: Palafin|85/100|[from] item: Leftovers
|-damage|p1a: Floette|60/100 brn|[from] brn
|upkeep
|turn|5
|inactive|greater basilisk has 30 seconds left.
|
|t:|1783818929
|switch|p2b: Incineroar|Incineroar, L50, M|100/100
|-ability|p2b: Incineroar|Intimidate|boost
|-unboost|p1a: Floette|atk|1
|-unboost|p1b: Palafin|atk|1
|detailschange|p1a: Floette|Floette-Mega, L50, F
|-mega|p1a: Floette|Floette|Floettite
|-ability|p1a: Floette|Fairy Aura
|move|p1b: Palafin|Throat Chop|p2a: Venusaur
|-damage|p2a: Venusaur|74/100
|-start|p2a: Venusaur|Throat Chop|[silent]
|move|p1a: Floette|Moonblast|p2a: Venusaur
|-resisted|p2a: Venusaur|1
|-damage|p2a: Venusaur|40/100
|move|p2a: Venusaur|Earth Power|p1a: Floette
|-damage|p1a: Floette|35/100 brn
|-damage|p2a: Venusaur|30/100|[from] item: Life Orb
|
|-weather|none
|-heal|p1b: Palafin|90/100|[from] item: Leftovers
|-damage|p1a: Floette|29/100 brn|[from] brn
|upkeep
|turn|6
|inactive|greater basilisk has 30 seconds left.
|inactive|greater basilisk has 20 seconds left.
|
|t:|1783818968
|switch|p1a: Incineroar|Incineroar, L50, M|23/100
|-ability|p1a: Incineroar|Intimidate|boost
|-unboost|p2a: Venusaur|atk|1
|-unboost|p2b: Incineroar|atk|1
|move|p2b: Incineroar|Fake Out|p1b: Palafin
|-damage|p1b: Palafin|85/100
|move|p2a: Venusaur|Sludge Bomb|p1a: Incineroar
|-damage|p1a: Incineroar|0 fnt
|faint|p1a: Incineroar
|-damage|p2a: Venusaur|21/100|[from] item: Life Orb
|cant|p1b: Palafin|flinch
|
|-heal|p1b: Palafin|91/100|[from] item: Leftovers
|-end|p2a: Venusaur|Throat Chop|[silent]
|-fieldend|move: Trick Room
|upkeep
|
|t:|1783818978
|switch|p1a: Sinistcha|Sinistcha, L50|100/100
|-heal|p1b: Palafin|100/100|[from] ability: Hospitality|[of] p1a: Sinistcha
|turn|7
|
|t:|1783818994
|switch|p2a: Charizard|Charizard-Mega-Y, L50, M|91/100
|-weather|SunnyDay|[from] ability: Drought|[of] p2a: Charizard
|move|p1b: Palafin|Protect|p1b: Palafin
|-singleturn|p1b: Palafin|Protect
|move|p2b: Incineroar|Flare Blitz|p1a: Sinistcha
|-supereffective|p1a: Sinistcha|1
|-damage|p1a: Sinistcha|7/100
|-status|p1a: Sinistcha|brn
|-damage|p2b: Incineroar|73/100|[from] Recoil
|move|p1a: Sinistcha|Trick Room|p1a: Sinistcha
|-fieldstart|move: Trick Room|[of] p1a: Sinistcha
|
|-weather|SunnyDay|[upkeep]
|-damage|p1a: Sinistcha|1/100 brn|[from] brn
|upkeep
|turn|8
|
|t:|1783819016
|switch|p2b: Venusaur|Venusaur, L50, M|21/100
|move|p2a: Charizard|Protect|p2a: Charizard
|-singleturn|p2a: Charizard|Protect
|move|p1a: Sinistcha|Matcha Gotcha|p2a: Charizard|[spread] p2b
|-activate|p2a: Charizard|move: Protect
|-resisted|p2b: Venusaur|2
|-damage|p2b: Venusaur|15/100
|-heal|p1a: Sinistcha|4/100 brn|[from] drain|[of] p2b: Venusaur
|-status|p2b: Venusaur|brn
|move|p1b: Palafin|Bulk Up|p1b: Palafin
|-boost|p1b: Palafin|atk|1
|-boost|p1b: Palafin|def|1
|
|-weather|SunnyDay|[upkeep]
|-damage|p1a: Sinistcha|0 fnt|[from] brn
|faint|p1a: Sinistcha
|-damage|p2b: Venusaur|9/100 brn|[from] brn
|upkeep
|
|t:|1783819019
|switch|p1a: Floette|Floette-Mega, L50, F|29/100 brn
|-ability|p1a: Floette|Fairy Aura
|turn|9
|
|t:|1783819042
|switch|p2b: Incineroar|Incineroar, L50, M|73/100
|-ability|p2b: Incineroar|Intimidate|boost
|-unboost|p1a: Floette|atk|1
|-unboost|p1b: Palafin|atk|1
|move|p1b: Palafin|Jet Punch|p2b: Incineroar
|-supereffective|p2b: Incineroar|1
|-damage|p2b: Incineroar|55/100
|move|p2a: Charizard|Weather Ball|p1a: Floette
|-damage|p1a: Floette|0 fnt
|faint|p1a: Floette
|
|-weather|SunnyDay|[upkeep]
|upkeep
|turn|10
|
|t:|1783819055
|switch|p2a: Garchomp|Garchomp, L50, M, shiny|100/100
|move|p2b: Incineroar|Fake Out|p1b: Palafin
|-damage|p1b: Palafin|94/100
|cant|p1b: Palafin|flinch
|
|-weather|SunnyDay|[upkeep]
|-heal|p1b: Palafin|100/100|[from] item: Leftovers
|upkeep
|turn|11
|
|t:|1783819065
|move|p2b: Incineroar|Throat Chop|p1b: Palafin
|-damage|p1b: Palafin|86/100
|-start|p1b: Palafin|Throat Chop|[silent]
|move|p1b: Palafin|Bulk Up|p1b: Palafin
|-boost|p1b: Palafin|atk|1
|-boost|p1b: Palafin|def|1
|move|p2a: Garchomp|Dragon Claw|p1b: Palafin
|-damage|p1b: Palafin|70/100
|
|-weather|none
|-heal|p1b: Palafin|75/100|[from] item: Leftovers
|-fieldend|move: Trick Room
|upkeep
|turn|12
|
|t:|1783819076
|move|p1b: Palafin|Jet Punch|p2b: Incineroar
|-supereffective|p2b: Incineroar|1
|-crit|p2b: Incineroar
|-damage|p2b: Incineroar|0 fnt
|faint|p2b: Incineroar
|move|p2a: Garchomp|Dragon Claw|p1b: Palafin
|-damage|p1b: Palafin|61/100
|
|-heal|p1b: Palafin|67/100|[from] item: Leftovers
|-end|p1b: Palafin|Throat Chop|[silent]
|upkeep
|
|t:|1783819085
|switch|p2b: Charizard|Charizard-Mega-Y, L50, M|91/100
|-weather|SunnyDay|[from] ability: Drought|[of] p2b: Charizard
|turn|13
|
|t:|1783819097
|move|p1b: Palafin|Protect|p1b: Palafin
|-singleturn|p1b: Palafin|Protect
|move|p2a: Garchomp|Dragon Claw|p1b: Palafin
|-activate|p1b: Palafin|move: Protect
|move|p2b: Charizard|Weather Ball|p1b: Palafin
|-activate|p1b: Palafin|move: Protect
|
|-weather|SunnyDay|[upkeep]
|-heal|p1b: Palafin|72/100|[from] item: Leftovers
|upkeep
|turn|14
|
|t:|1783819104
|move|p2a: Garchomp|Dragon Claw|p1b: Palafin
|-damage|p1b: Palafin|57/100
|move|p1b: Palafin|Bulk Up|p1b: Palafin
|-boost|p1b: Palafin|atk|1
|-boost|p1b: Palafin|def|1
|move|p2b: Charizard|Weather Ball|p1b: Palafin
|-resisted|p1b: Palafin|1
|-damage|p1b: Palafin|19/100
|
|-weather|SunnyDay|[upkeep]
|-heal|p1b: Palafin|25/100|[from] item: Leftovers
|upkeep
|turn|15
|
|t:|1783819116
|move|p1b: Palafin|Protect|p1b: Palafin
|-singleturn|p1b: Palafin|Protect
|move|p2a: Garchomp|Dragon Claw|p1b: Palafin
|-activate|p1b: Palafin|move: Protect
|move|p2b: Charizard|Weather Ball|p1b: Palafin
|-activate|p1b: Palafin|move: Protect
|
|-weather|SunnyDay|[upkeep]
|-heal|p1b: Palafin|31/100|[from] item: Leftovers
|upkeep
|turn|16
|
|t:|1783819121
|move|p1b: Palafin|Jet Punch|p2b: Charizard
|-supereffective|p2b: Charizard|1
|-damage|p2b: Charizard|35/100
|move|p2a: Garchomp|Dragon Claw|p1b: Palafin
|-damage|p1b: Palafin|19/100
|move|p2b: Charizard|Weather Ball|p1b: Palafin
|-resisted|p1b: Palafin|1
|-damage|p1b: Palafin|0 fnt
|faint|p1b: Palafin
|
|win|naibot2814
||greater basilisk is ready for game 3.
||naibot2814 is ready for game 3.
|uhtml|next|Next: Game 3 of 3
