|j|☆raichew2
|j|☆itssobeak
|html|raichew2itssobeak    
|uhtml|bestof|Game 1 of a best-of-3
|t:|1784830484
|gametype|doubles
|player|p1|raichew2|1|1417
|player|p2|itssobeak|birdkeeper|1414
|gen|9
|tier|[Gen 9 Champions] VGC 2026 Reg M-B (Bo3)
|rated|
|rule|Species Clause: Limit one of each Pokémon
|rule|Item Clause: Limit 1 of each item
|clearpoke
|poke|p1|Gardevoir, L50, F|
|poke|p1|Maushold-Four, L50|
|poke|p1|Kingambit, L50, M|
|poke|p1|Garchomp, L50, F|
|poke|p1|Talonflame, L50, F|
|poke|p1|Basculegion, L50, M|
|poke|p2|Staraptor, L50, F|
|poke|p2|Weavile, L50, M|
|poke|p2|Whimsicott, L50, M|
|poke|p2|Glimmora, L50, M|
|poke|p2|Kingambit, L50, M|
|poke|p2|Sinistcha, L50|
|teampreview|4
|showteam|p1|Gardevoir||Gardevoirite|Trace|HyperVoice,Psyshock,VacuumWave,Protect|Modest||F|||50|]Maushold-Four||FocusSash|FriendGuard|SuperFang,Taunt,FollowMe,Protect|Timid|||||50|]Kingambit||BlackGlasses|Defiant|KowtowCleave,Protect,SuckerPunch,IronHead|Adamant||M|||50|]Garchomp||LifeOrb|RoughSkin|DragonClaw,Earthquake,RockSlide,Protect|Jolly||F|||50|]Talonflame||SharpBeak|GaleWings|QuickGuard,Protect,Tailwind,BraveBird|Jolly||F|||50|]Basculegion||ChoiceScarf|Adaptability|WaveCrash,AquaJet,FlipTurn,LastRespects|Jolly||M|||50|
|showteam|p2|Staraptor||Staraptite|Intimidate|BraveBird,CloseCombat,Uturn,Protect|Jolly||F|||50|]Weavile||WideLens|Pressure|KnockOff,TripleAxel,Taunt,FakeOut|Jolly||M|||50|]Whimsicott||FocusSash|Prankster|Moonblast,Tailwind,Encore,Tickle|Timid||M|||50|]Glimmora||Glimmoranite|ToxicDebris|PowerGem,SludgeBomb,EarthPower,SpikyShield|Timid||M|||50|]Kingambit||BlackGlasses|Defiant|KowtowCleave,SuckerPunch,SwordsDance,Protect|Adamant||M|||50|]Sinistcha||CobaBerry|Hospitality|MatchaGotcha,RagePowder,LifeDew,Protect|Bold|||||50|
|inactive|Battle timer is ON: inactive players will automatically lose when time's up. (requested by itssobeak)
|inactive|raichew2 has 60 seconds left.
|inactive|itssobeak has 60 seconds left.
|
|t:|1784830536
|teamsize|p1|4
|teamsize|p2|4
|start
|switch|p1a: Kingambit|Kingambit, L50, M|100/100
|switch|p1b: Maushold|Maushold-Four, L50|100/100
|switch|p2a: Weavile|Weavile, L50, M|100/100
|switch|p2b: Whimsicott|Whimsicott, L50, M|100/100
|-ability|p2a: Weavile|Pressure
|turn|1
|inactive|raichew2 has 30 seconds left.
|inactive|itssobeak has 30 seconds left.
|
|t:|1784830568
|switch|p2b: Staraptor|Staraptor, L50, F|100/100
|-ability|p2b: Staraptor|Intimidate|boost
|-unboost|p1a: Kingambit|atk|1
|-ability|p1a: Kingambit|Defiant|boost
|-boost|p1a: Kingambit|atk|2
|-unboost|p1b: Maushold|atk|1
|move|p2a: Weavile|Fake Out|p1a: Kingambit
|-resisted|p1a: Kingambit|1
|-damage|p1a: Kingambit|96/100
|move|p1b: Maushold|Super Fang|p2a: Weavile
|-damage|p2a: Weavile|50/100g
|cant|p1a: Kingambit|flinch
|
|upkeep
|turn|2
|inactive|raichew2 has 30 seconds left.
|
|t:|1784830599
|detailschange|p2b: Staraptor|Staraptor-Mega, L50, F
|-mega|p2b: Staraptor|Staraptor|Staraptite
|move|p1a: Kingambit|Protect|p1a: Kingambit
|-singleturn|p1a: Kingambit|Protect
|move|p2a: Weavile|Taunt|p1b: Maushold
|-start|p1b: Maushold|move: Taunt
|move|p1b: Maushold|Super Fang|p2b: Staraptor
|-damage|p2b: Staraptor|50/100y
|move|p2b: Staraptor|Close Combat|p1a: Kingambit
|-activate|p1a: Kingambit|move: Protect
|
|upkeep
|turn|3
|inactive|raichew2 has 30 seconds left.
|
|t:|1784830631
|switch|p1b: Gardevoir|Gardevoir, L50, F|100/100
|-ability|p1b: Gardevoir|Pressure|Trace|[from] ability: Trace|[of] p2a: Weavile
|-ability|p1b: Gardevoir|Pressure
|switch|p1a: Talonflame|Talonflame, L50, F|100/100
|move|p2a: Weavile|Triple Axel|p1b: Gardevoir
|-damage|p1b: Gardevoir|81/100
|-hitcount|p1b: Gardevoir|1
|move|p2b: Staraptor|Close Combat|p1a: Talonflame
|-resisted|p1a: Talonflame|1
|-damage|p1a: Talonflame|57/100
|-boost|p2b: Staraptor|def|1
|-boost|p2b: Staraptor|spd|1
|
|upkeep
|turn|4
|inactive|itssobeak has 30 seconds left.
|inactive|itssobeak has 20 seconds left.
|inactive|itssobeak has 15 seconds left.
|
|t:|1784830673
|detailschange|p1b: Gardevoir|Gardevoir-Mega, L50, F
|-mega|p1b: Gardevoir|Gardevoir|Gardevoirite
|move|p2b: Staraptor|Protect|p2b: Staraptor
|-singleturn|p2b: Staraptor|Protect
|move|p1a: Talonflame|Tailwind|p1a: Talonflame
|-sidestart|p1: raichew2|move: Tailwind
|move|p1b: Gardevoir|Hyper Voice|p2a: Weavile|[spread] p2a
|-activate|p2b: Staraptor|move: Protect
|-supereffective|p2a: Weavile|1
|-crit|p2a: Weavile
|-damage|p2a: Weavile|0 fnt
|faint|p2a: Weavile
|
|upkeep
|
|t:|1784830684
|switch|p2a: Whimsicott|Whimsicott, L50, M|100/100
|turn|5
|
|t:|1784830700
|move|p2a: Whimsicott|Tailwind|p2a: Whimsicott
|-sidestart|p2: itssobeak|move: Tailwind
|move|p1a: Talonflame|Brave Bird|p2a: Whimsicott
|-supereffective|p2a: Whimsicott|1
|-enditem|p2a: Whimsicott|Focus Sash
|-damage|p2a: Whimsicott|1/100
|-damage|p1a: Talonflame|28/100|[from] Recoil
|move|p2b: Staraptor|Brave Bird|p1b: Gardevoir
|-damage|p1b: Gardevoir|0 fnt
|faint|p1b: Gardevoir
|-damage|p2b: Staraptor|27/100|[from] Recoil
|
|upkeep
|
|t:|1784830723
|switch|p1b: Kingambit|Kingambit, L50, M|96/100
|turn|6
|
|t:|1784830732
|switch|p2a: Kingambit|Kingambit, L50, M|100/100
|move|p2b: Staraptor|Protect|p2b: Staraptor
|-singleturn|p2b: Staraptor|Protect
|move|p1a: Talonflame|Brave Bird|p2b: Staraptor
|-activate|p2b: Staraptor|move: Protect
|move|p1b: Kingambit|Iron Head|p2a: Kingambit
|-resisted|p2a: Kingambit|1
|-damage|p2a: Kingambit|81/100
|
|upkeep
|turn|7
|-message|raichew2 forfeited.
|
|win|itssobeak
