|j|☆alexanderbr039
|j|☆mb gang
|html|alexanderbr039mb gang    
|uhtml|bestof|Game 2 of a best-of-3
|t:|1786203953
|gametype|doubles
|player|p1|alexanderbr039|2|1302
|player|p2|mb gang|skier|1435
|gen|9
|tier|[Gen 9 Champions] VGC 2026 Reg M-B (Bo3)
|rated|
|rule|Species Clause: Limit one of each Pokémon
|rule|Item Clause: Limit 1 of each item
|clearpoke
|poke|p1|Gengar, L50, M|
|poke|p1|Archaludon, L50, M|
|poke|p1|Politoed, L50, F|
|poke|p1|Swampert, L50, M|
|poke|p1|Vivillon-Fancy, L50, M|
|poke|p1|Incineroar, L50, F|
|poke|p2|Drampa, L50, M|
|poke|p2|Kingambit, L50, F|
|poke|p2|Delphox, L50, M|
|poke|p2|Sinistcha, L50|
|poke|p2|Sneasler, L50, F|
|poke|p2|Tauros-Paldea-Aqua, L50, M|
|teampreview|4
|showteam|p1|Gengar||Gengarite|CursedBody|ShadowBall,SludgeBomb,PerishSong,Protect|Modest||M|||50|]Archaludon||Leftovers|Stamina|ElectroShot,DragonPulse,FlashCannon,Protect|Bold||M|||50|]Politoed||SitrusBerry|Drizzle|WeatherBall,Hypnosis,PerishSong,Protect|Calm||F|||50|]Swampert||Swampertite|Torrent|WaveCrash,Earthquake,IcePunch,Protect|Adamant||M|||50|]Vivillon-Fancy||FocusSash|CompoundEyes|Hurricane,SleepPowder,RagePowder,Protect|Timid||M|||50|]Incineroar||PasshoBerry|Intimidate|ThroatChop,FakeOut,PartingShot,Protect|Impish||F|||50|
|showteam|p2|Drampa||HabanBerry|CloudNine|LightScreen,Protect,HelpingHand,DracoMeteor|Sassy||M|||50|]Kingambit||BlackGlasses|Defiant|KowtowCleave,SuckerPunch,IronHead,Protect|Brave||F|||50|]Delphox||Delphoxite|Blaze|HeatWave,Psychic,CalmMind,Protect|Timid||M|||50|]Sinistcha||SitrusBerry|Hospitality|MatchaGotcha,RagePowder,TrickRoom,Protect|Relaxed|||||50|]Sneasler||FocusSash|PoisonTouch|PoisonJab,CloseCombat,FakeOut,Protect|Jolly||F|||50|]Tauros-Paldea-Aqua||ChoiceScarf|Intimidate|CloseCombat,RockSlide,WaveCrash,AquaJet|Jolly||M|||50|
|inactive|Battle timer is ON: inactive players will automatically lose when time's up. (requested by mb gang)
|
|t:|1786203962
|teamsize|p1|4
|teamsize|p2|4
|start
|switch|p1a: Gengar|Gengar, L50, M|100/100
|switch|p1b: Politoed|Politoed, L50, F|100/100
|switch|p2a: Kingambit|Kingambit, L50, F|100/100
|switch|p2b: Sneasler|Sneasler, L50, F|100/100
|-weather|RainDance|[from] ability: Drizzle|[of] p1b: Politoed
|turn|1
|
|t:|1786203973
|switch|p1b: Archaludon|Archaludon, L50, M|100/100
|detailschange|p1a: Gengar|Gengar-Mega, L50, M
|-mega|p1a: Gengar|Gengar|Gengarite
|move|p1a: Gengar|Protect|p1a: Gengar
|-singleturn|p1a: Gengar|Protect
|move|p2b: Sneasler|Fake Out|p1b: Archaludon
|-resisted|p1b: Archaludon|1
|-damage|p1b: Archaludon|95/100
|-ability|p1b: Archaludon|Stamina|boost
|-boost|p1b: Archaludon|def|1
|move|p2a: Kingambit|Kowtow Cleave|p1a: Gengar
|-activate|p1a: Gengar|move: Protect
|
|-weather|RainDance|[upkeep]
|-heal|p1b: Archaludon|100/100|[from] item: Leftovers
|upkeep
|turn|2
|inactive|alexanderbr039 has 30 seconds left.
|
|t:|1786204004
|switch|p1a: Politoed|Politoed, L50, F|100/100
|move|p2b: Sneasler|Close Combat|p1b: Archaludon
|-supereffective|p1b: Archaludon|1
|-damage|p1b: Archaludon|48/100
|-unboost|p2b: Sneasler|def|1
|-unboost|p2b: Sneasler|spd|1
|-ability|p1b: Archaludon|Stamina|boost
|-boost|p1b: Archaludon|def|1
|move|p1b: Archaludon|Electro Shot||[still]
|-prepare|p1b: Archaludon|Electro Shot
|-boost|p1b: Archaludon|spa|1
|-anim|p1b: Archaludon|Electro Shot|p2b: Sneasler
|-enditem|p2b: Sneasler|Focus Sash
|-damage|p2b: Sneasler|1/100
|move|p2a: Kingambit|Kowtow Cleave|p1a: Politoed
|-damage|p1a: Politoed|41/100
|-enditem|p1a: Politoed|Sitrus Berry|[eat]
|-heal|p1a: Politoed|66/100|[from] item: Sitrus Berry
|
|-weather|RainDance|[upkeep]
|-heal|p1b: Archaludon|54/100|[from] item: Leftovers
|upkeep
|turn|3
|inactive|mb gang has 30 seconds left.
|inactive|mb gang has 20 seconds left.
|inactive|mb gang has 15 seconds left.
|inactive|mb gang has 10 seconds left.
|
|t:|1786204051
|move|p1a: Politoed|Protect|p1a: Politoed
|-singleturn|p1a: Politoed|Protect
|move|p2b: Sneasler|Close Combat|p1b: Archaludon
|-supereffective|p1b: Archaludon|1
|-damage|p1b: Archaludon|13/100
|-unboost|p2b: Sneasler|def|1
|-unboost|p2b: Sneasler|spd|1
|-ability|p1b: Archaludon|Stamina|boost
|-boost|p1b: Archaludon|def|1
|move|p1b: Archaludon|Dragon Pulse|p2b: Sneasler
|-damage|p2b: Sneasler|0 fnt
|faint|p2b: Sneasler
|move|p2a: Kingambit|Kowtow Cleave|p1b: Archaludon
|-damage|p1b: Archaludon|0 fnt
|faint|p1b: Archaludon
|
|-weather|RainDance|[upkeep]
|upkeep
|
|t:|1786204070
|switch|p2b: Tauros|Tauros-Paldea-Aqua, L50, M|100/100
|switch|p1b: Vivillon|Vivillon-Fancy, L50, M|100/100
|-ability|p2b: Tauros|Intimidate|boost
|-unboost|p1a: Politoed|atk|1
|-unboost|p1b: Vivillon|atk|1
|turn|4
|
|t:|1786204082
|move|p2b: Tauros|Wave Crash|p1b: Vivillon
|-enditem|p1b: Vivillon|Focus Sash
|-damage|p1b: Vivillon|1/100
|-damage|p2b: Tauros|68/100|[from] Recoil
|move|p1b: Vivillon|Hurricane|p2b: Tauros
|-supereffective|p2b: Tauros|1
|-damage|p2b: Tauros|0 fnt
|faint|p2b: Tauros
|move|p1a: Politoed|Hypnosis|p2a: Kingambit
|-status|p2a: Kingambit|slp|[from] move: Hypnosis
|cant|p2a: Kingambit|slp
|
|-weather|RainDance|[upkeep]
|upkeep
|
|t:|1786204090
|switch|p2b: Delphox|Delphox, L50, M|100/100
|turn|5
|
|t:|1786204102
|detailschange|p2b: Delphox|Delphox-Mega, L50, M
|-mega|p2b: Delphox|Delphox|Delphoxite
|move|p2b: Delphox|Protect|p2b: Delphox
|-singleturn|p2b: Delphox|Protect
|move|p1b: Vivillon|Sleep Powder|p2b: Delphox
|-activate|p2b: Delphox|move: Protect
|move|p1a: Politoed|Perish Song|p1a: Politoed
|-start|p1a: Politoed|perish3|[silent]
|-start|p1b: Vivillon|perish3|[silent]
|-start|p2a: Kingambit|perish3|[silent]
|-start|p2b: Delphox|perish3|[silent]
|-fieldactivate|move: Perish Song
|cant|p2a: Kingambit|slp
|
|-weather|none
|-start|p2b: Delphox|perish3
|-start|p1b: Vivillon|perish3
|-start|p1a: Politoed|perish3
|-start|p2a: Kingambit|perish3
|upkeep
|turn|6
|
|t:|1786204119
|move|p1b: Vivillon|Protect|p1b: Vivillon
|-singleturn|p1b: Vivillon|Protect
|move|p1a: Politoed|Protect|p1a: Politoed
|-singleturn|p1a: Politoed|Protect
|move|p2b: Delphox|Psychic|p1b: Vivillon
|-activate|p1b: Vivillon|move: Protect
|-curestatus|p2a: Kingambit|slp|[msg]
|move|p2a: Kingambit|Kowtow Cleave|p1a: Politoed
|-activate|p1a: Politoed|move: Protect
|
|-start|p2b: Delphox|perish2
|-start|p1b: Vivillon|perish2
|-start|p1a: Politoed|perish2
|-start|p2a: Kingambit|perish2
|upkeep
|turn|7
|
|t:|1786204134
|move|p2b: Delphox|Psychic|p1b: Vivillon
|-damage|p1b: Vivillon|0 fnt
|faint|p1b: Vivillon
|move|p1a: Politoed|Hypnosis|p2a: Kingambit|[miss]
|-miss|p1a: Politoed|p2a: Kingambit
|move|p2a: Kingambit|Kowtow Cleave|p1a: Politoed
|-damage|p1a: Politoed|15/100
|
|-start|p2b: Delphox|perish1
|-start|p1a: Politoed|perish1
|-start|p2a: Kingambit|perish1
|upkeep
|
|t:|1786204142
|switch|p1b: Gengar|Gengar-Mega, L50, M|100/100
|turn|8
|
|t:|1786204147
|move|p1b: Gengar|Protect|p1b: Gengar
|-singleturn|p1b: Gengar|Protect
|move|p1a: Politoed|Protect|p1a: Politoed
|-singleturn|p1a: Politoed|Protect
|move|p2b: Delphox|Heat Wave|p1a: Politoed|[spread] 
|-activate|p1a: Politoed|move: Protect
|-activate|p1b: Gengar|move: Protect
|move|p2a: Kingambit|Kowtow Cleave|p1b: Gengar
|-activate|p1b: Gengar|move: Protect
|
|-start|p2b: Delphox|perish0
|-start|p1a: Politoed|perish0
|-start|p2a: Kingambit|perish0
|faint|p2b: Delphox
|faint|p1a: Politoed
|faint|p2a: Kingambit
|
|win|alexanderbr039
||mb gang is ready for game 3.
|inactive|alexanderbr039 has 30 seconds to confirm battle start!
|inactive|alexanderbr039 has 20 seconds to confirm battle start!
||alexanderbr039 is ready for game 3.
|uhtml|next|Next: Game 3 of 3
