|j|☆Toradashi
|j|☆saboyita
|html|Toradashisaboyita    
|uhtml|bestof|Game 1 of a best-of-3
|t:|1756344527
|gametype|doubles
|player|p1|Toradashi|drayden|1077
|player|p2|saboyita|grimsley|1180
|gen|9
|tier|[Gen 9] VGC 2025 Reg H (Bo3)
|rated|
|rule|Species Clause: Limit one of each Pokémon
|rule|Item Clause: Limit 1 of each item
|clearpoke
|poke|p1|Dragonite, L50, M|
|poke|p1|Ursaluna-Bloodmoon, L50, M|
|poke|p1|Archaludon, L50, M|
|poke|p1|Whimsicott, L50, F|
|poke|p1|Gholdengo, L50|
|poke|p1|Incineroar, L50, M|
|poke|p2|Amoonguss, L50, F|
|poke|p2|Hydreigon, L50, M|
|poke|p2|Whimsicott, L50, M|
|poke|p2|Maushold-Four, L50|
|poke|p2|Annihilape, L50, M|
|poke|p2|Ursaluna-Bloodmoon, L50, M|
|teampreview|4
|showteam|p1|Dragonite||LoadedDice|Multiscale|ScaleShot,ExtremeSpeed,IceSpinner,Protect|||M|||50|,,,,,Fairy]Ursaluna-Bloodmoon||AssaultVest|MindsEye|BloodMoon,HyperVoice,EarthPower,VacuumWave|||M|||50|,,,,,Water]Archaludon||PowerHerb|Sturdy|ElectroShot,FlashCannon,DracoMeteor,Protect|||M|||50|,,,,,Stellar]Whimsicott||CovertCloak|Prankster|FakeTears,Tailwind,Encore,Moonblast|||F|||50|,,,,,Poison]Gholdengo||ChoiceSpecs|GoodasGold|MakeItRain,ShadowBall,PowerGem,SteelBeam||||||50|,,,,,Flying]Incineroar||MirrorHerb|Intimidate|FakeOut,PartingShot,KnockOff,FlareBlitz|||M|||50|,,,,,Ghost
|showteam|p2|Amoonguss||MentalHerb|Regenerator|ClearSmog,Spore,RagePowder,Protect|||F|||50|,,,,,Water]Hydreigon||ChoiceSpecs|Levitate|Snarl,HeatWave,DarkPulse,DracoMeteor|||M|||50|,,,,,Ghost]Whimsicott||CovertCloak|Prankster|BeatUp,Encore,HelpingHand,Tailwind|||M|||50|,,,,,Dark]Maushold-Four||WideLens|Technician|PopulationBomb,Taunt,FollowMe,Protect||||||50|,,,,,Ghost]Annihilape||Leftovers|Defiant|RageFist,CloseCombat,FinalGambit,Protect|||M|||50|,,,,,Water]Ursaluna-Bloodmoon||LifeOrb|MindsEye|HyperVoice,EarthPower,BloodMoon,Protect|||M|||50|,,,,,Water
|inactive|Battle timer is ON: inactive players will automatically lose when time's up. (requested by saboyita)
|inactive|Toradashi also wants the timer to be on.
|inactive|Toradashi has 60 seconds left.
|inactive|Toradashi has 30 seconds left.
|inactive|Toradashi has 20 seconds left.
|inactive|Toradashi has 15 seconds left.
|inactive|Toradashi has 10 seconds left.
|inactive|Toradashi has 5 seconds left.
|
|t:|1756344616
|teamsize|p1|4
|teamsize|p2|4
|start
|switch|p1a: Archaludon|Archaludon, L50, M, shiny|100/100
|switch|p1b: Quinn|Whimsicott, L50, F, shiny|100/100
|switch|p2a: Whimsicott|Whimsicott, L50, M|100/100
|switch|p2b: Annihilape|Annihilape, L50, M|100/100
|turn|1
|inactive|Toradashi has 30 seconds left.
|inactive|saboyita has 30 seconds left.
|
|t:|1756344647
|-terastallize|p1a: Archaludon|Stellar
|move|p2b: Annihilape|Protect|p2b: Annihilape
|-singleturn|p2b: Annihilape|Protect
|move|p1b: Quinn|Tailwind|p1b: Quinn
|-sidestart|p1: Toradashi|move: Tailwind
|move|p1a: Archaludon|Electro Shot||[still]
|-prepare|p1a: Archaludon|Electro Shot
|-boost|p1a: Archaludon|spa|1
|-enditem|p1a: Archaludon|Power Herb
|-anim|p1a: Archaludon|Electro Shot|p2b: Annihilape
|-activate|p2b: Annihilape|move: Protect
|move|p2a: Whimsicott|Beat Up|p1a: Archaludon
|-damage|p1a: Archaludon|99/100
|-damage|p1a: Archaludon|96/100
|-damage|p1a: Archaludon|94/100
|-damage|p1a: Archaludon|92/100
|-hitcount|p1a: Archaludon|4
|
|upkeep
|turn|2
|inactive|saboyita has 30 seconds left.
|inactive|saboyita has 20 seconds left.
|
|t:|1756344687
|move|p1b: Quinn|Fake Tears|p2b: Annihilape
|-unboost|p2b: Annihilape|spd|2
|-ability|p2b: Annihilape|Defiant|boost
|-boost|p2b: Annihilape|atk|2
|move|p2a: Whimsicott|Tailwind|p2a: Whimsicott
|-sidestart|p2: saboyita|move: Tailwind
|move|p2b: Annihilape|Final Gambit|p1a: Archaludon
|-damage|p1a: Archaludon|0 fnt
|faint|p2b: Annihilape
|faint|p1a: Archaludon
|
|upkeep
|
|t:|1756344704
|switch|p2b: Maushold|Maushold-Four, L50|100/100
|switch|p1a: Kenji|Incineroar, L50, M|100/100
|-ability|p1a: Kenji|Intimidate|boost
|-unboost|p2a: Whimsicott|atk|1
|-unboost|p2b: Maushold|atk|1
|turn|3
|inactive|Toradashi has 30 seconds left.
|inactive|saboyita has 30 seconds left.
|inactive|Toradashi has 20 seconds left.
|
|t:|1756344742
|-terastallize|p2b: Maushold|Ghost
|move|p2a: Whimsicott|Helping Hand|p2b: Maushold
|-singleturn|p2b: Maushold|Helping Hand|[of] p2a: Whimsicott
|move|p2b: Maushold|Population Bomb|p1a: Kenji
|-damage|p1a: Kenji|90/100
|-damage|p1a: Kenji|80/100
|-damage|p1a: Kenji|70/100
|-damage|p1a: Kenji|61/100
|-damage|p1a: Kenji|50/100
|-damage|p1a: Kenji|40/100
|-damage|p1a: Kenji|30/100
|-damage|p1a: Kenji|21/100
|-damage|p1a: Kenji|10/100
|-damage|p1a: Kenji|1/100
|-hitcount|p1a: Kenji|10
|move|p1b: Quinn|Moonblast|p2b: Maushold
|-damage|p2b: Maushold|58/100
|move|p1a: Kenji|Flare Blitz|p2a: Whimsicott
|-supereffective|p2a: Whimsicott
|-crit|p2a: Whimsicott
|-damage|p2a: Whimsicott|0 fnt
|faint|p2a: Whimsicott
|-damage|p1a: Kenji|0 fnt|[from] Recoil
|faint|p1a: Kenji
|
|upkeep
|
|t:|1756344766
|switch|p2a: Hydreigon|Hydreigon, L50, M|100/100
|switch|p1a: Jinu|Gholdengo, L50|100/100
|turn|4
|inactive|Toradashi has 30 seconds left.
|
|t:|1756344793
|move|p2b: Maushold|Follow Me|p2b: Maushold
|-singleturn|p2b: Maushold|move: Follow Me
|move|p1b: Quinn|Fake Tears|p2b: Maushold
|-unboost|p2b: Maushold|spd|2
|move|p2a: Hydreigon|Heat Wave|p1b: Quinn|[spread] p1a
|-miss|p2a: Hydreigon|p1b: Quinn
|-supereffective|p1a: Jinu
|-damage|p1a: Jinu|13/100
|move|p1a: Jinu|Make It Rain|p2a: Hydreigon|[spread] p2a,p2b
|-damage|p2a: Hydreigon|14/100
|-damage|p2b: Maushold|0 fnt
|-unboost|p1a: Jinu|spa|1
|faint|p2b: Maushold
|
|-sideend|p1: Toradashi|move: Tailwind
|upkeep
|turn|5
|inactive|Toradashi has 30 seconds left.
|inactive|Toradashi has 20 seconds left.
|inactive|Toradashi has 15 seconds left.
|inactive|Toradashi has 10 seconds left.
|
|t:|1756344843
|move|p1b: Quinn|Tailwind|p1b: Quinn
|-sidestart|p1: Toradashi|move: Tailwind
|move|p2a: Hydreigon|Heat Wave|p1b: Quinn|[spread] p1a,p1b
|-supereffective|p1a: Jinu
|-supereffective|p1b: Quinn
|-damage|p1a: Jinu|0 fnt
|-damage|p1b: Quinn|6/100
|faint|p1a: Jinu
|
|-sideend|p2: saboyita|move: Tailwind
|upkeep
|turn|6
|inactive|saboyita has 30 seconds left.
|inactive|saboyita has 20 seconds left.
|
|t:|1756344881
|move|p1b: Quinn|Moonblast|p2a: Hydreigon
|-supereffective|p2a: Hydreigon
|-damage|p2a: Hydreigon|0 fnt
|faint|p2a: Hydreigon
|
|win|Toradashi
||Toradashi is ready for game 2.
