|j|Ōśådaphnesgarden
|j|ŌśåCoolMeDownB
|html|daphnesgardenCoolMeDownB    
|uhtml|bestof|Game 3 of a best-of-3
|t:|1782684935
|gametype|doubles
|player|p1|daphnesgarden|winona|1097
|player|p2|CoolMeDownB|crasherwake|1212
|gen|9
|tier|[Gen 9 Champions] VGC 2026 Reg M-B (Bo3)
|rated|
|rule|Species Clause: Limit one of each Pok├®mon
|rule|Item Clause: Limit 1 of each item
|clearpoke
|poke|p1|Pelipper, L50, M|
|poke|p1|Archaludon, L50, F|
|poke|p1|Beedrill, L50, F|
|poke|p1|Farigiraf, L50, M|
|poke|p1|Swampert, L50, F|
|poke|p1|Incineroar, L50, F|
|poke|p2|Incineroar, L50, F, shiny|
|poke|p2|Gholdengo, L50|
|poke|p2|Sneasler, L50, M|
|poke|p2|Sylveon, L50, M, shiny|
|poke|p2|Froslass, L50, F|
|poke|p2|Aerodactyl, L50, M|
|teampreview|4
|showteam|p1|Pelipper||LifeOrb|Drizzle|WeatherBall,Hurricane,WideGuard,Tailwind|Modest||M|||50|]Archaludon||Leftovers|Stamina|ElectroShot,FlashCannon,DragonPulse,Protect|Modest||F|||50|]Beedrill||Beedrillite|Swarm|Uturn,PoisonJab,DrillRun,Protect|Adamant||F|||50|]Farigiraf||SitrusBerry|ArmorTail|HelpingHand,TrickRoom,Psychic,RainDance|Bold||M|||50|]Swampert||Swampertite|Damp|WaveCrash,RockSlide,HighHorsepower,Protect|Adamant||F|||50|]Incineroar||PasshoBerry|Intimidate|FakeOut,ThroatChop,FlareBlitz,PartingShot|Adamant||F|||50|
|showteam|p2|Incineroar||SitrusBerry|Intimidate|FlareBlitz,FakeOut,PartingShot,ThroatChop|Careful||F|||50|]Gholdengo||ShucaBerry|GoodasGold|ShadowBall,MakeItRain,NastyPlot,Protect|Timid|||||50|]Sneasler||WhiteHerb|Unburden|CloseCombat,DireClaw,Protect,FakeOut|Jolly||M|||50|]Sylveon||FairyFeather|Pixilate|HyperVoice,HyperBeam,QuickAttack,Detect|Modest||M|||50|]Froslass||Froslassite|SnowCloak|Blizzard,ShadowBall,AuroraVeil,Protect|Timid||F|||50|]Aerodactyl||Aerodactylite|RockHead|RockSlide,DualWingbeat,WideGuard,Tailwind|Jolly||M|||50|
|inactive|Battle timer is ON: inactive players will automatically lose when time's up. (requested by daphnesgarden)
|c|Ōśådaphnesgarden|either way, good matches
|c|Ōśådaphnesgarden|been learning a lot
|c|ŌśåCoolMeDownB|ye
|inactive|daphnesgarden has 60 seconds left.
|
|t:|1782684995
|teamsize|p1|4
|teamsize|p2|4
|start
|switch|p1a: Farigiraf|Farigiraf, L50, M|100/100
|switch|p1b: Swampert|Swampert, L50, F|100/100
|switch|p2a: Froslass|Froslass, L50, F|100/100
|switch|p2b: Sylveon|Sylveon, L50, M, shiny|100/100
|turn|1
|
|t:|1782685014
|detailschange|p2a: Froslass|Froslass-Mega, L50, F
|-mega|p2a: Froslass|Froslass|Froslassite
|-weather|Snowscape|[from] ability: Snow Warning|[of] p2a: Froslass
|detailschange|p1b: Swampert|Swampert-Mega, L50, F
|-mega|p1b: Swampert|Swampert|Swampertite
|move|p2a: Froslass|Aurora Veil|p2a: Froslass
|-sidestart|p2: CoolMeDownB|move: Aurora Veil
|move|p1b: Swampert|Rock Slide|p2b: Sylveon|[spread] p2a,p2b
|-supereffective|p2a: Froslass|1
|-damage|p2a: Froslass|64/100
|-damage|p2b: Sylveon|80/100
|move|p1a: Farigiraf|Rain Dance|p1a: Farigiraf
|-weather|RainDance
|move|p2b: Sylveon|Hyper Beam|p1b: Swampert
|-damage|p1b: Swampert|1/100
|-mustrecharge|p2b: Sylveon
|
|-weather|RainDance|[upkeep]
|upkeep
|turn|2
|
|t:|1782685032
|switch|p2a: Gholdengo|Gholdengo, L50|100/100
|move|p1a: Farigiraf|Helping Hand|p1b: Swampert
|-singleturn|p1b: Swampert|Helping Hand|[of] p1a: Farigiraf
|move|p1b: Swampert|Rock Slide|p2b: Sylveon|[spread] p2a,p2b
|-resisted|p2a: Gholdengo|1
|-damage|p2a: Gholdengo|89/100
|-damage|p2b: Sylveon|53/100
|cant|p2b: Sylveon|recharge
|
|-weather|RainDance|[upkeep]
|upkeep
|turn|3
|inactive|daphnesgarden has 30 seconds left.
|
|t:|1782685065
|move|p1a: Farigiraf|Helping Hand|p1b: Swampert
|-singleturn|p1b: Swampert|Helping Hand|[of] p1a: Farigiraf
|move|p2b: Sylveon|Detect|p2b: Sylveon
|-singleturn|p2b: Sylveon|Protect
|move|p1b: Swampert|Wave Crash|p2b: Sylveon
|-activate|p2b: Sylveon|move: Protect
|move|p2a: Gholdengo|Shadow Ball|p1b: Swampert
|-damage|p1b: Swampert|0 fnt
|faint|p1b: Swampert
|
|-weather|RainDance|[upkeep]
|upkeep
|c|Ōśådaphnesgarden|ahhhhhhhhhh
|c|Ōśådaphnesgarden|I flipped a coin for that target
|inactive|daphnesgarden has 30 seconds left.
|c|ŌśåCoolMeDownB|almost swapped sylv for froslass
|
|t:|1782685094
|switch|p1b: Archaludon|Archaludon, L50, F|100/100
|turn|4
|
|t:|1782685109
|switch|p2b: Froslass|Froslass-Mega, L50, F|64/100
|-weather|Snowscape|[from] ability: Snow Warning|[of] p2b: Froslass
|move|p1a: Farigiraf|Helping Hand|p1b: Archaludon
|-singleturn|p1b: Archaludon|Helping Hand|[of] p1a: Farigiraf
|move|p2a: Gholdengo|Nasty Plot|p2a: Gholdengo
|-boost|p2a: Gholdengo|spa|2
|move|p1b: Archaludon|Flash Cannon|p2b: Froslass
|-supereffective|p2b: Froslass|1
|-crit|p2b: Froslass
|-damage|p2b: Froslass|0 fnt
|faint|p2b: Froslass
|
|-weather|Snowscape|[upkeep]
|upkeep
|
|t:|1782685116
|switch|p2b: Sneasler|Sneasler, L50, M|100/100
|turn|5
|
|t:|1782685126
|move|p2b: Sneasler|Protect|p2b: Sneasler
|-singleturn|p2b: Sneasler|Protect
|move|p1b: Archaludon|Protect|p1b: Archaludon
|-singleturn|p1b: Archaludon|Protect
|move|p2a: Gholdengo|Nasty Plot|p2a: Gholdengo
|-boost|p2a: Gholdengo|spa|2
|move|p1a: Farigiraf|Psychic|p2b: Sneasler
|-activate|p2b: Sneasler|move: Protect
|
|-weather|Snowscape|[upkeep]
|-sideend|p2: CoolMeDownB|move: Aurora Veil
|upkeep
|turn|6
|c|Ōśådaphnesgarden|ah that's problematic
|
|t:|1782685140
|switch|p1b: Incineroar|Incineroar, L50, F|100/100
|-ability|p1b: Incineroar|Intimidate|boost
|-unboost|p2a: Gholdengo|atk|1
|-unboost|p2b: Sneasler|atk|1
|-enditem|p2b: Sneasler|White Herb
|-clearnegativeboost|p2b: Sneasler|[silent]
|move|p2b: Sneasler|Close Combat|p1b: Incineroar
|-supereffective|p1b: Incineroar|1
|-damage|p1b: Incineroar|0 fnt
|-unboost|p2b: Sneasler|def|1
|-unboost|p2b: Sneasler|spd|1
|faint|p1b: Incineroar
|move|p2a: Gholdengo|Make It Rain|p1a: Farigiraf
|-damage|p1a: Farigiraf|0 fnt
|-unboost|p2a: Gholdengo|spa|2
|faint|p1a: Farigiraf
|
|-weather|Snowscape|[upkeep]
|upkeep
|c|Ōśådaphnesgarden|wp
|c|ŌśåCoolMeDownB|gg
|-message|daphnesgarden forfeited.
|
|win|CoolMeDownB
|raw|daphnesgarden's rating: 1097 → 1080(-17 for losing)
|raw|CoolMeDownB's rating: 1212 → 1229(+17 for winning)
|c|Ōśådaphnesgarden|was fun
|c|ŌśåCoolMeDownB|ye
|l|ŌśåCoolMeDownB
|player|p2|
|c|Ōśådaphnesgarden|you ever want to run some more and i'm online, dm
