|j|☆thatlookglope
|j|☆DttDMarce
|html|thatlookglopeDttDMarce    
|uhtml|bestof|Game 3 of a best-of-3
|t:|1783534163
|gametype|doubles
|player|p1|thatlookglope|liza|1141
|player|p2|DttDMarce|169|1081
|gen|9
|tier|[Gen 9 Champions] VGC 2026 Reg M-B (Bo3)
|rated|
|rule|Species Clause: Limit one of each Pokémon
|rule|Item Clause: Limit 1 of each item
|clearpoke
|poke|p1|Delphox, L50, F|
|poke|p1|Sneasler, L50, F|
|poke|p1|Aerodactyl, L50, M|
|poke|p1|Mawile, L50, M, shiny|
|poke|p1|Sinistcha-Masterpiece, L50|
|poke|p1|Vanilluxe, L50, M|
|poke|p2|Charizard, L50, M|
|poke|p2|Kingambit, L50, M|
|poke|p2|Sylveon, L50, M|
|poke|p2|Garchomp, L50, F|
|poke|p2|Aerodactyl, L50, F|
|poke|p2|Farigiraf, L50, F|
|teampreview|4
|showteam|p1|Delphox||Delphoxite|Blaze|HeatWave,Psyshock,NastyPlot,Protect|Modest||F|||50|]Sneasler||WhiteHerb|Unburden|Protect,Coaching,CloseCombat,FakeOut|Jolly||F|||50|]Aerodactyl||FocusSash|Unnerve|RockSlide,DualWingbeat,Tailwind,WideGuard|Jolly||M|||50|]Mawile||Mawilite|Intimidate|PlayRough,SuckerPunch,IronHead,Protect|Adamant||M|||50|]Sinistcha-Masterpiece||SitrusBerry|Hospitality|MatchaGotcha,RagePowder,TrickRoom,Imprison|Bold|||||50|]Vanilluxe||ChoiceScarf|SnowWarning|Blizzard,FreezeDry,FlashCannon,AuroraVeil|Timid||M|||50|
|showteam|p2|Charizard||CharizarditeY|SolarPower|Protect,HeatWave,SolarBeam,WeatherBall|Modest||M|||50|]Kingambit||FocusSash|Defiant|IronHead,SuckerPunch,KowtowCleave,LowKick|Adamant||M|||50|]Sylveon||FairyFeather|Pixilate|Detect,HyperVoice,HyperBeam,QuickAttack|Modest||M|||50|]Garchomp||LifeOrb|RoughSkin|Protect,DragonClaw,StompingTantrum,RockSlide|Jolly||F|||50|]Aerodactyl||Aerodactylite|RockHead|IceFang,RockSlide,Tailwind,DualWingbeat|Jolly||F|||50|]Farigiraf||SitrusBerry|ArmorTail|TrickRoom,Psychic,Thunder,Roar|Bold||F|||50|
|
|t:|1783534195
|teamsize|p1|4
|teamsize|p2|4
|start
|switch|p1a: Aerodactyl|Aerodactyl, L50, M|100/100
|switch|p1b: Vanilluxe|Vanilluxe, L50, M|100/100
|switch|p2a: Charizard|Charizard, L50, M|100/100
|switch|p2b: Farigiraf|Farigiraf, L50, F|100/100
|-ability|p1a: Aerodactyl|Unnerve
|-weather|Snowscape|[from] ability: Snow Warning|[of] p1b: Vanilluxe
|turn|1
|
|t:|1783534233
|detailschange|p2a: Charizard|Charizard-Mega-Y, L50, M
|-mega|p2a: Charizard|Charizard|Charizardite Y
|-weather|SunnyDay|[from] ability: Drought|[of] p2a: Charizard
|move|p2a: Charizard|Protect|p2a: Charizard
|-singleturn|p2a: Charizard|Protect
|move|p1b: Vanilluxe|Blizzard|p2a: Charizard|[spread] 
|-activate|p2a: Charizard|move: Protect
|-miss|p1b: Vanilluxe|p2b: Farigiraf
|move|p1a: Aerodactyl|Rock Slide|p2b: Farigiraf|[spread] p2b
|-activate|p2a: Charizard|move: Protect
|-damage|p2b: Farigiraf|80/100
|move|p2b: Farigiraf|Trick Room|p2b: Farigiraf
|-fieldstart|move: Trick Room|[of] p2b: Farigiraf
|
|-weather|SunnyDay|[upkeep]
|upkeep
|turn|2
|
|t:|1783534270
|switch|p1b: Sinistcha|Sinistcha-Masterpiece, L50|100/100
|move|p1a: Aerodactyl|Wide Guard|p1a: Aerodactyl
|-singleturn|p1a: Aerodactyl|Wide Guard
|move|p2b: Farigiraf|Thunder|p1a: Aerodactyl
|-supereffective|p1a: Aerodactyl|1
|-damage|p1a: Aerodactyl|24/100
|move|p2a: Charizard|Heat Wave|p1a: Aerodactyl|[spread] 
|-activate|p1a: Aerodactyl|move: Wide Guard
|-activate|p1b: Sinistcha|move: Wide Guard
|
|-weather|SunnyDay|[upkeep]
|upkeep
|turn|3
|
|t:|1783534293
|move|p1b: Sinistcha|Rage Powder|p1b: Sinistcha
|-singleturn|p1b: Sinistcha|move: Rage Powder
|move|p2b: Farigiraf|Psychic|p1b: Sinistcha
|-damage|p1b: Sinistcha|66/100
|move|p2a: Charizard|Weather Ball|p1b: Sinistcha
|-supereffective|p1b: Sinistcha|1
|-damage|p1b: Sinistcha|0 fnt
|faint|p1b: Sinistcha
|move|p1a: Aerodactyl|Rock Slide|p2a: Charizard|[spread] p2b
|-miss|p1a: Aerodactyl|p2a: Charizard
|-crit|p2b: Farigiraf
|-damage|p2b: Farigiraf|50/100g
|
|-weather|SunnyDay|[upkeep]
|upkeep
|
|t:|1783534306
|switch|p1b: Mawile|Mawile, L50, M, shiny|100/100
|-ability|p1b: Mawile|Intimidate|boost
|-unboost|p2a: Charizard|atk|1
|-unboost|p2b: Farigiraf|atk|1
|turn|4
|c|☆thatlookglope|crazy how you can hit a thunder in sun but i cant hit a rock slide
|c|☆thatlookglope|god i hate charizard
|c|☆thatlookglope|stupid fucking pokemon
|
|t:|1783534382
|switch|p1a: Vanilluxe|Vanilluxe, L50, M|100/100
|-weather|Snowscape|[from] ability: Snow Warning|[of] p1a: Vanilluxe
|detailschange|p1b: Mawile|Mawile-Mega, L50, M, shiny
|-mega|p1b: Mawile|Mawile|Mawilite
|move|p1b: Mawile|Protect|p1b: Mawile
|-singleturn|p1b: Mawile|Protect
|move|p2b: Farigiraf|Thunder|p1a: Vanilluxe
|-damage|p1a: Vanilluxe|68/100
|move|p2a: Charizard|Weather Ball|p1b: Mawile
|-activate|p1b: Mawile|move: Protect
|
|-weather|Snowscape|[upkeep]
|upkeep
|turn|5
|c|☆DttDMarce|I'm sorry, to be fair, I didn't even remember the 50%
|
|t:|1783534419
|move|p1b: Mawile|Play Rough|p2a: Charizard
|-resisted|p2a: Charizard|1
|-damage|p2a: Charizard|56/100
|move|p2a: Charizard|Heat Wave|p1a: Vanilluxe|[spread] p1a,p1b
|-supereffective|p1a: Vanilluxe|1
|-supereffective|p1b: Mawile|1
|-damage|p1a: Vanilluxe|0 fnt
|-damage|p1b: Mawile|0 fnt
|faint|p1a: Vanilluxe
|faint|p1b: Mawile
|move|p2b: Farigiraf|Roar|p1: Vanilluxe|[notarget]
|-fail|p2b: Farigiraf
|
|-weather|Snowscape|[upkeep]
|-fieldend|move: Trick Room
|upkeep
|c|☆thatlookglope|stupid fucking pokemon
|-message|thatlookglope forfeited.
|
|win|DttDMarce
|raw|thatlookglope's rating: 1141 → 1112(-29 for losing)
|raw|DttDMarce's rating: 1081 → 1114(+33 for winning)
|l|☆thatlookglope
|player|p1|
