|j|☆someminamina
|j|☆cheesebiscuit12
|html|someminaminacheesebiscuit12    
|uhtml|bestof|Game 1 of a best-of-3
|t:|1785936059
|gametype|doubles
|player|p1|someminamina|101|
|player|p2|cheesebiscuit12|169|
|gen|9
|tier|[Gen 9 Champions] VGC 2026 Reg M-B (Bo3)
|rule|Species Clause: Limit one of each Pokémon
|rule|Item Clause: Limit 1 of each item
|clearpoke
|poke|p1|Sylveon, L50, F|
|poke|p1|Scrafty, L50, M, shiny|
|poke|p1|Raichu, L50, M, shiny|
|poke|p1|Grimmsnarl, L50, M, shiny|
|poke|p1|Rotom-Heat, L50, shiny|
|poke|p1|Slowking-Galar, L50, F|
|poke|p2|Gardevoir, L50, M|
|poke|p2|Metagross, L50|
|poke|p2|Whimsicott, L50, F|
|poke|p2|Sableye, L50, M|
|poke|p2|Arcanine, L50, F|
|poke|p2|Vileplume, L50, F|
|teampreview|4
|showteam|p1|Sylveon||FairyFeather|Pixilate|HyperBeam,HyperVoice,DrainingKiss,Detect|Quiet||F|||50|]Scrafty||LifeOrb|Intimidate|FakeOut,KnockOff,DrainPunch,Protect|Adamant||M|||50|]Raichu||RaichuniteY|LightningRod|FocusBlast,ZapCannon,Encore,Protect|Rash||M|||50|]Grimmsnarl||LightClay|Prankster|FakeOut,PartingShot,SuckerPunch,ScaryFace|Brave||M|||50|]Rotom-Heat||FocusSash|Levitate|Overheat,VoltSwitch,FoulPlay,WillOWisp|Bold|||||50|]Slowking-Galar||SitrusBerry|Regenerator|ChillyReception,Psychic,TrickRoom,Protect|Bold||F|||50|
|showteam|p2|Gardevoir||Gardevoirite|Telepathy|HyperVoice,Protect,Psyshock,CalmMind|Timid||M|||50|]Metagross||ExpertBelt|ClearBody|IronHead,IcePunch,Earthquake,PsychicFangs|Adamant|||||50|]Whimsicott||FocusSash|Chlorophyll|Protect,Moonblast,Tailwind,SunnyDay|Relaxed||F|||50|]Sableye||Sablenite|Prankster|FoulPlay,Taunt,SuckerPunch,LightScreen|Careful||M|||50|]Arcanine||Leftovers|Intimidate|ExtremeSpeed,WildCharge,FlareBlitz,MorningSun|Jolly||F|||50|]Vileplume||ZoomLens|Chlorophyll|AfterYou,Protect,SludgeBomb,SleepPowder|Timid||F|||50|
|
|t:|1785936073
|teamsize|p1|4
|teamsize|p2|4
|start
|switch|p1a: Raichu|Raichu, L50, M, shiny|100/100
|switch|p1b: Slowking|Slowking-Galar, L50, F|100/100
|switch|p2a: Xi Jinping|Whimsicott, L50, F|100/100
|switch|p2b: Vileplume|Vileplume, L50, F|100/100
|turn|1
|
|t:|1785936097
|detailschange|p1a: Raichu|Raichu-Mega-Y, L50, M, shiny
|-mega|p1a: Raichu|Raichu|Raichunite Y
|move|p1a: Raichu|Protect|p1a: Raichu
|-singleturn|p1a: Raichu|Protect
|move|p2a: Xi Jinping|Protect|p2a: Xi Jinping
|-singleturn|p2a: Xi Jinping|Protect
|move|p2b: Vileplume|Sleep Powder|p1a: Raichu
|-activate|p1a: Raichu|move: Protect
|move|p1b: Slowking|Psychic|p2b: Vileplume
|-supereffective|p2b: Vileplume|1
|-damage|p2b: Vileplume|23/100
|
|upkeep
|turn|2
|
|t:|1785936110
|move|p1a: Raichu|Encore|p2a: Xi Jinping
|-start|p2a: Xi Jinping|Encore
|move|p2a: Xi Jinping|Protect|p2a: Xi Jinping
|-singleturn|p2a: Xi Jinping|Protect
|move|p2b: Vileplume|Sleep Powder|p1a: Raichu
|-status|p1a: Raichu|slp|[from] move: Sleep Powder
|move|p1b: Slowking|Psychic|p2b: Vileplume
|-supereffective|p2b: Vileplume|1
|-damage|p2b: Vileplume|0 fnt
|faint|p2b: Vileplume
|
|upkeep
|
|t:|1785936122
|switch|p2b: Arcanine|Arcanine, L50, F|100/100
|-ability|p2b: Arcanine|Intimidate|boost
|-unboost|p1a: Raichu|atk|1
|-unboost|p1b: Slowking|atk|1
|turn|3
|
|t:|1785936141
|switch|p1a: Rotom|Rotom-Heat, L50, shiny|100/100
|switch|p2a: Hamad|Metagross, L50|100/100
|move|p2b: Arcanine|Extreme Speed|p1b: Slowking
|-damage|p1b: Slowking|80/100
|move|p1b: Slowking|Trick Room|p1b: Slowking
|-fieldstart|move: Trick Room|[of] p1b: Slowking
|
|upkeep
|turn|4
|
|t:|1785936172
|move|p2b: Arcanine|Extreme Speed|p1a: Rotom
|-damage|p1a: Rotom|78/100
|move|p1b: Slowking|Psychic|p2b: Arcanine
|-damage|p2b: Arcanine|54/100
|move|p2a: Hamad|Earthquake|p1b: Slowking|[spread] p2b,p1b
|-immune|p1a: Rotom|[from] ability: Levitate
|-supereffective|p2b: Arcanine|1
|-supereffective|p1b: Slowking|1
|-damage|p2b: Arcanine|0 fnt
|-damage|p1b: Slowking|23/100
|-enditem|p1b: Slowking|Sitrus Berry|[eat]
|-heal|p1b: Slowking|48/100|[from] item: Sitrus Berry
|faint|p2b: Arcanine
|move|p1a: Rotom|Overheat|p2a: Hamad
|-supereffective|p2a: Hamad|1
|-damage|p2a: Hamad|9/100
|-unboost|p1a: Rotom|spa|2
|
|upkeep
|
|t:|1785936189
|switch|p2b: Xi Jinping|Whimsicott, L50, F|100/100
|turn|5
|
|t:|1785936197
|move|p2b: Xi Jinping|Protect|p2b: Xi Jinping
|-singleturn|p2b: Xi Jinping|Protect
|move|p1b: Slowking|Psychic|p2a: Hamad
|-resisted|p2a: Hamad|2
|-damage|p2a: Hamad|1/100
|move|p2a: Hamad|Earthquake|p1b: Slowking|[spread] p1b
|-activate|p2b: Xi Jinping|move: Protect
|-immune|p1a: Rotom|[from] ability: Levitate
|-supereffective|p1b: Slowking|1
|-damage|p1b: Slowking|0 fnt
|faint|p1b: Slowking
|move|p1a: Rotom|Overheat|p2b: Xi Jinping
|-activate|p2b: Xi Jinping|move: Protect
|
|upkeep
|
|t:|1785936207
|switch|p1b: Grimmsnarl|Grimmsnarl, L50, M, shiny|100/100
|turn|6
|
|t:|1785936227
|move|p1b: Grimmsnarl|Sucker Punch|p2a: Hamad
|-supereffective|p2a: Hamad|1
|-damage|p2a: Hamad|0 fnt
|faint|p2a: Hamad
|move|p2b: Xi Jinping|Moonblast|p1a: Rotom
|-resisted|p1a: Rotom|1
|-damage|p1a: Rotom|63/100
|move|p1a: Rotom|Overheat|p2b: Xi Jinping
|-supereffective|p2b: Xi Jinping|1
|-damage|p2b: Xi Jinping|35/100
|-unboost|p1a: Rotom|spa|2
|
|upkeep
|turn|7
|
|t:|1785936243
|move|p1b: Grimmsnarl|Sucker Punch|p2b: Xi Jinping
|-resisted|p2b: Xi Jinping|1
|-damage|p2b: Xi Jinping|22/100
|move|p2b: Xi Jinping|Moonblast|p1a: Rotom
|-resisted|p1a: Rotom|1
|-damage|p1a: Rotom|49/100
|move|p1a: Rotom|Overheat|p2b: Xi Jinping
|-supereffective|p2b: Xi Jinping|1
|-damage|p2b: Xi Jinping|0 fnt
|-unboost|p1a: Rotom|spa|2
|faint|p2b: Xi Jinping
|
|win|someminamina
||someminamina is ready for game 2.
||cheesebiscuit12 is ready for game 2.
|uhtml|next|Next: Game 2 of 3
|l|☆someminamina
|player|p1|
|l|☆cheesebiscuit12
|player|p2|
