|j|☆sfeb
|j|☆Tem Bnd1t
|html|sfebTem Bnd1t    
|uhtml|bestof|Game 1 of a best-of-3
|t:|1785709393
|gametype|doubles
|player|p1|sfeb|266|1145
|player|p2|Tem Bnd1t|170|1000
|gen|9
|tier|[Gen 9 Champions] VGC 2026 Reg M-B (Bo3)
|rated|
|rule|Species Clause: Limit one of each Pokémon
|rule|Item Clause: Limit 1 of each item
|clearpoke
|poke|p1|Zoroark-Hisui, L50, M|
|poke|p1|Kingambit, L50, M|
|poke|p1|Hydreigon, L50, F|
|poke|p1|Venusaur, L50, F|
|poke|p1|Garchomp, L50, M|
|poke|p1|Aerodactyl, L50, M|
|poke|p2|Tyranitar, L50, M|
|poke|p2|Excadrill, L50, F|
|poke|p2|Milotic, L50, F|
|poke|p2|Gholdengo, L50|
|poke|p2|Staraptor, L50, F|
|poke|p2|Sinistcha-Masterpiece, L50|
|teampreview|4
|showteam|p1|Zoroark-Hisui||FocusSash|Illusion|WillOWisp,IcyWind,BitterMalice,HyperVoice|Timid||M|||50|]Kingambit||ChopleBerry|Defiant|SuckerPunch,IronHead,KowtowCleave,Protect|Adamant||M|||50|]Hydreigon||ChoiceScarf|Levitate|DarkPulse,DracoMeteor,EarthPower,Snarl|Modest||F|||50|]Venusaur||Venusaurite|Chlorophyll|GigaDrain,SludgeBomb,SleepPowder,Protect|Modest||F|||50|]Garchomp||LifeOrb|RoughSkin|Earthquake,DragonClaw,RockSlide,Protect|Jolly||M|||50|]Aerodactyl||Aerodactylite|Unnerve|WideGuard,Tailwind,RockSlide,Protect|Jolly||M|||50|
|showteam|p2|Tyranitar||Tyranitarite|SandStream|RockSlide,Crunch,LowKick,Protect|Jolly||M|||50|]Excadrill|||SandRush|HighHorsepower,IronHead,RockSlide,Protect|Adamant||F|||50|]Milotic||SitrusBerry|Competitive|Scald,IcyWind,HelpingHand,Protect|Calm||F|||50|]Gholdengo||LifeOrb|GoodasGold|MakeItRain,ShadowBall,NastyPlot,Protect|Modest|||||50|]Staraptor||Staraptite|Intimidate|CloseCombat,BraveBird,Protect,Tailwind|Jolly||F|||50|]Sinistcha-Masterpiece||ColburBerry|Hospitality|MatchaGotcha,ShadowBall,RagePowder,Protect|Serious|||||50|
|
|t:|1785709470
|teamsize|p1|4
|teamsize|p2|4
|start
|switch|p1a: Venusaur|Venusaur, L50, F|100/100
|switch|p1b: Garchomp|Garchomp, L50, M|100/100
|switch|p2a: Tyranitar|Tyranitar, L50, M|100/100
|switch|p2b: Milotic|Milotic, L50, F|100/100
|-weather|Sandstorm|[from] ability: Sand Stream|[of] p2a: Tyranitar
|turn|1
|
|t:|1785709530
|switch|p1b: Kingambit|Kingambit, L50, M|100/100
|move|p1a: Venusaur|Will-O-Wisp|p2a: Tyranitar
|-status|p2a: Tyranitar|brn
|move|p2a: Tyranitar|Low Kick|p1b: Kingambit
|-supereffective|p1b: Kingambit|2
|-enditem|p1b: Kingambit|Chople Berry|[eat]
|-enditem|p1b: Kingambit|Chople Berry|[weaken]
|-damage|p1b: Kingambit|77/100
|move|p2b: Milotic|Scald|p1b: Kingambit
|-damage|p1b: Kingambit|50/100g
|
|-weather|Sandstorm|[upkeep]
|-damage|p1a: Venusaur|93/100|[from] Sandstorm
|-damage|p2b: Milotic|94/100|[from] Sandstorm
|-damage|p2a: Tyranitar|93/100 brn|[from] brn
|upkeep
|turn|2
|
|t:|1785709568
|switch|p1b: Venusaur|Venusaur, L50, F|100/100
|move|p1a: Venusaur|Will-O-Wisp|p2b: Milotic
|-status|p2b: Milotic|brn
|move|p2a: Tyranitar|Low Kick|p1b: Venusaur
|-resisted|p1b: Venusaur|1
|-damage|p1b: Venusaur|90/100
|move|p2b: Milotic|Icy Wind|p1a: Venusaur|[spread] p1b
|-miss|p2b: Milotic|p1a: Venusaur
|-supereffective|p1b: Venusaur|1
|-damage|p1b: Venusaur|70/100
|-unboost|p1b: Venusaur|spe|1
|
|-weather|Sandstorm|[upkeep]
|-damage|p1a: Venusaur|87/100|[from] Sandstorm
|-damage|p2b: Milotic|88/100 brn|[from] Sandstorm
|-damage|p1b: Venusaur|64/100|[from] Sandstorm
|-damage|p2a: Tyranitar|87/100 brn|[from] brn
|-damage|p2b: Milotic|82/100 brn|[from] brn
|upkeep
|turn|3
|
|t:|1785709593
|switch|p2b: Staraptor|Staraptor, L50, F|100/100
|-ability|p2b: Staraptor|Intimidate|boost
|-unboost|p1a: Venusaur|atk|1
|-unboost|p1b: Venusaur|atk|1
|detailschange|p1b: Venusaur|Venusaur-Mega, L50, F
|-mega|p1b: Venusaur|Venusaur|Venusaurite
|move|p1a: Venusaur|Icy Wind|p2a: Tyranitar|[spread] p2b
|-miss|p1a: Venusaur|p2a: Tyranitar
|-supereffective|p2b: Staraptor|1
|-damage|p2b: Staraptor|60/100
|-unboost|p2b: Staraptor|spe|1
|move|p2a: Tyranitar|Crunch|p1a: Venusaur
|-supereffective|p1a: Venusaur|1
|-crit|p1a: Venusaur
|-damage|p1a: Venusaur|0 fnt
|replace|p1a: Zoroark|Zoroark-Hisui, L50, M
|-end|p1a: Zoroark|Illusion
|faint|p1a: Zoroark
|move|p1b: Venusaur|Giga Drain|p2b: Staraptor
|-resisted|p2b: Staraptor|1
|-damage|p2b: Staraptor|34/100
|-heal|p1b: Venusaur|78/100|[from] drain|[of] p2b: Staraptor
|
|-weather|Sandstorm|[upkeep]
|-damage|p2b: Staraptor|28/100|[from] Sandstorm
|-damage|p1b: Venusaur|72/100|[from] Sandstorm
|-damage|p2a: Tyranitar|81/100 brn|[from] brn
|upkeep
|
|t:|1785709607
|switch|p1a: Garchomp|Garchomp, L50, M|100/100
|turn|4
|
|t:|1785709624
|detailschange|p2a: Tyranitar|Tyranitar-Mega, L50, M
|-mega|p2a: Tyranitar|Tyranitar|Tyranitarite
|move|p2b: Staraptor|Protect|p2b: Staraptor
|-singleturn|p2b: Staraptor|Protect
|move|p1b: Venusaur|Protect|p1b: Venusaur
|-singleturn|p1b: Venusaur|Protect
|move|p1a: Garchomp|Rock Slide|p2a: Tyranitar|[spread] p2a
|-activate|p2b: Staraptor|move: Protect
|-crit|p2a: Tyranitar
|-damage|p2a: Tyranitar|54/100 brn
|-damage|p1a: Garchomp|90/100|[from] item: Life Orb
|move|p2a: Tyranitar|Crunch|p1a: Garchomp
|-damage|p1a: Garchomp|67/100
|-damage|p2a: Tyranitar|41/100 brn|[from] ability: Rough Skin|[of] p1a: Garchomp
|
|-weather|Sandstorm|[upkeep]
|-damage|p2b: Staraptor|22/100|[from] Sandstorm
|-damage|p1b: Venusaur|65/100|[from] Sandstorm
|-damage|p2a: Tyranitar|35/100 brn|[from] brn
|upkeep
|turn|5
|
|t:|1785709650
|switch|p1b: Kingambit|Kingambit, L50, M|50/100g
|move|p1a: Garchomp|Rock Slide|p2a: Tyranitar|[spread] p2a
|-miss|p1a: Garchomp|p2b: Staraptor
|-damage|p2a: Tyranitar|19/100 brn
|-damage|p1a: Garchomp|57/100|[from] item: Life Orb
|move|p2a: Tyranitar|Low Kick|p1b: Kingambit
|-supereffective|p1b: Kingambit|2
|-damage|p1b: Kingambit|0 fnt
|faint|p1b: Kingambit
|move|p2b: Staraptor|Brave Bird|p1a: Garchomp
|-damage|p1a: Garchomp|5/100
|-damage|p2b: Staraptor|10/100|[from] ability: Rough Skin|[of] p1a: Garchomp
|-damage|p2b: Staraptor|0 fnt|[from] Recoil
|faint|p2b: Staraptor
|
|-weather|none
|-damage|p2a: Tyranitar|13/100 brn|[from] brn
|upkeep
|
|t:|1785709669
|switch|p2b: Milotic|Milotic, L50, F|82/100 brn
|switch|p1b: Venusaur|Venusaur-Mega, L50, F|65/100
|turn|6
|
|t:|1785709680
|switch|p2a: Excadrill|Excadrill, L50, F|100/100
|move|p1a: Garchomp|Protect|p1a: Garchomp
|-singleturn|p1a: Garchomp|Protect
|move|p2b: Milotic|Icy Wind|p1b: Venusaur|[spread] p1b
|-activate|p1a: Garchomp|move: Protect
|-supereffective|p1b: Venusaur|1
|-damage|p1b: Venusaur|56/100
|-unboost|p1b: Venusaur|spe|1
|move|p1b: Venusaur|Giga Drain|p2b: Milotic
|-supereffective|p2b: Milotic|1
|-crit|p2b: Milotic
|-damage|p2b: Milotic|6/100 brn
|-heal|p1b: Venusaur|97/100|[from] drain|[of] p2b: Milotic
|-enditem|p2b: Milotic|Sitrus Berry|[eat]
|-heal|p2b: Milotic|31/100 brn|[from] item: Sitrus Berry
|
|-damage|p2b: Milotic|25/100 brn|[from] brn
|upkeep
|turn|7
|
|t:|1785709708
|switch|p2b: Tyranitar|Tyranitar-Mega, L50, M|13/100 brn
|-weather|Sandstorm|[from] ability: Sand Stream|[of] p2b: Tyranitar
|move|p2a: Excadrill|High Horsepower|p1b: Venusaur
|-damage|p1b: Venusaur|53/100
|move|p1a: Garchomp|Earthquake|p2b: Tyranitar|[spread] p1b,p2a,p2b
|-supereffective|p2a: Excadrill|1
|-supereffective|p2b: Tyranitar|1
|-damage|p1b: Venusaur|7/100
|-damage|p2a: Excadrill|0 fnt
|-damage|p2b: Tyranitar|0 fnt
|faint|p2a: Excadrill
|faint|p2b: Tyranitar
|-damage|p1a: Garchomp|0 fnt|[from] item: Life Orb
|faint|p1a: Garchomp
|move|p1b: Venusaur|Giga Drain|p2: Excadrill|[notarget]
|-fail|p1b: Venusaur
|
|-weather|Sandstorm|[upkeep]
|-damage|p1b: Venusaur|1/100|[from] Sandstorm
|upkeep
|
|t:|1785709727
|switch|p2b: Milotic|Milotic, L50, F|25/100 brn
|turn|8
|
|t:|1785709731
|move|p2b: Milotic|Protect|p2b: Milotic
|-singleturn|p2b: Milotic|Protect
|move|p1b: Venusaur|Giga Drain|p2b: Milotic
|-activate|p2b: Milotic|move: Protect
|
|-weather|Sandstorm|[upkeep]
|-damage|p2b: Milotic|20/100r brn|[from] Sandstorm
|-damage|p1b: Venusaur|0 fnt|[from] Sandstorm
|faint|p1b: Venusaur
|
|win|Tem Bnd1t
|l|☆sfeb
|player|p1|
||sfeb is ready for game 2.
|inactive|Tem Bnd1t has 30 seconds to confirm battle start!
