|j|☆luka1234.4
|j|☆sanjaconpis
|html|luka1234.4sanjaconpis    
|uhtml|bestof|Game 2 of a best-of-3
|t:|1782585820
|gametype|doubles
|player|p1|luka1234.4|rosa|
|player|p2|sanjaconpis|hugh|
|gen|9
|tier|[Gen 9 Champions] VGC 2026 Reg M-B (Bo3)
|rule|Species Clause: Limit one of each Pokémon
|rule|Item Clause: Limit 1 of each item
|clearpoke
|poke|p1|Aerodactyl, L50, M|
|poke|p1|Garchomp, L50, F|
|poke|p1|Charizard, L50, M|
|poke|p1|Sylveon, L50, F|
|poke|p1|Farigiraf, L50, F|
|poke|p1|Kingambit, L50, F|
|poke|p2|Kingambit, L50, M|
|poke|p2|Slowking-Galar, L50, M|
|poke|p2|Abomasnow, L50, F|
|poke|p2|Froslass, L50, F|
|poke|p2|Sylveon, L50, F|
|poke|p2|Ceruledge, L50, M|
|teampreview|4
|showteam|p1|Aerodactyl||Aerodactylite|Unnerve|IceFang,RockSlide,DualWingbeat,Tailwind|Jolly||M|||50|]Garchomp||LifeOrb|RoughSkin|DragonClaw,Earthquake,Protect,RockSlide|Jolly||F|||50|]Charizard||CharizarditeY|Blaze|WeatherBall,Protect,HeatWave,SolarBeam|Timid||M|||50|]Sylveon||FairyFeather|Pixilate|HyperVoice,QuickAttack,HyperBeam,Protect|Sassy||F|||50|]Farigiraf||ColburBerry|ArmorTail|TwinBeam,Protect,HelpingHand,GrassKnot|Calm||F|||50|]Kingambit||FocusSash|Defiant|IronHead,SuckerPunch,LowKick,KowtowCleave|Adamant||F|||50|
|showteam|p2|Kingambit||FocusSash|Defiant|KowtowCleave,SuckerPunch,IronHead,Protect|Adamant||M|||50|]Slowking-Galar||ColburBerry|Regenerator|Psychic,TrickRoom,AcidSpray,ChillingWater|Sassy||M|||50|]Abomasnow||Abomasite|SnowWarning|GigaDrain,Blizzard,EarthPower,Protect|Modest||F|||50|]Froslass||SitrusBerry|SnowCloak|AuroraVeil,Blizzard,ShadowBall,Taunt|Timid||F|||50|]Sylveon||FairyFeather|Pixilate|HyperVoice,QuickAttack,HyperBeam,Detect|Modest||F|||50|]Ceruledge||Charcoal|FlashFire|BitterBlade,ShadowSneak,BulkUp,Protect|Jolly||M|||50|
|
|t:|1782585932
|teamsize|p1|4
|teamsize|p2|4
|start
|switch|p1a: Garchomp|Garchomp, L50, F|100/100
|switch|p1b: Aerodactyl|Aerodactyl, L50, M|100/100
|switch|p2a: Slowking|Slowking-Galar, L50, M|100/100
|switch|p2b: Ceruledge|Ceruledge, L50, M|100/100
|-ability|p1b: Aerodactyl|Unnerve
|turn|1
|
|t:|1782585958
|switch|p2b: Sylveon|Sylveon, L50, F|100/100
|detailschange|p1b: Aerodactyl|Aerodactyl-Mega, L50, M
|-mega|p1b: Aerodactyl|Aerodactyl|Aerodactylite
|move|p1b: Aerodactyl|Tailwind|p1b: Aerodactyl
|-sidestart|p1: luka1234.4|move: Tailwind
|move|p1a: Garchomp|Rock Slide|p2a: Slowking|[spread] p2b
|-miss|p1a: Garchomp|p2a: Slowking
|-damage|p2b: Sylveon|66/100
|-damage|p1a: Garchomp|90/100|[from] item: Life Orb
|move|p2a: Slowking|Trick Room|p2a: Slowking
|-fieldstart|move: Trick Room|[of] p2a: Slowking
|
|upkeep
|turn|2
|
|t:|1782586008
|move|p1a: Garchomp|Protect|p1a: Garchomp
|-singleturn|p1a: Garchomp|Protect
|move|p2a: Slowking|Chilling Water|p1b: Aerodactyl
|-supereffective|p1b: Aerodactyl|1
|-damage|p1b: Aerodactyl|69/100
|-unboost|p1b: Aerodactyl|atk|1
|move|p2b: Sylveon|Hyper Voice|p1a: Garchomp|[spread] p1b
|-activate|p1a: Garchomp|move: Protect
|-damage|p1b: Aerodactyl|6/100
|move|p1b: Aerodactyl|Dual Wingbeat|p2b: Sylveon
|-damage|p2b: Sylveon|45/100
|-damage|p2b: Sylveon|24/100
|-hitcount|p2b: Sylveon|2
|
|upkeep
|turn|3
|
|t:|1782586033
|switch|p1a: Kingambit|Kingambit, L50, F|100/100
|switch|p1b: Sylveon|Sylveon, L50, F|100/100
|move|p2a: Slowking|Chilling Water|p1a: Kingambit
|-damage|p1a: Kingambit|86/100
|-unboost|p1a: Kingambit|atk|1
|-ability|p1a: Kingambit|Defiant|boost
|-boost|p1a: Kingambit|atk|2
|move|p2b: Sylveon|Hyper Voice|p1a: Kingambit|[spread] p1a,p1b
|-damage|p1a: Kingambit|35/100
|-damage|p1b: Sylveon|71/100
|
|upkeep
|turn|4
|
|t:|1782586102
|move|p1b: Sylveon|Protect|p1b: Sylveon
|-singleturn|p1b: Sylveon|Protect
|move|p1a: Kingambit|Sucker Punch|p2a: Slowking
|-supereffective|p2a: Slowking|1
|-enditem|p2a: Slowking|Colbur Berry|[eat]
|-enditem|p2a: Slowking|Colbur Berry|[weaken]
|-damage|p2a: Slowking|28/100
|move|p2a: Slowking|Acid Spray|p1b: Sylveon
|-activate|p1b: Sylveon|move: Protect
|move|p2b: Sylveon|Hyper Voice|p1b: Sylveon|[spread] p1a
|-activate|p1b: Sylveon|move: Protect
|-damage|p1a: Kingambit|0 fnt
|faint|p1a: Kingambit
|
|-sideend|p1: luka1234.4|move: Tailwind
|upkeep
|
|t:|1782586135
|switch|p1a: Garchomp|Garchomp, L50, F|90/100
|turn|5
|
|t:|1782586156
|-heal|p2a: Slowking|61/100|[from] ability: Regenerator|[silent]
|switch|p2a: Ceruledge|Ceruledge, L50, M|100/100
|move|p1a: Garchomp|Protect|p1a: Garchomp
|-singleturn|p1a: Garchomp|Protect
|move|p1b: Sylveon|Quick Attack|p2b: Sylveon
|-damage|p2b: Sylveon|6/100
|move|p2b: Sylveon|Hyper Beam|p1a: Garchomp
|-activate|p1a: Garchomp|move: Protect
|
|-fieldend|move: Trick Room
|upkeep
|turn|6
|
|t:|1782586189
|move|p2a: Ceruledge|Protect|p2a: Ceruledge
|-singleturn|p2a: Ceruledge|Protect
|move|p2b: Sylveon|Quick Attack|p1a: Garchomp
|-supereffective|p1a: Garchomp|1
|-damage|p1a: Garchomp|66/100
|-damage|p2b: Sylveon|0 fnt|[from] ability: Rough Skin|[of] p1a: Garchomp
|faint|p2b: Sylveon
|move|p1b: Sylveon|Quick Attack|p2a: Ceruledge
|-activate|p2a: Ceruledge|move: Protect
|move|p1a: Garchomp|Rock Slide|p2a: Ceruledge
|-activate|p2a: Ceruledge|move: Protect
|
|upkeep
|
|t:|1782586219
|switch|p2b: Kingambit|Kingambit, L50, M|100/100
|turn|7
|
|t:|1782586265
|move|p1b: Sylveon|Protect|p1b: Sylveon
|-singleturn|p1b: Sylveon|Protect
|move|p2b: Kingambit|Protect|p2b: Kingambit
|-singleturn|p2b: Kingambit|Protect
|move|p1a: Garchomp|Earthquake|p2a: Ceruledge|[spread] p2a
|-activate|p1b: Sylveon|move: Protect
|-activate|p2b: Kingambit|move: Protect
|-supereffective|p2a: Ceruledge|1
|-damage|p2a: Ceruledge|0 fnt
|faint|p2a: Ceruledge
|-damage|p1a: Garchomp|56/100|[from] item: Life Orb
|
|upkeep
|
|t:|1782586277
|switch|p2a: Slowking|Slowking-Galar, L50, M|61/100
|turn|8
|
|t:|1782586291
|switch|p1b: Aerodactyl|Aerodactyl-Mega, L50, M|6/100
|move|p2b: Kingambit|Sucker Punch|p1a: Garchomp
|-damage|p1a: Garchomp|14/100
|-damage|p2b: Kingambit|87/100|[from] ability: Rough Skin|[of] p1a: Garchomp
|move|p1a: Garchomp|Earthquake|p2b: Kingambit|[spread] p2a,p2b
|-immune|p1b: Aerodactyl
|-supereffective|p2a: Slowking|1
|-supereffective|p2b: Kingambit|1
|-damage|p2a: Slowking|0 fnt
|-damage|p2b: Kingambit|7/100
|faint|p2a: Slowking
|-damage|p1a: Garchomp|4/100|[from] item: Life Orb
|
|upkeep
|turn|9
|
|t:|1782586332
|move|p2b: Kingambit|Sucker Punch|p1a: Garchomp
|-damage|p1a: Garchomp|0 fnt
|-damage|p2b: Kingambit|0 fnt|[from] ability: Rough Skin|[of] p1a: Garchomp
|faint|p1a: Garchomp
|faint|p2b: Kingambit
|
|win|luka1234.4
||sanjaconpis is ready for game 3.
|inactive|luka1234.4 has 30 seconds to confirm battle start!
||luka1234.4 is ready for game 3.
|uhtml|next|Next: Game 3 of 3
