|j|☆TopekaMelon
|j|☆cooperkid
|html|TopekaMeloncooperkid    
|uhtml|bestof|Game 1 of a best-of-3
|t:|1784170456
|gametype|doubles
|player|p1|TopekaMelon|sabrina|1329
|player|p2|cooperkid|2|1303
|gen|9
|tier|[Gen 9 Champions] VGC 2026 Reg M-B (Bo3)
|rated|
|rule|Species Clause: Limit one of each Pokémon
|rule|Item Clause: Limit 1 of each item
|clearpoke
|poke|p1|Farigiraf, L50, F|
|poke|p1|Torkoal, L50, M|
|poke|p1|Incineroar, L50, M|
|poke|p1|Vivillon-Elegant, L50, M|
|poke|p1|Gardevoir, L50, M|
|poke|p1|Mudsdale, L50, F|
|poke|p2|Tyranitar, L50, M|
|poke|p2|Excadrill, L50, F|
|poke|p2|Sinistcha-Masterpiece, L50|
|poke|p2|Gholdengo, L50|
|poke|p2|Staraptor, L50, F|
|poke|p2|Milotic, L50, F|
|teampreview|4
|showteam|p1|Farigiraf||SitrusBerry|ArmorTail|Protect,TrickRoom,Thunderbolt,Psychic|Sassy||F|||50|]Torkoal||Charcoal|Drought|Protect,SolarBeam,WeatherBall,Eruption|Quiet||M|||50|]Incineroar||WhiteHerb|Intimidate|FlareBlitz,DarkestLariat,CloseCombat,FakeOut|Brave||M|||50|]Vivillon-Elegant||FocusSash|CompoundEyes|Protect,RagePowder,SleepPowder,Hurricane|Timid||M|||50|]Gardevoir||Gardevoirite|Telepathy|Protect,TrickRoom,Psychic,HyperVoice|Quiet||M|||50|]Mudsdale||LifeOrb|InnerFocus|Earthquake,HighHorsepower,HeavySlam,RockSlide|Brave||F|||50|
|showteam|p2|Tyranitar||Tyranitarite|SandStream|RockSlide,KnockOff,DragonDance,Protect|Adamant||M|||50|]Excadrill||FocusSash|SandRush|HighHorsepower,IronHead,RockSlide,Protect|Adamant||F|||50|]Sinistcha-Masterpiece||KasibBerry|Hospitality|MatchaGotcha,RagePowder,LifeDew,Protect|Bold|||||50|]Gholdengo||LifeOrb|GoodasGold|MakeItRain,ShadowBall,NastyPlot,Protect|Modest|||||50|]Staraptor||Staraptite|Intimidate|BraveBird,CloseCombat,Tailwind,Protect|Jolly||F|||50|]Milotic||SitrusBerry|Competitive|Scald,IcyWind,Recover,Protect|Bold||F|||50|
|j| DuckStorm1
|l| DuckStorm1
|inactive|Battle timer is ON: inactive players will automatically lose when time's up. (requested by cooperkid)
|
|t:|1784170498
|teamsize|p1|4
|teamsize|p2|4
|start
|switch|p1a: Gardevoir|Gardevoir, L50, M|100/100
|switch|p1b: Mudsdale|Mudsdale, L50, F|100/100
|switch|p2a: Milotic|Milotic, L50, F|100/100
|switch|p2b: Gholdengo|Gholdengo, L50|100/100
|turn|1
|inactive|TopekaMelon has 30 seconds left.
|
|t:|1784170524
|move|p1a: Gardevoir|Protect|p1a: Gardevoir
|-singleturn|p1a: Gardevoir|Protect
|move|p2b: Gholdengo|Make It Rain|p1a: Gardevoir|[spread] p1b
|-activate|p1a: Gardevoir|move: Protect
|-damage|p1b: Mudsdale|34/100
|-unboost|p2b: Gholdengo|spa|2
|-damage|p2b: Gholdengo|90/100|[from] item: Life Orb
|move|p2a: Milotic|Scald|p1b: Mudsdale
|-supereffective|p1b: Mudsdale|1
|-damage|p1b: Mudsdale|0 fnt
|faint|p1b: Mudsdale
|
|upkeep
|
|t:|1784170539
|switch|p1b: Torkoal|Torkoal, L50, M|100/100
|-weather|SunnyDay|[from] ability: Drought|[of] p1b: Torkoal
|turn|2
|
|t:|1784170547
|switch|p2b: Tyranitar|Tyranitar, L50, M|100/100
|-weather|Sandstorm|[from] ability: Sand Stream|[of] p2b: Tyranitar
|detailschange|p1a: Gardevoir|Gardevoir-Mega, L50, M
|-mega|p1a: Gardevoir|Gardevoir|Gardevoirite
|move|p1b: Torkoal|Protect|p1b: Torkoal
|-singleturn|p1b: Torkoal|Protect
|move|p2a: Milotic|Scald|p1a: Gardevoir
|-damage|p1a: Gardevoir|77/100
|move|p1a: Gardevoir|Trick Room|p1a: Gardevoir
|-fieldstart|move: Trick Room|[of] p1a: Gardevoir
|
|-weather|Sandstorm|[upkeep]
|-damage|p1b: Torkoal|93/100|[from] Sandstorm
|-damage|p2a: Milotic|94/100|[from] Sandstorm
|-damage|p1a: Gardevoir|71/100|[from] Sandstorm
|upkeep
|turn|3
|
|t:|1784170568
|move|p2b: Tyranitar|Protect|p2b: Tyranitar
|-singleturn|p2b: Tyranitar|Protect
|move|p1b: Torkoal|Eruption|p2a: Milotic|[spread] p2a
|-activate|p2b: Tyranitar|move: Protect
|-resisted|p2a: Milotic|1
|-damage|p2a: Milotic|76/100
|move|p2a: Milotic|Scald|p1b: Torkoal
|-supereffective|p1b: Torkoal|1
|-damage|p1b: Torkoal|24/100
|move|p1a: Gardevoir|Hyper Voice|p2a: Milotic|[spread] p2a
|-activate|p2b: Tyranitar|move: Protect
|-damage|p2a: Milotic|41/100
|-enditem|p2a: Milotic|Sitrus Berry|[eat]
|-heal|p2a: Milotic|66/100|[from] item: Sitrus Berry
|
|-weather|Sandstorm|[upkeep]
|-damage|p1b: Torkoal|18/100|[from] Sandstorm
|-damage|p2a: Milotic|60/100|[from] Sandstorm
|-damage|p1a: Gardevoir|65/100|[from] Sandstorm
|upkeep
|turn|4
|
|t:|1784170589
|switch|p1b: Incineroar|Incineroar, L50, M|100/100
|-ability|p1b: Incineroar|Intimidate|boost
|-unboost|p2a: Milotic|atk|1
|-ability|p2a: Milotic|Competitive|boost
|-boost|p2a: Milotic|spa|2
|-unboost|p2b: Tyranitar|atk|1
|switch|p2b: Gholdengo|Gholdengo, L50|90/100
|move|p2a: Milotic|Recover|p2a: Milotic
|-heal|p2a: Milotic|100/100
|move|p1a: Gardevoir|Hyper Voice|p2a: Milotic|[spread] p2a,p2b
|-resisted|p2b: Gholdengo|1
|-damage|p2a: Milotic|61/100
|-damage|p2b: Gholdengo|62/100
|
|-weather|Sandstorm|[upkeep]
|-damage|p1b: Incineroar|94/100|[from] Sandstorm
|-damage|p2a: Milotic|55/100|[from] Sandstorm
|-damage|p1a: Gardevoir|60/100|[from] Sandstorm
|upkeep
|turn|5
|
|t:|1784170613
|move|p1b: Incineroar|Flare Blitz|p2b: Gholdengo
|-supereffective|p2b: Gholdengo|1
|-damage|p2b: Gholdengo|0 fnt
|faint|p2b: Gholdengo
|-damage|p1b: Incineroar|75/100|[from] Recoil
|move|p2a: Milotic|Scald|p1a: Gardevoir
|-damage|p1a: Gardevoir|13/100
|move|p1a: Gardevoir|Psychic|p2a: Milotic
|-damage|p2a: Milotic|9/100
|
|-weather|Sandstorm|[upkeep]
|-damage|p1b: Incineroar|69/100|[from] Sandstorm
|-damage|p2a: Milotic|3/100|[from] Sandstorm
|-damage|p1a: Gardevoir|8/100|[from] Sandstorm
|upkeep
|
|t:|1784170621
|switch|p2b: Tyranitar|Tyranitar, L50, M|100/100
|turn|6
|
|t:|1784170639
|switch|p1a: Torkoal|Torkoal, L50, M|18/100
|-weather|SunnyDay|[from] ability: Drought|[of] p1a: Torkoal
|move|p2b: Tyranitar|Protect|p2b: Tyranitar
|-singleturn|p2b: Tyranitar|Protect
|move|p1b: Incineroar|Flare Blitz|p2a: Milotic
|-resisted|p2a: Milotic|1
|-damage|p2a: Milotic|0 fnt
|faint|p2a: Milotic
|-damage|p1b: Incineroar|68/100|[from] Recoil
|
|-weather|SunnyDay|[upkeep]
|-fieldend|move: Trick Room
|upkeep
|
|t:|1784170643
|switch|p2a: Excadrill|Excadrill, L50, F|100/100
|turn|7
|
|t:|1784170663
|detailschange|p2b: Tyranitar|Tyranitar-Mega, L50, M
|-mega|p2b: Tyranitar|Tyranitar|Tyranitarite
|-weather|Sandstorm|[from] ability: Sand Stream|[of] p2b: Tyranitar
|move|p1a: Torkoal|Protect|p1a: Torkoal
|-singleturn|p1a: Torkoal|Protect
|move|p2a: Excadrill|High Horsepower|p1b: Incineroar
|-supereffective|p1b: Incineroar|1
|-damage|p1b: Incineroar|0 fnt
|faint|p1b: Incineroar
|move|p2b: Tyranitar|Rock Slide|p1a: Torkoal
|-activate|p1a: Torkoal|move: Protect
|
|-weather|Sandstorm|[upkeep]
|-damage|p1a: Torkoal|12/100|[from] Sandstorm
|upkeep
|
|t:|1784170676
|switch|p1b: Gardevoir|Gardevoir-Mega, L50, M|8/100
|turn|8
|
|t:|1784170686
|move|p2a: Excadrill|Iron Head|p1b: Gardevoir
|-supereffective|p1b: Gardevoir|1
|-damage|p1b: Gardevoir|0 fnt
|faint|p1b: Gardevoir
|move|p2b: Tyranitar|Knock Off|p1a: Torkoal
|-damage|p1a: Torkoal|0 fnt
|-enditem|p1a: Torkoal|Charcoal|[from] move: Knock Off|[of] p2b: Tyranitar
|faint|p1a: Torkoal
|
|win|cooperkid
||cooperkid is ready for game 2.
