|j|☆antonius5587
|j|☆Rinirin
|html|antonius5587Rinirin    
|uhtml|bestof|Game 1 of a best-of-3
|t:|1784904722
|gametype|doubles
|player|p1|antonius5587|1|1080
|player|p2|Rinirin|lacey|1130
|gen|9
|tier|[Gen 9 Champions] VGC 2026 Reg M-B (Bo3)
|rated|
|rule|Species Clause: Limit one of each Pokémon
|rule|Item Clause: Limit 1 of each item
|clearpoke
|poke|p1|Charizard, L50, M, shiny|
|poke|p1|Venusaur, L50, M|
|poke|p1|Pelipper, L50, F|
|poke|p1|Archaludon, L50, F|
|poke|p1|Basculegion, L50, M|
|poke|p1|Grimmsnarl, L50, M|
|poke|p2|Blaziken, L50, F|
|poke|p2|Kingambit, L50, F|
|poke|p2|Vanilluxe, L50, M|
|poke|p2|Dragonite, L50, M|
|poke|p2|Venusaur, L50, M|
|poke|p2|Grimmsnarl, L50, M|
|teampreview|4
|showteam|p1|Charizard||CharizarditeY|SolarPower|Protect,HeatWave,SolarBeam,WeatherBall|Modest||M|||50|]Venusaur||FocusSash|Chlorophyll|SludgeBomb,EarthPower,SleepPowder,Protect|Modest||M|||50|]Pelipper||SitrusBerry|Drizzle|Hurricane,WeatherBall,Tailwind,WideGuard|Modest||F|||50|]Archaludon||Leftovers|Stamina|ElectroShot,DragonPulse,FlashCannon,Protect|Calm||F|||50|]Basculegion||ChoiceScarf|Adaptability|WaterPulse,FlipTurn,LastRespects,AquaJet|Jolly||M|||50|]Grimmsnarl||LightClay|Prankster|SpiritBreak,LightScreen,Reflect,PartingShot|Sassy||M|||50|
|showteam|p2|Blaziken||Blazikenite|SpeedBoost|CloseCombat,FlareBlitz,Protect,RockSlide|Adamant||F|||50|]Kingambit||BlackGlasses|Defiant|KowtowCleave,SuckerPunch,IronHead,Protect|Adamant||F|||50|]Vanilluxe||ChoiceScarf|SnowWarning|Blizzard,FreezeDry,IcyWind,AuroraVeil|Timid||M|||50|]Dragonite||LifeOrb|InnerFocus|DragonClaw,LowKick,Protect,ExtremeSpeed|Adamant||M|||50|]Venusaur||Venusaurite|Chlorophyll|SludgeBomb,EarthPower,Protect,SleepPowder|Modest||M|||50|]Grimmsnarl||LightClay|Prankster|SpiritBreak,FoulPlay,PartingShot,LightScreen|Impish||M|||50|
|
|t:|1784904770
|teamsize|p1|4
|teamsize|p2|4
|start
|switch|p1a: Archaludon|Archaludon, L50, F|100/100
|switch|p1b: Grimmsnarl|Grimmsnarl, L50, M|100/100
|switch|p2a: Venusaur|Venusaur, L50, M|100/100
|switch|p2b: Grimmsnarl|Grimmsnarl, L50, M|100/100
|turn|1
|inactive|Battle timer is ON: inactive players will automatically lose when time's up. (requested by Rinirin)
|inactive|antonius5587 has 60 seconds left.
|
|t:|1784904845
|detailschange|p2a: Venusaur|Venusaur-Mega, L50, M
|-mega|p2a: Venusaur|Venusaur|Venusaurite
|move|p1a: Archaludon|Protect|p1a: Archaludon
|-singleturn|p1a: Archaludon|Protect
|move|p2b: Grimmsnarl|Parting Shot|p1a: Archaludon
|-activate|p1a: Archaludon|move: Protect
|move|p1b: Grimmsnarl|Light Screen|p1b: Grimmsnarl
|-sidestart|p1: antonius5587|move: Light Screen
|move|p2a: Venusaur|Sludge Bomb|p1b: Grimmsnarl
|-supereffective|p1b: Grimmsnarl|1
|-damage|p1b: Grimmsnarl|50/100y
|
|upkeep
|turn|2
|inactive|antonius5587 has 30 seconds left.
|inactive|antonius5587 has 20 seconds left.
|inactive|antonius5587 has 15 seconds left.
|inactive|antonius5587 has 10 seconds left.
|
|t:|1784904893
|move|p2a: Venusaur|Protect|p2a: Venusaur
|-singleturn|p2a: Venusaur|Protect
|move|p2b: Grimmsnarl|Light Screen|p2b: Grimmsnarl
|-sidestart|p2: Rinirin|move: Light Screen
|move|p1b: Grimmsnarl|Parting Shot|p2a: Venusaur
|-activate|p2a: Venusaur|move: Protect
|move|p1a: Archaludon|Electro Shot||[still]
|-prepare|p1a: Archaludon|Electro Shot
|-boost|p1a: Archaludon|spa|1
|
|upkeep
|turn|3
|
|t:|1784904913
|switch|p2a: Kingambit|Kingambit, L50, F|100/100
|move|p2b: Grimmsnarl|Parting Shot|p1a: Archaludon
|-unboost|p1a: Archaludon|atk|1
|-unboost|p1a: Archaludon|spa|1
|
|t:|1784904918
|switch|p2b: Venusaur|Venusaur-Mega, L50, M|100/100|[from] Parting Shot
|move|p1b: Grimmsnarl|Parting Shot|p2a: Kingambit
|-hint|Since gen 7, Dark is immune to Prankster moves.
|-immune|p2a: Kingambit
|move|p1a: Archaludon|Electro Shot|p2b: Venusaur|[from] lockedmove
|-resisted|p2b: Venusaur|1
|-damage|p2b: Venusaur|89/100
|
|upkeep
|turn|4
|inactive|antonius5587 has 30 seconds left.
|inactive|antonius5587 has 20 seconds left.
|inactive|antonius5587 has 15 seconds left.
|inactive|antonius5587 has 10 seconds left.
|inactive|antonius5587 has 5 seconds left.
|
|t:|1784904973
|switch|p1a: Pelipper|Pelipper, L50, F|100/100
|-weather|RainDance|[from] ability: Drizzle|[of] p1a: Pelipper
|move|p2b: Venusaur|Sleep Powder|p1a: Pelipper
|-status|p1a: Pelipper|slp|[from] move: Sleep Powder
|move|p1b: Grimmsnarl|Spirit Break|p2b: Venusaur
|-resisted|p2b: Venusaur|1
|-damage|p2b: Venusaur|78/100
|-unboost|p2b: Venusaur|spa|1
|move|p2a: Kingambit|Kowtow Cleave|p1b: Grimmsnarl
|-resisted|p1b: Grimmsnarl|2
|-damage|p1b: Grimmsnarl|35/100
|
|-weather|RainDance|[upkeep]
|upkeep
|turn|5
|
|t:|1784904993
|move|p1b: Grimmsnarl|Parting Shot|p2b: Venusaur
|-unboost|p2b: Venusaur|atk|1
|-unboost|p2b: Venusaur|spa|1
|
|t:|1784904999
|switch|p1b: Archaludon|Archaludon, L50, F|100/100|[from] Parting Shot
|move|p2b: Venusaur|Sleep Powder|p1b: Archaludon
|-status|p1b: Archaludon|slp|[from] move: Sleep Powder
|cant|p1a: Pelipper|slp
|move|p2a: Kingambit|Kowtow Cleave|p1a: Pelipper
|-damage|p1a: Pelipper|35/100 slp
|-enditem|p1a: Pelipper|Sitrus Berry|[eat]
|-heal|p1a: Pelipper|59/100 slp|[from] item: Sitrus Berry
|
|-weather|RainDance|[upkeep]
|upkeep
|turn|6
|inactive|antonius5587 has 30 seconds left.
|
|t:|1784905031
|switch|p2b: Grimmsnarl|Grimmsnarl, L50, M|100/100
|cant|p1b: Archaludon|slp
|cant|p1a: Pelipper|slp
|move|p2a: Kingambit|Kowtow Cleave|p1a: Pelipper
|-damage|p1a: Pelipper|0 fnt
|faint|p1a: Pelipper
|
|-weather|RainDance|[upkeep]
|upkeep
|
|t:|1784905044
|switch|p1a: Charizard|Charizard, L50, M, shiny|100/100
|turn|7
|inactive|Rinirin has 30 seconds left.
|inactive|Rinirin has 20 seconds left.
|
|t:|1784905082
|switch|p2a: Dragonite|Dragonite, L50, M|100/100
|detailschange|p1a: Charizard|Charizard-Mega-Y, L50, M, shiny
|-mega|p1a: Charizard|Charizard|Charizardite Y
|-weather|SunnyDay|[from] ability: Drought|[of] p1a: Charizard
|move|p2b: Grimmsnarl|Parting Shot|p1a: Charizard
|-unboost|p1a: Charizard|atk|1
|-unboost|p1a: Charizard|spa|1
|
|t:|1784905089
|switch|p2b: Venusaur|Venusaur-Mega, L50, M|78/100|[from] Parting Shot
|move|p1a: Charizard|Heat Wave|p2a: Dragonite|[spread] p2a,p2b
|-resisted|p2a: Dragonite|1
|-supereffective|p2b: Venusaur|1
|-damage|p2a: Dragonite|87/100
|-damage|p2b: Venusaur|56/100
|cant|p1b: Archaludon|slp
|
|-weather|SunnyDay|[upkeep]
|upkeep
|turn|8
|
|t:|1784905108
|move|p1a: Charizard|Heat Wave|p2a: Dragonite|[spread] p2b
|-miss|p1a: Charizard|p2a: Dragonite
|-supereffective|p2b: Venusaur|1
|-damage|p2b: Venusaur|34/100
|move|p2b: Venusaur|Sludge Bomb|p1a: Charizard
|-damage|p1a: Charizard|71/100
|-status|p1a: Charizard|psn
|move|p2a: Dragonite|Dragon Claw|p1a: Charizard
|-damage|p1a: Charizard|1/100 psn
|-damage|p2a: Dragonite|77/100|[from] item: Life Orb
|-curestatus|p1b: Archaludon|slp|[msg]
|move|p1b: Archaludon|Dragon Pulse|p2a: Dragonite
|-supereffective|p2a: Dragonite|1
|-damage|p2a: Dragonite|34/100
|
|-weather|SunnyDay|[upkeep]
|-damage|p1a: Charizard|0 fnt|[from] psn
|faint|p1a: Charizard
|-sideend|p1: antonius5587|move: Light Screen
|upkeep
|
|t:|1784905126
|switch|p1a: Grimmsnarl|Grimmsnarl, L50, M|35/100
|turn|9
|
|t:|1784905136
|switch|p2b: Grimmsnarl|Grimmsnarl, L50, M|100/100
|move|p2a: Dragonite|Extreme Speed|p1a: Grimmsnarl
|-damage|p1a: Grimmsnarl|0 fnt
|faint|p1a: Grimmsnarl
|-damage|p2a: Dragonite|24/100|[from] item: Life Orb
|move|p1b: Archaludon|Dragon Pulse|p2b: Grimmsnarl
|-immune|p2b: Grimmsnarl
|
|-weather|SunnyDay|[upkeep]
|-sideend|p2: Rinirin|move: Light Screen
|upkeep
|turn|10
|
|t:|1784905150
|move|p2a: Dragonite|Dragon Claw|p1b: Archaludon
|-damage|p1b: Archaludon|53/100
|-ability|p1b: Archaludon|Stamina|boost
|-boost|p1b: Archaludon|def|1
|-damage|p2a: Dragonite|14/100|[from] item: Life Orb
|move|p1b: Archaludon|Flash Cannon|p2b: Grimmsnarl
|-supereffective|p2b: Grimmsnarl|1
|-damage|p2b: Grimmsnarl|33/100
|move|p2b: Grimmsnarl|Spirit Break|p1b: Archaludon
|-damage|p1b: Archaludon|38/100
|-unboost|p1b: Archaludon|spa|1
|-ability|p1b: Archaludon|Stamina|boost
|-boost|p1b: Archaludon|def|1
|
|-weather|SunnyDay|[upkeep]
|-heal|p1b: Archaludon|44/100|[from] item: Leftovers
|upkeep
|turn|11
|
|t:|1784905166
|move|p2b: Grimmsnarl|Parting Shot|p1b: Archaludon
|-unboost|p1b: Archaludon|atk|1
|-unboost|p1b: Archaludon|spa|1
|
|t:|1784905169
|switch|p2b: Kingambit|Kingambit, L50, F|100/100|[from] Parting Shot
|move|p2a: Dragonite|Dragon Claw|p1b: Archaludon
|-damage|p1b: Archaludon|23/100
|-ability|p1b: Archaludon|Stamina|boost
|-boost|p1b: Archaludon|def|1
|-damage|p2a: Dragonite|4/100|[from] item: Life Orb
|move|p1b: Archaludon|Electro Shot||[still]
|-prepare|p1b: Archaludon|Electro Shot
|-boost|p1b: Archaludon|spa|1
|
|-weather|none
|-heal|p1b: Archaludon|29/100|[from] item: Leftovers
|upkeep
|turn|12
|
|t:|1784905184
|move|p2a: Dragonite|Dragon Claw|p1b: Archaludon
|-damage|p1b: Archaludon|10/100
|-ability|p1b: Archaludon|Stamina|boost
|-boost|p1b: Archaludon|def|1
|-damage|p2a: Dragonite|0 fnt|[from] item: Life Orb
|faint|p2a: Dragonite
|move|p1b: Archaludon|Electro Shot|p2b: Kingambit|[from] lockedmove
|-damage|p2b: Kingambit|77/100
|move|p2b: Kingambit|Kowtow Cleave|p1b: Archaludon
|-damage|p1b: Archaludon|0 fnt
|faint|p1b: Archaludon
|
|win|Rinirin
|inactive|antonius5587 has 30 seconds to confirm battle start!
|inactive|Rinirin has 30 seconds to confirm battle start!
||Rinirin is ready for game 2.
|inactive|antonius5587 has 20 seconds to confirm battle start!
||antonius5587 is ready for game 2.
|uhtml|next|Next: Game 2 of 3
|l|☆antonius5587
|player|p1|
