|j|☆daemian_x
|j|☆Tyrunt Jumpman
|html|daemian_xTyrunt Jumpman    
|uhtml|bestof|Game 2 of a best-of-3
|t:|1785372861
|gametype|doubles
|player|p1|daemian_x|blue|1257
|player|p2|Tyrunt Jumpman|hiker-gen4|1237
|gen|9
|tier|[Gen 9 Champions] VGC 2026 Reg M-B (Bo3)
|rated|
|rule|Species Clause: Limit one of each Pokémon
|rule|Item Clause: Limit 1 of each item
|clearpoke
|poke|p1|Tyranitar, L50, M|
|poke|p1|Excadrill, L50, M|
|poke|p1|Gholdengo, L50|
|poke|p1|Milotic, L50, M|
|poke|p1|Sinistcha, L50|
|poke|p1|Staraptor, L50, F|
|poke|p2|Tyranitar, L50, M|
|poke|p2|Excadrill, L50, M|
|poke|p2|Milotic, L50, M|
|poke|p2|Sinistcha, L50|
|poke|p2|Staraptor, L50, F|
|poke|p2|Gholdengo, L50|
|teampreview|4
|showteam|p1|Tyranitar||Tyranitarite|SandStream|RockSlide,KnockOff,LowKick,Protect|Adamant||M|||50|]Excadrill||FocusSash|SandRush|RockSlide,IronHead,Protect,Earthquake|Adamant||M|||50|]Gholdengo||LifeOrb|GoodasGold|MakeItRain,ShadowBall,NastyPlot,Protect|Modest|||||50|]Milotic||SitrusBerry|Competitive|Scald,IceBeam,Recover,Protect|Modest||M|||50|]Sinistcha||ColburBerry|Hospitality|MatchaGotcha,RagePowder,StrengthSap,Protect|Bold|||||50|]Staraptor||Staraptite|Intimidate|CloseCombat,BraveBird,Tailwind,Protect|Jolly||F|||50|
|showteam|p2|Tyranitar||Tyranitarite|SandStream|KnockOff,RockSlide,HighHorsepower,Protect|Jolly||M|||50|]Excadrill||FocusSash|SandRush|Earthquake,IronHead,RockSlide,Protect|Adamant||M|||50|]Milotic||SitrusBerry|Competitive|Scald,IcyWind,Haze,Protect|Calm||M|||50|]Sinistcha||ColburBerry|Hospitality|MatchaGotcha,ShadowBall,Protect,RagePowder|Bold|||||50|]Staraptor||Staraptite|Intimidate|CloseCombat,BraveBird,Tailwind,Protect|Jolly||F|||50|]Gholdengo||LifeOrb|GoodasGold|MakeItRain,ShadowBall,NastyPlot,Protect|Modest|||||50|
|
|t:|1785372927
|teamsize|p1|4
|teamsize|p2|4
|start
|switch|p1a: Milotic|Milotic, L50, M|100/100
|switch|p1b: Staraptor|Staraptor, L50, F|100/100
|switch|p2a: Gholdengo|Gholdengo, L50|100/100
|switch|p2b: Milotic|Milotic, L50, M|100/100
|-ability|p1b: Staraptor|Intimidate|boost
|-unboost|p2a: Gholdengo|atk|1
|-unboost|p2b: Milotic|atk|1
|-ability|p2b: Milotic|Competitive|boost
|-boost|p2b: Milotic|spa|2
|turn|1
|
|t:|1785372952
|move|p1b: Staraptor|Tailwind|p1b: Staraptor
|-sidestart|p1: daemian_x|move: Tailwind
|move|p1a: Milotic|Scald|p2a: Gholdengo
|-damage|p2a: Gholdengo|70/100
|move|p2b: Milotic|Scald|p1b: Staraptor
|-damage|p1b: Staraptor|13/100
|move|p2a: Gholdengo|Nasty Plot|p2a: Gholdengo
|-boost|p2a: Gholdengo|spa|2
|
|upkeep
|turn|2
|
|t:|1785372987
|move|p2a: Gholdengo|Protect|p2a: Gholdengo
|-singleturn|p2a: Gholdengo|Protect
|move|p1b: Staraptor|Brave Bird|p2a: Gholdengo
|-activate|p2a: Gholdengo|move: Protect
|move|p1a: Milotic|Scald|p2a: Gholdengo
|-activate|p2a: Gholdengo|move: Protect
|move|p2b: Milotic|Scald|p1b: Staraptor
|-damage|p1b: Staraptor|0 fnt
|faint|p1b: Staraptor
|
|upkeep
|
|t:|1785373001
|switch|p1b: Tyranitar|Tyranitar, L50, M|100/100
|-weather|Sandstorm|[from] ability: Sand Stream|[of] p1b: Tyranitar
|turn|3
|
|t:|1785373043
|move|p1b: Tyranitar|Protect|p1b: Tyranitar
|-singleturn|p1b: Tyranitar|Protect
|move|p1a: Milotic|Scald|p2a: Gholdengo
|-damage|p2a: Gholdengo|40/100
|move|p2b: Milotic|Scald|p1b: Tyranitar
|-activate|p1b: Tyranitar|move: Protect
|move|p2a: Gholdengo|Make It Rain|p1a: Milotic|[spread] p1a
|-activate|p1b: Tyranitar|move: Protect
|-resisted|p1a: Milotic|1
|-damage|p1a: Milotic|58/100
|-unboost|p2a: Gholdengo|spa|2
|-damage|p2a: Gholdengo|30/100|[from] item: Life Orb
|
|-weather|Sandstorm|[upkeep]
|-damage|p1a: Milotic|52/100|[from] Sandstorm
|-damage|p2b: Milotic|94/100|[from] Sandstorm
|upkeep
|turn|4
|
|t:|1785373073
|move|p2b: Milotic|Protect|p2b: Milotic
|-singleturn|p2b: Milotic|Protect
|move|p2a: Gholdengo|Protect|p2a: Gholdengo
|-singleturn|p2a: Gholdengo|Protect
|move|p1a: Milotic|Recover|p1a: Milotic
|-heal|p1a: Milotic|100/100
|move|p1b: Tyranitar|Rock Slide|p2a: Gholdengo|[spread] 
|-activate|p2a: Gholdengo|move: Protect
|-activate|p2b: Milotic|move: Protect
|
|-weather|Sandstorm|[upkeep]
|-damage|p1a: Milotic|94/100|[from] Sandstorm
|-damage|p2b: Milotic|88/100|[from] Sandstorm
|-sideend|p1: daemian_x|move: Tailwind
|upkeep
|turn|5
|
|t:|1785373118
|move|p1b: Tyranitar|Protect|p1b: Tyranitar
|-singleturn|p1b: Tyranitar|Protect
|move|p2b: Milotic|Scald|p1b: Tyranitar
|-activate|p1b: Tyranitar|move: Protect
|move|p1a: Milotic|Scald|p2a: Gholdengo
|-damage|p2a: Gholdengo|0 fnt
|faint|p2a: Gholdengo
|
|-weather|Sandstorm|[upkeep]
|-damage|p2b: Milotic|82/100|[from] Sandstorm
|-damage|p1a: Milotic|88/100|[from] Sandstorm
|upkeep
|
|t:|1785373129
|switch|p2a: Staraptor|Staraptor, L50, F|100/100
|-ability|p2a: Staraptor|Intimidate|boost
|-unboost|p1a: Milotic|atk|1
|-ability|p1a: Milotic|Competitive|boost
|-boost|p1a: Milotic|spa|2
|-unboost|p1b: Tyranitar|atk|1
|turn|6
|
|t:|1785373146
|switch|p1b: Excadrill|Excadrill, L50, M|100/100
|detailschange|p2a: Staraptor|Staraptor-Mega, L50, F
|-mega|p2a: Staraptor|Staraptor|Staraptite
|move|p2a: Staraptor|Close Combat|p1a: Milotic
|-damage|p1a: Milotic|38/100
|-boost|p2a: Staraptor|def|1
|-boost|p2a: Staraptor|spd|1
|-enditem|p1a: Milotic|Sitrus Berry|[eat]
|-heal|p1a: Milotic|63/100|[from] item: Sitrus Berry
|move|p2b: Milotic|Scald|p1b: Excadrill
|-supereffective|p1b: Excadrill|1
|-enditem|p1b: Excadrill|Focus Sash
|-damage|p1b: Excadrill|1/100
|-status|p1b: Excadrill|brn
|move|p1a: Milotic|Ice Beam|p2a: Staraptor
|-supereffective|p2a: Staraptor|1
|-damage|p2a: Staraptor|33/100
|
|-weather|Sandstorm|[upkeep]
|-damage|p2a: Staraptor|27/100|[from] Sandstorm
|-damage|p2b: Milotic|76/100|[from] Sandstorm
|-damage|p1a: Milotic|57/100|[from] Sandstorm
|-damage|p1b: Excadrill|0 fnt|[from] brn
|faint|p1b: Excadrill
|upkeep
|
|t:|1785373168
|switch|p1b: Tyranitar|Tyranitar, L50, M|100/100
|turn|7
|
|t:|1785373219
|move|p2a: Staraptor|Protect|p2a: Staraptor
|-singleturn|p2a: Staraptor|Protect
|move|p2b: Milotic|Scald|p1a: Milotic
|-resisted|p1a: Milotic|1
|-damage|p1a: Milotic|38/100
|move|p1a: Milotic|Ice Beam|p2a: Staraptor
|-activate|p2a: Staraptor|move: Protect
|move|p1b: Tyranitar|Rock Slide|p2a: Staraptor|[spread] p2b
|-activate|p2a: Staraptor|move: Protect
|-damage|p2b: Milotic|47/100
|-enditem|p2b: Milotic|Sitrus Berry|[eat]
|-heal|p2b: Milotic|72/100|[from] item: Sitrus Berry
|
|-weather|none
|upkeep
|turn|8
|
|t:|1785373241
|detailschange|p1b: Tyranitar|Tyranitar-Mega, L50, M
|-mega|p1b: Tyranitar|Tyranitar|Tyranitarite
|-weather|Sandstorm|[from] ability: Sand Stream|[of] p1b: Tyranitar
|move|p2a: Staraptor|Tailwind|p2a: Staraptor
|-sidestart|p2: Tyrunt Jumpman|move: Tailwind
|move|p2b: Milotic|Scald|p1b: Tyranitar
|-supereffective|p1b: Tyranitar|1
|-damage|p1b: Tyranitar|40/100
|move|p1b: Tyranitar|Rock Slide|p2a: Staraptor|[spread] p2a,p2b
|-damage|p2a: Staraptor|3/100
|-damage|p2b: Milotic|38/100
|move|p1a: Milotic|Ice Beam|p2a: Staraptor
|-supereffective|p2a: Staraptor|1
|-damage|p2a: Staraptor|0 fnt
|faint|p2a: Staraptor
|
|-weather|Sandstorm|[upkeep]
|-damage|p2b: Milotic|33/100|[from] Sandstorm
|-damage|p1a: Milotic|32/100|[from] Sandstorm
|upkeep
|
|t:|1785373256
|switch|p2a: Sinistcha|Sinistcha, L50|100/100
|-heal|p2b: Milotic|57/100|[from] ability: Hospitality|[of] p2a: Sinistcha
|turn|9
|
|t:|1785373267
|move|p1b: Tyranitar|Protect|p1b: Tyranitar
|-singleturn|p1b: Tyranitar|Protect
|move|p1a: Milotic|Protect|p1a: Milotic
|-singleturn|p1a: Milotic|Protect
|move|p2b: Milotic|Scald|p1b: Tyranitar
|-activate|p1b: Tyranitar|move: Protect
|move|p2a: Sinistcha|Matcha Gotcha|p1a: Milotic|[spread] 
|-activate|p1a: Milotic|move: Protect
|-activate|p1b: Tyranitar|move: Protect
|
|-weather|Sandstorm|[upkeep]
|-damage|p2b: Milotic|52/100|[from] Sandstorm
|-damage|p2a: Sinistcha|94/100|[from] Sandstorm
|-damage|p1a: Milotic|26/100|[from] Sandstorm
|upkeep
|turn|10
|
|t:|1785373285
|move|p2b: Milotic|Scald|p1b: Tyranitar
|-supereffective|p1b: Tyranitar|1
|-damage|p1b: Tyranitar|0 fnt
|faint|p1b: Tyranitar
|move|p2a: Sinistcha|Matcha Gotcha|p1a: Milotic
|-supereffective|p1a: Milotic|1
|-damage|p1a: Milotic|0 fnt
|-heal|p2a: Sinistcha|100/100|[from] drain|[of] p1a: Milotic
|faint|p1a: Milotic
|
|win|Tyrunt Jumpman
|raw|daemian_x's rating: 1257 → 1231(-26 for losing)
|raw|Tyrunt Jumpman's rating: 1237 → 1263(+26 for winning)
|l|☆Tyrunt Jumpman
|player|p2|
