|j|☆taka89
|j|☆zaher birgir
|html|taka89zaher birgir    
|uhtml|bestof|Game 1 of a best-of-3
|t:|1756683455
|gametype|doubles
|player|p1|taka89|clerk-boss|1000
|player|p2|zaher birgir|wallace|1019
|gen|9
|tier|[Gen 9] VGC 2025 Reg H (Bo3)
|rated|
|rule|Species Clause: Limit one of each Pokémon
|rule|Item Clause: Limit 1 of each item
|clearpoke
|poke|p1|Flamigo, L50, M|
|poke|p1|Porygon2, L50|
|poke|p1|Ursaluna, L50, M|
|poke|p1|Archaludon, L50, M|
|poke|p1|Tyranitar, L50, M|
|poke|p1|Incineroar, L50, F|
|poke|p2|Politoed, L50, F|
|poke|p2|Gothitelle, L50, F|
|poke|p2|Incineroar, L50, F|
|poke|p2|Kingdra, L50, M|
|poke|p2|Sinistcha, L50|
|poke|p2|Murkrow, L50, M|
|teampreview|4
|showteam|p1|Flamigo||ChoiceScarf|Scrappy|BraveBird,DualWingbeat,CloseCombat,Uturn|||M|||50|,,,,,Grass]Porygon2||Eviolite|Download|Thunderbolt,TeraBlast,TrickRoom,Protect||||||50|,,,,,Flying]Ursaluna||FlameOrb|Guts|Facade,Earthquake,HeadlongRush,Protect|||M|||50|,,,,,Ghost]Archaludon||AssaultVest|Stamina|ElectroShot,DarkPulse,BodyPress,DracoMeteor|||M|||50|,,,,,Grass]Tyranitar||FocusSash|SandStream|RockSlide,LowKick,KnockOff,Protect|||M|||50|,,,,,Flying]Incineroar||PasshoBerry|Intimidate|KnockOff,FlareBlitz,FakeOut,PartingShot|||F|||50|,,,,,Ghost
|showteam|p2|Politoed||SitrusBerry|Drizzle|PerishSong,WeatherBall,Protect,Encore|||F|||50|,,,,,Grass]Gothitelle||AguavBerry|ShadowTag|FakeOut,Protect,Psychic,Taunt|||F|||50|,,,,,Fairy]Incineroar||SafetyGoggles|Intimidate|FakeOut,PartingShot,Protect,KnockOff|||F|||50|,,,,,Bug]Kingdra||FocusSash|SwiftSwim|Protect,Scald,DracoMeteor,MuddyWater|||M|||50|,,,,,Stellar]Sinistcha||RockyHelmet|Hospitality|RagePowder,MatchaGotcha,Protect,LifeDew||||||50|,,,,,Water]Murkrow||Eviolite|Prankster|PerishSong,Tailwind,Protect,FoulPlay|||M|||50|,,,,,Steel
|inactive|Battle timer is ON: inactive players will automatically lose when time's up. (requested by zaher birgir)
|inactive|taka89 also wants the timer to be on.
|inactive|taka89 has 60 seconds left.
|inactive|zaher birgir has 60 seconds left.
|
|t:|1756683511
|teamsize|p1|4
|teamsize|p2|4
|start
|switch|p1a: Jackenstein|Incineroar, L50, F, shiny|100/100
|switch|p1b: Balthizard|Ursaluna, L50, M, shiny|100/100
|switch|p2a: Politoed|Politoed, L50, F|100/100
|switch|p2b: Gothitelle|Gothitelle, L50, F|100/100
|-weather|RainDance|[from] ability: Drizzle|[of] p2a: Politoed
|-ability|p1a: Jackenstein|Intimidate|boost
|-unboost|p2a: Politoed|atk|1
|-unboost|p2b: Gothitelle|atk|1
|turn|1
|inactive|taka89 has 30 seconds left.
|inactive|zaher birgir has 30 seconds left.
|inactive|taka89 has 20 seconds left.
|
|t:|1756683547
|-terastallize|p1b: Balthizard|Ghost
|move|p2b: Gothitelle|Fake Out|p1a: Jackenstein
|-damage|p1a: Jackenstein|97/100
|move|p2a: Politoed|Perish Song|p2a: Politoed
|-start|p1a: Jackenstein|perish3|[silent]
|-start|p1b: Balthizard|perish3|[silent]
|-start|p2a: Politoed|perish3|[silent]
|-start|p2b: Gothitelle|perish3|[silent]
|-fieldactivate|move: Perish Song
|cant|p1a: Jackenstein|flinch
|move|p1b: Balthizard|Facade|p2a: Politoed
|-damage|p2a: Politoed|59/100
|
|-weather|RainDance|[upkeep]
|-start|p2a: Politoed|perish3
|-start|p2b: Gothitelle|perish3
|-start|p1a: Jackenstein|perish3
|-start|p1b: Balthizard|perish3
|-status|p1b: Balthizard|brn|[from] item: Flame Orb
|upkeep
|turn|2
|inactive|taka89 has 30 seconds left.
|inactive|taka89 has 20 seconds left.
|inactive|taka89 has 15 seconds left.
|
|t:|1756683591
|switch|p2a: Incineroar|Incineroar, L50, F|100/100
|-ability|p2a: Incineroar|Intimidate|boost
|-unboost|p1a: Jackenstein|atk|1
|-unboost|p1b: Balthizard|atk|1
|switch|p1b: zapper|Tyranitar, L50, M, shiny|100/100
|-weather|Sandstorm|[from] ability: Sand Stream|[of] p1b: zapper
|move|p2b: Gothitelle|Protect|p2b: Gothitelle
|-singleturn|p2b: Gothitelle|Protect
|move|p1a: Jackenstein|Parting Shot|p2b: Gothitelle
|-activate|p2b: Gothitelle|move: Protect
|
|-weather|Sandstorm|[upkeep]
|-damage|p1a: Jackenstein|91/100|[from] Sandstorm
|-damage|p2b: Gothitelle|94/100|[from] Sandstorm
|-start|p1a: Jackenstein|perish2
|-start|p2b: Gothitelle|perish2
|upkeep
|turn|3
|inactive|zaher birgir has 30 seconds left.
|inactive|zaher birgir has 20 seconds left.
|
|t:|1756683630
|-terastallize|p2b: Gothitelle|Fairy
|move|p2a: Incineroar|Fake Out|p1a: Jackenstein
|-damage|p1a: Jackenstein|82/100
|move|p2b: Gothitelle|Taunt|p1a: Jackenstein
|-start|p1a: Jackenstein|move: Taunt
|cant|p1a: Jackenstein|flinch
|move|p1b: zapper|Rock Slide|p2b: Gothitelle|[spread] p2b
|-miss|p1b: zapper|p2a: Incineroar
|-damage|p2b: Gothitelle|65/100
|
|-weather|Sandstorm|[upkeep]
|-damage|p2b: Gothitelle|59/100|[from] Sandstorm
|-damage|p1a: Jackenstein|76/100|[from] Sandstorm
|-start|p1a: Jackenstein|perish1
|-start|p2b: Gothitelle|perish1
|upkeep
|turn|4
|inactive|taka89 has 30 seconds left.
|inactive|zaher birgir has 30 seconds left.
|inactive|taka89 has 20 seconds left.
|inactive|taka89 has 15 seconds left.
|inactive|taka89 has 10 seconds left.
|inactive|zaher birgir has 20 seconds left.
|inactive|zaher birgir has 15 seconds left.
|
|t:|1756683681
|switch|p2b: Politoed|Politoed, L50, F|59/100
|-weather|RainDance|[from] ability: Drizzle|[of] p2b: Politoed
|move|p1a: Jackenstein|Knock Off|p2b: Politoed
|-damage|p2b: Politoed|33/100
|-enditem|p2b: Politoed|Sitrus Berry|[from] move: Knock Off|[of] p1a: Jackenstein
|move|p1b: zapper|Knock Off|p2b: Politoed
|-damage|p2b: Politoed|0 fnt
|faint|p2b: Politoed
|move|p2a: Incineroar|Knock Off|p1b: zapper
|-resisted|p1b: zapper
|-damage|p1b: zapper|86/100
|-enditem|p1b: zapper|Focus Sash|[from] move: Knock Off|[of] p2a: Incineroar
|
|-weather|RainDance|[upkeep]
|-start|p1a: Jackenstein|perish0
|upkeep
|faint|p1a: Jackenstein
|inactive|taka89 has 30 seconds left.
|inactive|taka89 has 20 seconds left.
|inactive|taka89 has 15 seconds left.
|
|t:|1756683725
|switch|p2b: Sinistcha|Sinistcha, L50|100/100
|switch|p1a: Winglade|Flamigo, L50, M|100/100
|turn|5
|inactive|taka89 has 30 seconds left.
|
|t:|1756683755
|move|p2b: Sinistcha|Protect|p2b: Sinistcha
|-singleturn|p2b: Sinistcha|Protect
|move|p1a: Winglade|Brave Bird|p2b: Sinistcha
|-activate|p2b: Sinistcha|move: Protect
|move|p1b: zapper|Low Kick|p2a: Incineroar
|-supereffective|p2a: Incineroar
|-damage|p2a: Incineroar|47/100
|move|p2a: Incineroar|Parting Shot|p1b: zapper
|-unboost|p1b: zapper|atk|1
|-unboost|p1b: zapper|spa|1
|
|t:|1756683761
|switch|p2a: Gothitelle|Gothitelle, L50, F, tera:Fairy|59/100|[from] Parting Shot
|
|-weather|RainDance|[upkeep]
|upkeep
|turn|6
|
|t:|1756683774
|move|p2a: Gothitelle|Fake Out|p1a: Winglade
|-damage|p1a: Winglade|92/100
|cant|p1a: Winglade|flinch
|move|p2b: Sinistcha|Matcha Gotcha|p1a: Winglade|[spread] p1b
|-miss|p2b: Sinistcha|p1a: Winglade
|-supereffective|p1b: zapper
|-damage|p1b: zapper|43/100
|move|p1b: zapper|Knock Off|p2b: Sinistcha
|-supereffective|p2b: Sinistcha
|-damage|p2b: Sinistcha|29/100
|-damage|p1b: zapper|26/100|[from] item: Rocky Helmet|[of] p2b: Sinistcha
|-enditem|p2b: Sinistcha|Rocky Helmet|[from] move: Knock Off|[of] p1b: zapper
|
|-weather|RainDance|[upkeep]
|upkeep
|turn|7
|inactive|taka89 has 30 seconds left.
|
|t:|1756683801
|move|p1a: Winglade|Brave Bird|p2a: Gothitelle
|-damage|p2a: Gothitelle|9/100
|-enditem|p2a: Gothitelle|Aguav Berry|[eat]
|-heal|p2a: Gothitelle|42/100|[from] item: Aguav Berry
|-damage|p1a: Winglade|74/100|[from] Recoil
|move|p2b: Sinistcha|Matcha Gotcha|p1a: Winglade|[spread] p1a,p1b
|-resisted|p1a: Winglade
|-supereffective|p1b: zapper
|-crit|p1b: zapper
|-damage|p1a: Winglade|55/100
|-heal|p2b: Sinistcha|37/100|[from] drain|[of] p1a: Winglade
|-damage|p1b: zapper|0 fnt
|-heal|p2b: Sinistcha|52/100|[from] drain|[of] p1b: zapper
|faint|p1b: zapper
|move|p2a: Gothitelle|Psychic|p1a: Winglade
|-supereffective|p1a: Winglade
|-damage|p1a: Winglade|0 fnt
|faint|p1a: Winglade
|
|-weather|RainDance|[upkeep]
|upkeep
|
|t:|1756683808
|switch|p1a: Balthizard|Ursaluna, L50, M, shiny, tera:Ghost|100/100 brn
|turn|8
|
|t:|1756683824
|switch|p2a: Incineroar|Incineroar, L50, F|47/100
|-ability|p2a: Incineroar|Intimidate|boost
|-unboost|p1a: Balthizard|atk|1
|move|p2b: Sinistcha|Matcha Gotcha|p1a: Balthizard
|-damage|p1a: Balthizard|70/100 brn
|-heal|p2b: Sinistcha|72/100|[from] drain|[of] p1a: Balthizard
|move|p1a: Balthizard|Earthquake|p2a: Incineroar|[spread] p2a,p2b
|-supereffective|p2a: Incineroar
|-resisted|p2b: Sinistcha
|-damage|p2a: Incineroar|0 fnt
|-damage|p2b: Sinistcha|51/100
|faint|p2a: Incineroar
|
|-weather|none
|-damage|p1a: Balthizard|64/100 brn|[from] brn
|upkeep
|
|t:|1756683829
|switch|p2a: Gothitelle|Gothitelle, L50, F, tera:Fairy|42/100
|turn|9
|
|t:|1756683852
|move|p2a: Gothitelle|Protect|p2a: Gothitelle
|-singleturn|p2a: Gothitelle|Protect
|move|p2b: Sinistcha|Matcha Gotcha|p1a: Balthizard|[miss]
|-miss|p2b: Sinistcha|p1a: Balthizard
|move|p1a: Balthizard|Earthquake|p2a: Gothitelle|[spread] p2b
|-activate|p2a: Gothitelle|move: Protect
|-resisted|p2b: Sinistcha
|-damage|p2b: Sinistcha|33/100
|
|-damage|p1a: Balthizard|58/100 brn|[from] brn
|upkeep
|turn|10
|
|t:|1756683860
|move|p2b: Sinistcha|Matcha Gotcha|p1a: Balthizard
|-damage|p1a: Balthizard|28/100 brn
|-heal|p2b: Sinistcha|53/100|[from] drain|[of] p1a: Balthizard
|move|p2a: Gothitelle|Psychic|p1a: Balthizard
|-damage|p1a: Balthizard|0 fnt
|faint|p1a: Balthizard
|
|win|zaher birgir
||zaher birgir is ready for game 2.
