|j|☆CretaceousDraconid
|j|☆Fireb7798
|html|CretaceousDraconidFireb7798    
|uhtml|bestof|Game 2 of a best-of-3
|t:|1785072214
|gametype|doubles
|player|p1|CretaceousDraconid|zinnia-masters|1222
|player|p2|Fireb7798|shauntal|1254
|gen|9
|tier|[Gen 9 Champions] VGC 2026 Reg M-B (Bo3)
|rated|
|rule|Species Clause: Limit one of each Pokémon
|rule|Item Clause: Limit 1 of each item
|clearpoke
|poke|p1|Tyranitar, L50, M|
|poke|p1|Excadrill, L50, M|
|poke|p1|Milotic, L50, M|
|poke|p1|Gholdengo, L50|
|poke|p1|Sinistcha, L50|
|poke|p1|Staraptor, L50, F|
|poke|p2|Beedrill, L50, M|
|poke|p2|Incineroar, L50, M|
|poke|p2|Garchomp, L50, F|
|poke|p2|Sylveon, L50, F|
|poke|p2|Farigiraf, L50, M|
|poke|p2|Hydreigon, L50, F|
|teampreview|4
|showteam|p1|Tyranitar||Tyranitarite|SandStream|KnockOff,RockSlide,HighHorsepower,Protect|Jolly||M|||50|]Excadrill||FocusSash|SandRush|HighHorsepower,IronHead,RockSlide,Protect|Jolly||M|||50|]Milotic||SitrusBerry|Competitive|Scald,IcyWind,Haze,Protect|Calm||M|||50|]Gholdengo||LifeOrb|GoodasGold|MakeItRain,ShadowBall,NastyPlot,Protect|Modest|||||50|]Sinistcha||ColburBerry|Hospitality|MatchaGotcha,ShadowBall,Protect,RagePowder|Bold|||||50|]Staraptor||Staraptite|Intimidate|CloseCombat,BraveBird,Tailwind,Protect|Jolly||F|||50|
|showteam|p2|Beedrill||Beedrillite|Swarm|PoisonJab,Uturn,Protect,StringShot|Jolly||M|||50|]Incineroar||Charcoal|Intimidate|FakeOut,HelpingHand,FlareBlitz,PartingShot|Brave||M|||50|]Garchomp||LifeOrb|RoughSkin|DragonClaw,Earthquake,RockSlide,Protect|Jolly||F|||50|]Sylveon||FairyFeather|Pixilate|HyperVoice,HyperBeam,QuickAttack,Detect|Modest||F|||50|]Farigiraf||SitrusBerry|ArmorTail|Psychic,TrickRoom,Protect,Imprison|Calm||M|||50|]Hydreigon||ChoiceScarf|Levitate|DracoMeteor,DarkPulse,Snarl,EarthPower|Modest||F|||50|
|
|t:|1785072232
|teamsize|p1|4
|teamsize|p2|4
|start
|switch|p1a: Milotic|Milotic, L50, M|100/100
|switch|p1b: Staraptor|Staraptor, L50, F|100/100
|switch|p2a: Hydreigon|Hydreigon, L50, F|100/100
|switch|p2b: Beedrill|Beedrill, L50, M|100/100
|-ability|p1b: Staraptor|Intimidate|boost
|-unboost|p2a: Hydreigon|atk|1
|-unboost|p2b: Beedrill|atk|1
|turn|1
|
|t:|1785072245
|detailschange|p2b: Beedrill|Beedrill-Mega, L50, M
|-mega|p2b: Beedrill|Beedrill|Beedrillite
|move|p1b: Staraptor|Protect|p1b: Staraptor
|-singleturn|p1b: Staraptor|Protect
|move|p1a: Milotic|Protect|p1a: Milotic
|-singleturn|p1a: Milotic|Protect
|move|p2a: Hydreigon|Draco Meteor|p1b: Staraptor
|-activate|p1b: Staraptor|move: Protect
|move|p2b: Beedrill|U-turn|p1a: Milotic
|-activate|p1a: Milotic|move: Protect
|
|upkeep
|turn|2
|
|t:|1785072267
|switch|p1b: Gholdengo|Gholdengo, L50|100/100
|move|p2a: Hydreigon|Draco Meteor|p1b: Gholdengo
|-resisted|p1b: Gholdengo|1
|-damage|p1b: Gholdengo|66/100
|-unboost|p2a: Hydreigon|spa|2
|move|p2b: Beedrill|Poison Jab|p1b: Gholdengo
|-immune|p1b: Gholdengo
|move|p1a: Milotic|Scald|p2b: Beedrill
|-damage|p2b: Beedrill|59/100
|
|upkeep
|turn|3
|
|t:|1785072284
|switch|p2a: Garchomp|Garchomp, L50, F|100/100
|move|p2b: Beedrill|U-turn|p1a: Milotic
|-damage|p1a: Milotic|62/100
|
|t:|1785072289
|switch|p2b: Hydreigon|Hydreigon, L50, F|100/100|[from] U-turn
|move|p1a: Milotic|Icy Wind|p2a: Garchomp|[spread] p2b
|-miss|p1a: Milotic|p2a: Garchomp
|-supereffective|p2b: Hydreigon|1
|-damage|p2b: Hydreigon|78/100
|-unboost|p2b: Hydreigon|spe|1
|move|p1b: Gholdengo|Make It Rain|p2b: Hydreigon|[spread] p2a,p2b
|-damage|p2a: Garchomp|37/100
|-damage|p2b: Hydreigon|15/100
|-unboost|p1b: Gholdengo|spa|2
|-damage|p1b: Gholdengo|57/100|[from] item: Life Orb
|
|upkeep
|turn|4
|
|t:|1785072304
|switch|p1b: Sinistcha|Sinistcha, L50|100/100
|-heal|p1a: Milotic|86/100|[from] ability: Hospitality|[of] p1b: Sinistcha
|move|p2a: Garchomp|Earthquake|p1a: Milotic|[spread] p1a,p1b
|-immune|p2b: Hydreigon|[from] ability: Levitate
|-resisted|p1b: Sinistcha|1
|-damage|p1a: Milotic|43/100
|-damage|p1b: Sinistcha|80/100
|-enditem|p1a: Milotic|Sitrus Berry|[eat]
|-heal|p1a: Milotic|67/100|[from] item: Sitrus Berry
|-damage|p2a: Garchomp|28/100|[from] item: Life Orb
|move|p2b: Hydreigon|Dark Pulse|p1a: Milotic
|-damage|p1a: Milotic|35/100
|move|p1a: Milotic|Icy Wind|p2a: Garchomp|[spread] p2a,p2b
|-supereffective|p2a: Garchomp|2
|-supereffective|p2b: Hydreigon|1
|-damage|p2a: Garchomp|0 fnt
|-damage|p2b: Hydreigon|0 fnt
|faint|p2a: Garchomp
|faint|p2b: Hydreigon
|
|upkeep
|
|t:|1785072310
|switch|p2a: Beedrill|Beedrill-Mega, L50, M|59/100
|switch|p2b: Sylveon|Sylveon, L50, F|100/100
|turn|5
|
|t:|1785072337
|move|p1a: Milotic|Protect|p1a: Milotic
|-singleturn|p1a: Milotic|Protect
|move|p2a: Beedrill|Poison Jab|p1b: Sinistcha
|-damage|p1b: Sinistcha|33/100
|move|p1b: Sinistcha|Matcha Gotcha|p2a: Beedrill|[spread] p2a,p2b
|-resisted|p2a: Beedrill|2
|-damage|p2a: Beedrill|50/100y
|-heal|p1b: Sinistcha|37/100|[from] drain|[of] p2a: Beedrill
|-damage|p2b: Sylveon|82/100
|-heal|p1b: Sinistcha|47/100|[from] drain|[of] p2b: Sylveon
|-status|p2a: Beedrill|brn
|move|p2b: Sylveon|Hyper Voice|p1a: Milotic|[spread] p1b
|-activate|p1a: Milotic|move: Protect
|-damage|p1b: Sinistcha|1/100
|
|-damage|p2a: Beedrill|44/100 brn|[from] brn
|upkeep
|turn|6
|
|t:|1785072358
|move|p1b: Sinistcha|Rage Powder|p1b: Sinistcha
|-singleturn|p1b: Sinistcha|move: Rage Powder
|move|p2b: Sylveon|Quick Attack|p1b: Sinistcha
|-damage|p1b: Sinistcha|0 fnt
|faint|p1b: Sinistcha
|move|p2a: Beedrill|Poison Jab|p1a: Milotic
|-damage|p1a: Milotic|5/100
|-status|p1a: Milotic|psn
|move|p1a: Milotic|Scald|p2a: Beedrill
|-damage|p2a: Beedrill|1/100 brn
|
|-damage|p1a: Milotic|0 fnt|[from] psn
|faint|p1a: Milotic
|-damage|p2a: Beedrill|0 fnt|[from] brn
|faint|p2a: Beedrill
|upkeep
|
|t:|1785072373
|switch|p1a: Staraptor|Staraptor, L50, F|100/100
|switch|p1b: Gholdengo|Gholdengo, L50|57/100
|-ability|p1a: Staraptor|Intimidate|boost
|-unboost|p2b: Sylveon|atk|1
|turn|7
|j| tedidn
|
|t:|1785072378
|detailschange|p1a: Staraptor|Staraptor-Mega, L50, F
|-mega|p1a: Staraptor|Staraptor|Staraptite
|move|p1a: Staraptor|Brave Bird|p2b: Sylveon
|-damage|p2b: Sylveon|22/100
|-damage|p1a: Staraptor|79/100|[from] Recoil
|move|p1b: Gholdengo|Make It Rain|p2b: Sylveon
|-supereffective|p2b: Sylveon|1
|-damage|p2b: Sylveon|0 fnt
|-unboost|p1b: Gholdengo|spa|2
|faint|p2b: Sylveon
|-damage|p1b: Gholdengo|47/100|[from] item: Life Orb
|
|win|CretaceousDraconid
|raw|CretaceousDraconid's rating: 1222 → 1249(+27 for winning)
|raw|Fireb7798's rating: 1254 → 1227(-27 for losing)
