|j|☆PaquitoelBollito
|j|☆gruby_2
|html|PaquitoelBollitogruby_2    
|uhtml|bestof|Game 1 of a best-of-3
|t:|1785094544
|gametype|doubles
|player|p1|PaquitoelBollito|170|1109
|player|p2|gruby_2|2|1115
|gen|9
|tier|[Gen 9 Champions] VGC 2026 Reg M-B (Bo3)
|rated|
|rule|Species Clause: Limit one of each Pokémon
|rule|Item Clause: Limit 1 of each item
|clearpoke
|poke|p1|Aerodactyl, L50, F|
|poke|p1|Kingambit, L50, M|
|poke|p1|Garchomp, L50, F|
|poke|p1|Farigiraf, L50, F|
|poke|p1|Charizard, L50, F|
|poke|p1|Sylveon, L50, F|
|poke|p2|Lycanroc-Dusk, L50, M|
|poke|p2|Froslass, L50, F|
|poke|p2|Talonflame, L50, F|
|poke|p2|Heliolisk, L50, M|
|poke|p2|Kingambit, L50, M|
|poke|p2|Tauros-Paldea-Aqua, L50, M|
|teampreview|4
|showteam|p1|Aerodactyl||Aerodactylite|Unnerve|Tailwind,DualWingbeat,IceFang,RockSlide|Jolly||F|||50|]Kingambit||BlackGlasses|Defiant|SuckerPunch,KowtowCleave,Protect,LowKick|Adamant||M|||50|]Garchomp||LifeOrb|RoughSkin|Protect,DragonClaw,Earthquake,StompingTantrum|Jolly||F|||50|]Farigiraf||SitrusBerry|ArmorTail|PsychicFangs,Thunderbolt,TrickRoom,SunnyDay|Relaxed||F|||50|]Charizard||CharizarditeY|Blaze|Protect,HeatWave,WeatherBall,SolarBeam|Modest||F|||50|]Sylveon||FairyFeather|Pixilate|HyperVoice,Protect,QuickAttack,HyperBeam|Modest||F|||50|
|showteam|p2|Lycanroc-Dusk||LifeOrb|ToughClaws|CloseCombat,SuckerPunch,Accelerock,Protect|Jolly||M|||50|]Froslass||Froslassite|SnowCloak|Blizzard,Protect,ShadowBall,AuroraVeil|Timid||F|||50|]Talonflame||FocusSash|GaleWings|Tailwind,BraveBird,FlareBlitz,Protect|Jolly||F|||50|]Heliolisk||ChoiceScarf|DrySkin|GrassKnot,Thunderbolt,DragonPulse,HyperVoice|Timid||M|||50|]Kingambit||BlackGlasses|Defiant|IronHead,SuckerPunch,KowtowCleave,Protect|Adamant||M|||50|]Tauros-Paldea-Aqua||Leftovers|Intimidate|Protect,AquaJet,CloseCombat,WaveCrash|Jolly||M|||50|
|inactive|Battle timer is ON: inactive players will automatically lose when time's up. (requested by PaquitoelBollito)
|inactive|PaquitoelBollito has 60 seconds left.
|
|t:|1785094581
|teamsize|p1|4
|teamsize|p2|4
|start
|switch|p1a: Farigiraf|Farigiraf, L50, F|100/100
|switch|p1b: Garchomp|Garchomp, L50, F|100/100
|switch|p2a: Heliolisk|Heliolisk, L50, M|100/100
|switch|p2b: Froslass|Froslass, L50, F|100/100
|turn|1
|inactive|PaquitoelBollito has 30 seconds left.
|
|t:|1785094610
|detailschange|p2b: Froslass|Froslass-Mega, L50, F
|-mega|p2b: Froslass|Froslass|Froslassite
|-weather|Snowscape|[from] ability: Snow Warning|[of] p2b: Froslass
|move|p2a: Heliolisk|Hyper Voice|p1a: Farigiraf|[spread] p1a,p1b
|-crit|p1b: Garchomp
|-damage|p1a: Farigiraf|72/100
|-damage|p1b: Garchomp|47/100
|move|p2b: Froslass|Blizzard|p1a: Farigiraf|[spread] p1a,p1b
|-supereffective|p1b: Garchomp|2
|-damage|p1a: Farigiraf|30/100
|-damage|p1b: Garchomp|0 fnt
|-enditem|p1a: Farigiraf|Sitrus Berry|[eat]
|-heal|p1a: Farigiraf|55/100|[from] item: Sitrus Berry
|faint|p1b: Garchomp
|move|p1a: Farigiraf|Sunny Day|p1a: Farigiraf
|-weather|SunnyDay
|
|-weather|SunnyDay|[upkeep]
|-damage|p2a: Heliolisk|87/100|[from] ability: Dry Skin|[of] p2a: Heliolisk
|upkeep
|inactive|PaquitoelBollito has 30 seconds left.
|
|t:|1785094637
|switch|p1b: Sylveon|Sylveon, L50, F|100/100
|turn|2
|
|t:|1785094651
|switch|p2b: Kingambit|Kingambit, L50, M|100/100
|move|p2a: Heliolisk|Hyper Voice|p1a: Farigiraf|[spread] p1a,p1b
|-damage|p1a: Farigiraf|26/100
|-damage|p1b: Sylveon|74/100
|move|p1b: Sylveon|Hyper Voice|p2b: Kingambit|[spread] p2a,p2b
|-damage|p2a: Heliolisk|30/100
|-damage|p2b: Kingambit|53/100
|move|p1a: Farigiraf|Trick Room|p1a: Farigiraf
|-fieldstart|move: Trick Room|[of] p1a: Farigiraf
|
|-weather|SunnyDay|[upkeep]
|-damage|p2a: Heliolisk|17/100|[from] ability: Dry Skin|[of] p2a: Heliolisk
|upkeep
|turn|3
|
|t:|1785094674
|switch|p1a: Kingambit|Kingambit, L50, M|100/100
|move|p2b: Kingambit|Kowtow Cleave|p1a: Kingambit
|-resisted|p1a: Kingambit|1
|-damage|p1a: Kingambit|74/100
|move|p1b: Sylveon|Hyper Voice|p2a: Heliolisk|[spread] p2a,p2b
|-damage|p2a: Heliolisk|0 fnt
|-damage|p2b: Kingambit|11/100
|faint|p2a: Heliolisk
|
|-weather|SunnyDay|[upkeep]
|upkeep
|
|t:|1785094680
|switch|p2a: Lycanroc|Lycanroc-Dusk, L50, M|100/100
|turn|4
|inactive|PaquitoelBollito has 30 seconds left.
|
|t:|1785094709
|move|p2b: Kingambit|Protect|p2b: Kingambit
|-singleturn|p2b: Kingambit|Protect
|move|p1a: Kingambit|Sucker Punch|p2a: Lycanroc
|-damage|p2a: Lycanroc|17/100
|move|p1b: Sylveon|Hyper Voice|p2a: Lycanroc|[spread] p2a
|-activate|p2b: Kingambit|move: Protect
|-damage|p2a: Lycanroc|0 fnt
|faint|p2a: Lycanroc
|
|-weather|SunnyDay|[upkeep]
|upkeep
|
|t:|1785094714
|switch|p2a: Froslass|Froslass-Mega, L50, F|100/100
|-weather|Snowscape|[from] ability: Snow Warning|[of] p2a: Froslass
|turn|5
|
|t:|1785094726
|move|p1a: Kingambit|Protect|p1a: Kingambit
|-singleturn|p1a: Kingambit|Protect
|move|p2b: Kingambit|Sucker Punch|p1b: Sylveon
|-resisted|p1b: Sylveon|1
|-damage|p1b: Sylveon|47/100
|move|p1b: Sylveon|Hyper Voice|p2a: Froslass|[spread] p2a,p2b
|-damage|p2a: Froslass|36/100
|-damage|p2b: Kingambit|0 fnt
|faint|p2b: Kingambit
|move|p2a: Froslass|Blizzard|p1b: Sylveon|[spread] p1b
|-activate|p1a: Kingambit|move: Protect
|-damage|p1b: Sylveon|11/100
|
|-weather|Snowscape|[upkeep]
|upkeep
|turn|6
|
|t:|1785094736
|move|p1b: Sylveon|Hyper Voice|p2a: Froslass
|-damage|p2a: Froslass|0 fnt
|faint|p2a: Froslass
|
|win|PaquitoelBollito
