|j|☆GustaEiras
|j|☆airslashesfolante
|html|GustaEirasairslashesfolante    
|uhtml|bestof|Game 1 of a best-of-3
|t:|1786068961
|gametype|doubles
|player|p1|GustaEiras|pokemonranger-gen4|
|player|p2|airslashesfolante|roxie-masters|
|gen|9
|tier|[Gen 9 Champions] VGC 2026 Reg M-B (Bo3)
|rule|Species Clause: Limit one of each Pokémon
|rule|Item Clause: Limit 1 of each item
|clearpoke
|poke|p1|Dragonite, L50, F|
|poke|p1|Toxicroak, L50, F|
|poke|p1|Vivillon, L50, F|
|poke|p1|Blastoise, L50, M|
|poke|p1|Heliolisk, L50, M|
|poke|p1|Sableye, L50, M|
|poke|p2|Chimecho, L50, M|
|poke|p2|Altaria, L50, F|
|poke|p2|Sableye, L50, F|
|poke|p2|Heliolisk, L50, F|
|poke|p2|Quaquaval, L50, M|
|poke|p2|Mr. Rime, L50, F|
|teampreview|4
|showteam|p1|Dragonite||LumBerry|Multiscale|DragonClaw,FirePunch,ExtremeSpeed,Protect|Adamant||F|||50|]Toxicroak||FocusSash|PoisonTouch|CloseCombat,PoisonJab,FakeOut,Coaching|Jolly||F|||50|]Vivillon||ChoiceScarf|CompoundEyes|Hurricane,Tailwind,RagePowder,SleepPowder|Timid||F|||50|]Blastoise||Blastoisinite|Torrent|WaterSpout,AuraSphere,ShellSmash,Protect|Modest||M|||50|]Heliolisk||LifeOrb|SolarPower|Thunderbolt,WeatherBall,Electroweb,Protect|Timid||M|||50|]Sableye||LightClay|Prankster|Encore,Disable,LightScreen,Reflect|Bold||M|||50|
|showteam|p2|Chimecho||Chimechite|Levitate|CalmMind,Recover,Psyshock,FlashCannon|Bold||M|||50|]Altaria||SitrusBerry|CloudNine|WillOWisp,Tailwind,Acrobatics,Protect|Impish||F|||50|]Sableye||LightClay|Prankster|SkillSwap,Reflect,LightScreen,FoulPlay|Bold||F|||50|]Heliolisk||ChoiceScarf|DrySkin|HyperVoice,VoltSwitch,Electroweb,Thunderbolt|Timid||F|||50|]Quaquaval||LifeOrb|Moxie|AquaStep,CloseCombat,TripleAxel,Protect|Jolly||M|||50|]Mr. Rime||NeverMeltIce|ScreenCleaner|FakeOut,FreezeDry,Taunt,Protect|Modest||F|||50|
|
|t:|1786069031
|teamsize|p1|4
|teamsize|p2|4
|start
|switch|p1a: Blastoise|Blastoise, L50, M|100/100
|switch|p1b: Vivillon|Vivillon, L50, F|100/100
|switch|p2a: Altaria|Altaria, L50, F|100/100
|switch|p2b: Quaquaval|Quaquaval, L50, M|100/100
|-ability|p2a: Altaria|Cloud Nine
|turn|1
|
|t:|1786069049
|detailschange|p1a: Blastoise|Blastoise-Mega, L50, M
|-mega|p1a: Blastoise|Blastoise|Blastoisinite
|move|p1b: Vivillon|Sleep Powder|p2a: Altaria
|-status|p2a: Altaria|slp|[from] move: Sleep Powder
|move|p2b: Quaquaval|Triple Axel|p1b: Vivillon
|-supereffective|p1b: Vivillon|1
|-damage|p1b: Vivillon|66/100
|-supereffective|p1b: Vivillon|1
|-damage|p1b: Vivillon|3/100
|-hitcount|p1b: Vivillon|2
|-damage|p2b: Quaquaval|90/100|[from] item: Life Orb
|move|p1a: Blastoise|Shell Smash|p1a: Blastoise
|-unboost|p1a: Blastoise|def|1
|-unboost|p1a: Blastoise|spd|1
|-boost|p1a: Blastoise|atk|2
|-boost|p1a: Blastoise|spa|2
|-boost|p1a: Blastoise|spe|2
|cant|p2a: Altaria|slp
|
|upkeep
|turn|2
|
|t:|1786069077
|move|p2b: Quaquaval|Protect|p2b: Quaquaval
|-singleturn|p2b: Quaquaval|Protect
|move|p1a: Blastoise|Water Spout|p2a: Altaria|[spread] p2a
|-activate|p2b: Quaquaval|move: Protect
|-resisted|p2a: Altaria|1
|-damage|p2a: Altaria|45/100 slp
|-enditem|p2a: Altaria|Sitrus Berry|[eat]
|-heal|p2a: Altaria|69/100 slp|[from] item: Sitrus Berry
|move|p1b: Vivillon|Sleep Powder|p2b: Quaquaval
|-activate|p2b: Quaquaval|move: Protect
|-curestatus|p2a: Altaria|slp|[msg]
|move|p2a: Altaria|Acrobatics|p1b: Vivillon
|-supereffective|p1b: Vivillon|1
|-damage|p1b: Vivillon|0 fnt
|faint|p1b: Vivillon
|
|upkeep
|
|t:|1786069096
|switch|p1b: Toxicroak|Toxicroak, L50, F|100/100
|turn|3
|
|t:|1786069113
|move|p2a: Altaria|Protect|p2a: Altaria
|-singleturn|p2a: Altaria|Protect
|move|p1b: Toxicroak|Fake Out|p2a: Altaria
|-activate|p2a: Altaria|move: Protect
|move|p1a: Blastoise|Water Spout|p2b: Quaquaval|[spread] p2b
|-activate|p2a: Altaria|move: Protect
|-resisted|p2b: Quaquaval|1
|-damage|p2b: Quaquaval|6/100
|move|p2b: Quaquaval|Aqua Step|p1b: Toxicroak
|-damage|p1b: Toxicroak|15/100
|-boost|p2b: Quaquaval|spe|1
|-damage|p2b: Quaquaval|0 fnt|[from] item: Life Orb
|faint|p2b: Quaquaval
|
|upkeep
|
|t:|1786069120
|switch|p2b: Heliolisk|Heliolisk, L50, F|100/100
|turn|4
|
|t:|1786069136
|switch|p1b: Sableye|Sableye, L50, M|100/100
|move|p1a: Blastoise|Protect|p1a: Blastoise
|-singleturn|p1a: Blastoise|Protect
|move|p2b: Heliolisk|Electroweb|p1b: Sableye|[spread] p1b
|-activate|p1a: Blastoise|move: Protect
|-damage|p1b: Sableye|67/100
|-unboost|p1b: Sableye|spe|1
|move|p2a: Altaria|Acrobatics|p1b: Sableye
|-damage|p1b: Sableye|35/100
|
|upkeep
|turn|5
|
|t:|1786069179
|switch|p2b: Mr. Rime|Mr. Rime, L50, F|100/100
|move|p1b: Sableye|Disable||[still]
|-fail|p1b: Sableye
|move|p1a: Blastoise|Water Spout|p2b: Mr. Rime|[spread] p2a,p2b
|-resisted|p2a: Altaria|1
|-damage|p2a: Altaria|9/100
|-damage|p2b: Mr. Rime|0 fnt
|faint|p2b: Mr. Rime
|move|p2a: Altaria|Tailwind|p2a: Altaria
|-sidestart|p2: airslashesfolante|move: Tailwind
|
|upkeep
|
|t:|1786069187
|switch|p2b: Heliolisk|Heliolisk, L50, F|100/100
|turn|6
|
|t:|1786069197
|switch|p1b: Toxicroak|Toxicroak, L50, F|15/100
|move|p1a: Blastoise|Protect|p1a: Blastoise
|-singleturn|p1a: Blastoise|Protect
|move|p2b: Heliolisk|Thunderbolt|p1a: Blastoise
|-activate|p1a: Blastoise|move: Protect
|move|p2a: Altaria|Acrobatics|p1b: Toxicroak
|-supereffective|p1b: Toxicroak|1
|-damage|p1b: Toxicroak|0 fnt
|faint|p1b: Toxicroak
|
|upkeep
|
|t:|1786069206
|switch|p1b: Sableye|Sableye, L50, M|35/100
|turn|7
|
|t:|1786069230
|move|p1b: Sableye|Disable|p2b: Heliolisk
|-start|p2b: Heliolisk|Disable|Thunderbolt
|cant|p2b: Heliolisk|Disable|Thunderbolt
|move|p1a: Blastoise|Water Spout|p2b: Heliolisk|[spread] p2a
|-immune|p2b: Heliolisk|[from] ability: Dry Skin
|-resisted|p2a: Altaria|1
|-damage|p2a: Altaria|0 fnt
|faint|p2a: Altaria
|
|upkeep
|turn|8
|
|t:|1786069243
|move|p1b: Sableye|Encore|p2b: Heliolisk
|-start|p2b: Heliolisk|Encore
|cant|p2b: Heliolisk|Disable|Thunderbolt
|move|p1a: Blastoise|Aura Sphere|p2b: Heliolisk
|-supereffective|p2b: Heliolisk|1
|-damage|p2b: Heliolisk|0 fnt
|faint|p2b: Heliolisk
|
|win|GustaEiras
||GustaEiras is ready for game 2.
||airslashesfolante is ready for game 2.
|uhtml|next|Next: Game 2 of 3
