|j|☆natsukivgc
|j|☆harlow18
|html|natsukivgcharlow18    
|uhtml|bestof|Game 3 of a best-of-3
|t:|1786027212
|gametype|doubles
|player|p1|natsukivgc|101|1164
|player|p2|harlow18|169|1040
|gen|9
|tier|[Gen 9 Champions] VGC 2026 Reg M-B (Bo3)
|rated|
|rule|Species Clause: Limit one of each Pokémon
|rule|Item Clause: Limit 1 of each item
|clearpoke
|poke|p1|Garchomp, L50, F|
|poke|p1|Venusaur, L50, M|
|poke|p1|Incineroar, L50, M|
|poke|p1|Charizard, L50, F|
|poke|p1|Toxapex, L50, F|
|poke|p1|Annihilape, L50, F|
|poke|p2|Raichu, L50, M|
|poke|p2|Chandelure, L50, F|
|poke|p2|Overqwil, L50, F|
|poke|p2|Luxray, L50, M|
|poke|p2|Hydreigon, L50, F|
|poke|p2|Primarina, L50, M|
|teampreview|4
|showteam|p1|Garchomp||ChoiceScarf|RoughSkin|Earthquake,DragonClaw,StompingTantrum,RockSlide|Adamant||F|||50|]Venusaur||LifeOrb|Chlorophyll|SolarBeam,SludgeBomb,EarthPower,Protect|Modest||M|||50|]Incineroar||SitrusBerry|Intimidate|FlareBlitz,ThroatChop,FakeOut,PartingShot|Impish||M|||50|]Charizard||CharizarditeY|Blaze|HeatWave,WeatherBall,Protect,HelpingHand|Modest||F|||50|]Toxapex||Leftovers|Regenerator|Infestation,Toxic,WideGuard,BanefulBunker|Bold||F|||50|]Annihilape||FocusSash|Defiant|CloseCombat,PhantomForce,RockTomb,Protect|Jolly||F|||50|
|showteam|p2|Raichu||RaichuniteX|Static|VoltTackle,FakeOut,BrickBreak,VoltSwitch|Jolly||M|||50|]Chandelure||Chandelurite|FlashFire|HeatWave,ShadowBall,Protect,Taunt|Timid||F|||50|]Overqwil||Leftovers|Intimidate|FellStinger,Crunch,GunkShot,Protect|Adamant||F|||50|]Luxray||QuickClaw|Intimidate|SupercellSlam,PlayRough,ThroatChop,Protect|Adamant||M|||50|]Hydreigon||DragonFang|Levitate|EarthPower,DarkPulse,DragonPulse,Tailwind|Timid||F|||50|]Primarina||SitrusBerry|Torrent|Moonblast,HydroPump,CalmMind,Protect|Modest||M|||50|
|inactive|Battle timer is ON: inactive players will automatically lose when time's up. (requested by harlow18)
|
|t:|1786027240
|teamsize|p1|4
|teamsize|p2|4
|start
|switch|p1a: Incineroar|Incineroar, L50, M|100/100
|switch|p1b: Charizard|Charizard, L50, F|100/100
|switch|p2a: Chandelure|Chandelure, L50, F|100/100
|switch|p2b: Hydreigon|Hydreigon, L50, F|100/100
|-ability|p1a: Incineroar|Intimidate|boost
|-unboost|p2a: Chandelure|atk|1
|-unboost|p2b: Hydreigon|atk|1
|turn|1
|inactive|natsukivgc has 30 seconds left.
|inactive|harlow18 has 30 seconds left.
|
|t:|1786027274
|detailschange|p1b: Charizard|Charizard-Mega-Y, L50, F
|-mega|p1b: Charizard|Charizard|Charizardite Y
|-weather|SunnyDay|[from] ability: Drought|[of] p1b: Charizard
|move|p2b: Hydreigon|Tailwind|p2b: Hydreigon
|-sidestart|p2: harlow18|move: Tailwind
|move|p2a: Chandelure|Shadow Ball|p1b: Charizard
|-damage|p1b: Charizard|64/100
|move|p1b: Charizard|Heat Wave|p2a: Chandelure|[spread] p2b
|-start|p2a: Chandelure|ability: Flash Fire
|-resisted|p2b: Hydreigon|1
|-damage|p2b: Hydreigon|62/100
|move|p1a: Incineroar|Throat Chop|p2a: Chandelure
|-supereffective|p2a: Chandelure|1
|-damage|p2a: Chandelure|12/100
|-start|p2a: Chandelure|Throat Chop|[silent]
|
|-weather|SunnyDay|[upkeep]
|upkeep
|turn|2
|inactive|natsukivgc has 30 seconds left.
|inactive|natsukivgc has 20 seconds left.
|inactive|natsukivgc has 15 seconds left.
|inactive|natsukivgc has 10 seconds left.
|
|t:|1786027323
|-end|p2a: Chandelure|ability: Flash Fire|[silent]
|switch|p2a: Luxray|Luxray, L50, M|100/100
|-ability|p2a: Luxray|Intimidate|boost
|-unboost|p1a: Incineroar|atk|1
|-unboost|p1b: Charizard|atk|1
|move|p1b: Charizard|Protect|p1b: Charizard
|-singleturn|p1b: Charizard|Protect
|move|p2b: Hydreigon|Earth Power|p1a: Incineroar
|-supereffective|p1a: Incineroar|1
|-damage|p1a: Incineroar|46/100
|-enditem|p1a: Incineroar|Sitrus Berry|[eat]
|-heal|p1a: Incineroar|71/100|[from] item: Sitrus Berry
|move|p1a: Incineroar|Throat Chop|p2a: Luxray
|-damage|p2a: Luxray|73/100
|-start|p2a: Luxray|Throat Chop|[silent]
|
|-weather|SunnyDay|[upkeep]
|upkeep
|turn|3
|inactive|natsukivgc has 30 seconds left.
|
|t:|1786027353
|switch|p1b: Venusaur|Venusaur, L50, M|100/100
|switch|p1a: Toxapex|Toxapex, L50, F|100/100
|move|p2b: Hydreigon|Earth Power|p1a: Toxapex
|-supereffective|p1a: Toxapex|1
|-damage|p1a: Toxapex|49/100
|move|p2a: Luxray|Supercell Slam|p1b: Venusaur
|-resisted|p1b: Venusaur|1
|-damage|p1b: Venusaur|68/100
|
|-weather|SunnyDay|[upkeep]
|-heal|p1a: Toxapex|54/100|[from] item: Leftovers
|-end|p2a: Luxray|Throat Chop|[silent]
|upkeep
|turn|4
|inactive|natsukivgc has 30 seconds left.
|
|t:|1786027386
|switch|p2a: Chandelure|Chandelure, L50, F|12/100
|-heal|p1a: Toxapex|87/100|[from] ability: Regenerator|[silent]
|switch|p1a: Incineroar|Incineroar, L50, M|71/100
|-ability|p1a: Incineroar|Intimidate|boost
|-unboost|p2a: Chandelure|atk|1
|-unboost|p2b: Hydreigon|atk|1
|move|p2b: Hydreigon|Earth Power|p1b: Venusaur
|-damage|p1b: Venusaur|36/100
|move|p1b: Venusaur|Sludge Bomb|p2b: Hydreigon
|-damage|p2b: Hydreigon|0 fnt
|faint|p2b: Hydreigon
|-damage|p1b: Venusaur|27/100|[from] item: Life Orb
|
|-weather|SunnyDay|[upkeep]
|-sideend|p2: harlow18|move: Tailwind
|upkeep
|
|t:|1786027403
|switch|p2b: Luxray|Luxray, L50, M|73/100
|-ability|p2b: Luxray|Intimidate|boost
|-unboost|p1a: Incineroar|atk|1
|-unboost|p1b: Venusaur|atk|1
|turn|5
|-activate|p2b: Luxray|item: Quick Claw
|
|t:|1786027421
|detailschange|p2a: Chandelure|Chandelure-Mega, L50, F
|-mega|p2a: Chandelure|Chandelure|Chandelurite
|move|p2a: Chandelure|Protect|p2a: Chandelure
|-singleturn|p2a: Chandelure|Protect
|move|p1a: Incineroar|Fake Out|p2b: Luxray
|-damage|p2b: Luxray|64/100
|cant|p2b: Luxray|flinch
|move|p1b: Venusaur|Sludge Bomb|p2a: Chandelure
|-activate|p2a: Chandelure|move: Protect
|
|-weather|none
|upkeep
|turn|6
|inactive|harlow18 has 30 seconds left.
|-activate|p2b: Luxray|item: Quick Claw
|
|t:|1786027447
|switch|p2a: Primarina|Primarina, L50, M|100/100
|switch|p1a: Charizard|Charizard-Mega-Y, L50, F|64/100
|-weather|SunnyDay|[from] ability: Drought|[of] p1a: Charizard
|move|p2b: Luxray|Supercell Slam|p1a: Charizard
|-supereffective|p1a: Charizard|1
|-damage|p1a: Charizard|0 fnt
|faint|p1a: Charizard
|move|p1b: Venusaur|Sludge Bomb|p2a: Primarina
|-supereffective|p2a: Primarina|1
|-damage|p2a: Primarina|0 fnt
|faint|p2a: Primarina
|-damage|p1b: Venusaur|17/100|[from] item: Life Orb
|
|-weather|SunnyDay|[upkeep]
|upkeep
|inactive|natsukivgc has 30 seconds left.
|
|t:|1786027475
|switch|p1a: Incineroar|Incineroar, L50, M|71/100
|switch|p2a: Chandelure|Chandelure-Mega, L50, F|12/100
|-ability|p1a: Incineroar|Intimidate|boost
|-unboost|p2a: Chandelure|atk|1
|-unboost|p2b: Luxray|atk|1
|turn|7
|-activate|p2b: Luxray|item: Quick Claw
|
|t:|1786027500
|move|p2b: Luxray|Protect|p2b: Luxray
|-singleturn|p2b: Luxray|Protect
|move|p1a: Incineroar|Fake Out|p2b: Luxray
|-activate|p2b: Luxray|move: Protect
|move|p1b: Venusaur|Earth Power|p2a: Chandelure
|-supereffective|p2a: Chandelure|1
|-damage|p2a: Chandelure|0 fnt
|faint|p2a: Chandelure
|-damage|p1b: Venusaur|8/100|[from] item: Life Orb
|
|-weather|SunnyDay|[upkeep]
|upkeep
|turn|8
|l|☆harlow18
|inactive|harlow18 disconnected and has a minute to reconnect!
|player|p2|
|inactive|harlow18 has 30 seconds left.
|inactive|harlow18 has 20 seconds left.
|inactive|harlow18 has 15 seconds left.
|inactive|harlow18 has 10 seconds left.
|inactive|harlow18 has 5 seconds left.
|-message|harlow18 lost due to inactivity.
|
|win|natsukivgc
|raw|natsukivgc's rating: 1164 → 1180(+16 for winning)
|raw|harlow18's rating: 1040 → 1029(-11 for losing)
