|j|☆crozx22
|j|☆genaro2021
|html|crozx22genaro2021    
|uhtml|bestof|Game 1 of a best-of-3
|t:|1757651941
|gametype|doubles
|player|p1|crozx22|cheren-gen5bw2|
|player|p2|genaro2021|red|
|gen|9
|tier|[Gen 9] VGC 2025 Reg H (Bo3)
|rule|Species Clause: Limit one of each Pokémon
|rule|Item Clause: Limit 1 of each item
|clearpoke
|poke|p1|Vikavolt, L50, M|
|poke|p1|Farigiraf, L50, F|
|poke|p1|Mamoswine, L50, M|
|poke|p1|Frosmoth, L50, F|
|poke|p1|Ninetales-Alola, L50, F|
|poke|p1|Weezing-Galar, L50, F|
|poke|p2|Sneasler, L50, F|
|poke|p2|Dragapult, L50, F|
|poke|p2|Dondozo, L50, F|
|poke|p2|Rillaboom, L50, F|
|poke|p2|Volcarona, L50, F|
|poke|p2|Electabuzz, L50, F|
|teampreview|4
|showteam|p1|Vikavolt||CovertCloak|Levitate|ElectricTerrain,Guillotine,Thunderbolt,Protect|||M|||50|,,,,,Electric]Farigiraf||SafetyGoggles|ArmorTail|ChargeBeam,TwinBeam,Protect,Reflect|||F|||50|,,,,,Flying]Mamoswine||LoadedDice|ThickFat|IcicleSpear,RockBlast,Protect,HighHorsepower|||M|||50|,,,,,Grass]Frosmoth||MirrorHerb|IceScales|QuiverDance,Protect,Blizzard,TeraBlast|||F|||50|,,,,,Fairy]Ninetales-Alola||SitrusBerry|SnowWarning|AuroraVeil,Protect,FreezeDry,Moonblast|||F|||50|,,,,,Fairy]Weezing-Galar||Leftovers|NeutralizingGas|SludgeBomb,StrangeSteam,HeatWave,Protect|||F|||50|,,,,,Flying
|showteam|p2|Sneasler||FocusSash|PoisonTouch|FakeOut,DireClaw,CloseCombat,Protect|||F|||50|,,,,,Ghost]Dragapult||ChoiceBand|ClearBody|DragonDarts,PhantomForce,Uturn,Outrage|||F|||50|,,,,,Dragon]Dondozo||Leftovers|Unaware|WaveCrash,Yawn,Fissure,Protect|||F|||50|,,,,,Poison]Rillaboom||AssaultVest|GrassySurge|FakeOut,WoodHammer,Uturn,HighHorsepower|||F|||50|,,,,,Fire]Volcarona||CovertCloak|FlameBody|HeatWave,QuiverDance,TeraBlast,Protect|||F|||50|,,,,,Fairy]Electabuzz||Eviolite|VitalSpirit|Thunderbolt,FollowMe,Taunt,Protect|||F|||50|,,,,,Ghost
|
|t:|1757651964
|teamsize|p1|4
|teamsize|p2|4
|start
|switch|p1a: Ninetales|Ninetales-Alola, L50, F|100/100
|switch|p1b: Farigiraf|Farigiraf, L50, F|100/100
|switch|p2a: Dragapult|Dragapult, L50, F|100/100
|switch|p2b: Sneasler|Sneasler, L50, F|100/100
|-weather|Snowscape|[from] ability: Snow Warning|[of] p1a: Ninetales
|turn|1
|
|t:|1757651999
|move|p2a: Dragapult|Dragon Darts|p1b: Farigiraf
|-damage|p1b: Farigiraf|63/100
|-anim|p2a: Dragapult|Dragon Darts|p1b: Farigiraf
|-damage|p1b: Farigiraf|23/100
|move|p2b: Sneasler|Dire Claw|p1a: Ninetales
|-supereffective|p1a: Ninetales
|-crit|p1a: Ninetales
|-damage|p1a: Ninetales|0 fnt
|faint|p1a: Ninetales
|move|p1b: Farigiraf|Reflect|p1b: Farigiraf
|-sidestart|p1: crozx22|Reflect
|
|-weather|Snowscape|[upkeep]
|upkeep
|
|t:|1757652017
|switch|p1a: Vikavolt|Vikavolt, L50, M|100/100
|turn|2
|
|t:|1757652049
|-terastallize|p1a: Vikavolt|Electric
|move|p2a: Dragapult|Dragon Darts|p1b: Farigiraf
|-damage|p1b: Farigiraf|0 fnt
|-anim|p2a: Dragapult|Dragon Darts|p1a: Vikavolt
|-damage|p1a: Vikavolt|72/100
|faint|p1b: Farigiraf
|move|p2b: Sneasler|Dire Claw|p1a: Vikavolt
|-damage|p1a: Vikavolt|44/100
|move|p1a: Vikavolt|Thunderbolt|p2a: Dragapult
|-resisted|p2a: Dragapult
|-damage|p2a: Dragapult|52/100
|
|-weather|Snowscape|[upkeep]
|upkeep
|
|t:|1757652063
|switch|p1b: Mamoswine|Mamoswine, L50, M|100/100
|turn|3
|
|t:|1757652082
|move|p2a: Dragapult|Dragon Darts|p1a: Vikavolt
|-damage|p1a: Vikavolt|15/100
|-anim|p2a: Dragapult|Dragon Darts|p1b: Mamoswine
|-damage|p1b: Mamoswine|83/100
|move|p2b: Sneasler|Close Combat|p1b: Mamoswine
|-supereffective|p1b: Mamoswine
|-damage|p1b: Mamoswine|33/100
|-unboost|p2b: Sneasler|def|1
|-unboost|p2b: Sneasler|spd|1
|move|p1b: Mamoswine|Icicle Spear|p2a: Dragapult
|-supereffective|p2a: Dragapult
|-damage|p2a: Dragapult|14/100
|-supereffective|p2a: Dragapult
|-damage|p2a: Dragapult|0 fnt
|faint|p2a: Dragapult
|-hitcount|p2: Dragapult|2
|move|p1a: Vikavolt|Guillotine|p2b: Sneasler
|-enditem|p2b: Sneasler|Focus Sash
|-damage|p2b: Sneasler|1/100
|
|-weather|Snowscape|[upkeep]
|upkeep
|
|t:|1757652106
|switch|p2a: Volcarona|Volcarona, L50, F|100/100
|turn|4
|
|t:|1757652120
|move|p1b: Mamoswine|Protect|p1b: Mamoswine
|-singleturn|p1b: Mamoswine|Protect
|move|p2b: Sneasler|Dire Claw|p1b: Mamoswine
|-activate|p1b: Mamoswine|move: Protect
|move|p2a: Volcarona|Heat Wave|p1a: Vikavolt|[spread] p1a
|-activate|p1b: Mamoswine|move: Protect
|-damage|p1a: Vikavolt|0 fnt
|faint|p1a: Vikavolt
|
|-weather|Snowscape|[upkeep]
|upkeep
|turn|5
|
|t:|1757652136
|move|p2b: Sneasler|Close Combat|p1b: Mamoswine
|-supereffective|p1b: Mamoswine
|-damage|p1b: Mamoswine|0 fnt
|-unboost|p2b: Sneasler|def|1
|-unboost|p2b: Sneasler|spd|1
|faint|p1b: Mamoswine
|
|win|genaro2021
|inactive|crozx22 has 30 seconds to confirm battle start!
|inactive|genaro2021 has 30 seconds to confirm battle start!
||genaro2021 is ready for game 2.
||crozx22 is ready for game 2.
|uhtml|next|Next: Game 2 of 3
