|j|☆browe
|j|☆STEFANO CALDAIA
|html|broweSTEFANO CALDAIA    
|uhtml|bestof|Game 2 of a best-of-3
|t:|1755365077
|gametype|doubles
|player|p1|browe|shadowtriad|1168
|player|p2|STEFANO CALDAIA|lusamine|1221
|gen|9
|tier|[Gen 9] VGC 2025 Reg H (Bo3)
|rated|
|rule|Species Clause: Limit one of each Pokémon
|rule|Item Clause: Limit 1 of each item
|clearpoke
|poke|p1|Ninetales-Alola, L50, F|
|poke|p1|Gholdengo, L50|
|poke|p1|Rillaboom, L50, F|
|poke|p1|Volcarona, L50, F|
|poke|p1|Baxcalibur, L50, M|
|poke|p1|Tauros-Paldea-Aqua, L50, M|
|poke|p2|Dragonite, L50, M|
|poke|p2|Incineroar, L50, M|
|poke|p2|Sneasler, L50, F|
|poke|p2|Rillaboom, L50, M|
|poke|p2|Electabuzz, L50, M|
|poke|p2|Sylveon, L50, F|
|teampreview|4
|showteam|p1|Ninetales-Alola||LightClay|SnowWarning|Blizzard,IcyWind,AuroraVeil,Moonblast|||F|||50|,,,,,Ghost]Gholdengo||Leftovers|GoodasGold|MakeItRain,ShadowBall,NastyPlot,Protect||||||50|,,,,,Dragon]Rillaboom||AssaultVest|GrassySurge|FakeOut,WoodHammer,GrassyGlide,Uturn|||F|||50|,,,,,Fire]Volcarona||SitrusBerry|FlameBody|HeatWave,GigaDrain,QuiverDance,Protect|||F|||50|,,,,,Grass]Baxcalibur||ClearAmulet|ThermalExchange|IcicleCrash,GlaiveRush,IceShard,Protect|||M|||50|,,,,,Water]Tauros-Paldea-Aqua||MirrorHerb|Intimidate|RagingBull,CloseCombat,AquaJet,Protect|||M|||50|,,,,,Grass
|showteam|p2|Dragonite||LoadedDice|Multiscale|ScaleShot,Protect,Haze,Tailwind|||M|||50|,,,,,Fairy]Incineroar||SafetyGoggles|Intimidate|FakeOut,KnockOff,FlareBlitz,PartingShot|||M|||50|,,,,,Ghost]Sneasler||FocusSash|Unburden|CloseCombat,DireClaw,Protect,FakeOut|||F|||50|,,,,,Stellar]Rillaboom||AssaultVest|GrassySurge|GrassyGlide,FakeOut,WoodHammer,Uturn|||M|||50|,,,,,Fire]Electabuzz||Eviolite|VitalSpirit|FollowMe,Protect,Electroweb,EerieImpulse|||M|||50|,,,,,Ghost]Sylveon||PixiePlate|Pixilate|HyperVoice,TeraBlast,CalmMind,Protect|||F|||50|,,,,,Water
|inactive|Battle timer is ON: inactive players will automatically lose when time's up. (requested by STEFANO CALDAIA)
|
|t:|1755365096
|teamsize|p1|4
|teamsize|p2|4
|start
|switch|p1a: Ninetales|Ninetales-Alola, L50, F|100/100
|switch|p1b: Gholdengo|Gholdengo, L50|100/100
|switch|p2a: Electabuzz|Electabuzz, L50, M|100/100
|switch|p2b: Sylveon|Sylveon, L50, F|100/100
|-weather|Snowscape|[from] ability: Snow Warning|[of] p1a: Ninetales
|turn|1
|
|t:|1755365108
|-terastallize|p2b: Sylveon|Water
|move|p1a: Ninetales|Aurora Veil|p1a: Ninetales
|-sidestart|p1: browe|move: Aurora Veil
|move|p1b: Gholdengo|Nasty Plot|p1b: Gholdengo
|-boost|p1b: Gholdengo|spa|2
|move|p2a: Electabuzz|Electroweb|p1b: Gholdengo|[spread] p1a,p1b
|-crit|p1b: Gholdengo
|-damage|p1a: Ninetales|91/100
|-damage|p1b: Gholdengo|81/100
|-unboost|p1a: Ninetales|spe|1
|-unboost|p1b: Gholdengo|spe|1
|move|p2b: Sylveon|Calm Mind|p2b: Sylveon
|-boost|p2b: Sylveon|spa|1
|-boost|p2b: Sylveon|spd|1
|
|-weather|Snowscape|[upkeep]
|-heal|p1b: Gholdengo|87/100|[from] item: Leftovers
|upkeep
|turn|2
|
|t:|1755365132
|move|p2a: Electabuzz|Electroweb|p1b: Gholdengo|[spread] p1b
|-miss|p2a: Electabuzz|p1a: Ninetales
|-damage|p1b: Gholdengo|79/100
|-unboost|p1b: Gholdengo|spe|1
|move|p1a: Ninetales|Blizzard|p2a: Electabuzz|[spread] p2a,p2b
|-resisted|p2b: Sylveon
|-damage|p2a: Electabuzz|81/100
|-damage|p2b: Sylveon|95/100
|move|p2b: Sylveon|Calm Mind|p2b: Sylveon
|-boost|p2b: Sylveon|spa|1
|-boost|p2b: Sylveon|spd|1
|move|p1b: Gholdengo|Make It Rain|p2a: Electabuzz|[spread] p2a,p2b
|-resisted|p2a: Electabuzz
|-resisted|p2b: Sylveon
|-damage|p2a: Electabuzz|43/100
|-damage|p2b: Sylveon|77/100
|-unboost|p1b: Gholdengo|spa|1
|
|-weather|Snowscape|[upkeep]
|-heal|p1b: Gholdengo|85/100|[from] item: Leftovers
|upkeep
|turn|3
|inactive|browe has 30 seconds left.
|
|t:|1755365161
|switch|p2a: Incineroar|Incineroar, L50, M|100/100
|-ability|p2a: Incineroar|Intimidate|boost
|-unboost|p1a: Ninetales|atk|1
|-unboost|p1b: Gholdengo|atk|1
|move|p1a: Ninetales|Blizzard|p2b: Sylveon|[spread] p2a,p2b
|-resisted|p2a: Incineroar
|-resisted|p2b: Sylveon
|-damage|p2a: Incineroar|91/100
|-damage|p2b: Sylveon|73/100
|move|p2b: Sylveon|Hyper Voice|p1b: Gholdengo|[spread] p1a,p1b
|-resisted|p1b: Gholdengo
|-damage|p1a: Ninetales|29/100
|-damage|p1b: Gholdengo|52/100
|move|p1b: Gholdengo|Make It Rain|p2b: Sylveon|[spread] p2a,p2b
|-resisted|p2a: Incineroar
|-resisted|p2b: Sylveon
|-damage|p2a: Incineroar|62/100
|-damage|p2b: Sylveon|61/100
|-unboost|p1b: Gholdengo|spa|1
|
|-weather|Snowscape|[upkeep]
|-heal|p1b: Gholdengo|58/100|[from] item: Leftovers
|upkeep
|turn|4
|
|t:|1755365182
|switch|p1b: Tauros|Tauros-Paldea-Aqua, L50, M|100/100
|-ability|p1b: Tauros|Intimidate|boost
|-unboost|p2a: Incineroar|atk|1
|-unboost|p2b: Sylveon|atk|1
|move|p1a: Ninetales|Blizzard|p2a: Incineroar|[spread] p2a,p2b
|-resisted|p2a: Incineroar
|-resisted|p2b: Sylveon
|-damage|p2a: Incineroar|51/100
|-damage|p2b: Sylveon|57/100
|-status|p2a: Incineroar|frz
|move|p2b: Sylveon|Hyper Voice|p1b: Tauros|[spread] p1a,p1b
|-supereffective|p1b: Tauros
|-damage|p1a: Ninetales|0 fnt
|-damage|p1b: Tauros|0 fnt
|faint|p1a: Ninetales
|faint|p1b: Tauros
|-curestatus|p2a: Incineroar|frz|[msg]
|move|p2a: Incineroar|Parting Shot|p1: Ninetales|[notarget]
|-fail|p2a: Incineroar
|
|-weather|Snowscape|[upkeep]
|upkeep
|
|t:|1755365193
|switch|p1a: Baxcalibur|Baxcalibur, L50, M|100/100
|switch|p1b: Gholdengo|Gholdengo, L50|58/100
|turn|5
|
|t:|1755365209
|switch|p2a: Rillaboom|Rillaboom, L50, M|100/100
|-fieldstart|move: Grassy Terrain|[from] ability: Grassy Surge|[of] p2a: Rillaboom
|-terastallize|p1a: Baxcalibur|Water
|move|p2b: Sylveon|Protect|p2b: Sylveon
|-singleturn|p2b: Sylveon|Protect
|move|p1b: Gholdengo|Nasty Plot|p1b: Gholdengo
|-boost|p1b: Gholdengo|spa|2
|move|p1a: Baxcalibur|Glaive Rush|p2b: Sylveon
|-activate|p2b: Sylveon|move: Protect
|
|-weather|none
|-heal|p1b: Gholdengo|65/100|[from] Grassy Terrain
|-heal|p1b: Gholdengo|71/100|[from] item: Leftovers
|-heal|p2b: Sylveon|63/100|[from] Grassy Terrain
|upkeep
|turn|6
|
|t:|1755365224
|move|p1b: Gholdengo|Protect|p1b: Gholdengo
|-singleturn|p1b: Gholdengo|Protect
|move|p1a: Baxcalibur|Protect|p1a: Baxcalibur
|-singleturn|p1a: Baxcalibur|Protect
|move|p2a: Rillaboom|Fake Out|p1a: Baxcalibur
|-activate|p1a: Baxcalibur|move: Protect
|move|p2b: Sylveon|Hyper Voice|p1a: Baxcalibur|[spread] 
|-activate|p1a: Baxcalibur|move: Protect
|-activate|p1b: Gholdengo|move: Protect
|
|-heal|p1b: Gholdengo|77/100|[from] Grassy Terrain
|-heal|p1b: Gholdengo|83/100|[from] item: Leftovers
|-heal|p2b: Sylveon|69/100|[from] Grassy Terrain
|upkeep
|turn|7
|
|t:|1755365239
|move|p2b: Sylveon|Protect|p2b: Sylveon
|-singleturn|p2b: Sylveon|Protect
|move|p2a: Rillaboom|Grassy Glide|p1a: Baxcalibur
|-supereffective|p1a: Baxcalibur
|-damage|p1a: Baxcalibur|60/100
|move|p1b: Gholdengo|Shadow Ball|p2a: Rillaboom
|-damage|p2a: Rillaboom|44/100
|move|p1a: Baxcalibur|Glaive Rush|p2b: Sylveon
|-activate|p2b: Sylveon|move: Protect
|
|-heal|p1b: Gholdengo|90/100|[from] Grassy Terrain
|-heal|p1b: Gholdengo|96/100|[from] item: Leftovers
|-heal|p1a: Baxcalibur|66/100|[from] Grassy Terrain
|-heal|p2a: Rillaboom|50/100|[from] Grassy Terrain
|-heal|p2b: Sylveon|74/100|[from] Grassy Terrain
|upkeep
|turn|8
|
|t:|1755365259
|move|p1a: Baxcalibur|Protect|p1a: Baxcalibur
|-singleturn|p1a: Baxcalibur|Protect
|move|p1b: Gholdengo|Nasty Plot|p1b: Gholdengo
|-boost|p1b: Gholdengo|spa|2
|move|p2a: Rillaboom|Wood Hammer|p1a: Baxcalibur
|-activate|p1a: Baxcalibur|move: Protect
|move|p2b: Sylveon|Hyper Voice|p1a: Baxcalibur|[spread] p1b
|-activate|p1a: Baxcalibur|move: Protect
|-resisted|p1b: Gholdengo
|-damage|p1b: Gholdengo|62/100
|
|-heal|p1b: Gholdengo|68/100|[from] Grassy Terrain
|-heal|p1b: Gholdengo|74/100|[from] item: Leftovers
|-heal|p1a: Baxcalibur|73/100|[from] Grassy Terrain
|-heal|p2a: Rillaboom|56/100|[from] Grassy Terrain
|-heal|p2b: Sylveon|80/100|[from] Grassy Terrain
|-sideend|p1: browe|move: Aurora Veil
|upkeep
|turn|9
|
|t:|1755365273
|switch|p2a: Incineroar|Incineroar, L50, M|51/100
|-ability|p2a: Incineroar|Intimidate|boost
|-fail|p1a: Baxcalibur|unboost|[from] item: Clear Amulet|[of] p1a: Baxcalibur
|-unboost|p1b: Gholdengo|atk|1
|move|p2b: Sylveon|Protect|p2b: Sylveon
|-singleturn|p2b: Sylveon|Protect
|move|p1b: Gholdengo|Shadow Ball|p2a: Incineroar
|-resisted|p2a: Incineroar
|-damage|p2a: Incineroar|2/100
|move|p1a: Baxcalibur|Glaive Rush|p2b: Sylveon
|-activate|p2b: Sylveon|move: Protect
|
|-heal|p1b: Gholdengo|81/100|[from] Grassy Terrain
|-heal|p1b: Gholdengo|87/100|[from] item: Leftovers
|-heal|p1a: Baxcalibur|79/100|[from] Grassy Terrain
|-heal|p2b: Sylveon|86/100|[from] Grassy Terrain
|-heal|p2a: Incineroar|8/100|[from] Grassy Terrain
|-fieldend|move: Grassy Terrain
|upkeep
|turn|10
|inactive|browe has 30 seconds left.
|
|t:|1755365301
|move|p1a: Baxcalibur|Protect|p1a: Baxcalibur
|-singleturn|p1a: Baxcalibur|Protect
|move|p2a: Incineroar|Fake Out|p1a: Baxcalibur
|-activate|p1a: Baxcalibur|move: Protect
|move|p1b: Gholdengo|Make It Rain|p2b: Sylveon|[spread] p2a,p2b
|-resisted|p2a: Incineroar
|-resisted|p2b: Sylveon
|-damage|p2a: Incineroar|0 fnt
|-damage|p2b: Sylveon|61/100
|-unboost|p1b: Gholdengo|spa|1
|faint|p2a: Incineroar
|move|p2b: Sylveon|Hyper Voice|p1b: Gholdengo|[spread] p1b
|-activate|p1a: Baxcalibur|move: Protect
|-resisted|p1b: Gholdengo
|-damage|p1b: Gholdengo|36/100
|
|-heal|p1b: Gholdengo|42/100|[from] item: Leftovers
|upkeep
|
|t:|1755365308
|switch|p2a: Electabuzz|Electabuzz, L50, M|43/100
|turn|11
|inactive|STEFANO CALDAIA has 30 seconds left.
|
|t:|1755365339
|move|p2a: Electabuzz|Follow Me|p2a: Electabuzz
|-singleturn|p2a: Electabuzz|move: Follow Me
|move|p1b: Gholdengo|Shadow Ball|p2a: Electabuzz
|-damage|p2a: Electabuzz|0 fnt
|faint|p2a: Electabuzz
|move|p1a: Baxcalibur|Glaive Rush|p2b: Sylveon
|-damage|p2b: Sylveon|0 fnt
|-singlemove|p1a: Baxcalibur|Glaive Rush|[silent]
|faint|p2b: Sylveon
|
|-heal|p1b: Gholdengo|48/100|[from] item: Leftovers
|upkeep
|
|t:|1755365341
|switch|p2b: Rillaboom|Rillaboom, L50, M|56/100
|-fieldstart|move: Grassy Terrain|[from] ability: Grassy Surge|[of] p2b: Rillaboom
|turn|12
|-message|STEFANO CALDAIA forfeited.
|
|win|browe
|raw|browe's rating: 1168 → 1197(+29 for winning)
|raw|STEFANO CALDAIA's rating: 1221 → 1192(-29 for losing)
|l|☆STEFANO CALDAIA
|player|p2|
