|j|☆f tenkiking
|j|☆Anicredible
|html|f tenkikingAnicredible    
|uhtml|bestof|Game 1 of a best-of-3
|t:|1756999223
|gametype|doubles
|player|p1|f tenkiking|miku-ghost|
|player|p2|Anicredible|hilbert|
|gen|9
|tier|[Gen 9] VGC 2025 Reg H (Bo3)
|rule|Species Clause: Limit one of each Pokémon
|rule|Item Clause: Limit 1 of each item
|clearpoke
|poke|p1|Dugtrio, L50, F|
|poke|p1|Electrode-Hisui, L50|
|poke|p1|Archaludon, L50, F|
|poke|p1|Dragonite, L50, F|
|poke|p1|Milotic, L50, F|
|poke|p1|Chandelure, L50, F|
|poke|p2|Annihilape, L50, F|
|poke|p2|Ursaluna-Bloodmoon, L50, M|
|poke|p2|Farigiraf, L50, M|
|poke|p2|Arcanine-Hisui, L50, M|
|poke|p2|Whimsicott, L50, M|
|poke|p2|Altaria, L50, F|
|teampreview|4
|showteam|p1|Dugtrio||FocusSash|ArenaTrap|SuckerPunch,Endeavor,Earthquake,Protect|||F|||50|,,,,,Dark]Electrode-Hisui||SharpBeak|Static|Taunt,TeraBlast,Electroweb,Protect||||||50|,,,,,Flying]Archaludon||PowerHerb|Stalwart|ElectroShot,FlashCannon,DracoMeteor,Protect|||F|||50|,,,,,Electric]Dragonite||LoadedDice|Multiscale|ScaleShot,ExtremeSpeed,LowKick,Protect|||F|||50|,,,,,Fairy]Milotic||SafetyGoggles|Competitive|Scald,Protect,IceBeam,Haze|||F|||50|,,,,,Steel]Chandelure||AirBalloon|FlashFire|HeatWave,ShadowBall,TrickRoom,Protect|||F|||50|,,,,,Grass
|showteam|p2|Annihilape||MistySeed|Defiant|Protect,BulkUp,DrainPunch,RageFist|||F|||50|,,,,,Fire]Ursaluna-Bloodmoon||LifeOrb|MindsEye|Protect,EarthPower,HyperVoice,BloodMoon|||M|||50|,,,,,Normal]Farigiraf||ThroatSpray|ArmorTail|Protect,TrickRoom,HyperVoice,Psychic|||M|||50|,,,,,Dragon]Arcanine-Hisui||ChoiceBand|Intimidate|FlareBlitz,RockSlide,ExtremeSpeed,WildCharge|||M|||50|,,,,,Grass]Whimsicott||CovertCloak|Prankster|Tailwind,MistyTerrain,Moonblast,Encore|||M|||50|,,,,,Fire]Altaria||SitrusBerry|CloudNine|Protect,Haze,Thief,HelpingHand|||F|||50|,,,,,Fairy
|inactive|Battle timer is ON: inactive players will automatically lose when time's up. (requested by Anicredible)
|c|☆Anicredible|glhf
|inactive|f tenkiking has 60 seconds left.
|
|t:|1756999254
|teamsize|p1|4
|teamsize|p2|4
|start
|switch|p1a: Electrode|Electrode-Hisui, L50|100/100
|switch|p1b: Dugtrio|Dugtrio, L50, F|100/100
|switch|p2a: Mr. Long|Farigiraf, L50, M|100/100
|switch|p2b: SupaLuna|Ursaluna-Bloodmoon, L50, M|100/100
|turn|1
|
|t:|1756999277
|-terastallize|p1a: Electrode|Flying
|move|p1a: Electrode|Taunt|p2a: Mr. Long
|-start|p2a: Mr. Long|move: Taunt
|move|p1b: Dugtrio|Earthquake|p2a: Mr. Long|[spread] p2a,p2b
|-immune|p1a: Electrode
|-damage|p2a: Mr. Long|62/100
|-damage|p2b: SupaLuna|74/100
|move|p2b: SupaLuna|Hyper Voice|p1a: Electrode|[spread] p1a,p1b
|-damage|p1a: Electrode|29/100
|-damage|p1b: Dugtrio|1/100
|-damage|p2b: SupaLuna|65/100|[from] item: Life Orb
|cant|p2a: Mr. Long|move: Taunt|Trick Room
|
|upkeep
|turn|2
|inactiveoff|Battle timer is now OFF.
|c|☆Anicredible|please gimme a min
|c|☆Anicredible|thankks for waiting
|inactive|Battle timer is ON: inactive players will automatically lose when time's up. (requested by f tenkiking)
|inactiveoff|Battle timer is now OFF.
|
|t:|1756999469
|move|p1a: Electrode|Protect|p1a: Electrode
|-singleturn|p1a: Electrode|Protect
|move|p2b: SupaLuna|Protect|p2b: SupaLuna
|-singleturn|p2b: SupaLuna|Protect
|move|p1b: Dugtrio|Earthquake|p2b: SupaLuna|[spread] p2a
|-activate|p1a: Electrode|move: Protect
|-activate|p2b: SupaLuna|move: Protect
|-damage|p2a: Mr. Long|26/100
|move|p2a: Mr. Long|Psychic|p1b: Dugtrio
|-damage|p1b: Dugtrio|0 fnt
|faint|p1b: Dugtrio
|
|upkeep
|
|t:|1756999483
|switch|p1b: Milotic|Milotic, L50, F, shiny|100/100
|turn|3
|
|t:|1756999511
|-terastallize|p2b: SupaLuna|Normal
|move|p1a: Electrode|Tera Blast|p2b: SupaLuna|[anim] Tera Blast Flying
|-crit|p2b: SupaLuna
|-damage|p2b: SupaLuna|5/100
|move|p1b: Milotic|Scald|p2b: SupaLuna
|-damage|p2b: SupaLuna|0 fnt
|faint|p2b: SupaLuna
|move|p2a: Mr. Long|Hyper Voice|p1b: Milotic|[spread] p1a,p1b
|-damage|p1a: Electrode|0 fnt
|-damage|p1b: Milotic|80/100
|faint|p1a: Electrode
|-enditem|p2a: Mr. Long|Throat Spray
|-boost|p2a: Mr. Long|spa|1|[from] item: Throat Spray
|
|-end|p2a: Mr. Long|move: Taunt
|upkeep
|
|t:|1756999524
|switch|p1a: Dragonite|Dragonite, L50, F|100/100
|switch|p2b: Cotton Bud|Whimsicott, L50, M|100/100
|turn|4
|
|t:|1756999541
|move|p2b: Cotton Bud|Tailwind|p2b: Cotton Bud
|-sidestart|p2: Anicredible|move: Tailwind
|move|p2a: Mr. Long|Hyper Voice|p1a: Dragonite|[spread] p1a,p1b
|-damage|p1a: Dragonite|79/100
|-damage|p1b: Milotic|51/100
|move|p1a: Dragonite|Scale Shot|p2a: Mr. Long
|-damage|p2a: Mr. Long|11/100
|-damage|p2a: Mr. Long|0 fnt
|faint|p2a: Mr. Long
|-hitcount|p2: Mr. Long|2
|-unboost|p1a: Dragonite|def|1
|-boost|p1a: Dragonite|spe|1
|move|p1b: Milotic|Ice Beam|p2b: Cotton Bud
|-supereffective|p2b: Cotton Bud
|-damage|p2b: Cotton Bud|27/100
|
|upkeep
|
|t:|1756999547
|switch|p2a: K9 Sweeper|Arcanine-Hisui, L50, M|100/100
|-ability|p2a: K9 Sweeper|Intimidate|boost
|-unboost|p1a: Dragonite|atk|1
|-unboost|p1b: Milotic|atk|1
|-ability|p1b: Milotic|Competitive|boost
|-boost|p1b: Milotic|spa|2
|turn|5
|
|t:|1756999561
|move|p1b: Milotic|Protect|p1b: Milotic
|-singleturn|p1b: Milotic|Protect
|move|p2b: Cotton Bud|Moonblast|p1a: Dragonite
|-supereffective|p1a: Dragonite
|-damage|p1a: Dragonite|24/100
|move|p2a: K9 Sweeper|Wild Charge|p1b: Milotic
|-activate|p1b: Milotic|move: Protect
|move|p1a: Dragonite|Scale Shot|p2a: K9 Sweeper
|-damage|p2a: K9 Sweeper|89/100
|-damage|p2a: K9 Sweeper|77/100
|-damage|p2a: K9 Sweeper|65/100
|-damage|p2a: K9 Sweeper|53/100
|-damage|p2a: K9 Sweeper|41/100
|-hitcount|p2a: K9 Sweeper|5
|-unboost|p1a: Dragonite|def|1
|-boost|p1a: Dragonite|spe|1
|
|upkeep
|turn|6
|
|t:|1756999589
|move|p1a: Dragonite|Extreme Speed|p2b: Cotton Bud
|-damage|p2b: Cotton Bud|0 fnt
|faint|p2b: Cotton Bud
|move|p2a: K9 Sweeper|Wild Charge|p1a: Dragonite
|-damage|p1a: Dragonite|0 fnt
|faint|p1a: Dragonite
|-damage|p2a: K9 Sweeper|36/100|[from] Recoil
|move|p1b: Milotic|Scald|p2a: K9 Sweeper
|-supereffective|p2a: K9 Sweeper
|-damage|p2a: K9 Sweeper|0 fnt
|faint|p2a: K9 Sweeper
|
|win|f tenkiking
