|j|☆testdigi
|j|‽mewelperro
|html|testdigimewelperro    
|uhtml|bestof|Game 3 of a best-of-3
|t:|1785177009
|gametype|doubles
|player|p1|testdigi|169|1202
|player|p2|mewelperro|1|1150
|gen|9
|tier|[Gen 9 Champions] VGC 2026 Reg M-B (Bo3)
|rated|
|rule|Species Clause: Limit one of each Pokémon
|rule|Item Clause: Limit 1 of each item
|clearpoke
|poke|p1|Raichu, L50, M|
|poke|p1|Toxapex, L50, F|
|poke|p1|Mamoswine, L50, F|
|poke|p1|Sylveon, L50, M|
|poke|p1|Corviknight, L50, F|
|poke|p1|Basculegion, L50, M|
|poke|p2|Archaludon, L50, F|
|poke|p2|Pelipper, L50, M|
|poke|p2|Grimmsnarl, L50, M|
|poke|p2|Swampert, L50, F|
|poke|p2|Talonflame, L50, F|
|poke|p2|Gardevoir, L50, M|
|teampreview|4
|showteam|p1|Raichu||RaichuniteY|LightningRod|ZapCannon,FocusBlast,FakeOut,Protect|Timid||M|||50|]Toxapex||Leftovers|Regenerator|Infestation,Toxic,WideGuard,BanefulBunker|Relaxed||F|||50|]Mamoswine||LifeOrb|Oblivious|StompingTantrum,IceShard,RockSlide,Protect|Adamant||F|||50|]Sylveon||FairyFeather|Pixilate|HyperVoice,QuickAttack,Yawn,Detect|Modest||M|||50|]Corviknight||OccaBerry|MirrorArmor|IronHead,BraveBird,Tailwind,Protect|Adamant||F|||50|]Basculegion||FocusSash|Adaptability|LastRespects,Liquidation,AquaJet,Protect|Adamant||M|||50|
|showteam|p2|Archaludon||Leftovers|Stamina|ElectroShot,AuraSphere,FlashCannon,Protect|Modest||F|||50|]Pelipper||SitrusBerry|Drizzle|HelpingHand,WeatherBall,Hurricane,WideGuard|Modest||M|||50|]Grimmsnarl||LightClay|Prankster|PartingShot,SpiritBreak,Reflect,LightScreen|Calm||M|||50|]Swampert||Swampertite|Torrent|WaveCrash,Earthquake,IcePunch,Protect|Adamant||F|||50|]Talonflame||FocusSash|GaleWings|Protect,Tailwind,RainDance,DualWingbeat|Jolly||F|||50|]Gardevoir||Gardevoirite|Synchronize|Protect,HyperVoice,Psychic,Thunderbolt|Modest||M|||50|
|
|t:|1785177038
|teamsize|p1|4
|teamsize|p2|4
|start
|switch|p1a: Corviknight|Corviknight, L50, F|100/100
|switch|p1b: Basculegion|Basculegion, L50, M|100/100
|switch|p2a: Grimmsnarl|Grimmsnarl, L50, M|100/100
|switch|p2b: Gardevoir|Gardevoir, L50, M|100/100
|turn|1
|
|t:|1785177056
|switch|p2b: Archaludon|Archaludon, L50, F|100/100
|move|p2a: Grimmsnarl|Reflect|p2a: Grimmsnarl
|-sidestart|p2: mewelperro|Reflect
|move|p1b: Basculegion|Liquidation|p2b: Archaludon
|-resisted|p2b: Archaludon|1
|-damage|p2b: Archaludon|85/100
|-unboost|p2b: Archaludon|def|1
|-ability|p2b: Archaludon|Stamina|boost
|-boost|p2b: Archaludon|def|1
|move|p1a: Corviknight|Tailwind|p1a: Corviknight
|-sidestart|p1: testdigi|move: Tailwind
|
|-heal|p2b: Archaludon|92/100|[from] item: Leftovers
|upkeep
|turn|2
|
|t:|1785177070
|switch|p1b: Raichu|Raichu, L50, M|100/100
|move|p2a: Grimmsnarl|Parting Shot|p1b: Raichu
|-unboost|p1b: Raichu|atk|1
|-unboost|p1b: Raichu|spa|1
|
|t:|1785177075
|switch|p2a: Pelipper|Pelipper, L50, M|100/100|[from] Parting Shot
|-weather|RainDance|[from] ability: Drizzle|[of] p2a: Pelipper
|move|p1a: Corviknight|Iron Head|p2a: Pelipper
|-resisted|p2a: Pelipper|1
|-damage|p2a: Pelipper|88/100
|move|p2b: Archaludon|Electro Shot||[still]
|-activate|p1b: Raichu|ability: Lightning Rod
|-prepare|p2b: Archaludon|Electro Shot
|-boost|p2b: Archaludon|spa|1
|-anim|p2b: Archaludon|Electro Shot|p1b: Raichu
|-ability|p1b: Raichu|Lightning Rod|boost
|-boost|p1b: Raichu|spa|1
|
|-weather|RainDance|[upkeep]
|-heal|p2b: Archaludon|98/100|[from] item: Leftovers
|upkeep
|turn|3
|
|t:|1785177099
|switch|p2a: Grimmsnarl|Grimmsnarl, L50, M|100/100
|move|p1b: Raichu|Fake Out|p2a: Grimmsnarl
|-damage|p2a: Grimmsnarl|96/100
|move|p1a: Corviknight|Brave Bird|p2a: Grimmsnarl
|-damage|p2a: Grimmsnarl|61/100
|-damage|p1a: Corviknight|88/100|[from] Recoil
|move|p2b: Archaludon|Electro Shot||[still]
|-activate|p1b: Raichu|ability: Lightning Rod
|-prepare|p2b: Archaludon|Electro Shot
|-boost|p2b: Archaludon|spa|1
|-anim|p2b: Archaludon|Electro Shot|p1b: Raichu
|-ability|p1b: Raichu|Lightning Rod|boost
|-boost|p1b: Raichu|spa|1
|
|-weather|RainDance|[upkeep]
|-heal|p2b: Archaludon|100/100|[from] item: Leftovers
|upkeep
|turn|4
|
|t:|1785177115
|move|p1b: Raichu|Protect|p1b: Raichu
|-singleturn|p1b: Raichu|Protect
|move|p2a: Grimmsnarl|Light Screen|p2a: Grimmsnarl
|-sidestart|p2: mewelperro|move: Light Screen
|move|p1a: Corviknight|Iron Head|p2a: Grimmsnarl
|-supereffective|p2a: Grimmsnarl|1
|-damage|p2a: Grimmsnarl|15/100
|move|p2b: Archaludon|Aura Sphere|p1b: Raichu
|-activate|p1b: Raichu|move: Protect
|
|-weather|RainDance|[upkeep]
|-sideend|p1: testdigi|move: Tailwind
|upkeep
|turn|5
|
|t:|1785177130
|detailschange|p1b: Raichu|Raichu-Mega-Y, L50, M
|-mega|p1b: Raichu|Raichu|Raichunite Y
|move|p2a: Grimmsnarl|Parting Shot|p1b: Raichu
|-unboost|p1b: Raichu|atk|1
|-unboost|p1b: Raichu|spa|1
|
|t:|1785177137
|switch|p2a: Pelipper|Pelipper, L50, M|88/100|[from] Parting Shot
|move|p1b: Raichu|Focus Blast|p2b: Archaludon
|-supereffective|p2b: Archaludon|1
|-damage|p2b: Archaludon|39/100
|-ability|p2b: Archaludon|Stamina|boost
|-boost|p2b: Archaludon|def|1
|move|p2b: Archaludon|Electro Shot||[still]
|-prepare|p2b: Archaludon|Electro Shot
|-boost|p2b: Archaludon|spa|1
|-anim|p2b: Archaludon|Electro Shot|p1a: Corviknight
|-supereffective|p1a: Corviknight|1
|-damage|p1a: Corviknight|0 fnt
|faint|p1a: Corviknight
|
|-weather|RainDance|[upkeep]
|-heal|p2b: Archaludon|45/100|[from] item: Leftovers
|upkeep
|
|t:|1785177146
|switch|p1a: Mamoswine|Mamoswine, L50, F|100/100
|turn|6
|
|t:|1785177155
|move|p2b: Archaludon|Protect|p2b: Archaludon
|-singleturn|p2b: Archaludon|Protect
|move|p1b: Raichu|Zap Cannon|p2a: Pelipper
|-supereffective|p2a: Pelipper|2
|-damage|p2a: Pelipper|0 fnt
|faint|p2a: Pelipper
|move|p1a: Mamoswine|Stomping Tantrum|p2b: Archaludon
|-activate|p2b: Archaludon|move: Protect
|
|-weather|none
|-heal|p2b: Archaludon|51/100|[from] item: Leftovers
|upkeep
|
|t:|1785177160
|switch|p2a: Gardevoir|Gardevoir, L50, M|100/100
|turn|7
|
|t:|1785177168
|detailschange|p2a: Gardevoir|Gardevoir-Mega, L50, M
|-mega|p2a: Gardevoir|Gardevoir|Gardevoirite
|move|p1b: Raichu|Zap Cannon|p2a: Gardevoir
|-damage|p2a: Gardevoir|64/100
|-status|p2a: Gardevoir|par
|move|p1a: Mamoswine|Stomping Tantrum|p2b: Archaludon
|-supereffective|p2b: Archaludon|1
|-damage|p2b: Archaludon|12/100
|-ability|p2b: Archaludon|Stamina|boost
|-boost|p2b: Archaludon|def|1
|-damage|p1a: Mamoswine|90/100|[from] item: Life Orb
|move|p2b: Archaludon|Flash Cannon|p1a: Mamoswine
|-supereffective|p1a: Mamoswine|1
|-damage|p1a: Mamoswine|0 fnt
|faint|p1a: Mamoswine
|cant|p2a: Gardevoir|par
|
|-heal|p2b: Archaludon|18/100|[from] item: Leftovers
|upkeep
|
|t:|1785177176
|switch|p1a: Basculegion|Basculegion, L50, M|100/100
|turn|8
|
|t:|1785177189
|move|p1b: Raichu|Focus Blast|p2b: Archaludon
|-supereffective|p2b: Archaludon|1
|-damage|p2b: Archaludon|0 fnt
|faint|p2b: Archaludon
|move|p1a: Basculegion|Last Respects|p2a: Gardevoir
|-supereffective|p2a: Gardevoir|1
|-damage|p2a: Gardevoir|0 fnt
|faint|p2a: Gardevoir
|
|-sideend|p2: mewelperro|Reflect
|upkeep
|-message|mewelperro forfeited.
|raw|testdigi's rating: 1202 → 1223(+21 for winning)
|raw|mewelperro's rating: 1150 → 1129(-21 for losing)
|
|win|testdigi
