|j|☆MrMrvz
|j|☆BYAAHTBIGW
|html|MrMrvzBYAAHTBIGW    
|uhtml|bestof|Game 2 of a best-of-3
|t:|1785349512
|gametype|doubles
|player|p1|MrMrvz|ethan|1184
|player|p2|BYAAHTBIGW|koga|1109
|gen|9
|tier|[Gen 9 Champions] VGC 2026 Reg M-B (Bo3)
|rated|
|rule|Species Clause: Limit one of each Pokémon
|rule|Item Clause: Limit 1 of each item
|clearpoke
|poke|p1|Staraptor, L50, M|
|poke|p1|Whimsicott, L50, F|
|poke|p1|Garchomp, L50, M|
|poke|p1|Milotic, L50, M|
|poke|p1|Gholdengo, L50|
|poke|p1|Incineroar, L50, M|
|poke|p2|Gengar, L50, M|
|poke|p2|Politoed, L50, M|
|poke|p2|Sinistcha, L50|
|poke|p2|Archaludon, L50, M|
|poke|p2|Incineroar, L50, F|
|poke|p2|Dragonite, L50, M|
|teampreview|4
|showteam|p1|Staraptor||Staraptite|Intimidate|CloseCombat,BraveBird,Roost,Protect|Jolly||M|||50|]Whimsicott||FocusSash|Prankster|Moonblast,Taunt,Tailwind,Charm|Timid||F|||50|]Garchomp||LifeOrb|RoughSkin|StompingTantrum,RockSlide,DragonClaw,Protect|Adamant||M|||50|]Milotic||Leftovers|Competitive|IcyWind,Scald,Protect,Recover|Bold||M|||50|]Gholdengo||SitrusBerry|GoodasGold|MakeItRain,ShadowBall,NastyPlot,Protect|Modest|||||50|]Incineroar||ChopleBerry|Intimidate|FakeOut,PartingShot,FlareBlitz,ThroatChop|Relaxed||M|||50|
|showteam|p2|Gengar||Gengarite|CursedBody|Protect,WillOWisp,SludgeBomb,ShadowBall|Timid||M|||50|]Politoed||SitrusBerry|Drizzle|Protect,IcyWind,PerishSong,WeatherBall|Bold||M|||50|]Sinistcha||ColburBerry|Hospitality|RagePowder,TrickRoom,MatchaGotcha,LifeDew|Bold|||||50|]Archaludon||Leftovers|Stamina|Protect,ElectroShot,FlashCannon,DragonPulse|Relaxed||M|||50|]Incineroar||ShucaBerry|Intimidate|ThroatChop,Protect,PartingShot,FakeOut|Careful||F|||50|]Dragonite||Dragoninite|InnerFocus|RainDance,Hurricane,DragonPulse,Thunderbolt|Timid||M|||50|
|
|t:|1785349540
|teamsize|p1|4
|teamsize|p2|4
|start
|switch|p1a: Garchomp|Garchomp, L50, M|100/100
|switch|p1b: Whimsicott|Whimsicott, L50, F|100/100
|switch|p2a: Gengar|Gengar, L50, M|100/100
|switch|p2b: Politoed|Politoed, L50, M|100/100
|-weather|RainDance|[from] ability: Drizzle|[of] p2b: Politoed
|turn|1
|
|t:|1785349575
|detailschange|p2a: Gengar|Gengar-Mega, L50, M
|-mega|p2a: Gengar|Gengar|Gengarite
|move|p2a: Gengar|Protect|p2a: Gengar
|-singleturn|p2a: Gengar|Protect
|move|p1b: Whimsicott|Tailwind|p1b: Whimsicott
|-sidestart|p1: MrMrvz|move: Tailwind
|move|p1a: Garchomp|Stomping Tantrum|p2a: Gengar
|-activate|p2a: Gengar|move: Protect
|move|p2b: Politoed|Icy Wind|p1a: Garchomp|[spread] p1a,p1b
|-supereffective|p1a: Garchomp|2
|-supereffective|p1b: Whimsicott|1
|-damage|p1a: Garchomp|62/100
|-damage|p1b: Whimsicott|72/100
|-unboost|p1a: Garchomp|spe|1
|-unboost|p1b: Whimsicott|spe|1
|
|-weather|RainDance|[upkeep]
|upkeep
|turn|2
|
|t:|1785349627
|switch|p2a: Sinistcha|Sinistcha, L50|100/100
|move|p1b: Whimsicott|Moonblast|p2a: Sinistcha
|-damage|p2a: Sinistcha|66/100
|move|p1a: Garchomp|Stomping Tantrum|p2a: Sinistcha
|-resisted|p2a: Sinistcha|1
|-damage|p2a: Sinistcha|44/100
|-damage|p1a: Garchomp|53/100|[from] item: Life Orb
|move|p2b: Politoed|Icy Wind|p1a: Garchomp|[spread] p1a,p1b
|-supereffective|p1a: Garchomp|2
|-supereffective|p1b: Whimsicott|1
|-damage|p1a: Garchomp|13/100
|-damage|p1b: Whimsicott|41/100
|-unboost|p1a: Garchomp|spe|1
|-unboost|p1b: Whimsicott|spe|1
|
|-weather|RainDance|[upkeep]
|upkeep
|turn|3
|inactive|Battle timer is ON: inactive players will automatically lose when time's up. (requested by BYAAHTBIGW)
|inactive|MrMrvz has 60 seconds left.
|inactive|BYAAHTBIGW has 60 seconds left.
|
|t:|1785349664
|switch|p1b: Staraptor|Staraptor, L50, M|100/100
|-ability|p1b: Staraptor|Intimidate|boost
|-unboost|p2a: Sinistcha|atk|1
|-unboost|p2b: Politoed|atk|1
|switch|p2a: Incineroar|Incineroar, L50, F|100/100
|-ability|p2a: Incineroar|Intimidate|boost
|-unboost|p1a: Garchomp|atk|1
|-unboost|p1b: Staraptor|atk|1
|move|p1a: Garchomp|Rock Slide|p2b: Politoed|[spread] p2a,p2b
|-supereffective|p2a: Incineroar|1
|-damage|p2a: Incineroar|66/100
|-damage|p2b: Politoed|84/100
|-damage|p1a: Garchomp|4/100|[from] item: Life Orb
|move|p2b: Politoed|Icy Wind|p1a: Garchomp|[spread] p1a,p1b
|-supereffective|p1a: Garchomp|2
|-supereffective|p1b: Staraptor|1
|-damage|p1a: Garchomp|0 fnt
|-damage|p1b: Staraptor|73/100
|-unboost|p1b: Staraptor|spe|1
|faint|p1a: Garchomp
|
|-weather|RainDance|[upkeep]
|upkeep
|
|t:|1785349684
|switch|p1a: Whimsicott|Whimsicott, L50, F|41/100
|turn|4
|
|t:|1785349706
|switch|p1b: Milotic|Milotic, L50, M|100/100
|switch|p2a: Sinistcha|Sinistcha, L50|44/100
|-heal|p2b: Politoed|100/100|[from] ability: Hospitality|[of] p2a: Sinistcha
|move|p1a: Whimsicott|Moonblast|p2b: Politoed
|-damage|p2b: Politoed|72/100
|move|p2b: Politoed|Weather Ball|p1b: Milotic
|-resisted|p1b: Milotic|1
|-damage|p1b: Milotic|83/100
|
|-weather|RainDance|[upkeep]
|-heal|p1b: Milotic|89/100|[from] item: Leftovers
|-sideend|p1: MrMrvz|move: Tailwind
|upkeep
|turn|5
|inactive|BYAAHTBIGW has 30 seconds left.
|inactive|BYAAHTBIGW has 20 seconds left.
|inactive|BYAAHTBIGW has 15 seconds left.
|
|t:|1785349746
|switch|p2b: Gengar|Gengar-Mega, L50, M|100/100
|move|p1a: Whimsicott|Taunt|p2a: Sinistcha
|-start|p2a: Sinistcha|move: Taunt
|move|p1b: Milotic|Icy Wind|p2b: Gengar|[spread] p2a,p2b
|-supereffective|p2a: Sinistcha|1
|-damage|p2a: Sinistcha|26/100
|-damage|p2b: Gengar|89/100
|-unboost|p2a: Sinistcha|spe|1
|-unboost|p2b: Gengar|spe|1
|move|p2a: Sinistcha|Matcha Gotcha|p1a: Whimsicott|[spread] p1a,p1b
|-resisted|p1a: Whimsicott|1
|-supereffective|p1b: Milotic|1
|-damage|p1a: Whimsicott|20/100y
|-heal|p2a: Sinistcha|34/100|[from] drain|[of] p1a: Whimsicott
|-damage|p1b: Milotic|56/100
|-heal|p2a: Sinistcha|53/100|[from] drain|[of] p1b: Milotic
|-status|p1a: Whimsicott|brn
|
|-weather|none
|-heal|p1b: Milotic|62/100|[from] item: Leftovers
|-damage|p1a: Whimsicott|14/100 brn|[from] brn
|upkeep
|turn|6
|inactive|MrMrvz has 30 seconds left.
|inactive|MrMrvz has 20 seconds left.
|inactive|MrMrvz has 15 seconds left.
|inactive|MrMrvz has 10 seconds left.
|
|t:|1785349793
|switch|p2b: Politoed|Politoed, L50, M|72/100
|-weather|RainDance|[from] ability: Drizzle|[of] p2b: Politoed
|move|p1a: Whimsicott|Tailwind|p1a: Whimsicott
|-sidestart|p1: MrMrvz|move: Tailwind
|move|p1b: Milotic|Icy Wind|p2b: Politoed|[spread] p2a,p2b
|-supereffective|p2a: Sinistcha|1
|-resisted|p2b: Politoed|1
|-damage|p2a: Sinistcha|33/100
|-damage|p2b: Politoed|68/100
|-unboost|p2a: Sinistcha|spe|1
|-unboost|p2b: Politoed|spe|1
|move|p2a: Sinistcha|Matcha Gotcha|p1a: Whimsicott|[spread] p1a
|-miss|p2a: Sinistcha|p1b: Milotic
|-resisted|p1a: Whimsicott|1
|-damage|p1a: Whimsicott|0 fnt
|-heal|p2a: Sinistcha|38/100|[from] drain|[of] p1a: Whimsicott
|faint|p1a: Whimsicott
|
|-weather|RainDance|[upkeep]
|-heal|p1b: Milotic|68/100|[from] item: Leftovers
|upkeep
|
|t:|1785349811
|switch|p1a: Staraptor|Staraptor, L50, M|73/100
|-ability|p1a: Staraptor|Intimidate|boost
|-unboost|p2a: Sinistcha|atk|1
|-unboost|p2b: Politoed|atk|1
|turn|7
|inactive|BYAAHTBIGW has 30 seconds left.
|inactive|BYAAHTBIGW has 20 seconds left.
|inactive|BYAAHTBIGW has 15 seconds left.
|inactive|BYAAHTBIGW has 10 seconds left.
|inactive|BYAAHTBIGW has 5 seconds left.
|
|t:|1785349866
|detailschange|p1a: Staraptor|Staraptor-Mega, L50, M
|-mega|p1a: Staraptor|Staraptor|Staraptite
|move|p2b: Politoed|Protect|p2b: Politoed
|-singleturn|p2b: Politoed|Protect
|move|p1a: Staraptor|Close Combat|p2b: Politoed
|-activate|p2b: Politoed|move: Protect
|move|p1b: Milotic|Icy Wind|p2b: Politoed|[spread] p2a
|-activate|p2b: Politoed|move: Protect
|-supereffective|p2a: Sinistcha|1
|-damage|p2a: Sinistcha|20/100y
|-unboost|p2a: Sinistcha|spe|1
|move|p2a: Sinistcha|Matcha Gotcha|p1b: Milotic|[spread] p1a,p1b
|-resisted|p1a: Staraptor|1
|-supereffective|p1b: Milotic|1
|-damage|p1a: Staraptor|61/100
|-heal|p2a: Sinistcha|26/100|[from] drain|[of] p1a: Staraptor
|-damage|p1b: Milotic|34/100
|-heal|p2a: Sinistcha|45/100|[from] drain|[of] p1b: Milotic
|
|-weather|RainDance|[upkeep]
|-heal|p1b: Milotic|40/100|[from] item: Leftovers
|-end|p2a: Sinistcha|move: Taunt
|upkeep
|turn|8
|inactive|MrMrvz has 30 seconds left.
|inactive|BYAAHTBIGW has 30 seconds left.
|inactive|MrMrvz has 20 seconds left.
|inactive|BYAAHTBIGW has 20 seconds left.
|inactive|MrMrvz has 15 seconds left.
|inactive|BYAAHTBIGW has 15 seconds left.
|inactive|MrMrvz has 10 seconds left.
|inactive|BYAAHTBIGW has 10 seconds left.
|inactive|MrMrvz has 5 seconds left.
|inactive|BYAAHTBIGW has 5 seconds left.
|
|t:|1785349918
|move|p1a: Staraptor|Brave Bird|p2a: Sinistcha
|-supereffective|p2a: Sinistcha|1
|-damage|p2a: Sinistcha|0 fnt
|faint|p2a: Sinistcha
|-damage|p1a: Staraptor|45/100|[from] Recoil
|move|p1b: Milotic|Recover|p1b: Milotic
|-heal|p1b: Milotic|90/100
|move|p2b: Politoed|Weather Ball|p1a: Staraptor
|-damage|p1a: Staraptor|0 fnt
|faint|p1a: Staraptor
|
|-weather|RainDance|[upkeep]
|-heal|p1b: Milotic|96/100|[from] item: Leftovers
|upkeep
|
|t:|1785349926
|switch|p2a: Gengar|Gengar-Mega, L50, M|89/100
|turn|9
|
|t:|1785349935
|move|p1b: Milotic|Icy Wind|p2b: Politoed|[spread] p2a,p2b
|-resisted|p2b: Politoed|1
|-damage|p2a: Gengar|79/100
|-damage|p2b: Politoed|64/100
|-unboost|p2a: Gengar|spe|1
|-unboost|p2b: Politoed|spe|1
|move|p2a: Gengar|Sludge Bomb|p1b: Milotic
|-damage|p1b: Milotic|61/100
|-status|p1b: Milotic|psn
|move|p2b: Politoed|Weather Ball|p1b: Milotic
|-resisted|p1b: Milotic|1
|-damage|p1b: Milotic|44/100 psn
|
|-weather|RainDance|[upkeep]
|-heal|p1b: Milotic|50/100g psn|[from] item: Leftovers
|-damage|p1b: Milotic|38/100 psn|[from] psn
|-sideend|p1: MrMrvz|move: Tailwind
|upkeep
|turn|10
|
|t:|1785349952
|move|p2a: Gengar|Sludge Bomb|p1b: Milotic
|-damage|p1b: Milotic|0 fnt
|faint|p1b: Milotic
|
|win|BYAAHTBIGW
|raw|MrMrvz's rating: 1184 → 1154(-30 for losing)
|raw|BYAAHTBIGW's rating: 1109 → 1139(+30 for winning)
