|j|☆supremeenchilada
|j|☆Truevillany123
|html|supremeenchiladaTruevillany123    
|uhtml|bestof|Game 1 of a best-of-3
|t:|1757856325
|gametype|doubles
|player|p1|supremeenchilada|2|1127
|player|p2|Truevillany123|2|1204
|gen|9
|tier|[Gen 9] VGC 2025 Reg H (Bo3)
|rated|
|rule|Species Clause: Limit one of each Pokémon
|rule|Item Clause: Limit 1 of each item
|clearpoke
|poke|p1|Amoonguss, L50, M|
|poke|p1|Incineroar, L50, M|
|poke|p1|Indeedee-F, L50, F|
|poke|p1|Hatterene, L50, F|
|poke|p1|Torkoal, L50, M|
|poke|p1|Ursaluna, L50, M|
|poke|p2|Dragonite, L50, F|
|poke|p2|Ursaluna-Bloodmoon, L50, M|
|poke|p2|Gholdengo, L50|
|poke|p2|Annihilape, L50, M|
|poke|p2|Ninetales-Alola, L50, F|
|poke|p2|Rillaboom, L50, F|
|teampreview|4
|showteam|p1|Amoonguss||RockyHelmet|EffectSpore|Protect,Spore,RagePowder,PollenPuff|||M|||50|,,,,,Rock]Incineroar||SafetyGoggles|Intimidate|FakeOut,KnockOff,FlareBlitz,PartingShot|||M|||50|,,,,,Bug]Indeedee-F||PsychicSeed|PsychicSurge|TrickRoom,Psychic,FollowMe,Protect|||F|||50|,,,,,Dark]Hatterene||LifeOrb|MagicBounce|DazzlingGleam,ExpandingForce,Protect,TrickRoom|||F|||50|,,,,,Psychic]Torkoal||Charcoal|Drought|Eruption,HeatWave,SolarBeam,AncientPower|||M|||50|,,,,,Flying]Ursaluna||FlameOrb|Guts|Protect,HeadlongRush,Earthquake,Facade|||M|||50|,,,,,Grass
|showteam|p2|Dragonite||LoadedDice|Multiscale|ScaleShot,Protect,Haze,Tailwind|||F|||50|,,,,,Fairy]Ursaluna-Bloodmoon||LifeOrb|MindsEye|BloodMoon,HyperVoice,EarthPower,Protect|||M|||50|,,,,,Normal]Gholdengo||GrassySeed|GoodasGold|MakeItRain,ShadowBall,Protect,NastyPlot||||||50|,,,,,Water]Annihilape||SafetyGoggles|Defiant|DrainPunch,RageFist,Protect,BulkUp|||M|||50|,,,,,Fire]Ninetales-Alola||FocusSash|SnowWarning|IcyWind,AuroraVeil,Encore,IcicleSpear|||F|||50|,,,,,Ghost]Rillaboom||AssaultVest|GrassySurge|FakeOut,WoodHammer,HighHorsepower,Uturn|||F|||50|,,,,,Fire
|inactive|Battle timer is ON: inactive players will automatically lose when time's up. (requested by supremeenchilada)
|
|t:|1757856397
|teamsize|p1|4
|teamsize|p2|4
|start
|switch|p1a: Incineroar|Incineroar, L50, M, shiny|100/100
|switch|p1b: Indeedee|Indeedee-F, L50, F|100/100
|switch|p2a: Gholdengo|Gholdengo, L50|100/100
|switch|p2b: Ursaluna|Ursaluna-Bloodmoon, L50, M|100/100
|-fieldstart|move: Psychic Terrain|[from] ability: Psychic Surge|[of] p1b: Indeedee
|-enditem|p1b: Indeedee|Psychic Seed
|-boost|p1b: Indeedee|spd|1|[from] item: Psychic Seed
|-ability|p1a: Incineroar|Intimidate|boost
|-unboost|p2a: Gholdengo|atk|1
|-unboost|p2b: Ursaluna|atk|1
|turn|1
|
|t:|1757856417
|-terastallize|p2a: Gholdengo|Water
|move|p2b: Ursaluna|Protect|p2b: Ursaluna
|-singleturn|p2b: Ursaluna|Protect
|move|p2a: Gholdengo|Nasty Plot|p2a: Gholdengo
|-boost|p2a: Gholdengo|spa|2
|move|p1a: Incineroar|Knock Off|p2a: Gholdengo
|-damage|p2a: Gholdengo|45/100
|-enditem|p2a: Gholdengo|Grassy Seed|[from] move: Knock Off|[of] p1a: Incineroar
|move|p1b: Indeedee|Trick Room|p1b: Indeedee
|-fieldstart|move: Trick Room|[of] p1b: Indeedee
|
|upkeep
|turn|2
|inactive|supremeenchilada has 30 seconds left.
|
|t:|1757856445
|move|p1a: Incineroar|Knock Off|p2b: Ursaluna
|-damage|p2b: Ursaluna|65/100
|-enditem|p2b: Ursaluna|Life Orb|[from] move: Knock Off|[of] p1a: Incineroar
|move|p2b: Ursaluna|Hyper Voice|p1a: Incineroar|[spread] p1a,p1b
|-crit|p1a: Incineroar
|-damage|p1a: Incineroar|48/100
|-damage|p1b: Indeedee|78/100
|move|p1b: Indeedee|Psychic|p2a: Gholdengo
|-damage|p2a: Gholdengo|0 fnt
|faint|p2a: Gholdengo
|
|upkeep
|
|t:|1757856456
|switch|p2a: Rillaboom|Rillaboom, L50, F|100/100
|-fieldstart|move: Grassy Terrain|[from] ability: Grassy Surge|[of] p2a: Rillaboom
|turn|3
|c|☆Truevillany123|gg
|inactive|supremeenchilada has 30 seconds left.
|
|t:|1757856487
|switch|p1a: Torkoal|Torkoal, L50, M|100/100
|-weather|SunnyDay|[from] ability: Drought|[of] p1a: Torkoal
|move|p1b: Indeedee|Follow Me|p1b: Indeedee
|-singleturn|p1b: Indeedee|move: Follow Me
|move|p2b: Ursaluna|Hyper Voice|p1b: Indeedee|[spread] p1a,p1b
|-damage|p1a: Torkoal|48/100
|-damage|p1b: Indeedee|56/100
|move|p2a: Rillaboom|Wood Hammer|p1b: Indeedee
|-damage|p1b: Indeedee|0 fnt
|faint|p1b: Indeedee
|-damage|p2a: Rillaboom|84/100|[from] Recoil
|
|-weather|SunnyDay|[upkeep]
|-heal|p1a: Torkoal|54/100|[from] Grassy Terrain
|-heal|p2b: Ursaluna|71/100|[from] Grassy Terrain
|-heal|p2a: Rillaboom|90/100|[from] Grassy Terrain
|upkeep
|
|t:|1757856506
|switch|p1b: Incineroar|Incineroar, L50, M, shiny|48/100
|-ability|p1b: Incineroar|Intimidate|boost
|-unboost|p2a: Rillaboom|atk|1
|-unboost|p2b: Ursaluna|atk|1
|turn|4
|
|t:|1757856523
|switch|p1b: Ursaluna|Ursaluna, L50, M|100/100
|move|p2b: Ursaluna|Protect|p2b: Ursaluna
|-singleturn|p2b: Ursaluna|Protect
|move|p1a: Torkoal|Heat Wave|p2a: Rillaboom|[spread] p2a
|-activate|p2b: Ursaluna|move: Protect
|-supereffective|p2a: Rillaboom
|-damage|p2a: Rillaboom|3/100
|move|p2a: Rillaboom|High Horsepower|p1a: Torkoal
|-supereffective|p1a: Torkoal
|-damage|p1a: Torkoal|16/100
|
|-weather|SunnyDay|[upkeep]
|-heal|p1a: Torkoal|22/100|[from] Grassy Terrain
|-heal|p2b: Ursaluna|77/100|[from] Grassy Terrain
|-heal|p2a: Rillaboom|9/100|[from] Grassy Terrain
|-status|p1b: Ursaluna|brn|[from] item: Flame Orb
|upkeep
|turn|5
|inactive|supremeenchilada has 30 seconds left.
|
|t:|1757856549
|switch|p2a: Ninetales|Ninetales-Alola, L50, F|100/100
|-weather|Snowscape|[from] ability: Snow Warning|[of] p2a: Ninetales
|move|p2b: Ursaluna|Protect||[still]
|-fail|p2b: Ursaluna
|move|p1a: Torkoal|Heat Wave|p2a: Ninetales|[spread] p2b
|-miss|p1a: Torkoal|p2a: Ninetales
|-damage|p2b: Ursaluna|26/100
|move|p1b: Ursaluna|Earthquake|p2b: Ursaluna|[spread] p1a,p2a,p2b
|-supereffective|p1a: Torkoal
|-damage|p1a: Torkoal|0 fnt
|-damage|p2a: Ninetales|65/100
|-damage|p2b: Ursaluna|0 fnt
|faint|p1a: Torkoal
|faint|p2b: Ursaluna
|
|-weather|Snowscape|[upkeep]
|-heal|p2a: Ninetales|71/100|[from] Grassy Terrain
|-damage|p1b: Ursaluna|95/100 brn|[from] brn
|-fieldend|move: Trick Room
|upkeep
|
|t:|1757856561
|switch|p2b: Rillaboom|Rillaboom, L50, F|9/100
|switch|p1a: Incineroar|Incineroar, L50, M, shiny|48/100
|-ability|p1a: Incineroar|Intimidate|boost
|-unboost|p2a: Ninetales|atk|1
|-unboost|p2b: Rillaboom|atk|1
|turn|6
|inactive|supremeenchilada has 30 seconds left.
|inactive|supremeenchilada has 20 seconds left.
|inactive|Truevillany123 has 30 seconds left.
|inactive|supremeenchilada has 15 seconds left.
|
|t:|1757856606
|move|p1b: Ursaluna|Protect|p1b: Ursaluna
|-singleturn|p1b: Ursaluna|Protect
|move|p2b: Rillaboom|Fake Out|p1b: Ursaluna
|-activate|p1b: Ursaluna|move: Protect
|move|p1a: Incineroar|Fake Out|p2a: Ninetales
|-damage|p2a: Ninetales|59/100
|cant|p2a: Ninetales|flinch
|
|-weather|Snowscape|[upkeep]
|-heal|p2a: Ninetales|65/100|[from] Grassy Terrain
|-heal|p2b: Rillaboom|15/100|[from] Grassy Terrain
|-heal|p1a: Incineroar|53/100|[from] Grassy Terrain
|-heal|p1b: Ursaluna|100/100 brn|[from] Grassy Terrain
|-damage|p1b: Ursaluna|95/100 brn|[from] brn
|upkeep
|turn|7
|
|t:|1757856631
|-terastallize|p1a: Incineroar|Bug
|move|p2a: Ninetales|Encore|p1b: Ursaluna
|-start|p1b: Ursaluna|Encore
|move|p2b: Rillaboom|High Horsepower|p1a: Incineroar
|-resisted|p1a: Incineroar
|-crit|p1a: Incineroar
|-damage|p1a: Incineroar|30/100
|move|p1a: Incineroar|Flare Blitz|p2a: Ninetales
|-supereffective|p2a: Ninetales
|-damage|p2a: Ninetales|0 fnt
|faint|p2a: Ninetales
|-damage|p1a: Incineroar|13/100|[from] Recoil
|move|p1b: Ursaluna|Protect||[still]
|-fail|p1b: Ursaluna
|
|-weather|Snowscape|[upkeep]
|-heal|p2b: Rillaboom|21/100|[from] Grassy Terrain
|-heal|p1a: Incineroar|19/100|[from] Grassy Terrain
|-heal|p1b: Ursaluna|100/100 brn|[from] Grassy Terrain
|-damage|p1b: Ursaluna|95/100 brn|[from] brn
|-fieldend|move: Grassy Terrain
|upkeep
|turn|8
|
|t:|1757856647
|move|p1b: Ursaluna|Protect|p1b: Ursaluna
|-singleturn|p1b: Ursaluna|Protect
|move|p2b: Rillaboom|High Horsepower|p1a: Incineroar
|-resisted|p1a: Incineroar
|-crit|p1a: Incineroar
|-damage|p1a: Incineroar|0 fnt
|faint|p1a: Incineroar
|
|-weather|Snowscape|[upkeep]
|-damage|p1b: Ursaluna|89/100 brn|[from] brn
|upkeep
|turn|9
|
|t:|1757856656
|move|p1b: Ursaluna|Protect|p1b: Ursaluna
|-singleturn|p1b: Ursaluna|Protect
|move|p2b: Rillaboom|Wood Hammer|p1b: Ursaluna
|-activate|p1b: Ursaluna|move: Protect
|
|-weather|none
|-damage|p1b: Ursaluna|83/100 brn|[from] brn
|-end|p1b: Ursaluna|Encore
|upkeep
|turn|10
|
|t:|1757856665
|move|p2b: Rillaboom|Wood Hammer|p1b: Ursaluna
|-supereffective|p1b: Ursaluna
|-damage|p1b: Ursaluna|14/100 brn
|-damage|p2b: Rillaboom|0 fnt|[from] Recoil
|faint|p2b: Rillaboom
|
|win|supremeenchilada
||supremeenchilada is ready for game 2.
