|j|☆bingbongwhoosh
|j|☆ground tera
|html|bingbongwhooshground tera    
|uhtml|bestof|Game 3 of a best-of-3
|t:|1784384733
|gametype|doubles
|player|p1|bingbongwhoosh|2|1275
|player|p2|ground tera|102|1310
|gen|9
|tier|[Gen 9 Champions] VGC 2026 Reg M-B (Bo3)
|rated|
|rule|Species Clause: Limit one of each Pokémon
|rule|Item Clause: Limit 1 of each item
|clearpoke
|poke|p1|Charizard, L50, F|
|poke|p1|Venusaur, L50, M|
|poke|p1|Mamoswine, L50, F|
|poke|p1|Garchomp, L50, F|
|poke|p1|Incineroar, L50, F|
|poke|p1|Toxapex, L50, M|
|poke|p2|Whimsicott, L50, M, shiny|
|poke|p2|Garchomp, L50, F|
|poke|p2|Basculegion, L50, M|
|poke|p2|Charizard, L50, F|
|poke|p2|Floette-Eternal, L50, F|
|poke|p2|Kingambit, L50, M|
|teampreview|4
|showteam|p1|Charizard||CharizarditeY|Blaze|HeatWave,WeatherBall,HelpingHand,Protect|Modest||F|||50|]Venusaur||LifeOrb|Chlorophyll|LeafStorm,SludgeBomb,EarthPower,Protect|Modest||M|||50|]Mamoswine||FocusSash|Oblivious|HighHorsepower,RockTomb,IceShard,Protect|Jolly||F|||50|]Garchomp||ChoiceScarf|RoughSkin|DragonClaw,Earthquake,RockSlide,StompingTantrum|Adamant||F|||50|]Incineroar||SitrusBerry|Intimidate|FlareBlitz,ThroatChop,PartingShot,FakeOut|Impish||F|||50|]Toxapex||Leftovers|Regenerator|Toxic,Infestation,WideGuard,BanefulBunker|Bold||M|||50|
|showteam|p2|Whimsicott||FocusSash|Prankster|Protect,Tailwind,SunnyDay,Moonblast|Timid||M|||50|]Garchomp||LifeOrb|RoughSkin|Protect,RockSlide,Earthquake,DragonClaw|Jolly||F|||50|]Basculegion||MysticWater|Adaptability|Protect,WaveCrash,LastRespects,AquaJet|Adamant||M|||50|]Charizard||CharizarditeY|Blaze|Protect,HeatWave,WeatherBall,SolarBeam|Modest||F|||50|]Floette-Eternal||Floettite|FlowerVeil|Protect,LightofRuin,DazzlingGleam,Moonblast|Timid||F|||50|]Kingambit||ChopleBerry|Defiant|LowKick,SuckerPunch,KowtowCleave,IronHead|Adamant||M|||50|
|inactive|Battle timer is ON: inactive players will automatically lose when time's up. (requested by ground tera)
|inactive|bingbongwhoosh has 60 seconds left.
|
|t:|1784384769
|teamsize|p1|4
|teamsize|p2|4
|start
|switch|p1a: Mamoswine|Mamoswine, L50, F|100/100
|switch|p1b: Toxapex|Toxapex, L50, M|100/100
|switch|p2a: Basculegion|Basculegion, L50, M|100/100
|switch|p2b: Kingambit|Kingambit, L50, M|100/100
|turn|1
|
|t:|1784384785
|move|p1a: Mamoswine|Protect|p1a: Mamoswine
|-singleturn|p1a: Mamoswine|Protect
|move|p2a: Basculegion|Wave Crash|p1a: Mamoswine
|-activate|p1a: Mamoswine|move: Protect
|move|p2b: Kingambit|Kowtow Cleave|p1b: Toxapex
|-damage|p1b: Toxapex|68/100
|move|p1b: Toxapex|Infestation|p2b: Kingambit
|-damage|p2b: Kingambit|97/100
|-activate|p2b: Kingambit|move: Infestation|[of] p1b: Toxapex
|
|-heal|p1b: Toxapex|74/100|[from] item: Leftovers
|-damage|p2b: Kingambit|85/100|[from] move: Infestation|[partiallytrapped]
|upkeep
|turn|2
|
|t:|1784384807
|move|p1a: Mamoswine|Rock Tomb|p2a: Basculegion
|-damage|p2a: Basculegion|75/100
|-unboost|p2a: Basculegion|spe|1
|move|p2a: Basculegion|Wave Crash|p1a: Mamoswine
|-supereffective|p1a: Mamoswine|1
|-enditem|p1a: Mamoswine|Focus Sash
|-damage|p1a: Mamoswine|1/100
|-damage|p2a: Basculegion|44/100|[from] Recoil
|move|p2b: Kingambit|Kowtow Cleave|p1a: Mamoswine
|-crit|p1a: Mamoswine
|-damage|p1a: Mamoswine|0 fnt
|faint|p1a: Mamoswine
|move|p1b: Toxapex|Toxic|p2a: Basculegion
|-status|p2a: Basculegion|tox
|
|-heal|p1b: Toxapex|80/100|[from] item: Leftovers
|-damage|p2a: Basculegion|37/100 tox|[from] psn
|-damage|p2b: Kingambit|72/100|[from] move: Infestation|[partiallytrapped]
|upkeep
|
|t:|1784384820
|switch|p1a: Garchomp|Garchomp, L50, F|100/100
|turn|3
|
|t:|1784384840
|move|p2a: Basculegion|Protect|p2a: Basculegion
|-singleturn|p2a: Basculegion|Protect
|move|p1b: Toxapex|Wide Guard|p1b: Toxapex
|-singleturn|p1b: Toxapex|Wide Guard
|move|p1a: Garchomp|Earthquake|p2b: Kingambit|[spread] p2b
|-activate|p1b: Toxapex|move: Wide Guard
|-activate|p2a: Basculegion|move: Protect
|-supereffective|p2b: Kingambit|1
|-damage|p2b: Kingambit|9/100
|move|p2b: Kingambit|Kowtow Cleave|p1a: Garchomp
|-damage|p1a: Garchomp|54/100
|-damage|p2b: Kingambit|0 fnt|[from] ability: Rough Skin|[of] p1a: Garchomp
|faint|p2b: Kingambit
|
|-heal|p1b: Toxapex|85/100|[from] item: Leftovers
|-damage|p2a: Basculegion|25/100 tox|[from] psn
|upkeep
|
|t:|1784384858
|switch|p2b: Garchomp|Garchomp, L50, F|100/100
|turn|4
|
|t:|1784384869
|switch|p1a: Venusaur|Venusaur, L50, M|100/100
|switch|p2a: Charizard|Charizard, L50, F|100/100
|move|p1b: Toxapex|Baneful Bunker||[still]
|-fail|p1b: Toxapex
|move|p2b: Garchomp|Dragon Claw|p1a: Venusaur
|-damage|p1a: Venusaur|31/100
|-damage|p2b: Garchomp|90/100|[from] item: Life Orb
|
|-heal|p1b: Toxapex|91/100|[from] item: Leftovers
|upkeep
|turn|5
|inactive|ground tera has 30 seconds left.
|
|t:|1784384897
|move|p1a: Venusaur|Protect|p1a: Venusaur
|-singleturn|p1a: Venusaur|Protect
|move|p2b: Garchomp|Dragon Claw|p1a: Venusaur
|-activate|p1a: Venusaur|move: Protect
|move|p2a: Charizard|Weather Ball|p1b: Toxapex
|-damage|p1b: Toxapex|81/100
|move|p1b: Toxapex|Toxic|p2a: Charizard
|-status|p2a: Charizard|tox
|
|-heal|p1b: Toxapex|87/100|[from] item: Leftovers
|-damage|p2a: Charizard|94/100 tox|[from] psn
|upkeep
|turn|6
|inactive|bingbongwhoosh has 30 seconds left.
|
|t:|1784384923
|switch|p1a: Garchomp|Garchomp, L50, F|54/100
|move|p1b: Toxapex|Wide Guard|p1b: Toxapex
|-singleturn|p1b: Toxapex|Wide Guard
|move|p2b: Garchomp|Dragon Claw|p1a: Garchomp
|-supereffective|p1a: Garchomp|1
|-damage|p1a: Garchomp|0 fnt
|-damage|p2b: Garchomp|78/100|[from] ability: Rough Skin|[of] p1a: Garchomp
|faint|p1a: Garchomp
|-damage|p2b: Garchomp|68/100|[from] item: Life Orb
|move|p2a: Charizard|Weather Ball|p1b: Toxapex
|-damage|p1b: Toxapex|76/100
|
|-heal|p1b: Toxapex|82/100|[from] item: Leftovers
|-damage|p2a: Charizard|82/100 tox|[from] psn
|upkeep
|
|t:|1784384936
|switch|p1a: Venusaur|Venusaur, L50, M|31/100
|turn|7
|
|t:|1784384940
|move|p1a: Venusaur|Protect|p1a: Venusaur
|-singleturn|p1a: Venusaur|Protect
|move|p2b: Garchomp|Dragon Claw|p1a: Venusaur
|-activate|p1a: Venusaur|move: Protect
|move|p2a: Charizard|Weather Ball|p1b: Toxapex
|-damage|p1b: Toxapex|71/100
|move|p1b: Toxapex|Toxic|p2b: Garchomp
|-status|p2b: Garchomp|tox
|
|-heal|p1b: Toxapex|77/100|[from] item: Leftovers
|-damage|p2b: Garchomp|62/100 tox|[from] psn
|-damage|p2a: Charizard|65/100 tox|[from] psn
|upkeep
|turn|8
|
|t:|1784384954
|move|p2b: Garchomp|Dragon Claw|p1a: Venusaur
|-damage|p1a: Venusaur|0 fnt
|faint|p1a: Venusaur
|-damage|p2b: Garchomp|52/100 tox|[from] item: Life Orb
|move|p2a: Charizard|Weather Ball|p1b: Toxapex
|-damage|p1b: Toxapex|66/100
|move|p1b: Toxapex|Infestation|p2b: Garchomp
|-damage|p2b: Garchomp|48/100 tox
|-activate|p2b: Garchomp|move: Infestation|[of] p1b: Toxapex
|-damage|p1b: Toxapex|54/100|[from] ability: Rough Skin|[of] p2b: Garchomp
|
|-heal|p1b: Toxapex|59/100|[from] item: Leftovers
|-damage|p2b: Garchomp|36/100 tox|[from] psn
|-damage|p2a: Charizard|42/100 tox|[from] psn
|-damage|p2b: Garchomp|24/100 tox|[from] move: Infestation|[partiallytrapped]
|upkeep
|turn|9
|
|t:|1784384970
|detailschange|p2a: Charizard|Charizard-Mega-Y, L50, F
|-mega|p2a: Charizard|Charizard|Charizardite Y
|-weather|SunnyDay|[from] ability: Drought|[of] p2a: Charizard
|move|p1b: Toxapex|Baneful Bunker|p1b: Toxapex
|-singleturn|p1b: Toxapex|move: Protect
|move|p2b: Garchomp|Earthquake|p1b: Toxapex|[spread] 
|-activate|p1b: Toxapex|move: Protect
|-immune|p2a: Charizard
|move|p2a: Charizard|Weather Ball|p1b: Toxapex
|-activate|p1b: Toxapex|move: Protect
|
|-weather|SunnyDay|[upkeep]
|-heal|p1b: Toxapex|65/100|[from] item: Leftovers
|-damage|p2b: Garchomp|6/100 tox|[from] psn
|-damage|p2a: Charizard|13/100 tox|[from] psn
|-damage|p2b: Garchomp|0 fnt|[from] move: Infestation|[partiallytrapped]
|faint|p2b: Garchomp
|upkeep
|
|t:|1784384974
|switch|p2b: Basculegion|Basculegion, L50, M|25/100 tox
|turn|10
|
|t:|1784384993
|move|p2a: Charizard|Weather Ball|p1b: Toxapex
|-resisted|p1b: Toxapex|1
|-damage|p1b: Toxapex|31/100
|move|p2b: Basculegion|Last Respects|p1b: Toxapex
|-damage|p1b: Toxapex|0 fnt
|faint|p1b: Toxapex
|
|win|ground tera
|raw|bingbongwhoosh's rating: 1275 → 1253(-22 for losing)
|raw|ground tera's rating: 1310 → 1328(+18 for winning)
