|j|☆cascais shopping
|j|☆Prepucio Santos
|html|cascais shoppingPrepucio Santos    
|uhtml|bestof|Game 2 of a best-of-3
|t:|1784627988
|gametype|doubles
|player|p1|cascais shopping|lucas|1361
|player|p2|Prepucio Santos|striker|1236
|gen|9
|tier|[Gen 9 Champions] VGC 2026 Reg M-B (Bo3)
|rated|
|rule|Species Clause: Limit one of each Pokémon
|rule|Item Clause: Limit 1 of each item
|clearpoke
|poke|p1|Garchomp, L50, M|
|poke|p1|Venusaur, L50, F|
|poke|p1|Incineroar, L50, M|
|poke|p1|Charizard, L50, F|
|poke|p1|Toxapex, L50, M|
|poke|p1|Annihilape, L50, M|
|poke|p2|Incineroar, L50, F|
|poke|p2|Maushold, L50|
|poke|p2|Sinistcha, L50|
|poke|p2|Sneasler, L50, M|
|poke|p2|Blastoise, L50, F|
|poke|p2|Delphox, L50, M|
|teampreview|4
|showteam|p1|Garchomp||ChoiceScarf|RoughSkin|Earthquake,RockSlide,DragonClaw,StompingTantrum|Adamant||M|||50|]Venusaur||LifeOrb|Chlorophyll|SludgeBomb,SolarBeam,EarthPower,Protect|Modest||F|||50|]Incineroar||SitrusBerry|Intimidate|FakeOut,FlareBlitz,ThroatChop,PartingShot|Impish||M|||50|]Charizard||CharizarditeY|Blaze|HeatWave,WeatherBall,Protect,HelpingHand|Modest||F|||50|]Toxapex||Leftovers|Regenerator|Infestation,Toxic,WideGuard,BanefulBunker|Impish||M|||50|]Annihilape||FocusSash|Defiant|CloseCombat,PhantomForce,RockTomb,Protect|Jolly||M|||50|
|showteam|p2|Incineroar||SitrusBerry|Intimidate|FakeOut,FlareBlitz,ThroatChop,PartingShot|Impish||F|||50|]Maushold||ChopleBerry|FriendGuard|SuperFang,Feint,FollowMe,Protect|Impish|||||50|]Sinistcha||KasibBerry|Hospitality|MatchaGotcha,LifeDew,RagePowder,TrickRoom|Bold|||||50|]Sneasler||FocusSash|PoisonTouch|FakeOut,CloseCombat,DireClaw,QuickGuard|Jolly||M|||50|]Blastoise||Blastoisinite|RainDish|WaterSpout,DarkPulse,ShellSmash,Protect|Modest||F|||50|]Delphox||Delphoxite|Blaze|HeatWave,Psyshock,NastyPlot,Protect|Timid||M|||50|
|inactive|Battle timer is ON: inactive players will automatically lose when time's up. (requested by cascais shopping)
|inactive|Prepucio Santos has 60 seconds left.
|inactive|Prepucio Santos has 30 seconds left.
|inactive|Prepucio Santos has 20 seconds left.
|
|t:|1784628089
|teamsize|p1|4
|teamsize|p2|4
|start
|switch|p1a: Incineroar|Incineroar, L50, M|100/100
|switch|p1b: Garchomp|Garchomp, L50, M|100/100
|switch|p2a: Sneasler|Sneasler, L50, M|100/100
|switch|p2b: Delphox|Delphox, L50, M|100/100
|-ability|p1a: Incineroar|Intimidate|boost
|-unboost|p2a: Sneasler|atk|1
|-unboost|p2b: Delphox|atk|1
|turn|1
|inactive|cascais shopping has 30 seconds left.
|
|t:|1784628116
|detailschange|p2b: Delphox|Delphox-Mega, L50, M
|-mega|p2b: Delphox|Delphox|Delphoxite
|move|p2a: Sneasler|Fake Out|p1a: Incineroar
|-damage|p1a: Incineroar|92/100
|-status|p1a: Incineroar|psn|[from] ability: Poison Touch|[of] p2a: Sneasler
|cant|p1a: Incineroar|flinch
|move|p1b: Garchomp|Dragon Claw|p2a: Sneasler
|-damage|p2a: Sneasler|25/100
|move|p2b: Delphox|Nasty Plot|p2b: Delphox
|-boost|p2b: Delphox|spa|2
|
|-damage|p1a: Incineroar|80/100 psn|[from] psn
|upkeep
|turn|2
|inactive|cascais shopping has 30 seconds left.
|inactive|cascais shopping has 20 seconds left.
|inactive|cascais shopping has 15 seconds left.
|inactive|cascais shopping has 10 seconds left.
|
|t:|1784628166
|switch|p2a: Incineroar|Incineroar, L50, F|100/100
|-ability|p2a: Incineroar|Intimidate|boost
|-unboost|p1a: Incineroar|atk|1
|-unboost|p1b: Garchomp|atk|1
|move|p1b: Garchomp|Dragon Claw|p2a: Incineroar
|-damage|p2a: Incineroar|76/100
|move|p2b: Delphox|Psyshock|p1b: Garchomp
|-damage|p1b: Garchomp|15/100
|move|p1a: Incineroar|Parting Shot|p2a: Incineroar
|-unboost|p2a: Incineroar|atk|1
|-unboost|p2a: Incineroar|spa|1
|
|t:|1784628179
|switch|p1a: Annihilape|Annihilape, L50, M|100/100|[from] Parting Shot
|
|upkeep
|turn|3
|inactive|cascais shopping has 30 seconds left.
|
|t:|1784628205
|move|p1a: Annihilape|Protect|p1a: Annihilape
|-singleturn|p1a: Annihilape|Protect
|move|p1b: Garchomp|Dragon Claw|p2b: Delphox
|-damage|p2b: Delphox|58/100
|move|p2b: Delphox|Heat Wave|p1b: Garchomp|[spread] p1b
|-activate|p1a: Annihilape|move: Protect
|-resisted|p1b: Garchomp|1
|-damage|p1b: Garchomp|0 fnt
|faint|p1b: Garchomp
|move|p2a: Incineroar|Flare Blitz|p1a: Annihilape
|-activate|p1a: Annihilape|move: Protect
|
|upkeep
|
|t:|1784628217
|switch|p1b: Incineroar|Incineroar, L50, M|80/100 psn
|-ability|p1b: Incineroar|Intimidate|boost
|-unboost|p2a: Incineroar|atk|1
|-unboost|p2b: Delphox|atk|1
|turn|4
|
|t:|1784628226
|move|p2b: Delphox|Protect|p2b: Delphox
|-singleturn|p2b: Delphox|Protect
|move|p1b: Incineroar|Fake Out|p2b: Delphox
|-activate|p2b: Delphox|move: Protect
|move|p1a: Annihilape|Phantom Force||[still]
|-prepare|p1a: Annihilape|Phantom Force
|move|p2a: Incineroar|Parting Shot|p1b: Incineroar
|-unboost|p1b: Incineroar|atk|1
|-unboost|p1b: Incineroar|spa|1
|
|t:|1784628234
|switch|p2a: Maushold|Maushold, L50|100/100|[from] Parting Shot
|
|-damage|p1b: Incineroar|67/100 psn|[from] psn
|upkeep
|turn|5
|
|t:|1784628264
|move|p2a: Maushold|Follow Me|p2a: Maushold
|-singleturn|p2a: Maushold|move: Follow Me
|move|p2b: Delphox|Nasty Plot|p2b: Delphox
|-boost|p2b: Delphox|spa|2
|move|p1a: Annihilape|Phantom Force|p2a: Maushold|[from] lockedmove
|-immune|p2a: Maushold
|move|p1b: Incineroar|Throat Chop|p2a: Maushold
|-damage|p2a: Maushold|79/100
|-start|p2a: Maushold|Throat Chop|[silent]
|
|-damage|p1b: Incineroar|55/100 psn|[from] psn
|upkeep
|turn|6
|inactive|cascais shopping has 30 seconds left.
|
|t:|1784628298
|move|p2a: Maushold|Protect|p2a: Maushold
|-singleturn|p2a: Maushold|Protect
|move|p2b: Delphox|Heat Wave|p1a: Annihilape|[spread] p1a,p1b
|-crit|p1a: Annihilape
|-resisted|p1b: Incineroar|1
|-enditem|p1a: Annihilape|Focus Sash
|-damage|p1a: Annihilape|1/100
|-damage|p1b: Incineroar|5/100 psn
|-status|p1a: Annihilape|brn
|-enditem|p1b: Incineroar|Sitrus Berry|[eat]
|-heal|p1b: Incineroar|30/100 psn|[from] item: Sitrus Berry
|move|p1a: Annihilape|Close Combat|p2a: Maushold
|-activate|p2a: Maushold|move: Protect
|move|p1b: Incineroar|Throat Chop|p2b: Delphox
|-supereffective|p2b: Delphox|1
|-damage|p2b: Delphox|15/100
|-start|p2b: Delphox|Throat Chop|[silent]
|
|-damage|p1b: Incineroar|17/100 psn|[from] psn
|-damage|p1a: Annihilape|0 fnt|[from] brn
|faint|p1a: Annihilape
|-end|p2a: Maushold|Throat Chop|[silent]
|upkeep
|
|t:|1784628312
|switch|p1a: Charizard|Charizard, L50, F|100/100
|turn|7
|-message|cascais shopping forfeited.
|
|win|Prepucio Santos
