|j|☆endershovel
|j|☆spernerslemma
|html|endershovelspernerslemma    
|uhtml|bestof|Game 1 of a best-of-3
|t:|1784555598
|gametype|doubles
|player|p1|endershovel|1|1344
|player|p2|spernerslemma|pokekid|1357
|gen|9
|tier|[Gen 9 Champions] VGC 2026 Reg M-B (Bo3)
|rated|
|rule|Species Clause: Limit one of each Pokémon
|rule|Item Clause: Limit 1 of each item
|clearpoke
|poke|p1|Starmie, L50, shiny|
|poke|p1|Sneasler, L50, M|
|poke|p1|Pelipper, L50, F|
|poke|p1|Archaludon, L50, F|
|poke|p1|Sinistcha-Masterpiece, L50|
|poke|p1|Kingambit, L50, F|
|poke|p2|Swampert, L50, F|
|poke|p2|Grimmsnarl, L50, M|
|poke|p2|Archaludon, L50, F|
|poke|p2|Pelipper, L50, M|
|poke|p2|Venusaur, L50, M|
|poke|p2|Weavile, L50, F|
|teampreview|4
|showteam|p1|Starmie||Starminite|NaturalCure|Liquidation,ZenHeadbutt,AquaJet,Protect|Jolly|||||50|]Sneasler||WhiteHerb|Unburden|CloseCombat,DireClaw,Coaching,FakeOut|Adamant||M|||50|]Pelipper||SitrusBerry|Drizzle|Hurricane,MuddyWater,Tailwind,Protect|Modest||F|||50|]Archaludon||Leftovers|Stamina|ElectroShot,FlashCannon,DragonPulse,Protect|Modest||F|||50|]Sinistcha-Masterpiece||ColburBerry|Hospitality|MatchaGotcha,RagePowder,TrickRoom,Protect|Calm|||||50|]Kingambit||BlackGlasses|Defiant|KowtowCleave,SuckerPunch,SwordsDance,Protect|Adamant||F|||50|
|showteam|p2|Swampert||Swampertite|Torrent|WaveCrash,Protect,HighHorsepower,IcePunch|Adamant||F|||50|]Grimmsnarl||LightClay|Prankster|SpiritBreak,Reflect,LightScreen,PartingShot|Careful||M|||50|]Archaludon||Leftovers|Stamina|ElectroShot,DragonPulse,FlashCannon,Protect|Modest||F|||50|]Pelipper||SitrusBerry|Drizzle|WeatherBall,Hurricane,Tailwind,Protect|Modest||M|||50|]Venusaur||Venusaurite|Chlorophyll|SludgeBomb,Protect,GigaDrain,EarthPower|Modest||M|||50|]Weavile||FocusSash|Pressure|FakeOut,TripleAxel,ThroatChop,Protect|Jolly||F|||50|
|
|t:|1784555664
|teamsize|p1|4
|teamsize|p2|4
|start
|switch|p1a: Sneasler|Sneasler, L50, M|100/100
|switch|p1b: Kingambit|Kingambit, L50, F|100/100
|switch|p2a: Weavile|Weavile, L50, F|100/100
|switch|p2b: Swampert|Swampert, L50, F|100/100
|-ability|p2a: Weavile|Pressure
|turn|1
|inactive|Battle timer is ON: inactive players will automatically lose when time's up. (requested by endershovel)
|
|t:|1784555724
|switch|p1b: Sinistcha|Sinistcha-Masterpiece, L50|100/100
|detailschange|p2b: Swampert|Swampert-Mega, L50, F
|-mega|p2b: Swampert|Swampert|Swampertite
|move|p2a: Weavile|Fake Out|p1b: Sinistcha
|-immune|p1b: Sinistcha
|move|p1a: Sneasler|Close Combat|p2a: Weavile
|-supereffective|p2a: Weavile|2
|-enditem|p2a: Weavile|Focus Sash
|-damage|p2a: Weavile|1/100
|-unboost|p1a: Sneasler|def|1
|-unboost|p1a: Sneasler|spd|1
|-enditem|p1a: Sneasler|White Herb
|-clearnegativeboost|p1a: Sneasler|[silent]
|move|p2b: Swampert|High Horsepower|p1a: Sneasler
|-supereffective|p1a: Sneasler|1
|-damage|p1a: Sneasler|0 fnt
|faint|p1a: Sneasler
|
|upkeep
|
|t:|1784555732
|switch|p1a: Kingambit|Kingambit, L50, F|100/100
|turn|2
|inactive|spernerslemma has 30 seconds left.
|inactive|spernerslemma has 20 seconds left.
|inactive|spernerslemma has 15 seconds left.
|
|t:|1784555775
|switch|p2b: Archaludon|Archaludon, L50, F|100/100
|move|p1a: Kingambit|Sucker Punch|p2a: Weavile
|-resisted|p2a: Weavile|1
|-damage|p2a: Weavile|0 fnt
|faint|p2a: Weavile
|move|p1b: Sinistcha|Trick Room|p1b: Sinistcha
|-fieldstart|move: Trick Room|[of] p1b: Sinistcha
|
|upkeep
|
|t:|1784555790
|switch|p2a: Pelipper|Pelipper, L50, M|100/100
|-weather|RainDance|[from] ability: Drizzle|[of] p2a: Pelipper
|turn|3
|
|t:|1784555807
|move|p1a: Kingambit|Swords Dance|p1a: Kingambit
|-boost|p1a: Kingambit|atk|2
|move|p1b: Sinistcha|Matcha Gotcha|p2a: Pelipper|[spread] p2a,p2b
|-resisted|p2b: Archaludon|2
|-damage|p2a: Pelipper|66/100
|-damage|p2b: Archaludon|93/100
|-ability|p2b: Archaludon|Stamina|boost
|-boost|p2b: Archaludon|def|1
|move|p2a: Pelipper|Hurricane|p1b: Sinistcha
|-supereffective|p1b: Sinistcha|1
|-damage|p1b: Sinistcha|12/100
|-start|p1b: Sinistcha|confusion
|move|p2b: Archaludon|Electro Shot||[still]
|-prepare|p2b: Archaludon|Electro Shot
|-boost|p2b: Archaludon|spa|1
|-anim|p2b: Archaludon|Electro Shot|p1a: Kingambit
|-damage|p1a: Kingambit|43/100
|
|-weather|RainDance|[upkeep]
|-heal|p2b: Archaludon|100/100|[from] item: Leftovers
|upkeep
|turn|4
|inactive|spernerslemma has 30 seconds left.
|inactive|spernerslemma has 20 seconds left.
|
|t:|1784555847
|-activate|p1b: Sinistcha|confusion
|move|p1b: Sinistcha|Protect|p1b: Sinistcha
|-singleturn|p1b: Sinistcha|Protect
|move|p2a: Pelipper|Protect|p2a: Pelipper
|-singleturn|p2a: Pelipper|Protect
|move|p1a: Kingambit|Kowtow Cleave|p2b: Archaludon
|-damage|p2b: Archaludon|39/100
|-ability|p2b: Archaludon|Stamina|boost
|-boost|p2b: Archaludon|def|1
|move|p2b: Archaludon|Electro Shot||[still]
|-prepare|p2b: Archaludon|Electro Shot
|-boost|p2b: Archaludon|spa|1
|-anim|p2b: Archaludon|Electro Shot|p1a: Kingambit
|-damage|p1a: Kingambit|0 fnt
|faint|p1a: Kingambit
|
|-weather|RainDance|[upkeep]
|-heal|p2b: Archaludon|45/100|[from] item: Leftovers
|upkeep
|
|t:|1784555850
|switch|p1a: Starmie|Starmie, L50, shiny|100/100
|turn|5
|-message|endershovel forfeited.
|
|win|spernerslemma
||spernerslemma is ready for game 2.
||endershovel is ready for game 2.
|uhtml|next|Next: Game 2 of 3
