|j|☆ZachWeedFanClub
|j|☆a131905
|html|ZachWeedFanCluba131905    
|uhtml|bestof|Game 1 of a best-of-3
|t:|1756862011
|gametype|doubles
|player|p1|ZachWeedFanClub|gambler|1091
|player|p2|a131905|170|1000
|gen|9
|tier|[Gen 9] VGC 2025 Reg H (Bo3)
|rated|
|rule|Species Clause: Limit one of each Pokémon
|rule|Item Clause: Limit 1 of each item
|clearpoke
|poke|p1|Ursaluna, L50, M|
|poke|p1|Amoonguss, L50, F|
|poke|p1|Porygon2, L50|
|poke|p1|Incineroar, L50, M|
|poke|p1|Gholdengo, L50|
|poke|p1|Mienshao, L50, F|
|poke|p2|Archaludon, L50, M|
|poke|p2|Politoed, L50, F|
|poke|p2|Amoonguss, L50, F|
|poke|p2|Maushold, L50|
|poke|p2|Whimsicott, L50, F|
|poke|p2|Annihilape, L50, F|
|teampreview|4
|showteam|p1|Ursaluna||FlameOrb|Guts|Protect,Facade,HeadlongRush,Substitute|||M|||50|,,,,,Ghost]Amoonguss||CovertCloak|Regenerator|RagePowder,Protect,PollenPuff,Spore|||F|||50|,,,,,Electric]Porygon2||Eviolite|Download|Recover,TeraBlast,IceBeam,TrickRoom||||||50|,,,,,Fighting]Incineroar||AssaultVest|Intimidate|Uturn,FlareBlitz,KnockOff,FakeOut|||M|||50|,,,,,Grass]Gholdengo||LifeOrb|GoodasGold|Protect,MakeItRain,ShadowBall,NastyPlot||||||50|,,,,,Water]Mienshao||FocusSash|InnerFocus|CloseCombat,KnockOff,IceSpinner,WideGuard|||F|||50|,,,,,Stellar
|showteam|p2|Archaludon||AssaultVest|Stamina|BodyPress,ElectroShot,DracoMeteor,Snarl|||M|||50|,,,,,Electric]Politoed||Leftovers|Drizzle|IcyWind,WeatherBall,Protect,HelpingHand|||F|||50|,,,,,Water]Amoonguss||RockyHelmet|Regenerator|Protect,PollenPuff,Spore,SludgeBomb|||F|||50|,,,,,Poison]Maushold||LoadedDice|Technician|FollowMe,Protect,PopulationBomb,BeatUp||||||50|,,,,,Normal]Whimsicott||CovertCloak|Prankster|Tailwind,Encore,BeatUp,Moonblast|||F|||50|,,,,,Steel]Annihilape||ClearAmulet|Defiant|DrainPunch,RageFist,Protect,FinalGambit|||F|||50|,,,,,Grass
|inactive|Battle timer is ON: inactive players will automatically lose when time's up. (requested by ZachWeedFanClub)
|inactive|ZachWeedFanClub has 60 seconds left.
|inactive|ZachWeedFanClub has 30 seconds left.
|inactive|ZachWeedFanClub has 20 seconds left.
|c|☆ZachWeedFanClub|clear amulet doesnt get you the defiant boost btw
|inactive|ZachWeedFanClub has 15 seconds left.
|inactive|ZachWeedFanClub has 10 seconds left.
|
|t:|1756862099
|teamsize|p1|4
|teamsize|p2|4
|start
|switch|p1a: Incineroar|Incineroar, L50, M|100/100
|switch|p1b: Porygon2|Porygon2, L50, shiny|100/100
|switch|p2a: Maushold|Maushold, L50|100/100
|switch|p2b: Annihilape|Annihilape, L50, F|100/100
|-ability|p1a: Incineroar|Intimidate|boost
|-unboost|p2a: Maushold|atk|1
|-fail|p2b: Annihilape|unboost|[from] item: Clear Amulet|[of] p2b: Annihilape
|-ability|p1b: Porygon2|Download|boost
|-boost|p1b: Porygon2|atk|1
|turn|1
|
|t:|1756862120
|switch|p1b: Amoonguss|Amoonguss, L50, F|100/100
|-terastallize|p2a: Maushold|Normal
|move|p2a: Maushold|Population Bomb|p1b: Amoonguss
|-damage|p1b: Amoonguss|92/100
|-damage|p1b: Amoonguss|85/100
|-damage|p1b: Amoonguss|77/100
|-damage|p1b: Amoonguss|69/100
|-damage|p1b: Amoonguss|60/100
|-damage|p1b: Amoonguss|52/100
|-damage|p1b: Amoonguss|44/100
|-damage|p1b: Amoonguss|36/100
|-damage|p1b: Amoonguss|27/100
|-damage|p1b: Amoonguss|20/100
|-hitcount|p1b: Amoonguss|10
|move|p2b: Annihilape|Drain Punch|p1a: Incineroar
|-supereffective|p1a: Incineroar
|-damage|p1a: Incineroar|25/100
|move|p1a: Incineroar|Knock Off|p2a: Maushold
|-damage|p2a: Maushold|46/100
|-enditem|p2a: Maushold|Loaded Dice|[from] move: Knock Off|[of] p1a: Incineroar
|
|upkeep
|turn|2
|inactive|ZachWeedFanClub has 30 seconds left.
|inactive|a131905 has 30 seconds left.
|inactive|ZachWeedFanClub has 20 seconds left.
|
|t:|1756862156
|move|p1b: Amoonguss|Rage Powder|p1b: Amoonguss
|-singleturn|p1b: Amoonguss|move: Rage Powder
|move|p2a: Maushold|Population Bomb|p1b: Amoonguss|[miss]
|-miss|p2a: Maushold|p1b: Amoonguss
|move|p2b: Annihilape|Drain Punch|p1b: Amoonguss
|-resisted|p1b: Amoonguss
|-damage|p1b: Amoonguss|6/100
|move|p1a: Incineroar|Flare Blitz|p2a: Maushold
|-damage|p2a: Maushold|0 fnt
|faint|p2a: Maushold
|-damage|p1a: Incineroar|13/100|[from] Recoil
|
|upkeep
|
|t:|1756862171
|switch|p2a: Archaludon|Archaludon, L50, M|100/100
|turn|3
|
|t:|1756862179
|switch|p1a: Porygon2|Porygon2, L50, shiny|100/100
|-ability|p1a: Porygon2|Download|boost
|-boost|p1a: Porygon2|spa|1
|move|p1b: Amoonguss|Rage Powder|p1b: Amoonguss
|-singleturn|p1b: Amoonguss|move: Rage Powder
|move|p2b: Annihilape|Drain Punch|p1b: Amoonguss
|-resisted|p1b: Amoonguss
|-crit|p1b: Amoonguss
|-damage|p1b: Amoonguss|0 fnt
|faint|p1b: Amoonguss
|move|p2a: Archaludon|Snarl|p1a: Porygon2
|-damage|p1a: Porygon2|89/100
|-unboost|p1a: Porygon2|spa|1
|
|upkeep
|
|t:|1756862181
|switch|p1b: Incineroar|Incineroar, L50, M|13/100
|-ability|p1b: Incineroar|Intimidate|boost
|-unboost|p2a: Archaludon|atk|1
|-fail|p2b: Annihilape|unboost|[from] item: Clear Amulet|[of] p2b: Annihilape
|turn|4
|
|t:|1756862201
|move|p1b: Incineroar|Fake Out|p2a: Archaludon
|-resisted|p2a: Archaludon
|-damage|p2a: Archaludon|96/100
|-ability|p2a: Archaludon|Stamina|boost
|-boost|p2a: Archaludon|def|1
|move|p2b: Annihilape|Drain Punch|p1b: Incineroar
|-supereffective|p1b: Incineroar
|-damage|p1b: Incineroar|0 fnt
|faint|p1b: Incineroar
|cant|p2a: Archaludon|flinch
|move|p1a: Porygon2|Trick Room|p1a: Porygon2
|-fieldstart|move: Trick Room|[of] p1a: Porygon2
|
|upkeep
|
|t:|1756862203
|switch|p1b: Ursaluna|Ursaluna, L50, M|100/100
|turn|5
|inactive|ZachWeedFanClub has 30 seconds left.
|inactive|ZachWeedFanClub has 20 seconds left.
|inactive|ZachWeedFanClub has 15 seconds left.
|
|t:|1756862244
|-terastallize|p1a: Porygon2|Fighting
|move|p1b: Ursaluna|Headlong Rush|p2b: Annihilape
|-damage|p2b: Annihilape|31/100
|-unboost|p1b: Ursaluna|def|1
|-unboost|p1b: Ursaluna|spd|1
|move|p1a: Porygon2|Tera Blast|p2a: Archaludon|[anim] Tera Blast Fighting
|-supereffective|p2a: Archaludon
|-damage|p2a: Archaludon|37/100
|-ability|p2a: Archaludon|Stamina|boost
|-boost|p2a: Archaludon|def|1
|move|p2a: Archaludon|Snarl|p1b: Ursaluna|[spread] p1a,p1b
|-resisted|p1a: Porygon2
|-damage|p1a: Porygon2|84/100
|-damage|p1b: Ursaluna|79/100
|-unboost|p1a: Porygon2|spa|1
|-unboost|p1b: Ursaluna|spa|1
|move|p2b: Annihilape|Final Gambit|p1b: Ursaluna
|-damage|p1b: Ursaluna|51/100
|faint|p2b: Annihilape
|
|-status|p1b: Ursaluna|brn|[from] item: Flame Orb
|upkeep
|
|t:|1756862266
|switch|p2b: Politoed|Politoed, L50, F|100/100
|-weather|RainDance|[from] ability: Drizzle|[of] p2b: Politoed
|turn|6
|-message|a131905 forfeited.
|raw|ZachWeedFanClub's rating: 1091 → 1111(+20 for winning)
|raw|a131905's rating: 1000 → 1000(+0 for losing)
|
|win|ZachWeedFanClub
|l|☆a131905
|player|p2|
|c|☆ZachWeedFanClub|gg
