|j|☆VenuDaAscoInRain
|j|☆ner0_05
|html|VenuDaAscoInRainner0_05    
|uhtml|bestof|Game 2 of a best-of-3
|t:|1783066723
|gametype|doubles
|player|p1|VenuDaAscoInRain|li|1160
|player|p2|ner0_05|102|1185
|gen|9
|tier|[Gen 9 Champions] VGC 2026 Reg M-B (Bo3)
|rated|
|rule|Species Clause: Limit one of each Pokémon
|rule|Item Clause: Limit 1 of each item
|clearpoke
|poke|p1|Pelipper, L50, M, shiny|
|poke|p1|Swampert, L50, M|
|poke|p1|Archaludon, L50, M, shiny|
|poke|p1|Grimmsnarl, L50, M, shiny|
|poke|p1|Venusaur, L50, M, shiny|
|poke|p1|Sneasler, L50, M, shiny|
|poke|p2|Swampert, L50, F|
|poke|p2|Sinistcha, L50|
|poke|p2|Archaludon, L50, M|
|poke|p2|Pelipper, L50, M|
|poke|p2|Dragalge, L50, F|
|poke|p2|Grimmsnarl, L50, M|
|teampreview|4
|showteam|p1|Pelipper||FocusSash|Drizzle|WeatherBall,Hurricane,Tailwind,Protect|Modest||M|||50|]Swampert||Swampertite|Torrent|WaveCrash,IcePunch,HighHorsepower,Protect|Adamant||M|||50|]Archaludon||Leftovers|Stamina|ElectroShot,FlashCannon,DragonPulse,Protect|Modest||M|||50|]Grimmsnarl||RoseliBerry|Prankster|SpiritBreak,PartingShot,Reflect,LightScreen|Careful||M|||50|]Venusaur||Venusaurite|Chlorophyll|SludgeBomb,GigaDrain,EarthPower,SleepPowder|Modest||M|||50|]Sneasler||WhiteHerb|Unburden|DireClaw,CloseCombat,FakeOut,RockTomb|Jolly||M|||50|
|showteam|p2|Swampert||Swampertite|Torrent|Protect,WaveCrash,Earthquake,KnockOff|Adamant||F|||50|]Sinistcha||SitrusBerry|Hospitality|Protect,MatchaGotcha,TrickRoom,RagePowder|Bold|||||50|]Archaludon||Leftovers|Stamina|Protect,ElectroShot,FlashCannon,AuraSphere|Modest||M|||50|]Pelipper||LifeOrb|Drizzle|WeatherBall,Hurricane,WideGuard,Protect|Modest||M|||50|]Dragalge||Dragalgite|Adaptability|Protect,SludgeBomb,DracoMeteor,SludgeWave|Calm||F|||50|]Grimmsnarl||LightClay|Prankster|Reflect,LightScreen,PartingShot,SpiritBreak|Careful||M|||50|
|inactive|Battle timer is ON: inactive players will automatically lose when time's up. (requested by VenuDaAscoInRain)
|
|t:|1783066743
|teamsize|p1|4
|teamsize|p2|4
|start
|switch|p1a: Sneasler|Sneasler, L50, M, shiny|100/100
|switch|p1b: Venusaur|Venusaur, L50, M, shiny|100/100
|switch|p2a: Grimmsnarl|Grimmsnarl, L50, M|100/100
|switch|p2b: Sinistcha|Sinistcha, L50|100/100
|turn|1
|inactive|ner0_05 has 30 seconds left.
|
|t:|1783066777
|switch|p2a: Archaludon|Archaludon, L50, M|100/100
|detailschange|p1b: Venusaur|Venusaur-Mega, L50, M, shiny
|-mega|p1b: Venusaur|Venusaur|Venusaurite
|move|p1a: Sneasler|Fake Out|p2a: Archaludon
|-resisted|p2a: Archaludon|1
|-damage|p2a: Archaludon|94/100
|-ability|p2a: Archaludon|Stamina|boost
|-boost|p2a: Archaludon|def|1
|move|p1b: Venusaur|Sludge Bomb|p2a: Archaludon
|-immune|p2a: Archaludon
|move|p2b: Sinistcha|Trick Room|p2b: Sinistcha
|-fieldstart|move: Trick Room|[of] p2b: Sinistcha
|
|-heal|p2a: Archaludon|100/100|[from] item: Leftovers
|upkeep
|turn|2
|
|t:|1783066798
|switch|p1a: Archaludon|Archaludon, L50, M, shiny|100/100
|move|p2b: Sinistcha|Matcha Gotcha|p1a: Archaludon|[spread] p1a,p1b
|-resisted|p1a: Archaludon|2
|-resisted|p1b: Venusaur|2
|-damage|p1a: Archaludon|94/100
|-damage|p1b: Venusaur|95/100
|-status|p1b: Venusaur|brn
|-ability|p1a: Archaludon|Stamina|boost
|-boost|p1a: Archaludon|def|1
|move|p1b: Venusaur|Sleep Powder|p2a: Archaludon
|-status|p2a: Archaludon|slp|[from] move: Sleep Powder
|cant|p2a: Archaludon|slp
|
|-heal|p1a: Archaludon|100/100|[from] item: Leftovers
|-damage|p1b: Venusaur|89/100 brn|[from] brn
|upkeep
|turn|3
|inactive|ner0_05 has 30 seconds left.
|inactive|ner0_05 has 20 seconds left.
|inactive|ner0_05 has 15 seconds left.
|
|t:|1783066841
|switch|p2b: Dragalge|Dragalge, L50, F|100/100
|move|p1a: Archaludon|Dragon Pulse|p2a: Archaludon
|-damage|p2a: Archaludon|62/100 slp
|-ability|p2a: Archaludon|Stamina|boost
|-boost|p2a: Archaludon|def|1
|move|p1b: Venusaur|Earth Power|p2a: Archaludon
|-supereffective|p2a: Archaludon|1
|-damage|p2a: Archaludon|8/100 slp
|-ability|p2a: Archaludon|Stamina|boost
|-boost|p2a: Archaludon|def|1
|-curestatus|p2a: Archaludon|slp|[msg]
|move|p2a: Archaludon|Aura Sphere|p1a: Archaludon
|-supereffective|p1a: Archaludon|1
|-damage|p1a: Archaludon|53/100
|-ability|p1a: Archaludon|Stamina|boost
|-boost|p1a: Archaludon|def|1
|
|-heal|p1a: Archaludon|59/100|[from] item: Leftovers
|-heal|p2a: Archaludon|14/100|[from] item: Leftovers
|-damage|p1b: Venusaur|83/100 brn|[from] brn
|upkeep
|turn|4
|inactive|VenuDaAscoInRain has 30 seconds left.
|
|t:|1783066869
|switch|p1b: Grimmsnarl|Grimmsnarl, L50, M, shiny|100/100
|switch|p2a: Grimmsnarl|Grimmsnarl, L50, M|100/100
|detailschange|p2b: Dragalge|Dragalge-Mega, L50, F
|-mega|p2b: Dragalge|Dragalge|Dragalgite
|move|p2b: Dragalge|Draco Meteor|p1a: Archaludon
|-damage|p1a: Archaludon|0 fnt
|-unboost|p2b: Dragalge|spa|2
|faint|p1a: Archaludon
|
|upkeep
|
|t:|1783066877
|switch|p1a: Venusaur|Venusaur-Mega, L50, M, shiny|83/100 brn
|turn|5
|
|t:|1783066888
|switch|p2b: Sinistcha|Sinistcha, L50|100/100
|move|p1b: Grimmsnarl|Parting Shot|p2b: Sinistcha
|-unboost|p2b: Sinistcha|atk|1
|-unboost|p2b: Sinistcha|spa|1
|
|t:|1783066892
|switch|p1b: Sneasler|Sneasler, L50, M, shiny|100/100|[from] Parting Shot
|move|p2a: Grimmsnarl|Light Screen|p2a: Grimmsnarl
|-sidestart|p2: ner0_05|move: Light Screen
|move|p1a: Venusaur|Sleep Powder|p2a: Grimmsnarl
|-status|p2a: Grimmsnarl|slp|[from] move: Sleep Powder
|
|-damage|p1a: Venusaur|77/100 brn|[from] brn
|-fieldend|move: Trick Room
|upkeep
|turn|6
|
|t:|1783066908
|switch|p2a: Dragalge|Dragalge-Mega, L50, F|100/100
|move|p1b: Sneasler|Dire Claw|p2b: Sinistcha
|-damage|p2b: Sinistcha|63/100
|move|p1a: Venusaur|Sludge Bomb|p2b: Sinistcha
|-damage|p2b: Sinistcha|31/100
|-status|p2b: Sinistcha|psn
|-enditem|p2b: Sinistcha|Sitrus Berry|[eat]
|-heal|p2b: Sinistcha|56/100 psn|[from] item: Sitrus Berry
|move|p2b: Sinistcha|Trick Room|p2b: Sinistcha
|-fieldstart|move: Trick Room|[of] p2b: Sinistcha
|
|-damage|p2b: Sinistcha|44/100 psn|[from] psn
|-damage|p1a: Venusaur|71/100 brn|[from] brn
|upkeep
|turn|7
|inactive|ner0_05 has 30 seconds left.
|
|t:|1783066934
|switch|p1b: Grimmsnarl|Grimmsnarl, L50, M, shiny|100/100
|move|p2a: Dragalge|Sludge Bomb|p1b: Grimmsnarl
|-supereffective|p1b: Grimmsnarl|1
|-damage|p1b: Grimmsnarl|28/100
|move|p2b: Sinistcha|Matcha Gotcha|p1b: Grimmsnarl|[spread] p1a,p1b
|-resisted|p1a: Venusaur|2
|-damage|p1a: Venusaur|68/100 brn
|-heal|p2b: Sinistcha|45/100 psn|[from] drain|[of] p1a: Venusaur
|-damage|p1b: Grimmsnarl|13/100
|-heal|p2b: Sinistcha|54/100 psn|[from] drain|[of] p1b: Grimmsnarl
|move|p1a: Venusaur|Sleep Powder|p2a: Dragalge|[miss]
|-miss|p1a: Venusaur|p2a: Dragalge
|
|-damage|p2b: Sinistcha|42/100 psn|[from] psn
|-damage|p1a: Venusaur|62/100 brn|[from] brn
|upkeep
|turn|8
|inactive|ner0_05 has 30 seconds left.
|
|t:|1783066961
|switch|p2b: Archaludon|Archaludon, L50, M|14/100
|move|p1b: Grimmsnarl|Parting Shot|p2a: Dragalge
|-unboost|p2a: Dragalge|atk|1
|-unboost|p2a: Dragalge|spa|1
|
|t:|1783066965
|switch|p1b: Sneasler|Sneasler, L50, M, shiny|100/100|[from] Parting Shot
|move|p2a: Dragalge|Sludge Wave|p1a: Venusaur|[spread] p1a,p1b
|-immune|p2b: Archaludon
|-resisted|p1b: Sneasler|1
|-damage|p1a: Venusaur|43/100 brn
|-damage|p1b: Sneasler|85/100
|move|p1a: Venusaur|Sleep Powder|p2a: Dragalge|[miss]
|-miss|p1a: Venusaur|p2a: Dragalge
|
|-heal|p2b: Archaludon|20/100y|[from] item: Leftovers
|-damage|p1a: Venusaur|37/100 brn|[from] brn
|upkeep
|turn|9
|inactive|ner0_05 has 30 seconds left.
|
|t:|1783066994
|switch|p2a: Sinistcha|Sinistcha, L50|42/100 psn
|-heal|p2b: Archaludon|45/100|[from] ability: Hospitality|[of] p2a: Sinistcha
|move|p1b: Sneasler|Fake Out|p2a: Sinistcha
|-immune|p2a: Sinistcha
|move|p1a: Venusaur|Earth Power|p2b: Archaludon
|-supereffective|p2b: Archaludon|1
|-damage|p2b: Archaludon|8/100
|-ability|p2b: Archaludon|Stamina|boost
|-boost|p2b: Archaludon|def|1
|move|p2b: Archaludon|Flash Cannon|p1a: Venusaur
|-damage|p1a: Venusaur|8/100 brn
|
|-heal|p2b: Archaludon|14/100|[from] item: Leftovers
|-damage|p2a: Sinistcha|29/100 psn|[from] psn
|-damage|p1a: Venusaur|2/100 brn|[from] brn
|upkeep
|turn|10
|inactive|VenuDaAscoInRain has 30 seconds left.
|inactive|VenuDaAscoInRain has 20 seconds left.
|inactive|VenuDaAscoInRain has 15 seconds left.
|inactive|VenuDaAscoInRain has 10 seconds left.
|inactive|VenuDaAscoInRain has 5 seconds left.
|
|t:|1783067049
|move|p2a: Sinistcha|Matcha Gotcha|p1a: Venusaur|[spread] p1a,p1b
|-resisted|p1a: Venusaur|2
|-resisted|p1b: Sneasler|1
|-damage|p1a: Venusaur|0 fnt
|-heal|p2a: Sinistcha|31/100 psn|[from] drain|[of] p1a: Venusaur
|-damage|p1b: Sneasler|69/100
|-heal|p2a: Sinistcha|38/100 psn|[from] drain|[of] p1b: Sneasler
|faint|p1a: Venusaur
|move|p2b: Archaludon|Flash Cannon|p1b: Sneasler
|-damage|p1b: Sneasler|21/100
|move|p1b: Sneasler|Dire Claw|p2a: Sinistcha
|-damage|p2a: Sinistcha|3/100 psn
|
|-heal|p2b: Archaludon|21/100|[from] item: Leftovers
|-damage|p2a: Sinistcha|0 fnt|[from] psn
|faint|p2a: Sinistcha
|-fieldend|move: Trick Room
|upkeep
|-message|VenuDaAscoInRain forfeited.
|
|win|ner0_05
|raw|VenuDaAscoInRain's rating: 1160 → 1137(-23 for losing)
|raw|ner0_05's rating: 1185 → 1208(+23 for winning)
