|j|☆munjah 14
|j|☆breloomb01
|html|munjah 14breloomb01    
|uhtml|bestof|Game 1 of a best-of-3
|t:|1785440976
|gametype|doubles
|player|p1|munjah 14|102|1250
|player|p2|breloomb01|roughneck|1266
|gen|9
|tier|[Gen 9 Champions] VGC 2026 Reg M-B (Bo3)
|rated|
|rule|Species Clause: Limit one of each Pokémon
|rule|Item Clause: Limit 1 of each item
|clearpoke
|poke|p1|Tyranitar, L50, F, shiny|
|poke|p1|Gholdengo, L50, shiny|
|poke|p1|Excadrill, L50, M, shiny|
|poke|p1|Milotic, L50, M, shiny|
|poke|p1|Staraptor, L50, F, shiny|
|poke|p1|Sinistcha-Masterpiece, L50, shiny|
|poke|p2|Floette-Eternal, L50, F|
|poke|p2|Incineroar, L50, F|
|poke|p2|Sinistcha, L50|
|poke|p2|Garchomp, L50, M|
|poke|p2|Sneasler, L50, M|
|poke|p2|Rotom-Wash, L50|
|teampreview|4
|showteam|p1|Tyranitar||Tyranitarite|SandStream|RockSlide,LowKick,KnockOff,Protect|Jolly||F|||50|]Gholdengo||LifeOrb|GoodasGold|MakeItRain,ShadowBall,NastyPlot,Protect|Modest|||||50|]Excadrill||FocusSash|SandRush|RockSlide,IronHead,HighHorsepower,Protect|Adamant||M|||50|]Milotic||SitrusBerry|Competitive|IcyWind,Scald,Haze,Protect|Calm||M|||50|]Staraptor||Staraptite|Intimidate|BraveBird,CloseCombat,Tailwind,Protect|Jolly||F|||50|]Sinistcha-Masterpiece||ColburBerry|Hospitality|MatchaGotcha,ShadowBall,RagePowder,Protect|Calm|||||50|
|showteam|p2|Floette-Eternal||Floettite|FlowerVeil|DrainingKiss,DazzlingGleam,CalmMind,Protect|Modest||F|||50|]Incineroar||SitrusBerry|Intimidate|FakeOut,FlareBlitz,ThroatChop,PartingShot|Careful||F|||50|]Sinistcha||KasibBerry|Hospitality|Protect,RagePowder,MatchaGotcha,TrickRoom|Calm|||||50|]Garchomp||LifeOrb|RoughSkin|Earthquake,DragonClaw,RockSlide,Protect|Jolly||M|||50|]Sneasler||FocusSash|PoisonTouch|FakeOut,DireClaw,CloseCombat,Protect|Jolly||M|||50|]Rotom-Wash||Leftovers|Levitate|HydroPump,Protect,WillOWisp,Electroweb|Bold|||||50|
|inactive|Battle timer is ON: inactive players will automatically lose when time's up. (requested by munjah 14)
|
|t:|1785441013
|teamsize|p1|4
|teamsize|p2|4
|start
|switch|p1a: Milotic|Milotic, L50, M, shiny|100/100
|switch|p1b: Staraptor|Staraptor, L50, F, shiny|100/100
|switch|p2a: Garchomp|Garchomp, L50, M|100/100
|switch|p2b: Rotom|Rotom-Wash, L50|100/100
|-ability|p1b: Staraptor|Intimidate|boost
|-unboost|p2a: Garchomp|atk|1
|-unboost|p2b: Rotom|atk|1
|turn|1
|
|t:|1785441032
|move|p1b: Staraptor|Protect|p1b: Staraptor
|-singleturn|p1b: Staraptor|Protect
|move|p2a: Garchomp|Rock Slide|p1a: Milotic|[spread] 
|-activate|p1b: Staraptor|move: Protect
|-miss|p2a: Garchomp|p1a: Milotic
|move|p2b: Rotom|Will-O-Wisp|p1b: Staraptor
|-activate|p1b: Staraptor|move: Protect
|move|p1a: Milotic|Icy Wind|p2a: Garchomp|[spread] p2a,p2b
|-supereffective|p2a: Garchomp|2
|-resisted|p2b: Rotom|1
|-damage|p2a: Garchomp|54/100
|-damage|p2b: Rotom|95/100
|-unboost|p2a: Garchomp|spe|1
|-unboost|p2b: Rotom|spe|1
|
|-heal|p2b: Rotom|100/100|[from] item: Leftovers
|upkeep
|turn|2
|inactive|breloomb01 has 30 seconds left.
|
|t:|1785441065
|switch|p1b: Tyranitar|Tyranitar, L50, F, shiny|100/100
|-weather|Sandstorm|[from] ability: Sand Stream|[of] p1b: Tyranitar
|switch|p2a: Sinistcha|Sinistcha, L50|100/100
|move|p1a: Milotic|Icy Wind|p2b: Rotom|[spread] p2a,p2b
|-supereffective|p2a: Sinistcha|1
|-resisted|p2b: Rotom|1
|-damage|p2a: Sinistcha|82/100
|-damage|p2b: Rotom|95/100
|-unboost|p2a: Sinistcha|spe|1
|-unboost|p2b: Rotom|spe|1
|move|p2b: Rotom|Will-O-Wisp|p1b: Tyranitar
|-status|p1b: Tyranitar|brn
|
|-weather|Sandstorm|[upkeep]
|-damage|p1a: Milotic|94/100|[from] Sandstorm
|-damage|p2a: Sinistcha|75/100|[from] Sandstorm
|-damage|p2b: Rotom|89/100|[from] Sandstorm
|-heal|p2b: Rotom|95/100|[from] item: Leftovers
|-damage|p1b: Tyranitar|93/100 brn|[from] brn
|upkeep
|turn|3
|inactive|munjah 14 has 30 seconds left.
|
|t:|1785441091
|move|p1b: Tyranitar|Knock Off|p2b: Rotom
|-damage|p2b: Rotom|75/100
|-enditem|p2b: Rotom|Leftovers|[from] move: Knock Off|[of] p1b: Tyranitar
|move|p1a: Milotic|Icy Wind|p2b: Rotom|[spread] p2a,p2b
|-supereffective|p2a: Sinistcha|1
|-resisted|p2b: Rotom|1
|-damage|p2a: Sinistcha|55/100
|-damage|p2b: Rotom|71/100
|-unboost|p2a: Sinistcha|spe|1
|-unboost|p2b: Rotom|spe|1
|move|p2b: Rotom|Hydro Pump|p1b: Tyranitar
|-supereffective|p1b: Tyranitar|1
|-damage|p1b: Tyranitar|43/100 brn
|move|p2a: Sinistcha|Matcha Gotcha|p1b: Tyranitar|[spread] p1a,p1b
|-supereffective|p1a: Milotic|1
|-supereffective|p1b: Tyranitar|1
|-damage|p1a: Milotic|66/100
|-heal|p2a: Sinistcha|71/100|[from] drain|[of] p1a: Milotic
|-damage|p1b: Tyranitar|15/100 brn
|-heal|p2a: Sinistcha|86/100|[from] drain|[of] p1b: Tyranitar
|
|-weather|Sandstorm|[upkeep]
|-damage|p1a: Milotic|60/100|[from] Sandstorm
|-damage|p2b: Rotom|65/100|[from] Sandstorm
|-damage|p2a: Sinistcha|80/100|[from] Sandstorm
|-damage|p1b: Tyranitar|9/100 brn|[from] brn
|upkeep
|turn|4
|
|t:|1785441104
|move|p1a: Milotic|Protect|p1a: Milotic
|-singleturn|p1a: Milotic|Protect
|move|p1b: Tyranitar|Knock Off|p2a: Sinistcha
|-supereffective|p2a: Sinistcha|1
|-damage|p2a: Sinistcha|42/100
|-enditem|p2a: Sinistcha|Kasib Berry|[from] move: Knock Off|[of] p1b: Tyranitar
|move|p2b: Rotom|Will-O-Wisp|p1a: Milotic
|-activate|p1a: Milotic|move: Protect
|move|p2a: Sinistcha|Matcha Gotcha|p1b: Tyranitar|[spread] p1b
|-activate|p1a: Milotic|move: Protect
|-supereffective|p1b: Tyranitar|1
|-damage|p1b: Tyranitar|0 fnt
|-heal|p2a: Sinistcha|47/100|[from] drain|[of] p1b: Tyranitar
|faint|p1b: Tyranitar
|
|-weather|Sandstorm|[upkeep]
|-damage|p1a: Milotic|54/100|[from] Sandstorm
|-damage|p2b: Rotom|59/100|[from] Sandstorm
|-damage|p2a: Sinistcha|41/100|[from] Sandstorm
|upkeep
|
|t:|1785441122
|switch|p1b: Staraptor|Staraptor, L50, F, shiny|100/100
|-ability|p1b: Staraptor|Intimidate|boost
|-unboost|p2a: Sinistcha|atk|1
|-unboost|p2b: Rotom|atk|1
|turn|5
|
|t:|1785441131
|detailschange|p1b: Staraptor|Staraptor-Mega, L50, F, shiny
|-mega|p1b: Staraptor|Staraptor|Staraptite
|move|p2a: Sinistcha|Rage Powder|p2a: Sinistcha
|-singleturn|p2a: Sinistcha|move: Rage Powder
|move|p1b: Staraptor|Close Combat|p2a: Sinistcha
|-immune|p2a: Sinistcha
|move|p1a: Milotic|Icy Wind|p2b: Rotom|[spread] p2a,p2b
|-supereffective|p2a: Sinistcha|1
|-resisted|p2b: Rotom|1
|-damage|p2a: Sinistcha|23/100
|-damage|p2b: Rotom|54/100
|-unboost|p2a: Sinistcha|spe|1
|-unboost|p2b: Rotom|spe|1
|move|p2b: Rotom|Will-O-Wisp|p1b: Staraptor
|-status|p1b: Staraptor|brn
|
|-weather|Sandstorm|[upkeep]
|-damage|p1b: Staraptor|93/100 brn|[from] Sandstorm
|-damage|p1a: Milotic|48/100|[from] Sandstorm
|-damage|p2b: Rotom|49/100|[from] Sandstorm
|-damage|p2a: Sinistcha|17/100|[from] Sandstorm
|-enditem|p1a: Milotic|Sitrus Berry|[eat]
|-heal|p1a: Milotic|73/100|[from] item: Sitrus Berry
|-damage|p1b: Staraptor|87/100 brn|[from] brn
|upkeep
|turn|6
|-message|munjah 14 forfeited.
|
|win|breloomb01
|l|☆munjah 14
|player|p1|
||breloomb01 is ready for game 2.
||munjah 14 is ready for game 2.
|uhtml|next|Next: Game 2 of 3
