|j|☆DrManbeast
|j|☆FALL3N_DWN
|html|DrManbeastFALL3N_DWN    
|uhtml|bestof|Game 1 of a best-of-3
|t:|1757114375
|gametype|doubles
|player|p1|DrManbeast|169|1131
|player|p2|FALL3N_DWN|carmine-festival|1153
|gen|9
|tier|[Gen 9] VGC 2025 Reg H (Bo3)
|rated|
|rule|Species Clause: Limit one of each Pokémon
|rule|Item Clause: Limit 1 of each item
|clearpoke
|poke|p1|Dragonite, L50, F|
|poke|p1|Gholdengo, L50|
|poke|p1|Ursaluna, L50, M|
|poke|p1|Annihilape, L50, F|
|poke|p1|Porygon2, L50|
|poke|p1|Incineroar, L50, F|
|poke|p2|Electabuzz, L50, M|
|poke|p2|Kingambit, L50, F|
|poke|p2|Volcarona, L50, M|
|poke|p2|Dragonite, L50, F|
|poke|p2|Sneasler, L50, F|
|poke|p2|Rillaboom, L50, F|
|teampreview|4
|showteam|p1|Dragonite||LoadedDice|InnerFocus|ScaleShot,Tailwind,Haze,Protect|||F|||50|,,,,,Steel]Gholdengo||MetalCoat|GoodasGold|MakeItRain,ShadowBall,NastyPlot,Protect||||||50|,,,,,Water]Ursaluna||FlameOrb|Guts|Facade,HeadlongRush,Earthquake,Protect|||M|||50|,,,,,Ghost]Annihilape||FocusSash|Defiant|CloseCombat,RageFist,Coaching,Taunt|||F|||50|,,,,,Stellar]Porygon2||Eviolite|Download|IceBeam,TeraBlast,Recover,TrickRoom||||||50|,,,,,Fighting]Incineroar||SafetyGoggles|Intimidate|FakeOut,KnockOff,PartingShot,WillOWisp|||F|||50|,,,,,Water
|showteam|p2|Electabuzz||Eviolite|VitalSpirit|FollowMe,Thunderbolt,Taunt,Protect|||M|||50|,,,,,Ghost]Kingambit||BlackGlasses|Defiant|KowtowCleave,SuckerPunch,SwordsDance,Protect|||F|||50|,,,,,Dark]Volcarona||Leftovers|FlameBody|HeatWave,TeraBlast,QuiverDance,Protect|||M|||50|,,,,,Fairy]Dragonite||LoadedDice|Multiscale|ScaleShot,ExtremeSpeed,Haze,Protect|||F|||50|,,,,,Fairy]Sneasler||FocusSash|Unburden|DireClaw,CloseCombat,Coaching,FakeOut|||F|||50|,,,,,Stellar]Rillaboom||AssaultVest|GrassySurge|FakeOut,WoodHammer,GrassyGlide,HighHorsepower|||F|||50|,,,,,Fire
|inactive|Battle timer is ON: inactive players will automatically lose when time's up. (requested by DrManbeast)
|inactive|DrManbeast has 60 seconds left.
|inactive|FALL3N_DWN has 60 seconds left.
|inactive|FALL3N_DWN has 30 seconds left.
|inactive|FALL3N_DWN has 20 seconds left.
|inactive|FALL3N_DWN has 15 seconds left.
|inactive|FALL3N_DWN has 10 seconds left.
|
|t:|1757114461
|teamsize|p1|4
|teamsize|p2|4
|start
|switch|p1a: Porygon2|Porygon2, L50|100/100
|switch|p1b: Dragonite|Dragonite, L50, F|100/100
|switch|p2a: Volcarona|Volcarona, L50, M|100/100
|switch|p2b: Rillaboom|Rillaboom, L50, F|100/100
|-fieldstart|move: Grassy Terrain|[from] ability: Grassy Surge|[of] p2b: Rillaboom
|-ability|p1a: Porygon2|Download|boost
|-boost|p1a: Porygon2|atk|1
|turn|1
|inactive|FALL3N_DWN has 30 seconds left.
|inactive|FALL3N_DWN has 20 seconds left.
|inactive|FALL3N_DWN has 15 seconds left.
|inactive|FALL3N_DWN has 10 seconds left.
|
|t:|1757114510
|-terastallize|p2a: Volcarona|Fairy
|move|p2b: Rillaboom|Fake Out|p1a: Porygon2
|-damage|p1a: Porygon2|92/100
|move|p2a: Volcarona|Tera Blast|p1b: Dragonite|[anim] Tera Blast Fairy
|-supereffective|p1b: Dragonite
|-damage|p1b: Dragonite|31/100
|move|p1b: Dragonite|Scale Shot|p2b: Rillaboom
|-damage|p2b: Rillaboom|88/100
|-damage|p2b: Rillaboom|78/100
|-damage|p2b: Rillaboom|67/100
|-damage|p2b: Rillaboom|56/100
|-damage|p2b: Rillaboom|46/100
|-hitcount|p2b: Rillaboom|5
|-unboost|p1b: Dragonite|def|1
|-boost|p1b: Dragonite|spe|1
|cant|p1a: Porygon2|flinch
|
|-heal|p2b: Rillaboom|51/100|[from] Grassy Terrain
|-heal|p1a: Porygon2|98/100|[from] Grassy Terrain
|upkeep
|turn|2
|inactive|DrManbeast has 30 seconds left.
|inactive|FALL3N_DWN has 30 seconds left.
|inactive|FALL3N_DWN has 20 seconds left.
|inactive|FALL3N_DWN has 15 seconds left.
|
|t:|1757114554
|switch|p2b: Electabuzz|Electabuzz, L50, M|100/100
|move|p1b: Dragonite|Scale Shot|p2b: Electabuzz
|-damage|p2b: Electabuzz|90/100
|-damage|p2b: Electabuzz|80/100
|-damage|p2b: Electabuzz|70/100
|-damage|p2b: Electabuzz|61/100
|-damage|p2b: Electabuzz|50/100
|-hitcount|p2b: Electabuzz|5
|-unboost|p1b: Dragonite|def|1
|-boost|p1b: Dragonite|spe|1
|move|p2a: Volcarona|Heat Wave|p1b: Dragonite|[spread] p1a,p1b
|-resisted|p1b: Dragonite
|-damage|p1a: Porygon2|77/100
|-damage|p1b: Dragonite|14/100
|-status|p1b: Dragonite|brn
|move|p1a: Porygon2|Trick Room|p1a: Porygon2
|-fieldstart|move: Trick Room|[of] p1a: Porygon2
|
|-heal|p1a: Porygon2|83/100|[from] Grassy Terrain
|-heal|p2b: Electabuzz|56/100|[from] Grassy Terrain
|-damage|p1b: Dragonite|8/100 brn|[from] brn
|upkeep
|turn|3
|inactive|DrManbeast has 30 seconds left.
|inactive|FALL3N_DWN has 30 seconds left.
|inactive|DrManbeast has 20 seconds left.
|inactive|FALL3N_DWN has 20 seconds left.
|inactive|DrManbeast has 15 seconds left.
|inactive|FALL3N_DWN has 15 seconds left.
|inactive|FALL3N_DWN has 10 seconds left.
|inactive|FALL3N_DWN has 5 seconds left.
|
|t:|1757114609
|switch|p1a: Ursaluna|Ursaluna, L50, M|100/100
|switch|p2b: Rillaboom|Rillaboom, L50, F|51/100
|move|p2a: Volcarona|Heat Wave|p1b: Dragonite|[spread] p1b
|-miss|p2a: Volcarona|p1a: Ursaluna
|-resisted|p1b: Dragonite
|-damage|p1b: Dragonite|0 fnt
|faint|p1b: Dragonite
|
|-heal|p2b: Rillaboom|57/100|[from] Grassy Terrain
|-status|p1a: Ursaluna|brn|[from] item: Flame Orb
|upkeep
|
|t:|1757114618
|switch|p1b: Porygon2|Porygon2, L50|83/100
|-ability|p1b: Porygon2|Download|boost
|-boost|p1b: Porygon2|atk|1
|turn|4
|
|t:|1757114639
|-terastallize|p1a: Ursaluna|Ghost
|move|p2b: Rillaboom|Grassy Glide|p1a: Ursaluna
|-damage|p1a: Ursaluna|71/100 brn
|move|p1a: Ursaluna|Facade|p2a: Volcarona
|-damage|p2a: Volcarona|0 fnt
|faint|p2a: Volcarona
|move|p1b: Porygon2|Ice Beam|p2b: Rillaboom
|-supereffective|p2b: Rillaboom
|-damage|p2b: Rillaboom|20/100
|
|-heal|p1a: Ursaluna|77/100 brn|[from] Grassy Terrain
|-heal|p1b: Porygon2|88/100|[from] Grassy Terrain
|-heal|p2b: Rillaboom|26/100|[from] Grassy Terrain
|-damage|p1a: Ursaluna|71/100 brn|[from] brn
|upkeep
|
|t:|1757114655
|switch|p2a: Kingambit|Kingambit, L50, F|100/100
|turn|5
|inactive|FALL3N_DWN has 30 seconds left.
|
|t:|1757114688
|move|p1a: Ursaluna|Protect|p1a: Ursaluna
|-singleturn|p1a: Ursaluna|Protect
|move|p2a: Kingambit|Sucker Punch||[still]
|-fail|p2a: Kingambit
|move|p2b: Rillaboom|Grassy Glide|p1a: Ursaluna
|-activate|p1a: Ursaluna|move: Protect
|move|p1b: Porygon2|Ice Beam|p2b: Rillaboom
|-supereffective|p2b: Rillaboom
|-damage|p2b: Rillaboom|0 fnt
|faint|p2b: Rillaboom
|
|-heal|p1a: Ursaluna|77/100 brn|[from] Grassy Terrain
|-heal|p1b: Porygon2|94/100|[from] Grassy Terrain
|-damage|p1a: Ursaluna|71/100 brn|[from] brn
|-fieldend|move: Grassy Terrain
|upkeep
|
|t:|1757114690
|switch|p2b: Electabuzz|Electabuzz, L50, M|56/100
|turn|6
|inactive|DrManbeast has 30 seconds left.
|
|t:|1757114722
|move|p2b: Electabuzz|Protect|p2b: Electabuzz
|-singleturn|p2b: Electabuzz|Protect
|move|p1a: Ursaluna|Earthquake|p2a: Kingambit|[spread] p1b,p2a
|-activate|p2b: Electabuzz|move: Protect
|-supereffective|p2a: Kingambit
|-damage|p1b: Porygon2|51/100
|-damage|p2a: Kingambit|2/100
|move|p2a: Kingambit|Swords Dance|p2a: Kingambit
|-boost|p2a: Kingambit|atk|2
|move|p1b: Porygon2|Tera Blast|p2a: Kingambit
|-resisted|p2a: Kingambit
|-damage|p2a: Kingambit|0 fnt
|faint|p2a: Kingambit
|
|-damage|p1a: Ursaluna|65/100 brn|[from] brn
|-fieldend|move: Trick Room
|upkeep
|turn|7
|-message|FALL3N_DWN forfeited.
|
|win|DrManbeast
||DrManbeast is ready for game 2.
||FALL3N_DWN is ready for game 2.
|uhtml|next|Next: Game 2 of 3
|l|☆DrManbeast
|player|p1|
