|j|☆Itz_Invis
|j|☆silknotsong
|html|Itz_Invissilknotsong    
|uhtml|bestof|Game 1 of a best-of-3
|t:|1756217126
|gametype|doubles
|player|p1|Itz_Invis|morty|1096
|player|p2|silknotsong|infielder|1125
|gen|9
|tier|[Gen 9] VGC 2025 Reg H (Bo3)
|rated|
|rule|Species Clause: Limit one of each Pokémon
|rule|Item Clause: Limit 1 of each item
|clearpoke
|poke|p1|Whimsicott, L50, F|
|poke|p1|Charizard, L50, F|
|poke|p1|Archaludon, L50, M|
|poke|p1|Gallade, L50, M|
|poke|p1|Incineroar, L50, F|
|poke|p1|Ninetales, L50, F|
|poke|p2|Sneasler, L50, F|
|poke|p2|Indeedee, L50, M|
|poke|p2|Dragonite, L50, M|
|poke|p2|Meowscarada, L50, F|
|poke|p2|Pelipper, L50, F|
|poke|p2|Archaludon, L50, M|
|teampreview|4
|showteam|p1|Whimsicott||CovertCloak|Prankster|Tailwind,Moonblast,SunnyDay,Taunt|||F|||50|,,,,,Dark]Charizard||ChoiceScarf|SolarPower|HeatWave,WeatherBall,SolarBeam,AirSlash|||F|||50|,,,,,Fire]Archaludon||AssaultVest|Stamina|BodyPress,ElectroShot,FlashCannon,DragonPulse|||M|||50|,,,,,Flying]Gallade||ChoiceBand|Sharpness|SacredSword,PsychoCut,LeafBlade,AquaCutter|||M|||50|,,,,,Ghost]Incineroar||SafetyGoggles|Intimidate|FakeOut,FlareBlitz,KnockOff,Protect|||F|||50|,,,,,Ghost]Ninetales||ChoiceSpecs|Drought|DarkPulse,SolarBeam,HeatWave,Overheat|||F|||50|,,,,,Fire
|showteam|p2|Sneasler||PsychicSeed|Unburden|DireClaw,CloseCombat,ThroatChop,Protect|||F|||50|,,,,,Dark]Indeedee||ChoiceScarf|PsychicSurge|ExpandingForce,Psychic,TrickRoom,Trick|||M|||50|,,,,,Psychic]Dragonite||LoadedDice|Multiscale|ScaleShot,StompingTantrum,Haze,Protect|||M|||50|,,,,,Fairy]Meowscarada||LifeOrb|Protean|Protect,FlowerTrick,SuckerPunch,PollenPuff|||F|||50|,,,,,Stellar]Pelipper||FocusSash|Drizzle|WeatherBall,Hurricane,Tailwind,Protect|||F|||50|,,,,,Ground]Archaludon||AssaultVest|Stamina|DracoMeteor,ElectroShot,FlashCannon,BodyPress|||M|||50|,,,,,Grass
|
|t:|1756217172
|teamsize|p1|4
|teamsize|p2|4
|start
|switch|p1a: Archaludon|Archaludon, L50, M|100/100
|switch|p1b: Incineroar|Incineroar, L50, F|100/100
|switch|p2a: Dragonite|Dragonite, L50, M|100/100
|switch|p2b: Indeedee|Indeedee, L50, M|100/100
|-fieldstart|move: Psychic Terrain|[from] ability: Psychic Surge|[of] p2b: Indeedee
|-ability|p1b: Incineroar|Intimidate|boost
|-unboost|p2a: Dragonite|atk|1
|-unboost|p2b: Indeedee|atk|1
|turn|1
|
|t:|1756217200
|-terastallize|p2a: Dragonite|Fairy
|move|p2b: Indeedee|Trick|p1a: Archaludon
|-activate|p2b: Indeedee|move: Trick|[of] p1a: Archaludon
|-item|p1a: Archaludon|Choice Scarf|[from] move: Trick
|-item|p2b: Indeedee|Assault Vest|[from] move: Trick
|move|p1a: Archaludon|Dragon Pulse|p2a: Dragonite
|-immune|p2a: Dragonite
|move|p2a: Dragonite|Haze|p2a: Dragonite
|-clearallboost
|move|p1b: Incineroar|Knock Off|p2b: Indeedee
|-supereffective|p2b: Indeedee
|-damage|p2b: Indeedee|0 fnt
|-enditem|p2b: Indeedee|Assault Vest|[from] move: Knock Off|[of] p1b: Incineroar
|faint|p2b: Indeedee
|
|upkeep
|
|t:|1756217211
|switch|p2b: Sneasler|Sneasler, L50, F|100/100
|-enditem|p2b: Sneasler|Psychic Seed
|-boost|p2b: Sneasler|spd|1|[from] item: Psychic Seed
|turn|2
|
|t:|1756217224
|move|p1b: Incineroar|Protect|p1b: Incineroar
|-singleturn|p1b: Incineroar|Protect
|move|p2b: Sneasler|Close Combat|p1a: Archaludon
|-supereffective|p1a: Archaludon
|-damage|p1a: Archaludon|0 fnt
|-unboost|p2b: Sneasler|def|1
|-unboost|p2b: Sneasler|spd|1
|faint|p1a: Archaludon
|move|p2a: Dragonite|Scale Shot|p1b: Incineroar
|-activate|p1b: Incineroar|move: Protect
|
|upkeep
|
|t:|1756217231
|switch|p1a: Charizard|Charizard, L50, F|100/100
|turn|3
|
|t:|1756217254
|switch|p1b: Ninetales|Ninetales, L50, F|100/100
|-weather|SunnyDay|[from] ability: Drought|[of] p1b: Ninetales
|-terastallize|p1a: Charizard|Fire
|move|p2b: Sneasler|Close Combat|p1b: Ninetales
|-damage|p1b: Ninetales|3/100
|-unboost|p2b: Sneasler|def|1
|-unboost|p2b: Sneasler|spd|1
|move|p1a: Charizard|Heat Wave|p2b: Sneasler|[spread] p2a,p2b
|-damage|p2a: Dragonite|44/100
|-damage|p2b: Sneasler|0 fnt
|faint|p2b: Sneasler
|move|p2a: Dragonite|Scale Shot|p1a: Charizard
|-damage|p1a: Charizard|82/100
|-damage|p1a: Charizard|63/100
|-damage|p1a: Charizard|46/100
|-damage|p1a: Charizard|27/100
|-hitcount|p1a: Charizard|4
|-unboost|p2a: Dragonite|def|1
|-boost|p2a: Dragonite|spe|1
|
|-weather|SunnyDay|[upkeep]
|-damage|p1a: Charizard|14/100|[from] ability: Solar Power|[of] p1a: Charizard
|upkeep
|
|t:|1756217280
|switch|p2b: Pelipper|Pelipper, L50, F|100/100
|-weather|RainDance|[from] ability: Drizzle|[of] p2b: Pelipper
|turn|4
|
|t:|1756217300
|move|p2a: Dragonite|Scale Shot|p1b: Ninetales
|-damage|p1b: Ninetales|0 fnt
|faint|p1b: Ninetales
|-hitcount|p1: Ninetales|1
|-unboost|p2a: Dragonite|def|1
|-boost|p2a: Dragonite|spe|1
|move|p1a: Charizard|Heat Wave|p2b: Pelipper|[spread] p2a
|-miss|p1a: Charizard|p2b: Pelipper
|-damage|p2a: Dragonite|17/100
|move|p2b: Pelipper|Weather Ball|p1a: Charizard
|-supereffective|p1a: Charizard
|-damage|p1a: Charizard|0 fnt
|faint|p1a: Charizard
|
|-weather|RainDance|[upkeep]
|upkeep
|
|t:|1756217307
|switch|p1a: Incineroar|Incineroar, L50, F|100/100
|-ability|p1a: Incineroar|Intimidate|boost
|-unboost|p2a: Dragonite|atk|1
|-unboost|p2b: Pelipper|atk|1
|turn|5
|
|t:|1756217313
|move|p2a: Dragonite|Protect|p2a: Dragonite
|-singleturn|p2a: Dragonite|Protect
|move|p2b: Pelipper|Protect|p2b: Pelipper
|-singleturn|p2b: Pelipper|Protect
|move|p1a: Incineroar|Fake Out|p2b: Pelipper
|-hint|Psychic Terrain doesn't affect Pokémon immune to Ground.
|-activate|p2b: Pelipper|move: Protect
|
|-weather|RainDance|[upkeep]
|-fieldend|move: Psychic Terrain
|upkeep
|turn|6
|
|t:|1756217329
|move|p2a: Dragonite|Scale Shot|p1a: Incineroar
|-damage|p1a: Incineroar|92/100
|-damage|p1a: Incineroar|81/100
|-damage|p1a: Incineroar|70/100
|-damage|p1a: Incineroar|61/100
|-damage|p1a: Incineroar|50/100
|-hitcount|p1a: Incineroar|5
|-unboost|p2a: Dragonite|def|1
|-boost|p2a: Dragonite|spe|1
|move|p2b: Pelipper|Weather Ball|p1a: Incineroar
|-supereffective|p1a: Incineroar
|-damage|p1a: Incineroar|0 fnt
|faint|p1a: Incineroar
|
|win|silknotsong
