|j|☆tg100
|j|☆Surwiival
|html|tg100Surwiival    
|uhtml|bestof|Game 1 of a best-of-3
|t:|1756234494
|gametype|doubles
|player|p1|tg100|102|1098
|player|p2|Surwiival|2|1055
|gen|9
|tier|[Gen 9] VGC 2025 Reg H (Bo3)
|rated|
|rule|Species Clause: Limit one of each Pokémon
|rule|Item Clause: Limit 1 of each item
|clearpoke
|poke|p1|Meowstic, L50, M|
|poke|p1|Indeedee, L50, M|
|poke|p1|Flamigo, L50, M|
|poke|p1|Incineroar, L50, F|
|poke|p1|Sneasler, L50, F|
|poke|p1|Ninetales-Alola, L50, F|
|poke|p2|Incineroar, L50, F|
|poke|p2|Sneasler, L50, M|
|poke|p2|Kingambit, L50, F|
|poke|p2|Electabuzz, L50, F|
|poke|p2|Baxcalibur, L50, F|
|poke|p2|Primarina, L50, M|
|teampreview|4
|showteam|p1|Meowstic||LifeOrb|Prankster|ExpandingForce,PsychicTerrain,LightScreen,Reflect|||M|||50|,,,,,Fairy]Indeedee||ChoiceScarf|PsychicSurge|Trick,ExpandingForce,DazzlingGleam,HyperVoice|||M|||50|,,,,,Fairy]Flamigo||WhiteHerb|Scrappy|Tailwind,CloseCombat,Acrobatics,Protect|||M|||50|,,,,,Steel]Incineroar||AssaultVest|Intimidate|FlareBlitz,KnockOff,Uturn,BrickBreak|||F|||50|,,,,,Grass]Sneasler||PsychicSeed|Unburden|ThroatChop,CloseCombat,DireClaw,Protect|||F|||50|,,,,,Dark]Ninetales-Alola||LightClay|SnowWarning|Blizzard,AuroraVeil,Moonblast,IcyWind|||F|||50|,,,,,Water
|showteam|p2|Incineroar||SitrusBerry|Intimidate|FakeOut,PartingShot,FlareBlitz,KnockOff|||F|||50|,,,,,Grass]Sneasler||FocusSash|Unburden|FakeOut,CloseCombat,DireClaw,Coaching|||M|||50|,,,,,Stellar]Kingambit||SafetyGoggles|Defiant|KowtowCleave,SuckerPunch,SwordsDance,Protect|||F|||50|,,,,,Ghost]Electabuzz||Eviolite|VitalSpirit|VoltSwitch,Taunt,FollowMe,Protect|||F|||50|,,,,,Ghost]Baxcalibur||LoadedDice|ThermalExchange|ScaleShot,IcicleSpear,IceShard,Protect|||F|||50|,,,,,Poison]Primarina||ThroatSpray|LiquidVoice|HyperVoice,Moonblast,Haze,Protect|||M|||50|,,,,,Water
|j| thewanderer55
|
|t:|1756234537
|teamsize|p1|4
|teamsize|p2|4
|start
|switch|p1a: Indeedee|Indeedee, L50, M|100/100
|switch|p1b: Meowstic|Meowstic, L50, M|100/100
|switch|p2a: Baxcalibur|Baxcalibur, L50, F|100/100
|switch|p2b: Electabuzz|Electabuzz, L50, F|100/100
|-fieldstart|move: Psychic Terrain|[from] ability: Psychic Surge|[of] p1a: Indeedee
|turn|1
|
|t:|1756234583
|switch|p2a: Incineroar|Incineroar, L50, F, shiny|100/100
|-ability|p2a: Incineroar|Intimidate|boost
|-unboost|p1a: Indeedee|atk|1
|-unboost|p1b: Meowstic|atk|1
|move|p2b: Electabuzz|Protect|p2b: Electabuzz
|-singleturn|p2b: Electabuzz|Protect
|move|p1a: Indeedee|Expanding Force|p2a: Incineroar|[spread] 
|-activate|p2b: Electabuzz|move: Protect
|-immune|p2a: Incineroar
|move|p1b: Meowstic|Expanding Force|p2a: Incineroar|[spread] 
|-activate|p2b: Electabuzz|move: Protect
|-immune|p2a: Incineroar
|
|upkeep
|turn|2
|
|t:|1756234611
|switch|p1a: Ninetales|Ninetales-Alola, L50, F|100/100
|-weather|Snowscape|[from] ability: Snow Warning|[of] p1a: Ninetales
|move|p1b: Meowstic|Reflect|p1b: Meowstic
|-sidestart|p1: tg100|Reflect
|move|p2b: Electabuzz|Volt Switch|p1b: Meowstic
|-damage|p1b: Meowstic|68/100
|
|t:|1756234620
|switch|p2b: Sneasler|Sneasler, L50, M|100/100|[from] Volt Switch
|move|p2a: Incineroar|Knock Off|p1a: Ninetales
|-resisted|p1a: Ninetales
|-damage|p1a: Ninetales|85/100
|-enditem|p1a: Ninetales|Light Clay|[from] move: Knock Off|[of] p2a: Incineroar
|
|-weather|Snowscape|[upkeep]
|upkeep
|turn|3
|
|t:|1756234660
|-terastallize|p2b: Sneasler|Stellar
|move|p2b: Sneasler|Dire Claw|p1a: Ninetales
|-supereffective|p1a: Ninetales
|-damage|p1a: Ninetales|7/100
|-status|p1a: Ninetales|psn
|move|p1a: Ninetales|Blizzard|p2b: Sneasler|[spread] p2a,p2b
|-resisted|p2a: Incineroar
|-damage|p2a: Incineroar|87/100
|-damage|p2b: Sneasler|53/100
|move|p1b: Meowstic|Expanding Force|p2a: Incineroar|[spread] p2b
|-immune|p2a: Incineroar
|-supereffective|p2b: Sneasler
|-damage|p2b: Sneasler|0 fnt
|faint|p2b: Sneasler
|-damage|p1b: Meowstic|58/100|[from] item: Life Orb
|move|p2a: Incineroar|Knock Off|p1b: Meowstic
|-supereffective|p1b: Meowstic
|-damage|p1b: Meowstic|0 fnt
|-enditem|p1b: Meowstic|Life Orb|[from] move: Knock Off|[of] p2a: Incineroar
|faint|p1b: Meowstic
|
|-weather|Snowscape|[upkeep]
|-damage|p1a: Ninetales|0 fnt|[from] psn
|faint|p1a: Ninetales
|upkeep
|
|t:|1756234692
|switch|p2b: Baxcalibur|Baxcalibur, L50, F|100/100
|switch|p1a: Indeedee|Indeedee, L50, M|100/100
|switch|p1b: Sneasler|Sneasler, L50, F|100/100
|-enditem|p1b: Sneasler|Psychic Seed
|-boost|p1b: Sneasler|spd|1|[from] item: Psychic Seed
|turn|4
|
|t:|1756234742
|switch|p2a: Electabuzz|Electabuzz, L50, F|100/100
|move|p1b: Sneasler|Close Combat|p2a: Electabuzz
|-damage|p2a: Electabuzz|35/100
|-unboost|p1b: Sneasler|def|1
|-unboost|p1b: Sneasler|spd|1
|move|p1a: Indeedee|Expanding Force|p2b: Baxcalibur|[spread] p2a,p2b
|-damage|p2a: Electabuzz|2/100
|-damage|p2b: Baxcalibur|46/100
|move|p2b: Baxcalibur|Icicle Spear|p1b: Sneasler
|-damage|p1b: Sneasler|76/100
|-damage|p1b: Sneasler|51/100
|-damage|p1b: Sneasler|24/100
|-damage|p1b: Sneasler|0 fnt
|faint|p1b: Sneasler
|-hitcount|p1: Sneasler|4
|
|-weather|Snowscape|[upkeep]
|upkeep
|turn|5
|
|t:|1756234784
|switch|p2a: Incineroar|Incineroar, L50, F, shiny|87/100
|-ability|p2a: Incineroar|Intimidate|boost
|-unboost|p1a: Indeedee|atk|1
|move|p2b: Baxcalibur|Protect|p2b: Baxcalibur
|-singleturn|p2b: Baxcalibur|Protect
|move|p1a: Indeedee|Expanding Force|p2a: Incineroar|[spread] 
|-activate|p2b: Baxcalibur|move: Protect
|-immune|p2a: Incineroar
|
|-weather|Snowscape|[upkeep]
|-fieldend|move: Psychic Terrain
|upkeep
|turn|6
|
|t:|1756234798
|move|p2a: Incineroar|Fake Out|p1a: Indeedee
|-damage|p1a: Indeedee|84/100
|cant|p1a: Indeedee|flinch
|move|p2b: Baxcalibur|Icicle Spear|p1a: Indeedee
|-damage|p1a: Indeedee|62/100
|-damage|p1a: Indeedee|38/100
|-damage|p1a: Indeedee|18/100
|-damage|p1a: Indeedee|0 fnt
|faint|p1a: Indeedee
|-hitcount|p1: Indeedee|4
|
|win|Surwiival
||tg100 is ready for game 2.
|inactive|Surwiival has 30 seconds to confirm battle start!
