|j|☆scafato92
|j|‽lemons2738
|html|scafato92lemons2738    
|uhtml|bestof|Game 2 of a best-of-3
|t:|1785823583
|gametype|doubles
|player|p1|scafato92|2|1165
|player|p2|lemons2738|benga|1145
|gen|9
|tier|[Gen 9 Champions] VGC 2026 Reg M-B (Bo3)
|rated|
|rule|Species Clause: Limit one of each Pokémon
|rule|Item Clause: Limit 1 of each item
|clearpoke
|poke|p1|Garchomp, L50, F|
|poke|p1|Staraptor, L50, F|
|poke|p1|Glimmora, L50, M|
|poke|p1|Kingambit, L50, M|
|poke|p1|Whimsicott, L50, M|
|poke|p1|Delphox, L50, M|
|poke|p2|Staraptor, L50, M|
|poke|p2|Arcanine-Hisui, L50, M|
|poke|p2|Kingambit, L50, M|
|poke|p2|Raichu, L50, M|
|poke|p2|Farigiraf, L50, M|
|poke|p2|Sylveon, L50, M|
|teampreview|4
|showteam|p1|Garchomp||LifeOrb|RoughSkin|Earthquake,DragonClaw,StompingTantrum,Protect|Jolly||F|||50|]Staraptor||Staraptite|Intimidate|CloseCombat,Roost,BraveBird,Protect|Jolly||F|||50|]Glimmora||FocusSash|ToxicDebris|PowerGem,EarthPower,SludgeBomb,SpikyShield|Modest||M|||50|]Kingambit||ChopleBerry|Defiant|IronHead,KowtowCleave,SuckerPunch,LowKick|Adamant||M|||50|]Whimsicott||OccaBerry|Prankster|Tailwind,Moonblast,LightScreen,Charm|Bold||M|||50|]Delphox||Delphoxite|Blaze|HeatWave,Psychic,Protect,Substitute|Timid||M|||50|
|showteam|p2|Staraptor||Staraptite|Intimidate|CloseCombat,DualWingbeat,Tailwind,Protect|Jolly||M|||50|]Arcanine-Hisui||FocusSash|RockHead|FlareBlitz,HeadSmash,ExtremeSpeed,Protect|Jolly||M|||50|]Kingambit||LifeOrb|Defiant|KowtowCleave,SuckerPunch,SwordsDance,Protect|Adamant||M|||50|]Raichu||RaichuniteY|LightningRod|ZapCannon,FocusBlast,FakeOut,Protect|Timid||M|||50|]Farigiraf||SitrusBerry|ArmorTail|Psychic,HelpingHand,TrickRoom,Protect|Calm||M|||50|]Sylveon||FairyFeather|Pixilate|HyperVoice,HyperBeam,QuickAttack,Detect|Modest||M|||50|
|inactive|Battle timer is ON: inactive players will automatically lose when time's up. (requested by scafato92)
|inactive|lemons2738 also wants the timer to be on.
|
|t:|1785823608
|teamsize|p1|4
|teamsize|p2|4
|start
|switch|p1a: Kingambit|Kingambit, L50, M|100/100
|switch|p1b: Glimmora|Glimmora, L50, M|100/100
|switch|p2a: Staraptor|Staraptor, L50, M|100/100
|switch|p2b: Kingambit|Kingambit, L50, M|100/100
|-ability|p2a: Staraptor|Intimidate|boost
|-unboost|p1a: Kingambit|atk|1
|-ability|p1a: Kingambit|Defiant|boost
|-boost|p1a: Kingambit|atk|2
|-unboost|p1b: Glimmora|atk|1
|turn|1
|
|t:|1785823630
|detailschange|p2a: Staraptor|Staraptor-Mega, L50, M
|-mega|p2a: Staraptor|Staraptor|Staraptite
|move|p2a: Staraptor|Close Combat|p1a: Kingambit
|-supereffective|p1a: Kingambit|2
|-enditem|p1a: Kingambit|Chople Berry|[eat]
|-enditem|p1a: Kingambit|Chople Berry|[weaken]
|-damage|p1a: Kingambit|10/100
|-boost|p2a: Staraptor|def|1
|-boost|p2a: Staraptor|spd|1
|move|p1b: Glimmora|Power Gem|p2a: Staraptor
|-damage|p2a: Staraptor|68/100
|move|p2b: Kingambit|Kowtow Cleave|p1a: Kingambit
|-resisted|p1a: Kingambit|1
|-damage|p1a: Kingambit|0 fnt
|faint|p1a: Kingambit
|-damage|p2b: Kingambit|90/100|[from] item: Life Orb
|
|upkeep
|
|t:|1785823648
|switch|p1a: Delphox|Delphox, L50, M|100/100
|turn|2
|
|t:|1785823659
|detailschange|p1a: Delphox|Delphox-Mega, L50, M
|-mega|p1a: Delphox|Delphox|Delphoxite
|move|p2b: Kingambit|Sucker Punch||[still]
|-fail|p2b: Kingambit
|move|p1a: Delphox|Substitute|p1a: Delphox
|-start|p1a: Delphox|Substitute
|-damage|p1a: Delphox|75/100
|move|p2a: Staraptor|Close Combat|p1b: Glimmora
|-damage|p1b: Glimmora|35/100
|-boost|p2a: Staraptor|def|1
|-boost|p2a: Staraptor|spd|1
|-activate|p1b: Glimmora|ability: Toxic Debris
|-sidestart|p2: lemons2738|move: Toxic Spikes
|move|p1b: Glimmora|Earth Power|p2b: Kingambit
|-supereffective|p2b: Kingambit|1
|-damage|p2b: Kingambit|17/100
|
|upkeep
|turn|3
|inactive|scafato92 has 30 seconds left.
|
|t:|1785823691
|move|p2b: Kingambit|Sucker Punch|p1b: Glimmora
|-damage|p1b: Glimmora|0 fnt
|-activate|p1b: Glimmora|ability: Toxic Debris
|-sidestart|p2: lemons2738|move: Toxic Spikes
|faint|p1b: Glimmora
|-damage|p2b: Kingambit|7/100|[from] item: Life Orb
|move|p1a: Delphox|Heat Wave|p2b: Kingambit|[spread] p2a
|-miss|p1a: Delphox|p2b: Kingambit
|-damage|p2a: Staraptor|45/100
|move|p2a: Staraptor|Close Combat|p1a: Delphox
|-resisted|p1a: Delphox|1
|-end|p1a: Delphox|Substitute
|-boost|p2a: Staraptor|def|1
|-boost|p2a: Staraptor|spd|1
|
|upkeep
|
|t:|1785823708
|switch|p1b: Whimsicott|Whimsicott, L50, M|100/100
|turn|4
|
|t:|1785823715
|move|p2b: Kingambit|Sucker Punch|p1a: Delphox
|-supereffective|p1a: Delphox|1
|-damage|p1a: Delphox|0 fnt
|faint|p1a: Delphox
|-damage|p2b: Kingambit|0 fnt|[from] item: Life Orb
|faint|p2b: Kingambit
|move|p2a: Staraptor|Dual Wingbeat|p1b: Whimsicott
|-supereffective|p1b: Whimsicott|1
|-crit|p1b: Whimsicott
|-damage|p1b: Whimsicott|44/100
|-supereffective|p1b: Whimsicott|1
|-damage|p1b: Whimsicott|8/100
|-hitcount|p1b: Whimsicott|2
|move|p1b: Whimsicott|Moonblast|p2a: Staraptor
|-supereffective|p2a: Staraptor|1
|-damage|p2a: Staraptor|23/100
|
|upkeep
|
|t:|1785823725
|switch|p2b: Arcanine|Arcanine-Hisui, L50, M|100/100
|-status|p2b: Arcanine|tox
|turn|5
|
|t:|1785823738
|move|p2b: Arcanine|Extreme Speed|p1b: Whimsicott
|-damage|p1b: Whimsicott|0 fnt
|faint|p1b: Whimsicott
|
|win|lemons2738
||lemons2738 is ready for game 3.
||scafato92 is ready for game 3.
|uhtml|next|Next: Game 3 of 3
|l|☆scafato92
|player|p1|
