|j|☆MrMrvz
|j|☆Ssamuuelll
|html|MrMrvzSsamuuelll    
|uhtml|bestof|Game 2 of a best-of-3
|t:|1784869234
|gametype|doubles
|player|p1|MrMrvz|ethan|1204
|player|p2|Ssamuuelll|265|1228
|gen|9
|tier|[Gen 9 Champions] VGC 2026 Reg M-B (Bo3)
|rated|
|rule|Species Clause: Limit one of each Pokémon
|rule|Item Clause: Limit 1 of each item
|clearpoke
|poke|p1|Feraligatr, L50, M, shiny|
|poke|p1|Sceptile, L50, M|
|poke|p1|Staraptor, L50, M|
|poke|p1|Vileplume, L50, M|
|poke|p1|Gholdengo, L50|
|poke|p1|Houndoom, L50, M|
|poke|p2|Glimmora, L50, F|
|poke|p2|Kommo-o, L50, F|
|poke|p2|Charizard, L50, F|
|poke|p2|Whimsicott, L50, M|
|poke|p2|Kingambit, L50, M|
|poke|p2|Staraptor, L50, F|
|teampreview|4
|showteam|p1|Feraligatr||LifeOrb|SheerForce|Liquidation,RockSlide,IcePunch,AquaJet|Adamant||M|||50|]Sceptile||WhiteHerb|Unburden|LeafStorm,RockTomb,Detect,EarthPower|Timid||M|||50|]Staraptor||Staraptite|Intimidate|BraveBird,CloseCombat,Protect,Roost|Jolly||M|||50|]Vileplume||BigRoot|EffectSpore|SludgeBomb,GigaDrain,StrengthSap,LeechSeed|Relaxed||M|||50|]Gholdengo||SitrusBerry|GoodasGold|MakeItRain,NastyPlot,ShadowBall,Protect|Modest|||||50|]Houndoom||FocusSash|FlashFire|SuckerPunch,Snarl,HeatWave,Protect|Hasty||M|||50|
|showteam|p2|Glimmora||FocusSash|ToxicDebris|PowerGem,SludgeBomb,EarthPower,SpikyShield|Modest||F|||50|]Kommo-o||LifeOrb|Soundproof|ClangingScales,AuraSphere,VacuumWave,Protect|Modest||F|||50|]Charizard||CharizarditeY|Blaze|HeatWave,WeatherBall,SolarBeam,Protect|Modest||F|||50|]Whimsicott||OccaBerry|Prankster|Moonblast,Tailwind,Charm,Encore|Timid||M|||50|]Kingambit||ChopleBerry|Defiant|KowtowCleave,SuckerPunch,IronHead,LowKick|Brave||M|||50|]Staraptor||Staraptite|Intimidate|CloseCombat,BraveBird,Roost,Protect|Jolly||F|||50|
|
|t:|1784869286
|teamsize|p1|4
|teamsize|p2|4
|start
|switch|p1a: Gholdengo|Gholdengo, L50|100/100
|switch|p1b: Houndoom|Houndoom, L50, M|100/100
|switch|p2a: Whimsicott|Whimsicott, L50, M|100/100
|switch|p2b: Glimmora|Glimmora, L50, F|100/100
|turn|1
|
|t:|1784869330
|switch|p2a: Kommo-o|Kommo-o, L50, F|100/100
|move|p1b: Houndoom|Heat Wave|p2b: Glimmora|[spread] p2b
|-miss|p1b: Houndoom|p2a: Kommo-o
|-resisted|p2b: Glimmora|1
|-damage|p2b: Glimmora|78/100
|move|p2b: Glimmora|Earth Power|p1a: Gholdengo
|-supereffective|p1a: Gholdengo|1
|-damage|p1a: Gholdengo|34/100
|-enditem|p1a: Gholdengo|Sitrus Berry|[eat]
|-heal|p1a: Gholdengo|59/100|[from] item: Sitrus Berry
|move|p1a: Gholdengo|Nasty Plot|p1a: Gholdengo
|-boost|p1a: Gholdengo|spa|2
|
|upkeep
|turn|2
|
|t:|1784869360
|switch|p1b: Feraligatr|Feraligatr, L50, M, shiny|100/100
|move|p1a: Gholdengo|Protect|p1a: Gholdengo
|-singleturn|p1a: Gholdengo|Protect
|move|p2b: Glimmora|Earth Power|p1a: Gholdengo
|-activate|p1a: Gholdengo|move: Protect
|move|p2a: Kommo-o|Clanging Scales|p1b: Feraligatr|[spread] p1b
|-activate|p1a: Gholdengo|move: Protect
|-damage|p1b: Feraligatr|49/100
|-unboost|p2a: Kommo-o|def|1
|-damage|p2a: Kommo-o|90/100|[from] item: Life Orb
|
|upkeep
|turn|3
|
|t:|1784869378
|switch|p2a: Staraptor|Staraptor, L50, F|100/100
|-ability|p2a: Staraptor|Intimidate|boost
|-unboost|p1a: Gholdengo|atk|1
|-unboost|p1b: Feraligatr|atk|1
|move|p2b: Glimmora|Spiky Shield|p2b: Glimmora
|-singleturn|p2b: Glimmora|move: Protect
|move|p1a: Gholdengo|Make It Rain|p2a: Staraptor|[spread] p2a
|-activate|p2b: Glimmora|move: Protect
|-damage|p2a: Staraptor|0 fnt
|-unboost|p1a: Gholdengo|spa|2
|faint|p2a: Staraptor
|move|p1b: Feraligatr|Ice Punch|p2b: Glimmora
|-activate|p2b: Glimmora|move: Protect
|-damage|p1b: Feraligatr|37/100|[from] Spiky Shield|[of] p2b: Glimmora
|
|upkeep
|
|t:|1784869406
|switch|p2a: Whimsicott|Whimsicott, L50, M|100/100
|turn|4
|
|t:|1784869427
|move|p2a: Whimsicott|Tailwind|p2a: Whimsicott
|-sidestart|p2: Ssamuuelll|move: Tailwind
|move|p2b: Glimmora|Sludge Bomb|p1b: Feraligatr
|-damage|p1b: Feraligatr|0 fnt
|faint|p1b: Feraligatr
|move|p1a: Gholdengo|Make It Rain|p2a: Whimsicott|[spread] p2a,p2b
|-supereffective|p2a: Whimsicott|1
|-supereffective|p2b: Glimmora|1
|-damage|p2a: Whimsicott|0 fnt
|-damage|p2b: Glimmora|0 fnt
|-unboost|p1a: Gholdengo|spa|2
|faint|p2a: Whimsicott
|faint|p2b: Glimmora
|
|upkeep
|
|t:|1784869442
|switch|p2b: Kommo-o|Kommo-o, L50, F|90/100
|switch|p1b: Houndoom|Houndoom, L50, M|100/100
|turn|5
|
|t:|1784869464
|switch|p1a: Vileplume|Vileplume, L50, M|100/100
|move|p2b: Kommo-o|Clanging Scales|p1a: Vileplume|[spread] p1a,p1b
|-damage|p1a: Vileplume|46/100
|-damage|p1b: Houndoom|30/100
|-unboost|p2b: Kommo-o|def|1
|-damage|p2b: Kommo-o|80/100|[from] item: Life Orb
|move|p1b: Houndoom|Heat Wave|p2b: Kommo-o
|-resisted|p2b: Kommo-o|1
|-damage|p2b: Kommo-o|58/100
|
|upkeep
|turn|6
|
|t:|1784869478
|move|p1b: Houndoom|Sucker Punch|p2b: Kommo-o
|-resisted|p2b: Kommo-o|1
|-damage|p2b: Kommo-o|44/100
|move|p2b: Kommo-o|Clanging Scales|p1b: Houndoom|[spread] p1a,p1b
|-damage|p1a: Vileplume|0 fnt
|-damage|p1b: Houndoom|0 fnt
|faint|p1a: Vileplume
|faint|p1b: Houndoom
|-unboost|p2b: Kommo-o|def|1
|-damage|p2b: Kommo-o|35/100|[from] item: Life Orb
|
|upkeep
|
|t:|1784869492
|switch|p1b: Gholdengo|Gholdengo, L50|59/100
|turn|7
|
|t:|1784869497
|move|p1b: Gholdengo|Protect|p1b: Gholdengo
|-singleturn|p1b: Gholdengo|Protect
|move|p2b: Kommo-o|Clanging Scales|p1b: Gholdengo
|-activate|p1b: Gholdengo|move: Protect
|
|-sideend|p2: Ssamuuelll|move: Tailwind
|upkeep
|turn|8
|
|t:|1784869510
|move|p1b: Gholdengo|Make It Rain|p2b: Kommo-o
|-crit|p2b: Kommo-o
|-damage|p2b: Kommo-o|0 fnt
|-unboost|p1b: Gholdengo|spa|2
|faint|p2b: Kommo-o
|
|win|MrMrvz
||Ssamuuelll is ready for game 3.
