|j|☆Rat Rizzo
|j|☆prefessional
|html|Rat Rizzoprefessional    
|uhtml|bestof|Game 2 of a best-of-3
|t:|1756622964
|gametype|doubles
|player|p1|Rat Rizzo|266|1139
|player|p2|prefessional|265|1050
|gen|9
|tier|[Gen 9] VGC 2025 Reg H (Bo3)
|rated|
|rule|Species Clause: Limit one of each Pokémon
|rule|Item Clause: Limit 1 of each item
|clearpoke
|poke|p1|Ursaluna, L50, F|
|poke|p1|Indeedee-F, L50, F|
|poke|p1|Torkoal, L50, M|
|poke|p1|Gallade, L50, M|
|poke|p1|Hatterene, L50, F|
|poke|p1|Armarouge, L50, M|
|poke|p2|Talonflame, L50, M|
|poke|p2|Garchomp, L50, M|
|poke|p2|Gholdengo, L50|
|poke|p2|Maushold-Four, L50|
|poke|p2|Annihilape, L50, M|
|poke|p2|Rillaboom, L50, F|
|teampreview|4
|showteam|p1|Ursaluna||FlameOrb|Guts|Protect,Facade,HeadlongRush,DrainPunch|||F|||50|,,,,,Ghost]Indeedee-F||PsychicSeed|PsychicSurge|FollowMe,TrickRoom,HelpingHand,Psychic|||F|||50|,,,,,Fairy]Torkoal||Charcoal|Drought|Protect,Eruption,HeatWave,EarthPower|||M|||50|,,,,,Fire]Gallade||ClearAmulet|Sharpness|WideGuard,TrickRoom,PsychoCut,SacredSword|||M|||50|,,,,,Grass]Hatterene||CovertCloak|MagicBounce|TrickRoom,ExpandingForce,MysticalFire,DazzlingGleam|||F|||50|,,,,,Fire]Armarouge||LifeOrb|FlashFire|TrickRoom,HeatWave,ExpandingForce,WideGuard|||M|||50|,,,,,Grass
|showteam|p2|Talonflame||FocusSash|GaleWings|Tailwind,BraveBird,FlareBlitz,Protect|||M|||50|,,,,,Ghost]Garchomp||LifeOrb|RoughSkin|Earthquake,DragonClaw,StompingTantrum,Protect|||M|||50|,,,,,Ground]Gholdengo||ChoiceSpecs|GoodasGold|MakeItRain,ShadowBall,Thunderbolt,PowerGem||||||50|,,,,,Steel]Maushold-Four||RockyHelmet|FriendGuard|FollowMe,SuperFang,Feint,Protect||||||50|,,,,,Poison]Annihilape||SitrusBerry|Defiant|RageFist,DrainPunch,FinalGambit,BulkUp|||M|||50|,,,,,Fire]Rillaboom||MiracleSeed|GrassySurge|FakeOut,GrassyGlide,WoodHammer,HighHorsepower|||F|||50|,,,,,Water
|inactive|Battle timer is ON: inactive players will automatically lose when time's up. (requested by Rat Rizzo)
|
|t:|1756622980
|teamsize|p1|4
|teamsize|p2|4
|start
|switch|p1a: Indeedee|Indeedee-F, L50, F|100/100
|switch|p1b: Armarouge|Armarouge, L50, M|100/100
|switch|p2a: Garchomp|Garchomp, L50, M|100/100
|switch|p2b: Maushold|Maushold-Four, L50|100/100
|-fieldstart|move: Psychic Terrain|[from] ability: Psychic Surge|[of] p1a: Indeedee
|-enditem|p1a: Indeedee|Psychic Seed
|-boost|p1a: Indeedee|spd|1|[from] item: Psychic Seed
|turn|1
|inactive|Rat Rizzo has 30 seconds left.
|inactive|Rat Rizzo has 20 seconds left.
|inactive|Rat Rizzo has 15 seconds left.
|inactive|Rat Rizzo has 10 seconds left.
|inactive|Rat Rizzo has 5 seconds left.
|
|t:|1756623031
|switch|p2b: Rillaboom|Rillaboom, L50, F|100/100
|-fieldstart|move: Grassy Terrain|[from] ability: Grassy Surge|[of] p2b: Rillaboom
|-terastallize|p1b: Armarouge|Grass
|move|p1b: Armarouge|Wide Guard|p1b: Armarouge
|-singleturn|p1b: Armarouge|Wide Guard
|move|p1a: Indeedee|Follow Me|p1a: Indeedee
|-singleturn|p1a: Indeedee|move: Follow Me
|move|p2a: Garchomp|Dragon Claw|p1a: Indeedee
|-damage|p1a: Indeedee|50/100
|-damage|p2a: Garchomp|91/100|[from] item: Life Orb
|
|-heal|p2a: Garchomp|97/100|[from] Grassy Terrain
|-heal|p1a: Indeedee|56/100|[from] Grassy Terrain
|upkeep
|turn|2
|inactive|prefessional has 30 seconds left.
|
|t:|1756623064
|-terastallize|p2a: Garchomp|Ground
|move|p2b: Rillaboom|Fake Out|p1b: Armarouge
|-damage|p1b: Armarouge|86/100
|move|p2a: Garchomp|Stomping Tantrum|p1a: Indeedee
|-damage|p1a: Indeedee|0 fnt
|faint|p1a: Indeedee
|-damage|p2a: Garchomp|87/100|[from] item: Life Orb
|cant|p1b: Armarouge|flinch
|
|-heal|p2a: Garchomp|93/100|[from] Grassy Terrain
|-heal|p1b: Armarouge|92/100|[from] Grassy Terrain
|upkeep
|
|t:|1756623076
|switch|p1a: Torkoal|Torkoal, L50, M|100/100
|-weather|SunnyDay|[from] ability: Drought|[of] p1a: Torkoal
|turn|3
|
|t:|1756623091
|switch|p2b: Maushold|Maushold-Four, L50|100/100
|move|p1a: Torkoal|Protect|p1a: Torkoal
|-singleturn|p1a: Torkoal|Protect
|move|p2a: Garchomp|Stomping Tantrum|p1a: Torkoal
|-activate|p1a: Torkoal|move: Protect
|move|p1b: Armarouge|Trick Room|p1b: Armarouge
|-fieldstart|move: Trick Room|[of] p1b: Armarouge
|
|-weather|SunnyDay|[upkeep]
|-heal|p1b: Armarouge|97/100|[from] Grassy Terrain
|-heal|p2a: Garchomp|99/100|[from] Grassy Terrain
|upkeep
|turn|4
|
|t:|1756623113
|move|p1a: Torkoal|Eruption|p2a: Garchomp|[spread] p2a,p2b
|-damage|p2a: Garchomp|26/100
|-damage|p2b: Maushold|9/100
|move|p1b: Armarouge|Heat Wave|p2b: Maushold|[spread] p2b
|-miss|p1b: Armarouge|p2a: Garchomp
|-crit|p2b: Maushold
|-damage|p2b: Maushold|0 fnt
|faint|p2b: Maushold
|-damage|p1b: Armarouge|87/100|[from] item: Life Orb
|move|p2a: Garchomp|Stomping Tantrum|p1a: Torkoal
|-supereffective|p1a: Torkoal
|-damage|p1a: Torkoal|3/100
|-damage|p2a: Garchomp|16/100|[from] item: Life Orb
|
|-weather|SunnyDay|[upkeep]
|-heal|p1a: Torkoal|10/100|[from] Grassy Terrain
|-heal|p1b: Armarouge|93/100|[from] Grassy Terrain
|-heal|p2a: Garchomp|22/100|[from] Grassy Terrain
|upkeep
|
|t:|1756623132
|switch|p2b: Rillaboom|Rillaboom, L50, F|100/100
|turn|5
|inactive|prefessional has 30 seconds left.
|
|t:|1756623163
|switch|p1a: Ursaluna|Ursaluna, L50, F|100/100
|move|p2b: Rillaboom|Fake Out|p1a: Ursaluna
|-damage|p1a: Ursaluna|90/100
|move|p1b: Armarouge|Heat Wave|p2a: Garchomp|[spread] p2a,p2b
|-supereffective|p2b: Rillaboom
|-damage|p2a: Garchomp|0 fnt
|-damage|p2b: Rillaboom|0 fnt
|faint|p2a: Garchomp
|faint|p2b: Rillaboom
|-damage|p1b: Armarouge|83/100|[from] item: Life Orb
|
|-weather|SunnyDay|[upkeep]
|-heal|p1a: Ursaluna|96/100|[from] Grassy Terrain
|-heal|p1b: Armarouge|89/100|[from] Grassy Terrain
|-fieldend|move: Grassy Terrain
|-status|p1a: Ursaluna|brn|[from] item: Flame Orb
|upkeep
|
|t:|1756623171
|switch|p2a: Annihilape|Annihilape, L50, M|100/100
|turn|6
|c|☆Rat Rizzo|gg
|c|☆prefessional|gg
|-message|prefessional forfeited.
|
|win|Rat Rizzo
|raw|Rat Rizzo's rating: 1139 → 1158(+19 for winning)
|raw|prefessional's rating: 1050 → 1037(-13 for losing)
|l|☆prefessional
|player|p2|
