|j|☆FastForwardMyGame
|j|☆Nimblefrog6
|html|FastForwardMyGameNimblefrog6    
|uhtml|bestof|Game 2 of a best-of-3
|t:|1757932084
|gametype|doubles
|player|p1|FastForwardMyGame|cyclist|1075
|player|p2|Nimblefrog6|medium-gen2jp|1206
|gen|9
|tier|[Gen 9] VGC 2025 Reg H (Bo3)
|rated|
|rule|Species Clause: Limit one of each Pokémon
|rule|Item Clause: Limit 1 of each item
|clearpoke
|poke|p1|Hatterene, L50, F|
|poke|p1|Sunflora, L50, F|
|poke|p1|Indeedee-F, L50, F|
|poke|p1|Torkoal, L50, F|
|poke|p1|Gallade, L50, M|
|poke|p1|Ursaluna, L50, M|
|poke|p2|Gholdengo, L50|
|poke|p2|Sneasler, L50, M|
|poke|p2|Rillaboom, L50, M|
|poke|p2|Ninetales-Alola, L50, M|
|poke|p2|Ursaluna-Bloodmoon, L50, M|
|poke|p2|Incineroar, L50, F|
|teampreview|4
|showteam|p1|Hatterene||CovertCloak|MagicBounce|TrickRoom,ExpandingForce,DazzlingGleam,Protect|||F|||50|,,,,,Water]Sunflora||LifeOrb|SolarPower|EarthPower,WeatherBall,EnergyBall,Protect|||F|||50|,,,,,Fire]Indeedee-F||EjectButton|PsychicSurge|FollowMe,HelpingHand,TrickRoom,TeraBlast|||F|||50|,,,,,Dark]Torkoal||EjectPack|Drought|Eruption,HelpingHand,SunnyDay,Overheat|||F|||50|,,,,,Grass]Gallade||PsychicSeed|Sharpness|TrickRoom,SacredSword,PsychoCut,WideGuard|||M|||50|,,,,,Fire]Ursaluna||FlameOrb|Guts|Facade,HeadlongRush,Protect,Crunch|||M|||50|,,,,,Ghost
|showteam|p2|Gholdengo||GrassySeed|GoodasGold|NastyPlot,MakeItRain,ShadowBall,Protect||||||50|,,,,,Water]Sneasler||WhiteHerb|Unburden|CloseCombat,DireClaw,ThroatChop,Protect|||M|||50|,,,,,Ghost]Rillaboom||MiracleSeed|GrassySurge|FakeOut,GrassyGlide,DrumBeating,HighHorsepower|||M|||50|,,,,,Fire]Ninetales-Alola||FocusSash|SnowWarning|Blizzard,IcyWind,Encore,AuroraVeil|||M|||50|,,,,,Ghost]Ursaluna-Bloodmoon||AssaultVest|MindsEye|HyperVoice,BloodMoon,EarthPower,VacuumWave|||M|||50|,,,,,Water]Incineroar||SitrusBerry|Intimidate|FakeOut,KnockOff,PartingShot,FlareBlitz|||F|||50|,,,,,Ghost
|inactive|Battle timer is ON: inactive players will automatically lose when time's up. (requested by Nimblefrog6)
|
|t:|1757932095
|teamsize|p1|4
|teamsize|p2|4
|start
|switch|p1a: Goatllade|Gallade, L50, M, shiny|100/100
|switch|p1b: Amiable|Indeedee-F, L50, F|100/100
|switch|p2a: Bear|Ursaluna-Bloodmoon, L50, M|100/100
|switch|p2b: Meow|Sneasler, L50, M|100/100
|-fieldstart|move: Psychic Terrain|[from] ability: Psychic Surge|[of] p1b: Amiable
|-enditem|p1a: Goatllade|Psychic Seed
|-boost|p1a: Goatllade|spd|1|[from] item: Psychic Seed
|turn|1
|inactive|Nimblefrog6 has 30 seconds left.
|
|t:|1757932127
|switch|p2a: Monkey|Rillaboom, L50, M|100/100
|-fieldstart|move: Grassy Terrain|[from] ability: Grassy Surge|[of] p2a: Monkey
|-terastallize|p2b: Meow|Ghost
|move|p1b: Amiable|Follow Me|p1b: Amiable
|-singleturn|p1b: Amiable|move: Follow Me
|move|p2b: Meow|Dire Claw|p1b: Amiable
|-damage|p1b: Amiable|63/100
|-enditem|p1b: Amiable|Eject Button
|
|t:|1757932138
|switch|p1b: Anger|Torkoal, L50, F|100/100
|-weather|SunnyDay|[from] ability: Drought|[of] p1b: Anger
|move|p1a: Goatllade|Trick Room|p1a: Goatllade
|-fieldstart|move: Trick Room|[of] p1a: Goatllade
|
|-weather|SunnyDay|[upkeep]
|upkeep
|turn|2
|
|t:|1757932151
|switch|p1a: Amiable|Indeedee-F, L50, F|63/100
|-fieldstart|move: Psychic Terrain|[from] ability: Psychic Surge|[of] p1a: Amiable
|switch|p2b: Fox|Ninetales-Alola, L50, M|100/100
|-weather|Snowscape|[from] ability: Snow Warning|[of] p2b: Fox
|move|p2a: Monkey|Fake Out|p1b: Anger
|-activate|p1b: Anger|move: Psychic Terrain
|move|p1b: Anger|Eruption|p2a: Monkey|[spread] p2a,p2b
|-supereffective|p2a: Monkey
|-supereffective|p2b: Fox
|-damage|p2a: Monkey|0 fnt
|-enditem|p2b: Fox|Focus Sash
|-damage|p2b: Fox|1/100
|faint|p2a: Monkey
|
|-weather|Snowscape|[upkeep]
|upkeep
|
|t:|1757932159
|switch|p2a: Bear|Ursaluna-Bloodmoon, L50, M|100/100
|turn|3
|
|t:|1757932175
|move|p1b: Anger|Overheat|p2a: Bear|[miss]
|-miss|p1b: Anger|p2a: Bear
|move|p1a: Amiable|Tera Blast|p2b: Fox
|-damage|p2b: Fox|0 fnt
|faint|p2b: Fox
|move|p2a: Bear|Blood Moon|p1a: Amiable
|-damage|p1a: Amiable|0 fnt
|faint|p1a: Amiable
|
|-weather|Snowscape|[upkeep]
|upkeep
|
|t:|1757932200
|switch|p1a: Goatflora|Sunflora, L50, F|100/100
|switch|p2b: Meow|Sneasler, L50, M, tera:Ghost|100/100
|turn|4
|
|t:|1757932213
|move|p1b: Anger|Sunny Day|p1b: Anger
|-weather|SunnyDay
|move|p1a: Goatflora|Energy Ball|p2a: Bear
|-supereffective|p2a: Bear
|-damage|p2a: Bear|0 fnt
|faint|p2a: Bear
|-damage|p1a: Goatflora|91/100|[from] item: Life Orb
|move|p2b: Meow|Dire Claw|p1a: Goatflora
|-supereffective|p1a: Goatflora
|-damage|p1a: Goatflora|0 fnt
|faint|p1a: Goatflora
|
|-weather|SunnyDay|[upkeep]
|upkeep
|
|t:|1757932220
|switch|p1a: Goatllade|Gallade, L50, M, shiny|100/100
|turn|5
|c|☆FastForwardMyGame|ggwp
|
|t:|1757932228
|move|p2b: Meow|Protect|p2b: Meow
|-singleturn|p2b: Meow|Protect
|move|p1b: Anger|Eruption|p2b: Meow
|-activate|p2b: Meow|move: Protect
|move|p1a: Goatllade|Psycho Cut|p2b: Meow
|-activate|p2b: Meow|move: Protect
|
|-weather|SunnyDay|[upkeep]
|-fieldend|move: Trick Room
|upkeep
|turn|6
|
|t:|1757932238
|move|p2b: Meow|Dire Claw|p1a: Goatllade
|-damage|p1a: Goatllade|41/100
|-status|p1a: Goatllade|par
|cant|p1a: Goatllade|par
|move|p1b: Anger|Eruption|p2b: Meow
|-damage|p2b: Meow|0 fnt
|faint|p2b: Meow
|
|win|FastForwardMyGame
||FastForwardMyGame is ready for game 3.
||Nimblefrog6 is ready for game 3.
|uhtml|next|Next: Game 3 of 3
|l|☆FastForwardMyGame
|player|p1|
