|j|☆cochedrilo listo
|j|☆FR45
|html|cochedrilo listoFR45    
|uhtml|bestof|Game 1 of a best-of-3
|t:|1782185542
|gametype|doubles
|player|p1|cochedrilo listo|169|1117
|player|p2|FR45|ethan|1135
|gen|9
|tier|[Gen 9 Champions] VGC 2026 Reg M-B (Bo3)
|rated|
|rule|Species Clause: Limit one of each Pokémon
|rule|Item Clause: Limit 1 of each item
|clearpoke
|poke|p1|Malamar, L50, M|
|poke|p1|Whimsicott, L50, M|
|poke|p1|Sinistcha, L50|
|poke|p1|Incineroar, L50, F|
|poke|p1|Gholdengo, L50|
|poke|p1|Charizard, L50, F|
|poke|p2|Garchomp, L50, F|
|poke|p2|Mawile, L50, M, shiny|
|poke|p2|Charizard, L50, M, shiny|
|poke|p2|Sneasler, L50, F|
|poke|p2|Farigiraf, L50, M|
|poke|p2|Milotic, L50, M|
|teampreview|4
|showteam|p1|Malamar||Malamarite|Contrary|Superpower,KnockOff,StoredPower,Protect|Careful||M|||50|]Whimsicott||FocusSash|Prankster|Moonblast,Tickle,FakeTears,Tailwind|Timid||M|||50|]Sinistcha||KasibBerry|Hospitality|MatchaGotcha,StrengthSap,RagePowder,Protect|Bold|||||50|]Incineroar||SitrusBerry|Intimidate|FakeOut,FlareBlitz,PartingShot,Taunt|Impish||F|||50|]Gholdengo||LifeOrb|GoodasGold|MakeItRain,ShadowBall,NastyPlot,Protect|Timid|||||50|]Charizard||CharizarditeY|Blaze|WeatherBall,HeatWave,SolarBeam,Protect|Modest||F|||50|
|showteam|p2|Garchomp||LifeOrb|RoughSkin|DragonClaw,StompingTantrum,RockSlide,Protect|Jolly||F|||50|]Mawile||Mawilite|Intimidate|IronHead,SuckerPunch,PlayRough,Protect|Adamant||M|||50|]Charizard||CharizarditeY|SolarPower|HeatWave,SolarBeam,WeatherBall,Protect|Timid||M|||50|]Sneasler||WhiteHerb|Unburden|FakeOut,DireClaw,CloseCombat,Protect|Jolly||F|||50|]Farigiraf||SitrusBerry|ArmorTail|Psychic,Thunderbolt,HelpingHand,TrickRoom|Quiet||M|||50|]Milotic||Leftovers|Competitive|Scald,IceBeam,Recover,Protect|Modest||M|||50|
|inactive|Battle timer is ON: inactive players will automatically lose when time's up. (requested by FR45)
|inactive|cochedrilo listo has 60 seconds left.
|inactive|FR45 has 60 seconds left.
|
|t:|1782185590
|teamsize|p1|4
|teamsize|p2|4
|start
|switch|p1a: Malamar|Malamar, L50, M|100/100
|switch|p1b: Whimsicott|Whimsicott, L50, M|100/100
|switch|p2a: Milotic|Milotic, L50, M|100/100
|switch|p2b: Sneasler|Sneasler, L50, F|100/100
|turn|1
|
|t:|1782185613
|detailschange|p1a: Malamar|Malamar-Mega, L50, M
|-mega|p1a: Malamar|Malamar|Malamarite
|move|p2b: Sneasler|Fake Out|p1b: Whimsicott
|-damage|p1b: Whimsicott|80/100
|cant|p1b: Whimsicott|flinch
|move|p1a: Malamar|Superpower|p2a: Milotic
|-damage|p2a: Milotic|72/100
|-boost|p1a: Malamar|atk|1
|-boost|p1a: Malamar|def|1
|move|p2a: Milotic|Scald|p1a: Malamar
|-damage|p1a: Malamar|76/100
|
|-heal|p2a: Milotic|78/100|[from] item: Leftovers
|upkeep
|turn|2
|inactive|FR45 has 30 seconds left.
|
|t:|1782185647
|switch|p2a: Charizard|Charizard, L50, M, shiny|100/100
|move|p1b: Whimsicott|Fake Tears|p1a: Malamar
|-boost|p1a: Malamar|spd|2
|move|p2b: Sneasler|Dire Claw|p1b: Whimsicott
|-supereffective|p1b: Whimsicott|2
|-damage|p1b: Whimsicott|0 fnt
|faint|p1b: Whimsicott
|move|p1a: Malamar|Superpower|p2a: Charizard
|-resisted|p2a: Charizard|1
|-damage|p2a: Charizard|75/100
|-boost|p1a: Malamar|atk|1
|-boost|p1a: Malamar|def|1
|
|upkeep
|
|t:|1782185655
|switch|p1b: Incineroar|Incineroar, L50, F|100/100
|-ability|p1b: Incineroar|Intimidate|boost
|-unboost|p2a: Charizard|atk|1
|-unboost|p2b: Sneasler|atk|1
|-enditem|p2b: Sneasler|White Herb
|-clearnegativeboost|p2b: Sneasler|[silent]
|turn|3
|
|t:|1782185672
|move|p2b: Sneasler|Protect|p2b: Sneasler
|-singleturn|p2b: Sneasler|Protect
|move|p2a: Charizard|Protect|p2a: Charizard
|-singleturn|p2a: Charizard|Protect
|move|p1a: Malamar|Superpower|p2b: Sneasler
|-activate|p2b: Sneasler|move: Protect
|move|p1b: Incineroar|Parting Shot|p1a: Malamar
|-boost|p1a: Malamar|atk|1
|-boost|p1a: Malamar|spa|1
|
|t:|1782185677
|switch|p1b: Sinistcha|Sinistcha, L50|100/100|[from] Parting Shot
|-heal|p1a: Malamar|100/100|[from] ability: Hospitality|[of] p1b: Sinistcha
|
|upkeep
|turn|4
|inactive|FR45 has 30 seconds left.
|inactive|FR45 has 20 seconds left.
|
|t:|1782185718
|switch|p1b: Incineroar|Incineroar, L50, F|100/100
|-ability|p1b: Incineroar|Intimidate|boost
|-unboost|p2a: Charizard|atk|1
|-unboost|p2b: Sneasler|atk|1
|detailschange|p2a: Charizard|Charizard-Mega-Y, L50, M, shiny
|-mega|p2a: Charizard|Charizard|Charizardite Y
|-weather|SunnyDay|[from] ability: Drought|[of] p2a: Charizard
|move|p1a: Malamar|Protect|p1a: Malamar
|-singleturn|p1a: Malamar|Protect
|move|p2b: Sneasler|Dire Claw|p1a: Malamar
|-activate|p1a: Malamar|move: Protect
|move|p2a: Charizard|Heat Wave|p1b: Incineroar|[spread] p1b
|-activate|p1a: Malamar|move: Protect
|-resisted|p1b: Incineroar|1
|-damage|p1b: Incineroar|72/100
|
|-weather|SunnyDay|[upkeep]
|upkeep
|turn|5
|
|t:|1782185736
|move|p2a: Charizard|Protect|p2a: Charizard
|-singleturn|p2a: Charizard|Protect
|move|p1b: Incineroar|Fake Out|p2a: Charizard
|-activate|p2a: Charizard|move: Protect
|move|p2b: Sneasler|Close Combat|p1b: Incineroar
|-supereffective|p1b: Incineroar|1
|-damage|p1b: Incineroar|11/100
|-unboost|p2b: Sneasler|def|1
|-unboost|p2b: Sneasler|spd|1
|-enditem|p1b: Incineroar|Sitrus Berry|[eat]
|-heal|p1b: Incineroar|36/100|[from] item: Sitrus Berry
|move|p1a: Malamar|Knock Off|p2a: Charizard
|-activate|p2a: Charizard|move: Protect
|
|-weather|SunnyDay|[upkeep]
|upkeep
|turn|6
|
|t:|1782185754
|move|p2b: Sneasler|Close Combat|p1b: Incineroar
|-supereffective|p1b: Incineroar|1
|-damage|p1b: Incineroar|0 fnt
|-unboost|p2b: Sneasler|def|1
|-unboost|p2b: Sneasler|spd|1
|faint|p1b: Incineroar
|move|p2a: Charizard|Weather Ball|p1a: Malamar
|-damage|p1a: Malamar|71/100
|move|p1a: Malamar|Knock Off|p2a: Charizard
|-damage|p2a: Charizard|7/100
|
|-weather|SunnyDay|[upkeep]
|upkeep
|
|t:|1782185762
|switch|p1b: Sinistcha|Sinistcha, L50|100/100
|-heal|p1a: Malamar|96/100|[from] ability: Hospitality|[of] p1b: Sinistcha
|turn|7
|
|t:|1782185781
|switch|p2b: Milotic|Milotic, L50, M|78/100
|move|p1b: Sinistcha|Protect|p1b: Sinistcha
|-singleturn|p1b: Sinistcha|Protect
|move|p2a: Charizard|Heat Wave|p1b: Sinistcha|[spread] p1a
|-activate|p1b: Sinistcha|move: Protect
|-damage|p1a: Malamar|76/100
|-status|p1a: Malamar|brn
|move|p1a: Malamar|Stored Power|p2b: Milotic
|-damage|p2b: Milotic|22/100
|
|-weather|SunnyDay|[upkeep]
|-heal|p2b: Milotic|28/100|[from] item: Leftovers
|-damage|p1a: Malamar|69/100 brn|[from] brn
|upkeep
|turn|8
|
|t:|1782185800
|move|p2a: Charizard|Heat Wave|p1a: Malamar|[spread] p1a,p1b
|-supereffective|p1b: Sinistcha|1
|-damage|p1a: Malamar|47/100 brn
|-damage|p1b: Sinistcha|0 fnt
|faint|p1b: Sinistcha
|move|p1a: Malamar|Superpower|p2a: Charizard
|-resisted|p2a: Charizard|1
|-damage|p2a: Charizard|0 fnt
|-boost|p1a: Malamar|atk|1
|-boost|p1a: Malamar|def|1
|faint|p2a: Charizard
|move|p2b: Milotic|Recover|p2b: Milotic
|-heal|p2b: Milotic|78/100
|
|-weather|none
|-heal|p2b: Milotic|84/100|[from] item: Leftovers
|-damage|p1a: Malamar|41/100 brn|[from] brn
|upkeep
|
|t:|1782185817
|switch|p2a: Sneasler|Sneasler, L50, F|100/100
|turn|9
|
|t:|1782185824
|move|p1a: Malamar|Protect|p1a: Malamar
|-singleturn|p1a: Malamar|Protect
|move|p2a: Sneasler|Fake Out|p1a: Malamar
|-activate|p1a: Malamar|move: Protect
|move|p2b: Milotic|Scald|p1a: Malamar
|-activate|p1a: Malamar|move: Protect
|
|-heal|p2b: Milotic|90/100|[from] item: Leftovers
|-damage|p1a: Malamar|35/100 brn|[from] brn
|upkeep
|turn|10
|
|t:|1782185837
|move|p2a: Sneasler|Close Combat|p1a: Malamar
|-damage|p1a: Malamar|9/100 brn
|-unboost|p2a: Sneasler|def|1
|-unboost|p2a: Sneasler|spd|1
|move|p1a: Malamar|Stored Power|p2b: Milotic
|-damage|p2b: Milotic|21/100
|move|p2b: Milotic|Scald|p1a: Malamar
|-damage|p1a: Malamar|0 fnt
|faint|p1a: Malamar
|
|win|FR45
