|j|☆Pokemonkey25
|j|☆sbhaga34
|html|Pokemonkey25sbhaga34    
|uhtml|bestof|Game 2 of a best-of-3
|t:|1784815756
|gametype|doubles
|player|p1|Pokemonkey25|swimmerf|1272
|player|p2|sbhaga34|hugh|1330
|gen|9
|tier|[Gen 9 Champions] VGC 2026 Reg M-B (Bo3)
|rated|
|rule|Species Clause: Limit one of each Pokémon
|rule|Item Clause: Limit 1 of each item
|clearpoke
|poke|p1|Sinistcha, L50|
|poke|p1|Pelipper, L50, F|
|poke|p1|Grimmsnarl, L50, M|
|poke|p1|Maushold-Four, L50|
|poke|p1|Lucario, L50, F, shiny|
|poke|p1|Blastoise, L50, F|
|poke|p2|Excadrill, L50, M|
|poke|p2|Tyranitar, L50, F|
|poke|p2|Corviknight, L50, M|
|poke|p2|Rotom-Wash, L50|
|poke|p2|Chandelure, L50, M|
|poke|p2|Scovillain, L50, M|
|teampreview|4
|showteam|p1|Sinistcha||BrightPowder|Hospitality|RagePowder,MatchaGotcha,LifeDew,ShadowBall|Calm|||||50|]Pelipper||LifeOrb|Drizzle|WideGuard,MuddyWater,Hurricane,Tailwind|Modest||F|||50|]Grimmsnarl||LightClay|Prankster|LightScreen,Reflect,Taunt,PartingShot|Careful||M|||50|]Maushold-Four||ChopleBerry|FriendGuard|FollowMe,BeatUp,SuperFang,Protect|Impish|||||50|]Lucario||Lucarionite|Justified|ExtremeSpeed,Detect,DrainPunch,MeteorMash|Careful||F|||50|]Blastoise||Blastoisinite|RainDish|ShellSmash,DarkPulse,WaterSpout,Protect|Modest||F|||50|
|showteam|p2|Excadrill||FocusSash|SandRush|Earthquake,IronHead,SwordsDance,Protect|Adamant||M|||50|]Tyranitar||Tyranitarite|SandStream|RockSlide,KnockOff,LowKick,Protect|Adamant||F|||50|]Corviknight||SharpBeak|MirrorArmor|BraveBird,Tailwind,BulkUp,Roost|Careful||M|||50|]Rotom-Wash||ChoiceScarf|Levitate|VoltSwitch,Thunderbolt,Electroweb,HydroPump|Timid|||||50|]Chandelure||ShucaBerry|FlashFire|HeatWave,ShadowBall,TrickRoom,Protect|Modest||M|||50|]Scovillain||Scovillainite|Chlorophyll|RagePowder,Overheat,GigaDrain,Protect|Calm||M|||50|
|inactive|Battle timer is ON: inactive players will automatically lose when time's up. (requested by Pokemonkey25)
|
|t:|1784815784
|teamsize|p1|4
|teamsize|p2|4
|start
|switch|p1a: imp or tint|Grimmsnarl, L50, M|100/100
|switch|p1b: Turtle|Blastoise, L50, F|100/100
|switch|p2a: Rotom|Rotom-Wash, L50|100/100
|switch|p2b: Corviknight|Corviknight, L50, M|100/100
|turn|1
|
|t:|1784815803
|move|p1b: Turtle|Protect|p1b: Turtle
|-singleturn|p1b: Turtle|Protect
|move|p1a: imp or tint|Taunt|p2b: Corviknight
|-start|p2b: Corviknight|move: Taunt
|move|p2a: Rotom|Electroweb|p1a: imp or tint|[spread] p1a
|-activate|p1b: Turtle|move: Protect
|-damage|p1a: imp or tint|85/100
|-unboost|p1a: imp or tint|spe|1
|cant|p2b: Corviknight|move: Taunt|Tailwind
|
|upkeep
|turn|2
|inactive|Pokemonkey25 has 30 seconds left.
|
|t:|1784815830
|detailschange|p1b: Turtle|Blastoise-Mega, L50, F
|-mega|p1b: Turtle|Blastoise|Blastoisinite
|move|p1a: imp or tint|Light Screen|p1a: imp or tint
|-sidestart|p1: Pokemonkey25|move: Light Screen
|move|p2a: Rotom|Electroweb|p1a: imp or tint|[spread] p1a,p1b
|-supereffective|p1b: Turtle|1
|-damage|p1a: imp or tint|74/100
|-damage|p1b: Turtle|78/100
|-unboost|p1a: imp or tint|spe|1
|-unboost|p1b: Turtle|spe|1
|move|p2b: Corviknight|Brave Bird|p1b: Turtle
|-crit|p1b: Turtle
|-damage|p1b: Turtle|5/100
|-damage|p2b: Corviknight|80/100|[from] Recoil
|move|p1b: Turtle|Shell Smash|p1b: Turtle
|-unboost|p1b: Turtle|def|1
|-unboost|p1b: Turtle|spd|1
|-boost|p1b: Turtle|atk|2
|-boost|p1b: Turtle|spa|2
|-boost|p1b: Turtle|spe|2
|
|upkeep
|turn|3
|inactive|Pokemonkey25 has 30 seconds left.
|
|t:|1784815863
|move|p1a: imp or tint|Parting Shot|p2a: Rotom
|-unboost|p2a: Rotom|atk|1
|-unboost|p2a: Rotom|spa|1
|
|t:|1784815867
|switch|p1a: starbucks|Sinistcha, L50|100/100|[from] Parting Shot
|-heal|p1b: Turtle|30/100|[from] ability: Hospitality|[of] p1a: starbucks
|move|p2a: Rotom|Electroweb|p1b: Turtle|[spread] p1a,p1b
|-resisted|p1a: starbucks|1
|-supereffective|p1b: Turtle|1
|-damage|p1a: starbucks|97/100
|-damage|p1b: Turtle|10/100
|-unboost|p1a: starbucks|spe|1
|-unboost|p1b: Turtle|spe|1
|move|p1b: Turtle|Dark Pulse|p2a: Rotom
|-crit|p2a: Rotom
|-damage|p2a: Rotom|0 fnt
|faint|p2a: Rotom
|move|p2b: Corviknight|Brave Bird|p1a: starbucks
|-supereffective|p1a: starbucks|1
|-damage|p1a: starbucks|0 fnt
|faint|p1a: starbucks
|-damage|p2b: Corviknight|51/100|[from] Recoil
|
|-end|p2b: Corviknight|move: Taunt
|upkeep
|
|t:|1784815889
|switch|p2a: Excadrill|Excadrill, L50, M|100/100
|switch|p1a: mine|Pelipper, L50, F|100/100
|-weather|RainDance|[from] ability: Drizzle|[of] p1a: mine
|turn|4
|
|t:|1784815900
|switch|p2b: Tyranitar|Tyranitar, L50, F|100/100
|-weather|Sandstorm|[from] ability: Sand Stream|[of] p2b: Tyranitar
|move|p1b: Turtle|Protect|p1b: Turtle
|-singleturn|p1b: Turtle|Protect
|move|p2a: Excadrill|Iron Head|p1b: Turtle
|-activate|p1b: Turtle|move: Protect
|move|p1a: mine|Tailwind|p1a: mine
|-sidestart|p1: Pokemonkey25|move: Tailwind
|
|-weather|Sandstorm|[upkeep]
|-damage|p1b: Turtle|4/100|[from] Sandstorm
|-damage|p1a: mine|94/100|[from] Sandstorm
|upkeep
|turn|5
|inactive|sbhaga34 has 30 seconds left.
|
|t:|1784815931
|move|p2a: Excadrill|Protect|p2a: Excadrill
|-singleturn|p2a: Excadrill|Protect
|move|p2b: Tyranitar|Protect|p2b: Tyranitar
|-singleturn|p2b: Tyranitar|Protect
|move|p1b: Turtle|Dark Pulse|p2a: Excadrill
|-activate|p2a: Excadrill|move: Protect
|move|p1a: mine|Muddy Water|p2b: Tyranitar|[spread] 
|-activate|p2a: Excadrill|move: Protect
|-activate|p2b: Tyranitar|move: Protect
|
|-weather|Sandstorm|[upkeep]
|-damage|p1b: Turtle|0 fnt|[from] Sandstorm
|-damage|p1a: mine|88/100|[from] Sandstorm
|faint|p1b: Turtle
|upkeep
|
|t:|1784815944
|switch|p1b: imp or tint|Grimmsnarl, L50, M|74/100
|turn|6
|
|t:|1784815964
|detailschange|p2b: Tyranitar|Tyranitar-Mega, L50, F
|-mega|p2b: Tyranitar|Tyranitar|Tyranitarite
|move|p1b: imp or tint|Reflect|p1b: imp or tint
|-sidestart|p1: Pokemonkey25|Reflect
|move|p2a: Excadrill|Iron Head|p1b: imp or tint
|-supereffective|p1b: imp or tint|1
|-damage|p1b: imp or tint|14/100
|move|p1a: mine|Muddy Water|p2a: Excadrill|[spread] p2a,p2b
|-supereffective|p2a: Excadrill|1
|-supereffective|p2b: Tyranitar|1
|-damage|p2a: Excadrill|10/100
|-damage|p2b: Tyranitar|68/100
|-unboost|p2a: Excadrill|accuracy|1
|-damage|p1a: mine|78/100|[from] item: Life Orb
|move|p2b: Tyranitar|Knock Off|p1a: mine
|-damage|p1a: mine|34/100
|-enditem|p1a: mine|Life Orb|[from] move: Knock Off|[of] p2b: Tyranitar
|
|-weather|Sandstorm|[upkeep]
|-damage|p1a: mine|28/100|[from] Sandstorm
|-damage|p1b: imp or tint|8/100|[from] Sandstorm
|upkeep
|turn|7
|inactive|Pokemonkey25 has 30 seconds left.
|
|t:|1784815996
|switch|p2a: Corviknight|Corviknight, L50, M|51/100
|move|p2b: Tyranitar|Protect|p2b: Tyranitar
|-singleturn|p2b: Tyranitar|Protect
|move|p1b: imp or tint|Parting Shot|p2a: Corviknight
|-ability|p2a: Corviknight|Mirror Armor
|-unboost|p1b: imp or tint|atk|1
|-ability|p2a: Corviknight|Mirror Armor
|-unboost|p1b: imp or tint|spa|1
|move|p1a: mine|Muddy Water|p2b: Tyranitar|[spread] p2a
|-activate|p2b: Tyranitar|move: Protect
|-damage|p2a: Corviknight|29/100
|
|-weather|Sandstorm|[upkeep]
|-damage|p1a: mine|22/100|[from] Sandstorm
|-damage|p1b: imp or tint|2/100|[from] Sandstorm
|-sideend|p1: Pokemonkey25|move: Tailwind
|upkeep
|turn|8
|inactive|Pokemonkey25 has 30 seconds left.
|
|t:|1784816021
|move|p1b: imp or tint|Reflect||[still]
|-fail|p1b: imp or tint
|move|p2b: Tyranitar|Rock Slide|p1b: imp or tint|[spread] p1a,p1b
|-supereffective|p1a: mine|1
|-damage|p1a: mine|0 fnt
|-damage|p1b: imp or tint|0 fnt
|faint|p1a: mine
|faint|p1b: imp or tint
|
|win|sbhaga34
