|j|â˜†ReshiramVG
|j|â˜†flameblade_0012
|html|ReshiramVGflameblade_0012    
|uhtml|bestof|Game 1 of a best-of-3
|t:|1786014978
|gametype|doubles
|player|p1|ReshiramVG|hilbert|1134
|player|p2|flameblade_0012|dawn-gen4pt|1212
|gen|9
|tier|[Gen 9 Champions] VGC 2026 Reg M-B (Bo3)
|rated|
|rule|Species Clause: Limit one of each PokÃ©mon
|rule|Item Clause: Limit 1 of each item
|clearpoke
|poke|p1|Incineroar, L50, F|
|poke|p1|Sinistcha-Masterpiece, L50|
|poke|p1|Ceruledge, L50, F|
|poke|p1|Floette-Eternal, L50, F|
|poke|p1|Rotom-Wash, L50|
|poke|p1|Staraptor, L50, M|
|poke|p2|Raichu, L50, F|
|poke|p2|Whimsicott, L50, M|
|poke|p2|Garchomp, L50, F|
|poke|p2|Farigiraf, L50, M|
|poke|p2|Basculegion, L50, M|
|poke|p2|Ceruledge, L50, F|
|teampreview|4
|showteam|p1|Incineroar||SitrusBerry|Intimidate|FlareBlitz,ThroatChop,PartingShot,FakeOut|Impish||F|||50|]Sinistcha-Masterpiece||OccaBerry|Hospitality|Protect,MatchaGotcha,RagePowder,LifeDew|Bold|||||50|]Ceruledge||ColburBerry|FlashFire|Protect,BitterBlade,ShadowSneak,BulkUp|Adamant||F|||50|]Floette-Eternal||Floettite|FlowerVeil|Protect,DazzlingGleam,DrainingKiss,CalmMind|Serious||F|||50|]Rotom-Wash||ChoiceScarf|Levitate|HydroPump,VoltSwitch,Electroweb,WillOWisp|Timid|||||50|]Staraptor||Staraptite|Intimidate|Protect,CloseCombat,BraveBird,Tailwind|Jolly||M|||50|
|showteam|p2|Raichu||RaichuniteY|LightningRod|VoltSwitch,ZapCannon,Protect,FocusBlast|Modest||F|||50|]Whimsicott||FocusSash|Prankster|Tailwind,Moonblast,Protect,Encore|Timid||M|||50|]Garchomp||LifeOrb|RoughSkin|RockSlide,DragonClaw,StompingTantrum,Protect|Adamant||F|||50|]Farigiraf||ColburBerry|ArmorTail|TrickRoom,Psychic,HyperVoice,Protect|Serious||M|||50|]Basculegion||MysticWater|Adaptability|WaveCrash,AquaJet,Protect,LastRespects|Adamant||M|||50|]Ceruledge||Leftovers|FlashFire|BulkUp,BitterBlade,ShadowSneak,ShadowClaw|Adamant||F|||50|
|inactive|Battle timer is ON: inactive players will automatically lose when time's up. (requested by flameblade_0012)
|inactive|ReshiramVG has 60 seconds left.
|inactive|flameblade_0012 has 60 seconds left.
|inactive|ReshiramVG has 30 seconds left.
|inactive|ReshiramVG has 20 seconds left.
|
|t:|1786015058
|teamsize|p1|4
|teamsize|p2|4
|start
|switch|p1a: Incineroar|Incineroar, L50, F|100/100
|switch|p1b: Floette|Floette-Eternal, L50, F|100/100
|switch|p2a: Raichu|Raichu, L50, F|100/100
|switch|p2b: Whimsicott|Whimsicott, L50, M|100/100
|-ability|p1a: Incineroar|Intimidate|boost
|-unboost|p2a: Raichu|atk|1
|-unboost|p2b: Whimsicott|atk|1
|turn|1
|inactive|ReshiramVG has 30 seconds left.
|inactive|flameblade_0012 has 30 seconds left.
|inactive|ReshiramVG has 20 seconds left.
|inactive|flameblade_0012 has 20 seconds left.
|inactive|ReshiramVG has 15 seconds left.
|inactive|ReshiramVG has 10 seconds left.
|inactive|flameblade_0012 has 15 seconds left.
|inactive|ReshiramVG has 5 seconds left.
|
|t:|1786015110
|switch|p2b: Farigiraf|Farigiraf, L50, M|100/100
|switch|p1b: Sinistcha|Sinistcha-Masterpiece, L50|100/100
|detailschange|p2a: Raichu|Raichu-Mega-Y, L50, F
|-mega|p2a: Raichu|Raichu|Raichunite Y
|move|p2a: Raichu|Volt Switch|p1b: Sinistcha
|-resisted|p1b: Sinistcha|1
|-damage|p1b: Sinistcha|79/100
|
|t:|1786015119
|switch|p2a: Ceruledge|Ceruledge, L50, F|100/100|[from] Volt Switch
|move|p1a: Incineroar|Parting Shot|p2a: Ceruledge
|-unboost|p2a: Ceruledge|atk|1
|-unboost|p2a: Ceruledge|spa|1
|
|t:|1786015140
|switch|p1a: Floette|Floette-Eternal, L50, F|100/100|[from] Parting Shot
|
|upkeep
|turn|2
|c|â˜†flameblade_0012|everyone switching no one likes those leads
|c|â˜†flameblade_0012|XD
|inactive|flameblade_0012 has 30 seconds left.
|inactive|flameblade_0012 has 20 seconds left.
|
|t:|1786015179
|switch|p1b: Incineroar|Incineroar, L50, F|100/100
|-ability|p1b: Incineroar|Intimidate|boost
|-unboost|p2a: Ceruledge|atk|1
|-unboost|p2b: Farigiraf|atk|1
|switch|p2b: Whimsicott|Whimsicott, L50, M|100/100
|detailschange|p1a: Floette|Floette-Mega, L50, F
|-mega|p1a: Floette|Floette|Floettite
|-ability|p1a: Floette|Fairy Aura
|move|p1a: Floette|Calm Mind|p1a: Floette
|-boost|p1a: Floette|spa|1
|-boost|p1a: Floette|spd|1
|move|p2a: Ceruledge|Bitter Blade|p1a: Floette
|-damage|p1a: Floette|74/100
|
|upkeep
|turn|3
|inactive|flameblade_0012 has 30 seconds left.
|inactive|flameblade_0012 has 20 seconds left.
|inactive|flameblade_0012 has 15 seconds left.
|
|t:|1786015222
|switch|p2a: Farigiraf|Farigiraf, L50, M|100/100
|move|p1b: Incineroar|Fake Out||[still]
|cant|p2a: Farigiraf|ability: Armor Tail|Fake Out|[of] p1b: Incineroar
|move|p2b: Whimsicott|Encore|p1a: Floette
|-start|p1a: Floette|Encore
|move|p1a: Floette|Calm Mind|p1a: Floette
|-boost|p1a: Floette|spa|1
|-boost|p1a: Floette|spd|1
|
|upkeep
|turn|4
|inactive|flameblade_0012 has 30 seconds left.
|inactive|flameblade_0012 has 20 seconds left.
|inactive|ReshiramVG has 30 seconds left.
|
|t:|1786015268
|switch|p2b: Ceruledge|Ceruledge, L50, F|100/100
|move|p1a: Floette|Calm Mind|p1a: Floette
|-boost|p1a: Floette|spa|1
|-boost|p1a: Floette|spd|1
|move|p1b: Incineroar|Throat Chop|p2b: Ceruledge
|-supereffective|p2b: Ceruledge|1
|-damage|p2b: Ceruledge|43/100
|-start|p2b: Ceruledge|Throat Chop|[silent]
|move|p2a: Farigiraf|Hyper Voice|p1b: Incineroar|[spread] p1a,p1b
|-damage|p1a: Floette|66/100
|-damage|p1b: Incineroar|74/100
|
|-heal|p2b: Ceruledge|50/100y|[from] item: Leftovers
|upkeep
|turn|5
|inactive|flameblade_0012 has 30 seconds left.
|
|t:|1786015298
|switch|p2a: Whimsicott|Whimsicott, L50, M|100/100
|move|p1a: Floette|Calm Mind|p1a: Floette
|-boost|p1a: Floette|spa|1
|-boost|p1a: Floette|spd|1
|move|p2b: Ceruledge|Bitter Blade|p1a: Floette
|-damage|p1a: Floette|17/100
|-heal|p2b: Ceruledge|71/100|[from] drain|[of] p1a: Floette
|move|p1b: Incineroar|Throat Chop|p2b: Ceruledge
|-supereffective|p2b: Ceruledge|1
|-damage|p2b: Ceruledge|7/100
|
|-heal|p2b: Ceruledge|13/100|[from] item: Leftovers
|-end|p1a: Floette|Encore
|-end|p2b: Ceruledge|Throat Chop|[silent]
|upkeep
|turn|6
|inactive|ReshiramVG has 30 seconds left.
|inactive|flameblade_0012 has 30 seconds left.
|inactive|flameblade_0012 has 20 seconds left.
|inactive|flameblade_0012 has 15 seconds left.
|inactive|flameblade_0012 has 10 seconds left.
|
|t:|1786015347
|switch|p2b: Raichu|Raichu-Mega-Y, L50, F|100/100
|move|p1a: Floette|Protect|p1a: Floette
|-singleturn|p1a: Floette|Protect
|move|p2a: Whimsicott|Tailwind|p2a: Whimsicott
|-sidestart|p2: flameblade_0012|move: Tailwind
|move|p1b: Incineroar|Throat Chop|p2b: Raichu
|-damage|p2b: Raichu|58/100
|-start|p2b: Raichu|Throat Chop|[silent]
|
|upkeep
|turn|7
|inactive|ReshiramVG has 30 seconds left.
|
|t:|1786015373
|switch|p1b: Sinistcha|Sinistcha-Masterpiece, L50|79/100
|-heal|p1a: Floette|42/100|[from] ability: Hospitality|[of] p1b: Sinistcha
|move|p1a: Floette|Protect|p1a: Floette
|-singleturn|p1a: Floette|Protect
|move|p2a: Whimsicott|Encore|p1a: Floette
|-activate|p1a: Floette|move: Protect
|move|p2b: Raichu|Focus Blast|p1b: Sinistcha
|-immune|p1b: Sinistcha
|
|-end|p2b: Raichu|Throat Chop|[silent]
|upkeep
|turn|8
|inactive|ReshiramVG has 30 seconds left.
|inactive|flameblade_0012 has 30 seconds left.
|inactive|flameblade_0012 has 20 seconds left.
|inactive|ReshiramVG has 20 seconds left.
|inactive|ReshiramVG has 15 seconds left.
|
|t:|1786015420
|move|p2a: Whimsicott|Moonblast|p1b: Sinistcha
|-damage|p1b: Sinistcha|28/100
|move|p2b: Raichu|Zap Cannon|p1b: Sinistcha
|-resisted|p1b: Sinistcha|1
|-damage|p1b: Sinistcha|0 fnt
|faint|p1b: Sinistcha
|move|p1a: Floette|Dazzling Gleam|p2a: Whimsicott|[spread] p2a,p2b
|-enditem|p2a: Whimsicott|Focus Sash
|-damage|p2a: Whimsicott|1/100
|-damage|p2b: Raichu|0 fnt
|faint|p2b: Raichu
|
|upkeep
|c|â˜†flameblade_0012|well played
|c|â˜†flameblade_0012|xd
|
|t:|1786015440
|switch|p2b: Ceruledge|Ceruledge, L50, F|13/100
|switch|p1b: Incineroar|Incineroar, L50, F|74/100
|-ability|p1b: Incineroar|Intimidate|boost
|-unboost|p2a: Whimsicott|atk|1
|-unboost|p2b: Ceruledge|atk|1
|turn|9
|inactive|flameblade_0012 has 30 seconds left.
|
|t:|1786015467
|switch|p2a: Farigiraf|Farigiraf, L50, M|100/100
|move|p1a: Floette|Protect|p1a: Floette
|-singleturn|p1a: Floette|Protect
|move|p2b: Ceruledge|Bulk Up|p2b: Ceruledge
|-boost|p2b: Ceruledge|atk|1
|-boost|p2b: Ceruledge|def|1
|move|p1b: Incineroar|Throat Chop|p2a: Farigiraf
|-supereffective|p2a: Farigiraf|1
|-enditem|p2a: Farigiraf|Colbur Berry|[eat]
|-enditem|p2a: Farigiraf|Colbur Berry|[weaken]
|-damage|p2a: Farigiraf|65/100
|-start|p2a: Farigiraf|Throat Chop|[silent]
|
|-heal|p2b: Ceruledge|19/100|[from] item: Leftovers
|-sideend|p2: flameblade_0012|move: Tailwind
|upkeep
|turn|10
|inactive|ReshiramVG has 30 seconds left.
|inactive|flameblade_0012 has 30 seconds left.
|
|t:|1786015500
|move|p2b: Ceruledge|Shadow Sneak|p1a: Floette
|-damage|p1a: Floette|21/100
|move|p1a: Floette|Dazzling Gleam|p2b: Ceruledge|[spread] p2a,p2b
|-resisted|p2b: Ceruledge|1
|-damage|p2a: Farigiraf|0 fnt
|-damage|p2b: Ceruledge|0 fnt
|faint|p2a: Farigiraf
|faint|p2b: Ceruledge
|move|p1b: Incineroar|Throat Chop|p2: Farigiraf|[notarget]
|-fail|p1b: Incineroar
|
|upkeep
|-message|flameblade_0012 forfeited.
|
|win|ReshiramVG
||flameblade_0012 is ready for game 2.
||ReshiramVG is ready for game 2.
|uhtml|next|Next: Game 2 of 3
|n|â˜†ReshiramVG|reshiramvg
|l|â˜†ReshiramVG
|player|p1|
|l|â˜†flameblade_0012
|player|p2|
|j|â˜†ReshiramVG
|player|p1|ReshiramVG|hilbert|
