|j|☆Harry Koekenpan
|j|☆Blizzzey
|html|Harry KoekenpanBlizzzey    
|uhtml|bestof|Game 3 of a best-of-3
|t:|1756212451
|gametype|doubles
|player|p1|Harry Koekenpan|265|1190
|player|p2|Blizzzey|twins-gen4dp|1184
|gen|9
|tier|[Gen 9] VGC 2025 Reg H (Bo3)
|rated|
|rule|Species Clause: Limit one of each Pokémon
|rule|Item Clause: Limit 1 of each item
|clearpoke
|poke|p1|Typhlosion-Hisui, L50, M|
|poke|p1|Murkrow, L50, M|
|poke|p1|Muk-Alola, L50, F|
|poke|p1|Smeargle, L50, M|
|poke|p1|Rillaboom, L50, M|
|poke|p1|Flamigo, L50, M|
|poke|p2|Gholdengo, L50|
|poke|p2|Pawmot, L50, M|
|poke|p2|Talonflame, L50, M|
|poke|p2|Glimmora, L50, F|
|poke|p2|Ninetales-Alola, L50, M|
|poke|p2|Dragonite, L50, F|
|teampreview|4
|showteam|p1|Typhlosion-Hisui||ChoiceSpecs|Blaze|Eruption,ShadowBall,Overheat,HeatWave|||M|||50|,,,,,Fire]Murkrow||Eviolite|Prankster|Tailwind,Taunt,SunnyDay,FoulPlay|||M|||50|,,,,,Ghost]Muk-Alola||Leftovers|PowerofAlchemy|Minimize,PoisonFang,KnockOff,Protect|||F|||50|,,,,,Ghost]Smeargle||FocusSash|Moody|FollowMe,FakeOut,SpikyShield,Explosion|||M|||50|,,,,,Ghost]Rillaboom||AssaultVest|GrassySurge|WoodHammer,GrassyGlide,FakeOut,HighHorsepower|||M|||50|,,,,,Fire]Flamigo||LifeOrb|Costar|CloseCombat,BraveBird,Taunt,Detect|||M|||50|,,,,,Ghost
|showteam|p2|Gholdengo||ChoiceSpecs|GoodasGold|MakeItRain,ShadowBall,PowerGem,Thunderbolt||||||50|,,,,,Steel]Pawmot||FocusSash|VoltAbsorb|DoubleShock,CloseCombat,FakeOut,RevivalBlessing|||M|||50|,,,,,Electric]Talonflame||CovertCloak|GaleWings|BraveBird,FlareBlitz,Tailwind,WillOWisp|||M|||50|,,,,,Fairy]Glimmora||PowerHerb|ToxicDebris|SludgeBomb,MeteorBeam,EarthPower,SpikyShield|||F|||50|,,,,,Grass]Ninetales-Alola||LifeOrb|SnowWarning|FreezeDry,Blizzard,Protect,TeraBlast|||M|||50|,,,,,Ground]Dragonite||LoadedDice|Multiscale|ScaleShot,StompingTantrum,Protect,Haze|||F|||50|,,,,,Steel
|inactive|Battle timer is ON: inactive players will automatically lose when time's up. (requested by Harry Koekenpan)
|
|t:|1756212498
|teamsize|p1|4
|teamsize|p2|4
|start
|switch|p1a: Murkrow|Murkrow, L50, M|100/100
|switch|p1b: Muk|Muk-Alola, L50, F|100/100
|switch|p2a: Talonflame|Talonflame, L50, M|100/100
|switch|p2b: Glimmora|Glimmora, L50, F|100/100
|turn|1
|inactive|Blizzzey has 30 seconds left.
|
|t:|1756212527
|move|p2a: Talonflame|Tailwind|p2a: Talonflame
|-sidestart|p2: Blizzzey|move: Tailwind
|move|p1a: Murkrow|Tailwind|p1a: Murkrow
|-sidestart|p1: Harry Koekenpan|move: Tailwind
|move|p2b: Glimmora|Meteor Beam||[still]
|-prepare|p2b: Glimmora|Meteor Beam
|-boost|p2b: Glimmora|spa|1
|-enditem|p2b: Glimmora|Power Herb
|-anim|p2b: Glimmora|Meteor Beam|p1a: Murkrow|[miss]
|-miss|p2b: Glimmora|p1a: Murkrow
|move|p1b: Muk|Minimize|p1b: Muk
|-boost|p1b: Muk|evasion|2
|
|upkeep
|turn|2
|inactive|Harry Koekenpan has 30 seconds left.
|inactive|Blizzzey has 30 seconds left.
|inactive|Blizzzey has 20 seconds left.
|inactive|Blizzzey has 15 seconds left.
|inactive|Blizzzey has 10 seconds left.
|
|t:|1756212577
|move|p2a: Talonflame|Brave Bird|p1a: Murkrow
|-damage|p1a: Murkrow|42/100
|-damage|p2a: Talonflame|80/100|[from] Recoil
|move|p2b: Glimmora|Sludge Bomb|p1a: Murkrow
|-damage|p1a: Murkrow|0 fnt
|faint|p1a: Murkrow
|-ability|p1b: Muk|Prankster|Power of Alchemy|[from] ability: Power of Alchemy|[of] p1a: Murkrow
|move|p1b: Muk|Minimize|p1b: Muk
|-boost|p1b: Muk|evasion|2
|
|upkeep
|
|t:|1756212589
|switch|p1a: Flamigo|Flamigo, L50, M|100/100
|-copyboost|p1a: Flamigo|p1b: Muk|[from] ability: Costar
|turn|3
|inactive|Blizzzey has 30 seconds left.
|inactive|Blizzzey has 20 seconds left.
|inactive|Blizzzey has 15 seconds left.
|inactive|Blizzzey has 10 seconds left.
|inactive|Blizzzey has 5 seconds left.
|
|t:|1756212642
|switch|p2a: Dragonite|Dragonite, L50, F|100/100
|move|p1a: Flamigo|Close Combat|p2b: Glimmora
|-damage|p2b: Glimmora|7/100
|-unboost|p1a: Flamigo|def|1
|-unboost|p1a: Flamigo|spd|1
|-activate|p2b: Glimmora|ability: Toxic Debris
|-sidestart|p1: Harry Koekenpan|move: Toxic Spikes
|-damage|p1a: Flamigo|91/100|[from] item: Life Orb
|move|p2b: Glimmora|Sludge Bomb|p1a: Flamigo|[miss]
|-miss|p2b: Glimmora|p1a: Flamigo
|move|p1b: Muk|Knock Off|p2a: Dragonite
|-damage|p2a: Dragonite|78/100
|-enditem|p2a: Dragonite|Loaded Dice|[from] move: Knock Off|[of] p1b: Muk
|
|upkeep
|turn|4
|inactive|Harry Koekenpan has 30 seconds left.
|inactive|Harry Koekenpan has 20 seconds left.
|
|t:|1756212678
|move|p2b: Glimmora|Spiky Shield|p2b: Glimmora
|-singleturn|p2b: Glimmora|move: Protect
|move|p1a: Flamigo|Taunt|p2a: Dragonite
|-start|p2a: Dragonite|move: Taunt
|cant|p2a: Dragonite|move: Taunt|Haze
|move|p1b: Muk|Knock Off|p2b: Glimmora
|-activate|p2b: Glimmora|move: Protect
|-damage|p1b: Muk|88/100|[from] Spiky Shield|[of] p2b: Glimmora
|
|-heal|p1b: Muk|94/100|[from] item: Leftovers
|-sideend|p1: Harry Koekenpan|move: Tailwind
|-sideend|p2: Blizzzey|move: Tailwind
|upkeep
|turn|5
|inactive|Blizzzey has 30 seconds left.
|inactive|Blizzzey has 20 seconds left.
|inactive|Blizzzey has 15 seconds left.
|inactive|Blizzzey has 10 seconds left.
|inactive|Blizzzey has 5 seconds left.
|
|t:|1756212732
|switch|p2a: Pawmot|Pawmot, L50, M|100/100
|move|p1a: Flamigo|Close Combat|p2a: Pawmot
|-enditem|p2a: Pawmot|Focus Sash
|-damage|p2a: Pawmot|1/100
|-unboost|p1a: Flamigo|def|1
|-unboost|p1a: Flamigo|spd|1
|-damage|p1a: Flamigo|82/100|[from] item: Life Orb
|move|p2b: Glimmora|Earth Power|p1b: Muk|[miss]
|-miss|p2b: Glimmora|p1b: Muk
|move|p1b: Muk|Knock Off|p2b: Glimmora
|-damage|p2b: Glimmora|0 fnt
|-activate|p2b: Glimmora|ability: Toxic Debris
|-sidestart|p1: Harry Koekenpan|move: Toxic Spikes
|faint|p2b: Glimmora
|
|-heal|p1b: Muk|100/100|[from] item: Leftovers
|upkeep
|
|t:|1756212745
|switch|p2b: Talonflame|Talonflame, L50, M|80/100
|turn|6
|
|t:|1756212768
|move|p1a: Flamigo|Detect|p1a: Flamigo
|-singleturn|p1a: Flamigo|Protect
|move|p2b: Talonflame|Tailwind|p2b: Talonflame
|-sidestart|p2: Blizzzey|move: Tailwind
|move|p2a: Pawmot|Revival Blessing|p2a: Pawmot
|
|t:|1756212773
|-heal|p2: Glimmora|50/100|[from] move: Revival Blessing
|move|p1b: Muk|Knock Off|p2a: Pawmot
|-resisted|p2a: Pawmot
|-damage|p2a: Pawmot|0 fnt
|faint|p2a: Pawmot
|
|upkeep
|
|t:|1756212778
|switch|p2a: Dragonite|Dragonite, L50, F|78/100
|turn|7
|
|t:|1756212795
|switch|p2b: Glimmora|Glimmora, L50, F|50/100
|move|p1b: Muk|Minimize|p1b: Muk
|-boost|p1b: Muk|evasion|2
|move|p2a: Dragonite|Haze|p2a: Dragonite
|-clearallboost
|move|p1a: Flamigo|Close Combat|p2a: Dragonite
|-resisted|p2a: Dragonite
|-damage|p2a: Dragonite|36/100
|-unboost|p1a: Flamigo|def|1
|-unboost|p1a: Flamigo|spd|1
|-damage|p1a: Flamigo|72/100|[from] item: Life Orb
|
|upkeep
|turn|8
|inactive|Blizzzey has 30 seconds left.
|inactive|Blizzzey has 20 seconds left.
|
|t:|1756212834
|move|p2b: Glimmora|Sludge Bomb|p1a: Flamigo
|-crit|p1a: Flamigo
|-damage|p1a: Flamigo|0 fnt
|faint|p1a: Flamigo
|move|p2a: Dragonite|Haze|p2a: Dragonite
|-clearallboost
|move|p1b: Muk|Poison Fang|p2a: Dragonite
|-damage|p2a: Dragonite|14/100
|
|upkeep
|
|t:|1756212844
|switch|p1a: Rillaboom|Rillaboom, L50, M|100/100
|-status|p1a: Rillaboom|tox
|-fieldstart|move: Grassy Terrain|[from] ability: Grassy Surge|[of] p1a: Rillaboom
|turn|9
|inactive|Blizzzey has 30 seconds left.
|inactive|Blizzzey has 20 seconds left.
|
|t:|1756212880
|switch|p2b: Talonflame|Talonflame, L50, M|80/100
|move|p2a: Dragonite|Protect|p2a: Dragonite
|-singleturn|p2a: Dragonite|Protect
|move|p1a: Rillaboom|Fake Out|p2a: Dragonite
|-activate|p2a: Dragonite|move: Protect
|move|p1b: Muk|Minimize|p1b: Muk
|-boost|p1b: Muk|evasion|2
|
|-damage|p1a: Rillaboom|95/100 tox|[from] psn
|-sideend|p2: Blizzzey|move: Tailwind
|upkeep
|turn|10
|inactive|Blizzzey has 30 seconds left.
|inactive|Blizzzey has 20 seconds left.
|inactive|Blizzzey has 15 seconds left.
|inactive|Blizzzey has 10 seconds left.
|
|t:|1756212928
|switch|p2a: Glimmora|Glimmora, L50, F|50/100
|move|p1a: Rillaboom|Grassy Glide|p2a: Glimmora
|-damage|p2a: Glimmora|2/100
|move|p1b: Muk|Minimize|p1b: Muk
|-boost|p1b: Muk|evasion|2
|move|p2b: Talonflame|Tailwind|p2b: Talonflame
|-sidestart|p2: Blizzzey|move: Tailwind
|
|-heal|p2a: Glimmora|8/100|[from] Grassy Terrain
|-heal|p1a: Rillaboom|100/100 tox|[from] Grassy Terrain
|-damage|p1a: Rillaboom|89/100 tox|[from] psn
|upkeep
|turn|11
|
|t:|1756212952
|-terastallize|p1a: Rillaboom|Fire
|move|p2a: Glimmora|Spiky Shield|p2a: Glimmora
|-singleturn|p2a: Glimmora|move: Protect
|move|p1a: Rillaboom|Grassy Glide|p2a: Glimmora
|-activate|p2a: Glimmora|move: Protect
|-damage|p1a: Rillaboom|77/100 tox|[from] Spiky Shield|[of] p2a: Glimmora
|move|p2b: Talonflame|Brave Bird|p1a: Rillaboom
|-damage|p1a: Rillaboom|34/100 tox
|-damage|p2b: Talonflame|61/100|[from] Recoil
|move|p1b: Muk|Knock Off|p2b: Talonflame
|-damage|p2b: Talonflame|8/100
|-enditem|p2b: Talonflame|Covert Cloak|[from] move: Knock Off|[of] p1b: Muk
|
|-heal|p2a: Glimmora|14/100|[from] Grassy Terrain
|-heal|p1a: Rillaboom|40/100 tox|[from] Grassy Terrain
|-damage|p1a: Rillaboom|23/100 tox|[from] psn
|upkeep
|turn|12
|inactive|Blizzzey has 30 seconds left.
|inactive|Blizzzey has 20 seconds left.
|inactive|Blizzzey has 15 seconds left.
|inactive|Blizzzey has 10 seconds left.
|
|t:|1756213002
|move|p2a: Glimmora|Spiky Shield|p2a: Glimmora
|-singleturn|p2a: Glimmora|move: Protect
|move|p1a: Rillaboom|Grassy Glide|p2a: Glimmora
|-activate|p2a: Glimmora|move: Protect
|-damage|p1a: Rillaboom|11/100 tox|[from] Spiky Shield|[of] p2a: Glimmora
|move|p2b: Talonflame|Brave Bird|p1a: Rillaboom
|-damage|p1a: Rillaboom|0 fnt
|faint|p1a: Rillaboom
|-damage|p2b: Talonflame|4/100|[from] Recoil
|move|p1b: Muk|Knock Off|p2b: Talonflame
|-damage|p2b: Talonflame|0 fnt
|faint|p2b: Talonflame
|
|-heal|p2a: Glimmora|19/100|[from] Grassy Terrain
|upkeep
|inactive|Blizzzey has 20 seconds left this turn.
|inactive|Blizzzey has 15 seconds left.
|inactive|Blizzzey has 10 seconds left.
|
|t:|1756213014
|switch|p2b: Dragonite|Dragonite, L50, F|14/100
|turn|13
|inactive|Blizzzey has 10 seconds left this turn.
|
|t:|1756213025
|move|p2a: Glimmora|Earth Power|p1b: Muk|[miss]
|-miss|p2a: Glimmora|p1b: Muk
|move|p2b: Dragonite|Haze|p2b: Dragonite
|-clearallboost
|move|p1b: Muk|Knock Off|p2b: Dragonite
|-damage|p2b: Dragonite|0 fnt
|faint|p2b: Dragonite
|
|-heal|p2a: Glimmora|25/100|[from] Grassy Terrain
|-sideend|p2: Blizzzey|move: Tailwind
|-fieldend|move: Grassy Terrain
|upkeep
|turn|14
|inactive|Blizzzey has 10 seconds left this turn.
|inactive|Blizzzey has 5 seconds left.
|
|t:|1756213038
|move|p2a: Glimmora|Earth Power|p1b: Muk
|-supereffective|p1b: Muk
|-damage|p1b: Muk|62/100
|move|p1b: Muk|Knock Off|p2a: Glimmora
|-damage|p2a: Glimmora|0 fnt
|faint|p2a: Glimmora
|
|win|Harry Koekenpan
|raw|Harry Koekenpan's rating: 1190 → 1215(+25 for winning)
|raw|Blizzzey's rating: 1184 → 1159(-25 for losing)
