|j|â˜†reuniclusglazr
|j|â˜†jodiostar06
|html|reuniclusglazrjodiostar06    
|uhtml|bestof|Game 2 of a best-of-3
|t:|1784922847
|gametype|doubles
|player|p1|reuniclusglazr|flannery|
|player|p2|jodiostar06|biker|
|gen|9
|tier|[Gen 9 Champions] VGC 2026 Reg M-B (Bo3)
|rule|Species Clause: Limit one of each PokĂ©mon
|rule|Item Clause: Limit 1 of each item
|clearpoke
|poke|p1|Incineroar, L50, F|
|poke|p1|Hawlucha, L50, F|
|poke|p1|Sinistcha, L50|
|poke|p1|Froslass, L50, F|
|poke|p1|Beartic, L50, M|
|poke|p1|Snorlax, L50, F|
|poke|p2|Vanilluxe, L50, M|
|poke|p2|Alakazam, L50, M|
|poke|p2|Crabominable, L50, M|
|poke|p2|Tsareena, L50, F, shiny|
|poke|p2|Dragonite, L50, F|
|poke|p2|Oranguru, L50, F|
|teampreview|4
|showteam|p1|Incineroar||SitrusBerry|Intimidate|FakeOut,PartingShot,FlareBlitz,DarkestLariat|Adamant||F|||50|]Hawlucha||Hawluchanite|MoldBreaker|Entrainment,Detect,Coaching,FlyingPress|Jolly||F|||50|]Sinistcha||FocusSash|Hospitality|RagePowder,MatchaGotcha,StrengthSap,TrickRoom|Bold|||||50|]Froslass||Froslassite|SnowCloak|NastyPlot,Blizzard,AuroraVeil,WillOWisp|Modest||F|||50|]Beartic||LifeOrb|SlushRush|IcicleCrash,HeavySlam,BrickBreak,Protect|Jolly||M|||50|]Snorlax||Leftovers|ThickFat|Fissure,SmackDown,Stockpile,Protect|Relaxed||F|||50|
|showteam|p2|Vanilluxe||IcyRock|SnowWarning|Blizzard,FreezeDry,Protect,WeatherBall|Quiet||M|||50|]Alakazam||FocusSash|InnerFocus|Psychic,Reflect,SpeedSwap,Protect|Timid||M|||50|]Crabominable||Crabominite|IronFist|IceHammer,DrainPunch,MachPunch,Protect|Adamant||M|||50|]Tsareena||ScopeLens|QueenlyMajesty|TripleAxel,HighJumpKick,PowerWhip,Protect|Adamant||F|||50|]Dragonite||Dragoninite|Multiscale|DragonPulse,Flamethrower,Protect,Tailwind|Modest||F|||50|]Oranguru||MentalHerb|InnerFocus|Yawn,TrickRoom,Psychic,Protect|Sassy||F|||50|
|j| guxueprimalblade
|j| HEROBREIN9
|j| Someoneofficial
|
|t:|1784922866
|teamsize|p1|4
|teamsize|p2|4
|start
|switch|p1a: Nachos|Incineroar, L50, F|100/100
|switch|p1b: Ouhh Shi|Froslass, L50, F|100/100
|switch|p2a: Vanilluxe|Vanilluxe, L50, M|100/100
|switch|p2b: Alakazam|Alakazam, L50, M|100/100
|-ability|p1a: Nachos|Intimidate|boost
|-unboost|p2a: Vanilluxe|atk|1
|-fail|p2b: Alakazam|unboost|Attack|[from] ability: Inner Focus|[of] p2b: Alakazam
|-weather|Snowscape|[from] ability: Snow Warning|[of] p2a: Vanilluxe
|turn|1
|j| hakoryu
|
|t:|1784922894
|switch|p2a: Mr.Bombastic|Crabominable, L50, M|100/100
|detailschange|p1b: Ouhh Shi|Froslass-Mega, L50, F
|-mega|p1b: Ouhh Shi|Froslass|Froslassite
|move|p2b: Alakazam|Reflect|p2b: Alakazam
|-sidestart|p2: jodiostar06|Reflect
|move|p1b: Ouhh Shi|Blizzard|p2a: Mr.Bombastic|[spread] p2a,p2b
|-resisted|p2a: Mr.Bombastic|1
|-damage|p2a: Mr.Bombastic|71/100
|-damage|p2b: Alakazam|34/100
|move|p1a: Nachos|Flare Blitz|p2a: Mr.Bombastic
|-supereffective|p2a: Mr.Bombastic|1
|-damage|p2a: Mr.Bombastic|8/100
|-damage|p1a: Nachos|75/100|[from] Recoil
|
|-weather|Snowscape|[upkeep]
|upkeep
|turn|2
|c| hakoryu|wait why u got alakazam
|c| hakoryu|what does he even do
|c| HEROBREIN9|speed swap lol
|
|t:|1784922916
|detailschange|p2a: Mr.Bombastic|Crabominable-Mega, L50, M
|-mega|p2a: Mr.Bombastic|Crabominable|Crabominite
|move|p2b: Alakazam|Speed Swap|p2a: Mr.Bombastic
|-activate|p2b: Alakazam|move: Speed Swap|[of] p2a: Mr.Bombastic
|move|p2a: Mr.Bombastic|Drain Punch|p1a: Nachos
|-supereffective|p1a: Nachos|1
|-damage|p1a: Nachos|0 fnt
|-heal|p2a: Mr.Bombastic|40/100|[from] drain|[of] p1a: Nachos
|faint|p1a: Nachos
|move|p1b: Ouhh Shi|Blizzard|p2a: Mr.Bombastic|[spread] p2a,p2b
|-resisted|p2a: Mr.Bombastic|1
|-damage|p2a: Mr.Bombastic|18/100
|-damage|p2b: Alakazam|0 fnt
|faint|p2b: Alakazam
|
|-weather|Snowscape|[upkeep]
|upkeep
|c| hakoryu|ouu
|c| hakoryu|ouu shiii
|c|â˜†reuniclusglazr|yikes
|
|t:|1784922937
|switch|p2b: Vanilluxe|Vanilluxe, L50, M|100/100
|switch|p1a: 7/11|Beartic, L50, M|100/100
|turn|3
|c| HEROBREIN9|imagine torkoal here
|c| hakoryu|he cant hit ur froslass ur chilling
|c| HEROBREIN9|oh my god im so fat
|
|t:|1784922956
|move|p2b: Vanilluxe|Protect|p2b: Vanilluxe
|-singleturn|p2b: Vanilluxe|Protect
|move|p1a: 7/11|Brick Break|p2a: Mr.Bombastic
|-sideend|p2: jodiostar06|Reflect
|-supereffective|p2a: Mr.Bombastic|1
|-crit|p2a: Mr.Bombastic
|-damage|p2a: Mr.Bombastic|0 fnt
|faint|p2a: Mr.Bombastic
|-damage|p1a: 7/11|90/100|[from] item: Life Orb
|move|p1b: Ouhh Shi|Blizzard|p2b: Vanilluxe
|-activate|p2b: Vanilluxe|move: Protect
|
|-weather|Snowscape|[upkeep]
|upkeep
|c| hakoryu|imagine an eruption here
|
|t:|1784922967
|switch|p2a: HI MOMMY|Tsareena, L50, F, shiny|100/100
|turn|4
|c| HEROBREIN9|me asf
|
|t:|1784922978
|move|p1a: 7/11|Brick Break|p2b: Vanilluxe
|-supereffective|p2b: Vanilluxe|1
|-damage|p2b: Vanilluxe|47/100
|-damage|p1a: 7/11|80/100|[from] item: Life Orb
|move|p1b: Ouhh Shi|Blizzard|p2b: Vanilluxe|[spread] p2a,p2b
|-supereffective|p2a: HI MOMMY|1
|-resisted|p2b: Vanilluxe|1
|-damage|p2a: HI MOMMY|8/100
|-damage|p2b: Vanilluxe|22/100
|move|p2a: HI MOMMY|High Jump Kick|p1a: 7/11
|-supereffective|p1a: 7/11|1
|-damage|p1a: 7/11|0 fnt
|faint|p1a: 7/11
|move|p2b: Vanilluxe|Blizzard|p1b: Ouhh Shi
|-resisted|p1b: Ouhh Shi|1
|-damage|p1b: Ouhh Shi|64/100
|
|-weather|Snowscape|[upkeep]
|upkeep
|c| guxueprimalblade|im bricked looking at beartic
|c| guxueprimalblade|anyone else?
|
|t:|1784922988
|switch|p1a: Performative|Sinistcha, L50|100/100
|-heal|p1b: Ouhh Shi|89/100|[from] ability: Hospitality|[of] p1a: Performative
|turn|5
|c| hakoryu|w bara faps
|c| hakoryu|Ă‰
|c| hakoryu|quesiton mark
|c| HEROBREIN9|moshi moshi
|c| HEROBREIN9|wow this is a sugoi gamer
|c| hakoryu|calls you
|c|â˜†jodiostar06|bossu
|c| guxueprimalblade|Gomen.
|c| hakoryu|wow ur so good renulcus
|c| HEROBREIN9|nihongo des?
|c| hakoryu|wait
|
|t:|1784923025
|move|p1b: Ouhh Shi|Blizzard|p2b: Vanilluxe|[spread] p2a,p2b
|-supereffective|p2a: HI MOMMY|1
|-crit|p2a: HI MOMMY
|-resisted|p2b: Vanilluxe|1
|-damage|p2a: HI MOMMY|0 fnt
|-damage|p2b: Vanilluxe|0 fnt
|faint|p2a: HI MOMMY
|faint|p2b: Vanilluxe
|
|win|reuniclusglazr
|c| hakoryu|u get so much ara aras
|c|â˜†reuniclusglazr|ggs
|c| hakoryu|ara ara
|c| HEROBREIN9|gg
|c|â˜†reuniclusglazr|TY MOMMG
|c|â˜†jodiostar06|gg
|c| hakoryu|good boy my little jit
|c|â˜†reuniclusglazr|alr whos next round
|l|â˜†jodiostar06
|player|p2|
|l| guxueprimalblade
|l| HEROBREIN9
|j| guxueprimalblade
|l| guxueprimalblade
