|j|☆nemadevil
|j|☆notdoodenberg
|html|nemadevilnotdoodenberg    
|uhtml|bestof|Game 1 of a best-of-3
|t:|1784739328
|gametype|doubles
|player|p1|nemadevil|1|1210
|player|p2|notdoodenberg|265|1201
|gen|9
|tier|[Gen 9 Champions] VGC 2026 Reg M-B (Bo3)
|rated|
|rule|Species Clause: Limit one of each Pokémon
|rule|Item Clause: Limit 1 of each item
|clearpoke
|poke|p1|Swampert, L50, M|
|poke|p1|Pelipper, L50, F, shiny|
|poke|p1|Aerodactyl, L50, F|
|poke|p1|Archaludon, L50, M|
|poke|p1|Tsareena, L50, F, shiny|
|poke|p1|Incineroar, L50, M|
|poke|p2|Tyranitar, L50, M|
|poke|p2|Excadrill, L50, M|
|poke|p2|Milotic, L50, M|
|poke|p2|Sinistcha, L50|
|poke|p2|Staraptor, L50, F|
|poke|p2|Gholdengo, L50|
|teampreview|4
|showteam|p1|Swampert||Swampertite|Torrent|WaveCrash,IcePunch,Protect,Earthquake|Adamant||M|||50|]Pelipper||FocusSash|Drizzle|WeatherBall,Hurricane,Protect,Tailwind|Modest||F|||50|]Aerodactyl||Aerodactylite|Unnerve|DualWingbeat,RockSlide,Protect,Tailwind|Jolly||F|||50|]Archaludon||ChoiceScarf|Sturdy|ElectroShot,DracoMeteor,DragonPulse,FlashCannon|Timid||M|||50|]Tsareena||KebiaBerry|QueenlyMajesty|TropKick,KnockOff,Protect,Taunt|Adamant||F|||50|]Incineroar||SitrusBerry|Intimidate|FakeOut,DarkestLariat,Taunt,PartingShot|Careful||M|||50|
|showteam|p2|Tyranitar||Tyranitarite|SandStream|KnockOff,RockSlide,DragonDance,Protect|Jolly||M|||50|]Excadrill||FocusSash|SandRush|Earthquake,IronHead,RockSlide,Protect|Adamant||M|||50|]Milotic||SitrusBerry|Competitive|Scald,IcyWind,Haze,Protect|Calm||M|||50|]Sinistcha||ColburBerry|Hospitality|MatchaGotcha,ShadowBall,Protect,RagePowder|Bold|||||50|]Staraptor||Staraptite|Intimidate|CloseCombat,BraveBird,Tailwind,Protect|Jolly||F|||50|]Gholdengo||LifeOrb|GoodasGold|MakeItRain,ShadowBall,NastyPlot,Protect|Modest|||||50|
|
|t:|1784739378
|teamsize|p1|4
|teamsize|p2|4
|start
|switch|p1a: Swampert|Swampert, L50, M|100/100
|switch|p1b: Tsareena|Tsareena, L50, F, shiny|100/100
|switch|p2a: Sinistcha|Sinistcha, L50|100/100
|switch|p2b: Gholdengo|Gholdengo, L50|100/100
|turn|1
|inactive|Battle timer is ON: inactive players will automatically lose when time's up. (requested by nemadevil)
|inactive|nemadevil has 60 seconds left.
|inactive|notdoodenberg has 60 seconds left.
|
|t:|1784739425
|switch|p2b: Staraptor|Staraptor, L50, F|100/100
|-ability|p2b: Staraptor|Intimidate|boost
|-unboost|p1a: Swampert|atk|1
|-unboost|p1b: Tsareena|atk|1
|switch|p1a: Incineroar|Incineroar, L50, M|100/100
|-ability|p1a: Incineroar|Intimidate|boost
|-unboost|p2a: Sinistcha|atk|1
|-unboost|p2b: Staraptor|atk|1
|move|p1b: Tsareena|Taunt|p2a: Sinistcha
|-start|p2a: Sinistcha|move: Taunt
|move|p2a: Sinistcha|Matcha Gotcha|p1a: Incineroar|[spread] p1a,p1b
|-resisted|p1a: Incineroar|1
|-resisted|p1b: Tsareena|1
|-damage|p1a: Incineroar|89/100
|-damage|p1b: Tsareena|89/100
|
|upkeep
|turn|2
|
|t:|1784739446
|switch|p2a: Tyranitar|Tyranitar, L50, M|100/100
|-weather|Sandstorm|[from] ability: Sand Stream|[of] p2a: Tyranitar
|move|p1a: Incineroar|Fake Out|p2b: Staraptor
|-crit|p2b: Staraptor
|-damage|p2b: Staraptor|78/100
|cant|p2b: Staraptor|flinch
|move|p1b: Tsareena|Knock Off|p2a: Tyranitar
|-resisted|p2a: Tyranitar|1
|-damage|p2a: Tyranitar|93/100
|
|-weather|Sandstorm|[upkeep]
|-damage|p2b: Staraptor|73/100|[from] Sandstorm
|-damage|p1b: Tsareena|83/100|[from] Sandstorm
|-damage|p1a: Incineroar|83/100|[from] Sandstorm
|upkeep
|turn|3
|
|t:|1784739464
|switch|p1a: Pelipper|Pelipper, L50, F, shiny|100/100
|-weather|RainDance|[from] ability: Drizzle|[of] p1a: Pelipper
|move|p2b: Staraptor|Tailwind|p2b: Staraptor
|-sidestart|p2: notdoodenberg|move: Tailwind
|move|p2a: Tyranitar|Dragon Dance|p2a: Tyranitar
|-boost|p2a: Tyranitar|atk|1
|-boost|p2a: Tyranitar|spe|1
|move|p1b: Tsareena|Trop Kick|p2a: Tyranitar
|-supereffective|p2a: Tyranitar|1
|-damage|p2a: Tyranitar|45/100
|-unboost|p2a: Tyranitar|atk|1
|
|-weather|RainDance|[upkeep]
|upkeep
|turn|4
|inactive|notdoodenberg has 30 seconds left.
|inactive|notdoodenberg has 20 seconds left.
|inactive|notdoodenberg has 15 seconds left.
|inactive|notdoodenberg has 10 seconds left.
|
|t:|1784739514
|switch|p2b: Sinistcha|Sinistcha, L50|100/100
|-heal|p2a: Tyranitar|70/100|[from] ability: Hospitality|[of] p2b: Sinistcha
|switch|p1a: Incineroar|Incineroar, L50, M|83/100
|-ability|p1a: Incineroar|Intimidate|boost
|-unboost|p2a: Tyranitar|atk|1
|-unboost|p2b: Sinistcha|atk|1
|detailschange|p2a: Tyranitar|Tyranitar-Mega, L50, M
|-mega|p2a: Tyranitar|Tyranitar|Tyranitarite
|-weather|Sandstorm|[from] ability: Sand Stream|[of] p2a: Tyranitar
|move|p2a: Tyranitar|Rock Slide|p1b: Tsareena|[spread] p1a,p1b
|-supereffective|p1a: Incineroar|1
|-damage|p1a: Incineroar|41/100
|-damage|p1b: Tsareena|61/100
|-enditem|p1a: Incineroar|Sitrus Berry|[eat]
|-heal|p1a: Incineroar|66/100|[from] item: Sitrus Berry
|move|p1b: Tsareena|Trop Kick|p2a: Tyranitar
|-supereffective|p2a: Tyranitar|1
|-damage|p2a: Tyranitar|36/100
|-unboost|p2a: Tyranitar|atk|1
|
|-weather|Sandstorm|[upkeep]
|-damage|p2b: Sinistcha|94/100|[from] Sandstorm
|-damage|p1b: Tsareena|55/100|[from] Sandstorm
|-damage|p1a: Incineroar|60/100|[from] Sandstorm
|upkeep
|turn|5
|inactive|nemadevil has 30 seconds left.
|inactive|notdoodenberg has 30 seconds left.
|inactive|nemadevil has 20 seconds left.
|inactive|notdoodenberg has 20 seconds left.
|
|t:|1784739552
|switch|p2a: Gholdengo|Gholdengo, L50|100/100
|switch|p2b: Staraptor|Staraptor, L50, F|73/100
|-ability|p2b: Staraptor|Intimidate|boost
|-unboost|p1a: Incineroar|atk|1
|-unboost|p1b: Tsareena|atk|1
|switch|p1b: Pelipper|Pelipper, L50, F, shiny|100/100
|-weather|RainDance|[from] ability: Drizzle|[of] p1b: Pelipper
|move|p1a: Incineroar|Fake Out|p2a: Gholdengo
|-immune|p2a: Gholdengo
|
|-weather|RainDance|[upkeep]
|upkeep
|turn|6
|
|t:|1784739573
|move|p1b: Pelipper|Protect|p1b: Pelipper
|-singleturn|p1b: Pelipper|Protect
|move|p2b: Staraptor|Close Combat|p1a: Incineroar
|-supereffective|p1a: Incineroar|1
|-damage|p1a: Incineroar|0 fnt
|-unboost|p2b: Staraptor|def|1
|-unboost|p2b: Staraptor|spd|1
|faint|p1a: Incineroar
|move|p2a: Gholdengo|Nasty Plot|p2a: Gholdengo
|-boost|p2a: Gholdengo|spa|2
|
|-weather|RainDance|[upkeep]
|-sideend|p2: notdoodenberg|move: Tailwind
|upkeep
|
|t:|1784739587
|switch|p1a: Swampert|Swampert, L50, M|100/100
|turn|7
|
|t:|1784739594
|switch|p1b: Tsareena|Tsareena, L50, F, shiny|55/100
|detailschange|p1a: Swampert|Swampert-Mega, L50, M
|-mega|p1a: Swampert|Swampert|Swampertite
|move|p1a: Swampert|Protect|p1a: Swampert
|-singleturn|p1a: Swampert|Protect
|move|p2a: Gholdengo|Protect|p2a: Gholdengo
|-singleturn|p2a: Gholdengo|Protect
|move|p2b: Staraptor|Tailwind|p2b: Staraptor
|-sidestart|p2: notdoodenberg|move: Tailwind
|
|-weather|RainDance|[upkeep]
|upkeep
|turn|8
|inactive|notdoodenberg has 30 seconds left.
|inactive|notdoodenberg has 20 seconds left.
|
|t:|1784739631
|switch|p2b: Tyranitar|Tyranitar-Mega, L50, M|36/100
|-weather|Sandstorm|[from] ability: Sand Stream|[of] p2b: Tyranitar
|move|p2a: Gholdengo|Make It Rain|p1b: Tsareena|[spread] p1a,p1b
|-resisted|p1a: Swampert|1
|-damage|p1a: Swampert|53/100
|-damage|p1b: Tsareena|0 fnt
|-unboost|p2a: Gholdengo|spa|2
|faint|p1b: Tsareena
|-damage|p2a: Gholdengo|90/100|[from] item: Life Orb
|move|p1a: Swampert|Earthquake|p2a: Gholdengo|[spread] p2a,p2b
|-supereffective|p2a: Gholdengo|1
|-supereffective|p2b: Tyranitar|1
|-damage|p2a: Gholdengo|7/100
|-damage|p2b: Tyranitar|0 fnt
|faint|p2b: Tyranitar
|
|-weather|Sandstorm|[upkeep]
|upkeep
|
|t:|1784739646
|switch|p2b: Sinistcha|Sinistcha, L50|94/100
|switch|p1b: Pelipper|Pelipper, L50, F, shiny|100/100
|-weather|RainDance|[from] ability: Drizzle|[of] p1b: Pelipper
|-heal|p2a: Gholdengo|32/100|[from] ability: Hospitality|[of] p2b: Sinistcha
|turn|9
|
|t:|1784739660
|move|p1a: Swampert|Protect|p1a: Swampert
|-singleturn|p1a: Swampert|Protect
|move|p2a: Gholdengo|Shadow Ball|p1a: Swampert
|-activate|p1a: Swampert|move: Protect
|move|p2b: Sinistcha|Matcha Gotcha|p1a: Swampert|[spread] p1b
|-activate|p1a: Swampert|move: Protect
|-damage|p1b: Pelipper|55/100
|-heal|p2b: Sinistcha|100/100|[from] drain|[of] p1b: Pelipper
|move|p1b: Pelipper|Tailwind|p1b: Pelipper
|-sidestart|p1: nemadevil|move: Tailwind
|
|-weather|RainDance|[upkeep]
|upkeep
|turn|10
|inactive|notdoodenberg has 30 seconds left.
|inactive|notdoodenberg has 20 seconds left.
|inactive|notdoodenberg has 15 seconds left.
|
|t:|1784739702
|switch|p2a: Staraptor|Staraptor, L50, F|73/100
|-ability|p2a: Staraptor|Intimidate|boost
|-unboost|p1a: Swampert|atk|1
|-unboost|p1b: Pelipper|atk|1
|move|p1a: Swampert|Earthquake|p2b: Sinistcha|[spread] p2b
|-immune|p1b: Pelipper
|-immune|p2a: Staraptor
|-resisted|p2b: Sinistcha|1
|-damage|p2b: Sinistcha|89/100
|move|p1b: Pelipper|Hurricane|p2b: Sinistcha
|-supereffective|p2b: Sinistcha|1
|-damage|p2b: Sinistcha|0 fnt
|faint|p2b: Sinistcha
|
|-weather|RainDance|[upkeep]
|-sideend|p2: notdoodenberg|move: Tailwind
|upkeep
|inactive|notdoodenberg has 30 seconds left.
|
|t:|1784739728
|switch|p2b: Gholdengo|Gholdengo, L50|32/100
|turn|11
|
|t:|1784739737
|move|p2b: Gholdengo|Protect|p2b: Gholdengo
|-singleturn|p2b: Gholdengo|Protect
|move|p1a: Swampert|Wave Crash|p2a: Staraptor
|-damage|p2a: Staraptor|0 fnt
|faint|p2a: Staraptor
|-damage|p1a: Swampert|28/100|[from] Recoil
|move|p1b: Pelipper|Weather Ball|p2b: Gholdengo
|-activate|p2b: Gholdengo|move: Protect
|
|-weather|RainDance|[upkeep]
|upkeep
|turn|12
|
|t:|1784739749
|move|p1a: Swampert|Wave Crash|p2b: Gholdengo
|-damage|p2b: Gholdengo|0 fnt
|faint|p2b: Gholdengo
|-damage|p1a: Swampert|17/100|[from] Recoil
|
|win|nemadevil
||nemadevil is ready for game 2.
|inactive|notdoodenberg has 30 seconds to confirm battle start!
||notdoodenberg is ready for game 2.
|uhtml|next|Next: Game 2 of 3
|l|☆notdoodenberg
|player|p2|
|l|☆nemadevil
|player|p1|
|j|☆nemadevil
|player|p1|nemadevil|1|
