|j|☆Fairy Juice Jay
|j|☆OceanicGamer
|html|Fairy Juice JayOceanicGamer    
|uhtml|bestof|Game 1 of a best-of-3
|t:|1783200326
|gametype|doubles
|player|p1|Fairy Juice Jay|burgh-masters|
|player|p2|OceanicGamer|#agwliiikyogres|
|gen|9
|tier|[Gen 9 Champions] VGC 2026 Reg M-B (Bo3)
|rule|Species Clause: Limit one of each Pokémon
|rule|Item Clause: Limit 1 of each item
|clearpoke
|poke|p1|Tyranitar, L50, F|
|poke|p1|Venusaur, L50, M|
|poke|p1|Excadrill, L50, F|
|poke|p1|Rotom-Heat, L50|
|poke|p1|Aegislash, L50, M|
|poke|p1|Primarina, L50, F|
|poke|p2|Tyranitar, L50, F, shiny|
|poke|p2|Excadrill, L50, F, shiny|
|poke|p2|Talonflame, L50, M, shiny|
|poke|p2|Rotom-Mow, L50, shiny|
|poke|p2|Tinkaton, L50, F|
|poke|p2|Samurott-Hisui, L50, F|
|teampreview|4
|showteam|p1|Tyranitar||Tyranitarite|SandStream|RockSlide,KnockOff,Superpower,Protect|Adamant||F|||50|]Venusaur||Venusaurite|Chlorophyll|GigaDrain,SludgeBomb,LeechSeed,Protect|Bold||M|||50|]Excadrill||FocusSash|SandRush|HighHorsepower,IronHead,RockSlide,Protect|Adamant||F|||50|]Rotom-Heat||SitrusBerry|Levitate|Thunderbolt,Overheat,WillOWisp,Protect|Modest|||||50|]Aegislash||WhiteHerb|StanceChange|IronHead,Poltergeist,ShadowSneak,KingsShield|Adamant||M|||50|]Primarina||Leftovers|LiquidVoice|HyperVoice,Moonblast,AquaJet,Protect|Modest||F|||50|
|showteam|p2|Tyranitar||Tyranitarite|SandStream|Protect,RockSlide,KnockOff,LowKick|Adamant||F|||50|]Excadrill||FocusSash|SandRush|HighHorsepower,IronHead,SwordsDance,Protect|Adamant||F|||50|]Talonflame||LifeOrb|GaleWings|FlareBlitz,BraveBird,Protect,Tailwind|Adamant||M|||50|]Rotom-Mow||SitrusBerry|Levitate|LeafStorm,Electroweb,WillOWisp,Protect|Modest|||||50|]Tinkaton||MetalCoat|OwnTempo|FakeOut,GigatonHammer,PlayRough,Protect|Jolly||F|||50|]Samurott-Hisui||BlackGlasses|Sharpness|CeaselessEdge,SuckerPunch,RazorShell,Protect|Jolly||F|||50|
|inactive|Battle timer is ON: inactive players will automatically lose when time's up. (requested by Fairy Juice Jay)
|inactive|OceanicGamer also wants the timer to be on.
|c|☆Fairy Juice Jay|GLHF
|c|☆OceanicGamer|ANOTHER TTARDRILL GUY
|c|☆OceanicGamer|YEAAAAAAAAA
|c|☆Fairy Juice Jay|Hell yeah, baby
|c|☆OceanicGamer|u2!
|inactive|Fairy Juice Jay has 60 seconds left.
|inactive|OceanicGamer has 60 seconds left.
|
|t:|1783200386
|teamsize|p1|4
|teamsize|p2|4
|start
|switch|p1a: Zippy|Rotom-Heat, L50|100/100
|switch|p1b: Primarina|Primarina, L50, F|100/100
|switch|p2a: Tinkaton|Tinkaton, L50, F|100/100
|switch|p2b: Tyranitar|Tyranitar, L50, F, shiny|100/100
|-weather|Sandstorm|[from] ability: Sand Stream|[of] p2b: Tyranitar
|turn|1
|
|t:|1783200402
|detailschange|p2b: Tyranitar|Tyranitar-Mega, L50, F, shiny
|-mega|p2b: Tyranitar|Tyranitar|Tyranitarite
|move|p1b: Primarina|Protect|p1b: Primarina
|-singleturn|p1b: Primarina|Protect
|move|p2a: Tinkaton|Fake Out|p1a: Zippy
|-damage|p1a: Zippy|89/100
|cant|p1a: Zippy|flinch
|move|p2b: Tyranitar|Rock Slide|p1b: Primarina|[spread] p1a
|-activate|p1b: Primarina|move: Protect
|-supereffective|p1a: Zippy|1
|-damage|p1a: Zippy|5/100
|-enditem|p1a: Zippy|Sitrus Berry|[eat]
|-heal|p1a: Zippy|29/100|[from] item: Sitrus Berry
|
|-weather|Sandstorm|[upkeep]
|-damage|p1a: Zippy|24/100|[from] Sandstorm
|-damage|p1b: Primarina|94/100|[from] Sandstorm
|-heal|p1b: Primarina|100/100|[from] item: Leftovers
|upkeep
|turn|2
|
|t:|1783200418
|switch|p2a: Samurott|Samurott-Hisui, L50, F|100/100
|move|p1a: Zippy|Overheat|p2a: Samurott
|-resisted|p2a: Samurott|1
|-damage|p2a: Samurott|49/100
|-unboost|p1a: Zippy|spa|2
|move|p2b: Tyranitar|Rock Slide|p1a: Zippy|[spread] p1a,p1b
|-supereffective|p1a: Zippy|1
|-damage|p1a: Zippy|0 fnt
|-damage|p1b: Primarina|51/100
|faint|p1a: Zippy
|move|p1b: Primarina|Hyper Voice|p2b: Tyranitar|[spread] p2a,p2b
|-resisted|p2a: Samurott|1
|-supereffective|p2b: Tyranitar|1
|-damage|p2a: Samurott|21/100
|-damage|p2b: Tyranitar|64/100
|
|-weather|Sandstorm|[upkeep]
|-damage|p2a: Samurott|15/100|[from] Sandstorm
|-damage|p1b: Primarina|45/100|[from] Sandstorm
|-heal|p1b: Primarina|51/100|[from] item: Leftovers
|upkeep
|
|t:|1783200428
|switch|p1a: Petal|Venusaur, L50, M|100/100
|turn|3
|
|t:|1783200448
|switch|p2b: Tinkaton|Tinkaton, L50, F|100/100
|detailschange|p1a: Petal|Venusaur-Mega, L50, M
|-mega|p1a: Petal|Venusaur|Venusaurite
|move|p1b: Primarina|Protect|p1b: Primarina
|-singleturn|p1b: Primarina|Protect
|move|p2a: Samurott|Ceaseless Edge|p1a: Petal
|-damage|p1a: Petal|64/100
|-sidestart|p1: Fairy Juice Jay|Spikes
|move|p1a: Petal|Giga Drain|p2b: Tinkaton
|-resisted|p2b: Tinkaton|1
|-damage|p2b: Tinkaton|83/100
|-heal|p1a: Petal|71/100|[from] drain|[of] p2b: Tinkaton
|
|-weather|Sandstorm|[upkeep]
|-damage|p2a: Samurott|9/100|[from] Sandstorm
|-damage|p1a: Petal|65/100|[from] Sandstorm
|-damage|p1b: Primarina|45/100|[from] Sandstorm
|-heal|p1b: Primarina|51/100|[from] item: Leftovers
|upkeep
|turn|4
|
|t:|1783200465
|move|p1a: Petal|Protect|p1a: Petal
|-singleturn|p1a: Petal|Protect
|move|p1b: Primarina|Aqua Jet|p2a: Samurott
|-resisted|p2a: Samurott|1
|-damage|p2a: Samurott|4/100
|move|p2b: Tinkaton|Gigaton Hammer|p1b: Primarina
|-damage|p1b: Primarina|0 fnt
|faint|p1b: Primarina
|move|p2a: Samurott|Ceaseless Edge|p1a: Petal
|-activate|p1a: Petal|move: Protect
|
|-weather|Sandstorm|[upkeep]
|-damage|p2a: Samurott|0 fnt|[from] Sandstorm
|-damage|p1a: Petal|59/100|[from] Sandstorm
|faint|p2a: Samurott
|upkeep
|
|t:|1783200478
|switch|p2a: Excadrill|Excadrill, L50, F, shiny|100/100
|switch|p1b: Aegislash|Aegislash, L50, M|100/100
|-damage|p1b: Aegislash|88/100|[from] Spikes
|turn|5
|
|t:|1783200492
|move|p2a: Excadrill|Protect|p2a: Excadrill
|-singleturn|p2a: Excadrill|Protect
|move|p2b: Tinkaton|Protect|p2b: Tinkaton
|-singleturn|p2b: Tinkaton|Protect
|move|p1b: Aegislash|King's Shield|p1b: Aegislash
|-singleturn|p1b: Aegislash|Protect
|move|p1a: Petal|Giga Drain|p2a: Excadrill
|-activate|p2a: Excadrill|move: Protect
|
|-weather|none
|upkeep
|turn|6
|
|t:|1783200507
|move|p1b: Aegislash|King's Shield||[still]
|-fail|p1b: Aegislash
|move|p2b: Tinkaton|Gigaton Hammer|p1a: Petal
|-damage|p1a: Petal|10/100
|move|p2a: Excadrill|High Horsepower|p1b: Aegislash
|-supereffective|p1b: Aegislash|1
|-damage|p1b: Aegislash|1/100
|move|p1a: Petal|Giga Drain|p2b: Tinkaton
|-resisted|p2b: Tinkaton|1
|-damage|p2b: Tinkaton|67/100
|-heal|p1a: Petal|17/100|[from] drain|[of] p2b: Tinkaton
|
|upkeep
|turn|7
|-message|Fairy Juice Jay forfeited.
|
|win|OceanicGamer
|c|☆OceanicGamer|gg1
