|j|â˜†OvershieldVGC
|j|â˜†sanloco07
|html|OvershieldVGCsanloco07    
|uhtml|bestof|Game 2 of a best-of-3
|t:|1785208439
|gametype|doubles
|player|p1|OvershieldVGC|plasmagrunt-gen5bw|
|player|p2|sanloco07|169|
|gen|9
|tier|[Gen 9 Champions] VGC 2026 Reg M-B (Bo3)
|rule|Species Clause: Limit one of each PokÃ©mon
|rule|Item Clause: Limit 1 of each item
|clearpoke
|poke|p1|Charizard, L50, M|
|poke|p1|Venusaur, L50, M|
|poke|p1|Mamoswine, L50, F|
|poke|p1|Garchomp, L50, M|
|poke|p1|Incineroar, L50, M|
|poke|p1|Toxapex, L50, M|
|poke|p2|Garchomp, L50, F|
|poke|p2|Farigiraf, L50, M|
|poke|p2|Kingambit, L50, M|
|poke|p2|Charizard, L50, F|
|poke|p2|Sylveon, L50, F|
|poke|p2|Aerodactyl, L50, M|
|teampreview|4
|showteam|p1|Charizard||CharizarditeY|Blaze|HeatWave,WeatherBall,HelpingHand,Protect|Modest||M|||50|]Venusaur||LifeOrb|Chlorophyll|LeafStorm,SludgeBomb,EarthPower,Protect|Modest||M|||50|]Mamoswine||FocusSash|Oblivious|HighHorsepower,RockTomb,IceShard,Protect|Jolly||F|||50|]Garchomp||ChoiceScarf|RoughSkin|DragonClaw,Earthquake,RockSlide,StompingTantrum|Adamant||M|||50|]Incineroar||SitrusBerry|Intimidate|FlareBlitz,ThroatChop,PartingShot,FakeOut|Impish||M|||50|]Toxapex||Leftovers|Regenerator|Toxic,Infestation,WideGuard,BanefulBunker|Bold||M|||50|
|showteam|p2|Garchomp||FocusSash|RoughSkin|Earthquake,DragonClaw,RockSlide,Protect|Jolly||F|||50|]Farigiraf||SitrusBerry|ArmorTail|Psychic,HelpingHand,TrickRoom,Protect|Bold||M|||50|]Kingambit||ChopleBerry|Defiant|LowKick,KowtowCleave,SuckerPunch,Protect|Adamant||M|||50|]Charizard||CharizarditeY|Blaze|WeatherBall,SolarBeam,HeatWave,Protect|Timid||F|||50|]Sylveon||FairyFeather|Pixilate|HyperVoice,Protect,Yawn,HyperBeam|Modest||F|||50|]Aerodactyl||Aerodactylite|RockHead|RockSlide,Tailwind,DualWingbeat,Protect|Jolly||M|||50|
|
|t:|1785208496
|teamsize|p1|4
|teamsize|p2|4
|start
|switch|p1a: Incineroar|Incineroar, L50, M|100/100
|switch|p1b: Toxapex|Toxapex, L50, M|100/100
|switch|p2a: Aerodactyl|Aerodactyl, L50, M|100/100
|switch|p2b: Garchomp|Garchomp, L50, F|100/100
|-ability|p1a: Incineroar|Intimidate|boost
|-unboost|p2a: Aerodactyl|atk|1
|-unboost|p2b: Garchomp|atk|1
|turn|1
|
|t:|1785208525
|switch|p2b: Farigiraf|Farigiraf, L50, M|100/100
|detailschange|p2a: Aerodactyl|Aerodactyl-Mega, L50, M
|-mega|p2a: Aerodactyl|Aerodactyl|Aerodactylite
|move|p2a: Aerodactyl|Protect|p2a: Aerodactyl
|-singleturn|p2a: Aerodactyl|Protect
|move|p1a: Incineroar|Fake Out||[still]
|cant|p2b: Farigiraf|ability: Armor Tail|Fake Out|[of] p1a: Incineroar
|move|p1b: Toxapex|Toxic|p2b: Farigiraf
|-status|p2b: Farigiraf|tox
|
|-damage|p2b: Farigiraf|94/100 tox|[from] psn
|upkeep
|turn|2
|
|t:|1785208554
|switch|p2b: Garchomp|Garchomp, L50, F|100/100
|move|p2a: Aerodactyl|Dual Wingbeat|p1a: Incineroar
|-damage|p1a: Incineroar|83/100
|-damage|p1a: Incineroar|68/100
|-hitcount|p1a: Incineroar|2
|move|p1a: Incineroar|Throat Chop|p2b: Garchomp
|-damage|p2b: Garchomp|72/100
|-start|p2b: Garchomp|Throat Chop|[silent]
|-damage|p1a: Incineroar|55/100|[from] ability: Rough Skin|[of] p2b: Garchomp
|move|p1b: Toxapex|Infestation|p2b: Garchomp
|-damage|p2b: Garchomp|68/100
|-activate|p2b: Garchomp|move: Infestation|[of] p1b: Toxapex
|-damage|p1b: Toxapex|87/100|[from] ability: Rough Skin|[of] p2b: Garchomp
|
|-heal|p1b: Toxapex|93/100|[from] item: Leftovers
|-damage|p2b: Garchomp|56/100|[from] move: Infestation|[partiallytrapped]
|upkeep
|turn|3
|
|t:|1785208583
|move|p1b: Toxapex|Wide Guard|p1b: Toxapex
|-singleturn|p1b: Toxapex|Wide Guard
|move|p2a: Aerodactyl|Rock Slide|p1a: Incineroar|[spread] 
|-activate|p1a: Incineroar|move: Wide Guard
|-activate|p1b: Toxapex|move: Wide Guard
|move|p2b: Garchomp|Rock Slide|p1a: Incineroar|[spread] 
|-activate|p1a: Incineroar|move: Wide Guard
|-activate|p1b: Toxapex|move: Wide Guard
|move|p1a: Incineroar|Parting Shot|p2b: Garchomp
|-unboost|p2b: Garchomp|atk|1
|-unboost|p2b: Garchomp|spa|1
|
|t:|1785208603
|switch|p1a: Mamoswine|Mamoswine, L50, F|100/100|[from] Parting Shot
|
|-heal|p1b: Toxapex|99/100|[from] item: Leftovers
|-damage|p2b: Garchomp|44/100|[from] move: Infestation|[partiallytrapped]
|-end|p2b: Garchomp|Throat Chop|[silent]
|upkeep
|turn|4
|
|t:|1785208616
|switch|p1a: Incineroar|Incineroar, L50, M|55/100
|-ability|p1a: Incineroar|Intimidate|boost
|-unboost|p2a: Aerodactyl|atk|1
|-unboost|p2b: Garchomp|atk|1
|move|p2a: Aerodactyl|Protect|p2a: Aerodactyl
|-singleturn|p2a: Aerodactyl|Protect
|move|p2b: Garchomp|Earthquake|p1a: Incineroar|[spread] p1a,p1b
|-activate|p2a: Aerodactyl|move: Protect
|-supereffective|p1a: Incineroar|1
|-supereffective|p1b: Toxapex|1
|-damage|p1a: Incineroar|25/100
|-damage|p1b: Toxapex|75/100
|-enditem|p1a: Incineroar|Sitrus Berry|[eat]
|-heal|p1a: Incineroar|50/100y|[from] item: Sitrus Berry
|move|p1b: Toxapex|Infestation|p2a: Aerodactyl
|-activate|p2a: Aerodactyl|move: Protect
|
|-heal|p1b: Toxapex|80/100|[from] item: Leftovers
|-damage|p2b: Garchomp|31/100|[from] move: Infestation|[partiallytrapped]
|upkeep
|turn|5
|
|t:|1785208652
|switch|p2a: Farigiraf|Farigiraf, L50, M|94/100 tox
|move|p1a: Incineroar|Fake Out||[still]
|cant|p2a: Farigiraf|ability: Armor Tail|Fake Out|[of] p1a: Incineroar
|move|p2b: Garchomp|Dragon Claw|p1a: Incineroar
|-damage|p1a: Incineroar|33/100
|move|p1b: Toxapex|Infestation|p2a: Farigiraf
|-supereffective|p2a: Farigiraf|1
|-damage|p2a: Farigiraf|88/100 tox
|-activate|p2a: Farigiraf|move: Infestation|[of] p1b: Toxapex
|
|-heal|p1b: Toxapex|86/100|[from] item: Leftovers
|-damage|p2a: Farigiraf|82/100 tox|[from] psn
|-damage|p2b: Garchomp|19/100|[from] move: Infestation|[partiallytrapped]
|-damage|p2a: Farigiraf|70/100 tox|[from] move: Infestation|[partiallytrapped]
|upkeep
|turn|6
|c|â˜†sanloco07|shit
|c|â˜†OvershieldVGC|its pretty crazy isnt it
|c|â˜†OvershieldVGC|lol
|
|t:|1785208685
|move|p1b: Toxapex|Wide Guard|p1b: Toxapex
|-singleturn|p1b: Toxapex|Wide Guard
|move|p2b: Garchomp|Rock Slide|p1b: Toxapex|[spread] 
|-activate|p1a: Incineroar|move: Wide Guard
|-activate|p1b: Toxapex|move: Wide Guard
|move|p1a: Incineroar|Throat Chop|p2a: Farigiraf
|-supereffective|p2a: Farigiraf|1
|-damage|p2a: Farigiraf|20/100y tox
|-start|p2a: Farigiraf|Throat Chop|[silent]
|-enditem|p2a: Farigiraf|Sitrus Berry|[eat]
|-heal|p2a: Farigiraf|45/100 tox|[from] item: Sitrus Berry
|move|p2a: Farigiraf|Psychic|p1b: Toxapex
|-supereffective|p1b: Toxapex|1
|-damage|p1b: Toxapex|28/100
|
|-heal|p1b: Toxapex|33/100|[from] item: Leftovers
|-damage|p2a: Farigiraf|33/100 tox|[from] psn
|-damage|p2b: Garchomp|7/100|[from] move: Infestation|[partiallytrapped]
|-damage|p2a: Farigiraf|21/100 tox|[from] move: Infestation|[partiallytrapped]
|upkeep
|turn|7
|c|â˜†sanloco07|true, I'll make a note of it.
|
|t:|1785208729
|switch|p1a: Mamoswine|Mamoswine, L50, F|100/100
|move|p2a: Farigiraf|Helping Hand|p2b: Garchomp
|-singleturn|p2b: Garchomp|Helping Hand|[of] p2a: Farigiraf
|move|p1b: Toxapex|Baneful Bunker|p1b: Toxapex
|-singleturn|p1b: Toxapex|move: Protect
|move|p2b: Garchomp|Earthquake|p1a: Mamoswine|[spread] p2a,p1a
|-activate|p1b: Toxapex|move: Protect
|-crit|p2a: Farigiraf
|-damage|p2a: Farigiraf|0 fnt
|-damage|p1a: Mamoswine|70/100
|faint|p2a: Farigiraf
|
|-heal|p1b: Toxapex|39/100|[from] item: Leftovers
|-end|p2b: Garchomp|Infestation|[partiallytrapped]
|upkeep
|c|â˜†OvershieldVGC|ill send u the team
|c|â˜†OvershieldVGC|so u can mess around with it
|
|t:|1785208754
|switch|p2a: Aerodactyl|Aerodactyl-Mega, L50, M|100/100
|turn|8
|
|t:|1785208784
|switch|p2b: Kingambit|Kingambit, L50, M|100/100
|-heal|p1b: Toxapex|72/100|[from] ability: Regenerator|[silent]
|switch|p1b: Incineroar|Incineroar, L50, M|33/100
|-ability|p1b: Incineroar|Intimidate|boost
|-unboost|p2a: Aerodactyl|atk|1
|-unboost|p2b: Kingambit|atk|1
|-ability|p2b: Kingambit|Defiant|boost
|-boost|p2b: Kingambit|atk|2
|move|p2a: Aerodactyl|Protect|p2a: Aerodactyl
|-singleturn|p2a: Aerodactyl|Protect
|move|p1a: Mamoswine|Rock Tomb|p2a: Aerodactyl
|-activate|p2a: Aerodactyl|move: Protect
|
|upkeep
|turn|9
|c|â˜†OvershieldVGC|good play
|c|â˜†OvershieldVGC|there u go
|
|t:|1785208835
|move|p2b: Kingambit|Protect|p2b: Kingambit
|-singleturn|p2b: Kingambit|Protect
|move|p1b: Incineroar|Fake Out|p2b: Kingambit
|-activate|p2b: Kingambit|move: Protect
|move|p2a: Aerodactyl|Rock Slide|p1a: Mamoswine|[spread] p1a,p1b
|-supereffective|p1b: Incineroar|1
|-damage|p1a: Mamoswine|49/100
|-damage|p1b: Incineroar|1/100
|cant|p1a: Mamoswine|flinch
|
|upkeep
|turn|10
|
|t:|1785208863
|switch|p1b: Toxapex|Toxapex, L50, M|72/100
|move|p2a: Aerodactyl|Rock Slide|p1a: Mamoswine|[spread] p1a,p1b
|-damage|p1a: Mamoswine|27/100
|-damage|p1b: Toxapex|58/100
|move|p1a: Mamoswine|High Horsepower|p2b: Kingambit
|-supereffective|p2b: Kingambit|1
|-damage|p2b: Kingambit|27/100
|move|p2b: Kingambit|Low Kick|p1a: Mamoswine
|-supereffective|p1a: Mamoswine|1
|-damage|p1a: Mamoswine|0 fnt
|faint|p1a: Mamoswine
|
|-heal|p1b: Toxapex|64/100|[from] item: Leftovers
|upkeep
|
|t:|1785208878
|switch|p1a: Garchomp|Garchomp, L50, M|100/100
|turn|11
|
|t:|1785208914
|move|p1a: Garchomp|Stomping Tantrum|p2b: Kingambit
|-supereffective|p2b: Kingambit|1
|-damage|p2b: Kingambit|0 fnt
|faint|p2b: Kingambit
|move|p2a: Aerodactyl|Tailwind|p2a: Aerodactyl
|-sidestart|p2: sanloco07|move: Tailwind
|move|p1b: Toxapex|Toxic|p2a: Aerodactyl
|-status|p2a: Aerodactyl|tox
|
|-heal|p1b: Toxapex|70/100|[from] item: Leftovers
|-damage|p2a: Aerodactyl|94/100 tox|[from] psn
|upkeep
|
|t:|1785208922
|switch|p2b: Garchomp|Garchomp, L50, F|7/100
|turn|12
|
|t:|1785208943
|switch|p1a: Incineroar|Incineroar, L50, M|1/100
|-ability|p1a: Incineroar|Intimidate|boost
|-unboost|p2a: Aerodactyl|atk|1
|-unboost|p2b: Garchomp|atk|1
|move|p1b: Toxapex|Wide Guard|p1b: Toxapex
|-singleturn|p1b: Toxapex|Wide Guard
|move|p2a: Aerodactyl|Dual Wingbeat|p1b: Toxapex
|-damage|p1b: Toxapex|59/100
|-damage|p1b: Toxapex|50/100g
|-hitcount|p1b: Toxapex|2
|move|p2b: Garchomp|Dragon Claw|p1a: Incineroar
|-damage|p1a: Incineroar|0 fnt
|faint|p1a: Incineroar
|
|-heal|p1b: Toxapex|56/100|[from] item: Leftovers
|-damage|p2a: Aerodactyl|82/100 tox|[from] psn
|upkeep
|
|t:|1785208959
|switch|p1a: Garchomp|Garchomp, L50, M|100/100
|turn|13
|
|t:|1785208979
|move|p2a: Aerodactyl|Rock Slide|p1a: Garchomp|[spread] p1a,p1b
|-resisted|p1a: Garchomp|1
|-damage|p1a: Garchomp|92/100
|-damage|p1b: Toxapex|46/100
|move|p2b: Garchomp|Dragon Claw|p1a: Garchomp
|-supereffective|p1a: Garchomp|1
|-damage|p1a: Garchomp|44/100
|-damage|p2b: Garchomp|0 fnt|[from] ability: Rough Skin|[of] p1a: Garchomp
|faint|p2b: Garchomp
|move|p1a: Garchomp|Rock Slide|p2a: Aerodactyl
|-supereffective|p2a: Aerodactyl|1
|-damage|p2a: Aerodactyl|28/100 tox
|move|p1b: Toxapex|Infestation|p2a: Aerodactyl
|-resisted|p2a: Aerodactyl|1
|-crit|p2a: Aerodactyl
|-damage|p2a: Aerodactyl|25/100 tox
|-activate|p2a: Aerodactyl|move: Infestation|[of] p1b: Toxapex
|
|-heal|p1b: Toxapex|52/100|[from] item: Leftovers
|-damage|p2a: Aerodactyl|8/100 tox|[from] psn
|-damage|p2a: Aerodactyl|0 fnt|[from] move: Infestation|[partiallytrapped]
|faint|p2a: Aerodactyl
|
|win|OvershieldVGC
|c|â˜†OvershieldVGC|ggs
|c|â˜†sanloco07|gg
|c|â˜†OvershieldVGC|ill send u the team
|c|â˜†OvershieldVGC|https://pokepast.es/13cb7f56e2c2932c
|c|â˜†OvershieldVGC|u know what to do with that?
|c|â˜†OvershieldVGC|it should give u all evs and shit
|c|â˜†sanloco07|I'll find out.
|c|â˜†sanloco07|bueno, eso estuvo divertido. Nunca habÃ­a jugado con nadie despuÃ©s de una partida.
|c|â˜†sanloco07|bueno, eso estuvo divertido.
|c|â˜†sanloco07|82
|c|â˜†sanloco07|Well, that was fun. I'd never played with anyone after a game before.
|c|â˜†OvershieldVGC|yeah i like doing it, its fun
|c|â˜†sanloco07|I wrote it in Spanish hahaha
|c|â˜†OvershieldVGC|yeah copy and paste that into ur team maker
|c|â˜†OvershieldVGC|or teambuild
|c|â˜†sanloco07|Well, I have to go. See you around buddy.
|c|â˜†sanloco07|Thanks for the games and the team! :D
|c|â˜†OvershieldVGC|teambuilder>new team>import from url>copy and past
|c|â˜†OvershieldVGC|paste
|c|â˜†OvershieldVGC|you to thanks !
|l|â˜†sanloco07
|player|p2|
