|j|☆FALL3N_DWN
|j|☆CrmsnDrgn
|html|FALL3N_DWNCrmsnDrgn    
|uhtml|bestof|Game 1 of a best-of-3
|t:|1756939395
|gametype|doubles
|player|p1|FALL3N_DWN|carmine-festival|1125
|player|p2|CrmsnDrgn|cynthia|1073
|gen|9
|tier|[Gen 9] VGC 2025 Reg H (Bo3)
|rated|
|rule|Species Clause: Limit one of each Pokémon
|rule|Item Clause: Limit 1 of each item
|clearpoke
|poke|p1|Electabuzz, L50, M|
|poke|p1|Kingambit, L50, F|
|poke|p1|Volcarona, L50, F|
|poke|p1|Dragonite, L50, M|
|poke|p1|Sneasler, L50, F|
|poke|p1|Rillaboom, L50, M|
|poke|p2|Clawitzer, L50, F|
|poke|p2|Farigiraf, L50, F|
|poke|p2|Incineroar, L50, M|
|poke|p2|Ursaluna, L50, M|
|poke|p2|Dragapult, L50, F|
|poke|p2|Tsareena, L50, F|
|teampreview|4
|showteam|p1|Electabuzz||Eviolite|VitalSpirit|FollowMe,Thunderbolt,Taunt,Protect|||M|||50|,,,,,Ghost]Kingambit||BlackGlasses|Defiant|KowtowCleave,SuckerPunch,SwordsDance,Protect|||F|||50|,,,,,Dark]Volcarona||Leftovers|FlameBody|HeatWave,TeraBlast,QuiverDance,Protect|||F|||50|,,,,,Fairy]Dragonite||LoadedDice|Multiscale|ScaleShot,ExtremeSpeed,Haze,Protect|||M|||50|,,,,,Fairy]Sneasler||FocusSash|Unburden|DireClaw,CloseCombat,Coaching,FakeOut|||F|||50|,,,,,Stellar]Rillaboom||AssaultVest|GrassySurge|FakeOut,WoodHammer,GrassyGlide,HighHorsepower|||M|||50|,,,,,Fire
|showteam|p2|Clawitzer||LifeOrb|MegaLauncher|DarkPulse,DragonPulse,AuraSphere,WaterPulse|||F|||50|,,,,,Steel]Farigiraf||ThroatSpray|ArmorTail|TrickRoom,HyperVoice,Psychic,Protect|||F|||50|,,,,,Steel]Incineroar||SafetyGoggles|Intimidate|PartingShot,KnockOff,FlareBlitz,FakeOut|||M|||50|,,,,,Water]Ursaluna||FlameOrb|Guts|Facade,HeadlongRush,Earthquake,Protect|||M|||50|,,,,,Ghost]Dragapult||ChoiceBand|ClearBody|DragonDarts,Outrage,Uturn,PhantomForce|||F|||50|,,,,,Fairy]Tsareena||WideLens|QueenlyMajesty|TripleAxel,PowerWhip,HelpingHand,Protect|||F|||50|,,,,,Ground
|inactive|Battle timer is ON: inactive players will automatically lose when time's up. (requested by CrmsnDrgn)
|inactive|FALL3N_DWN has 60 seconds left.
|inactive|FALL3N_DWN has 30 seconds left.
|inactive|FALL3N_DWN has 20 seconds left.
|inactive|FALL3N_DWN has 15 seconds left.
|
|t:|1756939547
|teamsize|p1|4
|teamsize|p2|4
|start
|switch|p1a: Kingambit|Kingambit, L50, F|100/100
|switch|p1b: Sneasler|Sneasler, L50, F|100/100
|switch|p2a: Farigiraf|Farigiraf, L50, F|100/100
|switch|p2b: Incineroar|Incineroar, L50, M|100/100
|-ability|p2b: Incineroar|Intimidate|boost
|-unboost|p1a: Kingambit|atk|1
|-ability|p1a: Kingambit|Defiant|boost
|-boost|p1a: Kingambit|atk|2
|-unboost|p1b: Sneasler|atk|1
|turn|1
|inactive|FALL3N_DWN has 30 seconds left.
|inactive|CrmsnDrgn has 30 seconds left.
|inactive|FALL3N_DWN has 20 seconds left.
|inactive|FALL3N_DWN has 15 seconds left.
|
|t:|1756939588
|move|p1b: Sneasler|Fake Out||[still]
|cant|p2a: Farigiraf|ability: Armor Tail|Fake Out|[of] p1b: Sneasler
|move|p2b: Incineroar|Fake Out|p1a: Kingambit
|-resisted|p1a: Kingambit
|-damage|p1a: Kingambit|95/100
|cant|p1a: Kingambit|flinch
|move|p2a: Farigiraf|Trick Room|p2a: Farigiraf
|-fieldstart|move: Trick Room|[of] p2a: Farigiraf
|
|upkeep
|turn|2
|inactive|FALL3N_DWN has 30 seconds left.
|inactive|FALL3N_DWN has 20 seconds left.
|inactive|FALL3N_DWN has 15 seconds left.
|
|t:|1756939630
|switch|p1b: Electabuzz|Electabuzz, L50, M|100/100
|move|p1a: Kingambit|Kowtow Cleave|p2a: Farigiraf
|-supereffective|p2a: Farigiraf
|-damage|p2a: Farigiraf|0 fnt
|faint|p2a: Farigiraf
|move|p2b: Incineroar|Flare Blitz|p1a: Kingambit
|-supereffective|p1a: Kingambit
|-damage|p1a: Kingambit|8/100
|-damage|p2b: Incineroar|71/100|[from] Recoil
|
|upkeep
|
|t:|1756939644
|switch|p2a: Ursaluna|Ursaluna, L50, M|100/100
|turn|3
|
|t:|1756939664
|switch|p1b: Dragonite|Dragonite, L50, M|100/100
|move|p2a: Ursaluna|Protect|p2a: Ursaluna
|-singleturn|p2a: Ursaluna|Protect
|move|p1a: Kingambit|Protect|p1a: Kingambit
|-singleturn|p1a: Kingambit|Protect
|move|p2b: Incineroar|Parting Shot|p1a: Kingambit
|-activate|p1a: Kingambit|move: Protect
|
|-status|p2a: Ursaluna|brn|[from] item: Flame Orb
|upkeep
|turn|4
|inactive|CrmsnDrgn has 30 seconds left.
|inactive|FALL3N_DWN has 30 seconds left.
|
|t:|1756939701
|move|p1a: Kingambit|Sucker Punch|p2a: Ursaluna
|-damage|p2a: Ursaluna|51/100 brn
|move|p2a: Ursaluna|Facade|p1b: Dragonite
|-damage|p1b: Dragonite|27/100
|move|p2b: Incineroar|Knock Off|p1a: Kingambit
|-resisted|p1a: Kingambit
|-damage|p1a: Kingambit|0 fnt
|-enditem|p1a: Kingambit|Black Glasses|[from] move: Knock Off|[of] p2b: Incineroar
|faint|p1a: Kingambit
|move|p1b: Dragonite|Scale Shot|p2a: Ursaluna
|-damage|p2a: Ursaluna|41/100 brn
|-damage|p2a: Ursaluna|30/100 brn
|-damage|p2a: Ursaluna|19/100 brn
|-damage|p2a: Ursaluna|7/100 brn
|-damage|p2a: Ursaluna|0 fnt
|faint|p2a: Ursaluna
|-hitcount|p2: Ursaluna|5
|-unboost|p1b: Dragonite|def|1
|-boost|p1b: Dragonite|spe|1
|
|upkeep
|inactive|FALL3N_DWN has 30 seconds left.
|
|t:|1756939733
|switch|p2a: Clawitzer|Clawitzer, L50, F|100/100
|switch|p1a: Sneasler|Sneasler, L50, F|100/100
|turn|5
|inactive|CrmsnDrgn has 30 seconds left.
|
|t:|1756939759
|move|p1b: Dragonite|Protect|p1b: Dragonite
|-singleturn|p1b: Dragonite|Protect
|move|p1a: Sneasler|Fake Out|p2a: Clawitzer
|-damage|p2a: Clawitzer|86/100
|cant|p2a: Clawitzer|flinch
|move|p2b: Incineroar|Knock Off|p1a: Sneasler
|-resisted|p1a: Sneasler
|-damage|p1a: Sneasler|56/100
|-enditem|p1a: Sneasler|Focus Sash|[from] move: Knock Off|[of] p2b: Incineroar
|
|-fieldend|move: Trick Room
|upkeep
|turn|6
|inactive|CrmsnDrgn has 30 seconds left.
|inactive|FALL3N_DWN has 30 seconds left.
|inactive|CrmsnDrgn has 20 seconds left.
|
|t:|1756939795
|-terastallize|p2b: Incineroar|Water
|move|p1a: Sneasler|Close Combat|p2b: Incineroar
|-damage|p2b: Incineroar|10/100
|-unboost|p1a: Sneasler|def|1
|-unboost|p1a: Sneasler|spd|1
|move|p1b: Dragonite|Scale Shot|p2b: Incineroar
|-damage|p2b: Incineroar|0 fnt
|faint|p2b: Incineroar
|-hitcount|p2: Incineroar|1
|-unboost|p1b: Dragonite|def|1
|-boost|p1b: Dragonite|spe|1
|move|p2a: Clawitzer|Dragon Pulse|p1a: Sneasler
|-damage|p1a: Sneasler|0 fnt
|faint|p1a: Sneasler
|-damage|p2a: Clawitzer|76/100|[from] item: Life Orb
|
|upkeep
|
|t:|1756939801
|switch|p1a: Electabuzz|Electabuzz, L50, M|100/100
|turn|7
|
|t:|1756939819
|-terastallize|p1b: Dragonite|Fairy
|move|p1b: Dragonite|Scale Shot|p2a: Clawitzer
|-damage|p2a: Clawitzer|58/100
|-damage|p2a: Clawitzer|40/100
|-damage|p2a: Clawitzer|24/100
|-damage|p2a: Clawitzer|7/100
|-damage|p2a: Clawitzer|0 fnt
|faint|p2a: Clawitzer
|-hitcount|p2: Clawitzer|5
|
|win|FALL3N_DWN
|inactive|FALL3N_DWN has 30 seconds to confirm battle start!
|inactive|CrmsnDrgn has 30 seconds to confirm battle start!
||FALL3N_DWN is ready for game 2.
||CrmsnDrgn is ready for game 2.
|uhtml|next|Next: Game 2 of 3
|l|☆CrmsnDrgn
|player|p2|
