|j|☆AviDotWav
|j|☆angusgrind13
|html|AviDotWavangusgrind13    
|uhtml|bestof|Game 2 of a best-of-3
|t:|1784814970
|gametype|doubles
|player|p1|AviDotWav|lady-gen4|1209
|player|p2|angusgrind13|steven|1078
|gen|9
|tier|[Gen 9 Champions] VGC 2026 Reg M-B (Bo3)
|rated|
|rule|Species Clause: Limit one of each Pokémon
|rule|Item Clause: Limit 1 of each item
|clearpoke
|poke|p1|Audino, L50, F|
|poke|p1|Kingambit, L50, M|
|poke|p1|Incineroar, L50, F|
|poke|p1|Farigiraf, L50, M|
|poke|p1|Torkoal, L50, M|
|poke|p1|Blastoise, L50, M|
|poke|p2|Primarina, L50, F|
|poke|p2|Kingambit, L50, M|
|poke|p2|Froslass, L50, F|
|poke|p2|Sneasler, L50, F|
|poke|p2|Lycanroc-Dusk, L50, F|
|poke|p2|Dragonite, L50, M|
|teampreview|4
|showteam|p1|Audino||Audinite|Healer|HelpingHand,TrickRoom,LifeDew,DazzlingGleam|Relaxed||F|||50|]Kingambit||BlackGlasses|Defiant|Protect,IronHead,KowtowCleave,SuckerPunch|Brave||M|||50|]Incineroar||SitrusBerry|Intimidate|FakeOut,ThroatChop,PartingShot,FlareBlitz|Adamant||F|||50|]Farigiraf||ColburBerry|ArmorTail|Psyshock,Thunderbolt,TrickRoom,HelpingHand|Relaxed||M|||50|]Torkoal||Charcoal|Drought|Protect,Eruption,WeatherBall,EarthPower|Quiet||M|||50|]Blastoise||Blastoisinite|Torrent|FakeOut,WaterSpout,DarkPulse,AuraSphere|Quiet||M|||50|
|showteam|p2|Primarina||LifeOrb|LiquidVoice|HyperVoice,Moonblast,Haze,Protect|Modest||F|||50|]Kingambit||BlackGlasses|Defiant|KowtowCleave,SuckerPunch,SwordsDance,Protect|Adamant||M|||50|]Froslass||Froslassite|CursedBody|Blizzard,ShadowBall,AuroraVeil,Protect|Timid||F|||50|]Sneasler||WhiteHerb|Unburden|GunkShot,CloseCombat,FakeOut,Protect|Adamant||F|||50|]Lycanroc-Dusk||FocusSash|ToughClaws|RockSlide,Accelerock,CloseCombat,Protect|Adamant||F|||50|]Dragonite||Dragoninite|Multiscale|DragonPulse,Flamethrower,Tailwind,Protect|Modest||M|||50|
|inactive|Battle timer is ON: inactive players will automatically lose when time's up. (requested by AviDotWav)
|
|t:|1784814994
|teamsize|p1|4
|teamsize|p2|4
|start
|switch|p1a: Incineroar|Incineroar, L50, F|100/100
|switch|p1b: Audino|Audino, L50, F|100/100
|switch|p2a: Froslass|Froslass, L50, F|100/100
|switch|p2b: Kingambit|Kingambit, L50, M|100/100
|-ability|p1a: Incineroar|Intimidate|boost
|-unboost|p2a: Froslass|atk|1
|-unboost|p2b: Kingambit|atk|1
|-ability|p2b: Kingambit|Defiant|boost
|-boost|p2b: Kingambit|atk|2
|turn|1
|
|t:|1784815017
|detailschange|p2a: Froslass|Froslass-Mega, L50, F
|-mega|p2a: Froslass|Froslass|Froslassite
|-weather|Snowscape|[from] ability: Snow Warning|[of] p2a: Froslass
|detailschange|p1b: Audino|Audino-Mega, L50, F
|-mega|p1b: Audino|Audino|Audinite
|move|p2b: Kingambit|Protect|p2b: Kingambit
|-singleturn|p2b: Kingambit|Protect
|move|p2a: Froslass|Aurora Veil|p2a: Froslass
|-sidestart|p2: angusgrind13|move: Aurora Veil
|move|p1a: Incineroar|Parting Shot|p2a: Froslass
|-unboost|p2a: Froslass|atk|1
|-unboost|p2a: Froslass|spa|1
|
|t:|1784815023
|switch|p1a: Torkoal|Torkoal, L50, M|100/100|[from] Parting Shot
|-weather|SunnyDay|[from] ability: Drought|[of] p1a: Torkoal
|move|p1b: Audino|Trick Room|p1b: Audino
|-fieldstart|move: Trick Room|[of] p1b: Audino
|
|-weather|SunnyDay|[upkeep]
|upkeep
|turn|2
|
|t:|1784815034
|switch|p2a: Primarina|Primarina, L50, F|100/100
|move|p1b: Audino|Helping Hand|p1a: Torkoal
|-singleturn|p1a: Torkoal|Helping Hand|[of] p1b: Audino
|move|p2b: Kingambit|Sucker Punch|p1a: Torkoal
|-damage|p1a: Torkoal|45/100
|move|p1a: Torkoal|Eruption|p2b: Kingambit|[spread] p2a,p2b
|-resisted|p2a: Primarina|1
|-supereffective|p2b: Kingambit|1
|-damage|p2a: Primarina|80/100
|-damage|p2b: Kingambit|28/100
|
|-weather|SunnyDay|[upkeep]
|upkeep
|turn|3
|
|t:|1784815055
|move|p2b: Kingambit|Protect|p2b: Kingambit
|-singleturn|p2b: Kingambit|Protect
|move|p1a: Torkoal|Eruption|p2a: Primarina|[spread] p2a
|-activate|p2b: Kingambit|move: Protect
|-resisted|p2a: Primarina|1
|-damage|p2a: Primarina|66/100
|move|p1b: Audino|Life Dew||[still]|[spread] p1a,p1b
|-heal|p1a: Torkoal|70/100
|-fail|p1b: Audino|heal
|move|p2a: Primarina|Hyper Voice|p1b: Audino|[spread] p1a,p1b
|-supereffective|p1a: Torkoal|1
|-damage|p1a: Torkoal|9/100
|-damage|p1b: Audino|84/100
|-damage|p2a: Primarina|57/100|[from] item: Life Orb
|
|-weather|SunnyDay|[upkeep]
|upkeep
|turn|4
|
|t:|1784815077
|switch|p2b: Froslass|Froslass-Mega, L50, F|100/100
|-weather|Snowscape|[from] ability: Snow Warning|[of] p2b: Froslass
|move|p1a: Torkoal|Weather Ball|p2b: Froslass
|-resisted|p2b: Froslass|1
|-damage|p2b: Froslass|88/100
|move|p1b: Audino|Dazzling Gleam|p2a: Primarina|[spread] p2a,p2b
|-damage|p2a: Primarina|45/100
|-damage|p2b: Froslass|76/100
|move|p2a: Primarina|Hyper Voice|p1a: Torkoal|[spread] p1a,p1b
|-supereffective|p1a: Torkoal|1
|-damage|p1a: Torkoal|0 fnt
|-damage|p1b: Audino|52/100
|faint|p1a: Torkoal
|-damage|p2a: Primarina|35/100|[from] item: Life Orb
|
|-weather|Snowscape|[upkeep]
|upkeep
|
|t:|1784815082
|switch|p1a: Kingambit|Kingambit, L50, M|100/100
|turn|5
|
|t:|1784815101
|switch|p2b: Sneasler|Sneasler, L50, F|100/100
|move|p1b: Audino|Dazzling Gleam|p2b: Sneasler|[spread] p2a,p2b
|-damage|p2a: Primarina|24/100
|-damage|p2b: Sneasler|85/100
|move|p1a: Kingambit|Iron Head|p2a: Primarina
|-damage|p2a: Primarina|0 fnt
|faint|p2a: Primarina
|
|-weather|Snowscape|[upkeep]
|-sideend|p2: angusgrind13|move: Aurora Veil
|-fieldend|move: Trick Room
|upkeep
|
|t:|1784815111
|switch|p2a: Froslass|Froslass-Mega, L50, F|76/100
|turn|6
|
|t:|1784815118
|switch|p1a: Incineroar|Incineroar, L50, F|100/100
|-ability|p1a: Incineroar|Intimidate|boost
|-unboost|p2a: Froslass|atk|1
|-unboost|p2b: Sneasler|atk|1
|-enditem|p2b: Sneasler|White Herb
|-clearnegativeboost|p2b: Sneasler|[silent]
|move|p2a: Froslass|Protect|p2a: Froslass
|-singleturn|p2a: Froslass|Protect
|move|p2b: Sneasler|Close Combat|p1a: Incineroar
|-supereffective|p1a: Incineroar|1
|-damage|p1a: Incineroar|1/100
|-unboost|p2b: Sneasler|def|1
|-unboost|p2b: Sneasler|spd|1
|-enditem|p1a: Incineroar|Sitrus Berry|[eat]
|-heal|p1a: Incineroar|25/100|[from] item: Sitrus Berry
|move|p1b: Audino|Trick Room|p1b: Audino
|-fieldstart|move: Trick Room|[of] p1b: Audino
|
|-weather|Snowscape|[upkeep]
|upkeep
|turn|7
|
|t:|1784815136
|move|p1b: Audino|Dazzling Gleam|p2a: Froslass|[spread] p2a,p2b
|-damage|p2a: Froslass|56/100
|-damage|p2b: Sneasler|53/100
|move|p1a: Incineroar|Flare Blitz|p2b: Sneasler
|-damage|p2b: Sneasler|0 fnt
|faint|p2b: Sneasler
|-damage|p1a: Incineroar|8/100|[from] Recoil
|move|p2a: Froslass|Blizzard|p1b: Audino|[spread] p1a,p1b
|-resisted|p1a: Incineroar|1
|-damage|p1a: Incineroar|0 fnt
|-damage|p1b: Audino|22/100
|faint|p1a: Incineroar
|
|-weather|Snowscape|[upkeep]
|upkeep
|
|t:|1784815149
|switch|p1a: Kingambit|Kingambit, L50, M|100/100
|switch|p2b: Kingambit|Kingambit, L50, M|28/100
|turn|8
|
|t:|1784815170
|move|p1b: Audino|Life Dew||[still]|[spread] p1a,p1b
|-fail|p1a: Kingambit|heal
|-heal|p1b: Audino|47/100
|move|p1a: Kingambit|Kowtow Cleave|p2b: Kingambit
|-resisted|p2b: Kingambit|1
|-damage|p2b: Kingambit|6/100
|move|p2b: Kingambit|Swords Dance|p2b: Kingambit
|-boost|p2b: Kingambit|atk|2
|move|p2a: Froslass|Aurora Veil|p2a: Froslass
|-sidestart|p2: angusgrind13|move: Aurora Veil
|
|-weather|none
|upkeep
|turn|9
|
|t:|1784815188
|move|p2a: Froslass|Protect|p2a: Froslass
|-singleturn|p2a: Froslass|Protect
|move|p2b: Kingambit|Sucker Punch|p1a: Kingambit
|-resisted|p1a: Kingambit|1
|-damage|p1a: Kingambit|62/100
|move|p1b: Audino|Life Dew|p1b: Audino|[spread] p1a,p1b
|-heal|p1a: Kingambit|87/100
|-heal|p1b: Audino|72/100
|move|p1a: Kingambit|Kowtow Cleave|p2a: Froslass
|-activate|p2a: Froslass|move: Protect
|
|upkeep
|turn|10
|inactive|angusgrind13 has 30 seconds left.
|
|t:|1784815215
|move|p2a: Froslass|Protect||[still]
|-fail|p2a: Froslass
|move|p1b: Audino|Dazzling Gleam|p2b: Kingambit|[spread] p2a,p2b
|-damage|p2a: Froslass|42/100
|-damage|p2b: Kingambit|0 fnt
|faint|p2b: Kingambit
|move|p1a: Kingambit|Kowtow Cleave|p2a: Froslass
|-supereffective|p2a: Froslass|1
|-damage|p2a: Froslass|0 fnt
|faint|p2a: Froslass
|
|win|AviDotWav
||angusgrind13 is ready for game 3.
