|j|☆smalltownkirlia
|j|☆uubbll
|html|smalltownkirliauubbll    
|uhtml|bestof|Game 2 of a best-of-3
|t:|1757206552
|gametype|doubles
|player|p1|smalltownkirlia|whitney|1095
|player|p2|uubbll|drayden|1000
|gen|9
|tier|[Gen 9] VGC 2025 Reg H (Bo3)
|rated|
|rule|Species Clause: Limit one of each Pokémon
|rule|Item Clause: Limit 1 of each item
|clearpoke
|poke|p1|Dragonite, L50, M|
|poke|p1|Ursaluna-Bloodmoon, L50, M|
|poke|p1|Gholdengo, L50|
|poke|p1|Maushold-Four, L50|
|poke|p1|Annihilape, L50, F|
|poke|p1|Rillaboom, L50, M|
|poke|p2|Pelipper, L50, M|
|poke|p2|Archaludon, L50, F|
|poke|p2|Basculegion, L50, M|
|poke|p2|Incineroar, L50, F|
|poke|p2|Electrode-Hisui, L50|
|poke|p2|Farigiraf, L50, F|
|teampreview|4
|showteam|p1|Dragonite||LoadedDice|Multiscale|ScaleShot,Tailwind,Haze,Protect|||M|||50|,,,,,Steel]Ursaluna-Bloodmoon||AssaultVest|MindsEye|BloodMoon,EarthPower,HyperVoice,VacuumWave|||M|||50|,,,,,Water]Gholdengo||LifeOrb|GoodasGold|MakeItRain,ShadowBall,NastyPlot,Protect||||||50|,,,,,Water]Maushold-Four||FocusSash|FriendGuard|SuperFang,FollowMe,BeatUp,Protect||||||50|,,,,,Ghost]Annihilape||SitrusBerry|Defiant|RageFist,DrainPunch,BulkUp,Protect|||F|||50|,,,,,Fire]Rillaboom||MiracleSeed|GrassySurge|WoodHammer,GrassyGlide,HighHorsepower,FakeOut|||M|||50|,,,,,Fire
|showteam|p2|Pelipper||FocusSash|Drizzle|Tailwind,IcyWind,WideGuard,Hurricane|||M|||50|,,,,,Steel]Archaludon||AssaultVest|Stamina|FlashCannon,DracoMeteor,ElectroShot,BodyPress|||F|||50|,,,,,Grass]Basculegion||LifeOrb|SwiftSwim|WaveCrash,LastRespects,FlipTurn,PsychicFangs|||M|||50|,,,,,Water]Incineroar||SafetyGoggles|Intimidate|KnockOff,FakeOut,PartingShot,Protect|||F|||50|,,,,,Ghost]Electrode-Hisui||LoadedDice|Static|BulletSeed,Taunt,ThunderWave,VoltSwitch||||||50|,,,,,Steel]Farigiraf||ThroatSpray|ArmorTail|HyperVoice,DazzlingGleam,CalmMind,BatonPass|||F|||50|,,,,,Fairy
|inactive|Battle timer is ON: inactive players will automatically lose when time's up. (requested by uubbll)
|inactive|smalltownkirlia also wants the timer to be on.
|
|t:|1757206565
|teamsize|p1|4
|teamsize|p2|4
|start
|switch|p1a: Ursaluna|Ursaluna-Bloodmoon, L50, M|100/100
|switch|p1b: Maushold|Maushold-Four, L50|100/100
|switch|p2a: Archaludon|Archaludon, L50, F|100/100
|switch|p2b: Electrode|Electrode-Hisui, L50|100/100
|turn|1
|
|t:|1757206583
|move|p1b: Maushold|Follow Me|p1b: Maushold
|-singleturn|p1b: Maushold|move: Follow Me
|move|p2b: Electrode|Bullet Seed|p1b: Maushold
|-damage|p1b: Maushold|95/100
|-damage|p1b: Maushold|89/100
|-damage|p1b: Maushold|83/100
|-damage|p1b: Maushold|76/100
|-hitcount|p1b: Maushold|4
|move|p2a: Archaludon|Body Press|p1b: Maushold
|-supereffective|p1b: Maushold
|-damage|p1b: Maushold|14/100
|move|p1a: Ursaluna|Earth Power|p2a: Archaludon
|-supereffective|p2a: Archaludon
|-damage|p2a: Archaludon|11/100
|-ability|p2a: Archaludon|Stamina|boost
|-boost|p2a: Archaludon|def|1
|
|upkeep
|turn|2
|
|t:|1757206599
|switch|p1b: Dragonite|Dragonite, L50, M|100/100
|move|p1a: Ursaluna|Vacuum Wave|p2a: Archaludon
|-supereffective|p2a: Archaludon
|-damage|p2a: Archaludon|0 fnt
|faint|p2a: Archaludon
|move|p2b: Electrode|Bullet Seed|p2: Archaludon|[notarget]
|-fail|p2b: Electrode
|
|upkeep
|
|t:|1757206617
|switch|p2a: Basculegion|Basculegion, L50, M|100/100
|turn|3
|
|t:|1757206633
|switch|p2b: Pelipper|Pelipper, L50, M|100/100
|-weather|RainDance|[from] ability: Drizzle|[of] p2b: Pelipper
|-terastallize|p1a: Ursaluna|Water
|move|p2a: Basculegion|Last Respects|p1b: Dragonite
|-damage|p1b: Dragonite|64/100
|-damage|p2a: Basculegion|91/100|[from] item: Life Orb
|move|p1b: Dragonite|Tailwind|p1b: Dragonite
|-sidestart|p1: smalltownkirlia|move: Tailwind
|move|p1a: Ursaluna|Blood Moon|p2a: Basculegion
|-damage|p2a: Basculegion|9/100
|
|-weather|RainDance|[upkeep]
|upkeep
|turn|4
|inactive|uubbll has 30 seconds left.
|
|t:|1757206664
|move|p1a: Ursaluna|Vacuum Wave|p2a: Basculegion
|-damage|p2a: Basculegion|0 fnt
|faint|p2a: Basculegion
|move|p1b: Dragonite|Scale Shot|p2b: Pelipper|[miss]
|-miss|p1b: Dragonite|p2b: Pelipper
|move|p2b: Pelipper|Icy Wind|p1a: Ursaluna|[spread] p1a,p1b
|-resisted|p1a: Ursaluna
|-supereffective|p1b: Dragonite
|-damage|p1a: Ursaluna|98/100
|-damage|p1b: Dragonite|27/100
|-unboost|p1a: Ursaluna|spe|1
|-unboost|p1b: Dragonite|spe|1
|
|-weather|RainDance|[upkeep]
|upkeep
|
|t:|1757206676
|switch|p2a: Electrode|Electrode-Hisui, L50|100/100
|turn|5
|
|t:|1757206692
|move|p2a: Electrode|Volt Switch|p1a: Ursaluna
|-supereffective|p1a: Ursaluna
|-damage|p1a: Ursaluna|71/100
|move|p1b: Dragonite|Scale Shot|p2b: Pelipper
|-damage|p2b: Pelipper|88/100
|-damage|p2b: Pelipper|74/100
|-damage|p2b: Pelipper|59/100
|-damage|p2b: Pelipper|47/100
|-damage|p2b: Pelipper|33/100
|-hitcount|p2b: Pelipper|5
|-unboost|p1b: Dragonite|def|1
|-boost|p1b: Dragonite|spe|1
|move|p1a: Ursaluna|Blood Moon|p2a: Electrode
|-damage|p2a: Electrode|7/100
|move|p2b: Pelipper|Icy Wind|p1b: Dragonite|[spread] p1a,p1b
|-resisted|p1a: Ursaluna
|-crit|p1a: Ursaluna
|-supereffective|p1b: Dragonite
|-damage|p1a: Ursaluna|67/100
|-damage|p1b: Dragonite|0 fnt
|-unboost|p1a: Ursaluna|spe|1
|faint|p1b: Dragonite
|
|-weather|RainDance|[upkeep]
|upkeep
|
|t:|1757206709
|switch|p1b: Maushold|Maushold-Four, L50|14/100
|turn|6
|
|t:|1757206721
|move|p1a: Ursaluna|Vacuum Wave|p2a: Electrode
|-damage|p2a: Electrode|0 fnt
|faint|p2a: Electrode
|move|p1b: Maushold|Super Fang|p2b: Pelipper|[miss]
|-miss|p1b: Maushold|p2b: Pelipper
|move|p2b: Pelipper|Icy Wind|p1a: Ursaluna|[spread] p1a,p1b
|-resisted|p1a: Ursaluna
|-damage|p1a: Ursaluna|65/100
|-damage|p1b: Maushold|2/100
|-unboost|p1a: Ursaluna|spe|1
|-unboost|p1b: Maushold|spe|1
|
|-weather|RainDance|[upkeep]
|-sideend|p1: smalltownkirlia|move: Tailwind
|upkeep
|turn|7
|inactive|uubbll has 30 seconds left.
|
|t:|1757206751
|-terastallize|p2b: Pelipper|Steel
|move|p1b: Maushold|Beat Up|p2b: Pelipper
|-damage|p2b: Pelipper|31/100
|-damage|p2b: Pelipper|29/100
|-damage|p2b: Pelipper|26/100
|-hitcount|p2b: Pelipper|3
|move|p2b: Pelipper|Hurricane|p1a: Ursaluna
|-damage|p1a: Ursaluna|48/100
|move|p1a: Ursaluna|Blood Moon|p2b: Pelipper
|-resisted|p2b: Pelipper
|-damage|p2b: Pelipper|0 fnt
|faint|p2b: Pelipper
|
|win|smalltownkirlia
|raw|smalltownkirlia's rating: 1095 → 1114(+19 for winning)
|raw|uubbll's rating: 1000 → 1000(+0 for losing)
|l|☆uubbll
|player|p2|
