|j|☆steveismail
|j|☆homerj71
|html|steveismailhomerj71    
|uhtml|bestof|Game 2 of a best-of-3
|t:|1785740163
|gametype|doubles
|player|p1|steveismail|1|1083
|player|p2|homerj71|1|1130
|gen|9
|tier|[Gen 9 Champions] VGC 2026 Reg M-B (Bo3)
|rated|
|rule|Species Clause: Limit one of each Pokémon
|rule|Item Clause: Limit 1 of each item
|clearpoke
|poke|p1|Tyrantrum, L50, M|
|poke|p1|Tyranitar, L50, F, shiny|
|poke|p1|Incineroar, L50, F|
|poke|p1|Glimmora, L50, F|
|poke|p1|Sinistcha, L50|
|poke|p1|Excadrill, L50, M|
|poke|p2|Tyranitar, L50, M|
|poke|p2|Staraptor, L50, M|
|poke|p2|Gholdengo, L50|
|poke|p2|Excadrill, L50, M|
|poke|p2|Sinistcha, L50|
|poke|p2|Milotic, L50, F|
|teampreview|4
|showteam|p1|Tyrantrum||YacheBerry|StrongJaw|FireFang,IceFang,Protect,DragonClaw|Brave||M|||50|]Tyranitar||Tyranitarite|SandStream|RockSlide,Protect,Crunch,HydroPump|Brave||F|||50|]Incineroar||SitrusBerry|Intimidate|ThroatChop,FlareBlitz,PartingShot,FakeOut|Adamant||F|||50|]Glimmora||FocusSash|ToxicDebris|EarthPower,Toxic,Spikes,SpikyShield|Quiet||F|||50|]Sinistcha||OccaBerry|Hospitality|TrickRoom,RagePowder,ShadowBall,MatchaGotcha|Quiet|||||50|]Excadrill||WideLens|SandRush|RockSlide,IronHead,XScissor,HighHorsepower|Adamant||M|||50|
|showteam|p2|Tyranitar||Tyranitarite|SandStream|KnockOff,RockSlide,Protect,LowKick|Jolly||M|||50|]Staraptor||Staraptite|Intimidate|DualWingbeat,CloseCombat,Protect,Tailwind|Jolly||M|||50|]Gholdengo||LifeOrb|GoodasGold|MakeItRain,NastyPlot,Protect,ShadowBall|Timid|||||50|]Excadrill||FocusSash|SandRush|HighHorsepower,IronHead,RockSlide,Protect|Adamant||M|||50|]Sinistcha||SitrusBerry|Hospitality|MatchaGotcha,RagePowder,ShadowBall,Protect|Calm|||||50|]Milotic||Leftovers|Competitive|Scald,IcyWind,Protect,IceBeam|Modest||F|||50|
|inactive|Battle timer is ON: inactive players will automatically lose when time's up. (requested by homerj71)
|
|t:|1785740176
|teamsize|p1|4
|teamsize|p2|4
|start
|switch|p1a: Tyranitar|Tyranitar, L50, F, shiny|100/100
|switch|p1b: Excadrill|Excadrill, L50, M|100/100
|switch|p2a: Staraptor|Staraptor, L50, M|100/100
|switch|p2b: Milotic|Milotic, L50, F|100/100
|-ability|p2a: Staraptor|Intimidate|boost
|-unboost|p1a: Tyranitar|atk|1
|-unboost|p1b: Excadrill|atk|1
|-weather|Sandstorm|[from] ability: Sand Stream|[of] p1a: Tyranitar
|turn|1
|inactive|steveismail has 30 seconds left.
|
|t:|1785740203
|detailschange|p2a: Staraptor|Staraptor-Mega, L50, M
|-mega|p2a: Staraptor|Staraptor|Staraptite
|move|p1a: Tyranitar|Protect|p1a: Tyranitar
|-singleturn|p1a: Tyranitar|Protect
|move|p1b: Excadrill|Rock Slide|p2a: Staraptor|[spread] p2a,p2b
|-damage|p2a: Staraptor|85/100
|-damage|p2b: Milotic|86/100
|move|p2a: Staraptor|Close Combat|p1a: Tyranitar
|-activate|p1a: Tyranitar|move: Protect
|move|p2b: Milotic|Scald|p1b: Excadrill
|-supereffective|p1b: Excadrill|1
|-damage|p1b: Excadrill|10/100
|
|-weather|Sandstorm|[upkeep]
|-damage|p2a: Staraptor|79/100|[from] Sandstorm
|-damage|p2b: Milotic|80/100|[from] Sandstorm
|-heal|p2b: Milotic|86/100|[from] item: Leftovers
|upkeep
|turn|2
|inactive|steveismail has 30 seconds left.
|inactive|steveismail has 20 seconds left.
|inactive|steveismail has 15 seconds left.
|inactive|steveismail has 10 seconds left.
|
|t:|1785740249
|switch|p1a: Tyrantrum|Tyrantrum, L50, M|100/100
|move|p1b: Excadrill|X-Scissor|p2a: Staraptor
|-resisted|p2a: Staraptor|2
|-damage|p2a: Staraptor|75/100
|move|p2a: Staraptor|Tailwind|p2a: Staraptor
|-sidestart|p2: homerj71|move: Tailwind
|move|p2b: Milotic|Scald|p1b: Excadrill
|-supereffective|p1b: Excadrill|1
|-damage|p1b: Excadrill|0 fnt
|faint|p1b: Excadrill
|
|-weather|Sandstorm|[upkeep]
|-damage|p2a: Staraptor|69/100|[from] Sandstorm
|-damage|p2b: Milotic|80/100|[from] Sandstorm
|-heal|p2b: Milotic|86/100|[from] item: Leftovers
|upkeep
|
|t:|1785740266
|switch|p1b: Tyranitar|Tyranitar, L50, F, shiny|100/100
|turn|3
|
|t:|1785740278
|detailschange|p1b: Tyranitar|Tyranitar-Mega, L50, F, shiny
|-mega|p1b: Tyranitar|Tyranitar|Tyranitarite
|move|p1b: Tyranitar|Protect|p1b: Tyranitar
|-singleturn|p1b: Tyranitar|Protect
|move|p2a: Staraptor|Close Combat|p1b: Tyranitar
|-activate|p1b: Tyranitar|move: Protect
|move|p2b: Milotic|Ice Beam|p1a: Tyrantrum
|-supereffective|p1a: Tyrantrum|1
|-crit|p1a: Tyrantrum
|-enditem|p1a: Tyrantrum|Yache Berry|[eat]
|-enditem|p1a: Tyrantrum|Yache Berry|[weaken]
|-damage|p1a: Tyrantrum|65/100
|move|p1a: Tyrantrum|Ice Fang|p2b: Milotic
|-resisted|p2b: Milotic|1
|-damage|p2b: Milotic|70/100
|
|-weather|Sandstorm|[upkeep]
|-damage|p2a: Staraptor|63/100|[from] Sandstorm
|-damage|p2b: Milotic|64/100|[from] Sandstorm
|-heal|p2b: Milotic|70/100|[from] item: Leftovers
|upkeep
|turn|4
|inactive|steveismail has 30 seconds left.
|
|t:|1785740309
|move|p2a: Staraptor|Close Combat|p1a: Tyrantrum
|-supereffective|p1a: Tyrantrum|1
|-damage|p1a: Tyrantrum|0 fnt
|-boost|p2a: Staraptor|def|1
|-boost|p2a: Staraptor|spd|1
|faint|p1a: Tyrantrum
|move|p2b: Milotic|Scald|p1b: Tyranitar
|-supereffective|p1b: Tyranitar|1
|-damage|p1b: Tyranitar|68/100
|move|p1b: Tyranitar|Hydro Pump|p2a: Staraptor|[miss]
|-miss|p1b: Tyranitar|p2a: Staraptor
|
|-weather|Sandstorm|[upkeep]
|-damage|p2a: Staraptor|57/100|[from] Sandstorm
|-damage|p2b: Milotic|64/100|[from] Sandstorm
|-heal|p2b: Milotic|70/100|[from] item: Leftovers
|upkeep
|inactive|steveismail has 30 seconds left.
|inactive|steveismail has 20 seconds left.
|inactive|steveismail has 15 seconds left.
|inactive|steveismail has 10 seconds left.
|inactive|steveismail has 5 seconds left.
|
|t:|1785740364
|switch|p1a: Sinistcha|Sinistcha, L50|100/100
|-heal|p1b: Tyranitar|92/100|[from] ability: Hospitality|[of] p1a: Sinistcha
|turn|5
|inactive|steveismail has 30 seconds left.
|inactive|steveismail has 20 seconds left.
|inactive|steveismail has 15 seconds left.
|inactive|steveismail has 10 seconds left.
|inactive|steveismail has 5 seconds left.
|
|t:|1785740419
|move|p2a: Staraptor|Dual Wingbeat|p1a: Sinistcha
|-supereffective|p1a: Sinistcha|1
|-damage|p1a: Sinistcha|59/100
|-supereffective|p1a: Sinistcha|1
|-damage|p1a: Sinistcha|17/100
|-hitcount|p1a: Sinistcha|2
|move|p2b: Milotic|Ice Beam|p1a: Sinistcha
|-supereffective|p1a: Sinistcha|1
|-damage|p1a: Sinistcha|0 fnt
|faint|p1a: Sinistcha
|move|p1b: Tyranitar|Rock Slide|p2a: Staraptor|[spread] p2b
|-miss|p1b: Tyranitar|p2a: Staraptor
|-damage|p2b: Milotic|36/100
|
|-weather|none
|-heal|p2b: Milotic|42/100|[from] item: Leftovers
|-sideend|p2: homerj71|move: Tailwind
|upkeep
|turn|6
|inactive|steveismail has 30 seconds left.
|inactive|steveismail has 20 seconds left.
|inactive|steveismail has 15 seconds left.
|inactive|steveismail has 10 seconds left.
|inactive|steveismail has 5 seconds left.
|
|t:|1785740474
|move|p2a: Staraptor|Close Combat|p1b: Tyranitar
|-supereffective|p1b: Tyranitar|2
|-damage|p1b: Tyranitar|0 fnt
|-boost|p2a: Staraptor|def|1
|-boost|p2a: Staraptor|spd|1
|faint|p1b: Tyranitar
|
|win|homerj71
|raw|steveismail's rating: 1083 → 1064(-19 for losing)
|raw|homerj71's rating: 1130 → 1152(+22 for winning)
