|j|☆MikeShinobu
|j|☆Jadyeetus
|html|MikeShinobuJadyeetus    
|uhtml|bestof|Game 2 of a best-of-3
|t:|1783102153
|gametype|doubles
|player|p1|MikeShinobu|ethan|1091
|player|p2|Jadyeetus|linebacker|1077
|gen|9
|tier|[Gen 9 Champions] VGC 2026 Reg M-B (Bo3)
|rated|
|rule|Species Clause: Limit one of each Pokémon
|rule|Item Clause: Limit 1 of each item
|clearpoke
|poke|p1|Whimsicott, L50, M|
|poke|p1|Garchomp, L50, F|
|poke|p1|Staraptor, L50, M|
|poke|p1|Blaziken, L50, M|
|poke|p1|Ninetales-Alola, L50, M|
|poke|p1|Excadrill, L50, M|
|poke|p2|Staraptor, L50, M|
|poke|p2|Excadrill, L50, M, shiny|
|poke|p2|Rotom-Heat, L50, shiny|
|poke|p2|Sceptile, L50, M, shiny|
|poke|p2|Whimsicott, L50, M|
|poke|p2|Palafin, L50, F|
|teampreview|4
|showteam|p1|Whimsicott||CobaBerry|Prankster|Encore,Tailwind,Moonblast,Charm|Timid||M|||50|]Garchomp||LifeOrb|RoughSkin|DragonClaw,Earthquake,Protect,RockSlide|Jolly||F|||50|]Staraptor||Staraptite|Intimidate|CloseCombat,BraveBird,Roost,Protect|Jolly||M|||50|]Blaziken||FocusSash|SpeedBoost|Coaching,Protect,BrickBreak,FlareBlitz|Adamant||M|||50|]Ninetales-Alola||LightClay|SnowWarning|Blizzard,Moonblast,AuroraVeil,Protect|Modest||M|||50|]Excadrill||Excadrite|MoldBreaker|Earthquake,HighHorsepower,IronHead,Protect|Jolly||M|||50|
|showteam|p2|Staraptor||Staraptite|Intimidate|CloseCombat,BraveBird,Protect,Roost|Jolly||M|||50|]Excadrill||ChoiceScarf|MoldBreaker|Earthquake,RockSlide,BrickBreak,IronHead|Jolly||M|||50|]Rotom-Heat||Leftovers|Levitate|Discharge,Overheat,DarkPulse,Protect|Timid|||||50|]Sceptile||Sceptilite|Overgrow|EarthPower,GigaDrain,Protect,DragonPulse|Timid||M|||50|]Whimsicott||FocusSash|Prankster|Charm,Tailwind,Moonblast,SunnyDay|Bold||M|||50|]Palafin||MysticWater|ZerotoHero|FlipTurn,Protect,CloseCombat,JetPunch|Jolly||F|||50|
|inactive|Battle timer is ON: inactive players will automatically lose when time's up. (requested by Jadyeetus)
|inactive|MikeShinobu also wants the timer to be on.
|l|☆Jadyeetus
|inactive|Jadyeetus disconnected and has a minute to reconnect!
|player|p2|
|
|t:|1783102179
|teamsize|p1|4
|teamsize|p2|4
|start
|switch|p1a: Ninetales|Ninetales-Alola, L50, M|100/100
|switch|p1b: Excadrill|Excadrill, L50, M|100/100
|switch|p2a: Whimsy|Whimsicott, L50, M|100/100
|switch|p2b: Unhand me|Excadrill, L50, M, shiny|100/100
|-ability|p2b: Unhand me|Mold Breaker
|-weather|Snowscape|[from] ability: Snow Warning|[of] p1a: Ninetales
|-ability|p1b: Excadrill|Mold Breaker
|turn|1
|j|☆Jadyeetus
|inactive|Jadyeetus reconnected and has 40 seconds left.
|player|p2|Jadyeetus|linebacker|
|inactive|Jadyeetus has 30 seconds left.
|
|t:|1783102209
|move|p2a: Whimsy|Sunny Day|p2a: Whimsy
|-weather|SunnyDay
|move|p2b: Unhand me|Earthquake|p1a: Ninetales|[spread] p2a,p1a,p1b
|-resisted|p2a: Whimsy|1
|-crit|p1a: Ninetales
|-supereffective|p1b: Excadrill|1
|-damage|p2a: Whimsy|84/100
|-damage|p1a: Ninetales|4/100
|-damage|p1b: Excadrill|0 fnt
|faint|p1b: Excadrill
|move|p1a: Ninetales|Blizzard|p2b: Unhand me|[spread] p2a,p2b
|-supereffective|p2a: Whimsy|1
|-damage|p2a: Whimsy|0 fnt
|-damage|p2b: Unhand me|55/100
|faint|p2a: Whimsy
|
|-weather|SunnyDay|[upkeep]
|upkeep
|
|t:|1783102223
|switch|p1b: Staraptor|Staraptor, L50, M|100/100
|switch|p2a: Microwave|Rotom-Heat, L50, shiny|100/100
|-ability|p1b: Staraptor|Intimidate|boost
|-unboost|p2a: Microwave|atk|1
|-unboost|p2b: Unhand me|atk|1
|turn|2
|
|t:|1783102234
|detailschange|p1b: Staraptor|Staraptor-Mega, L50, M
|-mega|p1b: Staraptor|Staraptor|Staraptite
|move|p1b: Staraptor|Protect|p1b: Staraptor
|-singleturn|p1b: Staraptor|Protect
|move|p2a: Microwave|Protect|p2a: Microwave
|-singleturn|p2a: Microwave|Protect
|move|p2b: Unhand me|Earthquake|p1a: Ninetales|[spread] p1a
|-activate|p2a: Microwave|move: Protect
|-activate|p1b: Staraptor|move: Protect
|-damage|p1a: Ninetales|0 fnt
|faint|p1a: Ninetales
|
|-weather|SunnyDay|[upkeep]
|upkeep
|
|t:|1783102236
|switch|p1a: Whimsicott|Whimsicott, L50, M|100/100
|turn|3
|
|t:|1783102252
|switch|p2b: Santa|Sceptile, L50, M, shiny|100/100
|move|p1a: Whimsicott|Charm|p1b: Staraptor
|-boost|p1b: Staraptor|atk|2
|move|p1b: Staraptor|Close Combat|p2a: Microwave
|-damage|p2a: Microwave|0 fnt
|-boost|p1b: Staraptor|def|1
|-boost|p1b: Staraptor|spd|1
|faint|p2a: Microwave
|
|-weather|SunnyDay|[upkeep]
|upkeep
|
|t:|1783102261
|switch|p2a: Unhand me|Excadrill, L50, M, shiny|55/100
|-ability|p2a: Unhand me|Mold Breaker
|turn|4
|
|t:|1783102272
|detailschange|p2b: Santa|Sceptile-Mega, L50, M, shiny
|-mega|p2b: Santa|Sceptile|Sceptilite
|move|p2b: Santa|Protect|p2b: Santa
|-singleturn|p2b: Santa|Protect
|move|p1a: Whimsicott|Tailwind|p1a: Whimsicott
|-sidestart|p1: MikeShinobu|move: Tailwind
|move|p1b: Staraptor|Brave Bird|p2b: Santa
|-activate|p2b: Santa|move: Protect
|move|p2a: Unhand me|Iron Head|p1a: Whimsicott
|-supereffective|p1a: Whimsicott|1
|-damage|p1a: Whimsicott|0 fnt
|faint|p1a: Whimsicott
|
|-weather|SunnyDay|[upkeep]
|upkeep
|turn|5
|
|t:|1783102289
|move|p1b: Staraptor|Close Combat|p2a: Unhand me
|-supereffective|p2a: Unhand me|1
|-damage|p2a: Unhand me|0 fnt
|-boost|p1b: Staraptor|def|1
|-boost|p1b: Staraptor|spd|1
|faint|p2a: Unhand me
|move|p2b: Santa|Dragon Pulse|p1b: Staraptor
|-damage|p1b: Staraptor|76/100
|
|-weather|none
|upkeep
|turn|6
|
|t:|1783102295
|move|p2b: Santa|Protect|p2b: Santa
|-singleturn|p2b: Santa|Protect
|move|p1b: Staraptor|Close Combat|p2b: Santa
|-activate|p2b: Santa|move: Protect
|
|upkeep
|turn|7
|
|t:|1783102298
|move|p2b: Santa|Protect||[still]
|-fail|p2b: Santa
|move|p1b: Staraptor|Close Combat|p2b: Santa
|-damage|p2b: Santa|0 fnt
|-boost|p1b: Staraptor|def|1
|-boost|p1b: Staraptor|spd|1
|faint|p2b: Santa
|
|win|MikeShinobu
|raw|MikeShinobu's rating: 1091 → 1116(+25 for winning)
|raw|Jadyeetus's rating: 1077 → 1056(-21 for losing)
