|j|☆Tronman17
|j|☆MilenaCapilla
|html|Tronman17MilenaCapilla    
|uhtml|bestof|Game 1 of a best-of-3
|t:|1757788748
|gametype|doubles
|player|p1|Tronman17|steven|1041
|player|p2|MilenaCapilla|skierf|1143
|gen|9
|tier|[Gen 9] VGC 2025 Reg H (Bo3)
|rated|
|rule|Species Clause: Limit one of each Pokémon
|rule|Item Clause: Limit 1 of each item
|clearpoke
|poke|p1|Ninetales-Alola, L50, M|
|poke|p1|Annihilape, L50, M|
|poke|p1|Primarina, L50, M|
|poke|p1|Rillaboom, L50, M|
|poke|p1|Sneasler, L50, F|
|poke|p1|Archaludon, L50, F|
|poke|p2|Porygon2, L50|
|poke|p2|Incineroar, L50, F|
|poke|p2|Ursaluna, L50, F|
|poke|p2|Volcarona, L50, M|
|poke|p2|Basculegion, L50, M|
|poke|p2|Volbeat, L50, M|
|teampreview|4
|showteam|p1|Ninetales-Alola||LightClay|SnowWarning|IcicleSpear,Encore,IcyWind,AuroraVeil|||M|||50|,,,,,Ghost]Annihilape||SafetyGoggles|Defiant|DrainPunch,RageFist,BulkUp,Protect|||M|||50|,,,,,Fire]Primarina||ThroatSpray|LiquidVoice|Moonblast,HyperVoice,Haze,Protect|||M|||50|,,,,,Poison]Rillaboom||LoadedDice|GrassySurge|GrassyGlide,FakeOut,BulletSeed,HighHorsepower|||M|||50|,,,,,Fire]Sneasler||GrassySeed|Unburden|DireClaw,Coaching,CloseCombat,Protect|||F|||50|,,,,,Stellar]Archaludon||AssaultVest|Stamina|BodyPress,ElectroShot,FlashCannon,DragonPulse|||F|||50|,,,,,Bug
|showteam|p2|Porygon2||Eviolite|Download|IceBeam,TeraBlast,TrickRoom,Recover||||||50|,,,,,Fighting]Incineroar||SafetyGoggles|Intimidate|FlareBlitz,KnockOff,FakeOut,PartingShot|||F|||50|,,,,,Ghost]Ursaluna||FlameOrb|Guts|HeadlongRush,Facade,Earthquake,Protect|||F|||50|,,,,,Ghost]Volcarona||CovertCloak|FlameBody|HeatWave,WillOWisp,RagePowder,GigaDrain|||M|||50|,,,,,Grass]Basculegion||ChoiceScarf|Adaptability|WaveCrash,FlipTurn,AquaJet,LastRespects|||M|||50|,,,,,Water]Volbeat||FocusSash|Illuminate|Tailwind,Encore,SunnyDay,RainDance|||M|||50|,,,,,Dark
|inactive|Battle timer is ON: inactive players will automatically lose when time's up. (requested by MilenaCapilla)
|inactive|MilenaCapilla has 60 seconds left.
|inactive|MilenaCapilla has 30 seconds left.
|
|t:|1757788821
|teamsize|p1|4
|teamsize|p2|4
|start
|switch|p1a: Ninetales|Ninetales-Alola, L50, M, shiny|100/100
|switch|p1b: Annihilape|Annihilape, L50, M, shiny|100/100
|switch|p2a: Basculegion|Basculegion, L50, M|100/100
|switch|p2b: Volcarona|Volcarona, L50, M|100/100
|-weather|Snowscape|[from] ability: Snow Warning|[of] p1a: Ninetales
|turn|1
|
|t:|1757788842
|move|p1b: Annihilape|Protect|p1b: Annihilape
|-singleturn|p1b: Annihilape|Protect
|move|p2a: Basculegion|Wave Crash|p1a: Ninetales
|-damage|p1a: Ninetales|29/100
|-damage|p2a: Basculegion|79/100|[from] Recoil
|move|p1a: Ninetales|Aurora Veil|p1a: Ninetales
|-sidestart|p1: Tronman17|move: Aurora Veil
|move|p2b: Volcarona|Will-O-Wisp|p1b: Annihilape
|-activate|p1b: Annihilape|move: Protect
|
|-weather|Snowscape|[upkeep]
|upkeep
|turn|2
|
|t:|1757788867
|-terastallize|p1b: Annihilape|Fire
|move|p2a: Basculegion|Wave Crash|p1a: Ninetales
|-damage|p1a: Ninetales|0 fnt
|faint|p1a: Ninetales
|-damage|p2a: Basculegion|70/100|[from] Recoil
|move|p2b: Volcarona|Will-O-Wisp|p1b: Annihilape
|-immune|p1b: Annihilape
|move|p1b: Annihilape|Rage Fist|p2a: Basculegion
|-supereffective|p2a: Basculegion
|-damage|p2a: Basculegion|12/100
|
|-weather|Snowscape|[upkeep]
|upkeep
|
|t:|1757788882
|switch|p1a: Rillaboom|Rillaboom, L50, M|100/100
|-fieldstart|move: Grassy Terrain|[from] ability: Grassy Surge|[of] p1a: Rillaboom
|turn|3
|
|t:|1757788902
|switch|p2a: Incineroar|Incineroar, L50, F|100/100
|-ability|p2a: Incineroar|Intimidate|boost
|-unboost|p1a: Rillaboom|atk|1
|-unboost|p1b: Annihilape|atk|1
|-ability|p1b: Annihilape|Defiant|boost
|-boost|p1b: Annihilape|atk|2
|move|p1a: Rillaboom|Grassy Glide|p2a: Incineroar
|-resisted|p2a: Incineroar
|-damage|p2a: Incineroar|88/100
|move|p2b: Volcarona|Heat Wave|p1a: Rillaboom|[spread] p1a
|-miss|p2b: Volcarona|p1b: Annihilape
|-supereffective|p1a: Rillaboom
|-damage|p1a: Rillaboom|44/100
|move|p1b: Annihilape|Bulk Up|p1b: Annihilape
|-boost|p1b: Annihilape|atk|1
|-boost|p1b: Annihilape|def|1
|
|-weather|Snowscape|[upkeep]
|-heal|p1a: Rillaboom|50/100|[from] Grassy Terrain
|-heal|p2a: Incineroar|94/100|[from] Grassy Terrain
|upkeep
|turn|4
|
|t:|1757788926
|switch|p1a: Primarina|Primarina, L50, M|100/100
|move|p2a: Incineroar|Fake Out|p1b: Annihilape
|-damage|p1b: Annihilape|95/100
|move|p2b: Volcarona|Heat Wave|p1b: Annihilape|[spread] p1a,p1b
|-resisted|p1a: Primarina
|-resisted|p1b: Annihilape
|-damage|p1a: Primarina|90/100
|-damage|p1b: Annihilape|84/100
|cant|p1b: Annihilape|flinch
|
|-weather|Snowscape|[upkeep]
|-heal|p1b: Annihilape|90/100|[from] Grassy Terrain
|-heal|p2a: Incineroar|99/100|[from] Grassy Terrain
|-heal|p1a: Primarina|97/100|[from] Grassy Terrain
|upkeep
|turn|5
|inactive|MilenaCapilla has 30 seconds left.
|inactive|MilenaCapilla has 20 seconds left.
|inactive|MilenaCapilla has 15 seconds left.
|inactive|MilenaCapilla has 10 seconds left.
|
|t:|1757788974
|-terastallize|p2b: Volcarona|Grass
|move|p2b: Volcarona|Giga Drain|p1a: Primarina
|-supereffective|p1a: Primarina
|-damage|p1a: Primarina|39/100
|move|p1b: Annihilape|Rage Fist|p2b: Volcarona
|-damage|p2b: Volcarona|0 fnt
|faint|p2b: Volcarona
|move|p2a: Incineroar|Parting Shot|p1a: Primarina
|-unboost|p1a: Primarina|atk|1
|-unboost|p1a: Primarina|spa|1
|
|t:|1757788985
|switch|p2a: Volbeat|Volbeat, L50, M|100/100|[from] Parting Shot
|move|p1a: Primarina|Hyper Voice|p2a: Volbeat
|-damage|p2a: Volbeat|63/100
|-enditem|p1a: Primarina|Throat Spray
|-boost|p1a: Primarina|spa|1|[from] item: Throat Spray
|
|-weather|none
|-heal|p2a: Volbeat|69/100|[from] Grassy Terrain
|-heal|p1b: Annihilape|97/100|[from] Grassy Terrain
|-heal|p1a: Primarina|45/100|[from] Grassy Terrain
|upkeep
|
|t:|1757788987
|switch|p2b: Incineroar|Incineroar, L50, F|99/100
|-ability|p2b: Incineroar|Intimidate|boost
|-unboost|p1a: Primarina|atk|1
|-unboost|p1b: Annihilape|atk|1
|-ability|p1b: Annihilape|Defiant|boost
|-boost|p1b: Annihilape|atk|2
|turn|6
|
|t:|1757789005
|move|p2b: Incineroar|Fake Out|p1b: Annihilape
|-damage|p1b: Annihilape|91/100
|move|p2a: Volbeat|Tailwind|p2a: Volbeat
|-sidestart|p2: MilenaCapilla|move: Tailwind
|cant|p1b: Annihilape|flinch
|move|p1a: Primarina|Hyper Voice|p2a: Volbeat|[spread] p2a,p2b
|-supereffective|p2b: Incineroar
|-damage|p2a: Volbeat|28/100
|-damage|p2b: Incineroar|37/100
|
|-heal|p2a: Volbeat|34/100|[from] Grassy Terrain
|-heal|p2b: Incineroar|43/100|[from] Grassy Terrain
|-heal|p1b: Annihilape|97/100|[from] Grassy Terrain
|-heal|p1a: Primarina|52/100|[from] Grassy Terrain
|upkeep
|turn|7
|inactive|MilenaCapilla has 30 seconds left.
|
|t:|1757789039
|move|p2a: Volbeat|Rain Dance|p2a: Volbeat
|-weather|RainDance
|move|p2b: Incineroar|Knock Off|p1b: Annihilape
|-damage|p1b: Annihilape|76/100
|-enditem|p1b: Annihilape|Safety Goggles|[from] move: Knock Off|[of] p2b: Incineroar
|move|p1b: Annihilape|Drain Punch|p2b: Incineroar
|-supereffective|p2b: Incineroar
|-damage|p2b: Incineroar|0 fnt
|-heal|p1b: Annihilape|97/100|[from] drain|[of] p2b: Incineroar
|faint|p2b: Incineroar
|move|p1a: Primarina|Hyper Voice|p2a: Volbeat
|-damage|p2a: Volbeat|0 fnt
|faint|p2a: Volbeat
|
|-weather|RainDance|[upkeep]
|-heal|p1b: Annihilape|100/100|[from] Grassy Terrain
|-heal|p1a: Primarina|58/100|[from] Grassy Terrain
|-fieldend|move: Grassy Terrain
|upkeep
|
|t:|1757789045
|switch|p2b: Basculegion|Basculegion, L50, M|12/100
|turn|8
|-message|MilenaCapilla forfeited.
|
|win|Tronman17
|l|☆MilenaCapilla
|player|p2|
||MilenaCapilla is ready for game 2.
|inactive|Tronman17 has 30 seconds to confirm battle start!
||Tronman17 is ready for game 2.
|uhtml|next|Next: Game 2 of 3
