|j|☆hexagonfoot
|j|‽Adroqk
|html|hexagonfootAdroqk    
|uhtml|bestof|Game 2 of a best-of-3
|t:|1757819759
|gametype|doubles
|player|p1|hexagonfoot|caitlin|1135
|player|p2|Adroqk|101|1119
|gen|9
|tier|[Gen 9] VGC 2025 Reg H (Bo3)
|rated|
|rule|Species Clause: Limit one of each Pokémon
|rule|Item Clause: Limit 1 of each item
|clearpoke
|poke|p1|Gholdengo, L50|
|poke|p1|Sneasler, L50, M|
|poke|p1|Rillaboom, L50, F|
|poke|p1|Dragonite, L50, F|
|poke|p1|Ninetales-Alola, L50, F|
|poke|p1|Arcanine-Hisui, L50, M|
|poke|p2|Ribombee, L50, F|
|poke|p2|Annihilape, L50, F|
|poke|p2|Maushold, L50|
|poke|p2|Pelipper, L50, F|
|poke|p2|Archaludon, L50, M|
|poke|p2|Inteleon, L50, F|
|teampreview|4
|showteam|p1|Gholdengo||GrassySeed|GoodasGold|NastyPlot,MakeItRain,ShadowBall,Protect||||||50|,,,,,Water]Sneasler||WhiteHerb|Unburden|CloseCombat,DireClaw,Coaching,Protect|||M|||50|,,,,,Ghost]Rillaboom||AssaultVest|GrassySurge|FakeOut,GrassyGlide,DrumBeating,HighHorsepower|||F|||50|,,,,,Fire]Dragonite||LoadedDice|Multiscale|ScaleShot,StompingTantrum,Tailwind,Protect|||F|||50|,,,,,Ground]Ninetales-Alola||FocusSash|SnowWarning|Blizzard,IcyWind,Encore,AuroraVeil|||F|||50|,,,,,Ghost]Arcanine-Hisui||ClearAmulet|Intimidate|RockSlide,FlareBlitz,ExtremeSpeed,Protect|||M|||50|,,,,,Water
|showteam|p2|Ribombee||FocusSash|SweetVeil|Tailwind,PollenPuff,Moonblast,AromaticMist|||F|||50|,,,,,Ghost]Annihilape||SitrusBerry|Defiant|RageFist,Protect,BulkUp,DrainPunch|||F|||50|,,,,,Fire]Maushold||SafetyGoggles|FriendGuard|FollowMe,SuperFang,BeatUp,Protect||||||50|,,,,,Ghost]Pelipper||DampRock|Drizzle|WeatherBall,Hurricane,Protect,WideGuard|||F|||50|,,,,,Ghost]Archaludon||AssaultVest|Stamina|ElectroShot,DragonPulse,BodyPress,FlashCannon|||M|||50|,,,,,Grass]Inteleon||ChoiceSpecs|Sniper|SnipeShot,FlipTurn,HydroCannon,IceBeam|||F|||50|,,,,,Water
|
|t:|1757819802
|teamsize|p1|4
|teamsize|p2|4
|start
|switch|p1a: Canada Water|Ninetales-Alola, L50, F|100/100
|switch|p1b: Silver Street|Gholdengo, L50|100/100
|switch|p2a: Maushold|Maushold, L50|100/100
|switch|p2b: Annihilape|Annihilape, L50, F|100/100
|-weather|Snowscape|[from] ability: Snow Warning|[of] p1a: Canada Water
|turn|1
|
|t:|1757819818
|-terastallize|p1b: Silver Street|Water
|-terastallize|p2b: Annihilape|Fire
|move|p2a: Maushold|Beat Up|p2b: Annihilape
|-damage|p2b: Annihilape|99/100
|-damage|p2b: Annihilape|96/100
|-damage|p2b: Annihilape|94/100
|-damage|p2b: Annihilape|92/100
|-hitcount|p2b: Annihilape|4
|move|p1a: Canada Water|Aurora Veil|p1a: Canada Water
|-sidestart|p1: hexagonfoot|move: Aurora Veil
|move|p1b: Silver Street|Nasty Plot|p1b: Silver Street
|-boost|p1b: Silver Street|spa|2
|move|p2b: Annihilape|Rage Fist|p1b: Silver Street
|-damage|p1b: Silver Street|16/100
|
|-weather|Snowscape|[upkeep]
|upkeep
|turn|2
|inactive|Battle timer is ON: inactive players will automatically lose when time's up. (requested by Adroqk)
|
|t:|1757819877
|switch|p1a: Hampstead Heath|Rillaboom, L50, F|100/100
|-fieldstart|move: Grassy Terrain|[from] ability: Grassy Surge|[of] p1a: Hampstead Heath
|-enditem|p1b: Silver Street|Grassy Seed
|-boost|p1b: Silver Street|def|1|[from] item: Grassy Seed
|move|p1b: Silver Street|Protect|p1b: Silver Street
|-singleturn|p1b: Silver Street|Protect
|move|p2a: Maushold|Follow Me|p2a: Maushold
|-singleturn|p2a: Maushold|move: Follow Me
|move|p2b: Annihilape|Drain Punch|p1b: Silver Street
|-activate|p1b: Silver Street|move: Protect
|
|-weather|Snowscape|[upkeep]
|-heal|p1b: Silver Street|22/100|[from] Grassy Terrain
|-heal|p2b: Annihilape|98/100|[from] Grassy Terrain
|upkeep
|turn|3
|inactive|hexagonfoot has 30 seconds left.
|
|t:|1757819902
|move|p2a: Maushold|Protect|p2a: Maushold
|-singleturn|p2a: Maushold|Protect
|move|p2b: Annihilape|Protect|p2b: Annihilape
|-singleturn|p2b: Annihilape|Protect
|move|p1a: Hampstead Heath|Fake Out|p2b: Annihilape
|-activate|p2b: Annihilape|move: Protect
|move|p1b: Silver Street|Make It Rain|p2b: Annihilape|[spread] 
|-activate|p2a: Maushold|move: Protect
|-activate|p2b: Annihilape|move: Protect
|
|-weather|Snowscape|[upkeep]
|-heal|p1b: Silver Street|29/100|[from] Grassy Terrain
|-heal|p2b: Annihilape|100/100|[from] Grassy Terrain
|upkeep
|turn|4
|inactive|hexagonfoot has 30 seconds left.
|
|t:|1757819936
|switch|p1a: Euston|Sneasler, L50, M|100/100
|move|p2a: Maushold|Follow Me|p2a: Maushold
|-singleturn|p2a: Maushold|move: Follow Me
|move|p1b: Silver Street|Make It Rain|p2b: Annihilape|[spread] p2a,p2b
|-resisted|p2b: Annihilape
|-damage|p2a: Maushold|0 fnt
|-damage|p2b: Annihilape|72/100
|-unboost|p1b: Silver Street|spa|1
|faint|p2a: Maushold
|move|p2b: Annihilape|Rage Fist|p1b: Silver Street
|-damage|p1b: Silver Street|0 fnt
|faint|p1b: Silver Street
|
|-weather|Snowscape|[upkeep]
|-heal|p2b: Annihilape|78/100|[from] Grassy Terrain
|upkeep
|
|t:|1757819960
|switch|p2a: Archaludon|Archaludon, L50, M|100/100
|switch|p1b: Hampstead Heath|Rillaboom, L50, F|100/100
|turn|5
|inactive|Adroqk has 30 seconds left.
|inactive|Adroqk has 20 seconds left.
|inactive|hexagonfoot has 30 seconds left.
|inactive|Adroqk has 15 seconds left.
|inactive|Adroqk has 10 seconds left.
|inactive|Adroqk has 5 seconds left.
|
|t:|1757820010
|switch|p2a: Pelipper|Pelipper, L50, F|100/100
|-weather|RainDance|[from] ability: Drizzle|[of] p2a: Pelipper
|move|p1a: Euston|Close Combat|p2a: Pelipper
|-resisted|p2a: Pelipper
|-damage|p2a: Pelipper|78/100
|-unboost|p1a: Euston|def|1
|-unboost|p1a: Euston|spd|1
|-enditem|p1a: Euston|White Herb
|-clearnegativeboost|p1a: Euston|[silent]
|move|p1b: Hampstead Heath|High Horsepower|p2b: Annihilape
|-supereffective|p2b: Annihilape
|-damage|p2b: Annihilape|23/100
|-enditem|p2b: Annihilape|Sitrus Berry|[eat]
|-heal|p2b: Annihilape|48/100|[from] item: Sitrus Berry
|move|p2b: Annihilape|Rage Fist|p1a: Euston
|-damage|p1a: Euston|0 fnt
|faint|p1a: Euston
|
|-weather|RainDance|[upkeep]
|-heal|p2b: Annihilape|54/100|[from] Grassy Terrain
|-sideend|p1: hexagonfoot|move: Aurora Veil
|upkeep
|
|t:|1757820030
|switch|p1a: Canada Water|Ninetales-Alola, L50, F|100/100
|-weather|Snowscape|[from] ability: Snow Warning|[of] p1a: Canada Water
|turn|6
|
|t:|1757820045
|switch|p2a: Archaludon|Archaludon, L50, M|100/100
|move|p1a: Canada Water|Aurora Veil|p1a: Canada Water
|-sidestart|p1: hexagonfoot|move: Aurora Veil
|move|p1b: Hampstead Heath|High Horsepower|p2b: Annihilape
|-supereffective|p2b: Annihilape
|-damage|p2b: Annihilape|0 fnt
|faint|p2b: Annihilape
|
|-weather|Snowscape|[upkeep]
|-fieldend|move: Grassy Terrain
|upkeep
|
|t:|1757820051
|switch|p2b: Pelipper|Pelipper, L50, F|78/100
|-weather|RainDance|[from] ability: Drizzle|[of] p2b: Pelipper
|turn|7
|
|t:|1757820066
|move|p1a: Canada Water|Blizzard|p2b: Pelipper|[spread] p2a,p2b
|-damage|p2a: Archaludon|81/100
|-damage|p2b: Pelipper|36/100
|-ability|p2a: Archaludon|Stamina|boost
|-boost|p2a: Archaludon|def|1
|move|p1b: Hampstead Heath|Drum Beating|p2b: Pelipper
|-damage|p2b: Pelipper|7/100
|-unboost|p2b: Pelipper|spe|1
|move|p2a: Archaludon|Electro Shot||[still]
|-prepare|p2a: Archaludon|Electro Shot
|-boost|p2a: Archaludon|spa|1
|-anim|p2a: Archaludon|Electro Shot|p1a: Canada Water
|-damage|p1a: Canada Water|57/100
|move|p2b: Pelipper|Weather Ball|p1a: Canada Water
|-damage|p1a: Canada Water|15/100
|
|-weather|RainDance|[upkeep]
|upkeep
|turn|8
|
|t:|1757820085
|move|p1a: Canada Water|Blizzard|p2a: Archaludon|[spread] p2a
|-miss|p1a: Canada Water|p2b: Pelipper
|-damage|p2a: Archaludon|59/100
|-ability|p2a: Archaludon|Stamina|boost
|-boost|p2a: Archaludon|def|1
|move|p1b: Hampstead Heath|High Horsepower|p2a: Archaludon
|-supereffective|p2a: Archaludon
|-damage|p2a: Archaludon|38/100
|-ability|p2a: Archaludon|Stamina|boost
|-boost|p2a: Archaludon|def|1
|move|p2a: Archaludon|Electro Shot||[still]
|-prepare|p2a: Archaludon|Electro Shot
|-boost|p2a: Archaludon|spa|1
|-anim|p2a: Archaludon|Electro Shot|p1a: Canada Water
|-damage|p1a: Canada Water|0 fnt
|faint|p1a: Canada Water
|move|p2b: Pelipper|Weather Ball|p1b: Hampstead Heath
|-resisted|p1b: Hampstead Heath
|-damage|p1b: Hampstead Heath|87/100
|
|-weather|RainDance|[upkeep]
|upkeep
|turn|9
|
|t:|1757820098
|move|p1b: Hampstead Heath|High Horsepower|p2a: Archaludon
|-supereffective|p2a: Archaludon
|-damage|p2a: Archaludon|21/100
|-ability|p2a: Archaludon|Stamina|boost
|-boost|p2a: Archaludon|def|1
|move|p2a: Archaludon|Dragon Pulse|p1b: Hampstead Heath
|-damage|p1b: Hampstead Heath|42/100
|move|p2b: Pelipper|Hurricane|p1b: Hampstead Heath
|-supereffective|p1b: Hampstead Heath
|-damage|p1b: Hampstead Heath|2/100
|
|-weather|RainDance|[upkeep]
|upkeep
|turn|10
|-message|hexagonfoot forfeited.
|
|win|Adroqk
|raw|hexagonfoot's rating: 1135 → 1109(-26 for losing)
|raw|Adroqk's rating: 1119 → 1145(+26 for winning)
|l|‽Adroqk
|player|p2|
