|j|вҳҶPokefreak 92
|j|вҳҶgohan92
|html|Pokefreak 92gohan92    
|uhtml|bestof|Game 1 of a best-of-3
|t:|1756854629
|gametype|doubles
|player|p1|Pokefreak 92|lance|
|player|p2|gohan92|170|
|gen|9
|tier|[Gen 9] VGC 2025 Reg H (Bo3)
|rule|Species Clause: Limit one of each PokГ©mon
|rule|Item Clause: Limit 1 of each item
|clearpoke
|poke|p1|Rillaboom, L50, F|
|poke|p1|Kingambit, L50, M|
|poke|p1|Sneasler, L50, F|
|poke|p1|Dragonite, L50, M|
|poke|p1|Gastrodon-East, L50, M|
|poke|p1|Ceruledge, L50, M|
|poke|p2|Indeedee-F, L50, F|
|poke|p2|Hatterene, L50, F|
|poke|p2|Gallade, L50, M|
|poke|p2|Ursaluna, L50, M|
|poke|p2|Lilligant-Hisui, L50, F|
|poke|p2|Torkoal, L50, M|
|teampreview|4
|showteam|p1|Rillaboom||MiracleSeed|GrassySurge|WoodHammer,GrassyGlide,FakeOut,HighHorsepower|||F|||50|,,,,,Fire]Kingambit||AssaultVest|Defiant|KowtowCleave,SuckerPunch,TeraBlast,IronHead|||M|||50|,,,,,Flying]Sneasler||FocusSash|Unburden|DireClaw,CloseCombat,Coaching,FakeOut|||F|||50|,,,,,Ghost]Dragonite||LoadedDice|Multiscale|ExtremeSpeed,ScaleShot,LowKick,Protect|||M|||50|,,,,,Fairy]Gastrodon-East||SitrusBerry|StormDrain|EarthPower,IceBeam,ClearSmog,Protect|||M|||50|,,,,,Poison]Ceruledge||Leftovers|FlashFire|BitterBlade,ShadowSneak,BulkUp,Protect|||M|||50|,,,,,Grass
|showteam|p2|Indeedee-F||PsychicSeed|PsychicSurge|TrickRoom,FollowMe,HelpingHand,DazzlingGleam|||F|||50|,,,,,Fire]Hatterene||LifeOrb|MagicBounce|ExpandingForce,TrickRoom,DazzlingGleam,Protect|||F|||50|,,,,,Psychic]Gallade||ClearAmulet|Sharpness|PsychoCut,TrickRoom,SacredSword,WideGuard|||M|||50|,,,,,Grass]Ursaluna||FlameOrb|Guts|HeadlongRush,Facade,SwordsDance,Protect|||M|||50|,,,,,Ghost]Lilligant-Hisui||FocusSash|Chlorophyll|SolarBlade,SleepPowder,CloseCombat,AfterYou|||F|||50|,,,,,Ghost]Torkoal||ChoiceSpecs|Drought|Eruption,HeatWave,WeatherBall,EarthPower|||M|||50|,,,,,Fire
|
|t:|1756854659
|teamsize|p1|4
|teamsize|p2|4
|start
|switch|p1a: Kingambit|Kingambit, L50, M|100/100
|switch|p1b: Sneasler|Sneasler, L50, F|100/100
|switch|p2a: зҙ«з«Ҫи¶…еҸҜж„ӣ|Indeedee-F, L50, F, shiny|100/100
|switch|p2b: зҙ«з«Ҫж•ІеҸҜж„ӣ|Hatterene, L50, F, shiny|100/100
|-fieldstart|move: Psychic Terrain|[from] ability: Psychic Surge|[of] p2a: зҙ«з«Ҫи¶…еҸҜж„ӣ
|-enditem|p2a: зҙ«з«Ҫи¶…еҸҜж„ӣ|Psychic Seed
|-boost|p2a: зҙ«з«Ҫи¶…еҸҜж„ӣ|spd|1|[from] item: Psychic Seed
|turn|1
|
|t:|1756854713
|move|p2a: зҙ«з«Ҫи¶…еҸҜж„ӣ|Follow Me|p2a: зҙ«з«Ҫи¶…еҸҜж„ӣ
|-singleturn|p2a: зҙ«з«Ҫи¶…еҸҜж„ӣ|move: Follow Me
|move|p1b: Sneasler|Dire Claw|p2a: зҙ«з«Ҫи¶…еҸҜж„ӣ
|-damage|p2a: зҙ«з«Ҫи¶…еҸҜж„ӣ|56/100
|move|p1a: Kingambit|Kowtow Cleave|p2a: зҙ«з«Ҫи¶…еҸҜж„ӣ
|-supereffective|p2a: зҙ«з«Ҫи¶…еҸҜж„ӣ
|-damage|p2a: зҙ«з«Ҫи¶…еҸҜж„ӣ|0 fnt
|faint|p2a: зҙ«з«Ҫи¶…еҸҜж„ӣ
|move|p2b: зҙ«з«Ҫж•ІеҸҜж„ӣ|Trick Room|p2b: зҙ«з«Ҫж•ІеҸҜж„ӣ
|-fieldstart|move: Trick Room|[of] p2b: зҙ«з«Ҫж•ІеҸҜж„ӣ
|
|upkeep
|
|t:|1756854722
|switch|p2a: еӨӘжЁӮе·ҙжҲҲж–Ҝ|Torkoal, L50, M, shiny|100/100
|-weather|SunnyDay|[from] ability: Drought|[of] p2a: еӨӘжЁӮе·ҙжҲҲж–Ҝ
|turn|2
|
|t:|1756854751
|switch|p2b: дёҖжӢіжңҲжңҲзҶҠ|Ursaluna, L50, M, shiny|100/100
|switch|p1a: Ceruledge|Ceruledge, L50, M|100/100
|switch|p1b: Rillaboom|Rillaboom, L50, F|100/100
|-fieldstart|move: Grassy Terrain|[from] ability: Grassy Surge|[of] p1b: Rillaboom
|-terastallize|p2a: еӨӘжЁӮе·ҙжҲҲж–Ҝ|Fire
|move|p2a: еӨӘжЁӮе·ҙжҲҲж–Ҝ|Eruption|p1a: Ceruledge|[spread] p1b
|-start|p1a: Ceruledge|ability: Flash Fire
|-supereffective|p1b: Rillaboom
|-damage|p1b: Rillaboom|0 fnt
|faint|p1b: Rillaboom
|
|-weather|SunnyDay|[upkeep]
|-status|p2b: дёҖжӢіжңҲжңҲзҶҠ|brn|[from] item: Flame Orb
|upkeep
|
|t:|1756854849
|switch|p1b: Sneasler|Sneasler, L50, F|100/100
|turn|3
|
|t:|1756854914
|move|p2b: дёҖжӢіжңҲжңҲзҶҠ|Protect|p2b: дёҖжӢіжңҲжңҲзҶҠ
|-singleturn|p2b: дёҖжӢіжңҲжңҲзҶҠ|Protect
|move|p1b: Sneasler|Fake Out|p2b: дёҖжӢіжңҲжңҲзҶҠ
|-activate|p2b: дёҖжӢіжңҲжңҲзҶҠ|move: Protect
|move|p2a: еӨӘжЁӮе·ҙжҲҲж–Ҝ|Eruption|p1a: Ceruledge|[spread] p1b
|-immune|p1a: Ceruledge|[from] ability: Flash Fire
|-enditem|p1b: Sneasler|Focus Sash
|-damage|p1b: Sneasler|1/100
|move|p1a: Ceruledge|Bulk Up|p1a: Ceruledge
|-boost|p1a: Ceruledge|atk|1
|-boost|p1a: Ceruledge|def|1
|
|-weather|SunnyDay|[upkeep]
|-heal|p1b: Sneasler|7/100|[from] Grassy Terrain
|-damage|p2b: дёҖжӢіжңҲжңҲзҶҠ|95/100 brn|[from] brn
|upkeep
|turn|4
|
|t:|1756855062
|switch|p1b: Kingambit|Kingambit, L50, M|100/100
|-terastallize|p1a: Ceruledge|Grass
|move|p2a: еӨӘжЁӮе·ҙжҲҲж–Ҝ|Eruption|p1a: Ceruledge|[spread] p1b
|-immune|p1a: Ceruledge|[from] ability: Flash Fire
|-supereffective|p1b: Kingambit
|-damage|p1b: Kingambit|0 fnt
|faint|p1b: Kingambit
|move|p2b: дёҖжӢіжңҲжңҲзҶҠ|Headlong Rush|p1a: Ceruledge
|-resisted|p1a: Ceruledge
|-damage|p1a: Ceruledge|60/100
|-unboost|p2b: дёҖжӢіжңҲжңҲзҶҠ|def|1
|-unboost|p2b: дёҖжӢіжңҲжңҲзҶҠ|spd|1
|move|p1a: Ceruledge|Bitter Blade|p2b: дёҖжӢіжңҲжңҲзҶҠ
|-damage|p2b: дёҖжӢіжңҲжңҲзҶҠ|0 fnt
|-heal|p1a: Ceruledge|100/100|[from] drain|[of] p2b: дёҖжӢіжңҲжңҲзҶҠ
|faint|p2b: дёҖжӢіжңҲжңҲзҶҠ
|
|-weather|SunnyDay|[upkeep]
|upkeep
|
|t:|1756855084
|switch|p2b: зҙ«з«Ҫж•ІеҸҜж„ӣ|Hatterene, L50, F, shiny|100/100
|switch|p1b: Sneasler|Sneasler, L50, F|7/100
|turn|5
|
|t:|1756855232
|move|p1b: Sneasler|Fake Out|p2a: еӨӘжЁӮе·ҙжҲҲж–Ҝ
|-damage|p2a: еӨӘжЁӮе·ҙжҲҲж–Ҝ|90/100
|cant|p2a: еӨӘжЁӮе·ҙжҲҲж–Ҝ|flinch
|move|p2b: зҙ«з«Ҫж•ІеҸҜж„ӣ|Dazzling Gleam|p1b: Sneasler|[spread] p1a,p1b
|-damage|p1a: Ceruledge|59/100
|-damage|p1b: Sneasler|0 fnt
|faint|p1b: Sneasler
|-damage|p2b: зҙ«з«Ҫж•ІеҸҜж„ӣ|91/100|[from] item: Life Orb
|move|p1a: Ceruledge|Bitter Blade|p2b: зҙ«з«Ҫж•ІеҸҜж„ӣ
|-damage|p2b: зҙ«з«Ҫж•ІеҸҜж„ӣ|0 fnt
|-heal|p1a: Ceruledge|99/100|[from] drain|[of] p2b: зҙ«з«Ҫж•ІеҸҜж„ӣ
|faint|p2b: зҙ«з«Ҫж•ІеҸҜж„ӣ
|
|-weather|SunnyDay|[upkeep]
|-heal|p2a: еӨӘжЁӮе·ҙжҲҲж–Ҝ|96/100|[from] Grassy Terrain
|-heal|p1a: Ceruledge|100/100|[from] Grassy Terrain
|-fieldend|move: Trick Room
|upkeep
|turn|6
|
|t:|1756855288
|move|p1a: Ceruledge|Bitter Blade|p2a: еӨӘжЁӮе·ҙжҲҲж–Ҝ
|-resisted|p2a: еӨӘжЁӮе·ҙжҲҲж–Ҝ
|-damage|p2a: еӨӘжЁӮе·ҙжҲҲж–Ҝ|38/100
|move|p2a: еӨӘжЁӮе·ҙжҲҲж–Ҝ|Eruption|p1a: Ceruledge
|-immune|p1a: Ceruledge|[from] ability: Flash Fire
|
|-weather|none
|-heal|p2a: еӨӘжЁӮе·ҙжҲҲж–Ҝ|45/100|[from] Grassy Terrain
|-fieldend|move: Grassy Terrain
|upkeep
|turn|7
|
|t:|1756855299
|move|p1a: Ceruledge|Bitter Blade|p2a: еӨӘжЁӮе·ҙжҲҲж–Ҝ
|-resisted|p2a: еӨӘжЁӮе·ҙжҲҲж–Ҝ
|-damage|p2a: еӨӘжЁӮе·ҙжҲҲж–Ҝ|3/100
|move|p2a: еӨӘжЁӮе·ҙжҲҲж–Ҝ|Eruption|p1a: Ceruledge
|-immune|p1a: Ceruledge|[from] ability: Flash Fire
|
|upkeep
|turn|8
|
|t:|1756855308
|move|p1a: Ceruledge|Bitter Blade|p2a: еӨӘжЁӮе·ҙжҲҲж–Ҝ
|-resisted|p2a: еӨӘжЁӮе·ҙжҲҲж–Ҝ
|-damage|p2a: еӨӘжЁӮе·ҙжҲҲж–Ҝ|0 fnt
|faint|p2a: еӨӘжЁӮе·ҙжҲҲж–Ҝ
|
|win|Pokefreak 92
