|j|☆buggy es el rey
|j|☆lox1sm
|html|buggy es el reylox1sm    
|uhtml|bestof|Game 2 of a best-of-3
|t:|1782313886
|gametype|doubles
|player|p1|buggy es el rey|gambler|1152
|player|p2|lox1sm|veteran|1164
|gen|9
|tier|[Gen 9 Champions] VGC 2026 Reg M-B (Bo3)
|rated|
|rule|Species Clause: Limit one of each Pokémon
|rule|Item Clause: Limit 1 of each item
|clearpoke
|poke|p1|Staraptor, L50, F|
|poke|p1|Grimmsnarl, L50, M|
|poke|p1|Sinistcha, L50|
|poke|p1|Gholdengo, L50|
|poke|p1|Aerodactyl, L50, M|
|poke|p1|Toxapex, L50, F|
|poke|p2|Charizard, L50, M|
|poke|p2|Metagross, L50|
|poke|p2|Aerodactyl, L50, F|
|poke|p2|Garchomp, L50, F|
|poke|p2|Sylveon, L50, F|
|poke|p2|Kingambit, L50, M|
|teampreview|4
|showteam|p1|Staraptor||Staraptite|Intimidate|CloseCombat,Roost,Protect,BraveBird|Adamant||F|||50|]Grimmsnarl||LightClay|Prankster|LightScreen,Reflect,PartingShot,PlayRough|Careful||M|||50|]Sinistcha||SitrusBerry|Hospitality|LifeDew,MatchaGotcha,RagePowder,TrickRoom|Bold|||||50|]Gholdengo||LifeOrb|GoodasGold|ShadowBall,MakeItRain,Thunderbolt,Protect|Timid|||||50|]Aerodactyl||Aerodactylite|Pressure|Tailwind,DualWingbeat,RockSlide,IceFang|Jolly||M|||50|]Toxapex||Leftovers|Regenerator|BanefulBunker,Infestation,Toxic,Recover|Sassy||F|||50|
|showteam|p2|Charizard||CharizarditeY|Blaze|HeatWave,WeatherBall,SolarBeam,Protect|Modest||M|||50|]Metagross||Metagrossite|ClearBody|IronHead,PsychicFangs,StompingTantrum,Protect|Jolly|||||50|]Aerodactyl||SitrusBerry|Unnerve|RockSlide,IceFang,Tailwind,WideGuard|Jolly||F|||50|]Garchomp||LifeOrb|RoughSkin|DragonClaw,Earthquake,RockSlide,Protect|Jolly||F|||50|]Sylveon||FairyFeather|Pixilate|HyperVoice,HyperBeam,QuickAttack,Protect|Modest||F|||50|]Kingambit||FocusSash|Defiant|KowtowCleave,SuckerPunch,IronHead,LowKick|Adamant||M|||50|
|inactive|Battle timer is ON: inactive players will automatically lose when time's up. (requested by lox1sm)
|
|t:|1782313953
|teamsize|p1|4
|teamsize|p2|4
|start
|switch|p1a: Gholdengo|Gholdengo, L50|100/100
|switch|p1b: Grimmsnarl|Grimmsnarl, L50, M|100/100
|switch|p2a: Aerodactyl|Aerodactyl, L50, F|100/100
|switch|p2b: Metagross|Metagross, L50|100/100
|-ability|p2a: Aerodactyl|Unnerve
|turn|1
|inactive|lox1sm has 30 seconds left.
|
|t:|1782313983
|switch|p2a: Kingambit|Kingambit, L50, M|100/100
|move|p2b: Metagross|Protect|p2b: Metagross
|-singleturn|p2b: Metagross|Protect
|move|p1b: Grimmsnarl|Parting Shot|p2b: Metagross
|-activate|p2b: Metagross|move: Protect
|move|p1a: Gholdengo|Make It Rain|p2b: Metagross|[spread] p2a
|-activate|p2b: Metagross|move: Protect
|-resisted|p2a: Kingambit|1
|-damage|p2a: Kingambit|61/100
|-unboost|p1a: Gholdengo|spa|2
|-damage|p1a: Gholdengo|90/100|[from] item: Life Orb
|
|upkeep
|turn|2
|
|t:|1782314007
|switch|p1a: Toxapex|Toxapex, L50, F|100/100
|detailschange|p2b: Metagross|Metagross-Mega, L50
|-mega|p2b: Metagross|Metagross|Metagrossite
|move|p2a: Kingambit|Sucker Punch||[still]
|-fail|p2a: Kingambit
|move|p1b: Grimmsnarl|Reflect|p1b: Grimmsnarl
|-sidestart|p1: buggy es el rey|Reflect
|move|p2b: Metagross|Psychic Fangs|p1a: Toxapex
|-sideend|p1: buggy es el rey|Reflect
|-supereffective|p1a: Toxapex|1
|-damage|p1a: Toxapex|0 fnt
|faint|p1a: Toxapex
|
|upkeep
|
|t:|1782314017
|switch|p1a: Gholdengo|Gholdengo, L50|90/100
|turn|3
|
|t:|1782314040
|move|p1a: Gholdengo|Protect|p1a: Gholdengo
|-singleturn|p1a: Gholdengo|Protect
|move|p2a: Kingambit|Sucker Punch||[still]
|-fail|p2a: Kingambit
|move|p2b: Metagross|Psychic Fangs|p1a: Gholdengo
|-activate|p1a: Gholdengo|move: Protect
|move|p1b: Grimmsnarl|Play Rough|p2a: Kingambit|[miss]
|-miss|p1b: Grimmsnarl|p2a: Kingambit
|
|upkeep
|turn|4
|inactive|buggy es el rey has 30 seconds left.
|
|t:|1782314069
|move|p2a: Kingambit|Sucker Punch|p1a: Gholdengo
|-supereffective|p1a: Gholdengo|1
|-damage|p1a: Gholdengo|0 fnt
|faint|p1a: Gholdengo
|move|p2b: Metagross|Psychic Fangs|p1b: Grimmsnarl
|-immune|p1b: Grimmsnarl
|move|p1b: Grimmsnarl|Play Rough|p2a: Kingambit
|-damage|p2a: Kingambit|27/100
|
|upkeep
|
|t:|1782314077
|switch|p1a: Staraptor|Staraptor, L50, F|100/100
|-ability|p1a: Staraptor|Intimidate|boost
|-unboost|p2a: Kingambit|atk|1
|-ability|p2a: Kingambit|Defiant|boost
|-boost|p2a: Kingambit|atk|2
|-unboost|p2b: Metagross|atk|1
|turn|5
|inactive|buggy es el rey has 30 seconds left.
|inactive|lox1sm has 30 seconds left.
|inactive|buggy es el rey has 20 seconds left.
|inactive|lox1sm has 20 seconds left.
|
|t:|1782314115
|move|p1a: Staraptor|Protect|p1a: Staraptor
|-singleturn|p1a: Staraptor|Protect
|move|p2a: Kingambit|Sucker Punch||[still]
|-fail|p2a: Kingambit
|move|p2b: Metagross|Iron Head|p1b: Grimmsnarl
|-supereffective|p1b: Grimmsnarl|1
|-damage|p1b: Grimmsnarl|15/100
|move|p1b: Grimmsnarl|Play Rough|p2a: Kingambit
|-damage|p2a: Kingambit|0 fnt
|faint|p2a: Kingambit
|
|upkeep
|
|t:|1782314138
|switch|p2a: Aerodactyl|Aerodactyl, L50, F|100/100
|-ability|p2a: Aerodactyl|Unnerve
|turn|6
|
|t:|1782314162
|detailschange|p1a: Staraptor|Staraptor-Mega, L50, F
|-mega|p1a: Staraptor|Staraptor|Staraptite
|move|p1b: Grimmsnarl|Reflect|p1b: Grimmsnarl
|-sidestart|p1: buggy es el rey|Reflect
|move|p2a: Aerodactyl|Rock Slide|p1b: Grimmsnarl|[spread] p1a,p1b
|-damage|p1a: Staraptor|85/100
|-damage|p1b: Grimmsnarl|1/100
|move|p2b: Metagross|Psychic Fangs|p1a: Staraptor
|-sideend|p1: buggy es el rey|Reflect
|-supereffective|p1a: Staraptor|1
|-damage|p1a: Staraptor|0 fnt
|faint|p1a: Staraptor
|
|upkeep
|turn|7
|-message|buggy es el rey forfeited.
|
|win|lox1sm
|raw|buggy es el rey's rating: 1152 → 1128(-24 for losing)
|raw|lox1sm's rating: 1164 → 1188(+24 for winning)
|l|☆buggy es el rey
|player|p1|
