|j|☆lox1sm
|j|☆private eyeZ
|html|lox1smprivate eyeZ    
|uhtml|bestof|Game 1 of a best-of-3
|t:|1782580268
|gametype|doubles
|player|p1|lox1sm|veteran|1197
|player|p2|private eyeZ|lass-gen4dp|1428
|gen|9
|tier|[Gen 9 Champions] VGC 2026 Reg M-B (Bo3)
|rated|
|rule|Species Clause: Limit one of each Pokémon
|rule|Item Clause: Limit 1 of each item
|clearpoke
|poke|p1|Charizard, L50, M|
|poke|p1|Metagross, L50|
|poke|p1|Aerodactyl, L50, F|
|poke|p1|Garchomp, L50, F|
|poke|p1|Kingambit, L50, F|
|poke|p1|Farigiraf, L50, F|
|poke|p2|Hydreigon, L50, M|
|poke|p2|Arcanine-Hisui, L50, F|
|poke|p2|Farigiraf, L50, F|
|poke|p2|Grimmsnarl, L50, M|
|poke|p2|Staraptor, L50, M|
|poke|p2|Mawile, L50, M|
|teampreview|4
|showteam|p1|Charizard||CharizarditeY|Blaze|HeatWave,WeatherBall,SolarBeam,Protect|Modest||M|||50|]Metagross||Metagrossite|ClearBody|IronHead,PsychicFangs,StompingTantrum,Protect|Jolly|||||50|]Aerodactyl||SitrusBerry|Unnerve|RockSlide,IceFang,Tailwind,Protect|Jolly||F|||50|]Garchomp||LifeOrb|RoughSkin|DragonClaw,Earthquake,RockSlide,Protect|Jolly||F|||50|]Kingambit||FocusSash|Defiant|KowtowCleave,SuckerPunch,IronHead,LowKick|Adamant||F|||50|]Farigiraf||ExpertBelt|ArmorTail|Psychic,DazzlingGleam,Thunderbolt,TrickRoom|Modest||F|||50|
|showteam|p2|Hydreigon||HabanBerry|Levitate|DarkPulse,DracoMeteor,Protect,EarthPower|Timid||M|||50|]Arcanine-Hisui||FocusSash|RockHead|HeadSmash,FlareBlitz,Protect,ExtremeSpeed|Jolly||F|||50|]Farigiraf||SitrusBerry|ArmorTail|Thunderbolt,Psychic,Protect,TrickRoom|Sassy||F|||50|]Grimmsnarl||RoseliBerry|Prankster|PlayRough,FakeOut,PartingShot,ScaryFace|Impish||M|||50|]Staraptor||Staraptite|Intimidate|CloseCombat,BraveBird,Roost,Protect|Jolly||M|||50|]Mawile||Mawilite|HyperCutter|PlayRough,RockSlide,Protect,SuckerPunch|Adamant||M|||50|
|inactive|Battle timer is ON: inactive players will automatically lose when time's up. (requested by private eyeZ)
|inactive|lox1sm has 60 seconds left.
|inactive|lox1sm has 30 seconds left.
|inactive|lox1sm has 20 seconds left.
|inactive|lox1sm has 15 seconds left.
|inactive|lox1sm has 10 seconds left.
|inactive|lox1sm has 5 seconds left.
|
|t:|1782580421
|teamsize|p1|4
|teamsize|p2|4
|start
|switch|p1a: Kingambit|Kingambit, L50, F|100/100
|switch|p1b: Metagross|Metagross, L50|100/100
|switch|p2a: Farigiraf|Farigiraf, L50, F|100/100
|switch|p2b: Hydreigon|Hydreigon, L50, M|100/100
|turn|1
|
|t:|1782580445
|switch|p2a: Mawile|Mawile, L50, M|100/100
|detailschange|p1b: Metagross|Metagross-Mega, L50
|-mega|p1b: Metagross|Metagross|Metagrossite
|move|p1b: Metagross|Iron Head|p2a: Mawile
|-damage|p2a: Mawile|30/100
|move|p2b: Hydreigon|Earth Power|p1a: Kingambit
|-supereffective|p1a: Kingambit|1
|-damage|p1a: Kingambit|23/100
|move|p1a: Kingambit|Kowtow Cleave|p2a: Mawile
|-resisted|p2a: Mawile|1
|-damage|p2a: Mawile|0 fnt
|faint|p2a: Mawile
|
|upkeep
|
|t:|1782580456
|switch|p2a: Farigiraf|Farigiraf, L50, F|100/100
|turn|2
|inactive|lox1sm has 30 seconds left.
|
|t:|1782580485
|switch|p1a: Aerodactyl|Aerodactyl, L50, F|100/100
|-ability|p1a: Aerodactyl|Unnerve
|move|p1b: Metagross|Iron Head|p2b: Hydreigon
|-damage|p2b: Hydreigon|30/100
|move|p2b: Hydreigon|Earth Power|p1a: Aerodactyl
|-immune|p1a: Aerodactyl
|move|p2a: Farigiraf|Trick Room|p2a: Farigiraf
|-fieldstart|move: Trick Room|[of] p2a: Farigiraf
|
|upkeep
|turn|3
|
|t:|1782580509
|move|p1b: Metagross|Protect|p1b: Metagross
|-singleturn|p1b: Metagross|Protect
|move|p2a: Farigiraf|Thunderbolt|p1b: Metagross
|-activate|p1b: Metagross|move: Protect
|move|p2b: Hydreigon|Dark Pulse|p1b: Metagross
|-activate|p1b: Metagross|move: Protect
|move|p1a: Aerodactyl|Rock Slide|p2b: Hydreigon|[spread] p2a,p2b
|-damage|p2a: Farigiraf|81/100
|-damage|p2b: Hydreigon|8/100
|
|upkeep
|turn|4
|inactive|lox1sm has 30 seconds left.
|
|t:|1782580535
|switch|p1b: Kingambit|Kingambit, L50, F|23/100
|move|p1a: Aerodactyl|Protect|p1a: Aerodactyl
|-singleturn|p1a: Aerodactyl|Protect
|move|p2a: Farigiraf|Thunderbolt|p1b: Kingambit
|-damage|p1b: Kingambit|0 fnt
|faint|p1b: Kingambit
|move|p2b: Hydreigon|Dark Pulse|p1a: Aerodactyl
|-activate|p1a: Aerodactyl|move: Protect
|
|upkeep
|
|t:|1782580550
|switch|p1b: Farigiraf|Farigiraf, L50, F|100/100
|turn|5
|
|t:|1782580574
|move|p2a: Farigiraf|Thunderbolt|p1a: Aerodactyl
|-supereffective|p1a: Aerodactyl|1
|-damage|p1a: Aerodactyl|47/100
|-enditem|p1a: Aerodactyl|Sitrus Berry|[eat]
|-heal|p1a: Aerodactyl|71/100|[from] item: Sitrus Berry
|move|p2b: Hydreigon|Dark Pulse|p1a: Aerodactyl
|-crit|p1a: Aerodactyl
|-damage|p1a: Aerodactyl|0 fnt
|faint|p1a: Aerodactyl
|move|p1b: Farigiraf|Trick Room|p1b: Farigiraf
|-fieldend|move: Trick Room
|
|upkeep
|
|t:|1782580585
|switch|p1a: Metagross|Metagross-Mega, L50|100/100
|turn|6
|
|t:|1782580601
|move|p1a: Metagross|Iron Head|p2a: Farigiraf
|-damage|p2a: Farigiraf|29/100
|-enditem|p2a: Farigiraf|Sitrus Berry|[eat]
|-heal|p2a: Farigiraf|54/100|[from] item: Sitrus Berry
|move|p2b: Hydreigon|Dark Pulse|p1b: Farigiraf
|-supereffective|p1b: Farigiraf|1
|-damage|p1b: Farigiraf|14/100
|cant|p1b: Farigiraf|flinch
|move|p2a: Farigiraf|Thunderbolt|p1a: Metagross
|-damage|p1a: Metagross|75/100
|
|upkeep
|turn|7
|
|t:|1782580624
|move|p1a: Metagross|Iron Head|p2a: Farigiraf
|-damage|p2a: Farigiraf|2/100
|move|p2b: Hydreigon|Dark Pulse|p1a: Metagross
|-supereffective|p1a: Metagross|1
|-damage|p1a: Metagross|0 fnt
|faint|p1a: Metagross
|move|p1b: Farigiraf|Dazzling Gleam|p2a: Farigiraf|[spread] p2a,p2b
|-supereffective|p2b: Hydreigon|2
|-damage|p2a: Farigiraf|0 fnt
|-damage|p2b: Hydreigon|0 fnt
|faint|p2a: Farigiraf
|faint|p2b: Hydreigon
|
|upkeep
|
|t:|1782580629
|switch|p2b: Arcanine|Arcanine-Hisui, L50, F|100/100
|turn|8
|
|t:|1782580641
|move|p2b: Arcanine|Flare Blitz|p1b: Farigiraf
|-damage|p1b: Farigiraf|0 fnt
|faint|p1b: Farigiraf
|
|win|private eyeZ
||private eyeZ is ready for game 2.
||lox1sm is ready for game 2.
|uhtml|next|Next: Game 2 of 3
