|j|☆nicven
|j|☆WestyLiam
|html|nicvenWestyLiam    
|uhtml|bestof|Game 2 of a best-of-3
|t:|1756205137
|gametype|doubles
|player|p1|nicven|2|1466
|player|p2|WestyLiam|2|1437
|gen|9
|tier|[Gen 9] VGC 2025 Reg H (Bo3)
|rated|
|rule|Species Clause: Limit one of each Pokémon
|rule|Item Clause: Limit 1 of each item
|clearpoke
|poke|p1|Gholdengo, L50|
|poke|p1|Rillaboom, L50, F|
|poke|p1|Dragonite, L50, F|
|poke|p1|Ninetales-Alola, L50, M|
|poke|p1|Annihilape, L50, F|
|poke|p1|Magmar, L50, M|
|poke|p2|Garchomp, L50, F|
|poke|p2|Jumpluff, L50, M|
|poke|p2|Torkoal, L50, M|
|poke|p2|Dragonite, L50, F|
|poke|p2|Kingambit, L50, M|
|poke|p2|Typhlosion-Hisui, L50, F|
|teampreview|4
|showteam|p1|Gholdengo||GrassySeed|GoodasGold|MakeItRain,ShadowBall,NastyPlot,Protect||||||50|,,,,,Water]Rillaboom||AssaultVest|GrassySurge|DrumBeating,GrassyGlide,FakeOut,HighHorsepower|||F|||50|,,,,,Fire]Dragonite||LoadedDice|Multiscale|ScaleShot,StompingTantrum,Tailwind,Protect|||F|||50|,,,,,Ground]Ninetales-Alola||FocusSash|SnowWarning|Blizzard,AuroraVeil,IcicleSpear,IcyWind|||M|||50|,,,,,Ghost]Annihilape||SafetyGoggles|Defiant|RageFist,DrainPunch,BulkUp,Protect|||F|||50|,,,,,Fire]Magmar||Eviolite|FlameBody|HeatWave,ClearSmog,FollowMe,Protect|||M|||50|,,,,,Grass
|showteam|p2|Garchomp||LifeOrb|RoughSkin|DragonClaw,StompingTantrum,Earthquake,Protect|||F|||50|,,,,,Fairy]Jumpluff||CovertCloak|Chlorophyll|LeafStorm,SleepPowder,Encore,Tailwind|||M|||50|,,,,,Poison]Torkoal||EjectPack|Drought|Overheat,BurningJealousy,HelpingHand,Protect|||M|||50|,,,,,Flying]Dragonite||LoadedDice|Multiscale|ScaleShot,ExtremeSpeed,IceSpinner,Protect|||F|||50|,,,,,Fairy]Kingambit||AssaultVest|Defiant|IronHead,SuckerPunch,Assurance,LowKick|||M|||50|,,,,,Flying]Typhlosion-Hisui||ChoiceSpecs|Blaze|Eruption,ShadowBall,HeatWave,Overheat|||F|||50|,,,,,Fire
|inactive|Battle timer is ON: inactive players will automatically lose when time's up. (requested by WestyLiam)
|inactive|nicven has 60 seconds left.
|inactive|nicven has 30 seconds left.
|inactive|nicven has 20 seconds left.
|inactive|nicven has 15 seconds left.
|
|t:|1756205240
|teamsize|p1|4
|teamsize|p2|4
|start
|switch|p1a: Gholdengo|Gholdengo, L50|100/100
|switch|p1b: Rillaboom|Rillaboom, L50, F|100/100
|switch|p2a: Jumpluff|Jumpluff, L50, M|100/100
|switch|p2b: Torkoal|Torkoal, L50, M|100/100
|-fieldstart|move: Grassy Terrain|[from] ability: Grassy Surge|[of] p1b: Rillaboom
|-enditem|p1a: Gholdengo|Grassy Seed
|-boost|p1a: Gholdengo|def|1|[from] item: Grassy Seed
|-weather|SunnyDay|[from] ability: Drought|[of] p2b: Torkoal
|turn|1
|inactive|nicven has 30 seconds left.
|inactive|WestyLiam has 30 seconds left.
|
|t:|1756205273
|-terastallize|p2b: Torkoal|Flying
|move|p2a: Jumpluff|Tailwind|p2a: Jumpluff
|-sidestart|p2: WestyLiam|move: Tailwind
|move|p1b: Rillaboom|Drum Beating|p2b: Torkoal
|-resisted|p2b: Torkoal
|-damage|p2b: Torkoal|84/100
|-unboost|p2b: Torkoal|spe|1
|-enditem|p2b: Torkoal|Eject Pack
|
|t:|1756205280
|switch|p2b: Kingambit|Kingambit, L50, M|100/100
|move|p1a: Gholdengo|Shadow Ball|p2b: Kingambit
|-resisted|p2b: Kingambit
|-damage|p2b: Kingambit|87/100
|
|-weather|SunnyDay|[upkeep]
|-heal|p2b: Kingambit|93/100|[from] Grassy Terrain
|upkeep
|turn|2
|
|t:|1756205301
|-terastallize|p1a: Gholdengo|Water
|move|p2a: Jumpluff|Encore|p1b: Rillaboom
|-start|p1b: Rillaboom|Encore
|move|p2b: Kingambit|Iron Head|p1b: Rillaboom
|-damage|p1b: Rillaboom|52/100
|move|p1b: Rillaboom|Drum Beating|p2b: Kingambit
|-resisted|p2b: Kingambit
|-damage|p2b: Kingambit|73/100
|-unboost|p2b: Kingambit|spe|1
|-ability|p2b: Kingambit|Defiant|boost
|-boost|p2b: Kingambit|atk|2
|move|p1a: Gholdengo|Nasty Plot|p1a: Gholdengo
|-boost|p1a: Gholdengo|spa|2
|
|-weather|SunnyDay|[upkeep]
|-heal|p1b: Rillaboom|58/100|[from] Grassy Terrain
|-heal|p2b: Kingambit|79/100|[from] Grassy Terrain
|upkeep
|turn|3
|
|t:|1756205324
|switch|p1b: Ninetales|Ninetales-Alola, L50, M|100/100
|-weather|Snowscape|[from] ability: Snow Warning|[of] p1b: Ninetales
|move|p2a: Jumpluff|Sleep Powder|p1b: Ninetales|[miss]
|-miss|p2a: Jumpluff|p1b: Ninetales
|move|p1a: Gholdengo|Make It Rain|p2a: Jumpluff|[spread] p2a,p2b
|-resisted|p2b: Kingambit
|-damage|p2a: Jumpluff|14/100
|-damage|p2b: Kingambit|49/100
|-unboost|p1a: Gholdengo|spa|1
|move|p2b: Kingambit|Assurance|p1a: Gholdengo
|-damage|p1a: Gholdengo|53/100
|
|-weather|Snowscape|[upkeep]
|-heal|p1a: Gholdengo|59/100|[from] Grassy Terrain
|-heal|p2b: Kingambit|55/100|[from] Grassy Terrain
|upkeep
|turn|4
|inactive|nicven has 30 seconds left.
|
|t:|1756205354
|switch|p2a: Torkoal|Torkoal, L50, M, tera:Flying|84/100
|-weather|SunnyDay|[from] ability: Drought|[of] p2a: Torkoal
|move|p1a: Gholdengo|Protect|p1a: Gholdengo
|-singleturn|p1a: Gholdengo|Protect
|move|p2b: Kingambit|Sucker Punch||[still]
|-fail|p2b: Kingambit
|move|p1b: Ninetales|Blizzard|p2b: Kingambit|[spread] 
|-miss|p1b: Ninetales|p2a: Torkoal
|-miss|p1b: Ninetales|p2b: Kingambit
|
|-weather|SunnyDay|[upkeep]
|-heal|p1a: Gholdengo|65/100|[from] Grassy Terrain
|-heal|p2b: Kingambit|62/100|[from] Grassy Terrain
|-sideend|p2: WestyLiam|move: Tailwind
|upkeep
|turn|5
|inactive|nicven has 30 seconds left.
|inactive|nicven has 20 seconds left.
|inactive|nicven has 15 seconds left.
|inactive|nicven has 10 seconds left.
|
|t:|1756205403
|switch|p1b: Rillaboom|Rillaboom, L50, F|58/100
|move|p2a: Torkoal|Helping Hand|p2b: Kingambit
|-singleturn|p2b: Kingambit|Helping Hand|[of] p2a: Torkoal
|move|p2b: Kingambit|Sucker Punch|p1a: Gholdengo
|-damage|p1a: Gholdengo|0 fnt
|faint|p1a: Gholdengo
|
|-weather|SunnyDay|[upkeep]
|-heal|p1b: Rillaboom|64/100|[from] Grassy Terrain
|-heal|p2b: Kingambit|68/100|[from] Grassy Terrain
|-fieldend|move: Grassy Terrain
|upkeep
|
|t:|1756205424
|switch|p1a: Dragonite|Dragonite, L50, F|100/100
|turn|6
|
|t:|1756205437
|move|p1b: Rillaboom|Fake Out|p2b: Kingambit
|-resisted|p2b: Kingambit
|-damage|p2b: Kingambit|64/100
|move|p1a: Dragonite|Stomping Tantrum|p2b: Kingambit
|-supereffective|p2b: Kingambit
|-damage|p2b: Kingambit|15/100
|cant|p2b: Kingambit|flinch
|move|p2a: Torkoal|Burning Jealousy|p1a: Dragonite|[spread] p1a,p1b
|-resisted|p1a: Dragonite
|-supereffective|p1b: Rillaboom
|-damage|p1a: Dragonite|93/100
|-damage|p1b: Rillaboom|13/100
|
|-weather|SunnyDay|[upkeep]
|upkeep
|turn|7
|
|t:|1756205457
|move|p1a: Dragonite|Protect|p1a: Dragonite
|-singleturn|p1a: Dragonite|Protect
|move|p2b: Kingambit|Sucker Punch||[still]
|-fail|p2b: Kingambit
|move|p1b: Rillaboom|High Horsepower|p2b: Kingambit
|-supereffective|p2b: Kingambit
|-damage|p2b: Kingambit|0 fnt
|faint|p2b: Kingambit
|move|p2a: Torkoal|Burning Jealousy|p1b: Rillaboom|[spread] p1b
|-activate|p1a: Dragonite|move: Protect
|-supereffective|p1b: Rillaboom
|-damage|p1b: Rillaboom|0 fnt
|faint|p1b: Rillaboom
|
|-weather|SunnyDay|[upkeep]
|upkeep
|
|t:|1756205470
|switch|p1b: Ninetales|Ninetales-Alola, L50, M|100/100
|switch|p2b: Jumpluff|Jumpluff, L50, M|14/100
|-weather|Snowscape|[from] ability: Snow Warning|[of] p1b: Ninetales
|turn|8
|
|t:|1756205480
|switch|p2a: Typhlosion|Typhlosion-Hisui, L50, F|100/100
|move|p2b: Jumpluff|Encore|p1a: Dragonite
|-start|p1a: Dragonite|Encore
|move|p1b: Ninetales|Blizzard|p2b: Jumpluff|[spread] p2a,p2b
|-resisted|p2a: Typhlosion
|-supereffective|p2b: Jumpluff
|-crit|p2b: Jumpluff
|-damage|p2a: Typhlosion|80/100
|-damage|p2b: Jumpluff|0 fnt
|faint|p2b: Jumpluff
|move|p1a: Dragonite|Protect||[still]
|-fail|p1a: Dragonite
|
|-weather|Snowscape|[upkeep]
|upkeep
|
|t:|1756205482
|switch|p2b: Torkoal|Torkoal, L50, M, tera:Flying|84/100
|-weather|SunnyDay|[from] ability: Drought|[of] p2b: Torkoal
|turn|9
|inactive|nicven has 30 seconds left.
|inactive|nicven has 20 seconds left.
|inactive|nicven has 15 seconds left.
|inactive|nicven has 10 seconds left.
|inactive|nicven has 5 seconds left.
|
|t:|1756205532
|move|p1a: Dragonite|Protect|p1a: Dragonite
|-singleturn|p1a: Dragonite|Protect
|move|p1b: Ninetales|Icy Wind|p2b: Torkoal|[spread] p2a,p2b
|-resisted|p2a: Typhlosion
|-supereffective|p2b: Torkoal
|-damage|p2a: Typhlosion|70/100
|-damage|p2b: Torkoal|38/100
|-unboost|p2a: Typhlosion|spe|1
|-unboost|p2b: Torkoal|spe|1
|move|p2a: Typhlosion|Heat Wave|p1a: Dragonite|[spread] p1b
|-activate|p1a: Dragonite|move: Protect
|-supereffective|p1b: Ninetales
|-enditem|p1b: Ninetales|Focus Sash
|-damage|p1b: Ninetales|1/100
|move|p2b: Torkoal|Burning Jealousy|p1a: Dragonite|[spread] p1b
|-activate|p1a: Dragonite|move: Protect
|-supereffective|p1b: Ninetales
|-damage|p1b: Ninetales|0 fnt
|faint|p1b: Ninetales
|
|-weather|SunnyDay|[upkeep]
|upkeep
|turn|10
|
|t:|1756205552
|move|p1a: Dragonite|Protect||[still]
|-fail|p1a: Dragonite
|move|p2a: Typhlosion|Heat Wave|p1a: Dragonite
|-resisted|p1a: Dragonite
|-damage|p1a: Dragonite|37/100
|move|p2b: Torkoal|Overheat|p1a: Dragonite
|-resisted|p1a: Dragonite
|-damage|p1a: Dragonite|0 fnt
|-unboost|p2b: Torkoal|spa|2
|faint|p1a: Dragonite
|
|win|WestyLiam
|raw|nicven's rating: 1466 → 1444(-22 for losing)
|raw|WestyLiam's rating: 1437 → 1459(+22 for winning)
|c|☆nicven|gg
|c|☆WestyLiam|Gg
