|j|☆spellbreakvgc
|j|☆iLouca
|html|spellbreakvgciLouca    
|uhtml|bestof|Game 2 of a best-of-3
|t:|1757929050
|gametype|doubles
|player|p1|spellbreakvgc|lance|1111
|player|p2|iLouca|acetrainer|1065
|gen|9
|tier|[Gen 9] VGC 2025 Reg H (Bo3)
|rated|
|rule|Species Clause: Limit one of each Pokémon
|rule|Item Clause: Limit 1 of each item
|clearpoke
|poke|p1|Grimmsnarl, L50, M|
|poke|p1|Incineroar, L50, F|
|poke|p1|Umbreon, L50, F|
|poke|p1|Rillaboom, L50, M|
|poke|p1|Archaludon, L50, F|
|poke|p1|Pelipper, L50, M|
|poke|p2|Charizard, L50, M|
|poke|p2|Dragapult, L50, M|
|poke|p2|Gholdengo, L50|
|poke|p2|Ursaluna, L50, M|
|poke|p2|Whimsicott, L50, F|
|poke|p2|Tyranitar, L50, M|
|teampreview|4
|showteam|p1|Grimmsnarl||LightClay|Prankster|PartingShot,LightScreen,Reflect,SpiritBreak|||M|||50|,,,,,Ghost]Incineroar||SafetyGoggles|Intimidate|PartingShot,FakeOut,KnockOff,Roar|||F|||50|,,,,,Water]Umbreon||Leftovers|InnerFocus|Snarl,Protect,LightScreen,Toxic|||F|||50|,,,,,Poison]Rillaboom||LoadedDice|GrassySurge|FakeOut,Uproar,BulletSeed,Protect|||M|||50|,,,,,Fire]Archaludon||AssaultVest|Stamina|Snarl,BreakingSwipe,BodyPress,ElectroShot|||F|||50|,,,,,Fighting]Pelipper||FocusSash|Drizzle|Tailwind,Hurricane,WeatherBall,Protect|||M|||50|,,,,,Ground
|showteam|p2|Charizard||LifeOrb|SolarPower|HeatWave,AirSlash,SolarBeam,Protect|||M|||50|,,,,,Fire]Dragapult||ChoiceBand|ClearBody|DragonDarts,PhantomForce,TeraBlast,Uturn|||M|||50|,,,,,Ghost]Gholdengo||MetalCoat|GoodasGold|MakeItRain,ShadowBall,NastyPlot,Protect||||||50|,,,,,Water]Ursaluna||FlameOrb|Guts|Facade,HeadlongRush,Earthquake,Protect|||M|||50|,,,,,Ghost]Whimsicott||CovertCloak|Prankster|Moonblast,Encore,SunnyDay,Tailwind|||F|||50|,,,,,Dark]Tyranitar||ClearAmulet|SandStream|RockSlide,KnockOff,TeraBlast,Protect|||M|||50|,,,,,Flying
|inactive|Battle timer is ON: inactive players will automatically lose when time's up. (requested by spellbreakvgc)
|
|t:|1757929076
|teamsize|p1|4
|teamsize|p2|4
|start
|switch|p1a: Incineroar|Incineroar, L50, F|100/100
|switch|p1b: Umbreon|Umbreon, L50, F|100/100
|switch|p2a: Dragapult|Dragapult, L50, M|100/100
|switch|p2b: Tyranitar|Tyranitar, L50, M|100/100
|-weather|Sandstorm|[from] ability: Sand Stream|[of] p2b: Tyranitar
|-ability|p1a: Incineroar|Intimidate|boost
|-fail|p2a: Dragapult|unboost|[from] ability: Clear Body|[of] p2a: Dragapult
|-fail|p2b: Tyranitar|unboost|[from] item: Clear Amulet|[of] p2b: Tyranitar
|turn|1
|
|t:|1757929097
|move|p2b: Tyranitar|Protect|p2b: Tyranitar
|-singleturn|p2b: Tyranitar|Protect
|move|p2a: Dragapult|Dragon Darts|p1a: Incineroar
|-damage|p1a: Incineroar|65/100
|-anim|p2a: Dragapult|Dragon Darts|p1b: Umbreon
|-damage|p1b: Umbreon|69/100
|move|p1b: Umbreon|Toxic|p2b: Tyranitar
|-activate|p2b: Tyranitar|move: Protect
|move|p1a: Incineroar|Knock Off|p2a: Dragapult
|-supereffective|p2a: Dragapult
|-damage|p2a: Dragapult|0 fnt
|-enditem|p2a: Dragapult|Choice Band|[from] move: Knock Off|[of] p1a: Incineroar
|faint|p2a: Dragapult
|
|-weather|Sandstorm|[upkeep]
|-damage|p1b: Umbreon|63/100|[from] Sandstorm
|-heal|p1b: Umbreon|69/100|[from] item: Leftovers
|upkeep
|
|t:|1757929116
|switch|p2a: Whimsicott|Whimsicott, L50, F|100/100
|turn|2
|
|t:|1757929132
|-terastallize|p1a: Incineroar|Water
|move|p2a: Whimsicott|Tailwind|p2a: Whimsicott
|-sidestart|p2: iLouca|move: Tailwind
|move|p2b: Tyranitar|Rock Slide|p1b: Umbreon|[spread] p1a,p1b
|-damage|p1a: Incineroar|32/100
|-damage|p1b: Umbreon|42/100
|move|p1b: Umbreon|Toxic|p2a: Whimsicott
|-status|p2a: Whimsicott|tox
|cant|p1a: Incineroar|flinch
|
|-weather|Sandstorm|[upkeep]
|-damage|p2a: Whimsicott|95/100 tox|[from] Sandstorm
|-damage|p1b: Umbreon|36/100|[from] Sandstorm
|-heal|p1b: Umbreon|42/100|[from] item: Leftovers
|-damage|p2a: Whimsicott|89/100 tox|[from] psn
|upkeep
|turn|3
|
|t:|1757929150
|move|p1b: Umbreon|Protect|p1b: Umbreon
|-singleturn|p1b: Umbreon|Protect
|move|p2a: Whimsicott|Moonblast|p1a: Incineroar
|-damage|p1a: Incineroar|12/100
|-unboost|p1a: Incineroar|spa|1
|move|p2b: Tyranitar|Rock Slide|p1a: Incineroar|[spread] p1a
|-activate|p1b: Umbreon|move: Protect
|-damage|p1a: Incineroar|0 fnt
|faint|p1a: Incineroar
|
|-weather|Sandstorm|[upkeep]
|-damage|p2a: Whimsicott|83/100 tox|[from] Sandstorm
|-damage|p1b: Umbreon|36/100|[from] Sandstorm
|-heal|p1b: Umbreon|42/100|[from] item: Leftovers
|-damage|p2a: Whimsicott|71/100 tox|[from] psn
|upkeep
|
|t:|1757929168
|switch|p1a: Grimmsnarl|Grimmsnarl, L50, M|100/100
|turn|4
|
|t:|1757929178
|move|p1a: Grimmsnarl|Reflect|p1a: Grimmsnarl
|-sidestart|p1: spellbreakvgc|Reflect
|move|p2a: Whimsicott|Moonblast|p1a: Grimmsnarl
|-supereffective|p1a: Grimmsnarl
|-damage|p1a: Grimmsnarl|47/100
|move|p2b: Tyranitar|Rock Slide|p1b: Umbreon|[spread] p1a,p1b
|-damage|p1a: Grimmsnarl|28/100
|-damage|p1b: Umbreon|25/100
|move|p1b: Umbreon|Toxic|p2b: Tyranitar
|-status|p2b: Tyranitar|tox
|
|-weather|Sandstorm|[upkeep]
|-damage|p2a: Whimsicott|65/100 tox|[from] Sandstorm
|-damage|p1b: Umbreon|19/100|[from] Sandstorm
|-damage|p1a: Grimmsnarl|22/100|[from] Sandstorm
|-heal|p1b: Umbreon|25/100|[from] item: Leftovers
|-damage|p2a: Whimsicott|47/100 tox|[from] psn
|-damage|p2b: Tyranitar|94/100 tox|[from] psn
|upkeep
|turn|5
|
|t:|1757929199
|move|p1b: Umbreon|Protect|p1b: Umbreon
|-singleturn|p1b: Umbreon|Protect
|move|p1a: Grimmsnarl|Light Screen|p1a: Grimmsnarl
|-sidestart|p1: spellbreakvgc|move: Light Screen
|move|p2a: Whimsicott|Moonblast|p1a: Grimmsnarl
|-supereffective|p1a: Grimmsnarl
|-damage|p1a: Grimmsnarl|0 fnt
|faint|p1a: Grimmsnarl
|move|p2b: Tyranitar|Rock Slide|p1b: Umbreon
|-activate|p1b: Umbreon|move: Protect
|
|-weather|none
|-heal|p1b: Umbreon|31/100|[from] item: Leftovers
|-damage|p2a: Whimsicott|23/100 tox|[from] psn
|-damage|p2b: Tyranitar|82/100 tox|[from] psn
|-sideend|p2: iLouca|move: Tailwind
|upkeep
|
|t:|1757929212
|switch|p1a: Pelipper|Pelipper, L50, M|100/100
|-weather|RainDance|[from] ability: Drizzle|[of] p1a: Pelipper
|turn|6
|
|t:|1757929227
|move|p1b: Umbreon|Protect|p1b: Umbreon
|-singleturn|p1b: Umbreon|Protect
|move|p2a: Whimsicott|Tailwind|p2a: Whimsicott
|-sidestart|p2: iLouca|move: Tailwind
|move|p2b: Tyranitar|Rock Slide|p1b: Umbreon|[spread] p1a
|-activate|p1b: Umbreon|move: Protect
|-supereffective|p1a: Pelipper
|-damage|p1a: Pelipper|43/100
|cant|p1a: Pelipper|flinch
|
|-weather|RainDance|[upkeep]
|-heal|p1b: Umbreon|37/100|[from] item: Leftovers
|-damage|p2a: Whimsicott|0 fnt|[from] psn
|faint|p2a: Whimsicott
|-damage|p2b: Tyranitar|63/100 tox|[from] psn
|upkeep
|
|t:|1757929244
|switch|p2a: Charizard|Charizard, L50, M|100/100
|turn|7
|
|t:|1757929254
|-terastallize|p2b: Tyranitar|Flying
|move|p1a: Pelipper|Protect|p1a: Pelipper
|-singleturn|p1a: Pelipper|Protect
|move|p2a: Charizard|Heat Wave|p1b: Umbreon|[spread] p1b
|-activate|p1a: Pelipper|move: Protect
|-damage|p1b: Umbreon|29/100
|-damage|p2a: Charizard|91/100|[from] item: Life Orb
|move|p2b: Tyranitar|Rock Slide|p1a: Pelipper|[spread] p1b
|-activate|p1a: Pelipper|move: Protect
|-damage|p1b: Umbreon|11/100
|move|p1b: Umbreon|Snarl|p2b: Tyranitar|[spread] p2a
|-miss|p1b: Umbreon|p2b: Tyranitar
|-damage|p2a: Charizard|79/100
|-unboost|p2a: Charizard|spa|1
|
|-weather|RainDance|[upkeep]
|-heal|p1b: Umbreon|17/100|[from] item: Leftovers
|-damage|p2b: Tyranitar|38/100 tox|[from] psn
|upkeep
|turn|8
|inactive|spellbreakvgc has 30 seconds left.
|
|t:|1757929283
|move|p1b: Umbreon|Protect|p1b: Umbreon
|-singleturn|p1b: Umbreon|Protect
|move|p2a: Charizard|Heat Wave|p1b: Umbreon|[spread] p1a
|-activate|p1b: Umbreon|move: Protect
|-resisted|p1a: Pelipper
|-damage|p1a: Pelipper|35/100
|-damage|p2a: Charizard|69/100|[from] item: Life Orb
|move|p2b: Tyranitar|Rock Slide|p1b: Umbreon|[spread] p1a
|-activate|p1b: Umbreon|move: Protect
|-supereffective|p1a: Pelipper
|-damage|p1a: Pelipper|0 fnt
|faint|p1a: Pelipper
|
|-weather|RainDance|[upkeep]
|-heal|p1b: Umbreon|23/100|[from] item: Leftovers
|-damage|p2b: Tyranitar|7/100 tox|[from] psn
|upkeep
|turn|9
|
|t:|1757929307
|move|p1b: Umbreon|Protect|p1b: Umbreon
|-singleturn|p1b: Umbreon|Protect
|move|p2a: Charizard|Air Slash|p1b: Umbreon
|-activate|p1b: Umbreon|move: Protect
|move|p2b: Tyranitar|Tera Blast|p1b: Umbreon|[anim] Tera Blast Flying
|-activate|p1b: Umbreon|move: Protect
|
|-weather|RainDance|[upkeep]
|-heal|p1b: Umbreon|29/100|[from] item: Leftovers
|-damage|p2b: Tyranitar|0 fnt|[from] psn
|faint|p2b: Tyranitar
|-sideend|p2: iLouca|move: Tailwind
|upkeep
|turn|10
|
|t:|1757929321
|move|p2a: Charizard|Air Slash|p1b: Umbreon
|-damage|p1b: Umbreon|19/100
|-damage|p2a: Charizard|60/100|[from] item: Life Orb
|move|p1b: Umbreon|Snarl|p2a: Charizard
|-damage|p2a: Charizard|45/100
|-unboost|p2a: Charizard|spa|1
|
|-weather|none
|-heal|p1b: Umbreon|25/100|[from] item: Leftovers
|upkeep
|turn|11
|
|t:|1757929333
|move|p2a: Charizard|Heat Wave|p1b: Umbreon
|-damage|p1b: Umbreon|15/100
|-damage|p2a: Charizard|36/100|[from] item: Life Orb
|move|p1b: Umbreon|Snarl|p2a: Charizard
|-damage|p2a: Charizard|20/100
|-unboost|p2a: Charizard|spa|1
|
|-heal|p1b: Umbreon|21/100|[from] item: Leftovers
|-sideend|p1: spellbreakvgc|Reflect
|upkeep
|turn|12
|
|t:|1757929349
|move|p2a: Charizard|Heat Wave|p1b: Umbreon
|-damage|p1b: Umbreon|12/100
|-damage|p2a: Charizard|10/100|[from] item: Life Orb
|move|p1b: Umbreon|Toxic|p2a: Charizard
|-status|p2a: Charizard|tox
|
|-heal|p1b: Umbreon|18/100|[from] item: Leftovers
|-damage|p2a: Charizard|4/100 tox|[from] psn
|-sideend|p1: spellbreakvgc|move: Light Screen
|upkeep
|turn|13
|
|t:|1757929359
|move|p1b: Umbreon|Protect|p1b: Umbreon
|-singleturn|p1b: Umbreon|Protect
|move|p2a: Charizard|Heat Wave|p1b: Umbreon
|-activate|p1b: Umbreon|move: Protect
|
|-heal|p1b: Umbreon|24/100|[from] item: Leftovers
|-damage|p2a: Charizard|0 fnt|[from] psn
|faint|p2a: Charizard
|
|win|spellbreakvgc
||spellbreakvgc is ready for game 3.
|inactive|iLouca has 30 seconds to confirm battle start!
||iLouca is ready for game 3.
|uhtml|next|Next: Game 3 of 3
