|j|☆piedi nei piedi
|j|☆88ccz3
|html|piedi nei piedi88ccz3    
|uhtml|bestof|Game 1 of a best-of-3
|t:|1757674207
|gametype|doubles
|player|p1|piedi nei piedi|beni-ninja|1045
|player|p2|88ccz3|iris-gen5bw2|1020
|gen|9
|tier|[Gen 9] VGC 2025 Reg H (Bo3)
|rated|
|rule|Species Clause: Limit one of each Pokémon
|rule|Item Clause: Limit 1 of each item
|clearpoke
|poke|p1|Ninetales-Alola, L50, M|
|poke|p1|Weezing, L50, M|
|poke|p1|Flamigo, L50, F|
|poke|p1|Toedscruel, L50, F|
|poke|p1|Typhlosion, L50, F|
|poke|p1|Beartic, L50, M|
|poke|p2|Archaludon, L50, M|
|poke|p2|Electrode-Hisui, L50|
|poke|p2|Politoed, L50, F|
|poke|p2|Gothitelle, L50, F|
|poke|p2|Incineroar, L50, F|
|poke|p2|Kingdra, L50, M|
|teampreview|4
|showteam|p1|Ninetales-Alola||ChoiceSpecs|SnowWarning|Blizzard,FreezeDry,Moonblast,DarkPulse|||M|||50|,,,,,Ghost]Weezing||AssaultVest|NeutralizingGas|SludgeBomb,Thunderbolt,Flamethrower,TeraBlast|||M|||50|,,,,,Psychic]Flamigo||FocusSash|Scrappy|CloseCombat,BraveBird,Tailwind,Detect|||F|||50|,,,,,Ghost]Toedscruel||RockyHelmet|MyceliumMight|EnergyBall,EarthPower,Spore,RagePowder|||F|||50|,,,,,Fire]Typhlosion||SafetyGoggles|FlashFire|Eruption,Flamethrower,Overheat,Protect|||F|||50|,,,,,Dark]Beartic||ClearAmulet|SlushRush|IcicleCrash,CloseCombat,RockSlide,Protect|||M|||50|,,,,,Rock
|showteam|p2|Archaludon||AssaultVest|Stamina|BodyPress,ElectroShot,DracoMeteor,FlashCannon|||M|||50|,,,,,Fairy]Electrode-Hisui||LoadedDice|Static|BulletSeed,Electroweb,Taunt,Protect||||||50|,,,,,Ghost]Politoed||Leftovers|Drizzle|WeatherBall,PerishSong,Protect,Encore|||F|||50|,,,,,Grass]Gothitelle||SitrusBerry|ShadowTag|Protect,FakeOut,Psychic,HealPulse|||F|||50|,,,,,Water]Incineroar||SafetyGoggles|Intimidate|FakeOut,KnockOff,PartingShot,Protect|||F|||50|,,,,,Ghost]Kingdra||LifeOrb|SwiftSwim|Protect,WeatherBall,DracoMeteor,MuddyWater|||M|||50|,,,,,Steel
|
|t:|1757674268
|teamsize|p1|4
|teamsize|p2|4
|start
|switch|p1a: Weezing|Weezing, L50, M|100/100
|switch|p1b: Toedscruel|Toedscruel, L50, F|100/100
|switch|p2a: Gothitelle|Gothitelle, L50, F|100/100
|switch|p2b: Politoed|Politoed, L50, F|100/100
|-ability|p1a: Weezing|Neutralizing Gas
|turn|1
|
|t:|1757674303
|-terastallize|p1a: Weezing|Psychic
|move|p2a: Gothitelle|Fake Out|p1b: Toedscruel
|-damage|p1b: Toedscruel|93/100
|-damage|p2a: Gothitelle|84/100|[from] item: Rocky Helmet|[of] p1b: Toedscruel
|cant|p1b: Toedscruel|flinch
|move|p1a: Weezing|Sludge Bomb|p2b: Politoed
|-damage|p2b: Politoed|71/100
|move|p2b: Politoed|Perish Song|p2b: Politoed
|-start|p1a: Weezing|perish3|[silent]
|-start|p1b: Toedscruel|perish3|[silent]
|-start|p2a: Gothitelle|perish3|[silent]
|-start|p2b: Politoed|perish3|[silent]
|-fieldactivate|move: Perish Song
|
|-heal|p2b: Politoed|77/100|[from] item: Leftovers
|-start|p1b: Toedscruel|perish3
|-start|p1a: Weezing|perish3
|-start|p2b: Politoed|perish3
|-start|p2a: Gothitelle|perish3
|upkeep
|turn|2
|
|t:|1757674338
|switch|p1b: Ninetales|Ninetales-Alola, L50, M|100/100
|-end|p1a: Weezing|ability: Neutralizing Gas
|-weather|Snowscape|[from] ability: Snow Warning|[of] p1b: Ninetales
|-weather|RainDance|[from] ability: Drizzle|[of] p2b: Politoed
|switch|p1a: Flamigo|Flamigo, L50, F|100/100
|move|p2b: Politoed|Protect|p2b: Politoed
|-singleturn|p2b: Politoed|Protect
|move|p2a: Gothitelle|Protect||[still]
|-fail|p2a: Gothitelle
|
|-weather|RainDance|[upkeep]
|-heal|p2b: Politoed|83/100|[from] item: Leftovers
|-start|p2b: Politoed|perish2
|-start|p2a: Gothitelle|perish2
|upkeep
|turn|3
|
|t:|1757674360
|switch|p2a: Incineroar|Incineroar, L50, F|100/100
|-ability|p2a: Incineroar|Intimidate|boost
|-fail|p1a: Flamigo|unboost|Attack|[from] ability: Scrappy|[of] p1a: Flamigo
|-unboost|p1b: Ninetales|atk|1
|move|p1b: Ninetales|Freeze-Dry|p2b: Politoed
|-supereffective|p2b: Politoed
|-damage|p2b: Politoed|15/100
|move|p1a: Flamigo|Close Combat|p2b: Politoed
|-crit|p2b: Politoed
|-damage|p2b: Politoed|0 fnt
|-unboost|p1a: Flamigo|def|1
|-unboost|p1a: Flamigo|spd|1
|faint|p2b: Politoed
|
|-weather|RainDance|[upkeep]
|upkeep
|
|t:|1757674378
|switch|p2b: Kingdra|Kingdra, L50, M|100/100
|turn|4
|
|t:|1757674410
|switch|p1a: Weezing|Weezing, L50, M, tera:Psychic|100/100
|-ability|p1a: Weezing|Neutralizing Gas
|move|p2a: Incineroar|Fake Out|p1a: Weezing
|-damage|p1a: Weezing|90/100
|move|p1b: Ninetales|Freeze-Dry|p2b: Kingdra
|-supereffective|p2b: Kingdra
|-damage|p2b: Kingdra|0 fnt
|faint|p2b: Kingdra
|
|-weather|RainDance|[upkeep]
|upkeep
|
|t:|1757674421
|switch|p2b: Gothitelle|Gothitelle, L50, F|84/100
|turn|5
|
|t:|1757674431
|move|p1b: Ninetales|Freeze-Dry|p2b: Gothitelle
|-damage|p2b: Gothitelle|47/100
|-enditem|p2b: Gothitelle|Sitrus Berry|[eat]
|-heal|p2b: Gothitelle|72/100|[from] item: Sitrus Berry
|move|p1a: Weezing|Sludge Bomb|p2b: Gothitelle
|-damage|p2b: Gothitelle|38/100
|-status|p2b: Gothitelle|psn
|move|p2b: Gothitelle|Psychic|p1b: Ninetales
|-damage|p1b: Ninetales|62/100
|move|p2a: Incineroar|Knock Off|p1a: Weezing
|-supereffective|p1a: Weezing
|-damage|p1a: Weezing|14/100
|-enditem|p1a: Weezing|Assault Vest|[from] move: Knock Off|[of] p2a: Incineroar
|
|-weather|RainDance|[upkeep]
|-damage|p2b: Gothitelle|25/100 psn|[from] psn
|upkeep
|turn|6
|-message|88ccz3 forfeited.
|
|win|piedi nei piedi
|l|☆88ccz3
|player|p2|
||88ccz3 is ready for game 2.
||piedi nei piedi is ready for game 2.
|uhtml|next|Next: Game 2 of 3
