|j|☆raging__ryno
|j|☆juanjo555
|html|raging__rynojuanjo555    
|uhtml|bestof|Game 1 of a best-of-3
|t:|1785111410
|gametype|doubles
|player|p1|raging__ryno|brandon-gen3|1076
|player|p2|juanjo555|169|1055
|gen|9
|tier|[Gen 9 Champions] VGC 2026 Reg M-B (Bo3)
|rated|
|rule|Species Clause: Limit one of each Pokémon
|rule|Item Clause: Limit 1 of each item
|clearpoke
|poke|p1|Staraptor, L50, M|
|poke|p1|Froslass, L50, F|
|poke|p1|Kingambit, L50, M|
|poke|p1|Toxapex, L50, M|
|poke|p1|Garchomp, L50, M|
|poke|p1|Incineroar, L50, F|
|poke|p2|Blaziken, L50, M|
|poke|p2|Kingambit, L50, F|
|poke|p2|Ninetales-Alola, L50, M|
|poke|p2|Basculegion, L50, M|
|poke|p2|Sneasler, L50, F|
|poke|p2|Sinistcha, L50|
|teampreview|4
|showteam|p1|Staraptor||Staraptite|Intimidate|CloseCombat,BraveBird,Roost,Protect|Adamant||M|||50|]Froslass||Froslassite|SnowCloak|ShadowBall,Blizzard,AuroraVeil,Protect|Modest||F|||50|]Kingambit||BlackGlasses|Defiant|KowtowCleave,SuckerPunch,SwordsDance,Protect|Adamant||M|||50|]Toxapex||Leftovers|Regenerator|Infestation,WideGuard,Toxic,BanefulBunker|Calm||M|||50|]Garchomp||LifeOrb|RoughSkin|DragonClaw,Earthquake,RockSlide,Protect|Jolly||M|||50|]Incineroar||SitrusBerry|Intimidate|FlareBlitz,PartingShot,ThroatChop,FakeOut|Careful||F|||50|
|showteam|p2|Blaziken||Blazikenite|SpeedBoost|FlareBlitz,CloseCombat,RockSlide,Detect|Adamant||M|||50|]Kingambit||BlackGlasses|Defiant|KowtowCleave,SuckerPunch,IronHead,Protect|Adamant||F|||50|]Ninetales-Alola||NeverMeltIce|SnowWarning|Blizzard,FreezeDry,IcyWind,Protect|Timid||M|||50|]Basculegion||LifeOrb|Adaptability|WaveCrash,LastRespects,AquaJet,Protect|Adamant||M|||50|]Sneasler||FocusSash|Unburden|FakeOut,CloseCombat,DireClaw,Coaching|Adamant||F|||50|]Sinistcha||ColburBerry|Hospitality|RagePowder,MatchaGotcha,TrickRoom,Protect|Bold|||||50|
|
|t:|1785111454
|teamsize|p1|4
|teamsize|p2|4
|start
|switch|p1a: Toxapex|Toxapex, L50, M|100/100
|switch|p1b: Garchomp|Garchomp, L50, M|100/100
|switch|p2a: Kingambit|Kingambit, L50, F|100/100
|switch|p2b: Ninetales|Ninetales-Alola, L50, M|100/100
|-weather|Snowscape|[from] ability: Snow Warning|[of] p2b: Ninetales
|turn|1
|
|t:|1785111475
|switch|p2a: Sinistcha|Sinistcha, L50|100/100
|move|p1b: Garchomp|Protect|p1b: Garchomp
|-singleturn|p1b: Garchomp|Protect
|move|p2b: Ninetales|Freeze-Dry|p1a: Toxapex
|-supereffective|p1a: Toxapex|1
|-damage|p1a: Toxapex|60/100
|move|p1a: Toxapex|Toxic|p2b: Ninetales
|-status|p2b: Ninetales|tox
|
|-weather|Snowscape|[upkeep]
|-heal|p1a: Toxapex|66/100|[from] item: Leftovers
|-damage|p2b: Ninetales|94/100 tox|[from] psn
|upkeep
|turn|2
|
|t:|1785111517
|switch|p1b: Incineroar|Incineroar, L50, F|100/100
|-ability|p1b: Incineroar|Intimidate|boost
|-unboost|p2a: Sinistcha|atk|1
|-unboost|p2b: Ninetales|atk|1
|move|p1a: Toxapex|Baneful Bunker|p1a: Toxapex
|-singleturn|p1a: Toxapex|move: Protect
|move|p2b: Ninetales|Blizzard|p1a: Toxapex|[spread] p1b
|-activate|p1a: Toxapex|move: Protect
|-resisted|p1b: Incineroar|1
|-damage|p1b: Incineroar|86/100
|move|p2a: Sinistcha|Matcha Gotcha|p1b: Incineroar|[spread] p1b
|-activate|p1a: Toxapex|move: Protect
|-resisted|p1b: Incineroar|1
|-damage|p1b: Incineroar|78/100
|
|-weather|Snowscape|[upkeep]
|-heal|p1a: Toxapex|71/100|[from] item: Leftovers
|-damage|p2b: Ninetales|83/100 tox|[from] psn
|upkeep
|turn|3
|
|t:|1785111529
|switch|p2b: Basculegion|Basculegion, L50, M|100/100
|move|p1b: Incineroar|Flare Blitz|p2b: Basculegion
|-resisted|p2b: Basculegion|1
|-damage|p2b: Basculegion|74/100
|-damage|p1b: Incineroar|69/100|[from] Recoil
|move|p1a: Toxapex|Toxic|p2a: Sinistcha
|-status|p2a: Sinistcha|tox
|move|p2a: Sinistcha|Trick Room|p2a: Sinistcha
|-fieldstart|move: Trick Room|[of] p2a: Sinistcha
|
|-weather|Snowscape|[upkeep]
|-heal|p1a: Toxapex|77/100|[from] item: Leftovers
|-damage|p2a: Sinistcha|93/100 tox|[from] psn
|upkeep
|turn|4
|
|t:|1785111569
|move|p1a: Toxapex|Baneful Bunker|p1a: Toxapex
|-singleturn|p1a: Toxapex|move: Protect
|move|p1b: Incineroar|Parting Shot|p2b: Basculegion
|-unboost|p2b: Basculegion|atk|1
|-unboost|p2b: Basculegion|spa|1
|
|t:|1785111574
|switch|p1b: Staraptor|Staraptor, L50, M|100/100|[from] Parting Shot
|-ability|p1b: Staraptor|Intimidate|boost
|-unboost|p2a: Sinistcha|atk|1
|-unboost|p2b: Basculegion|atk|1
|move|p2a: Sinistcha|Matcha Gotcha|p1b: Staraptor|[spread] p1b
|-activate|p1a: Toxapex|move: Protect
|-resisted|p1b: Staraptor|1
|-damage|p1b: Staraptor|80/100
|-heal|p2a: Sinistcha|100/100 tox|[from] drain|[of] p1b: Staraptor
|-status|p1b: Staraptor|brn
|move|p2b: Basculegion|Wave Crash|p1b: Staraptor
|-damage|p1b: Staraptor|8/100 brn
|-damage|p2b: Basculegion|54/100|[from] Recoil
|-damage|p2b: Basculegion|45/100|[from] item: Life Orb
|
|-weather|Snowscape|[upkeep]
|-heal|p1a: Toxapex|83/100|[from] item: Leftovers
|-damage|p2a: Sinistcha|87/100 tox|[from] psn
|-damage|p1b: Staraptor|1/100 brn|[from] brn
|upkeep
|turn|5
|
|t:|1785111594
|switch|p2b: Ninetales|Ninetales-Alola, L50, M|83/100 tox
|switch|p1b: Incineroar|Incineroar, L50, F|69/100
|-ability|p1b: Incineroar|Intimidate|boost
|-unboost|p2a: Sinistcha|atk|1
|-unboost|p2b: Ninetales|atk|1
|move|p1a: Toxapex|Infestation|p2b: Ninetales
|-resisted|p2b: Ninetales|1
|-damage|p2b: Ninetales|81/100 tox
|-activate|p2b: Ninetales|move: Infestation|[of] p1a: Toxapex
|move|p2a: Sinistcha|Matcha Gotcha|p1a: Toxapex|[spread] p1b
|-miss|p2a: Sinistcha|p1a: Toxapex
|-resisted|p1b: Incineroar|1
|-damage|p1b: Incineroar|61/100
|-heal|p2a: Sinistcha|92/100 tox|[from] drain|[of] p1b: Incineroar
|
|-weather|none
|-heal|p1a: Toxapex|89/100|[from] item: Leftovers
|-damage|p2a: Sinistcha|74/100 tox|[from] psn
|-damage|p2b: Ninetales|75/100 tox|[from] psn
|-damage|p2b: Ninetales|63/100 tox|[from] move: Infestation|[partiallytrapped]
|upkeep
|turn|6
|
|t:|1785111635
|switch|p2a: Kingambit|Kingambit, L50, F|100/100
|move|p1a: Toxapex|Infestation|p2b: Ninetales
|-resisted|p2b: Ninetales|1
|-damage|p2b: Ninetales|61/100 tox
|move|p1b: Incineroar|Flare Blitz|p2a: Kingambit
|-supereffective|p2a: Kingambit|1
|-damage|p2a: Kingambit|27/100
|-damage|p1b: Incineroar|36/100|[from] Recoil
|-enditem|p1b: Incineroar|Sitrus Berry|[eat]
|-heal|p1b: Incineroar|61/100|[from] item: Sitrus Berry
|move|p2b: Ninetales|Freeze-Dry|p1a: Toxapex
|-supereffective|p1a: Toxapex|1
|-damage|p1a: Toxapex|50/100g
|
|-heal|p1a: Toxapex|56/100|[from] item: Leftovers
|-damage|p2b: Ninetales|50/100g tox|[from] psn
|-damage|p2b: Ninetales|38/100 tox|[from] move: Infestation|[partiallytrapped]
|upkeep
|turn|7
|
|t:|1785111652
|move|p2a: Kingambit|Protect|p2a: Kingambit
|-singleturn|p2a: Kingambit|Protect
|move|p1a: Toxapex|Infestation|p2a: Kingambit
|-activate|p2a: Kingambit|move: Protect
|move|p1b: Incineroar|Flare Blitz|p2b: Ninetales
|-supereffective|p2b: Ninetales|1
|-damage|p2b: Ninetales|0 fnt
|faint|p2b: Ninetales
|-damage|p1b: Incineroar|51/100|[from] Recoil
|
|-heal|p1a: Toxapex|62/100|[from] item: Leftovers
|-fieldend|move: Trick Room
|upkeep
|
|t:|1785111665
|switch|p2b: Basculegion|Basculegion, L50, M|45/100
|turn|8
|l|☆juanjo555
|player|p2|
|j|☆juanjo555
|player|p2|juanjo555|169|
|inactive|Battle timer is ON: inactive players will automatically lose when time's up. (requested by juanjo555)
|
|t:|1785111716
|switch|p2a: Sinistcha|Sinistcha, L50|74/100 tox
|-heal|p2b: Basculegion|69/100|[from] ability: Hospitality|[of] p2a: Sinistcha
|move|p1a: Toxapex|Baneful Bunker|p1a: Toxapex
|-singleturn|p1a: Toxapex|move: Protect
|move|p2b: Basculegion|Wave Crash|p1b: Incineroar
|-supereffective|p1b: Incineroar|1
|-damage|p1b: Incineroar|0 fnt
|faint|p1b: Incineroar
|-damage|p2b: Basculegion|52/100|[from] Recoil
|-damage|p2b: Basculegion|43/100|[from] item: Life Orb
|
|-heal|p1a: Toxapex|68/100|[from] item: Leftovers
|-damage|p2a: Sinistcha|67/100 tox|[from] psn
|upkeep
|
|t:|1785111723
|switch|p1b: Garchomp|Garchomp, L50, M|100/100
|turn|9
|inactive|juanjo555 has 30 seconds left.
|inactive|raging__ryno has 30 seconds left.
|inactive|juanjo555 has 20 seconds left.
|
|t:|1785111763
|move|p2b: Basculegion|Protect|p2b: Basculegion
|-singleturn|p2b: Basculegion|Protect
|move|p1a: Toxapex|Wide Guard|p1a: Toxapex
|-singleturn|p1a: Toxapex|Wide Guard
|move|p1b: Garchomp|Earthquake|p2a: Sinistcha|[spread] p2a
|-activate|p1a: Toxapex|move: Wide Guard
|-activate|p2b: Basculegion|move: Protect
|-resisted|p2a: Sinistcha|1
|-damage|p2a: Sinistcha|50/100y tox
|-damage|p1b: Garchomp|90/100|[from] item: Life Orb
|move|p2a: Sinistcha|Matcha Gotcha|p1a: Toxapex|[spread] 
|-activate|p1a: Toxapex|move: Wide Guard
|-activate|p1b: Garchomp|move: Wide Guard
|
|-heal|p1a: Toxapex|73/100|[from] item: Leftovers
|-damage|p2a: Sinistcha|37/100 tox|[from] psn
|upkeep
|turn|10
|
|t:|1785111785
|move|p1a: Toxapex|Wide Guard|p1a: Toxapex
|-singleturn|p1a: Toxapex|Wide Guard
|move|p1b: Garchomp|Earthquake|p2a: Sinistcha|[spread] p2a,p2b
|-activate|p1a: Toxapex|move: Wide Guard
|-resisted|p2a: Sinistcha|1
|-damage|p2a: Sinistcha|17/100 tox
|-damage|p2b: Basculegion|0 fnt
|faint|p2b: Basculegion
|-damage|p1b: Garchomp|80/100|[from] item: Life Orb
|move|p2a: Sinistcha|Matcha Gotcha|p1b: Garchomp|[spread] 
|-activate|p1a: Toxapex|move: Wide Guard
|-activate|p1b: Garchomp|move: Wide Guard
|
|-heal|p1a: Toxapex|79/100|[from] item: Leftovers
|-damage|p2a: Sinistcha|0 fnt|[from] psn
|faint|p2a: Sinistcha
|upkeep
|inactive|juanjo555 has 30 seconds left.
|
|t:|1785111815
|switch|p2b: Kingambit|Kingambit, L50, F|27/100
|turn|11
|-message|juanjo555 forfeited.
|raw|raging__ryno's rating: 1076 → 1103(+27 for winning)
|raw|juanjo555's rating: 1055 → 1038(-17 for losing)
|
|win|raging__ryno
|l|☆juanjo555
|player|p2|
