|j|☆Purgatory12
|j|☆Prepucio Santos
|html|Purgatory12Prepucio Santos    
|uhtml|bestof|Game 3 of a best-of-3
|t:|1784547072
|gametype|doubles
|player|p1|Purgatory12|265|1289
|player|p2|Prepucio Santos|striker|1197
|gen|9
|tier|[Gen 9 Champions] VGC 2026 Reg M-B (Bo3)
|rated|
|rule|Species Clause: Limit one of each Pokémon
|rule|Item Clause: Limit 1 of each item
|clearpoke
|poke|p1|Whimsicott, L50, F|
|poke|p1|Raichu, L50, F|
|poke|p1|Staraptor, L50, M|
|poke|p1|Farigiraf, L50, M|
|poke|p1|Basculegion, L50, M|
|poke|p1|Kingambit, L50, F|
|poke|p2|Raichu, L50, M|
|poke|p2|Milotic, L50, F|
|poke|p2|Ceruledge, L50, F|
|poke|p2|Incineroar, L50, M|
|poke|p2|Gengar, L50, F|
|poke|p2|Ninetales-Alola, L50, M|
|teampreview|4
|showteam|p1|Whimsicott||FairyFeather|Prankster|Moonblast,Tailwind,Protect,Encore|Timid||F|||50|]Raichu||RaichuniteY|LightningRod|Protect,ZapCannon,FocusBlast,GrassKnot|Timid||F|||50|]Staraptor||Staraptite|Intimidate|CloseCombat,BraveBird,BlazeKick,Protect|Jolly||M|||50|]Farigiraf||SitrusBerry|ArmorTail|TwinBeam,TrickRoom,HelpingHand,HyperVoice|Bold||M|||50|]Basculegion||LifeOrb|Adaptability|WaveCrash,LastRespects,Protect,AquaJet|Jolly||M|||50|]Kingambit||FocusSash|Defiant|KowtowCleave,SuckerPunch,IronHead,LowKick|Adamant||F|||50|
|showteam|p2|Raichu||RaichuniteY|LightningRod|ZapCannon,FocusBlast,FakeOut,Protect|Timid||M|||50|]Milotic||Leftovers|Competitive|MuddyWater,Hypnosis,Coil,Recover|Calm||F|||50|]Ceruledge||ColburBerry|FlashFire|BitterBlade,ShadowSneak,BulkUp,Protect|Adamant||F|||50|]Incineroar||SitrusBerry|Intimidate|FlareBlitz,FakeOut,PartingShot,Protect|Sassy||M|||50|]Gengar||Gengarite|CursedBody|ShadowBall,PerishSong,Disable,Protect|Modest||F|||50|]Ninetales-Alola||NeverMeltIce|SnowWarning|Blizzard,FreezeDry,Encore,Protect|Timid||M|||50|
|inactive|Battle timer is ON: inactive players will automatically lose when time's up. (requested by Purgatory12)
|inactive|Purgatory12 has 60 seconds left.
|inactive|Prepucio Santos has 60 seconds left.
|inactive|Purgatory12 has 30 seconds left.
|inactive|Purgatory12 has 20 seconds left.
|
|t:|1784547147
|teamsize|p1|4
|teamsize|p2|4
|start
|switch|p1a: Farigiraf|Farigiraf, L50, M|100/100
|switch|p1b: Staraptor|Staraptor, L50, M|100/100
|switch|p2a: Ninetales|Ninetales-Alola, L50, M|100/100
|switch|p2b: Milotic|Milotic, L50, F|100/100
|-weather|Snowscape|[from] ability: Snow Warning|[of] p2a: Ninetales
|-ability|p1b: Staraptor|Intimidate|boost
|-unboost|p2a: Ninetales|atk|1
|-unboost|p2b: Milotic|atk|1
|-ability|p2b: Milotic|Competitive|boost
|-boost|p2b: Milotic|spa|2
|turn|1
|
|t:|1784547161
|detailschange|p1b: Staraptor|Staraptor-Mega, L50, M
|-mega|p1b: Staraptor|Staraptor|Staraptite
|move|p1a: Farigiraf|Helping Hand|p1b: Staraptor
|-singleturn|p1b: Staraptor|Helping Hand|[of] p1a: Farigiraf
|move|p1b: Staraptor|Close Combat|p2a: Ninetales
|-damage|p2a: Ninetales|0 fnt
|-boost|p1b: Staraptor|def|1
|-boost|p1b: Staraptor|spd|1
|faint|p2a: Ninetales
|move|p2b: Milotic|Muddy Water|p1a: Farigiraf|[spread] p1a,p1b
|-damage|p1a: Farigiraf|48/100
|-damage|p1b: Staraptor|64/100
|-unboost|p1a: Farigiraf|accuracy|1
|-enditem|p1a: Farigiraf|Sitrus Berry|[eat]
|-heal|p1a: Farigiraf|72/100|[from] item: Sitrus Berry
|
|-weather|Snowscape|[upkeep]
|upkeep
|
|t:|1784547170
|switch|p2a: Raichu|Raichu, L50, M|100/100
|turn|2
|inactive|Purgatory12 has 30 seconds left.
|inactive|Purgatory12 has 20 seconds left.
|
|t:|1784547206
|switch|p1a: Whimsicott|Whimsicott, L50, F|100/100
|detailschange|p2a: Raichu|Raichu-Mega-Y, L50, M
|-mega|p2a: Raichu|Raichu|Raichunite Y
|move|p1b: Staraptor|Protect|p1b: Staraptor
|-singleturn|p1b: Staraptor|Protect
|move|p2a: Raichu|Zap Cannon|p1b: Staraptor
|-activate|p1b: Staraptor|move: Protect
|move|p2b: Milotic|Coil|p2b: Milotic
|-boost|p2b: Milotic|atk|1
|-boost|p2b: Milotic|def|1
|-boost|p2b: Milotic|accuracy|1
|
|-weather|Snowscape|[upkeep]
|upkeep
|turn|3
|
|t:|1784547229
|switch|p1b: Farigiraf|Farigiraf, L50, M|72/100
|move|p1a: Whimsicott|Encore|p2b: Milotic
|-start|p2b: Milotic|Encore
|move|p2a: Raichu|Zap Cannon|p1b: Farigiraf
|-damage|p1b: Farigiraf|12/100
|-status|p1b: Farigiraf|par
|move|p2b: Milotic|Coil|p2b: Milotic
|-boost|p2b: Milotic|atk|1
|-boost|p2b: Milotic|def|1
|-boost|p2b: Milotic|accuracy|1
|
|-weather|Snowscape|[upkeep]
|upkeep
|turn|4
|
|t:|1784547252
|switch|p2a: Ceruledge|Ceruledge, L50, F|100/100
|move|p1b: Farigiraf|Helping Hand|p1a: Whimsicott
|-singleturn|p1a: Whimsicott|Helping Hand|[of] p1b: Farigiraf
|move|p1a: Whimsicott|Moonblast|p2a: Ceruledge
|-resisted|p2a: Ceruledge|1
|-damage|p2a: Ceruledge|70/100
|move|p2b: Milotic|Coil|p2b: Milotic
|-boost|p2b: Milotic|atk|1
|-boost|p2b: Milotic|def|1
|-boost|p2b: Milotic|accuracy|1
|
|-weather|Snowscape|[upkeep]
|upkeep
|turn|5
|
|t:|1784547266
|switch|p1b: Staraptor|Staraptor-Mega, L50, M|64/100
|move|p1a: Whimsicott|Protect|p1a: Whimsicott
|-singleturn|p1a: Whimsicott|Protect
|move|p2b: Milotic|Coil|p2b: Milotic
|-boost|p2b: Milotic|atk|1
|-boost|p2b: Milotic|def|1
|-boost|p2b: Milotic|accuracy|1
|move|p2a: Ceruledge|Bitter Blade|p1a: Whimsicott
|-activate|p1a: Whimsicott|move: Protect
|
|-weather|none
|-end|p2b: Milotic|Encore
|upkeep
|turn|6
|
|t:|1784547283
|move|p1a: Whimsicott|Encore|p2b: Milotic
|-start|p2b: Milotic|Encore
|move|p1b: Staraptor|Brave Bird|p2a: Ceruledge
|-damage|p2a: Ceruledge|4/100
|-damage|p1b: Staraptor|39/100|[from] Recoil
|move|p2b: Milotic|Coil|p2b: Milotic
|-boost|p2b: Milotic|atk|1
|-boost|p2b: Milotic|def|1
|-boost|p2b: Milotic|accuracy|1
|move|p2a: Ceruledge|Bitter Blade|p1a: Whimsicott
|-supereffective|p1a: Whimsicott|1
|-damage|p1a: Whimsicott|0 fnt
|-heal|p2a: Ceruledge|42/100|[from] drain|[of] p1a: Whimsicott
|faint|p1a: Whimsicott
|
|upkeep
|inactive|Purgatory12 has 30 seconds left.
|
|t:|1784547312
|switch|p1a: Basculegion|Basculegion, L50, M|100/100
|turn|7
|inactive|Purgatory12 has 30 seconds left.
|
|t:|1784547347
|move|p2a: Ceruledge|Protect|p2a: Ceruledge
|-singleturn|p2a: Ceruledge|Protect
|move|p1a: Basculegion|Aqua Jet|p2a: Ceruledge
|-activate|p2a: Ceruledge|move: Protect
|move|p1b: Staraptor|Close Combat|p2b: Milotic
|-damage|p2b: Milotic|83/100
|-boost|p1b: Staraptor|def|1
|-boost|p1b: Staraptor|spd|1
|move|p2b: Milotic|Coil|p2b: Milotic
|-boost|p2b: Milotic|atk|1
|-boost|p2b: Milotic|def|1
|-boost|p2b: Milotic|accuracy|1
|
|-heal|p2b: Milotic|89/100|[from] item: Leftovers
|upkeep
|turn|8
|
|t:|1784547356
|move|p1a: Basculegion|Aqua Jet|p2a: Ceruledge
|-supereffective|p2a: Ceruledge|1
|-damage|p2a: Ceruledge|0 fnt
|faint|p2a: Ceruledge
|-damage|p1a: Basculegion|90/100|[from] item: Life Orb
|move|p1b: Staraptor|Close Combat|p2b: Milotic
|-damage|p2b: Milotic|75/100
|-boost|p1b: Staraptor|def|1
|-boost|p1b: Staraptor|spd|1
|move|p2b: Milotic|Coil|p2b: Milotic
|-boost|p2b: Milotic|atk|1
|-boost|p2b: Milotic|def|0
|-boost|p2b: Milotic|accuracy|0
|
|-heal|p2b: Milotic|81/100|[from] item: Leftovers
|-end|p2b: Milotic|Encore
|upkeep
|
|t:|1784547359
|switch|p2a: Raichu|Raichu-Mega-Y, L50, M|100/100
|turn|9
|inactive|Purgatory12 has 30 seconds left.
|inactive|Purgatory12 has 20 seconds left.
|inactive|Purgatory12 has 15 seconds left.
|inactive|Purgatory12 has 10 seconds left.
|inactive|Purgatory12 has 5 seconds left.
|
|t:|1784547414
|move|p2a: Raichu|Protect|p2a: Raichu
|-singleturn|p2a: Raichu|Protect
|move|p1b: Staraptor|Close Combat|p2a: Raichu
|-activate|p2a: Raichu|move: Protect
|move|p1a: Basculegion|Wave Crash|p2b: Milotic
|-resisted|p2b: Milotic|1
|-damage|p2b: Milotic|70/100
|-damage|p1a: Basculegion|86/100|[from] Recoil
|-damage|p1a: Basculegion|77/100|[from] item: Life Orb
|move|p2b: Milotic|Hypnosis|p1a: Basculegion
|-status|p1a: Basculegion|slp|[from] move: Hypnosis
|
|-heal|p2b: Milotic|76/100|[from] item: Leftovers
|upkeep
|turn|10
|
|t:|1784547425
|switch|p1b: Farigiraf|Farigiraf, L50, M|12/100 par
|move|p2a: Raichu|Zap Cannon|p1b: Farigiraf
|-damage|p1b: Farigiraf|0 fnt
|faint|p1b: Farigiraf
|cant|p1a: Basculegion|slp
|move|p2b: Milotic|Muddy Water|p1a: Basculegion
|-resisted|p1a: Basculegion|1
|-damage|p1a: Basculegion|42/100 slp
|
|-heal|p2b: Milotic|82/100|[from] item: Leftovers
|upkeep
|
|t:|1784547430
|switch|p1b: Staraptor|Staraptor-Mega, L50, M|39/100
|turn|11
|
|t:|1784547436
|move|p2a: Raichu|Zap Cannon|p1a: Basculegion
|-supereffective|p1a: Basculegion|1
|-damage|p1a: Basculegion|0 fnt
|faint|p1a: Basculegion
|move|p1b: Staraptor|Close Combat|p2a: Raichu
|-damage|p2a: Raichu|1/100
|-boost|p1b: Staraptor|def|1
|-boost|p1b: Staraptor|spd|1
|move|p2b: Milotic|Muddy Water|p1b: Staraptor
|-damage|p1b: Staraptor|0 fnt
|faint|p1b: Staraptor
|
|win|Prepucio Santos
