|j|☆Farigi No Raf
|j|☆sandy ghost 5
|html|Farigi No Rafsandy ghost 5    
|uhtml|bestof|Game 2 of a best-of-3
|t:|1757255277
|gametype|doubles
|player|p1|Farigi No Raf|artist-gen4|1401
|player|p2|sandy ghost 5|baker|1416
|gen|9
|tier|[Gen 9] VGC 2025 Reg H (Bo3)
|rated|
|rule|Species Clause: Limit one of each Pokémon
|rule|Item Clause: Limit 1 of each item
|clearpoke
|poke|p1|Dragonite, L50, M|
|poke|p1|Gholdengo, L50|
|poke|p1|Sneasler, L50, F|
|poke|p1|Rillaboom, L50, M|
|poke|p1|Ursaluna-Bloodmoon, L50, M|
|poke|p1|Magmar, L50, F|
|poke|p2|Tyranitar, L50, M|
|poke|p2|Blaziken, L50, M|
|poke|p2|Excadrill, L50, F|
|poke|p2|Salamence, L50, F|
|poke|p2|Dondozo, L50, M|
|poke|p2|Sinistcha-Masterpiece, L50|
|teampreview|4
|showteam|p1|Dragonite||LoadedDice|Multiscale|ScaleShot,Tailwind,ExtremeSpeed,Protect|||M|||50|,,,,,Fairy]Gholdengo||LifeOrb|GoodasGold|MakeItRain,ShadowBall,NastyPlot,Protect||||||50|,,,,,Water]Sneasler||FocusSash|PoisonTouch|CloseCombat,DireClaw,Coaching,FakeOut|||F|||50|,,,,,Ghost]Rillaboom||AssaultVest|GrassySurge|WoodHammer,FakeOut,GrassyGlide,HighHorsepower|||M|||50|,,,,,Fire]Ursaluna-Bloodmoon||SilkScarf|MindsEye|HyperVoice,EarthPower,BloodMoon,Protect|||M|||50|,,,,,Water]Magmar||Eviolite|VitalSpirit|FollowMe,BurningJealousy,ClearSmog,Protect|||F|||50|,,,,,Dragon
|showteam|p2|Tyranitar||ClearAmulet|SandStream|RockSlide,KnockOff,Protect,DragonDance|||M|||50|,,,,,Grass]Blaziken||CovertCloak|SpeedBoost|AuraSphere,HeatWave,Coaching,WillOWisp|||M|||50|,,,,,Fire]Excadrill||AssaultVest|SandRush|RockSlide,HighHorsepower,IronHead,Earthquake|||F|||50|,,,,,Ghost]Salamence||LifeOrb|Intimidate|AirSlash,Tailwind,DracoMeteor,Protect|||F|||50|,,,,,Ghost]Dondozo||Leftovers|Unaware|Fissure,Liquidation,Protect,Yawn|||M|||50|,,,,,Fire]Sinistcha-Masterpiece||SitrusBerry|Hospitality|ShadowBall,MatchaGotcha,RagePowder,Protect||||||50|,,,,,Dark
|
|t:|1757255296
|teamsize|p1|4
|teamsize|p2|4
|start
|switch|p1a: Ursaluna|Ursaluna-Bloodmoon, L50, M|100/100
|switch|p1b: Sneasler|Sneasler, L50, F|100/100
|switch|p2a: Excadrill|Excadrill, L50, F|100/100
|switch|p2b: Blaziken|Blaziken, L50, M|100/100
|turn|1
|
|t:|1757255330
|switch|p2b: Puppet|Sinistcha-Masterpiece, L50|100/100
|-terastallize|p1a: Ursaluna|Water
|move|p1b: Sneasler|Coaching|p1a: Ursaluna
|-boost|p1a: Ursaluna|atk|1
|-boost|p1a: Ursaluna|def|1
|move|p2a: Excadrill|Earthquake|p1a: Ursaluna|[spread] p2b,p1a,p1b
|-resisted|p2b: Puppet
|-supereffective|p1b: Sneasler
|-damage|p2b: Puppet|79/100
|-damage|p1a: Ursaluna|78/100
|-enditem|p1b: Sneasler|Focus Sash
|-damage|p1b: Sneasler|1/100
|move|p1a: Ursaluna|Earth Power|p2a: Excadrill
|-supereffective|p2a: Excadrill
|-damage|p2a: Excadrill|19/100
|
|upkeep
|turn|2
|
|t:|1757255347
|switch|p2b: Tyranitar|Tyranitar, L50, M|100/100
|-weather|Sandstorm|[from] ability: Sand Stream|[of] p2b: Tyranitar
|move|p2a: Excadrill|High Horsepower|p1a: Ursaluna
|-damage|p1a: Ursaluna|52/100
|move|p1b: Sneasler|Dire Claw|p2b: Tyranitar
|-resisted|p2b: Tyranitar
|-damage|p2b: Tyranitar|82/100
|-status|p2b: Tyranitar|psn
|move|p1a: Ursaluna|Hyper Voice|p2a: Excadrill|[spread] p2a,p2b
|-resisted|p2a: Excadrill
|-resisted|p2b: Tyranitar
|-damage|p2a: Excadrill|2/100
|-damage|p2b: Tyranitar|68/100 psn
|
|-weather|Sandstorm|[upkeep]
|-damage|p1b: Sneasler|0 fnt|[from] Sandstorm
|-damage|p1a: Ursaluna|45/100|[from] Sandstorm
|faint|p1b: Sneasler
|-damage|p2b: Tyranitar|56/100 psn|[from] psn
|upkeep
|
|t:|1757255364
|switch|p1b: Rillaboom|Rillaboom, L50, M|100/100
|-fieldstart|move: Grassy Terrain|[from] ability: Grassy Surge|[of] p1b: Rillaboom
|turn|3
|
|t:|1757255381
|switch|p2a: Puppet|Sinistcha-Masterpiece, L50|79/100
|-heal|p2b: Tyranitar|81/100 psn|[from] ability: Hospitality|[of] p2a: Puppet
|-terastallize|p2b: Tyranitar|Grass
|move|p1b: Rillaboom|Grassy Glide|p2a: Puppet
|-resisted|p2a: Puppet
|-damage|p2a: Puppet|62/100
|move|p2b: Tyranitar|Knock Off|p1a: Ursaluna
|-damage|p1a: Ursaluna|19/100
|-enditem|p1a: Ursaluna|Silk Scarf|[from] move: Knock Off|[of] p2b: Tyranitar
|move|p1a: Ursaluna|Blood Moon|p2a: Puppet
|-damage|p2a: Puppet|0 fnt
|faint|p2a: Puppet
|
|-weather|Sandstorm|[upkeep]
|-damage|p1b: Rillaboom|95/100|[from] Sandstorm
|-damage|p2b: Tyranitar|74/100 psn|[from] Sandstorm
|-damage|p1a: Ursaluna|13/100|[from] Sandstorm
|-heal|p1b: Rillaboom|100/100|[from] Grassy Terrain
|-heal|p2b: Tyranitar|81/100 psn|[from] Grassy Terrain
|-heal|p1a: Ursaluna|19/100|[from] Grassy Terrain
|-damage|p2b: Tyranitar|68/100 psn|[from] psn
|upkeep
|
|t:|1757255397
|switch|p2a: Blaziken|Blaziken, L50, M|100/100
|turn|4
|
|t:|1757255411
|move|p2a: Blaziken|Will-O-Wisp|p1b: Rillaboom
|-status|p1b: Rillaboom|brn
|move|p1b: Rillaboom|High Horsepower|p2a: Blaziken
|-supereffective|p2a: Blaziken
|-damage|p2a: Blaziken|56/100
|move|p2b: Tyranitar|Knock Off|p1a: Ursaluna
|-damage|p1a: Ursaluna|1/100
|move|p1a: Ursaluna|Hyper Voice|p2b: Tyranitar|[spread] p2a,p2b
|-damage|p2a: Blaziken|7/100
|-damage|p2b: Tyranitar|32/100 psn
|
|-weather|Sandstorm|[upkeep]
|-damage|p2a: Blaziken|2/100|[from] Sandstorm
|-damage|p1b: Rillaboom|95/100 brn|[from] Sandstorm
|-damage|p2b: Tyranitar|26/100 psn|[from] Sandstorm
|-damage|p1a: Ursaluna|0 fnt|[from] Sandstorm
|faint|p1a: Ursaluna
|-heal|p2a: Blaziken|7/100|[from] Grassy Terrain
|-heal|p1b: Rillaboom|100/100 brn|[from] Grassy Terrain
|-heal|p2b: Tyranitar|32/100 psn|[from] Grassy Terrain
|-damage|p2b: Tyranitar|20/100 psn|[from] psn
|-damage|p1b: Rillaboom|95/100 brn|[from] brn
|-ability|p2a: Blaziken|Speed Boost|boost
|-boost|p2a: Blaziken|spe|1
|upkeep
|
|t:|1757255425
|switch|p1a: Gholdengo|Gholdengo, L50|100/100
|turn|5
|
|t:|1757255434
|move|p1b: Rillaboom|Grassy Glide|p2a: Blaziken
|-resisted|p2a: Blaziken
|-damage|p2a: Blaziken|0 fnt
|faint|p2a: Blaziken
|move|p1a: Gholdengo|Shadow Ball|p2b: Tyranitar
|-damage|p2b: Tyranitar|0 fnt
|faint|p2b: Tyranitar
|-damage|p1a: Gholdengo|91/100|[from] item: Life Orb
|
|-weather|Sandstorm|[upkeep]
|-damage|p1b: Rillaboom|89/100 brn|[from] Sandstorm
|-heal|p1a: Gholdengo|97/100|[from] Grassy Terrain
|-heal|p1b: Rillaboom|95/100 brn|[from] Grassy Terrain
|-damage|p1b: Rillaboom|89/100 brn|[from] brn
|upkeep
|
|t:|1757255437
|switch|p2b: Excadrill|Excadrill, L50, F|2/100
|turn|6
|
|t:|1757255448
|move|p1b: Rillaboom|Grassy Glide|p2b: Excadrill
|-crit|p2b: Excadrill
|-damage|p2b: Excadrill|0 fnt
|faint|p2b: Excadrill
|
|win|Farigi No Raf
||sandy ghost 5 is ready for game 3.
||Farigi No Raf is ready for game 3.
|uhtml|next|Next: Game 3 of 3
