|j|☆Luminar Kuzan
|j|☆ChefHoe
|html|Luminar KuzanChefHoe    
|uhtml|bestof|Game 1 of a best-of-3
|t:|1756414339
|gametype|doubles
|player|p1|Luminar Kuzan|marnie-masters3|1138
|player|p2|ChefHoe|gambler|1074
|gen|9
|tier|[Gen 9] VGC 2025 Reg H (Bo3)
|rated|
|rule|Species Clause: Limit one of each Pokémon
|rule|Item Clause: Limit 1 of each item
|clearpoke
|poke|p1|Indeedee-F, L50, F|
|poke|p1|Hatterene, L50, F|
|poke|p1|Gallade, L50, M|
|poke|p1|Ursaluna, L50, M|
|poke|p1|Lilligant-Hisui, L50, F|
|poke|p1|Torkoal, L50, M|
|poke|p2|Rillaboom, L50, F|
|poke|p2|Empoleon, L50, F|
|poke|p2|Incineroar, L50, F|
|poke|p2|Gholdengo, L50|
|poke|p2|Sinistcha, L50|
|poke|p2|Ninetales-Alola, L50, M|
|teampreview|4
|showteam|p1|Indeedee-F||PsychicSeed|PsychicSurge|TrickRoom,FollowMe,HelpingHand,DazzlingGleam|||F|||50|,,,,,Fire]Hatterene||LifeOrb|MagicBounce|ExpandingForce,TrickRoom,DazzlingGleam,Protect|||F|||50|,,,,,Psychic]Gallade||ClearAmulet|Sharpness|PsychoCut,TrickRoom,SacredSword,WideGuard|||M|||50|,,,,,Grass]Ursaluna||FlameOrb|Guts|HeadlongRush,Facade,SwordsDance,Protect|||M|||50|,,,,,Ghost]Lilligant-Hisui||FocusSash|Chlorophyll|SolarBlade,SleepPowder,CloseCombat,AfterYou|||F|||50|,,,,,Ghost]Torkoal||ChoiceSpecs|Drought|Eruption,HeatWave,WeatherBall,EarthPower|||M|||50|,,,,,Fire
|showteam|p2|Rillaboom||AssaultVest|GrassySurge|Uturn,GrassPledge,GrassyGlide,FakeOut|||F|||50|,,,,,Water]Empoleon||GrassySeed|Competitive|Protect,WaterPledge,FlashCannon,IronDefense|||F|||50|,,,,,Ghost]Incineroar||SafetyGoggles|Intimidate|PartingShot,KnockOff,FlareBlitz,FakeOut|||F|||50|,,,,,Ghost]Gholdengo||LifeOrb|GoodasGold|Protect,MakeItRain,ShadowBall,NastyPlot||||||50|,,,,,Dragon]Sinistcha||MentalHerb|Hospitality|MatchaGotcha,StrengthSap,RagePowder,TrickRoom||||||50|,,,,,Fire]Ninetales-Alola||LightClay|SnowWarning|Protect,Moonblast,Blizzard,AuroraVeil|||M|||50|,,,,,Water
|
|t:|1756414363
|teamsize|p1|4
|teamsize|p2|4
|start
|switch|p1a: Indeedee|Indeedee-F, L50, F, shiny|100/100
|switch|p1b: Gallade|Gallade, L50, M, shiny|100/100
|switch|p2a: Rillaboom|Rillaboom, L50, F|100/100
|switch|p2b: Empoleon|Empoleon, L50, F|100/100
|-fieldstart|move: Grassy Terrain|[from] ability: Grassy Surge|[of] p2a: Rillaboom
|-enditem|p2b: Empoleon|Grassy Seed
|-boost|p2b: Empoleon|def|1|[from] item: Grassy Seed
|-fieldstart|move: Psychic Terrain|[from] ability: Psychic Surge|[of] p1a: Indeedee
|-enditem|p1a: Indeedee|Psychic Seed
|-boost|p1a: Indeedee|spd|1|[from] item: Psychic Seed
|turn|1
|
|t:|1756414391
|move|p2a: Rillaboom|Grass Pledge|p1b: Gallade
|-waiting|p2a: Rillaboom|p2b: Empoleon
|move|p2b: Empoleon|Water Pledge|p1b: Gallade|[from] move: Grass Pledge
|-combine
|-damage|p1b: Gallade|42/100
|-sidestart|p1: Luminar Kuzan|Grass Pledge
|move|p1b: Gallade|Psycho Cut|p2a: Rillaboom
|-damage|p2a: Rillaboom|47/100
|move|p1a: Indeedee|Trick Room|p1a: Indeedee
|-fieldstart|move: Trick Room|[of] p1a: Indeedee
|
|upkeep
|turn|2
|
|t:|1756414438
|switch|p1a: Ursaluna|Ursaluna, L50, M, shiny|100/100
|move|p1b: Gallade|Sacred Sword|p2b: Empoleon
|-supereffective|p2b: Empoleon
|-damage|p2b: Empoleon|0 fnt
|faint|p2b: Empoleon
|move|p2a: Rillaboom|U-turn|p1a: Ursaluna
|-damage|p1a: Ursaluna|86/100
|inactive|Battle timer is ON: inactive players will automatically lose when time's up. (requested by Luminar Kuzan)
|
|t:|1756414446
|switch|p2a: Ninetales|Ninetales-Alola, L50, M|100/100|[from] U-turn
|-weather|Snowscape|[from] ability: Snow Warning|[of] p2a: Ninetales
|
|-weather|Snowscape|[upkeep]
|-status|p1a: Ursaluna|brn|[from] item: Flame Orb
|upkeep
|
|t:|1756414453
|switch|p2b: Rillaboom|Rillaboom, L50, F|47/100
|-fieldstart|move: Grassy Terrain|[from] ability: Grassy Surge|[of] p2b: Rillaboom
|turn|3
|inactive|ChefHoe has 30 seconds left.
|
|t:|1756414484
|switch|p1b: Indeedee|Indeedee-F, L50, F, shiny|100/100
|-fieldstart|move: Psychic Terrain|[from] ability: Psychic Surge|[of] p1b: Indeedee
|move|p1a: Ursaluna|Facade|p2a: Ninetales
|-damage|p2a: Ninetales|0 fnt
|faint|p2a: Ninetales
|move|p2b: Rillaboom|U-turn|p1a: Ursaluna
|-damage|p1a: Ursaluna|71/100 brn
|
|t:|1756414493
|switch|p2b: Gholdengo|Gholdengo, L50|100/100|[from] U-turn
|
|-weather|Snowscape|[upkeep]
|-damage|p1a: Ursaluna|65/100 brn|[from] brn
|upkeep
|
|t:|1756414498
|switch|p2a: Rillaboom|Rillaboom, L50, F|47/100
|-fieldstart|move: Grassy Terrain|[from] ability: Grassy Surge|[of] p2a: Rillaboom
|turn|4
|
|t:|1756414519
|switch|p1b: Gallade|Gallade, L50, M, shiny|42/100
|-terastallize|p1a: Ursaluna|Ghost
|move|p2a: Rillaboom|Fake Out|p1a: Ursaluna
|-immune|p1a: Ursaluna
|move|p1a: Ursaluna|Facade|p2a: Rillaboom
|-damage|p2a: Rillaboom|0 fnt
|faint|p2a: Rillaboom
|move|p2b: Gholdengo|Nasty Plot|p2b: Gholdengo
|-boost|p2b: Gholdengo|spa|2
|
|-weather|Snowscape|[upkeep]
|-heal|p1a: Ursaluna|71/100 brn|[from] Grassy Terrain
|-heal|p1b: Gallade|48/100|[from] Grassy Terrain
|-damage|p1a: Ursaluna|65/100 brn|[from] brn
|-sideend|p1: Luminar Kuzan|Grass Pledge
|upkeep
|turn|5
|
|t:|1756414542
|switch|p1b: Torkoal|Torkoal, L50, M, shiny|100/100
|-weather|SunnyDay|[from] ability: Drought|[of] p1b: Torkoal
|move|p2b: Gholdengo|Protect|p2b: Gholdengo
|-singleturn|p2b: Gholdengo|Protect
|move|p1a: Ursaluna|Headlong Rush|p2b: Gholdengo
|-activate|p2b: Gholdengo|move: Protect
|
|-weather|SunnyDay|[upkeep]
|-heal|p1a: Ursaluna|71/100 brn|[from] Grassy Terrain
|-damage|p1a: Ursaluna|65/100 brn|[from] brn
|-fieldend|move: Trick Room
|upkeep
|turn|6
|
|t:|1756414567
|move|p2b: Gholdengo|Make It Rain|p1b: Torkoal|[spread] p1a,p1b
|-resisted|p1b: Torkoal
|-damage|p1a: Ursaluna|0 fnt
|-damage|p1b: Torkoal|17/100
|-unboost|p2b: Gholdengo|spa|1
|faint|p1a: Ursaluna
|-damage|p2b: Gholdengo|91/100|[from] item: Life Orb
|move|p1b: Torkoal|Weather Ball|p2b: Gholdengo
|-supereffective|p2b: Gholdengo
|-damage|p2b: Gholdengo|0 fnt
|faint|p2b: Gholdengo
|
|win|Luminar Kuzan
||Luminar Kuzan is ready for game 2.
||ChefHoe is ready for game 2.
|uhtml|next|Next: Game 2 of 3
|l|☆ChefHoe
|player|p2|
