|j|☆ThetaB
|j|☆prosticks
|html|ThetaBprosticks    
|uhtml|bestof|Game 2 of a best-of-3
|t:|1757190861
|gametype|doubles
|player|p1|ThetaB|palmer|1152
|player|p2|prosticks|102|1059
|gen|9
|tier|[Gen 9] VGC 2025 Reg H (Bo3)
|rated|
|rule|Species Clause: Limit one of each Pokémon
|rule|Item Clause: Limit 1 of each item
|clearpoke
|poke|p1|Excadrill, L50, M|
|poke|p1|Tyranitar, L50, M|
|poke|p1|Sneasler, L50, F|
|poke|p1|Indeedee, L50, M|
|poke|p1|Corviknight, L50, F|
|poke|p1|Annihilape, L50, M|
|poke|p2|Incineroar, L50, F|
|poke|p2|Pelipper, L50, M|
|poke|p2|Basculegion, L50, M|
|poke|p2|Amoonguss, L50, F|
|poke|p2|Maushold-Four, L50|
|poke|p2|Archaludon, L50, M|
|teampreview|4
|showteam|p1|Excadrill||FocusSash|SandRush|IronHead,HighHorsepower,Earthquake,Protect|||M|||50|,,,,,Stellar]Tyranitar||AssaultVest|SandStream|RockSlide,KnockOff,TeraBlast,LowKick|||M|||50|,,,,,Flying]Sneasler||PsychicSeed|Unburden|DireClaw,CloseCombat,ThroatChop,Protect|||F|||50|,,,,,Dark]Indeedee||ChoiceScarf|PsychicSurge|ExpandingForce,TeraBlast,Protect,Trick|||M|||50|,,,,,Psychic]Corviknight||Leftovers|MirrorArmor|BraveBird,BulkUp,Roost,Tailwind|||F|||50|,,,,,Dragon]Annihilape||SafetyGoggles|Defiant|CloseCombat,FinalGambit,RageFist,Taunt|||M|||50|,,,,,Water
|showteam|p2|Incineroar||SafetyGoggles|Intimidate|FakeOut,FlareBlitz,KnockOff,PartingShot|||F|||50|,,,,,Ghost]Pelipper||FocusSash|Drizzle|Hurricane,WeatherBall,Tailwind,Protect|||M|||50|,,,,,Ghost]Basculegion||MysticWater|SwiftSwim|Protect,WaveCrash,AquaJet,LastRespects|||M|||50|,,,,,Water]Amoonguss||SitrusBerry|Regenerator|Spore,RagePowder,PollenPuff,ClearSmog|||F|||50|,,,,,Water]Maushold-Four||WideLens|Technician|PopulationBomb,FollowMe,Taunt,Protect||||||50|,,,,,Grass]Archaludon||AssaultVest|Stamina|ElectroShot,DragonPulse,FlashCannon,BodyPress|||M|||50|,,,,,Grass
|
|t:|1757190873
|teamsize|p1|4
|teamsize|p2|4
|start
|switch|p1a: Annihilape|Annihilape, L50, M|100/100
|switch|p1b: Indeedee|Indeedee, L50, M, shiny|100/100
|switch|p2a: Maushold|Maushold-Four, L50|100/100
|switch|p2b: Basculegion|Basculegion, L50, M|100/100
|-fieldstart|move: Psychic Terrain|[from] ability: Psychic Surge|[of] p1b: Indeedee
|turn|1
|
|t:|1757190895
|switch|p1a: Tyranitar|Tyranitar, L50, M, shiny|100/100
|-weather|Sandstorm|[from] ability: Sand Stream|[of] p1a: Tyranitar
|-terastallize|p1b: Indeedee|Psychic
|move|p2a: Maushold|Protect|p2a: Maushold
|-singleturn|p2a: Maushold|Protect
|move|p2b: Basculegion|Protect|p2b: Basculegion
|-singleturn|p2b: Basculegion|Protect
|move|p1b: Indeedee|Expanding Force|p2b: Basculegion|[spread] 
|-activate|p2a: Maushold|move: Protect
|-activate|p2b: Basculegion|move: Protect
|
|-weather|Sandstorm|[upkeep]
|-damage|p1b: Indeedee|95/100|[from] Sandstorm
|-damage|p2a: Maushold|94/100|[from] Sandstorm
|-damage|p2b: Basculegion|94/100|[from] Sandstorm
|upkeep
|turn|2
|
|t:|1757190911
|switch|p1b: Annihilape|Annihilape, L50, M|100/100
|switch|p2a: Pelipper|Pelipper, L50, M|100/100
|-weather|RainDance|[from] ability: Drizzle|[of] p2a: Pelipper
|-terastallize|p2b: Basculegion|Water
|move|p2b: Basculegion|Wave Crash|p1b: Annihilape
|-damage|p1b: Annihilape|0 fnt
|faint|p1b: Annihilape
|-damage|p2b: Basculegion|59/100|[from] Recoil
|move|p1a: Tyranitar|Knock Off|p2b: Basculegion
|-damage|p2b: Basculegion|0 fnt
|-enditem|p2b: Basculegion|Mystic Water|[from] move: Knock Off|[of] p1a: Tyranitar
|faint|p2b: Basculegion
|
|-weather|RainDance|[upkeep]
|upkeep
|
|t:|1757190933
|switch|p1b: Sneasler|Sneasler, L50, F, shiny|100/100
|switch|p2b: Incineroar|Incineroar, L50, F|100/100
|-ability|p2b: Incineroar|Intimidate|boost
|-unboost|p1a: Tyranitar|atk|1
|-unboost|p1b: Sneasler|atk|1
|-enditem|p1b: Sneasler|Psychic Seed
|-boost|p1b: Sneasler|spd|1|[from] item: Psychic Seed
|turn|3
|
|t:|1757190943
|move|p1b: Sneasler|Dire Claw|p2a: Pelipper
|-damage|p2a: Pelipper|60/100
|move|p2a: Pelipper|Tailwind|p2a: Pelipper
|-sidestart|p2: prosticks|move: Tailwind
|move|p2b: Incineroar|Parting Shot|p1b: Sneasler
|-unboost|p1b: Sneasler|atk|1
|-unboost|p1b: Sneasler|spa|1
|
|t:|1757190950
|switch|p2b: Maushold|Maushold-Four, L50|94/100|[from] Parting Shot
|move|p1a: Tyranitar|Rock Slide|p2b: Maushold|[spread] p2a,p2b
|-supereffective|p2a: Pelipper
|-damage|p2a: Pelipper|6/100
|-damage|p2b: Maushold|60/100
|
|-weather|RainDance|[upkeep]
|upkeep
|turn|4
|
|t:|1757190968
|switch|p2a: Incineroar|Incineroar, L50, F|100/100
|-ability|p2a: Incineroar|Intimidate|boost
|-unboost|p1a: Tyranitar|atk|1
|-unboost|p1b: Sneasler|atk|1
|move|p2b: Maushold|Population Bomb|p1a: Tyranitar
|-resisted|p1a: Tyranitar
|-damage|p1a: Tyranitar|96/100
|-resisted|p1a: Tyranitar
|-damage|p1a: Tyranitar|91/100
|-resisted|p1a: Tyranitar
|-damage|p1a: Tyranitar|86/100
|-resisted|p1a: Tyranitar
|-damage|p1a: Tyranitar|81/100
|-resisted|p1a: Tyranitar
|-damage|p1a: Tyranitar|76/100
|-resisted|p1a: Tyranitar
|-damage|p1a: Tyranitar|71/100
|-resisted|p1a: Tyranitar
|-damage|p1a: Tyranitar|66/100
|-resisted|p1a: Tyranitar
|-damage|p1a: Tyranitar|61/100
|-resisted|p1a: Tyranitar
|-damage|p1a: Tyranitar|56/100
|-resisted|p1a: Tyranitar
|-damage|p1a: Tyranitar|51/100
|-hitcount|p1a: Tyranitar|10
|move|p1b: Sneasler|Dire Claw|p2a: Incineroar
|-damage|p2a: Incineroar|83/100
|move|p1a: Tyranitar|Rock Slide|p2a: Incineroar|[spread] p2a,p2b
|-supereffective|p2a: Incineroar
|-damage|p2a: Incineroar|49/100
|-damage|p2b: Maushold|32/100
|
|-weather|RainDance|[upkeep]
|upkeep
|turn|5
|
|t:|1757191009
|switch|p1a: Indeedee|Indeedee, L50, M, shiny, tera:Psychic|95/100
|move|p2b: Maushold|Population Bomb|p1b: Sneasler
|-damage|p1b: Sneasler|82/100
|-damage|p1b: Sneasler|62/100
|-damage|p1b: Sneasler|45/100
|-hitcount|p1b: Sneasler|3
|move|p1b: Sneasler|Close Combat|p2a: Incineroar
|-supereffective|p2a: Incineroar
|-damage|p2a: Incineroar|0 fnt
|-unboost|p1b: Sneasler|def|1
|-unboost|p1b: Sneasler|spd|1
|faint|p2a: Incineroar
|
|-weather|RainDance|[upkeep]
|-fieldend|move: Psychic Terrain
|upkeep
|
|t:|1757191019
|switch|p2a: Pelipper|Pelipper, L50, M|6/100
|turn|6
|
|t:|1757191042
|switch|p1a: Tyranitar|Tyranitar, L50, M, shiny|51/100
|-weather|Sandstorm|[from] ability: Sand Stream|[of] p1a: Tyranitar
|move|p1b: Sneasler|Protect|p1b: Sneasler
|-singleturn|p1b: Sneasler|Protect
|move|p2b: Maushold|Population Bomb|p1a: Tyranitar
|-resisted|p1a: Tyranitar
|-damage|p1a: Tyranitar|46/100
|-resisted|p1a: Tyranitar
|-damage|p1a: Tyranitar|41/100
|-resisted|p1a: Tyranitar
|-damage|p1a: Tyranitar|37/100
|-resisted|p1a: Tyranitar
|-damage|p1a: Tyranitar|31/100
|-resisted|p1a: Tyranitar
|-damage|p1a: Tyranitar|27/100
|-resisted|p1a: Tyranitar
|-damage|p1a: Tyranitar|22/100
|-resisted|p1a: Tyranitar
|-damage|p1a: Tyranitar|17/100
|-resisted|p1a: Tyranitar
|-damage|p1a: Tyranitar|12/100
|-resisted|p1a: Tyranitar
|-damage|p1a: Tyranitar|7/100
|-resisted|p1a: Tyranitar
|-damage|p1a: Tyranitar|2/100
|-hitcount|p1a: Tyranitar|10
|move|p2a: Pelipper|Hurricane|p1a: Tyranitar
|-resisted|p1a: Tyranitar
|-damage|p1a: Tyranitar|0 fnt
|faint|p1a: Tyranitar
|
|-weather|Sandstorm|[upkeep]
|-damage|p2b: Maushold|26/100|[from] Sandstorm
|-damage|p1b: Sneasler|39/100|[from] Sandstorm
|-damage|p2a: Pelipper|0 fnt|[from] Sandstorm
|faint|p2a: Pelipper
|-sideend|p2: prosticks|move: Tailwind
|upkeep
|
|t:|1757191072
|switch|p1a: Indeedee|Indeedee, L50, M, shiny, tera:Psychic|95/100
|-fieldstart|move: Psychic Terrain|[from] ability: Psychic Surge|[of] p1a: Indeedee
|turn|7
|
|t:|1757191087
|move|p1b: Sneasler|Close Combat|p2b: Maushold
|-supereffective|p2b: Maushold
|-damage|p2b: Maushold|0 fnt
|-unboost|p1b: Sneasler|def|1
|-unboost|p1b: Sneasler|spd|1
|faint|p2b: Maushold
|
|win|ThetaB
|raw|ThetaB's rating: 1152 → 1170(+18 for winning)
|raw|prosticks's rating: 1059 → 1045(-14 for losing)
|l|☆prosticks
|player|p2|
