|j|☆noahguyvgc
|j|☆TeyVgc
|html|noahguyvgcTeyVgc    
|uhtml|bestof|Game 2 of a best-of-3
|t:|1783442797
|gametype|doubles
|player|p1|noahguyvgc|roxie|1172
|player|p2|TeyVgc|rood|1332
|gen|9
|tier|[Gen 9 Champions] VGC 2026 Reg M-B (Bo3)
|rated|
|rule|Species Clause: Limit one of each Pokémon
|rule|Item Clause: Limit 1 of each item
|clearpoke
|poke|p1|Whimsicott, L50, M, shiny|
|poke|p1|Froslass, L50, F, shiny|
|poke|p1|Sneasler, L50, F, shiny|
|poke|p1|Ditto, L50, shiny|
|poke|p1|Kleavor, L50, F|
|poke|p1|Charizard, L50, M, shiny|
|poke|p2|Raichu, L50, M|
|poke|p2|Sinistcha, L50|
|poke|p2|Ceruledge, L50, F|
|poke|p2|Milotic, L50, M|
|poke|p2|Incineroar, L50, F|
|poke|p2|Floette-Eternal, L50, F|
|teampreview|4
|showteam|p1|Whimsicott||LifeOrb|Prankster|Tailwind,Moonblast,EnergyBall,Protect|Timid||M|||50|]Froslass||Froslassite|CursedBody|Blizzard,ShadowBall,Thunderbolt,Protect|Modest||F|||50|]Sneasler||WhiteHerb|Unburden|FakeOut,DireClaw,CloseCombat,Protect|Jolly||F|||50|]Ditto||ChoiceScarf|Imposter|Transform|Timid|||||50|]Kleavor||FocusSash|Sharpness|StoneAxe,CloseCombat,Feint,Protect|Jolly||F|||50|]Charizard||CharizarditeY|SolarPower|HeatWave,WeatherBall,SolarBeam,Protect|Modest||M|||50|
|showteam|p2|Raichu||RaichuniteY|LightningRod|ZapCannon,FocusBlast,FakeOut,Protect|Timid||M|||50|]Sinistcha||KasibBerry|Hospitality|MatchaGotcha,LifeDew,RagePowder,Protect|Relaxed|||||50|]Ceruledge||ColburBerry|FlashFire|BitterBlade,ShadowSneak,BulkUp,Protect|Adamant||F|||50|]Milotic||Leftovers|Competitive|MuddyWater,Coil,Hypnosis,Protect|Calm||M|||50|]Incineroar||SitrusBerry|Intimidate|FlareBlitz,ThroatChop,FakeOut,PartingShot|Impish||F|||50|]Floette-Eternal||Floettite|FlowerVeil|CalmMind,Protect,Moonblast,DazzlingGleam|Modest||F|||50|
|inactive|Battle timer is ON: inactive players will automatically lose when time's up. (requested by noahguyvgc)
|c|☆noahguyvgc|Raichu's pretty strong. Thanks for letting me borrow him lol
|c|☆TeyVgc|LMAOOOO
|c|☆TeyVgc|Feint play got me good
|c|☆TeyVgc|beautiful
|inactive|noahguyvgc has 60 seconds left.
|inactive|TeyVgc has 60 seconds left.
|c|☆noahguyvgc|My goat Kleavor lol
|inactive|TeyVgc has 30 seconds left.
|inactive|TeyVgc has 20 seconds left.
|inactive|TeyVgc has 15 seconds left.
|inactive|TeyVgc has 10 seconds left.
|
|t:|1783442883
|teamsize|p1|4
|teamsize|p2|4
|start
|switch|p1a: Lotus|Whimsicott, L50, M, shiny|100/100
|switch|p1b: Sneasler|Sneasler, L50, F, shiny|100/100
|switch|p2a: Sinistcha|Sinistcha, L50|100/100
|switch|p2b: Floette|Floette-Eternal, L50, F|100/100
|turn|1
|
|t:|1783442901
|switch|p2b: Ceruledge|Ceruledge, L50, F|100/100
|move|p1a: Lotus|Moonblast|p2a: Sinistcha
|-damage|p2a: Sinistcha|62/100
|-damage|p1a: Lotus|90/100|[from] item: Life Orb
|move|p1b: Sneasler|Dire Claw|p2a: Sinistcha
|-damage|p2a: Sinistcha|27/100
|move|p2a: Sinistcha|Matcha Gotcha|p1a: Lotus|[spread] p1a
|-miss|p2a: Sinistcha|p1b: Sneasler
|-resisted|p1a: Lotus|1
|-damage|p1a: Lotus|71/100
|-heal|p2a: Sinistcha|35/100|[from] drain|[of] p1a: Lotus
|
|upkeep
|turn|2
|
|t:|1783442922
|move|p1a: Lotus|Moonblast|p2a: Sinistcha
|-damage|p2a: Sinistcha|3/100
|-unboost|p2a: Sinistcha|spa|1
|-damage|p1a: Lotus|61/100|[from] item: Life Orb
|move|p1b: Sneasler|Dire Claw|p2b: Ceruledge
|-resisted|p2b: Ceruledge|1
|-damage|p2b: Ceruledge|79/100
|move|p2b: Ceruledge|Bulk Up|p2b: Ceruledge
|-boost|p2b: Ceruledge|atk|1
|-boost|p2b: Ceruledge|def|1
|move|p2a: Sinistcha|Life Dew|p2a: Sinistcha|[spread] p2a,p2b
|-heal|p2a: Sinistcha|28/100
|-heal|p2b: Ceruledge|100/100
|
|upkeep
|turn|3
|
|t:|1783442943
|switch|p2a: Incineroar|Incineroar, L50, F|100/100
|-ability|p2a: Incineroar|Intimidate|boost
|-unboost|p1a: Lotus|atk|1
|-unboost|p1b: Sneasler|atk|1
|-enditem|p1b: Sneasler|White Herb
|-clearnegativeboost|p1b: Sneasler|[silent]
|move|p1b: Sneasler|Protect|p1b: Sneasler
|-singleturn|p1b: Sneasler|Protect
|move|p2b: Ceruledge|Protect|p2b: Ceruledge
|-singleturn|p2b: Ceruledge|Protect
|move|p1a: Lotus|Moonblast|p2a: Incineroar
|-damage|p2a: Incineroar|63/100
|-damage|p1a: Lotus|52/100|[from] item: Life Orb
|
|upkeep
|turn|4
|
|t:|1783442961
|switch|p1a: Ditto|Ditto, L50, shiny|100/100
|-transform|p1a: Ditto|p2b: Ceruledge|[from] ability: Imposter
|move|p2a: Incineroar|Fake Out|p1a: Ditto
|-immune|p1a: Ditto
|move|p1b: Sneasler|Close Combat|p2a: Incineroar
|-supereffective|p2a: Incineroar|1
|-damage|p2a: Incineroar|0 fnt
|-unboost|p1b: Sneasler|def|1
|-unboost|p1b: Sneasler|spd|1
|faint|p2a: Incineroar
|move|p2b: Ceruledge|Bitter Blade|p1b: Sneasler
|-damage|p1b: Sneasler|0 fnt
|faint|p1b: Sneasler
|
|upkeep
|
|t:|1783442978
|switch|p1b: Froslass|Froslass, L50, F, shiny|100/100
|switch|p2a: Sinistcha|Sinistcha, L50|28/100
|turn|5
|
|t:|1783442992
|detailschange|p1b: Froslass|Froslass-Mega, L50, F, shiny
|-mega|p1b: Froslass|Froslass|Froslassite
|-weather|Snowscape|[from] ability: Snow Warning|[of] p1b: Froslass
|move|p1a: Ditto|Shadow Sneak|p2a: Sinistcha
|-supereffective|p2a: Sinistcha|1
|-enditem|p2a: Sinistcha|Kasib Berry|[eat]
|-enditem|p2a: Sinistcha|Kasib Berry|[weaken]
|-damage|p2a: Sinistcha|0 fnt
|faint|p2a: Sinistcha
|move|p2b: Ceruledge|Shadow Sneak|p1b: Froslass
|-supereffective|p1b: Froslass|1
|-damage|p1b: Froslass|41/100
|move|p1b: Froslass|Shadow Ball|p2b: Ceruledge
|-supereffective|p2b: Ceruledge|1
|-damage|p2b: Ceruledge|10/100
|-unboost|p2b: Ceruledge|spd|1
|
|-weather|Snowscape|[upkeep]
|upkeep
|
|t:|1783443002
|switch|p2a: Floette|Floette-Eternal, L50, F|100/100
|turn|6
|
|t:|1783443013
|detailschange|p2a: Floette|Floette-Mega, L50, F
|-mega|p2a: Floette|Floette|Floettite
|-ability|p2a: Floette|Fairy Aura
|move|p1a: Ditto|Shadow Sneak|p2b: Ceruledge
|-supereffective|p2b: Ceruledge|1
|-damage|p2b: Ceruledge|0 fnt
|faint|p2b: Ceruledge
|move|p1b: Froslass|Blizzard|p2a: Floette
|-damage|p2a: Floette|58/100
|move|p2a: Floette|Dazzling Gleam|p1a: Ditto|[spread] p1a,p1b
|-resisted|p1a: Ditto|1
|-damage|p1a: Ditto|72/100
|-damage|p1b: Froslass|0 fnt
|faint|p1b: Froslass
|
|-weather|Snowscape|[upkeep]
|upkeep
|
|t:|1783443022
|switch|p1b: Lotus|Whimsicott, L50, M, shiny|52/100
|turn|7
|
|t:|1783443031
|move|p2a: Floette|Protect|p2a: Floette
|-singleturn|p2a: Floette|Protect
|move|p1a: Ditto|Shadow Sneak|p2a: Floette
|-activate|p2a: Floette|move: Protect
|move|p1b: Lotus|Moonblast|p2a: Floette
|-activate|p2a: Floette|move: Protect
|
|-weather|Snowscape|[upkeep]
|upkeep
|turn|8
|
|t:|1783443041
|move|p2a: Floette|Protect||[still]
|-fail|p2a: Floette
|move|p1a: Ditto|Shadow Sneak|p2a: Floette
|-damage|p2a: Floette|30/100
|move|p1b: Lotus|Moonblast|p2a: Floette
|-damage|p2a: Floette|0 fnt
|faint|p2a: Floette
|-damage|p1b: Lotus|42/100|[from] item: Life Orb
|
|win|noahguyvgc
|raw|noahguyvgc's rating: 1172 → 1208(+36 for winning)
|raw|TeyVgc's rating: 1332 → 1303(-29 for losing)
|c|☆TeyVgc|gg my goat, team looking strong !
|c|☆TeyVgc|ditto kinda sauced
|c|☆noahguyvgc|Ggs. Your's too.
|c|☆TeyVgc|you playing inn the gcf?
|c|☆noahguyvgc|Half of what I did was from stealing your guys lol
|c|☆TeyVgc|LMAOOO
|c|☆noahguyvgc|Yeah testing Ditto as the secret sauce for it
|c|☆TeyVgc|yeah ditto good for bulk up stuff for sure
|c|☆TeyVgc|aight man gl with testing!
|c|☆noahguyvgc|Thanks. You too boss man
