|j|☆sidhuistic
|j|☆Torkoal waifu
|html|sidhuisticTorkoal waifu    
|uhtml|bestof|Game 3 of a best-of-3
|t:|1785166193
|gametype|doubles
|player|p1|sidhuistic|richboy-gen4|1140
|player|p2|Torkoal waifu|102|1049
|gen|9
|tier|[Gen 9 Champions] VGC 2026 Reg M-B (Bo3)
|rated|
|rule|Species Clause: Limit one of each Pokémon
|rule|Item Clause: Limit 1 of each item
|clearpoke
|poke|p1|Tyranitar, L50, M|
|poke|p1|Excadrill, L50, F|
|poke|p1|Milotic, L50, M|
|poke|p1|Sinistcha, L50|
|poke|p1|Staraptor, L50, F|
|poke|p1|Gholdengo, L50|
|poke|p2|Charizard, L50, M|
|poke|p2|Aerodactyl, L50, M|
|poke|p2|Farigiraf, L50, F|
|poke|p2|Kingambit, L50, M|
|poke|p2|Garchomp, L50, M|
|poke|p2|Sylveon, L50, M|
|teampreview|4
|showteam|p1|Tyranitar||Tyranitarite|SandStream|KnockOff,RockSlide,DragonDance,Protect|Jolly||M|||50|]Excadrill||FocusSash|SandRush|Earthquake,SwordsDance,RockSlide,Protect|Adamant||F|||50|]Milotic||SitrusBerry|Competitive|Scald,IcyWind,Haze,Protect|Calm||M|||50|]Sinistcha||ColburBerry|Hospitality|MatchaGotcha,ShadowBall,Protect,RagePowder|Bold|||||50|]Staraptor||Staraptite|Intimidate|CloseCombat,BraveBird,Tailwind,Protect|Jolly||F|||50|]Gholdengo||LifeOrb|GoodasGold|MakeItRain,ShadowBall,NastyPlot,Protect|Modest|||||50|
|showteam|p2|Charizard||CharizarditeY|SolarPower|WeatherBall,HeatWave,SolarBeam,Protect|Modest||M|||50|]Aerodactyl||Aerodactylite|Unnerve|RockSlide,DualWingbeat,Tailwind,IceFang|Jolly||M|||50|]Farigiraf||SitrusBerry|ArmorTail|TrickRoom,Psychic,Roar,Thunderbolt|Bold||F|||50|]Kingambit||FocusSash|Defiant|KowtowCleave,SuckerPunch,LowKick,IronHead|Adamant||M|||50|]Garchomp||LifeOrb|RoughSkin|Earthquake,StompingTantrum,DragonClaw,Protect|Jolly||M|||50|]Sylveon||FairyFeather|Pixilate|HyperBeam,HyperVoice,QuickAttack,Detect|Modest||M|||50|
|inactive|Battle timer is ON: inactive players will automatically lose when time's up. (requested by sidhuistic)
|inactive|Torkoal waifu has 60 seconds left.
|
|t:|1785166227
|teamsize|p1|4
|teamsize|p2|4
|start
|switch|p1a: Tyranitar|Tyranitar, L50, M|100/100
|switch|p1b: Excadrill|Excadrill, L50, F|100/100
|switch|p2a: Kingambit|Kingambit, L50, M|100/100
|switch|p2b: Farigiraf|Farigiraf, L50, F|100/100
|-weather|Sandstorm|[from] ability: Sand Stream|[of] p1a: Tyranitar
|turn|1
|
|t:|1785166247
|detailschange|p1a: Tyranitar|Tyranitar-Mega, L50, M
|-mega|p1a: Tyranitar|Tyranitar|Tyranitarite
|move|p2a: Kingambit|Sucker Punch|p1a: Tyranitar
|-resisted|p1a: Tyranitar|1
|-damage|p1a: Tyranitar|85/100
|move|p1b: Excadrill|Rock Slide|p2a: Kingambit|[spread] p2b
|-miss|p1b: Excadrill|p2a: Kingambit
|-damage|p2b: Farigiraf|83/100
|move|p1a: Tyranitar|Rock Slide|p2b: Farigiraf|[spread] p2a,p2b
|-resisted|p2a: Kingambit|1
|-damage|p2a: Kingambit|84/100
|-damage|p2b: Farigiraf|58/100
|move|p2b: Farigiraf|Trick Room|p2b: Farigiraf
|-fieldstart|move: Trick Room|[of] p2b: Farigiraf
|
|-weather|Sandstorm|[upkeep]
|-damage|p2b: Farigiraf|52/100|[from] Sandstorm
|upkeep
|turn|2
|inactive|Torkoal waifu has 30 seconds left.
|inactive|sidhuistic has 30 seconds left.
|inactive|Torkoal waifu has 20 seconds left.
|inactive|Torkoal waifu has 15 seconds left.
|inactive|sidhuistic has 20 seconds left.
|inactive|Torkoal waifu has 10 seconds left.
|inactive|Torkoal waifu has 5 seconds left.
|
|t:|1785166298
|move|p1b: Excadrill|Protect|p1b: Excadrill
|-singleturn|p1b: Excadrill|Protect
|move|p2b: Farigiraf|Thunderbolt|p1a: Tyranitar
|-damage|p1a: Tyranitar|72/100
|move|p2a: Kingambit|Low Kick|p1b: Excadrill
|-activate|p1b: Excadrill|move: Protect
|move|p1a: Tyranitar|Knock Off|p2a: Kingambit
|-resisted|p2a: Kingambit|1
|-damage|p2a: Kingambit|60/100
|-enditem|p2a: Kingambit|Focus Sash|[from] move: Knock Off|[of] p1a: Tyranitar
|
|-weather|Sandstorm|[upkeep]
|-damage|p2b: Farigiraf|46/100|[from] Sandstorm
|-enditem|p2b: Farigiraf|Sitrus Berry|[eat]
|-heal|p2b: Farigiraf|71/100|[from] item: Sitrus Berry
|upkeep
|turn|3
|inactive|sidhuistic has 30 seconds left.
|inactive|Torkoal waifu has 30 seconds left.
|
|t:|1785166332
|switch|p1b: Milotic|Milotic, L50, M|100/100
|move|p2b: Farigiraf|Thunderbolt|p1a: Tyranitar
|-damage|p1a: Tyranitar|60/100
|move|p2a: Kingambit|Low Kick|p1b: Milotic
|-damage|p1b: Milotic|63/100
|move|p1a: Tyranitar|Rock Slide|p2a: Kingambit|[spread] p2a,p2b
|-resisted|p2a: Kingambit|1
|-damage|p2a: Kingambit|47/100
|-damage|p2b: Farigiraf|48/100
|
|-weather|Sandstorm|[upkeep]
|-damage|p2b: Farigiraf|42/100|[from] Sandstorm
|-damage|p1b: Milotic|57/100|[from] Sandstorm
|upkeep
|turn|4
|
|t:|1785166354
|move|p1b: Milotic|Protect|p1b: Milotic
|-singleturn|p1b: Milotic|Protect
|move|p1a: Tyranitar|Protect|p1a: Tyranitar
|-singleturn|p1a: Tyranitar|Protect
|move|p2b: Farigiraf|Thunderbolt|p1b: Milotic
|-activate|p1b: Milotic|move: Protect
|move|p2a: Kingambit|Low Kick|p1a: Tyranitar
|-activate|p1a: Tyranitar|move: Protect
|
|-weather|Sandstorm|[upkeep]
|-damage|p2b: Farigiraf|36/100|[from] Sandstorm
|-damage|p1b: Milotic|51/100|[from] Sandstorm
|upkeep
|turn|5
|
|t:|1785166371
|switch|p1a: Staraptor|Staraptor, L50, F|100/100
|-ability|p1a: Staraptor|Intimidate|boost
|-unboost|p2a: Kingambit|atk|1
|-ability|p2a: Kingambit|Defiant|boost
|-boost|p2a: Kingambit|atk|2
|-unboost|p2b: Farigiraf|atk|1
|move|p2b: Farigiraf|Thunderbolt|p1b: Milotic
|-supereffective|p1b: Milotic|1
|-damage|p1b: Milotic|18/100
|-enditem|p1b: Milotic|Sitrus Berry|[eat]
|-heal|p1b: Milotic|43/100|[from] item: Sitrus Berry
|move|p2a: Kingambit|Low Kick|p1a: Staraptor
|-damage|p1a: Staraptor|69/100
|move|p1b: Milotic|Scald|p2a: Kingambit
|-damage|p2a: Kingambit|14/100
|
|-weather|none
|-fieldend|move: Trick Room
|upkeep
|turn|6
|inactive|sidhuistic has 30 seconds left.
|inactive|Torkoal waifu has 30 seconds left.
|inactive|sidhuistic has 20 seconds left.
|inactive|Torkoal waifu has 20 seconds left.
|inactive|sidhuistic has 15 seconds left.
|inactive|Torkoal waifu has 15 seconds left.
|inactive|sidhuistic has 10 seconds left.
|inactive|Torkoal waifu has 10 seconds left.
|inactive|sidhuistic has 5 seconds left.
|inactive|Torkoal waifu has 5 seconds left.
|
|t:|1785166423
|move|p2a: Kingambit|Sucker Punch|p1b: Milotic
|-damage|p1b: Milotic|0 fnt
|faint|p1b: Milotic
|move|p1a: Staraptor|Brave Bird|p2b: Farigiraf
|-damage|p2b: Farigiraf|1/100
|-damage|p1a: Staraptor|56/100|[from] Recoil
|move|p2b: Farigiraf|Thunderbolt|p1a: Staraptor
|-supereffective|p1a: Staraptor|1
|-damage|p1a: Staraptor|0 fnt
|faint|p1a: Staraptor
|
|upkeep
|
|t:|1785166434
|switch|p1a: Tyranitar|Tyranitar-Mega, L50, M|60/100
|switch|p1b: Excadrill|Excadrill, L50, F|100/100
|-weather|Sandstorm|[from] ability: Sand Stream|[of] p1a: Tyranitar
|turn|7
|inactive|sidhuistic has 30 seconds left.
|inactive|Torkoal waifu has 30 seconds left.
|inactive|sidhuistic has 20 seconds left.
|inactive|Torkoal waifu has 20 seconds left.
|inactive|Torkoal waifu has 15 seconds left.
|inactive|sidhuistic has 15 seconds left.
|inactive|Torkoal waifu has 10 seconds left.
|inactive|sidhuistic has 10 seconds left.
|inactive|Torkoal waifu has 5 seconds left.
|
|t:|1785166489
|move|p1b: Excadrill|Rock Slide|p2b: Farigiraf|[spread] p2a,p2b
|-resisted|p2a: Kingambit|1
|-damage|p2a: Kingambit|4/100
|-damage|p2b: Farigiraf|0 fnt
|faint|p2b: Farigiraf
|move|p1a: Tyranitar|Dragon Dance|p1a: Tyranitar
|-boost|p1a: Tyranitar|atk|1
|-boost|p1a: Tyranitar|spe|1
|move|p2a: Kingambit|Kowtow Cleave|p1a: Tyranitar
|-resisted|p1a: Tyranitar|1
|-damage|p1a: Tyranitar|35/100
|
|-weather|Sandstorm|[upkeep]
|upkeep
|
|t:|1785166500
|switch|p2b: Charizard|Charizard, L50, M|100/100
|turn|8
|inactive|Torkoal waifu has 30 seconds left.
|
|t:|1785166529
|detailschange|p2b: Charizard|Charizard-Mega-Y, L50, M
|-mega|p2b: Charizard|Charizard|Charizardite Y
|-weather|SunnyDay|[from] ability: Drought|[of] p2b: Charizard
|move|p1a: Tyranitar|Protect|p1a: Tyranitar
|-singleturn|p1a: Tyranitar|Protect
|move|p2a: Kingambit|Sucker Punch||[still]
|-fail|p2a: Kingambit
|move|p1b: Excadrill|Rock Slide|p2b: Charizard|[spread] p2a,p2b
|-resisted|p2a: Kingambit|1
|-supereffective|p2b: Charizard|2
|-damage|p2a: Kingambit|0 fnt
|-damage|p2b: Charizard|19/100
|faint|p2a: Kingambit
|move|p2b: Charizard|Heat Wave|p1b: Excadrill|[spread] p1b
|-activate|p1a: Tyranitar|move: Protect
|-supereffective|p1b: Excadrill|1
|-crit|p1b: Excadrill
|-enditem|p1b: Excadrill|Focus Sash
|-damage|p1b: Excadrill|1/100
|
|-weather|SunnyDay|[upkeep]
|upkeep
|
|t:|1785166545
|switch|p2a: Sylveon|Sylveon, L50, M|100/100
|turn|9
|inactive|sidhuistic has 30 seconds left.
|
|t:|1785166579
|move|p2b: Charizard|Protect|p2b: Charizard
|-singleturn|p2b: Charizard|Protect
|move|p2a: Sylveon|Quick Attack|p1b: Excadrill
|-resisted|p1b: Excadrill|1
|-damage|p1b: Excadrill|0 fnt
|faint|p1b: Excadrill
|move|p1a: Tyranitar|Rock Slide|p2a: Sylveon|[spread] 
|-activate|p2b: Charizard|move: Protect
|-miss|p1a: Tyranitar|p2a: Sylveon
|
|-weather|SunnyDay|[upkeep]
|upkeep
|turn|10
|c|☆sidhuistic|u won for luck noob
|c|☆sidhuistic|ggs
|inactive|Torkoal waifu has 30 seconds left.
|inactive|Torkoal waifu has 20 seconds left.
|
|t:|1785166619
|move|p1a: Tyranitar|Rock Slide|p2b: Charizard|[spread] p2b
|-miss|p1a: Tyranitar|p2a: Sylveon
|-supereffective|p2b: Charizard|2
|-damage|p2b: Charizard|0 fnt
|faint|p2b: Charizard
|move|p2a: Sylveon|Hyper Voice|p1a: Tyranitar
|-supereffective|p1a: Tyranitar|1
|-damage|p1a: Tyranitar|0 fnt
|faint|p1a: Tyranitar
|
|win|Torkoal waifu
|raw|sidhuistic's rating: 1140 → 1109(-31 for losing)
|raw|Torkoal waifu's rating: 1049 → 1090(+41 for winning)
|l|☆sidhuistic
|player|p1|
