|j|☆aqueousbloop
|j|☆anderitur
|html|aqueousbloopanderitur    
|uhtml|bestof|Game 3 of a best-of-3
|t:|1756376648
|gametype|doubles
|player|p1|aqueousbloop|169|1115
|player|p2|anderitur|266|1123
|gen|9
|tier|[Gen 9] VGC 2025 Reg H (Bo3)
|rated|
|rule|Species Clause: Limit one of each Pokémon
|rule|Item Clause: Limit 1 of each item
|clearpoke
|poke|p1|Sneasler, L50, F|
|poke|p1|Basculegion, L50, M|
|poke|p1|Pelipper, L50, M|
|poke|p1|Lurantis, L50, F|
|poke|p1|Hatterene, L50, F|
|poke|p1|Archaludon, L50, F|
|poke|p2|Grimmsnarl, L50, M|
|poke|p2|Sinistcha, L50|
|poke|p2|Archaludon, L50, F|
|poke|p2|Maushold, L50|
|poke|p2|Pelipper, L50, M|
|poke|p2|Annihilape, L50, F|
|teampreview|4
|showteam|p1|Sneasler||SafetyGoggles|PoisonTouch|ThroatChop,CloseCombat,DireClaw,FakeOut|||F|||50|,,,,,Dark]Basculegion||ChoiceBand|SwiftSwim|FlipTurn,WaveCrash,LastRespects,AquaJet|||M|||50|,,,,,Grass]Pelipper||FocusSash|Drizzle|Hurricane,WeatherBall,WideGuard,Protect|||M|||50|,,,,,Ghost]Lurantis||AssaultVest|Contrary|Superpower,LeafBlade,KnockOff,LeechLife|||F|||50|,,,,,Poison]Hatterene||Leftovers|MagicBounce|TrickRoom,HelpingHand,DazzlingGleam,Protect|||F|||50|,,,,,Psychic]Archaludon||PowerHerb|Stamina|BodyPress,ElectroShot,DracoMeteor,Protect|||F|||50|,,,,,Water
|showteam|p2|Grimmsnarl||LightClay|Prankster|SpiritBreak,ThunderWave,Reflect,LightScreen|||M|||50|,,,,,Ghost]Sinistcha||SitrusBerry|Hospitality|MatchaGotcha,LifeDew,RagePowder,TrickRoom||||||50|,,,,,Dark]Archaludon||AssaultVest|Stamina|ElectroShot,FlashCannon,BodyPress,Snarl|||F|||50|,,,,,Grass]Maushold||SafetyGoggles|FriendGuard|BeatUp,Taunt,FollowMe,Protect||||||50|,,,,,Ghost]Pelipper||FocusSash|Drizzle|Hurricane,WeatherBall,Tailwind,Protect|||M|||50|,,,,,Ghost]Annihilape||Leftovers|Defiant|DrainPunch,RageFist,BulkUp,Protect|||F|||50|,,,,,Water
|inactive|Battle timer is ON: inactive players will automatically lose when time's up. (requested by anderitur)
|inactive|anderitur has 60 seconds left.
|
|t:|1756376680
|teamsize|p1|4
|teamsize|p2|4
|start
|switch|p1a: Sneasler|Sneasler, L50, F|100/100
|switch|p1b: Basculegion|Basculegion, L50, M|100/100
|switch|p2a: Grimmsnarl|Grimmsnarl, L50, M|100/100
|switch|p2b: Pelipper|Pelipper, L50, M|100/100
|-weather|RainDance|[from] ability: Drizzle|[of] p2b: Pelipper
|turn|1
|inactive|aqueousbloop has 30 seconds left.
|inactive|aqueousbloop has 20 seconds left.
|inactive|aqueousbloop has 15 seconds left.
|inactive|aqueousbloop has 10 seconds left.
|inactive|aqueousbloop has 5 seconds left.
|
|t:|1756376735
|switch|p2b: Archaludon|Archaludon, L50, F|100/100
|-terastallize|p2a: Grimmsnarl|Ghost
|move|p2a: Grimmsnarl|Reflect|p2a: Grimmsnarl
|-sidestart|p2: anderitur|Reflect
|move|p1b: Basculegion|Flip Turn|p2b: Archaludon
|-resisted|p2b: Archaludon
|-damage|p2b: Archaludon|87/100
|-ability|p2b: Archaludon|Stamina|boost
|-boost|p2b: Archaludon|def|1
|
|t:|1756376750
|switch|p1b: Lurantis|Lurantis, L50, F|100/100|[from] Flip Turn
|move|p1a: Sneasler|Throat Chop|p2a: Grimmsnarl
|-supereffective|p2a: Grimmsnarl
|-damage|p2a: Grimmsnarl|55/100
|-start|p2a: Grimmsnarl|Throat Chop|[silent]
|
|-weather|RainDance|[upkeep]
|upkeep
|turn|2
|inactive|aqueousbloop has 30 seconds left.
|
|t:|1756376784
|move|p2a: Grimmsnarl|Thunder Wave|p1a: Sneasler|[miss]
|-miss|p2a: Grimmsnarl|p1a: Sneasler
|move|p1a: Sneasler|Dire Claw|p2a: Grimmsnarl
|-resisted|p2a: Grimmsnarl
|-damage|p2a: Grimmsnarl|40/100
|move|p2b: Archaludon|Electro Shot||[still]
|-prepare|p2b: Archaludon|Electro Shot
|-boost|p2b: Archaludon|spa|1
|-anim|p2b: Archaludon|Electro Shot|p1a: Sneasler
|-damage|p1a: Sneasler|24/100
|move|p1b: Lurantis|Superpower|p2a: Grimmsnarl
|-immune|p2a: Grimmsnarl
|
|-weather|RainDance|[upkeep]
|-end|p2a: Grimmsnarl|Throat Chop|[silent]
|upkeep
|turn|3
|inactive|aqueousbloop has 30 seconds left.
|inactive|anderitur has 30 seconds left.
|inactive|aqueousbloop has 20 seconds left.
|inactive|aqueousbloop has 15 seconds left.
|
|t:|1756376825
|move|p2a: Grimmsnarl|Thunder Wave|p1b: Lurantis|[miss]
|-miss|p2a: Grimmsnarl|p1b: Lurantis
|move|p1a: Sneasler|Throat Chop|p2a: Grimmsnarl
|-supereffective|p2a: Grimmsnarl
|-damage|p2a: Grimmsnarl|0 fnt
|faint|p2a: Grimmsnarl
|move|p2b: Archaludon|Electro Shot||[still]
|-prepare|p2b: Archaludon|Electro Shot
|-boost|p2b: Archaludon|spa|1
|-anim|p2b: Archaludon|Electro Shot|p1a: Sneasler
|-damage|p1a: Sneasler|0 fnt
|faint|p1a: Sneasler
|move|p1b: Lurantis|Superpower|p2b: Archaludon
|-supereffective|p2b: Archaludon
|-damage|p2b: Archaludon|63/100
|-boost|p1b: Lurantis|atk|1
|-boost|p1b: Lurantis|def|1
|-ability|p2b: Archaludon|Stamina|boost
|-boost|p2b: Archaludon|def|1
|
|-weather|RainDance|[upkeep]
|upkeep
|inactive|aqueousbloop has 30 seconds left.
|inactive|anderitur has 30 seconds left.
|
|t:|1756376853
|switch|p1a: Basculegion|Basculegion, L50, M|100/100
|switch|p2a: Pelipper|Pelipper, L50, M|100/100
|turn|4
|inactive|aqueousbloop has 30 seconds left.
|inactive|aqueousbloop has 20 seconds left.
|inactive|aqueousbloop has 15 seconds left.
|inactive|aqueousbloop has 10 seconds left.
|inactive|aqueousbloop has 5 seconds left.
|
|t:|1756376903
|-terastallize|p1b: Lurantis|Poison
|move|p1a: Basculegion|Last Respects|p2a: Pelipper
|-damage|p2a: Pelipper|26/100
|move|p2a: Pelipper|Hurricane|p1b: Lurantis
|-damage|p1b: Lurantis|61/100
|move|p2b: Archaludon|Electro Shot||[still]
|-prepare|p2b: Archaludon|Electro Shot
|-boost|p2b: Archaludon|spa|1
|-anim|p2b: Archaludon|Electro Shot|p1a: Basculegion
|-supereffective|p1a: Basculegion
|-damage|p1a: Basculegion|0 fnt
|faint|p1a: Basculegion
|move|p1b: Lurantis|Superpower|p2a: Pelipper
|-resisted|p2a: Pelipper
|-damage|p2a: Pelipper|0 fnt
|-boost|p1b: Lurantis|atk|1
|-boost|p1b: Lurantis|def|1
|faint|p2a: Pelipper
|
|-weather|RainDance|[upkeep]
|upkeep
|
|t:|1756376928
|switch|p1a: Pelipper|Pelipper, L50, M|100/100
|switch|p2a: Annihilape|Annihilape, L50, F|100/100
|turn|5
|inactive|aqueousbloop has 30 seconds left.
|inactive|aqueousbloop has 20 seconds left.
|inactive|aqueousbloop has 15 seconds left.
|
|t:|1756376971
|move|p2a: Annihilape|Protect|p2a: Annihilape
|-singleturn|p2a: Annihilape|Protect
|move|p2b: Archaludon|Electro Shot||[still]
|-prepare|p2b: Archaludon|Electro Shot
|-boost|p2b: Archaludon|spa|1
|-anim|p2b: Archaludon|Electro Shot|p1b: Lurantis
|-damage|p1b: Lurantis|0 fnt
|faint|p1b: Lurantis
|move|p1a: Pelipper|Hurricane|p2a: Annihilape
|-activate|p2a: Annihilape|move: Protect
|
|-weather|none
|upkeep
|turn|6
|
|t:|1756376990
|move|p2a: Annihilape|Rage Fist|p1a: Pelipper
|-damage|p1a: Pelipper|77/100
|move|p2b: Archaludon|Flash Cannon|p1a: Pelipper
|-resisted|p1a: Pelipper
|-crit|p1a: Pelipper
|-damage|p1a: Pelipper|0 fnt
|faint|p1a: Pelipper
|
|win|anderitur
|raw|aqueousbloop's rating: 1115 → 1091(-24 for losing)
|raw|anderitur's rating: 1123 → 1147(+24 for winning)
