|j|☆Bray626258244
|j|☆x-demon18
|html|Bray626258244x-demon18    
|uhtml|bestof|Game 1 of a best-of-3
|t:|1784946137
|gametype|doubles
|player|p1|Bray626258244|cynthia|1000
|player|p2|x-demon18|pokefan-gen4|1088
|gen|9
|tier|[Gen 9 Champions] VGC 2026 Reg M-B (Bo3)
|rated|
|rule|Species Clause: Limit one of each Pokémon
|rule|Item Clause: Limit 1 of each item
|clearpoke
|poke|p1|Sceptile, L50, F|
|poke|p1|Whimsicott, L50, F|
|poke|p1|Typhlosion-Hisui, L50, F|
|poke|p1|Sylveon, L50, M|
|poke|p1|Basculegion, L50, M|
|poke|p1|Incineroar, L50, F|
|poke|p2|Tyranitar, L50, M|
|poke|p2|Metagross, L50, shiny|
|poke|p2|Garchomp, L50, M|
|poke|p2|Primarina, L50, M|
|poke|p2|Rotom-Heat, L50|
|poke|p2|Sinistcha, L50|
|teampreview|4
|showteam|p1|Sceptile||Sceptilite|Unburden|DragonPulse,LeafStorm,EarthPower,Protect|Timid||F|||50|]Whimsicott||FocusSash|Prankster|Encore,Tailwind,Moonblast,Protect|Bold||F|||50|]Typhlosion-Hisui||Charcoal|Frisk|Eruption,HeatWave,ShadowBall,Protect|Timid||F|||50|]Sylveon||FairyFeather|Pixilate|HyperVoice,HyperBeam,QuickAttack,Protect|Sassy||M|||50|]Basculegion||LifeOrb|MoldBreaker|AquaJet,WaveCrash,LastRespects,Protect|Hasty||M|||50|]Incineroar||BlackGlasses|Intimidate|PartingShot,FakeOut,FlareBlitz,Protect|Careful||F|||50|
|showteam|p2|Tyranitar||Tyranitarite|SandStream|RockSlide,KnockOff,IcePunch,Protect|Adamant||M|||50|]Metagross||Metagrossite|ClearBody|IronHead,PsychicFangs,HammerArm,Protect|Adamant|||||50|]Garchomp||LifeOrb|RoughSkin|RockSlide,DragonClaw,StompingTantrum,Protect|Jolly||M|||50|]Primarina||Leftovers|LiquidVoice|HyperVoice,Moonblast,IcyWind,Protect|Modest||M|||50|]Rotom-Heat||SitrusBerry|Levitate|Overheat,Electroweb,WillOWisp,VoltSwitch|Modest|||||50|]Sinistcha||KasibBerry|Hospitality|MatchaGotcha,ShadowBall,RagePowder,Protect|Quiet|||||50|
|
|t:|1784946170
|teamsize|p1|4
|teamsize|p2|4
|start
|switch|p1a: Typhlosion|Typhlosion-Hisui, L50, F|100/100
|switch|p1b: Whimsicott|Whimsicott, L50, F|100/100
|switch|p2a: Juggernaut|Tyranitar, L50, M|100/100
|switch|p2b: Prometheus|Rotom-Heat, L50|100/100
|-item|p2a: Juggernaut|Tyranitarite|[from] ability: Frisk|[of] p1a: Typhlosion
|-item|p2b: Prometheus|Sitrus Berry|[from] ability: Frisk|[of] p1a: Typhlosion
|-weather|Sandstorm|[from] ability: Sand Stream|[of] p2a: Juggernaut
|turn|1
|
|t:|1784946200
|move|p2a: Juggernaut|Protect|p2a: Juggernaut
|-singleturn|p2a: Juggernaut|Protect
|move|p1b: Whimsicott|Tailwind|p1b: Whimsicott
|-sidestart|p1: Bray626258244|move: Tailwind
|move|p1a: Typhlosion|Eruption|p2a: Juggernaut|[spread] p2b
|-activate|p2a: Juggernaut|move: Protect
|-resisted|p2b: Prometheus|1
|-damage|p2b: Prometheus|65/100
|move|p2b: Prometheus|Overheat|p1b: Whimsicott
|-supereffective|p1b: Whimsicott|1
|-enditem|p1b: Whimsicott|Focus Sash
|-damage|p1b: Whimsicott|1/100
|-unboost|p2b: Prometheus|spa|2
|
|-weather|Sandstorm|[upkeep]
|-damage|p1b: Whimsicott|0 fnt|[from] Sandstorm
|-damage|p1a: Typhlosion|94/100|[from] Sandstorm
|-damage|p2b: Prometheus|59/100|[from] Sandstorm
|faint|p1b: Whimsicott
|upkeep
|
|t:|1784946226
|switch|p1b: Sylveon|Sylveon, L50, M|100/100
|turn|2
|
|t:|1784946239
|detailschange|p2a: Juggernaut|Tyranitar-Mega, L50, M
|-mega|p2a: Juggernaut|Tyranitar|Tyranitarite
|move|p1a: Typhlosion|Eruption|p2a: Juggernaut|[spread] p2a,p2b
|-resisted|p2a: Juggernaut|1
|-resisted|p2b: Prometheus|1
|-damage|p2a: Juggernaut|82/100
|-damage|p2b: Prometheus|28/100
|-enditem|p2b: Prometheus|Sitrus Berry|[eat]
|-heal|p2b: Prometheus|53/100|[from] item: Sitrus Berry
|move|p1b: Sylveon|Hyper Voice|p2b: Prometheus|[spread] p2a,p2b
|-supereffective|p2a: Juggernaut|1
|-resisted|p2b: Prometheus|1
|-damage|p2a: Juggernaut|42/100
|-damage|p2b: Prometheus|35/100
|move|p2b: Prometheus|Volt Switch|p1b: Sylveon
|-damage|p1b: Sylveon|92/100
|
|t:|1784946253
|switch|p2b: Don Julio|Sinistcha, L50|100/100|[from] Volt Switch
|-heal|p2a: Juggernaut|67/100|[from] ability: Hospitality|[of] p2b: Don Julio
|move|p2a: Juggernaut|Rock Slide|p1b: Sylveon|[spread] 
|-miss|p2a: Juggernaut|p1a: Typhlosion
|-miss|p2a: Juggernaut|p1b: Sylveon
|
|-weather|Sandstorm|[upkeep]
|-damage|p1a: Typhlosion|88/100|[from] Sandstorm
|-damage|p1b: Sylveon|86/100|[from] Sandstorm
|-damage|p2b: Don Julio|93/100|[from] Sandstorm
|upkeep
|turn|3
|
|t:|1784946276
|switch|p2b: Prometheus|Rotom-Heat, L50|35/100
|move|p1a: Typhlosion|Heat Wave|p2a: Juggernaut|[spread] p2a,p2b
|-resisted|p2a: Juggernaut|1
|-resisted|p2b: Prometheus|1
|-damage|p2a: Juggernaut|57/100
|-damage|p2b: Prometheus|14/100
|move|p1b: Sylveon|Hyper Voice|p2b: Prometheus|[spread] p2a,p2b
|-supereffective|p2a: Juggernaut|1
|-resisted|p2b: Prometheus|1
|-damage|p2a: Juggernaut|17/100
|-damage|p2b: Prometheus|0 fnt
|faint|p2b: Prometheus
|move|p2a: Juggernaut|Rock Slide|p1b: Sylveon|[spread] p1a,p1b
|-supereffective|p1a: Typhlosion|1
|-damage|p1a: Typhlosion|0 fnt
|-damage|p1b: Sylveon|42/100
|faint|p1a: Typhlosion
|
|-weather|Sandstorm|[upkeep]
|-damage|p1b: Sylveon|36/100|[from] Sandstorm
|upkeep
|
|t:|1784946301
|switch|p1a: Sceptile|Sceptile, L50, F|100/100
|switch|p2b: Don Julio|Sinistcha, L50|93/100
|-heal|p2a: Juggernaut|42/100|[from] ability: Hospitality|[of] p2b: Don Julio
|turn|4
|
|t:|1784946322
|detailschange|p1a: Sceptile|Sceptile-Mega, L50, F
|-mega|p1a: Sceptile|Sceptile|Sceptilite
|move|p2a: Juggernaut|Protect|p2a: Juggernaut
|-singleturn|p2a: Juggernaut|Protect
|move|p1a: Sceptile|Dragon Pulse|p2b: Don Julio
|-damage|p2b: Don Julio|44/100
|move|p1b: Sylveon|Hyper Voice|p2b: Don Julio|[spread] p2b
|-activate|p2a: Juggernaut|move: Protect
|-crit|p2b: Don Julio
|-damage|p2b: Don Julio|0 fnt
|faint|p2b: Don Julio
|
|-weather|Sandstorm|[upkeep]
|-damage|p1a: Sceptile|93/100|[from] Sandstorm
|-damage|p1b: Sylveon|30/100|[from] Sandstorm
|-sideend|p1: Bray626258244|move: Tailwind
|upkeep
|
|t:|1784946338
|switch|p2b: Caliope|Primarina, L50, M|100/100
|turn|5
|
|t:|1784946363
|move|p1a: Sceptile|Leaf Storm|p2b: Caliope
|-supereffective|p2b: Caliope|1
|-damage|p2b: Caliope|0 fnt
|-unboost|p1a: Sceptile|spa|2
|faint|p2b: Caliope
|move|p2a: Juggernaut|Ice Punch|p1a: Sceptile
|-supereffective|p1a: Sceptile|2
|-damage|p1a: Sceptile|0 fnt
|faint|p1a: Sceptile
|move|p1b: Sylveon|Hyper Voice|p2a: Juggernaut
|-supereffective|p2a: Juggernaut|1
|-damage|p2a: Juggernaut|0 fnt
|faint|p2a: Juggernaut
|
|win|Bray626258244
|inactive|Bray626258244 has 30 seconds to confirm battle start!
|inactive|x-demon18 has 30 seconds to confirm battle start!
|inactive|Bray626258244 has 20 seconds to confirm battle start!
|inactive|x-demon18 has 20 seconds to confirm battle start!
|inactive|Bray626258244 has 10 seconds to confirm battle start!
|inactive|x-demon18 has 10 seconds to confirm battle start!
|l|☆x-demon18
|player|p2|
|uhtml|next|Next: Game 2 of 3
|j|☆x-demon18
|player|p2|x-demon18|pokefan-gen4|
