|j|☆VyersFGC
|j|☆CrazyComet37
|html|VyersFGCCrazyComet37    
|uhtml|bestof|Game 2 of a best-of-3
|t:|1783482530
|gametype|doubles
|player|p1|VyersFGC|pokemonranger|1188
|player|p2|CrazyComet37|flint|1274
|gen|9
|tier|[Gen 9 Champions] VGC 2026 Reg M-B (Bo3)
|rated|
|rule|Species Clause: Limit one of each Pokémon
|rule|Item Clause: Limit 1 of each item
|clearpoke
|poke|p1|Raichu, L50, F|
|poke|p1|Ninetales-Alola, L50, M|
|poke|p1|Ditto, L50|
|poke|p1|Gyarados, L50, F|
|poke|p1|Sinistcha, L50|
|poke|p1|Talonflame, L50, F|
|poke|p2|Whimsicott, L50, M|
|poke|p2|Garchomp, L50, M|
|poke|p2|Charizard, L50, M|
|poke|p2|Floette-Eternal, L50, F|
|poke|p2|Kingambit, L50, M|
|poke|p2|Basculegion, L50, M|
|teampreview|4
|showteam|p1|Raichu||RaichuniteY|LightningRod|ZapCannon,FakeOut,Protect,FocusBlast|Timid||F|||50|]Ninetales-Alola||LightClay|SnowWarning|Blizzard,Moonblast,AuroraVeil,FreezeDry|Modest||M|||50|]Ditto||WhiteHerb|Imposter|Transform|Serious|||||50|]Gyarados||Leftovers|Intimidate|Waterfall,DragonDance,Crunch,Protect|Adamant||F|||50|]Sinistcha||SitrusBerry|Hospitality|MatchaGotcha,Hex,Protect,RagePowder|Quiet|||||50|]Talonflame||SharpBeak|GaleWings|BraveBird,Tailwind,WillOWisp,Protect|Adamant||F|||50|
|showteam|p2|Whimsicott||FocusSash|Prankster|Protect,Tailwind,Moonblast,Encore|Timid||M|||50|]Garchomp||LifeOrb|RoughSkin|Protect,Earthquake,DragonClaw,RockSlide|Jolly||M|||50|]Charizard||CharizarditeY|Blaze|Protect,HeatWave,WeatherBall,SolarBeam|Modest||M|||50|]Floette-Eternal||Floettite|FlowerVeil|Protect,LightofRuin,DazzlingGleam,Moonblast|Modest||F|||50|]Kingambit||ChopleBerry|Defiant|IronHead,SuckerPunch,KowtowCleave,LowKick|Adamant||M|||50|]Basculegion||MysticWater|Adaptability|Protect,AquaJet,LastRespects,WaveCrash|Adamant||M|||50|
|inactive|Battle timer is ON: inactive players will automatically lose when time's up. (requested by CrazyComet37)
|
|t:|1783482555
|teamsize|p1|4
|teamsize|p2|4
|start
|switch|p1a: Gyarados|Gyarados, L50, F|100/100
|switch|p1b: Talonflame|Talonflame, L50, F|100/100
|switch|p2a: Basculegion|Basculegion, L50, M|100/100
|switch|p2b: Floette|Floette-Eternal, L50, F|100/100
|-ability|p1a: Gyarados|Intimidate|boost
|-unboost|p2a: Basculegion|atk|1
|-unboost|p2b: Floette|atk|1
|turn|1
|inactive|CrazyComet37 has 30 seconds left.
|
|t:|1783482581
|detailschange|p2b: Floette|Floette-Mega, L50, F
|-mega|p2b: Floette|Floette|Floettite
|-ability|p2b: Floette|Fairy Aura
|move|p1b: Talonflame|Tailwind|p1b: Talonflame
|-sidestart|p1: VyersFGC|move: Tailwind
|move|p1a: Gyarados|Dragon Dance|p1a: Gyarados
|-boost|p1a: Gyarados|atk|1
|-boost|p1a: Gyarados|spe|1
|move|p2b: Floette|Moonblast|p1a: Gyarados
|-damage|p1a: Gyarados|24/100
|move|p2a: Basculegion|Wave Crash|p1b: Talonflame
|-supereffective|p1b: Talonflame|1
|-damage|p1b: Talonflame|0 fnt
|faint|p1b: Talonflame
|-damage|p2a: Basculegion|69/100|[from] Recoil
|
|-heal|p1a: Gyarados|30/100|[from] item: Leftovers
|upkeep
|
|t:|1783482600
|switch|p1b: Raichu|Raichu, L50, F|100/100
|turn|2
|
|t:|1783482613
|detailschange|p1b: Raichu|Raichu-Mega-Y, L50, F
|-mega|p1b: Raichu|Raichu|Raichunite Y
|move|p2b: Floette|Protect|p2b: Floette
|-singleturn|p2b: Floette|Protect
|move|p2a: Basculegion|Protect|p2a: Basculegion
|-singleturn|p2a: Basculegion|Protect
|move|p1b: Raichu|Fake Out|p2b: Floette
|-activate|p2b: Floette|move: Protect
|move|p1a: Gyarados|Crunch|p2a: Basculegion
|-activate|p2a: Basculegion|move: Protect
|
|-heal|p1a: Gyarados|36/100|[from] item: Leftovers
|upkeep
|turn|3
|inactive|VyersFGC has 30 seconds left.
|
|t:|1783482647
|move|p1b: Raichu|Protect|p1b: Raichu
|-singleturn|p1b: Raichu|Protect
|move|p2a: Basculegion|Aqua Jet|p1b: Raichu
|-activate|p1b: Raichu|move: Protect
|move|p1a: Gyarados|Waterfall|p2b: Floette
|-damage|p2b: Floette|6/100
|move|p2b: Floette|Dazzling Gleam|p1b: Raichu|[spread] p1a
|-activate|p1b: Raichu|move: Protect
|-damage|p1a: Gyarados|0 fnt
|faint|p1a: Gyarados
|
|upkeep
|
|t:|1783482661
|switch|p1a: Ditto|Ditto, L50|100/100
|-transform|p1a: Ditto|p2b: Floette|[from] ability: Imposter
|-ability|p1a: Ditto|Fairy Aura
|-enditem|p1a: Ditto|White Herb
|-clearnegativeboost|p1a: Ditto|[silent]
|turn|4
|inactive|CrazyComet37 has 30 seconds left.
|inactive|CrazyComet37 has 20 seconds left.
|inactive|CrazyComet37 has 15 seconds left.
|
|t:|1783482702
|move|p2a: Basculegion|Aqua Jet|p1a: Ditto
|-damage|p1a: Ditto|69/100
|move|p1b: Raichu|Zap Cannon|p2a: Basculegion
|-supereffective|p2a: Basculegion|1
|-damage|p2a: Basculegion|0 fnt
|faint|p2a: Basculegion
|move|p1a: Ditto|Dazzling Gleam|p2b: Floette
|-damage|p2b: Floette|0 fnt
|faint|p2b: Floette
|
|-sideend|p1: VyersFGC|move: Tailwind
|upkeep
|
|t:|1783482709
|switch|p2b: Garchomp|Garchomp, L50, M|100/100
|switch|p2a: Whimsicott|Whimsicott, L50, M|100/100
|turn|5
|inactive|VyersFGC has 30 seconds left.
|inactive|CrazyComet37 has 30 seconds left.
|inactive|CrazyComet37 has 20 seconds left.
|inactive|VyersFGC has 20 seconds left.
|inactive|CrazyComet37 has 15 seconds left.
|inactive|CrazyComet37 has 10 seconds left.
|
|t:|1783482755
|move|p2a: Whimsicott|Tailwind|p2a: Whimsicott
|-sidestart|p2: CrazyComet37|move: Tailwind
|move|p2b: Garchomp|Earthquake|p1a: Ditto|[spread] p2a,p1a,p1b
|-resisted|p2a: Whimsicott|1
|-supereffective|p1b: Raichu|1
|-damage|p2a: Whimsicott|62/100
|-damage|p1a: Ditto|6/100
|-damage|p1b: Raichu|0 fnt
|faint|p1b: Raichu
|-damage|p2b: Garchomp|90/100|[from] item: Life Orb
|move|p1a: Ditto|Moonblast|p2b: Garchomp
|-supereffective|p2b: Garchomp|1
|-damage|p2b: Garchomp|0 fnt
|faint|p2b: Garchomp
|
|upkeep
|turn|6
|
|t:|1783482772
|move|p1a: Ditto|Protect|p1a: Ditto
|-singleturn|p1a: Ditto|Protect
|move|p2a: Whimsicott|Moonblast|p1a: Ditto
|-activate|p1a: Ditto|move: Protect
|
|upkeep
|turn|7
|
|t:|1783482784
|move|p2a: Whimsicott|Moonblast|p1a: Ditto
|-damage|p1a: Ditto|0 fnt
|faint|p1a: Ditto
|
|win|CrazyComet37
|raw|VyersFGC's rating: 1188 → 1169(-19 for losing)
|raw|CrazyComet37's rating: 1274 → 1293(+19 for winning)
