|j|☆bbbl drizzay
|j|☆Eltodotibio
|html|bbbl drizzayEltodotibio    
|uhtml|bestof|Game 3 of a best-of-3
|t:|1757641984
|gametype|doubles
|player|p1|bbbl drizzay|player-go|1069
|player|p2|Eltodotibio|170|1031
|gen|9
|tier|[Gen 9] VGC 2025 Reg H (Bo3)
|rated|
|rule|Species Clause: Limit one of each Pokémon
|rule|Item Clause: Limit 1 of each item
|clearpoke
|poke|p1|Tyranitar, L50, M|
|poke|p1|Incineroar, L50, M|
|poke|p1|Archaludon, L50, F|
|poke|p1|Milotic, L50, M|
|poke|p1|Amoonguss, L50, F|
|poke|p1|Corviknight, L50, F|
|poke|p2|Annihilape, L50, F|
|poke|p2|Farigiraf, L50, F|
|poke|p2|Torkoal, L50, M|
|poke|p2|Ursaluna-Bloodmoon, L50, M|
|poke|p2|Gholdengo, L50|
|poke|p2|Murkrow, L50, M|
|teampreview|4
|showteam|p1|Tyranitar||AssaultVest|SandStream|RockSlide,TeraBlast,LowKick,KnockOff|||M|||50|,,,,,Grass]Incineroar||SafetyGoggles|Intimidate|KnockOff,FakeOut,PartingShot,FlareBlitz|||M|||50|,,,,,Ghost]Archaludon||PowerHerb|Stamina|Protect,BodyPress,ElectroShot,DragonPulse|||F|||50|,,,,,Ghost]Milotic||SitrusBerry|Competitive|Protect,Scald,Haze,IcyWind|||M|||50|,,,,,Grass]Amoonguss||MentalHerb|Regenerator|Protect,Spore,RagePowder,PollenPuff|||F|||50|,,,,,Dark]Corviknight||CovertCloak|MirrorArmor|BraveBird,Tailwind,BulkUp,Roost|||F|||50|,,,,,Dragon
|showteam|p2|Annihilape||ChoiceScarf|Defiant|CloseCombat,RageFist,FinalGambit,Uturn|||F|||50|,,,,,Fire]Farigiraf||ThroatSpray|ArmorTail|HyperVoice,Psychic,HelpingHand,TrickRoom|||F|||50|,,,,,Water]Torkoal||Charcoal|Drought|Eruption,HeatWave,WeatherBall,SolarBeam|||M|||50|,,,,,Fire]Ursaluna-Bloodmoon||LifeOrb|MindsEye|HyperVoice,BloodMoon,EarthPower,Protect|||M|||50|,,,,,Normal]Gholdengo||ChoiceSpecs|GoodasGold|MakeItRain,ShadowBall,Thunderbolt,DazzlingGleam||||||50|,,,,,Steel]Murkrow||FocusSash|Prankster|BraveBird,Tailwind,Haze,Protect|||M|||50|,,,,,Ghost
|inactive|Battle timer is ON: inactive players will automatically lose when time's up. (requested by Eltodotibio)
|
|t:|1757642013
|teamsize|p1|4
|teamsize|p2|4
|start
|switch|p1a: Corviknight|Corviknight, L50, F|100/100
|switch|p1b: Amoonguss|Amoonguss, L50, F|100/100
|switch|p2a: Gholdengo|Gholdengo, L50|100/100
|switch|p2b: Murkrow|Murkrow, L50, M|100/100
|turn|1
|inactive|bbbl drizzay has 30 seconds left.
|inactive|bbbl drizzay has 20 seconds left.
|
|t:|1757642049
|switch|p1b: Archaludon|Archaludon, L50, F|100/100
|move|p2b: Murkrow|Brave Bird|p1b: Archaludon
|-resisted|p1b: Archaludon
|-damage|p1b: Archaludon|79/100
|-ability|p1b: Archaludon|Stamina|boost
|-boost|p1b: Archaludon|def|1
|-damage|p2b: Murkrow|92/100|[from] Recoil
|move|p2a: Gholdengo|Thunderbolt|p1a: Corviknight
|-supereffective|p1a: Corviknight
|-damage|p1a: Corviknight|22/100
|move|p1a: Corviknight|Brave Bird|p2b: Murkrow
|-damage|p2b: Murkrow|0 fnt
|faint|p2b: Murkrow
|-damage|p1a: Corviknight|2/100|[from] Recoil
|
|upkeep
|
|t:|1757642071
|switch|p2b: Annihilape|Annihilape, L50, F|100/100
|turn|2
|inactive|bbbl drizzay has 30 seconds left.
|
|t:|1757642098
|switch|p2a: Ursaluna|Ursaluna-Bloodmoon, L50, M|100/100
|move|p1b: Archaludon|Protect|p1b: Archaludon
|-singleturn|p1b: Archaludon|Protect
|move|p2b: Annihilape|Close Combat|p1a: Corviknight
|-damage|p1a: Corviknight|0 fnt
|-unboost|p2b: Annihilape|def|1
|-unboost|p2b: Annihilape|spd|1
|faint|p1a: Corviknight
|
|upkeep
|
|t:|1757642112
|switch|p1a: Amoonguss|Amoonguss, L50, F|100/100
|turn|3
|inactive|bbbl drizzay has 30 seconds left.
|inactive|bbbl drizzay has 20 seconds left.
|inactive|bbbl drizzay has 15 seconds left.
|inactive|bbbl drizzay has 10 seconds left.
|
|t:|1757642160
|move|p1a: Amoonguss|Rage Powder|p1a: Amoonguss
|-singleturn|p1a: Amoonguss|move: Rage Powder
|move|p2b: Annihilape|Close Combat|p1a: Amoonguss
|-resisted|p1a: Amoonguss
|-damage|p1a: Amoonguss|84/100
|-unboost|p2b: Annihilape|def|1
|-unboost|p2b: Annihilape|spd|1
|move|p1b: Archaludon|Electro Shot||[still]
|-prepare|p1b: Archaludon|Electro Shot
|-boost|p1b: Archaludon|spa|1
|-enditem|p1b: Archaludon|Power Herb
|-anim|p1b: Archaludon|Electro Shot|p2b: Annihilape
|-damage|p2b: Annihilape|0 fnt
|faint|p2b: Annihilape
|move|p2a: Ursaluna|Blood Moon|p1a: Amoonguss
|-damage|p1a: Amoonguss|0 fnt
|faint|p1a: Amoonguss
|-damage|p2a: Ursaluna|90/100|[from] item: Life Orb
|
|upkeep
|
|t:|1757642176
|switch|p2b: Gholdengo|Gholdengo, L50|100/100
|switch|p1a: Tyranitar|Tyranitar, L50, M|100/100
|-weather|Sandstorm|[from] ability: Sand Stream|[of] p1a: Tyranitar
|turn|4
|inactive|bbbl drizzay has 30 seconds left.
|inactive|bbbl drizzay has 20 seconds left.
|inactive|bbbl drizzay has 15 seconds left.
|
|t:|1757642220
|-terastallize|p2a: Ursaluna|Normal
|move|p2b: Gholdengo|Shadow Ball|p1b: Archaludon
|-damage|p1b: Archaludon|0 fnt
|faint|p1b: Archaludon
|move|p1a: Tyranitar|Knock Off|p2b: Gholdengo
|-supereffective|p2b: Gholdengo
|-damage|p2b: Gholdengo|0 fnt
|-enditem|p2b: Gholdengo|Choice Specs|[from] move: Knock Off|[of] p1a: Tyranitar
|faint|p2b: Gholdengo
|move|p2a: Ursaluna|Hyper Voice|p1a: Tyranitar
|-resisted|p1a: Tyranitar
|-damage|p1a: Tyranitar|81/100
|-damage|p2a: Ursaluna|80/100|[from] item: Life Orb
|
|-weather|Sandstorm|[upkeep]
|-damage|p2a: Ursaluna|75/100|[from] Sandstorm
|upkeep
|turn|5
|
|t:|1757642240
|move|p1a: Tyranitar|Low Kick|p2a: Ursaluna
|-supereffective|p2a: Ursaluna
|-damage|p2a: Ursaluna|15/100
|move|p2a: Ursaluna|Blood Moon|p2: Gholdengo|[notarget]
|-fail|p2a: Ursaluna
|
|-weather|Sandstorm|[upkeep]
|-damage|p2a: Ursaluna|9/100|[from] Sandstorm
|upkeep
|turn|6
|c|☆bbbl drizzay|why did it fail
|c|☆bbbl drizzay|weird
|c|☆bbbl drizzay|ggs i lived but yeah
|inactive|bbbl drizzay has 30 seconds left.
|c|☆Eltodotibio|Miss click
|inactive|Eltodotibio has 30 seconds left.
|
|t:|1757642276
|move|p1a: Tyranitar|Knock Off|p2a: Ursaluna
|-damage|p2a: Ursaluna|0 fnt
|-enditem|p2a: Ursaluna|Life Orb|[from] move: Knock Off|[of] p1a: Tyranitar
|faint|p2a: Ursaluna
|
|win|bbbl drizzay
|raw|bbbl drizzay's rating: 1069 → 1095(+26 for winning)
|raw|Eltodotibio's rating: 1031 → 1018(-13 for losing)
|c|☆bbbl drizzay|but u didnt use it last turn?
