|j|☆lofiandchil
|j|☆soccerdude26
|html|lofiandchilsoccerdude26    
|uhtml|bestof|Game 3 of a best-of-3
|t:|1756764668
|gametype|doubles
|player|p1|lofiandchil|iris|1122
|player|p2|soccerdude26|volkner|1152
|gen|9
|tier|[Gen 9] VGC 2025 Reg H (Bo3)
|rated|
|rule|Species Clause: Limit one of each Pokémon
|rule|Item Clause: Limit 1 of each item
|clearpoke
|poke|p1|Electabuzz, L50, F|
|poke|p1|Kingambit, L50, F|
|poke|p1|Volcarona, L50, F|
|poke|p1|Dragonite, L50, M|
|poke|p1|Sneasler, L50, F|
|poke|p1|Rillaboom, L50, M|
|poke|p2|Sneasler, L50, F|
|poke|p2|Indeedee, L50, M|
|poke|p2|Volcarona, L50, F|
|poke|p2|Ursaluna-Bloodmoon, L50, M|
|poke|p2|Annihilape, L50, F|
|poke|p2|Tyranitar, L50, M|
|teampreview|4
|showteam|p1|Electabuzz||Eviolite|VitalSpirit|FollowMe,Thunderbolt,Taunt,Protect|||F|||50|,,,,,Ghost]Kingambit||BlackGlasses|Defiant|KowtowCleave,SuckerPunch,SwordsDance,Protect|||F|||50|,,,,,Dark]Volcarona||Leftovers|FlameBody|HeatWave,TeraBlast,QuiverDance,Protect|||F|||50|,,,,,Fairy]Dragonite||LoadedDice|Multiscale|ScaleShot,ExtremeSpeed,Haze,Protect|||M|||50|,,,,,Fairy]Sneasler||FocusSash|Unburden|DireClaw,CloseCombat,Coaching,FakeOut|||F|||50|,,,,,Stellar]Rillaboom||AssaultVest|GrassySurge|FakeOut,WoodHammer,GrassyGlide,HighHorsepower|||M|||50|,,,,,Fire
|showteam|p2|Sneasler||PsychicSeed|Unburden|CloseCombat,DireClaw,ThroatChop,Protect|||F|||50|,,,,,Dark]Indeedee||ChoiceScarf|PsychicSurge|ExpandingForce,TeraBlast,Trick,Protect|||M|||50|,,,,,Psychic]Volcarona||SitrusBerry|FlameBody|Overheat,StruggleBug,RagePowder,Tailwind|||F|||50|,,,,,Dragon]Ursaluna-Bloodmoon||LifeOrb|MindsEye|BloodMoon,HyperVoice,EarthPower,Protect|||M|||50|,,,,,Normal]Annihilape||SafetyGoggles|Defiant|CloseCombat,RageFist,Taunt,FinalGambit|||F|||50|,,,,,Water]Tyranitar||AssaultVest|SandStream|RockSlide,KnockOff,TeraBlast,LowKick|||M|||50|,,,,,Flying
|inactive|Battle timer is ON: inactive players will automatically lose when time's up. (requested by soccerdude26)
|
|t:|1756764702
|teamsize|p1|4
|teamsize|p2|4
|start
|switch|p1a: Volcarona|Volcarona, L50, F|100/100
|switch|p1b: Electabuzz|Electabuzz, L50, F|100/100
|switch|p2a: Annihilape|Annihilape, L50, F|100/100
|switch|p2b: Tyranitar|Tyranitar, L50, M|100/100
|-weather|Sandstorm|[from] ability: Sand Stream|[of] p2b: Tyranitar
|turn|1
|inactive|lofiandchil has 30 seconds left.
|
|t:|1756764730
|-terastallize|p1a: Volcarona|Fairy
|move|p1b: Electabuzz|Follow Me|p1b: Electabuzz
|-singleturn|p1b: Electabuzz|move: Follow Me
|move|p2a: Annihilape|Taunt|p1b: Electabuzz
|-start|p1b: Electabuzz|move: Taunt
|move|p1a: Volcarona|Quiver Dance|p1a: Volcarona
|-boost|p1a: Volcarona|spa|1
|-boost|p1a: Volcarona|spd|1
|-boost|p1a: Volcarona|spe|1
|move|p2b: Tyranitar|Rock Slide|p1a: Volcarona|[spread] p1a,p1b
|-damage|p1a: Volcarona|68/100
|-damage|p1b: Electabuzz|74/100
|
|-weather|Sandstorm|[upkeep]
|-damage|p1a: Volcarona|61/100|[from] Sandstorm
|-damage|p1b: Electabuzz|69/100|[from] Sandstorm
|-heal|p1a: Volcarona|68/100|[from] item: Leftovers
|upkeep
|turn|2
|
|t:|1756764749
|switch|p1b: Rillaboom|Rillaboom, L50, M|100/100
|-fieldstart|move: Grassy Terrain|[from] ability: Grassy Surge|[of] p1b: Rillaboom
|move|p1a: Volcarona|Tera Blast|p2a: Annihilape|[anim] Tera Blast Fairy
|-supereffective|p2a: Annihilape
|-damage|p2a: Annihilape|0 fnt
|faint|p2a: Annihilape
|move|p2b: Tyranitar|Rock Slide|p1a: Volcarona|[spread] p1b
|-miss|p2b: Tyranitar|p1a: Volcarona
|-damage|p1b: Rillaboom|74/100
|
|-weather|Sandstorm|[upkeep]
|-damage|p1a: Volcarona|61/100|[from] Sandstorm
|-damage|p1b: Rillaboom|68/100|[from] Sandstorm
|-heal|p1a: Volcarona|68/100|[from] Grassy Terrain
|-heal|p1a: Volcarona|74/100|[from] item: Leftovers
|-heal|p1b: Rillaboom|74/100|[from] Grassy Terrain
|upkeep
|
|t:|1756764756
|switch|p2a: Volcarona|Volcarona, L50, F|100/100
|turn|3
|
|t:|1756764766
|-terastallize|p2b: Tyranitar|Flying
|move|p1b: Rillaboom|Fake Out|p2a: Volcarona
|-damage|p2a: Volcarona|84/100
|-status|p1b: Rillaboom|brn|[from] ability: Flame Body|[of] p2a: Volcarona
|move|p1a: Volcarona|Quiver Dance|p1a: Volcarona
|-boost|p1a: Volcarona|spa|1
|-boost|p1a: Volcarona|spd|1
|-boost|p1a: Volcarona|spe|1
|cant|p2a: Volcarona|flinch
|move|p2b: Tyranitar|Tera Blast|p1b: Rillaboom|[anim] Tera Blast Flying
|-supereffective|p1b: Rillaboom
|-damage|p1b: Rillaboom|0 fnt
|faint|p1b: Rillaboom
|
|-weather|Sandstorm|[upkeep]
|-damage|p1a: Volcarona|68/100|[from] Sandstorm
|-damage|p2a: Volcarona|78/100|[from] Sandstorm
|-damage|p2b: Tyranitar|95/100|[from] Sandstorm
|-heal|p1a: Volcarona|74/100|[from] Grassy Terrain
|-heal|p1a: Volcarona|80/100|[from] item: Leftovers
|-heal|p2a: Volcarona|84/100|[from] Grassy Terrain
|upkeep
|
|t:|1756764775
|switch|p1b: Dragonite|Dragonite, L50, M|100/100
|turn|4
|
|t:|1756764780
|move|p1a: Volcarona|Heat Wave|p2b: Tyranitar|[spread] p2a,p2b
|-damage|p2a: Volcarona|22/100
|-damage|p2b: Tyranitar|48/100
|-enditem|p2a: Volcarona|Sitrus Berry|[eat]
|-heal|p2a: Volcarona|47/100|[from] item: Sitrus Berry
|move|p2a: Volcarona|Tailwind|p2a: Volcarona
|-sidestart|p2: soccerdude26|move: Tailwind
|move|p2b: Tyranitar|Rock Slide|p1b: Dragonite|[spread] p1a,p1b
|-supereffective|p1b: Dragonite
|-damage|p1a: Volcarona|47/100
|-damage|p1b: Dragonite|63/100
|cant|p1b: Dragonite|flinch
|
|-weather|Sandstorm|[upkeep]
|-damage|p2a: Volcarona|40/100|[from] Sandstorm
|-damage|p1a: Volcarona|41/100|[from] Sandstorm
|-damage|p2b: Tyranitar|43/100|[from] Sandstorm
|-damage|p1b: Dragonite|57/100|[from] Sandstorm
|-heal|p2a: Volcarona|47/100|[from] Grassy Terrain
|-heal|p1a: Volcarona|47/100|[from] Grassy Terrain
|-heal|p1a: Volcarona|53/100|[from] item: Leftovers
|upkeep
|turn|5
|
|t:|1756764793
|move|p1b: Dragonite|Extreme Speed|p2b: Tyranitar
|-damage|p2b: Tyranitar|13/100
|move|p2a: Volcarona|Overheat|p1a: Volcarona
|-damage|p1a: Volcarona|27/100
|-unboost|p2a: Volcarona|spa|2
|move|p1a: Volcarona|Heat Wave|p2b: Tyranitar|[spread] p2a,p2b
|-damage|p2a: Volcarona|0 fnt
|-damage|p2b: Tyranitar|0 fnt
|faint|p2a: Volcarona
|faint|p2b: Tyranitar
|
|-weather|none
|-heal|p1a: Volcarona|33/100|[from] Grassy Terrain
|-heal|p1a: Volcarona|39/100|[from] item: Leftovers
|upkeep
|
|t:|1756764802
|switch|p2b: Sneasler|Sneasler, L50, F|100/100
|turn|6
|
|t:|1756764807
|switch|p1b: Electabuzz|Electabuzz, L50, F|69/100
|move|p1a: Volcarona|Protect|p1a: Volcarona
|-singleturn|p1a: Volcarona|Protect
|move|p2b: Sneasler|Dire Claw|p1b: Electabuzz
|-damage|p1b: Electabuzz|33/100
|-status|p1b: Electabuzz|psn
|
|-heal|p1a: Volcarona|45/100|[from] Grassy Terrain
|-heal|p1a: Volcarona|52/100|[from] item: Leftovers
|-heal|p1b: Electabuzz|39/100 psn|[from] Grassy Terrain
|-damage|p1b: Electabuzz|27/100 psn|[from] psn
|-fieldend|move: Grassy Terrain
|upkeep
|turn|7
|
|t:|1756764813
|move|p1b: Electabuzz|Follow Me|p1b: Electabuzz
|-singleturn|p1b: Electabuzz|move: Follow Me
|move|p2b: Sneasler|Dire Claw|p1b: Electabuzz
|-damage|p1b: Electabuzz|0 fnt
|faint|p1b: Electabuzz
|move|p1a: Volcarona|Tera Blast|p2b: Sneasler|[anim] Tera Blast Fairy
|-damage|p2b: Sneasler|0 fnt
|faint|p2b: Sneasler
|
|win|lofiandchil
|raw|lofiandchil's rating: 1122 → 1149(+27 for winning)
|raw|soccerdude26's rating: 1152 → 1125(-27 for losing)
