|j|☆epic17x
|j|☆PaniniWeenie
|html|epic17xPaniniWeenie    
|uhtml|bestof|Game 1 of a best-of-3
|t:|1756917929
|gametype|doubles
|player|p1|epic17x|steven|1333
|player|p2|PaniniWeenie|pokemaniac|1411
|gen|9
|tier|[Gen 9] VGC 2025 Reg H (Bo3)
|rated|
|rule|Species Clause: Limit one of each Pokémon
|rule|Item Clause: Limit 1 of each item
|clearpoke
|poke|p1|Ninetales-Alola, L50, M|
|poke|p1|Rillaboom, L50, M|
|poke|p1|Magmar, L50, M|
|poke|p1|Sneasler, L50, M|
|poke|p1|Kingambit, L50, F|
|poke|p1|Basculegion, L50, M|
|poke|p2|Sneasler, L50, F|
|poke|p2|Volcarona, L50, F|
|poke|p2|Dragonite, L50, M|
|poke|p2|Rillaboom, L50, F|
|poke|p2|Electabuzz, L50, M|
|poke|p2|Kingambit, L50, M|
|teampreview|4
|showteam|p1|Ninetales-Alola||NeverMeltIce|SnowWarning|Blizzard,FreezeDry,Encore,Protect|||M|||50|,,,,,Ghost]Rillaboom||AssaultVest|GrassySurge|WoodHammer,FakeOut,Uturn,GrassyGlide|||M|||50|,,,,,Ghost]Magmar||Eviolite|VitalSpirit|Protect,HeatWave,WillOWisp,FollowMe|||M|||50|,,,,,Ghost]Sneasler||FocusSash|PoisonTouch|FakeOut,DireClaw,CloseCombat,Protect|||M|||50|,,,,,Ghost]Kingambit||BlackGlasses|Defiant|KowtowCleave,SwordsDance,SuckerPunch,Protect|||F|||50|,,,,,Fire]Basculegion||ChoiceScarf|Adaptability|WaveCrash,FlipTurn,TeraBlast,LastRespects|||M|||50|,,,,,Fighting
|showteam|p2|Sneasler||FocusSash|Unburden|DireClaw,CloseCombat,FakeOut,Coaching|||F|||50|,,,,,Ghost]Volcarona||Leftovers|FlameBody|HeatWave,QuiverDance,Protect,TeraBlast|||F|||50|,,,,,Fairy]Dragonite||LoadedDice|Multiscale|ScaleShot,ExtremeSpeed,Haze,Protect|||M|||50|,,,,,Steel]Rillaboom||AssaultVest|GrassySurge|WoodHammer,GrassyGlide,HighHorsepower,FakeOut|||F|||50|,,,,,Fire]Electabuzz||Eviolite|VitalSpirit|FollowMe,Thunderbolt,Taunt,Protect|||M|||50|,,,,,Ghost]Kingambit||BlackGlasses|Defiant|KowtowCleave,SuckerPunch,SwordsDance,Protect|||M|||50|,,,,,Dark
|inactive|Battle timer is ON: inactive players will automatically lose when time's up. (requested by epic17x)
|inactive|PaniniWeenie has 60 seconds left.
|
|t:|1756917977
|teamsize|p1|4
|teamsize|p2|4
|start
|switch|p1a: Basculegion|Basculegion, L50, M|100/100
|switch|p1b: Kingambit|Kingambit, L50, F|100/100
|switch|p2a: Electabuzz|Electabuzz, L50, M|100/100
|switch|p2b: Volcarona|Volcarona, L50, F|100/100
|turn|1
|inactive|epic17x has 30 seconds left.
|
|t:|1756918004
|-terastallize|p1b: Kingambit|Fire
|move|p2b: Volcarona|Protect|p2b: Volcarona
|-singleturn|p2b: Volcarona|Protect
|move|p1a: Basculegion|Flip Turn|p2a: Electabuzz
|-damage|p2a: Electabuzz|67/100
|
|t:|1756918010
|switch|p1a: Magmar|Magmar, L50, M|100/100|[from] Flip Turn
|move|p2a: Electabuzz|Taunt|p1b: Kingambit
|-start|p1b: Kingambit|move: Taunt
|move|p1b: Kingambit|Kowtow Cleave|p2b: Volcarona
|-activate|p2b: Volcarona|move: Protect
|
|upkeep
|turn|2
|
|t:|1756918025
|-terastallize|p2b: Volcarona|Fairy
|move|p2b: Volcarona|Quiver Dance|p2b: Volcarona
|-boost|p2b: Volcarona|spa|1
|-boost|p2b: Volcarona|spd|1
|-boost|p2b: Volcarona|spe|1
|move|p2a: Electabuzz|Taunt|p1a: Magmar
|-start|p1a: Magmar|move: Taunt
|move|p1a: Magmar|Heat Wave|p2a: Electabuzz|[spread] p2a,p2b
|-damage|p2a: Electabuzz|47/100
|-damage|p2b: Volcarona|83/100
|move|p1b: Kingambit|Kowtow Cleave|p2b: Volcarona
|-resisted|p2b: Volcarona
|-damage|p2b: Volcarona|48/100
|
|-heal|p2b: Volcarona|54/100|[from] item: Leftovers
|upkeep
|turn|3
|
|t:|1756918039
|move|p2b: Volcarona|Quiver Dance|p2b: Volcarona
|-boost|p2b: Volcarona|spa|1
|-boost|p2b: Volcarona|spd|1
|-boost|p2b: Volcarona|spe|1
|move|p2a: Electabuzz|Thunderbolt|p1b: Kingambit
|-damage|p1b: Kingambit|66/100
|move|p1a: Magmar|Heat Wave|p2b: Volcarona|[spread] p2a,p2b
|-crit|p2a: Electabuzz
|-damage|p2a: Electabuzz|17/100
|-damage|p2b: Volcarona|42/100
|move|p1b: Kingambit|Kowtow Cleave|p2a: Electabuzz
|-damage|p2a: Electabuzz|0 fnt
|faint|p2a: Electabuzz
|
|-heal|p2b: Volcarona|48/100|[from] item: Leftovers
|-end|p1b: Kingambit|move: Taunt
|upkeep
|
|t:|1756918063
|switch|p2a: Sneasler|Sneasler, L50, F|100/100
|turn|4
|
|t:|1756918076
|switch|p1b: Sneasler|Sneasler, L50, M|100/100
|move|p2b: Volcarona|Quiver Dance|p2b: Volcarona
|-boost|p2b: Volcarona|spa|1
|-boost|p2b: Volcarona|spd|1
|-boost|p2b: Volcarona|spe|1
|move|p2a: Sneasler|Close Combat|p1b: Sneasler
|-resisted|p1b: Sneasler
|-damage|p1b: Sneasler|46/100
|-unboost|p2a: Sneasler|def|1
|-unboost|p2a: Sneasler|spd|1
|move|p1a: Magmar|Heat Wave|p2a: Sneasler|[spread] p2a,p2b
|-damage|p2a: Sneasler|48/100
|-damage|p2b: Volcarona|38/100
|-status|p2b: Volcarona|brn
|
|-heal|p2b: Volcarona|44/100 brn|[from] item: Leftovers
|-damage|p2b: Volcarona|38/100 brn|[from] brn
|-end|p1a: Magmar|move: Taunt
|upkeep
|turn|5
|
|t:|1756918093
|move|p1b: Sneasler|Fake Out|p2b: Volcarona
|-damage|p2b: Volcarona|20/100 brn
|cant|p2b: Volcarona|flinch
|move|p2a: Sneasler|Close Combat|p1a: Magmar
|-damage|p1a: Magmar|56/100
|-unboost|p2a: Sneasler|def|1
|-unboost|p2a: Sneasler|spd|1
|move|p1a: Magmar|Heat Wave|p2a: Sneasler|[spread] p2a,p2b
|-damage|p2a: Sneasler|0 fnt
|-damage|p2b: Volcarona|10/100 brn
|faint|p2a: Sneasler
|
|-heal|p2b: Volcarona|16/100 brn|[from] item: Leftovers
|-damage|p2b: Volcarona|10/100 brn|[from] brn
|upkeep
|
|t:|1756918097
|switch|p2a: Dragonite|Dragonite, L50, M|100/100
|turn|6
|
|t:|1756918108
|switch|p1b: Basculegion|Basculegion, L50, M|100/100
|move|p2b: Volcarona|Heat Wave|p1a: Magmar|[spread] p1b
|-miss|p2b: Volcarona|p1a: Magmar
|-resisted|p1b: Basculegion
|-damage|p1b: Basculegion|45/100
|move|p2a: Dragonite|Scale Shot|p1a: Magmar
|-damage|p1a: Magmar|45/100
|-damage|p1a: Magmar|34/100
|-damage|p1a: Magmar|21/100
|-damage|p1a: Magmar|10/100
|-hitcount|p1a: Magmar|4
|-unboost|p2a: Dragonite|def|1
|-boost|p2a: Dragonite|spe|1
|move|p1a: Magmar|Will-O-Wisp|p2a: Dragonite
|-status|p2a: Dragonite|brn
|
|-heal|p2b: Volcarona|16/100 brn|[from] item: Leftovers
|-damage|p2b: Volcarona|10/100 brn|[from] brn
|-damage|p2a: Dragonite|95/100 brn|[from] brn
|upkeep
|turn|7
|inactive|epic17x has 30 seconds left.
|inactive|PaniniWeenie has 30 seconds left.
|
|t:|1756918138
|move|p2b: Volcarona|Heat Wave|p1a: Magmar|[spread] p1a,p1b
|-resisted|p1a: Magmar
|-resisted|p1b: Basculegion
|-damage|p1a: Magmar|0 fnt
|-damage|p1b: Basculegion|0 fnt
|faint|p1a: Magmar
|faint|p1b: Basculegion
|move|p2a: Dragonite|Scale Shot|p1: Magmar|[notarget]
|-fail|p2a: Dragonite
|
|-heal|p2b: Volcarona|16/100 brn|[from] item: Leftovers
|-damage|p2b: Volcarona|10/100 brn|[from] brn
|-damage|p2a: Dragonite|89/100 brn|[from] brn
|upkeep
|
|t:|1756918141
|switch|p1b: Kingambit|Kingambit, L50, F, tera:Fire|66/100
|switch|p1a: Sneasler|Sneasler, L50, M|46/100
|turn|8
|
|t:|1756918152
|move|p2b: Volcarona|Protect|p2b: Volcarona
|-singleturn|p2b: Volcarona|Protect
|move|p1a: Sneasler|Fake Out|p2a: Dragonite
|-damage|p2a: Dragonite|65/100 brn
|cant|p2a: Dragonite|flinch
|move|p1b: Kingambit|Swords Dance|p1b: Kingambit
|-boost|p1b: Kingambit|atk|2
|
|-heal|p2b: Volcarona|16/100 brn|[from] item: Leftovers
|-damage|p2b: Volcarona|10/100 brn|[from] brn
|-damage|p2a: Dragonite|59/100 brn|[from] brn
|upkeep
|turn|9
|
|t:|1756918172
|move|p1b: Kingambit|Sucker Punch|p2a: Dragonite
|-damage|p2a: Dragonite|0 fnt
|faint|p2a: Dragonite
|move|p2b: Volcarona|Quiver Dance|p2b: Volcarona
|-boost|p2b: Volcarona|spa|1
|-boost|p2b: Volcarona|spd|1
|-boost|p2b: Volcarona|spe|1
|move|p1a: Sneasler|Dire Claw|p2b: Volcarona
|-supereffective|p2b: Volcarona
|-damage|p2b: Volcarona|0 fnt
|-status|p1a: Sneasler|brn|[from] ability: Flame Body|[of] p2b: Volcarona
|faint|p2b: Volcarona
|
|win|epic17x
||PaniniWeenie is ready for game 2.
||epic17x is ready for game 2.
|uhtml|next|Next: Game 2 of 3
|l|☆PaniniWeenie
|player|p2|
