|j|☆ZephyrBreezy
|j|☆entei enthusiast
|html|ZephyrBreezyentei enthusiast    
|uhtml|bestof|Game 1 of a best-of-3
|t:|1783021241
|gametype|doubles
|player|p1|ZephyrBreezy|miku-water|1027
|player|p2|entei enthusiast|kamado-armor|1045
|gen|9
|tier|[Gen 9 Champions] VGC 2026 Reg M-B (Bo3)
|rated|
|rule|Species Clause: Limit one of each Pokémon
|rule|Item Clause: Limit 1 of each item
|clearpoke
|poke|p1|Chandelure, L50, F|
|poke|p1|Staraptor, L50, M|
|poke|p1|Annihilape, L50, M|
|poke|p1|Maushold, L50|
|poke|p1|Aerodactyl, L50, M|
|poke|p1|Farigiraf, L50, M|
|poke|p2|Gyarados, L50, M, shiny|
|poke|p2|Floette-Eternal, L50, F|
|poke|p2|Sneasler, L50, F|
|poke|p2|Sinistcha, L50|
|poke|p2|Garchomp, L50, M|
|poke|p2|Incineroar, L50, M|
|teampreview|4
|showteam|p1|Chandelure||Chandelurite|FlashFire|HeatWave,ShadowBall,CalmMind,Protect|Modest||F|||50|]Staraptor||ChoiceScarf|Intimidate|FinalGambit,BraveBird,CloseCombat,DoubleEdge|Jolly||M|||50|]Annihilape||Leftovers|Defiant|RageFist,DrainPunch,BulkUp,Protect|Adamant||M|||50|]Maushold||FocusSash|FriendGuard|FollowMe,HelpingHand,BeatUp,SuperFang|Jolly|||||50|]Aerodactyl||Aerodactylite|Unnerve|RockSlide,Tailwind,WideGuard,DualWingbeat|Jolly||M|||50|]Farigiraf||ColburBerry|ArmorTail|TwinBeam,TrickRoom,HelpingHand,HyperVoice|Modest||M|||50|
|showteam|p2|Gyarados||Gyaradosite|Intimidate|Waterfall,LashOut,DragonDance,Protect|Adamant||M|||50|]Floette-Eternal||Floettite|FlowerVeil|DrainingKiss,DazzlingGleam,CalmMind,Protect|Timid||F|||50|]Sneasler||FocusSash|PoisonTouch|CloseCombat,DireClaw,FakeOut,Coaching|Jolly||F|||50|]Sinistcha||SitrusBerry|Hospitality|MatchaGotcha,LifeDew,RagePowder,Protect|Calm|||||50|]Garchomp||LifeOrb|RoughSkin|DragonClaw,RockSlide,Earthquake,Protect|Jolly||M|||50|]Incineroar||PasshoBerry|Intimidate|FlareBlitz,FakeOut,PartingShot,Taunt|Careful||M|||50|
|inactive|Battle timer is ON: inactive players will automatically lose when time's up. (requested by ZephyrBreezy)
|inactive|entei enthusiast has 60 seconds left.
|
|t:|1783021295
|teamsize|p1|4
|teamsize|p2|4
|start
|switch|p1a: Annihilape|Annihilape, L50, M|100/100
|switch|p1b: Maushold|Maushold, L50|100/100
|switch|p2a: Floette|Floette-Eternal, L50, F|100/100
|switch|p2b: Sinistcha|Sinistcha, L50|100/100
|turn|1
|
|t:|1783021307
|detailschange|p2a: Floette|Floette-Mega, L50, F
|-mega|p2a: Floette|Floette|Floettite
|-ability|p2a: Floette|Fairy Aura
|move|p2b: Sinistcha|Rage Powder|p2b: Sinistcha
|-singleturn|p2b: Sinistcha|move: Rage Powder
|move|p1b: Maushold|Beat Up|p2b: Sinistcha
|-supereffective|p2b: Sinistcha|1
|-damage|p2b: Sinistcha|93/100
|-supereffective|p2b: Sinistcha|1
|-damage|p2b: Sinistcha|88/100
|-supereffective|p2b: Sinistcha|1
|-damage|p2b: Sinistcha|84/100
|-supereffective|p2b: Sinistcha|1
|-damage|p2b: Sinistcha|78/100
|-hitcount|p2b: Sinistcha|4
|move|p2a: Floette|Calm Mind|p2a: Floette
|-boost|p2a: Floette|spa|1
|-boost|p2a: Floette|spd|1
|move|p1a: Annihilape|Bulk Up|p1a: Annihilape
|-boost|p1a: Annihilape|atk|1
|-boost|p1a: Annihilape|def|1
|
|upkeep
|turn|2
|inactive|ZephyrBreezy has 30 seconds left.
|
|t:|1783021334
|move|p1b: Maushold|Helping Hand|p1a: Annihilape
|-singleturn|p1a: Annihilape|Helping Hand|[of] p1b: Maushold
|move|p2b: Sinistcha|Rage Powder|p2b: Sinistcha
|-singleturn|p2b: Sinistcha|move: Rage Powder
|move|p2a: Floette|Calm Mind|p2a: Floette
|-boost|p2a: Floette|spa|1
|-boost|p2a: Floette|spd|1
|move|p1a: Annihilape|Rage Fist|p2b: Sinistcha
|-supereffective|p2b: Sinistcha|1
|-damage|p2b: Sinistcha|0 fnt
|faint|p2b: Sinistcha
|
|upkeep
|
|t:|1783021337
|switch|p2b: Garchomp|Garchomp, L50, M|100/100
|turn|3
|inactive|ZephyrBreezy has 30 seconds left.
|
|t:|1783021371
|move|p1b: Maushold|Helping Hand|p1a: Annihilape
|-singleturn|p1a: Annihilape|Helping Hand|[of] p1b: Maushold
|move|p2b: Garchomp|Rock Slide|p1b: Maushold|[spread] p1a,p1b
|-resisted|p1a: Annihilape|1
|-crit|p1b: Maushold
|-damage|p1a: Annihilape|94/100
|-damage|p1b: Maushold|59/100
|-damage|p2b: Garchomp|90/100|[from] item: Life Orb
|move|p2a: Floette|Dazzling Gleam|p1a: Annihilape|[spread] p1a,p1b
|-supereffective|p1a: Annihilape|1
|-damage|p1a: Annihilape|0 fnt
|-damage|p1b: Maushold|0 fnt
|faint|p1a: Annihilape
|faint|p1b: Maushold
|
|upkeep
|
|t:|1783021381
|switch|p1b: Farigiraf|Farigiraf, L50, M|100/100
|switch|p1a: Chandelure|Chandelure, L50, F|100/100
|turn|4
|
|t:|1783021395
|move|p1a: Chandelure|Protect|p1a: Chandelure
|-singleturn|p1a: Chandelure|Protect
|move|p2b: Garchomp|Rock Slide|p1b: Farigiraf|[spread] p1b
|-activate|p1a: Chandelure|move: Protect
|-damage|p1b: Farigiraf|76/100
|-damage|p2b: Garchomp|80/100|[from] item: Life Orb
|move|p2a: Floette|Draining Kiss|p1b: Farigiraf
|-damage|p1b: Farigiraf|6/100
|cant|p1b: Farigiraf|flinch
|
|upkeep
|turn|5
|-message|ZephyrBreezy forfeited.
|
|win|entei enthusiast
|l|☆ZephyrBreezy
|player|p1|
||entei enthusiast is ready for game 2.
||ZephyrBreezy is ready for game 2.
|uhtml|next|Next: Game 2 of 3
