|j|☆coberdt
|j|☆lettitripppp
|html|coberdtlettitripppp    
|uhtml|bestof|Game 1 of a best-of-3
|t:|1784839160
|gametype|doubles
|player|p1|coberdt|lebanne|1293
|player|p2|lettitripppp|lucas|1260
|gen|9
|tier|[Gen 9 Champions] VGC 2026 Reg M-B (Bo3)
|rated|
|rule|Species Clause: Limit one of each Pokémon
|rule|Item Clause: Limit 1 of each item
|clearpoke
|poke|p1|Basculegion, L50, M|
|poke|p1|Charizard, L50, M|
|poke|p1|Archaludon, L50, M|
|poke|p1|Grimmsnarl, L50, M|
|poke|p1|Pelipper, L50, F|
|poke|p1|Venusaur, L50, M|
|poke|p2|Charizard, L50, F, shiny|
|poke|p2|Basculegion, L50, M, shiny|
|poke|p2|Pelipper, L50, M|
|poke|p2|Venusaur, L50, M|
|poke|p2|Archaludon, L50, F|
|poke|p2|Grimmsnarl, L50, M, shiny|
|teampreview|4
|showteam|p1|Basculegion||ChoiceScarf|Adaptability|WaveCrash,FlipTurn,AquaJet,LastRespects|Jolly||M|||50|]Charizard||CharizarditeY|Blaze|HeatWave,WeatherBall,SolarBeam,Protect|Modest||M|||50|]Archaludon||Leftovers|Stamina|ElectroShot,DragonPulse,FlashCannon,Protect|Calm||M|||50|]Grimmsnarl||LightClay|Prankster|SpiritBreak,LightScreen,Reflect,PartingShot|Careful||M|||50|]Pelipper||SitrusBerry|Drizzle|WeatherBall,Hurricane,Tailwind,Protect|Modest||F|||50|]Venusaur||FocusSash|Chlorophyll|SludgeBomb,EarthPower,SleepPowder,Protect|Timid||M|||50|
|showteam|p2|Charizard||CharizarditeY|Blaze|WeatherBall,SolarBeam,HeatWave,Protect|Modest||F|||50|]Basculegion||ChoiceScarf|Adaptability|LastRespects,WaveCrash,FlipTurn,AquaJet|Jolly||M|||50|]Pelipper||SitrusBerry|Drizzle|WeatherBall,WideGuard,Hurricane,Tailwind|Modest||M|||50|]Venusaur||FocusSash|Chlorophyll|SleepPowder,SludgeBomb,EarthPower,Protect|Modest||M|||50|]Archaludon||Leftovers|Stamina|FlashCannon,DragonPulse,ElectroShot,Protect|Calm||F|||50|]Grimmsnarl||LightClay|Prankster|PartingShot,LightScreen,SpiritBreak,Reflect|Relaxed||M|||50|
|inactive|Battle timer is ON: inactive players will automatically lose when time's up. (requested by lettitripppp)
|
|t:|1784839183
|teamsize|p1|4
|teamsize|p2|4
|start
|switch|p1a: Grimmsnarl|Grimmsnarl, L50, M|100/100
|switch|p1b: Archaludon|Archaludon, L50, M|100/100
|switch|p2a: SOFT-SLEEP|Venusaur, L50, M|100/100
|switch|p2b: GO JOHAN|Grimmsnarl, L50, M, shiny|100/100
|turn|1
|
|t:|1784839201
|move|p1a: Grimmsnarl|Light Screen|p1a: Grimmsnarl
|-sidestart|p1: coberdt|move: Light Screen
|move|p2b: GO JOHAN|Light Screen|p2b: GO JOHAN
|-sidestart|p2: lettitripppp|move: Light Screen
|move|p2a: SOFT-SLEEP|Sleep Powder|p1a: Grimmsnarl
|-status|p1a: Grimmsnarl|slp|[from] move: Sleep Powder
|move|p1b: Archaludon|Flash Cannon|p2b: GO JOHAN
|-supereffective|p2b: GO JOHAN|1
|-damage|p2b: GO JOHAN|60/100
|
|upkeep
|turn|2
|
|t:|1784839218
|cant|p1a: Grimmsnarl|slp
|move|p2b: GO JOHAN|Parting Shot|p1b: Archaludon
|-unboost|p1b: Archaludon|atk|1
|-unboost|p1b: Archaludon|spa|1
|
|t:|1784839223
|switch|p2b: AGNI|Charizard, L50, F, shiny|100/100|[from] Parting Shot
|move|p2a: SOFT-SLEEP|Sleep Powder|p1b: Archaludon|[miss]
|-miss|p2a: SOFT-SLEEP|p1b: Archaludon
|move|p1b: Archaludon|Flash Cannon|p2b: AGNI
|-resisted|p2b: AGNI|1
|-damage|p2b: AGNI|91/100
|
|upkeep
|turn|3
|
|t:|1784839242
|detailschange|p2b: AGNI|Charizard-Mega-Y, L50, F, shiny
|-mega|p2b: AGNI|Charizard|Charizardite Y
|-weather|SunnyDay|[from] ability: Drought|[of] p2b: AGNI
|cant|p1a: Grimmsnarl|slp
|move|p2a: SOFT-SLEEP|Sludge Bomb|p1a: Grimmsnarl
|-supereffective|p1a: Grimmsnarl|1
|-damage|p1a: Grimmsnarl|51/100 slp
|move|p2b: AGNI|Heat Wave|p1a: Grimmsnarl|[spread] p1a,p1b
|-crit|p1b: Archaludon
|-damage|p1a: Grimmsnarl|14/100 slp
|-damage|p1b: Archaludon|10/100
|-ability|p1b: Archaludon|Stamina|boost
|-boost|p1b: Archaludon|def|1
|move|p1b: Archaludon|Electro Shot||[still]
|-prepare|p1b: Archaludon|Electro Shot
|-boost|p1b: Archaludon|spa|1
|
|-weather|SunnyDay|[upkeep]
|-heal|p1b: Archaludon|16/100|[from] item: Leftovers
|upkeep
|turn|4
|
|t:|1784839257
|switch|p2b: GO JOHAN|Grimmsnarl, L50, M, shiny|60/100
|-curestatus|p1a: Grimmsnarl|slp|[msg]
|move|p1a: Grimmsnarl|Parting Shot|p2b: GO JOHAN
|-hint|Since gen 7, Dark is immune to Prankster moves.
|-immune|p2b: GO JOHAN
|move|p2a: SOFT-SLEEP|Earth Power|p1b: Archaludon
|-supereffective|p1b: Archaludon|1
|-damage|p1b: Archaludon|0 fnt
|faint|p1b: Archaludon
|
|-weather|SunnyDay|[upkeep]
|upkeep
|
|t:|1784839263
|switch|p1b: Charizard|Charizard, L50, M|100/100
|turn|5
|
|t:|1784839276
|detailschange|p1b: Charizard|Charizard-Mega-Y, L50, M
|-mega|p1b: Charizard|Charizard|Charizardite Y
|move|p2a: SOFT-SLEEP|Sleep Powder|p1b: Charizard
|-status|p1b: Charizard|slp|[from] move: Sleep Powder
|cant|p1b: Charizard|slp
|move|p1a: Grimmsnarl|Spirit Break|p2a: SOFT-SLEEP
|-resisted|p2a: SOFT-SLEEP|1
|-damage|p2a: SOFT-SLEEP|80/100
|-unboost|p2a: SOFT-SLEEP|spa|1
|move|p2b: GO JOHAN|Spirit Break|p1a: Grimmsnarl
|-supereffective|p1a: Grimmsnarl|1
|-damage|p1a: Grimmsnarl|0 fnt
|faint|p1a: Grimmsnarl
|
|-weather|SunnyDay|[upkeep]
|upkeep
|
|t:|1784839287
|switch|p1a: Pelipper|Pelipper, L50, F|100/100
|-weather|RainDance|[from] ability: Drizzle|[of] p1a: Pelipper
|turn|6
|
|t:|1784839298
|move|p2b: GO JOHAN|Parting Shot|p1a: Pelipper
|-unboost|p1a: Pelipper|atk|1
|-unboost|p1a: Pelipper|spa|1
|
|t:|1784839302
|switch|p2b: AGNI|Charizard-Mega-Y, L50, F, shiny|91/100|[from] Parting Shot
|-weather|SunnyDay|[from] ability: Drought|[of] p2b: AGNI
|move|p2a: SOFT-SLEEP|Sleep Powder|p1a: Pelipper
|-status|p1a: Pelipper|slp|[from] move: Sleep Powder
|cant|p1b: Charizard|slp
|cant|p1a: Pelipper|slp
|
|-weather|SunnyDay|[upkeep]
|upkeep
|turn|7
|-message|coberdt forfeited.
|
|win|lettitripppp
|l|☆coberdt
|player|p1|
||coberdt is ready for game 2.
