|j|☆Baxter1357924680
|j|☆twilightgaming
|html|Baxter1357924680twilightgaming    
|uhtml|bestof|Game 1 of a best-of-3
|t:|1783555043
|gametype|doubles
|player|p1|Baxter1357924680|265|
|player|p2|twilightgaming|sabrina-lgpe|
|gen|9
|tier|[Gen 9 Champions] VGC 2026 Reg M-B (Bo3)
|rule|Species Clause: Limit one of each Pokémon
|rule|Item Clause: Limit 1 of each item
|clearpoke
|poke|p1|Aegislash, L50, M, shiny|
|poke|p1|Lucario, L50, M, shiny|
|poke|p1|Dragonite, L50, M, shiny|
|poke|p1|Ditto, L50, shiny|
|poke|p1|Annihilape, L50, M, shiny|
|poke|p1|Greninja, L50, M, shiny|
|poke|p2|Staraptor, L50, F, shiny|
|poke|p2|Mimikyu, L50, F|
|poke|p2|Whimsicott, L50, M|
|poke|p2|Sylveon, L50, F|
|poke|p2|Grimmsnarl, L50, M|
|poke|p2|Kingambit, L50, M, shiny|
|teampreview|4
|showteam|p1|Aegislash||Leftovers|StanceChange|RockSlide,SacredSword,AirSlash,CloseCombat|Serious||M|||50|]Lucario||Lucarionite|InnerFocus|Agility,CrossChop,ThunderPunch,BlazeKick|Serious||M|||50|]Dragonite||Dragoninite|Multiscale|DracoMeteor,Flamethrower,Superpower,StoneEdge|Serious||M|||50|]Ditto||ExpertBelt|Imposter|Transform|Serious|||||50|]Annihilape||ChoiceScarf|VitalSpirit|BrickBreak,CloseCombat,CrossChop,RockSlide|Serious||M|||50|]Greninja||Greninjite|Protean|Liquidation,WaterShuriken,QuickAttack,FlipTurn|Serious||M|||50|
|showteam|p2|Staraptor||Staraptite|Intimidate|BraveBird,CloseCombat,Roost,Protect|Timid||F|||50|]Mimikyu||SpellTag|Disguise|ShadowClaw,ShadowSneak,PlayRough,Protect|Adamant||F|||50|]Whimsicott||FocusSash|Prankster|Tailwind,Moonblast,Protect,Encore|Calm||M|||50|]Sylveon||Leftovers|Pixilate|HyperVoice,CalmMind,Wish,Protect|Bold||F|||50|]Grimmsnarl||RoseliBerry|Prankster|FakeOut,PartingShot,SpiritBreak,ScaryFace|Careful||M|||50|]Kingambit||ChopleBerry|Defiant|KowtowCleave,SuckerPunch,IronHead,Protect|Adamant||M|||50|
|
|t:|1783555069
|teamsize|p1|4
|teamsize|p2|4
|start
|switch|p1a: Aegislash|Aegislash, L50, M, shiny|100/100
|switch|p1b: Annihilape|Annihilape, L50, M, shiny|100/100
|switch|p2a: Whimsicott|Whimsicott, L50, M|100/100
|switch|p2b: Grimmsnarl|Grimmsnarl, L50, M|100/100
|turn|1
|
|t:|1783555101
|move|p2a: Whimsicott|Protect|p2a: Whimsicott
|-singleturn|p2a: Whimsicott|Protect
|move|p1b: Annihilape|Rock Slide|p2a: Whimsicott|[spread] p2b
|-activate|p2a: Whimsicott|move: Protect
|-damage|p2b: Grimmsnarl|82/100
|-formechange|p1a: Aegislash|Aegislash-Blade|
|move|p1a: Aegislash|Air Slash|p2a: Whimsicott
|-activate|p2a: Whimsicott|move: Protect
|cant|p2b: Grimmsnarl|flinch
|
|upkeep
|turn|2
|c|☆Baxter1357924680|glhf
|c|☆twilightgaming|glhf
|
|t:|1783555145
|move|p2a: Whimsicott|Tailwind|p2a: Whimsicott
|-sidestart|p2: twilightgaming|move: Tailwind
|move|p1b: Annihilape|Rock Slide|p2b: Grimmsnarl|[spread] p2a,p2b
|-damage|p2a: Whimsicott|82/100
|-damage|p2b: Grimmsnarl|65/100
|move|p2b: Grimmsnarl|Spirit Break|p1b: Annihilape
|-supereffective|p1b: Annihilape|1
|-crit|p1b: Annihilape
|-damage|p1b: Annihilape|4/100
|-unboost|p1b: Annihilape|spa|1
|move|p1a: Aegislash|Air Slash|p2a: Whimsicott
|-supereffective|p2a: Whimsicott|1
|-damage|p2a: Whimsicott|20/100y
|
|upkeep
|turn|3
|
|t:|1783555175
|move|p2a: Whimsicott|Protect|p2a: Whimsicott
|-singleturn|p2a: Whimsicott|Protect
|move|p1b: Annihilape|Rock Slide|p2b: Grimmsnarl|[spread] p2b
|-activate|p2a: Whimsicott|move: Protect
|-damage|p2b: Grimmsnarl|48/100
|cant|p2b: Grimmsnarl|flinch
|move|p1a: Aegislash|Air Slash|p2a: Whimsicott
|-activate|p2a: Whimsicott|move: Protect
|
|upkeep
|turn|4
|
|t:|1783555203
|switch|p2a: Sylveon|Sylveon, L50, F|100/100
|move|p1b: Annihilape|Rock Slide|p2a: Sylveon|[spread] p2a,p2b
|-damage|p2a: Sylveon|85/100
|-damage|p2b: Grimmsnarl|32/100
|move|p2b: Grimmsnarl|Spirit Break|p1b: Annihilape
|-supereffective|p1b: Annihilape|1
|-damage|p1b: Annihilape|0 fnt
|faint|p1b: Annihilape
|move|p1a: Aegislash|Air Slash|p2a: Sylveon
|-damage|p2a: Sylveon|67/100
|
|-heal|p2a: Sylveon|73/100|[from] item: Leftovers
|upkeep
|
|t:|1783555235
|switch|p1b: Greninja|Greninja, L50, M, shiny|100/100
|turn|5
|
|t:|1783555293
|move|p2b: Grimmsnarl|Parting Shot|p1b: Greninja
|-hint|Since gen 7, Dark is immune to Prankster moves.
|-immune|p1b: Greninja
|move|p1b: Greninja|Water Shuriken|p2b: Grimmsnarl
|-start|p1b: Greninja|typechange|Water|[from] ability: Protean
|-damage|p2b: Grimmsnarl|26/100
|-damage|p2b: Grimmsnarl|20/100y
|-damage|p2b: Grimmsnarl|15/100
|-damage|p2b: Grimmsnarl|9/100
|-damage|p2b: Grimmsnarl|4/100
|-hitcount|p2b: Grimmsnarl|5
|move|p2a: Sylveon|Calm Mind|p2a: Sylveon
|-boost|p2a: Sylveon|spa|1
|-boost|p2a: Sylveon|spd|1
|move|p1a: Aegislash|Rock Slide|p2a: Sylveon|[spread] p2a,p2b
|-damage|p2a: Sylveon|58/100
|-damage|p2b: Grimmsnarl|0 fnt
|faint|p2b: Grimmsnarl
|
|-heal|p2a: Sylveon|64/100|[from] item: Leftovers
|-sideend|p2: twilightgaming|move: Tailwind
|upkeep
|
|t:|1783555314
|switch|p2b: Whimsicott|Whimsicott, L50, M|20/100y
|turn|6
|
|t:|1783555348
|move|p2b: Whimsicott|Tailwind|p2b: Whimsicott
|-sidestart|p2: twilightgaming|move: Tailwind
|move|p2a: Sylveon|Hyper Voice|p1a: Aegislash|[spread] p1a,p1b
|-resisted|p1a: Aegislash|1
|-damage|p1a: Aegislash|57/100
|-damage|p1b: Greninja|31/100
|move|p1b: Greninja|Liquidation|p2a: Sylveon
|-damage|p2a: Sylveon|36/100
|move|p1a: Aegislash|Air Slash|p2b: Whimsicott
|-supereffective|p2b: Whimsicott|1
|-damage|p2b: Whimsicott|0 fnt
|faint|p2b: Whimsicott
|
|-heal|p2a: Sylveon|43/100|[from] item: Leftovers
|-heal|p1a: Aegislash|63/100|[from] item: Leftovers
|upkeep
|
|t:|1783555352
|switch|p2b: Staraptor|Staraptor, L50, F, shiny|100/100
|-ability|p2b: Staraptor|Intimidate|boost
|-unboost|p1a: Aegislash|atk|1
|-unboost|p1b: Greninja|atk|1
|turn|7
|
|t:|1783555398
|detailschange|p2b: Staraptor|Staraptor-Mega, L50, F, shiny
|-mega|p2b: Staraptor|Staraptor|Staraptite
|move|p2b: Staraptor|Protect|p2b: Staraptor
|-singleturn|p2b: Staraptor|Protect
|move|p2a: Sylveon|Wish|p2a: Sylveon
|move|p1b: Greninja|Liquidation|p2a: Sylveon
|-damage|p2a: Sylveon|25/100
|move|p1a: Aegislash|Rock Slide|p2a: Sylveon|[spread] p2a
|-activate|p2b: Staraptor|move: Protect
|-damage|p2a: Sylveon|14/100
|
|-heal|p2a: Sylveon|20/100y|[from] item: Leftovers
|-heal|p1a: Aegislash|69/100|[from] item: Leftovers
|upkeep
|turn|8
|
|t:|1783555437
|move|p2a: Sylveon|Protect|p2a: Sylveon
|-singleturn|p2a: Sylveon|Protect
|move|p1b: Greninja|Quick Attack|p2a: Sylveon
|-activate|p2a: Sylveon|move: Protect
|move|p2b: Staraptor|Close Combat|p1b: Greninja
|-damage|p1b: Greninja|0 fnt
|-boost|p2b: Staraptor|def|1
|-boost|p2b: Staraptor|spd|1
|faint|p1b: Greninja
|move|p1a: Aegislash|Air Slash|p2b: Staraptor
|-supereffective|p2b: Staraptor|1
|-damage|p2b: Staraptor|66/100
|
|-heal|p2a: Sylveon|70/100|[from] move: Wish|[wisher] Sylveon
|-heal|p2a: Sylveon|76/100|[from] item: Leftovers
|-heal|p1a: Aegislash|76/100|[from] item: Leftovers
|upkeep
|
|t:|1783555470
|switch|p1b: Ditto|Ditto, L50, shiny|100/100
|-transform|p1b: Ditto|p2a: Sylveon|[from] ability: Imposter
|turn|9
|
|t:|1783555504
|move|p2b: Staraptor|Brave Bird|p1b: Ditto
|-damage|p1b: Ditto|36/100
|-damage|p2b: Staraptor|52/100|[from] Recoil
|move|p2a: Sylveon|Hyper Voice|p1a: Aegislash|[spread] p1a,p1b
|-resisted|p1a: Aegislash|1
|-damage|p1a: Aegislash|31/100
|-damage|p1b: Ditto|2/100
|move|p1a: Aegislash|Air Slash|p2b: Staraptor
|-supereffective|p2b: Staraptor|1
|-damage|p2b: Staraptor|16/100
|move|p1b: Ditto|Hyper Voice|p2b: Staraptor|[spread] p2a,p2b
|-supereffective|p2b: Staraptor|1
|-damage|p2a: Sylveon|51/100
|-damage|p2b: Staraptor|0 fnt
|faint|p2b: Staraptor
|
|-heal|p2a: Sylveon|58/100|[from] item: Leftovers
|-heal|p1a: Aegislash|37/100|[from] item: Leftovers
|-sideend|p2: twilightgaming|move: Tailwind
|upkeep
|turn|10
|
|t:|1783555546
|move|p2a: Sylveon|Protect|p2a: Sylveon
|-singleturn|p2a: Sylveon|Protect
|move|p1b: Ditto|Protect|p1b: Ditto
|-singleturn|p1b: Ditto|Protect
|move|p1a: Aegislash|Rock Slide|p2a: Sylveon
|-activate|p2a: Sylveon|move: Protect
|
|-heal|p1a: Aegislash|43/100|[from] item: Leftovers
|-heal|p2a: Sylveon|64/100|[from] item: Leftovers
|upkeep
|turn|11
|
|t:|1783555584
|move|p1a: Aegislash|Rock Slide|p2a: Sylveon
|-damage|p2a: Sylveon|49/100
|cant|p2a: Sylveon|flinch
|move|p1b: Ditto|Hyper Voice|p2a: Sylveon
|-damage|p2a: Sylveon|15/100
|
|-heal|p1a: Aegislash|50/100y|[from] item: Leftovers
|-heal|p2a: Sylveon|21/100|[from] item: Leftovers
|upkeep
|turn|12
|
|t:|1783555606
|move|p1a: Aegislash|Rock Slide|p2a: Sylveon
|-damage|p2a: Sylveon|6/100
|move|p1b: Ditto|Hyper Voice|p2a: Sylveon
|-damage|p2a: Sylveon|0 fnt
|faint|p2a: Sylveon
|
|win|Baxter1357924680
||twilightgaming is ready for game 2.
||Baxter1357924680 is ready for game 2.
|uhtml|next|Next: Game 2 of 3
