|j|☆dan1uz
|j|☆tamagotchai-01
|html|dan1uztamagotchai-01    
|uhtml|bestof|Game 2 of a best-of-3
|t:|1785176483
|gametype|doubles
|player|p1|dan1uz|zinzolin|1000
|player|p2|tamagotchai-01|102|1145
|gen|9
|tier|[Gen 9 Champions] VGC 2026 Reg M-B (Bo3)
|rated|
|rule|Species Clause: Limit one of each Pokémon
|rule|Item Clause: Limit 1 of each item
|clearpoke
|poke|p1|Glimmora, L50, F|
|poke|p1|Garchomp, L50, M|
|poke|p1|Kingambit, L50, F|
|poke|p1|Dragapult, L50, M|
|poke|p1|Rotom-Wash, L50|
|poke|p1|Meganium, L50, F|
|poke|p2|Sneasler, L50, F|
|poke|p2|Blastoise, L50, F|
|poke|p2|Kingambit, L50, M|
|poke|p2|Incineroar, L50, M|
|poke|p2|Delphox, L50, M|
|poke|p2|Sinistcha, L50|
|teampreview|4
|showteam|p1|Glimmora||FocusSash|ToxicDebris|StealthRock,MudShot,MortalSpin,Memento|Naive||F|||50|]Garchomp||SitrusBerry|RoughSkin|SwordsDance,Earthquake,ScaleShot,FireFang|Jolly||M|||50|]Kingambit||ShucaBerry|SupremeOverlord|SwordsDance,KowtowCleave,SuckerPunch,IronHead|Adamant||F|||50|]Dragapult||Leftovers|ClearBody|Substitute,ThunderWave,WillOWisp,Hex|Timid||M|||50|]Rotom-Wash||ChoiceScarf|Levitate|VoltSwitch,HydroPump,Trick,Thunderbolt|Timid|||||50|]Meganium||Meganiumite|Overgrow|Substitute,SolarBeam,WeatherBall,EarthPower|Modest||F|||50|
|showteam|p2|Sneasler||FocusSash|PoisonTouch|PoisonJab,CloseCombat,FakeOut,QuickGuard|Jolly||F|||50|]Blastoise||Blastoisinite|RainDish|DarkPulse,WaterSpout,ShellSmash,Protect|Modest||F|||50|]Kingambit||BlackGlasses|Defiant|KowtowCleave,SuckerPunch,SwordsDance,Protect|Adamant||M|||50|]Incineroar||SitrusBerry|Intimidate|FlareBlitz,HelpingHand,PartingShot,FakeOut|Careful||M|||50|]Delphox||Delphoxite|Blaze|HeatWave,NastyPlot,Psyshock,Protect|Modest||M|||50|]Sinistcha||KasibBerry|Hospitality|MatchaGotcha,RagePowder,TrickRoom,Protect|Bold|||||50|
|inactive|Battle timer is ON: inactive players will automatically lose when time's up. (requested by tamagotchai-01)
|
|t:|1785176491
|teamsize|p1|4
|teamsize|p2|4
|start
|switch|p1a: Dragapult|Dragapult, L50, M|100/100
|switch|p1b: Meganium|Meganium, L50, F|100/100
|switch|p2a: Sneasler|Sneasler, L50, F|100/100
|switch|p2b: Kingambit|Kingambit, L50, M|100/100
|turn|1
|
|t:|1785176512
|switch|p1b: Garchomp|Garchomp, L50, M|100/100
|move|p1a: Dragapult|Will-O-Wisp|p2b: Kingambit
|-status|p2b: Kingambit|brn
|move|p2a: Sneasler|Poison Jab|p1b: Garchomp
|-resisted|p1b: Garchomp|1
|-damage|p1b: Garchomp|78/100
|-status|p1b: Garchomp|psn
|-damage|p2a: Sneasler|87/100|[from] ability: Rough Skin|[of] p1b: Garchomp
|move|p2b: Kingambit|Kowtow Cleave|p1a: Dragapult
|-supereffective|p1a: Dragapult|1
|-damage|p1a: Dragapult|39/100
|
|-heal|p1a: Dragapult|45/100|[from] item: Leftovers
|-damage|p1b: Garchomp|65/100 psn|[from] psn
|-damage|p2b: Kingambit|94/100 brn|[from] brn
|upkeep
|turn|2
|inactive|dan1uz has 30 seconds left.
|
|t:|1785176547
|switch|p2a: Sinistcha|Sinistcha, L50|100/100
|-heal|p2b: Kingambit|100/100 brn|[from] ability: Hospitality|[of] p2a: Sinistcha
|move|p1a: Dragapult|Substitute|p1a: Dragapult
|-start|p1a: Dragapult|Substitute
|-damage|p1a: Dragapult|21/100
|move|p1b: Garchomp|Earthquake|p2a: Sinistcha|[spread] p1a,p2a,p2b
|-end|p1a: Dragapult|Substitute
|-resisted|p2a: Sinistcha|1
|-supereffective|p2b: Kingambit|1
|-damage|p2a: Sinistcha|84/100
|-damage|p2b: Kingambit|41/100 brn
|move|p2b: Kingambit|Swords Dance|p2b: Kingambit
|-boost|p2b: Kingambit|atk|2
|
|-heal|p1a: Dragapult|27/100|[from] item: Leftovers
|-damage|p1b: Garchomp|53/100 psn|[from] psn
|-damage|p2b: Kingambit|35/100 brn|[from] brn
|upkeep
|turn|3
|
|t:|1785176568
|move|p2b: Kingambit|Protect|p2b: Kingambit
|-singleturn|p2b: Kingambit|Protect
|move|p1a: Dragapult|Substitute|p1a: Dragapult
|-start|p1a: Dragapult|Substitute
|-damage|p1a: Dragapult|2/100
|move|p1b: Garchomp|Earthquake|p2a: Sinistcha|[spread] p1a,p2a
|-activate|p2b: Kingambit|move: Protect
|-end|p1a: Dragapult|Substitute
|-resisted|p2a: Sinistcha|1
|-damage|p2a: Sinistcha|67/100
|move|p2a: Sinistcha|Matcha Gotcha|p1b: Garchomp|[spread] p1a
|-miss|p2a: Sinistcha|p1b: Garchomp
|-resisted|p1a: Dragapult|1
|-damage|p1a: Dragapult|0 fnt
|-heal|p2a: Sinistcha|69/100|[from] drain|[of] p1a: Dragapult
|faint|p1a: Dragapult
|
|-damage|p1b: Garchomp|41/100 psn|[from] psn
|-damage|p2b: Kingambit|29/100 brn|[from] brn
|upkeep
|-enditem|p1b: Garchomp|Sitrus Berry|[eat]
|-heal|p1b: Garchomp|65/100 psn|[from] item: Sitrus Berry
|
|t:|1785176593
|switch|p1a: Meganium|Meganium, L50, F|100/100
|turn|4
|
|t:|1785176603
|detailschange|p1a: Meganium|Meganium-Mega, L50, F
|-mega|p1a: Meganium|Meganium|Meganiumite
|move|p2b: Kingambit|Sucker Punch||[still]
|-fail|p2b: Kingambit
|move|p1b: Garchomp|Earthquake|p2a: Sinistcha|[spread] p1a,p2a,p2b
|-resisted|p1a: Meganium|1
|-resisted|p2a: Sinistcha|1
|-supereffective|p2b: Kingambit|1
|-damage|p1a: Meganium|80/100
|-damage|p2a: Sinistcha|52/100
|-damage|p2b: Kingambit|0 fnt
|faint|p2b: Kingambit
|move|p1a: Meganium|Substitute|p1a: Meganium
|-start|p1a: Meganium|Substitute
|-damage|p1a: Meganium|55/100
|move|p2a: Sinistcha|Matcha Gotcha|p1a: Meganium|[spread] p1a,p1b
|-resisted|p1a: Meganium|1
|-activate|p1a: Meganium|move: Substitute|[damage]
|-heal|p2a: Sinistcha|57/100|[from] drain|[of] p1a: Meganium
|-damage|p1b: Garchomp|40/100 psn
|-heal|p2a: Sinistcha|70/100|[from] drain|[of] p1b: Garchomp
|
|-damage|p1b: Garchomp|27/100 psn|[from] psn
|upkeep
|
|t:|1785176603
|switch|p2b: Incineroar|Incineroar, L50, M|100/100
|-ability|p2b: Incineroar|Intimidate|boost
|-immune|p1a: Meganium
|-unboost|p1b: Garchomp|atk|1
|turn|5
|inactive|dan1uz has 30 seconds left.
|inactive|dan1uz has 20 seconds left.
|
|t:|1785176640
|move|p1b: Garchomp|Swords Dance|p1b: Garchomp
|-boost|p1b: Garchomp|atk|2
|move|p1a: Meganium|Earth Power|p2b: Incineroar
|-supereffective|p2b: Incineroar|1
|-damage|p2b: Incineroar|44/100
|-enditem|p2b: Incineroar|Sitrus Berry|[eat]
|-heal|p2b: Incineroar|69/100|[from] item: Sitrus Berry
|move|p2b: Incineroar|Flare Blitz|p1a: Meganium
|-supereffective|p1a: Meganium|1
|-end|p1a: Meganium|Substitute
|-damage|p2b: Incineroar|65/100|[from] Recoil
|move|p2a: Sinistcha|Matcha Gotcha|p1a: Meganium|[spread] p1b
|-miss|p2a: Sinistcha|p1a: Meganium
|-damage|p1b: Garchomp|0 fnt
|-heal|p2a: Sinistcha|85/100|[from] drain|[of] p1b: Garchomp
|faint|p1b: Garchomp
|
|upkeep
|
|t:|1785176660
|switch|p1b: Rotom|Rotom-Wash, L50|100/100
|turn|6
|j| tedidn
|
|t:|1785176667
|move|p1b: Rotom|Hydro Pump|p2b: Incineroar
|-supereffective|p2b: Incineroar|1
|-damage|p2b: Incineroar|0 fnt
|faint|p2b: Incineroar
|move|p1a: Meganium|Weather Ball|p2a: Sinistcha
|-supereffective|p2a: Sinistcha|1
|-damage|p2a: Sinistcha|0 fnt
|faint|p2a: Sinistcha
|
|upkeep
|
|t:|1785176667
|switch|p2a: Sneasler|Sneasler, L50, F|87/100
|turn|7
|
|t:|1785176682
|move|p1b: Rotom|Hydro Pump|p2a: Sneasler|[miss]
|-miss|p1b: Rotom|p2a: Sneasler
|move|p2a: Sneasler|Close Combat|p1a: Meganium
|-resisted|p1a: Meganium|1
|-damage|p1a: Meganium|22/100
|-unboost|p2a: Sneasler|def|1
|-unboost|p2a: Sneasler|spd|1
|move|p1a: Meganium|Earth Power|p2a: Sneasler
|-supereffective|p2a: Sneasler|1
|-damage|p2a: Sneasler|0 fnt
|faint|p2a: Sneasler
|
|win|dan1uz
|raw|dan1uz's rating: 1000 → 1056(+56 for winning)
|raw|tamagotchai-01's rating: 1145 → 1110(-35 for losing)
