|j|☆predatorssg
|j|☆returningto
|html|predatorssgreturningto    
|uhtml|bestof|Game 1 of a best-of-3
|t:|1786024766
|gametype|doubles
|player|p1|predatorssg|2|1157
|player|p2|returningto|170|1151
|gen|9
|tier|[Gen 9 Champions] VGC 2026 Reg M-B (Bo3)
|rated|
|rule|Species Clause: Limit one of each Pokémon
|rule|Item Clause: Limit 1 of each item
|clearpoke
|poke|p1|Archaludon, L50, F|
|poke|p1|Pelipper, L50, F|
|poke|p1|Grimmsnarl, L50, M|
|poke|p1|Swampert, L50, M|
|poke|p1|Talonflame, L50, M|
|poke|p1|Floette-Eternal, L50, F|
|poke|p2|Typhlosion-Hisui, L50, F|
|poke|p2|Raichu, L50, M|
|poke|p2|Scizor, L50, M|
|poke|p2|Snorlax, L50, M|
|poke|p2|Sinistcha, L50|
|poke|p2|Corviknight, L50, M|
|teampreview|4
|showteam|p1|Archaludon||Leftovers|Stamina|ElectroShot,AuraSphere,FlashCannon,Protect|Modest||F|||50|]Pelipper||SitrusBerry|Drizzle|HelpingHand,WeatherBall,Hurricane,WideGuard|Modest||F|||50|]Grimmsnarl||LightClay|Prankster|PartingShot,SpiritBreak,Reflect,LightScreen|Calm||M|||50|]Swampert||Swampertite|Torrent|WaveCrash,Earthquake,IcePunch,Protect|Adamant||M|||50|]Talonflame||SharpBeak|GaleWings|Protect,Tailwind,RainDance,DualWingbeat|Jolly||M|||50|]Floette-Eternal||Floettite|FlowerVeil|DazzlingGleam,Moonblast,LightofRuin,Protect|Modest||F|||50|
|showteam|p2|Typhlosion-Hisui||Charcoal|Blaze|Eruption,Overheat,ShadowBall,Protect|Timid||F|||50|]Raichu||RaichuniteY|LightningRod|FakeOut,FocusBlast,ZapCannon,VoltSwitch|Timid||M|||50|]Scizor||Scizorite|Technician|SwordsDance,BulletPunch,BugBite,Protect|Adamant||M|||50|]Snorlax||SitrusBerry|ThickFat|RockSlide,BodySlam,BellyDrum,Protect|Impish||M|||50|]Sinistcha||MiracleSeed|Hospitality|MatchaGotcha,TrickRoom,RagePowder,LifeDew|Serious|||||50|]Corviknight||LightClay|MirrorArmor|LightScreen,Reflect,Uturn,BodyPress|Impish||M|||50|
|
|t:|1786024834
|teamsize|p1|4
|teamsize|p2|4
|start
|switch|p1a: Talonflame|Talonflame, L50, M|100/100
|switch|p1b: Swampert|Swampert, L50, M|100/100
|switch|p2a: Snorlax|Snorlax, L50, M|100/100
|switch|p2b: Raichu|Raichu, L50, M|100/100
|turn|1
|inactive|Battle timer is ON: inactive players will automatically lose when time's up. (requested by returningto)
|inactive|returningto has 60 seconds left.
|
|t:|1786024894
|detailschange|p2b: Raichu|Raichu-Mega-Y, L50, M
|-mega|p2b: Raichu|Raichu|Raichunite Y
|detailschange|p1b: Swampert|Swampert-Mega, L50, M
|-mega|p1b: Swampert|Swampert|Swampertite
|move|p2b: Raichu|Fake Out|p1a: Talonflame
|-crit|p1a: Talonflame
|-damage|p1a: Talonflame|81/100
|cant|p1a: Talonflame|flinch
|move|p1b: Swampert|Earthquake|p2a: Snorlax|[spread] p2a,p2b
|-immune|p1a: Talonflame
|-supereffective|p2b: Raichu|1
|-damage|p2a: Snorlax|65/100
|-damage|p2b: Raichu|0 fnt
|faint|p2b: Raichu
|move|p2a: Snorlax|Belly Drum|p2a: Snorlax
|-damage|p2a: Snorlax|15/100
|-setboost|p2a: Snorlax|atk|6|[from] move: Belly Drum
|-enditem|p2a: Snorlax|Sitrus Berry|[eat]
|-heal|p2a: Snorlax|39/100|[from] item: Sitrus Berry
|
|upkeep
|
|t:|1786024911
|switch|p2b: Sinistcha|Sinistcha, L50|100/100
|-heal|p2a: Snorlax|64/100|[from] ability: Hospitality|[of] p2b: Sinistcha
|turn|2
|
|t:|1786024934
|switch|p1b: Archaludon|Archaludon, L50, F|100/100
|move|p2a: Snorlax|Protect|p2a: Snorlax
|-singleturn|p2a: Snorlax|Protect
|move|p1a: Talonflame|Dual Wingbeat|p2b: Sinistcha
|-supereffective|p2b: Sinistcha|1
|-damage|p2b: Sinistcha|66/100
|-supereffective|p2b: Sinistcha|1
|-damage|p2b: Sinistcha|36/100
|-hitcount|p2b: Sinistcha|2
|move|p2b: Sinistcha|Trick Room|p2b: Sinistcha
|-fieldstart|move: Trick Room|[of] p2b: Sinistcha
|
|upkeep
|turn|3
|inactive|returningto has 30 seconds left.
|
|t:|1786024962
|move|p2a: Snorlax|Rock Slide|p1b: Archaludon|[spread] p1a,p1b
|-supereffective|p1a: Talonflame|2
|-resisted|p1b: Archaludon|1
|-damage|p1a: Talonflame|0 fnt
|-damage|p1b: Archaludon|79/100
|-ability|p1b: Archaludon|Stamina|boost
|-boost|p1b: Archaludon|def|1
|faint|p1a: Talonflame
|move|p2b: Sinistcha|Life Dew|p2b: Sinistcha|[spread] p2a,p2b
|-heal|p2a: Snorlax|89/100
|-heal|p2b: Sinistcha|61/100
|cant|p1b: Archaludon|flinch
|
|-heal|p1b: Archaludon|85/100|[from] item: Leftovers
|upkeep
|
|t:|1786024974
|switch|p1a: Pelipper|Pelipper, L50, F|100/100
|-weather|RainDance|[from] ability: Drizzle|[of] p1a: Pelipper
|turn|4
|
|t:|1786024987
|move|p1a: Pelipper|Wide Guard|p1a: Pelipper
|-singleturn|p1a: Pelipper|Wide Guard
|move|p2b: Sinistcha|Rage Powder|p2b: Sinistcha
|-singleturn|p2b: Sinistcha|move: Rage Powder
|move|p2a: Snorlax|Body Slam|p1a: Pelipper
|-damage|p1a: Pelipper|0 fnt
|faint|p1a: Pelipper
|move|p1b: Archaludon|Electro Shot||[still]
|-prepare|p1b: Archaludon|Electro Shot
|-boost|p1b: Archaludon|spa|1
|-anim|p1b: Archaludon|Electro Shot|p2b: Sinistcha
|-resisted|p2b: Sinistcha|1
|-damage|p2b: Sinistcha|18/100
|
|-weather|RainDance|[upkeep]
|-heal|p1b: Archaludon|92/100|[from] item: Leftovers
|upkeep
|
|t:|1786024994
|switch|p1a: Swampert|Swampert-Mega, L50, M|100/100
|turn|5
|
|t:|1786025016
|move|p1a: Swampert|Protect|p1a: Swampert
|-singleturn|p1a: Swampert|Protect
|move|p2a: Snorlax|Body Slam|p1b: Archaludon
|-resisted|p1b: Archaludon|1
|-damage|p1b: Archaludon|58/100
|-status|p1b: Archaludon|par
|-ability|p1b: Archaludon|Stamina|boost
|-boost|p1b: Archaludon|def|1
|move|p1b: Archaludon|Electro Shot||[still]
|-prepare|p1b: Archaludon|Electro Shot
|-boost|p1b: Archaludon|spa|1
|-anim|p1b: Archaludon|Electro Shot|p2b: Sinistcha
|-resisted|p2b: Sinistcha|1
|-damage|p2b: Sinistcha|0 fnt
|faint|p2b: Sinistcha
|
|-weather|RainDance|[upkeep]
|-heal|p1b: Archaludon|64/100 par|[from] item: Leftovers
|upkeep
|
|t:|1786025031
|switch|p2b: Scizor|Scizor, L50, M|100/100
|turn|6
|
|t:|1786025046
|move|p2a: Snorlax|Body Slam|p1a: Swampert
|-damage|p1a: Swampert|0 fnt
|faint|p1a: Swampert
|move|p1b: Archaludon|Electro Shot||[still]
|-prepare|p1b: Archaludon|Electro Shot
|-boost|p1b: Archaludon|spa|1
|-anim|p1b: Archaludon|Electro Shot|p2a: Snorlax
|-damage|p2a: Snorlax|23/100
|move|p2b: Scizor|Swords Dance|p2b: Scizor
|-boost|p2b: Scizor|atk|2
|
|-weather|RainDance|[upkeep]
|-heal|p1b: Archaludon|70/100 par|[from] item: Leftovers
|-fieldend|move: Trick Room
|upkeep
|turn|7
|inactive|returningto has 30 seconds left.
|
|t:|1786025072
|move|p2a: Snorlax|Protect|p2a: Snorlax
|-singleturn|p2a: Snorlax|Protect
|move|p2b: Scizor|Bug Bite|p1b: Archaludon
|-resisted|p1b: Archaludon|1
|-damage|p1b: Archaludon|51/100 par
|-ability|p1b: Archaludon|Stamina|boost
|-boost|p1b: Archaludon|def|1
|cant|p1b: Archaludon|par
|
|-weather|RainDance|[upkeep]
|-heal|p1b: Archaludon|57/100 par|[from] item: Leftovers
|upkeep
|turn|8
|
|t:|1786025084
|move|p2b: Scizor|Swords Dance|p2b: Scizor
|-boost|p2b: Scizor|atk|2
|move|p1b: Archaludon|Electro Shot||[still]
|-prepare|p1b: Archaludon|Electro Shot
|-boost|p1b: Archaludon|spa|1
|-anim|p1b: Archaludon|Electro Shot|p2a: Snorlax
|-damage|p2a: Snorlax|0 fnt
|faint|p2a: Snorlax
|
|-weather|none
|-heal|p1b: Archaludon|64/100 par|[from] item: Leftovers
|upkeep
|turn|9
|
|t:|1786025098
|move|p2b: Scizor|Bullet Punch|p1b: Archaludon
|-resisted|p1b: Archaludon|1
|-damage|p1b: Archaludon|50/100y par
|-ability|p1b: Archaludon|Stamina|boost
|-boost|p1b: Archaludon|def|1
|move|p1b: Archaludon|Aura Sphere|p2b: Scizor
|-damage|p2b: Scizor|7/100
|
|-heal|p1b: Archaludon|56/100 par|[from] item: Leftovers
|upkeep
|turn|10
|
|t:|1786025108
|move|p2b: Scizor|Bug Bite|p1b: Archaludon
|-resisted|p1b: Archaludon|1
|-damage|p1b: Archaludon|40/100 par
|-ability|p1b: Archaludon|Stamina|boost
|-boost|p1b: Archaludon|def|1
|move|p1b: Archaludon|Aura Sphere|p2b: Scizor
|-damage|p2b: Scizor|0 fnt
|faint|p2b: Scizor
|
|win|predatorssg
||returningto is ready for game 2.
||predatorssg is ready for game 2.
|uhtml|next|Next: Game 2 of 3
