|j|☆the Batterwitch
|j|☆rowansmuscleshirt
|html|the Batterwitchrowansmuscleshirt    
|uhtml|bestof|Game 1 of a best-of-3
|t:|1757705213
|gametype|doubles
|player|p1|the Batterwitch|baker|1246
|player|p2|rowansmuscleshirt|ltsurge|1216
|gen|9
|tier|[Gen 9] VGC 2025 Reg H (Bo3)
|rated|
|rule|Species Clause: Limit one of each Pokémon
|rule|Item Clause: Limit 1 of each item
|clearpoke
|poke|p1|Archaludon, L50, M|
|poke|p1|Pelipper, L50, M|
|poke|p1|Basculegion, L50, M|
|poke|p1|Ursaluna, L50, F|
|poke|p1|Volcarona, L50, M|
|poke|p1|Porygon2, L50|
|poke|p2|Dragonite, L50, M|
|poke|p2|Gholdengo, L50|
|poke|p2|Ursaluna-Bloodmoon, L50, M|
|poke|p2|Pelipper, L50, M|
|poke|p2|Archaludon, L50, M|
|poke|p2|Basculegion, L50, M|
|teampreview|4
|showteam|p1|Archaludon||PowerHerb|Sturdy|ElectroShot,DracoMeteor,FlashCannon,Protect|||M|||50|,,,,,Grass]Pelipper||FocusSash|Drizzle|Hurricane,WeatherBall,WideGuard,Tailwind|||M|||50|,,,,,Ghost]Basculegion||LifeOrb|SwiftSwim|WaveCrash,LastRespects,AquaJet,Protect|||M|||50|,,,,,Fairy]Ursaluna||FlameOrb|Guts|Facade,Earthquake,HeadlongRush,Protect|||F|||50|,,,,,Fairy]Volcarona||CovertCloak|FlameBody|Overheat,StruggleBug,RagePowder,WillOWisp|||M|||50|,,,,,Dragon]Porygon2||Eviolite|Trace|TriAttack,IceBeam,Recover,TrickRoom||||||50|,,,,,Ghost
|showteam|p2|Dragonite||LoadedDice|Multiscale|ScaleShot,Tailwind,Haze,Protect|||M|||50|,,,,,Fairy]Gholdengo||LifeOrb|GoodasGold|MakeItRain,ShadowBall,NastyPlot,Protect||||||50|,,,,,Water]Ursaluna-Bloodmoon||AssaultVest|MindsEye|BloodMoon,EarthPower,HyperVoice,VacuumWave|||M|||50|,,,,,Water]Pelipper||FocusSash|Drizzle|WeatherBall,Hurricane,Tailwind,Protect|||M|||50|,,,,,Stellar]Archaludon||PowerHerb|Sturdy|Thunderbolt,ElectroShot,FlashCannon,Protect|||M|||50|,,,,,Electric]Basculegion||ChoiceBand|SwiftSwim|WaveCrash,FlipTurn,LastRespects,AquaJet|||M|||50|,,,,,Grass
|inactive|Battle timer is ON: inactive players will automatically lose when time's up. (requested by rowansmuscleshirt)
|c|☆rowansmuscleshirt|Love the logic of slap basc arch and Pelipper on a team plus 3 others
|inactive|rowansmuscleshirt has 60 seconds left.
|c|☆the Batterwitch|I mean, that's rain
|c|☆the Batterwitch|rain's always been like that
|inactive|rowansmuscleshirt has 30 seconds left.
|
|t:|1757705291
|teamsize|p1|4
|teamsize|p2|4
|start
|switch|p1a: Porygon2|Porygon2, L50, shiny|100/100
|switch|p1b: Archaludon|Archaludon, L50, M|100/100
|switch|p2a: Dragonite|Dragonite, L50, M|100/100
|switch|p2b: Ursaluna|Ursaluna-Bloodmoon, L50, M|100/100
|-ability|p1a: Porygon2|Mind's Eye|Trace|[from] ability: Trace|[of] p2b: Ursaluna
|turn|1
|
|t:|1757705307
|move|p1b: Archaludon|Electro Shot||[still]
|-prepare|p1b: Archaludon|Electro Shot
|-boost|p1b: Archaludon|spa|1
|-enditem|p1b: Archaludon|Power Herb
|-anim|p1b: Archaludon|Electro Shot|p2a: Dragonite
|-damage|p2a: Dragonite|70/100
|move|p2a: Dragonite|Scale Shot|p1a: Porygon2
|-damage|p1a: Porygon2|92/100
|-damage|p1a: Porygon2|84/100
|-damage|p1a: Porygon2|76/100
|-damage|p1a: Porygon2|67/100
|-hitcount|p1a: Porygon2|4
|-unboost|p2a: Dragonite|def|1
|-boost|p2a: Dragonite|spe|1
|move|p1a: Porygon2|Ice Beam|p2a: Dragonite
|-supereffective|p2a: Dragonite
|-damage|p2a: Dragonite|0 fnt
|faint|p2a: Dragonite
|move|p2b: Ursaluna|Blood Moon|p1a: Porygon2
|-damage|p1a: Porygon2|12/100
|
|upkeep
|
|t:|1757705328
|switch|p2a: Archaludon|Archaludon, L50, M|100/100
|turn|2
|
|t:|1757705344
|move|p1b: Archaludon|Protect|p1b: Archaludon
|-singleturn|p1b: Archaludon|Protect
|move|p2a: Archaludon|Electro Shot||[still]
|-prepare|p2a: Archaludon|Electro Shot
|-boost|p2a: Archaludon|spa|1
|-enditem|p2a: Archaludon|Power Herb
|-anim|p2a: Archaludon|Electro Shot|p1a: Porygon2
|-damage|p1a: Porygon2|0 fnt
|faint|p1a: Porygon2
|move|p2b: Ursaluna|Earth Power|p1b: Archaludon
|-activate|p1b: Archaludon|move: Protect
|
|upkeep
|
|t:|1757705361
|switch|p1a: Ursaluna|Ursaluna, L50, F|100/100
|turn|3
|inactive|rowansmuscleshirt has 30 seconds left.
|
|t:|1757705388
|-terastallize|p2a: Archaludon|Electric
|move|p2a: Archaludon|Electro Shot||[still]
|-prepare|p2a: Archaludon|Electro Shot
|-boost|p2a: Archaludon|spa|1
|move|p1b: Archaludon|Flash Cannon|p2b: Ursaluna
|-damage|p2b: Ursaluna|57/100
|move|p2b: Ursaluna|Blood Moon|p1b: Archaludon
|-resisted|p1b: Archaludon
|-damage|p1b: Archaludon|43/100
|move|p1a: Ursaluna|Headlong Rush|p2a: Archaludon
|-supereffective|p2a: Archaludon
|-ability|p2a: Archaludon|Sturdy
|-damage|p2a: Archaludon|1/100
|-unboost|p1a: Ursaluna|def|1
|-unboost|p1a: Ursaluna|spd|1
|
|-status|p1a: Ursaluna|brn|[from] item: Flame Orb
|upkeep
|turn|4
|inactive|the Batterwitch has 30 seconds left.
|
|t:|1757705414
|move|p1b: Archaludon|Protect|p1b: Archaludon
|-singleturn|p1b: Archaludon|Protect
|move|p2a: Archaludon|Electro Shot|p1b: Archaludon|[from] lockedmove
|-activate|p1b: Archaludon|move: Protect
|move|p2b: Ursaluna|Hyper Voice|p1b: Archaludon|[spread] p1a
|-activate|p1b: Archaludon|move: Protect
|-damage|p1a: Ursaluna|45/100 brn
|move|p1a: Ursaluna|Earthquake|p2b: Ursaluna|[spread] p2a,p2b
|-activate|p1b: Archaludon|move: Protect
|-supereffective|p2a: Archaludon
|-damage|p2a: Archaludon|0 fnt
|-damage|p2b: Ursaluna|6/100
|faint|p2a: Archaludon
|
|-damage|p1a: Ursaluna|39/100 brn|[from] brn
|upkeep
|
|t:|1757705416
|switch|p2a: Basculegion|Basculegion, L50, M|100/100
|turn|5
|
|t:|1757705436
|move|p1a: Ursaluna|Protect|p1a: Ursaluna
|-singleturn|p1a: Ursaluna|Protect
|move|p2b: Ursaluna|Vacuum Wave|p1a: Ursaluna
|-activate|p1a: Ursaluna|move: Protect
|move|p1b: Archaludon|Flash Cannon|p2b: Ursaluna
|-damage|p2b: Ursaluna|0 fnt
|faint|p2b: Ursaluna
|move|p2a: Basculegion|Last Respects|p1b: Archaludon
|-damage|p1b: Archaludon|0 fnt
|faint|p1b: Archaludon
|
|-damage|p1a: Ursaluna|33/100 brn|[from] brn
|upkeep
|
|t:|1757705438
|switch|p1b: Basculegion|Basculegion, L50, M|100/100
|turn|6
|
|t:|1757705450
|move|p2a: Basculegion|Last Respects|p1b: Basculegion
|-supereffective|p1b: Basculegion
|-damage|p1b: Basculegion|0 fnt
|faint|p1b: Basculegion
|move|p1a: Ursaluna|Headlong Rush|p2a: Basculegion
|-damage|p2a: Basculegion|0 fnt
|-unboost|p1a: Ursaluna|def|1
|-unboost|p1a: Ursaluna|spd|1
|faint|p2a: Basculegion
|
|win|the Batterwitch
||rowansmuscleshirt is ready for game 2.
|inactive|the Batterwitch has 30 seconds to confirm battle start!
||the Batterwitch is ready for game 2.
|uhtml|next|Next: Game 2 of 3
|l|☆rowansmuscleshirt
|player|p2|
