|j|‽Appletan
|j|☆liv&large27
|html|Appletanliv&large27    
|uhtml|bestof|Game 1 of a best-of-3
|t:|1757695290
|gametype|doubles
|player|p1|Appletan|whitney|1237
|player|p2|liv&large27|n|1335
|gen|9
|tier|[Gen 9] VGC 2025 Reg H (Bo3)
|rated|
|rule|Species Clause: Limit one of each Pokémon
|rule|Item Clause: Limit 1 of each item
|clearpoke
|poke|p1|Gholdengo, L50|
|poke|p1|Amoonguss, L50, M|
|poke|p1|Incineroar, L50, F|
|poke|p1|Pelipper, L50, F|
|poke|p1|Palafin, L50, F|
|poke|p1|Dragapult, L50, F|
|poke|p2|Blastoise, L50, M|
|poke|p2|Sneasler, L50, M|
|poke|p2|Whimsicott, L50, M|
|poke|p2|Ursaluna, L50, M|
|poke|p2|Dragonite, L50, M|
|poke|p2|Annihilape, L50, M|
|teampreview|4
|showteam|p1|Gholdengo||LifeOrb|GoodasGold|Protect,NastyPlot,ShadowBall,MakeItRain||||||50|,,,,,Steel]Amoonguss||SitrusBerry|Regenerator|Protect,RagePowder,PollenPuff,Spore|||M|||50|,,,,,Fairy]Incineroar||AssaultVest|Intimidate|FlareBlitz,KnockOff,Uturn,FakeOut|||F|||50|,,,,,Grass]Pelipper||FocusSash|Drizzle|Protect,Tailwind,Hurricane,WeatherBall|||F|||50|,,,,,Ghost]Palafin||SplashPlate|ZerotoHero|Protect,Haze,JetPunch,WaveCrash|||F|||50|,,,,,Water]Dragapult||ChoiceSpecs|ClearBody|DracoMeteor,ShadowBall,TeraBlast,Uturn|||F|||50|,,,,,Fairy
|showteam|p2|Blastoise||ChoiceSpecs|Torrent|WaterSpout,MuddyWater,IceBeam,WaterPledge|||M|||50|,,,,,Water]Sneasler||LifeOrb|PoisonTouch|FakeOut,DireClaw,CloseCombat,ThroatChop|||M|||50|,,,,,Stellar]Whimsicott||FocusSash|Prankster|TrickRoom,Moonblast,Encore,Tailwind|||M|||50|,,,,,Ghost]Ursaluna||FlameOrb|Guts|Facade,Earthquake,Protect,HeadlongRush|||M|||50|,,,,,Ghost]Dragonite||AssaultVest|InnerFocus|DragonClaw,TeraBlast,ExtremeSpeed,FirePunch|||M|||50|,,,,,Flying]Annihilape||SafetyGoggles|Defiant|RageFist,FinalGambit,CloseCombat,Coaching|||M|||50|,,,,,Water
|inactive|Battle timer is ON: inactive players will automatically lose when time's up. (requested by liv&large27)
|inactive|Appletan has 60 seconds left.
|
|t:|1757695346
|teamsize|p1|4
|teamsize|p2|4
|start
|switch|p1a: Amoonguss|Amoonguss, L50, M|100/100
|switch|p1b: Dragapult|Dragapult, L50, F|100/100
|switch|p2a: Annihilape|Annihilape, L50, M|100/100
|switch|p2b: Dragonite|Dragonite, L50, M|100/100
|turn|1
|
|t:|1757695366
|-terastallize|p1b: Dragapult|Fairy
|-terastallize|p2b: Dragonite|Flying
|move|p1b: Dragapult|Tera Blast|p2b: Dragonite|[anim] Tera Blast Fairy
|-damage|p2b: Dragonite|65/100
|move|p2a: Annihilape|Final Gambit|p1a: Amoonguss
|-damage|p1a: Amoonguss|1/100
|-enditem|p1a: Amoonguss|Sitrus Berry|[eat]
|-heal|p1a: Amoonguss|26/100|[from] item: Sitrus Berry
|faint|p2a: Annihilape
|move|p2b: Dragonite|Tera Blast|p1a: Amoonguss|[anim] Tera Blast Flying
|-supereffective|p1a: Amoonguss
|-damage|p1a: Amoonguss|0 fnt
|faint|p1a: Amoonguss
|
|upkeep
|inactive|Appletan has 30 seconds left.
|
|t:|1757695395
|switch|p2a: Whimsicott|Whimsicott, L50, M|100/100
|switch|p1a: Pelipper|Pelipper, L50, F|100/100
|-weather|RainDance|[from] ability: Drizzle|[of] p1a: Pelipper
|turn|2
|
|t:|1757695413
|switch|p1b: Gholdengo|Gholdengo, L50|100/100
|move|p1a: Pelipper|Protect|p1a: Pelipper
|-singleturn|p1a: Pelipper|Protect
|move|p2b: Dragonite|Tera Blast|p1a: Pelipper|[anim] Tera Blast Flying
|-activate|p1a: Pelipper|move: Protect
|move|p2a: Whimsicott|Trick Room|p2a: Whimsicott
|-fieldstart|move: Trick Room|[of] p2a: Whimsicott
|
|-weather|RainDance|[upkeep]
|upkeep
|turn|3
|
|t:|1757695424
|switch|p2b: Ursaluna|Ursaluna, L50, M|100/100
|move|p2a: Whimsicott|Encore|p1a: Pelipper
|-start|p1a: Pelipper|Encore
|move|p1a: Pelipper|Protect|p1a: Pelipper
|-singleturn|p1a: Pelipper|Protect
|move|p1b: Gholdengo|Make It Rain|p2a: Whimsicott|[spread] p2a,p2b
|-supereffective|p2a: Whimsicott
|-enditem|p2a: Whimsicott|Focus Sash
|-damage|p2a: Whimsicott|1/100
|-damage|p2b: Ursaluna|40/100
|-unboost|p1b: Gholdengo|spa|1
|-damage|p1b: Gholdengo|91/100|[from] item: Life Orb
|
|-weather|RainDance|[upkeep]
|-status|p2b: Ursaluna|brn|[from] item: Flame Orb
|upkeep
|turn|4
|
|t:|1757695441
|switch|p2a: Dragonite|Dragonite, L50, M, tera:Flying|65/100
|move|p1a: Pelipper|Protect||[still]
|-fail|p1a: Pelipper
|move|p1b: Gholdengo|Protect|p1b: Gholdengo
|-singleturn|p1b: Gholdengo|Protect
|move|p2b: Ursaluna|Earthquake|p1a: Pelipper|[spread] 
|-activate|p1b: Gholdengo|move: Protect
|-immune|p2a: Dragonite
|-immune|p1a: Pelipper
|
|-weather|RainDance|[upkeep]
|-damage|p2b: Ursaluna|34/100 brn|[from] brn
|upkeep
|turn|5
|
|t:|1757695451
|switch|p1b: Dragapult|Dragapult, L50, F, tera:Fairy|100/100
|move|p1a: Pelipper|Protect|p1a: Pelipper
|-singleturn|p1a: Pelipper|Protect
|move|p2b: Ursaluna|Headlong Rush|p1b: Dragapult
|-damage|p1b: Dragapult|0 fnt
|-unboost|p2b: Ursaluna|def|1
|-unboost|p2b: Ursaluna|spd|1
|faint|p1b: Dragapult
|move|p2a: Dragonite|Tera Blast|p1a: Pelipper|[anim] Tera Blast Flying
|-activate|p1a: Pelipper|move: Protect
|
|-weather|RainDance|[upkeep]
|-damage|p2b: Ursaluna|28/100 brn|[from] brn
|-end|p1a: Pelipper|Encore
|upkeep
|
|t:|1757695454
|switch|p1b: Gholdengo|Gholdengo, L50|91/100
|turn|6
|
|t:|1757695465
|move|p1b: Gholdengo|Protect|p1b: Gholdengo
|-singleturn|p1b: Gholdengo|Protect
|move|p2b: Ursaluna|Facade|p1a: Pelipper
|-enditem|p1a: Pelipper|Focus Sash
|-damage|p1a: Pelipper|1/100
|move|p2a: Dragonite|Tera Blast|p1a: Pelipper|[anim] Tera Blast Flying
|-damage|p1a: Pelipper|0 fnt
|faint|p1a: Pelipper
|
|-weather|none
|-damage|p2b: Ursaluna|22/100 brn|[from] brn
|-fieldend|move: Trick Room
|upkeep
|turn|7
|
|t:|1757695477
|move|p1b: Gholdengo|Make It Rain|p2b: Ursaluna|[spread] p2a,p2b
|-damage|p2a: Dragonite|26/100
|-damage|p2b: Ursaluna|0 fnt
|-unboost|p1b: Gholdengo|spa|1
|faint|p2b: Ursaluna
|-damage|p1b: Gholdengo|81/100|[from] item: Life Orb
|move|p2a: Dragonite|Fire Punch|p1b: Gholdengo
|-supereffective|p1b: Gholdengo
|-damage|p1b: Gholdengo|20/100
|
|upkeep
|
|t:|1757695481
|switch|p2b: Whimsicott|Whimsicott, L50, M|1/100
|turn|8
|-message|Appletan forfeited.
|
|win|liv&large27
|l|‽Appletan
|player|p1|
||Appletan is ready for game 2.
||liv&large27 is ready for game 2.
|uhtml|next|Next: Game 2 of 3
