|j|☆zileu
|j|☆Govek314
|html|zileuGovek314    
|uhtml|bestof|Game 1 of a best-of-3
|t:|1784810231
|gametype|doubles
|player|p1|zileu|cyclist-gen4|1150
|player|p2|Govek314|169|1040
|gen|9
|tier|[Gen 9 Champions] VGC 2026 Reg M-B (Bo3)
|rated|
|rule|Species Clause: Limit one of each Pokémon
|rule|Item Clause: Limit 1 of each item
|clearpoke
|poke|p1|Froslass, L50, F|
|poke|p1|Sneasler, L50, F|
|poke|p1|Basculegion, L50, M|
|poke|p1|Kingambit, L50, F|
|poke|p1|Aerodactyl, L50, F|
|poke|p1|Garchomp, L50, M|
|poke|p2|Tyranitar, L50, F|
|poke|p2|Excadrill, L50, F|
|poke|p2|Milotic, L50, M|
|poke|p2|Sinistcha, L50|
|poke|p2|Staraptor, L50, M|
|poke|p2|Gholdengo, L50|
|teampreview|4
|showteam|p1|Froslass||Froslassite|SnowCloak|Blizzard,ShadowBall,AuroraVeil,Protect|Timid||F|||50|]Sneasler||WhiteHerb|Unburden|CloseCombat,DireClaw,FakeOut,Protect|Adamant||F|||50|]Basculegion||SitrusBerry|Adaptability|LastRespects,WaveCrash,AquaJet,Protect|Adamant||M|||50|]Kingambit||BlackGlasses|Defiant|KowtowCleave,SuckerPunch,IronHead,Protect|Adamant||F|||50|]Aerodactyl||FocusSash|Unnerve|RockSlide,DualWingbeat,Tailwind,Protect|Jolly||F|||50|]Garchomp||LifeOrb|RoughSkin|DragonClaw,RockSlide,Earthquake,Protect|Jolly||M|||50|
|showteam|p2|Tyranitar||Tyranitarite|SandStream|KnockOff,RockSlide,HighHorsepower,Protect|Jolly||F|||50|]Excadrill||FocusSash|SandRush|Earthquake,IronHead,RockSlide,Protect|Adamant||F|||50|]Milotic||SitrusBerry|Competitive|Scald,IcyWind,Haze,Protect|Calm||M|||50|]Sinistcha||ColburBerry|Hospitality|MatchaGotcha,ShadowBall,Protect,RagePowder|Bold|||||50|]Staraptor||Staraptite|Intimidate|CloseCombat,BraveBird,Tailwind,Protect|Jolly||M|||50|]Gholdengo||LifeOrb|GoodasGold|MakeItRain,ShadowBall,NastyPlot,Protect|Modest|||||50|
|inactive|Battle timer is ON: inactive players will automatically lose when time's up. (requested by zileu)
|
|t:|1784810271
|teamsize|p1|4
|teamsize|p2|4
|start
|switch|p1a: Garchomp|Garchomp, L50, M|100/100
|switch|p1b: Aerodactyl|Aerodactyl, L50, F|100/100
|switch|p2a: Milotic|Milotic, L50, M|100/100
|switch|p2b: Gholdengo|Gholdengo, L50|100/100
|-ability|p1b: Aerodactyl|Unnerve
|turn|1
|
|t:|1784810298
|move|p2b: Gholdengo|Protect|p2b: Gholdengo
|-singleturn|p2b: Gholdengo|Protect
|move|p1b: Aerodactyl|Dual Wingbeat|p2a: Milotic
|-damage|p2a: Milotic|81/100
|-damage|p2a: Milotic|62/100
|-hitcount|p2a: Milotic|2
|move|p1a: Garchomp|Earthquake|p2b: Gholdengo|[spread] p2a
|-activate|p2b: Gholdengo|move: Protect
|-immune|p1b: Aerodactyl
|-damage|p2a: Milotic|14/100
|-damage|p1a: Garchomp|90/100|[from] item: Life Orb
|move|p2a: Milotic|Icy Wind|p1b: Aerodactyl|[spread] p1a,p1b
|-supereffective|p1a: Garchomp|2
|-supereffective|p1b: Aerodactyl|1
|-crit|p1b: Aerodactyl
|-damage|p1a: Garchomp|47/100
|-damage|p1b: Aerodactyl|54/100
|-unboost|p1a: Garchomp|spe|1
|-unboost|p1b: Aerodactyl|spe|1
|
|upkeep
|turn|2
|inactive|zileu has 30 seconds left.
|inactive|Govek314 has 30 seconds left.
|
|t:|1784810329
|switch|p2a: Staraptor|Staraptor, L50, M|100/100
|-ability|p2a: Staraptor|Intimidate|boost
|-unboost|p1a: Garchomp|atk|1
|-unboost|p1b: Aerodactyl|atk|1
|move|p1a: Garchomp|Protect|p1a: Garchomp
|-singleturn|p1a: Garchomp|Protect
|move|p1b: Aerodactyl|Tailwind|p1b: Aerodactyl
|-sidestart|p1: zileu|move: Tailwind
|move|p2b: Gholdengo|Make It Rain|p1b: Aerodactyl|[spread] p1b
|-activate|p1a: Garchomp|move: Protect
|-supereffective|p1b: Aerodactyl|1
|-damage|p1b: Aerodactyl|0 fnt
|-unboost|p2b: Gholdengo|spa|2
|faint|p1b: Aerodactyl
|-damage|p2b: Gholdengo|90/100|[from] item: Life Orb
|
|upkeep
|
|t:|1784810340
|switch|p1b: Froslass|Froslass, L50, F|100/100
|turn|3
|
|t:|1784810359
|detailschange|p1b: Froslass|Froslass-Mega, L50, F
|-mega|p1b: Froslass|Froslass|Froslassite
|-weather|Snowscape|[from] ability: Snow Warning|[of] p1b: Froslass
|move|p2a: Staraptor|Protect|p2a: Staraptor
|-singleturn|p2a: Staraptor|Protect
|move|p2b: Gholdengo|Protect|p2b: Gholdengo
|-singleturn|p2b: Gholdengo|Protect
|move|p1b: Froslass|Blizzard|p2b: Gholdengo|[spread] 
|-activate|p2a: Staraptor|move: Protect
|-activate|p2b: Gholdengo|move: Protect
|move|p1a: Garchomp|Rock Slide|p2a: Staraptor|[spread] 
|-activate|p2a: Staraptor|move: Protect
|-activate|p2b: Gholdengo|move: Protect
|
|-weather|Snowscape|[upkeep]
|upkeep
|turn|4
|
|t:|1784810378
|switch|p2a: Tyranitar|Tyranitar, L50, F|100/100
|-weather|Sandstorm|[from] ability: Sand Stream|[of] p2a: Tyranitar
|move|p1b: Froslass|Blizzard|p2a: Tyranitar|[spread] 
|-miss|p1b: Froslass|p2a: Tyranitar
|-miss|p1b: Froslass|p2b: Gholdengo
|move|p1a: Garchomp|Rock Slide|p2a: Tyranitar|[spread] p2a
|-miss|p1a: Garchomp|p2b: Gholdengo
|-damage|p2a: Tyranitar|84/100
|-damage|p1a: Garchomp|37/100|[from] item: Life Orb
|move|p2b: Gholdengo|Nasty Plot|p2b: Gholdengo
|-boost|p2b: Gholdengo|spa|2
|
|-weather|Sandstorm|[upkeep]
|-damage|p1b: Froslass|93/100|[from] Sandstorm
|upkeep
|turn|5
|inactive|Govek314 has 30 seconds left.
|
|t:|1784810409
|switch|p2b: Staraptor|Staraptor, L50, M|100/100
|-ability|p2b: Staraptor|Intimidate|boost
|-unboost|p1a: Garchomp|atk|1
|-unboost|p1b: Froslass|atk|1
|detailschange|p2a: Tyranitar|Tyranitar-Mega, L50, F
|-mega|p2a: Tyranitar|Tyranitar|Tyranitarite
|move|p1b: Froslass|Protect|p1b: Froslass
|-singleturn|p1b: Froslass|Protect
|move|p1a: Garchomp|Earthquake|p2b: Staraptor|[spread] p2a
|-activate|p1b: Froslass|move: Protect
|-immune|p2b: Staraptor
|-supereffective|p2a: Tyranitar|1
|-damage|p2a: Tyranitar|48/100
|-damage|p1a: Garchomp|27/100|[from] item: Life Orb
|move|p2a: Tyranitar|Rock Slide|p1b: Froslass|[spread] p1a
|-activate|p1b: Froslass|move: Protect
|-resisted|p1a: Garchomp|1
|-damage|p1a: Garchomp|11/100
|
|-weather|Sandstorm|[upkeep]
|-damage|p1b: Froslass|87/100|[from] Sandstorm
|-damage|p2b: Staraptor|94/100|[from] Sandstorm
|-sideend|p1: zileu|move: Tailwind
|upkeep
|turn|6
|
|t:|1784810431
|switch|p1b: Basculegion|Basculegion, L50, M|100/100
|move|p2b: Staraptor|Tailwind|p2b: Staraptor
|-sidestart|p2: Govek314|move: Tailwind
|move|p2a: Tyranitar|Rock Slide|p1a: Garchomp|[spread] p1a,p1b
|-resisted|p1a: Garchomp|1
|-damage|p1a: Garchomp|0 fnt
|-damage|p1b: Basculegion|58/100
|faint|p1a: Garchomp
|
|-weather|Sandstorm|[upkeep]
|-damage|p2b: Staraptor|88/100|[from] Sandstorm
|-damage|p1b: Basculegion|52/100|[from] Sandstorm
|upkeep
|
|t:|1784810439
|switch|p1a: Froslass|Froslass-Mega, L50, F|87/100
|-weather|Snowscape|[from] ability: Snow Warning|[of] p1a: Froslass
|turn|7
|
|t:|1784810459
|move|p1b: Basculegion|Aqua Jet|p2a: Tyranitar
|-supereffective|p2a: Tyranitar|1
|-damage|p2a: Tyranitar|8/100
|move|p2b: Staraptor|Brave Bird|p1a: Froslass
|-damage|p1a: Froslass|45/100
|-damage|p2b: Staraptor|76/100|[from] Recoil
|move|p2a: Tyranitar|Knock Off|p1b: Basculegion
|-supereffective|p1b: Basculegion|1
|-damage|p1b: Basculegion|0 fnt
|-enditem|p1b: Basculegion|Sitrus Berry|[from] move: Knock Off|[of] p2a: Tyranitar
|faint|p1b: Basculegion
|move|p1a: Froslass|Aurora Veil|p1a: Froslass
|-sidestart|p1: zileu|move: Aurora Veil
|
|-weather|Snowscape|[upkeep]
|upkeep
|turn|8
|
|t:|1784810476
|move|p1a: Froslass|Protect|p1a: Froslass
|-singleturn|p1a: Froslass|Protect
|move|p2b: Staraptor|Brave Bird|p1a: Froslass
|-activate|p1a: Froslass|move: Protect
|move|p2a: Tyranitar|Rock Slide|p1a: Froslass
|-activate|p1a: Froslass|move: Protect
|
|-weather|Snowscape|[upkeep]
|upkeep
|turn|9
|
|t:|1784810486
|move|p1a: Froslass|Protect||[still]
|-fail|p1a: Froslass
|move|p2b: Staraptor|Brave Bird|p1a: Froslass
|-damage|p1a: Froslass|14/100
|-damage|p2b: Staraptor|67/100|[from] Recoil
|move|p2a: Tyranitar|Knock Off|p1a: Froslass
|-supereffective|p1a: Froslass|1
|-damage|p1a: Froslass|0 fnt
|faint|p1a: Froslass
|
|win|Govek314
||zileu is ready for game 2.
|l|☆zileu
|player|p1|
|inactive|Govek314 has 30 seconds to confirm battle start!
