|j|â˜†Ninjacoox
|j|â˜†TheParasectKing
|html|NinjacooxTheParasectKing    
|uhtml|bestof|Game 2 of a best-of-3
|t:|1783910309
|gametype|doubles
|player|p1|Ninjacoox|102|
|player|p2|TheParasectKing|acetrainer-gen4dp|
|gen|9
|tier|[Gen 9 Champions] VGC 2026 Reg M-B (Bo3)
|rule|Species Clause: Limit one of each PokÃ©mon
|rule|Item Clause: Limit 1 of each item
|clearpoke
|poke|p1|Pelipper, L50, M|
|poke|p1|Swampert, L50, F|
|poke|p1|Archaludon, L50, M|
|poke|p1|Floette-Eternal, L50, F|
|poke|p1|Arcanine-Hisui, L50, F|
|poke|p1|Grimmsnarl, L50, M|
|poke|p2|Gengar, L50, F|
|poke|p2|Swampert, L50, F|
|poke|p2|Incineroar, L50, M|
|poke|p2|Politoed, L50, F|
|poke|p2|Archaludon, L50, F|
|poke|p2|Vivillon, L50, F|
|teampreview|4
|showteam|p1|Pelipper||SitrusBerry|Drizzle|Tailwind,WeatherBall,Hurricane,WideGuard|Modest||M|||50|]Swampert||Swampertite|Torrent|WaveCrash,Earthquake,IcePunch,Protect|Adamant||F|||50|]Archaludon||ChopleBerry|Stamina|ElectroShot,DracoMeteor,FlashCannon,Protect|Calm||M|||50|]Floette-Eternal||Floettite|FlowerVeil|CalmMind,Moonblast,DazzlingGleam,Protect|Modest||F|||50|]Arcanine-Hisui||ChoiceScarf|RockHead|ExtremeSpeed,FlareBlitz,HeadSmash,RockSlide|Adamant||F|||50|]Grimmsnarl||LightClay|Prankster|Reflect,LightScreen,SpiritBreak,PartingShot|Impish||M|||50|
|showteam|p2|Gengar||Gengarite|CursedBody|ShadowBall,PerishSong,SludgeBomb,Protect|Modest||F|||50|]Swampert||Swampertite|Torrent|WaveCrash,Earthquake,IcePunch,Protect|Adamant||F|||50|]Incineroar||PasshoBerry|Intimidate|ThroatChop,PartingShot,FakeOut,Protect|Careful||M|||50|]Politoed||SitrusBerry|Drizzle|WeatherBall,PerishSong,Encore,Protect|Calm||F|||50|]Archaludon||Leftovers|Stamina|DragonPulse,FlashCannon,ElectroShot,Protect|Modest||F|||50|]Vivillon||FocusSash|CompoundEyes|Hurricane,SleepPowder,RagePowder,Protect|Timid||F|||50|
|inactive|Battle timer is ON: inactive players will automatically lose when time's up. (requested by TheParasectKing)
|c|â˜†Ninjacoox|fuck archaladon and his stupid misses
|c|â˜†Ninjacoox|can't hit for shit
|c|â˜†Ninjacoox|ffs
|c|â˜†TheParasectKing|true!
|
|t:|1783910333
|teamsize|p1|4
|teamsize|p2|4
|start
|switch|p1a: Hi Im Meri|Grimmsnarl, L50, M|100/100
|switch|p1b: Hina Amano|Pelipper, L50, M|100/100
|switch|p2a: Gengar|Gengar, L50, F|100/100
|switch|p2b: Incineroar|Incineroar, L50, M|100/100
|-ability|p2b: Incineroar|Intimidate|boost
|-unboost|p1a: Hi Im Meri|atk|1
|-unboost|p1b: Hina Amano|atk|1
|-weather|RainDance|[from] ability: Drizzle|[of] p1b: Hina Amano
|turn|1
|c|â˜†Ninjacoox|:(
|
|t:|1783910350
|detailschange|p2a: Gengar|Gengar-Mega, L50, F
|-mega|p2a: Gengar|Gengar|Gengarite
|move|p2b: Incineroar|Fake Out|p1b: Hina Amano
|-damage|p1b: Hina Amano|88/100
|move|p1a: Hi Im Meri|Light Screen|p1a: Hi Im Meri
|-sidestart|p1: Ninjacoox|move: Light Screen
|move|p2a: Gengar|Perish Song|p2a: Gengar
|-start|p1a: Hi Im Meri|perish3|[silent]
|-start|p1b: Hina Amano|perish3|[silent]
|-start|p2a: Gengar|perish3|[silent]
|-start|p2b: Incineroar|perish3|[silent]
|-fieldactivate|move: Perish Song
|cant|p1b: Hina Amano|flinch
|
|-weather|RainDance|[upkeep]
|-start|p2a: Gengar|perish3
|-start|p2b: Incineroar|perish3
|-start|p1b: Hina Amano|perish3
|-start|p1a: Hi Im Meri|perish3
|upkeep
|turn|2
|
|t:|1783910371
|move|p2b: Incineroar|Protect|p2b: Incineroar
|-singleturn|p2b: Incineroar|Protect
|move|p2a: Gengar|Sludge Bomb|p1a: Hi Im Meri
|-supereffective|p1a: Hi Im Meri|1
|-damage|p1a: Hi Im Meri|26/100
|move|p1b: Hina Amano|Weather Ball|p2b: Incineroar
|-activate|p2b: Incineroar|move: Protect
|move|p1a: Hi Im Meri|Spirit Break|p2a: Gengar
|-resisted|p2a: Gengar|1
|-damage|p2a: Gengar|86/100
|-unboost|p2a: Gengar|spa|1
|
|-weather|RainDance|[upkeep]
|-start|p2a: Gengar|perish2
|-start|p2b: Incineroar|perish2
|-start|p1b: Hina Amano|perish2
|-start|p1a: Hi Im Meri|perish2
|upkeep
|turn|3
|
|t:|1783910381
|switch|p2b: Politoed|Politoed, L50, F|100/100
|move|p2a: Gengar|Protect|p2a: Gengar
|-singleturn|p2a: Gengar|Protect
|move|p1a: Hi Im Meri|Reflect|p1a: Hi Im Meri
|-sidestart|p1: Ninjacoox|Reflect
|move|p1b: Hina Amano|Weather Ball|p2b: Politoed
|-resisted|p2b: Politoed|1
|-damage|p2b: Politoed|77/100
|
|-weather|RainDance|[upkeep]
|-start|p2a: Gengar|perish1
|-start|p1b: Hina Amano|perish1
|-start|p1a: Hi Im Meri|perish1
|upkeep
|turn|4
|
|t:|1783910405
|switch|p2a: Archaludon|Archaludon, L50, F|100/100
|move|p1a: Hi Im Meri|Parting Shot|p2b: Politoed
|-unboost|p2b: Politoed|atk|1
|-unboost|p2b: Politoed|spa|1
|
|t:|1783910412
|switch|p1a: Swampert|Swampert, L50, F|100/100|[from] Parting Shot
|move|p2b: Politoed|Weather Ball|p2a: Archaludon
|-resisted|p2a: Archaludon|1
|-damage|p2a: Archaludon|83/100
|-ability|p2a: Archaludon|Stamina|boost
|-boost|p2a: Archaludon|def|1
|move|p1b: Hina Amano|Tailwind|p1b: Hina Amano
|-sidestart|p1: Ninjacoox|move: Tailwind
|
|-weather|RainDance|[upkeep]
|-heal|p2a: Archaludon|89/100|[from] item: Leftovers
|-start|p1b: Hina Amano|perish0
|faint|p1b: Hina Amano
|upkeep
|
|t:|1783910425
|switch|p1b: Bridge|Archaludon, L50, M|100/100
|turn|5
|c|â˜†Ninjacoox|try me politoed
|inactive|TheParasectKing has 30 seconds left.
|
|t:|1783910453
|switch|p2b: Incineroar|Incineroar, L50, M|100/100
|-ability|p2b: Incineroar|Intimidate|boost
|-unboost|p1a: Swampert|atk|1
|-unboost|p1b: Bridge|atk|1
|detailschange|p1a: Swampert|Swampert-Mega, L50, F
|-mega|p1a: Swampert|Swampert|Swampertite
|move|p1b: Bridge|Protect|p1b: Bridge
|-singleturn|p1b: Bridge|Protect
|move|p1a: Swampert|Earthquake|p2a: Archaludon|[spread] p2a,p2b
|-activate|p1b: Bridge|move: Protect
|-supereffective|p2a: Archaludon|1
|-supereffective|p2b: Incineroar|1
|-damage|p2a: Archaludon|62/100
|-damage|p2b: Incineroar|43/100
|-ability|p2a: Archaludon|Stamina|boost
|-boost|p2a: Archaludon|def|1
|move|p2a: Archaludon|Electro Shot||[still]
|-prepare|p2a: Archaludon|Electro Shot
|-boost|p2a: Archaludon|spa|1
|-anim|p2a: Archaludon|Electro Shot|p1b: Bridge
|-activate|p1b: Bridge|move: Protect
|
|-weather|none
|-heal|p2a: Archaludon|68/100|[from] item: Leftovers
|upkeep
|turn|6
|
|t:|1783910474
|switch|p1a: Hi Im Meri|Grimmsnarl, L50, M|26/100
|switch|p2b: Politoed|Politoed, L50, F|77/100
|-weather|RainDance|[from] ability: Drizzle|[of] p2b: Politoed
|move|p2a: Archaludon|Protect|p2a: Archaludon
|-singleturn|p2a: Archaludon|Protect
|move|p1b: Bridge|Draco Meteor|p2a: Archaludon
|-activate|p2a: Archaludon|move: Protect
|
|-weather|RainDance|[upkeep]
|-heal|p2a: Archaludon|74/100|[from] item: Leftovers
|upkeep
|turn|7
|
|t:|1783910499
|switch|p2a: Gengar|Gengar-Mega, L50, F|86/100
|move|p1a: Hi Im Meri|Parting Shot|p2a: Gengar
|-unboost|p2a: Gengar|atk|1
|-unboost|p2a: Gengar|spa|1
|
|t:|1783910504
|switch|p1a: Swampert|Swampert-Mega, L50, F|100/100|[from] Parting Shot
|move|p1b: Bridge|Draco Meteor|p2a: Gengar
|-damage|p2a: Gengar|36/100
|-unboost|p1b: Bridge|spa|2
|move|p2b: Politoed|Weather Ball|p1a: Swampert
|-damage|p1a: Swampert|70/100
|
|-weather|RainDance|[upkeep]
|-sideend|p1: Ninjacoox|move: Tailwind
|upkeep
|turn|8
|
|t:|1783910524
|move|p2a: Gengar|Protect|p2a: Gengar
|-singleturn|p2a: Gengar|Protect
|move|p1a: Swampert|Earthquake|p2b: Politoed|[spread] p1b,p2b
|-activate|p2a: Gengar|move: Protect
|-supereffective|p1b: Bridge|1
|-damage|p1b: Bridge|51/100
|-damage|p2b: Politoed|29/100
|-ability|p1b: Bridge|Stamina|boost
|-boost|p1b: Bridge|def|1
|-enditem|p2b: Politoed|Sitrus Berry|[eat]
|-heal|p2b: Politoed|54/100|[from] item: Sitrus Berry
|move|p1b: Bridge|Electro Shot||[still]
|-prepare|p1b: Bridge|Electro Shot
|-boost|p1b: Bridge|spa|1
|-anim|p1b: Bridge|Electro Shot|p2b: Politoed
|-supereffective|p2b: Politoed|1
|-damage|p2b: Politoed|14/100
|move|p2b: Politoed|Perish Song|p2b: Politoed
|-start|p1a: Swampert|perish3|[silent]
|-start|p1b: Bridge|perish3|[silent]
|-start|p2a: Gengar|perish3|[silent]
|-start|p2b: Politoed|perish3|[silent]
|-fieldactivate|move: Perish Song
|
|-weather|RainDance|[upkeep]
|-start|p1a: Swampert|perish3
|-start|p2a: Gengar|perish3
|-start|p1b: Bridge|perish3
|-start|p2b: Politoed|perish3
|-sideend|p1: Ninjacoox|move: Light Screen
|upkeep
|turn|9
|inactive|Ninjacoox has 30 seconds left.
|
|t:|1783910552
|switch|p2a: Incineroar|Incineroar, L50, M|43/100
|-ability|p2a: Incineroar|Intimidate|boost
|-unboost|p1a: Swampert|atk|1
|-unboost|p1b: Bridge|atk|1
|move|p2b: Politoed|Protect|p2b: Politoed
|-singleturn|p2b: Politoed|Protect
|move|p1a: Swampert|Earthquake|p2a: Incineroar|[spread] p1b,p2a
|-activate|p2b: Politoed|move: Protect
|-supereffective|p1b: Bridge|1
|-supereffective|p2a: Incineroar|1
|-damage|p1b: Bridge|30/100
|-damage|p2a: Incineroar|0 fnt
|-ability|p1b: Bridge|Stamina|boost
|-boost|p1b: Bridge|def|1
|faint|p2a: Incineroar
|move|p1b: Bridge|Electro Shot||[still]
|-prepare|p1b: Bridge|Electro Shot
|-boost|p1b: Bridge|spa|1
|-anim|p1b: Bridge|Electro Shot|p2b: Politoed
|-activate|p2b: Politoed|move: Protect
|
|-weather|RainDance|[upkeep]
|-start|p1a: Swampert|perish2
|-start|p1b: Bridge|perish2
|-start|p2b: Politoed|perish2
|upkeep
|
|t:|1783910559
|switch|p2a: Gengar|Gengar-Mega, L50, F|36/100
|turn|10
|inactive|Ninjacoox has 30 seconds left.
|
|t:|1783910587
|switch|p2b: Archaludon|Archaludon, L50, F|74/100
|move|p2a: Gengar|Protect|p2a: Gengar
|-singleturn|p2a: Gengar|Protect
|move|p1a: Swampert|Wave Crash|p2a: Gengar
|-activate|p2a: Gengar|move: Protect
|move|p1b: Bridge|Flash Cannon|p2b: Archaludon
|-resisted|p2b: Archaludon|1
|-damage|p2b: Archaludon|58/100
|-ability|p2b: Archaludon|Stamina|boost
|-boost|p2b: Archaludon|def|1
|
|-weather|none
|-heal|p2b: Archaludon|64/100|[from] item: Leftovers
|-start|p1a: Swampert|perish1
|-start|p1b: Bridge|perish1
|-sideend|p1: Ninjacoox|Reflect
|upkeep
|turn|11
|
|t:|1783910604
|switch|p2a: Politoed|Politoed, L50, F|14/100
|-weather|RainDance|[from] ability: Drizzle|[of] p2a: Politoed
|move|p2b: Archaludon|Protect|p2b: Archaludon
|-singleturn|p2b: Archaludon|Protect
|move|p1a: Swampert|Earthquake|p2b: Archaludon|[spread] p1b,p2a
|-activate|p2b: Archaludon|move: Protect
|-supereffective|p1b: Bridge|1
|-damage|p1b: Bridge|5/100
|-damage|p2a: Politoed|0 fnt
|-ability|p1b: Bridge|Stamina|boost
|-boost|p1b: Bridge|def|1
|faint|p2a: Politoed
|move|p1b: Bridge|Draco Meteor|p2b: Archaludon
|-activate|p2b: Archaludon|move: Protect
|
|-weather|RainDance|[upkeep]
|-heal|p2b: Archaludon|71/100|[from] item: Leftovers
|-start|p1a: Swampert|perish0
|-start|p1b: Bridge|perish0
|faint|p1a: Swampert
|faint|p1b: Bridge
|upkeep
|
|t:|1783910610
|switch|p1b: Hi Im Meri|Grimmsnarl, L50, M|26/100
|switch|p2a: Gengar|Gengar-Mega, L50, F|36/100
|turn|12
|
|t:|1783910618
|move|p1b: Hi Im Meri|Light Screen|p1b: Hi Im Meri
|-sidestart|p1: Ninjacoox|move: Light Screen
|move|p2a: Gengar|Sludge Bomb|p1b: Hi Im Meri
|-supereffective|p1b: Hi Im Meri|1
|-damage|p1b: Hi Im Meri|0 fnt
|faint|p1b: Hi Im Meri
|
|win|TheParasectKing
|c|â˜†Ninjacoox|gg
|c|â˜†Ninjacoox|that first game was straight bs
|c|â˜†TheParasectKing|really was yeah
|c|â˜†TheParasectKing|completely blundered it lol
