|j|☆Gurrasnurra5
|j|☆Frakub
|html|Gurrasnurra5Frakub    
|uhtml|bestof|Game 1 of a best-of-3
|t:|1756409775
|gametype|doubles
|player|p1|Gurrasnurra5|wattson|1205
|player|p2|Frakub|acetrainer-gen4dp|1172
|gen|9
|tier|[Gen 9] VGC 2025 Reg H (Bo3)
|rated|
|rule|Species Clause: Limit one of each Pokémon
|rule|Item Clause: Limit 1 of each item
|clearpoke
|poke|p1|Kingambit, L50, F|
|poke|p1|Rillaboom, L50, M|
|poke|p1|Sneasler, L50, F|
|poke|p1|Electabuzz, L50, M|
|poke|p1|Basculegion, L50, M|
|poke|p1|Arcanine-Hisui, L50, M|
|poke|p2|Kingambit, L50, F|
|poke|p2|Rillaboom, L50, M|
|poke|p2|Ninetales-Alola, L50, M|
|poke|p2|Dragonite, L50, F|
|poke|p2|Magmar, L50, M|
|poke|p2|Sneasler, L50, F|
|teampreview|4
|showteam|p1|Kingambit||BlackGlasses|Defiant|Protect,KowtowCleave,SuckerPunch,SwordsDance|||F|||50|,,,,,Dark]Rillaboom||AssaultVest|GrassySurge|WoodHammer,FakeOut,Uturn,GrassyGlide|||M|||50|,,,,,Fire]Sneasler||FocusSash|PoisonTouch|DireClaw,CloseCombat,FakeOut,Protect|||F|||50|,,,,,Ghost]Electabuzz||Eviolite|VitalSpirit|FollowMe,Electroweb,Taunt,Protect|||M|||50|,,,,,Ghost]Basculegion||ChoiceScarf|Adaptability|WaveCrash,FlipTurn,LastRespects,TeraBlast|||M|||50|,,,,,Fighting]Arcanine-Hisui||LifeOrb|Intimidate|FlareBlitz,RockSlide,ExtremeSpeed,Protect|||M|||50|,,,,,Grass
|showteam|p2|Kingambit||BlackGlasses|Defiant|KowtowCleave,SuckerPunch,SwordsDance,Protect|||F|||50|,,,,,Dark]Rillaboom||AssaultVest|GrassySurge|WoodHammer,GrassyGlide,HighHorsepower,FakeOut|||M|||50|,,,,,Fire]Ninetales-Alola||LightClay|SnowWarning|Blizzard,FreezeDry,Protect,AuroraVeil|||M|||50|,,,,,Ghost]Dragonite||LoadedDice|Multiscale|ScaleShot,ExtremeSpeed,Haze,Protect|||F|||50|,,,,,Steel]Magmar||Eviolite|VitalSpirit|Taunt,Overheat,FollowMe,Protect|||M|||50|,,,,,Ghost]Sneasler||FocusSash|PoisonTouch|FakeOut,DireClaw,CloseCombat,Protect|||F|||50|,,,,,Ghost
|inactive|Battle timer is ON: inactive players will automatically lose when time's up. (requested by Frakub)
|inactive|Gurrasnurra5 has 60 seconds left.
|inactive|Gurrasnurra5 has 30 seconds left.
|
|t:|1756409844
|teamsize|p1|4
|teamsize|p2|4
|start
|switch|p1a: Sneasler|Sneasler, L50, F|100/100
|switch|p1b: Electabuzz|Electabuzz, L50, M|100/100
|switch|p2a: Kingambit|Kingambit, L50, F|100/100
|switch|p2b: Sneasler|Sneasler, L50, F|100/100
|turn|1
|
|t:|1756409864
|-terastallize|p1a: Sneasler|Ghost
|move|p2a: Kingambit|Protect|p2a: Kingambit
|-singleturn|p2a: Kingambit|Protect
|move|p1a: Sneasler|Close Combat|p2a: Kingambit
|-activate|p2a: Kingambit|move: Protect
|move|p2b: Sneasler|Dire Claw|p1b: Electabuzz
|-damage|p1b: Electabuzz|60/100
|-status|p1b: Electabuzz|psn|[from] ability: Poison Touch|[of] p2b: Sneasler
|move|p1b: Electabuzz|Electroweb|p2b: Sneasler|[spread] p2b
|-activate|p2a: Kingambit|move: Protect
|-damage|p2b: Sneasler|80/100
|-unboost|p2b: Sneasler|spe|1
|
|-damage|p1b: Electabuzz|48/100 psn|[from] psn
|upkeep
|turn|2
|
|t:|1756409888
|switch|p2a: Magmar|Magmar, L50, M|100/100
|move|p1a: Sneasler|Dire Claw|p2b: Sneasler
|-resisted|p2b: Sneasler
|-damage|p2b: Sneasler|47/100
|-status|p2b: Sneasler|slp
|move|p1b: Electabuzz|Electroweb|p2b: Sneasler|[spread] p2a,p2b
|-damage|p2a: Magmar|91/100
|-damage|p2b: Sneasler|27/100 slp
|-unboost|p2a: Magmar|spe|1
|-unboost|p2b: Sneasler|spe|1
|cant|p2b: Sneasler|slp
|
|-damage|p1b: Electabuzz|36/100 psn|[from] psn
|upkeep
|turn|3
|
|t:|1756409909
|move|p1a: Sneasler|Dire Claw|p2a: Magmar
|-damage|p2a: Magmar|56/100
|-status|p2a: Magmar|psn
|move|p1b: Electabuzz|Electroweb|p2a: Magmar|[spread] p2a
|-miss|p1b: Electabuzz|p2b: Sneasler
|-damage|p2a: Magmar|46/100 psn
|-unboost|p2a: Magmar|spe|1
|cant|p2b: Sneasler|slp
|move|p2a: Magmar|Overheat|p1a: Sneasler
|-damage|p1a: Sneasler|33/100
|-unboost|p2a: Magmar|spa|2
|
|-damage|p1b: Electabuzz|24/100 psn|[from] psn
|-damage|p2a: Magmar|34/100 psn|[from] psn
|upkeep
|turn|4
|
|t:|1756409930
|switch|p1a: Arcanine|Arcanine-Hisui, L50, M|100/100
|-ability|p1a: Arcanine|Intimidate|boost
|-unboost|p2a: Magmar|atk|1
|-unboost|p2b: Sneasler|atk|1
|move|p1b: Electabuzz|Electroweb|p2a: Magmar|[spread] p2a,p2b
|-damage|p2a: Magmar|23/100 psn
|-damage|p2b: Sneasler|9/100 slp
|-unboost|p2a: Magmar|spe|1
|-unboost|p2b: Sneasler|spe|1
|cant|p2b: Sneasler|slp
|move|p2a: Magmar|Taunt|p1b: Electabuzz
|-start|p1b: Electabuzz|move: Taunt
|
|-damage|p1b: Electabuzz|12/100 psn|[from] psn
|-damage|p2a: Magmar|10/100 psn|[from] psn
|upkeep
|turn|5
|
|t:|1756409944
|move|p2a: Magmar|Follow Me|p2a: Magmar
|-singleturn|p2a: Magmar|move: Follow Me
|move|p1b: Electabuzz|Electroweb|p2a: Magmar|[spread] p2a,p2b
|-damage|p2a: Magmar|0 fnt
|-damage|p2b: Sneasler|0 fnt
|faint|p2a: Magmar
|faint|p2b: Sneasler
|move|p1a: Arcanine|Flare Blitz|p2: Magmar|[notarget]
|-fail|p1a: Arcanine
|
|-damage|p1b: Electabuzz|0 fnt|[from] psn
|faint|p1b: Electabuzz
|upkeep
|
|t:|1756409950
|switch|p2b: Rillaboom|Rillaboom, L50, M|100/100
|switch|p1b: Sneasler|Sneasler, L50, F, tera:Ghost|33/100
|switch|p2a: Kingambit|Kingambit, L50, F|100/100
|-fieldstart|move: Grassy Terrain|[from] ability: Grassy Surge|[of] p2b: Rillaboom
|turn|6
|
|t:|1756409963
|move|p2a: Kingambit|Protect|p2a: Kingambit
|-singleturn|p2a: Kingambit|Protect
|move|p1b: Sneasler|Fake Out|p2b: Rillaboom
|-damage|p2b: Rillaboom|88/100
|cant|p2b: Rillaboom|flinch
|move|p1a: Arcanine|Flare Blitz|p2a: Kingambit
|-activate|p2a: Kingambit|move: Protect
|
|-heal|p1b: Sneasler|39/100|[from] Grassy Terrain
|-heal|p2b: Rillaboom|94/100|[from] Grassy Terrain
|upkeep
|turn|7
|
|t:|1756409977
|-terastallize|p2b: Rillaboom|Fire
|move|p1b: Sneasler|Protect|p1b: Sneasler
|-singleturn|p1b: Sneasler|Protect
|move|p2a: Kingambit|Sucker Punch||[still]
|-fail|p2a: Kingambit
|move|p1a: Arcanine|Flare Blitz|p2a: Kingambit
|-supereffective|p2a: Kingambit
|-damage|p2a: Kingambit|0 fnt
|faint|p2a: Kingambit
|-damage|p1a: Arcanine|61/100|[from] Recoil
|-damage|p1a: Arcanine|51/100|[from] item: Life Orb
|move|p2b: Rillaboom|High Horsepower|p1a: Arcanine
|-supereffective|p1a: Arcanine
|-damage|p1a: Arcanine|0 fnt
|faint|p1a: Arcanine
|
|-heal|p1b: Sneasler|45/100|[from] Grassy Terrain
|-heal|p2b: Rillaboom|99/100|[from] Grassy Terrain
|upkeep
|
|t:|1756409987
|switch|p1a: Basculegion|Basculegion, L50, M|100/100
|turn|8
|
|t:|1756409997
|move|p2b: Rillaboom|Grassy Glide|p1a: Basculegion
|-supereffective|p1a: Basculegion
|-damage|p1a: Basculegion|13/100
|move|p1a: Basculegion|Wave Crash|p2b: Rillaboom
|-supereffective|p2b: Rillaboom
|-damage|p2b: Rillaboom|0 fnt
|faint|p2b: Rillaboom
|-damage|p1a: Basculegion|0 fnt|[from] Recoil
|faint|p1a: Basculegion
|
|win|Gurrasnurra5
||Frakub is ready for game 2.
||Gurrasnurra5 is ready for game 2.
|uhtml|next|Next: Game 2 of 3
|l|☆Gurrasnurra5
|player|p1|
