|j|☆new mental
|j|☆legsi bogsi
|html|new mentallegsi bogsi    
|uhtml|bestof|Game 3 of a best-of-3
|t:|1783197942
|gametype|doubles
|player|p1|new mental|volkner|1163
|player|p2|legsi bogsi|candice|1043
|gen|9
|tier|[Gen 9 Champions] VGC 2026 Reg M-B (Bo3)
|rated|
|rule|Species Clause: Limit one of each Pokémon
|rule|Item Clause: Limit 1 of each item
|clearpoke
|poke|p1|Aerodactyl, L50, F|
|poke|p1|Garchomp, L50, F|
|poke|p1|Kingambit, L50, M|
|poke|p1|Charizard, L50, M|
|poke|p1|Sylveon, L50, F|
|poke|p1|Farigiraf, L50, F|
|poke|p2|Lopunny, L50, F, shiny|
|poke|p2|Venusaur, L50, F|
|poke|p2|Ninetales-Alola, L50, F|
|poke|p2|Rotom-Wash, L50|
|poke|p2|Garchomp, L50, M, shiny|
|poke|p2|Aerodactyl, L50, M|
|teampreview|4
|showteam|p1|Aerodactyl||Aerodactylite|Unnerve|IceFang,RockSlide,Tailwind,DualWingbeat|Jolly||F|||50|]Garchomp||LifeOrb|RoughSkin|DragonClaw,StompingTantrum,Earthquake,Protect|Jolly||F|||50|]Kingambit||FocusSash|Defiant|SuckerPunch,KowtowCleave,IronHead,LowKick|Adamant||M|||50|]Charizard||CharizarditeY|SolarPower|Protect,HeatWave,SolarBeam,WeatherBall|Timid||M|||50|]Sylveon||FairyFeather|Pixilate|Protect,HyperVoice,HyperBeam,QuickAttack|Modest||F|||50|]Farigiraf||SitrusBerry|ArmorTail|TrickRoom,Thunderbolt,Psychic,Roar|Bold||F|||50|
|showteam|p2|Lopunny||Lopunnite|CuteCharm|CloseCombat,Encore,FakeOut,Protect|Jolly||F|||50|]Venusaur||Venusaurite|Overgrow|SludgeBomb,EarthPower,LeechSeed,Protect|Modest||F|||50|]Ninetales-Alola||LightClay|SnowWarning|Blizzard,FreezeDry,AuroraVeil,Protect|Timid||F|||50|]Rotom-Wash||Leftovers|Levitate|HydroPump,VoltSwitch,WillOWisp,Protect|Bold|||||50|]Garchomp||LifeOrb|RoughSkin|Earthquake,StompingTantrum,RockSlide,Protect|Adamant||M|||50|]Aerodactyl||FocusSash|Unnerve|RockSlide,DualWingbeat,Tailwind,Taunt|Jolly||M|||50|
|inactive|Battle timer is ON: inactive players will automatically lose when time's up. (requested by new mental)
|
|t:|1783197970
|teamsize|p1|4
|teamsize|p2|4
|start
|switch|p1a: Charizard|Charizard, L50, M|100/100
|switch|p1b: Aerodactyl|Aerodactyl, L50, F|100/100
|switch|p2a: Garchomp|Garchomp, L50, M, shiny|100/100
|switch|p2b: Aerodactyl|Aerodactyl, L50, M|100/100
|-ability|p1b: Aerodactyl|Unnerve
|-ability|p2b: Aerodactyl|Unnerve
|turn|1
|l|☆legsi bogsi
|inactive|legsi bogsi disconnected and has a minute to reconnect!
|player|p2|
|j|☆legsi bogsi
|inactive|legsi bogsi reconnected and has 40 seconds left.
|player|p2|legsi bogsi|candice|
|
|t:|1783197995
|detailschange|p1b: Aerodactyl|Aerodactyl-Mega, L50, F
|-mega|p1b: Aerodactyl|Aerodactyl|Aerodactylite
|move|p1a: Charizard|Protect|p1a: Charizard
|-singleturn|p1a: Charizard|Protect
|move|p1b: Aerodactyl|Ice Fang|p2a: Garchomp|[miss]
|-miss|p1b: Aerodactyl|p2a: Garchomp
|move|p2b: Aerodactyl|Rock Slide|p1a: Charizard|[spread] p1b
|-activate|p1a: Charizard|move: Protect
|-supereffective|p1b: Aerodactyl|1
|-damage|p1b: Aerodactyl|44/100
|move|p2a: Garchomp|Rock Slide|p1b: Aerodactyl|[spread] p1b
|-activate|p1a: Charizard|move: Protect
|-supereffective|p1b: Aerodactyl|1
|-damage|p1b: Aerodactyl|0 fnt
|faint|p1b: Aerodactyl
|-damage|p2a: Garchomp|90/100|[from] item: Life Orb
|
|upkeep
|
|t:|1783198002
|switch|p1b: Farigiraf|Farigiraf, L50, F|100/100
|turn|2
|inactive|legsi bogsi has 30 seconds left.
|
|t:|1783198028
|move|p2b: Aerodactyl|Taunt|p1b: Farigiraf
|-start|p1b: Farigiraf|move: Taunt
|move|p1a: Charizard|Heat Wave|p2a: Garchomp|[spread] p2a,p2b
|-resisted|p2a: Garchomp|1
|-resisted|p2b: Aerodactyl|1
|-damage|p2a: Garchomp|77/100
|-damage|p2b: Aerodactyl|81/100
|-status|p2b: Aerodactyl|brn
|move|p2a: Garchomp|Rock Slide|p1b: Farigiraf|[spread] p1a,p1b
|-supereffective|p1a: Charizard|2
|-damage|p1a: Charizard|1/100
|-damage|p1b: Farigiraf|80/100
|-damage|p2a: Garchomp|67/100|[from] item: Life Orb
|cant|p1b: Farigiraf|move: Taunt|Trick Room
|
|-damage|p2b: Aerodactyl|75/100 brn|[from] brn
|upkeep
|turn|3
|c|☆new mental|mb i guess
|inactive|legsi bogsi has 30 seconds left.
|
|t:|1783198058
|move|p1a: Charizard|Protect|p1a: Charizard
|-singleturn|p1a: Charizard|Protect
|move|p2b: Aerodactyl|Rock Slide|p1b: Farigiraf|[spread] p1b
|-activate|p1a: Charizard|move: Protect
|-damage|p1b: Farigiraf|71/100
|move|p2a: Garchomp|Earthquake|p1b: Farigiraf|[spread] p1b
|-activate|p1a: Charizard|move: Protect
|-immune|p2b: Aerodactyl
|-damage|p1b: Farigiraf|28/100
|-damage|p2a: Garchomp|58/100|[from] item: Life Orb
|move|p1b: Farigiraf|Thunderbolt|p2b: Aerodactyl
|-supereffective|p2b: Aerodactyl|1
|-damage|p2b: Aerodactyl|10/100 brn
|
|-damage|p2b: Aerodactyl|5/100 brn|[from] brn
|upkeep
|turn|4
|
|t:|1783198083
|move|p2b: Aerodactyl|Rock Slide|p1a: Charizard|[spread] p1a,p1b
|-supereffective|p1a: Charizard|2
|-damage|p1a: Charizard|0 fnt
|-damage|p1b: Farigiraf|18/100
|faint|p1a: Charizard
|move|p2a: Garchomp|Stomping Tantrum|p1b: Farigiraf
|-damage|p1b: Farigiraf|0 fnt
|faint|p1b: Farigiraf
|-damage|p2a: Garchomp|48/100|[from] item: Life Orb
|
|-damage|p2b: Aerodactyl|0 fnt|[from] brn
|faint|p2b: Aerodactyl
|upkeep
|
|t:|1783198099
|switch|p2b: Ninetales|Ninetales-Alola, L50, F|100/100
|switch|p1b: Sylveon|Sylveon, L50, F|100/100
|-weather|Snowscape|[from] ability: Snow Warning|[of] p2b: Ninetales
|turn|5
|
|t:|1783198108
|move|p2b: Ninetales|Aurora Veil|p2b: Ninetales
|-sidestart|p2: legsi bogsi|move: Aurora Veil
|move|p2a: Garchomp|Stomping Tantrum|p1b: Sylveon
|-damage|p1b: Sylveon|38/100
|-damage|p2a: Garchomp|38/100|[from] item: Life Orb
|move|p1b: Sylveon|Hyper Voice|p2a: Garchomp|[spread] p2a,p2b
|-supereffective|p2a: Garchomp|1
|-damage|p2a: Garchomp|0 fnt
|-damage|p2b: Ninetales|71/100
|faint|p2a: Garchomp
|
|-weather|Snowscape|[upkeep]
|upkeep
|
|t:|1783198121
|switch|p2a: Rotom|Rotom-Wash, L50|100/100
|turn|6
|
|t:|1783198129
|move|p2b: Ninetales|Blizzard|p1b: Sylveon
|-damage|p1b: Sylveon|8/100
|move|p2a: Rotom|Hydro Pump|p1b: Sylveon
|-damage|p1b: Sylveon|0 fnt
|faint|p1b: Sylveon
|
|win|legsi bogsi
|raw|new mental's rating: 1163 → 1130(-33 for losing)
|raw|legsi bogsi's rating: 1043 → 1088(+45 for winning)
