|j|☆NegaiFreak
|j|☆Bosilek
|html|NegaiFreakBosilek    
|uhtml|bestof|Game 2 of a best-of-3
|t:|1756233176
|gametype|doubles
|player|p1|NegaiFreak|170|1135
|player|p2|Bosilek|lance|1066
|gen|9
|tier|[Gen 9] VGC 2025 Reg H (Bo3)
|rated|
|rule|Species Clause: Limit one of each Pokémon
|rule|Item Clause: Limit 1 of each item
|clearpoke
|poke|p1|Ceruledge, L50, F|
|poke|p1|Sneasler, L50, F|
|poke|p1|Rillaboom, L50, M|
|poke|p1|Salamence, L50, M|
|poke|p1|Milotic, L50, F|
|poke|p1|Ninetales-Alola, L50, F|
|poke|p2|Garchomp, L50, M|
|poke|p2|Incineroar, L50, F|
|poke|p2|Dragonite, L50, M|
|poke|p2|Farigiraf, L50, F|
|poke|p2|Sneasler, L50, M|
|poke|p2|Ninetales-Alola, L50, F|
|teampreview|4
|showteam|p1|Ceruledge||ClearAmulet|FlashFire|BitterBlade,ShadowSneak,BulkUp,Protect|||F|||50|,,,,,Grass]Sneasler||GrassySeed|Unburden|DireClaw,CloseCombat,Coaching,Protect|||F|||50|,,,,,Stellar]Rillaboom||AssaultVest|GrassySurge|FakeOut,GrassyGlide,WoodHammer,HighHorsepower|||M|||50|,,,,,Fire]Salamence||LifeOrb|Intimidate|AirSlash,DracoMeteor,Tailwind,Protect|||M|||50|,,,,,Steel]Milotic||Leftovers|Competitive|Scald,IceBeam,Haze,Protect|||F|||50|,,,,,Dragon]Ninetales-Alola||FocusSash|SnowWarning|FreezeDry,Moonblast,AuroraVeil,Protect|||F|||50|,,,,,Ice
|showteam|p2|Garchomp||LifeOrb|RoughSkin|Protect,Earthquake,DragonClaw,StompingTantrum|||M|||50|,,,,,Water]Incineroar||SafetyGoggles|Intimidate|FakeOut,PartingShot,KnockOff,FlareBlitz|||F|||50|,,,,,Ghost]Dragonite||LoadedDice|Multiscale|Protect,Tailwind,ScaleShot,ExtremeSpeed|||M|||50|,,,,,Fairy]Farigiraf||RockyHelmet|ArmorTail|DazzlingGleam,PsychicNoise,HelpingHand,TrickRoom|||F|||50|,,,,,Fairy]Sneasler||FocusSash|Unburden|Protect,CloseCombat,DireClaw,Coaching|||M|||50|,,,,,Flying]Ninetales-Alola||CovertCloak|SnowWarning|Blizzard,FreezeDry,AuroraVeil,Encore|||F|||50|,,,,,Fire
|
|t:|1756233208
|teamsize|p1|4
|teamsize|p2|4
|start
|switch|p1a: Ninetales|Ninetales-Alola, L50, F|100/100
|switch|p1b: Milotic|Milotic, L50, F|100/100
|switch|p2a: Sneasler|Sneasler, L50, M|100/100
|switch|p2b: Incineroar|Incineroar, L50, F|100/100
|-weather|Snowscape|[from] ability: Snow Warning|[of] p1a: Ninetales
|-ability|p2b: Incineroar|Intimidate|boost
|-unboost|p1a: Ninetales|atk|1
|-unboost|p1b: Milotic|atk|1
|-ability|p1b: Milotic|Competitive|boost
|-boost|p1b: Milotic|spa|2
|turn|1
|
|t:|1756233242
|move|p1b: Milotic|Protect|p1b: Milotic
|-singleturn|p1b: Milotic|Protect
|move|p2a: Sneasler|Dire Claw|p1b: Milotic
|-activate|p1b: Milotic|move: Protect
|move|p1a: Ninetales|Aurora Veil|p1a: Ninetales
|-sidestart|p1: NegaiFreak|move: Aurora Veil
|move|p2b: Incineroar|Parting Shot|p1a: Ninetales
|-unboost|p1a: Ninetales|atk|1
|-unboost|p1a: Ninetales|spa|1
|
|t:|1756233253
|switch|p2b: Ninetales|Ninetales-Alola, L50, F|100/100|[from] Parting Shot
|
|-weather|Snowscape|[upkeep]
|upkeep
|turn|2
|
|t:|1756233283
|switch|p1b: Sneasler|Sneasler, L50, F|100/100
|move|p2a: Sneasler|Dire Claw|p1a: Ninetales
|-supereffective|p1a: Ninetales
|-damage|p1a: Ninetales|39/100
|move|p2b: Ninetales|Encore||[still]
|-fail|p2b: Ninetales
|move|p1a: Ninetales|Moonblast|p2a: Sneasler
|-damage|p2a: Sneasler|67/100
|
|-weather|Snowscape|[upkeep]
|upkeep
|turn|3
|
|t:|1756233312
|switch|p1a: Rillaboom|Rillaboom, L50, M|100/100
|-fieldstart|move: Grassy Terrain|[from] ability: Grassy Surge|[of] p1a: Rillaboom
|-enditem|p1b: Sneasler|Grassy Seed
|-boost|p1b: Sneasler|def|1|[from] item: Grassy Seed
|switch|p2b: Incineroar|Incineroar, L50, F|100/100
|-ability|p2b: Incineroar|Intimidate|boost
|-unboost|p1a: Rillaboom|atk|1
|-unboost|p1b: Sneasler|atk|1
|-terastallize|p1b: Sneasler|Stellar
|move|p1b: Sneasler|Dire Claw|p2b: Incineroar
|-damage|p2b: Incineroar|58/100
|move|p2a: Sneasler|Dire Claw|p1a: Rillaboom
|-supereffective|p1a: Rillaboom
|-damage|p1a: Rillaboom|42/100
|-status|p1a: Rillaboom|slp
|
|-weather|Snowscape|[upkeep]
|-heal|p2a: Sneasler|73/100|[from] Grassy Terrain
|-heal|p1a: Rillaboom|48/100 slp|[from] Grassy Terrain
|-heal|p2b: Incineroar|64/100|[from] Grassy Terrain
|upkeep
|turn|4
|
|t:|1756233351
|move|p1b: Sneasler|Protect|p1b: Sneasler
|-singleturn|p1b: Sneasler|Protect
|move|p2b: Incineroar|Fake Out|p1b: Sneasler
|-activate|p1b: Sneasler|move: Protect
|cant|p1a: Rillaboom|slp
|move|p2a: Sneasler|Dire Claw|p1a: Rillaboom
|-supereffective|p1a: Rillaboom
|-damage|p1a: Rillaboom|0 fnt
|faint|p1a: Rillaboom
|
|-weather|Snowscape|[upkeep]
|-heal|p2a: Sneasler|79/100|[from] Grassy Terrain
|-heal|p2b: Incineroar|70/100|[from] Grassy Terrain
|upkeep
|
|t:|1756233379
|switch|p1a: Milotic|Milotic, L50, F|100/100
|turn|5
|
|t:|1756233406
|switch|p2b: Ninetales|Ninetales-Alola, L50, F|100/100
|move|p1b: Sneasler|Dire Claw|p2a: Sneasler
|-resisted|p2a: Sneasler
|-damage|p2a: Sneasler|53/100
|move|p2a: Sneasler|Dire Claw|p1a: Milotic
|-damage|p1a: Milotic|74/100
|-status|p1a: Milotic|slp
|cant|p1a: Milotic|slp
|
|-weather|none
|-heal|p2a: Sneasler|59/100|[from] Grassy Terrain
|-heal|p1a: Milotic|81/100 slp|[from] Grassy Terrain
|-heal|p1a: Milotic|87/100 slp|[from] item: Leftovers
|-sideend|p1: NegaiFreak|move: Aurora Veil
|upkeep
|turn|6
|c|☆NegaiFreak|You’re kidding right?
|
|t:|1756233436
|switch|p2a: Incineroar|Incineroar, L50, F|70/100
|-ability|p2a: Incineroar|Intimidate|boost
|-unboost|p1a: Milotic|atk|1
|-ability|p1a: Milotic|Competitive|boost
|-boost|p1a: Milotic|spa|2
|-unboost|p1b: Sneasler|atk|1
|-terastallize|p2b: Ninetales|Fire
|move|p1b: Sneasler|Close Combat|p2b: Ninetales
|-damage|p2b: Ninetales|29/100
|-unboost|p1b: Sneasler|def|1
|-unboost|p1b: Sneasler|spd|1
|move|p2b: Ninetales|Freeze-Dry|p1a: Milotic
|-supereffective|p1a: Milotic
|-damage|p1a: Milotic|39/100 slp
|cant|p1a: Milotic|slp
|
|-heal|p2b: Ninetales|35/100|[from] Grassy Terrain
|-heal|p1a: Milotic|45/100 slp|[from] Grassy Terrain
|-heal|p1a: Milotic|52/100 slp|[from] item: Leftovers
|-heal|p2a: Incineroar|76/100|[from] Grassy Terrain
|upkeep
|turn|7
|
|t:|1756233467
|move|p1b: Sneasler|Protect|p1b: Sneasler
|-singleturn|p1b: Sneasler|Protect
|-curestatus|p1a: Milotic|slp|[msg]
|move|p1a: Milotic|Protect|p1a: Milotic
|-singleturn|p1a: Milotic|Protect
|move|p2a: Incineroar|Fake Out|p1b: Sneasler
|-activate|p1b: Sneasler|move: Protect
|move|p2b: Ninetales|Freeze-Dry|p1a: Milotic
|-activate|p1a: Milotic|move: Protect
|
|-heal|p2b: Ninetales|41/100|[from] Grassy Terrain
|-heal|p1a: Milotic|58/100|[from] Grassy Terrain
|-heal|p1a: Milotic|64/100|[from] item: Leftovers
|-heal|p2a: Incineroar|82/100|[from] Grassy Terrain
|-fieldend|move: Grassy Terrain
|upkeep
|turn|8
|
|t:|1756233499
|switch|p2b: Sneasler|Sneasler, L50, M|59/100
|move|p1b: Sneasler|Close Combat|p2b: Sneasler
|-resisted|p2b: Sneasler
|-damage|p2b: Sneasler|30/100
|-unboost|p1b: Sneasler|def|1
|-unboost|p1b: Sneasler|spd|1
|move|p1a: Milotic|Scald|p2a: Incineroar
|-supereffective|p2a: Incineroar
|-damage|p2a: Incineroar|0 fnt
|faint|p2a: Incineroar
|
|-heal|p1a: Milotic|70/100|[from] item: Leftovers
|upkeep
|
|t:|1756233517
|switch|p2a: Garchomp|Garchomp, L50, M, shiny|100/100
|turn|9
|
|t:|1756233543
|move|p2b: Sneasler|Protect|p2b: Sneasler
|-singleturn|p2b: Sneasler|Protect
|move|p1b: Sneasler|Dire Claw|p2b: Sneasler
|-activate|p2b: Sneasler|move: Protect
|move|p2a: Garchomp|Stomping Tantrum|p1b: Sneasler
|-supereffective|p1b: Sneasler
|-damage|p1b: Sneasler|0 fnt
|faint|p1b: Sneasler
|-damage|p2a: Garchomp|91/100|[from] item: Life Orb
|move|p1a: Milotic|Scald|p2b: Sneasler
|-activate|p2b: Sneasler|move: Protect
|
|-heal|p1a: Milotic|77/100|[from] item: Leftovers
|upkeep
|
|t:|1756233560
|switch|p1b: Ninetales|Ninetales-Alola, L50, F|39/100
|-weather|Snowscape|[from] ability: Snow Warning|[of] p1b: Ninetales
|turn|10
|
|t:|1756233595
|move|p2b: Sneasler|Dire Claw|p1b: Ninetales
|-supereffective|p1b: Ninetales
|-damage|p1b: Ninetales|0 fnt
|faint|p1b: Ninetales
|move|p2a: Garchomp|Dragon Claw|p1a: Milotic
|-damage|p1a: Milotic|27/100
|-damage|p2a: Garchomp|81/100|[from] item: Life Orb
|move|p1a: Milotic|Scald|p2a: Garchomp
|-damage|p2a: Garchomp|7/100
|-status|p2a: Garchomp|brn
|
|-weather|Snowscape|[upkeep]
|-heal|p1a: Milotic|33/100|[from] item: Leftovers
|-damage|p2a: Garchomp|1/100 brn|[from] brn
|upkeep
|turn|11
|
|t:|1756233616
|move|p1a: Milotic|Protect|p1a: Milotic
|-singleturn|p1a: Milotic|Protect
|move|p2b: Sneasler|Dire Claw|p1a: Milotic
|-activate|p1a: Milotic|move: Protect
|move|p2a: Garchomp|Dragon Claw|p1a: Milotic
|-activate|p1a: Milotic|move: Protect
|
|-weather|Snowscape|[upkeep]
|-heal|p1a: Milotic|40/100|[from] item: Leftovers
|-damage|p2a: Garchomp|0 fnt|[from] brn
|faint|p2a: Garchomp
|upkeep
|
|t:|1756233624
|switch|p2a: Ninetales|Ninetales-Alola, L50, F, tera:Fire|41/100
|turn|12
|c|☆Bosilek|gr lol
|
|t:|1756233651
|move|p2b: Sneasler|Dire Claw|p1a: Milotic
|-damage|p1a: Milotic|0 fnt
|faint|p1a: Milotic
|
|win|Bosilek
