|j|☆jchof
|j|☆rafa0145
|html|jchofrafa0145    
|uhtml|bestof|Game 1 of a best-of-3
|t:|1783938199
|gametype|doubles
|player|p1|jchof|101|1178
|player|p2|rafa0145|170|1179
|gen|9
|tier|[Gen 9 Champions] VGC 2026 Reg M-B (Bo3)
|rated|
|rule|Species Clause: Limit one of each Pokémon
|rule|Item Clause: Limit 1 of each item
|clearpoke
|poke|p1|Staraptor, L50, F|
|poke|p1|Vileplume, L50, F|
|poke|p1|Feraligatr, L50, M|
|poke|p1|Sceptile, L50, M|
|poke|p1|Gholdengo, L50|
|poke|p1|Houndoom, L50, F|
|poke|p2|Charizard, L50, M|
|poke|p2|Kingambit, L50, M|
|poke|p2|Sylveon, L50, M|
|poke|p2|Garchomp, L50, F|
|poke|p2|Aerodactyl, L50, F|
|poke|p2|Farigiraf, L50, M|
|teampreview|4
|showteam|p1|Staraptor||Staraptite|Intimidate|BraveBird,CloseCombat,Protect,Roost|Jolly||F|||50|]Vileplume||BigRoot|EffectSpore|SludgeBomb,GigaDrain,StrengthSap,LeechSeed|Relaxed||F|||50|]Feraligatr||LifeOrb|SheerForce|Liquidation,RockSlide,AquaJet,IcePunch|Adamant||M|||50|]Sceptile||WhiteHerb|Unburden|LeafStorm,RockTomb,QuickGuard,EarthPower|Timid||M|||50|]Gholdengo||SitrusBerry|GoodasGold|MakeItRain,NastyPlot,Protect,ShadowBall|Modest|||||50|]Houndoom||FocusSash|FlashFire|SuckerPunch,HeatWave,Protect,Snarl|Hasty||F|||50|
|showteam|p2|Charizard||CharizarditeY|SolarPower|Protect,HeatWave,SolarBeam,WeatherBall|Modest||M|||50|]Kingambit||FocusSash|Defiant|IronHead,SuckerPunch,KowtowCleave,LowKick|Adamant||M|||50|]Sylveon||FairyFeather|Pixilate|Detect,HyperVoice,HyperBeam,QuickAttack|Modest||M|||50|]Garchomp||LifeOrb|RoughSkin|Protect,DragonClaw,Earthquake,RockSlide|Jolly||F|||50|]Aerodactyl||Aerodactylite|Unnerve|IceFang,RockSlide,Tailwind,DualWingbeat|Jolly||F|||50|]Farigiraf||SitrusBerry|ArmorTail|TrickRoom,Psychic,Thunderbolt,Roar|Bold||M|||50|
|inactive|Battle timer is ON: inactive players will automatically lose when time's up. (requested by rafa0145)
|
|t:|1783938252
|teamsize|p1|4
|teamsize|p2|4
|start
|switch|p1a: Sceptile|Sceptile, L50, M|100/100
|switch|p1b: Feraligatr|Feraligatr, L50, M|100/100
|switch|p2a: Farigiraf|Farigiraf, L50, M|100/100
|switch|p2b: Sylveon|Sylveon, L50, M|100/100
|turn|1
|
|t:|1783938270
|switch|p1a: Gholdengo|Gholdengo, L50|100/100
|move|p2b: Sylveon|Detect|p2b: Sylveon
|-singleturn|p2b: Sylveon|Protect
|move|p1b: Feraligatr|Liquidation|p2a: Farigiraf
|-damage|p2a: Farigiraf|48/100
|-enditem|p2a: Farigiraf|Sitrus Berry|[eat]
|-heal|p2a: Farigiraf|73/100|[from] item: Sitrus Berry
|move|p2a: Farigiraf|Trick Room|p2a: Farigiraf
|-fieldstart|move: Trick Room|[of] p2a: Farigiraf
|
|upkeep
|turn|2
|
|t:|1783938290
|switch|p2b: Kingambit|Kingambit, L50, M|100/100
|move|p2a: Farigiraf|Thunderbolt|p1b: Feraligatr
|-supereffective|p1b: Feraligatr|1
|-damage|p1b: Feraligatr|61/100
|move|p1b: Feraligatr|Liquidation|p2a: Farigiraf
|-damage|p2a: Farigiraf|23/100
|move|p1a: Gholdengo|Make It Rain|p2a: Farigiraf|[spread] p2a,p2b
|-resisted|p2b: Kingambit|1
|-damage|p2a: Farigiraf|0 fnt
|-damage|p2b: Kingambit|75/100
|-unboost|p1a: Gholdengo|spa|2
|faint|p2a: Farigiraf
|
|upkeep
|
|t:|1783938300
|switch|p2a: Charizard|Charizard, L50, M|100/100
|turn|3
|
|t:|1783938307
|switch|p1a: Houndoom|Houndoom, L50, F|100/100
|detailschange|p2a: Charizard|Charizard-Mega-Y, L50, M
|-mega|p2a: Charizard|Charizard|Charizardite Y
|-weather|SunnyDay|[from] ability: Drought|[of] p2a: Charizard
|move|p1b: Feraligatr|Liquidation|p2b: Kingambit
|-crit|p2b: Kingambit
|-damage|p2b: Kingambit|33/100
|move|p2b: Kingambit|Kowtow Cleave|p1a: Houndoom
|-resisted|p1a: Houndoom|1
|-damage|p1a: Houndoom|45/100
|move|p2a: Charizard|Solar Beam||[still]
|-prepare|p2a: Charizard|Solar Beam
|-anim|p2a: Charizard|Solar Beam|p1b: Feraligatr
|-supereffective|p1b: Feraligatr|1
|-damage|p1b: Feraligatr|0 fnt
|faint|p1b: Feraligatr
|
|-weather|SunnyDay|[upkeep]
|upkeep
|
|t:|1783938323
|switch|p1b: Gholdengo|Gholdengo, L50|100/100
|turn|4
|
|t:|1783938339
|move|p2b: Kingambit|Kowtow Cleave|p1b: Gholdengo
|-supereffective|p1b: Gholdengo|1
|-damage|p1b: Gholdengo|15/100
|-enditem|p1b: Gholdengo|Sitrus Berry|[eat]
|-heal|p1b: Gholdengo|39/100|[from] item: Sitrus Berry
|move|p1b: Gholdengo|Shadow Ball|p2a: Charizard
|-damage|p2a: Charizard|60/100
|move|p2a: Charizard|Weather Ball|p1a: Houndoom
|-start|p1a: Houndoom|ability: Flash Fire
|move|p1a: Houndoom|Heat Wave|p2b: Kingambit|[spread] p2a
|-miss|p1a: Houndoom|p2b: Kingambit
|-resisted|p2a: Charizard|1
|-damage|p2a: Charizard|27/100
|
|-weather|SunnyDay|[upkeep]
|upkeep
|turn|5
|inactive|rafa0145 has 30 seconds left.
|inactive|rafa0145 has 20 seconds left.
|
|t:|1783938374
|move|p2a: Charizard|Protect|p2a: Charizard
|-singleturn|p2a: Charizard|Protect
|move|p2b: Kingambit|Kowtow Cleave|p1b: Gholdengo
|-supereffective|p1b: Gholdengo|1
|-damage|p1b: Gholdengo|0 fnt
|faint|p1b: Gholdengo
|move|p1a: Houndoom|Heat Wave|p2a: Charizard|[spread] p2b
|-activate|p2a: Charizard|move: Protect
|-supereffective|p2b: Kingambit|1
|-damage|p2b: Kingambit|0 fnt
|faint|p2b: Kingambit
|
|-weather|SunnyDay|[upkeep]
|-fieldend|move: Trick Room
|upkeep
|
|t:|1783938386
|switch|p1b: Sceptile|Sceptile, L50, M|100/100
|switch|p2b: Sylveon|Sylveon, L50, M|100/100
|turn|6
|
|t:|1783938398
|move|p1b: Sceptile|Rock Tomb|p2a: Charizard
|-supereffective|p2a: Charizard|2
|-damage|p2a: Charizard|0 fnt
|faint|p2a: Charizard
|move|p1a: Houndoom|Heat Wave|p2b: Sylveon
|-damage|p2b: Sylveon|15/100
|move|p2b: Sylveon|Hyper Voice|p1a: Houndoom|[spread] p1a,p1b
|-damage|p1a: Houndoom|0 fnt
|-damage|p1b: Sceptile|46/100
|faint|p1a: Houndoom
|
|-weather|SunnyDay|[upkeep]
|upkeep
|turn|7
|
|t:|1783938412
|move|p2b: Sylveon|Detect|p2b: Sylveon
|-singleturn|p2b: Sylveon|Protect
|move|p1b: Sceptile|Earth Power|p2b: Sylveon
|-activate|p2b: Sylveon|move: Protect
|
|-weather|none
|upkeep
|turn|8
|
|t:|1783938421
|move|p2b: Sylveon|Quick Attack|p1b: Sceptile
|-damage|p1b: Sceptile|27/100
|move|p1b: Sceptile|Earth Power|p2b: Sylveon
|-damage|p2b: Sylveon|0 fnt
|faint|p2b: Sylveon
|
|win|jchof
