|j|☆TreyBayBay
|j|☆Ayycousin
|html|TreyBayBayAyycousin    
|uhtml|bestof|Game 1 of a best-of-3
|t:|1757698612
|gametype|doubles
|player|p1|TreyBayBay|ninjaboy|1130
|player|p2|Ayycousin|266|1045
|gen|9
|tier|[Gen 9] VGC 2025 Reg H (Bo3)
|rated|
|rule|Species Clause: Limit one of each Pokémon
|rule|Item Clause: Limit 1 of each item
|clearpoke
|poke|p1|Ninetales-Alola, L50, M|
|poke|p1|Farigiraf, L50, F|
|poke|p1|Sneasler, L50, M|
|poke|p1|Incineroar, L50, F|
|poke|p1|Archaludon, L50, M|
|poke|p1|Hydreigon, L50, F|
|poke|p2|Porygon2, L50|
|poke|p2|Incineroar, L50, M|
|poke|p2|Ursaluna, L50, M|
|poke|p2|Jumpluff, L50, F|
|poke|p2|Charizard, L50, M|
|poke|p2|Torkoal, L50, M|
|teampreview|4
|showteam|p1|Ninetales-Alola||LightClay|SnowWarning|Protect,Blizzard,Moonblast,AuroraVeil|||M|||50|,,,,,Ghost]Farigiraf||ThroatSpray|ArmorTail|ExpandingForce,HyperVoice,TrickRoom,Imprison|||F|||50|,,,,,Fairy]Sneasler||FocusSash|PoisonTouch|FakeOut,DireClaw,CloseCombat,Taunt|||M|||50|,,,,,Stellar]Incineroar||SafetyGoggles|Intimidate|FakeOut,FlareBlitz,KnockOff,WillOWisp|||F|||50|,,,,,Ghost]Archaludon||AssaultVest|Stamina|DracoMeteor,FlashCannon,BodyPress,Snarl|||M|||50|,,,,,Bug]Hydreigon||CovertCloak|Levitate|DarkPulse,EarthPower,NastyPlot,Tailwind|||F|||50|,,,,,Ghost
|showteam|p2|Porygon2||Eviolite|Download|TeraBlast,IceBeam,TrickRoom,Recover||||||50|,,,,,Fighting]Incineroar||SitrusBerry|Intimidate|FakeOut,KnockOff,FlareBlitz,PartingShot|||M|||50|,,,,,Ghost]Ursaluna||FlameOrb|Guts|HeadlongRush,Facade,Earthquake,Protect|||M|||50|,,,,,Ghost]Jumpluff||CovertCloak|Chlorophyll|RagePowder,SunnyDay,Tailwind,SleepPowder|||F|||50|,,,,,Water]Charizard||ChoiceSpecs|SolarPower|HeatWave,Overheat,WeatherBall,DragonPulse|||M|||50|,,,,,Ghost]Torkoal||EjectPack|Drought|Overheat,Eruption,HelpingHand,Protect|||M|||50|,,,,,Fire
|
|t:|1757698652
|teamsize|p1|4
|teamsize|p2|4
|start
|switch|p1a: Incineroar|Incineroar, L50, F|100/100
|switch|p1b: Sneasler|Sneasler, L50, M|100/100
|switch|p2a: Jumpluff|Jumpluff, L50, F|100/100
|switch|p2b: Charizard|Charizard, L50, M|100/100
|-ability|p1a: Incineroar|Intimidate|boost
|-unboost|p2a: Jumpluff|atk|1
|-unboost|p2b: Charizard|atk|1
|turn|1
|
|t:|1757698696
|switch|p2b: Incineroar|Incineroar, L50, M|100/100
|-ability|p2b: Incineroar|Intimidate|boost
|-unboost|p1a: Incineroar|atk|1
|-unboost|p1b: Sneasler|atk|1
|move|p1b: Sneasler|Fake Out|p2b: Incineroar
|-damage|p2b: Incineroar|92/100
|-status|p2b: Incineroar|psn|[from] ability: Poison Touch|[of] p1b: Sneasler
|move|p2a: Jumpluff|Sleep Powder|p1b: Sneasler|[miss]
|-miss|p2a: Jumpluff|p1b: Sneasler
|move|p1a: Incineroar|Flare Blitz|p2a: Jumpluff
|-supereffective|p2a: Jumpluff
|-damage|p2a: Jumpluff|25/100
|-damage|p1a: Incineroar|78/100|[from] Recoil
|
|-damage|p2b: Incineroar|79/100 psn|[from] psn
|upkeep
|turn|2
|inactive|Battle timer is ON: inactive players will automatically lose when time's up. (requested by TreyBayBay)
|inactive|Ayycousin has 60 seconds left.
|
|t:|1757698733
|switch|p2a: Torkoal|Torkoal, L50, M|100/100
|-weather|SunnyDay|[from] ability: Drought|[of] p2a: Torkoal
|switch|p1a: Farigiraf|Farigiraf, L50, F, shiny|100/100
|-terastallize|p2b: Incineroar|Ghost
|move|p1b: Sneasler|Dire Claw|p2a: Torkoal
|-damage|p2a: Torkoal|80/100
|-status|p2a: Torkoal|psn|[from] ability: Poison Touch|[of] p1b: Sneasler
|move|p2b: Incineroar|Flare Blitz|p1b: Sneasler
|-enditem|p1b: Sneasler|Focus Sash
|-damage|p1b: Sneasler|1/100
|-damage|p2b: Incineroar|54/100 psn|[from] Recoil
|
|-weather|SunnyDay|[upkeep]
|-damage|p2b: Incineroar|42/100 psn|[from] psn
|-damage|p2a: Torkoal|67/100 psn|[from] psn
|upkeep
|-enditem|p2b: Incineroar|Sitrus Berry|[eat]
|-heal|p2b: Incineroar|66/100 psn|[from] item: Sitrus Berry
|turn|3
|inactive|TreyBayBay has 30 seconds left.
|inactive|TreyBayBay has 20 seconds left.
|inactive|TreyBayBay has 15 seconds left.
|inactive|TreyBayBay has 10 seconds left.
|inactive|Ayycousin has 30 seconds left.
|inactive|TreyBayBay has 5 seconds left.
|inactive|Ayycousin has 20 seconds left.
|inactive|Ayycousin has 15 seconds left.
|
|t:|1757698803
|move|p1b: Sneasler|Fake Out||[still]
|-hint|Fake Out only works on your first turn out.
|-fail|p1b: Sneasler
|move|p2b: Incineroar|Knock Off|p1a: Farigiraf
|-supereffective|p1a: Farigiraf
|-crit|p1a: Farigiraf
|-damage|p1a: Farigiraf|0 fnt
|-enditem|p1a: Farigiraf|Throat Spray|[from] move: Knock Off|[of] p2b: Incineroar
|faint|p1a: Farigiraf
|move|p2a: Torkoal|Overheat|p1b: Sneasler
|-crit|p1b: Sneasler
|-damage|p1b: Sneasler|0 fnt
|-unboost|p2a: Torkoal|spa|2
|faint|p1b: Sneasler
|-enditem|p2a: Torkoal|Eject Pack
|
|t:|1757698816
|switch|p2a: Charizard|Charizard, L50, M|100/100
|
|-weather|SunnyDay|[upkeep]
|-damage|p2a: Charizard|88/100|[from] ability: Solar Power|[of] p2a: Charizard
|-damage|p2b: Incineroar|54/100 psn|[from] psn
|upkeep
|
|t:|1757698823
|switch|p1b: Hydreigon|Hydreigon, L50, F, shiny|100/100
|switch|p1a: Incineroar|Incineroar, L50, F|78/100
|-ability|p1a: Incineroar|Intimidate|boost
|-unboost|p2a: Charizard|atk|1
|-unboost|p2b: Incineroar|atk|1
|turn|4
|inactive|Ayycousin has 30 seconds left.
|inactive|Ayycousin has 20 seconds left.
|
|t:|1757698859
|switch|p2a: Jumpluff|Jumpluff, L50, F|25/100
|move|p1a: Incineroar|Fake Out|p2a: Jumpluff
|-damage|p2a: Jumpluff|10/100
|move|p1b: Hydreigon|Tailwind|p1b: Hydreigon
|-sidestart|p1: TreyBayBay|move: Tailwind
|move|p2b: Incineroar|Parting Shot|p1b: Hydreigon
|-unboost|p1b: Hydreigon|atk|1
|-unboost|p1b: Hydreigon|spa|1
|
|t:|1757698874
|switch|p2b: Torkoal|Torkoal, L50, M|67/100 psn|[from] Parting Shot
|
|-weather|SunnyDay|[upkeep]
|-damage|p2b: Torkoal|55/100 psn|[from] psn
|upkeep
|turn|5
|inactive|Ayycousin has 30 seconds left.
|
|t:|1757698899
|move|p2a: Jumpluff|Rage Powder|p2a: Jumpluff
|-singleturn|p2a: Jumpluff|move: Rage Powder
|move|p1b: Hydreigon|Nasty Plot|p1b: Hydreigon
|-boost|p1b: Hydreigon|spa|2
|move|p1a: Incineroar|Knock Off|p2a: Jumpluff
|-damage|p2a: Jumpluff|0 fnt
|-enditem|p2a: Jumpluff|Covert Cloak|[from] move: Knock Off|[of] p1a: Incineroar
|faint|p2a: Jumpluff
|move|p2b: Torkoal|Overheat|p1b: Hydreigon|[miss]
|-miss|p2b: Torkoal|p1b: Hydreigon
|
|-weather|SunnyDay|[upkeep]
|-damage|p2b: Torkoal|42/100 psn|[from] psn
|upkeep
|
|t:|1757698907
|switch|p2a: Charizard|Charizard, L50, M|88/100
|turn|6
|
|t:|1757698928
|switch|p2b: Incineroar|Incineroar, L50, M, tera:Ghost|54/100 psn
|-ability|p2b: Incineroar|Intimidate|boost
|-unboost|p1a: Incineroar|atk|1
|-unboost|p1b: Hydreigon|atk|1
|move|p1b: Hydreigon|Dark Pulse|p2a: Charizard
|-damage|p2a: Charizard|8/100
|move|p1a: Incineroar|Knock Off|p2a: Charizard
|-damage|p2a: Charizard|0 fnt
|-enditem|p2a: Charizard|Choice Specs|[from] move: Knock Off|[of] p1a: Incineroar
|faint|p2a: Charizard
|
|-weather|none
|-damage|p2b: Incineroar|42/100 psn|[from] psn
|upkeep
|
|t:|1757698931
|switch|p2a: Torkoal|Torkoal, L50, M|42/100 psn
|-weather|SunnyDay|[from] ability: Drought|[of] p2a: Torkoal
|turn|7
|
|t:|1757698945
|move|p2b: Incineroar|Fake Out|p1a: Incineroar
|-damage|p1a: Incineroar|66/100
|move|p1b: Hydreigon|Nasty Plot|p1b: Hydreigon
|-boost|p1b: Hydreigon|spa|2
|cant|p1a: Incineroar|flinch
|move|p2a: Torkoal|Overheat|p1b: Hydreigon
|-resisted|p1b: Hydreigon
|-damage|p1b: Hydreigon|62/100
|-unboost|p2a: Torkoal|spa|2
|
|-weather|SunnyDay|[upkeep]
|-damage|p2b: Incineroar|29/100 psn|[from] psn
|-damage|p2a: Torkoal|30/100 psn|[from] psn
|-sideend|p1: TreyBayBay|move: Tailwind
|upkeep
|turn|8
|
|t:|1757698965
|move|p1b: Hydreigon|Dark Pulse|p2b: Incineroar
|-supereffective|p2b: Incineroar
|-damage|p2b: Incineroar|0 fnt
|faint|p2b: Incineroar
|move|p1a: Incineroar|Flare Blitz|p2a: Torkoal
|-resisted|p2a: Torkoal
|-damage|p2a: Torkoal|12/100 psn
|-damage|p1a: Incineroar|61/100|[from] Recoil
|move|p2a: Torkoal|Eruption|p1a: Incineroar|[spread] p1a,p1b
|-resisted|p1a: Incineroar
|-resisted|p1b: Hydreigon
|-damage|p1a: Incineroar|60/100
|-damage|p1b: Hydreigon|60/100
|
|-weather|SunnyDay|[upkeep]
|-damage|p2a: Torkoal|0 fnt|[from] psn
|faint|p2a: Torkoal
|
|win|TreyBayBay
|inactive|TreyBayBay has 30 seconds to confirm battle start!
|inactive|Ayycousin has 30 seconds to confirm battle start!
