|j|☆barri deagol
|j|☆pimi19
|html|barri deagolpimi19    
|uhtml|bestof|Game 3 of a best-of-3
|t:|1756533852
|gametype|doubles
|player|p1|barri deagol|collector|1162
|player|p2|pimi19|101|1125
|gen|9
|tier|[Gen 9] VGC 2025 Reg H (Bo3)
|rated|
|rule|Species Clause: Limit one of each Pokémon
|rule|Item Clause: Limit 1 of each item
|clearpoke
|poke|p1|Archaludon, L50, M|
|poke|p1|Dragonite, L50, F|
|poke|p1|Pelipper, L50, M|
|poke|p1|Ursaluna, L50, F|
|poke|p1|Sinistcha, L50|
|poke|p1|Gholdengo, L50|
|poke|p2|Amoonguss, L50, F|
|poke|p2|Kilowattrel, L50, M|
|poke|p2|Tyranitar, L50, M|
|poke|p2|Gholdengo, L50|
|poke|p2|Gyarados, L50, M|
|poke|p2|Garchomp, L50, F|
|teampreview|4
|showteam|p1|Archaludon||AssaultVest|Stamina|FlashCannon,BodyPress,ElectroShot,Snarl|||M|||50|,,,,,Fighting]Dragonite||LoadedDice|Multiscale|ScaleShot,Tailwind,Haze,Protect|||F|||50|,,,,,Fairy]Pelipper||FocusSash|Drizzle|MuddyWater,Hurricane,Tailwind,Protect|||M|||50|,,,,,Ghost]Ursaluna||FlameOrb|Guts|Facade,HeadlongRush,Earthquake,Protect|||F|||50|,,,,,Ghost]Sinistcha||SitrusBerry|Hospitality|MatchaGotcha,LifeDew,RagePowder,TrickRoom||||||50|,,,,,Dark]Gholdengo||ChoiceScarf|GoodasGold|MakeItRain,ShadowBall,Trick,Protect||||||50|,,,,,Flying
|showteam|p2|Amoonguss||MentalHerb|Regenerator|Protect,PollenPuff,Spore,RagePowder|||F|||50|,,,,,Fairy]Kilowattrel||CovertCloak|Competitive|Thunderbolt,AirSlash,Tailwind,Protect|||M|||50|,,,,,Steel]Tyranitar||AssaultVest|SandStream|RockSlide,KnockOff,LowKick,TeraBlast|||M|||50|,,,,,Flying]Gholdengo||ChoiceSpecs|GoodasGold|MakeItRain,ShadowBall,Protect,Trick||||||50|,,,,,Steel]Gyarados||SafetyGoggles|Intimidate|Waterfall,ThunderWave,Taunt,Protect|||M|||50|,,,,,Ground]Garchomp||ClearAmulet|SandVeil|DragonClaw,Earthquake,StompingTantrum,Protect|||F|||50|,,,,,Fairy
|inactive|Battle timer is ON: inactive players will automatically lose when time's up. (requested by pimi19)
|
|t:|1756533881
|teamsize|p1|4
|teamsize|p2|4
|start
|switch|p1a: Dragonite|Dragonite, L50, F|100/100
|switch|p1b: Archaludon|Archaludon, L50, M|100/100
|switch|p2a: Tyranitar|Tyranitar, L50, M|100/100
|switch|p2b: Kilowattrel|Kilowattrel, L50, M|100/100
|-weather|Sandstorm|[from] ability: Sand Stream|[of] p2a: Tyranitar
|turn|1
|inactive|barri deagol has 30 seconds left.
|
|t:|1756533907
|switch|p1a: Pelipper|Pelipper, L50, M|100/100
|-weather|RainDance|[from] ability: Drizzle|[of] p1a: Pelipper
|switch|p2a: Gyarados|Gyarados, L50, M|100/100
|-ability|p2a: Gyarados|Intimidate|boost
|-unboost|p1a: Pelipper|atk|1
|-unboost|p1b: Archaludon|atk|1
|-terastallize|p1b: Archaludon|Fighting
|move|p2b: Kilowattrel|Tailwind|p2b: Kilowattrel
|-sidestart|p2: pimi19|move: Tailwind
|move|p1b: Archaludon|Electro Shot||[still]
|-prepare|p1b: Archaludon|Electro Shot
|-boost|p1b: Archaludon|spa|1
|-anim|p1b: Archaludon|Electro Shot|p2b: Kilowattrel
|-damage|p2b: Kilowattrel|7/100
|
|-weather|RainDance|[upkeep]
|upkeep
|turn|2
|inactive|barri deagol has 30 seconds left.
|inactive|pimi19 has 30 seconds left.
|
|t:|1756533938
|move|p2b: Kilowattrel|Air Slash|p1b: Archaludon
|-supereffective|p1b: Archaludon
|-damage|p1b: Archaludon|49/100
|-ability|p1b: Archaludon|Stamina|boost
|-boost|p1b: Archaludon|def|1
|move|p2a: Gyarados|Taunt|p1a: Pelipper
|-start|p1a: Pelipper|move: Taunt
|move|p1a: Pelipper|Muddy Water|p2b: Kilowattrel|[spread] p2a,p2b
|-resisted|p2a: Gyarados
|-damage|p2a: Gyarados|82/100
|-damage|p2b: Kilowattrel|0 fnt
|faint|p2b: Kilowattrel
|move|p1b: Archaludon|Body Press|p2a: Gyarados
|-resisted|p2a: Gyarados
|-damage|p2a: Gyarados|55/100
|
|-weather|RainDance|[upkeep]
|upkeep
|
|t:|1756533959
|switch|p2b: Gholdengo|Gholdengo, L50|100/100
|turn|3
|
|t:|1756533973
|switch|p2a: Tyranitar|Tyranitar, L50, M|100/100
|-weather|Sandstorm|[from] ability: Sand Stream|[of] p2a: Tyranitar
|move|p2b: Gholdengo|Make It Rain|p1b: Archaludon|[spread] p1a,p1b
|-resisted|p1a: Pelipper
|-damage|p1a: Pelipper|41/100
|-damage|p1b: Archaludon|5/100
|-unboost|p2b: Gholdengo|spa|1
|-ability|p1b: Archaludon|Stamina|boost
|-boost|p1b: Archaludon|def|1
|move|p1a: Pelipper|Muddy Water|p2a: Tyranitar|[spread] p2b
|-miss|p1a: Pelipper|p2a: Tyranitar
|-damage|p2b: Gholdengo|66/100
|move|p1b: Archaludon|Snarl|p2a: Tyranitar|[spread] p2a,p2b
|-resisted|p2a: Tyranitar
|-supereffective|p2b: Gholdengo
|-damage|p2a: Tyranitar|97/100
|-damage|p2b: Gholdengo|30/100
|-unboost|p2a: Tyranitar|spa|1
|-unboost|p2b: Gholdengo|spa|1
|
|-weather|Sandstorm|[upkeep]
|-damage|p1a: Pelipper|35/100|[from] Sandstorm
|-damage|p1b: Archaludon|0 fnt|[from] Sandstorm
|faint|p1b: Archaludon
|upkeep
|inactive|barri deagol has 30 seconds left.
|inactive|barri deagol has 20 seconds left.
|
|t:|1756534011
|switch|p1b: Dragonite|Dragonite, L50, F|100/100
|turn|4
|
|t:|1756534035
|switch|p2b: Gyarados|Gyarados, L50, M|55/100
|-ability|p2b: Gyarados|Intimidate|boost
|-unboost|p1a: Pelipper|atk|1
|-unboost|p1b: Dragonite|atk|1
|move|p2a: Tyranitar|Knock Off|p1a: Pelipper
|-damage|p1a: Pelipper|0 fnt
|-enditem|p1a: Pelipper|Focus Sash|[from] move: Knock Off|[of] p2a: Tyranitar
|faint|p1a: Pelipper
|move|p1b: Dragonite|Scale Shot|p2a: Tyranitar
|-damage|p2a: Tyranitar|88/100
|-damage|p2a: Tyranitar|81/100
|-damage|p2a: Tyranitar|73/100
|-damage|p2a: Tyranitar|65/100
|-damage|p2a: Tyranitar|57/100
|-hitcount|p2a: Tyranitar|5
|-unboost|p1b: Dragonite|def|1
|-boost|p1b: Dragonite|spe|1
|
|-weather|Sandstorm|[upkeep]
|-damage|p1b: Dragonite|95/100|[from] Sandstorm
|-sideend|p2: pimi19|move: Tailwind
|upkeep
|
|t:|1756534056
|switch|p1a: Sinistcha|Sinistcha, L50|100/100
|-heal|p1b: Dragonite|100/100|[from] ability: Hospitality|[of] p1a: Sinistcha
|turn|5
|
|t:|1756534079
|switch|p2b: Gholdengo|Gholdengo, L50|30/100
|move|p1a: Sinistcha|Rage Powder|p1a: Sinistcha
|-singleturn|p1a: Sinistcha|move: Rage Powder
|move|p1b: Dragonite|Scale Shot|p2b: Gholdengo
|-resisted|p2b: Gholdengo
|-damage|p2b: Gholdengo|25/100
|-resisted|p2b: Gholdengo
|-damage|p2b: Gholdengo|19/100
|-resisted|p2b: Gholdengo
|-damage|p2b: Gholdengo|14/100
|-resisted|p2b: Gholdengo
|-damage|p2b: Gholdengo|9/100
|-hitcount|p2b: Gholdengo|4
|-unboost|p1b: Dragonite|def|1
|-boost|p1b: Dragonite|spe|1
|move|p2a: Tyranitar|Knock Off|p1a: Sinistcha
|-supereffective|p1a: Sinistcha
|-damage|p1a: Sinistcha|0 fnt
|-enditem|p1a: Sinistcha|Sitrus Berry|[from] move: Knock Off|[of] p2a: Tyranitar
|faint|p1a: Sinistcha
|
|-weather|Sandstorm|[upkeep]
|-damage|p1b: Dragonite|95/100|[from] Sandstorm
|upkeep
|turn|6
|inactive|barri deagol has 30 seconds left.
|inactive|barri deagol has 20 seconds left.
|inactive|barri deagol has 15 seconds left.
|
|t:|1756534119
|switch|p2b: Gyarados|Gyarados, L50, M|55/100
|-ability|p2b: Gyarados|Intimidate|boost
|-unboost|p1b: Dragonite|atk|1
|move|p1b: Dragonite|Scale Shot|p2a: Tyranitar
|-damage|p2a: Tyranitar|50/100
|-damage|p2a: Tyranitar|44/100
|-damage|p2a: Tyranitar|38/100
|-damage|p2a: Tyranitar|31/100
|-hitcount|p2a: Tyranitar|4
|-unboost|p1b: Dragonite|def|1
|-boost|p1b: Dragonite|spe|1
|move|p2a: Tyranitar|Rock Slide|p1b: Dragonite
|-supereffective|p1b: Dragonite
|-damage|p1b: Dragonite|0 fnt
|faint|p1b: Dragonite
|
|win|pimi19
|raw|barri deagol's rating: 1162 → 1134(-28 for losing)
|raw|pimi19's rating: 1125 → 1153(+28 for winning)
