|j|☆efwefwefwefweifier
|j|☆AtrixMJ
|html|efwefwefwefweifierAtrixMJ    
|uhtml|bestof|Game 3 of a best-of-3
|t:|1785661947
|gametype|doubles
|player|p1|efwefwefwefweifier|clown|1371
|player|p2|AtrixMJ|may|1373
|gen|9
|tier|[Gen 9 Champions] VGC 2026 Reg M-B (Bo3)
|rated|
|rule|Species Clause: Limit one of each Pokémon
|rule|Item Clause: Limit 1 of each item
|clearpoke
|poke|p1|Blastoise, L50, F, shiny|
|poke|p1|Sinistcha, L50|
|poke|p1|Incineroar, L50, M, shiny|
|poke|p1|Sneasler, L50, M|
|poke|p1|Hydreigon, L50, M, shiny|
|poke|p1|Delphox, L50, M|
|poke|p2|Venusaur, L50, F, shiny|
|poke|p2|Farigiraf, L50, F, shiny|
|poke|p2|Incineroar, L50, F|
|poke|p2|Charizard, L50, F, shiny|
|poke|p2|Grimmsnarl, L50, M|
|poke|p2|Garchomp, L50, M, shiny|
|teampreview|4
|showteam|p1|Blastoise||Blastoisinite|RainDish|WaterSpout,DarkPulse,ShellSmash,Protect|Modest||F|||50|]Sinistcha||KasibBerry|Hospitality|MatchaGotcha,RagePowder,TrickRoom,LifeDew|Calm|||||50|]Incineroar||SitrusBerry|Intimidate|FlareBlitz,DarkestLariat,FakeOut,PartingShot|Careful||M|||50|]Sneasler||FocusSash|PoisonTouch|CloseCombat,PoisonJab,FakeOut,QuickGuard|Jolly||M|||50|]Hydreigon||ChoiceScarf|Levitate|DracoMeteor,DarkPulse,Snarl,EarthPower|Modest||M|||50|]Delphox||Delphoxite|Blaze|HeatWave,Psyshock,NastyPlot,Protect|Timid||M|||50|
|showteam|p2|Venusaur||LifeOrb|Chlorophyll|SludgeBomb,SolarBeam,SleepPowder,Protect|Timid||F|||50|]Farigiraf||TwistedSpoon|ArmorTail|HyperVoice,TwinBeam,TrickRoom,Protect|Quiet||F|||50|]Incineroar||Charcoal|Intimidate|FlareBlitz,DarkestLariat,FakeOut,PartingShot|Adamant||F|||50|]Charizard||CharizarditeY|Blaze|HeatWave,WeatherBall,Protect,HelpingHand|Modest||F|||50|]Grimmsnarl||LightClay|Prankster|SpiritBreak,FakeOut,PartingShot,LightScreen|Adamant||M|||50|]Garchomp||Garchompite|RoughSkin|StompingTantrum,DragonClaw,Earthquake,Protect|Adamant||M|||50|
|inactive|Battle timer is ON: inactive players will automatically lose when time's up. (requested by efwefwefwefweifier)
|inactive|efwefwefwefweifier has 60 seconds left.
|inactive|efwefwefwefweifier has 30 seconds left.
|inactive|efwefwefwefweifier has 20 seconds left.
|inactive|efwefwefwefweifier has 15 seconds left.
|inactive|efwefwefwefweifier has 10 seconds left.
|
|t:|1785662029
|teamsize|p1|4
|teamsize|p2|4
|start
|switch|p1a: Poison Foison|Sneasler, L50, M|100/100
|switch|p1b: Macho Nacho|Delphox, L50, M|100/100
|switch|p2a: Incineroar|Incineroar, L50, F|100/100
|switch|p2b: OVERTAKEN|Farigiraf, L50, F, shiny|100/100
|-ability|p2a: Incineroar|Intimidate|boost
|-unboost|p1a: Poison Foison|atk|1
|-unboost|p1b: Macho Nacho|atk|1
|turn|1
|inactive|efwefwefwefweifier has 30 seconds left.
|
|t:|1785662054
|switch|p1b: Merry Berry|Incineroar, L50, M, shiny|100/100
|-ability|p1b: Merry Berry|Intimidate|boost
|-unboost|p2a: Incineroar|atk|1
|-unboost|p2b: OVERTAKEN|atk|1
|move|p2a: Incineroar|Fake Out|p1a: Poison Foison
|-damage|p1a: Poison Foison|84/100
|cant|p1a: Poison Foison|flinch
|move|p2b: OVERTAKEN|Trick Room|p2b: OVERTAKEN
|-fieldstart|move: Trick Room|[of] p2b: OVERTAKEN
|
|upkeep
|turn|2
|
|t:|1785662070
|switch|p1a: Bartholomews|Hydreigon, L50, M, shiny|100/100
|move|p2b: OVERTAKEN|Protect|p2b: OVERTAKEN
|-singleturn|p2b: OVERTAKEN|Protect
|move|p1b: Merry Berry|Darkest Lariat|p2b: OVERTAKEN
|-activate|p2b: OVERTAKEN|move: Protect
|move|p2a: Incineroar|Flare Blitz|p1a: Bartholomews
|-resisted|p1a: Bartholomews|1
|-crit|p1a: Bartholomews
|-damage|p1a: Bartholomews|39/100
|-status|p1a: Bartholomews|brn
|-damage|p2a: Incineroar|83/100|[from] Recoil
|
|-damage|p1a: Bartholomews|33/100 brn|[from] brn
|upkeep
|turn|3
|
|t:|1785662090
|move|p2b: OVERTAKEN|Hyper Voice|p1a: Bartholomews|[spread] p1a,p1b
|-damage|p1a: Bartholomews|0 fnt
|-damage|p1b: Merry Berry|77/100
|faint|p1a: Bartholomews
|move|p1b: Merry Berry|Parting Shot|p2a: Incineroar
|-unboost|p2a: Incineroar|atk|1
|-unboost|p2a: Incineroar|spa|1
|
|t:|1785662096
|switch|p1b: Macho Nacho|Delphox, L50, M|100/100|[from] Parting Shot
|move|p2a: Incineroar|Parting Shot|p1b: Macho Nacho
|-unboost|p1b: Macho Nacho|atk|1
|-unboost|p1b: Macho Nacho|spa|1
|
|t:|1785662110
|switch|p2a: Venusaur|Venusaur, L50, F, shiny|100/100|[from] Parting Shot
|
|upkeep
|
|t:|1785662113
|switch|p1a: Merry Berry|Incineroar, L50, M, shiny|77/100
|-ability|p1a: Merry Berry|Intimidate|boost
|-unboost|p2a: Venusaur|atk|1
|-unboost|p2b: OVERTAKEN|atk|1
|turn|4
|
|t:|1785662122
|switch|p2a: Incineroar|Incineroar, L50, F|83/100
|-ability|p2a: Incineroar|Intimidate|boost
|-unboost|p1a: Merry Berry|atk|1
|-unboost|p1b: Macho Nacho|atk|1
|detailschange|p1b: Macho Nacho|Delphox-Mega, L50, M
|-mega|p1b: Macho Nacho|Delphox|Delphoxite
|move|p2b: OVERTAKEN|Hyper Voice|p1b: Macho Nacho|[spread] p1a,p1b
|-damage|p1a: Merry Berry|55/100
|-damage|p1b: Macho Nacho|73/100
|move|p1a: Merry Berry|Parting Shot|p2a: Incineroar
|-unboost|p2a: Incineroar|atk|1
|-unboost|p2a: Incineroar|spa|1
|
|t:|1785662132
|switch|p1a: Poison Foison|Sneasler, L50, M|84/100|[from] Parting Shot
|move|p1b: Macho Nacho|Nasty Plot|p1b: Macho Nacho
|-boost|p1b: Macho Nacho|spa|2
|
|upkeep
|turn|5
|inactive|AtrixMJ has 30 seconds left.
|inactive|AtrixMJ has 20 seconds left.
|inactive|AtrixMJ has 15 seconds left.
|
|t:|1785662175
|switch|p2b: Venusaur|Venusaur, L50, F, shiny|100/100
|switch|p1a: Merry Berry|Incineroar, L50, M, shiny|55/100
|-ability|p1a: Merry Berry|Intimidate|boost
|-unboost|p2a: Incineroar|atk|1
|-unboost|p2b: Venusaur|atk|1
|move|p2a: Incineroar|Parting Shot|p1a: Merry Berry
|-unboost|p1a: Merry Berry|atk|1
|-unboost|p1a: Merry Berry|spa|1
|
|t:|1785662190
|switch|p2a: OVERTAKEN|Farigiraf, L50, F, shiny|100/100|[from] Parting Shot
|move|p1b: Macho Nacho|Heat Wave|p2a: OVERTAKEN|[spread] p2a,p2b
|-supereffective|p2b: Venusaur|1
|-damage|p2a: OVERTAKEN|46/100
|-damage|p2b: Venusaur|0 fnt
|faint|p2b: Venusaur
|
|-fieldend|move: Trick Room
|upkeep
|
|t:|1785662194
|switch|p2b: HEATWAVES|Charizard, L50, F, shiny|100/100
|turn|6
|
|t:|1785662216
|switch|p2a: Incineroar|Incineroar, L50, F|83/100
|-ability|p2a: Incineroar|Intimidate|boost
|-unboost|p1a: Merry Berry|atk|1
|-unboost|p1b: Macho Nacho|atk|1
|move|p2b: HEATWAVES|Protect|p2b: HEATWAVES
|-singleturn|p2b: HEATWAVES|Protect
|move|p1b: Macho Nacho|Heat Wave|p2a: Incineroar|[spread] p2a
|-activate|p2b: HEATWAVES|move: Protect
|-resisted|p2a: Incineroar|1
|-damage|p2a: Incineroar|57/100
|move|p1a: Merry Berry|Parting Shot|p2b: HEATWAVES
|-activate|p2b: HEATWAVES|move: Protect
|
|upkeep
|turn|7
|inactive|AtrixMJ has 30 seconds left.
|
|t:|1785662249
|detailschange|p2b: HEATWAVES|Charizard-Mega-Y, L50, F, shiny
|-mega|p2b: HEATWAVES|Charizard|Charizardite Y
|-weather|SunnyDay|[from] ability: Drought|[of] p2b: HEATWAVES
|move|p1b: Macho Nacho|Protect|p1b: Macho Nacho
|-singleturn|p1b: Macho Nacho|Protect
|move|p2b: HEATWAVES|Heat Wave|p1a: Merry Berry|[spread] p1a
|-activate|p1b: Macho Nacho|move: Protect
|-resisted|p1a: Merry Berry|1
|-damage|p1a: Merry Berry|31/100
|-enditem|p1a: Merry Berry|Sitrus Berry|[eat]
|-heal|p1a: Merry Berry|56/100|[from] item: Sitrus Berry
|move|p2a: Incineroar|Flare Blitz|p1a: Merry Berry
|-resisted|p1a: Merry Berry|1
|-damage|p1a: Merry Berry|7/100
|-damage|p2a: Incineroar|40/100|[from] Recoil
|move|p1a: Merry Berry|Parting Shot|p2b: HEATWAVES
|-unboost|p2b: HEATWAVES|atk|1
|-unboost|p2b: HEATWAVES|spa|1
|-message|AtrixMJ forfeited.
|raw|efwefwefwefweifier's rating: 1371 → 1391(+20 for winning)
|raw|AtrixMJ's rating: 1373 → 1353(-20 for losing)
|
|win|efwefwefwefweifier
|l|☆AtrixMJ
|player|p2|
