|j|☆waffobaffo
|j|☆FenneccyFoxMV
|html|waffobaffoFenneccyFoxMV    
|uhtml|bestof|Game 3 of a best-of-3
|t:|1783038049
|gametype|doubles
|player|p1|waffobaffo|pokemonbreeder-gen4|
|player|p2|FenneccyFoxMV|265|
|gen|9
|tier|[Gen 9 Champions] VGC 2026 Reg M-B (Bo3)
|rule|Species Clause: Limit one of each Pokémon
|rule|Item Clause: Limit 1 of each item
|clearpoke
|poke|p1|Whimsicott, L50, F|
|poke|p1|Basculegion, L50, M|
|poke|p1|Mawile, L50, M|
|poke|p1|Raichu, L50, F|
|poke|p1|Runerigus, L50, F|
|poke|p1|Sinistcha, L50|
|poke|p2|Morpeko, L50, M|
|poke|p2|Tinkaton, L50, F|
|poke|p2|Vanilluxe, L50, M|
|poke|p2|Delphox, L50, M|
|poke|p2|Primarina, L50, F|
|poke|p2|Tsareena, L50, F|
|teampreview|4
|showteam|p1|Whimsicott||FocusSash|Prankster|Protect,DazzlingGleam,Endeavor,Tailwind|Bold||F|||50|]Basculegion||MysticWater|Adaptability|LastRespects,AquaJet,WaveCrash,Protect|Adamant||M|||50|]Mawile||Mawilite|HyperCutter|SwordsDance,PlayRough,SuckerPunch,IronHead|Adamant||M|||50|]Raichu||RaichuniteY|Static|Protect,FakeOut,FocusBlast,ZapCannon|Hasty||F|||50|]Runerigus||ColburBerry|WanderingSpirit|Protect,TrickRoom,Poltergeist,WillOWisp|Sassy||F|||50|]Sinistcha||SitrusBerry|Hospitality|RagePowder,MatchaGotcha,LifeDew,TrickRoom|Relaxed|||||50|
|showteam|p2|Morpeko||FocusSash|HungerSwitch|FakeOut,KnockOff,AuraWheel,Protect|Jolly||M|||50|]Tinkaton||OccaBerry|MoldBreaker|GigatonHammer,FakeOut,Encore,Feint|Jolly||F|||50|]Vanilluxe||ChoiceScarf|SnowWarning|Blizzard,FreezeDry,IcyWind,IceShard|Timid||M|||50|]Delphox||Delphoxite|Blaze|HeatWave,Psychic,NastyPlot,Protect|Timid||M|||50|]Primarina||Leftovers|LiquidVoice|HyperVoice,CalmMind,Moonblast,Protect|Modest||F|||50|]Tsareena||WideLens|QueenlyMajesty|Taunt,PowerWhip,HighJumpKick,Protect|Adamant||F|||50|
|
|t:|1783038092
|teamsize|p1|4
|teamsize|p2|4
|start
|switch|p1a: Runerigus|Runerigus, L50, F|100/100
|switch|p1b: Mawile|Mawile, L50, M|100/100
|switch|p2a: Tinkaton|Tinkaton, L50, F|100/100
|switch|p2b: Vanilluxe|Vanilluxe, L50, M|100/100
|-weather|Snowscape|[from] ability: Snow Warning|[of] p2b: Vanilluxe
|-ability|p2a: Tinkaton|Mold Breaker
|turn|1
|
|t:|1783038164
|detailschange|p1b: Mawile|Mawile-Mega, L50, M
|-mega|p1b: Mawile|Mawile|Mawilite
|move|p2a: Tinkaton|Fake Out|p1b: Mawile
|-resisted|p1b: Mawile|1
|-damage|p1b: Mawile|96/100
|move|p2b: Vanilluxe|Blizzard|p1a: Runerigus|[spread] p1a,p1b
|-supereffective|p1a: Runerigus|1
|-resisted|p1b: Mawile|1
|-damage|p1a: Runerigus|51/100
|-damage|p1b: Mawile|78/100
|cant|p1b: Mawile|flinch
|move|p1a: Runerigus|Trick Room|p1a: Runerigus
|-fieldstart|move: Trick Room|[of] p1a: Runerigus
|
|-weather|Snowscape|[upkeep]
|upkeep
|turn|2
|
|t:|1783038215
|switch|p2b: Primarina|Primarina, L50, F|100/100
|move|p1a: Runerigus|Will-O-Wisp|p2a: Tinkaton
|-status|p2a: Tinkaton|brn
|move|p1b: Mawile|Iron Head|p2b: Primarina
|-damage|p2b: Primarina|27/100
|move|p2a: Tinkaton|Encore|p1a: Runerigus
|-start|p1a: Runerigus|Encore
|
|-weather|Snowscape|[upkeep]
|-heal|p2b: Primarina|33/100|[from] item: Leftovers
|-damage|p2a: Tinkaton|94/100 brn|[from] brn
|upkeep
|turn|3
|
|t:|1783038261
|switch|p1a: Sinistcha|Sinistcha, L50|100/100
|-heal|p1b: Mawile|100/100|[from] ability: Hospitality|[of] p1a: Sinistcha
|move|p2b: Primarina|Protect|p2b: Primarina
|-singleturn|p2b: Primarina|Protect
|move|p1b: Mawile|Play Rough|p2b: Primarina
|-activate|p2b: Primarina|move: Protect
|move|p2a: Tinkaton|Gigaton Hammer|p1a: Sinistcha
|-damage|p1a: Sinistcha|84/100
|
|-weather|Snowscape|[upkeep]
|-heal|p2b: Primarina|39/100|[from] item: Leftovers
|-damage|p2a: Tinkaton|88/100 brn|[from] brn
|upkeep
|turn|4
|
|t:|1783038299
|switch|p2b: Tsareena|Tsareena, L50, F|100/100
|switch|p2a: Vanilluxe|Vanilluxe, L50, M|100/100
|move|p1b: Mawile|Swords Dance|p1b: Mawile
|-boost|p1b: Mawile|atk|2
|move|p1a: Sinistcha|Matcha Gotcha|p2a: Vanilluxe|[spread] p2a,p2b
|-resisted|p2b: Tsareena|1
|-damage|p2a: Vanilluxe|69/100
|-heal|p1a: Sinistcha|99/100|[from] drain|[of] p2a: Vanilluxe
|-damage|p2b: Tsareena|85/100
|-heal|p1a: Sinistcha|100/100|[from] drain|[of] p2b: Tsareena
|
|-weather|Snowscape|[upkeep]
|upkeep
|turn|5
|
|t:|1783038332
|switch|p2a: Tinkaton|Tinkaton, L50, F|88/100 brn
|-ability|p2a: Tinkaton|Mold Breaker
|move|p2b: Tsareena|Protect|p2b: Tsareena
|-singleturn|p2b: Tsareena|Protect
|move|p1b: Mawile|Iron Head|p2a: Tinkaton
|-crit|p2a: Tinkaton
|-damage|p2a: Tinkaton|0 fnt
|faint|p2a: Tinkaton
|move|p1a: Sinistcha|Matcha Gotcha|p2b: Tsareena
|-activate|p2b: Tsareena|move: Protect
|
|-weather|none
|-fieldend|move: Trick Room
|upkeep
|
|t:|1783038356
|switch|p2a: Vanilluxe|Vanilluxe, L50, M|69/100
|-weather|Snowscape|[from] ability: Snow Warning|[of] p2a: Vanilluxe
|turn|6
|
|t:|1783038377
|move|p2a: Vanilluxe|Icy Wind|p1b: Mawile|[spread] p1a,p1b
|-supereffective|p1a: Sinistcha|1
|-resisted|p1b: Mawile|1
|-damage|p1a: Sinistcha|62/100
|-damage|p1b: Mawile|90/100
|-unboost|p1a: Sinistcha|spe|1
|-unboost|p1b: Mawile|spe|1
|move|p2b: Tsareena|High Jump Kick|p1b: Mawile
|-damage|p1b: Mawile|45/100
|move|p1b: Mawile|Play Rough|p2b: Tsareena
|-damage|p2b: Tsareena|0 fnt
|faint|p2b: Tsareena
|move|p1a: Sinistcha|Trick Room|p1a: Sinistcha
|-fieldstart|move: Trick Room|[of] p1a: Sinistcha
|
|-weather|Snowscape|[upkeep]
|upkeep
|
|t:|1783038406
|switch|p2b: Primarina|Primarina, L50, F|39/100
|turn|7
|
|t:|1783038420
|move|p1b: Mawile|Iron Head|p2a: Vanilluxe
|-supereffective|p2a: Vanilluxe|1
|-damage|p2a: Vanilluxe|0 fnt
|faint|p2a: Vanilluxe
|move|p1a: Sinistcha|Matcha Gotcha|p2b: Primarina|[miss]
|-miss|p1a: Sinistcha|p2b: Primarina
|move|p2b: Primarina|Hyper Voice|p1a: Sinistcha|[spread] p1a,p1b
|-resisted|p1a: Sinistcha|1
|-damage|p1a: Sinistcha|42/100
|-damage|p1b: Mawile|5/100
|-enditem|p1a: Sinistcha|Sitrus Berry|[eat]
|-heal|p1a: Sinistcha|66/100|[from] item: Sitrus Berry
|
|-weather|Snowscape|[upkeep]
|-heal|p2b: Primarina|44/100|[from] item: Leftovers
|upkeep
|turn|8
|
|t:|1783038443
|move|p1b: Mawile|Iron Head|p2b: Primarina
|-damage|p2b: Primarina|0 fnt
|faint|p2b: Primarina
|
|win|waffobaffo
