|j|☆itbeasher
|j|☆hexagonfoot
|html|itbeasherhexagonfoot    
|uhtml|bestof|Game 2 of a best-of-3
|t:|1757083064
|gametype|doubles
|player|p1|itbeasher|1|1177
|player|p2|hexagonfoot|caitlin|1164
|gen|9
|tier|[Gen 9] VGC 2025 Reg H (Bo3)
|rated|
|rule|Species Clause: Limit one of each Pokémon
|rule|Item Clause: Limit 1 of each item
|clearpoke
|poke|p1|Whimsicott, L50, M|
|poke|p1|Typhlosion-Hisui, L50, F|
|poke|p1|Sneasler, L50, M|
|poke|p1|Indeedee, L50, M|
|poke|p1|Dondozo, L50, M|
|poke|p1|Tatsugiri, L50, F|
|poke|p2|Kingambit, L50, F|
|poke|p2|Primarina, L50, M|
|poke|p2|Sneasler, L50, M|
|poke|p2|Magmar, L50, F|
|poke|p2|Rillaboom, L50, M|
|poke|p2|Dragapult, L50, M|
|teampreview|4
|showteam|p1|Whimsicott||CovertCloak|Prankster|Tailwind,Moonblast,SunnyDay,Taunt|||M|||50|,,,,,Water]Typhlosion-Hisui||ChoiceSpecs|Blaze|Eruption,HeatWave,ShadowBall,Flamethrower|||F|||50|,,,,,Fire]Sneasler||PsychicSeed|Unburden|DireClaw,CloseCombat,ThroatChop,Coaching|||M|||50|,,,,,Dark]Indeedee||ChoiceScarf|PsychicSurge|ExpandingForce,TeraBlast,Trick,DazzlingGleam|||M|||50|,,,,,Psychic]Dondozo||Leftovers|Unaware|Protect,HeavySlam,WaveCrash,Earthquake|||M|||50|,,,,,Steel]Tatsugiri||FocusSash|Commander|MuddyWater,DracoMeteor,IcyWind,DragonPulse|||F|||50|,,,,,Steel
|showteam|p2|Kingambit||BlackGlasses|Defiant|KowtowCleave,SuckerPunch,SwordsDance,Protect|||F|||50|,,,,,Ghost]Primarina||SitrusBerry|LiquidVoice|HyperVoice,Moonblast,Haze,Protect|||M|||50|,,,,,Water]Sneasler||FocusSash|PoisonTouch|CloseCombat,DireClaw,FakeOut,Protect|||M|||50|,,,,,Stellar]Magmar||Eviolite|VitalSpirit|Overheat,WillOWisp,FollowMe,Protect|||F|||50|,,,,,Ghost]Rillaboom||AssaultVest|GrassySurge|WoodHammer,GrassyGlide,HighHorsepower,FakeOut|||M|||50|,,,,,Fire]Dragapult||ChoiceBand|ClearBody|DragonDarts,PhantomForce,TeraBlast,Uturn|||M|||50|,,,,,Ghost
|inactive|Battle timer is ON: inactive players will automatically lose when time's up. (requested by hexagonfoot)
|
|t:|1757083079
|teamsize|p1|4
|teamsize|p2|4
|start
|switch|p1a: Indeedee|Indeedee, L50, M|100/100
|switch|p1b: Sneasler|Sneasler, L50, M|100/100
|switch|p2a: Syon Lane|Magmar, L50, F|100/100
|switch|p2b: Headstone Lane|Dragapult, L50, M|100/100
|-fieldstart|move: Psychic Terrain|[from] ability: Psychic Surge|[of] p1a: Indeedee
|-enditem|p1b: Sneasler|Psychic Seed
|-boost|p1b: Sneasler|spd|1|[from] item: Psychic Seed
|turn|1
|
|t:|1757083089
|switch|p2b: Hampstead Heath|Rillaboom, L50, M|100/100
|-fieldstart|move: Grassy Terrain|[from] ability: Grassy Surge|[of] p2b: Hampstead Heath
|-terastallize|p1b: Sneasler|Dark
|move|p1b: Sneasler|Throat Chop|p2b: Hampstead Heath
|-damage|p2b: Hampstead Heath|54/100
|-start|p2b: Hampstead Heath|Throat Chop|[silent]
|move|p1a: Indeedee|Expanding Force|p2b: Hampstead Heath
|-damage|p2b: Hampstead Heath|25/100
|move|p2a: Syon Lane|Will-O-Wisp|p1b: Sneasler|[miss]
|-miss|p2a: Syon Lane|p1b: Sneasler
|
|-heal|p2b: Hampstead Heath|31/100|[from] Grassy Terrain
|upkeep
|turn|2
|inactive|hexagonfoot has 30 seconds left.
|
|t:|1757083120
|move|p2a: Syon Lane|Follow Me|p2a: Syon Lane
|-singleturn|p2a: Syon Lane|move: Follow Me
|move|p1b: Sneasler|Dire Claw|p2a: Syon Lane
|-damage|p2a: Syon Lane|60/100
|move|p1a: Indeedee|Expanding Force|p2a: Syon Lane
|-damage|p2a: Syon Lane|28/100
|move|p2b: Hampstead Heath|Wood Hammer|p1b: Sneasler
|-damage|p1b: Sneasler|0 fnt
|faint|p1b: Sneasler
|-damage|p2b: Hampstead Heath|5/100|[from] Recoil
|
|-heal|p2a: Syon Lane|34/100|[from] Grassy Terrain
|-heal|p2b: Hampstead Heath|11/100|[from] Grassy Terrain
|-end|p2b: Hampstead Heath|Throat Chop|[silent]
|upkeep
|
|t:|1757083128
|switch|p1b: Dondozo|Dondozo, L50, M|100/100
|turn|3
|inactive|hexagonfoot has 30 seconds left.
|
|t:|1757083155
|move|p1b: Dondozo|Protect|p1b: Dondozo
|-singleturn|p1b: Dondozo|Protect
|move|p2b: Hampstead Heath|Grassy Glide|p1b: Dondozo
|-activate|p1b: Dondozo|move: Protect
|move|p1a: Indeedee|Expanding Force|p2b: Hampstead Heath
|-damage|p2b: Hampstead Heath|0 fnt
|faint|p2b: Hampstead Heath
|move|p2a: Syon Lane|Overheat|p1b: Dondozo
|-activate|p1b: Dondozo|move: Protect
|
|-heal|p2a: Syon Lane|39/100|[from] Grassy Terrain
|upkeep
|
|t:|1757083174
|switch|p2b: Canary Wharf|Primarina, L50, M|100/100
|turn|4
|
|t:|1757083185
|switch|p1a: Tatsugiri|Tatsugiri, L50, F|100/100
|-activate|p1a: Tatsugiri|ability: Commander|[of] p1b: Dondozo
|-boost|p1b: Dondozo|atk|2
|-boost|p1b: Dondozo|spa|2
|-boost|p1b: Dondozo|spe|2
|-boost|p1b: Dondozo|def|2
|-boost|p1b: Dondozo|spd|2
|-terastallize|p2b: Canary Wharf|Water
|move|p2a: Syon Lane|Follow Me|p2a: Syon Lane
|-singleturn|p2a: Syon Lane|move: Follow Me
|move|p1b: Dondozo|Earthquake|p2a: Syon Lane|[spread] p2a,p2b
|-miss|p1b: Dondozo|p1a: Tatsugiri
|-supereffective|p2a: Syon Lane
|-damage|p2a: Syon Lane|5/100
|-damage|p2b: Canary Wharf|75/100
|move|p2b: Canary Wharf|Hyper Voice|p1a: Tatsugiri|[spread] p1b
|-miss|p2b: Canary Wharf|p1a: Tatsugiri
|-resisted|p1b: Dondozo
|-damage|p1b: Dondozo|88/100
|
|-heal|p1b: Dondozo|94/100|[from] Grassy Terrain
|-heal|p1b: Dondozo|100/100|[from] item: Leftovers
|-heal|p2a: Syon Lane|10/100|[from] Grassy Terrain
|-heal|p2b: Canary Wharf|81/100|[from] Grassy Terrain
|upkeep
|turn|5
|
|t:|1757083206
|move|p2a: Syon Lane|Protect|p2a: Syon Lane
|-singleturn|p2a: Syon Lane|Protect
|move|p1b: Dondozo|Earthquake|p2b: Canary Wharf|[spread] p2b
|-miss|p1b: Dondozo|p1a: Tatsugiri
|-activate|p2a: Syon Lane|move: Protect
|-damage|p2b: Canary Wharf|60/100
|move|p2b: Canary Wharf|Haze|p2b: Canary Wharf
|-clearallboost
|
|-heal|p2a: Syon Lane|16/100|[from] Grassy Terrain
|-heal|p2b: Canary Wharf|66/100|[from] Grassy Terrain
|-fieldend|move: Grassy Terrain
|upkeep
|turn|6
|inactive|hexagonfoot has 30 seconds left.
|
|t:|1757083237
|move|p2a: Syon Lane|Will-O-Wisp|p1b: Dondozo
|-status|p1b: Dondozo|brn
|move|p2b: Canary Wharf|Moonblast|p1b: Dondozo
|-damage|p1b: Dondozo|52/100 brn
|move|p1b: Dondozo|Earthquake|p2b: Canary Wharf|[spread] p2a,p2b
|-miss|p1b: Dondozo|p1a: Tatsugiri
|-supereffective|p2a: Syon Lane
|-damage|p2a: Syon Lane|0 fnt
|-damage|p2b: Canary Wharf|55/100
|faint|p2a: Syon Lane
|
|-heal|p1b: Dondozo|58/100 brn|[from] item: Leftovers
|-damage|p1b: Dondozo|52/100 brn|[from] brn
|upkeep
|
|t:|1757083246
|switch|p2a: Headstone Lane|Dragapult, L50, M|100/100
|turn|7
|
|t:|1757083255
|move|p2b: Canary Wharf|Protect|p2b: Canary Wharf
|-singleturn|p2b: Canary Wharf|Protect
|move|p2a: Headstone Lane|Dragon Darts|p1b: Dondozo
|-damage|p1b: Dondozo|24/100 brn
|-anim|p2a: Headstone Lane|Dragon Darts|p1b: Dondozo
|-damage|p1b: Dondozo|0 fnt
|faint|p1b: Dondozo
|
|upkeep
|
|t:|1757083261
|switch|p1b: Indeedee|Indeedee, L50, M|100/100
|-fieldstart|move: Psychic Terrain|[from] ability: Psychic Surge|[of] p1b: Indeedee
|turn|8
|
|t:|1757083275
|move|p1b: Indeedee|Expanding Force|p2a: Headstone Lane|[spread] p2a,p2b
|-damage|p2a: Headstone Lane|14/100
|-damage|p2b: Canary Wharf|6/100
|-enditem|p2b: Canary Wharf|Sitrus Berry|[eat]
|-heal|p2b: Canary Wharf|31/100|[from] item: Sitrus Berry
|move|p2a: Headstone Lane|Dragon Darts|p1b: Indeedee
|-damage|p1b: Indeedee|18/100
|-anim|p2a: Headstone Lane|Dragon Darts|p1a: Tatsugiri
|-supereffective|p1a: Tatsugiri
|-enditem|p1a: Tatsugiri|Focus Sash
|-damage|p1a: Tatsugiri|1/100
|move|p1a: Tatsugiri|Icy Wind|p2b: Canary Wharf|[spread] p2a,p2b
|-supereffective|p2a: Headstone Lane
|-resisted|p2b: Canary Wharf
|-damage|p2a: Headstone Lane|0 fnt
|-damage|p2b: Canary Wharf|25/100
|-unboost|p2b: Canary Wharf|spe|1
|faint|p2a: Headstone Lane
|move|p2b: Canary Wharf|Moonblast|p1a: Tatsugiri
|-supereffective|p1a: Tatsugiri
|-damage|p1a: Tatsugiri|0 fnt
|faint|p1a: Tatsugiri
|
|upkeep
|turn|9
|-message|hexagonfoot forfeited.
|
|win|itbeasher
||hexagonfoot is ready for game 3.
|inactive|itbeasher has 30 seconds to confirm battle start!
||itbeasher is ready for game 3.
|uhtml|next|Next: Game 3 of 3
|l|☆itbeasher
|player|p1|
