|j|☆MagickeySY
|j|☆ProtoZeroYT
|html|MagickeySYProtoZeroYT    
|uhtml|bestof|Game 2 of a best-of-3
|t:|1756744880
|gametype|doubles
|player|p1|MagickeySY|steven|1021
|player|p2|ProtoZeroYT|miku-flying|1111
|gen|9
|tier|[Gen 9] VGC 2025 Reg H (Bo3)
|rated|
|rule|Species Clause: Limit one of each Pokémon
|rule|Item Clause: Limit 1 of each item
|clearpoke
|poke|p1|Ursaluna-Bloodmoon, L50, M|
|poke|p1|Whimsicott, L50, F|
|poke|p1|Sneasler, L50, F|
|poke|p1|Annihilape, L50, M|
|poke|p1|Rillaboom, L50, M|
|poke|p1|Dragonite, L50, M|
|poke|p2|Sneasler, L50, M|
|poke|p2|Indeedee, L50, M|
|poke|p2|Volcarona, L50, F|
|poke|p2|Ursaluna-Bloodmoon, L50, M|
|poke|p2|Annihilape, L50, M|
|poke|p2|Tyranitar, L50, M|
|teampreview|4
|showteam|p1|Ursaluna-Bloodmoon||LifeOrb|MindsEye|BloodMoon,HyperVoice,EarthPower,Protect|||M|||50|,,,,,Normal]Whimsicott||CovertCloak|Prankster|Moonblast,Endeavor,LightScreen,Tailwind|||F|||50|,,,,,Dark]Sneasler||FocusSash|Unburden|FakeOut,Coaching,CloseCombat,DireClaw|||F|||50|,,,,,Fighting]Annihilape||Leftovers|Defiant|DrainPunch,RageFist,BulkUp,Protect|||M|||50|,,,,,Water]Rillaboom||AssaultVest|GrassySurge|FakeOut,GrassyGlide,WoodHammer,HighHorsepower|||M|||50|,,,,,Fire]Dragonite||LoadedDice|InnerFocus|ExtremeSpeed,ScaleShot,Haze,Protect|||M|||50|,,,,,Normal
|showteam|p2|Sneasler||PsychicSeed|Unburden|CloseCombat,DireClaw,ThroatChop,Protect|||M|||50|,,,,,Dark]Indeedee||ChoiceScarf|PsychicSurge|ExpandingForce,TeraBlast,Trick,Protect|||M|||50|,,,,,Psychic]Volcarona||SitrusBerry|FlameBody|Overheat,StruggleBug,RagePowder,Tailwind|||F|||50|,,,,,Grass]Ursaluna-Bloodmoon||LifeOrb|MindsEye|BloodMoon,HyperVoice,EarthPower,Protect|||M|||50|,,,,,Normal]Annihilape||SafetyGoggles|Defiant|CloseCombat,RageFist,Taunt,FinalGambit|||M|||50|,,,,,Fairy]Tyranitar||AssaultVest|SandStream|RockSlide,KnockOff,TeraBlast,LowKick|||M|||50|,,,,,Flying
|inactive|Battle timer is ON: inactive players will automatically lose when time's up. (requested by ProtoZeroYT)
|
|t:|1756744926
|teamsize|p1|4
|teamsize|p2|4
|start
|switch|p1a: Ursaluna|Ursaluna-Bloodmoon, L50, M|100/100
|switch|p1b: Sneasler|Sneasler, L50, F|100/100
|switch|p2a: Volcarona|Volcarona, L50, F|100/100
|switch|p2b: Annihilape|Annihilape, L50, M|100/100
|turn|1
|inactive|ProtoZeroYT has 30 seconds left.
|
|t:|1756744951
|move|p1b: Sneasler|Dire Claw|p2b: Annihilape
|-resisted|p2b: Annihilape
|-damage|p2b: Annihilape|76/100
|-status|p2b: Annihilape|psn
|move|p2a: Volcarona|Struggle Bug|p1a: Ursaluna|[spread] p1a,p1b
|-resisted|p1b: Sneasler
|-damage|p1a: Ursaluna|81/100
|-damage|p1b: Sneasler|95/100
|-unboost|p1a: Ursaluna|spa|1
|-unboost|p1b: Sneasler|spa|1
|move|p2b: Annihilape|Final Gambit|p1a: Ursaluna
|-damage|p1a: Ursaluna|0 fnt
|faint|p2b: Annihilape
|faint|p1a: Ursaluna
|
|upkeep
|
|t:|1756744967
|switch|p2b: Tyranitar|Tyranitar, L50, M|100/100
|switch|p1a: Annihilape|Annihilape, L50, M|100/100
|-weather|Sandstorm|[from] ability: Sand Stream|[of] p2b: Tyranitar
|turn|2
|
|t:|1756744991
|-terastallize|p1a: Annihilape|Water
|-terastallize|p2b: Tyranitar|Flying
|move|p1b: Sneasler|Coaching|p1a: Annihilape
|-boost|p1a: Annihilape|atk|1
|-boost|p1a: Annihilape|def|1
|move|p2a: Volcarona|Tailwind|p2a: Volcarona
|-sidestart|p2: ProtoZeroYT|move: Tailwind
|move|p2b: Tyranitar|Tera Blast|p1b: Sneasler|[anim] Tera Blast Flying
|-supereffective|p1b: Sneasler
|-damage|p1b: Sneasler|0 fnt
|faint|p1b: Sneasler
|move|p1a: Annihilape|Bulk Up|p1a: Annihilape
|-boost|p1a: Annihilape|atk|1
|-boost|p1a: Annihilape|def|1
|
|-weather|Sandstorm|[upkeep]
|-damage|p2a: Volcarona|94/100|[from] Sandstorm
|-damage|p2b: Tyranitar|95/100|[from] Sandstorm
|-damage|p1a: Annihilape|94/100|[from] Sandstorm
|-heal|p1a: Annihilape|100/100|[from] item: Leftovers
|upkeep
|
|t:|1756745009
|switch|p1b: Rillaboom|Rillaboom, L50, M|100/100
|-fieldstart|move: Grassy Terrain|[from] ability: Grassy Surge|[of] p1b: Rillaboom
|turn|3
|inactive|MagickeySY has 30 seconds left.
|inactive|ProtoZeroYT has 30 seconds left.
|
|t:|1756745038
|move|p1b: Rillaboom|Fake Out|p2b: Tyranitar
|-damage|p2b: Tyranitar|82/100
|move|p2a: Volcarona|Rage Powder|p2a: Volcarona
|-singleturn|p2a: Volcarona|move: Rage Powder
|cant|p2b: Tyranitar|flinch
|move|p1a: Annihilape|Rage Fist|p2a: Volcarona
|-damage|p2a: Volcarona|47/100
|-status|p1a: Annihilape|brn|[from] ability: Flame Body|[of] p2a: Volcarona
|-enditem|p2a: Volcarona|Sitrus Berry|[eat]
|-heal|p2a: Volcarona|72/100|[from] item: Sitrus Berry
|
|-weather|Sandstorm|[upkeep]
|-damage|p2a: Volcarona|66/100|[from] Sandstorm
|-damage|p2b: Tyranitar|76/100|[from] Sandstorm
|-damage|p1a: Annihilape|94/100 brn|[from] Sandstorm
|-damage|p1b: Rillaboom|95/100|[from] Sandstorm
|-heal|p2a: Volcarona|72/100|[from] Grassy Terrain
|-heal|p1a: Annihilape|100/100 brn|[from] Grassy Terrain
|-heal|p1b: Rillaboom|100/100|[from] Grassy Terrain
|-damage|p1a: Annihilape|94/100 brn|[from] brn
|upkeep
|turn|4
|inactive|MagickeySY has 30 seconds left.
|
|t:|1756745067
|move|p2a: Volcarona|Rage Powder|p2a: Volcarona
|-singleturn|p2a: Volcarona|move: Rage Powder
|move|p2b: Tyranitar|Tera Blast|p1b: Rillaboom|[anim] Tera Blast Flying
|-supereffective|p1b: Rillaboom
|-damage|p1b: Rillaboom|15/100
|move|p1a: Annihilape|Bulk Up|p1a: Annihilape
|-boost|p1a: Annihilape|atk|1
|-boost|p1a: Annihilape|def|1
|move|p1b: Rillaboom|High Horsepower|p2a: Volcarona
|-damage|p2a: Volcarona|30/100
|
|-weather|Sandstorm|[upkeep]
|-damage|p2a: Volcarona|24/100|[from] Sandstorm
|-damage|p2b: Tyranitar|70/100|[from] Sandstorm
|-damage|p1a: Annihilape|88/100 brn|[from] Sandstorm
|-damage|p1b: Rillaboom|10/100|[from] Sandstorm
|-heal|p2a: Volcarona|30/100|[from] Grassy Terrain
|-heal|p1a: Annihilape|94/100 brn|[from] Grassy Terrain
|-heal|p1a: Annihilape|100/100 brn|[from] item: Leftovers
|-heal|p1b: Rillaboom|15/100|[from] Grassy Terrain
|-damage|p1a: Annihilape|94/100 brn|[from] brn
|upkeep
|turn|5
|inactive|MagickeySY has 30 seconds left.
|inactive|ProtoZeroYT has 30 seconds left.
|inactive|MagickeySY has 20 seconds left.
|inactive|ProtoZeroYT has 20 seconds left.
|inactive|MagickeySY has 15 seconds left.
|inactive|ProtoZeroYT has 15 seconds left.
|inactive|MagickeySY has 10 seconds left.
|
|t:|1756745112
|move|p1b: Rillaboom|Grassy Glide|p2b: Tyranitar
|-resisted|p2b: Tyranitar
|-damage|p2b: Tyranitar|54/100
|move|p2a: Volcarona|Overheat|p1b: Rillaboom
|-supereffective|p1b: Rillaboom
|-damage|p1b: Rillaboom|0 fnt
|-unboost|p2a: Volcarona|spa|2
|faint|p1b: Rillaboom
|move|p2b: Tyranitar|Knock Off|p1a: Annihilape
|-damage|p1a: Annihilape|72/100 brn
|-enditem|p1a: Annihilape|Leftovers|[from] move: Knock Off|[of] p2b: Tyranitar
|move|p1a: Annihilape|Bulk Up|p1a: Annihilape
|-boost|p1a: Annihilape|atk|1
|-boost|p1a: Annihilape|def|1
|
|-weather|Sandstorm|[upkeep]
|-damage|p2a: Volcarona|24/100|[from] Sandstorm
|-damage|p2b: Tyranitar|48/100|[from] Sandstorm
|-damage|p1a: Annihilape|66/100 brn|[from] Sandstorm
|-heal|p2a: Volcarona|30/100|[from] Grassy Terrain
|-heal|p1a: Annihilape|72/100 brn|[from] Grassy Terrain
|-damage|p1a: Annihilape|66/100 brn|[from] brn
|-sideend|p2: ProtoZeroYT|move: Tailwind
|upkeep
|turn|6
|inactive|ProtoZeroYT has 30 seconds left.
|inactive|ProtoZeroYT has 20 seconds left.
|
|t:|1756745149
|move|p2a: Volcarona|Tailwind|p2a: Volcarona
|-sidestart|p2: ProtoZeroYT|move: Tailwind
|move|p2b: Tyranitar|Knock Off|p1a: Annihilape
|-damage|p1a: Annihilape|53/100 brn
|move|p1a: Annihilape|Drain Punch|p2a: Volcarona
|-resisted|p2a: Volcarona
|-damage|p2a: Volcarona|4/100
|-heal|p1a: Annihilape|64/100 brn|[from] drain|[of] p2a: Volcarona
|
|-weather|none
|-heal|p2a: Volcarona|10/100|[from] Grassy Terrain
|-heal|p1a: Annihilape|70/100 brn|[from] Grassy Terrain
|-damage|p1a: Annihilape|64/100 brn|[from] brn
|upkeep
|turn|7
|inactive|MagickeySY has 30 seconds left.
|inactive|MagickeySY has 20 seconds left.
|inactive|ProtoZeroYT has 30 seconds left.
|inactive|MagickeySY has 15 seconds left.
|inactive|MagickeySY has 10 seconds left.
|inactive|ProtoZeroYT has 20 seconds left.
|inactive|MagickeySY has 5 seconds left.
|inactive|ProtoZeroYT has 15 seconds left.
|
|t:|1756745202
|move|p2a: Volcarona|Overheat|p1a: Annihilape
|-resisted|p1a: Annihilape
|-damage|p1a: Annihilape|50/100 brn
|-unboost|p2a: Volcarona|spa|2
|move|p2b: Tyranitar|Tera Blast|p1a: Annihilape|[anim] Tera Blast Flying
|-damage|p1a: Annihilape|34/100 brn
|move|p1a: Annihilape|Drain Punch|p2a: Volcarona
|-resisted|p2a: Volcarona
|-damage|p2a: Volcarona|0 fnt
|-heal|p1a: Annihilape|39/100 brn|[from] drain|[of] p2a: Volcarona
|faint|p2a: Volcarona
|
|-heal|p1a: Annihilape|45/100 brn|[from] Grassy Terrain
|-damage|p1a: Annihilape|39/100 brn|[from] brn
|-fieldend|move: Grassy Terrain
|upkeep
|
|t:|1756745210
|switch|p2a: Ursaluna|Ursaluna-Bloodmoon, L50, M|100/100
|turn|8
|inactive|ProtoZeroYT has 30 seconds left.
|
|t:|1756745238
|move|p2b: Tyranitar|Knock Off|p1a: Annihilape
|-damage|p1a: Annihilape|26/100 brn
|move|p2a: Ursaluna|Hyper Voice|p1a: Annihilape
|-damage|p1a: Annihilape|0 fnt
|faint|p1a: Annihilape
|-damage|p2a: Ursaluna|91/100|[from] item: Life Orb
|
|win|ProtoZeroYT
|raw|MagickeySY's rating: 1021 → 1011(-10 for losing)
|raw|ProtoZeroYT's rating: 1111 → 1130(+19 for winning)
|c|☆ProtoZeroYT|gg
