|j|☆KPR21
|j|☆TylerLiwan5
|html|KPR21TylerLiwan5    
|uhtml|bestof|Game 2 of a best-of-3
|t:|1783909242
|gametype|doubles
|player|p1|KPR21|marshal|1206
|player|p2|TylerLiwan5|102|1137
|gen|9
|tier|[Gen 9 Champions] VGC 2026 Reg M-B (Bo3)
|rated|
|rule|Species Clause: Limit one of each Pokémon
|rule|Item Clause: Limit 1 of each item
|clearpoke
|poke|p1|Torkoal, L50, F|
|poke|p1|Pyroar, L50, F|
|poke|p1|Whimsicott, L50, F|
|poke|p1|Farigiraf, L50, F|
|poke|p1|Mamoswine, L50, F|
|poke|p1|Vileplume, L50, F|
|poke|p2|Staraptor, L50, M|
|poke|p2|Whimsicott, L50, F, shiny|
|poke|p2|Ceruledge, L50, M|
|poke|p2|Farigiraf, L50, M|
|poke|p2|Garchomp, L50, M|
|poke|p2|Metagross, L50, shiny|
|teampreview|4
|showteam|p1|Torkoal||Charcoal|Drought|Protect,HelpingHand,Eruption,Flamethrower|Modest||F|||50|]Pyroar||Pyroarite|Unnerve|HeatWave,SolarBeam,Overheat,Protect|Timid||F|||50|]Whimsicott||FocusSash|Prankster|Moonblast,SunnyDay,Tailwind,Protect|Timid||F|||50|]Farigiraf||SitrusBerry|ArmorTail|Psychic,Thunderbolt,TrickRoom,HelpingHand|Bold||F|||50|]Mamoswine||NeverMeltIce|ThickFat|IceShard,Protect,HighHorsepower,SmackDown|Adamant||F|||50|]Vileplume||BigRoot|Chlorophyll|Protect,AfterYou,GigaDrain,SludgeBomb|Modest||F|||50|
|showteam|p2|Staraptor||Staraptite|Intimidate|CloseCombat,BraveBird,Protect,Roost|Jolly||M|||50|]Whimsicott||FocusSash|Prankster|Tailwind,Moonblast,Charm,Encore|Timid||F|||50|]Ceruledge||ColburBerry|FlashFire|BitterBlade,ShadowSneak,BulkUp,Protect|Adamant||M|||50|]Farigiraf||SitrusBerry|ArmorTail|HelpingHand,Psychic,Thunderbolt,TrickRoom|Calm||M|||50|]Garchomp||LifeOrb|RoughSkin|DragonClaw,StompingTantrum,RockSlide,Protect|Jolly||M|||50|]Metagross||Metagrossite|ClearBody|IronHead,PsychicFangs,StompingTantrum,Protect|Adamant|||||50|
|inactive|Battle timer is ON: inactive players will automatically lose when time's up. (requested by TylerLiwan5)
|inactive|TylerLiwan5 has 60 seconds left.
|
|t:|1783909289
|teamsize|p1|4
|teamsize|p2|4
|start
|switch|p1a: Whimsicott|Whimsicott, L50, F|100/100
|switch|p1b: Mamoswine|Mamoswine, L50, F|100/100
|switch|p2a: Whimsicott|Whimsicott, L50, F, shiny|100/100
|switch|p2b: Staraptor|Staraptor, L50, M|100/100
|-ability|p2b: Staraptor|Intimidate|boost
|-unboost|p1a: Whimsicott|atk|1
|-unboost|p1b: Mamoswine|atk|1
|turn|1
|inactive|KPR21 has 30 seconds left.
|inactive|TylerLiwan5 has 30 seconds left.
|inactive|KPR21 has 20 seconds left.
|inactive|TylerLiwan5 has 20 seconds left.
|inactive|KPR21 has 15 seconds left.
|inactive|TylerLiwan5 has 15 seconds left.
|inactive|TylerLiwan5 has 10 seconds left.
|inactive|KPR21 has 10 seconds left.
|inactive|TylerLiwan5 has 5 seconds left.
|
|t:|1783909341
|switch|p2b: Ceruledge|Ceruledge, L50, M|100/100
|move|p2a: Whimsicott|Tailwind|p2a: Whimsicott
|-sidestart|p2: TylerLiwan5|move: Tailwind
|move|p1a: Whimsicott|Tailwind|p1a: Whimsicott
|-sidestart|p1: KPR21|move: Tailwind
|move|p1b: Mamoswine|Smack Down|p2b: Ceruledge
|-supereffective|p2b: Ceruledge|1
|-damage|p2b: Ceruledge|69/100
|
|upkeep
|turn|2
|
|t:|1783909364
|switch|p1a: Farigiraf|Farigiraf, L50, F|100/100
|move|p2b: Ceruledge|Protect|p2b: Ceruledge
|-singleturn|p2b: Ceruledge|Protect
|move|p2a: Whimsicott|Encore||[still]
|cant|p1a: Farigiraf|ability: Armor Tail|Encore|[of] p2a: Whimsicott
|move|p1b: Mamoswine|High Horsepower|p2b: Ceruledge
|-activate|p2b: Ceruledge|move: Protect
|
|upkeep
|turn|3
|
|t:|1783909385
|switch|p2a: Staraptor|Staraptor, L50, M|100/100
|-ability|p2a: Staraptor|Intimidate|boost
|-unboost|p1a: Farigiraf|atk|1
|-unboost|p1b: Mamoswine|atk|1
|move|p2b: Ceruledge|Bulk Up|p2b: Ceruledge
|-boost|p2b: Ceruledge|atk|1
|-boost|p2b: Ceruledge|def|1
|move|p1b: Mamoswine|High Horsepower|p2b: Ceruledge
|-supereffective|p2b: Ceruledge|1
|-damage|p2b: Ceruledge|26/100
|move|p1a: Farigiraf|Thunderbolt|p2b: Ceruledge
|-damage|p2b: Ceruledge|3/100
|
|upkeep
|turn|4
|
|t:|1783909402
|switch|p2a: Farigiraf|Farigiraf, L50, M|100/100
|move|p1b: Mamoswine|Ice Shard||[still]
|cant|p2a: Farigiraf|ability: Armor Tail|Ice Shard|[of] p1b: Mamoswine
|move|p2b: Ceruledge|Bitter Blade|p1b: Mamoswine
|-supereffective|p1b: Mamoswine|1
|-damage|p1b: Mamoswine|20/100y
|-heal|p2b: Ceruledge|47/100|[from] drain|[of] p1b: Mamoswine
|move|p1a: Farigiraf|Thunderbolt|p2a: Farigiraf
|-damage|p2a: Farigiraf|79/100
|
|-sideend|p1: KPR21|move: Tailwind
|-sideend|p2: TylerLiwan5|move: Tailwind
|upkeep
|turn|5
|inactive|KPR21 has 30 seconds left.
|inactive|TylerLiwan5 has 30 seconds left.
|inactive|KPR21 has 20 seconds left.
|
|t:|1783909439
|switch|p1b: Pyroar|Pyroar, L50, F|100/100
|-ability|p1b: Pyroar|Unnerve
|move|p2b: Ceruledge|Bitter Blade|p1b: Pyroar
|-resisted|p1b: Pyroar|1
|-damage|p1b: Pyroar|53/100
|-heal|p2b: Ceruledge|68/100|[from] drain|[of] p1b: Pyroar
|move|p2a: Farigiraf|Thunderbolt|p1a: Farigiraf
|-damage|p1a: Farigiraf|80/100
|move|p1a: Farigiraf|Thunderbolt|p2b: Ceruledge
|-crit|p2b: Ceruledge
|-damage|p2b: Ceruledge|35/100
|-status|p2b: Ceruledge|par
|
|upkeep
|turn|6
|inactive|KPR21 has 30 seconds left.
|inactive|TylerLiwan5 has 30 seconds left.
|inactive|TylerLiwan5 has 20 seconds left.
|
|t:|1783909476
|switch|p1a: Whimsicott|Whimsicott, L50, F|100/100
|move|p1b: Pyroar|Protect|p1b: Pyroar
|-singleturn|p1b: Pyroar|Protect
|move|p2a: Farigiraf|Psychic|p1b: Pyroar
|-activate|p1b: Pyroar|move: Protect
|move|p2b: Ceruledge|Bitter Blade|p1a: Whimsicott
|-supereffective|p1a: Whimsicott|1
|-enditem|p1a: Whimsicott|Focus Sash
|-damage|p1a: Whimsicott|1/100
|-heal|p2b: Ceruledge|73/100 par|[from] drain|[of] p1a: Whimsicott
|
|upkeep
|turn|7
|inactive|KPR21 has 30 seconds left.
|inactive|TylerLiwan5 has 30 seconds left.
|
|t:|1783909511
|detailschange|p1b: Pyroar|Pyroar-Mega, L50, F
|-mega|p1b: Pyroar|Pyroar|Pyroarite
|move|p1a: Whimsicott|Sunny Day|p1a: Whimsicott
|-weather|SunnyDay
|move|p2b: Ceruledge|Shadow Sneak|p1a: Whimsicott
|-damage|p1a: Whimsicott|0 fnt
|faint|p1a: Whimsicott
|move|p1b: Pyroar|Solar Beam||[still]
|-prepare|p1b: Pyroar|Solar Beam
|-anim|p1b: Pyroar|Solar Beam|p2b: Ceruledge
|-resisted|p2b: Ceruledge|1
|-damage|p2b: Ceruledge|52/100 par
|move|p2a: Farigiraf|Psychic|p1b: Pyroar
|-crit|p1b: Pyroar
|-damage|p1b: Pyroar|0 fnt
|faint|p1b: Pyroar
|
|-weather|SunnyDay|[upkeep]
|upkeep
|
|t:|1783909526
|switch|p1b: Farigiraf|Farigiraf, L50, F|80/100
|switch|p1a: Mamoswine|Mamoswine, L50, F|20/100y
|turn|8
|
|t:|1783909544
|move|p1a: Mamoswine|High Horsepower|p2b: Ceruledge
|-supereffective|p2b: Ceruledge|1
|-damage|p2b: Ceruledge|0 fnt
|faint|p2b: Ceruledge
|move|p2a: Farigiraf|Thunderbolt|p1b: Farigiraf
|-damage|p1b: Farigiraf|61/100
|move|p1b: Farigiraf|Psychic|p2a: Farigiraf
|-resisted|p2a: Farigiraf|1
|-damage|p2a: Farigiraf|63/100
|
|-weather|SunnyDay|[upkeep]
|upkeep
|
|t:|1783909552
|switch|p2b: Staraptor|Staraptor, L50, M|100/100
|-ability|p2b: Staraptor|Intimidate|boost
|-unboost|p1a: Mamoswine|atk|1
|-unboost|p1b: Farigiraf|atk|1
|turn|9
|
|t:|1783909562
|detailschange|p2b: Staraptor|Staraptor-Mega, L50, M
|-mega|p2b: Staraptor|Staraptor|Staraptite
|move|p1a: Mamoswine|Protect|p1a: Mamoswine
|-singleturn|p1a: Mamoswine|Protect
|move|p2b: Staraptor|Close Combat|p1a: Mamoswine
|-activate|p1a: Mamoswine|move: Protect
|move|p2a: Farigiraf|Thunderbolt|p1b: Farigiraf
|-damage|p1b: Farigiraf|43/100
|-enditem|p1b: Farigiraf|Sitrus Berry|[eat]
|-heal|p1b: Farigiraf|68/100|[from] item: Sitrus Berry
|move|p1b: Farigiraf|Thunderbolt|p2b: Staraptor
|-supereffective|p2b: Staraptor|1
|-damage|p2b: Staraptor|54/100
|
|-weather|SunnyDay|[upkeep]
|upkeep
|turn|10
|
|t:|1783909582
|move|p1a: Mamoswine|Protect|p1a: Mamoswine
|-singleturn|p1a: Mamoswine|Protect
|move|p2b: Staraptor|Close Combat|p1a: Mamoswine
|-activate|p1a: Mamoswine|move: Protect
|move|p2a: Farigiraf|Thunderbolt|p1b: Farigiraf
|-damage|p1b: Farigiraf|48/100
|move|p1b: Farigiraf|Psychic|p2b: Staraptor
|-supereffective|p2b: Staraptor|1
|-damage|p2b: Staraptor|0 fnt
|faint|p2b: Staraptor
|
|-weather|SunnyDay|[upkeep]
|upkeep
|
|t:|1783909591
|switch|p2b: Whimsicott|Whimsicott, L50, F, shiny|100/100
|turn|11
|
|t:|1783909615
|move|p2b: Whimsicott|Moonblast|p1b: Farigiraf
|-damage|p1b: Farigiraf|16/100
|move|p1a: Mamoswine|High Horsepower|p2a: Farigiraf
|-damage|p2a: Farigiraf|30/100
|-enditem|p2a: Farigiraf|Sitrus Berry|[eat]
|-heal|p2a: Farigiraf|54/100|[from] item: Sitrus Berry
|move|p2a: Farigiraf|Psychic|p1a: Mamoswine
|-damage|p1a: Mamoswine|0 fnt
|faint|p1a: Mamoswine
|move|p1b: Farigiraf|Psychic|p2a: Farigiraf
|-resisted|p2a: Farigiraf|1
|-damage|p2a: Farigiraf|39/100
|
|-weather|none
|upkeep
|turn|12
|
|t:|1783909630
|move|p2b: Whimsicott|Moonblast|p1b: Farigiraf
|-damage|p1b: Farigiraf|0 fnt
|faint|p1b: Farigiraf
|
|win|TylerLiwan5
|raw|KPR21's rating: 1206 → 1176(-30 for losing)
|raw|TylerLiwan5's rating: 1137 → 1167(+30 for winning)
|l|☆KPR21
|player|p1|
