|j|☆r4ka
|j|‽Hgfvhjjyh
|html|r4kaHgfvhjjyh    
|uhtml|bestof|Game 3 of a best-of-3
|t:|1756670707
|gametype|doubles
|player|p1|r4ka|1|1083
|player|p2|Hgfvhjjyh|2|1000
|gen|9
|tier|[Gen 9] VGC 2025 Reg H (Bo3)
|rated|
|rule|Species Clause: Limit one of each Pokémon
|rule|Item Clause: Limit 1 of each item
|clearpoke
|poke|p1|Rillaboom, L50, F|
|poke|p1|Dragonite, L50, M|
|poke|p1|Sneasler, L50, F|
|poke|p1|Kingambit, L50, M|
|poke|p1|Electabuzz, L50, M|
|poke|p1|Volcarona, L50, F|
|poke|p2|Slaking, L50, F|
|poke|p2|Weezing, L50, F|
|poke|p2|Incineroar, L50, M|
|poke|p2|Sinistcha-Masterpiece, L50|
|poke|p2|Palafin, L50, F|
|poke|p2|Dragonite, L50, F|
|teampreview|4
|showteam|p1|Rillaboom||AssaultVest|GrassySurge|FakeOut,HighHorsepower,WoodHammer,GrassyGlide|||F|||50|,,,,,Fire]Dragonite||LoadedDice|Multiscale|ExtremeSpeed,ScaleShot,Protect,Haze|||M|||50|,,,,,Steel]Sneasler||FocusSash|PoisonTouch|DireClaw,CloseCombat,FakeOut,Coaching|||F|||50|,,,,,Stellar]Kingambit||BlackGlasses|Defiant|KowtowCleave,SuckerPunch,SwordsDance,Protect|||M|||50|,,,,,Dark]Electabuzz||Eviolite|VitalSpirit|Thunderbolt,Taunt,Protect,FollowMe|||M|||50|,,,,,Ghost]Volcarona||Leftovers|FlameBody|HeatWave,TeraBlast,QuiverDance,Protect|||F|||50|,,,,,Fairy
|showteam|p2|Slaking||LifeOrb|Truant|Protect,DoubleEdge,HighHorsepower,SuckerPunch|||F|||50|,,,,,Stellar]Weezing||SitrusBerry|NeutralizingGas|Protect,SludgeBomb,WillOWisp,Taunt|||F|||50|,,,,,Ghost]Incineroar||AbilityShield|Intimidate|PartingShot,FakeOut,KnockOff,FlareBlitz|||M|||50|,,,,,Ghost]Sinistcha-Masterpiece||RockyHelmet|Hospitality|RagePowder,MatchaGotcha,TrickRoom,LifeDew||||||50|,,,,,Water]Palafin||AssaultVest|ZerotoHero|JetPunch,WaveCrash,Outrage,CloseCombat|||F|||50|,,,,,Dragon]Dragonite||LoadedDice|Multiscale|ScaleShot,Tailwind,Protect,ExtremeSpeed|||F|||50|,,,,,Steel
|
|t:|1756670737
|teamsize|p1|4
|teamsize|p2|4
|start
|switch|p1a: Dragonite|Dragonite, L50, M, shiny|100/100
|switch|p1b: Sneasler|Sneasler, L50, F|100/100
|switch|p2a: Slaking|Slaking, L50, F|100/100
|switch|p2b: Weezing|Weezing, L50, F|100/100
|-ability|p2b: Weezing|Neutralizing Gas
|turn|1
|
|t:|1756670754
|switch|p2a: Incineroar|Incineroar, L50, M|100/100
|-ability|p2a: Incineroar|Intimidate|boost
|-unboost|p1a: Dragonite|atk|1
|-unboost|p1b: Sneasler|atk|1
|move|p1b: Sneasler|Fake Out|p2b: Weezing
|-damage|p2b: Weezing|92/100
|move|p1a: Dragonite|Scale Shot|p2b: Weezing
|-damage|p2b: Weezing|83/100
|-damage|p2b: Weezing|74/100
|-damage|p2b: Weezing|65/100
|-damage|p2b: Weezing|56/100
|-hitcount|p2b: Weezing|4
|-unboost|p1a: Dragonite|def|1
|-boost|p1a: Dragonite|spe|1
|cant|p2b: Weezing|flinch
|
|upkeep
|turn|2
|
|t:|1756670771
|move|p1a: Dragonite|Protect|p1a: Dragonite
|-singleturn|p1a: Dragonite|Protect
|move|p2a: Incineroar|Fake Out|p1b: Sneasler
|-damage|p1b: Sneasler|83/100
|cant|p1b: Sneasler|flinch
|move|p2b: Weezing|Will-O-Wisp|p1b: Sneasler
|-status|p1b: Sneasler|brn
|
|-damage|p1b: Sneasler|77/100 brn|[from] brn
|upkeep
|turn|3
|
|t:|1756670786
|move|p1a: Dragonite|Scale Shot|p2b: Weezing
|-damage|p2b: Weezing|46/100
|-enditem|p2b: Weezing|Sitrus Berry|[eat]
|-heal|p2b: Weezing|71/100|[from] item: Sitrus Berry
|-damage|p2b: Weezing|62/100
|-damage|p2b: Weezing|53/100
|-damage|p2b: Weezing|44/100
|-hitcount|p2b: Weezing|4
|-unboost|p1a: Dragonite|def|1
|-boost|p1a: Dragonite|spe|1
|move|p1b: Sneasler|Coaching|p1a: Dragonite
|-boost|p1a: Dragonite|atk|1
|-boost|p1a: Dragonite|def|1
|move|p2a: Incineroar|Parting Shot|p1a: Dragonite
|-unboost|p1a: Dragonite|atk|1
|-unboost|p1a: Dragonite|spa|1
|
|t:|1756670792
|switch|p2a: Sinistcha|Sinistcha-Masterpiece, L50|100/100|[from] Parting Shot
|move|p2b: Weezing|Will-O-Wisp|p1a: Dragonite
|-status|p1a: Dragonite|brn
|
|-damage|p1a: Dragonite|95/100 brn|[from] brn
|-damage|p1b: Sneasler|71/100 brn|[from] brn
|upkeep
|turn|4
|
|t:|1756670813
|-end|p2b: Weezing|ability: Neutralizing Gas
|-heal|p2b: Weezing|69/100|[from] ability: Hospitality|[of] p2a: Sinistcha
|switch|p2b: Incineroar|Incineroar, L50, M|100/100
|-ability|p2b: Incineroar|Intimidate|boost
|-unboost|p1a: Dragonite|atk|1
|-unboost|p1b: Sneasler|atk|1
|move|p1a: Dragonite|Protect|p1a: Dragonite
|-singleturn|p1a: Dragonite|Protect
|move|p1b: Sneasler|Coaching|p1a: Dragonite
|-boost|p1a: Dragonite|atk|1
|-boost|p1a: Dragonite|def|1
|move|p2a: Sinistcha|Matcha Gotcha|p1b: Sneasler|[spread] 
|-activate|p1a: Dragonite|move: Protect
|-miss|p2a: Sinistcha|p1b: Sneasler
|
|-damage|p1a: Dragonite|89/100 brn|[from] brn
|-damage|p1b: Sneasler|66/100 brn|[from] brn
|upkeep
|turn|5
|
|t:|1756670839
|move|p2b: Incineroar|Fake Out|p1b: Sneasler
|-damage|p1b: Sneasler|50/100 brn
|move|p1a: Dragonite|Scale Shot|p2a: Sinistcha
|-damage|p2a: Sinistcha|97/100
|-damage|p2a: Sinistcha|93/100
|-damage|p2a: Sinistcha|89/100
|-damage|p2a: Sinistcha|85/100
|-crit|p2a: Sinistcha
|-damage|p2a: Sinistcha|77/100
|-hitcount|p2a: Sinistcha|5
|-unboost|p1a: Dragonite|def|1
|-boost|p1a: Dragonite|spe|1
|cant|p1b: Sneasler|flinch
|move|p2a: Sinistcha|Matcha Gotcha|p1a: Dragonite|[spread] p1a,p1b
|-resisted|p1a: Dragonite
|-resisted|p1b: Sneasler
|-damage|p1a: Dragonite|83/100 brn
|-heal|p2a: Sinistcha|80/100|[from] drain|[of] p1a: Dragonite
|-damage|p1b: Sneasler|31/100 brn
|-heal|p2a: Sinistcha|88/100|[from] drain|[of] p1b: Sneasler
|
|-damage|p1a: Dragonite|77/100 brn|[from] brn
|-damage|p1b: Sneasler|25/100 brn|[from] brn
|upkeep
|turn|6
|
|t:|1756670868
|switch|p1b: Kingambit|Kingambit, L50, M, shiny|100/100
|move|p1a: Dragonite|Protect|p1a: Dragonite
|-singleturn|p1a: Dragonite|Protect
|move|p2a: Sinistcha|Rage Powder|p2a: Sinistcha
|-singleturn|p2a: Sinistcha|move: Rage Powder
|move|p2b: Incineroar|Parting Shot|p1a: Dragonite
|-activate|p1a: Dragonite|move: Protect
|
|-damage|p1a: Dragonite|71/100 brn|[from] brn
|upkeep
|turn|7
|
|t:|1756670888
|switch|p1a: Sneasler|Sneasler, L50, F|25/100 brn
|switch|p2a: Weezing|Weezing, L50, F|69/100
|-ability|p2a: Weezing|Neutralizing Gas
|-block|p2b: Incineroar|item: Ability Shield
|move|p2b: Incineroar|Parting Shot|p1b: Kingambit
|-unboost|p1b: Kingambit|atk|1
|-unboost|p1b: Kingambit|spa|1
|
|t:|1756670899
|switch|p2b: Sinistcha|Sinistcha-Masterpiece, L50|88/100|[from] Parting Shot
|move|p1b: Kingambit|Swords Dance|p1b: Kingambit
|-boost|p1b: Kingambit|atk|2
|
|-damage|p1a: Sneasler|19/100 brn|[from] brn
|upkeep
|turn|8
|
|t:|1756670913
|switch|p2b: Incineroar|Incineroar, L50, M|100/100
|-ability|p2b: Incineroar|Intimidate|boost
|-unboost|p1a: Sneasler|atk|1
|-unboost|p1b: Kingambit|atk|1
|move|p1a: Sneasler|Fake Out|p2a: Weezing
|-damage|p2a: Weezing|65/100
|cant|p2a: Weezing|flinch
|move|p1b: Kingambit|Swords Dance|p1b: Kingambit
|-boost|p1b: Kingambit|atk|2
|
|-damage|p1a: Sneasler|13/100 brn|[from] brn
|upkeep
|turn|9
|
|t:|1756670930
|switch|p1a: Dragonite|Dragonite, L50, M, shiny|71/100 brn
|move|p1b: Kingambit|Protect|p1b: Kingambit
|-singleturn|p1b: Kingambit|Protect
|move|p2b: Incineroar|Parting Shot|p1b: Kingambit
|-activate|p1b: Kingambit|move: Protect
|move|p2a: Weezing|Sludge Bomb|p1a: Dragonite
|-damage|p1a: Dragonite|39/100 brn
|
|-damage|p1a: Dragonite|33/100 brn|[from] brn
|upkeep
|turn|10
|
|t:|1756670956
|move|p1a: Dragonite|Scale Shot|p2b: Incineroar
|-damage|p2b: Incineroar|94/100
|-damage|p2b: Incineroar|86/100
|-damage|p2b: Incineroar|79/100
|-damage|p2b: Incineroar|72/100
|-hitcount|p2b: Incineroar|4
|-unboost|p1a: Dragonite|def|1
|-boost|p1a: Dragonite|spe|1
|move|p2b: Incineroar|Parting Shot|p1b: Kingambit
|-unboost|p1b: Kingambit|atk|1
|-unboost|p1b: Kingambit|spa|1
|
|t:|1756670961
|switch|p2b: Sinistcha|Sinistcha-Masterpiece, L50|88/100|[from] Parting Shot
|move|p2a: Weezing|Will-O-Wisp|p1b: Kingambit
|-status|p1b: Kingambit|brn
|move|p1b: Kingambit|Swords Dance|p1b: Kingambit
|-boost|p1b: Kingambit|atk|2
|
|-damage|p1a: Dragonite|27/100 brn|[from] brn
|-damage|p1b: Kingambit|95/100 brn|[from] brn
|upkeep
|turn|11
|
|t:|1756670987
|switch|p1a: Sneasler|Sneasler, L50, F|13/100 brn
|switch|p2b: Incineroar|Incineroar, L50, M|72/100
|-ability|p2b: Incineroar|Intimidate|boost
|-unboost|p1a: Sneasler|atk|1
|-unboost|p1b: Kingambit|atk|1
|move|p2a: Weezing|Sludge Bomb|p1a: Sneasler
|-resisted|p1a: Sneasler
|-damage|p1a: Sneasler|0 fnt
|faint|p1a: Sneasler
|move|p1b: Kingambit|Swords Dance|p1b: Kingambit
|-boost|p1b: Kingambit|atk|2
|
|-damage|p1b: Kingambit|89/100 brn|[from] brn
|upkeep
|
|t:|1756671001
|switch|p1a: Rillaboom|Rillaboom, L50, F|100/100
|turn|12
|
|t:|1756671016
|move|p2a: Weezing|Protect|p2a: Weezing
|-singleturn|p2a: Weezing|Protect
|move|p1a: Rillaboom|Fake Out|p2a: Weezing
|-activate|p2a: Weezing|move: Protect
|move|p2b: Incineroar|Parting Shot|p1b: Kingambit
|-unboost|p1b: Kingambit|atk|1
|-unboost|p1b: Kingambit|spa|1
|
|t:|1756671024
|switch|p2b: Slaking|Slaking, L50, F|100/100|[from] Parting Shot
|move|p1b: Kingambit|Kowtow Cleave|p2a: Weezing
|-activate|p2a: Weezing|move: Protect
|
|-damage|p1b: Kingambit|83/100 brn|[from] brn
|upkeep
|turn|13
|
|t:|1756671044
|switch|p2b: Incineroar|Incineroar, L50, M|72/100
|-ability|p2b: Incineroar|Intimidate|boost
|-unboost|p1a: Rillaboom|atk|1
|-unboost|p1b: Kingambit|atk|1
|move|p1a: Rillaboom|Wood Hammer|p2b: Incineroar
|-resisted|p2b: Incineroar
|-damage|p2b: Incineroar|54/100
|-damage|p1a: Rillaboom|95/100|[from] Recoil
|move|p2a: Weezing|Will-O-Wisp|p1a: Rillaboom
|-status|p1a: Rillaboom|brn
|move|p1b: Kingambit|Kowtow Cleave|p2b: Incineroar
|-resisted|p2b: Incineroar
|-damage|p2b: Incineroar|25/100
|
|-damage|p1a: Rillaboom|89/100 brn|[from] brn
|-damage|p1b: Kingambit|77/100 brn|[from] brn
|upkeep
|turn|14
|
|t:|1756671068
|-terastallize|p1b: Kingambit|Dark
|move|p1a: Rillaboom|High Horsepower|p2a: Weezing
|-supereffective|p2a: Weezing
|-damage|p2a: Weezing|44/100
|move|p2b: Incineroar|Parting Shot|p1b: Kingambit
|-unboost|p1b: Kingambit|atk|1
|-unboost|p1b: Kingambit|spa|1
|
|t:|1756671076
|switch|p2b: Sinistcha|Sinistcha-Masterpiece, L50|88/100|[from] Parting Shot
|move|p2a: Weezing|Sludge Bomb|p1a: Rillaboom
|-supereffective|p1a: Rillaboom
|-damage|p1a: Rillaboom|50/100 brn
|move|p1b: Kingambit|Kowtow Cleave|p2b: Sinistcha
|-supereffective|p2b: Sinistcha
|-damage|p2b: Sinistcha|3/100
|-damage|p1b: Kingambit|61/100 brn|[from] item: Rocky Helmet|[of] p2b: Sinistcha
|
|-damage|p1a: Rillaboom|45/100 brn|[from] brn
|-damage|p1b: Kingambit|55/100 brn|[from] brn
|upkeep
|turn|15
|
|t:|1756671122
|move|p2b: Sinistcha|Rage Powder|p2b: Sinistcha
|-singleturn|p2b: Sinistcha|move: Rage Powder
|move|p1a: Rillaboom|Wood Hammer|p2b: Sinistcha
|-resisted|p2b: Sinistcha
|-damage|p2b: Sinistcha|0 fnt
|-damage|p1a: Rillaboom|28/100 brn|[from] item: Rocky Helmet|[of] p2b: Sinistcha
|faint|p2b: Sinistcha
|-damage|p1a: Rillaboom|27/100 brn|[from] Recoil
|move|p2a: Weezing|Sludge Bomb|p1a: Rillaboom
|-supereffective|p1a: Rillaboom
|-damage|p1a: Rillaboom|0 fnt
|faint|p1a: Rillaboom
|move|p1b: Kingambit|Kowtow Cleave|p2a: Weezing
|-damage|p2a: Weezing|0 fnt
|faint|p2a: Weezing
|-end|p2a: Weezing|ability: Neutralizing Gas
|
|-damage|p1b: Kingambit|49/100 brn|[from] brn
|upkeep
|
|t:|1756671137
|switch|p1a: Dragonite|Dragonite, L50, M, shiny|27/100 brn
|switch|p2b: Incineroar|Incineroar, L50, M|25/100
|switch|p2a: Slaking|Slaking, L50, F|100/100
|-ability|p2b: Incineroar|Intimidate|boost
|-unboost|p1a: Dragonite|atk|1
|-unboost|p1b: Kingambit|atk|1
|-ability|p1b: Kingambit|Defiant|boost
|-boost|p1b: Kingambit|atk|2
|turn|16
|
|t:|1756671153
|move|p1a: Dragonite|Protect|p1a: Dragonite
|-singleturn|p1a: Dragonite|Protect
|move|p1b: Kingambit|Protect|p1b: Kingambit
|-singleturn|p1b: Kingambit|Protect
|move|p2b: Incineroar|Fake Out|p1a: Dragonite
|-activate|p1a: Dragonite|move: Protect
|move|p2a: Slaking|Double-Edge|p1b: Kingambit
|-activate|p1b: Kingambit|move: Protect
|
|-damage|p1a: Dragonite|21/100 brn|[from] brn
|-damage|p1b: Kingambit|43/100 brn|[from] brn
|upkeep
|turn|17
|
|t:|1756671173
|move|p1b: Kingambit|Sucker Punch|p2b: Incineroar
|-resisted|p2b: Incineroar
|-damage|p2b: Incineroar|0 fnt
|faint|p2b: Incineroar
|cant|p2a: Slaking|ability: Truant
|move|p1a: Dragonite|Scale Shot|p2a: Slaking
|-damage|p2a: Slaking|97/100
|-damage|p2a: Slaking|93/100
|-damage|p2a: Slaking|89/100
|-damage|p2a: Slaking|86/100
|-damage|p2a: Slaking|82/100
|-hitcount|p2a: Slaking|5
|-unboost|p1a: Dragonite|def|1
|-boost|p1a: Dragonite|spe|1
|
|-damage|p1a: Dragonite|15/100 brn|[from] brn
|-damage|p1b: Kingambit|37/100 brn|[from] brn
|upkeep
|turn|18
|-message|Hgfvhjjyh forfeited.
|
|win|r4ka
|raw|r4ka's rating: 1083 → 1104(+21 for winning)
|raw|Hgfvhjjyh's rating: 1000 → 1000(+0 for losing)
|l|‽Hgfvhjjyh
|player|p2|
