|j|☆Dball_Games
|j|☆Shminki
|html|Dball_GamesShminki    
|uhtml|bestof|Game 2 of a best-of-3
|t:|1756929852
|gametype|doubles
|player|p1|Dball_Games|102|1166
|player|p2|Shminki|ethan|1199
|gen|9
|tier|[Gen 9] VGC 2025 Reg H (Bo3)
|rated|
|rule|Species Clause: Limit one of each Pokémon
|rule|Item Clause: Limit 1 of each item
|clearpoke
|poke|p1|Dragonite, L50, M|
|poke|p1|Ursaluna, L50, F|
|poke|p1|Gholdengo, L50|
|poke|p1|Porygon2, L50|
|poke|p1|Torkoal, L50, M|
|poke|p1|Typhlosion-Hisui, L50, M|
|poke|p2|Gholdengo, L50|
|poke|p2|Sneasler, L50, M|
|poke|p2|Rillaboom, L50, F|
|poke|p2|Dragonite, L50, F|
|poke|p2|Ninetales-Alola, L50, M|
|poke|p2|Arcanine-Hisui, L50, M|
|teampreview|4
|showteam|p1|Dragonite||LoadedDice|InnerFocus|Tailwind,ScaleShot,Haze,Protect|||M|||50|,,,,,Steel]Ursaluna||FlameOrb|Guts|Facade,Earthquake,HeadlongRush,Protect|||F|||50|,,,,,Ghost]Gholdengo||LifeOrb|GoodasGold|ShadowBall,MakeItRain,NastyPlot,Protect||||||50|,,,,,Flying]Porygon2||Eviolite|Download|TrickRoom,IceBeam,ThunderWave,TriAttack||||||50|,,,,,Grass]Torkoal||EjectPack|Drought|Eruption,HeatWave,Protect,EarthPower|||M|||50|,,,,,Fire]Typhlosion-Hisui||ChoiceScarf|Blaze|Eruption,HeatWave,ShadowBall,Overheat|||M|||50|,,,,,Fire
|showteam|p2|Gholdengo||GrassySeed|GoodasGold|NastyPlot,MakeItRain,ShadowBall,Protect||||||50|,,,,,Water]Sneasler||WhiteHerb|Unburden|CloseCombat,DireClaw,Coaching,Protect|||M|||50|,,,,,Ghost]Rillaboom||AssaultVest|GrassySurge|FakeOut,GrassyGlide,DrumBeating,HighHorsepower|||F|||50|,,,,,Fire]Dragonite||LoadedDice|Multiscale|ScaleShot,StompingTantrum,Tailwind,Protect|||F|||50|,,,,,Ground]Ninetales-Alola||FocusSash|SnowWarning|Blizzard,IcyWind,Encore,AuroraVeil|||M|||50|,,,,,Ghost]Arcanine-Hisui||ClearAmulet|Intimidate|RockSlide,FlareBlitz,ExtremeSpeed,Protect|||M|||50|,,,,,Water
|inactive|Battle timer is ON: inactive players will automatically lose when time's up. (requested by Shminki)
|
|t:|1756929870
|teamsize|p1|4
|teamsize|p2|4
|start
|switch|p1a: Porygon2|Porygon2, L50|100/100
|switch|p1b: Dragonite|Dragonite, L50, M|100/100
|switch|p2a: Dragonite|Dragonite, L50, F|100/100
|switch|p2b: Sneasler|Sneasler, L50, M|100/100
|-ability|p1a: Porygon2|Download|boost
|-boost|p1a: Porygon2|atk|1
|turn|1
|inactive|Dball_Games has 30 seconds left.
|
|t:|1756929900
|move|p2b: Sneasler|Close Combat|p1a: Porygon2
|-supereffective|p1a: Porygon2
|-damage|p1a: Porygon2|19/100
|-unboost|p2b: Sneasler|def|1
|-unboost|p2b: Sneasler|spd|1
|-enditem|p2b: Sneasler|White Herb
|-clearnegativeboost|p2b: Sneasler|[silent]
|move|p2a: Dragonite|Scale Shot|p1a: Porygon2|[miss]
|-miss|p2a: Dragonite|p1a: Porygon2
|move|p1b: Dragonite|Scale Shot|p2b: Sneasler|[miss]
|-miss|p1b: Dragonite|p2b: Sneasler
|move|p1a: Porygon2|Thunder Wave|p2a: Dragonite
|-status|p2a: Dragonite|par
|
|upkeep
|turn|2
|inactive|Dball_Games has 30 seconds left.
|inactive|Shminki has 30 seconds left.
|
|t:|1756929932
|switch|p2a: Ninetales|Ninetales-Alola, L50, M|100/100
|-weather|Snowscape|[from] ability: Snow Warning|[of] p2a: Ninetales
|move|p2b: Sneasler|Close Combat|p1a: Porygon2
|-supereffective|p1a: Porygon2
|-damage|p1a: Porygon2|0 fnt
|-unboost|p2b: Sneasler|def|1
|-unboost|p2b: Sneasler|spd|1
|faint|p1a: Porygon2
|move|p1b: Dragonite|Scale Shot|p2a: Ninetales
|-immune|p2a: Ninetales
|
|-weather|Snowscape|[upkeep]
|upkeep
|
|t:|1756929937
|switch|p1a: Ursaluna|Ursaluna, L50, F|100/100
|turn|3
|
|t:|1756929947
|move|p1b: Dragonite|Protect|p1b: Dragonite
|-singleturn|p1b: Dragonite|Protect
|move|p2b: Sneasler|Close Combat|p1b: Dragonite
|-activate|p1b: Dragonite|move: Protect
|move|p2a: Ninetales|Blizzard|p1b: Dragonite|[spread] p1a
|-activate|p1b: Dragonite|move: Protect
|-supereffective|p1a: Ursaluna
|-damage|p1a: Ursaluna|38/100
|move|p1a: Ursaluna|Earthquake|p2b: Sneasler|[spread] p2a,p2b
|-activate|p1b: Dragonite|move: Protect
|-supereffective|p2b: Sneasler
|-damage|p2a: Ninetales|58/100
|-damage|p2b: Sneasler|0 fnt
|faint|p2b: Sneasler
|
|-weather|Snowscape|[upkeep]
|-status|p1a: Ursaluna|brn|[from] item: Flame Orb
|upkeep
|
|t:|1756929957
|switch|p2b: Arcanine|Arcanine-Hisui, L50, M|100/100
|-ability|p2b: Arcanine|Intimidate|boost
|-unboost|p1a: Ursaluna|atk|1
|-fail|p1b: Dragonite|unboost|Attack|[from] ability: Inner Focus|[of] p1b: Dragonite
|turn|4
|inactive|Dball_Games has 30 seconds left.
|inactive|Dball_Games has 20 seconds left.
|
|t:|1756929997
|-terastallize|p2b: Arcanine|Water
|-terastallize|p1b: Dragonite|Steel
|move|p1a: Ursaluna|Protect|p1a: Ursaluna
|-singleturn|p1a: Ursaluna|Protect
|move|p2a: Ninetales|Icy Wind|p1b: Dragonite|[spread] p1b
|-activate|p1a: Ursaluna|move: Protect
|-resisted|p1b: Dragonite
|-damage|p1b: Dragonite|93/100
|-unboost|p1b: Dragonite|spe|1
|move|p2b: Arcanine|Rock Slide|p1b: Dragonite|[spread] p1b
|-activate|p1a: Ursaluna|move: Protect
|-resisted|p1b: Dragonite
|-damage|p1b: Dragonite|77/100
|move|p1b: Dragonite|Tailwind|p1b: Dragonite
|-sidestart|p1: Dball_Games|move: Tailwind
|
|-weather|Snowscape|[upkeep]
|-damage|p1a: Ursaluna|32/100 brn|[from] brn
|upkeep
|turn|5
|inactive|Dball_Games has 30 seconds left.
|
|t:|1756930027
|move|p1a: Ursaluna|Facade|p2a: Ninetales
|-damage|p2a: Ninetales|0 fnt
|faint|p2a: Ninetales
|move|p1b: Dragonite|Scale Shot|p2b: Arcanine
|-damage|p2b: Arcanine|81/100
|-damage|p2b: Arcanine|63/100
|-damage|p2b: Arcanine|45/100
|-damage|p2b: Arcanine|26/100
|-hitcount|p2b: Arcanine|4
|-unboost|p1b: Dragonite|def|1
|-boost|p1b: Dragonite|spe|1
|move|p2b: Arcanine|Flare Blitz|p1b: Dragonite
|-supereffective|p1b: Dragonite
|-damage|p1b: Dragonite|0 fnt
|faint|p1b: Dragonite
|-damage|p2b: Arcanine|1/100|[from] Recoil
|
|-weather|Snowscape|[upkeep]
|-damage|p1a: Ursaluna|27/100 brn|[from] brn
|upkeep
|
|t:|1756930040
|switch|p2a: Dragonite|Dragonite, L50, F|100/100 par
|switch|p1b: Torkoal|Torkoal, L50, M|100/100
|-weather|SunnyDay|[from] ability: Drought|[of] p1b: Torkoal
|turn|6
|
|t:|1756930062
|move|p2b: Arcanine|Extreme Speed|p1a: Ursaluna
|-damage|p1a: Ursaluna|5/100 brn
|move|p1a: Ursaluna|Facade|p2a: Dragonite
|-damage|p2a: Dragonite|61/100 par
|move|p2a: Dragonite|Scale Shot|p1b: Torkoal
|-damage|p1b: Torkoal|89/100
|-damage|p1b: Torkoal|77/100
|-damage|p1b: Torkoal|66/100
|-damage|p1b: Torkoal|54/100
|-damage|p1b: Torkoal|42/100
|-hitcount|p1b: Torkoal|5
|-unboost|p2a: Dragonite|def|1
|-boost|p2a: Dragonite|spe|1
|move|p1b: Torkoal|Heat Wave|p2a: Dragonite|[spread] p2b
|-miss|p1b: Torkoal|p2a: Dragonite
|-resisted|p2b: Arcanine
|-damage|p2b: Arcanine|0 fnt
|faint|p2b: Arcanine
|
|-weather|SunnyDay|[upkeep]
|-damage|p1a: Ursaluna|0 fnt|[from] brn
|faint|p1a: Ursaluna
|upkeep
|turn|7
|
|t:|1756930079
|move|p2a: Dragonite|Stomping Tantrum|p1b: Torkoal
|-supereffective|p1b: Torkoal
|-crit|p1b: Torkoal
|-damage|p1b: Torkoal|0 fnt
|faint|p1b: Torkoal
|
|win|Shminki
|raw|Dball_Games's rating: 1166 → 1143(-23 for losing)
|raw|Shminki's rating: 1199 → 1222(+23 for winning)
|l|☆Dball_Games
|player|p1|
