|j|☆chineseobama
|j|☆Wikdchikn
|html|chineseobamaWikdchikn    
|uhtml|bestof|Game 1 of a best-of-3
|t:|1757791083
|gametype|doubles
|player|p1|chineseobama|101|1076
|player|p2|Wikdchikn|cameraman|1157
|gen|9
|tier|[Gen 9] VGC 2025 Reg H (Bo3)
|rated|
|rule|Species Clause: Limit one of each Pokémon
|rule|Item Clause: Limit 1 of each item
|clearpoke
|poke|p1|Ursaluna-Bloodmoon, L50, M|
|poke|p1|Gholdengo, L50|
|poke|p1|Dragonite, L50, F|
|poke|p1|Rillaboom, L50, F|
|poke|p1|Ninetales-Alola, L50, F|
|poke|p1|Annihilape, L50, M|
|poke|p2|Arboliva, L50, F|
|poke|p2|Porygon2, L50|
|poke|p2|Primarina, L50, M|
|poke|p2|Ursaluna, L50, M|
|poke|p2|Amoonguss, L50, F|
|poke|p2|Armarouge, L50, F|
|teampreview|4
|showteam|p1|Ursaluna-Bloodmoon||AssaultVest|MindsEye|HyperVoice,BloodMoon,EarthPower,VacuumWave|||M|||50|,,,,,Water]Gholdengo||LifeOrb|GoodasGold|MakeItRain,ShadowBall,NastyPlot,Protect||||||50|,,,,,Water]Dragonite||LoadedDice|Multiscale|ScaleShot,Tailwind,ExtremeSpeed,Protect|||F|||50|,,,,,Normal]Rillaboom||MiracleSeed|GrassySurge|FakeOut,GrassyGlide,WoodHammer,HighHorsepower|||F|||50|,,,,,Fire]Ninetales-Alola||FocusSash|SnowWarning|Blizzard,IcicleSpear,AuroraVeil,Encore|||F|||50|,,,,,Ghost]Annihilape||SitrusBerry|Defiant|RageFist,DrainPunch,BulkUp,Protect|||M|||50|,,,,,Fire
|showteam|p2|Arboliva||ChoiceSpecs|SeedSower|DazzlingGleam,HyperVoice,EarthPower,GigaDrain|||F|||50|,,,,,Fairy]Porygon2||Eviolite|Trace|TeraBlast,ShadowBall,TrickRoom,Protect||||||50|,,,,,Fighting]Primarina||ThroatSpray|LiquidVoice|Moonblast,HyperVoice,Haze,Protect|||M|||50|,,,,,Water]Ursaluna||FlameOrb|Guts|Protect,Facade,HeadlongRush,Earthquake|||M|||50|,,,,,Ghost]Amoonguss||RockyHelmet|Regenerator|RagePowder,Spore,FoulPlay,Protect|||F|||50|,,,,,Dark]Armarouge||SitrusBerry|FlashFire|WideGuard,TrickRoom,HeatWave,HelpingHand|||F|||50|,,,,,Grass
|inactive|Battle timer is ON: inactive players will automatically lose when time's up. (requested by Wikdchikn)
|inactive|chineseobama has 60 seconds left.
|inactive|Wikdchikn has 60 seconds left.
|inactive|chineseobama has 30 seconds left.
|inactive|chineseobama has 20 seconds left.
|inactive|chineseobama has 15 seconds left.
|inactive|chineseobama has 10 seconds left.
|
|t:|1757791165
|teamsize|p1|4
|teamsize|p2|4
|start
|switch|p1a: Ursaluna|Ursaluna-Bloodmoon, L50, M|100/100
|switch|p1b: Rillaboom|Rillaboom, L50, F|100/100
|switch|p2a: Undying Duck|Porygon2, L50, shiny|100/100
|switch|p2b: Pest|Amoonguss, L50, F|100/100
|-fieldstart|move: Grassy Terrain|[from] ability: Grassy Surge|[of] p1b: Rillaboom
|-ability|p2a: Undying Duck|Grassy Surge|Trace|[from] ability: Trace|[of] p1b: Rillaboom
|turn|1
|j| sam smithy
|l| sam smithy
|
|t:|1757791185
|move|p1b: Rillaboom|Fake Out|p2a: Undying Duck
|-damage|p2a: Undying Duck|92/100
|move|p1a: Ursaluna|Hyper Voice|p2a: Undying Duck|[spread] p2a,p2b
|-crit|p2b: Pest
|-damage|p2a: Undying Duck|75/100
|-damage|p2b: Pest|60/100
|move|p2b: Pest|Spore|p1a: Ursaluna
|-status|p1a: Ursaluna|slp|[from] move: Spore
|cant|p2a: Undying Duck|flinch
|
|-heal|p2a: Undying Duck|81/100|[from] Grassy Terrain
|-heal|p2b: Pest|66/100|[from] Grassy Terrain
|upkeep
|turn|2
|j| sam smithy
|l| sam smithy
|
|t:|1757791204
|switch|p1b: Gholdengo|Gholdengo, L50|100/100
|cant|p1a: Ursaluna|slp
|move|p2b: Pest|Foul Play|p1b: Gholdengo
|-supereffective|p1b: Gholdengo
|-damage|p1b: Gholdengo|76/100
|move|p2a: Undying Duck|Trick Room|p2a: Undying Duck
|-fieldstart|move: Trick Room|[of] p2a: Undying Duck
|
|-heal|p2b: Pest|72/100|[from] Grassy Terrain
|-heal|p2a: Undying Duck|86/100|[from] Grassy Terrain
|-heal|p1b: Gholdengo|82/100|[from] Grassy Terrain
|upkeep
|turn|3
|
|t:|1757791229
|switch|p2b: Olive You|Arboliva, L50, F|100/100
|switch|p1a: Rillaboom|Rillaboom, L50, F|100/100
|move|p2a: Undying Duck|Shadow Ball|p1b: Gholdengo
|-supereffective|p1b: Gholdengo
|-damage|p1b: Gholdengo|35/100
|-unboost|p1b: Gholdengo|spd|1
|move|p1b: Gholdengo|Make It Rain|p2b: Olive You|[spread] p2a,p2b
|-damage|p2a: Undying Duck|55/100
|-damage|p2b: Olive You|40/100
|-unboost|p1b: Gholdengo|spa|1
|-damage|p1b: Gholdengo|25/100|[from] item: Life Orb
|
|-heal|p2b: Olive You|46/100|[from] Grassy Terrain
|-heal|p2a: Undying Duck|61/100|[from] Grassy Terrain
|-heal|p1b: Gholdengo|31/100|[from] Grassy Terrain
|upkeep
|turn|4
|
|t:|1757791253
|switch|p1b: Ursaluna|Ursaluna-Bloodmoon, L50, M|100/100 slp
|-terastallize|p2b: Olive You|Fairy
|move|p1a: Rillaboom|Grassy Glide|p2a: Undying Duck
|-damage|p2a: Undying Duck|37/100
|move|p2b: Olive You|Dazzling Gleam|p1b: Ursaluna|[spread] p1a,p1b
|-damage|p1a: Rillaboom|53/100
|-damage|p1b: Ursaluna|68/100 slp
|move|p2a: Undying Duck|Shadow Ball|p1b: Ursaluna
|-immune|p1b: Ursaluna
|
|-heal|p2b: Olive You|52/100|[from] Grassy Terrain
|-heal|p2a: Undying Duck|42/100|[from] Grassy Terrain
|-heal|p1b: Ursaluna|74/100 slp|[from] Grassy Terrain
|-heal|p1a: Rillaboom|58/100|[from] Grassy Terrain
|upkeep
|turn|5
|
|t:|1757791271
|move|p2b: Olive You|Dazzling Gleam|p1b: Ursaluna|[spread] p1a,p1b
|-damage|p1a: Rillaboom|11/100
|-damage|p1b: Ursaluna|39/100 slp
|move|p2a: Undying Duck|Tera Blast|p1b: Ursaluna
|-damage|p1b: Ursaluna|21/100 slp
|cant|p1b: Ursaluna|slp
|move|p1a: Rillaboom|Wood Hammer|p2a: Undying Duck
|-damage|p2a: Undying Duck|0 fnt
|faint|p2a: Undying Duck
|-damage|p1a: Rillaboom|0 fnt|[from] Recoil
|faint|p1a: Rillaboom
|
|-heal|p2b: Olive You|58/100|[from] Grassy Terrain
|-heal|p1b: Ursaluna|27/100 slp|[from] Grassy Terrain
|-fieldend|move: Grassy Terrain
|upkeep
|
|t:|1757791281
|switch|p2a: Bear with me|Ursaluna, L50, M|100/100
|switch|p1a: Gholdengo|Gholdengo, L50|31/100
|turn|6
|
|t:|1757791291
|move|p1a: Gholdengo|Protect|p1a: Gholdengo
|-singleturn|p1a: Gholdengo|Protect
|move|p2b: Olive You|Dazzling Gleam|p1a: Gholdengo|[spread] p1b
|-activate|p1a: Gholdengo|move: Protect
|-damage|p1b: Ursaluna|0 fnt
|faint|p1b: Ursaluna
|move|p2a: Bear with me|Headlong Rush|p1a: Gholdengo
|-activate|p1a: Gholdengo|move: Protect
|
|-fieldend|move: Trick Room
|-status|p2a: Bear with me|brn|[from] item: Flame Orb
|upkeep
|
|t:|1757791296
|switch|p1b: Dragonite|Dragonite, L50, F|100/100
|turn|7
|
|t:|1757791312
|move|p1a: Gholdengo|Make It Rain|p2a: Bear with me|[spread] p2a,p2b
|-supereffective|p2b: Olive You
|-damage|p2a: Bear with me|48/100 brn
|-damage|p2b: Olive You|0 fnt
|-unboost|p1a: Gholdengo|spa|1
|-fieldstart|move: Grassy Terrain|[from] ability: Seed Sower|[of] p2b: Olive You
|faint|p2b: Olive You
|-damage|p1a: Gholdengo|21/100|[from] item: Life Orb
|move|p1b: Dragonite|Scale Shot|p2a: Bear with me
|-damage|p2a: Bear with me|38/100 brn
|-damage|p2a: Bear with me|27/100 brn
|-crit|p2a: Bear with me
|-damage|p2a: Bear with me|11/100 brn
|-damage|p2a: Bear with me|0 fnt
|faint|p2a: Bear with me
|-hitcount|p2: Bear with me|4
|-unboost|p1b: Dragonite|def|1
|-boost|p1b: Dragonite|spe|1
|
|-heal|p1a: Gholdengo|28/100|[from] Grassy Terrain
|upkeep
|
|t:|1757791316
|switch|p2b: Pest|Amoonguss, L50, F|100/100
|turn|8
|
|t:|1757791330
|-terastallize|p1a: Gholdengo|Water
|move|p1b: Dragonite|Scale Shot|p2b: Pest
|-damage|p2b: Pest|86/100
|-damage|p2b: Pest|73/100
|-damage|p2b: Pest|61/100
|-damage|p2b: Pest|46/100
|-damage|p2b: Pest|32/100
|-hitcount|p2b: Pest|5
|-unboost|p1b: Dragonite|def|1
|-boost|p1b: Dragonite|spe|1
|move|p1a: Gholdengo|Nasty Plot|p1a: Gholdengo
|-boost|p1a: Gholdengo|spa|2
|move|p2b: Pest|Foul Play|p1a: Gholdengo
|-damage|p1a: Gholdengo|14/100
|
|-heal|p1a: Gholdengo|20/100|[from] Grassy Terrain
|-heal|p2b: Pest|38/100|[from] Grassy Terrain
|upkeep
|turn|9
|
|t:|1757791334
|move|p1b: Dragonite|Scale Shot|p2b: Pest
|-damage|p2b: Pest|24/100
|-damage|p2b: Pest|11/100
|-damage|p2b: Pest|0 fnt
|faint|p2b: Pest
|-hitcount|p2: Pest|3
|
|win|chineseobama
||chineseobama is ready for game 2.
||Wikdchikn is ready for game 2.
|uhtml|next|Next: Game 2 of 3
|l|☆Wikdchikn
|player|p2|
