|j|☆acarovgc
|j|☆fili53
|html|acarovgcfili53    
|uhtml|bestof|Game 3 of a best-of-3
|t:|1785677007
|gametype|doubles
|player|p1|acarovgc|169|1264
|player|p2|fili53|cress|1306
|gen|9
|tier|[Gen 9 Champions] VGC 2026 Reg M-B (Bo3)
|rated|
|rule|Species Clause: Limit one of each Pokémon
|rule|Item Clause: Limit 1 of each item
|clearpoke
|poke|p1|Milotic, L50, F|
|poke|p1|Incineroar, L50, M|
|poke|p1|Sinistcha, L50|
|poke|p1|Gholdengo, L50, shiny|
|poke|p1|Floette-Eternal, L50, F|
|poke|p1|Garchomp, L50, M|
|poke|p2|Ninetales-Alola, L50, M|
|poke|p2|Vivillon-Fancy, L50, M|
|poke|p2|Kingambit, L50, M|
|poke|p2|Garchomp, L50, M|
|poke|p2|Glimmora, L50, M|
|poke|p2|Blaziken, L50, F|
|teampreview|4
|showteam|p1|Milotic||Leftovers|Competitive|Scald,IcyWind,Recover,Protect|Modest||F|||50|]Incineroar||PasshoBerry|Intimidate|FakeOut,FlareBlitz,DarkestLariat,PartingShot|Adamant||M|||50|]Sinistcha||SitrusBerry|Hospitality|MatchaGotcha,LifeDew,RagePowder,TrickRoom|Relaxed|||||50|]Gholdengo||ExpertBelt|GoodasGold|MakeItRain,ShadowBall,NastyPlot,Protect|Modest|||||50|]Floette-Eternal||Floettite|FlowerVeil|DazzlingGleam,Moonblast,CalmMind,Protect|Timid||F|||50|]Garchomp||LifeOrb|RoughSkin|DragonClaw,Earthquake,RockSlide,Protect|Jolly||M|||50|
|showteam|p2|Ninetales-Alola||ChoiceScarf|SnowWarning|Blizzard,FreezeDry,IcyWind,Moonblast|Timid||M|||50|]Vivillon-Fancy||FocusSash|CompoundEyes|Hurricane,SleepPowder,Tailwind,Protect|Timid||M|||50|]Kingambit||ChopleBerry|Defiant|KowtowCleave,SuckerPunch,IronHead,Protect|Adamant||M|||50|]Garchomp||LifeOrb|RoughSkin|DragonClaw,RockSlide,Earthquake,Protect|Jolly||M|||50|]Glimmora||Glimmoranite|ToxicDebris|PowerGem,SludgeBomb,EarthPower,SpikyShield|Modest||M|||50|]Blaziken||Blazikenite|SpeedBoost|FlareBlitz,CloseCombat,RockSlide,Protect|Adamant||F|||50|
|inactive|Battle timer is ON: inactive players will automatically lose when time's up. (requested by fili53)
|
|t:|1785677035
|teamsize|p1|4
|teamsize|p2|4
|start
|switch|p1a: Floette|Floette-Eternal, L50, F|100/100
|switch|p1b: Milotic|Milotic, L50, F|100/100
|switch|p2a: Kingambit|Kingambit, L50, M|100/100
|switch|p2b: Ninetales|Ninetales-Alola, L50, M|100/100
|-weather|Snowscape|[from] ability: Snow Warning|[of] p2b: Ninetales
|turn|1
|
|t:|1785677048
|detailschange|p1a: Floette|Floette-Mega, L50, F
|-mega|p1a: Floette|Floette|Floettite
|-ability|p1a: Floette|Fairy Aura
|move|p2b: Ninetales|Freeze-Dry|p1b: Milotic
|-supereffective|p1b: Milotic|1
|-damage|p1b: Milotic|59/100
|move|p1a: Floette|Moonblast|p2a: Kingambit
|-damage|p2a: Kingambit|37/100
|move|p1b: Milotic|Scald|p2a: Kingambit
|-damage|p2a: Kingambit|5/100
|move|p2a: Kingambit|Iron Head|p1a: Floette
|-supereffective|p1a: Floette|1
|-damage|p1a: Floette|1/100
|
|-weather|Snowscape|[upkeep]
|-heal|p1b: Milotic|65/100|[from] item: Leftovers
|upkeep
|turn|2
|inactive|acarovgc has 30 seconds left.
|inactive|fili53 has 30 seconds left.
|inactive|acarovgc has 20 seconds left.
|inactive|fili53 has 20 seconds left.
|
|t:|1785677085
|move|p1a: Floette|Protect|p1a: Floette
|-singleturn|p1a: Floette|Protect
|move|p2a: Kingambit|Protect|p2a: Kingambit
|-singleturn|p2a: Kingambit|Protect
|move|p2b: Ninetales|Freeze-Dry|p1b: Milotic
|-supereffective|p1b: Milotic|1
|-damage|p1b: Milotic|28/100
|move|p1b: Milotic|Icy Wind|p2a: Kingambit|[spread] p2b
|-activate|p2a: Kingambit|move: Protect
|-resisted|p2b: Ninetales|1
|-damage|p2b: Ninetales|94/100
|-unboost|p2b: Ninetales|spe|1
|
|-weather|Snowscape|[upkeep]
|-heal|p1b: Milotic|34/100|[from] item: Leftovers
|upkeep
|turn|3
|
|t:|1785677108
|switch|p1a: Incineroar|Incineroar, L50, M|100/100
|-ability|p1a: Incineroar|Intimidate|boost
|-unboost|p2a: Kingambit|atk|1
|-ability|p2a: Kingambit|Defiant|boost
|-boost|p2a: Kingambit|atk|2
|-unboost|p2b: Ninetales|atk|1
|switch|p2a: Blaziken|Blaziken, L50, F|100/100
|move|p2b: Ninetales|Freeze-Dry|p1a: Incineroar
|-resisted|p1a: Incineroar|1
|-damage|p1a: Incineroar|89/100
|move|p1b: Milotic|Recover|p1b: Milotic
|-heal|p1b: Milotic|84/100
|
|-weather|Snowscape|[upkeep]
|-heal|p1b: Milotic|90/100|[from] item: Leftovers
|upkeep
|turn|4
|inactive|fili53 has 30 seconds left.
|
|t:|1785677136
|detailschange|p2a: Blaziken|Blaziken-Mega, L50, F
|-mega|p2a: Blaziken|Blaziken|Blazikenite
|move|p2a: Blaziken|Protect|p2a: Blaziken
|-singleturn|p2a: Blaziken|Protect
|move|p2b: Ninetales|Freeze-Dry|p1b: Milotic
|-supereffective|p1b: Milotic|1
|-damage|p1b: Milotic|50/100y
|move|p1b: Milotic|Scald|p2a: Blaziken
|-activate|p2a: Blaziken|move: Protect
|move|p1a: Incineroar|Parting Shot|p2b: Ninetales
|-unboost|p2b: Ninetales|atk|1
|-unboost|p2b: Ninetales|spa|1
|
|t:|1785677150
|switch|p1a: Floette|Floette-Mega, L50, F|1/100|[from] Parting Shot
|-ability|p1a: Floette|Fairy Aura
|
|-weather|Snowscape|[upkeep]
|-heal|p1b: Milotic|56/100|[from] item: Leftovers
|-ability|p2a: Blaziken|Speed Boost|boost
|-boost|p2a: Blaziken|spe|1
|upkeep
|turn|5
|
|t:|1785677163
|move|p1b: Milotic|Protect|p1b: Milotic
|-singleturn|p1b: Milotic|Protect
|move|p2a: Blaziken|Rock Slide|p1b: Milotic|[spread] p1a
|-activate|p1b: Milotic|move: Protect
|-damage|p1a: Floette|0 fnt
|faint|p1a: Floette
|move|p2b: Ninetales|Freeze-Dry|p1b: Milotic
|-activate|p1b: Milotic|move: Protect
|
|-weather|none
|-heal|p1b: Milotic|62/100|[from] item: Leftovers
|-ability|p2a: Blaziken|Speed Boost|boost
|-boost|p2a: Blaziken|spe|1
|upkeep
|
|t:|1785677172
|switch|p1a: Incineroar|Incineroar, L50, M|89/100
|-ability|p1a: Incineroar|Intimidate|boost
|-unboost|p2a: Blaziken|atk|1
|-unboost|p2b: Ninetales|atk|1
|turn|6
|inactive|fili53 has 30 seconds left.
|
|t:|1785677206
|switch|p2b: Kingambit|Kingambit, L50, M|5/100
|move|p2a: Blaziken|Protect|p2a: Blaziken
|-singleturn|p2a: Blaziken|Protect
|move|p1b: Milotic|Scald|p2a: Blaziken
|-activate|p2a: Blaziken|move: Protect
|move|p1a: Incineroar|Flare Blitz|p2b: Kingambit
|-supereffective|p2b: Kingambit|1
|-damage|p2b: Kingambit|0 fnt
|faint|p2b: Kingambit
|-damage|p1a: Incineroar|87/100|[from] Recoil
|
|-heal|p1b: Milotic|68/100|[from] item: Leftovers
|-ability|p2a: Blaziken|Speed Boost|boost
|-boost|p2a: Blaziken|spe|1
|upkeep
|
|t:|1785677218
|switch|p2b: Garchomp|Garchomp, L50, M|100/100
|turn|7
|inactive|acarovgc has 30 seconds left.
|inactive|fili53 has 30 seconds left.
|inactive|fili53 has 20 seconds left.
|inactive|fili53 has 15 seconds left.
|
|t:|1785677259
|switch|p1a: Garchomp|Garchomp, L50, M|100/100
|move|p2b: Garchomp|Protect|p2b: Garchomp
|-singleturn|p2b: Garchomp|Protect
|move|p2a: Blaziken|Close Combat|p1a: Garchomp
|-damage|p1a: Garchomp|48/100
|-unboost|p2a: Blaziken|def|1
|-unboost|p2a: Blaziken|spd|1
|-damage|p2a: Blaziken|87/100|[from] ability: Rough Skin|[of] p1a: Garchomp
|move|p1b: Milotic|Scald|p2a: Blaziken
|-supereffective|p2a: Blaziken|1
|-damage|p2a: Blaziken|0 fnt
|faint|p2a: Blaziken
|
|-heal|p1b: Milotic|75/100|[from] item: Leftovers
|upkeep
|
|t:|1785677263
|switch|p2a: Ninetales|Ninetales-Alola, L50, M|94/100
|-weather|Snowscape|[from] ability: Snow Warning|[of] p2a: Ninetales
|turn|8
|inactive|fili53 has 30 seconds left.
|
|t:|1785677295
|switch|p1a: Incineroar|Incineroar, L50, M|87/100
|-ability|p1a: Incineroar|Intimidate|boost
|-unboost|p2a: Ninetales|atk|1
|-unboost|p2b: Garchomp|atk|1
|move|p2a: Ninetales|Moonblast|p1a: Incineroar
|-damage|p1a: Incineroar|55/100
|move|p2b: Garchomp|Earthquake|p1b: Milotic|[spread] p2a,p1a,p1b
|-supereffective|p1a: Incineroar|1
|-damage|p2a: Ninetales|62/100
|-damage|p1a: Incineroar|0 fnt
|-damage|p1b: Milotic|38/100
|faint|p1a: Incineroar
|-damage|p2b: Garchomp|90/100|[from] item: Life Orb
|move|p1b: Milotic|Icy Wind|p2a: Ninetales|[spread] p2a,p2b
|-resisted|p2a: Ninetales|1
|-supereffective|p2b: Garchomp|2
|-damage|p2a: Ninetales|55/100
|-damage|p2b: Garchomp|36/100
|-unboost|p2a: Ninetales|spe|1
|-unboost|p2b: Garchomp|spe|1
|
|-weather|Snowscape|[upkeep]
|-heal|p1b: Milotic|44/100|[from] item: Leftovers
|upkeep
|
|t:|1785677311
|switch|p1a: Garchomp|Garchomp, L50, M|48/100
|turn|9
|
|t:|1785677321
|move|p1a: Garchomp|Protect|p1a: Garchomp
|-singleturn|p1a: Garchomp|Protect
|move|p1b: Milotic|Protect|p1b: Milotic
|-singleturn|p1b: Milotic|Protect
|move|p2a: Ninetales|Moonblast|p1b: Milotic
|-activate|p1b: Milotic|move: Protect
|move|p2b: Garchomp|Dragon Claw|p1b: Milotic
|-activate|p1b: Milotic|move: Protect
|
|-weather|Snowscape|[upkeep]
|-heal|p1b: Milotic|50/100g|[from] item: Leftovers
|upkeep
|turn|10
|
|t:|1785677341
|move|p2b: Garchomp|Protect|p2b: Garchomp
|-singleturn|p2b: Garchomp|Protect
|move|p2a: Ninetales|Moonblast|p1a: Garchomp
|-supereffective|p1a: Garchomp|1
|-damage|p1a: Garchomp|0 fnt
|faint|p1a: Garchomp
|move|p1b: Milotic|Icy Wind|p2a: Ninetales|[spread] p2a
|-activate|p2b: Garchomp|move: Protect
|-resisted|p2a: Ninetales|1
|-damage|p2a: Ninetales|49/100
|-unboost|p2a: Ninetales|spe|1
|
|-weather|Snowscape|[upkeep]
|-heal|p1b: Milotic|56/100|[from] item: Leftovers
|upkeep
|turn|11
|
|t:|1785677356
|move|p1b: Milotic|Protect|p1b: Milotic
|-singleturn|p1b: Milotic|Protect
|move|p2a: Ninetales|Moonblast|p1b: Milotic
|-activate|p1b: Milotic|move: Protect
|move|p2b: Garchomp|Dragon Claw|p1b: Milotic
|-activate|p1b: Milotic|move: Protect
|
|-weather|Snowscape|[upkeep]
|-heal|p1b: Milotic|63/100|[from] item: Leftovers
|upkeep
|turn|12
|
|t:|1785677376
|move|p2a: Ninetales|Moonblast|p1b: Milotic
|-damage|p1b: Milotic|34/100
|move|p1b: Milotic|Icy Wind|p2b: Garchomp|[spread] p2a,p2b
|-resisted|p2a: Ninetales|1
|-supereffective|p2b: Garchomp|2
|-crit|p2b: Garchomp
|-damage|p2a: Ninetales|42/100
|-damage|p2b: Garchomp|0 fnt
|-unboost|p2a: Ninetales|spe|1
|faint|p2b: Garchomp
|
|-weather|none
|-heal|p1b: Milotic|41/100|[from] item: Leftovers
|upkeep
|turn|13
|
|t:|1785677383
|move|p1b: Milotic|Protect|p1b: Milotic
|-singleturn|p1b: Milotic|Protect
|move|p2a: Ninetales|Moonblast|p1b: Milotic
|-activate|p1b: Milotic|move: Protect
|
|-heal|p1b: Milotic|47/100|[from] item: Leftovers
|upkeep
|turn|14
|
|t:|1785677385
|move|p1b: Milotic|Recover|p1b: Milotic
|-heal|p1b: Milotic|97/100
|move|p2a: Ninetales|Moonblast|p1b: Milotic
|-damage|p1b: Milotic|72/100
|
|-heal|p1b: Milotic|78/100|[from] item: Leftovers
|upkeep
|turn|15
|-message|fili53 forfeited.
|
|win|acarovgc
|raw|acarovgc's rating: 1264 → 1292(+28 for winning)
|raw|fili53's rating: 1306 → 1284(-22 for losing)
|l|☆fili53
|player|p2|
|j|☆fili53
|player|p2|fili53|cress|
