|j|☆jagheter
|j|☆zoan lover
|html|jagheterzoan lover    
|uhtml|bestof|Game 2 of a best-of-3
|t:|1756996603
|gametype|doubles
|player|p1|jagheter|worker|1224
|player|p2|zoan lover|blackbelt-gen4dp|1186
|gen|9
|tier|[Gen 9] VGC 2025 Reg H (Bo3)
|rated|
|rule|Species Clause: Limit one of each Pokémon
|rule|Item Clause: Limit 1 of each item
|clearpoke
|poke|p1|Venusaur, L50, M|
|poke|p1|Sneasler, L50, M|
|poke|p1|Dondozo, L50, M|
|poke|p1|Volcarona, L50, F|
|poke|p1|Rillaboom, L50, M|
|poke|p1|Incineroar, L50, M|
|poke|p2|Sneasler, L50, F|
|poke|p2|Indeedee, L50, M|
|poke|p2|Volcarona, L50, M|
|poke|p2|Ursaluna-Bloodmoon, L50, M|
|poke|p2|Annihilape, L50, F|
|poke|p2|Tyranitar, L50, M|
|teampreview|4
|showteam|p1|Venusaur||WideLens|Chlorophyll|SleepPowder,Protect,SludgeBomb,EarthPower|||M|||50|,,,,,Ghost]Sneasler||GrassySeed|Unburden|Coaching,DireClaw,CloseCombat,Protect|||M|||50|,,,,,Stellar]Dondozo||Leftovers|Unaware|Fissure,Protect,Liquidation,Yawn|||M|||50|,,,,,Poison]Volcarona||CovertCloak|FlameBody|FieryDance,TeraBlast,QuiverDance,Protect|||F|||50|,,,,,Fairy]Rillaboom||AssaultVest|GrassySurge|FakeOut,WoodHammer,GrassyGlide,HighHorsepower|||M|||50|,,,,,Fire]Incineroar||SafetyGoggles|Intimidate|FakeOut,KnockOff,PartingShot,FlareBlitz|||M|||50|,,,,,Bug
|showteam|p2|Sneasler||PsychicSeed|Unburden|CloseCombat,DireClaw,ThroatChop,Protect|||F|||50|,,,,,Dark]Indeedee||ChoiceScarf|PsychicSurge|ExpandingForce,TeraBlast,Trick,Protect|||M|||50|,,,,,Psychic]Volcarona||SitrusBerry|FlameBody|Overheat,StruggleBug,RagePowder,Tailwind|||M|||50|,,,,,Grass]Ursaluna-Bloodmoon||LifeOrb|MindsEye|BloodMoon,HyperVoice,EarthPower,Protect|||M|||50|,,,,,Normal]Annihilape||SafetyGoggles|Defiant|CloseCombat,RageFist,Taunt,FinalGambit|||F|||50|,,,,,Fairy]Tyranitar||AssaultVest|SandStream|RockSlide,KnockOff,TeraBlast,LowKick|||M|||50|,,,,,Flying
|inactive|Battle timer is ON: inactive players will automatically lose when time's up. (requested by zoan lover)
|
|t:|1756996629
|teamsize|p1|4
|teamsize|p2|4
|start
|switch|p1a: ITOSHI|Sneasler, L50, M, shiny|100/100
|switch|p1b: PITUFO-M|Rillaboom, L50, M, shiny|100/100
|switch|p2a: Sneasler|Sneasler, L50, F|100/100
|switch|p2b: Ursaluna|Ursaluna-Bloodmoon, L50, M|100/100
|-fieldstart|move: Grassy Terrain|[from] ability: Grassy Surge|[of] p1b: PITUFO-M
|-enditem|p1a: ITOSHI|Grassy Seed
|-boost|p1a: ITOSHI|def|1|[from] item: Grassy Seed
|turn|1
|
|t:|1756996649
|switch|p1b: YUKIMIYA|Incineroar, L50, M, shiny|100/100
|-ability|p1b: YUKIMIYA|Intimidate|boost
|-unboost|p2a: Sneasler|atk|1
|-unboost|p2b: Ursaluna|atk|1
|switch|p2b: Volcarona|Volcarona, L50, M|100/100
|move|p2a: Sneasler|Protect|p2a: Sneasler
|-singleturn|p2a: Sneasler|Protect
|move|p1a: ITOSHI|Close Combat|p2b: Volcarona
|-resisted|p2b: Volcarona
|-damage|p2b: Volcarona|64/100
|-unboost|p1a: ITOSHI|def|1
|-unboost|p1a: ITOSHI|spd|1
|
|-heal|p2b: Volcarona|70/100|[from] Grassy Terrain
|upkeep
|turn|2
|inactive|zoan lover has 30 seconds left.
|inactive|zoan lover has 20 seconds left.
|
|t:|1756996689
|-terastallize|p1b: YUKIMIYA|Bug
|move|p1a: ITOSHI|Coaching|p1b: YUKIMIYA
|-boost|p1b: YUKIMIYA|atk|1
|-boost|p1b: YUKIMIYA|def|1
|move|p2a: Sneasler|Close Combat|p1b: YUKIMIYA
|-resisted|p1b: YUKIMIYA
|-damage|p1b: YUKIMIYA|89/100
|-unboost|p2a: Sneasler|def|1
|-unboost|p2a: Sneasler|spd|1
|move|p2b: Volcarona|Tailwind|p2b: Volcarona
|-sidestart|p2: zoan lover|move: Tailwind
|move|p1b: YUKIMIYA|Flare Blitz|p2b: Volcarona
|-damage|p2b: Volcarona|0 fnt
|faint|p2b: Volcarona
|-damage|p1b: YUKIMIYA|69/100|[from] Recoil
|
|-heal|p1b: YUKIMIYA|75/100|[from] Grassy Terrain
|upkeep
|
|t:|1756996714
|switch|p2b: Indeedee|Indeedee, L50, M|100/100
|-fieldstart|move: Psychic Terrain|[from] ability: Psychic Surge|[of] p2b: Indeedee
|-enditem|p2a: Sneasler|Psychic Seed
|-boost|p2a: Sneasler|spd|1|[from] item: Psychic Seed
|turn|3
|inactive|zoan lover has 30 seconds left.
|
|t:|1756996743
|switch|p2a: Ursaluna|Ursaluna-Bloodmoon, L50, M|100/100
|switch|p1a: PITUFO-M|Rillaboom, L50, M, shiny|100/100
|-fieldstart|move: Grassy Terrain|[from] ability: Grassy Surge|[of] p1a: PITUFO-M
|-terastallize|p2b: Indeedee|Psychic
|move|p2b: Indeedee|Expanding Force|p1b: YUKIMIYA
|-crit|p1b: YUKIMIYA
|-damage|p1b: YUKIMIYA|6/100
|move|p1b: YUKIMIYA|Knock Off|p2b: Indeedee
|-supereffective|p2b: Indeedee
|-damage|p2b: Indeedee|0 fnt
|-enditem|p2b: Indeedee|Choice Scarf|[from] move: Knock Off|[of] p1b: YUKIMIYA
|faint|p2b: Indeedee
|
|-heal|p1b: YUKIMIYA|12/100|[from] Grassy Terrain
|upkeep
|
|t:|1756996757
|switch|p2b: Sneasler|Sneasler, L50, F|100/100
|turn|4
|
|t:|1756996770
|switch|p1b: ITOSHI|Sneasler, L50, M, shiny|100/100
|move|p2a: Ursaluna|Protect|p2a: Ursaluna
|-singleturn|p2a: Ursaluna|Protect
|move|p1a: PITUFO-M|Fake Out|p2a: Ursaluna
|-activate|p2a: Ursaluna|move: Protect
|move|p2b: Sneasler|Dire Claw|p1a: PITUFO-M
|-supereffective|p1a: PITUFO-M
|-damage|p1a: PITUFO-M|15/100
|-status|p1a: PITUFO-M|par
|
|-heal|p1a: PITUFO-M|21/100 par|[from] Grassy Terrain
|upkeep
|turn|5
|inactive|zoan lover has 30 seconds left.
|
|t:|1756996802
|move|p1b: ITOSHI|Protect|p1b: ITOSHI
|-singleturn|p1b: ITOSHI|Protect
|move|p1a: PITUFO-M|Grassy Glide|p2b: Sneasler
|-resisted|p2b: Sneasler
|-damage|p2b: Sneasler|67/100
|move|p2b: Sneasler|Dire Claw|p1a: PITUFO-M
|-supereffective|p1a: PITUFO-M
|-damage|p1a: PITUFO-M|0 fnt
|faint|p1a: PITUFO-M
|move|p2a: Ursaluna|Earth Power|p1b: ITOSHI
|-activate|p1b: ITOSHI|move: Protect
|
|-heal|p2b: Sneasler|73/100|[from] Grassy Terrain
|-sideend|p2: zoan lover|move: Tailwind
|upkeep
|
|t:|1756996813
|switch|p1a: YUKIMIYA|Incineroar, L50, M, shiny, tera:Bug|12/100
|-ability|p1a: YUKIMIYA|Intimidate|boost
|-unboost|p2a: Ursaluna|atk|1
|-unboost|p2b: Sneasler|atk|1
|turn|6
|
|t:|1756996828
|move|p1a: YUKIMIYA|Fake Out|p2b: Sneasler
|-damage|p2b: Sneasler|54/100
|move|p1b: ITOSHI|Close Combat|p2a: Ursaluna
|-supereffective|p2a: Ursaluna
|-damage|p2a: Ursaluna|4/100
|-unboost|p1b: ITOSHI|def|1
|-unboost|p1b: ITOSHI|spd|1
|cant|p2b: Sneasler|flinch
|move|p2a: Ursaluna|Earth Power|p1b: ITOSHI
|-supereffective|p1b: ITOSHI
|-damage|p1b: ITOSHI|0 fnt
|faint|p1b: ITOSHI
|-damage|p2a: Ursaluna|0 fnt|[from] item: Life Orb
|faint|p2a: Ursaluna
|
|-heal|p2b: Sneasler|60/100|[from] Grassy Terrain
|-heal|p1a: YUKIMIYA|18/100|[from] Grassy Terrain
|upkeep
|
|t:|1756996837
|switch|p1b: RICHI|Dondozo, L50, M, shiny|100/100
|turn|7
|
|t:|1756996848
|move|p2b: Sneasler|Protect|p2b: Sneasler
|-singleturn|p2b: Sneasler|Protect
|move|p1a: YUKIMIYA|Flare Blitz|p2b: Sneasler
|-activate|p2b: Sneasler|move: Protect
|move|p1b: RICHI|Liquidation|p2b: Sneasler
|-activate|p2b: Sneasler|move: Protect
|
|-heal|p2b: Sneasler|66/100|[from] Grassy Terrain
|-heal|p1a: YUKIMIYA|24/100|[from] Grassy Terrain
|-fieldend|move: Grassy Terrain
|upkeep
|turn|8
|
|t:|1756996862
|move|p2b: Sneasler|Dire Claw|p1a: YUKIMIYA
|-damage|p1a: YUKIMIYA|0 fnt
|faint|p1a: YUKIMIYA
|move|p1b: RICHI|Yawn|p2b: Sneasler
|-start|p2b: Sneasler|move: Yawn|[of] p1b: RICHI
|
|upkeep
|turn|9
|
|t:|1756996869
|move|p1b: RICHI|Protect|p1b: RICHI
|-singleturn|p1b: RICHI|Protect
|move|p2b: Sneasler|Dire Claw|p1b: RICHI
|-activate|p1b: RICHI|move: Protect
|
|-end|p2b: Sneasler|move: Yawn|[silent]
|-status|p2b: Sneasler|slp
|upkeep
|turn|10
|
|t:|1756996872
|cant|p2b: Sneasler|slp
|move|p1b: RICHI|Liquidation|p2b: Sneasler
|-damage|p2b: Sneasler|13/100 slp
|-unboost|p2b: Sneasler|def|1
|
|upkeep
|turn|11
|
|t:|1756996877
|cant|p2b: Sneasler|slp
|move|p1b: RICHI|Liquidation|p2b: Sneasler
|-damage|p2b: Sneasler|0 fnt
|faint|p2b: Sneasler
|
|win|jagheter
||zoan lover is ready for game 3.
||jagheter is ready for game 3.
|uhtml|next|Next: Game 3 of 3
