|j|☆crimsonkidd
|j|☆defaulttesting
|html|crimsonkidddefaulttesting    
|uhtml|bestof|Game 3 of a best-of-3
|t:|1757639794
|gametype|doubles
|player|p1|crimsonkidd|lance|1110
|player|p2|defaulttesting|plasmagrunt-gen5bw|1039
|gen|9
|tier|[Gen 9] VGC 2025 Reg H (Bo3)
|rated|
|rule|Species Clause: Limit one of each Pokémon
|rule|Item Clause: Limit 1 of each item
|clearpoke
|poke|p1|Talonflame, L50, M|
|poke|p1|Garchomp, L50, F|
|poke|p1|Tyranitar, L50, F|
|poke|p1|Milotic, L50, M|
|poke|p1|Sinistcha, L50|
|poke|p1|Gholdengo, L50|
|poke|p2|Ursaluna-Bloodmoon, L50, M|
|poke|p2|Incineroar, L50, M|
|poke|p2|Electabuzz, L50, F|
|poke|p2|Palafin, L50, F|
|poke|p2|Mimikyu, L50, M|
|poke|p2|Amoonguss, L50, F|
|teampreview|4
|showteam|p1|Talonflame||CovertCloak|GaleWings|DualWingbeat,Tailwind,WillOWisp,Taunt|||M|||50|,,,,,Flying]Garchomp||LifeOrb|RoughSkin|Protect,StompingTantrum,Earthquake,DragonClaw|||F|||50|,,,,,Ground]Tyranitar||AssaultVest|SandStream|RockSlide,KnockOff,LowKick,TeraBlast|||F|||50|,,,,,Flying]Milotic||SafetyGoggles|Competitive|Scald,IcyWind,Haze,Protect|||M|||50|,,,,,Poison]Sinistcha||SitrusBerry|Hospitality|MatchaGotcha,TrickRoom,RagePowder,Imprison||||||50|,,,,,Water]Gholdengo||MetalCoat|GoodasGold|MakeItRain,ShadowBall,NastyPlot,Protect||||||50|,,,,,Flying
|showteam|p2|Ursaluna-Bloodmoon||LifeOrb|MindsEye|HyperVoice,EarthPower,BloodMoon,Protect|||M|||50|,,,,,Normal]Incineroar||SafetyGoggles|Intimidate|PartingShot,FlareBlitz,KnockOff,FakeOut|||M|||50|,,,,,Ghost]Electabuzz||Eviolite|VitalSpirit|VoltSwitch,FollowMe,Taunt,Protect|||F|||50|,,,,,Grass]Palafin||MysticWater|ZerotoHero|CloseCombat,WaveCrash,JetPunch,Protect|||F|||50|,,,,,Stellar]Mimikyu||MentalHerb|Disguise|DazzlingGleam,DestinyBond,TrickRoom,Protect|||M|||50|,,,,,Grass]Amoonguss||RockyHelmet|Regenerator|RagePowder,PollenPuff,Spore,Protect|||F|||50|,,,,,Fire
|inactive|Battle timer is ON: inactive players will automatically lose when time's up. (requested by defaulttesting)
|
|t:|1757639816
|teamsize|p1|4
|teamsize|p2|4
|start
|switch|p1a: Sinistcha|Sinistcha, L50|100/100
|switch|p1b: Milotic|Milotic, L50, M|100/100
|switch|p2a: Palafin|Palafin, L50, F|100/100
|switch|p2b: Mimikyu|Mimikyu, L50, M|100/100
|turn|1
|inactive|defaulttesting has 30 seconds left.
|inactive|defaulttesting has 20 seconds left.
|inactive|defaulttesting has 15 seconds left.
|inactive|defaulttesting has 10 seconds left.
|inactive|defaulttesting has 5 seconds left.
|
|t:|1757639869
|detailschange|p2a: Palafin|Palafin-Hero, L50, F
|switch|p2a: Incineroar|Incineroar, L50, M|100/100
|-ability|p2a: Incineroar|Intimidate|boost
|-unboost|p1a: Sinistcha|atk|1
|-unboost|p1b: Milotic|atk|1
|-ability|p1b: Milotic|Competitive|boost
|-boost|p1b: Milotic|spa|2
|move|p2b: Mimikyu|Dazzling Gleam|p1a: Sinistcha|[spread] p1a,p1b
|-crit|p1a: Sinistcha
|-damage|p1a: Sinistcha|74/100
|-damage|p1b: Milotic|87/100
|move|p1b: Milotic|Scald|p2a: Incineroar
|-supereffective|p2a: Incineroar
|-damage|p2a: Incineroar|0 fnt
|faint|p2a: Incineroar
|move|p1a: Sinistcha|Imprison|p1a: Sinistcha
|-start|p1a: Sinistcha|move: Imprison
|
|upkeep
|
|t:|1757639888
|switch|p2a: Palafin|Palafin-Hero, L50, F|100/100
|-activate|p2a: Palafin|ability: Zero to Hero
|turn|2
|
|t:|1757639912
|-terastallize|p2a: Palafin|Stellar
|move|p2a: Palafin|Wave Crash|p1b: Milotic
|-resisted|p1b: Milotic
|-damage|p1b: Milotic|31/100
|-damage|p2a: Palafin|80/100|[from] Recoil
|move|p2b: Mimikyu|Dazzling Gleam|p1b: Milotic|[spread] p1a,p1b
|-damage|p1a: Sinistcha|58/100
|-damage|p1b: Milotic|19/100
|move|p1b: Milotic|Icy Wind|p2b: Mimikyu|[spread] p2a,p2b
|-resisted|p2a: Palafin
|-damage|p2a: Palafin|67/100
|-activate|p2b: Mimikyu|ability: Disguise
|-damage|p2b: Mimikyu|100/100
|-unboost|p2a: Palafin|spe|1
|-unboost|p2b: Mimikyu|spe|1
|detailschange|p2b: Mimikyu|Mimikyu-Busted, L50, M
|-damage|p2b: Mimikyu|88/100|[from] pokemon: Mimikyu-Busted
|move|p1a: Sinistcha|Matcha Gotcha|p2b: Mimikyu|[spread] p2b
|-miss|p1a: Sinistcha|p2a: Palafin
|-damage|p2b: Mimikyu|62/100
|-heal|p1a: Sinistcha|70/100|[from] drain|[of] p2b: Mimikyu
|
|upkeep
|turn|3
|inactive|crimsonkidd has 30 seconds left.
|inactive|defaulttesting has 30 seconds left.
|inactive|defaulttesting has 20 seconds left.
|
|t:|1757639950
|switch|p2a: Ursaluna|Ursaluna-Bloodmoon, L50, M|100/100
|move|p1b: Milotic|Protect|p1b: Milotic
|-singleturn|p1b: Milotic|Protect
|move|p1a: Sinistcha|Matcha Gotcha|p2b: Mimikyu|[spread] p2a,p2b
|-supereffective|p2a: Ursaluna
|-damage|p2a: Ursaluna|40/100
|-heal|p1a: Sinistcha|100/100|[from] drain|[of] p2a: Ursaluna
|-damage|p2b: Mimikyu|38/100
|move|p2b: Mimikyu|Dazzling Gleam|p1b: Milotic|[spread] p1a
|-activate|p1b: Milotic|move: Protect
|-damage|p1a: Sinistcha|82/100
|
|upkeep
|turn|4
|
|t:|1757639971
|move|p2a: Ursaluna|Protect|p2a: Ursaluna
|-singleturn|p2a: Ursaluna|Protect
|move|p1b: Milotic|Scald|p2a: Ursaluna
|-activate|p2a: Ursaluna|move: Protect
|move|p1a: Sinistcha|Matcha Gotcha|p2a: Ursaluna|[spread] p2b
|-activate|p2a: Ursaluna|move: Protect
|-damage|p2b: Mimikyu|13/100
|-heal|p1a: Sinistcha|93/100|[from] drain|[of] p2b: Mimikyu
|move|p2b: Mimikyu|Dazzling Gleam|p1a: Sinistcha|[spread] p1a,p1b
|-damage|p1a: Sinistcha|76/100
|-damage|p1b: Milotic|7/100
|
|upkeep
|turn|5
|
|t:|1757639986
|switch|p2b: Palafin|Palafin-Hero, L50, F, tera:Stellar|67/100
|move|p1b: Milotic|Protect|p1b: Milotic
|-singleturn|p1b: Milotic|Protect
|move|p1a: Sinistcha|Matcha Gotcha|p2a: Ursaluna|[spread] p2a,p2b
|-supereffective|p2a: Ursaluna
|-supereffective|p2b: Palafin
|-damage|p2a: Ursaluna|0 fnt
|-heal|p1a: Sinistcha|100/100|[from] drain|[of] p2a: Ursaluna
|-damage|p2b: Palafin|14/100
|faint|p2a: Ursaluna
|
|upkeep
|
|t:|1757639996
|switch|p2a: Mimikyu|Mimikyu-Busted, L50, M|13/100
|turn|6
|-message|defaulttesting forfeited.
|
|win|crimsonkidd
|raw|crimsonkidd's rating: 1110 → 1130(+20 for winning)
|raw|defaulttesting's rating: 1039 → 1026(-13 for losing)
|l|☆defaulttesting
|player|p2|
