|j|☆iliteratepineapple
|j|☆hungry hillo
|html|iliteratepineapplehungry hillo    
|uhtml|bestof|Game 2 of a best-of-3
|t:|1756158930
|gametype|doubles
|player|p1|iliteratepineapple|169|
|player|p2|hungry hillo|n|
|gen|9
|tier|[Gen 9] VGC 2025 Reg H (Bo3)
|rule|Species Clause: Limit one of each Pokémon
|rule|Item Clause: Limit 1 of each item
|clearpoke
|poke|p1|Ninetales-Alola, L50, M|
|poke|p1|Gothitelle, L50, M|
|poke|p1|Murkrow, L50, F|
|poke|p1|Incineroar, L50, F|
|poke|p1|Sinistcha-Masterpiece, L50|
|poke|p1|Ursaluna, L50, M|
|poke|p2|Sneasler, L50, M|
|poke|p2|Clefable, L50, F|
|poke|p2|Gholdengo, L50|
|poke|p2|Magmar, L50, M|
|poke|p2|Dragapult, L50, M|
|poke|p2|Rillaboom, L50, M|
|teampreview|4
|showteam|p1|Ninetales-Alola||FocusSash|SnowWarning|Blizzard,Encore,Disable,Protect|||M|||50|,,,,,Dark]Gothitelle||Leftovers|ShadowTag|Protect,Psychic,FakeOut,Taunt|||M|||50|,,,,,Water]Murkrow||Eviolite|Prankster|DualWingbeat,Tailwind,PerishSong,FeatherDance|||F|||50|,,,,,Ghost]Incineroar||AssaultVest|Intimidate|KnockOff,FlareBlitz,Uturn,FakeOut|||F|||50|,,,,,Bug]Sinistcha-Masterpiece||SitrusBerry|Hospitality|MatchaGotcha,RagePowder,TrickRoom,LifeDew||||||50|,,,,,Dark]Ursaluna||FlameOrb|Guts|Facade,HeadlongRush,Earthquake,Protect|||M|||50|,,,,,Ghost
|showteam|p2|Sneasler||FocusSash|Unburden|CloseCombat,DireClaw,Protect,ThroatChop|||M|||50|,,,,,Dark]Clefable||RockyHelmet|Unaware|Moonblast,IcyWind,FollowMe,Protect|||F|||50|,,,,,Steel]Gholdengo||LifeOrb|GoodasGold|MakeItRain,ShadowBall,NastyPlot,Protect||||||50|,,,,,Water]Magmar||Eviolite|VitalSpirit|Taunt,FollowMe,Protect,Overheat|||M|||50|,,,,,Ghost]Dragapult||ChoiceBand|ClearBody|PhantomForce,DragonDarts,SuckerPunch,Uturn|||M|||50|,,,,,Dragon]Rillaboom||AssaultVest|GrassySurge|WoodHammer,GrassyGlide,HighHorsepower,FakeOut|||M|||50|,,,,,Fire
|
|t:|1756158963
|teamsize|p1|4
|teamsize|p2|4
|start
|switch|p1a: Murkrow|Murkrow, L50, F|100/100
|switch|p1b: Incineroar|Incineroar, L50, F|100/100
|switch|p2a: Devil|Clefable, L50, F, shiny|100/100
|switch|p2b: Mr krabe|Gholdengo, L50|100/100
|-ability|p1b: Incineroar|Intimidate|boost
|-unboost|p2a: Devil|atk|1
|-unboost|p2b: Mr krabe|atk|1
|turn|1
|
|t:|1756158981
|-terastallize|p2b: Mr krabe|Water
|move|p1a: Murkrow|Tailwind|p1a: Murkrow
|-sidestart|p1: iliteratepineapple|move: Tailwind
|move|p1b: Incineroar|Knock Off|p2b: Mr krabe
|-damage|p2b: Mr krabe|54/100
|-enditem|p2b: Mr krabe|Life Orb|[from] move: Knock Off|[of] p1b: Incineroar
|move|p2b: Mr krabe|Nasty Plot|p2b: Mr krabe
|-boost|p2b: Mr krabe|spa|2
|move|p2a: Devil|Icy Wind|p1a: Murkrow|[spread] p1a,p1b
|-supereffective|p1a: Murkrow
|-crit|p1a: Murkrow
|-resisted|p1b: Incineroar
|-damage|p1a: Murkrow|65/100
|-damage|p1b: Incineroar|98/100
|-unboost|p1a: Murkrow|spe|1
|-unboost|p1b: Incineroar|spe|1
|
|upkeep
|turn|2
|
|t:|1756159050
|switch|p1a: Sinistcha|Sinistcha-Masterpiece, L50|100/100
|-heal|p1b: Incineroar|100/100|[from] ability: Hospitality|[of] p1a: Sinistcha
|move|p2b: Mr krabe|Protect|p2b: Mr krabe
|-singleturn|p2b: Mr krabe|Protect
|move|p1b: Incineroar|Knock Off|p2a: Devil
|-resisted|p2a: Devil
|-damage|p2a: Devil|81/100
|-damage|p1b: Incineroar|84/100|[from] item: Rocky Helmet|[of] p2a: Devil
|-enditem|p2a: Devil|Rocky Helmet|[from] move: Knock Off|[of] p1b: Incineroar
|move|p2a: Devil|Moonblast|p1a: Sinistcha
|-damage|p1a: Sinistcha|74/100
|
|upkeep
|turn|3
|
|t:|1756159101
|move|p1a: Sinistcha|Matcha Gotcha|p2a: Devil|[spread] p2a,p2b
|-supereffective|p2b: Mr krabe
|-damage|p2a: Devil|59/100
|-heal|p1a: Sinistcha|86/100|[from] drain|[of] p2a: Devil
|-damage|p2b: Mr krabe|3/100
|-heal|p1a: Sinistcha|100/100|[from] drain|[of] p2b: Mr krabe
|move|p2b: Mr krabe|Shadow Ball|p1a: Sinistcha
|-supereffective|p1a: Sinistcha
|-damage|p1a: Sinistcha|0 fnt
|faint|p1a: Sinistcha
|move|p1b: Incineroar|Flare Blitz|p2a: Devil
|-damage|p2a: Devil|14/100
|-damage|p1b: Incineroar|67/100|[from] Recoil
|move|p2a: Devil|Icy Wind|p1b: Incineroar
|-resisted|p1b: Incineroar
|-damage|p1b: Incineroar|63/100
|-unboost|p1b: Incineroar|spe|1
|
|upkeep
|
|t:|1756159123
|switch|p1a: Ursaluna|Ursaluna, L50, M|100/100
|turn|4
|
|t:|1756159131
|switch|p1b: Murkrow|Murkrow, L50, F|65/100
|move|p2b: Mr krabe|Protect|p2b: Mr krabe
|-singleturn|p2b: Mr krabe|Protect
|move|p2a: Devil|Protect|p2a: Devil
|-singleturn|p2a: Devil|Protect
|move|p1a: Ursaluna|Earthquake|p2a: Devil|[spread] 
|-activate|p2a: Devil|move: Protect
|-activate|p2b: Mr krabe|move: Protect
|-immune|p1b: Murkrow
|
|-sideend|p1: iliteratepineapple|move: Tailwind
|-status|p1a: Ursaluna|brn|[from] item: Flame Orb
|upkeep
|turn|5
|
|t:|1756159145
|move|p1b: Murkrow|Tailwind|p1b: Murkrow
|-sidestart|p1: iliteratepineapple|move: Tailwind
|move|p1a: Ursaluna|Earthquake|p2b: Mr krabe|[spread] p2a,p2b
|-immune|p1b: Murkrow
|-damage|p2a: Devil|0 fnt
|-damage|p2b: Mr krabe|0 fnt
|faint|p2a: Devil
|faint|p2b: Mr krabe
|
|-damage|p1a: Ursaluna|95/100 brn|[from] brn
|upkeep
|
|t:|1756159151
|switch|p2b: ƁºƁ|Sneasler, L50, M|100/100
|switch|p2a: Wisper|Dragapult, L50, M|100/100
|turn|6
|
|t:|1756159192
|move|p2b: ƁºƁ|Protect|p2b: ƁºƁ
|-singleturn|p2b: ƁºƁ|Protect
|move|p1b: Murkrow|Dual Wingbeat|p2b: ƁºƁ
|-activate|p2b: ƁºƁ|move: Protect
|move|p2a: Wisper|Dragon Darts|p1a: Ursaluna
|-damage|p1a: Ursaluna|65/100 brn
|-anim|p2a: Wisper|Dragon Darts|p1b: Murkrow
|-damage|p1b: Murkrow|14/100
|move|p1a: Ursaluna|Headlong Rush|p2a: Wisper
|-damage|p2a: Wisper|0 fnt
|-unboost|p1a: Ursaluna|def|1
|-unboost|p1a: Ursaluna|spd|1
|faint|p2a: Wisper
|
|-damage|p1a: Ursaluna|59/100 brn|[from] brn
|upkeep
|turn|7
|
|t:|1756159230
|move|p1b: Murkrow|Dual Wingbeat|p2b: ƁºƁ
|-supereffective|p2b: ƁºƁ
|-damage|p2b: ƁºƁ|50/100
|-supereffective|p2b: ƁºƁ
|-damage|p2b: ƁºƁ|0 fnt
|faint|p2b: ƁºƁ
|-hitcount|p2: ƁºƁ|2
|
|win|iliteratepineapple
||hungry hillo is ready for game 3.
|inactive|iliteratepineapple has 30 seconds to confirm battle start!
