|j|â˜†belinvgc
|j|â˜†Realfrytki
|html|belinvgcRealfrytki    
|uhtml|bestof|Game 3 of a best-of-3
|t:|1755180975
|gametype|doubles
|player|p1|belinvgc|170|1315
|player|p2|Realfrytki|veteranf|1380
|gen|9
|tier|[Gen 9] VGC 2025 Reg H (Bo3)
|rated|
|rule|Species Clause: Limit one of each PokÃ©mon
|rule|Item Clause: Limit 1 of each item
|clearpoke
|poke|p1|Ursaluna-Bloodmoon, L50, M|
|poke|p1|Sinistcha, L50|
|poke|p1|Rillaboom, L50, M|
|poke|p1|Incineroar, L50, M|
|poke|p1|Sneasler, L50, M|
|poke|p1|Kingambit, L50, F|
|poke|p2|Volcarona, L50, F|
|poke|p2|Rillaboom, L50, F|
|poke|p2|Dragonite, L50, F|
|poke|p2|Kingambit, L50, F|
|poke|p2|Sneasler, L50, F|
|poke|p2|Electabuzz, L50, M|
|teampreview|4
|showteam|p1|Ursaluna-Bloodmoon||Leftovers|MindsEye|BloodMoon,EarthPower,CalmMind,Protect|||M|||50|,,,,,Water]Sinistcha||SitrusBerry|Hospitality|MatchaGotcha,RagePowder,LifeDew,TrickRoom||||||50|,,,,,Water]Rillaboom||AssaultVest|GrassySurge|GrassyGlide,DrumBeating,Uturn,FakeOut|||M|||50|,,,,,Fire]Incineroar||FigyBerry|Intimidate|FlareBlitz,KnockOff,PartingShot,FakeOut|||M|||50|,,,,,Grass]Sneasler||GrassySeed|Unburden|DireClaw,CloseCombat,SwordsDance,Protect|||M|||50|,,,,,Stellar]Kingambit||SafetyGoggles|Defiant|KowtowCleave,SuckerPunch,IronHead,Protect|||F|||50|,,,,,Dark
|showteam|p2|Volcarona||Leftovers|FlameBody|HeatWave,TeraBlast,QuiverDance,Protect|||F|||50|,,,,,Fairy]Rillaboom||MiracleSeed|GrassySurge|WoodHammer,GrassyGlide,FakeOut,Protect|||F|||50|,,,,,Fire]Dragonite||LoadedDice|Multiscale|ScaleShot,ExtremeSpeed,Haze,Protect|||F|||50|,,,,,Steel]Kingambit||AssaultVest|Defiant|KowtowCleave,SuckerPunch,IronHead,TeraBlast|||F|||50|,,,,,Flying]Sneasler||FocusSash|Unburden|CloseCombat,DireClaw,Coaching,FakeOut|||F|||50|,,,,,Stellar]Electabuzz||Eviolite|VitalSpirit|Thunderbolt,FollowMe,Taunt,Protect|||M|||50|,,,,,Ghost
|
|t:|1755181027
|teamsize|p1|4
|teamsize|p2|4
|start
|switch|p1a: Rillaboom|Rillaboom, L50, M, shiny|100/100
|switch|p1b: Ursaluna|Ursaluna-Bloodmoon, L50, M|100/100
|switch|p2a: Sneasler|Sneasler, L50, F|100/100
|switch|p2b: Kingambit|Kingambit, L50, F|100/100
|-fieldstart|move: Grassy Terrain|[from] ability: Grassy Surge|[of] p1a: Rillaboom
|turn|1
|
|t:|1755181049
|move|p2a: Sneasler|Fake Out|p1b: Ursaluna
|-damage|p1b: Ursaluna|89/100
|move|p1a: Rillaboom|Fake Out|p2b: Kingambit
|-resisted|p2b: Kingambit
|-damage|p2b: Kingambit|95/100
|cant|p1b: Ursaluna|flinch
|cant|p2b: Kingambit|flinch
|
|-heal|p1b: Ursaluna|96/100|[from] Grassy Terrain
|-heal|p1b: Ursaluna|100/100|[from] item: Leftovers
|-heal|p2b: Kingambit|100/100|[from] Grassy Terrain
|upkeep
|turn|2
|
|t:|1755181076
|-terastallize|p2a: Sneasler|Stellar
|-terastallize|p1b: Ursaluna|Water
|move|p2b: Kingambit|Sucker Punch|p1b: Ursaluna
|-damage|p1b: Ursaluna|70/100
|move|p2a: Sneasler|Close Combat|p1b: Ursaluna
|-damage|p1b: Ursaluna|8/100
|-unboost|p2a: Sneasler|def|1
|-unboost|p2a: Sneasler|spd|1
|move|p1a: Rillaboom|U-turn|p2a: Sneasler
|-resisted|p2a: Sneasler
|-damage|p2a: Sneasler|84/100
|
|t:|1755181098
|switch|p1a: Sinistcha|Sinistcha, L50, shiny|100/100|[from] U-turn
|-heal|p1b: Ursaluna|33/100|[from] ability: Hospitality|[of] p1a: Sinistcha
|move|p1b: Ursaluna|Earth Power|p2a: Sneasler
|-supereffective|p2a: Sneasler
|-crit|p2a: Sneasler
|-damage|p2a: Sneasler|0 fnt
|faint|p2a: Sneasler
|
|-heal|p1b: Ursaluna|39/100|[from] Grassy Terrain
|-heal|p1b: Ursaluna|46/100|[from] item: Leftovers
|upkeep
|
|t:|1755181110
|switch|p2a: Rillaboom|Rillaboom, L50, F|100/100
|turn|3
|
|t:|1755181122
|switch|p1b: Sneasler|Sneasler, L50, M|100/100
|-enditem|p1b: Sneasler|Grassy Seed
|-boost|p1b: Sneasler|def|1|[from] item: Grassy Seed
|move|p2a: Rillaboom|Wood Hammer|p1b: Sneasler
|-resisted|p1b: Sneasler
|-damage|p1b: Sneasler|50/100
|-damage|p2a: Rillaboom|87/100|[from] Recoil
|move|p1a: Sinistcha|Matcha Gotcha|p2b: Kingambit|[spread] p2a,p2b
|-resisted|p2a: Rillaboom
|-resisted|p2b: Kingambit
|-damage|p2a: Rillaboom|72/100
|-damage|p2b: Kingambit|90/100
|move|p2b: Kingambit|Kowtow Cleave|p1a: Sinistcha
|-supereffective|p1a: Sinistcha
|-damage|p1a: Sinistcha|15/100
|-enditem|p1a: Sinistcha|Sitrus Berry|[eat]
|-heal|p1a: Sinistcha|40/100|[from] item: Sitrus Berry
|
|-heal|p1b: Sneasler|56/100|[from] Grassy Terrain
|-heal|p2a: Rillaboom|78/100|[from] Grassy Terrain
|-heal|p1a: Sinistcha|47/100|[from] Grassy Terrain
|-heal|p2b: Kingambit|96/100|[from] Grassy Terrain
|upkeep
|turn|4
|
|t:|1755181160
|move|p2a: Rillaboom|Grassy Glide|p1b: Sneasler
|-resisted|p1b: Sneasler
|-damage|p1b: Sneasler|32/100
|move|p2b: Kingambit|Sucker Punch|p1b: Sneasler
|-resisted|p1b: Sneasler
|-damage|p1b: Sneasler|11/100
|move|p1b: Sneasler|Dire Claw|p2a: Rillaboom
|-supereffective|p2a: Rillaboom
|-damage|p2a: Rillaboom|0 fnt
|faint|p2a: Rillaboom
|move|p1a: Sinistcha|Life Dew|p1a: Sinistcha|[spread] p1a,p1b
|-heal|p1a: Sinistcha|72/100
|-heal|p1b: Sneasler|36/100
|
|-heal|p1b: Sneasler|42/100|[from] Grassy Terrain
|-heal|p1a: Sinistcha|78/100|[from] Grassy Terrain
|-heal|p2b: Kingambit|100/100|[from] Grassy Terrain
|upkeep
|
|t:|1755181176
|switch|p2a: Volcarona|Volcarona, L50, F|100/100
|turn|5
|
|t:|1755181190
|move|p2b: Kingambit|Sucker Punch||[still]
|-fail|p2b: Kingambit
|move|p1b: Sneasler|Close Combat|p2b: Kingambit
|-supereffective|p2b: Kingambit
|-crit|p2b: Kingambit
|-damage|p2b: Kingambit|0 fnt
|-unboost|p1b: Sneasler|def|1
|-unboost|p1b: Sneasler|spd|1
|faint|p2b: Kingambit
|move|p2a: Volcarona|Heat Wave|p1a: Sinistcha|[spread] p1a,p1b
|-supereffective|p1a: Sinistcha
|-damage|p1a: Sinistcha|6/100
|-damage|p1b: Sneasler|0 fnt
|faint|p1b: Sneasler
|move|p1a: Sinistcha|Trick Room|p1a: Sinistcha
|-fieldstart|move: Trick Room|[of] p1a: Sinistcha
|
|-heal|p1a: Sinistcha|12/100|[from] Grassy Terrain
|-fieldend|move: Grassy Terrain
|upkeep
|
|t:|1755181203
|switch|p1b: Ursaluna|Ursaluna-Bloodmoon, L50, M, tera:Water|46/100
|turn|6
|l|â˜†Realfrytki
|player|p2|
|j|â˜†Realfrytki
|player|p2|Realfrytki|veteranf|
|
|t:|1755181246
|move|p1a: Sinistcha|Life Dew|p1a: Sinistcha|[spread] p1a,p1b
|-heal|p1a: Sinistcha|37/100
|-heal|p1b: Ursaluna|71/100
|move|p1b: Ursaluna|Calm Mind|p1b: Ursaluna
|-boost|p1b: Ursaluna|spa|1
|-boost|p1b: Ursaluna|spd|1
|move|p2a: Volcarona|Tera Blast|p1b: Ursaluna
|-damage|p1b: Ursaluna|51/100
|
|-heal|p1b: Ursaluna|57/100|[from] item: Leftovers
|upkeep
|turn|7
|
|t:|1755181260
|switch|p1a: Rillaboom|Rillaboom, L50, M, shiny|100/100
|-fieldstart|move: Grassy Terrain|[from] ability: Grassy Surge|[of] p1a: Rillaboom
|move|p2a: Volcarona|Protect|p2a: Volcarona
|-singleturn|p2a: Volcarona|Protect
|move|p1b: Ursaluna|Calm Mind|p1b: Ursaluna
|-boost|p1b: Ursaluna|spa|1
|-boost|p1b: Ursaluna|spd|1
|
|-heal|p1b: Ursaluna|63/100|[from] Grassy Terrain
|-heal|p1b: Ursaluna|70/100|[from] item: Leftovers
|upkeep
|turn|8
|
|t:|1755181271
|move|p1a: Rillaboom|Fake Out|p2a: Volcarona
|-damage|p2a: Volcarona|84/100
|move|p1b: Ursaluna|Blood Moon|p2a: Volcarona
|-damage|p2a: Volcarona|0 fnt
|faint|p2a: Volcarona
|
|win|belinvgc
|raw|belinvgc's rating: 1315 → 1339(+24 for winning)
|raw|Realfrytki's rating: 1380 → 1356(-24 for losing)
|c|â˜†belinvgc|Ggs
|l|â˜†Realfrytki
|player|p2|
|l|â˜†belinvgc
|player|p1|
|j|â˜†belinvgc
|player|p1|belinvgc|170|
