|j|☆Chrisjhall
|j|☆bruGno
|html|ChrisjhallbruGno    
|uhtml|bestof|Game 1 of a best-of-3
|t:|1786208542
|gametype|doubles
|player|p1|Chrisjhall|169|1338
|player|p2|bruGno|ash-kalos|1367
|gen|9
|tier|[Gen 9 Champions] VGC 2026 Reg M-B (Bo3)
|rated|
|rule|Species Clause: Limit one of each Pokémon
|rule|Item Clause: Limit 1 of each item
|clearpoke
|poke|p1|Incineroar, L50, F|
|poke|p1|Gengar, L50, F|
|poke|p1|Kommo-o, L50, M|
|poke|p1|Swampert, L50, F|
|poke|p1|Politoed, L50, M|
|poke|p1|Vivillon-Pokeball, L50, F|
|poke|p2|Venusaur, L50, M|
|poke|p2|Charizard, L50, M|
|poke|p2|Grimmsnarl, L50, M|
|poke|p2|Archaludon, L50, F|
|poke|p2|Pelipper, L50, F|
|poke|p2|Basculegion, L50, M|
|teampreview|4
|showteam|p1|Incineroar||PasshoBerry|Intimidate|FakeOut,Protect,ThroatChop,PartingShot|Sassy||F|||50|]Gengar||Gengarite|CursedBody|SludgeBomb,ShadowBall,Protect,PerishSong|Modest||F|||50|]Kommo-o||Leftovers|Soundproof|ClangingScales,ClangorousSoul,AuraSphere,Protect|Modest||M|||50|]Swampert||Swampertite|Torrent|WaveCrash,Earthquake,IcePunch,Protect|Adamant||F|||50|]Politoed||SitrusBerry|Drizzle|PerishSong,Encore,WeatherBall,Protect|Calm||M|||50|]Vivillon-Pokeball||FocusSash|CompoundEyes|Hurricane,SleepPowder,RagePowder,Protect|Timid||F|||50|
|showteam|p2|Venusaur||FocusSash|Chlorophyll|SludgeBomb,EarthPower,SleepPowder,Protect|Modest||M|||50|]Charizard||CharizarditeY|Blaze|Protect,HeatWave,SolarBeam,WeatherBall|Modest||M|||50|]Grimmsnarl||LightClay|Prankster|SpiritBreak,LightScreen,Reflect,PartingShot|Sassy||M|||50|]Archaludon||Leftovers|Stamina|ElectroShot,DragonPulse,FlashCannon,Protect|Calm||F|||50|]Pelipper||SitrusBerry|Drizzle|Hurricane,WeatherBall,Tailwind,Protect|Modest||F|||50|]Basculegion||ChoiceScarf|Adaptability|WaveCrash,LastRespects,AquaJet,FlipTurn|Jolly||M|||50|
|
|t:|1786208603
|teamsize|p1|4
|teamsize|p2|4
|start
|switch|p1a: Gengar|Gengar, L50, F|100/100
|switch|p1b: Incineroar|Incineroar, L50, F|100/100
|switch|p2a: Charizard|Charizard, L50, M|100/100
|switch|p2b: Venusaur|Venusaur, L50, M|100/100
|-ability|p1b: Incineroar|Intimidate|boost
|-unboost|p2a: Charizard|atk|1
|-unboost|p2b: Venusaur|atk|1
|turn|1
|inactive|Battle timer is ON: inactive players will automatically lose when time's up. (requested by bruGno)
|
|t:|1786208635
|switch|p2b: Basculegion|Basculegion, L50, M|100/100
|detailschange|p2a: Charizard|Charizard-Mega-Y, L50, M
|-mega|p2a: Charizard|Charizard|Charizardite Y
|-weather|SunnyDay|[from] ability: Drought|[of] p2a: Charizard
|detailschange|p1a: Gengar|Gengar-Mega, L50, F
|-mega|p1a: Gengar|Gengar|Gengarite
|move|p1a: Gengar|Protect|p1a: Gengar
|-singleturn|p1a: Gengar|Protect
|move|p2a: Charizard|Heat Wave|p1a: Gengar|[spread] p1b
|-activate|p1a: Gengar|move: Protect
|-resisted|p1b: Incineroar|1
|-damage|p1b: Incineroar|77/100
|move|p1b: Incineroar|Parting Shot|p2a: Charizard
|-unboost|p2a: Charizard|atk|1
|-unboost|p2a: Charizard|spa|1
|inactive|Chrisjhall has 30 seconds left.
|
|t:|1786208662
|switch|p1b: Kommo-o|Kommo-o, L50, M|100/100|[from] Parting Shot
|
|-weather|SunnyDay|[upkeep]
|upkeep
|turn|2
|inactive|bruGno has 30 seconds left.
|inactive|bruGno has 20 seconds left.
|inactive|bruGno has 15 seconds left.
|
|t:|1786208704
|switch|p1a: Incineroar|Incineroar, L50, F|77/100
|-ability|p1a: Incineroar|Intimidate|boost
|-unboost|p2a: Charizard|atk|1
|-unboost|p2b: Basculegion|atk|1
|move|p2b: Basculegion|Wave Crash|p1a: Incineroar
|-supereffective|p1a: Incineroar|1
|-enditem|p1a: Incineroar|Passho Berry|[eat]
|-enditem|p1a: Incineroar|Passho Berry|[weaken]
|-damage|p1a: Incineroar|55/100
|-damage|p2b: Basculegion|92/100|[from] Recoil
|move|p2a: Charizard|Heat Wave|p1b: Kommo-o|[spread] p1a,p1b
|-resisted|p1a: Incineroar|1
|-resisted|p1b: Kommo-o|1
|-damage|p1a: Incineroar|41/100
|-damage|p1b: Kommo-o|77/100
|move|p1b: Kommo-o|Clangorous Soul|p1b: Kommo-o
|-boost|p1b: Kommo-o|atk|1
|-boost|p1b: Kommo-o|def|1
|-boost|p1b: Kommo-o|spa|1
|-boost|p1b: Kommo-o|spd|1
|-boost|p1b: Kommo-o|spe|1
|-damage|p1b: Kommo-o|45/100
|
|-weather|SunnyDay|[upkeep]
|-heal|p1b: Kommo-o|50/100g|[from] item: Leftovers
|upkeep
|turn|3
|inactive|Chrisjhall has 30 seconds left.
|inactive|bruGno has 30 seconds left.
|inactive|Chrisjhall has 20 seconds left.
|inactive|bruGno has 20 seconds left.
|inactive|bruGno has 15 seconds left.
|inactive|bruGno has 10 seconds left.
|inactive|bruGno has 5 seconds left.
|
|t:|1786208754
|move|p1b: Kommo-o|Clanging Scales|p2a: Charizard|[spread] p2a,p2b
|-damage|p2a: Charizard|58/100
|-damage|p2b: Basculegion|36/100
|-unboost|p1b: Kommo-o|def|1
|move|p2b: Basculegion|Wave Crash|p1b: Kommo-o
|-resisted|p1b: Kommo-o|1
|-damage|p1b: Kommo-o|40/100
|-damage|p2b: Basculegion|33/100|[from] Recoil
|move|p2a: Charizard|Weather Ball|p1a: Incineroar
|-resisted|p1a: Incineroar|1
|-damage|p1a: Incineroar|18/100
|move|p1a: Incineroar|Parting Shot|p2b: Basculegion
|-unboost|p2b: Basculegion|atk|1
|-unboost|p2b: Basculegion|spa|1
|
|t:|1786208774
|switch|p1a: Gengar|Gengar-Mega, L50, F|100/100|[from] Parting Shot
|
|-weather|SunnyDay|[upkeep]
|-heal|p1b: Kommo-o|46/100|[from] item: Leftovers
|upkeep
|turn|4
|
|t:|1786208786
|switch|p2b: Venusaur|Venusaur, L50, M|100/100
|move|p2a: Charizard|Protect|p2a: Charizard
|-singleturn|p2a: Charizard|Protect
|move|p1b: Kommo-o|Clanging Scales|p2b: Venusaur|[spread] p2b
|-activate|p2a: Charizard|move: Protect
|-damage|p2b: Venusaur|36/100
|-unboost|p1b: Kommo-o|def|1
|move|p1a: Gengar|Sludge Bomb|p2a: Charizard
|-activate|p2a: Charizard|move: Protect
|
|-weather|SunnyDay|[upkeep]
|-heal|p1b: Kommo-o|52/100|[from] item: Leftovers
|upkeep
|turn|5
|inactive|bruGno has 30 seconds left.
|inactive|bruGno has 20 seconds left.
|
|t:|1786208821
|move|p1b: Kommo-o|Protect|p1b: Kommo-o
|-singleturn|p1b: Kommo-o|Protect
|move|p1a: Gengar|Protect|p1a: Gengar
|-singleturn|p1a: Gengar|Protect
|move|p2b: Venusaur|Earth Power|p1a: Gengar
|-activate|p1a: Gengar|move: Protect
|move|p2a: Charizard|Heat Wave|p1a: Gengar|[spread] 
|-activate|p1a: Gengar|move: Protect
|-activate|p1b: Kommo-o|move: Protect
|
|-weather|none
|-heal|p1b: Kommo-o|58/100|[from] item: Leftovers
|upkeep
|turn|6
|
|t:|1786208835
|move|p1b: Kommo-o|Clanging Scales|p2b: Venusaur|[spread] p2a,p2b
|-damage|p2a: Charizard|13/100
|-damage|p2b: Venusaur|0 fnt
|faint|p2b: Venusaur
|-unboost|p1b: Kommo-o|def|1
|move|p1a: Gengar|Sludge Bomb|p2a: Charizard
|-damage|p2a: Charizard|0 fnt
|faint|p2a: Charizard
|
|-heal|p1b: Kommo-o|64/100|[from] item: Leftovers
|upkeep
|
|t:|1786208841
|switch|p2a: Basculegion|Basculegion, L50, M|33/100
|switch|p2b: Archaludon|Archaludon, L50, F|100/100
|turn|7
|
|t:|1786208860
|move|p1b: Kommo-o|Clanging Scales|p2a: Basculegion|[spread] p2a,p2b
|-crit|p2a: Basculegion
|-damage|p2a: Basculegion|0 fnt
|-damage|p2b: Archaludon|51/100
|-ability|p2b: Archaludon|Stamina|boost
|-boost|p2b: Archaludon|def|1
|faint|p2a: Basculegion
|-unboost|p1b: Kommo-o|def|1
|move|p1a: Gengar|Perish Song|p1a: Gengar
|-start|p1a: Gengar|perish3|[silent]
|-immune|p1b: Kommo-o|[from] ability: Soundproof
|-start|p2b: Archaludon|perish3|[silent]
|-fieldactivate|move: Perish Song
|move|p2b: Archaludon|Dragon Pulse|p1b: Kommo-o
|-supereffective|p1b: Kommo-o|1
|-damage|p1b: Kommo-o|14/100
|
|-heal|p1b: Kommo-o|19/100|[from] item: Leftovers
|-heal|p2b: Archaludon|57/100|[from] item: Leftovers
|-start|p1a: Gengar|perish3
|-start|p2b: Archaludon|perish3
|upkeep
|turn|8
|-message|bruGno forfeited.
|
|win|Chrisjhall
|l|☆bruGno
|player|p2|
||bruGno is ready for game 2.
||Chrisjhall is ready for game 2.
|uhtml|next|Next: Game 2 of 3
|j|☆bruGno
|player|p2|bruGno|ash-kalos|
