|j|☆Snowball_seer
|j|☆seria soneub 2025
|html|Snowball_seerseria soneub 2025    
|uhtml|bestof|Game 2 of a best-of-3
|t:|1756316169
|gametype|doubles
|player|p1|Snowball_seer|allister-masters|
|player|p2|seria soneub 2025|youngster-gen4dp|
|gen|9
|tier|[Gen 9] VGC 2025 Reg H (Bo3)
|rule|Species Clause: Limit one of each Pokémon
|rule|Item Clause: Limit 1 of each item
|clearpoke
|poke|p1|Annihilape, L50, F|
|poke|p1|Maushold-Four, L50|
|poke|p1|Gholdengo, L50|
|poke|p1|Rillaboom, L50, F|
|poke|p1|Ninetales-Alola, L50, F|
|poke|p1|Gastrodon, L50, M|
|poke|p2|Incineroar, L50, F|
|poke|p2|Rillaboom, L50, F|
|poke|p2|Garchomp, L50, F|
|poke|p2|Volcarona, L50, F|
|poke|p2|Klefki, L50, F|
|poke|p2|Sneasler, L50, M|
|teampreview|4
|showteam|p1|Annihilape||LumBerry|Defiant|Protect,RageFist,DrainPunch,BulkUp|||F|||50|,,,,,Fire]Maushold-Four||FocusSash|FriendGuard|Protect,BeatUp,Taunt,FollowMe||||||50|,,,,,Ghost]Gholdengo||LifeOrb|GoodasGold|Protect,MakeItRain,ShadowBall,NastyPlot||||||50|,,,,,Water]Rillaboom||AssaultVest|GrassySurge|FakeOut,GrassyGlide,WoodHammer,Uturn|||F|||50|,,,,,Fire]Ninetales-Alola||CovertCloak|SnowWarning|Protect,IcyWind,Encore,AuroraVeil|||F|||50|,,,,,Water]Gastrodon||SitrusBerry|StormDrain|Protect,EarthPower,ClearSmog,Yawn|||M|||50|,,,,,Grass
|showteam|p2|Incineroar||SafetyGoggles|Intimidate|FakeOut,Uturn,KnockOff,Taunt|||F|||50|,,,,,Ghost]Rillaboom||AssaultVest|GrassySurge|FakeOut,WoodHammer,Uturn,KnockOff|||F|||50|,,,,,Water]Garchomp||LoadedDice|RoughSkin|ScaleShot,StompingTantrum,Protect,SwordsDance|||F|||50|,,,,,Dragon]Volcarona||GrassySeed|FlameBody|HeatWave,TeraBlast,QuiverDance,Protect|||F|||50|,,,,,Fairy]Klefki||CovertCloak|Prankster|MistyTerrain,Reflect,SunnyDay,DazzlingGleam|||F|||50|,,,,,Dark]Sneasler||WhiteHerb|Unburden|CloseCombat,DireClaw,Protect,FakeOut|||M|||50|,,,,,Stellar
|inactive|Battle timer is ON: inactive players will automatically lose when time's up. (requested by seria soneub 2025)
|
|t:|1756316184
|teamsize|p1|4
|teamsize|p2|4
|start
|switch|p1a: Annihilape|Annihilape, L50, F|100/100
|switch|p1b: Ninetales|Ninetales-Alola, L50, F|100/100
|switch|p2a: Rillaboom|Rillaboom, L50, F|100/100
|switch|p2b: Volcarona|Volcarona, L50, F|100/100
|-weather|Snowscape|[from] ability: Snow Warning|[of] p1b: Ninetales
|-fieldstart|move: Grassy Terrain|[from] ability: Grassy Surge|[of] p2a: Rillaboom
|-enditem|p2b: Volcarona|Grassy Seed
|-boost|p2b: Volcarona|def|1|[from] item: Grassy Seed
|turn|1
|
|t:|1756316200
|-terastallize|p1a: Annihilape|Fire
|move|p2a: Rillaboom|Fake Out|p1b: Ninetales
|-damage|p1b: Ninetales|88/100
|move|p1b: Ninetales|Icy Wind|p2b: Volcarona|[spread] p2a,p2b
|-supereffective|p2a: Rillaboom
|-resisted|p2b: Volcarona
|-damage|p2a: Rillaboom|83/100
|-damage|p2b: Volcarona|94/100
|-unboost|p2a: Rillaboom|spe|1
|-unboost|p2b: Volcarona|spe|1
|move|p1a: Annihilape|Bulk Up|p1a: Annihilape
|-boost|p1a: Annihilape|atk|1
|-boost|p1a: Annihilape|def|1
|move|p2b: Volcarona|Quiver Dance|p2b: Volcarona
|-boost|p2b: Volcarona|spa|1
|-boost|p2b: Volcarona|spd|1
|-boost|p2b: Volcarona|spe|1
|
|-weather|Snowscape|[upkeep]
|-heal|p1b: Ninetales|94/100|[from] Grassy Terrain
|-heal|p2b: Volcarona|100/100|[from] Grassy Terrain
|-heal|p2a: Rillaboom|89/100|[from] Grassy Terrain
|upkeep
|turn|2
|
|t:|1756316218
|move|p1b: Ninetales|Encore|p2b: Volcarona
|-start|p2b: Volcarona|Encore
|move|p1a: Annihilape|Bulk Up|p1a: Annihilape
|-boost|p1a: Annihilape|atk|1
|-boost|p1a: Annihilape|def|1
|move|p2b: Volcarona|Quiver Dance|p2b: Volcarona
|-boost|p2b: Volcarona|spa|1
|-boost|p2b: Volcarona|spd|1
|-boost|p2b: Volcarona|spe|1
|move|p2a: Rillaboom|U-turn|p1b: Ninetales
|-resisted|p1b: Ninetales
|-damage|p1b: Ninetales|84/100
|
|t:|1756316225
|switch|p2a: Garchomp|Garchomp, L50, F|100/100|[from] U-turn
|
|-weather|Snowscape|[upkeep]
|-heal|p1b: Ninetales|90/100|[from] Grassy Terrain
|upkeep
|turn|3
|inactive|Snowball_seer has 30 seconds left.
|
|t:|1756316256
|switch|p2a: Rillaboom|Rillaboom, L50, F|89/100
|move|p2b: Volcarona|Quiver Dance|p2b: Volcarona
|-boost|p2b: Volcarona|spa|1
|-boost|p2b: Volcarona|spd|1
|-boost|p2b: Volcarona|spe|1
|move|p1b: Ninetales|Aurora Veil|p1b: Ninetales
|-sidestart|p1: Snowball_seer|move: Aurora Veil
|move|p1a: Annihilape|Rage Fist|p2b: Volcarona
|-damage|p2b: Volcarona|70/100
|
|-weather|Snowscape|[upkeep]
|-heal|p2b: Volcarona|76/100|[from] Grassy Terrain
|-heal|p1b: Ninetales|96/100|[from] Grassy Terrain
|-heal|p2a: Rillaboom|95/100|[from] Grassy Terrain
|upkeep
|turn|4
|
|t:|1756316273
|move|p2b: Volcarona|Quiver Dance|p2b: Volcarona
|-boost|p2b: Volcarona|spa|1
|-boost|p2b: Volcarona|spd|1
|-boost|p2b: Volcarona|spe|1
|move|p1b: Ninetales|Icy Wind|p2a: Rillaboom|[spread] p2a,p2b
|-supereffective|p2a: Rillaboom
|-resisted|p2b: Volcarona
|-damage|p2a: Rillaboom|77/100
|-damage|p2b: Volcarona|75/100
|-unboost|p2a: Rillaboom|spe|1
|-unboost|p2b: Volcarona|spe|1
|move|p1a: Annihilape|Rage Fist|p2b: Volcarona
|-damage|p2b: Volcarona|38/100
|move|p2a: Rillaboom|Wood Hammer|p1b: Ninetales
|-damage|p1b: Ninetales|57/100
|-damage|p2a: Rillaboom|66/100|[from] Recoil
|
|-weather|Snowscape|[upkeep]
|-heal|p2b: Volcarona|44/100|[from] Grassy Terrain
|-heal|p1b: Ninetales|63/100|[from] Grassy Terrain
|-heal|p2a: Rillaboom|72/100|[from] Grassy Terrain
|-end|p2b: Volcarona|Encore
|upkeep
|turn|5
|inactive|Snowball_seer has 30 seconds left.
|
|t:|1756316299
|move|p2b: Volcarona|Protect|p2b: Volcarona
|-singleturn|p2b: Volcarona|Protect
|move|p1b: Ninetales|Protect|p1b: Ninetales
|-singleturn|p1b: Ninetales|Protect
|move|p1a: Annihilape|Rage Fist|p2b: Volcarona
|-activate|p2b: Volcarona|move: Protect
|move|p2a: Rillaboom|U-turn|p1b: Ninetales
|-activate|p1b: Ninetales|move: Protect
|
|-weather|none
|-heal|p2b: Volcarona|50/100|[from] Grassy Terrain
|-heal|p1b: Ninetales|69/100|[from] Grassy Terrain
|-heal|p2a: Rillaboom|78/100|[from] Grassy Terrain
|-fieldend|move: Grassy Terrain
|upkeep
|turn|6
|
|t:|1756316322
|switch|p1b: Rillaboom|Rillaboom, L50, F|100/100
|-fieldstart|move: Grassy Terrain|[from] ability: Grassy Surge|[of] p1b: Rillaboom
|move|p2b: Volcarona|Heat Wave|p1a: Annihilape|[spread] p1a
|-miss|p2b: Volcarona|p1b: Rillaboom
|-resisted|p1a: Annihilape
|-damage|p1a: Annihilape|67/100
|move|p1a: Annihilape|Rage Fist|p2b: Volcarona
|-damage|p2b: Volcarona|0 fnt
|faint|p2b: Volcarona
|move|p2a: Rillaboom|U-turn|p1b: Rillaboom
|-supereffective|p1b: Rillaboom
|-damage|p1b: Rillaboom|73/100
|
|t:|1756316334
|switch|p2a: Garchomp|Garchomp, L50, F|100/100|[from] U-turn
|
|-heal|p1a: Annihilape|73/100|[from] Grassy Terrain
|-heal|p1b: Rillaboom|79/100|[from] Grassy Terrain
|upkeep
|
|t:|1756316345
|switch|p2b: Sneasler|Sneasler, L50, M|100/100
|turn|7
|
|t:|1756316354
|move|p2b: Sneasler|Fake Out|p1b: Rillaboom
|-damage|p1b: Rillaboom|70/100
|move|p2a: Garchomp|Swords Dance|p2a: Garchomp
|-boost|p2a: Garchomp|atk|2
|move|p1a: Annihilape|Rage Fist|p2a: Garchomp
|-damage|p2a: Garchomp|14/100
|-damage|p1a: Annihilape|61/100|[from] ability: Rough Skin|[of] p2a: Garchomp
|cant|p1b: Rillaboom|flinch
|
|-heal|p2a: Garchomp|20/100|[from] Grassy Terrain
|-heal|p1a: Annihilape|67/100|[from] Grassy Terrain
|-heal|p1b: Rillaboom|77/100|[from] Grassy Terrain
|-sideend|p1: Snowball_seer|move: Aurora Veil
|upkeep
|turn|8
|
|t:|1756316374
|-terastallize|p2a: Garchomp|Dragon
|move|p1a: Annihilape|Protect|p1a: Annihilape
|-singleturn|p1a: Annihilape|Protect
|move|p2a: Garchomp|Scale Shot|p1a: Annihilape
|-activate|p1a: Annihilape|move: Protect
|move|p2b: Sneasler|Dire Claw|p1b: Rillaboom
|-supereffective|p1b: Rillaboom
|-damage|p1b: Rillaboom|0 fnt
|faint|p1b: Rillaboom
|
|-heal|p2a: Garchomp|26/100|[from] Grassy Terrain
|-heal|p1a: Annihilape|73/100|[from] Grassy Terrain
|upkeep
|
|t:|1756316383
|switch|p1b: Ninetales|Ninetales-Alola, L50, F|69/100
|-weather|Snowscape|[from] ability: Snow Warning|[of] p1b: Ninetales
|turn|9
|
|t:|1756316396
|move|p1b: Ninetales|Protect|p1b: Ninetales
|-singleturn|p1b: Ninetales|Protect
|move|p2a: Garchomp|Protect|p2a: Garchomp
|-singleturn|p2a: Garchomp|Protect
|move|p2b: Sneasler|Dire Claw|p1b: Ninetales
|-activate|p1b: Ninetales|move: Protect
|move|p1a: Annihilape|Rage Fist|p2b: Sneasler
|-damage|p2b: Sneasler|0 fnt
|faint|p2b: Sneasler
|
|-weather|Snowscape|[upkeep]
|-heal|p1b: Ninetales|75/100|[from] Grassy Terrain
|-heal|p2a: Garchomp|32/100|[from] Grassy Terrain
|-heal|p1a: Annihilape|79/100|[from] Grassy Terrain
|upkeep
|
|t:|1756316399
|switch|p2b: Rillaboom|Rillaboom, L50, F|78/100
|turn|10
|inactive|Snowball_seer has 30 seconds left.
|inactive|Snowball_seer has 20 seconds left.
|
|t:|1756316435
|move|p1a: Annihilape|Protect|p1a: Annihilape
|-singleturn|p1a: Annihilape|Protect
|move|p1b: Ninetales|Aurora Veil|p1b: Ninetales
|-sidestart|p1: Snowball_seer|move: Aurora Veil
|move|p2a: Garchomp|Stomping Tantrum|p1b: Ninetales
|-damage|p1b: Ninetales|30/100
|move|p2b: Rillaboom|Wood Hammer|p1b: Ninetales
|-damage|p1b: Ninetales|0 fnt
|faint|p1b: Ninetales
|-damage|p2b: Rillaboom|69/100|[from] Recoil
|
|-weather|Snowscape|[upkeep]
|-heal|p2a: Garchomp|38/100|[from] Grassy Terrain
|-heal|p1a: Annihilape|85/100|[from] Grassy Terrain
|-heal|p2b: Rillaboom|75/100|[from] Grassy Terrain
|-fieldend|move: Grassy Terrain
|upkeep
|
|t:|1756316443
|switch|p1b: Gholdengo|Gholdengo, L50|100/100
|turn|11
|
|t:|1756316462
|move|p2a: Garchomp|Protect|p2a: Garchomp
|-singleturn|p2a: Garchomp|Protect
|move|p1a: Annihilape|Rage Fist|p2a: Garchomp
|-activate|p2a: Garchomp|move: Protect
|move|p1b: Gholdengo|Make It Rain|p2a: Garchomp|[spread] p2b
|-activate|p2a: Garchomp|move: Protect
|-damage|p2b: Rillaboom|25/100
|-unboost|p1b: Gholdengo|spa|1
|-damage|p1b: Gholdengo|91/100|[from] item: Life Orb
|move|p2b: Rillaboom|Knock Off|p1b: Gholdengo
|-supereffective|p1b: Gholdengo
|-damage|p1b: Gholdengo|41/100
|-enditem|p1b: Gholdengo|Life Orb|[from] move: Knock Off|[of] p2b: Rillaboom
|
|-weather|Snowscape|[upkeep]
|upkeep
|turn|12
|
|t:|1756316486
|move|p2a: Garchomp|Stomping Tantrum|p1a: Annihilape
|-supereffective|p1a: Annihilape
|-damage|p1a: Annihilape|27/100
|move|p1a: Annihilape|Rage Fist|p2a: Garchomp
|-damage|p2a: Garchomp|0 fnt
|-damage|p1a: Annihilape|14/100|[from] ability: Rough Skin|[of] p2a: Garchomp
|faint|p2a: Garchomp
|move|p1b: Gholdengo|Make It Rain|p2b: Rillaboom
|-damage|p2b: Rillaboom|0 fnt
|-unboost|p1b: Gholdengo|spa|1
|faint|p2b: Rillaboom
|
|win|Snowball_seer
||Snowball_seer is ready for game 3.
||seria soneub 2025 is ready for game 3.
|uhtml|next|Next: Game 3 of 3
|l|☆seria soneub 2025
|player|p2|
