|j|☆thepokecrafter13
|j|☆furutori
|html|thepokecrafter13furutori    
|uhtml|bestof|Game 2 of a best-of-3
|t:|1783401800
|gametype|doubles
|player|p1|thepokecrafter13|2|
|player|p2|furutori|roxie|
|gen|9
|tier|[Gen 9 Champions] VGC 2026 Reg M-B (Bo3)
|rule|Species Clause: Limit one of each Pokémon
|rule|Item Clause: Limit 1 of each item
|clearpoke
|poke|p1|Garchomp, L50, F|
|poke|p1|Kingambit, L50, F|
|poke|p1|Milotic, L50, F|
|poke|p1|Whimsicott, L50, F|
|poke|p1|Charizard, L50, F|
|poke|p1|Sneasler, L50, F|
|poke|p2|Froslass, L50, F|
|poke|p2|Gholdengo, L50|
|poke|p2|Kingambit, L50, F|
|poke|p2|Incineroar, L50, F|
|poke|p2|Basculegion, L50, M|
|poke|p2|Arcanine-Hisui, L50, F|
|teampreview|4
|showteam|p1|Garchomp||YacheBerry|RoughSkin|Earthquake,DragonClaw,SwordsDance,IronHead|Jolly||F|||50|]Kingambit||BlackGlasses|SupremeOverlord|KowtowCleave,SuckerPunch,IronHead,LowKick|Adamant||F|||50|]Milotic||Leftovers|Competitive|Scald,Recover,IceBeam,Hypnosis|Bold||F|||50|]Whimsicott||MentalHerb|Prankster|Encore,Moonblast,Tailwind,Taunt|Bold||F|||50|]Charizard||CharizarditeY|Blaze|WeatherBall,SolarBeam,ScorchingSands,FocusBlast|Timid||F|||50|]Sneasler||FocusSash|Unburden|DireClaw,CloseCombat,FakeOut,Uturn|Adamant||F|||50|
|showteam|p2|Froslass||Froslassite|CursedBody|Blizzard,ShadowBall,AuroraVeil,Protect|Timid||F|||50|]Gholdengo||LifeOrb|GoodasGold|MakeItRain,ShadowBall,NastyPlot,Protect|Timid|||||50|]Kingambit||BlackGlasses|Defiant|KowtowCleave,SwordsDance,SuckerPunch,Protect|Adamant||F|||50|]Incineroar||SitrusBerry|Intimidate|FlareBlitz,FakeOut,ThroatChop,PartingShot|Impish||F|||50|]Basculegion||MysticWater|Adaptability|WaveCrash,AquaJet,LastRespects,Protect|Adamant||M|||50|]Arcanine-Hisui||FocusSash|RockHead|FlareBlitz,HeadSmash,RockSlide,Protect|Jolly||F|||50|
|c|☆furutori|gg
|
|t:|1783401824
|teamsize|p1|4
|teamsize|p2|4
|start
|switch|p1a: Whimsicott|Whimsicott, L50, F|100/100
|switch|p1b: Charizard|Charizard, L50, F|100/100
|switch|p2a: Cineroar|Incineroar, L50, F|100/100
|switch|p2b: Maron|Arcanine-Hisui, L50, F|100/100
|-ability|p2a: Cineroar|Intimidate|boost
|-unboost|p1a: Whimsicott|atk|1
|-unboost|p1b: Charizard|atk|1
|turn|1
|c|☆furutori|im ready
|
|t:|1783401851
|switch|p1b: Sneasler|Sneasler, L50, F|100/100
|move|p2a: Cineroar|Fake Out|p1b: Sneasler
|-damage|p1b: Sneasler|83/100
|move|p1a: Whimsicott|Tailwind|p1a: Whimsicott
|-sidestart|p1: thepokecrafter13|move: Tailwind
|move|p2b: Maron|Head Smash|p1b: Sneasler
|-resisted|p1b: Sneasler|1
|-damage|p1b: Sneasler|27/100
|
|upkeep
|turn|2
|
|t:|1783401865
|move|p1b: Sneasler|Fake Out|p2b: Maron
|-resisted|p2b: Maron|1
|-damage|p2b: Maron|89/100
|move|p1a: Whimsicott|Encore|p2a: Cineroar
|-hint|Since gen 7, Dark is immune to Prankster moves.
|-immune|p2a: Cineroar
|cant|p2b: Maron|flinch
|move|p2a: Cineroar|Flare Blitz|p1a: Whimsicott
|-supereffective|p1a: Whimsicott|1
|-damage|p1a: Whimsicott|23/100
|-status|p1a: Whimsicott|brn
|-damage|p2a: Cineroar|79/100|[from] Recoil
|
|-damage|p1a: Whimsicott|17/100 brn|[from] brn
|upkeep
|turn|3
|
|t:|1783401894
|switch|p2b: Sazare|Froslass, L50, F|100/100
|move|p1b: Sneasler|Close Combat|p2b: Sazare
|-immune|p2b: Sazare
|move|p1a: Whimsicott|Moonblast|p2a: Cineroar
|-damage|p2a: Cineroar|53/100
|move|p2a: Cineroar|Flare Blitz|p1b: Sneasler
|-damage|p1b: Sneasler|0 fnt
|faint|p1b: Sneasler
|-damage|p2a: Cineroar|47/100|[from] Recoil
|-enditem|p2a: Cineroar|Sitrus Berry|[eat]
|-heal|p2a: Cineroar|71/100|[from] item: Sitrus Berry
|
|-damage|p1a: Whimsicott|11/100 brn|[from] brn
|upkeep
|
|t:|1783401914
|switch|p1b: Charizard|Charizard, L50, F|100/100
|turn|4
|
|t:|1783401923
|detailschange|p1b: Charizard|Charizard-Mega-Y, L50, F
|-mega|p1b: Charizard|Charizard|Charizardite Y
|-weather|SunnyDay|[from] ability: Drought|[of] p1b: Charizard
|move|p2b: Sazare|Protect|p2b: Sazare
|-singleturn|p2b: Sazare|Protect
|move|p1a: Whimsicott|Taunt|p2b: Sazare
|-activate|p2b: Sazare|move: Protect
|move|p1b: Charizard|Weather Ball|p2b: Sazare
|-activate|p2b: Sazare|move: Protect
|move|p2a: Cineroar|Parting Shot|p1b: Charizard
|-unboost|p1b: Charizard|atk|1
|-unboost|p1b: Charizard|spa|1
|
|t:|1783401939
|switch|p2a: Maron|Arcanine-Hisui, L50, F|89/100|[from] Parting Shot
|
|-weather|SunnyDay|[upkeep]
|-damage|p1a: Whimsicott|5/100 brn|[from] brn
|-sideend|p1: thepokecrafter13|move: Tailwind
|upkeep
|turn|5
|
|t:|1783401964
|switch|p2b: Cineroar|Incineroar, L50, F|71/100
|-ability|p2b: Cineroar|Intimidate|boost
|-unboost|p1a: Whimsicott|atk|1
|-unboost|p1b: Charizard|atk|1
|move|p1a: Whimsicott|Encore|p2b: Cineroar
|-hint|Since gen 7, Dark is immune to Prankster moves.
|-immune|p2b: Cineroar
|move|p1b: Charizard|Scorching Sands|p2a: Maron
|-supereffective|p2a: Maron|2
|-damage|p2a: Maron|0 fnt
|faint|p2a: Maron
|
|-weather|SunnyDay|[upkeep]
|-damage|p1a: Whimsicott|0 fnt|[from] brn
|faint|p1a: Whimsicott
|upkeep
|
|t:|1783401976
|switch|p2a: Sazare|Froslass, L50, F|100/100
|switch|p1a: Kingambit|Kingambit, L50, F|100/100
|-activate|p1a: Kingambit|ability: Supreme Overlord
|-start|p1a: Kingambit|fallen2|[silent]
|turn|6
|
|t:|1783402027
|move|p2a: Sazare|Protect|p2a: Sazare
|-singleturn|p2a: Sazare|Protect
|move|p1b: Charizard|Focus Blast|p2b: Cineroar|[miss]
|-miss|p1b: Charizard|p2b: Cineroar
|move|p2b: Cineroar|Flare Blitz|p1a: Kingambit
|-supereffective|p1a: Kingambit|1
|-damage|p1a: Kingambit|0 fnt
|faint|p1a: Kingambit
|-end|p1a: Kingambit|fallen2|[silent]
|-damage|p2b: Cineroar|38/100|[from] Recoil
|
|-weather|SunnyDay|[upkeep]
|upkeep
|turn|7
|
|t:|1783402066
|detailschange|p2a: Sazare|Froslass-Mega, L50, F
|-mega|p2a: Sazare|Froslass|Froslassite
|-weather|Snowscape|[from] ability: Snow Warning|[of] p2a: Sazare
|move|p2a: Sazare|Aurora Veil|p2a: Sazare
|-sidestart|p2: furutori|move: Aurora Veil
|move|p1b: Charizard|Weather Ball|p2a: Sazare
|-resisted|p2a: Sazare|1
|-damage|p2a: Sazare|90/100
|move|p2b: Cineroar|Throat Chop|p1b: Charizard
|-damage|p1b: Charizard|56/100
|-start|p1b: Charizard|Throat Chop|[silent]
|
|-weather|Snowscape|[upkeep]
|upkeep
|turn|8
|c|☆furutori|unfortunate
|
|t:|1783402077
|move|p2a: Sazare|Blizzard|p1b: Charizard
|-damage|p1b: Charizard|2/100
|move|p1b: Charizard|Scorching Sands|p2a: Sazare
|-damage|p2a: Sazare|76/100
|move|p2b: Cineroar|Throat Chop|p1b: Charizard
|-damage|p1b: Charizard|0 fnt
|faint|p1b: Charizard
|
|win|furutori
|c|☆thepokecrafter13|gg
|c|☆furutori|gg
|c|☆thepokecrafter13|good plays
