|j|☆teyvgc
|j|☆GGhostVGC
|html|teyvgcGGhostVGC    
|uhtml|bestof|Game 1 of a best-of-3
|t:|1757254143
|gametype|doubles
|player|p1|teyvgc|benga|1266
|player|p2|GGhostVGC|2|1077
|gen|9
|tier|[Gen 9] VGC 2025 Reg H (Bo3)
|rated|
|rule|Species Clause: Limit one of each Pokémon
|rule|Item Clause: Limit 1 of each item
|clearpoke
|poke|p1|Gholdengo, L50|
|poke|p1|Dragonite, L50, M|
|poke|p1|Sneasler, L50, M|
|poke|p1|Incineroar, L50, M|
|poke|p1|Indeedee, L50, M|
|poke|p1|Ninetales-Alola, L50, F|
|poke|p2|Incineroar, L50, M|
|poke|p2|Amoonguss, L50, F|
|poke|p2|Pelipper, L50, F|
|poke|p2|Archaludon, L50, F|
|poke|p2|Gholdengo, L50|
|poke|p2|Rillaboom, L50, F|
|teampreview|4
|showteam|p1|Gholdengo||LifeOrb|GoodasGold|Protect,MakeItRain,ShadowBall,NastyPlot||||||50|,,,,,Water]Dragonite||LoadedDice|Multiscale|ScaleShot,Tailwind,Haze,Protect|||M|||50|,,,,,Fairy]Sneasler||PsychicSeed|Unburden|Protect,DireClaw,CloseCombat,ThroatChop|||M|||50|,,,,,Dark]Incineroar||SafetyGoggles|Intimidate|KnockOff,PartingShot,FlareBlitz,FakeOut|||M|||50|,,,,,Ghost]Indeedee||ChoiceScarf|PsychicSurge|Protect,Trick,TeraBlast,ExpandingForce|||M|||50|,,,,,Psychic]Ninetales-Alola||FocusSash|SnowWarning|Blizzard,IcyWind,Encore,AuroraVeil|||F|||50|,,,,,Ghost
|showteam|p2|Incineroar||SafetyGoggles|Intimidate|FakeOut,KnockOff,Taunt,PartingShot|||M|||50|,,,,,Ghost]Amoonguss||RockyHelmet|Regenerator|PollenPuff,Spore,RagePowder,Protect|||F|||50|,,,,,Water]Pelipper||FocusSash|Drizzle|WeatherBall,Hurricane,WideGuard,Tailwind|||F|||50|,,,,,Ghost]Archaludon||AssaultVest|Stamina|DragonPulse,BodyPress,ElectroShot,Snarl|||F|||50|,,,,,Grass]Gholdengo||Leftovers|GoodasGold|MakeItRain,ShadowBall,NastyPlot,Protect||||||50|,,,,,Steel]Rillaboom||MiracleSeed|GrassySurge|FakeOut,GrassyGlide,WoodHammer,Uturn|||F|||50|,,,,,Water
|inactive|Battle timer is ON: inactive players will automatically lose when time's up. (requested by GGhostVGC)
|
|t:|1757254189
|teamsize|p1|4
|teamsize|p2|4
|start
|switch|p1a: Ninetales|Ninetales-Alola, L50, F|100/100
|switch|p1b: Indeedee|Indeedee, L50, M|100/100
|switch|p2a: Gholdengo|Gholdengo, L50|100/100
|switch|p2b: Pelipper|Pelipper, L50, F|100/100
|-fieldstart|move: Psychic Terrain|[from] ability: Psychic Surge|[of] p1b: Indeedee
|-weather|Snowscape|[from] ability: Snow Warning|[of] p1a: Ninetales
|-weather|RainDance|[from] ability: Drizzle|[of] p2b: Pelipper
|turn|1
|inactive|GGhostVGC has 30 seconds left.
|
|t:|1757254217
|switch|p1a: Incineroar|Incineroar, L50, M|100/100
|-ability|p1a: Incineroar|Intimidate|boost
|-unboost|p2a: Gholdengo|atk|1
|-unboost|p2b: Pelipper|atk|1
|move|p1b: Indeedee|Expanding Force|p2a: Gholdengo|[spread] p2a,p2b
|-resisted|p2a: Gholdengo
|-damage|p2a: Gholdengo|74/100
|-enditem|p2b: Pelipper|Focus Sash
|-damage|p2b: Pelipper|1/100
|move|p2b: Pelipper|Hurricane|p1a: Incineroar
|-damage|p1a: Incineroar|64/100
|move|p2a: Gholdengo|Make It Rain|p1a: Incineroar|[spread] p1a,p1b
|-resisted|p1a: Incineroar
|-damage|p1a: Incineroar|50/100
|-damage|p1b: Indeedee|42/100
|-unboost|p2a: Gholdengo|spa|1
|
|-weather|RainDance|[upkeep]
|-heal|p2a: Gholdengo|80/100|[from] item: Leftovers
|upkeep
|turn|2
|inactive|teyvgc has 30 seconds left.
|inactive|GGhostVGC has 30 seconds left.
|inactive|GGhostVGC has 20 seconds left.
|
|t:|1757254257
|switch|p1b: Ninetales|Ninetales-Alola, L50, F|100/100
|-weather|Snowscape|[from] ability: Snow Warning|[of] p1b: Ninetales
|switch|p2b: Archaludon|Archaludon, L50, F|100/100
|move|p2a: Gholdengo|Protect|p2a: Gholdengo
|-singleturn|p2a: Gholdengo|Protect
|move|p1a: Incineroar|Knock Off|p2a: Gholdengo
|-activate|p2a: Gholdengo|move: Protect
|
|-weather|Snowscape|[upkeep]
|-heal|p2a: Gholdengo|86/100|[from] item: Leftovers
|upkeep
|turn|3
|
|t:|1757254282
|-terastallize|p1a: Incineroar|Ghost
|move|p1b: Ninetales|Icy Wind|p2a: Gholdengo|[spread] p2b
|-miss|p1b: Ninetales|p2a: Gholdengo
|-damage|p2b: Archaludon|89/100
|-unboost|p2b: Archaludon|spe|1
|-ability|p2b: Archaludon|Stamina|boost
|-boost|p2b: Archaludon|def|1
|move|p2a: Gholdengo|Nasty Plot|p2a: Gholdengo
|-boost|p2a: Gholdengo|spa|2
|move|p1a: Incineroar|Parting Shot|p2b: Archaludon
|-unboost|p2b: Archaludon|atk|1
|-unboost|p2b: Archaludon|spa|1
|
|t:|1757254296
|switch|p1a: Sneasler|Sneasler, L50, M|100/100|[from] Parting Shot
|-enditem|p1a: Sneasler|Psychic Seed
|-boost|p1a: Sneasler|spd|1|[from] item: Psychic Seed
|move|p2b: Archaludon|Body Press|p1a: Sneasler
|-resisted|p1a: Sneasler
|-damage|p1a: Sneasler|68/100
|
|-weather|Snowscape|[upkeep]
|-heal|p2a: Gholdengo|92/100|[from] item: Leftovers
|upkeep
|turn|4
|inactive|teyvgc has 30 seconds left.
|inactive|teyvgc has 20 seconds left.
|
|t:|1757254331
|switch|p1b: Incineroar|Incineroar, L50, M, tera:Ghost|50/100
|-ability|p1b: Incineroar|Intimidate|boost
|-unboost|p2a: Gholdengo|atk|1
|-unboost|p2b: Archaludon|atk|1
|move|p1a: Sneasler|Protect|p1a: Sneasler
|-singleturn|p1a: Sneasler|Protect
|move|p2a: Gholdengo|Make It Rain|p1a: Sneasler|[spread] p1b
|-activate|p1a: Sneasler|move: Protect
|-damage|p1b: Incineroar|3/100
|-unboost|p2a: Gholdengo|spa|1
|move|p2b: Archaludon|Dragon Pulse|p1a: Sneasler
|-activate|p1a: Sneasler|move: Protect
|
|-weather|Snowscape|[upkeep]
|-heal|p2a: Gholdengo|98/100|[from] item: Leftovers
|upkeep
|turn|5
|inactive|teyvgc has 30 seconds left.
|inactive|GGhostVGC has 30 seconds left.
|
|t:|1757254361
|move|p1a: Sneasler|Close Combat|p2b: Archaludon
|-supereffective|p2b: Archaludon
|-damage|p2b: Archaludon|30/100
|-unboost|p1a: Sneasler|def|1
|-unboost|p1a: Sneasler|spd|1
|-ability|p2b: Archaludon|Stamina|boost
|-boost|p2b: Archaludon|def|1
|move|p2a: Gholdengo|Make It Rain|p1b: Incineroar|[spread] p1a,p1b
|-damage|p1a: Sneasler|3/100
|-damage|p1b: Incineroar|0 fnt
|-unboost|p2a: Gholdengo|spa|1
|faint|p1b: Incineroar
|move|p2b: Archaludon|Snarl|p1a: Sneasler|[miss]
|-miss|p2b: Archaludon|p1a: Sneasler
|
|-weather|Snowscape|[upkeep]
|-heal|p2a: Gholdengo|100/100|[from] item: Leftovers
|-fieldend|move: Psychic Terrain
|upkeep
|
|t:|1757254368
|switch|p1b: Indeedee|Indeedee, L50, M|42/100
|-fieldstart|move: Psychic Terrain|[from] ability: Psychic Surge|[of] p1b: Indeedee
|turn|6
|
|t:|1757254391
|move|p1a: Sneasler|Throat Chop|p2a: Gholdengo
|-supereffective|p2a: Gholdengo
|-damage|p2a: Gholdengo|54/100
|-start|p2a: Gholdengo|Throat Chop|[silent]
|move|p1b: Indeedee|Expanding Force|p2a: Gholdengo|[spread] p2a,p2b
|-resisted|p2a: Gholdengo
|-resisted|p2b: Archaludon
|-damage|p2a: Gholdengo|27/100
|-damage|p2b: Archaludon|11/100
|-ability|p2b: Archaludon|Stamina|boost
|-boost|p2b: Archaludon|def|1
|move|p2a: Gholdengo|Make It Rain|p1b: Indeedee|[spread] p1a,p1b
|-damage|p1a: Sneasler|0 fnt
|-damage|p1b: Indeedee|0 fnt
|-unboost|p2a: Gholdengo|spa|1
|faint|p1a: Sneasler
|faint|p1b: Indeedee
|move|p2b: Archaludon|Snarl|p1: Sneasler|[notarget]
|-fail|p2b: Archaludon
|
|-weather|none
|-heal|p2a: Gholdengo|34/100|[from] item: Leftovers
|upkeep
|
|t:|1757254397
|switch|p1b: Ninetales|Ninetales-Alola, L50, F|100/100
|-weather|Snowscape|[from] ability: Snow Warning|[of] p1b: Ninetales
|turn|7
|inactive|GGhostVGC has 30 seconds left.
|
|t:|1757254427
|-terastallize|p2a: Gholdengo|Steel
|move|p1b: Ninetales|Blizzard|p2a: Gholdengo|[spread] p2a,p2b
|-resisted|p2a: Gholdengo
|-damage|p2a: Gholdengo|20/100
|-damage|p2b: Archaludon|0 fnt
|faint|p2b: Archaludon
|move|p2a: Gholdengo|Make It Rain|p1b: Ninetales
|-supereffective|p1b: Ninetales
|-enditem|p1b: Ninetales|Focus Sash
|-damage|p1b: Ninetales|1/100
|-unboost|p2a: Gholdengo|spa|1
|
|-weather|Snowscape|[upkeep]
|-heal|p2a: Gholdengo|26/100|[from] item: Leftovers
|-end|p2a: Gholdengo|Throat Chop|[silent]
|upkeep
|-message|teyvgc forfeited.
|
|win|GGhostVGC
