|j|☆Meliodasanbu90
|j|☆augusto987
|html|Meliodasanbu90augusto987    
|uhtml|bestof|Game 1 of a best-of-3
|t:|1782431036
|gametype|doubles
|player|p1|Meliodasanbu90|101|1055
|player|p2|augusto987|marlon|1000
|gen|9
|tier|[Gen 9 Champions] VGC 2026 Reg M-B (Bo3)
|rated|
|rule|Species Clause: Limit one of each Pokémon
|rule|Item Clause: Limit 1 of each item
|clearpoke
|poke|p1|Corviknight, L50, M, shiny|
|poke|p1|Sableye, L50, F|
|poke|p1|Swampert, L50, M|
|poke|p1|Archaludon, L50, F|
|poke|p1|Basculegion, L50, M|
|poke|p1|Venusaur, L50, M|
|poke|p2|Metagross, L50|
|poke|p2|Swampert, L50, M|
|poke|p2|Pelipper, L50, M|
|poke|p2|Archaludon, L50, F|
|poke|p2|Sinistcha, L50|
|poke|p2|Grimmsnarl, L50, M|
|teampreview|4
|showteam|p1|Corviknight||ShellBell|MirrorArmor|Tailwind,BodyPress,IronDefense,Uturn|Jolly||M|||50|]Sableye||RoseliBerry|Prankster|LightScreen,Reflect,RainDance,SunnyDay|Bold||F|||50|]Swampert||Swampertite|Torrent|Liquidation,Earthquake,Protect,IcePunch|Brave||M|||50|]Archaludon||Leftovers|Stamina|FlashCannon,DracoMeteor,Protect,ElectroShot|Timid||F|||50|]Basculegion||ChoiceScarf|SwiftSwim|AquaJet,WaveCrash,LastRespects,Protect|Adamant||M|||50|]Venusaur||FocusSash|Chlorophyll|EnergyBall,SludgeBomb,Protect,EarthPower|Modest||M|||50|
|showteam|p2|Metagross||Metagrossite|ClearBody|IronHead,PsychicFangs,BulletPunch,Protect|Adamant|||||50|]Swampert||Swampertite|Torrent|WaveCrash,HighHorsepower,IcePunch,Protect|Adamant||M|||50|]Pelipper||FocusSash|Drizzle|WeatherBall,Hurricane,Tailwind,WideGuard|Modest||M|||50|]Archaludon||Leftovers|Stamina|DragonPulse,ElectroShot,AuraSphere,Protect|Modest||F|||50|]Sinistcha||SitrusBerry|Hospitality|MatchaGotcha,RagePowder,TrickRoom,Protect|Bold|||||50|]Grimmsnarl||LightClay|Prankster|Reflect,LightScreen,PartingShot,FakeOut|Impish||M|||50|
|inactive|Battle timer is ON: inactive players will automatically lose when time's up. (requested by Meliodasanbu90)
|
|t:|1782431077
|teamsize|p1|4
|teamsize|p2|4
|start
|switch|p1a: Corviknight|Corviknight, L50, M, shiny|100/100
|switch|p1b: Sableye|Sableye, L50, F|100/100
|switch|p2a: Archaludon|Archaludon, L50, F|100/100
|switch|p2b: Swampert|Swampert, L50, M|100/100
|turn|1
|
|t:|1782431086
|switch|p2b: Pelipper|Pelipper, L50, M|100/100
|-weather|RainDance|[from] ability: Drizzle|[of] p2b: Pelipper
|move|p1b: Sableye|Light Screen|p1b: Sableye
|-sidestart|p1: Meliodasanbu90|move: Light Screen
|move|p1a: Corviknight|Tailwind|p1a: Corviknight
|-sidestart|p1: Meliodasanbu90|move: Tailwind
|move|p2a: Archaludon|Electro Shot||[still]
|-prepare|p2a: Archaludon|Electro Shot
|-boost|p2a: Archaludon|spa|1
|-anim|p2a: Archaludon|Electro Shot|p1a: Corviknight
|-supereffective|p1a: Corviknight|1
|-damage|p1a: Corviknight|2/100
|
|-weather|RainDance|[upkeep]
|upkeep
|turn|2
|inactive|augusto987 has 30 seconds left.
|
|t:|1782431113
|move|p1b: Sableye|Sunny Day|p1b: Sableye
|-weather|SunnyDay
|move|p1a: Corviknight|U-turn|p2b: Pelipper
|-resisted|p2b: Pelipper|1
|-damage|p2b: Pelipper|92/100
|-heal|p1a: Corviknight|3/100|[from] item: Shell Bell|[of] p2b: Pelipper
|
|t:|1782431121
|switch|p1a: Swampert|Swampert, L50, M|100/100|[from] U-turn
|move|p2a: Archaludon|Aura Sphere|p1a: Swampert
|-damage|p1a: Swampert|75/100
|move|p2b: Pelipper|Tailwind|p2b: Pelipper
|-sidestart|p2: augusto987|move: Tailwind
|
|-weather|SunnyDay|[upkeep]
|upkeep
|turn|3
|inactive|augusto987 has 30 seconds left.
|
|t:|1782431152
|switch|p2b: Sinistcha|Sinistcha, L50|100/100
|detailschange|p1a: Swampert|Swampert-Mega, L50, M
|-mega|p1a: Swampert|Swampert|Swampertite
|move|p2a: Archaludon|Protect|p2a: Archaludon
|-singleturn|p2a: Archaludon|Protect
|move|p1b: Sableye|Rain Dance|p1b: Sableye
|-weather|RainDance
|move|p1a: Swampert|Earthquake|p2b: Sinistcha|[spread] p1b,p2b
|-activate|p2a: Archaludon|move: Protect
|-resisted|p2b: Sinistcha|1
|-damage|p1b: Sableye|53/100
|-damage|p2b: Sinistcha|81/100
|
|-weather|RainDance|[upkeep]
|upkeep
|turn|4
|inactive|augusto987 has 30 seconds left.
|inactive|augusto987 has 20 seconds left.
|inactive|augusto987 has 15 seconds left.
|
|t:|1782431192
|move|p1a: Swampert|Protect|p1a: Swampert
|-singleturn|p1a: Swampert|Protect
|move|p1b: Sableye|Sunny Day|p1b: Sableye
|-weather|SunnyDay
|move|p2a: Archaludon|Electro Shot||[still]
|-prepare|p2a: Archaludon|Electro Shot
|-boost|p2a: Archaludon|spa|1
|move|p2b: Sinistcha|Matcha Gotcha|p1b: Sableye|[spread] p1b
|-activate|p1a: Swampert|move: Protect
|-damage|p1b: Sableye|26/100
|-heal|p2b: Sinistcha|93/100|[from] drain|[of] p1b: Sableye
|
|-weather|SunnyDay|[upkeep]
|-sideend|p1: Meliodasanbu90|move: Tailwind
|upkeep
|turn|5
|inactive|Meliodasanbu90 has 30 seconds left.
|
|t:|1782431221
|switch|p1b: Archaludon|Archaludon, L50, F|100/100
|move|p2a: Archaludon|Electro Shot|p1b: Archaludon|[from] lockedmove
|-resisted|p1b: Archaludon|1
|-damage|p1b: Archaludon|52/100
|-ability|p1b: Archaludon|Stamina|boost
|-boost|p1b: Archaludon|def|1
|move|p2b: Sinistcha|Matcha Gotcha|p1b: Archaludon|[spread] p1b
|-miss|p2b: Sinistcha|p1a: Swampert
|-resisted|p1b: Archaludon|2
|-damage|p1b: Archaludon|45/100
|-heal|p2b: Sinistcha|97/100|[from] drain|[of] p1b: Archaludon
|-status|p1b: Archaludon|brn
|-ability|p1b: Archaludon|Stamina|boost
|-boost|p1b: Archaludon|def|1
|move|p1a: Swampert|Ice Punch|p2b: Sinistcha
|-supereffective|p2b: Sinistcha|1
|-damage|p2b: Sinistcha|42/100
|-enditem|p2b: Sinistcha|Sitrus Berry|[eat]
|-heal|p2b: Sinistcha|66/100|[from] item: Sitrus Berry
|
|-weather|SunnyDay|[upkeep]
|-heal|p1b: Archaludon|51/100 brn|[from] item: Leftovers
|-damage|p1b: Archaludon|45/100 brn|[from] brn
|-sideend|p1: Meliodasanbu90|move: Light Screen
|-sideend|p2: augusto987|move: Tailwind
|upkeep
|turn|6
|inactive|augusto987 has 30 seconds left.
|inactive|augusto987 has 20 seconds left.
|
|t:|1782431258
|move|p1b: Archaludon|Draco Meteor|p2a: Archaludon
|-damage|p2a: Archaludon|33/100
|-unboost|p1b: Archaludon|spa|2
|-ability|p2a: Archaludon|Stamina|boost
|-boost|p2a: Archaludon|def|1
|move|p2a: Archaludon|Aura Sphere|p1b: Archaludon
|-supereffective|p1b: Archaludon|1
|-damage|p1b: Archaludon|0 fnt
|faint|p1b: Archaludon
|move|p2b: Sinistcha|Matcha Gotcha|p1a: Swampert
|-supereffective|p1a: Swampert|2
|-damage|p1a: Swampert|0 fnt
|-heal|p2b: Sinistcha|100/100|[from] drain|[of] p1a: Swampert
|faint|p1a: Swampert
|
|-weather|SunnyDay|[upkeep]
|-heal|p2a: Archaludon|39/100|[from] item: Leftovers
|upkeep
|
|t:|1782431270
|switch|p1b: Corviknight|Corviknight, L50, M, shiny|3/100
|switch|p1a: Sableye|Sableye, L50, F|26/100
|turn|7
|
|t:|1782431281
|switch|p2b: Pelipper|Pelipper, L50, M|92/100
|-weather|RainDance|[from] ability: Drizzle|[of] p2b: Pelipper
|move|p1a: Sableye|Light Screen|p1a: Sableye
|-sidestart|p1: Meliodasanbu90|move: Light Screen
|move|p1b: Corviknight|Body Press|p2a: Archaludon
|-supereffective|p2a: Archaludon|1
|-crit|p2a: Archaludon
|-damage|p2a: Archaludon|0 fnt
|faint|p2a: Archaludon
|-heal|p1b: Corviknight|7/100|[from] item: Shell Bell|[of] p2: Archaludon
|
|-weather|RainDance|[upkeep]
|upkeep
|
|t:|1782431290
|switch|p2a: Swampert|Swampert, L50, M|100/100
|turn|8
|
|t:|1782431298
|detailschange|p2a: Swampert|Swampert-Mega, L50, M
|-mega|p2a: Swampert|Swampert|Swampertite
|move|p1a: Sableye|Sunny Day|p1a: Sableye
|-weather|SunnyDay
|move|p1b: Corviknight|Body Press|p2a: Swampert
|-damage|p2a: Swampert|80/100
|-heal|p1b: Corviknight|9/100|[from] item: Shell Bell|[of] p2a: Swampert
|move|p2a: Swampert|Ice Punch|p1b: Corviknight
|-damage|p1b: Corviknight|0 fnt
|faint|p1b: Corviknight
|move|p2b: Pelipper|Weather Ball|p1a: Sableye
|-damage|p1a: Sableye|0 fnt
|faint|p1a: Sableye
|
|win|augusto987
|inactive|Meliodasanbu90 has 30 seconds to confirm battle start!
|inactive|augusto987 has 30 seconds to confirm battle start!
|l|☆Meliodasanbu90
|player|p1|
