|j|☆kazthespaz
|j|☆IamTerra
|html|kazthespazIamTerra    
|uhtml|bestof|Game 2 of a best-of-3
|t:|1783180069
|gametype|doubles
|player|p1|kazthespaz|cynthia|
|player|p2|IamTerra|169|
|gen|9
|tier|[Gen 9 Champions] VGC 2026 Reg M-B (Bo3)
|rule|Species Clause: Limit one of each Pokémon
|rule|Item Clause: Limit 1 of each item
|clearpoke
|poke|p1|Arcanine, L50, F|
|poke|p1|Toxapex, L50, M|
|poke|p1|Staraptor, L50, F|
|poke|p1|Garchomp, L50, F|
|poke|p1|Alakazam, L50, M|
|poke|p1|Whimsicott, L50, F|
|poke|p2|Gengar, L50, M, shiny|
|poke|p2|Metagross, L50, shiny|
|poke|p2|Grimmsnarl, L50, M|
|poke|p2|Clefable, L50, F|
|poke|p2|Slowbro, L50, F|
|poke|p2|Volcarona, L50, M|
|teampreview|4
|showteam|p1|Arcanine||ChoiceScarf|Intimidate|FlareBlitz,WildCharge,PsychicFangs,IronHead|Adamant||F|||50|]Toxapex||Leftovers|Regenerator|Liquidation,Haze,Recover,BanefulBunker|Calm||M|||50|]Staraptor||Staraptite|Intimidate|BraveBird,Protect,Roost,CloseCombat|Jolly||F|||50|]Garchomp||LifeOrb|RoughSkin|Earthquake,RockSlide,Protect,PoisonJab|Jolly||F|||50|]Alakazam||FocusSash|InnerFocus|ShadowBall,NastyPlot,Protect,LightScreen|Timid||M|||50|]Whimsicott||BrightPowder|Prankster|HelpingHand,Moonblast,Tickle,Charm|Timid||F|||50|
|showteam|p2|Gengar||FocusSash|CursedBody|SludgeBomb,ShadowBall,EnergyBall,IcyWind|Timid||M|||50|]Metagross||Metagrossite|ClearBody|ZenHeadbutt,BulletPunch,Earthquake,IcePunch|Adamant|||||50|]Grimmsnarl||LightClay|Prankster|Reflect,LightScreen,DrainPunch,BulkUp|Impish||M|||50|]Clefable||Leftovers|MagicGuard|CosmicPower,StoredPower,Wish,Protect|Bold||F|||50|]Slowbro||SitrusBerry|Regenerator|PsychicNoise,Scald,SlackOff,Protect|Bold||F|||50|]Volcarona||LifeOrb|FlameBody|QuiverDance,Flamethrower,GigaDrain,BugBuzz|Serious||M|||50|
|j| Jabby Wabby
|
|t:|1783180128
|teamsize|p1|4
|teamsize|p2|4
|start
|switch|p1a: Arcanine|Arcanine, L50, F|100/100
|switch|p1b: Alakazam|Alakazam, L50, M|100/100
|switch|p2a: Grimmsnarl|Grimmsnarl, L50, M|100/100
|switch|p2b: Gengar|Gengar, L50, M, shiny|100/100
|-ability|p1a: Arcanine|Intimidate|boost
|-unboost|p2a: Grimmsnarl|atk|1
|-unboost|p2b: Gengar|atk|1
|turn|1
|
|t:|1783180171
|move|p2a: Grimmsnarl|Reflect|p2a: Grimmsnarl
|-sidestart|p2: IamTerra|Reflect
|move|p1b: Alakazam|Nasty Plot|p1b: Alakazam
|-boost|p1b: Alakazam|spa|2
|move|p1a: Arcanine|Flare Blitz|p2b: Gengar
|-damage|p2b: Gengar|20/100y
|-status|p2b: Gengar|brn
|-damage|p1a: Arcanine|81/100|[from] Recoil
|move|p2b: Gengar|Shadow Ball|p1b: Alakazam
|-supereffective|p1b: Alakazam|1
|-enditem|p1b: Alakazam|Focus Sash
|-damage|p1b: Alakazam|1/100
|
|-damage|p2b: Gengar|14/100 brn|[from] brn
|upkeep
|turn|2
|
|t:|1783180207
|switch|p1a: Staraptor|Staraptor, L50, F|100/100
|-ability|p1a: Staraptor|Intimidate|boost
|-unboost|p2a: Grimmsnarl|atk|1
|-unboost|p2b: Gengar|atk|1
|move|p2a: Grimmsnarl|Light Screen|p2a: Grimmsnarl
|-sidestart|p2: IamTerra|move: Light Screen
|move|p1b: Alakazam|Shadow Ball|p2b: Gengar
|-supereffective|p2b: Gengar|1
|-damage|p2b: Gengar|0 fnt
|faint|p2b: Gengar
|
|upkeep
|
|t:|1783180218
|switch|p2b: Slowbro|Slowbro, L50, F|100/100
|turn|3
|
|t:|1783180300
|switch|p1a: Arcanine|Arcanine, L50, F|81/100
|-ability|p1a: Arcanine|Intimidate|boost
|-unboost|p2a: Grimmsnarl|atk|1
|-unboost|p2b: Slowbro|atk|1
|move|p1b: Alakazam|Light Screen|p1b: Alakazam
|-sidestart|p1: kazthespaz|move: Light Screen
|move|p2a: Grimmsnarl|Drain Punch|p1b: Alakazam
|-resisted|p1b: Alakazam|1
|-damage|p1b: Alakazam|0 fnt
|faint|p1b: Alakazam
|move|p2b: Slowbro|Psychic Noise|p1a: Arcanine
|-damage|p1a: Arcanine|64/100
|-start|p1a: Arcanine|move: Heal Block
|
|upkeep
|
|t:|1783180320
|switch|p1b: Staraptor|Staraptor, L50, F|100/100
|-ability|p1b: Staraptor|Intimidate|boost
|-unboost|p2a: Grimmsnarl|atk|1
|-unboost|p2b: Slowbro|atk|1
|turn|4
|
|t:|1783180382
|detailschange|p1b: Staraptor|Staraptor-Mega, L50, F
|-mega|p1b: Staraptor|Staraptor|Staraptite
|move|p2a: Grimmsnarl|Bulk Up|p2a: Grimmsnarl
|-boost|p2a: Grimmsnarl|atk|1
|-boost|p2a: Grimmsnarl|def|1
|move|p1a: Arcanine|Psychic Fangs|p2b: Slowbro
|-sideend|p2: IamTerra|Reflect
|-sideend|p2: IamTerra|move: Light Screen
|-resisted|p2b: Slowbro|1
|-damage|p2b: Slowbro|91/100
|move|p1b: Staraptor|Close Combat|p2b: Slowbro
|-resisted|p2b: Slowbro|1
|-damage|p2b: Slowbro|70/100
|-boost|p1b: Staraptor|def|1
|-boost|p1b: Staraptor|spd|1
|move|p2b: Slowbro|Scald|p1b: Staraptor
|-damage|p1b: Staraptor|86/100
|
|-end|p1a: Arcanine|move: Heal Block
|upkeep
|turn|5
|
|t:|1783180410
|switch|p1a: Toxapex|Toxapex, L50, M|100/100
|move|p2a: Grimmsnarl|Reflect|p2a: Grimmsnarl
|-sidestart|p2: IamTerra|Reflect
|move|p1b: Staraptor|Close Combat|p2b: Slowbro
|-resisted|p2b: Slowbro|1
|-damage|p2b: Slowbro|55/100
|-boost|p1b: Staraptor|def|1
|-boost|p1b: Staraptor|spd|1
|move|p2b: Slowbro|Scald|p1b: Staraptor
|-damage|p1b: Staraptor|74/100
|-status|p1b: Staraptor|brn
|
|-damage|p1b: Staraptor|68/100 brn|[from] brn
|upkeep
|turn|6
|
|t:|1783180458
|move|p1b: Staraptor|Close Combat|p2b: Slowbro
|-resisted|p2b: Slowbro|1
|-damage|p2b: Slowbro|48/100
|-boost|p1b: Staraptor|def|1
|-boost|p1b: Staraptor|spd|1
|-enditem|p2b: Slowbro|Sitrus Berry|[eat]
|-heal|p2b: Slowbro|73/100|[from] item: Sitrus Berry
|move|p2a: Grimmsnarl|Drain Punch|p1b: Staraptor
|-resisted|p1b: Staraptor|1
|-damage|p1b: Staraptor|66/100 brn
|move|p1a: Toxapex|Liquidation|p2b: Slowbro
|-resisted|p2b: Slowbro|1
|-damage|p2b: Slowbro|69/100
|move|p2b: Slowbro|Slack Off|p2b: Slowbro
|-heal|p2b: Slowbro|100/100
|
|-damage|p1b: Staraptor|60/100 brn|[from] brn
|upkeep
|turn|7
|
|t:|1783180484
|move|p2a: Grimmsnarl|Bulk Up|p2a: Grimmsnarl
|-boost|p2a: Grimmsnarl|atk|1
|-boost|p2a: Grimmsnarl|def|1
|move|p1b: Staraptor|Close Combat|p2b: Slowbro
|-resisted|p2b: Slowbro|1
|-damage|p2b: Slowbro|93/100
|-boost|p1b: Staraptor|def|1
|-boost|p1b: Staraptor|spd|1
|move|p1a: Toxapex|Liquidation|p2b: Slowbro
|-resisted|p2b: Slowbro|1
|-damage|p2b: Slowbro|89/100
|move|p2b: Slowbro|Psychic Noise|p1b: Staraptor
|-supereffective|p1b: Staraptor|1
|-damage|p1b: Staraptor|44/100 brn
|-start|p1b: Staraptor|move: Heal Block
|
|-damage|p1b: Staraptor|38/100 brn|[from] brn
|-sideend|p1: kazthespaz|move: Light Screen
|upkeep
|turn|8
|
|t:|1783180507
|move|p2a: Grimmsnarl|Bulk Up|p2a: Grimmsnarl
|-boost|p2a: Grimmsnarl|atk|1
|-boost|p2a: Grimmsnarl|def|1
|move|p1b: Staraptor|Close Combat|p2b: Slowbro
|-resisted|p2b: Slowbro|1
|-damage|p2b: Slowbro|82/100
|-boost|p1b: Staraptor|def|1
|-boost|p1b: Staraptor|spd|1
|move|p1a: Toxapex|Liquidation|p2b: Slowbro
|-resisted|p2b: Slowbro|1
|-damage|p2b: Slowbro|78/100
|-unboost|p2b: Slowbro|def|1
|move|p2b: Slowbro|Psychic Noise|p1b: Staraptor
|-supereffective|p1b: Staraptor|1
|-damage|p1b: Staraptor|18/100 brn
|
|-damage|p1b: Staraptor|11/100 brn|[from] brn
|-end|p1b: Staraptor|move: Heal Block
|upkeep
|turn|9
|
|t:|1783180535
|move|p1b: Staraptor|Roost|p1b: Staraptor
|-heal|p1b: Staraptor|61/100 brn
|-singleturn|p1b: Staraptor|move: Roost
|move|p2a: Grimmsnarl|Drain Punch|p1b: Staraptor
|-damage|p1b: Staraptor|56/100 brn
|move|p1a: Toxapex|Liquidation|p2b: Slowbro
|-resisted|p2b: Slowbro|1
|-damage|p2b: Slowbro|73/100
|-unboost|p2b: Slowbro|def|1
|move|p2b: Slowbro|Psychic Noise|p1a: Toxapex
|-supereffective|p1a: Toxapex|1
|-damage|p1a: Toxapex|68/100
|-start|p1a: Toxapex|move: Heal Block
|
|-damage|p1b: Staraptor|50/100y brn|[from] brn
|upkeep
|turn|10
|
|t:|1783180573
|move|p2a: Grimmsnarl|Bulk Up|p2a: Grimmsnarl
|-boost|p2a: Grimmsnarl|atk|1
|-boost|p2a: Grimmsnarl|def|1
|move|p1b: Staraptor|Close Combat|p2b: Slowbro
|-resisted|p2b: Slowbro|1
|-damage|p2b: Slowbro|59/100
|-boost|p1b: Staraptor|def|1
|-boost|p1b: Staraptor|spd|1
|move|p1a: Toxapex|Liquidation|p2b: Slowbro
|-resisted|p2b: Slowbro|1
|-damage|p2b: Slowbro|52/100
|-unboost|p2b: Slowbro|def|1
|move|p2b: Slowbro|Psychic Noise|p1b: Staraptor
|-supereffective|p1b: Staraptor|1
|-damage|p1b: Staraptor|33/100 brn
|-start|p1b: Staraptor|move: Heal Block
|
|-damage|p1b: Staraptor|27/100 brn|[from] brn
|-end|p1a: Toxapex|move: Heal Block
|upkeep
|turn|11
|
|t:|1783180605
|-heal|p2b: Slowbro|85/100|[from] ability: Regenerator|[silent]
|switch|p2b: Metagross|Metagross, L50, shiny|100/100
|move|p1b: Staraptor|Protect|p1b: Staraptor
|-singleturn|p1b: Staraptor|Protect
|move|p2a: Grimmsnarl|Drain Punch|p1b: Staraptor
|-activate|p1b: Staraptor|move: Protect
|move|p1a: Toxapex|Liquidation|p2b: Metagross
|-damage|p2b: Metagross|90/100
|
|-heal|p1a: Toxapex|73/100|[from] item: Leftovers
|-damage|p1b: Staraptor|21/100 brn|[from] brn
|-end|p1b: Staraptor|move: Heal Block
|upkeep
|turn|12
|
|t:|1783180633
|detailschange|p2b: Metagross|Metagross-Mega, L50, shiny
|-mega|p2b: Metagross|Metagross|Metagrossite
|move|p2a: Grimmsnarl|Bulk Up|p2a: Grimmsnarl
|-boost|p2a: Grimmsnarl|atk|1
|-boost|p2a: Grimmsnarl|def|1
|move|p1b: Staraptor|Roost|p1b: Staraptor
|-heal|p1b: Staraptor|71/100 brn
|-singleturn|p1b: Staraptor|move: Roost
|move|p2b: Metagross|Zen Headbutt|p1b: Staraptor
|-supereffective|p1b: Staraptor|1
|-damage|p1b: Staraptor|36/100 brn
|move|p1a: Toxapex|Liquidation|p2b: Metagross
|-damage|p2b: Metagross|81/100
|
|-heal|p1a: Toxapex|79/100|[from] item: Leftovers
|-damage|p1b: Staraptor|30/100 brn|[from] brn
|-sideend|p2: IamTerra|Reflect
|upkeep
|turn|13
|
|t:|1783180663
|-heal|p1a: Toxapex|100/100|[from] ability: Regenerator|[silent]
|switch|p1a: Arcanine|Arcanine, L50, F|64/100
|-ability|p1a: Arcanine|Intimidate|boost
|-unboost|p2a: Grimmsnarl|atk|1
|-unboost|p2b: Metagross|atk|1
|move|p2a: Grimmsnarl|Reflect|p2a: Grimmsnarl
|-sidestart|p2: IamTerra|Reflect
|move|p1b: Staraptor|Roost|p1b: Staraptor
|-heal|p1b: Staraptor|80/100 brn
|-singleturn|p1b: Staraptor|move: Roost
|move|p2b: Metagross|Zen Headbutt|p1a: Arcanine
|-damage|p1a: Arcanine|21/100
|
|-damage|p1b: Staraptor|73/100 brn|[from] brn
|upkeep
|turn|14
|
|t:|1783180702
|switch|p2b: Slowbro|Slowbro, L50, F|85/100
|move|p2a: Grimmsnarl|Bulk Up|p2a: Grimmsnarl
|-boost|p2a: Grimmsnarl|atk|1
|-boost|p2a: Grimmsnarl|def|1
|move|p1a: Arcanine|Flare Blitz|p2b: Slowbro
|-resisted|p2b: Slowbro|1
|-damage|p2b: Slowbro|71/100
|-damage|p1a: Arcanine|16/100|[from] Recoil
|move|p1b: Staraptor|Brave Bird|p2a: Grimmsnarl
|-damage|p2a: Grimmsnarl|95/100
|-damage|p1b: Staraptor|71/100 brn|[from] Recoil
|
|-damage|p1b: Staraptor|65/100 brn|[from] brn
|upkeep
|turn|15
|
|t:|1783180723
|switch|p1a: Toxapex|Toxapex, L50, M|100/100
|move|p1b: Staraptor|Brave Bird|p2b: Slowbro
|-damage|p2b: Slowbro|57/100
|-damage|p1b: Staraptor|60/100 brn|[from] Recoil
|move|p2a: Grimmsnarl|Drain Punch|p1b: Staraptor
|-resisted|p1b: Staraptor|1
|-damage|p1b: Staraptor|55/100 brn
|-heal|p2a: Grimmsnarl|97/100|[from] drain|[of] p1b: Staraptor
|move|p2b: Slowbro|Psychic Noise|p1a: Toxapex
|-supereffective|p1a: Toxapex|1
|-damage|p1a: Toxapex|65/100
|-start|p1a: Toxapex|move: Heal Block
|
|-damage|p1b: Staraptor|49/100 brn|[from] brn
|upkeep
|turn|16
|
|t:|1783180749
|move|p1a: Toxapex|Baneful Bunker|p1a: Toxapex
|-singleturn|p1a: Toxapex|move: Protect
|move|p2a: Grimmsnarl|Bulk Up|p2a: Grimmsnarl
|-boost|p2a: Grimmsnarl|atk|1
|-boost|p2a: Grimmsnarl|def|0
|move|p1b: Staraptor|Roost|p1b: Staraptor
|-heal|p1b: Staraptor|99/100 brn
|-singleturn|p1b: Staraptor|move: Roost
|move|p2b: Slowbro|Slack Off|p2b: Slowbro
|-heal|p2b: Slowbro|100/100
|
|-damage|p1b: Staraptor|93/100 brn|[from] brn
|-end|p1a: Toxapex|move: Heal Block
|upkeep
|turn|17
|
|t:|1783180812
|move|p1b: Staraptor|Brave Bird|p2b: Slowbro
|-damage|p2b: Slowbro|85/100
|-damage|p1b: Staraptor|87/100 brn|[from] Recoil
|move|p2a: Grimmsnarl|Drain Punch|p1b: Staraptor
|-resisted|p1b: Staraptor|1
|-crit|p1b: Staraptor
|-damage|p1b: Staraptor|52/100 brn
|-heal|p2a: Grimmsnarl|100/100|[from] drain|[of] p1b: Staraptor
|move|p1a: Toxapex|Recover|p1a: Toxapex
|-heal|p1a: Toxapex|100/100
|move|p2b: Slowbro|Psychic Noise|p1b: Staraptor
|-supereffective|p1b: Staraptor|1
|-damage|p1b: Staraptor|37/100 brn
|-start|p1b: Staraptor|move: Heal Block
|
|-damage|p1b: Staraptor|31/100 brn|[from] brn
|upkeep
|turn|18
|
|t:|1783180834
|move|p1b: Staraptor|Protect|p1b: Staraptor
|-singleturn|p1b: Staraptor|Protect
|move|p2a: Grimmsnarl|Drain Punch|p1b: Staraptor
|-activate|p1b: Staraptor|move: Protect
|move|p1a: Toxapex|Liquidation|p2b: Slowbro
|-resisted|p2b: Slowbro|1
|-damage|p2b: Slowbro|81/100
|-unboost|p2b: Slowbro|def|1
|move|p2b: Slowbro|Psychic Noise|p1a: Toxapex
|-supereffective|p1a: Toxapex|1
|-damage|p1a: Toxapex|65/100
|-start|p1a: Toxapex|move: Heal Block
|
|-damage|p1b: Staraptor|25/100 brn|[from] brn
|-end|p1b: Staraptor|move: Heal Block
|upkeep
|turn|19
|
|t:|1783180864
|move|p1a: Toxapex|Baneful Bunker|p1a: Toxapex
|-singleturn|p1a: Toxapex|move: Protect
|move|p2a: Grimmsnarl|Bulk Up|p2a: Grimmsnarl
|-boost|p2a: Grimmsnarl|atk|1
|-boost|p2a: Grimmsnarl|def|0
|move|p1b: Staraptor|Roost|p1b: Staraptor
|-heal|p1b: Staraptor|75/100 brn
|-singleturn|p1b: Staraptor|move: Roost
|move|p2b: Slowbro|Scald|p1a: Toxapex
|-activate|p1a: Toxapex|move: Protect
|
|-damage|p1b: Staraptor|68/100 brn|[from] brn
|-end|p1a: Toxapex|move: Heal Block
|upkeep
|turn|20
|
|t:|1783180899
|move|p2a: Grimmsnarl|Bulk Up|p2a: Grimmsnarl
|-boost|p2a: Grimmsnarl|atk|1
|-boost|p2a: Grimmsnarl|def|0
|move|p1b: Staraptor|Brave Bird|p2a: Grimmsnarl
|-damage|p2a: Grimmsnarl|95/100
|-damage|p1b: Staraptor|66/100 brn|[from] Recoil
|move|p1a: Toxapex|Recover|p1a: Toxapex
|-heal|p1a: Toxapex|100/100
|move|p2b: Slowbro|Scald|p1a: Toxapex
|-resisted|p1a: Toxapex|1
|-damage|p1a: Toxapex|90/100
|
|-heal|p1a: Toxapex|96/100|[from] item: Leftovers
|-damage|p1b: Staraptor|60/100 brn|[from] brn
|-sideend|p2: IamTerra|Reflect
|upkeep
|turn|21
|
|t:|1783180972
|move|p1b: Staraptor|Protect|p1b: Staraptor
|-singleturn|p1b: Staraptor|Protect
|move|p1a: Toxapex|Baneful Bunker|p1a: Toxapex
|-singleturn|p1a: Toxapex|move: Protect
|move|p2a: Grimmsnarl|Reflect|p2a: Grimmsnarl
|-sidestart|p2: IamTerra|Reflect
|move|p2b: Slowbro|Scald|p1a: Toxapex
|-activate|p1a: Toxapex|move: Protect
|
|-heal|p1a: Toxapex|100/100|[from] item: Leftovers
|-damage|p1b: Staraptor|54/100 brn|[from] brn
|upkeep
|turn|22
|
|t:|1783181010
|move|p2a: Grimmsnarl|Bulk Up|p2a: Grimmsnarl
|-boost|p2a: Grimmsnarl|atk|1
|-boost|p2a: Grimmsnarl|def|0
|move|p1b: Staraptor|Roost|p1b: Staraptor
|-heal|p1b: Staraptor|100/100 brn
|-singleturn|p1b: Staraptor|move: Roost
|move|p1a: Toxapex|Liquidation|p2b: Slowbro
|-resisted|p2b: Slowbro|1
|-damage|p2b: Slowbro|75/100
|move|p2b: Slowbro|Scald|p1a: Toxapex
|-resisted|p1a: Toxapex|1
|-damage|p1a: Toxapex|91/100
|-status|p1a: Toxapex|brn
|
|-heal|p1a: Toxapex|96/100 brn|[from] item: Leftovers
|-damage|p1b: Staraptor|93/100 brn|[from] brn
|-damage|p1a: Toxapex|91/100 brn|[from] brn
|upkeep
|turn|23
|
|t:|1783181045
|move|p1a: Toxapex|Baneful Bunker|p1a: Toxapex
|-singleturn|p1a: Toxapex|move: Protect
|move|p1b: Staraptor|Brave Bird|p2a: Grimmsnarl
|-damage|p2a: Grimmsnarl|90/100
|-damage|p1b: Staraptor|91/100 brn|[from] Recoil
|move|p2a: Grimmsnarl|Drain Punch|p1b: Staraptor
|-resisted|p1b: Staraptor|1
|-damage|p1b: Staraptor|82/100 brn
|-heal|p2a: Grimmsnarl|94/100|[from] drain|[of] p1b: Staraptor
|move|p2b: Slowbro|Psychic Noise|p1b: Staraptor
|-supereffective|p1b: Staraptor|1
|-damage|p1b: Staraptor|67/100 brn
|-start|p1b: Staraptor|move: Heal Block
|
|-heal|p1a: Toxapex|96/100 brn|[from] item: Leftovers
|-damage|p1b: Staraptor|61/100 brn|[from] brn
|-damage|p1a: Toxapex|91/100 brn|[from] brn
|upkeep
|turn|24
|
|t:|1783181122
|move|p2a: Grimmsnarl|Bulk Up|p2a: Grimmsnarl
|-boost|p2a: Grimmsnarl|atk|1
|-boost|p2a: Grimmsnarl|def|0
|move|p1b: Staraptor|Brave Bird|p2a: Grimmsnarl
|-damage|p2a: Grimmsnarl|90/100
|-damage|p1b: Staraptor|59/100 brn|[from] Recoil
|move|p1a: Toxapex|Liquidation|p2a: Grimmsnarl
|-damage|p2a: Grimmsnarl|88/100
|move|p2b: Slowbro|Scald|p1b: Staraptor
|-damage|p1b: Staraptor|50/100y brn
|
|-heal|p1a: Toxapex|96/100 brn|[from] item: Leftovers
|-damage|p1b: Staraptor|43/100 brn|[from] brn
|-damage|p1a: Toxapex|91/100 brn|[from] brn
|-end|p1b: Staraptor|move: Heal Block
|upkeep
|turn|25
|
|t:|1783181148
|move|p2a: Grimmsnarl|Light Screen|p2a: Grimmsnarl
|-sidestart|p2: IamTerra|move: Light Screen
|move|p1b: Staraptor|Roost|p1b: Staraptor
|-heal|p1b: Staraptor|93/100 brn
|-singleturn|p1b: Staraptor|move: Roost
|move|p1a: Toxapex|Liquidation|p2a: Grimmsnarl
|-damage|p2a: Grimmsnarl|87/100
|-unboost|p2a: Grimmsnarl|def|1
|move|p2b: Slowbro|Scald|p1b: Staraptor
|-damage|p1b: Staraptor|84/100 brn
|
|-heal|p1a: Toxapex|96/100 brn|[from] item: Leftovers
|-damage|p1b: Staraptor|78/100 brn|[from] brn
|-damage|p1a: Toxapex|91/100 brn|[from] brn
|upkeep
|turn|26
|
|t:|1783181172
|move|p1b: Staraptor|Protect|p1b: Staraptor
|-singleturn|p1b: Staraptor|Protect
|move|p1a: Toxapex|Baneful Bunker|p1a: Toxapex
|-singleturn|p1a: Toxapex|move: Protect
|move|p2a: Grimmsnarl|Bulk Up|p2a: Grimmsnarl
|-boost|p2a: Grimmsnarl|atk|0
|-boost|p2a: Grimmsnarl|def|1
|move|p2b: Slowbro|Scald|p1b: Staraptor
|-activate|p1b: Staraptor|move: Protect
|
|-heal|p1a: Toxapex|96/100 brn|[from] item: Leftovers
|-damage|p1b: Staraptor|71/100 brn|[from] brn
|-damage|p1a: Toxapex|91/100 brn|[from] brn
|upkeep
|turn|27
|
|t:|1783181193
|move|p2a: Grimmsnarl|Reflect||[still]
|-fail|p2a: Grimmsnarl
|move|p1b: Staraptor|Brave Bird|p2a: Grimmsnarl
|-damage|p2a: Grimmsnarl|83/100
|-damage|p1b: Staraptor|70/100 brn|[from] Recoil
|move|p1a: Toxapex|Recover|p1a: Toxapex
|-heal|p1a: Toxapex|100/100 brn
|move|p2b: Slowbro|Slack Off|p2b: Slowbro
|-heal|p2b: Slowbro|100/100
|
|-damage|p1b: Staraptor|63/100 brn|[from] brn
|-damage|p1a: Toxapex|94/100 brn|[from] brn
|upkeep
|turn|28
|
|t:|1783181258
|move|p2a: Grimmsnarl|Reflect||[still]
|-fail|p2a: Grimmsnarl
|move|p1b: Staraptor|Brave Bird|p2a: Grimmsnarl
|-damage|p2a: Grimmsnarl|78/100
|-damage|p1b: Staraptor|61/100 brn|[from] Recoil
|move|p1a: Toxapex|Liquidation|p2b: Slowbro
|-resisted|p2b: Slowbro|1
|-damage|p2b: Slowbro|96/100
|move|p2b: Slowbro|Scald|p1b: Staraptor
|-damage|p1b: Staraptor|52/100 brn
|
|-heal|p1a: Toxapex|100/100 brn|[from] item: Leftovers
|-damage|p1b: Staraptor|46/100 brn|[from] brn
|-damage|p1a: Toxapex|94/100 brn|[from] brn
|-sideend|p2: IamTerra|Reflect
|upkeep
|turn|29
|
|t:|1783181293
|move|p2b: Slowbro|Protect|p2b: Slowbro
|-singleturn|p2b: Slowbro|Protect
|move|p2a: Grimmsnarl|Reflect|p2a: Grimmsnarl
|-sidestart|p2: IamTerra|Reflect
|move|p1b: Staraptor|Close Combat|p2a: Grimmsnarl
|-damage|p2a: Grimmsnarl|74/100
|move|p1a: Toxapex|Haze|p1a: Toxapex
|-clearallboost
|
|-heal|p1a: Toxapex|100/100 brn|[from] item: Leftovers
|-damage|p1b: Staraptor|40/100 brn|[from] brn
|-damage|p1a: Toxapex|94/100 brn|[from] brn
|upkeep
|turn|30
|
|t:|1783181309
|-heal|p1a: Toxapex|100/100 brn|[from] ability: Regenerator|[silent]
|switch|p1a: Arcanine|Arcanine, L50, F|16/100
|-ability|p1a: Arcanine|Intimidate|boost
|-unboost|p2a: Grimmsnarl|atk|1
|-unboost|p2b: Slowbro|atk|1
|move|p1b: Staraptor|Protect|p1b: Staraptor
|-singleturn|p1b: Staraptor|Protect
|move|p2a: Grimmsnarl|Bulk Up|p2a: Grimmsnarl
|-boost|p2a: Grimmsnarl|atk|1
|-boost|p2a: Grimmsnarl|def|1
|move|p2b: Slowbro|Psychic Noise|p1b: Staraptor
|-activate|p1b: Staraptor|move: Protect
|
|-damage|p1b: Staraptor|33/100 brn|[from] brn
|upkeep
|turn|31
|
|t:|1783181348
|move|p1a: Arcanine|Iron Head|p2a: Grimmsnarl
|-supereffective|p2a: Grimmsnarl|1
|-damage|p2a: Grimmsnarl|52/100
|move|p1b: Staraptor|Close Combat|p2a: Grimmsnarl
|-damage|p2a: Grimmsnarl|39/100
|-boost|p1b: Staraptor|def|1
|-boost|p1b: Staraptor|spd|1
|move|p2a: Grimmsnarl|Drain Punch|p1a: Arcanine
|-damage|p1a: Arcanine|0 fnt
|-heal|p2a: Grimmsnarl|47/100|[from] drain|[of] p1a: Arcanine
|faint|p1a: Arcanine
|move|p2b: Slowbro|Psychic Noise|p1b: Staraptor
|-supereffective|p1b: Staraptor|1
|-damage|p1b: Staraptor|0 fnt
|faint|p1b: Staraptor
|
|upkeep
|
|t:|1783181369
|switch|p1b: Toxapex|Toxapex, L50, M|100/100 brn
|turn|32
|
|t:|1783181408
|switch|p2a: Metagross|Metagross-Mega, L50, shiny|81/100
|move|p1b: Toxapex|Baneful Bunker|p1b: Toxapex
|-singleturn|p1b: Toxapex|move: Protect
|move|p2b: Slowbro|Scald|p1b: Toxapex
|-activate|p1b: Toxapex|move: Protect
|
|-damage|p1b: Toxapex|94/100 brn|[from] brn
|-sideend|p2: IamTerra|move: Light Screen
|upkeep
|turn|33
|
|t:|1783181423
|move|p2a: Metagross|Zen Headbutt|p1b: Toxapex
|-supereffective|p1b: Toxapex|1
|-damage|p1b: Toxapex|1/100 brn
|move|p1b: Toxapex|Recover|p1b: Toxapex
|-heal|p1b: Toxapex|51/100 brn
|move|p2b: Slowbro|Psychic Noise|p1b: Toxapex
|-supereffective|p1b: Toxapex|1
|-damage|p1b: Toxapex|15/100 brn
|-start|p1b: Toxapex|move: Heal Block
|
|-damage|p1b: Toxapex|10/100 brn|[from] brn
|upkeep
|turn|34
|
|t:|1783181447
|move|p2a: Metagross|Bullet Punch|p1b: Toxapex
|-resisted|p1b: Toxapex|1
|-damage|p1b: Toxapex|0 fnt
|faint|p1b: Toxapex
|
|win|IamTerra
||kazthespaz is ready for game 3.
