|j|☆ParroTiest
|j|☆Tchoubib
|html|ParroTiestTchoubib    
|uhtml|bestof|Game 2 of a best-of-3
|t:|1756587015
|gametype|doubles
|player|p1|ParroTiest|2|1215
|player|p2|Tchoubib|cynthia|1194
|gen|9
|tier|[Gen 9] VGC 2025 Reg H (Bo3)
|rated|
|rule|Species Clause: Limit one of each Pokémon
|rule|Item Clause: Limit 1 of each item
|clearpoke
|poke|p1|Grimmsnarl, L50, M|
|poke|p1|Ursaluna-Bloodmoon, L50, M|
|poke|p1|Farigiraf, L50, M|
|poke|p1|Gholdengo, L50|
|poke|p1|Rillaboom, L50, M|
|poke|p1|Volcarona, L50, M|
|poke|p2|Sneasler, L50, F|
|poke|p2|Dragapult, L50, M|
|poke|p2|Primarina, L50, F|
|poke|p2|Rillaboom, L50, M|
|poke|p2|Kingambit, L50, F|
|poke|p2|Magmar, L50, F|
|teampreview|4
|showteam|p1|Grimmsnarl||LightClay|Prankster|Reflect,LightScreen,SpiritBreak,Taunt|||M|||50|,,,,,Ghost]Ursaluna-Bloodmoon||LifeOrb|MindsEye|BloodMoon,HyperVoice,EarthPower,Protect|||M|||50|,,,,,Normal]Farigiraf||ThroatSpray|ArmorTail|HyperVoice,Psychic,TrickRoom,Protect|||M|||50|,,,,,Fairy]Gholdengo||ChoiceSpecs|GoodasGold|MakeItRain,ShadowBall,PowerGem,Trick||||||50|,,,,,Water]Rillaboom||AssaultVest|GrassySurge|FakeOut,WoodHammer,GrassyGlide,Uturn|||M|||50|,,,,,Fire]Volcarona||Leftovers|FlameBody|QuiverDance,HeatWave,GigaDrain,Protect|||M|||50|,,,,,Grass
|showteam|p2|Sneasler||FocusSash|PoisonTouch|CloseCombat,DireClaw,FakeOut,Protect|||F|||50|,,,,,Stellar]Dragapult||ChoiceBand|ClearBody|DragonDarts,TeraBlast,PhantomForce,Uturn|||M|||50|,,,,,Ghost]Primarina||SitrusBerry|LiquidVoice|HyperVoice,Moonblast,Haze,Protect|||F|||50|,,,,,Water]Rillaboom||AssaultVest|GrassySurge|WoodHammer,GrassyGlide,HighHorsepower,FakeOut|||M|||50|,,,,,Fire]Kingambit||BlackGlasses|Defiant|KowtowCleave,SuckerPunch,SwordsDance,Protect|||F|||50|,,,,,Ghost]Magmar||Eviolite|VitalSpirit|Flamethrower,WillOWisp,FollowMe,Protect|||F|||50|,,,,,Ghost
|inactive|Battle timer is ON: inactive players will automatically lose when time's up. (requested by ParroTiest)
|inactive|ParroTiest has 60 seconds left.
|
|t:|1756587047
|teamsize|p1|4
|teamsize|p2|4
|start
|switch|p1a: gremlin|Grimmsnarl, L50, M, shiny|100/100
|switch|p1b: no fake out|Farigiraf, L50, M|100/100
|switch|p2a: Dragapult|Dragapult, L50, M|100/100
|switch|p2b: Sneasler|Sneasler, L50, F|100/100
|turn|1
|inactive|Tchoubib has 30 seconds left.
|inactive|ParroTiest has 30 seconds left.
|
|t:|1756587082
|-terastallize|p1b: no fake out|Fairy
|move|p1a: gremlin|Reflect|p1a: gremlin
|-sidestart|p1: ParroTiest|Reflect
|move|p2a: Dragapult|U-turn|p1a: gremlin
|-damage|p1a: gremlin|79/100
|
|t:|1756587089
|switch|p2a: Magmar|Magmar, L50, F|100/100|[from] U-turn
|move|p2b: Sneasler|Dire Claw|p1b: no fake out
|-supereffective|p1b: no fake out
|-damage|p1b: no fake out|41/100
|-status|p1b: no fake out|slp
|cant|p1b: no fake out|slp
|
|upkeep
|turn|2
|c|☆ParroTiest|Dam gambling
|inactive|Tchoubib has 30 seconds left.
|inactive|Tchoubib has 20 seconds left.
|
|t:|1756587127
|move|p1a: gremlin|Taunt|p2a: Magmar
|-start|p2a: Magmar|move: Taunt
|move|p2b: Sneasler|Dire Claw|p1b: no fake out
|-supereffective|p1b: no fake out
|-damage|p1b: no fake out|0 fnt
|faint|p1b: no fake out
|move|p2a: Magmar|Flamethrower|p1a: gremlin
|-damage|p1a: gremlin|44/100
|
|upkeep
|
|t:|1756587138
|switch|p1b: instakill button|Ursaluna-Bloodmoon, L50, M|100/100
|turn|3
|
|t:|1756587159
|move|p1a: gremlin|Light Screen|p1a: gremlin
|-sidestart|p1: ParroTiest|move: Light Screen
|move|p2b: Sneasler|Dire Claw|p1a: gremlin
|-supereffective|p1a: gremlin
|-damage|p1a: gremlin|0 fnt
|faint|p1a: gremlin
|move|p2a: Magmar|Flamethrower|p1b: instakill button
|-damage|p1b: instakill button|71/100
|move|p1b: instakill button|Earth Power|p2a: Magmar
|-supereffective|p2a: Magmar
|-damage|p2a: Magmar|0 fnt
|faint|p2a: Magmar
|-damage|p1b: instakill button|61/100|[from] item: Life Orb
|
|upkeep
|
|t:|1756587172
|switch|p2a: Primarina|Primarina, L50, F|100/100
|switch|p1a: monke|Rillaboom, L50, M|100/100
|-fieldstart|move: Grassy Terrain|[from] ability: Grassy Surge|[of] p1a: monke
|turn|4
|inactive|ParroTiest has 30 seconds left.
|inactive|ParroTiest has 20 seconds left.
|
|t:|1756587209
|move|p2b: Sneasler|Protect|p2b: Sneasler
|-singleturn|p2b: Sneasler|Protect
|move|p2a: Primarina|Protect|p2a: Primarina
|-singleturn|p2a: Primarina|Protect
|move|p1a: monke|Fake Out|p2a: Primarina
|-activate|p2a: Primarina|move: Protect
|move|p1b: instakill button|Blood Moon|p2a: Primarina
|-activate|p2a: Primarina|move: Protect
|
|-heal|p1b: instakill button|67/100|[from] Grassy Terrain
|upkeep
|turn|5
|inactive|Tchoubib has 30 seconds left.
|
|t:|1756587241
|-terastallize|p2b: Sneasler|Stellar
|move|p2b: Sneasler|Dire Claw|p1a: monke
|-supereffective|p1a: monke
|-damage|p1a: monke|28/100
|move|p1a: monke|Wood Hammer|p2a: Primarina
|-supereffective|p2a: Primarina
|-damage|p2a: Primarina|0 fnt
|faint|p2a: Primarina
|-damage|p1a: monke|0 fnt|[from] Recoil
|faint|p1a: monke
|move|p1b: instakill button|Earth Power|p2b: Sneasler
|-supereffective|p2b: Sneasler
|-enditem|p2b: Sneasler|Focus Sash
|-damage|p2b: Sneasler|1/100
|-damage|p1b: instakill button|57/100|[from] item: Life Orb
|
|-heal|p2b: Sneasler|7/100|[from] Grassy Terrain
|-heal|p1b: instakill button|63/100|[from] Grassy Terrain
|upkeep
|
|t:|1756587254
|switch|p2a: Dragapult|Dragapult, L50, M|100/100
|turn|6
|-message|ParroTiest forfeited.
|
|win|Tchoubib
|raw|ParroTiest's rating: 1215 → 1188(-27 for losing)
|raw|Tchoubib's rating: 1194 → 1221(+27 for winning)
|l|☆ParroTiest
|player|p1|
