|j|☆Togie Schwarzer
|j|☆gluttorn
|html|Togie Schwarzergluttorn    
|uhtml|bestof|Game 1 of a best-of-3
|t:|1782333195
|gametype|doubles
|player|p1|Togie Schwarzer|hilda|1102
|player|p2|gluttorn|102|1000
|gen|9
|tier|[Gen 9 Champions] VGC 2026 Reg M-B (Bo3)
|rated|
|rule|Species Clause: Limit one of each Pokémon
|rule|Item Clause: Limit 1 of each item
|clearpoke
|poke|p1|Garchomp, L50, F|
|poke|p1|Malamar, L50, M|
|poke|p1|Sneasler, L50, F|
|poke|p1|Grimmsnarl, L50, M|
|poke|p1|Incineroar, L50, M|
|poke|p1|Toxapex, L50, F|
|poke|p2|Scrafty, L50, M|
|poke|p2|Torkoal, L50, M|
|poke|p2|Farigiraf, L50, M|
|poke|p2|Hatterene, L50, F|
|poke|p2|Staraptor, L50, F|
|poke|p2|Vileplume, L50, F|
|teampreview|4
|showteam|p1|Garchomp||Garchompite|RoughSkin|ScaleShot,StompingTantrum,SwordsDance,Protect|Adamant||F|||50|]Malamar||Malamarite|Contrary|Superpower,KnockOff,Taunt,Protect|Adamant||M|||50|]Sneasler||FocusSash|PoisonTouch|FakeOut,CloseCombat,PoisonJab,Coaching|Jolly||F|||50|]Grimmsnarl||LightClay|Prankster|FakeOut,Reflect,LightScreen,PartingShot|Careful||M|||50|]Incineroar||SitrusBerry|Intimidate|FakeOut,FlareBlitz,Snarl,WillOWisp|Careful||M|||50|]Toxapex||Leftovers|Regenerator|Recover,BanefulBunker,Toxic,Infestation|Bold||F|||50|
|showteam|p2|Scrafty||Scraftinite|Intimidate|FakeOut,KnockOff,DrainPunch,RockSlide|Brave||M|||50|]Torkoal||Charcoal|Drought|EarthPower,HeatWave,Eruption,Protect|Quiet||M|||50|]Farigiraf||MentalHerb|ArmorTail|Protect,HelpingHand,TrickRoom,Psychic|Calm||M|||50|]Hatterene||LifeOrb|MagicBounce|DazzlingGleam,Psychic,TrickRoom,Protect|Modest||F|||50|]Staraptor||ChoiceScarf|Intimidate|FinalGambit,Uturn,Tailwind,BraveBird|Jolly||F|||50|]Vileplume||FocusSash|Chlorophyll|AfterYou,Protect,EnergyBall,SludgeBomb|Timid||F|||50|
|inactive|Battle timer is ON: inactive players will automatically lose when time's up. (requested by Togie Schwarzer)
|inactive|Togie Schwarzer has 60 seconds left.
|inactive|gluttorn has 60 seconds left.
|
|t:|1782333253
|teamsize|p1|4
|teamsize|p2|4
|start
|switch|p1a: Malamar|Malamar, L50, M|100/100
|switch|p1b: Sneasler|Sneasler, L50, F|100/100
|switch|p2a: Staraptor|Staraptor, L50, F|100/100
|switch|p2b: Farigiraf|Farigiraf, L50, M|100/100
|-ability|p2a: Staraptor|Intimidate|boost
|-boost|p1a: Malamar|atk|1
|-unboost|p1b: Sneasler|atk|1
|turn|1
|
|t:|1782333276
|switch|p1a: Incineroar|Incineroar, L50, M|100/100
|-ability|p1a: Incineroar|Intimidate|boost
|-unboost|p2a: Staraptor|atk|1
|-unboost|p2b: Farigiraf|atk|1
|move|p2a: Staraptor|Final Gambit|p1a: Incineroar
|-damage|p1a: Incineroar|4/100
|-enditem|p1a: Incineroar|Sitrus Berry|[eat]
|-heal|p1a: Incineroar|29/100|[from] item: Sitrus Berry
|faint|p2a: Staraptor
|move|p1b: Sneasler|Close Combat|p2b: Farigiraf
|-damage|p2b: Farigiraf|60/100
|-unboost|p1b: Sneasler|def|1
|-unboost|p1b: Sneasler|spd|1
|move|p2b: Farigiraf|Trick Room|p2b: Farigiraf
|-fieldstart|move: Trick Room|[of] p2b: Farigiraf
|
|upkeep
|
|t:|1782333292
|switch|p2a: Hatterene|Hatterene, L50, F|100/100
|turn|2
|
|t:|1782333315
|switch|p1b: Toxapex|Toxapex, L50, F|100/100
|move|p2a: Hatterene|Dazzling Gleam|p1a: Incineroar|[spread] p1a,p1b
|-resisted|p1b: Toxapex|1
|-damage|p1a: Incineroar|0 fnt
|-damage|p1b: Toxapex|80/100
|faint|p1a: Incineroar
|-damage|p2a: Hatterene|90/100|[from] item: Life Orb
|move|p2b: Farigiraf|Psychic|p1b: Toxapex
|-supereffective|p1b: Toxapex|1
|-damage|p1b: Toxapex|30/100
|
|-heal|p1b: Toxapex|36/100|[from] item: Leftovers
|upkeep
|
|t:|1782333326
|switch|p1a: Sneasler|Sneasler, L50, F|100/100
|turn|3
|
|t:|1782333349
|move|p2a: Hatterene|Psychic|p1a: Sneasler
|-supereffective|p1a: Sneasler|2
|-enditem|p1a: Sneasler|Focus Sash
|-damage|p1a: Sneasler|1/100
|-damage|p2a: Hatterene|80/100|[from] item: Life Orb
|move|p1b: Toxapex|Recover|p1b: Toxapex
|-heal|p1b: Toxapex|86/100
|move|p2b: Farigiraf|Psychic|p1b: Toxapex
|-supereffective|p1b: Toxapex|1
|-damage|p1b: Toxapex|36/100
|move|p1a: Sneasler|Poison Jab|p2a: Hatterene
|-supereffective|p2a: Hatterene|1
|-damage|p2a: Hatterene|0 fnt
|faint|p2a: Hatterene
|
|-heal|p1b: Toxapex|42/100|[from] item: Leftovers
|upkeep
|
|t:|1782333366
|switch|p2a: Scrafty|Scrafty, L50, M|100/100
|-ability|p2a: Scrafty|Intimidate|boost
|-unboost|p1a: Sneasler|atk|1
|-unboost|p1b: Toxapex|atk|1
|turn|4
|
|t:|1782333380
|-heal|p1b: Toxapex|75/100|[from] ability: Regenerator|[silent]
|switch|p1b: Malamar|Malamar, L50, M|100/100
|move|p2a: Scrafty|Fake Out|p1a: Sneasler
|-damage|p1a: Sneasler|0 fnt
|faint|p1a: Sneasler
|move|p2b: Farigiraf|Psychic|p1b: Malamar
|-immune|p1b: Malamar
|
|upkeep
|
|t:|1782333388
|switch|p1a: Toxapex|Toxapex, L50, F|75/100
|turn|5
|inactive|gluttorn has 30 seconds left.
|
|t:|1782333423
|detailschange|p1b: Malamar|Malamar-Mega, L50, M
|-mega|p1b: Malamar|Malamar|Malamarite
|move|p2b: Farigiraf|Protect|p2b: Farigiraf
|-singleturn|p2b: Farigiraf|Protect
|move|p1b: Malamar|Protect|p1b: Malamar
|-singleturn|p1b: Malamar|Protect
|move|p1a: Toxapex|Toxic|p2a: Scrafty
|-status|p2a: Scrafty|tox
|move|p2a: Scrafty|Drain Punch|p1b: Malamar
|-activate|p1b: Malamar|move: Protect
|
|-heal|p1a: Toxapex|81/100|[from] item: Leftovers
|-damage|p2a: Scrafty|94/100 tox|[from] psn
|-fieldend|move: Trick Room
|upkeep
|turn|6
|
|t:|1782333444
|move|p1b: Malamar|Superpower|p2a: Scrafty
|-supereffective|p2a: Scrafty|1
|-damage|p2a: Scrafty|26/100 tox
|-boost|p1b: Malamar|atk|1
|-boost|p1b: Malamar|def|1
|move|p2b: Farigiraf|Psychic|p1a: Toxapex
|-supereffective|p1a: Toxapex|1
|-damage|p1a: Toxapex|28/100
|move|p2a: Scrafty|Drain Punch|p1b: Malamar
|-damage|p1b: Malamar|79/100
|-heal|p2a: Scrafty|38/100 tox|[from] drain|[of] p1b: Malamar
|move|p1a: Toxapex|Toxic|p2b: Farigiraf
|-status|p2b: Farigiraf|tox
|
|-heal|p1a: Toxapex|33/100|[from] item: Leftovers
|-damage|p2b: Farigiraf|54/100 tox|[from] psn
|-damage|p2a: Scrafty|26/100 tox|[from] psn
|upkeep
|turn|7
|
|t:|1782333465
|move|p2b: Farigiraf|Protect|p2b: Farigiraf
|-singleturn|p2b: Farigiraf|Protect
|move|p1b: Malamar|Knock Off|p2b: Farigiraf
|-activate|p2b: Farigiraf|move: Protect
|move|p2a: Scrafty|Drain Punch|p1b: Malamar
|-damage|p1b: Malamar|60/100
|-heal|p2a: Scrafty|37/100 tox|[from] drain|[of] p1b: Malamar
|move|p1a: Toxapex|Recover|p1a: Toxapex
|-heal|p1a: Toxapex|84/100
|
|-heal|p1a: Toxapex|89/100|[from] item: Leftovers
|-damage|p2b: Farigiraf|41/100 tox|[from] psn
|-damage|p2a: Scrafty|20/100y tox|[from] psn
|upkeep
|turn|8
|inactive|gluttorn has 30 seconds left.
|
|t:|1782333496
|move|p1b: Malamar|Knock Off|p2b: Farigiraf
|-supereffective|p2b: Farigiraf|1
|-damage|p2b: Farigiraf|0 fnt
|-enditem|p2b: Farigiraf|Mental Herb|[from] move: Knock Off|[of] p1b: Malamar
|faint|p2b: Farigiraf
|move|p2a: Scrafty|Knock Off|p1a: Toxapex
|-damage|p1a: Toxapex|64/100
|-enditem|p1a: Toxapex|Leftovers|[from] move: Knock Off|[of] p2a: Scrafty
|move|p1a: Toxapex|Infestation|p2a: Scrafty
|-damage|p2a: Scrafty|17/100 tox
|-activate|p2a: Scrafty|move: Infestation|[of] p1a: Toxapex
|
|-damage|p2a: Scrafty|0 fnt|[from] psn
|faint|p2a: Scrafty
|
|win|Togie Schwarzer
|inactive|Togie Schwarzer has 30 seconds to confirm battle start!
|inactive|gluttorn has 30 seconds to confirm battle start!
|inactive|Togie Schwarzer has 20 seconds to confirm battle start!
|inactive|gluttorn has 20 seconds to confirm battle start!
