|j|☆night fight 15
|j|☆FerKillerVGC
|html|night fight 15FerKillerVGC    
|uhtml|bestof|Game 1 of a best-of-3
|t:|1782234415
|gametype|doubles
|player|p1|night fight 15|lucas|1185
|player|p2|FerKillerVGC|169|1222
|gen|9
|tier|[Gen 9 Champions] VGC 2026 Reg M-B (Bo3)
|rated|
|rule|Species Clause: Limit one of each Pokémon
|rule|Item Clause: Limit 1 of each item
|clearpoke
|poke|p1|Pyroar, L50, F|
|poke|p1|Ninetales, L50, M|
|poke|p1|Farigiraf, L50, F|
|poke|p1|Whimsicott, L50, F|
|poke|p1|Floette-Eternal, L50, F|
|poke|p1|Basculegion, L50, M|
|poke|p2|Snorlax, L50, M|
|poke|p2|Sableye, L50, F|
|poke|p2|Armarouge, L50, M|
|poke|p2|Clefable, L50, M|
|poke|p2|Kingambit, L50, F|
|poke|p2|Venusaur, L50, F|
|teampreview|4
|showteam|p1|Pyroar||Pyroarite|Unnerve|Protect,HeatWave,Overheat,SolarBeam|Modest||F|||50|]Ninetales||ChoiceScarf|Drought|Overheat,HeatWave,WillOWisp,ShadowBall|Modest||M|||50|]Farigiraf||ColburBerry|ArmorTail|Psychic,TrickRoom,Imprison,Protect|Bold||F|||50|]Whimsicott||FocusSash|Prankster|Protect,Moonblast,Encore,Tailwind|Timid||F|||50|]Floette-Eternal||Floettite|FlowerVeil|Protect,Moonblast,DazzlingGleam,LightofRuin|Timid||F|||50|]Basculegion||LifeOrb|Adaptability|Protect,AquaJet,WaveCrash,LastRespects|Jolly||M|||50|
|showteam|p2|Snorlax||SitrusBerry|ThickFat|Facade,BodyPress,Stockpile,Recycle|Impish||M|||50|]Sableye||RoseliBerry|Prankster|FoulPlay,WillOWisp,Quash,FakeOut|Careful||F|||50|]Armarouge||FocusSash|FlashFire|HeatWave,Psychic,WideGuard,TrickRoom|Quiet||M|||50|]Clefable||Clefablite|Unaware|Moonblast,Flamethrower,FollowMe,Protect|Timid||M|||50|]Kingambit||BlackGlasses|Defiant|KowtowCleave,IronHead,SuckerPunch,Protect|Adamant||F|||50|]Venusaur||Venusaurite|Chlorophyll|SludgeBomb,GigaDrain,EarthPower,Protect|Modest||F|||50|
|inactive|Battle timer is ON: inactive players will automatically lose when time's up. (requested by night fight 15)
|inactive|FerKillerVGC has 60 seconds left.
|
|t:|1782234456
|teamsize|p1|4
|teamsize|p2|4
|start
|switch|p1a: Pyroar|Pyroar, L50, F|100/100
|switch|p1b: Whimsicott|Whimsicott, L50, F|100/100
|switch|p2a: Armarouge|Armarouge, L50, M|100/100
|switch|p2b: Venusaur|Venusaur, L50, F|100/100
|-ability|p1a: Pyroar|Unnerve
|turn|1
|inactive|FerKillerVGC has 30 seconds left.
|
|t:|1782234483
|detailschange|p1a: Pyroar|Pyroar-Mega, L50, F
|-mega|p1a: Pyroar|Pyroar|Pyroarite
|detailschange|p2b: Venusaur|Venusaur-Mega, L50, F
|-mega|p2b: Venusaur|Venusaur|Venusaurite
|move|p2b: Venusaur|Protect|p2b: Venusaur
|-singleturn|p2b: Venusaur|Protect
|move|p1b: Whimsicott|Moonblast|p2a: Armarouge
|-resisted|p2a: Armarouge|1
|-damage|p2a: Armarouge|79/100
|move|p1a: Pyroar|Overheat|p2b: Venusaur
|-activate|p2b: Venusaur|move: Protect
|move|p2a: Armarouge|Trick Room|p2a: Armarouge
|-fieldstart|move: Trick Room|[of] p2a: Armarouge
|
|upkeep
|turn|2
|
|t:|1782234508
|switch|p2a: Snorlax|Snorlax, L50, M|100/100
|move|p1b: Whimsicott|Encore||[still]
|-fail|p1b: Whimsicott
|move|p2b: Venusaur|Earth Power|p1a: Pyroar
|-supereffective|p1a: Pyroar|1
|-damage|p1a: Pyroar|25/100
|move|p1a: Pyroar|Overheat|p2b: Venusaur
|-supereffective|p2b: Venusaur|1
|-damage|p2b: Venusaur|11/100
|-unboost|p1a: Pyroar|spa|2
|
|upkeep
|turn|3
|
|t:|1782234528
|move|p1a: Pyroar|Protect|p1a: Pyroar
|-singleturn|p1a: Pyroar|Protect
|move|p2a: Snorlax|Body Press|p1a: Pyroar
|-activate|p1a: Pyroar|move: Protect
|move|p2b: Venusaur|Sludge Bomb|p1b: Whimsicott
|-supereffective|p1b: Whimsicott|2
|-enditem|p1b: Whimsicott|Focus Sash
|-damage|p1b: Whimsicott|1/100
|move|p1b: Whimsicott|Moonblast|p2b: Venusaur
|-resisted|p2b: Venusaur|1
|-damage|p2b: Venusaur|0 fnt
|faint|p2b: Venusaur
|
|upkeep
|
|t:|1782234542
|switch|p2b: Armarouge|Armarouge, L50, M|79/100
|turn|4
|
|t:|1782234554
|switch|p1a: Basculegion|Basculegion, L50, M|100/100
|move|p1b: Whimsicott|Protect|p1b: Whimsicott
|-singleturn|p1b: Whimsicott|Protect
|move|p2a: Snorlax|Stockpile|p2a: Snorlax
|-start|p2a: Snorlax|stockpile1
|-boost|p2a: Snorlax|def|1
|-boost|p2a: Snorlax|spd|1
|move|p2b: Armarouge|Heat Wave|p1b: Whimsicott|[spread] p1a
|-activate|p1b: Whimsicott|move: Protect
|-resisted|p1a: Basculegion|1
|-damage|p1a: Basculegion|76/100
|
|upkeep
|turn|5
|
|t:|1782234575
|switch|p2a: Kingambit|Kingambit, L50, F|100/100
|move|p1a: Basculegion|Protect|p1a: Basculegion
|-singleturn|p1a: Basculegion|Protect
|move|p1b: Whimsicott|Tailwind|p1b: Whimsicott
|-sidestart|p1: night fight 15|move: Tailwind
|move|p2b: Armarouge|Psychic|p1a: Basculegion
|-activate|p1a: Basculegion|move: Protect
|
|-fieldend|move: Trick Room
|upkeep
|turn|6
|inactive|FerKillerVGC has 30 seconds left.
|
|t:|1782234602
|switch|p1b: Ninetales|Ninetales, L50, M|100/100
|-weather|SunnyDay|[from] ability: Drought|[of] p1b: Ninetales
|move|p1a: Basculegion|Aqua Jet|p2b: Armarouge
|-supereffective|p2b: Armarouge|1
|-damage|p2b: Armarouge|46/100
|-damage|p1a: Basculegion|67/100|[from] item: Life Orb
|move|p2a: Kingambit|Sucker Punch||[still]
|-fail|p2a: Kingambit
|move|p2b: Armarouge|Trick Room|p2b: Armarouge
|-fieldstart|move: Trick Room|[of] p2b: Armarouge
|
|-weather|SunnyDay|[upkeep]
|upkeep
|turn|7
|
|t:|1782234623
|move|p1a: Basculegion|Protect|p1a: Basculegion
|-singleturn|p1a: Basculegion|Protect
|move|p2a: Kingambit|Kowtow Cleave|p1b: Ninetales
|-damage|p1b: Ninetales|11/100
|move|p2b: Armarouge|Psychic|p1b: Ninetales
|-damage|p1b: Ninetales|0 fnt
|faint|p1b: Ninetales
|
|-weather|SunnyDay|[upkeep]
|upkeep
|
|t:|1782234631
|switch|p1b: Whimsicott|Whimsicott, L50, F|1/100
|turn|8
|
|t:|1782234639
|move|p1b: Whimsicott|Protect|p1b: Whimsicott
|-singleturn|p1b: Whimsicott|Protect
|move|p1a: Basculegion|Aqua Jet|p2b: Armarouge
|-supereffective|p2b: Armarouge|1
|-damage|p2b: Armarouge|16/100
|-damage|p1a: Basculegion|57/100|[from] item: Life Orb
|move|p2a: Kingambit|Kowtow Cleave|p1a: Basculegion
|-supereffective|p1a: Basculegion|1
|-damage|p1a: Basculegion|0 fnt
|faint|p1a: Basculegion
|move|p2b: Armarouge|Psychic|p1b: Whimsicott
|-activate|p1b: Whimsicott|move: Protect
|
|-weather|SunnyDay|[upkeep]
|-sideend|p1: night fight 15|move: Tailwind
|upkeep
|
|t:|1782234647
|switch|p1a: Pyroar|Pyroar-Mega, L50, F|25/100
|turn|9
|
|t:|1782234657
|move|p1b: Whimsicott|Protect||[still]
|-fail|p1b: Whimsicott
|move|p1a: Pyroar|Protect|p1a: Pyroar
|-singleturn|p1a: Pyroar|Protect
|move|p2a: Kingambit|Kowtow Cleave|p1a: Pyroar
|-activate|p1a: Pyroar|move: Protect
|move|p2b: Armarouge|Psychic|p1b: Whimsicott
|-damage|p1b: Whimsicott|0 fnt
|faint|p1b: Whimsicott
|
|-weather|SunnyDay|[upkeep]
|upkeep
|turn|10
|
|t:|1782234670
|move|p1a: Pyroar|Protect||[still]
|-fail|p1a: Pyroar
|move|p2a: Kingambit|Kowtow Cleave|p1a: Pyroar
|-damage|p1a: Pyroar|0 fnt
|faint|p1a: Pyroar
|
|win|FerKillerVGC
||night fight 15 is ready for game 2.
||FerKillerVGC is ready for game 2.
|uhtml|next|Next: Game 2 of 3
