|j|☆good fruit store
|j|☆koronops5
|html|good fruit storekoronops5    
|uhtml|bestof|Game 1 of a best-of-3
|t:|1756684490
|gametype|doubles
|player|p1|good fruit store|1|1040
|player|p2|koronops5|101|1118
|gen|9
|tier|[Gen 9] VGC 2025 Reg H (Bo3)
|rated|
|rule|Species Clause: Limit one of each Pokémon
|rule|Item Clause: Limit 1 of each item
|clearpoke
|poke|p1|Sinistcha, L50|
|poke|p1|Dragonite, L50, M|
|poke|p1|Pelipper, L50, M|
|poke|p1|Gholdengo, L50|
|poke|p1|Ursaluna, L50, F|
|poke|p1|Archaludon, L50, F|
|poke|p2|Charizard, L50, M|
|poke|p2|Torkoal, L50, F|
|poke|p2|Porygon2, L50|
|poke|p2|Incineroar, L50, F|
|poke|p2|Jumpluff, L50, F|
|poke|p2|Ursaluna, L50, M|
|teampreview|4
|showteam|p1|Sinistcha||SitrusBerry|Hospitality|LifeDew,RagePowder,TrickRoom,MatchaGotcha||||||50|,,,,,Dark]Dragonite||LoadedDice|Multiscale|ScaleShot,Haze,Tailwind,Protect|||M|||50|,,,,,Fairy]Pelipper||FocusSash|Drizzle|Protect,Hurricane,Tailwind,MuddyWater|||M|||50|,,,,,Ghost]Gholdengo||ChoiceScarf|GoodasGold|Trick,Protect,MakeItRain,ShadowBall||||||50|,,,,,Flying]Ursaluna||FlameOrb|Guts|Facade,HeadlongRush,Earthquake,Protect|||F|||50|,,,,,Ghost]Archaludon||AssaultVest|Stamina|DragonPulse,Snarl,ElectroShot,BodyPress|||F|||50|,,,,,Fighting
|showteam|p2|Charizard||ChoiceSpecs|SolarPower|HeatWave,DragonPulse,WeatherBall,AirSlash|||M|||50|,,,,,Ghost]Torkoal||EjectPack|Drought|Eruption,Overheat,HelpingHand,Protect|||F|||50|,,,,,Fire]Porygon2||Eviolite|Download|TeraBlast,IceBeam,Recover,TrickRoom||||||50|,,,,,Fighting]Incineroar||SitrusBerry|Intimidate|FlareBlitz,KnockOff,FakeOut,PartingShot|||F|||50|,,,,,Ghost]Jumpluff||CovertCloak|Chlorophyll|SleepPowder,SunnyDay,RagePowder,Tailwind|||F|||50|,,,,,Water]Ursaluna||FlameOrb|Guts|HeadlongRush,Facade,Earthquake,Protect|||M|||50|,,,,,Ghost
|inactive|Battle timer is ON: inactive players will automatically lose when time's up. (requested by koronops5)
|
|t:|1756684559
|teamsize|p1|4
|teamsize|p2|4
|start
|switch|p1a: Dragonite|Dragonite, L50, M|100/100
|switch|p1b: Ursaluna|Ursaluna, L50, F|100/100
|switch|p2a: Porygon2|Porygon2, L50|100/100
|switch|p2b: Jumpluff|Jumpluff, L50, F|100/100
|-ability|p2a: Porygon2|Download|boost
|-boost|p2a: Porygon2|spa|1
|turn|1
|inactive|good fruit store has 30 seconds left.
|inactive|koronops5 has 30 seconds left.
|
|t:|1756684593
|switch|p2a: Charizard|Charizard, L50, M|100/100
|move|p1b: Ursaluna|Protect|p1b: Ursaluna
|-singleturn|p1b: Ursaluna|Protect
|move|p2b: Jumpluff|Tailwind|p2b: Jumpluff
|-sidestart|p2: koronops5|move: Tailwind
|move|p1a: Dragonite|Scale Shot|p2b: Jumpluff
|-damage|p2b: Jumpluff|81/100
|-damage|p2b: Jumpluff|63/100
|-damage|p2b: Jumpluff|45/100
|-damage|p2b: Jumpluff|28/100
|-damage|p2b: Jumpluff|9/100
|-hitcount|p2b: Jumpluff|5
|-unboost|p1a: Dragonite|def|1
|-boost|p1a: Dragonite|spe|1
|
|-status|p1b: Ursaluna|brn|[from] item: Flame Orb
|upkeep
|turn|2
|inactive|good fruit store has 30 seconds left.
|inactive|good fruit store has 20 seconds left.
|inactive|good fruit store has 15 seconds left.
|inactive|good fruit store has 10 seconds left.
|
|t:|1756684640
|switch|p1b: Pelipper|Pelipper, L50, M|100/100
|-weather|RainDance|[from] ability: Drizzle|[of] p1b: Pelipper
|move|p2b: Jumpluff|Sunny Day|p2b: Jumpluff
|-weather|SunnyDay
|move|p2a: Charizard|Heat Wave|p1b: Pelipper|[spread] p1a,p1b
|-resisted|p1a: Dragonite
|-resisted|p1b: Pelipper
|-damage|p1a: Dragonite|69/100
|-damage|p1b: Pelipper|5/100
|move|p1a: Dragonite|Scale Shot|p2a: Charizard
|-damage|p2a: Charizard|81/100
|-damage|p2a: Charizard|59/100
|-damage|p2a: Charizard|37/100
|-damage|p2a: Charizard|16/100
|-damage|p2a: Charizard|0 fnt
|faint|p2a: Charizard
|-hitcount|p2: Charizard|5
|-unboost|p1a: Dragonite|def|1
|-boost|p1a: Dragonite|spe|1
|
|-weather|SunnyDay|[upkeep]
|upkeep
|
|t:|1756684659
|switch|p2a: Porygon2|Porygon2, L50|100/100
|-ability|p2a: Porygon2|Download|boost
|-boost|p2a: Porygon2|atk|1
|turn|3
|inactive|good fruit store has 30 seconds left.
|
|t:|1756684685
|switch|p1b: Archaludon|Archaludon, L50, F|100/100
|-terastallize|p1a: Dragonite|Fairy
|move|p2b: Jumpluff|Sleep Powder|p1b: Archaludon|[miss]
|-miss|p2b: Jumpluff|p1b: Archaludon
|move|p1a: Dragonite|Scale Shot|p2a: Porygon2
|-damage|p2a: Porygon2|91/100
|-damage|p2a: Porygon2|81/100
|-damage|p2a: Porygon2|70/100
|-damage|p2a: Porygon2|60/100
|-damage|p2a: Porygon2|50/100
|-hitcount|p2a: Porygon2|5
|-unboost|p1a: Dragonite|def|1
|-boost|p1a: Dragonite|spe|1
|move|p2a: Porygon2|Ice Beam|p1a: Dragonite
|-damage|p1a: Dragonite|38/100
|
|-weather|SunnyDay|[upkeep]
|upkeep
|turn|4
|inactive|good fruit store has 30 seconds left.
|inactive|koronops5 has 30 seconds left.
|inactive|koronops5 has 20 seconds left.
|
|t:|1756684725
|move|p2b: Jumpluff|Sleep Powder|p1b: Archaludon
|-status|p1b: Archaludon|slp|[from] move: Sleep Powder
|move|p1a: Dragonite|Scale Shot|p2b: Jumpluff
|-damage|p2b: Jumpluff|0 fnt
|faint|p2b: Jumpluff
|-hitcount|p2: Jumpluff|1
|-unboost|p1a: Dragonite|def|1
|-boost|p1a: Dragonite|spe|1
|cant|p1b: Archaludon|slp
|move|p2a: Porygon2|Trick Room|p2a: Porygon2
|-fieldstart|move: Trick Room|[of] p2a: Porygon2
|
|-weather|SunnyDay|[upkeep]
|-sideend|p2: koronops5|move: Tailwind
|upkeep
|
|t:|1756684736
|switch|p2b: Ursaluna|Ursaluna, L50, M|100/100
|turn|5
|inactive|good fruit store has 30 seconds left.
|inactive|good fruit store has 20 seconds left.
|inactive|good fruit store has 15 seconds left.
|inactive|koronops5 has 30 seconds left.
|
|t:|1756684778
|-terastallize|p2b: Ursaluna|Ghost
|move|p2a: Porygon2|Recover|p2a: Porygon2
|-heal|p2a: Porygon2|99/100
|move|p2b: Ursaluna|Earthquake|p1a: Dragonite|[spread] p2a,p1a,p1b
|-supereffective|p1b: Archaludon
|-damage|p2a: Porygon2|72/100
|-damage|p1a: Dragonite|0 fnt
|-damage|p1b: Archaludon|35/100 slp
|-ability|p1b: Archaludon|Stamina|boost
|-boost|p1b: Archaludon|def|1
|faint|p1a: Dragonite
|cant|p1b: Archaludon|slp
|
|-weather|SunnyDay|[upkeep]
|-status|p2b: Ursaluna|brn|[from] item: Flame Orb
|upkeep
|
|t:|1756684796
|switch|p1a: Ursaluna|Ursaluna, L50, F|100/100 brn
|turn|6
|inactive|koronops5 has 30 seconds left.
|
|t:|1756684826
|switch|p1b: Pelipper|Pelipper, L50, M|5/100
|-weather|RainDance|[from] ability: Drizzle|[of] p1b: Pelipper
|move|p1a: Ursaluna|Protect|p1a: Ursaluna
|-singleturn|p1a: Ursaluna|Protect
|move|p2a: Porygon2|Ice Beam|p1a: Ursaluna
|-activate|p1a: Ursaluna|move: Protect
|move|p2b: Ursaluna|Earthquake|p1a: Ursaluna|[spread] p2a
|-activate|p1a: Ursaluna|move: Protect
|-immune|p1b: Pelipper
|-damage|p2a: Porygon2|28/100
|
|-weather|RainDance|[upkeep]
|-damage|p2b: Ursaluna|95/100 brn|[from] brn
|-damage|p1a: Ursaluna|95/100 brn|[from] brn
|upkeep
|turn|7
|inactive|good fruit store has 30 seconds left.
|inactive|good fruit store has 20 seconds left.
|inactive|koronops5 has 30 seconds left.
|
|t:|1756684866
|move|p1b: Pelipper|Protect|p1b: Pelipper
|-singleturn|p1b: Pelipper|Protect
|move|p2a: Porygon2|Ice Beam|p1b: Pelipper
|-activate|p1b: Pelipper|move: Protect
|move|p2b: Ursaluna|Headlong Rush|p1a: Ursaluna
|-damage|p1a: Ursaluna|9/100 brn
|-unboost|p2b: Ursaluna|def|1
|-unboost|p2b: Ursaluna|spd|1
|move|p1a: Ursaluna|Headlong Rush|p2b: Ursaluna
|-damage|p2b: Ursaluna|0 fnt
|-unboost|p1a: Ursaluna|def|1
|-unboost|p1a: Ursaluna|spd|1
|faint|p2b: Ursaluna
|
|-weather|RainDance|[upkeep]
|-damage|p1a: Ursaluna|3/100 brn|[from] brn
|upkeep
|turn|8
|
|t:|1756684886
|move|p2a: Porygon2|Recover|p2a: Porygon2
|-heal|p2a: Porygon2|78/100
|move|p1a: Ursaluna|Facade|p2a: Porygon2
|-damage|p2a: Porygon2|0 fnt
|faint|p2a: Porygon2
|
|win|good fruit store
||good fruit store is ready for game 2.
||koronops5 is ready for game 2.
|uhtml|next|Next: Game 2 of 3
|n|☆good fruit store|goodfruitstore
|l|☆koronops5
|player|p2|
