|j|鈽哻hefshimi
|j|鈽哛egionalModeSlow
|html|chefshimiRegionalModeSlow    
|uhtml|bestof|Game 3 of a best-of-3
|t:|1756387263
|gametype|doubles
|player|p1|chefshimi|brycenman|1039
|player|p2|RegionalModeSlow|steven|1196
|gen|9
|tier|[Gen 9] VGC 2025 Reg H (Bo3)
|rated|
|rule|Species Clause: Limit one of each Pok茅mon
|rule|Item Clause: Limit 1 of each item
|clearpoke
|poke|p1|Sneasler, L50, F|
|poke|p1|Rillaboom, L50, F|
|poke|p1|Dragonite, L50, M|
|poke|p1|Kingambit, L50, F|
|poke|p1|Ursaluna-Bloodmoon, L50, M|
|poke|p1|Magmar, L50, F|
|poke|p2|Noivern, L50, M|
|poke|p2|Weezing-Galar, L50, M|
|poke|p2|Gholdengo, L50|
|poke|p2|Garchomp, L50, M|
|poke|p2|Annihilape, L50, M|
|poke|p2|Magmar, L50, F|
|teampreview|4
|showteam|p1|Sneasler||FocusSash|Unburden|DireClaw,CloseCombat,Protect,FakeOut|||F|||50|,,,,,Stellar]Rillaboom||AssaultVest|GrassySurge|GrassyGlide,WoodHammer,HighHorsepower,FakeOut|||F|||50|,,,,,Fire]Dragonite||LoadedDice|Multiscale|ScaleShot,Tailwind,Protect,Haze|||M|||50|,,,,,Fairy]Kingambit||SafetyGoggles|Defiant|SuckerPunch,KowtowCleave,SwordsDance,Protect|||F|||50|,,,,,Ghost]Ursaluna-Bloodmoon||LifeOrb|MindsEye|BloodMoon,HyperVoice,EarthPower,Protect|||M|||50|,,,,,Normal]Magmar||Eviolite|VitalSpirit|Overheat,HelpingHand,FollowMe,Protect|||F|||50|,,,,,Ghost
|showteam|p2|Noivern||CovertCloak|Telepathy|AirSlash,SuperFang,Tailwind,Taunt|||M|||50|,,,,,Steel]Weezing-Galar||ChoiceSpecs|NeutralizingGas|DazzlingGleam,SludgeBomb,StrangeSteam,Flamethrower|||M|||50|,,,,,Flying]Gholdengo||MetalCoat|GoodasGold|MakeItRain,ShadowBall,NastyPlot,Protect||||||50|,,,,,Flying]Garchomp||LifeOrb|RoughSkin|DragonClaw,Earthquake,StompingTantrum,Protect|||M|||50|,,,,,Ground]Annihilape||AssaultVest|Defiant|CloseCombat,ShadowClaw,FinalGambit,Uturn|||M|||50|,,,,,Stellar]Magmar||Eviolite|VitalSpirit|HeatWave,WillOWisp,FollowMe,Protect|||F|||50|,,,,,Ghost
|inactive|Battle timer is ON: inactive players will automatically lose when time's up. (requested by chefshimi)
|
|t:|1756387279
|teamsize|p1|4
|teamsize|p2|4
|start
|switch|p1a: Magmar|Magmar, L50, F|100/100
|switch|p1b: Ursaluna|Ursaluna-Bloodmoon, L50, M|100/100
|switch|p2a: Ozzy|Noivern, L50, M|100/100
|switch|p2b: Purple馃挏Haze|Weezing-Galar, L50, M|100/100
|-ability|p2b: Purple馃挏Haze|Neutralizing Gas
|turn|1
|
|t:|1756387297
|-terastallize|p1b: Ursaluna|Normal
|-terastallize|p2b: Purple馃挏Haze|Flying
|move|p1a: Magmar|Follow Me|p1a: Magmar
|-singleturn|p1a: Magmar|move: Follow Me
|move|p2a: Ozzy|Super Fang|p1a: Magmar
|-damage|p1a: Magmar|50/100
|move|p1b: Ursaluna|Hyper Voice|p2b: Purple馃挏Haze|[spread] p2a,p2b
|-damage|p2a: Ozzy|21/100
|-damage|p2b: Purple馃挏Haze|4/100
|-damage|p1b: Ursaluna|91/100|[from] item: Life Orb
|move|p2b: Purple馃挏Haze|Dazzling Gleam|p1a: Magmar|[spread] p1a,p1b
|-resisted|p1a: Magmar
|-damage|p1a: Magmar|37/100
|-damage|p1b: Ursaluna|48/100
|
|upkeep
|turn|2
|
|t:|1756387312
|switch|p1a: Rillaboom|Rillaboom, L50, F|100/100
|move|p1b: Ursaluna|Protect|p1b: Ursaluna
|-singleturn|p1b: Ursaluna|Protect
|move|p2a: Ozzy|Tailwind|p2a: Ozzy
|-sidestart|p2: RegionalModeSlow|move: Tailwind
|move|p2b: Purple馃挏Haze|Dazzling Gleam|p1b: Ursaluna|[spread] p1a
|-activate|p1b: Ursaluna|move: Protect
|-damage|p1a: Rillaboom|74/100
|
|upkeep
|turn|3
|
|t:|1756387333
|move|p1a: Rillaboom|Fake Out|p2b: Purple馃挏Haze
|-damage|p2b: Purple馃挏Haze|0 fnt
|faint|p2b: Purple馃挏Haze
|-end|p2b: Purple馃挏Haze|ability: Neutralizing Gas
|-fieldstart|move: Grassy Terrain|[from] ability: Grassy Surge|[of] p1a: Rillaboom
|move|p2a: Ozzy|Air Slash|p1b: Ursaluna
|-damage|p1b: Ursaluna|17/100
|cant|p1b: Ursaluna|flinch
|
|-heal|p1a: Rillaboom|80/100|[from] Grassy Terrain
|-heal|p1b: Ursaluna|23/100|[from] Grassy Terrain
|upkeep
|
|t:|1756387338
|switch|p2b: Magmar|Magmar, L50, F|100/100
|turn|4
|
|t:|1756387352
|switch|p1a: Magmar|Magmar, L50, F|37/100
|move|p1b: Ursaluna|Protect|p1b: Ursaluna
|-singleturn|p1b: Ursaluna|Protect
|move|p2a: Ozzy|Super Fang|p1a: Magmar
|-damage|p1a: Magmar|19/100
|move|p2b: Magmar|Heat Wave|p1b: Ursaluna|[spread] p1a
|-activate|p1b: Ursaluna|move: Protect
|-resisted|p1a: Magmar
|-damage|p1a: Magmar|9/100
|
|-heal|p1a: Magmar|15/100|[from] Grassy Terrain
|-heal|p1b: Ursaluna|30/100|[from] Grassy Terrain
|upkeep
|turn|5
|
|t:|1756387365
|move|p1a: Magmar|Follow Me|p1a: Magmar
|-singleturn|p1a: Magmar|move: Follow Me
|move|p2a: Ozzy|Air Slash|p1a: Magmar
|-damage|p1a: Magmar|0 fnt
|faint|p1a: Magmar
|move|p2b: Magmar|Heat Wave|p1b: Ursaluna
|-damage|p1b: Ursaluna|0 fnt
|faint|p1b: Ursaluna
|
|-sideend|p2: RegionalModeSlow|move: Tailwind
|upkeep
|
|t:|1756387373
|switch|p1a: Rillaboom|Rillaboom, L50, F|80/100
|switch|p1b: Sneasler|Sneasler, L50, F|100/100
|turn|6
|
|t:|1756387388
|move|p2b: Magmar|Protect|p2b: Magmar
|-singleturn|p2b: Magmar|Protect
|move|p1a: Rillaboom|Fake Out|p2a: Ozzy
|-damage|p2a: Ozzy|6/100
|move|p2a: Ozzy|Tailwind|p2a: Ozzy
|-sidestart|p2: RegionalModeSlow|move: Tailwind
|move|p1b: Sneasler|Dire Claw|p2b: Magmar
|-activate|p2b: Magmar|move: Protect
|
|-heal|p1a: Rillaboom|86/100|[from] Grassy Terrain
|upkeep
|turn|7
|
|t:|1756387403
|move|p1a: Rillaboom|Grassy Glide|p2a: Ozzy
|-resisted|p2a: Ozzy
|-damage|p2a: Ozzy|0 fnt
|faint|p2a: Ozzy
|move|p2b: Magmar|Will-O-Wisp|p1a: Rillaboom
|-status|p1a: Rillaboom|brn
|move|p1b: Sneasler|Dire Claw|p2b: Magmar
|-damage|p2b: Magmar|71/100
|-status|p2b: Magmar|psn
|
|-heal|p2b: Magmar|77/100 psn|[from] Grassy Terrain
|-heal|p1a: Rillaboom|93/100 brn|[from] Grassy Terrain
|-damage|p2b: Magmar|64/100 psn|[from] psn
|-damage|p1a: Rillaboom|86/100 brn|[from] brn
|-fieldend|move: Grassy Terrain
|upkeep
|
|t:|1756387407
|switch|p2a: Bl氓haj|Garchomp, L50, M|100/100
|turn|8
|
|t:|1756387414
|move|p2a: Bl氓haj|Protect|p2a: Bl氓haj
|-singleturn|p2a: Bl氓haj|Protect
|move|p2b: Magmar|Will-O-Wisp|p1b: Sneasler
|-status|p1b: Sneasler|brn
|move|p1b: Sneasler|Dire Claw|p2a: Bl氓haj
|-activate|p2a: Bl氓haj|move: Protect
|move|p1a: Rillaboom|Wood Hammer|p2a: Bl氓haj
|-activate|p2a: Bl氓haj|move: Protect
|
|-damage|p2b: Magmar|52/100 psn|[from] psn
|-damage|p1b: Sneasler|95/100 brn|[from] brn
|-damage|p1a: Rillaboom|80/100 brn|[from] brn
|upkeep
|turn|9
|-message|chefshimi forfeited.
|
|win|RegionalModeSlow
|raw|chefshimi's rating: 1039 → 1030(-9 for losing)
|raw|RegionalModeSlow's rating: 1196 → 1210(+14 for winning)
|l|鈽哻hefshimi
|player|p1|
