|j|☆pko007
|j|☆Giocostorto
|html|pko007Giocostorto    
|uhtml|bestof|Game 1 of a best-of-3
|t:|1756534068
|gametype|doubles
|player|p1|pko007|hilbert-wonderlauncher|1103
|player|p2|Giocostorto|266|1199
|gen|9
|tier|[Gen 9] VGC 2025 Reg H (Bo3)
|rated|
|rule|Species Clause: Limit one of each Pokémon
|rule|Item Clause: Limit 1 of each item
|clearpoke
|poke|p1|Amoonguss, L50, F|
|poke|p1|Sneasler, L50, F|
|poke|p1|Dragonite, L50, F|
|poke|p1|Archaludon, L50, M|
|poke|p1|Gholdengo, L50|
|poke|p1|Pelipper, L50, M|
|poke|p2|Misdreavus, L50, F|
|poke|p2|Gothitelle, L50, F|
|poke|p2|Amoonguss, L50, F|
|poke|p2|Incineroar, L50, M|
|poke|p2|Primarina, L50, F|
|poke|p2|Ursaluna, L50, M|
|teampreview|4
|showteam|p1|Amoonguss||RockyHelmet|Regenerator|Spore,RagePowder,PollenPuff,Protect|||F|||50|,,,,,Grass]Sneasler||FocusSash|Unburden|CloseCombat,DireClaw,Protect,Coaching|||F|||50|,,,,,Fighting]Dragonite||LoadedDice|Multiscale|ScaleShot,Tailwind,Haze,Protect|||F|||50|,,,,,Dragon]Archaludon||AssaultVest|Stamina|ElectroShot,FlashCannon,BodyPress,DracoMeteor|||M|||50|,,,,,Steel]Gholdengo||LifeOrb|GoodasGold|MakeItRain,ShadowBall,Protect,NastyPlot||||||50|,,,,,Steel]Pelipper||CovertCloak|Drizzle|Hurricane,WeatherBall,Protect,WideGuard|||M|||50|,,,,,Water
|showteam|p2|Misdreavus||Eviolite|Levitate|FoulPlay,PerishSong,TrickRoom,Protect|||F|||50|,,,,,Fire]Gothitelle||Leftovers|ShadowTag|FakeOut,HealPulse,TrickRoom,Protect|||F|||50|,,,,,Water]Amoonguss||MentalHerb|Regenerator|PollenPuff,Spore,RagePowder,Protect|||F|||50|,,,,,Water]Incineroar||SafetyGoggles|Intimidate|FlareBlitz,ThroatChop,FakeOut,PartingShot|||M|||50|,,,,,Grass]Primarina||SitrusBerry|LiquidVoice|HyperVoice,Moonblast,PerishSong,Protect|||F|||50|,,,,,Steel]Ursaluna||FlameOrb|Guts|Facade,HeadlongRush,Earthquake,Protect|||M|||50|,,,,,Ghost
|inactive|Battle timer is ON: inactive players will automatically lose when time's up. (requested by Giocostorto)
|inactive|pko007 has 60 seconds left.
|inactive|Giocostorto has 60 seconds left.
|inactive|pko007 has 30 seconds left.
|inactive|Giocostorto has 30 seconds left.
|inactive|Giocostorto has 20 seconds left.
|inactive|Giocostorto has 15 seconds left.
|inactive|Giocostorto has 10 seconds left.
|inactive|Giocostorto has 5 seconds left.
|
|t:|1756534156
|teamsize|p1|4
|teamsize|p2|4
|start
|switch|p1a: Sneasler|Sneasler, L50, F|100/100
|switch|p1b: Gholdengo|Gholdengo, L50|100/100
|switch|p2a: Misdreavus|Misdreavus, L50, F|100/100
|switch|p2b: Ursaluna|Ursaluna, L50, M|100/100
|turn|1
|inactive|pko007 has 30 seconds left.
|
|t:|1756534182
|-terastallize|p2b: Ursaluna|Ghost
|move|p1a: Sneasler|Dire Claw|p2a: Misdreavus
|-resisted|p2a: Misdreavus
|-damage|p2a: Misdreavus|86/100
|move|p1b: Gholdengo|Nasty Plot|p1b: Gholdengo
|-boost|p1b: Gholdengo|spa|2
|move|p2b: Ursaluna|Earthquake|p1b: Gholdengo|[spread] p1a,p1b
|-immune|p2a: Misdreavus|[from] ability: Levitate
|-supereffective|p1a: Sneasler
|-supereffective|p1b: Gholdengo
|-enditem|p1a: Sneasler|Focus Sash
|-damage|p1a: Sneasler|1/100
|-damage|p1b: Gholdengo|4/100
|move|p2a: Misdreavus|Trick Room|p2a: Misdreavus
|-fieldstart|move: Trick Room|[of] p2a: Misdreavus
|
|-status|p2b: Ursaluna|brn|[from] item: Flame Orb
|upkeep
|turn|2
|
|t:|1756534204
|move|p1b: Gholdengo|Protect|p1b: Gholdengo
|-singleturn|p1b: Gholdengo|Protect
|move|p1a: Sneasler|Protect|p1a: Sneasler
|-singleturn|p1a: Sneasler|Protect
|move|p2b: Ursaluna|Earthquake|p1a: Sneasler|[spread] 
|-activate|p1a: Sneasler|move: Protect
|-activate|p1b: Gholdengo|move: Protect
|-immune|p2a: Misdreavus|[from] ability: Levitate
|move|p2a: Misdreavus|Foul Play|p1b: Gholdengo
|-activate|p1b: Gholdengo|move: Protect
|
|-damage|p2b: Ursaluna|95/100 brn|[from] brn
|upkeep
|turn|3
|
|t:|1756534225
|move|p1b: Gholdengo|Protect|p1b: Gholdengo
|-singleturn|p1b: Gholdengo|Protect
|move|p1a: Sneasler|Protect|p1a: Sneasler
|-singleturn|p1a: Sneasler|Protect
|move|p2b: Ursaluna|Facade|p1a: Sneasler
|-activate|p1a: Sneasler|move: Protect
|move|p2a: Misdreavus|Foul Play|p1b: Gholdengo
|-activate|p1b: Gholdengo|move: Protect
|
|-damage|p2b: Ursaluna|89/100 brn|[from] brn
|upkeep
|turn|4
|
|t:|1756534238
|move|p1b: Gholdengo|Protect||[still]
|-fail|p1b: Gholdengo
|move|p1a: Sneasler|Protect||[still]
|-fail|p1a: Sneasler
|move|p2b: Ursaluna|Earthquake|p1a: Sneasler|[spread] p1a,p1b
|-immune|p2a: Misdreavus|[from] ability: Levitate
|-supereffective|p1a: Sneasler
|-supereffective|p1b: Gholdengo
|-damage|p1a: Sneasler|0 fnt
|-damage|p1b: Gholdengo|0 fnt
|faint|p1a: Sneasler
|faint|p1b: Gholdengo
|move|p2a: Misdreavus|Foul Play|p1: Sneasler|[notarget]
|-fail|p2a: Misdreavus
|
|-damage|p2b: Ursaluna|83/100 brn|[from] brn
|upkeep
|
|t:|1756534253
|switch|p1b: Pelipper|Pelipper, L50, M|100/100
|switch|p1a: Archaludon|Archaludon, L50, M|100/100
|-weather|RainDance|[from] ability: Drizzle|[of] p1b: Pelipper
|turn|5
|inactive|pko007 has 30 seconds left.
|
|t:|1756534280
|move|p1b: Pelipper|Wide Guard|p1b: Pelipper
|-singleturn|p1b: Pelipper|Wide Guard
|move|p2b: Ursaluna|Facade|p1b: Pelipper
|-damage|p1b: Pelipper|0 fnt
|faint|p1b: Pelipper
|move|p2a: Misdreavus|Perish Song|p2a: Misdreavus
|-start|p1a: Archaludon|perish3|[silent]
|-start|p2a: Misdreavus|perish3|[silent]
|-start|p2b: Ursaluna|perish3|[silent]
|-fieldactivate|move: Perish Song
|move|p1a: Archaludon|Electro Shot||[still]
|-prepare|p1a: Archaludon|Electro Shot
|-boost|p1a: Archaludon|spa|1
|-anim|p1a: Archaludon|Electro Shot|p2b: Ursaluna
|-damage|p2b: Ursaluna|38/100 brn
|
|-weather|RainDance|[upkeep]
|-damage|p2b: Ursaluna|32/100 brn|[from] brn
|-start|p2b: Ursaluna|perish3
|-start|p2a: Misdreavus|perish3
|-start|p1a: Archaludon|perish3
|-fieldend|move: Trick Room
|upkeep
|turn|6
|
|t:|1756534295
|move|p2b: Ursaluna|Protect|p2b: Ursaluna
|-singleturn|p2b: Ursaluna|Protect
|move|p1a: Archaludon|Electro Shot||[still]
|-prepare|p1a: Archaludon|Electro Shot
|-boost|p1a: Archaludon|spa|1
|-anim|p1a: Archaludon|Electro Shot|p2a: Misdreavus
|-damage|p2a: Misdreavus|27/100
|move|p2a: Misdreavus|Trick Room|p2a: Misdreavus
|-fieldstart|move: Trick Room|[of] p2a: Misdreavus
|
|-weather|RainDance|[upkeep]
|-damage|p2b: Ursaluna|26/100 brn|[from] brn
|-start|p2b: Ursaluna|perish2
|-start|p2a: Misdreavus|perish2
|-start|p1a: Archaludon|perish2
|upkeep
|turn|7
|
|t:|1756534308
|move|p2b: Ursaluna|Headlong Rush|p1a: Archaludon
|-supereffective|p1a: Archaludon
|-damage|p1a: Archaludon|0 fnt
|-unboost|p2b: Ursaluna|def|1
|-unboost|p2b: Ursaluna|spd|1
|faint|p1a: Archaludon
|
|win|Giocostorto
||Giocostorto is ready for game 2.
|inactive|pko007 has 30 seconds to confirm battle start!
||pko007 is ready for game 2.
|uhtml|next|Next: Game 2 of 3
|l|☆pko007
|player|p1|
