|j|☆WHERE IS MY WALLET
|j|☆Yenabi
|html|WHERE IS MY WALLETYenabi    
|uhtml|bestof|Game 1 of a best-of-3
|t:|1756412458
|gametype|doubles
|player|p1|WHERE IS MY WALLET|miku-fire|1126
|player|p2|Yenabi|1|1097
|gen|9
|tier|[Gen 9] VGC 2025 Reg H (Bo3)
|rated|
|rule|Species Clause: Limit one of each Pokémon
|rule|Item Clause: Limit 1 of each item
|clearpoke
|poke|p1|Garganacl, L50, M|
|poke|p1|Dondozo, L50, M|
|poke|p1|Sneasler, L50, F|
|poke|p1|Ninetales-Alola, L50, F|
|poke|p1|Incineroar, L50, F|
|poke|p1|Tatsugiri, L50, M|
|poke|p2|Archaludon, L50, F|
|poke|p2|Dragonite, L50, M|
|poke|p2|Pelipper, L50, F|
|poke|p2|Ursaluna, L50, M|
|poke|p2|Sinistcha, L50|
|poke|p2|Gholdengo, L50|
|teampreview|4
|showteam|p1|Garganacl||MarangaBerry|PurifyingSalt|SaltCure,StealthRock,Protect,Recover|||M|||50|,,,,,Flying]Dondozo||Leftovers|Unaware|OrderUp,Yawn,WaveCrash,Protect|||M|||50|,,,,,Grass]Sneasler||FocusSash|PoisonTouch|DireClaw,CloseCombat,Coaching,Protect|||F|||50|,,,,,Ghost]Ninetales-Alola||NeverMeltIce|SnowWarning|Blizzard,FreezeDry,Protect,AuroraVeil|||F|||50|,,,,,Ice]Incineroar||AssaultVest|Intimidate|FlareBlitz,KnockOff,FakeOut,DrainPunch|||F|||50|,,,,,Grass]Tatsugiri||ChoiceScarf|Commander|MuddyWater,IcyWind,DragonPulse,DracoMeteor|||M|||50|,,,,,Stellar
|showteam|p2|Archaludon||AssaultVest|Stamina|FlashCannon,BodyPress,ElectroShot,Snarl|||F|||50|,,,,,Fighting]Dragonite||LoadedDice|Multiscale|ScaleShot,Tailwind,Haze,Protect|||M|||50|,,,,,Fairy]Pelipper||FocusSash|Drizzle|MuddyWater,Hurricane,Tailwind,Protect|||F|||50|,,,,,Ghost]Ursaluna||FlameOrb|Guts|Facade,HeadlongRush,Earthquake,Protect|||M|||50|,,,,,Ghost]Sinistcha||SitrusBerry|Hospitality|MatchaGotcha,LifeDew,RagePowder,TrickRoom||||||50|,,,,,Dark]Gholdengo||ChoiceScarf|GoodasGold|MakeItRain,ShadowBall,PowerGem,Trick||||||50|,,,,,Flying
|l|☆WHERE IS MY WALLET
|player|p1|
|j|☆WHERE IS MY WALLET
|player|p1|WHERE IS MY WALLET|miku-fire|
|l|☆WHERE IS MY WALLET
|player|p1|
|j|☆WHERE IS MY WALLET
|player|p1|WHERE IS MY WALLET|miku-fire|
|l|☆WHERE IS MY WALLET
|player|p1|
|j|☆WHERE IS MY WALLET
|player|p1|WHERE IS MY WALLET|miku-fire|
|l|☆WHERE IS MY WALLET
|player|p1|
|j|☆WHERE IS MY WALLET
|player|p1|WHERE IS MY WALLET|miku-fire|
|
|t:|1756412586
|teamsize|p1|4
|teamsize|p2|4
|start
|switch|p1a: Garganacl|Garganacl, L50, M|100/100
|switch|p1b: Incineroar|Incineroar, L50, F|100/100
|switch|p2a: Archaludon|Archaludon, L50, F|100/100
|switch|p2b: Pelipper|Pelipper, L50, F|100/100
|-weather|RainDance|[from] ability: Drizzle|[of] p2b: Pelipper
|-ability|p1b: Incineroar|Intimidate|boost
|-unboost|p2a: Archaludon|atk|1
|-unboost|p2b: Pelipper|atk|1
|turn|1
|l|☆WHERE IS MY WALLET
|player|p1|
|j|☆WHERE IS MY WALLET
|player|p1|WHERE IS MY WALLET|miku-fire|
|inactive|Battle timer is ON: inactive players will automatically lose when time's up. (requested by WHERE IS MY WALLET)
|
|t:|1756412637
|switch|p1b: Ninetales|Ninetales-Alola, L50, F|100/100
|-weather|Snowscape|[from] ability: Snow Warning|[of] p1b: Ninetales
|-terastallize|p2a: Archaludon|Fighting
|move|p2b: Pelipper|Muddy Water|p1a: Garganacl|[spread] p1a,p1b
|-supereffective|p1a: Garganacl
|-damage|p1a: Garganacl|65/100
|-damage|p1b: Ninetales|68/100
|-unboost|p1b: Ninetales|accuracy|1
|-enditem|p1a: Garganacl|Maranga Berry|[eat]
|-boost|p1a: Garganacl|spd|1|[from] item: Maranga Berry
|move|p2a: Archaludon|Body Press|p1b: Ninetales
|-damage|p1b: Ninetales|29/100
|move|p1a: Garganacl|Salt Cure|p2b: Pelipper
|-supereffective|p2b: Pelipper
|-damage|p2b: Pelipper|61/100
|-start|p2b: Pelipper|Salt Cure
|
|-weather|Snowscape|[upkeep]
|-damage|p2b: Pelipper|36/100|[from] Salt Cure
|upkeep
|turn|2
|l|☆WHERE IS MY WALLET
|inactive|WHERE IS MY WALLET disconnected and has a minute to reconnect!
|player|p1|
|inactive|WHERE IS MY WALLET has 30 seconds left.
|inactive|Yenabi has 30 seconds left.
|j|☆WHERE IS MY WALLET
|inactive|WHERE IS MY WALLET reconnected and has 30 seconds left.
|player|p1|WHERE IS MY WALLET|miku-fire|
|inactive|WHERE IS MY WALLET has 20 seconds left.
|inactive|Yenabi has 20 seconds left.
|inactive|WHERE IS MY WALLET has 15 seconds left.
|inactive|Yenabi has 15 seconds left.
|inactive|WHERE IS MY WALLET has 10 seconds left.
|inactive|Yenabi has 10 seconds left.
|inactive|WHERE IS MY WALLET has 5 seconds left.
|inactive|Yenabi has 5 seconds left.
|
|t:|1756412690
|switch|p2b: Dragonite|Dragonite, L50, M|100/100
|move|p1b: Ninetales|Aurora Veil|p1b: Ninetales
|-sidestart|p1: WHERE IS MY WALLET|move: Aurora Veil
|move|p2a: Archaludon|Body Press|p1b: Ninetales
|-damage|p1b: Ninetales|3/100
|move|p1a: Garganacl|Stealth Rock|p2b: Dragonite
|-sidestart|p2: Yenabi|move: Stealth Rock
|
|-weather|Snowscape|[upkeep]
|upkeep
|turn|3
|l|☆WHERE IS MY WALLET
|inactive|WHERE IS MY WALLET disconnected and has a minute to reconnect!
|player|p1|
|j|☆WHERE IS MY WALLET
|inactive|WHERE IS MY WALLET reconnected and has 35 seconds left.
|player|p1|WHERE IS MY WALLET|miku-fire|
|inactive|WHERE IS MY WALLET has 30 seconds left.
|inactive|Yenabi has 30 seconds left.
|
|t:|1756412724
|switch|p1b: Incineroar|Incineroar, L50, F|100/100
|-ability|p1b: Incineroar|Intimidate|boost
|-unboost|p2a: Archaludon|atk|1
|-unboost|p2b: Dragonite|atk|1
|switch|p2b: Pelipper|Pelipper, L50, F|36/100
|-damage|p2b: Pelipper|11/100|[from] Stealth Rock
|-weather|RainDance|[from] ability: Drizzle|[of] p2b: Pelipper
|-terastallize|p1a: Garganacl|Flying
|move|p2a: Archaludon|Electro Shot||[still]
|-prepare|p2a: Archaludon|Electro Shot
|-boost|p2a: Archaludon|spa|1
|-anim|p2a: Archaludon|Electro Shot|p1b: Incineroar
|-damage|p1b: Incineroar|76/100
|move|p1a: Garganacl|Salt Cure|p2a: Archaludon
|-resisted|p2a: Archaludon
|-damage|p2a: Archaludon|96/100
|-start|p2a: Archaludon|Salt Cure
|-ability|p2a: Archaludon|Stamina|boost
|-boost|p2a: Archaludon|def|1
|
|-weather|RainDance|[upkeep]
|-damage|p2a: Archaludon|84/100|[from] Salt Cure
|upkeep
|turn|4
|inactive|WHERE IS MY WALLET has 30 seconds left.
|inactive|Yenabi has 30 seconds left.
|inactive|Yenabi has 20 seconds left.
|inactive|Yenabi has 15 seconds left.
|inactive|Yenabi has 10 seconds left.
|
|t:|1756412770
|switch|p1b: Ninetales|Ninetales-Alola, L50, F|3/100
|-weather|Snowscape|[from] ability: Snow Warning|[of] p1b: Ninetales
|move|p2b: Pelipper|Tailwind|p2b: Pelipper
|-sidestart|p2: Yenabi|move: Tailwind
|move|p2a: Archaludon|Body Press|p1b: Ninetales
|-damage|p1b: Ninetales|0 fnt
|faint|p1b: Ninetales
|move|p1a: Garganacl|Recover|p1a: Garganacl
|-heal|p1a: Garganacl|100/100
|
|-weather|Snowscape|[upkeep]
|-damage|p2a: Archaludon|71/100|[from] Salt Cure
|upkeep
|
|t:|1756412781
|switch|p1b: Dondozo|Dondozo, L50, M|100/100
|turn|5
|l|☆WHERE IS MY WALLET
|inactive|WHERE IS MY WALLET disconnected and has a minute to reconnect!
|player|p1|
|inactive|Yenabi has 30 seconds left.
|j|☆WHERE IS MY WALLET
|inactive|WHERE IS MY WALLET reconnected.
|player|p1|WHERE IS MY WALLET|miku-fire|
|inactive|Yenabi has 20 seconds left.
|
|t:|1756412820
|switch|p2b: Dragonite|Dragonite, L50, M|100/100
|-damage|p2b: Dragonite|76/100|[from] Stealth Rock
|switch|p2a: Sinistcha|Sinistcha, L50|100/100
|-damage|p2a: Sinistcha|88/100|[from] Stealth Rock
|-heal|p2b: Dragonite|100/100|[from] ability: Hospitality|[of] p2a: Sinistcha
|move|p1b: Dondozo|Yawn|p2a: Sinistcha
|-start|p2a: Sinistcha|move: Yawn|[of] p1b: Dondozo
|move|p1a: Garganacl|Salt Cure|p2a: Sinistcha
|-damage|p2a: Sinistcha|76/100
|-start|p2a: Sinistcha|Salt Cure
|
|-weather|Snowscape|[upkeep]
|-damage|p2a: Sinistcha|64/100|[from] Salt Cure
|upkeep
|turn|6
|inactive|Yenabi has 30 seconds left.
|inactive|Yenabi has 20 seconds left.
|inactive|Yenabi has 15 seconds left.
|inactive|Yenabi has 10 seconds left.
|
|t:|1756412870
|switch|p2a: Pelipper|Pelipper, L50, F|11/100
|-damage|p2a: Pelipper|0 fnt|[from] Stealth Rock
|faint|p2a: Pelipper
|move|p2b: Dragonite|Haze|p2b: Dragonite
|-clearallboost
|move|p1b: Dondozo|Yawn|p2b: Dragonite
|-start|p2b: Dragonite|move: Yawn|[of] p1b: Dondozo
|move|p1a: Garganacl|Salt Cure|p2b: Dragonite
|-supereffective|p2b: Dragonite
|-damage|p2b: Dragonite|86/100
|-start|p2b: Dragonite|Salt Cure
|
|-weather|Snowscape|[upkeep]
|-damage|p2b: Dragonite|74/100|[from] Salt Cure
|-sideend|p1: WHERE IS MY WALLET|move: Aurora Veil
|upkeep
|inactive|Yenabi has 30 seconds left.
|
|t:|1756412895
|switch|p2a: Archaludon|Archaludon, L50, F, tera:Fighting|71/100
|-damage|p2a: Archaludon|65/100|[from] Stealth Rock
|turn|7
|
|t:|1756412919
|switch|p2b: Sinistcha|Sinistcha, L50|64/100
|-damage|p2b: Sinistcha|52/100|[from] Stealth Rock
|-heal|p2a: Archaludon|90/100|[from] ability: Hospitality|[of] p2b: Sinistcha
|move|p2a: Archaludon|Electro Shot||[still]
|-prepare|p2a: Archaludon|Electro Shot
|-boost|p2a: Archaludon|spa|1
|move|p1b: Dondozo|Yawn|p2a: Archaludon
|-start|p2a: Archaludon|move: Yawn|[of] p1b: Dondozo
|move|p1a: Garganacl|Salt Cure|p2a: Archaludon
|-resisted|p2a: Archaludon
|-crit|p2a: Archaludon
|-damage|p2a: Archaludon|83/100
|-start|p2a: Archaludon|Salt Cure
|-ability|p2a: Archaludon|Stamina|boost
|-boost|p2a: Archaludon|def|1
|
|-weather|Snowscape|[upkeep]
|-damage|p2a: Archaludon|70/100|[from] Salt Cure
|-sideend|p2: Yenabi|move: Tailwind
|upkeep
|turn|8
|inactive|Yenabi has 30 seconds left.
|
|t:|1756412947
|move|p1a: Garganacl|Protect|p1a: Garganacl
|-singleturn|p1a: Garganacl|Protect
|move|p2a: Archaludon|Electro Shot|p1b: Dondozo|[from] lockedmove
|-supereffective|p1b: Dondozo
|-damage|p1b: Dondozo|39/100
|move|p2b: Sinistcha|Life Dew|p2b: Sinistcha|[spread] p2a,p2b
|-heal|p2a: Archaludon|95/100
|-heal|p2b: Sinistcha|77/100
|move|p1b: Dondozo|Yawn|p2b: Sinistcha
|-start|p2b: Sinistcha|move: Yawn|[of] p1b: Dondozo
|
|-weather|none
|-heal|p1b: Dondozo|46/100|[from] item: Leftovers
|-damage|p2a: Archaludon|83/100|[from] Salt Cure
|-end|p2a: Archaludon|move: Yawn|[silent]
|-status|p2a: Archaludon|slp
|upkeep
|turn|9
|inactive|Yenabi has 30 seconds left.
|inactive|Yenabi has 20 seconds left.
|
|t:|1756412986
|move|p1b: Dondozo|Protect|p1b: Dondozo
|-singleturn|p1b: Dondozo|Protect
|cant|p2a: Archaludon|slp
|move|p2b: Sinistcha|Life Dew|p2b: Sinistcha|[spread] p2a,p2b
|-heal|p2a: Archaludon|100/100 slp
|-heal|p2b: Sinistcha|100/100
|move|p1a: Garganacl|Salt Cure|p2b: Sinistcha
|-damage|p2b: Sinistcha|87/100
|-start|p2b: Sinistcha|Salt Cure
|
|-heal|p1b: Dondozo|52/100|[from] item: Leftovers
|-damage|p2a: Archaludon|88/100 slp|[from] Salt Cure
|-damage|p2b: Sinistcha|75/100|[from] Salt Cure
|-end|p2b: Sinistcha|move: Yawn|[silent]
|-status|p2b: Sinistcha|slp
|upkeep
|turn|10
|l|☆WHERE IS MY WALLET
|inactive|WHERE IS MY WALLET disconnected and has a minute to reconnect!
|player|p1|
|j|☆WHERE IS MY WALLET
|inactive|WHERE IS MY WALLET reconnected and has 35 seconds left.
|player|p1|WHERE IS MY WALLET|miku-fire|
|inactive|WHERE IS MY WALLET has 30 seconds left.
|inactive|Yenabi has 30 seconds left.
|
|t:|1756413017
|cant|p2a: Archaludon|slp
|cant|p2b: Sinistcha|slp
|move|p1b: Dondozo|Wave Crash|p2a: Archaludon
|-crit|p2a: Archaludon
|-damage|p2a: Archaludon|45/100 slp
|-ability|p2a: Archaludon|Stamina|boost
|-boost|p2a: Archaludon|def|1
|-damage|p1b: Dondozo|39/100|[from] Recoil
|move|p1a: Garganacl|Salt Cure|p2a: Archaludon
|-resisted|p2a: Archaludon
|-damage|p2a: Archaludon|43/100 slp
|-ability|p2a: Archaludon|Stamina|boost
|-boost|p2a: Archaludon|def|1
|
|-heal|p1b: Dondozo|46/100|[from] item: Leftovers
|-damage|p2a: Archaludon|31/100 slp|[from] Salt Cure
|-damage|p2b: Sinistcha|62/100 slp|[from] Salt Cure
|upkeep
|turn|11
|inactive|Yenabi has 30 seconds left.
|inactive|Yenabi has 20 seconds left.
|
|t:|1756413053
|cant|p2a: Archaludon|slp
|cant|p2b: Sinistcha|slp
|move|p1b: Dondozo|Order Up|p2a: Archaludon
|-damage|p2a: Archaludon|17/100 slp
|-ability|p2a: Archaludon|Stamina|boost
|-boost|p2a: Archaludon|def|1
|move|p1a: Garganacl|Salt Cure|p2a: Archaludon
|-resisted|p2a: Archaludon
|-damage|p2a: Archaludon|15/100 slp
|-ability|p2a: Archaludon|Stamina|boost
|-boost|p2a: Archaludon|def|1
|
|-heal|p1b: Dondozo|52/100|[from] item: Leftovers
|-damage|p2a: Archaludon|3/100 slp|[from] Salt Cure
|-damage|p2b: Sinistcha|50/100 slp|[from] Salt Cure
|upkeep
|-enditem|p2b: Sinistcha|Sitrus Berry|[eat]
|-heal|p2b: Sinistcha|75/100 slp|[from] item: Sitrus Berry
|turn|12
|l|☆WHERE IS MY WALLET
|inactive|WHERE IS MY WALLET disconnected and has a minute to reconnect!
|player|p1|
|inactive|Yenabi has 30 seconds left.
|inactive|WHERE IS MY WALLET has 30 seconds left.
|inactive|Yenabi has 20 seconds left.
|inactive|WHERE IS MY WALLET has 20 seconds left.
|j|☆WHERE IS MY WALLET
|inactive|WHERE IS MY WALLET reconnected and has 20 seconds left.
|player|p1|WHERE IS MY WALLET|miku-fire|
|inactive|WHERE IS MY WALLET has 15 seconds left.
|inactive|WHERE IS MY WALLET has 10 seconds left.
|
|t:|1756413100
|move|p1b: Dondozo|Protect|p1b: Dondozo
|-singleturn|p1b: Dondozo|Protect
|-curestatus|p2a: Archaludon|slp|[msg]
|move|p2a: Archaludon|Body Press|p1b: Dondozo
|-activate|p1b: Dondozo|move: Protect
|-curestatus|p2b: Sinistcha|slp|[msg]
|move|p2b: Sinistcha|Matcha Gotcha|p1a: Garganacl|[spread] p1a
|-activate|p1b: Dondozo|move: Protect
|-resisted|p1a: Garganacl
|-damage|p1a: Garganacl|93/100
|-heal|p2b: Sinistcha|79/100|[from] drain|[of] p1a: Garganacl
|move|p1a: Garganacl|Salt Cure|p2a: Archaludon
|-resisted|p2a: Archaludon
|-damage|p2a: Archaludon|2/100
|-ability|p2a: Archaludon|Stamina|boost
|-boost|p2a: Archaludon|def|1
|
|-heal|p1b: Dondozo|58/100|[from] item: Leftovers
|-damage|p2a: Archaludon|0 fnt|[from] Salt Cure
|faint|p2a: Archaludon
|-damage|p2b: Sinistcha|67/100|[from] Salt Cure
|upkeep
|inactive|Yenabi has 20 seconds left this turn.
|inactive|Yenabi has 15 seconds left.
|inactive|Yenabi has 10 seconds left.
|inactive|Yenabi has 5 seconds left.
|-message|Yenabi lost due to inactivity.
|
|win|WHERE IS MY WALLET
