|j|☆Noyomi
|j|☆gio0314
|html|Noyomigio0314    
|uhtml|bestof|Game 1 of a best-of-3
|t:|1785026587
|gametype|doubles
|player|p1|Noyomi|pokemonrangerf|
|player|p2|gio0314|170|
|gen|9
|tier|[Gen 9 Champions] VGC 2026 Reg M-B (Bo3)
|rule|Species Clause: Limit one of each Pokémon
|rule|Item Clause: Limit 1 of each item
|clearpoke
|poke|p1|Charizard, L50, M|
|poke|p1|Garchomp, L50, M|
|poke|p1|Sneasler, L50, F|
|poke|p1|Venusaur, L50, M|
|poke|p1|Milotic, L50, F|
|poke|p1|Ampharos, L50, F|
|poke|p2|Lucario, L50, F|
|poke|p2|Sableye, L50, M|
|poke|p2|Lycanroc-Dusk, L50, M|
|poke|p2|Luxray, L50, M|
|poke|p2|Hydreigon, L50, F|
|poke|p2|Talonflame, L50, F|
|teampreview|4
|showteam|p1|Charizard||CharizarditeY|Blaze|HeatWave,SolarBeam,Protect,ScorchingSands|Timid||M|||50|]Garchomp||SitrusBerry|RoughSkin|Earthquake,DragonClaw,Protect,RockSlide|Adamant||M|||50|]Sneasler||WhiteHerb|Unburden|CloseCombat,DireClaw,FakeOut,Protect|Adamant||F|||50|]Venusaur||FocusSash|Chlorophyll|SleepPowder,SludgeBomb,Protect,GigaDrain|Timid||M|||50|]Milotic||Leftovers|Competitive|Scald,IcyWind,Protect,LifeDew|Calm||F|||50|]Ampharos||Ampharosite|Static|DragonPulse,ParabolicCharge,Protect,HelpingHand|Modest||F|||50|
|showteam|p2|Lucario||Lucarionite|InnerFocus|AuraSphere,FlashCannon,Protect,DarkPulse|Timid||F|||50|]Sableye||SitrusBerry|Prankster|Reflect,KnockOff,Encore,LightScreen|Careful||M|||50|]Lycanroc-Dusk||LifeOrb|ToughClaws|RockSlide,Accelerock,CloseCombat,Protect|Jolly||M|||50|]Luxray||ExpertBelt|Intimidate|Crunch,HelpingHand,Protect,WildCharge|Adamant||M|||50|]Hydreigon||FocusSash|Levitate|EarthPower,DragonPulse,DarkPulse,Snarl|Modest||F|||50|]Talonflame|||GaleWings|Acrobatics,Tailwind,FlareBlitz,Uturn|Jolly||F|||50|
|l|☆gio0314
|player|p2|
|j|☆gio0314
|player|p2|gio0314|170|
|
|t:|1785026622
|teamsize|p1|4
|teamsize|p2|4
|start
|switch|p1a: Chi|Ampharos, L50, F|100/100
|switch|p1b: ku-chau|Sneasler, L50, F|100/100
|switch|p2a: Negreiron|Hydreigon, L50, F|100/100
|switch|p2b: Carlota|Talonflame, L50, F|100/100
|turn|1
|
|t:|1785026660
|switch|p2b: Lukas|Lucario, L50, F|100/100
|detailschange|p1a: Chi|Ampharos-Mega, L50, F
|-mega|p1a: Chi|Ampharos|Ampharosite
|-ability|p1a: Chi|Mold Breaker
|move|p1b: ku-chau|Fake Out|p2b: Lukas
|-resisted|p2b: Lukas|1
|-damage|p2b: Lukas|88/100
|move|p2a: Negreiron|Earth Power|p1a: Chi
|-supereffective|p1a: Chi|1
|-damage|p1a: Chi|49/100
|move|p1a: Chi|Dragon Pulse|p2a: Negreiron
|-supereffective|p2a: Negreiron|1
|-enditem|p2a: Negreiron|Focus Sash
|-damage|p2a: Negreiron|1/100
|
|upkeep
|turn|2
|
|t:|1785026707
|switch|p2a: Carlota|Talonflame, L50, F|100/100
|detailschange|p2b: Lukas|Lucario-Mega, L50, F
|-mega|p2b: Lukas|Lucario|Lucarionite
|move|p1b: ku-chau|Protect|p1b: ku-chau
|-singleturn|p1b: ku-chau|Protect
|move|p2b: Lukas|Aura Sphere|p1a: Chi
|-damage|p1a: Chi|1/100
|move|p1a: Chi|Parabolic Charge|p2b: Lukas|[spread] p2a,p2b
|-activate|p1b: ku-chau|move: Protect
|-supereffective|p2a: Carlota|1
|-damage|p2a: Carlota|5/100
|-heal|p1a: Chi|37/100|[from] drain|[of] p2a: Carlota
|-damage|p2b: Lukas|38/100
|-heal|p1a: Chi|56/100|[from] drain|[of] p2b: Lukas
|
|upkeep
|turn|3
|
|t:|1785026760
|move|p2b: Lukas|Protect|p2b: Lukas
|-singleturn|p2b: Lukas|Protect
|move|p2a: Carlota|Acrobatics|p1b: ku-chau
|-supereffective|p1b: ku-chau|1
|-damage|p1b: ku-chau|0 fnt
|faint|p1b: ku-chau
|move|p1a: Chi|Dragon Pulse|p2a: Carlota
|-damage|p2a: Carlota|0 fnt
|faint|p2a: Carlota
|
|upkeep
|
|t:|1785026777
|switch|p2a: Negreiron|Hydreigon, L50, F|1/100
|switch|p1b: Sssssss|Milotic, L50, F|100/100
|turn|4
|
|t:|1785026799
|move|p1b: Sssssss|Protect|p1b: Sssssss
|-singleturn|p1b: Sssssss|Protect
|move|p2b: Lukas|Aura Sphere|p1a: Chi
|-damage|p1a: Chi|9/100
|move|p2a: Negreiron|Earth Power|p1a: Chi
|-supereffective|p1a: Chi|1
|-damage|p1a: Chi|0 fnt
|faint|p1a: Chi
|
|upkeep
|
|t:|1785026808
|switch|p1a: Uy temblaste|Garchomp, L50, M|100/100
|turn|5
|
|t:|1785026839
|move|p2b: Lukas|Aura Sphere|p1b: Sssssss
|-damage|p1b: Sssssss|62/100
|move|p2a: Negreiron|Dragon Pulse|p1a: Uy temblaste
|-supereffective|p1a: Uy temblaste|1
|-damage|p1a: Uy temblaste|9/100
|-enditem|p1a: Uy temblaste|Sitrus Berry|[eat]
|-heal|p1a: Uy temblaste|34/100|[from] item: Sitrus Berry
|move|p1a: Uy temblaste|Dragon Claw|p2a: Negreiron
|-supereffective|p2a: Negreiron|1
|-damage|p2a: Negreiron|0 fnt
|faint|p2a: Negreiron
|move|p1b: Sssssss|Scald|p2b: Lukas
|-damage|p2b: Lukas|0 fnt
|faint|p2b: Lukas
|
|-heal|p1b: Sssssss|68/100|[from] item: Leftovers
|upkeep
|
|t:|1785026855
|switch|p2a: Like a rock|Lycanroc-Dusk, L50, M|100/100
|turn|6
|
|t:|1785026880
|move|p1b: Sssssss|Protect|p1b: Sssssss
|-singleturn|p1b: Sssssss|Protect
|move|p2a: Like a rock|Close Combat|p1a: Uy temblaste
|-damage|p1a: Uy temblaste|0 fnt
|-unboost|p2a: Like a rock|def|1
|-unboost|p2a: Like a rock|spd|1
|-damage|p2a: Like a rock|88/100|[from] ability: Rough Skin|[of] p1a: Uy temblaste
|faint|p1a: Uy temblaste
|-damage|p2a: Like a rock|78/100|[from] item: Life Orb
|
|-heal|p1b: Sssssss|74/100|[from] item: Leftovers
|upkeep
|turn|7
|
|t:|1785026894
|move|p2a: Like a rock|Close Combat|p1b: Sssssss
|-damage|p1b: Sssssss|12/100
|-unboost|p2a: Like a rock|def|1
|-unboost|p2a: Like a rock|spd|1
|-damage|p2a: Like a rock|68/100|[from] item: Life Orb
|move|p1b: Sssssss|Scald|p2a: Like a rock
|-supereffective|p2a: Like a rock|1
|-damage|p2a: Like a rock|0 fnt
|faint|p2a: Like a rock
|
|win|Noyomi
|inactive|Noyomi has 30 seconds to confirm battle start!
|inactive|gio0314 has 30 seconds to confirm battle start!
