|j|☆RXUXBXEXN
|j|☆PM77Switch
|html|RXUXBXEXNPM77Switch    
|uhtml|bestof|Game 1 of a best-of-3
|t:|1783718277
|gametype|doubles
|player|p1|RXUXBXEXN|1|1101
|player|p2|PM77Switch|1|1000
|gen|9
|tier|[Gen 9 Champions] VGC 2026 Reg M-B (Bo3)
|rated|
|rule|Species Clause: Limit one of each Pokémon
|rule|Item Clause: Limit 1 of each item
|clearpoke
|poke|p1|Excadrill, L50, M|
|poke|p1|Tyranitar, L50, M|
|poke|p1|Sinistcha, L50|
|poke|p1|Milotic, L50, F|
|poke|p1|Gholdengo, L50|
|poke|p1|Staraptor, L50, F|
|poke|p2|Staraptor, L50, M, shiny|
|poke|p2|Farigiraf, L50, F, shiny|
|poke|p2|Charizard, L50, F, shiny|
|poke|p2|Whimsicott, L50, M, shiny|
|poke|p2|Garchomp, L50, F, shiny|
|poke|p2|Gholdengo, L50, shiny|
|teampreview|4
|showteam|p1|Excadrill||FocusSash|SandRush|HighHorsepower,Protect,RockSlide,IronHead|Adamant||M|||50|]Tyranitar||Tyranitarite|SandStream|KnockOff,LowKick,Protect,RockSlide|Adamant||M|||50|]Sinistcha||SitrusBerry|Hospitality|MatchaGotcha,RagePowder,TrickRoom,Protect|Relaxed|||||50|]Milotic||Leftovers|Competitive|Scald,IceBeam,IcyWind,Protect|Modest||F|||50|]Gholdengo||LifeOrb|GoodasGold|MakeItRain,NastyPlot,ShadowBall,Protect|Modest|||||50|]Staraptor||Staraptite|Intimidate|BraveBird,CloseCombat,Tailwind,Protect|Jolly||F|||50|
|showteam|p2|Staraptor||Staraptite|Intimidate|DualWingbeat,CloseCombat,BlazeKick,Protect|Jolly||M|||50|]Farigiraf||SitrusBerry|ArmorTail|Psychic,HelpingHand,TrickRoom,Imprison|Bold||F|||50|]Charizard||CharizarditeY|Blaze|HeatWave,WeatherBall,SolarBeam,Protect|Modest||F|||50|]Whimsicott||FairyFeather|Prankster|Moonblast,Tailwind,SunnyDay,Taunt|Timid||M|||50|]Garchomp||LifeOrb|RoughSkin|StompingTantrum,DragonClaw,RockSlide,Protect|Jolly||F|||50|]Gholdengo||ChoiceScarf|GoodasGold|MakeItRain,ShadowBall,PowerGem,Thunderbolt|Timid|||||50|
|inactive|Battle timer is ON: inactive players will automatically lose when time's up. (requested by PM77Switch)
|inactive|PM77Switch has 60 seconds left.
|
|t:|1783718336
|teamsize|p1|4
|teamsize|p2|4
|start
|switch|p1a: Sinistcha|Sinistcha, L50|100/100
|switch|p1b: Milotic|Milotic, L50, F|100/100
|switch|p2a: Gholdengo|Gholdengo, L50, shiny|100/100
|switch|p2b: Garchomp|Garchomp, L50, F, shiny|100/100
|turn|1
|inactive|PM77Switch has 30 seconds left.
|
|t:|1783718365
|switch|p2b: Charizard|Charizard, L50, F, shiny|100/100
|move|p1b: Milotic|Protect|p1b: Milotic
|-singleturn|p1b: Milotic|Protect
|move|p2a: Gholdengo|Shadow Ball|p1a: Sinistcha
|-supereffective|p1a: Sinistcha|1
|-damage|p1a: Sinistcha|8/100
|-enditem|p1a: Sinistcha|Sitrus Berry|[eat]
|-heal|p1a: Sinistcha|32/100|[from] item: Sitrus Berry
|move|p1a: Sinistcha|Trick Room|p1a: Sinistcha
|-fieldstart|move: Trick Room|[of] p1a: Sinistcha
|
|upkeep
|turn|2
|
|t:|1783718389
|detailschange|p2b: Charizard|Charizard-Mega-Y, L50, F, shiny
|-mega|p2b: Charizard|Charizard|Charizardite Y
|-weather|SunnyDay|[from] ability: Drought|[of] p2b: Charizard
|move|p1a: Sinistcha|Matcha Gotcha|p2a: Gholdengo|[spread] p2a,p2b
|-resisted|p2a: Gholdengo|1
|-resisted|p2b: Charizard|2
|-crit|p2b: Charizard
|-damage|p2a: Gholdengo|84/100
|-heal|p1a: Sinistcha|41/100|[from] drain|[of] p2a: Gholdengo
|-damage|p2b: Charizard|88/100
|-heal|p1a: Sinistcha|47/100|[from] drain|[of] p2b: Charizard
|-status|p2a: Gholdengo|brn
|move|p1b: Milotic|Scald|p2a: Gholdengo
|-damage|p2a: Gholdengo|64/100 brn
|move|p2b: Charizard|Heat Wave|p1a: Sinistcha|[spread] p1a,p1b
|-supereffective|p1a: Sinistcha|1
|-resisted|p1b: Milotic|1
|-damage|p1a: Sinistcha|0 fnt
|-damage|p1b: Milotic|74/100
|faint|p1a: Sinistcha
|move|p2a: Gholdengo|Shadow Ball|p1b: Milotic
|-damage|p1b: Milotic|41/100
|
|-weather|SunnyDay|[upkeep]
|-heal|p1b: Milotic|47/100|[from] item: Leftovers
|-damage|p2a: Gholdengo|58/100 brn|[from] brn
|upkeep
|
|t:|1783718409
|switch|p1a: Staraptor|Staraptor, L50, F|100/100
|-ability|p1a: Staraptor|Intimidate|boost
|-unboost|p2a: Gholdengo|atk|1
|-unboost|p2b: Charizard|atk|1
|turn|3
|inactive|PM77Switch has 30 seconds left.
|inactive|PM77Switch has 20 seconds left.
|inactive|PM77Switch has 15 seconds left.
|inactive|PM77Switch has 10 seconds left.
|
|t:|1783718456
|switch|p2a: Whimsicott|Whimsicott, L50, M, shiny|100/100
|detailschange|p1a: Staraptor|Staraptor-Mega, L50, F
|-mega|p1a: Staraptor|Staraptor|Staraptite
|move|p1b: Milotic|Ice Beam|p2b: Charizard
|-damage|p2b: Charizard|60/100
|move|p2b: Charizard|Weather Ball|p1a: Staraptor
|-damage|p1a: Staraptor|0 fnt
|faint|p1a: Staraptor
|
|-weather|SunnyDay|[upkeep]
|-heal|p1b: Milotic|52/100|[from] item: Leftovers
|upkeep
|
|t:|1783718468
|switch|p1a: Tyranitar|Tyranitar, L50, M|100/100
|-weather|Sandstorm|[from] ability: Sand Stream|[of] p1a: Tyranitar
|turn|4
|
|t:|1783718485
|switch|p2b: Gholdengo|Gholdengo, L50, shiny|58/100 brn
|move|p2a: Whimsicott|Sunny Day|p2a: Whimsicott
|-weather|SunnyDay
|move|p1a: Tyranitar|Rock Slide|p2a: Whimsicott|[spread] 
|-miss|p1a: Tyranitar|p2a: Whimsicott
|-miss|p1a: Tyranitar|p2b: Gholdengo
|move|p1b: Milotic|Ice Beam|p2a: Whimsicott
|-supereffective|p2a: Whimsicott|1
|-damage|p2a: Whimsicott|6/100
|
|-weather|SunnyDay|[upkeep]
|-heal|p1b: Milotic|58/100|[from] item: Leftovers
|-damage|p2b: Gholdengo|51/100 brn|[from] brn
|upkeep
|turn|5
|inactive|PM77Switch has 30 seconds left.
|
|t:|1783718514
|move|p2a: Whimsicott|Taunt|p1b: Milotic
|-start|p1b: Milotic|move: Taunt
|move|p1a: Tyranitar|Knock Off|p2b: Gholdengo
|-supereffective|p2b: Gholdengo|1
|-damage|p2b: Gholdengo|0 fnt
|-enditem|p2b: Gholdengo|Choice Scarf|[from] move: Knock Off|[of] p1a: Tyranitar
|faint|p2b: Gholdengo
|move|p1b: Milotic|Icy Wind|p2a: Whimsicott
|-supereffective|p2a: Whimsicott|1
|-damage|p2a: Whimsicott|0 fnt
|faint|p2a: Whimsicott
|
|-weather|SunnyDay|[upkeep]
|-heal|p1b: Milotic|64/100|[from] item: Leftovers
|-fieldend|move: Trick Room
|upkeep
|
|t:|1783718523
|switch|p2a: Charizard|Charizard-Mega-Y, L50, F, shiny|60/100
|switch|p2b: Garchomp|Garchomp, L50, F, shiny|100/100
|turn|6
|
|t:|1783718536
|move|p1a: Tyranitar|Protect|p1a: Tyranitar
|-singleturn|p1a: Tyranitar|Protect
|move|p2b: Garchomp|Stomping Tantrum|p1a: Tyranitar
|-activate|p1a: Tyranitar|move: Protect
|move|p2a: Charizard|Solar Beam||[still]
|-prepare|p2a: Charizard|Solar Beam
|-anim|p2a: Charizard|Solar Beam|p1b: Milotic
|-supereffective|p1b: Milotic|1
|-damage|p1b: Milotic|0 fnt
|faint|p1b: Milotic
|
|-weather|SunnyDay|[upkeep]
|upkeep
|turn|7
|
|t:|1783718551
|move|p2b: Garchomp|Stomping Tantrum|p1a: Tyranitar
|-supereffective|p1a: Tyranitar|1
|-damage|p1a: Tyranitar|9/100
|-damage|p2b: Garchomp|90/100|[from] item: Life Orb
|move|p2a: Charizard|Solar Beam||[still]
|-prepare|p2a: Charizard|Solar Beam
|-anim|p2a: Charizard|Solar Beam|p1a: Tyranitar
|-supereffective|p1a: Tyranitar|1
|-damage|p1a: Tyranitar|0 fnt
|faint|p1a: Tyranitar
|
|win|PM77Switch
