|j|☆RandBatsBrr
|j|☆15Hugs
|html|RandBatsBrr15Hugs    
|uhtml|bestof|Game 2 of a best-of-3
|t:|1786036000
|gametype|doubles
|player|p1|RandBatsBrr|102|1107
|player|p2|15Hugs|ingo|1135
|gen|9
|tier|[Gen 9 Champions] VGC 2026 Reg M-B (Bo3)
|rated|
|rule|Species Clause: Limit one of each Pokémon
|rule|Item Clause: Limit 1 of each item
|clearpoke
|poke|p1|Kingambit, L50, M|
|poke|p1|Sinistcha, L50|
|poke|p1|Rotom-Wash, L50|
|poke|p1|Ninetales-Alola, L50, M|
|poke|p1|Dragalge, L50, M|
|poke|p1|Incineroar, L50, M|
|poke|p2|Mawile, L50, M|
|poke|p2|Sneasler, L50, M|
|poke|p2|Raichu, L50, F|
|poke|p2|Hydreigon, L50, F|
|poke|p2|Farigiraf, L50, F, shiny|
|poke|p2|Sinistcha, L50|
|teampreview|4
|showteam|p1|Kingambit||BlackGlasses|Defiant|KowtowCleave,SuckerPunch,LowKick,Protect|Adamant||M|||50|]Sinistcha||OccaBerry|Hospitality|MatchaGotcha,RagePowder,TrickRoom,Protect|Relaxed|||||50|]Rotom-Wash||ChoiceScarf|Levitate|HydroPump,Thunderbolt,WillOWisp,VoltSwitch|Modest|||||50|]Ninetales-Alola||FocusSash|SnowWarning|Blizzard,FreezeDry,AuroraVeil,Protect|Timid||M|||50|]Dragalge||Dragalgite|Adaptability|SludgeBomb,DragonPulse,Thunderbolt,Protect|Modest||M|||50|]Incineroar||SitrusBerry|Intimidate|FakeOut,FlareBlitz,DarkestLariat,PartingShot|Impish||M|||50|
|showteam|p2|Mawile||Mawilite|Intimidate|Protect,PlayRough,IronHead,SuckerPunch|Brave||M|||50|]Sneasler||WhiteHerb|Unburden|FakeOut,RockTomb,CloseCombat,DireClaw|Jolly||M|||50|]Raichu||RaichuniteY|LightningRod|Protect,FakeOut,ZapCannon,FocusBlast|Timid||F|||50|]Hydreigon||ChoiceScarf|Levitate|DracoMeteor,Snarl,DarkPulse,EarthPower|Timid||F|||50|]Farigiraf||SitrusBerry|ArmorTail|TrickRoom,HelpingHand,FoulPlay,Psychic|Quiet||F|||50|]Sinistcha||KasibBerry|Hospitality|TrickRoom,Hex,MatchaGotcha,RagePowder|Modest|||||50|
|inactive|Battle timer is ON: inactive players will automatically lose when time's up. (requested by 15Hugs)
|
|t:|1786036047
|teamsize|p1|4
|teamsize|p2|4
|start
|switch|p1a: Ninetales|Ninetales-Alola, L50, M|100/100
|switch|p1b: Dragalge|Dragalge, L50, M|100/100
|switch|p2a: Sinistcha|Sinistcha, L50|100/100
|switch|p2b: Raichu|Raichu, L50, F|100/100
|-weather|Snowscape|[from] ability: Snow Warning|[of] p1a: Ninetales
|turn|1
|inactive|15Hugs has 30 seconds left.
|
|t:|1786036077
|detailschange|p2b: Raichu|Raichu-Mega-Y, L50, F
|-mega|p2b: Raichu|Raichu|Raichunite Y
|detailschange|p1b: Dragalge|Dragalge-Mega, L50, M
|-mega|p1b: Dragalge|Dragalge|Dragalgite
|move|p1a: Ninetales|Protect|p1a: Ninetales
|-singleturn|p1a: Ninetales|Protect
|move|p2b: Raichu|Fake Out|p1a: Ninetales
|-activate|p1a: Ninetales|move: Protect
|move|p2a: Sinistcha|Matcha Gotcha|p1b: Dragalge|[spread] p1b
|-activate|p1a: Ninetales|move: Protect
|-resisted|p1b: Dragalge|2
|-damage|p1b: Dragalge|94/100
|-status|p1b: Dragalge|brn
|move|p1b: Dragalge|Sludge Bomb|p2b: Raichu
|-damage|p2b: Raichu|19/100
|
|-weather|Snowscape|[upkeep]
|-damage|p1b: Dragalge|88/100 brn|[from] brn
|upkeep
|turn|2
|
|t:|1786036097
|move|p2b: Raichu|Zap Cannon|p1a: Ninetales
|-damage|p1a: Ninetales|21/100
|-status|p1a: Ninetales|par
|move|p2a: Sinistcha|Hex|p1b: Dragalge
|-damage|p1b: Dragalge|43/100 brn
|move|p1a: Ninetales|Blizzard|p2b: Raichu|[spread] p2a,p2b
|-supereffective|p2a: Sinistcha|1
|-damage|p2a: Sinistcha|34/100
|-damage|p2b: Raichu|0 fnt
|faint|p2b: Raichu
|move|p1b: Dragalge|Sludge Bomb|p2a: Sinistcha
|-damage|p2a: Sinistcha|0 fnt
|faint|p2a: Sinistcha
|
|-weather|Snowscape|[upkeep]
|-damage|p1b: Dragalge|37/100 brn|[from] brn
|upkeep
|
|t:|1786036109
|switch|p2b: Hydreigon|Hydreigon, L50, F|100/100
|switch|p2a: Sneasler|Sneasler, L50, M|100/100
|turn|3
|
|t:|1786036120
|move|p1b: Dragalge|Protect|p1b: Dragalge
|-singleturn|p1b: Dragalge|Protect
|move|p2b: Hydreigon|Earth Power|p1b: Dragalge
|-activate|p1b: Dragalge|move: Protect
|move|p2a: Sneasler|Close Combat|p1a: Ninetales
|-damage|p1a: Ninetales|0 fnt
|-unboost|p2a: Sneasler|def|1
|-unboost|p2a: Sneasler|spd|1
|faint|p1a: Ninetales
|-enditem|p2a: Sneasler|White Herb
|-clearnegativeboost|p2a: Sneasler|[silent]
|
|-weather|Snowscape|[upkeep]
|-damage|p1b: Dragalge|31/100 brn|[from] brn
|upkeep
|
|t:|1786036127
|switch|p1a: Incineroar|Incineroar, L50, M|100/100
|-ability|p1a: Incineroar|Intimidate|boost
|-unboost|p2a: Sneasler|atk|1
|-unboost|p2b: Hydreigon|atk|1
|turn|4
|
|t:|1786036150
|move|p1a: Incineroar|Fake Out|p2a: Sneasler
|-damage|p2a: Sneasler|83/100
|cant|p2a: Sneasler|flinch
|move|p2b: Hydreigon|Earth Power|p1b: Dragalge
|-supereffective|p1b: Dragalge|1
|-damage|p1b: Dragalge|0 fnt
|faint|p1b: Dragalge
|
|-weather|Snowscape|[upkeep]
|upkeep
|
|t:|1786036155
|switch|p1b: Kingambit|Kingambit, L50, M|100/100
|turn|5
|inactive|15Hugs has 30 seconds left.
|
|t:|1786036181
|move|p1b: Kingambit|Protect|p1b: Kingambit
|-singleturn|p1b: Kingambit|Protect
|move|p2a: Sneasler|Close Combat|p1a: Incineroar
|-supereffective|p1a: Incineroar|1
|-damage|p1a: Incineroar|25/100
|-unboost|p2a: Sneasler|def|1
|-unboost|p2a: Sneasler|spd|1
|-enditem|p1a: Incineroar|Sitrus Berry|[eat]
|-heal|p1a: Incineroar|50/100g|[from] item: Sitrus Berry
|move|p2b: Hydreigon|Earth Power|p1a: Incineroar
|-supereffective|p1a: Incineroar|1
|-damage|p1a: Incineroar|1/100
|move|p1a: Incineroar|Flare Blitz|p2a: Sneasler
|-damage|p2a: Sneasler|0 fnt
|faint|p2a: Sneasler
|-damage|p1a: Incineroar|0 fnt|[from] Recoil
|faint|p1a: Incineroar
|
|-weather|none
|upkeep
|turn|6
|
|t:|1786036193
|move|p2b: Hydreigon|Earth Power|p1b: Kingambit
|-supereffective|p1b: Kingambit|1
|-damage|p1b: Kingambit|42/100
|move|p1b: Kingambit|Low Kick|p2b: Hydreigon
|-supereffective|p2b: Hydreigon|1
|-damage|p2b: Hydreigon|12/100
|
|upkeep
|turn|7
|
|t:|1786036198
|move|p1b: Kingambit|Sucker Punch|p2b: Hydreigon
|-resisted|p2b: Hydreigon|1
|-damage|p2b: Hydreigon|0 fnt
|faint|p2b: Hydreigon
|
|win|RandBatsBrr
||RandBatsBrr is ready for game 3.
|inactive|15Hugs has 30 seconds to confirm battle start!
|inactive|15Hugs has 20 seconds to confirm battle start!
||15Hugs is ready for game 3.
|uhtml|next|Next: Game 3 of 3
