|j|☆bigj009
|j|☆IshzarkVGC
|html|bigj009IshzarkVGC    
|uhtml|bestof|Game 1 of a best-of-3
|t:|1757796753
|gametype|doubles
|player|p1|bigj009|lucas|1267
|player|p2|IshzarkVGC|n|1293
|gen|9
|tier|[Gen 9] VGC 2025 Reg H (Bo3)
|rated|
|rule|Species Clause: Limit one of each Pokémon
|rule|Item Clause: Limit 1 of each item
|clearpoke
|poke|p1|Pelipper, L50, M|
|poke|p1|Gholdengo, L50|
|poke|p1|Basculegion, L50, M|
|poke|p1|Sneasler, L50, M|
|poke|p1|Garchomp, L50, F|
|poke|p1|Sableye, L50, M|
|poke|p2|Talonflame, L50, M|
|poke|p2|Garchomp, L50, F|
|poke|p2|Primarina, L50, F|
|poke|p2|Electabuzz, L50, M|
|poke|p2|Gholdengo, L50|
|poke|p2|Tyranitar, L50, F|
|teampreview|4
|showteam|p1|Pelipper||CovertCloak|Drizzle|Tailwind,Hurricane,WeatherBall,HelpingHand|||M|||50|,,,,,Grass]Gholdengo||ChoiceSpecs|GoodasGold|MakeItRain,ShadowBall,Thunderbolt,PowerGem||||||50|,,,,,Steel]Basculegion||ChoiceBand|SwiftSwim|AquaJet,LastRespects,FlipTurn,WaveCrash|||M|||50|,,,,,Water]Sneasler||WhiteHerb|Unburden|FakeOut,CloseCombat,DireClaw,ThroatChop|||M|||50|,,,,,Dark]Garchomp||ClearAmulet|RoughSkin|DragonClaw,Earthquake,StompingTantrum,Protect|||F|||50|,,,,,Fire]Sableye||FocusSash|Prankster|FakeOut,FoulPlay,RainDance,Snarl|||M|||50|,,,,,Dark
|showteam|p2|Talonflame||CovertCloak|GaleWings|BraveBird,WillOWisp,Taunt,Tailwind|||M|||50|,,,,,Grass]Garchomp||ClearAmulet|RoughSkin|Earthquake,DragonClaw,StompingTantrum,Protect|||F|||50|,,,,,Steel]Primarina||ThroatSpray|LiquidVoice|HyperVoice,Moonblast,Haze,Protect|||F|||50|,,,,,Grass]Electabuzz||Eviolite|VitalSpirit|Electroweb,FollowMe,Taunt,Protect|||M|||50|,,,,,Ghost]Gholdengo||LifeOrb|GoodasGold|MakeItRain,ShadowBall,NastyPlot,Protect||||||50|,,,,,Water]Tyranitar||AssaultVest|SandStream|RockSlide,KnockOff,TeraBlast,LowKick|||F|||50|,,,,,Flying
|inactive|Battle timer is ON: inactive players will automatically lose when time's up. (requested by IshzarkVGC)
|
|t:|1757796782
|teamsize|p1|4
|teamsize|p2|4
|start
|switch|p1a: Pelipper|Pelipper, L50, M|100/100
|switch|p1b: Basculegion|Basculegion, L50, M|100/100
|switch|p2a: Electabuzz|Electabuzz, L50, M|100/100
|switch|p2b: Gholdengo|Gholdengo, L50|100/100
|-weather|RainDance|[from] ability: Drizzle|[of] p1a: Pelipper
|turn|1
|
|t:|1757796798
|-terastallize|p1b: Basculegion|Water
|move|p1a: Pelipper|Helping Hand|p1b: Basculegion
|-singleturn|p1b: Basculegion|Helping Hand|[of] p1a: Pelipper
|move|p2a: Electabuzz|Protect|p2a: Electabuzz
|-singleturn|p2a: Electabuzz|Protect
|move|p2b: Gholdengo|Protect|p2b: Gholdengo
|-singleturn|p2b: Gholdengo|Protect
|move|p1b: Basculegion|Wave Crash|p2a: Electabuzz
|-activate|p2a: Electabuzz|move: Protect
|
|-weather|RainDance|[upkeep]
|upkeep
|turn|2
|
|t:|1757796818
|switch|p2b: Tyranitar|Tyranitar, L50, F|100/100
|-weather|Sandstorm|[from] ability: Sand Stream|[of] p2b: Tyranitar
|move|p2a: Electabuzz|Electroweb|p1a: Pelipper|[spread] p1a,p1b
|-supereffective|p1a: Pelipper
|-supereffective|p1b: Basculegion
|-damage|p1a: Pelipper|0 fnt
|-damage|p1b: Basculegion|70/100
|-unboost|p1b: Basculegion|spe|1
|faint|p1a: Pelipper
|move|p1b: Basculegion|Wave Crash|p2a: Electabuzz
|-damage|p2a: Electabuzz|1/100
|-damage|p1b: Basculegion|41/100|[from] Recoil
|
|-weather|Sandstorm|[upkeep]
|-damage|p2a: Electabuzz|0 fnt|[from] Sandstorm
|-damage|p1b: Basculegion|35/100|[from] Sandstorm
|faint|p2a: Electabuzz
|upkeep
|
|t:|1757796835
|switch|p2a: Talonflame|Talonflame, L50, M|100/100
|switch|p1a: Sneasler|Sneasler, L50, M|100/100
|turn|3
|
|t:|1757796852
|switch|p1b: Garchomp|Garchomp, L50, F|100/100
|-terastallize|p2b: Tyranitar|Flying
|move|p2a: Talonflame|Brave Bird|p1b: Garchomp
|-damage|p1b: Garchomp|58/100
|-damage|p2a: Talonflame|88/100|[from] ability: Rough Skin|[of] p1b: Garchomp
|-damage|p2a: Talonflame|73/100|[from] Recoil
|move|p1a: Sneasler|Close Combat|p2b: Tyranitar
|-resisted|p2b: Tyranitar
|-crit|p2b: Tyranitar
|-damage|p2b: Tyranitar|60/100
|-unboost|p1a: Sneasler|def|1
|-unboost|p1a: Sneasler|spd|1
|-enditem|p1a: Sneasler|White Herb
|-clearnegativeboost|p1a: Sneasler|[silent]
|move|p2b: Tyranitar|Tera Blast|p1a: Sneasler|[anim] Tera Blast Flying
|-supereffective|p1a: Sneasler
|-damage|p1a: Sneasler|0 fnt
|faint|p1a: Sneasler
|
|-weather|Sandstorm|[upkeep]
|-damage|p2a: Talonflame|67/100|[from] Sandstorm
|-damage|p2b: Tyranitar|54/100|[from] Sandstorm
|upkeep
|inactive|bigj009 has 30 seconds left.
|
|t:|1757796878
|switch|p1a: Basculegion|Basculegion, L50, M, tera:Water|35/100
|turn|4
|
|t:|1757796891
|move|p1a: Basculegion|Aqua Jet|p2a: Talonflame
|-supereffective|p2a: Talonflame
|-damage|p2a: Talonflame|0 fnt
|faint|p2a: Talonflame
|move|p1b: Garchomp|Dragon Claw|p2b: Tyranitar
|-damage|p2b: Tyranitar|17/100
|move|p2b: Tyranitar|Knock Off|p1a: Basculegion
|-damage|p1a: Basculegion|0 fnt
|-enditem|p1a: Basculegion|Choice Band|[from] move: Knock Off|[of] p2b: Tyranitar
|faint|p1a: Basculegion
|
|-weather|Sandstorm|[upkeep]
|-damage|p2b: Tyranitar|11/100|[from] Sandstorm
|upkeep
|
|t:|1757796895
|switch|p2a: Gholdengo|Gholdengo, L50|100/100
|turn|5
|
|t:|1757796904
|move|p1b: Garchomp|Dragon Claw|p2b: Tyranitar
|-damage|p2b: Tyranitar|0 fnt
|faint|p2b: Tyranitar
|move|p2a: Gholdengo|Shadow Ball|p1b: Garchomp
|-damage|p1b: Garchomp|0 fnt
|faint|p1b: Garchomp
|-damage|p2a: Gholdengo|91/100|[from] item: Life Orb
|
|win|IshzarkVGC
||bigj009 is ready for game 2.
||IshzarkVGC is ready for game 2.
|uhtml|next|Next: Game 2 of 3
|l|☆IshzarkVGC
|player|p2|
|l|☆bigj009
|player|p1|
