|j|‽bathoven
|j|☆new mental
|html|bathovennew mental    
|uhtml|bestof|Game 1 of a best-of-3
|t:|1784371463
|gametype|doubles
|player|p1|bathoven|pokemaniac|1124
|player|p2|new mental|volkner|1168
|gen|9
|tier|[Gen 9 Champions] VGC 2026 Reg M-B (Bo3)
|rated|
|rule|Species Clause: Limit one of each Pokémon
|rule|Item Clause: Limit 1 of each item
|clearpoke
|poke|p1|Typhlosion, L50, M|
|poke|p1|Froslass, L50, F|
|poke|p1|Aerodactyl, L50, M|
|poke|p1|Raichu, L50, F|
|poke|p1|Tsareena, L50, F|
|poke|p1|Basculegion, L50, M|
|poke|p2|Charizard, L50, M|
|poke|p2|Kingambit, L50, M|
|poke|p2|Sylveon, L50, M|
|poke|p2|Garchomp, L50, M|
|poke|p2|Aerodactyl, L50, M|
|poke|p2|Farigiraf, L50, M|
|teampreview|4
|showteam|p1|Typhlosion||ChoiceScarf|FlashFire|FocusBlast,ShadowBall,HeatWave,Eruption|Modest||M|||50|]Froslass||Froslassite|CursedBody|ShadowBall,AuroraVeil,Protect,Blizzard|Timid||F|||50|]Aerodactyl||Aerodactylite|Unnerve|Tailwind,RockSlide,DualWingbeat,Protect|Jolly||M|||50|]Raichu||FocusSash|LightningRod|FakeOut,HelpingHand,Encore,Thunderbolt|Hasty||F|||50|]Tsareena||SitrusBerry|QueenlyMajesty|Uturn,TropKick,Taunt,TripleAxel|Adamant||F|||50|]Basculegion||LifeOrb|Adaptability|Protect,LastRespects,WaveCrash,AquaJet|Adamant||M|||50|
|showteam|p2|Charizard||CharizarditeY|SolarPower|Protect,HeatWave,SolarBeam,WeatherBall|Modest||M|||50|]Kingambit||FocusSash|Defiant|IronHead,SuckerPunch,KowtowCleave,LowKick|Adamant||M|||50|]Sylveon||FairyFeather|Pixilate|Detect,HyperVoice,HyperBeam,QuickAttack|Modest||M|||50|]Garchomp||LifeOrb|RoughSkin|Protect,DragonClaw,Earthquake,RockSlide|Jolly||M|||50|]Aerodactyl||Aerodactylite|Unnerve|IceFang,RockSlide,Tailwind,DualWingbeat|Jolly||M|||50|]Farigiraf||SitrusBerry|ArmorTail|TrickRoom,Psychic,Thunderbolt,Roar|Bold||M|||50|
|inactive|Battle timer is ON: inactive players will automatically lose when time's up. (requested by bathoven)
|inactive|bathoven has 60 seconds left.
|
|t:|1784371517
|teamsize|p1|4
|teamsize|p2|4
|start
|switch|p1a: Tsareena|Tsareena, L50, F|100/100
|switch|p1b: Froslass|Froslass, L50, F|100/100
|switch|p2a: Sylveon|Sylveon, L50, M|100/100
|switch|p2b: Farigiraf|Farigiraf, L50, M|100/100
|turn|1
|
|t:|1784371526
|detailschange|p1b: Froslass|Froslass-Mega, L50, F
|-mega|p1b: Froslass|Froslass|Froslassite
|-weather|Snowscape|[from] ability: Snow Warning|[of] p1b: Froslass
|move|p2a: Sylveon|Detect|p2a: Sylveon
|-singleturn|p2a: Sylveon|Protect
|move|p1b: Froslass|Aurora Veil|p1b: Froslass
|-sidestart|p1: bathoven|move: Aurora Veil
|move|p1a: Tsareena|Taunt|p2b: Farigiraf
|-start|p2b: Farigiraf|move: Taunt
|cant|p2b: Farigiraf|move: Taunt|Trick Room
|
|-weather|Snowscape|[upkeep]
|upkeep
|turn|2
|
|t:|1784371545
|switch|p2b: Charizard|Charizard, L50, M|100/100
|move|p1b: Froslass|Blizzard|p2a: Sylveon|[spread] p2a,p2b
|-damage|p2a: Sylveon|62/100
|-damage|p2b: Charizard|47/100
|-status|p2a: Sylveon|frz
|move|p1a: Tsareena|U-turn|p2b: Charizard
|-resisted|p2b: Charizard|2
|-damage|p2b: Charizard|42/100
|
|t:|1784371558
|switch|p1a: Raichu|Raichu, L50, F|100/100|[from] U-turn
|cant|p2a: Sylveon|frz
|
|-weather|Snowscape|[upkeep]
|upkeep
|turn|3
|
|t:|1784371565
|switch|p1b: Typhlosion|Typhlosion, L50, M|100/100
|switch|p2b: Kingambit|Kingambit, L50, M|100/100
|move|p1a: Raichu|Thunderbolt|p2b: Kingambit
|-damage|p2b: Kingambit|69/100
|-curestatus|p2a: Sylveon|frz|[msg]
|move|p2a: Sylveon|Hyper Voice|p1b: Typhlosion|[spread] p1a,p1b
|-resisted|p1b: Typhlosion|1
|-damage|p1a: Raichu|61/100
|-damage|p1b: Typhlosion|78/100
|
|-weather|Snowscape|[upkeep]
|upkeep
|turn|4
|
|t:|1784371588
|move|p1a: Raichu|Helping Hand|p1b: Typhlosion
|-singleturn|p1b: Typhlosion|Helping Hand|[of] p1a: Raichu
|move|p2b: Kingambit|Sucker Punch|p1b: Typhlosion
|-damage|p1b: Typhlosion|39/100
|move|p1b: Typhlosion|Heat Wave|p2b: Kingambit|[spread] p2a,p2b
|-supereffective|p2b: Kingambit|1
|-damage|p2a: Sylveon|20/100y
|-damage|p2b: Kingambit|0 fnt
|faint|p2b: Kingambit
|move|p2a: Sylveon|Hyper Voice|p1b: Typhlosion|[spread] p1a,p1b
|-resisted|p1b: Typhlosion|1
|-damage|p1a: Raichu|20/100y
|-damage|p1b: Typhlosion|18/100
|
|-weather|Snowscape|[upkeep]
|upkeep
|
|t:|1784371597
|switch|p2b: Charizard|Charizard, L50, M|42/100
|turn|5
|
|t:|1784371612
|move|p2b: Charizard|Protect|p2b: Charizard
|-singleturn|p2b: Charizard|Protect
|move|p1b: Typhlosion|Heat Wave|p2a: Sylveon|[spread] 
|-activate|p2b: Charizard|move: Protect
|-miss|p1b: Typhlosion|p2a: Sylveon
|move|p1a: Raichu|Thunderbolt|p2b: Charizard
|-activate|p2b: Charizard|move: Protect
|move|p2a: Sylveon|Hyper Beam|p1a: Raichu
|-damage|p1a: Raichu|0 fnt
|-mustrecharge|p2a: Sylveon
|faint|p1a: Raichu
|
|-weather|none
|-sideend|p1: bathoven|move: Aurora Veil
|upkeep
|
|t:|1784371627
|switch|p1a: Tsareena|Tsareena, L50, F|100/100
|turn|6
|
|t:|1784371647
|switch|p1a: Froslass|Froslass-Mega, L50, F|100/100
|-weather|Snowscape|[from] ability: Snow Warning|[of] p1a: Froslass
|detailschange|p2b: Charizard|Charizard-Mega-Y, L50, M
|-mega|p2b: Charizard|Charizard|Charizardite Y
|-weather|SunnyDay|[from] ability: Drought|[of] p2b: Charizard
|move|p1b: Typhlosion|Heat Wave|p2a: Sylveon|[spread] p2a
|-miss|p1b: Typhlosion|p2b: Charizard
|-damage|p2a: Sylveon|0 fnt
|faint|p2a: Sylveon
|move|p2b: Charizard|Heat Wave|p1a: Froslass|[spread] p1a
|-start|p1b: Typhlosion|ability: Flash Fire
|-supereffective|p1a: Froslass|1
|-damage|p1a: Froslass|0 fnt
|faint|p1a: Froslass
|
|-weather|SunnyDay|[upkeep]
|upkeep
|
|t:|1784371661
|switch|p1a: Tsareena|Tsareena, L50, F|100/100
|switch|p2a: Farigiraf|Farigiraf, L50, M|100/100
|turn|7
|
|t:|1784371670
|move|p1b: Typhlosion|Heat Wave|p2a: Farigiraf|[spread] p2a,p2b
|-resisted|p2b: Charizard|1
|-damage|p2a: Farigiraf|18/100
|-damage|p2b: Charizard|9/100
|-enditem|p2a: Farigiraf|Sitrus Berry|[eat]
|-heal|p2a: Farigiraf|43/100|[from] item: Sitrus Berry
|move|p2b: Charizard|Weather Ball|p1a: Tsareena
|-supereffective|p1a: Tsareena|1
|-damage|p1a: Tsareena|0 fnt
|faint|p1a: Tsareena
|move|p2a: Farigiraf|Psychic|p1b: Typhlosion
|-crit|p1b: Typhlosion
|-damage|p1b: Typhlosion|0 fnt
|faint|p1b: Typhlosion
|
|win|new mental
