|j|☆srpelea
|j|☆AminitraboTTT
|html|srpeleaAminitraboTTT    
|uhtml|bestof|Game 1 of a best-of-3
|t:|1785111125
|gametype|doubles
|player|p1|srpelea|n|
|player|p2|AminitraboTTT|supernerd|
|gen|9
|tier|[Gen 9 Champions] VGC 2026 Reg M-B (Bo3)
|rule|Species Clause: Limit one of each Pokémon
|rule|Item Clause: Limit 1 of each item
|clearpoke
|poke|p1|Raichu, L50, M|
|poke|p1|Pelipper, L50, F|
|poke|p1|Archaludon, L50, M|
|poke|p1|Swampert, L50, M|
|poke|p1|Grimmsnarl, L50, M|
|poke|p1|Sneasler, L50, F|
|poke|p2|Swampert, L50, F|
|poke|p2|Politoed, L50, M|
|poke|p2|Kingambit, L50, F|
|poke|p2|Dragonite, L50, M|
|poke|p2|Raichu, L50, F|
|poke|p2|Primarina, L50, M|
|teampreview|4
|showteam|p1|Raichu||RaichuniteX|Static|FakeOut,Thunder,GrassKnot,Protect|Hasty||M|||50|]Pelipper||FocusSash|Drizzle|Protect,WeatherBall,IceBeam,Tailwind|Bold||F|||50|]Archaludon||Leftovers|Stamina|DracoMeteor,ElectroShot,FlashCannon,Protect|Timid||M|||50|]Swampert||Swampertite|Damp|RockSlide,Protect,IcePunch,WaveCrash|Adamant||M|||50|]Grimmsnarl||LightClay|Prankster|LightScreen,Reflect,SpiritBreak,PartingShot|Adamant||M|||50|]Sneasler||MentalHerb|Unburden|Coaching,DireClaw,FakeOut,CloseCombat|Adamant||F|||50|
|showteam|p2|Swampert||Swampertite|Torrent|HighHorsepower,WaveCrash,IcePunch,RockSlide|Adamant||F|||50|]Politoed||SitrusBerry|Drizzle|HydroPump,IceBeam,FocusBlast,EarthPower|Modest||M|||50|]Kingambit||BlackGlasses|Defiant|Guillotine,SuckerPunch,IronHead,KowtowCleave|Adamant||F|||50|]Dragonite||Dragoninite|Multiscale|DracoMeteor,AirSlash,Thunder,IceBeam|Modest||M|||50|]Raichu||FocusSash|LightningRod|Thunder,GrassKnot,FakeOut,Surf|Hasty||F|||50|]Primarina||QuickClaw|LiquidVoice|HyperVoice,IceBeam,Moonblast,Psychic|Modest||M|||50|
|c|☆AminitraboTTT|Hola, soy AminitraboTTT, el bot de la sala Español. gl hf
|inactive|Battle timer is ON: inactive players will automatically lose when time's up. (requested by AminitraboTTT)
|inactive|srpelea also wants the timer to be on.
|inactive|srpelea has 60 seconds left.
|
|t:|1785111167
|teamsize|p1|4
|teamsize|p2|4
|start
|switch|p1a: Raichu|Raichu, L50, M|100/100
|switch|p1b: Archaludon|Archaludon, L50, M|100/100
|switch|p2a: Swampert|Swampert, L50, F|100/100
|switch|p2b: Raichu|Raichu, L50, F|100/100
|turn|1
|
|t:|1785111191
|detailschange|p1a: Raichu|Raichu-Mega-X, L50, M
|-mega|p1a: Raichu|Raichu|Raichunite X
|-fieldstart|move: Electric Terrain|[from] ability: Electric Surge|[of] p1a: Raichu
|detailschange|p2a: Swampert|Swampert-Mega, L50, F
|-mega|p2a: Swampert|Swampert|Swampertite
|move|p1b: Archaludon|Protect|p1b: Archaludon
|-singleturn|p1b: Archaludon|Protect
|move|p1a: Raichu|Grass Knot|p2a: Swampert
|-supereffective|p2a: Swampert|2
|-crit|p2a: Swampert
|-damage|p2a: Swampert|0 fnt
|faint|p2a: Swampert
|move|p2b: Raichu|Surf|p1a: Raichu|[spread] p1a
|-activate|p1b: Archaludon|move: Protect
|-damage|p1a: Raichu|76/100
|
|upkeep
|
|t:|1785111191
|switch|p2a: Kingambit|Kingambit, L50, F|100/100
|turn|2
|inactive|srpelea has 30 seconds left.
|inactive|srpelea has 20 seconds left.
|
|t:|1785111227
|switch|p1a: Pelipper|Pelipper, L50, F|100/100
|-weather|RainDance|[from] ability: Drizzle|[of] p1a: Pelipper
|move|p2b: Raichu|Surf|p1a: Pelipper|[spread] p2a,p1a,p1b
|-resisted|p1a: Pelipper|1
|-resisted|p1b: Archaludon|1
|-damage|p2a: Kingambit|73/100
|-damage|p1a: Pelipper|82/100
|-damage|p1b: Archaludon|77/100
|-ability|p1b: Archaludon|Stamina|boost
|-boost|p1b: Archaludon|def|1
|move|p1b: Archaludon|Draco Meteor|p1a: Pelipper
|-damage|p1a: Pelipper|0 fnt
|-unboost|p1b: Archaludon|spa|2
|faint|p1a: Pelipper
|move|p2a: Kingambit|Kowtow Cleave|p1b: Archaludon
|-damage|p1b: Archaludon|45/100
|-ability|p1b: Archaludon|Stamina|boost
|-boost|p1b: Archaludon|def|1
|
|-weather|RainDance|[upkeep]
|-heal|p1b: Archaludon|51/100|[from] item: Leftovers
|upkeep
|
|t:|1785111249
|switch|p1a: Grimmsnarl|Grimmsnarl, L50, M|100/100
|turn|3
|
|t:|1785111261
|move|p1a: Grimmsnarl|Reflect|p1a: Grimmsnarl
|-sidestart|p1: srpelea|Reflect
|move|p2b: Raichu|Surf|p1b: Archaludon|[spread] p2a,p1a,p1b
|-resisted|p1b: Archaludon|1
|-damage|p2a: Kingambit|47/100
|-damage|p1a: Grimmsnarl|77/100
|-damage|p1b: Archaludon|31/100
|-ability|p1b: Archaludon|Stamina|boost
|-boost|p1b: Archaludon|def|1
|move|p1b: Archaludon|Electro Shot||[still]
|-prepare|p1b: Archaludon|Electro Shot
|-boost|p1b: Archaludon|spa|1
|-anim|p1b: Archaludon|Electro Shot|p2b: Raichu
|-ability|p2b: Raichu|Lightning Rod|boost
|-boost|p2b: Raichu|spa|1
|move|p2a: Kingambit|Iron Head|p1a: Grimmsnarl
|-supereffective|p1a: Grimmsnarl|1
|-damage|p1a: Grimmsnarl|5/100
|
|-weather|RainDance|[upkeep]
|-heal|p1b: Archaludon|37/100|[from] item: Leftovers
|upkeep
|turn|4
|j| guccirain2006
|inactive|srpelea has 30 seconds left.
|
|t:|1785111287
|move|p1a: Grimmsnarl|Light Screen|p1a: Grimmsnarl
|-sidestart|p1: srpelea|move: Light Screen
|move|p2b: Raichu|Surf|p1b: Archaludon|[spread] p2a,p1a,p1b
|-resisted|p1b: Archaludon|1
|-damage|p2a: Kingambit|10/100
|-damage|p1a: Grimmsnarl|0 fnt
|-damage|p1b: Archaludon|16/100
|-ability|p1b: Archaludon|Stamina|boost
|-boost|p1b: Archaludon|def|1
|faint|p1a: Grimmsnarl
|move|p1b: Archaludon|Draco Meteor|p2b: Raichu
|-damage|p2b: Raichu|34/100
|-unboost|p1b: Archaludon|spa|2
|move|p2a: Kingambit|Guillotine|p1b: Archaludon|[miss]
|-miss|p2a: Kingambit|p1b: Archaludon
|
|-weather|RainDance|[upkeep]
|-heal|p1b: Archaludon|22/100|[from] item: Leftovers
|upkeep
|
|t:|1785111306
|switch|p1a: Raichu|Raichu-Mega-X, L50, M|76/100
|turn|5
|
|t:|1785111315
|move|p1a: Raichu|Fake Out|p2b: Raichu
|-damage|p2b: Raichu|7/100
|cant|p2b: Raichu|flinch
|move|p1b: Archaludon|Draco Meteor|p2a: Kingambit
|-resisted|p2a: Kingambit|1
|-crit|p2a: Kingambit
|-damage|p2a: Kingambit|0 fnt
|-unboost|p1b: Archaludon|spa|2
|faint|p2a: Kingambit
|
|-weather|RainDance|[upkeep]
|-heal|p1b: Archaludon|28/100|[from] item: Leftovers
|-fieldend|move: Electric Terrain
|upkeep
|
|t:|1785111316
|switch|p2a: Politoed|Politoed, L50, M|100/100
|turn|6
|
|t:|1785111339
|move|p2b: Raichu|Surf|p1b: Archaludon|[spread] p2a,p1a,p1b
|-resisted|p2a: Politoed|1
|-crit|p2a: Politoed
|-resisted|p1b: Archaludon|1
|-damage|p2a: Politoed|72/100
|-damage|p1a: Raichu|37/100
|-damage|p1b: Archaludon|7/100
|-ability|p1b: Archaludon|Stamina|boost
|-boost|p1b: Archaludon|def|1
|move|p1a: Raichu|Grass Knot|p2b: Raichu
|-damage|p2b: Raichu|0 fnt
|faint|p2b: Raichu
|move|p1b: Archaludon|Electro Shot||[still]
|-prepare|p1b: Archaludon|Electro Shot
|-boost|p1b: Archaludon|spa|1
|-anim|p1b: Archaludon|Electro Shot|p2a: Politoed
|-supereffective|p2a: Politoed|1
|-damage|p2a: Politoed|44/100
|-enditem|p2a: Politoed|Sitrus Berry|[eat]
|-heal|p2a: Politoed|69/100|[from] item: Sitrus Berry
|move|p2a: Politoed|Hydro Pump|p1a: Raichu
|-damage|p1a: Raichu|0 fnt
|faint|p1a: Raichu
|
|-weather|none
|-heal|p1b: Archaludon|13/100|[from] item: Leftovers
|upkeep
|turn|7
|inactive|srpelea has 30 seconds left.
|
|t:|1785111367
|move|p1b: Archaludon|Electro Shot||[still]
|-prepare|p1b: Archaludon|Electro Shot
|-boost|p1b: Archaludon|spa|1
|move|p2a: Politoed|Focus Blast|p1b: Archaludon
|-supereffective|p1b: Archaludon|1
|-damage|p1b: Archaludon|0 fnt
|faint|p1b: Archaludon
|
|win|AminitraboTTT
