|j|☆25th_mang
|j|☆K0deBeast
|html|25th_mangK0deBeast    
|uhtml|bestof|Game 1 of a best-of-3
|t:|1782358728
|gametype|doubles
|player|p1|25th_mang|ballguy|1147
|player|p2|K0deBeast|hiker|1224
|gen|9
|tier|[Gen 9 Champions] VGC 2026 Reg M-B (Bo3)
|rated|
|rule|Species Clause: Limit one of each Pokémon
|rule|Item Clause: Limit 1 of each item
|clearpoke
|poke|p1|Crabominable, L50, M|
|poke|p1|Farigiraf, L50, M|
|poke|p1|Incineroar, L50, M|
|poke|p1|Archaludon, L50, M|
|poke|p1|Pelipper, L50, F|
|poke|p1|Sinistcha, L50|
|poke|p2|Garchomp, L50, M, shiny|
|poke|p2|Staraptor, L50, M, shiny|
|poke|p2|Whimsicott, L50, M, shiny|
|poke|p2|Rotom-Heat, L50|
|poke|p2|Incineroar, L50, F, shiny|
|poke|p2|Gholdengo, L50|
|teampreview|4
|showteam|p1|Crabominable||Crabominite|HyperCutter|IceHammer,DrainPunch,Protect,ThunderPunch|Brave||M|||50|]Farigiraf||MentalHerb|ArmorTail|TrickRoom,Psychic,HyperVoice,HelpingHand|Relaxed||M|||50|]Incineroar||Charcoal|Intimidate|FakeOut,FlareBlitz,Assurance,Snarl|Adamant||M|||50|]Archaludon||Magnet|Stalwart|ElectroShot,AuraSphere,DracoMeteor,Protect|Quiet||M|||50|]Pelipper||SharpBeak|Drizzle|Hurricane,WeatherBall,WideGuard,Protect|Modest||F|||50|]Sinistcha||SitrusBerry|Hospitality|MatchaGotcha,RagePowder,LifeDew,TrickRoom|Relaxed|||||50|
|showteam|p2|Garchomp||LifeOrb|RoughSkin|Earthquake,Protect,RockSlide,DragonClaw|Adamant||M|||50|]Staraptor||Staraptite|Intimidate|BraveBird,CloseCombat,Roost,Protect|Jolly||M|||50|]Whimsicott||FocusSash|Prankster|Moonblast,Tailwind,Tickle,FakeTears|Timid||M|||50|]Rotom-Heat||ChoiceScarf|Levitate|Discharge,Overheat,ShadowBall,Trick|Modest|||||50|]Incineroar||SitrusBerry|Intimidate|FakeOut,PartingShot,FlareBlitz,DarkestLariat|Impish||F|||50|]Gholdengo||WiseGlasses|GoodasGold|Protect,ShadowBall,MakeItRain,NastyPlot|Modest|||||50|
|inactive|Battle timer is ON: inactive players will automatically lose when time's up. (requested by 25th_mang)
|inactive|K0deBeast has 60 seconds left.
|
|t:|1782358760
|teamsize|p1|4
|teamsize|p2|4
|start
|switch|p1a: My1stFlip|Farigiraf, L50, M|100/100
|switch|p1b: My1stRoar|Incineroar, L50, M|100/100
|switch|p2a: Garchomp|Garchomp, L50, M, shiny|100/100
|switch|p2b: Rotom|Rotom-Heat, L50|100/100
|-ability|p1b: My1stRoar|Intimidate|boost
|-unboost|p2a: Garchomp|atk|1
|-unboost|p2b: Rotom|atk|1
|turn|1
|
|t:|1782358778
|move|p1b: My1stRoar|Fake Out|p2a: Garchomp
|-damage|p2a: Garchomp|87/100
|-damage|p1b: My1stRoar|87/100|[from] ability: Rough Skin|[of] p2a: Garchomp
|move|p2b: Rotom|Overheat|p1a: My1stFlip
|-damage|p1a: My1stFlip|42/100
|-unboost|p2b: Rotom|spa|2
|cant|p2a: Garchomp|flinch
|move|p1a: My1stFlip|Trick Room|p1a: My1stFlip
|-fieldstart|move: Trick Room|[of] p1a: My1stFlip
|
|upkeep
|turn|2
|
|t:|1782358791
|switch|p2b: Incineroar|Incineroar, L50, F, shiny|100/100
|-ability|p2b: Incineroar|Intimidate|boost
|-unboost|p1a: My1stFlip|atk|1
|-unboost|p1b: My1stRoar|atk|1
|move|p1a: My1stFlip|Psychic|p2b: Incineroar
|-immune|p2b: Incineroar
|move|p1b: My1stRoar|Assurance|p2b: Incineroar
|-resisted|p2b: Incineroar|1
|-damage|p2b: Incineroar|92/100
|move|p2a: Garchomp|Rock Slide|p1a: My1stFlip|[spread] p1a,p1b
|-supereffective|p1b: My1stRoar|1
|-damage|p1a: My1stFlip|26/100
|-damage|p1b: My1stRoar|54/100
|-damage|p2a: Garchomp|77/100|[from] item: Life Orb
|
|upkeep
|turn|3
|inactive|K0deBeast has 30 seconds left.
|
|t:|1782358818
|switch|p2a: Rotom|Rotom-Heat, L50|100/100
|move|p1a: My1stFlip|Psychic|p2a: Rotom
|-damage|p2a: Rotom|54/100
|move|p2b: Incineroar|Darkest Lariat|p1a: My1stFlip
|-supereffective|p1a: My1stFlip|1
|-crit|p1a: My1stFlip
|-damage|p1a: My1stFlip|0 fnt
|faint|p1a: My1stFlip
|move|p1b: My1stRoar|Assurance|p2a: Rotom
|-damage|p2a: Rotom|3/100
|
|upkeep
|
|t:|1782358831
|switch|p1a: Hockey Rivalry|Crabominable, L50, M|100/100
|turn|4
|
|t:|1782358841
|move|p1a: Hockey Rivalry|Drain Punch|p2b: Incineroar
|-supereffective|p2b: Incineroar|1
|-damage|p2b: Incineroar|37/100
|-enditem|p2b: Incineroar|Sitrus Berry|[eat]
|-heal|p2b: Incineroar|61/100|[from] item: Sitrus Berry
|move|p2b: Incineroar|Flare Blitz|p1a: Hockey Rivalry
|-supereffective|p1a: Hockey Rivalry|1
|-damage|p1a: Hockey Rivalry|0 fnt
|faint|p1a: Hockey Rivalry
|-damage|p2b: Incineroar|27/100|[from] Recoil
|move|p1b: My1stRoar|Snarl|p2a: Rotom|[spread] p2a,p2b
|-resisted|p2b: Incineroar|1
|-damage|p2a: Rotom|0 fnt
|-damage|p2b: Incineroar|22/100
|-unboost|p2b: Incineroar|spa|1
|faint|p2a: Rotom
|
|upkeep
|
|t:|1782358855
|switch|p1a: Stup!b|Pelipper, L50, F|100/100
|switch|p2a: Garchomp|Garchomp, L50, M, shiny|77/100
|-weather|RainDance|[from] ability: Drizzle|[of] p1a: Stup!b
|turn|5
|
|t:|1782358864
|move|p2a: Garchomp|Protect|p2a: Garchomp
|-singleturn|p2a: Garchomp|Protect
|move|p2b: Incineroar|Parting Shot|p1a: Stup!b
|-unboost|p1a: Stup!b|atk|1
|-unboost|p1a: Stup!b|spa|1
|
|t:|1782358870
|switch|p2b: Gholdengo|Gholdengo, L50|100/100|[from] Parting Shot
|move|p1b: My1stRoar|Assurance|p2a: Garchomp
|-activate|p2a: Garchomp|move: Protect
|move|p1a: Stup!b|Hurricane|p2a: Garchomp
|-activate|p2a: Garchomp|move: Protect
|
|-weather|RainDance|[upkeep]
|-fieldend|move: Trick Room
|upkeep
|turn|6
|
|t:|1782358882
|move|p2a: Garchomp|Dragon Claw|p1b: My1stRoar
|-damage|p1b: My1stRoar|0 fnt
|faint|p1b: My1stRoar
|-damage|p2a: Garchomp|67/100|[from] item: Life Orb
|move|p2b: Gholdengo|Make It Rain|p1a: Stup!b
|-resisted|p1a: Stup!b|1
|-damage|p1a: Stup!b|52/100
|-unboost|p2b: Gholdengo|spa|2
|move|p1a: Stup!b|Weather Ball|p2b: Gholdengo
|-damage|p2b: Gholdengo|53/100
|
|-weather|RainDance|[upkeep]
|upkeep
|turn|7
|
|t:|1782358892
|switch|p2b: Incineroar|Incineroar, L50, F, shiny|22/100
|-ability|p2b: Incineroar|Intimidate|boost
|-unboost|p1a: Stup!b|atk|1
|move|p2a: Garchomp|Dragon Claw|p1a: Stup!b
|-damage|p1a: Stup!b|0 fnt
|faint|p1a: Stup!b
|-damage|p2a: Garchomp|57/100|[from] item: Life Orb
|
|win|K0deBeast
||K0deBeast is ready for game 2.
|l|☆25th_mang
|player|p1|
||25th_mang is ready for game 2.
|uhtml|next|Next: Game 2 of 3
|l|☆K0deBeast
|player|p2|
|j|☆25th_mang
|player|p1|25th_mang|ballguy|
