|j|☆hami_hiku
|j|☆tizio20
|html|hami_hikutizio20    
|uhtml|bestof|Game 1 of a best-of-3
|t:|1783530449
|gametype|doubles
|player|p1|hami_hiku|265|
|player|p2|tizio20|169|
|gen|9
|tier|[Gen 9 Champions] VGC 2026 Reg M-B (Bo3)
|rule|Species Clause: Limit one of each Pokémon
|rule|Item Clause: Limit 1 of each item
|clearpoke
|poke|p1|Swampert, L50, F|
|poke|p1|Pelipper, L50, F|
|poke|p1|Archaludon, L50, M|
|poke|p1|Farigiraf, L50, F|
|poke|p1|Incineroar, L50, M|
|poke|p1|Mawile, L50, F|
|poke|p2|Froslass, L50, F|
|poke|p2|Sneasler, L50, F|
|poke|p2|Kingambit, L50, M|
|poke|p2|Rotom-Mow, L50|
|poke|p2|Garchomp, L50, M|
|poke|p2|Aerodactyl, L50, M|
|teampreview|4
|showteam|p1|Swampert||Swampertite|Torrent|WaveCrash,Earthquake,IcePunch,Protect|Adamant||F|||50|]Pelipper||FocusSash|Drizzle|WeatherBall,Hurricane,Tailwind,Protect|Timid||F|||50|]Archaludon||Leftovers|Stamina|ElectroShot,FlashCannon,DragonPulse,Protect|Modest||M|||50|]Farigiraf||SitrusBerry|ArmorTail|Psychic,Thunderbolt,TrickRoom,RainDance|Relaxed||F|||50|]Incineroar||ShucaBerry|Intimidate|FlareBlitz,DarkestLariat,PartingShot,FakeOut|Adamant||M|||50|]Mawile||Mawilite|HyperCutter|PlayRough,IronHead,SuckerPunch,Protect|Adamant||F|||50|
|showteam|p2|Froslass||Froslassite|CursedBody|Blizzard,ShadowBall,AuroraVeil,Protect|Timid||F|||50|]Sneasler||WhiteHerb|Unburden|CloseCombat,DireClaw,FakeOut,Protect|Adamant||F|||50|]Kingambit||BlackGlasses|Defiant|KowtowCleave,IronHead,SuckerPunch,Protect|Adamant||M|||50|]Rotom-Mow||Leftovers|Levitate|LeafStorm,Thunderbolt,WillOWisp,Protect|Timid|||||50|]Garchomp||LifeOrb|RoughSkin|DragonClaw,RockSlide,StompingTantrum,Protect|Jolly||M|||50|]Aerodactyl||Aerodactylite|Unnerve|RockSlide,IceFang,DualWingbeat,Tailwind|Jolly||M|||50|
|inactive|Battle timer is ON: inactive players will automatically lose when time's up. (requested by tizio20)
|c|☆tizio20|glhf!
|c|☆hami_hiku|gljf!!
|inactive|hami_hiku has 60 seconds left.
|inactive|tizio20 has 60 seconds left.
|
|t:|1783530507
|teamsize|p1|4
|teamsize|p2|4
|start
|switch|p1a: Farigiraf|Farigiraf, L50, F|100/100
|switch|p1b: Incineroar|Incineroar, L50, M|100/100
|switch|p2a: Rotom|Rotom-Mow, L50|100/100
|switch|p2b: Sneasler|Sneasler, L50, F|100/100
|-ability|p1b: Incineroar|Intimidate|boost
|-unboost|p2a: Rotom|atk|1
|-unboost|p2b: Sneasler|atk|1
|-enditem|p2b: Sneasler|White Herb
|-clearnegativeboost|p2b: Sneasler|[silent]
|turn|1
|inactive|tizio20 has 30 seconds left.
|
|t:|1783530538
|move|p1b: Incineroar|Fake Out|p2b: Sneasler
|-damage|p2b: Sneasler|73/100
|cant|p2b: Sneasler|flinch
|move|p2a: Rotom|Thunderbolt|p1a: Farigiraf
|-damage|p1a: Farigiraf|65/100
|move|p1a: Farigiraf|Trick Room|p1a: Farigiraf
|-fieldstart|move: Trick Room|[of] p1a: Farigiraf
|
|upkeep
|turn|2
|
|t:|1783530551
|switch|p2a: Garchomp|Garchomp, L50, M|100/100
|move|p2b: Sneasler|Protect|p2b: Sneasler
|-singleturn|p2b: Sneasler|Protect
|move|p1a: Farigiraf|Psychic|p2b: Sneasler
|-activate|p2b: Sneasler|move: Protect
|move|p1b: Incineroar|Flare Blitz|p2a: Garchomp
|-resisted|p2a: Garchomp|1
|-damage|p2a: Garchomp|65/100
|-damage|p1b: Incineroar|87/100|[from] ability: Rough Skin|[of] p2a: Garchomp
|-damage|p1b: Incineroar|77/100|[from] Recoil
|
|upkeep
|turn|3
|
|t:|1783530569
|switch|p2b: Rotom|Rotom-Mow, L50|100/100
|move|p2a: Garchomp|Protect|p2a: Garchomp
|-singleturn|p2a: Garchomp|Protect
|move|p1a: Farigiraf|Psychic|p2a: Garchomp
|-activate|p2a: Garchomp|move: Protect
|move|p1b: Incineroar|Darkest Lariat|p2a: Garchomp
|-activate|p2a: Garchomp|move: Protect
|
|upkeep
|turn|4
|
|t:|1783530588
|move|p2b: Rotom|Protect|p2b: Rotom
|-singleturn|p2b: Rotom|Protect
|move|p1a: Farigiraf|Psychic|p2a: Garchomp
|-damage|p2a: Garchomp|27/100
|-unboost|p2a: Garchomp|spd|1
|move|p1b: Incineroar|Darkest Lariat|p2a: Garchomp
|-damage|p2a: Garchomp|0 fnt
|-damage|p1b: Incineroar|65/100|[from] ability: Rough Skin|[of] p2a: Garchomp
|faint|p2a: Garchomp
|
|upkeep
|
|t:|1783530600
|switch|p2a: Sneasler|Sneasler, L50, F|73/100
|turn|5
|inactive|hami_hiku has 30 seconds left.
|inactive|hami_hiku has 20 seconds left.
|
|t:|1783530636
|move|p2b: Rotom|Protect|p2b: Rotom
|-singleturn|p2b: Rotom|Protect
|move|p2a: Sneasler|Protect|p2a: Sneasler
|-singleturn|p2a: Sneasler|Protect
|move|p1a: Farigiraf|Psychic|p2a: Sneasler
|-activate|p2a: Sneasler|move: Protect
|move|p1b: Incineroar|Flare Blitz|p2b: Rotom
|-activate|p2b: Rotom|move: Protect
|
|-fieldend|move: Trick Room
|upkeep
|turn|6
|inactive|hami_hiku has 30 seconds left.
|inactive|hami_hiku has 20 seconds left.
|inactive|hami_hiku has 15 seconds left.
|inactive|hami_hiku has 10 seconds left.
|inactive|hami_hiku has 5 seconds left.
|
|t:|1783530690
|move|p2a: Sneasler|Close Combat|p1b: Incineroar
|-supereffective|p1b: Incineroar|1
|-damage|p1b: Incineroar|0 fnt
|-unboost|p2a: Sneasler|def|1
|-unboost|p2a: Sneasler|spd|1
|faint|p1b: Incineroar
|move|p2b: Rotom|Leaf Storm|p1a: Farigiraf
|-damage|p1a: Farigiraf|18/100
|-unboost|p2b: Rotom|spa|2
|-enditem|p1a: Farigiraf|Sitrus Berry|[eat]
|-heal|p1a: Farigiraf|43/100|[from] item: Sitrus Berry
|move|p1a: Farigiraf|Trick Room|p1a: Farigiraf
|-fieldstart|move: Trick Room|[of] p1a: Farigiraf
|
|upkeep
|
|t:|1783530710
|switch|p1b: Mawile|Mawile, L50, F|100/100
|turn|7
|
|t:|1783530716
|switch|p2a: Froslass|Froslass, L50, F|100/100
|detailschange|p1b: Mawile|Mawile-Mega, L50, F
|-mega|p1b: Mawile|Mawile|Mawilite
|move|p1a: Farigiraf|Psychic|p2a: Froslass
|-damage|p2a: Froslass|47/100
|move|p1b: Mawile|Play Rough|p2b: Rotom
|-damage|p2b: Rotom|0 fnt
|faint|p2b: Rotom
|
|upkeep
|
|t:|1783530725
|switch|p2b: Sneasler|Sneasler, L50, F|73/100
|turn|8
|
|t:|1783530734
|detailschange|p2a: Froslass|Froslass-Mega, L50, F
|-mega|p2a: Froslass|Froslass|Froslassite
|-weather|Snowscape|[from] ability: Snow Warning|[of] p2a: Froslass
|move|p2b: Sneasler|Protect|p2b: Sneasler
|-singleturn|p2b: Sneasler|Protect
|move|p1a: Farigiraf|Psychic|p2b: Sneasler
|-activate|p2b: Sneasler|move: Protect
|move|p1b: Mawile|Iron Head|p2a: Froslass
|-supereffective|p2a: Froslass|1
|-damage|p2a: Froslass|0 fnt
|faint|p2a: Froslass
|
|-weather|Snowscape|[upkeep]
|upkeep
|turn|9
|-message|tizio20 forfeited.
|
|win|hami_hiku
||tizio20 is ready for game 2.
|inactive|hami_hiku has 30 seconds to confirm battle start!
|inactive|hami_hiku has 20 seconds to confirm battle start!
||hami_hiku is ready for game 2.
|uhtml|next|Next: Game 2 of 3
