|j|☆avalanche766
|j|☆lunekike98
|html|avalanche766lunekike98    
|uhtml|bestof|Game 2 of a best-of-3
|t:|1785117864
|gametype|doubles
|player|p1|avalanche766|petrel|
|player|p2|lunekike98|266|
|gen|9
|tier|[Gen 9 Champions] VGC 2026 Reg M-B (Bo3)
|rule|Species Clause: Limit one of each Pokémon
|rule|Item Clause: Limit 1 of each item
|clearpoke
|poke|p1|Staraptor, L50, M|
|poke|p1|Gholdengo, L50|
|poke|p1|Torkoal, L50, F|
|poke|p1|Corviknight, L50, F, shiny|
|poke|p1|Excadrill, L50, M|
|poke|p1|Mimikyu, L50, F|
|poke|p2|Metagross, L50|
|poke|p2|Whimsicott, L50, F|
|poke|p2|Aerodactyl, L50, F|
|poke|p2|Arcanine, L50, F|
|poke|p2|Greninja, L50, M|
|poke|p2|Raichu, L50, F|
|teampreview|4
|showteam|p1|Staraptor||Staraptite|Intimidate|CloseCombat,BraveBird,Protect,Roost|Jolly||M|||50|]Gholdengo||LifeOrb|GoodasGold|MakeItRain,ShadowBall,DazzlingGleam,Protect|Modest|||||50|]Torkoal||Charcoal|Drought|Eruption,HeatWave,EarthPower,Protect|Quiet||F|||50|]Corviknight||Leftovers|Pressure|Tailwind,Roost,BodyPress,Taunt|Impish||F|||50|]Excadrill||FocusSash|MoldBreaker|Earthquake,IronHead,RockSlide,Protect|Adamant||M|||50|]Mimikyu||MentalHerb|Disguise|TrickRoom,ShadowSneak,PlayRough,WillOWisp|Brave||F|||50|
|showteam|p2|Metagross||Metagrossite|ClearBody|BodyPress,IcePunch,IronHead,Protect|Jolly|||||50|]Whimsicott||FocusSash|Prankster|Moonblast,SunnyDay,Tailwind,Tickle|Timid||F|||50|]Aerodactyl||WideLens|RockHead|RockSlide,Protect,Tailwind,WideGuard|Jolly||F|||50|]Arcanine||SitrusBerry|Intimidate|FlareBlitz,Protect,Snarl,WillOWisp|Adamant||F|||50|]Greninja||LifeOrb|Torrent|DarkPulse,HydroPump,IceBeam,Protect|Timid||M|||50|]Raichu||ShucaBerry|Static|FakeOut,VoltSwitch,Protect,ZapCannon|Timid||F|||50|
|j| EGG_dude
|j| PorygonTheBot
|c| PorygonTheBot|glhf :)
|
|t:|1785117947
|teamsize|p1|4
|teamsize|p2|4
|start
|switch|p1a: Staraptor|Staraptor, L50, M|100/100
|switch|p1b: Gholdengo|Gholdengo, L50|100/100
|switch|p2a: Whimsicott|Whimsicott, L50, F|100/100
|switch|p2b: Raichu|Raichu, L50, F|100/100
|-ability|p1a: Staraptor|Intimidate|boost
|-unboost|p2a: Whimsicott|atk|1
|-unboost|p2b: Raichu|atk|1
|turn|1
|
|t:|1785117973
|detailschange|p1a: Staraptor|Staraptor-Mega, L50, M
|-mega|p1a: Staraptor|Staraptor|Staraptite
|move|p2b: Raichu|Fake Out|p1a: Staraptor
|-damage|p1a: Staraptor|94/100
|move|p2a: Whimsicott|Sunny Day|p2a: Whimsicott
|-weather|SunnyDay
|cant|p1a: Staraptor|flinch
|move|p1b: Gholdengo|Make It Rain|p2b: Raichu|[spread] p2a,p2b
|-supereffective|p2a: Whimsicott|1
|-crit|p2a: Whimsicott
|-resisted|p2b: Raichu|1
|-enditem|p2a: Whimsicott|Focus Sash
|-damage|p2a: Whimsicott|1/100
|-damage|p2b: Raichu|48/100
|-unboost|p1b: Gholdengo|spa|2
|-damage|p1b: Gholdengo|90/100|[from] item: Life Orb
|
|-weather|SunnyDay|[upkeep]
|upkeep
|turn|2
|
|t:|1785117996
|move|p1a: Staraptor|Protect|p1a: Staraptor
|-singleturn|p1a: Staraptor|Protect
|move|p2a: Whimsicott|Tailwind|p2a: Whimsicott
|-sidestart|p2: lunekike98|move: Tailwind
|move|p2b: Raichu|Volt Switch|p1a: Staraptor
|-activate|p1a: Staraptor|move: Protect
|move|p1b: Gholdengo|Dazzling Gleam|p2b: Raichu|[spread] p2a,p2b
|-damage|p2a: Whimsicott|0 fnt
|-damage|p2b: Raichu|23/100
|faint|p2a: Whimsicott
|-damage|p1b: Gholdengo|80/100|[from] item: Life Orb
|
|-weather|SunnyDay|[upkeep]
|upkeep
|
|t:|1785118008
|switch|p2a: Arcanine|Arcanine, L50, F|100/100
|-ability|p2a: Arcanine|Intimidate|boost
|-boost|p1a: Staraptor|atk|1
|-unboost|p1b: Gholdengo|atk|1
|turn|3
|
|t:|1785118024
|move|p2b: Raichu|Volt Switch|p1a: Staraptor
|-supereffective|p1a: Staraptor|1
|-damage|p1a: Staraptor|26/100
|
|t:|1785118029
|switch|p2b: Greninja|Greninja, L50, M|100/100|[from] Volt Switch
|move|p2a: Arcanine|Flare Blitz|p1b: Gholdengo
|-supereffective|p1b: Gholdengo|1
|-damage|p1b: Gholdengo|0 fnt
|faint|p1b: Gholdengo
|-damage|p2a: Arcanine|78/100|[from] Recoil
|move|p1a: Staraptor|Close Combat|p2a: Arcanine
|-damage|p2a: Arcanine|0 fnt
|-boost|p1a: Staraptor|def|1
|-boost|p1a: Staraptor|spd|1
|faint|p2a: Arcanine
|
|-weather|SunnyDay|[upkeep]
|upkeep
|
|t:|1785118048
|switch|p1b: Excadrill|Excadrill, L50, M|100/100
|switch|p2a: Raichu|Raichu, L50, F|23/100
|-ability|p1b: Excadrill|Mold Breaker
|turn|4
|
|t:|1785118064
|move|p1a: Staraptor|Protect|p1a: Staraptor
|-singleturn|p1a: Staraptor|Protect
|move|p2a: Raichu|Fake Out|p1b: Excadrill
|-resisted|p1b: Excadrill|1
|-damage|p1b: Excadrill|94/100
|move|p2b: Greninja|Ice Beam|p1a: Staraptor
|-activate|p1a: Staraptor|move: Protect
|cant|p1b: Excadrill|flinch
|
|-weather|SunnyDay|[upkeep]
|upkeep
|turn|5
|
|t:|1785118100
|move|p2b: Greninja|Hydro Pump|p1b: Excadrill
|-supereffective|p1b: Excadrill|1
|-damage|p1b: Excadrill|14/100
|-damage|p2b: Greninja|90/100|[from] item: Life Orb
|move|p2a: Raichu|Zap Cannon|p1a: Staraptor
|-supereffective|p1a: Staraptor|1
|-damage|p1a: Staraptor|0 fnt
|faint|p1a: Staraptor
|move|p1b: Excadrill|Iron Head|p2a: Raichu
|-resisted|p2a: Raichu|1
|-damage|p2a: Raichu|0 fnt
|faint|p2a: Raichu
|
|-weather|none
|-sideend|p2: lunekike98|move: Tailwind
|upkeep
|
|t:|1785118115
|switch|p1a: Corviknight|Corviknight, L50, F, shiny|100/100
|-ability|p1a: Corviknight|Pressure
|turn|6
|
|t:|1785118144
|move|p2b: Greninja|Protect|p2b: Greninja
|-singleturn|p2b: Greninja|Protect
|move|p1b: Excadrill|Iron Head|p2b: Greninja
|-activate|p2b: Greninja|move: Protect
|move|p1a: Corviknight|Body Press|p2b: Greninja
|-activate|p2b: Greninja|move: Protect
|
|upkeep
|turn|7
|
|t:|1785118166
|move|p1b: Excadrill|Protect|p1b: Excadrill
|-singleturn|p1b: Excadrill|Protect
|move|p2b: Greninja|Ice Beam|p1b: Excadrill
|-activate|p1b: Excadrill|move: Protect
|move|p1a: Corviknight|Body Press|p2b: Greninja
|-supereffective|p2b: Greninja|1
|-damage|p2b: Greninja|15/100
|
|upkeep
|turn|8
|
|t:|1785118180
|move|p2b: Greninja|Ice Beam|p1a: Corviknight
|-damage|p1a: Corviknight|68/100
|-damage|p2b: Greninja|6/100|[from] item: Life Orb
|move|p1b: Excadrill|Iron Head|p2b: Greninja
|-resisted|p2b: Greninja|1
|-damage|p2b: Greninja|0 fnt
|faint|p2b: Greninja
|
|win|avalanche766
