|j|☆palle synchro
|j|☆nontelo
|html|palle synchronontelo    
|uhtml|bestof|Game 2 of a best-of-3
|t:|1785171566
|gametype|doubles
|player|p1|palle synchro|volkner|1452
|player|p2|nontelo|cress|1437
|gen|9
|tier|[Gen 9 Champions] VGC 2026 Reg M-B (Bo3)
|rated|
|rule|Species Clause: Limit one of each Pokémon
|rule|Item Clause: Limit 1 of each item
|clearpoke
|poke|p1|Charizard, L50, F|
|poke|p1|Glimmora, L50, M|
|poke|p1|Whimsicott, L50, F|
|poke|p1|Ninetales-Alola, L50, F|
|poke|p1|Kingambit, L50, F|
|poke|p1|Kommo-o, L50, F|
|poke|p2|Raichu, L50, M|
|poke|p2|Whimsicott, L50, F|
|poke|p2|Clawitzer, L50, F|
|poke|p2|Ninetales-Alola, L50, M|
|poke|p2|Arcanine-Hisui, L50, M|
|poke|p2|Gholdengo, L50|
|teampreview|4
|showteam|p1|Charizard||CharizarditeY|Blaze|HeatWave,WeatherBall,SolarBeam,Protect|Modest||F|||50|]Glimmora||Glimmoranite|ToxicDebris|SludgeBomb,PowerGem,EarthPower,SpikyShield|Modest||M|||50|]Whimsicott||FocusSash|Prankster|Moonblast,Tailwind,Encore,Protect|Timid||F|||50|]Ninetales-Alola||NeverMeltIce|SnowWarning|Blizzard,FreezeDry,Disable,Protect|Timid||F|||50|]Kingambit||BlackGlasses|Defiant|KowtowCleave,SuckerPunch,IronHead,Protect|Adamant||F|||50|]Kommo-o||LifeOrb|Overcoat|ClangingScales,AuraSphere,VacuumWave,Protect|Modest||F|||50|
|showteam|p2|Raichu||RaichuniteY|Static|ZapCannon,FocusBlast,FakeOut,Protect|Timid||M|||50|]Whimsicott||FocusSash|Prankster|Moonblast,Tailwind,Encore,Protect|Timid||F|||50|]Clawitzer||ExpertBelt|MegaLauncher|WaterPulse,DarkPulse,DragonPulse,AuraSphere|Modest||F|||50|]Ninetales-Alola||NeverMeltIce|SnowWarning|Blizzard,FreezeDry,IcyWind,Protect|Timid||M|||50|]Arcanine-Hisui||LifeOrb|Intimidate|FlareBlitz,RockSlide,ExtremeSpeed,Protect|Adamant||M|||50|]Gholdengo||Leftovers|GoodasGold|MakeItRain,ShadowBall,NastyPlot,Protect|Modest|||||50|
|inactive|Battle timer is ON: inactive players will automatically lose when time's up. (requested by nontelo)
|inactive|palle synchro also wants the timer to be on.
|
|t:|1785171590
|teamsize|p1|4
|teamsize|p2|4
|start
|switch|p1a: Glimmora|Glimmora, L50, M|100/100
|switch|p1b: Whimsicott|Whimsicott, L50, F|100/100
|switch|p2a: Raichu|Raichu, L50, M|100/100
|switch|p2b: Whimsicott|Whimsicott, L50, F|100/100
|turn|1
|
|t:|1785171610
|detailschange|p2a: Raichu|Raichu-Mega-Y, L50, M
|-mega|p2a: Raichu|Raichu|Raichunite Y
|detailschange|p1a: Glimmora|Glimmora-Mega, L50, M
|-mega|p1a: Glimmora|Glimmora|Glimmoranite
|move|p1b: Whimsicott|Tailwind|p1b: Whimsicott
|-sidestart|p1: palle synchro|move: Tailwind
|move|p1a: Glimmora|Earth Power|p2a: Raichu
|-supereffective|p2a: Raichu|1
|-damage|p2a: Raichu|1/100
|move|p2a: Raichu|Zap Cannon|p1b: Whimsicott
|-resisted|p1b: Whimsicott|1
|-damage|p1b: Whimsicott|45/100
|-status|p1b: Whimsicott|par
|move|p2b: Whimsicott|Moonblast|p1b: Whimsicott
|-damage|p1b: Whimsicott|0 fnt
|faint|p1b: Whimsicott
|
|upkeep
|
|t:|1785171621
|switch|p1b: Kommo-o|Kommo-o, L50, F|100/100
|turn|2
|
|t:|1785171633
|move|p1b: Kommo-o|Vacuum Wave|p2a: Raichu
|-damage|p2a: Raichu|0 fnt
|faint|p2a: Raichu
|-damage|p1b: Kommo-o|90/100|[from] item: Life Orb
|move|p2b: Whimsicott|Tailwind|p2b: Whimsicott
|-sidestart|p2: nontelo|move: Tailwind
|move|p1a: Glimmora|Sludge Bomb|p2b: Whimsicott
|-supereffective|p2b: Whimsicott|2
|-enditem|p2b: Whimsicott|Focus Sash
|-damage|p2b: Whimsicott|1/100
|
|upkeep
|
|t:|1785171640
|switch|p2a: Clawitzer|Clawitzer, L50, F|100/100
|turn|3
|
|t:|1785171662
|move|p2b: Whimsicott|Protect|p2b: Whimsicott
|-singleturn|p2b: Whimsicott|Protect
|move|p1b: Kommo-o|Vacuum Wave|p2b: Whimsicott
|-activate|p2b: Whimsicott|move: Protect
|move|p1a: Glimmora|Sludge Bomb|p2a: Clawitzer
|-damage|p2a: Clawitzer|3/100
|-status|p2a: Clawitzer|psn
|move|p2a: Clawitzer|Water Pulse|p1a: Glimmora
|-supereffective|p1a: Glimmora|1
|-damage|p1a: Glimmora|0 fnt
|faint|p1a: Glimmora
|
|-damage|p2a: Clawitzer|0 fnt|[from] psn
|faint|p2a: Clawitzer
|upkeep
|
|t:|1785171675
|switch|p1a: Kingambit|Kingambit, L50, F|100/100
|switch|p2a: Arcanine|Arcanine-Hisui, L50, M|100/100
|-ability|p2a: Arcanine|Intimidate|boost
|-unboost|p1a: Kingambit|atk|1
|-ability|p1a: Kingambit|Defiant|boost
|-boost|p1a: Kingambit|atk|2
|-unboost|p1b: Kommo-o|atk|1
|turn|4
|
|t:|1785171687
|move|p2b: Whimsicott|Protect|p2b: Whimsicott
|-singleturn|p2b: Whimsicott|Protect
|move|p1b: Kommo-o|Vacuum Wave|p2b: Whimsicott
|-activate|p2b: Whimsicott|move: Protect
|move|p1a: Kingambit|Sucker Punch|p2a: Arcanine
|-damage|p2a: Arcanine|12/100
|move|p2a: Arcanine|Flare Blitz|p1a: Kingambit
|-supereffective|p1a: Kingambit|1
|-damage|p1a: Kingambit|0 fnt
|faint|p1a: Kingambit
|-damage|p2a: Arcanine|0 fnt|[from] Recoil
|faint|p2a: Arcanine
|
|-sideend|p1: palle synchro|move: Tailwind
|upkeep
|turn|5
|-message|nontelo forfeited.
|
|win|palle synchro
