|j|☆pressinblades
|j|☆denaby
|html|pressinbladesdenaby    
|uhtml|bestof|Game 1 of a best-of-3
|t:|1782401654
|gametype|doubles
|player|p1|pressinblades|steven|1112
|player|p2|denaby|102|1107
|gen|9
|tier|[Gen 9 Champions] VGC 2026 Reg M-B (Bo3)
|rated|
|rule|Species Clause: Limit one of each Pokémon
|rule|Item Clause: Limit 1 of each item
|clearpoke
|poke|p1|Talonflame, L50, F|
|poke|p1|Garchomp, L50, F, shiny|
|poke|p1|Maushold, L50|
|poke|p1|Gardevoir, L50, M, shiny|
|poke|p1|Metagross, L50|
|poke|p1|Torkoal, L50, M|
|poke|p2|Venusaur, L50, F|
|poke|p2|Maushold, L50|
|poke|p2|Pelipper, L50, F|
|poke|p2|Swampert, L50, M|
|poke|p2|Archaludon, L50, M|
|poke|p2|Basculegion, L50, M|
|teampreview|4
|showteam|p1|Talonflame||LifeOrb|GaleWings|Protect,DualWingbeat,Tailwind,Overheat|Naive||F|||50|]Garchomp||ExpertBelt|RoughSkin|Protect,RockSlide,Earthquake,DragonClaw|Adamant||F|||50|]Maushold||FocusSash|FriendGuard|Protect,SuperFang,PopulationBomb,FollowMe|Adamant|||||50|]Gardevoir||Gardevoirite|Telepathy|Protect,TrickRoom,HyperVoice,Psychic|Modest||M|||50|]Metagross||Metagrossite|ClearBody|Protect,MeteorMash,PsychicFangs,BulletPunch|Adamant|||||50|]Torkoal||Charcoal|Drought|Protect,Overheat,HeatWave,EarthPower|Quiet||M|||50|
|showteam|p2|Venusaur||Venusaurite|Overgrow|EnergyBall,EarthPower,LeechSeed,Protect|Modest||F|||50|]Maushold||ChopleBerry|FriendGuard|SuperFang,FollowMe,BeatUp,Protect|Jolly|||||50|]Pelipper||FocusSash|Drizzle|WeatherBall,Hurricane,Tailwind,WideGuard|Modest||F|||50|]Swampert||Swampertite|Torrent|WaveCrash,HighHorsepower,RockTomb,Protect|Adamant||M|||50|]Archaludon||Leftovers|Stamina|FlashCannon,DragonPulse,ElectroShot,Protect|Modest||M|||50|]Basculegion||ChoiceScarf|Adaptability|AquaJet,WaveCrash,FlipTurn,LastRespects|Jolly||M|||50|
|inactive|Battle timer is ON: inactive players will automatically lose when time's up. (requested by denaby)
|
|t:|1782401732
|teamsize|p1|4
|teamsize|p2|4
|start
|switch|p1a: Maushold|Maushold, L50|100/100
|switch|p1b: Gardevoir|Gardevoir, L50, M, shiny|100/100
|switch|p2a: Archaludon|Archaludon, L50, M|100/100
|switch|p2b: Maushold|Maushold, L50|100/100
|turn|1
|
|t:|1782401751
|detailschange|p1b: Gardevoir|Gardevoir-Mega, L50, M, shiny
|-mega|p1b: Gardevoir|Gardevoir|Gardevoirite
|move|p2b: Maushold|Super Fang|p1a: Maushold
|-damage|p1a: Maushold|50/100g
|move|p1a: Maushold|Super Fang|p2a: Archaludon
|-damage|p2a: Archaludon|50/100g
|-ability|p2a: Archaludon|Stamina|boost
|-boost|p2a: Archaludon|def|1
|move|p1b: Gardevoir|Hyper Voice|p2a: Archaludon|[spread] p2a,p2b
|-damage|p2a: Archaludon|6/100
|-damage|p2b: Maushold|35/100
|-ability|p2a: Archaludon|Stamina|boost
|-boost|p2a: Archaludon|def|1
|move|p2a: Archaludon|Dragon Pulse|p1a: Maushold
|-damage|p1a: Maushold|0 fnt
|faint|p1a: Maushold
|
|-heal|p2a: Archaludon|12/100|[from] item: Leftovers
|upkeep
|
|t:|1782401767
|switch|p1a: Talonflame|Talonflame, L50, F|100/100
|turn|2
|
|t:|1782401773
|move|p2b: Maushold|Protect|p2b: Maushold
|-singleturn|p2b: Maushold|Protect
|move|p1a: Talonflame|Tailwind|p1a: Talonflame
|-sidestart|p1: pressinblades|move: Tailwind
|move|p1b: Gardevoir|Hyper Voice|p2b: Maushold|[spread] p2a
|-activate|p2b: Maushold|move: Protect
|-damage|p2a: Archaludon|0 fnt
|faint|p2a: Archaludon
|
|upkeep
|
|t:|1782401795
|switch|p2a: Basculegion|Basculegion, L50, M|100/100
|turn|3
|inactive|pressinblades has 30 seconds left.
|inactive|denaby has 30 seconds left.
|inactive|pressinblades has 20 seconds left.
|inactive|pressinblades has 15 seconds left.
|inactive|pressinblades has 10 seconds left.
|
|t:|1782401843
|move|p2b: Maushold|Follow Me|p2b: Maushold
|-singleturn|p2b: Maushold|move: Follow Me
|move|p1a: Talonflame|Dual Wingbeat|p2b: Maushold
|-damage|p2b: Maushold|11/100
|-damage|p2b: Maushold|0 fnt
|faint|p2b: Maushold
|-hitcount|p2: Maushold|2
|-damage|p1a: Talonflame|90/100|[from] item: Life Orb
|move|p1b: Gardevoir|Hyper Voice|p2a: Basculegion
|-damage|p2a: Basculegion|22/100
|move|p2a: Basculegion|Last Respects|p1b: Gardevoir
|-supereffective|p1b: Gardevoir|1
|-damage|p1b: Gardevoir|0 fnt
|faint|p1b: Gardevoir
|
|upkeep
|
|t:|1782401857
|switch|p2b: Pelipper|Pelipper, L50, F|100/100
|switch|p1b: Torkoal|Torkoal, L50, M|100/100
|-weather|RainDance|[from] ability: Drizzle|[of] p2b: Pelipper
|-weather|SunnyDay|[from] ability: Drought|[of] p1b: Torkoal
|turn|4
|
|t:|1782401880
|move|p2b: Pelipper|Wide Guard|p2b: Pelipper
|-singleturn|p2b: Pelipper|Wide Guard
|move|p1a: Talonflame|Dual Wingbeat|p2a: Basculegion
|-damage|p2a: Basculegion|1/100
|-damage|p2a: Basculegion|0 fnt
|faint|p2a: Basculegion
|-hitcount|p2: Basculegion|2
|-damage|p1a: Talonflame|80/100|[from] item: Life Orb
|move|p1b: Torkoal|Heat Wave|p2b: Pelipper
|-activate|p2b: Pelipper|move: Wide Guard
|
|-weather|SunnyDay|[upkeep]
|upkeep
|turn|5
|
|t:|1782401896
|move|p1a: Talonflame|Overheat|p2b: Pelipper
|-resisted|p2b: Pelipper|1
|-damage|p2b: Pelipper|33/100
|-unboost|p1a: Talonflame|spa|2
|-damage|p1a: Talonflame|70/100|[from] item: Life Orb
|move|p2b: Pelipper|Hurricane|p1a: Talonflame
|-damage|p1a: Talonflame|0 fnt
|faint|p1a: Talonflame
|move|p1b: Torkoal|Overheat|p2b: Pelipper
|-resisted|p2b: Pelipper|1
|-damage|p2b: Pelipper|0 fnt
|-unboost|p1b: Torkoal|spa|2
|faint|p2b: Pelipper
|
|win|pressinblades
