|j|☆gundnub
|j|☆mikewww
|html|gundnubmikewww    
|uhtml|bestof|Game 2 of a best-of-3
|t:|1783381376
|gametype|doubles
|player|p1|gundnub|pokemonranger-gen4|
|player|p2|mikewww|swimmer-gen4dp|
|gen|9
|tier|[Gen 9 Champions] VGC 2026 Reg M-B (Bo3)
|rule|Species Clause: Limit one of each Pokémon
|rule|Item Clause: Limit 1 of each item
|clearpoke
|poke|p1|Pidgeot, L50, M|
|poke|p1|Krookodile, L50, F|
|poke|p1|Floette-Eternal, L50, F|
|poke|p1|Toxicroak, L50, F|
|poke|p1|Chandelure, L50, M|
|poke|p1|Vaporeon, L50, M|
|poke|p2|Pidgeot, L50, F|
|poke|p2|Krookodile, L50, M|
|poke|p2|Gardevoir, L50, M|
|poke|p2|Feraligatr, L50, F|
|poke|p2|Cofagrigus, L50, M|
|poke|p2|Ariados, L50, M|
|teampreview|4
|showteam|p1|Pidgeot||Pidgeotite|BigPecks|Protect,Hurricane,HeatWave,Tailwind|Timid||M|||50|]Krookodile||RoseliBerry|Intimidate|Protect,HighHorsepower,LashOut,Earthquake|Adamant||F|||50|]Floette-Eternal||FairyFeather|FlowerVeil|Protect,Moonblast,DazzlingGleam,LightofRuin|Modest||F|||50|]Toxicroak||FocusSash|DrySkin|Protect,PoisonJab,CloseCombat,FakeOut|Jolly||F|||50|]Chandelure||Chandelurite|FlashFire|HeatWave,ShadowBall,EnergyBall,TrickRoom|Modest||M|||50|]Vaporeon||Leftovers|WaterAbsorb|Protect,MuddyWater,AlluringVoice,CalmMind|Modest||M|||50|
|showteam|p2|Pidgeot||Pidgeotite|BigPecks|Protect,HeatWave,Hurricane,Tailwind|Timid||F|||50|]Krookodile||LifeOrb|Intimidate|Protect,Earthquake,KnockOff,HighHorsepower|Jolly||M|||50|]Gardevoir||ExpertBelt|Telepathy|Protect,DazzlingGleam,Moonblast,Psychic|Modest||M|||50|]Feraligatr||Feraligite|SheerForce|Protect,DoubleEdge,Liquidation,AquaJet|Adamant||F|||50|]Cofagrigus||KasibBerry|Mummy|Protect,ShadowBall,Imprison,TrickRoom|Relaxed||M|||50|]Ariados||FocusSash|Swarm|Protect,PoisonJab,StruggleBug,RagePowder|Adamant||M|||50|
|inactive|Battle timer is ON: inactive players will automatically lose when time's up. (requested by gundnub)
|inactive|mikewww also wants the timer to be on.
|inactive|mikewww has 60 seconds left.
|
|t:|1783381417
|teamsize|p1|4
|teamsize|p2|4
|start
|switch|p1a: Toxicroak|Toxicroak, L50, F|100/100
|switch|p1b: Vaporeon|Vaporeon, L50, M|100/100
|switch|p2a: Feraligatr|Feraligatr, L50, F|100/100
|switch|p2b: Ariados|Ariados, L50, M|100/100
|turn|1
|inactive|gundnub has 30 seconds left.
|inactive|gundnub has 20 seconds left.
|
|t:|1783381455
|detailschange|p2a: Feraligatr|Feraligatr-Mega, L50, F
|-mega|p2a: Feraligatr|Feraligatr|Feraligite
|move|p1b: Vaporeon|Protect|p1b: Vaporeon
|-singleturn|p1b: Vaporeon|Protect
|move|p1a: Toxicroak|Close Combat|p2a: Feraligatr
|-damage|p2a: Feraligatr|55/100
|-unboost|p1a: Toxicroak|def|1
|-unboost|p1a: Toxicroak|spd|1
|move|p2a: Feraligatr|Double-Edge|p1b: Vaporeon
|-activate|p1b: Vaporeon|move: Protect
|move|p2b: Ariados|Struggle Bug|p1a: Toxicroak|[spread] p1a
|-activate|p1b: Vaporeon|move: Protect
|-resisted|p1a: Toxicroak|2
|-damage|p1a: Toxicroak|95/100
|-unboost|p1a: Toxicroak|spa|1
|
|upkeep
|turn|2
|inactive|gundnub has 30 seconds left.
|inactive|mikewww has 30 seconds left.
|
|t:|1783381485
|switch|p1b: Floette|Floette-Eternal, L50, F|100/100
|move|p1a: Toxicroak|Poison Jab|p2a: Feraligatr
|-damage|p2a: Feraligatr|22/100
|move|p2a: Feraligatr|Double-Edge|p1b: Floette
|-immune|p1b: Floette
|move|p2b: Ariados|Poison Jab|p1b: Floette
|-supereffective|p1b: Floette|1
|-damage|p1b: Floette|0 fnt
|faint|p1b: Floette
|
|upkeep
|
|t:|1783381499
|switch|p1b: Pidgeot|Pidgeot, L50, M|100/100
|turn|3
|
|t:|1783381513
|detailschange|p1b: Pidgeot|Pidgeot-Mega, L50, M
|-mega|p1b: Pidgeot|Pidgeot|Pidgeotite
|move|p2b: Ariados|Protect|p2b: Ariados
|-singleturn|p2b: Ariados|Protect
|move|p2a: Feraligatr|Aqua Jet|p1b: Pidgeot
|-damage|p1b: Pidgeot|71/100
|move|p1b: Pidgeot|Tailwind|p1b: Pidgeot
|-sidestart|p1: gundnub|move: Tailwind
|move|p1a: Toxicroak|Close Combat|p2a: Feraligatr
|-damage|p2a: Feraligatr|0 fnt
|-unboost|p1a: Toxicroak|def|1
|-unboost|p1a: Toxicroak|spd|1
|faint|p2a: Feraligatr
|
|upkeep
|
|t:|1783381531
|switch|p2a: Gardevoir|Gardevoir, L50, M|100/100
|turn|4
|
|t:|1783381543
|switch|p1a: Vaporeon|Vaporeon, L50, M|100/100
|move|p2b: Ariados|Rage Powder|p2b: Ariados
|-singleturn|p2b: Ariados|move: Rage Powder
|move|p1b: Pidgeot|Hurricane|p2b: Ariados
|-supereffective|p2b: Ariados|1
|-enditem|p2b: Ariados|Focus Sash
|-damage|p2b: Ariados|1/100
|move|p2a: Gardevoir|Moonblast|p1b: Pidgeot
|-damage|p1b: Pidgeot|17/100
|
|upkeep
|turn|5
|
|t:|1783381564
|move|p2b: Ariados|Protect|p2b: Ariados
|-singleturn|p2b: Ariados|Protect
|move|p1b: Pidgeot|Heat Wave|p2b: Ariados|[spread] p2a
|-activate|p2b: Ariados|move: Protect
|-damage|p2a: Gardevoir|80/100
|move|p1a: Vaporeon|Calm Mind|p1a: Vaporeon
|-boost|p1a: Vaporeon|spa|1
|-boost|p1a: Vaporeon|spd|1
|move|p2a: Gardevoir|Moonblast|p1a: Vaporeon
|-damage|p1a: Vaporeon|71/100
|
|-heal|p1a: Vaporeon|77/100|[from] item: Leftovers
|upkeep
|turn|6
|
|t:|1783381583
|switch|p2b: Krookodile|Krookodile, L50, M|100/100
|-ability|p2b: Krookodile|Intimidate|boost
|-unboost|p1a: Vaporeon|atk|1
|-unboost|p1b: Pidgeot|atk|1
|move|p1b: Pidgeot|Hurricane|p2a: Gardevoir
|-damage|p2a: Gardevoir|35/100
|move|p1a: Vaporeon|Muddy Water|p2a: Gardevoir|[spread] p2a,p2b
|-supereffective|p2b: Krookodile|1
|-damage|p2a: Gardevoir|0 fnt
|-damage|p2b: Krookodile|0 fnt
|faint|p2a: Gardevoir
|faint|p2b: Krookodile
|
|-heal|p1a: Vaporeon|84/100|[from] item: Leftovers
|-sideend|p1: gundnub|move: Tailwind
|upkeep
|
|t:|1783381596
|switch|p2a: Ariados|Ariados, L50, M|1/100
|turn|7
|c|☆mikewww|ah well
|-message|mikewww forfeited.
|
|win|gundnub
