|j|☆waffle991vgc
|j|☆3rdPlaceTennis
|html|waffle991vgc3rdPlaceTennis    
|uhtml|bestof|Game 2 of a best-of-3
|t:|1756609610
|gametype|doubles
|player|p1|waffle991vgc|hilda|1002
|player|p2|3rdPlaceTennis|bugcatcher-gen4dp|1090
|gen|9
|tier|[Gen 9] VGC 2025 Reg H (Bo3)
|rated|
|rule|Species Clause: Limit one of each Pokémon
|rule|Item Clause: Limit 1 of each item
|clearpoke
|poke|p1|Sylveon, L50, F|
|poke|p1|Porygon2, L50|
|poke|p1|Ursaluna, L50, F|
|poke|p1|Gallade, L50, M|
|poke|p1|Farigiraf, L50, M|
|poke|p1|Incineroar, L50, F|
|poke|p2|Kommo-o, L50, F|
|poke|p2|Gothitelle, L50, M|
|poke|p2|Ninetales-Alola, L50, M|
|poke|p2|Incineroar, L50, M|
|poke|p2|Ursaluna, L50, M|
|poke|p2|Archaludon, L50, M|
|teampreview|4
|showteam|p1|Sylveon||ChoiceSpecs|Pixilate|HyperVoice,HyperBeam,ShadowBall,Psychic|||F|||50|,,,,,Fairy]Porygon2||Eviolite|Download|TrickRoom,TeraBlast,IceBeam,Protect||||||50|,,,,,Ghost]Ursaluna||FlameOrb|Guts|HeadlongRush,Facade,Protect,CloseCombat|||F|||50|,,,,,Normal]Gallade||ClearAmulet|Sharpness|SacredSword,WideGuard,TrickRoom,Protect|||M|||50|,,,,,Steel]Farigiraf||SafetyGoggles|ArmorTail|TrickRoom,DazzlingGleam,HyperVoice,Protect|||M|||50|,,,,,Fairy]Incineroar||SitrusBerry|Intimidate|FakeOut,KnockOff,PartingShot,FlareBlitz|||F|||50|,,,,,Ghost
|showteam|p2|Kommo-o||ThroatSpray|Soundproof|ClangingScales,Flamethrower,ClangorousSoul,Protect|||F|||50|,,,,,Fire]Gothitelle||Leftovers|ShadowTag|Protect,Psychic,TrickRoom,FakeOut|||M|||50|,,,,,Water]Ninetales-Alola||FocusSash|SnowWarning|Protect,Encore,Blizzard,IcyWind|||M|||50|,,,,,Ghost]Incineroar||SafetyGoggles|Intimidate|KnockOff,Taunt,FakeOut,PartingShot|||M|||50|,,,,,Ghost]Ursaluna||FlameOrb|Guts|Facade,HeadlongRush,Earthquake,Protect|||M|||50|,,,,,Fairy]Archaludon||PowerHerb|Sturdy|DracoMeteor,ElectroShot,Thunderbolt,Protect|||M|||50|,,,,,Electric
|
|t:|1756609634
|teamsize|p1|4
|teamsize|p2|4
|start
|switch|p1a: Gallade|Gallade, L50, M, shiny|100/100
|switch|p1b: Porygon2|Porygon2, L50, shiny|100/100
|switch|p2a: Gothitelle|Gothitelle, L50, M|100/100
|switch|p2b: Incineroar|Incineroar, L50, M|100/100
|-ability|p2b: Incineroar|Intimidate|boost
|-fail|p1a: Gallade|unboost|[from] item: Clear Amulet|[of] p1a: Gallade
|-unboost|p1b: Porygon2|atk|1
|-ability|p1b: Porygon2|Download|boost
|-boost|p1b: Porygon2|atk|1
|turn|1
|inactive|Battle timer is ON: inactive players will automatically lose when time's up. (requested by waffle991vgc)
|
|t:|1756609644
|move|p1a: Gallade|Protect|p1a: Gallade
|-singleturn|p1a: Gallade|Protect
|move|p1b: Porygon2|Protect|p1b: Porygon2
|-singleturn|p1b: Porygon2|Protect
|move|p2a: Gothitelle|Fake Out|p1a: Gallade
|-activate|p1a: Gallade|move: Protect
|move|p2b: Incineroar|Taunt|p1b: Porygon2
|-activate|p1b: Porygon2|move: Protect
|
|upkeep
|turn|2
|
|t:|1756609656
|-terastallize|p2b: Incineroar|Ghost
|move|p2a: Gothitelle|Psychic|p1b: Porygon2
|-damage|p1b: Porygon2|83/100
|move|p2b: Incineroar|Taunt|p1a: Gallade
|-start|p1a: Gallade|move: Taunt
|move|p1b: Porygon2|Tera Blast|p2a: Gothitelle
|-damage|p2a: Gothitelle|72/100
|cant|p1a: Gallade|move: Taunt|Trick Room
|
|-heal|p2a: Gothitelle|78/100|[from] item: Leftovers
|upkeep
|turn|3
|
|t:|1756609672
|move|p2a: Gothitelle|Psychic|p1b: Porygon2
|-damage|p1b: Porygon2|65/100
|move|p2b: Incineroar|Taunt|p1b: Porygon2
|-start|p1b: Porygon2|move: Taunt
|move|p1a: Gallade|Sacred Sword|p2a: Gothitelle
|-resisted|p2a: Gothitelle
|-damage|p2a: Gothitelle|44/100
|move|p1b: Porygon2|Ice Beam|p2b: Incineroar
|-damage|p2b: Incineroar|75/100
|-status|p2b: Incineroar|frz
|
|-heal|p2a: Gothitelle|50/100|[from] item: Leftovers
|upkeep
|turn|4
|
|t:|1756609690
|switch|p2b: Ursaluna|Ursaluna, L50, M|100/100
|-terastallize|p1b: Porygon2|Ghost
|move|p2a: Gothitelle|Psychic|p1b: Porygon2
|-damage|p1b: Porygon2|48/100
|move|p1a: Gallade|Sacred Sword|p2a: Gothitelle
|-resisted|p2a: Gothitelle
|-damage|p2a: Gothitelle|16/100
|move|p1b: Porygon2|Tera Blast|p2b: Ursaluna|[anim] Tera Blast Ghost
|-immune|p2b: Ursaluna
|
|-heal|p2a: Gothitelle|22/100|[from] item: Leftovers
|-end|p1a: Gallade|move: Taunt
|-status|p2b: Ursaluna|brn|[from] item: Flame Orb
|upkeep
|turn|5
|
|t:|1756609699
|move|p2b: Ursaluna|Facade|p1a: Gallade
|-damage|p1a: Gallade|0 fnt
|faint|p1a: Gallade
|move|p2a: Gothitelle|Psychic|p1b: Porygon2
|-damage|p1b: Porygon2|31/100
|move|p1b: Porygon2|Ice Beam|p2b: Ursaluna
|-supereffective|p2b: Ursaluna
|-damage|p2b: Ursaluna|43/100 brn
|
|-heal|p2a: Gothitelle|28/100|[from] item: Leftovers
|-damage|p2b: Ursaluna|37/100 brn|[from] brn
|-end|p1b: Porygon2|move: Taunt
|upkeep
|
|t:|1756609707
|switch|p1a: Farigiraf|Farigiraf, L50, M|100/100
|turn|6
|
|t:|1756609714
|move|p1b: Porygon2|Protect|p1b: Porygon2
|-singleturn|p1b: Porygon2|Protect
|move|p2b: Ursaluna|Facade|p1a: Farigiraf
|-damage|p1a: Farigiraf|0 fnt
|faint|p1a: Farigiraf
|move|p2a: Gothitelle|Psychic|p1b: Porygon2
|-activate|p1b: Porygon2|move: Protect
|
|-heal|p2a: Gothitelle|35/100|[from] item: Leftovers
|-damage|p2b: Ursaluna|31/100 brn|[from] brn
|upkeep
|
|t:|1756609718
|switch|p1a: Ursaluna|Ursaluna, L50, F|100/100
|turn|7
|
|t:|1756609723
|move|p2a: Gothitelle|Protect|p2a: Gothitelle
|-singleturn|p2a: Gothitelle|Protect
|move|p1a: Ursaluna|Protect|p1a: Ursaluna
|-singleturn|p1a: Ursaluna|Protect
|move|p2b: Ursaluna|Earthquake|p1a: Ursaluna|[spread] p1b
|-activate|p2a: Gothitelle|move: Protect
|-activate|p1a: Ursaluna|move: Protect
|-damage|p1b: Porygon2|0 fnt
|faint|p1b: Porygon2
|
|-heal|p2a: Gothitelle|41/100|[from] item: Leftovers
|-damage|p2b: Ursaluna|25/100 brn|[from] brn
|-status|p1a: Ursaluna|brn|[from] item: Flame Orb
|upkeep
|turn|8
|
|t:|1756609735
|move|p2b: Ursaluna|Facade|p1a: Ursaluna
|-damage|p1a: Ursaluna|1/100 brn
|move|p2a: Gothitelle|Psychic|p1a: Ursaluna
|-crit|p1a: Ursaluna
|-damage|p1a: Ursaluna|0 fnt
|faint|p1a: Ursaluna
|
|win|3rdPlaceTennis
|raw|waffle991vgc's rating: 1002 → 1000(-2 for losing)
|raw|3rdPlaceTennis's rating: 1090 → 1110(+20 for winning)
