|j|☆five_loko_gold
|j|☆moth.o
|html|five_loko_goldmoth.o    
|uhtml|bestof|Game 3 of a best-of-3
|t:|1756336784
|gametype|doubles
|player|p1|five_loko_gold|102|1046
|player|p2|moth.o|roxie|1058
|gen|9
|tier|[Gen 9] VGC 2025 Reg H (Bo3)
|rated|
|rule|Species Clause: Limit one of each Pokémon
|rule|Item Clause: Limit 1 of each item
|clearpoke
|poke|p1|Rillaboom, L50, F|
|poke|p1|Sneasler, L50, M|
|poke|p1|Dragonite, L50, F|
|poke|p1|Kingambit, L50, F|
|poke|p1|Electabuzz, L50, M|
|poke|p1|Volcarona, L50, M|
|poke|p2|Arcanine-Hisui, L50, M|
|poke|p2|Indeedee-F, L50, F|
|poke|p2|Gallade, L50, M|
|poke|p2|Gholdengo, L50|
|poke|p2|Whimsicott, L50, M|
|poke|p2|Hydreigon, L50, M|
|teampreview|4
|showteam|p1|Rillaboom||AssaultVest|GrassySurge|WoodHammer,GrassyGlide,HighHorsepower,FakeOut|||F|||50|,,,,,Fire]Sneasler||FocusSash|Unburden|CloseCombat,DireClaw,Coaching,Protect|||M|||50|,,,,,Stellar]Dragonite||LoadedDice|Multiscale|ScaleShot,Haze,ExtremeSpeed,Protect|||F|||50|,,,,,Fairy]Kingambit||BlackGlasses|Defiant|Protect,KowtowCleave,SuckerPunch,SwordsDance|||F|||50|,,,,,Dark]Electabuzz||Eviolite|VitalSpirit|Taunt,FollowMe,Thunderbolt,Protect|||M|||50|,,,,,Ghost]Volcarona||Leftovers|FlameBody|Protect,HeatWave,TeraBlast,QuiverDance|||M|||50|,,,,,Fairy
|showteam|p2|Arcanine-Hisui||SafetyGoggles|Intimidate|Protect,RockSlide,FlareBlitz,ExtremeSpeed|||M|||50|,,,,,Fairy]Indeedee-F||SitrusBerry|PsychicSurge|TrickRoom,FollowMe,Psychic,HelpingHand|||F|||50|,,,,,Fairy]Gallade||LifeOrb|Sharpness|Protect,ThroatChop,SacredSword,PsychoCut|||M|||50|,,,,,Grass]Gholdengo||ChoiceSpecs|GoodasGold|MakeItRain,ShadowBall,PowerGem,Thunderbolt||||||50|,,,,,Steel]Whimsicott||CovertCloak|Prankster|Uturn,Moonblast,Encore,Tailwind|||M|||50|,,,,,Dark]Hydreigon||AssaultVest|Levitate|Uturn,Snarl,DarkPulse,DracoMeteor|||M|||50|,,,,,Ghost
|
|t:|1756336813
|teamsize|p1|4
|teamsize|p2|4
|start
|switch|p1a: Kingambit|Kingambit, L50, F|100/100
|switch|p1b: Electabuzz|Electabuzz, L50, M|100/100
|switch|p2a: Galantería|Gallade, L50, M, shiny|100/100
|switch|p2b: Servicial|Indeedee-F, L50, F|100/100
|-fieldstart|move: Psychic Terrain|[from] ability: Psychic Surge|[of] p2b: Servicial
|turn|1
|
|t:|1756336834
|-terastallize|p2b: Servicial|Fairy
|-terastallize|p1a: Kingambit|Dark
|move|p1b: Electabuzz|Follow Me|p1b: Electabuzz
|-singleturn|p1b: Electabuzz|move: Follow Me
|move|p2b: Servicial|Follow Me|p2b: Servicial
|-singleturn|p2b: Servicial|move: Follow Me
|move|p2a: Galantería|Sacred Sword|p1b: Electabuzz
|-damage|p1b: Electabuzz|31/100
|-damage|p2a: Galantería|91/100|[from] item: Life Orb
|move|p1a: Kingambit|Kowtow Cleave|p2b: Servicial
|-resisted|p2b: Servicial
|-damage|p2b: Servicial|62/100
|
|upkeep
|turn|2
|
|t:|1756336857
|switch|p2b: Meigallo|Whimsicott, L50, M, shiny|100/100
|move|p1b: Electabuzz|Follow Me|p1b: Electabuzz
|-singleturn|p1b: Electabuzz|move: Follow Me
|move|p2a: Galantería|Psycho Cut|p1b: Electabuzz
|-damage|p1b: Electabuzz|0 fnt
|faint|p1b: Electabuzz
|-damage|p2a: Galantería|81/100|[from] item: Life Orb
|move|p1a: Kingambit|Swords Dance|p1a: Kingambit
|-boost|p1a: Kingambit|atk|2
|
|upkeep
|
|t:|1756336871
|switch|p1b: Sneasler|Sneasler, L50, M|100/100
|turn|3
|
|t:|1756336885
|switch|p1b: Rillaboom|Rillaboom, L50, F|100/100
|-fieldstart|move: Grassy Terrain|[from] ability: Grassy Surge|[of] p1b: Rillaboom
|move|p2a: Galantería|Protect|p2a: Galantería
|-singleturn|p2a: Galantería|Protect
|move|p2b: Meigallo|Tailwind|p2b: Meigallo
|-sidestart|p2: moth.o|move: Tailwind
|move|p1a: Kingambit|Sucker Punch||[still]
|-fail|p1a: Kingambit
|
|-heal|p2a: Galantería|87/100|[from] Grassy Terrain
|upkeep
|turn|4
|
|t:|1756336929
|switch|p2a: Servicial|Indeedee-F, L50, F, tera:Fairy|62/100
|-fieldstart|move: Psychic Terrain|[from] ability: Psychic Surge|[of] p2a: Servicial
|move|p1b: Rillaboom|Fake Out|p2a: Servicial
|-activate|p2a: Servicial|move: Psychic Terrain
|move|p2b: Meigallo|U-turn|p1b: Rillaboom
|-supereffective|p1b: Rillaboom
|-damage|p1b: Rillaboom|80/100
|
|t:|1756336937
|switch|p2b: Galantería|Gallade, L50, M, shiny|87/100|[from] U-turn
|move|p1a: Kingambit|Kowtow Cleave|p2a: Servicial
|-resisted|p2a: Servicial
|-damage|p2a: Servicial|0 fnt
|faint|p2a: Servicial
|
|upkeep
|
|t:|1756336952
|switch|p2a: Meigallo|Whimsicott, L50, M, shiny|100/100
|turn|5
|
|t:|1756336963
|switch|p1b: Sneasler|Sneasler, L50, M|100/100
|move|p1a: Kingambit|Protect|p1a: Kingambit
|-singleturn|p1a: Kingambit|Protect
|move|p2a: Meigallo|Moonblast|p1b: Sneasler
|-damage|p1b: Sneasler|62/100
|-unboost|p1b: Sneasler|spa|1
|move|p2b: Galantería|Sacred Sword|p1b: Sneasler
|-resisted|p1b: Sneasler
|-damage|p1b: Sneasler|0 fnt
|faint|p1b: Sneasler
|-damage|p2b: Galantería|77/100|[from] item: Life Orb
|
|upkeep
|
|t:|1756336973
|switch|p1b: Rillaboom|Rillaboom, L50, F|80/100
|-fieldstart|move: Grassy Terrain|[from] ability: Grassy Surge|[of] p1b: Rillaboom
|turn|6
|
|t:|1756336998
|move|p2b: Galantería|Protect|p2b: Galantería
|-singleturn|p2b: Galantería|Protect
|move|p1b: Rillaboom|Fake Out|p2b: Galantería
|-activate|p2b: Galantería|move: Protect
|move|p2a: Meigallo|Moonblast|p1a: Kingambit
|-supereffective|p1a: Kingambit
|-damage|p1a: Kingambit|48/100
|move|p1a: Kingambit|Kowtow Cleave|p2a: Meigallo
|-resisted|p2a: Meigallo
|-damage|p2a: Meigallo|12/100
|
|-heal|p2a: Meigallo|18/100|[from] Grassy Terrain
|-heal|p2b: Galantería|82/100|[from] Grassy Terrain
|-heal|p1b: Rillaboom|86/100|[from] Grassy Terrain
|-heal|p1a: Kingambit|54/100|[from] Grassy Terrain
|-sideend|p2: moth.o|move: Tailwind
|upkeep
|turn|7
|
|t:|1756337023
|switch|p2b: Fenrir|Arcanine-Hisui, L50, M|100/100
|-ability|p2b: Fenrir|Intimidate|boost
|-unboost|p1a: Kingambit|atk|1
|-ability|p1a: Kingambit|Defiant|boost
|-boost|p1a: Kingambit|atk|2
|-unboost|p1b: Rillaboom|atk|1
|move|p1b: Rillaboom|Grassy Glide|p2a: Meigallo
|-resisted|p2a: Meigallo
|-damage|p2a: Meigallo|4/100
|move|p1a: Kingambit|Sucker Punch||[still]
|-fail|p1a: Kingambit
|move|p2a: Meigallo|Moonblast|p1a: Kingambit
|-supereffective|p1a: Kingambit
|-damage|p1a: Kingambit|1/100
|
|-heal|p2a: Meigallo|10/100|[from] Grassy Terrain
|-heal|p1b: Rillaboom|92/100|[from] Grassy Terrain
|-heal|p1a: Kingambit|7/100|[from] Grassy Terrain
|upkeep
|turn|8
|
|t:|1756337049
|move|p1a: Kingambit|Protect|p1a: Kingambit
|-singleturn|p1a: Kingambit|Protect
|move|p2b: Fenrir|Extreme Speed|p1a: Kingambit
|-activate|p1a: Kingambit|move: Protect
|move|p2a: Meigallo|Encore|p1b: Rillaboom
|-start|p1b: Rillaboom|Encore
|move|p1b: Rillaboom|Grassy Glide|p2b: Fenrir
|-damage|p2b: Fenrir|69/100
|
|-heal|p2a: Meigallo|16/100|[from] Grassy Terrain
|-heal|p2b: Fenrir|75/100|[from] Grassy Terrain
|-heal|p1b: Rillaboom|98/100|[from] Grassy Terrain
|-heal|p1a: Kingambit|13/100|[from] Grassy Terrain
|upkeep
|turn|9
|
|t:|1756337077
|move|p1a: Kingambit|Protect||[still]
|-fail|p1a: Kingambit
|move|p2b: Fenrir|Extreme Speed|p1a: Kingambit
|-damage|p1a: Kingambit|0 fnt
|faint|p1a: Kingambit
|move|p1b: Rillaboom|Grassy Glide|p2a: Meigallo
|-resisted|p2a: Meigallo
|-crit|p2a: Meigallo
|-damage|p2a: Meigallo|0 fnt
|faint|p2a: Meigallo
|
|-heal|p2b: Fenrir|80/100|[from] Grassy Terrain
|-heal|p1b: Rillaboom|100/100|[from] Grassy Terrain
|upkeep
|
|t:|1756337091
|switch|p2a: Galantería|Gallade, L50, M, shiny|82/100
|turn|10
|
|t:|1756337095
|move|p2b: Fenrir|Protect|p2b: Fenrir
|-singleturn|p2b: Fenrir|Protect
|move|p2a: Galantería|Protect|p2a: Galantería
|-singleturn|p2a: Galantería|Protect
|move|p1b: Rillaboom|Grassy Glide|p2a: Galantería
|-activate|p2a: Galantería|move: Protect
|
|-heal|p2b: Fenrir|86/100|[from] Grassy Terrain
|-heal|p2a: Galantería|88/100|[from] Grassy Terrain
|-end|p1b: Rillaboom|Encore
|-fieldend|move: Grassy Terrain
|upkeep
|turn|11
|
|t:|1756337111
|move|p2b: Fenrir|Flare Blitz|p1b: Rillaboom
|-supereffective|p1b: Rillaboom
|-damage|p1b: Rillaboom|0 fnt
|faint|p1b: Rillaboom
|-damage|p2b: Fenrir|46/100|[from] Recoil
|
|win|moth.o
|raw|five_loko_gold's rating: 1046 → 1030(-16 for losing)
|raw|moth.o's rating: 1058 → 1088(+30 for winning)
|l|☆five_loko_gold
|player|p1|
|l|☆moth.o
|player|p2|
|j|☆moth.o
|player|p2|moth.o|roxie|
