|j|☆KrisDeltarun
|j|‽browt.bonnet.
|html|KrisDeltarunbrowt.bonnet.    
|uhtml|bestof|Game 3 of a best-of-3
|t:|1784903195
|gametype|doubles
|player|p1|KrisDeltarun|cowgirl|1368
|player|p2|browt.bonnet.|dancer|1226
|gen|9
|tier|[Gen 9 Champions] VGC 2026 Reg M-B (Bo3)
|rated|
|rule|Species Clause: Limit one of each Pokémon
|rule|Item Clause: Limit 1 of each item
|clearpoke
|poke|p1|Raichu, L50, M|
|poke|p1|Gyarados, L50, M|
|poke|p1|Gholdengo, L50|
|poke|p1|Sinistcha, L50|
|poke|p1|Sneasler, L50, F|
|poke|p1|Pelipper, L50, F|
|poke|p2|Delphox, L50, M|
|poke|p2|Incineroar, L50, F|
|poke|p2|Sinistcha, L50|
|poke|p2|Sneasler, L50, M|
|poke|p2|Kommo-o, L50, F|
|poke|p2|Kingambit, L50, F|
|teampreview|4
|showteam|p1|Raichu||RaichuniteY|LightningRod|FakeOut,ZapCannon,FocusBlast,Protect|Timid||M|||50|]Gyarados||Gyaradosite|Intimidate|Waterfall,Crunch,DragonDance,Protect|Adamant||M|||50|]Gholdengo||Leftovers|GoodasGold|MakeItRain,ShadowBall,NastyPlot,Protect|Modest|||||50|]Sinistcha||ColburBerry|Hospitality|MatchaGotcha,RagePowder,LifeDew,TrickRoom|Sassy|||||50|]Sneasler||FocusSash|Unburden|FakeOut,CloseCombat,DireClaw,Coaching|Jolly||F|||50|]Pelipper||SitrusBerry|Drizzle|WeatherBall,Tailwind,Hurricane,WideGuard|Calm||F|||50|
|showteam|p2|Delphox||Delphoxite|Blaze|HeatWave,Psyshock,Protect,NastyPlot|Timid||M|||50|]Incineroar||SitrusBerry|Intimidate|FakeOut,PartingShot,FlareBlitz,HelpingHand|Careful||F|||50|]Sinistcha||OccaBerry|Hospitality|MatchaGotcha,RagePowder,Protect,TrickRoom|Bold|||||50|]Sneasler||FocusSash|Unburden|CloseCombat,FakeOut,QuickGuard,DireClaw|Jolly||M|||50|]Kommo-o||Leftovers|Overcoat|Protect,ClangingScales,ClangorousSoul,AuraSphere|Modest||F|||50|]Kingambit||LifeOrb|Defiant|SuckerPunch,KowtowCleave,IronHead,Protect|Brave||F|||50|
|
|t:|1784903203
|teamsize|p1|4
|teamsize|p2|4
|start
|switch|p1a: Raichu|Raichu, L50, M|100/100
|switch|p1b: Gholdengo|Gholdengo, L50|100/100
|switch|p2a: Incineroar|Incineroar, L50, F|100/100
|switch|p2b: Kommo-o|Kommo-o, L50, F|100/100
|-ability|p2a: Incineroar|Intimidate|boost
|-unboost|p1a: Raichu|atk|1
|-unboost|p1b: Gholdengo|atk|1
|turn|1
|
|t:|1784903219
|switch|p1b: Pelipper|Pelipper, L50, F|100/100
|-weather|RainDance|[from] ability: Drizzle|[of] p1b: Pelipper
|detailschange|p1a: Raichu|Raichu-Mega-Y, L50, M
|-mega|p1a: Raichu|Raichu|Raichunite Y
|move|p1a: Raichu|Zap Cannon|p2b: Kommo-o
|-resisted|p2b: Kommo-o|1
|-damage|p2b: Kommo-o|70/100
|-status|p2b: Kommo-o|par
|move|p2a: Incineroar|Flare Blitz|p1b: Pelipper
|-resisted|p1b: Pelipper|1
|-damage|p1b: Pelipper|87/100
|-damage|p2a: Incineroar|97/100|[from] Recoil
|move|p2b: Kommo-o|Clangorous Soul|p2b: Kommo-o
|-boost|p2b: Kommo-o|atk|1
|-boost|p2b: Kommo-o|def|1
|-boost|p2b: Kommo-o|spa|1
|-boost|p2b: Kommo-o|spd|1
|-boost|p2b: Kommo-o|spe|1
|-damage|p2b: Kommo-o|37/100 par
|
|-weather|RainDance|[upkeep]
|-heal|p2b: Kommo-o|43/100 par|[from] item: Leftovers
|upkeep
|turn|2
|
|t:|1784903229
|switch|p2a: Sinistcha|Sinistcha, L50|100/100
|-heal|p2b: Kommo-o|68/100 par|[from] ability: Hospitality|[of] p2a: Sinistcha
|move|p2b: Kommo-o|Protect|p2b: Kommo-o
|-singleturn|p2b: Kommo-o|Protect
|move|p1a: Raichu|Zap Cannon|p2a: Sinistcha
|-resisted|p2a: Sinistcha|1
|-damage|p2a: Sinistcha|72/100
|-status|p2a: Sinistcha|par
|move|p1b: Pelipper|Hurricane|p2b: Kommo-o
|-activate|p2b: Kommo-o|move: Protect
|
|-weather|RainDance|[upkeep]
|-heal|p2b: Kommo-o|74/100 par|[from] item: Leftovers
|upkeep
|turn|3
|
|t:|1784903238
|switch|p1a: Gholdengo|Gholdengo, L50|100/100
|move|p2a: Sinistcha|Rage Powder|p2a: Sinistcha
|-singleturn|p2a: Sinistcha|move: Rage Powder
|move|p1b: Pelipper|Hurricane|p2a: Sinistcha
|-supereffective|p2a: Sinistcha|1
|-damage|p2a: Sinistcha|5/100 par
|move|p2b: Kommo-o|Clangorous Soul|p2b: Kommo-o
|-boost|p2b: Kommo-o|atk|1
|-boost|p2b: Kommo-o|def|1
|-boost|p2b: Kommo-o|spa|1
|-boost|p2b: Kommo-o|spd|1
|-boost|p2b: Kommo-o|spe|1
|-damage|p2b: Kommo-o|41/100 par
|
|-weather|RainDance|[upkeep]
|-heal|p2b: Kommo-o|47/100 par|[from] item: Leftovers
|upkeep
|turn|4
|
|t:|1784903250
|switch|p2a: Kingambit|Kingambit, L50, F|100/100
|move|p1a: Gholdengo|Make It Rain|p2b: Kommo-o|[spread] p2a,p2b
|-resisted|p2a: Kingambit|1
|-damage|p2a: Kingambit|77/100
|-damage|p2b: Kommo-o|26/100 par
|-unboost|p1a: Gholdengo|spa|2
|move|p2b: Kommo-o|Clanging Scales|p1a: Gholdengo|[spread] p1a,p1b
|-resisted|p1a: Gholdengo|1
|-damage|p1a: Gholdengo|62/100
|-damage|p1b: Pelipper|0 fnt
|faint|p1b: Pelipper
|-unboost|p2b: Kommo-o|def|1
|
|-weather|RainDance|[upkeep]
|-heal|p1a: Gholdengo|68/100|[from] item: Leftovers
|-heal|p2b: Kommo-o|32/100 par|[from] item: Leftovers
|upkeep
|
|t:|1784903256
|switch|p1b: Raichu|Raichu-Mega-Y, L50, M|100/100
|turn|5
|
|t:|1784903266
|switch|p1a: Sinistcha|Sinistcha, L50|100/100
|switch|p2a: Sinistcha|Sinistcha, L50|5/100 par
|-heal|p2b: Kommo-o|57/100 par|[from] ability: Hospitality|[of] p2a: Sinistcha
|move|p2b: Kommo-o|Protect|p2b: Kommo-o
|-singleturn|p2b: Kommo-o|Protect
|move|p1b: Raichu|Focus Blast|p2a: Sinistcha
|-immune|p2a: Sinistcha
|
|-weather|none
|-heal|p2b: Kommo-o|63/100 par|[from] item: Leftovers
|upkeep
|turn|6
|
|t:|1784903281
|switch|p1b: Gholdengo|Gholdengo, L50|68/100
|move|p2a: Sinistcha|Rage Powder|p2a: Sinistcha
|-singleturn|p2a: Sinistcha|move: Rage Powder
|cant|p2b: Kommo-o|par
|move|p1a: Sinistcha|Trick Room|p1a: Sinistcha
|-fieldstart|move: Trick Room|[of] p1a: Sinistcha
|
|-heal|p2b: Kommo-o|69/100 par|[from] item: Leftovers
|-heal|p1b: Gholdengo|74/100|[from] item: Leftovers
|upkeep
|turn|7
|
|t:|1784903298
|switch|p2a: Incineroar|Incineroar, L50, F|97/100
|-ability|p2a: Incineroar|Intimidate|boost
|-unboost|p1a: Sinistcha|atk|1
|-unboost|p1b: Gholdengo|atk|1
|move|p1a: Sinistcha|Matcha Gotcha|p2a: Incineroar|[spread] p2a,p2b
|-resisted|p2a: Incineroar|1
|-resisted|p2b: Kommo-o|1
|-damage|p2a: Incineroar|88/100
|-damage|p2b: Kommo-o|63/100 par
|move|p2b: Kommo-o|Clanging Scales|p1b: Gholdengo|[spread] p1a,p1b
|-resisted|p1b: Gholdengo|1
|-damage|p1a: Sinistcha|30/100
|-damage|p1b: Gholdengo|38/100
|-unboost|p2b: Kommo-o|def|1
|move|p1b: Gholdengo|Nasty Plot|p1b: Gholdengo
|-boost|p1b: Gholdengo|spa|2
|
|-heal|p2b: Kommo-o|70/100 par|[from] item: Leftovers
|-heal|p1b: Gholdengo|44/100|[from] item: Leftovers
|upkeep
|turn|8
|
|t:|1784903313
|move|p2b: Kommo-o|Protect|p2b: Kommo-o
|-singleturn|p2b: Kommo-o|Protect
|move|p1a: Sinistcha|Rage Powder|p1a: Sinistcha
|-singleturn|p1a: Sinistcha|move: Rage Powder
|move|p2a: Incineroar|Flare Blitz|p1a: Sinistcha
|-supereffective|p1a: Sinistcha|1
|-damage|p1a: Sinistcha|0 fnt
|faint|p1a: Sinistcha
|-damage|p2a: Incineroar|79/100|[from] Recoil
|move|p1b: Gholdengo|Shadow Ball|p2b: Kommo-o
|-activate|p2b: Kommo-o|move: Protect
|
|-heal|p2b: Kommo-o|76/100 par|[from] item: Leftovers
|-heal|p1b: Gholdengo|50/100y|[from] item: Leftovers
|upkeep
|
|t:|1784903315
|switch|p1a: Raichu|Raichu-Mega-Y, L50, M|100/100
|turn|9
|
|t:|1784903322
|switch|p2a: Sinistcha|Sinistcha, L50|5/100 par
|-heal|p2b: Kommo-o|100/100 par|[from] ability: Hospitality|[of] p2a: Sinistcha
|move|p1a: Raichu|Fake Out|p2a: Sinistcha
|-immune|p2a: Sinistcha
|move|p2b: Kommo-o|Clanging Scales|p1b: Gholdengo|[spread] p1a,p1b
|-resisted|p1b: Gholdengo|1
|-damage|p1a: Raichu|0 fnt
|-damage|p1b: Gholdengo|16/100
|faint|p1a: Raichu
|-unboost|p2b: Kommo-o|def|1
|move|p1b: Gholdengo|Shadow Ball|p2b: Kommo-o
|-damage|p2b: Kommo-o|64/100 par
|
|-heal|p2b: Kommo-o|70/100 par|[from] item: Leftovers
|-heal|p1b: Gholdengo|22/100|[from] item: Leftovers
|upkeep
|turn|10
|-message|KrisDeltarun forfeited.
|
|win|browt.bonnet.
|raw|KrisDeltarun's rating: 1368 → 1340(-28 for losing)
|raw|browt.bonnet.'s rating: 1226 → 1261(+35 for winning)
|l|☆KrisDeltarun
|player|p1|
