|j|☆nikolasnaiz
|j|☆gabriaut7
|html|nikolasnaizgabriaut7    
|uhtml|bestof|Game 2 of a best-of-3
|t:|1755944749
|gametype|doubles
|player|p1|nikolasnaiz|larry|1279
|player|p2|gabriaut7|170|1204
|gen|9
|tier|[Gen 9] VGC 2025 Reg H (Bo3)
|rated|
|rule|Species Clause: Limit one of each Pokémon
|rule|Item Clause: Limit 1 of each item
|clearpoke
|poke|p1|Dragonite, L50, F|
|poke|p1|Ursaluna-Bloodmoon, L50, M|
|poke|p1|Annihilape, L50, M|
|poke|p1|Volcarona, L50, F|
|poke|p1|Rillaboom, L50, F|
|poke|p1|Incineroar, L50, M|
|poke|p2|Archaludon, L50, M|
|poke|p2|Kingdra, L50, F|
|poke|p2|Politoed, L50, F|
|poke|p2|Incineroar, L50, M|
|poke|p2|Gothitelle, L50, F|
|poke|p2|Amoonguss, L50, M|
|teampreview|4
|showteam|p1|Dragonite||LoadedDice|Multiscale|Protect,ScaleShot,Tailwind,Haze|||F|||50|,,,,,Steel]Ursaluna-Bloodmoon||FocusSash|MindsEye|Protect,BloodMoon,EarthPower,HyperVoice|||M|||50|,,,,,Normal]Annihilape||LumBerry|Defiant|Protect,RageFist,CloseCombat,Taunt|||M|||50|,,,,,Fire]Volcarona||CovertCloak|FlameBody|Protect,QuiverDance,HeatWave,TeraBlast|||F|||50|,,,,,Fairy]Rillaboom||AssaultVest|GrassySurge|FakeOut,WoodHammer,GrassyGlide,HighHorsepower|||F|||50|,,,,,Fire]Incineroar||SafetyGoggles|Intimidate|FakeOut,PartingShot,FlareBlitz,KnockOff|||M|||50|,,,,,Ghost
|showteam|p2|Archaludon||PowerHerb|Sturdy|Protect,ElectroShot,FlashCannon,DragonPulse|||M|||50|,,,,,Electric]Kingdra||LifeOrb|SwiftSwim|Protect,DracoMeteor,WeatherBall,MuddyWater|||F|||50|,,,,,Stellar]Politoed||Leftovers|Drizzle|Protect,WeatherBall,PerishSong,Encore|||F|||50|,,,,,Grass]Incineroar||SafetyGoggles|Intimidate|FakeOut,KnockOff,PartingShot,Protect|||M|||50|,,,,,Ghost]Gothitelle||SitrusBerry|ShadowTag|Protect,Psychic,FakeOut,TrickRoom|||F|||50|,,,,,Dark]Amoonguss||EjectButton|Regenerator|Protect,RagePowder,Spore,PollenPuff|||M|||50|,,,,,Fairy
|inactive|Battle timer is ON: inactive players will automatically lose when time's up. (requested by nikolasnaiz)
|inactive|nikolasnaiz has 60 seconds left.
|
|t:|1755944798
|teamsize|p1|4
|teamsize|p2|4
|start
|switch|p1a: Dragonite|Dragonite, L50, F, shiny|100/100
|switch|p1b: Ursaluna|Ursaluna-Bloodmoon, L50, M|100/100
|switch|p2a: Politoed|Politoed, L50, F|100/100
|switch|p2b: Incineroar|Incineroar, L50, M, shiny|100/100
|-weather|RainDance|[from] ability: Drizzle|[of] p2a: Politoed
|-ability|p2b: Incineroar|Intimidate|boost
|-unboost|p1a: Dragonite|atk|1
|-unboost|p1b: Ursaluna|atk|1
|turn|1
|
|t:|1755944818
|switch|p1a: Volcarona|Volcarona, L50, F|100/100
|switch|p1b: Rillaboom|Rillaboom, L50, F|100/100
|-fieldstart|move: Grassy Terrain|[from] ability: Grassy Surge|[of] p1b: Rillaboom
|move|p2b: Incineroar|Fake Out|p1a: Volcarona
|-damage|p1a: Volcarona|90/100
|move|p2a: Politoed|Perish Song|p2a: Politoed
|-start|p1a: Volcarona|perish3|[silent]
|-start|p1b: Rillaboom|perish3|[silent]
|-start|p2a: Politoed|perish3|[silent]
|-start|p2b: Incineroar|perish3|[silent]
|-fieldactivate|move: Perish Song
|
|-weather|RainDance|[upkeep]
|-heal|p1a: Volcarona|96/100|[from] Grassy Terrain
|-start|p1a: Volcarona|perish3
|-start|p1b: Rillaboom|perish3
|-start|p2a: Politoed|perish3
|-start|p2b: Incineroar|perish3
|upkeep
|turn|2
|
|t:|1755944836
|switch|p1a: Dragonite|Dragonite, L50, F, shiny|100/100
|switch|p1b: Ursaluna|Ursaluna-Bloodmoon, L50, M|100/100
|switch|p2b: Gothitelle|Gothitelle, L50, F|100/100
|move|p2a: Politoed|Protect||[still]
|-fail|p2a: Politoed
|
|-weather|RainDance|[upkeep]
|-start|p2a: Politoed|perish2
|upkeep
|turn|3
|
|t:|1755944861
|move|p1b: Ursaluna|Protect|p1b: Ursaluna
|-singleturn|p1b: Ursaluna|Protect
|move|p2b: Gothitelle|Fake Out|p1a: Dragonite
|-damage|p1a: Dragonite|97/100
|cant|p1a: Dragonite|flinch
|move|p2a: Politoed|Perish Song|p2a: Politoed
|-start|p1a: Dragonite|perish3|[silent]
|-start|p1b: Ursaluna|perish3|[silent]
|-start|p2b: Gothitelle|perish3|[silent]
|-fieldactivate|move: Perish Song
|
|-weather|RainDance|[upkeep]
|-start|p1a: Dragonite|perish3
|-start|p1b: Ursaluna|perish3
|-start|p2a: Politoed|perish1
|-start|p2b: Gothitelle|perish3
|upkeep
|turn|4
|inactive|gabriaut7 has 30 seconds left.
|
|t:|1755944897
|move|p2b: Gothitelle|Protect|p2b: Gothitelle
|-singleturn|p2b: Gothitelle|Protect
|move|p1a: Dragonite|Scale Shot|p2a: Politoed
|-damage|p2a: Politoed|84/100
|-damage|p2a: Politoed|69/100
|-damage|p2a: Politoed|52/100
|-crit|p2a: Politoed
|-damage|p2a: Politoed|30/100
|-hitcount|p2a: Politoed|4
|-unboost|p1a: Dragonite|def|1
|-boost|p1a: Dragonite|spe|1
|move|p1b: Ursaluna|Earth Power|p2a: Politoed
|-damage|p2a: Politoed|0 fnt
|faint|p2a: Politoed
|
|-weather|RainDance|[upkeep]
|-start|p1a: Dragonite|perish2
|-start|p1b: Ursaluna|perish2
|-start|p2b: Gothitelle|perish2
|upkeep
|
|t:|1755944911
|switch|p2a: Incineroar|Incineroar, L50, M, shiny|100/100
|-ability|p2a: Incineroar|Intimidate|boost
|-unboost|p1a: Dragonite|atk|1
|-unboost|p1b: Ursaluna|atk|1
|turn|5
|
|t:|1755944928
|move|p2a: Incineroar|Fake Out|p1a: Dragonite
|-damage|p1a: Dragonite|78/100
|cant|p1a: Dragonite|flinch
|move|p1b: Ursaluna|Blood Moon|p2b: Gothitelle
|-damage|p2b: Gothitelle|39/100
|-enditem|p2b: Gothitelle|Sitrus Berry|[eat]
|-heal|p2b: Gothitelle|64/100|[from] item: Sitrus Berry
|move|p2b: Gothitelle|Trick Room|p2b: Gothitelle
|-fieldstart|move: Trick Room|[of] p2b: Gothitelle
|
|-weather|none
|-heal|p2b: Gothitelle|71/100|[from] Grassy Terrain
|-start|p2b: Gothitelle|perish1
|-start|p1b: Ursaluna|perish1
|-start|p1a: Dragonite|perish1
|-fieldend|move: Grassy Terrain
|upkeep
|turn|6
|inactive|nikolasnaiz has 30 seconds left.
|inactive|gabriaut7 has 30 seconds left.
|inactive|gabriaut7 has 20 seconds left.
|inactive|gabriaut7 has 15 seconds left.
|
|t:|1755944972
|move|p2a: Incineroar|Protect|p2a: Incineroar
|-singleturn|p2a: Incineroar|Protect
|move|p2b: Gothitelle|Psychic|p1b: Ursaluna
|-damage|p1b: Ursaluna|62/100
|move|p1b: Ursaluna|Earth Power|p2a: Incineroar
|-activate|p2a: Incineroar|move: Protect
|move|p1a: Dragonite|Scale Shot|p2b: Gothitelle|[miss]
|-miss|p1a: Dragonite|p2b: Gothitelle
|
|-start|p2b: Gothitelle|perish0
|-start|p1b: Ursaluna|perish0
|-start|p1a: Dragonite|perish0
|faint|p2b: Gothitelle
|faint|p1b: Ursaluna
|faint|p1a: Dragonite
|upkeep
|
|t:|1755944990
|switch|p2b: Kingdra|Kingdra, L50, F|100/100
|switch|p1b: Volcarona|Volcarona, L50, F|96/100
|switch|p1a: Rillaboom|Rillaboom, L50, F|100/100
|-fieldstart|move: Grassy Terrain|[from] ability: Grassy Surge|[of] p1a: Rillaboom
|turn|7
|inactive|nikolasnaiz has 30 seconds left.
|inactive|nikolasnaiz has 20 seconds left.
|inactive|nikolasnaiz has 15 seconds left.
|inactive|nikolasnaiz has 10 seconds left.
|
|t:|1755945038
|-terastallize|p1b: Volcarona|Fairy
|move|p2b: Kingdra|Protect|p2b: Kingdra
|-singleturn|p2b: Kingdra|Protect
|move|p1a: Rillaboom|Fake Out|p2a: Incineroar
|-damage|p2a: Incineroar|87/100
|cant|p2a: Incineroar|flinch
|move|p1b: Volcarona|Tera Blast|p2b: Kingdra|[anim] Tera Blast Fairy
|-activate|p2b: Kingdra|move: Protect
|
|-heal|p2a: Incineroar|93/100|[from] Grassy Terrain
|-heal|p1b: Volcarona|100/100|[from] Grassy Terrain
|upkeep
|turn|8
|inactive|gabriaut7 has 30 seconds left.
|
|t:|1755945066
|-terastallize|p2b: Kingdra|Stellar
|move|p2a: Incineroar|Knock Off|p1a: Rillaboom
|-damage|p1a: Rillaboom|63/100
|-enditem|p1a: Rillaboom|Assault Vest|[from] move: Knock Off|[of] p2a: Incineroar
|move|p1a: Rillaboom|Wood Hammer|p2b: Kingdra
|-damage|p2b: Kingdra|6/100
|-damage|p1a: Rillaboom|39/100|[from] Recoil
|move|p2b: Kingdra|Muddy Water|p1a: Rillaboom|[spread] p1a,p1b
|-resisted|p1a: Rillaboom
|-damage|p1a: Rillaboom|10/100
|-damage|p1b: Volcarona|49/100
|-unboost|p1a: Rillaboom|accuracy|1
|-damage|p2b: Kingdra|0 fnt|[from] item: Life Orb
|faint|p2b: Kingdra
|move|p1b: Volcarona|Heat Wave|p2a: Incineroar|[miss]
|-miss|p1b: Volcarona|p2a: Incineroar
|
|-heal|p2a: Incineroar|99/100|[from] Grassy Terrain
|-heal|p1a: Rillaboom|16/100|[from] Grassy Terrain
|-heal|p1b: Volcarona|56/100|[from] Grassy Terrain
|upkeep
|turn|9
|-message|gabriaut7 forfeited.
|
|win|nikolasnaiz
|raw|nikolasnaiz's rating: 1279 → 1299(+20 for winning)
|raw|gabriaut7's rating: 1204 → 1184(-20 for losing)
|l|☆gabriaut7
|player|p2|
