|j|☆houseofnerdz
|j|☆DkayMM
|html|houseofnerdzDkayMM    
|uhtml|bestof|Game 1 of a best-of-3
|t:|1756952226
|gametype|doubles
|player|p1|houseofnerdz|169|1047
|player|p2|DkayMM|169|1000
|gen|9
|tier|[Gen 9] VGC 2025 Reg H (Bo3)
|rated|
|rule|Species Clause: Limit one of each Pokémon
|rule|Item Clause: Limit 1 of each item
|clearpoke
|poke|p1|Dragonite, L50, M|
|poke|p1|Ursaluna-Bloodmoon, L50, M|
|poke|p1|Gholdengo, L50|
|poke|p1|Maushold-Four, L50|
|poke|p1|Annihilape, L50, M|
|poke|p1|Rillaboom, L50, F|
|poke|p2|Charizard, L50, M|
|poke|p2|Torkoal, L50, M|
|poke|p2|Porygon2, L50|
|poke|p2|Incineroar, L50, M|
|poke|p2|Jumpluff, L50, M|
|poke|p2|Ursaluna, L50, F|
|teampreview|4
|showteam|p1|Dragonite||LoadedDice|Multiscale|ScaleShot,Tailwind,Haze,Protect|||M|||50|,,,,,Fairy]Ursaluna-Bloodmoon||AssaultVest|MindsEye|BloodMoon,EarthPower,HyperVoice,VacuumWave|||M|||50|,,,,,Water]Gholdengo||LifeOrb|GoodasGold|MakeItRain,ShadowBall,NastyPlot,Protect||||||50|,,,,,Water]Maushold-Four||FocusSash|FriendGuard|SuperFang,FollowMe,BeatUp,Protect||||||50|,,,,,Ghost]Annihilape||SitrusBerry|Defiant|RageFist,DrainPunch,BulkUp,Protect|||M|||50|,,,,,Fire]Rillaboom||MiracleSeed|GrassySurge|WoodHammer,GrassyGlide,HighHorsepower,FakeOut|||F|||50|,,,,,Fire
|showteam|p2|Charizard||ChoiceSpecs|SolarPower|HeatWave,Overheat,WeatherBall,AirSlash|||M|||50|,,,,,Ghost]Torkoal||EjectPack|Drought|Eruption,Overheat,HelpingHand,Protect|||M|||50|,,,,,Fire]Porygon2||Eviolite|Download|TeraBlast,IceBeam,Recover,TrickRoom||||||50|,,,,,Fighting]Incineroar||SitrusBerry|Intimidate|FlareBlitz,KnockOff,FakeOut,PartingShot|||M|||50|,,,,,Ghost]Jumpluff||CovertCloak|Chlorophyll|SleepPowder,SunnyDay,RagePowder,Tailwind|||M|||50|,,,,,Water]Ursaluna||FlameOrb|Guts|HeadlongRush,Facade,Earthquake,Protect|||F|||50|,,,,,Ghost
|inactive|Battle timer is ON: inactive players will automatically lose when time's up. (requested by DkayMM)
|
|t:|1756952275
|teamsize|p1|4
|teamsize|p2|4
|start
|switch|p1a: Dragonite|Dragonite, L50, M|100/100
|switch|p1b: Gholdengo|Gholdengo, L50|100/100
|switch|p2a: Charizard|Charizard, L50, M|100/100
|switch|p2b: Jumpluff|Jumpluff, L50, M|100/100
|turn|1
|inactive|houseofnerdz has 30 seconds left.
|
|t:|1756952304
|-terastallize|p1b: Gholdengo|Water
|move|p2b: Jumpluff|Sunny Day|p2b: Jumpluff
|-weather|SunnyDay
|move|p2a: Charizard|Heat Wave|p1a: Dragonite|[spread] p1a,p1b
|-resisted|p1a: Dragonite
|-resisted|p1b: Gholdengo
|-damage|p1a: Dragonite|72/100
|-damage|p1b: Gholdengo|42/100
|-status|p1a: Dragonite|brn
|move|p1b: Gholdengo|Shadow Ball|p2a: Charizard
|-damage|p2a: Charizard|26/100
|-unboost|p2a: Charizard|spd|1
|-damage|p1b: Gholdengo|32/100|[from] item: Life Orb
|move|p1a: Dragonite|Scale Shot|p2a: Charizard
|-damage|p2a: Charizard|16/100
|-damage|p2a: Charizard|6/100
|-damage|p2a: Charizard|0 fnt
|faint|p2a: Charizard
|-hitcount|p2: Charizard|3
|-unboost|p1a: Dragonite|def|1
|-boost|p1a: Dragonite|spe|1
|
|-weather|SunnyDay|[upkeep]
|-damage|p1a: Dragonite|66/100 brn|[from] brn
|upkeep
|inactive|DkayMM has 30 seconds left.
|inactive|DkayMM has 20 seconds left.
|
|t:|1756952342
|switch|p2a: Incineroar|Incineroar, L50, M|100/100
|-ability|p2a: Incineroar|Intimidate|boost
|-unboost|p1a: Dragonite|atk|1
|-unboost|p1b: Gholdengo|atk|1
|turn|2
|
|t:|1756952364
|move|p2a: Incineroar|Fake Out|p1a: Dragonite
|-damage|p1a: Dragonite|47/100 brn
|move|p2b: Jumpluff|Tailwind|p2b: Jumpluff
|-sidestart|p2: DkayMM|move: Tailwind
|cant|p1a: Dragonite|flinch
|move|p1b: Gholdengo|Make It Rain|p2b: Jumpluff|[spread] p2a,p2b
|-resisted|p2a: Incineroar
|-damage|p2a: Incineroar|70/100
|-damage|p2b: Jumpluff|38/100
|-unboost|p1b: Gholdengo|spa|1
|-damage|p1b: Gholdengo|23/100|[from] item: Life Orb
|
|-weather|SunnyDay|[upkeep]
|-damage|p1a: Dragonite|41/100 brn|[from] brn
|upkeep
|turn|3
|inactive|DkayMM has 30 seconds left.
|inactive|DkayMM has 20 seconds left.
|
|t:|1756952403
|switch|p2b: Ursaluna|Ursaluna, L50, F|100/100
|move|p2a: Incineroar|Knock Off|p1a: Dragonite
|-damage|p1a: Dragonite|0 fnt
|-enditem|p1a: Dragonite|Loaded Dice|[from] move: Knock Off|[of] p2a: Incineroar
|faint|p1a: Dragonite
|move|p1b: Gholdengo|Make It Rain|p2a: Incineroar|[spread] p2a,p2b
|-resisted|p2a: Incineroar
|-damage|p2a: Incineroar|52/100
|-damage|p2b: Ursaluna|60/100
|-unboost|p1b: Gholdengo|spa|1
|-damage|p1b: Gholdengo|14/100|[from] item: Life Orb
|
|-weather|SunnyDay|[upkeep]
|-status|p2b: Ursaluna|brn|[from] item: Flame Orb
|upkeep
|inactive|houseofnerdz has 30 seconds left.
|inactive|houseofnerdz has 20 seconds left.
|
|t:|1756952442
|switch|p1a: Annihilape|Annihilape, L50, M|100/100
|turn|4
|inactive|houseofnerdz has 30 seconds left.
|
|t:|1756952468
|switch|p2a: Jumpluff|Jumpluff, L50, M|38/100
|move|p1a: Annihilape|Protect|p1a: Annihilape
|-singleturn|p1a: Annihilape|Protect
|move|p1b: Gholdengo|Protect|p1b: Gholdengo
|-singleturn|p1b: Gholdengo|Protect
|move|p2b: Ursaluna|Earthquake|p1a: Annihilape|[spread] 
|-activate|p1a: Annihilape|move: Protect
|-activate|p1b: Gholdengo|move: Protect
|-immune|p2a: Jumpluff
|
|-weather|SunnyDay|[upkeep]
|-damage|p2b: Ursaluna|54/100 brn|[from] brn
|upkeep
|turn|5
|
|t:|1756952493
|move|p2a: Jumpluff|Rage Powder|p2a: Jumpluff
|-singleturn|p2a: Jumpluff|move: Rage Powder
|move|p2b: Ursaluna|Earthquake|p1a: Annihilape|[spread] p1a,p1b
|-immune|p2a: Jumpluff
|-damage|p1a: Annihilape|31/100
|-damage|p1b: Gholdengo|0 fnt
|-enditem|p1a: Annihilape|Sitrus Berry|[eat]
|-heal|p1a: Annihilape|56/100|[from] item: Sitrus Berry
|faint|p1b: Gholdengo
|move|p1a: Annihilape|Drain Punch|p2a: Jumpluff
|-resisted|p2a: Jumpluff
|-damage|p2a: Jumpluff|18/100
|-heal|p1a: Annihilape|65/100|[from] drain|[of] p2a: Jumpluff
|
|-weather|none
|-damage|p2b: Ursaluna|48/100 brn|[from] brn
|-sideend|p2: DkayMM|move: Tailwind
|upkeep
|
|t:|1756952512
|switch|p1b: Ursaluna|Ursaluna-Bloodmoon, L50, M|100/100
|turn|6
|inactive|DkayMM has 30 seconds left.
|inactive|DkayMM has 20 seconds left.
|inactive|DkayMM has 15 seconds left.
|inactive|DkayMM has 10 seconds left.
|inactive|DkayMM has 5 seconds left.
|
|t:|1756952564
|move|p2a: Jumpluff|Tailwind|p2a: Jumpluff
|-sidestart|p2: DkayMM|move: Tailwind
|move|p2b: Ursaluna|Facade|p1b: Ursaluna
|-damage|p1b: Ursaluna|11/100
|move|p1a: Annihilape|Rage Fist|p2b: Ursaluna
|-immune|p2b: Ursaluna
|move|p1b: Ursaluna|Hyper Voice|p2b: Ursaluna|[spread] p2a,p2b
|-crit|p2a: Jumpluff
|-damage|p2a: Jumpluff|0 fnt
|-damage|p2b: Ursaluna|10/100 brn
|faint|p2a: Jumpluff
|
|-damage|p2b: Ursaluna|5/100 brn|[from] brn
|upkeep
|
|t:|1756952575
|switch|p2a: Incineroar|Incineroar, L50, M|52/100
|-ability|p2a: Incineroar|Intimidate|boost
|-unboost|p1a: Annihilape|atk|1
|-ability|p1a: Annihilape|Defiant|boost
|-boost|p1a: Annihilape|atk|2
|-unboost|p1b: Ursaluna|atk|1
|turn|7
|inactive|DkayMM has 30 seconds left.
|
|t:|1756952610
|-terastallize|p2b: Ursaluna|Ghost
|move|p1a: Annihilape|Protect|p1a: Annihilape
|-singleturn|p1a: Annihilape|Protect
|move|p1b: Ursaluna|Vacuum Wave|p2b: Ursaluna
|-damage|p2b: Ursaluna|0 fnt
|faint|p2b: Ursaluna
|move|p2a: Incineroar|Flare Blitz|p1a: Annihilape
|-activate|p1a: Annihilape|move: Protect
|
|upkeep
|turn|8
|
|t:|1756952626
|move|p2a: Incineroar|Knock Off|p1b: Ursaluna
|-damage|p1b: Ursaluna|0 fnt
|-enditem|p1b: Ursaluna|Assault Vest|[from] move: Knock Off|[of] p2a: Incineroar
|faint|p1b: Ursaluna
|move|p1a: Annihilape|Drain Punch|p2a: Incineroar
|-supereffective|p2a: Incineroar
|-damage|p2a: Incineroar|0 fnt
|-heal|p1a: Annihilape|90/100|[from] drain|[of] p2a: Incineroar
|faint|p2a: Incineroar
|
|win|houseofnerdz
