|j|鈽咥lfaceb
|j|鈽唃uiguiarb1
|html|Alfacebguiguiarb1    
|uhtml|bestof|Game 1 of a best-of-3
|t:|1782550631
|gametype|doubles
|player|p1|Alfaceb|pokefan|1007
|player|p2|guiguiarb1|roxie|1016
|gen|9
|tier|[Gen 9 Champions] VGC 2026 Reg M-B (Bo3)
|rated|
|rule|Species Clause: Limit one of each Pok茅mon
|rule|Item Clause: Limit 1 of each item
|clearpoke
|poke|p1|Charizard, L50, M|
|poke|p1|Aerodactyl, L50, F, shiny|
|poke|p1|Venusaur, L50, F|
|poke|p1|Clefable, L50, M|
|poke|p1|Blastoise, L50, M|
|poke|p1|Kangaskhan, L50, F|
|poke|p2|Delphox, L50, M, shiny|
|poke|p2|Sneasler, L50, M|
|poke|p2|Incineroar, L50, M, shiny|
|poke|p2|Sinistcha, L50|
|poke|p2|Kingambit, L50, F|
|poke|p2|Floette-Eternal, L50, F|
|teampreview|4
|showteam|p1|Charizard||CharizarditeY|SolarPower|HeatWave,WeatherBall,Protect,SolarBeam|Modest||M|||50|]Aerodactyl||FocusSash|Unnerve|DualWingbeat,RockSlide,Protect,Tailwind|Jolly||F|||50|]Venusaur||LifeOrb|Chlorophyll|SleepPowder,SludgeBomb,EnergyBall,Protect|Modest||F|||50|]Clefable||FairyFeather|Unaware|FollowMe,Moonblast,LifeDew,HelpingHand|Modest||M|||50|]Blastoise||Blastoisinite|Torrent|ShellSmash,WaterSpout,AuraSphere,Protect|Modest||M|||50|]Kangaskhan||SilkScarf|Scrappy|FakeOut,LastResort|Adamant||F|||50|
|showteam|p2|Delphox||Delphoxite|Blaze|Encore,Protect,HeatWave,Psychic|Timid||M|||50|]Sneasler||WhiteHerb|Unburden|CloseCombat,DireClaw,QuickGuard,FakeOut|Adamant||M|||50|]Incineroar||SitrusBerry|Intimidate|FakeOut,PartingShot,FlareBlitz,ThroatChop|Docile||M|||50|]Sinistcha||LumBerry|Hospitality|MatchaGotcha,Protect,RagePowder,TrickRoom|Timid|||||50|]Kingambit||FocusSash|Defiant|SuckerPunch,KowtowCleave,SwordsDance,Protect|Adamant||F|||50|]Floette-Eternal||Floettite|FlowerVeil|DazzlingGleam,Moonblast,Protect,CalmMind|Modest||F|||50|
|
|t:|1782550701
|teamsize|p1|4
|teamsize|p2|4
|start
|switch|p1a: Aerodactyl|Aerodactyl, L50, F, shiny|100/100
|switch|p1b: Blastoise|Blastoise, L50, M|100/100
|switch|p2a: Incineroar|Incineroar, L50, M, shiny|100/100
|switch|p2b: Floette|Floette-Eternal, L50, F|100/100
|-ability|p1a: Aerodactyl|Unnerve
|-ability|p2a: Incineroar|Intimidate|boost
|-unboost|p1a: Aerodactyl|atk|1
|-unboost|p1b: Blastoise|atk|1
|turn|1
|l|鈽咥lfaceb
|player|p1|
|j|鈽咥lfaceb
|player|p1|Alfaceb|pokefan|
|l|鈽咥lfaceb
|player|p1|
|j|鈽咥lfaceb
|player|p1|Alfaceb|pokefan|
|
|t:|1782550771
|detailschange|p2b: Floette|Floette-Mega, L50, F
|-mega|p2b: Floette|Floette|Floettite
|-ability|p2b: Floette|Fairy Aura
|move|p1b: Blastoise|Protect|p1b: Blastoise
|-singleturn|p1b: Blastoise|Protect
|move|p2a: Incineroar|Fake Out|p1b: Blastoise
|-activate|p1b: Blastoise|move: Protect
|move|p1a: Aerodactyl|Tailwind|p1a: Aerodactyl
|-sidestart|p1: Alfaceb|move: Tailwind
|move|p2b: Floette|Calm Mind|p2b: Floette
|-boost|p2b: Floette|spa|1
|-boost|p2b: Floette|spd|1
|
|upkeep
|turn|2
|l|鈽咥lfaceb
|player|p1|
|j|鈽咥lfaceb
|player|p1|Alfaceb|pokefan|
|
|t:|1782550806
|detailschange|p1b: Blastoise|Blastoise-Mega, L50, M
|-mega|p1b: Blastoise|Blastoise|Blastoisinite
|move|p1a: Aerodactyl|Rock Slide|p2b: Floette|[spread] p2a
|-miss|p1a: Aerodactyl|p2b: Floette
|-supereffective|p2a: Incineroar|1
|-damage|p2a: Incineroar|64/100
|move|p1b: Blastoise|Water Spout|p2a: Incineroar|[spread] p2a,p2b
|-supereffective|p2a: Incineroar|1
|-crit|p2a: Incineroar
|-damage|p2a: Incineroar|0 fnt
|-damage|p2b: Floette|67/100
|faint|p2a: Incineroar
|move|p2b: Floette|Dazzling Gleam|p1b: Blastoise|[spread] p1a,p1b
|-enditem|p1a: Aerodactyl|Focus Sash
|-damage|p1a: Aerodactyl|1/100
|-damage|p1b: Blastoise|30/100
|
|upkeep
|
|t:|1782550824
|switch|p2a: Sneasler|Sneasler, L50, M|100/100
|turn|3
|
|t:|1782550837
|move|p2a: Sneasler|Fake Out|p1b: Blastoise
|-damage|p1b: Blastoise|15/100
|move|p1a: Aerodactyl|Dual Wingbeat|p2a: Sneasler
|-supereffective|p2a: Sneasler|1
|-damage|p2a: Sneasler|66/100
|-supereffective|p2a: Sneasler|1
|-damage|p2a: Sneasler|32/100
|-hitcount|p2a: Sneasler|2
|cant|p1b: Blastoise|flinch
|move|p2b: Floette|Dazzling Gleam|p1b: Blastoise|[spread] p1a,p1b
|-damage|p1a: Aerodactyl|0 fnt
|-damage|p1b: Blastoise|0 fnt
|faint|p1a: Aerodactyl
|faint|p1b: Blastoise
|
|upkeep
|
|t:|1782550853
|switch|p1a: Kangaskhan|Kangaskhan, L50, F|100/100
|switch|p1b: Clefable|Clefable, L50, M|100/100
|turn|4
|
|t:|1782550871
|move|p2b: Floette|Protect|p2b: Floette
|-singleturn|p2b: Floette|Protect
|move|p1a: Kangaskhan|Fake Out|p2a: Sneasler
|-damage|p2a: Sneasler|1/100
|move|p1b: Clefable|Moonblast|p2a: Sneasler
|-damage|p2a: Sneasler|0 fnt
|faint|p2a: Sneasler
|
|-sideend|p1: Alfaceb|move: Tailwind
|upkeep
|
|t:|1782550882
|switch|p2a: Sinistcha|Sinistcha, L50|100/100
|-heal|p2b: Floette|92/100|[from] ability: Hospitality|[of] p2a: Sinistcha
|turn|5
|
|t:|1782550899
|move|p1b: Clefable|Helping Hand|p1a: Kangaskhan
|-singleturn|p1a: Kangaskhan|Helping Hand|[of] p1b: Clefable
|move|p2a: Sinistcha|Rage Powder|p2a: Sinistcha
|-singleturn|p2a: Sinistcha|move: Rage Powder
|move|p1a: Kangaskhan|Last Resort|p2a: Sinistcha
|-damage|p2a: Sinistcha|0 fnt
|faint|p2a: Sinistcha
|move|p2b: Floette|Moonblast|p1b: Clefable
|-damage|p1b: Clefable|24/100
|
|upkeep
|turn|6
|
|t:|1782550914
|move|p1b: Clefable|Helping Hand|p1a: Kangaskhan
|-singleturn|p1a: Kangaskhan|Helping Hand|[of] p1b: Clefable
|move|p1a: Kangaskhan|Last Resort|p2b: Floette
|-damage|p2b: Floette|0 fnt
|faint|p2b: Floette
|
|win|Alfaceb
|l|鈽唃uiguiarb1
|player|p2|
|inactive|Alfaceb has 30 seconds to confirm battle start!
|inactive|guiguiarb1 has 30 seconds to confirm battle start!
||Alfaceb is ready for game 2.
|inactive|guiguiarb1 has 20 seconds to confirm battle start!
|inactive|guiguiarb1 has 10 seconds to confirm battle start!
