|j|☆certified urgl
|j|☆Schroombert
|html|certified urglSchroombert    
|uhtml|bestof|Game 3 of a best-of-3
|t:|1756639520
|gametype|doubles
|player|p1|certified urgl|1|1399
|player|p2|Schroombert|rancher|1303
|gen|9
|tier|[Gen 9] VGC 2025 Reg H (Bo3)
|rated|
|rule|Species Clause: Limit one of each Pokémon
|rule|Item Clause: Limit 1 of each item
|clearpoke
|poke|p1|Gholdengo, L50|
|poke|p1|Sneasler, L50, M|
|poke|p1|Rillaboom, L50, M|
|poke|p1|Dragonite, L50, F|
|poke|p1|Ninetales-Alola, L50, F|
|poke|p1|Arcanine-Hisui, L50, M|
|poke|p2|Tyranitar, L50, M|
|poke|p2|Kilowattrel, L50, M|
|poke|p2|Garchomp, L50, F|
|poke|p2|Archaludon, L50, M|
|poke|p2|Sneasler, L50, F|
|poke|p2|Indeedee, L50, M|
|teampreview|4
|showteam|p1|Gholdengo||GrassySeed|GoodasGold|NastyPlot,MakeItRain,ShadowBall,Protect||||||50|,,,,,Dragon]Sneasler||WhiteHerb|Unburden|CloseCombat,DireClaw,Coaching,Protect|||M|||50|,,,,,Ghost]Rillaboom||AssaultVest|GrassySurge|FakeOut,GrassyGlide,DrumBeating,HighHorsepower|||M|||50|,,,,,Fire]Dragonite||LoadedDice|Multiscale|ScaleShot,StompingTantrum,Tailwind,Protect|||F|||50|,,,,,Ground]Ninetales-Alola||FocusSash|SnowWarning|Blizzard,IcyWind,Encore,AuroraVeil|||F|||50|,,,,,Ghost]Arcanine-Hisui||ClearAmulet|Intimidate|RockSlide,FlareBlitz,ExtremeSpeed,Protect|||M|||50|,,,,,Water
|showteam|p2|Tyranitar||AssaultVest|SandStream|KnockOff,RockSlide,LowKick,TeraBlast|||M|||50|,,,,,Flying]Kilowattrel||CovertCloak|Competitive|Thunderbolt,AirSlash,Electroweb,Tailwind|||M|||50|,,,,,Grass]Garchomp||LifeOrb|SandVeil|Earthquake,DragonClaw,StompingTantrum,Protect|||F|||50|,,,,,Steel]Archaludon||PowerHerb|Sturdy|ElectroShot,DracoMeteor,FlashCannon,Protect|||M|||50|,,,,,Stellar]Sneasler||PsychicSeed|Unburden|CloseCombat,DireClaw,ThroatChop,Protect|||F|||50|,,,,,Dark]Indeedee||FocusSash|PsychicSurge|ExpandingForce,TeraBlast,Imprison,TrickRoom|||M|||50|,,,,,Ground
|inactive|Battle timer is ON: inactive players will automatically lose when time's up. (requested by certified urgl)
|inactive|Schroombert also wants the timer to be on.
|inactive|Schroombert has 60 seconds left.
|
|t:|1756639562
|teamsize|p1|4
|teamsize|p2|4
|start
|switch|p1a: Dragonite|Dragonite, L50, F|100/100
|switch|p1b: Gholdengo|Gholdengo, L50|100/100
|switch|p2a: Garchomp|Garchomp, L50, F, shiny|100/100
|switch|p2b: Tyranitar|Tyranitar, L50, M, shiny|100/100
|-weather|Sandstorm|[from] ability: Sand Stream|[of] p2b: Tyranitar
|turn|1
|inactive|Schroombert has 30 seconds left.
|inactive|Schroombert has 20 seconds left.
|inactive|Schroombert has 15 seconds left.
|inactive|Schroombert has 10 seconds left.
|
|t:|1756639610
|move|p2a: Garchomp|Protect|p2a: Garchomp
|-singleturn|p2a: Garchomp|Protect
|move|p1b: Gholdengo|Protect|p1b: Gholdengo
|-singleturn|p1b: Gholdengo|Protect
|move|p1a: Dragonite|Tailwind|p1a: Dragonite
|-sidestart|p1: certified urgl|move: Tailwind
|move|p2b: Tyranitar|Knock Off|p1b: Gholdengo
|-activate|p1b: Gholdengo|move: Protect
|
|-weather|Sandstorm|[upkeep]
|-damage|p1a: Dragonite|95/100|[from] Sandstorm
|upkeep
|turn|2
|inactive|certified urgl has 30 seconds left.
|inactive|Schroombert has 30 seconds left.
|
|t:|1756639644
|-terastallize|p1a: Dragonite|Ground
|-terastallize|p2a: Garchomp|Steel
|move|p1b: Gholdengo|Make It Rain|p2b: Tyranitar|[spread] p2a,p2b
|-resisted|p2a: Garchomp
|-supereffective|p2b: Tyranitar
|-damage|p2a: Garchomp|77/100
|-damage|p2b: Tyranitar|66/100
|-unboost|p1b: Gholdengo|spa|1
|move|p1a: Dragonite|Stomping Tantrum|p2a: Garchomp
|-supereffective|p2a: Garchomp
|-damage|p2a: Garchomp|0 fnt
|faint|p2a: Garchomp
|move|p2b: Tyranitar|Knock Off|p1a: Dragonite
|-damage|p1a: Dragonite|30/100
|-enditem|p1a: Dragonite|Loaded Dice|[from] move: Knock Off|[of] p2b: Tyranitar
|
|-weather|Sandstorm|[upkeep]
|upkeep
|inactive|Schroombert has 30 seconds left.
|
|t:|1756639674
|switch|p2a: Sneasler|Sneasler, L50, F|100/100
|turn|3
|inactive|certified urgl has 30 seconds left.
|inactive|Schroombert has 30 seconds left.
|
|t:|1756639702
|move|p2a: Sneasler|Protect|p2a: Sneasler
|-singleturn|p2a: Sneasler|Protect
|move|p1b: Gholdengo|Make It Rain|p2a: Sneasler|[spread] p2b
|-activate|p2a: Sneasler|move: Protect
|-supereffective|p2b: Tyranitar
|-damage|p2b: Tyranitar|43/100
|-unboost|p1b: Gholdengo|spa|1
|move|p1a: Dragonite|Scale Shot|p2b: Tyranitar
|-damage|p2b: Tyranitar|30/100
|-damage|p2b: Tyranitar|17/100
|-hitcount|p2b: Tyranitar|2
|-unboost|p1a: Dragonite|def|1
|-boost|p1a: Dragonite|spe|1
|move|p2b: Tyranitar|Knock Off|p1a: Dragonite
|-damage|p1a: Dragonite|0 fnt
|faint|p1a: Dragonite
|
|-weather|Sandstorm|[upkeep]
|-damage|p2a: Sneasler|95/100|[from] Sandstorm
|upkeep
|inactive|certified urgl has 30 seconds left.
|inactive|certified urgl has 20 seconds left.
|inactive|certified urgl has 15 seconds left.
|
|t:|1756639747
|switch|p1a: Rillaboom|Rillaboom, L50, M|100/100
|-fieldstart|move: Grassy Terrain|[from] ability: Grassy Surge|[of] p1a: Rillaboom
|-enditem|p1b: Gholdengo|Grassy Seed
|-boost|p1b: Gholdengo|def|1|[from] item: Grassy Seed
|turn|4
|
|t:|1756639764
|switch|p2b: Indeedee|Indeedee, L50, M|100/100
|-fieldstart|move: Psychic Terrain|[from] ability: Psychic Surge|[of] p2b: Indeedee
|-enditem|p2a: Sneasler|Psychic Seed
|-boost|p2a: Sneasler|spd|1|[from] item: Psychic Seed
|move|p2a: Sneasler|Dire Claw|p1a: Rillaboom
|-supereffective|p1a: Rillaboom
|-damage|p1a: Rillaboom|15/100
|-status|p1a: Rillaboom|slp
|cant|p1a: Rillaboom|slp
|move|p1b: Gholdengo|Make It Rain|p2a: Sneasler|[spread] p2a,p2b
|-damage|p2a: Sneasler|73/100
|-damage|p2b: Indeedee|72/100
|-unboost|p1b: Gholdengo|spa|1
|
|-weather|Sandstorm|[upkeep]
|-damage|p2a: Sneasler|68/100|[from] Sandstorm
|-damage|p1a: Rillaboom|9/100 slp|[from] Sandstorm
|-damage|p2b: Indeedee|66/100|[from] Sandstorm
|-sideend|p1: certified urgl|move: Tailwind
|upkeep
|turn|5
|c|☆certified urgl|fr???
|inactive|certified urgl has 30 seconds left.
|
|t:|1756639793
|move|p2a: Sneasler|Throat Chop|p1b: Gholdengo
|-supereffective|p1b: Gholdengo
|-damage|p1b: Gholdengo|65/100
|-start|p1b: Gholdengo|Throat Chop|[silent]
|move|p2b: Indeedee|Expanding Force|p1a: Rillaboom|[spread] p1a,p1b
|-resisted|p1b: Gholdengo
|-damage|p1a: Rillaboom|0 fnt
|-damage|p1b: Gholdengo|37/100
|faint|p1a: Rillaboom
|move|p1b: Gholdengo|Make It Rain|p2a: Sneasler|[spread] p2a,p2b
|-damage|p2a: Sneasler|50/100
|-damage|p2b: Indeedee|38/100
|-unboost|p1b: Gholdengo|spa|1
|
|-weather|none
|upkeep
|-message|certified urgl forfeited.
|
|win|Schroombert
|raw|certified urgl's rating: 1399 → 1374(-25 for losing)
|raw|Schroombert's rating: 1303 → 1328(+25 for winning)
|l|☆certified urgl
|player|p1|
|j|☆certified urgl
|player|p1|certified urgl|1|
