|j|☆ginopollo
|j|☆feivelfury
|html|ginopollofeivelfury    
|uhtml|bestof|Game 1 of a best-of-3
|t:|1756467058
|gametype|doubles
|player|p1|ginopollo|265|1066
|player|p2|feivelfury|roxie|1089
|gen|9
|tier|[Gen 9] VGC 2025 Reg H (Bo3)
|rated|
|rule|Species Clause: Limit one of each Pokémon
|rule|Item Clause: Limit 1 of each item
|clearpoke
|poke|p1|Smeargle, L50, M|
|poke|p1|Gholdengo, L50|
|poke|p1|Sneasler, L50, F|
|poke|p1|Indeedee-F, L50, F|
|poke|p1|Torkoal, L50, F|
|poke|p1|Ursaluna, L50, F|
|poke|p2|Frosmoth, L50, F|
|poke|p2|Volcarona, L50, M|
|poke|p2|Ninetales-Alola, L50, F|
|poke|p2|Garchomp, L50, F|
|poke|p2|Incineroar, L50, M|
|poke|p2|Rillaboom, L50, M|
|teampreview|4
|showteam|p1|Smeargle||FocusSash|Moody|TrickRoom,FollowMe,Spore,WideGuard|||M|||50|,,,,,Ghost]Gholdengo||LifeOrb|GoodasGold|MakeItRain,ShadowBall,NastyPlot,Protect||||||50|,,,,,Water]Sneasler||AirBalloon|Unburden|DireClaw,CloseCombat,FakeOut,Protect|||F|||50|,,,,,Dark]Indeedee-F||SafetyGoggles|PsychicSurge|TrickRoom,FollowMe,HelpingHand,DazzlingGleam|||F|||50|,,,,,Fairy]Torkoal||AssaultVest|Drought|Eruption,HeatWave,SolarBeam,EarthPower|||F|||50|,,,,,Fire]Ursaluna||FlameOrb|Guts|Protect,Facade,HeadlongRush,Earthquake|||F|||50|,,,,,Ghost
|showteam|p2|Frosmoth||Leftovers|IceScales|QuiverDance,Blizzard,TeraBlast,Protect|||F|||50|,,,,,Water]Volcarona||RockyHelmet|FlameBody|RagePowder,HeatWave,WillOWisp,StruggleBug|||M|||50|,,,,,Steel]Ninetales-Alola||LifeOrb|SnowWarning|FreezeDry,IcyWind,Moonblast,AuroraVeil|||F|||50|,,,,,Ghost]Garchomp||ClearAmulet|RoughSkin|StompingTantrum,BreakingSwipe,RockSlide,Protect|||F|||50|,,,,,Fire]Incineroar||SitrusBerry|Intimidate|FakeOut,FlareBlitz,KnockOff,PartingShot|||M|||50|,,,,,Ghost]Rillaboom||AssaultVest|GrassySurge|FakeOut,WoodHammer,GrassyGlide,HighHorsepower|||M|||50|,,,,,Fire
|inactive|Battle timer is ON: inactive players will automatically lose when time's up. (requested by ginopollo)
|inactive|feivelfury has 60 seconds left.
|
|t:|1756467159
|teamsize|p1|4
|teamsize|p2|4
|start
|switch|p1a: Sneasler|Sneasler, L50, F|100/100
|switch|p1b: Gholdengo|Gholdengo, L50|100/100
|switch|p2a: Frosmoth|Frosmoth, L50, F|100/100
|switch|p2b: Incineroar|Incineroar, L50, M|100/100
|-item|p1a: Sneasler|Air Balloon
|-ability|p2b: Incineroar|Intimidate|boost
|-unboost|p1a: Sneasler|atk|1
|-unboost|p1b: Gholdengo|atk|1
|turn|1
|inactive|feivelfury has 30 seconds left.
|
|t:|1756467193
|-terastallize|p2a: Frosmoth|Water
|move|p1a: Sneasler|Fake Out|p2b: Incineroar
|-damage|p2b: Incineroar|90/100
|cant|p2b: Incineroar|flinch
|move|p1b: Gholdengo|Nasty Plot|p1b: Gholdengo
|-boost|p1b: Gholdengo|spa|2
|move|p2a: Frosmoth|Quiver Dance|p2a: Frosmoth
|-boost|p2a: Frosmoth|spa|1
|-boost|p2a: Frosmoth|spd|1
|-boost|p2a: Frosmoth|spe|1
|
|upkeep
|turn|2
|inactive|ginopollo has 30 seconds left.
|inactive|feivelfury has 30 seconds left.
|inactive|feivelfury has 20 seconds left.
|inactive|ginopollo has 20 seconds left.
|
|t:|1756467233
|switch|p2b: Ninetales|Ninetales-Alola, L50, F|100/100
|-weather|Snowscape|[from] ability: Snow Warning|[of] p2b: Ninetales
|-terastallize|p1b: Gholdengo|Water
|move|p1a: Sneasler|Close Combat|p2b: Ninetales
|-damage|p2b: Ninetales|54/100
|-unboost|p1a: Sneasler|def|1
|-unboost|p1a: Sneasler|spd|1
|move|p2a: Frosmoth|Blizzard|p1a: Sneasler|[spread] p1a,p1b
|-resisted|p1b: Gholdengo
|-damage|p1a: Sneasler|0 fnt
|-damage|p1b: Gholdengo|72/100
|-status|p1b: Gholdengo|frz
|-enditem|p1a: Sneasler|Air Balloon
|faint|p1a: Sneasler
|cant|p1b: Gholdengo|frz
|
|-weather|Snowscape|[upkeep]
|upkeep
|
|t:|1756467252
|switch|p1a: Torkoal|Torkoal, L50, F|100/100
|-weather|SunnyDay|[from] ability: Drought|[of] p1a: Torkoal
|turn|3
|
|t:|1756467264
|switch|p2b: Incineroar|Incineroar, L50, M|90/100
|-ability|p2b: Incineroar|Intimidate|boost
|-unboost|p1a: Torkoal|atk|1
|-unboost|p1b: Gholdengo|atk|1
|switch|p1a: Indeedee|Indeedee-F, L50, F|100/100
|-fieldstart|move: Psychic Terrain|[from] ability: Psychic Surge|[of] p1a: Indeedee
|move|p2a: Frosmoth|Tera Blast|p1a: Indeedee|[anim] Tera Blast Water
|-damage|p1a: Indeedee|80/100
|cant|p1b: Gholdengo|frz
|
|-weather|SunnyDay|[upkeep]
|upkeep
|turn|4
|
|t:|1756467282
|move|p2a: Frosmoth|Quiver Dance|p2a: Frosmoth
|-boost|p2a: Frosmoth|spa|1
|-boost|p2a: Frosmoth|spd|1
|-boost|p2a: Frosmoth|spe|1
|cant|p1b: Gholdengo|frz
|move|p2b: Incineroar|Parting Shot|p1b: Gholdengo
|-immune|p1b: Gholdengo|[from] ability: Good as Gold
|move|p1a: Indeedee|Trick Room|p1a: Indeedee
|-fieldstart|move: Trick Room|[of] p1a: Indeedee
|
|-weather|SunnyDay|[upkeep]
|upkeep
|turn|5
|inactive|feivelfury has 30 seconds left.
|
|t:|1756467309
|move|p1a: Indeedee|Helping Hand|p1b: Gholdengo
|-immune|p1b: Gholdengo|[from] ability: Good as Gold
|move|p2b: Incineroar|Knock Off|p1a: Indeedee
|-supereffective|p1a: Indeedee
|-damage|p1a: Indeedee|0 fnt
|-enditem|p1a: Indeedee|Safety Goggles|[from] move: Knock Off|[of] p2b: Incineroar
|faint|p1a: Indeedee
|cant|p1b: Gholdengo|frz
|move|p2a: Frosmoth|Blizzard|p1b: Gholdengo
|-resisted|p1b: Gholdengo
|-damage|p1b: Gholdengo|24/100 frz
|
|-weather|SunnyDay|[upkeep]
|upkeep
|
|t:|1756467317
|switch|p1a: Torkoal|Torkoal, L50, F|100/100
|turn|6
|
|t:|1756467337
|switch|p2b: Ninetales|Ninetales-Alola, L50, F|54/100
|-weather|Snowscape|[from] ability: Snow Warning|[of] p2b: Ninetales
|move|p1a: Torkoal|Solar Beam||[still]
|-prepare|p1a: Torkoal|Solar Beam
|cant|p1b: Gholdengo|frz
|move|p2a: Frosmoth|Blizzard|p1a: Torkoal|[spread] p1a,p1b
|-resisted|p1a: Torkoal
|-resisted|p1b: Gholdengo
|-damage|p1a: Torkoal|74/100
|-damage|p1b: Gholdengo|0 fnt
|faint|p1b: Gholdengo
|
|-weather|Snowscape|[upkeep]
|upkeep
|turn|7
|
|t:|1756467359
|move|p1a: Torkoal|Solar Beam|p2a: Frosmoth|[from] lockedmove
|-supereffective|p2a: Frosmoth
|-damage|p2a: Frosmoth|90/100
|move|p2b: Ninetales|Aurora Veil|p2b: Ninetales
|-sidestart|p2: feivelfury|move: Aurora Veil
|move|p2a: Frosmoth|Tera Blast|p1a: Torkoal|[anim] Tera Blast Water
|-supereffective|p1a: Torkoal
|-damage|p1a: Torkoal|0 fnt
|faint|p1a: Torkoal
|
|win|feivelfury
||ginopollo is ready for game 2.
|inactive|feivelfury has 30 seconds to confirm battle start!
