|j|☆NotNiceface
|j|☆kezi kezi
|html|NotNicefacekezi kezi    
|uhtml|bestof|Game 2 of a best-of-3
|t:|1756240591
|gametype|doubles
|player|p1|NotNiceface|170|1142
|player|p2|kezi kezi|1|1026
|gen|9
|tier|[Gen 9] VGC 2025 Reg H (Bo3)
|rated|
|rule|Species Clause: Limit one of each Pokémon
|rule|Item Clause: Limit 1 of each item
|clearpoke
|poke|p1|Primarina, L50, F|
|poke|p1|Rillaboom, L50, F|
|poke|p1|Sneasler, L50, M|
|poke|p1|Dragapult, L50, F|
|poke|p1|Electabuzz, L50, F|
|poke|p1|Kingambit, L50, M|
|poke|p2|Annihilape, L50, F|
|poke|p2|Kingambit, L50, M|
|poke|p2|Primarina, L50, F|
|poke|p2|Incineroar, L50, F|
|poke|p2|Amoonguss, L50, F|
|poke|p2|Kilowattrel, L50, F|
|teampreview|4
|showteam|p1|Primarina||LifeOrb|LiquidVoice|HyperVoice,Moonblast,Haze,Protect|||F|||50|,,,,,Poison]Rillaboom||AssaultVest|GrassySurge|WoodHammer,GrassyGlide,Uturn,FakeOut|||F|||50|,,,,,Fire]Sneasler||FocusSash|PoisonTouch|DireClaw,CloseCombat,FakeOut,Protect|||M|||50|,,,,,Stellar]Dragapult||ChoiceBand|ClearBody|DragonDarts,Uturn,PhantomForce,TeraBlast|||F|||50|,,,,,Fire]Electabuzz||Eviolite|VitalSpirit|FollowMe,Electroweb,Taunt,Protect|||F|||50|,,,,,Ghost]Kingambit||BlackGlasses|Defiant|KowtowCleave,SuckerPunch,SwordsDance,Protect|||M|||50|,,,,,Dark
|showteam|p2|Annihilape||ChoiceScarf|Defiant|CloseCombat,ShadowClaw,PoisonJab,FinalGambit|||F|||50|,,,,,Fighting]Kingambit||BlackGlasses|Defiant|KowtowCleave,IronHead,SuckerPunch,Protect|||M|||50|,,,,,Dark]Primarina||ThroatSpray|LiquidVoice|HyperVoice,DazzlingGleam,CalmMind,Protect|||F|||50|,,,,,Water]Incineroar||SafetyGoggles|Intimidate|FakeOut,PartingShot,KnockOff,Protect|||F|||50|,,,,,Fire]Amoonguss||SitrusBerry|Regenerator|SludgeBomb,Spore,RagePowder,Protect|||F|||50|,,,,,Grass]Kilowattrel||FocusSash|Competitive|AirSlash,Tailwind,Thunderbolt,Protect|||F|||50|,,,,,Electric
|inactive|Battle timer is ON: inactive players will automatically lose when time's up. (requested by NotNiceface)
|
|t:|1756240624
|teamsize|p1|4
|teamsize|p2|4
|start
|switch|p1a: Sneasler|Sneasler, L50, M|100/100
|switch|p1b: Dragapult|Dragapult, L50, F|100/100
|switch|p2a: Kilowattrel|Kilowattrel, L50, F|100/100
|switch|p2b: Primarina|Primarina, L50, F|100/100
|turn|1
|
|t:|1756240647
|-terastallize|p2b: Primarina|Water
|move|p1b: Dragapult|Dragon Darts|p2a: Kilowattrel
|-damage|p2a: Kilowattrel|29/100
|-anim|p1b: Dragapult|Dragon Darts|p2b: Primarina
|-crit|p2b: Primarina
|-damage|p2b: Primarina|36/100
|move|p2a: Kilowattrel|Tailwind|p2a: Kilowattrel
|-sidestart|p2: kezi kezi|move: Tailwind
|move|p1a: Sneasler|Dire Claw|p2b: Primarina
|-damage|p2b: Primarina|0 fnt
|faint|p2b: Primarina
|
|upkeep
|
|t:|1756240660
|switch|p2b: Annihilape|Annihilape, L50, F|100/100
|turn|2
|
|t:|1756240679
|switch|p1b: Electabuzz|Electabuzz, L50, F|100/100
|move|p1a: Sneasler|Protect|p1a: Sneasler
|-singleturn|p1a: Sneasler|Protect
|move|p2b: Annihilape|Close Combat|p1b: Electabuzz
|-damage|p1b: Electabuzz|50/100
|-unboost|p2b: Annihilape|def|1
|-unboost|p2b: Annihilape|spd|1
|move|p2a: Kilowattrel|Air Slash|p1a: Sneasler
|-activate|p1a: Sneasler|move: Protect
|
|upkeep
|turn|3
|inactive|NotNiceface has 30 seconds left.
|
|t:|1756240706
|-terastallize|p1b: Electabuzz|Ghost
|move|p1b: Electabuzz|Follow Me|p1b: Electabuzz
|-singleturn|p1b: Electabuzz|move: Follow Me
|move|p2b: Annihilape|Close Combat|p1b: Electabuzz
|-immune|p1b: Electabuzz
|move|p2a: Kilowattrel|Air Slash|p1b: Electabuzz
|-damage|p1b: Electabuzz|21/100
|move|p1a: Sneasler|Dire Claw|p2a: Kilowattrel
|-damage|p2a: Kilowattrel|0 fnt
|faint|p2a: Kilowattrel
|
|upkeep
|
|t:|1756240719
|switch|p2a: Amoonguss|Amoonguss, L50, F|100/100
|turn|4
|
|t:|1756240731
|move|p1b: Electabuzz|Follow Me|p1b: Electabuzz
|-singleturn|p1b: Electabuzz|move: Follow Me
|move|p2b: Annihilape|Close Combat|p1b: Electabuzz
|-immune|p1b: Electabuzz
|move|p1a: Sneasler|Dire Claw|p2a: Amoonguss
|-damage|p2a: Amoonguss|65/100
|-status|p2a: Amoonguss|par
|move|p2a: Amoonguss|Spore|p1b: Electabuzz
|-immune|p1b: Electabuzz|[from] ability: Vital Spirit
|
|-sideend|p2: kezi kezi|move: Tailwind
|upkeep
|turn|5
|
|t:|1756240747
|move|p1b: Electabuzz|Follow Me|p1b: Electabuzz
|-singleturn|p1b: Electabuzz|move: Follow Me
|move|p2b: Annihilape|Close Combat|p1b: Electabuzz
|-immune|p1b: Electabuzz
|move|p1a: Sneasler|Dire Claw|p2a: Amoonguss
|-damage|p2a: Amoonguss|30/100 par
|-enditem|p2a: Amoonguss|Sitrus Berry|[eat]
|-heal|p2a: Amoonguss|55/100 par|[from] item: Sitrus Berry
|move|p2a: Amoonguss|Sludge Bomb|p1b: Electabuzz
|-resisted|p1b: Electabuzz
|-damage|p1b: Electabuzz|10/100
|
|upkeep
|turn|6
|
|t:|1756240762
|move|p1b: Electabuzz|Follow Me|p1b: Electabuzz
|-singleturn|p1b: Electabuzz|move: Follow Me
|move|p2b: Annihilape|Close Combat|p1b: Electabuzz
|-immune|p1b: Electabuzz
|move|p1a: Sneasler|Dire Claw|p2a: Amoonguss
|-damage|p2a: Amoonguss|20/100 par
|move|p2a: Amoonguss|Sludge Bomb|p1b: Electabuzz
|-resisted|p1b: Electabuzz
|-damage|p1b: Electabuzz|0 fnt
|faint|p1b: Electabuzz
|
|upkeep
|
|t:|1756240773
|switch|p1b: Dragapult|Dragapult, L50, F|100/100
|turn|7
|
|t:|1756240781
|move|p2a: Amoonguss|Protect|p2a: Amoonguss
|-singleturn|p2a: Amoonguss|Protect
|move|p2b: Annihilape|Close Combat|p1a: Sneasler
|-resisted|p1a: Sneasler
|-damage|p1a: Sneasler|42/100
|-unboost|p2b: Annihilape|def|1
|-unboost|p2b: Annihilape|spd|1
|move|p1b: Dragapult|Dragon Darts|p2b: Annihilape
|-damage|p2b: Annihilape|13/100
|-anim|p1b: Dragapult|Dragon Darts|p2b: Annihilape
|-damage|p2b: Annihilape|0 fnt
|faint|p2b: Annihilape
|move|p1a: Sneasler|Dire Claw|p2a: Amoonguss
|-activate|p2a: Amoonguss|move: Protect
|
|upkeep
|turn|8
|c|☆kezi kezi|ggs
|
|t:|1756240798
|move|p1b: Dragapult|Dragon Darts|p2a: Amoonguss
|-damage|p2a: Amoonguss|0 fnt
|faint|p2a: Amoonguss
|
|win|NotNiceface
|raw|NotNiceface's rating: 1142 → 1159(+17 for winning)
|raw|kezi kezi's rating: 1026 → 1017(-9 for losing)
|l|☆kezi kezi
|player|p2|
|c|☆NotNiceface|ggs
