|j|☆MSAtlos
|j|☆Hemz0 0
|html|MSAtlosHemz0 0    
|uhtml|bestof|Game 2 of a best-of-3
|t:|1757083036
|gametype|doubles
|player|p1|MSAtlos|clair|1095
|player|p2|Hemz0 0|supernerd|1132
|gen|9
|tier|[Gen 9] VGC 2025 Reg H (Bo3)
|rated|
|rule|Species Clause: Limit one of each Pokémon
|rule|Item Clause: Limit 1 of each item
|clearpoke
|poke|p1|Baxcalibur, L50, F|
|poke|p1|Rillaboom, L50, M|
|poke|p1|Sneasler, L50, F|
|poke|p1|Volcarona, L50, M|
|poke|p1|Annihilape, L50, F|
|poke|p1|Maushold-Four, L50|
|poke|p2|Incineroar, L50, F|
|poke|p2|Ursaluna, L50, M|
|poke|p2|Pelipper, L50, F|
|poke|p2|Sinistcha, L50|
|poke|p2|Archaludon, L50, M|
|poke|p2|Dragonite, L50, F|
|teampreview|4
|showteam|p1|Baxcalibur||LoadedDice|ThermalExchange|Protect,IcicleSpear,ScaleShot,IceShard|||F|||50|,,,,,Poison]Rillaboom||AssaultVest|GrassySurge|WoodHammer,GrassyGlide,FakeOut,HighHorsepower|||M|||50|,,,,,Fire]Sneasler||FocusSash|Unburden|Protect,CloseCombat,DireClaw,Coaching|||F|||50|,,,,,Stellar]Volcarona||CovertCloak|FlameBody|HeatWave,TeraBlast,QuiverDance,RagePowder|||M|||50|,,,,,Fairy]Annihilape||SitrusBerry|Defiant|DrainPunch,RageFist,BulkUp,Protect|||F|||50|,,,,,Fire]Maushold-Four||SafetyGoggles|FriendGuard|BeatUp,Taunt,FollowMe,Protect||||||50|,,,,,Ghost
|showteam|p2|Incineroar||SafetyGoggles|Intimidate|FlareBlitz,KnockOff,FakeOut,PartingShot|||F|||50|,,,,,Ghost]Ursaluna||FlameOrb|Guts|Protect,Facade,HeadlongRush,Earthquake|||M|||50|,,,,,Ghost]Pelipper||FocusSash|Drizzle|Protect,MuddyWater,Hurricane,WideGuard|||F|||50|,,,,,Stellar]Sinistcha||SitrusBerry|Hospitality|GigaDrain,LifeDew,RagePowder,TrickRoom||||||50|,,,,,Dark]Archaludon||AssaultVest|Stamina|FlashCannon,BodyPress,ElectroShot,DragonPulse|||M|||50|,,,,,Grass]Dragonite||LoadedDice|Multiscale|Protect,ScaleShot,Tailwind,Haze|||F|||50|,,,,,Steel
|inactive|Battle timer is ON: inactive players will automatically lose when time's up. (requested by Hemz0 0)
|
|t:|1757083091
|teamsize|p1|4
|teamsize|p2|4
|start
|switch|p1a: Baxcalibur|Baxcalibur, L50, F|100/100
|switch|p1b: Sneasler|Sneasler, L50, F|100/100
|switch|p2a: Dragonite|Dragonite, L50, F|100/100
|switch|p2b: Archaludon|Archaludon, L50, M|100/100
|turn|1
|inactive|Hemz0 0 has 30 seconds left.
|inactive|Hemz0 0 has 20 seconds left.
|
|t:|1757083131
|switch|p2a: Pelipper|Pelipper, L50, F|100/100
|-weather|RainDance|[from] ability: Drizzle|[of] p2a: Pelipper
|-terastallize|p2b: Archaludon|Grass
|move|p1a: Baxcalibur|Protect|p1a: Baxcalibur
|-singleturn|p1a: Baxcalibur|Protect
|move|p1b: Sneasler|Coaching|p1a: Baxcalibur
|-boost|p1a: Baxcalibur|atk|1
|-boost|p1a: Baxcalibur|def|1
|move|p2b: Archaludon|Electro Shot||[still]
|-prepare|p2b: Archaludon|Electro Shot
|-boost|p2b: Archaludon|spa|1
|-anim|p2b: Archaludon|Electro Shot|p1b: Sneasler
|-damage|p1b: Sneasler|15/100
|
|-weather|RainDance|[upkeep]
|upkeep
|turn|2
|inactive|MSAtlos has 30 seconds left.
|inactive|Hemz0 0 has 30 seconds left.
|inactive|MSAtlos has 20 seconds left.
|inactive|MSAtlos has 15 seconds left.
|inactive|MSAtlos has 10 seconds left.
|inactive|MSAtlos has 5 seconds left.
|
|t:|1757083186
|move|p1b: Sneasler|Protect|p1b: Sneasler
|-singleturn|p1b: Sneasler|Protect
|move|p1a: Baxcalibur|Protect|p1a: Baxcalibur
|-singleturn|p1a: Baxcalibur|Protect
|move|p2a: Pelipper|Muddy Water|p1b: Sneasler|[spread] 
|-activate|p1a: Baxcalibur|move: Protect
|-activate|p1b: Sneasler|move: Protect
|move|p2b: Archaludon|Dragon Pulse|p1a: Baxcalibur
|-activate|p1a: Baxcalibur|move: Protect
|
|-weather|RainDance|[upkeep]
|upkeep
|turn|3
|inactive|MSAtlos has 30 seconds left.
|inactive|Hemz0 0 has 30 seconds left.
|
|t:|1757083214
|switch|p1b: Volcarona|Volcarona, L50, M|100/100
|move|p1a: Baxcalibur|Scale Shot|p2a: Pelipper
|-damage|p2a: Pelipper|67/100
|-crit|p2a: Pelipper
|-damage|p2a: Pelipper|18/100
|-damage|p2a: Pelipper|0 fnt
|faint|p2a: Pelipper
|-hitcount|p2: Pelipper|3
|-unboost|p1a: Baxcalibur|def|1
|-boost|p1a: Baxcalibur|spe|1
|move|p2b: Archaludon|Electro Shot||[still]
|-prepare|p2b: Archaludon|Electro Shot
|-boost|p2b: Archaludon|spa|1
|-anim|p2b: Archaludon|Electro Shot|p1a: Baxcalibur
|-resisted|p1a: Baxcalibur
|-damage|p1a: Baxcalibur|57/100
|
|-weather|RainDance|[upkeep]
|upkeep
|inactive|Hemz0 0 has 30 seconds left.
|
|t:|1757083239
|switch|p2a: Sinistcha|Sinistcha, L50|100/100
|turn|4
|
|t:|1757083251
|-terastallize|p1a: Baxcalibur|Poison
|move|p1a: Baxcalibur|Icicle Spear|p2a: Sinistcha
|-supereffective|p2a: Sinistcha
|-damage|p2a: Sinistcha|57/100
|-supereffective|p2a: Sinistcha
|-damage|p2a: Sinistcha|13/100
|-enditem|p2a: Sinistcha|Sitrus Berry|[eat]
|-heal|p2a: Sinistcha|38/100|[from] item: Sitrus Berry
|-supereffective|p2a: Sinistcha
|-damage|p2a: Sinistcha|0 fnt
|faint|p2a: Sinistcha
|-hitcount|p2: Sinistcha|3
|move|p1b: Volcarona|Quiver Dance|p1b: Volcarona
|-boost|p1b: Volcarona|spa|1
|-boost|p1b: Volcarona|spd|1
|-boost|p1b: Volcarona|spe|1
|move|p2b: Archaludon|Electro Shot||[still]
|-prepare|p2b: Archaludon|Electro Shot
|-boost|p2b: Archaludon|spa|1
|-anim|p2b: Archaludon|Electro Shot|p1b: Volcarona
|-damage|p1b: Volcarona|39/100
|
|-weather|RainDance|[upkeep]
|upkeep
|
|t:|1757083270
|switch|p2a: Dragonite|Dragonite, L50, F|100/100
|turn|5
|
|t:|1757083288
|move|p1b: Volcarona|Rage Powder|p1b: Volcarona
|-singleturn|p1b: Volcarona|move: Rage Powder
|move|p1a: Baxcalibur|Icicle Spear|p2b: Archaludon
|-supereffective|p2b: Archaludon
|-damage|p2b: Archaludon|64/100
|-ability|p2b: Archaludon|Stamina|boost
|-boost|p2b: Archaludon|def|1
|-supereffective|p2b: Archaludon
|-damage|p2b: Archaludon|43/100
|-ability|p2b: Archaludon|Stamina|boost
|-boost|p2b: Archaludon|def|1
|-supereffective|p2b: Archaludon
|-damage|p2b: Archaludon|26/100
|-ability|p2b: Archaludon|Stamina|boost
|-boost|p2b: Archaludon|def|1
|-supereffective|p2b: Archaludon
|-damage|p2b: Archaludon|13/100
|-ability|p2b: Archaludon|Stamina|boost
|-boost|p2b: Archaludon|def|1
|-hitcount|p2b: Archaludon|4
|move|p2a: Dragonite|Tailwind|p2a: Dragonite
|-sidestart|p2: Hemz0 0|move: Tailwind
|move|p2b: Archaludon|Electro Shot||[still]
|-prepare|p2b: Archaludon|Electro Shot
|-boost|p2b: Archaludon|spa|1
|-anim|p2b: Archaludon|Electro Shot|p1a: Baxcalibur
|-damage|p1a: Baxcalibur|0 fnt
|faint|p1a: Baxcalibur
|
|-weather|none
|upkeep
|inactive|MSAtlos has 30 seconds left.
|
|t:|1757083313
|switch|p1a: Rillaboom|Rillaboom, L50, M|100/100
|-fieldstart|move: Grassy Terrain|[from] ability: Grassy Surge|[of] p1a: Rillaboom
|turn|6
|inactive|MSAtlos has 30 seconds left.
|inactive|Hemz0 0 has 30 seconds left.
|inactive|MSAtlos has 20 seconds left.
|inactive|MSAtlos has 15 seconds left.
|
|t:|1757083355
|move|p1a: Rillaboom|Fake Out|p2b: Archaludon
|-damage|p2b: Archaludon|10/100
|-ability|p2b: Archaludon|Stamina|boost
|-boost|p2b: Archaludon|def|1
|move|p2a: Dragonite|Scale Shot|p1b: Volcarona
|-damage|p1b: Volcarona|21/100
|-damage|p1b: Volcarona|4/100
|-damage|p1b: Volcarona|0 fnt
|faint|p1b: Volcarona
|-hitcount|p1: Volcarona|3
|-unboost|p2a: Dragonite|def|1
|-boost|p2a: Dragonite|spe|1
|cant|p2b: Archaludon|flinch
|
|-heal|p2b: Archaludon|16/100|[from] Grassy Terrain
|upkeep
|
|t:|1757083361
|switch|p1b: Sneasler|Sneasler, L50, F|15/100
|turn|7
|inactive|Hemz0 0 has 30 seconds left.
|inactive|Hemz0 0 has 20 seconds left.
|inactive|Hemz0 0 has 15 seconds left.
|inactive|MSAtlos has 30 seconds left.
|inactive|Hemz0 0 has 10 seconds left.
|
|t:|1757083413
|move|p1a: Rillaboom|Grassy Glide|p2a: Dragonite
|-resisted|p2a: Dragonite
|-damage|p2a: Dragonite|93/100
|move|p2a: Dragonite|Scale Shot|p1b: Sneasler
|-damage|p1b: Sneasler|0 fnt
|faint|p1b: Sneasler
|-hitcount|p1: Sneasler|1
|-unboost|p2a: Dragonite|def|1
|-boost|p2a: Dragonite|spe|1
|move|p2b: Archaludon|Dragon Pulse|p1a: Rillaboom
|-damage|p1a: Rillaboom|18/100
|
|-heal|p2b: Archaludon|22/100|[from] Grassy Terrain
|-heal|p1a: Rillaboom|24/100|[from] Grassy Terrain
|upkeep
|turn|8
|-message|MSAtlos forfeited.
|
|win|Hemz0 0
|raw|MSAtlos's rating: 1095 → 1073(-22 for losing)
|raw|Hemz0 0's rating: 1132 → 1154(+22 for winning)
|l|☆MSAtlos
|player|p1|
