|j|☆Pacogol
|j|☆Crystneel
|html|PacogolCrystneel    
|uhtml|bestof|Game 1 of a best-of-3
|t:|1757160564
|gametype|doubles
|player|p1|Pacogol|2|1118
|player|p2|Crystneel|ethan|1199
|gen|9
|tier|[Gen 9] VGC 2025 Reg H (Bo3)
|rated|
|rule|Species Clause: Limit one of each Pokémon
|rule|Item Clause: Limit 1 of each item
|clearpoke
|poke|p1|Sneasler, L50, M|
|poke|p1|Indeedee, L50, M|
|poke|p1|Ursaluna-Bloodmoon, L50, M|
|poke|p1|Talonflame, L50, M|
|poke|p1|Electabuzz, L50, M|
|poke|p1|Hydreigon, L50, M|
|poke|p2|Volcarona, L50, F|
|poke|p2|Electabuzz, L50, F|
|poke|p2|Sneasler, L50, M|
|poke|p2|Rillaboom, L50, F|
|poke|p2|Dragonite, L50, F|
|poke|p2|Ursaluna-Bloodmoon, L50, M|
|teampreview|4
|showteam|p1|Sneasler||PsychicSeed|Unburden|Protect,CloseCombat,DireClaw,ThroatChop|||M|||50|,,,,,Dark]Indeedee||FocusSash|PsychicSurge|ExpandingForce,Protect,TrickRoom,HelpingHand|||M|||50|,,,,,Psychic]Ursaluna-Bloodmoon||LifeOrb|MindsEye|Protect,HyperVoice,EarthPower,BloodMoon|||M|||50|,,,,,Normal]Talonflame||CovertCloak|GaleWings|Tailwind,DualWingbeat,Taunt,WillOWisp|||M|||50|,,,,,Stellar]Electabuzz||Eviolite|VitalSpirit|Taunt,FollowMe,Protect,Electroweb|||M|||50|,,,,,Fairy]Hydreigon||ChoiceSpecs|Levitate|HeatWave,DracoMeteor,DarkPulse,Snarl|||M|||50|,,,,,Fire
|showteam|p2|Volcarona||Leftovers|FlameBody|FieryDance,QuiverDance,GigaDrain,Protect|||F|||50|,,,,,Water]Electabuzz||Eviolite|Static|FollowMe,Electroweb,VoltSwitch,Taunt|||F|||50|,,,,,Fairy]Sneasler||GrassySeed|Unburden|DireClaw,CloseCombat,ThroatChop,Protect|||M|||50|,,,,,Dark]Rillaboom||AssaultVest|GrassySurge|FakeOut,GrassyGlide,WoodHammer,Uturn|||F|||50|,,,,,Fire]Dragonite||LoadedDice|Multiscale|ExtremeSpeed,ScaleShot,IceSpinner,LowKick|||F|||50|,,,,,Normal]Ursaluna-Bloodmoon||ThroatSpray|MindsEye|BloodMoon,HyperVoice,EarthPower,Protect|||M|||50|,,,,,Poison
|inactive|Battle timer is ON: inactive players will automatically lose when time's up. (requested by Crystneel)
|inactive|Pacogol has 60 seconds left.
|
|t:|1757160682
|teamsize|p1|4
|teamsize|p2|4
|start
|switch|p1a: Talonflame|Talonflame, L50, M|100/100
|switch|p1b: Ursaluna|Ursaluna-Bloodmoon, L50, M|100/100
|switch|p2a: Volcarona|Volcarona, L50, F|100/100
|switch|p2b: Electabuzz|Electabuzz, L50, F|100/100
|turn|1
|inactive|Pacogol has 30 seconds left.
|inactive|Crystneel has 30 seconds left.
|inactive|Crystneel has 20 seconds left.
|inactive|Pacogol has 20 seconds left.
|inactive|Pacogol has 15 seconds left.
|
|t:|1757160728
|move|p2b: Electabuzz|Follow Me|p2b: Electabuzz
|-singleturn|p2b: Electabuzz|move: Follow Me
|move|p1a: Talonflame|Taunt|p2b: Electabuzz
|-start|p2b: Electabuzz|move: Taunt
|move|p2a: Volcarona|Quiver Dance|p2a: Volcarona
|-boost|p2a: Volcarona|spa|1
|-boost|p2a: Volcarona|spd|1
|-boost|p2a: Volcarona|spe|1
|move|p1b: Ursaluna|Hyper Voice|p2a: Volcarona|[spread] p2a,p2b
|-damage|p2a: Volcarona|69/100
|-damage|p2b: Electabuzz|70/100
|-damage|p1b: Ursaluna|91/100|[from] item: Life Orb
|
|-heal|p2a: Volcarona|75/100|[from] item: Leftovers
|upkeep
|turn|2
|inactive|Pacogol has 30 seconds left.
|inactive|Pacogol has 20 seconds left.
|inactive|Crystneel has 30 seconds left.
|inactive|Pacogol has 15 seconds left.
|
|t:|1757160768
|switch|p2b: Rillaboom|Rillaboom, L50, F|100/100
|-fieldstart|move: Grassy Terrain|[from] ability: Grassy Surge|[of] p2b: Rillaboom
|-terastallize|p2a: Volcarona|Water
|-terastallize|p1b: Ursaluna|Normal
|move|p2a: Volcarona|Giga Drain|p1b: Ursaluna
|-damage|p1b: Ursaluna|31/100
|-heal|p2a: Volcarona|100/100|[from] drain|[of] p1b: Ursaluna
|move|p1a: Talonflame|Taunt|p2a: Volcarona
|-start|p2a: Volcarona|move: Taunt
|move|p1b: Ursaluna|Blood Moon|p2b: Rillaboom
|-damage|p2b: Rillaboom|0 fnt
|faint|p2b: Rillaboom
|-damage|p1b: Ursaluna|22/100|[from] item: Life Orb
|
|-heal|p1b: Ursaluna|27/100|[from] Grassy Terrain
|upkeep
|
|t:|1757160783
|switch|p2b: Electabuzz|Electabuzz, L50, F|70/100
|turn|3
|
|t:|1757160804
|move|p1b: Ursaluna|Protect|p1b: Ursaluna
|-singleturn|p1b: Ursaluna|Protect
|move|p1a: Talonflame|Tailwind|p1a: Talonflame
|-sidestart|p1: Pacogol|move: Tailwind
|move|p2a: Volcarona|Fiery Dance|p1a: Talonflame
|-resisted|p1a: Talonflame
|-damage|p1a: Talonflame|60/100
|move|p2b: Electabuzz|Volt Switch|p1a: Talonflame
|-supereffective|p1a: Talonflame
|-damage|p1a: Talonflame|0 fnt
|faint|p1a: Talonflame
|
|t:|1757160814
|switch|p2b: Sneasler|Sneasler, L50, M|100/100|[from] Volt Switch
|-enditem|p2b: Sneasler|Grassy Seed
|-boost|p2b: Sneasler|def|1|[from] item: Grassy Seed
|
|-heal|p1b: Ursaluna|33/100|[from] Grassy Terrain
|upkeep
|
|t:|1757160829
|switch|p1a: Indeedee|Indeedee, L50, M|100/100
|-fieldstart|move: Psychic Terrain|[from] ability: Psychic Surge|[of] p1a: Indeedee
|turn|4
|inactive|Pacogol has 30 seconds left.
|inactive|Crystneel has 30 seconds left.
|inactive|Pacogol has 20 seconds left.
|
|t:|1757160866
|move|p2b: Sneasler|Close Combat|p1b: Ursaluna
|-supereffective|p1b: Ursaluna
|-damage|p1b: Ursaluna|0 fnt
|-unboost|p2b: Sneasler|def|1
|-unboost|p2b: Sneasler|spd|1
|faint|p1b: Ursaluna
|move|p1a: Indeedee|Expanding Force|p2a: Volcarona|[spread] p2a,p2b
|-supereffective|p2b: Sneasler
|-damage|p2a: Volcarona|70/100
|-damage|p2b: Sneasler|0 fnt
|faint|p2b: Sneasler
|move|p2a: Volcarona|Fiery Dance|p1a: Indeedee
|-damage|p1a: Indeedee|27/100
|
|-heal|p2a: Volcarona|76/100|[from] item: Leftovers
|upkeep
|
|t:|1757160879
|switch|p2b: Electabuzz|Electabuzz, L50, F|70/100
|switch|p1b: Hydreigon|Hydreigon, L50, M|100/100
|turn|5
|inactive|Pacogol has 30 seconds left.
|inactive|Pacogol has 20 seconds left.
|inactive|Pacogol has 15 seconds left.
|inactive|Pacogol has 10 seconds left.
|inactive|Pacogol has 5 seconds left.
|
|t:|1757160935
|move|p1b: Hydreigon|Heat Wave|p2a: Volcarona|[spread] p2a,p2b
|-resisted|p2a: Volcarona
|-damage|p2a: Volcarona|65/100
|-damage|p2b: Electabuzz|48/100
|move|p1a: Indeedee|Expanding Force|p2a: Volcarona|[spread] p2a,p2b
|-damage|p2a: Volcarona|34/100
|-damage|p2b: Electabuzz|17/100
|move|p2a: Volcarona|Giga Drain|p1a: Indeedee
|-damage|p1a: Indeedee|0 fnt
|-heal|p2a: Volcarona|43/100|[from] drain|[of] p1a: Indeedee
|faint|p1a: Indeedee
|move|p2b: Electabuzz|Electroweb|p1b: Hydreigon
|-resisted|p1b: Hydreigon
|-damage|p1b: Hydreigon|91/100
|-unboost|p1b: Hydreigon|spe|1
|
|-heal|p2a: Volcarona|49/100|[from] item: Leftovers
|-end|p2a: Volcarona|move: Taunt
|upkeep
|turn|6
|-message|Pacogol forfeited.
|
|win|Crystneel
|l|☆Pacogol
|player|p1|
