|j|☆Thad Stevens
|j|☆TeyVgc
|html|Thad StevensTeyVgc    
|uhtml|bestof|Game 1 of a best-of-3
|t:|1757099118
|gametype|doubles
|player|p1|Thad Stevens|pryce|1210
|player|p2|TeyVgc|101|1258
|gen|9
|tier|[Gen 9] VGC 2025 Reg H (Bo3)
|rated|
|rule|Species Clause: Limit one of each Pokémon
|rule|Item Clause: Limit 1 of each item
|clearpoke
|poke|p1|Sneasler, L50, M|
|poke|p1|Indeedee, L50, M|
|poke|p1|Volcarona, L50, F|
|poke|p1|Ursaluna-Bloodmoon, L50, M|
|poke|p1|Annihilape, L50, M|
|poke|p1|Tyranitar, L50, M|
|poke|p2|Gholdengo, L50|
|poke|p2|Dragonite, L50, F|
|poke|p2|Sneasler, L50, M|
|poke|p2|Incineroar, L50, F|
|poke|p2|Indeedee, L50, M|
|poke|p2|Gastrodon, L50, M|
|teampreview|4
|showteam|p1|Sneasler||PsychicSeed|Unburden|CloseCombat,DireClaw,ThroatChop,Protect|||M|||50|,,,,,Dark]Indeedee||ChoiceScarf|PsychicSurge|ExpandingForce,TeraBlast,Trick,Protect|||M|||50|,,,,,Psychic]Volcarona||SitrusBerry|FlameBody|Overheat,StruggleBug,RagePowder,Tailwind|||F|||50|,,,,,Grass]Ursaluna-Bloodmoon||LifeOrb|MindsEye|BloodMoon,HyperVoice,EarthPower,Protect|||M|||50|,,,,,Normal]Annihilape||SafetyGoggles|Defiant|CloseCombat,RageFist,Taunt,FinalGambit|||M|||50|,,,,,Fairy]Tyranitar||AssaultVest|SandStream|RockSlide,KnockOff,TeraBlast,LowKick|||M|||50|,,,,,Flying
|showteam|p2|Gholdengo||LifeOrb|GoodasGold|Protect,MakeItRain,ShadowBall,NastyPlot||||||50|,,,,,Water]Dragonite||LoadedDice|Multiscale|ScaleShot,Tailwind,Haze,Protect|||F|||50|,,,,,Fairy]Sneasler||PsychicSeed|Unburden|Protect,DireClaw,CloseCombat,ThroatChop|||M|||50|,,,,,Dark]Incineroar||SafetyGoggles|Intimidate|KnockOff,PartingShot,FlareBlitz,FakeOut|||F|||50|,,,,,Ghost]Indeedee||FocusSash|PsychicSurge|ExpandingForce,TrickRoom,Imprison,TeraBlast|||M|||50|,,,,,Fighting]Gastrodon||Leftovers|StormDrain|EarthPower,Yawn,Recover,IceBeam|||M|||50|,,,,,Poison
|inactive|Battle timer is ON: inactive players will automatically lose when time's up. (requested by Thad Stevens)
|inactive|Thad Stevens has 60 seconds left.
|inactive|TeyVgc has 60 seconds left.
|
|t:|1757099176
|teamsize|p1|4
|teamsize|p2|4
|start
|switch|p1a: Volcarona|Volcarona, L50, F|100/100
|switch|p1b: Annihilape|Annihilape, L50, M|100/100
|switch|p2a: Tuco|Incineroar, L50, F|100/100
|switch|p2b: Hector|Gholdengo, L50|100/100
|-ability|p2a: Tuco|Intimidate|boost
|-unboost|p1a: Volcarona|atk|1
|-unboost|p1b: Annihilape|atk|1
|-ability|p1b: Annihilape|Defiant|boost
|-boost|p1b: Annihilape|atk|2
|turn|1
|inactive|TeyVgc has 30 seconds left.
|inactive|TeyVgc has 20 seconds left.
|
|t:|1757099212
|-terastallize|p2b: Hector|Water
|move|p2a: Tuco|Fake Out|p1a: Volcarona
|-damage|p1a: Volcarona|84/100
|cant|p1a: Volcarona|flinch
|move|p1b: Annihilape|Close Combat|p2a: Tuco
|-supereffective|p2a: Tuco
|-damage|p2a: Tuco|0 fnt
|-unboost|p1b: Annihilape|def|1
|-unboost|p1b: Annihilape|spd|1
|faint|p2a: Tuco
|move|p2b: Hector|Shadow Ball|p1b: Annihilape
|-supereffective|p1b: Annihilape
|-damage|p1b: Annihilape|0 fnt
|faint|p1b: Annihilape
|-damage|p2b: Hector|91/100|[from] item: Life Orb
|
|upkeep
|
|t:|1757099223
|switch|p1b: Ursaluna|Ursaluna-Bloodmoon, L50, M|100/100
|switch|p2a: Leonel|Sneasler, L50, M|100/100
|turn|2
|
|t:|1757099248
|-terastallize|p1b: Ursaluna|Normal
|move|p2a: Leonel|Protect|p2a: Leonel
|-singleturn|p2a: Leonel|Protect
|move|p1a: Volcarona|Rage Powder|p1a: Volcarona
|-singleturn|p1a: Volcarona|move: Rage Powder
|move|p2b: Hector|Nasty Plot|p2b: Hector
|-boost|p2b: Hector|spa|2
|move|p1b: Ursaluna|Hyper Voice|p2b: Hector|[spread] p2b
|-activate|p2a: Leonel|move: Protect
|-damage|p2b: Hector|13/100
|-damage|p1b: Ursaluna|91/100|[from] item: Life Orb
|
|upkeep
|turn|3
|inactive|Thad Stevens has 30 seconds left.
|inactive|TeyVgc has 30 seconds left.
|
|t:|1757099280
|move|p2b: Hector|Protect|p2b: Hector
|-singleturn|p2b: Hector|Protect
|move|p1b: Ursaluna|Protect|p1b: Ursaluna
|-singleturn|p1b: Ursaluna|Protect
|move|p2a: Leonel|Dire Claw|p1a: Volcarona
|-damage|p1a: Volcarona|36/100
|-status|p1a: Volcarona|slp
|-enditem|p1a: Volcarona|Sitrus Berry|[eat]
|-heal|p1a: Volcarona|61/100 slp|[from] item: Sitrus Berry
|cant|p1a: Volcarona|slp
|
|upkeep
|turn|4
|inactive|Thad Stevens has 30 seconds left.
|inactive|Thad Stevens has 20 seconds left.
|
|t:|1757099318
|switch|p2a: Marco|Indeedee, L50, M|100/100
|-fieldstart|move: Psychic Terrain|[from] ability: Psychic Surge|[of] p2a: Marco
|move|p1b: Ursaluna|Protect|p1b: Ursaluna
|-singleturn|p1b: Ursaluna|Protect
|cant|p1a: Volcarona|slp
|move|p2b: Hector|Make It Rain|p1b: Ursaluna|[spread] p1a
|-activate|p1b: Ursaluna|move: Protect
|-resisted|p1a: Volcarona
|-damage|p1a: Volcarona|7/100 slp
|-unboost|p2b: Hector|spa|1
|-damage|p2b: Hector|3/100|[from] item: Life Orb
|
|upkeep
|turn|5
|
|t:|1757099342
|cant|p1a: Volcarona|slp
|move|p2a: Marco|Expanding Force|p1a: Volcarona|[spread] p1a,p1b
|-damage|p1a: Volcarona|0 fnt
|-damage|p1b: Ursaluna|19/100
|faint|p1a: Volcarona
|move|p2b: Hector|Make It Rain|p1b: Ursaluna
|-damage|p1b: Ursaluna|0 fnt
|-unboost|p2b: Hector|spa|1
|faint|p1b: Ursaluna
|-damage|p2b: Hector|0 fnt|[from] item: Life Orb
|faint|p2b: Hector
|
|upkeep
|-message|Thad Stevens forfeited.
|
|win|TeyVgc
