|j|☆fedezepp89
|j|☆pinkey569
|html|fedezepp89pinkey569    
|uhtml|bestof|Game 2 of a best-of-3
|t:|1756597455
|gametype|doubles
|player|p1|fedezepp89|hiker-gen4|1073
|player|p2|pinkey569|102|1045
|gen|9
|tier|[Gen 9] VGC 2025 Reg H (Bo3)
|rated|
|rule|Species Clause: Limit one of each Pokémon
|rule|Item Clause: Limit 1 of each item
|clearpoke
|poke|p1|Politoed, L50, F|
|poke|p1|Archaludon, L50, F|
|poke|p1|Kingdra, L50, F|
|poke|p1|Incineroar, L50, M|
|poke|p1|Amoonguss, L50, M|
|poke|p1|Gothitelle, L50, F|
|poke|p2|Tyranitar, L50, M|
|poke|p2|Dragonite, L50, F|
|poke|p2|Excadrill, L50, M|
|poke|p2|Volcarona, L50, M|
|poke|p2|Kilowattrel, L50, F|
|poke|p2|Indeedee, L50, M|
|teampreview|4
|showteam|p1|Politoed||Leftovers|Drizzle|Protect,WeatherBall,PerishSong,Encore|||F|||50|,,,,,Grass]Archaludon||PowerHerb|Sturdy|Protect,ElectroShot,FlashCannon,DragonPulse|||F|||50|,,,,,Electric]Kingdra||LifeOrb|SwiftSwim|Protect,DracoMeteor,WeatherBall,MuddyWater|||F|||50|,,,,,Stellar]Incineroar||SafetyGoggles|Intimidate|FakeOut,KnockOff,PartingShot,Protect|||M|||50|,,,,,Ghost]Amoonguss||EjectButton|Regenerator|Protect,RagePowder,Spore,PollenPuff|||M|||50|,,,,,Fairy]Gothitelle||SitrusBerry|ShadowTag|Protect,Psychic,FakeOut,TrickRoom|||F|||50|,,,,,Dark
|showteam|p2|Tyranitar||AssaultVest|SandStream|RockSlide,KnockOff,TeraBlast,LowKick|||M|||50|,,,,,Flying]Dragonite||LoadedDice|Multiscale|Protect,ThunderWave,Roar,ScaleShot|||F|||50|,,,,,Fairy]Excadrill||LifeOrb|SandRush|Protect,Earthquake,IronHead,TeraBlast|||M|||50|,,,,,Fairy]Volcarona||SitrusBerry|FlameBody|Tailwind,RagePowder,Overheat,StruggleBug|||M|||50|,,,,,Grass]Kilowattrel||ChoiceSpecs|Competitive|Thunderbolt,Discharge,AirSlash,WeatherBall|||F|||50|,,,,,Ghost]Indeedee||FocusSash|PsychicSurge|TrickRoom,HelpingHand,ExpandingForce,TeraBlast|||M|||50|,,,,,Psychic
|inactive|Battle timer is ON: inactive players will automatically lose when time's up. (requested by fedezepp89)
|inactive|pinkey569 has 60 seconds left.
|
|t:|1756597531
|teamsize|p1|4
|teamsize|p2|4
|start
|switch|p1a: Incineroar|Incineroar, L50, M|100/100
|switch|p1b: Archaludon|Archaludon, L50, F|100/100
|switch|p2a: Kilowattrel|Kilowattrel, L50, F|100/100
|switch|p2b: Volcarona|Volcarona, L50, M|100/100
|-ability|p1a: Incineroar|Intimidate|boost
|-unboost|p2a: Kilowattrel|atk|1
|-ability|p2a: Kilowattrel|Competitive|boost
|-boost|p2a: Kilowattrel|spa|2
|-unboost|p2b: Volcarona|atk|1
|turn|1
|inactive|fedezepp89 has 30 seconds left.
|inactive|pinkey569 has 30 seconds left.
|inactive|fedezepp89 has 20 seconds left.
|inactive|fedezepp89 has 15 seconds left.
|inactive|pinkey569 has 20 seconds left.
|inactive|pinkey569 has 15 seconds left.
|
|t:|1756597579
|switch|p1b: Politoed|Politoed, L50, F|100/100
|-weather|RainDance|[from] ability: Drizzle|[of] p1b: Politoed
|move|p2b: Volcarona|Rage Powder|p2b: Volcarona
|-singleturn|p2b: Volcarona|move: Rage Powder
|move|p2a: Kilowattrel|Thunderbolt|p1a: Incineroar
|-damage|p1a: Incineroar|12/100
|move|p1a: Incineroar|Knock Off|p2b: Volcarona
|-damage|p2b: Volcarona|61/100
|-enditem|p2b: Volcarona|Sitrus Berry|[from] move: Knock Off|[of] p1a: Incineroar
|
|-weather|RainDance|[upkeep]
|upkeep
|turn|2
|inactive|fedezepp89 has 30 seconds left.
|inactive|pinkey569 has 30 seconds left.
|inactive|fedezepp89 has 20 seconds left.
|inactive|pinkey569 has 20 seconds left.
|inactive|fedezepp89 has 15 seconds left.
|inactive|pinkey569 has 15 seconds left.
|inactive|fedezepp89 has 10 seconds left.
|inactive|pinkey569 has 10 seconds left.
|inactive|pinkey569 has 5 seconds left.
|
|t:|1756597630
|-terastallize|p1b: Politoed|Grass
|move|p2b: Volcarona|Rage Powder|p2b: Volcarona
|-singleturn|p2b: Volcarona|move: Rage Powder
|move|p2a: Kilowattrel|Thunderbolt|p1a: Incineroar
|-damage|p1a: Incineroar|0 fnt
|faint|p1a: Incineroar
|move|p1b: Politoed|Perish Song|p1b: Politoed
|-start|p1b: Politoed|perish3|[silent]
|-start|p2a: Kilowattrel|perish3|[silent]
|-start|p2b: Volcarona|perish3|[silent]
|-fieldactivate|move: Perish Song
|
|-weather|RainDance|[upkeep]
|-start|p2a: Kilowattrel|perish3
|-start|p2b: Volcarona|perish3
|-start|p1b: Politoed|perish3
|upkeep
|
|t:|1756597642
|switch|p1a: Gothitelle|Gothitelle, L50, F|100/100
|turn|3
|inactive|fedezepp89 has 30 seconds left.
|
|t:|1756597673
|-terastallize|p2a: Kilowattrel|Ghost
|move|p1a: Gothitelle|Fake Out|p2a: Kilowattrel
|-immune|p2a: Kilowattrel
|move|p2b: Volcarona|Rage Powder|p2b: Volcarona
|-singleturn|p2b: Volcarona|move: Rage Powder
|move|p2a: Kilowattrel|Thunderbolt|p1a: Gothitelle
|-damage|p1a: Gothitelle|7/100
|-status|p1a: Gothitelle|par
|-enditem|p1a: Gothitelle|Sitrus Berry|[eat]
|-heal|p1a: Gothitelle|32/100 par|[from] item: Sitrus Berry
|move|p1b: Politoed|Encore|p2b: Volcarona
|-start|p2b: Volcarona|Encore
|
|-weather|RainDance|[upkeep]
|-start|p2a: Kilowattrel|perish2
|-start|p2b: Volcarona|perish2
|-start|p1b: Politoed|perish2
|upkeep
|turn|4
|
|t:|1756597692
|switch|p2a: Tyranitar|Tyranitar, L50, M|100/100
|-weather|Sandstorm|[from] ability: Sand Stream|[of] p2a: Tyranitar
|move|p1b: Politoed|Protect|p1b: Politoed
|-singleturn|p1b: Politoed|Protect
|move|p1a: Gothitelle|Protect|p1a: Gothitelle
|-singleturn|p1a: Gothitelle|Protect
|move|p2b: Volcarona|Rage Powder|p2b: Volcarona
|-singleturn|p2b: Volcarona|move: Rage Powder
|
|-weather|Sandstorm|[upkeep]
|-damage|p2b: Volcarona|55/100|[from] Sandstorm
|-damage|p1b: Politoed|94/100|[from] Sandstorm
|-damage|p1a: Gothitelle|26/100 par|[from] Sandstorm
|-heal|p1b: Politoed|100/100|[from] item: Leftovers
|-start|p2b: Volcarona|perish1
|-start|p1b: Politoed|perish1
|upkeep
|turn|5
|inactive|pinkey569 has 30 seconds left.
|
|t:|1756597721
|move|p2b: Volcarona|Rage Powder|p2b: Volcarona
|-singleturn|p2b: Volcarona|move: Rage Powder
|move|p1b: Politoed|Weather Ball|p2b: Volcarona
|-supereffective|p2b: Volcarona
|-damage|p2b: Volcarona|0 fnt
|faint|p2b: Volcarona
|move|p2a: Tyranitar|Low Kick|p1b: Politoed
|-damage|p1b: Politoed|78/100
|move|p1a: Gothitelle|Trick Room|p1a: Gothitelle
|-fieldstart|move: Trick Room|[of] p1a: Gothitelle
|
|-weather|Sandstorm|[upkeep]
|-damage|p1a: Gothitelle|20/100 par|[from] Sandstorm
|-damage|p1b: Politoed|72/100|[from] Sandstorm
|-heal|p1b: Politoed|78/100|[from] item: Leftovers
|-start|p1b: Politoed|perish0
|faint|p1b: Politoed
|upkeep
|
|t:|1756597732
|switch|p1b: Archaludon|Archaludon, L50, F|100/100
|switch|p2b: Indeedee|Indeedee, L50, M|100/100
|-fieldstart|move: Psychic Terrain|[from] ability: Psychic Surge|[of] p2b: Indeedee
|turn|6
|inactive|fedezepp89 has 30 seconds left.
|inactive|pinkey569 has 30 seconds left.
|inactive|pinkey569 has 20 seconds left.
|
|t:|1756597772
|move|p1a: Gothitelle|Psychic|p2b: Indeedee
|-resisted|p2b: Indeedee
|-damage|p2b: Indeedee|74/100
|move|p2a: Tyranitar|Low Kick|p1b: Archaludon
|-supereffective|p1b: Archaludon
|-damage|p1b: Archaludon|44/100
|move|p2b: Indeedee|Tera Blast|p1a: Gothitelle
|-damage|p1a: Gothitelle|0 fnt
|faint|p1a: Gothitelle
|move|p1b: Archaludon|Electro Shot||[still]
|-prepare|p1b: Archaludon|Electro Shot
|-boost|p1b: Archaludon|spa|1
|-enditem|p1b: Archaludon|Power Herb
|-anim|p1b: Archaludon|Electro Shot|p2a: Tyranitar
|-damage|p2a: Tyranitar|75/100
|
|-weather|Sandstorm|[upkeep]
|-damage|p2b: Indeedee|68/100|[from] Sandstorm
|upkeep
|turn|7
|inactive|fedezepp89 has 30 seconds left.
|inactive|fedezepp89 has 20 seconds left.
|inactive|fedezepp89 has 15 seconds left.
|inactive|fedezepp89 has 10 seconds left.
|-message|fedezepp89 forfeited.
|
|win|pinkey569
||fedezepp89 is ready for game 3.
||pinkey569 is ready for game 3.
|uhtml|next|Next: Game 3 of 3
