|j|☆Cristante terabug
|j|☆marcusquinn
|html|Cristante terabugmarcusquinn    
|uhtml|bestof|Game 3 of a best-of-3
|t:|1755465776
|gametype|doubles
|player|p1|Cristante terabug|kieran-champion|1277
|player|p2|marcusquinn|hilbert-wonderlauncher|1178
|gen|9
|tier|[Gen 9] VGC 2025 Reg H (Bo3)
|rated|
|rule|Species Clause: Limit one of each Pokémon
|rule|Item Clause: Limit 1 of each item
|clearpoke
|poke|p1|Kommo-o, L50, F|
|poke|p1|Sneasler, L50, M|
|poke|p1|Dragonite, L50, M|
|poke|p1|Rillaboom, L50, F|
|poke|p1|Gholdengo, L50|
|poke|p1|Sinistcha, L50|
|poke|p2|Archaludon, L50, M|
|poke|p2|Porygon2, L50|
|poke|p2|Incineroar, L50, M|
|poke|p2|Ursaluna, L50, F|
|poke|p2|Sneasler, L50, F|
|poke|p2|Dragonite, L50, F|
|teampreview|4
|showteam|p1|Kommo-o||Leftovers|Overcoat|ClangorousSoul,ClangingScales,Flamethrower,Protect|||F|||50|,,,,,Fire]Sneasler||FocusSash|PoisonTouch|CloseCombat,DireClaw,FakeOut,Protect|||M|||50|,,,,,Ghost]Dragonite||LoadedDice|Multiscale|ScaleShot,Haze,Protect,Tailwind|||M|||50|,,,,,Steel]Rillaboom||AssaultVest|GrassySurge|DrumBeating,HighHorsepower,FakeOut,GrassyGlide|||F|||50|,,,,,Fire]Gholdengo||LifeOrb|GoodasGold|MakeItRain,NastyPlot,Protect,ShadowBall||||||50|,,,,,Dragon]Sinistcha||SitrusBerry|Hospitality|MatchaGotcha,RagePowder,LifeDew,TrickRoom||||||50|,,,,,Dark
|showteam|p2|Archaludon||PowerHerb|Sturdy|Protect,ElectroShot,DracoMeteor,FlashCannon|||M|||50|,,,,,Electric]Porygon2||Eviolite|Download|TeraBlast,IceBeam,Recover,TrickRoom||||||50|,,,,,Fighting]Incineroar||SitrusBerry|Intimidate|FlareBlitz,KnockOff,FakeOut,PartingShot|||M|||50|,,,,,Ghost]Ursaluna||FlameOrb|Guts|HeadlongRush,Facade,Earthquake,Protect|||F|||50|,,,,,Ghost]Sneasler||FocusSash|Unburden|Protect,CloseCombat,DireClaw,ThroatChop|||F|||50|,,,,,Stellar]Dragonite||LoadedDice|Multiscale|ScaleShot,Tailwind,Haze,Protect|||F|||50|,,,,,Steel
|inactive|Battle timer is ON: inactive players will automatically lose when time's up. (requested by marcusquinn)
|
|t:|1755465801
|teamsize|p1|4
|teamsize|p2|4
|start
|switch|p1a: Sneasler|Sneasler, L50, M|100/100
|switch|p1b: Kommo-o|Kommo-o, L50, F|100/100
|switch|p2a: Porygon2|Porygon2, L50, shiny|100/100
|switch|p2b: Dragonite|Dragonite, L50, F, shiny|100/100
|-ability|p2a: Porygon2|Download|boost
|-boost|p2a: Porygon2|atk|1
|turn|1
|inactive|marcusquinn has 30 seconds left.
|
|t:|1755465827
|-terastallize|p1b: Kommo-o|Fire
|-terastallize|p2a: Porygon2|Fighting
|move|p1a: Sneasler|Fake Out|p2b: Dragonite
|-damage|p2b: Dragonite|92/100
|cant|p2b: Dragonite|flinch
|move|p1b: Kommo-o|Clangorous Soul|p1b: Kommo-o
|-boost|p1b: Kommo-o|atk|1
|-boost|p1b: Kommo-o|def|1
|-boost|p1b: Kommo-o|spa|1
|-boost|p1b: Kommo-o|spd|1
|-boost|p1b: Kommo-o|spe|1
|-damage|p1b: Kommo-o|68/100
|move|p2a: Porygon2|Trick Room|p2a: Porygon2
|-fieldstart|move: Trick Room|[of] p2a: Porygon2
|
|-heal|p1b: Kommo-o|74/100|[from] item: Leftovers
|upkeep
|turn|2
|inactive|marcusquinn has 30 seconds left.
|
|t:|1755465860
|switch|p2a: Incineroar|Incineroar, L50, M, shiny|100/100
|-ability|p2a: Incineroar|Intimidate|boost
|-unboost|p1a: Sneasler|atk|1
|-unboost|p1b: Kommo-o|atk|1
|move|p2b: Dragonite|Haze|p2b: Dragonite
|-clearallboost
|move|p1b: Kommo-o|Clanging Scales|p2b: Dragonite|[spread] p2a,p2b
|-supereffective|p2b: Dragonite
|-damage|p2a: Incineroar|68/100
|-damage|p2b: Dragonite|8/100
|-unboost|p1b: Kommo-o|def|1
|move|p1a: Sneasler|Dire Claw|p2a: Incineroar
|-damage|p2a: Incineroar|30/100
|-enditem|p2a: Incineroar|Sitrus Berry|[eat]
|-heal|p2a: Incineroar|55/100|[from] item: Sitrus Berry
|
|-heal|p1b: Kommo-o|80/100|[from] item: Leftovers
|upkeep
|turn|3
|inactive|marcusquinn has 30 seconds left.
|
|t:|1755465888
|move|p1b: Kommo-o|Protect|p1b: Kommo-o
|-singleturn|p1b: Kommo-o|Protect
|move|p2a: Incineroar|Fake Out|p1a: Sneasler
|-damage|p1a: Sneasler|79/100
|move|p2b: Dragonite|Scale Shot|p1b: Kommo-o
|-activate|p1b: Kommo-o|move: Protect
|cant|p1a: Sneasler|flinch
|
|-heal|p1b: Kommo-o|86/100|[from] item: Leftovers
|upkeep
|turn|4
|
|t:|1755465901
|move|p2a: Incineroar|Flare Blitz|p1a: Sneasler
|-damage|p1a: Sneasler|0 fnt
|faint|p1a: Sneasler
|-damage|p2a: Incineroar|35/100|[from] Recoil
|move|p1b: Kommo-o|Clanging Scales|p2a: Incineroar|[spread] p2a,p2b
|-supereffective|p2b: Dragonite
|-damage|p2a: Incineroar|0 fnt
|-damage|p2b: Dragonite|0 fnt
|faint|p2a: Incineroar
|faint|p2b: Dragonite
|-unboost|p1b: Kommo-o|def|1
|
|-heal|p1b: Kommo-o|92/100|[from] item: Leftovers
|upkeep
|
|t:|1755465912
|switch|p2a: Porygon2|Porygon2, L50, shiny, tera:Fighting|100/100
|switch|p2b: Sneasler|Sneasler, L50, F|100/100
|switch|p1a: Gholdengo|Gholdengo, L50|100/100
|-ability|p2a: Porygon2|Download|boost
|-boost|p2a: Porygon2|atk|1
|turn|5
|
|t:|1755465932
|move|p2b: Sneasler|Protect|p2b: Sneasler
|-singleturn|p2b: Sneasler|Protect
|move|p2a: Porygon2|Tera Blast|p1b: Kommo-o|[anim] Tera Blast Fighting
|-damage|p1b: Kommo-o|54/100
|move|p1b: Kommo-o|Clanging Scales|p2a: Porygon2|[spread] p2a
|-activate|p2b: Sneasler|move: Protect
|-crit|p2a: Porygon2
|-damage|p2a: Porygon2|66/100
|-unboost|p1b: Kommo-o|def|1
|move|p1a: Gholdengo|Nasty Plot|p1a: Gholdengo
|-boost|p1a: Gholdengo|spa|2
|
|-heal|p1b: Kommo-o|60/100|[from] item: Leftovers
|-fieldend|move: Trick Room
|upkeep
|turn|6
|inactive|marcusquinn has 30 seconds left.
|inactive|marcusquinn has 20 seconds left.
|
|t:|1755465969
|move|p2b: Sneasler|Throat Chop|p1a: Gholdengo
|-supereffective|p1a: Gholdengo
|-damage|p1a: Gholdengo|29/100
|-start|p1a: Gholdengo|Throat Chop|[silent]
|move|p1a: Gholdengo|Make It Rain|p2a: Porygon2|[spread] p2a,p2b
|-damage|p2a: Porygon2|0 fnt
|-enditem|p2b: Sneasler|Focus Sash
|-damage|p2b: Sneasler|1/100
|-unboost|p1a: Gholdengo|spa|1
|faint|p2a: Porygon2
|-damage|p1a: Gholdengo|20/100|[from] item: Life Orb
|move|p1b: Kommo-o|Clanging Scales|p2b: Sneasler
|-damage|p2b: Sneasler|0 fnt
|faint|p2b: Sneasler
|
|win|Cristante terabug
|raw|Cristante terabug's rating: 1277 → 1295(+18 for winning)
|raw|marcusquinn's rating: 1178 → 1160(-18 for losing)
