|j|☆battle sim trainer
|j|☆ranchsauce
|html|battle sim trainerranchsauce    
|uhtml|bestof|Game 1 of a best-of-3
|t:|1757237713
|gametype|doubles
|player|p1|battle sim trainer|steven|1154
|player|p2|ranchsauce|scientist-gen4dp|1101
|gen|9
|tier|[Gen 9] VGC 2025 Reg H (Bo3)
|rated|
|rule|Species Clause: Limit one of each Pokémon
|rule|Item Clause: Limit 1 of each item
|clearpoke
|poke|p1|Bronzong, L50|
|poke|p1|Pincurchin, L50, M|
|poke|p1|Toxtricity-Low-Key, L50, M|
|poke|p1|Araquanid, L50, M|
|poke|p1|Indeedee, L50, M|
|poke|p1|Raichu-Alola, L50, M|
|poke|p2|Sneasler, L50, M|
|poke|p2|Primarina, L50, F|
|poke|p2|Kingambit, L50, F|
|poke|p2|Rillaboom, L50, F|
|poke|p2|Electabuzz, L50, F|
|poke|p2|Dragapult, L50, F|
|teampreview|4
|showteam|p1|Bronzong||ElectricSeed|Levitate|BodyPress,TrickRoom,Protect,IronDefense||||||50|,,,,,Fire]Pincurchin||EjectButton|ElectricSurge|ToxicSpikes,RainDance,ZingZap,Protect|||M|||50|,,,,,Ghost]Toxtricity-Low-Key||ChoiceSpecs|PunkRock|Overdrive,SludgeBomb,Boomburst,VoltSwitch|||M|||50|,,,,,Electric]Araquanid||MysticWater|WaterBubble|Liquidation,WideGuard,Soak,Protect|||M|||50|,,,,,Water]Indeedee||ChoiceScarf|PsychicSurge|TrickRoom,Trick,ExpandingForce,TeraBlast|||M|||50|,,,,,Ground]Raichu-Alola||FocusSash|SurgeSurfer|VoltSwitch,Thunderbolt,ExpandingForce,FakeOut|||M|||50|,,,,,Ghost
|showteam|p2|Sneasler||FocusSash|PoisonTouch|DireClaw,CloseCombat,Protect,FakeOut|||M|||50|,,,,,Stellar]Primarina||ThroatSpray|LiquidVoice|Protect,HyperVoice,Moonblast,Haze|||F|||50|,,,,,Poison]Kingambit||BlackGlasses|Defiant|KowtowCleave,SwordsDance,SuckerPunch,Protect|||F|||50|,,,,,Dark]Rillaboom||AssaultVest|GrassySurge|WoodHammer,Uturn,GrassyGlide,FakeOut|||F|||50|,,,,,Fire]Electabuzz||Eviolite|VitalSpirit|Electroweb,Taunt,Protect,FollowMe|||F|||50|,,,,,Fairy]Dragapult||ChoiceBand|ClearBody|DragonDarts,Uturn,PhantomForce,Outrage|||F|||50|,,,,,Dragon
|
|t:|1757237768
|teamsize|p1|4
|teamsize|p2|4
|start
|switch|p1a: Hug me|Bronzong, L50, shiny|100/100
|switch|p1b: Raichu|Raichu-Alola, L50, M|100/100
|switch|p2a: Dragapult|Dragapult, L50, F|100/100
|switch|p2b: Rillaboom|Rillaboom, L50, F|100/100
|-fieldstart|move: Grassy Terrain|[from] ability: Grassy Surge|[of] p2b: Rillaboom
|turn|1
|
|t:|1757237809
|switch|p2a: Kingambit|Kingambit, L50, F|100/100
|move|p1b: Raichu|Fake Out|p2b: Rillaboom
|-damage|p2b: Rillaboom|93/100
|cant|p2b: Rillaboom|flinch
|move|p1a: Hug me|Trick Room|p1a: Hug me
|-fieldstart|move: Trick Room|[of] p1a: Hug me
|
|-heal|p2b: Rillaboom|99/100|[from] Grassy Terrain
|upkeep
|turn|2
|inactive|Battle timer is ON: inactive players will automatically lose when time's up. (requested by ranchsauce)
|
|t:|1757237843
|switch|p1b: Spoderman|Araquanid, L50, M, shiny|100/100
|move|p1a: Hug me|Iron Defense|p1a: Hug me
|-boost|p1a: Hug me|def|2
|move|p2a: Kingambit|Swords Dance|p2a: Kingambit
|-boost|p2a: Kingambit|atk|2
|move|p2b: Rillaboom|U-turn|p1b: Spoderman
|-damage|p1b: Spoderman|75/100
|
|t:|1757237850
|switch|p2b: Electabuzz|Electabuzz, L50, F|100/100|[from] U-turn
|
|-heal|p1b: Spoderman|81/100|[from] Grassy Terrain
|upkeep
|turn|3
|inactive|battle sim trainer has 30 seconds left.
|
|t:|1757237876
|-terastallize|p1a: Hug me|Fire
|move|p2b: Electabuzz|Follow Me|p2b: Electabuzz
|-singleturn|p2b: Electabuzz|move: Follow Me
|move|p1b: Spoderman|Liquidation|p2b: Electabuzz
|-damage|p2b: Electabuzz|37/100
|move|p1a: Hug me|Body Press|p2b: Electabuzz
|-damage|p2b: Electabuzz|0 fnt
|faint|p2b: Electabuzz
|move|p2a: Kingambit|Kowtow Cleave|p1a: Hug me
|-damage|p1a: Hug me|63/100
|
|-heal|p1b: Spoderman|87/100|[from] Grassy Terrain
|upkeep
|
|t:|1757237887
|switch|p2b: Rillaboom|Rillaboom, L50, F|99/100
|turn|4
|
|t:|1757237911
|switch|p1b: Indeedee|Indeedee, L50, M|100/100
|-fieldstart|move: Psychic Terrain|[from] ability: Psychic Surge|[of] p1b: Indeedee
|-terastallize|p2a: Kingambit|Dark
|move|p2b: Rillaboom|Fake Out|p1a: Hug me
|-hint|Psychic Terrain doesn't affect Pokémon immune to Ground.
|-damage|p1a: Hug me|58/100
|cant|p1a: Hug me|flinch
|move|p2a: Kingambit|Kowtow Cleave|p1b: Indeedee
|-supereffective|p1b: Indeedee
|-damage|p1b: Indeedee|0 fnt
|faint|p1b: Indeedee
|
|upkeep
|c|☆battle sim trainer|F I keep forgetting
|c|☆ranchsauce|Unlucky boss
|inactive|battle sim trainer has 30 seconds left.
|
|t:|1757237939
|switch|p1b: Spoderman|Araquanid, L50, M, shiny|87/100
|turn|5
|
|t:|1757237962
|move|p2a: Kingambit|Protect|p2a: Kingambit
|-singleturn|p2a: Kingambit|Protect
|move|p1b: Spoderman|Soak|p2b: Rillaboom
|-start|p2b: Rillaboom|typechange|Water
|move|p1a: Hug me|Iron Defense|p1a: Hug me
|-boost|p1a: Hug me|def|2
|move|p2b: Rillaboom|U-turn|p1b: Spoderman
|-damage|p1b: Spoderman|62/100
|
|t:|1757237970
|switch|p2b: Dragapult|Dragapult, L50, F|100/100|[from] U-turn
|
|-fieldend|move: Trick Room
|upkeep
|turn|6
|
|t:|1757237994
|move|p2a: Kingambit|Sucker Punch||[still]
|-fail|p2a: Kingambit
|move|p2b: Dragapult|Dragon Darts|p1a: Hug me
|-damage|p1a: Hug me|48/100
|-anim|p2b: Dragapult|Dragon Darts|p1b: Spoderman
|-damage|p1b: Spoderman|22/100
|move|p1b: Spoderman|Soak|p2b: Dragapult
|-start|p2b: Dragapult|typechange|Water
|move|p1a: Hug me|Trick Room|p1a: Hug me
|-fieldstart|move: Trick Room|[of] p1a: Hug me
|
|upkeep
|turn|7
|c|☆battle sim trainer|phew
|c|☆battle sim trainer|crisis averted
|inactive|battle sim trainer has 30 seconds left.
|inactive|battle sim trainer has 20 seconds left.
|
|t:|1757238032
|move|p2a: Kingambit|Sucker Punch|p1a: Hug me
|-hint|Psychic Terrain doesn't affect Pokémon immune to Ground.
|-damage|p1a: Hug me|17/100
|move|p1b: Spoderman|Liquidation|p2b: Dragapult
|-resisted|p2b: Dragapult
|-damage|p2b: Dragapult|52/100
|move|p1a: Hug me|Body Press|p2a: Kingambit
|-supereffective|p2a: Kingambit
|-damage|p2a: Kingambit|0 fnt
|faint|p2a: Kingambit
|move|p2b: Dragapult|Dragon Darts|p1a: Hug me
|-damage|p1a: Hug me|11/100
|-anim|p2b: Dragapult|Dragon Darts|p1b: Spoderman
|-damage|p1b: Spoderman|0 fnt
|faint|p1b: Spoderman
|
|upkeep
|
|t:|1757238046
|switch|p1b: Raichu|Raichu-Alola, L50, M|100/100
|switch|p2a: Rillaboom|Rillaboom, L50, F|99/100
|-fieldstart|move: Grassy Terrain|[from] ability: Grassy Surge|[of] p2a: Rillaboom
|turn|8
|c|☆ranchsauce|Almost aha
|
|t:|1757238060
|move|p2a: Rillaboom|Fake Out|p1a: Hug me
|-damage|p1a: Hug me|7/100
|move|p1b: Raichu|Fake Out|p2a: Rillaboom
|-damage|p2a: Rillaboom|92/100
|cant|p1a: Hug me|flinch
|move|p2b: Dragapult|Dragon Darts|p1a: Hug me
|-damage|p1a: Hug me|1/100
|-anim|p2b: Dragapult|Dragon Darts|p1b: Raichu
|-damage|p1b: Raichu|48/100
|
|-heal|p2a: Rillaboom|98/100|[from] Grassy Terrain
|-heal|p1b: Raichu|53/100|[from] Grassy Terrain
|-heal|p2b: Dragapult|58/100|[from] Grassy Terrain
|upkeep
|turn|9
|c|☆battle sim trainer|nani
|c|☆battle sim trainer|oh yh tr
|
|t:|1757238081
|move|p2a: Rillaboom|Grassy Glide|p1a: Hug me
|-resisted|p1a: Hug me
|-damage|p1a: Hug me|0 fnt
|faint|p1a: Hug me
|move|p1b: Raichu|Thunderbolt|p2b: Dragapult
|-supereffective|p2b: Dragapult
|-damage|p2b: Dragapult|0 fnt
|faint|p2b: Dragapult
|
|-heal|p2a: Rillaboom|100/100|[from] Grassy Terrain
|-heal|p1b: Raichu|59/100|[from] Grassy Terrain
|upkeep
|turn|10
|c|☆ranchsauce|Trickroom giveth
|c|☆ranchsauce|and trick room taketh
|c|☆battle sim trainer|danggg
|
|t:|1757238104
|move|p2a: Rillaboom|Wood Hammer|p1b: Raichu
|-damage|p1b: Raichu|0 fnt
|faint|p1b: Raichu
|-damage|p2a: Rillaboom|88/100|[from] Recoil
|
|win|ranchsauce
|c|☆battle sim trainer|ggs
||ranchsauce is ready for game 2.
|inactive|battle sim trainer has 30 seconds to confirm battle start!
