|j|☆micwell
|j|☆leejit
|html|micwellleejit    
|uhtml|bestof|Game 2 of a best-of-3
|t:|1784827016
|gametype|doubles
|player|p1|micwell|red|1054
|player|p2|leejit|170|1122
|gen|9
|tier|[Gen 9 Champions] VGC 2026 Reg M-B (Bo3)
|rated|
|rule|Species Clause: Limit one of each Pokémon
|rule|Item Clause: Limit 1 of each item
|clearpoke
|poke|p1|Froslass, L50, F|
|poke|p1|Ninetales-Alola, L50, M|
|poke|p1|Beartic, L50, F|
|poke|p1|Altaria, L50, M|
|poke|p1|Primarina, L50, M|
|poke|p1|Aurorus, L50, M|
|poke|p2|Tyranitar, L50, F|
|poke|p2|Excadrill, L50, M|
|poke|p2|Milotic, L50, F|
|poke|p2|Gholdengo, L50|
|poke|p2|Sinistcha, L50|
|poke|p2|Staraptor, L50, F|
|teampreview|4
|showteam|p1|Froslass||Froslassite|SnowCloak|Blizzard,Protect,ShadowBall,PainSplit|Timid||F|||50|]Ninetales-Alola||LightClay|SnowWarning|AuroraVeil,Blizzard,Moonblast,Protect|Timid||M|||50|]Beartic||ExpertBelt|SlushRush|IcicleCrash,CloseCombat,Earthquake,SwordsDance|Serious||F|||50|]Altaria||Altarianite|CloudNine|HyperVoice,DragonPulse,Protect,Roost|Modest||M|||50|]Primarina||FairyFeather|LiquidVoice|HyperVoice,DrainingKiss,CalmMind,Protect|Modest||M|||50|]Aurorus||IcyRock|SnowWarning|Blizzard,FreezeDry,AncientPower,Protect|Modest||M|||50|
|showteam|p2|Tyranitar||Tyranitarite|SandStream|KnockOff,RockSlide,HighHorsepower,Protect|Jolly||F|||50|]Excadrill||FocusSash|SandRush|HighHorsepower,IronHead,RockSlide,Protect|Jolly||M|||50|]Milotic||SitrusBerry|Competitive|Scald,IcyWind,Haze,Protect|Calm||F|||50|]Gholdengo||LifeOrb|GoodasGold|MakeItRain,ShadowBall,NastyPlot,Protect|Modest|||||50|]Sinistcha||ColburBerry|Hospitality|MatchaGotcha,ShadowBall,Protect,RagePowder|Bold|||||50|]Staraptor||Staraptite|Intimidate|CloseCombat,BraveBird,Tailwind,Protect|Jolly||F|||50|
|inactive|Battle timer is ON: inactive players will automatically lose when time's up. (requested by micwell)
|inactive|leejit has 60 seconds left.
|
|t:|1784827054
|teamsize|p1|4
|teamsize|p2|4
|start
|switch|p1a: Froslass|Froslass, L50, F|100/100
|switch|p1b: Ninetales|Ninetales-Alola, L50, M|100/100
|switch|p2a: Gholdengo|Gholdengo, L50|100/100
|switch|p2b: Milotic|Milotic, L50, F|100/100
|-weather|Snowscape|[from] ability: Snow Warning|[of] p1b: Ninetales
|turn|1
|inactive|leejit has 30 seconds left.
|
|t:|1784827083
|switch|p2b: Tyranitar|Tyranitar, L50, F|100/100
|-weather|Sandstorm|[from] ability: Sand Stream|[of] p2b: Tyranitar
|move|p2a: Gholdengo|Protect|p2a: Gholdengo
|-singleturn|p2a: Gholdengo|Protect
|move|p1a: Froslass|Shadow Ball|p2a: Gholdengo
|-activate|p2a: Gholdengo|move: Protect
|move|p1b: Ninetales|Aurora Veil||[still]
|-fail|p1b: Ninetales
|
|-weather|Sandstorm|[upkeep]
|-damage|p1a: Froslass|93/100|[from] Sandstorm
|-damage|p1b: Ninetales|93/100|[from] Sandstorm
|upkeep
|turn|2
|inactive|leejit has 30 seconds left.
|
|t:|1784827116
|detailschange|p1a: Froslass|Froslass-Mega, L50, F
|-mega|p1a: Froslass|Froslass|Froslassite
|-weather|Snowscape|[from] ability: Snow Warning|[of] p1a: Froslass
|detailschange|p2b: Tyranitar|Tyranitar-Mega, L50, F
|-mega|p2b: Tyranitar|Tyranitar|Tyranitarite
|-weather|Sandstorm|[from] ability: Sand Stream|[of] p2b: Tyranitar
|move|p1a: Froslass|Shadow Ball|p2a: Gholdengo
|-supereffective|p2a: Gholdengo|1
|-damage|p2a: Gholdengo|20/100y
|move|p1b: Ninetales|Aurora Veil||[still]
|-fail|p1b: Ninetales
|move|p2b: Tyranitar|Rock Slide|p1b: Ninetales|[spread] p1a,p1b
|-supereffective|p1a: Froslass|1
|-supereffective|p1b: Ninetales|1
|-damage|p1a: Froslass|0 fnt
|-damage|p1b: Ninetales|1/100
|faint|p1a: Froslass
|move|p2a: Gholdengo|Make It Rain|p1b: Ninetales
|-supereffective|p1b: Ninetales|2
|-damage|p1b: Ninetales|0 fnt
|-unboost|p2a: Gholdengo|spa|2
|faint|p1b: Ninetales
|-damage|p2a: Gholdengo|11/100|[from] item: Life Orb
|
|-weather|Sandstorm|[upkeep]
|upkeep
|
|t:|1784827122
|switch|p1a: Aurorus|Aurorus, L50, M|100/100
|switch|p1b: Beartic|Beartic, L50, F|100/100
|-weather|Snowscape|[from] ability: Snow Warning|[of] p1a: Aurorus
|turn|3
|inactive|leejit has 30 seconds left.
|inactive|leejit has 20 seconds left.
|
|t:|1784827159
|switch|p2b: Milotic|Milotic, L50, F|100/100
|move|p2a: Gholdengo|Protect|p2a: Gholdengo
|-singleturn|p2a: Gholdengo|Protect
|move|p1a: Aurorus|Protect|p1a: Aurorus
|-singleturn|p1a: Aurorus|Protect
|move|p1b: Beartic|Earthquake|p2a: Gholdengo|[spread] p2b
|-activate|p1a: Aurorus|move: Protect
|-activate|p2a: Gholdengo|move: Protect
|-damage|p2b: Milotic|75/100
|
|-weather|Snowscape|[upkeep]
|upkeep
|turn|4
|inactive|leejit has 30 seconds left.
|inactive|leejit has 20 seconds left.
|inactive|leejit has 15 seconds left.
|inactive|leejit has 10 seconds left.
|
|t:|1784827206
|move|p1b: Beartic|Icicle Crash|p2a: Gholdengo
|-resisted|p2a: Gholdengo|1
|-damage|p2a: Gholdengo|0 fnt
|faint|p2a: Gholdengo
|move|p2b: Milotic|Scald|p1b: Beartic
|-damage|p1b: Beartic|69/100
|move|p1a: Aurorus|Freeze-Dry|p2b: Milotic
|-supereffective|p2b: Milotic|1
|-damage|p2b: Milotic|27/100
|-enditem|p2b: Milotic|Sitrus Berry|[eat]
|-heal|p2b: Milotic|52/100|[from] item: Sitrus Berry
|
|-weather|Snowscape|[upkeep]
|upkeep
|
|t:|1784827223
|switch|p2a: Tyranitar|Tyranitar-Mega, L50, F|100/100
|-weather|Sandstorm|[from] ability: Sand Stream|[of] p2a: Tyranitar
|turn|5
|
|t:|1784827236
|move|p2a: Tyranitar|Rock Slide|p1b: Beartic|[spread] p1a,p1b
|-supereffective|p1a: Aurorus|1
|-supereffective|p1b: Beartic|1
|-damage|p1a: Aurorus|39/100
|-damage|p1b: Beartic|0 fnt
|faint|p1b: Beartic
|move|p2b: Milotic|Scald|p1a: Aurorus
|-supereffective|p1a: Aurorus|1
|-damage|p1a: Aurorus|10/100
|-status|p1a: Aurorus|brn
|move|p1a: Aurorus|Freeze-Dry|p2b: Milotic
|-supereffective|p2b: Milotic|1
|-damage|p2b: Milotic|5/100
|
|-weather|Sandstorm|[upkeep]
|-damage|p2b: Milotic|0 fnt|[from] Sandstorm
|faint|p2b: Milotic
|-damage|p1a: Aurorus|4/100 brn|[from] brn
|upkeep
|
|t:|1784827252
|switch|p2b: Excadrill|Excadrill, L50, M|100/100
|turn|6
|
|t:|1784827256
|move|p2b: Excadrill|Iron Head|p1a: Aurorus
|-supereffective|p1a: Aurorus|2
|-damage|p1a: Aurorus|0 fnt
|faint|p1a: Aurorus
|
|win|leejit
|raw|micwell's rating: 1054 → 1039(-15 for losing)
|raw|leejit's rating: 1122 → 1142(+20 for winning)
|l|☆micwell
|player|p1|
