|j|☆PursatiEvol
|j|☆TeyVgc
|html|PursatiEvolTeyVgc    
|uhtml|bestof|Game 3 of a best-of-3
|t:|1756961006
|gametype|doubles
|player|p1|PursatiEvol|101|1227
|player|p2|TeyVgc|benga|1321
|gen|9
|tier|[Gen 9] VGC 2025 Reg H (Bo3)
|rated|
|rule|Species Clause: Limit one of each Pokémon
|rule|Item Clause: Limit 1 of each item
|clearpoke
|poke|p1|Sneasler, L50, F|
|poke|p1|Dragapult, L50, M|
|poke|p1|Primarina, L50, M|
|poke|p1|Rillaboom, L50, F|
|poke|p1|Kingambit, L50, F|
|poke|p1|Magmar, L50, F|
|poke|p2|Gholdengo, L50|
|poke|p2|Dragonite, L50, M|
|poke|p2|Sneasler, L50, M|
|poke|p2|Incineroar, L50, M|
|poke|p2|Indeedee, L50, M|
|poke|p2|Gastrodon, L50, M|
|teampreview|4
|showteam|p1|Sneasler||FocusSash|PoisonTouch|CloseCombat,DireClaw,FakeOut,Protect|||F|||50|,,,,,Stellar]Dragapult||ChoiceBand|ClearBody|DragonDarts,TeraBlast,PhantomForce,Uturn|||M|||50|,,,,,Ghost]Primarina||SitrusBerry|LiquidVoice|HyperVoice,Moonblast,Haze,Protect|||M|||50|,,,,,Water]Rillaboom||AssaultVest|GrassySurge|WoodHammer,GrassyGlide,HighHorsepower,FakeOut|||F|||50|,,,,,Fire]Kingambit||BlackGlasses|Defiant|KowtowCleave,SuckerPunch,SwordsDance,Protect|||F|||50|,,,,,Ghost]Magmar||Eviolite|VitalSpirit|Overheat,WillOWisp,FollowMe,Protect|||F|||50|,,,,,Ghost
|showteam|p2|Gholdengo||LifeOrb|GoodasGold|Protect,MakeItRain,ShadowBall,NastyPlot||||||50|,,,,,Water]Dragonite||LoadedDice|Multiscale|ScaleShot,Tailwind,Haze,Protect|||M|||50|,,,,,Fairy]Sneasler||PsychicSeed|Unburden|Protect,DireClaw,CloseCombat,ThroatChop|||M|||50|,,,,,Dark]Incineroar||SafetyGoggles|Intimidate|KnockOff,PartingShot,FlareBlitz,FakeOut|||M|||50|,,,,,Ghost]Indeedee||FocusSash|PsychicSurge|ExpandingForce,TrickRoom,Imprison,TeraBlast|||M|||50|,,,,,Fighting]Gastrodon||Leftovers|StormDrain|EarthPower,Yawn,Recover,IceBeam|||M|||50|,,,,,Poison
|
|t:|1756961070
|teamsize|p1|4
|teamsize|p2|4
|start
|switch|p1a: Magmar|Magmar, L50, F|100/100
|switch|p1b: Kingambit|Kingambit, L50, F|100/100
|switch|p2a: Sneasler|Sneasler, L50, M|100/100
|switch|p2b: Indeedee|Indeedee, L50, M|100/100
|-fieldstart|move: Psychic Terrain|[from] ability: Psychic Surge|[of] p2b: Indeedee
|-enditem|p2a: Sneasler|Psychic Seed
|-boost|p2a: Sneasler|spd|1|[from] item: Psychic Seed
|turn|1
|
|t:|1756961087
|move|p1a: Magmar|Protect|p1a: Magmar
|-singleturn|p1a: Magmar|Protect
|move|p1b: Kingambit|Protect|p1b: Kingambit
|-singleturn|p1b: Kingambit|Protect
|move|p2a: Sneasler|Dire Claw|p1a: Magmar
|-activate|p1a: Magmar|move: Protect
|move|p2b: Indeedee|Expanding Force|p1a: Magmar|[spread] 
|-activate|p1a: Magmar|move: Protect
|-activate|p1b: Kingambit|move: Protect
|
|upkeep
|turn|2
|
|t:|1756961113
|move|p1a: Magmar|Follow Me|p1a: Magmar
|-singleturn|p1a: Magmar|move: Follow Me
|move|p2a: Sneasler|Dire Claw|p1a: Magmar
|-damage|p1a: Magmar|66/100
|move|p2b: Indeedee|Expanding Force|p1a: Magmar|[spread] p1a
|-immune|p1b: Kingambit
|-damage|p1a: Magmar|24/100
|move|p1b: Kingambit|Kowtow Cleave|p2a: Sneasler
|-resisted|p2a: Sneasler
|-damage|p2a: Sneasler|50/100
|
|upkeep
|turn|3
|
|t:|1756961136
|move|p2a: Sneasler|Protect|p2a: Sneasler
|-singleturn|p2a: Sneasler|Protect
|move|p1a: Magmar|Protect|p1a: Magmar
|-singleturn|p1a: Magmar|Protect
|move|p2b: Indeedee|Expanding Force|p1b: Kingambit|[spread] 
|-activate|p1a: Magmar|move: Protect
|-immune|p1b: Kingambit
|move|p1b: Kingambit|Kowtow Cleave|p2a: Sneasler
|-activate|p2a: Sneasler|move: Protect
|
|upkeep
|turn|4
|
|t:|1756961180
|switch|p1a: Rillaboom|Rillaboom, L50, F|100/100
|-fieldstart|move: Grassy Terrain|[from] ability: Grassy Surge|[of] p1a: Rillaboom
|-terastallize|p2b: Indeedee|Fighting
|move|p1b: Kingambit|Protect|p1b: Kingambit
|-singleturn|p1b: Kingambit|Protect
|move|p2a: Sneasler|Dire Claw|p1a: Rillaboom
|-supereffective|p1a: Rillaboom
|-damage|p1a: Rillaboom|18/100
|move|p2b: Indeedee|Tera Blast|p1b: Kingambit|[anim] Tera Blast Fighting
|-activate|p1b: Kingambit|move: Protect
|
|-heal|p2a: Sneasler|56/100|[from] Grassy Terrain
|-heal|p1a: Rillaboom|24/100|[from] Grassy Terrain
|upkeep
|turn|5
|
|t:|1756961214
|-terastallize|p1b: Kingambit|Ghost
|move|p2a: Sneasler|Protect|p2a: Sneasler
|-singleturn|p2a: Sneasler|Protect
|move|p1a: Rillaboom|Fake Out|p2b: Indeedee
|-damage|p2b: Indeedee|72/100
|cant|p2b: Indeedee|flinch
|move|p1b: Kingambit|Swords Dance|p1b: Kingambit
|-boost|p1b: Kingambit|atk|2
|
|-heal|p2a: Sneasler|62/100|[from] Grassy Terrain
|-heal|p2b: Indeedee|78/100|[from] Grassy Terrain
|-heal|p1a: Rillaboom|30/100|[from] Grassy Terrain
|upkeep
|turn|6
|
|t:|1756961233
|switch|p2b: Dragonite|Dragonite, L50, M|100/100
|move|p2a: Sneasler|Protect|p2a: Sneasler
|-singleturn|p2a: Sneasler|Protect
|move|p1a: Rillaboom|Grassy Glide|p2a: Sneasler
|-activate|p2a: Sneasler|move: Protect
|move|p1b: Kingambit|Sucker Punch||[still]
|-fail|p1b: Kingambit
|
|-heal|p2a: Sneasler|68/100|[from] Grassy Terrain
|-heal|p1a: Rillaboom|37/100|[from] Grassy Terrain
|upkeep
|turn|7
|
|t:|1756961254
|switch|p2b: Indeedee|Indeedee, L50, M, tera:Fighting|78/100
|-fieldstart|move: Psychic Terrain|[from] ability: Psychic Surge|[of] p2b: Indeedee
|switch|p1a: Magmar|Magmar, L50, F|24/100
|move|p2a: Sneasler|Dire Claw|p1a: Magmar
|-damage|p1a: Magmar|0 fnt
|faint|p1a: Magmar
|move|p1b: Kingambit|Kowtow Cleave|p2b: Indeedee
|-resisted|p2b: Indeedee
|-crit|p2b: Indeedee
|-damage|p2b: Indeedee|0 fnt
|faint|p2b: Indeedee
|
|upkeep
|
|t:|1756961267
|switch|p2b: Dragonite|Dragonite, L50, M|100/100
|switch|p1a: Rillaboom|Rillaboom, L50, F|37/100
|-fieldstart|move: Grassy Terrain|[from] ability: Grassy Surge|[of] p1a: Rillaboom
|turn|8
|
|t:|1756961285
|move|p2a: Sneasler|Protect|p2a: Sneasler
|-singleturn|p2a: Sneasler|Protect
|move|p1a: Rillaboom|Fake Out|p2a: Sneasler
|-activate|p2a: Sneasler|move: Protect
|move|p2b: Dragonite|Haze|p2b: Dragonite
|-clearallboost
|move|p1b: Kingambit|Kowtow Cleave|p2b: Dragonite
|-damage|p2b: Dragonite|68/100
|
|-heal|p2a: Sneasler|73/100|[from] Grassy Terrain
|-heal|p1a: Rillaboom|43/100|[from] Grassy Terrain
|upkeep
|turn|9
|
|t:|1756961308
|move|p1a: Rillaboom|Grassy Glide|p2a: Sneasler
|-resisted|p2a: Sneasler
|-damage|p2a: Sneasler|42/100
|move|p2a: Sneasler|Dire Claw|p1a: Rillaboom
|-supereffective|p1a: Rillaboom
|-damage|p1a: Rillaboom|0 fnt
|faint|p1a: Rillaboom
|move|p2b: Dragonite|Scale Shot|p1b: Kingambit|[miss]
|-miss|p2b: Dragonite|p1b: Kingambit
|move|p1b: Kingambit|Kowtow Cleave|p2a: Sneasler
|-resisted|p2a: Sneasler
|-crit|p2a: Sneasler
|-damage|p2a: Sneasler|0 fnt
|faint|p2a: Sneasler
|
|upkeep
|
|t:|1756961320
|switch|p2a: Incineroar|Incineroar, L50, M|100/100
|switch|p1a: Primarina|Primarina, L50, M|100/100
|-ability|p2a: Incineroar|Intimidate|boost
|-unboost|p1a: Primarina|atk|1
|-unboost|p1b: Kingambit|atk|1
|-ability|p1b: Kingambit|Defiant|boost
|-boost|p1b: Kingambit|atk|2
|turn|10
|
|t:|1756961358
|move|p2a: Incineroar|Fake Out|p1a: Primarina
|-damage|p1a: Primarina|88/100
|move|p1b: Kingambit|Sucker Punch||[still]
|-fail|p1b: Kingambit
|move|p2b: Dragonite|Scale Shot|p1b: Kingambit
|-crit|p1b: Kingambit
|-damage|p1b: Kingambit|84/100
|-damage|p1b: Kingambit|73/100
|-damage|p1b: Kingambit|62/100
|-damage|p1b: Kingambit|51/100
|-hitcount|p1b: Kingambit|4
|-unboost|p2b: Dragonite|def|1
|-boost|p2b: Dragonite|spe|1
|cant|p1a: Primarina|flinch
|
|-heal|p1a: Primarina|94/100|[from] Grassy Terrain
|-heal|p1b: Kingambit|57/100|[from] Grassy Terrain
|upkeep
|turn|11
|
|t:|1756961386
|move|p1b: Kingambit|Sucker Punch|p2a: Incineroar
|-resisted|p2a: Incineroar
|-damage|p2a: Incineroar|63/100
|move|p2b: Dragonite|Tailwind|p2b: Dragonite
|-sidestart|p2: TeyVgc|move: Tailwind
|move|p2a: Incineroar|Knock Off|p1b: Kingambit
|-supereffective|p1b: Kingambit
|-crit|p1b: Kingambit
|-damage|p1b: Kingambit|0 fnt
|-enditem|p1b: Kingambit|Black Glasses|[from] move: Knock Off|[of] p2a: Incineroar
|faint|p1b: Kingambit
|move|p1a: Primarina|Hyper Voice|p2a: Incineroar|[spread] p2a,p2b
|-supereffective|p2a: Incineroar
|-resisted|p2b: Dragonite
|-damage|p2a: Incineroar|8/100
|-damage|p2b: Dragonite|52/100
|
|-heal|p2a: Incineroar|14/100|[from] Grassy Terrain
|-heal|p1a: Primarina|99/100|[from] Grassy Terrain
|upkeep
|turn|12
|
|t:|1756961407
|move|p2b: Dragonite|Scale Shot|p1a: Primarina
|-immune|p1a: Primarina
|move|p2a: Incineroar|Knock Off|p1a: Primarina
|-resisted|p1a: Primarina
|-damage|p1a: Primarina|79/100
|-enditem|p1a: Primarina|Sitrus Berry|[from] move: Knock Off|[of] p2a: Incineroar
|move|p1a: Primarina|Moonblast|p2a: Incineroar
|-damage|p2a: Incineroar|0 fnt
|faint|p2a: Incineroar
|
|-heal|p1a: Primarina|85/100|[from] Grassy Terrain
|-fieldend|move: Grassy Terrain
|upkeep
|turn|13
|-message|TeyVgc forfeited.
|
|win|PursatiEvol
|raw|PursatiEvol's rating: 1227 → 1259(+32 for winning)
|raw|TeyVgc's rating: 1321 → 1296(-25 for losing)
