|j|☆darkocin
|j|☆Keith Jones
|html|darkocinKeith Jones    
|uhtml|bestof|Game 2 of a best-of-3
|t:|1783453963
|gametype|doubles
|player|p1|darkocin|169|1395
|player|p2|Keith Jones|benga|1442
|gen|9
|tier|[Gen 9 Champions] VGC 2026 Reg M-B (Bo3)
|rated|
|rule|Species Clause: Limit one of each Pokémon
|rule|Item Clause: Limit 1 of each item
|clearpoke
|poke|p1|Raichu, L50, F|
|poke|p1|Floette-Eternal, L50, F|
|poke|p1|Sinistcha, L50|
|poke|p1|Incineroar, L50, M|
|poke|p1|Milotic, L50, F|
|poke|p1|Ceruledge, L50, M|
|poke|p2|Kleavor, L50, F|
|poke|p2|Talonflame, L50, F|
|poke|p2|Sneasler, L50, M|
|poke|p2|Kingambit, L50, M|
|poke|p2|Basculegion, L50, M|
|poke|p2|Floette-Eternal, L50, F|
|teampreview|4
|showteam|p1|Raichu||RaichuniteY|LightningRod|FakeOut,ZapCannon,FocusBlast,Protect|Timid||F|||50|]Floette-Eternal||Floettite|FlowerVeil|DazzlingGleam,DrainingKiss,CalmMind,Protect|Timid||F|||50|]Sinistcha||KasibBerry|Hospitality|MatchaGotcha,LifeDew,RagePowder,Protect|Relaxed|||||50|]Incineroar||SitrusBerry|Intimidate|FakeOut,FlareBlitz,ThroatChop,PartingShot|Impish||M|||50|]Milotic||Leftovers|Competitive|MuddyWater,Coil,Hypnosis,Protect|Calm||F|||50|]Ceruledge||ColburBerry|FlashFire|BitterBlade,ShadowSneak,BulkUp,Protect|Adamant||M|||50|
|showteam|p2|Kleavor||FocusSash|Sharpness|StoneAxe,CloseCombat,XScissor,Protect|Jolly||F|||50|]Talonflame||Leftovers|GaleWings|DualWingbeat,WillOWisp,Tailwind,Protect|Jolly||F|||50|]Sneasler||WhiteHerb|Unburden|DireClaw,CloseCombat,FakeOut,Protect|Jolly||M|||50|]Kingambit||BlackGlasses|Defiant|KowtowCleave,SuckerPunch,SwordsDance,Protect|Adamant||M|||50|]Basculegion||ChoiceScarf|Adaptability|WaveCrash,LastRespects,AquaJet,FlipTurn|Jolly||M|||50|]Floette-Eternal||Floettite|FlowerVeil|Moonblast,DazzlingGleam,CalmMind,Protect|Timid||F|||50|
|
|t:|1783453989
|teamsize|p1|4
|teamsize|p2|4
|start
|switch|p1a: Raichu|Raichu, L50, F|100/100
|switch|p1b: Milotic|Milotic, L50, F|100/100
|switch|p2a: Basculegion|Basculegion, L50, M|100/100
|switch|p2b: Kleavor|Kleavor, L50, F|100/100
|turn|1
|inactive|Battle timer is ON: inactive players will automatically lose when time's up. (requested by darkocin)
|
|t:|1783454011
|detailschange|p1a: Raichu|Raichu-Mega-Y, L50, F
|-mega|p1a: Raichu|Raichu|Raichunite Y
|move|p1a: Raichu|Protect|p1a: Raichu
|-singleturn|p1a: Raichu|Protect
|move|p2a: Basculegion|Wave Crash|p1a: Raichu
|-activate|p1a: Raichu|move: Protect
|move|p2b: Kleavor|Stone Axe|p1b: Milotic
|-damage|p1b: Milotic|55/100
|-sidestart|p1: darkocin|move: Stealth Rock
|move|p1b: Milotic|Coil|p1b: Milotic
|-boost|p1b: Milotic|atk|1
|-boost|p1b: Milotic|def|1
|-boost|p1b: Milotic|accuracy|1
|
|-heal|p1b: Milotic|61/100|[from] item: Leftovers
|upkeep
|turn|2
|
|t:|1783454035
|switch|p1a: Sinistcha|Sinistcha, L50|100/100
|-damage|p1a: Sinistcha|87/100|[from] Stealth Rock
|-heal|p1b: Milotic|86/100|[from] ability: Hospitality|[of] p1a: Sinistcha
|move|p2a: Basculegion|Wave Crash|p1a: Sinistcha
|-resisted|p1a: Sinistcha|1
|-damage|p1a: Sinistcha|57/100
|-damage|p2a: Basculegion|91/100|[from] Recoil
|move|p2b: Kleavor|X-Scissor|p1b: Milotic
|-damage|p1b: Milotic|49/100
|move|p1b: Milotic|Coil|p1b: Milotic
|-boost|p1b: Milotic|atk|1
|-boost|p1b: Milotic|def|1
|-boost|p1b: Milotic|accuracy|1
|
|-heal|p1b: Milotic|54/100|[from] item: Leftovers
|upkeep
|turn|3
|inactive|darkocin has 30 seconds left.
|inactive|darkocin has 20 seconds left.
|inactive|darkocin has 15 seconds left.
|
|t:|1783454078
|switch|p2a: Floette|Floette-Eternal, L50, F|100/100
|switch|p1a: Raichu|Raichu-Mega-Y, L50, F|100/100
|-damage|p1a: Raichu|87/100|[from] Stealth Rock
|move|p2b: Kleavor|X-Scissor|p1b: Milotic
|-damage|p1b: Milotic|25/100
|move|p1b: Milotic|Hypnosis|p2a: Floette
|-status|p2a: Floette|slp|[from] move: Hypnosis
|
|-heal|p1b: Milotic|31/100|[from] item: Leftovers
|upkeep
|turn|4
|
|t:|1783454106
|detailschange|p2a: Floette|Floette-Mega, L50, F
|-mega|p2a: Floette|Floette|Floettite
|-ability|p2a: Floette|Fairy Aura
|move|p1a: Raichu|Zap Cannon|p2a: Floette
|-damage|p2a: Floette|48/100 slp
|cant|p2a: Floette|slp
|move|p2b: Kleavor|X-Scissor|p1a: Raichu
|-damage|p1a: Raichu|0 fnt
|faint|p1a: Raichu
|move|p1b: Milotic|Muddy Water|p2a: Floette|[spread] p2a,p2b
|-supereffective|p2b: Kleavor|1
|-damage|p2a: Floette|27/100 slp
|-damage|p2b: Kleavor|26/100
|-unboost|p2b: Kleavor|accuracy|1
|
|-heal|p1b: Milotic|37/100|[from] item: Leftovers
|upkeep
|
|t:|1783454121
|switch|p1a: Sinistcha|Sinistcha, L50|57/100
|-damage|p1a: Sinistcha|45/100|[from] Stealth Rock
|-heal|p1b: Milotic|61/100|[from] ability: Hospitality|[of] p1a: Sinistcha
|turn|5
|
|t:|1783454130
|move|p1a: Sinistcha|Protect|p1a: Sinistcha
|-singleturn|p1a: Sinistcha|Protect
|cant|p2a: Floette|slp
|move|p2b: Kleavor|X-Scissor|p1a: Sinistcha
|-activate|p1a: Sinistcha|move: Protect
|move|p1b: Milotic|Muddy Water|p2b: Kleavor|[spread] p2a,p2b
|-supereffective|p2b: Kleavor|1
|-damage|p2a: Floette|7/100 slp
|-damage|p2b: Kleavor|0 fnt
|-unboost|p2a: Floette|accuracy|1
|faint|p2b: Kleavor
|
|-heal|p1b: Milotic|67/100|[from] item: Leftovers
|upkeep
|
|t:|1783454147
|switch|p2b: Kingambit|Kingambit, L50, M|100/100
|turn|6
|
|t:|1783454156
|-curestatus|p2a: Floette|slp|[msg]
|move|p2a: Floette|Dazzling Gleam|p1b: Milotic|[spread] p1a,p1b
|-damage|p1a: Sinistcha|5/100
|-damage|p1b: Milotic|36/100
|move|p1b: Milotic|Hypnosis|p2b: Kingambit
|-status|p2b: Kingambit|slp|[from] move: Hypnosis
|cant|p2b: Kingambit|slp
|move|p1a: Sinistcha|Matcha Gotcha|p2a: Floette|[spread] p2a,p2b
|-resisted|p2b: Kingambit|1
|-damage|p2a: Floette|0 fnt
|-heal|p1a: Sinistcha|8/100|[from] drain|[of] p2a: Floette
|-damage|p2b: Kingambit|87/100 slp
|-heal|p1a: Sinistcha|15/100|[from] drain|[of] p2b: Kingambit
|faint|p2a: Floette
|
|-heal|p1b: Milotic|42/100|[from] item: Leftovers
|upkeep
|
|t:|1783454166
|switch|p2a: Basculegion|Basculegion, L50, M|91/100
|turn|7
|inactive|darkocin has 30 seconds left.
|inactive|darkocin has 20 seconds left.
|
|t:|1783454206
|move|p1a: Sinistcha|Protect|p1a: Sinistcha
|-singleturn|p1a: Sinistcha|Protect
|move|p2a: Basculegion|Last Respects|p1b: Milotic
|-damage|p1b: Milotic|3/100
|move|p1b: Milotic|Hypnosis|p2a: Basculegion
|-status|p2a: Basculegion|slp|[from] move: Hypnosis
|cant|p2b: Kingambit|slp
|
|-heal|p1b: Milotic|9/100|[from] item: Leftovers
|upkeep
|turn|8
|
|t:|1783454223
|cant|p2a: Basculegion|slp
|move|p1b: Milotic|Muddy Water|p2b: Kingambit|[spread] p2a,p2b
|-resisted|p2a: Basculegion|1
|-crit|p2b: Kingambit
|-damage|p2a: Basculegion|78/100 slp
|-damage|p2b: Kingambit|51/100 slp
|-unboost|p2b: Kingambit|accuracy|1
|-ability|p2b: Kingambit|Defiant|boost
|-boost|p2b: Kingambit|atk|2
|-curestatus|p2b: Kingambit|slp|[msg]
|move|p2b: Kingambit|Kowtow Cleave|p1a: Sinistcha
|-supereffective|p1a: Sinistcha|1
|-damage|p1a: Sinistcha|0 fnt
|faint|p1a: Sinistcha
|
|-heal|p1b: Milotic|15/100|[from] item: Leftovers
|upkeep
|
|t:|1783454234
|switch|p1a: Incineroar|Incineroar, L50, M|100/100
|-damage|p1a: Incineroar|75/100|[from] Stealth Rock
|-ability|p1a: Incineroar|Intimidate|boost
|-unboost|p2a: Basculegion|atk|1
|-unboost|p2b: Kingambit|atk|1
|-ability|p2b: Kingambit|Defiant|boost
|-boost|p2b: Kingambit|atk|2
|turn|9
|
|t:|1783454243
|move|p2b: Kingambit|Protect|p2b: Kingambit
|-singleturn|p2b: Kingambit|Protect
|cant|p2a: Basculegion|slp
|move|p1b: Milotic|Muddy Water|p2a: Basculegion|[spread] p2a
|-activate|p2b: Kingambit|move: Protect
|-resisted|p2a: Basculegion|1
|-damage|p2a: Basculegion|64/100 slp
|move|p1a: Incineroar|Throat Chop|p2a: Basculegion
|-supereffective|p2a: Basculegion|1
|-damage|p2a: Basculegion|0 fnt
|faint|p2a: Basculegion
|
|-heal|p1b: Milotic|21/100|[from] item: Leftovers
|upkeep
|turn|10
|inactive|darkocin has 30 seconds left.
|
|t:|1783454270
|move|p1b: Milotic|Hypnosis|p2b: Kingambit
|-status|p2b: Kingambit|slp|[from] move: Hypnosis
|cant|p2b: Kingambit|slp
|move|p1a: Incineroar|Flare Blitz|p2b: Kingambit
|-supereffective|p2b: Kingambit|1
|-damage|p2b: Kingambit|0 fnt
|faint|p2b: Kingambit
|-damage|p1a: Incineroar|58/100|[from] Recoil
|
|win|darkocin
|raw|darkocin's rating: 1395 → 1418(+23 for winning)
|raw|Keith Jones's rating: 1442 → 1419(-23 for losing)
