|j|☆Moon7777
|j|☆crudo de fava
|html|Moon7777crudo de fava    
|uhtml|bestof|Game 2 of a best-of-3
|t:|1756498159
|gametype|doubles
|player|p1|Moon7777|170|1426
|player|p2|crudo de fava|ingo|1342
|gen|9
|tier|[Gen 9] VGC 2025 Reg H (Bo3)
|rated|
|rule|Species Clause: Limit one of each Pokémon
|rule|Item Clause: Limit 1 of each item
|clearpoke
|poke|p1|Annihilape, L50, F|
|poke|p1|Archaludon, L50, F|
|poke|p1|Dondozo, L50, M|
|poke|p1|Tatsugiri, L50, M|
|poke|p1|Tyranitar, L50, M|
|poke|p1|Excadrill, L50, M|
|poke|p2|Charizard, L50, F|
|poke|p2|Torkoal, L50, F|
|poke|p2|Porygon2, L50|
|poke|p2|Incineroar, L50, M|
|poke|p2|Jumpluff, L50, M|
|poke|p2|Ursaluna, L50, F|
|teampreview|4
|showteam|p1|Annihilape||ChoiceScarf|Defiant|CloseCombat,Coaching,FinalGambit,RageFist|||F|||50|,,,,,Fighting]Archaludon||PowerHerb|Sturdy|ElectroShot,DracoMeteor,Protect,FlashCannon|||F|||50|,,,,,Electric]Dondozo||Leftovers|Oblivious|Earthquake,Protect,WaveCrash,OrderUp|||M|||50|,,,,,Grass]Tatsugiri||SafetyGoggles|Commander|DracoMeteor,IcyWind,MuddyWater,Protect|||M|||50|,,,,,Dragon]Tyranitar||AssaultVest|SandStream|KnockOff,TeraBlast,RockSlide,LowKick|||M|||50|,,,,,Flying]Excadrill||FocusSash|SandRush|IronHead,HighHorsepower,Earthquake,Protect|||M|||50|,,,,,Ground
|showteam|p2|Charizard||ChoiceSpecs|SolarPower|HeatWave,Overheat,WeatherBall,AirSlash|||F|||50|,,,,,Ghost]Torkoal||EjectPack|Drought|Eruption,Overheat,HelpingHand,Protect|||F|||50|,,,,,Fire]Porygon2||Eviolite|Download|TeraBlast,IceBeam,Recover,TrickRoom||||||50|,,,,,Fighting]Incineroar||SitrusBerry|Intimidate|FlareBlitz,KnockOff,FakeOut,PartingShot|||M|||50|,,,,,Ghost]Jumpluff||CovertCloak|Chlorophyll|SleepPowder,SunnyDay,RagePowder,Tailwind|||M|||50|,,,,,Water]Ursaluna||FlameOrb|Guts|HeadlongRush,Facade,Earthquake,Protect|||F|||50|,,,,,Ghost
|inactive|Battle timer is ON: inactive players will automatically lose when time's up. (requested by Moon7777)
|inactive|crudo de fava has 60 seconds left.
|
|t:|1756498228
|teamsize|p1|4
|teamsize|p2|4
|start
|switch|p1a: Annihilape|Annihilape, L50, F|100/100
|switch|p1b: Dondozo|Dondozo, L50, M|100/100
|switch|p2a: Jumpluff|Jumpluff, L50, M|100/100
|switch|p2b: Porygon2|Porygon2, L50|100/100
|-ability|p2b: Porygon2|Download|boost
|-boost|p2b: Porygon2|spa|1
|turn|1
|inactive|Moon7777 has 30 seconds left.
|
|t:|1756498254
|move|p2a: Jumpluff|Rage Powder|p2a: Jumpluff
|-singleturn|p2a: Jumpluff|move: Rage Powder
|move|p1a: Annihilape|Final Gambit|p2a: Jumpluff
|-damage|p2a: Jumpluff|0 fnt
|faint|p1a: Annihilape
|faint|p2a: Jumpluff
|move|p1b: Dondozo|Order Up|p2b: Porygon2
|-damage|p2b: Porygon2|84/100
|move|p2b: Porygon2|Tera Blast|p1b: Dondozo
|-damage|p1b: Dondozo|37/100
|
|-heal|p1b: Dondozo|43/100|[from] item: Leftovers
|upkeep
|
|t:|1756498269
|switch|p2a: Incineroar|Incineroar, L50, M|100/100
|switch|p1a: Tyranitar|Tyranitar, L50, M|100/100
|-ability|p2a: Incineroar|Intimidate|boost
|-unboost|p1a: Tyranitar|atk|1
|-fail|p1b: Dondozo|unboost|Attack|[from] ability: Oblivious|[of] p1b: Dondozo
|-weather|Sandstorm|[from] ability: Sand Stream|[of] p1a: Tyranitar
|turn|2
|
|t:|1756498289
|move|p1b: Dondozo|Protect|p1b: Dondozo
|-singleturn|p1b: Dondozo|Protect
|move|p2a: Incineroar|Fake Out|p1b: Dondozo
|-activate|p1b: Dondozo|move: Protect
|move|p1a: Tyranitar|Knock Off|p2b: Porygon2
|-damage|p2b: Porygon2|65/100
|-enditem|p2b: Porygon2|Eviolite|[from] move: Knock Off|[of] p1a: Tyranitar
|move|p2b: Porygon2|Trick Room|p2b: Porygon2
|-fieldstart|move: Trick Room|[of] p2b: Porygon2
|
|-weather|Sandstorm|[upkeep]
|-damage|p2b: Porygon2|59/100|[from] Sandstorm
|-damage|p1b: Dondozo|37/100|[from] Sandstorm
|-damage|p2a: Incineroar|95/100|[from] Sandstorm
|-heal|p1b: Dondozo|43/100|[from] item: Leftovers
|upkeep
|turn|3
|
|t:|1756498303
|switch|p1a: Tatsugiri|Tatsugiri, L50, M|100/100
|-activate|p1a: Tatsugiri|ability: Commander|[of] p1b: Dondozo
|-boost|p1b: Dondozo|atk|2
|-boost|p1b: Dondozo|spa|2
|-boost|p1b: Dondozo|spe|2
|-boost|p1b: Dondozo|def|2
|-boost|p1b: Dondozo|spd|2
|move|p2b: Porygon2|Tera Blast|p1b: Dondozo
|-damage|p1b: Dondozo|8/100
|move|p2a: Incineroar|Knock Off|p1b: Dondozo
|-damage|p1b: Dondozo|0 fnt
|-enditem|p1b: Dondozo|Leftovers|[from] move: Knock Off|[of] p2a: Incineroar
|faint|p1b: Dondozo
|
|-weather|Sandstorm|[upkeep]
|-damage|p2b: Porygon2|53/100|[from] Sandstorm
|-damage|p2a: Incineroar|89/100|[from] Sandstorm
|upkeep
|
|t:|1756498314
|switch|p1b: Tyranitar|Tyranitar, L50, M|100/100
|turn|4
|
|t:|1756498326
|move|p1b: Tyranitar|Rock Slide|p2a: Incineroar|[spread] p2a,p2b
|-supereffective|p2a: Incineroar
|-damage|p2a: Incineroar|32/100
|-damage|p2b: Porygon2|28/100
|-enditem|p2a: Incineroar|Sitrus Berry|[eat]
|-heal|p2a: Incineroar|57/100|[from] item: Sitrus Berry
|move|p2b: Porygon2|Tera Blast|p1a: Tatsugiri
|-damage|p1a: Tatsugiri|41/100
|move|p2a: Incineroar|Knock Off|p1a: Tatsugiri
|-damage|p1a: Tatsugiri|0 fnt
|-enditem|p1a: Tatsugiri|Safety Goggles|[from] move: Knock Off|[of] p2a: Incineroar
|faint|p1a: Tatsugiri
|
|-weather|Sandstorm|[upkeep]
|-damage|p2b: Porygon2|21/100|[from] Sandstorm
|-damage|p2a: Incineroar|51/100|[from] Sandstorm
|upkeep
|turn|5
|
|t:|1756498344
|switch|p2a: Ursaluna|Ursaluna, L50, F|100/100
|-terastallize|p2b: Porygon2|Fighting
|move|p1b: Tyranitar|Rock Slide|p2a: Ursaluna|[spread] p2a,p2b
|-resisted|p2a: Ursaluna
|-resisted|p2b: Porygon2
|-damage|p2a: Ursaluna|90/100
|-damage|p2b: Porygon2|7/100
|move|p2b: Porygon2|Tera Blast|p1b: Tyranitar|[anim] Tera Blast Fighting
|-supereffective|p1b: Tyranitar
|-damage|p1b: Tyranitar|31/100
|
|-weather|Sandstorm|[upkeep]
|-damage|p2b: Porygon2|1/100|[from] Sandstorm
|-status|p2a: Ursaluna|brn|[from] item: Flame Orb
|upkeep
|turn|6
|-message|Moon7777 forfeited.
|
|win|crudo de fava
|raw|Moon7777's rating: 1426 → 1401(-25 for losing)
|raw|crudo de fava's rating: 1342 → 1367(+25 for winning)
|l|☆Moon7777
|player|p1|
