|j|☆vinicio499
|j|☆nulsen3
|html|vinicio499nulsen3    
|uhtml|bestof|Game 3 of a best-of-3
|t:|1785335678
|gametype|doubles
|player|p1|vinicio499|miku-ghost|1130
|player|p2|nulsen3|101|1117
|gen|9
|tier|[Gen 9 Champions] VGC 2026 Reg M-B (Bo3)
|rated|
|rule|Species Clause: Limit one of each Pokémon
|rule|Item Clause: Limit 1 of each item
|clearpoke
|poke|p1|Farigiraf, L50, M, shiny|
|poke|p1|Chandelure, L50, F, shiny|
|poke|p1|Sinistcha, L50|
|poke|p1|Kangaskhan, L50, F|
|poke|p1|Kingambit, L50, M|
|poke|p1|Emboar, L50, M, shiny|
|poke|p2|Avalugg-Hisui, L50, M|
|poke|p2|Farigiraf, L50, F|
|poke|p2|Sinistcha-Masterpiece, L50|
|poke|p2|Kingambit, L50, F|
|poke|p2|Camerupt, L50, F|
|poke|p2|Swampert, L50, F|
|teampreview|4
|showteam|p1|Farigiraf||ColburBerry|ArmorTail|TrickRoom,TwinBeam,Protect,Thunderbolt|Quiet||M|||50|]Chandelure||Chandelurite|FlashFire|HeatWave,ShadowBall,TrickRoom,Protect|Quiet||F|||50|]Sinistcha||KasibBerry|Hospitality|MatchaGotcha,RagePowder,Protect,TrickRoom|Bold|||||50|]Kangaskhan||SilkScarf|Scrappy|FakeOut,LastResort|Brave||F|||50|]Kingambit||FocusSash|Defiant|KowtowCleave,SuckerPunch,IronHead,LowKick|Adamant||M|||50|]Emboar||Emboarite|Reckless|FlareBlitz,Protect,CloseCombat,SuckerPunch|Adamant||M|||50|
|showteam|p2|Avalugg-Hisui||WideLens|Sturdy|MountainGale,RockSlide,BodyPress,WideGuard|Brave||M|||50|]Farigiraf||LumBerry|ArmorTail|Thunderbolt,HelpingHand,TrickRoom,Protect|Relaxed||F|||50|]Sinistcha-Masterpiece||MentalHerb|Hospitality|TrickRoom,RagePowder,MatchaGotcha,ShadowBall|Sassy|||||50|]Kingambit||BlackGlasses|Defiant|KowtowCleave,SuckerPunch,SwordsDance,Protect|Brave||F|||50|]Camerupt||Cameruptite|MagmaArmor|HeatWave,EarthPower,AncientPower,Protect|Quiet||F|||50|]Swampert||Swampertite|Damp|WaveCrash,KnockOff,Earthquake,Protect|Brave||F|||50|
|inactive|Battle timer is ON: inactive players will automatically lose when time's up. (requested by vinicio499)
|c|☆nulsen3|i did not just lose that game bc my heat wave double missed
|inactive|nulsen3 has 60 seconds left.
|inactive|nulsen3 has 30 seconds left.
|l|☆vinicio499
|inactive|vinicio499 disconnected and has a minute to reconnect!
|player|p1|
|j|☆vinicio499
|inactive|vinicio499 reconnected.
|player|p1|vinicio499|miku-ghost|
|inactive|nulsen3 has 20 seconds left.
|inactive|nulsen3 has 15 seconds left.
|inactive|nulsen3 has 10 seconds left.
|
|t:|1785335762
|teamsize|p1|4
|teamsize|p2|4
|start
|switch|p1a: Emboar|Emboar, L50, M, shiny|100/100
|switch|p1b: Kingambit|Kingambit, L50, M|100/100
|switch|p2a: Farigiraf|Farigiraf, L50, F|100/100
|switch|p2b: Sinistcha|Sinistcha-Masterpiece, L50|100/100
|turn|1
|c|☆vinicio499|Nah it was the sucker punch emboar truuuust
|
|t:|1785335783
|switch|p1a: Sinistcha|Sinistcha, L50|100/100
|move|p2b: Sinistcha|Rage Powder|p2b: Sinistcha
|-singleturn|p2b: Sinistcha|move: Rage Powder
|move|p1b: Kingambit|Kowtow Cleave|p2b: Sinistcha
|-supereffective|p2b: Sinistcha|1
|-damage|p2b: Sinistcha|15/100
|move|p2a: Farigiraf|Trick Room|p2a: Farigiraf
|-fieldstart|move: Trick Room|[of] p2a: Farigiraf
|
|upkeep
|turn|2
|inactive|nulsen3 has 30 seconds left.
|inactive|nulsen3 has 20 seconds left.
|
|t:|1785335819
|move|p1b: Kingambit|Kowtow Cleave|p2a: Farigiraf
|-supereffective|p2a: Farigiraf|1
|-damage|p2a: Farigiraf|30/100
|move|p2a: Farigiraf|Thunderbolt|p1b: Kingambit
|-damage|p1b: Kingambit|77/100
|move|p2b: Sinistcha|Shadow Ball|p1a: Sinistcha
|-supereffective|p1a: Sinistcha|1
|-enditem|p1a: Sinistcha|Kasib Berry|[eat]
|-enditem|p1a: Sinistcha|Kasib Berry|[weaken]
|-damage|p1a: Sinistcha|64/100
|move|p1a: Sinistcha|Trick Room|p1a: Sinistcha
|-fieldend|move: Trick Room
|
|upkeep
|turn|3
|
|t:|1785335828
|move|p2b: Sinistcha|Rage Powder|p2b: Sinistcha
|-singleturn|p2b: Sinistcha|move: Rage Powder
|move|p1a: Sinistcha|Matcha Gotcha|p2b: Sinistcha|[spread] p2a,p2b
|-resisted|p2b: Sinistcha|1
|-damage|p2a: Farigiraf|6/100
|-heal|p1a: Sinistcha|79/100|[from] drain|[of] p2a: Farigiraf
|-damage|p2b: Sinistcha|5/100
|-heal|p1a: Sinistcha|84/100|[from] drain|[of] p2b: Sinistcha
|move|p1b: Kingambit|Kowtow Cleave|p2b: Sinistcha
|-supereffective|p2b: Sinistcha|1
|-damage|p2b: Sinistcha|0 fnt
|faint|p2b: Sinistcha
|move|p2a: Farigiraf|Trick Room|p2a: Farigiraf
|-fieldstart|move: Trick Room|[of] p2a: Farigiraf
|
|upkeep
|
|t:|1785335846
|switch|p2b: Camerupt|Camerupt, L50, F|100/100
|turn|4
|
|t:|1785335858
|detailschange|p2b: Camerupt|Camerupt-Mega, L50, F
|-mega|p2b: Camerupt|Camerupt|Cameruptite
|move|p2a: Farigiraf|Helping Hand|p2b: Camerupt
|-singleturn|p2b: Camerupt|Helping Hand|[of] p2a: Farigiraf
|move|p1a: Sinistcha|Protect|p1a: Sinistcha
|-singleturn|p1a: Sinistcha|Protect
|move|p2b: Camerupt|Heat Wave|p1b: Kingambit|[spread] 
|-activate|p1a: Sinistcha|move: Protect
|-miss|p2b: Camerupt|p1b: Kingambit
|move|p1b: Kingambit|Kowtow Cleave|p2a: Farigiraf
|-supereffective|p2a: Farigiraf|1
|-damage|p2a: Farigiraf|0 fnt
|faint|p2a: Farigiraf
|
|upkeep
|c|☆nulsen3|this game actually hates me
|c|☆vinicio499|Dude your camerupt might need some glasses
|
|t:|1785335873
|switch|p2a: Swampert|Swampert, L50, F|100/100
|turn|5
|
|t:|1785335883
|switch|p1a: Kangaskhan|Kangaskhan, L50, F|100/100
|move|p1b: Kingambit|Sucker Punch|p2b: Camerupt
|-damage|p2b: Camerupt|57/100
|move|p2b: Camerupt|Heat Wave|p1a: Kangaskhan|[spread] p1a
|-miss|p2b: Camerupt|p1b: Kingambit
|-damage|p1a: Kangaskhan|39/100
|move|p2a: Swampert|Knock Off|p1a: Kangaskhan
|-damage|p1a: Kangaskhan|4/100
|-enditem|p1a: Kangaskhan|Silk Scarf|[from] move: Knock Off|[of] p2a: Swampert
|
|upkeep
|turn|6
|c|☆nulsen3|im gonna cry
|c|☆vinicio499|Like seriously
|c|☆nulsen3|5 misses in a row in total
|inactive|nulsen3 has 30 seconds left.
|
|t:|1785335912
|move|p1a: Kangaskhan|Fake Out|p2b: Camerupt
|-damage|p2b: Camerupt|36/100
|cant|p2b: Camerupt|flinch
|move|p1b: Kingambit|Kowtow Cleave|p2b: Camerupt
|-damage|p2b: Camerupt|0 fnt
|faint|p2b: Camerupt
|move|p2a: Swampert|Wave Crash|p1b: Kingambit
|-damage|p1b: Kingambit|33/100
|-damage|p2a: Swampert|85/100|[from] Recoil
|
|upkeep
|turn|7
|
|t:|1785335926
|move|p1b: Kingambit|Sucker Punch|p2a: Swampert
|-damage|p2a: Swampert|45/100
|move|p2a: Swampert|Earthquake|p1b: Kingambit|[spread] p1a,p1b
|-supereffective|p1b: Kingambit|1
|-damage|p1a: Kangaskhan|0 fnt
|-damage|p1b: Kingambit|0 fnt
|faint|p1a: Kangaskhan
|faint|p1b: Kingambit
|
|-fieldend|move: Trick Room
|upkeep
|
|t:|1785335929
|switch|p1a: Emboar|Emboar, L50, M, shiny|100/100
|switch|p1b: Sinistcha|Sinistcha, L50|84/100
|turn|8
|
|t:|1785335942
|detailschange|p1a: Emboar|Emboar-Mega, L50, M, shiny
|-mega|p1a: Emboar|Emboar|Emboarite
|-ability|p1a: Emboar|Mold Breaker
|move|p1a: Emboar|Sucker Punch|p2a: Swampert
|-damage|p2a: Swampert|16/100
|move|p1b: Sinistcha|Matcha Gotcha|p2a: Swampert
|-supereffective|p2a: Swampert|2
|-damage|p2a: Swampert|0 fnt
|-heal|p1b: Sinistcha|94/100|[from] drain|[of] p2a: Swampert
|faint|p2a: Swampert
|
|win|vinicio499
|raw|vinicio499's rating: 1130 → 1154(+24 for winning)
|raw|nulsen3's rating: 1117 → 1093(-24 for losing)
|c|☆vinicio499|I was expecting eaquake to miss
|c|☆nulsen3|im clipping this game
|c|☆vinicio499|Lmao fair
|c|☆nulsen3|this is to stupid
|c|☆vinicio499|I should not have won
|c|☆nulsen3|gg tho ig
|c|☆vinicio499|Ggs
|l|☆vinicio499
|player|p1|
