|j|☆vgceplt vntz
|j|☆SEROO
|html|vgceplt vntzSEROO    
|uhtml|bestof|Game 2 of a best-of-3
|t:|1782678217
|gametype|doubles
|player|p1|vgceplt vntz|cameraman|
|player|p2|SEROO|#pubdiipsychoscowlers|
|gen|9
|tier|[Gen 9 Champions] VGC 2026 Reg M-B (Bo3)
|rule|Species Clause: Limit one of each Pokémon
|rule|Item Clause: Limit 1 of each item
|clearpoke
|poke|p1|Annihilape, L50, F|
|poke|p1|Dragonite, L50, F|
|poke|p1|Armarouge, L50, F|
|poke|p1|Torkoal, L50, M|
|poke|p1|Kingambit, L50, M|
|poke|p1|Maushold, L50|
|poke|p2|Grimmsnarl, L50, M|
|poke|p2|Swampert, L50, M|
|poke|p2|Pelipper, L50, M|
|poke|p2|Archaludon, L50, M|
|poke|p2|Sinistcha, L50|
|poke|p2|Metagross, L50|
|teampreview|4
|showteam|p1|Annihilape||ChoiceScarf|Defiant|ShadowClaw,CloseCombat,SeedBomb,IcePunch|Adamant||F|||50|]Dragonite||Dragoninite|InnerFocus|DragonDance,DragonClaw,ExtremeSpeed,Protect|Adamant||F|||50|]Armarouge||Leftovers|FlashFire|Psychic,HeatWave,CalmMind,TrickRoom|Modest||F|||50|]Torkoal||Charcoal|Drought|Eruption,HeatWave,EarthPower,Protect|Quiet||M|||50|]Kingambit||LifeOrb|Defiant|IronHead,KowtowCleave,SuckerPunch,Protect|Adamant||M|||50|]Maushold||WideLens|Technician|PopulationBomb,FollowMe,Bite,Protect|Jolly|||||50|
|showteam|p2|Grimmsnarl||LightClay|Prankster|FoulPlay,PartingShot,Reflect,LightScreen|Calm||M|||50|]Swampert||Swampertite|Damp|WaveCrash,Earthquake,IcePunch,Protect|Adamant||M|||50|]Pelipper||SitrusBerry|Drizzle|Hurricane,WeatherBall,Tailwind,WideGuard|Modest||M|||50|]Archaludon||Leftovers|Stamina|ElectroShot,DragonPulse,FlashCannon,Protect|Modest||M|||50|]Sinistcha||CobaBerry|Hospitality|MatchaGotcha,RagePowder,TrickRoom,Protect|Relaxed|||||50|]Metagross||Metagrossite|ClearBody|IronHead,PsychicFangs,BodyPress,Protect|Jolly|||||50|
|c|☆SEROO|hf
|c|☆vgceplt vntz|glhf
|inactive|Battle timer is ON: inactive players will automatically lose when time's up. (requested by SEROO)
|inactive|SEROO has 60 seconds left.
|
|t:|1782678282
|teamsize|p1|4
|teamsize|p2|4
|start
|switch|p1a: Dragonite|Dragonite, L50, F|100/100
|switch|p1b: Armarouge|Armarouge, L50, F|100/100
|switch|p2a: Swampert|Swampert, L50, M|100/100
|switch|p2b: Archaludon|Archaludon, L50, M|100/100
|turn|1
|inactive|SEROO has 30 seconds left.
|
|t:|1782678307
|switch|p1b: Annihilape|Annihilape, L50, F|100/100
|detailschange|p1a: Dragonite|Dragonite-Mega, L50, F
|-mega|p1a: Dragonite|Dragonite|Dragoninite
|detailschange|p2a: Swampert|Swampert-Mega, L50, M
|-mega|p2a: Swampert|Swampert|Swampertite
|move|p1a: Dragonite|Dragon Dance|p1a: Dragonite
|-boost|p1a: Dragonite|atk|1
|-boost|p1a: Dragonite|spe|1
|move|p2b: Archaludon|Flash Cannon|p1a: Dragonite
|-damage|p1a: Dragonite|83/100
|move|p2a: Swampert|Wave Crash|p1b: Annihilape
|-damage|p1b: Annihilape|11/100
|-damage|p2a: Swampert|72/100|[from] Recoil
|
|upkeep
|turn|2
|c|☆SEROO|ALMD ES VERDAD QUE NO ES FAIRY
|
|t:|1782678331
|switch|p2b: Pelipper|Pelipper, L50, M|100/100
|-weather|RainDance|[from] ability: Drizzle|[of] p2b: Pelipper
|move|p1a: Dragonite|Dragon Claw|p2b: Pelipper
|-crit|p2b: Pelipper
|-damage|p2b: Pelipper|0 fnt
|faint|p2b: Pelipper
|move|p2a: Swampert|Ice Punch|p1a: Dragonite
|-supereffective|p1a: Dragonite|2
|-damage|p1a: Dragonite|0 fnt
|faint|p1a: Dragonite
|move|p1b: Annihilape|Close Combat|p2a: Swampert
|-damage|p2a: Swampert|12/100
|-unboost|p1b: Annihilape|def|1
|-unboost|p1b: Annihilape|spd|1
|
|-weather|RainDance|[upkeep]
|upkeep
|
|t:|1782678342
|switch|p1a: Kingambit|Kingambit, L50, M|100/100
|switch|p2b: Sinistcha|Sinistcha, L50|100/100
|-heal|p2a: Swampert|37/100|[from] ability: Hospitality|[of] p2b: Sinistcha
|turn|3
|
|t:|1782678361
|move|p2b: Sinistcha|Rage Powder|p2b: Sinistcha
|-singleturn|p2b: Sinistcha|move: Rage Powder
|move|p1a: Kingambit|Sucker Punch||[still]
|-fail|p1a: Kingambit
|move|p2a: Swampert|Earthquake|p1a: Kingambit|[spread] p2b,p1a,p1b
|-resisted|p2b: Sinistcha|1
|-supereffective|p1a: Kingambit|1
|-damage|p2b: Sinistcha|81/100
|-damage|p1a: Kingambit|26/100
|-damage|p1b: Annihilape|0 fnt
|faint|p1b: Annihilape
|
|-weather|RainDance|[upkeep]
|upkeep
|
|t:|1782678365
|switch|p1b: Armarouge|Armarouge, L50, F|100/100
|turn|4
|
|t:|1782678372
|move|p2b: Sinistcha|Rage Powder|p2b: Sinistcha
|-singleturn|p2b: Sinistcha|move: Rage Powder
|move|p2a: Swampert|Wave Crash|p1b: Armarouge
|-supereffective|p1b: Armarouge|1
|-damage|p1b: Armarouge|0 fnt
|faint|p1b: Armarouge
|-damage|p2a: Swampert|5/100|[from] Recoil
|move|p1a: Kingambit|Kowtow Cleave|p2b: Sinistcha
|-supereffective|p2b: Sinistcha|1
|-damage|p2b: Sinistcha|0 fnt
|faint|p2b: Sinistcha
|-damage|p1a: Kingambit|16/100|[from] item: Life Orb
|
|-weather|RainDance|[upkeep]
|upkeep
|
|t:|1782678374
|switch|p2b: Archaludon|Archaludon, L50, M|100/100
|turn|5
|
|t:|1782678380
|move|p1a: Kingambit|Sucker Punch|p2a: Swampert
|-damage|p2a: Swampert|0 fnt
|faint|p2a: Swampert
|-damage|p1a: Kingambit|7/100|[from] item: Life Orb
|move|p2b: Archaludon|Electro Shot||[still]
|-prepare|p2b: Archaludon|Electro Shot
|-boost|p2b: Archaludon|spa|1
|-anim|p2b: Archaludon|Electro Shot|p1a: Kingambit
|-damage|p1a: Kingambit|0 fnt
|faint|p1a: Kingambit
|
|win|SEROO
|c|☆vgceplt vntz|gg
|c|☆SEROO|ggs bro
