|j|☆Yuste3_
|j|☆mattf315
|html|Yuste3_mattf315    
|uhtml|bestof|Game 1 of a best-of-3
|t:|1756246066
|gametype|doubles
|player|p1|Yuste3_|lucas|1067
|player|p2|mattf315|2|1082
|gen|9
|tier|[Gen 9] VGC 2025 Reg H (Bo3)
|rated|
|rule|Species Clause: Limit one of each Pokémon
|rule|Item Clause: Limit 1 of each item
|clearpoke
|poke|p1|Maushold-Four, L50|
|poke|p1|Archaludon, L50, F|
|poke|p1|Volcarona, L50, M|
|poke|p1|Whimsicott, L50, M|
|poke|p1|Indeedee, L50, M|
|poke|p1|Delphox, L50, F|
|poke|p2|Gallade, L50, M|
|poke|p2|Amoonguss, L50, M|
|poke|p2|Indeedee-F, L50, F|
|poke|p2|Incineroar, L50, M|
|poke|p2|Ursaluna, L50, M|
|poke|p2|Sylveon, L50, M|
|teampreview|4
|showteam|p1|Maushold-Four||WideLens|FriendGuard|PopulationBomb,FollowMe,FakeTears,Protect||||||50|,,,,,Ghost]Archaludon||PowerHerb|Stamina|BodyPress,FlashCannon,ElectroShot,Protect|||F|||50|,,,,,Fighting]Volcarona||RockyHelmet|FlameBody|TeraBlast,StruggleBug,QuiverDance,Protect|||M|||50|,,,,,Fairy]Whimsicott||CovertCloak|Prankster|Moonblast,LightScreen,Encore,Tailwind|||M|||50|,,,,,Water]Indeedee||ChoiceScarf|PsychicSurge|ExpandingForce,HyperVoice,Psychic,Trick|||M|||50|,,,,,Psychic]Delphox||PsychicSeed|Magician|HeatWave,ExpandingForce,TeraBlast,Protect|||F|||50|,,,,,Fighting
|showteam|p2|Gallade||ScopeLens|Sharpness|PsychoCut,SacredSword,NightSlash,TrickRoom|||M|||50|,,,,,Dark]Amoonguss||RockyHelmet|Regenerator|PollenPuff,RagePowder,Spore,ClearSmog|||M|||50|,,,,,Water]Indeedee-F||PsychicSeed|PsychicSurge|Psychic,FollowMe,HelpingHand,TrickRoom|||F|||50|,,,,,Fairy]Incineroar||SafetyGoggles|Intimidate|FakeOut,FlareBlitz,KnockOff,PartingShot|||M|||50|,,,,,Ghost]Ursaluna||FlameOrb|Guts|Facade,HeadlongRush,BrickBreak,Protect|||M|||50|,,,,,Normal]Sylveon||ThroatSpray|Pixilate|HyperVoice,TeraBlast,CalmMind,Protect|||M|||50|,,,,,Water
|inactive|Battle timer is ON: inactive players will automatically lose when time's up. (requested by Yuste3_)
|inactive|mattf315 has 60 seconds left.
|
|t:|1756246134
|teamsize|p1|4
|teamsize|p2|4
|start
|switch|p1a: Volcarona|Volcarona, L50, M|100/100
|switch|p1b: Whimsicott|Whimsicott, L50, M|100/100
|switch|p2a: Incineroar|Incineroar, L50, M|100/100
|switch|p2b: Gallade|Gallade, L50, M|100/100
|-ability|p2a: Incineroar|Intimidate|boost
|-unboost|p1a: Volcarona|atk|1
|-unboost|p1b: Whimsicott|atk|1
|turn|1
|inactive|Yuste3_ has 30 seconds left.
|inactive|mattf315 has 30 seconds left.
|inactive|Yuste3_ has 20 seconds left.
|inactive|Yuste3_ has 15 seconds left.
|
|t:|1756246174
|-terastallize|p1a: Volcarona|Fairy
|move|p2a: Incineroar|Fake Out|p1b: Whimsicott
|-damage|p1b: Whimsicott|89/100
|move|p1b: Whimsicott|Moonblast|p2b: Gallade
|-supereffective|p2b: Gallade
|-crit|p2b: Gallade
|-damage|p2b: Gallade|32/100
|move|p1a: Volcarona|Tera Blast|p2b: Gallade|[anim] Tera Blast Fairy
|-supereffective|p2b: Gallade
|-damage|p2b: Gallade|0 fnt
|faint|p2b: Gallade
|
|upkeep
|
|t:|1756246197
|switch|p2b: Amoonguss|Amoonguss, L50, M|100/100
|turn|2
|c|☆mattf315|Rip, did not see covert cloak
|inactive|Yuste3_ has 30 seconds left.
|inactive|Yuste3_ has 20 seconds left.
|inactive|Yuste3_ has 15 seconds left.
|inactive|Yuste3_ has 10 seconds left.
|
|t:|1756246245
|switch|p1b: Delphox|Delphox, L50, F|100/100
|move|p1a: Volcarona|Protect|p1a: Volcarona
|-singleturn|p1a: Volcarona|Protect
|move|p2a: Incineroar|Flare Blitz|p1b: Delphox
|-resisted|p1b: Delphox
|-damage|p1b: Delphox|63/100
|-damage|p2a: Incineroar|91/100|[from] Recoil
|move|p2b: Amoonguss|Spore|p1a: Volcarona
|-activate|p1a: Volcarona|move: Protect
|
|upkeep
|turn|3
|
|t:|1756246272
|switch|p1a: Indeedee|Indeedee, L50, M|100/100
|-fieldstart|move: Psychic Terrain|[from] ability: Psychic Surge|[of] p1a: Indeedee
|-enditem|p1b: Delphox|Psychic Seed
|-boost|p1b: Delphox|spd|1|[from] item: Psychic Seed
|move|p1b: Delphox|Expanding Force|p2a: Incineroar|[spread] p2b
|-immune|p2a: Incineroar
|-supereffective|p2b: Amoonguss
|-damage|p2b: Amoonguss|7/100
|-item|p1b: Delphox|Rocky Helmet|[from] ability: Magician|[of] p2b: Amoonguss
|move|p2a: Incineroar|Knock Off|p1b: Delphox
|-supereffective|p1b: Delphox
|-damage|p1b: Delphox|0 fnt
|-damage|p2a: Incineroar|75/100|[from] item: Rocky Helmet|[of] p1b: Delphox
|-enditem|p1b: Delphox|Rocky Helmet|[from] move: Knock Off|[of] p2a: Incineroar
|faint|p1b: Delphox
|move|p2b: Amoonguss|Spore|p1a: Indeedee
|-status|p1a: Indeedee|slp|[from] move: Spore
|
|upkeep
|
|t:|1756246295
|switch|p1b: Volcarona|Volcarona, L50, M, tera:Fairy|100/100
|turn|4
|
|t:|1756246310
|cant|p1a: Indeedee|slp
|move|p1b: Volcarona|Struggle Bug|p2b: Amoonguss|[spread] p2a,p2b
|-damage|p2a: Incineroar|55/100
|-damage|p2b: Amoonguss|0 fnt
|-unboost|p2a: Incineroar|spa|1
|faint|p2b: Amoonguss
|move|p2a: Incineroar|Knock Off|p1a: Indeedee
|-supereffective|p1a: Indeedee
|-damage|p1a: Indeedee|0 fnt
|-enditem|p1a: Indeedee|Choice Scarf|[from] move: Knock Off|[of] p2a: Incineroar
|faint|p1a: Indeedee
|
|upkeep
|
|t:|1756246320
|switch|p1a: Whimsicott|Whimsicott, L50, M|89/100
|switch|p2b: Indeedee|Indeedee-F, L50, F|100/100
|-enditem|p2b: Indeedee|Psychic Seed
|-boost|p2b: Indeedee|spd|1|[from] item: Psychic Seed
|turn|5
|
|t:|1756246345
|move|p2b: Indeedee|Follow Me|p2b: Indeedee
|-singleturn|p2b: Indeedee|move: Follow Me
|move|p1a: Whimsicott|Moonblast|p2b: Indeedee
|-damage|p2b: Indeedee|83/100
|-unboost|p2b: Indeedee|spa|1
|move|p1b: Volcarona|Struggle Bug|p2b: Indeedee|[spread] p2a,p2b
|-supereffective|p2b: Indeedee
|-damage|p2a: Incineroar|38/100
|-damage|p2b: Indeedee|60/100
|-unboost|p2a: Incineroar|spa|1
|-unboost|p2b: Indeedee|spa|1
|move|p2a: Incineroar|Flare Blitz|p1a: Whimsicott
|-supereffective|p1a: Whimsicott
|-damage|p1a: Whimsicott|0 fnt
|faint|p1a: Whimsicott
|-damage|p2a: Incineroar|13/100|[from] Recoil
|
|upkeep
|turn|6
|inactive|mattf315 has 30 seconds left.
|inactive|mattf315 has 20 seconds left.
|inactive|mattf315 has 15 seconds left.
|
|t:|1756246387
|-terastallize|p2b: Indeedee|Fairy
|move|p1b: Volcarona|Quiver Dance|p1b: Volcarona
|-boost|p1b: Volcarona|spa|1
|-boost|p1b: Volcarona|spd|1
|-boost|p1b: Volcarona|spe|1
|move|p2a: Incineroar|Flare Blitz|p1b: Volcarona
|-damage|p1b: Volcarona|48/100
|-damage|p2a: Incineroar|0 fnt|[from] item: Rocky Helmet|[of] p1b: Volcarona
|faint|p2a: Incineroar
|move|p2b: Indeedee|Trick Room|p2b: Indeedee
|-fieldstart|move: Trick Room|[of] p2b: Indeedee
|
|upkeep
|turn|7
|
|t:|1756246405
|move|p2b: Indeedee|Psychic|p1b: Volcarona
|-damage|p1b: Volcarona|34/100
|move|p1b: Volcarona|Quiver Dance|p1b: Volcarona
|-boost|p1b: Volcarona|spa|1
|-boost|p1b: Volcarona|spd|1
|-boost|p1b: Volcarona|spe|1
|
|-fieldend|move: Psychic Terrain
|upkeep
|turn|8
|
|t:|1756246413
|move|p2b: Indeedee|Psychic|p1b: Volcarona
|-damage|p1b: Volcarona|26/100
|-unboost|p1b: Volcarona|spd|1
|move|p1b: Volcarona|Quiver Dance|p1b: Volcarona
|-boost|p1b: Volcarona|spa|1
|-boost|p1b: Volcarona|spd|1
|-boost|p1b: Volcarona|spe|1
|
|upkeep
|turn|9
|
|t:|1756246421
|move|p2b: Indeedee|Psychic|p1b: Volcarona
|-damage|p1b: Volcarona|17/100
|move|p1b: Volcarona|Quiver Dance|p1b: Volcarona
|-boost|p1b: Volcarona|spa|1
|-boost|p1b: Volcarona|spd|1
|-boost|p1b: Volcarona|spe|1
|
|upkeep
|turn|10
|
|t:|1756246431
|move|p2b: Indeedee|Psychic|p1b: Volcarona
|-damage|p1b: Volcarona|11/100
|move|p1b: Volcarona|Struggle Bug|p2b: Indeedee
|-resisted|p2b: Indeedee
|-damage|p2b: Indeedee|32/100
|-unboost|p2b: Indeedee|spa|1
|
|-fieldend|move: Trick Room
|upkeep
|turn|11
|
|t:|1756246439
|move|p1b: Volcarona|Tera Blast|p2b: Indeedee|[anim] Tera Blast Fairy
|-damage|p2b: Indeedee|0 fnt
|faint|p2b: Indeedee
|
|win|Yuste3_
||Yuste3_ is ready for game 2.
||mattf315 is ready for game 2.
|uhtml|next|Next: Game 2 of 3
