|j|☆JovemPontePreta
|j|☆Shaymin frohawk
|html|JovemPontePretaShaymin frohawk    
|uhtml|bestof|Game 2 of a best-of-3
|t:|1786120287
|gametype|doubles
|player|p1|JovemPontePreta|102|1140
|player|p2|Shaymin frohawk|101|1193
|gen|9
|tier|[Gen 9 Champions] VGC 2026 Reg M-B (Bo3)
|rated|
|rule|Species Clause: Limit one of each Pokémon
|rule|Item Clause: Limit 1 of each item
|clearpoke
|poke|p1|Garchomp, L50, F|
|poke|p1|Incineroar, L50, F|
|poke|p1|Gholdengo, L50|
|poke|p1|Farigiraf, L50, M|
|poke|p1|Drampa, L50, F|
|poke|p1|Staraptor, L50, M|
|poke|p2|Raichu, L50, M|
|poke|p2|Staraptor, L50, M|
|poke|p2|Arcanine-Hisui, L50, F|
|poke|p2|Sylveon, L50, M|
|poke|p2|Farigiraf, L50, M|
|poke|p2|Kingambit, L50, F|
|teampreview|4
|showteam|p1|Garchomp||LifeOrb|RoughSkin|SwordsDance,Earthquake,DragonClaw,Protect|Jolly||F|||50|]Incineroar||SitrusBerry|Intimidate|FakeOut,FlareBlitz,PartingShot,DarkestLariat|Brave||F|||50|]Gholdengo||FocusSash|GoodasGold|NastyPlot,ShadowBall,MakeItRain,Protect|Modest|||||50|]Farigiraf||Leftovers|ArmorTail|Imprison,Psychic,TrickRoom,Protect|Calm||M|||50|]Drampa||Drampanite|CloudNine|DracoMeteor,IceBeam,HyperVoice,Protect|Quiet||F|||50|]Staraptor||Staraptite|Intimidate|Tailwind,CloseCombat,BraveBird,Roost|Jolly||M|||50|
|showteam|p2|Raichu||RaichuniteY|LightningRod|ZapCannon,FocusBlast,FakeOut,Protect|Hasty||M|||50|]Staraptor||Staraptite|Intimidate|DualWingbeat,CloseCombat,Tailwind,Protect|Jolly||M|||50|]Arcanine-Hisui||FocusSash|RockHead|FlareBlitz,HeadSmash,ExtremeSpeed,Protect|Jolly||F|||50|]Sylveon||FairyFeather|Pixilate|HyperBeam,HyperVoice,QuickAttack,Detect|Modest||M|||50|]Farigiraf||SitrusBerry|ArmorTail|TrickRoom,Protect,Psychic,HelpingHand|Calm||M|||50|]Kingambit||LifeOrb|Defiant|KowtowCleave,SuckerPunch,Protect,SwordsDance|Adamant||F|||50|
|inactive|Battle timer is ON: inactive players will automatically lose when time's up. (requested by JovemPontePreta)
|
|t:|1786120309
|teamsize|p1|4
|teamsize|p2|4
|start
|switch|p1a: Incineroar|Incineroar, L50, F|100/100
|switch|p1b: Farigiraf|Farigiraf, L50, M|100/100
|switch|p2a: Kingambit|Kingambit, L50, F|100/100
|switch|p2b: Arcanine|Arcanine-Hisui, L50, F|100/100
|-ability|p1a: Incineroar|Intimidate|boost
|-unboost|p2a: Kingambit|atk|1
|-ability|p2a: Kingambit|Defiant|boost
|-boost|p2a: Kingambit|atk|2
|-unboost|p2b: Arcanine|atk|1
|turn|1
|
|t:|1786120328
|move|p1a: Incineroar|Fake Out|p2b: Arcanine
|-resisted|p2b: Arcanine|1
|-crit|p2b: Arcanine
|-damage|p2b: Arcanine|87/100
|cant|p2b: Arcanine|flinch
|move|p1b: Farigiraf|Imprison|p1b: Farigiraf
|-start|p1b: Farigiraf|move: Imprison
|move|p2a: Kingambit|Kowtow Cleave|p1b: Farigiraf
|-supereffective|p1b: Farigiraf|1
|-damage|p1b: Farigiraf|0 fnt
|faint|p1b: Farigiraf
|-damage|p2a: Kingambit|90/100|[from] item: Life Orb
|
|upkeep
|
|t:|1786120338
|switch|p1b: Staraptor|Staraptor, L50, M|100/100
|-ability|p1b: Staraptor|Intimidate|boost
|-unboost|p2a: Kingambit|atk|1
|-ability|p2a: Kingambit|Defiant|boost
|-boost|p2a: Kingambit|atk|2
|-unboost|p2b: Arcanine|atk|1
|turn|2
|
|t:|1786120358
|switch|p2b: Staraptor|Staraptor, L50, M|100/100
|-ability|p2b: Staraptor|Intimidate|boost
|-unboost|p1a: Incineroar|atk|1
|-unboost|p1b: Staraptor|atk|1
|detailschange|p1b: Staraptor|Staraptor-Mega, L50, M
|-mega|p1b: Staraptor|Staraptor|Staraptite
|move|p2a: Kingambit|Protect|p2a: Kingambit
|-singleturn|p2a: Kingambit|Protect
|move|p1b: Staraptor|Close Combat|p2a: Kingambit
|-activate|p2a: Kingambit|move: Protect
|move|p1a: Incineroar|Parting Shot|p2b: Staraptor
|-unboost|p2b: Staraptor|atk|1
|-unboost|p2b: Staraptor|spa|1
|
|t:|1786120370
|switch|p1a: Gholdengo|Gholdengo, L50|100/100|[from] Parting Shot
|
|upkeep
|turn|3
|
|t:|1786120381
|switch|p1a: Incineroar|Incineroar, L50, F|100/100
|-ability|p1a: Incineroar|Intimidate|boost
|-unboost|p2a: Kingambit|atk|1
|-ability|p2a: Kingambit|Defiant|boost
|-boost|p2a: Kingambit|atk|2
|-unboost|p2b: Staraptor|atk|1
|detailschange|p2b: Staraptor|Staraptor-Mega, L50, M
|-mega|p2b: Staraptor|Staraptor|Staraptite
|move|p2a: Kingambit|Sucker Punch|p1b: Staraptor
|-resisted|p1b: Staraptor|1
|-damage|p1b: Staraptor|35/100
|-damage|p2a: Kingambit|80/100|[from] item: Life Orb
|move|p2b: Staraptor|Tailwind|p2b: Staraptor
|-sidestart|p2: Shaymin frohawk|move: Tailwind
|move|p1b: Staraptor|Close Combat|p2a: Kingambit
|-supereffective|p2a: Kingambit|2
|-damage|p2a: Kingambit|0 fnt
|-boost|p1b: Staraptor|def|1
|-boost|p1b: Staraptor|spd|1
|faint|p2a: Kingambit
|
|upkeep
|
|t:|1786120400
|switch|p2a: Sylveon|Sylveon, L50, M|100/100
|turn|4
|inactive|JovemPontePreta has 30 seconds left.
|
|t:|1786120427
|move|p2b: Staraptor|Dual Wingbeat|p1b: Staraptor|[miss]
|-miss|p2b: Staraptor|p1b: Staraptor
|move|p2a: Sylveon|Hyper Voice|p1b: Staraptor|[spread] p1a,p1b
|-supereffective|p1b: Staraptor|1
|-damage|p1a: Incineroar|56/100
|-damage|p1b: Staraptor|0 fnt
|faint|p1b: Staraptor
|move|p1a: Incineroar|Parting Shot|p2a: Sylveon
|-unboost|p2a: Sylveon|atk|1
|-unboost|p2a: Sylveon|spa|1
|
|t:|1786120436
|switch|p1a: Gholdengo|Gholdengo, L50|100/100|[from] Parting Shot
|
|upkeep
|
|t:|1786120439
|switch|p1b: Incineroar|Incineroar, L50, F|56/100
|-ability|p1b: Incineroar|Intimidate|boost
|-unboost|p2a: Sylveon|atk|1
|-boost|p2b: Staraptor|atk|1
|turn|5
|
|t:|1786120454
|switch|p2b: Arcanine|Arcanine-Hisui, L50, F|87/100
|move|p1b: Incineroar|Fake Out|p2b: Arcanine
|-resisted|p2b: Arcanine|1
|-damage|p2b: Arcanine|79/100
|move|p2a: Sylveon|Hyper Voice|p1b: Incineroar|[spread] p1a,p1b
|-resisted|p1a: Gholdengo|1
|-damage|p1a: Gholdengo|86/100
|-damage|p1b: Incineroar|28/100
|-enditem|p1b: Incineroar|Sitrus Berry|[eat]
|-heal|p1b: Incineroar|53/100|[from] item: Sitrus Berry
|move|p1a: Gholdengo|Nasty Plot|p1a: Gholdengo
|-boost|p1a: Gholdengo|spa|2
|
|upkeep
|turn|6
|
|t:|1786120470
|switch|p2a: Staraptor|Staraptor-Mega, L50, M|100/100
|move|p1a: Gholdengo|Protect|p1a: Gholdengo
|-singleturn|p1a: Gholdengo|Protect
|move|p2b: Arcanine|Flare Blitz|p1a: Gholdengo
|-activate|p1a: Gholdengo|move: Protect
|move|p1b: Incineroar|Flare Blitz|p2a: Staraptor
|-crit|p2a: Staraptor
|-damage|p2a: Staraptor|16/100
|-damage|p1b: Incineroar|28/100|[from] Recoil
|
|-sideend|p2: Shaymin frohawk|move: Tailwind
|upkeep
|turn|7
|
|t:|1786120488
|move|p2a: Staraptor|Close Combat|p1b: Incineroar
|-supereffective|p1b: Incineroar|1
|-damage|p1b: Incineroar|0 fnt
|-boost|p2a: Staraptor|def|1
|-boost|p2a: Staraptor|spd|1
|faint|p1b: Incineroar
|move|p2b: Arcanine|Flare Blitz|p1a: Gholdengo
|-supereffective|p1a: Gholdengo|1
|-damage|p1a: Gholdengo|0 fnt
|faint|p1a: Gholdengo
|
|win|Shaymin frohawk
|raw|JovemPontePreta's rating: 1140 → 1119(-21 for losing)
|raw|Shaymin frohawk's rating: 1193 → 1214(+21 for winning)
