|j|☆yveltyy
|j|☆Freaky Mane
|html|yveltyyFreaky Mane    
|uhtml|bestof|Game 1 of a best-of-3
|t:|1757760764
|gametype|doubles
|player|p1|yveltyy|plasmagruntf-gen5bw|
|player|p2|Freaky Mane|miku-ghost|
|gen|9
|tier|[Gen 9] VGC 2025 Reg H (Bo3)
|rule|Species Clause: Limit one of each Pokémon
|rule|Item Clause: Limit 1 of each item
|clearpoke
|poke|p1|Ninetales-Alola, L50, F|
|poke|p1|Rotom-Frost, L50|
|poke|p1|Garchomp, L50, M|
|poke|p1|Dragonite, L50, M|
|poke|p1|Amoonguss, L50, F|
|poke|p1|Kingambit, L50, F|
|poke|p2|Rillaboom, L50, M|
|poke|p2|Sneasler, L50, M|
|poke|p2|Ninetales-Alola, L50, F|
|poke|p2|Incineroar, L50, M|
|poke|p2|Glaceon, L50, F|
|poke|p2|Electabuzz, L50, F|
|teampreview|4
|showteam|p1|Ninetales-Alola||FocusSash|SnowWarning|Blizzard,IcyWind,AuroraVeil,Encore|||F|||50|,,,,,Ghost]Rotom-Frost||AssaultVest|Levitate|Blizzard,Thunderbolt,Discharge,TeraBlast||||||50|,,,,,Fire]Garchomp||ChoiceBand|RoughSkin|Earthquake,StompingTantrum,PoisonJab,RockSlide|||M|||50|,,,,,Poison]Dragonite||LoadedDice|Multiscale|ScaleShot,ExtremeSpeed,LowKick,Protect|||M|||50|,,,,,Fairy]Amoonguss||SitrusBerry|Regenerator|RagePowder,Spore,PollenPuff,ClearSmog|||F|||50|,,,,,Psychic]Kingambit||LifeOrb|Defiant|KowtowCleave,SuckerPunch,LowKick,Protect|||F|||50|,,,,,Dark
|showteam|p2|Rillaboom||AssaultVest|GrassySurge|WoodHammer,GrassyGlide,Uturn,FakeOut|||M|||50|,,,,,Poison]Sneasler||GrassySeed|Unburden|RockSlide,DireClaw,CloseCombat,Protect|||M|||50|,,,,,Rock]Ninetales-Alola||FocusSash|SnowWarning|Blizzard,FreezeDry,Encore,Protect|||F|||50|,,,,,Ice]Incineroar||SafetyGoggles|Intimidate|FlareBlitz,KnockOff,PartingShot,FakeOut|||M|||50|,,,,,Ghost]Glaceon||BrightPowder|SnowCloak|Blizzard,TeraBlast,Haze,Detect|||F|||50|,,,,,Water]Electabuzz||Eviolite|Static|VoltSwitch,FollowMe,Taunt,HelpingHand|||F|||50|,,,,,Grass
|inactive|Battle timer is ON: inactive players will automatically lose when time's up. (requested by yveltyy)
|c|☆yveltyy|glhf
|c|☆yveltyy|gimme a sec
|inactiveoff|Battle timer is now OFF.
|c|☆Freaky Mane|glhf
|inactive|Battle timer is ON: inactive players will automatically lose when time's up. (requested by yveltyy)
|
|t:|1757760831
|teamsize|p1|4
|teamsize|p2|4
|start
|switch|p1a: Ninetales|Ninetales-Alola, L50, F|100/100
|switch|p1b: Kingambit|Kingambit, L50, F|100/100
|switch|p2a: Incineroar|Incineroar, L50, M, shiny|100/100
|switch|p2b: Electabuzz|Electabuzz, L50, F, shiny|100/100
|-weather|Snowscape|[from] ability: Snow Warning|[of] p1a: Ninetales
|-ability|p2a: Incineroar|Intimidate|boost
|-unboost|p1a: Ninetales|atk|1
|-unboost|p1b: Kingambit|atk|1
|-ability|p1b: Kingambit|Defiant|boost
|-boost|p1b: Kingambit|atk|2
|turn|1
|inactive|Freaky Mane has 30 seconds left.
|
|t:|1757760858
|switch|p1a: Rotom|Rotom-Frost, L50|100/100
|move|p1b: Kingambit|Protect|p1b: Kingambit
|-singleturn|p1b: Kingambit|Protect
|move|p2a: Incineroar|Fake Out|p1a: Rotom
|-damage|p1a: Rotom|92/100
|move|p2b: Electabuzz|Taunt|p1a: Rotom
|-start|p1a: Rotom|move: Taunt
|
|-weather|Snowscape|[upkeep]
|upkeep
|turn|2
|
|t:|1757760876
|move|p2b: Electabuzz|Volt Switch|p1a: Rotom
|-resisted|p1a: Rotom
|-damage|p1a: Rotom|84/100
|
|t:|1757760878
|switch|p2b: Glaceon|Glaceon, L50, F, shiny|100/100|[from] Volt Switch
|move|p1a: Rotom|Blizzard|p2a: Incineroar|[spread] p2a,p2b
|-resisted|p2a: Incineroar
|-resisted|p2b: Glaceon
|-damage|p2a: Incineroar|84/100
|-damage|p2b: Glaceon|80/100
|move|p1b: Kingambit|Low Kick|p2a: Incineroar
|-supereffective|p2a: Incineroar
|-damage|p2a: Incineroar|0 fnt
|faint|p2a: Incineroar
|-damage|p1b: Kingambit|91/100|[from] item: Life Orb
|
|-weather|Snowscape|[upkeep]
|upkeep
|
|t:|1757760881
|switch|p2a: Sneasler|Sneasler, L50, M, shiny|100/100
|turn|3
|inactive|Freaky Mane has 30 seconds left.
|inactive|Freaky Mane has 20 seconds left.
|inactive|Freaky Mane has 15 seconds left.
|inactive|Freaky Mane has 10 seconds left.
|inactive|Freaky Mane has 5 seconds left.
|
|t:|1757760936
|move|p2a: Sneasler|Rock Slide|p1a: Rotom|[spread] p1a,p1b
|-supereffective|p1a: Rotom
|-resisted|p1b: Kingambit
|-damage|p1a: Rotom|49/100
|-damage|p1b: Kingambit|81/100
|move|p1a: Rotom|Blizzard|p2b: Glaceon|[spread] p2a,p2b
|-resisted|p2b: Glaceon
|-damage|p2a: Sneasler|50/100
|-damage|p2b: Glaceon|61/100
|move|p1b: Kingambit|Kowtow Cleave|p2b: Glaceon
|-damage|p2b: Glaceon|0 fnt
|faint|p2b: Glaceon
|-damage|p1b: Kingambit|71/100|[from] item: Life Orb
|
|-weather|Snowscape|[upkeep]
|-end|p1a: Rotom|move: Taunt
|upkeep
|
|t:|1757760942
|switch|p2b: Electabuzz|Electabuzz, L50, F, shiny|100/100
|turn|4
|c|☆Freaky Mane|i was afk for a bit :/
|inactive|yveltyy has 30 seconds left.
|c|☆yveltyy|ah i thought you were thinking really hard sorry
|
|t:|1757760971
|move|p1b: Kingambit|Protect|p1b: Kingambit
|-singleturn|p1b: Kingambit|Protect
|move|p2b: Electabuzz|Follow Me|p2b: Electabuzz
|-singleturn|p2b: Electabuzz|move: Follow Me
|move|p2a: Sneasler|Close Combat|p1a: Rotom
|-supereffective|p1a: Rotom
|-damage|p1a: Rotom|0 fnt
|-unboost|p2a: Sneasler|def|1
|-unboost|p2a: Sneasler|spd|1
|faint|p1a: Rotom
|
|-weather|Snowscape|[upkeep]
|upkeep
|
|t:|1757760980
|switch|p1a: Garchomp|Garchomp, L50, M|100/100
|turn|5
|
|t:|1757761004
|move|p2a: Sneasler|Close Combat|p1b: Kingambit
|-supereffective|p1b: Kingambit
|-damage|p1b: Kingambit|0 fnt
|-unboost|p2a: Sneasler|def|1
|-unboost|p2a: Sneasler|spd|1
|faint|p1b: Kingambit
|move|p1a: Garchomp|Earthquake|p2a: Sneasler|[spread] p2a,p2b
|-supereffective|p2a: Sneasler
|-supereffective|p2b: Electabuzz
|-damage|p2a: Sneasler|0 fnt
|-damage|p2b: Electabuzz|12/100
|faint|p2a: Sneasler
|move|p2b: Electabuzz|Taunt|p1a: Garchomp
|-start|p1a: Garchomp|move: Taunt
|
|-weather|none
|upkeep
|c|☆Freaky Mane|gg
|-message|Freaky Mane forfeited.
|
|win|yveltyy
|c|☆yveltyy|gg
||Freaky Mane is ready for game 2.
||yveltyy is ready for game 2.
|uhtml|next|Next: Game 2 of 3
