|j|☆Prepucio Santos
|j|☆Maffles
|html|Prepucio SantosMaffles    
|uhtml|bestof|Game 3 of a best-of-3
|t:|1783270996
|gametype|doubles
|player|p1|Prepucio Santos|striker|1186
|player|p2|Maffles|1|1173
|gen|9
|tier|[Gen 9 Champions] VGC 2026 Reg M-B (Bo3)
|rated|
|rule|Species Clause: Limit one of each Pokémon
|rule|Item Clause: Limit 1 of each item
|clearpoke
|poke|p1|Incineroar, L50, F|
|poke|p1|Sinistcha-Masterpiece, L50, shiny|
|poke|p1|Floette-Eternal, L50, F|
|poke|p1|Kingambit, L50, M|
|poke|p1|Sneasler, L50, M|
|poke|p1|Delphox, L50, M, shiny|
|poke|p2|Gengar, L50, M|
|poke|p2|Kingambit, L50, M|
|poke|p2|Ninetales-Alola, L50, F|
|poke|p2|Corviknight, L50, F|
|poke|p2|Basculegion, L50, M|
|poke|p2|Lopunny, L50, F|
|teampreview|4
|showteam|p1|Incineroar||SitrusBerry|Intimidate|FakeOut,PartingShot,ThroatChop,FlareBlitz|Careful||F|||50|]Sinistcha-Masterpiece||KasibBerry|Hospitality|MatchaGotcha,LifeDew,RagePowder,TrickRoom|Bold|||||50|]Floette-Eternal||Floettite|FlowerVeil|Moonblast,DazzlingGleam,CalmMind,Protect|Modest||F|||50|]Kingambit||BlackGlasses|Defiant|KowtowCleave,SuckerPunch,SwordsDance,Protect|Adamant||M|||50|]Sneasler||FocusSash|PoisonTouch|FakeOut,CloseCombat,DireClaw,QuickGuard|Jolly||M|||50|]Delphox||Delphoxite|Blaze|HeatWave,Psyshock,NastyPlot,Protect|Timid||M|||50|
|showteam|p2|Gengar||Gengarite|CursedBody|SludgeBomb,Disable,PerishSong,Protect|Timid||M|||50|]Kingambit||ChopleBerry|Defiant|KowtowCleave,SuckerPunch,SwordsDance,Protect|Adamant||M|||50|]Ninetales-Alola||FocusSash|SnowWarning|Blizzard,Moonblast,Encore,Protect|Timid||F|||50|]Corviknight||Leftovers|MirrorArmor|BraveBird,Roost,Tailwind,Protect|Impish||F|||50|]Basculegion||SitrusBerry|Adaptability|LastRespects,FlipTurn,Soak,Protect|Sassy||M|||50|]Lopunny||Lopunnite|CuteCharm|CloseCombat,FakeOut,Encore,Protect|Jolly||F|||50|
|inactive|Battle timer is ON: inactive players will automatically lose when time's up. (requested by Maffles)
|
|t:|1783271085
|teamsize|p1|4
|teamsize|p2|4
|start
|switch|p1a: Sneasler|Sneasler, L50, M|100/100
|switch|p1b: Delphox|Delphox, L50, M, shiny|100/100
|switch|p2a: Gengar|Gengar, L50, M|100/100
|switch|p2b: Basculegion|Basculegion, L50, M|100/100
|turn|1
|
|t:|1783271102
|switch|p1a: Sinistcha|Sinistcha-Masterpiece, L50, shiny|100/100
|detailschange|p2a: Gengar|Gengar-Mega, L50, M
|-mega|p2a: Gengar|Gengar|Gengarite
|detailschange|p1b: Delphox|Delphox-Mega, L50, M, shiny
|-mega|p1b: Delphox|Delphox|Delphoxite
|move|p2a: Gengar|Protect|p2a: Gengar
|-singleturn|p2a: Gengar|Protect
|move|p1b: Delphox|Psyshock|p2a: Gengar
|-activate|p2a: Gengar|move: Protect
|move|p2b: Basculegion|Flip Turn|p1a: Sinistcha
|-resisted|p1a: Sinistcha|1
|-damage|p1a: Sinistcha|87/100
|
|t:|1783271114
|switch|p2b: Lopunny|Lopunny, L50, F|100/100|[from] Flip Turn
|
|upkeep
|turn|2
|inactive|Prepucio Santos has 30 seconds left.
|inactive|Prepucio Santos has 20 seconds left.
|
|t:|1783271151
|move|p2b: Lopunny|Fake Out|p1b: Delphox
|-damage|p1b: Delphox|80/100
|cant|p1b: Delphox|flinch
|move|p2a: Gengar|Perish Song|p2a: Gengar
|-start|p1a: Sinistcha|perish3|[silent]
|-start|p1b: Delphox|perish3|[silent]
|-start|p2a: Gengar|perish3|[silent]
|-start|p2b: Lopunny|perish3|[silent]
|-fieldactivate|move: Perish Song
|move|p1a: Sinistcha|Matcha Gotcha|p2b: Lopunny|[spread] p2a,p2b
|-resisted|p2a: Gengar|1
|-damage|p2a: Gengar|87/100
|-heal|p1a: Sinistcha|93/100|[from] drain|[of] p2a: Gengar
|-damage|p2b: Lopunny|70/100
|-heal|p1a: Sinistcha|100/100|[from] drain|[of] p2b: Lopunny
|-status|p2b: Lopunny|brn
|
|-damage|p2b: Lopunny|64/100 brn|[from] brn
|-start|p1b: Delphox|perish3
|-start|p2a: Gengar|perish3
|-start|p2b: Lopunny|perish3
|-start|p1a: Sinistcha|perish3
|upkeep
|turn|3
|inactive|Maffles has 30 seconds left.
|
|t:|1783271185
|switch|p2b: Basculegion|Basculegion, L50, M|100/100
|move|p2a: Gengar|Protect|p2a: Gengar
|-singleturn|p2a: Gengar|Protect
|move|p1b: Delphox|Psyshock|p2a: Gengar
|-activate|p2a: Gengar|move: Protect
|move|p1a: Sinistcha|Matcha Gotcha|p2a: Gengar|[spread] p2b
|-activate|p2a: Gengar|move: Protect
|-supereffective|p2b: Basculegion|1
|-damage|p2b: Basculegion|60/100
|
|-start|p1b: Delphox|perish2
|-start|p2a: Gengar|perish2
|-start|p1a: Sinistcha|perish2
|upkeep
|turn|4
|
|t:|1783271200
|switch|p2a: Lopunny|Lopunny, L50, F|64/100 brn
|move|p1b: Delphox|Psyshock|p2b: Basculegion
|-damage|p2b: Basculegion|16/100
|-enditem|p2b: Basculegion|Sitrus Berry|[eat]
|-heal|p2b: Basculegion|41/100|[from] item: Sitrus Berry
|move|p1a: Sinistcha|Matcha Gotcha|p2a: Lopunny|[spread] p2a
|-miss|p1a: Sinistcha|p2b: Basculegion
|-damage|p2a: Lopunny|34/100 brn
|move|p2b: Basculegion|Flip Turn|p1a: Sinistcha
|-resisted|p1a: Sinistcha|1
|-damage|p1a: Sinistcha|87/100
|
|t:|1783271214
|switch|p2b: Gengar|Gengar-Mega, L50, M|87/100|[from] Flip Turn
|
|-damage|p2a: Lopunny|28/100 brn|[from] brn
|-start|p1b: Delphox|perish1
|-start|p1a: Sinistcha|perish1
|upkeep
|turn|5
|
|t:|1783271233
|switch|p1a: Sneasler|Sneasler, L50, M|100/100
|move|p2a: Lopunny|Fake Out|p1b: Delphox
|-damage|p1b: Delphox|71/100
|cant|p1b: Delphox|flinch
|move|p2b: Gengar|Sludge Bomb|p1a: Sneasler
|-resisted|p1a: Sneasler|1
|-damage|p1a: Sneasler|68/100
|
|-damage|p2a: Lopunny|23/100 brn|[from] brn
|-start|p1b: Delphox|perish0
|upkeep
|faint|p1b: Delphox
|
|t:|1783271238
|switch|p1b: Kingambit|Kingambit, L50, M|100/100
|turn|6
|
|t:|1783271259
|move|p2b: Gengar|Protect|p2b: Gengar
|-singleturn|p2b: Gengar|Protect
|move|p1a: Sneasler|Dire Claw|p2a: Lopunny
|-damage|p2a: Lopunny|0 fnt
|faint|p2a: Lopunny
|move|p1b: Kingambit|Kowtow Cleave|p2b: Gengar
|-activate|p2b: Gengar|move: Protect
|
|upkeep
|
|t:|1783271271
|switch|p2a: Basculegion|Basculegion, L50, M|41/100
|turn|7
|
|t:|1783271283
|move|p1b: Kingambit|Sucker Punch|p2a: Basculegion
|-supereffective|p2a: Basculegion|1
|-damage|p2a: Basculegion|0 fnt
|faint|p2a: Basculegion
|move|p2b: Gengar|Disable|p1b: Kingambit
|-start|p1b: Kingambit|Disable|Sucker Punch
|move|p1a: Sneasler|Dire Claw|p2b: Gengar
|-resisted|p2b: Gengar|2
|-damage|p2b: Gengar|74/100
|
|upkeep
|
|t:|1783271287
|switch|p2a: Kingambit|Kingambit, L50, M|100/100
|turn|8
|
|t:|1783271296
|move|p2b: Gengar|Protect|p2b: Gengar
|-singleturn|p2b: Gengar|Protect
|move|p2a: Kingambit|Protect|p2a: Kingambit
|-singleturn|p2a: Kingambit|Protect
|move|p1a: Sneasler|Close Combat|p2a: Kingambit
|-activate|p2a: Kingambit|move: Protect
|move|p1b: Kingambit|Kowtow Cleave|p2b: Gengar
|-activate|p2b: Gengar|move: Protect
|
|upkeep
|turn|9
|
|t:|1783271304
|move|p2b: Gengar|Sludge Bomb|p1a: Sneasler
|-resisted|p1a: Sneasler|1
|-damage|p1a: Sneasler|33/100
|move|p1a: Sneasler|Close Combat|p2a: Kingambit
|-supereffective|p2a: Kingambit|2
|-enditem|p2a: Kingambit|Chople Berry|[eat]
|-enditem|p2a: Kingambit|Chople Berry|[weaken]
|-damage|p2a: Kingambit|15/100
|-unboost|p1a: Sneasler|def|1
|-unboost|p1a: Sneasler|spd|1
|move|p1b: Kingambit|Kowtow Cleave|p2b: Gengar
|-supereffective|p2b: Gengar|1
|-damage|p2b: Gengar|0 fnt
|faint|p2b: Gengar
|move|p2a: Kingambit|Swords Dance|p2a: Kingambit
|-boost|p2a: Kingambit|atk|2
|
|upkeep
|turn|10
|-message|Maffles forfeited.
|
|win|Prepucio Santos
