|j|☆Shishio_Ax
|j|☆LuixenS
|html|Shishio_AxLuixenS    
|uhtml|bestof|Game 2 of a best-of-3
|t:|1754228411
|gametype|doubles
|player|p1|Shishio_Ax|gambler|1193
|player|p2|LuixenS|harmony|1319
|gen|9
|tier|[Gen 9] VGC 2025 Reg H (Bo3)
|rated|
|rule|Species Clause: Limit one of each Pokémon
|rule|Item Clause: Limit 1 of each item
|clearpoke
|poke|p1|Cinderace, L50, M|
|poke|p1|Rillaboom, L50, M|
|poke|p1|Sneasler, L50, F|
|poke|p1|Hydreigon, L50, M|
|poke|p1|Primarina, L50, F|
|poke|p1|Murkrow, L50, F|
|poke|p2|Incineroar, L50, M|
|poke|p2|Amoonguss, L50, F|
|poke|p2|Annihilape, L50, F|
|poke|p2|Ninetales-Alola, L50, F|
|poke|p2|Rillaboom, L50, M|
|poke|p2|Drifblim, L50, M|
|teampreview|4
|showteam|p1|Cinderace||ChoiceBand|Libero|PyroBall,SuckerPunch,HighJumpKick,IronHead|||M|||50|,,,,,Fire]Rillaboom||AssaultVest|GrassySurge|FakeOut,GrassyGlide,WoodHammer,Uturn|||M|||50|,,,,,Fire]Sneasler||GrassySeed|Unburden|DireClaw,CloseCombat,Acrobatics,Protect|||F|||50|,,,,,Flying]Hydreigon||LifeOrb|Levitate|DracoMeteor,DarkPulse,NastyPlot,Protect|||M|||50|,,,,,Steel]Primarina||ThroatSpray|LiquidVoice|HyperVoice,Moonblast,CalmMind,Protect|||F|||50|,,,,,Poison]Murkrow||Eviolite|Prankster|FoulPlay,Tailwind,Haze,Taunt|||F|||50|,,,,,Ghost
|showteam|p2|Incineroar||AssaultVest|Intimidate|FakeOut,KnockOff,FlareBlitz,Uturn|||M|||50|,,,,,Ghost]Amoonguss||RockyHelmet|Regenerator|PollenPuff,ClearSmog,RagePowder,Spore|||F|||50|,,,,,Fairy]Annihilape||Leftovers|Defiant|RageFist,DrainPunch,BulkUp,Protect|||F|||50|,,,,,Fire]Ninetales-Alola||CovertCloak|SnowWarning|Blizzard,Encore,Moonblast,AuroraVeil|||F|||50|,,,,,Fire]Rillaboom||MiracleSeed|GrassySurge|Uturn,WoodHammer,GrassyGlide,FakeOut|||M|||50|,,,,,Fire]Drifblim||GrassySeed|Unburden|WillOWisp,Haze,IcyWind,ShadowBall|||M|||50|,,,,,Dark
|inactive|Battle timer is ON: inactive players will automatically lose when time's up. (requested by LuixenS)
|
|t:|1754228441
|teamsize|p1|4
|teamsize|p2|4
|start
|switch|p1a: King|Cinderace, L50, M, shiny|100/100
|switch|p1b: Callie|Primarina, L50, F|100/100
|switch|p2a: Annihilape|Annihilape, L50, F|100/100
|switch|p2b: Incineroar|Incineroar, L50, M|100/100
|-ability|p2b: Incineroar|Intimidate|boost
|-unboost|p1a: King|atk|1
|-unboost|p1b: Callie|atk|1
|turn|1
|
|t:|1754228454
|switch|p1a: Murkrow|Murkrow, L50, F|100/100
|move|p2b: Incineroar|Fake Out|p1b: Callie
|-damage|p1b: Callie|89/100
|move|p2a: Annihilape|Bulk Up|p2a: Annihilape
|-boost|p2a: Annihilape|atk|1
|-boost|p2a: Annihilape|def|1
|cant|p1b: Callie|flinch
|
|upkeep
|turn|2
|
|t:|1754228474
|move|p1a: Murkrow|Haze|p1a: Murkrow
|-clearallboost
|move|p2a: Annihilape|Drain Punch|p1a: Murkrow
|-damage|p1a: Murkrow|68/100
|move|p1b: Callie|Calm Mind|p1b: Callie
|-boost|p1b: Callie|spa|1
|-boost|p1b: Callie|spd|1
|move|p2b: Incineroar|U-turn|p1a: Murkrow
|-damage|p1a: Murkrow|50/100
|
|t:|1754228483
|switch|p2b: Rillaboom|Rillaboom, L50, M, shiny|100/100|[from] U-turn
|-fieldstart|move: Grassy Terrain|[from] ability: Grassy Surge|[of] p2b: Rillaboom
|
|-heal|p1b: Callie|95/100|[from] Grassy Terrain
|upkeep
|turn|3
|
|t:|1754228501
|-terastallize|p1b: Callie|Poison
|move|p2b: Rillaboom|Fake Out|p1a: Murkrow
|-damage|p1a: Murkrow|37/100
|cant|p1a: Murkrow|flinch
|move|p2a: Annihilape|Bulk Up|p2a: Annihilape
|-boost|p2a: Annihilape|atk|1
|-boost|p2a: Annihilape|def|1
|move|p1b: Callie|Moonblast|p2a: Annihilape
|-supereffective|p2a: Annihilape
|-crit|p2a: Annihilape
|-damage|p2a: Annihilape|0 fnt
|faint|p2a: Annihilape
|
|-heal|p1b: Callie|100/100|[from] Grassy Terrain
|upkeep
|
|t:|1754228511
|switch|p2a: Ninetales|Ninetales-Alola, L50, F|100/100
|-weather|Snowscape|[from] ability: Snow Warning|[of] p2a: Ninetales
|turn|4
|
|t:|1754228526
|move|p1a: Murkrow|Tailwind|p1a: Murkrow
|-sidestart|p1: Shishio_Ax|move: Tailwind
|move|p2a: Ninetales|Blizzard|p1a: Murkrow|[spread] p1a,p1b
|-supereffective|p1a: Murkrow
|-damage|p1a: Murkrow|0 fnt
|-damage|p1b: Callie|81/100
|-status|p1b: Callie|frz
|faint|p1a: Murkrow
|cant|p1b: Callie|frz
|move|p2b: Rillaboom|U-turn|p1b: Callie
|-resisted|p1b: Callie
|-damage|p1b: Callie|68/100 frz
|c|☆Shishio_Ax|Tio
|
|t:|1754228534
|switch|p2b: Incineroar|Incineroar, L50, M|100/100|[from] U-turn
|-ability|p2b: Incineroar|Intimidate|boost
|-unboost|p1b: Callie|atk|1
|
|-weather|Snowscape|[upkeep]
|-heal|p1b: Callie|75/100 frz|[from] Grassy Terrain
|upkeep
|c|☆Shishio_Ax|Porque
|c|☆Shishio_Ax|Simplemente porque
|c|☆Shishio_Ax|Tiene que haber una explicacion
|
|t:|1754228553
|switch|p1a: D'oro|Sneasler, L50, F|100/100
|-enditem|p1a: D'oro|Grassy Seed
|-boost|p1a: D'oro|def|1|[from] item: Grassy Seed
|turn|5
|c|☆LuixenS|no tengo ni idea XDD
|
|t:|1754228562
|move|p1a: D'oro|Protect|p1a: D'oro
|-singleturn|p1a: D'oro|Protect
|move|p2b: Incineroar|Fake Out|p1a: D'oro
|-activate|p1a: D'oro|move: Protect
|move|p2a: Ninetales|Blizzard|p1b: Callie|[spread] p1b
|-activate|p1a: D'oro|move: Protect
|-damage|p1b: Callie|56/100 frz
|cant|p1b: Callie|frz
|
|-weather|Snowscape|[upkeep]
|-heal|p1b: Callie|62/100 frz|[from] Grassy Terrain
|upkeep
|turn|6
|
|t:|1754228586
|-terastallize|p2b: Incineroar|Ghost
|move|p1a: D'oro|Dire Claw|p2b: Incineroar
|-resisted|p2b: Incineroar
|-damage|p2b: Incineroar|82/100
|move|p2a: Ninetales|Aurora Veil|p2a: Ninetales
|-sidestart|p2: LuixenS|move: Aurora Veil
|cant|p1b: Callie|frz
|move|p2b: Incineroar|Flare Blitz|p1b: Callie
|-damage|p1b: Callie|9/100 frz
|-curestatus|p1b: Callie|frz|[msg]
|-damage|p2b: Incineroar|66/100|[from] Recoil
|
|-weather|Snowscape|[upkeep]
|-heal|p1b: Callie|15/100|[from] Grassy Terrain
|-heal|p2b: Incineroar|72/100|[from] Grassy Terrain
|-fieldend|move: Grassy Terrain
|upkeep
|turn|7
|c|☆Shishio_Ax|50% eh
|c|☆LuixenS|el q 50%
|inactive|Shishio_Ax has 30 seconds left.
|inactive|LuixenS has 30 seconds left.
|c|☆LuixenS|ah
|c|☆LuixenS|xD
|c|☆Shishio_Ax|Dire Claw
|c|☆Shishio_Ax|Solo ha salido algo en 1/5 veces
|c|☆Shishio_Ax|Y ha durado 1 turno
|inactive|Shishio_Ax has 20 seconds left.
|inactive|LuixenS has 20 seconds left.
|inactive|Shishio_Ax has 15 seconds left.
|
|t:|1754228631
|switch|p2b: Rillaboom|Rillaboom, L50, M, shiny|100/100
|-fieldstart|move: Grassy Terrain|[from] ability: Grassy Surge|[of] p2b: Rillaboom
|move|p1a: D'oro|Dire Claw|p2a: Ninetales
|-supereffective|p2a: Ninetales
|-damage|p2a: Ninetales|36/100
|move|p2a: Ninetales|Blizzard|p1a: D'oro|[spread] p1a,p1b
|-damage|p1a: D'oro|55/100
|-damage|p1b: Callie|0 fnt
|faint|p1b: Callie
|
|-weather|Snowscape|[upkeep]
|-heal|p1a: D'oro|61/100|[from] Grassy Terrain
|-heal|p2a: Ninetales|42/100|[from] Grassy Terrain
|-sideend|p1: Shishio_Ax|move: Tailwind
|upkeep
|
|t:|1754228643
|switch|p1b: King|Cinderace, L50, M, shiny|100/100
|turn|8
|
|t:|1754228664
|switch|p2b: Incineroar|Incineroar, L50, M, tera:Ghost|72/100
|-ability|p2b: Incineroar|Intimidate|boost
|-unboost|p1a: D'oro|atk|1
|-unboost|p1b: King|atk|1
|move|p1a: D'oro|Dire Claw|p2b: Incineroar
|-resisted|p2b: Incineroar
|-damage|p2b: Incineroar|65/100
|-status|p2b: Incineroar|par
|move|p1b: King|Pyro Ball|p2b: Incineroar
|-damage|p2b: Incineroar|35/100 par
|move|p2a: Ninetales|Blizzard|p1a: D'oro|[spread] p1a,p1b
|-resisted|p1b: King
|-damage|p1a: D'oro|18/100
|-damage|p1b: King|75/100
|
|-weather|none
|-heal|p1a: D'oro|24/100|[from] Grassy Terrain
|-heal|p1b: King|81/100|[from] Grassy Terrain
|-heal|p2a: Ninetales|48/100|[from] Grassy Terrain
|-heal|p2b: Incineroar|41/100 par|[from] Grassy Terrain
|upkeep
|turn|9
|
|t:|1754228688
|move|p1a: D'oro|Protect|p1a: D'oro
|-singleturn|p1a: D'oro|Protect
|move|p2b: Incineroar|Fake Out|p1b: King
|-damage|p1b: King|66/100
|cant|p1b: King|flinch
|move|p2a: Ninetales|Moonblast|p1a: D'oro
|-activate|p1a: D'oro|move: Protect
|
|-heal|p1a: D'oro|30/100|[from] Grassy Terrain
|-heal|p1b: King|72/100|[from] Grassy Terrain
|-heal|p2a: Ninetales|54/100|[from] Grassy Terrain
|-heal|p2b: Incineroar|47/100 par|[from] Grassy Terrain
|upkeep
|turn|10
|inactive|Shishio_Ax has 30 seconds left.
|
|t:|1754228717
|switch|p2b: Rillaboom|Rillaboom, L50, M, shiny|100/100
|move|p1a: D'oro|Dire Claw|p2b: Rillaboom
|-supereffective|p2b: Rillaboom
|-damage|p2b: Rillaboom|63/100
|move|p1b: King|Pyro Ball|p2b: Rillaboom
|-supereffective|p2b: Rillaboom
|-damage|p2b: Rillaboom|0 fnt
|faint|p2b: Rillaboom
|move|p2a: Ninetales|Moonblast|p1a: D'oro
|-damage|p1a: D'oro|0 fnt
|faint|p1a: D'oro
|
|-heal|p1b: King|77/100|[from] Grassy Terrain
|-heal|p2a: Ninetales|60/100|[from] Grassy Terrain
|-sideend|p2: LuixenS|move: Aurora Veil
|upkeep
|
|t:|1754228724
|switch|p2b: Incineroar|Incineroar, L50, M, tera:Ghost|47/100 par
|-ability|p2b: Incineroar|Intimidate|boost
|-unboost|p1b: King|atk|1
|turn|11
|c|☆Shishio_Ax|Bueno no es como si pudiera hacer algo si el juego te carrea
|
|t:|1754228741
|move|p2b: Incineroar|Fake Out|p1b: King
|-damage|p1b: King|61/100
|cant|p1b: King|flinch
|move|p2a: Ninetales|Moonblast|p1b: King
|-resisted|p1b: King
|-damage|p1b: King|33/100
|-unboost|p1b: King|spa|1
|
|-heal|p1b: King|38/100|[from] Grassy Terrain
|-heal|p2a: Ninetales|66/100|[from] Grassy Terrain
|-heal|p2b: Incineroar|53/100 par|[from] Grassy Terrain
|-fieldend|move: Grassy Terrain
|upkeep
|turn|12
|
|t:|1754228755
|move|p1b: King|Pyro Ball|p2a: Ninetales
|-supereffective|p2a: Ninetales
|-damage|p2a: Ninetales|0 fnt
|faint|p2a: Ninetales
|cant|p2b: Incineroar|par
|
|upkeep
|turn|13
|
|t:|1754228762
|move|p1b: King|Pyro Ball|p2b: Incineroar
|-damage|p2b: Incineroar|18/100 par
|move|p2b: Incineroar|Knock Off|p1b: King
|-damage|p1b: King|0 fnt
|-enditem|p1b: King|Choice Band|[from] move: Knock Off|[of] p2b: Incineroar
|faint|p1b: King
|
|win|LuixenS
|raw|Shishio_Ax's rating: 1193 → 1177(-16 for losing)
|raw|LuixenS's rating: 1319 → 1332(+13 for winning)
|c|☆LuixenS|ggs
|c|☆Shishio_Ax|Bg
|c|☆LuixenS|lo de este juego
|c|☆LuixenS|es una cosa tu mala suerte
|c|☆Shishio_Ax|Intenta ganar sin rng alguna vez
|l|☆Shishio_Ax
|player|p1|
|c|☆LuixenS|pero
