|j|☆vimith
|j|☆lettitripppp
|html|vimithlettitripppp    
|uhtml|bestof|Game 3 of a best-of-3
|t:|1785282369
|gametype|doubles
|player|p1|vimith|lady|1040
|player|p2|lettitripppp|lucas|1114
|gen|9
|tier|[Gen 9 Champions] VGC 2026 Reg M-B (Bo3)
|rated|
|rule|Species Clause: Limit one of each Pokémon
|rule|Item Clause: Limit 1 of each item
|clearpoke
|poke|p1|Blastoise, L50, F, shiny|
|poke|p1|Espathra, L50, F, shiny|
|poke|p1|Sableye, L50, F, shiny|
|poke|p1|Arcanine-Hisui, L50, F, shiny|
|poke|p1|Meganium, L50, F|
|poke|p1|Aerodactyl, L50, F, shiny|
|poke|p2|Staraptor, L50, F|
|poke|p2|Tyranitar, L50, M|
|poke|p2|Excadrill, L50, M|
|poke|p2|Gholdengo, L50|
|poke|p2|Milotic, L50, F|
|poke|p2|Sinistcha, L50|
|teampreview|4
|showteam|p1|Blastoise||Blastoisinite|Torrent|DarkPulse,WaterSpout,WaterPulse,Protect|Modest||F|||50|]Espathra||FocusSash|SpeedBoost|LuminaCrash,CalmMind,BatonPass,Protect|Modest||F|||50|]Sableye||Sablenite|Prankster|RainDance,Reflect,Taunt,FoulPlay|Relaxed||F|||50|]Arcanine-Hisui||PasshoBerry|RockHead|Protect,HelpingHand,FlareBlitz,HeadSmash|Jolly||F|||50|]Meganium||Meganiumite|Overgrow|SolarBeam,WeatherBall,DazzlingGleam,Protect|Modest||F|||50|]Aerodactyl||HardStone|Unnerve|Tailwind,RockSlide,Taunt,Protect|Jolly||F|||50|
|showteam|p2|Staraptor||Staraptite|Intimidate|CloseCombat,BraveBird,Tailwind,Protect|Jolly||F|||50|]Tyranitar||Tyranitarite|SandStream|RockSlide,KnockOff,LowKick,Protect|Jolly||M|||50|]Excadrill||FocusSash|SandRush|HighHorsepower,RockSlide,IronHead,Protect|Adamant||M|||50|]Gholdengo||LifeOrb|GoodasGold|MakeItRain,ShadowBall,NastyPlot,Protect|Timid|||||50|]Milotic||Leftovers|Competitive|IcyWind,Scald,Haze,Protect|Calm||F|||50|]Sinistcha||ColburBerry|Hospitality|MatchaGotcha,RagePowder,TrickRoom,Protect|Bold|||||50|
|inactive|Battle timer is ON: inactive players will automatically lose when time's up. (requested by lettitripppp)
|
|t:|1785282378
|teamsize|p1|4
|teamsize|p2|4
|start
|switch|p1a: Tailwind|Aerodactyl, L50, F, shiny|100/100
|switch|p1b: Mega-Mega-Meganium|Meganium, L50, F|100/100
|switch|p2a: TRANITAR|Tyranitar, L50, M|100/100
|switch|p2b: NIGHT NIGHT|Milotic, L50, F|100/100
|-ability|p1a: Tailwind|Unnerve
|-weather|Sandstorm|[from] ability: Sand Stream|[of] p2a: TRANITAR
|turn|1
|inactive|vimith has 30 seconds left.
|inactive|vimith has 20 seconds left.
|inactive|vimith has 15 seconds left.
|inactive|vimith has 10 seconds left.
|
|t:|1785282426
|switch|p2a: NUMBER 1|Staraptor, L50, F|100/100
|-ability|p2a: NUMBER 1|Intimidate|boost
|-unboost|p1a: Tailwind|atk|1
|-unboost|p1b: Mega-Mega-Meganium|atk|1
|switch|p2b: HEALROOM|Sinistcha, L50|100/100
|detailschange|p1b: Mega-Mega-Meganium|Meganium-Mega, L50, F
|-mega|p1b: Mega-Mega-Meganium|Meganium|Meganiumite
|move|p1a: Tailwind|Tailwind|p1a: Tailwind
|-sidestart|p1: vimith|move: Tailwind
|move|p1b: Mega-Mega-Meganium|Solar Beam||[still]
|-prepare|p1b: Mega-Mega-Meganium|Solar Beam
|-activate|p1b: Mega-Mega-Meganium|ability: Mega Sol
|-anim|p1b: Mega-Mega-Meganium|Solar Beam|p2b: HEALROOM
|-resisted|p2b: HEALROOM|1
|-damage|p2b: HEALROOM|64/100
|
|-weather|Sandstorm|[upkeep]
|-damage|p1b: Mega-Mega-Meganium|94/100|[from] Sandstorm
|-damage|p2a: NUMBER 1|93/100|[from] Sandstorm
|-damage|p2b: HEALROOM|58/100|[from] Sandstorm
|upkeep
|turn|2
|inactive|vimith has 30 seconds left.
|inactive|lettitripppp has 30 seconds left.
|
|t:|1785282463
|detailschange|p2a: NUMBER 1|Staraptor-Mega, L50, F
|-mega|p2a: NUMBER 1|Staraptor|Staraptite
|move|p1a: Tailwind|Taunt|p2b: HEALROOM
|-start|p2b: HEALROOM|move: Taunt
|move|p1b: Mega-Mega-Meganium|Dazzling Gleam|p2a: NUMBER 1|[spread] p2a,p2b
|-supereffective|p2a: NUMBER 1|1
|-damage|p2a: NUMBER 1|20/100y
|-damage|p2b: HEALROOM|23/100
|move|p2a: NUMBER 1|Brave Bird|p1b: Mega-Mega-Meganium
|-supereffective|p1b: Mega-Mega-Meganium|1
|-damage|p1b: Mega-Mega-Meganium|0 fnt
|faint|p1b: Mega-Mega-Meganium
|-damage|p2a: NUMBER 1|0 fnt|[from] Recoil
|faint|p2a: NUMBER 1
|move|p2b: HEALROOM|Matcha Gotcha|p1a: Tailwind
|-damage|p1a: Tailwind|66/100
|-heal|p2b: HEALROOM|37/100|[from] drain|[of] p1a: Tailwind
|-status|p1a: Tailwind|brn
|
|-weather|Sandstorm|[upkeep]
|-damage|p2b: HEALROOM|31/100|[from] Sandstorm
|-damage|p1a: Tailwind|61/100 brn|[from] brn
|upkeep
|
|t:|1785282488
|switch|p2a: NIGHT NIGHT|Milotic, L50, F|100/100
|switch|p1b: RK9|Arcanine-Hisui, L50, F, shiny|100/100
|turn|3
|
|t:|1785282505
|move|p1a: Tailwind|Rock Slide|p2b: HEALROOM|[spread] p2a,p2b
|-damage|p2a: NIGHT NIGHT|89/100
|-damage|p2b: HEALROOM|24/100
|move|p1b: RK9|Head Smash|p2a: NIGHT NIGHT|[miss]
|-miss|p1b: RK9|p2a: NIGHT NIGHT
|move|p2a: NIGHT NIGHT|Scald|p1b: RK9
|-supereffective|p1b: RK9|2
|-enditem|p1b: RK9|Passho Berry|[eat]
|-enditem|p1b: RK9|Passho Berry|[weaken]
|-damage|p1b: RK9|50/100g
|move|p2b: HEALROOM|Matcha Gotcha|p1a: Tailwind|[spread] p1a
|-miss|p2b: HEALROOM|p1b: RK9
|-damage|p1a: Tailwind|37/100 brn
|-heal|p2b: HEALROOM|34/100|[from] drain|[of] p1a: Tailwind
|
|-weather|Sandstorm|[upkeep]
|-damage|p2a: NIGHT NIGHT|83/100|[from] Sandstorm
|-damage|p2b: HEALROOM|28/100|[from] Sandstorm
|-heal|p2a: NIGHT NIGHT|89/100|[from] item: Leftovers
|-damage|p1a: Tailwind|31/100 brn|[from] brn
|upkeep
|turn|4
|
|t:|1785282528
|switch|p1a: Chopper|Sableye, L50, F, shiny|100/100
|move|p1b: RK9|Protect|p1b: RK9
|-singleturn|p1b: RK9|Protect
|move|p2a: NIGHT NIGHT|Scald|p1b: RK9
|-activate|p1b: RK9|move: Protect
|move|p2b: HEALROOM|Matcha Gotcha|p1b: RK9|[spread] p1a
|-activate|p1b: RK9|move: Protect
|-damage|p1a: Chopper|64/100
|-heal|p2b: HEALROOM|44/100|[from] drain|[of] p1a: Chopper
|
|-weather|Sandstorm|[upkeep]
|-damage|p1a: Chopper|59/100|[from] Sandstorm
|-damage|p2a: NIGHT NIGHT|83/100|[from] Sandstorm
|-damage|p2b: HEALROOM|38/100|[from] Sandstorm
|-heal|p2a: NIGHT NIGHT|89/100|[from] item: Leftovers
|-end|p2b: HEALROOM|move: Taunt
|-sideend|p1: vimith|move: Tailwind
|upkeep
|turn|5
|inactive|vimith has 30 seconds left.
|
|t:|1785282556
|move|p1b: RK9|Head Smash|p2a: NIGHT NIGHT
|-damage|p2a: NIGHT NIGHT|15/100
|move|p2a: NIGHT NIGHT|Scald|p1b: RK9
|-supereffective|p1b: RK9|2
|-damage|p1b: RK9|0 fnt
|faint|p1b: RK9
|move|p2b: HEALROOM|Matcha Gotcha|p1a: Chopper
|-damage|p1a: Chopper|8/100
|-heal|p2b: HEALROOM|60/100|[from] drain|[of] p1a: Chopper
|-status|p1a: Chopper|brn
|move|p1a: Chopper|Foul Play|p2b: HEALROOM
|-supereffective|p2b: HEALROOM|1
|-enditem|p2b: HEALROOM|Colbur Berry|[eat]
|-enditem|p2b: HEALROOM|Colbur Berry|[weaken]
|-damage|p2b: HEALROOM|53/100
|
|-weather|none
|-heal|p2a: NIGHT NIGHT|21/100|[from] item: Leftovers
|-damage|p1a: Chopper|3/100 brn|[from] brn
|upkeep
|
|t:|1785282574
|switch|p1b: Tailwind|Aerodactyl, L50, F, shiny|31/100 brn
|-ability|p1b: Tailwind|Unnerve
|turn|6
|
|t:|1785282586
|switch|p2b: TRANITAR|Tyranitar, L50, M|100/100
|-weather|Sandstorm|[from] ability: Sand Stream|[of] p2b: TRANITAR
|move|p2a: NIGHT NIGHT|Protect|p2a: NIGHT NIGHT
|-singleturn|p2a: NIGHT NIGHT|Protect
|move|p1a: Chopper|Reflect|p1a: Chopper
|-sidestart|p1: vimith|Reflect
|move|p1b: Tailwind|Rock Slide|p2b: TRANITAR|[spread] p2b
|-activate|p2a: NIGHT NIGHT|move: Protect
|-damage|p2b: TRANITAR|86/100
|
|-weather|Sandstorm|[upkeep]
|-damage|p2a: NIGHT NIGHT|15/100|[from] Sandstorm
|-damage|p1a: Chopper|0 fnt|[from] Sandstorm
|faint|p1a: Chopper
|-heal|p2a: NIGHT NIGHT|21/100|[from] item: Leftovers
|-damage|p1b: Tailwind|26/100 brn|[from] brn
|upkeep
|turn|7
|
|t:|1785282603
|switch|p2b: HEALROOM|Sinistcha, L50|53/100
|-heal|p2a: NIGHT NIGHT|46/100|[from] ability: Hospitality|[of] p2b: HEALROOM
|move|p1b: Tailwind|Rock Slide|p2a: NIGHT NIGHT|[spread] p2a,p2b
|-damage|p2a: NIGHT NIGHT|31/100
|-damage|p2b: HEALROOM|41/100
|cant|p2a: NIGHT NIGHT|flinch
|
|-weather|Sandstorm|[upkeep]
|-damage|p2a: NIGHT NIGHT|25/100|[from] Sandstorm
|-damage|p2b: HEALROOM|35/100|[from] Sandstorm
|-heal|p2a: NIGHT NIGHT|31/100|[from] item: Leftovers
|-damage|p1b: Tailwind|20/100y brn|[from] brn
|upkeep
|turn|8
|-message|vimith forfeited.
|
|win|lettitripppp
|raw|vimith's rating: 1040 → 1027(-13 for losing)
|raw|lettitripppp's rating: 1114 → 1134(+20 for winning)
|l|☆vimith
|player|p1|
