|j|☆ApeEscapeForGC
|j|☆Chaotic Raos
|html|ApeEscapeForGCChaotic Raos    
|uhtml|bestof|Game 1 of a best-of-3
|t:|1757636117
|gametype|doubles
|player|p1|ApeEscapeForGC|101|
|player|p2|Chaotic Raos|bellelba|
|gen|9
|tier|[Gen 9] VGC 2025 Reg H (Bo3)
|rule|Species Clause: Limit one of each Pokémon
|rule|Item Clause: Limit 1 of each item
|clearpoke
|poke|p1|Dondozo, L50, F|
|poke|p1|Tatsugiri, L50, M|
|poke|p1|Gholdengo, L50|
|poke|p1|Sneasler, L50, M|
|poke|p1|Indeedee, L50, M|
|poke|p1|Whimsicott, L50, F|
|poke|p2|Tyranitar, L50, F|
|poke|p2|Sinistcha, L50|
|poke|p2|Talonflame, L50, F|
|poke|p2|Garchomp, L50, M|
|poke|p2|Gholdengo, L50|
|poke|p2|Primarina, L50, F|
|teampreview|4
|showteam|p1|Dondozo||Leftovers|Unaware|WaveCrash,Earthquake,Protect,OrderUp|||F|||50|,,,,,Grass]Tatsugiri||SafetyGoggles|Commander|MuddyWater,DracoMeteor,IcyWind,TeraBlast|||M|||50|,,,,,Normal]Gholdengo||LifeOrb|GoodasGold|MakeItRain,ShadowBall,Protect,NastyPlot||||||50|,,,,,Steel]Sneasler||PsychicSeed|Unburden|ThroatChop,CloseCombat,DireClaw,Protect|||M|||50|,,,,,Dark]Indeedee||FocusSash|PsychicSurge|ExpandingForce,TrickRoom,Imprison,TeraBlast|||M|||50|,,,,,Psychic]Whimsicott||CovertCloak|Prankster|Moonblast,Tailwind,LightScreen,HelpingHand|||F|||50|,,,,,Poison
|showteam|p2|Tyranitar||AssaultVest|SandStream|RockSlide,KnockOff,LowKick,TeraBlast|||F|||50|,,,,,Flying]Sinistcha||RockyHelmet|Hospitality|MatchaGotcha,RagePowder,StrengthSap,Protect||||||50|,,,,,Water]Talonflame||SafetyGoggles|GaleWings|BraveBird,Tailwind,WillOWisp,Protect|||F|||50|,,,,,Ghost]Garchomp||LifeOrb|RoughSkin|StompingTantrum,DragonClaw,RockSlide,Protect|||M|||50|,,,,,Steel]Gholdengo||Leftovers|GoodasGold|NastyPlot,Protect,MakeItRain,ShadowBall||||||50|,,,,,Water]Primarina||SitrusBerry|LiquidVoice|HyperVoice,Moonblast,Haze,Protect|||F|||50|,,,,,Poison
|c|☆Chaotic Raos|GLHF!
|c|☆ApeEscapeForGC|YT
|
|t:|1757636158
|teamsize|p1|4
|teamsize|p2|4
|start
|switch|p1a: Sneasler|Sneasler, L50, M|100/100
|switch|p1b: Whimsicott|Whimsicott, L50, F|100/100
|switch|p2a: Brave Bird|Talonflame, L50, F|100/100
|switch|p2b: Chomper|Garchomp, L50, M|100/100
|turn|1
|
|t:|1757636181
|move|p1a: Sneasler|Protect|p1a: Sneasler
|-singleturn|p1a: Sneasler|Protect
|move|p2a: Brave Bird|Tailwind|p2a: Brave Bird
|-sidestart|p2: Chaotic Raos|move: Tailwind
|move|p1b: Whimsicott|Tailwind|p1b: Whimsicott
|-sidestart|p1: ApeEscapeForGC|move: Tailwind
|move|p2b: Chomper|Stomping Tantrum|p1a: Sneasler
|-activate|p1a: Sneasler|move: Protect
|
|upkeep
|turn|2
|
|t:|1757636218
|move|p2a: Brave Bird|Brave Bird|p1b: Whimsicott
|-supereffective|p1b: Whimsicott
|-damage|p1b: Whimsicott|0 fnt
|faint|p1b: Whimsicott
|-damage|p2a: Brave Bird|73/100|[from] Recoil
|move|p1a: Sneasler|Dire Claw|p2a: Brave Bird
|-damage|p2a: Brave Bird|16/100
|move|p2b: Chomper|Stomping Tantrum|p1a: Sneasler
|-supereffective|p1a: Sneasler
|-damage|p1a: Sneasler|0 fnt
|faint|p1a: Sneasler
|-damage|p2b: Chomper|91/100|[from] item: Life Orb
|
|upkeep
|
|t:|1757636229
|switch|p1a: Dondozo|Dondozo, L50, F|100/100
|switch|p1b: Tatsugiri|Tatsugiri, L50, M|100/100
|-activate|p1b: Tatsugiri|ability: Commander|[of] p1a: Dondozo
|-boost|p1a: Dondozo|atk|2
|-boost|p1a: Dondozo|spa|2
|-boost|p1a: Dondozo|spe|2
|-boost|p1a: Dondozo|def|2
|-boost|p1a: Dondozo|spd|2
|turn|3
|
|t:|1757636244
|move|p2b: Chomper|Protect|p2b: Chomper
|-singleturn|p2b: Chomper|Protect
|move|p2a: Brave Bird|Will-O-Wisp|p1a: Dondozo|[miss]
|-miss|p2a: Brave Bird|p1a: Dondozo
|move|p1a: Dondozo|Order Up|p2b: Chomper
|-activate|p2b: Chomper|move: Protect
|
|upkeep
|turn|4
|
|t:|1757636274
|move|p2a: Brave Bird|Will-O-Wisp|p1a: Dondozo
|-status|p1a: Dondozo|brn
|move|p1a: Dondozo|Order Up|p2a: Brave Bird
|-damage|p2a: Brave Bird|0 fnt
|faint|p2a: Brave Bird
|-boost|p1a: Dondozo|atk|1
|move|p2b: Chomper|Dragon Claw|p1a: Dondozo
|-damage|p1a: Dondozo|81/100 brn
|-damage|p2b: Chomper|81/100|[from] item: Life Orb
|
|-heal|p1a: Dondozo|87/100 brn|[from] item: Leftovers
|-damage|p1a: Dondozo|81/100 brn|[from] brn
|-sideend|p2: Chaotic Raos|move: Tailwind
|-sideend|p1: ApeEscapeForGC|move: Tailwind
|upkeep
|c|☆ApeEscapeForGC|gg
|
|t:|1757636289
|switch|p2a: Sipmantha|Sinistcha, L50|100/100
|-heal|p2b: Chomper|100/100|[from] ability: Hospitality|[of] p2a: Sipmantha
|turn|5
|c|☆ApeEscapeForGC|I knew it lol
|
|t:|1757636301
|switch|p2b: Amethyst|Tyranitar, L50, F|100/100
|-weather|Sandstorm|[from] ability: Sand Stream|[of] p2b: Amethyst
|-terastallize|p1a: Dondozo|Grass
|move|p1a: Dondozo|Wave Crash|p2b: Amethyst
|-supereffective|p2b: Amethyst
|-damage|p2b: Amethyst|0 fnt
|faint|p2b: Amethyst
|-damage|p1a: Dondozo|51/100 brn|[from] Recoil
|move|p2a: Sipmantha|Matcha Gotcha|p1a: Dondozo|[spread] p1a
|-miss|p2a: Sipmantha|p1b: Tatsugiri
|-resisted|p1a: Dondozo
|-damage|p1a: Dondozo|46/100 brn
|
|-weather|Sandstorm|[upkeep]
|-damage|p1a: Dondozo|39/100 brn|[from] Sandstorm
|-damage|p2a: Sipmantha|94/100|[from] Sandstorm
|-heal|p1a: Dondozo|46/100 brn|[from] item: Leftovers
|-damage|p1a: Dondozo|39/100 brn|[from] brn
|upkeep
|
|t:|1757636319
|switch|p2b: Chomper|Garchomp, L50, M|100/100
|turn|6
|
|t:|1757636329
|move|p1a: Dondozo|Protect|p1a: Dondozo
|-singleturn|p1a: Dondozo|Protect
|move|p2b: Chomper|Rock Slide|p1a: Dondozo|[spread] 
|-miss|p2b: Chomper|p1b: Tatsugiri
|-activate|p1a: Dondozo|move: Protect
|move|p2a: Sipmantha|Strength Sap|p1a: Dondozo
|-activate|p1a: Dondozo|move: Protect
|
|-weather|Sandstorm|[upkeep]
|-damage|p1a: Dondozo|33/100 brn|[from] Sandstorm
|-damage|p2a: Sipmantha|88/100|[from] Sandstorm
|-heal|p1a: Dondozo|39/100 brn|[from] item: Leftovers
|-damage|p1a: Dondozo|33/100 brn|[from] brn
|upkeep
|turn|7
|
|t:|1757636343
|move|p1a: Dondozo|Earthquake|p2a: Sipmantha|[spread] p2a,p2b
|-miss|p1a: Dondozo|p1b: Tatsugiri
|-resisted|p2a: Sipmantha
|-damage|p2a: Sipmantha|78/100
|-damage|p2b: Chomper|70/100
|move|p2b: Chomper|Dragon Claw|p1a: Dondozo
|-damage|p1a: Dondozo|12/100 brn
|-damage|p2b: Chomper|60/100|[from] item: Life Orb
|move|p2a: Sipmantha|Strength Sap|p1a: Dondozo
|-unboost|p1a: Dondozo|atk|1
|-heal|p2a: Sipmantha|100/100
|
|-weather|Sandstorm|[upkeep]
|-damage|p1a: Dondozo|6/100 brn|[from] Sandstorm
|-damage|p2a: Sipmantha|94/100|[from] Sandstorm
|-heal|p1a: Dondozo|12/100 brn|[from] item: Leftovers
|-damage|p1a: Dondozo|6/100 brn|[from] brn
|upkeep
|turn|8
|c|☆ApeEscapeForGC|gg
|-message|ApeEscapeForGC forfeited.
|
|win|Chaotic Raos
||ApeEscapeForGC is ready for game 2.
||Chaotic Raos is ready for game 2.
|uhtml|next|Next: Game 2 of 3
|j| pfizerlordozai
|j| yeetawheat
|l| yeetawheat
|l| pfizerlordozai
