|j|☆shmurkykrow
|j|☆strifesada
|html|shmurkykrowstrifesada    
|uhtml|bestof|Game 2 of a best-of-3
|t:|1783739232
|gametype|doubles
|player|p1|shmurkykrow|lebanne|
|player|p2|strifesada|piers|
|gen|9
|tier|[Gen 9 Champions] VGC 2026 Reg M-B (Bo3)
|rule|Species Clause: Limit one of each Pokémon
|rule|Item Clause: Limit 1 of each item
|clearpoke
|poke|p1|Ampharos, L50, M, shiny|
|poke|p1|Incineroar, L50, M|
|poke|p1|Ninetales-Alola, L50, M|
|poke|p1|Mimikyu, L50, F|
|poke|p1|Rhyperior, L50, M|
|poke|p1|Sinistcha, L50|
|poke|p2|Sneasler, L50, M|
|poke|p2|Blastoise, L50, M|
|poke|p2|Kingambit, L50, M|
|poke|p2|Incineroar, L50, M|
|poke|p2|Delphox, L50, F|
|poke|p2|Sinistcha, L50|
|teampreview|4
|showteam|p1|Ampharos||Ampharosite|Static|ParabolicCharge,Thunderbolt,DragonPulse,Protect|Quiet||M|||50|]Incineroar||SitrusBerry|Intimidate|FakeOut,FlareBlitz,ThroatChop,PartingShot|Adamant||M|||50|]Ninetales-Alola||LightClay|SnowWarning|AuroraVeil,Blizzard,Moonblast,Protect|Timid||M|||50|]Mimikyu||MentalHerb|Disguise|TrickRoom,SwordsDance,PlayRough,ShadowSneak|Sassy||F|||50|]Rhyperior||LifeOrb|SolidRock|HighHorsepower,RockSlide,IcePunch,Protect|Brave||M|||50|]Sinistcha||CobaBerry|Hospitality|TrickRoom,MatchaGotcha,LifeDew,StrengthSap|Relaxed|||||50|
|showteam|p2|Sneasler||FocusSash|PoisonTouch|PoisonJab,CloseCombat,FakeOut,QuickGuard|Jolly||M|||50|]Blastoise||Blastoisinite|RainDish|DarkPulse,WaterSpout,ShellSmash,Protect|Modest||M|||50|]Kingambit||BlackGlasses|Defiant|KowtowCleave,SuckerPunch,SwordsDance,Protect|Adamant||M|||50|]Incineroar||SitrusBerry|Intimidate|FlareBlitz,HelpingHand,PartingShot,FakeOut|Careful||M|||50|]Delphox||Delphoxite|Blaze|HeatWave,NastyPlot,Psyshock,Protect|Modest||F|||50|]Sinistcha||KasibBerry|Hospitality|MatchaGotcha,RagePowder,TrickRoom,Protect|Bold|||||50|
|
|t:|1783739264
|teamsize|p1|4
|teamsize|p2|4
|start
|switch|p1a: Ampharos|Ampharos, L50, M, shiny|100/100
|switch|p1b: Mimikyu|Mimikyu, L50, F|100/100
|switch|p2a: Kingambit|Kingambit, L50, M|100/100
|switch|p2b: Incineroar|Incineroar, L50, M|100/100
|-ability|p2b: Incineroar|Intimidate|boost
|-unboost|p1a: Ampharos|atk|1
|-unboost|p1b: Mimikyu|atk|1
|turn|1
|
|t:|1783739283
|switch|p1a: Rhyperior|Rhyperior, L50, M|100/100
|move|p2b: Incineroar|Parting Shot|p1a: Rhyperior
|-unboost|p1a: Rhyperior|atk|1
|-unboost|p1a: Rhyperior|spa|1
|
|t:|1783739290
|switch|p2b: Sneasler|Sneasler, L50, M|100/100|[from] Parting Shot
|move|p2a: Kingambit|Swords Dance|p2a: Kingambit
|-boost|p2a: Kingambit|atk|2
|move|p1b: Mimikyu|Trick Room|p1b: Mimikyu
|-fieldstart|move: Trick Room|[of] p1b: Mimikyu
|
|upkeep
|turn|2
|
|t:|1783739308
|move|p1a: Rhyperior|Protect|p1a: Rhyperior
|-singleturn|p1a: Rhyperior|Protect
|move|p2b: Sneasler|Fake Out|p1a: Rhyperior
|-activate|p1a: Rhyperior|move: Protect
|move|p2a: Kingambit|Swords Dance|p2a: Kingambit
|-boost|p2a: Kingambit|atk|2
|move|p1b: Mimikyu|Swords Dance|p1b: Mimikyu
|-boost|p1b: Mimikyu|atk|2
|
|upkeep
|turn|3
|
|t:|1783739319
|switch|p2b: Incineroar|Incineroar, L50, M|100/100
|-ability|p2b: Incineroar|Intimidate|boost
|-unboost|p1a: Rhyperior|atk|1
|-unboost|p1b: Mimikyu|atk|1
|move|p1a: Rhyperior|High Horsepower|p2a: Kingambit
|-supereffective|p2a: Kingambit|1
|-damage|p2a: Kingambit|47/100
|-damage|p1a: Rhyperior|90/100|[from] item: Life Orb
|move|p2a: Kingambit|Kowtow Cleave|p1b: Mimikyu
|-activate|p1b: Mimikyu|ability: Disguise
|-damage|p1b: Mimikyu|100/100
|detailschange|p1b: Mimikyu|Mimikyu-Busted, L50, F
|-damage|p1b: Mimikyu|87/100|[from] pokemon: Mimikyu-Busted
|move|p1b: Mimikyu|Swords Dance|p1b: Mimikyu
|-boost|p1b: Mimikyu|atk|2
|
|upkeep
|turn|4
|
|t:|1783739354
|switch|p2b: Sinistcha|Sinistcha, L50|100/100
|-heal|p2a: Kingambit|71/100|[from] ability: Hospitality|[of] p2b: Sinistcha
|move|p1a: Rhyperior|High Horsepower|p2a: Kingambit
|-supereffective|p2a: Kingambit|1
|-damage|p2a: Kingambit|14/100
|-damage|p1a: Rhyperior|80/100|[from] item: Life Orb
|move|p2a: Kingambit|Kowtow Cleave|p1b: Mimikyu
|-damage|p1b: Mimikyu|0 fnt
|faint|p1b: Mimikyu
|
|upkeep
|
|t:|1783739364
|switch|p1b: Ampharos|Ampharos, L50, M, shiny|100/100
|turn|5
|
|t:|1783739389
|switch|p2b: Sneasler|Sneasler, L50, M|100/100
|detailschange|p1b: Ampharos|Ampharos-Mega, L50, M, shiny
|-mega|p1b: Ampharos|Ampharos|Ampharosite
|-ability|p1b: Ampharos|Mold Breaker
|move|p2a: Kingambit|Protect|p2a: Kingambit
|-singleturn|p2a: Kingambit|Protect
|move|p1a: Rhyperior|Rock Slide|p2a: Kingambit|[spread] p2b
|-activate|p2a: Kingambit|move: Protect
|-resisted|p2b: Sneasler|1
|-damage|p2b: Sneasler|82/100
|-damage|p1a: Rhyperior|70/100|[from] item: Life Orb
|move|p1b: Ampharos|Parabolic Charge|p2b: Sneasler|[spread] p2b
|-activate|p2a: Kingambit|move: Protect
|-immune|p1a: Rhyperior
|-crit|p2b: Sneasler
|-damage|p2b: Sneasler|15/100
|
|-fieldend|move: Trick Room
|upkeep
|turn|6
|
|t:|1783739422
|switch|p1a: Incineroar|Incineroar, L50, M|100/100
|-ability|p1a: Incineroar|Intimidate|boost
|-unboost|p2a: Kingambit|atk|1
|-ability|p2a: Kingambit|Defiant|boost
|-boost|p2a: Kingambit|atk|2
|-unboost|p2b: Sneasler|atk|1
|move|p1b: Ampharos|Protect|p1b: Ampharos
|-singleturn|p1b: Ampharos|Protect
|move|p2b: Sneasler|Close Combat|p1a: Incineroar
|-supereffective|p1a: Incineroar|1
|-damage|p1a: Incineroar|28/100
|-unboost|p2b: Sneasler|def|1
|-unboost|p2b: Sneasler|spd|1
|-enditem|p1a: Incineroar|Sitrus Berry|[eat]
|-heal|p1a: Incineroar|53/100|[from] item: Sitrus Berry
|move|p2a: Kingambit|Kowtow Cleave|p1b: Ampharos
|-activate|p1b: Ampharos|move: Protect
|
|upkeep
|turn|7
|
|t:|1783739452
|switch|p2b: Incineroar|Incineroar, L50, M|100/100
|-ability|p2b: Incineroar|Intimidate|boost
|-unboost|p1a: Incineroar|atk|1
|-unboost|p1b: Ampharos|atk|1
|move|p2a: Kingambit|Protect|p2a: Kingambit
|-singleturn|p2a: Kingambit|Protect
|move|p1a: Incineroar|Flare Blitz|p2b: Incineroar
|-resisted|p2b: Incineroar|1
|-damage|p2b: Incineroar|84/100
|-damage|p1a: Incineroar|48/100|[from] Recoil
|move|p1b: Ampharos|Dragon Pulse|p2b: Incineroar
|-damage|p2b: Incineroar|39/100
|-enditem|p2b: Incineroar|Sitrus Berry|[eat]
|-heal|p2b: Incineroar|64/100|[from] item: Sitrus Berry
|
|upkeep
|turn|8
|
|t:|1783739469
|move|p1b: Ampharos|Protect|p1b: Ampharos
|-singleturn|p1b: Ampharos|Protect
|move|p2b: Incineroar|Fake Out|p1a: Incineroar
|-damage|p1a: Incineroar|38/100
|cant|p1a: Incineroar|flinch
|move|p2a: Kingambit|Kowtow Cleave|p1b: Ampharos
|-activate|p1b: Ampharos|move: Protect
|
|upkeep
|turn|9
|
|t:|1783739479
|switch|p1b: Rhyperior|Rhyperior, L50, M|70/100
|move|p2a: Kingambit|Protect|p2a: Kingambit
|-singleturn|p2a: Kingambit|Protect
|move|p2b: Incineroar|Parting Shot|p1a: Incineroar
|-unboost|p1a: Incineroar|atk|1
|-unboost|p1a: Incineroar|spa|1
|
|t:|1783739486
|switch|p2b: Sinistcha|Sinistcha, L50|100/100|[from] Parting Shot
|-heal|p2a: Kingambit|38/100|[from] ability: Hospitality|[of] p2b: Sinistcha
|move|p1a: Incineroar|Flare Blitz|p2a: Kingambit
|-activate|p2a: Kingambit|move: Protect
|
|upkeep
|turn|10
|
|t:|1783739501
|move|p2b: Sinistcha|Rage Powder|p2b: Sinistcha
|-singleturn|p2b: Sinistcha|move: Rage Powder
|move|p1a: Incineroar|Flare Blitz|p2b: Sinistcha
|-supereffective|p2b: Sinistcha|1
|-damage|p2b: Sinistcha|52/100
|-status|p2b: Sinistcha|brn
|-damage|p1a: Incineroar|24/100|[from] Recoil
|move|p2a: Kingambit|Kowtow Cleave|p1b: Rhyperior
|-damage|p1b: Rhyperior|0 fnt
|faint|p1b: Rhyperior
|
|-damage|p2b: Sinistcha|46/100 brn|[from] brn
|upkeep
|
|t:|1783739509
|switch|p1b: Ampharos|Ampharos-Mega, L50, M, shiny|100/100
|-ability|p1b: Ampharos|Mold Breaker
|turn|11
|
|t:|1783739524
|switch|p2b: Incineroar|Incineroar, L50, M|64/100
|-ability|p2b: Incineroar|Intimidate|boost
|-unboost|p1a: Incineroar|atk|1
|-unboost|p1b: Ampharos|atk|1
|move|p2a: Kingambit|Protect|p2a: Kingambit
|-singleturn|p2a: Kingambit|Protect
|move|p1a: Incineroar|Flare Blitz|p2a: Kingambit
|-activate|p2a: Kingambit|move: Protect
|move|p1b: Ampharos|Parabolic Charge|p2a: Kingambit|[spread] p1a,p2b
|-activate|p2a: Kingambit|move: Protect
|-damage|p1a: Incineroar|0 fnt
|-damage|p2b: Incineroar|36/100
|faint|p1a: Incineroar
|
|upkeep
|turn|12
|
|t:|1783739540
|move|p1b: Ampharos|Protect|p1b: Ampharos
|-singleturn|p1b: Ampharos|Protect
|move|p2b: Incineroar|Fake Out|p1b: Ampharos
|-activate|p1b: Ampharos|move: Protect
|move|p2a: Kingambit|Kowtow Cleave|p1b: Ampharos
|-activate|p1b: Ampharos|move: Protect
|
|upkeep
|turn|13
|
|t:|1783739544
|move|p2b: Incineroar|Flare Blitz|p1b: Ampharos
|-resisted|p1b: Ampharos|1
|-damage|p1b: Ampharos|78/100
|-status|p1b: Ampharos|brn
|-damage|p2b: Incineroar|29/100|[from] Recoil
|move|p2a: Kingambit|Kowtow Cleave|p1b: Ampharos
|-damage|p1b: Ampharos|0 fnt
|faint|p1b: Ampharos
|
|win|strifesada
