|j|☆godoftoasty
|j|☆Master600
|html|godoftoastyMaster600    
|uhtml|bestof|Game 2 of a best-of-3
|t:|1783032214
|gametype|doubles
|player|p1|godoftoasty|170|1221
|player|p2|Master600|red|1357
|gen|9
|tier|[Gen 9 Champions] VGC 2026 Reg M-B (Bo3)
|rated|
|rule|Species Clause: Limit one of each Pokémon
|rule|Item Clause: Limit 1 of each item
|clearpoke
|poke|p1|Gengar, L50, M, shiny|
|poke|p1|Incineroar, L50, M|
|poke|p1|Garchomp, L50, F|
|poke|p1|Rotom-Wash, L50, shiny|
|poke|p1|Ninetales-Alola, L50, F|
|poke|p1|Grimmsnarl, L50, M, shiny|
|poke|p2|Charizard, L50, M|
|poke|p2|Farigiraf, L50, F, shiny|
|poke|p2|Garchomp, L50, F, shiny|
|poke|p2|Aerodactyl, L50, M, shiny|
|poke|p2|Sylveon, L50, F, shiny|
|poke|p2|Kingambit, L50, M, shiny|
|teampreview|4
|showteam|p1|Gengar||Gengarite|CursedBody|ShadowBall,SludgeBomb,PerishSong,Protect|Timid||M|||50|]Incineroar||SitrusBerry|Intimidate|FakeOut,PartingShot,Protect,FlareBlitz|Impish||M|||50|]Garchomp||LifeOrb|RoughSkin|ScaleShot,StompingTantrum,RockSlide,Protect|Adamant||F|||50|]Rotom-Wash||Leftovers|Levitate|HydroPump,VoltSwitch,WillOWisp,Protect|Bold|||||50|]Ninetales-Alola||NeverMeltIce|SnowWarning|Blizzard,Encore,Disable,Protect|Timid||F|||50|]Grimmsnarl||LightClay|Prankster|FakeOut,PartingShot,Reflect,SpiritBreak|Careful||M|||50|
|showteam|p2|Charizard||CharizarditeY|Blaze|HeatWave,WeatherBall,SolarBeam,Protect|Modest||M|||50|]Farigiraf||SitrusBerry|ArmorTail|PsychicFangs,Thunderbolt,TrickRoom,SunnyDay|Relaxed||F|||50|]Garchomp||LifeOrb|SandVeil|DragonClaw,Earthquake,RockSlide,Protect|Adamant||F|||50|]Aerodactyl||Aerodactylite|Unnerve|RockSlide,Tailwind,DualWingbeat,IceFang|Jolly||M|||50|]Sylveon||FairyFeather|Pixilate|HyperVoice,HyperBeam,QuickAttack,Protect|Modest||F|||50|]Kingambit||FocusSash|Defiant|KowtowCleave,IronHead,SuckerPunch,LowKick|Adamant||M|||50|
|inactive|Battle timer is ON: inactive players will automatically lose when time's up. (requested by Master600)
|
|t:|1783032230
|teamsize|p1|4
|teamsize|p2|4
|start
|switch|p1a: Garchomp|Garchomp, L50, F|100/100
|switch|p1b: Rotom|Rotom-Wash, L50, shiny|100/100
|switch|p2a: Su|Farigiraf, L50, F, shiny|100/100
|switch|p2b: Ajedrez|Kingambit, L50, M, shiny|100/100
|turn|1
|
|t:|1783032239
|move|p1a: Garchomp|Stomping Tantrum|p2b: Ajedrez
|-supereffective|p2b: Ajedrez|1
|-damage|p2b: Ajedrez|2/100
|-damage|p1a: Garchomp|90/100|[from] item: Life Orb
|move|p1b: Rotom|Volt Switch|p2b: Ajedrez
|-damage|p2b: Ajedrez|0 fnt
|faint|p2b: Ajedrez
|
|t:|1783032247
|switch|p1b: Grimmsnarl|Grimmsnarl, L50, M, shiny|100/100|[from] Volt Switch
|move|p2a: Su|Trick Room|p2a: Su
|-fieldstart|move: Trick Room|[of] p2a: Su
|
|upkeep
|
|t:|1783032249
|switch|p2b: Moon|Sylveon, L50, F, shiny|100/100
|turn|2
|
|t:|1783032262
|move|p1a: Garchomp|Protect|p1a: Garchomp
|-singleturn|p1a: Garchomp|Protect
|move|p2a: Su|Psychic Fangs|p1a: Garchomp
|-activate|p1a: Garchomp|move: Protect
|move|p1b: Grimmsnarl|Spirit Break|p2b: Moon
|-damage|p2b: Moon|63/100
|-unboost|p2b: Moon|spa|1
|move|p2b: Moon|Hyper Voice|p1b: Grimmsnarl|[spread] p1b
|-activate|p1a: Garchomp|move: Protect
|-supereffective|p1b: Grimmsnarl|1
|-damage|p1b: Grimmsnarl|48/100
|
|upkeep
|turn|3
|
|t:|1783032278
|switch|p1a: Rotom|Rotom-Wash, L50, shiny|100/100
|move|p2a: Su|Psychic Fangs|p1a: Rotom
|-damage|p1a: Rotom|78/100
|move|p1b: Grimmsnarl|Spirit Break|p2b: Moon
|-damage|p2b: Moon|27/100
|-unboost|p2b: Moon|spa|1
|move|p2b: Moon|Hyper Voice|p1a: Rotom|[spread] p1a,p1b
|-supereffective|p1b: Grimmsnarl|1
|-damage|p1a: Rotom|53/100
|-damage|p1b: Grimmsnarl|5/100
|
|-heal|p1a: Rotom|59/100|[from] item: Leftovers
|upkeep
|turn|4
|
|t:|1783032292
|move|p2a: Su|Thunderbolt|p1b: Grimmsnarl
|-damage|p1b: Grimmsnarl|0 fnt
|faint|p1b: Grimmsnarl
|move|p2b: Moon|Hyper Voice|p1a: Rotom
|-damage|p1a: Rotom|28/100
|move|p1a: Rotom|Will-O-Wisp|p2a: Su
|-status|p2a: Su|brn
|
|-heal|p1a: Rotom|34/100|[from] item: Leftovers
|-damage|p2a: Su|94/100 brn|[from] brn
|upkeep
|
|t:|1783032296
|switch|p1b: Gengar|Gengar, L50, M, shiny|100/100
|turn|5
|
|t:|1783032307
|detailschange|p1b: Gengar|Gengar-Mega, L50, M, shiny
|-mega|p1b: Gengar|Gengar|Gengarite
|move|p1b: Gengar|Protect|p1b: Gengar
|-singleturn|p1b: Gengar|Protect
|move|p2a: Su|Psychic Fangs|p1b: Gengar
|-activate|p1b: Gengar|move: Protect
|move|p2b: Moon|Hyper Voice|p1b: Gengar|[spread] p1a
|-activate|p1b: Gengar|move: Protect
|-damage|p1a: Rotom|7/100
|move|p1a: Rotom|Volt Switch|p2b: Moon
|-damage|p2b: Moon|6/100
|
|t:|1783032320
|switch|p1a: Garchomp|Garchomp, L50, F|90/100|[from] Volt Switch
|
|-damage|p2a: Su|88/100 brn|[from] brn
|-fieldend|move: Trick Room
|upkeep
|turn|6
|
|t:|1783032325
|move|p1b: Gengar|Sludge Bomb|p2a: Su
|-damage|p2a: Su|43/100 brn
|-enditem|p2a: Su|Sitrus Berry|[eat]
|-heal|p2a: Su|68/100 brn|[from] item: Sitrus Berry
|move|p1a: Garchomp|Rock Slide|p2b: Moon|[spread] p2a,p2b
|-damage|p2a: Su|48/100 brn
|-damage|p2b: Moon|0 fnt
|faint|p2b: Moon
|-damage|p1a: Garchomp|80/100|[from] item: Life Orb
|cant|p2a: Su|flinch
|
|-damage|p2a: Su|42/100 brn|[from] brn
|upkeep
|
|t:|1783032328
|switch|p2b: Lizard|Charizard, L50, M|100/100
|turn|7
|
|t:|1783032341
|detailschange|p2b: Lizard|Charizard-Mega-Y, L50, M
|-mega|p2b: Lizard|Charizard|Charizardite Y
|-weather|SunnyDay|[from] ability: Drought|[of] p2b: Lizard
|move|p1b: Gengar|Sludge Bomb|p2a: Su
|-damage|p2a: Su|0 fnt
|faint|p2a: Su
|move|p1a: Garchomp|Stomping Tantrum|p2b: Lizard
|-immune|p2b: Lizard
|move|p2b: Lizard|Heat Wave|p1a: Garchomp|[spread] p1a,p1b
|-resisted|p1a: Garchomp|1
|-damage|p1a: Garchomp|48/100
|-damage|p1b: Gengar|31/100
|-status|p1a: Garchomp|brn
|-status|p1b: Gengar|brn
|
|-weather|SunnyDay|[upkeep]
|-damage|p1b: Gengar|25/100 brn|[from] brn
|-damage|p1a: Garchomp|42/100 brn|[from] brn
|upkeep
|turn|8
|c|☆Master600|Jajajaja por eso
|
|t:|1783032362
|move|p1b: Gengar|Sludge Bomb|p2b: Lizard
|-damage|p2b: Lizard|58/100
|move|p1a: Garchomp|Rock Slide|p2b: Lizard
|-supereffective|p2b: Lizard|2
|-damage|p2b: Lizard|0 fnt
|faint|p2b: Lizard
|-damage|p1a: Garchomp|32/100 brn|[from] item: Life Orb
|
|win|godoftoasty
||Master600 is ready for game 3.
||godoftoasty is ready for game 3.
|uhtml|next|Next: Game 3 of 3
|l|☆godoftoasty
|player|p1|
