|j|☆Snivii
|j|☆galloway2001
|html|Sniviigalloway2001    
|uhtml|bestof|Game 1 of a best-of-3
|t:|1785948830
|gametype|doubles
|player|p1|Snivii|1|1172
|player|p2|galloway2001|265|1287
|gen|9
|tier|[Gen 9 Champions] VGC 2026 Reg M-B (Bo3)
|rated|
|rule|Species Clause: Limit one of each Pokémon
|rule|Item Clause: Limit 1 of each item
|clearpoke
|poke|p1|Serperior, L50, F|
|poke|p1|Grimmsnarl, L50, M|
|poke|p1|Staraptor, L50, M|
|poke|p1|Whimsicott, L50, F|
|poke|p1|Blastoise, L50, M|
|poke|p1|Skeledirge, L50, F|
|poke|p2|Scovillain, L50, F|
|poke|p2|Lycanroc-Dusk, L50, M|
|poke|p2|Kingambit, L50, F|
|poke|p2|Basculegion, L50, M|
|poke|p2|Sneasler, L50, F|
|poke|p2|Froslass, L50, F|
|teampreview|4
|showteam|p1|Serperior||WideLens|Contrary|LeafStorm,Glare,Protect,GastroAcid|Timid||F|||50|]Grimmsnarl||LightClay|Prankster|SpiritBreak,LightScreen,Reflect,PartingShot|Careful||M|||50|]Staraptor||Staraptite|Intimidate|BraveBird,CloseCombat,Roost,Protect|Jolly||M|||50|]Whimsicott||FocusSash|Prankster|Moonblast,Charm,Encore,Tailwind|Timid||F|||50|]Blastoise||Blastoisinite|Torrent|WaterSpout,AuraSphere,WaterPulse,Protect|Modest||M|||50|]Skeledirge||Leftovers|Unaware|TorchSong,ShadowBall,Yawn,Snarl|Quiet||F|||50|
|showteam|p2|Scovillain||Scovillainite|Moody|Protect,Overheat,GigaDrain,RagePowder|Modest||F|||50|]Lycanroc-Dusk||FocusSash|ToughClaws|Protect,Accelerock,RockSlide,CloseCombat|Adamant||M|||50|]Kingambit||BlackGlasses|Defiant|Protect,KowtowCleave,IronHead,SuckerPunch|Adamant||F|||50|]Basculegion||SitrusBerry|Adaptability|Protect,LastRespects,WaveCrash,AquaJet|Adamant||M|||50|]Sneasler||WhiteHerb|Unburden|FakeOut,GunkShot,CloseCombat,Protect|Adamant||F|||50|]Froslass||Froslassite|CursedBody|Blizzard,ShadowBall,AuroraVeil,Protect|Modest||F|||50|
|
|t:|1785948883
|teamsize|p1|4
|teamsize|p2|4
|start
|switch|p1a: Grimmsnarl|Grimmsnarl, L50, M|100/100
|switch|p1b: Skeledirge|Skeledirge, L50, F|100/100
|switch|p2a: Froslass|Froslass, L50, F|100/100
|switch|p2b: Sneasler|Sneasler, L50, F|100/100
|turn|1
|inactive|Battle timer is ON: inactive players will automatically lose when time's up. (requested by galloway2001)
|
|t:|1785948899
|switch|p1a: Whimsicott|Whimsicott, L50, F|100/100
|detailschange|p2a: Froslass|Froslass-Mega, L50, F
|-mega|p2a: Froslass|Froslass|Froslassite
|-weather|Snowscape|[from] ability: Snow Warning|[of] p2a: Froslass
|move|p2b: Sneasler|Gunk Shot|p1a: Whimsicott
|-supereffective|p1a: Whimsicott|2
|-enditem|p1a: Whimsicott|Focus Sash
|-damage|p1a: Whimsicott|1/100
|move|p2a: Froslass|Aurora Veil|p2a: Froslass
|-sidestart|p2: galloway2001|move: Aurora Veil
|move|p1b: Skeledirge|Snarl|p2b: Sneasler|[spread] p2a,p2b
|-supereffective|p2a: Froslass|1
|-resisted|p2b: Sneasler|1
|-damage|p2a: Froslass|81/100
|-damage|p2b: Sneasler|94/100
|-unboost|p2a: Froslass|spa|1
|-unboost|p2b: Sneasler|spa|1
|-enditem|p2b: Sneasler|White Herb
|-clearnegativeboost|p2b: Sneasler|[silent]
|
|-weather|Snowscape|[upkeep]
|upkeep
|turn|2
|
|t:|1785948917
|switch|p2b: Kingambit|Kingambit, L50, F|100/100
|move|p1a: Whimsicott|Encore|p2b: Kingambit
|-hint|Since gen 7, Dark is immune to Prankster moves.
|-immune|p2b: Kingambit
|move|p2a: Froslass|Blizzard|p1a: Whimsicott|[spread] p1a,p1b
|-supereffective|p1a: Whimsicott|1
|-resisted|p1b: Skeledirge|1
|-damage|p1a: Whimsicott|0 fnt
|-damage|p1b: Skeledirge|80/100
|faint|p1a: Whimsicott
|move|p1b: Skeledirge|Torch Song|p2a: Froslass
|-supereffective|p2a: Froslass|1
|-damage|p2a: Froslass|24/100
|-boost|p1b: Skeledirge|spa|1
|
|-weather|Snowscape|[upkeep]
|-heal|p1b: Skeledirge|86/100|[from] item: Leftovers
|upkeep
|
|t:|1785948926
|switch|p1a: Grimmsnarl|Grimmsnarl, L50, M|100/100
|turn|3
|
|t:|1785948946
|switch|p2a: Sneasler|Sneasler, L50, F|94/100
|move|p1a: Grimmsnarl|Reflect|p1a: Grimmsnarl
|-sidestart|p1: Snivii|Reflect
|move|p2b: Kingambit|Kowtow Cleave|p1b: Skeledirge
|-supereffective|p1b: Skeledirge|1
|-damage|p1b: Skeledirge|17/100
|move|p1b: Skeledirge|Yawn|p2b: Kingambit
|-start|p2b: Kingambit|move: Yawn|[of] p1b: Skeledirge
|
|-weather|Snowscape|[upkeep]
|-heal|p1b: Skeledirge|23/100|[from] item: Leftovers
|upkeep
|turn|4
|inactive|Snivii has 30 seconds left.
|
|t:|1785948973
|switch|p1b: Serperior|Serperior, L50, F|100/100
|move|p1a: Grimmsnarl|Light Screen|p1a: Grimmsnarl
|-sidestart|p1: Snivii|move: Light Screen
|move|p2a: Sneasler|Gunk Shot|p1a: Grimmsnarl
|-supereffective|p1a: Grimmsnarl|1
|-damage|p1a: Grimmsnarl|10/100
|move|p2b: Kingambit|Kowtow Cleave|p1b: Serperior
|-damage|p1b: Serperior|60/100
|
|-weather|Snowscape|[upkeep]
|-end|p2b: Kingambit|move: Yawn|[silent]
|-status|p2b: Kingambit|slp
|upkeep
|turn|5
|
|t:|1785948997
|move|p1a: Grimmsnarl|Parting Shot|p2a: Sneasler
|-unboost|p2a: Sneasler|atk|1
|-unboost|p2a: Sneasler|spa|1
|
|t:|1785949000
|switch|p1a: Skeledirge|Skeledirge, L50, F|23/100|[from] Parting Shot
|move|p1b: Serperior|Leaf Storm|p2a: Sneasler
|-resisted|p2a: Sneasler|1
|-damage|p2a: Sneasler|76/100
|-boost|p1b: Serperior|spa|2
|move|p2a: Sneasler|Gunk Shot|p1b: Serperior
|-supereffective|p1b: Serperior|1
|-crit|p1b: Serperior
|-damage|p1b: Serperior|0 fnt
|faint|p1b: Serperior
|cant|p2b: Kingambit|slp
|
|-weather|none
|-heal|p1a: Skeledirge|29/100|[from] item: Leftovers
|-sideend|p2: galloway2001|move: Aurora Veil
|upkeep
|
|t:|1785949002
|switch|p1b: Grimmsnarl|Grimmsnarl, L50, M|10/100
|turn|6
|
|t:|1785949014
|move|p2a: Sneasler|Close Combat|p1b: Grimmsnarl
|-damage|p1b: Grimmsnarl|0 fnt
|-unboost|p2a: Sneasler|def|1
|-unboost|p2a: Sneasler|spd|1
|faint|p1b: Grimmsnarl
|cant|p2b: Kingambit|slp
|move|p1a: Skeledirge|Torch Song|p2b: Kingambit
|-supereffective|p2b: Kingambit|1
|-damage|p2b: Kingambit|14/100 slp
|-boost|p1a: Skeledirge|spa|1
|
|-heal|p1a: Skeledirge|35/100|[from] item: Leftovers
|upkeep
|turn|7
|
|t:|1785949036
|switch|p2a: Froslass|Froslass-Mega, L50, F|24/100
|-weather|Snowscape|[from] ability: Snow Warning|[of] p2a: Froslass
|-curestatus|p2b: Kingambit|slp|[msg]
|move|p2b: Kingambit|Sucker Punch|p1a: Skeledirge
|-supereffective|p1a: Skeledirge|1
|-damage|p1a: Skeledirge|0 fnt
|faint|p1a: Skeledirge
|
|win|galloway2001
||Snivii is ready for game 2.
|l|☆Snivii
|player|p1|
||galloway2001 is ready for game 2.
|uhtml|next|Next: Game 2 of 3
