|j|☆SongokuVG Fr
|j|☆Filippo1226
|html|SongokuVG FrFilippo1226    
|uhtml|bestof|Game 1 of a best-of-3
|t:|1757082494
|gametype|doubles
|player|p1|SongokuVG Fr|lucian|1308
|player|p2|Filippo1226|dragontamer|1298
|gen|9
|tier|[Gen 9] VGC 2025 Reg H (Bo3)
|rated|
|rule|Species Clause: Limit one of each Pokémon
|rule|Item Clause: Limit 1 of each item
|clearpoke
|poke|p1|Klefki, L50, M|
|poke|p1|Ursaluna-Bloodmoon, L50, M|
|poke|p1|Maushold-Four, L50|
|poke|p1|Annihilape, L50, F|
|poke|p1|Ninetales-Alola, L50, M|
|poke|p1|Sinistcha, L50|
|poke|p2|Talonflame, L50, F|
|poke|p2|Kommo-o, L50, M|
|poke|p2|Mamoswine, L50, F|
|poke|p2|Gholdengo, L50|
|poke|p2|Gallade, L50, M|
|poke|p2|Electabuzz, L50, F|
|teampreview|4
|showteam|p1|Klefki||LightClay|Prankster|Reflect,LightScreen,MistyTerrain,DazzlingGleam|||M|||50|,,,,,Ghost]Ursaluna-Bloodmoon||AssaultVest|MindsEye|BloodMoon,HyperVoice,VacuumWave,EarthPower|||M|||50|,,,,,Water]Maushold-Four||SafetyGoggles|FriendGuard|FollowMe,Protect,Taunt,BeatUp||||||50|,,,,,Ghost]Annihilape||Leftovers|Defiant|DrainPunch,RageFist,Protect,BulkUp|||F|||50|,,,,,Water]Ninetales-Alola||FocusSash|SnowWarning|Blizzard,Protect,Encore,FreezeDry|||M|||50|,,,,,Ghost]Sinistcha||SitrusBerry|Hospitality|MatchaGotcha,RagePowder,LifeDew,TrickRoom||||||50|,,,,,Water
|showteam|p2|Talonflame||CovertCloak|GaleWings|DualWingbeat,Taunt,Tailwind,QuickGuard|||F|||50|,,,,,Flying]Kommo-o||ChoiceSpecs|Overcoat|ClangingScales,Flamethrower,AuraSphere,DracoMeteor|||M|||50|,,,,,Dragon]Mamoswine||LoadedDice|Oblivious|IcicleSpear,Earthquake,HighHorsepower,Protect|||F|||50|,,,,,Ground]Gholdengo||LifeOrb|GoodasGold|MakeItRain,ShadowBall,NastyPlot,Protect||||||50|,,,,,Water]Gallade||SitrusBerry|Sharpness|SacredSword,Imprison,TrickRoom,PsychoCut|||M|||50|,,,,,Dark]Electabuzz||Eviolite|VitalSpirit|Electroweb,FollowMe,Thunderbolt,Protect|||F|||50|,,,,,Flying
|inactive|Battle timer is ON: inactive players will automatically lose when time's up. (requested by SongokuVG Fr)
|
|t:|1757082538
|teamsize|p1|4
|teamsize|p2|4
|start
|switch|p1a: Klefki|Klefki, L50, M|100/100
|switch|p1b: Ursaluna|Ursaluna-Bloodmoon, L50, M|100/100
|switch|p2a: Gholdengo|Gholdengo, L50|100/100
|switch|p2b: Electabuzz|Electabuzz, L50, F|100/100
|turn|1
|
|t:|1757082547
|-terastallize|p2b: Electabuzz|Flying
|move|p2b: Electabuzz|Follow Me|p2b: Electabuzz
|-singleturn|p2b: Electabuzz|move: Follow Me
|move|p1a: Klefki|Light Screen|p1a: Klefki
|-sidestart|p1: SongokuVG Fr|move: Light Screen
|move|p2a: Gholdengo|Nasty Plot|p2a: Gholdengo
|-boost|p2a: Gholdengo|spa|2
|move|p1b: Ursaluna|Hyper Voice|p2a: Gholdengo|[spread] p2a,p2b
|-resisted|p2a: Gholdengo
|-damage|p2a: Gholdengo|78/100
|-damage|p2b: Electabuzz|72/100
|
|upkeep
|turn|2
|
|t:|1757082566
|-terastallize|p1b: Ursaluna|Water
|move|p2b: Electabuzz|Protect|p2b: Electabuzz
|-singleturn|p2b: Electabuzz|Protect
|move|p1a: Klefki|Reflect|p1a: Klefki
|-sidestart|p1: SongokuVG Fr|Reflect
|move|p2a: Gholdengo|Nasty Plot|p2a: Gholdengo
|-boost|p2a: Gholdengo|spa|2
|move|p1b: Ursaluna|Blood Moon|p2a: Gholdengo
|-resisted|p2a: Gholdengo
|-damage|p2a: Gholdengo|28/100
|
|upkeep
|turn|3
|
|t:|1757082585
|move|p2a: Gholdengo|Protect|p2a: Gholdengo
|-singleturn|p2a: Gholdengo|Protect
|move|p2b: Electabuzz|Thunderbolt|p1b: Ursaluna
|-supereffective|p1b: Ursaluna
|-damage|p1b: Ursaluna|65/100
|move|p1b: Ursaluna|Hyper Voice|p2a: Gholdengo|[spread] p2b
|-activate|p2a: Gholdengo|move: Protect
|-damage|p2b: Electabuzz|44/100
|move|p1a: Klefki|Dazzling Gleam|p2a: Gholdengo|[spread] p2b
|-activate|p2a: Gholdengo|move: Protect
|-damage|p2b: Electabuzz|30/100
|
|upkeep
|turn|4
|
|t:|1757082606
|switch|p1b: Maushold|Maushold-Four, L50|100/100
|move|p2b: Electabuzz|Follow Me|p2b: Electabuzz
|-singleturn|p2b: Electabuzz|move: Follow Me
|move|p2a: Gholdengo|Shadow Ball|p1b: Maushold
|-immune|p1b: Maushold
|move|p1a: Klefki|Dazzling Gleam|p2b: Electabuzz|[spread] p2a,p2b
|-resisted|p2a: Gholdengo
|-damage|p2a: Gholdengo|17/100
|-damage|p2b: Electabuzz|17/100
|
|upkeep
|turn|5
|
|t:|1757082622
|move|p1b: Maushold|Protect|p1b: Maushold
|-singleturn|p1b: Maushold|Protect
|move|p2b: Electabuzz|Follow Me|p2b: Electabuzz
|-singleturn|p2b: Electabuzz|move: Follow Me
|move|p1a: Klefki|Misty Terrain|p1a: Klefki
|-fieldstart|move: Misty Terrain
|move|p2a: Gholdengo|Make It Rain|p1b: Maushold|[spread] p1a
|-activate|p1b: Maushold|move: Protect
|-damage|p1a: Klefki|19/100
|-unboost|p2a: Gholdengo|spa|1
|-damage|p2a: Gholdengo|7/100|[from] item: Life Orb
|
|upkeep
|turn|6
|
|t:|1757082638
|move|p2b: Electabuzz|Follow Me|p2b: Electabuzz
|-singleturn|p2b: Electabuzz|move: Follow Me
|move|p1b: Maushold|Taunt|p2b: Electabuzz
|-start|p2b: Electabuzz|move: Taunt
|move|p2a: Gholdengo|Make It Rain|p1a: Klefki|[spread] p1a,p1b
|-damage|p1a: Klefki|0 fnt
|-damage|p1b: Maushold|0 fnt
|-unboost|p2a: Gholdengo|spa|1
|faint|p1a: Klefki
|faint|p1b: Maushold
|-damage|p2a: Gholdengo|0 fnt|[from] item: Life Orb
|faint|p2a: Gholdengo
|
|upkeep
|
|t:|1757082656
|switch|p1b: Annihilape|Annihilape, L50, F|100/100
|switch|p2a: Mamoswine|Mamoswine, L50, F|100/100
|switch|p1a: Ursaluna|Ursaluna-Bloodmoon, L50, M, tera:Water|65/100
|turn|7
|
|t:|1757082676
|move|p2b: Electabuzz|Thunderbolt|p1a: Ursaluna
|-supereffective|p1a: Ursaluna
|-damage|p1a: Ursaluna|32/100
|move|p1b: Annihilape|Drain Punch|p2a: Mamoswine
|-supereffective|p2a: Mamoswine
|-damage|p2a: Mamoswine|20/100
|move|p2a: Mamoswine|High Horsepower|p1a: Ursaluna
|-damage|p1a: Ursaluna|2/100
|move|p1a: Ursaluna|Hyper Voice|p2b: Electabuzz|[spread] p2a,p2b
|-damage|p2a: Mamoswine|0 fnt
|-damage|p2b: Electabuzz|0 fnt
|faint|p2a: Mamoswine
|faint|p2b: Electabuzz
|
|upkeep
|
|t:|1757082683
|switch|p2a: Talonflame|Talonflame, L50, F|100/100
|turn|8
|
|t:|1757082691
|move|p2a: Talonflame|Dual Wingbeat|p1a: Ursaluna
|-damage|p1a: Ursaluna|0 fnt
|faint|p1a: Ursaluna
|-hitcount|p1: Ursaluna|1
|move|p1b: Annihilape|Bulk Up|p1b: Annihilape
|-boost|p1b: Annihilape|atk|1
|-boost|p1b: Annihilape|def|1
|
|-sideend|p1: SongokuVG Fr|move: Light Screen
|upkeep
|turn|9
|
|t:|1757082699
|move|p2a: Talonflame|Taunt|p1b: Annihilape
|-start|p1b: Annihilape|move: Taunt
|move|p1b: Annihilape|Rage Fist|p2a: Talonflame
|-damage|p2a: Talonflame|50/100
|
|-sideend|p1: SongokuVG Fr|Reflect
|-fieldend|Misty Terrain
|upkeep
|turn|10
|
|t:|1757082707
|move|p2a: Talonflame|Dual Wingbeat|p1b: Annihilape
|-supereffective|p1b: Annihilape
|-damage|p1b: Annihilape|81/100
|-supereffective|p1b: Annihilape
|-damage|p1b: Annihilape|58/100
|-hitcount|p1b: Annihilape|2
|move|p1b: Annihilape|Rage Fist|p2a: Talonflame
|-damage|p2a: Talonflame|0 fnt
|faint|p2a: Talonflame
|
|win|SongokuVG Fr
||Filippo1226 is ready for game 2.
||SongokuVG Fr is ready for game 2.
|uhtml|next|Next: Game 2 of 3
|l|☆SongokuVG Fr
|player|p1|
