|j|☆raksbach
|j|‽Exel12
|html|raksbachExel12    
|uhtml|bestof|Game 2 of a best-of-3
|t:|1783511528
|gametype|doubles
|player|p1|raksbach|266|1176
|player|p2|Exel12|barry|1100
|gen|9
|tier|[Gen 9 Champions] VGC 2026 Reg M-B (Bo3)
|rated|
|rule|Species Clause: Limit one of each Pokémon
|rule|Item Clause: Limit 1 of each item
|clearpoke
|poke|p1|Incineroar, L50, F|
|poke|p1|Maushold, L50|
|poke|p1|Sinistcha, L50|
|poke|p1|Sneasler, L50, F|
|poke|p1|Blastoise, L50, M|
|poke|p1|Delphox, L50, F|
|poke|p2|Blaziken, L50, M|
|poke|p2|Grimmsnarl, L50, M|
|poke|p2|Gyarados, L50, F|
|poke|p2|Farigiraf, L50, F|
|poke|p2|Kingambit, L50, F|
|poke|p2|Ceruledge, L50, M|
|teampreview|4
|showteam|p1|Incineroar||SitrusBerry|Intimidate|FakeOut,FlareBlitz,DarkestLariat,PartingShot|Impish||F|||50|]Maushold||ChopleBerry|FriendGuard|SuperFang,FollowMe,Protect,Feint|Impish|||||50|]Sinistcha||OccaBerry|Hospitality|MatchaGotcha,LifeDew,RagePowder,Protect|Bold|||||50|]Sneasler||FocusSash|PoisonTouch|FakeOut,CloseCombat,DireClaw,QuickGuard|Jolly||F|||50|]Blastoise||Blastoisinite|Torrent|WaterSpout,DarkPulse,ShellSmash,Protect|Modest||M|||50|]Delphox||Delphoxite|Blaze|HeatWave,Psychic,NastyPlot,Protect|Timid||F|||50|
|showteam|p2|Blaziken||Blazikenite|SpeedBoost|Protect,BulkUp,CloseCombat,FlareBlitz|Jolly||M|||50|]Grimmsnarl||RoseliBerry|Prankster|FakeOut,Reflect,LightScreen,SpiritBreak|Careful||M|||50|]Gyarados||Gyaradosite|Intimidate|Waterfall,HelpingHand,ThunderWave,Protect|Adamant||F|||50|]Farigiraf||MentalHerb|ArmorTail|TrickRoom,Protect,Imprison,HyperVoice|Calm||F|||50|]Kingambit||ChopleBerry|Defiant|KowtowCleave,SuckerPunch,IronHead,Protect|Adamant||F|||50|]Ceruledge||FocusSash|WeakArmor|BitterBlade,SwordsDance,CloseCombat,Protect|Jolly||M|||50|
|inactive|Battle timer is ON: inactive players will automatically lose when time's up. (requested by raksbach)
|inactive|Exel12 also wants the timer to be on.
|
|t:|1783511534
|teamsize|p1|4
|teamsize|p2|4
|start
|switch|p1a: Blastoise|Blastoise, L50, M|100/100
|switch|p1b: Maushold|Maushold, L50|100/100
|switch|p2a: Blaziken|Blaziken, L50, M|100/100
|switch|p2b: Kingambit|Kingambit, L50, F|100/100
|turn|1
|inactive|Exel12 has 30 seconds left.
|inactive|Exel12 has 20 seconds left.
|inactive|Exel12 has 15 seconds left.
|inactive|Exel12 has 10 seconds left.
|
|t:|1783511580
|detailschange|p1a: Blastoise|Blastoise-Mega, L50, M
|-mega|p1a: Blastoise|Blastoise|Blastoisinite
|move|p2a: Blaziken|Protect|p2a: Blaziken
|-singleturn|p2a: Blaziken|Protect
|move|p1b: Maushold|Follow Me|p1b: Maushold
|-singleturn|p1b: Maushold|move: Follow Me
|move|p1a: Blastoise|Shell Smash|p1a: Blastoise
|-unboost|p1a: Blastoise|def|1
|-unboost|p1a: Blastoise|spd|1
|-boost|p1a: Blastoise|atk|2
|-boost|p1a: Blastoise|spa|2
|-boost|p1a: Blastoise|spe|2
|move|p2b: Kingambit|Kowtow Cleave|p1b: Maushold
|-crit|p1b: Maushold
|-damage|p1b: Maushold|25/100
|
|-ability|p2a: Blaziken|Speed Boost|boost
|-boost|p2a: Blaziken|spe|1
|upkeep
|turn|2
|inactive|Exel12 has 30 seconds left.
|inactive|raksbach has 30 seconds left.
|inactive|Exel12 has 20 seconds left.
|
|t:|1783511616
|move|p2b: Kingambit|Protect|p2b: Kingambit
|-singleturn|p2b: Kingambit|Protect
|move|p1b: Maushold|Follow Me|p1b: Maushold
|-singleturn|p1b: Maushold|move: Follow Me
|move|p1a: Blastoise|Water Spout|p2b: Kingambit|[spread] p2a
|-activate|p2b: Kingambit|move: Protect
|-supereffective|p2a: Blaziken|1
|-damage|p2a: Blaziken|0 fnt
|faint|p2a: Blaziken
|
|upkeep
|
|t:|1783511629
|switch|p2a: Grimmsnarl|Grimmsnarl, L50, M|100/100
|turn|3
|
|t:|1783511643
|move|p1a: Blastoise|Protect|p1a: Blastoise
|-singleturn|p1a: Blastoise|Protect
|move|p1b: Maushold|Protect|p1b: Maushold
|-singleturn|p1b: Maushold|Protect
|move|p2a: Grimmsnarl|Light Screen|p2a: Grimmsnarl
|-sidestart|p2: Exel12|move: Light Screen
|move|p2b: Kingambit|Sucker Punch||[still]
|-fail|p2b: Kingambit
|
|upkeep
|turn|4
|
|t:|1783511657
|move|p1b: Maushold|Follow Me|p1b: Maushold
|-singleturn|p1b: Maushold|move: Follow Me
|move|p1a: Blastoise|Water Spout|p2a: Grimmsnarl|[spread] p2a,p2b
|-damage|p2a: Grimmsnarl|31/100
|-damage|p2b: Kingambit|20/100y
|move|p2a: Grimmsnarl|Spirit Break|p1b: Maushold
|-damage|p1b: Maushold|0 fnt
|faint|p1b: Maushold
|move|p2b: Kingambit|Kowtow Cleave|p1a: Blastoise
|-damage|p1a: Blastoise|27/100
|
|upkeep
|
|t:|1783511669
|switch|p1b: Sinistcha|Sinistcha, L50|100/100
|-heal|p1a: Blastoise|52/100|[from] ability: Hospitality|[of] p1b: Sinistcha
|turn|5
|
|t:|1783511678
|switch|p2a: Gyarados|Gyarados, L50, F|100/100
|-ability|p2a: Gyarados|Intimidate|boost
|-unboost|p1a: Blastoise|atk|1
|-unboost|p1b: Sinistcha|atk|1
|move|p2b: Kingambit|Protect|p2b: Kingambit
|-singleturn|p2b: Kingambit|Protect
|move|p1a: Blastoise|Water Spout|p2a: Gyarados|[spread] p2a
|-activate|p2b: Kingambit|move: Protect
|-resisted|p2a: Gyarados|1
|-damage|p2a: Gyarados|82/100
|move|p1b: Sinistcha|Life Dew||[still]|[spread] p1a,p1b
|-heal|p1a: Blastoise|77/100
|-fail|p1b: Sinistcha|heal
|
|upkeep
|turn|6
|inactive|raksbach has 30 seconds left.
|inactive|Exel12 has 30 seconds left.
|inactive|raksbach has 20 seconds left.
|inactive|Exel12 has 20 seconds left.
|inactive|raksbach has 15 seconds left.
|inactive|Exel12 has 15 seconds left.
|
|t:|1783511719
|detailschange|p2a: Gyarados|Gyarados-Mega, L50, F
|-mega|p2a: Gyarados|Gyarados|Gyaradosite
|-ability|p2a: Gyarados|Mold Breaker
|move|p1b: Sinistcha|Rage Powder|p1b: Sinistcha
|-singleturn|p1b: Sinistcha|move: Rage Powder
|move|p2b: Kingambit|Sucker Punch||[still]
|-fail|p2b: Kingambit
|move|p1a: Blastoise|Water Spout|p2a: Gyarados|[spread] p2a,p2b
|-resisted|p2a: Gyarados|1
|-damage|p2a: Gyarados|61/100
|-damage|p2b: Kingambit|0 fnt
|faint|p2b: Kingambit
|move|p2a: Gyarados|Waterfall|p1b: Sinistcha
|-resisted|p1b: Sinistcha|1
|-damage|p1b: Sinistcha|79/100
|
|upkeep
|
|t:|1783511726
|switch|p2b: Grimmsnarl|Grimmsnarl, L50, M|31/100
|turn|7
|
|t:|1783511738
|move|p1a: Blastoise|Protect|p1a: Blastoise
|-singleturn|p1a: Blastoise|Protect
|move|p2b: Grimmsnarl|Fake Out|p1a: Blastoise
|-activate|p1a: Blastoise|move: Protect
|move|p2a: Gyarados|Thunder Wave|p1b: Sinistcha
|-status|p1b: Sinistcha|par
|move|p1b: Sinistcha|Matcha Gotcha|p2b: Grimmsnarl|[spread] p2a
|-miss|p1b: Sinistcha|p2b: Grimmsnarl
|-supereffective|p2a: Gyarados|1
|-crit|p2a: Gyarados
|-damage|p2a: Gyarados|11/100
|-heal|p1b: Sinistcha|100/100 par|[from] drain|[of] p2a: Gyarados
|-status|p2a: Gyarados|brn
|
|-damage|p2a: Gyarados|5/100 brn|[from] brn
|-sideend|p2: Exel12|move: Light Screen
|upkeep
|turn|8
|-message|Exel12 forfeited.
|
|win|raksbach
