|j|☆AtomicTwilight
|j|☆Pointee
|html|AtomicTwilightPointee    
|uhtml|bestof|Game 2 of a best-of-3
|t:|1784785567
|gametype|doubles
|player|p1|AtomicTwilight|canari|1074
|player|p2|Pointee|wallace-masters|1236
|gen|9
|tier|[Gen 9 Champions] VGC 2026 Reg M-B (Bo3)
|rated|
|rule|Species Clause: Limit one of each Pokémon
|rule|Item Clause: Limit 1 of each item
|clearpoke
|poke|p1|Typhlosion-Hisui, L50, M|
|poke|p1|Charizard, L50, M, shiny|
|poke|p1|Sneasler, L50, F|
|poke|p1|Whimsicott, L50, M|
|poke|p1|Garchomp, L50, M|
|poke|p1|Kingambit, L50, M|
|poke|p2|Sinistcha, L50|
|poke|p2|Incineroar, L50, F|
|poke|p2|Milotic, L50, F|
|poke|p2|Raichu, L50, M|
|poke|p2|Floette-Eternal, L50, F|
|poke|p2|Ceruledge, L50, M|
|teampreview|4
|showteam|p1|Typhlosion-Hisui||ChoiceScarf|Frisk|Eruption,HeatWave,ShadowBall,Overheat|Timid||M|||50|]Charizard||CharizarditeY|Blaze|HeatWave,WeatherBall,Protect,SolarBeam|Timid||M|||50|]Sneasler||WhiteHerb|Unburden|FakeOut,DireClaw,CloseCombat,Protect|Adamant||F|||50|]Whimsicott||FocusSash|Prankster|Tailwind,Encore,Moonblast,Protect|Modest||M|||50|]Garchomp||LifeOrb|RoughSkin|DragonClaw,StompingTantrum,RockSlide,Protect|Adamant||M|||50|]Kingambit||BlackGlasses|Defiant|Protect,SwordsDance,SuckerPunch,KowtowCleave|Adamant||M|||50|
|showteam|p2|Sinistcha||KasibBerry|Hospitality|MatchaGotcha,LifeDew,RagePowder,Protect|Bold|||||50|]Incineroar||Charcoal|Intimidate|FlareBlitz,ThroatChop,FakeOut,PartingShot|Adamant||F|||50|]Milotic||Leftovers|Competitive|MuddyWater,Coil,Hypnosis,Recover|Calm||F|||50|]Raichu||RaichuniteY|LightningRod|ZapCannon,FocusBlast,FakeOut,Protect|Hasty||M|||50|]Floette-Eternal||Floettite|FlowerVeil|DazzlingGleam,DrainingKiss,CalmMind,Protect|Timid||F|||50|]Ceruledge||ColburBerry|FlashFire|BitterBlade,ShadowSneak,BulkUp,Protect|Jolly||M|||50|
|
|t:|1784785621
|teamsize|p1|4
|teamsize|p2|4
|start
|switch|p1a: Kingambit|Kingambit, L50, M|100/100
|switch|p1b: Sneasler|Sneasler, L50, F|100/100
|switch|p2a: Ceruledge|Ceruledge, L50, M|100/100
|switch|p2b: Floette|Floette-Eternal, L50, F|100/100
|turn|1
|
|t:|1784785670
|switch|p1a: Charizard|Charizard, L50, M, shiny|100/100
|move|p1b: Sneasler|Protect|p1b: Sneasler
|-singleturn|p1b: Sneasler|Protect
|move|p2b: Floette|Protect|p2b: Floette
|-singleturn|p2b: Floette|Protect
|move|p2a: Ceruledge|Bitter Blade|p1a: Charizard
|-resisted|p1a: Charizard|1
|-damage|p1a: Charizard|65/100
|
|upkeep
|turn|2
|
|t:|1784785694
|switch|p2b: Incineroar|Incineroar, L50, F|100/100
|-ability|p2b: Incineroar|Intimidate|boost
|-unboost|p1a: Charizard|atk|1
|-unboost|p1b: Sneasler|atk|1
|-enditem|p1b: Sneasler|White Herb
|-clearnegativeboost|p1b: Sneasler|[silent]
|detailschange|p1a: Charizard|Charizard-Mega-Y, L50, M, shiny
|-mega|p1a: Charizard|Charizard|Charizardite Y
|-weather|SunnyDay|[from] ability: Drought|[of] p1a: Charizard
|move|p1b: Sneasler|Dire Claw|p2b: Incineroar
|-damage|p2b: Incineroar|53/100
|move|p1a: Charizard|Heat Wave|p2b: Incineroar|[spread] p2b
|-start|p2a: Ceruledge|ability: Flash Fire
|-resisted|p2b: Incineroar|1
|-damage|p2b: Incineroar|25/100
|move|p2a: Ceruledge|Bitter Blade|p1b: Sneasler
|-damage|p1b: Sneasler|0 fnt
|faint|p1b: Sneasler
|
|-weather|SunnyDay|[upkeep]
|upkeep
|
|t:|1784785713
|switch|p1b: Kingambit|Kingambit, L50, M|100/100
|turn|3
|
|t:|1784785736
|move|p2b: Incineroar|Fake Out|p1b: Kingambit
|-resisted|p1b: Kingambit|1
|-crit|p1b: Kingambit
|-damage|p1b: Kingambit|91/100
|move|p1a: Charizard|Heat Wave|p2a: Ceruledge|[spread] p2b
|-immune|p2a: Ceruledge|[from] ability: Flash Fire
|-resisted|p2b: Incineroar|1
|-damage|p2b: Incineroar|0 fnt
|faint|p2b: Incineroar
|move|p2a: Ceruledge|Bulk Up|p2a: Ceruledge
|-boost|p2a: Ceruledge|atk|1
|-boost|p2a: Ceruledge|def|1
|cant|p1b: Kingambit|flinch
|
|-weather|SunnyDay|[upkeep]
|upkeep
|
|t:|1784785743
|switch|p2b: Floette|Floette-Eternal, L50, F|100/100
|turn|4
|
|t:|1784785770
|detailschange|p2b: Floette|Floette-Mega, L50, F
|-mega|p2b: Floette|Floette|Floettite
|-ability|p2b: Floette|Fairy Aura
|move|p1b: Kingambit|Protect|p1b: Kingambit
|-singleturn|p1b: Kingambit|Protect
|move|p2a: Ceruledge|Shadow Sneak|p1a: Charizard
|-damage|p1a: Charizard|18/100
|move|p2b: Floette|Dazzling Gleam|p1b: Kingambit|[spread] p1a
|-activate|p1b: Kingambit|move: Protect
|-resisted|p1a: Charizard|1
|-damage|p1a: Charizard|0 fnt
|faint|p1a: Charizard
|
|-weather|SunnyDay|[upkeep]
|upkeep
|
|t:|1784785779
|switch|p1a: Whimsicott|Whimsicott, L50, M|100/100
|turn|5
|
|t:|1784785791
|move|p1b: Kingambit|Sucker Punch|p2a: Ceruledge
|-supereffective|p2a: Ceruledge|1
|-crit|p2a: Ceruledge
|-enditem|p2a: Ceruledge|Colbur Berry|[eat]
|-enditem|p2a: Ceruledge|Colbur Berry|[weaken]
|-damage|p2a: Ceruledge|0 fnt
|faint|p2a: Ceruledge
|move|p2b: Floette|Dazzling Gleam|p1b: Kingambit|[spread] p1a,p1b
|-damage|p1a: Whimsicott|24/100
|-damage|p1b: Kingambit|43/100
|move|p1a: Whimsicott|Moonblast|p2b: Floette
|-damage|p2b: Floette|55/100
|
|-weather|SunnyDay|[upkeep]
|upkeep
|
|t:|1784785801
|switch|p2a: Sinistcha|Sinistcha, L50|100/100
|-heal|p2b: Floette|80/100|[from] ability: Hospitality|[of] p2a: Sinistcha
|turn|6
|
|t:|1784785841
|move|p2a: Sinistcha|Rage Powder|p2a: Sinistcha
|-singleturn|p2a: Sinistcha|move: Rage Powder
|move|p2b: Floette|Dazzling Gleam|p1b: Kingambit|[spread] p1a,p1b
|-damage|p1a: Whimsicott|0 fnt
|-damage|p1b: Kingambit|0 fnt
|faint|p1a: Whimsicott
|faint|p1b: Kingambit
|
|win|Pointee
|raw|AtomicTwilight's rating: 1074 → 1062(-12 for losing)
|raw|Pointee's rating: 1236 → 1250(+14 for winning)
|l|☆Pointee
|player|p2|
