|j|☆blisswy
|j|☆Pokken2Plz
|html|blisswyPokken2Plz    
|uhtml|bestof|Game 2 of a best-of-3
|t:|1783201505
|gametype|doubles
|player|p1|blisswy|lady-gen4|
|player|p2|Pokken2Plz|101|
|gen|9
|tier|[Gen 9 Champions] VGC 2026 Reg M-B (Bo3)
|rule|Species Clause: Limit one of each Pokémon
|rule|Item Clause: Limit 1 of each item
|clearpoke
|poke|p1|Gholdengo, L50, shiny|
|poke|p1|Lopunny, L50, M, shiny|
|poke|p1|Garchomp, L50, F|
|poke|p1|Charizard, L50, F|
|poke|p1|Farigiraf, L50, F|
|poke|p1|Sylveon, L50, M|
|poke|p2|Sinistcha, L50|
|poke|p2|Incineroar, L50, M|
|poke|p2|Milotic, L50, M|
|poke|p2|Raichu, L50, F|
|poke|p2|Floette-Eternal, L50, F|
|poke|p2|Ceruledge, L50, M|
|teampreview|4
|showteam|p1|Gholdengo||MetalCoat|GoodasGold|MakeItRain,ShadowBall,Protect,NastyPlot|Modest|||||50|]Lopunny||Lopunnite|CuteCharm|FakeOut,CloseCombat,IcePunch,Protect|Jolly||M|||50|]Garchomp||LifeOrb|RoughSkin|RockSlide,Earthquake,Protect,DragonClaw|Adamant||F|||50|]Charizard||CharizarditeY|Blaze|HeatWave,WeatherBall,SolarBeam,Protect|Modest||F|||50|]Farigiraf||SitrusBerry|ArmorTail|HelpingHand,TrickRoom,Psychic,Thunderbolt|Relaxed||F|||50|]Sylveon||FairyFeather|Pixilate|HyperVoice,Detect,HyperBeam,Yawn|Quiet||M|||50|
|showteam|p2|Sinistcha||KasibBerry|Hospitality|MatchaGotcha,LifeDew,RagePowder,Protect|Relaxed|||||50|]Incineroar||SitrusBerry|Intimidate|FlareBlitz,ThroatChop,FakeOut,PartingShot|Impish||M|||50|]Milotic||Leftovers|Competitive|MuddyWater,Coil,Hypnosis,Protect|Calm||M|||50|]Raichu||RaichuniteY|LightningRod|ZapCannon,FocusBlast,FakeOut,Protect|Timid||F|||50|]Floette-Eternal||Floettite|FlowerVeil|DazzlingGleam,DrainingKiss,CalmMind,Protect|Timid||F|||50|]Ceruledge||ColburBerry|FlashFire|BitterBlade,ShadowSneak,BulkUp,Protect|Adamant||M|||50|
|j| Autin Mago
|j| GradientVector
|j| manyarmskeephead
|j| Lepotatochip
|inactive|Battle timer is ON: inactive players will automatically lose when time's up. (requested by Pokken2Plz)
|inactive|Pokken2Plz has 60 seconds left.
|inactive|blisswy has 60 seconds left.
|inactive|blisswy has 30 seconds left.
|inactive|blisswy has 20 seconds left.
|
|t:|1783201617
|teamsize|p1|4
|teamsize|p2|4
|start
|switch|p1a: Sylveon|Sylveon, L50, M|100/100
|switch|p1b: Farigiraf|Farigiraf, L50, F|100/100
|switch|p2a: Incineroar|Incineroar, L50, M|100/100
|switch|p2b: Ceruledge|Ceruledge, L50, M|100/100
|-ability|p2a: Incineroar|Intimidate|boost
|-unboost|p1a: Sylveon|atk|1
|-unboost|p1b: Farigiraf|atk|1
|turn|1
|
|t:|1783201631
|move|p2b: Ceruledge|Bulk Up|p2b: Ceruledge
|-boost|p2b: Ceruledge|atk|1
|-boost|p2b: Ceruledge|def|1
|move|p2a: Incineroar|Throat Chop|p1a: Sylveon
|-resisted|p1a: Sylveon|1
|-damage|p1a: Sylveon|80/100
|-start|p1a: Sylveon|Throat Chop|[silent]
|move|p1a: Sylveon|Yawn|p2b: Ceruledge
|-start|p2b: Ceruledge|move: Yawn|[of] p1a: Sylveon
|move|p1b: Farigiraf|Trick Room|p1b: Farigiraf
|-fieldstart|move: Trick Room|[of] p1b: Farigiraf
|
|upkeep
|turn|2
|
|t:|1783201651
|move|p1b: Farigiraf|Psychic|p2b: Ceruledge
|-damage|p2b: Ceruledge|67/100
|move|p1a: Sylveon|Hyper Beam|p2a: Incineroar
|-damage|p2a: Incineroar|6/100
|-mustrecharge|p1a: Sylveon
|-enditem|p2a: Incineroar|Sitrus Berry|[eat]
|-heal|p2a: Incineroar|31/100|[from] item: Sitrus Berry
|move|p2a: Incineroar|Parting Shot|p1a: Sylveon
|-unboost|p1a: Sylveon|atk|1
|-unboost|p1a: Sylveon|spa|1
|
|t:|1783201660
|switch|p2a: Sinistcha|Sinistcha, L50|100/100|[from] Parting Shot
|-heal|p2b: Ceruledge|92/100|[from] ability: Hospitality|[of] p2a: Sinistcha
|move|p2b: Ceruledge|Bulk Up|p2b: Ceruledge
|-boost|p2b: Ceruledge|atk|1
|-boost|p2b: Ceruledge|def|1
|
|-end|p1a: Sylveon|Throat Chop|[silent]
|-end|p2b: Ceruledge|move: Yawn|[silent]
|-status|p2b: Ceruledge|slp
|upkeep
|turn|3
|
|t:|1783201673
|switch|p1b: Gholdengo|Gholdengo, L50, shiny|100/100
|cant|p1a: Sylveon|recharge
|move|p2a: Sinistcha|Life Dew||[still]|[spread] p2a,p2b
|-fail|p2a: Sinistcha|heal
|-heal|p2b: Ceruledge|100/100 slp
|cant|p2b: Ceruledge|slp
|
|upkeep
|turn|4
|
|t:|1783201695
|move|p2a: Sinistcha|Rage Powder|p2a: Sinistcha
|-singleturn|p2a: Sinistcha|move: Rage Powder
|move|p1a: Sylveon|Hyper Voice|p2b: Ceruledge|[spread] p2a,p2b
|-resisted|p2b: Ceruledge|1
|-damage|p2a: Sinistcha|70/100
|-damage|p2b: Ceruledge|85/100 slp
|cant|p2b: Ceruledge|slp
|move|p1b: Gholdengo|Shadow Ball|p2a: Sinistcha
|-supereffective|p2a: Sinistcha|1
|-enditem|p2a: Sinistcha|Kasib Berry|[eat]
|-enditem|p2a: Sinistcha|Kasib Berry|[weaken]
|-damage|p2a: Sinistcha|30/100
|
|upkeep
|turn|5
|
|t:|1783201712
|move|p2a: Sinistcha|Rage Powder|p2a: Sinistcha
|-singleturn|p2a: Sinistcha|move: Rage Powder
|move|p1a: Sylveon|Hyper Voice|p2a: Sinistcha|[spread] p2a,p2b
|-resisted|p2b: Ceruledge|1
|-damage|p2a: Sinistcha|1/100
|-damage|p2b: Ceruledge|67/100 slp
|-curestatus|p2b: Ceruledge|slp|[msg]
|move|p2b: Ceruledge|Bitter Blade|p1b: Gholdengo
|-supereffective|p1b: Gholdengo|1
|-damage|p1b: Gholdengo|0 fnt
|-heal|p2b: Ceruledge|100/100|[from] drain|[of] p1b: Gholdengo
|faint|p1b: Gholdengo
|
|-fieldend|move: Trick Room
|upkeep
|
|t:|1783201722
|switch|p1b: Lopunny|Lopunny, L50, M, shiny|100/100
|turn|6
|j| coolguy14604
|
|t:|1783201740
|switch|p2a: Incineroar|Incineroar, L50, M|31/100
|-ability|p2a: Incineroar|Intimidate|boost
|-unboost|p1a: Sylveon|atk|1
|-unboost|p1b: Lopunny|atk|1
|switch|p1a: Farigiraf|Farigiraf, L50, F|100/100
|detailschange|p1b: Lopunny|Lopunny-Mega, L50, M, shiny
|-mega|p1b: Lopunny|Lopunny|Lopunnite
|move|p2b: Ceruledge|Protect|p2b: Ceruledge
|-singleturn|p2b: Ceruledge|Protect
|move|p1b: Lopunny|Ice Punch|p2a: Incineroar
|-resisted|p2a: Incineroar|1
|-damage|p2a: Incineroar|25/100
|
|upkeep
|turn|7
|
|t:|1783201758
|move|p1a: Farigiraf|Helping Hand|p1b: Lopunny
|-singleturn|p1b: Lopunny|Helping Hand|[of] p1a: Farigiraf
|move|p1b: Lopunny|Close Combat|p2b: Ceruledge
|-damage|p2b: Ceruledge|66/100
|-unboost|p1b: Lopunny|def|1
|-unboost|p1b: Lopunny|spd|1
|move|p2b: Ceruledge|Bitter Blade|p1b: Lopunny
|-damage|p1b: Lopunny|0 fnt
|-heal|p2b: Ceruledge|100/100|[from] drain|[of] p1b: Lopunny
|faint|p1b: Lopunny
|move|p2a: Incineroar|Parting Shot|p1a: Farigiraf
|-unboost|p1a: Farigiraf|atk|1
|-unboost|p1a: Farigiraf|spa|1
|
|t:|1783201771
|switch|p2a: Sinistcha|Sinistcha, L50|1/100|[from] Parting Shot
|
|upkeep
|
|t:|1783201773
|switch|p1b: Sylveon|Sylveon, L50, M|80/100
|turn|8
|
|t:|1783201779
|move|p1a: Farigiraf|Helping Hand|p1b: Sylveon
|-singleturn|p1b: Sylveon|Helping Hand|[of] p1a: Farigiraf
|move|p2b: Ceruledge|Bitter Blade|p1a: Farigiraf
|-damage|p1a: Farigiraf|25/100
|-enditem|p1a: Farigiraf|Sitrus Berry|[eat]
|-heal|p1a: Farigiraf|50/100g|[from] item: Sitrus Berry
|move|p2a: Sinistcha|Matcha Gotcha|p1b: Sylveon|[spread] p1a,p1b
|-damage|p1a: Farigiraf|27/100
|-heal|p2a: Sinistcha|15/100|[from] drain|[of] p1a: Farigiraf
|-damage|p1b: Sylveon|62/100
|-heal|p2a: Sinistcha|25/100|[from] drain|[of] p1b: Sylveon
|move|p1b: Sylveon|Hyper Beam|p2b: Ceruledge
|-resisted|p2b: Ceruledge|1
|-damage|p2b: Ceruledge|24/100
|-mustrecharge|p1b: Sylveon
|
|upkeep
|turn|9
|l| coolguy14604
|l| GradientVector
|
|t:|1783201796
|move|p2b: Ceruledge|Bitter Blade|p1b: Sylveon
|-damage|p1b: Sylveon|0 fnt
|-heal|p2b: Ceruledge|59/100|[from] drain|[of] p1b: Sylveon
|faint|p1b: Sylveon
|move|p2a: Sinistcha|Matcha Gotcha|p1a: Farigiraf
|-damage|p1a: Farigiraf|0 fnt
|-heal|p2a: Sinistcha|42/100|[from] drain|[of] p1a: Farigiraf
|faint|p1a: Farigiraf
|
|win|Pokken2Plz
||blisswy is ready for game 3.
|inactive|Pokken2Plz has 30 seconds to confirm battle start!
||Pokken2Plz is ready for game 3.
|uhtml|next|Next: Game 3 of 3
|l| manyarmskeephead
|j| blizz.vg
|j| shrimplyasapphic
|l| shrimplyasapphic
|j| shrimplyasapphic
|j| MaomaoCatCat
|l| Lepotatochip
|l| blizz.vg
|l| Autin Mago
|l|☆blisswy
|player|p1|
|l| MaomaoCatCat
|l| shrimplyasapphic
