|j|☆I like tomaroes
|j|☆Staryu14
|html|I like tomaroesStaryu14    
|uhtml|bestof|Game 1 of a best-of-3
|t:|1756493027
|gametype|doubles
|player|p1|I like tomaroes|veteran|1187
|player|p2|Staryu14|matt|1290
|gen|9
|tier|[Gen 9] VGC 2025 Reg H (Bo3)
|rated|
|rule|Species Clause: Limit one of each Pokémon
|rule|Item Clause: Limit 1 of each item
|clearpoke
|poke|p1|Pelipper, L50, M|
|poke|p1|Sinistcha, L50|
|poke|p1|Ursaluna, L50, F|
|poke|p1|Dragonite, L50, F|
|poke|p1|Archaludon, L50, M|
|poke|p1|Basculegion, L50, M|
|poke|p2|Archaludon, L50, F|
|poke|p2|Pelipper, L50, M|
|poke|p2|Basculegion, L50, M|
|poke|p2|Incineroar, L50, M|
|poke|p2|Toxicroak, L50, M|
|poke|p2|Amoonguss, L50, M|
|teampreview|4
|showteam|p1|Pelipper||FocusSash|Drizzle|WeatherBall,Hurricane,Tailwind,Protect|||M|||50|,,,,,Ghost]Sinistcha||SitrusBerry|Hospitality|MatchaGotcha,LifeDew,RagePowder,TrickRoom||||||50|,,,,,Dark]Ursaluna||FlameOrb|Guts|Facade,HeadlongRush,Earthquake,Protect|||F|||50|,,,,,Ghost]Dragonite||LoadedDice|Multiscale|ScaleShot,Haze,Tailwind,Protect|||F|||50|,,,,,Fairy]Archaludon||AssaultVest|Stamina|ElectroShot,FlashCannon,Snarl,BodyPress|||M|||50|,,,,,Bug]Basculegion||ChoiceBand|SwiftSwim|WaveCrash,FlipTurn,AquaJet,LastRespects|||M|||50|,,,,,Water
|showteam|p2|Archaludon||AssaultVest|Stamina|ElectroShot,Snarl,DragonPulse,BodyPress|||F|||50|,,,,,Grass]Pelipper||FocusSash|Drizzle|WeatherBall,Hurricane,Protect,Tailwind|||M|||50|,,,,,Ground]Basculegion||MysticWater|SwiftSwim|AquaJet,WaveCrash,Protect,LastRespects|||M|||50|,,,,,Water]Incineroar||SafetyGoggles|Intimidate|FakeOut,FlareBlitz,KnockOff,PartingShot|||M|||50|,,,,,Ghost]Toxicroak||LifeOrb|DrySkin|FakeOut,CloseCombat,PoisonJab,SuckerPunch|||M|||50|,,,,,Dark]Amoonguss||CovertCloak|Regenerator|LeafStorm,Spore,RagePowder,PollenPuff|||M|||50|,,,,,Fairy
|inactive|Battle timer is ON: inactive players will automatically lose when time's up. (requested by I like tomaroes)
|inactive|Staryu14 has 60 seconds left.
|
|t:|1756493081
|teamsize|p1|4
|teamsize|p2|4
|start
|switch|p1a: Ursaluna|Ursaluna, L50, F|100/100
|switch|p1b: Dragonite|Dragonite, L50, F|100/100
|switch|p2a: Archaludon|Archaludon, L50, F|100/100
|switch|p2b: Amoonguss|Amoonguss, L50, M|100/100
|turn|1
|
|t:|1756493101
|switch|p2a: Incineroar|Incineroar, L50, M|100/100
|-ability|p2a: Incineroar|Intimidate|boost
|-unboost|p1a: Ursaluna|atk|1
|-unboost|p1b: Dragonite|atk|1
|switch|p1b: Sinistcha|Sinistcha, L50|100/100
|move|p1a: Ursaluna|Protect|p1a: Ursaluna
|-singleturn|p1a: Ursaluna|Protect
|move|p2b: Amoonguss|Spore|p1b: Sinistcha
|-immune|p1b: Sinistcha
|
|-status|p1a: Ursaluna|brn|[from] item: Flame Orb
|upkeep
|turn|2
|inactive|I like tomaroes has 30 seconds left.
|inactive|Staryu14 has 30 seconds left.
|
|t:|1756493136
|move|p1a: Ursaluna|Headlong Rush|p2a: Incineroar
|-supereffective|p2a: Incineroar
|-damage|p2a: Incineroar|0 fnt
|-unboost|p1a: Ursaluna|def|1
|-unboost|p1a: Ursaluna|spd|1
|faint|p2a: Incineroar
|move|p1b: Sinistcha|Matcha Gotcha|p2b: Amoonguss
|-resisted|p2b: Amoonguss
|-damage|p2b: Amoonguss|94/100
|move|p2b: Amoonguss|Leaf Storm|p1a: Ursaluna
|-supereffective|p1a: Ursaluna
|-crit|p1a: Ursaluna
|-damage|p1a: Ursaluna|0 fnt
|-unboost|p2b: Amoonguss|spa|2
|faint|p1a: Ursaluna
|
|upkeep
|
|t:|1756493160
|switch|p1a: Dragonite|Dragonite, L50, F|100/100
|switch|p2a: Archaludon|Archaludon, L50, F|100/100
|turn|3
|inactive|I like tomaroes has 30 seconds left.
|inactive|Staryu14 has 30 seconds left.
|inactive|I like tomaroes has 20 seconds left.
|inactive|Staryu14 has 20 seconds left.
|inactive|I like tomaroes has 15 seconds left.
|inactive|Staryu14 has 15 seconds left.
|inactive|Staryu14 has 10 seconds left.
|
|t:|1756493207
|move|p2a: Archaludon|Snarl|p1b: Sinistcha|[spread] p1a,p1b
|-supereffective|p1b: Sinistcha
|-damage|p1a: Dragonite|94/100
|-damage|p1b: Sinistcha|77/100
|-unboost|p1a: Dragonite|spa|1
|-unboost|p1b: Sinistcha|spa|1
|move|p1a: Dragonite|Scale Shot|p2b: Amoonguss
|-damage|p2b: Amoonguss|82/100
|-damage|p2b: Amoonguss|69/100
|-damage|p2b: Amoonguss|57/100
|-damage|p2b: Amoonguss|44/100
|-hitcount|p2b: Amoonguss|4
|-unboost|p1a: Dragonite|def|1
|-boost|p1a: Dragonite|spe|1
|move|p1b: Sinistcha|Life Dew|p1b: Sinistcha|[spread] p1a,p1b
|-heal|p1a: Dragonite|100/100
|-heal|p1b: Sinistcha|100/100
|move|p2b: Amoonguss|Spore|p1b: Sinistcha
|-immune|p1b: Sinistcha
|
|upkeep
|turn|4
|inactive|Staryu14 has 30 seconds left.
|inactive|Staryu14 has 20 seconds left.
|inactive|Staryu14 has 15 seconds left.
|inactive|Staryu14 has 10 seconds left.
|
|t:|1756493255
|-terastallize|p2b: Amoonguss|Fairy
|move|p1a: Dragonite|Scale Shot|p2b: Amoonguss
|-immune|p2b: Amoonguss
|move|p2a: Archaludon|Dragon Pulse|p1a: Dragonite
|-supereffective|p1a: Dragonite
|-damage|p1a: Dragonite|58/100
|move|p1b: Sinistcha|Life Dew||[still]|[spread] p1a,p1b
|-heal|p1a: Dragonite|84/100
|-fail|p1b: Sinistcha|heal
|move|p2b: Amoonguss|Spore|p1a: Dragonite
|-status|p1a: Dragonite|slp|[from] move: Spore
|
|upkeep
|turn|5
|
|t:|1756493272
|switch|p2b: Toxicroak|Toxicroak, L50, M|100/100
|cant|p1a: Dragonite|slp
|move|p2a: Archaludon|Dragon Pulse|p1a: Dragonite
|-supereffective|p1a: Dragonite
|-damage|p1a: Dragonite|0 fnt
|faint|p1a: Dragonite
|move|p1b: Sinistcha|Matcha Gotcha|p2b: Toxicroak|[spread] p2a,p2b
|-resisted|p2a: Archaludon
|-resisted|p2b: Toxicroak
|-damage|p2a: Archaludon|96/100
|-damage|p2b: Toxicroak|89/100
|-ability|p2a: Archaludon|Stamina|boost
|-boost|p2a: Archaludon|def|1
|
|upkeep
|
|t:|1756493275
|switch|p1a: Archaludon|Archaludon, L50, M|100/100
|turn|6
|
|t:|1756493299
|-terastallize|p1a: Archaludon|Bug
|move|p2a: Archaludon|Snarl|p1a: Archaludon|[spread] p1a,p1b
|-supereffective|p1b: Sinistcha
|-crit|p1b: Sinistcha
|-damage|p1a: Archaludon|92/100
|-damage|p1b: Sinistcha|69/100
|-unboost|p1a: Archaludon|spa|1
|-unboost|p1b: Sinistcha|spa|1
|-ability|p1a: Archaludon|Stamina|boost
|-boost|p1a: Archaludon|def|1
|move|p2b: Toxicroak|Poison Jab|p1b: Sinistcha
|-damage|p1b: Sinistcha|21/100
|-status|p1b: Sinistcha|psn
|-enditem|p1b: Sinistcha|Sitrus Berry|[eat]
|-heal|p1b: Sinistcha|45/100 psn|[from] item: Sitrus Berry
|-damage|p2b: Toxicroak|80/100|[from] item: Life Orb
|move|p1a: Archaludon|Snarl|p2a: Archaludon|[spread] p2a,p2b
|-crit|p2a: Archaludon
|-resisted|p2b: Toxicroak
|-damage|p2a: Archaludon|78/100
|-damage|p2b: Toxicroak|73/100
|-unboost|p2a: Archaludon|spa|1
|-unboost|p2b: Toxicroak|spa|1
|-ability|p2a: Archaludon|Stamina|boost
|-boost|p2a: Archaludon|def|1
|move|p1b: Sinistcha|Matcha Gotcha|p2b: Toxicroak|[spread] p2a,p2b
|-resisted|p2a: Archaludon
|-resisted|p2b: Toxicroak
|-damage|p2a: Archaludon|75/100
|-heal|p1b: Sinistcha|47/100 psn|[from] drain|[of] p2a: Archaludon
|-damage|p2b: Toxicroak|64/100
|-heal|p1b: Sinistcha|51/100 psn|[from] drain|[of] p2b: Toxicroak
|-ability|p2a: Archaludon|Stamina|boost
|-boost|p2a: Archaludon|def|1
|
|-damage|p1b: Sinistcha|39/100 psn|[from] psn
|upkeep
|turn|7
|inactive|Staryu14 has 30 seconds left.
|
|t:|1756493331
|move|p2a: Archaludon|Electro Shot||[still]
|-prepare|p2a: Archaludon|Electro Shot
|-boost|p2a: Archaludon|spa|1
|move|p2b: Toxicroak|Poison Jab|p1b: Sinistcha
|-damage|p1b: Sinistcha|0 fnt
|faint|p1b: Sinistcha
|-damage|p2b: Toxicroak|55/100|[from] item: Life Orb
|move|p1a: Archaludon|Snarl|p2b: Toxicroak|[spread] p2a,p2b
|-resisted|p2b: Toxicroak
|-damage|p2a: Archaludon|67/100
|-damage|p2b: Toxicroak|48/100
|-unboost|p2a: Archaludon|spa|1
|-unboost|p2b: Toxicroak|spa|1
|-ability|p2a: Archaludon|Stamina|boost
|-boost|p2a: Archaludon|def|1
|
|upkeep
|turn|8
|
|t:|1756493349
|switch|p2b: Amoonguss|Amoonguss, L50, M, tera:Fairy|78/100
|move|p2a: Archaludon|Electro Shot|p1a: Archaludon|[from] lockedmove
|-crit|p1a: Archaludon
|-damage|p1a: Archaludon|43/100
|-ability|p1a: Archaludon|Stamina|boost
|-boost|p1a: Archaludon|def|1
|move|p1a: Archaludon|Body Press|p2a: Archaludon
|-supereffective|p2a: Archaludon
|-damage|p2a: Archaludon|43/100
|-ability|p2a: Archaludon|Stamina|boost
|-boost|p2a: Archaludon|def|1
|
|upkeep
|turn|9
|
|t:|1756493364
|move|p2a: Archaludon|Dragon Pulse|p1a: Archaludon
|-damage|p1a: Archaludon|24/100
|-ability|p1a: Archaludon|Stamina|boost
|-boost|p1a: Archaludon|def|1
|move|p1a: Archaludon|Flash Cannon|p2b: Amoonguss
|-supereffective|p2b: Amoonguss
|-damage|p2b: Amoonguss|36/100
|move|p2b: Amoonguss|Spore|p1a: Archaludon
|-status|p1a: Archaludon|slp|[from] move: Spore
|
|upkeep
|turn|10
|-message|I like tomaroes forfeited.
|
|win|Staryu14
||Staryu14 is ready for game 2.
||I like tomaroes is ready for game 2.
|uhtml|next|Next: Game 2 of 3
