|j|☆nagc_17
|j|☆Noyomi
|html|nagc_17Noyomi    
|uhtml|bestof|Game 1 of a best-of-3
|t:|1785117014
|gametype|doubles
|player|p1|nagc_17|scientist|
|player|p2|Noyomi|pokemonrangerf|
|gen|9
|tier|[Gen 9 Champions] VGC 2026 Reg M-B (Bo3)
|rule|Species Clause: Limit one of each Pokémon
|rule|Item Clause: Limit 1 of each item
|clearpoke
|poke|p1|Delphox, L50, M|
|poke|p1|Whimsicott, L50, F|
|poke|p1|Alcremie, L50, F|
|poke|p1|Ceruledge, L50, M|
|poke|p1|Pangoro, L50, F|
|poke|p1|Mimikyu, L50, M|
|poke|p2|Charizard, L50, F|
|poke|p2|Garchomp, L50, F|
|poke|p2|Sneasler, L50, F|
|poke|p2|Venusaur, L50, F|
|poke|p2|Milotic, L50, F|
|poke|p2|Ampharos, L50, F|
|teampreview|4
|showteam|p1|Delphox||Delphoxite|Blaze|HeatWave,Psychic,Encore,Protect|Timid||M|||50|]Whimsicott||FocusSash|Prankster|Moonblast,Tailwind,Protect,SunnyDay|Timid||F|||50|]Alcremie||SitrusBerry|SweetVeil|Decorate,DazzlingGleam,HelpingHand,Protect|Calm||F|||50|]Ceruledge||ColburBerry|FlashFire|BitterBlade,ShadowSneak,BulkUp,Protect|Adamant||M|||50|]Pangoro||ExpertBelt|Scrappy|StormThrow,KnockOff,ThunderPunch,PartingShot|Adamant||F|||50|]Mimikyu||LifeOrb|Disguise|TrickRoom,PlayRough,ShadowSneak,Taunt|Adamant||M|||50|
|showteam|p2|Charizard||CharizarditeY|Blaze|HeatWave,SolarBeam,Protect,ScorchingSands|Timid||F|||50|]Garchomp||SitrusBerry|RoughSkin|Earthquake,DragonClaw,Protect,RockSlide|Adamant||F|||50|]Sneasler||WhiteHerb|Unburden|CloseCombat,DireClaw,FakeOut,Protect|Adamant||F|||50|]Venusaur||FocusSash|Chlorophyll|SleepPowder,SludgeBomb,Protect,GigaDrain|Timid||F|||50|]Milotic||Leftovers|Competitive|Scald,IcyWind,Protect,LifeDew|Bold||F|||50|]Ampharos||Ampharosite|Static|DragonPulse,ParabolicCharge,Protect,LightScreen|Modest||F|||50|
|
|t:|1785117044
|teamsize|p1|4
|teamsize|p2|4
|start
|switch|p1a: Whimsicott|Whimsicott, L50, F|100/100
|switch|p1b: Delphox|Delphox, L50, M|100/100
|switch|p2a: Soy Vegano|Venusaur, L50, F|100/100
|switch|p2b: Chi|Ampharos, L50, F|100/100
|turn|1
|
|t:|1785117078
|detailschange|p1b: Delphox|Delphox-Mega, L50, M
|-mega|p1b: Delphox|Delphox|Delphoxite
|detailschange|p2b: Chi|Ampharos-Mega, L50, F
|-mega|p2b: Chi|Ampharos|Ampharosite
|-ability|p2b: Chi|Mold Breaker
|move|p1a: Whimsicott|Protect|p1a: Whimsicott
|-singleturn|p1a: Whimsicott|Protect
|move|p1b: Delphox|Heat Wave|p2b: Chi|[spread] p2a,p2b
|-supereffective|p2a: Soy Vegano|1
|-resisted|p2b: Chi|1
|-crit|p2b: Chi
|-damage|p2a: Soy Vegano|23/100
|-damage|p2b: Chi|78/100
|move|p2a: Soy Vegano|Sludge Bomb|p1a: Whimsicott
|-activate|p1a: Whimsicott|move: Protect
|move|p2b: Chi|Light Screen|p2b: Chi
|-sidestart|p2: Noyomi|move: Light Screen
|
|upkeep
|turn|2
|
|t:|1785117101
|move|p1b: Delphox|Heat Wave|p2a: Soy Vegano|[spread] p2a,p2b
|-supereffective|p2a: Soy Vegano|1
|-resisted|p2b: Chi|1
|-damage|p2a: Soy Vegano|0 fnt
|-damage|p2b: Chi|69/100
|faint|p2a: Soy Vegano
|move|p1a: Whimsicott|Moonblast|p1b: Delphox
|-resisted|p1b: Delphox|1
|-damage|p1b: Delphox|87/100
|move|p2b: Chi|Dragon Pulse|p1b: Delphox
|-damage|p1b: Delphox|32/100
|
|upkeep
|
|t:|1785117116
|switch|p2a: Ku-chau|Sneasler, L50, F|100/100
|turn|3
|
|t:|1785117186
|move|p1a: Whimsicott|Sunny Day|p1a: Whimsicott
|-weather|SunnyDay
|move|p2a: Ku-chau|Dire Claw|p1a: Whimsicott
|-supereffective|p1a: Whimsicott|2
|-enditem|p1a: Whimsicott|Focus Sash
|-damage|p1a: Whimsicott|1/100
|-status|p1a: Whimsicott|psn
|move|p1b: Delphox|Heat Wave|p2a: Ku-chau|[spread] p2a,p2b
|-resisted|p2b: Chi|1
|-damage|p2a: Ku-chau|51/100
|-damage|p2b: Chi|55/100
|move|p2b: Chi|Dragon Pulse|p1b: Delphox
|-crit|p1b: Delphox
|-damage|p1b: Delphox|0 fnt
|faint|p1b: Delphox
|
|-weather|SunnyDay|[upkeep]
|-damage|p1a: Whimsicott|0 fnt|[from] psn
|faint|p1a: Whimsicott
|upkeep
|
|t:|1785117207
|switch|p1b: Ceruledge|Ceruledge, L50, M|100/100
|switch|p1a: Alcremie|Alcremie, L50, F|100/100
|turn|4
|
|t:|1785117222
|move|p2a: Ku-chau|Dire Claw|p1a: Alcremie
|-supereffective|p1a: Alcremie|1
|-damage|p1a: Alcremie|0 fnt
|faint|p1a: Alcremie
|move|p1b: Ceruledge|Bulk Up|p1b: Ceruledge
|-boost|p1b: Ceruledge|atk|1
|-boost|p1b: Ceruledge|def|1
|move|p2b: Chi|Dragon Pulse|p1b: Ceruledge
|-crit|p1b: Ceruledge
|-damage|p1b: Ceruledge|3/100
|
|-weather|SunnyDay|[upkeep]
|upkeep
|turn|5
|
|t:|1785117317
|move|p2a: Ku-chau|Dire Claw|p1b: Ceruledge
|-resisted|p1b: Ceruledge|1
|-damage|p1b: Ceruledge|0 fnt
|faint|p1b: Ceruledge
|
|win|Noyomi
||nagc_17 is ready for game 2.
||Noyomi is ready for game 2.
|uhtml|next|Next: Game 2 of 3
