|j|☆Ameliaaa12
|j|☆TobiYume
|html|Ameliaaa12TobiYume    
|uhtml|bestof|Game 1 of a best-of-3
|t:|1757076618
|gametype|doubles
|player|p1|Ameliaaa12|102|1128
|player|p2|TobiYume|roxie|1096
|gen|9
|tier|[Gen 9] VGC 2025 Reg H (Bo3)
|rated|
|rule|Species Clause: Limit one of each Pokémon
|rule|Item Clause: Limit 1 of each item
|clearpoke
|poke|p1|Electabuzz, L50, M|
|poke|p1|Kingambit, L50, M|
|poke|p1|Volcarona, L50, M|
|poke|p1|Dragonite, L50, M|
|poke|p1|Sneasler, L50, F|
|poke|p1|Rillaboom, L50, M|
|poke|p2|Garchomp, L50, M|
|poke|p2|Talonflame, L50, F|
|poke|p2|Sylveon, L50, F|
|poke|p2|Tyranitar, L50, M|
|poke|p2|Decidueye-Hisui, L50, F|
|poke|p2|Gholdengo, L50|
|teampreview|4
|showteam|p1|Electabuzz||Eviolite|VitalSpirit|FollowMe,Thunderbolt,Taunt,Protect|||M|||50|,,,,,Ghost]Kingambit||BlackGlasses|Defiant|KowtowCleave,SuckerPunch,SwordsDance,Protect|||M|||50|,,,,,Dark]Volcarona||Leftovers|FlameBody|HeatWave,TeraBlast,QuiverDance,Protect|||M|||50|,,,,,Fairy]Dragonite||LoadedDice|Multiscale|ScaleShot,ExtremeSpeed,Haze,Protect|||M|||50|,,,,,Fairy]Sneasler||FocusSash|Unburden|DireClaw,CloseCombat,Coaching,FakeOut|||F|||50|,,,,,Stellar]Rillaboom||AssaultVest|GrassySurge|FakeOut,WoodHammer,GrassyGlide,HighHorsepower|||M|||50|,,,,,Fire
|showteam|p2|Garchomp||LifeOrb|RoughSkin|DragonClaw,StompingTantrum,Earthquake,Protect|||M|||50|,,,,,Steel]Talonflame||CovertCloak|GaleWings|Tailwind,WillOWisp,BraveBird,Taunt|||F|||50|,,,,,Grass]Sylveon||ThroatSpray|Pixilate|HyperVoice,HyperBeam,TeraBlast,Protect|||F|||50|,,,,,Water]Tyranitar||AssaultVest|SandStream|RockSlide,KnockOff,TeraBlast,LowKick|||M|||50|,,,,,Flying]Decidueye-Hisui||RazorClaw|Scrappy|TripleArrows,LeafBlade,SuckerPunch,Protect|||F|||50|,,,,,Fire]Gholdengo||Leftovers|GoodasGold|MakeItRain,ShadowBall,NastyPlot,Protect||||||50|,,,,,Dragon
|
|t:|1757076680
|teamsize|p1|4
|teamsize|p2|4
|start
|switch|p1a: Larry|Electabuzz, L50, M, shiny|100/100
|switch|p1b: Phoenix|Volcarona, L50, M|100/100
|switch|p2a: Elie|Talonflame, L50, F|100/100
|switch|p2b: Lloyd|Garchomp, L50, M|100/100
|turn|1
|inactive|Battle timer is ON: inactive players will automatically lose when time's up. (requested by TobiYume)
|
|t:|1757076700
|move|p1a: Larry|Protect|p1a: Larry
|-singleturn|p1a: Larry|Protect
|move|p2a: Elie|Tailwind|p2a: Elie
|-sidestart|p2: TobiYume|move: Tailwind
|move|p2b: Lloyd|Earthquake|p1b: Phoenix|[spread] p1b
|-activate|p1a: Larry|move: Protect
|-immune|p2a: Elie
|-damage|p1b: Phoenix|43/100
|-damage|p2b: Lloyd|91/100|[from] item: Life Orb
|move|p1b: Phoenix|Quiver Dance|p1b: Phoenix
|-boost|p1b: Phoenix|spa|1
|-boost|p1b: Phoenix|spd|1
|-boost|p1b: Phoenix|spe|1
|
|-heal|p1b: Phoenix|49/100|[from] item: Leftovers
|upkeep
|turn|2
|
|t:|1757076716
|-terastallize|p1b: Phoenix|Fairy
|move|p1a: Larry|Follow Me|p1a: Larry
|-singleturn|p1a: Larry|move: Follow Me
|move|p2a: Elie|Taunt|p1a: Larry
|-start|p1a: Larry|move: Taunt
|move|p2b: Lloyd|Stomping Tantrum|p1a: Larry
|-supereffective|p1a: Larry
|-crit|p1a: Larry
|-damage|p1a: Larry|0 fnt
|faint|p1a: Larry
|-damage|p2b: Lloyd|81/100|[from] item: Life Orb
|move|p1b: Phoenix|Tera Blast|p2b: Lloyd|[anim] Tera Blast Fairy
|-supereffective|p2b: Lloyd
|-damage|p2b: Lloyd|0 fnt
|faint|p2b: Lloyd
|
|-heal|p1b: Phoenix|56/100|[from] item: Leftovers
|upkeep
|inactive|TobiYume has 30 seconds left.
|
|t:|1757076742
|switch|p2b: Tio|Sylveon, L50, F|100/100
|switch|p1a: Franziska|Sneasler, L50, F|100/100
|turn|3
|
|t:|1757076758
|-terastallize|p2b: Tio|Water
|move|p1a: Franziska|Fake Out|p2a: Elie
|-damage|p2a: Elie|85/100
|move|p2a: Elie|Brave Bird|p1a: Franziska
|-supereffective|p1a: Franziska
|-enditem|p1a: Franziska|Focus Sash
|-damage|p1a: Franziska|1/100
|-damage|p2a: Elie|56/100|[from] Recoil
|move|p1b: Phoenix|Heat Wave|p2b: Tio|[spread] p2a,p2b
|-resisted|p2a: Elie
|-resisted|p2b: Tio
|-damage|p2a: Elie|19/100
|-damage|p2b: Tio|82/100
|-status|p2b: Tio|brn
|move|p2b: Tio|Hyper Voice|p1b: Phoenix|[spread] p1a,p1b
|-damage|p1a: Franziska|0 fnt
|-damage|p1b: Phoenix|32/100
|faint|p1a: Franziska
|-enditem|p2b: Tio|Throat Spray
|-boost|p2b: Tio|spa|1|[from] item: Throat Spray
|
|-heal|p1b: Phoenix|38/100|[from] item: Leftovers
|-damage|p2b: Tio|76/100 brn|[from] brn
|upkeep
|
|t:|1757076765
|switch|p1a: Dhurke|Dragonite, L50, M|100/100
|turn|4
|
|t:|1757076777
|move|p1b: Phoenix|Protect|p1b: Phoenix
|-singleturn|p1b: Phoenix|Protect
|move|p1a: Dhurke|Protect|p1a: Dhurke
|-singleturn|p1a: Dhurke|Protect
|move|p2a: Elie|Brave Bird|p1b: Phoenix
|-activate|p1b: Phoenix|move: Protect
|move|p2b: Tio|Hyper Voice|p1b: Phoenix|[spread] 
|-activate|p1a: Dhurke|move: Protect
|-activate|p1b: Phoenix|move: Protect
|
|-heal|p1b: Phoenix|44/100|[from] item: Leftovers
|-damage|p2b: Tio|70/100 brn|[from] brn
|-sideend|p2: TobiYume|move: Tailwind
|upkeep
|turn|5
|
|t:|1757076795
|move|p1b: Phoenix|Heat Wave|p2a: Elie|[spread] p2b
|-miss|p1b: Phoenix|p2a: Elie
|-resisted|p2b: Tio
|-damage|p2b: Tio|51/100 brn
|move|p2a: Elie|Brave Bird|p1b: Phoenix
|-damage|p1b: Phoenix|4/100
|-damage|p2a: Elie|4/100|[from] Recoil
|move|p1a: Dhurke|Scale Shot|p2b: Tio
|-damage|p2b: Tio|32/100 brn
|-damage|p2b: Tio|13/100 brn
|-damage|p2b: Tio|0 fnt
|faint|p2b: Tio
|-hitcount|p2: Tio|3
|-unboost|p1a: Dhurke|def|1
|-boost|p1a: Dhurke|spe|1
|
|-heal|p1b: Phoenix|10/100|[from] item: Leftovers
|upkeep
|
|t:|1757076806
|switch|p2b: Randy|Tyranitar, L50, M|100/100
|-weather|Sandstorm|[from] ability: Sand Stream|[of] p2b: Randy
|turn|6
|
|t:|1757076817
|move|p1a: Dhurke|Extreme Speed|p2a: Elie
|-damage|p2a: Elie|0 fnt
|faint|p2a: Elie
|move|p1b: Phoenix|Tera Blast|p2b: Randy|[anim] Tera Blast Fairy
|-supereffective|p2b: Randy
|-damage|p2b: Randy|54/100
|move|p2b: Randy|Rock Slide|p1a: Dhurke|[spread] p1a,p1b
|-supereffective|p1a: Dhurke
|-damage|p1a: Dhurke|51/100
|-damage|p1b: Phoenix|0 fnt
|faint|p1b: Phoenix
|
|-weather|Sandstorm|[upkeep]
|-damage|p1a: Dhurke|45/100|[from] Sandstorm
|upkeep
|turn|7
|inactive|TobiYume has 30 seconds left.
|inactive|TobiYume has 20 seconds left.
|
|t:|1757076856
|move|p1a: Dhurke|Scale Shot|p2b: Randy
|-damage|p2b: Randy|40/100
|-damage|p2b: Randy|28/100
|-damage|p2b: Randy|16/100
|-damage|p2b: Randy|3/100
|-hitcount|p2b: Randy|4
|-unboost|p1a: Dhurke|def|1
|-boost|p1a: Dhurke|spe|1
|move|p2b: Randy|Knock Off|p1a: Dhurke
|-damage|p1a: Dhurke|0 fnt
|-enditem|p1a: Dhurke|Loaded Dice|[from] move: Knock Off|[of] p2b: Randy
|faint|p1a: Dhurke
|
|win|TobiYume
||TobiYume is ready for game 2.
||Ameliaaa12 is ready for game 2.
|uhtml|next|Next: Game 2 of 3
