|j|☆NorakRyder
|j|☆testdigi
|html|NorakRydertestdigi    
|uhtml|bestof|Game 1 of a best-of-3
|t:|1782480668
|gametype|doubles
|player|p1|NorakRyder|102|1059
|player|p2|testdigi|1|1087
|gen|9
|tier|[Gen 9 Champions] VGC 2026 Reg M-B (Bo3)
|rated|
|rule|Species Clause: Limit one of each Pokémon
|rule|Item Clause: Limit 1 of each item
|clearpoke
|poke|p1|Musharna, L50, F|
|poke|p1|Dragalge, L50, M|
|poke|p1|Araquanid, L50, M|
|poke|p1|Pelipper, L50, F|
|poke|p1|Scrafty, L50, M|
|poke|p1|Hatterene, L50, F|
|poke|p2|Hydreigon, L50, M|
|poke|p2|Garchomp, L50, M|
|poke|p2|Metagross, L50, shiny|
|poke|p2|Grimmsnarl, L50, M, shiny|
|poke|p2|Charizard, L50, F, shiny|
|poke|p2|Toxapex, L50, F, shiny|
|teampreview|4
|showteam|p1|Musharna||Leftovers|Telepathy|TrickRoom,ThunderWave,Psyshock,EnergyBall|Quiet||F|||50|]Dragalge||Dragalgite|Adaptability|DracoMeteor,Surf,SludgeWave,ShadowBall|Quiet||M|||50|]Araquanid||MysticWater|WaterBubble|Liquidation,PoisonJab,Crunch,Facade|Brave||M|||50|]Pelipper||ExpertBelt|Drizzle|Tailwind,Hurricane,WeatherBall,IceBeam|Relaxed||F|||50|]Scrafty||Scraftinite|Intimidate|ThunderPunch,FakeOut,KnockOff,CloseCombat|Brave||M|||50|]Hatterene||FocusSash|MagicBounce|TrickRoom,BatonPass,ExpandingForce,DazzlingGleam|Quiet||F|||50|
|showteam|p2|Hydreigon||ChoiceScarf|Levitate|HeatWave,DarkPulse,DracoMeteor,Snarl|Modest||M|||50|]Garchomp||LifeOrb|RoughSkin|Protect,RockSlide,DragonClaw,Earthquake|Jolly||M|||50|]Metagross||Metagrossite|ClearBody|Protect,HammerArm,BulletPunch,IronHead|Brave|||||50|]Grimmsnarl||RoseliBerry|Prankster|FakeOut,LightScreen,Reflect,PartingShot|Sassy||M|||50|]Charizard||CharizarditeY|Blaze|Protect,HeatWave,SolarBeam,WeatherBall|Timid||F|||50|]Toxapex||Leftovers|Regenerator|Infestation,Toxic,BanefulBunker,WideGuard|Relaxed||F|||50|
|inactive|Battle timer is ON: inactive players will automatically lose when time's up. (requested by NorakRyder)
|
|t:|1782480721
|teamsize|p1|4
|teamsize|p2|4
|start
|switch|p1a: Hatterene|Hatterene, L50, F|100/100
|switch|p1b: Scrafty|Scrafty, L50, M|100/100
|switch|p2a: Grimmsnarl|Grimmsnarl, L50, M, shiny|100/100
|switch|p2b: Garchomp|Garchomp, L50, M|100/100
|-ability|p1b: Scrafty|Intimidate|boost
|-unboost|p2a: Grimmsnarl|atk|1
|-unboost|p2b: Garchomp|atk|1
|turn|1
|inactive|testdigi has 30 seconds left.
|
|t:|1782480749
|switch|p2b: Toxapex|Toxapex, L50, F, shiny|100/100
|detailschange|p1b: Scrafty|Scrafty-Mega, L50, M
|-mega|p1b: Scrafty|Scrafty|Scraftinite
|-ability|p1b: Scrafty|Intimidate|boost
|-unboost|p2a: Grimmsnarl|atk|1
|-unboost|p2b: Toxapex|atk|1
|move|p1b: Scrafty|Fake Out|p2a: Grimmsnarl
|-damage|p2a: Grimmsnarl|85/100
|cant|p2a: Grimmsnarl|flinch
|move|p1a: Hatterene|Trick Room|p1a: Hatterene
|-fieldstart|move: Trick Room|[of] p1a: Hatterene
|
|upkeep
|turn|2
|inactive|NorakRyder has 30 seconds left.
|
|t:|1782480775
|move|p2a: Grimmsnarl|Parting Shot|p1a: Hatterene
|move|p1a: Hatterene|Parting Shot|p2a: Grimmsnarl|[from] ability: Magic Bounce
|-unboost|p2a: Grimmsnarl|atk|1
|-unboost|p2a: Grimmsnarl|spa|1
|
|t:|1782480782
|switch|p1a: Araquanid|Araquanid, L50, M|100/100|[from] Parting Shot
|move|p2b: Toxapex|Infestation|p1b: Scrafty
|-damage|p1b: Scrafty|97/100
|-activate|p1b: Scrafty|move: Infestation|[of] p2b: Toxapex
|move|p1b: Scrafty|Thunder Punch|p2b: Toxapex
|-supereffective|p2b: Toxapex|1
|-damage|p2b: Toxapex|59/100
|
|-heal|p2b: Toxapex|64/100|[from] item: Leftovers
|-damage|p1b: Scrafty|84/100|[from] move: Infestation|[partiallytrapped]
|upkeep
|turn|3
|inactive|NorakRyder has 30 seconds left.
|
|t:|1782480808
|switch|p1a: Hatterene|Hatterene, L50, F|100/100
|move|p2b: Toxapex|Baneful Bunker|p2b: Toxapex
|-singleturn|p2b: Toxapex|move: Protect
|move|p2a: Grimmsnarl|Reflect|p2a: Grimmsnarl
|-sidestart|p2: testdigi|Reflect
|move|p1b: Scrafty|Knock Off|p2b: Toxapex
|-activate|p2b: Toxapex|move: Protect
|-status|p1b: Scrafty|psn
|
|-heal|p2b: Toxapex|70/100|[from] item: Leftovers
|-damage|p1b: Scrafty|72/100 psn|[from] psn
|-damage|p1b: Scrafty|60/100 psn|[from] move: Infestation|[partiallytrapped]
|upkeep
|turn|4
|
|t:|1782480820
|move|p2a: Grimmsnarl|Parting Shot|p1a: Hatterene
|move|p1a: Hatterene|Parting Shot|p2a: Grimmsnarl|[from] ability: Magic Bounce
|-unboost|p2a: Grimmsnarl|atk|1
|-unboost|p2a: Grimmsnarl|spa|1
|
|t:|1782480825
|switch|p1a: Musharna|Musharna, L50, F|100/100|[from] Parting Shot
|move|p2b: Toxapex|Toxic|p1a: Musharna
|-status|p1a: Musharna|tox
|move|p1b: Scrafty|Knock Off|p2b: Toxapex
|-damage|p2b: Toxapex|44/100
|-enditem|p2b: Toxapex|Leftovers|[from] move: Knock Off|[of] p1b: Scrafty
|
|-damage|p1a: Musharna|94/100 tox|[from] psn
|-damage|p1b: Scrafty|48/100 psn|[from] psn
|-damage|p1b: Scrafty|36/100 psn|[from] move: Infestation|[partiallytrapped]
|upkeep
|turn|5
|
|t:|1782480841
|-heal|p2b: Toxapex|77/100|[from] ability: Regenerator|[silent]
|switch|p2b: Garchomp|Garchomp, L50, M|100/100
|move|p2a: Grimmsnarl|Light Screen|p2a: Grimmsnarl
|-sidestart|p2: testdigi|move: Light Screen
|move|p1a: Musharna|Energy Ball|p2a: Grimmsnarl
|-damage|p2a: Grimmsnarl|66/100
|move|p1b: Scrafty|Close Combat|p2a: Grimmsnarl
|-damage|p2a: Grimmsnarl|20/100y
|-unboost|p1b: Scrafty|def|1
|-unboost|p1b: Scrafty|spd|1
|
|-heal|p1a: Musharna|100/100 tox|[from] item: Leftovers
|-damage|p1a: Musharna|88/100 tox|[from] psn
|-damage|p1b: Scrafty|23/100 psn|[from] psn
|-end|p1b: Scrafty|Infestation|[partiallytrapped]|[silent]
|-fieldend|move: Trick Room
|upkeep
|turn|6
|
|t:|1782480860
|switch|p1b: Hatterene|Hatterene, L50, F|100/100
|move|p2a: Grimmsnarl|Parting Shot|p1b: Hatterene
|move|p1b: Hatterene|Parting Shot|p2a: Grimmsnarl|[from] ability: Magic Bounce
|-unboost|p2a: Grimmsnarl|atk|1
|-unboost|p2a: Grimmsnarl|spa|1
|
|t:|1782480868
|switch|p1b: Araquanid|Araquanid, L50, M|100/100|[from] Parting Shot
|move|p2b: Garchomp|Earthquake|p1b: Araquanid|[spread] p2a,p1a,p1b
|-resisted|p1b: Araquanid|1
|-damage|p2a: Grimmsnarl|0 fnt
|-damage|p1a: Musharna|45/100 tox
|-damage|p1b: Araquanid|74/100
|faint|p2a: Grimmsnarl
|-damage|p2b: Garchomp|90/100|[from] item: Life Orb
|move|p1a: Musharna|Trick Room|p1a: Musharna
|-fieldstart|move: Trick Room|[of] p1a: Musharna
|
|-heal|p1a: Musharna|51/100 tox|[from] item: Leftovers
|-damage|p1a: Musharna|34/100 tox|[from] psn
|upkeep
|
|t:|1782480876
|switch|p2a: Toxapex|Toxapex, L50, F, shiny|77/100
|turn|7
|
|t:|1782480890
|move|p2a: Toxapex|Baneful Bunker|p2a: Toxapex
|-singleturn|p2a: Toxapex|move: Protect
|move|p1a: Musharna|Psyshock|p2a: Toxapex
|-activate|p2a: Toxapex|move: Protect
|move|p1b: Araquanid|Liquidation|p2b: Garchomp
|-damage|p2b: Garchomp|38/100
|-damage|p1b: Araquanid|62/100|[from] ability: Rough Skin|[of] p2b: Garchomp
|move|p2b: Garchomp|Rock Slide|p1a: Musharna|[spread] p1a,p1b
|-supereffective|p1b: Araquanid|1
|-damage|p1a: Musharna|12/100 tox
|-damage|p1b: Araquanid|9/100
|-damage|p2b: Garchomp|28/100|[from] item: Life Orb
|
|-heal|p1a: Musharna|18/100 tox|[from] item: Leftovers
|-damage|p1a: Musharna|0 fnt|[from] psn
|faint|p1a: Musharna
|-sideend|p2: testdigi|Reflect
|upkeep
|
|t:|1782480898
|switch|p1a: Scrafty|Scrafty-Mega, L50, M|23/100 psn
|-ability|p1a: Scrafty|Intimidate|boost
|-unboost|p2a: Toxapex|atk|1
|-unboost|p2b: Garchomp|atk|1
|turn|8
|
|t:|1782480912
|move|p2b: Garchomp|Protect|p2b: Garchomp
|-singleturn|p2b: Garchomp|Protect
|move|p1a: Scrafty|Fake Out|p2a: Toxapex
|-damage|p2a: Toxapex|67/100
|cant|p2a: Toxapex|flinch
|move|p1b: Araquanid|Liquidation|p2b: Garchomp
|-activate|p2b: Garchomp|move: Protect
|
|-damage|p1a: Scrafty|11/100 psn|[from] psn
|upkeep
|turn|9
|
|t:|1782480933
|move|p2a: Toxapex|Baneful Bunker|p2a: Toxapex
|-singleturn|p2a: Toxapex|move: Protect
|move|p1b: Araquanid|Liquidation|p2b: Garchomp
|-damage|p2b: Garchomp|0 fnt
|-damage|p1b: Araquanid|0 fnt|[from] ability: Rough Skin|[of] p2b: Garchomp
|faint|p2b: Garchomp
|faint|p1b: Araquanid
|move|p1a: Scrafty|Thunder Punch|p2a: Toxapex
|-activate|p2a: Toxapex|move: Protect
|
|-damage|p1a: Scrafty|0 fnt|[from] psn
|faint|p1a: Scrafty
|-sideend|p2: testdigi|move: Light Screen
|upkeep
|
|t:|1782480945
|switch|p1a: Hatterene|Hatterene, L50, F|100/100
|switch|p2b: Charizard|Charizard, L50, F, shiny|100/100
|turn|10
|
|t:|1782480955
|move|p2b: Charizard|Protect|p2b: Charizard
|-singleturn|p2b: Charizard|Protect
|move|p1a: Hatterene|Expanding Force|p2a: Toxapex
|-supereffective|p2a: Toxapex|1
|-damage|p2a: Toxapex|0 fnt
|faint|p2a: Toxapex
|
|-fieldend|move: Trick Room
|upkeep
|turn|11
|
|t:|1782480963
|detailschange|p2b: Charizard|Charizard-Mega-Y, L50, F, shiny
|-mega|p2b: Charizard|Charizard|Charizardite Y
|-weather|SunnyDay|[from] ability: Drought|[of] p2b: Charizard
|move|p2b: Charizard|Weather Ball|p1a: Hatterene
|-damage|p1a: Hatterene|23/100
|move|p1a: Hatterene|Trick Room|p1a: Hatterene
|-fieldstart|move: Trick Room|[of] p1a: Hatterene
|
|-weather|SunnyDay|[upkeep]
|upkeep
|turn|12
|
|t:|1782480973
|move|p1a: Hatterene|Expanding Force|p2b: Charizard
|-damage|p2b: Charizard|53/100
|move|p2b: Charizard|Weather Ball|p1a: Hatterene
|-damage|p1a: Hatterene|0 fnt
|faint|p1a: Hatterene
|
|win|testdigi
||testdigi is ready for game 2.
||NorakRyder is ready for game 2.
|uhtml|next|Next: Game 2 of 3
|l|☆NorakRyder
|player|p1|
