|j|☆jacopozioporco
|j|☆Jun RH
|html|jacopozioporcoJun RH    
|uhtml|bestof|Game 1 of a best-of-3
|t:|1756928781
|gametype|doubles
|player|p1|jacopozioporco|102|1039
|player|p2|Jun RH|burglar|1065
|gen|9
|tier|[Gen 9] VGC 2025 Reg H (Bo3)
|rated|
|rule|Species Clause: Limit one of each Pokémon
|rule|Item Clause: Limit 1 of each item
|clearpoke
|poke|p1|Porygon2, L50|
|poke|p1|Amoonguss, L50, M|
|poke|p1|Incineroar, L50, M|
|poke|p1|Ursaluna, L50, F|
|poke|p1|Gholdengo, L50|
|poke|p1|Tyranitar, L50, F|
|poke|p2|Gholdengo, L50|
|poke|p2|Incineroar, L50, M|
|poke|p2|Amoonguss, L50, M|
|poke|p2|Dragonite, L50, F|
|poke|p2|Garchomp, L50, F|
|poke|p2|Primarina, L50, F|
|teampreview|4
|showteam|p1|Porygon2||Eviolite|Download|TrickRoom,IceBeam,Recover,TeraBlast||||||50|,,,,,Fighting]Amoonguss||MentalHerb|Regenerator|Spore,RagePowder,PollenPuff,Protect|||M|||50|,,,,,Water]Incineroar||SafetyGoggles|Intimidate|FakeOut,KnockOff,FlareBlitz,PartingShot|||M|||50|,,,,,Bug]Ursaluna||FlameOrb|Guts|Facade,HeadlongRush,CloseCombat,Protect|||F|||50|,,,,,Grass]Gholdengo||LifeOrb|GoodasGold|MakeItRain,ShadowBall,NastyPlot,Protect||||||50|,,,,,Water]Tyranitar||AssaultVest|SandStream|TeraBlast,RockSlide,DragonClaw,KnockOff|||F|||50|,,,,,Flying
|showteam|p2|Gholdengo||LifeOrb|GoodasGold|MakeItRain,ShadowBall,NastyPlot,Protect||||||50|,,,,,Water]Incineroar||SafetyGoggles|Intimidate|KnockOff,FlareBlitz,FakeOut,PartingShot|||M|||50|,,,,,Ghost]Amoonguss||CovertCloak|Regenerator|RagePowder,PollenPuff,Protect,Spore|||M|||50|,,,,,Dark]Dragonite||LoadedDice|Multiscale|ScaleShot,Tailwind,Protect,Haze|||F|||50|,,,,,Fairy]Garchomp||ClearAmulet|RoughSkin|DragonClaw,Earthquake,StompingTantrum,Protect|||F|||50|,,,,,Fire]Primarina||AssaultVest|LiquidVoice|HyperVoice,Moonblast,IcyWind,DazzlingGleam|||F|||50|,,,,,Grass
|l|☆Jun RH
|player|p2|
|j|☆Jun RH
|player|p2|Jun RH|burglar|
|
|t:|1756928865
|teamsize|p1|4
|teamsize|p2|4
|start
|switch|p1a: Ursaluna|Ursaluna, L50, F|100/100
|switch|p1b: Porygon2|Porygon2, L50|100/100
|switch|p2a: Dragonite|Dragonite, L50, F|100/100
|switch|p2b: Amoonguss|Amoonguss, L50, M|100/100
|-ability|p1b: Porygon2|Download|boost
|-boost|p1b: Porygon2|spa|1
|turn|1
|
|t:|1756928916
|switch|p1b: Incineroar|Incineroar, L50, M|100/100
|-ability|p1b: Incineroar|Intimidate|boost
|-unboost|p2a: Dragonite|atk|1
|-unboost|p2b: Amoonguss|atk|1
|move|p1a: Ursaluna|Protect|p1a: Ursaluna
|-singleturn|p1a: Ursaluna|Protect
|move|p2a: Dragonite|Scale Shot|p1b: Incineroar
|-damage|p1b: Incineroar|92/100
|-damage|p1b: Incineroar|84/100
|-damage|p1b: Incineroar|75/100
|-damage|p1b: Incineroar|67/100
|-damage|p1b: Incineroar|59/100
|-hitcount|p1b: Incineroar|5
|-unboost|p2a: Dragonite|def|1
|-boost|p2a: Dragonite|spe|1
|move|p2b: Amoonguss|Spore|p1b: Incineroar
|-activate|p1b: Incineroar|item: Safety Goggles|Spore
|
|-status|p1a: Ursaluna|brn|[from] item: Flame Orb
|upkeep
|turn|2
|
|t:|1756928963
|-terastallize|p1a: Ursaluna|Grass
|move|p2a: Dragonite|Protect|p2a: Dragonite
|-singleturn|p2a: Dragonite|Protect
|move|p2b: Amoonguss|Protect|p2b: Amoonguss
|-singleturn|p2b: Amoonguss|Protect
|move|p1b: Incineroar|Fake Out|p2a: Dragonite
|-activate|p2a: Dragonite|move: Protect
|move|p1a: Ursaluna|Facade|p2a: Dragonite
|-activate|p2a: Dragonite|move: Protect
|
|-damage|p1a: Ursaluna|95/100 brn|[from] brn
|upkeep
|turn|3
|
|t:|1756929016
|move|p2a: Dragonite|Tailwind|p2a: Dragonite
|-sidestart|p2: Jun RH|move: Tailwind
|move|p2b: Amoonguss|Pollen Puff|p2a: Dragonite
|move|p1b: Incineroar|Parting Shot|p2a: Dragonite
|-unboost|p2a: Dragonite|atk|1
|-unboost|p2a: Dragonite|spa|1
|
|t:|1756929034
|switch|p1b: Porygon2|Porygon2, L50|100/100|[from] Parting Shot
|-ability|p1b: Porygon2|Download|boost
|-boost|p1b: Porygon2|atk|1
|move|p1a: Ursaluna|Facade|p2a: Dragonite
|-damage|p2a: Dragonite|13/100
|
|-damage|p1a: Ursaluna|89/100 brn|[from] brn
|upkeep
|turn|4
|
|t:|1756929088
|switch|p1b: Incineroar|Incineroar, L50, M|59/100
|-ability|p1b: Incineroar|Intimidate|boost
|-unboost|p2a: Dragonite|atk|1
|-unboost|p2b: Amoonguss|atk|1
|move|p2a: Dragonite|Scale Shot|p1b: Incineroar
|-damage|p1b: Incineroar|54/100
|-damage|p1b: Incineroar|48/100
|-damage|p1b: Incineroar|44/100
|-damage|p1b: Incineroar|39/100
|-hitcount|p1b: Incineroar|4
|-unboost|p2a: Dragonite|def|1
|-boost|p2a: Dragonite|spe|1
|move|p2b: Amoonguss|Spore|p1b: Incineroar
|-activate|p1b: Incineroar|item: Safety Goggles|Spore
|move|p1a: Ursaluna|Facade|p2a: Dragonite
|-damage|p2a: Dragonite|0 fnt
|faint|p2a: Dragonite
|
|-damage|p1a: Ursaluna|83/100 brn|[from] brn
|upkeep
|
|t:|1756929122
|switch|p2a: Incineroar|Incineroar, L50, M|100/100
|-ability|p2a: Incineroar|Intimidate|boost
|-unboost|p1a: Ursaluna|atk|1
|-unboost|p1b: Incineroar|atk|1
|turn|5
|
|t:|1756929152
|switch|p1a: Porygon2|Porygon2, L50|100/100
|-ability|p1a: Porygon2|Download|boost
|-boost|p1a: Porygon2|atk|1
|move|p2a: Incineroar|Fake Out|p1b: Incineroar
|-damage|p1b: Incineroar|30/100
|move|p2b: Amoonguss|Pollen Puff|p1a: Porygon2
|-damage|p1a: Porygon2|88/100
|cant|p1b: Incineroar|flinch
|
|upkeep
|turn|6
|
|t:|1756929187
|switch|p1a: Ursaluna|Ursaluna, L50, F, tera:Grass|83/100 brn
|move|p2a: Incineroar|Knock Off|p1b: Incineroar
|-resisted|p1b: Incineroar
|-damage|p1b: Incineroar|13/100
|-enditem|p1b: Incineroar|Safety Goggles|[from] move: Knock Off|[of] p2a: Incineroar
|move|p2b: Amoonguss|Spore|p1a: Ursaluna
|-immune|p1a: Ursaluna
|move|p1b: Incineroar|Parting Shot|p2a: Incineroar
|-unboost|p2a: Incineroar|atk|1
|-unboost|p2a: Incineroar|spa|1
|
|t:|1756929209
|switch|p1b: Porygon2|Porygon2, L50|88/100|[from] Parting Shot
|-ability|p1b: Porygon2|Download|boost
|-boost|p1b: Porygon2|atk|1
|
|-damage|p1a: Ursaluna|77/100 brn|[from] brn
|-sideend|p2: Jun RH|move: Tailwind
|upkeep
|turn|7
|
|t:|1756929244
|move|p2a: Incineroar|Knock Off|p1b: Porygon2
|-damage|p1b: Porygon2|70/100
|-enditem|p1b: Porygon2|Eviolite|[from] move: Knock Off|[of] p2a: Incineroar
|move|p1b: Porygon2|Ice Beam|p2b: Amoonguss
|-supereffective|p2b: Amoonguss
|-damage|p2b: Amoonguss|57/100
|move|p2b: Amoonguss|Pollen Puff|p1a: Ursaluna
|-supereffective|p1a: Ursaluna
|-damage|p1a: Ursaluna|47/100 brn
|move|p1a: Ursaluna|Headlong Rush|p2b: Amoonguss
|-damage|p2b: Amoonguss|0 fnt
|-unboost|p1a: Ursaluna|def|1
|-unboost|p1a: Ursaluna|spd|1
|faint|p2b: Amoonguss
|
|-damage|p1a: Ursaluna|41/100 brn|[from] brn
|upkeep
|
|t:|1756929265
|switch|p2b: Primarina|Primarina, L50, F|100/100
|turn|8
|
|t:|1756929294
|move|p1a: Ursaluna|Protect|p1a: Ursaluna
|-singleturn|p1a: Ursaluna|Protect
|move|p2a: Incineroar|Flare Blitz|p1a: Ursaluna
|-activate|p1a: Ursaluna|move: Protect
|move|p2b: Primarina|Hyper Voice|p1b: Porygon2|[spread] p1b
|-activate|p1a: Ursaluna|move: Protect
|-crit|p1b: Porygon2
|-damage|p1b: Porygon2|15/100
|move|p1b: Porygon2|Trick Room|p1b: Porygon2
|-fieldstart|move: Trick Room|[of] p1b: Porygon2
|
|-damage|p1a: Ursaluna|35/100 brn|[from] brn
|upkeep
|turn|9
|
|t:|1756929327
|-terastallize|p2a: Incineroar|Ghost
|move|p1a: Ursaluna|Headlong Rush|p2a: Incineroar
|-damage|p2a: Incineroar|4/100
|-unboost|p1a: Ursaluna|def|1
|-unboost|p1a: Ursaluna|spd|1
|move|p2b: Primarina|Dazzling Gleam|p1a: Ursaluna|[spread] p1a,p1b
|-damage|p1a: Ursaluna|0 fnt
|-damage|p1b: Porygon2|0 fnt
|faint|p1a: Ursaluna
|faint|p1b: Porygon2
|move|p2a: Incineroar|Flare Blitz|p1: Ursaluna|[notarget]
|-fail|p2a: Incineroar
|
|upkeep
|
|t:|1756929344
|switch|p1a: Incineroar|Incineroar, L50, M|13/100
|switch|p1b: Tyranitar|Tyranitar, L50, F|100/100
|-ability|p1a: Incineroar|Intimidate|boost
|-unboost|p2a: Incineroar|atk|1
|-unboost|p2b: Primarina|atk|1
|-weather|Sandstorm|[from] ability: Sand Stream|[of] p1b: Tyranitar
|turn|10
|
|t:|1756929364
|move|p1a: Incineroar|Fake Out|p2b: Primarina
|-damage|p2b: Primarina|86/100
|move|p1b: Tyranitar|Knock Off|p2a: Incineroar
|-supereffective|p2a: Incineroar
|-damage|p2a: Incineroar|0 fnt
|-enditem|p2a: Incineroar|Safety Goggles|[from] move: Knock Off|[of] p1b: Tyranitar
|faint|p2a: Incineroar
|cant|p2b: Primarina|flinch
|
|-weather|Sandstorm|[upkeep]
|-damage|p1a: Incineroar|7/100|[from] Sandstorm
|-damage|p2b: Primarina|80/100|[from] Sandstorm
|upkeep
|turn|11
|
|t:|1756929379
|move|p1a: Incineroar|Parting Shot|p2b: Primarina
|-unboost|p2b: Primarina|atk|1
|-unboost|p2b: Primarina|spa|1
|move|p1b: Tyranitar|Knock Off|p2b: Primarina
|-resisted|p2b: Primarina
|-damage|p2b: Primarina|43/100
|-enditem|p2b: Primarina|Assault Vest|[from] move: Knock Off|[of] p1b: Tyranitar
|move|p2b: Primarina|Hyper Voice|p1b: Tyranitar|[spread] p1a,p1b
|-supereffective|p1a: Incineroar
|-supereffective|p1b: Tyranitar
|-damage|p1a: Incineroar|0 fnt
|-damage|p1b: Tyranitar|80/100
|faint|p1a: Incineroar
|
|-weather|Sandstorm|[upkeep]
|-damage|p2b: Primarina|37/100|[from] Sandstorm
|upkeep
|turn|12
|
|t:|1756929394
|move|p1b: Tyranitar|Knock Off|p2b: Primarina
|-resisted|p2b: Primarina
|-damage|p2b: Primarina|15/100
|move|p2b: Primarina|Moonblast|p1b: Tyranitar
|-supereffective|p1b: Tyranitar
|-damage|p1b: Tyranitar|54/100
|
|-weather|Sandstorm|[upkeep]
|-damage|p2b: Primarina|9/100|[from] Sandstorm
|-fieldend|move: Trick Room
|upkeep
|turn|13
|
|t:|1756929407
|move|p2b: Primarina|Moonblast|p1b: Tyranitar
|-supereffective|p1b: Tyranitar
|-damage|p1b: Tyranitar|28/100
|move|p1b: Tyranitar|Knock Off|p2b: Primarina
|-resisted|p2b: Primarina
|-damage|p2b: Primarina|0 fnt
|faint|p2b: Primarina
|
|win|jacopozioporco
