|j|☆Crapaud2008
|j|☆tetsumari
|html|Crapaud2008tetsumari    
|uhtml|bestof|Game 2 of a best-of-3
|t:|1756310620
|gametype|doubles
|player|p1|Crapaud2008|101|1091
|player|p2|tetsumari|gambler|1045
|gen|9
|tier|[Gen 9] VGC 2025 Reg H (Bo3)
|rated|
|rule|Species Clause: Limit one of each Pokémon
|rule|Item Clause: Limit 1 of each item
|clearpoke
|poke|p1|Rillaboom, L50, M|
|poke|p1|Annihilape, L50, F|
|poke|p1|Archaludon, L50, M|
|poke|p1|Sneasler, L50, M|
|poke|p1|Maushold-Four, L50|
|poke|p1|Pelipper, L50, M|
|poke|p2|Ursaluna, L50, F|
|poke|p2|Pawmot, L50, F|
|poke|p2|Indeedee-F, L50, F|
|poke|p2|Torkoal, L50, M|
|poke|p2|Jumpluff, L50, F|
|poke|p2|Armarouge, L50, M|
|teampreview|4
|showteam|p1|Rillaboom||MiracleSeed|GrassySurge|GrassyGlide,WoodHammer,HighHorsepower,FakeOut|||M|||50|,,,,,Fire]Annihilape||SitrusBerry|Defiant|RageFist,DrainPunch,BulkUp,Protect|||F|||50|,,,,,Steel]Archaludon||AssaultVest|Stamina|DragonPulse,FlashCannon,ElectroShot,BodyPress|||M|||50|,,,,,Ghost]Sneasler||GrassySeed|Unburden|CloseCombat,DireClaw,Acrobatics,Protect|||M|||50|,,,,,Flying]Maushold-Four||WideLens|FriendGuard|FollowMe,PopulationBomb,BeatUp,Protect||||||50|,,,,,Normal]Pelipper||FocusSash|Drizzle|WeatherBall,Hurricane,Tailwind,WideGuard|||M|||50|,,,,,Ground
|showteam|p2|Ursaluna||FlameOrb|Guts|CloseCombat,Facade,HeadlongRush,SupercellSlam|||F|||50|,,,,,Ground]Pawmot||LifeOrb|IronFist|DoubleShock,CloseCombat,KnockOff,FakeOut|||F|||50|,,,,,Electric]Indeedee-F||SafetyGoggles|PsychicSurge|FollowMe,HelpingHand,TrickRoom,Psychic|||F|||50|,,,,,Bug]Torkoal||ChoiceSpecs|Drought|Eruption,SolarBeam,HeatWave,EarthPower|||M|||50|,,,,,Fire]Jumpluff||CovertCloak|Chlorophyll|SleepPowder,Tailwind,RagePowder,PollenPuff|||F|||50|,,,,,Fire]Armarouge||IronBall|FlashFire|ArmorCannon,ExpandingForce,WideGuard,HelpingHand|||M|||50|,,,,,Psychic
|inactive|Battle timer is ON: inactive players will automatically lose when time's up. (requested by Crapaud2008)
|
|t:|1756310634
|teamsize|p1|4
|teamsize|p2|4
|start
|switch|p1a: Maushold|Maushold-Four, L50|100/100
|switch|p1b: Sneasler|Sneasler, L50, M|100/100
|switch|p2a: Armarouge|Armarouge, L50, M|100/100
|switch|p2b: Indeedee|Indeedee-F, L50, F|100/100
|-fieldstart|move: Psychic Terrain|[from] ability: Psychic Surge|[of] p2b: Indeedee
|turn|1
|inactive|Crapaud2008 has 30 seconds left.
|inactive|tetsumari has 30 seconds left.
|inactive|Crapaud2008 has 20 seconds left.
|inactive|Crapaud2008 has 15 seconds left.
|inactive|Crapaud2008 has 10 seconds left.
|
|t:|1756310681
|switch|p2a: Torkoal|Torkoal, L50, M|100/100
|-weather|SunnyDay|[from] ability: Drought|[of] p2a: Torkoal
|move|p1b: Sneasler|Protect|p1b: Sneasler
|-singleturn|p1b: Sneasler|Protect
|move|p1a: Maushold|Population Bomb|p2a: Torkoal
|-damage|p2a: Torkoal|95/100
|-damage|p2a: Torkoal|90/100
|-damage|p2a: Torkoal|84/100
|-damage|p2a: Torkoal|78/100
|-damage|p2a: Torkoal|73/100
|-damage|p2a: Torkoal|66/100
|-damage|p2a: Torkoal|61/100
|-damage|p2a: Torkoal|56/100
|-damage|p2a: Torkoal|50/100
|-damage|p2a: Torkoal|45/100
|-hitcount|p2a: Torkoal|10
|move|p2b: Indeedee|Trick Room|p2b: Indeedee
|-fieldstart|move: Trick Room|[of] p2b: Indeedee
|
|-weather|SunnyDay|[upkeep]
|upkeep
|turn|2
|inactive|Crapaud2008 has 30 seconds left.
|inactive|tetsumari has 30 seconds left.
|inactive|Crapaud2008 has 20 seconds left.
|inactive|tetsumari has 20 seconds left.
|inactive|Crapaud2008 has 15 seconds left.
|inactive|Crapaud2008 has 10 seconds left.
|
|t:|1756310729
|switch|p2a: Ursaluna|Ursaluna, L50, F|100/100
|switch|p1b: LaBretagne|Pelipper, L50, M|100/100
|-weather|RainDance|[from] ability: Drizzle|[of] p1b: LaBretagne
|move|p2b: Indeedee|Psychic|p1b: LaBretagne
|-damage|p1b: LaBretagne|54/100
|move|p1a: Maushold|Population Bomb|p2a: Ursaluna
|-damage|p2a: Ursaluna|95/100
|-damage|p2a: Ursaluna|90/100
|-damage|p2a: Ursaluna|84/100
|-crit|p2a: Ursaluna
|-damage|p2a: Ursaluna|75/100
|-damage|p2a: Ursaluna|70/100
|-damage|p2a: Ursaluna|65/100
|-damage|p2a: Ursaluna|60/100
|-crit|p2a: Ursaluna
|-damage|p2a: Ursaluna|50/100
|-damage|p2a: Ursaluna|45/100
|-damage|p2a: Ursaluna|40/100
|-hitcount|p2a: Ursaluna|10
|
|-weather|RainDance|[upkeep]
|-status|p2a: Ursaluna|brn|[from] item: Flame Orb
|upkeep
|turn|3
|inactive|Crapaud2008 has 30 seconds left.
|inactive|Crapaud2008 has 20 seconds left.
|inactive|Crapaud2008 has 15 seconds left.
|inactive|tetsumari has 30 seconds left.
|
|t:|1756310774
|move|p2b: Indeedee|Follow Me|p2b: Indeedee
|-singleturn|p2b: Indeedee|move: Follow Me
|move|p1a: Maushold|Follow Me|p1a: Maushold
|-singleturn|p1a: Maushold|move: Follow Me
|move|p2a: Ursaluna|Facade|p1a: Maushold
|-damage|p1a: Maushold|0 fnt
|faint|p1a: Maushold
|move|p1b: LaBretagne|Weather Ball|p2b: Indeedee
|-damage|p2b: Indeedee|53/100
|
|-weather|RainDance|[upkeep]
|-damage|p2a: Ursaluna|34/100 brn|[from] brn
|upkeep
|
|t:|1756310786
|switch|p1a: Donkey Kong|Rillaboom, L50, M|100/100
|-fieldstart|move: Grassy Terrain|[from] ability: Grassy Surge|[of] p1a: Donkey Kong
|turn|4
|
|t:|1756310806
|move|p2b: Indeedee|Follow Me|p2b: Indeedee
|-singleturn|p2b: Indeedee|move: Follow Me
|move|p1a: Donkey Kong|Grassy Glide|p2b: Indeedee
|-damage|p2b: Indeedee|0 fnt
|faint|p2b: Indeedee
|move|p2a: Ursaluna|Facade|p1a: Donkey Kong
|-damage|p1a: Donkey Kong|0 fnt
|faint|p1a: Donkey Kong
|move|p1b: LaBretagne|Hurricane|p2a: Ursaluna
|-damage|p2a: Ursaluna|0 fnt
|faint|p2a: Ursaluna
|
|-weather|RainDance|[upkeep]
|upkeep
|
|t:|1756310822
|switch|p2a: Armarouge|Armarouge, L50, M|100/100
|switch|p2b: Torkoal|Torkoal, L50, M|45/100
|switch|p1a: Sneasler|Sneasler, L50, M|100/100
|-weather|SunnyDay|[from] ability: Drought|[of] p2b: Torkoal
|-enditem|p1a: Sneasler|Grassy Seed
|-boost|p1a: Sneasler|def|1|[from] item: Grassy Seed
|turn|5
|inactive|Crapaud2008 has 30 seconds left.
|inactive|tetsumari has 30 seconds left.
|inactive|Crapaud2008 has 20 seconds left.
|inactive|Crapaud2008 has 15 seconds left.
|inactive|Crapaud2008 has 10 seconds left.
|
|t:|1756310872
|-terastallize|p2b: Torkoal|Fire
|move|p2a: Armarouge|Helping Hand|p2b: Torkoal
|-singleturn|p2b: Torkoal|Helping Hand|[of] p2a: Armarouge
|move|p1a: Sneasler|Protect|p1a: Sneasler
|-singleturn|p1a: Sneasler|Protect
|move|p1b: LaBretagne|Wide Guard|p1b: LaBretagne
|-singleturn|p1b: LaBretagne|Wide Guard
|move|p2b: Torkoal|Heat Wave|p1a: Sneasler|[spread] 
|-activate|p1a: Sneasler|move: Wide Guard
|-activate|p1b: LaBretagne|move: Wide Guard
|
|-weather|SunnyDay|[upkeep]
|-heal|p2b: Torkoal|51/100|[from] Grassy Terrain
|-fieldend|move: Trick Room
|upkeep
|turn|6
|inactive|tetsumari has 30 seconds left.
|
|t:|1756310901
|move|p1b: LaBretagne|Wide Guard|p1b: LaBretagne
|-singleturn|p1b: LaBretagne|Wide Guard
|move|p1a: Sneasler|Dire Claw|p2a: Armarouge
|-damage|p2a: Armarouge|59/100
|-status|p2a: Armarouge|psn
|move|p2a: Armarouge|Expanding Force|p1b: LaBretagne
|-damage|p1b: LaBretagne|0 fnt
|faint|p1b: LaBretagne
|move|p2b: Torkoal|Heat Wave|p1a: Sneasler
|-activate|p1a: Sneasler|move: Wide Guard
|
|-weather|SunnyDay|[upkeep]
|-heal|p2b: Torkoal|57/100|[from] Grassy Terrain
|-heal|p2a: Armarouge|65/100 psn|[from] Grassy Terrain
|-damage|p2a: Armarouge|53/100 psn|[from] psn
|upkeep
|turn|7
|inactive|Crapaud2008 has 30 seconds left.
|
|t:|1756310933
|-terastallize|p1a: Sneasler|Flying
|move|p1a: Sneasler|Acrobatics|p2b: Torkoal
|-damage|p2b: Torkoal|8/100
|move|p2a: Armarouge|Expanding Force|p1a: Sneasler
|-damage|p1a: Sneasler|34/100
|move|p2b: Torkoal|Heat Wave|p1a: Sneasler
|-damage|p1a: Sneasler|0 fnt
|faint|p1a: Sneasler
|
|win|tetsumari
