|j|☆PRLT1 Jurrasicz
|j|☆build v1
|html|PRLT1 Jurrasiczbuild v1    
|uhtml|bestof|Game 1 of a best-of-3
|t:|1783126772
|gametype|doubles
|player|p1|PRLT1 Jurrasicz|pokemaniac|1312
|player|p2|build v1|101|1213
|gen|9
|tier|[Gen 9 Champions] VGC 2026 Reg M-B (Bo3)
|rated|
|rule|Species Clause: Limit one of each Pokémon
|rule|Item Clause: Limit 1 of each item
|clearpoke
|poke|p1|Charizard, L50, F|
|poke|p1|Whimsicott, L50, F|
|poke|p1|Floette-Eternal, L50, F|
|poke|p1|Basculegion, L50, M|
|poke|p1|Garchomp, L50, M|
|poke|p1|Kingambit, L50, M, shiny|
|poke|p2|Charizard, L50, F, shiny|
|poke|p2|Sylveon, L50, M, shiny|
|poke|p2|Basculegion, L50, M|
|poke|p2|Kingambit, L50, M|
|poke|p2|Aerodactyl, L50, F|
|poke|p2|Garchomp, L50, M|
|teampreview|4
|showteam|p1|Charizard||CharizarditeY|Blaze|HeatWave,SolarBeam,WeatherBall,Protect|Modest||F|||50|]Whimsicott||FocusSash|Prankster|Moonblast,Encore,Tailwind,Protect|Timid||F|||50|]Floette-Eternal||Floettite|FlowerVeil|Moonblast,DazzlingGleam,LightofRuin,Protect|Modest||F|||50|]Basculegion||MysticWater|Adaptability|WaveCrash,AquaJet,LastRespects,Protect|Adamant||M|||50|]Garchomp||LifeOrb|RoughSkin|DragonClaw,Earthquake,RockSlide,Protect|Jolly||M|||50|]Kingambit||OccaBerry|Defiant|KowtowCleave,SuckerPunch,IronHead,Protect|Adamant||M|||50|
|showteam|p2|Charizard||CharizarditeY|Blaze|WeatherBall,HeatWave,Protect,SolarBeam|Modest||F|||50|]Sylveon||FairyFeather|Pixilate|HyperVoice,HyperBeam,Protect,QuickAttack|Modest||M|||50|]Basculegion||ColburBerry|Adaptability|AquaJet,WaveCrash,Protect,LastRespects|Adamant||M|||50|]Kingambit||ChopleBerry|Defiant|KowtowCleave,LowKick,IronHead,SuckerPunch|Adamant||M|||50|]Aerodactyl||Aerodactylite|RockHead|DualWingbeat,Tailwind,WideGuard,RockSlide|Jolly||F|||50|]Garchomp||LifeOrb|RoughSkin|StompingTantrum,RockTomb,Protect,DragonClaw|Adamant||M|||50|
|inactive|Battle timer is ON: inactive players will automatically lose when time's up. (requested by PRLT1 Jurrasicz)
|inactive|PRLT1 Jurrasicz has 60 seconds left.
|inactive|PRLT1 Jurrasicz has 30 seconds left.
|
|t:|1783126861
|teamsize|p1|4
|teamsize|p2|4
|start
|switch|p1a: Whimsicott|Whimsicott, L50, F|100/100
|switch|p1b: Basculegion|Basculegion, L50, M|100/100
|switch|p2a: Aerodactyl|Aerodactyl, L50, F|100/100
|switch|p2b: Kingambit|Kingambit, L50, M|100/100
|turn|1
|inactive|PRLT1 Jurrasicz has 30 seconds left.
|inactive|build v1 has 30 seconds left.
|inactive|PRLT1 Jurrasicz has 20 seconds left.
|
|t:|1783126899
|switch|p2a: Basculegion|Basculegion, L50, M|100/100
|move|p1a: Whimsicott|Protect|p1a: Whimsicott
|-singleturn|p1a: Whimsicott|Protect
|move|p1b: Basculegion|Aqua Jet|p2a: Basculegion
|-resisted|p2a: Basculegion|1
|-damage|p2a: Basculegion|80/100
|move|p2b: Kingambit|Kowtow Cleave|p1b: Basculegion
|-supereffective|p1b: Basculegion|1
|-damage|p1b: Basculegion|0 fnt
|faint|p1b: Basculegion
|
|upkeep
|
|t:|1783126912
|switch|p1b: Floette|Floette-Eternal, L50, F|100/100
|turn|2
|
|t:|1783126931
|switch|p2a: Aerodactyl|Aerodactyl, L50, F|100/100
|detailschange|p1b: Floette|Floette-Mega, L50, F
|-mega|p1b: Floette|Floette|Floettite
|-ability|p1b: Floette|Fairy Aura
|move|p1a: Whimsicott|Moonblast|p2b: Kingambit
|-damage|p2b: Kingambit|54/100
|move|p1b: Floette|Moonblast|p2b: Kingambit
|-damage|p2b: Kingambit|0 fnt
|faint|p2b: Kingambit
|
|upkeep
|
|t:|1783126945
|switch|p2b: Basculegion|Basculegion, L50, M|80/100
|turn|3
|inactive|PRLT1 Jurrasicz has 30 seconds left.
|
|t:|1783126977
|detailschange|p2a: Aerodactyl|Aerodactyl-Mega, L50, F
|-mega|p2a: Aerodactyl|Aerodactyl|Aerodactylite
|move|p1a: Whimsicott|Tailwind|p1a: Whimsicott
|-sidestart|p1: PRLT1 Jurrasicz|move: Tailwind
|move|p1b: Floette|Moonblast|p2b: Basculegion
|-damage|p2b: Basculegion|11/100
|move|p2a: Aerodactyl|Tailwind|p2a: Aerodactyl
|-sidestart|p2: build v1|move: Tailwind
|move|p2b: Basculegion|Last Respects|p1b: Floette
|-damage|p1b: Floette|12/100
|
|upkeep
|turn|4
|inactive|build v1 has 30 seconds left.
|
|t:|1783127005
|switch|p2a: Sylveon|Sylveon, L50, M, shiny|100/100
|move|p1b: Floette|Protect|p1b: Floette
|-singleturn|p1b: Floette|Protect
|move|p2b: Basculegion|Aqua Jet|p1b: Floette
|-activate|p1b: Floette|move: Protect
|move|p1a: Whimsicott|Moonblast|p2a: Sylveon
|-damage|p2a: Sylveon|65/100
|
|upkeep
|turn|5
|
|t:|1783127023
|switch|p1b: Kingambit|Kingambit, L50, M, shiny|100/100
|move|p2b: Basculegion|Aqua Jet|p1b: Kingambit
|-damage|p1b: Kingambit|77/100
|move|p1a: Whimsicott|Moonblast|p2b: Basculegion
|-damage|p2b: Basculegion|0 fnt
|faint|p2b: Basculegion
|move|p2a: Sylveon|Hyper Voice|p1a: Whimsicott|[spread] p1a,p1b
|-damage|p1a: Whimsicott|21/100
|-damage|p1b: Kingambit|29/100
|
|upkeep
|
|t:|1783127035
|switch|p2b: Aerodactyl|Aerodactyl-Mega, L50, F|100/100
|turn|6
|inactive|build v1 has 30 seconds left.
|
|t:|1783127061
|move|p1b: Kingambit|Sucker Punch||[still]
|-fail|p1b: Kingambit
|move|p2b: Aerodactyl|Tailwind||[still]
|-fail|p2b: Aerodactyl
|move|p1a: Whimsicott|Moonblast|p2a: Sylveon
|-damage|p2a: Sylveon|40/100
|move|p2a: Sylveon|Hyper Voice|p1b: Kingambit|[spread] p1a,p1b
|-crit|p1a: Whimsicott
|-damage|p1a: Whimsicott|0 fnt
|-damage|p1b: Kingambit|0 fnt
|faint|p1a: Whimsicott
|faint|p1b: Kingambit
|
|-sideend|p2: build v1|move: Tailwind
|-sideend|p1: PRLT1 Jurrasicz|move: Tailwind
|upkeep
|
|t:|1783127074
|switch|p1b: Floette|Floette-Mega, L50, F|12/100
|-ability|p1b: Floette|Fairy Aura
|turn|7
|
|t:|1783127081
|move|p2a: Sylveon|Quick Attack|p1b: Floette
|-damage|p1b: Floette|0 fnt
|faint|p1b: Floette
|
|win|build v1
|l|☆build v1
|player|p2|
||build v1 is ready for game 2.
|inactive|PRLT1 Jurrasicz has 30 seconds to confirm battle start!
