|j|☆joyfulwizard
|j|☆Pepitolopalote
|html|joyfulwizardPepitolopalote    
|uhtml|bestof|Game 1 of a best-of-3
|t:|1782668285
|gametype|doubles
|player|p1|joyfulwizard|101|1181
|player|p2|Pepitolopalote|hiker-gen4|1272
|gen|9
|tier|[Gen 9 Champions] VGC 2026 Reg M-B (Bo3)
|rated|
|rule|Species Clause: Limit one of each Pokémon
|rule|Item Clause: Limit 1 of each item
|clearpoke
|poke|p1|Politoed, L50, M|
|poke|p1|Gengar, L50, M, shiny|
|poke|p1|Sinistcha, L50|
|poke|p1|Incineroar, L50, M|
|poke|p1|Scrafty, L50, M|
|poke|p1|Floette-Eternal, L50, F|
|poke|p2|Charizard, L50, M|
|poke|p2|Sylveon, L50, M|
|poke|p2|Farigiraf, L50, M|
|poke|p2|Aerodactyl, L50, M|
|poke|p2|Garchomp, L50, M|
|poke|p2|Kingambit, L50, F|
|teampreview|4
|showteam|p1|Politoed||SitrusBerry|Drizzle|Protect,WeatherBall,IcyWind,Encore|Modest||M|||50|]Gengar||Gengarite|CursedBody|PerishSong,ShadowBall,Disable,Protect|Timid||M|||50|]Sinistcha||KasibBerry|Hospitality|MatchaGotcha,TrickRoom,RagePowder,Protect|Bold|||||50|]Incineroar||PasshoBerry|Intimidate|Protect,FakeOut,PartingShot,DarkestLariat|Impish||M|||50|]Scrafty||FocusSash|Intimidate|Protect,FakeOut,KnockOff,CloseCombat|Adamant||M|||50|]Floette-Eternal||Floettite|FlowerVeil|Protect,DrainingKiss,CalmMind,DazzlingGleam|Modest||F|||50|
|showteam|p2|Charizard||CharizarditeY|SolarPower|Protect,WeatherBall,SolarBeam,HeatWave|Modest||M|||50|]Sylveon||FairyFeather|Pixilate|Protect,HyperVoice,QuickAttack,HyperBeam|Modest||M|||50|]Farigiraf||SitrusBerry|ArmorTail|Psychic,Roar,TrickRoom,Thunderbolt|Bold||M|||50|]Aerodactyl||Aerodactylite|Unnerve|RockSlide,DualWingbeat,Tailwind,IceFang|Jolly||M|||50|]Garchomp||LifeOrb|RoughSkin|Earthquake,StompingTantrum,DragonClaw,Protect|Jolly||M|||50|]Kingambit||FocusSash|Defiant|KowtowCleave,IronHead,SuckerPunch,LowKick|Adamant||F|||50|
|inactive|Battle timer is ON: inactive players will automatically lose when time's up. (requested by joyfulwizard)
|inactive|Pepitolopalote has 60 seconds left.
|inactive|Pepitolopalote has 30 seconds left.
|inactive|Pepitolopalote has 20 seconds left.
|
|t:|1782668363
|teamsize|p1|4
|teamsize|p2|4
|start
|switch|p1a: Politoed|Politoed, L50, M|100/100
|switch|p1b: Floette|Floette-Eternal, L50, F|100/100
|switch|p2a: Sylveon|Sylveon, L50, M|100/100
|switch|p2b: Kingambit|Kingambit, L50, F|100/100
|-weather|RainDance|[from] ability: Drizzle|[of] p1a: Politoed
|turn|1
|
|t:|1782668382
|move|p1b: Floette|Protect|p1b: Floette
|-singleturn|p1b: Floette|Protect
|move|p2b: Kingambit|Sucker Punch|p1a: Politoed
|-damage|p1a: Politoed|57/100
|move|p2a: Sylveon|Hyper Voice|p1b: Floette|[spread] p1a
|-activate|p1b: Floette|move: Protect
|-damage|p1a: Politoed|20/100y
|-enditem|p1a: Politoed|Sitrus Berry|[eat]
|-heal|p1a: Politoed|45/100|[from] item: Sitrus Berry
|move|p1a: Politoed|Weather Ball|p2b: Kingambit
|-damage|p2b: Kingambit|42/100
|
|-weather|RainDance|[upkeep]
|upkeep
|turn|2
|
|t:|1782668406
|detailschange|p1b: Floette|Floette-Mega, L50, F
|-mega|p1b: Floette|Floette|Floettite
|-ability|p1b: Floette|Fairy Aura
|move|p1a: Politoed|Protect|p1a: Politoed
|-singleturn|p1a: Politoed|Protect
|move|p2b: Kingambit|Sucker Punch||[still]
|-fail|p2b: Kingambit
|move|p1b: Floette|Dazzling Gleam|p2a: Sylveon|[spread] p2a,p2b
|-damage|p2a: Sylveon|62/100
|-damage|p2b: Kingambit|0 fnt
|faint|p2b: Kingambit
|move|p2a: Sylveon|Hyper Voice|p1b: Floette|[spread] p1b
|-activate|p1a: Politoed|move: Protect
|-damage|p1b: Floette|42/100
|
|-weather|RainDance|[upkeep]
|upkeep
|
|t:|1782668411
|switch|p2b: Aerodactyl|Aerodactyl, L50, M|100/100
|-ability|p2b: Aerodactyl|Unnerve
|turn|3
|
|t:|1782668427
|switch|p1b: Sinistcha|Sinistcha, L50|100/100
|-heal|p1a: Politoed|70/100|[from] ability: Hospitality|[of] p1b: Sinistcha
|detailschange|p2b: Aerodactyl|Aerodactyl-Mega, L50, M
|-mega|p2b: Aerodactyl|Aerodactyl|Aerodactylite
|move|p2b: Aerodactyl|Rock Slide|p1a: Politoed|[spread] p1a,p1b
|-damage|p1a: Politoed|45/100
|-damage|p1b: Sinistcha|78/100
|move|p2a: Sylveon|Hyper Voice|p1b: Sinistcha|[spread] p1a,p1b
|-crit|p1b: Sinistcha
|-damage|p1a: Politoed|6/100
|-damage|p1b: Sinistcha|11/100
|move|p1a: Politoed|Weather Ball|p2b: Aerodactyl
|-supereffective|p2b: Aerodactyl|1
|-damage|p2b: Aerodactyl|0 fnt
|faint|p2b: Aerodactyl
|
|-weather|RainDance|[upkeep]
|upkeep
|
|t:|1782668430
|switch|p2b: Garchomp|Garchomp, L50, M|100/100
|turn|4
|
|t:|1782668451
|switch|p1b: Incineroar|Incineroar, L50, M|100/100
|-ability|p1b: Incineroar|Intimidate|boost
|-unboost|p2a: Sylveon|atk|1
|-unboost|p2b: Garchomp|atk|1
|move|p2b: Garchomp|Stomping Tantrum|p1a: Politoed
|-damage|p1a: Politoed|0 fnt
|faint|p1a: Politoed
|-damage|p2b: Garchomp|90/100|[from] item: Life Orb
|move|p2a: Sylveon|Hyper Voice|p1b: Incineroar
|-damage|p1b: Incineroar|43/100
|
|-weather|RainDance|[upkeep]
|upkeep
|
|t:|1782668455
|switch|p1a: Floette|Floette-Mega, L50, F|42/100
|-ability|p1a: Floette|Fairy Aura
|turn|5
|
|t:|1782668463
|switch|p1b: Sinistcha|Sinistcha, L50|11/100
|-heal|p1a: Floette|67/100|[from] ability: Hospitality|[of] p1b: Sinistcha
|move|p2b: Garchomp|Protect|p2b: Garchomp
|-singleturn|p2b: Garchomp|Protect
|move|p1a: Floette|Protect|p1a: Floette
|-singleturn|p1a: Floette|Protect
|move|p2a: Sylveon|Protect||[still]
|-fail|p2a: Sylveon
|
|-weather|none
|upkeep
|turn|6
|
|t:|1782668480
|switch|p1b: Incineroar|Incineroar, L50, M|43/100
|-ability|p1b: Incineroar|Intimidate|boost
|-unboost|p2a: Sylveon|atk|1
|-unboost|p2b: Garchomp|atk|1
|move|p2b: Garchomp|Protect||[still]
|-fail|p2b: Garchomp
|move|p1a: Floette|Draining Kiss|p2b: Garchomp
|-supereffective|p2b: Garchomp|1
|-damage|p2b: Garchomp|1/100
|-heal|p1a: Floette|100/100|[from] drain|[of] p2b: Garchomp
|-damage|p1a: Floette|87/100|[from] ability: Rough Skin|[of] p2b: Garchomp
|move|p2a: Sylveon|Hyper Voice|p1b: Incineroar|[spread] p1a,p1b
|-damage|p1a: Floette|35/100
|-damage|p1b: Incineroar|0 fnt
|faint|p1b: Incineroar
|
|upkeep
|
|t:|1782668489
|switch|p1b: Sinistcha|Sinistcha, L50|11/100
|-heal|p1a: Floette|60/100|[from] ability: Hospitality|[of] p1b: Sinistcha
|turn|7
|
|t:|1782668502
|move|p2b: Garchomp|Dragon Claw|p1b: Sinistcha
|-damage|p1b: Sinistcha|0 fnt
|faint|p1b: Sinistcha
|-damage|p2b: Garchomp|0 fnt|[from] item: Life Orb
|faint|p2b: Garchomp
|move|p1a: Floette|Dazzling Gleam|p2a: Sylveon
|-damage|p2a: Sylveon|12/100
|move|p2a: Sylveon|Hyper Beam|p1a: Floette|[miss]
|-miss|p2a: Sylveon|p1a: Floette
|
|upkeep
|turn|8
|c|☆Pepitolopalote|gg
|
|t:|1782668511
|move|p2a: Sylveon|Quick Attack|p1a: Floette
|-damage|p1a: Floette|50/100g
|move|p1a: Floette|Draining Kiss|p2a: Sylveon
|-damage|p2a: Sylveon|0 fnt
|-heal|p1a: Floette|62/100|[from] drain|[of] p2a: Sylveon
|faint|p2a: Sylveon
|
|win|joyfulwizard
||joyfulwizard is ready for game 2.
||Pepitolopalote is ready for game 2.
|uhtml|next|Next: Game 2 of 3
|l|☆Pepitolopalote
|player|p2|
