|j|☆viatles
|j|☆ffrostik
|html|viatlesffrostik    
|uhtml|bestof|Game 1 of a best-of-3
|t:|1783451227
|gametype|doubles
|player|p1|viatles|hiker|1146
|player|p2|ffrostik|101|1072
|gen|9
|tier|[Gen 9 Champions] VGC 2026 Reg M-B (Bo3)
|rated|
|rule|Species Clause: Limit one of each Pokémon
|rule|Item Clause: Limit 1 of each item
|clearpoke
|poke|p1|Beedrill, L50, F, shiny|
|poke|p1|Milotic, L50, M, shiny|
|poke|p1|Farigiraf, L50, F|
|poke|p1|Sinistcha, L50|
|poke|p1|Kingambit, L50, F|
|poke|p1|Ceruledge, L50, M|
|poke|p2|Blastoise, L50, M|
|poke|p2|Pelipper, L50, F|
|poke|p2|Sableye, L50, M|
|poke|p2|Raichu, L50, M|
|poke|p2|Excadrill, L50, M|
|poke|p2|Farigiraf, L50, F|
|teampreview|4
|showteam|p1|Beedrill||Beedrillite|Swarm|Uturn,DrillRun,PoisonJab,Protect|Jolly||F|||50|]Milotic||Leftovers|Competitive|Scald,IcyWind,Protect,LifeDew|Bold||M|||50|]Farigiraf||ColburBerry|ArmorTail|TrickRoom,Thunderbolt,TwinBeam,HelpingHand|Bold||F|||50|]Sinistcha||SitrusBerry|Hospitality|MatchaGotcha,RagePowder,Imprison,TrickRoom|Bold|||||50|]Kingambit||BlackGlasses|Defiant|SuckerPunch,Protect,KowtowCleave,LowKick|Adamant||F|||50|]Ceruledge||WhiteHerb|FlashFire|ShadowSneak,BitterBlade,CloseCombat,Protect|Serious||M|||50|
|showteam|p2|Blastoise||Blastoisinite|Torrent|AuraSphere,DarkPulse,WaterSpout,Protect|Modest||M|||50|]Pelipper||FocusSash|Drizzle|Hurricane,MuddyWater,WideGuard,Tailwind|Timid||F|||50|]Sableye||RoseliBerry|Prankster|RainDance,Taunt,ThunderWave,Quash|Careful||M|||50|]Raichu||SitrusBerry|LightningRod|Thunderbolt,Protect,Nuzzle,FakeOut|Timid||M|||50|]Excadrill||LifeOrb|MoldBreaker|BrickBreak,HighHorsepower,IronHead,Protect|Jolly||M|||50|]Farigiraf||ColburBerry|ArmorTail|GrassKnot,TwinBeam,HelpingHand,TrickRoom|Calm||F|||50|
|c|☆viatles|gl hf
|inactive|Battle timer is ON: inactive players will automatically lose when time's up. (requested by viatles)
|inactive|ffrostik has 60 seconds left.
|inactive|ffrostik has 30 seconds left.
|inactive|ffrostik has 20 seconds left.
|inactive|ffrostik has 15 seconds left.
|inactive|ffrostik has 10 seconds left.
|
|t:|1783451318
|teamsize|p1|4
|teamsize|p2|4
|start
|switch|p1a: Farigiraf|Farigiraf, L50, F|100/100
|switch|p1b: Malsumas|Beedrill, L50, F, shiny|100/100
|switch|p2a: Blastoise|Blastoise, L50, M|100/100
|switch|p2b: Pelipper|Pelipper, L50, F|100/100
|-weather|RainDance|[from] ability: Drizzle|[of] p2b: Pelipper
|turn|1
|
|t:|1783451340
|detailschange|p1b: Malsumas|Beedrill-Mega, L50, F, shiny
|-mega|p1b: Malsumas|Beedrill|Beedrillite
|detailschange|p2a: Blastoise|Blastoise-Mega, L50, M
|-mega|p2a: Blastoise|Blastoise|Blastoisinite
|move|p1b: Malsumas|U-turn|p2b: Pelipper
|-resisted|p2b: Pelipper|1
|-damage|p2b: Pelipper|62/100
|
|t:|1783451348
|switch|p1b: Milotic|Milotic, L50, M, shiny|100/100|[from] U-turn
|move|p2a: Blastoise|Dark Pulse|p1a: Farigiraf
|-supereffective|p1a: Farigiraf|1
|-enditem|p1a: Farigiraf|Colbur Berry|[eat]
|-enditem|p1a: Farigiraf|Colbur Berry|[weaken]
|-damage|p1a: Farigiraf|60/100
|move|p2b: Pelipper|Hurricane|p1a: Farigiraf
|-damage|p1a: Farigiraf|20/100y
|-start|p1a: Farigiraf|confusion
|-activate|p1a: Farigiraf|confusion
|-damage|p1a: Farigiraf|14/100|[from] confusion
|
|-weather|RainDance|[upkeep]
|upkeep
|turn|2
|inactive|ffrostik has 30 seconds left.
|inactive|viatles has 30 seconds left.
|inactive|ffrostik has 20 seconds left.
|inactive|ffrostik has 15 seconds left.
|inactive|ffrostik has 10 seconds left.
|
|t:|1783451395
|-activate|p1a: Farigiraf|confusion
|-damage|p1a: Farigiraf|8/100|[from] confusion
|move|p2a: Blastoise|Water Spout|p1a: Farigiraf|[spread] p1a,p1b
|-resisted|p1b: Milotic|1
|-damage|p1a: Farigiraf|0 fnt
|-damage|p1b: Milotic|65/100
|faint|p1a: Farigiraf
|move|p2b: Pelipper|Tailwind|p2b: Pelipper
|-sidestart|p2: ffrostik|move: Tailwind
|move|p1b: Milotic|Icy Wind|p2a: Blastoise|[spread] p2a,p2b
|-resisted|p2a: Blastoise|1
|-damage|p2a: Blastoise|94/100
|-damage|p2b: Pelipper|42/100
|-unboost|p2a: Blastoise|spe|1
|-unboost|p2b: Pelipper|spe|1
|
|-weather|RainDance|[upkeep]
|-heal|p1b: Milotic|71/100|[from] item: Leftovers
|upkeep
|
|t:|1783451412
|switch|p1a: Malsumas|Beedrill-Mega, L50, F, shiny|100/100
|turn|3
|
|t:|1783451436
|switch|p2b: Excadrill|Excadrill, L50, M|100/100
|-ability|p2b: Excadrill|Mold Breaker
|move|p1a: Malsumas|Protect|p1a: Malsumas
|-singleturn|p1a: Malsumas|Protect
|move|p2a: Blastoise|Protect|p2a: Blastoise
|-singleturn|p2a: Blastoise|Protect
|move|p1b: Milotic|Scald|p2b: Excadrill
|-supereffective|p2b: Excadrill|1
|-damage|p2b: Excadrill|0 fnt
|faint|p2b: Excadrill
|
|-weather|RainDance|[upkeep]
|-heal|p1b: Milotic|78/100|[from] item: Leftovers
|upkeep
|
|t:|1783451455
|switch|p2b: Pelipper|Pelipper, L50, F|42/100
|turn|4
|
|t:|1783451466
|switch|p1a: Sinistcha|Sinistcha, L50|100/100
|-heal|p1b: Milotic|100/100|[from] ability: Hospitality|[of] p1a: Sinistcha
|move|p2b: Pelipper|Hurricane|p1a: Sinistcha
|-supereffective|p1a: Sinistcha|1
|-damage|p1a: Sinistcha|4/100
|-enditem|p1a: Sinistcha|Sitrus Berry|[eat]
|-heal|p1a: Sinistcha|29/100|[from] item: Sitrus Berry
|move|p2a: Blastoise|Water Spout|p1b: Milotic|[spread] p1a,p1b
|-resisted|p1a: Sinistcha|1
|-resisted|p1b: Milotic|1
|-damage|p1a: Sinistcha|0 fnt
|-damage|p1b: Milotic|64/100
|faint|p1a: Sinistcha
|move|p1b: Milotic|Scald|p2a: Blastoise
|-resisted|p2a: Blastoise|1
|-damage|p2a: Blastoise|72/100
|
|-weather|RainDance|[upkeep]
|-heal|p1b: Milotic|70/100|[from] item: Leftovers
|upkeep
|
|t:|1783451483
|switch|p1a: Malsumas|Beedrill-Mega, L50, F, shiny|100/100
|turn|5
|
|t:|1783451497
|switch|p2a: Farigiraf|Farigiraf, L50, F|100/100
|move|p1a: Malsumas|Protect|p1a: Malsumas
|-singleturn|p1a: Malsumas|Protect
|move|p2b: Pelipper|Hurricane|p1a: Malsumas
|-activate|p1a: Malsumas|move: Protect
|move|p1b: Milotic|Icy Wind|p2b: Pelipper|[spread] p2b
|-miss|p1b: Milotic|p2a: Farigiraf
|-damage|p2b: Pelipper|24/100
|-unboost|p2b: Pelipper|spe|1
|
|-weather|none
|-heal|p1b: Milotic|77/100|[from] item: Leftovers
|-sideend|p2: ffrostik|move: Tailwind
|upkeep
|turn|6
|inactive|ffrostik has 30 seconds left.
|inactive|ffrostik has 20 seconds left.
|inactive|ffrostik has 15 seconds left.
|inactive|ffrostik has 10 seconds left.
|inactive|ffrostik has 5 seconds left.
|
|t:|1783451551
|move|p1a: Malsumas|U-turn|p2a: Farigiraf
|-supereffective|p2a: Farigiraf|1
|-damage|p2a: Farigiraf|0 fnt
|faint|p2a: Farigiraf
|move|p1b: Milotic|Scald|p2b: Pelipper
|-resisted|p2b: Pelipper|1
|-damage|p2b: Pelipper|0 fnt
|faint|p2b: Pelipper
|
|-heal|p1b: Milotic|83/100|[from] item: Leftovers
|upkeep
|
|t:|1783451566
|switch|p2b: Blastoise|Blastoise-Mega, L50, M|72/100
|turn|7
|
|t:|1783451576
|move|p1a: Malsumas|Poison Jab|p2b: Blastoise
|-damage|p2b: Blastoise|17/100
|move|p2b: Blastoise|Water Spout|p1b: Milotic|[spread] p1a,p1b
|-resisted|p1b: Milotic|1
|-damage|p1a: Malsumas|82/100
|-damage|p1b: Milotic|79/100
|move|p1b: Milotic|Scald|p2b: Blastoise
|-resisted|p2b: Blastoise|1
|-damage|p2b: Blastoise|1/100
|
|-heal|p1b: Milotic|85/100|[from] item: Leftovers
|upkeep
|turn|8
|
|t:|1783451592
|move|p1a: Malsumas|Poison Jab|p2b: Blastoise
|-crit|p2b: Blastoise
|-damage|p2b: Blastoise|0 fnt
|faint|p2b: Blastoise
|
|win|viatles
||viatles is ready for game 2.
|l|☆ffrostik
|player|p2|
||ffrostik is ready for game 2.
|uhtml|next|Next: Game 2 of 3
