|j|☆ExessVGC
|j|☆alecfromkanto
|html|ExessVGCalecfromkanto    
|uhtml|bestof|Game 2 of a best-of-3
|t:|1755045792
|gametype|doubles
|player|p1|ExessVGC|102|1209
|player|p2|alecfromkanto|265|1207
|gen|9
|tier|[Gen 9] VGC 2025 Reg H (Bo3)
|rated|
|rule|Species Clause: Limit one of each Pokémon
|rule|Item Clause: Limit 1 of each item
|clearpoke
|poke|p1|Bastiodon, L50, M|
|poke|p1|Archaludon, L50, M|
|poke|p1|Delphox, L50, F|
|poke|p1|Corviknight, L50, M|
|poke|p1|Indeedee, L50, M|
|poke|p1|Sneasler, L50, F|
|poke|p2|Volcarona, L50, M|
|poke|p2|Electabuzz, L50, M|
|poke|p2|Incineroar, L50, F|
|poke|p2|Whimsicott, L50, F|
|poke|p2|Tyranitar, L50, F|
|poke|p2|Garchomp, L50, M|
|teampreview|4
|showteam|p1|Bastiodon||SitrusBerry|Sturdy|WideGuard,BodyPress,MetalBurst,Protect|||M|||50|,,,,,Fairy]Archaludon||PowerHerb|Sturdy|ElectroShot,FlashCannon,DragonPulse,Protect|||M|||50|,,,,,Poison]Delphox||ChoiceScarf|Magician|Trick,HeatWave,ExpandingForce,DazzlingGleam|||F|||50|,,,,,Water]Corviknight||PsychicSeed|MirrorArmor|BulkUp,PowerTrip,Roost,Protect|||M|||50|,,,,,Water]Indeedee||AbilityShield|PsychicSurge|ExpandingForce,DazzlingGleam,ShadowBall,Protect|||M|||50|,,,,,Psychic]Sneasler||WhiteHerb|Unburden|CloseCombat,DireClaw,Coaching,Protect|||F|||50|,,,,,Stellar
|showteam|p2|Volcarona||Leftovers|FlameBody|Flamethrower,GigaDrain,QuiverDance,Protect|||M|||50|,,,,,Grass]Electabuzz||Eviolite|VitalSpirit|Electroweb,FollowMe,Taunt,Protect|||M|||50|,,,,,Ghost]Incineroar||SafetyGoggles|Intimidate|FakeOut,KnockOff,FlareBlitz,PartingShot|||F|||50|,,,,,Ghost]Whimsicott||CovertCloak|Prankster|Moonblast,Tailwind,Encore,LightScreen|||F|||50|,,,,,Ghost]Tyranitar||AssaultVest|SandStream|KnockOff,RockSlide,TeraBlast,LowKick|||F|||50|,,,,,Flying]Garchomp||LifeOrb|RoughSkin|DragonClaw,Earthquake,StompingTantrum,Protect|||M|||50|,,,,,Ground
|inactive|Battle timer is ON: inactive players will automatically lose when time's up. (requested by alecfromkanto)
|inactive|alecfromkanto has 60 seconds left.
|
|t:|1755045852
|teamsize|p1|4
|teamsize|p2|4
|start
|switch|p1a: Archaludon|Archaludon, L50, M|100/100
|switch|p1b: Sneasler|Sneasler, L50, F|100/100
|switch|p2a: Incineroar|Incineroar, L50, F, shiny|100/100
|switch|p2b: Volcarona|Volcarona, L50, M, shiny|100/100
|-ability|p2a: Incineroar|Intimidate|boost
|-unboost|p1a: Archaludon|atk|1
|-unboost|p1b: Sneasler|atk|1
|-enditem|p1b: Sneasler|White Herb
|-clearnegativeboost|p1b: Sneasler|[silent]
|turn|1
|inactive|ExessVGC has 30 seconds left.
|inactive|ExessVGC has 20 seconds left.
|
|t:|1755045889
|move|p2a: Incineroar|Fake Out|p1b: Sneasler
|-damage|p1b: Sneasler|77/100
|cant|p1b: Sneasler|flinch
|move|p1a: Archaludon|Electro Shot||[still]
|-prepare|p1a: Archaludon|Electro Shot
|-boost|p1a: Archaludon|spa|1
|-enditem|p1a: Archaludon|Power Herb
|-anim|p1a: Archaludon|Electro Shot|p2a: Incineroar
|-damage|p2a: Incineroar|42/100
|move|p2b: Volcarona|Quiver Dance|p2b: Volcarona
|-boost|p2b: Volcarona|spa|1
|-boost|p2b: Volcarona|spd|1
|-boost|p2b: Volcarona|spe|1
|
|upkeep
|turn|2
|inactive|ExessVGC has 30 seconds left.
|
|t:|1755045915
|switch|p2a: Whimsicott|Whimsicott, L50, F, shiny|100/100
|move|p2b: Volcarona|Protect|p2b: Volcarona
|-singleturn|p2b: Volcarona|Protect
|move|p1b: Sneasler|Dire Claw|p2b: Volcarona
|-activate|p2b: Volcarona|move: Protect
|move|p1a: Archaludon|Dragon Pulse|p2a: Whimsicott
|-immune|p2a: Whimsicott
|
|upkeep
|turn|3
|inactive|alecfromkanto has 30 seconds left.
|inactive|alecfromkanto has 20 seconds left.
|inactive|alecfromkanto has 15 seconds left.
|inactive|alecfromkanto has 10 seconds left.
|inactive|alecfromkanto has 5 seconds left.
|
|t:|1755045966
|move|p2a: Whimsicott|Tailwind|p2a: Whimsicott
|-sidestart|p2: alecfromkanto|move: Tailwind
|move|p2b: Volcarona|Flamethrower|p1b: Sneasler
|-damage|p1b: Sneasler|0 fnt
|faint|p1b: Sneasler
|move|p1a: Archaludon|Dragon Pulse|p2b: Volcarona
|-damage|p2b: Volcarona|55/100
|
|-heal|p2b: Volcarona|61/100|[from] item: Leftovers
|upkeep
|
|t:|1755045982
|switch|p1b: psyspam|Indeedee, L50, M|100/100
|-fieldstart|move: Psychic Terrain|[from] ability: Psychic Surge|[of] p1b: psyspam
|turn|4
|
|t:|1755045999
|-terastallize|p1b: psyspam|Psychic
|move|p2b: Volcarona|Protect|p2b: Volcarona
|-singleturn|p2b: Volcarona|Protect
|move|p2a: Whimsicott|Light Screen|p2a: Whimsicott
|-sidestart|p2: alecfromkanto|move: Light Screen
|move|p1b: psyspam|Expanding Force|p2b: Volcarona|[spread] p2a
|-activate|p2b: Volcarona|move: Protect
|-damage|p2a: Whimsicott|9/100
|move|p1a: Archaludon|Dragon Pulse|p2b: Volcarona
|-activate|p2b: Volcarona|move: Protect
|
|-heal|p2b: Volcarona|67/100|[from] item: Leftovers
|upkeep
|turn|5
|inactive|alecfromkanto has 30 seconds left.
|inactive|alecfromkanto has 20 seconds left.
|inactive|alecfromkanto has 15 seconds left.
|
|t:|1755046042
|switch|p2a: Incineroar|Incineroar, L50, F, shiny|42/100
|-ability|p2a: Incineroar|Intimidate|boost
|-unboost|p1a: Archaludon|atk|1
|-unboost|p1b: psyspam|atk|1
|-terastallize|p2b: Volcarona|Grass
|move|p2b: Volcarona|Giga Drain|p1b: psyspam
|-damage|p1b: psyspam|18/100
|-heal|p2b: Volcarona|96/100|[from] drain|[of] p1b: psyspam
|move|p1b: psyspam|Expanding Force|p2a: Incineroar|[spread] p2b
|-immune|p2a: Incineroar
|-damage|p2b: Volcarona|64/100
|move|p1a: Archaludon|Dragon Pulse|p2b: Volcarona
|-damage|p2b: Volcarona|33/100
|
|-heal|p2b: Volcarona|40/100|[from] item: Leftovers
|upkeep
|turn|6
|inactive|ExessVGC has 30 seconds left.
|inactive|alecfromkanto has 30 seconds left.
|inactive|ExessVGC has 20 seconds left.
|inactive|alecfromkanto has 20 seconds left.
|
|t:|1755046081
|move|p1b: psyspam|Protect|p1b: psyspam
|-singleturn|p1b: psyspam|Protect
|move|p1a: Archaludon|Protect|p1a: Archaludon
|-singleturn|p1a: Archaludon|Protect
|move|p2b: Volcarona|Flamethrower|p1a: Archaludon
|-activate|p1a: Archaludon|move: Protect
|move|p2a: Incineroar|Knock Off|p1b: psyspam
|-activate|p1b: psyspam|move: Protect
|
|-heal|p2b: Volcarona|46/100|[from] item: Leftovers
|-sideend|p2: alecfromkanto|move: Tailwind
|upkeep
|turn|7
|inactive|ExessVGC has 30 seconds left.
|
|t:|1755046111
|move|p2b: Volcarona|Protect|p2b: Volcarona
|-singleturn|p2b: Volcarona|Protect
|move|p1b: psyspam|Expanding Force|p2b: Volcarona|[spread] 
|-activate|p2b: Volcarona|move: Protect
|-immune|p2a: Incineroar
|move|p1a: Archaludon|Dragon Pulse|p2a: Incineroar
|-damage|p2a: Incineroar|0 fnt
|faint|p2a: Incineroar
|
|-heal|p2b: Volcarona|52/100|[from] item: Leftovers
|upkeep
|
|t:|1755046118
|switch|p2a: Whimsicott|Whimsicott, L50, F, shiny|9/100
|turn|8
|
|t:|1755046138
|switch|p1b: The Witch|Delphox, L50, F|100/100
|move|p2b: Volcarona|Flamethrower|p1a: Archaludon
|-damage|p1a: Archaludon|4/100
|-status|p1a: Archaludon|brn
|move|p2a: Whimsicott|Moonblast|p1b: The Witch
|-resisted|p1b: The Witch
|-damage|p1b: The Witch|81/100
|move|p1a: Archaludon|Dragon Pulse|p2b: Volcarona
|-damage|p2b: Volcarona|22/100
|
|-heal|p2b: Volcarona|29/100|[from] item: Leftovers
|-damage|p1a: Archaludon|0 fnt|[from] brn
|faint|p1a: Archaludon
|-sideend|p2: alecfromkanto|move: Light Screen
|-fieldend|move: Psychic Terrain
|upkeep
|
|t:|1755046153
|switch|p1a: psyspam|Indeedee, L50, M, tera:Psychic|18/100
|-fieldstart|move: Psychic Terrain|[from] ability: Psychic Surge|[of] p1a: psyspam
|turn|9
|inactive|ExessVGC has 30 seconds left.
|inactive|ExessVGC has 20 seconds left.
|
|t:|1755046191
|move|p2b: Volcarona|Protect|p2b: Volcarona
|-singleturn|p2b: Volcarona|Protect
|move|p1a: psyspam|Protect|p1a: psyspam
|-singleturn|p1a: psyspam|Protect
|move|p2a: Whimsicott|Tailwind|p2a: Whimsicott
|-sidestart|p2: alecfromkanto|move: Tailwind
|move|p1b: The Witch|Expanding Force|p2b: Volcarona|[spread] p2a
|-activate|p2b: Volcarona|move: Protect
|-crit|p2a: Whimsicott
|-damage|p2a: Whimsicott|0 fnt
|faint|p2a: Whimsicott
|
|-heal|p2b: Volcarona|35/100|[from] item: Leftovers
|upkeep
|
|t:|1755046198
|switch|p2a: Garchomp|Garchomp, L50, M, shiny|100/100
|turn|10
|
|t:|1755046221
|move|p2b: Volcarona|Flamethrower|p1a: psyspam
|-damage|p1a: psyspam|0 fnt
|faint|p1a: psyspam
|move|p2a: Garchomp|Stomping Tantrum|p1b: The Witch
|-supereffective|p1b: The Witch
|-damage|p1b: The Witch|0 fnt
|faint|p1b: The Witch
|-damage|p2a: Garchomp|91/100|[from] item: Life Orb
|
|win|alecfromkanto
|raw|ExessVGC's rating: 1209 → 1184(-25 for losing)
|raw|alecfromkanto's rating: 1207 → 1232(+25 for winning)
|l|☆ExessVGC
|player|p1|
