|j|☆Tizio20
|j|☆Luminar Kuzan
|html|Tizio20Luminar Kuzan    
|uhtml|bestof|Game 3 of a best-of-3
|t:|1756927253
|gametype|doubles
|player|p1|Tizio20|hilda-wonderlauncher|
|player|p2|Luminar Kuzan|marnie-masters3|
|gen|9
|tier|[Gen 9] VGC 2025 Reg H (Bo3)
|rule|Species Clause: Limit one of each Pokémon
|rule|Item Clause: Limit 1 of each item
|clearpoke
|poke|p1|Typhlosion-Hisui, L50, F|
|poke|p1|Whimsicott, L50, F|
|poke|p1|Gyarados, L50, F|
|poke|p1|Ursaluna-Bloodmoon, L50, M|
|poke|p1|Kingambit, L50, M|
|poke|p1|Gengar, L50, M|
|poke|p2|Indeedee-F, L50, F|
|poke|p2|Hatterene, L50, F|
|poke|p2|Gallade, L50, M|
|poke|p2|Ursaluna, L50, M|
|poke|p2|Lilligant-Hisui, L50, F|
|poke|p2|Torkoal, L50, M|
|teampreview|4
|showteam|p1|Typhlosion-Hisui||ChoiceSpecs|Blaze|Eruption,HeatWave,Overheat,ShadowBall|||F|||50|,,,,,Fire]Whimsicott||CovertCloak|Prankster|Tailwind,SunnyDay,FakeTears,Moonblast|||F|||50|,,,,,Water]Gyarados||SafetyGoggles|Intimidate|Waterfall,ThunderWave,Taunt,Protect|||F|||50|,,,,,Steel]Ursaluna-Bloodmoon||LifeOrb|MindsEye|Protect,BloodMoon,HyperVoice,EarthPower|||M|||50|,,,,,Normal]Kingambit||AssaultVest|Defiant|KowtowCleave,SuckerPunch,IronHead,LowKick|||M|||50|,,,,,Fairy]Gengar||FocusSash|CursedBody|SludgeBomb,ShadowBall,Haze,Protect|||M|||50|,,,,,Stellar
|showteam|p2|Indeedee-F||PsychicSeed|PsychicSurge|TrickRoom,FollowMe,HelpingHand,DazzlingGleam|||F|||50|,,,,,Fire]Hatterene||LifeOrb|MagicBounce|ExpandingForce,TrickRoom,DazzlingGleam,Protect|||F|||50|,,,,,Psychic]Gallade||ClearAmulet|Sharpness|PsychoCut,TrickRoom,SacredSword,WideGuard|||M|||50|,,,,,Grass]Ursaluna||FlameOrb|Guts|HeadlongRush,Facade,SwordsDance,Protect|||M|||50|,,,,,Ghost]Lilligant-Hisui||FocusSash|Chlorophyll|SolarBlade,SleepPowder,CloseCombat,AfterYou|||F|||50|,,,,,Ghost]Torkoal||ChoiceSpecs|Drought|Eruption,HeatWave,WeatherBall,EarthPower|||M|||50|,,,,,Fire
|inactive|Battle timer is ON: inactive players will automatically lose when time's up. (requested by Tizio20)
|inactive|Tizio20 has 60 seconds left.
|
|t:|1756927291
|teamsize|p1|4
|teamsize|p2|4
|start
|switch|p1a: Typhlosion|Typhlosion-Hisui, L50, F|100/100
|switch|p1b: Gyarados|Gyarados, L50, F|100/100
|switch|p2a: Lilligant|Lilligant-Hisui, L50, F, shiny|100/100
|switch|p2b: Torkoal|Torkoal, L50, M, shiny|100/100
|-ability|p1b: Gyarados|Intimidate|boost
|-unboost|p2a: Lilligant|atk|1
|-unboost|p2b: Torkoal|atk|1
|-weather|SunnyDay|[from] ability: Drought|[of] p2b: Torkoal
|turn|1
|inactive|Luminar Kuzan has 30 seconds left.
|inactive|Luminar Kuzan has 20 seconds left.
|inactive|Luminar Kuzan has 15 seconds left.
|inactive|Luminar Kuzan has 10 seconds left.
|
|t:|1756927338
|switch|p1a: Kingambit|Kingambit, L50, M|100/100
|move|p2a: Lilligant|Sleep Powder|p1a: Kingambit|[miss]
|-miss|p2a: Lilligant|p1a: Kingambit
|move|p1b: Gyarados|Taunt|p2a: Lilligant
|-start|p2a: Lilligant|move: Taunt
|move|p2b: Torkoal|Eruption|p1a: Kingambit|[spread] p1a,p1b
|-supereffective|p1a: Kingambit
|-resisted|p1b: Gyarados
|-damage|p1a: Kingambit|0 fnt
|-damage|p1b: Gyarados|53/100
|faint|p1a: Kingambit
|
|-weather|SunnyDay|[upkeep]
|upkeep
|
|t:|1756927351
|switch|p1a: Typhlosion|Typhlosion-Hisui, L50, F|100/100
|turn|2
|inactive|Luminar Kuzan has 30 seconds left.
|inactive|Luminar Kuzan has 20 seconds left.
|
|t:|1756927388
|switch|p2a: Indeedee|Indeedee-F, L50, F, shiny|100/100
|-fieldstart|move: Psychic Terrain|[from] ability: Psychic Surge|[of] p2a: Indeedee
|-enditem|p2a: Indeedee|Psychic Seed
|-boost|p2a: Indeedee|spd|1|[from] item: Psychic Seed
|move|p1a: Typhlosion|Heat Wave|p2b: Torkoal|[spread] p2a
|-miss|p1a: Typhlosion|p2b: Torkoal
|-damage|p2a: Indeedee|54/100
|move|p1b: Gyarados|Waterfall|p2b: Torkoal
|-supereffective|p2b: Torkoal
|-damage|p2b: Torkoal|73/100
|move|p2b: Torkoal|Eruption|p1b: Gyarados|[spread] p1a,p1b
|-resisted|p1a: Typhlosion
|-resisted|p1b: Gyarados
|-damage|p1a: Typhlosion|49/100
|-damage|p1b: Gyarados|17/100
|
|-weather|SunnyDay|[upkeep]
|upkeep
|turn|3
|
|t:|1756927409
|-terastallize|p1a: Typhlosion|Fire
|move|p1a: Typhlosion|Heat Wave|p2a: Indeedee|[spread] p2a,p2b
|-resisted|p2b: Torkoal
|-damage|p2a: Indeedee|0 fnt
|-damage|p2b: Torkoal|3/100
|faint|p2a: Indeedee
|move|p1b: Gyarados|Waterfall|p2b: Torkoal
|-supereffective|p2b: Torkoal
|-damage|p2b: Torkoal|0 fnt
|faint|p2b: Torkoal
|
|-weather|SunnyDay|[upkeep]
|upkeep
|
|t:|1756927414
|switch|p2a: Lilligant|Lilligant-Hisui, L50, F, shiny|100/100
|switch|p2b: Hatterene|Hatterene, L50, F, shiny|100/100
|turn|4
|
|t:|1756927432
|-terastallize|p2b: Hatterene|Psychic
|move|p2a: Lilligant|After You|p2b: Hatterene
|-activate|p2b: Hatterene|move: After You
|move|p2b: Hatterene|Expanding Force|p1b: Gyarados|[spread] p1a,p1b
|-damage|p1a: Typhlosion|0 fnt
|-damage|p1b: Gyarados|0 fnt
|faint|p1a: Typhlosion
|faint|p1b: Gyarados
|-damage|p2b: Hatterene|91/100|[from] item: Life Orb
|
|-weather|SunnyDay|[upkeep]
|upkeep
|
|t:|1756927436
|switch|p1b: Ursaluna|Ursaluna-Bloodmoon, L50, M|100/100
|turn|5
|c|☆Tizio20|gg
|
|t:|1756927442
|move|p2a: Lilligant|Close Combat|p1b: Ursaluna
|-supereffective|p1b: Ursaluna
|-damage|p1b: Ursaluna|9/100
|-unboost|p2a: Lilligant|def|1
|-unboost|p2a: Lilligant|spd|1
|move|p1b: Ursaluna|Hyper Voice|p2b: Hatterene|[spread] p2a,p2b
|-enditem|p2a: Lilligant|Focus Sash
|-damage|p2a: Lilligant|1/100
|-damage|p2b: Hatterene|32/100
|-damage|p1b: Ursaluna|0 fnt|[from] item: Life Orb
|faint|p1b: Ursaluna
|
|win|Luminar Kuzan
|c|☆Luminar Kuzan|gg
