|j|☆ev_evan
|j|☆Awammy
|html|ev_evanAwammy    
|uhtml|bestof|Game 1 of a best-of-3
|t:|1757777125
|gametype|doubles
|player|p1|ev_evan|170|
|player|p2|Awammy|colress|
|gen|9
|tier|[Gen 9] VGC 2025 Reg H (Bo3)
|rule|Species Clause: Limit one of each Pokémon
|rule|Item Clause: Limit 1 of each item
|clearpoke
|poke|p1|Baxcalibur, L50, F|
|poke|p1|Talonflame, L50, F|
|poke|p1|Gholdengo, L50|
|poke|p1|Rillaboom, L50, M|
|poke|p1|Ursaluna-Bloodmoon, L50, M|
|poke|p1|Malamar, L50, M|
|poke|p2|Rillaboom, L50, F|
|poke|p2|Kingambit, L50, F|
|poke|p2|Pelipper, L50, F|
|poke|p2|Archaludon, L50, F|
|poke|p2|Basculegion, L50, M|
|poke|p2|Amoonguss, L50, M|
|teampreview|4
|showteam|p1|Baxcalibur||LoadedDice|ThermalExchange|IceShard,IcicleSpear,ScaleShot,Protect|||F|||50|,,,,,Water]Talonflame||CovertCloak|GaleWings|Tailwind,Taunt,DualWingbeat,Ember|||F|||50|,,,,,Dark]Gholdengo||WeaknessPolicy|GoodasGold|MakeItRain,PowerGem,ShadowBall,Protect||||||50|,,,,,Dragon]Rillaboom||AssaultVest|GrassySurge|FakeOut,Uturn,WoodHammer,HighHorsepower|||M|||50|,,,,,Fire]Ursaluna-Bloodmoon||LifeOrb|MindsEye|Protect,HyperVoice,BloodMoon,EarthPower|||M|||50|,,,,,Normal]Malamar||SitrusBerry|Contrary|TopsyTurvy,Superpower,KnockOff,TrickRoom|||M|||50|,,,,,Water
|showteam|p2|Rillaboom||LoadedDice|GrassySurge|FakeOut,GrassyGlide,BulletSeed,Taunt|||F|||50|,,,,,Fire]Kingambit||SafetyGoggles|Defiant|KowtowCleave,SuckerPunch,SwordsDance,Protect|||F|||50|,,,,,Dark]Pelipper||FocusSash|Drizzle|Hurricane,WeatherBall,Tailwind,Protect|||F|||50|,,,,,Ground]Archaludon||AssaultVest|Stamina|ElectroShot,DragonPulse,FlashCannon,BodyPress|||F|||50|,,,,,Fairy]Basculegion||LifeOrb|SwiftSwim|WaveCrash,AquaJet,Protect,LastRespects|||M|||50|,,,,,Water]Amoonguss||SitrusBerry|Regenerator|Protect,Spore,RagePowder,PollenPuff|||M|||50|,,,,,Water
|inactive|Battle timer is ON: inactive players will automatically lose when time's up. (requested by Awammy)
|inactive|ev_evan also wants the timer to be on.
|j| 6XLP
|c|☆ev_evan|Glhf
|inactive|Awammy has 60 seconds left.
|inactive|Awammy has 30 seconds left.
|inactive|Awammy has 20 seconds left.
|inactive|Awammy has 15 seconds left.
|inactive|Awammy has 10 seconds left.
|inactive|Awammy has 5 seconds left.
|
|t:|1757777213
|teamsize|p1|4
|teamsize|p2|4
|start
|switch|p1a: Consider this|Talonflame, L50, F|100/100
|switch|p1b: BALD!!!|Baxcalibur, L50, F|100/100
|switch|p2a: Kingambit|Kingambit, L50, F, shiny|100/100
|switch|p2b: Pelipper|Pelipper, L50, F, shiny|100/100
|-weather|RainDance|[from] ability: Drizzle|[of] p2b: Pelipper
|turn|1
|inactive|Awammy has 30 seconds left.
|
|t:|1757777242
|switch|p2b: Archaludon|Archaludon, L50, F, shiny|100/100
|move|p1a: Consider this|Ember|p1b: BALD!!!
|-damage|p1b: BALD!!!|96/100
|-ability|p1b: BALD!!!|Thermal Exchange|boost
|-boost|p1b: BALD!!!|atk|1
|move|p1b: BALD!!!|Icicle Spear|p2b: Archaludon
|-damage|p2b: Archaludon|85/100
|-ability|p2b: Archaludon|Stamina|boost
|-boost|p2b: Archaludon|def|1
|-damage|p2b: Archaludon|76/100
|-ability|p2b: Archaludon|Stamina|boost
|-boost|p2b: Archaludon|def|1
|-damage|p2b: Archaludon|68/100
|-ability|p2b: Archaludon|Stamina|boost
|-boost|p2b: Archaludon|def|1
|-damage|p2b: Archaludon|61/100
|-ability|p2b: Archaludon|Stamina|boost
|-boost|p2b: Archaludon|def|1
|-hitcount|p2b: Archaludon|4
|move|p2a: Kingambit|Swords Dance|p2a: Kingambit
|-boost|p2a: Kingambit|atk|2
|
|-weather|RainDance|[upkeep]
|upkeep
|turn|2
|inactive|Awammy has 30 seconds left.
|inactive|Awammy has 20 seconds left.
|
|t:|1757777279
|move|p1b: BALD!!!|Protect|p1b: BALD!!!
|-singleturn|p1b: BALD!!!|Protect
|move|p1a: Consider this|Tailwind|p1a: Consider this
|-sidestart|p1: ev_evan|move: Tailwind
|move|p2a: Kingambit|Sucker Punch||[still]
|-fail|p2a: Kingambit
|move|p2b: Archaludon|Electro Shot||[still]
|-prepare|p2b: Archaludon|Electro Shot
|-boost|p2b: Archaludon|spa|1
|-anim|p2b: Archaludon|Electro Shot|p1a: Consider this
|-supereffective|p1a: Consider this
|-damage|p1a: Consider this|0 fnt
|faint|p1a: Consider this
|
|-weather|RainDance|[upkeep]
|upkeep
|
|t:|1757777288
|switch|p1a: AnkleBreaker9000|Malamar, L50, M|100/100
|turn|3
|
|t:|1757777309
|move|p1b: BALD!!!|Ice Shard|p2a: Kingambit
|-resisted|p2a: Kingambit
|-damage|p2a: Kingambit|88/100
|move|p1a: AnkleBreaker9000|Topsy-Turvy|p2b: Archaludon
|-invertboost|p2b: Archaludon|[from] move: Topsy-Turvy
|move|p2b: Archaludon|Electro Shot||[still]
|-prepare|p2b: Archaludon|Electro Shot
|-boost|p2b: Archaludon|spa|1
|-anim|p2b: Archaludon|Electro Shot|p1a: AnkleBreaker9000
|-damage|p1a: AnkleBreaker9000|49/100
|-enditem|p1a: AnkleBreaker9000|Sitrus Berry|[eat]
|-heal|p1a: AnkleBreaker9000|74/100|[from] item: Sitrus Berry
|move|p2a: Kingambit|Kowtow Cleave|p1a: AnkleBreaker9000
|-damage|p1a: AnkleBreaker9000|3/100
|
|-weather|RainDance|[upkeep]
|upkeep
|turn|4
|inactive|Awammy has 30 seconds left.
|
|t:|1757777336
|switch|p1a: Hanami|Rillaboom, L50, M|100/100
|-fieldstart|move: Grassy Terrain|[from] ability: Grassy Surge|[of] p1a: Hanami
|switch|p2b: Basculegion|Basculegion, L50, M|100/100
|move|p2a: Kingambit|Protect|p2a: Kingambit
|-singleturn|p2a: Kingambit|Protect
|move|p1b: BALD!!!|Icicle Spear|p2b: Basculegion
|-resisted|p2b: Basculegion
|-damage|p2b: Basculegion|88/100
|-resisted|p2b: Basculegion
|-damage|p2b: Basculegion|74/100
|-resisted|p2b: Basculegion
|-damage|p2b: Basculegion|60/100
|-resisted|p2b: Basculegion
|-damage|p2b: Basculegion|48/100
|-hitcount|p2b: Basculegion|4
|
|-weather|RainDance|[upkeep]
|-heal|p1b: BALD!!!|100/100|[from] Grassy Terrain
|-heal|p2b: Basculegion|54/100|[from] Grassy Terrain
|-heal|p2a: Kingambit|94/100|[from] Grassy Terrain
|upkeep
|turn|5
|inactive|Awammy has 30 seconds left.
|inactive|Awammy has 20 seconds left.
|
|t:|1757777375
|-terastallize|p2a: Kingambit|Dark
|move|p2b: Basculegion|Protect|p2b: Basculegion
|-singleturn|p2b: Basculegion|Protect
|move|p1b: BALD!!!|Scale Shot|p2b: Basculegion
|-activate|p2b: Basculegion|move: Protect
|move|p1a: Hanami|High Horsepower|p2a: Kingambit
|-crit|p2a: Kingambit
|-damage|p2a: Kingambit|56/100
|move|p2a: Kingambit|Kowtow Cleave|p1b: BALD!!!
|-damage|p1b: BALD!!!|0 fnt
|faint|p1b: BALD!!!
|
|-weather|none
|-heal|p2b: Basculegion|60/100|[from] Grassy Terrain
|-heal|p2a: Kingambit|62/100|[from] Grassy Terrain
|-sideend|p1: ev_evan|move: Tailwind
|upkeep
|
|t:|1757777385
|switch|p1b: AnkleBreaker9000|Malamar, L50, M|3/100
|turn|6
|
|t:|1757777396
|-terastallize|p1b: AnkleBreaker9000|Water
|move|p2b: Basculegion|Aqua Jet|p1b: AnkleBreaker9000
|-resisted|p1b: AnkleBreaker9000
|-crit|p1b: AnkleBreaker9000
|-damage|p1b: AnkleBreaker9000|0 fnt
|faint|p1b: AnkleBreaker9000
|-damage|p2b: Basculegion|50/100|[from] item: Life Orb
|move|p1a: Hanami|U-turn|p2a: Kingambit
|-supereffective|p2a: Kingambit
|-damage|p2a: Kingambit|29/100
|move|p2a: Kingambit|Kowtow Cleave|p1a: Hanami
|-damage|p1a: Hanami|0 fnt
|faint|p1a: Hanami
|
|win|Awammy
