|j|☆htrdbd
|j|☆hopiumoncrack
|html|htrdbdhopiumoncrack    
|uhtml|bestof|Game 1 of a best-of-3
|t:|1784654727
|gametype|doubles
|player|p1|htrdbd|2|1000
|player|p2|hopiumoncrack|1|1174
|gen|9
|tier|[Gen 9 Champions] VGC 2026 Reg M-B (Bo3)
|rated|
|rule|Species Clause: Limit one of each Pokémon
|rule|Item Clause: Limit 1 of each item
|clearpoke
|poke|p1|Whimsicott, L50, M|
|poke|p1|Maushold-Four, L50|
|poke|p1|Raichu, L50, M|
|poke|p1|Sneasler, L50, M|
|poke|p1|Sinistcha, L50|
|poke|p1|Staraptor, L50, F|
|poke|p2|Incineroar, L50, M, shiny|
|poke|p2|Farigiraf, L50, F, shiny|
|poke|p2|Mawile, L50, F, shiny|
|poke|p2|Basculegion, L50, M, shiny|
|poke|p2|Ninetales-Alola, L50, F|
|poke|p2|Dragonite, L50, F|
|teampreview|4
|showteam|p1|Whimsicott||FocusSash|Prankster|Tailwind,Protect,Moonblast,Charm|Bold||M|||50|]Maushold-Four||WideLens|Technician|PopulationBomb,Protect,PlayRough,SuperFang|Adamant|||||50|]Raichu||RaichuniteY|Static|FakeOut,ZapCannon,FocusBlast,Protect|Hasty||M|||50|]Sneasler||WhiteHerb|Unburden|CloseCombat,DireClaw,Protect,FakeOut|Adamant||M|||50|]Sinistcha||Leftovers|Hospitality|MatchaGotcha,RagePowder,Protect,LifeDew|Calm|||||50|]Staraptor||Staraptite|Intimidate|Protect,CloseCombat,DualWingbeat,Roost|Jolly||F|||50|
|showteam|p2|Incineroar||PasshoBerry|Intimidate|FakeOut,FlareBlitz,ThroatChop,PartingShot|Brave||M|||50|]Farigiraf||ColburBerry|ArmorTail|Protect,HelpingHand,Psychic,TrickRoom|Bold||F|||50|]Mawile||Mawilite|HyperCutter|Protect,PlayRough,SuckerPunch,SwordsDance|Brave||F|||50|]Basculegion||ChoiceScarf|Adaptability|WaveCrash,LastRespects,AquaJet,FlipTurn|Jolly||M|||50|]Ninetales-Alola||FocusSash|SnowWarning|Protect,Blizzard,FreezeDry,Moonblast|Timid||F|||50|]Dragonite||Dragoninite|InnerFocus|Protect,DragonPulse,Thunderbolt,HeatWave|Modest||F|||50|
|
|t:|1784654776
|teamsize|p1|4
|teamsize|p2|4
|start
|switch|p1a: Whimsicott|Whimsicott, L50, M|100/100
|switch|p1b: Raichu|Raichu, L50, M|100/100
|switch|p2a: Basculegion|Basculegion, L50, M, shiny|100/100
|switch|p2b: Incineroar|Incineroar, L50, M, shiny|100/100
|-ability|p2b: Incineroar|Intimidate|boost
|-unboost|p1a: Whimsicott|atk|1
|-unboost|p1b: Raichu|atk|1
|turn|1
|inactive|Battle timer is ON: inactive players will automatically lose when time's up. (requested by hopiumoncrack)
|
|t:|1784654807
|move|p1a: Whimsicott|Protect|p1a: Whimsicott
|-singleturn|p1a: Whimsicott|Protect
|move|p1b: Raichu|Protect|p1b: Raichu
|-singleturn|p1b: Raichu|Protect
|move|p2b: Incineroar|Fake Out|p1a: Whimsicott
|-activate|p1a: Whimsicott|move: Protect
|move|p2a: Basculegion|Flip Turn|p1b: Raichu
|-activate|p1b: Raichu|move: Protect
|
|upkeep
|turn|2
|inactive|hopiumoncrack has 30 seconds left.
|
|t:|1784654834
|switch|p2a: Ninetales|Ninetales-Alola, L50, F|100/100
|-weather|Snowscape|[from] ability: Snow Warning|[of] p2a: Ninetales
|detailschange|p1b: Raichu|Raichu-Mega-Y, L50, M
|-mega|p1b: Raichu|Raichu|Raichunite Y
|move|p1a: Whimsicott|Tailwind|p1a: Whimsicott
|-sidestart|p1: htrdbd|move: Tailwind
|move|p1b: Raichu|Zap Cannon|p2a: Ninetales
|-damage|p2a: Ninetales|14/100
|-status|p2a: Ninetales|par
|move|p2b: Incineroar|Parting Shot|p1b: Raichu
|-unboost|p1b: Raichu|atk|1
|-unboost|p1b: Raichu|spa|1
|
|t:|1784654848
|switch|p2b: Dragonite|Dragonite, L50, F|100/100|[from] Parting Shot
|
|-weather|Snowscape|[upkeep]
|upkeep
|turn|3
|inactive|hopiumoncrack has 30 seconds left.
|inactive|hopiumoncrack has 20 seconds left.
|inactive|hopiumoncrack has 15 seconds left.
|inactive|hopiumoncrack has 10 seconds left.
|
|t:|1784654894
|switch|p1b: Maushold|Maushold-Four, L50|100/100
|switch|p2a: Incineroar|Incineroar, L50, M, shiny|100/100
|-ability|p2a: Incineroar|Intimidate|boost
|-unboost|p1a: Whimsicott|atk|1
|-unboost|p1b: Maushold|atk|1
|detailschange|p2b: Dragonite|Dragonite-Mega, L50, F
|-mega|p2b: Dragonite|Dragonite|Dragoninite
|move|p1a: Whimsicott|Moonblast|p2a: Incineroar
|-damage|p2a: Incineroar|79/100
|move|p2b: Dragonite|Heat Wave|p1a: Whimsicott|[spread] p1a,p1b
|-supereffective|p1a: Whimsicott|1
|-damage|p1a: Whimsicott|36/100
|-damage|p1b: Maushold|51/100
|
|-weather|Snowscape|[upkeep]
|upkeep
|turn|4
|inactive|hopiumoncrack has 30 seconds left.
|
|t:|1784654920
|move|p2a: Incineroar|Fake Out|p1a: Whimsicott
|-damage|p1a: Whimsicott|22/100
|move|p1b: Maushold|Population Bomb|p2b: Dragonite
|-damage|p2b: Dragonite|96/100
|-damage|p2b: Dragonite|88/100
|-damage|p2b: Dragonite|81/100
|-damage|p2b: Dragonite|73/100
|-damage|p2b: Dragonite|66/100
|-damage|p2b: Dragonite|58/100
|-damage|p2b: Dragonite|51/100
|-damage|p2b: Dragonite|44/100
|-damage|p2b: Dragonite|35/100
|-damage|p2b: Dragonite|27/100
|-hitcount|p2b: Dragonite|10
|cant|p1a: Whimsicott|flinch
|move|p2b: Dragonite|Heat Wave|p1a: Whimsicott|[spread] p1a,p1b
|-supereffective|p1a: Whimsicott|1
|-damage|p1a: Whimsicott|0 fnt
|-damage|p1b: Maushold|10/100
|faint|p1a: Whimsicott
|
|-weather|Snowscape|[upkeep]
|upkeep
|
|t:|1784654943
|switch|p1a: Sneasler|Sneasler, L50, M|100/100
|turn|5
|
|t:|1784654957
|switch|p2a: Basculegion|Basculegion, L50, M, shiny|100/100
|move|p2b: Dragonite|Protect|p2b: Dragonite
|-singleturn|p2b: Dragonite|Protect
|move|p1a: Sneasler|Close Combat|p2a: Basculegion
|-immune|p2a: Basculegion
|move|p1b: Maushold|Population Bomb|p2b: Dragonite
|-activate|p2b: Dragonite|move: Protect
|
|-weather|Snowscape|[upkeep]
|-sideend|p1: htrdbd|move: Tailwind
|upkeep
|turn|6
|inactive|hopiumoncrack has 30 seconds left.
|inactive|hopiumoncrack has 20 seconds left.
|-message|htrdbd forfeited.
|
|win|hopiumoncrack
