|j|☆arkjsmith
|j|☆Schroombert
|html|arkjsmithSchroombert    
|uhtml|bestof|Game 3 of a best-of-3
|t:|1756638514
|gametype|doubles
|player|p1|arkjsmith|roxie|1223
|player|p2|Schroombert|rancher|1329
|gen|9
|tier|[Gen 9] VGC 2025 Reg H (Bo3)
|rated|
|rule|Species Clause: Limit one of each Pokémon
|rule|Item Clause: Limit 1 of each item
|clearpoke
|poke|p1|Dragonite, L50, M|
|poke|p1|Ninetales-Alola, L50, M|
|poke|p1|Annihilape, L50, F|
|poke|p1|Rillaboom, L50, M|
|poke|p1|Gholdengo, L50|
|poke|p1|Ursaluna-Bloodmoon, L50, M|
|poke|p2|Tyranitar, L50, M|
|poke|p2|Kilowattrel, L50, M|
|poke|p2|Garchomp, L50, M|
|poke|p2|Archaludon, L50, M|
|poke|p2|Sneasler, L50, M|
|poke|p2|Indeedee, L50, M|
|teampreview|4
|showteam|p1|Dragonite||LoadedDice|Multiscale|ScaleShot,ExtremeSpeed,Tailwind,Protect|||M|||50|,,,,,Fairy]Ninetales-Alola||LightClay|SnowWarning|IcicleSpear,AuroraVeil,Blizzard,IcyWind|||M|||50|,,,,,Ghost]Annihilape||SafetyGoggles|Defiant|RageFist,DrainPunch,BulkUp,Protect|||F|||50|,,,,,Fire]Rillaboom||MiracleSeed|GrassySurge|WoodHammer,GrassyGlide,FakeOut,Protect|||M|||50|,,,,,Grass]Gholdengo||LifeOrb|GoodasGold|MakeItRain,ShadowBall,NastyPlot,Protect||||||50|,,,,,Water]Ursaluna-Bloodmoon||AssaultVest|MindsEye|BloodMoon,HyperVoice,EarthPower,VacuumWave|||M|||50|,,,,,Ghost
|showteam|p2|Tyranitar||AssaultVest|SandStream|KnockOff,RockSlide,LowKick,TeraBlast|||M|||50|,,,,,Flying]Kilowattrel||CovertCloak|Competitive|Thunderbolt,AirSlash,Electroweb,Tailwind|||M|||50|,,,,,Grass]Garchomp||LifeOrb|SandVeil|Earthquake,DragonClaw,StompingTantrum,Protect|||M|||50|,,,,,Steel]Archaludon||PowerHerb|Sturdy|ElectroShot,DracoMeteor,FlashCannon,Protect|||M|||50|,,,,,Stellar]Sneasler||PsychicSeed|Unburden|CloseCombat,DireClaw,ThroatChop,Protect|||M|||50|,,,,,Dark]Indeedee||FocusSash|PsychicSurge|ExpandingForce,TeraBlast,Imprison,TrickRoom|||M|||50|,,,,,Ground
|inactive|Battle timer is ON: inactive players will automatically lose when time's up. (requested by arkjsmith)
|inactive|Schroombert also wants the timer to be on.
|inactive|arkjsmith has 60 seconds left.
|
|t:|1756638546
|teamsize|p1|4
|teamsize|p2|4
|start
|switch|p1a: Annihilape|Annihilape, L50, F|100/100
|switch|p1b: Ursaluna|Ursaluna-Bloodmoon, L50, M|100/100
|switch|p2a: Kilowattrel|Kilowattrel, L50, M, shiny|100/100
|switch|p2b: Archaludon|Archaludon, L50, M, shiny|100/100
|turn|1
|inactive|arkjsmith has 30 seconds left.
|inactive|Schroombert has 30 seconds left.
|inactive|arkjsmith has 20 seconds left.
|
|t:|1756638581
|move|p2b: Archaludon|Protect|p2b: Archaludon
|-singleturn|p2b: Archaludon|Protect
|move|p1b: Ursaluna|Vacuum Wave|p2b: Archaludon
|-activate|p2b: Archaludon|move: Protect
|move|p2a: Kilowattrel|Tailwind|p2a: Kilowattrel
|-sidestart|p2: Schroombert|move: Tailwind
|move|p1a: Annihilape|Drain Punch|p2b: Archaludon
|-activate|p2b: Archaludon|move: Protect
|
|upkeep
|turn|2
|
|t:|1756638599
|move|p1a: Annihilape|Protect|p1a: Annihilape
|-singleturn|p1a: Annihilape|Protect
|move|p2a: Kilowattrel|Air Slash|p1b: Ursaluna
|-damage|p1b: Ursaluna|83/100
|move|p2b: Archaludon|Electro Shot||[still]
|-prepare|p2b: Archaludon|Electro Shot
|-boost|p2b: Archaludon|spa|1
|-enditem|p2b: Archaludon|Power Herb
|-anim|p2b: Archaludon|Electro Shot|p1a: Annihilape
|-activate|p1a: Annihilape|move: Protect
|move|p1b: Ursaluna|Earth Power|p2b: Archaludon
|-supereffective|p2b: Archaludon
|-ability|p2b: Archaludon|Sturdy
|-damage|p2b: Archaludon|1/100
|
|upkeep
|turn|3
|inactive|arkjsmith has 30 seconds left.
|
|t:|1756638624
|switch|p2a: Indeedee|Indeedee, L50, M|100/100
|-fieldstart|move: Psychic Terrain|[from] ability: Psychic Surge|[of] p2a: Indeedee
|switch|p1a: Rillaboom|Rillaboom, L50, M|100/100
|-fieldstart|move: Grassy Terrain|[from] ability: Grassy Surge|[of] p1a: Rillaboom
|move|p1b: Ursaluna|Vacuum Wave|p2b: Archaludon
|-supereffective|p2b: Archaludon
|-damage|p2b: Archaludon|0 fnt
|faint|p2b: Archaludon
|
|-heal|p1b: Ursaluna|89/100|[from] Grassy Terrain
|upkeep
|
|t:|1756638637
|switch|p2b: Kilowattrel|Kilowattrel, L50, M, shiny|100/100
|turn|4
|
|t:|1756638649
|switch|p2a: Sneasler|Sneasler, L50, M|100/100
|move|p1a: Rillaboom|Fake Out|p2b: Kilowattrel
|-damage|p2b: Kilowattrel|77/100
|move|p2b: Kilowattrel|Air Slash|p1a: Rillaboom
|-supereffective|p1a: Rillaboom
|-damage|p1a: Rillaboom|29/100
|move|p1b: Ursaluna|Blood Moon|p2b: Kilowattrel
|-damage|p2b: Kilowattrel|0 fnt
|faint|p2b: Kilowattrel
|
|-heal|p1a: Rillaboom|35/100|[from] Grassy Terrain
|-heal|p1b: Ursaluna|95/100|[from] Grassy Terrain
|-sideend|p2: Schroombert|move: Tailwind
|upkeep
|
|t:|1756638661
|switch|p2b: Indeedee|Indeedee, L50, M|100/100
|-fieldstart|move: Psychic Terrain|[from] ability: Psychic Surge|[of] p2b: Indeedee
|-enditem|p2a: Sneasler|Psychic Seed
|-boost|p2a: Sneasler|spd|1|[from] item: Psychic Seed
|turn|5
|
|t:|1756638680
|switch|p1a: Ninetales|Ninetales-Alola, L50, M|100/100
|-weather|Snowscape|[from] ability: Snow Warning|[of] p1a: Ninetales
|-terastallize|p1b: Ursaluna|Ghost
|move|p2a: Sneasler|Close Combat|p1b: Ursaluna
|-immune|p1b: Ursaluna
|move|p2b: Indeedee|Expanding Force|p1a: Ninetales|[spread] p1a,p1b
|-damage|p1a: Ninetales|47/100
|-damage|p1b: Ursaluna|61/100
|move|p1b: Ursaluna|Earth Power|p2a: Sneasler
|-supereffective|p2a: Sneasler
|-damage|p2a: Sneasler|6/100
|
|-weather|Snowscape|[upkeep]
|upkeep
|turn|6
|inactive|arkjsmith has 30 seconds left.
|
|t:|1756638711
|switch|p1a: Rillaboom|Rillaboom, L50, M|35/100
|-fieldstart|move: Grassy Terrain|[from] ability: Grassy Surge|[of] p1a: Rillaboom
|move|p2a: Sneasler|Protect|p2a: Sneasler
|-singleturn|p2a: Sneasler|Protect
|move|p1b: Ursaluna|Vacuum Wave|p2a: Sneasler
|-activate|p2a: Sneasler|move: Protect
|move|p2b: Indeedee|Expanding Force|p1b: Ursaluna
|-damage|p1b: Ursaluna|37/100
|
|-weather|Snowscape|[upkeep]
|-heal|p2a: Sneasler|12/100|[from] Grassy Terrain
|-heal|p1a: Rillaboom|41/100|[from] Grassy Terrain
|-heal|p1b: Ursaluna|43/100|[from] Grassy Terrain
|upkeep
|turn|7
|
|t:|1756638729
|move|p2a: Sneasler|Protect||[still]
|-fail|p2a: Sneasler
|move|p1a: Rillaboom|Fake Out|p2a: Sneasler
|-damage|p2a: Sneasler|0 fnt
|faint|p2a: Sneasler
|move|p2b: Indeedee|Expanding Force|p1b: Ursaluna
|-damage|p1b: Ursaluna|18/100
|move|p1b: Ursaluna|Blood Moon|p2b: Indeedee
|-enditem|p2b: Indeedee|Focus Sash
|-damage|p2b: Indeedee|1/100
|
|-weather|Snowscape|[upkeep]
|-heal|p2b: Indeedee|7/100|[from] Grassy Terrain
|-heal|p1a: Rillaboom|47/100|[from] Grassy Terrain
|-heal|p1b: Ursaluna|24/100|[from] Grassy Terrain
|upkeep
|turn|8
|-message|Schroombert forfeited.
|raw|arkjsmith's rating: 1223 → 1255(+32 for winning)
|raw|Schroombert's rating: 1329 → 1303(-26 for losing)
|
|win|arkjsmith
|l|☆Schroombert
|player|p2|
