|j|☆Olciax34
|j|☆Gastrosophilipp
|html|Olciax34Gastrosophilipp    
|uhtml|bestof|Game 2 of a best-of-3
|t:|1784644971
|gametype|doubles
|player|p1|Olciax34|266|1233
|player|p2|Gastrosophilipp|juan|1286
|gen|9
|tier|[Gen 9 Champions] VGC 2026 Reg M-B (Bo3)
|rated|
|rule|Species Clause: Limit one of each Pokémon
|rule|Item Clause: Limit 1 of each item
|clearpoke
|poke|p1|Charizard, L50, F|
|poke|p1|Whimsicott, L50, F|
|poke|p1|Garchomp, L50, M|
|poke|p1|Incineroar, L50, F|
|poke|p1|Basculegion, L50, M|
|poke|p1|Floette-Eternal, L50, F|
|poke|p2|Espathra, L50, F|
|poke|p2|Ninetales-Alola, L50, M|
|poke|p2|Raichu, L50, M|
|poke|p2|Vaporeon, L50, M|
|poke|p2|Sinistcha, L50|
|poke|p2|Incineroar, L50, M|
|teampreview|4
|showteam|p1|Charizard||CharizarditeY|SolarPower|HeatWave,WeatherBall,SolarBeam,Protect|Modest||F|||50|]Whimsicott||FocusSash|Prankster|Moonblast,Tailwind,Encore,Protect|Timid||F|||50|]Garchomp||LifeOrb|RoughSkin|Earthquake,DragonClaw,RockSlide,Protect|Jolly||M|||50|]Incineroar||SitrusBerry|Intimidate|FakeOut,ThroatChop,FlareBlitz,PartingShot|Careful||F|||50|]Basculegion||ChoiceScarf|Adaptability|WaveCrash,FlipTurn,LastRespects,AquaJet|Jolly||M|||50|]Floette-Eternal||Floettite|FlowerVeil|DrainingKiss,Moonblast,CalmMind,Protect|Modest||F|||50|
|showteam|p2|Espathra||LifeOrb|SpeedBoost|LuminaCrash,EnergyBall,LightScreen,Protect|Timid||F|||50|]Ninetales-Alola||SitrusBerry|SnowWarning|Blizzard,FreezeDry,AuroraVeil,Protect|Timid||M|||50|]Raichu||RaichuniteY|LightningRod|ZapCannon,FocusBlast,FakeOut,Protect|Timid||M|||50|]Vaporeon||Leftovers|WaterAbsorb|Scald,IceBeam,CalmMind,Protect|Modest||M|||50|]Sinistcha||OccaBerry|Hospitality|MatchaGotcha,LifeDew,TrickRoom,RagePowder|Bold|||||50|]Incineroar||PasshoBerry|Intimidate|FlareBlitz,DarkestLariat,FakeOut,PartingShot|Careful||M|||50|
|inactive|Battle timer is ON: inactive players will automatically lose when time's up. (requested by Gastrosophilipp)
|inactive|Olciax34 has 60 seconds left.
|inactive|Gastrosophilipp has 60 seconds left.
|
|t:|1784645031
|teamsize|p1|4
|teamsize|p2|4
|start
|switch|p1a: Floette|Floette-Eternal, L50, F|100/100
|switch|p1b: Incineroar|Incineroar, L50, F|100/100
|switch|p2a: Raichu|Raichu, L50, M|100/100
|switch|p2b: Vaporeon|Vaporeon, L50, M|100/100
|-ability|p1b: Incineroar|Intimidate|boost
|-unboost|p2a: Raichu|atk|1
|-unboost|p2b: Vaporeon|atk|1
|turn|1
|l|☆Olciax34
|inactive|Olciax34 disconnected and has a minute to reconnect!
|player|p1|
|j|☆Olciax34
|inactive|Olciax34 reconnected and has 40 seconds left.
|player|p1|Olciax34|266|
|inactive|Olciax34 has 30 seconds left.
|
|t:|1784645057
|detailschange|p2a: Raichu|Raichu-Mega-Y, L50, M
|-mega|p2a: Raichu|Raichu|Raichunite Y
|detailschange|p1a: Floette|Floette-Mega, L50, F
|-mega|p1a: Floette|Floette|Floettite
|-ability|p1a: Floette|Fairy Aura
|move|p2a: Raichu|Fake Out|p1b: Incineroar
|-damage|p1b: Incineroar|95/100
|cant|p1b: Incineroar|flinch
|move|p1a: Floette|Calm Mind|p1a: Floette
|-boost|p1a: Floette|spa|1
|-boost|p1a: Floette|spd|1
|move|p2b: Vaporeon|Calm Mind|p2b: Vaporeon
|-boost|p2b: Vaporeon|spa|1
|-boost|p2b: Vaporeon|spd|1
|
|upkeep
|turn|2
|inactive|Olciax34 has 30 seconds left.
|inactive|Gastrosophilipp has 30 seconds left.
|inactive|Gastrosophilipp has 20 seconds left.
|inactive|Gastrosophilipp has 15 seconds left.
|
|t:|1784645097
|move|p2a: Raichu|Zap Cannon|p1a: Floette
|-damage|p1a: Floette|70/100
|-status|p1a: Floette|par
|move|p2b: Vaporeon|Calm Mind|p2b: Vaporeon
|-boost|p2b: Vaporeon|spa|1
|-boost|p2b: Vaporeon|spd|1
|move|p1b: Incineroar|Parting Shot|p2b: Vaporeon
|-unboost|p2b: Vaporeon|atk|1
|-unboost|p2b: Vaporeon|spa|1
|
|t:|1784645110
|switch|p1b: Basculegion|Basculegion, L50, M|100/100|[from] Parting Shot
|move|p1a: Floette|Draining Kiss|p2a: Raichu
|-damage|p2a: Raichu|19/100
|-heal|p1a: Floette|100/100 par|[from] drain|[of] p2a: Raichu
|
|upkeep
|turn|3
|inactive|Gastrosophilipp has 30 seconds left.
|
|t:|1784645139
|move|p2a: Raichu|Protect|p2a: Raichu
|-singleturn|p2a: Raichu|Protect
|move|p1b: Basculegion|Flip Turn|p2a: Raichu
|-activate|p2a: Raichu|move: Protect
|move|p2b: Vaporeon|Scald|p1b: Basculegion
|-resisted|p1b: Basculegion|1
|-damage|p1b: Basculegion|68/100
|cant|p1a: Floette|par
|
|upkeep
|turn|4
|inactive|Gastrosophilipp has 30 seconds left.
|inactive|Gastrosophilipp has 20 seconds left.
|j| pandahp
|inactive|Gastrosophilipp has 15 seconds left.
|
|t:|1784645180
|switch|p2a: Sinistcha|Sinistcha, L50|100/100
|move|p1b: Basculegion|Flip Turn|p2a: Sinistcha
|-resisted|p2a: Sinistcha|1
|-damage|p2a: Sinistcha|84/100
|
|t:|1784645197
|switch|p1b: Garchomp|Garchomp, L50, M|100/100|[from] Flip Turn
|move|p2b: Vaporeon|Ice Beam|p1b: Garchomp
|-supereffective|p1b: Garchomp|2
|-damage|p1b: Garchomp|0 fnt
|faint|p1b: Garchomp
|move|p1a: Floette|Calm Mind|p1a: Floette
|-boost|p1a: Floette|spa|1
|-boost|p1a: Floette|spd|1
|
|upkeep
|
|t:|1784645211
|switch|p1b: Incineroar|Incineroar, L50, F|95/100
|-ability|p1b: Incineroar|Intimidate|boost
|-unboost|p2a: Sinistcha|atk|1
|-unboost|p2b: Vaporeon|atk|1
|turn|5
|
|t:|1784645233
|switch|p2a: Incineroar|Incineroar, L50, M|100/100
|-ability|p2a: Incineroar|Intimidate|boost
|-unboost|p1a: Floette|atk|1
|-unboost|p1b: Incineroar|atk|1
|move|p1b: Incineroar|Fake Out|p2b: Vaporeon
|-damage|p2b: Vaporeon|91/100
|cant|p2b: Vaporeon|flinch
|move|p1a: Floette|Calm Mind|p1a: Floette
|-boost|p1a: Floette|spa|1
|-boost|p1a: Floette|spd|1
|
|-heal|p2b: Vaporeon|98/100|[from] item: Leftovers
|upkeep
|turn|6
|
|t:|1784645253
|move|p2a: Incineroar|Fake Out|p1a: Floette
|-damage|p1a: Floette|89/100 par
|move|p2b: Vaporeon|Calm Mind|p2b: Vaporeon
|-boost|p2b: Vaporeon|spa|1
|-boost|p2b: Vaporeon|spd|1
|move|p1b: Incineroar|Parting Shot|p2a: Incineroar
|-unboost|p2a: Incineroar|atk|1
|-unboost|p2a: Incineroar|spa|1
|
|t:|1784645262
|switch|p1b: Basculegion|Basculegion, L50, M|68/100|[from] Parting Shot
|cant|p1a: Floette|flinch
|
|-heal|p2b: Vaporeon|100/100|[from] item: Leftovers
|upkeep
|turn|7
|inactive|Gastrosophilipp has 30 seconds left.
|inactive|Gastrosophilipp has 20 seconds left.
|inactive|Gastrosophilipp has 15 seconds left.
|
|t:|1784645305
|move|p1b: Basculegion|Flip Turn|p2a: Incineroar
|-supereffective|p2a: Incineroar|1
|-enditem|p2a: Incineroar|Passho Berry|[eat]
|-enditem|p2a: Incineroar|Passho Berry|[weaken]
|-damage|p2a: Incineroar|68/100
|
|t:|1784645309
|switch|p1b: Incineroar|Incineroar, L50, F|95/100|[from] Flip Turn
|-ability|p1b: Incineroar|Intimidate|boost
|-unboost|p2a: Incineroar|atk|1
|-unboost|p2b: Vaporeon|atk|1
|move|p2b: Vaporeon|Scald|p1b: Incineroar
|-supereffective|p1b: Incineroar|1
|-damage|p1b: Incineroar|0 fnt
|faint|p1b: Incineroar
|move|p2a: Incineroar|Parting Shot|p1a: Floette
|-unboost|p1a: Floette|atk|1
|-unboost|p1a: Floette|spa|1
|
|t:|1784645324
|switch|p2a: Sinistcha|Sinistcha, L50|84/100|[from] Parting Shot
|move|p1a: Floette|Draining Kiss|p2a: Sinistcha
|-damage|p2a: Sinistcha|10/100
|-heal|p1a: Floette|100/100 par|[from] drain|[of] p2a: Sinistcha
|
|upkeep
|
|t:|1784645332
|switch|p1b: Basculegion|Basculegion, L50, M|68/100
|turn|8
|inactive|Olciax34 has 30 seconds left.
|
|t:|1784645358
|move|p2a: Sinistcha|Rage Powder|p2a: Sinistcha
|-singleturn|p2a: Sinistcha|move: Rage Powder
|move|p1b: Basculegion|Last Respects|p2a: Sinistcha
|-supereffective|p2a: Sinistcha|1
|-damage|p2a: Sinistcha|0 fnt
|faint|p2a: Sinistcha
|move|p2b: Vaporeon|Scald|p1b: Basculegion
|-resisted|p1b: Basculegion|1
|-damage|p1b: Basculegion|29/100
|move|p1a: Floette|Moonblast|p2b: Vaporeon
|-damage|p2b: Vaporeon|58/100
|
|-heal|p2b: Vaporeon|64/100|[from] item: Leftovers
|upkeep
|
|t:|1784645373
|switch|p2a: Incineroar|Incineroar, L50, M|68/100
|-ability|p2a: Incineroar|Intimidate|boost
|-unboost|p1a: Floette|atk|1
|-unboost|p1b: Basculegion|atk|1
|turn|9
|inactive|Gastrosophilipp has 30 seconds left.
|inactive|Gastrosophilipp has 20 seconds left.
|
|t:|1784645409
|move|p2a: Incineroar|Fake Out|p1a: Floette
|-damage|p1a: Floette|89/100 par
|move|p1b: Basculegion|Last Respects|p2b: Vaporeon
|-damage|p2b: Vaporeon|2/100
|move|p2b: Vaporeon|Scald|p1b: Basculegion
|-resisted|p1b: Basculegion|1
|-damage|p1b: Basculegion|0 fnt
|faint|p1b: Basculegion
|cant|p1a: Floette|flinch
|
|-heal|p2b: Vaporeon|8/100|[from] item: Leftovers
|upkeep
|turn|10
|inactive|Gastrosophilipp has 30 seconds left.
|
|t:|1784645438
|move|p2b: Vaporeon|Protect|p2b: Vaporeon
|-singleturn|p2b: Vaporeon|Protect
|move|p1a: Floette|Protect|p1a: Floette
|-singleturn|p1a: Floette|Protect
|move|p2a: Incineroar|Flare Blitz|p1a: Floette
|-activate|p1a: Floette|move: Protect
|
|-heal|p2b: Vaporeon|14/100|[from] item: Leftovers
|upkeep
|turn|11
|
|t:|1784645462
|move|p2b: Vaporeon|Scald|p1a: Floette
|-crit|p1a: Floette
|-damage|p1a: Floette|11/100 par
|move|p2a: Incineroar|Flare Blitz|p1a: Floette
|-damage|p1a: Floette|0 fnt
|faint|p1a: Floette
|-damage|p2a: Incineroar|65/100|[from] Recoil
|
|win|Gastrosophilipp
