|j|☆jackpaulsartre33
|j|‽Hhhhjkjhffgb
|html|jackpaulsartre33Hhhhjkjhffgb    
|uhtml|bestof|Game 2 of a best-of-3
|t:|1785461907
|gametype|doubles
|player|p1|jackpaulsartre33|silver|1085
|player|p2|Hhhhjkjhffgb|ingo|1040
|gen|9
|tier|[Gen 9 Champions] VGC 2026 Reg M-B (Bo3)
|rated|
|rule|Species Clause: Limit one of each Pokémon
|rule|Item Clause: Limit 1 of each item
|clearpoke
|poke|p1|Gengar, L50, F|
|poke|p1|Incineroar, L50, M|
|poke|p1|Ninetales-Alola, L50, F|
|poke|p1|Garchomp, L50, F|
|poke|p1|Kingambit, L50, F|
|poke|p1|Charizard, L50, F|
|poke|p2|Eelektross, L50, F|
|poke|p2|Garchomp, L50, M|
|poke|p2|Whimsicott, L50, M|
|poke|p2|Metagross, L50|
|poke|p2|Hydreigon, L50, M|
|poke|p2|Basculegion, L50, M|
|teampreview|4
|showteam|p1|Gengar||Gengarite|CursedBody|Protect,ShadowBall,SludgeBomb,PerishSong|Timid||F|||50|]Incineroar||SitrusBerry|Intimidate|Protect,PartingShot,ThroatChop,FakeOut|Impish||M|||50|]Ninetales-Alola||NeverMeltIce|SnowWarning|Protect,Blizzard,FreezeDry,IcyWind|Timid||F|||50|]Garchomp||LifeOrb|RoughSkin|Protect,DragonClaw,StompingTantrum,RockSlide|Jolly||F|||50|]Kingambit||FocusSash|Defiant|Protect,KowtowCleave,SuckerPunch,LowKick|Adamant||F|||50|]Charizard||CharizarditeY|Blaze|Protect,HeatWave,SolarBeam,WeatherBall|Modest||F|||50|
|showteam|p2|Eelektross||Eelektrossite|Levitate|Thunderbolt,Flamethrower,GigaDrain,Protect|Timid||F|||50|]Garchomp||LifeOrb|RoughSkin|Earthquake,DragonClaw,RockSlide,Protect|Jolly||M|||50|]Whimsicott||FocusSash|Prankster|Tailwind,Encore,Moonblast,Protect|Timid||M|||50|]Metagross||Metagrossite|ClearBody|IronHead,PsychicFangs,BodyPress,Protect|Jolly|||||50|]Hydreigon||ChoiceScarf|Levitate|DarkPulse,DracoMeteor,Snarl,HeatWave|Modest||M|||50|]Basculegion||MysticWater|Adaptability|WaveCrash,LastRespects,AquaJet,Protect|Jolly||M|||50|
|inactive|Battle timer is ON: inactive players will automatically lose when time's up. (requested by Hhhhjkjhffgb)
|inactive|jackpaulsartre33 also wants the timer to be on.
|inactive|Hhhhjkjhffgb has 60 seconds left.
|
|t:|1785461943
|teamsize|p1|4
|teamsize|p2|4
|start
|switch|p1a: Incineroar|Incineroar, L50, M|100/100
|switch|p1b: Gengar|Gengar, L50, F|100/100
|switch|p2a: Garchomp|Garchomp, L50, M|100/100
|switch|p2b: Hydreigon|Hydreigon, L50, M|100/100
|-ability|p1a: Incineroar|Intimidate|boost
|-unboost|p2a: Garchomp|atk|1
|-unboost|p2b: Hydreigon|atk|1
|turn|1
|
|t:|1785461967
|detailschange|p1b: Gengar|Gengar-Mega, L50, F
|-mega|p1b: Gengar|Gengar|Gengarite
|move|p1a: Incineroar|Fake Out|p2b: Hydreigon
|-damage|p2b: Hydreigon|87/100
|cant|p2b: Hydreigon|flinch
|move|p1b: Gengar|Perish Song|p1b: Gengar
|-start|p1a: Incineroar|perish3|[silent]
|-start|p1b: Gengar|perish3|[silent]
|-start|p2a: Garchomp|perish3|[silent]
|-start|p2b: Hydreigon|perish3|[silent]
|-fieldactivate|move: Perish Song
|move|p2a: Garchomp|Earthquake|p1a: Incineroar|[spread] p1a,p1b
|-immune|p2b: Hydreigon|[from] ability: Levitate
|-supereffective|p1a: Incineroar|1
|-supereffective|p1b: Gengar|1
|-damage|p1a: Incineroar|50/100y
|-damage|p1b: Gengar|29/100
|-enditem|p1a: Incineroar|Sitrus Berry|[eat]
|-heal|p1a: Incineroar|74/100|[from] item: Sitrus Berry
|-damage|p2a: Garchomp|90/100|[from] item: Life Orb
|
|-start|p2b: Hydreigon|perish3
|-start|p1b: Gengar|perish3
|-start|p2a: Garchomp|perish3
|-start|p1a: Incineroar|perish3
|upkeep
|turn|2
|
|t:|1785461991
|move|p1b: Gengar|Protect|p1b: Gengar
|-singleturn|p1b: Gengar|Protect
|move|p1a: Incineroar|Protect|p1a: Incineroar
|-singleturn|p1a: Incineroar|Protect
|move|p2b: Hydreigon|Dark Pulse|p1b: Gengar
|-activate|p1b: Gengar|move: Protect
|move|p2a: Garchomp|Earthquake|p1b: Gengar|[spread] 
|-activate|p1a: Incineroar|move: Protect
|-activate|p1b: Gengar|move: Protect
|-immune|p2b: Hydreigon|[from] ability: Levitate
|
|-start|p2b: Hydreigon|perish2
|-start|p1b: Gengar|perish2
|-start|p2a: Garchomp|perish2
|-start|p1a: Incineroar|perish2
|upkeep
|turn|3
|
|t:|1785462013
|switch|p1b: Garchomp|Garchomp, L50, F|100/100
|move|p2b: Hydreigon|Dark Pulse|p1b: Garchomp
|-damage|p1b: Garchomp|52/100
|move|p2a: Garchomp|Earthquake|p1b: Garchomp|[spread] p1a,p1b
|-immune|p2b: Hydreigon|[from] ability: Levitate
|-supereffective|p1a: Incineroar|1
|-damage|p1a: Incineroar|23/100
|-damage|p1b: Garchomp|17/100
|-damage|p2a: Garchomp|80/100|[from] item: Life Orb
|move|p1a: Incineroar|Parting Shot|p2b: Hydreigon
|-unboost|p2b: Hydreigon|atk|1
|-unboost|p2b: Hydreigon|spa|1
|
|t:|1785462026
|switch|p1a: Gengar|Gengar-Mega, L50, F|29/100|[from] Parting Shot
|
|-start|p2b: Hydreigon|perish1
|-start|p2a: Garchomp|perish1
|upkeep
|turn|4
|
|t:|1785462035
|move|p1a: Gengar|Protect|p1a: Gengar
|-singleturn|p1a: Gengar|Protect
|move|p1b: Garchomp|Protect|p1b: Garchomp
|-singleturn|p1b: Garchomp|Protect
|move|p2b: Hydreigon|Dark Pulse|p1b: Garchomp
|-activate|p1b: Garchomp|move: Protect
|move|p2a: Garchomp|Earthquake|p1b: Garchomp|[spread] 
|-activate|p1a: Gengar|move: Protect
|-activate|p1b: Garchomp|move: Protect
|-immune|p2b: Hydreigon|[from] ability: Levitate
|
|-start|p2b: Hydreigon|perish0
|-start|p2a: Garchomp|perish0
|faint|p2b: Hydreigon
|faint|p2a: Garchomp
|upkeep
|
|t:|1785462039
|switch|p2a: Eelektross|Eelektross, L50, F|100/100
|switch|p2b: Basculegion|Basculegion, L50, M|100/100
|turn|5
|inactive|jackpaulsartre33 has 30 seconds left.
|inactive|jackpaulsartre33 has 20 seconds left.
|inactive|jackpaulsartre33 has 15 seconds left.
|
|t:|1785462080
|switch|p1b: Incineroar|Incineroar, L50, M|23/100
|-ability|p1b: Incineroar|Intimidate|boost
|-unboost|p2a: Eelektross|atk|1
|-unboost|p2b: Basculegion|atk|1
|detailschange|p2a: Eelektross|Eelektross-Mega, L50, F
|-mega|p2a: Eelektross|Eelektross|Eelektrossite
|move|p1a: Gengar|Perish Song|p1a: Gengar
|-start|p1a: Gengar|perish3|[silent]
|-start|p1b: Incineroar|perish3|[silent]
|-start|p2a: Eelektross|perish3|[silent]
|-start|p2b: Basculegion|perish3|[silent]
|-fieldactivate|move: Perish Song
|move|p2a: Eelektross|Giga Drain|p1b: Incineroar
|-resisted|p1b: Incineroar|1
|-damage|p1b: Incineroar|10/100
|move|p2b: Basculegion|Last Respects|p1a: Gengar
|-supereffective|p1a: Gengar|1
|-damage|p1a: Gengar|0 fnt
|faint|p1a: Gengar
|
|-start|p2a: Eelektross|perish3
|-start|p2b: Basculegion|perish3
|-start|p1b: Incineroar|perish3
|upkeep
|
|t:|1785462097
|switch|p1a: Garchomp|Garchomp, L50, F|17/100
|turn|6
|inactive|jackpaulsartre33 has 30 seconds left.
|
|t:|1785462128
|switch|p1b: Ninetales|Ninetales-Alola, L50, F|100/100
|-weather|Snowscape|[from] ability: Snow Warning|[of] p1b: Ninetales
|move|p1a: Garchomp|Protect|p1a: Garchomp
|-singleturn|p1a: Garchomp|Protect
|move|p2a: Eelektross|Thunderbolt|p1b: Ninetales
|-damage|p1b: Ninetales|49/100
|move|p2b: Basculegion|Wave Crash|p1b: Ninetales
|-damage|p1b: Ninetales|0 fnt
|faint|p1b: Ninetales
|-damage|p2b: Basculegion|86/100|[from] Recoil
|
|-weather|Snowscape|[upkeep]
|-start|p2a: Eelektross|perish2
|-start|p2b: Basculegion|perish2
|upkeep
|
|t:|1785462145
|switch|p1b: Incineroar|Incineroar, L50, M|10/100
|-ability|p1b: Incineroar|Intimidate|boost
|-unboost|p2a: Eelektross|atk|1
|-unboost|p2b: Basculegion|atk|1
|turn|7
|
|t:|1785462160
|move|p1b: Incineroar|Fake Out|p2a: Eelektross
|-damage|p2a: Eelektross|86/100
|move|p2b: Basculegion|Aqua Jet|p1a: Garchomp
|-damage|p1a: Garchomp|2/100
|-damage|p2b: Basculegion|74/100|[from] ability: Rough Skin|[of] p1a: Garchomp
|move|p1a: Garchomp|Dragon Claw|p2b: Basculegion
|-damage|p2b: Basculegion|2/100
|-damage|p1a: Garchomp|0 fnt|[from] item: Life Orb
|faint|p1a: Garchomp
|cant|p2a: Eelektross|flinch
|
|-weather|Snowscape|[upkeep]
|-start|p2a: Eelektross|perish1
|-start|p2b: Basculegion|perish1
|upkeep
|turn|8
|
|t:|1785462172
|move|p1b: Incineroar|Protect|p1b: Incineroar
|-singleturn|p1b: Incineroar|Protect
|move|p2b: Basculegion|Aqua Jet|p1b: Incineroar
|-activate|p1b: Incineroar|move: Protect
|move|p2a: Eelektross|Thunderbolt|p1b: Incineroar
|-activate|p1b: Incineroar|move: Protect
|
|-weather|Snowscape|[upkeep]
|-start|p2a: Eelektross|perish0
|-start|p2b: Basculegion|perish0
|faint|p2a: Eelektross
|faint|p2b: Basculegion
|
|win|jackpaulsartre33
|raw|jackpaulsartre33's rating: 1085 → 1109(+24 for winning)
|raw|Hhhhjkjhffgb's rating: 1040 → 1026(-14 for losing)
|l|‽Hhhhjkjhffgb
|player|p2|
