|j|☆Drunkenhitmontop
|j|☆KyleTampy
|html|DrunkenhitmontopKyleTampy    
|uhtml|bestof|Game 1 of a best-of-3
|t:|1785730358
|gametype|doubles
|player|p1|Drunkenhitmontop|265|1093
|player|p2|KyleTampy|lucian|1000
|gen|9
|tier|[Gen 9 Champions] VGC 2026 Reg M-B (Bo3)
|rated|
|rule|Species Clause: Limit one of each Pokémon
|rule|Item Clause: Limit 1 of each item
|clearpoke
|poke|p1|Eelektross, L50, M|
|poke|p1|Farigiraf, L50, F|
|poke|p1|Hydreigon, L50, M|
|poke|p1|Klefki, L50, F|
|poke|p1|Annihilape, L50, M|
|poke|p1|Swampert, L50, M|
|poke|p2|Staraptor, L50, F|
|poke|p2|Whimsicott, L50, M|
|poke|p2|Basculegion, L50, M|
|poke|p2|Dragalge, L50, M|
|poke|p2|Scizor, L50, F|
|poke|p2|Incineroar, L50, M|
|teampreview|4
|showteam|p1|Eelektross||Eelektrossite|Levitate|Coil,SupercellSlam,DrainPunch,PsychicFangs|Adamant||M|||50|]Farigiraf||MentalHerb|ArmorTail|TrickRoom,TwinBeam,Protect,HelpingHand|Sassy||F|||50|]Hydreigon||ChoiceScarf|Levitate|DracoMeteor,DarkPulse,EarthPower,Tailwind|Modest||M|||50|]Klefki||LightClay|Prankster|LightScreen,Reflect,RainDance,Safeguard|Bold||F|||50|]Annihilape||Leftovers|Defiant|BulkUp,Taunt,DrainPunch,RageFist|Careful||M|||50|]Swampert||Swampertite|Torrent|Protect,Liquidation,HighHorsepower,IcePunch|Adamant||M|||50|
|showteam|p2|Staraptor||Staraptite|Intimidate|BraveBird,CloseCombat,Uturn,Protect|Jolly||F|||50|]Whimsicott||FocusSash|Prankster|Charm,Tailwind,Moonblast,Encore|Timid||M|||50|]Basculegion||SitrusBerry|Adaptability|FlipTurn,WaveCrash,LastRespects,Protect|Adamant||M|||50|]Dragalge||Dragalgite|Adaptability|SludgeBomb,DragonPulse,FlipTurn,Protect|Relaxed||M|||50|]Scizor||LifeOrb|Technician|BulletPunch,CloseCombat,BugBite,Protect|Adamant||F|||50|]Incineroar||ShucaBerry|Intimidate|FakeOut,FlareBlitz,DarkestLariat,PartingShot|Careful||M|||50|
|inactive|Battle timer is ON: inactive players will automatically lose when time's up. (requested by Drunkenhitmontop)
|
|t:|1785730426
|teamsize|p1|4
|teamsize|p2|4
|start
|switch|p1a: Klefki|Klefki, L50, F|100/100
|switch|p1b: Farigiraf|Farigiraf, L50, F|100/100
|switch|p2a: Staraptor|Staraptor, L50, F|100/100
|switch|p2b: Whimsicott|Whimsicott, L50, M|100/100
|-ability|p2a: Staraptor|Intimidate|boost
|-unboost|p1a: Klefki|atk|1
|-unboost|p1b: Farigiraf|atk|1
|turn|1
|
|t:|1785730446
|detailschange|p2a: Staraptor|Staraptor-Mega, L50, F
|-mega|p2a: Staraptor|Staraptor|Staraptite
|move|p2b: Whimsicott|Charm|p2a: Staraptor
|-boost|p2a: Staraptor|atk|2
|move|p1a: Klefki|Reflect|p1a: Klefki
|-sidestart|p1: Drunkenhitmontop|Reflect
|move|p2a: Staraptor|Close Combat|p1a: Klefki
|-damage|p1a: Klefki|34/100
|-boost|p2a: Staraptor|def|1
|-boost|p2a: Staraptor|spd|1
|move|p1b: Farigiraf|Trick Room|p1b: Farigiraf
|-fieldstart|move: Trick Room|[of] p1b: Farigiraf
|
|upkeep
|turn|2
|
|t:|1785730464
|move|p1a: Klefki|Light Screen|p1a: Klefki
|-sidestart|p1: Drunkenhitmontop|move: Light Screen
|move|p2b: Whimsicott|Charm|p2a: Staraptor
|-boost|p2a: Staraptor|atk|2
|move|p1b: Farigiraf|Twin Beam|p2a: Staraptor
|-supereffective|p2a: Staraptor|1
|-damage|p2a: Staraptor|78/100
|-supereffective|p2a: Staraptor|1
|-damage|p2a: Staraptor|53/100
|-hitcount|p2a: Staraptor|2
|move|p2a: Staraptor|Close Combat|p1b: Farigiraf
|-damage|p1b: Farigiraf|0 fnt
|-boost|p2a: Staraptor|def|1
|-boost|p2a: Staraptor|spd|1
|faint|p1b: Farigiraf
|
|upkeep
|
|t:|1785730480
|switch|p1b: Eelektross|Eelektross, L50, M|100/100
|turn|3
|
|t:|1785730496
|detailschange|p1b: Eelektross|Eelektross-Mega, L50, M
|-mega|p1b: Eelektross|Eelektross|Eelektrossite
|move|p2a: Staraptor|Protect|p2a: Staraptor
|-singleturn|p2a: Staraptor|Protect
|move|p1a: Klefki|Safeguard|p1a: Klefki
|-sidestart|p1: Drunkenhitmontop|Safeguard
|move|p2b: Whimsicott|Charm|p1b: Eelektross
|-unboost|p1b: Eelektross|atk|2
|move|p1b: Eelektross|Supercell Slam|p2a: Staraptor
|-activate|p2a: Staraptor|move: Protect
|-damage|p1b: Eelektross|50/100y|[from] supercellslam
|
|upkeep
|turn|4
|inactive|Drunkenhitmontop has 30 seconds left.
|inactive|Drunkenhitmontop has 20 seconds left.
|
|t:|1785730533
|move|p1a: Klefki|Rain Dance|p1a: Klefki
|-weather|RainDance
|move|p2b: Whimsicott|Charm|p1b: Eelektross
|-unboost|p1b: Eelektross|atk|2
|move|p1b: Eelektross|Supercell Slam|p2a: Staraptor
|-supereffective|p2a: Staraptor|1
|-crit|p2a: Staraptor
|-damage|p2a: Staraptor|0 fnt
|faint|p2a: Staraptor
|-ability|p1b: Eelektross|Eelevate|boost
|-boost|p1b: Eelektross|atk|1
|
|-weather|RainDance|[upkeep]
|upkeep
|
|t:|1785730549
|switch|p2a: Scizor|Scizor, L50, F|100/100
|turn|5
|
|t:|1785730556
|switch|p1a: Annihilape|Annihilape, L50, M|100/100
|move|p2b: Whimsicott|Encore||[still]
|-fail|p2b: Whimsicott
|move|p2a: Scizor|Bug Bite|p1b: Eelektross
|-damage|p1b: Eelektross|1/100
|-damage|p2a: Scizor|90/100|[from] item: Life Orb
|move|p1b: Eelektross|Coil|p1b: Eelektross
|-boost|p1b: Eelektross|atk|1
|-boost|p1b: Eelektross|def|1
|-boost|p1b: Eelektross|accuracy|1
|
|-weather|RainDance|[upkeep]
|-fieldend|move: Trick Room
|upkeep
|turn|6
|
|t:|1785730577
|move|p2a: Scizor|Bullet Punch|p1b: Eelektross
|-resisted|p1b: Eelektross|1
|-damage|p1b: Eelektross|0 fnt
|faint|p1b: Eelektross
|-damage|p2a: Scizor|81/100|[from] item: Life Orb
|move|p2b: Whimsicott|Moonblast|p1a: Annihilape
|-supereffective|p1a: Annihilape|1
|-damage|p1a: Annihilape|73/100
|move|p1a: Annihilape|Bulk Up|p1a: Annihilape
|-boost|p1a: Annihilape|atk|1
|-boost|p1a: Annihilape|def|1
|
|-weather|RainDance|[upkeep]
|-heal|p1a: Annihilape|79/100|[from] item: Leftovers
|upkeep
|
|t:|1785730585
|switch|p1b: Klefki|Klefki, L50, F|34/100
|turn|7
|
|t:|1785730595
|move|p2b: Whimsicott|Encore|p1a: Annihilape
|-start|p1a: Annihilape|Encore
|move|p1b: Klefki|Safeguard||[still]
|-fail|p1b: Klefki
|move|p2a: Scizor|Bullet Punch|p1b: Klefki
|-damage|p1b: Klefki|9/100
|-damage|p2a: Scizor|71/100|[from] item: Life Orb
|move|p1a: Annihilape|Bulk Up|p1a: Annihilape
|-boost|p1a: Annihilape|atk|1
|-boost|p1a: Annihilape|def|1
|
|-weather|RainDance|[upkeep]
|-heal|p1a: Annihilape|85/100|[from] item: Leftovers
|-sideend|p1: Drunkenhitmontop|Safeguard
|upkeep
|turn|8
|-message|Drunkenhitmontop forfeited.
|
|win|KyleTampy
|l|☆Drunkenhitmontop
|player|p1|
|raw|Drunkenhitmontop's rating: 1093 → 1063(-30 for losing)
|raw|KyleTampy's rating: 1000 → 1050(+50 for winning)
