|j|☆FosaNando
|j|☆PokeLucho
|html|FosaNandoPokeLucho    
|uhtml|bestof|Game 2 of a best-of-3
|t:|1756699774
|gametype|doubles
|player|p1|FosaNando|pokefan|
|player|p2|PokeLucho|170|
|gen|9
|tier|[Gen 9] VGC 2025 Reg H (Bo3)
|rule|Species Clause: Limit one of each Pokémon
|rule|Item Clause: Limit 1 of each item
|clearpoke
|poke|p1|Pelipper, L50, F|
|poke|p1|Archaludon, L50, M|
|poke|p1|Maushold, L50|
|poke|p1|Rillaboom, L50, F|
|poke|p1|Volcarona, L50, M|
|poke|p1|Kingambit, L50, M|
|poke|p2|Electabuzz, L50, M|
|poke|p2|Kingambit, L50, M|
|poke|p2|Rillaboom, L50, M|
|poke|p2|Sneasler, L50, F|
|poke|p2|Volcarona, L50, F|
|poke|p2|Dragonite, L50, M|
|teampreview|4
|showteam|p1|Pelipper||DampRock|Drizzle|Hurricane,WeatherBall,WideGuard,Protect|||F|||50|,,,,,Stellar]Archaludon||AssaultVest|Stamina|FlashCannon,DragonPulse,ElectroShot,BodyPress|||M|||50|,,,,,Fairy]Maushold||WideLens|Technician|PopulationBomb,FollowMe,HelpingHand,ThunderWave||||||50|,,,,,Ghost]Rillaboom||MiracleSeed|GrassySurge|GrassyGlide,FakeOut,Uturn,HighHorsepower|||F|||50|,,,,,Fire]Volcarona||SitrusBerry|FlameBody|HeatWave,GigaDrain,QuiverDance,Protect|||M|||50|,,,,,Grass]Kingambit||BlackGlasses|Defiant|KowtowCleave,IronHead,SuckerPunch,Protect|||M|||50|,,,,,Dark
|showteam|p2|Electabuzz||Eviolite|VitalSpirit|Thunderbolt,Taunt,FollowMe,Protect|||M|||50|,,,,,Ghost]Kingambit||BlackGlasses|Defiant|KowtowCleave,SuckerPunch,SwordsDance,Protect|||M|||50|,,,,,Dark]Rillaboom||AssaultVest|GrassySurge|FakeOut,HighHorsepower,WoodHammer,GrassyGlide|||M|||50|,,,,,Fire]Sneasler||FocusSash|PoisonTouch|DireClaw,CloseCombat,FakeOut,Coaching|||F|||50|,,,,,Stellar]Volcarona||Leftovers|FlameBody|HeatWave,TeraBlast,QuiverDance,Protect|||F|||50|,,,,,Fairy]Dragonite||LoadedDice|Multiscale|ExtremeSpeed,ScaleShot,Protect,Haze|||M|||50|,,,,,Steel
|inactive|Battle timer is ON: inactive players will automatically lose when time's up. (requested by FosaNando)
|inactive|PokeLucho has 60 seconds left.
|
|t:|1756699826
|teamsize|p1|4
|teamsize|p2|4
|start
|switch|p1a: Pelipper|Pelipper, L50, F|100/100
|switch|p1b: Archaludon|Archaludon, L50, M|100/100
|switch|p2a: Dragonite|Dragonite, L50, M|100/100
|switch|p2b: Electabuzz|Electabuzz, L50, M|100/100
|-weather|RainDance|[from] ability: Drizzle|[of] p1a: Pelipper
|turn|1
|inactive|FosaNando has 30 seconds left.
|inactive|PokeLucho has 30 seconds left.
|inactive|PokeLucho has 20 seconds left.
|inactive|PokeLucho has 15 seconds left.
|
|t:|1756699869
|switch|p1a: Maushold|Maushold, L50|100/100
|-terastallize|p1b: Archaludon|Fairy
|move|p2a: Dragonite|Protect|p2a: Dragonite
|-singleturn|p2a: Dragonite|Protect
|move|p2b: Electabuzz|Thunderbolt|p1b: Archaludon
|-damage|p1b: Archaludon|79/100
|-ability|p1b: Archaludon|Stamina|boost
|-boost|p1b: Archaludon|def|1
|move|p1b: Archaludon|Electro Shot||[still]
|-prepare|p1b: Archaludon|Electro Shot
|-boost|p1b: Archaludon|spa|1
|-anim|p1b: Archaludon|Electro Shot|p2a: Dragonite
|-activate|p2a: Dragonite|move: Protect
|
|-weather|RainDance|[upkeep]
|upkeep
|turn|2
|inactive|PokeLucho has 30 seconds left.
|inactive|PokeLucho has 20 seconds left.
|inactive|PokeLucho has 15 seconds left.
|
|t:|1756699913
|-terastallize|p2a: Dragonite|Steel
|move|p1a: Maushold|Population Bomb|p2b: Electabuzz
|-damage|p2b: Electabuzz|91/100
|-damage|p2b: Electabuzz|82/100
|-crit|p2b: Electabuzz
|-damage|p2b: Electabuzz|66/100
|-damage|p2b: Electabuzz|55/100
|-damage|p2b: Electabuzz|46/100
|-damage|p2b: Electabuzz|37/100
|-damage|p2b: Electabuzz|27/100
|-damage|p2b: Electabuzz|17/100
|-damage|p2b: Electabuzz|7/100
|-damage|p2b: Electabuzz|0 fnt
|faint|p2b: Electabuzz
|-hitcount|p2: Electabuzz|10
|move|p2a: Dragonite|Haze|p2a: Dragonite
|-clearallboost
|move|p1b: Archaludon|Electro Shot||[still]
|-prepare|p1b: Archaludon|Electro Shot
|-boost|p1b: Archaludon|spa|1
|-anim|p1b: Archaludon|Electro Shot|p2a: Dragonite
|-damage|p2a: Dragonite|70/100
|
|-weather|RainDance|[upkeep]
|upkeep
|
|t:|1756699923
|switch|p2b: Sneasler|Sneasler, L50, F|100/100
|turn|3
|inactive|FosaNando has 30 seconds left.
|inactive|PokeLucho has 30 seconds left.
|inactive|FosaNando has 20 seconds left.
|inactive|PokeLucho has 20 seconds left.
|inactive|PokeLucho has 15 seconds left.
|inactive|FosaNando has 15 seconds left.
|inactive|PokeLucho has 10 seconds left.
|inactive|FosaNando has 10 seconds left.
|
|t:|1756699975
|move|p2b: Sneasler|Fake Out|p1b: Archaludon
|-damage|p1b: Archaludon|69/100
|-ability|p1b: Archaludon|Stamina|boost
|-boost|p1b: Archaludon|def|1
|move|p1a: Maushold|Thunder Wave|p2b: Sneasler
|-status|p2b: Sneasler|par
|move|p2a: Dragonite|Scale Shot|p1a: Maushold
|-damage|p1a: Maushold|76/100
|-damage|p1a: Maushold|52/100
|-damage|p1a: Maushold|29/100
|-damage|p1a: Maushold|6/100
|-hitcount|p1a: Maushold|4
|-unboost|p2a: Dragonite|def|1
|-boost|p2a: Dragonite|spe|1
|cant|p1b: Archaludon|flinch
|
|-weather|RainDance|[upkeep]
|upkeep
|turn|4
|
|t:|1756699999
|move|p2a: Dragonite|Extreme Speed|p1a: Maushold
|-damage|p1a: Maushold|0 fnt
|faint|p1a: Maushold
|move|p1b: Archaludon|Body Press|p2a: Dragonite
|-supereffective|p2a: Dragonite
|-damage|p2a: Dragonite|0 fnt
|faint|p2a: Dragonite
|cant|p2b: Sneasler|par
|
|-weather|RainDance|[upkeep]
|upkeep
|
|t:|1756700010
|switch|p1a: Volcarona|Volcarona, L50, M|100/100
|switch|p2a: Volcarona|Volcarona, L50, F|100/100
|turn|5
|inactive|PokeLucho has 30 seconds left.
|
|t:|1756700041
|move|p2a: Volcarona|Heat Wave|p1a: Volcarona|[spread] p1a
|-miss|p2a: Volcarona|p1b: Archaludon
|-damage|p1a: Volcarona|85/100
|move|p1a: Volcarona|Quiver Dance|p1a: Volcarona
|-boost|p1a: Volcarona|spa|1
|-boost|p1a: Volcarona|spd|1
|-boost|p1a: Volcarona|spe|1
|move|p1b: Archaludon|Electro Shot||[still]
|-prepare|p1b: Archaludon|Electro Shot
|-boost|p1b: Archaludon|spa|1
|-anim|p1b: Archaludon|Electro Shot|p2b: Sneasler
|-crit|p2b: Sneasler
|-enditem|p2b: Sneasler|Focus Sash
|-damage|p2b: Sneasler|1/100 par
|move|p2b: Sneasler|Dire Claw|p1a: Volcarona
|-damage|p1a: Volcarona|28/100
|-status|p1a: Volcarona|psn
|-enditem|p1a: Volcarona|Sitrus Berry|[eat]
|-heal|p1a: Volcarona|53/100 psn|[from] item: Sitrus Berry
|
|-weather|RainDance|[upkeep]
|-damage|p1a: Volcarona|41/100 psn|[from] psn
|upkeep
|turn|6
|inactive|FosaNando has 30 seconds left.
|inactive|PokeLucho has 30 seconds left.
|
|t:|1756700074
|move|p1a: Volcarona|Giga Drain|p2b: Sneasler
|-resisted|p2b: Sneasler
|-damage|p2b: Sneasler|0 fnt
|-heal|p1a: Volcarona|41/100 psn|[from] drain|[of] p2b: Sneasler
|faint|p2b: Sneasler
|move|p2a: Volcarona|Heat Wave|p1a: Volcarona|[spread] p1a
|-miss|p2a: Volcarona|p1b: Archaludon
|-damage|p1a: Volcarona|32/100 psn
|move|p1b: Archaludon|Electro Shot||[still]
|-prepare|p1b: Archaludon|Electro Shot
|-boost|p1b: Archaludon|spa|1
|-anim|p1b: Archaludon|Electro Shot|p2a: Volcarona
|-damage|p2a: Volcarona|8/100
|
|-weather|RainDance|[upkeep]
|-heal|p2a: Volcarona|14/100|[from] item: Leftovers
|-damage|p1a: Volcarona|19/100 psn|[from] psn
|upkeep
|turn|7
|-message|PokeLucho forfeited.
|
|win|FosaNando
|l|☆FosaNando
|player|p1|
