|j|☆vuelve chusooo
|j|☆Navizz0
|html|vuelve chusoooNavizz0    
|uhtml|bestof|Game 1 of a best-of-3
|t:|1785412032
|gametype|doubles
|player|p1|vuelve chusooo|fisherman-gen4|1219
|player|p2|Navizz0|ethan|1398
|gen|9
|tier|[Gen 9 Champions] VGC 2026 Reg M-B (Bo3)
|rated|
|rule|Species Clause: Limit one of each Pokémon
|rule|Item Clause: Limit 1 of each item
|clearpoke
|poke|p1|Swampert, L50, F|
|poke|p1|Pelipper, L50, M|
|poke|p1|Archaludon, L50, M|
|poke|p1|Floette-Eternal, L50, F|
|poke|p1|Basculegion, L50, M|
|poke|p1|Incineroar, L50, F|
|poke|p2|Blaziken, L50, F|
|poke|p2|Ninetales-Alola, L50, M|
|poke|p2|Sinistcha, L50|
|poke|p2|Aerodactyl, L50, M|
|poke|p2|Kingambit, L50, F|
|poke|p2|Basculegion, L50, M|
|teampreview|4
|showteam|p1|Swampert||Swampertite|Torrent|WaveCrash,Earthquake,IcePunch,Protect|Adamant||F|||50|]Pelipper||FocusSash|Drizzle|WeatherBall,Hurricane,Tailwind,Protect|Modest||M|||50|]Archaludon||Leftovers|Stamina|DragonPulse,FlashCannon,ElectroShot,Protect|Modest||M|||50|]Floette-Eternal||Floettite|FlowerVeil|Moonblast,DazzlingGleam,LightofRuin,Protect|Modest||F|||50|]Basculegion||ChoiceScarf|Adaptability|WaveCrash,LastRespects,AquaJet,FlipTurn|Adamant||M|||50|]Incineroar||SitrusBerry|Intimidate|FakeOut,PartingShot,FlareBlitz,ThroatChop|Careful||F|||50|
|showteam|p2|Blaziken||Blazikenite|SpeedBoost|AuraSphere,HeatWave,ScorchingSands,Detect|Modest||F|||50|]Ninetales-Alola||LifeOrb|SnowWarning|Blizzard,FreezeDry,Moonblast,Protect|Timid||M|||50|]Sinistcha||SitrusBerry|Hospitality|MatchaGotcha,Protect,TrickRoom,RagePowder|Calm|||||50|]Aerodactyl||Aerodactylite|Unnerve|RockSlide,DualWingbeat,WideGuard,Tailwind|Jolly||M|||50|]Kingambit||FocusSash|Defiant|SuckerPunch,IronHead,Protect,KowtowCleave|Adamant||F|||50|]Basculegion||ChoiceScarf|Adaptability|LastRespects,WaveCrash,AquaJet,FlipTurn|Jolly||M|||50|
|inactive|Battle timer is ON: inactive players will automatically lose when time's up. (requested by Navizz0)
|inactive|vuelve chusooo has 60 seconds left.
|inactive|vuelve chusooo has 30 seconds left.
|inactive|vuelve chusooo has 20 seconds left.
|inactive|vuelve chusooo has 15 seconds left.
|inactive|vuelve chusooo has 10 seconds left.
|inactive|vuelve chusooo has 5 seconds left.
|
|t:|1785412119
|teamsize|p1|4
|teamsize|p2|4
|start
|switch|p1a: Incineroar|Incineroar, L50, F|100/100
|switch|p1b: Floette|Floette-Eternal, L50, F|100/100
|switch|p2a: Basculegion|Basculegion, L50, M|100/100
|switch|p2b: Blaziken|Blaziken, L50, F|100/100
|-ability|p1a: Incineroar|Intimidate|boost
|-unboost|p2a: Basculegion|atk|1
|-unboost|p2b: Blaziken|atk|1
|turn|1
|inactive|vuelve chusooo has 30 seconds left.
|inactive|Navizz0 has 30 seconds left.
|inactive|vuelve chusooo has 20 seconds left.
|inactive|vuelve chusooo has 15 seconds left.
|inactive|vuelve chusooo has 10 seconds left.
|inactive|vuelve chusooo has 5 seconds left.
|
|t:|1785412173
|detailschange|p1b: Floette|Floette-Mega, L50, F
|-mega|p1b: Floette|Floette|Floettite
|-ability|p1b: Floette|Fairy Aura
|move|p1b: Floette|Protect|p1b: Floette
|-singleturn|p1b: Floette|Protect
|move|p2b: Blaziken|Detect|p2b: Blaziken
|-singleturn|p2b: Blaziken|Protect
|move|p2a: Basculegion|Flip Turn|p1b: Floette
|-activate|p1b: Floette|move: Protect
|move|p1a: Incineroar|Throat Chop|p2a: Basculegion
|-supereffective|p2a: Basculegion|1
|-damage|p2a: Basculegion|19/100
|-start|p2a: Basculegion|Throat Chop|[silent]
|
|-ability|p2b: Blaziken|Speed Boost|boost
|-boost|p2b: Blaziken|spe|1
|upkeep
|turn|2
|inactive|vuelve chusooo has 30 seconds left.
|inactive|vuelve chusooo has 20 seconds left.
|
|t:|1785412210
|switch|p1a: Basculegion|Basculegion, L50, M|100/100
|detailschange|p2b: Blaziken|Blaziken-Mega, L50, F
|-mega|p2b: Blaziken|Blaziken|Blazikenite
|move|p2b: Blaziken|Heat Wave|p1a: Basculegion|[spread] p1a,p1b
|-resisted|p1a: Basculegion|1
|-damage|p1a: Basculegion|76/100
|-damage|p1b: Floette|67/100
|move|p2a: Basculegion|Flip Turn|p1b: Floette
|-damage|p1b: Floette|38/100
|
|t:|1785412224
|switch|p2a: Sinistcha|Sinistcha, L50|100/100|[from] Flip Turn
|move|p1b: Floette|Dazzling Gleam|p2a: Sinistcha|[spread] p2a,p2b
|-damage|p2a: Sinistcha|51/100
|-damage|p2b: Blaziken|38/100
|
|-ability|p2b: Blaziken|Speed Boost|boost
|-boost|p2b: Blaziken|spe|1
|upkeep
|turn|3
|inactive|vuelve chusooo has 30 seconds left.
|inactive|vuelve chusooo has 20 seconds left.
|inactive|vuelve chusooo has 15 seconds left.
|inactive|vuelve chusooo has 10 seconds left.
|
|t:|1785412271
|move|p2b: Blaziken|Detect|p2b: Blaziken
|-singleturn|p2b: Blaziken|Protect
|move|p1a: Basculegion|Last Respects|p2a: Sinistcha
|-supereffective|p2a: Sinistcha|1
|-damage|p2a: Sinistcha|0 fnt
|faint|p2a: Sinistcha
|move|p1b: Floette|Dazzling Gleam|p2b: Blaziken
|-activate|p2b: Blaziken|move: Protect
|
|-ability|p2b: Blaziken|Speed Boost|boost
|-boost|p2b: Blaziken|spe|1
|upkeep
|
|t:|1785412280
|switch|p2a: Basculegion|Basculegion, L50, M|19/100
|turn|4
|inactive|vuelve chusooo has 30 seconds left.
|
|t:|1785412306
|switch|p1b: Incineroar|Incineroar, L50, F|100/100
|-ability|p1b: Incineroar|Intimidate|boost
|-unboost|p2a: Basculegion|atk|1
|-unboost|p2b: Blaziken|atk|1
|move|p2b: Blaziken|Heat Wave|p1b: Incineroar|[spread] p1a
|-miss|p2b: Blaziken|p1b: Incineroar
|-resisted|p1a: Basculegion|1
|-damage|p1a: Basculegion|54/100
|move|p2a: Basculegion|Last Respects|p1a: Basculegion
|-supereffective|p1a: Basculegion|1
|-damage|p1a: Basculegion|0 fnt
|faint|p1a: Basculegion
|
|-ability|p2b: Blaziken|Speed Boost|boost
|-boost|p2b: Blaziken|spe|1
|upkeep
|
|t:|1785412322
|switch|p1a: Pelipper|Pelipper, L50, M|100/100
|-weather|RainDance|[from] ability: Drizzle|[of] p1a: Pelipper
|turn|5
|
|t:|1785412337
|switch|p2a: Ninetales|Ninetales-Alola, L50, M|100/100
|-weather|Snowscape|[from] ability: Snow Warning|[of] p2a: Ninetales
|move|p2b: Blaziken|Detect|p2b: Blaziken
|-singleturn|p2b: Blaziken|Protect
|move|p1b: Incineroar|Fake Out|p2b: Blaziken
|-activate|p2b: Blaziken|move: Protect
|move|p1a: Pelipper|Tailwind|p1a: Pelipper
|-sidestart|p1: vuelve chusooo|move: Tailwind
|
|-weather|Snowscape|[upkeep]
|-ability|p2b: Blaziken|Speed Boost|boost
|-boost|p2b: Blaziken|spe|1
|upkeep
|turn|6
|inactive|vuelve chusooo has 30 seconds left.
|
|t:|1785412363
|move|p2b: Blaziken|Aura Sphere|p1b: Incineroar
|-supereffective|p1b: Incineroar|1
|-damage|p1b: Incineroar|30/100
|-enditem|p1b: Incineroar|Sitrus Berry|[eat]
|-heal|p1b: Incineroar|55/100|[from] item: Sitrus Berry
|move|p1a: Pelipper|Hurricane|p2b: Blaziken
|-supereffective|p2b: Blaziken|1
|-damage|p2b: Blaziken|0 fnt
|faint|p2b: Blaziken
|move|p2a: Ninetales|Moonblast|p1b: Incineroar
|-damage|p1b: Incineroar|20/100y
|-damage|p2a: Ninetales|90/100|[from] item: Life Orb
|move|p1b: Incineroar|Flare Blitz|p2a: Ninetales
|-supereffective|p2a: Ninetales|1
|-damage|p2a: Ninetales|1/100
|-damage|p1b: Incineroar|0 fnt|[from] Recoil
|faint|p1b: Incineroar
|
|-weather|Snowscape|[upkeep]
|upkeep
|
|t:|1785412379
|switch|p2b: Basculegion|Basculegion, L50, M|19/100
|switch|p1b: Floette|Floette-Mega, L50, F|38/100
|-ability|p1b: Floette|Fairy Aura
|turn|7
|
|t:|1785412399
|move|p2a: Ninetales|Protect|p2a: Ninetales
|-singleturn|p2a: Ninetales|Protect
|move|p2b: Basculegion|Aqua Jet|p1b: Floette
|-damage|p1b: Floette|7/100
|move|p1b: Floette|Dazzling Gleam|p2a: Ninetales|[spread] p2b
|-activate|p2a: Ninetales|move: Protect
|-damage|p2b: Basculegion|0 fnt
|faint|p2b: Basculegion
|move|p1a: Pelipper|Weather Ball|p2a: Ninetales
|-activate|p2a: Ninetales|move: Protect
|
|-weather|Snowscape|[upkeep]
|upkeep
|turn|8
|-message|Navizz0 forfeited.
|
|win|vuelve chusooo
||Navizz0 is ready for game 2.
||vuelve chusooo is ready for game 2.
|uhtml|next|Next: Game 2 of 3
|l|☆Navizz0
|player|p2|
