|j|☆gundojuan8
|j|☆PablixXHD
|html|gundojuan8PablixXHD    
|uhtml|bestof|Game 2 of a best-of-3
|t:|1757769677
|gametype|doubles
|player|p1|gundojuan8|ethan-gen2|
|player|p2|PablixXHD|clair|
|gen|9
|tier|[Gen 9] VGC 2025 Reg H (Bo3)
|rule|Species Clause: Limit one of each Pokémon
|rule|Item Clause: Limit 1 of each item
|clearpoke
|poke|p1|Talonflame, L50, M|
|poke|p1|Gholdengo, L50|
|poke|p1|Tyranitar, L50, M|
|poke|p1|Garchomp, L50, M|
|poke|p1|Primarina, L50, F|
|poke|p1|Rillaboom, L50, M|
|poke|p2|Volcarona, L50, M|
|poke|p2|Kingambit, L50, M|
|poke|p2|Dragonite, L50, F|
|poke|p2|Sneasler, L50, M|
|poke|p2|Rillaboom, L50, M|
|poke|p2|Electabuzz, L50, M|
|teampreview|4
|showteam|p1|Talonflame||CovertCloak|GaleWings|Tailwind,DualWingbeat,FlareBlitz,Taunt|||M|||50|,,,,,Ghost]Gholdengo||ChoiceSpecs|GoodasGold|MakeItRain,ShadowBall,Thunderbolt,FocusBlast||||||50|,,,,,Steel]Tyranitar||AssaultVest|SandStream|RockSlide,KnockOff,LowKick,TeraBlast|||M|||50|,,,,,Flying]Garchomp||LifeOrb|RoughSkin|Protect,DragonClaw,Earthquake,StompingTantrum|||M|||50|,,,,,Steel]Primarina||SitrusBerry|LiquidVoice|Protect,Moonblast,HyperVoice,Haze|||F|||50|,,,,,Poison]Rillaboom||MiracleSeed|GrassySurge|FakeOut,GrassyGlide,HighHorsepower,WoodHammer|||M|||50|,,,,,Fire
|showteam|p2|Volcarona||Leftovers|FlameBody|HeatWave,TeraBlast,QuiverDance,Protect|||M|||50|,,,,,Fairy]Kingambit||BlackGlasses|Defiant|KowtowCleave,SuckerPunch,IronHead,Assurance|||M|||50|,,,,,Dark]Dragonite||LoadedDice|Multiscale|ScaleShot,ExtremeSpeed,Haze,Protect|||F|||50|,,,,,Normal]Sneasler||FocusSash|PoisonTouch|CloseCombat,DireClaw,FakeOut,Coaching|||M|||50|,,,,,Stellar]Rillaboom||AssaultVest|GrassySurge|WoodHammer,GrassyGlide,HighHorsepower,FakeOut|||M|||50|,,,,,Fire]Electabuzz||Eviolite|VitalSpirit|Thunderbolt,Taunt,FollowMe,Protect|||M|||50|,,,,,Ghost
|inactive|Battle timer is ON: inactive players will automatically lose when time's up. (requested by PablixXHD)
|inactive|gundojuan8 also wants the timer to be on.
|inactive|gundojuan8 has 60 seconds left.
|inactive|PablixXHD has 60 seconds left.
|
|t:|1757769731
|teamsize|p1|4
|teamsize|p2|4
|start
|switch|p1a: Talonflame|Talonflame, L50, M, shiny|100/100
|switch|p1b: Tyranitar|Tyranitar, L50, M|100/100
|switch|p2a: Volcarona|Volcarona, L50, M|100/100
|switch|p2b: Rillaboom|Rillaboom, L50, M|100/100
|-fieldstart|move: Grassy Terrain|[from] ability: Grassy Surge|[of] p2b: Rillaboom
|-weather|Sandstorm|[from] ability: Sand Stream|[of] p1b: Tyranitar
|turn|1
|inactive|gundojuan8 has 30 seconds left.
|inactive|PablixXHD has 30 seconds left.
|inactive|PablixXHD has 20 seconds left.
|inactive|PablixXHD has 15 seconds left.
|
|t:|1757769775
|-terastallize|p2a: Volcarona|Fairy
|-terastallize|p1b: Tyranitar|Flying
|move|p2b: Rillaboom|Fake Out|p1b: Tyranitar
|-damage|p1b: Tyranitar|88/100
|move|p1a: Talonflame|Taunt|p2a: Volcarona
|-start|p2a: Volcarona|move: Taunt
|cant|p2a: Volcarona|move: Taunt|Quiver Dance
|cant|p1b: Tyranitar|flinch
|
|-weather|Sandstorm|[upkeep]
|-damage|p1a: Talonflame|95/100|[from] Sandstorm
|-damage|p2a: Volcarona|94/100|[from] Sandstorm
|-damage|p2b: Rillaboom|94/100|[from] Sandstorm
|-damage|p1b: Tyranitar|82/100|[from] Sandstorm
|-heal|p2a: Volcarona|100/100|[from] Grassy Terrain
|-heal|p2b: Rillaboom|100/100|[from] Grassy Terrain
|upkeep
|turn|2
|inactive|gundojuan8 has 30 seconds left.
|inactive|PablixXHD has 30 seconds left.
|inactive|PablixXHD has 20 seconds left.
|inactive|PablixXHD has 15 seconds left.
|
|t:|1757769818
|move|p1a: Talonflame|Dual Wingbeat|p2b: Rillaboom
|-supereffective|p2b: Rillaboom
|-crit|p2b: Rillaboom
|-damage|p2b: Rillaboom|57/100
|-supereffective|p2b: Rillaboom
|-damage|p2b: Rillaboom|24/100
|-hitcount|p2b: Rillaboom|2
|move|p2a: Volcarona|Tera Blast|p1b: Tyranitar|[anim] Tera Blast Fairy
|-damage|p1b: Tyranitar|60/100
|move|p2b: Rillaboom|Wood Hammer|p1b: Tyranitar
|-resisted|p1b: Tyranitar
|-damage|p1b: Tyranitar|24/100
|-damage|p2b: Rillaboom|12/100|[from] Recoil
|move|p1b: Tyranitar|Knock Off|p2a: Volcarona
|-resisted|p2a: Volcarona
|-damage|p2a: Volcarona|72/100
|-enditem|p2a: Volcarona|Leftovers|[from] move: Knock Off|[of] p1b: Tyranitar
|
|-weather|Sandstorm|[upkeep]
|-damage|p1a: Talonflame|89/100|[from] Sandstorm
|-damage|p2a: Volcarona|65/100|[from] Sandstorm
|-damage|p2b: Rillaboom|6/100|[from] Sandstorm
|-damage|p1b: Tyranitar|19/100|[from] Sandstorm
|-heal|p2a: Volcarona|72/100|[from] Grassy Terrain
|-heal|p2b: Rillaboom|12/100|[from] Grassy Terrain
|upkeep
|turn|3
|inactive|gundojuan8 has 30 seconds left.
|inactive|PablixXHD has 30 seconds left.
|inactive|gundojuan8 has 20 seconds left.
|
|t:|1757769855
|move|p2b: Rillaboom|Grassy Glide|p1b: Tyranitar
|-resisted|p1b: Tyranitar
|-damage|p1b: Tyranitar|2/100
|move|p1a: Talonflame|Tailwind|p1a: Talonflame
|-sidestart|p1: gundojuan8|move: Tailwind
|move|p1b: Tyranitar|Tera Blast|p2b: Rillaboom|[anim] Tera Blast Flying
|-supereffective|p2b: Rillaboom
|-crit|p2b: Rillaboom
|-damage|p2b: Rillaboom|0 fnt
|faint|p2b: Rillaboom
|move|p2a: Volcarona|Tera Blast|p1b: Tyranitar|[anim] Tera Blast Fairy
|-damage|p1b: Tyranitar|0 fnt
|faint|p1b: Tyranitar
|
|-weather|Sandstorm|[upkeep]
|-damage|p1a: Talonflame|83/100|[from] Sandstorm
|-damage|p2a: Volcarona|65/100|[from] Sandstorm
|-heal|p2a: Volcarona|72/100|[from] Grassy Terrain
|-end|p2a: Volcarona|move: Taunt
|upkeep
|
|t:|1757769866
|switch|p2b: Sneasler|Sneasler, L50, M|100/100
|switch|p1b: Gholdengo|Gholdengo, L50, shiny|100/100
|turn|4
|
|t:|1757769887
|switch|p2a: Dragonite|Dragonite, L50, F|100/100
|move|p1a: Talonflame|Dual Wingbeat|p2b: Sneasler
|-supereffective|p2b: Sneasler
|-damage|p2b: Sneasler|49/100
|-supereffective|p2b: Sneasler
|-damage|p2b: Sneasler|0 fnt
|faint|p2b: Sneasler
|-hitcount|p2: Sneasler|2
|move|p1b: Gholdengo|Make It Rain|p2a: Dragonite
|-damage|p2a: Dragonite|52/100
|-unboost|p1b: Gholdengo|spa|1
|
|-weather|Sandstorm|[upkeep]
|-damage|p1a: Talonflame|77/100|[from] Sandstorm
|-damage|p2a: Dragonite|46/100|[from] Sandstorm
|upkeep
|
|t:|1757769894
|switch|p2b: Volcarona|Volcarona, L50, M, tera:Fairy|72/100
|turn|5
|
|t:|1757769910
|move|p2a: Dragonite|Protect|p2a: Dragonite
|-singleturn|p2a: Dragonite|Protect
|move|p1a: Talonflame|Taunt|p2b: Volcarona
|-start|p2b: Volcarona|move: Taunt
|move|p1b: Gholdengo|Make It Rain|p2a: Dragonite|[spread] p2b
|-activate|p2a: Dragonite|move: Protect
|-supereffective|p2b: Volcarona
|-damage|p2b: Volcarona|0 fnt
|-unboost|p1b: Gholdengo|spa|1
|faint|p2b: Volcarona
|
|-weather|none
|-fieldend|move: Grassy Terrain
|upkeep
|turn|6
|-message|PablixXHD forfeited.
|
|win|gundojuan8
|l|☆PablixXHD
|player|p2|
