|j|☆LAS3R
|j|☆gazellevgc
|html|LAS3Rgazellevgc    
|uhtml|bestof|Game 2 of a best-of-3
|t:|1783854614
|gametype|doubles
|player|p1|LAS3R|lance|
|player|p2|gazellevgc|jasmine|
|gen|9
|tier|[Gen 9 Champions] VGC 2026 Reg M-B (Bo3)
|rule|Species Clause: Limit one of each Pokémon
|rule|Item Clause: Limit 1 of each item
|clearpoke
|poke|p1|Incineroar, L50, M|
|poke|p1|Kingambit, L50, M|
|poke|p1|Sneasler, L50, F|
|poke|p1|Floette-Eternal, L50, F|
|poke|p1|Sinistcha, L50|
|poke|p1|Delphox, L50, F, shiny|
|poke|p2|Golurk, L50, shiny|
|poke|p2|Sylveon, L50, M, shiny|
|poke|p2|Incineroar, L50, M|
|poke|p2|Farigiraf, L50, F, shiny|
|poke|p2|Sneasler, L50, M, shiny|
|poke|p2|Torkoal, L50, F, shiny|
|teampreview|4
|showteam|p1|Incineroar||SitrusBerry|Intimidate|FlareBlitz,DarkestLariat,FakeOut,PartingShot|Careful||M|||50|]Kingambit||ChopleBerry|Defiant|KowtowCleave,IronHead,SuckerPunch,Protect|Adamant||M|||50|]Sneasler||FocusSash|PoisonTouch|CloseCombat,PoisonJab,FakeOut,QuickGuard|Jolly||F|||50|]Floette-Eternal||Floettite|FlowerVeil|DazzlingGleam,DrainingKiss,CalmMind,Protect|Bold||F|||50|]Sinistcha||KasibBerry|Hospitality|MatchaGotcha,RagePowder,TrickRoom,Protect|Bold|||||50|]Delphox||Delphoxite|Blaze|HeatWave,Psyshock,NastyPlot,Protect|Modest||F|||50|
|showteam|p2|Golurk||Golurkite|NoGuard|HeadlongRush,Protect,IcePunch,Poltergeist|Brave|||||50|]Sylveon||FairyFeather|Pixilate|HyperVoice,Detect,CalmMind,HyperBeam|Quiet||M|||50|]Incineroar||SitrusBerry|Intimidate|FlareBlitz,PartingShot,FakeOut,DarkestLariat|Adamant||M|||50|]Farigiraf||ColburBerry|ArmorTail|PsychicNoise,HelpingHand,Thunderbolt,TrickRoom|Quiet||F|||50|]Sneasler||FocusSash|Unburden|CloseCombat,PoisonJab,RockSlide,FakeOut|Adamant||M|||50|]Torkoal||Charcoal|Drought|Eruption,WeatherBall,HeatWave,Protect|Quiet||F|||50|
|inactive|Battle timer is ON: inactive players will automatically lose when time's up. (requested by LAS3R)
|j| xeb41
|inactive|LAS3R has 60 seconds left.
|inactive|gazellevgc has 60 seconds left.
|
|t:|1783854661
|teamsize|p1|4
|teamsize|p2|4
|start
|switch|p1a: Sinistcha|Sinistcha, L50|100/100
|switch|p1b: Delphox|Delphox, L50, F, shiny|100/100
|switch|p2a: Nontaro|Incineroar, L50, M|100/100
|switch|p2b: Farigiraf|Farigiraf, L50, F, shiny|100/100
|-ability|p2a: Nontaro|Intimidate|boost
|-unboost|p1a: Sinistcha|atk|1
|-unboost|p1b: Delphox|atk|1
|turn|1
|inactive|LAS3R has 30 seconds left.
|inactive|gazellevgc has 30 seconds left.
|inactive|LAS3R has 20 seconds left.
|
|t:|1783854697
|detailschange|p1b: Delphox|Delphox-Mega, L50, F, shiny
|-mega|p1b: Delphox|Delphox|Delphoxite
|move|p1a: Sinistcha|Rage Powder|p1a: Sinistcha
|-singleturn|p1a: Sinistcha|move: Rage Powder
|move|p1b: Delphox|Nasty Plot|p1b: Delphox
|-boost|p1b: Delphox|spa|2
|move|p2a: Nontaro|Parting Shot|p1a: Sinistcha
|-unboost|p1a: Sinistcha|atk|1
|-unboost|p1a: Sinistcha|spa|1
|
|t:|1783854712
|switch|p2a: Ventous|Torkoal, L50, F, shiny|100/100|[from] Parting Shot
|-weather|SunnyDay|[from] ability: Drought|[of] p2a: Ventous
|move|p2b: Farigiraf|Thunderbolt|p1a: Sinistcha
|-resisted|p1a: Sinistcha|1
|-damage|p1a: Sinistcha|86/100
|
|-weather|SunnyDay|[upkeep]
|upkeep
|turn|2
|inactive|LAS3R has 30 seconds left.
|inactive|gazellevgc has 30 seconds left.
|
|t:|1783854741
|move|p1a: Sinistcha|Rage Powder|p1a: Sinistcha
|-singleturn|p1a: Sinistcha|move: Rage Powder
|move|p1b: Delphox|Psyshock|p2a: Ventous
|-damage|p2a: Ventous|18/100
|move|p2a: Ventous|Heat Wave|p1b: Delphox|[spread] p1a,p1b
|-supereffective|p1a: Sinistcha|1
|-resisted|p1b: Delphox|1
|-damage|p1a: Sinistcha|0 fnt
|-damage|p1b: Delphox|75/100
|faint|p1a: Sinistcha
|move|p2b: Farigiraf|Trick Room|p2b: Farigiraf
|-fieldstart|move: Trick Room|[of] p2b: Farigiraf
|
|-weather|SunnyDay|[upkeep]
|upkeep
|
|t:|1783854751
|switch|p1a: Incineroar|Incineroar, L50, M|100/100
|-ability|p1a: Incineroar|Intimidate|boost
|-unboost|p2a: Ventous|atk|1
|-unboost|p2b: Farigiraf|atk|1
|turn|3
|
|t:|1783854767
|move|p1b: Delphox|Protect|p1b: Delphox
|-singleturn|p1b: Delphox|Protect
|move|p2a: Ventous|Heat Wave|p1a: Incineroar|[spread] p1a
|-activate|p1b: Delphox|move: Protect
|-resisted|p1a: Incineroar|1
|-damage|p1a: Incineroar|77/100
|move|p2b: Farigiraf|Thunderbolt|p1b: Delphox
|-activate|p1b: Delphox|move: Protect
|move|p1a: Incineroar|Darkest Lariat|p2a: Ventous
|-crit|p2a: Ventous
|-damage|p2a: Ventous|0 fnt
|faint|p2a: Ventous
|
|-weather|SunnyDay|[upkeep]
|upkeep
|
|t:|1783854779
|switch|p2a: Xeb41|Golurk, L50, shiny|100/100
|turn|4
|inactive|LAS3R has 30 seconds left.
|
|t:|1783854810
|switch|p1b: Kingambit|Kingambit, L50, M|100/100
|detailschange|p2a: Xeb41|Golurk-Mega, L50, shiny
|-mega|p2a: Xeb41|Golurk|Golurkite
|move|p2a: Xeb41|Headlong Rush|p1b: Kingambit
|-supereffective|p1b: Kingambit|1
|-damage|p1b: Kingambit|0 fnt
|-unboost|p2a: Xeb41|def|1
|-unboost|p2a: Xeb41|spd|1
|faint|p1b: Kingambit
|move|p2b: Farigiraf|Thunderbolt|p1a: Incineroar
|-crit|p1a: Incineroar
|-damage|p1a: Incineroar|49/100
|-enditem|p1a: Incineroar|Sitrus Berry|[eat]
|-heal|p1a: Incineroar|74/100|[from] item: Sitrus Berry
|move|p1a: Incineroar|Darkest Lariat|p2a: Xeb41
|-supereffective|p2a: Xeb41|1
|-crit|p2a: Xeb41
|-damage|p2a: Xeb41|18/100
|
|-weather|SunnyDay|[upkeep]
|upkeep
|
|t:|1783854827
|switch|p1b: Delphox|Delphox-Mega, L50, F, shiny|75/100
|turn|5
|
|t:|1783854848
|switch|p2b: Nontaro|Incineroar, L50, M|100/100
|-ability|p2b: Nontaro|Intimidate|boost
|-unboost|p1a: Incineroar|atk|1
|-unboost|p1b: Delphox|atk|1
|move|p1b: Delphox|Protect|p1b: Delphox
|-singleturn|p1b: Delphox|Protect
|move|p2a: Xeb41|Headlong Rush|p1a: Incineroar
|-supereffective|p1a: Incineroar|1
|-crit|p1a: Incineroar
|-damage|p1a: Incineroar|0 fnt
|-unboost|p2a: Xeb41|def|1
|-unboost|p2a: Xeb41|spd|1
|faint|p1a: Incineroar
|
|-weather|none
|upkeep
|turn|6
|
|t:|1783854868
|move|p2a: Xeb41|Headlong Rush|p1b: Delphox
|-immune|p1b: Delphox|[from] ability: Levitate
|move|p2b: Nontaro|Darkest Lariat|p1b: Delphox
|-supereffective|p1b: Delphox|1
|-damage|p1b: Delphox|0 fnt
|faint|p1b: Delphox
|
|win|gazellevgc
|l|☆LAS3R
|player|p1|
