|j|☆rodry3
|j|☆Bacon122
|html|rodry3Bacon122    
|uhtml|bestof|Game 3 of a best-of-3
|t:|1783549670
|gametype|doubles
|player|p1|rodry3|roxie|1126
|player|p2|Bacon122|shauntal|1271
|gen|9
|tier|[Gen 9 Champions] VGC 2026 Reg M-B (Bo3)
|rated|
|rule|Species Clause: Limit one of each Pokémon
|rule|Item Clause: Limit 1 of each item
|clearpoke
|poke|p1|Charizard, L50, M|
|poke|p1|Sneasler, L50, M|
|poke|p1|Incineroar, L50, F|
|poke|p1|Sinistcha, L50|
|poke|p1|Milotic, L50, M|
|poke|p1|Chimecho, L50, F|
|poke|p2|Toxapex, L50, F|
|poke|p2|Charizard, L50, F|
|poke|p2|Hydreigon, L50, M|
|poke|p2|Garchomp, L50, F|
|poke|p2|Grimmsnarl, L50, M|
|poke|p2|Floette-Eternal, L50, F|
|teampreview|4
|showteam|p1|Charizard||CharizarditeX|SolarPower|FlareBlitz,DragonClaw,DragonDance,Protect|Adamant||M|||50|]Sneasler||FocusSash|Unburden|FakeOut,CloseCombat,DireClaw,Protect|Naive||M|||50|]Incineroar||SitrusBerry|Intimidate|FakeOut,PartingShot,HelpingHand,FlareBlitz|Careful||F|||50|]Sinistcha||ColburBerry|Hospitality|MatchaGotcha,RagePowder,TrickRoom,Protect|Bold|||||50|]Milotic||Leftovers|Competitive|MuddyWater,Coil,Hypnosis,Protect|Calm||M|||50|]Chimecho||Chimechite|Levitate|FlashCannon,Psychic,CalmMind,Protect|Modest||F|||50|
|showteam|p2|Toxapex||Leftovers|Regenerator|BanefulBunker,WideGuard,Toxic,Infestation|Calm||F|||50|]Charizard||CharizarditeY|SolarPower|HeatWave,SolarBeam,WeatherBall,Protect|Timid||F|||50|]Hydreigon||ChoiceScarf|Levitate|DarkPulse,Snarl,DracoMeteor,Uturn|Modest||M|||50|]Garchomp||SitrusBerry|RoughSkin|DragonClaw,Earthquake,RockSlide,Protect|Adamant||F|||50|]Grimmsnarl||RoseliBerry|Prankster|FakeOut,Reflect,PartingShot,FoulPlay|Impish||M|||50|]Floette-Eternal||Floettite|FlowerVeil|Moonblast,DazzlingGleam,LightofRuin,Protect|Modest||F|||50|
|inactive|Battle timer is ON: inactive players will automatically lose when time's up. (requested by rodry3)
|inactive|Bacon122 has 60 seconds left.
|
|t:|1783549715
|teamsize|p1|4
|teamsize|p2|4
|start
|switch|p1a: Charizard|Charizard, L50, M|100/100
|switch|p1b: Incineroar|Incineroar, L50, F|100/100
|switch|p2a: Screenager|Grimmsnarl, L50, M|100/100
|switch|p2b: ButTheLeviWasDrei|Hydreigon, L50, M|100/100
|-ability|p1b: Incineroar|Intimidate|boost
|-unboost|p2a: Screenager|atk|1
|-unboost|p2b: ButTheLeviWasDrei|atk|1
|turn|1
|
|t:|1783549733
|move|p1b: Incineroar|Fake Out|p2b: ButTheLeviWasDrei
|-damage|p2b: ButTheLeviWasDrei|88/100
|move|p2a: Screenager|Fake Out|p1a: Charizard
|-damage|p1a: Charizard|90/100
|cant|p2b: ButTheLeviWasDrei|flinch
|cant|p1a: Charizard|flinch
|
|upkeep
|turn|2
|inactive|Bacon122 has 30 seconds left.
|
|t:|1783549768
|move|p1a: Charizard|Protect|p1a: Charizard
|-singleturn|p1a: Charizard|Protect
|move|p2a: Screenager|Reflect|p2a: Screenager
|-sidestart|p2: Bacon122|Reflect
|move|p2b: ButTheLeviWasDrei|Dark Pulse|p1a: Charizard
|-activate|p1a: Charizard|move: Protect
|move|p1b: Incineroar|Parting Shot|p2b: ButTheLeviWasDrei
|-unboost|p2b: ButTheLeviWasDrei|atk|1
|-unboost|p2b: ButTheLeviWasDrei|spa|1
|
|t:|1783549779
|switch|p1b: Sneasler|Sneasler, L50, M|100/100|[from] Parting Shot
|
|upkeep
|turn|3
|
|t:|1783549802
|switch|p2b: Prodigal Sun|Charizard, L50, F|100/100
|switch|p1a: Incineroar|Incineroar, L50, F|100/100
|-ability|p1a: Incineroar|Intimidate|boost
|-unboost|p2a: Screenager|atk|1
|-unboost|p2b: Prodigal Sun|atk|1
|move|p2a: Screenager|Parting Shot|p1a: Incineroar
|-hint|Since gen 7, Dark is immune to Prankster moves.
|-immune|p1a: Incineroar
|move|p1b: Sneasler|Close Combat|p2b: Prodigal Sun
|-resisted|p2b: Prodigal Sun|1
|-damage|p2b: Prodigal Sun|74/100
|-unboost|p1b: Sneasler|def|1
|-unboost|p1b: Sneasler|spd|1
|
|upkeep
|turn|4
|
|t:|1783549824
|detailschange|p2b: Prodigal Sun|Charizard-Mega-Y, L50, F
|-mega|p2b: Prodigal Sun|Charizard|Charizardite Y
|-weather|SunnyDay|[from] ability: Drought|[of] p2b: Prodigal Sun
|move|p1a: Incineroar|Fake Out|p2b: Prodigal Sun
|-damage|p2b: Prodigal Sun|66/100
|move|p2a: Screenager|Parting Shot|p1b: Sneasler
|-unboost|p1b: Sneasler|atk|1
|-unboost|p1b: Sneasler|spa|1
|
|t:|1783549832
|switch|p2a: Quaker GOATs|Garchomp, L50, F|100/100|[from] Parting Shot
|move|p1b: Sneasler|Dire Claw|p2a: Quaker GOATs
|-resisted|p2a: Quaker GOATs|1
|-damage|p2a: Quaker GOATs|92/100
|-status|p2a: Quaker GOATs|par
|-damage|p1b: Sneasler|87/100|[from] ability: Rough Skin|[of] p2a: Quaker GOATs
|cant|p2b: Prodigal Sun|flinch
|
|-weather|SunnyDay|[upkeep]
|upkeep
|turn|5
|inactive|rodry3 has 30 seconds left.
|
|t:|1783549860
|move|p1b: Sneasler|Protect|p1b: Sneasler
|-singleturn|p1b: Sneasler|Protect
|move|p2b: Prodigal Sun|Heat Wave|p1b: Sneasler|[spread] p1a
|-activate|p1b: Sneasler|move: Protect
|-resisted|p1a: Incineroar|1
|-damage|p1a: Incineroar|74/100
|move|p1a: Incineroar|Parting Shot|p2a: Quaker GOATs
|-unboost|p2a: Quaker GOATs|atk|1
|-unboost|p2a: Quaker GOATs|spa|1
|
|t:|1783549870
|switch|p1a: Sinistcha|Sinistcha, L50|100/100|[from] Parting Shot
|-heal|p1b: Sneasler|100/100|[from] ability: Hospitality|[of] p1a: Sinistcha
|move|p2a: Quaker GOATs|Rock Slide|p1b: Sneasler|[spread] p1a
|-activate|p1b: Sneasler|move: Protect
|-damage|p1a: Sinistcha|88/100
|
|-weather|SunnyDay|[upkeep]
|upkeep
|turn|6
|
|t:|1783549879
|switch|p1b: Incineroar|Incineroar, L50, F|74/100
|-ability|p1b: Incineroar|Intimidate|boost
|-unboost|p2a: Quaker GOATs|atk|1
|-unboost|p2b: Prodigal Sun|atk|1
|move|p1a: Sinistcha|Protect|p1a: Sinistcha
|-singleturn|p1a: Sinistcha|Protect
|move|p2b: Prodigal Sun|Heat Wave|p1a: Sinistcha|[spread] p1b
|-activate|p1a: Sinistcha|move: Protect
|-resisted|p1b: Incineroar|1
|-damage|p1b: Incineroar|48/100
|-enditem|p1b: Incineroar|Sitrus Berry|[eat]
|-heal|p1b: Incineroar|72/100|[from] item: Sitrus Berry
|move|p2a: Quaker GOATs|Earthquake|p1a: Sinistcha|[spread] p1b
|-activate|p1a: Sinistcha|move: Protect
|-immune|p2b: Prodigal Sun
|-supereffective|p1b: Incineroar|1
|-damage|p1b: Incineroar|33/100
|
|-weather|SunnyDay|[upkeep]
|-sideend|p2: Bacon122|Reflect
|upkeep
|turn|7
|
|t:|1783549899
|switch|p2a: Screenager|Grimmsnarl, L50, M|100/100
|move|p2b: Prodigal Sun|Protect|p2b: Prodigal Sun
|-singleturn|p2b: Prodigal Sun|Protect
|move|p1b: Incineroar|Fake Out|p2b: Prodigal Sun
|-activate|p2b: Prodigal Sun|move: Protect
|move|p1a: Sinistcha|Matcha Gotcha|p2b: Prodigal Sun|[spread] p2a
|-activate|p2b: Prodigal Sun|move: Protect
|-damage|p2a: Screenager|74/100
|-heal|p1a: Sinistcha|100/100|[from] drain|[of] p2a: Screenager
|
|-weather|SunnyDay|[upkeep]
|upkeep
|turn|8
|
|t:|1783549917
|switch|p1b: Charizard|Charizard, L50, M|90/100
|move|p1a: Sinistcha|Protect|p1a: Sinistcha
|-singleturn|p1a: Sinistcha|Protect
|move|p2a: Screenager|Fake Out|p1b: Charizard
|-damage|p1b: Charizard|77/100
|move|p2b: Prodigal Sun|Weather Ball|p1a: Sinistcha
|-activate|p1a: Sinistcha|move: Protect
|
|-weather|none
|upkeep
|turn|9
|inactive|rodry3 has 30 seconds left.
|
|t:|1783549943
|detailschange|p1b: Charizard|Charizard-Mega-X, L50, M
|-mega|p1b: Charizard|Charizard|Charizardite X
|move|p2a: Screenager|Reflect|p2a: Screenager
|-sidestart|p2: Bacon122|Reflect
|move|p2b: Prodigal Sun|Heat Wave|p1b: Charizard|[spread] p1a,p1b
|-supereffective|p1a: Sinistcha|1
|-resisted|p1b: Charizard|2
|-damage|p1a: Sinistcha|14/100
|-damage|p1b: Charizard|67/100
|move|p1b: Charizard|Dragon Dance|p1b: Charizard
|-boost|p1b: Charizard|atk|1
|-boost|p1b: Charizard|spe|1
|move|p1a: Sinistcha|Matcha Gotcha|p2b: Prodigal Sun|[spread] p2b
|-miss|p1a: Sinistcha|p2a: Screenager
|-resisted|p2b: Prodigal Sun|2
|-damage|p2b: Prodigal Sun|61/100
|-heal|p1a: Sinistcha|16/100|[from] drain|[of] p2b: Prodigal Sun
|
|upkeep
|turn|10
|inactive|rodry3 has 30 seconds left.
|inactive|rodry3 has 20 seconds left.
|inactive|rodry3 has 15 seconds left.
|inactive|rodry3 has 10 seconds left.
|
|t:|1783549989
|switch|p2b: Quaker GOATs|Garchomp, L50, F|92/100 par
|move|p1a: Sinistcha|Rage Powder|p1a: Sinistcha
|-singleturn|p1a: Sinistcha|move: Rage Powder
|move|p1b: Charizard|Flare Blitz|p2b: Quaker GOATs
|-resisted|p2b: Quaker GOATs|1
|-damage|p2b: Quaker GOATs|60/100 par
|-damage|p1b: Charizard|54/100|[from] ability: Rough Skin|[of] p2b: Quaker GOATs
|-damage|p1b: Charizard|42/100|[from] Recoil
|move|p2a: Screenager|Foul Play|p1a: Sinistcha
|-supereffective|p1a: Sinistcha|1
|-enditem|p1a: Sinistcha|Colbur Berry|[eat]
|-enditem|p1a: Sinistcha|Colbur Berry|[weaken]
|-damage|p1a: Sinistcha|0 fnt
|faint|p1a: Sinistcha
|
|upkeep
|
|t:|1783550001
|switch|p1a: Sneasler|Sneasler, L50, M|100/100
|turn|11
|
|t:|1783550011
|move|p1a: Sneasler|Fake Out|p2a: Screenager
|-damage|p2a: Screenager|64/100
|cant|p2a: Screenager|flinch
|move|p1b: Charizard|Dragon Claw|p2b: Quaker GOATs
|-supereffective|p2b: Quaker GOATs|1
|-damage|p2b: Quaker GOATs|0 fnt
|-damage|p1b: Charizard|29/100|[from] ability: Rough Skin|[of] p2b: Quaker GOATs
|faint|p2b: Quaker GOATs
|
|upkeep
|
|t:|1783550028
|switch|p2b: ButTheLeviWasDrei|Hydreigon, L50, M|88/100
|turn|12
|inactive|rodry3 has 30 seconds left.
|
|t:|1783550061
|move|p1b: Charizard|Protect|p1b: Charizard
|-singleturn|p1b: Charizard|Protect
|move|p2a: Screenager|Parting Shot|p1a: Sneasler
|-unboost|p1a: Sneasler|atk|1
|-unboost|p1a: Sneasler|spa|1
|
|t:|1783550066
|switch|p2a: Prodigal Sun|Charizard-Mega-Y, L50, F|61/100|[from] Parting Shot
|-weather|SunnyDay|[from] ability: Drought|[of] p2a: Prodigal Sun
|move|p2b: ButTheLeviWasDrei|U-turn|p1a: Sneasler
|-resisted|p1a: Sneasler|2
|-damage|p1a: Sneasler|93/100
|
|t:|1783550072
|switch|p2b: Screenager|Grimmsnarl, L50, M|64/100|[from] U-turn
|move|p1a: Sneasler|Close Combat|p2b: Screenager
|-damage|p2b: Screenager|35/100
|-unboost|p1a: Sneasler|def|1
|-unboost|p1a: Sneasler|spd|1
|
|-weather|SunnyDay|[upkeep]
|upkeep
|turn|13
|inactive|rodry3 has 30 seconds left.
|
|t:|1783550099
|switch|p1a: Incineroar|Incineroar, L50, F|33/100
|-ability|p1a: Incineroar|Intimidate|boost
|-unboost|p2a: Prodigal Sun|atk|1
|-unboost|p2b: Screenager|atk|1
|move|p1b: Charizard|Protect||[still]
|-fail|p1b: Charizard
|move|p2b: Screenager|Fake Out|p1b: Charizard
|-damage|p1b: Charizard|22/100
|move|p2a: Prodigal Sun|Heat Wave|p1a: Incineroar|[spread] p1a,p1b
|-resisted|p1a: Incineroar|1
|-resisted|p1b: Charizard|2
|-damage|p1a: Incineroar|8/100
|-damage|p1b: Charizard|5/100
|
|-weather|SunnyDay|[upkeep]
|-sideend|p2: Bacon122|Reflect
|upkeep
|turn|14
|inactive|rodry3 has 30 seconds left.
|inactive|Bacon122 has 30 seconds left.
|inactive|rodry3 has 20 seconds left.
|inactive|rodry3 has 15 seconds left.
|
|t:|1783550139
|move|p2a: Prodigal Sun|Protect|p2a: Prodigal Sun
|-singleturn|p2a: Prodigal Sun|Protect
|move|p1a: Incineroar|Fake Out|p2b: Screenager
|-damage|p2b: Screenager|24/100
|move|p1b: Charizard|Dragon Claw|p2a: Prodigal Sun
|-activate|p2a: Prodigal Sun|move: Protect
|cant|p2b: Screenager|flinch
|
|-weather|SunnyDay|[upkeep]
|upkeep
|turn|15
|
|t:|1783550159
|switch|p1a: Sneasler|Sneasler, L50, M|93/100
|move|p2b: Screenager|Parting Shot|p1b: Charizard
|-unboost|p1b: Charizard|atk|1
|-unboost|p1b: Charizard|spa|1
|
|t:|1783550164
|switch|p2b: ButTheLeviWasDrei|Hydreigon, L50, M|88/100|[from] Parting Shot
|move|p1b: Charizard|Dragon Claw|p2a: Prodigal Sun
|-crit|p2a: Prodigal Sun
|-damage|p2a: Prodigal Sun|0 fnt
|faint|p2a: Prodigal Sun
|
|-weather|SunnyDay|[upkeep]
|upkeep
|
|t:|1783550170
|switch|p2a: Screenager|Grimmsnarl, L50, M|24/100
|turn|16
|inactive|rodry3 has 30 seconds left.
|
|t:|1783550196
|move|p1b: Charizard|Protect|p1b: Charizard
|-singleturn|p1b: Charizard|Protect
|move|p1a: Sneasler|Fake Out|p2b: ButTheLeviWasDrei
|-damage|p2b: ButTheLeviWasDrei|73/100
|move|p2a: Screenager|Fake Out|p1b: Charizard
|-activate|p1b: Charizard|move: Protect
|cant|p2b: ButTheLeviWasDrei|flinch
|
|-weather|none
|upkeep
|turn|17
|
|t:|1783550214
|move|p2b: ButTheLeviWasDrei|Draco Meteor|p1a: Sneasler
|-damage|p1a: Sneasler|0 fnt
|-unboost|p2b: ButTheLeviWasDrei|spa|2
|faint|p1a: Sneasler
|move|p1b: Charizard|Dragon Claw|p2b: ButTheLeviWasDrei
|-supereffective|p2b: ButTheLeviWasDrei|1
|-damage|p2b: ButTheLeviWasDrei|0 fnt
|faint|p2b: ButTheLeviWasDrei
|move|p2a: Screenager|Foul Play|p1b: Charizard
|-damage|p1b: Charizard|0 fnt
|faint|p1b: Charizard
|
|upkeep
|-message|Bacon122 forfeited.
|
|win|rodry3
|raw|rodry3's rating: 1126 → 1161(+35 for winning)
|raw|Bacon122's rating: 1271 → 1236(-35 for losing)
|l|☆Bacon122
|player|p2|
|c|☆rodry3|ggs
