|j|☆membo_2005
|j|☆CallMeDG
|html|membo_2005CallMeDG    
|uhtml|bestof|Game 1 of a best-of-3
|t:|1757783821
|gametype|doubles
|player|p1|membo_2005|dawn-gen4pt|1005
|player|p2|CallMeDG|byron|1032
|gen|9
|tier|[Gen 9] VGC 2025 Reg H (Bo3)
|rated|
|rule|Species Clause: Limit one of each Pokémon
|rule|Item Clause: Limit 1 of each item
|clearpoke
|poke|p1|Annihilape, L50, M|
|poke|p1|Kingambit, L50, M|
|poke|p1|Amoonguss, L50, F|
|poke|p1|Dragonite, L50, M|
|poke|p1|Incineroar, L50, M|
|poke|p1|Gholdengo, L50|
|poke|p2|Meditite, L50, F|
|poke|p2|Indeedee, L50, M|
|poke|p2|Toxtricity-Low-Key, L50, F|
|poke|p2|Drifblim, L50, F|
|poke|p2|Ursaluna, L50, M|
|poke|p2|Gyarados, L50, M|
|teampreview|4
|showteam|p1|Annihilape||FocusSash|Defiant|CloseCombat,RageFist,Coaching,FinalGambit|||M|||50|,,,,,Grass]Kingambit||AssaultVest|Defiant|KowtowCleave,SuckerPunch,LowKick,IronHead|||M|||50|,,,,,Dark]Amoonguss||SitrusBerry|Regenerator|Spore,RagePowder,SludgeBomb,Protect|||F|||50|,,,,,Water]Dragonite||LoadedDice|Multiscale|ScaleShot,ExtremeSpeed,Haze,Protect|||M|||50|,,,,,Fairy]Incineroar||SafetyGoggles|Intimidate|FlareBlitz,FakeOut,PartingShot,KnockOff|||M|||50|,,,,,Ghost]Gholdengo||LifeOrb|GoodasGold|MakeItRain,ShadowBall,NastyPlot,Protect||||||50|,,,,,Steel
|showteam|p2|Meditite||Eviolite|Telepathy|FakeOut,TrickRoom,Detect,HelpingHand|||F|||50|,,,,,Dark]Indeedee||ChoiceScarf|PsychicSurge|ExpandingForce,DazzlingGleam,HelpingHand,Trick|||M|||50|,,,,,Psychic]Toxtricity-Low-Key||ChoiceSpecs|PunkRock|Boomburst,Overdrive,SludgeWave,Snarl|||F|||50|,,,,,Normal]Drifblim||PsychicSeed|Unburden|Acrobatics,WillOWisp,StrengthSap,Tailwind|||F|||50|,,,,,Ghost]Ursaluna||FlameOrb|Guts|Facade,Earthquake,HeadlongRush,Protect|||M|||50|,,,,,Ground]Gyarados||LifeOrb|Intimidate|Waterfall,IceFang,Earthquake,DragonDance|||M|||50|,,,,,Water
|inactive|Battle timer is ON: inactive players will automatically lose when time's up. (requested by membo_2005)
|inactive|membo_2005 has 60 seconds left.
|inactive|membo_2005 has 30 seconds left.
|inactive|membo_2005 has 20 seconds left.
|inactive|membo_2005 has 15 seconds left.
|inactive|membo_2005 has 10 seconds left.
|
|t:|1757783906
|teamsize|p1|4
|teamsize|p2|4
|start
|switch|p1a: Annihilape|Annihilape, L50, M|100/100
|switch|p1b: Kingambit|Kingambit, L50, M|100/100
|switch|p2a: Indeedee|Indeedee, L50, M, shiny|100/100
|switch|p2b: Drifblim|Drifblim, L50, F, shiny|100/100
|-fieldstart|move: Psychic Terrain|[from] ability: Psychic Surge|[of] p2a: Indeedee
|-enditem|p2b: Drifblim|Psychic Seed
|-boost|p2b: Drifblim|spd|1|[from] item: Psychic Seed
|turn|1
|inactive|membo_2005 has 30 seconds left.
|inactive|CallMeDG has 30 seconds left.
|inactive|membo_2005 has 20 seconds left.
|inactive|CallMeDG has 20 seconds left.
|inactive|membo_2005 has 15 seconds left.
|inactive|CallMeDG has 15 seconds left.
|inactive|membo_2005 has 10 seconds left.
|inactive|CallMeDG has 10 seconds left.
|
|t:|1757783955
|switch|p1b: Amoonguss|Amoonguss, L50, F|100/100
|move|p2b: Drifblim|Will-O-Wisp|p1b: Amoonguss
|-status|p1b: Amoonguss|brn
|move|p2a: Indeedee|Expanding Force|p1b: Amoonguss|[spread] p1a,p1b
|-supereffective|p1a: Annihilape
|-supereffective|p1b: Amoonguss
|-enditem|p1a: Annihilape|Focus Sash
|-damage|p1a: Annihilape|1/100
|-damage|p1b: Amoonguss|3/100 brn
|-enditem|p1b: Amoonguss|Sitrus Berry|[eat]
|-heal|p1b: Amoonguss|28/100 brn|[from] item: Sitrus Berry
|move|p1a: Annihilape|Close Combat|p2a: Indeedee
|-damage|p2a: Indeedee|2/100
|-unboost|p1a: Annihilape|def|1
|-unboost|p1a: Annihilape|spd|1
|
|-damage|p1b: Amoonguss|22/100 brn|[from] brn
|upkeep
|turn|2
|
|t:|1757783981
|switch|p1a: Incineroar|Incineroar, L50, M|100/100
|-ability|p1a: Incineroar|Intimidate|boost
|-unboost|p2a: Indeedee|atk|1
|-unboost|p2b: Drifblim|atk|1
|switch|p1b: Kingambit|Kingambit, L50, M|100/100
|move|p2b: Drifblim|Tailwind|p2b: Drifblim
|-sidestart|p2: CallMeDG|move: Tailwind
|move|p2a: Indeedee|Expanding Force|p1b: Kingambit|[spread] 
|-immune|p1a: Incineroar
|-immune|p1b: Kingambit
|
|upkeep
|turn|3
|inactive|membo_2005 has 30 seconds left.
|inactive|CallMeDG has 30 seconds left.
|inactive|membo_2005 has 20 seconds left.
|inactive|CallMeDG has 20 seconds left.
|
|t:|1757784019
|switch|p2a: Ursaluna|Ursaluna, L50, M, shiny|100/100
|move|p2b: Drifblim|Will-O-Wisp|p1b: Kingambit
|-status|p1b: Kingambit|brn
|move|p1b: Kingambit|Kowtow Cleave|p2b: Drifblim
|-supereffective|p2b: Drifblim
|-damage|p2b: Drifblim|32/100
|move|p1a: Incineroar|Knock Off|p2a: Ursaluna
|-damage|p2a: Ursaluna|71/100
|-enditem|p2a: Ursaluna|Flame Orb|[from] move: Knock Off|[of] p1a: Incineroar
|
|-damage|p1b: Kingambit|95/100 brn|[from] brn
|upkeep
|turn|4
|inactive|membo_2005 has 30 seconds left.
|inactive|CallMeDG has 30 seconds left.
|
|t:|1757784047
|-terastallize|p2a: Ursaluna|Ground
|move|p2b: Drifblim|Acrobatics|p1a: Incineroar
|-damage|p1a: Incineroar|78/100
|move|p2a: Ursaluna|Earthquake|p1b: Kingambit|[spread] p1a,p1b
|-immune|p2b: Drifblim
|-supereffective|p1a: Incineroar
|-supereffective|p1b: Kingambit
|-damage|p1a: Incineroar|0 fnt
|-damage|p1b: Kingambit|3/100 brn
|faint|p1a: Incineroar
|move|p1b: Kingambit|Low Kick|p2a: Ursaluna
|-damage|p2a: Ursaluna|56/100
|
|-damage|p1b: Kingambit|0 fnt|[from] brn
|faint|p1b: Kingambit
|upkeep
|
|t:|1757784061
|switch|p1b: Amoonguss|Amoonguss, L50, F|55/100 brn
|switch|p1a: Annihilape|Annihilape, L50, M|1/100
|turn|5
|inactive|membo_2005 has 30 seconds left.
|
|t:|1757784088
|move|p2b: Drifblim|Acrobatics|p1a: Annihilape
|-supereffective|p1a: Annihilape
|-damage|p1a: Annihilape|0 fnt
|faint|p1a: Annihilape
|move|p2a: Ursaluna|Earthquake|p1b: Amoonguss|[spread] p1b
|-immune|p2b: Drifblim
|-damage|p1b: Amoonguss|12/100 brn
|move|p1b: Amoonguss|Spore|p2b: Drifblim
|-status|p2b: Drifblim|slp|[from] move: Spore
|
|-damage|p1b: Amoonguss|6/100 brn|[from] brn
|-sideend|p2: CallMeDG|move: Tailwind
|-fieldend|move: Psychic Terrain
|upkeep
|turn|6
|
|t:|1757784101
|cant|p2b: Drifblim|slp
|move|p1b: Amoonguss|Spore|p2a: Ursaluna
|-status|p2a: Ursaluna|slp|[from] move: Spore
|cant|p2a: Ursaluna|slp
|
|-damage|p1b: Amoonguss|0 fnt|[from] brn
|faint|p1b: Amoonguss
|
|win|CallMeDG
||membo_2005 is ready for game 2.
|l|☆membo_2005
|player|p1|
||CallMeDG is ready for game 2.
|uhtml|next|Next: Game 2 of 3
