|j|☆Kyoshi44
|j|☆Farigi no Raf
|html|Kyoshi44Farigi no Raf    
|uhtml|bestof|Game 2 of a best-of-3
|t:|1756365321
|gametype|doubles
|player|p1|Kyoshi44|dawn|1035
|player|p2|Farigi no Raf|vince|1221
|gen|9
|tier|[Gen 9] VGC 2025 Reg H (Bo3)
|rated|
|rule|Species Clause: Limit one of each Pokémon
|rule|Item Clause: Limit 1 of each item
|clearpoke
|poke|p1|Armarouge, L50, M|
|poke|p1|Primarina, L50, F|
|poke|p1|Sneasler, L50, M|
|poke|p1|Rillaboom, L50, M|
|poke|p1|Clefairy, L50, F|
|poke|p1|Kingambit, L50, M|
|poke|p2|Dragonite, L50, M|
|poke|p2|Gholdengo, L50|
|poke|p2|Sneasler, L50, F|
|poke|p2|Rillaboom, L50, M|
|poke|p2|Ursaluna-Bloodmoon, L50, M|
|poke|p2|Magmar, L50, F|
|teampreview|4
|showteam|p1|Armarouge||WeaknessPolicy|WeakArmor|HeatWave,AuraSphere,Protect,ExpandingForce|||M|||50|,,,,,Fire]Primarina||AssaultVest|LiquidVoice|HyperVoice,DazzlingGleam,AquaJet,EnergyBall|||F|||50|,,,,,Grass]Sneasler||FocusSash|PoisonTouch|CloseCombat,DireClaw,Coaching,Protect|||M|||50|,,,,,Ghost]Rillaboom||MeadowPlate|GrassySurge|Protect,GrassyGlide,WoodHammer,HighHorsepower|||M|||50|,,,,,Fire]Clefairy||Eviolite|FriendGuard|FollowMe,HelpingHand,FakeTears,Protect|||F|||50|,,,,,Fairy]Kingambit||BlackGlasses|Defiant|KowtowCleave,SuckerPunch,SwordsDance,Protect|||M|||50|,,,,,Dark
|showteam|p2|Dragonite||LoadedDice|Multiscale|ScaleShot,Tailwind,ExtremeSpeed,Protect|||M|||50|,,,,,Fairy]Gholdengo||LifeOrb|GoodasGold|MakeItRain,ShadowBall,NastyPlot,Protect||||||50|,,,,,Water]Sneasler||FocusSash|PoisonTouch|CloseCombat,DireClaw,Coaching,FakeOut|||F|||50|,,,,,Ghost]Rillaboom||AssaultVest|GrassySurge|WoodHammer,FakeOut,GrassyGlide,HighHorsepower|||M|||50|,,,,,Fire]Ursaluna-Bloodmoon||SilkScarf|MindsEye|HyperVoice,EarthPower,BloodMoon,Protect|||M|||50|,,,,,Water]Magmar||Eviolite|FlameBody|FollowMe,BurningJealousy,ClearSmog,Protect|||F|||50|,,,,,Dragon
|inactive|Battle timer is ON: inactive players will automatically lose when time's up. (requested by Kyoshi44)
|
|t:|1756365334
|teamsize|p1|4
|teamsize|p2|4
|start
|switch|p1a: Clefairy|Clefairy, L50, F|100/100
|switch|p1b: Kingambit|Kingambit, L50, M|100/100
|switch|p2a: Sneasler|Sneasler, L50, F|100/100
|switch|p2b: Dragonite|Dragonite, L50, M|100/100
|turn|1
|
|t:|1756365355
|move|p2b: Dragonite|Extreme Speed|p1a: Clefairy
|-damage|p1a: Clefairy|73/100
|move|p1a: Clefairy|Follow Me|p1a: Clefairy
|-singleturn|p1a: Clefairy|move: Follow Me
|move|p2a: Sneasler|Coaching|p2b: Dragonite
|-boost|p2b: Dragonite|atk|1
|-boost|p2b: Dragonite|def|1
|move|p1b: Kingambit|Swords Dance|p1b: Kingambit
|-boost|p1b: Kingambit|atk|2
|
|upkeep
|turn|2
|
|t:|1756365378
|move|p1b: Kingambit|Protect|p1b: Kingambit
|-singleturn|p1b: Kingambit|Protect
|move|p1a: Clefairy|Protect|p1a: Clefairy
|-singleturn|p1a: Clefairy|Protect
|move|p2b: Dragonite|Extreme Speed|p1a: Clefairy
|-activate|p1a: Clefairy|move: Protect
|move|p2a: Sneasler|Coaching|p2b: Dragonite
|-boost|p2b: Dragonite|atk|1
|-boost|p2b: Dragonite|def|1
|
|upkeep
|turn|3
|inactive|Farigi no Raf has 30 seconds left.
|inactive|Farigi no Raf has 20 seconds left.
|
|t:|1756365416
|move|p1a: Clefairy|Helping Hand|p1b: Kingambit
|-singleturn|p1b: Kingambit|Helping Hand|[of] p1a: Clefairy
|move|p2b: Dragonite|Extreme Speed|p1a: Clefairy
|-damage|p1a: Clefairy|27/100
|move|p2a: Sneasler|Coaching|p2b: Dragonite
|-boost|p2b: Dragonite|atk|1
|-boost|p2b: Dragonite|def|1
|move|p1b: Kingambit|Kowtow Cleave|p2b: Dragonite
|-damage|p2b: Dragonite|57/100
|
|upkeep
|turn|4
|
|t:|1756365442
|-terastallize|p1b: Kingambit|Dark
|move|p1a: Clefairy|Protect|p1a: Clefairy
|-singleturn|p1a: Clefairy|Protect
|move|p2b: Dragonite|Extreme Speed|p1b: Kingambit
|-damage|p1b: Kingambit|59/100
|move|p1b: Kingambit|Sucker Punch||[still]
|-fail|p1b: Kingambit
|move|p2a: Sneasler|Close Combat|p1b: Kingambit
|-supereffective|p1b: Kingambit
|-damage|p1b: Kingambit|0 fnt
|-unboost|p2a: Sneasler|def|1
|-unboost|p2a: Sneasler|spd|1
|faint|p1b: Kingambit
|
|upkeep
|
|t:|1756365451
|switch|p1b: Sneasler|Sneasler, L50, M|100/100
|turn|5
|
|t:|1756365461
|move|p2b: Dragonite|Extreme Speed|p1a: Clefairy
|-damage|p1a: Clefairy|0 fnt
|faint|p1a: Clefairy
|move|p1b: Sneasler|Dire Claw|p2b: Dragonite
|-damage|p2b: Dragonite|37/100
|-status|p2b: Dragonite|psn
|move|p2a: Sneasler|Dire Claw|p1b: Sneasler
|-resisted|p1b: Sneasler
|-damage|p1b: Sneasler|64/100
|
|-damage|p2b: Dragonite|25/100 psn|[from] psn
|upkeep
|
|t:|1756365470
|switch|p1a: Rillaboom|Rillaboom, L50, M|100/100
|-fieldstart|move: Grassy Terrain|[from] ability: Grassy Surge|[of] p1a: Rillaboom
|turn|6
|
|t:|1756365490
|move|p1a: Rillaboom|Grassy Glide|p2b: Dragonite
|-resisted|p2b: Dragonite
|-damage|p2b: Dragonite|19/100 psn
|move|p2a: Sneasler|Dire Claw|p1a: Rillaboom
|-supereffective|p1a: Rillaboom
|-damage|p1a: Rillaboom|19/100
|-status|p1a: Rillaboom|par
|move|p1b: Sneasler|Dire Claw|p2a: Sneasler
|-resisted|p2a: Sneasler
|-damage|p2a: Sneasler|42/100
|-status|p2a: Sneasler|slp
|move|p2b: Dragonite|Scale Shot|p1b: Sneasler
|-damage|p1b: Sneasler|0 fnt
|faint|p1b: Sneasler
|-hitcount|p1: Sneasler|1
|-unboost|p2b: Dragonite|def|1
|-boost|p2b: Dragonite|spe|1
|
|-heal|p2a: Sneasler|48/100 slp|[from] Grassy Terrain
|-heal|p1a: Rillaboom|25/100 par|[from] Grassy Terrain
|-damage|p2b: Dragonite|7/100 psn|[from] psn
|upkeep
|turn|7
|-message|Kyoshi44 forfeited.
|
|win|Farigi no Raf
