|j|☆joyfulwizard
|j|☆i miss my csr zama
|html|joyfulwizardi miss my csr zama    
|uhtml|bestof|Game 2 of a best-of-3
|t:|1782675521
|gametype|doubles
|player|p1|joyfulwizard|101|1125
|player|p2|i miss my csr zama|may-masters2|1055
|gen|9
|tier|[Gen 9 Champions] VGC 2026 Reg M-B (Bo3)
|rated|
|rule|Species Clause: Limit one of each Pokémon
|rule|Item Clause: Limit 1 of each item
|clearpoke
|poke|p1|Politoed, L50, M|
|poke|p1|Gengar, L50, M, shiny|
|poke|p1|Sinistcha, L50|
|poke|p1|Incineroar, L50, M|
|poke|p1|Scrafty, L50, F|
|poke|p1|Floette-Eternal, L50, F|
|poke|p2|Charizard, L50, F|
|poke|p2|Mawile, L50, M|
|poke|p2|Hydreigon, L50, M|
|poke|p2|Incineroar, L50, F|
|poke|p2|Farigiraf, L50, M|
|poke|p2|Garchomp, L50, F|
|teampreview|4
|showteam|p1|Politoed||SitrusBerry|Drizzle|Protect,WeatherBall,IcyWind,HelpingHand|Modest||M|||50|]Gengar||Gengarite|CursedBody|PerishSong,ShadowBall,Disable,Protect|Timid||M|||50|]Sinistcha||KasibBerry|Hospitality|MatchaGotcha,TrickRoom,RagePowder,Protect|Bold|||||50|]Incineroar||PasshoBerry|Intimidate|Protect,FakeOut,PartingShot,DarkestLariat|Impish||M|||50|]Scrafty||FocusSash|Intimidate|Protect,FakeOut,KnockOff,CloseCombat|Adamant||F|||50|]Floette-Eternal||Floettite|FlowerVeil|Protect,DrainingKiss,CalmMind,DazzlingGleam|Modest||F|||50|
|showteam|p2|Charizard||CharizarditeY|Blaze|WeatherBall,HeatWave,SolarBeam,Protect|Timid||F|||50|]Mawile||Mawilite|Intimidate|PlayRough,IronHead,SuckerPunch,Protect|Adamant||M|||50|]Hydreigon||ChoiceScarf|Levitate|DracoMeteor,DarkPulse,Snarl,EarthPower|Modest||M|||50|]Incineroar||Charcoal|Intimidate|FakeOut,PartingShot,FlareBlitz,DarkestLariat|Adamant||F|||50|]Farigiraf||SitrusBerry|ArmorTail|Thunderbolt,TwinBeam,TrickRoom,HelpingHand|Relaxed||M|||50|]Garchomp||LifeOrb|RoughSkin|Earthquake,DragonClaw,RockSlide,Protect|Jolly||F|||50|
|inactive|Battle timer is ON: inactive players will automatically lose when time's up. (requested by i miss my csr zama)
|
|t:|1782675542
|teamsize|p1|4
|teamsize|p2|4
|start
|switch|p1a: Floette|Floette-Eternal, L50, F|100/100
|switch|p1b: Incineroar|Incineroar, L50, M|100/100
|switch|p2a: Farigiraf|Farigiraf, L50, M|100/100
|switch|p2b: Incineroar|Incineroar, L50, F|100/100
|-ability|p1b: Incineroar|Intimidate|boost
|-unboost|p2a: Farigiraf|atk|1
|-unboost|p2b: Incineroar|atk|1
|-ability|p2b: Incineroar|Intimidate|boost
|-unboost|p1a: Floette|atk|1
|-unboost|p1b: Incineroar|atk|1
|turn|1
|inactive|i miss my csr zama has 30 seconds left.
|
|t:|1782675572
|detailschange|p1a: Floette|Floette-Mega, L50, F
|-mega|p1a: Floette|Floette|Floettite
|-ability|p1a: Floette|Fairy Aura
|move|p1a: Floette|Calm Mind|p1a: Floette
|-boost|p1a: Floette|spa|1
|-boost|p1a: Floette|spd|1
|move|p1b: Incineroar|Darkest Lariat|p2a: Farigiraf
|-supereffective|p2a: Farigiraf|1
|-damage|p2a: Farigiraf|59/100
|move|p2b: Incineroar|Flare Blitz|p1a: Floette
|-damage|p1a: Floette|41/100
|-damage|p2b: Incineroar|85/100|[from] Recoil
|move|p2a: Farigiraf|Trick Room|p2a: Farigiraf
|-fieldstart|move: Trick Room|[of] p2a: Farigiraf
|
|upkeep
|turn|2
|inactive|i miss my csr zama has 30 seconds left.
|
|t:|1782675603
|move|p1a: Floette|Protect|p1a: Floette
|-singleturn|p1a: Floette|Protect
|move|p2a: Farigiraf|Thunderbolt|p1b: Incineroar
|-damage|p1b: Incineroar|80/100
|move|p2b: Incineroar|Darkest Lariat|p1b: Incineroar
|-resisted|p1b: Incineroar|1
|-damage|p1b: Incineroar|68/100
|move|p1b: Incineroar|Parting Shot|p2b: Incineroar
|-unboost|p2b: Incineroar|atk|1
|-unboost|p2b: Incineroar|spa|1
|
|t:|1782675611
|switch|p1b: Scrafty|Scrafty, L50, F|100/100|[from] Parting Shot
|-ability|p1b: Scrafty|Intimidate|boost
|-unboost|p2a: Farigiraf|atk|1
|-unboost|p2b: Incineroar|atk|1
|
|upkeep
|turn|3
|
|t:|1782675624
|switch|p1b: Politoed|Politoed, L50, M|100/100
|-weather|RainDance|[from] ability: Drizzle|[of] p1b: Politoed
|move|p2a: Farigiraf|Twin Beam|p1a: Floette
|-damage|p1a: Floette|31/100
|-damage|p1a: Floette|21/100
|-hitcount|p1a: Floette|2
|move|p2b: Incineroar|Flare Blitz|p1a: Floette
|-damage|p1a: Floette|3/100
|-damage|p2b: Incineroar|80/100|[from] Recoil
|move|p1a: Floette|Draining Kiss|p2a: Farigiraf
|-damage|p2a: Farigiraf|5/100
|-heal|p1a: Floette|64/100|[from] drain|[of] p2a: Farigiraf
|-enditem|p2a: Farigiraf|Sitrus Berry|[eat]
|-heal|p2a: Farigiraf|29/100|[from] item: Sitrus Berry
|
|-weather|RainDance|[upkeep]
|upkeep
|turn|4
|
|t:|1782675645
|move|p2a: Farigiraf|Thunderbolt|p1b: Politoed
|-supereffective|p1b: Politoed|1
|-damage|p1b: Politoed|64/100
|move|p2b: Incineroar|Darkest Lariat|p1b: Politoed
|-damage|p1b: Politoed|45/100
|-enditem|p1b: Politoed|Sitrus Berry|[eat]
|-heal|p1b: Politoed|70/100|[from] item: Sitrus Berry
|move|p1b: Politoed|Weather Ball|p2b: Incineroar
|-supereffective|p2b: Incineroar|1
|-damage|p2b: Incineroar|0 fnt
|faint|p2b: Incineroar
|move|p1a: Floette|Draining Kiss|p2a: Farigiraf
|-damage|p2a: Farigiraf|0 fnt
|-heal|p1a: Floette|97/100|[from] drain|[of] p2a: Farigiraf
|faint|p2a: Farigiraf
|
|-weather|RainDance|[upkeep]
|upkeep
|
|t:|1782675653
|switch|p2a: Mawile|Mawile, L50, M|100/100
|switch|p2b: Garchomp|Garchomp, L50, F|100/100
|-ability|p2a: Mawile|Intimidate|boost
|-unboost|p1a: Floette|atk|1
|-unboost|p1b: Politoed|atk|1
|turn|5
|
|t:|1782675667
|detailschange|p2a: Mawile|Mawile-Mega, L50, M
|-mega|p2a: Mawile|Mawile|Mawilite
|move|p1a: Floette|Protect|p1a: Floette
|-singleturn|p1a: Floette|Protect
|move|p2b: Garchomp|Protect|p2b: Garchomp
|-singleturn|p2b: Garchomp|Protect
|move|p2a: Mawile|Play Rough|p1b: Politoed
|-damage|p1b: Politoed|0 fnt
|faint|p1b: Politoed
|
|-weather|RainDance|[upkeep]
|-fieldend|move: Trick Room
|upkeep
|
|t:|1782675678
|switch|p1b: Incineroar|Incineroar, L50, M|68/100
|-ability|p1b: Incineroar|Intimidate|boost
|-unboost|p2a: Mawile|atk|1
|-unboost|p2b: Garchomp|atk|1
|turn|6
|
|t:|1782675691
|move|p2b: Garchomp|Protect|p2b: Garchomp
|-singleturn|p2b: Garchomp|Protect
|move|p1b: Incineroar|Fake Out|p2a: Mawile
|-resisted|p2a: Mawile|1
|-damage|p2a: Mawile|95/100
|move|p1a: Floette|Dazzling Gleam|p2b: Garchomp|[spread] p2a
|-activate|p2b: Garchomp|move: Protect
|-resisted|p2a: Mawile|1
|-damage|p2a: Mawile|53/100
|cant|p2a: Mawile|flinch
|
|-weather|RainDance|[upkeep]
|upkeep
|turn|7
|
|t:|1782675702
|move|p2b: Garchomp|Rock Slide|p1a: Floette|[spread] p1a,p1b
|-supereffective|p1b: Incineroar|1
|-damage|p1a: Floette|76/100
|-damage|p1b: Incineroar|43/100
|-damage|p2b: Garchomp|90/100|[from] item: Life Orb
|cant|p1a: Floette|flinch
|cant|p1b: Incineroar|flinch
|move|p2a: Mawile|Iron Head|p1a: Floette
|-supereffective|p1a: Floette|1
|-damage|p1a: Floette|0 fnt
|faint|p1a: Floette
|
|-weather|none
|upkeep
|
|t:|1782675711
|switch|p1a: Scrafty|Scrafty, L50, F|100/100
|-ability|p1a: Scrafty|Intimidate|boost
|-unboost|p2a: Mawile|atk|1
|-unboost|p2b: Garchomp|atk|1
|turn|8
|
|t:|1782675719
|move|p1b: Incineroar|Protect|p1b: Incineroar
|-singleturn|p1b: Incineroar|Protect
|move|p2a: Mawile|Protect|p2a: Mawile
|-singleturn|p2a: Mawile|Protect
|move|p2b: Garchomp|Earthquake|p1b: Incineroar|[spread] p1a
|-activate|p2a: Mawile|move: Protect
|-activate|p1b: Incineroar|move: Protect
|-damage|p1a: Scrafty|69/100
|-damage|p2b: Garchomp|80/100|[from] item: Life Orb
|move|p1a: Scrafty|Close Combat|p2a: Mawile
|-activate|p2a: Mawile|move: Protect
|
|upkeep
|turn|9
|
|t:|1782675744
|move|p1b: Incineroar|Protect||[still]
|-fail|p1b: Incineroar
|move|p2a: Mawile|Sucker Punch||[still]
|-fail|p2a: Mawile
|move|p2b: Garchomp|Earthquake|p1a: Scrafty|[spread] p2a,p1a,p1b
|-supereffective|p2a: Mawile|1
|-crit|p1a: Scrafty
|-supereffective|p1b: Incineroar|1
|-damage|p2a: Mawile|8/100
|-damage|p1a: Scrafty|0 fnt
|-damage|p1b: Incineroar|3/100
|faint|p1a: Scrafty
|-damage|p2b: Garchomp|70/100|[from] item: Life Orb
|
|upkeep
|turn|10
|
|t:|1782675764
|move|p2a: Mawile|Sucker Punch||[still]
|-fail|p2a: Mawile
|move|p2b: Garchomp|Earthquake|p1b: Incineroar|[spread] p2a,p1b
|-supereffective|p2a: Mawile|1
|-supereffective|p1b: Incineroar|1
|-damage|p2a: Mawile|0 fnt
|-damage|p1b: Incineroar|0 fnt
|faint|p2a: Mawile
|faint|p1b: Incineroar
|-damage|p2b: Garchomp|61/100|[from] item: Life Orb
|
|win|i miss my csr zama
||i miss my csr zama is ready for game 3.
||joyfulwizard is ready for game 3.
|uhtml|next|Next: Game 3 of 3
|l|☆i miss my csr zama
|player|p2|
