|j|☆daemian_x
|j|☆sparkzevan
|html|daemian_xsparkzevan    
|uhtml|bestof|Game 1 of a best-of-3
|t:|1785368256
|gametype|doubles
|player|p1|daemian_x|blue|1120
|player|p2|sparkzevan|169|1031
|gen|9
|tier|[Gen 9 Champions] VGC 2026 Reg M-B (Bo3)
|rated|
|rule|Species Clause: Limit one of each Pokémon
|rule|Item Clause: Limit 1 of each item
|clearpoke
|poke|p1|Tyranitar, L50, M|
|poke|p1|Excadrill, L50, F|
|poke|p1|Gholdengo, L50|
|poke|p1|Milotic, L50, F|
|poke|p1|Sinistcha, L50|
|poke|p1|Staraptor, L50, F|
|poke|p2|Gardevoir, L50, F, shiny|
|poke|p2|Talonflame, L50, M|
|poke|p2|Rotom-Wash, L50|
|poke|p2|Kommo-o, L50, F|
|poke|p2|Aegislash, L50, F|
|poke|p2|Maushold-Four, L50|
|teampreview|4
|showteam|p1|Tyranitar||Tyranitarite|SandStream|RockSlide,KnockOff,LowKick,Protect|Adamant||M|||50|]Excadrill||FocusSash|SandRush|RockSlide,IronHead,Protect,Earthquake|Adamant||F|||50|]Gholdengo||LifeOrb|GoodasGold|MakeItRain,ShadowBall,NastyPlot,Protect|Modest|||||50|]Milotic||SitrusBerry|Competitive|Scald,IceBeam,Recover,Protect|Modest||F|||50|]Sinistcha||ColburBerry|Hospitality|MatchaGotcha,RagePowder,StrengthSap,Protect|Bold|||||50|]Staraptor||Staraptite|Intimidate|CloseCombat,BraveBird,Tailwind,Protect|Jolly||F|||50|
|showteam|p2|Gardevoir||Gardevoirite|Trace|Protect,Psychic,HyperVoice,Thunderbolt|Modest||F|||50|]Talonflame||FocusSash|GaleWings|Protect,FlareBlitz,DualWingbeat,Tailwind|Jolly||M|||50|]Rotom-Wash||ChoiceScarf|Levitate|Electroweb,HydroPump,WillOWisp,VoltSwitch|Timid|||||50|]Kommo-o||LifeOrb|Soundproof|Protect,ClangingScales,AuraSphere,VacuumWave|Modest||F|||50|]Aegislash||Leftovers|StanceChange|KingsShield,Poltergeist,ShadowSneak,IronHead|Adamant||F|||50|]Maushold-Four||ChopleBerry|FriendGuard|Protect,SuperFang,Taunt,FollowMe|Timid|||||50|
|inactive|Battle timer is ON: inactive players will automatically lose when time's up. (requested by sparkzevan)
|
|t:|1785368352
|teamsize|p1|4
|teamsize|p2|4
|start
|switch|p1a: Excadrill|Excadrill, L50, F|100/100
|switch|p1b: Tyranitar|Tyranitar, L50, M|100/100
|switch|p2a: Rotom|Rotom-Wash, L50|100/100
|switch|p2b: Aegislash|Aegislash, L50, F|100/100
|-weather|Sandstorm|[from] ability: Sand Stream|[of] p1b: Tyranitar
|turn|1
|inactive|daemian_x has 30 seconds left.
|inactive|daemian_x has 20 seconds left.
|inactive|daemian_x has 15 seconds left.
|
|t:|1785368394
|move|p2b: Aegislash|King's Shield|p2b: Aegislash
|-singleturn|p2b: Aegislash|Protect
|move|p1a: Excadrill|Rock Slide|p2a: Rotom|[spread] p2a
|-activate|p2b: Aegislash|move: Protect
|-damage|p2a: Rotom|75/100
|cant|p2a: Rotom|flinch
|move|p1b: Tyranitar|Rock Slide|p2a: Rotom|[spread] 
|-activate|p2b: Aegislash|move: Protect
|-miss|p1b: Tyranitar|p2a: Rotom
|
|-weather|Sandstorm|[upkeep]
|-damage|p2a: Rotom|69/100|[from] Sandstorm
|upkeep
|turn|2
|inactive|daemian_x has 30 seconds left.
|inactive|sparkzevan has 30 seconds left.
|
|t:|1785368423
|move|p1b: Tyranitar|Protect|p1b: Tyranitar
|-singleturn|p1b: Tyranitar|Protect
|move|p1a: Excadrill|Earthquake|p2b: Aegislash|[spread] p2b
|-activate|p1b: Tyranitar|move: Protect
|-immune|p2a: Rotom|[from] ability: Levitate
|-supereffective|p2b: Aegislash|1
|-damage|p2b: Aegislash|28/100
|move|p2a: Rotom|Hydro Pump|p1a: Excadrill
|-supereffective|p1a: Excadrill|1
|-enditem|p1a: Excadrill|Focus Sash
|-damage|p1a: Excadrill|1/100
|-formechange|p2b: Aegislash|Aegislash-Blade|
|move|p2b: Aegislash|Iron Head|p1a: Excadrill
|-resisted|p1a: Excadrill|1
|-damage|p1a: Excadrill|0 fnt
|faint|p1a: Excadrill
|
|-weather|Sandstorm|[upkeep]
|-damage|p2a: Rotom|63/100|[from] Sandstorm
|-heal|p2b: Aegislash|34/100|[from] item: Leftovers
|upkeep
|
|t:|1785368443
|switch|p1a: Sinistcha|Sinistcha, L50|100/100
|turn|3
|inactive|daemian_x has 30 seconds left.
|
|t:|1785368471
|switch|p2a: Maushold|Maushold-Four, L50|100/100
|-formechange|p2b: Aegislash|Aegislash|
|move|p2b: Aegislash|King's Shield|p2b: Aegislash
|-singleturn|p2b: Aegislash|Protect
|move|p1a: Sinistcha|Rage Powder|p1a: Sinistcha
|-singleturn|p1a: Sinistcha|move: Rage Powder
|move|p1b: Tyranitar|Rock Slide|p2b: Aegislash|[spread] p2a
|-activate|p2b: Aegislash|move: Protect
|-damage|p2a: Maushold|60/100
|
|-weather|Sandstorm|[upkeep]
|-damage|p2a: Maushold|54/100|[from] Sandstorm
|-damage|p1a: Sinistcha|93/100|[from] Sandstorm
|-heal|p2b: Aegislash|40/100|[from] item: Leftovers
|upkeep
|turn|4
|inactive|daemian_x has 30 seconds left.
|
|t:|1785368503
|move|p2a: Maushold|Follow Me|p2a: Maushold
|-singleturn|p2a: Maushold|move: Follow Me
|move|p1b: Tyranitar|Rock Slide|p2b: Aegislash|[spread] p2b
|-miss|p1b: Tyranitar|p2a: Maushold
|-resisted|p2b: Aegislash|1
|-damage|p2b: Aegislash|31/100
|move|p1a: Sinistcha|Matcha Gotcha|p2a: Maushold|[spread] p2a,p2b
|-resisted|p2b: Aegislash|1
|-damage|p2a: Maushold|25/100
|-heal|p1a: Sinistcha|100/100|[from] drain|[of] p2a: Maushold
|-damage|p2b: Aegislash|23/100
|cant|p2b: Aegislash|flinch
|
|-weather|Sandstorm|[upkeep]
|-damage|p2a: Maushold|19/100|[from] Sandstorm
|-damage|p1a: Sinistcha|93/100|[from] Sandstorm
|-heal|p2b: Aegislash|29/100|[from] item: Leftovers
|upkeep
|turn|5
|
|t:|1785368524
|move|p2a: Maushold|Protect|p2a: Maushold
|-singleturn|p2a: Maushold|Protect
|move|p1b: Tyranitar|Rock Slide|p2a: Maushold|[spread] p2b
|-activate|p2a: Maushold|move: Protect
|-resisted|p2b: Aegislash|1
|-damage|p2b: Aegislash|19/100
|move|p1a: Sinistcha|Matcha Gotcha|p2a: Maushold|[spread] p2b
|-activate|p2a: Maushold|move: Protect
|-resisted|p2b: Aegislash|1
|-damage|p2b: Aegislash|11/100
|-heal|p1a: Sinistcha|97/100|[from] drain|[of] p2b: Aegislash
|-status|p2b: Aegislash|brn
|cant|p2b: Aegislash|flinch
|
|-weather|none
|-heal|p2b: Aegislash|17/100 brn|[from] item: Leftovers
|-damage|p2b: Aegislash|11/100 brn|[from] brn
|upkeep
|turn|6
|inactive|sparkzevan has 30 seconds left.
|
|t:|1785368553
|detailschange|p1b: Tyranitar|Tyranitar-Mega, L50, M
|-mega|p1b: Tyranitar|Tyranitar|Tyranitarite
|-weather|Sandstorm|[from] ability: Sand Stream|[of] p1b: Tyranitar
|move|p2b: Aegislash|King's Shield|p2b: Aegislash
|-singleturn|p2b: Aegislash|Protect
|move|p2a: Maushold|Super Fang|p1b: Tyranitar
|-damage|p1b: Tyranitar|50/100g
|move|p1b: Tyranitar|Rock Slide|p2a: Maushold|[spread] p2a
|-activate|p2b: Aegislash|move: Protect
|-damage|p2a: Maushold|0 fnt
|faint|p2a: Maushold
|move|p1a: Sinistcha|Matcha Gotcha|p2b: Aegislash
|-activate|p2b: Aegislash|move: Protect
|
|-weather|Sandstorm|[upkeep]
|-damage|p1a: Sinistcha|91/100|[from] Sandstorm
|-heal|p2b: Aegislash|17/100 brn|[from] item: Leftovers
|-damage|p2b: Aegislash|11/100 brn|[from] brn
|upkeep
|
|t:|1785368571
|switch|p2a: Gardevoir|Gardevoir, L50, F, shiny|100/100
|-ability|p2a: Gardevoir|Sand Stream|Trace|[from] ability: Trace|[of] p1b: Tyranitar
|turn|7
|inactive|daemian_x has 30 seconds left.
|inactive|daemian_x has 20 seconds left.
|
|t:|1785368607
|detailschange|p2a: Gardevoir|Gardevoir-Mega, L50, F, shiny
|-mega|p2a: Gardevoir|Gardevoir|Gardevoirite
|move|p1b: Tyranitar|Protect|p1b: Tyranitar
|-singleturn|p1b: Tyranitar|Protect
|-formechange|p2b: Aegislash|Aegislash-Blade|
|move|p2b: Aegislash|Shadow Sneak|p1a: Sinistcha
|-supereffective|p1a: Sinistcha|1
|-damage|p1a: Sinistcha|69/100
|move|p2a: Gardevoir|Hyper Voice|p1a: Sinistcha|[spread] p1a
|-activate|p1b: Tyranitar|move: Protect
|-damage|p1a: Sinistcha|13/100
|move|p1a: Sinistcha|Matcha Gotcha|p2a: Gardevoir|[spread] p2a
|-miss|p1a: Sinistcha|p2b: Aegislash
|-damage|p2a: Gardevoir|82/100
|-heal|p1a: Sinistcha|22/100|[from] drain|[of] p2a: Gardevoir
|-status|p2a: Gardevoir|brn
|
|-weather|Sandstorm|[upkeep]
|-damage|p2a: Gardevoir|76/100 brn|[from] Sandstorm
|-damage|p1a: Sinistcha|16/100|[from] Sandstorm
|-heal|p2b: Aegislash|17/100 brn|[from] item: Leftovers
|-damage|p2a: Gardevoir|70/100 brn|[from] brn
|-damage|p2b: Aegislash|11/100 brn|[from] brn
|upkeep
|turn|8
|inactive|daemian_x has 30 seconds left.
|inactive|sparkzevan has 30 seconds left.
|
|t:|1785368638
|switch|p2b: Rotom|Rotom-Wash, L50|63/100
|move|p1a: Sinistcha|Rage Powder|p1a: Sinistcha
|-singleturn|p1a: Sinistcha|move: Rage Powder
|move|p1b: Tyranitar|Rock Slide|p2a: Gardevoir|[spread] p2b
|-miss|p1b: Tyranitar|p2a: Gardevoir
|-damage|p2b: Rotom|25/100
|move|p2a: Gardevoir|Hyper Voice|p1b: Tyranitar|[spread] p1a,p1b
|-supereffective|p1b: Tyranitar|1
|-damage|p1a: Sinistcha|0 fnt
|-damage|p1b: Tyranitar|0 fnt
|faint|p1a: Sinistcha
|faint|p1b: Tyranitar
|
|-weather|Sandstorm|[upkeep]
|-damage|p2b: Rotom|19/100|[from] Sandstorm
|-damage|p2a: Gardevoir|65/100 brn|[from] Sandstorm
|-damage|p2a: Gardevoir|59/100 brn|[from] brn
|upkeep
|
|t:|1785368655
|switch|p1a: Gholdengo|Gholdengo, L50|100/100
|turn|9
|
|t:|1785368669
|move|p1a: Gholdengo|Protect|p1a: Gholdengo
|-singleturn|p1a: Gholdengo|Protect
|move|p2a: Gardevoir|Protect|p2a: Gardevoir
|-singleturn|p2a: Gardevoir|Protect
|move|p2b: Rotom|Volt Switch|p1a: Gholdengo
|-activate|p1a: Gholdengo|move: Protect
|
|-weather|Sandstorm|[upkeep]
|-damage|p2b: Rotom|14/100|[from] Sandstorm
|-damage|p2a: Gardevoir|53/100 brn|[from] Sandstorm
|-damage|p2a: Gardevoir|48/100 brn|[from] brn
|upkeep
|turn|10
|
|t:|1785368681
|switch|p2a: Aegislash|Aegislash, L50, F|11/100 brn
|move|p2b: Rotom|Volt Switch|p1a: Gholdengo
|-damage|p1a: Gholdengo|71/100
|
|t:|1785368686
|switch|p2b: Gardevoir|Gardevoir-Mega, L50, F, shiny|48/100 brn|[from] Volt Switch
|move|p1a: Gholdengo|Make It Rain|p2a: Aegislash|[spread] p2a,p2b
|-resisted|p2a: Aegislash|1
|-supereffective|p2b: Gardevoir|1
|-damage|p2a: Aegislash|0 fnt
|-damage|p2b: Gardevoir|0 fnt
|-unboost|p1a: Gholdengo|spa|2
|faint|p2a: Aegislash
|faint|p2b: Gardevoir
|-damage|p1a: Gholdengo|62/100|[from] item: Life Orb
|
|-weather|none
|upkeep
|
|t:|1785368698
|switch|p2b: Rotom|Rotom-Wash, L50|14/100
|turn|11
|
|t:|1785368704
|move|p1a: Gholdengo|Protect|p1a: Gholdengo
|-singleturn|p1a: Gholdengo|Protect
|move|p2b: Rotom|Hydro Pump|p1a: Gholdengo
|-activate|p1a: Gholdengo|move: Protect
|
|upkeep
|turn|12
|
|t:|1785368715
|move|p2b: Rotom|Hydro Pump|p1a: Gholdengo
|-damage|p1a: Gholdengo|17/100
|move|p1a: Gholdengo|Make It Rain|p2b: Rotom
|-resisted|p2b: Rotom|2
|-damage|p2b: Rotom|2/100
|-unboost|p1a: Gholdengo|spa|2
|-damage|p1a: Gholdengo|8/100|[from] item: Life Orb
|
|upkeep
|turn|13
|
|t:|1785368725
|move|p2b: Rotom|Hydro Pump|p1a: Gholdengo
|-damage|p1a: Gholdengo|0 fnt
|faint|p1a: Gholdengo
|
|win|sparkzevan
||sparkzevan is ready for game 2.
|inactive|daemian_x has 30 seconds to confirm battle start!
||daemian_x is ready for game 2.
|uhtml|next|Next: Game 2 of 3
|l|☆sparkzevan
|player|p2|
