|j|☆NiightFuryy
|j|☆DinisDenis
|html|NiightFuryyDinisDenis    
|uhtml|bestof|Game 1 of a best-of-3
|t:|1784321663
|gametype|doubles
|player|p1|NiightFuryy|giovanni|
|player|p2|DinisDenis|fisherman-gen4|
|gen|9
|tier|[Gen 9 Champions] VGC 2026 Reg M-B (Bo3)
|rule|Species Clause: Limit one of each Pokémon
|rule|Item Clause: Limit 1 of each item
|clearpoke
|poke|p1|Gengar, L50, M|
|poke|p1|Incineroar, L50, F|
|poke|p1|Primarina, L50, F|
|poke|p1|Dragonite, L50, M|
|poke|p1|Ariados, L50, M|
|poke|p1|Rotom-Heat, L50|
|poke|p2|Talonflame, L50, F|
|poke|p2|Basculegion, L50, M|
|poke|p2|Mudsdale, L50, M|
|poke|p2|Lopunny, L50, F|
|poke|p2|Sylveon, L50, F|
|poke|p2|Appletun, L50, F|
|teampreview|4
|showteam|p1|Gengar||Gengarite|CursedBody|Protect,PerishSong,ShadowBall,Disable|Timid||M|||50|]Incineroar||SitrusBerry|Intimidate|FakeOut,Protect,PartingShot,FlareBlitz|Impish||F|||50|]Primarina||FairyFeather|LiquidVoice|Protect,Moonblast,PerishSong,AquaJet|Modest||F|||50|]Dragonite||DragonFang|Multiscale|DragonClaw,Protect,AerialAce,ThunderPunch|Adamant||M|||50|]Ariados||FocusSash|Insomnia|Agility,RagePowder,Protect,Infestation|Impish||M|||50|]Rotom-Heat||ChoiceScarf|Levitate|Overheat,Thunderbolt,Electroweb,VoltSwitch|Timid|||||50|
|showteam|p2|Talonflame||FocusSash|GaleWings|Tailwind,WillOWisp,UpperHand,Overheat|Timid||F|||50|]Basculegion||KasibBerry|Adaptability|LastRespects,WaveCrash,AquaJet,FlipTurn|Adamant||M|||50|]Mudsdale||SoftSand|InnerFocus|Protect,HighHorsepower,RockSlide,Bulldoze|Adamant||M|||50|]Lopunny||Lopunnite|Limber|CloseCombat,FakeOut,QuickAttack,Encore|Jolly||F|||50|]Sylveon||LifeOrb|Pixilate|MysticalFire,HyperVoice,Detect,QuickAttack|Quiet||F|||50|]Appletun||SitrusBerry|Gluttony|AppleAcid,LightScreen,Reflect,LeechSeed|Calm||F|||50|
|j| JVoid
|j| enzothegamer
|j| Hugh r
|c| Hugh r|Glhf
|c|☆DinisDenis|who is you bro
|c|☆DinisDenis|thanks for saying it for me ig
|c| Hugh r|Incin
|c|☆NiightFuryy|we got randos ahh in the chat
|c|☆NiightFuryy|ah
|c|☆NiightFuryy|nvm
|
|t:|1784321830
|teamsize|p1|4
|teamsize|p2|4
|start
|switch|p1a: Gengar|Gengar, L50, M|100/100
|switch|p1b: Primarina|Primarina, L50, F|100/100
|switch|p2a: Mudsdale|Mudsdale, L50, M|100/100
|switch|p2b: Sylveon|Sylveon, L50, F|100/100
|turn|1
|c| Hugh r|😭😭😭
|
|t:|1784321850
|detailschange|p1a: Gengar|Gengar-Mega, L50, M
|-mega|p1a: Gengar|Gengar|Gengarite
|move|p1a: Gengar|Protect|p1a: Gengar
|-singleturn|p1a: Gengar|Protect
|move|p1b: Primarina|Perish Song|p1b: Primarina
|-start|p1a: Gengar|perish3|[silent]
|-start|p1b: Primarina|perish3|[silent]
|-start|p2a: Mudsdale|perish3|[silent]
|-start|p2b: Sylveon|perish3|[silent]
|-fieldactivate|move: Perish Song
|move|p2b: Sylveon|Hyper Voice|p1b: Primarina|[spread] p1b
|-activate|p1a: Gengar|move: Protect
|-damage|p1b: Primarina|54/100
|-damage|p2b: Sylveon|90/100|[from] item: Life Orb
|move|p2a: Mudsdale|High Horsepower|p1a: Gengar
|-activate|p1a: Gengar|move: Protect
|
|-start|p1a: Gengar|perish3
|-start|p1b: Primarina|perish3
|-start|p2b: Sylveon|perish3
|-start|p2a: Mudsdale|perish3
|upkeep
|turn|2
|c| Hugh r|Im like hugh From B/w so i us it
|c| JVoid|lmao
|
|t:|1784321895
|move|p1b: Primarina|Aqua Jet|p2a: Mudsdale
|-supereffective|p2a: Mudsdale|1
|-damage|p2a: Mudsdale|81/100
|move|p1a: Gengar|Disable|p2a: Mudsdale
|-start|p2a: Mudsdale|Disable|High Horsepower
|move|p2b: Sylveon|Hyper Voice|p1b: Primarina|[spread] p1a,p1b
|-resisted|p1a: Gengar|1
|-damage|p1a: Gengar|68/100
|-damage|p1b: Primarina|11/100
|-damage|p2b: Sylveon|80/100|[from] item: Life Orb
|move|p2a: Mudsdale|Rock Slide|p1b: Primarina|[spread] p1a
|-miss|p2a: Mudsdale|p1b: Primarina
|-damage|p1a: Gengar|46/100
|
|-start|p1a: Gengar|perish2
|-start|p1b: Primarina|perish2
|-start|p2b: Sylveon|perish2
|-start|p2a: Mudsdale|perish2
|upkeep
|turn|3
|
|t:|1784321947
|switch|p1b: Rotom|Rotom-Heat, L50|100/100
|move|p1a: Gengar|Protect|p1a: Gengar
|-singleturn|p1a: Gengar|Protect
|move|p2b: Sylveon|Hyper Voice|p1b: Rotom|[spread] p1b
|-activate|p1a: Gengar|move: Protect
|-resisted|p1b: Rotom|1
|-damage|p1b: Rotom|66/100
|-damage|p2b: Sylveon|70/100|[from] item: Life Orb
|move|p2a: Mudsdale|Bulldoze|p1b: Rotom|[spread] p2b
|-activate|p1a: Gengar|move: Protect
|-immune|p1b: Rotom|[from] ability: Levitate
|-damage|p2b: Sylveon|34/100
|-unboost|p2b: Sylveon|spe|1
|
|-start|p1a: Gengar|perish1
|-start|p2a: Mudsdale|perish1
|-start|p2b: Sylveon|perish1
|upkeep
|turn|4
|
|t:|1784321973
|switch|p1a: Incineroar|Incineroar, L50, F|100/100
|-ability|p1a: Incineroar|Intimidate|boost
|-fail|p2a: Mudsdale|unboost|Attack|[from] ability: Inner Focus|[of] p2a: Mudsdale
|-unboost|p2b: Sylveon|atk|1
|move|p2b: Sylveon|Detect|p2b: Sylveon
|-singleturn|p2b: Sylveon|Protect
|move|p1b: Rotom|Volt Switch|p2b: Sylveon
|-activate|p2b: Sylveon|move: Protect
|move|p2a: Mudsdale|Bulldoze|p1a: Incineroar|[spread] p1a
|-activate|p2b: Sylveon|move: Protect
|-immune|p1b: Rotom|[from] ability: Levitate
|-supereffective|p1a: Incineroar|1
|-damage|p1a: Incineroar|60/100
|-unboost|p1a: Incineroar|spe|1
|
|-start|p2a: Mudsdale|perish0
|-start|p2b: Sylveon|perish0
|faint|p2a: Mudsdale
|faint|p2b: Sylveon
|upkeep
|
|t:|1784321990
|switch|p2b: Basculegion|Basculegion, L50, M|100/100
|switch|p2a: Lopunny|Lopunny, L50, F|100/100
|turn|5
|
|t:|1784322014
|detailschange|p2a: Lopunny|Lopunny-Mega, L50, F
|-mega|p2a: Lopunny|Lopunny|Lopunnite
|move|p1a: Incineroar|Protect|p1a: Incineroar
|-singleturn|p1a: Incineroar|Protect
|move|p1b: Rotom|Volt Switch|p2b: Basculegion
|-supereffective|p2b: Basculegion|1
|-damage|p2b: Basculegion|35/100
|
|t:|1784322024
|switch|p1b: Primarina|Primarina, L50, F|11/100|[from] Volt Switch
|move|p2a: Lopunny|Close Combat|p1b: Primarina
|-resisted|p1b: Primarina|1
|-damage|p1b: Primarina|0 fnt
|-unboost|p2a: Lopunny|def|1
|-unboost|p2a: Lopunny|spd|1
|faint|p1b: Primarina
|move|p2b: Basculegion|Wave Crash|p1a: Incineroar
|-activate|p1a: Incineroar|move: Protect
|
|upkeep
|
|t:|1784322035
|switch|p1b: Gengar|Gengar-Mega, L50, M|46/100
|turn|6
|
|t:|1784322106
|move|p2b: Basculegion|Aqua Jet|p1b: Gengar
|-crit|p1b: Gengar
|-damage|p1b: Gengar|0 fnt
|faint|p1b: Gengar
|move|p2a: Lopunny|Encore|p1a: Incineroar
|-start|p1a: Incineroar|Encore
|move|p1a: Incineroar|Protect||[still]
|-fail|p1a: Incineroar
|
|upkeep
|
|t:|1784322114
|switch|p1b: Rotom|Rotom-Heat, L50|66/100
|turn|7
|c| Hugh r|Yoo you find best play
|
|t:|1784322125
|move|p1a: Incineroar|Protect|p1a: Incineroar
|-singleturn|p1a: Incineroar|Protect
|move|p1b: Rotom|Thunderbolt|p2b: Basculegion
|-supereffective|p2b: Basculegion|1
|-damage|p2b: Basculegion|0 fnt
|faint|p2b: Basculegion
|move|p2a: Lopunny|Close Combat|p1b: Rotom
|-damage|p1b: Rotom|0 fnt
|-unboost|p2a: Lopunny|def|1
|-unboost|p2a: Lopunny|spd|1
|faint|p1b: Rotom
|
|upkeep
|turn|8
|c| Hugh r|W
|
|t:|1784322135
|move|p1a: Incineroar|Protect|p1a: Incineroar
|-singleturn|p1a: Incineroar|Protect
|move|p2a: Lopunny|Close Combat|p1a: Incineroar
|-activate|p1a: Incineroar|move: Protect
|
|-end|p1a: Incineroar|Encore
|upkeep
|turn|9
|
|t:|1784322144
|move|p2a: Lopunny|Close Combat|p1a: Incineroar
|-supereffective|p1a: Incineroar|1
|-damage|p1a: Incineroar|0 fnt
|-unboost|p2a: Lopunny|def|1
|-unboost|p2a: Lopunny|spd|1
|faint|p1a: Incineroar
|
|win|DinisDenis
|l|☆NiightFuryy
|player|p1|
