|j|☆Fell Blue
|j|‽bathoven
|html|Fell Bluebathoven    
|uhtml|bestof|Game 2 of a best-of-3
|t:|1784590360
|gametype|doubles
|player|p1|Fell Blue|fantina|1102
|player|p2|bathoven|pokemaniac|1165
|gen|9
|tier|[Gen 9 Champions] VGC 2026 Reg M-B (Bo3)
|rated|
|rule|Species Clause: Limit one of each Pokémon
|rule|Item Clause: Limit 1 of each item
|clearpoke
|poke|p1|Mawile, L50, M|
|poke|p1|Liepard, L50, F|
|poke|p1|Sneasler, L50, F|
|poke|p1|Chandelure, L50, M|
|poke|p1|Ninetales-Alola, L50, M|
|poke|p1|Incineroar, L50, M|
|poke|p2|Typhlosion, L50, F|
|poke|p2|Froslass, L50, F|
|poke|p2|Aerodactyl, L50, F|
|poke|p2|Raichu, L50, F|
|poke|p2|Tsareena, L50, F|
|poke|p2|Basculegion, L50, M|
|teampreview|4
|showteam|p1|Mawile||Mawilite|HyperCutter|PlayRough,SuckerPunch,Protect,IronDefense|Adamant||M|||50|]Liepard||FocusSash|Prankster|FakeOut,ThunderWave,FoulPlay,Encore|Timid||F|||50|]Sneasler||WhiteHerb|Unburden|DireClaw,Coaching,FakeOut,CloseCombat|Adamant||F|||50|]Chandelure||Chandelurite|FlashFire|ShadowBall,HeatWave,CalmMind,Protect|Modest||M|||50|]Ninetales-Alola||LightClay|SnowWarning|AuroraVeil,Protect,FreezeDry,IcyWind|Timid||M|||50|]Incineroar||SitrusBerry|Intimidate|FakeOut,PartingShot,ThroatChop,FlareBlitz|Impish||M|||50|
|showteam|p2|Typhlosion||ChoiceScarf|FlashFire|FocusBlast,ShadowBall,HeatWave,Eruption|Modest||F|||50|]Froslass||Froslassite|CursedBody|ShadowBall,AuroraVeil,Protect,Blizzard|Timid||F|||50|]Aerodactyl||Aerodactylite|Unnerve|Tailwind,RockSlide,DualWingbeat,Protect|Jolly||F|||50|]Raichu||FocusSash|LightningRod|FakeOut,HelpingHand,Encore,Thunderbolt|Hasty||F|||50|]Tsareena||SitrusBerry|QueenlyMajesty|LowKick,TropKick,Taunt,TripleAxel|Adamant||F|||50|]Basculegion||LifeOrb|Adaptability|Protect,LastRespects,WaveCrash,AquaJet|Adamant||M|||50|
|inactive|Battle timer is ON: inactive players will automatically lose when time's up. (requested by bathoven)
|inactive|bathoven has 60 seconds left.
|
|t:|1784590393
|teamsize|p1|4
|teamsize|p2|4
|start
|switch|p1a: Incineroar|Incineroar, L50, M|100/100
|switch|p1b: Ninetales|Ninetales-Alola, L50, M|100/100
|switch|p2a: Typhlosion|Typhlosion, L50, F|100/100
|switch|p2b: Froslass|Froslass, L50, F|100/100
|-weather|Snowscape|[from] ability: Snow Warning|[of] p1b: Ninetales
|-ability|p1a: Incineroar|Intimidate|boost
|-unboost|p2a: Typhlosion|atk|1
|-unboost|p2b: Froslass|atk|1
|turn|1
|inactive|Fell Blue has 30 seconds left.
|
|t:|1784590423
|switch|p1b: Chandelure|Chandelure, L50, M|100/100
|detailschange|p2b: Froslass|Froslass-Mega, L50, F
|-mega|p2b: Froslass|Froslass|Froslassite
|move|p1a: Incineroar|Fake Out|p2a: Typhlosion
|-damage|p2a: Typhlosion|84/100
|cant|p2a: Typhlosion|flinch
|move|p2b: Froslass|Blizzard|p1b: Chandelure|[spread] p1a,p1b
|-resisted|p1a: Incineroar|1
|-resisted|p1b: Chandelure|1
|-damage|p1a: Incineroar|80/100
|-damage|p1b: Chandelure|71/100
|
|-weather|Snowscape|[upkeep]
|upkeep
|turn|2
|
|t:|1784590447
|move|p1b: Chandelure|Protect|p1b: Chandelure
|-singleturn|p1b: Chandelure|Protect
|move|p2a: Typhlosion|Shadow Ball|p1b: Chandelure
|-activate|p1b: Chandelure|move: Protect
|move|p2b: Froslass|Shadow Ball|p1b: Chandelure
|-activate|p1b: Chandelure|move: Protect
|move|p1a: Incineroar|Flare Blitz|p2b: Froslass
|-supereffective|p2b: Froslass|1
|-damage|p2b: Froslass|6/100
|-damage|p1a: Incineroar|57/100|[from] Recoil
|
|-weather|Snowscape|[upkeep]
|upkeep
|turn|3
|inactive|Fell Blue has 30 seconds left.
|
|t:|1784590475
|switch|p1b: Ninetales|Ninetales-Alola, L50, M|100/100
|move|p2b: Froslass|Protect|p2b: Froslass
|-singleturn|p2b: Froslass|Protect
|move|p2a: Typhlosion|Shadow Ball|p1b: Ninetales
|-damage|p1b: Ninetales|72/100
|-unboost|p1b: Ninetales|spd|1
|move|p1a: Incineroar|Parting Shot|p2a: Typhlosion
|-unboost|p2a: Typhlosion|atk|1
|-unboost|p2a: Typhlosion|spa|1
|
|t:|1784590488
|switch|p1a: Chandelure|Chandelure, L50, M|71/100|[from] Parting Shot
|
|-weather|Snowscape|[upkeep]
|upkeep
|turn|4
|
|t:|1784590499
|move|p1a: Chandelure|Protect|p1a: Chandelure
|-singleturn|p1a: Chandelure|Protect
|move|p2a: Typhlosion|Shadow Ball|p1b: Ninetales
|-damage|p1b: Ninetales|43/100
|-unboost|p1b: Ninetales|spd|1
|move|p2b: Froslass|Shadow Ball|p1a: Chandelure
|-activate|p1a: Chandelure|move: Protect
|move|p1b: Ninetales|Icy Wind|p2b: Froslass|[spread] p2a,p2b
|-resisted|p2a: Typhlosion|1
|-resisted|p2b: Froslass|1
|-damage|p2a: Typhlosion|76/100
|-damage|p2b: Froslass|0 fnt
|-unboost|p2a: Typhlosion|spe|1
|faint|p2b: Froslass
|
|-weather|Snowscape|[upkeep]
|upkeep
|
|t:|1784590515
|switch|p2b: Basculegion|Basculegion, L50, M|100/100
|turn|5
|
|t:|1784590527
|switch|p1a: Incineroar|Incineroar, L50, M|57/100
|-ability|p1a: Incineroar|Intimidate|boost
|-unboost|p2a: Typhlosion|atk|1
|-unboost|p2b: Basculegion|atk|1
|move|p2b: Basculegion|Aqua Jet|p1a: Incineroar
|-supereffective|p1a: Incineroar|1
|-damage|p1a: Incineroar|16/100
|-enditem|p1a: Incineroar|Sitrus Berry|[eat]
|-heal|p1a: Incineroar|41/100|[from] item: Sitrus Berry
|-damage|p2b: Basculegion|90/100|[from] item: Life Orb
|move|p1b: Ninetales|Aurora Veil|p1b: Ninetales
|-sidestart|p1: Fell Blue|move: Aurora Veil
|move|p2a: Typhlosion|Shadow Ball|p1b: Ninetales
|-damage|p1b: Ninetales|17/100
|
|-weather|none
|upkeep
|turn|6
|
|t:|1784590547
|switch|p2a: Tsareena|Tsareena, L50, F|100/100
|move|p2b: Basculegion|Aqua Jet|p1b: Ninetales
|-damage|p1b: Ninetales|0 fnt
|faint|p1b: Ninetales
|-damage|p2b: Basculegion|80/100|[from] item: Life Orb
|move|p1a: Incineroar|Parting Shot|p2b: Basculegion
|-unboost|p2b: Basculegion|atk|1
|-unboost|p2b: Basculegion|spa|1
|
|t:|1784590559
|switch|p1a: Sneasler|Sneasler, L50, F|100/100|[from] Parting Shot
|
|upkeep
|
|t:|1784590564
|switch|p1b: Incineroar|Incineroar, L50, M|41/100
|-ability|p1b: Incineroar|Intimidate|boost
|-unboost|p2a: Tsareena|atk|1
|-unboost|p2b: Basculegion|atk|1
|turn|7
|
|t:|1784590580
|switch|p2b: Typhlosion|Typhlosion, L50, F|76/100
|move|p1a: Sneasler|Dire Claw|p2a: Tsareena
|-supereffective|p2a: Tsareena|1
|-damage|p2a: Tsareena|16/100
|-enditem|p2a: Tsareena|Sitrus Berry|[eat]
|-heal|p2a: Tsareena|40/100|[from] item: Sitrus Berry
|move|p2a: Tsareena|Triple Axel|p1a: Sneasler
|-damage|p1a: Sneasler|96/100
|-damage|p1a: Sneasler|89/100
|-damage|p1a: Sneasler|79/100
|-hitcount|p1a: Sneasler|3
|move|p1b: Incineroar|Throat Chop|p2b: Typhlosion
|-damage|p2b: Typhlosion|36/100
|-start|p2b: Typhlosion|Throat Chop|[silent]
|
|upkeep
|turn|8
|
|t:|1784590604
|move|p2b: Typhlosion|Heat Wave|p1a: Sneasler|[spread] p1a,p1b
|-resisted|p1b: Incineroar|1
|-damage|p1a: Sneasler|53/100
|-damage|p1b: Incineroar|32/100
|move|p1a: Sneasler|Dire Claw|p2a: Tsareena
|-supereffective|p2a: Tsareena|1
|-damage|p2a: Tsareena|0 fnt
|faint|p2a: Tsareena
|move|p1b: Incineroar|Parting Shot|p2b: Typhlosion
|-unboost|p2b: Typhlosion|atk|1
|-unboost|p2b: Typhlosion|spa|1
|
|t:|1784590607
|switch|p1b: Chandelure|Chandelure, L50, M|71/100|[from] Parting Shot
|
|-end|p2b: Typhlosion|Throat Chop|[silent]
|upkeep
|
|t:|1784590611
|switch|p2a: Basculegion|Basculegion, L50, M|80/100
|turn|9
|
|t:|1784590626
|move|p1b: Chandelure|Protect|p1b: Chandelure
|-singleturn|p1b: Chandelure|Protect
|move|p2b: Typhlosion|Heat Wave|p1b: Chandelure|[spread] p1a
|-activate|p1b: Chandelure|move: Protect
|-damage|p1a: Sneasler|35/100
|move|p1a: Sneasler|Coaching|p1b: Chandelure
|-boost|p1b: Chandelure|atk|1
|-boost|p1b: Chandelure|def|1
|move|p2a: Basculegion|Wave Crash|p1a: Sneasler
|-damage|p1a: Sneasler|0 fnt
|faint|p1a: Sneasler
|-damage|p2a: Basculegion|69/100|[from] Recoil
|-damage|p2a: Basculegion|59/100|[from] item: Life Orb
|
|upkeep
|
|t:|1784590631
|switch|p1a: Incineroar|Incineroar, L50, M|32/100
|-ability|p1a: Incineroar|Intimidate|boost
|-unboost|p2a: Basculegion|atk|1
|-unboost|p2b: Typhlosion|atk|1
|turn|10
|inactive|Fell Blue has 30 seconds left.
|
|t:|1784590664
|move|p2a: Basculegion|Protect|p2a: Basculegion
|-singleturn|p2a: Basculegion|Protect
|move|p2b: Typhlosion|Heat Wave|p1b: Chandelure|[spread] p1a
|-start|p1b: Chandelure|ability: Flash Fire
|-resisted|p1a: Incineroar|1
|-damage|p1a: Incineroar|25/100
|move|p1b: Chandelure|Heat Wave|p2a: Basculegion|[spread] 
|-activate|p2a: Basculegion|move: Protect
|-start|p2b: Typhlosion|ability: Flash Fire
|move|p1a: Incineroar|Throat Chop|p2a: Basculegion
|-activate|p2a: Basculegion|move: Protect
|
|upkeep
|turn|11
|
|t:|1784590681
|move|p2a: Basculegion|Aqua Jet|p1b: Chandelure
|-supereffective|p1b: Chandelure|1
|-damage|p1b: Chandelure|47/100
|-damage|p2a: Basculegion|49/100|[from] item: Life Orb
|move|p2b: Typhlosion|Heat Wave|p1a: Incineroar|[spread] p1a
|-immune|p1b: Chandelure|[from] ability: Flash Fire
|-resisted|p1a: Incineroar|1
|-damage|p1a: Incineroar|14/100
|move|p1b: Chandelure|Shadow Ball|p2a: Basculegion
|-supereffective|p2a: Basculegion|1
|-damage|p2a: Basculegion|0 fnt
|faint|p2a: Basculegion
|move|p1a: Incineroar|Throat Chop|p2b: Typhlosion
|-damage|p2b: Typhlosion|0 fnt
|faint|p2b: Typhlosion
|
|win|Fell Blue
