|j|☆caverna1
|j|☆ShabazXVGC
|html|caverna1ShabazXVGC    
|uhtml|bestof|Game 2 of a best-of-3
|t:|1784663963
|gametype|doubles
|player|p1|caverna1|boarder|1117
|player|p2|ShabazXVGC|alder|1176
|gen|9
|tier|[Gen 9 Champions] VGC 2026 Reg M-B (Bo3)
|rated|
|rule|Species Clause: Limit one of each Pokémon
|rule|Item Clause: Limit 1 of each item
|clearpoke
|poke|p1|Sableye, L50, M|
|poke|p1|Charizard, L50, M|
|poke|p1|Venusaur, L50, F|
|poke|p1|Kleavor, L50, M, shiny|
|poke|p1|Eelektross, L50, M, shiny|
|poke|p1|Samurott-Hisui, L50, M, shiny|
|poke|p2|Archaludon, L50, M, shiny|
|poke|p2|Primarina, L50, F|
|poke|p2|Sableye, L50, M|
|poke|p2|Dragonite, L50, F|
|poke|p2|Delphox, L50, F, shiny|
|poke|p2|Maushold, L50|
|teampreview|4
|showteam|p1|Sableye||LightClay|Prankster|LowKick,SunnyDay,LightScreen,Reflect|Bold||M|||50|]Charizard||CharizarditeY|Blaze|Overheat,HeatWave,HelpingHand,Protect|Modest||M|||50|]Venusaur||LifeOrb|Chlorophyll|SolarBeam,SludgeBomb,EarthPower,Protect|Modest||F|||50|]Kleavor||ChoiceScarf|Sharpness|XScissor,StoneAxe,BrickBreak,Uturn|Adamant||M|||50|]Eelektross||Eelektrossite|Levitate|Thunderbolt,Flamethrower,DragonPulse,Protect|Modest||M|||50|]Samurott-Hisui||FocusSash|Sharpness|CeaselessEdge,RazorShell,SacredSword,Protect|Adamant||M|||50|
|showteam|p2|Archaludon||SitrusBerry|Stamina|Snarl,ElectroShot,DragonPulse,Protect|Modest||M|||50|]Primarina||MysticWater|LiquidVoice|AquaJet,HyperVoice,Moonblast,Protect|Modest||F|||50|]Sableye||RoseliBerry|Prankster|RainDance,ThunderWave,FoulPlay,Reflect|Bold||M|||50|]Dragonite||Dragoninite|InnerFocus|Protect,Hurricane,DracoMeteor,Tailwind|Modest||F|||50|]Delphox||Delphoxite|Blaze|HeatWave,Psyshock,NastyPlot,Protect|Timid||F|||50|]Maushold||ChopleBerry|FriendGuard|SuperFang,FollowMe,Taunt,Protect|Calm|||||50|
|inactive|Battle timer is ON: inactive players will automatically lose when time's up. (requested by caverna1)
|inactive|caverna1 has 60 seconds left.
|inactive|caverna1 has 30 seconds left.
|inactive|caverna1 has 20 seconds left.
|inactive|caverna1 has 15 seconds left.
|inactive|caverna1 has 10 seconds left.
|
|t:|1784664044
|teamsize|p1|4
|teamsize|p2|4
|start
|switch|p1a: Sableye|Sableye, L50, M|100/100
|switch|p1b: Kleavor|Kleavor, L50, M, shiny|100/100
|switch|p2a: Joker|Sableye, L50, M|100/100
|switch|p2b: SonOfGarp|Dragonite, L50, F|100/100
|turn|1
|inactive|caverna1 has 30 seconds left.
|inactive|ShabazXVGC has 30 seconds left.
|inactive|caverna1 has 20 seconds left.
|
|t:|1784664084
|detailschange|p2b: SonOfGarp|Dragonite-Mega, L50, F
|-mega|p2b: SonOfGarp|Dragonite|Dragoninite
|move|p2a: Joker|Rain Dance|p2a: Joker
|-weather|RainDance
|move|p1a: Sableye|Light Screen|p1a: Sableye
|-sidestart|p1: caverna1|move: Light Screen
|move|p1b: Kleavor|Stone Axe|p2b: SonOfGarp|[miss]
|-miss|p1b: Kleavor|p2b: SonOfGarp
|move|p2b: SonOfGarp|Hurricane|p1b: Kleavor
|-damage|p1b: Kleavor|19/100
|
|-weather|RainDance|[upkeep]
|upkeep
|turn|2
|inactive|caverna1 has 30 seconds left.
|inactive|caverna1 has 20 seconds left.
|inactive|caverna1 has 15 seconds left.
|inactive|caverna1 has 10 seconds left.
|
|t:|1784664131
|switch|p1a: Samurott|Samurott-Hisui, L50, M, shiny|100/100
|move|p2a: Joker|Thunder Wave|p1b: Kleavor
|-status|p1b: Kleavor|par
|move|p2b: SonOfGarp|Hurricane|p1b: Kleavor
|-damage|p1b: Kleavor|0 fnt
|faint|p1b: Kleavor
|
|-weather|RainDance|[upkeep]
|upkeep
|
|t:|1784664143
|switch|p1b: Eelektross|Eelektross, L50, M, shiny|100/100
|turn|3
|inactive|caverna1 has 30 seconds left.
|inactive|caverna1 has 20 seconds left.
|
|t:|1784664183
|detailschange|p1b: Eelektross|Eelektross-Mega, L50, M, shiny
|-mega|p1b: Eelektross|Eelektross|Eelektrossite
|move|p2b: SonOfGarp|Draco Meteor|p1b: Eelektross
|-damage|p1b: Eelektross|38/100
|-unboost|p2b: SonOfGarp|spa|2
|move|p1a: Samurott|Ceaseless Edge|p2b: SonOfGarp
|-damage|p2b: SonOfGarp|75/100
|-sidestart|p2: ShabazXVGC|Spikes
|move|p1b: Eelektross|Thunderbolt|p2b: SonOfGarp
|-damage|p2b: SonOfGarp|26/100
|-status|p2b: SonOfGarp|par
|move|p2a: Joker|Foul Play|p1b: Eelektross
|-damage|p1b: Eelektross|0 fnt
|faint|p1b: Eelektross
|
|-weather|RainDance|[upkeep]
|upkeep
|
|t:|1784664199
|switch|p1b: Sableye|Sableye, L50, M|100/100
|turn|4
|
|t:|1784664219
|switch|p2b: Germa|Archaludon, L50, M, shiny|100/100
|-damage|p2b: Germa|87/100|[from] Spikes
|move|p2a: Joker|Reflect|p2a: Joker
|-sidestart|p2: ShabazXVGC|Reflect
|move|p1a: Samurott|Ceaseless Edge|p2b: Germa
|-crit|p2b: Germa
|-damage|p2b: Germa|30/100
|-ability|p2b: Germa|Stamina|boost
|-boost|p2b: Germa|def|1
|-sidestart|p2: ShabazXVGC|Spikes
|-enditem|p2b: Germa|Sitrus Berry|[eat]
|-heal|p2b: Germa|55/100|[from] item: Sitrus Berry
|move|p1b: Sableye|Low Kick|p2b: Germa
|-supereffective|p2b: Germa|1
|-damage|p2b: Germa|47/100
|-ability|p2b: Germa|Stamina|boost
|-boost|p2b: Germa|def|1
|
|-weather|RainDance|[upkeep]
|upkeep
|turn|5
|inactive|caverna1 has 30 seconds left.
|
|t:|1784664247
|move|p1b: Sableye|Sunny Day|p1b: Sableye
|-weather|SunnyDay
|move|p2a: Joker|Rain Dance|p2a: Joker
|-weather|RainDance
|move|p1a: Samurott|Sacred Sword|p2b: Germa
|-supereffective|p2b: Germa|1
|-crit|p2b: Germa
|-damage|p2b: Germa|0 fnt
|faint|p2b: Germa
|
|-weather|RainDance|[upkeep]
|upkeep
|
|t:|1784664256
|switch|p2b: Shirahoshi|Primarina, L50, F|100/100
|-damage|p2b: Shirahoshi|83/100|[from] Spikes
|turn|6
|inactive|caverna1 has 30 seconds left.
|
|t:|1784664286
|move|p1a: Samurott|Protect|p1a: Samurott
|-singleturn|p1a: Samurott|Protect
|move|p2b: Shirahoshi|Moonblast|p1a: Samurott
|-activate|p1a: Samurott|move: Protect
|move|p1b: Sableye|Low Kick|p2b: Shirahoshi
|-resisted|p2b: Shirahoshi|1
|-damage|p2b: Shirahoshi|79/100
|move|p2a: Joker|Foul Play|p1b: Sableye
|-damage|p1b: Sableye|74/100
|
|-weather|RainDance|[upkeep]
|upkeep
|turn|7
|inactive|caverna1 has 30 seconds left.
|
|t:|1784664320
|move|p1a: Samurott|Razor Shell|p2b: Shirahoshi
|-resisted|p2b: Shirahoshi|1
|-damage|p2b: Shirahoshi|46/100
|move|p2b: Shirahoshi|Moonblast|p1b: Sableye
|-supereffective|p1b: Sableye|1
|-damage|p1b: Sableye|0 fnt
|faint|p1b: Sableye
|move|p2a: Joker|Foul Play|p1a: Samurott
|-resisted|p1a: Samurott|1
|-damage|p1a: Samurott|71/100
|
|-weather|RainDance|[upkeep]
|upkeep
|turn|8
|
|t:|1784664334
|move|p2b: Shirahoshi|Protect|p2b: Shirahoshi
|-singleturn|p2b: Shirahoshi|Protect
|move|p1a: Samurott|Razor Shell|p2b: Shirahoshi
|-activate|p2b: Shirahoshi|move: Protect
|move|p2a: Joker|Foul Play|p1a: Samurott
|-resisted|p1a: Samurott|1
|-damage|p1a: Samurott|38/100
|
|-weather|RainDance|[upkeep]
|-sideend|p2: ShabazXVGC|Reflect
|-sideend|p1: caverna1|move: Light Screen
|upkeep
|turn|9
|
|t:|1784664348
|move|p2a: Joker|Reflect|p2a: Joker
|-sidestart|p2: ShabazXVGC|Reflect
|move|p1a: Samurott|Razor Shell|p2b: Shirahoshi
|-resisted|p2b: Shirahoshi|1
|-damage|p2b: Shirahoshi|8/100
|-unboost|p2b: Shirahoshi|def|1
|move|p2b: Shirahoshi|Moonblast|p1a: Samurott
|-supereffective|p1a: Samurott|1
|-damage|p1a: Samurott|0 fnt
|faint|p1a: Samurott
|
|win|ShabazXVGC
||ShabazXVGC is ready for game 3.
|inactive|caverna1 has 30 seconds to confirm battle start!
||caverna1 is ready for game 3.
|uhtml|next|Next: Game 3 of 3
|l|☆ShabazXVGC
|player|p2|
