|j|☆randomsnore_gam
|j|☆maugzm1
|html|randomsnore_gammaugzm1    
|uhtml|bestof|Game 2 of a best-of-3
|t:|1783269605
|gametype|doubles
|player|p1|randomsnore_gam|chili|1176
|player|p2|maugzm1|cynthia-gen4|1237
|gen|9
|tier|[Gen 9 Champions] VGC 2026 Reg M-B (Bo3)
|rated|
|rule|Species Clause: Limit one of each Pokémon
|rule|Item Clause: Limit 1 of each item
|clearpoke
|poke|p1|Glimmora, L50, F|
|poke|p1|Delphox, L50, M|
|poke|p1|Sneasler, L50, F|
|poke|p1|Garchomp, L50, F|
|poke|p1|Whimsicott, L50, F|
|poke|p1|Rotom-Wash, L50|
|poke|p2|Blastoise, L50, M|
|poke|p2|Delphox, L50, F|
|poke|p2|Incineroar, L50, F|
|poke|p2|Sneasler, L50, F|
|poke|p2|Sinistcha, L50|
|poke|p2|Maushold-Four, L50|
|teampreview|4
|showteam|p1|Glimmora||Glimmoranite|ToxicDebris|PowerGem,SludgeBomb,EarthPower,SpikyShield|Modest||F|||50|]Delphox||Delphoxite|Blaze|HeatWave,Psychic,NastyPlot,Protect|Timid||M|||50|]Sneasler||WhiteHerb|Unburden|CloseCombat,DireClaw,FakeOut,Protect|Jolly||F|||50|]Garchomp||LifeOrb|RoughSkin|Protect,DragonClaw,RockSlide,StompingTantrum|Jolly||F|||50|]Whimsicott||FocusSash|Prankster|Moonblast,Tailwind,Encore,Protect|Timid||F|||50|]Rotom-Wash||Leftovers|Levitate|WillOWisp,HydroPump,VoltSwitch,Protect|Calm|||||50|
|showteam|p2|Blastoise||Blastoisinite|RainDish|WaterSpout,DarkPulse,ShellSmash,Protect|Modest||M|||50|]Delphox||Delphoxite|Blaze|HeatWave,Psyshock,NastyPlot,Protect|Timid||F|||50|]Incineroar||SitrusBerry|Intimidate|FakeOut,FlareBlitz,ThroatChop,PartingShot|Impish||F|||50|]Sneasler||FocusSash|PoisonTouch|FakeOut,CloseCombat,DireClaw,QuickGuard|Jolly||F|||50|]Sinistcha||KasibBerry|Hospitality|MatchaGotcha,LifeDew,RagePowder,Protect|Bold|||||50|]Maushold-Four||ChopleBerry|FriendGuard|SuperFang,Feint,FollowMe,Protect|Impish|||||50|
|inactive|Battle timer is ON: inactive players will automatically lose when time's up. (requested by randomsnore_gam)
|
|t:|1783269621
|teamsize|p1|4
|teamsize|p2|4
|start
|switch|p1a: Furry bait~|Delphox, L50, M|100/100
|switch|p1b: bruh|Sneasler, L50, F|100/100
|switch|p2a: Incineroar|Incineroar, L50, F|100/100
|switch|p2b: Blastoise|Blastoise, L50, M|100/100
|-ability|p2a: Incineroar|Intimidate|boost
|-unboost|p1a: Furry bait~|atk|1
|-unboost|p1b: bruh|atk|1
|-enditem|p1b: bruh|White Herb
|-clearnegativeboost|p1b: bruh|[silent]
|turn|1
|
|t:|1783269638
|detailschange|p1a: Furry bait~|Delphox-Mega, L50, M
|-mega|p1a: Furry bait~|Delphox|Delphoxite
|detailschange|p2b: Blastoise|Blastoise-Mega, L50, M
|-mega|p2b: Blastoise|Blastoise|Blastoisinite
|move|p1b: bruh|Fake Out|p2b: Blastoise
|-damage|p2b: Blastoise|87/100
|move|p2a: Incineroar|Fake Out|p1b: bruh
|-damage|p1b: bruh|82/100
|move|p1a: Furry bait~|Nasty Plot|p1a: Furry bait~
|-boost|p1a: Furry bait~|spa|2
|cant|p2b: Blastoise|flinch
|
|upkeep
|turn|2
|
|t:|1783269652
|move|p2b: Blastoise|Protect|p2b: Blastoise
|-singleturn|p2b: Blastoise|Protect
|move|p1b: bruh|Close Combat|p2a: Incineroar
|-supereffective|p2a: Incineroar|1
|-damage|p2a: Incineroar|6/100
|-unboost|p1b: bruh|def|1
|-unboost|p1b: bruh|spd|1
|-enditem|p2a: Incineroar|Sitrus Berry|[eat]
|-heal|p2a: Incineroar|31/100|[from] item: Sitrus Berry
|move|p1a: Furry bait~|Heat Wave|p2b: Blastoise|[spread] p2a
|-activate|p2b: Blastoise|move: Protect
|-resisted|p2a: Incineroar|1
|-damage|p2a: Incineroar|0 fnt
|faint|p2a: Incineroar
|
|upkeep
|
|t:|1783269668
|switch|p2a: Sinistcha|Sinistcha, L50|100/100
|-heal|p2b: Blastoise|100/100|[from] ability: Hospitality|[of] p2a: Sinistcha
|turn|3
|
|t:|1783269680
|move|p2a: Sinistcha|Rage Powder|p2a: Sinistcha
|-singleturn|p2a: Sinistcha|move: Rage Powder
|move|p1b: bruh|Close Combat|p2a: Sinistcha
|-immune|p2a: Sinistcha
|move|p1a: Furry bait~|Heat Wave|p2b: Blastoise|[spread] p2a,p2b
|-supereffective|p2a: Sinistcha|1
|-resisted|p2b: Blastoise|1
|-damage|p2a: Sinistcha|0 fnt
|-damage|p2b: Blastoise|57/100
|faint|p2a: Sinistcha
|move|p2b: Blastoise|Water Spout|p1b: bruh|[spread] p1a,p1b
|-supereffective|p1a: Furry bait~|1
|-damage|p1a: Furry bait~|36/100
|-damage|p1b: bruh|3/100
|
|upkeep
|
|t:|1783269692
|switch|p2a: Maushold|Maushold-Four, L50|100/100
|turn|4
|
|t:|1783269710
|move|p2a: Maushold|Feint|p1b: bruh
|-damage|p1b: bruh|0 fnt
|faint|p1b: bruh
|move|p1a: Furry bait~|Heat Wave|p2b: Blastoise|[spread] p2a,p2b
|-resisted|p2b: Blastoise|1
|-damage|p2a: Maushold|12/100
|-damage|p2b: Blastoise|24/100
|move|p2b: Blastoise|Shell Smash|p2b: Blastoise
|-unboost|p2b: Blastoise|def|1
|-unboost|p2b: Blastoise|spd|1
|-boost|p2b: Blastoise|atk|2
|-boost|p2b: Blastoise|spa|2
|-boost|p2b: Blastoise|spe|2
|
|upkeep
|
|t:|1783269713
|switch|p1b: My Clothes!|Rotom-Wash, L50|100/100
|turn|5
|
|t:|1783269723
|move|p2a: Maushold|Follow Me|p2a: Maushold
|-singleturn|p2a: Maushold|move: Follow Me
|move|p2b: Blastoise|Dark Pulse|p1a: Furry bait~
|-supereffective|p1a: Furry bait~|1
|-damage|p1a: Furry bait~|0 fnt
|faint|p1a: Furry bait~
|move|p1b: My Clothes!|Volt Switch|p2a: Maushold
|-damage|p2a: Maushold|0 fnt
|faint|p2a: Maushold
|
|t:|1783269726
|switch|p1b: CHOMP CHOMP!|Garchomp, L50, F|100/100|[from] Volt Switch
|
|upkeep
|
|t:|1783269728
|switch|p1a: My Clothes!|Rotom-Wash, L50|100/100
|turn|6
|
|t:|1783269733
|move|p2b: Blastoise|Dark Pulse|p1a: My Clothes!
|-damage|p1a: My Clothes!|13/100
|move|p1b: CHOMP CHOMP!|Dragon Claw|p2b: Blastoise
|-damage|p2b: Blastoise|0 fnt
|faint|p2b: Blastoise
|-damage|p1b: CHOMP CHOMP!|90/100|[from] item: Life Orb
|
|win|randomsnore_gam
|raw|randomsnore_gam's rating: 1176 → 1205(+29 for winning)
|raw|maugzm1's rating: 1237 → 1208(-29 for losing)
|c|☆randomsnore_gam|gg
|l|☆maugzm1
|player|p2|
