|j|☆Balester
|j|☆Zacharykeith
|html|BalesterZacharykeith    
|uhtml|bestof|Game 3 of a best-of-3
|t:|1756324729
|gametype|doubles
|player|p1|Balester|102|1071
|player|p2|Zacharykeith|fisherman-gen4|1055
|gen|9
|tier|[Gen 9] VGC 2025 Reg H (Bo3)
|rated|
|rule|Species Clause: Limit one of each Pokémon
|rule|Item Clause: Limit 1 of each item
|clearpoke
|poke|p1|Frosmoth, L50, M|
|poke|p1|Ninetales-Alola, L50, F|
|poke|p1|Garchomp, L50, F|
|poke|p1|Incineroar, L50, F|
|poke|p1|Rillaboom, L50, M|
|poke|p1|Mandibuzz, L50, F|
|poke|p2|Rillaboom, L50, M|
|poke|p2|Chandelure, L50, F|
|poke|p2|Electabuzz, L50, M|
|poke|p2|Kingambit, L50, M|
|poke|p2|Primarina, L50, M|
|poke|p2|Dragapult, L50, F|
|teampreview|4
|showteam|p1|Frosmoth||Leftovers|IceScales|QuiverDance,Blizzard,TeraBlast,WideGuard|||M|||50|,,,,,Water]Ninetales-Alola||LifeOrb|SnowWarning|FreezeDry,IcyWind,Moonblast,AuroraVeil|||F|||50|,,,,,Ghost]Garchomp||ClearAmulet|RoughSkin|StompingTantrum,BreakingSwipe,RockSlide,Protect|||F|||50|,,,,,Fire]Incineroar||SitrusBerry|Intimidate|FakeOut,FlareBlitz,KnockOff,PartingShot|||F|||50|,,,,,Ghost]Rillaboom||AssaultVest|GrassySurge|FakeOut,WoodHammer,GrassyGlide,HighHorsepower|||M|||50|,,,,,Fire]Mandibuzz||RockyHelmet|Overcoat|Tailwind,Snarl,FoulPlay,Taunt|||F|||50|,,,,,Dark
|showteam|p2|Rillaboom||AssaultVest|GrassySurge|FakeOut,GrassyGlide,WoodHammer,HighHorsepower|||M|||50|,,,,,Fire]Chandelure||FocusSash|FlashFire|HeatWave,ShadowBall,TrickRoom,Protect|||F|||50|,,,,,Grass]Electabuzz||Eviolite|VitalSpirit|VoltSwitch,Electroweb,FollowMe,Taunt|||M|||50|,,,,,Ghost]Kingambit||BlackGlasses|Defiant|SuckerPunch,KowtowCleave,SwordsDance,Protect|||M|||50|,,,,,Dark]Primarina||ThroatSpray|LiquidVoice|HyperVoice,Moonblast,Haze,Protect|||M|||50|,,,,,Steel]Dragapult||ChoiceBand|ClearBody|DragonDarts,PhantomForce,Uturn,Outrage|||F|||50|,,,,,Dragon
|inactive|Battle timer is ON: inactive players will automatically lose when time's up. (requested by Balester)
|
|t:|1756324744
|teamsize|p1|4
|teamsize|p2|4
|start
|switch|p1a: Frosmoth|Frosmoth, L50, M, shiny|100/100
|switch|p1b: Ninetales|Ninetales-Alola, L50, F|100/100
|switch|p2a: Electabuzz|Electabuzz, L50, M|100/100
|switch|p2b: Kingambit|Kingambit, L50, M|100/100
|-weather|Snowscape|[from] ability: Snow Warning|[of] p1b: Ninetales
|turn|1
|
|t:|1756324757
|switch|p1a: Incineroar|Incineroar, L50, F|100/100
|-ability|p1a: Incineroar|Intimidate|boost
|-unboost|p2a: Electabuzz|atk|1
|-unboost|p2b: Kingambit|atk|1
|-ability|p2b: Kingambit|Defiant|boost
|-boost|p2b: Kingambit|atk|2
|move|p1b: Ninetales|Aurora Veil|p1b: Ninetales
|-sidestart|p1: Balester|move: Aurora Veil
|move|p2a: Electabuzz|Taunt|p1a: Incineroar
|-start|p1a: Incineroar|move: Taunt
|move|p2b: Kingambit|Swords Dance|p2b: Kingambit
|-boost|p2b: Kingambit|atk|2
|
|-weather|Snowscape|[upkeep]
|upkeep
|turn|2
|
|t:|1756324776
|move|p2b: Kingambit|Protect|p2b: Kingambit
|-singleturn|p2b: Kingambit|Protect
|move|p1b: Ninetales|Moonblast|p2b: Kingambit
|-activate|p2b: Kingambit|move: Protect
|move|p2a: Electabuzz|Volt Switch|p1a: Incineroar
|-damage|p1a: Incineroar|90/100
|
|t:|1756324784
|switch|p2a: Rillaboom|Rillaboom, L50, M|100/100|[from] Volt Switch
|-fieldstart|move: Grassy Terrain|[from] ability: Grassy Surge|[of] p2a: Rillaboom
|move|p1a: Incineroar|Flare Blitz|p2b: Kingambit
|-activate|p2b: Kingambit|move: Protect
|
|-weather|Snowscape|[upkeep]
|-heal|p1a: Incineroar|96/100|[from] Grassy Terrain
|upkeep
|turn|3
|inactive|Zacharykeith has 30 seconds left.
|inactive|Zacharykeith has 20 seconds left.
|
|t:|1756324822
|move|p2a: Rillaboom|Fake Out|p1a: Incineroar
|-crit|p1a: Incineroar
|-damage|p1a: Incineroar|76/100
|move|p1b: Ninetales|Moonblast|p2b: Kingambit
|-damage|p2b: Kingambit|51/100
|-damage|p1b: Ninetales|91/100|[from] item: Life Orb
|cant|p1a: Incineroar|flinch
|move|p2b: Kingambit|Kowtow Cleave|p1b: Ninetales
|-resisted|p1b: Ninetales
|-damage|p1b: Ninetales|39/100
|
|-weather|Snowscape|[upkeep]
|-heal|p1b: Ninetales|45/100|[from] Grassy Terrain
|-heal|p1a: Incineroar|82/100|[from] Grassy Terrain
|-heal|p2b: Kingambit|57/100|[from] Grassy Terrain
|-end|p1a: Incineroar|move: Taunt
|upkeep
|turn|4
|
|t:|1756324847
|move|p2b: Kingambit|Protect|p2b: Kingambit
|-singleturn|p2b: Kingambit|Protect
|move|p1b: Ninetales|Icy Wind|p2b: Kingambit|[spread] p2a
|-activate|p2b: Kingambit|move: Protect
|-supereffective|p2a: Rillaboom
|-damage|p2a: Rillaboom|73/100
|-unboost|p2a: Rillaboom|spe|1
|-damage|p1b: Ninetales|36/100|[from] item: Life Orb
|move|p1a: Incineroar|Flare Blitz|p2b: Kingambit
|-activate|p2b: Kingambit|move: Protect
|move|p2a: Rillaboom|High Horsepower|p1a: Incineroar
|-supereffective|p1a: Incineroar
|-damage|p1a: Incineroar|42/100
|-enditem|p1a: Incineroar|Sitrus Berry|[eat]
|-heal|p1a: Incineroar|66/100|[from] item: Sitrus Berry
|
|-weather|Snowscape|[upkeep]
|-heal|p1b: Ninetales|42/100|[from] Grassy Terrain
|-heal|p1a: Incineroar|72/100|[from] Grassy Terrain
|-heal|p2a: Rillaboom|79/100|[from] Grassy Terrain
|-heal|p2b: Kingambit|62/100|[from] Grassy Terrain
|upkeep
|turn|5
|
|t:|1756324871
|-terastallize|p2b: Kingambit|Dark
|move|p2a: Rillaboom|Grassy Glide|p1b: Ninetales
|-damage|p1b: Ninetales|16/100
|move|p2b: Kingambit|Sucker Punch|p1b: Ninetales
|-resisted|p1b: Ninetales
|-damage|p1b: Ninetales|0 fnt
|faint|p1b: Ninetales
|move|p1a: Incineroar|Flare Blitz|p2b: Kingambit
|-damage|p2b: Kingambit|29/100
|-damage|p1a: Incineroar|61/100|[from] Recoil
|
|-weather|none
|-heal|p1a: Incineroar|67/100|[from] Grassy Terrain
|-heal|p2a: Rillaboom|85/100|[from] Grassy Terrain
|-heal|p2b: Kingambit|34/100|[from] Grassy Terrain
|-sideend|p1: Balester|move: Aurora Veil
|upkeep
|
|t:|1756324883
|switch|p1b: Frosmoth|Frosmoth, L50, M, shiny|100/100
|turn|6
|
|t:|1756324899
|switch|p2a: Electabuzz|Electabuzz, L50, M|100/100
|move|p2b: Kingambit|Protect|p2b: Kingambit
|-singleturn|p2b: Kingambit|Protect
|move|p1b: Frosmoth|Quiver Dance|p1b: Frosmoth
|-boost|p1b: Frosmoth|spa|1
|-boost|p1b: Frosmoth|spd|1
|-boost|p1b: Frosmoth|spe|1
|move|p1a: Incineroar|Flare Blitz|p2b: Kingambit
|-activate|p2b: Kingambit|move: Protect
|
|-heal|p1a: Incineroar|73/100|[from] Grassy Terrain
|-heal|p2b: Kingambit|40/100|[from] Grassy Terrain
|-fieldend|move: Grassy Terrain
|upkeep
|turn|7
|
|t:|1756324913
|move|p2a: Electabuzz|Follow Me|p2a: Electabuzz
|-singleturn|p2a: Electabuzz|move: Follow Me
|move|p2b: Kingambit|Sucker Punch|p1b: Frosmoth
|-damage|p1b: Frosmoth|0 fnt
|faint|p1b: Frosmoth
|move|p1a: Incineroar|Flare Blitz|p2a: Electabuzz
|-damage|p2a: Electabuzz|64/100
|-damage|p1a: Incineroar|62/100|[from] Recoil
|
|upkeep
|
|t:|1756324919
|switch|p1b: Rillaboom|Rillaboom, L50, M|100/100
|-fieldstart|move: Grassy Terrain|[from] ability: Grassy Surge|[of] p1b: Rillaboom
|turn|8
|
|t:|1756324929
|move|p2b: Kingambit|Protect|p2b: Kingambit
|-singleturn|p2b: Kingambit|Protect
|move|p1b: Rillaboom|Fake Out|p2b: Kingambit
|-activate|p2b: Kingambit|move: Protect
|move|p2a: Electabuzz|Follow Me|p2a: Electabuzz
|-singleturn|p2a: Electabuzz|move: Follow Me
|move|p1a: Incineroar|Knock Off|p2a: Electabuzz
|-damage|p2a: Electabuzz|36/100
|-enditem|p2a: Electabuzz|Eviolite|[from] move: Knock Off|[of] p1a: Incineroar
|
|-heal|p2a: Electabuzz|41/100|[from] Grassy Terrain
|-heal|p1a: Incineroar|68/100|[from] Grassy Terrain
|-heal|p2b: Kingambit|46/100|[from] Grassy Terrain
|upkeep
|turn|9
|inactive|Zacharykeith has 30 seconds left.
|
|t:|1756324956
|move|p2b: Kingambit|Sucker Punch|p1b: Rillaboom
|-damage|p1b: Rillaboom|0 fnt
|faint|p1b: Rillaboom
|move|p2a: Electabuzz|Volt Switch|p1a: Incineroar
|-damage|p1a: Incineroar|53/100
|
|t:|1756324963
|switch|p2a: Rillaboom|Rillaboom, L50, M|85/100|[from] Volt Switch
|move|p1a: Incineroar|Knock Off|p2b: Kingambit
|-resisted|p2b: Kingambit
|-damage|p2b: Kingambit|33/100
|-enditem|p2b: Kingambit|Black Glasses|[from] move: Knock Off|[of] p1a: Incineroar
|
|-heal|p2a: Rillaboom|90/100|[from] Grassy Terrain
|-heal|p1a: Incineroar|59/100|[from] Grassy Terrain
|-heal|p2b: Kingambit|39/100|[from] Grassy Terrain
|upkeep
|turn|10
|
|t:|1756324974
|move|p2a: Rillaboom|High Horsepower|p1a: Incineroar
|-supereffective|p1a: Incineroar
|-damage|p1a: Incineroar|0 fnt
|faint|p1a: Incineroar
|
|win|Zacharykeith
|raw|Balester's rating: 1071 → 1049(-22 for losing)
|raw|Zacharykeith's rating: 1055 → 1088(+33 for winning)
