|j|â˜†RumiShaman
|j|â˜†15Hugs
|html|RumiShaman15Hugs    
|uhtml|bestof|Game 2 of a best-of-3
|t:|1786037073
|gametype|doubles
|player|p1|RumiShaman|blue|1084
|player|p2|15Hugs|ingo|1158
|gen|9
|tier|[Gen 9 Champions] VGC 2026 Reg M-B (Bo3)
|rated|
|rule|Species Clause: Limit one of each PokÃ©mon
|rule|Item Clause: Limit 1 of each item
|clearpoke
|poke|p1|Swampert, L50, M, shiny|
|poke|p1|Pelipper, L50, F, shiny|
|poke|p1|Archaludon, L50, M, shiny|
|poke|p1|Annihilape, L50, M|
|poke|p1|Maushold-Four, L50|
|poke|p1|Kingambit, L50, M, shiny|
|poke|p2|Mawile, L50, F|
|poke|p2|Sneasler, L50, F|
|poke|p2|Raichu, L50, M|
|poke|p2|Hydreigon, L50, M|
|poke|p2|Farigiraf, L50, M, shiny|
|poke|p2|Sinistcha, L50|
|teampreview|4
|showteam|p1|Swampert||Swampertite|Torrent|WaveCrash,Protect,Earthquake,FlipTurn|Adamant||M|||50|]Pelipper||ExpertBelt|Drizzle|Tailwind,Hurricane,WeatherBall,IceBeam|Modest||F|||50|]Archaludon||ChopleBerry|Stamina|ElectroShot,FlashCannon,DragonPulse,MirrorCoat|Timid||M|||50|]Annihilape||SitrusBerry|Defiant|RageFist,Outrage,DrainPunch,GunkShot|Adamant||M|||50|]Maushold-Four||FocusSash|FriendGuard|BeatUp,TidyUp,BulletSeed,Endure|Jolly|||||50|]Kingambit||Leftovers|SupremeOverlord|KowtowCleave,IronHead,SuckerPunch,Protect|Adamant||M|||50|
|showteam|p2|Mawile||Mawilite|Intimidate|Protect,PlayRough,IronHead,SuckerPunch|Brave||F|||50|]Sneasler||WhiteHerb|Unburden|FakeOut,RockTomb,CloseCombat,DireClaw|Jolly||F|||50|]Raichu||RaichuniteY|LightningRod|Protect,FakeOut,ZapCannon,FocusBlast|Timid||M|||50|]Hydreigon||ChoiceScarf|Levitate|DracoMeteor,Snarl,DarkPulse,EarthPower|Timid||M|||50|]Farigiraf||SitrusBerry|ArmorTail|TrickRoom,HelpingHand,FoulPlay,Psychic|Quiet||M|||50|]Sinistcha||KasibBerry|Hospitality|TrickRoom,Hex,MatchaGotcha,RagePowder|Modest|||||50|
|
|t:|1786037098
|teamsize|p1|4
|teamsize|p2|4
|start
|switch|p1a: Swampert|Swampert, L50, M, shiny|100/100
|switch|p1b: Pelipper|Pelipper, L50, F, shiny|100/100
|switch|p2a: Raichu|Raichu, L50, M|100/100
|switch|p2b: Sinistcha|Sinistcha, L50|100/100
|-weather|RainDance|[from] ability: Drizzle|[of] p1b: Pelipper
|turn|1
|inactive|Battle timer is ON: inactive players will automatically lose when time's up. (requested by 15Hugs)
|
|t:|1786037120
|switch|p1b: Archaludon|Archaludon, L50, M, shiny|100/100
|detailschange|p2a: Raichu|Raichu-Mega-Y, L50, M
|-mega|p2a: Raichu|Raichu|Raichunite Y
|detailschange|p1a: Swampert|Swampert-Mega, L50, M, shiny
|-mega|p1a: Swampert|Swampert|Swampertite
|move|p2a: Raichu|Fake Out|p1a: Swampert
|-damage|p1a: Swampert|91/100
|cant|p1a: Swampert|flinch
|move|p2b: Sinistcha|Trick Room|p2b: Sinistcha
|-fieldstart|move: Trick Room|[of] p2b: Sinistcha
|
|-weather|RainDance|[upkeep]
|upkeep
|turn|2
|inactive|15Hugs has 30 seconds left.
|
|t:|1786037149
|switch|p1b: Pelipper|Pelipper, L50, F, shiny|100/100
|move|p2b: Sinistcha|Matcha Gotcha|p1b: Pelipper|[spread] p1a,p1b
|-supereffective|p1a: Swampert|2
|-damage|p1a: Swampert|0 fnt
|-damage|p1b: Pelipper|45/100
|faint|p1a: Swampert
|move|p2a: Raichu|Zap Cannon|p1b: Pelipper
|-supereffective|p1b: Pelipper|2
|-damage|p1b: Pelipper|0 fnt
|faint|p1b: Pelipper
|
|-weather|RainDance|[upkeep]
|upkeep
|
|t:|1786037169
|switch|p1b: Kingambit|Kingambit, L50, M, shiny|100/100
|switch|p1a: Archaludon|Archaludon, L50, M, shiny|100/100
|-activate|p1b: Kingambit|ability: Supreme Overlord
|-start|p1b: Kingambit|fallen2|[silent]
|turn|3
|c|â˜†15Hugs|now you can leave
|
|t:|1786037182
|move|p1b: Kingambit|Protect|p1b: Kingambit
|-singleturn|p1b: Kingambit|Protect
|move|p2b: Sinistcha|Rage Powder|p2b: Sinistcha
|-singleturn|p2b: Sinistcha|move: Rage Powder
|move|p1a: Archaludon|Electro Shot||[still]
|-prepare|p1a: Archaludon|Electro Shot
|-boost|p1a: Archaludon|spa|1
|-anim|p1a: Archaludon|Electro Shot|p2b: Sinistcha
|-resisted|p2b: Sinistcha|1
|-damage|p2b: Sinistcha|62/100
|move|p2a: Raichu|Focus Blast|p1b: Kingambit
|-activate|p1b: Kingambit|move: Protect
|
|-weather|RainDance|[upkeep]
|upkeep
|turn|4
|inactive|RumiShaman has 30 seconds left.
|
|t:|1786037211
|move|p2b: Sinistcha|Rage Powder|p2b: Sinistcha
|-singleturn|p2b: Sinistcha|move: Rage Powder
|move|p1b: Kingambit|Sucker Punch||[still]
|-fail|p1b: Kingambit
|move|p1a: Archaludon|Dragon Pulse|p2b: Sinistcha
|-damage|p2b: Sinistcha|0 fnt
|faint|p2b: Sinistcha
|move|p2a: Raichu|Focus Blast|p1b: Kingambit
|-supereffective|p1b: Kingambit|2
|-damage|p1b: Kingambit|0 fnt
|faint|p1b: Kingambit
|-end|p1b: Kingambit|fallen2|[silent]
|
|-weather|RainDance|[upkeep]
|upkeep
|c|â˜†RumiShaman|LMAO
|
|t:|1786037229
|switch|p2b: Sneasler|Sneasler, L50, F|100/100
|turn|5
|c|â˜†RumiShaman|idk man thats just not how i work
|
|t:|1786037242
|move|p2b: Sneasler|Fake Out|p1a: Archaludon
|-resisted|p1a: Archaludon|1
|-damage|p1a: Archaludon|93/100
|-ability|p1a: Archaludon|Stamina|boost
|-boost|p1a: Archaludon|def|1
|move|p2a: Raichu|Focus Blast|p1a: Archaludon
|-supereffective|p1a: Archaludon|1
|-enditem|p1a: Archaludon|Chople Berry|[eat]
|-enditem|p1a: Archaludon|Chople Berry|[weaken]
|-damage|p1a: Archaludon|21/100
|-ability|p1a: Archaludon|Stamina|boost
|-boost|p1a: Archaludon|def|1
|cant|p1a: Archaludon|flinch
|
|-weather|none
|-fieldend|move: Trick Room
|upkeep
|turn|6
|c|â˜†RumiShaman|gg tho
|
|t:|1786037252
|move|p2a: Raichu|Focus Blast|p1a: Archaludon
|-supereffective|p1a: Archaludon|1
|-damage|p1a: Archaludon|0 fnt
|faint|p1a: Archaludon
|
|win|15Hugs
|raw|RumiShaman's rating: 1084 → 1066(-18 for losing)
|raw|15Hugs's rating: 1158 → 1178(+20 for winning)
|c|â˜†RumiShaman|I'm still figuring out my team
