|j|☆Skylani
|j|☆spellbreakvgc
|html|Skylanispellbreakvgc    
|uhtml|bestof|Game 2 of a best-of-3
|t:|1756729316
|gametype|doubles
|player|p1|Skylani|falkner|1094
|player|p2|spellbreakvgc|lance|1089
|gen|9
|tier|[Gen 9] VGC 2025 Reg H (Bo3)
|rated|
|rule|Species Clause: Limit one of each Pokémon
|rule|Item Clause: Limit 1 of each item
|clearpoke
|poke|p1|Ninetales-Alola, L50, F|
|poke|p1|Ursaluna-Bloodmoon, L50, M|
|poke|p1|Maushold-Four, L50|
|poke|p1|Annihilape, L50, M|
|poke|p1|Klefki, L50, M|
|poke|p1|Sinistcha-Masterpiece, L50|
|poke|p2|Sneasler, L50, F|
|poke|p2|Ursaluna-Bloodmoon, L50, M|
|poke|p2|Indeedee, L50, M|
|poke|p2|Tyranitar, L50, M|
|poke|p2|Annihilape, L50, F|
|poke|p2|Volcarona, L50, F|
|teampreview|4
|showteam|p1|Ninetales-Alola||FocusSash|SnowWarning|Blizzard,FreezeDry,Encore,Protect|||F|||50|,,,,,Ghost]Ursaluna-Bloodmoon||AssaultVest|MindsEye|BloodMoon,EarthPower,HyperVoice,VacuumWave|||M|||50|,,,,,Water]Maushold-Four||SafetyGoggles|FriendGuard|BeatUp,Taunt,FollowMe,Protect||||||50|,,,,,Ghost]Annihilape||Leftovers|Defiant|DrainPunch,RageFist,BulkUp,Protect|||M|||50|,,,,,Fire]Klefki||LightClay|Prankster|DazzlingGleam,Reflect,LightScreen,MistyTerrain|||M|||50|,,,,,Ghost]Sinistcha-Masterpiece||SitrusBerry|Hospitality|MatchaGotcha,RagePowder,LifeDew,TrickRoom||||||50|,,,,,Water
|showteam|p2|Sneasler||PsychicSeed|Unburden|Protect,CloseCombat,DireClaw,ThroatChop|||F|||50|,,,,,Dark]Ursaluna-Bloodmoon||LifeOrb|MindsEye|Protect,HyperVoice,BloodMoon,EarthPower|||M|||50|,,,,,Normal]Indeedee||ChoiceScarf|PsychicSurge|ExpandingForce,TeraBlast,Trick,Protect|||M|||50|,,,,,Psychic]Tyranitar||AssaultVest|SandStream|RockSlide,TeraBlast,KnockOff,LowKick|||M|||50|,,,,,Flying]Annihilape||SafetyGoggles|Defiant|FinalGambit,CloseCombat,RageFist,Taunt|||F|||50|,,,,,Fairy]Volcarona||SitrusBerry|FlameBody|RagePowder,Overheat,StruggleBug,Tailwind|||F|||50|,,,,,Grass
|inactive|Battle timer is ON: inactive players will automatically lose when time's up. (requested by spellbreakvgc)
|inactive|spellbreakvgc has 60 seconds left.
|inactive|spellbreakvgc has 30 seconds left.
|
|t:|1756729385
|teamsize|p1|4
|teamsize|p2|4
|start
|switch|p1a: Klefki|Klefki, L50, M|100/100
|switch|p1b: Annihilape|Annihilape, L50, M|100/100
|switch|p2a: Indeedee|Indeedee, L50, M, shiny|100/100
|switch|p2b: Volcarona|Volcarona, L50, F, shiny|100/100
|-fieldstart|move: Psychic Terrain|[from] ability: Psychic Surge|[of] p2a: Indeedee
|turn|1
|
|t:|1756729402
|-terastallize|p1b: Annihilape|Fire
|move|p1a: Klefki|Light Screen|p1a: Klefki
|-sidestart|p1: Skylani|move: Light Screen
|move|p2a: Indeedee|Trick|p1b: Annihilape
|-activate|p2a: Indeedee|move: Trick|[of] p1b: Annihilape
|-item|p1b: Annihilape|Choice Scarf|[from] move: Trick
|-item|p2a: Indeedee|Leftovers|[from] move: Trick
|move|p1b: Annihilape|Rage Fist|p2b: Volcarona
|-damage|p2b: Volcarona|72/100
|move|p2b: Volcarona|Overheat|p1a: Klefki
|-supereffective|p1a: Klefki
|-damage|p1a: Klefki|19/100
|-unboost|p2b: Volcarona|spa|2
|
|upkeep
|turn|2
|inactive|spellbreakvgc has 30 seconds left.
|inactive|spellbreakvgc has 20 seconds left.
|
|t:|1756729440
|switch|p2a: Sneasler|Sneasler, L50, F, shiny|100/100
|-enditem|p2a: Sneasler|Psychic Seed
|-boost|p2a: Sneasler|spd|1|[from] item: Psychic Seed
|move|p1a: Klefki|Misty Terrain|p1a: Klefki
|-fieldstart|move: Misty Terrain
|move|p1b: Annihilape|Rage Fist|p2b: Volcarona
|-damage|p2b: Volcarona|44/100
|-enditem|p2b: Volcarona|Sitrus Berry|[eat]
|-heal|p2b: Volcarona|69/100|[from] item: Sitrus Berry
|move|p2b: Volcarona|Overheat|p1a: Klefki
|-supereffective|p1a: Klefki
|-damage|p1a: Klefki|0 fnt
|-unboost|p2b: Volcarona|spa|2
|faint|p1a: Klefki
|
|upkeep
|
|t:|1756729449
|switch|p1a: Sinistcha|Sinistcha-Masterpiece, L50|100/100
|turn|3
|
|t:|1756729473
|switch|p2b: Tyranitar|Tyranitar, L50, M, shiny|100/100
|-weather|Sandstorm|[from] ability: Sand Stream|[of] p2b: Tyranitar
|move|p2a: Sneasler|Dire Claw|p1a: Sinistcha
|-damage|p1a: Sinistcha|63/100
|move|p1b: Annihilape|Rage Fist|p2a: Sneasler
|-damage|p2a: Sneasler|64/100
|move|p1a: Sinistcha|Trick Room|p1a: Sinistcha
|-fieldstart|move: Trick Room|[of] p1a: Sinistcha
|
|-weather|Sandstorm|[upkeep]
|-damage|p1a: Sinistcha|57/100|[from] Sandstorm
|-damage|p1b: Annihilape|94/100|[from] Sandstorm
|-damage|p2a: Sneasler|58/100|[from] Sandstorm
|upkeep
|turn|4
|
|t:|1756729492
|switch|p2a: Volcarona|Volcarona, L50, F, shiny|69/100
|move|p1a: Sinistcha|Matcha Gotcha|p2a: Volcarona|[spread] p2a
|-miss|p1a: Sinistcha|p2b: Tyranitar
|-resisted|p2a: Volcarona
|-damage|p2a: Volcarona|64/100
|-heal|p1a: Sinistcha|60/100|[from] drain|[of] p2a: Volcarona
|move|p2b: Tyranitar|Rock Slide|p1a: Sinistcha|[spread] p1a,p1b
|-supereffective|p1b: Annihilape
|-damage|p1a: Sinistcha|31/100
|-damage|p1b: Annihilape|28/100
|-enditem|p1a: Sinistcha|Sitrus Berry|[eat]
|-heal|p1a: Sinistcha|56/100|[from] item: Sitrus Berry
|move|p1b: Annihilape|Rage Fist|p2a: Volcarona
|-damage|p2a: Volcarona|12/100
|
|-weather|Sandstorm|[upkeep]
|-damage|p1a: Sinistcha|50/100|[from] Sandstorm
|-damage|p2a: Volcarona|6/100|[from] Sandstorm
|-damage|p1b: Annihilape|22/100|[from] Sandstorm
|upkeep
|turn|5
|inactive|spellbreakvgc has 30 seconds left.
|
|t:|1756729522
|-terastallize|p2b: Tyranitar|Flying
|move|p1a: Sinistcha|Matcha Gotcha|p2a: Volcarona|[spread] p2a,p2b
|-resisted|p2a: Volcarona
|-resisted|p2b: Tyranitar
|-damage|p2a: Volcarona|0 fnt
|-heal|p1a: Sinistcha|53/100|[from] drain|[of] p2a: Volcarona
|-damage|p2b: Tyranitar|93/100
|-heal|p1a: Sinistcha|57/100|[from] drain|[of] p2b: Tyranitar
|faint|p2a: Volcarona
|move|p2b: Tyranitar|Rock Slide|p1a: Sinistcha|[spread] p1a,p1b
|-supereffective|p1b: Annihilape
|-crit|p1b: Annihilape
|-damage|p1a: Sinistcha|30/100
|-damage|p1b: Annihilape|0 fnt
|faint|p1b: Annihilape
|
|-weather|Sandstorm|[upkeep]
|-damage|p1a: Sinistcha|24/100|[from] Sandstorm
|-damage|p2b: Tyranitar|87/100|[from] Sandstorm
|upkeep
|-message|Skylani forfeited.
|
|win|spellbreakvgc
