|j|☆C0ozer
|j|☆Il Mule
|html|C0ozerIl Mule    
|uhtml|bestof|Game 1 of a best-of-3
|t:|1782307163
|gametype|doubles
|player|p1|C0ozer|lucas|1155
|player|p2|Il Mule|salvatore|1429
|gen|9
|tier|[Gen 9 Champions] VGC 2026 Reg M-B (Bo3)
|rated|
|rule|Species Clause: Limit one of each Pokémon
|rule|Item Clause: Limit 1 of each item
|clearpoke
|poke|p1|Charizard, L50, M|
|poke|p1|Scrafty, L50, F|
|poke|p1|Gholdengo, L50|
|poke|p1|Whimsicott, L50, F|
|poke|p1|Toxapex, L50, F|
|poke|p1|Garchomp, L50, M|
|poke|p2|Corviknight, L50, M|
|poke|p2|Tyranitar, L50, M|
|poke|p2|Sneasler, L50, M|
|poke|p2|Incineroar, L50, M|
|poke|p2|Froslass, L50, F|
|poke|p2|Garchomp, L50, F|
|teampreview|4
|showteam|p1|Charizard||CharizarditeY|Blaze|HeatWave,WeatherBall,SolarBeam,Protect|Timid||M|||50|]Scrafty||Scraftinite|Intimidate|FakeOut,KnockOff,CloseCombat,Detect|Impish||F|||50|]Gholdengo||LifeOrb|GoodasGold|FlashCannon,ShadowBall,NastyPlot,Protect|Timid|||||50|]Whimsicott||FocusSash|Prankster|Moonblast,Encore,Tailwind,Protect|Timid||F|||50|]Toxapex||Leftovers|Regenerator|Toxic,Haze,Infestation,BanefulBunker|Bold||F|||50|]Garchomp||SitrusBerry|RoughSkin|BreakingSwipe,RockSlide,StompingTantrum,Protect|Adamant||M|||50|
|showteam|p2|Corviknight||OccaBerry|MirrorArmor|BraveBird,Taunt,Tailwind,Roost|Impish||M|||50|]Tyranitar||Tyranitarite|SandStream|KnockOff,RockSlide,DragonDance,Protect|Adamant||M|||50|]Sneasler||WhiteHerb|Unburden|CloseCombat,DireClaw,Coaching,FakeOut|Jolly||M|||50|]Incineroar||SitrusBerry|Intimidate|FlareBlitz,WillOWisp,PartingShot,FakeOut|Impish||M|||50|]Froslass||Froslassite|SnowCloak|Blizzard,ShadowBall,AuroraVeil,Protect|Timid||F|||50|]Garchomp||LifeOrb|RoughSkin|Earthquake,RockSlide,StompingTantrum,Protect|Jolly||F|||50|
|inactive|Battle timer is ON: inactive players will automatically lose when time's up. (requested by C0ozer)
|inactive|Il Mule has 60 seconds left.
|j| kelso shrug
|j| Tridello
|
|t:|1782307208
|teamsize|p1|4
|teamsize|p2|4
|start
|switch|p1a: Scrafty|Scrafty, L50, F|100/100
|switch|p1b: Toxapex|Toxapex, L50, F|100/100
|switch|p2a: Garchomp|Garchomp, L50, F|100/100
|switch|p2b: Corviknight|Corviknight, L50, M|100/100
|-ability|p1a: Scrafty|Intimidate|boost
|-unboost|p2a: Garchomp|atk|1
|-ability|p2b: Corviknight|Mirror Armor
|-unboost|p1a: Scrafty|atk|1
|turn|1
|c|☆Il Mule|qua qualcuno sembra dimenticare che il sole bacia i belli
|j| lakaka siuuu
|j| tyruntula
|inactive|C0ozer has 30 seconds left.
|inactive|Il Mule has 30 seconds left.
|
|t:|1782307235
|detailschange|p1a: Scrafty|Scrafty-Mega, L50, F
|-mega|p1a: Scrafty|Scrafty|Scraftinite
|-ability|p1a: Scrafty|Intimidate|boost
|-unboost|p2a: Garchomp|atk|1
|-ability|p2b: Corviknight|Mirror Armor
|-unboost|p1a: Scrafty|atk|1
|move|p1a: Scrafty|Fake Out|p2a: Garchomp
|-damage|p2a: Garchomp|94/100
|-damage|p1a: Scrafty|87/100|[from] ability: Rough Skin|[of] p2a: Garchomp
|cant|p2a: Garchomp|flinch
|move|p2b: Corviknight|Taunt|p1b: Toxapex
|-start|p1b: Toxapex|move: Taunt
|move|p1b: Toxapex|Infestation|p2b: Corviknight
|-resisted|p2b: Corviknight|2
|-damage|p2b: Corviknight|99/100
|-activate|p2b: Corviknight|move: Infestation|[of] p1b: Toxapex
|
|-damage|p2b: Corviknight|87/100|[from] move: Infestation|[partiallytrapped]
|upkeep
|turn|2
|c| tyruntula|Hai mai sentito il calore di una donna
|j| rovesciaporci
|inactive|C0ozer has 30 seconds left.
|
|t:|1782307265
|move|p2a: Garchomp|Earthquake|p1b: Toxapex|[spread] p1a,p1b
|-immune|p2b: Corviknight
|-supereffective|p1b: Toxapex|1
|-damage|p1a: Scrafty|73/100
|-damage|p1b: Toxapex|68/100
|-damage|p2a: Garchomp|84/100|[from] item: Life Orb
|move|p2b: Corviknight|Brave Bird|p1a: Scrafty
|-supereffective|p1a: Scrafty|1
|-damage|p1a: Scrafty|30/100
|-damage|p2b: Corviknight|75/100|[from] Recoil
|move|p1a: Scrafty|Knock Off|p2a: Garchomp
|-damage|p2a: Garchomp|62/100
|-damage|p1a: Scrafty|18/100|[from] ability: Rough Skin|[of] p2a: Garchomp
|-enditem|p2a: Garchomp|Life Orb|[from] move: Knock Off|[of] p1a: Scrafty
|move|p1b: Toxapex|Infestation|p2a: Garchomp
|-damage|p2a: Garchomp|58/100
|-activate|p2a: Garchomp|move: Infestation|[of] p1b: Toxapex
|-damage|p1b: Toxapex|56/100|[from] ability: Rough Skin|[of] p2a: Garchomp
|
|-heal|p1b: Toxapex|62/100|[from] item: Leftovers
|-damage|p2a: Garchomp|46/100|[from] move: Infestation|[partiallytrapped]
|-damage|p2b: Corviknight|62/100|[from] move: Infestation|[partiallytrapped]
|upkeep
|turn|3
|inactive|C0ozer has 30 seconds left.
|inactive|Il Mule has 30 seconds left.
|
|t:|1782307292
|switch|p1a: Garchomp|Garchomp, L50, M|100/100
|move|p2a: Garchomp|Earthquake|p1b: Toxapex|[spread] p1a,p1b
|-immune|p2b: Corviknight
|-supereffective|p1b: Toxapex|1
|-damage|p1a: Garchomp|84/100
|-damage|p1b: Toxapex|38/100
|move|p2b: Corviknight|Brave Bird|p1b: Toxapex
|-damage|p1b: Toxapex|15/100
|-damage|p2b: Corviknight|56/100|[from] Recoil
|move|p1b: Toxapex|Infestation|p2b: Corviknight
|-resisted|p2b: Corviknight|2
|-damage|p2b: Corviknight|56/100
|
|-heal|p1b: Toxapex|21/100|[from] item: Leftovers
|-damage|p2a: Garchomp|33/100|[from] move: Infestation|[partiallytrapped]
|-damage|p2b: Corviknight|44/100|[from] move: Infestation|[partiallytrapped]
|-end|p1b: Toxapex|move: Taunt
|upkeep
|turn|4
|c| tyruntula|Non mi sarei fatto infestare chomp a meno 2
|
|t:|1782307313
|-heal|p1b: Toxapex|54/100|[from] ability: Regenerator|[silent]
|switch|p1b: Scrafty|Scrafty-Mega, L50, F|18/100
|-ability|p1b: Scrafty|Intimidate|boost
|-unboost|p2a: Garchomp|atk|1
|-ability|p2b: Corviknight|Mirror Armor
|-unboost|p1b: Scrafty|atk|1
|move|p2a: Garchomp|Earthquake|p1a: Garchomp|[spread] p1a,p1b
|-immune|p2b: Corviknight
|-damage|p1a: Garchomp|71/100
|-damage|p1b: Scrafty|8/100
|move|p1a: Garchomp|Breaking Swipe|p2b: Corviknight|[spread] p2a,p2b
|-supereffective|p2a: Garchomp|1
|-resisted|p2b: Corviknight|1
|-damage|p2a: Garchomp|0 fnt
|-damage|p2b: Corviknight|35/100
|-ability|p2b: Corviknight|Mirror Armor
|-unboost|p1a: Garchomp|atk|1
|-damage|p1a: Garchomp|59/100|[from] ability: Rough Skin|[of] p2a: Garchomp
|faint|p2a: Garchomp
|move|p2b: Corviknight|Roost|p2b: Corviknight
|-heal|p2b: Corviknight|85/100
|-singleturn|p2b: Corviknight|move: Roost
|
|-end|p2b: Corviknight|Infestation|[partiallytrapped]|[silent]
|upkeep
|c|☆Il Mule|me ne frego
|
|t:|1782307327
|switch|p2a: Froslass|Froslass, L50, F|100/100
|turn|5
|c| tyruntula|Però ci sta avere paura di entrare di inci con scrafty che sarebbe andato a meno 3
|c| kelso shrug|il mio personaggio preferito è scrotom, ti prego torna
|
|t:|1782307344
|detailschange|p2a: Froslass|Froslass-Mega, L50, F
|-mega|p2a: Froslass|Froslass|Froslassite
|-weather|Snowscape|[from] ability: Snow Warning|[of] p2a: Froslass
|move|p1b: Scrafty|Fake Out|p2b: Corviknight
|-resisted|p2b: Corviknight|1
|-damage|p2b: Corviknight|82/100
|move|p2a: Froslass|Blizzard|p1b: Scrafty|[spread] p1a,p1b
|-supereffective|p1a: Garchomp|2
|-damage|p1a: Garchomp|0 fnt
|-damage|p1b: Scrafty|0 fnt
|faint|p1a: Garchomp
|faint|p1b: Scrafty
|cant|p2b: Corviknight|flinch
|
|-weather|Snowscape|[upkeep]
|upkeep
|c| rovesciaporci|megascrafty breaking swipe
|c| Tridello|bisogna aspettare il reboot per scrotom
|
|t:|1782307356
|switch|p1a: Gholdengo|Gholdengo, L50|100/100
|switch|p1b: Toxapex|Toxapex, L50, F|54/100
|turn|6
|j| estupinanthepuledr
|c| tyruntula|In effetti mega scrafty è walter white
|
|t:|1782307371
|move|p2a: Froslass|Shadow Ball|p1a: Gholdengo
|-supereffective|p1a: Gholdengo|1
|-damage|p1a: Gholdengo|18/100
|move|p1a: Gholdengo|Shadow Ball|p2a: Froslass
|-supereffective|p2a: Froslass|1
|-damage|p2a: Froslass|0 fnt
|faint|p2a: Froslass
|-damage|p1a: Gholdengo|9/100|[from] item: Life Orb
|move|p2b: Corviknight|Taunt|p1b: Toxapex
|-start|p1b: Toxapex|move: Taunt
|move|p1b: Toxapex|Infestation|p2b: Corviknight
|-resisted|p2b: Corviknight|2
|-damage|p2b: Corviknight|81/100
|-activate|p2b: Corviknight|move: Infestation|[of] p1b: Toxapex
|
|-weather|Snowscape|[upkeep]
|-heal|p1b: Toxapex|59/100|[from] item: Leftovers
|-damage|p2b: Corviknight|69/100|[from] move: Infestation|[partiallytrapped]
|upkeep
|
|t:|1782307377
|switch|p2a: Incineroar|Incineroar, L50, M|100/100
|-ability|p2a: Incineroar|Intimidate|boost
|-unboost|p1a: Gholdengo|atk|1
|-unboost|p1b: Toxapex|atk|1
|turn|7
|
|t:|1782307395
|move|p2a: Incineroar|Fake Out|p1b: Toxapex
|-damage|p1b: Toxapex|52/100
|move|p1a: Gholdengo|Shadow Ball|p2b: Corviknight
|-damage|p2b: Corviknight|24/100
|-damage|p1a: Gholdengo|0 fnt|[from] item: Life Orb
|faint|p1a: Gholdengo
|move|p2b: Corviknight|Tailwind|p2b: Corviknight
|-sidestart|p2: Il Mule|move: Tailwind
|cant|p1b: Toxapex|flinch
|
|-weather|Snowscape|[upkeep]
|-heal|p1b: Toxapex|58/100|[from] item: Leftovers
|-damage|p2b: Corviknight|11/100|[from] move: Infestation|[partiallytrapped]
|upkeep
|turn|8
|c| tyruntula|Io non me lo spiego
|
|t:|1782307410
|move|p2b: Corviknight|Roost|p2b: Corviknight
|-heal|p2b: Corviknight|61/100
|-singleturn|p2b: Corviknight|move: Roost
|move|p2a: Incineroar|Will-O-Wisp|p1b: Toxapex
|-status|p1b: Toxapex|brn
|move|p1b: Toxapex|Infestation|p2a: Incineroar
|-crit|p2a: Incineroar
|-damage|p2a: Incineroar|96/100
|-activate|p2a: Incineroar|move: Infestation|[of] p1b: Toxapex
|
|-weather|Snowscape|[upkeep]
|-heal|p1b: Toxapex|64/100 brn|[from] item: Leftovers
|-damage|p1b: Toxapex|58/100 brn|[from] brn
|-damage|p2b: Corviknight|49/100|[from] move: Infestation|[partiallytrapped]
|-damage|p2a: Incineroar|83/100|[from] move: Infestation|[partiallytrapped]
|-end|p1b: Toxapex|move: Taunt
|upkeep
|turn|9
|c|☆Il Mule|cosa non ti spieghi
|c| tyruntula|Uno è una mega uno è un coglione
|
|t:|1782307425
|move|p1b: Toxapex|Baneful Bunker|p1b: Toxapex
|-singleturn|p1b: Toxapex|move: Protect
|move|p2b: Corviknight|Taunt|p1b: Toxapex
|-activate|p1b: Toxapex|move: Protect
|move|p2a: Incineroar|Parting Shot|p1b: Toxapex
|-activate|p1b: Toxapex|move: Protect
|
|-weather|none
|-heal|p1b: Toxapex|64/100 brn|[from] item: Leftovers
|-damage|p1b: Toxapex|58/100 brn|[from] brn
|-damage|p2b: Corviknight|37/100|[from] move: Infestation|[partiallytrapped]
|-damage|p2a: Incineroar|71/100|[from] move: Infestation|[partiallytrapped]
|upkeep
|turn|10
|c| tyruntula|Lui ti shotta e tu no
|c|☆Il Mule|eh
|c|☆Il Mule|la vita dura degli animali
|
|t:|1782307438
|move|p2b: Corviknight|Taunt|p1b: Toxapex
|-start|p1b: Toxapex|move: Taunt
|move|p2a: Incineroar|Flare Blitz|p1b: Toxapex
|-resisted|p1b: Toxapex|1
|-damage|p1b: Toxapex|43/100 brn
|-damage|p2a: Incineroar|67/100|[from] Recoil
|cant|p1b: Toxapex|move: Taunt|Toxic
|
|-heal|p1b: Toxapex|49/100 brn|[from] item: Leftovers
|-damage|p1b: Toxapex|43/100 brn|[from] brn
|-end|p2b: Corviknight|Infestation|[partiallytrapped]
|-damage|p2a: Incineroar|54/100|[from] move: Infestation|[partiallytrapped]
|-sideend|p2: Il Mule|move: Tailwind
|upkeep
|turn|11
|c|☆Il Mule|lui ha la orb e io no
|
|t:|1782307452
|move|p2b: Corviknight|Roost|p2b: Corviknight
|-heal|p2b: Corviknight|87/100
|-singleturn|p2b: Corviknight|move: Roost
|move|p2a: Incineroar|Flare Blitz|p1b: Toxapex
|-resisted|p1b: Toxapex|1
|-damage|p1b: Toxapex|29/100 brn
|-damage|p2a: Incineroar|51/100|[from] Recoil
|move|p1b: Toxapex|Infestation|p2b: Corviknight
|-resisted|p2b: Corviknight|1
|-damage|p2b: Corviknight|85/100
|-activate|p2b: Corviknight|move: Infestation|[of] p1b: Toxapex
|
|-heal|p1b: Toxapex|35/100 brn|[from] item: Leftovers
|-damage|p1b: Toxapex|29/100 brn|[from] brn
|-damage|p2b: Corviknight|73/100|[from] move: Infestation|[partiallytrapped]
|-damage|p2a: Incineroar|39/100|[from] move: Infestation|[partiallytrapped]
|upkeep
|-enditem|p2a: Incineroar|Sitrus Berry|[eat]
|-heal|p2a: Incineroar|63/100|[from] item: Sitrus Berry
|turn|12
|c|☆Il Mule|bro forfeit please
|c|☆Il Mule|don't waste sergio's time
|
|t:|1782307464
|move|p2b: Corviknight|Brave Bird|p1b: Toxapex
|-damage|p1b: Toxapex|6/100 brn
|-damage|p2b: Corviknight|67/100|[from] Recoil
|move|p2a: Incineroar|Flare Blitz|p1b: Toxapex
|-resisted|p1b: Toxapex|1
|-damage|p1b: Toxapex|0 fnt
|faint|p1b: Toxapex
|-damage|p2a: Incineroar|62/100|[from] Recoil
|
|win|Il Mule
||Il Mule is ready for game 2.
|inactive|C0ozer has 30 seconds to confirm battle start!
||C0ozer is ready for game 2.
|uhtml|next|Next: Game 2 of 3
|l|☆Il Mule
|player|p2|
|l| kelso shrug
|l| tyruntula
