|j|☆redcorvin
|j|☆mclashgaming
|html|redcorvinmclashgaming    
|uhtml|bestof|Game 1 of a best-of-3
|t:|1784383382
|gametype|doubles
|player|p1|redcorvin|nate|
|player|p2|mclashgaming|ghetsis|
|gen|9
|tier|[Gen 9 Champions] VGC 2026 Reg M-B (Bo3)
|rule|Species Clause: Limit one of each Pokémon
|rule|Item Clause: Limit 1 of each item
|clearpoke
|poke|p1|Floette-Eternal, L50, F|
|poke|p1|Charizard, L50, M|
|poke|p1|Whimsicott, L50, F, shiny|
|poke|p1|Garchomp, L50, F, shiny|
|poke|p1|Basculegion, L50, M|
|poke|p1|Kingambit, L50, M, shiny|
|poke|p2|Garchomp, L50, M|
|poke|p2|Charizard, L50, M, shiny|
|poke|p2|Venusaur, L50, F|
|poke|p2|Whimsicott, L50, M|
|poke|p2|Incineroar, L50, M|
|poke|p2|Kingambit, L50, F, shiny|
|teampreview|4
|showteam|p1|Floette-Eternal||Floettite|FlowerVeil|Moonblast,DazzlingGleam,LightofRuin,Protect|Modest||F|||50|]Charizard||CharizarditeY|Blaze|HeatWave,WeatherBall,SolarBeam,Protect|Modest||M|||50|]Whimsicott||FocusSash|Prankster|Moonblast,Tailwind,Encore,Protect|Timid||F|||50|]Garchomp||RoseliBerry|RoughSkin|DragonClaw,StompingTantrum,PoisonJab,RockSlide|Jolly||F|||50|]Basculegion||MysticWater|Adaptability|WaveCrash,LastRespects,AquaJet,Protect|Adamant||M|||50|]Kingambit||OccaBerry|Defiant|KowtowCleave,IronHead,SuckerPunch,Protect|Adamant||M|||50|
|showteam|p2|Garchomp||HabanBerry|RoughSkin|Earthquake,RockSlide,SwordsDance,Protect|Jolly||M|||50|]Charizard||CharizarditeY|SolarPower|HeatWave,Protect,SolarBeam,WeatherBall|Timid||M|||50|]Venusaur||Leftovers|Chlorophyll|EnergyBall,EarthPower,Protect,SludgeBomb|Modest||F|||50|]Whimsicott||FocusSash|Prankster|Moonblast,Tailwind,LeechSeed,Encore|Bold||M|||50|]Incineroar||SitrusBerry|Intimidate|FakeOut,Protect,PartingShot,FlareBlitz|Careful||M|||50|]Kingambit||ChopleBerry|Defiant|SuckerPunch,IronHead,KowtowCleave,Protect|Adamant||F|||50|
|c|☆redcorvin|gl
|c|☆mclashgaming|gl
|
|t:|1784383491
|teamsize|p1|4
|teamsize|p2|4
|start
|switch|p1a: Floette|Floette-Eternal, L50, F|100/100
|switch|p1b: Whimsicott|Whimsicott, L50, F, shiny|100/100
|switch|p2a: full of whimsy|Whimsicott, L50, M|100/100
|switch|p2b: a dragon|Charizard, L50, M, shiny|100/100
|turn|1
|
|t:|1784383535
|detailschange|p2b: a dragon|Charizard-Mega-Y, L50, M, shiny
|-mega|p2b: a dragon|Charizard|Charizardite Y
|-weather|SunnyDay|[from] ability: Drought|[of] p2b: a dragon
|detailschange|p1a: Floette|Floette-Mega, L50, F
|-mega|p1a: Floette|Floette|Floettite
|-ability|p1a: Floette|Fairy Aura
|move|p1b: Whimsicott|Tailwind|p1b: Whimsicott
|-sidestart|p1: redcorvin|move: Tailwind
|move|p2a: full of whimsy|Tailwind|p2a: full of whimsy
|-sidestart|p2: mclashgaming|move: Tailwind
|move|p2b: a dragon|Heat Wave|p1a: Floette|[spread] p1a,p1b
|-supereffective|p1b: Whimsicott|1
|-damage|p1a: Floette|49/100
|-enditem|p1b: Whimsicott|Focus Sash
|-damage|p1b: Whimsicott|1/100
|move|p1a: Floette|Light of Ruin|p2b: a dragon
|-resisted|p2b: a dragon|1
|-damage|p2b: a dragon|39/100
|-damage|p1a: Floette|19/100|[from] Recoil
|
|-weather|SunnyDay|[upkeep]
|upkeep
|turn|2
|
|t:|1784383589
|move|p1a: Floette|Protect|p1a: Floette
|-singleturn|p1a: Floette|Protect
|move|p1b: Whimsicott|Moonblast|p2b: a dragon
|-resisted|p2b: a dragon|1
|-damage|p2b: a dragon|13/100
|move|p2b: a dragon|Heat Wave|p1a: Floette|[spread] p1b
|-activate|p1a: Floette|move: Protect
|-supereffective|p1b: Whimsicott|1
|-damage|p1b: Whimsicott|0 fnt
|faint|p1b: Whimsicott
|move|p2a: full of whimsy|Moonblast|p1a: Floette
|-activate|p1a: Floette|move: Protect
|
|-weather|SunnyDay|[upkeep]
|upkeep
|
|t:|1784383604
|switch|p1b: Basculegion|Basculegion, L50, M|100/100
|turn|3
|
|t:|1784383627
|move|p2a: full of whimsy|Encore|p1a: Floette
|-start|p1a: Floette|Encore
|move|p1a: Floette|Protect||[still]
|-fail|p1a: Floette
|move|p1b: Basculegion|Aqua Jet|p2b: a dragon
|-supereffective|p2b: a dragon|1
|-damage|p2b: a dragon|0 fnt
|faint|p2b: a dragon
|
|-weather|SunnyDay|[upkeep]
|upkeep
|
|t:|1784383647
|switch|p2b: a flower|Venusaur, L50, F|100/100
|turn|4
|
|t:|1784383660
|switch|p1a: Garchomp|Garchomp, L50, F, shiny|100/100
|move|p1b: Basculegion|Protect|p1b: Basculegion
|-singleturn|p1b: Basculegion|Protect
|move|p2a: full of whimsy|Leech Seed|p1b: Basculegion
|-activate|p1b: Basculegion|move: Protect
|move|p2b: a flower|Energy Ball|p1b: Basculegion
|-activate|p1b: Basculegion|move: Protect
|
|-weather|SunnyDay|[upkeep]
|-sideend|p1: redcorvin|move: Tailwind
|-sideend|p2: mclashgaming|move: Tailwind
|upkeep
|turn|5
|
|t:|1784383693
|move|p2a: full of whimsy|Encore|p1b: Basculegion
|-start|p1b: Basculegion|Encore
|move|p1b: Basculegion|Protect|p1b: Basculegion
|-singleturn|p1b: Basculegion|Protect
|move|p2b: a flower|Energy Ball|p1b: Basculegion
|-activate|p1b: Basculegion|move: Protect
|move|p1a: Garchomp|Poison Jab|p2a: full of whimsy
|-supereffective|p2a: full of whimsy|2
|-enditem|p2a: full of whimsy|Focus Sash
|-damage|p2a: full of whimsy|1/100
|
|-weather|none
|upkeep
|turn|6
|
|t:|1784383713
|switch|p1b: Floette|Floette-Mega, L50, F|19/100
|-ability|p1b: Floette|Fairy Aura
|move|p2b: a flower|Protect|p2b: a flower
|-singleturn|p2b: a flower|Protect
|move|p2a: full of whimsy|Tailwind|p2a: full of whimsy
|-sidestart|p2: mclashgaming|move: Tailwind
|move|p1a: Garchomp|Rock Slide|p2a: full of whimsy|[spread] p2a
|-activate|p2b: a flower|move: Protect
|-damage|p2a: full of whimsy|0 fnt
|faint|p2a: full of whimsy
|
|upkeep
|
|t:|1784383723
|switch|p2a: a shark|Garchomp, L50, M|100/100
|turn|7
|inactive|Battle timer is ON: inactive players will automatically lose when time's up. (requested by redcorvin)
|c|☆mclashgaming|?
|inactive|mclashgaming has 60 seconds left.
|
|t:|1784383785
|move|p2a: a shark|Rock Slide|p1a: Garchomp|[spread] p1a,p1b
|-resisted|p1a: Garchomp|1
|-damage|p1a: Garchomp|90/100
|-damage|p1b: Floette|0 fnt
|faint|p1b: Floette
|move|p2b: a flower|Energy Ball|p1a: Garchomp
|-damage|p1a: Garchomp|38/100
|move|p1a: Garchomp|Dragon Claw|p2a: a shark
|-supereffective|p2a: a shark|1
|-enditem|p2a: a shark|Haban Berry|[eat]
|-enditem|p2a: a shark|Haban Berry|[weaken]
|-damage|p2a: a shark|57/100
|-damage|p1a: Garchomp|26/100|[from] ability: Rough Skin|[of] p2a: a shark
|
|upkeep
|
|t:|1784383798
|switch|p1b: Basculegion|Basculegion, L50, M|100/100
|turn|8
|
|t:|1784383808
|move|p2a: a shark|Protect|p2a: a shark
|-singleturn|p2a: a shark|Protect
|move|p2b: a flower|Energy Ball|p1b: Basculegion
|-supereffective|p1b: Basculegion|1
|-damage|p1b: Basculegion|0 fnt
|faint|p1b: Basculegion
|move|p1a: Garchomp|Dragon Claw|p2a: a shark
|-activate|p2a: a shark|move: Protect
|
|upkeep
|turn|9
|
|t:|1784383821
|move|p2a: a shark|Earthquake|p1a: Garchomp|[spread] p2b,p1a
|-damage|p2b: a flower|52/100
|-damage|p1a: Garchomp|0 fnt
|faint|p1a: Garchomp
|
|win|mclashgaming
||redcorvin is ready for game 2.
