|j|☆dhrx
|j|☆jcoisa
|html|dhrxjcoisa    
|uhtml|bestof|Game 2 of a best-of-3
|t:|1783990297
|gametype|doubles
|player|p1|dhrx|lucian|
|player|p2|jcoisa|1|
|gen|9
|tier|[Gen 9 Champions] VGC 2026 Reg M-B (Bo3)
|rule|Species Clause: Limit one of each Pokémon
|rule|Item Clause: Limit 1 of each item
|clearpoke
|poke|p1|Mawile, L50, F|
|poke|p1|Farigiraf, L50, M|
|poke|p1|Torkoal, L50, F|
|poke|p1|Vivillon, L50, M|
|poke|p1|Incineroar, L50, M|
|poke|p1|Gallade, L50, M|
|poke|p2|Chimecho, L50, F|
|poke|p2|Palafin, L50, F|
|poke|p2|Krookodile, L50, F|
|poke|p2|Pelipper, L50, M|
|poke|p2|Heliolisk, L50, F|
|poke|p2|Machamp, L50, M|
|teampreview|4
|showteam|p1|Mawile||Mawilite|HyperCutter|PlayRough,RockSlide,SuckerPunch,Protect|Brave||F|||50|]Farigiraf||SitrusBerry|ArmorTail|Psychic,Thunderbolt,TrickRoom,Protect|Quiet||M|||50|]Torkoal||Charcoal|Drought|Eruption,WeatherBall,HelpingHand,Protect|Quiet||F|||50|]Vivillon||FocusSash|CompoundEyes|Hurricane,SleepPowder,RagePowder,Protect|Timid||M|||50|]Incineroar||LifeOrb|Intimidate|FlareBlitz,DarkestLariat,CloseCombat,FakeOut|Brave||M|||50|]Gallade||IronBall|Sharpness|SacredSword,PsychoCut,LeafBlade,TrickRoom|Brave||M|||50|
|showteam|p2|Chimecho||Chimechite|Levitate|Psyshock,FlashCannon,TrickRoom,Protect|Modest||F|||50|]Palafin||MysticWater|ZerotoHero|WaveCrash,JetPunch,BulkUp,Protect|Adamant||F|||50|]Krookodile||ChoiceScarf|Intimidate|KnockOff,Earthquake,RockSlide,HighHorsepower|Adamant||F|||50|]Pelipper||SharpBeak|Drizzle|Hurricane,WeatherBall,HelpingHand,Protect|Modest||M|||50|]Heliolisk||FocusSash|DrySkin|Thunder,Glare,VoltSwitch,Protect|Timid||F|||50|]Machamp||SitrusBerry|NoGuard|DynamicPunch,StoneEdge,KnockOff,WideGuard|Adamant||M|||50|
|
|t:|1783990325
|teamsize|p1|4
|teamsize|p2|4
|start
|switch|p1a: Incineroar|Incineroar, L50, M|100/100
|switch|p1b: Farigiraf|Farigiraf, L50, M|100/100
|switch|p2a: Chimecho|Chimecho, L50, F|100/100
|switch|p2b: Krookodile|Krookodile, L50, F|100/100
|-ability|p2b: Krookodile|Intimidate|boost
|-unboost|p1a: Incineroar|atk|1
|-unboost|p1b: Farigiraf|atk|1
|-ability|p1a: Incineroar|Intimidate|boost
|-unboost|p2a: Chimecho|atk|1
|-unboost|p2b: Krookodile|atk|1
|turn|1
|
|t:|1783990354
|switch|p1b: Torkoal|Torkoal, L50, F|100/100
|-weather|SunnyDay|[from] ability: Drought|[of] p1b: Torkoal
|detailschange|p2a: Chimecho|Chimecho-Mega, L50, F
|-mega|p2a: Chimecho|Chimecho|Chimechite
|move|p2a: Chimecho|Protect|p2a: Chimecho
|-singleturn|p2a: Chimecho|Protect
|move|p1a: Incineroar|Fake Out|p2b: Krookodile
|-damage|p2b: Krookodile|83/100
|-damage|p1a: Incineroar|90/100|[from] item: Life Orb
|cant|p2b: Krookodile|flinch
|
|-weather|SunnyDay|[upkeep]
|upkeep
|turn|2
|
|t:|1783990376
|switch|p2a: Pelipper|Pelipper, L50, M|100/100
|-weather|RainDance|[from] ability: Drizzle|[of] p2a: Pelipper
|move|p1b: Torkoal|Protect|p1b: Torkoal
|-singleturn|p1b: Torkoal|Protect
|move|p2b: Krookodile|Earthquake|p1a: Incineroar|[spread] p1a
|-activate|p1b: Torkoal|move: Protect
|-immune|p2a: Pelipper
|-supereffective|p1a: Incineroar|1
|-damage|p1a: Incineroar|36/100
|move|p1a: Incineroar|Flare Blitz|p2a: Pelipper
|-resisted|p2a: Pelipper|1
|-damage|p2a: Pelipper|86/100
|-damage|p1a: Incineroar|32/100|[from] Recoil
|-damage|p1a: Incineroar|22/100|[from] item: Life Orb
|
|-weather|RainDance|[upkeep]
|upkeep
|turn|3
|
|t:|1783990422
|switch|p1b: Farigiraf|Farigiraf, L50, M|100/100
|move|p2a: Pelipper|Helping Hand|p2b: Krookodile
|-singleturn|p2b: Krookodile|Helping Hand|[of] p2a: Pelipper
|move|p2b: Krookodile|Earthquake|p1a: Incineroar|[spread] p1a,p1b
|-immune|p2a: Pelipper
|-supereffective|p1a: Incineroar|1
|-damage|p1a: Incineroar|0 fnt
|-damage|p1b: Farigiraf|62/100
|faint|p1a: Incineroar
|
|-weather|RainDance|[upkeep]
|upkeep
|
|t:|1783990443
|switch|p1a: Gallade|Gallade, L50, M|100/100
|turn|4
|
|t:|1783990452
|move|p2b: Krookodile|Earthquake|p1a: Gallade|[spread] p1a,p1b
|-immune|p2a: Pelipper
|-damage|p1a: Gallade|62/100
|-damage|p1b: Farigiraf|38/100
|-enditem|p1b: Farigiraf|Sitrus Berry|[eat]
|-heal|p1b: Farigiraf|63/100|[from] item: Sitrus Berry
|move|p2a: Pelipper|Hurricane|p1a: Gallade
|-supereffective|p1a: Gallade|1
|-crit|p1a: Gallade
|-damage|p1a: Gallade|0 fnt
|faint|p1a: Gallade
|move|p1b: Farigiraf|Trick Room|p1b: Farigiraf
|-fieldstart|move: Trick Room|[of] p1b: Farigiraf
|
|-weather|RainDance|[upkeep]
|upkeep
|
|t:|1783990464
|switch|p1a: Torkoal|Torkoal, L50, F|100/100
|-weather|SunnyDay|[from] ability: Drought|[of] p1a: Torkoal
|turn|5
|
|t:|1783990491
|switch|p2a: Chimecho|Chimecho-Mega, L50, F|100/100
|move|p1b: Farigiraf|Protect|p1b: Farigiraf
|-singleturn|p1b: Farigiraf|Protect
|move|p1a: Torkoal|Eruption|p2b: Krookodile|[spread] p2a,p2b
|-supereffective|p2a: Chimecho|1
|-damage|p2a: Chimecho|0 fnt
|-damage|p2b: Krookodile|0 fnt
|faint|p2a: Chimecho
|faint|p2b: Krookodile
|
|-weather|SunnyDay|[upkeep]
|upkeep
|
|t:|1783990505
|switch|p2a: Pelipper|Pelipper, L50, M|86/100
|switch|p2b: Machamp|Machamp, L50, M|100/100
|-weather|RainDance|[from] ability: Drizzle|[of] p2a: Pelipper
|turn|6
|
|t:|1783990532
|move|p1a: Torkoal|Weather Ball|p2b: Machamp
|-damage|p2b: Machamp|55/100
|move|p1b: Farigiraf|Psychic|p2b: Machamp
|-supereffective|p2b: Machamp|1
|-damage|p2b: Machamp|0 fnt
|faint|p2b: Machamp
|move|p2a: Pelipper|Weather Ball|p1a: Torkoal
|-supereffective|p1a: Torkoal|1
|-damage|p1a: Torkoal|0 fnt
|faint|p1a: Torkoal
|
|-weather|RainDance|[upkeep]
|upkeep
|turn|7
|
|t:|1783990548
|move|p2a: Pelipper|Protect|p2a: Pelipper
|-singleturn|p2a: Pelipper|Protect
|move|p1b: Farigiraf|Thunderbolt|p2a: Pelipper
|-activate|p2a: Pelipper|move: Protect
|
|-weather|RainDance|[upkeep]
|upkeep
|turn|8
|
|t:|1783990556
|move|p2a: Pelipper|Protect||[still]
|-fail|p2a: Pelipper
|move|p1b: Farigiraf|Thunderbolt|p2a: Pelipper
|-supereffective|p2a: Pelipper|2
|-damage|p2a: Pelipper|0 fnt
|faint|p2a: Pelipper
|
|win|dhrx
