|j|☆KingDom1992
|j|☆GionnyBravo
|html|KingDom1992GionnyBravo    
|uhtml|bestof|Game 1 of a best-of-3
|t:|1756558867
|gametype|doubles
|player|p1|KingDom1992|brock|1184
|player|p2|GionnyBravo|rood|1328
|gen|9
|tier|[Gen 9] VGC 2025 Reg H (Bo3)
|rated|
|rule|Species Clause: Limit one of each Pokémon
|rule|Item Clause: Limit 1 of each item
|clearpoke
|poke|p1|Gholdengo, L50|
|poke|p1|Sneasler, L50, M|
|poke|p1|Incineroar, L50, F|
|poke|p1|Amoonguss, L50, F|
|poke|p1|Dragonite, L50, M|
|poke|p1|Ursaluna-Bloodmoon, L50, M|
|poke|p2|Sneasler, L50, F|
|poke|p2|Rillaboom, L50, F|
|poke|p2|Electabuzz, L50, F|
|poke|p2|Dragonite, L50, M|
|poke|p2|Volcarona, L50, F|
|poke|p2|Kingambit, L50, M|
|teampreview|4
|showteam|p1|Gholdengo||LifeOrb|GoodasGold|MakeItRain,ShadowBall,NastyPlot,Protect||||||50|,,,,,Water]Sneasler||FocusSash|PoisonTouch|FakeOut,CloseCombat,DireClaw,Protect|||M|||50|,,,,,Stellar]Incineroar||SafetyGoggles|Intimidate|FakeOut,FlareBlitz,KnockOff,PartingShot|||F|||50|,,,,,Ghost]Amoonguss||SitrusBerry|Regenerator|Spore,RagePowder,PollenPuff,Protect|||F|||50|,,,,,Water]Dragonite||LoadedDice|Multiscale|ScaleShot,Haze,Tailwind,ExtremeSpeed|||M|||50|,,,,,Fairy]Ursaluna-Bloodmoon||AssaultVest|MindsEye|HyperVoice,BloodMoon,EarthPower,VacuumWave|||M|||50|,,,,,Normal
|showteam|p2|Sneasler||FocusSash|PoisonTouch|CloseCombat,DireClaw,Coaching,FakeOut|||F|||50|,,,,,Stellar]Rillaboom||AssaultVest|GrassySurge|WoodHammer,GrassyGlide,HighHorsepower,FakeOut|||F|||50|,,,,,Fire]Electabuzz||Eviolite|VitalSpirit|Thunderbolt,FollowMe,Taunt,Protect|||F|||50|,,,,,Ghost]Dragonite||LoadedDice|Multiscale|ScaleShot,ExtremeSpeed,Haze,Protect|||M|||50|,,,,,Normal]Volcarona||Leftovers|FlameBody|HeatWave,TeraBlast,QuiverDance,Protect|||F|||50|,,,,,Fairy]Kingambit||BlackGlasses|Defiant|KowtowCleave,SuckerPunch,SwordsDance,Protect|||M|||50|,,,,,Dark
|inactive|Battle timer is ON: inactive players will automatically lose when time's up. (requested by KingDom1992)
|
|t:|1756558900
|teamsize|p1|4
|teamsize|p2|4
|start
|switch|p1a: Dragonite|Dragonite, L50, M|100/100
|switch|p1b: Sneasler|Sneasler, L50, M, shiny|100/100
|switch|p2a: Rillaboom|Rillaboom, L50, F|100/100
|switch|p2b: Volcarona|Volcarona, L50, F|100/100
|-fieldstart|move: Grassy Terrain|[from] ability: Grassy Surge|[of] p2a: Rillaboom
|turn|1
|inactive|GionnyBravo has 30 seconds left.
|
|t:|1756558929
|-terastallize|p2a: Rillaboom|Fire
|move|p1b: Sneasler|Fake Out|p2a: Rillaboom
|-damage|p2a: Rillaboom|88/100
|move|p1a: Dragonite|Scale Shot|p2a: Rillaboom
|-damage|p2a: Rillaboom|74/100
|-damage|p2a: Rillaboom|59/100
|-crit|p2a: Rillaboom
|-damage|p2a: Rillaboom|38/100
|-damage|p2a: Rillaboom|25/100
|-hitcount|p2a: Rillaboom|4
|-unboost|p1a: Dragonite|def|1
|-boost|p1a: Dragonite|spe|1
|move|p2b: Volcarona|Heat Wave|p1a: Dragonite|[spread] p1a,p1b
|-resisted|p1a: Dragonite
|-damage|p1a: Dragonite|90/100
|-damage|p1b: Sneasler|53/100
|-status|p1a: Dragonite|brn
|cant|p2a: Rillaboom|flinch
|
|-heal|p1b: Sneasler|59/100|[from] Grassy Terrain
|-heal|p2a: Rillaboom|30/100|[from] Grassy Terrain
|-damage|p1a: Dragonite|84/100 brn|[from] brn
|upkeep
|turn|2
|inactive|KingDom1992 has 30 seconds left.
|inactive|GionnyBravo has 30 seconds left.
|
|t:|1756558961
|switch|p1b: Incineroar|Incineroar, L50, F, shiny|100/100
|-ability|p1b: Incineroar|Intimidate|boost
|-unboost|p2a: Rillaboom|atk|1
|-unboost|p2b: Volcarona|atk|1
|move|p2b: Volcarona|Protect|p2b: Volcarona
|-singleturn|p2b: Volcarona|Protect
|move|p1a: Dragonite|Scale Shot|p2a: Rillaboom
|-damage|p2a: Rillaboom|23/100
|-damage|p2a: Rillaboom|17/100
|-damage|p2a: Rillaboom|10/100
|-damage|p2a: Rillaboom|2/100
|-hitcount|p2a: Rillaboom|4
|-unboost|p1a: Dragonite|def|1
|-boost|p1a: Dragonite|spe|1
|move|p2a: Rillaboom|High Horsepower|p1b: Incineroar
|-supereffective|p1b: Incineroar
|-damage|p1b: Incineroar|59/100
|
|-heal|p2a: Rillaboom|8/100|[from] Grassy Terrain
|-heal|p1b: Incineroar|65/100|[from] Grassy Terrain
|-damage|p1a: Dragonite|78/100 brn|[from] brn
|upkeep
|turn|3
|inactive|KingDom1992 has 30 seconds left.
|
|t:|1756558987
|switch|p2b: Electabuzz|Electabuzz, L50, F|100/100
|switch|p2a: Sneasler|Sneasler, L50, F|100/100
|move|p1b: Incineroar|Fake Out|p2b: Electabuzz
|-damage|p2b: Electabuzz|92/100
|move|p1a: Dragonite|Extreme Speed|p2a: Sneasler
|-crit|p2a: Sneasler
|-damage|p2a: Sneasler|64/100
|
|-heal|p2a: Sneasler|70/100|[from] Grassy Terrain
|-heal|p2b: Electabuzz|98/100|[from] Grassy Terrain
|-heal|p1b: Incineroar|71/100|[from] Grassy Terrain
|-damage|p1a: Dragonite|72/100 brn|[from] brn
|upkeep
|turn|4
|inactive|GionnyBravo has 30 seconds left.
|inactive|GionnyBravo has 20 seconds left.
|
|t:|1756559023
|switch|p1b: Sneasler|Sneasler, L50, M, shiny|59/100
|move|p1a: Dragonite|Tailwind|p1a: Dragonite
|-sidestart|p1: KingDom1992|move: Tailwind
|move|p2a: Sneasler|Dire Claw|p1a: Dragonite
|-damage|p1a: Dragonite|0 fnt
|faint|p1a: Dragonite
|move|p2b: Electabuzz|Thunderbolt|p1b: Sneasler
|-damage|p1b: Sneasler|14/100
|
|-heal|p1b: Sneasler|20/100|[from] Grassy Terrain
|-heal|p2a: Sneasler|75/100|[from] Grassy Terrain
|-heal|p2b: Electabuzz|100/100|[from] Grassy Terrain
|upkeep
|
|t:|1756559036
|switch|p1a: Ursaluna|Ursaluna-Bloodmoon, L50, M|100/100
|turn|5
|
|t:|1756559051
|-terastallize|p1a: Ursaluna|Normal
|move|p1b: Sneasler|Fake Out|p2a: Sneasler
|-damage|p2a: Sneasler|51/100
|move|p2b: Electabuzz|Follow Me|p2b: Electabuzz
|-singleturn|p2b: Electabuzz|move: Follow Me
|move|p1a: Ursaluna|Blood Moon|p2b: Electabuzz
|-damage|p2b: Electabuzz|20/100
|cant|p2a: Sneasler|flinch
|
|-heal|p1b: Sneasler|26/100|[from] Grassy Terrain
|-heal|p2a: Sneasler|57/100|[from] Grassy Terrain
|-heal|p2b: Electabuzz|26/100|[from] Grassy Terrain
|-fieldend|move: Grassy Terrain
|upkeep
|turn|6
|inactive|KingDom1992 has 30 seconds left.
|
|t:|1756559084
|move|p2b: Electabuzz|Protect|p2b: Electabuzz
|-singleturn|p2b: Electabuzz|Protect
|move|p1b: Sneasler|Dire Claw|p2a: Sneasler
|-resisted|p2a: Sneasler
|-damage|p2a: Sneasler|22/100
|move|p1a: Ursaluna|Hyper Voice|p2a: Sneasler|[spread] p2a
|-activate|p2b: Electabuzz|move: Protect
|-damage|p2a: Sneasler|0 fnt
|faint|p2a: Sneasler
|
|upkeep
|
|t:|1756559093
|switch|p2a: Volcarona|Volcarona, L50, F|100/100
|turn|7
|
|t:|1756559099
|switch|p1b: Incineroar|Incineroar, L50, F, shiny|71/100
|-ability|p1b: Incineroar|Intimidate|boost
|-unboost|p2a: Volcarona|atk|1
|-unboost|p2b: Electabuzz|atk|1
|move|p1a: Ursaluna|Hyper Voice|p2b: Electabuzz|[spread] p2a,p2b
|-damage|p2a: Volcarona|58/100
|-damage|p2b: Electabuzz|0 fnt
|faint|p2b: Electabuzz
|move|p2a: Volcarona|Heat Wave|p1b: Incineroar|[spread] p1a,p1b
|-resisted|p1b: Incineroar
|-damage|p1a: Ursaluna|75/100
|-damage|p1b: Incineroar|59/100
|
|-heal|p2a: Volcarona|64/100|[from] item: Leftovers
|-sideend|p1: KingDom1992|move: Tailwind
|upkeep
|
|t:|1756559105
|switch|p2b: Rillaboom|Rillaboom, L50, F, tera:Fire|8/100
|-fieldstart|move: Grassy Terrain|[from] ability: Grassy Surge|[of] p2b: Rillaboom
|turn|8
|inactive|KingDom1992 has 30 seconds left.
|
|t:|1756559134
|switch|p1a: Sneasler|Sneasler, L50, M, shiny|26/100
|move|p2b: Rillaboom|Fake Out|p1a: Sneasler
|-damage|p1a: Sneasler|1/100
|move|p2a: Volcarona|Quiver Dance|p2a: Volcarona
|-boost|p2a: Volcarona|spa|1
|-boost|p2a: Volcarona|spd|1
|-boost|p2a: Volcarona|spe|1
|move|p1b: Incineroar|Flare Blitz|p2a: Volcarona
|-damage|p2a: Volcarona|14/100
|-damage|p1b: Incineroar|43/100|[from] Recoil
|
|-heal|p2a: Volcarona|20/100|[from] Grassy Terrain
|-heal|p2a: Volcarona|27/100|[from] item: Leftovers
|-heal|p1a: Sneasler|7/100|[from] Grassy Terrain
|-heal|p2b: Rillaboom|14/100|[from] Grassy Terrain
|-heal|p1b: Incineroar|49/100|[from] Grassy Terrain
|upkeep
|turn|9
|
|t:|1756559150
|move|p1a: Sneasler|Fake Out|p2b: Rillaboom
|-damage|p2b: Rillaboom|0 fnt
|faint|p2b: Rillaboom
|move|p2a: Volcarona|Heat Wave|p1a: Sneasler|[spread] p1b
|-miss|p2a: Volcarona|p1a: Sneasler
|-resisted|p1b: Incineroar
|-damage|p1b: Incineroar|31/100
|move|p1b: Incineroar|Knock Off|p2a: Volcarona
|-damage|p2a: Volcarona|0 fnt
|-enditem|p2a: Volcarona|Leftovers|[from] move: Knock Off|[of] p1b: Incineroar
|faint|p2a: Volcarona
|
|win|KingDom1992
|inactive|KingDom1992 has 30 seconds to confirm battle start!
|inactive|GionnyBravo has 30 seconds to confirm battle start!
||GionnyBravo is ready for game 2.
||KingDom1992 is ready for game 2.
|uhtml|next|Next: Game 2 of 3
|l|☆GionnyBravo
|player|p2|
