|j|☆natsukivgc
|j|☆musthaveamusty
|html|natsukivgcmusthaveamusty    
|uhtml|bestof|Game 1 of a best-of-3
|t:|1785305578
|gametype|doubles
|player|p1|natsukivgc|1|1105
|player|p2|musthaveamusty|265|1203
|gen|9
|tier|[Gen 9 Champions] VGC 2026 Reg M-B (Bo3)
|rated|
|rule|Species Clause: Limit one of each Pokémon
|rule|Item Clause: Limit 1 of each item
|clearpoke
|poke|p1|Garchomp, L50, F|
|poke|p1|Venusaur, L50, F|
|poke|p1|Incineroar, L50, M|
|poke|p1|Charizard, L50, M|
|poke|p1|Toxapex, L50, F|
|poke|p1|Annihilape, L50, M|
|poke|p2|Metagross, L50|
|poke|p2|Garchomp, L50, F|
|poke|p2|Typhlosion-Hisui, L50, M|
|poke|p2|Charizard, L50, M|
|poke|p2|Whimsicott, L50, M|
|poke|p2|Sneasler, L50, F|
|teampreview|4
|showteam|p1|Garchomp||ChoiceScarf|RoughSkin|Earthquake,DragonClaw,StompingTantrum,RockSlide|Adamant||F|||50|]Venusaur||LifeOrb|Chlorophyll|SolarBeam,SludgeBomb,EarthPower,Protect|Modest||F|||50|]Incineroar||SitrusBerry|Intimidate|FlareBlitz,ThroatChop,FakeOut,PartingShot|Impish||M|||50|]Charizard||CharizarditeY|Blaze|HeatWave,WeatherBall,HelpingHand,Protect|Modest||M|||50|]Toxapex||Leftovers|Regenerator|Infestation,Toxic,WideGuard,BanefulBunker|Bold||F|||50|]Annihilape||FocusSash|Defiant|CloseCombat,PhantomForce,StealthRock,Protect|Jolly||M|||50|
|showteam|p2|Metagross||Metagrossite|ClearBody|Protect,IcePunch,IronHead,PsychicFangs|Jolly|||||50|]Garchomp||LifeOrb|RoughSkin|Protect,DragonClaw,Earthquake,RockSlide|Jolly||F|||50|]Typhlosion-Hisui||ChoiceScarf|Blaze|Eruption,Overheat,HeatWave,ShadowBall|Modest||M|||50|]Charizard||CharizarditeY|Blaze|Protect,HeatWave,Overheat,AirSlash|Modest||M|||50|]Whimsicott||FocusSash|Prankster|Tailwind,Moonblast,SunnyDay,Encore|Careful||M|||50|]Sneasler||WhiteHerb|Unburden|CloseCombat,DireClaw,Protect,FakeOut|Adamant||F|||50|
|
|t:|1785305629
|teamsize|p1|4
|teamsize|p2|4
|start
|switch|p1a: Annihilape|Annihilape, L50, M|100/100
|switch|p1b: Toxapex|Toxapex, L50, F|100/100
|switch|p2a: Whimsicott|Whimsicott, L50, M|100/100
|switch|p2b: Sneasler|Sneasler, L50, F|100/100
|turn|1
|
|t:|1785305652
|move|p2b: Sneasler|Fake Out|p1b: Toxapex
|-damage|p1b: Toxapex|89/100
|move|p1a: Annihilape|Stealth Rock|p2a: Whimsicott
|-sidestart|p2: musthaveamusty|move: Stealth Rock
|move|p2a: Whimsicott|Moonblast|p1a: Annihilape
|-supereffective|p1a: Annihilape|1
|-damage|p1a: Annihilape|50/100g
|cant|p1b: Toxapex|flinch
|
|-heal|p1b: Toxapex|94/100|[from] item: Leftovers
|upkeep
|turn|2
|
|t:|1785305697
|switch|p1a: Charizard|Charizard, L50, M|100/100
|move|p2b: Sneasler|Close Combat|p1a: Charizard
|-resisted|p1a: Charizard|1
|-damage|p1a: Charizard|67/100
|-unboost|p2b: Sneasler|def|1
|-unboost|p2b: Sneasler|spd|1
|-enditem|p2b: Sneasler|White Herb
|-clearnegativeboost|p2b: Sneasler|[silent]
|move|p2a: Whimsicott|Moonblast|p1a: Charizard
|-resisted|p1a: Charizard|1
|-damage|p1a: Charizard|53/100
|move|p1b: Toxapex|Toxic|p2a: Whimsicott
|-status|p2a: Whimsicott|tox
|
|-heal|p1b: Toxapex|100/100|[from] item: Leftovers
|-damage|p2a: Whimsicott|94/100 tox|[from] psn
|upkeep
|turn|3
|
|t:|1785305725
|detailschange|p1a: Charizard|Charizard-Mega-Y, L50, M
|-mega|p1a: Charizard|Charizard|Charizardite Y
|-weather|SunnyDay|[from] ability: Drought|[of] p1a: Charizard
|move|p2a: Whimsicott|Encore|p1b: Toxapex
|-start|p1b: Toxapex|Encore
|move|p2b: Sneasler|Dire Claw|p1a: Charizard
|-damage|p1a: Charizard|12/100
|move|p1a: Charizard|Heat Wave|p2b: Sneasler|[spread] p2a,p2b
|-supereffective|p2a: Whimsicott|1
|-damage|p2a: Whimsicott|0 fnt
|-damage|p2b: Sneasler|24/100
|faint|p2a: Whimsicott
|move|p1b: Toxapex|Toxic|p2b: Sneasler
|-immune|p2b: Sneasler
|
|-weather|SunnyDay|[upkeep]
|upkeep
|
|t:|1785305781
|switch|p2a: Garchomp|Garchomp, L50, F|100/100
|-damage|p2a: Garchomp|94/100|[from] Stealth Rock
|turn|4
|
|t:|1785305804
|switch|p1a: Annihilape|Annihilape, L50, M|50/100g
|move|p2b: Sneasler|Dire Claw|p1a: Annihilape
|-resisted|p1a: Annihilape|1
|-damage|p1a: Annihilape|23/100
|-status|p1a: Annihilape|slp
|move|p2a: Garchomp|Dragon Claw|p1b: Toxapex
|-damage|p1b: Toxapex|61/100
|-damage|p2a: Garchomp|84/100|[from] item: Life Orb
|move|p1b: Toxapex|Toxic|p2a: Garchomp
|-status|p2a: Garchomp|tox
|
|-weather|SunnyDay|[upkeep]
|-heal|p1b: Toxapex|67/100|[from] item: Leftovers
|-damage|p2a: Garchomp|78/100 tox|[from] psn
|upkeep
|turn|5
|
|t:|1785305842
|-heal|p1b: Toxapex|100/100|[from] ability: Regenerator|[silent]
|switch|p1b: Venusaur|Venusaur, L50, F|100/100
|move|p2b: Sneasler|Dire Claw|p1b: Venusaur
|-damage|p1b: Venusaur|48/100
|move|p2a: Garchomp|Rock Slide|p1a: Annihilape|[spread] p1a,p1b
|-resisted|p1a: Annihilape|1
|-damage|p1a: Annihilape|9/100 slp
|-damage|p1b: Venusaur|20/100y
|-damage|p2a: Garchomp|68/100 tox|[from] item: Life Orb
|cant|p1a: Annihilape|slp
|
|-weather|SunnyDay|[upkeep]
|-damage|p2a: Garchomp|56/100 tox|[from] psn
|upkeep
|turn|6
|
|t:|1785305867
|move|p2b: Sneasler|Dire Claw|p1b: Venusaur
|-damage|p1b: Venusaur|0 fnt
|faint|p1b: Venusaur
|move|p2a: Garchomp|Dragon Claw|p1a: Annihilape
|-damage|p1a: Annihilape|0 fnt
|faint|p1a: Annihilape
|-damage|p2a: Garchomp|47/100 tox|[from] item: Life Orb
|
|-weather|SunnyDay|[upkeep]
|-damage|p2a: Garchomp|29/100 tox|[from] psn
|upkeep
|
|t:|1785305877
|switch|p1a: Charizard|Charizard-Mega-Y, L50, M|12/100
|switch|p1b: Toxapex|Toxapex, L50, F|100/100
|turn|7
|
|t:|1785305911
|move|p1a: Charizard|Protect|p1a: Charizard
|-singleturn|p1a: Charizard|Protect
|move|p2b: Sneasler|Dire Claw|p1a: Charizard
|-activate|p1a: Charizard|move: Protect
|move|p2a: Garchomp|Dragon Claw|p1b: Toxapex
|-damage|p1b: Toxapex|61/100
|-damage|p2a: Garchomp|19/100 tox|[from] item: Life Orb
|move|p1b: Toxapex|Infestation|p2b: Sneasler
|-resisted|p2b: Sneasler|2
|-damage|p2b: Sneasler|24/100
|-activate|p2b: Sneasler|move: Infestation|[of] p1b: Toxapex
|
|-weather|none
|-heal|p1b: Toxapex|67/100|[from] item: Leftovers
|-damage|p2a: Garchomp|0 fnt|[from] psn
|faint|p2a: Garchomp
|-damage|p2b: Sneasler|12/100|[from] move: Infestation|[partiallytrapped]
|upkeep
|
|t:|1785305917
|switch|p2a: Metagross|Metagross, L50|100/100
|-damage|p2a: Metagross|94/100|[from] Stealth Rock
|turn|8
|
|t:|1785305935
|detailschange|p2a: Metagross|Metagross-Mega, L50
|-mega|p2a: Metagross|Metagross|Metagrossite
|move|p1a: Charizard|Protect||[still]
|-fail|p1a: Charizard
|move|p2b: Sneasler|Dire Claw|p1a: Charizard
|-damage|p1a: Charizard|0 fnt
|faint|p1a: Charizard
|move|p2a: Metagross|Psychic Fangs|p1b: Toxapex
|-supereffective|p1b: Toxapex|1
|-damage|p1b: Toxapex|0 fnt
|faint|p1b: Toxapex
|
|win|musthaveamusty
