|j|☆Huasometa
|j|☆breloomb01
|html|Huasometabreloomb01    
|uhtml|bestof|Game 3 of a best-of-3
|t:|1783656809
|gametype|doubles
|player|p1|Huasometa|elesa|1201
|player|p2|breloomb01|roughneck|1312
|gen|9
|tier|[Gen 9 Champions] VGC 2026 Reg M-B (Bo3)
|rated|
|rule|Species Clause: Limit one of each Pokémon
|rule|Item Clause: Limit 1 of each item
|clearpoke
|poke|p1|Chandelure, L50, F|
|poke|p1|Kangaskhan, L50, F|
|poke|p1|Sylveon, L50, M|
|poke|p1|Kingambit, L50, M|
|poke|p1|Rotom-Wash, L50|
|poke|p1|Venusaur, L50, M|
|poke|p2|Gengar, L50, M, shiny|
|poke|p2|Swampert, L50, F, shiny|
|poke|p2|Incineroar, L50, M, shiny|
|poke|p2|Politoed, L50, M, shiny|
|poke|p2|Archaludon, L50, M, shiny|
|poke|p2|Vivillon-Polar, L50, F|
|teampreview|4
|showteam|p1|Chandelure||FocusSash|FlashFire|HeatWave,ShadowBall,TrickRoom,Taunt|Quiet||F|||50|]Kangaskhan||Kangaskhanite|InnerFocus|FakeOut,DoubleEdge,SuckerPunch,HammerArm|Brave||F|||50|]Sylveon||FairyFeather|Pixilate|HyperVoice,Protect,HyperBeam,QuickAttack|Quiet||M|||50|]Kingambit||BlackGlasses|Defiant|KowtowCleave,SuckerPunch,IronHead,Protect|Brave||M|||50|]Rotom-Wash||SitrusBerry|Levitate|ThunderWave,VoltSwitch,HydroPump,Protect|Calm|||||50|]Venusaur||Venusaurite|Chlorophyll|EarthPower,SleepPowder,GigaDrain,Protect|Modest||M|||50|
|showteam|p2|Gengar||Gengarite|CursedBody|ShadowBall,PerishSong,SludgeBomb,Protect|Timid||M|||50|]Swampert||Swampertite|Torrent|WaveCrash,Earthquake,IcePunch,Protect|Adamant||F|||50|]Incineroar||PasshoBerry|Intimidate|ThroatChop,PartingShot,FakeOut,Protect|Sassy||M|||50|]Politoed||SitrusBerry|Drizzle|WeatherBall,PerishSong,Encore,Protect|Calm||M|||50|]Archaludon||Leftovers|Stamina|DragonPulse,FlashCannon,ElectroShot,Protect|Bold||M|||50|]Vivillon-Polar||FocusSash|CompoundEyes|Hurricane,SleepPowder,RagePowder,Protect|Timid||F|||50|
|inactive|Battle timer is ON: inactive players will automatically lose when time's up. (requested by breloomb01)
|
|t:|1783656857
|teamsize|p1|4
|teamsize|p2|4
|start
|switch|p1a: Rotom|Rotom-Wash, L50|100/100
|switch|p1b: Sylveon|Sylveon, L50, M|100/100
|switch|p2a: Vivillon|Vivillon-Polar, L50, F|100/100
|switch|p2b: Swampert|Swampert, L50, F, shiny|100/100
|turn|1
|
|t:|1783656863
|detailschange|p2b: Swampert|Swampert-Mega, L50, F, shiny
|-mega|p2b: Swampert|Swampert|Swampertite
|move|p1a: Rotom|Protect|p1a: Rotom
|-singleturn|p1a: Rotom|Protect
|move|p1b: Sylveon|Protect|p1b: Sylveon
|-singleturn|p1b: Sylveon|Protect
|move|p2a: Vivillon|Sleep Powder|p1a: Rotom
|-activate|p1a: Rotom|move: Protect
|move|p2b: Swampert|Wave Crash|p1b: Sylveon
|-activate|p1b: Sylveon|move: Protect
|
|upkeep
|turn|2
|inactive|Huasometa has 30 seconds left.
|
|t:|1783656893
|switch|p2a: Politoed|Politoed, L50, M, shiny|100/100
|-weather|RainDance|[from] ability: Drizzle|[of] p2a: Politoed
|move|p2b: Swampert|Wave Crash|p1b: Sylveon
|-damage|p1b: Sylveon|0 fnt
|faint|p1b: Sylveon
|-damage|p2b: Swampert|64/100|[from] Recoil
|move|p1a: Rotom|Volt Switch|p2a: Politoed
|-supereffective|p2a: Politoed|1
|-damage|p2a: Politoed|63/100
|
|t:|1783656899
|switch|p1a: Venusaur|Venusaur, L50, M|100/100|[from] Volt Switch
|
|-weather|RainDance|[upkeep]
|upkeep
|
|t:|1783656902
|switch|p1b: Rotom|Rotom-Wash, L50|100/100
|turn|3
|
|t:|1783656914
|detailschange|p1a: Venusaur|Venusaur-Mega, L50, M
|-mega|p1a: Venusaur|Venusaur|Venusaurite
|move|p2b: Swampert|Protect|p2b: Swampert
|-singleturn|p2b: Swampert|Protect
|move|p1a: Venusaur|Sleep Powder|p2a: Politoed
|-status|p2a: Politoed|slp|[from] move: Sleep Powder
|move|p1b: Rotom|Hydro Pump|p2b: Swampert
|-activate|p2b: Swampert|move: Protect
|cant|p2a: Politoed|slp
|
|-weather|RainDance|[upkeep]
|upkeep
|turn|4
|
|t:|1783656931
|switch|p2b: Archaludon|Archaludon, L50, M, shiny|100/100
|move|p1a: Venusaur|Giga Drain|p2b: Archaludon
|-resisted|p2b: Archaludon|2
|-damage|p2b: Archaludon|90/100
|-ability|p2b: Archaludon|Stamina|boost
|-boost|p2b: Archaludon|def|1
|move|p1b: Rotom|Thunder Wave|p2b: Archaludon|[miss]
|-miss|p1b: Rotom|p2b: Archaludon
|cant|p2a: Politoed|slp
|
|-weather|RainDance|[upkeep]
|-heal|p2b: Archaludon|96/100|[from] item: Leftovers
|upkeep
|turn|5
|
|t:|1783656945
|switch|p2a: Vivillon|Vivillon-Polar, L50, F|100/100
|move|p2b: Archaludon|Electro Shot||[still]
|-prepare|p2b: Archaludon|Electro Shot
|-boost|p2b: Archaludon|spa|1
|-anim|p2b: Archaludon|Electro Shot|p1b: Rotom
|-crit|p1b: Rotom
|-damage|p1b: Rotom|29/100
|-enditem|p1b: Rotom|Sitrus Berry|[eat]
|-heal|p1b: Rotom|54/100|[from] item: Sitrus Berry
|move|p1a: Venusaur|Giga Drain|p2a: Vivillon
|-resisted|p2a: Vivillon|2
|-damage|p2a: Vivillon|81/100
|move|p1b: Rotom|Thunder Wave|p2b: Archaludon
|-status|p2b: Archaludon|par
|
|-weather|RainDance|[upkeep]
|-heal|p2b: Archaludon|100/100 par|[from] item: Leftovers
|upkeep
|turn|6
|
|t:|1783656968
|move|p2a: Vivillon|Sleep Powder|p1b: Rotom
|-status|p1b: Rotom|slp|[from] move: Sleep Powder
|move|p1a: Venusaur|Earth Power|p2b: Archaludon
|-supereffective|p2b: Archaludon|1
|-damage|p2b: Archaludon|41/100 par
|-ability|p2b: Archaludon|Stamina|boost
|-boost|p2b: Archaludon|def|1
|cant|p1b: Rotom|slp
|move|p2b: Archaludon|Electro Shot||[still]
|-prepare|p2b: Archaludon|Electro Shot
|-boost|p2b: Archaludon|spa|1
|-anim|p2b: Archaludon|Electro Shot|p1b: Rotom
|-damage|p1b: Rotom|0 fnt
|faint|p1b: Rotom
|
|-weather|none
|-heal|p2b: Archaludon|47/100 par|[from] item: Leftovers
|upkeep
|
|t:|1783656978
|switch|p1b: Kingambit|Kingambit, L50, M|100/100
|turn|7
|
|t:|1783656984
|move|p2a: Vivillon|Rage Powder|p2a: Vivillon
|-singleturn|p2a: Vivillon|move: Rage Powder
|move|p1a: Venusaur|Earth Power|p2b: Archaludon
|-supereffective|p2b: Archaludon|1
|-damage|p2b: Archaludon|0 fnt
|faint|p2b: Archaludon
|move|p1b: Kingambit|Kowtow Cleave|p2a: Vivillon
|-damage|p2a: Vivillon|0 fnt
|faint|p2a: Vivillon
|
|upkeep
|
|t:|1783656989
|switch|p2a: Politoed|Politoed, L50, M, shiny|63/100 slp
|switch|p2b: Swampert|Swampert-Mega, L50, F, shiny|64/100
|-weather|RainDance|[from] ability: Drizzle|[of] p2a: Politoed
|turn|8
|
|t:|1783656996
|move|p2b: Swampert|Wave Crash|p1b: Kingambit
|-damage|p1b: Kingambit|21/100
|-damage|p2b: Swampert|35/100|[from] Recoil
|move|p1a: Venusaur|Giga Drain|p2b: Swampert
|-supereffective|p2b: Swampert|2
|-damage|p2b: Swampert|0 fnt
|faint|p2b: Swampert
|-curestatus|p2a: Politoed|slp|[msg]
|move|p2a: Politoed|Perish Song|p2a: Politoed
|-start|p1a: Venusaur|perish3|[silent]
|-start|p1b: Kingambit|perish3|[silent]
|-start|p2a: Politoed|perish3|[silent]
|-fieldactivate|move: Perish Song
|move|p1b: Kingambit|Kowtow Cleave|p2a: Politoed
|-damage|p2a: Politoed|11/100
|-enditem|p2a: Politoed|Sitrus Berry|[eat]
|-heal|p2a: Politoed|36/100|[from] item: Sitrus Berry
|
|-weather|RainDance|[upkeep]
|-start|p1a: Venusaur|perish3
|-start|p2a: Politoed|perish3
|-start|p1b: Kingambit|perish3
|upkeep
|turn|9
|-message|breloomb01 forfeited.
|
|win|Huasometa
|raw|Huasometa's rating: 1201 → 1234(+33 for winning)
|raw|breloomb01's rating: 1312 → 1286(-26 for losing)
|l|☆breloomb01
|player|p2|
