|j|☆wait for swarley
|j|☆DanteRush
|html|wait for swarleyDanteRush    
|uhtml|bestof|Game 3 of a best-of-3
|t:|1784989596
|gametype|doubles
|player|p1|wait for swarley|volo|1190
|player|p2|DanteRush|koga|1074
|gen|9
|tier|[Gen 9 Champions] VGC 2026 Reg M-B (Bo3)
|rated|
|rule|Species Clause: Limit one of each Pokémon
|rule|Item Clause: Limit 1 of each item
|clearpoke
|poke|p1|Grimmsnarl, L50, M|
|poke|p1|Incineroar, L50, F|
|poke|p1|Maushold-Four, L50|
|poke|p1|Annihilape, L50, F|
|poke|p1|Floette-Eternal, L50, F|
|poke|p1|Raichu, L50, M|
|poke|p2|Venusaur, L50, F|
|poke|p2|Pelipper, L50, F|
|poke|p2|Grimmsnarl, L50, M|
|poke|p2|Archaludon, L50, F|
|poke|p2|Basculegion, L50, M|
|poke|p2|Metagross, L50|
|teampreview|4
|showteam|p1|Grimmsnarl||LightClay|Prankster|SpiritBreak,Reflect,LightScreen,PartingShot|Careful||M|||50|]Incineroar||SitrusBerry|Intimidate|FakeOut,FlareBlitz,ThroatChop,PartingShot|Careful||F|||50|]Maushold-Four||FocusSash|FriendGuard|FollowMe,SuperFang,Encore,Protect|Timid|||||50|]Annihilape||Leftovers|Defiant|RageFist,DrainPunch,BulkUp,Protect|Adamant||F|||50|]Floette-Eternal||Floettite|FlowerVeil|Moonblast,DrainingKiss,CalmMind,Protect|Modest||F|||50|]Raichu||RaichuniteY|LightningRod|ZapCannon,GrassKnot,FakeOut,Protect|Modest||M|||50|
|showteam|p2|Venusaur||Venusaurite|Chlorophyll|Protect,EarthPower,SludgeBomb,GigaDrain|Modest||F|||50|]Pelipper||FocusSash|Drizzle|Protect,WeatherBall,Hurricane,Tailwind|Modest||F|||50|]Grimmsnarl||LightClay|Prankster|PartingShot,SpiritBreak,Reflect,LightScreen|Careful||M|||50|]Archaludon||Leftovers|Stamina|Protect,DragonPulse,FlashCannon,ElectroShot|Calm||F|||50|]Basculegion||ChoiceScarf|Adaptability|WaveCrash,FlipTurn,AquaJet,LastRespects|Jolly||M|||50|]Metagross||Metagrossite|ClearBody|Protect,IronHead,PsychicFangs,BodyPress|Jolly|||||50|
|inactive|Battle timer is ON: inactive players will automatically lose when time's up. (requested by wait for swarley)
|inactive|DanteRush has 60 seconds left.
|inactive|DanteRush has 30 seconds left.
|
|t:|1784989660
|teamsize|p1|4
|teamsize|p2|4
|start
|switch|p1a: Grimmsnarl|Grimmsnarl, L50, M|100/100
|switch|p1b: Incineroar|Incineroar, L50, F|100/100
|switch|p2a: Basculegion|Basculegion, L50, M|100/100
|switch|p2b: Metagross|Metagross, L50|100/100
|-ability|p1b: Incineroar|Intimidate|boost
|-unboost|p2a: Basculegion|atk|1
|-fail|p2b: Metagross|unboost|[from] ability: Clear Body|[of] p2b: Metagross
|turn|1
|inactive|DanteRush has 30 seconds left.
|inactive|DanteRush has 20 seconds left.
|inactive|DanteRush has 15 seconds left.
|inactive|DanteRush has 10 seconds left.
|inactive|DanteRush has 5 seconds left.
|
|t:|1784989711
|switch|p2b: Pelipper|Pelipper, L50, F|100/100
|-weather|RainDance|[from] ability: Drizzle|[of] p2b: Pelipper
|switch|p1b: Annihilape|Annihilape, L50, F|100/100
|move|p1a: Grimmsnarl|Reflect|p1a: Grimmsnarl
|-sidestart|p1: wait for swarley|Reflect
|move|p2a: Basculegion|Wave Crash|p1b: Annihilape
|-damage|p1b: Annihilape|51/100
|-damage|p2a: Basculegion|83/100|[from] Recoil
|
|-weather|RainDance|[upkeep]
|-heal|p1b: Annihilape|58/100|[from] item: Leftovers
|upkeep
|turn|2
|inactive|wait for swarley has 30 seconds left.
|inactive|DanteRush has 30 seconds left.
|
|t:|1784989743
|move|p1a: Grimmsnarl|Parting Shot|p2b: Pelipper
|-unboost|p2b: Pelipper|atk|1
|-unboost|p2b: Pelipper|spa|1
|
|t:|1784989748
|switch|p1a: Incineroar|Incineroar, L50, F|100/100|[from] Parting Shot
|-ability|p1a: Incineroar|Intimidate|boost
|-unboost|p2a: Basculegion|atk|1
|-unboost|p2b: Pelipper|atk|1
|move|p2a: Basculegion|Wave Crash|p1a: Incineroar
|-supereffective|p1a: Incineroar|1
|-damage|p1a: Incineroar|29/100
|-enditem|p1a: Incineroar|Sitrus Berry|[eat]
|-heal|p1a: Incineroar|54/100|[from] item: Sitrus Berry
|-damage|p2a: Basculegion|60/100|[from] Recoil
|move|p1b: Annihilape|Rage Fist|p2a: Basculegion
|-supereffective|p2a: Basculegion|1
|-damage|p2a: Basculegion|0 fnt
|faint|p2a: Basculegion
|move|p2b: Pelipper|Weather Ball|p1a: Incineroar
|-supereffective|p1a: Incineroar|1
|-damage|p1a: Incineroar|0 fnt
|faint|p1a: Incineroar
|
|-weather|RainDance|[upkeep]
|-heal|p1b: Annihilape|64/100|[from] item: Leftovers
|upkeep
|inactive|wait for swarley has 30 seconds left.
|inactive|DanteRush has 30 seconds left.
|inactive|wait for swarley has 20 seconds left.
|inactive|DanteRush has 20 seconds left.
|inactive|wait for swarley has 15 seconds left.
|inactive|DanteRush has 15 seconds left.
|
|t:|1784989791
|switch|p2a: Metagross|Metagross, L50|100/100
|switch|p1a: Grimmsnarl|Grimmsnarl, L50, M|100/100
|turn|3
|
|t:|1784989812
|move|p1b: Annihilape|Protect|p1b: Annihilape
|-singleturn|p1b: Annihilape|Protect
|move|p1a: Grimmsnarl|Parting Shot|p2b: Pelipper
|-unboost|p2b: Pelipper|atk|1
|-unboost|p2b: Pelipper|spa|1
|
|t:|1784989818
|switch|p1a: Raichu|Raichu, L50, M|100/100|[from] Parting Shot
|move|p2a: Metagross|Iron Head|p1a: Raichu
|-resisted|p1a: Raichu|1
|-damage|p1a: Raichu|78/100
|move|p2b: Pelipper|Tailwind|p2b: Pelipper
|-sidestart|p2: DanteRush|move: Tailwind
|
|-weather|RainDance|[upkeep]
|-heal|p1b: Annihilape|70/100|[from] item: Leftovers
|upkeep
|turn|4
|
|t:|1784989843
|switch|p1b: Grimmsnarl|Grimmsnarl, L50, M|100/100
|detailschange|p2a: Metagross|Metagross-Mega, L50
|-mega|p2a: Metagross|Metagross|Metagrossite
|detailschange|p1a: Raichu|Raichu-Mega-Y, L50, M
|-mega|p1a: Raichu|Raichu|Raichunite Y
|move|p2a: Metagross|Iron Head|p1b: Grimmsnarl
|-supereffective|p1b: Grimmsnarl|1
|-damage|p1b: Grimmsnarl|32/100
|move|p2b: Pelipper|Hurricane|p1b: Grimmsnarl
|-damage|p1b: Grimmsnarl|8/100
|-start|p1b: Grimmsnarl|confusion
|move|p1a: Raichu|Zap Cannon|p2a: Metagross
|-damage|p2a: Metagross|33/100
|-status|p2a: Metagross|par
|
|-weather|RainDance|[upkeep]
|upkeep
|turn|5
|inactive|wait for swarley has 30 seconds left.
|inactive|DanteRush has 30 seconds left.
|inactive|wait for swarley has 20 seconds left.
|inactive|wait for swarley has 15 seconds left.
|inactive|DanteRush has 20 seconds left.
|inactive|wait for swarley has 10 seconds left.
|
|t:|1784989888
|switch|p2b: Archaludon|Archaludon, L50, F|100/100
|-activate|p1b: Grimmsnarl|confusion
|-damage|p1b: Grimmsnarl|0 fnt|[from] confusion
|faint|p1b: Grimmsnarl
|move|p1a: Raichu|Zap Cannon|p2a: Metagross
|-damage|p2a: Metagross|0 fnt
|faint|p2a: Metagross
|
|-weather|none
|upkeep
|
|t:|1784989900
|switch|p2a: Pelipper|Pelipper, L50, F|100/100
|switch|p1b: Annihilape|Annihilape, L50, F|70/100
|-weather|RainDance|[from] ability: Drizzle|[of] p2a: Pelipper
|turn|6
|inactive|wait for swarley has 30 seconds left.
|inactive|DanteRush has 30 seconds left.
|inactive|wait for swarley has 20 seconds left.
|inactive|wait for swarley has 15 seconds left.
|inactive|wait for swarley has 10 seconds left.
|inactive|wait for swarley has 5 seconds left.
|inactive|DanteRush has 20 seconds left.
|inactive|DanteRush has 15 seconds left.
|
|t:|1784989961
|move|p2b: Archaludon|Electro Shot||[still]
|-prepare|p2b: Archaludon|Electro Shot
|-boost|p2b: Archaludon|spa|1
|-anim|p2b: Archaludon|Electro Shot|p1b: Annihilape
|-damage|p1b: Annihilape|20/100y
|move|p2a: Pelipper|Weather Ball|p1a: Raichu
|-damage|p1a: Raichu|0 fnt
|faint|p1a: Raichu
|move|p1b: Annihilape|Rage Fist|p2a: Pelipper
|-damage|p2a: Pelipper|53/100
|
|-weather|RainDance|[upkeep]
|-heal|p1b: Annihilape|26/100|[from] item: Leftovers
|-sideend|p2: DanteRush|move: Tailwind
|upkeep
|turn|7
|
|t:|1784989979
|move|p1b: Annihilape|Rage Fist|p2a: Pelipper
|-damage|p2a: Pelipper|9/100
|move|p2b: Archaludon|Electro Shot||[still]
|-prepare|p2b: Archaludon|Electro Shot
|-boost|p2b: Archaludon|spa|1
|-anim|p2b: Archaludon|Electro Shot|p1b: Annihilape
|-damage|p1b: Annihilape|0 fnt
|faint|p1b: Annihilape
|
|win|DanteRush
|raw|wait for swarley's rating: 1190 → 1157(-33 for losing)
|raw|DanteRush's rating: 1074 → 1112(+38 for winning)
|l|☆DanteRush
|player|p2|
