|j|☆dawnenen
|j|☆SwShi enjoyer
|html|dawnenenSwShi enjoyer    
|uhtml|bestof|Game 1 of a best-of-3
|t:|1784923380
|gametype|doubles
|player|p1|dawnenen|galacticgruntf|1091
|player|p2|SwShi enjoyer|169|1043
|gen|9
|tier|[Gen 9 Champions] VGC 2026 Reg M-B (Bo3)
|rated|
|rule|Species Clause: Limit one of each Pokémon
|rule|Item Clause: Limit 1 of each item
|clearpoke
|poke|p1|Grimmsnarl, L50, M|
|poke|p1|Venusaur, L50, M|
|poke|p1|Pelipper, L50, M|
|poke|p1|Archaludon, L50, M|
|poke|p1|Charizard, L50, M|
|poke|p1|Basculegion, L50, M|
|poke|p2|Garchomp, L50, M|
|poke|p2|Charizard, L50, M|
|poke|p2|Floette-Eternal, L50, F|
|poke|p2|Whimsicott, L50, F|
|poke|p2|Basculegion, L50, M|
|poke|p2|Kingambit, L50, F|
|teampreview|4
|showteam|p1|Grimmsnarl||LightClay|Prankster|SpiritBreak,Reflect,LightScreen,PartingShot|Careful||M|||50|]Venusaur||FocusSash|Chlorophyll|SludgeBomb,EarthPower,SleepPowder,Protect|Modest||M|||50|]Pelipper||SitrusBerry|Drizzle|WeatherBall,Hurricane,Tailwind,WideGuard|Modest||M|||50|]Archaludon||Leftovers|Stamina|DragonPulse,FlashCannon,ElectroShot,Protect|Modest||M|||50|]Charizard||CharizarditeY|Blaze|HeatWave,SolarBeam,WeatherBall,Protect|Modest||M|||50|]Basculegion||ChoiceScarf|Adaptability|WaveCrash,FlipTurn,LastRespects,AquaJet|Jolly||M|||50|
|showteam|p2|Garchomp||LifeOrb|RoughSkin|DragonClaw,Earthquake,RockSlide,Protect|Jolly||M|||50|]Charizard||CharizarditeY|Blaze|WeatherBall,HeatWave,SolarBeam,Protect|Modest||M|||50|]Floette-Eternal||Floettite|FlowerVeil|Moonblast,LightofRuin,DazzlingGleam,Protect|Timid||F|||50|]Whimsicott||FocusSash|Prankster|Moonblast,Encore,Tailwind,Protect|Timid||F|||50|]Basculegion||MysticWater|Adaptability|WaveCrash,LastRespects,AquaJet,Protect|Adamant||M|||50|]Kingambit||BlackGlasses|Defiant|SuckerPunch,IronHead,KowtowCleave,Protect|Adamant||F|||50|
|inactive|Battle timer is ON: inactive players will automatically lose when time's up. (requested by dawnenen)
|inactive|dawnenen has 60 seconds left.
|inactive|SwShi enjoyer has 60 seconds left.
|inactive|dawnenen has 30 seconds left.
|inactive|SwShi enjoyer has 30 seconds left.
|inactive|dawnenen has 20 seconds left.
|
|t:|1784923452
|teamsize|p1|4
|teamsize|p2|4
|start
|switch|p1a: Venusaur|Venusaur, L50, M|100/100
|switch|p1b: Charizard|Charizard, L50, M|100/100
|switch|p2a: Garchomp|Garchomp, L50, M|100/100
|switch|p2b: Charizard|Charizard, L50, M|100/100
|turn|1
|inactive|dawnenen has 30 seconds left.
|inactive|dawnenen has 20 seconds left.
|inactive|dawnenen has 15 seconds left.
|inactive|dawnenen has 10 seconds left.
|
|t:|1784923499
|detailschange|p2b: Charizard|Charizard-Mega-Y, L50, M
|-mega|p2b: Charizard|Charizard|Charizardite Y
|-weather|SunnyDay|[from] ability: Drought|[of] p2b: Charizard
|detailschange|p1b: Charizard|Charizard-Mega-Y, L50, M
|-mega|p1b: Charizard|Charizard|Charizardite Y
|move|p1a: Venusaur|Sleep Powder|p2a: Garchomp
|-status|p2a: Garchomp|slp|[from] move: Sleep Powder
|cant|p2a: Garchomp|slp
|move|p2b: Charizard|Heat Wave|p1a: Venusaur|[spread] p1a,p1b
|-supereffective|p1a: Venusaur|1
|-resisted|p1b: Charizard|1
|-enditem|p1a: Venusaur|Focus Sash
|-damage|p1a: Venusaur|1/100
|-damage|p1b: Charizard|72/100
|move|p1b: Charizard|Heat Wave|p2a: Garchomp|[spread] p2a
|-miss|p1b: Charizard|p2b: Charizard
|-resisted|p2a: Garchomp|1
|-damage|p2a: Garchomp|64/100 slp
|
|-weather|SunnyDay|[upkeep]
|upkeep
|turn|2
|inactive|dawnenen has 30 seconds left.
|
|t:|1784923532
|switch|p1b: Grimmsnarl|Grimmsnarl, L50, M|100/100
|move|p2b: Charizard|Protect|p2b: Charizard
|-singleturn|p2b: Charizard|Protect
|move|p1a: Venusaur|Sleep Powder|p2b: Charizard
|-activate|p2b: Charizard|move: Protect
|-curestatus|p2a: Garchomp|slp|[msg]
|move|p2a: Garchomp|Rock Slide|p1b: Grimmsnarl|[spread] p1a,p1b
|-damage|p1a: Venusaur|0 fnt
|-damage|p1b: Grimmsnarl|74/100
|faint|p1a: Venusaur
|-damage|p2a: Garchomp|54/100|[from] item: Life Orb
|
|-weather|SunnyDay|[upkeep]
|upkeep
|
|t:|1784923546
|switch|p1a: Charizard|Charizard-Mega-Y, L50, M|72/100
|turn|3
|
|t:|1784923559
|move|p1a: Charizard|Protect|p1a: Charizard
|-singleturn|p1a: Charizard|Protect
|move|p1b: Grimmsnarl|Reflect|p1b: Grimmsnarl
|-sidestart|p1: dawnenen|Reflect
|move|p2a: Garchomp|Rock Slide|p1b: Grimmsnarl|[spread] p1b
|-activate|p1a: Charizard|move: Protect
|-damage|p1b: Grimmsnarl|56/100
|-damage|p2a: Garchomp|44/100|[from] item: Life Orb
|move|p2b: Charizard|Weather Ball|p1a: Charizard
|-activate|p1a: Charizard|move: Protect
|
|-weather|SunnyDay|[upkeep]
|upkeep
|turn|4
|
|t:|1784923577
|move|p1b: Grimmsnarl|Light Screen|p1b: Grimmsnarl
|-sidestart|p1: dawnenen|move: Light Screen
|move|p2a: Garchomp|Rock Slide|p1a: Charizard|[spread] p1a,p1b
|-supereffective|p1a: Charizard|2
|-damage|p1a: Charizard|10/100
|-damage|p1b: Grimmsnarl|38/100
|-damage|p2a: Garchomp|35/100|[from] item: Life Orb
|move|p2b: Charizard|Weather Ball|p1a: Charizard
|-resisted|p1a: Charizard|1
|-damage|p1a: Charizard|0 fnt
|faint|p1a: Charizard
|
|-weather|SunnyDay|[upkeep]
|upkeep
|
|t:|1784923589
|switch|p1a: Basculegion|Basculegion, L50, M|100/100
|turn|5
|
|t:|1784923616
|move|p1b: Grimmsnarl|Parting Shot|p2a: Garchomp
|-unboost|p2a: Garchomp|atk|1
|-unboost|p2a: Garchomp|spa|1
|move|p1a: Basculegion|Wave Crash|p2b: Charizard
|-supereffective|p2b: Charizard|1
|-damage|p2b: Charizard|32/100
|-damage|p1a: Basculegion|78/100|[from] Recoil
|move|p2a: Garchomp|Earthquake|p1a: Basculegion|[spread] p1a,p1b
|-immune|p2b: Charizard
|-damage|p1a: Basculegion|51/100
|-damage|p1b: Grimmsnarl|16/100
|-damage|p2a: Garchomp|25/100|[from] item: Life Orb
|move|p2b: Charizard|Solar Beam||[still]
|-prepare|p2b: Charizard|Solar Beam
|-anim|p2b: Charizard|Solar Beam|p1a: Basculegion
|-supereffective|p1a: Basculegion|1
|-damage|p1a: Basculegion|0 fnt
|faint|p1a: Basculegion
|
|-weather|none
|upkeep
|turn|6
|-message|dawnenen forfeited.
|
|win|SwShi enjoyer
||dawnenen is ready for game 2.
||SwShi enjoyer is ready for game 2.
|uhtml|next|Next: Game 2 of 3
