|j|☆is_katabo
|j|☆Ugoeze
|html|is_kataboUgoeze    
|uhtml|bestof|Game 2 of a best-of-3
|t:|1782328462
|gametype|doubles
|player|p1|is_katabo|youngster-gen4dp|1179
|player|p2|Ugoeze|266|1000
|gen|9
|tier|[Gen 9 Champions] VGC 2026 Reg M-B (Bo3)
|rated|
|rule|Species Clause: Limit one of each Pokémon
|rule|Item Clause: Limit 1 of each item
|clearpoke
|poke|p1|Incineroar, L50, M|
|poke|p1|Delphox, L50, M|
|poke|p1|Garchomp, L50, F|
|poke|p1|Kingambit, L50, M|
|poke|p1|Staraptor, L50, F|
|poke|p1|Sinistcha, L50|
|poke|p2|Raichu, L50, F|
|poke|p2|Swampert, L50, M|
|poke|p2|Pelipper, L50, F|
|poke|p2|Gholdengo, L50|
|poke|p2|Sinistcha-Masterpiece, L50|
|poke|p2|Garchomp, L50, F|
|teampreview|4
|showteam|p1|Incineroar||PasshoBerry|Intimidate|FakeOut,ThroatChop,FlareBlitz,PartingShot|Impish||M|||50|]Delphox||Delphoxite|Blaze|HeatWave,Psyshock,NastyPlot,Protect|Timid||M|||50|]Garchomp||SitrusBerry|RoughSkin|DragonClaw,Earthquake,RockSlide,Protect|Jolly||F|||50|]Kingambit||ChopleBerry|Defiant|KowtowCleave,SuckerPunch,IronHead,Protect|Adamant||M|||50|]Staraptor||Staraptite|Intimidate|CloseCombat,BraveBird,Roost,Protect|Jolly||F|||50|]Sinistcha||OccaBerry|Hospitality|MatchaGotcha,RagePowder,TrickRoom,Protect|Bold|||||50|
|showteam|p2|Raichu||RaichuniteY|LightningRod|ZapCannon,FocusBlast,Surf,FakeOut|Mild||F|||50|]Swampert||Swampertite|Torrent|WaveCrash,Earthquake,BodyPress,Protect|Adamant||M|||50|]Pelipper||LifeOrb|Drizzle|Hurricane,Surf,WideGuard,Tailwind|Modest||F|||50|]Gholdengo||MetalCoat|GoodasGold|MakeItRain,NastyPlot,DazzlingGleam,Protect|Timid|||||50|]Sinistcha-Masterpiece||BigRoot|Hospitality|TrickRoom,MatchaGotcha,RagePowder,ShadowBall|Serious|||||50|]Garchomp||Garchompite|RoughSkin|Earthquake,SwordsDance,ScaleShot,Protect|Jolly||F|||50|
|inactive|Battle timer is ON: inactive players will automatically lose when time's up. (requested by Ugoeze)
|
|t:|1782328493
|teamsize|p1|4
|teamsize|p2|4
|start
|switch|p1a: Staraptor|Staraptor, L50, F|100/100
|switch|p1b: Incineroar|Incineroar, L50, M|100/100
|switch|p2a: Swampert|Swampert, L50, M|100/100
|switch|p2b: Pelipper|Pelipper, L50, F|100/100
|-ability|p1a: Staraptor|Intimidate|boost
|-unboost|p2a: Swampert|atk|1
|-unboost|p2b: Pelipper|atk|1
|-ability|p1b: Incineroar|Intimidate|boost
|-unboost|p2a: Swampert|atk|1
|-unboost|p2b: Pelipper|atk|1
|-weather|RainDance|[from] ability: Drizzle|[of] p2b: Pelipper
|turn|1
|
|t:|1782328515
|switch|p2a: Gholdengo|Gholdengo, L50|100/100
|detailschange|p1a: Staraptor|Staraptor-Mega, L50, F
|-mega|p1a: Staraptor|Staraptor|Staraptite
|move|p1b: Incineroar|Fake Out|p2b: Pelipper
|-damage|p2b: Pelipper|89/100
|move|p1a: Staraptor|Close Combat|p2b: Pelipper
|-resisted|p2b: Pelipper|1
|-crit|p2b: Pelipper
|-damage|p2b: Pelipper|40/100
|-boost|p1a: Staraptor|def|1
|-boost|p1a: Staraptor|spd|1
|cant|p2b: Pelipper|flinch
|
|-weather|RainDance|[upkeep]
|upkeep
|turn|2
|inactive|is_katabo has 30 seconds left.
|
|t:|1782328541
|move|p1a: Staraptor|Brave Bird|p2b: Pelipper
|-damage|p2b: Pelipper|0 fnt
|faint|p2b: Pelipper
|-damage|p1a: Staraptor|87/100|[from] Recoil
|move|p2a: Gholdengo|Make It Rain|p1a: Staraptor|[spread] p1b
|-miss|p2a: Gholdengo|p1a: Staraptor
|-resisted|p1b: Incineroar|1
|-damage|p1b: Incineroar|76/100
|-unboost|p2a: Gholdengo|spa|2
|move|p1b: Incineroar|Throat Chop|p2a: Gholdengo
|-supereffective|p2a: Gholdengo|1
|-damage|p2a: Gholdengo|26/100
|-start|p2a: Gholdengo|Throat Chop|[silent]
|
|-weather|RainDance|[upkeep]
|upkeep
|
|t:|1782328559
|switch|p2b: Swampert|Swampert, L50, M|100/100
|turn|3
|
|t:|1782328568
|switch|p1b: Sinistcha|Sinistcha, L50|100/100
|-heal|p1a: Staraptor|100/100|[from] ability: Hospitality|[of] p1b: Sinistcha
|detailschange|p2b: Swampert|Swampert-Mega, L50, M
|-mega|p2b: Swampert|Swampert|Swampertite
|move|p2b: Swampert|Wave Crash|p1a: Staraptor
|-crit|p1a: Staraptor
|-damage|p1a: Staraptor|0 fnt
|faint|p1a: Staraptor
|-damage|p2b: Swampert|67/100|[from] Recoil
|move|p2a: Gholdengo|Make It Rain|p1b: Sinistcha
|-damage|p1b: Sinistcha|60/100
|-unboost|p2a: Gholdengo|spa|2
|
|-weather|RainDance|[upkeep]
|-end|p2a: Gholdengo|Throat Chop|[silent]
|upkeep
|
|t:|1782328584
|switch|p1a: Incineroar|Incineroar, L50, M|76/100
|-ability|p1a: Incineroar|Intimidate|boost
|-unboost|p2a: Gholdengo|atk|1
|-unboost|p2b: Swampert|atk|1
|turn|4
|
|t:|1782328595
|switch|p2b: Raichu|Raichu, L50, F|100/100
|move|p2a: Gholdengo|Protect|p2a: Gholdengo
|-singleturn|p2a: Gholdengo|Protect
|move|p1a: Incineroar|Throat Chop|p2a: Gholdengo
|-activate|p2a: Gholdengo|move: Protect
|move|p1b: Sinistcha|Matcha Gotcha|p2a: Gholdengo|[spread] 
|-activate|p2a: Gholdengo|move: Protect
|-miss|p1b: Sinistcha|p2b: Raichu
|
|-weather|RainDance|[upkeep]
|upkeep
|turn|5
|
|t:|1782328619
|switch|p1a: Garchomp|Garchomp, L50, F|100/100
|move|p2a: Gholdengo|Protect|p2a: Gholdengo
|-singleturn|p2a: Gholdengo|Protect
|move|p2b: Raichu|Surf|p1b: Sinistcha|[spread] p1a,p1b
|-activate|p2a: Gholdengo|move: Protect
|-resisted|p1b: Sinistcha|1
|-damage|p1a: Garchomp|68/100
|-damage|p1b: Sinistcha|45/100
|move|p1b: Sinistcha|Matcha Gotcha|p2b: Raichu|[spread] p2b
|-activate|p2a: Gholdengo|move: Protect
|-damage|p2b: Raichu|62/100
|-heal|p1b: Sinistcha|60/100|[from] drain|[of] p2b: Raichu
|
|-weather|none
|upkeep
|turn|6
|inactive|Ugoeze has 30 seconds left.
|
|t:|1782328650
|move|p1a: Garchomp|Earthquake|p2b: Raichu|[spread] p1b,p2a,p2b
|-resisted|p1b: Sinistcha|1
|-supereffective|p2a: Gholdengo|1
|-supereffective|p2b: Raichu|1
|-damage|p1b: Sinistcha|44/100
|-damage|p2a: Gholdengo|0 fnt
|-damage|p2b: Raichu|0 fnt
|faint|p2a: Gholdengo
|faint|p2b: Raichu
|move|p1b: Sinistcha|Matcha Gotcha|p2: Gholdengo|[notarget]
|-fail|p1b: Sinistcha
|
|upkeep
|
|t:|1782328660
|switch|p2a: Swampert|Swampert-Mega, L50, M|67/100
|turn|7
|
|t:|1782328667
|move|p1a: Garchomp|Earthquake|p2a: Swampert|[spread] p1b,p2a
|-resisted|p1b: Sinistcha|1
|-damage|p1b: Sinistcha|29/100
|-damage|p2a: Swampert|33/100
|move|p2a: Swampert|Earthquake|p1a: Garchomp|[spread] p1a,p1b
|-resisted|p1b: Sinistcha|1
|-damage|p1a: Garchomp|22/100
|-damage|p1b: Sinistcha|12/100
|-enditem|p1a: Garchomp|Sitrus Berry|[eat]
|-heal|p1a: Garchomp|47/100|[from] item: Sitrus Berry
|move|p1b: Sinistcha|Matcha Gotcha|p2a: Swampert
|-supereffective|p2a: Swampert|2
|-damage|p2a: Swampert|0 fnt
|-heal|p1b: Sinistcha|29/100|[from] drain|[of] p2a: Swampert
|faint|p2a: Swampert
|
|win|is_katabo
|raw|is_katabo's rating: 1179 → 1192(+13 for winning)
|raw|Ugoeze's rating: 1000 → 1000(+0 for losing)
|l|☆Ugoeze
|player|p2|
