|j|☆uzuki0401
|j|☆Sapphire39
|html|uzuki0401Sapphire39    
|uhtml|bestof|Game 3 of a best-of-3
|t:|1782276704
|gametype|doubles
|player|p1|uzuki0401|will|
|player|p2|Sapphire39|rosa|
|gen|9
|tier|[Gen 9 Champions] VGC 2026 Reg M-B (Bo3)
|rule|Species Clause: Limit one of each Pokémon
|rule|Item Clause: Limit 1 of each item
|clearpoke
|poke|p1|Staraptor, L50, M|
|poke|p1|Farigiraf, L50, M|
|poke|p1|Mawile, L50, M|
|poke|p1|Kangaskhan, L50, F|
|poke|p1|Sinistcha-Masterpiece, L50|
|poke|p1|Torkoal, L50, M|
|poke|p2|Sinistcha, L50|
|poke|p2|Incineroar, L50, F|
|poke|p2|Milotic, L50, F|
|poke|p2|Raichu, L50, M|
|poke|p2|Ceruledge, L50, F|
|poke|p2|Mawile, L50, M|
|teampreview|4
|showteam|p1|Staraptor||Staraptite|Intimidate|CloseCombat,DualWingbeat,Roost,Protect|Adamant||M|||50|]Farigiraf||ColburBerry|ArmorTail|TrickRoom,Psychic,HelpingHand,Roar|Quiet||M|||50|]Mawile||Mawilite|HyperCutter|PlayRough,SuckerPunch,RockSlide,Protect|Brave||M|||50|]Kangaskhan||SilkScarf|Scrappy|FakeOut,LastResort|Brave||F|||50|]Sinistcha-Masterpiece||KasibBerry|Hospitality|MatchaGotcha,RagePowder,TrickRoom,StrengthSap|Sassy|||||50|]Torkoal||Charcoal|Drought|Eruption,WeatherBall,HeatWave,Protect|Quiet||M|||50|
|showteam|p2|Sinistcha||KasibBerry|Hospitality|MatchaGotcha,LifeDew,RagePowder,Protect|Relaxed|||||50|]Incineroar||SitrusBerry|Intimidate|FlareBlitz,ThroatChop,FakeOut,PartingShot|Impish||F|||50|]Milotic||Leftovers|Competitive|MuddyWater,Coil,Hypnosis,Protect|Calm||F|||50|]Raichu||RaichuniteY|LightningRod|ZapCannon,FocusBlast,FakeOut,Protect|Timid||M|||50|]Ceruledge||ColburBerry|FlashFire|BitterBlade,ShadowSneak,BulkUp,Protect|Adamant||F|||50|]Mawile||Mawilite|HyperCutter|PlayRough,SuckerPunch,SwordsDance,Protect|Adamant||M|||50|
|
|t:|1782276724
|teamsize|p1|4
|teamsize|p2|4
|start
|switch|p1a: Farigiraf|Farigiraf, L50, M|100/100
|switch|p1b: Kangaskhan|Kangaskhan, L50, F|100/100
|switch|p2a: Incineroar|Incineroar, L50, F|100/100
|switch|p2b: Milotic|Milotic, L50, F|100/100
|-ability|p2a: Incineroar|Intimidate|boost
|-unboost|p1a: Farigiraf|atk|1
|-fail|p1b: Kangaskhan|unboost|Attack|[from] ability: Scrappy|[of] p1b: Kangaskhan
|turn|1
|
|t:|1782276748
|move|p2b: Milotic|Protect|p2b: Milotic
|-singleturn|p2b: Milotic|Protect
|move|p1b: Kangaskhan|Fake Out|p2b: Milotic
|-activate|p2b: Milotic|move: Protect
|move|p2a: Incineroar|Parting Shot|p1b: Kangaskhan
|-unboost|p1b: Kangaskhan|atk|1
|-unboost|p1b: Kangaskhan|spa|1
|
|t:|1782276760
|switch|p2a: Mawile|Mawile, L50, M|100/100|[from] Parting Shot
|move|p1a: Farigiraf|Psychic|p2b: Milotic
|-activate|p2b: Milotic|move: Protect
|
|upkeep
|turn|2
|
|t:|1782276776
|switch|p1b: Staraptor|Staraptor, L50, M|100/100
|-ability|p1b: Staraptor|Intimidate|boost
|-fail|p2a: Mawile|unboost|Attack|[from] ability: Hyper Cutter|[of] p2a: Mawile
|-unboost|p2b: Milotic|atk|1
|-ability|p2b: Milotic|Competitive|boost
|-boost|p2b: Milotic|spa|2
|detailschange|p2a: Mawile|Mawile-Mega, L50, M
|-mega|p2a: Mawile|Mawile|Mawilite
|move|p2b: Milotic|Muddy Water|p1b: Staraptor|[spread] p1b
|-miss|p2b: Milotic|p1a: Farigiraf
|-damage|p1b: Staraptor|48/100
|-unboost|p1b: Staraptor|accuracy|1
|move|p2a: Mawile|Play Rough|p1a: Farigiraf
|-damage|p1a: Farigiraf|34/100
|move|p1a: Farigiraf|Roar|p2b: Milotic
|drag|p2b: Sinistcha|Sinistcha, L50|100/100
|
|upkeep
|turn|3
|
|t:|1782276804
|switch|p2b: Incineroar|Incineroar, L50, F|100/100
|-ability|p2b: Incineroar|Intimidate|boost
|-unboost|p1a: Farigiraf|atk|1
|-unboost|p1b: Staraptor|atk|1
|switch|p1a: Sinistcha|Sinistcha-Masterpiece, L50|100/100
|-heal|p1b: Staraptor|73/100|[from] ability: Hospitality|[of] p1a: Sinistcha
|detailschange|p1b: Staraptor|Staraptor-Mega, L50, M
|-mega|p1b: Staraptor|Staraptor|Staraptite
|move|p1b: Staraptor|Protect|p1b: Staraptor
|-singleturn|p1b: Staraptor|Protect
|move|p2a: Mawile|Play Rough|p1b: Staraptor
|-activate|p1b: Staraptor|move: Protect
|
|upkeep
|turn|4
|
|t:|1782276831
|switch|p1b: Farigiraf|Farigiraf, L50, M|34/100
|move|p2b: Incineroar|Flare Blitz|p1a: Sinistcha
|-supereffective|p1a: Sinistcha|1
|-damage|p1a: Sinistcha|12/100
|-status|p1a: Sinistcha|brn
|-damage|p2b: Incineroar|74/100|[from] Recoil
|move|p1a: Sinistcha|Matcha Gotcha|p2b: Incineroar|[spread] p2a,p2b
|-resisted|p2a: Mawile|1
|-resisted|p2b: Incineroar|1
|-damage|p2a: Mawile|86/100
|-heal|p1a: Sinistcha|18/100 brn|[from] drain|[of] p2a: Mawile
|-damage|p2b: Incineroar|63/100
|-heal|p1a: Sinistcha|24/100 brn|[from] drain|[of] p2b: Incineroar
|-status|p2a: Mawile|brn
|move|p2a: Mawile|Play Rough|p1b: Farigiraf
|-damage|p1b: Farigiraf|2/100
|
|-damage|p1a: Sinistcha|18/100 brn|[from] brn
|-damage|p2a: Mawile|80/100 brn|[from] brn
|upkeep
|turn|5
|
|t:|1782276860
|switch|p1b: Staraptor|Staraptor-Mega, L50, M|73/100
|move|p2b: Incineroar|Flare Blitz|p1a: Sinistcha
|-supereffective|p1a: Sinistcha|1
|-damage|p1a: Sinistcha|0 fnt
|faint|p1a: Sinistcha
|-damage|p2b: Incineroar|58/100|[from] Recoil
|move|p2a: Mawile|Play Rough|p1b: Staraptor
|-supereffective|p1b: Staraptor|1
|-damage|p1b: Staraptor|4/100
|
|-damage|p2a: Mawile|75/100 brn|[from] brn
|upkeep
|
|t:|1782276876
|switch|p1a: Kangaskhan|Kangaskhan, L50, F|100/100
|turn|6
|
|t:|1782276884
|move|p1a: Kangaskhan|Fake Out|p2a: Mawile
|-resisted|p2a: Mawile|1
|-damage|p2a: Mawile|64/100 brn
|move|p1b: Staraptor|Roost|p1b: Staraptor
|-heal|p1b: Staraptor|54/100
|-singleturn|p1b: Staraptor|move: Roost
|move|p2b: Incineroar|Parting Shot|p1a: Kangaskhan
|-unboost|p1a: Kangaskhan|atk|1
|-unboost|p1a: Kangaskhan|spa|1
|
|t:|1782276894
|switch|p2b: Sinistcha|Sinistcha, L50|100/100|[from] Parting Shot
|-heal|p2a: Mawile|89/100 brn|[from] ability: Hospitality|[of] p2b: Sinistcha
|cant|p2a: Mawile|flinch
|
|-damage|p2a: Mawile|84/100 brn|[from] brn
|upkeep
|turn|7
|
|t:|1782276907
|switch|p1a: Farigiraf|Farigiraf, L50, M|2/100
|move|p1b: Staraptor|Roost|p1b: Staraptor
|-heal|p1b: Staraptor|100/100
|-singleturn|p1b: Staraptor|move: Roost
|move|p2b: Sinistcha|Life Dew||[still]|[spread] p2a,p2b
|-heal|p2a: Mawile|100/100 brn
|-fail|p2b: Sinistcha|heal
|move|p2a: Mawile|Swords Dance|p2a: Mawile
|-boost|p2a: Mawile|atk|2
|
|-damage|p2a: Mawile|94/100 brn|[from] brn
|upkeep
|turn|8
|
|t:|1782276930
|move|p1b: Staraptor|Protect|p1b: Staraptor
|-singleturn|p1b: Staraptor|Protect
|move|p2b: Sinistcha|Matcha Gotcha|p1a: Farigiraf|[spread] p1a
|-activate|p1b: Staraptor|move: Protect
|-damage|p1a: Farigiraf|0 fnt
|faint|p1a: Farigiraf
|move|p2a: Mawile|Play Rough|p1b: Staraptor
|-activate|p1b: Staraptor|move: Protect
|
|-damage|p2a: Mawile|88/100 brn|[from] brn
|upkeep
|
|t:|1782276942
|switch|p1a: Kangaskhan|Kangaskhan, L50, F|100/100
|turn|9
|
|t:|1782276957
|move|p2b: Sinistcha|Protect|p2b: Sinistcha
|-singleturn|p2b: Sinistcha|Protect
|move|p2a: Mawile|Protect|p2a: Mawile
|-singleturn|p2a: Mawile|Protect
|move|p1a: Kangaskhan|Fake Out|p2b: Sinistcha
|-activate|p2b: Sinistcha|move: Protect
|move|p1b: Staraptor|Dual Wingbeat|p2b: Sinistcha
|-activate|p2b: Sinistcha|move: Protect
|
|-damage|p2a: Mawile|82/100 brn|[from] brn
|upkeep
|turn|10
|
|t:|1782276987
|move|p1b: Staraptor|Protect|p1b: Staraptor
|-singleturn|p1b: Staraptor|Protect
|move|p1a: Kangaskhan|Last Resort|p2b: Sinistcha
|-damage|p2b: Sinistcha|30/100
|move|p2b: Sinistcha|Matcha Gotcha|p1b: Staraptor|[spread] p1a
|-activate|p1b: Staraptor|move: Protect
|-damage|p1a: Kangaskhan|73/100
|-heal|p2b: Sinistcha|47/100|[from] drain|[of] p1a: Kangaskhan
|move|p2a: Mawile|Play Rough|p1a: Kangaskhan
|-crit|p1a: Kangaskhan
|-damage|p1a: Kangaskhan|0 fnt
|faint|p1a: Kangaskhan
|
|-damage|p2a: Mawile|77/100 brn|[from] brn
|upkeep
|turn|11
|
|t:|1782277007
|move|p2b: Sinistcha|Rage Powder|p2b: Sinistcha
|-singleturn|p2b: Sinistcha|move: Rage Powder
|move|p1b: Staraptor|Dual Wingbeat|p2b: Sinistcha
|-supereffective|p2b: Sinistcha|1
|-damage|p2b: Sinistcha|10/100
|-supereffective|p2b: Sinistcha|1
|-damage|p2b: Sinistcha|0 fnt
|faint|p2b: Sinistcha
|-hitcount|p2: Sinistcha|2
|move|p2a: Mawile|Play Rough|p1b: Staraptor
|-supereffective|p1b: Staraptor|1
|-damage|p1b: Staraptor|0 fnt
|faint|p1b: Staraptor
|
|win|Sapphire39
|l|☆uzuki0401
|player|p1|
