|j|☆Fell Blue
|j|☆maksimilian123
|html|Fell Bluemaksimilian123    
|uhtml|bestof|Game 1 of a best-of-3
|t:|1783637406
|gametype|doubles
|player|p1|Fell Blue|fantina|1141
|player|p2|maksimilian123|266|1100
|gen|9
|tier|[Gen 9 Champions] VGC 2026 Reg M-B (Bo3)
|rated|
|rule|Species Clause: Limit one of each Pokémon
|rule|Item Clause: Limit 1 of each item
|clearpoke
|poke|p1|Mawile, L50, F|
|poke|p1|Farigiraf, L50, F|
|poke|p1|Vivillon, L50, F|
|poke|p1|Incineroar, L50, F|
|poke|p1|Clawitzer, L50, F|
|poke|p1|Drampa, L50, M|
|poke|p2|Gardevoir, L50, F|
|poke|p2|Talonflame, L50, F|
|poke|p2|Torkoal, L50, M|
|poke|p2|Vileplume, L50, M|
|poke|p2|Rotom-Wash, L50|
|poke|p2|Garchomp, L50, M|
|teampreview|4
|showteam|p1|Mawile||Mawilite|HyperCutter|PlayRough,RockSlide,BrickBreak,SuckerPunch|Brave||F|||50|]Farigiraf||SitrusBerry|ArmorTail|Psychic,TrickRoom,Protect,Thunderbolt|Relaxed||F|||50|]Vivillon||FocusSash|CompoundEyes|RagePowder,Hurricane,SleepPowder,Protect|Timid||F|||50|]Incineroar||PasshoBerry|Intimidate|PartingShot,FakeOut,FlareBlitz,ThroatChop|Adamant||F|||50|]Clawitzer||LifeOrb|MegaLauncher|DarkPulse,WaterPulse,AuraSphere,Protect|Quiet||F|||50|]Drampa||Drampanite|CloudNine|Protect,EarthPower,Thunderbolt,EnergyBall|Quiet||M|||50|
|showteam|p2|Gardevoir||Gardevoirite|Synchronize|HyperVoice,Psychic,EnergyBall,CalmMind|Timid||F|||50|]Talonflame||FocusSash|GaleWings|Tailwind,Protect,FlareBlitz,BraveBird|Adamant||F|||50|]Torkoal||Charcoal|Drought|Eruption,Yawn,Protect,SolarBeam|Modest||M|||50|]Vileplume||SitrusBerry|Chlorophyll|SolarBeam,SleepPowder,AfterYou,PollenPuff|Timid||M|||50|]Rotom-Wash||ChoiceScarf|Levitate|Electroweb,Trick,VoltSwitch,HydroPump|Timid|||||50|]Garchomp||LifeOrb|RoughSkin|RockSlide,Earthquake,DragonClaw,Protect|Jolly||M|||50|
|inactive|Battle timer is ON: inactive players will automatically lose when time's up. (requested by maksimilian123)
|
|t:|1783637460
|teamsize|p1|4
|teamsize|p2|4
|start
|switch|p1a: Farigiraf|Farigiraf, L50, F|100/100
|switch|p1b: Incineroar|Incineroar, L50, F|100/100
|switch|p2a: Torkoal|Torkoal, L50, M|100/100
|switch|p2b: Vileplume|Vileplume, L50, M|100/100
|-ability|p1b: Incineroar|Intimidate|boost
|-unboost|p2a: Torkoal|atk|1
|-unboost|p2b: Vileplume|atk|1
|-weather|SunnyDay|[from] ability: Drought|[of] p2a: Torkoal
|turn|1
|
|t:|1783637478
|move|p2a: Torkoal|Protect|p2a: Torkoal
|-singleturn|p2a: Torkoal|Protect
|move|p1b: Incineroar|Fake Out|p2b: Vileplume
|-damage|p2b: Vileplume|87/100
|cant|p2b: Vileplume|flinch
|move|p1a: Farigiraf|Trick Room|p1a: Farigiraf
|-fieldstart|move: Trick Room|[of] p1a: Farigiraf
|
|-weather|SunnyDay|[upkeep]
|upkeep
|turn|2
|
|t:|1783637489
|switch|p2b: Garchomp|Garchomp, L50, M|100/100
|move|p2a: Torkoal|Eruption|p1a: Farigiraf|[spread] p1a,p1b
|-resisted|p1b: Incineroar|1
|-damage|p1a: Farigiraf|20/100y
|-damage|p1b: Incineroar|61/100
|-enditem|p1a: Farigiraf|Sitrus Berry|[eat]
|-heal|p1a: Farigiraf|45/100|[from] item: Sitrus Berry
|move|p1a: Farigiraf|Psychic|p2b: Garchomp
|-damage|p2b: Garchomp|62/100
|move|p1b: Incineroar|Parting Shot|p2a: Torkoal
|-unboost|p2a: Torkoal|atk|1
|-unboost|p2a: Torkoal|spa|1
|
|t:|1783637503
|switch|p1b: Drampa|Drampa, L50, M|100/100|[from] Parting Shot
|-ability|p1b: Drampa|Cloud Nine
|
|-weather|SunnyDay|[upkeep]
|upkeep
|turn|3
|
|t:|1783637509
|move|p1b: Drampa|Protect|p1b: Drampa
|-singleturn|p1b: Drampa|Protect
|move|p2a: Torkoal|Eruption|p1b: Drampa|[spread] p1a
|-activate|p1b: Drampa|move: Protect
|-damage|p1a: Farigiraf|10/100
|move|p1a: Farigiraf|Psychic|p2b: Garchomp
|-damage|p2b: Garchomp|24/100
|-unboost|p2b: Garchomp|spd|1
|move|p2b: Garchomp|Dragon Claw|p1b: Drampa
|-activate|p1b: Drampa|move: Protect
|
|-weather|SunnyDay|[upkeep]
|upkeep
|turn|4
|inactive|Fell Blue has 30 seconds left.
|inactive|Fell Blue has 20 seconds left.
|inactive|Fell Blue has 15 seconds left.
|
|t:|1783637552
|switch|p2b: Gardevoir|Gardevoir, L50, F|100/100
|move|p1a: Farigiraf|Protect|p1a: Farigiraf
|-singleturn|p1a: Farigiraf|Protect
|move|p2a: Torkoal|Eruption|p1a: Farigiraf|[spread] p1b
|-activate|p1a: Farigiraf|move: Protect
|-resisted|p1b: Drampa|1
|-damage|p1b: Drampa|83/100
|move|p1b: Drampa|Earth Power|p2b: Gardevoir
|-damage|p2b: Gardevoir|66/100
|
|-weather|SunnyDay|[upkeep]
|upkeep
|turn|5
|inactive|Fell Blue has 30 seconds left.
|
|t:|1783637581
|switch|p1a: Incineroar|Incineroar, L50, F|61/100
|-ability|p1a: Incineroar|Intimidate|boost
|-unboost|p2a: Torkoal|atk|1
|-unboost|p2b: Gardevoir|atk|1
|detailschange|p2b: Gardevoir|Gardevoir-Mega, L50, F
|-mega|p2b: Gardevoir|Gardevoir|Gardevoirite
|move|p1b: Drampa|Protect|p1b: Drampa
|-singleturn|p1b: Drampa|Protect
|move|p2a: Torkoal|Eruption|p1a: Incineroar|[spread] p1a
|-activate|p1b: Drampa|move: Protect
|-resisted|p1a: Incineroar|1
|-damage|p1a: Incineroar|43/100
|move|p2b: Gardevoir|Hyper Voice|p1a: Incineroar|[spread] p1a
|-activate|p1b: Drampa|move: Protect
|-damage|p1a: Incineroar|0 fnt
|faint|p1a: Incineroar
|
|-weather|none
|-fieldend|move: Trick Room
|upkeep
|
|t:|1783637585
|switch|p1a: Farigiraf|Farigiraf, L50, F|10/100
|turn|6
|inactive|Fell Blue has 30 seconds left.
|
|t:|1783637615
|detailschange|p1b: Drampa|Drampa-Mega, L50, M
|-mega|p1b: Drampa|Drampa|Drampanite
|move|p2b: Gardevoir|Hyper Voice|p1a: Farigiraf|[spread] p1a,p1b
|-supereffective|p1b: Drampa|1
|-damage|p1a: Farigiraf|0 fnt
|-damage|p1b: Drampa|12/100
|faint|p1a: Farigiraf
|-ability|p1b: Drampa|Berserk|boost
|-boost|p1b: Drampa|spa|1
|move|p1b: Drampa|Earth Power|p2b: Gardevoir
|-damage|p2b: Gardevoir|13/100
|move|p2a: Torkoal|Yawn|p1b: Drampa
|-start|p1b: Drampa|move: Yawn|[of] p2a: Torkoal
|
|upkeep
|
|t:|1783637625
|switch|p1a: Clawitzer|Clawitzer, L50, F|100/100
|turn|7
|
|t:|1783637634
|switch|p2a: Vileplume|Vileplume, L50, M|87/100
|move|p2b: Gardevoir|Hyper Voice|p1b: Drampa|[spread] p1a,p1b
|-supereffective|p1b: Drampa|1
|-damage|p1a: Clawitzer|45/100
|-damage|p1b: Drampa|0 fnt
|faint|p1b: Drampa
|move|p1a: Clawitzer|Dark Pulse|p2b: Gardevoir
|-damage|p2b: Gardevoir|0 fnt
|faint|p2b: Gardevoir
|-damage|p1a: Clawitzer|35/100|[from] item: Life Orb
|
|upkeep
|
|t:|1783637639
|switch|p2b: Torkoal|Torkoal, L50, M|100/100
|-weather|SunnyDay|[from] ability: Drought|[of] p2b: Torkoal
|turn|8
|-message|Fell Blue forfeited.
|
|win|maksimilian123
||Fell Blue is ready for game 2.
||maksimilian123 is ready for game 2.
|uhtml|next|Next: Game 2 of 3
