|j|☆TransGirlChomp1
|j|☆wat2199
|html|TransGirlChomp1wat2199    
|uhtml|bestof|Game 1 of a best-of-3
|t:|1784341886
|gametype|doubles
|player|p1|TransGirlChomp1|skierf|1286
|player|p2|wat2199|nurse|1155
|gen|9
|tier|[Gen 9 Champions] VGC 2026 Reg M-B (Bo3)
|rated|
|rule|Species Clause: Limit one of each Pokémon
|rule|Item Clause: Limit 1 of each item
|clearpoke
|poke|p1|Garchomp, L50, F|
|poke|p1|Tyranitar, L50, M|
|poke|p1|Gholdengo, L50|
|poke|p1|Venusaur, L50, M|
|poke|p1|Incineroar, L50, F|
|poke|p1|Milotic, L50, F|
|poke|p2|Metagross, L50, shiny|
|poke|p2|Floette-Eternal, L50, F|
|poke|p2|Sneasler, L50, M|
|poke|p2|Sinistcha, L50|
|poke|p2|Incineroar, L50, M|
|poke|p2|Pelipper, L50, F|
|teampreview|4
|showteam|p1|Garchomp||Garchompite|SandVeil|EarthPower,DragonPulse,PowerGem,Protect|Modest||F|||50|]Tyranitar||ChoiceScarf|SandStream|RockSlide,KnockOff,LowKick,IcyWind|Adamant||M|||50|]Gholdengo||LifeOrb|GoodasGold|MakeItRain,ShadowBall,NastyPlot,Protect|Modest|||||50|]Venusaur||Venusaurite|Chlorophyll|GigaDrain,SludgeBomb,LeechSeed,Protect|Modest||M|||50|]Incineroar||PasshoBerry|Intimidate|FakeOut,FlareBlitz,ThroatChop,PartingShot|Careful||F|||50|]Milotic||Leftovers|Competitive|Scald,IcyWind,Haze,Protect|Modest||F|||50|
|showteam|p2|Metagross||Metagrossite|ClearBody|PsychicFangs,StompingTantrum,BulletPunch,Protect|Adamant|||||50|]Floette-Eternal||Floettite|FlowerVeil|Moonblast,DazzlingGleam,CalmMind,Protect|Modest||F|||50|]Sneasler||WhiteHerb|Unburden|CloseCombat,RockTomb,Coaching,FakeOut|Jolly||M|||50|]Sinistcha||FocusSash|Hospitality|ShadowBall,GigaDrain,RagePowder,Protect|Modest|||||50|]Incineroar||SitrusBerry|Intimidate|DarkestLariat,FakeOut,PartingShot,Roar|Adamant||M|||50|]Pelipper||LifeOrb|Drizzle|WeatherBall,Hurricane,Tailwind,Protect|Bold||F|||50|
|inactive|Battle timer is ON: inactive players will automatically lose when time's up. (requested by wat2199)
|inactive|TransGirlChomp1 also wants the timer to be on.
|inactive|TransGirlChomp1 has 60 seconds left.
|inactive|wat2199 has 60 seconds left.
|c|☆wat2199|special mega chomp?
|c|☆wat2199|.dt garchompm
|c|☆wat2199|!dt garchompm
|c|☆wat2199|/raw (OU)  Garchomp-Mega  Sand ForceHP108 Atk170 Def115 SpA120 SpD95 Spe92 BST700 
|c|☆wat2199|/raw Dex#: 445 |  Gen: 6 |  Height: 1.9 m |  Weight: 95 kg (80 BP) |  Dex Colour: Blue |  Egg Group(s): Monster, Dragon |  Does Not Evolve

|inactive|TransGirlChomp1 has 30 seconds left.
|inactive|wat2199 has 30 seconds left.
|inactive|TransGirlChomp1 has 20 seconds left.
|inactive|wat2199 has 20 seconds left.
|inactive|TransGirlChomp1 has 15 seconds left.
|inactive|wat2199 has 15 seconds left.
|inactive|TransGirlChomp1 has 10 seconds left.
|inactive|wat2199 has 10 seconds left.
|inactive|wat2199 has 5 seconds left.
|
|t:|1784341972
|teamsize|p1|4
|teamsize|p2|4
|start
|switch|p1a: Venusaur|Venusaur, L50, M|100/100
|switch|p1b: Incineroar|Incineroar, L50, F|100/100
|switch|p2a: Ana|Sinistcha, L50|100/100
|switch|p2b: Suzzy|Metagross, L50, shiny|100/100
|-ability|p1b: Incineroar|Intimidate|boost
|-unboost|p2a: Ana|atk|1
|-fail|p2b: Suzzy|unboost|[from] ability: Clear Body|[of] p2b: Suzzy
|turn|1
|inactive|TransGirlChomp1 has 30 seconds left.
|
|t:|1784342004
|detailschange|p1a: Venusaur|Venusaur-Mega, L50, M
|-mega|p1a: Venusaur|Venusaur|Venusaurite
|move|p2b: Suzzy|Protect|p2b: Suzzy
|-singleturn|p2b: Suzzy|Protect
|move|p2a: Ana|Protect|p2a: Ana
|-singleturn|p2a: Ana|Protect
|move|p1b: Incineroar|Fake Out|p2b: Suzzy
|-activate|p2b: Suzzy|move: Protect
|move|p1a: Venusaur|Sludge Bomb|p2a: Ana
|-activate|p2a: Ana|move: Protect
|
|upkeep
|turn|2
|inactive|wat2199 has 30 seconds left.
|
|t:|1784342038
|switch|p1a: Tyranitar|Tyranitar, L50, M|100/100
|-weather|Sandstorm|[from] ability: Sand Stream|[of] p1a: Tyranitar
|switch|p2a: Alien|Incineroar, L50, M|100/100
|-ability|p2a: Alien|Intimidate|boost
|-unboost|p1a: Tyranitar|atk|1
|-unboost|p1b: Incineroar|atk|1
|detailschange|p2b: Suzzy|Metagross-Mega, L50, shiny
|-mega|p2b: Suzzy|Metagross|Metagrossite
|move|p2b: Suzzy|Psychic Fangs|p1a: Tyranitar
|-immune|p1a: Tyranitar
|move|p1b: Incineroar|Flare Blitz|p2b: Suzzy
|-supereffective|p2b: Suzzy|1
|-damage|p2b: Suzzy|56/100
|-damage|p1b: Incineroar|88/100|[from] Recoil
|
|-weather|Sandstorm|[upkeep]
|-damage|p1b: Incineroar|82/100|[from] Sandstorm
|-damage|p2a: Alien|94/100|[from] Sandstorm
|upkeep
|turn|3
|inactive|TransGirlChomp1 has 30 seconds left.
|
|t:|1784342067
|switch|p1b: Venusaur|Venusaur-Mega, L50, M|100/100
|move|p2a: Alien|Fake Out|p1a: Tyranitar
|-resisted|p1a: Tyranitar|1
|-damage|p1a: Tyranitar|93/100
|cant|p1a: Tyranitar|flinch
|move|p2b: Suzzy|Stomping Tantrum|p1a: Tyranitar
|-supereffective|p1a: Tyranitar|1
|-damage|p1a: Tyranitar|0 fnt
|faint|p1a: Tyranitar
|
|-weather|Sandstorm|[upkeep]
|-damage|p1b: Venusaur|94/100|[from] Sandstorm
|-damage|p2a: Alien|88/100|[from] Sandstorm
|upkeep
|
|t:|1784342079
|switch|p1a: Incineroar|Incineroar, L50, F|82/100
|-ability|p1a: Incineroar|Intimidate|boost
|-unboost|p2a: Alien|atk|1
|-unboost|p2b: Suzzy|atk|1
|turn|4
|
|t:|1784342087
|switch|p2a: Ana|Sinistcha, L50|100/100
|-heal|p2b: Suzzy|81/100|[from] ability: Hospitality|[of] p2a: Ana
|move|p2b: Suzzy|Protect|p2b: Suzzy
|-singleturn|p2b: Suzzy|Protect
|move|p1b: Venusaur|Sludge Bomb|p2a: Ana
|-damage|p2a: Ana|44/100
|move|p1a: Incineroar|Flare Blitz|p2b: Suzzy
|-activate|p2b: Suzzy|move: Protect
|
|-weather|Sandstorm|[upkeep]
|-damage|p1b: Venusaur|88/100|[from] Sandstorm
|-damage|p2a: Ana|38/100|[from] Sandstorm
|-damage|p1a: Incineroar|76/100|[from] Sandstorm
|upkeep
|turn|5
|
|t:|1784342106
|switch|p2a: Alien|Incineroar, L50, M|88/100
|-ability|p2a: Alien|Intimidate|boost
|-unboost|p1a: Incineroar|atk|1
|-unboost|p1b: Venusaur|atk|1
|move|p2b: Suzzy|Psychic Fangs|p1b: Venusaur
|-supereffective|p1b: Venusaur|1
|-damage|p1b: Venusaur|17/100
|move|p1b: Venusaur|Sludge Bomb|p2a: Alien
|-damage|p2a: Alien|47/100
|-enditem|p2a: Alien|Sitrus Berry|[eat]
|-heal|p2a: Alien|71/100|[from] item: Sitrus Berry
|move|p1a: Incineroar|Parting Shot|p2b: Suzzy
|-unboost|p2b: Suzzy|atk|1
|-unboost|p2b: Suzzy|spa|1
|
|t:|1784342109
|switch|p1a: Gholdengo|Gholdengo, L50|100/100|[from] Parting Shot
|
|-weather|Sandstorm|[upkeep]
|-damage|p1b: Venusaur|11/100|[from] Sandstorm
|-damage|p2a: Alien|65/100|[from] Sandstorm
|upkeep
|turn|6
|
|t:|1784342134
|switch|p1b: Incineroar|Incineroar, L50, F|76/100
|-ability|p1b: Incineroar|Intimidate|boost
|-unboost|p2a: Alien|atk|1
|-unboost|p2b: Suzzy|atk|1
|move|p2b: Suzzy|Stomping Tantrum|p1a: Gholdengo
|-supereffective|p1a: Gholdengo|1
|-damage|p1a: Gholdengo|70/100
|move|p1a: Gholdengo|Nasty Plot|p1a: Gholdengo
|-boost|p1a: Gholdengo|spa|2
|move|p2a: Alien|Darkest Lariat|p1a: Gholdengo
|-supereffective|p1a: Gholdengo|1
|-damage|p1a: Gholdengo|14/100
|
|-weather|none
|upkeep
|turn|7
|inactive|wat2199 has 30 seconds left.
|
|t:|1784342168
|switch|p2b: Ana|Sinistcha, L50|38/100
|-heal|p2a: Alien|90/100|[from] ability: Hospitality|[of] p2b: Ana
|move|p1b: Incineroar|Fake Out|p2b: Ana
|-immune|p2b: Ana
|move|p1a: Gholdengo|Shadow Ball|p2a: Alien
|-resisted|p2a: Alien|1
|-damage|p2a: Alien|37/100
|-damage|p1a: Gholdengo|4/100|[from] item: Life Orb
|move|p2a: Alien|Roar|p1a: Gholdengo
|-immune|p1a: Gholdengo|[from] ability: Good as Gold
|
|upkeep
|turn|8
|
|t:|1784342185
|switch|p1b: Venusaur|Venusaur-Mega, L50, M|11/100
|move|p2b: Ana|Rage Powder|p2b: Ana
|-singleturn|p2b: Ana|move: Rage Powder
|move|p1a: Gholdengo|Make It Rain|p2b: Ana|[spread] p2a,p2b
|-resisted|p2a: Alien|1
|-damage|p2a: Alien|0 fnt
|-damage|p2b: Ana|0 fnt
|-unboost|p1a: Gholdengo|spa|2
|faint|p2a: Alien
|faint|p2b: Ana
|-damage|p1a: Gholdengo|0 fnt|[from] item: Life Orb
|faint|p1a: Gholdengo
|
|upkeep
|
|t:|1784342197
|switch|p1a: Incineroar|Incineroar, L50, F|76/100
|switch|p2b: Rey|Sneasler, L50, M|100/100
|switch|p2a: Suzzy|Metagross-Mega, L50, shiny|81/100
|-ability|p1a: Incineroar|Intimidate|boost
|-unboost|p2a: Suzzy|atk|1
|-unboost|p2b: Rey|atk|1
|-enditem|p2b: Rey|White Herb
|-clearnegativeboost|p2b: Rey|[silent]
|turn|9
|-message|TransGirlChomp1 forfeited.
|
|win|wat2199
||TransGirlChomp1 is ready for game 2.
||wat2199 is ready for game 2.
|uhtml|next|Next: Game 2 of 3
|l|☆wat2199
|player|p2|
