|j|☆kodehue
|j|☆BigIronChungus
|html|kodehueBigIronChungus    
|uhtml|bestof|Game 2 of a best-of-3
|t:|1784964726
|gametype|doubles
|player|p1|kodehue|170|1086
|player|p2|BigIronChungus|arezu|1110
|gen|9
|tier|[Gen 9 Champions] VGC 2026 Reg M-B (Bo3)
|rated|
|rule|Species Clause: Limit one of each Pokémon
|rule|Item Clause: Limit 1 of each item
|clearpoke
|poke|p1|Vivillon, L50, F|
|poke|p1|Malamar, L50, M|
|poke|p1|Lopunny, L50, F|
|poke|p1|Aerodactyl, L50, F|
|poke|p1|Feraligatr, L50, M|
|poke|p1|Blaziken, L50, F|
|poke|p2|Milotic, L50, M|
|poke|p2|Staraptor, L50, F|
|poke|p2|Tyranitar, L50, M|
|poke|p2|Gholdengo, L50|
|poke|p2|Excadrill, L50, M|
|poke|p2|Sinistcha, L50|
|teampreview|4
|showteam|p1|Vivillon||FocusSash|CompoundEyes|SleepPowder,Hurricane,Whirlwind,Protect|Timid||F|||50|]Malamar||Malamarite|Contrary|Superpower,ThroatChop,PsychoCut,Protect|Adamant||M|||50|]Lopunny||Lopunnite|CuteCharm|FakeOut,ThunderPunch,HighJumpKick,IcePunch|Jolly||F|||50|]Aerodactyl||MentalHerb|Unnerve|Tailwind,Taunt,Earthquake,RockSlide|Jolly||F|||50|]Feraligatr||LifeOrb|SheerForce|Liquidation,IcePunch,RockSlide,Crunch|Adamant||M|||50|]Blaziken||Blazikenite|SpeedBoost|CloseCombat,RockSlide,FlareBlitz,Detect|Adamant||F|||50|
|showteam|p2|Milotic||Leftovers|Competitive|Protect,IceBeam,Scald,IcyWind|Modest||M|||50|]Staraptor||Staraptite|Intimidate|Protect,BraveBird,CloseCombat,Tailwind|Jolly||F|||50|]Tyranitar||Tyranitarite|SandStream|Protect,KnockOff,RockSlide,LowKick|Adamant||M|||50|]Gholdengo||LifeOrb|GoodasGold|Protect,ShadowBall,NastyPlot,MakeItRain|Modest|||||50|]Excadrill||FocusSash|SandRush|Protect,IronHead,RockSlide,HighHorsepower|Adamant||M|||50|]Sinistcha||SitrusBerry|Hospitality|Protect,TrickRoom,RagePowder,MatchaGotcha|Bold|||||50|
|inactive|Battle timer is ON: inactive players will automatically lose when time's up. (requested by kodehue)
|
|t:|1784964765
|teamsize|p1|4
|teamsize|p2|4
|start
|switch|p1a: Vivillon|Vivillon, L50, F|100/100
|switch|p1b: Lopunny|Lopunny, L50, F|100/100
|switch|p2a: Staraptor|Staraptor, L50, F|100/100
|switch|p2b: Excadrill|Excadrill, L50, M|100/100
|-ability|p2a: Staraptor|Intimidate|boost
|-unboost|p1a: Vivillon|atk|1
|-unboost|p1b: Lopunny|atk|1
|turn|1
|inactive|kodehue has 30 seconds left.
|inactive|BigIronChungus has 30 seconds left.
|
|t:|1784964800
|detailschange|p1b: Lopunny|Lopunny-Mega, L50, F
|-mega|p1b: Lopunny|Lopunny|Lopunnite
|detailschange|p2a: Staraptor|Staraptor-Mega, L50, F
|-mega|p2a: Staraptor|Staraptor|Staraptite
|move|p2b: Excadrill|Protect|p2b: Excadrill
|-singleturn|p2b: Excadrill|Protect
|move|p1b: Lopunny|Fake Out|p2a: Staraptor
|-damage|p2a: Staraptor|82/100
|cant|p2a: Staraptor|flinch
|move|p1a: Vivillon|Sleep Powder|p2b: Excadrill
|-activate|p2b: Excadrill|move: Protect
|
|upkeep
|turn|2
|inactive|kodehue has 30 seconds left.
|inactive|BigIronChungus has 30 seconds left.
|inactive|kodehue has 20 seconds left.
|inactive|kodehue has 15 seconds left.
|inactive|kodehue has 10 seconds left.
|
|t:|1784964851
|switch|p2b: Milotic|Milotic, L50, M|100/100
|move|p1a: Vivillon|Protect|p1a: Vivillon
|-singleturn|p1a: Vivillon|Protect
|move|p1b: Lopunny|Thunder Punch|p2a: Staraptor
|-supereffective|p2a: Staraptor|1
|-damage|p2a: Staraptor|40/100
|move|p2a: Staraptor|Close Combat|p1b: Lopunny
|-supereffective|p1b: Lopunny|1
|-damage|p1b: Lopunny|0 fnt
|-boost|p2a: Staraptor|def|1
|-boost|p2a: Staraptor|spd|1
|faint|p1b: Lopunny
|
|upkeep
|
|t:|1784964865
|switch|p1b: Feraligatr|Feraligatr, L50, M|100/100
|turn|3
|
|t:|1784964887
|move|p2a: Staraptor|Tailwind|p2a: Staraptor
|-sidestart|p2: BigIronChungus|move: Tailwind
|move|p2b: Milotic|Icy Wind|p1b: Feraligatr|[spread] p1a,p1b
|-supereffective|p1a: Vivillon|1
|-resisted|p1b: Feraligatr|1
|-damage|p1a: Vivillon|54/100
|-damage|p1b: Feraligatr|93/100
|-unboost|p1a: Vivillon|spe|1
|-unboost|p1b: Feraligatr|spe|1
|move|p1a: Vivillon|Sleep Powder|p2b: Milotic
|-status|p2b: Milotic|slp|[from] move: Sleep Powder
|move|p1b: Feraligatr|Ice Punch|p2a: Staraptor
|-supereffective|p2a: Staraptor|1
|-damage|p2a: Staraptor|0 fnt
|faint|p2a: Staraptor
|
|upkeep
|
|t:|1784964903
|switch|p2a: Gholdengo|Gholdengo, L50|100/100
|turn|4
|inactive|kodehue has 30 seconds left.
|inactive|kodehue has 20 seconds left.
|
|t:|1784964943
|switch|p1a: Blaziken|Blaziken, L50, F|100/100
|move|p2a: Gholdengo|Protect|p2a: Gholdengo
|-singleturn|p2a: Gholdengo|Protect
|cant|p2b: Milotic|slp
|move|p1b: Feraligatr|Liquidation|p2a: Gholdengo
|-activate|p2a: Gholdengo|move: Protect
|
|upkeep
|turn|5
|
|t:|1784964962
|move|p2a: Gholdengo|Shadow Ball|p1a: Blaziken
|-damage|p1a: Blaziken|24/100
|-damage|p2a: Gholdengo|90/100|[from] item: Life Orb
|cant|p2b: Milotic|slp
|move|p1a: Blaziken|Flare Blitz|p2a: Gholdengo
|-supereffective|p2a: Gholdengo|1
|-damage|p2a: Gholdengo|0 fnt
|faint|p2a: Gholdengo
|-damage|p1a: Blaziken|0 fnt|[from] Recoil
|faint|p1a: Blaziken
|move|p1b: Feraligatr|Liquidation|p2b: Milotic
|-resisted|p2b: Milotic|1
|-damage|p2b: Milotic|67/100 slp
|
|-heal|p2b: Milotic|73/100 slp|[from] item: Leftovers
|upkeep
|
|t:|1784964976
|switch|p2a: Excadrill|Excadrill, L50, M|100/100
|switch|p1a: Vivillon|Vivillon, L50, F|54/100
|turn|6
|inactive|kodehue has 30 seconds left.
|inactive|BigIronChungus has 30 seconds left.
|
|t:|1784965007
|move|p1a: Vivillon|Protect|p1a: Vivillon
|-singleturn|p1a: Vivillon|Protect
|move|p2a: Excadrill|Rock Slide|p1b: Feraligatr|[spread] p1b
|-activate|p1a: Vivillon|move: Protect
|-damage|p1b: Feraligatr|71/100
|-curestatus|p2b: Milotic|slp|[msg]
|move|p2b: Milotic|Icy Wind|p1b: Feraligatr|[spread] p1b
|-activate|p1a: Vivillon|move: Protect
|-resisted|p1b: Feraligatr|1
|-damage|p1b: Feraligatr|65/100
|-unboost|p1b: Feraligatr|spe|1
|move|p1b: Feraligatr|Liquidation|p2a: Excadrill
|-supereffective|p2a: Excadrill|1
|-enditem|p2a: Excadrill|Focus Sash
|-damage|p2a: Excadrill|1/100
|
|-heal|p2b: Milotic|79/100|[from] item: Leftovers
|-sideend|p2: BigIronChungus|move: Tailwind
|upkeep
|turn|7
|inactive|kodehue has 30 seconds left.
|inactive|kodehue has 20 seconds left.
|
|t:|1784965047
|move|p2a: Excadrill|Protect|p2a: Excadrill
|-singleturn|p2a: Excadrill|Protect
|move|p1a: Vivillon|Sleep Powder|p2b: Milotic
|-status|p2b: Milotic|slp|[from] move: Sleep Powder
|cant|p2b: Milotic|slp
|move|p1b: Feraligatr|Liquidation|p2a: Excadrill
|-activate|p2a: Excadrill|move: Protect
|
|-heal|p2b: Milotic|85/100 slp|[from] item: Leftovers
|upkeep
|turn|8
|inactive|kodehue has 30 seconds left.
|inactive|kodehue has 20 seconds left.
|inactive|kodehue has 15 seconds left.
|
|t:|1784965088
|move|p2a: Excadrill|Protect||[still]
|-fail|p2a: Excadrill
|move|p1a: Vivillon|Sleep Powder|p2a: Excadrill
|-status|p2a: Excadrill|slp|[from] move: Sleep Powder
|-curestatus|p2b: Milotic|slp|[msg]
|move|p2b: Milotic|Icy Wind|p1b: Feraligatr|[spread] p1a,p1b
|-supereffective|p1a: Vivillon|1
|-resisted|p1b: Feraligatr|1
|-damage|p1a: Vivillon|12/100
|-damage|p1b: Feraligatr|58/100
|-unboost|p1a: Vivillon|spe|1
|-unboost|p1b: Feraligatr|spe|1
|move|p1b: Feraligatr|Rock Slide|p2a: Excadrill|[spread] p2a,p2b
|-resisted|p2a: Excadrill|2
|-damage|p2a: Excadrill|0 fnt
|-damage|p2b: Milotic|59/100
|faint|p2a: Excadrill
|
|-heal|p2b: Milotic|65/100|[from] item: Leftovers
|upkeep
|turn|9
|inactive|kodehue has 30 seconds left.
|inactive|kodehue has 20 seconds left.
|inactive|kodehue has 15 seconds left.
|
|t:|1784965128
|move|p1a: Vivillon|Protect|p1a: Vivillon
|-singleturn|p1a: Vivillon|Protect
|move|p2b: Milotic|Icy Wind|p1a: Vivillon|[spread] 
|-activate|p1a: Vivillon|move: Protect
|-miss|p2b: Milotic|p1b: Feraligatr
|move|p1b: Feraligatr|Rock Slide|p2b: Milotic
|-damage|p2b: Milotic|26/100
|
|-heal|p2b: Milotic|32/100|[from] item: Leftovers
|upkeep
|turn|10
|inactive|kodehue has 30 seconds left.
|
|t:|1784965160
|move|p2b: Milotic|Protect|p2b: Milotic
|-singleturn|p2b: Milotic|Protect
|move|p1a: Vivillon|Hurricane|p2b: Milotic
|-activate|p2b: Milotic|move: Protect
|move|p1b: Feraligatr|Rock Slide|p2b: Milotic
|-activate|p2b: Milotic|move: Protect
|
|-heal|p2b: Milotic|38/100|[from] item: Leftovers
|upkeep
|turn|11
|
|t:|1784965172
|move|p1a: Vivillon|Protect|p1a: Vivillon
|-singleturn|p1a: Vivillon|Protect
|move|p2b: Milotic|Icy Wind|p1b: Feraligatr|[spread] p1b
|-activate|p1a: Vivillon|move: Protect
|-resisted|p1b: Feraligatr|1
|-damage|p1b: Feraligatr|52/100
|-unboost|p1b: Feraligatr|spe|1
|move|p1b: Feraligatr|Rock Slide|p2b: Milotic
|-crit|p2b: Milotic
|-damage|p2b: Milotic|0 fnt
|faint|p2b: Milotic
|
|win|kodehue
||BigIronChungus is ready for game 3.
|inactive|kodehue has 30 seconds to confirm battle start!
||kodehue is ready for game 3.
|uhtml|next|Next: Game 3 of 3
