|j|☆Zaxxxxxx
|j|☆TeyVgc
|html|ZaxxxxxxTeyVgc    
|uhtml|bestof|Game 1 of a best-of-3
|t:|1783179515
|gametype|doubles
|player|p1|Zaxxxxxx|benga|1271
|player|p2|TeyVgc|rood|1236
|gen|9
|tier|[Gen 9 Champions] VGC 2026 Reg M-B (Bo3)
|rated|
|rule|Species Clause: Limit one of each Pokémon
|rule|Item Clause: Limit 1 of each item
|clearpoke
|poke|p1|Sylveon, L50, M, shiny|
|poke|p1|Aerodactyl, L50, F, shiny|
|poke|p1|Incineroar, L50, M, shiny|
|poke|p1|Charizard, L50, F, shiny|
|poke|p1|Metagross, L50, shiny|
|poke|p1|Garchomp, L50, M, shiny|
|poke|p2|Excadrill, L50, F|
|poke|p2|Tyranitar, L50, F|
|poke|p2|Staraptor, L50, F|
|poke|p2|Sinistcha, L50|
|poke|p2|Milotic, L50, F|
|poke|p2|Gholdengo, L50|
|teampreview|4
|showteam|p1|Sylveon||FairyFeather|Pixilate|Protect,HyperBeam,HyperVoice,QuickAttack|Modest||M|||50|]Aerodactyl||FocusSash|RockHead|Protect,Tailwind,RockSlide,AerialAce|Jolly||F|||50|]Incineroar||SitrusBerry|Intimidate|FakeOut,DarkestLariat,FlareBlitz,PartingShot|Careful||M|||50|]Charizard||CharizarditeY|Blaze|Protect,SolarBeam,HeatWave,WeatherBall|Modest||F|||50|]Metagross||Metagrossite|ClearBody|Protect,BulletPunch,PsychicFangs,BodyPress|Adamant|||||50|]Garchomp||LifeOrb|RoughSkin|DragonClaw,Protect,Earthquake,RockSlide|Jolly||M|||50|
|showteam|p2|Excadrill||FocusSash|SandRush|Earthquake,IronHead,RockSlide,Protect|Adamant||F|||50|]Tyranitar||Tyranitarite|SandStream|RockSlide,KnockOff,DragonDance,Protect|Adamant||F|||50|]Staraptor||Staraptite|Intimidate|BraveBird,CloseCombat,Tailwind,Protect|Jolly||F|||50|]Sinistcha||SitrusBerry|Hospitality|MatchaGotcha,RagePowder,LifeDew,TrickRoom|Calm|||||50|]Milotic||Leftovers|Competitive|Scald,IceBeam,Recover,Protect|Modest||F|||50|]Gholdengo||LifeOrb|GoodasGold|MakeItRain,ShadowBall,NastyPlot,Protect|Modest|||||50|
|
|t:|1783179554
|teamsize|p1|4
|teamsize|p2|4
|start
|switch|p1a: Aerodactyl|Aerodactyl, L50, F, shiny|100/100
|switch|p1b: Sylveon|Sylveon, L50, M, shiny|100/100
|switch|p2a: Tyranitar|Tyranitar, L50, F|100/100
|switch|p2b: Milotic|Milotic, L50, F|100/100
|-weather|Sandstorm|[from] ability: Sand Stream|[of] p2a: Tyranitar
|turn|1
|
|t:|1783179571
|detailschange|p2a: Tyranitar|Tyranitar-Mega, L50, F
|-mega|p2a: Tyranitar|Tyranitar|Tyranitarite
|move|p1a: Aerodactyl|Tailwind|p1a: Aerodactyl
|-sidestart|p1: Zaxxxxxx|move: Tailwind
|move|p1b: Sylveon|Hyper Voice|p2a: Tyranitar|[spread] p2a,p2b
|-supereffective|p2a: Tyranitar|1
|-damage|p2a: Tyranitar|48/100
|-damage|p2b: Milotic|65/100
|move|p2a: Tyranitar|Rock Slide|p1a: Aerodactyl|[spread] p1a,p1b
|-supereffective|p1a: Aerodactyl|1
|-enditem|p1a: Aerodactyl|Focus Sash
|-damage|p1a: Aerodactyl|1/100
|-damage|p1b: Sylveon|54/100
|move|p2b: Milotic|Scald|p1b: Sylveon
|-damage|p1b: Sylveon|29/100
|-status|p1b: Sylveon|brn
|
|-weather|Sandstorm|[upkeep]
|-damage|p1b: Sylveon|23/100 brn|[from] Sandstorm
|-damage|p2b: Milotic|59/100|[from] Sandstorm
|-heal|p2b: Milotic|65/100|[from] item: Leftovers
|-damage|p1b: Sylveon|17/100 brn|[from] brn
|upkeep
|turn|2
|
|t:|1783179590
|switch|p2a: Sinistcha|Sinistcha, L50|100/100
|-heal|p2b: Milotic|90/100|[from] ability: Hospitality|[of] p2a: Sinistcha
|move|p1a: Aerodactyl|Rock Slide|p2a: Sinistcha|[spread] p2a,p2b
|-damage|p2a: Sinistcha|74/100
|-damage|p2b: Milotic|64/100
|move|p1b: Sylveon|Hyper Voice|p2b: Milotic|[spread] p2a,p2b
|-crit|p2b: Milotic
|-damage|p2a: Sinistcha|35/100
|-damage|p2b: Milotic|17/100
|-enditem|p2a: Sinistcha|Sitrus Berry|[eat]
|-heal|p2a: Sinistcha|60/100|[from] item: Sitrus Berry
|move|p2b: Milotic|Ice Beam|p1a: Aerodactyl
|-supereffective|p1a: Aerodactyl|1
|-damage|p1a: Aerodactyl|0 fnt
|faint|p1a: Aerodactyl
|
|-weather|Sandstorm|[upkeep]
|-damage|p1b: Sylveon|11/100 brn|[from] Sandstorm
|-damage|p2b: Milotic|11/100|[from] Sandstorm
|-damage|p2a: Sinistcha|54/100|[from] Sandstorm
|-heal|p2b: Milotic|17/100|[from] item: Leftovers
|-damage|p1b: Sylveon|5/100 brn|[from] brn
|upkeep
|
|t:|1783179613
|switch|p1a: Metagross|Metagross, L50, shiny|100/100
|turn|3
|
|t:|1783179657
|detailschange|p1a: Metagross|Metagross-Mega, L50, shiny
|-mega|p1a: Metagross|Metagross|Metagrossite
|move|p2b: Milotic|Protect|p2b: Milotic
|-singleturn|p2b: Milotic|Protect
|move|p1a: Metagross|Psychic Fangs|p2a: Sinistcha
|-damage|p2a: Sinistcha|0 fnt
|faint|p2a: Sinistcha
|move|p1b: Sylveon|Hyper Voice|p2b: Milotic
|-activate|p2b: Milotic|move: Protect
|
|-weather|Sandstorm|[upkeep]
|-damage|p1b: Sylveon|0 fnt|[from] Sandstorm
|-damage|p2b: Milotic|11/100|[from] Sandstorm
|faint|p1b: Sylveon
|-heal|p2b: Milotic|17/100|[from] item: Leftovers
|upkeep
|
|t:|1783179692
|switch|p2a: Excadrill|Excadrill, L50, F|100/100
|switch|p1b: Garchomp|Garchomp, L50, M, shiny|100/100
|turn|4
|
|t:|1783179705
|move|p1a: Metagross|Protect|p1a: Metagross
|-singleturn|p1a: Metagross|Protect
|move|p2b: Milotic|Protect||[still]
|-fail|p2b: Milotic
|move|p1b: Garchomp|Earthquake|p2a: Excadrill|[spread] p2a,p2b
|-activate|p1a: Metagross|move: Protect
|-supereffective|p2a: Excadrill|1
|-enditem|p2a: Excadrill|Focus Sash
|-damage|p2a: Excadrill|1/100
|-damage|p2b: Milotic|0 fnt
|faint|p2b: Milotic
|-damage|p1b: Garchomp|90/100|[from] item: Life Orb
|move|p2a: Excadrill|Earthquake|p1b: Garchomp|[spread] p1b
|-activate|p1a: Metagross|move: Protect
|-damage|p1b: Garchomp|50/100g
|
|-weather|Sandstorm|[upkeep]
|-sideend|p1: Zaxxxxxx|move: Tailwind
|upkeep
|
|t:|1783179714
|switch|p2b: Tyranitar|Tyranitar-Mega, L50, F|48/100
|turn|5
|-message|TeyVgc forfeited.
|
|win|Zaxxxxxx
