|j|☆Hoanglatao
|j|☆Thinking Charizard
|html|HoanglataoThinking Charizard    
|uhtml|bestof|Game 2 of a best-of-3
|t:|1784250146
|gametype|doubles
|player|p1|Hoanglatao|101|1192
|player|p2|Thinking Charizard|colress|1065
|gen|9
|tier|[Gen 9 Champions] VGC 2026 Reg M-B (Bo3)
|rated|
|rule|Species Clause: Limit one of each Pokémon
|rule|Item Clause: Limit 1 of each item
|clearpoke
|poke|p1|Metagross, L50, shiny|
|poke|p1|Floette-Eternal, L50, F|
|poke|p1|Talonflame, L50, F|
|poke|p1|Hydreigon, L50, F|
|poke|p1|Ceruledge, L50, M|
|poke|p1|Ninetales-Alola, L50, F|
|poke|p2|Mawile, L50, F|
|poke|p2|Pelipper, L50, F|
|poke|p2|Farigiraf, L50, M|
|poke|p2|Sinistcha, L50|
|poke|p2|Basculegion, L50, M|
|poke|p2|Hydreigon, L50, M|
|teampreview|4
|showteam|p1|Metagross||Metagrossite|ClearBody|IronHead,BodyPress,PsychicFangs,Protect|Adamant|||||50|]Floette-Eternal||Floettite|FlowerVeil|Moonblast,DazzlingGleam,LightofRuin,Protect|Modest||F|||50|]Talonflame||SharpBeak|GaleWings|Tailwind,DualWingbeat,FlareBlitz,Protect|Jolly||F|||50|]Hydreigon||LifeOrb|Levitate|DracoMeteor,DarkPulse,Protect,EarthPower|Timid||F|||50|]Ceruledge||ColburBerry|FlashFire|BitterBlade,BulkUp,ShadowSneak,CloseCombat|Serious||M|||50|]Ninetales-Alola||NeverMeltIce|SnowWarning|Blizzard,Moonblast,Encore,Protect|Timid||F|||50|
|showteam|p2|Mawile||Mawilite|Intimidate|PlayRough,RockSlide,SuckerPunch,Protect|Adamant||F|||50|]Pelipper||FocusSash|Drizzle|Tailwind,WideGuard,WeatherBall,Hurricane|Modest||F|||50|]Farigiraf||SitrusBerry|ArmorTail|TrickRoom,Thunderbolt,TwinBeam,Protect|Calm||M|||50|]Sinistcha||KasibBerry|Hospitality|RagePowder,MatchaGotcha,TrickRoom,LifeDew|Calm|||||50|]Basculegion||LifeOrb|Adaptability|LastRespects,AquaJet,Liquidation,Protect|Adamant||M|||50|]Hydreigon||ChoiceScarf|Levitate|DracoMeteor,DarkPulse,EarthPower,Snarl|Modest||M|||50|
|inactive|Battle timer is ON: inactive players will automatically lose when time's up. (requested by Hoanglatao)
|inactive|Thinking Charizard has 60 seconds left.
|
|t:|1784250228
|teamsize|p1|4
|teamsize|p2|4
|start
|switch|p1a: Hydreigon|Hydreigon, L50, F|100/100
|switch|p1b: Ninetales|Ninetales-Alola, L50, F|100/100
|switch|p2a: Mawile|Mawile, L50, F|100/100
|switch|p2b: Pelipper|Pelipper, L50, F|100/100
|-weather|Snowscape|[from] ability: Snow Warning|[of] p1b: Ninetales
|-weather|RainDance|[from] ability: Drizzle|[of] p2b: Pelipper
|-ability|p2a: Mawile|Intimidate|boost
|-unboost|p1a: Hydreigon|atk|1
|-unboost|p1b: Ninetales|atk|1
|turn|1
|inactive|Hoanglatao has 30 seconds left.
|
|t:|1784250254
|detailschange|p2a: Mawile|Mawile-Mega, L50, F
|-mega|p2a: Mawile|Mawile|Mawilite
|move|p1b: Ninetales|Protect|p1b: Ninetales
|-singleturn|p1b: Ninetales|Protect
|move|p1a: Hydreigon|Earth Power|p2a: Mawile
|-supereffective|p2a: Mawile|1
|-damage|p2a: Mawile|5/100
|-damage|p1a: Hydreigon|90/100|[from] item: Life Orb
|move|p2b: Pelipper|Weather Ball|p1b: Ninetales
|-activate|p1b: Ninetales|move: Protect
|move|p2a: Mawile|Play Rough|p1a: Hydreigon
|-supereffective|p1a: Hydreigon|2
|-damage|p1a: Hydreigon|0 fnt
|faint|p1a: Hydreigon
|
|-weather|RainDance|[upkeep]
|upkeep
|
|t:|1784250268
|switch|p1a: Floette|Floette-Eternal, L50, F|100/100
|turn|2
|
|t:|1784250285
|switch|p1b: Ceruledge|Ceruledge, L50, M|100/100
|switch|p2b: Sinistcha|Sinistcha, L50|100/100
|-heal|p2a: Mawile|30/100|[from] ability: Hospitality|[of] p2b: Sinistcha
|detailschange|p1a: Floette|Floette-Mega, L50, F
|-mega|p1a: Floette|Floette|Floettite
|-ability|p1a: Floette|Fairy Aura
|move|p2a: Mawile|Protect|p2a: Mawile
|-singleturn|p2a: Mawile|Protect
|move|p1a: Floette|Moonblast|p2a: Mawile
|-activate|p2a: Mawile|move: Protect
|
|-weather|RainDance|[upkeep]
|upkeep
|turn|3
|inactive|Thinking Charizard has 30 seconds left.
|
|t:|1784250312
|switch|p2a: Pelipper|Pelipper, L50, F|100/100
|move|p1a: Floette|Dazzling Gleam|p2b: Sinistcha|[spread] p2a,p2b
|-damage|p2a: Pelipper|28/100
|-damage|p2b: Sinistcha|54/100
|move|p1b: Ceruledge|Bulk Up|p1b: Ceruledge
|-boost|p1b: Ceruledge|atk|1
|-boost|p1b: Ceruledge|def|1
|move|p2b: Sinistcha|Trick Room|p2b: Sinistcha
|-fieldstart|move: Trick Room|[of] p2b: Sinistcha
|
|-weather|RainDance|[upkeep]
|upkeep
|turn|4
|inactive|Thinking Charizard has 30 seconds left.
|inactive|Thinking Charizard has 20 seconds left.
|
|t:|1784250348
|switch|p2a: Hydreigon|Hydreigon, L50, M|100/100
|switch|p1a: Ninetales|Ninetales-Alola, L50, F|100/100
|-weather|Snowscape|[from] ability: Snow Warning|[of] p1a: Ninetales
|move|p2b: Sinistcha|Matcha Gotcha|p1a: Ninetales|[spread] p1a,p1b
|-resisted|p1b: Ceruledge|1
|-damage|p1a: Ninetales|71/100
|-heal|p2b: Sinistcha|66/100|[from] drain|[of] p1a: Ninetales
|-damage|p1b: Ceruledge|90/100
|-heal|p2b: Sinistcha|70/100|[from] drain|[of] p1b: Ceruledge
|move|p1b: Ceruledge|Bitter Blade|p2b: Sinistcha
|-supereffective|p2b: Sinistcha|1
|-damage|p2b: Sinistcha|0 fnt
|-heal|p1b: Ceruledge|100/100|[from] drain|[of] p2b: Sinistcha
|faint|p2b: Sinistcha
|
|-weather|Snowscape|[upkeep]
|upkeep
|
|t:|1784250363
|switch|p2b: Pelipper|Pelipper, L50, F|28/100
|-weather|RainDance|[from] ability: Drizzle|[of] p2b: Pelipper
|turn|5
|inactive|Hoanglatao has 30 seconds left.
|inactive|Thinking Charizard has 30 seconds left.
|
|t:|1784250394
|move|p2b: Pelipper|Weather Ball|p1b: Ceruledge
|-supereffective|p1b: Ceruledge|1
|-damage|p1b: Ceruledge|0 fnt
|faint|p1b: Ceruledge
|move|p1a: Ninetales|Moonblast|p2b: Pelipper
|-damage|p2b: Pelipper|0 fnt
|faint|p2b: Pelipper
|move|p2a: Hydreigon|Earth Power|p1a: Ninetales
|-damage|p1a: Ninetales|30/100
|
|-weather|RainDance|[upkeep]
|upkeep
|
|t:|1784250400
|switch|p2b: Mawile|Mawile-Mega, L50, F|30/100
|switch|p1b: Floette|Floette-Mega, L50, F|100/100
|-ability|p1b: Floette|Fairy Aura
|turn|6
|
|t:|1784250414
|move|p2b: Mawile|Play Rough|p1b: Floette
|-damage|p1b: Floette|0 fnt
|faint|p1b: Floette
|move|p1a: Ninetales|Moonblast|p2a: Hydreigon
|-supereffective|p2a: Hydreigon|2
|-damage|p2a: Hydreigon|0 fnt
|faint|p2a: Hydreigon
|
|-weather|RainDance|[upkeep]
|upkeep
|turn|7
|
|t:|1784250425
|move|p1a: Ninetales|Protect|p1a: Ninetales
|-singleturn|p1a: Ninetales|Protect
|move|p2b: Mawile|Rock Slide|p1a: Ninetales
|-activate|p1a: Ninetales|move: Protect
|
|-weather|RainDance|[upkeep]
|-fieldend|move: Trick Room
|upkeep
|turn|8
|
|t:|1784250435
|move|p1a: Ninetales|Moonblast|p2b: Mawile
|-resisted|p2b: Mawile|1
|-damage|p2b: Mawile|9/100
|move|p2b: Mawile|Rock Slide|p1a: Ninetales
|-supereffective|p1a: Ninetales|1
|-damage|p1a: Ninetales|0 fnt
|faint|p1a: Ninetales
|
|win|Thinking Charizard
|c|☆Thinking Charizard|gg
||Hoanglatao is ready for game 3.
|inactive|Thinking Charizard has 30 seconds to confirm battle start!
||Thinking Charizard is ready for game 3.
|uhtml|next|Next: Game 3 of 3
|l|☆Hoanglatao
|player|p1|
