|j|☆Fit of rage
|j|☆snailboss
|html|Fit of ragesnailboss    
|uhtml|bestof|Game 2 of a best-of-3
|t:|1756669872
|gametype|doubles
|player|p1|Fit of rage|blackbelt-gen4dp|1152
|player|p2|snailboss|102|1205
|gen|9
|tier|[Gen 9] VGC 2025 Reg H (Bo3)
|rated|
|rule|Species Clause: Limit one of each Pokémon
|rule|Item Clause: Limit 1 of each item
|clearpoke
|poke|p1|Jumpluff, L50, M|
|poke|p1|Charizard, L50, F|
|poke|p1|Torkoal, L50, F|
|poke|p1|Ursaluna, L50, M|
|poke|p1|Porygon2, L50|
|poke|p1|Flamigo, L50, M|
|poke|p2|Zoroark-Hisui, L50, M|
|poke|p2|Tyranitar, L50, F|
|poke|p2|Excadrill, L50, M|
|poke|p2|Indeedee-F, L50, F|
|poke|p2|Gallade, L50, M|
|poke|p2|Talonflame, L50, M|
|teampreview|4
|showteam|p1|Jumpluff||CovertCloak|Chlorophyll|RagePowder,SunnyDay,SleepPowder,Tailwind|||M|||50|,,,,,Water]Charizard||ChoiceSpecs|SolarPower|Overheat,AirSlash,HeatWave,WeatherBall|||F|||50|,,,,,Ghost]Torkoal||WhiteHerb|Drought|Overheat,HelpingHand,WillOWisp,Protect|||F|||50|,,,,,Fire]Ursaluna||FlameOrb|Guts|Facade,HeadlongRush,Earthquake,Protect|||M|||50|,,,,,Fairy]Porygon2||Eviolite|Download|TeraBlast,IceBeam,TrickRoom,Recover||||||50|,,,,,Flying]Flamigo||FocusSash|Scrappy|CloseCombat,BraveBird,WideGuard,Detect|||M|||50|,,,,,Ghost
|showteam|p2|Zoroark-Hisui||ChoiceSpecs|Illusion|HyperVoice,Flamethrower,ShadowBall,HyperBeam|||M|||50|,,,,,Normal]Tyranitar||AssaultVest|SandStream|RockSlide,KnockOff,LowKick,TeraBlast|||F|||50|,,,,,Flying]Excadrill||FocusSash|SandRush|IronHead,Protect,SwordsDance,Earthquake|||M|||50|,,,,,Ground]Indeedee-F||SafetyGoggles|PsychicSurge|TrickRoom,FollowMe,Psychic,HelpingHand|||F|||50|,,,,,Fairy]Gallade||ClearAmulet|Sharpness|PsychoCut,TrickRoom,WideGuard,SacredSword|||M|||50|,,,,,Grass]Talonflame||CovertCloak|GaleWings|Tailwind,BraveBird,FlareBlitz,Taunt|||M|||50|,,,,,Grass
|inactive|Battle timer is ON: inactive players will automatically lose when time's up. (requested by Fit of rage)
|inactive|Fit of rage has 60 seconds left.
|
|t:|1756669905
|teamsize|p1|4
|teamsize|p2|4
|start
|switch|p1a: Ursaluna|Ursaluna, L50, M|100/100
|switch|p1b: Charizard|Charizard, L50, F|100/100
|switch|p2a: Dr. Drills|Excadrill, L50, M|100/100
|switch|p2b: Bruce|Talonflame, L50, M|100/100
|turn|1
|inactive|snailboss has 30 seconds left.
|
|t:|1756669930
|move|p2b: Bruce|Tailwind|p2b: Bruce
|-sidestart|p2: snailboss|move: Tailwind
|move|p2a: Dr. Drills|Shadow Ball|p1b: Charizard
|-damage|p1b: Charizard|22/100
|-unboost|p1b: Charizard|spd|1
|move|p1b: Charizard|Heat Wave|p2b: Bruce|[spread] p2a,p2b
|-resisted|p2b: Bruce
|-damage|p2a: Dr. Drills|0 fnt
|-damage|p2b: Bruce|59/100
|replace|p2a: Zoroark|Zoroark-Hisui, L50, M
|-end|p2a: Zoroark|Illusion
|faint|p2a: Zoroark
|move|p1a: Ursaluna|Earthquake|p2b: Bruce|[spread] 
|-immune|p1b: Charizard
|-immune|p2b: Bruce
|
|-status|p1a: Ursaluna|brn|[from] item: Flame Orb
|upkeep
|
|t:|1756669951
|switch|p2a: Alice|Tyranitar, L50, F|100/100
|-weather|Sandstorm|[from] ability: Sand Stream|[of] p2a: Alice
|turn|2
|
|t:|1756669971
|-terastallize|p2a: Alice|Flying
|move|p2b: Bruce|Flare Blitz|p1a: Ursaluna
|-damage|p1a: Ursaluna|66/100 brn
|-damage|p2b: Bruce|43/100|[from] Recoil
|move|p2a: Alice|Rock Slide|p1a: Ursaluna|[spread] p1a,p1b
|-resisted|p1a: Ursaluna
|-supereffective|p1b: Charizard
|-damage|p1a: Ursaluna|55/100 brn
|-damage|p1b: Charizard|0 fnt
|faint|p1b: Charizard
|move|p1a: Ursaluna|Facade|p2b: Bruce
|-damage|p2b: Bruce|0 fnt
|faint|p2b: Bruce
|
|-weather|Sandstorm|[upkeep]
|-damage|p2a: Alice|95/100|[from] Sandstorm
|-damage|p1a: Ursaluna|49/100 brn|[from] brn
|upkeep
|
|t:|1756669990
|switch|p2b: Dr. Drills|Excadrill, L50, M|100/100
|switch|p1b: Torkoal|Torkoal, L50, F|100/100
|-weather|SunnyDay|[from] ability: Drought|[of] p1b: Torkoal
|turn|3
|inactive|Fit of rage has 30 seconds left.
|inactive|snailboss has 30 seconds left.
|inactive|snailboss has 20 seconds left.
|inactive|snailboss has 15 seconds left.
|inactive|snailboss has 10 seconds left.
|
|t:|1756670037
|move|p1b: Torkoal|Helping Hand|p1a: Ursaluna
|-singleturn|p1a: Ursaluna|Helping Hand|[of] p1b: Torkoal
|move|p2b: Dr. Drills|Earthquake|p1a: Ursaluna|[spread] p1a,p1b
|-immune|p2a: Alice
|-supereffective|p1b: Torkoal
|-damage|p1a: Ursaluna|19/100 brn
|-damage|p1b: Torkoal|36/100
|move|p2a: Alice|Rock Slide|p1b: Torkoal|[spread] p1a,p1b
|-resisted|p1a: Ursaluna
|-supereffective|p1b: Torkoal
|-damage|p1a: Ursaluna|8/100 brn
|-damage|p1b: Torkoal|0 fnt
|faint|p1b: Torkoal
|move|p1a: Ursaluna|Facade|p2a: Alice
|-damage|p2a: Alice|0 fnt
|faint|p2a: Alice
|
|-weather|SunnyDay|[upkeep]
|-damage|p1a: Ursaluna|2/100 brn|[from] brn
|upkeep
|
|t:|1756670056
|switch|p1b: Flamigo|Flamigo, L50, M|100/100
|turn|4
|
|t:|1756670075
|move|p2b: Dr. Drills|Protect|p2b: Dr. Drills
|-singleturn|p2b: Dr. Drills|Protect
|move|p1b: Flamigo|Close Combat|p2b: Dr. Drills
|-activate|p2b: Dr. Drills|move: Protect
|move|p1a: Ursaluna|Headlong Rush|p2b: Dr. Drills
|-activate|p2b: Dr. Drills|move: Protect
|
|-weather|SunnyDay|[upkeep]
|-damage|p1a: Ursaluna|0 fnt|[from] brn
|faint|p1a: Ursaluna
|-sideend|p2: snailboss|move: Tailwind
|upkeep
|turn|5
|
|t:|1756670094
|move|p1b: Flamigo|Close Combat|p2b: Dr. Drills
|-supereffective|p2b: Dr. Drills
|-enditem|p2b: Dr. Drills|Focus Sash
|-damage|p2b: Dr. Drills|1/100
|-unboost|p1b: Flamigo|def|1
|-unboost|p1b: Flamigo|spd|1
|move|p2b: Dr. Drills|Iron Head|p1b: Flamigo
|-enditem|p1b: Flamigo|Focus Sash
|-damage|p1b: Flamigo|1/100
|
|-weather|SunnyDay|[upkeep]
|upkeep
|turn|6
|c|☆snailboss|ggs ggs
|
|t:|1756670106
|move|p1b: Flamigo|Brave Bird|p2b: Dr. Drills
|-resisted|p2b: Dr. Drills
|-damage|p2b: Dr. Drills|0 fnt
|faint|p2b: Dr. Drills
|-damage|p1b: Flamigo|0 fnt|[from] Recoil
|faint|p1b: Flamigo
|
|win|Fit of rage
|raw|Fit of rage's rating: 1152 → 1181(+29 for winning)
|raw|snailboss's rating: 1205 → 1176(-29 for losing)
