|j|â˜†Skyline67
|j|â˜†UntilBreakingFree
|html|Skyline67UntilBreakingFree    
|uhtml|bestof|Game 3 of a best-of-3
|t:|1755886844
|gametype|doubles
|player|p1|Skyline67|acetrainer-gen4dp|1286
|player|p2|UntilBreakingFree|gambler|1423
|gen|9
|tier|[Gen 9] VGC 2025 Reg H (Bo3)
|rated|
|rule|Species Clause: Limit one of each PokÃ©mon
|rule|Item Clause: Limit 1 of each item
|clearpoke
|poke|p1|Gholdengo, L50|
|poke|p1|Sneasler, L50, M|
|poke|p1|Rillaboom, L50, M|
|poke|p1|Dragonite, L50, M|
|poke|p1|Ninetales-Alola, L50, M|
|poke|p1|Arcanine-Hisui, L50, F|
|poke|p2|Volcarona, L50, M|
|poke|p2|Kingambit, L50, M|
|poke|p2|Rillaboom, L50, M|
|poke|p2|Sneasler, L50, M|
|poke|p2|Dragonite, L50, M|
|poke|p2|Electabuzz, L50, F|
|teampreview|4
|showteam|p1|Gholdengo||GrassySeed|GoodasGold|NastyPlot,MakeItRain,ShadowBall,Protect||||||50|,,,,,Water]Sneasler||WhiteHerb|Unburden|CloseCombat,DireClaw,Coaching,Protect|||M|||50|,,,,,Ghost]Rillaboom||AssaultVest|GrassySurge|FakeOut,GrassyGlide,DrumBeating,HighHorsepower|||M|||50|,,,,,Fire]Dragonite||LoadedDice|Multiscale|ScaleShot,StompingTantrum,Tailwind,Protect|||M|||50|,,,,,Ground]Ninetales-Alola||FocusSash|SnowWarning|Blizzard,IcyWind,Encore,AuroraVeil|||M|||50|,,,,,Ghost]Arcanine-Hisui||ClearAmulet|Intimidate|RockSlide,FlareBlitz,ExtremeSpeed,Protect|||F|||50|,,,,,Water
|showteam|p2|Volcarona||CovertCloak|FlameBody|HeatWave,TeraBlast,QuiverDance,Protect|||M|||50|,,,,,Fairy]Kingambit||BlackGlasses|Defiant|KowtowCleave,SuckerPunch,SwordsDance,Protect|||M|||50|,,,,,Dark]Rillaboom||AssaultVest|GrassySurge|WoodHammer,GrassyGlide,FakeOut,Uturn|||M|||50|,,,,,Fire]Sneasler||GrassySeed|Unburden|DireClaw,CloseCombat,Acrobatics,Protect|||M|||50|,,,,,Flying]Dragonite||LoadedDice|Multiscale|ScaleShot,StompingTantrum,Haze,Protect|||M|||50|,,,,,Ground]Electabuzz||Eviolite|VitalSpirit|Thunderbolt,FollowMe,Taunt,Protect|||F|||50|,,,,,Ghost
|inactive|Battle timer is ON: inactive players will automatically lose when time's up. (requested by UntilBreakingFree)
|
|t:|1755886882
|teamsize|p1|4
|teamsize|p2|4
|start
|switch|p1a: Ninetales|Ninetales-Alola, L50, M|100/100
|switch|p1b: Dragonite|Dragonite, L50, M|100/100
|switch|p2a: Dante|Volcarona, L50, M|100/100
|switch|p2b: Sylva|Rillaboom, L50, M|100/100
|-weather|Snowscape|[from] ability: Snow Warning|[of] p1a: Ninetales
|-fieldstart|move: Grassy Terrain|[from] ability: Grassy Surge|[of] p2b: Sylva
|turn|1
|inactive|Skyline67 has 30 seconds left.
|inactive|Skyline67 has 20 seconds left.
|inactive|Skyline67 has 15 seconds left.
|inactive|Skyline67 has 10 seconds left.
|
|t:|1755886927
|-terastallize|p1a: Ninetales|Ghost
|move|p2b: Sylva|Fake Out|p1b: Dragonite
|-damage|p1b: Dragonite|93/100
|move|p1a: Ninetales|Aurora Veil|p1a: Ninetales
|-sidestart|p1: Skyline67|move: Aurora Veil
|move|p2a: Dante|Quiver Dance|p2a: Dante
|-boost|p2a: Dante|spa|1
|-boost|p2a: Dante|spd|1
|-boost|p2a: Dante|spe|1
|cant|p1b: Dragonite|flinch
|
|-weather|Snowscape|[upkeep]
|upkeep
|turn|2
|inactive|UntilBreakingFree has 30 seconds left.
|inactive|UntilBreakingFree has 20 seconds left.
|inactive|UntilBreakingFree has 15 seconds left.
|
|t:|1755886972
|-terastallize|p2a: Dante|Fairy
|move|p2a: Dante|Tera Blast|p1b: Dragonite|[anim] Tera Blast Fairy
|-supereffective|p1b: Dragonite
|-damage|p1b: Dragonite|12/100
|move|p1a: Ninetales|Blizzard|p2a: Dante|[spread] p2a,p2b
|-supereffective|p2b: Sylva
|-damage|p2a: Dante|80/100
|-damage|p2b: Sylva|53/100
|move|p1b: Dragonite|Scale Shot|p2a: Dante
|-immune|p2a: Dante
|move|p2b: Sylva|Wood Hammer|p1a: Ninetales
|-damage|p1a: Ninetales|15/100
|-damage|p2b: Sylva|31/100|[from] Recoil
|
|-weather|Snowscape|[upkeep]
|-heal|p2a: Dante|86/100|[from] Grassy Terrain
|-heal|p1a: Ninetales|21/100|[from] Grassy Terrain
|-heal|p2b: Sylva|36/100|[from] Grassy Terrain
|upkeep
|turn|3
|inactive|Skyline67 has 30 seconds left.
|
|t:|1755887001
|switch|p2b: Surge|Electabuzz, L50, F|100/100
|move|p1b: Dragonite|Protect|p1b: Dragonite
|-singleturn|p1b: Dragonite|Protect
|move|p2a: Dante|Heat Wave|p1a: Ninetales|[spread] p1a
|-activate|p1b: Dragonite|move: Protect
|-damage|p1a: Ninetales|0 fnt
|faint|p1a: Ninetales
|
|-weather|Snowscape|[upkeep]
|-heal|p2a: Dante|92/100|[from] Grassy Terrain
|upkeep
|
|t:|1755887019
|switch|p1a: Gholdengo|Gholdengo, L50|100/100
|-enditem|p1a: Gholdengo|Grassy Seed
|-boost|p1a: Gholdengo|def|1|[from] item: Grassy Seed
|turn|4
|
|t:|1755887044
|move|p2a: Dante|Heat Wave|p1a: Gholdengo|[spread] p1a,p1b
|-supereffective|p1a: Gholdengo
|-resisted|p1b: Dragonite
|-damage|p1a: Gholdengo|31/100
|-damage|p1b: Dragonite|0 fnt
|faint|p1b: Dragonite
|move|p2b: Surge|Thunderbolt|p1a: Gholdengo
|-damage|p1a: Gholdengo|10/100
|-status|p1a: Gholdengo|par
|cant|p1a: Gholdengo|par
|
|-weather|Snowscape|[upkeep]
|-heal|p2a: Dante|98/100|[from] Grassy Terrain
|-heal|p1a: Gholdengo|16/100 par|[from] Grassy Terrain
|upkeep
|
|t:|1755887057
|switch|p1b: Sneasler|Sneasler, L50, M|100/100
|turn|5
|
|t:|1755887069
|move|p2a: Dante|Protect|p2a: Dante
|-singleturn|p2a: Dante|Protect
|move|p2b: Surge|Protect|p2b: Surge
|-singleturn|p2b: Surge|Protect
|move|p1b: Sneasler|Close Combat|p2b: Surge
|-activate|p2b: Surge|move: Protect
|move|p1a: Gholdengo|Make It Rain|p2b: Surge|[spread] 
|-activate|p2a: Dante|move: Protect
|-activate|p2b: Surge|move: Protect
|
|-weather|none
|-heal|p2a: Dante|100/100|[from] Grassy Terrain
|-heal|p1a: Gholdengo|22/100 par|[from] Grassy Terrain
|-sideend|p1: Skyline67|move: Aurora Veil
|-fieldend|move: Grassy Terrain
|upkeep
|turn|6
|-message|Skyline67 forfeited.
|
|win|UntilBreakingFree
|raw|Skyline67's rating: 1286 → 1270(-16 for losing)
|raw|UntilBreakingFree's rating: 1423 → 1435(+12 for winning)
|l|â˜†Skyline67
|player|p1|
