|j|☆saboyita
|j|☆capspungo
|html|saboyitacapspungo    
|uhtml|bestof|Game 1 of a best-of-3
|t:|1756415163
|gametype|doubles
|player|p1|saboyita|grimsley|1167
|player|p2|capspungo|2|1205
|gen|9
|tier|[Gen 9] VGC 2025 Reg H (Bo3)
|rated|
|rule|Species Clause: Limit one of each Pokémon
|rule|Item Clause: Limit 1 of each item
|clearpoke
|poke|p1|Amoonguss, L50, M|
|poke|p1|Hydreigon, L50, M|
|poke|p1|Whimsicott, L50, F|
|poke|p1|Maushold-Four, L50|
|poke|p1|Annihilape, L50, M|
|poke|p1|Ursaluna-Bloodmoon, L50, M|
|poke|p2|Toedscruel, L50, M|
|poke|p2|Weezing-Galar, L50, M|
|poke|p2|Pawmot, L50, M|
|poke|p2|Typhlosion-Hisui, L50, M|
|poke|p2|Corviknight, L50, M|
|poke|p2|Garchomp, L50, F|
|teampreview|4
|showteam|p1|Amoonguss||MentalHerb|Regenerator|ClearSmog,Spore,RagePowder,Protect|||M|||50|,,,,,Water]Hydreigon||ChoiceSpecs|Levitate|Snarl,HeatWave,DarkPulse,DracoMeteor|||M|||50|,,,,,Ghost]Whimsicott||CovertCloak|Prankster|BeatUp,Encore,HelpingHand,Tailwind|||F|||50|,,,,,Dark]Maushold-Four||WideLens|Technician|PopulationBomb,Taunt,FollowMe,Protect||||||50|,,,,,Ghost]Annihilape||Leftovers|Defiant|RageFist,CloseCombat,FinalGambit,Protect|||M|||50|,,,,,Fire]Ursaluna-Bloodmoon||LifeOrb|MindsEye|HyperVoice,EarthPower,BloodMoon,Protect|||M|||50|,,,,,Water
|showteam|p2|Toedscruel||CovertCloak|MyceliumMight|RagePowder,Spore,EarthPower,AcidSpray|||M|||50|,,,,,Water]Weezing-Galar||ChoiceSpecs|NeutralizingGas|DazzlingGleam,SludgeBomb,StrangeSteam,Flamethrower|||M|||50|,,,,,Fire]Pawmot||FocusSash|NaturalCure|FakeOut,CloseCombat,DoubleShock,Protect|||M|||50|,,,,,Electric]Typhlosion-Hisui||ChoiceScarf|Blaze|Eruption,ShadowBall,HeatWave,SleepTalk|||M|||50|,,,,,Fire]Corviknight||SitrusBerry|MirrorArmor|BraveBird,Tailwind,Protect,Roost|||M|||50|,,,,,Dragon]Garchomp||LifeOrb|RoughSkin|Earthquake,StompingTantrum,DragonClaw,Protect|||F|||50|,,,,,Ground
|inactive|Battle timer is ON: inactive players will automatically lose when time's up. (requested by saboyita)
|inactive|saboyita has 60 seconds left.
|inactive|capspungo has 60 seconds left.
|inactive|saboyita has 30 seconds left.
|
|t:|1756415226
|teamsize|p1|4
|teamsize|p2|4
|start
|switch|p1a: Whimsicott|Whimsicott, L50, F|100/100
|switch|p1b: Annihilape|Annihilape, L50, M|100/100
|switch|p2a: Toedscruel|Toedscruel, L50, M|100/100
|switch|p2b: Weezing|Weezing-Galar, L50, M|100/100
|-ability|p2b: Weezing|Neutralizing Gas
|turn|1
|inactive|capspungo has 30 seconds left.
|
|t:|1756415251
|move|p1b: Annihilape|Protect|p1b: Annihilape
|-singleturn|p1b: Annihilape|Protect
|move|p1a: Whimsicott|Tailwind|p1a: Whimsicott
|-sidestart|p1: saboyita|move: Tailwind
|move|p2a: Toedscruel|Spore|p1b: Annihilape
|-activate|p1b: Annihilape|move: Protect
|move|p2b: Weezing|Sludge Bomb|p1a: Whimsicott
|-supereffective|p1a: Whimsicott
|-damage|p1a: Whimsicott|0 fnt
|faint|p1a: Whimsicott
|
|upkeep
|
|t:|1756415269
|switch|p1a: Maushold|Maushold-Four, L50|100/100
|turn|2
|l|☆capspungo
|inactive|capspungo disconnected and has a minute to reconnect!
|player|p2|
|inactive|saboyita has 30 seconds left.
|inactive|capspungo has 30 seconds left.
|j|☆capspungo
|inactive|capspungo reconnected and has 30 seconds left.
|player|p2|capspungo|2|
|inactive|capspungo has 20 seconds left.
|
|t:|1756415306
|move|p1a: Maushold|Population Bomb|p2a: Toedscruel
|-damage|p2a: Toedscruel|90/100
|-damage|p2a: Toedscruel|80/100
|-damage|p2a: Toedscruel|70/100
|-damage|p2a: Toedscruel|60/100
|-damage|p2a: Toedscruel|49/100
|-damage|p2a: Toedscruel|39/100
|-damage|p2a: Toedscruel|29/100
|-damage|p2a: Toedscruel|17/100
|-damage|p2a: Toedscruel|7/100
|-damage|p2a: Toedscruel|0 fnt
|faint|p2a: Toedscruel
|-hitcount|p2: Toedscruel|10
|move|p1b: Annihilape|Rage Fist|p2b: Weezing
|-damage|p2b: Weezing|79/100
|move|p2b: Weezing|Sludge Bomb|p1b: Annihilape
|-resisted|p1b: Annihilape
|-damage|p1b: Annihilape|74/100
|
|-heal|p1b: Annihilape|80/100|[from] item: Leftovers
|upkeep
|inactive|capspungo has 30 seconds left.
|inactive|capspungo has 20 seconds left.
|inactive|capspungo has 15 seconds left.
|inactive|capspungo has 10 seconds left.
|
|t:|1756415353
|switch|p2a: Pawmot|Pawmot, L50, M|100/100
|turn|3
|
|t:|1756415371
|-terastallize|p1a: Maushold|Ghost
|move|p2a: Pawmot|Protect|p2a: Pawmot
|-singleturn|p2a: Pawmot|Protect
|move|p1a: Maushold|Population Bomb|p2a: Pawmot
|-activate|p2a: Pawmot|move: Protect
|move|p1b: Annihilape|Rage Fist|p2b: Weezing
|-crit|p2b: Weezing
|-damage|p2b: Weezing|17/100
|move|p2b: Weezing|Sludge Bomb|p1b: Annihilape
|-resisted|p1b: Annihilape
|-damage|p1b: Annihilape|54/100
|
|-heal|p1b: Annihilape|60/100|[from] item: Leftovers
|upkeep
|turn|4
|inactive|capspungo has 30 seconds left.
|
|t:|1756415406
|switch|p2a: Typhlosion|Typhlosion-Hisui, L50, M|100/100
|move|p1a: Maushold|Population Bomb|p2a: Typhlosion
|-immune|p2a: Typhlosion
|move|p1b: Annihilape|Rage Fist|p2b: Weezing
|-damage|p2b: Weezing|0 fnt
|faint|p2b: Weezing
|-end|p2b: Weezing|ability: Neutralizing Gas
|
|-heal|p1b: Annihilape|66/100|[from] item: Leftovers
|-sideend|p1: saboyita|move: Tailwind
|upkeep
|
|t:|1756415415
|switch|p2b: Pawmot|Pawmot, L50, M|100/100
|turn|5
|inactive|saboyita has 30 seconds left.
|inactive|capspungo has 30 seconds left.
|
|t:|1756415446
|-terastallize|p2a: Typhlosion|Fire
|move|p1b: Annihilape|Protect|p1b: Annihilape
|-singleturn|p1b: Annihilape|Protect
|move|p2a: Typhlosion|Eruption|p1b: Annihilape|[spread] p1a
|-activate|p1b: Annihilape|move: Protect
|-damage|p1a: Maushold|0 fnt
|faint|p1a: Maushold
|move|p2b: Pawmot|Double Shock|p1b: Annihilape
|-activate|p1b: Annihilape|move: Protect
|
|-heal|p1b: Annihilape|72/100|[from] item: Leftovers
|upkeep
|
|t:|1756415455
|switch|p1a: Hydreigon|Hydreigon, L50, M|100/100
|turn|6
|
|t:|1756415474
|move|p2a: Typhlosion|Eruption|p1b: Annihilape|[spread] p1a,p1b
|-resisted|p1a: Hydreigon
|-damage|p1a: Hydreigon|50/100
|-damage|p1b: Annihilape|0 fnt
|faint|p1b: Annihilape
|move|p2b: Pawmot|Double Shock|p1a: Hydreigon
|-resisted|p1a: Hydreigon
|-damage|p1a: Hydreigon|18/100
|-start|p2b: Pawmot|typechange|???/Fighting|[from] move: Double Shock
|move|p1a: Hydreigon|Dark Pulse|p2a: Typhlosion
|-damage|p2a: Typhlosion|16/100
|
|upkeep
|turn|7
|
|t:|1756415484
|move|p2a: Typhlosion|Eruption|p1a: Hydreigon
|-resisted|p1a: Hydreigon
|-damage|p1a: Hydreigon|3/100
|move|p2b: Pawmot|Close Combat|p1a: Hydreigon
|-supereffective|p1a: Hydreigon
|-damage|p1a: Hydreigon|0 fnt
|-unboost|p2b: Pawmot|def|1
|-unboost|p2b: Pawmot|spd|1
|faint|p1a: Hydreigon
|
|win|capspungo
||capspungo is ready for game 2.
