|j|☆atealcoloredcat
|j|☆Moonz605
|html|atealcoloredcatMoonz605    
|uhtml|bestof|Game 1 of a best-of-3
|t:|1784589300
|gametype|doubles
|player|p1|atealcoloredcat|101|
|player|p2|Moonz605|roxie|
|gen|9
|tier|[Gen 9 Champions] VGC 2026 Reg M-B (Bo3)
|rule|Species Clause: Limit one of each Pokémon
|rule|Item Clause: Limit 1 of each item
|clearpoke
|poke|p1|Meowstic, L50, M|
|poke|p1|Farigiraf, L50, F|
|poke|p1|Delphox, L50, M|
|poke|p1|Espathra, L50, M|
|poke|p1|Armarouge, L50, M|
|poke|p1|Slowbro-Galar, L50, F|
|poke|p2|Noivern, L50, F|
|poke|p2|Dragalge, L50, M|
|poke|p2|Sneasler, L50, F|
|poke|p2|Overqwil, L50, M|
|poke|p2|Clefable, L50, M|
|poke|p2|Samurott-Hisui, L50, F|
|teampreview|4
|showteam|p1|Meowstic||Meowsticite|Prankster|MistyTerrain,FakeOut,Gravity,FakeTears|Serious||M|||50|]Farigiraf||SitrusBerry|ArmorTail|TwinBeam,HyperVoice,HelpingHand,Reflect|Bold||F|||50|]Delphox||Delphoxite|Blaze|HeatWave,Psyshock,DazzlingGleam,Protect|Modest||M|||50|]Espathra||ColburBerry|SpeedBoost|Protect,SkillSwap,LuminaCrash,SunnyDay|Modest||M|||50|]Armarouge||FocusSash|FlashFire|AuraSphere,Endure,ArmorCannon,Reflect|Modest||M|||50|]Slowbro-Galar||QuickClaw|QuickDraw|TrickRoom,IcyWind,HelpingHand,LightScreen|Relaxed||F|||50|
|showteam|p2|Noivern||FocusSash|Infiltrator|DracoMeteor,Flamethrower,AirSlash,Tailwind|Timid||F|||50|]Dragalge||Dragalgite|PoisonPoint|DracoMeteor,FlipTurn,Scald,Protect|Bold||M|||50|]Sneasler||KingsRock|Unburden|CloseCombat,DireClaw,Fling,Protect|Jolly||F|||50|]Overqwil||Leftovers|Intimidate|BarbBarrage,Protect,Substitute,ToxicSpikes|Impish||M|||50|]Clefable||QuickClaw|Unaware|BatonPass,AlluringVoice,FollowMe,CalmMind|Modest||M|||50|]Samurott-Hisui||ChoiceScarf|Sharpness|CeaselessEdge,AquaCutter,XScissor,SacredSword|Jolly||F|||50|
|
|t:|1784589395
|teamsize|p1|4
|teamsize|p2|4
|start
|switch|p1a: Farigiraf|Farigiraf, L50, F|100/100
|switch|p1b: Meowstic|Meowstic, L50, M|100/100
|switch|p2a: Sneasler|Sneasler, L50, F|100/100
|switch|p2b: Clefable|Clefable, L50, M|100/100
|turn|1
|c|☆atealcoloredcat|glhf!
|j| arlothegoose
|
|t:|1784589414
|move|p1b: Meowstic|Fake Out|p2b: Clefable
|-damage|p2b: Clefable|94/100
|cant|p2b: Clefable|flinch
|move|p2a: Sneasler|Fling|p1a: Farigiraf
|-supereffective|p1a: Farigiraf|1
|-damage|p1a: Farigiraf|77/100
|-enditem|p2a: Sneasler|King's Rock|[from] move: Fling
|cant|p1a: Farigiraf|flinch
|
|upkeep
|turn|2
|c| arlothegoose|hiii
|c| arlothegoose|gl you two
|j| Tbigongue
|c| arlothegoose|hii big t
|c| Tbigongue|Fling
|-activate|p2b: Clefable|item: Quick Claw
|
|t:|1784589461
|switch|p1b: Espathra|Espathra, L50, M|100/100
|move|p2b: Clefable|Calm Mind|p2b: Clefable
|-boost|p2b: Clefable|spa|1
|-boost|p2b: Clefable|spd|1
|move|p2a: Sneasler|Dire Claw|p1a: Farigiraf
|-damage|p1a: Farigiraf|36/100
|-enditem|p1a: Farigiraf|Sitrus Berry|[eat]
|-heal|p1a: Farigiraf|61/100|[from] item: Sitrus Berry
|move|p1a: Farigiraf|Twin Beam|p2a: Sneasler
|-supereffective|p2a: Sneasler|2
|-damage|p2a: Sneasler|1/100
|-supereffective|p2a: Sneasler|2
|-damage|p2a: Sneasler|0 fnt
|faint|p2a: Sneasler
|-hitcount|p2: Sneasler|2
|
|upkeep
|c| Tbigongue|Dam
|c| Tbigongue|Hi
|j| Zygobos
|c| arlothegoose|wait why fling
|c| Tbigongue|BRO WHAT IS MOON COOKING
|c| arlothegoose|sneasler has fake out lol
|c| Zygobos|HOLY SHIT
|
|t:|1784589489
|switch|p2a: Noivern|Noivern, L50, F|100/100
|turn|3
|c| Zygobos|the fling to BYPASS ARMOR TAIL
|c| arlothegoose|oHHH
|c| arlothegoose|THATS CRAZY
|
|t:|1784589501
|move|p1b: Espathra|Protect|p1b: Espathra
|-singleturn|p1b: Espathra|Protect
|move|p2a: Noivern|Tailwind|p2a: Noivern
|-sidestart|p2: Moonz605|move: Tailwind
|move|p2b: Clefable|Baton Pass|p2b: Clefable
|
|t:|1784589508
|switch|p2b: Dragalge|Dragalge, L50, M|100/100|[from] Baton Pass
|move|p1a: Farigiraf|Hyper Voice|p2b: Dragalge|[spread] p2a,p2b
|-damage|p2a: Noivern|55/100
|-damage|p2b: Dragalge|80/100
|
|-ability|p1b: Espathra|Speed Boost|boost
|-boost|p1b: Espathra|spe|1
|upkeep
|turn|4
|
|t:|1784589543
|detailschange|p2b: Dragalge|Dragalge-Mega, L50, M
|-mega|p2b: Dragalge|Dragalge|Dragalgite
|move|p1a: Farigiraf|Helping Hand|p1b: Espathra
|-singleturn|p1b: Espathra|Helping Hand|[of] p1a: Farigiraf
|move|p2a: Noivern|Draco Meteor|p1b: Espathra
|-damage|p1b: Espathra|19/100
|-unboost|p2a: Noivern|spa|2
|move|p1b: Espathra|Lumina Crash|p2b: Dragalge
|-supereffective|p2b: Dragalge|1
|-damage|p2b: Dragalge|31/100
|-unboost|p2b: Dragalge|spd|2
|move|p2b: Dragalge|Draco Meteor|p1b: Espathra|[miss]
|-miss|p2b: Dragalge|p1b: Espathra
|
|-ability|p1b: Espathra|Speed Boost|boost
|-boost|p1b: Espathra|spe|1
|upkeep
|turn|5
|c| arlothegoose|ooo AWWW
|c|☆Moonz605|bruh
|c| arlothegoose|drag is so so so bulky lol
|
|t:|1784589587
|move|p2b: Dragalge|Protect|p2b: Dragalge
|-singleturn|p2b: Dragalge|Protect
|move|p2a: Noivern|Draco Meteor|p1a: Farigiraf
|-damage|p1a: Farigiraf|29/100
|-unboost|p2a: Noivern|spa|2
|move|p1b: Espathra|Lumina Crash|p2a: Noivern
|-damage|p2a: Noivern|1/100
|-unboost|p2a: Noivern|spd|2
|move|p1a: Farigiraf|Hyper Voice|p2b: Dragalge|[spread] p2a
|-activate|p2b: Dragalge|move: Protect
|-damage|p2a: Noivern|0 fnt
|faint|p2a: Noivern
|
|-ability|p1b: Espathra|Speed Boost|boost
|-boost|p1b: Espathra|spe|1
|upkeep
|l| Zygobos
|
|t:|1784589602
|switch|p2a: Clefable|Clefable, L50, M|94/100
|turn|6
|
|t:|1784589624
|move|p1b: Espathra|Lumina Crash|p2b: Dragalge
|-supereffective|p2b: Dragalge|1
|-damage|p2b: Dragalge|0 fnt
|faint|p2b: Dragalge
|move|p2a: Clefable|Alluring Voice|p1b: Espathra
|-damage|p1b: Espathra|0 fnt
|faint|p1b: Espathra
|move|p1a: Farigiraf|Hyper Voice|p2a: Clefable
|-damage|p2a: Clefable|57/100
|
|-sideend|p2: Moonz605|move: Tailwind
|upkeep
|
|t:|1784589637
|switch|p1b: Meowstic|Meowstic, L50, M|100/100
|turn|7
|
|t:|1784589648
|move|p1b: Meowstic|Fake Out|p2a: Clefable
|-damage|p2a: Clefable|52/100
|cant|p2a: Clefable|flinch
|move|p1a: Farigiraf|Hyper Voice|p2a: Clefable
|-damage|p2a: Clefable|12/100
|
|upkeep
|turn|8
|c| arlothegoose|evil ass cat
|c|☆Moonz605|gg r1
|-activate|p2a: Clefable|item: Quick Claw
|
|t:|1784589679
|move|p1b: Meowstic|Fake Tears|p2a: Clefable
|-unboost|p2a: Clefable|spd|2
|move|p2a: Clefable|Alluring Voice|p1a: Farigiraf
|-damage|p1a: Farigiraf|0 fnt
|faint|p1a: Farigiraf
|
|upkeep
|
|t:|1784589690
|switch|p1a: Delphox|Delphox, L50, M|100/100
|turn|9
|
|t:|1784589709
|move|p1b: Meowstic|Fake Tears|p2a: Clefable
|-unboost|p2a: Clefable|spd|2
|move|p1a: Delphox|Psyshock|p2a: Clefable
|-damage|p2a: Clefable|0 fnt
|faint|p2a: Clefable
|
|win|atealcoloredcat
||atealcoloredcat is ready for game 2.
||Moonz605 is ready for game 2.
|uhtml|next|Next: Game 2 of 3
