|j|☆mikodex
|j|☆Govek314
|html|mikodexGovek314    
|uhtml|bestof|Game 1 of a best-of-3
|t:|1756851807
|gametype|doubles
|player|p1|mikodex|102|1112
|player|p2|Govek314|2|1122
|gen|9
|tier|[Gen 9] VGC 2025 Reg H (Bo3)
|rated|
|rule|Species Clause: Limit one of each Pokémon
|rule|Item Clause: Limit 1 of each item
|clearpoke
|poke|p1|Incineroar, L50, F|
|poke|p1|Flamigo, L50, M|
|poke|p1|Amoonguss, L50, F|
|poke|p1|Ursaluna-Bloodmoon, L50, M|
|poke|p1|Garchomp, L50, M|
|poke|p1|Gholdengo, L50|
|poke|p2|Hydreigon, L50, M|
|poke|p2|Ursaluna-Bloodmoon, L50, M|
|poke|p2|Gholdengo, L50|
|poke|p2|Weezing-Galar, L50, M|
|poke|p2|Porygon2, L50|
|poke|p2|Incineroar, L50, F|
|teampreview|4
|showteam|p1|Incineroar||SitrusBerry|Intimidate|KnockOff,PartingShot,FlareBlitz,FakeOut|||F|||50|,,,,,Grass]Flamigo||FocusSash|Scrappy|CloseCombat,BraveBird,Tailwind,Protect|||M|||50|,,,,,Stellar]Amoonguss||CovertCloak|Regenerator|ClearSmog,PollenPuff,Spore,RagePowder|||F|||50|,,,,,Dark]Ursaluna-Bloodmoon||LifeOrb|MindsEye|BloodMoon,EarthPower,HyperVoice,Protect|||M|||50|,,,,,Water]Garchomp||ClearAmulet|RoughSkin|StompingTantrum,Earthquake,DragonClaw,Protect|||M|||50|,,,,,Steel]Gholdengo||MetalCoat|GoodasGold|MakeItRain,ShadowBall,Protect,NastyPlot||||||50|,,,,,Water
|showteam|p2|Hydreigon||SafetyGoggles|Levitate|DracoMeteor,Snarl,Tailwind,Protect|||M|||50|,,,,,Ghost]Ursaluna-Bloodmoon||LifeOrb|MindsEye|BloodMoon,HyperVoice,Protect,EarthPower|||M|||50|,,,,,Normal]Gholdengo||ChoiceSpecs|GoodasGold|ShadowBall,DazzlingGleam,Thunderbolt,MakeItRain||||||50|,,,,,Fairy]Weezing-Galar||SitrusBerry|NeutralizingGas|GunkShot,PlayRough,Haze,Protect|||M|||50|,,,,,Water]Porygon2||Eviolite|Download|TeraBlast,IceBeam,Recover,TrickRoom||||||50|,,,,,Fighting]Incineroar||AbilityShield|Intimidate|FakeOut,FlareBlitz,KnockOff,PartingShot|||F|||50|,,,,,Ghost
|inactive|Battle timer is ON: inactive players will automatically lose when time's up. (requested by mikodex)
|inactive|mikodex has 60 seconds left.
|inactive|Govek314 has 60 seconds left.
|inactive|mikodex has 30 seconds left.
|inactive|mikodex has 20 seconds left.
|inactive|mikodex has 15 seconds left.
|
|t:|1756851893
|teamsize|p1|4
|teamsize|p2|4
|start
|switch|p1a: Flamigo|Flamigo, L50, M|100/100
|switch|p1b: rex|Garchomp, L50, M|100/100
|switch|p2a: Weezing|Weezing-Galar, L50, M, shiny|100/100
|switch|p2b: Hydreigon|Hydreigon, L50, M|100/100
|-ability|p2a: Weezing|Neutralizing Gas
|turn|1
|inactive|mikodex has 30 seconds left.
|
|t:|1756851918
|-terastallize|p2b: Hydreigon|Ghost
|move|p2a: Weezing|Protect|p2a: Weezing
|-singleturn|p2a: Weezing|Protect
|move|p1b: rex|Earthquake|p2a: Weezing|[spread] p2b
|-activate|p2a: Weezing|move: Protect
|-immune|p1a: Flamigo
|-damage|p2b: Hydreigon|54/100
|move|p2b: Hydreigon|Tailwind|p2b: Hydreigon
|-sidestart|p2: Govek314|move: Tailwind
|move|p1a: Flamigo|Close Combat|p2b: Hydreigon
|-immune|p2b: Hydreigon
|
|upkeep
|turn|2
|inactive|mikodex has 30 seconds left.
|inactive|mikodex has 20 seconds left.
|inactive|mikodex has 15 seconds left.
|
|t:|1756851959
|move|p1b: rex|Protect|p1b: rex
|-singleturn|p1b: rex|Protect
|move|p2b: Hydreigon|Draco Meteor|p1b: rex
|-activate|p1b: rex|move: Protect
|move|p2a: Weezing|Play Rough|p1a: Flamigo
|-supereffective|p1a: Flamigo
|-enditem|p1a: Flamigo|Focus Sash
|-damage|p1a: Flamigo|1/100
|move|p1a: Flamigo|Tailwind|p1a: Flamigo
|-sidestart|p1: mikodex|move: Tailwind
|
|upkeep
|turn|3
|inactive|mikodex has 30 seconds left.
|
|t:|1756851990
|-terastallize|p1b: rex|Steel
|move|p1a: Flamigo|Protect|p1a: Flamigo
|-singleturn|p1a: Flamigo|Protect
|move|p2a: Weezing|Protect|p2a: Weezing
|-singleturn|p2a: Weezing|Protect
|move|p1b: rex|Earthquake|p2a: Weezing|[spread] p2b
|-activate|p1a: Flamigo|move: Protect
|-activate|p2a: Weezing|move: Protect
|-damage|p2b: Hydreigon|11/100
|move|p2b: Hydreigon|Snarl|p1b: rex|[spread] 
|-activate|p1a: Flamigo|move: Protect
|-miss|p2b: Hydreigon|p1b: rex
|
|upkeep
|turn|4
|inactive|mikodex has 30 seconds left.
|inactive|Govek314 has 30 seconds left.
|
|t:|1756852024
|switch|p2b: Incineroar|Incineroar, L50, F, shiny|100/100
|-ability|p2b: Incineroar|Intimidate|boost
|-unboost|p1a: Flamigo|atk|1
|-fail|p1b: rex|unboost|[from] item: Clear Amulet|[of] p1b: rex
|switch|p1a: Amoonguss|Amoonguss, L50, F|100/100
|move|p1b: rex|Earthquake|p2b: Incineroar|[spread] p1a,p2a,p2b
|-supereffective|p2a: Weezing
|-supereffective|p2b: Incineroar
|-damage|p1a: Amoonguss|69/100
|-damage|p2a: Weezing|19/100
|-damage|p2b: Incineroar|29/100
|-enditem|p2a: Weezing|Sitrus Berry|[eat]
|-heal|p2a: Weezing|44/100|[from] item: Sitrus Berry
|move|p2a: Weezing|Play Rough|p1a: Amoonguss
|-resisted|p1a: Amoonguss
|-damage|p1a: Amoonguss|55/100
|
|-sideend|p2: Govek314|move: Tailwind
|upkeep
|turn|5
|inactive|mikodex has 30 seconds left.
|inactive|Govek314 has 30 seconds left.
|inactive|mikodex has 20 seconds left.
|inactive|mikodex has 15 seconds left.
|inactive|mikodex has 10 seconds left.
|
|t:|1756852072
|move|p1b: rex|Protect|p1b: rex
|-singleturn|p1b: rex|Protect
|move|p2b: Incineroar|Fake Out|p1b: rex
|-activate|p1b: rex|move: Protect
|move|p2a: Weezing|Gunk Shot|p1a: Amoonguss
|-damage|p1a: Amoonguss|16/100
|move|p1a: Amoonguss|Spore|p2b: Incineroar
|-status|p2b: Incineroar|slp|[from] move: Spore
|
|-sideend|p1: mikodex|move: Tailwind
|upkeep
|turn|6
|
|t:|1756852093
|switch|p1a: Flamigo|Flamigo, L50, M|1/100
|move|p2a: Weezing|Protect|p2a: Weezing
|-singleturn|p2a: Weezing|Protect
|move|p1b: rex|Earthquake|p2a: Weezing|[spread] p2b
|-activate|p2a: Weezing|move: Protect
|-immune|p1a: Flamigo
|-supereffective|p2b: Incineroar
|-damage|p2b: Incineroar|0 fnt
|faint|p2b: Incineroar
|
|upkeep
|
|t:|1756852107
|switch|p2b: Hydreigon|Hydreigon, L50, M, tera:Ghost|11/100
|turn|7
|
|t:|1756852126
|move|p1a: Flamigo|Protect|p1a: Flamigo
|-singleturn|p1a: Flamigo|Protect
|move|p1b: rex|Earthquake|p2a: Weezing|[spread] p2a,p2b
|-activate|p1a: Flamigo|move: Protect
|-supereffective|p2a: Weezing
|-damage|p2a: Weezing|0 fnt
|-damage|p2b: Hydreigon|0 fnt
|faint|p2a: Weezing
|-end|p2a: Weezing|ability: Neutralizing Gas
|faint|p2b: Hydreigon
|
|upkeep
|
|t:|1756852136
|switch|p2b: Ursaluna|Ursaluna-Bloodmoon, L50, M|100/100
|turn|8
|
|t:|1756852152
|move|p1b: rex|Earthquake|p2b: Ursaluna|[spread] p2b
|-immune|p1a: Flamigo
|-damage|p2b: Ursaluna|71/100
|move|p1a: Flamigo|Close Combat|p2b: Ursaluna
|-supereffective|p2b: Ursaluna
|-damage|p2b: Ursaluna|0 fnt
|-unboost|p1a: Flamigo|def|1
|-unboost|p1a: Flamigo|spd|1
|faint|p2b: Ursaluna
|
|win|mikodex
|l|☆mikodex
|player|p1|
||mikodex is ready for game 2.
