|j|☆rm1rex
|j|☆BlRD BOY
|html|rm1rexBlRD BOY    
|uhtml|bestof|Game 1 of a best-of-3
|t:|1783391141
|gametype|doubles
|player|p1|rm1rex|170|1054
|player|p2|BlRD BOY|brycen|1077
|gen|9
|tier|[Gen 9 Champions] VGC 2026 Reg M-B (Bo3)
|rated|
|rule|Species Clause: Limit one of each Pokémon
|rule|Item Clause: Limit 1 of each item
|clearpoke
|poke|p1|Floette-Eternal, L50, F|
|poke|p1|Volcarona, L50, M|
|poke|p1|Aerodactyl, L50, M|
|poke|p1|Gholdengo, L50|
|poke|p1|Klefki, L50, M|
|poke|p1|Altaria, L50, M|
|poke|p2|Torkoal, L50, F|
|poke|p2|Avalugg-Hisui, L50, F|
|poke|p2|Farigiraf, L50, F|
|poke|p2|Scrafty, L50, M|
|poke|p2|Typhlosion-Hisui, L50, F|
|poke|p2|Sinistcha-Masterpiece, L50|
|teampreview|4
|showteam|p1|Floette-Eternal||Floettite|FlowerVeil|LightofRuin,Protect,Psychic,CalmMind|Timid||F|||50|]Volcarona||FocusSash|FlameBody|HeatWave,GigaDrain,QuiverDance,Protect|Modest||M|||50|]Aerodactyl||Leftovers|Unnerve|Protect,Tailwind,RockSlide,DualWingbeat|Jolly||M|||50|]Gholdengo||ChoiceScarf|GoodasGold|MakeItRain,PowerGem,ShadowBall,DazzlingGleam|Timid|||||50|]Klefki||LightClay|Prankster|Reflect,LightScreen,Protect,ThunderWave|Bold||M|||50|]Altaria||Altarianite|CloudNine|HyperBeam,DracoMeteor,FireBlast,Tailwind|Timid||M|||50|
|showteam|p2|Torkoal||Charcoal|Drought|Protect,Eruption,WeatherBall,EarthPower|Quiet||F|||50|]Avalugg-Hisui||WideLens|Sturdy|MountainGale,RockSlide,BodyPress,WideGuard|Brave||F|||50|]Farigiraf||SitrusBerry|ArmorTail|PsychicFangs,Thunderbolt,HelpingHand,TrickRoom|Relaxed||F|||50|]Scrafty||Scraftinite|Intimidate|Detect,KnockOff,CloseCombat,FakeOut|Brave||M|||50|]Typhlosion-Hisui||ChoiceScarf|Frisk|Eruption,HeatWave,ShadowBall,SolarBeam|Modest||F|||50|]Sinistcha-Masterpiece||KasibBerry|Hospitality|MatchaGotcha,ShadowBall,RagePowder,TrickRoom|Sassy|||||50|
|
|t:|1783391180
|teamsize|p1|4
|teamsize|p2|4
|start
|switch|p1a: Altaria|Altaria, L50, M|100/100
|switch|p1b: Volcarona|Volcarona, L50, M|100/100
|switch|p2a: Torkoal|Torkoal, L50, F|100/100
|switch|p2b: Typhlosion|Typhlosion-Hisui, L50, F|100/100
|-item|p1a: Altaria|Altarianite|[from] ability: Frisk|[of] p2b: Typhlosion
|-item|p1b: Volcarona|Focus Sash|[from] ability: Frisk|[of] p2b: Typhlosion
|-ability|p1a: Altaria|Cloud Nine
|-weather|SunnyDay|[from] ability: Drought|[of] p2a: Torkoal
|turn|1
|
|t:|1783391199
|switch|p1b: Aerodactyl|Aerodactyl, L50, M|100/100
|-ability|p1b: Aerodactyl|Unnerve
|move|p2b: Typhlosion|Shadow Ball|p1a: Altaria
|-damage|p1a: Altaria|54/100
|-unboost|p1a: Altaria|spd|1
|move|p1a: Altaria|Tailwind|p1a: Altaria
|-sidestart|p1: rm1rex|move: Tailwind
|move|p2a: Torkoal|Eruption|p1a: Altaria|[spread] p1a,p1b
|-resisted|p1a: Altaria|1
|-resisted|p1b: Aerodactyl|1
|-damage|p1a: Altaria|7/100
|-damage|p1b: Aerodactyl|58/100
|
|-weather|SunnyDay|[upkeep]
|-heal|p1b: Aerodactyl|64/100|[from] item: Leftovers
|upkeep
|turn|2
|
|t:|1783391232
|switch|p2b: Scrafty|Scrafty, L50, M|100/100
|-ability|p2b: Scrafty|Intimidate|boost
|-unboost|p1a: Altaria|atk|1
|-unboost|p1b: Aerodactyl|atk|1
|move|p1b: Aerodactyl|Rock Slide|p2b: Scrafty|[spread] p2a,p2b
|-supereffective|p2a: Torkoal|1
|-resisted|p2b: Scrafty|1
|-damage|p2a: Torkoal|72/100
|-damage|p2b: Scrafty|93/100
|move|p1a: Altaria|Draco Meteor|p2b: Scrafty
|-damage|p2b: Scrafty|54/100
|-unboost|p1a: Altaria|spa|2
|cant|p2a: Torkoal|flinch
|
|-weather|SunnyDay|[upkeep]
|-heal|p1b: Aerodactyl|70/100|[from] item: Leftovers
|upkeep
|turn|3
|inactive|Battle timer is ON: inactive players will automatically lose when time's up. (requested by BlRD BOY)
|
|t:|1783391268
|switch|p1a: Volcarona|Volcarona, L50, M|100/100
|switch|p2a: Farigiraf|Farigiraf, L50, F|100/100
|detailschange|p2b: Scrafty|Scrafty-Mega, L50, M
|-mega|p2b: Scrafty|Scrafty|Scraftinite
|-ability|p2b: Scrafty|Intimidate|boost
|-unboost|p1a: Volcarona|atk|1
|-unboost|p1b: Aerodactyl|atk|1
|move|p2b: Scrafty|Fake Out|p1a: Volcarona
|-damage|p1a: Volcarona|73/100
|move|p1b: Aerodactyl|Rock Slide|p2a: Farigiraf|[spread] p2a,p2b
|-crit|p2a: Farigiraf
|-resisted|p2b: Scrafty|1
|-damage|p2a: Farigiraf|69/100
|-damage|p2b: Scrafty|48/100
|
|-weather|SunnyDay|[upkeep]
|-heal|p1b: Aerodactyl|75/100|[from] item: Leftovers
|upkeep
|turn|4
|inactive|BlRD BOY has 30 seconds left.
|
|t:|1783391294
|switch|p1b: Gholdengo|Gholdengo, L50|100/100
|move|p1a: Volcarona|Heat Wave|p2b: Scrafty|[spread] p2a,p2b
|-damage|p2a: Farigiraf|6/100
|-damage|p2b: Scrafty|0 fnt
|-enditem|p2a: Farigiraf|Sitrus Berry|[eat]
|-heal|p2a: Farigiraf|30/100|[from] item: Sitrus Berry
|faint|p2b: Scrafty
|move|p2a: Farigiraf|Trick Room|p2a: Farigiraf
|-fieldstart|move: Trick Room|[of] p2a: Farigiraf
|
|-weather|SunnyDay|[upkeep]
|-sideend|p1: rm1rex|move: Tailwind
|upkeep
|
|t:|1783391299
|switch|p2b: Torkoal|Torkoal, L50, F|72/100
|turn|5
|
|t:|1783391324
|switch|p1b: Aerodactyl|Aerodactyl, L50, M|75/100
|-ability|p1b: Aerodactyl|Unnerve
|move|p2b: Torkoal|Eruption|p1b: Aerodactyl|[spread] p1a,p1b
|-resisted|p1b: Aerodactyl|1
|-crit|p1b: Aerodactyl
|-damage|p1a: Volcarona|8/100
|-damage|p1b: Aerodactyl|8/100
|move|p2a: Farigiraf|Psychic Fangs|p1a: Volcarona
|-damage|p1a: Volcarona|0 fnt
|faint|p1a: Volcarona
|
|-weather|none
|-heal|p1b: Aerodactyl|14/100|[from] item: Leftovers
|upkeep
|
|t:|1783391338
|switch|p1a: Altaria|Altaria, L50, M|7/100
|-ability|p1a: Altaria|Cloud Nine
|turn|6
|
|t:|1783391354
|detailschange|p1a: Altaria|Altaria-Mega, L50, M
|-mega|p1a: Altaria|Altaria|Altarianite
|move|p2a: Farigiraf|Helping Hand|p2b: Torkoal
|-singleturn|p2b: Torkoal|Helping Hand|[of] p2a: Farigiraf
|move|p1b: Aerodactyl|Protect|p1b: Aerodactyl
|-singleturn|p1b: Aerodactyl|Protect
|move|p2b: Torkoal|Eruption|p1a: Altaria|[spread] p1a
|-activate|p1b: Aerodactyl|move: Protect
|-resisted|p1a: Altaria|1
|-damage|p1a: Altaria|0 fnt
|faint|p1a: Altaria
|
|-heal|p1b: Aerodactyl|20/100y|[from] item: Leftovers
|upkeep
|
|t:|1783391364
|switch|p1a: Gholdengo|Gholdengo, L50|100/100
|turn|7
|
|t:|1783391368
|move|p2a: Farigiraf|Helping Hand|p2b: Torkoal
|-singleturn|p2b: Torkoal|Helping Hand|[of] p2a: Farigiraf
|move|p2b: Torkoal|Eruption|p1a: Gholdengo|[spread] p1a,p1b
|-supereffective|p1a: Gholdengo|1
|-resisted|p1b: Aerodactyl|1
|-damage|p1a: Gholdengo|0 fnt
|-damage|p1b: Aerodactyl|0 fnt
|faint|p1a: Gholdengo
|faint|p1b: Aerodactyl
|
|win|BlRD BOY
||rm1rex is ready for game 2.
|inactive|BlRD BOY has 30 seconds to confirm battle start!
||BlRD BOY is ready for game 2.
|uhtml|next|Next: Game 2 of 3
|l|☆rm1rex
|player|p1|
|l|☆BlRD BOY
|player|p2|
|j|☆BlRD BOY
|player|p2|BlRD BOY|brycen|
