|j|☆Its Sushiii
|j|☆Flatbread42
|html|Its SushiiiFlatbread42    
|uhtml|bestof|Game 3 of a best-of-3
|t:|1785283649
|gametype|doubles
|player|p1|Its Sushiii|102|1372
|player|p2|Flatbread42|170|1263
|gen|9
|tier|[Gen 9 Champions] VGC 2026 Reg M-B (Bo3)
|rated|
|rule|Species Clause: Limit one of each Pokémon
|rule|Item Clause: Limit 1 of each item
|clearpoke
|poke|p1|Excadrill, L50, M, shiny|
|poke|p1|Tyranitar, L50, M|
|poke|p1|Farigiraf, L50, M|
|poke|p1|Sylveon, L50, F|
|poke|p1|Charizard, L50, F|
|poke|p1|Milotic, L50, F|
|poke|p2|Charizard, L50, F|
|poke|p2|Garchomp, L50, M|
|poke|p2|Kingambit, L50, F|
|poke|p2|Farigiraf, L50, F|
|poke|p2|Basculegion, L50, M|
|poke|p2|Whimsicott, L50, M|
|teampreview|4
|showteam|p1|Excadrill||FocusSash|SandRush|IronHead,HighHorsepower,RockSlide,Protect|Adamant||M|||50|]Tyranitar||Tyranitarite|SandStream|RockSlide,KnockOff,LowKick,Protect|Adamant||M|||50|]Farigiraf||SitrusBerry|ArmorTail|Psychic,Thunderbolt,TrickRoom,Protect|Relaxed||M|||50|]Sylveon||LifeOrb|Pixilate|HyperVoice,HyperBeam,QuickAttack,Detect|Quiet||F|||50|]Charizard||CharizarditeY|Blaze|HeatWave,SolarBeam,WeatherBall,Protect|Modest||F|||50|]Milotic||Leftovers|Competitive|Scald,IceBeam,IcyWind,Protect|Modest||F|||50|
|showteam|p2|Charizard||CharizarditeY|Blaze|Protect,SolarBeam,WeatherBall,HeatWave|Modest||F|||50|]Garchomp||LifeOrb|RoughSkin|Protect,RockSlide,StompingTantrum,DragonClaw|Jolly||M|||50|]Kingambit||ChopleBerry|Defiant|Protect,SuckerPunch,LowKick,KowtowCleave|Brave||F|||50|]Farigiraf||SitrusBerry|ArmorTail|Protect,TrickRoom,Thunderbolt,Psychic|Relaxed||F|||50|]Basculegion||MysticWater|Adaptability|Protect,AquaJet,LastRespects,WaveCrash|Adamant||M|||50|]Whimsicott||FocusSash|Prankster|Protect,Encore,Tailwind,Moonblast|Timid||M|||50|
|inactive|Battle timer is ON: inactive players will automatically lose when time's up. (requested by Its Sushiii)
|inactive|Its Sushiii has 60 seconds left.
|inactive|Flatbread42 has 60 seconds left.
|inactive|Flatbread42 has 30 seconds left.
|inactive|Flatbread42 has 20 seconds left.
|inactive|Flatbread42 has 15 seconds left.
|inactive|Flatbread42 has 10 seconds left.
|
|t:|1785283736
|teamsize|p1|4
|teamsize|p2|4
|start
|switch|p1a: Tyranitar|Tyranitar, L50, M|100/100
|switch|p1b: Milotic|Milotic, L50, F|100/100
|switch|p2a: Garchomp|Garchomp, L50, M|100/100
|switch|p2b: Charizard|Charizard, L50, F|100/100
|-weather|Sandstorm|[from] ability: Sand Stream|[of] p1a: Tyranitar
|turn|1
|inactive|Its Sushiii has 30 seconds left.
|inactive|Flatbread42 has 30 seconds left.
|inactive|Flatbread42 has 20 seconds left.
|inactive|Flatbread42 has 15 seconds left.
|inactive|Flatbread42 has 10 seconds left.
|
|t:|1785283783
|switch|p2a: Kingambit|Kingambit, L50, F|100/100
|move|p2b: Charizard|Protect|p2b: Charizard
|-singleturn|p2b: Charizard|Protect
|move|p1b: Milotic|Protect|p1b: Milotic
|-singleturn|p1b: Milotic|Protect
|move|p1a: Tyranitar|Protect||[still]
|-fail|p1a: Tyranitar
|
|-weather|Sandstorm|[upkeep]
|-damage|p2b: Charizard|93/100|[from] Sandstorm
|-damage|p1b: Milotic|94/100|[from] Sandstorm
|-heal|p1b: Milotic|100/100|[from] item: Leftovers
|upkeep
|turn|2
|inactive|Its Sushiii has 30 seconds left.
|inactive|Flatbread42 has 30 seconds left.
|inactive|Its Sushiii has 20 seconds left.
|inactive|Flatbread42 has 20 seconds left.
|inactive|Its Sushiii has 15 seconds left.
|inactive|Its Sushiii has 10 seconds left.
|inactive|Its Sushiii has 5 seconds left.
|
|t:|1785283836
|switch|p2b: Garchomp|Garchomp, L50, M|100/100
|detailschange|p1a: Tyranitar|Tyranitar-Mega, L50, M
|-mega|p1a: Tyranitar|Tyranitar|Tyranitarite
|move|p1a: Tyranitar|Protect|p1a: Tyranitar
|-singleturn|p1a: Tyranitar|Protect
|move|p2a: Kingambit|Protect|p2a: Kingambit
|-singleturn|p2a: Kingambit|Protect
|move|p1b: Milotic|Scald|p2a: Kingambit
|-activate|p2a: Kingambit|move: Protect
|
|-weather|Sandstorm|[upkeep]
|-damage|p1b: Milotic|94/100|[from] Sandstorm
|-heal|p1b: Milotic|100/100|[from] item: Leftovers
|upkeep
|turn|3
|inactive|Its Sushiii has 30 seconds left.
|inactive|Flatbread42 has 30 seconds left.
|
|t:|1785283867
|switch|p1a: Sylveon|Sylveon, L50, F|100/100
|switch|p2a: Whimsicott|Whimsicott, L50, M|100/100
|move|p2b: Garchomp|Stomping Tantrum|p1a: Sylveon
|-damage|p1a: Sylveon|45/100
|-damage|p2b: Garchomp|90/100|[from] item: Life Orb
|move|p1b: Milotic|Scald|p2a: Whimsicott
|-resisted|p2a: Whimsicott|1
|-damage|p2a: Whimsicott|71/100
|-status|p2a: Whimsicott|brn
|
|-weather|Sandstorm|[upkeep]
|-damage|p2a: Whimsicott|65/100 brn|[from] Sandstorm
|-damage|p1b: Milotic|94/100|[from] Sandstorm
|-damage|p1a: Sylveon|39/100|[from] Sandstorm
|-heal|p1b: Milotic|100/100|[from] item: Leftovers
|-damage|p2a: Whimsicott|60/100 brn|[from] brn
|upkeep
|turn|4
|inactive|Its Sushiii has 30 seconds left.
|inactive|Flatbread42 has 30 seconds left.
|inactive|Flatbread42 has 20 seconds left.
|
|t:|1785283906
|move|p1a: Sylveon|Detect|p1a: Sylveon
|-singleturn|p1a: Sylveon|Protect
|move|p2a: Whimsicott|Encore|p1b: Milotic
|-start|p1b: Milotic|Encore
|move|p2b: Garchomp|Stomping Tantrum|p1a: Sylveon
|-activate|p1a: Sylveon|move: Protect
|move|p1b: Milotic|Scald|p2b: Garchomp
|-damage|p2b: Garchomp|54/100
|
|-weather|Sandstorm|[upkeep]
|-damage|p2a: Whimsicott|54/100 brn|[from] Sandstorm
|-damage|p1b: Milotic|94/100|[from] Sandstorm
|-damage|p1a: Sylveon|33/100|[from] Sandstorm
|-heal|p1b: Milotic|100/100|[from] item: Leftovers
|-damage|p2a: Whimsicott|48/100 brn|[from] brn
|upkeep
|turn|5
|inactive|Its Sushiii has 30 seconds left.
|
|t:|1785283931
|switch|p1a: Farigiraf|Farigiraf, L50, M|100/100
|move|p2a: Whimsicott|Encore||[still]
|cant|p1a: Farigiraf|ability: Armor Tail|Encore|[of] p2a: Whimsicott
|move|p2b: Garchomp|Dragon Claw|p1b: Milotic
|-damage|p1b: Milotic|49/100
|-damage|p2b: Garchomp|44/100|[from] item: Life Orb
|move|p1b: Milotic|Scald|p2b: Garchomp
|-damage|p2b: Garchomp|2/100
|
|-weather|none
|-heal|p1b: Milotic|54/100|[from] item: Leftovers
|-damage|p2a: Whimsicott|42/100 brn|[from] brn
|upkeep
|turn|6
|inactive|Its Sushiii has 30 seconds left.
|inactive|Flatbread42 has 30 seconds left.
|inactive|Its Sushiii has 20 seconds left.
|inactive|Its Sushiii has 15 seconds left.
|
|t:|1785283976
|move|p2a: Whimsicott|Moonblast|p1a: Farigiraf
|-damage|p1a: Farigiraf|65/100
|-unboost|p1a: Farigiraf|spa|1
|move|p2b: Garchomp|Rock Slide|p1a: Farigiraf|[spread] p1a,p1b
|-damage|p1a: Farigiraf|45/100
|-damage|p1b: Milotic|29/100
|-enditem|p1a: Farigiraf|Sitrus Berry|[eat]
|-heal|p1a: Farigiraf|70/100|[from] item: Sitrus Berry
|-damage|p2b: Garchomp|0 fnt|[from] item: Life Orb
|faint|p2b: Garchomp
|move|p1b: Milotic|Scald|p2a: Whimsicott
|-resisted|p2a: Whimsicott|1
|-damage|p2a: Whimsicott|11/100 brn
|move|p1a: Farigiraf|Psychic|p2a: Whimsicott
|-damage|p2a: Whimsicott|0 fnt
|faint|p2a: Whimsicott
|
|-heal|p1b: Milotic|35/100|[from] item: Leftovers
|-end|p1b: Milotic|Encore
|upkeep
|
|t:|1785283997
|switch|p2a: Kingambit|Kingambit, L50, F|100/100
|switch|p2b: Charizard|Charizard, L50, F|93/100
|turn|7
|
|t:|1785284019
|move|p1b: Milotic|Protect|p1b: Milotic
|-singleturn|p1b: Milotic|Protect
|move|p1a: Farigiraf|Protect|p1a: Farigiraf
|-singleturn|p1a: Farigiraf|Protect
|move|p2a: Kingambit|Sucker Punch||[still]
|cant|p1a: Farigiraf|ability: Armor Tail|Sucker Punch|[of] p2a: Kingambit
|move|p2b: Charizard|Heat Wave|p1a: Farigiraf|[spread] 
|-activate|p1a: Farigiraf|move: Protect
|-activate|p1b: Milotic|move: Protect
|
|-heal|p1b: Milotic|41/100|[from] item: Leftovers
|upkeep
|turn|8
|inactive|Its Sushiii has 30 seconds left.
|inactive|Flatbread42 has 30 seconds left.
|inactive|Its Sushiii has 20 seconds left.
|
|t:|1785284058
|detailschange|p2b: Charizard|Charizard-Mega-Y, L50, F
|-mega|p2b: Charizard|Charizard|Charizardite Y
|-weather|SunnyDay|[from] ability: Drought|[of] p2b: Charizard
|move|p2b: Charizard|Weather Ball|p1a: Farigiraf
|-damage|p1a: Farigiraf|0 fnt
|faint|p1a: Farigiraf
|move|p1b: Milotic|Scald|p2a: Kingambit
|-damage|p2a: Kingambit|82/100
|move|p2a: Kingambit|Kowtow Cleave|p1b: Milotic
|-damage|p1b: Milotic|0 fnt
|faint|p1b: Milotic
|
|-weather|SunnyDay|[upkeep]
|upkeep
|
|t:|1785284071
|switch|p1b: Tyranitar|Tyranitar-Mega, L50, M|100/100
|switch|p1a: Sylveon|Sylveon, L50, F|33/100
|-weather|Sandstorm|[from] ability: Sand Stream|[of] p1b: Tyranitar
|turn|9
|inactive|Its Sushiii has 30 seconds left.
|
|t:|1785284102
|move|p1a: Sylveon|Detect|p1a: Sylveon
|-singleturn|p1a: Sylveon|Protect
|move|p2a: Kingambit|Protect|p2a: Kingambit
|-singleturn|p2a: Kingambit|Protect
|move|p2b: Charizard|Heat Wave|p1a: Sylveon|[spread] p1b
|-activate|p1a: Sylveon|move: Protect
|-resisted|p1b: Tyranitar|1
|-damage|p1b: Tyranitar|89/100
|move|p1b: Tyranitar|Rock Slide|p2b: Charizard|[spread] p2b
|-activate|p2a: Kingambit|move: Protect
|-supereffective|p2b: Charizard|2
|-damage|p2b: Charizard|0 fnt
|faint|p2b: Charizard
|
|-weather|Sandstorm|[upkeep]
|-damage|p1a: Sylveon|27/100|[from] Sandstorm
|upkeep
|turn|10
|
|t:|1785284123
|move|p1b: Tyranitar|Low Kick|p2a: Kingambit
|-supereffective|p2a: Kingambit|2
|-enditem|p2a: Kingambit|Chople Berry|[eat]
|-enditem|p2a: Kingambit|Chople Berry|[weaken]
|-damage|p2a: Kingambit|15/100
|move|p1a: Sylveon|Hyper Beam|p2a: Kingambit
|-damage|p2a: Kingambit|0 fnt
|-mustrecharge|p1a: Sylveon
|faint|p2a: Kingambit
|-damage|p1a: Sylveon|18/100|[from] item: Life Orb
|
|win|Its Sushiii
|raw|Its Sushiii's rating: 1372 → 1386(+14 for winning)
|raw|Flatbread42's rating: 1263 → 1246(-17 for losing)
|l|☆Flatbread42
|player|p2|
