|j|☆big electric fan
|j|☆is_katabo
|html|big electric fanis_katabo    
|uhtml|bestof|Game 2 of a best-of-3
|t:|1784330130
|gametype|doubles
|player|p1|big electric fan|liza|1272
|player|p2|is_katabo|youngster-gen4dp|1296
|gen|9
|tier|[Gen 9 Champions] VGC 2026 Reg M-B (Bo3)
|rated|
|rule|Species Clause: Limit one of each Pokémon
|rule|Item Clause: Limit 1 of each item
|clearpoke
|poke|p1|Scrafty, L50, M|
|poke|p1|Metagross, L50|
|poke|p1|Mamoswine, L50, M|
|poke|p1|Toxapex, L50, M|
|poke|p1|Dragonite, L50, F|
|poke|p1|Charizard, L50, M|
|poke|p2|Metagross, L50|
|poke|p2|Sinistcha, L50|
|poke|p2|Incineroar, L50, F|
|poke|p2|Dragonite, L50, F|
|poke|p2|Ninetales-Alola, L50, F|
|poke|p2|Milotic, L50, F|
|teampreview|4
|showteam|p1|Scrafty||Scraftinite|Intimidate|ThroatChop,DrainPunch,FakeOut,Protect|Impish||M|||50|]Metagross||MetalCoat|ClearBody|MeteorMash,PsychicFangs,BulletPunch,Protect|Adamant|||||50|]Mamoswine||FocusSash|Oblivious|Earthquake,IcicleCrash,IceShard,Protect|Adamant||M|||50|]Toxapex||Leftovers|Regenerator|Infestation,Toxic,WideGuard,BanefulBunker|Bold||M|||50|]Dragonite||DragonFang|Multiscale|DragonClaw,ExtremeSpeed,FirePunch,Protect|Adamant||F|||50|]Charizard||CharizarditeY|Blaze|HeatWave,SolarBeam,WeatherBall,Protect|Timid||M|||50|
|showteam|p2|Metagross||Metagrossite|ClearBody|PsychicFangs,BodyPress,CosmicPower,Protect|Careful|||||50|]Sinistcha||KasibBerry|Hospitality|MatchaGotcha,ShadowBall,RagePowder,Protect|Bold|||||50|]Incineroar||SitrusBerry|Intimidate|FakeOut,DarkestLariat,FlareBlitz,PartingShot|Careful||F|||50|]Dragonite||Dragoninite|Multiscale|DragonPulse,HeatWave,Tailwind,Protect|Timid||F|||50|]Ninetales-Alola||FocusSash|SnowWarning|Blizzard,FreezeDry,Encore,Protect|Timid||F|||50|]Milotic||Leftovers|Competitive|MuddyWater,Hypnosis,Coil,Protect|Calm||F|||50|
|inactive|Battle timer is ON: inactive players will automatically lose when time's up. (requested by big electric fan)
|
|t:|1784330163
|teamsize|p1|4
|teamsize|p2|4
|start
|switch|p1a: Charizard|Charizard, L50, M|100/100
|switch|p1b: Scrafty|Scrafty, L50, M|100/100
|switch|p2a: Milotic|Milotic, L50, F|100/100
|switch|p2b: Incineroar|Incineroar, L50, F|100/100
|-ability|p2b: Incineroar|Intimidate|boost
|-unboost|p1a: Charizard|atk|1
|-unboost|p1b: Scrafty|atk|1
|-ability|p1b: Scrafty|Intimidate|boost
|-unboost|p2a: Milotic|atk|1
|-ability|p2a: Milotic|Competitive|boost
|-boost|p2a: Milotic|spa|2
|-unboost|p2b: Incineroar|atk|1
|turn|1
|
|t:|1784330179
|detailschange|p1a: Charizard|Charizard-Mega-Y, L50, M
|-mega|p1a: Charizard|Charizard|Charizardite Y
|-weather|SunnyDay|[from] ability: Drought|[of] p1a: Charizard
|move|p2b: Incineroar|Fake Out|p1a: Charizard
|-damage|p1a: Charizard|92/100
|move|p1b: Scrafty|Fake Out|p2a: Milotic
|-damage|p2a: Milotic|93/100
|cant|p1a: Charizard|flinch
|cant|p2a: Milotic|flinch
|
|-weather|SunnyDay|[upkeep]
|-heal|p2a: Milotic|99/100|[from] item: Leftovers
|upkeep
|turn|2
|
|t:|1784330195
|switch|p1b: Toxapex|Toxapex, L50, M|100/100
|move|p1a: Charizard|Solar Beam||[still]
|-prepare|p1a: Charizard|Solar Beam
|-anim|p1a: Charizard|Solar Beam|p2a: Milotic
|-supereffective|p2a: Milotic|1
|-damage|p2a: Milotic|51/100
|move|p2a: Milotic|Coil|p2a: Milotic
|-boost|p2a: Milotic|atk|1
|-boost|p2a: Milotic|def|1
|-boost|p2a: Milotic|accuracy|1
|move|p2b: Incineroar|Parting Shot|p1a: Charizard
|-unboost|p1a: Charizard|atk|1
|-unboost|p1a: Charizard|spa|1
|
|t:|1784330207
|switch|p2b: Sinistcha|Sinistcha, L50|100/100|[from] Parting Shot
|-heal|p2a: Milotic|76/100|[from] ability: Hospitality|[of] p2b: Sinistcha
|
|-weather|SunnyDay|[upkeep]
|-heal|p2a: Milotic|82/100|[from] item: Leftovers
|upkeep
|turn|3
|
|t:|1784330219
|switch|p2b: Incineroar|Incineroar, L50, F|100/100
|-ability|p2b: Incineroar|Intimidate|boost
|-unboost|p1a: Charizard|atk|1
|-unboost|p1b: Toxapex|atk|1
|move|p2a: Milotic|Protect|p2a: Milotic
|-singleturn|p2a: Milotic|Protect
|move|p1a: Charizard|Weather Ball|p2b: Incineroar
|-resisted|p2b: Incineroar|1
|-damage|p2b: Incineroar|78/100
|move|p1b: Toxapex|Toxic|p2a: Milotic
|-activate|p2a: Milotic|move: Protect
|
|-weather|SunnyDay|[upkeep]
|-heal|p2a: Milotic|88/100|[from] item: Leftovers
|upkeep
|turn|4
|
|t:|1784330235
|switch|p1a: Mamoswine|Mamoswine, L50, M|100/100
|move|p2b: Incineroar|Fake Out|p1b: Toxapex
|-damage|p1b: Toxapex|92/100
|move|p2a: Milotic|Coil|p2a: Milotic
|-boost|p2a: Milotic|atk|1
|-boost|p2a: Milotic|def|1
|-boost|p2a: Milotic|accuracy|1
|cant|p1b: Toxapex|flinch
|
|-weather|SunnyDay|[upkeep]
|-heal|p2a: Milotic|94/100|[from] item: Leftovers
|-heal|p1b: Toxapex|98/100|[from] item: Leftovers
|upkeep
|turn|5
|inactive|big electric fan has 30 seconds left.
|inactive|is_katabo has 30 seconds left.
|
|t:|1784330273
|switch|p2b: Sinistcha|Sinistcha, L50|100/100
|-heal|p2a: Milotic|100/100|[from] ability: Hospitality|[of] p2b: Sinistcha
|move|p1b: Toxapex|Wide Guard|p1b: Toxapex
|-singleturn|p1b: Toxapex|Wide Guard
|move|p1a: Mamoswine|Earthquake|p2b: Sinistcha|[spread] p2a,p2b
|-activate|p1b: Toxapex|move: Wide Guard
|-resisted|p2b: Sinistcha|1
|-damage|p2a: Milotic|79/100
|-damage|p2b: Sinistcha|82/100
|move|p2a: Milotic|Hypnosis|p1a: Mamoswine
|-status|p1a: Mamoswine|slp|[from] move: Hypnosis
|
|-weather|none
|-heal|p2a: Milotic|85/100|[from] item: Leftovers
|-heal|p1b: Toxapex|100/100|[from] item: Leftovers
|upkeep
|turn|6
|
|t:|1784330291
|switch|p1a: Charizard|Charizard-Mega-Y, L50, M|92/100
|-weather|SunnyDay|[from] ability: Drought|[of] p1a: Charizard
|move|p2a: Milotic|Hypnosis|p1b: Toxapex
|-status|p1b: Toxapex|slp|[from] move: Hypnosis
|move|p2b: Sinistcha|Shadow Ball|p1a: Charizard
|-damage|p1a: Charizard|62/100
|cant|p1b: Toxapex|slp
|
|-weather|SunnyDay|[upkeep]
|-heal|p2a: Milotic|91/100|[from] item: Leftovers
|upkeep
|turn|7
|
|t:|1784330308
|switch|p2b: Incineroar|Incineroar, L50, F|78/100
|-ability|p2b: Incineroar|Intimidate|boost
|-unboost|p1a: Charizard|atk|1
|-unboost|p1b: Toxapex|atk|1
|move|p1a: Charizard|Heat Wave|p2a: Milotic|[spread] p2a,p2b
|-resisted|p2a: Milotic|1
|-resisted|p2b: Incineroar|1
|-damage|p2a: Milotic|74/100
|-damage|p2b: Incineroar|54/100
|move|p2a: Milotic|Muddy Water|p1a: Charizard|[spread] p1a,p1b
|-supereffective|p1a: Charizard|1
|-resisted|p1b: Toxapex|1
|-damage|p1a: Charizard|23/100
|-damage|p1b: Toxapex|91/100 slp
|-curestatus|p1b: Toxapex|slp|[msg]
|move|p1b: Toxapex|Toxic|p2a: Milotic
|-status|p2a: Milotic|tox
|
|-weather|SunnyDay|[upkeep]
|-heal|p2a: Milotic|80/100 tox|[from] item: Leftovers
|-heal|p1b: Toxapex|97/100|[from] item: Leftovers
|-damage|p2a: Milotic|74/100 tox|[from] psn
|upkeep
|turn|8
|inactive|is_katabo has 30 seconds left.
|inactive|is_katabo has 20 seconds left.
|inactive|is_katabo has 15 seconds left.
|inactive|is_katabo has 10 seconds left.
|inactive|is_katabo has 5 seconds left.
|
|t:|1784330363
|move|p2b: Incineroar|Fake Out|p1a: Charizard
|-damage|p1a: Charizard|11/100
|cant|p1a: Charizard|flinch
|move|p2a: Milotic|Muddy Water|p1b: Toxapex|[spread] p1a,p1b
|-supereffective|p1a: Charizard|1
|-resisted|p1b: Toxapex|1
|-damage|p1a: Charizard|0 fnt
|-damage|p1b: Toxapex|87/100
|faint|p1a: Charizard
|move|p1b: Toxapex|Toxic|p2b: Incineroar
|-status|p2b: Incineroar|tox
|
|-weather|SunnyDay|[upkeep]
|-heal|p2a: Milotic|80/100 tox|[from] item: Leftovers
|-heal|p1b: Toxapex|93/100|[from] item: Leftovers
|-damage|p2a: Milotic|68/100 tox|[from] psn
|-damage|p2b: Incineroar|48/100 tox|[from] psn
|upkeep
|-enditem|p2b: Incineroar|Sitrus Berry|[eat]
|-heal|p2b: Incineroar|73/100 tox|[from] item: Sitrus Berry
|
|t:|1784330382
|switch|p1a: Scrafty|Scrafty, L50, M|100/100
|-ability|p1a: Scrafty|Intimidate|boost
|-unboost|p2a: Milotic|atk|1
|-ability|p2a: Milotic|Competitive|boost
|-boost|p2a: Milotic|spa|2
|-unboost|p2b: Incineroar|atk|1
|turn|9
|
|t:|1784330390
|switch|p2b: Sinistcha|Sinistcha, L50|82/100
|-heal|p2a: Milotic|93/100 tox|[from] ability: Hospitality|[of] p2b: Sinistcha
|move|p1a: Scrafty|Fake Out|p2a: Milotic
|-damage|p2a: Milotic|89/100 tox
|cant|p2a: Milotic|flinch
|move|p1b: Toxapex|Infestation|p2b: Sinistcha
|-damage|p2b: Sinistcha|79/100
|-activate|p2b: Sinistcha|move: Infestation|[of] p1b: Toxapex
|
|-weather|SunnyDay|[upkeep]
|-heal|p2a: Milotic|95/100 tox|[from] item: Leftovers
|-heal|p1b: Toxapex|99/100|[from] item: Leftovers
|-damage|p2a: Milotic|77/100 tox|[from] psn
|-damage|p2b: Sinistcha|66/100|[from] move: Infestation|[partiallytrapped]
|upkeep
|turn|10
|
|t:|1784330408
|move|p2a: Milotic|Hypnosis|p1b: Toxapex
|-status|p1b: Toxapex|slp|[from] move: Hypnosis
|move|p2b: Sinistcha|Matcha Gotcha|p1b: Toxapex|[spread] p1a,p1b
|-damage|p1a: Scrafty|78/100
|-heal|p2b: Sinistcha|77/100|[from] drain|[of] p1a: Scrafty
|-damage|p1b: Toxapex|79/100 slp
|-heal|p2b: Sinistcha|86/100|[from] drain|[of] p1b: Toxapex
|move|p1a: Scrafty|Throat Chop|p2b: Sinistcha
|-supereffective|p2b: Sinistcha|1
|-damage|p2b: Sinistcha|42/100
|-start|p2b: Sinistcha|Throat Chop|[silent]
|cant|p1b: Toxapex|slp
|
|-weather|none
|-heal|p2a: Milotic|83/100 tox|[from] item: Leftovers
|-heal|p1b: Toxapex|85/100 slp|[from] item: Leftovers
|-damage|p2a: Milotic|59/100 tox|[from] psn
|-damage|p2b: Sinistcha|30/100|[from] move: Infestation|[partiallytrapped]
|upkeep
|turn|11
|
|t:|1784330424
|move|p1a: Scrafty|Protect|p1a: Scrafty
|-singleturn|p1a: Scrafty|Protect
|move|p2a: Milotic|Muddy Water|p1b: Toxapex|[spread] p1b
|-activate|p1a: Scrafty|move: Protect
|-resisted|p1b: Toxapex|1
|-damage|p1b: Toxapex|59/100 slp
|move|p2b: Sinistcha|Matcha Gotcha|p1a: Scrafty|[spread] p1b
|-activate|p1a: Scrafty|move: Protect
|-damage|p1b: Toxapex|39/100 slp
|-heal|p2b: Sinistcha|39/100|[from] drain|[of] p1b: Toxapex
|cant|p1b: Toxapex|slp
|
|-heal|p2a: Milotic|65/100 tox|[from] item: Leftovers
|-heal|p1b: Toxapex|45/100 slp|[from] item: Leftovers
|-damage|p2a: Milotic|35/100 tox|[from] psn
|-damage|p2b: Sinistcha|26/100|[from] move: Infestation|[partiallytrapped]
|-end|p2b: Sinistcha|Throat Chop|[silent]
|upkeep
|turn|12
|inactive|big electric fan has 30 seconds left.
|inactive|is_katabo has 30 seconds left.
|
|t:|1784330460
|switch|p2b: Incineroar|Incineroar, L50, F|73/100 tox
|-ability|p2b: Incineroar|Intimidate|boost
|-unboost|p1a: Scrafty|atk|1
|-unboost|p1b: Toxapex|atk|1
|-curestatus|p1b: Toxapex|slp|[msg]
|move|p1b: Toxapex|Wide Guard|p1b: Toxapex
|-singleturn|p1b: Toxapex|Wide Guard
|move|p2a: Milotic|Hypnosis|p1b: Toxapex
|-status|p1b: Toxapex|slp|[from] move: Hypnosis
|move|p1a: Scrafty|Throat Chop|p2a: Milotic
|-damage|p2a: Milotic|26/100 tox
|-start|p2a: Milotic|Throat Chop|[silent]
|
|-heal|p2a: Milotic|32/100 tox|[from] item: Leftovers
|-heal|p1b: Toxapex|50/100g slp|[from] item: Leftovers
|-damage|p2a: Milotic|0 fnt|[from] psn
|faint|p2a: Milotic
|-damage|p2b: Incineroar|67/100 tox|[from] psn
|upkeep
|
|t:|1784330467
|switch|p2a: Dragonite|Dragonite, L50, F|100/100
|turn|13
|
|t:|1784330486
|switch|p1a: Mamoswine|Mamoswine, L50, M|100/100 slp
|detailschange|p2a: Dragonite|Dragonite-Mega, L50, F
|-mega|p2a: Dragonite|Dragonite|Dragoninite
|move|p2a: Dragonite|Dragon Pulse|p1a: Mamoswine
|-damage|p1a: Mamoswine|27/100 slp
|move|p2b: Incineroar|Flare Blitz|p1a: Mamoswine
|-supereffective|p1a: Mamoswine|1
|-damage|p1a: Mamoswine|0 fnt
|faint|p1a: Mamoswine
|-damage|p2b: Incineroar|58/100 tox|[from] Recoil
|cant|p1b: Toxapex|slp
|
|-heal|p1b: Toxapex|56/100 slp|[from] item: Leftovers
|-damage|p2b: Incineroar|46/100 tox|[from] psn
|upkeep
|
|t:|1784330494
|switch|p1a: Scrafty|Scrafty, L50, M|78/100
|-ability|p1a: Scrafty|Intimidate|boost
|-unboost|p2a: Dragonite|atk|1
|-unboost|p2b: Incineroar|atk|1
|turn|14
|
|t:|1784330506
|move|p1a: Scrafty|Fake Out|p2a: Dragonite
|-damage|p2a: Dragonite|95/100
|cant|p2a: Dragonite|flinch
|move|p2b: Incineroar|Parting Shot|p1b: Toxapex
|-unboost|p1b: Toxapex|atk|1
|-unboost|p1b: Toxapex|spa|1
|
|t:|1784330508
|switch|p2b: Sinistcha|Sinistcha, L50|26/100|[from] Parting Shot
|-heal|p2a: Dragonite|100/100|[from] ability: Hospitality|[of] p2b: Sinistcha
|cant|p1b: Toxapex|slp
|
|-heal|p1b: Toxapex|62/100 slp|[from] item: Leftovers
|upkeep
|turn|15
|
|t:|1784330524
|move|p2a: Dragonite|Dragon Pulse|p1a: Scrafty
|-damage|p1a: Scrafty|39/100
|move|p2b: Sinistcha|Matcha Gotcha|p1a: Scrafty|[spread] p1a,p1b
|-damage|p1a: Scrafty|18/100
|-heal|p2b: Sinistcha|37/100|[from] drain|[of] p1a: Scrafty
|-damage|p1b: Toxapex|44/100 slp
|-heal|p2b: Sinistcha|45/100|[from] drain|[of] p1b: Toxapex
|-status|p1a: Scrafty|brn
|move|p1a: Scrafty|Throat Chop|p2b: Sinistcha
|-supereffective|p2b: Sinistcha|1
|-damage|p2b: Sinistcha|23/100
|-start|p2b: Sinistcha|Throat Chop|[silent]
|-curestatus|p1b: Toxapex|slp|[msg]
|move|p1b: Toxapex|Toxic|p2a: Dragonite
|-status|p2a: Dragonite|tox
|
|-heal|p1b: Toxapex|50/100g|[from] item: Leftovers
|-damage|p2a: Dragonite|94/100 tox|[from] psn
|-damage|p1a: Scrafty|12/100 brn|[from] brn
|upkeep
|turn|16
|
|t:|1784330545
|move|p1a: Scrafty|Protect|p1a: Scrafty
|-singleturn|p1a: Scrafty|Protect
|move|p2a: Dragonite|Dragon Pulse|p1a: Scrafty
|-activate|p1a: Scrafty|move: Protect
|move|p2b: Sinistcha|Matcha Gotcha|p1b: Toxapex|[spread] p1b
|-activate|p1a: Scrafty|move: Protect
|-damage|p1b: Toxapex|32/100
|-heal|p2b: Sinistcha|31/100|[from] drain|[of] p1b: Toxapex
|move|p1b: Toxapex|Infestation|p2b: Sinistcha
|-damage|p2b: Sinistcha|29/100
|-activate|p2b: Sinistcha|move: Infestation|[of] p1b: Toxapex
|
|-heal|p1b: Toxapex|38/100|[from] item: Leftovers
|-damage|p2a: Dragonite|82/100 tox|[from] psn
|-damage|p1a: Scrafty|6/100 brn|[from] brn
|-damage|p2b: Sinistcha|16/100|[from] move: Infestation|[partiallytrapped]
|-end|p2b: Sinistcha|Throat Chop|[silent]
|upkeep
|turn|17
|
|t:|1784330569
|switch|p2b: Incineroar|Incineroar, L50, F|46/100 tox
|-ability|p2b: Incineroar|Intimidate|boost
|-unboost|p1a: Scrafty|atk|1
|-unboost|p1b: Toxapex|atk|1
|move|p1a: Scrafty|Protect||[still]
|-fail|p1a: Scrafty
|move|p1b: Toxapex|Wide Guard|p1b: Toxapex
|-singleturn|p1b: Toxapex|Wide Guard
|move|p2a: Dragonite|Dragon Pulse|p1a: Scrafty
|-damage|p1a: Scrafty|0 fnt
|faint|p1a: Scrafty
|
|-heal|p1b: Toxapex|43/100|[from] item: Leftovers
|-damage|p2a: Dragonite|64/100 tox|[from] psn
|-damage|p2b: Incineroar|40/100 tox|[from] psn
|upkeep
|turn|18
|
|t:|1784330591
|move|p1b: Toxapex|Baneful Bunker||[still]
|-fail|p1b: Toxapex
|move|p2a: Dragonite|Dragon Pulse|p1b: Toxapex
|-damage|p1b: Toxapex|7/100
|move|p2b: Incineroar|Darkest Lariat|p1b: Toxapex
|-damage|p1b: Toxapex|0 fnt
|faint|p1b: Toxapex
|
|win|is_katabo
