|j|☆Storm206
|j|☆Undala
|html|Storm206Undala    
|uhtml|bestof|Game 2 of a best-of-3
|t:|1784133408
|gametype|doubles
|player|p1|Storm206|iris-gen5bw2|1000
|player|p2|Undala|266|1053
|gen|9
|tier|[Gen 9 Champions] VGC 2026 Reg M-B (Bo3)
|rated|
|rule|Species Clause: Limit one of each Pokémon
|rule|Item Clause: Limit 1 of each item
|clearpoke
|poke|p1|Scrafty, L50, M, shiny|
|poke|p1|Farigiraf, L50, M, shiny|
|poke|p1|Mamoswine, L50, F, shiny|
|poke|p1|Torkoal, L50, M, shiny|
|poke|p1|Pyroar, L50, F, shiny|
|poke|p1|Venusaur, L50, M, shiny|
|poke|p2|Charizard, L50, M|
|poke|p2|Whimsicott, L50, F, shiny|
|poke|p2|Kingambit, L50, F, shiny|
|poke|p2|Venusaur, L50, M, shiny|
|poke|p2|Kangaskhan, L50, F, shiny|
|poke|p2|Grimmsnarl, L50, M, shiny|
|teampreview|4
|showteam|p1|Scrafty||Scraftinite|Intimidate|DrainPunch,KnockOff,FakeOut,IcePunch|Adamant||M|||50|]Farigiraf||SitrusBerry|ArmorTail|Psychic,Thunderbolt,TrickRoom,Protect|Quiet||M|||50|]Mamoswine||FocusSash|Oblivious|IceShard,HighHorsepower,RockSlide,Protect|Jolly||F|||50|]Torkoal||HeatRock|Drought|Eruption,WeatherBall,HelpingHand,Protect|Quiet||M|||50|]Pyroar||Pyroarite|Unnerve|HeatWave,Overheat,ScorchingSands,Protect|Timid||F|||50|]Venusaur||LifeOrb|Overgrow|EnergyBall,SludgeBomb,EarthPower,Protect|Modest||M|||50|
|showteam|p2|Charizard||CharizarditeY|SolarPower|HeatWave,SolarBeam,AirSlash,Protect|Modest||M|||50|]Whimsicott||FocusSash|Prankster|Moonblast,Tailwind,Encore,SunnyDay|Bold||F|||50|]Kingambit||BlackGlasses|Defiant|KowtowCleave,SuckerPunch,IronHead,Protect|Brave||F|||50|]Venusaur||WideLens|Chlorophyll|EnergyBall,SleepPowder,SludgeBomb,Protect|Modest||M|||50|]Kangaskhan||Kangaskhanite|Scrappy|DoubleEdge,FakeOut,DrainPunch,RockSlide|Adamant||F|||50|]Grimmsnarl||Leftovers|Prankster|SpiritBreak,Reflect,LightScreen,FakeOut|Careful||M|||50|
|
|t:|1784133452
|teamsize|p1|4
|teamsize|p2|4
|start
|switch|p1a: Pyroar|Pyroar, L50, F, shiny|100/100
|switch|p1b: Mamoswine|Mamoswine, L50, F, shiny|100/100
|switch|p2a: Kangaskhan|Kangaskhan, L50, F, shiny|100/100
|switch|p2b: Grimmsnarl|Grimmsnarl, L50, M, shiny|100/100
|-ability|p1a: Pyroar|Unnerve
|turn|1
|inactive|Battle timer is ON: inactive players will automatically lose when time's up. (requested by Undala)
|
|t:|1784133480
|switch|p1b: Farigiraf|Farigiraf, L50, M, shiny|100/100
|detailschange|p1a: Pyroar|Pyroar-Mega, L50, F, shiny
|-mega|p1a: Pyroar|Pyroar|Pyroarite
|move|p2a: Kangaskhan|Fake Out||[still]
|cant|p1b: Farigiraf|ability: Armor Tail|Fake Out|[of] p2a: Kangaskhan
|move|p2b: Grimmsnarl|Fake Out||[still]
|cant|p1b: Farigiraf|ability: Armor Tail|Fake Out|[of] p2b: Grimmsnarl
|move|p1a: Pyroar|Heat Wave|p2a: Kangaskhan|[spread] p2a,p2b
|-damage|p2a: Kangaskhan|45/100
|-damage|p2b: Grimmsnarl|48/100
|
|-heal|p2b: Grimmsnarl|53/100|[from] item: Leftovers
|upkeep
|turn|2
|
|t:|1784133503
|move|p2b: Grimmsnarl|Light Screen|p2b: Grimmsnarl
|-sidestart|p2: Undala|move: Light Screen
|move|p1a: Pyroar|Heat Wave|p2a: Kangaskhan|[spread] p2a,p2b
|-damage|p2a: Kangaskhan|12/100
|-damage|p2b: Grimmsnarl|19/100
|move|p2a: Kangaskhan|Drain Punch|p1a: Pyroar
|-supereffective|p1a: Pyroar|1
|-damage|p1a: Pyroar|52/100
|-heal|p2a: Kangaskhan|30/100|[from] drain|[of] p1a: Pyroar
|move|p1b: Farigiraf|Thunderbolt|p2b: Grimmsnarl
|-damage|p2b: Grimmsnarl|2/100
|
|-heal|p2b: Grimmsnarl|8/100|[from] item: Leftovers
|upkeep
|turn|3
|
|t:|1784133522
|switch|p1b: Mamoswine|Mamoswine, L50, F, shiny|100/100
|detailschange|p2a: Kangaskhan|Kangaskhan-Mega, L50, F, shiny
|-mega|p2a: Kangaskhan|Kangaskhan|Kangaskhanite
|move|p1a: Pyroar|Heat Wave|p2b: Grimmsnarl|[spread] p2b
|-miss|p1a: Pyroar|p2a: Kangaskhan
|-damage|p2b: Grimmsnarl|0 fnt
|faint|p2b: Grimmsnarl
|move|p2a: Kangaskhan|Drain Punch|p1a: Pyroar
|-supereffective|p1a: Pyroar|1
|-damage|p1a: Pyroar|0 fnt
|-heal|p2a: Kangaskhan|50/100g|[from] drain|[of] p1a: Pyroar
|faint|p1a: Pyroar
|
|upkeep
|
|t:|1784133541
|switch|p1a: Venusaur|Venusaur, L50, M, shiny|100/100
|switch|p2b: Charizard|Charizard, L50, M|100/100
|turn|4
|
|t:|1784133561
|switch|p1a: Farigiraf|Farigiraf, L50, M, shiny|100/100
|move|p1b: Mamoswine|Protect|p1b: Mamoswine
|-singleturn|p1b: Mamoswine|Protect
|move|p2b: Charizard|Air Slash|p1a: Farigiraf
|-damage|p1a: Farigiraf|63/100
|move|p2a: Kangaskhan|Drain Punch|p1b: Mamoswine
|-activate|p1b: Mamoswine|move: Protect
|
|upkeep
|turn|5
|
|t:|1784133579
|move|p2b: Charizard|Heat Wave|p1b: Mamoswine|[spread] p1a
|-miss|p2b: Charizard|p1b: Mamoswine
|-damage|p1a: Farigiraf|27/100
|-enditem|p1a: Farigiraf|Sitrus Berry|[eat]
|-heal|p1a: Farigiraf|52/100|[from] item: Sitrus Berry
|move|p1b: Mamoswine|Rock Slide|p2b: Charizard|[spread] p2b
|-miss|p1b: Mamoswine|p2a: Kangaskhan
|-supereffective|p2b: Charizard|2
|-damage|p2b: Charizard|0 fnt
|faint|p2b: Charizard
|move|p2a: Kangaskhan|Drain Punch|p1b: Mamoswine
|-supereffective|p1b: Mamoswine|1
|-damage|p1b: Mamoswine|47/100
|-heal|p2a: Kangaskhan|74/100|[from] drain|[of] p1b: Mamoswine
|-supereffective|p1b: Mamoswine|1
|-damage|p1b: Mamoswine|35/100
|-heal|p2a: Kangaskhan|79/100|[from] drain|[of] p1b: Mamoswine
|-hitcount|p1b: Mamoswine|2
|move|p1a: Farigiraf|Thunderbolt|p2a: Kangaskhan
|-damage|p2a: Kangaskhan|65/100
|
|upkeep
|
|t:|1784133599
|switch|p2b: Kingambit|Kingambit, L50, F, shiny|100/100
|turn|6
|
|t:|1784133620
|move|p1a: Farigiraf|Protect|p1a: Farigiraf
|-singleturn|p1a: Farigiraf|Protect
|move|p1b: Mamoswine|High Horsepower|p2b: Kingambit
|-supereffective|p2b: Kingambit|1
|-damage|p2b: Kingambit|29/100
|move|p2a: Kangaskhan|Drain Punch|p1b: Mamoswine
|-supereffective|p1b: Mamoswine|1
|-crit|p1b: Mamoswine
|-damage|p1b: Mamoswine|0 fnt
|-heal|p2a: Kangaskhan|81/100|[from] drain|[of] p1b: Mamoswine
|faint|p1b: Mamoswine
|move|p2b: Kingambit|Kowtow Cleave|p1a: Farigiraf
|-activate|p1a: Farigiraf|move: Protect
|
|-sideend|p2: Undala|move: Light Screen
|upkeep
|
|t:|1784133635
|switch|p1b: Venusaur|Venusaur, L50, M, shiny|100/100
|turn|7
|
|t:|1784133648
|move|p1b: Venusaur|Earth Power|p2b: Kingambit
|-supereffective|p2b: Kingambit|1
|-damage|p2b: Kingambit|0 fnt
|faint|p2b: Kingambit
|-damage|p1b: Venusaur|90/100|[from] item: Life Orb
|move|p2a: Kangaskhan|Drain Punch|p1a: Farigiraf
|-damage|p1a: Farigiraf|28/100
|-heal|p2a: Kangaskhan|93/100|[from] drain|[of] p1a: Farigiraf
|-damage|p1a: Farigiraf|22/100
|-heal|p2a: Kangaskhan|97/100|[from] drain|[of] p1a: Farigiraf
|-hitcount|p1a: Farigiraf|2
|move|p1a: Farigiraf|Psychic|p2a: Kangaskhan
|-damage|p2a: Kangaskhan|66/100
|
|upkeep
|turn|8
|
|t:|1784133667
|move|p1a: Farigiraf|Protect|p1a: Farigiraf
|-singleturn|p1a: Farigiraf|Protect
|move|p1b: Venusaur|Energy Ball|p2a: Kangaskhan
|-damage|p2a: Kangaskhan|20/100y
|-damage|p1b: Venusaur|81/100|[from] item: Life Orb
|move|p2a: Kangaskhan|Rock Slide|p1b: Venusaur|[spread] 
|-activate|p1a: Farigiraf|move: Protect
|-miss|p2a: Kangaskhan|p1b: Venusaur
|
|upkeep
|turn|9
|
|t:|1784133682
|move|p1b: Venusaur|Energy Ball|p2a: Kangaskhan
|-damage|p2a: Kangaskhan|0 fnt
|faint|p2a: Kangaskhan
|-damage|p1b: Venusaur|71/100|[from] item: Life Orb
|
|win|Storm206
|raw|Storm206's rating: 1000 → 1046(+46 for winning)
|raw|Undala's rating: 1053 → 1032(-21 for losing)
|l|☆Undala
|player|p2|
|c|☆Storm206|Ggs
|n|☆Storm206|storm206
