|j|‽Dr3ntel
|j|☆tirion
|html|Dr3nteltirion    
|uhtml|bestof|Game 2 of a best-of-3
|t:|1782633092
|gametype|doubles
|player|p1|Dr3ntel|1|1069
|player|p2|tirion|102|1085
|gen|9
|tier|[Gen 9 Champions] VGC 2026 Reg M-B (Bo3)
|rated|
|rule|Species Clause: Limit one of each Pokémon
|rule|Item Clause: Limit 1 of each item
|clearpoke
|poke|p1|Pyroar, L50, M|
|poke|p1|Whimsicott, L50, F|
|poke|p1|Ninetales, L50, M|
|poke|p1|Farigiraf, L50, M|
|poke|p1|Basculegion, L50, M|
|poke|p1|Floette-Eternal, L50, F|
|poke|p2|Blastoise, L50, F|
|poke|p2|Archaludon, L50, F|
|poke|p2|Sinistcha, L50|
|poke|p2|Politoed, L50, F|
|poke|p2|Scizor, L50, M|
|poke|p2|Farigiraf, L50, F|
|teampreview|4
|showteam|p1|Pyroar||Pyroarite|Unnerve|HeatWave,Overheat,SolarBeam,Protect|Timid||M|||50|]Whimsicott||FocusSash|Prankster|Moonblast,Tailwind,SunnyDay,Encore|Bold||F|||50|]Ninetales||ChoiceScarf|Drought|Overheat,HeatWave,SolarBeam,FakeTears|Modest||M|||50|]Farigiraf||SitrusBerry|ArmorTail|Thunderbolt,TwinBeam,TrickRoom,HelpingHand|Bold||M|||50|]Basculegion||LifeOrb|Adaptability|WaveCrash,LastRespects,AquaJet,Protect|Adamant||M|||50|]Floette-Eternal||Floettite|FlowerVeil|Moonblast,DazzlingGleam,LightofRuin,Protect|Modest||F|||50|
|showteam|p2|Blastoise||Blastoisinite|RainDish|WaterSpout,AuraSphere,DarkPulse,Protect|Quiet||F|||50|]Archaludon||Leftovers|Stamina|ElectroShot,AuraSphere,FlashCannon,Protect|Bold||F|||50|]Sinistcha||CobaBerry|Hospitality|MatchaGotcha,RagePowder,TrickRoom,LifeDew|Sassy|||||50|]Politoed||MysticWater|Drizzle|ChillingWater,IceBeam,WeatherBall,HelpingHand|Bold||F|||50|]Scizor||Scizorite|Technician|BugBite,BulletPunch,KnockOff,SwordsDance|Brave||M|||50|]Farigiraf||ColburBerry|ArmorTail|TwinBeam,TrickRoom,RainDance,HelpingHand|Relaxed||F|||50|
|inactive|Battle timer is ON: inactive players will automatically lose when time's up. (requested by Dr3ntel)
|c|☆tirion|your team is strong
|c|☆tirion|gl hg
|c|☆tirion|hf
|inactive|Dr3ntel has 60 seconds left.
|inactive|tirion has 60 seconds left.
|inactive|tirion has 30 seconds left.
|inactive|tirion has 20 seconds left.
|inactive|tirion has 15 seconds left.
|
|t:|1782633175
|teamsize|p1|4
|teamsize|p2|4
|start
|switch|p1a: Floette|Floette-Eternal, L50, F|100/100
|switch|p1b: Ninetales|Ninetales, L50, M|100/100
|switch|p2a: Farigiraf|Farigiraf, L50, F|100/100
|switch|p2b: Scizor|Scizor, L50, M|100/100
|-weather|SunnyDay|[from] ability: Drought|[of] p1b: Ninetales
|turn|1
|inactive|tirion has 30 seconds left.
|inactive|Dr3ntel has 30 seconds left.
|inactive|tirion has 20 seconds left.
|
|t:|1782633215
|switch|p2b: Blastoise|Blastoise, L50, F|100/100
|detailschange|p1a: Floette|Floette-Mega, L50, F
|-mega|p1a: Floette|Floette|Floettite
|-ability|p1a: Floette|Fairy Aura
|move|p1a: Floette|Protect|p1a: Floette
|-singleturn|p1a: Floette|Protect
|move|p1b: Ninetales|Heat Wave|p2b: Blastoise|[spread] p2a,p2b
|-resisted|p2b: Blastoise|1
|-damage|p2a: Farigiraf|63/100
|-damage|p2b: Blastoise|80/100
|move|p2a: Farigiraf|Trick Room|p2a: Farigiraf
|-fieldstart|move: Trick Room|[of] p2a: Farigiraf
|
|-weather|SunnyDay|[upkeep]
|upkeep
|turn|2
|inactive|Dr3ntel has 30 seconds left.
|inactive|Dr3ntel has 20 seconds left.
|inactive|Dr3ntel has 15 seconds left.
|inactive|Dr3ntel has 10 seconds left.
|inactive|Dr3ntel has 5 seconds left.
|
|t:|1782633270
|detailschange|p2b: Blastoise|Blastoise-Mega, L50, F
|-mega|p2b: Blastoise|Blastoise|Blastoisinite
|move|p2a: Farigiraf|Rain Dance|p2a: Farigiraf
|-weather|RainDance
|move|p2b: Blastoise|Water Spout|p1b: Ninetales|[spread] p1a,p1b
|-supereffective|p1b: Ninetales|1
|-damage|p1a: Floette|43/100
|-damage|p1b: Ninetales|0 fnt
|faint|p1b: Ninetales
|move|p1a: Floette|Moonblast|p2b: Blastoise
|-damage|p2b: Blastoise|13/100
|
|-weather|RainDance|[upkeep]
|upkeep
|
|t:|1782633281
|switch|p1b: Whimsicott|Whimsicott, L50, F|100/100
|turn|3
|inactive|tirion has 30 seconds left.
|inactive|tirion has 20 seconds left.
|inactive|tirion has 15 seconds left.
|inactive|tirion has 10 seconds left.
|inactive|tirion has 5 seconds left.
|
|t:|1782633335
|switch|p2b: Scizor|Scizor, L50, M|100/100
|move|p1b: Whimsicott|Sunny Day|p1b: Whimsicott
|-weather|SunnyDay
|move|p2a: Farigiraf|Twin Beam|p1b: Whimsicott
|-damage|p1b: Whimsicott|80/100
|-damage|p1b: Whimsicott|58/100
|-hitcount|p1b: Whimsicott|2
|move|p1a: Floette|Dazzling Gleam|p2b: Scizor|[spread] p2a,p2b
|-resisted|p2b: Scizor|1
|-damage|p2a: Farigiraf|17/100
|-damage|p2b: Scizor|67/100
|
|-weather|SunnyDay|[upkeep]
|upkeep
|turn|4
|inactive|tirion has 30 seconds left.
|
|t:|1782633368
|switch|p2a: Politoed|Politoed, L50, F|100/100
|-weather|RainDance|[from] ability: Drizzle|[of] p2a: Politoed
|switch|p1b: Farigiraf|Farigiraf, L50, M|100/100
|move|p2b: Scizor|Bullet Punch||[still]
|cant|p1b: Farigiraf|ability: Armor Tail|Bullet Punch|[of] p2b: Scizor
|move|p1a: Floette|Moonblast|p2b: Scizor
|-resisted|p2b: Scizor|1
|-damage|p2b: Scizor|19/100
|
|-weather|RainDance|[upkeep]
|upkeep
|turn|5
|c|☆tirion|wowwww
|c|☆tirion|props
|inactive|tirion has 30 seconds left.
|inactive|tirion has 20 seconds left.
|
|t:|1782633404
|switch|p1b: Whimsicott|Whimsicott, L50, F|58/100
|move|p1a: Floette|Protect|p1a: Floette
|-singleturn|p1a: Floette|Protect
|move|p2b: Scizor|Knock Off|p1b: Whimsicott
|-resisted|p1b: Whimsicott|1
|-damage|p1b: Whimsicott|43/100
|-enditem|p1b: Whimsicott|Focus Sash|[from] move: Knock Off|[of] p2b: Scizor
|move|p2a: Politoed|Weather Ball|p1a: Floette
|-activate|p1a: Floette|move: Protect
|
|-weather|RainDance|[upkeep]
|-fieldend|move: Trick Room
|upkeep
|turn|6
|inactive|tirion has 30 seconds left.
|
|t:|1782633438
|switch|p2b: Farigiraf|Farigiraf, L50, F|17/100
|move|p1b: Whimsicott|Sunny Day|p1b: Whimsicott
|-weather|SunnyDay
|move|p1a: Floette|Dazzling Gleam|p2b: Farigiraf|[spread] p2a,p2b
|-damage|p2a: Politoed|57/100
|-damage|p2b: Farigiraf|0 fnt
|faint|p2b: Farigiraf
|move|p2a: Politoed|Weather Ball|p1a: Floette
|-damage|p1a: Floette|20/100y
|
|-weather|SunnyDay|[upkeep]
|upkeep
|
|t:|1782633452
|switch|p2b: Scizor|Scizor, L50, M|19/100
|turn|7
|
|t:|1782633468
|switch|p1b: Farigiraf|Farigiraf, L50, M|100/100
|move|p1a: Floette|Dazzling Gleam|p2a: Politoed|[spread] p2a,p2b
|-resisted|p2b: Scizor|1
|-damage|p2a: Politoed|8/100
|-damage|p2b: Scizor|0 fnt
|faint|p2b: Scizor
|move|p2a: Politoed|Weather Ball|p1a: Floette
|-crit|p1a: Floette
|-damage|p1a: Floette|0 fnt
|faint|p1a: Floette
|
|-weather|SunnyDay|[upkeep]
|upkeep
|c|☆tirion|gg
|c|☆tirion|you were great
|
|t:|1782633482
|switch|p1a: Whimsicott|Whimsicott, L50, F|43/100
|switch|p2b: Blastoise|Blastoise-Mega, L50, F|13/100
|turn|8
|
|t:|1782633498
|move|p2b: Blastoise|Protect|p2b: Blastoise
|-singleturn|p2b: Blastoise|Protect
|move|p1a: Whimsicott|Moonblast|p2a: Politoed
|-damage|p2a: Politoed|0 fnt
|faint|p2a: Politoed
|move|p1b: Farigiraf|Thunderbolt|p2b: Blastoise
|-activate|p2b: Blastoise|move: Protect
|
|-weather|SunnyDay|[upkeep]
|upkeep
|turn|9
|
|t:|1782633510
|move|p1a: Whimsicott|Tailwind|p1a: Whimsicott
|-sidestart|p1: Dr3ntel|move: Tailwind
|move|p1b: Farigiraf|Thunderbolt|p2b: Blastoise
|-supereffective|p2b: Blastoise|1
|-damage|p2b: Blastoise|0 fnt
|faint|p2b: Blastoise
|
|win|Dr3ntel
||Dr3ntel is ready for game 3.
||tirion is ready for game 3.
|uhtml|next|Next: Game 3 of 3
|l|‽Dr3ntel
|player|p1|
