|j|☆vril fur4et
|j|☆PokePiova
|html|vril fur4etPokePiova    
|uhtml|bestof|Game 2 of a best-of-3
|t:|1757625030
|gametype|doubles
|player|p1|vril fur4et|li|1116
|player|p2|PokePiova|n|1226
|gen|9
|tier|[Gen 9] VGC 2025 Reg H (Bo3)
|rated|
|rule|Species Clause: Limit one of each Pokémon
|rule|Item Clause: Limit 1 of each item
|clearpoke
|poke|p1|Flamigo, L50, F|
|poke|p1|Gholdengo, L50|
|poke|p1|Incineroar, L50, F|
|poke|p1|Amoonguss, L50, M|
|poke|p1|Palafin, L50, F|
|poke|p1|Ninetales-Alola, L50, F|
|poke|p2|Pelipper, L50, F|
|poke|p2|Basculegion, L50, M|
|poke|p2|Archaludon, L50, M|
|poke|p2|Electabuzz, L50, M|
|poke|p2|Rillaboom, L50, F|
|poke|p2|Sinistcha, L50|
|teampreview|4
|showteam|p1|Flamigo||ChoiceScarf|Scrappy|CloseCombat,DualWingbeat,BraveBird,Uturn|||F|||50|,,,,,Ghost]Gholdengo||Leftovers|GoodasGold|NastyPlot,ShadowBall,MakeItRain,Protect||||||50|,,,,,Dragon]Incineroar||RockyHelmet|Intimidate|FakeOut,KnockOff,FlareBlitz,PartingShot|||F|||50|,,,,,Grass]Amoonguss||SitrusBerry|Regenerator|Spore,RagePowder,PollenPuff,Protect|||M|||50|,,,,,Water]Palafin||MysticWater|ZerotoHero|WaveCrash,Haze,Protect,JetPunch|||F|||50|,,,,,Grass]Ninetales-Alola||ChoiceSpecs|SnowWarning|Blizzard,FreezeDry,Moonblast,IcyWind|||F|||50|,,,,,Ice
|showteam|p2|Pelipper||FocusSash|Drizzle|Hurricane,WeatherBall,Tailwind,Protect|||F|||50|,,,,,Stellar]Basculegion||ChoiceBand|SwiftSwim|WaveCrash,FlipTurn,AquaJet,LastRespects|||M|||50|,,,,,Water]Archaludon||AssaultVest|Stamina|ElectroShot,DracoMeteor,FlashCannon,BodyPress|||M|||50|,,,,,Bug]Electabuzz||Eviolite|VitalSpirit|Electroweb,LightScreen,FollowMe,Protect|||M|||50|,,,,,Steel]Rillaboom||LoadedDice|GrassySurge|FakeOut,GrassyGlide,BulletSeed,Uturn|||F|||50|,,,,,Fire]Sinistcha||SitrusBerry|Hospitality|MatchaGotcha,RagePowder,LifeDew,Protect||||||50|,,,,,Fire
|
|t:|1757625057
|teamsize|p1|4
|teamsize|p2|4
|start
|switch|p1a: Amoonguss|Amoonguss, L50, M|100/100
|switch|p1b: Flamigo|Flamigo, L50, F|100/100
|switch|p2a: Pelipper|Pelipper, L50, F|100/100
|switch|p2b: Electabuzz|Electabuzz, L50, M|100/100
|-weather|RainDance|[from] ability: Drizzle|[of] p2a: Pelipper
|turn|1
|
|t:|1757625079
|switch|p2b: Rillaboom|Rillaboom, L50, F|100/100
|-fieldstart|move: Grassy Terrain|[from] ability: Grassy Surge|[of] p2b: Rillaboom
|switch|p1a: Gholdengo|Gholdengo, L50|100/100
|move|p2a: Pelipper|Protect|p2a: Pelipper
|-singleturn|p2a: Pelipper|Protect
|move|p1b: Flamigo|U-turn|p2a: Pelipper
|-activate|p2a: Pelipper|move: Protect
|
|-weather|RainDance|[upkeep]
|upkeep
|turn|2
|
|t:|1757625101
|switch|p1a: Ninetales|Ninetales-Alola, L50, F|100/100
|-weather|Snowscape|[from] ability: Snow Warning|[of] p1a: Ninetales
|move|p1b: Flamigo|U-turn|p2b: Rillaboom
|-supereffective|p2b: Rillaboom
|-damage|p2b: Rillaboom|54/100
|
|t:|1757625107
|switch|p1b: Gholdengo|Gholdengo, L50|100/100|[from] U-turn
|move|p2a: Pelipper|Hurricane|p1b: Gholdengo
|-resisted|p1b: Gholdengo
|-damage|p1b: Gholdengo|73/100
|move|p2b: Rillaboom|U-turn|p1a: Ninetales
|-resisted|p1a: Ninetales
|-damage|p1a: Ninetales|88/100
|
|t:|1757625115
|switch|p2b: Electabuzz|Electabuzz, L50, M|100/100|[from] U-turn
|
|-weather|Snowscape|[upkeep]
|-heal|p1a: Ninetales|94/100|[from] Grassy Terrain
|-heal|p1b: Gholdengo|79/100|[from] Grassy Terrain
|-heal|p1b: Gholdengo|85/100|[from] item: Leftovers
|upkeep
|turn|3
|
|t:|1757625138
|move|p2a: Pelipper|Protect|p2a: Pelipper
|-singleturn|p2a: Pelipper|Protect
|move|p1a: Ninetales|Freeze-Dry|p2a: Pelipper
|-activate|p2a: Pelipper|move: Protect
|move|p2b: Electabuzz|Light Screen|p2b: Electabuzz
|-sidestart|p2: PokePiova|move: Light Screen
|move|p1b: Gholdengo|Nasty Plot|p1b: Gholdengo
|-boost|p1b: Gholdengo|spa|2
|
|-weather|Snowscape|[upkeep]
|-heal|p1a: Ninetales|100/100|[from] Grassy Terrain
|-heal|p1b: Gholdengo|92/100|[from] Grassy Terrain
|-heal|p1b: Gholdengo|98/100|[from] item: Leftovers
|upkeep
|turn|4
|
|t:|1757625157
|switch|p2a: Rillaboom|Rillaboom, L50, F|54/100
|move|p1a: Ninetales|Freeze-Dry|p2a: Rillaboom
|-supereffective|p2a: Rillaboom
|-damage|p2a: Rillaboom|0 fnt
|faint|p2a: Rillaboom
|move|p2b: Electabuzz|Electroweb|p1b: Gholdengo|[spread] p1a,p1b
|-damage|p1a: Ninetales|84/100
|-damage|p1b: Gholdengo|84/100
|-unboost|p1a: Ninetales|spe|1
|-unboost|p1b: Gholdengo|spe|1
|move|p1b: Gholdengo|Shadow Ball|p2b: Electabuzz
|-crit|p2b: Electabuzz
|-damage|p2b: Electabuzz|0 fnt
|faint|p2b: Electabuzz
|
|-weather|Snowscape|[upkeep]
|-heal|p1a: Ninetales|90/100|[from] Grassy Terrain
|-heal|p1b: Gholdengo|90/100|[from] Grassy Terrain
|-heal|p1b: Gholdengo|96/100|[from] item: Leftovers
|upkeep
|
|t:|1757625175
|switch|p2b: Pelipper|Pelipper, L50, F|100/100
|switch|p2a: Basculegion|Basculegion, L50, M|100/100
|-weather|RainDance|[from] ability: Drizzle|[of] p2b: Pelipper
|turn|5
|
|t:|1757625189
|switch|p1a: Amoonguss|Amoonguss, L50, M|100/100
|move|p1b: Gholdengo|Protect|p1b: Gholdengo
|-singleturn|p1b: Gholdengo|Protect
|move|p2a: Basculegion|Wave Crash|p1b: Gholdengo
|-activate|p1b: Gholdengo|move: Protect
|move|p2b: Pelipper|Hurricane|p1a: Amoonguss
|-supereffective|p1a: Amoonguss
|-damage|p1a: Amoonguss|0 fnt
|faint|p1a: Amoonguss
|
|-weather|RainDance|[upkeep]
|-heal|p1b: Gholdengo|100/100|[from] Grassy Terrain
|-fieldend|move: Grassy Terrain
|upkeep
|
|t:|1757625204
|switch|p1a: Ninetales|Ninetales-Alola, L50, F|90/100
|-weather|Snowscape|[from] ability: Snow Warning|[of] p1a: Ninetales
|turn|6
|
|t:|1757625216
|-terastallize|p2a: Basculegion|Water
|move|p1a: Ninetales|Icy Wind|p2b: Pelipper|[spread] p2a,p2b
|-resisted|p2a: Basculegion
|-damage|p2a: Basculegion|92/100
|-damage|p2b: Pelipper|72/100
|-unboost|p2a: Basculegion|spe|1
|-unboost|p2b: Pelipper|spe|1
|move|p2a: Basculegion|Wave Crash|p1b: Gholdengo
|-damage|p1b: Gholdengo|0 fnt
|faint|p1b: Gholdengo
|-damage|p2a: Basculegion|59/100|[from] Recoil
|move|p2b: Pelipper|Hurricane|p1a: Ninetales
|-damage|p1a: Ninetales|31/100
|
|-weather|Snowscape|[upkeep]
|upkeep
|
|t:|1757625224
|switch|p1b: Flamigo|Flamigo, L50, F|100/100
|turn|7
|
|t:|1757625252
|-terastallize|p1b: Flamigo|Ghost
|move|p1b: Flamigo|Brave Bird|p2a: Basculegion
|-damage|p2a: Basculegion|0 fnt
|faint|p2a: Basculegion
|-damage|p1b: Flamigo|78/100|[from] Recoil
|move|p1a: Ninetales|Icy Wind|p2b: Pelipper
|-damage|p2b: Pelipper|33/100
|-unboost|p2b: Pelipper|spe|1
|move|p2b: Pelipper|Hurricane|p1b: Flamigo
|-crit|p1b: Flamigo
|-damage|p1b: Flamigo|0 fnt
|faint|p1b: Flamigo
|
|-weather|Snowscape|[upkeep]
|-sideend|p2: PokePiova|move: Light Screen
|upkeep
|turn|8
|
|t:|1757625267
|move|p1a: Ninetales|Icy Wind|p2b: Pelipper
|-damage|p2b: Pelipper|0 fnt
|faint|p2b: Pelipper
|
|win|vril fur4et
|raw|vril fur4et's rating: 1116 → 1149(+33 for winning)
|raw|PokePiova's rating: 1226 → 1193(-33 for losing)
|l|☆PokePiova
|player|p2|
