|j|☆wingblade33
|j|☆Vomit247
|html|wingblade33Vomit247    
|uhtml|bestof|Game 2 of a best-of-3
|t:|1785869281
|gametype|doubles
|player|p1|wingblade33|101|1204
|player|p2|Vomit247|265|1102
|gen|9
|tier|[Gen 9 Champions] VGC 2026 Reg M-B (Bo3)
|rated|
|rule|Species Clause: Limit one of each Pokémon
|rule|Item Clause: Limit 1 of each item
|clearpoke
|poke|p1|Tyranitar, L50, F|
|poke|p1|Milotic, L50, F|
|poke|p1|Farigiraf, L50, M|
|poke|p1|Gholdengo, L50|
|poke|p1|Excadrill, L50, F|
|poke|p1|Staraptor, L50, M|
|poke|p2|Archaludon, L50, M|
|poke|p2|Politoed, L50, M|
|poke|p2|Scovillain, L50, M|
|poke|p2|Sneasler, L50, M|
|poke|p2|Espathra, L50, M|
|poke|p2|Sylveon, L50, F|
|teampreview|4
|showteam|p1|Tyranitar||Tyranitarite|SandStream|KnockOff,DragonDance,RockSlide,Protect|Adamant||F|||50|]Milotic||Leftovers|Competitive|IcyWind,Scald,Haze,Protect|Calm||F|||50|]Farigiraf||SitrusBerry|ArmorTail|Psychic,TrickRoom,Roar,Thunderbolt|Modest||M|||50|]Gholdengo||LifeOrb|GoodasGold|MakeItRain,ShadowBall,NastyPlot,Protect|Modest|||||50|]Excadrill||FocusSash|SandRush|HighHorsepower,IronHead,RockSlide,Protect|Adamant||F|||50|]Staraptor||Staraptite|Intimidate|CloseCombat,BraveBird,Tailwind,Protect|Jolly||M|||50|
|showteam|p2|Archaludon||Leftovers|Stamina|Protect,ElectroShot,DragonPulse,FlashCannon|Bold||M|||50|]Politoed||MysticWater|Drizzle|Protect,WeatherBall,IceBeam,RainDance|Modest||M|||50|]Scovillain||Scovillainite|Moody|Protect,LeechSeed,RagePowder,Overheat|Calm||M|||50|]Sneasler||WhiteHerb|Unburden|Protect,FakeOut,CloseCombat,DireClaw|Jolly||M|||50|]Espathra||SitrusBerry|SpeedBoost|Protect,LuminaCrash,CalmMind,BatonPass|Bold||M|||50|]Sylveon||LifeOrb|Pixilate|Detect,Moonblast,HyperVoice,ShadowBall|Modest||F|||50|
|inactive|Battle timer is ON: inactive players will automatically lose when time's up. (requested by wingblade33)
|inactive|wingblade33 has 60 seconds left.
|
|t:|1785869331
|teamsize|p1|4
|teamsize|p2|4
|start
|switch|p1a: Gholdengo|Gholdengo, L50|100/100
|switch|p1b: Milotic|Milotic, L50, F|100/100
|switch|p2a: Scovillain|Scovillain, L50, M|100/100
|switch|p2b: Espathra|Espathra, L50, M|100/100
|turn|1
|
|t:|1785869353
|switch|p1a: Tyranitar|Tyranitar, L50, F|100/100
|-weather|Sandstorm|[from] ability: Sand Stream|[of] p1a: Tyranitar
|detailschange|p2a: Scovillain|Scovillain-Mega, L50, M
|-mega|p2a: Scovillain|Scovillain|Scovillainite
|move|p2b: Espathra|Calm Mind|p2b: Espathra
|-boost|p2b: Espathra|spa|1
|-boost|p2b: Espathra|spd|1
|move|p1b: Milotic|Icy Wind|p2b: Espathra|[spread] p2a,p2b
|-crit|p2a: Scovillain
|-damage|p2a: Scovillain|86/100
|-damage|p2b: Espathra|90/100
|-unboost|p2a: Scovillain|spe|1
|-unboost|p2b: Espathra|spe|1
|-status|p1b: Milotic|brn|[from] ability: Spicy Spray|[of] p2a: Scovillain
|move|p2a: Scovillain|Overheat|p1a: Tyranitar
|-resisted|p1a: Tyranitar|1
|-damage|p1a: Tyranitar|84/100
|-unboost|p2a: Scovillain|spa|2
|
|-weather|Sandstorm|[upkeep]
|-damage|p1b: Milotic|93/100 brn|[from] Sandstorm
|-damage|p2b: Espathra|84/100|[from] Sandstorm
|-damage|p2a: Scovillain|80/100|[from] Sandstorm
|-heal|p1b: Milotic|100/100 brn|[from] item: Leftovers
|-damage|p1b: Milotic|93/100 brn|[from] brn
|-ability|p2b: Espathra|Speed Boost|boost
|-boost|p2b: Espathra|spe|1
|upkeep
|turn|2
|inactive|wingblade33 has 30 seconds left.
|inactive|Vomit247 has 30 seconds left.
|inactive|wingblade33 has 20 seconds left.
|inactive|wingblade33 has 15 seconds left.
|inactive|wingblade33 has 10 seconds left.
|
|t:|1785869401
|detailschange|p1a: Tyranitar|Tyranitar-Mega, L50, F
|-mega|p1a: Tyranitar|Tyranitar|Tyranitarite
|move|p2b: Espathra|Protect|p2b: Espathra
|-singleturn|p2b: Espathra|Protect
|move|p1b: Milotic|Scald|p2a: Scovillain
|-damage|p2a: Scovillain|51/100
|move|p1a: Tyranitar|Dragon Dance|p1a: Tyranitar
|-boost|p1a: Tyranitar|atk|1
|-boost|p1a: Tyranitar|spe|1
|move|p2a: Scovillain|Leech Seed|p1a: Tyranitar
|-start|p1a: Tyranitar|move: Leech Seed
|
|-weather|Sandstorm|[upkeep]
|-damage|p2b: Espathra|78/100|[from] Sandstorm
|-damage|p1b: Milotic|87/100 brn|[from] Sandstorm
|-damage|p2a: Scovillain|45/100|[from] Sandstorm
|-heal|p1b: Milotic|93/100 brn|[from] item: Leftovers
|-damage|p1a: Tyranitar|71/100|[from] Leech Seed|[of] p2a: Scovillain
|-heal|p2a: Scovillain|59/100|[silent]
|-damage|p1b: Milotic|87/100 brn|[from] brn
|-ability|p2b: Espathra|Speed Boost|boost
|-boost|p2b: Espathra|spe|1
|upkeep
|turn|3
|inactive|wingblade33 has 30 seconds left.
|
|t:|1785869430
|switch|p1b: Gholdengo|Gholdengo, L50|100/100
|move|p2b: Espathra|Baton Pass|p2b: Espathra
|
|t:|1785869434
|switch|p2b: Archaludon|Archaludon, L50, M|100/100|[from] Baton Pass
|move|p1a: Tyranitar|Knock Off|p2b: Archaludon
|-damage|p2b: Archaludon|40/100
|-ability|p2b: Archaludon|Stamina|boost
|-boost|p2b: Archaludon|def|1
|-enditem|p2b: Archaludon|Leftovers|[from] move: Knock Off|[of] p1a: Tyranitar
|move|p2a: Scovillain|Leech Seed|p1b: Gholdengo
|-immune|p1b: Gholdengo|[from] ability: Good as Gold
|
|-weather|Sandstorm|[upkeep]
|-damage|p2a: Scovillain|54/100|[from] Sandstorm
|-damage|p1a: Tyranitar|59/100|[from] Leech Seed|[of] p2a: Scovillain
|-heal|p2a: Scovillain|68/100|[silent]
|upkeep
|turn|4
|inactive|wingblade33 has 30 seconds left.
|inactive|wingblade33 has 20 seconds left.
|
|t:|1785869469
|switch|p1a: Farigiraf|Farigiraf, L50, M|100/100
|switch|p2a: Politoed|Politoed, L50, M|100/100
|-weather|RainDance|[from] ability: Drizzle|[of] p2a: Politoed
|move|p2b: Archaludon|Electro Shot||[still]
|-prepare|p2b: Archaludon|Electro Shot
|-boost|p2b: Archaludon|spa|1
|-anim|p2b: Archaludon|Electro Shot|p1b: Gholdengo
|-damage|p1b: Gholdengo|26/100
|move|p1b: Gholdengo|Shadow Ball|p2b: Archaludon
|-damage|p2b: Archaludon|5/100
|-ability|p2b: Archaludon|Stamina|boost
|-boost|p2b: Archaludon|def|1
|-damage|p1b: Gholdengo|16/100|[from] item: Life Orb
|
|-weather|RainDance|[upkeep]
|upkeep
|turn|5
|inactive|wingblade33 has 30 seconds left.
|inactive|Vomit247 has 30 seconds left.
|inactive|wingblade33 has 20 seconds left.
|inactive|Vomit247 has 20 seconds left.
|
|t:|1785869510
|move|p2b: Archaludon|Flash Cannon|p1b: Gholdengo
|-resisted|p1b: Gholdengo|1
|-damage|p1b: Gholdengo|0 fnt
|faint|p1b: Gholdengo
|move|p2a: Politoed|Rain Dance||[still]
|-fail|p2a: Politoed
|move|p1a: Farigiraf|Trick Room|p1a: Farigiraf
|-fieldstart|move: Trick Room|[of] p1a: Farigiraf
|
|-weather|RainDance|[upkeep]
|upkeep
|
|t:|1785869530
|switch|p1b: Tyranitar|Tyranitar-Mega, L50, F|59/100
|-weather|Sandstorm|[from] ability: Sand Stream|[of] p1b: Tyranitar
|turn|6
|
|t:|1785869543
|switch|p2a: Scovillain|Scovillain-Mega, L50, M|68/100
|move|p2b: Archaludon|Protect|p2b: Archaludon
|-singleturn|p2b: Archaludon|Protect
|move|p1a: Farigiraf|Thunderbolt|p2a: Scovillain
|-resisted|p2a: Scovillain|1
|-damage|p2a: Scovillain|56/100
|-status|p1a: Farigiraf|brn|[from] ability: Spicy Spray|[of] p2a: Scovillain
|move|p1b: Tyranitar|Knock Off|p2b: Archaludon
|-activate|p2b: Archaludon|move: Protect
|
|-weather|Sandstorm|[upkeep]
|-damage|p1a: Farigiraf|93/100 brn|[from] Sandstorm
|-damage|p2a: Scovillain|50/100g|[from] Sandstorm
|-damage|p1a: Farigiraf|87/100 brn|[from] brn
|upkeep
|turn|7
|inactive|wingblade33 has 30 seconds left.
|
|t:|1785869574
|move|p1a: Farigiraf|Psychic|p2a: Scovillain
|-damage|p2a: Scovillain|17/100
|move|p2a: Scovillain|Leech Seed|p1a: Farigiraf
|-start|p1a: Farigiraf|move: Leech Seed
|move|p1b: Tyranitar|Knock Off|p2b: Archaludon
|-damage|p2b: Archaludon|0 fnt
|faint|p2b: Archaludon
|
|-weather|Sandstorm|[upkeep]
|-damage|p1a: Farigiraf|81/100 brn|[from] Sandstorm
|-damage|p2a: Scovillain|11/100|[from] Sandstorm
|-damage|p1a: Farigiraf|69/100 brn|[from] Leech Seed|[of] p2a: Scovillain
|-heal|p2a: Scovillain|27/100|[silent]
|-damage|p1a: Farigiraf|62/100 brn|[from] brn
|upkeep
|
|t:|1785869582
|switch|p2b: Politoed|Politoed, L50, M|100/100
|-weather|RainDance|[from] ability: Drizzle|[of] p2b: Politoed
|turn|8
|
|t:|1785869600
|switch|p1b: Milotic|Milotic, L50, F|87/100 brn
|move|p2a: Scovillain|Protect|p2a: Scovillain
|-singleturn|p2a: Scovillain|Protect
|move|p1a: Farigiraf|Thunderbolt|p2b: Politoed
|-supereffective|p2b: Politoed|1
|-damage|p2b: Politoed|51/100
|move|p2b: Politoed|Weather Ball|p1b: Milotic
|-resisted|p1b: Milotic|1
|-damage|p1b: Milotic|59/100 brn
|
|-weather|RainDance|[upkeep]
|-heal|p1b: Milotic|65/100 brn|[from] item: Leftovers
|-damage|p1a: Farigiraf|50/100g brn|[from] Leech Seed|[of] p2a: Scovillain
|-heal|p2a: Scovillain|44/100|[silent]
|-damage|p1a: Farigiraf|44/100 brn|[from] brn
|-damage|p1b: Milotic|59/100 brn|[from] brn
|upkeep
|-enditem|p1a: Farigiraf|Sitrus Berry|[eat]
|-heal|p1a: Farigiraf|69/100 brn|[from] item: Sitrus Berry
|turn|9
|inactive|wingblade33 has 30 seconds left.
|
|t:|1785869626
|switch|p1a: Tyranitar|Tyranitar-Mega, L50, F|59/100
|-weather|Sandstorm|[from] ability: Sand Stream|[of] p1a: Tyranitar
|switch|p2b: Espathra|Espathra, L50, M|78/100
|move|p2a: Scovillain|Leech Seed|p1b: Milotic
|-start|p1b: Milotic|move: Leech Seed
|move|p1b: Milotic|Scald|p2a: Scovillain
|-damage|p2a: Scovillain|18/100
|
|-weather|Sandstorm|[upkeep]
|-damage|p2a: Scovillain|12/100|[from] Sandstorm
|-damage|p1b: Milotic|53/100 brn|[from] Sandstorm
|-damage|p2b: Espathra|72/100|[from] Sandstorm
|-heal|p1b: Milotic|59/100 brn|[from] item: Leftovers
|-damage|p1b: Milotic|47/100 brn|[from] Leech Seed|[of] p2a: Scovillain
|-heal|p2a: Scovillain|26/100|[silent]
|-damage|p1b: Milotic|40/100 brn|[from] brn
|-fieldend|move: Trick Room
|upkeep
|turn|10
|inactive|Vomit247 has 30 seconds left.
|
|t:|1785869655
|switch|p1b: Farigiraf|Farigiraf, L50, M|69/100 brn
|move|p2b: Espathra|Lumina Crash|p1b: Farigiraf
|-resisted|p1b: Farigiraf|1
|-damage|p1b: Farigiraf|54/100 brn
|-unboost|p1b: Farigiraf|spd|2
|move|p1a: Tyranitar|Knock Off|p2b: Espathra
|-supereffective|p2b: Espathra|1
|-damage|p2b: Espathra|0 fnt
|-enditem|p2b: Espathra|Sitrus Berry|[from] move: Knock Off|[of] p1a: Tyranitar
|faint|p2b: Espathra
|move|p2a: Scovillain|Leech Seed|p1a: Tyranitar
|-start|p1a: Tyranitar|move: Leech Seed
|
|-weather|Sandstorm|[upkeep]
|-damage|p2a: Scovillain|20/100y|[from] Sandstorm
|-damage|p1b: Farigiraf|48/100 brn|[from] Sandstorm
|-damage|p1a: Tyranitar|47/100|[from] Leech Seed|[of] p2a: Scovillain
|-heal|p2a: Scovillain|34/100|[silent]
|-damage|p1b: Farigiraf|41/100 brn|[from] brn
|upkeep
|
|t:|1785869663
|switch|p2b: Politoed|Politoed, L50, M|51/100
|-weather|RainDance|[from] ability: Drizzle|[of] p2b: Politoed
|turn|11
|inactive|Vomit247 has 30 seconds left.
|inactive|Vomit247 has 20 seconds left.
|
|t:|1785869701
|switch|p1a: Milotic|Milotic, L50, F|40/100 brn
|move|p2a: Scovillain|Leech Seed|p1b: Farigiraf
|-start|p1b: Farigiraf|move: Leech Seed
|move|p2b: Politoed|Weather Ball|p1a: Milotic
|-resisted|p1a: Milotic|1
|-damage|p1a: Milotic|12/100 brn
|move|p1b: Farigiraf|Thunderbolt|p2b: Politoed
|-supereffective|p2b: Politoed|1
|-damage|p2b: Politoed|1/100
|
|-weather|RainDance|[upkeep]
|-heal|p1a: Milotic|19/100 brn|[from] item: Leftovers
|-damage|p1b: Farigiraf|29/100 brn|[from] Leech Seed|[of] p2a: Scovillain
|-heal|p2a: Scovillain|51/100|[silent]
|-damage|p1a: Milotic|12/100 brn|[from] brn
|-damage|p1b: Farigiraf|23/100 brn|[from] brn
|upkeep
|turn|12
|inactive|wingblade33 has 30 seconds left.
|
|t:|1785869732
|move|p2b: Politoed|Protect|p2b: Politoed
|-singleturn|p2b: Politoed|Protect
|move|p1a: Milotic|Icy Wind|p2a: Scovillain|[spread] p2a
|-activate|p2b: Politoed|move: Protect
|-damage|p2a: Scovillain|41/100
|-unboost|p2a: Scovillain|spe|1
|move|p1b: Farigiraf|Psychic|p2a: Scovillain
|-damage|p2a: Scovillain|6/100
|move|p2a: Scovillain|Leech Seed|p1a: Milotic
|-start|p1a: Milotic|move: Leech Seed
|
|-weather|RainDance|[upkeep]
|-heal|p1a: Milotic|19/100 brn|[from] item: Leftovers
|-damage|p1a: Milotic|6/100 brn|[from] Leech Seed|[of] p2a: Scovillain
|-heal|p2a: Scovillain|20/100y|[silent]
|-damage|p1b: Farigiraf|11/100 brn|[from] Leech Seed|[of] p2a: Scovillain
|-heal|p2a: Scovillain|36/100|[silent]
|-damage|p1a: Milotic|1/100 brn|[from] brn
|-damage|p1b: Farigiraf|4/100 brn|[from] brn
|upkeep
|turn|13
|inactive|wingblade33 has 30 seconds left.
|
|t:|1785869763
|switch|p1b: Tyranitar|Tyranitar-Mega, L50, F|47/100
|-weather|Sandstorm|[from] ability: Sand Stream|[of] p1b: Tyranitar
|move|p2b: Politoed|Protect|p2b: Politoed
|-singleturn|p2b: Politoed|Protect
|move|p2a: Scovillain|Protect|p2a: Scovillain
|-singleturn|p2a: Scovillain|Protect
|move|p1a: Milotic|Icy Wind|p2a: Scovillain|[spread] 
|-activate|p2a: Scovillain|move: Protect
|-activate|p2b: Politoed|move: Protect
|
|-weather|Sandstorm|[upkeep]
|-damage|p1a: Milotic|0 fnt|[from] Sandstorm
|-damage|p2b: Politoed|0 fnt|[from] Sandstorm
|-damage|p2a: Scovillain|30/100|[from] Sandstorm
|faint|p1a: Milotic
|faint|p2b: Politoed
|upkeep
|
|t:|1785869778
|switch|p1a: Farigiraf|Farigiraf, L50, M|4/100 brn
|turn|14
|
|t:|1785869789
|move|p1b: Tyranitar|Rock Slide|p2a: Scovillain
|-supereffective|p2a: Scovillain|1
|-damage|p2a: Scovillain|0 fnt
|-status|p1b: Tyranitar|brn|[from] ability: Spicy Spray|[of] p2a: Scovillain
|faint|p2a: Scovillain
|
|win|wingblade33
|raw|wingblade33's rating: 1204 → 1222(+18 for winning)
|raw|Vomit247's rating: 1102 → 1084(-18 for losing)
