|j|☆benjitulio
|j|☆Koraidon goat
|html|benjitulioKoraidon goat    
|uhtml|bestof|Game 1 of a best-of-3
|t:|1783220913
|gametype|doubles
|player|p1|benjitulio|wattson|1148
|player|p2|Koraidon goat|drayden|1197
|gen|9
|tier|[Gen 9 Champions] VGC 2026 Reg M-B (Bo3)
|rated|
|rule|Species Clause: Limit one of each Pokémon
|rule|Item Clause: Limit 1 of each item
|clearpoke
|poke|p1|Maushold-Four, L50|
|poke|p1|Incineroar, L50, M|
|poke|p1|Metagross, L50|
|poke|p1|Aerodactyl, L50, F|
|poke|p1|Primarina, L50, M|
|poke|p1|Sinistcha, L50|
|poke|p2|Incineroar, L50, M|
|poke|p2|Ceruledge, L50, F|
|poke|p2|Milotic, L50, M|
|poke|p2|Floette-Eternal, L50, F|
|poke|p2|Sinistcha-Masterpiece, L50|
|poke|p2|Raichu, L50, F|
|teampreview|4
|showteam|p1|Maushold-Four||FocusSash|FriendGuard|FollowMe,RainDance,PopulationBomb,SuperFang|Jolly|||||50|]Incineroar||ChopleBerry|Intimidate|FakeOut,FlareBlitz,PartingShot,DarkestLariat|Impish||M|||50|]Metagross||Metagrossite|ClearBody|IronHead,Protect,PsychicFangs,Earthquake|Adamant|||||50|]Aerodactyl||FocusBand|Unnerve|RockSlide,Protect,Tailwind,IceFang|Jolly||F|||50|]Primarina||ChoiceScarf|LiquidVoice|HyperVoice,HydroPump,IcyWind,Moonblast|Modest||M|||50|]Sinistcha||Leftovers|Hospitality|MatchaGotcha,LifeDew,ShadowBall,RagePowder|Calm|||||50|
|showteam|p2|Incineroar||SitrusBerry|Intimidate|FakeOut,ThroatChop,FlareBlitz,PartingShot|Impish||M|||50|]Ceruledge||ColburBerry|FlashFire|Protect,ShadowSneak,BitterBlade,BulkUp|Adamant||F|||50|]Milotic||Leftovers|Competitive|Hypnosis,Coil,Protect,MuddyWater|Bold||M|||50|]Floette-Eternal||Floettite|FlowerVeil|Protect,DazzlingGleam,CalmMind,DrainingKiss|Timid||F|||50|]Sinistcha-Masterpiece||KasibBerry|Hospitality|Protect,MatchaGotcha,RagePowder,LifeDew|Calm|||||50|]Raichu||RaichuniteY|LightningRod|ZapCannon,FocusBlast,FakeOut,Protect|Timid||F|||50|
|inactive|Battle timer is ON: inactive players will automatically lose when time's up. (requested by Koraidon goat)
|inactive|Koraidon goat has 60 seconds left.
|
|t:|1783220956
|teamsize|p1|4
|teamsize|p2|4
|start
|switch|p1a: Metagross|Metagross, L50|100/100
|switch|p1b: Primarina|Primarina, L50, M|100/100
|switch|p2a: Raichu|Raichu, L50, F|100/100
|switch|p2b: Milotic|Milotic, L50, M|100/100
|turn|1
|
|t:|1783220971
|switch|p1b: Sinistcha|Sinistcha, L50|100/100
|detailschange|p2a: Raichu|Raichu-Mega-Y, L50, F
|-mega|p2a: Raichu|Raichu|Raichunite Y
|detailschange|p1a: Metagross|Metagross-Mega, L50
|-mega|p1a: Metagross|Metagross|Metagrossite
|move|p2a: Raichu|Protect|p2a: Raichu
|-singleturn|p2a: Raichu|Protect
|move|p1a: Metagross|Earthquake|p2a: Raichu|[spread] p1b,p2b
|-activate|p2a: Raichu|move: Protect
|-resisted|p1b: Sinistcha|1
|-damage|p1b: Sinistcha|84/100
|-damage|p2b: Milotic|76/100
|move|p2b: Milotic|Coil|p2b: Milotic
|-boost|p2b: Milotic|atk|1
|-boost|p2b: Milotic|def|1
|-boost|p2b: Milotic|accuracy|1
|
|-heal|p2b: Milotic|82/100|[from] item: Leftovers
|-heal|p1b: Sinistcha|91/100|[from] item: Leftovers
|upkeep
|turn|2
|
|t:|1783220995
|switch|p2a: Incineroar|Incineroar, L50, M|100/100
|-ability|p2a: Incineroar|Intimidate|boost
|-unboost|p1a: Metagross|atk|1
|-unboost|p1b: Sinistcha|atk|1
|move|p1b: Sinistcha|Rage Powder|p1b: Sinistcha
|-singleturn|p1b: Sinistcha|move: Rage Powder
|move|p1a: Metagross|Earthquake|p2b: Milotic|[spread] p1b,p2a,p2b
|-resisted|p1b: Sinistcha|1
|-supereffective|p2a: Incineroar|1
|-damage|p1b: Sinistcha|81/100
|-damage|p2a: Incineroar|67/100
|-damage|p2b: Milotic|70/100
|move|p2b: Milotic|Hypnosis|p1b: Sinistcha
|-status|p1b: Sinistcha|slp|[from] move: Hypnosis
|
|-heal|p2b: Milotic|76/100|[from] item: Leftovers
|-heal|p1b: Sinistcha|87/100 slp|[from] item: Leftovers
|upkeep
|turn|3
|
|t:|1783221018
|switch|p1a: Incineroar|Incineroar, L50, M|100/100
|-ability|p1a: Incineroar|Intimidate|boost
|-unboost|p2a: Incineroar|atk|1
|-unboost|p2b: Milotic|atk|1
|-ability|p2b: Milotic|Competitive|boost
|-boost|p2b: Milotic|spa|2
|move|p2b: Milotic|Hypnosis|p1a: Incineroar
|-status|p1a: Incineroar|slp|[from] move: Hypnosis
|cant|p1b: Sinistcha|slp
|move|p2a: Incineroar|Flare Blitz|p1b: Sinistcha
|-supereffective|p1b: Sinistcha|1
|-damage|p1b: Sinistcha|32/100 slp
|-damage|p2a: Incineroar|51/100|[from] Recoil
|
|-heal|p2b: Milotic|82/100|[from] item: Leftovers
|-heal|p1b: Sinistcha|38/100 slp|[from] item: Leftovers
|upkeep
|turn|4
|
|t:|1783221037
|cant|p1a: Incineroar|slp
|move|p2b: Milotic|Coil|p2b: Milotic
|-boost|p2b: Milotic|atk|1
|-boost|p2b: Milotic|def|1
|-boost|p2b: Milotic|accuracy|1
|-curestatus|p1b: Sinistcha|slp|[msg]
|move|p1b: Sinistcha|Matcha Gotcha|p2a: Incineroar|[spread] p2a,p2b
|-resisted|p2a: Incineroar|1
|-supereffective|p2b: Milotic|1
|-damage|p2a: Incineroar|40/100
|-heal|p1b: Sinistcha|44/100|[from] drain|[of] p2a: Incineroar
|-damage|p2b: Milotic|49/100
|-heal|p1b: Sinistcha|64/100|[from] drain|[of] p2b: Milotic
|-enditem|p2a: Incineroar|Sitrus Berry|[eat]
|-heal|p2a: Incineroar|65/100|[from] item: Sitrus Berry
|move|p2a: Incineroar|Parting Shot|p1b: Sinistcha
|-unboost|p1b: Sinistcha|atk|1
|-unboost|p1b: Sinistcha|spa|1
|
|t:|1783221055
|switch|p2a: Ceruledge|Ceruledge, L50, F|100/100|[from] Parting Shot
|
|-heal|p2b: Milotic|54/100|[from] item: Leftovers
|-heal|p1b: Sinistcha|70/100|[from] item: Leftovers
|upkeep
|turn|5
|
|t:|1783221067
|move|p2a: Ceruledge|Bitter Blade|p1b: Sinistcha
|-supereffective|p1b: Sinistcha|1
|-damage|p1b: Sinistcha|0 fnt
|faint|p1b: Sinistcha
|cant|p1a: Incineroar|slp
|move|p2b: Milotic|Muddy Water|p1a: Incineroar
|-supereffective|p1a: Incineroar|1
|-damage|p1a: Incineroar|0 fnt
|faint|p1a: Incineroar
|
|-heal|p2b: Milotic|60/100|[from] item: Leftovers
|upkeep
|
|t:|1783221076
|switch|p1a: Primarina|Primarina, L50, M|100/100
|switch|p1b: Metagross|Metagross-Mega, L50|100/100
|turn|6
|inactive|benjitulio has 30 seconds left.
|inactive|benjitulio has 20 seconds left.
|inactive|benjitulio has 15 seconds left.
|
|t:|1783221121
|switch|p2a: Incineroar|Incineroar, L50, M|65/100
|-ability|p2a: Incineroar|Intimidate|boost
|-unboost|p1a: Primarina|atk|1
|-unboost|p1b: Metagross|atk|1
|move|p1a: Primarina|Moonblast|p2b: Milotic
|-damage|p2b: Milotic|22/100
|move|p1b: Metagross|Earthquake|p2a: Incineroar|[spread] p1a,p2a,p2b
|-crit|p1a: Primarina
|-supereffective|p2a: Incineroar|1
|-damage|p1a: Primarina|29/100
|-damage|p2a: Incineroar|32/100
|-damage|p2b: Milotic|14/100
|move|p2b: Milotic|Hypnosis|p1a: Primarina
|-status|p1a: Primarina|slp|[from] move: Hypnosis
|
|-heal|p2b: Milotic|20/100y|[from] item: Leftovers
|upkeep
|turn|7
|
|t:|1783221140
|move|p1b: Metagross|Protect|p1b: Metagross
|-singleturn|p1b: Metagross|Protect
|move|p2a: Incineroar|Fake Out|p1b: Metagross
|-activate|p1b: Metagross|move: Protect
|cant|p1a: Primarina|slp
|move|p2b: Milotic|Muddy Water|p1a: Primarina|[spread] p1a
|-activate|p1b: Metagross|move: Protect
|-resisted|p1a: Primarina|1
|-damage|p1a: Primarina|6/100 slp
|
|-heal|p2b: Milotic|26/100|[from] item: Leftovers
|upkeep
|turn|8
|
|t:|1783221155
|cant|p1a: Primarina|slp
|move|p1b: Metagross|Earthquake|p2b: Milotic|[spread] p1a,p2a,p2b
|-supereffective|p2a: Incineroar|1
|-damage|p1a: Primarina|0 fnt
|-damage|p2a: Incineroar|1/100
|-damage|p2b: Milotic|17/100
|faint|p1a: Primarina
|move|p2b: Milotic|Muddy Water|p1b: Metagross
|-damage|p1b: Metagross|32/100
|move|p2a: Incineroar|Flare Blitz|p1b: Metagross
|-supereffective|p1b: Metagross|1
|-damage|p1b: Metagross|0 fnt
|faint|p1b: Metagross
|-damage|p2a: Incineroar|0 fnt|[from] Recoil
|faint|p2a: Incineroar
|
|win|Koraidon goat
