|j|ŌśåAGreatRobot
|j|ŌśåLovelyLilypad
|html|AGreatRobotLovelyLilypad    
|uhtml|bestof|Game 1 of a best-of-3
|t:|1757107126
|gametype|doubles
|player|p1|AGreatRobot|wattson|
|player|p2|LovelyLilypad|caitlin|
|gen|9
|tier|[Gen 9] VGC 2025 Reg H (Bo3)
|rule|Species Clause: Limit one of each Pok├®mon
|rule|Item Clause: Limit 1 of each item
|clearpoke
|poke|p1|Bisharp, L50, M|
|poke|p1|Clodsire, L50, F|
|poke|p1|Tatsugiri-Stretchy, L50, M|
|poke|p1|Murkrow, L50, F|
|poke|p1|Oranguru, L50, M|
|poke|p1|Weavile, L50, M|
|poke|p2|Glaceon, L50, F|
|poke|p2|Yanmega, L50, F|
|poke|p2|Arcanine, L50, F|
|poke|p2|Slowking, L50, M|
|poke|p2|Gallade, L50, M|
|poke|p2|Meowscarada, L50, F|
|teampreview|4
|showteam|p1|Bisharp||Eviolite|Defiant|IronHead,ThroatChop,SuckerPunch,Protect|||M|||50|,,,,,Water]Clodsire||SitrusBerry|WaterAbsorb|BodyPress,AfterYou,Stockpile,Yawn|||F|||50|,,,,,Grass]Tatsugiri-Stretchy||ChoiceSpecs|StormDrain|Surf,DracoMeteor,HydroPump,MuddyWater|||M|||50|,,,,,Water]Murkrow||FocusSash|Prankster|Tailwind,RainDance,Taunt,FoulPlay|||F|||50|,,,,,Ghost]Oranguru||SafetyGoggles|Telepathy|Instruct,TrickRoom,Protect,KnockOff|||M|||50|,,,,,Dark]Weavile||LifeOrb|Pressure|TripleAxel,KnockOff,FakeOut,Protect|||M|||50|,,,,,Ice
|showteam|p2|Glaceon||NeverMeltIce|SnowCloak|Protect,Blizzard,FreezeDry,Snowscape|||F|||50|,,,,,Ice]Yanmega||FocusSash|SpeedBoost|Protect,Tailwind,AirSlash,BugBuzz|||F|||50|,,,,,Ghost]Arcanine||SitrusBerry|Intimidate|Protect,FlareBlitz,ExtremeSpeed,Snarl|||F|||50|,,,,,Grass]Slowking||CovertCloak|Oblivious|Scald,Psychic,TrickRoom,ChillyReception|||M|||50|,,,,,Grass]Gallade||LifeOrb|Sharpness|Protect,PsychoCut,SacredSword,LeafBlade|||M|||50|,,,,,Psychic]Meowscarada||ChoiceBand|Protean|FlowerTrick,KnockOff,TripleAxel,Uturn|||F|||50|,,,,,Ghost
|j| Jakub666
|c|ŌśåLovelyLilypad|glhf!!
|c|ŌśåAGreatRobot|Hf
|l| Jakub666
|
|t:|1757107181
|teamsize|p1|4
|teamsize|p2|4
|start
|switch|p1a: Half a Murder|Murkrow, L50, F, shiny|100/100
|switch|p1b: Ice Ice Baby|Weavile, L50, M|100/100
|switch|p2a: BZZT!|Yanmega, L50, F|100/100
|switch|p2b: Clambake|Slowking, L50, M|100/100
|-ability|p1b: Ice Ice Baby|Pressure
|turn|1
|
|t:|1757107226
|switch|p2a: Temu Articuno|Glaceon, L50, F|100/100
|move|p1a: Half a Murder|Taunt|p2b: Clambake
|-immune|p2b: Clambake|[from] ability: Oblivious
|move|p1b: Ice Ice Baby|Triple Axel|p2a: Temu Articuno
|-resisted|p2a: Temu Articuno
|-damage|p2a: Temu Articuno|93/100
|-resisted|p2a: Temu Articuno
|-damage|p2a: Temu Articuno|78/100
|-resisted|p2a: Temu Articuno
|-damage|p2a: Temu Articuno|58/100
|-hitcount|p2a: Temu Articuno|3
|-damage|p1b: Ice Ice Baby|91/100|[from] item: Life Orb
|move|p2b: Clambake|Trick Room|p2b: Clambake
|-fieldstart|move: Trick Room|[of] p2b: Clambake
|
|upkeep
|turn|2
|
|t:|1757107282
|move|p1b: Ice Ice Baby|Protect|p1b: Ice Ice Baby
|-singleturn|p1b: Ice Ice Baby|Protect
|move|p2b: Clambake|Scald|p1b: Ice Ice Baby
|-activate|p1b: Ice Ice Baby|move: Protect
|move|p2a: Temu Articuno|Freeze-Dry|p1a: Half a Murder
|-supereffective|p1a: Half a Murder
|-enditem|p1a: Half a Murder|Focus Sash
|-damage|p1a: Half a Murder|1/100
|move|p1a: Half a Murder|Foul Play|p2b: Clambake
|-supereffective|p2b: Clambake
|-damage|p2b: Clambake|62/100
|
|upkeep
|turn|3
|
|t:|1757107303
|switch|p1b: fren :)|Clodsire, L50, F|100/100
|move|p2b: Clambake|Scald|p1b: fren :)
|-immune|p1b: fren :)|[from] ability: Water Absorb
|move|p2a: Temu Articuno|Freeze-Dry|p1a: Half a Murder
|-supereffective|p1a: Half a Murder
|-damage|p1a: Half a Murder|0 fnt
|faint|p1a: Half a Murder
|
|upkeep
|
|t:|1757107313
|switch|p1a: Just Keep Swimming|Tatsugiri-Stretchy, L50, M|100/100
|turn|4
|
|t:|1757107348
|-terastallize|p1a: Just Keep Swimming|Water
|move|p2a: Temu Articuno|Protect|p2a: Temu Articuno
|-singleturn|p2a: Temu Articuno|Protect
|move|p1b: fren :)|After You|p1a: Just Keep Swimming
|-activate|p1a: Just Keep Swimming|move: After You
|move|p1a: Just Keep Swimming|Surf|p2b: Clambake|[spread] p2b
|-activate|p2a: Temu Articuno|move: Protect
|-immune|p1b: fren :)|[from] ability: Water Absorb
|-resisted|p2b: Clambake
|-damage|p2b: Clambake|40/100
|-prepare|p2b: Clambake|Chilly Reception|[premajor]
|move|p2b: Clambake|Chilly Reception|p2b: Clambake
|-weather|Snowscape
|
|t:|1757107370
|switch|p2b: Zero|Gallade, L50, M|100/100|[from] Chilly Reception
|
|-weather|Snowscape|[upkeep]
|upkeep
|turn|5
|
|t:|1757107384
|move|p2b: Zero|Protect|p2b: Zero
|-singleturn|p2b: Zero|Protect
|move|p1b: fren :)|After You|p1a: Just Keep Swimming
|-activate|p1a: Just Keep Swimming|move: After You
|move|p1a: Just Keep Swimming|Surf|p2b: Zero|[spread] p2a
|-activate|p2b: Zero|move: Protect
|-immune|p1b: fren :)|[from] ability: Water Absorb
|-damage|p2a: Temu Articuno|0 fnt
|faint|p2a: Temu Articuno
|
|-weather|Snowscape|[upkeep]
|-fieldend|move: Trick Room
|upkeep
|
|t:|1757107395
|switch|p2a: BZZT!|Yanmega, L50, F|100/100
|turn|6
|
|t:|1757107422
|switch|p2a: Clambake|Slowking, L50, M|40/100
|move|p2b: Zero|Leaf Blade|p1a: Just Keep Swimming
|-supereffective|p1a: Just Keep Swimming
|-damage|p1a: Just Keep Swimming|0 fnt
|faint|p1a: Just Keep Swimming
|-damage|p2b: Zero|91/100|[from] item: Life Orb
|move|p1b: fren :)|Yawn|p2b: Zero
|-start|p2b: Zero|move: Yawn|[of] p1b: fren :)
|
|-weather|Snowscape|[upkeep]
|upkeep
|
|t:|1757107427
|switch|p1a: Ice Ice Baby|Weavile, L50, M|91/100
|-ability|p1a: Ice Ice Baby|Pressure
|turn|7
|
|t:|1757107518
|switch|p2b: BZZT!|Yanmega, L50, F|100/100
|move|p1a: Ice Ice Baby|Triple Axel|p2b: BZZT!
|-supereffective|p2b: BZZT!
|-damage|p2b: BZZT!|66/100
|-supereffective|p2b: BZZT!
|-crit|p2b: BZZT!
|-damage|p2b: BZZT!|0 fnt
|faint|p2b: BZZT!
|-hitcount|p2: BZZT!|2
|-damage|p1a: Ice Ice Baby|82/100|[from] item: Life Orb
|move|p2a: Clambake|Scald|p1a: Ice Ice Baby
|-damage|p1a: Ice Ice Baby|41/100
|move|p1b: fren :)|Yawn|p2a: Clambake
|-start|p2a: Clambake|move: Yawn|[of] p1b: fren :)
|
|-weather|Snowscape|[upkeep]
|upkeep
|
|t:|1757107534
|switch|p2b: Zero|Gallade, L50, M|91/100
|turn|8
|
|t:|1757107557
|move|p2b: Zero|Protect|p2b: Zero
|-singleturn|p2b: Zero|Protect
|move|p1a: Ice Ice Baby|Knock Off|p2b: Zero
|-activate|p2b: Zero|move: Protect
|move|p1b: fren :)|Body Press|p2b: Zero
|-activate|p2b: Zero|move: Protect
|move|p2a: Clambake|Trick Room|p2a: Clambake
|-fieldstart|move: Trick Room|[of] p2a: Clambake
|
|-weather|none
|-end|p2a: Clambake|move: Yawn|[silent]
|-status|p2a: Clambake|slp
|upkeep
|turn|9
|c|ŌśåAGreatRobot|!dt oblivious
|raw|Oblivious This Pokemon cannot be infatuated or taunted. Immune to Intimidate. 
|raw|Gen: 3 |  ✓ Ignored by Mold Breaker

|c|ŌśåAGreatRobot|Oh wait nvm
|c|ŌśåAGreatRobot|i was confused
|c|ŌśåAGreatRobot|am now not confused
|c|ŌśåLovelyLilypad|'sall good!!
|
|t:|1757107617
|move|p1b: fren :)|After You|p1a: Ice Ice Baby
|-activate|p1a: Ice Ice Baby|move: After You
|move|p1a: Ice Ice Baby|Knock Off|p2b: Zero
|-damage|p2b: Zero|0 fnt
|-enditem|p2b: Zero|Life Orb|[from] move: Knock Off|[of] p1a: Ice Ice Baby
|faint|p2b: Zero
|-damage|p1a: Ice Ice Baby|32/100|[from] item: Life Orb
|cant|p2a: Clambake|slp
|
|upkeep
|turn|10
|c|ŌśåLovelyLilypad|I'm so glad oblivious was useful once
|
|t:|1757107627
|move|p1b: fren :)|After You|p1a: Ice Ice Baby
|-activate|p1a: Ice Ice Baby|move: After You
|move|p1a: Ice Ice Baby|Knock Off|p2a: Clambake
|-supereffective|p2a: Clambake
|-damage|p2a: Clambake|0 fnt
|-enditem|p2a: Clambake|Covert Cloak|[from] move: Knock Off|[of] p1a: Ice Ice Baby
|faint|p2a: Clambake
|-damage|p1a: Ice Ice Baby|23/100|[from] item: Life Orb
|
|win|AGreatRobot
||LovelyLilypad is ready for game 2.
||AGreatRobot is ready for game 2.
|uhtml|next|Next: Game 2 of 3
|l|ŌśåAGreatRobot
|player|p1|
