|j|â˜†finalbossbackwiper
|j|â˜†thegreatestnone
|html|finalbossbackwiperthegreatestnone    
|uhtml|bestof|Game 1 of a best-of-3
|t:|1783278764
|gametype|doubles
|player|p1|finalbossbackwiper|266|1104
|player|p2|thegreatestnone|101|1000
|gen|9
|tier|[Gen 9 Champions] VGC 2026 Reg M-B (Bo3)
|rated|
|rule|Species Clause: Limit one of each PokÃ©mon
|rule|Item Clause: Limit 1 of each item
|clearpoke
|poke|p1|Charizard, L50, F|
|poke|p1|Torkoal, L50, F|
|poke|p1|Sinistcha, L50|
|poke|p1|Glimmora, L50, M|
|poke|p1|Grimmsnarl, L50, M|
|poke|p1|Annihilape, L50, M|
|poke|p2|Sneasler, L50, M|
|poke|p2|Basculegion, L50, M|
|poke|p2|Froslass, L50, F|
|poke|p2|Ceruledge, L50, M|
|poke|p2|Kingambit, L50, M|
|poke|p2|Dragonite, L50, M|
|teampreview|4
|showteam|p1|Charizard||CharizarditeX|Blaze|FlameCharge,BreakingSwipe,Roost,Protect|Adamant||F|||50|]Torkoal||Charcoal|Drought|Eruption,WeatherBall,HelpingHand,Protect|Quiet||F|||50|]Sinistcha||OccaBerry|Hospitality|EnergyBall,RagePowder,TrickRoom,Protect|Calm|||||50|]Glimmora||FocusSash|ToxicDebris|SludgeBomb,EarthPower,MortalSpin,SpikyShield|Modest||M|||50|]Grimmsnarl||RoseliBerry|Prankster|SpiritBreak,Assurance,FakeOut,PartingShot|Adamant||M|||50|]Annihilape||ChoiceScarf|Defiant|CloseCombat,PhantomForce,PoisonJab,Coaching|Adamant||M|||50|
|showteam|p2|Sneasler||WhiteHerb|Unburden|CloseCombat,DireClaw,FakeOut,Protect|Jolly||M|||50|]Basculegion||ChoiceScarf|SwiftSwim|WaveCrash,LastRespects,AquaJet,FlipTurn|Jolly||M|||50|]Froslass||Froslassite|SnowCloak|Blizzard,ShadowBall,AuroraVeil,Protect|Modest||F|||50|]Ceruledge||ColburBerry|FlashFire|BitterBlade,ShadowSneak,SwordsDance,Protect|Jolly||M|||50|]Kingambit||BlackGlasses|Defiant|KowtowCleave,LowKick,SuckerPunch,Protect|Adamant||M|||50|]Dragonite||Dragoninite|Multiscale|DragonPulse,Flamethrower,Tailwind,Protect|Modest||M|||50|
|inactive|Battle timer is ON: inactive players will automatically lose when time's up. (requested by finalbossbackwiper)
|inactive|finalbossbackwiper has 60 seconds left.
|
|t:|1783278814
|teamsize|p1|4
|teamsize|p2|4
|start
|switch|p1a: Glimmora|Glimmora, L50, M|100/100
|switch|p1b: Annihilape|Annihilape, L50, M|100/100
|switch|p2a: Ceruledge|Ceruledge, L50, M|100/100
|switch|p2b: Sneasler|Sneasler, L50, M|100/100
|turn|1
|inactive|finalbossbackwiper has 30 seconds left.
|inactive|thegreatestnone has 30 seconds left.
|inactive|thegreatestnone has 20 seconds left.
|
|t:|1783278857
|move|p1a: Glimmora|Spiky Shield|p1a: Glimmora
|-singleturn|p1a: Glimmora|move: Protect
|move|p2b: Sneasler|Fake Out|p1a: Glimmora
|-activate|p1a: Glimmora|move: Protect
|-damage|p2b: Sneasler|87/100|[from] Spiky Shield|[of] p1a: Glimmora
|move|p1b: Annihilape|Phantom Force||[still]
|-prepare|p1b: Annihilape|Phantom Force
|move|p2a: Ceruledge|Swords Dance|p2a: Ceruledge
|-boost|p2a: Ceruledge|atk|2
|
|upkeep
|turn|2
|l|â˜†finalbossbackwiper
|inactive|finalbossbackwiper disconnected and has a minute to reconnect!
|player|p1|
|j|â˜†finalbossbackwiper
|inactive|finalbossbackwiper reconnected and has 35 seconds left.
|player|p1|finalbossbackwiper|266|
|inactive|finalbossbackwiper has 30 seconds left.
|inactive|finalbossbackwiper has 20 seconds left.
|
|t:|1783278896
|move|p2b: Sneasler|Protect|p2b: Sneasler
|-singleturn|p2b: Sneasler|Protect
|move|p2a: Ceruledge|Protect|p2a: Ceruledge
|-singleturn|p2a: Ceruledge|Protect
|move|p1b: Annihilape|Phantom Force|p2a: Ceruledge|[from] lockedmove
|-activate|p2a: Ceruledge|move: Phantom Force|[broken]
|-supereffective|p2a: Ceruledge|1
|-damage|p2a: Ceruledge|0 fnt
|faint|p2a: Ceruledge
|move|p1a: Glimmora|Earth Power|p2b: Sneasler
|-activate|p2b: Sneasler|move: Protect
|
|upkeep
|
|t:|1783278912
|switch|p2a: Froslass|Froslass, L50, F|100/100
|turn|3
|
|t:|1783278919
|detailschange|p2a: Froslass|Froslass-Mega, L50, F
|-mega|p2a: Froslass|Froslass|Froslassite
|-weather|Snowscape|[from] ability: Snow Warning|[of] p2a: Froslass
|move|p1b: Annihilape|Phantom Force||[still]
|-prepare|p1b: Annihilape|Phantom Force
|move|p2b: Sneasler|Close Combat|p1a: Glimmora
|-damage|p1a: Glimmora|17/100
|-unboost|p2b: Sneasler|def|1
|-unboost|p2b: Sneasler|spd|1
|-activate|p1a: Glimmora|ability: Toxic Debris
|-sidestart|p2: thegreatestnone|move: Toxic Spikes
|-enditem|p2b: Sneasler|White Herb
|-clearnegativeboost|p2b: Sneasler|[silent]
|move|p2a: Froslass|Blizzard|p1a: Glimmora|[spread] p1a
|-miss|p2a: Froslass|p1b: Annihilape
|-damage|p1a: Glimmora|0 fnt
|faint|p1a: Glimmora
|
|-weather|Snowscape|[upkeep]
|upkeep
|
|t:|1783278923
|switch|p1a: Torkoal|Torkoal, L50, F|100/100
|-weather|SunnyDay|[from] ability: Drought|[of] p1a: Torkoal
|turn|4
|inactive|thegreatestnone has 30 seconds left.
|
|t:|1783278949
|switch|p2a: Kingambit|Kingambit, L50, M|100/100
|move|p2b: Sneasler|Dire Claw|p1a: Torkoal
|-damage|p1a: Torkoal|67/100
|-status|p1a: Torkoal|par
|move|p1b: Annihilape|Phantom Force|p2a: Kingambit|[from] lockedmove
|-resisted|p2a: Kingambit|1
|-damage|p2a: Kingambit|83/100
|move|p1a: Torkoal|Eruption|p2a: Kingambit|[spread] p2a,p2b
|-supereffective|p2a: Kingambit|1
|-damage|p2a: Kingambit|0 fnt
|-damage|p2b: Sneasler|12/100
|faint|p2a: Kingambit
|
|-weather|SunnyDay|[upkeep]
|upkeep
|
|t:|1783278963
|switch|p2a: Froslass|Froslass-Mega, L50, F|100/100
|-status|p2a: Froslass|psn
|-weather|Snowscape|[from] ability: Snow Warning|[of] p2a: Froslass
|turn|5
|
|t:|1783278971
|switch|p1a: Grimmsnarl|Grimmsnarl, L50, M|100/100
|move|p2b: Sneasler|Close Combat|p1a: Grimmsnarl
|-damage|p1a: Grimmsnarl|32/100
|-unboost|p2b: Sneasler|def|1
|-unboost|p2b: Sneasler|spd|1
|move|p1b: Annihilape|Phantom Force||[still]
|-prepare|p1b: Annihilape|Phantom Force
|move|p2a: Froslass|Blizzard|p1a: Grimmsnarl|[spread] p1a
|-miss|p2a: Froslass|p1b: Annihilape
|-damage|p1a: Grimmsnarl|0 fnt
|faint|p1a: Grimmsnarl
|
|-weather|Snowscape|[upkeep]
|-damage|p2a: Froslass|87/100 psn|[from] psn
|upkeep
|
|t:|1783278975
|switch|p1a: Torkoal|Torkoal, L50, F|67/100 par
|-weather|SunnyDay|[from] ability: Drought|[of] p1a: Torkoal
|turn|6
|
|t:|1783278995
|cant|p1a: Torkoal|par
|move|p2b: Sneasler|Close Combat|p1a: Torkoal
|-damage|p1a: Torkoal|20/100y par
|-unboost|p2b: Sneasler|def|1
|-unboost|p2b: Sneasler|spd|1
|move|p1b: Annihilape|Phantom Force|p2a: Froslass|[from] lockedmove
|-supereffective|p2a: Froslass|1
|-damage|p2a: Froslass|0 fnt
|faint|p2a: Froslass
|
|-weather|SunnyDay|[upkeep]
|upkeep
|turn|7
|
|t:|1783279006
|move|p2b: Sneasler|Dire Claw|p1a: Torkoal
|-damage|p1a: Torkoal|0 fnt
|faint|p1a: Torkoal
|move|p1b: Annihilape|Phantom Force||[still]
|-prepare|p1b: Annihilape|Phantom Force
|
|-weather|SunnyDay|[upkeep]
|upkeep
|turn|8
|
|t:|1783279016
|move|p2b: Sneasler|Dire Claw|p1b: Annihilape|[miss]
|-miss|p2b: Sneasler|p1b: Annihilape
|move|p1b: Annihilape|Phantom Force|p2b: Sneasler|[from] lockedmove
|-crit|p2b: Sneasler
|-damage|p2b: Sneasler|0 fnt
|faint|p2b: Sneasler
|
|win|finalbossbackwiper
