|j|☆GymGlofer
|j|☆Suffle_Gz
|html|GymGloferSuffle_Gz    
|uhtml|bestof|Game 2 of a best-of-3
|t:|1784352529
|gametype|doubles
|player|p1|GymGlofer|blackbelt|1064
|player|p2|Suffle_Gz|mars|1151
|gen|9
|tier|[Gen 9 Champions] VGC 2026 Reg M-B (Bo3)
|rated|
|rule|Species Clause: Limit one of each Pokémon
|rule|Item Clause: Limit 1 of each item
|clearpoke
|poke|p1|Arcanine-Hisui, L50, F|
|poke|p1|Ninetales, L50, F|
|poke|p1|Talonflame, L50, F|
|poke|p1|Incineroar, L50, M|
|poke|p1|Delphox, L50, F|
|poke|p1|Emboar, L50, F|
|poke|p2|Chesnaught, L50, M|
|poke|p2|Grimmsnarl, L50, M|
|poke|p2|Farigiraf, L50, F|
|poke|p2|Pelipper, L50, M|
|poke|p2|Goodra-Hisui, L50, F|
|poke|p2|Sylveon, L50, F, shiny|
|teampreview|4
|showteam|p1|Arcanine-Hisui||ChoiceScarf|RockHead|RagingFury,HeadSmash,ExtremeSpeed,RockSlide|Jolly||F|||50|]Ninetales||HeatRock|Drought|MysticalFire,SolarBeam,Encore,Disable|Timid||F|||50|]Talonflame||FocusSash|GaleWings|BlazeKick,DualWingbeat,Tailwind,QuickGuard|Jolly||F|||50|]Incineroar||Leftovers|Intimidate|DarkestLariat,PartingShot,WillOWisp,FakeOut|Serious||M|||50|]Delphox||Delphoxite|Magician|HeatWave,Psyshock,NastyPlot,Protect|Timid||F|||50|]Emboar||Emboarite|Blaze|FlareBlitz,DrainPunch,SuckerPunch,Earthquake|Adamant||F|||50|
|showteam|p2|Chesnaught||Chesnaughtite|Bulletproof|BodyPress,IronDefense,LeechSeed,SpikyShield|Sassy||M|||50|]Grimmsnarl||LightClay|Prankster|Reflect,LightScreen,PartingShot,SpiritBreak|Careful||M|||50|]Farigiraf||ColburBerry|ArmorTail|TrickRoom,TwinBeam,Thunderbolt,Protect|Quiet||F|||50|]Pelipper||SitrusBerry|Drizzle|WeatherBall,Hurricane,Protect,WideGuard|Sassy||M|||50|]Goodra-Hisui||Leftovers|SapSipper|LifeDew,FlashCannon,AncientPower,Protect|Quiet||F|||50|]Sylveon||FairyFeather|Pixilate|HyperVoice,HyperBeam,QuickAttack,Detect|Quiet||F|||50|
|inactive|Battle timer is ON: inactive players will automatically lose when time's up. (requested by Suffle_Gz)
|
|t:|1784352542
|teamsize|p1|4
|teamsize|p2|4
|start
|switch|p1a: Delphox|Delphox, L50, F|100/100
|switch|p1b: Incineroar|Incineroar, L50, M|100/100
|switch|p2a: Farigiraf|Farigiraf, L50, F|100/100
|switch|p2b: Grimmsnarl|Grimmsnarl, L50, M|100/100
|-ability|p1b: Incineroar|Intimidate|boost
|-unboost|p2a: Farigiraf|atk|1
|-unboost|p2b: Grimmsnarl|atk|1
|turn|1
|inactive|GymGlofer has 30 seconds left.
|inactive|GymGlofer has 20 seconds left.
|inactive|GymGlofer has 15 seconds left.
|inactive|GymGlofer has 10 seconds left.
|
|t:|1784352588
|detailschange|p1a: Delphox|Delphox-Mega, L50, F
|-mega|p1a: Delphox|Delphox|Delphoxite
|move|p2b: Grimmsnarl|Light Screen|p2b: Grimmsnarl
|-sidestart|p2: Suffle_Gz|move: Light Screen
|move|p1a: Delphox|Nasty Plot|p1a: Delphox
|-boost|p1a: Delphox|spa|2
|move|p1b: Incineroar|Darkest Lariat|p2a: Farigiraf
|-supereffective|p2a: Farigiraf|1
|-enditem|p2a: Farigiraf|Colbur Berry|[eat]
|-enditem|p2a: Farigiraf|Colbur Berry|[weaken]
|-damage|p2a: Farigiraf|64/100
|move|p2a: Farigiraf|Trick Room|p2a: Farigiraf
|-fieldstart|move: Trick Room|[of] p2a: Farigiraf
|
|upkeep
|turn|2
|
|t:|1784352604
|move|p2b: Grimmsnarl|Parting Shot|p1a: Delphox
|-unboost|p1a: Delphox|atk|1
|-unboost|p1a: Delphox|spa|1
|
|t:|1784352609
|switch|p2b: Goodra|Goodra-Hisui, L50, F|100/100|[from] Parting Shot
|move|p2a: Farigiraf|Thunderbolt|p1a: Delphox
|-damage|p1a: Delphox|69/100
|move|p1b: Incineroar|Darkest Lariat|p2a: Farigiraf
|-supereffective|p2a: Farigiraf|1
|-damage|p2a: Farigiraf|0 fnt
|faint|p2a: Farigiraf
|move|p1a: Delphox|Nasty Plot|p1a: Delphox
|-boost|p1a: Delphox|spa|2
|
|upkeep
|
|t:|1784352622
|switch|p2a: Pelipper|Pelipper, L50, M|100/100
|-weather|RainDance|[from] ability: Drizzle|[of] p2a: Pelipper
|turn|3
|
|t:|1784352635
|switch|p2a: Grimmsnarl|Grimmsnarl, L50, M|100/100
|move|p1a: Delphox|Protect|p1a: Delphox
|-singleturn|p1a: Delphox|Protect
|move|p2b: Goodra|Ancient Power|p1b: Incineroar
|-supereffective|p1b: Incineroar|1
|-damage|p1b: Incineroar|59/100
|move|p1b: Incineroar|Darkest Lariat|p2a: Grimmsnarl
|-resisted|p2a: Grimmsnarl|2
|-damage|p2a: Grimmsnarl|92/100
|
|-weather|RainDance|[upkeep]
|-heal|p1b: Incineroar|65/100|[from] item: Leftovers
|upkeep
|turn|4
|
|t:|1784352656
|move|p2b: Goodra|Ancient Power|p1a: Delphox
|-supereffective|p1a: Delphox|1
|-damage|p1a: Delphox|32/100
|move|p2a: Grimmsnarl|Spirit Break|p1a: Delphox
|-resisted|p1a: Delphox|1
|-crit|p1a: Delphox
|-damage|p1a: Delphox|0 fnt
|faint|p1a: Delphox
|move|p1b: Incineroar|Darkest Lariat|p2b: Goodra
|-damage|p2b: Goodra|71/100
|
|-weather|RainDance|[upkeep]
|-heal|p2b: Goodra|77/100|[from] item: Leftovers
|-heal|p1b: Incineroar|71/100|[from] item: Leftovers
|upkeep
|
|t:|1784352664
|switch|p1a: Arcanine|Arcanine-Hisui, L50, F|100/100
|turn|5
|
|t:|1784352685
|switch|p1b: Ninetales|Ninetales, L50, F|100/100
|-weather|SunnyDay|[from] ability: Drought|[of] p1b: Ninetales
|move|p2a: Grimmsnarl|Reflect|p2a: Grimmsnarl
|-sidestart|p2: Suffle_Gz|Reflect
|move|p2b: Goodra|Flash Cannon|p1a: Arcanine
|-crit|p1a: Arcanine
|-damage|p1a: Arcanine|21/100
|move|p1a: Arcanine|Raging Fury|p2a: Grimmsnarl
|-damage|p2a: Grimmsnarl|34/100
|
|-weather|SunnyDay|[upkeep]
|-heal|p2b: Goodra|82/100|[from] item: Leftovers
|-fieldend|move: Trick Room
|upkeep
|turn|6
|inactive|Suffle_Gz has 30 seconds left.
|
|t:|1784352716
|move|p2a: Grimmsnarl|Parting Shot|p1a: Arcanine
|-unboost|p1a: Arcanine|atk|1
|-unboost|p1a: Arcanine|spa|1
|
|t:|1784352719
|switch|p2a: Pelipper|Pelipper, L50, M|100/100|[from] Parting Shot
|-weather|RainDance|[from] ability: Drizzle|[of] p2a: Pelipper
|move|p1a: Arcanine|Raging Fury|p2b: Goodra|[from] lockedmove
|-damage|p2b: Goodra|71/100
|-start|p1a: Arcanine|confusion|[fatigue]
|move|p1b: Ninetales|Mystical Fire|p2b: Goodra
|-damage|p2b: Goodra|65/100
|-unboost|p2b: Goodra|spa|1
|move|p2b: Goodra|Ancient Power|p1a: Arcanine
|-supereffective|p1a: Arcanine|1
|-damage|p1a: Arcanine|0 fnt
|faint|p1a: Arcanine
|
|-weather|RainDance|[upkeep]
|-heal|p2b: Goodra|71/100|[from] item: Leftovers
|upkeep
|
|t:|1784352732
|switch|p1a: Incineroar|Incineroar, L50, M|71/100
|-ability|p1a: Incineroar|Intimidate|boost
|-unboost|p2a: Pelipper|atk|1
|-unboost|p2b: Goodra|atk|1
|turn|7
|
|t:|1784352742
|move|p2a: Pelipper|Protect|p2a: Pelipper
|-singleturn|p2a: Pelipper|Protect
|move|p2b: Goodra|Protect|p2b: Goodra
|-singleturn|p2b: Goodra|Protect
|move|p1a: Incineroar|Fake Out|p2a: Pelipper
|-activate|p2a: Pelipper|move: Protect
|move|p1b: Ninetales|Mystical Fire|p2b: Goodra
|-activate|p2b: Goodra|move: Protect
|
|-weather|RainDance|[upkeep]
|-heal|p1a: Incineroar|77/100|[from] item: Leftovers
|-heal|p2b: Goodra|77/100|[from] item: Leftovers
|upkeep
|turn|8
|
|t:|1784352758
|move|p1b: Ninetales|Encore|p2a: Pelipper
|-start|p2a: Pelipper|Encore
|move|p2a: Pelipper|Protect|p2a: Pelipper
|-singleturn|p2a: Pelipper|Protect
|move|p1a: Incineroar|Darkest Lariat|p2b: Goodra
|-damage|p2b: Goodra|56/100
|move|p2b: Goodra|Life Dew||[still]|[spread] p2a,p2b
|-fail|p2a: Pelipper|heal
|-heal|p2b: Goodra|81/100
|
|-weather|RainDance|[upkeep]
|-heal|p1a: Incineroar|83/100|[from] item: Leftovers
|-heal|p2b: Goodra|87/100|[from] item: Leftovers
|-sideend|p2: Suffle_Gz|move: Light Screen
|upkeep
|turn|9
|
|t:|1784352782
|switch|p2a: Grimmsnarl|Grimmsnarl, L50, M|34/100
|move|p2b: Goodra|Protect|p2b: Goodra
|-singleturn|p2b: Goodra|Protect
|move|p1b: Ninetales|Encore|p2b: Goodra
|-activate|p2b: Goodra|move: Protect
|move|p1a: Incineroar|Darkest Lariat|p2a: Grimmsnarl
|-resisted|p2a: Grimmsnarl|2
|-damage|p2a: Grimmsnarl|29/100
|
|-weather|RainDance|[upkeep]
|-heal|p1a: Incineroar|89/100|[from] item: Leftovers
|-heal|p2b: Goodra|93/100|[from] item: Leftovers
|upkeep
|turn|10
|inactive|Suffle_Gz has 30 seconds left.
|
|t:|1784352810
|move|p2a: Grimmsnarl|Parting Shot|p1b: Ninetales
|-unboost|p1b: Ninetales|atk|1
|-unboost|p1b: Ninetales|spa|1
|
|t:|1784352813
|switch|p2a: Pelipper|Pelipper, L50, M|100/100|[from] Parting Shot
|move|p1b: Ninetales|Mystical Fire|p2b: Goodra
|-crit|p2b: Goodra
|-damage|p2b: Goodra|80/100
|-unboost|p2b: Goodra|spa|1
|move|p1a: Incineroar|Will-O-Wisp|p2a: Pelipper
|-status|p2a: Pelipper|brn
|move|p2b: Goodra|Ancient Power|p1b: Ninetales
|-supereffective|p1b: Ninetales|1
|-damage|p1b: Ninetales|76/100
|
|-weather|none
|-heal|p1a: Incineroar|95/100|[from] item: Leftovers
|-heal|p2b: Goodra|86/100|[from] item: Leftovers
|-damage|p2a: Pelipper|94/100 brn|[from] brn
|upkeep
|turn|11
|inactive|GymGlofer has 30 seconds left.
|inactive|Suffle_Gz has 30 seconds left.
|
|t:|1784352843
|switch|p2b: Grimmsnarl|Grimmsnarl, L50, M|29/100
|move|p1b: Ninetales|Mystical Fire|p2b: Grimmsnarl
|-damage|p2b: Grimmsnarl|11/100
|-unboost|p2b: Grimmsnarl|spa|1
|move|p1a: Incineroar|Darkest Lariat|p2a: Pelipper
|-damage|p2a: Pelipper|74/100 brn
|move|p2a: Pelipper|Hurricane|p1b: Ninetales
|-damage|p1b: Ninetales|34/100
|-start|p1b: Ninetales|confusion
|
|-heal|p1a: Incineroar|100/100|[from] item: Leftovers
|-damage|p2a: Pelipper|68/100 brn|[from] brn
|upkeep
|turn|12
|
|t:|1784352862
|switch|p2a: Goodra|Goodra-Hisui, L50, F|86/100
|move|p2b: Grimmsnarl|Parting Shot|p1b: Ninetales
|-unboost|p1b: Ninetales|atk|1
|-unboost|p1b: Ninetales|spa|1
|
|t:|1784352868
|switch|p2b: Pelipper|Pelipper, L50, M|68/100 brn|[from] Parting Shot
|-weather|RainDance|[from] ability: Drizzle|[of] p2b: Pelipper
|-activate|p1b: Ninetales|confusion
|-damage|p1b: Ninetales|28/100|[from] confusion
|move|p1a: Incineroar|Darkest Lariat|p2a: Goodra
|-damage|p2a: Goodra|64/100
|
|-weather|RainDance|[upkeep]
|-heal|p2a: Goodra|70/100|[from] item: Leftovers
|-damage|p2b: Pelipper|62/100 brn|[from] brn
|-sideend|p2: Suffle_Gz|Reflect
|upkeep
|turn|13
|
|t:|1784352890
|-end|p1b: Ninetales|confusion
|move|p1b: Ninetales|Mystical Fire|p2b: Pelipper
|-resisted|p2b: Pelipper|1
|-damage|p2b: Pelipper|58/100 brn
|-unboost|p2b: Pelipper|spa|1
|move|p1a: Incineroar|Will-O-Wisp|p2a: Goodra
|-status|p2a: Goodra|brn
|move|p2b: Pelipper|Weather Ball|p1b: Ninetales
|-supereffective|p1b: Ninetales|1
|-damage|p1b: Ninetales|0 fnt
|faint|p1b: Ninetales
|move|p2a: Goodra|Ancient Power|p1a: Incineroar
|-supereffective|p1a: Incineroar|1
|-damage|p1a: Incineroar|61/100
|
|-weather|RainDance|[upkeep]
|-heal|p1a: Incineroar|67/100|[from] item: Leftovers
|-heal|p2a: Goodra|76/100 brn|[from] item: Leftovers
|-damage|p2b: Pelipper|52/100 brn|[from] brn
|-damage|p2a: Goodra|70/100 brn|[from] brn
|upkeep
|turn|14
|inactive|GymGlofer has 30 seconds left.
|-message|GymGlofer forfeited.
|raw|GymGlofer's rating: 1064 → 1049(-15 for losing)
|raw|Suffle_Gz's rating: 1151 → 1170(+19 for winning)
|
|win|Suffle_Gz
