|j|☆klkconklwa
|j|☆pawmifleet
|html|klkconklwapawmifleet    
|uhtml|bestof|Game 2 of a best-of-3
|t:|1784388143
|gametype|doubles
|player|p1|klkconklwa|lucas-gen4pt|1191
|player|p2|pawmifleet|fisherman-gen4|1175
|gen|9
|tier|[Gen 9 Champions] VGC 2026 Reg M-B (Bo3)
|rated|
|rule|Species Clause: Limit one of each Pokémon
|rule|Item Clause: Limit 1 of each item
|clearpoke
|poke|p1|Charizard, L50, M, shiny|
|poke|p1|Kingambit, L50, M, shiny|
|poke|p1|Incineroar, L50, M|
|poke|p1|Sylveon, L50, F, shiny|
|poke|p1|Garchomp, L50, F, shiny|
|poke|p1|Aerodactyl, L50, M, shiny|
|poke|p2|Incineroar, L50, M|
|poke|p2|Venusaur, L50, M|
|poke|p2|Charizard, L50, M|
|poke|p2|Garchomp, L50, M|
|poke|p2|Toxapex, L50, M|
|poke|p2|Annihilape, L50, F|
|teampreview|4
|showteam|p1|Charizard||CharizarditeY|Blaze|WeatherBall,HeatWave,SolarBeam,Protect|Modest||M|||50|]Kingambit||FocusSash|Defiant|IronHead,SuckerPunch,KowtowCleave,LowKick|Adamant||M|||50|]Incineroar||SitrusBerry|Intimidate|FakeOut,DarkestLariat,PartingShot,HelpingHand|Impish||M|||50|]Sylveon||FairyFeather|Pixilate|HyperVoice,QuickAttack,Yawn,Detect|Modest||F|||50|]Garchomp||LifeOrb|RoughSkin|Protect,DragonClaw,Earthquake,StompingTantrum|Jolly||F|||50|]Aerodactyl||Aerodactylite|Unnerve|RockSlide,DualWingbeat,Tailwind,IceFang|Jolly||M|||50|
|showteam|p2|Incineroar||SitrusBerry|Intimidate|FakeOut,ThroatChop,FlareBlitz,PartingShot|Impish||M|||50|]Venusaur||LifeOrb|Chlorophyll|SolarBeam,SludgeBomb,EarthPower,Protect|Modest||M|||50|]Charizard||CharizarditeY|Blaze|HeatWave,WeatherBall,HelpingHand,Protect|Modest||M|||50|]Garchomp||ChoiceScarf|RoughSkin|DragonClaw,Earthquake,RockSlide,StompingTantrum|Adamant||M|||50|]Toxapex||Leftovers|Regenerator|Infestation,Toxic,BanefulBunker,WideGuard|Bold||M|||50|]Annihilape||FocusSash|Defiant|PhantomForce,CloseCombat,RockTomb,Protect|Jolly||F|||50|
|
|t:|1784388184
|teamsize|p1|4
|teamsize|p2|4
|start
|switch|p1a: Aerodactyl|Aerodactyl, L50, M, shiny|100/100
|switch|p1b: Garchomp|Garchomp, L50, F, shiny|100/100
|switch|p2a: Venusaur|Venusaur, L50, M|100/100
|switch|p2b: Charizard|Charizard, L50, M|100/100
|-ability|p1a: Aerodactyl|Unnerve
|turn|1
|
|t:|1784388201
|detailschange|p1a: Aerodactyl|Aerodactyl-Mega, L50, M, shiny
|-mega|p1a: Aerodactyl|Aerodactyl|Aerodactylite
|detailschange|p2b: Charizard|Charizard-Mega-Y, L50, M
|-mega|p2b: Charizard|Charizard|Charizardite Y
|-weather|SunnyDay|[from] ability: Drought|[of] p2b: Charizard
|move|p2b: Charizard|Helping Hand|p2a: Venusaur
|-singleturn|p2a: Venusaur|Helping Hand|[of] p2b: Charizard
|move|p2a: Venusaur|Solar Beam||[still]
|-prepare|p2a: Venusaur|Solar Beam
|-anim|p2a: Venusaur|Solar Beam|p1a: Aerodactyl
|-damage|p1a: Aerodactyl|0 fnt
|faint|p1a: Aerodactyl
|-damage|p2a: Venusaur|90/100|[from] item: Life Orb
|move|p1b: Garchomp|Dragon Claw|p2b: Charizard
|-damage|p2b: Charizard|53/100
|-damage|p1b: Garchomp|90/100|[from] item: Life Orb
|
|-weather|SunnyDay|[upkeep]
|upkeep
|
|t:|1784388214
|switch|p1a: Kingambit|Kingambit, L50, M, shiny|100/100
|turn|2
|
|t:|1784388232
|move|p2b: Charizard|Helping Hand|p2a: Venusaur
|-singleturn|p2a: Venusaur|Helping Hand|[of] p2b: Charizard
|move|p1a: Kingambit|Sucker Punch|p2a: Venusaur
|-damage|p2a: Venusaur|32/100
|move|p2a: Venusaur|Solar Beam||[still]
|-prepare|p2a: Venusaur|Solar Beam
|-anim|p2a: Venusaur|Solar Beam|p1b: Garchomp
|-damage|p1b: Garchomp|0 fnt
|faint|p1b: Garchomp
|-damage|p2a: Venusaur|22/100|[from] item: Life Orb
|
|-weather|SunnyDay|[upkeep]
|upkeep
|
|t:|1784388241
|switch|p1b: Sylveon|Sylveon, L50, F, shiny|100/100
|turn|3
|
|t:|1784388253
|move|p2a: Venusaur|Protect|p2a: Venusaur
|-singleturn|p2a: Venusaur|Protect
|move|p1a: Kingambit|Sucker Punch|p2b: Charizard
|-damage|p2b: Charizard|15/100
|move|p2b: Charizard|Weather Ball|p1b: Sylveon
|-damage|p1b: Sylveon|31/100
|move|p1b: Sylveon|Hyper Voice|p2a: Venusaur|[spread] p2b
|-activate|p2a: Venusaur|move: Protect
|-resisted|p2b: Charizard|1
|-damage|p2b: Charizard|0 fnt
|faint|p2b: Charizard
|
|-weather|SunnyDay|[upkeep]
|upkeep
|
|t:|1784388261
|switch|p2b: Garchomp|Garchomp, L50, M|100/100
|turn|4
|
|t:|1784388285
|switch|p2a: Annihilape|Annihilape, L50, F|100/100
|move|p1b: Sylveon|Detect|p1b: Sylveon
|-singleturn|p1b: Sylveon|Protect
|move|p2b: Garchomp|Earthquake|p1b: Sylveon|[spread] p2a,p1a
|-activate|p1b: Sylveon|move: Protect
|-supereffective|p1a: Kingambit|1
|-damage|p2a: Annihilape|51/100
|-damage|p1a: Kingambit|23/100
|move|p1a: Kingambit|Kowtow Cleave|p2b: Garchomp
|-damage|p2b: Garchomp|51/100
|-damage|p1a: Kingambit|11/100|[from] ability: Rough Skin|[of] p2b: Garchomp
|
|-weather|SunnyDay|[upkeep]
|upkeep
|turn|5
|l|☆klkconklwa
|player|p1|
|inactive|Battle timer is ON: inactive players will automatically lose when time's up. (requested by pawmifleet)
|inactive|klkconklwa has 30 seconds to reconnect!
|inactive|klkconklwa has 20 seconds to reconnect!
|inactive|klkconklwa has 15 seconds to reconnect!
|inactive|klkconklwa has 10 seconds to reconnect!
|inactive|klkconklwa has 5 seconds to reconnect!
|-message|klkconklwa lost due to inactivity.
|
|win|pawmifleet
|raw|klkconklwa's rating: 1191 → 1165(-26 for losing)
|raw|pawmifleet's rating: 1175 → 1201(+26 for winning)
