|j|☆BulkyBell
|j|☆glofer
|html|BulkyBellglofer    
|uhtml|bestof|Game 2 of a best-of-3
|t:|1785378510
|gametype|doubles
|player|p1|BulkyBell|265|1065
|player|p2|glofer|blackbelt|1042
|gen|9
|tier|[Gen 9 Champions] VGC 2026 Reg M-B (Bo3)
|rated|
|rule|Species Clause: Limit one of each Pokémon
|rule|Item Clause: Limit 1 of each item
|clearpoke
|poke|p1|Raichu, L50, F|
|poke|p1|Archaludon, L50, F|
|poke|p1|Pelipper, L50, F, shiny|
|poke|p1|Swampert, L50, F|
|poke|p1|Overqwil, L50, F|
|poke|p1|Basculegion, L50, M, shiny|
|poke|p2|Bellibolt, L50, M|
|poke|p2|Raichu, L50, M|
|poke|p2|Manectric, L50, F|
|poke|p2|Eelektross, L50, F|
|poke|p2|Emolga, L50, F|
|poke|p2|Heliolisk, L50, M|
|teampreview|4
|showteam|p1|Raichu||RaichuniteX|LightningRod|VoltTackle,VoltSwitch,FakeOut,Protect|Jolly||F|||50|]Archaludon||Leftovers|Stamina|ElectroShot,FlashCannon,Protect,DragonPulse|Modest||F|||50|]Pelipper||DampRock|Drizzle|Hurricane,Roost,Protect,Tailwind|Bold||F|||50|]Swampert||Swampertite|Torrent|WaveCrash,Earthquake,IcePunch,BodyPress|Adamant||F|||50|]Overqwil||ExpertBelt|SwiftSwim|GunkShot,Crunch,PoisonJab,Taunt|Adamant||F|||50|]Basculegion||ChoiceScarf|SwiftSwim|WaveCrash,LastRespects,FlipTurn,Outrage|Adamant||M|||50|
|showteam|p2|Bellibolt||Leftovers|Electromorphosis|ParabolicCharge,AcidSpray,Soak,Protect|Modest||M|||50|]Raichu||RaichuniteY|LightningRod|ZapCannon,FocusBlast,FakeOut,Protect|Timid||M|||50|]Manectric||Manectite|LightningRod|VoltSwitch,Flamethrower,Snarl,Protect|Timid||F|||50|]Eelektross||LifeOrb|Levitate|SupercellSlam,DrainPunch,Bulldoze,Coil|Brave||F|||50|]Emolga||FocusSash|MotorDrive|Electroweb,AirSlash,Taunt,Protect|Timid||F|||50|]Heliolisk||ChoiceScarf|DrySkin|Thunderbolt,HyperVoice,DragonPulse,DarkPulse|Timid||M|||50|
|inactive|Battle timer is ON: inactive players will automatically lose when time's up. (requested by glofer)
|
|t:|1785378547
|teamsize|p1|4
|teamsize|p2|4
|start
|switch|p1a: Overqwil|Overqwil, L50, F|100/100
|switch|p1b: Pelipper|Pelipper, L50, F, shiny|100/100
|switch|p2a: Heliolisk|Heliolisk, L50, M|100/100
|switch|p2b: Eelektross|Eelektross, L50, F|100/100
|-weather|RainDance|[from] ability: Drizzle|[of] p1b: Pelipper
|turn|1
|inactive|BulkyBell has 30 seconds left.
|
|t:|1785378579
|switch|p1b: Swampert|Swampert, L50, F|100/100
|move|p1a: Overqwil|Taunt|p2b: Eelektross
|-start|p2b: Eelektross|move: Taunt
|move|p2a: Heliolisk|Thunderbolt|p1b: Swampert
|-immune|p1b: Swampert
|cant|p2b: Eelektross|move: Taunt|Coil
|
|-weather|RainDance|[upkeep]
|upkeep
|turn|2
|inactive|BulkyBell has 30 seconds left.
|
|t:|1785378606
|move|p1a: Overqwil|Gunk Shot|p2a: Heliolisk
|-damage|p2a: Heliolisk|0 fnt
|faint|p2a: Heliolisk
|move|p1b: Swampert|Body Press|p2b: Eelektross
|-damage|p2b: Eelektross|85/100
|move|p2b: Eelektross|Bulldoze|p1b: Swampert|[spread] p1a,p1b
|-supereffective|p1a: Overqwil|1
|-crit|p1b: Swampert
|-damage|p1a: Overqwil|61/100
|-damage|p1b: Swampert|70/100
|-unboost|p1a: Overqwil|spe|1
|-unboost|p1b: Swampert|spe|1
|-damage|p2b: Eelektross|75/100|[from] item: Life Orb
|
|-weather|RainDance|[upkeep]
|upkeep
|
|t:|1785378621
|switch|p2a: Bellibolt|Bellibolt, L50, M|100/100
|turn|3
|
|t:|1785378645
|move|p2a: Bellibolt|Protect|p2a: Bellibolt
|-singleturn|p2a: Bellibolt|Protect
|move|p1a: Overqwil|Gunk Shot|p2b: Eelektross
|-damage|p2b: Eelektross|20/100y
|-status|p2b: Eelektross|psn
|move|p1b: Swampert|Ice Punch|p2b: Eelektross
|-damage|p2b: Eelektross|0 fnt
|faint|p2b: Eelektross
|
|-weather|RainDance|[upkeep]
|upkeep
|
|t:|1785378654
|switch|p2b: Raichu|Raichu, L50, M|100/100
|turn|4
|
|t:|1785378675
|switch|p1a: Pelipper|Pelipper, L50, F, shiny|100/100
|move|p2b: Raichu|Protect|p2b: Raichu
|-singleturn|p2b: Raichu|Protect
|move|p1b: Swampert|Earthquake|p2a: Bellibolt|[spread] p2a
|-activate|p2b: Raichu|move: Protect
|-immune|p1a: Pelipper
|-supereffective|p2a: Bellibolt|1
|-damage|p2a: Bellibolt|33/100
|-start|p2a: Bellibolt|Charge|Earthquake|[from] ability: Electromorphosis
|move|p2a: Bellibolt|Acid Spray|p1a: Pelipper
|-damage|p1a: Pelipper|81/100
|-unboost|p1a: Pelipper|spd|2
|
|-weather|RainDance|[upkeep]
|-heal|p2a: Bellibolt|39/100|[from] item: Leftovers
|upkeep
|turn|5
|
|t:|1785378688
|detailschange|p1b: Swampert|Swampert-Mega, L50, F
|-mega|p1b: Swampert|Swampert|Swampertite
|move|p1a: Pelipper|Protect|p1a: Pelipper
|-singleturn|p1a: Pelipper|Protect
|move|p2b: Raichu|Focus Blast|p1b: Swampert|[miss]
|-miss|p2b: Raichu|p1b: Swampert
|move|p1b: Swampert|Earthquake|p2a: Bellibolt|[spread] p2a,p2b
|-activate|p1a: Pelipper|move: Protect
|-supereffective|p2a: Bellibolt|1
|-supereffective|p2b: Raichu|1
|-crit|p2b: Raichu
|-damage|p2a: Bellibolt|0 fnt
|-damage|p2b: Raichu|0 fnt
|faint|p2a: Bellibolt
|faint|p2b: Raichu
|
|win|BulkyBell
|raw|BulkyBell's rating: 1065 → 1093(+28 for winning)
|raw|glofer's rating: 1042 → 1027(-15 for losing)
|l|☆glofer
|player|p2|
|c|☆BulkyBell|gg
