|j|☆Crowy09
|j|☆Kotestplayer
|html|Crowy09Kotestplayer    
|uhtml|bestof|Game 1 of a best-of-3
|t:|1786156508
|gametype|doubles
|player|p1|Crowy09|chuck|1092
|player|p2|Kotestplayer|266|1173
|gen|9
|tier|[Gen 9 Champions] VGC 2026 Reg M-B (Bo3)
|rated|
|rule|Species Clause: Limit one of each Pokémon
|rule|Item Clause: Limit 1 of each item
|clearpoke
|poke|p1|Annihilape, L50, M|
|poke|p1|Charizard, L50, M|
|poke|p1|Toxapex, L50, F|
|poke|p1|Metagross, L50|
|poke|p1|Incineroar, L50, M|
|poke|p1|Hydreigon, L50, M|
|poke|p2|Whimsicott, L50, M|
|poke|p2|Garchomp, L50, F|
|poke|p2|Sylveon, L50, F|
|poke|p2|Gholdengo, L50|
|poke|p2|Gyarados, L50, M|
|poke|p2|Raichu, L50, M|
|teampreview|4
|showteam|p1|Annihilape||FocusSash|Defiant|PhantomForce,CloseCombat,RockTomb,Protect|Adamant||M|||50|]Charizard||CharizarditeY|Blaze|HeatWave,WeatherBall,SolarBeam,Protect|Modest||M|||50|]Toxapex||Leftovers|Regenerator|Toxic,Infestation,WideGuard,BanefulBunker|Bold||F|||50|]Metagross||Metagrossite|ClearBody|BulletPunch,PsychicFangs,StompingTantrum,Protect|Jolly|||||50|]Incineroar||SitrusBerry|Intimidate|FlareBlitz,ThroatChop,PartingShot,FakeOut|Impish||M|||50|]Hydreigon||ChoiceScarf|Levitate|DarkPulse,DracoMeteor,Snarl,HeatWave|Modest||M|||50|
|showteam|p2|Whimsicott||FocusSash|Prankster|Moonblast,Tailwind,Encore,Protect|Timid||M|||50|]Garchomp||LifeOrb|RoughSkin|DragonClaw,StompingTantrum,RockSlide,Protect|Jolly||F|||50|]Sylveon||FairyFeather|Pixilate|HyperVoice,HyperBeam,QuickAttack,Detect|Modest||F|||50|]Gholdengo||SitrusBerry|GoodasGold|MakeItRain,ShadowBall,NastyPlot,Protect|Modest|||||50|]Gyarados||Gyaradosite|Intimidate|Waterfall,LashOut,DragonDance,Protect|Adamant||M|||50|]Raichu||RaichuniteY|Static|FakeOut,ZapCannon,FocusBlast,Protect|Timid||M|||50|
|
|t:|1786156578
|teamsize|p1|4
|teamsize|p2|4
|start
|switch|p1a: Metagross|Metagross, L50|100/100
|switch|p1b: Toxapex|Toxapex, L50, F|100/100
|switch|p2a: Whimsicott|Whimsicott, L50, M|100/100
|switch|p2b: Garchomp|Garchomp, L50, F|100/100
|turn|1
|inactive|Battle timer is ON: inactive players will automatically lose when time's up. (requested by Kotestplayer)
|inactive|Crowy09 has 60 seconds left.
|
|t:|1786156617
|switch|p1a: Incineroar|Incineroar, L50, M|100/100
|-ability|p1a: Incineroar|Intimidate|boost
|-unboost|p2a: Whimsicott|atk|1
|-unboost|p2b: Garchomp|atk|1
|move|p2a: Whimsicott|Protect|p2a: Whimsicott
|-singleturn|p2a: Whimsicott|Protect
|move|p2b: Garchomp|Stomping Tantrum|p1b: Toxapex
|-supereffective|p1b: Toxapex|1
|-damage|p1b: Toxapex|55/100
|-damage|p2b: Garchomp|90/100|[from] item: Life Orb
|move|p1b: Toxapex|Toxic|p2b: Garchomp
|-status|p2b: Garchomp|tox
|
|-heal|p1b: Toxapex|61/100|[from] item: Leftovers
|-damage|p2b: Garchomp|84/100 tox|[from] psn
|upkeep
|turn|2
|inactive|Kotestplayer has 30 seconds left.
|inactive|Kotestplayer has 20 seconds left.
|inactive|Kotestplayer has 15 seconds left.
|
|t:|1786156658
|switch|p2b: Gyarados|Gyarados, L50, M|100/100
|-ability|p2b: Gyarados|Intimidate|boost
|-unboost|p1a: Incineroar|atk|1
|-unboost|p1b: Toxapex|atk|1
|move|p1b: Toxapex|Baneful Bunker|p1b: Toxapex
|-singleturn|p1b: Toxapex|move: Protect
|move|p1a: Incineroar|Fake Out|p2a: Whimsicott
|-damage|p2a: Whimsicott|88/100
|cant|p2a: Whimsicott|flinch
|
|-heal|p1b: Toxapex|66/100|[from] item: Leftovers
|upkeep
|turn|3
|
|t:|1786156682
|switch|p1a: Annihilape|Annihilape, L50, M|100/100
|move|p2a: Whimsicott|Encore|p1b: Toxapex
|-start|p1b: Toxapex|Encore
|move|p1b: Toxapex|Baneful Bunker||[still]
|-fail|p1b: Toxapex
|move|p2b: Gyarados|Dragon Dance|p2b: Gyarados
|-boost|p2b: Gyarados|atk|1
|-boost|p2b: Gyarados|spe|1
|
|-heal|p1b: Toxapex|72/100|[from] item: Leftovers
|upkeep
|turn|4
|inactive|Kotestplayer has 30 seconds left.
|
|t:|1786156712
|-heal|p1b: Toxapex|100/100|[from] ability: Regenerator|[silent]
|switch|p1b: Incineroar|Incineroar, L50, M|100/100
|-ability|p1b: Incineroar|Intimidate|boost
|-unboost|p2a: Whimsicott|atk|1
|-unboost|p2b: Gyarados|atk|1
|move|p2a: Whimsicott|Tailwind|p2a: Whimsicott
|-sidestart|p2: Kotestplayer|move: Tailwind
|move|p2b: Gyarados|Lash Out|p1a: Annihilape
|-damage|p1a: Annihilape|42/100
|move|p1a: Annihilape|Rock Tomb|p2b: Gyarados
|-supereffective|p2b: Gyarados|1
|-damage|p2b: Gyarados|52/100
|-unboost|p2b: Gyarados|spe|1
|
|upkeep
|turn|5
|inactive|Kotestplayer has 30 seconds left.
|
|t:|1786156741
|switch|p2b: Garchomp|Garchomp, L50, F|84/100 tox
|move|p2a: Whimsicott|Moonblast|p1a: Annihilape
|-supereffective|p1a: Annihilape|1
|-damage|p1a: Annihilape|0 fnt
|faint|p1a: Annihilape
|move|p1b: Incineroar|Flare Blitz|p2a: Whimsicott
|-supereffective|p2a: Whimsicott|1
|-damage|p2a: Whimsicott|0 fnt
|faint|p2a: Whimsicott
|-damage|p1b: Incineroar|80/100|[from] Recoil
|
|-damage|p2b: Garchomp|78/100 tox|[from] psn
|upkeep
|
|t:|1786156755
|switch|p2a: Gyarados|Gyarados, L50, M|52/100
|switch|p1a: Toxapex|Toxapex, L50, F|100/100
|-ability|p2a: Gyarados|Intimidate|boost
|-unboost|p1a: Toxapex|atk|1
|-unboost|p1b: Incineroar|atk|1
|turn|6
|
|t:|1786156779
|detailschange|p2a: Gyarados|Gyarados-Mega, L50, M
|-mega|p2a: Gyarados|Gyarados|Gyaradosite
|-ability|p2a: Gyarados|Mold Breaker
|move|p1a: Toxapex|Baneful Bunker|p1a: Toxapex
|-singleturn|p1a: Toxapex|move: Protect
|move|p2b: Garchomp|Stomping Tantrum|p1a: Toxapex
|-activate|p1a: Toxapex|move: Protect
|move|p2a: Gyarados|Dragon Dance|p2a: Gyarados
|-boost|p2a: Gyarados|atk|1
|-boost|p2a: Gyarados|spe|1
|move|p1b: Incineroar|Parting Shot|p2b: Garchomp
|-unboost|p2b: Garchomp|atk|1
|-unboost|p2b: Garchomp|spa|1
|
|t:|1786156792
|switch|p1b: Metagross|Metagross, L50|100/100|[from] Parting Shot
|
|-damage|p2b: Garchomp|66/100 tox|[from] psn
|upkeep
|turn|7
|inactive|Crowy09 has 30 seconds left.
|
|t:|1786156824
|switch|p1b: Incineroar|Incineroar, L50, M|80/100
|-ability|p1b: Incineroar|Intimidate|boost
|-unboost|p2a: Gyarados|atk|1
|-unboost|p2b: Garchomp|atk|1
|move|p2a: Gyarados|Waterfall|p1a: Toxapex
|-resisted|p1a: Toxapex|1
|-crit|p1a: Toxapex
|-damage|p1a: Toxapex|75/100
|move|p2b: Garchomp|Stomping Tantrum|p1a: Toxapex
|-supereffective|p1a: Toxapex|1
|-damage|p1a: Toxapex|36/100
|-damage|p2b: Garchomp|56/100 tox|[from] item: Life Orb
|move|p1a: Toxapex|Infestation|p2b: Garchomp
|-damage|p2b: Garchomp|52/100 tox
|-activate|p2b: Garchomp|move: Infestation|[of] p1a: Toxapex
|-damage|p1a: Toxapex|24/100|[from] ability: Rough Skin|[of] p2b: Garchomp
|
|-heal|p1a: Toxapex|29/100|[from] item: Leftovers
|-damage|p2b: Garchomp|34/100 tox|[from] psn
|-damage|p2b: Garchomp|22/100 tox|[from] move: Infestation|[partiallytrapped]
|-sideend|p2: Kotestplayer|move: Tailwind
|upkeep
|turn|8
|inactive|Crowy09 has 30 seconds left.
|inactive|Kotestplayer has 30 seconds left.
|
|t:|1786156857
|-heal|p1a: Toxapex|63/100|[from] ability: Regenerator|[silent]
|switch|p1a: Metagross|Metagross, L50|100/100
|move|p1b: Incineroar|Fake Out|p2b: Garchomp
|-damage|p2b: Garchomp|12/100 tox
|-damage|p1b: Incineroar|67/100|[from] ability: Rough Skin|[of] p2b: Garchomp
|move|p2a: Gyarados|Dragon Dance|p2a: Gyarados
|-boost|p2a: Gyarados|atk|1
|-boost|p2a: Gyarados|spe|1
|cant|p2b: Garchomp|flinch
|
|-damage|p2b: Garchomp|0 fnt|[from] psn
|faint|p2b: Garchomp
|upkeep
|
|t:|1786156873
|switch|p2b: Sylveon|Sylveon, L50, F|100/100
|turn|9
|
|t:|1786156894
|detailschange|p1a: Metagross|Metagross-Mega, L50
|-mega|p1a: Metagross|Metagross|Metagrossite
|move|p1a: Metagross|Protect|p1a: Metagross
|-singleturn|p1a: Metagross|Protect
|move|p2b: Sylveon|Detect|p2b: Sylveon
|-singleturn|p2b: Sylveon|Protect
|move|p2a: Gyarados|Waterfall|p1b: Incineroar
|-supereffective|p1b: Incineroar|1
|-damage|p1b: Incineroar|0 fnt
|faint|p1b: Incineroar
|
|upkeep
|
|t:|1786156903
|switch|p1b: Toxapex|Toxapex, L50, F|63/100
|turn|10
|
|t:|1786156923
|move|p1a: Metagross|Bullet Punch|p2b: Sylveon
|-supereffective|p2b: Sylveon|1
|-damage|p2b: Sylveon|40/100
|move|p2a: Gyarados|Lash Out|p1a: Metagross
|-supereffective|p1a: Metagross|1
|-damage|p1a: Metagross|4/100
|move|p2b: Sylveon|Hyper Beam|p1b: Toxapex
|-resisted|p1b: Toxapex|1
|-damage|p1b: Toxapex|24/100
|-mustrecharge|p2b: Sylveon
|move|p1b: Toxapex|Toxic|p2a: Gyarados
|-status|p2a: Gyarados|tox
|
|-heal|p1b: Toxapex|30/100|[from] item: Leftovers
|-damage|p2a: Gyarados|46/100 tox|[from] psn
|upkeep
|turn|11
|inactive|Crowy09 has 30 seconds left.
|inactive|Kotestplayer has 30 seconds left.
|
|t:|1786156954
|move|p1a: Metagross|Bullet Punch|p2b: Sylveon
|-supereffective|p2b: Sylveon|1
|-damage|p2b: Sylveon|0 fnt
|faint|p2b: Sylveon
|move|p2a: Gyarados|Waterfall|p1b: Toxapex
|-resisted|p1b: Toxapex|1
|-damage|p1b: Toxapex|5/100
|move|p1b: Toxapex|Infestation|p2a: Gyarados
|-supereffective|p2a: Gyarados|1
|-damage|p2a: Gyarados|41/100 tox
|-activate|p2a: Gyarados|move: Infestation|[of] p1b: Toxapex
|
|-heal|p1b: Toxapex|11/100|[from] item: Leftovers
|-damage|p2a: Gyarados|29/100 tox|[from] psn
|-damage|p2a: Gyarados|17/100 tox|[from] move: Infestation|[partiallytrapped]
|upkeep
|turn|12
|-message|Kotestplayer forfeited.
|
|win|Crowy09
||Crowy09 is ready for game 2.
||Kotestplayer is ready for game 2.
|uhtml|next|Next: Game 2 of 3
|l|☆Kotestplayer
|player|p2|
