|j|☆viatles
|j|☆ansufati7
|html|viatlesansufati7    
|uhtml|bestof|Game 2 of a best-of-3
|t:|1757007683
|gametype|doubles
|player|p1|viatles|hiker|1120
|player|p2|ansufati7|ethan|1032
|gen|9
|tier|[Gen 9] VGC 2025 Reg H (Bo3)
|rated|
|rule|Species Clause: Limit one of each Pokémon
|rule|Item Clause: Limit 1 of each item
|clearpoke
|poke|p1|Serperior, L50, M|
|poke|p1|Grimmsnarl, L50, M|
|poke|p1|Empoleon, L50, M|
|poke|p1|Garchomp, L50, M|
|poke|p1|Araquanid, L50, M|
|poke|p1|Garganacl, L50, M|
|poke|p2|Ursaluna-Bloodmoon, L50, M|
|poke|p2|Rillaboom, L50, M|
|poke|p2|Gholdengo, L50|
|poke|p2|Incineroar, L50, F|
|poke|p2|Whimsicott, L50, F|
|poke|p2|Dragonite, L50, F|
|teampreview|4
|showteam|p1|Serperior||CovertCloak|Contrary|Protect,LeafStorm,TeraBlast,GrassPledge|||M|||50|,,,,,Stellar]Grimmsnarl||LightClay|Prankster|LightScreen,Reflect,SpiritBreak,ThunderWave|||M|||50|,,,,,Ghost]Empoleon||ChopleBerry|Competitive|WaterPledge,FlashCannon,Haze,Protect|||M|||50|,,,,,Grass]Garchomp||LoadedDice|RoughSkin|ScaleShot,Earthquake,IronHead,Protect|||M|||50|,,,,,Steel]Araquanid||SafetyGoggles|WaterBubble|WideGuard,Protect,Liquidation,Infestation|||M|||50|,,,,,Grass]Garganacl||Leftovers|PurifyingSalt|SaltCure,Recover,Protect,ThunderPunch|||M|||50|,,,,,Water
|showteam|p2|Ursaluna-Bloodmoon||AssaultVest|MindsEye|BloodMoon,VacuumWave,EarthPower,HyperVoice|||M|||50|,,,,,Ghost]Rillaboom||MiracleSeed|GrassySurge|FakeOut,GrassyGlide,Uturn,WoodHammer|||M|||50|,,,,,Fire]Gholdengo||ChoiceScarf|GoodasGold|MakeItRain,ShadowBall,Trick,NastyPlot||||||50|,,,,,Water]Incineroar||SafetyGoggles|Intimidate|FakeOut,KnockOff,PartingShot,WillOWisp|||F|||50|,,,,,Ghost]Whimsicott||CovertCloak|Prankster|Moonblast,Tailwind,SunnyDay,Encore|||F|||50|,,,,,Poison]Dragonite||LoadedDice|Multiscale|ExtremeSpeed,Protect,ScaleShot,Haze|||F|||50|,,,,,Normal
|inactive|Battle timer is ON: inactive players will automatically lose when time's up. (requested by viatles)
|
|t:|1757007700
|teamsize|p1|4
|teamsize|p2|4
|start
|switch|p1a: Grimmsnarl|Grimmsnarl, L50, M|100/100
|switch|p1b: Garchomp|Garchomp, L50, M|100/100
|switch|p2a: Whimsicott|Whimsicott, L50, F, shiny|100/100
|switch|p2b: Rillaboom|Rillaboom, L50, M|100/100
|-fieldstart|move: Grassy Terrain|[from] ability: Grassy Surge|[of] p2b: Rillaboom
|turn|1
|inactive|ansufati7 has 30 seconds left.
|inactive|ansufati7 has 20 seconds left.
|inactive|ansufati7 has 15 seconds left.
|inactive|viatles has 30 seconds left.
|
|t:|1757007747
|move|p2a: Whimsicott|Tailwind|p2a: Whimsicott
|-sidestart|p2: ansufati7|move: Tailwind
|move|p1a: Grimmsnarl|Thunder Wave|p2b: Rillaboom
|-status|p2b: Rillaboom|par
|move|p1b: Garchomp|Iron Head|p2a: Whimsicott
|-supereffective|p2a: Whimsicott
|-damage|p2a: Whimsicott|22/100
|move|p2b: Rillaboom|Wood Hammer|p1a: Grimmsnarl
|-damage|p1a: Grimmsnarl|2/100
|-damage|p2b: Rillaboom|69/100 par|[from] Recoil
|
|-heal|p2a: Whimsicott|28/100|[from] Grassy Terrain
|-heal|p2b: Rillaboom|74/100 par|[from] Grassy Terrain
|-heal|p1a: Grimmsnarl|8/100|[from] Grassy Terrain
|upkeep
|turn|2
|
|t:|1757007769
|switch|p2a: Dragonite|Dragonite, L50, F, shiny|100/100
|move|p2b: Rillaboom|Grassy Glide|p1a: Grimmsnarl
|-damage|p1a: Grimmsnarl|0 fnt
|faint|p1a: Grimmsnarl
|move|p1b: Garchomp|Scale Shot|p2b: Rillaboom
|-damage|p2b: Rillaboom|60/100 par
|-damage|p2b: Rillaboom|47/100 par
|-damage|p2b: Rillaboom|33/100 par
|-damage|p2b: Rillaboom|20/100 par
|-hitcount|p2b: Rillaboom|4
|-unboost|p1b: Garchomp|def|1
|-boost|p1b: Garchomp|spe|1
|
|-heal|p2b: Rillaboom|26/100 par|[from] Grassy Terrain
|upkeep
|
|t:|1757007792
|switch|p1a: Serperior|Serperior, L50, M|100/100
|turn|3
|
|t:|1757007812
|-terastallize|p1b: Garchomp|Steel
|move|p2a: Dragonite|Scale Shot|p1b: Garchomp
|-resisted|p1b: Garchomp
|-damage|p1b: Garchomp|90/100
|-resisted|p1b: Garchomp
|-damage|p1b: Garchomp|78/100
|-resisted|p1b: Garchomp
|-damage|p1b: Garchomp|66/100
|-resisted|p1b: Garchomp
|-damage|p1b: Garchomp|54/100
|-resisted|p1b: Garchomp
|-damage|p1b: Garchomp|43/100
|-hitcount|p1b: Garchomp|5
|-unboost|p2a: Dragonite|def|1
|-boost|p2a: Dragonite|spe|1
|move|p1b: Garchomp|Scale Shot|p2a: Dragonite
|-supereffective|p2a: Dragonite
|-damage|p2a: Dragonite|75/100
|-supereffective|p2a: Dragonite
|-damage|p2a: Dragonite|31/100
|-supereffective|p2a: Dragonite
|-damage|p2a: Dragonite|0 fnt
|faint|p2a: Dragonite
|-hitcount|p2: Dragonite|3
|-unboost|p1b: Garchomp|def|1
|-boost|p1b: Garchomp|spe|1
|move|p1a: Serperior|Leaf Storm|p2b: Rillaboom
|-resisted|p2b: Rillaboom
|-damage|p2b: Rillaboom|0 fnt
|-boost|p1a: Serperior|spa|2
|faint|p2b: Rillaboom
|
|-heal|p1b: Garchomp|49/100|[from] Grassy Terrain
|upkeep
|inactive|ansufati7 has 30 seconds left.
|
|t:|1757007843
|switch|p2a: Gholdengo|Gholdengo, L50|100/100
|switch|p2b: Whimsicott|Whimsicott, L50, F, shiny|28/100
|turn|4
|inactive|ansufati7 has 30 seconds left.
|
|t:|1757007870
|move|p1a: Serperior|Protect|p1a: Serperior
|-singleturn|p1a: Serperior|Protect
|move|p2a: Gholdengo|Trick|p1a: Serperior
|-activate|p1a: Serperior|move: Protect
|move|p1b: Garchomp|Iron Head|p2b: Whimsicott
|-supereffective|p2b: Whimsicott
|-damage|p2b: Whimsicott|0 fnt
|faint|p2b: Whimsicott
|
|-heal|p1b: Garchomp|55/100|[from] Grassy Terrain
|-sideend|p2: ansufati7|move: Tailwind
|upkeep
|turn|5
|
|t:|1757007886
|-terastallize|p2a: Gholdengo|Water
|move|p1b: Garchomp|Iron Head|p2a: Gholdengo
|-resisted|p2a: Gholdengo
|-damage|p2a: Gholdengo|75/100
|cant|p2a: Gholdengo|flinch
|move|p1a: Serperior|Leaf Storm|p2a: Gholdengo
|-supereffective|p2a: Gholdengo
|-damage|p2a: Gholdengo|0 fnt
|-boost|p1a: Serperior|spa|2
|faint|p2a: Gholdengo
|
|win|viatles
|raw|viatles's rating: 1120 → 1139(+19 for winning)
|raw|ansufati7's rating: 1032 → 1021(-11 for losing)
|l|☆ansufati7
|player|p2|
|c|☆viatles|g
