|j|☆JuanGuerrero09
|j|‽NBZ-H
|html|JuanGuerrero09NBZ-H    
|uhtml|bestof|Game 2 of a best-of-3
|t:|1756911912
|gametype|doubles
|player|p1|JuanGuerrero09|102|1094
|player|p2|NBZ-H|2|1012
|gen|9
|tier|[Gen 9] VGC 2025 Reg H (Bo3)
|rated|
|rule|Species Clause: Limit one of each Pokémon
|rule|Item Clause: Limit 1 of each item
|clearpoke
|poke|p1|Sneasler, L50, M|
|poke|p1|Indeedee, L50, M|
|poke|p1|Tyranitar, L50, M|
|poke|p1|Excadrill, L50, M|
|poke|p1|Gholdengo, L50|
|poke|p1|Incineroar, L50, F|
|poke|p2|Coalossal, L50, F|
|poke|p2|Torkoal, L50, F|
|poke|p2|Ursaluna, L50, F|
|poke|p2|Farigiraf, L50, F|
|poke|p2|Amoonguss, L50, M|
|poke|p2|Gothitelle, L50, F|
|teampreview|4
|showteam|p1|Sneasler||WhiteHerb|Unburden|CloseCombat,DireClaw,FakeOut,Protect|||M|||50|,,,,,Dark]Indeedee||ChoiceScarf|PsychicSurge|ExpandingForce,TeraBlast,Trick,Protect|||M|||50|,,,,,Fire]Tyranitar||AssaultVest|SandStream|RockSlide,KnockOff,TeraBlast,LowKick|||M|||50|,,,,,Flying]Excadrill||FocusSash|SandRush|HighHorsepower,Earthquake,IronHead,Protect|||M|||50|,,,,,Ground]Gholdengo||MetalCoat|GoodasGold|ShadowBall,Protect,MakeItRain,NastyPlot||||||50|,,,,,Water]Incineroar||SafetyGoggles|Intimidate|FakeOut,KnockOff,FlareBlitz,PartingShot|||F|||50|,,,,,Ghost
|showteam|p2|Coalossal||PowerHerb|FlashFire|MeteorBeam,Protect,EarthPower,HeatWave|||F|||50|,,,,,Grass]Torkoal||Charcoal|Drought|Eruption,Protect,SolarBeam,Flamethrower|||F|||50|,,,,,Fire]Ursaluna||FlameOrb|Guts|Protect,HeadlongRush,Facade,Earthquake|||F|||50|,,,,,Ghost]Farigiraf||GrassySeed|ArmorTail|TrickRoom,FoulPlay,HelpingHand,Reflect|||F|||50|,,,,,Fairy]Amoonguss||MentalHerb|Regenerator|RagePowder,Spore,PollenPuff,Protect|||M|||50|,,,,,Dark]Gothitelle||Leftovers|ShadowTag|Protect,FakeOut,TrickRoom,LightScreen|||F|||50|,,,,,Dark
|inactive|Battle timer is ON: inactive players will automatically lose when time's up. (requested by NBZ-H)
|
|t:|1756911957
|teamsize|p1|4
|teamsize|p2|4
|start
|switch|p1a: Gholdengo|Gholdengo, L50|100/100
|switch|p1b: Indeedee|Indeedee, L50, M|100/100
|switch|p2a: Farigiraf|Farigiraf, L50, F|100/100
|switch|p2b: Amoonguss|Amoonguss, L50, M|100/100
|-fieldstart|move: Psychic Terrain|[from] ability: Psychic Surge|[of] p1b: Indeedee
|turn|1
|inactive|NBZ-H has 30 seconds left.
|inactive|NBZ-H has 20 seconds left.
|inactive|NBZ-H has 15 seconds left.
|inactive|NBZ-H has 10 seconds left.
|inactive|NBZ-H has 5 seconds left.
|
|t:|1756912007
|-terastallize|p2b: Amoonguss|Dark
|move|p1b: Indeedee|Expanding Force|p2a: Farigiraf|[spread] p2a
|-immune|p2b: Amoonguss
|-resisted|p2a: Farigiraf
|-damage|p2a: Farigiraf|83/100
|move|p1a: Gholdengo|Make It Rain|p2a: Farigiraf|[spread] p2a,p2b
|-damage|p2a: Farigiraf|45/100
|-damage|p2b: Amoonguss|62/100
|-unboost|p1a: Gholdengo|spa|1
|move|p2b: Amoonguss|Spore|p1b: Indeedee
|-status|p1b: Indeedee|slp|[from] move: Spore
|move|p2a: Farigiraf|Trick Room|p2a: Farigiraf
|-fieldstart|move: Trick Room|[of] p2a: Farigiraf
|
|upkeep
|turn|2
|inactive|NBZ-H has 30 seconds left.
|
|t:|1756912037
|move|p2b: Amoonguss|Pollen Puff|p2a: Farigiraf
|-heal|p2a: Farigiraf|94/100
|move|p2a: Farigiraf|Foul Play|p1a: Gholdengo
|-supereffective|p1a: Gholdengo
|-damage|p1a: Gholdengo|73/100
|move|p1a: Gholdengo|Nasty Plot|p1a: Gholdengo
|-boost|p1a: Gholdengo|spa|2
|cant|p1b: Indeedee|slp
|
|upkeep
|turn|3
|
|t:|1756912061
|switch|p2b: Ursaluna|Ursaluna, L50, F|100/100
|-terastallize|p1a: Gholdengo|Water
|move|p2a: Farigiraf|Foul Play|p1a: Gholdengo
|-damage|p1a: Gholdengo|60/100
|move|p1a: Gholdengo|Nasty Plot|p1a: Gholdengo
|-boost|p1a: Gholdengo|spa|2
|cant|p1b: Indeedee|slp
|
|-status|p2b: Ursaluna|brn|[from] item: Flame Orb
|upkeep
|turn|4
|
|t:|1756912079
|switch|p1b: Incineroar|Incineroar, L50, F|100/100
|-ability|p1b: Incineroar|Intimidate|boost
|-unboost|p2a: Farigiraf|atk|1
|-unboost|p2b: Ursaluna|atk|1
|move|p2a: Farigiraf|Helping Hand|p2b: Ursaluna
|-singleturn|p2b: Ursaluna|Helping Hand|[of] p2a: Farigiraf
|move|p1a: Gholdengo|Protect|p1a: Gholdengo
|-singleturn|p1a: Gholdengo|Protect
|move|p2b: Ursaluna|Facade|p1a: Gholdengo
|-activate|p1a: Gholdengo|move: Protect
|
|-damage|p2b: Ursaluna|95/100 brn|[from] brn
|upkeep
|turn|5
|inactive|JuanGuerrero09 has 30 seconds left.
|inactive|JuanGuerrero09 has 20 seconds left.
|
|t:|1756912119
|move|p2a: Farigiraf|Helping Hand|p2b: Ursaluna
|-singleturn|p2b: Ursaluna|Helping Hand|[of] p2a: Farigiraf
|move|p1a: Gholdengo|Protect||[still]
|-fail|p1a: Gholdengo
|move|p2b: Ursaluna|Facade|p1a: Gholdengo
|-damage|p1a: Gholdengo|0 fnt
|faint|p1a: Gholdengo
|move|p1b: Incineroar|Knock Off|p2a: Farigiraf
|-supereffective|p2a: Farigiraf
|-damage|p2a: Farigiraf|12/100
|-enditem|p2a: Farigiraf|Grassy Seed|[from] move: Knock Off|[of] p1b: Incineroar
|
|-damage|p2b: Ursaluna|89/100 brn|[from] brn
|-fieldend|move: Trick Room
|-fieldend|move: Psychic Terrain
|upkeep
|
|t:|1756912133
|switch|p1a: Tyranitar|Tyranitar, L50, M|100/100
|-weather|Sandstorm|[from] ability: Sand Stream|[of] p1a: Tyranitar
|turn|6
|
|t:|1756912148
|move|p1b: Incineroar|Parting Shot|p2b: Ursaluna
|-unboost|p2b: Ursaluna|atk|1
|-unboost|p2b: Ursaluna|spa|1
|
|t:|1756912153
|switch|p1b: Indeedee|Indeedee, L50, M|100/100 slp|[from] Parting Shot
|-fieldstart|move: Psychic Terrain|[from] ability: Psychic Surge|[of] p1b: Indeedee
|move|p1a: Tyranitar|Rock Slide|p2b: Ursaluna|[spread] p2b
|-miss|p1a: Tyranitar|p2a: Farigiraf
|-resisted|p2b: Ursaluna
|-damage|p2b: Ursaluna|78/100 brn
|move|p2b: Ursaluna|Earthquake|p1a: Tyranitar|[spread] p2a,p1a,p1b
|-supereffective|p1a: Tyranitar
|-damage|p2a: Farigiraf|0 fnt
|-damage|p1a: Tyranitar|47/100
|-damage|p1b: Indeedee|34/100 slp
|faint|p2a: Farigiraf
|
|-weather|Sandstorm|[upkeep]
|-damage|p1b: Indeedee|28/100 slp|[from] Sandstorm
|-damage|p2b: Ursaluna|72/100 brn|[from] brn
|upkeep
|
|t:|1756912167
|switch|p2a: Torkoal|Torkoal, L50, F|100/100
|-weather|SunnyDay|[from] ability: Drought|[of] p2a: Torkoal
|turn|7
|
|t:|1756912177
|switch|p1a: Incineroar|Incineroar, L50, F|100/100
|-ability|p1a: Incineroar|Intimidate|boost
|-unboost|p2a: Torkoal|atk|1
|-unboost|p2b: Ursaluna|atk|1
|cant|p1b: Indeedee|slp
|move|p2b: Ursaluna|Headlong Rush|p1a: Incineroar
|-supereffective|p1a: Incineroar
|-damage|p1a: Incineroar|28/100
|-unboost|p2b: Ursaluna|def|1
|-unboost|p2b: Ursaluna|spd|1
|move|p2a: Torkoal|Flamethrower|p1b: Indeedee
|-damage|p1b: Indeedee|0 fnt
|faint|p1b: Indeedee
|
|-weather|SunnyDay|[upkeep]
|-damage|p2b: Ursaluna|66/100 brn|[from] brn
|upkeep
|
|t:|1756912192
|switch|p1b: Tyranitar|Tyranitar, L50, M|47/100
|-weather|Sandstorm|[from] ability: Sand Stream|[of] p1b: Tyranitar
|turn|8
|
|t:|1756912209
|switch|p2a: Amoonguss|Amoonguss, L50, M, tera:Dark|96/100
|move|p2b: Ursaluna|Protect|p2b: Ursaluna
|-singleturn|p2b: Ursaluna|Protect
|move|p1a: Incineroar|Flare Blitz|p2a: Amoonguss
|-damage|p2a: Amoonguss|45/100
|-damage|p1a: Incineroar|9/100|[from] Recoil
|move|p1b: Tyranitar|Rock Slide|p2b: Ursaluna|[spread] 
|-activate|p2b: Ursaluna|move: Protect
|-miss|p1b: Tyranitar|p2a: Amoonguss
|
|-weather|Sandstorm|[upkeep]
|-damage|p2a: Amoonguss|39/100|[from] Sandstorm
|-damage|p2b: Ursaluna|60/100 brn|[from] brn
|upkeep
|turn|9
|inactive|JuanGuerrero09 has 30 seconds left.
|inactive|NBZ-H has 30 seconds left.
|inactive|JuanGuerrero09 has 20 seconds left.
|
|t:|1756912245
|switch|p2b: Torkoal|Torkoal, L50, F|100/100
|-weather|SunnyDay|[from] ability: Drought|[of] p2b: Torkoal
|move|p1a: Incineroar|Knock Off|p2b: Torkoal
|-damage|p2b: Torkoal|68/100
|-enditem|p2b: Torkoal|Charcoal|[from] move: Knock Off|[of] p1a: Incineroar
|move|p1b: Tyranitar|Rock Slide|p2a: Amoonguss|[spread] p2a,p2b
|-supereffective|p2b: Torkoal
|-damage|p2a: Amoonguss|0 fnt
|-damage|p2b: Torkoal|16/100
|faint|p2a: Amoonguss
|
|-weather|SunnyDay|[upkeep]
|upkeep
|inactive|NBZ-H has 30 seconds left.
|
|t:|1756912275
|switch|p2a: Ursaluna|Ursaluna, L50, F|60/100 brn
|turn|10
|inactive|JuanGuerrero09 has 30 seconds left.
|inactive|NBZ-H has 30 seconds left.
|inactive|JuanGuerrero09 has 20 seconds left.
|inactive|NBZ-H has 20 seconds left.
|
|t:|1756912315
|move|p1a: Incineroar|Flare Blitz|p2b: Torkoal
|-resisted|p2b: Torkoal
|-damage|p2b: Torkoal|0 fnt
|faint|p2b: Torkoal
|-damage|p1a: Incineroar|5/100|[from] Recoil
|move|p1b: Tyranitar|Low Kick|p2a: Ursaluna
|-supereffective|p2a: Ursaluna
|-damage|p2a: Ursaluna|0 fnt
|faint|p2a: Ursaluna
|
|win|JuanGuerrero09
|inactive|JuanGuerrero09 has 30 seconds to confirm battle start!
|inactive|NBZ-H has 30 seconds to confirm battle start!
||NBZ-H is ready for game 3.
||JuanGuerrero09 is ready for game 3.
|uhtml|next|Next: Game 3 of 3
|l|‽NBZ-H
|player|p2|
