|j|☆balancedungeon
|j|☆Praige
|html|balancedungeonPraige    
|uhtml|bestof|Game 2 of a best-of-3
|t:|1783368441
|gametype|doubles
|player|p1|balancedungeon|265|1076
|player|p2|Praige|ingo|1090
|gen|9
|tier|[Gen 9 Champions] VGC 2026 Reg M-B (Bo3)
|rated|
|rule|Species Clause: Limit one of each Pokémon
|rule|Item Clause: Limit 1 of each item
|clearpoke
|poke|p1|Floette-Eternal, L50, F|
|poke|p1|Blastoise, L50, F|
|poke|p1|Kingambit, L50, F|
|poke|p1|Sneasler, L50, F|
|poke|p1|Sinistcha, L50|
|poke|p1|Incineroar, L50, F|
|poke|p2|Swampert, L50, M|
|poke|p2|Incineroar, L50, M|
|poke|p2|Whimsicott, L50, M|
|poke|p2|Pelipper, L50, F|
|poke|p2|Archaludon, L50, F|
|poke|p2|Primarina, L50, F|
|teampreview|4
|showteam|p1|Floette-Eternal||Floettite|FlowerVeil|Protect,CalmMind,DazzlingGleam,DrainingKiss|Modest||F|||50|]Blastoise||Blastoisinite|Torrent|ShellSmash,WaterSpout,AuraSphere,Protect|Modest||F|||50|]Kingambit||BlackGlasses|Defiant|SuckerPunch,KowtowCleave,SwordsDance,Protect|Adamant||F|||50|]Sneasler||FocusSash|PoisonTouch|FakeOut,PoisonJab,CloseCombat,QuickGuard|Jolly||F|||50|]Sinistcha||CobaBerry|Hospitality|MatchaGotcha,RagePowder,LifeDew,TrickRoom|Calm|||||50|]Incineroar||SitrusBerry|Intimidate|FakeOut,FlareBlitz,ThroatChop,PartingShot|Bold||F|||50|
|showteam|p2|Swampert||Swampertite|Torrent|Earthquake,WaveCrash,FlipTurn,Protect|Adamant||M|||50|]Incineroar||WhiteHerb|Intimidate|FakeOut,DarkestLariat,CloseCombat,PartingShot|Careful||M|||50|]Whimsicott||FocusSash|Prankster|Tailwind,HelpingHand,Encore,Moonblast|Timid||M|||50|]Pelipper||SitrusBerry|Drizzle|Hurricane,WeatherBall,WideGuard,Protect|Timid||F|||50|]Archaludon||Leftovers|Stamina|ElectroShot,FlashCannon,DragonPulse,Protect|Modest||F|||50|]Primarina||IronBall|LiquidVoice|HyperVoice,Moonblast,WeatherBall,Protect|Quiet||F|||50|
|inactive|Battle timer is ON: inactive players will automatically lose when time's up. (requested by Praige)
|inactive|Praige has 60 seconds left.
|
|t:|1783368478
|teamsize|p1|4
|teamsize|p2|4
|start
|switch|p1a: Incineroar|Incineroar, L50, F|100/100
|switch|p1b: Kingambit|Kingambit, L50, F|100/100
|switch|p2a: BIG SWAMPY|Swampert, L50, M|100/100
|switch|p2b: Toilet Bowl|Pelipper, L50, F|100/100
|-weather|RainDance|[from] ability: Drizzle|[of] p2b: Toilet Bowl
|-ability|p1a: Incineroar|Intimidate|boost
|-unboost|p2a: BIG SWAMPY|atk|1
|-unboost|p2b: Toilet Bowl|atk|1
|turn|1
|
|t:|1783368496
|detailschange|p2a: BIG SWAMPY|Swampert-Mega, L50, M
|-mega|p2a: BIG SWAMPY|Swampert|Swampertite
|move|p2a: BIG SWAMPY|Protect|p2a: BIG SWAMPY
|-singleturn|p2a: BIG SWAMPY|Protect
|move|p1a: Incineroar|Fake Out|p2a: BIG SWAMPY
|-activate|p2a: BIG SWAMPY|move: Protect
|move|p2b: Toilet Bowl|Weather Ball|p1b: Kingambit
|-damage|p1b: Kingambit|35/100
|move|p1b: Kingambit|Kowtow Cleave|p2b: Toilet Bowl
|-crit|p2b: Toilet Bowl
|-damage|p2b: Toilet Bowl|0 fnt
|faint|p2b: Toilet Bowl
|
|-weather|RainDance|[upkeep]
|upkeep
|
|t:|1783368510
|switch|p2b: Arial|Primarina, L50, F|100/100
|turn|2
|
|t:|1783368524
|move|p1b: Kingambit|Protect|p1b: Kingambit
|-singleturn|p1b: Kingambit|Protect
|move|p2a: BIG SWAMPY|Flip Turn|p1a: Incineroar
|-supereffective|p1a: Incineroar|1
|-damage|p1a: Incineroar|45/100
|-enditem|p1a: Incineroar|Sitrus Berry|[eat]
|-heal|p1a: Incineroar|70/100|[from] item: Sitrus Berry
|
|t:|1783368531
|switch|p2a: Boss Battle|Archaludon, L50, F|100/100|[from] Flip Turn
|move|p1a: Incineroar|Parting Shot|p2a: Boss Battle
|-unboost|p2a: Boss Battle|atk|1
|-unboost|p2a: Boss Battle|spa|1
|
|t:|1783368539
|switch|p1a: Sneasler|Sneasler, L50, F|100/100|[from] Parting Shot
|move|p2b: Arial|Hyper Voice|p1b: Kingambit|[spread] p1a
|-activate|p1b: Kingambit|move: Protect
|-damage|p1a: Sneasler|15/100
|
|-weather|RainDance|[upkeep]
|upkeep
|turn|3
|
|t:|1783368549
|move|p1a: Sneasler|Close Combat|p2a: Boss Battle
|-supereffective|p2a: Boss Battle|1
|-crit|p2a: Boss Battle
|-damage|p2a: Boss Battle|0 fnt
|-unboost|p1a: Sneasler|def|1
|-unboost|p1a: Sneasler|spd|1
|faint|p2a: Boss Battle
|move|p1b: Kingambit|Kowtow Cleave|p2b: Arial
|-resisted|p2b: Arial|1
|-damage|p2b: Arial|61/100
|move|p2b: Arial|Hyper Voice|p1b: Kingambit|[spread] p1a,p1b
|-damage|p1a: Sneasler|0 fnt
|-damage|p1b: Kingambit|0 fnt
|faint|p1a: Sneasler
|faint|p1b: Kingambit
|
|-weather|RainDance|[upkeep]
|upkeep
|c|☆Praige|double crit
|c|☆Praige|wpw
|
|t:|1783368562
|switch|p1a: Blastoise|Blastoise, L50, F|100/100
|switch|p2a: BIG SWAMPY|Swampert-Mega, L50, M|100/100
|switch|p1b: Incineroar|Incineroar, L50, F|70/100
|-ability|p1b: Incineroar|Intimidate|boost
|-unboost|p2a: BIG SWAMPY|atk|1
|-unboost|p2b: Arial|atk|1
|turn|4
|
|t:|1783368578
|detailschange|p1a: Blastoise|Blastoise-Mega, L50, F
|-mega|p1a: Blastoise|Blastoise|Blastoisinite
|move|p1b: Incineroar|Fake Out|p2b: Arial
|-damage|p2b: Arial|50/100g
|move|p2a: BIG SWAMPY|Wave Crash|p1a: Blastoise
|-resisted|p1a: Blastoise|1
|-damage|p1a: Blastoise|62/100
|-damage|p2a: BIG SWAMPY|89/100|[from] Recoil
|move|p1a: Blastoise|Water Spout|p2b: Arial|[spread] p2a,p2b
|-resisted|p2b: Arial|1
|-damage|p2a: BIG SWAMPY|27/100
|-damage|p2b: Arial|22/100
|cant|p2b: Arial|flinch
|
|-weather|RainDance|[upkeep]
|upkeep
|turn|5
|
|t:|1783368598
|move|p1a: Blastoise|Protect|p1a: Blastoise
|-singleturn|p1a: Blastoise|Protect
|move|p2a: BIG SWAMPY|Wave Crash|p1b: Incineroar
|-supereffective|p1b: Incineroar|1
|-damage|p1b: Incineroar|0 fnt
|faint|p1b: Incineroar
|-damage|p2a: BIG SWAMPY|1/100|[from] Recoil
|move|p2b: Arial|Moonblast|p1a: Blastoise
|-activate|p1a: Blastoise|move: Protect
|
|-weather|none
|upkeep
|turn|6
|
|t:|1783368611
|move|p1a: Blastoise|Water Spout|p2b: Arial|[spread] p2a,p2b
|-resisted|p2b: Arial|1
|-damage|p2a: BIG SWAMPY|0 fnt
|-damage|p2b: Arial|5/100
|faint|p2a: BIG SWAMPY
|move|p2b: Arial|Moonblast|p1a: Blastoise
|-damage|p1a: Blastoise|12/100
|
|upkeep
|turn|7
|
|t:|1783368622
|move|p1a: Blastoise|Aura Sphere|p2b: Arial
|-resisted|p2b: Arial|1
|-damage|p2b: Arial|0 fnt
|faint|p2b: Arial
|
|win|balancedungeon
|raw|balancedungeon's rating: 1076 → 1106(+30 for winning)
|raw|Praige's rating: 1090 → 1066(-24 for losing)
