|j|☆JCOdyssey
|j|☆eeeeva
|html|JCOdysseyeeeeva    
|uhtml|bestof|Game 1 of a best-of-3
|t:|1785274224
|gametype|doubles
|player|p1|JCOdyssey|bianca|
|player|p2|eeeeva|cyclistf|
|gen|9
|tier|[Gen 9 Champions] VGC 2026 Reg M-B (Bo3)
|rule|Species Clause: Limit one of each Pokémon
|rule|Item Clause: Limit 1 of each item
|clearpoke
|poke|p1|Rotom-Mow, L50|
|poke|p1|Dragalge, L50, M|
|poke|p1|Farigiraf, L50, M|
|poke|p1|Tinkaton, L50, F|
|poke|p1|Sandaconda, L50, F|
|poke|p1|Gallade, L50, M|
|poke|p2|Talonflame, L50, M|
|poke|p2|Trevenant, L50, F|
|poke|p2|Floette-Eternal, L50, F|
|poke|p2|Maushold-Four, L50|
|poke|p2|Milotic, L50, F|
|poke|p2|Hatterene, L50, F|
|teampreview|4
|showteam|p1|Rotom-Mow||WhiteHerb|Levitate|LeafStorm,Thunder,VoltSwitch,Protect|Modest|||||50|]Dragalge||Dragalgite|PoisonPoint|SludgeWave,Thunderbolt,FlipTurn,Protect|Sassy||M|||50|]Farigiraf||MentalHerb|ArmorTail|FutureSight,HyperVoice,TrickRoom,Protect|Sassy||M|||50|]Tinkaton||SitrusBerry|MoldBreaker|FakeOut,GigatonHammer,Encore,Protect|Adamant||F|||50|]Sandaconda||ExpertBelt|ShedSkin|RockSlide,HighHorsepower,Coil,Protect|Brave||F|||50|]Gallade||LumBerry|Sharpness|NightSlash,SacredSword,TrickRoom,Protect|Sassy||M|||50|
|showteam|p2|Talonflame||SharpBeak|GaleWings|Tailwind,BraveBird,FlareBlitz,Uturn|Jolly||M|||50|]Trevenant||SitrusBerry|Harvest|Substitute,HornLeech,WillOWisp,Curse|Careful||F|||50|]Floette-Eternal||Floettite|FlowerVeil|LightofRuin,DazzlingGleam,Moonblast,Protect|Timid||F|||50|]Maushold-Four||ChopleBerry|FriendGuard|FollowMe,SuperFang,Taunt,Protect|Timid|||||50|]Milotic||Leftovers|MarvelScale|Scald,IceBeam,Recover,Haze|Bold||F|||50|]Hatterene||LifeOrb|Healer|TrickRoom,ExpandingForce,MysticalFire,DrainingKiss|Quiet||F|||50|
|j| Bill Candy X
|c|☆JCOdyssey|hi connor
|c| Bill Candy X|Hiiiii gl Jen
|
|t:|1785274319
|teamsize|p1|4
|teamsize|p2|4
|start
|switch|p1a: why he ourple|Dragalge, L50, M|100/100
|switch|p1b: fuel for the stage|Farigiraf, L50, M|100/100
|switch|p2a: Floette|Floette-Eternal, L50, F|100/100
|switch|p2b: Milotic|Milotic, L50, F|100/100
|turn|1
|
|t:|1785274353
|detailschange|p2a: Floette|Floette-Mega, L50, F
|-mega|p2a: Floette|Floette|Floettite
|-ability|p2a: Floette|Fairy Aura
|detailschange|p1a: why he ourple|Dragalge-Mega, L50, M
|-mega|p1a: why he ourple|Dragalge|Dragalgite
|move|p1a: why he ourple|Protect|p1a: why he ourple
|-singleturn|p1a: why he ourple|Protect
|move|p2a: Floette|Dazzling Gleam|p1b: fuel for the stage|[spread] p1b
|-activate|p1a: why he ourple|move: Protect
|-damage|p1b: fuel for the stage|66/100
|move|p2b: Milotic|Ice Beam|p1a: why he ourple
|-activate|p1a: why he ourple|move: Protect
|move|p1b: fuel for the stage|Trick Room|p1b: fuel for the stage
|-fieldstart|move: Trick Room|[of] p1b: fuel for the stage
|
|upkeep
|turn|2
|
|t:|1785274374
|switch|p1b: thing|Tinkaton, L50, F|100/100
|-ability|p1b: thing|Mold Breaker
|move|p1a: why he ourple|Sludge Wave|p2b: Milotic|[spread] p2a,p2b
|-immune|p1b: thing
|-supereffective|p2a: Floette|1
|-damage|p2a: Floette|43/100
|-damage|p2b: Milotic|77/100
|-status|p2b: Milotic|psn
|move|p2b: Milotic|Ice Beam|p1a: why he ourple
|-supereffective|p1a: why he ourple|1
|-damage|p1a: why he ourple|76/100
|move|p2a: Floette|Dazzling Gleam|p1a: why he ourple|[spread] p1a,p1b
|-resisted|p1b: thing|1
|-damage|p1a: why he ourple|50/100g
|-damage|p1b: thing|79/100
|
|-heal|p2b: Milotic|83/100 psn|[from] item: Leftovers
|-damage|p2b: Milotic|70/100 psn|[from] psn
|upkeep
|turn|3
|
|t:|1785274399
|switch|p2a: Hatterene|Hatterene, L50, F|100/100
|move|p1b: thing|Fake Out|p2b: Milotic
|-damage|p2b: Milotic|63/100 psn
|move|p1a: why he ourple|Sludge Wave|p2a: Hatterene|[spread] p2a,p2b
|-immune|p1b: thing
|-supereffective|p2a: Hatterene|1
|-crit|p2b: Milotic
|-damage|p2a: Hatterene|37/100
|-damage|p2b: Milotic|30/100 psn
|cant|p2b: Milotic|flinch
|
|-activate|p2a: Hatterene|ability: Healer
|-curestatus|p2b: Milotic|psn|[msg]
|-heal|p2b: Milotic|36/100|[from] item: Leftovers
|upkeep
|turn|4
|l| Bill Candy X
|
|t:|1785274433
|move|p1a: why he ourple|Protect|p1a: why he ourple
|-singleturn|p1a: why he ourple|Protect
|move|p2a: Hatterene|Expanding Force|p1a: why he ourple
|-activate|p1a: why he ourple|move: Protect
|move|p2b: Milotic|Ice Beam|p1a: why he ourple
|-activate|p1a: why he ourple|move: Protect
|move|p1b: thing|Gigaton Hammer|p2a: Hatterene
|-supereffective|p2a: Hatterene|1
|-damage|p2a: Hatterene|0 fnt
|faint|p2a: Hatterene
|
|-heal|p2b: Milotic|42/100|[from] item: Leftovers
|upkeep
|j| Bill Candy X
|
|t:|1785274446
|switch|p2a: Trevenant|Trevenant, L50, F|100/100
|turn|5
|
|t:|1785274470
|switch|p1b: Grl w/the ♂ symbol|Gallade, L50, M|100/100
|move|p1a: why he ourple|Thunderbolt|p2b: Milotic
|-supereffective|p2b: Milotic|1
|-damage|p2b: Milotic|3/100
|move|p2a: Trevenant|Substitute|p2a: Trevenant
|-start|p2a: Trevenant|Substitute
|-damage|p2a: Trevenant|75/100
|move|p2b: Milotic|Ice Beam|p1a: why he ourple
|-supereffective|p1a: why he ourple|1
|-damage|p1a: why he ourple|25/100
|-status|p1a: why he ourple|frz
|
|-heal|p2b: Milotic|9/100|[from] item: Leftovers
|-fieldend|move: Trick Room
|upkeep
|turn|6
|
|t:|1785274504
|-heal|p1a: why he ourple|58/100 frz|[from] ability: Regenerator|[silent]
|switch|p1a: thing|Tinkaton, L50, F|79/100
|-ability|p1a: thing|Mold Breaker
|move|p2b: Milotic|Recover|p2b: Milotic
|-heal|p2b: Milotic|59/100
|move|p1b: Grl w/the ♂ symbol|Night Slash|p2a: Trevenant
|-supereffective|p2a: Trevenant|1
|-end|p2a: Trevenant|Substitute
|move|p2a: Trevenant|Horn Leech|p1b: Grl w/the ♂ symbol
|-damage|p1b: Grl w/the ♂ symbol|57/100
|-heal|p2a: Trevenant|94/100|[from] drain|[of] p1b: Grl w/the ♂ symbol
|
|-heal|p2b: Milotic|65/100|[from] item: Leftovers
|upkeep
|turn|7
|
|t:|1785274541
|move|p1a: thing|Encore|p2b: Milotic
|-start|p2b: Milotic|Encore
|move|p2b: Milotic|Recover|p2b: Milotic
|-heal|p2b: Milotic|100/100
|move|p1b: Grl w/the ♂ symbol|Night Slash|p2a: Trevenant
|-supereffective|p2a: Trevenant|1
|-damage|p2a: Trevenant|29/100
|-enditem|p2a: Trevenant|Sitrus Berry|[eat]
|-heal|p2a: Trevenant|54/100|[from] item: Sitrus Berry
|move|p2a: Trevenant|Will-O-Wisp|p1a: thing
|-status|p1a: thing|brn
|
|-damage|p1a: thing|73/100 brn|[from] brn
|upkeep
|turn|8
|
|t:|1785274579
|move|p1a: thing|Encore|p2a: Trevenant
|-start|p2a: Trevenant|Encore
|move|p2b: Milotic|Recover||[still]
|-fail|p2b: Milotic|heal
|move|p1b: Grl w/the ♂ symbol|Night Slash|p2a: Trevenant
|-supereffective|p2a: Trevenant|1
|-damage|p2a: Trevenant|0 fnt
|faint|p2a: Trevenant
|
|-damage|p1a: thing|67/100 brn|[from] brn
|upkeep
|
|t:|1785274590
|switch|p2a: Floette|Floette-Mega, L50, F|43/100
|-ability|p2a: Floette|Fairy Aura
|turn|9
|
|t:|1785274603
|move|p1b: Grl w/the ♂ symbol|Protect|p1b: Grl w/the ♂ symbol
|-singleturn|p1b: Grl w/the ♂ symbol|Protect
|move|p2a: Floette|Light of Ruin|p1b: Grl w/the ♂ symbol
|-activate|p1b: Grl w/the ♂ symbol|move: Protect
|move|p1a: thing|Gigaton Hammer|p2a: Floette
|-supereffective|p2a: Floette|1
|-damage|p2a: Floette|0 fnt
|faint|p2a: Floette
|move|p2b: Milotic|Recover||[still]
|-fail|p2b: Milotic|heal
|
|-damage|p1a: thing|61/100 brn|[from] brn
|-end|p2b: Milotic|Encore
|upkeep
|turn|10
|
|t:|1785274624
|move|p1a: thing|Encore|p2b: Milotic
|-start|p2b: Milotic|Encore
|move|p2b: Milotic|Recover||[still]
|-fail|p2b: Milotic|heal
|move|p1b: Grl w/the ♂ symbol|Sacred Sword|p2b: Milotic
|-damage|p2b: Milotic|59/100
|
|-heal|p2b: Milotic|65/100|[from] item: Leftovers
|-damage|p1a: thing|55/100 brn|[from] brn
|upkeep
|turn|11
|
|t:|1785274635
|move|p1a: thing|Gigaton Hammer|p2b: Milotic
|-resisted|p2b: Milotic|1
|-damage|p2b: Milotic|53/100
|move|p2b: Milotic|Recover|p2b: Milotic
|-heal|p2b: Milotic|100/100
|move|p1b: Grl w/the ♂ symbol|Sacred Sword|p2b: Milotic
|-damage|p2b: Milotic|59/100
|
|-heal|p2b: Milotic|65/100|[from] item: Leftovers
|-damage|p1a: thing|49/100 brn|[from] brn
|upkeep
|-enditem|p1a: thing|Sitrus Berry|[eat]
|-heal|p1a: thing|74/100 brn|[from] item: Sitrus Berry
|turn|12
|
|t:|1785274658
|move|p1a: thing|Protect|p1a: thing
|-singleturn|p1a: thing|Protect
|move|p2b: Milotic|Recover|p2b: Milotic
|-heal|p2b: Milotic|100/100
|move|p1b: Grl w/the ♂ symbol|Sacred Sword|p2b: Milotic
|-damage|p2b: Milotic|54/100
|
|-heal|p2b: Milotic|60/100|[from] item: Leftovers
|-damage|p1a: thing|68/100 brn|[from] brn
|-end|p2b: Milotic|Encore
|upkeep
|turn|13
|
|t:|1785274674
|move|p1a: thing|Encore|p2b: Milotic
|-start|p2b: Milotic|Encore
|move|p2b: Milotic|Recover|p2b: Milotic
|-heal|p2b: Milotic|100/100
|move|p1b: Grl w/the ♂ symbol|Sacred Sword|p2b: Milotic
|-damage|p2b: Milotic|55/100
|
|-heal|p2b: Milotic|61/100|[from] item: Leftovers
|-damage|p1a: thing|62/100 brn|[from] brn
|-end|p2b: Milotic|Encore
|upkeep
|turn|14
|
|t:|1785274702
|move|p1a: thing|Gigaton Hammer|p2b: Milotic
|-resisted|p2b: Milotic|1
|-crit|p2b: Milotic
|-damage|p2b: Milotic|45/100
|move|p2b: Milotic|Ice Beam|p1a: thing
|-resisted|p1a: thing|1
|-damage|p1a: thing|53/100 brn
|move|p1b: Grl w/the ♂ symbol|Sacred Sword|p2b: Milotic
|-damage|p2b: Milotic|1/100
|
|-heal|p2b: Milotic|7/100|[from] item: Leftovers
|-damage|p1a: thing|47/100 brn|[from] brn
|upkeep
|turn|15
|
|t:|1785274717
|move|p1a: thing|Protect|p1a: thing
|-singleturn|p1a: thing|Protect
|move|p2b: Milotic|Ice Beam|p1b: Grl w/the ♂ symbol
|-damage|p1b: Grl w/the ♂ symbol|43/100
|move|p1b: Grl w/the ♂ symbol|Sacred Sword|p2b: Milotic
|-damage|p2b: Milotic|0 fnt
|faint|p2b: Milotic
|
|win|JCOdyssey
|inactive|JCOdyssey has 30 seconds to confirm battle start!
|inactive|eeeeva has 30 seconds to confirm battle start!
