|j|‽T-block
|j|☆capspungo
|html|T-blockcapspungo    
|uhtml|bestof|Game 2 of a best-of-3
|t:|1756922035
|gametype|doubles
|player|p1|T-block|266|1389
|player|p2|capspungo|2|1288
|gen|9
|tier|[Gen 9] VGC 2025 Reg H (Bo3)
|rated|
|rule|Species Clause: Limit one of each Pokémon
|rule|Item Clause: Limit 1 of each item
|clearpoke
|poke|p1|Gholdengo, L50|
|poke|p1|Rillaboom, L50, M|
|poke|p1|Tyranitar, L50, M|
|poke|p1|Maushold, L50|
|poke|p1|Sneasler, L50, M|
|poke|p1|Dragonite, L50, M|
|poke|p2|Dragonite, L50, M|
|poke|p2|Volcarona, L50, F|
|poke|p2|Whimsicott, L50, F|
|poke|p2|Sneasler, L50, M|
|poke|p2|Kingambit, L50, M|
|poke|p2|Rillaboom, L50, F|
|teampreview|4
|showteam|p1|Gholdengo||GrassySeed|GoodasGold|NastyPlot,MakeItRain,ShadowBall,Protect||||||50|,,,,,Water]Rillaboom||AssaultVest|GrassySurge|FakeOut,GrassyGlide,DrumBeating,HighHorsepower|||M|||50|,,,,,Fire]Tyranitar||FocusSash|SandStream|RockSlide,KnockOff,LowKick,Protect|||M|||50|,,,,,Ghost]Maushold||SafetyGoggles|FriendGuard|FollowMe,Taunt,SuperFang,Protect||||||50|,,,,,Ghost]Sneasler||WhiteHerb|Unburden|CloseCombat,DireClaw,Coaching,Protect|||M|||50|,,,,,Ghost]Dragonite||LoadedDice|Multiscale|ScaleShot,StompingTantrum,Tailwind,Protect|||M|||50|,,,,,Ground
|showteam|p2|Dragonite||LoadedDice|Multiscale|ScaleShot,ExtremeSpeed,Haze,Protect|||M|||50|,,,,,Fairy]Volcarona||ChoiceScarf|FlameBody|HeatWave,TeraBlast,BugBuzz,FieryDance|||F|||50|,,,,,Fairy]Whimsicott||CovertCloak|Prankster|Moonblast,Taunt,Encore,SunnyDay|||F|||50|,,,,,Stellar]Sneasler||FocusSash|Unburden|CloseCombat,DireClaw,Coaching,FakeOut|||M|||50|,,,,,Stellar]Kingambit||BlackGlasses|Defiant|KowtowCleave,SuckerPunch,SwordsDance,Protect|||M|||50|,,,,,Water]Rillaboom||AssaultVest|GrassySurge|WoodHammer,GrassyGlide,FakeOut,Uturn|||F|||50|,,,,,Fire
|inactive|Battle timer is ON: inactive players will automatically lose when time's up. (requested by capspungo)
|
|t:|1756922106
|teamsize|p1|4
|teamsize|p2|4
|start
|switch|p1a: Dragonite|Dragonite, L50, M|100/100
|switch|p1b: Sneasler|Sneasler, L50, M, shiny|100/100
|switch|p2a: Volcarona|Volcarona, L50, F|100/100
|switch|p2b: Rillaboom|Rillaboom, L50, F|100/100
|-fieldstart|move: Grassy Terrain|[from] ability: Grassy Surge|[of] p2b: Rillaboom
|turn|1
|
|t:|1756922129
|move|p1b: Sneasler|Protect|p1b: Sneasler
|-singleturn|p1b: Sneasler|Protect
|move|p1a: Dragonite|Protect|p1a: Dragonite
|-singleturn|p1a: Dragonite|Protect
|move|p2b: Rillaboom|Fake Out|p1b: Sneasler
|-activate|p1b: Sneasler|move: Protect
|move|p2a: Volcarona|Heat Wave|p1a: Dragonite|[spread] 
|-activate|p1a: Dragonite|move: Protect
|-activate|p1b: Sneasler|move: Protect
|
|upkeep
|turn|2
|inactive|T-block has 30 seconds left.
|
|t:|1756922156
|switch|p1b: Tyranitar|Tyranitar, L50, M|100/100
|-weather|Sandstorm|[from] ability: Sand Stream|[of] p1b: Tyranitar
|move|p2b: Rillaboom|Grassy Glide|p1b: Tyranitar
|-supereffective|p1b: Tyranitar
|-crit|p1b: Tyranitar
|-enditem|p1b: Tyranitar|Focus Sash
|-damage|p1b: Tyranitar|1/100
|move|p2a: Volcarona|Heat Wave|p1b: Tyranitar|[spread] p1a,p1b
|-resisted|p1a: Dragonite
|-resisted|p1b: Tyranitar
|-damage|p1a: Dragonite|90/100
|-damage|p1b: Tyranitar|0 fnt
|faint|p1b: Tyranitar
|move|p1a: Dragonite|Scale Shot|p2b: Rillaboom
|-damage|p2b: Rillaboom|87/100
|-damage|p2b: Rillaboom|73/100
|-damage|p2b: Rillaboom|59/100
|-damage|p2b: Rillaboom|43/100
|-hitcount|p2b: Rillaboom|4
|-unboost|p1a: Dragonite|def|1
|-boost|p1a: Dragonite|spe|1
|
|-weather|Sandstorm|[upkeep]
|-damage|p2a: Volcarona|94/100|[from] Sandstorm
|-damage|p1a: Dragonite|84/100|[from] Sandstorm
|-damage|p2b: Rillaboom|38/100|[from] Sandstorm
|-heal|p2a: Volcarona|100/100|[from] Grassy Terrain
|-heal|p2b: Rillaboom|43/100|[from] Grassy Terrain
|upkeep
|inactive|T-block has 30 seconds left.
|
|t:|1756922183
|switch|p1b: Maushold|Maushold, L50|100/100
|turn|3
|inactive|capspungo has 30 seconds left.
|
|t:|1756922213
|move|p1b: Maushold|Protect|p1b: Maushold
|-singleturn|p1b: Maushold|Protect
|move|p2a: Volcarona|Heat Wave|p1b: Maushold|[spread] p1a
|-activate|p1b: Maushold|move: Protect
|-resisted|p1a: Dragonite
|-damage|p1a: Dragonite|69/100
|-status|p1a: Dragonite|brn
|move|p1a: Dragonite|Scale Shot|p2a: Volcarona
|-damage|p2a: Volcarona|90/100
|-damage|p2a: Volcarona|78/100
|-damage|p2a: Volcarona|67/100
|-damage|p2a: Volcarona|56/100
|-damage|p2a: Volcarona|46/100
|-hitcount|p2a: Volcarona|5
|-unboost|p1a: Dragonite|def|1
|-boost|p1a: Dragonite|spe|1
|move|p2b: Rillaboom|U-turn|p1b: Maushold
|-activate|p1b: Maushold|move: Protect
|
|-weather|Sandstorm|[upkeep]
|-damage|p1a: Dragonite|63/100 brn|[from] Sandstorm
|-damage|p2a: Volcarona|40/100|[from] Sandstorm
|-damage|p2b: Rillaboom|38/100|[from] Sandstorm
|-heal|p2a: Volcarona|46/100|[from] Grassy Terrain
|-heal|p2b: Rillaboom|43/100|[from] Grassy Terrain
|-damage|p1a: Dragonite|57/100 brn|[from] brn
|upkeep
|turn|4
|inactive|T-block has 30 seconds left.
|inactive|T-block has 20 seconds left.
|inactive|T-block has 15 seconds left.
|inactive|T-block has 10 seconds left.
|
|t:|1756922260
|switch|p2b: Kingambit|Kingambit, L50, M|100/100
|move|p1a: Dragonite|Tailwind|p1a: Dragonite
|-sidestart|p1: T-block|move: Tailwind
|move|p1b: Maushold|Super Fang|p2a: Volcarona
|-damage|p2a: Volcarona|23/100
|move|p2a: Volcarona|Heat Wave|p1a: Dragonite|[spread] p1a,p1b
|-resisted|p1a: Dragonite
|-damage|p1a: Dragonite|40/100 brn
|-damage|p1b: Maushold|40/100
|
|-weather|Sandstorm|[upkeep]
|-damage|p1a: Dragonite|34/100 brn|[from] Sandstorm
|-damage|p2a: Volcarona|17/100|[from] Sandstorm
|-heal|p1b: Maushold|46/100|[from] Grassy Terrain
|-heal|p2a: Volcarona|23/100|[from] Grassy Terrain
|-damage|p1a: Dragonite|28/100 brn|[from] brn
|upkeep
|turn|5
|
|t:|1756922285
|move|p1a: Dragonite|Scale Shot|p2a: Volcarona
|-damage|p2a: Volcarona|11/100
|-damage|p2a: Volcarona|0 fnt
|faint|p2a: Volcarona
|-hitcount|p2: Volcarona|2
|-unboost|p1a: Dragonite|def|1
|-boost|p1a: Dragonite|spe|1
|move|p1b: Maushold|Taunt|p2b: Kingambit
|-start|p2b: Kingambit|move: Taunt
|move|p2b: Kingambit|Kowtow Cleave|p1b: Maushold
|-crit|p1b: Maushold
|-damage|p1b: Maushold|0 fnt
|faint|p1b: Maushold
|
|-weather|Sandstorm|[upkeep]
|-damage|p1a: Dragonite|22/100 brn|[from] Sandstorm
|-damage|p1a: Dragonite|16/100 brn|[from] brn
|-fieldend|move: Grassy Terrain
|upkeep
|
|t:|1756922306
|switch|p1b: Sneasler|Sneasler, L50, M, shiny|100/100
|switch|p2a: Rillaboom|Rillaboom, L50, F|43/100
|-fieldstart|move: Grassy Terrain|[from] ability: Grassy Surge|[of] p2a: Rillaboom
|turn|6
|inactive|T-block has 30 seconds left.
|
|t:|1756922340
|-terastallize|p2b: Kingambit|Water
|move|p1b: Sneasler|Protect|p1b: Sneasler
|-singleturn|p1b: Sneasler|Protect
|move|p1a: Dragonite|Scale Shot|p2a: Rillaboom|[miss]
|-miss|p1a: Dragonite|p2a: Rillaboom
|move|p2a: Rillaboom|U-turn|p1a: Dragonite
|-resisted|p1a: Dragonite
|-damage|p1a: Dragonite|0 fnt
|faint|p1a: Dragonite
|
|t:|1756922348
|switch|p2a: Whimsicott|Whimsicott, L50, F|100/100|[from] U-turn
|move|p2b: Kingambit|Kowtow Cleave|p1b: Sneasler
|-activate|p1b: Sneasler|move: Protect
|
|-weather|none
|upkeep
|turn|7
|
|t:|1756922361
|move|p2a: Whimsicott|Encore|p1b: Sneasler
|-start|p1b: Sneasler|Encore
|move|p1b: Sneasler|Protect|p1b: Sneasler
|-singleturn|p1b: Sneasler|Protect
|move|p2b: Kingambit|Kowtow Cleave|p1b: Sneasler
|-activate|p1b: Sneasler|move: Protect
|
|-end|p2b: Kingambit|move: Taunt
|-sideend|p1: T-block|move: Tailwind
|upkeep
|turn|8
|-message|T-block forfeited.
|
|win|capspungo
