|j|☆Myfriendgarchomp
|j|☆Dwsliver
|html|MyfriendgarchompDwsliver    
|uhtml|bestof|Game 1 of a best-of-3
|t:|1757781313
|gametype|doubles
|player|p1|Myfriendgarchomp|colress|1102
|player|p2|Dwsliver|169|1109
|gen|9
|tier|[Gen 9] VGC 2025 Reg H (Bo3)
|rated|
|rule|Species Clause: Limit one of each Pokémon
|rule|Item Clause: Limit 1 of each item
|clearpoke
|poke|p1|Weezing-Galar, L50, M|
|poke|p1|Baxcalibur, L50, F|
|poke|p1|Dondozo, L50, M|
|poke|p1|Tatsugiri, L50, M|
|poke|p1|Ursaluna-Bloodmoon, L50, M|
|poke|p1|Talonflame, L50, M|
|poke|p2|Whimsicott, L50, F|
|poke|p2|Pelipper, L50, M|
|poke|p2|Incineroar, L50, M|
|poke|p2|Indeedee, L50, M|
|poke|p2|Basculegion, L50, M|
|poke|p2|Archaludon, L50, F|
|teampreview|4
|showteam|p1|Weezing-Galar||SitrusBerry|NeutralizingGas|WillOWisp,PoisonGas,StrangeSteam,Protect|||M|||50|,,,,,Flying]Baxcalibur||LoadedDice|ThermalExchange|ScaleShot,IcicleSpear,Protect,IceShard|||F|||50|,,,,,Ghost]Dondozo||Leftovers|Unaware|WaveCrash,OrderUp,Earthquake,Protect|||M|||50|,,,,,Grass]Tatsugiri||ChoiceScarf|Commander|DragonPulse,DracoMeteor,IcyWind,MuddyWater|||M|||50|,,,,,Dragon]Ursaluna-Bloodmoon||AssaultVest|MindsEye|VacuumWave,HyperVoice,EarthPower,BloodMoon|||M|||50|,,,,,Electric]Talonflame||FocusSash|GaleWings|WillOWisp,BraveBird,Tailwind,Taunt|||M|||50|,,,,,Ghost
|showteam|p2|Whimsicott||CovertCloak|Prankster|Taunt,Tailwind,Encore,Moonblast|||F|||50|,,,,,Steel]Pelipper||FocusSash|Drizzle|Tailwind,Protect,Hurricane,WeatherBall|||M|||50|,,,,,Grass]Incineroar||SafetyGoggles|Intimidate|Uturn,FakeOut,KnockOff,FlareBlitz|||M|||50|,,,,,Ghost]Indeedee||ExpertBelt|PsychicSurge|ExpandingForce,TeraBlast,Imprison,TrickRoom|||M|||50|,,,,,Ground]Basculegion||LifeOrb|SwiftSwim|WaveCrash,LastRespects,FlipTurn,Protect|||M|||50|,,,,,Water]Archaludon||AssaultVest|Stamina|ElectroShot,BodyPress,DracoMeteor,Snarl|||F|||50|,,,,,Fighting
|
|t:|1757781357
|teamsize|p1|4
|teamsize|p2|4
|start
|switch|p1a: Weezing|Weezing-Galar, L50, M|100/100
|switch|p1b: Baxcalibur|Baxcalibur, L50, F|100/100
|switch|p2a: Indeedee|Indeedee, L50, M, shiny|100/100
|switch|p2b: Incineroar|Incineroar, L50, M, shiny|100/100
|-ability|p1a: Weezing|Neutralizing Gas
|turn|1
|
|t:|1757781377
|-terastallize|p1b: Baxcalibur|Ghost
|move|p1a: Weezing|Protect|p1a: Weezing
|-singleturn|p1a: Weezing|Protect
|move|p2b: Incineroar|Fake Out|p1b: Baxcalibur
|-immune|p1b: Baxcalibur
|move|p1b: Baxcalibur|Scale Shot|p2a: Indeedee|[miss]
|-miss|p1b: Baxcalibur|p2a: Indeedee
|move|p2a: Indeedee|Expanding Force|p1a: Weezing
|-activate|p1a: Weezing|move: Protect
|
|upkeep
|turn|2
|
|t:|1757781391
|move|p1b: Baxcalibur|Scale Shot|p2a: Indeedee
|-damage|p2a: Indeedee|71/100
|-damage|p2a: Indeedee|39/100
|-damage|p2a: Indeedee|10/100
|-damage|p2a: Indeedee|0 fnt
|faint|p2a: Indeedee
|-hitcount|p2: Indeedee|4
|-unboost|p1b: Baxcalibur|def|1
|-boost|p1b: Baxcalibur|spe|1
|move|p2b: Incineroar|Knock Off|p1b: Baxcalibur
|-supereffective|p1b: Baxcalibur
|-damage|p1b: Baxcalibur|0 fnt
|-enditem|p1b: Baxcalibur|Loaded Dice|[from] move: Knock Off|[of] p2b: Incineroar
|faint|p1b: Baxcalibur
|move|p1a: Weezing|Poison Gas|p2b: Incineroar
|-status|p2b: Incineroar|psn
|
|-damage|p2b: Incineroar|88/100 psn|[from] psn
|upkeep
|c|☆Myfriendgarchomp|baxcalibur why
|
|t:|1757781416
|switch|p1b: Dondozo|Dondozo, L50, M|100/100
|switch|p2a: Archaludon|Archaludon, L50, F, shiny|100/100
|turn|3
|
|t:|1757781439
|switch|p2b: Pelipper|Pelipper, L50, M, shiny|100/100
|move|p1b: Dondozo|Protect|p1b: Dondozo
|-singleturn|p1b: Dondozo|Protect
|move|p2a: Archaludon|Electro Shot||[still]
|-prepare|p2a: Archaludon|Electro Shot
|-boost|p2a: Archaludon|spa|1
|move|p1a: Weezing|Will-O-Wisp|p2a: Archaludon
|-status|p2a: Archaludon|brn
|
|-damage|p2a: Archaludon|94/100 brn|[from] brn
|upkeep
|turn|4
|
|t:|1757781487
|-end|p1a: Weezing|ability: Neutralizing Gas
|-weather|RainDance|[from] ability: Drizzle|[of] p2b: Pelipper
|switch|p1a: Tatsugiri|Tatsugiri, L50, M|100/100
|-activate|p1a: Tatsugiri|ability: Commander|[of] p1b: Dondozo
|-boost|p1b: Dondozo|atk|2
|-boost|p1b: Dondozo|spa|2
|-boost|p1b: Dondozo|spe|2
|-boost|p1b: Dondozo|def|2
|-boost|p1b: Dondozo|spd|2
|move|p1b: Dondozo|Order Up|p2b: Pelipper
|-damage|p2b: Pelipper|37/100
|-boost|p1b: Dondozo|atk|1
|move|p2b: Pelipper|Hurricane|p1a: Tatsugiri|[miss]
|-miss|p2b: Pelipper|p1a: Tatsugiri
|move|p2a: Archaludon|Electro Shot|p1b: Dondozo|[from] lockedmove
|-supereffective|p1b: Dondozo
|-damage|p1b: Dondozo|62/100
|
|-weather|RainDance|[upkeep]
|-heal|p1b: Dondozo|68/100|[from] item: Leftovers
|-damage|p2a: Archaludon|88/100 brn|[from] brn
|upkeep
|turn|5
|
|t:|1757781512
|move|p1b: Dondozo|Order Up|p2b: Pelipper
|-damage|p2b: Pelipper|0 fnt
|faint|p2b: Pelipper
|-boost|p1b: Dondozo|atk|1
|move|p2a: Archaludon|Electro Shot||[still]
|-prepare|p2a: Archaludon|Electro Shot
|-boost|p2a: Archaludon|spa|1
|-anim|p2a: Archaludon|Electro Shot|p1b: Dondozo
|-supereffective|p1b: Dondozo
|-damage|p1b: Dondozo|32/100
|
|-weather|RainDance|[upkeep]
|-heal|p1b: Dondozo|39/100|[from] item: Leftovers
|-damage|p2a: Archaludon|82/100 brn|[from] brn
|upkeep
|
|t:|1757781524
|switch|p2b: Incineroar|Incineroar, L50, M, shiny|88/100 psn
|-ability|p2b: Incineroar|Intimidate|boost
|-unboost|p1a: Tatsugiri|atk|1
|-unboost|p1b: Dondozo|atk|1
|turn|6
|
|t:|1757781534
|move|p1b: Dondozo|Protect|p1b: Dondozo
|-singleturn|p1b: Dondozo|Protect
|move|p2b: Incineroar|Fake Out|p1b: Dondozo
|-activate|p1b: Dondozo|move: Protect
|move|p2a: Archaludon|Electro Shot||[still]
|-prepare|p2a: Archaludon|Electro Shot
|-boost|p2a: Archaludon|spa|1
|-anim|p2a: Archaludon|Electro Shot|p1b: Dondozo
|-activate|p1b: Dondozo|move: Protect
|
|-weather|RainDance|[upkeep]
|-heal|p1b: Dondozo|45/100|[from] item: Leftovers
|-damage|p2b: Incineroar|76/100 psn|[from] psn
|-damage|p2a: Archaludon|76/100 brn|[from] brn
|upkeep
|turn|7
|
|t:|1757781553
|move|p1b: Dondozo|Earthquake|p2b: Incineroar|[spread] p2a,p2b
|-miss|p1b: Dondozo|p1a: Tatsugiri
|-supereffective|p2a: Archaludon
|-supereffective|p2b: Incineroar
|-damage|p2a: Archaludon|9/100 brn
|-damage|p2b: Incineroar|0 fnt
|-ability|p2a: Archaludon|Stamina|boost
|-boost|p2a: Archaludon|def|1
|faint|p2b: Incineroar
|move|p2a: Archaludon|Electro Shot||[still]
|-prepare|p2a: Archaludon|Electro Shot
|-boost|p2a: Archaludon|spa|1
|-anim|p2a: Archaludon|Electro Shot|p1b: Dondozo
|-supereffective|p1b: Dondozo
|-damage|p1b: Dondozo|9/100
|
|-weather|RainDance|[upkeep]
|-heal|p1b: Dondozo|16/100|[from] item: Leftovers
|-damage|p2a: Archaludon|3/100 brn|[from] brn
|upkeep
|turn|8
|
|t:|1757781577
|move|p1b: Dondozo|Order Up|p2a: Archaludon
|-damage|p2a: Archaludon|0 fnt
|faint|p2a: Archaludon
|
|win|Myfriendgarchomp
||Dwsliver is ready for game 2.
|inactive|Myfriendgarchomp has 30 seconds to confirm battle start!
|inactive|Myfriendgarchomp has 20 seconds to confirm battle start!
|inactive|Myfriendgarchomp has 10 seconds to confirm battle start!
||Myfriendgarchomp is ready for game 2.
|uhtml|next|Next: Game 2 of 3
