|j|☆Grillmesteren
|j|☆wodaiogien
|html|Grillmesterenwodaiogien    
|uhtml|bestof|Game 1 of a best-of-3
|t:|1782299693
|gametype|doubles
|player|p1|Grillmesteren|firebreather|1146
|player|p2|wodaiogien|169|1136
|gen|9
|tier|[Gen 9 Champions] VGC 2026 Reg M-B (Bo3)
|rated|
|rule|Species Clause: Limit one of each Pokémon
|rule|Item Clause: Limit 1 of each item
|clearpoke
|poke|p1|Froslass, L50, F|
|poke|p1|Sneasler, L50, F|
|poke|p1|Garchomp, L50, F|
|poke|p1|Gholdengo, L50|
|poke|p1|Whimsicott, L50, F|
|poke|p1|Eelektross, L50, M|
|poke|p2|Ninetales-Alola, L50, M|
|poke|p2|Raichu, L50, F|
|poke|p2|Basculegion, L50, M|
|poke|p2|Incineroar, L50, M|
|poke|p2|Kingambit, L50, F|
|poke|p2|Farigiraf, L50, M|
|teampreview|4
|showteam|p1|Froslass||Froslassite|SnowCloak|Blizzard,ShadowBall,AuroraVeil,Protect|Timid||F|||50|]Sneasler||WhiteHerb|Unburden|DireClaw,CloseCombat,FakeOut,Protect|Jolly||F|||50|]Garchomp||SitrusBerry|RoughSkin|Earthquake,DragonClaw,RockSlide,Protect|Jolly||F|||50|]Gholdengo||LifeOrb|GoodasGold|MakeItRain,ShadowBall,NastyPlot,Protect|Modest|||||50|]Whimsicott||FocusSash|Prankster|Moonblast,Tailwind,Encore,Protect|Timid||F|||50|]Eelektross||Eelektrossite|Levitate|Discharge,Thunderbolt,GrassKnot,Protect|Modest||M|||50|
|showteam|p2|Ninetales-Alola||FocusSash|SnowWarning|Blizzard,FreezeDry,Encore,Protect|Timid||M|||50|]Raichu||RaichuniteY|LightningRod|ZapCannon,FocusBlast,FakeOut,Protect|Timid||F|||50|]Basculegion||LifeOrb|Adaptability|WaveCrash,AquaJet,LastRespects,Protect|Adamant||M|||50|]Incineroar||ShucaBerry|Intimidate|FlareBlitz,PartingShot,FakeOut,DarkestLariat|Careful||M|||50|]Kingambit||ChopleBerry|Defiant|KowtowCleave,SuckerPunch,IronHead,LowKick|Adamant||F|||50|]Farigiraf||SitrusBerry|ArmorTail|TwinBeam,TrickRoom,HelpingHand,Protect|Relaxed||M|||50|
|inactive|Battle timer is ON: inactive players will automatically lose when time's up. (requested by wodaiogien)
|inactive|Grillmesteren has 60 seconds left.
|inactive|wodaiogien has 60 seconds left.
|
|t:|1782299754
|teamsize|p1|4
|teamsize|p2|4
|start
|switch|p1a: Froslass|Froslass, L50, F|100/100
|switch|p1b: Sneasler|Sneasler, L50, F|100/100
|switch|p2a: Farigiraf|Farigiraf, L50, M|100/100
|switch|p2b: Ninetales|Ninetales-Alola, L50, M|100/100
|-weather|Snowscape|[from] ability: Snow Warning|[of] p2b: Ninetales
|turn|1
|
|t:|1782299775
|detailschange|p1a: Froslass|Froslass-Mega, L50, F
|-mega|p1a: Froslass|Froslass|Froslassite
|move|p2b: Ninetales|Protect|p2b: Ninetales
|-singleturn|p2b: Ninetales|Protect
|move|p1b: Sneasler|Dire Claw|p2a: Farigiraf
|-damage|p2a: Farigiraf|70/100
|-status|p2a: Farigiraf|par
|move|p1a: Froslass|Blizzard|p2b: Ninetales|[spread] p2a
|-activate|p2b: Ninetales|move: Protect
|-damage|p2a: Farigiraf|20/100y par
|-enditem|p2a: Farigiraf|Sitrus Berry|[eat]
|-heal|p2a: Farigiraf|44/100 par|[from] item: Sitrus Berry
|move|p2a: Farigiraf|Twin Beam|p1b: Sneasler
|-supereffective|p1b: Sneasler|2
|-damage|p1b: Sneasler|13/100
|-supereffective|p1b: Sneasler|2
|-damage|p1b: Sneasler|0 fnt
|faint|p1b: Sneasler
|-hitcount|p1: Sneasler|2
|
|-weather|Snowscape|[upkeep]
|upkeep
|
|t:|1782299791
|switch|p1b: Gholdengo|Gholdengo, L50|100/100
|turn|2
|
|t:|1782299811
|switch|p2b: Kingambit|Kingambit, L50, F|100/100
|switch|p2a: Incineroar|Incineroar, L50, M|100/100
|-ability|p2a: Incineroar|Intimidate|boost
|-unboost|p1a: Froslass|atk|1
|-unboost|p1b: Gholdengo|atk|1
|move|p1a: Froslass|Blizzard|p2a: Incineroar|[spread] p2a,p2b
|-resisted|p2a: Incineroar|1
|-resisted|p2b: Kingambit|1
|-damage|p2a: Incineroar|83/100
|-damage|p2b: Kingambit|78/100
|move|p1b: Gholdengo|Nasty Plot|p1b: Gholdengo
|-boost|p1b: Gholdengo|spa|2
|
|-weather|Snowscape|[upkeep]
|upkeep
|turn|3
|inactive|wodaiogien has 30 seconds left.
|
|t:|1782299838
|move|p1b: Gholdengo|Protect|p1b: Gholdengo
|-singleturn|p1b: Gholdengo|Protect
|move|p1a: Froslass|Aurora Veil|p1a: Froslass
|-sidestart|p1: Grillmesteren|move: Aurora Veil
|move|p2a: Incineroar|Flare Blitz|p1a: Froslass
|-supereffective|p1a: Froslass|1
|-damage|p1a: Froslass|26/100
|-status|p1a: Froslass|brn
|-damage|p2a: Incineroar|65/100|[from] Recoil
|move|p2b: Kingambit|Kowtow Cleave|p1b: Gholdengo
|-activate|p1b: Gholdengo|move: Protect
|
|-weather|Snowscape|[upkeep]
|-damage|p1a: Froslass|20/100y brn|[from] brn
|upkeep
|turn|4
|
|t:|1782299855
|move|p1a: Froslass|Blizzard|p2a: Incineroar|[spread] p2a,p2b
|-resisted|p2a: Incineroar|1
|-resisted|p2b: Kingambit|1
|-damage|p2a: Incineroar|49/100
|-damage|p2b: Kingambit|57/100
|move|p1b: Gholdengo|Make It Rain|p2a: Incineroar|[spread] p2a,p2b
|-resisted|p2a: Incineroar|1
|-resisted|p2b: Kingambit|1
|-damage|p2a: Incineroar|0 fnt
|-damage|p2b: Kingambit|0 fnt
|-unboost|p1b: Gholdengo|spa|2
|faint|p2a: Incineroar
|faint|p2b: Kingambit
|-damage|p1b: Gholdengo|90/100|[from] item: Life Orb
|
|-weather|Snowscape|[upkeep]
|-damage|p1a: Froslass|14/100 brn|[from] brn
|upkeep
|
|t:|1782299866
|switch|p2a: Ninetales|Ninetales-Alola, L50, M|100/100
|switch|p2b: Farigiraf|Farigiraf, L50, M|44/100 par
|turn|5
|
|t:|1782299886
|move|p2b: Farigiraf|Helping Hand|p2a: Ninetales
|-singleturn|p2a: Ninetales|Helping Hand|[of] p2b: Farigiraf
|move|p1a: Froslass|Blizzard|p2b: Farigiraf|[spread] p2a,p2b
|-resisted|p2a: Ninetales|1
|-crit|p2a: Ninetales
|-damage|p2a: Ninetales|60/100
|-damage|p2b: Farigiraf|1/100 par
|move|p2a: Ninetales|Blizzard|p1a: Froslass|[spread] p1a,p1b
|-resisted|p1a: Froslass|1
|-resisted|p1b: Gholdengo|1
|-damage|p1a: Froslass|0 fnt
|-damage|p1b: Gholdengo|72/100
|faint|p1a: Froslass
|move|p1b: Gholdengo|Make It Rain|p2a: Ninetales|[spread] p2a,p2b
|-supereffective|p2a: Ninetales|2
|-damage|p2a: Ninetales|0 fnt
|-damage|p2b: Farigiraf|0 fnt
|-unboost|p1b: Gholdengo|spa|2
|faint|p2a: Ninetales
|faint|p2b: Farigiraf
|-damage|p1b: Gholdengo|62/100|[from] item: Life Orb
|
|win|Grillmesteren
