|j|☆florind4 mez4
|j|☆Bruneauxx
|html|florind4 mez4Bruneauxx    
|uhtml|bestof|Game 2 of a best-of-3
|t:|1756519530
|gametype|doubles
|player|p1|florind4 mez4|2|1261
|player|p2|Bruneauxx|fisherman-gen4|1173
|gen|9
|tier|[Gen 9] VGC 2025 Reg H (Bo3)
|rated|
|rule|Species Clause: Limit one of each Pokémon
|rule|Item Clause: Limit 1 of each item
|clearpoke
|poke|p1|Rillaboom, L50, M|
|poke|p1|Sneasler, L50, F|
|poke|p1|Basculegion, L50, M|
|poke|p1|Volcarona, L50, F|
|poke|p1|Dragonite, L50, F|
|poke|p1|Incineroar, L50, M|
|poke|p2|Braviary-Hisui, L50, M|
|poke|p2|Sneasler, L50, F|
|poke|p2|Indeedee-F, L50, F|
|poke|p2|Pelipper, L50, M|
|poke|p2|Archaludon, L50, F|
|poke|p2|Garchomp, L50, F|
|teampreview|4
|showteam|p1|Rillaboom||AssaultVest|GrassySurge|FakeOut,WoodHammer,GrassyGlide,Uturn|||M|||50|,,,,,Fire]Sneasler||FocusSash|Unburden|FakeOut,DireClaw,CloseCombat,Coaching|||F|||50|,,,,,Ghost]Basculegion||ChoiceScarf|Adaptability|FlipTurn,WaveCrash,LastRespects,TeraBlast|||M|||50|,,,,,Fighting]Volcarona||CovertCloak|FlameBody|HeatWave,TeraBlast,QuiverDance,Protect|||F|||50|,,,,,Fairy]Dragonite||LoadedDice|Multiscale|ScaleShot,Tailwind,Haze,Protect|||F|||50|,,,,,Steel]Incineroar||SafetyGoggles|Intimidate|FakeOut,FlareBlitz,KnockOff,PartingShot|||M|||50|,,,,,Ghost
|showteam|p2|Braviary-Hisui||TwistedSpoon|TintedLens|ExpandingForce,AirSlash,EsperWing,Protect|||M|||50|,,,,,Psychic]Sneasler||PsychicSeed|Unburden|DireClaw,CloseCombat,ThroatChop,Protect|||F|||50|,,,,,Dark]Indeedee-F||SafetyGoggles|PsychicSurge|DazzlingGleam,FollowMe,TrickRoom,HelpingHand|||F|||50|,,,,,Fairy]Pelipper||FocusSash|Drizzle|Hurricane,WeatherBall,Tailwind,Protect|||M|||50|,,,,,Stellar]Archaludon||AssaultVest|Stamina|ElectroShot,Snarl,DragonPulse,BodyPress|||F|||50|,,,,,Grass]Garchomp||ClearAmulet|RoughSkin|Earthquake,ScaleShot,RockSlide,Protect|||F|||50|,,,,,Ground
|
|t:|1756519540
|teamsize|p1|4
|teamsize|p2|4
|start
|switch|p1a: Incineroar|Incineroar, L50, M|100/100
|switch|p1b: Sneasler|Sneasler, L50, F|100/100
|switch|p2a: Pelipper|Pelipper, L50, M|100/100
|switch|p2b: Archaludon|Archaludon, L50, F|100/100
|-weather|RainDance|[from] ability: Drizzle|[of] p2a: Pelipper
|-ability|p1a: Incineroar|Intimidate|boost
|-unboost|p2a: Pelipper|atk|1
|-unboost|p2b: Archaludon|atk|1
|turn|1
|
|t:|1756519565
|switch|p2b: Sneasler|Sneasler, L50, F|100/100
|move|p2a: Pelipper|Protect|p2a: Pelipper
|-singleturn|p2a: Pelipper|Protect
|move|p1a: Incineroar|Fake Out|p2a: Pelipper
|-activate|p2a: Pelipper|move: Protect
|move|p1b: Sneasler|Dire Claw|p2a: Pelipper
|-activate|p2a: Pelipper|move: Protect
|
|-weather|RainDance|[upkeep]
|upkeep
|turn|2
|
|t:|1756519588
|switch|p1a: Dragonite|Dragonite, L50, F|100/100
|move|p1b: Sneasler|Coaching|p1a: Dragonite
|-boost|p1a: Dragonite|atk|1
|-boost|p1a: Dragonite|def|1
|move|p2b: Sneasler|Dire Claw|p1b: Sneasler
|-resisted|p1b: Sneasler
|-damage|p1b: Sneasler|60/100
|-status|p1b: Sneasler|par
|move|p2a: Pelipper|Tailwind|p2a: Pelipper
|-sidestart|p2: Bruneauxx|move: Tailwind
|
|-weather|RainDance|[upkeep]
|upkeep
|turn|3
|
|t:|1756519612
|switch|p1b: Incineroar|Incineroar, L50, M|100/100
|-ability|p1b: Incineroar|Intimidate|boost
|-unboost|p2a: Pelipper|atk|1
|-unboost|p2b: Sneasler|atk|1
|move|p2b: Sneasler|Dire Claw|p1a: Dragonite
|-damage|p1a: Dragonite|89/100
|move|p2a: Pelipper|Hurricane|p1a: Dragonite
|-damage|p1a: Dragonite|49/100
|move|p1a: Dragonite|Scale Shot|p2a: Pelipper
|-damage|p2a: Pelipper|78/100
|-damage|p2a: Pelipper|51/100
|-damage|p2a: Pelipper|27/100
|-damage|p2a: Pelipper|4/100
|-hitcount|p2a: Pelipper|4
|-unboost|p1a: Dragonite|def|1
|-boost|p1a: Dragonite|spe|1
|
|-weather|RainDance|[upkeep]
|upkeep
|turn|4
|
|t:|1756519636
|switch|p2b: Indeedee|Indeedee-F, L50, F|100/100
|-fieldstart|move: Psychic Terrain|[from] ability: Psychic Surge|[of] p2b: Indeedee
|move|p1b: Incineroar|Fake Out|p2a: Pelipper
|-hint|Psychic Terrain doesn't affect Pokémon immune to Ground.
|-damage|p2a: Pelipper|0 fnt
|faint|p2a: Pelipper
|move|p1a: Dragonite|Scale Shot|p2b: Indeedee|[miss]
|-miss|p1a: Dragonite|p2b: Indeedee
|
|-weather|RainDance|[upkeep]
|upkeep
|
|t:|1756519647
|switch|p2a: Sneasler|Sneasler, L50, F|100/100
|-enditem|p2a: Sneasler|Psychic Seed
|-boost|p2a: Sneasler|spd|1|[from] item: Psychic Seed
|turn|5
|
|t:|1756519664
|switch|p1b: Rillaboom|Rillaboom, L50, M|100/100
|-fieldstart|move: Grassy Terrain|[from] ability: Grassy Surge|[of] p1b: Rillaboom
|-terastallize|p2b: Indeedee|Fairy
|move|p2b: Indeedee|Follow Me|p2b: Indeedee
|-singleturn|p2b: Indeedee|move: Follow Me
|move|p2a: Sneasler|Close Combat|p1b: Rillaboom
|-damage|p1b: Rillaboom|28/100
|-unboost|p2a: Sneasler|def|1
|-unboost|p2a: Sneasler|spd|1
|move|p1a: Dragonite|Scale Shot|p2b: Indeedee
|-immune|p2b: Indeedee
|
|-weather|none
|-heal|p1b: Rillaboom|35/100|[from] Grassy Terrain
|-sideend|p2: Bruneauxx|move: Tailwind
|upkeep
|turn|6
|
|t:|1756519687
|move|p1a: Dragonite|Protect|p1a: Dragonite
|-singleturn|p1a: Dragonite|Protect
|move|p2b: Indeedee|Follow Me|p2b: Indeedee
|-singleturn|p2b: Indeedee|move: Follow Me
|move|p2a: Sneasler|Dire Claw|p1b: Rillaboom
|-supereffective|p1b: Rillaboom
|-damage|p1b: Rillaboom|0 fnt
|faint|p1b: Rillaboom
|
|upkeep
|
|t:|1756519698
|switch|p1b: Sneasler|Sneasler, L50, F|60/100 par
|turn|7
|
|t:|1756519716
|move|p2b: Indeedee|Helping Hand|p2a: Sneasler
|-singleturn|p2a: Sneasler|Helping Hand|[of] p2b: Indeedee
|move|p2a: Sneasler|Dire Claw|p1b: Sneasler
|-resisted|p1b: Sneasler
|-damage|p1b: Sneasler|0 fnt
|faint|p1b: Sneasler
|move|p1a: Dragonite|Tailwind|p1a: Dragonite
|-sidestart|p1: florind4 mez4|move: Tailwind
|
|upkeep
|-message|florind4 mez4 forfeited.
|
|win|Bruneauxx
|raw|florind4 mez4's rating: 1261 → 1230(-31 for losing)
|raw|Bruneauxx's rating: 1173 → 1204(+31 for winning)
|l|☆florind4 mez4
|player|p1|
|l|☆Bruneauxx
|player|p2|
|j|☆Bruneauxx
|player|p2|Bruneauxx|fisherman-gen4|
