|j|☆godoftoasty
|j|☆Gancelot
|html|godoftoastyGancelot    
|uhtml|bestof|Game 2 of a best-of-3
|t:|1784237397
|gametype|doubles
|player|p1|godoftoasty|170|1276
|player|p2|Gancelot|morty|1332
|gen|9
|tier|[Gen 9 Champions] VGC 2026 Reg M-B (Bo3)
|rated|
|rule|Species Clause: Limit one of each Pokémon
|rule|Item Clause: Limit 1 of each item
|clearpoke
|poke|p1|Gengar, L50, M, shiny|
|poke|p1|Incineroar, L50, F|
|poke|p1|Garchomp, L50, F|
|poke|p1|Rotom-Wash, L50, shiny|
|poke|p1|Ninetales-Alola, L50, F|
|poke|p1|Grimmsnarl, L50, M, shiny|
|poke|p2|Garchomp, L50, F|
|poke|p2|Venusaur, L50, F|
|poke|p2|Incineroar, L50, M|
|poke|p2|Charizard, L50, M|
|poke|p2|Toxapex, L50, M|
|poke|p2|Annihilape, L50, M|
|teampreview|4
|showteam|p1|Gengar||Gengarite|CursedBody|ShadowBall,SludgeBomb,PerishSong,Protect|Timid||M|||50|]Incineroar||SitrusBerry|Intimidate|FakeOut,PartingShot,Protect,FlareBlitz|Impish||F|||50|]Garchomp||LifeOrb|RoughSkin|ScaleShot,StompingTantrum,RockSlide,Protect|Jolly||F|||50|]Rotom-Wash||Leftovers|Levitate|HydroPump,VoltSwitch,WillOWisp,Protect|Bold|||||50|]Ninetales-Alola||FocusSash|SnowWarning|Blizzard,Encore,Disable,Protect|Timid||F|||50|]Grimmsnarl||LightClay|Prankster|FakeOut,PartingShot,Reflect,SuckerPunch|Careful||M|||50|
|showteam|p2|Garchomp||ChoiceScarf|RoughSkin|Earthquake,RockSlide,DragonClaw,StompingTantrum|Adamant||F|||50|]Venusaur||LifeOrb|Chlorophyll|SludgeBomb,SolarBeam,EarthPower,Protect|Modest||F|||50|]Incineroar||SitrusBerry|Intimidate|FakeOut,FlareBlitz,ThroatChop,PartingShot|Impish||M|||50|]Charizard||CharizarditeY|Blaze|HeatWave,WeatherBall,Protect,HelpingHand|Modest||M|||50|]Toxapex||Leftovers|Regenerator|Infestation,Toxic,WideGuard,BanefulBunker|Impish||M|||50|]Annihilape||FocusSash|Defiant|CloseCombat,PhantomForce,RockTomb,Protect|Jolly||M|||50|
|inactive|Battle timer is ON: inactive players will automatically lose when time's up. (requested by Gancelot)
|inactive|Gancelot has 60 seconds left.
|inactive|godoftoasty has 60 seconds left.
|inactive|Gancelot has 30 seconds left.
|inactive|Gancelot has 20 seconds left.
|inactive|Gancelot has 15 seconds left.
|inactive|Gancelot has 10 seconds left.
|
|t:|1784237479
|teamsize|p1|4
|teamsize|p2|4
|start
|switch|p1a: Gengar|Gengar, L50, M, shiny|100/100
|switch|p1b: Ninetales|Ninetales-Alola, L50, F|100/100
|switch|p2a: Garchomp|Garchomp, L50, F|100/100
|switch|p2b: Incineroar|Incineroar, L50, M|100/100
|-weather|Snowscape|[from] ability: Snow Warning|[of] p1b: Ninetales
|-ability|p2b: Incineroar|Intimidate|boost
|-unboost|p1a: Gengar|atk|1
|-unboost|p1b: Ninetales|atk|1
|turn|1
|inactive|Gancelot has 30 seconds left.
|inactive|godoftoasty has 30 seconds left.
|inactive|Gancelot has 20 seconds left.
|inactive|Gancelot has 15 seconds left.
|
|t:|1784237524
|switch|p2a: Charizard|Charizard, L50, M|100/100
|detailschange|p1a: Gengar|Gengar-Mega, L50, M, shiny
|-mega|p1a: Gengar|Gengar|Gengarite
|move|p1a: Gengar|Protect|p1a: Gengar
|-singleturn|p1a: Gengar|Protect
|move|p1b: Ninetales|Protect|p1b: Ninetales
|-singleturn|p1b: Ninetales|Protect
|move|p2b: Incineroar|Fake Out|p1b: Ninetales
|-activate|p1b: Ninetales|move: Protect
|
|-weather|Snowscape|[upkeep]
|upkeep
|turn|2
|inactive|Gancelot has 30 seconds left.
|inactive|Gancelot has 20 seconds left.
|
|t:|1784237562
|switch|p1a: Garchomp|Garchomp, L50, F|100/100
|detailschange|p2a: Charizard|Charizard-Mega-Y, L50, M
|-mega|p2a: Charizard|Charizard|Charizardite Y
|-weather|SunnyDay|[from] ability: Drought|[of] p2a: Charizard
|move|p1b: Ninetales|Encore|p2b: Incineroar
|-start|p2b: Incineroar|Encore
|move|p2b: Incineroar|Fake Out||[still]
|-hint|Fake Out only works on your first turn out.
|-fail|p2b: Incineroar
|move|p2a: Charizard|Heat Wave|p1a: Garchomp|[spread] p1a,p1b
|-resisted|p1a: Garchomp|1
|-supereffective|p1b: Ninetales|1
|-damage|p1a: Garchomp|69/100
|-enditem|p1b: Ninetales|Focus Sash
|-damage|p1b: Ninetales|1/100
|
|-weather|SunnyDay|[upkeep]
|upkeep
|turn|3
|inactive|godoftoasty has 30 seconds left.
|inactive|Gancelot has 30 seconds left.
|inactive|Gancelot has 20 seconds left.
|inactive|Gancelot has 15 seconds left.
|inactive|Gancelot has 10 seconds left.
|inactive|Gancelot has 5 seconds left.
|
|t:|1784237615
|switch|p1b: Incineroar|Incineroar, L50, F|100/100
|-ability|p1b: Incineroar|Intimidate|boost
|-unboost|p2a: Charizard|atk|1
|-unboost|p2b: Incineroar|atk|1
|switch|p2b: Annihilape|Annihilape, L50, M|100/100
|move|p2a: Charizard|Protect|p2a: Charizard
|-singleturn|p2a: Charizard|Protect
|move|p1a: Garchomp|Scale Shot|p2b: Annihilape
|-damage|p2b: Annihilape|78/100
|-damage|p2b: Annihilape|57/100
|-damage|p2b: Annihilape|36/100
|-hitcount|p2b: Annihilape|3
|-unboost|p1a: Garchomp|def|1
|-boost|p1a: Garchomp|spe|1
|-damage|p1a: Garchomp|59/100|[from] item: Life Orb
|
|-weather|SunnyDay|[upkeep]
|upkeep
|turn|4
|inactive|godoftoasty has 30 seconds left.
|inactive|Gancelot has 30 seconds left.
|
|t:|1784237643
|switch|p2a: Incineroar|Incineroar, L50, M|100/100
|-ability|p2a: Incineroar|Intimidate|boost
|-unboost|p1a: Garchomp|atk|1
|-unboost|p1b: Incineroar|atk|1
|move|p2b: Annihilape|Protect|p2b: Annihilape
|-singleturn|p2b: Annihilape|Protect
|move|p1a: Garchomp|Stomping Tantrum|p2b: Annihilape
|-activate|p2b: Annihilape|move: Protect
|move|p1b: Incineroar|Parting Shot|p2a: Incineroar
|-unboost|p2a: Incineroar|atk|1
|-unboost|p2a: Incineroar|spa|1
|
|t:|1784237658
|switch|p1b: Gengar|Gengar-Mega, L50, M, shiny|100/100|[from] Parting Shot
|
|-weather|SunnyDay|[upkeep]
|upkeep
|turn|5
|inactive|Gancelot has 30 seconds left.
|
|t:|1784237691
|switch|p2b: Garchomp|Garchomp, L50, F|100/100
|move|p1a: Garchomp|Rock Slide|p2b: Garchomp|[spread] p2a
|-miss|p1a: Garchomp|p2b: Garchomp
|-supereffective|p2a: Incineroar|1
|-damage|p2a: Incineroar|72/100
|-damage|p1a: Garchomp|49/100|[from] item: Life Orb
|move|p1b: Gengar|Shadow Ball|p2b: Garchomp
|-damage|p2b: Garchomp|51/100
|-unboost|p2b: Garchomp|spd|1
|cant|p2a: Incineroar|flinch
|
|-weather|SunnyDay|[upkeep]
|upkeep
|turn|6
|inactive|Gancelot has 30 seconds left.
|inactive|godoftoasty has 30 seconds left.
|inactive|Gancelot has 20 seconds left.
|
|t:|1784237732
|move|p1b: Gengar|Protect|p1b: Gengar
|-singleturn|p1b: Gengar|Protect
|move|p1a: Garchomp|Scale Shot|p2b: Garchomp
|-supereffective|p2b: Garchomp|1
|-damage|p2b: Garchomp|29/100
|-supereffective|p2b: Garchomp|1
|-damage|p2b: Garchomp|6/100
|-supereffective|p2b: Garchomp|1
|-damage|p2b: Garchomp|0 fnt
|faint|p2b: Garchomp
|-hitcount|p2: Garchomp|3
|-unboost|p1a: Garchomp|def|1
|-boost|p1a: Garchomp|spe|1
|-damage|p1a: Garchomp|39/100|[from] item: Life Orb
|move|p2a: Incineroar|Throat Chop|p1a: Garchomp
|-damage|p1a: Garchomp|0 fnt
|-damage|p2a: Incineroar|60/100|[from] ability: Rough Skin|[of] p1a: Garchomp
|faint|p1a: Garchomp
|
|-weather|none
|upkeep
|
|t:|1784237748
|switch|p1a: Ninetales|Ninetales-Alola, L50, F|1/100
|switch|p2b: Charizard|Charizard-Mega-Y, L50, M|100/100
|-weather|Snowscape|[from] ability: Snow Warning|[of] p1a: Ninetales
|-weather|SunnyDay|[from] ability: Drought|[of] p2b: Charizard
|turn|7
|inactive|Gancelot has 30 seconds left.
|inactive|Gancelot has 20 seconds left.
|inactive|Gancelot has 15 seconds left.
|
|t:|1784237792
|switch|p1b: Incineroar|Incineroar, L50, F|100/100
|-ability|p1b: Incineroar|Intimidate|boost
|-unboost|p2a: Incineroar|atk|1
|-unboost|p2b: Charizard|atk|1
|move|p1a: Ninetales|Protect|p1a: Ninetales
|-singleturn|p1a: Ninetales|Protect
|move|p2b: Charizard|Heat Wave|p1a: Ninetales|[spread] p1b
|-activate|p1a: Ninetales|move: Protect
|-resisted|p1b: Incineroar|1
|-damage|p1b: Incineroar|74/100
|move|p2a: Incineroar|Parting Shot|p1b: Incineroar
|-unboost|p1b: Incineroar|atk|1
|-unboost|p1b: Incineroar|spa|1
|
|t:|1784237804
|switch|p2a: Annihilape|Annihilape, L50, M|36/100|[from] Parting Shot
|
|-weather|SunnyDay|[upkeep]
|upkeep
|turn|8
|
|t:|1784237823
|switch|p2a: Incineroar|Incineroar, L50, M|60/100
|-ability|p2a: Incineroar|Intimidate|boost
|-unboost|p1a: Ninetales|atk|1
|-unboost|p1b: Incineroar|atk|1
|move|p1a: Ninetales|Blizzard|p2a: Incineroar|[spread] p2a,p2b
|-resisted|p2a: Incineroar|1
|-damage|p2a: Incineroar|48/100
|-damage|p2b: Charizard|78/100
|-enditem|p2a: Incineroar|Sitrus Berry|[eat]
|-heal|p2a: Incineroar|73/100|[from] item: Sitrus Berry
|move|p2b: Charizard|Weather Ball|p1a: Ninetales
|-supereffective|p1a: Ninetales|1
|-damage|p1a: Ninetales|0 fnt
|faint|p1a: Ninetales
|move|p1b: Incineroar|Flare Blitz|p2a: Incineroar
|-resisted|p2a: Incineroar|1
|-damage|p2a: Incineroar|60/100
|-damage|p1b: Incineroar|69/100|[from] Recoil
|
|-weather|SunnyDay|[upkeep]
|upkeep
|
|t:|1784237826
|switch|p1a: Gengar|Gengar-Mega, L50, M, shiny|100/100
|turn|9
|inactive|Gancelot has 30 seconds left.
|inactive|Gancelot has 20 seconds left.
|inactive|Gancelot has 15 seconds left.
|inactive|Gancelot has 10 seconds left.
|
|t:|1784237876
|move|p1a: Gengar|Protect|p1a: Gengar
|-singleturn|p1a: Gengar|Protect
|move|p2a: Incineroar|Fake Out|p1b: Incineroar
|-crit|p1b: Incineroar
|-damage|p1b: Incineroar|56/100
|move|p2b: Charizard|Heat Wave|p1b: Incineroar|[spread] p1b
|-activate|p1a: Gengar|move: Protect
|-resisted|p1b: Incineroar|1
|-damage|p1b: Incineroar|31/100
|-enditem|p1b: Incineroar|Sitrus Berry|[eat]
|-heal|p1b: Incineroar|55/100|[from] item: Sitrus Berry
|cant|p1b: Incineroar|flinch
|
|-weather|SunnyDay|[upkeep]
|upkeep
|turn|10
|
|t:|1784237894
|move|p1a: Gengar|Sludge Bomb|p2b: Charizard
|-damage|p2b: Charizard|37/100
|move|p2b: Charizard|Weather Ball|p1a: Gengar
|-damage|p1a: Gengar|10/100
|move|p2a: Incineroar|Throat Chop|p1a: Gengar
|-supereffective|p1a: Gengar|1
|-damage|p1a: Gengar|0 fnt
|faint|p1a: Gengar
|move|p1b: Incineroar|Flare Blitz|p2b: Charizard
|-resisted|p2b: Charizard|1
|-damage|p2b: Charizard|20/100y
|-damage|p1b: Incineroar|50/100g|[from] Recoil
|
|-weather|SunnyDay|[upkeep]
|upkeep
|turn|11
|-message|godoftoasty forfeited.
|raw|godoftoasty's rating: 1276 → 1255(-21 for losing)
|raw|Gancelot's rating: 1332 → 1349(+17 for winning)
|
|win|Gancelot
