|j|☆prefessional
|j|☆HyphyJavi
|html|prefessionalHyphyJavi    
|uhtml|bestof|Game 1 of a best-of-3
|t:|1756834196
|gametype|doubles
|player|p1|prefessional|102|1104
|player|p2|HyphyJavi|dancer|1065
|gen|9
|tier|[Gen 9] VGC 2025 Reg H (Bo3)
|rated|
|rule|Species Clause: Limit one of each Pokémon
|rule|Item Clause: Limit 1 of each item
|clearpoke
|poke|p1|Talonflame, L50, F|
|poke|p1|Garchomp, L50, F|
|poke|p1|Gholdengo, L50|
|poke|p1|Gyarados, L50, M|
|poke|p1|Annihilape, L50, M|
|poke|p1|Rillaboom, L50, M|
|poke|p2|Hatterene, L50, F|
|poke|p2|Indeedee-F, L50, F|
|poke|p2|Torkoal, L50, M|
|poke|p2|Gallade, L50, M|
|poke|p2|Sneasler, L50, M|
|poke|p2|Farigiraf, L50, M|
|teampreview|4
|showteam|p1|Talonflame||CovertCloak|GaleWings|Tailwind,BraveBird,FlareBlitz,Protect|||F|||50|,,,,,Ghost]Garchomp||LifeOrb|RoughSkin|Earthquake,DragonClaw,StompingTantrum,Protect|||F|||50|,,,,,Ground]Gholdengo||ChoiceSpecs|GoodasGold|MakeItRain,ShadowBall,Thunderbolt,PowerGem||||||50|,,,,,Steel]Gyarados||SafetyGoggles|Intimidate|Waterfall,Taunt,ThunderWave,Protect|||M|||50|,,,,,Water]Annihilape||SitrusBerry|Defiant|RageFist,DrainPunch,FinalGambit,BulkUp|||M|||50|,,,,,Fire]Rillaboom||MiracleSeed|GrassySurge|FakeOut,GrassyGlide,WoodHammer,Uturn|||M|||50|,,,,,Water
|showteam|p2|Hatterene||LifeOrb|MagicBounce|ExpandingForce,DazzlingGleam,Psychic,TrickRoom|||F|||50|,,,,,Psychic]Indeedee-F||SafetyGoggles|PsychicSurge|FollowMe,HelpingHand,Psychic,TrickRoom|||F|||50|,,,,,Steel]Torkoal||Charcoal|Drought|Eruption,HeatWave,SolarBeam,WeatherBall|||M|||50|,,,,,Fire]Gallade||ClearAmulet|Sharpness|SacredSword,NightSlash,WideGuard,TrickRoom|||M|||50|,,,,,Dark]Sneasler||PsychicSeed|Unburden|DireClaw,CloseCombat,ThroatChop,RockSlide|||M|||50|,,,,,Stellar]Farigiraf||ThroatSpray|ArmorTail|HyperVoice,HelpingHand,AllySwitch,TrickRoom|||M|||50|,,,,,Fairy
|c|☆HyphyJavi|glhf
|c|☆prefessional|you too
|
|t:|1756834267
|teamsize|p1|4
|teamsize|p2|4
|start
|switch|p1a: Gyarados|Gyarados, L50, M|100/100
|switch|p1b: Rillaboom|Rillaboom, L50, M|100/100
|switch|p2a: Gallade|Gallade, L50, M|100/100
|switch|p2b: Sneasler|Sneasler, L50, M|100/100
|-fieldstart|move: Grassy Terrain|[from] ability: Grassy Surge|[of] p1b: Rillaboom
|-ability|p1a: Gyarados|Intimidate|boost
|-fail|p2a: Gallade|unboost|[from] item: Clear Amulet|[of] p2a: Gallade
|-unboost|p2b: Sneasler|atk|1
|turn|1
|c|☆HyphyJavi|glhf
|
|t:|1756834303
|-terastallize|p2b: Sneasler|Stellar
|move|p1b: Rillaboom|Fake Out|p2a: Gallade
|-damage|p2a: Gallade|79/100
|move|p2b: Sneasler|Dire Claw|p1b: Rillaboom
|-supereffective|p1b: Rillaboom
|-damage|p1b: Rillaboom|12/100
|move|p1a: Gyarados|Taunt|p2a: Gallade
|-start|p2a: Gallade|move: Taunt
|cant|p2a: Gallade|flinch
|
|-heal|p1b: Rillaboom|18/100|[from] Grassy Terrain
|-heal|p2a: Gallade|84/100|[from] Grassy Terrain
|upkeep
|turn|2
|
|t:|1756834349
|switch|p1b: Annihilape|Annihilape, L50, M|100/100
|switch|p2a: Indeedee|Indeedee-F, L50, F|100/100
|-fieldstart|move: Psychic Terrain|[from] ability: Psychic Surge|[of] p2a: Indeedee
|-enditem|p2b: Sneasler|Psychic Seed
|-boost|p2b: Sneasler|spd|1|[from] item: Psychic Seed
|move|p2b: Sneasler|Rock Slide|p1b: Annihilape|[spread] p1a,p1b
|-supereffective|p1a: Gyarados
|-resisted|p1b: Annihilape
|-damage|p1a: Gyarados|69/100
|-damage|p1b: Annihilape|92/100
|cant|p1a: Gyarados|flinch
|
|upkeep
|turn|3
|
|t:|1756834385
|-terastallize|p1b: Annihilape|Fire
|move|p2b: Sneasler|Dire Claw|p1a: Gyarados
|-damage|p1a: Gyarados|40/100
|-status|p1a: Gyarados|par
|move|p1b: Annihilape|Bulk Up|p1b: Annihilape
|-boost|p1b: Annihilape|atk|1
|-boost|p1b: Annihilape|def|1
|move|p1a: Gyarados|Taunt|p2a: Indeedee
|-start|p2a: Indeedee|move: Taunt
|cant|p2a: Indeedee|move: Taunt|Trick Room
|
|upkeep
|turn|4
|
|t:|1756834420
|switch|p2a: Gallade|Gallade, L50, M|84/100
|move|p2b: Sneasler|Close Combat|p1b: Annihilape
|-damage|p1b: Annihilape|54/100
|-unboost|p2b: Sneasler|def|1
|-unboost|p2b: Sneasler|spd|1
|move|p1b: Annihilape|Drain Punch|p2a: Gallade
|-resisted|p2a: Gallade
|-damage|p2a: Gallade|55/100
|-heal|p1b: Annihilape|66/100|[from] drain|[of] p2a: Gallade
|move|p1a: Gyarados|Thunder Wave|p2b: Sneasler
|-status|p2b: Sneasler|par
|
|upkeep
|turn|5
|
|t:|1756834452
|move|p2b: Sneasler|Rock Slide|p1a: Gyarados|[spread] p1a,p1b
|-supereffective|p1a: Gyarados
|-supereffective|p1b: Annihilape
|-damage|p1a: Gyarados|16/100 par
|-damage|p1b: Annihilape|47/100
|-enditem|p1b: Annihilape|Sitrus Berry|[eat]
|-heal|p1b: Annihilape|72/100|[from] item: Sitrus Berry
|cant|p1b: Annihilape|flinch
|move|p2a: Gallade|Sacred Sword|p1b: Annihilape
|-damage|p1b: Annihilape|0 fnt
|faint|p1b: Annihilape
|move|p1a: Gyarados|Taunt|p2a: Gallade
|-start|p2a: Gallade|move: Taunt
|
|upkeep
|
|t:|1756834468
|switch|p1b: Garchomp|Garchomp, L50, F|100/100
|turn|6
|
|t:|1756834487
|move|p2b: Sneasler|Rock Slide|p1b: Garchomp|[spread] p1a,p1b
|-supereffective|p1a: Gyarados
|-resisted|p1b: Garchomp
|-crit|p1b: Garchomp
|-damage|p1a: Gyarados|0 fnt
|-damage|p1b: Garchomp|84/100
|faint|p1a: Gyarados
|move|p1b: Garchomp|Earthquake|p2b: Sneasler|[spread] p2a,p2b
|-supereffective|p2b: Sneasler
|-damage|p2a: Gallade|0 fnt
|-damage|p2b: Sneasler|0 fnt
|faint|p2a: Gallade
|faint|p2b: Sneasler
|-damage|p1b: Garchomp|74/100|[from] item: Life Orb
|
|-fieldend|move: Psychic Terrain
|upkeep
|
|t:|1756834501
|switch|p2b: Hatterene|Hatterene, L50, F|100/100
|switch|p1a: Rillaboom|Rillaboom, L50, M|18/100
|switch|p2a: Indeedee|Indeedee-F, L50, F|100/100
|-fieldstart|move: Grassy Terrain|[from] ability: Grassy Surge|[of] p1a: Rillaboom
|-fieldstart|move: Psychic Terrain|[from] ability: Psychic Surge|[of] p2a: Indeedee
|turn|7
|
|t:|1756834529
|move|p2a: Indeedee|Follow Me|p2a: Indeedee
|-singleturn|p2a: Indeedee|move: Follow Me
|move|p1b: Garchomp|Earthquake|p2a: Indeedee|[spread] p1a,p2a,p2b
|-resisted|p1a: Rillaboom
|-damage|p1a: Rillaboom|0 fnt
|-damage|p2a: Indeedee|51/100
|-damage|p2b: Hatterene|41/100
|faint|p1a: Rillaboom
|-damage|p1b: Garchomp|64/100|[from] item: Life Orb
|move|p2b: Hatterene|Trick Room|p2b: Hatterene
|-fieldstart|move: Trick Room|[of] p2b: Hatterene
|
|upkeep
|turn|8
|
|t:|1756834539
|move|p2a: Indeedee|Helping Hand|p2b: Hatterene
|-singleturn|p2b: Hatterene|Helping Hand|[of] p2a: Indeedee
|move|p2b: Hatterene|Dazzling Gleam|p1b: Garchomp
|-supereffective|p1b: Garchomp
|-damage|p1b: Garchomp|0 fnt
|faint|p1b: Garchomp
|-damage|p2b: Hatterene|32/100|[from] item: Life Orb
|
|win|HyphyJavi
|c|☆HyphyJavi|gg
||HyphyJavi is ready for game 2.
|inactive|prefessional has 30 seconds to confirm battle start!
