|j|☆efwefwefwefweifier
|j|☆A Regu1ar Guy
|html|efwefwefwefweifierA Regu1ar Guy    
|uhtml|bestof|Game 2 of a best-of-3
|t:|1757756169
|gametype|doubles
|player|p1|efwefwefwefweifier|juan|1350
|player|p2|A Regu1ar Guy|elesa|1410
|gen|9
|tier|[Gen 9] VGC 2025 Reg H (Bo3)
|rated|
|rule|Species Clause: Limit one of each Pokémon
|rule|Item Clause: Limit 1 of each item
|clearpoke
|poke|p1|Annihilape, L50, M|
|poke|p1|Primarina, L50, M|
|poke|p1|Talonflame, L50, M|
|poke|p1|Rillaboom, L50, F|
|poke|p1|Incineroar, L50, F|
|poke|p1|Gholdengo, L50|
|poke|p2|Volcarona, L50, F|
|poke|p2|Rillaboom, L50, M|
|poke|p2|Tauros-Paldea-Aqua, L50, M|
|poke|p2|Tyranitar, L50, F|
|poke|p2|Annihilape, L50, F|
|poke|p2|Dragonite, L50, F|
|teampreview|4
|showteam|p1|Annihilape||SafetyGoggles|Defiant|DrainPunch,RageFist,BulkUp,Protect|||M|||50|,,,,,Fire]Primarina||LifeOrb|LiquidVoice|Moonblast,HyperVoice,Haze,Protect|||M|||50|,,,,,Poison]Talonflame||CovertCloak|GaleWings|BraveBird,Tailwind,WillOWisp,Taunt|||M|||50|,,,,,Dark]Rillaboom||AssaultVest|GrassySurge|WoodHammer,GrassyGlide,Uturn,FakeOut|||F|||50|,,,,,Fire]Incineroar||SitrusBerry|Intimidate|FlareBlitz,KnockOff,FakeOut,PartingShot|||F|||50|,,,,,Ghost]Gholdengo||ChoiceSpecs|GoodasGold|MakeItRain,ShadowBall,PowerGem,Trick||||||50|,,,,,Steel
|showteam|p2|Volcarona||GrassySeed|FlameBody|HeatWave,GigaDrain,QuiverDance,Protect|||F|||50|,,,,,Grass]Rillaboom||MiracleSeed|GrassySurge|WoodHammer,GrassyGlide,FakeOut,HighHorsepower|||M|||50|,,,,,Fire]Tauros-Paldea-Aqua||MirrorHerb|Intimidate|WaveCrash,AquaJet,CloseCombat,Protect|||M|||50|,,,,,Water]Tyranitar||AssaultVest|SandStream|RockSlide,KnockOff,TeraBlast,LowKick|||F|||50|,,,,,Flying]Annihilape||SafetyGoggles|Defiant|CloseCombat,RageFist,Taunt,FinalGambit|||F|||50|,,,,,Water]Dragonite||LoadedDice|Multiscale|ScaleShot,Haze,Tailwind,Protect|||F|||50|,,,,,Fairy
|inactive|Battle timer is ON: inactive players will automatically lose when time's up. (requested by efwefwefwefweifier)
|inactive|A Regu1ar Guy has 60 seconds left.
|
|t:|1757756215
|teamsize|p1|4
|teamsize|p2|4
|start
|switch|p1a: Talonflame|Talonflame, L50, M|100/100
|switch|p1b: Primarina|Primarina, L50, M|100/100
|switch|p2a: Tyranitar|Tyranitar, L50, F|100/100
|switch|p2b: Rillaboom|Rillaboom, L50, M|100/100
|-fieldstart|move: Grassy Terrain|[from] ability: Grassy Surge|[of] p2b: Rillaboom
|-weather|Sandstorm|[from] ability: Sand Stream|[of] p2a: Tyranitar
|turn|1
|inactive|efwefwefwefweifier has 30 seconds left.
|inactive|efwefwefwefweifier has 20 seconds left.
|inactive|efwefwefwefweifier has 15 seconds left.
|inactive|efwefwefwefweifier has 10 seconds left.
|
|t:|1757756262
|-terastallize|p1b: Primarina|Poison
|move|p2b: Rillaboom|Fake Out|p1b: Primarina
|-damage|p1b: Primarina|84/100
|move|p1a: Talonflame|Tailwind|p1a: Talonflame
|-sidestart|p1: efwefwefwefweifier|move: Tailwind
|cant|p1b: Primarina|flinch
|move|p2a: Tyranitar|Rock Slide|p1a: Talonflame|[spread] p1a,p1b
|-supereffective|p1a: Talonflame
|-damage|p1a: Talonflame|0 fnt
|-damage|p1b: Primarina|50/100
|faint|p1a: Talonflame
|
|-weather|Sandstorm|[upkeep]
|-damage|p1b: Primarina|44/100|[from] Sandstorm
|-damage|p2b: Rillaboom|94/100|[from] Sandstorm
|-heal|p1b: Primarina|50/100|[from] Grassy Terrain
|-heal|p2b: Rillaboom|100/100|[from] Grassy Terrain
|upkeep
|
|t:|1757756274
|switch|p1a: Gholdengo|Gholdengo, L50|100/100
|turn|2
|inactive|A Regu1ar Guy has 30 seconds left.
|inactive|A Regu1ar Guy has 20 seconds left.
|inactive|A Regu1ar Guy has 15 seconds left.
|
|t:|1757756316
|switch|p2b: Volcarona|Volcarona, L50, F, shiny|100/100
|-enditem|p2b: Volcarona|Grassy Seed
|-boost|p2b: Volcarona|def|1|[from] item: Grassy Seed
|-terastallize|p2a: Tyranitar|Flying
|move|p1a: Gholdengo|Make It Rain|p2b: Volcarona|[spread] p2a,p2b
|-resisted|p2b: Volcarona
|-damage|p2a: Tyranitar|52/100
|-damage|p2b: Volcarona|66/100
|-unboost|p1a: Gholdengo|spa|1
|move|p1b: Primarina|Moonblast|p2a: Tyranitar
|-damage|p2a: Tyranitar|15/100
|-damage|p1b: Primarina|40/100|[from] item: Life Orb
|move|p2a: Tyranitar|Knock Off|p1a: Gholdengo
|-supereffective|p1a: Gholdengo
|-damage|p1a: Gholdengo|0 fnt
|-enditem|p1a: Gholdengo|Choice Specs|[from] move: Knock Off|[of] p2a: Tyranitar
|faint|p1a: Gholdengo
|
|-weather|Sandstorm|[upkeep]
|-damage|p1b: Primarina|34/100|[from] Sandstorm
|-damage|p2b: Volcarona|60/100|[from] Sandstorm
|-damage|p2a: Tyranitar|9/100|[from] Sandstorm
|-heal|p1b: Primarina|40/100|[from] Grassy Terrain
|-heal|p2b: Volcarona|66/100|[from] Grassy Terrain
|upkeep
|
|t:|1757756332
|switch|p1a: Go! Rilla|Rillaboom, L50, F|100/100
|turn|3
|
|t:|1757756337
|move|p2b: Volcarona|Protect|p2b: Volcarona
|-singleturn|p2b: Volcarona|Protect
|move|p1a: Go! Rilla|Grassy Glide|p2a: Tyranitar
|-resisted|p2a: Tyranitar
|-damage|p2a: Tyranitar|0 fnt
|faint|p2a: Tyranitar
|move|p1b: Primarina|Hyper Voice|p2b: Volcarona
|-activate|p2b: Volcarona|move: Protect
|
|-weather|Sandstorm|[upkeep]
|-damage|p1a: Go! Rilla|95/100|[from] Sandstorm
|-damage|p1b: Primarina|34/100|[from] Sandstorm
|-damage|p2b: Volcarona|60/100|[from] Sandstorm
|-heal|p1a: Go! Rilla|100/100|[from] Grassy Terrain
|-heal|p1b: Primarina|40/100|[from] Grassy Terrain
|-heal|p2b: Volcarona|66/100|[from] Grassy Terrain
|upkeep
|
|t:|1757756341
|switch|p2a: Rillaboom|Rillaboom, L50, M|100/100
|turn|4
|
|t:|1757756352
|move|p2a: Rillaboom|Fake Out|p1b: Primarina
|-damage|p1b: Primarina|24/100
|move|p1a: Go! Rilla|U-turn|p2a: Rillaboom
|-supereffective|p2a: Rillaboom
|-damage|p2a: Rillaboom|50/100
|cant|p1b: Primarina|flinch
|move|p2b: Volcarona|Quiver Dance|p2b: Volcarona
|-boost|p2b: Volcarona|spa|1
|-boost|p2b: Volcarona|spd|1
|-boost|p2b: Volcarona|spe|1
|
|-weather|Sandstorm|[upkeep]
|-damage|p1a: Go! Rilla|95/100|[from] Sandstorm
|-damage|p2b: Volcarona|60/100|[from] Sandstorm
|-damage|p1b: Primarina|18/100|[from] Sandstorm
|-damage|p2a: Rillaboom|44/100|[from] Sandstorm
|-heal|p1a: Go! Rilla|100/100|[from] Grassy Terrain
|-heal|p2b: Volcarona|66/100|[from] Grassy Terrain
|-heal|p1b: Primarina|24/100|[from] Grassy Terrain
|-heal|p2a: Rillaboom|50/100|[from] Grassy Terrain
|-sideend|p1: efwefwefwefweifier|move: Tailwind
|upkeep
|turn|5
|
|t:|1757756357
|move|p2b: Volcarona|Heat Wave|p1a: Go! Rilla|[spread] p1a
|-miss|p2b: Volcarona|p1b: Primarina
|-supereffective|p1a: Go! Rilla
|-damage|p1a: Go! Rilla|19/100
|-status|p1a: Go! Rilla|brn
|move|p2a: Rillaboom|High Horsepower|p1b: Primarina
|-supereffective|p1b: Primarina
|-damage|p1b: Primarina|0 fnt
|faint|p1b: Primarina
|move|p1a: Go! Rilla|U-turn|p2a: Rillaboom
|-supereffective|p2a: Rillaboom
|-damage|p2a: Rillaboom|26/100
|
|-weather|none
|-heal|p2b: Volcarona|72/100|[from] Grassy Terrain
|-heal|p2a: Rillaboom|32/100|[from] Grassy Terrain
|-heal|p1a: Go! Rilla|25/100 brn|[from] Grassy Terrain
|-damage|p1a: Go! Rilla|19/100 brn|[from] brn
|-fieldend|move: Grassy Terrain
|upkeep
|turn|6
|-message|efwefwefwefweifier forfeited.
|
|win|A Regu1ar Guy
|l|☆efwefwefwefweifier
|player|p1|
||A Regu1ar Guy is ready for game 3.
||efwefwefwefweifier is ready for game 3.
|uhtml|next|Next: Game 3 of 3
|l|☆A Regu1ar Guy
|player|p2|
