|j|☆MarkTheMarker
|j|☆probandoteammvp
|html|MarkTheMarkerprobandoteammvp    
|uhtml|bestof|Game 3 of a best-of-3
|t:|1786129509
|gametype|doubles
|player|p1|MarkTheMarker|wallace|1284
|player|p2|probandoteammvp|265|1284
|gen|9
|tier|[Gen 9 Champions] VGC 2026 Reg M-B (Bo3)
|rated|
|rule|Species Clause: Limit one of each Pokémon
|rule|Item Clause: Limit 1 of each item
|clearpoke
|poke|p1|Pelipper, L50, M|
|poke|p1|Swampert, L50, M|
|poke|p1|Archaludon, L50, M|
|poke|p1|Grimmsnarl, L50, M|
|poke|p1|Venusaur, L50, M|
|poke|p1|Charizard, L50, M|
|poke|p2|Blastoise, L50, M, shiny|
|poke|p2|Sylveon, L50, F, shiny|
|poke|p2|Vivillon-Fancy, L50, F, shiny|
|poke|p2|Farigiraf, L50, F, shiny|
|poke|p2|Sinistcha, L50, shiny|
|poke|p2|Pelipper, L50, M, shiny|
|teampreview|4
|showteam|p1|Pelipper||SitrusBerry|Drizzle|WeatherBall,Hurricane,WideGuard,Tailwind|Modest||M|||50|]Swampert||Swampertite|Damp|Protect,WaveCrash,Earthquake,IcePunch|Adamant||M|||50|]Archaludon||Leftovers|Stamina|Protect,DragonPulse,FlashCannon,ElectroShot|Modest||M|||50|]Grimmsnarl||LightClay|Prankster|SpiritBreak,PartingShot,Reflect,LightScreen|Sassy||M|||50|]Venusaur||FocusSash|Chlorophyll|SleepPowder,SludgeBomb,EarthPower,Protect|Modest||M|||50|]Charizard||CharizarditeY|Blaze|Protect,HeatWave,WeatherBall,SolarBeam|Modest||M|||50|
|showteam|p2|Blastoise||Blastoisinite|Torrent|WaterSpout,DarkPulse,ShellSmash,Protect|Modest||M|||50|]Sylveon||FairyFeather|Pixilate|HyperVoice,Moonblast,HyperBeam,Detect|Modest||F|||50|]Vivillon-Fancy||ChoiceScarf|CompoundEyes|PollenPuff,Hurricane,SleepPowder,RagePowder|Timid||F|||50|]Farigiraf||SitrusBerry|ArmorTail|TwinBeam,HelpingHand,TrickRoom,Protect|Sassy||F|||50|]Sinistcha||ColburBerry|Hospitality|MatchaGotcha,RagePowder,TrickRoom,Protect|Sassy|||||50|]Pelipper||FocusSash|Drizzle|Hurricane,HelpingHand,Tailwind,Protect|Timid||M|||50|
|inactive|Battle timer is ON: inactive players will automatically lose when time's up. (requested by MarkTheMarker)
|
|t:|1786129534
|teamsize|p1|4
|teamsize|p2|4
|start
|switch|p1a: Pelipper|Pelipper, L50, M|100/100
|switch|p1b: Archaludon|Archaludon, L50, M|100/100
|switch|p2a: Tortugueitor|Blastoise, L50, M, shiny|100/100
|switch|p2b: Long neck|Farigiraf, L50, F, shiny|100/100
|-weather|RainDance|[from] ability: Drizzle|[of] p1a: Pelipper
|turn|1
|inactive|probandoteammvp has 30 seconds left.
|inactive|MarkTheMarker has 30 seconds left.
|inactive|MarkTheMarker has 20 seconds left.
|
|t:|1786129577
|switch|p2a: mr ribbons|Sylveon, L50, F, shiny|100/100
|move|p1b: Archaludon|Electro Shot||[still]
|-prepare|p1b: Archaludon|Electro Shot
|-boost|p1b: Archaludon|spa|1
|-anim|p1b: Archaludon|Electro Shot|p2b: Long neck
|-damage|p2b: Long neck|51/100
|move|p1a: Pelipper|Weather Ball|p2b: Long neck
|-damage|p2b: Long neck|9/100
|-enditem|p2b: Long neck|Sitrus Berry|[eat]
|-heal|p2b: Long neck|34/100|[from] item: Sitrus Berry
|move|p2b: Long neck|Trick Room|p2b: Long neck
|-fieldstart|move: Trick Room|[of] p2b: Long neck
|
|-weather|RainDance|[upkeep]
|upkeep
|turn|2
|inactive|MarkTheMarker has 30 seconds left.
|inactive|probandoteammvp has 30 seconds left.
|
|t:|1786129611
|switch|p2b: Tortugueitor|Blastoise, L50, M, shiny|100/100
|move|p2a: mr ribbons|Hyper Beam|p1b: Archaludon
|-damage|p1b: Archaludon|0 fnt
|-mustrecharge|p2a: mr ribbons
|faint|p1b: Archaludon
|move|p1a: Pelipper|Weather Ball|p2b: Tortugueitor
|-resisted|p2b: Tortugueitor|1
|-damage|p2b: Tortugueitor|70/100
|
|-weather|RainDance|[upkeep]
|upkeep
|
|t:|1786129622
|switch|p1b: Venusaur|Venusaur, L50, M|100/100
|turn|3
|inactive|MarkTheMarker has 30 seconds left.
|inactive|MarkTheMarker has 20 seconds left.
|
|t:|1786129661
|detailschange|p2b: Tortugueitor|Blastoise-Mega, L50, M, shiny
|-mega|p2b: Tortugueitor|Blastoise|Blastoisinite
|cant|p2a: mr ribbons|recharge
|move|p1a: Pelipper|Hurricane|p2b: Tortugueitor
|-damage|p2b: Tortugueitor|27/100
|move|p2b: Tortugueitor|Dark Pulse|p1b: Venusaur
|-damage|p1b: Venusaur|49/100
|move|p1b: Venusaur|Sludge Bomb|p2a: mr ribbons
|-supereffective|p2a: mr ribbons|1
|-damage|p2a: mr ribbons|33/100
|
|-weather|RainDance|[upkeep]
|upkeep
|turn|4
|inactive|MarkTheMarker has 30 seconds left.
|
|t:|1786129693
|switch|p1b: Charizard|Charizard, L50, M|100/100
|move|p2a: mr ribbons|Hyper Beam|p1a: Pelipper
|-damage|p1a: Pelipper|0 fnt
|-mustrecharge|p2a: mr ribbons
|faint|p1a: Pelipper
|move|p2b: Tortugueitor|Shell Smash|p2b: Tortugueitor
|-unboost|p2b: Tortugueitor|def|1
|-unboost|p2b: Tortugueitor|spd|1
|-boost|p2b: Tortugueitor|atk|2
|-boost|p2b: Tortugueitor|spa|2
|-boost|p2b: Tortugueitor|spe|2
|
|-weather|RainDance|[upkeep]
|upkeep
|
|t:|1786129700
|switch|p1a: Venusaur|Venusaur, L50, M|49/100
|turn|5
|
|t:|1786129716
|move|p2b: Tortugueitor|Protect|p2b: Tortugueitor
|-singleturn|p2b: Tortugueitor|Protect
|cant|p2a: mr ribbons|recharge
|move|p1a: Venusaur|Sludge Bomb|p2a: mr ribbons
|-supereffective|p2a: mr ribbons|1
|-damage|p2a: mr ribbons|0 fnt
|faint|p2a: mr ribbons
|move|p1b: Charizard|Weather Ball|p2b: Tortugueitor
|-activate|p2b: Tortugueitor|move: Protect
|
|-weather|none
|-fieldend|move: Trick Room
|upkeep
|
|t:|1786129719
|switch|p2a: Long neck|Farigiraf, L50, F, shiny|34/100
|turn|6
|inactive|MarkTheMarker has 30 seconds left.
|inactive|probandoteammvp has 30 seconds left.
|inactive|probandoteammvp has 20 seconds left.
|inactive|probandoteammvp has 15 seconds left.
|inactive|probandoteammvp has 10 seconds left.
|
|t:|1786129764
|detailschange|p1b: Charizard|Charizard-Mega-Y, L50, M
|-mega|p1b: Charizard|Charizard|Charizardite Y
|-weather|SunnyDay|[from] ability: Drought|[of] p1b: Charizard
|move|p2a: Long neck|Protect|p2a: Long neck
|-singleturn|p2a: Long neck|Protect
|move|p1a: Venusaur|Sludge Bomb|p2b: Tortugueitor
|-damage|p2b: Tortugueitor|0 fnt
|faint|p2b: Tortugueitor
|move|p1b: Charizard|Weather Ball|p2a: Long neck
|-activate|p2a: Long neck|move: Protect
|
|-weather|SunnyDay|[upkeep]
|upkeep
|
|t:|1786129766
|switch|p2b: Birb|Pelipper, L50, M, shiny|100/100
|-weather|RainDance|[from] ability: Drizzle|[of] p2b: Birb
|turn|7
|inactive|MarkTheMarker has 30 seconds left.
|inactive|probandoteammvp has 30 seconds left.
|
|t:|1786129792
|move|p1b: Charizard|Weather Ball|p2a: Long neck
|-damage|p2a: Long neck|0 fnt
|faint|p2a: Long neck
|move|p1a: Venusaur|Sludge Bomb|p2b: Birb
|-damage|p2b: Birb|20/100y
|-status|p2b: Birb|psn
|move|p2b: Birb|Hurricane|p1b: Charizard
|-damage|p1b: Charizard|58/100
|-start|p1b: Charizard|confusion
|
|-weather|RainDance|[upkeep]
|-damage|p2b: Birb|8/100 psn|[from] psn
|upkeep
|turn|8
|
|t:|1786129802
|-activate|p1b: Charizard|confusion
|-damage|p1b: Charizard|49/100|[from] confusion
|move|p1a: Venusaur|Sludge Bomb|p2b: Birb
|-damage|p2b: Birb|0 fnt
|faint|p2b: Birb
|
|win|MarkTheMarker
|raw|MarkTheMarker's rating: 1284 → 1309(+25 for winning)
|raw|probandoteammvp's rating: 1284 → 1259(-25 for losing)
|l|☆probandoteammvp
|player|p2|
|c|☆MarkTheMarker|gg
