|j|☆Liminal Rain
|j|☆RevenClop
|html|Liminal RainRevenClop    
|uhtml|bestof|Game 1 of a best-of-3
|t:|1783161091
|gametype|doubles
|player|p1|Liminal Rain|cynthia-gen4|1106
|player|p2|RevenClop|gentleman-gen4|1177
|gen|9
|tier|[Gen 9 Champions] VGC 2026 Reg M-B (Bo3)
|rated|
|rule|Species Clause: Limit one of each Pokémon
|rule|Item Clause: Limit 1 of each item
|clearpoke
|poke|p1|Delphox, L50, F|
|poke|p1|Maushold, L50|
|poke|p1|Sylveon, L50, M|
|poke|p1|Scizor, L50, M|
|poke|p1|Basculegion, L50, M|
|poke|p1|Mamoswine, L50, F|
|poke|p2|Charizard, L50, F, shiny|
|poke|p2|Aerodactyl, L50, M, shiny|
|poke|p2|Kingambit, L50, M|
|poke|p2|Garchomp, L50, F, shiny|
|poke|p2|Sylveon, L50, M, shiny|
|poke|p2|Farigiraf, L50, F, shiny|
|teampreview|4
|showteam|p1|Delphox||Delphoxite|Blaze|NastyPlot,HeatWave,Psychic,Protect|Timid||F|||50|]Maushold||FocusSash|FriendGuard|SuperFang,HelpingHand,FollowMe,Taunt|Timid|||||50|]Sylveon||FairyFeather|Pixilate|HyperVoice,HyperBeam,QuickAttack,Detect|Quiet||M|||50|]Scizor||Scizorite|Technician|SwordsDance,Trailblaze,BulletPunch,BugBite|Adamant||M|||50|]Basculegion||ChoiceScarf|Adaptability|FlipTurn,WaveCrash,LastRespects,AquaJet|Jolly||M|||50|]Mamoswine||LifeOrb|Oblivious|IceShard,IcicleCrash,HighHorsepower,Protect|Jolly||F|||50|
|showteam|p2|Charizard||CharizarditeY|Blaze|HeatWave,SolarBeam,WeatherBall,Protect|Modest||F|||50|]Aerodactyl||Aerodactylite|Unnerve|RockSlide,DualWingbeat,Tailwind,IceFang|Jolly||M|||50|]Kingambit||FocusSash|Defiant|KowtowCleave,IronHead,SuckerPunch,LowKick|Adamant||M|||50|]Garchomp||LifeOrb|RoughSkin|DragonClaw,Earthquake,StompingTantrum,Protect|Jolly||F|||50|]Sylveon||FairyFeather|Pixilate|Detect,HyperBeam,QuickAttack,HyperVoice|Modest||M|||50|]Farigiraf||SitrusBerry|ArmorTail|Thunderbolt,PsychicFangs,TrickRoom,SunnyDay|Relaxed||F|||50|
|j| Kach_15
|
|t:|1783161139
|teamsize|p1|4
|teamsize|p2|4
|start
|switch|p1a: Sylveon|Sylveon, L50, M|100/100
|switch|p1b: Basculegion|Basculegion, L50, M|100/100
|switch|p2a: Aerodactyl|Aerodactyl, L50, M, shiny|100/100
|switch|p2b: Kingambit|Kingambit, L50, M|100/100
|-ability|p2a: Aerodactyl|Unnerve
|turn|1
|
|t:|1783161156
|switch|p1b: Scizor|Scizor, L50, M|100/100
|detailschange|p2a: Aerodactyl|Aerodactyl-Mega, L50, M, shiny
|-mega|p2a: Aerodactyl|Aerodactyl|Aerodactylite
|move|p2a: Aerodactyl|Tailwind|p2a: Aerodactyl
|-sidestart|p2: RevenClop|move: Tailwind
|move|p2b: Kingambit|Kowtow Cleave|p1b: Scizor
|-damage|p1b: Scizor|49/100
|move|p1a: Sylveon|Hyper Beam|p2b: Kingambit
|-enditem|p2b: Kingambit|Focus Sash
|-damage|p2b: Kingambit|1/100
|-mustrecharge|p1a: Sylveon
|
|upkeep
|turn|2
|
|t:|1783161186
|switch|p2a: Farigiraf|Farigiraf, L50, F, shiny|100/100
|detailschange|p1b: Scizor|Scizor-Mega, L50, M
|-mega|p1b: Scizor|Scizor|Scizorite
|move|p1b: Scizor|Bullet Punch||[still]
|cant|p2a: Farigiraf|ability: Armor Tail|Bullet Punch|[of] p1b: Scizor
|move|p2b: Kingambit|Iron Head|p1a: Sylveon
|-supereffective|p1a: Sylveon|1
|-damage|p1a: Sylveon|0 fnt
|faint|p1a: Sylveon
|
|upkeep
|
|t:|1783161197
|switch|p1a: Mamoswine|Mamoswine, L50, F|100/100
|turn|3
|
|t:|1783161210
|move|p2b: Kingambit|Iron Head|p1a: Mamoswine
|-supereffective|p1a: Mamoswine|1
|-damage|p1a: Mamoswine|0 fnt
|faint|p1a: Mamoswine
|move|p2a: Farigiraf|Psychic Fangs|p1b: Scizor
|-resisted|p1b: Scizor|1
|-damage|p1b: Scizor|38/100
|move|p1b: Scizor|Swords Dance|p1b: Scizor
|-boost|p1b: Scizor|atk|2
|
|upkeep
|
|t:|1783161215
|switch|p1a: Basculegion|Basculegion, L50, M|100/100
|turn|4
|
|t:|1783161237
|move|p2b: Kingambit|Sucker Punch|p1a: Basculegion
|-supereffective|p1a: Basculegion|1
|-crit|p1a: Basculegion
|-damage|p1a: Basculegion|0 fnt
|faint|p1a: Basculegion
|move|p1b: Scizor|Bug Bite|p2a: Farigiraf
|-supereffective|p2a: Farigiraf|1
|-damage|p2a: Farigiraf|0 fnt
|-enditem|p2a: Farigiraf|Sitrus Berry|[from] stealeat|[move] Bug Bite|[of] p1b: Scizor
|-heal|p1b: Scizor|63/100|[from] item: Sitrus Berry
|faint|p2a: Farigiraf
|
|-sideend|p2: RevenClop|move: Tailwind
|upkeep
|
|t:|1783161251
|switch|p2a: Sylveon|Sylveon, L50, M, shiny|100/100
|turn|5
|
|t:|1783161260
|move|p2a: Sylveon|Detect|p2a: Sylveon
|-singleturn|p2a: Sylveon|Protect
|move|p2b: Kingambit|Low Kick|p1b: Scizor
|-damage|p1b: Scizor|32/100
|move|p1b: Scizor|Trailblaze|p2b: Kingambit
|-resisted|p2b: Kingambit|1
|-damage|p2b: Kingambit|0 fnt
|-boost|p1b: Scizor|spe|1
|faint|p2b: Kingambit
|
|upkeep
|
|t:|1783161272
|switch|p2b: Aerodactyl|Aerodactyl-Mega, L50, M, shiny|100/100
|turn|6
|
|t:|1783161287
|move|p1b: Scizor|Bullet Punch|p2a: Sylveon
|-supereffective|p2a: Sylveon|1
|-damage|p2a: Sylveon|0 fnt
|faint|p2a: Sylveon
|move|p2b: Aerodactyl|Tailwind|p2b: Aerodactyl
|-sidestart|p2: RevenClop|move: Tailwind
|
|upkeep
|turn|7
|
|t:|1783161295
|move|p1b: Scizor|Bullet Punch|p2b: Aerodactyl
|-supereffective|p2b: Aerodactyl|1
|-damage|p2b: Aerodactyl|0 fnt
|faint|p2b: Aerodactyl
|
|win|Liminal Rain
||Liminal Rain is ready for game 2.
||RevenClop is ready for game 2.
|uhtml|next|Next: Game 2 of 3
|l|☆Liminal Rain
|player|p1|
|l| Kach_15
|j|☆Liminal Rain
|player|p1|Liminal Rain|cynthia-gen4|
