|j|☆AMediocreRobot
|j|☆Gabeeel
|html|AMediocreRobotGabeeel    
|uhtml|bestof|Game 3 of a best-of-3
|t:|1784979544
|gametype|doubles
|player|p1|AMediocreRobot|medium|
|player|p2|Gabeeel|iris|
|gen|9
|tier|[Gen 9 Champions] VGC 2026 Reg M-B (Bo3)
|rule|Species Clause: Limit one of each Pokémon
|rule|Item Clause: Limit 1 of each item
|clearpoke
|poke|p1|Corviknight, L50, F|
|poke|p1|Scizor, L50, M|
|poke|p1|Rotom-Wash, L50|
|poke|p1|Pyroar, L50, F|
|poke|p1|Aegislash, L50, M|
|poke|p1|Tsareena, L50, F|
|poke|p2|Scrafty, L50, M, shiny|
|poke|p2|Glimmora, L50, F|
|poke|p2|Talonflame, L50, F|
|poke|p2|Primarina, L50, M|
|poke|p2|Mamoswine, L50, F|
|poke|p2|Metagross, L50|
|teampreview|4
|showteam|p1|Corviknight||ExpertBelt|MirrorArmor|BraveBird,BodyPress,Tailwind,BulkUp|Impish||F|||50|]Scizor||LifeOrb|Technician|Assurance,BulletPunch,Uturn,Protect|Adamant||M|||50|]Rotom-Wash||ChoiceScarf|Levitate|HydroPump,Electroweb,VoltSwitch,Thunderbolt|Modest|||||50|]Pyroar||Pyroarite|Unnerve|HeatWave,Overheat,HyperVoice,Protect|Timid||F|||50|]Aegislash||SitrusBerry|StanceChange|Poltergeist,CloseCombat,KingsShield,SwordsDance|Adamant||M|||50|]Tsareena||WideLens|QueenlyMajesty|PowerWhip,TripleAxel,HighJumpKick,Protect|Adamant||F|||50|
|showteam|p2|Scrafty||Scraftinite|Intimidate|FakeOut,DrainPunch,KnockOff,HelpingHand|Adamant||M|||50|]Glimmora||Glimmoranite|ToxicDebris|SludgeBomb,PowerGem,EarthPower,SpikyShield|Modest||F|||50|]Talonflame||ExpertBelt|GaleWings|BraveBird,FlareBlitz,Tailwind,Protect|Jolly||F|||50|]Primarina||Leftovers|LiquidVoice|HyperVoice,Moonblast,CalmMind,Protect|Modest||M|||50|]Mamoswine||FocusSash|Oblivious|Earthquake,HighHorsepower,IceShard,Protect|Adamant||F|||50|]Metagross||ColburBerry|ClearBody|PsychicFangs,IronHead,BulletPunch,Protect|Adamant|||||50|
|
|t:|1784979599
|teamsize|p1|4
|teamsize|p2|4
|start
|switch|p1a: Rotom|Rotom-Wash, L50|100/100
|switch|p1b: Corviknight|Corviknight, L50, F|100/100
|switch|p2a: Puterrier|Scrafty, L50, M, shiny|100/100
|switch|p2b: Aviões do Forró|Talonflame, L50, F|100/100
|-ability|p2a: Puterrier|Intimidate|boost
|-unboost|p1a: Rotom|atk|1
|-ability|p1b: Corviknight|Mirror Armor
|-unboost|p2a: Puterrier|atk|1
|turn|1
|
|t:|1784979635
|move|p2a: Puterrier|Fake Out|p1a: Rotom
|-damage|p1a: Rotom|92/100
|move|p2b: Aviões do Forró|Tailwind|p2b: Aviões do Forró
|-sidestart|p2: Gabeeel|move: Tailwind
|cant|p1a: Rotom|flinch
|move|p1b: Corviknight|Tailwind|p1b: Corviknight
|-sidestart|p1: AMediocreRobot|move: Tailwind
|
|upkeep
|turn|2
|
|t:|1784979650
|move|p2b: Aviões do Forró|Protect|p2b: Aviões do Forró
|-singleturn|p2b: Aviões do Forró|Protect
|move|p1a: Rotom|Thunderbolt|p2a: Puterrier
|-damage|p2a: Puterrier|67/100
|move|p1b: Corviknight|Bulk Up|p1b: Corviknight
|-boost|p1b: Corviknight|atk|1
|-boost|p1b: Corviknight|def|1
|move|p2a: Puterrier|Knock Off|p1a: Rotom
|-damage|p1a: Rotom|63/100
|-enditem|p1a: Rotom|Choice Scarf|[from] move: Knock Off|[of] p2a: Puterrier
|
|upkeep
|turn|3
|
|t:|1784979666
|switch|p2a: Matuê|Glimmora, L50, F|100/100
|move|p2b: Aviões do Forró|Flare Blitz|p1b: Corviknight
|-supereffective|p1b: Corviknight|1
|-damage|p1b: Corviknight|41/100
|-damage|p2b: Aviões do Forró|76/100|[from] Recoil
|move|p1a: Rotom|Thunderbolt|p2b: Aviões do Forró
|-supereffective|p2b: Aviões do Forró|1
|-damage|p2b: Aviões do Forró|0 fnt
|faint|p2b: Aviões do Forró
|move|p1b: Corviknight|Brave Bird|p2a: Matuê
|-resisted|p2a: Matuê|1
|-damage|p2a: Matuê|60/100
|-activate|p2a: Matuê|ability: Toxic Debris
|-sidestart|p1: AMediocreRobot|move: Toxic Spikes
|-damage|p1b: Corviknight|28/100|[from] Recoil
|
|upkeep
|
|t:|1784979691
|switch|p2b: Pabllo Vittar|Primarina, L50, M|100/100
|turn|4
|
|t:|1784979763
|move|p2a: Matuê|Spiky Shield|p2a: Matuê
|-singleturn|p2a: Matuê|move: Protect
|move|p1a: Rotom|Electroweb|p2b: Pabllo Vittar|[spread] p2b
|-activate|p2a: Matuê|move: Protect
|-supereffective|p2b: Pabllo Vittar|1
|-damage|p2b: Pabllo Vittar|70/100
|-unboost|p2b: Pabllo Vittar|spe|1
|move|p1b: Corviknight|Body Press|p2a: Matuê
|-activate|p2a: Matuê|move: Protect
|-damage|p1b: Corviknight|16/100|[from] Spiky Shield|[of] p2a: Matuê
|move|p2b: Pabllo Vittar|Hyper Voice|p1b: Corviknight|[spread] p1a,p1b
|-resisted|p1a: Rotom|1
|-damage|p1a: Rotom|45/100
|-damage|p1b: Corviknight|0 fnt
|faint|p1b: Corviknight
|
|-heal|p2b: Pabllo Vittar|76/100|[from] item: Leftovers
|-sideend|p1: AMediocreRobot|move: Tailwind
|-sideend|p2: Gabeeel|move: Tailwind
|upkeep
|
|t:|1784979778
|switch|p1b: Aegislash|Aegislash, L50, M|100/100
|turn|5
|
|t:|1784979816
|switch|p2b: Puterrier|Scrafty, L50, M, shiny|67/100
|-ability|p2b: Puterrier|Intimidate|boost
|-unboost|p1a: Rotom|atk|1
|-unboost|p1b: Aegislash|atk|1
|detailschange|p2a: Matuê|Glimmora-Mega, L50, F
|-mega|p2a: Matuê|Glimmora|Glimmoranite
|move|p2a: Matuê|Power Gem|p1a: Rotom
|-damage|p1a: Rotom|0 fnt
|faint|p1a: Rotom
|-formechange|p1b: Aegislash|Aegislash-Blade|
|move|p1b: Aegislash|Poltergeist|p2a: Matuê|[miss]
|-miss|p1b: Aegislash|p2a: Matuê
|
|upkeep
|
|t:|1784979824
|switch|p1a: Tsareena|Tsareena, L50, F|100/100
|-status|p1a: Tsareena|psn
|turn|6
|
|t:|1784979848
|move|p2a: Matuê|Sludge Bomb|p1a: Tsareena
|-supereffective|p1a: Tsareena|1
|-damage|p1a: Tsareena|0 fnt
|faint|p1a: Tsareena
|move|p1b: Aegislash|Poltergeist|p2a: Matuê
|-activate|p2a: Matuê|move: Poltergeist|Glimmoranite
|-damage|p2a: Matuê|24/100
|move|p2b: Puterrier|Knock Off|p1b: Aegislash
|-supereffective|p1b: Aegislash|1
|-damage|p1b: Aegislash|0 fnt
|-enditem|p1b: Aegislash|Sitrus Berry|[from] move: Knock Off|[of] p2b: Puterrier
|faint|p1b: Aegislash
|
|win|Gabeeel
|c|☆AMediocreRobot|Gg
|l|☆AMediocreRobot
|player|p1|
|c|☆Gabeeel|ggs
|c|☆Gabeeel|wp
|j|☆AMediocreRobot
|player|p1|AMediocreRobot|medium|
|l|☆AMediocreRobot
|player|p1|
