|j|☆MushyMia727
|j|☆Kampfstube
|html|MushyMia727Kampfstube    
|uhtml|bestof|Game 1 of a best-of-3
|t:|1757777143
|gametype|doubles
|player|p1|MushyMia727|170|
|player|p2|Kampfstube|n|
|gen|9
|tier|[Gen 9] VGC 2025 Reg H (Bo3)
|rule|Species Clause: Limit one of each Pokémon
|rule|Item Clause: Limit 1 of each item
|clearpoke
|poke|p1|Gholdengo, L50|
|poke|p1|Rillaboom, L50, M|
|poke|p1|Incineroar, L50, M|
|poke|p1|Primarina, L50, F|
|poke|p1|Vivillon-Sandstorm, L50, F|
|poke|p1|Dragapult, L50, F|
|poke|p2|Grimmsnarl, L50, M|
|poke|p2|Volcarona, L50, F|
|poke|p2|Annihilape, L50, M|
|poke|p2|Ursaluna-Bloodmoon, L50, M|
|poke|p2|Sneasler, L50, F|
|poke|p2|Dragonite, L50, M|
|teampreview|4
|showteam|p1|Gholdengo||LifeOrb|GoodasGold|Protect,MakeItRain,ShadowBall,NastyPlot||||||50|,,,,,Steel]Rillaboom||AssaultVest|GrassySurge|WoodHammer,GrassyGlide,Uturn,FakeOut|||M|||50|,,,,,Fire]Incineroar||SafetyGoggles|Intimidate|KnockOff,FlareBlitz,Taunt,FakeOut|||M|||50|,,,,,Poison]Primarina||Leftovers|LiquidVoice|Protect,HyperVoice,Moonblast,CalmMind|||F|||50|,,,,,Steel]Vivillon-Sandstorm||FocusSash|FriendGuard|Protect,PollenPuff,RagePowder,Tailwind|||F|||50|,,,,,Ghost]Dragapult||ChoiceBand|ClearBody|DragonDarts,PhantomForce,SuckerPunch,Uturn|||F|||50|,,,,,Dragon
|showteam|p2|Grimmsnarl||CovertCloak|Prankster|SpiritBreak,LightScreen,Reflect,ThunderWave|||M|||50|,,,,,Steel]Volcarona||SitrusBerry|FlameBody|GigaDrain,QuiverDance,FieryDance,Protect|||F|||50|,,,,,Grass]Annihilape||SafetyGoggles|Defiant|BulkUp,DrainPunch,Protect,RageFist|||M|||50|,,,,,Fire]Ursaluna-Bloodmoon||AssaultVest|MindsEye|EarthPower,BloodMoon,HyperVoice,VacuumWave|||M|||50|,,,,,Water]Sneasler||FocusSash|Unburden|FakeOut,Coaching,CloseCombat,DireClaw|||F|||50|,,,,,Ghost]Dragonite||LoadedDice|Multiscale|ScaleShot,Protect,Haze,ExtremeSpeed|||M|||50|,,,,,Steel
|inactive|Battle timer is ON: inactive players will automatically lose when time's up. (requested by Kampfstube)
|inactive|Kampfstube has 60 seconds left.
|inactive|MushyMia727 has 60 seconds left.
|
|t:|1757777210
|teamsize|p1|4
|teamsize|p2|4
|start
|switch|p1a: Vivillon|Vivillon-Sandstorm, L50, F|100/100
|switch|p1b: Gholdengo|Gholdengo, L50|100/100
|switch|p2a: Grimmsnarl|Grimmsnarl, L50, M|100/100
|switch|p2b: Volcarona|Volcarona, L50, F, shiny|100/100
|turn|1
|inactive|Kampfstube has 30 seconds left.
|inactive|Kampfstube has 20 seconds left.
|
|t:|1757777249
|move|p2a: Grimmsnarl|Thunder Wave|p1a: Vivillon
|-status|p1a: Vivillon|par
|move|p1b: Gholdengo|Nasty Plot|p1b: Gholdengo
|-boost|p1b: Gholdengo|spa|2
|move|p2b: Volcarona|Quiver Dance|p2b: Volcarona
|-boost|p2b: Volcarona|spa|1
|-boost|p2b: Volcarona|spd|1
|-boost|p2b: Volcarona|spe|1
|move|p1a: Vivillon|Tailwind|p1a: Vivillon
|-sidestart|p1: MushyMia727|move: Tailwind
|
|upkeep
|turn|2
|
|t:|1757777270
|-terastallize|p1b: Gholdengo|Steel
|move|p1a: Vivillon|Rage Powder|p1a: Vivillon
|-singleturn|p1a: Vivillon|move: Rage Powder
|move|p2a: Grimmsnarl|Light Screen|p2a: Grimmsnarl
|-sidestart|p2: Kampfstube|move: Light Screen
|move|p1b: Gholdengo|Make It Rain|p2b: Volcarona|[spread] p2a,p2b
|-supereffective|p2a: Grimmsnarl
|-resisted|p2b: Volcarona
|-damage|p2a: Grimmsnarl|0 fnt
|-damage|p2b: Volcarona|68/100
|-unboost|p1b: Gholdengo|spa|1
|faint|p2a: Grimmsnarl
|-damage|p1b: Gholdengo|91/100|[from] item: Life Orb
|move|p2b: Volcarona|Quiver Dance|p2b: Volcarona
|-boost|p2b: Volcarona|spa|1
|-boost|p2b: Volcarona|spd|1
|-boost|p2b: Volcarona|spe|1
|
|upkeep
|
|t:|1757777286
|switch|p2a: Sneasler|Sneasler, L50, F, shiny|100/100
|turn|3
|
|t:|1757777295
|move|p2a: Sneasler|Fake Out|p1b: Gholdengo
|-resisted|p1b: Gholdengo
|-damage|p1b: Gholdengo|85/100
|cant|p1a: Vivillon|par
|cant|p1b: Gholdengo|flinch
|move|p2b: Volcarona|Quiver Dance|p2b: Volcarona
|-boost|p2b: Volcarona|spa|1
|-boost|p2b: Volcarona|spd|1
|-boost|p2b: Volcarona|spe|1
|
|upkeep
|turn|4
|
|t:|1757777317
|switch|p2a: Annihilape|Annihilape, L50, M|100/100
|move|p2b: Volcarona|Protect|p2b: Volcarona
|-singleturn|p2b: Volcarona|Protect
|cant|p1a: Vivillon|par
|move|p1b: Gholdengo|Shadow Ball|p2b: Volcarona
|-activate|p2b: Volcarona|move: Protect
|
|-sideend|p1: MushyMia727|move: Tailwind
|upkeep
|turn|5
|
|t:|1757777336
|-terastallize|p2a: Annihilape|Fire
|move|p1a: Vivillon|Rage Powder|p1a: Vivillon
|-singleturn|p1a: Vivillon|move: Rage Powder
|move|p2b: Volcarona|Fiery Dance|p1a: Vivillon
|-supereffective|p1a: Vivillon
|-enditem|p1a: Vivillon|Focus Sash
|-damage|p1a: Vivillon|1/100 par
|-boost|p2b: Volcarona|spa|1
|move|p1b: Gholdengo|Nasty Plot|p1b: Gholdengo
|-boost|p1b: Gholdengo|spa|2
|move|p2a: Annihilape|Rage Fist|p1a: Vivillon
|-damage|p1a: Vivillon|0 fnt
|faint|p1a: Vivillon
|
|upkeep
|
|t:|1757777354
|switch|p1a: Primarina|Primarina, L50, F|100/100
|turn|6
|inactive|Kampfstube has 30 seconds left.
|inactive|Kampfstube has 20 seconds left.
|inactive|Kampfstube has 15 seconds left.
|
|t:|1757777397
|move|p2b: Volcarona|Giga Drain|p1a: Primarina
|-supereffective|p1a: Primarina
|-damage|p1a: Primarina|0 fnt
|-heal|p2b: Volcarona|100/100|[from] drain|[of] p1a: Primarina
|faint|p1a: Primarina
|move|p1b: Gholdengo|Make It Rain|p2b: Volcarona|[spread] p2a,p2b
|-resisted|p2a: Annihilape
|-resisted|p2b: Volcarona
|-damage|p2a: Annihilape|52/100
|-damage|p2b: Volcarona|75/100
|-unboost|p1b: Gholdengo|spa|1
|-damage|p1b: Gholdengo|75/100|[from] item: Life Orb
|move|p2a: Annihilape|Drain Punch|p1b: Gholdengo
|-supereffective|p1b: Gholdengo
|-damage|p1b: Gholdengo|0 fnt
|-heal|p2a: Annihilape|81/100|[from] drain|[of] p1b: Gholdengo
|faint|p1b: Gholdengo
|
|-sideend|p2: Kampfstube|move: Light Screen
|upkeep
|
|t:|1757777415
|switch|p1b: Cadbury|Rillaboom, L50, M|100/100
|-fieldstart|move: Grassy Terrain|[from] ability: Grassy Surge|[of] p1b: Cadbury
|turn|7
|
|t:|1757777423
|move|p1b: Cadbury|Fake Out|p2b: Volcarona
|-damage|p2b: Volcarona|62/100
|-status|p1b: Cadbury|brn|[from] ability: Flame Body|[of] p2b: Volcarona
|cant|p2b: Volcarona|flinch
|move|p2a: Annihilape|Rage Fist|p1b: Cadbury
|-damage|p1b: Cadbury|62/100 brn
|
|-heal|p2b: Volcarona|69/100|[from] Grassy Terrain
|-heal|p2a: Annihilape|87/100|[from] Grassy Terrain
|-heal|p1b: Cadbury|68/100 brn|[from] Grassy Terrain
|-damage|p1b: Cadbury|62/100 brn|[from] brn
|upkeep
|turn|8
|
|t:|1757777435
|move|p2b: Volcarona|Fiery Dance|p1b: Cadbury
|-supereffective|p1b: Cadbury
|-damage|p1b: Cadbury|0 fnt
|faint|p1b: Cadbury
|
|win|Kampfstube
||Kampfstube is ready for game 2.
||MushyMia727 is ready for game 2.
|uhtml|next|Next: Game 2 of 3
