|j|☆HelhiemFiend
|j|☆Mr.CooperCR
|html|HelhiemFiendMr.CooperCR    
|uhtml|bestof|Game 2 of a best-of-3
|t:|1756252411
|gametype|doubles
|player|p1|HelhiemFiend|169|1251
|player|p2|Mr.CooperCR|buck|1285
|gen|9
|tier|[Gen 9] VGC 2025 Reg H (Bo3)
|rated|
|rule|Species Clause: Limit one of each Pokémon
|rule|Item Clause: Limit 1 of each item
|clearpoke
|poke|p1|Dragapult, L50, M|
|poke|p1|Kingambit, L50, F|
|poke|p1|Rillaboom, L50, F|
|poke|p1|Glimmora, L50, F|
|poke|p1|Sneasler, L50, F|
|poke|p1|Zoroark-Hisui, L50, M|
|poke|p2|Indeedee, L50, M|
|poke|p2|Sneasler, L50, F|
|poke|p2|Greninja-*, L50, M|
|poke|p2|Sinistcha, L50|
|poke|p2|Archaludon, L50, M|
|poke|p2|Pelipper, L50, M|
|teampreview|4
|showteam|p1|Dragapult||ChoiceBand|ClearBody|DragonDarts,TeraBlast,PhantomForce,Uturn|||M|||50|,,,,,Ghost]Kingambit||SafetyGoggles|Defiant|KowtowCleave,SuckerPunch,SwordsDance,Protect|||F|||50|,,,,,Dark]Rillaboom||AssaultVest|GrassySurge|WoodHammer,GrassyGlide,FakeOut,Uturn|||F|||50|,,,,,Fire]Glimmora||LifeOrb|ToxicDebris|SludgeBomb,PowerGem,EarthPower,SpikyShield|||F|||50|,,,,,Grass]Sneasler||FocusSash|Unburden|DireClaw,CloseCombat,FakeOut,Protect|||F|||50|,,,,,Stellar]Zoroark-Hisui||ChoiceSpecs|Illusion|ShadowBall,HyperVoice,TeraBlast,Trick|||M|||50|,,,,,Fighting
|showteam|p2|Indeedee||FocusSash|PsychicSurge|ExpandingForce,TrickRoom,Imprison,Protect|||M|||50|,,,,,Psychic]Sneasler||PsychicSeed|Unburden|Protect,ThroatChop,CloseCombat,DireClaw|||F|||50|,,,,,Dark]Greninja||LoadedDice|Torrent|WaterShuriken,Haze,Protect,RainDance|||M|||50|,,,,,Ghost]Sinistcha||RockyHelmet|Hospitality|RagePowder,MatchaGotcha,LifeDew,TrickRoom||||||50|,,,,,Dark]Archaludon||AssaultVest|Stamina|ElectroShot,BodyPress,DracoMeteor,Snarl|||M|||50|,,,,,Bug]Pelipper||CovertCloak|Drizzle|Protect,WideGuard,WeatherBall,Hurricane|||M|||50|,,,,,Grass
|inactive|Battle timer is ON: inactive players will automatically lose when time's up. (requested by HelhiemFiend)
|inactive|Mr.CooperCR also wants the timer to be on.
|
|t:|1756252437
|teamsize|p1|4
|teamsize|p2|4
|start
|switch|p1a: GOATmora|Glimmora, L50, F|100/100
|switch|p1b: Earhart|Dragapult, L50, M|100/100
|switch|p2a: Indeedee|Indeedee, L50, M|100/100
|switch|p2b: Sneasler|Sneasler, L50, F|100/100
|-fieldstart|move: Psychic Terrain|[from] ability: Psychic Surge|[of] p2a: Indeedee
|-enditem|p2b: Sneasler|Psychic Seed
|-boost|p2b: Sneasler|spd|1|[from] item: Psychic Seed
|turn|1
|inactive|HelhiemFiend has 30 seconds left.
|inactive|Mr.CooperCR has 30 seconds left.
|
|t:|1756252469
|switch|p1a: Donkey Kong|Rillaboom, L50, F|100/100
|-fieldstart|move: Grassy Terrain|[from] ability: Grassy Surge|[of] p1a: Donkey Kong
|-terastallize|p1b: Earhart|Fighting
|move|p2b: Sneasler|Throat Chop|p1b: Earhart
|-resisted|p1b: Earhart
|-damage|p1b: Earhart|67/100
|-start|p1b: Earhart|Throat Chop|[silent]
|replace|p1b: Sus|Zoroark-Hisui, L50, M
|-end|p1b: Sus|Illusion
|cant|p1b: Sus|move: Throat Chop
|move|p2a: Indeedee|Expanding Force|p1b: Sus
|-supereffective|p1b: Sus
|-damage|p1b: Sus|0 fnt
|faint|p1b: Sus
|
|upkeep
|c|☆HelhiemFiend|Wow that was bad
|inactive|HelhiemFiend has 30 seconds left.
|c|☆HelhiemFiend|i forgot throat chop’s effect
|inactive|HelhiemFiend has 20 seconds left.
|
|t:|1756252507
|switch|p1b: Earhart|Dragapult, L50, M|100/100
|turn|2
|
|t:|1756252521
|switch|p2a: Archaludon|Archaludon, L50, M|100/100
|move|p2b: Sneasler|Protect|p2b: Sneasler
|-singleturn|p2b: Sneasler|Protect
|move|p1b: Earhart|Dragon Darts|p2a: Archaludon
|-damage|p2a: Archaludon|72/100
|-ability|p2a: Archaludon|Stamina|boost
|-boost|p2a: Archaludon|def|1
|-anim|p1b: Earhart|Dragon Darts|p2a: Archaludon
|-damage|p2a: Archaludon|52/100
|-ability|p2a: Archaludon|Stamina|boost
|-boost|p2a: Archaludon|def|1
|move|p1a: Donkey Kong|U-turn|p2a: Archaludon
|-resisted|p2a: Archaludon
|-damage|p2a: Archaludon|48/100
|-ability|p2a: Archaludon|Stamina|boost
|-boost|p2a: Archaludon|def|1
|
|t:|1756252527
|switch|p1a: GOATmora|Glimmora, L50, F|100/100|[from] U-turn
|
|-heal|p2a: Archaludon|54/100|[from] Grassy Terrain
|upkeep
|turn|3
|inactive|Mr.CooperCR has 30 seconds left.
|inactive|Mr.CooperCR has 20 seconds left.
|inactive|Mr.CooperCR has 15 seconds left.
|inactive|Mr.CooperCR has 10 seconds left.
|
|t:|1756252574
|move|p2b: Sneasler|Throat Chop|p1b: Earhart
|-supereffective|p1b: Earhart
|-damage|p1b: Earhart|19/100
|-start|p1b: Earhart|Throat Chop|[silent]
|move|p1b: Earhart|Dragon Darts|p2b: Sneasler
|-damage|p2b: Sneasler|27/100
|-anim|p1b: Earhart|Dragon Darts|p2a: Archaludon
|-damage|p2a: Archaludon|43/100
|-ability|p2a: Archaludon|Stamina|boost
|-boost|p2a: Archaludon|def|1
|move|p1a: GOATmora|Earth Power|p2a: Archaludon
|-supereffective|p2a: Archaludon
|-damage|p2a: Archaludon|0 fnt
|faint|p2a: Archaludon
|-damage|p1a: GOATmora|91/100|[from] item: Life Orb
|
|-heal|p2b: Sneasler|33/100|[from] Grassy Terrain
|-heal|p1b: Earhart|25/100|[from] Grassy Terrain
|-heal|p1a: GOATmora|97/100|[from] Grassy Terrain
|upkeep
|
|t:|1756252580
|switch|p2a: Indeedee|Indeedee, L50, M|100/100
|-fieldstart|move: Psychic Terrain|[from] ability: Psychic Surge|[of] p2a: Indeedee
|turn|4
|
|t:|1756252592
|switch|p1b: Donkey Kong|Rillaboom, L50, F|100/100
|-fieldstart|move: Grassy Terrain|[from] ability: Grassy Surge|[of] p1b: Donkey Kong
|move|p1a: GOATmora|Spiky Shield|p1a: GOATmora
|-singleturn|p1a: GOATmora|move: Protect
|move|p2b: Sneasler|Throat Chop|p1b: Donkey Kong
|-damage|p1b: Donkey Kong|72/100
|-start|p1b: Donkey Kong|Throat Chop|[silent]
|move|p2a: Indeedee|Expanding Force|p1a: GOATmora
|-activate|p1a: GOATmora|move: Protect
|
|-heal|p2b: Sneasler|39/100|[from] Grassy Terrain
|-heal|p1b: Donkey Kong|78/100|[from] Grassy Terrain
|-heal|p1a: GOATmora|100/100|[from] Grassy Terrain
|upkeep
|turn|5
|
|t:|1756252614
|switch|p2a: Pelipper|Pelipper, L50, M|100/100
|-weather|RainDance|[from] ability: Drizzle|[of] p2a: Pelipper
|move|p2b: Sneasler|Protect|p2b: Sneasler
|-singleturn|p2b: Sneasler|Protect
|move|p1b: Donkey Kong|Fake Out|p2a: Pelipper
|-damage|p2a: Pelipper|88/100
|move|p1a: GOATmora|Earth Power|p2b: Sneasler
|-activate|p2b: Sneasler|move: Protect
|
|-weather|RainDance|[upkeep]
|-heal|p2b: Sneasler|44/100|[from] Grassy Terrain
|-heal|p1b: Donkey Kong|84/100|[from] Grassy Terrain
|-end|p1b: Donkey Kong|Throat Chop|[silent]
|upkeep
|turn|6
|
|t:|1756252634
|move|p2b: Sneasler|Dire Claw|p1b: Donkey Kong
|-supereffective|p1b: Donkey Kong
|-damage|p1b: Donkey Kong|0 fnt
|faint|p1b: Donkey Kong
|move|p1a: GOATmora|Earth Power|p2b: Sneasler
|-supereffective|p2b: Sneasler
|-damage|p2b: Sneasler|0 fnt
|faint|p2b: Sneasler
|-damage|p1a: GOATmora|91/100|[from] item: Life Orb
|move|p2a: Pelipper|Weather Ball|p1a: GOATmora
|-supereffective|p1a: GOATmora
|-damage|p1a: GOATmora|0 fnt
|faint|p1a: GOATmora
|
|-weather|RainDance|[upkeep]
|upkeep
|
|t:|1756252647
|switch|p2b: Indeedee|Indeedee, L50, M|100/100
|switch|p1a: Earhart|Dragapult, L50, M|25/100
|-fieldstart|move: Psychic Terrain|[from] ability: Psychic Surge|[of] p2b: Indeedee
|turn|7
|c|☆HelhiemFiend|Gg
|c|☆Mr.CooperCR|gg
|
|t:|1756252658
|-terastallize|p2b: Indeedee|Psychic
|move|p1a: Earhart|Dragon Darts|p2a: Pelipper
|-damage|p2a: Pelipper|50/100
|-anim|p1a: Earhart|Dragon Darts|p2b: Indeedee
|-damage|p2b: Indeedee|23/100
|move|p2b: Indeedee|Expanding Force|p1a: Earhart
|-damage|p1a: Earhart|0 fnt
|faint|p1a: Earhart
|
|win|Mr.CooperCR
|raw|HelhiemFiend's rating: 1251 → 1228(-23 for losing)
|raw|Mr.CooperCR's rating: 1285 → 1308(+23 for winning)
|l|☆HelhiemFiend
|player|p1|
