|j|☆SelvesterTheYAK
|j|☆kigokigo
|html|SelvesterTheYAKkigokigo    
|uhtml|bestof|Game 3 of a best-of-3
|t:|1756871886
|gametype|doubles
|player|p1|SelvesterTheYAK|170|1197
|player|p2|kigokigo|2|1208
|gen|9
|tier|[Gen 9] VGC 2025 Reg H (Bo3)
|rated|
|rule|Species Clause: Limit one of each Pokémon
|rule|Item Clause: Limit 1 of each item
|clearpoke
|poke|p1|Tyranitar, L50, M|
|poke|p1|Arcanine-Hisui, L50, F|
|poke|p1|Kommo-o, L50, M|
|poke|p1|Gholdengo, L50|
|poke|p1|Rillaboom, L50, M|
|poke|p1|Electabuzz, L50, F|
|poke|p2|Indeedee-F, L50, F|
|poke|p2|Armarouge, L50, F|
|poke|p2|Lilligant-Hisui, L50, F|
|poke|p2|Ursaluna, L50, M|
|poke|p2|Torkoal, L50, M|
|poke|p2|Gallade, L50, M|
|teampreview|4
|showteam|p1|Tyranitar||AssaultVest|SandStream|RockSlide,KnockOff,TeraBlast,LowKick|||M|||50|,,,,,Flying]Arcanine-Hisui||SitrusBerry|Intimidate|RockSlide,FlareBlitz,WillOWisp,Howl|||F|||50|,,,,,Water]Kommo-o||Leftovers|Overcoat|IronDefense,BodyPress,Protect,DragonClaw|||M|||50|,,,,,Steel]Gholdengo||LifeOrb|GoodasGold|MakeItRain,ShadowBall,NastyPlot,Protect||||||50|,,,,,Steel]Rillaboom||MiracleSeed|GrassySurge|FakeOut,GrassyGlide,WoodHammer,Protect|||M|||50|,,,,,Grass]Electabuzz||Eviolite|VitalSpirit|Taunt,Protect,Electroweb,FollowMe|||F|||50|,,,,,Ghost
|showteam|p2|Indeedee-F||PsychicSeed|PsychicSurge|TrickRoom,FollowMe,HelpingHand,Psychic|||F|||50|,,,,,Water]Armarouge||LifeOrb|FlashFire|ExpandingForce,ArmorCannon,TrickRoom,HeatWave|||F|||50|,,,,,Grass]Lilligant-Hisui||FocusSash|Chlorophyll|CloseCombat,SleepPowder,AfterYou,SolarBlade|||F|||50|,,,,,Ghost]Ursaluna||FlameOrb|Guts|Facade,HeadlongRush,Earthquake,ShadowClaw|||M|||50|,,,,,Ghost]Torkoal||Charcoal|Drought|Eruption,WeatherBall,ClearSmog,HeatWave|||M|||50|,,,,,Fire]Gallade||ClearAmulet|Sharpness|PsychoCut,SacredSword,TrickRoom,WideGuard|||M|||50|,,,,,Steel
|inactive|Battle timer is ON: inactive players will automatically lose when time's up. (requested by kigokigo)
|inactive|SelvesterTheYAK has 60 seconds left.
|
|t:|1756871920
|teamsize|p1|4
|teamsize|p2|4
|start
|switch|p1a: Tyranitar|Tyranitar, L50, M|100/100
|switch|p1b: Arcanine|Arcanine-Hisui, L50, F|100/100
|switch|p2a: Indeedee|Indeedee-F, L50, F|100/100
|switch|p2b: Armarouge|Armarouge, L50, F|100/100
|-ability|p1b: Arcanine|Intimidate|boost
|-unboost|p2a: Indeedee|atk|1
|-unboost|p2b: Armarouge|atk|1
|-weather|Sandstorm|[from] ability: Sand Stream|[of] p1a: Tyranitar
|-fieldstart|move: Psychic Terrain|[from] ability: Psychic Surge|[of] p2a: Indeedee
|-enditem|p2a: Indeedee|Psychic Seed
|-boost|p2a: Indeedee|spd|1|[from] item: Psychic Seed
|turn|1
|inactive|kigokigo has 30 seconds left.
|inactive|kigokigo has 20 seconds left.
|inactive|kigokigo has 15 seconds left.
|
|t:|1756871965
|switch|p2b: Ursaluna|Ursaluna, L50, M|100/100
|move|p1b: Arcanine|Howl|p1b: Arcanine|[spread] p1a,p1b
|-boost|p1a: Tyranitar|atk|1
|-boost|p1b: Arcanine|atk|1
|move|p1a: Tyranitar|Knock Off|p2a: Indeedee
|-supereffective|p2a: Indeedee
|-damage|p2a: Indeedee|0 fnt
|faint|p2a: Indeedee
|
|-weather|Sandstorm|[upkeep]
|-status|p2b: Ursaluna|brn|[from] item: Flame Orb
|upkeep
|
|t:|1756871977
|switch|p2a: Gallade|Gallade, L50, M|100/100
|turn|2
|inactive|SelvesterTheYAK has 30 seconds left.
|
|t:|1756872005
|-terastallize|p1a: Tyranitar|Flying
|-terastallize|p2a: Gallade|Steel
|move|p1b: Arcanine|Rock Slide|p2a: Gallade|[spread] p2a,p2b
|-resisted|p2a: Gallade
|-resisted|p2b: Ursaluna
|-damage|p2a: Gallade|78/100
|-damage|p2b: Ursaluna|88/100 brn
|move|p1a: Tyranitar|Tera Blast|p2a: Gallade|[anim] Tera Blast Flying
|-resisted|p2a: Gallade
|-damage|p2a: Gallade|27/100
|move|p2b: Ursaluna|Headlong Rush|p1b: Arcanine
|-supereffective|p1b: Arcanine
|-damage|p1b: Arcanine|0 fnt
|-unboost|p2b: Ursaluna|def|1
|-unboost|p2b: Ursaluna|spd|1
|faint|p1b: Arcanine
|move|p2a: Gallade|Trick Room|p2a: Gallade
|-fieldstart|move: Trick Room|[of] p2a: Gallade
|
|-weather|Sandstorm|[upkeep]
|-damage|p1a: Tyranitar|95/100|[from] Sandstorm
|-damage|p2b: Ursaluna|82/100 brn|[from] brn
|upkeep
|
|t:|1756872029
|switch|p1b: Kommo-o|Kommo-o, L50, M|100/100
|turn|3
|
|t:|1756872039
|move|p2b: Ursaluna|Facade|p1a: Tyranitar
|-damage|p1a: Tyranitar|0 fnt
|faint|p1a: Tyranitar
|move|p2a: Gallade|Psycho Cut|p1b: Kommo-o
|-supereffective|p1b: Kommo-o
|-damage|p1b: Kommo-o|4/100
|move|p1b: Kommo-o|Iron Defense|p1b: Kommo-o
|-boost|p1b: Kommo-o|def|2
|
|-weather|Sandstorm|[upkeep]
|-heal|p1b: Kommo-o|10/100|[from] item: Leftovers
|-damage|p2b: Ursaluna|76/100 brn|[from] brn
|upkeep
|
|t:|1756872050
|switch|p1a: Electabuzz|Electabuzz, L50, F|100/100
|turn|4
|
|t:|1756872064
|move|p1b: Kommo-o|Protect|p1b: Kommo-o
|-singleturn|p1b: Kommo-o|Protect
|move|p2a: Gallade|Wide Guard|p2a: Gallade
|-singleturn|p2a: Gallade|Wide Guard
|move|p2b: Ursaluna|Earthquake|p1a: Electabuzz|[spread] p1a
|-activate|p2a: Gallade|move: Wide Guard
|-activate|p1b: Kommo-o|move: Protect
|-supereffective|p1a: Electabuzz
|-damage|p1a: Electabuzz|0 fnt
|faint|p1a: Electabuzz
|
|-weather|Sandstorm|[upkeep]
|-heal|p1b: Kommo-o|16/100|[from] item: Leftovers
|-damage|p2b: Ursaluna|71/100 brn|[from] brn
|upkeep
|turn|5
|c|☆SelvesterTheYAK|tf
|
|t:|1756872079
|move|p2b: Ursaluna|Facade|p1b: Kommo-o
|-damage|p1b: Kommo-o|0 fnt
|faint|p1b: Kommo-o
|
|win|kigokigo
|raw|SelvesterTheYAK's rating: 1197 → 1173(-24 for losing)
|raw|kigokigo's rating: 1208 → 1232(+24 for winning)
|l|☆kigokigo
|player|p2|
|c|☆SelvesterTheYAK|damn
