|j|☆bobovile
|j|☆minasdevilcrobats
|html|bobovileminasdevilcrobats    
|uhtml|bestof|Game 1 of a best-of-3
|t:|1756496303
|gametype|doubles
|player|p1|bobovile|ruinmaniac|1181
|player|p2|minasdevilcrobats|darach-caitlin|1151
|gen|9
|tier|[Gen 9] VGC 2025 Reg H (Bo3)
|rated|
|rule|Species Clause: Limit one of each Pokémon
|rule|Item Clause: Limit 1 of each item
|clearpoke
|poke|p1|Tyranitar, L50, M|
|poke|p1|Excadrill, L50, M|
|poke|p1|Gastrodon-East, L50, F|
|poke|p1|Talonflame, L50, F|
|poke|p1|Gallade, L50, M|
|poke|p1|Tsareena, L50, F|
|poke|p2|Indeedee, L50, M|
|poke|p2|Sneasler, L50, F|
|poke|p2|Ursaluna-Bloodmoon, L50, M|
|poke|p2|Pelipper, L50, F|
|poke|p2|Archaludon, L50, M|
|poke|p2|Basculegion, L50, M|
|teampreview|4
|showteam|p1|Tyranitar||AssaultVest|SandStream|TeraBlast,RockSlide,KnockOff,LowKick|||M|||50|,,,,,Flying]Excadrill||LifeOrb|SandRush|Protect,HighHorsepower,IronHead,Earthquake|||M|||50|,,,,,Flying]Gastrodon-East||SitrusBerry|StormDrain|ClearSmog,Protect,MuddyWater,EarthPower|||F|||50|,,,,,Fire]Talonflame||SafetyGoggles|GaleWings|Tailwind,Taunt,FlareBlitz,DualWingbeat|||F|||50|,,,,,Ghost]Gallade||ClearAmulet|Sharpness|Protect,SacredSword,PsychoCut,TrickRoom|||M|||50|,,,,,Steel]Tsareena||WideLens|QueenlyMajesty|Protect,Taunt,PowerWhip,TripleAxel|||F|||50|,,,,,Fire
|showteam|p2|Indeedee||ChoiceScarf|PsychicSurge|ExpandingForce,DazzlingGleam,Trick,Protect|||M|||50|,,,,,Psychic]Sneasler||PsychicSeed|Unburden|CloseCombat,DireClaw,ThroatChop,Protect|||F|||50|,,,,,Dark]Ursaluna-Bloodmoon||LifeOrb|MindsEye|BloodMoon,HyperVoice,EarthPower,Protect|||M|||50|,,,,,Normal]Pelipper||FocusSash|Drizzle|Hurricane,WeatherBall,Tailwind,Protect|||F|||50|,,,,,Ghost]Archaludon||AssaultVest|Stamina|ElectroShot,BodyPress,Snarl,DragonPulse|||M|||50|,,,,,Grass]Basculegion||ChoiceBand|SwiftSwim|WaveCrash,LastRespects,FlipTurn,AquaJet|||M|||50|,,,,,Ghost
|
|t:|1756496342
|teamsize|p1|4
|teamsize|p2|4
|start
|switch|p1a: Tyranitar|Tyranitar, L50, M|100/100
|switch|p1b: Excadrill|Excadrill, L50, M|100/100
|switch|p2a: Indeedee|Indeedee, L50, M|100/100
|switch|p2b: Sneasler|Sneasler, L50, F|100/100
|-fieldstart|move: Psychic Terrain|[from] ability: Psychic Surge|[of] p2a: Indeedee
|-enditem|p2b: Sneasler|Psychic Seed
|-boost|p2b: Sneasler|spd|1|[from] item: Psychic Seed
|-weather|Sandstorm|[from] ability: Sand Stream|[of] p1a: Tyranitar
|turn|1
|
|t:|1756496387
|switch|p2a: Pelipper|Pelipper, L50, F|100/100
|-weather|RainDance|[from] ability: Drizzle|[of] p2a: Pelipper
|-terastallize|p2b: Sneasler|Dark
|-terastallize|p1a: Tyranitar|Flying
|move|p1b: Excadrill|Protect|p1b: Excadrill
|-singleturn|p1b: Excadrill|Protect
|move|p2b: Sneasler|Close Combat|p1b: Excadrill
|-activate|p1b: Excadrill|move: Protect
|move|p1a: Tyranitar|Tera Blast|p2b: Sneasler|[anim] Tera Blast Flying
|-damage|p2b: Sneasler|20/100
|
|-weather|RainDance|[upkeep]
|upkeep
|turn|2
|
|t:|1756496405
|switch|p1b: Gastrodon|Gastrodon-East, L50, F|100/100
|move|p2b: Sneasler|Dire Claw|p1a: Tyranitar
|-damage|p1a: Tyranitar|70/100
|move|p2a: Pelipper|Tailwind|p2a: Pelipper
|-sidestart|p2: minasdevilcrobats|move: Tailwind
|move|p1a: Tyranitar|Rock Slide|p2b: Sneasler|[spread] p2a,p2b
|-supereffective|p2a: Pelipper
|-damage|p2a: Pelipper|12/100
|-damage|p2b: Sneasler|0 fnt
|faint|p2b: Sneasler
|
|-weather|RainDance|[upkeep]
|upkeep
|
|t:|1756496418
|switch|p2b: Basculegion|Basculegion, L50, M|100/100
|turn|3
|
|t:|1756496434
|move|p2b: Basculegion|Last Respects|p1a: Tyranitar
|-damage|p1a: Tyranitar|8/100
|move|p2a: Pelipper|Hurricane|p1b: Gastrodon
|-damage|p1b: Gastrodon|53/100
|-start|p1b: Gastrodon|confusion
|move|p1a: Tyranitar|Knock Off|p2b: Basculegion
|-supereffective|p2b: Basculegion
|-damage|p2b: Basculegion|0 fnt
|-enditem|p2b: Basculegion|Choice Band|[from] move: Knock Off|[of] p1a: Tyranitar
|faint|p2b: Basculegion
|-activate|p1b: Gastrodon|confusion
|-damage|p1b: Gastrodon|46/100|[from] confusion
|-enditem|p1b: Gastrodon|Sitrus Berry|[eat]
|-heal|p1b: Gastrodon|71/100|[from] item: Sitrus Berry
|
|-weather|RainDance|[upkeep]
|upkeep
|
|t:|1756496443
|switch|p2b: Indeedee|Indeedee, L50, M|100/100
|turn|4
|
|t:|1756496457
|switch|p1a: Gallade|Gallade, L50, M|100/100
|move|p2b: Indeedee|Expanding Force|p1b: Gastrodon|[spread] p1a,p1b
|-damage|p1a: Gallade|55/100
|-damage|p1b: Gastrodon|24/100
|move|p2a: Pelipper|Hurricane|p1b: Gastrodon
|-damage|p1b: Gastrodon|0 fnt
|faint|p1b: Gastrodon
|
|-weather|RainDance|[upkeep]
|upkeep
|
|t:|1756496467
|switch|p1b: Excadrill|Excadrill, L50, M|100/100
|turn|5
|
|t:|1756496504
|switch|p1a: Tyranitar|Tyranitar, L50, M, tera:Flying|8/100
|-weather|Sandstorm|[from] ability: Sand Stream|[of] p1a: Tyranitar
|move|p2b: Indeedee|Expanding Force|p1b: Excadrill|[spread] p1a,p1b
|-resisted|p1b: Excadrill
|-damage|p1a: Tyranitar|0 fnt
|-damage|p1b: Excadrill|62/100
|faint|p1a: Tyranitar
|move|p1b: Excadrill|Earthquake|p2b: Indeedee|[spread] p2b
|-immune|p2a: Pelipper
|-damage|p2b: Indeedee|0 fnt
|faint|p2b: Indeedee
|-damage|p1b: Excadrill|52/100|[from] item: Life Orb
|move|p2a: Pelipper|Weather Ball|p1b: Excadrill
|-resisted|p1b: Excadrill
|-damage|p1b: Excadrill|42/100
|
|-weather|Sandstorm|[upkeep]
|-damage|p2a: Pelipper|6/100|[from] Sandstorm
|-sideend|p2: minasdevilcrobats|move: Tailwind
|-fieldend|move: Psychic Terrain
|upkeep
|
|t:|1756496522
|switch|p1a: Gallade|Gallade, L50, M|55/100
|turn|6
|
|t:|1756496528
|move|p1b: Excadrill|Iron Head|p2a: Pelipper
|-resisted|p2a: Pelipper
|-damage|p2a: Pelipper|0 fnt
|faint|p2a: Pelipper
|-damage|p1b: Excadrill|33/100|[from] item: Life Orb
|
|win|bobovile
||minasdevilcrobats is ready for game 2.
||bobovile is ready for game 2.
|uhtml|next|Next: Game 2 of 3
