|j|‽mirokartdeluxe
|j|☆Il mule
|html|mirokartdeluxeIl mule    
|uhtml|bestof|Game 1 of a best-of-3
|t:|1756198554
|gametype|doubles
|player|p1|mirokartdeluxe|hiker-gen4|1269
|player|p2|Il mule|salvatore|1518
|gen|9
|tier|[Gen 9] VGC 2025 Reg H (Bo3)
|rated|
|rule|Species Clause: Limit one of each Pokémon
|rule|Item Clause: Limit 1 of each item
|clearpoke
|poke|p1|Sneasler, L50, M|
|poke|p1|Electabuzz, L50, F|
|poke|p1|Volcarona, L50, M|
|poke|p1|Rillaboom, L50, F|
|poke|p1|Incineroar, L50, F|
|poke|p1|Kingambit, L50, M|
|poke|p2|Corviknight, L50, M|
|poke|p2|Garchomp, L50, M|
|poke|p2|Tyranitar, L50, M|
|poke|p2|Gholdengo, L50|
|poke|p2|Sneasler, L50, M|
|poke|p2|Incineroar, L50, M|
|teampreview|4
|showteam|p1|Sneasler||FocusSash|Unburden|CloseCombat,DireClaw,Coaching,FakeOut|||M|||50|,,,,,Stellar]Electabuzz||Eviolite|VitalSpirit|Electroweb,FollowMe,Taunt,Protect|||F|||50|,,,,,Dragon]Volcarona||Leftovers|FlameBody|HeatWave,TeraBlast,QuiverDance,Protect|||M|||50|,,,,,Fairy]Rillaboom||MiracleSeed|GrassySurge|GrassyGlide,HighHorsepower,WoodHammer,FakeOut|||F|||50|,,,,,Water]Incineroar||AssaultVest|Intimidate|FlareBlitz,KnockOff,Uturn,FakeOut|||F|||50|,,,,,Grass]Kingambit||SafetyGoggles|Defiant|KowtowCleave,SuckerPunch,SwordsDance,Protect|||M|||50|,,,,,Ghost
|showteam|p2|Corviknight||CovertCloak|MirrorArmor|BraveBird,Taunt,Roost,Tailwind|||M|||50|,,,,,Dragon]Garchomp||ClearAmulet|RoughSkin|Earthquake,DragonClaw,StompingTantrum,Protect|||M|||50|,,,,,Ground]Tyranitar||AssaultVest|SandStream|RockSlide,KnockOff,TeraBlast,LowKick|||M|||50|,,,,,Flying]Gholdengo||LifeOrb|GoodasGold|MakeItRain,ShadowBall,NastyPlot,Protect||||||50|,,,,,Water]Sneasler||WhiteHerb|Unburden|DireClaw,CloseCombat,Coaching,Protect|||M|||50|,,,,,Ghost]Incineroar||SitrusBerry|Intimidate|FlareBlitz,WillOWisp,PartingShot,FakeOut|||M|||50|,,,,,Grass
|inactive|Battle timer is ON: inactive players will automatically lose when time's up. (requested by mirokartdeluxe)
|inactive|mirokartdeluxe has 60 seconds left.
|inactive|Il mule has 60 seconds left.
|j| ernico
|
|t:|1756198590
|teamsize|p1|4
|teamsize|p2|4
|start
|switch|p1a: Sneasler|Sneasler, L50, M|100/100
|switch|p1b: Volcarona|Volcarona, L50, M|100/100
|switch|p2a: Incineroar|Incineroar, L50, M|100/100
|switch|p2b: Sneasler|Sneasler, L50, M|100/100
|-ability|p2a: Incineroar|Intimidate|boost
|-unboost|p1a: Sneasler|atk|1
|-unboost|p1b: Volcarona|atk|1
|turn|1
|
|t:|1756198602
|switch|p2a: Corviknight|Corviknight, L50, M, shiny|100/100
|move|p1a: Sneasler|Fake Out|p2a: Corviknight
|-resisted|p2a: Corviknight
|-damage|p2a: Corviknight|97/100
|move|p2b: Sneasler|Close Combat|p1a: Sneasler
|-resisted|p1a: Sneasler
|-damage|p1a: Sneasler|54/100
|-unboost|p2b: Sneasler|def|1
|-unboost|p2b: Sneasler|spd|1
|-enditem|p2b: Sneasler|White Herb
|-clearnegativeboost|p2b: Sneasler|[silent]
|move|p1b: Volcarona|Quiver Dance|p1b: Volcarona
|-boost|p1b: Volcarona|spa|1
|-boost|p1b: Volcarona|spd|1
|-boost|p1b: Volcarona|spe|1
|
|upkeep
|turn|2
|inactive|mirokartdeluxe has 30 seconds left.
|
|t:|1756198628
|switch|p2a: Incineroar|Incineroar, L50, M|100/100
|-ability|p2a: Incineroar|Intimidate|boost
|-unboost|p1a: Sneasler|atk|1
|-unboost|p1b: Volcarona|atk|1
|move|p2b: Sneasler|Dire Claw|p1b: Volcarona
|-damage|p1b: Volcarona|52/100
|move|p1b: Volcarona|Heat Wave|p2a: Incineroar|[spread] p2a,p2b
|-resisted|p2a: Incineroar
|-damage|p2a: Incineroar|79/100
|-damage|p2b: Sneasler|31/100
|move|p1a: Sneasler|Dire Claw|p2b: Sneasler
|-resisted|p2b: Sneasler
|-damage|p2b: Sneasler|15/100
|
|-heal|p1b: Volcarona|58/100|[from] item: Leftovers
|upkeep
|turn|3
|
|t:|1756198649
|switch|p1a: Incineroar|Incineroar, L50, F|100/100
|-ability|p1a: Incineroar|Intimidate|boost
|-unboost|p2a: Incineroar|atk|1
|-unboost|p2b: Sneasler|atk|1
|move|p1b: Volcarona|Protect|p1b: Volcarona
|-singleturn|p1b: Volcarona|Protect
|move|p2a: Incineroar|Fake Out|p1a: Incineroar
|-damage|p1a: Incineroar|94/100
|move|p2b: Sneasler|Dire Claw|p1b: Volcarona
|-activate|p1b: Volcarona|move: Protect
|
|-heal|p1b: Volcarona|65/100|[from] item: Leftovers
|upkeep
|turn|4
|
|t:|1756198674
|move|p1a: Incineroar|Fake Out|p2a: Incineroar
|-damage|p2a: Incineroar|67/100
|move|p2b: Sneasler|Dire Claw|p1b: Volcarona
|-damage|p1b: Volcarona|33/100
|-status|p1b: Volcarona|slp
|cant|p1b: Volcarona|slp
|cant|p2a: Incineroar|flinch
|
|-heal|p1b: Volcarona|39/100 slp|[from] item: Leftovers
|upkeep
|turn|5
|inactive|mirokartdeluxe has 30 seconds left.
|
|t:|1756198703
|-curestatus|p1b: Volcarona|slp|[msg]
|move|p1b: Volcarona|Protect|p1b: Volcarona
|-singleturn|p1b: Volcarona|Protect
|move|p2b: Sneasler|Coaching|p2a: Incineroar
|-boost|p2a: Incineroar|atk|1
|-boost|p2a: Incineroar|def|1
|move|p2a: Incineroar|Flare Blitz|p1b: Volcarona
|-activate|p1b: Volcarona|move: Protect
|move|p1a: Incineroar|U-turn|p2b: Sneasler
|-resisted|p2b: Sneasler
|-damage|p2b: Sneasler|6/100
|
|t:|1756198713
|switch|p1a: Rillaboom|Rillaboom, L50, F|100/100|[from] U-turn
|-fieldstart|move: Grassy Terrain|[from] ability: Grassy Surge|[of] p1a: Rillaboom
|
|-heal|p2b: Sneasler|12/100|[from] Grassy Terrain
|-heal|p1b: Volcarona|45/100|[from] Grassy Terrain
|-heal|p1b: Volcarona|52/100|[from] item: Leftovers
|-heal|p2a: Incineroar|73/100|[from] Grassy Terrain
|upkeep
|turn|6
|
|t:|1756198728
|move|p2b: Sneasler|Coaching|p2a: Incineroar
|-boost|p2a: Incineroar|atk|1
|-boost|p2a: Incineroar|def|1
|move|p1b: Volcarona|Heat Wave|p2b: Sneasler|[spread] p2b
|-miss|p1b: Volcarona|p2a: Incineroar
|-damage|p2b: Sneasler|0 fnt
|faint|p2b: Sneasler
|move|p1a: Rillaboom|High Horsepower|p2a: Incineroar
|-supereffective|p2a: Incineroar
|-damage|p2a: Incineroar|45/100
|-enditem|p2a: Incineroar|Sitrus Berry|[eat]
|-heal|p2a: Incineroar|70/100|[from] item: Sitrus Berry
|move|p2a: Incineroar|Flare Blitz|p1b: Volcarona
|-damage|p1b: Volcarona|0 fnt
|faint|p1b: Volcarona
|-damage|p2a: Incineroar|54/100|[from] Recoil
|
|-heal|p2a: Incineroar|60/100|[from] Grassy Terrain
|upkeep
|
|t:|1756198746
|switch|p2b: Corviknight|Corviknight, L50, M, shiny|97/100
|switch|p1b: Sneasler|Sneasler, L50, M|54/100
|turn|7
|inactive|mirokartdeluxe has 30 seconds left.
|inactive|mirokartdeluxe has 20 seconds left.
|
|t:|1756198786
|-terastallize|p1b: Sneasler|Stellar
|move|p1b: Sneasler|Close Combat|p2b: Corviknight
|-damage|p2b: Corviknight|27/100
|-unboost|p1b: Sneasler|def|1
|-unboost|p1b: Sneasler|spd|1
|move|p1a: Rillaboom|High Horsepower|p2a: Incineroar
|-supereffective|p2a: Incineroar
|-damage|p2a: Incineroar|29/100
|move|p2b: Corviknight|Tailwind|p2b: Corviknight
|-sidestart|p2: Il mule|move: Tailwind
|move|p2a: Incineroar|Flare Blitz|p1b: Sneasler
|-damage|p1b: Sneasler|0 fnt
|faint|p1b: Sneasler
|-damage|p2a: Incineroar|15/100|[from] Recoil
|
|-heal|p2a: Incineroar|21/100|[from] Grassy Terrain
|upkeep
|
|t:|1756198791
|switch|p1b: Incineroar|Incineroar, L50, F|94/100
|-ability|p1b: Incineroar|Intimidate|boost
|-unboost|p2a: Incineroar|atk|1
|-ability|p2b: Corviknight|Mirror Armor
|-unboost|p1b: Incineroar|atk|1
|turn|8
|
|t:|1756198807
|move|p1a: Rillaboom|Grassy Glide|p2a: Incineroar
|-resisted|p2a: Incineroar
|-damage|p2a: Incineroar|12/100
|move|p2b: Corviknight|Roost|p2b: Corviknight
|-heal|p2b: Corviknight|77/100
|-singleturn|p2b: Corviknight|move: Roost
|move|p2a: Incineroar|Will-O-Wisp|p1a: Rillaboom
|-status|p1a: Rillaboom|brn
|move|p1b: Incineroar|Flare Blitz|p2b: Corviknight
|-supereffective|p2b: Corviknight
|-damage|p2b: Corviknight|7/100
|-damage|p1b: Incineroar|71/100|[from] Recoil
|
|-heal|p2b: Corviknight|13/100|[from] Grassy Terrain
|-heal|p2a: Incineroar|18/100|[from] Grassy Terrain
|-heal|p1b: Incineroar|77/100|[from] Grassy Terrain
|-damage|p1a: Rillaboom|95/100 brn|[from] brn
|upkeep
|turn|9
|
|t:|1756198824
|move|p1a: Rillaboom|Grassy Glide|p2b: Corviknight
|-resisted|p2b: Corviknight
|-damage|p2b: Corviknight|9/100
|move|p2b: Corviknight|Roost|p2b: Corviknight
|-heal|p2b: Corviknight|60/100
|-singleturn|p2b: Corviknight|move: Roost
|move|p2a: Incineroar|Parting Shot|p1b: Incineroar
|-unboost|p1b: Incineroar|atk|1
|-unboost|p1b: Incineroar|spa|1
|
|t:|1756198832
|switch|p2a: Garchomp|Garchomp, L50, M|100/100|[from] Parting Shot
|move|p1b: Incineroar|Knock Off|p2a: Garchomp
|-damage|p2a: Garchomp|79/100
|-damage|p1b: Incineroar|65/100|[from] ability: Rough Skin|[of] p2a: Garchomp
|-enditem|p2a: Garchomp|Clear Amulet|[from] move: Knock Off|[of] p1b: Incineroar
|
|-heal|p2a: Garchomp|85/100|[from] Grassy Terrain
|-heal|p2b: Corviknight|66/100|[from] Grassy Terrain
|-heal|p1a: Rillaboom|100/100 brn|[from] Grassy Terrain
|-heal|p1b: Incineroar|71/100|[from] Grassy Terrain
|-damage|p1a: Rillaboom|95/100 brn|[from] brn
|-fieldend|move: Grassy Terrain
|upkeep
|turn|10
|-message|mirokartdeluxe forfeited.
|
|win|Il mule
||mirokartdeluxe is ready for game 2.
|l|☆Il mule
|player|p2|
||Il mule is ready for game 2.
|uhtml|next|Next: Game 2 of 3
|j|☆Il mule
|player|p2|Il mule|salvatore|
