|j|☆pokemytle
|j|☆HeavenlyGodMK3
|html|pokemytleHeavenlyGodMK3    
|uhtml|bestof|Game 1 of a best-of-3
|t:|1784329382
|gametype|doubles
|player|p1|pokemytle|266|
|player|p2|HeavenlyGodMK3|170|
|gen|9
|tier|[Gen 9 Champions] VGC 2026 Reg M-B (Bo3)
|rule|Species Clause: Limit one of each Pokémon
|rule|Item Clause: Limit 1 of each item
|clearpoke
|poke|p1|Archaludon, L50, M|
|poke|p1|Basculegion, L50, M|
|poke|p1|Pelipper, L50, M|
|poke|p1|Maushold, L50|
|poke|p1|Swampert, L50, F|
|poke|p1|Talonflame, L50, M|
|poke|p2|Eelektross, L50, M|
|poke|p2|Whimsicott, L50, F|
|poke|p2|Aegislash, L50, M|
|poke|p2|Tsareena, L50, F|
|poke|p2|Zoroark, L50, M|
|poke|p2|Toxapex, L50, F|
|teampreview|4
|showteam|p1|Archaludon||SitrusBerry|Stamina|DracoMeteor,FlashCannon,Protect,ElectroShot|Naive||M|||50|]Basculegion||ChoiceScarf|Adaptability|WaveCrash,LastRespects,FlipTurn,AquaJet|Jolly||M|||50|]Pelipper||FocusSash|Drizzle|Tailwind,Surf,WeatherBall,Hurricane|Modest||M|||50|]Maushold||Leftovers|FriendGuard|Encore,Taunt,FollowMe,Substitute|Timid|||||50|]Swampert||Swampertite|Torrent|Earthquake,RockSlide,WaveCrash,Liquidation|Adamant||F|||50|]Talonflame||LifeOrb|FlameBody|BraveBird,FlameCharge,FlareBlitz,RainDance|Jolly||M|||50|
|showteam|p2|Eelektross||Eelektrossite|Levitate|Thunderbolt,Discharge,GigaDrain,Protect|Modest||M|||50|]Whimsicott||FocusSash|Prankster|Taunt,SunnyDay,Moonblast,Tailwind|Timid||F|||50|]Aegislash||KasibBerry|StanceChange|KingsShield,SwordsDance,SacredSword,ShadowSneak|Adamant||M|||50|]Tsareena||ChoiceScarf|QueenlyMajesty|HighJumpKick,PowerWhip,KnockOff,Uturn|Jolly||F|||50|]Zoroark||WideLens|Illusion|Detect,DarkPulse,FocusBlast,GrassKnot|Timid||M|||50|]Toxapex||Leftovers|Regenerator|BanefulBunker,Recover,Toxic,Infestation|Calm||F|||50|
|
|t:|1784329423
|teamsize|p1|4
|teamsize|p2|4
|start
|switch|p1a: Maushold|Maushold, L50|100/100
|switch|p1b: Talonflame|Talonflame, L50, M|100/100
|switch|p2a: Whimsicott|Whimsicott, L50, F|100/100
|switch|p2b: Eelektross|Eelektross, L50, M|100/100
|turn|1
|
|t:|1784329444
|move|p2b: Eelektross|Protect|p2b: Eelektross
|-singleturn|p2b: Eelektross|Protect
|move|p1a: Maushold|Follow Me|p1a: Maushold
|-singleturn|p1a: Maushold|move: Follow Me
|move|p2a: Whimsicott|Taunt|p1a: Maushold
|-start|p1a: Maushold|move: Taunt
|move|p1b: Talonflame|Flame Charge|p2a: Whimsicott
|-supereffective|p2a: Whimsicott|1
|-damage|p2a: Whimsicott|43/100
|-boost|p1b: Talonflame|spe|1
|-damage|p1b: Talonflame|90/100|[from] item: Life Orb
|
|upkeep
|turn|2
|
|t:|1784329472
|switch|p1b: Archaludon|Archaludon, L50, M|100/100
|detailschange|p2b: Eelektross|Eelektross-Mega, L50, M
|-mega|p2b: Eelektross|Eelektross|Eelektrossite
|move|p2a: Whimsicott|Tailwind|p2a: Whimsicott
|-sidestart|p2: HeavenlyGodMK3|move: Tailwind
|move|p2b: Eelektross|Thunderbolt|p1b: Archaludon
|-resisted|p1b: Archaludon|1
|-damage|p1b: Archaludon|66/100
|-ability|p1b: Archaludon|Stamina|boost
|-boost|p1b: Archaludon|def|1
|-activate|p1a: Maushold|move: Struggle
|move|p1a: Maushold|Struggle|p2b: Eelektross
|-damage|p2b: Eelektross|88/100
|-damage|p1a: Maushold|75/100|[from] recoil
|
|-heal|p1a: Maushold|81/100|[from] item: Leftovers
|upkeep
|turn|3
|
|t:|1784329494
|move|p2b: Eelektross|Protect|p2b: Eelektross
|-singleturn|p2b: Eelektross|Protect
|move|p1b: Archaludon|Protect|p1b: Archaludon
|-singleturn|p1b: Archaludon|Protect
|move|p2a: Whimsicott|Moonblast|p1b: Archaludon
|-activate|p1b: Archaludon|move: Protect
|-activate|p1a: Maushold|move: Struggle
|move|p1a: Maushold|Struggle|p2a: Whimsicott
|-damage|p2a: Whimsicott|33/100
|-damage|p1a: Maushold|56/100|[from] recoil
|
|-heal|p1a: Maushold|62/100|[from] item: Leftovers
|upkeep
|turn|4
|
|t:|1784329512
|move|p2a: Whimsicott|Moonblast|p1b: Archaludon
|-damage|p1b: Archaludon|29/100
|-ability|p1b: Archaludon|Stamina|boost
|-boost|p1b: Archaludon|def|1
|-enditem|p1b: Archaludon|Sitrus Berry|[eat]
|-heal|p1b: Archaludon|54/100|[from] item: Sitrus Berry
|move|p2b: Eelektross|Thunderbolt|p1b: Archaludon
|-resisted|p1b: Archaludon|1
|-damage|p1b: Archaludon|23/100
|-ability|p1b: Archaludon|Stamina|boost
|-boost|p1b: Archaludon|def|1
|-activate|p1a: Maushold|move: Struggle
|move|p1a: Maushold|Struggle|p2b: Eelektross
|-damage|p2b: Eelektross|78/100
|-damage|p1a: Maushold|37/100|[from] recoil
|move|p1b: Archaludon|Flash Cannon|p2a: Whimsicott
|-supereffective|p2a: Whimsicott|1
|-damage|p2a: Whimsicott|0 fnt
|faint|p2a: Whimsicott
|
|-heal|p1a: Maushold|43/100|[from] item: Leftovers
|-end|p1a: Maushold|move: Taunt
|upkeep
|
|t:|1784329531
|switch|p2a: Aegislash|Aegislash, L50, M|100/100
|turn|5
|
|t:|1784329540
|move|p1a: Maushold|Follow Me|p1a: Maushold
|-singleturn|p1a: Maushold|move: Follow Me
|move|p2b: Eelektross|Thunderbolt|p1a: Maushold
|-damage|p1a: Maushold|0 fnt
|faint|p1a: Maushold
|-ability|p2b: Eelektross|Eelevate|boost
|-boost|p2b: Eelektross|spa|1
|move|p2a: Aegislash|Swords Dance|p2a: Aegislash
|-boost|p2a: Aegislash|atk|2
|move|p1b: Archaludon|Draco Meteor|p2b: Eelektross
|-damage|p2b: Eelektross|0 fnt
|-unboost|p1b: Archaludon|spa|2
|faint|p2b: Eelektross
|
|-sideend|p2: HeavenlyGodMK3|move: Tailwind
|upkeep
|
|t:|1784329554
|switch|p1a: Pelipper|Pelipper, L50, M|100/100
|switch|p2b: Tsareena|Tsareena, L50, F|100/100
|-weather|RainDance|[from] ability: Drizzle|[of] p1a: Pelipper
|turn|6
|
|t:|1784329577
|switch|p1b: Talonflame|Talonflame, L50, M|90/100
|-formechange|p2a: Aegislash|Aegislash-Blade|
|move|p2a: Aegislash|Shadow Sneak|p1a: Pelipper
|-damage|p1a: Pelipper|43/100
|move|p2b: Tsareena|High Jump Kick|p1b: Talonflame
|-resisted|p1b: Talonflame|1
|-damage|p1b: Talonflame|58/100
|move|p1a: Pelipper|Tailwind|p1a: Pelipper
|-sidestart|p1: pokemytle|move: Tailwind
|
|-weather|RainDance|[upkeep]
|upkeep
|turn|7
|
|t:|1784329592
|-formechange|p2a: Aegislash|Aegislash|
|move|p2a: Aegislash|King's Shield|p2a: Aegislash
|-singleturn|p2a: Aegislash|Protect
|move|p1b: Talonflame|Flare Blitz|p2a: Aegislash
|-activate|p2a: Aegislash|move: Protect
|-unboost|p1b: Talonflame|atk|1
|move|p2b: Tsareena|High Jump Kick|p1b: Talonflame
|-resisted|p1b: Talonflame|1
|-damage|p1b: Talonflame|27/100
|move|p1a: Pelipper|Hurricane|p2b: Tsareena
|-supereffective|p2b: Tsareena|1
|-damage|p2b: Tsareena|0 fnt
|faint|p2b: Tsareena
|
|-weather|RainDance|[upkeep]
|upkeep
|turn|8
|
|t:|1784329614
|move|p1b: Talonflame|Flare Blitz|p2a: Aegislash
|-supereffective|p2a: Aegislash|1
|-damage|p2a: Aegislash|71/100
|-damage|p1b: Talonflame|16/100|[from] Recoil
|-damage|p1b: Talonflame|7/100|[from] item: Life Orb
|move|p1a: Pelipper|Hurricane|p2a: Aegislash
|-resisted|p2a: Aegislash|1
|-crit|p2a: Aegislash
|-damage|p2a: Aegislash|43/100
|-formechange|p2a: Aegislash|Aegislash-Blade|
|move|p2a: Aegislash|Sacred Sword|p1b: Talonflame
|-resisted|p1b: Talonflame|1
|-damage|p1b: Talonflame|0 fnt
|faint|p1b: Talonflame
|
|-weather|RainDance|[upkeep]
|upkeep
|
|t:|1784329627
|switch|p1b: Archaludon|Archaludon, L50, M|23/100
|turn|9
|
|t:|1784329632
|move|p1b: Archaludon|Protect|p1b: Archaludon
|-singleturn|p1b: Archaludon|Protect
|-formechange|p2a: Aegislash|Aegislash|
|move|p2a: Aegislash|King's Shield|p2a: Aegislash
|-singleturn|p2a: Aegislash|Protect
|move|p1a: Pelipper|Tailwind||[still]
|-fail|p1a: Pelipper
|
|-weather|RainDance|[upkeep]
|-sideend|p1: pokemytle|move: Tailwind
|upkeep
|turn|10
|
|t:|1784329662
|-formechange|p2a: Aegislash|Aegislash-Blade|
|move|p2a: Aegislash|Shadow Sneak|p1b: Archaludon
|-damage|p1b: Archaludon|0 fnt
|faint|p1b: Archaludon
|move|p1a: Pelipper|Hurricane|p2a: Aegislash
|-resisted|p2a: Aegislash|1
|-damage|p2a: Aegislash|0 fnt
|faint|p2a: Aegislash
|
|win|pokemytle
