|j|☆darkzerocl
|j|☆etocud
|html|darkzerocletocud    
|uhtml|bestof|Game 2 of a best-of-3
|t:|1756691913
|gametype|doubles
|player|p1|darkzerocl|roughneck|1051
|player|p2|etocud|clair|1034
|gen|9
|tier|[Gen 9] VGC 2025 Reg H (Bo3)
|rated|
|rule|Species Clause: Limit one of each Pokémon
|rule|Item Clause: Limit 1 of each item
|clearpoke
|poke|p1|Kingambit, L50, M|
|poke|p1|Rillaboom, L50, F|
|poke|p1|Electabuzz, L50, F|
|poke|p1|Volcarona, L50, M|
|poke|p1|Sneasler, L50, F|
|poke|p1|Dragonite, L50, M|
|poke|p2|Ursaluna, L50, F|
|poke|p2|Indeedee-F, L50, F|
|poke|p2|Exeggutor, L50, M|
|poke|p2|Torkoal, L50, M|
|poke|p2|Gallade, L50, M|
|poke|p2|Zoroark-Hisui, L50, F|
|teampreview|4
|showteam|p1|Kingambit||BlackGlasses|Defiant|Protect,KowtowCleave,SuckerPunch,SwordsDance|||M|||50|,,,,,Dark]Rillaboom||AssaultVest|GrassySurge|WoodHammer,GrassyGlide,HighHorsepower,FakeOut|||F|||50|,,,,,Fire]Electabuzz||Eviolite|VitalSpirit|Protect,Thunderbolt,Taunt,FollowMe|||F|||50|,,,,,Ghost]Volcarona||CovertCloak|FlameBody|Protect,HeatWave,TeraBlast,QuiverDance|||M|||50|,,,,,Fire]Sneasler||FocusSash|Unburden|CloseCombat,DireClaw,Coaching,FakeOut|||F|||50|,,,,,Stellar]Dragonite||LoadedDice|Multiscale|ScaleShot,Tailwind,Haze,Protect|||M|||50|,,,,,Fairy
|showteam|p2|Ursaluna||FlameOrb|Guts|Protect,Facade,Earthquake,HeadlongRush|||F|||50|,,,,,Ghost]Indeedee-F||PsychicSeed|PsychicSurge|TrickRoom,Psychic,FollowMe,HelpingHand|||F|||50|,,,,,Grass]Exeggutor||FocusSash|Chlorophyll|ExpandingForce,EnergyBall,SleepPowder,TrickRoom|||M|||50|,,,,,Psychic]Torkoal||Charcoal|Drought|Eruption,ClearSmog,Protect,WeatherBall|||M|||50|,,,,,Fire]Gallade||ClearAmulet|Sharpness|PsychoCut,TrickRoom,WideGuard,SacredSword|||M|||50|,,,,,Fire]Zoroark-Hisui||ChoiceSpecs|Illusion|HyperVoice,Flamethrower,ShadowBall,TeraBlast|||F|||50|,,,,,Stellar
|inactive|Battle timer is ON: inactive players will automatically lose when time's up. (requested by etocud)
|inactive|darkzerocl has 60 seconds left.
|
|t:|1756691953
|teamsize|p1|4
|teamsize|p2|4
|start
|switch|p1a: Electabuzz|Electabuzz, L50, F|100/100
|switch|p1b: Rillaboom|Rillaboom, L50, F|100/100
|switch|p2a: Indeedee|Indeedee-F, L50, F|100/100
|switch|p2b: Ursaluna|Ursaluna, L50, F|100/100
|-fieldstart|move: Grassy Terrain|[from] ability: Grassy Surge|[of] p1b: Rillaboom
|-fieldstart|move: Psychic Terrain|[from] ability: Psychic Surge|[of] p2a: Indeedee
|-enditem|p2a: Indeedee|Psychic Seed
|-boost|p2a: Indeedee|spd|1|[from] item: Psychic Seed
|turn|1
|
|t:|1756691977
|switch|p2a: Gallade|Gallade, L50, M|100/100
|move|p2b: Ursaluna|Protect|p2b: Ursaluna
|-singleturn|p2b: Ursaluna|Protect
|move|p1a: Electabuzz|Taunt|p2a: Gallade
|-start|p2a: Gallade|move: Taunt
|move|p1b: Rillaboom|Wood Hammer|p2b: Ursaluna
|-activate|p2b: Ursaluna|move: Protect
|
|-status|p2b: Ursaluna|brn|[from] item: Flame Orb
|upkeep
|turn|2
|inactive|darkzerocl has 30 seconds left.
|inactive|darkzerocl has 20 seconds left.
|inactive|darkzerocl has 15 seconds left.
|
|t:|1756692021
|switch|p2b: Indeedee|Indeedee-F, L50, F|100/100
|move|p1a: Electabuzz|Protect|p1a: Electabuzz
|-singleturn|p1a: Electabuzz|Protect
|move|p1b: Rillaboom|Wood Hammer|p2b: Indeedee
|-damage|p2b: Indeedee|51/100
|-damage|p1b: Rillaboom|86/100|[from] Recoil
|move|p2a: Gallade|Psycho Cut|p1a: Electabuzz
|-activate|p1a: Electabuzz|move: Protect
|
|upkeep
|turn|3
|
|t:|1756692045
|move|p1a: Electabuzz|Taunt|p2b: Indeedee
|-start|p2b: Indeedee|move: Taunt
|move|p1b: Rillaboom|High Horsepower|p2a: Gallade
|-damage|p2a: Gallade|61/100
|move|p2b: Indeedee|Psychic|p1b: Rillaboom
|-damage|p1b: Rillaboom|58/100
|move|p2a: Gallade|Psycho Cut|p1b: Rillaboom
|-damage|p1b: Rillaboom|0 fnt
|faint|p1b: Rillaboom
|
|-end|p2a: Gallade|move: Taunt
|upkeep
|inactive|darkzerocl has 30 seconds left.
|
|t:|1756692076
|switch|p1b: Volcarona|Volcarona, L50, M|100/100
|turn|4
|inactive|darkzerocl has 30 seconds left.
|inactive|darkzerocl has 20 seconds left.
|inactive|darkzerocl has 15 seconds left.
|inactive|darkzerocl has 10 seconds left.
|
|t:|1756692126
|-terastallize|p1b: Volcarona|Fire
|move|p1b: Volcarona|Tera Blast|p2b: Indeedee|[anim] Tera Blast Fire
|-damage|p2b: Indeedee|0 fnt
|faint|p2b: Indeedee
|move|p1a: Electabuzz|Taunt|p2a: Gallade
|-start|p2a: Gallade|move: Taunt
|cant|p2a: Gallade|move: Taunt|Trick Room
|
|upkeep
|
|t:|1756692133
|switch|p2b: Ursaluna|Ursaluna, L50, F|100/100 brn
|turn|5
|
|t:|1756692155
|move|p1a: Electabuzz|Follow Me|p1a: Electabuzz
|-singleturn|p1a: Electabuzz|move: Follow Me
|move|p1b: Volcarona|Tera Blast|p2b: Ursaluna|[anim] Tera Blast Fire
|-crit|p2b: Ursaluna
|-damage|p2b: Ursaluna|31/100 brn
|move|p2a: Gallade|Psycho Cut|p1a: Electabuzz
|-damage|p1a: Electabuzz|32/100
|move|p2b: Ursaluna|Earthquake|p1b: Volcarona|[spread] p2a,p1a,p1b
|-supereffective|p1a: Electabuzz
|-supereffective|p1b: Volcarona
|-damage|p2a: Gallade|0 fnt
|-damage|p1a: Electabuzz|0 fnt
|-damage|p1b: Volcarona|0 fnt
|faint|p2a: Gallade
|faint|p1a: Electabuzz
|faint|p1b: Volcarona
|
|-damage|p2b: Ursaluna|25/100 brn|[from] brn
|-fieldend|move: Psychic Terrain
|upkeep
|
|t:|1756692174
|switch|p1a: Sneasler|Sneasler, L50, F|100/100
|switch|p2a: Torkoal|Torkoal, L50, M|100/100
|-weather|SunnyDay|[from] ability: Drought|[of] p2a: Torkoal
|turn|6
|inactive|darkzerocl has 30 seconds left.
|
|t:|1756692206
|move|p1a: Sneasler|Dire Claw|p2b: Ursaluna
|-resisted|p2b: Ursaluna
|-damage|p2b: Ursaluna|10/100 brn
|move|p2b: Ursaluna|Facade|p1a: Sneasler
|-enditem|p1a: Sneasler|Focus Sash
|-damage|p1a: Sneasler|1/100
|move|p2a: Torkoal|Weather Ball|p1a: Sneasler
|-damage|p1a: Sneasler|0 fnt
|faint|p1a: Sneasler
|
|win|etocud
|raw|darkzerocl's rating: 1051 → 1032(-19 for losing)
|raw|etocud's rating: 1034 → 1071(+37 for winning)
