|j|☆RadonVGC
|j|☆Flipsicle
|html|RadonVGCFlipsicle    
|uhtml|bestof|Game 3 of a best-of-3
|t:|1783531262
|gametype|doubles
|player|p1|RadonVGC|aaron|
|player|p2|Flipsicle|elesa-masters|
|gen|9
|tier|[Gen 9 Champions] VGC 2026 Reg M-B (Bo3)
|rule|Species Clause: Limit one of each Pokémon
|rule|Item Clause: Limit 1 of each item
|clearpoke
|poke|p1|Venusaur, L50, F|
|poke|p1|Incineroar, L50, F|
|poke|p1|Rotom-Wash, L50|
|poke|p1|Gholdengo, L50|
|poke|p1|Dragonite, L50, M|
|poke|p1|Floette-Eternal, L50, F|
|poke|p2|Delphox, L50, F|
|poke|p2|Blastoise, L50, M|
|poke|p2|Sneasler, L50, F|
|poke|p2|Incineroar, L50, M|
|poke|p2|Kingambit, L50, M|
|poke|p2|Sinistcha, L50|
|teampreview|4
|showteam|p1|Venusaur||Venusaurite|Overgrow|SludgeBomb,GigaDrain,EarthPower,Protect|Modest||F|||50|]Incineroar||ShucaBerry|Intimidate|FakeOut,PartingShot,FlareBlitz,ThroatChop|Impish||F|||50|]Rotom-Wash||SitrusBerry|Levitate|HydroPump,WillOWisp,VoltSwitch,Protect|Modest|||||50|]Gholdengo||LifeOrb|GoodasGold|NastyPlot,MakeItRain,ShadowBall,Protect|Modest|||||50|]Dragonite||DragonFang|Multiscale|DragonClaw,LowKick,Tailwind,Protect|Adamant||M|||50|]Floette-Eternal||Floettite|FlowerVeil|Moonblast,DazzlingGleam,LightofRuin,Protect|Modest||F|||50|
|showteam|p2|Delphox||Delphoxite|Blaze|HeatWave,Psyshock,NastyPlot,Protect|Timid||F|||50|]Blastoise||Blastoisinite|RainDish|WaterSpout,DarkPulse,ShellSmash,Protect|Modest||M|||50|]Sneasler||FocusSash|PoisonTouch|CloseCombat,PoisonJab,QuickGuard,FakeOut|Jolly||F|||50|]Incineroar||SitrusBerry|Intimidate|FakeOut,FlareBlitz,ThroatChop,PartingShot|Impish||M|||50|]Kingambit||BlackGlasses|Defiant|Protect,KowtowCleave,SuckerPunch,SwordsDance|Adamant||M|||50|]Sinistcha||KasibBerry|Hospitality|Protect,MatchaGotcha,TrickRoom,RagePowder|Bold|||||50|
|inactive|Battle timer is ON: inactive players will automatically lose when time's up. (requested by RadonVGC)
|c|☆Flipsicle|glhf
|c|☆RadonVGC|u2
|inactiveoff|Battle timer is now OFF.
|
|t:|1783531321
|teamsize|p1|4
|teamsize|p2|4
|start
|switch|p1a: Dragonite|Dragonite, L50, M|100/100
|switch|p1b: Incineroar|Incineroar, L50, F|100/100
|switch|p2a: Delphox|Delphox, L50, F|100/100
|switch|p2b: Incineroar|Incineroar, L50, M|100/100
|-ability|p2b: Incineroar|Intimidate|boost
|-unboost|p1a: Dragonite|atk|1
|-unboost|p1b: Incineroar|atk|1
|-ability|p1b: Incineroar|Intimidate|boost
|-unboost|p2a: Delphox|atk|1
|-unboost|p2b: Incineroar|atk|1
|turn|1
|
|t:|1783531340
|detailschange|p2a: Delphox|Delphox-Mega, L50, F
|-mega|p2a: Delphox|Delphox|Delphoxite
|move|p2b: Incineroar|Fake Out|p1b: Incineroar
|-damage|p1b: Incineroar|93/100
|cant|p1b: Incineroar|flinch
|move|p2a: Delphox|Nasty Plot|p2a: Delphox
|-boost|p2a: Delphox|spa|2
|move|p1a: Dragonite|Tailwind|p1a: Dragonite
|-sidestart|p1: RadonVGC|move: Tailwind
|
|upkeep
|turn|2
|
|t:|1783531369
|switch|p2b: Sneasler|Sneasler, L50, F|100/100
|move|p1a: Dragonite|Dragon Claw|p2a: Delphox
|-damage|p2a: Delphox|50/100g
|move|p2a: Delphox|Psyshock|p1a: Dragonite
|-damage|p1a: Dragonite|48/100
|move|p1b: Incineroar|Parting Shot|p2a: Delphox
|-unboost|p2a: Delphox|atk|1
|-unboost|p2a: Delphox|spa|1
|
|t:|1783531376
|switch|p1b: Gholdengo|Gholdengo, L50|100/100|[from] Parting Shot
|
|upkeep
|turn|3
|
|t:|1783531414
|switch|p1a: Incineroar|Incineroar, L50, F|93/100
|-ability|p1a: Incineroar|Intimidate|boost
|-unboost|p2a: Delphox|atk|1
|-unboost|p2b: Sneasler|atk|1
|switch|p2b: Sinistcha|Sinistcha, L50|100/100
|-heal|p2a: Delphox|75/100|[from] ability: Hospitality|[of] p2b: Sinistcha
|move|p1b: Gholdengo|Protect|p1b: Gholdengo
|-singleturn|p1b: Gholdengo|Protect
|move|p2a: Delphox|Protect||[still]
|-fail|p2a: Delphox
|
|upkeep
|turn|4
|
|t:|1783531438
|move|p1a: Incineroar|Fake Out|p2a: Delphox
|-damage|p2a: Delphox|62/100
|move|p2b: Sinistcha|Rage Powder|p2b: Sinistcha
|-singleturn|p2b: Sinistcha|move: Rage Powder
|move|p1b: Gholdengo|Shadow Ball|p2b: Sinistcha
|-supereffective|p2b: Sinistcha|1
|-enditem|p2b: Sinistcha|Kasib Berry|[eat]
|-enditem|p2b: Sinistcha|Kasib Berry|[weaken]
|-damage|p2b: Sinistcha|41/100
|-damage|p1b: Gholdengo|90/100|[from] item: Life Orb
|cant|p2a: Delphox|flinch
|
|-sideend|p1: RadonVGC|move: Tailwind
|upkeep
|turn|5
|
|t:|1783531451
|switch|p2b: Incineroar|Incineroar, L50, M|100/100
|-ability|p2b: Incineroar|Intimidate|boost
|-unboost|p1a: Incineroar|atk|1
|-unboost|p1b: Gholdengo|atk|1
|move|p2a: Delphox|Protect|p2a: Delphox
|-singleturn|p2a: Delphox|Protect
|move|p1b: Gholdengo|Protect|p1b: Gholdengo
|-singleturn|p1b: Gholdengo|Protect
|move|p1a: Incineroar|Parting Shot|p2a: Delphox
|-activate|p2a: Delphox|move: Protect
|
|upkeep
|turn|6
|
|t:|1783531485
|switch|p1b: Venusaur|Venusaur, L50, F|100/100
|move|p2a: Delphox|Heat Wave|p1a: Incineroar|[spread] p1a,p1b
|-resisted|p1a: Incineroar|1
|-supereffective|p1b: Venusaur|1
|-damage|p1a: Incineroar|69/100
|-damage|p1b: Venusaur|6/100
|move|p2b: Incineroar|Parting Shot|p1b: Venusaur
|-unboost|p1b: Venusaur|atk|1
|-unboost|p1b: Venusaur|spa|1
|
|t:|1783531493
|switch|p2b: Sneasler|Sneasler, L50, F|100/100|[from] Parting Shot
|move|p1a: Incineroar|Parting Shot|p2a: Delphox
|-unboost|p2a: Delphox|atk|1
|-unboost|p2a: Delphox|spa|1
|
|t:|1783531501
|switch|p1a: Dragonite|Dragonite, L50, M|48/100|[from] Parting Shot
|
|upkeep
|turn|7
|
|t:|1783531531
|switch|p1b: Incineroar|Incineroar, L50, F|69/100
|-ability|p1b: Incineroar|Intimidate|boost
|-unboost|p2a: Delphox|atk|1
|-unboost|p2b: Sneasler|atk|1
|move|p1a: Dragonite|Protect|p1a: Dragonite
|-singleturn|p1a: Dragonite|Protect
|move|p2a: Delphox|Heat Wave|p1b: Incineroar|[spread] p1b
|-activate|p1a: Dragonite|move: Protect
|-resisted|p1b: Incineroar|1
|-damage|p1b: Incineroar|52/100
|move|p2b: Sneasler|Poison Jab|p1a: Dragonite
|-activate|p1a: Dragonite|move: Protect
|
|upkeep
|turn|8
|
|t:|1783531559
|switch|p2b: Incineroar|Incineroar, L50, M|100/100
|-ability|p2b: Incineroar|Intimidate|boost
|-unboost|p1a: Dragonite|atk|1
|-unboost|p1b: Incineroar|atk|1
|move|p2a: Delphox|Protect|p2a: Delphox
|-singleturn|p2a: Delphox|Protect
|move|p1b: Incineroar|Fake Out|p2a: Delphox
|-activate|p2a: Delphox|move: Protect
|move|p1a: Dragonite|Tailwind|p1a: Dragonite
|-sidestart|p1: RadonVGC|move: Tailwind
|
|upkeep
|turn|9
|c|☆RadonVGC|9 turns and no kos
|c|☆RadonVGC|mad work
|
|t:|1783531603
|move|p1a: Dragonite|Protect|p1a: Dragonite
|-singleturn|p1a: Dragonite|Protect
|move|p2b: Incineroar|Fake Out|p1b: Incineroar
|-damage|p1b: Incineroar|43/100
|move|p2a: Delphox|Nasty Plot|p2a: Delphox
|-boost|p2a: Delphox|spa|2
|cant|p1b: Incineroar|flinch
|
|upkeep
|turn|10
|
|t:|1783531625
|switch|p2b: Sinistcha|Sinistcha, L50|41/100
|-heal|p2a: Delphox|87/100|[from] ability: Hospitality|[of] p2b: Sinistcha
|move|p1a: Dragonite|Dragon Claw|p2b: Sinistcha
|-damage|p2b: Sinistcha|12/100
|move|p2a: Delphox|Nasty Plot|p2a: Delphox
|-boost|p2a: Delphox|spa|2
|move|p1b: Incineroar|Flare Blitz|p2b: Sinistcha
|-supereffective|p2b: Sinistcha|1
|-damage|p2b: Sinistcha|0 fnt
|faint|p2b: Sinistcha
|-damage|p1b: Incineroar|39/100|[from] Recoil
|
|upkeep
|
|t:|1783531640
|switch|p2b: Incineroar|Incineroar, L50, M|100/100
|-ability|p2b: Incineroar|Intimidate|boost
|-unboost|p1a: Dragonite|atk|1
|-unboost|p1b: Incineroar|atk|1
|turn|11
|
|t:|1783531655
|move|p2b: Incineroar|Fake Out|p1b: Incineroar
|-damage|p1b: Incineroar|30/100
|move|p1a: Dragonite|Dragon Claw|p2a: Delphox
|-damage|p2a: Delphox|54/100
|move|p2a: Delphox|Heat Wave|p1a: Dragonite|[spread] p1b
|-miss|p2a: Delphox|p1a: Dragonite
|-resisted|p1b: Incineroar|1
|-damage|p1b: Incineroar|0 fnt
|faint|p1b: Incineroar
|
|-sideend|p1: RadonVGC|move: Tailwind
|upkeep
|
|t:|1783531667
|switch|p1b: Gholdengo|Gholdengo, L50|90/100
|turn|12
|
|t:|1783531696
|move|p2a: Delphox|Heat Wave|p1a: Dragonite|[spread] p1a,p1b
|-resisted|p1a: Dragonite|1
|-supereffective|p1b: Gholdengo|1
|-damage|p1a: Dragonite|0 fnt
|-damage|p1b: Gholdengo|0 fnt
|faint|p1a: Dragonite
|faint|p1b: Gholdengo
|move|p2b: Incineroar|Flare Blitz|p1: Dragonite|[notarget]
|-fail|p2b: Incineroar
|
|upkeep
|c|☆RadonVGC|gg
|
|t:|1783531701
|switch|p1b: Venusaur|Venusaur, L50, F|6/100
|turn|13
|c|☆Flipsicle|gg
|
|t:|1783531706
|detailschange|p1b: Venusaur|Venusaur-Mega, L50, F
|-mega|p1b: Venusaur|Venusaur|Venusaurite
|move|p2a: Delphox|Psyshock|p1b: Venusaur
|-supereffective|p1b: Venusaur|1
|-damage|p1b: Venusaur|0 fnt
|faint|p1b: Venusaur
|
|win|Flipsicle
|l|☆RadonVGC
|player|p1|
