|j|☆babysha
|j|☆magicalarcher57
|html|babyshamagicalarcher57    
|uhtml|bestof|Game 1 of a best-of-3
|t:|1784656175
|gametype|doubles
|player|p1|babysha|102|1126
|player|p2|magicalarcher57|diantha|1247
|gen|9
|tier|[Gen 9 Champions] VGC 2026 Reg M-B (Bo3)
|rated|
|rule|Species Clause: Limit one of each Pokémon
|rule|Item Clause: Limit 1 of each item
|clearpoke
|poke|p1|Tyranitar, L50, F|
|poke|p1|Archaludon, L50, M|
|poke|p1|Sinistcha, L50|
|poke|p1|Swampert, L50, F|
|poke|p1|Sneasler, L50, F|
|poke|p1|Pelipper, L50, M|
|poke|p2|Vanilluxe, L50, M|
|poke|p2|Raichu, L50, F|
|poke|p2|Whimsicott, L50, M|
|poke|p2|Garchomp, L50, M|
|poke|p2|Kingambit, L50, M|
|poke|p2|Sneasler, L50, M|
|teampreview|4
|showteam|p1|Tyranitar||Tyranitarite|SandStream|DragonDance,RockSlide,KnockOff,Protect|Jolly||F|||50|]Archaludon||ShucaBerry|Stamina|ElectroShot,FlashCannon,DragonPulse,Protect|Serious||M|||50|]Sinistcha||CobaBerry|Hospitality|RagePowder,MatchaGotcha,Imprison,TrickRoom|Serious|||||50|]Swampert||Swampertite|Torrent|WaveCrash,Earthquake,IcePunch,Protect|Adamant||F|||50|]Sneasler||WhiteHerb|Unburden|FakeOut,ThroatChop,DireClaw,CloseCombat|Adamant||F|||50|]Pelipper||FocusSash|Drizzle|Tailwind,Hurricane,WeatherBall,Protect|Modest||M|||50|
|showteam|p2|Vanilluxe||ChoiceScarf|SnowWarning|FreezeDry,Blizzard,IcyWind,WeatherBall|Timid||M|||50|]Raichu||RaichuniteY|LightningRod|FakeOut,ZapCannon,FocusBlast,Protect|Timid||F|||50|]Whimsicott||FocusSash|Prankster|Tailwind,Moonblast,Encore,Protect|Timid||M|||50|]Garchomp||LifeOrb|RoughSkin|Earthquake,DragonClaw,StompingTantrum,Protect|Jolly||M|||50|]Kingambit||BlackGlasses|Defiant|KowtowCleave,IronHead,SuckerPunch,Protect|Brave||M|||50|]Sneasler||WhiteHerb|Unburden|CloseCombat,FakeOut,DireClaw,Protect|Adamant||M|||50|
|inactive|Battle timer is ON: inactive players will automatically lose when time's up. (requested by magicalarcher57)
|inactive|babysha also wants the timer to be on.
|inactive|magicalarcher57 has 60 seconds left.
|
|t:|1784656207
|teamsize|p1|4
|teamsize|p2|4
|start
|switch|p1a: Pelipper|Pelipper, L50, M|100/100
|switch|p1b: Sneasler|Sneasler, L50, F|100/100
|switch|p2a: Whimsicott|Whimsicott, L50, M|100/100
|switch|p2b: Sneasler|Sneasler, L50, M|100/100
|-weather|RainDance|[from] ability: Drizzle|[of] p1a: Pelipper
|turn|1
|
|t:|1784656224
|move|p2b: Sneasler|Fake Out|p1a: Pelipper
|-damage|p1a: Pelipper|79/100
|move|p2a: Whimsicott|Tailwind|p2a: Whimsicott
|-sidestart|p2: magicalarcher57|move: Tailwind
|move|p1b: Sneasler|Dire Claw|p2a: Whimsicott
|-supereffective|p2a: Whimsicott|2
|-enditem|p2a: Whimsicott|Focus Sash
|-damage|p2a: Whimsicott|1/100
|cant|p1a: Pelipper|flinch
|
|-weather|RainDance|[upkeep]
|upkeep
|turn|2
|
|t:|1784656247
|move|p2a: Whimsicott|Moonblast|p1b: Sneasler
|-damage|p1b: Sneasler|52/100
|move|p2b: Sneasler|Close Combat|p1b: Sneasler
|-resisted|p1b: Sneasler|1
|-damage|p1b: Sneasler|0 fnt
|-unboost|p2b: Sneasler|def|1
|-unboost|p2b: Sneasler|spd|1
|faint|p1b: Sneasler
|-enditem|p2b: Sneasler|White Herb
|-clearnegativeboost|p2b: Sneasler|[silent]
|move|p1a: Pelipper|Hurricane|p2b: Sneasler
|-supereffective|p2b: Sneasler|1
|-damage|p2b: Sneasler|0 fnt
|faint|p2b: Sneasler
|
|-weather|RainDance|[upkeep]
|upkeep
|inactive|magicalarcher57 has 30 seconds left.
|
|t:|1784656274
|switch|p2b: Garchomp|Garchomp, L50, M|100/100
|switch|p1b: Swampert|Swampert, L50, F|100/100
|turn|3
|
|t:|1784656287
|detailschange|p1b: Swampert|Swampert-Mega, L50, F
|-mega|p1b: Swampert|Swampert|Swampertite
|move|p2a: Whimsicott|Moonblast|p1a: Pelipper
|-damage|p1a: Pelipper|24/100
|move|p2b: Garchomp|Dragon Claw|p1a: Pelipper
|-damage|p1a: Pelipper|0 fnt
|faint|p1a: Pelipper
|-damage|p2b: Garchomp|90/100|[from] item: Life Orb
|move|p1b: Swampert|Ice Punch|p2b: Garchomp
|-supereffective|p2b: Garchomp|2
|-damage|p2b: Garchomp|0 fnt
|-damage|p1b: Swampert|87/100|[from] ability: Rough Skin|[of] p2b: Garchomp
|faint|p2b: Garchomp
|
|-weather|RainDance|[upkeep]
|upkeep
|
|t:|1784656302
|switch|p2b: Vanilluxe|Vanilluxe, L50, M|100/100
|switch|p1a: Archaludon|Archaludon, L50, M|100/100
|-weather|Snowscape|[from] ability: Snow Warning|[of] p2b: Vanilluxe
|turn|4
|
|t:|1784656313
|move|p2b: Vanilluxe|Blizzard|p1b: Swampert|[spread] p1a,p1b
|-damage|p1a: Archaludon|43/100
|-damage|p1b: Swampert|50/100g
|-ability|p1a: Archaludon|Stamina|boost
|-boost|p1a: Archaludon|def|1
|move|p2a: Whimsicott|Moonblast|p1a: Archaludon
|-damage|p1a: Archaludon|0 fnt
|faint|p1a: Archaludon
|move|p1b: Swampert|Ice Punch|p2a: Whimsicott
|-supereffective|p2a: Whimsicott|1
|-damage|p2a: Whimsicott|0 fnt
|faint|p2a: Whimsicott
|
|-weather|Snowscape|[upkeep]
|-sideend|p2: magicalarcher57|move: Tailwind
|upkeep
|turn|5
|
|t:|1784656331
|move|p2b: Vanilluxe|Blizzard|p1b: Swampert
|-damage|p1b: Swampert|2/100
|move|p1b: Swampert|Wave Crash|p2b: Vanilluxe
|-damage|p2b: Vanilluxe|28/100
|-damage|p1b: Swampert|0 fnt|[from] Recoil
|faint|p1b: Swampert
|
|win|magicalarcher57
