|j|☆DISSSSS
|j|☆Frakub
|html|DISSSSSFrakub    
|uhtml|bestof|Game 2 of a best-of-3
|t:|1756377874
|gametype|doubles
|player|p1|DISSSSS|flannery|1108
|player|p2|Frakub|acetrainer-gen4dp|1217
|gen|9
|tier|[Gen 9] VGC 2025 Reg H (Bo3)
|rated|
|rule|Species Clause: Limit one of each Pokémon
|rule|Item Clause: Limit 1 of each item
|clearpoke
|poke|p1|Dragapult, L50, F|
|poke|p1|Volcarona, L50, F|
|poke|p1|Whimsicott, L50, M|
|poke|p1|Electabuzz, L50, M|
|poke|p1|Sneasler, L50, F|
|poke|p1|Primarina, L50, M|
|poke|p2|Kingambit, L50, M|
|poke|p2|Rillaboom, L50, F|
|poke|p2|Ninetales-Alola, L50, F|
|poke|p2|Dragonite, L50, M|
|poke|p2|Magmar, L50, M|
|poke|p2|Sneasler, L50, F|
|teampreview|4
|showteam|p1|Dragapult||ChoiceBand|ClearBody|DragonDarts,Outrage,PhantomForce,Uturn|||F|||50|,,,,,Dragon]Volcarona||Leftovers|FlameBody|HeatWave,QuiverDance,Protect,TeraBlast|||F|||50|,,,,,Fairy]Whimsicott||CovertCloak|Prankster|Tailwind,Encore,Moonblast,Taunt|||M|||50|,,,,,Ghost]Electabuzz||Eviolite|VitalSpirit|Electroweb,HelpingHand,Protect,FollowMe|||M|||50|,,,,,Ghost]Sneasler||WhiteHerb|Unburden|FakeOut,DireClaw,CloseCombat,Protect|||F|||50|,,,,,Ghost]Primarina||SafetyGoggles|LiquidVoice|HyperVoice,Moonblast,Haze,Protect|||M|||50|,,,,,Poison
|showteam|p2|Kingambit||BlackGlasses|Defiant|KowtowCleave,SuckerPunch,SwordsDance,Protect|||M|||50|,,,,,Dark]Rillaboom||AssaultVest|GrassySurge|WoodHammer,GrassyGlide,HighHorsepower,FakeOut|||F|||50|,,,,,Fire]Ninetales-Alola||LightClay|SnowWarning|Blizzard,FreezeDry,Protect,AuroraVeil|||F|||50|,,,,,Ghost]Dragonite||LoadedDice|Multiscale|ScaleShot,ExtremeSpeed,Haze,Protect|||M|||50|,,,,,Steel]Magmar||Eviolite|VitalSpirit|Taunt,Overheat,FollowMe,Protect|||M|||50|,,,,,Ghost]Sneasler||FocusSash|PoisonTouch|FakeOut,DireClaw,CloseCombat,Protect|||F|||50|,,,,,Ghost
|inactive|Battle timer is ON: inactive players will automatically lose when time's up. (requested by Frakub)
|inactive|DISSSSS also wants the timer to be on.
|inactive|DISSSSS has 60 seconds left.
|
|t:|1756377919
|teamsize|p1|4
|teamsize|p2|4
|start
|switch|p1a: Volcarona|Volcarona, L50, F|100/100
|switch|p1b: Sneasler|Sneasler, L50, F|100/100
|switch|p2a: Dragonite|Dragonite, L50, M|100/100
|switch|p2b: Sneasler|Sneasler, L50, F|100/100
|turn|1
|
|t:|1756377941
|move|p2b: Sneasler|Fake Out|p1a: Volcarona
|-damage|p1a: Volcarona|84/100
|move|p1b: Sneasler|Fake Out|p2a: Dragonite
|-damage|p2a: Dragonite|92/100
|cant|p1a: Volcarona|flinch
|cant|p2a: Dragonite|flinch
|
|-heal|p1a: Volcarona|91/100|[from] item: Leftovers
|upkeep
|turn|2
|
|t:|1756377953
|move|p2a: Dragonite|Protect|p2a: Dragonite
|-singleturn|p2a: Dragonite|Protect
|move|p2b: Sneasler|Dire Claw|p1a: Volcarona
|-damage|p1a: Volcarona|40/100
|move|p1b: Sneasler|Dire Claw|p2a: Dragonite
|-activate|p2a: Dragonite|move: Protect
|move|p1a: Volcarona|Quiver Dance|p1a: Volcarona
|-boost|p1a: Volcarona|spa|1
|-boost|p1a: Volcarona|spd|1
|-boost|p1a: Volcarona|spe|1
|
|-heal|p1a: Volcarona|46/100|[from] item: Leftovers
|upkeep
|turn|3
|inactive|DISSSSS has 30 seconds left.
|
|t:|1756377980
|switch|p2a: Magmar|Magmar, L50, M|100/100
|move|p1a: Volcarona|Heat Wave|p2a: Magmar|[spread] p2a,p2b
|-resisted|p2a: Magmar
|-damage|p2a: Magmar|81/100
|-damage|p2b: Sneasler|24/100
|move|p2b: Sneasler|Dire Claw|p1a: Volcarona
|-damage|p1a: Volcarona|0 fnt
|faint|p1a: Volcarona
|move|p1b: Sneasler|Close Combat|p2b: Sneasler
|-resisted|p2b: Sneasler
|-damage|p2b: Sneasler|0 fnt
|-unboost|p1b: Sneasler|def|1
|-unboost|p1b: Sneasler|spd|1
|faint|p2b: Sneasler
|-enditem|p1b: Sneasler|White Herb
|-clearnegativeboost|p1b: Sneasler|[silent]
|
|upkeep
|
|t:|1756377995
|switch|p2b: Dragonite|Dragonite, L50, M|92/100
|switch|p1a: Primarina|Primarina, L50, M|100/100
|turn|4
|
|t:|1756378005
|move|p2a: Magmar|Follow Me|p2a: Magmar
|-singleturn|p2a: Magmar|move: Follow Me
|move|p1b: Sneasler|Dire Claw|p2a: Magmar
|-damage|p2a: Magmar|42/100
|move|p2b: Dragonite|Scale Shot|p1b: Sneasler
|-damage|p1b: Sneasler|73/100
|-damage|p1b: Sneasler|48/100
|-damage|p1b: Sneasler|22/100
|-damage|p1b: Sneasler|0 fnt
|faint|p1b: Sneasler
|-hitcount|p1: Sneasler|4
|-unboost|p2b: Dragonite|def|1
|-boost|p2b: Dragonite|spe|1
|move|p1a: Primarina|Hyper Voice|p2b: Dragonite|[spread] p2a,p2b
|-supereffective|p2a: Magmar
|-resisted|p2b: Dragonite
|-damage|p2a: Magmar|0 fnt
|-damage|p2b: Dragonite|73/100
|faint|p2a: Magmar
|
|upkeep
|
|t:|1756378021
|switch|p1b: Electabuzz|Electabuzz, L50, M|100/100
|switch|p2a: Kingambit|Kingambit, L50, M|100/100
|turn|5
|
|t:|1756378040
|-terastallize|p2b: Dragonite|Steel
|move|p1b: Electabuzz|Protect|p1b: Electabuzz
|-singleturn|p1b: Electabuzz|Protect
|move|p2b: Dragonite|Extreme Speed|p1a: Primarina
|-damage|p1a: Primarina|57/100
|move|p1a: Primarina|Moonblast|p2b: Dragonite
|-resisted|p2b: Dragonite
|-damage|p2b: Dragonite|44/100
|-unboost|p2b: Dragonite|spa|1
|move|p2a: Kingambit|Kowtow Cleave|p1a: Primarina
|-resisted|p1a: Primarina
|-damage|p1a: Primarina|16/100
|
|upkeep
|turn|6
|
|t:|1756378058
|move|p1b: Electabuzz|Follow Me|p1b: Electabuzz
|-singleturn|p1b: Electabuzz|move: Follow Me
|move|p2b: Dragonite|Scale Shot|p1b: Electabuzz
|-crit|p1b: Electabuzz
|-damage|p1b: Electabuzz|79/100
|-damage|p1b: Electabuzz|64/100
|-damage|p1b: Electabuzz|49/100
|-damage|p1b: Electabuzz|35/100
|-hitcount|p1b: Electabuzz|4
|-unboost|p2b: Dragonite|def|1
|-boost|p2b: Dragonite|spe|1
|move|p1a: Primarina|Hyper Voice|p2b: Dragonite|[spread] p2a,p2b
|-damage|p2a: Kingambit|62/100
|-damage|p2b: Dragonite|3/100
|move|p2a: Kingambit|Kowtow Cleave|p1b: Electabuzz
|-crit|p1b: Electabuzz
|-damage|p1b: Electabuzz|0 fnt
|faint|p1b: Electabuzz
|
|upkeep
|turn|7
|-message|DISSSSS forfeited.
|
|win|Frakub
|l|☆DISSSSS
|player|p1|
||DISSSSS is ready for game 3.
||Frakub is ready for game 3.
|uhtml|next|Next: Game 3 of 3
