|j|☆ratchford
|j|☆Gentlefish
|html|ratchfordGentlefish    
|uhtml|bestof|Game 2 of a best-of-3
|t:|1756754307
|gametype|doubles
|player|p1|ratchford|cynthia-gen4|1000
|player|p2|Gentlefish|burglar-gen1rb|1111
|gen|9
|tier|[Gen 9] VGC 2025 Reg H (Bo3)
|rated|
|rule|Species Clause: Limit one of each Pokémon
|rule|Item Clause: Limit 1 of each item
|clearpoke
|poke|p1|Incineroar, L50, F|
|poke|p1|Amoonguss, L50, F|
|poke|p1|Gholdengo, L50|
|poke|p1|Basculegion, L50, M|
|poke|p1|Pelipper, L50, M|
|poke|p1|Archaludon, L50, F|
|poke|p2|Garchomp, L50, M|
|poke|p2|Weezing-Galar, L50, M|
|poke|p2|Archaludon, L50, M|
|poke|p2|Gholdengo, L50|
|poke|p2|Talonflame, L50, M|
|poke|p2|Annihilape, L50, M|
|teampreview|4
|showteam|p1|Incineroar||SafetyGoggles|Intimidate|FakeOut,PartingShot,KnockOff,FlareBlitz|||F|||50|,,,,,Ghost]Amoonguss||SitrusBerry|Regenerator|Protect,RagePowder,Spore,SludgeBomb|||F|||50|,,,,,Water]Gholdengo||LifeOrb|GoodasGold|Protect,NastyPlot,MakeItRain,ShadowBall||||||50|,,,,,Water]Basculegion||ChoiceBand|SwiftSwim|WaveCrash,LastRespects,FlipTurn,AquaJet|||M|||50|,,,,,Water]Pelipper||FocusSash|Drizzle|Protect,WeatherBall,Hurricane,Tailwind|||M|||50|,,,,,Ground]Archaludon||AssaultVest|Stamina|DragonPulse,ElectroShot,BodyPress,FlashCannon|||F|||50|,,,,,Bug
|showteam|p2|Garchomp||LifeOrb|RoughSkin|DragonClaw,Earthquake,StompingTantrum,Protect|||M|||50|,,,,,Ground]Weezing-Galar||FocusSash|NeutralizingGas|Protect,SludgeBomb,Taunt,StrangeSteam|||M|||50|,,,,,Flying]Archaludon||PowerHerb|Sturdy|ElectroShot,Thunderbolt,DracoMeteor,Protect|||M|||50|,,,,,Electric]Gholdengo||ChoiceSpecs|GoodasGold|ShadowBall,DazzlingGleam,PowerGem,MakeItRain||||||50|,,,,,Fairy]Talonflame||CovertCloak|GaleWings|Tailwind,DualWingbeat,Taunt,FlareBlitz|||M|||50|,,,,,Stellar]Annihilape||AssaultVest|Defiant|CloseCombat,RageFist,FinalGambit,IcePunch|||M|||50|,,,,,Grass
|j| teamthief420
|l| teamthief420
|j| JulesAubergine
|l| JulesAubergine
|inactive|Battle timer is ON: inactive players will automatically lose when time's up. (requested by ratchford)
|inactive|Gentlefish has 60 seconds left.
|
|t:|1756754395
|teamsize|p1|4
|teamsize|p2|4
|start
|switch|p1a: Pelipper|Pelipper, L50, M|100/100
|switch|p1b: Basculegion|Basculegion, L50, M|100/100
|switch|p2a: Talonflame|Talonflame, L50, M|100/100
|switch|p2b: Annihilape|Annihilape, L50, M|100/100
|-weather|RainDance|[from] ability: Drizzle|[of] p1a: Pelipper
|turn|1
|inactive|ratchford has 30 seconds left.
|inactive|Gentlefish has 30 seconds left.
|
|t:|1756754426
|switch|p2a: Weezing|Weezing-Galar, L50, M|100/100
|-ability|p2a: Weezing|Neutralizing Gas
|move|p2b: Annihilape|Final Gambit|p1a: Pelipper
|-enditem|p1a: Pelipper|Focus Sash
|-damage|p1a: Pelipper|1/100
|faint|p2b: Annihilape
|move|p1b: Basculegion|Wave Crash|p2a: Weezing
|-enditem|p2a: Weezing|Focus Sash
|-damage|p2a: Weezing|1/100
|-damage|p1b: Basculegion|77/100|[from] Recoil
|move|p1a: Pelipper|Tailwind|p1a: Pelipper
|-sidestart|p1: ratchford|move: Tailwind
|
|-weather|RainDance|[upkeep]
|upkeep
|inactive|Gentlefish has 30 seconds left.
|inactive|Gentlefish has 20 seconds left.
|
|t:|1756754462
|switch|p2b: Talonflame|Talonflame, L50, M|100/100
|turn|2
|
|t:|1756754478
|-end|p2a: Weezing|ability: Neutralizing Gas
|switch|p2a: Archaludon|Archaludon, L50, M|100/100
|move|p2b: Talonflame|Tailwind|p2b: Talonflame
|-sidestart|p2: Gentlefish|move: Tailwind
|move|p1b: Basculegion|Wave Crash|p2b: Talonflame
|-supereffective|p2b: Talonflame
|-damage|p2b: Talonflame|0 fnt
|faint|p2b: Talonflame
|-damage|p1b: Basculegion|51/100|[from] Recoil
|move|p1a: Pelipper|Weather Ball|p2a: Archaludon
|-resisted|p2a: Archaludon
|-damage|p2a: Archaludon|52/100
|
|-weather|RainDance|[upkeep]
|upkeep
|
|t:|1756754480
|switch|p2b: Weezing|Weezing-Galar, L50, M|1/100
|-ability|p2b: Weezing|Neutralizing Gas
|turn|3
|
|t:|1756754504
|move|p2a: Archaludon|Electro Shot||[still]
|-prepare|p2a: Archaludon|Electro Shot
|-boost|p2a: Archaludon|spa|1
|-anim|p2a: Archaludon|Electro Shot|p1a: Pelipper
|-supereffective|p1a: Pelipper
|-damage|p1a: Pelipper|0 fnt
|faint|p1a: Pelipper
|move|p1b: Basculegion|Wave Crash|p2b: Weezing
|-damage|p2b: Weezing|0 fnt
|faint|p2b: Weezing
|-end|p2b: Weezing|ability: Neutralizing Gas
|-damage|p1b: Basculegion|51/100|[from] Recoil
|
|-weather|RainDance|[upkeep]
|upkeep
|
|t:|1756754512
|switch|p1a: Incineroar|Incineroar, L50, F|100/100
|-ability|p1a: Incineroar|Intimidate|boost
|-unboost|p2a: Archaludon|atk|1
|turn|4
|
|t:|1756754520
|move|p2a: Archaludon|Protect|p2a: Archaludon
|-singleturn|p2a: Archaludon|Protect
|move|p1a: Incineroar|Fake Out|p2a: Archaludon
|-activate|p2a: Archaludon|move: Protect
|move|p1b: Basculegion|Wave Crash|p2a: Archaludon
|-activate|p2a: Archaludon|move: Protect
|
|-weather|RainDance|[upkeep]
|-sideend|p1: ratchford|move: Tailwind
|upkeep
|turn|5
|
|t:|1756754537
|move|p2a: Archaludon|Protect||[still]
|-fail|p2a: Archaludon
|move|p1b: Basculegion|Wave Crash|p2a: Archaludon
|-resisted|p2a: Archaludon
|-damage|p2a: Archaludon|0 fnt
|faint|p2a: Archaludon
|-damage|p1b: Basculegion|36/100|[from] Recoil
|
|win|ratchford
|raw|ratchford's rating: 1000 → 1052(+52 for winning)
|raw|Gentlefish's rating: 1111 → 1078(-33 for losing)
|c|☆ratchford|gg
