|j|☆conte di Cavour
|j|☆Refanner
|html|conte di CavourRefanner    
|uhtml|bestof|Game 1 of a best-of-3
|t:|1756311467
|gametype|doubles
|player|p1|conte di Cavour|volkner|1015
|player|p2|Refanner|1|1098
|gen|9
|tier|[Gen 9] VGC 2025 Reg H (Bo3)
|rated|
|rule|Species Clause: Limit one of each Pokémon
|rule|Item Clause: Limit 1 of each item
|clearpoke
|poke|p1|Altaria, L50, F|
|poke|p1|Gothitelle, L50, M|
|poke|p1|Incineroar, L50, F|
|poke|p1|Amoonguss, L50, M|
|poke|p1|Archaludon, L50, M|
|poke|p1|Primarina, L50, F|
|poke|p2|Garchomp, L50, M|
|poke|p2|Incineroar, L50, F|
|poke|p2|Ninetales-Alola, L50, M|
|poke|p2|Gholdengo, L50|
|poke|p2|Primarina, L50, F|
|poke|p2|Talonflame, L50, F|
|teampreview|4
|showteam|p1|Altaria||MentalHerb|CloudNine|Protect,PerishSong,HelpingHand,BreakingSwipe|||F|||50|,,,,,Steel]Gothitelle||SitrusBerry|ShadowTag|Protect,FakeOut,TrickRoom,Psychic|||M|||50|,,,,,Water]Incineroar||SafetyGoggles|Intimidate|Protect,PartingShot,KnockOff,FakeOut|||F|||50|,,,,,Ghost]Amoonguss||EjectButton|Regenerator|Protect,RagePowder,PollenPuff,Spore|||M|||50|,,,,,Fairy]Archaludon||PowerHerb|Stalwart|Protect,ElectroShot,DragonPulse,TeraBlast|||M|||50|,,,,,Fire]Primarina||ThroatSpray|LiquidVoice|Protect,HyperVoice,PerishSong,Moonblast|||F|||50|,,,,,Steel
|showteam|p2|Garchomp||ClearAmulet|RoughSkin|Earthquake,RockSlide,SwordsDance,Protect|||M|||50|,,,,,Fire]Incineroar||SafetyGoggles|Intimidate|WillOWisp,FlareBlitz,FakeOut,PartingShot|||F|||50|,,,,,Grass]Ninetales-Alola||FocusSash|SnowWarning|Blizzard,IcyWind,Protect,AuroraVeil|||M|||50|,,,,,Ghost]Gholdengo||Leftovers|GoodasGold|MakeItRain,ShadowBall,NastyPlot,Protect||||||50|,,,,,Flying]Primarina||MagoBerry|LiquidVoice|HyperVoice,Moonblast,CalmMind,Protect|||F|||50|,,,,,Poison]Talonflame||CovertCloak|GaleWings|DualWingbeat,Tailwind,FlareBlitz,Taunt|||F|||50|,,,,,Flying
|
|t:|1756311535
|teamsize|p1|4
|teamsize|p2|4
|start
|switch|p1a: Altaria|Altaria, L50, F, shiny|100/100
|switch|p1b: Archaludon|Archaludon, L50, M|100/100
|switch|p2a: Gholdengo|Gholdengo, L50|100/100
|switch|p2b: Incineroar|Incineroar, L50, F|100/100
|-ability|p1a: Altaria|Cloud Nine
|-ability|p2b: Incineroar|Intimidate|boost
|-unboost|p1a: Altaria|atk|1
|-unboost|p1b: Archaludon|atk|1
|turn|1
|inactive|Battle timer is ON: inactive players will automatically lose when time's up. (requested by conte di Cavour)
|
|t:|1756311565
|switch|p1a: Primarina|Primarina, L50, F|100/100
|move|p1b: Archaludon|Protect|p1b: Archaludon
|-singleturn|p1b: Archaludon|Protect
|move|p2b: Incineroar|Fake Out|p1b: Archaludon
|-activate|p1b: Archaludon|move: Protect
|move|p2a: Gholdengo|Nasty Plot|p2a: Gholdengo
|-boost|p2a: Gholdengo|spa|2
|
|upkeep
|turn|2
|inactive|Refanner has 30 seconds left.
|
|t:|1756311595
|move|p1b: Archaludon|Electro Shot||[still]
|-prepare|p1b: Archaludon|Electro Shot
|-boost|p1b: Archaludon|spa|1
|-enditem|p1b: Archaludon|Power Herb
|-anim|p1b: Archaludon|Electro Shot|p2a: Gholdengo
|-damage|p2a: Gholdengo|31/100
|move|p2a: Gholdengo|Shadow Ball|p1b: Archaludon
|-damage|p1b: Archaludon|0 fnt
|faint|p1b: Archaludon
|move|p1a: Primarina|Hyper Voice|p2b: Incineroar|[spread] p2a,p2b
|-supereffective|p2b: Incineroar
|-damage|p2a: Gholdengo|0 fnt
|-damage|p2b: Incineroar|38/100
|faint|p2a: Gholdengo
|-enditem|p1a: Primarina|Throat Spray
|-boost|p1a: Primarina|spa|1|[from] item: Throat Spray
|move|p2b: Incineroar|Parting Shot|p1a: Primarina
|-unboost|p1a: Primarina|atk|1
|-unboost|p1a: Primarina|spa|1
|
|t:|1756311613
|switch|p2b: Ninetales|Ninetales-Alola, L50, M|100/100|[from] Parting Shot
|-weather|Snowscape|[from] ability: Snow Warning|[of] p2b: Ninetales
|
|-weather|Snowscape|[upkeep]
|upkeep
|
|t:|1756311620
|switch|p1b: Gothitelle|Gothitelle, L50, M|100/100
|switch|p2a: Incineroar|Incineroar, L50, F|38/100
|-ability|p2a: Incineroar|Intimidate|boost
|-unboost|p1a: Primarina|atk|1
|-unboost|p1b: Gothitelle|atk|1
|turn|3
|
|t:|1756311640
|move|p2a: Incineroar|Fake Out|p1a: Primarina
|-damage|p1a: Primarina|88/100
|move|p2b: Ninetales|Blizzard|p1b: Gothitelle|[spread] p1a,p1b
|-resisted|p1a: Primarina
|-damage|p1a: Primarina|76/100
|-damage|p1b: Gothitelle|77/100
|-status|p1a: Primarina|frz
|cant|p1a: Primarina|frz
|move|p1b: Gothitelle|Trick Room|p1b: Gothitelle
|-fieldstart|move: Trick Room|[of] p1b: Gothitelle
|
|-weather|Snowscape|[upkeep]
|upkeep
|turn|4
|inactive|Refanner has 30 seconds left.
|
|t:|1756311670
|move|p1b: Gothitelle|Psychic|p2b: Ninetales
|-damage|p2b: Ninetales|66/100
|move|p2a: Incineroar|Flare Blitz|p1b: Gothitelle
|-damage|p1b: Gothitelle|36/100
|-enditem|p1b: Gothitelle|Sitrus Berry|[eat]
|-heal|p1b: Gothitelle|61/100|[from] item: Sitrus Berry
|-damage|p2a: Incineroar|26/100|[from] Recoil
|cant|p1a: Primarina|frz
|move|p2b: Ninetales|Blizzard|p1b: Gothitelle|[spread] p1a,p1b
|-resisted|p1a: Primarina
|-crit|p1b: Gothitelle
|-damage|p1a: Primarina|63/100 frz
|-damage|p1b: Gothitelle|24/100
|
|-weather|Snowscape|[upkeep]
|upkeep
|turn|5
|inactive|Refanner has 30 seconds left.
|
|t:|1756311702
|move|p1b: Gothitelle|Psychic|p2b: Ninetales
|-damage|p2b: Ninetales|29/100
|move|p2a: Incineroar|Flare Blitz|p1b: Gothitelle
|-damage|p1b: Gothitelle|0 fnt
|faint|p1b: Gothitelle
|-damage|p2a: Incineroar|19/100|[from] Recoil
|cant|p1a: Primarina|frz
|move|p2b: Ninetales|Aurora Veil|p2b: Ninetales
|-sidestart|p2: Refanner|move: Aurora Veil
|
|-weather|Snowscape|[upkeep]
|upkeep
|
|t:|1756311712
|switch|p1b: Altaria|Altaria, L50, F, shiny|100/100
|-ability|p1b: Altaria|Cloud Nine
|turn|6
|inactive|Refanner has 30 seconds left.
|
|t:|1756311737
|move|p1b: Altaria|Protect|p1b: Altaria
|-singleturn|p1b: Altaria|Protect
|move|p2a: Incineroar|Parting Shot|p1a: Primarina
|-unboost|p1a: Primarina|atk|1
|-unboost|p1a: Primarina|spa|1
|
|t:|1756311741
|switch|p2a: Primarina|Primarina, L50, F|100/100|[from] Parting Shot
|-curestatus|p1a: Primarina|frz|[msg]
|move|p1a: Primarina|Hyper Voice|p2a: Primarina|[spread] p2a,p2b
|-resisted|p2a: Primarina
|-damage|p2a: Primarina|94/100
|-damage|p2b: Ninetales|8/100
|move|p2b: Ninetales|Blizzard|p1a: Primarina|[spread] p1a
|-activate|p1b: Altaria|move: Protect
|-resisted|p1a: Primarina
|-damage|p1a: Primarina|50/100
|
|-weather|none
|upkeep
|turn|7
|
|t:|1756311763
|move|p1b: Altaria|Helping Hand|p1a: Primarina
|-singleturn|p1a: Primarina|Helping Hand|[of] p1b: Altaria
|move|p2b: Ninetales|Protect|p2b: Ninetales
|-singleturn|p2b: Ninetales|Protect
|move|p1a: Primarina|Hyper Voice|p2b: Ninetales|[spread] p2a
|-activate|p2b: Ninetales|move: Protect
|-resisted|p2a: Primarina
|-damage|p2a: Primarina|83/100
|move|p2a: Primarina|Calm Mind|p2a: Primarina
|-boost|p2a: Primarina|spa|1
|-boost|p2a: Primarina|spd|1
|
|-fieldend|move: Trick Room
|upkeep
|turn|8
|
|t:|1756311787
|-terastallize|p1b: Altaria|Steel
|move|p2b: Ninetales|Icy Wind|p1a: Primarina|[spread] p1a,p1b
|-resisted|p1a: Primarina
|-resisted|p1b: Altaria
|-damage|p1a: Primarina|43/100
|-damage|p1b: Altaria|95/100
|-unboost|p1a: Primarina|spe|1
|-unboost|p1b: Altaria|spe|1
|move|p2a: Primarina|Moonblast|p1a: Primarina
|-damage|p1a: Primarina|0 fnt
|faint|p1a: Primarina
|move|p1b: Altaria|Perish Song|p1b: Altaria
|-start|p1b: Altaria|perish3|[silent]
|-start|p2a: Primarina|perish3|[silent]
|-start|p2b: Ninetales|perish3|[silent]
|-fieldactivate|move: Perish Song
|
|-start|p2b: Ninetales|perish3
|-start|p2a: Primarina|perish3
|-start|p1b: Altaria|perish3
|upkeep
|turn|9
|c|☆conte di Cavour|in italian is "Rapina a mano armata"
|-message|conte di Cavour forfeited.
|
|win|Refanner
||conte di Cavour is ready for game 2.
||Refanner is ready for game 2.
|uhtml|next|Next: Game 2 of 3
|l|☆conte di Cavour
|player|p1|
