|j|☆Radlars
|j|☆lolgz
|html|Radlarslolgz    
|uhtml|bestof|Game 1 of a best-of-3
|t:|1782457722
|gametype|doubles
|player|p1|Radlars|2|1150
|player|p2|lolgz|dawn|1297
|gen|9
|tier|[Gen 9 Champions] VGC 2026 Reg M-B (Bo3)
|rated|
|rule|Species Clause: Limit one of each Pokémon
|rule|Item Clause: Limit 1 of each item
|clearpoke
|poke|p1|Metagross, L50|
|poke|p1|Pelipper, L50, F|
|poke|p1|Swampert, L50, M|
|poke|p1|Grimmsnarl, L50, M|
|poke|p1|Archaludon, L50, M|
|poke|p1|Sinistcha, L50|
|poke|p2|Torkoal, L50, M|
|poke|p2|Vileplume, L50, F|
|poke|p2|Farigiraf, L50, F|
|poke|p2|Scrafty, L50, F|
|poke|p2|Sneasler, L50, M|
|poke|p2|Mawile, L50, M|
|teampreview|4
|showteam|p1|Metagross||Metagrossite|ClearBody|PsychicFangs,RockSlide,IronHead,Protect|Adamant|||||50|]Pelipper||SitrusBerry|Drizzle|Hurricane,WeatherBall,Tailwind,WideGuard|Modest||F|||50|]Swampert||Swampertite|Damp|WaveCrash,Protect,Earthquake,IcePunch|Adamant||M|||50|]Grimmsnarl||LightClay|Prankster|SpiritBreak,LightScreen,Reflect,PartingShot|Brave||M|||50|]Archaludon||Leftovers|Stamina|AuraSphere,ElectroShot,Protect,FlashCannon|Modest||M|||50|]Sinistcha||ColburBerry|Hospitality|MatchaGotcha,RagePowder,LifeDew,Protect|Calm|||||50|
|showteam|p2|Torkoal||Charcoal|Drought|Eruption,WeatherBall,EarthPower,Protect|Quiet||M|||50|]Vileplume||FocusSash|Chlorophyll|EnergyBall,SludgeBomb,SleepPowder,AfterYou|Timid||F|||50|]Farigiraf||SitrusBerry|ArmorTail|TrickRoom,Thunderbolt,Psychic,HelpingHand|Bold||F|||50|]Scrafty||Scraftinite|Intimidate|FakeOut,CloseCombat,KnockOff,RockSlide|Brave||F|||50|]Sneasler||IronBall|PoisonTouch|DireClaw,CloseCombat,RockTomb,FakeOut|Brave||M|||50|]Mawile||Mawilite|Intimidate|SuckerPunch,PlayRough,SwordsDance,Protect|Brave||M|||50|
|inactive|Battle timer is ON: inactive players will automatically lose when time's up. (requested by lolgz)
|inactive|Radlars has 60 seconds left.
|
|t:|1782457762
|teamsize|p1|4
|teamsize|p2|4
|start
|switch|p1a: Grimmsnarl|Grimmsnarl, L50, M|100/100
|switch|p1b: Archaludon|Archaludon, L50, M|100/100
|switch|p2a: Farigiraf|Farigiraf, L50, F|100/100
|switch|p2b: Scrafty|Scrafty, L50, F|100/100
|-ability|p2b: Scrafty|Intimidate|boost
|-unboost|p1a: Grimmsnarl|atk|1
|-unboost|p1b: Archaludon|atk|1
|turn|1
|inactive|Radlars has 30 seconds left.
|inactive|Radlars has 20 seconds left.
|inactive|Radlars has 15 seconds left.
|inactive|Radlars has 10 seconds left.
|
|t:|1782457810
|detailschange|p2b: Scrafty|Scrafty-Mega, L50, F
|-mega|p2b: Scrafty|Scrafty|Scraftinite
|-ability|p2b: Scrafty|Intimidate|boost
|-unboost|p1a: Grimmsnarl|atk|1
|-unboost|p1b: Archaludon|atk|1
|move|p1b: Archaludon|Protect|p1b: Archaludon
|-singleturn|p1b: Archaludon|Protect
|move|p2b: Scrafty|Fake Out|p1a: Grimmsnarl
|-damage|p1a: Grimmsnarl|78/100
|cant|p1a: Grimmsnarl|flinch
|move|p2a: Farigiraf|Trick Room|p2a: Farigiraf
|-fieldstart|move: Trick Room|[of] p2a: Farigiraf
|
|upkeep
|turn|2
|inactive|Radlars has 30 seconds left.
|
|t:|1782457842
|switch|p1b: Pelipper|Pelipper, L50, F|100/100
|-weather|RainDance|[from] ability: Drizzle|[of] p1b: Pelipper
|move|p2a: Farigiraf|Helping Hand|p2b: Scrafty
|-singleturn|p2b: Scrafty|Helping Hand|[of] p2a: Farigiraf
|move|p1a: Grimmsnarl|Spirit Break|p2b: Scrafty
|-supereffective|p2b: Scrafty|2
|-damage|p2b: Scrafty|41/100
|-unboost|p2b: Scrafty|spa|1
|move|p2b: Scrafty|Close Combat|p1a: Grimmsnarl
|-damage|p1a: Grimmsnarl|0 fnt
|-unboost|p2b: Scrafty|def|1
|-unboost|p2b: Scrafty|spd|1
|faint|p1a: Grimmsnarl
|
|-weather|RainDance|[upkeep]
|upkeep
|
|t:|1782457861
|switch|p1a: Archaludon|Archaludon, L50, M|100/100
|turn|3
|inactive|Radlars has 30 seconds left.
|inactive|Radlars has 20 seconds left.
|inactive|Radlars has 15 seconds left.
|
|t:|1782457904
|switch|p1b: Swampert|Swampert, L50, M|100/100
|move|p2b: Scrafty|Close Combat|p1a: Archaludon
|-supereffective|p1a: Archaludon|1
|-damage|p1a: Archaludon|7/100
|-unboost|p2b: Scrafty|def|1
|-unboost|p2b: Scrafty|spd|1
|-ability|p1a: Archaludon|Stamina|boost
|-boost|p1a: Archaludon|def|1
|move|p2a: Farigiraf|Thunderbolt|p1b: Swampert
|-immune|p1b: Swampert
|move|p1a: Archaludon|Aura Sphere|p2b: Scrafty
|-supereffective|p2b: Scrafty|1
|-damage|p2b: Scrafty|0 fnt
|faint|p2b: Scrafty
|
|-weather|RainDance|[upkeep]
|-heal|p1a: Archaludon|13/100|[from] item: Leftovers
|upkeep
|
|t:|1782457911
|switch|p2b: Mawile|Mawile, L50, M|100/100
|-ability|p2b: Mawile|Intimidate|boost
|-unboost|p1a: Archaludon|atk|1
|-unboost|p1b: Swampert|atk|1
|turn|4
|inactive|Radlars has 30 seconds left.
|inactive|Radlars has 20 seconds left.
|inactive|Radlars has 15 seconds left.
|inactive|Radlars has 10 seconds left.
|
|t:|1782457961
|switch|p1b: Pelipper|Pelipper, L50, F|100/100
|move|p2b: Mawile|Play Rough|p1a: Archaludon
|-damage|p1a: Archaludon|0 fnt
|faint|p1a: Archaludon
|move|p2a: Farigiraf|Psychic|p1b: Pelipper
|-damage|p1b: Pelipper|50/100g
|-unboost|p1b: Pelipper|spd|1
|
|-weather|RainDance|[upkeep]
|upkeep
|
|t:|1782457972
|switch|p1a: Swampert|Swampert, L50, M|100/100
|turn|5
|
|t:|1782457987
|detailschange|p1a: Swampert|Swampert-Mega, L50, M
|-mega|p1a: Swampert|Swampert|Swampertite
|move|p2b: Mawile|Swords Dance|p2b: Mawile
|-boost|p2b: Mawile|atk|2
|move|p2a: Farigiraf|Thunderbolt|p1b: Pelipper
|-supereffective|p1b: Pelipper|2
|-damage|p1b: Pelipper|0 fnt
|faint|p1b: Pelipper
|move|p1a: Swampert|Earthquake|p2b: Mawile|[spread] p2a,p2b
|-supereffective|p2b: Mawile|1
|-damage|p2a: Farigiraf|66/100
|-damage|p2b: Mawile|0 fnt
|faint|p2b: Mawile
|
|-weather|RainDance|[upkeep]
|-fieldend|move: Trick Room
|upkeep
|
|t:|1782457995
|switch|p2b: Torkoal|Torkoal, L50, M|100/100
|-weather|SunnyDay|[from] ability: Drought|[of] p2b: Torkoal
|turn|6
|inactive|Radlars has 30 seconds left.
|
|t:|1782458026
|move|p2b: Torkoal|Protect|p2b: Torkoal
|-singleturn|p2b: Torkoal|Protect
|move|p1a: Swampert|Wave Crash|p2a: Farigiraf
|-damage|p2a: Farigiraf|40/100
|-enditem|p2a: Farigiraf|Sitrus Berry|[eat]
|-heal|p2a: Farigiraf|65/100|[from] item: Sitrus Berry
|-damage|p1a: Swampert|90/100|[from] Recoil
|move|p2a: Farigiraf|Trick Room|p2a: Farigiraf
|-fieldstart|move: Trick Room|[of] p2a: Farigiraf
|
|-weather|SunnyDay|[upkeep]
|upkeep
|turn|7
|
|t:|1782458040
|move|p2b: Torkoal|Eruption|p1a: Swampert
|-resisted|p1a: Swampert|1
|-damage|p1a: Swampert|47/100
|move|p2a: Farigiraf|Psychic|p1a: Swampert
|-damage|p1a: Swampert|22/100
|move|p1a: Swampert|Earthquake|p2b: Torkoal|[spread] p2a,p2b
|-supereffective|p2b: Torkoal|1
|-damage|p2a: Farigiraf|33/100
|-damage|p2b: Torkoal|34/100
|
|-weather|SunnyDay|[upkeep]
|upkeep
|turn|8
|
|t:|1782458052
|move|p2b: Torkoal|Weather Ball|p1a: Swampert
|-resisted|p1a: Swampert|1
|-crit|p1a: Swampert
|-damage|p1a: Swampert|0 fnt
|faint|p1a: Swampert
|
|win|lolgz
