|j|☆Imaglaceonmain1
|j|☆jolethebowl
|html|Imaglaceonmain1jolethebowl    
|uhtml|bestof|Game 1 of a best-of-3
|t:|1785114394
|gametype|doubles
|player|p1|Imaglaceonmain1|265|
|player|p2|jolethebowl|whitney|
|gen|9
|tier|[Gen 9 Champions] VGC 2026 Reg M-B (Bo3)
|rule|Species Clause: Limit one of each Pokémon
|rule|Item Clause: Limit 1 of each item
|clearpoke
|poke|p1|Staraptor, L50, F|
|poke|p1|Grimmsnarl, L50, M|
|poke|p1|Pidgeot, L50, F|
|poke|p1|Machamp, L50, M|
|poke|p1|Gholdengo, L50|
|poke|p1|Torterra, L50, F|
|poke|p2|Beartic, L50, F|
|poke|p2|Slowking, L50, F|
|poke|p2|Incineroar, L50, F|
|poke|p2|Clefable, L50, F|
|poke|p2|Lucario, L50, F|
|poke|p2|Gengar, L50, F|
|teampreview|4
|showteam|p1|Staraptor||Staraptite|Intimidate|AirSlash,CloseCombat,Protect,Uturn|Naive||F|||50|]Grimmsnarl||LightClay|Prankster|LightScreen,Reflect,DarkPulse,PartingShot|Sassy||M|||50|]Pidgeot||MuscleBand|KeenEye|QuickAttack,Tailwind,DualWingbeat,SteelWing|Jolly||F|||50|]Machamp||KingsRock|Guts|HighHorsepower,IcePunch,KnockOff,DrainPunch|Adamant||M|||50|]Gholdengo||MetalCoat|GoodasGold|IronHead,ShadowBall,Thunderbolt,ConfuseRay|Naive|||||50|]Torterra||MiracleSeed|Overgrow|EarthPower,GigaDrain,Crunch,IronHead|Brave||F|||50|
|showteam|p2|Beartic||ExpertBelt|SnowCloak|IcicleCrash,CloseCombat,Protect,Liquidation|Serious||F|||50|]Slowking||Leftovers|Oblivious|Psychic,Scald,SlackOff,TrickRoom|Serious||F|||50|]Incineroar||SitrusBerry|Intimidate|FakeOut,FlareBlitz,PartingShot,DarkestLariat|Serious||F|||50|]Clefable||Clefablite|CuteCharm|FollowMe,HelpingHand,Protect,Moonblast|Serious||F|||50|]Lucario||FocusSash|Justified|CloseCombat,BulletPunch,Protect,ExtremeSpeed|Serious||F|||50|]Gengar||Gengarite|CursedBody|SludgeBomb,ShadowBall,Protect,BrickBreak|Serious||F|||50|
|j| Leafeon Main?
|c| Leafeon Main?|So either something happened with the code or Jordan screwed up
|c| Leafeon Main?|But eg
|c| Leafeon Main?|eh*
|
|t:|1785114557
|teamsize|p1|4
|teamsize|p2|4
|start
|switch|p1a: Polynomial|Machamp, L50, M|100/100
|switch|p1b: Quadratic|Gholdengo, L50|100/100
|switch|p2a: Incineroar|Incineroar, L50, F|100/100
|switch|p2b: Clefable|Clefable, L50, F|100/100
|-ability|p2a: Incineroar|Intimidate|boost
|-unboost|p1a: Polynomial|atk|1
|-unboost|p1b: Quadratic|atk|1
|turn|1
|
|t:|1785114620
|move|p1b: Quadratic|Iron Head|p2b: Clefable
|-supereffective|p2b: Clefable|1
|-damage|p2b: Clefable|58/100
|move|p2b: Clefable|Moonblast|p1a: Polynomial
|-supereffective|p1a: Polynomial|1
|-damage|p1a: Polynomial|14/100
|move|p2a: Incineroar|Flare Blitz|p1b: Quadratic
|-supereffective|p1b: Quadratic|1
|-damage|p1b: Quadratic|0 fnt
|faint|p1b: Quadratic
|-damage|p2a: Incineroar|70/100|[from] Recoil
|move|p1a: Polynomial|Drain Punch|p2a: Incineroar
|-supereffective|p2a: Incineroar|1
|-damage|p2a: Incineroar|11/100
|-heal|p1a: Polynomial|42/100|[from] drain|[of] p2a: Incineroar
|-enditem|p2a: Incineroar|Sitrus Berry|[eat]
|-heal|p2a: Incineroar|36/100|[from] item: Sitrus Berry
|
|upkeep
|
|t:|1785114641
|switch|p1b: Tetration|Grimmsnarl, L50, M|100/100
|turn|2
|
|t:|1785114696
|switch|p2a: Lucario|Lucario, L50, F|100/100
|move|p2b: Clefable|Protect|p2b: Clefable
|-singleturn|p2b: Clefable|Protect
|move|p1b: Tetration|Reflect|p1b: Tetration
|-sidestart|p1: Imaglaceonmain1|Reflect
|move|p1a: Polynomial|Drain Punch|p2a: Lucario
|-supereffective|p2a: Lucario|1
|-damage|p2a: Lucario|31/100
|-heal|p1a: Polynomial|73/100|[from] drain|[of] p2a: Lucario
|
|upkeep
|turn|3
|
|t:|1785114743
|move|p2b: Clefable|Follow Me|p2b: Clefable
|-singleturn|p2b: Clefable|move: Follow Me
|move|p2a: Lucario|Bullet Punch|p1b: Tetration
|-supereffective|p1b: Tetration|1
|-damage|p1b: Tetration|73/100
|move|p1b: Tetration|Light Screen|p1b: Tetration
|-sidestart|p1: Imaglaceonmain1|move: Light Screen
|move|p1a: Polynomial|High Horsepower|p2b: Clefable
|-damage|p2b: Clefable|26/100
|-start|p1a: Polynomial|Attract|[from] ability: Cute Charm|[of] p2b: Clefable
|
|upkeep
|turn|4
|
|t:|1785114828
|move|p2a: Lucario|Extreme Speed|p1a: Polynomial
|-damage|p1a: Polynomial|58/100
|move|p2b: Clefable|Moonblast|p1b: Tetration
|-supereffective|p1b: Tetration|1
|-damage|p1b: Tetration|33/100
|-activate|p1a: Polynomial|move: Attract|[of] p2b: Clefable
|move|p1a: Polynomial|High Horsepower|p2a: Lucario
|-supereffective|p2a: Lucario|1
|-damage|p2a: Lucario|0 fnt
|faint|p2a: Lucario
|move|p1b: Tetration|Dark Pulse|p2b: Clefable
|-resisted|p2b: Clefable|1
|-damage|p2b: Clefable|11/100
|
|upkeep
|
|t:|1785114871
|switch|p2a: Gengar|Gengar, L50, F|100/100
|turn|5
|
|t:|1785114891
|switch|p1b: Integral|Staraptor, L50, F|100/100
|-ability|p1b: Integral|Intimidate|boost
|-unboost|p2a: Gengar|atk|1
|-unboost|p2b: Clefable|atk|1
|move|p2a: Gengar|Protect|p2a: Gengar
|-singleturn|p2a: Gengar|Protect
|move|p2b: Clefable|Protect|p2b: Clefable
|-singleturn|p2b: Clefable|Protect
|-activate|p1a: Polynomial|move: Attract|[of] p2b: Clefable
|cant|p1a: Polynomial|Attract
|
|upkeep
|turn|6
|
|t:|1785114924
|detailschange|p2a: Gengar|Gengar-Mega, L50, F
|-mega|p2a: Gengar|Gengar|Gengarite
|move|p2b: Clefable|Protect|p2b: Clefable
|-singleturn|p2b: Clefable|Protect
|move|p1b: Integral|Air Slash|p2b: Clefable
|-activate|p2b: Clefable|move: Protect
|move|p2a: Gengar|Sludge Bomb|p1b: Integral
|-damage|p1b: Integral|39/100
|-activate|p1a: Polynomial|move: Attract|[of] p2b: Clefable
|cant|p1a: Polynomial|Attract
|
|upkeep
|turn|7
|
|t:|1785114969
|detailschange|p1b: Integral|Staraptor-Mega, L50, F
|-mega|p1b: Integral|Staraptor|Staraptite
|move|p1b: Integral|Close Combat|p2b: Clefable
|-resisted|p2b: Clefable|1
|-damage|p2b: Clefable|0 fnt
|-boost|p1b: Integral|def|1
|-boost|p1b: Integral|spd|1
|faint|p2b: Clefable
|-end|p1a: Polynomial|Attract|[silent]
|move|p2a: Gengar|Sludge Bomb|p1b: Integral
|-crit|p1b: Integral
|-damage|p1b: Integral|0 fnt
|faint|p1b: Integral
|move|p1a: Polynomial|High Horsepower|p2a: Gengar
|-supereffective|p2a: Gengar|1
|-damage|p2a: Gengar|48/100
|
|upkeep
|
|t:|1785114997
|switch|p1b: Tetration|Grimmsnarl, L50, M|33/100
|switch|p2b: Incineroar|Incineroar, L50, F|36/100
|-ability|p2b: Incineroar|Intimidate|boost
|-unboost|p1a: Polynomial|atk|1
|-unboost|p1b: Tetration|atk|1
|turn|8
|
|t:|1785115021
|move|p1b: Tetration|Parting Shot|p2a: Gengar
|-unboost|p2a: Gengar|atk|1
|-unboost|p2a: Gengar|spa|1
|move|p2a: Gengar|Sludge Bomb|p1b: Tetration
|-supereffective|p1b: Tetration|1
|-damage|p1b: Tetration|1/100
|move|p2b: Incineroar|Flare Blitz|p1a: Polynomial
|-damage|p1a: Polynomial|24/100
|-damage|p2b: Incineroar|24/100|[from] Recoil
|move|p1a: Polynomial|Drain Punch|p2b: Incineroar
|-supereffective|p2b: Incineroar|1
|-damage|p2b: Incineroar|0 fnt
|-heal|p1a: Polynomial|36/100|[from] drain|[of] p2b: Incineroar
|faint|p2b: Incineroar
|
|upkeep
|turn|9
|
|t:|1785115059
|move|p1b: Tetration|Parting Shot|p2a: Gengar
|-unboost|p2a: Gengar|atk|1
|-unboost|p2a: Gengar|spa|1
|move|p2a: Gengar|Sludge Bomb|p1b: Tetration
|-supereffective|p1b: Tetration|1
|-damage|p1b: Tetration|0 fnt
|faint|p1b: Tetration
|move|p1a: Polynomial|High Horsepower|p2a: Gengar
|-supereffective|p2a: Gengar|1
|-damage|p2a: Gengar|9/100
|
|-sideend|p1: Imaglaceonmain1|Reflect
|upkeep
|turn|10
|
|t:|1785115128
|move|p2a: Gengar|Sludge Bomb|p1a: Polynomial
|-damage|p1a: Polynomial|17/100
|move|p1a: Polynomial|High Horsepower|p2a: Gengar
|-supereffective|p2a: Gengar|1
|-damage|p2a: Gengar|0 fnt
|faint|p2a: Gengar
|
|win|Imaglaceonmain1
|inactive|Imaglaceonmain1 has 30 seconds to confirm battle start!
|inactive|jolethebowl has 30 seconds to confirm battle start!
||jolethebowl is ready for game 2.
|inactive|Imaglaceonmain1 has 20 seconds to confirm battle start!
||Imaglaceonmain1 is ready for game 2.
|uhtml|next|Next: Game 2 of 3
|l| Leafeon Main?
|l|☆jolethebowl
|player|p2|
