|j|☆eggtart69
|j|☆eejay2018
|html|eggtart69eejay2018    
|uhtml|bestof|Game 2 of a best-of-3
|t:|1783212263
|gametype|doubles
|player|p1|eggtart69|265|1163
|player|p2|eejay2018|youngster-gen4dp|1096
|gen|9
|tier|[Gen 9 Champions] VGC 2026 Reg M-B (Bo3)
|rated|
|rule|Species Clause: Limit one of each Pokémon
|rule|Item Clause: Limit 1 of each item
|clearpoke
|poke|p1|Metagross, L50|
|poke|p1|Delphox, L50, F|
|poke|p1|Tsareena, L50, F|
|poke|p1|Basculegion, L50, M|
|poke|p1|Sneasler, L50, M|
|poke|p1|Tinkaton, L50, F|
|poke|p2|Charizard, L50, F|
|poke|p2|Whimsicott, L50, M|
|poke|p2|Floette-Eternal, L50, F|
|poke|p2|Basculegion, L50, M|
|poke|p2|Garchomp, L50, M|
|poke|p2|Kingambit, L50, F|
|teampreview|4
|showteam|p1|Metagross||Metagrossite|ClearBody|IronHead,ThunderPunch,PsychicFangs,Protect|Jolly|||||50|]Delphox||Delphoxite|Blaze|HeatWave,Psychic,GrassKnot,Protect|Timid||F|||50|]Tsareena||LumBerry|QueenlyMajesty|TropKick,HighJumpKick,KnockOff,Protect|Adamant||F|||50|]Basculegion||ChoiceScarf|Adaptability|FlipTurn,WaveCrash,LastRespects,AquaJet|Jolly||M|||50|]Sneasler||WhiteHerb|Unburden|FakeOut,DireClaw,CloseCombat,Acrobatics|Jolly||M|||50|]Tinkaton||MuscleBand|MoldBreaker|FakeOut,GigatonHammer,PlayRough,Protect|Adamant||F|||50|
|showteam|p2|Charizard||CharizarditeY|Blaze|HeatWave,SolarBeam,WeatherBall,Protect|Modest||F|||50|]Whimsicott||FocusSash|Prankster|Moonblast,Encore,Tailwind,Protect|Timid||M|||50|]Floette-Eternal||Floettite|FlowerVeil|Moonblast,DazzlingGleam,LightofRuin,Protect|Timid||F|||50|]Basculegion||MysticWater|Adaptability|WaveCrash,AquaJet,LastRespects,Protect|Adamant||M|||50|]Garchomp||LifeOrb|RoughSkin|DragonClaw,Earthquake,RockSlide,Protect|Jolly||M|||50|]Kingambit||BlackGlasses|Defiant|KowtowCleave,SuckerPunch,IronHead,Protect|Adamant||F|||50|
|
|t:|1783212359
|teamsize|p1|4
|teamsize|p2|4
|start
|switch|p1a: Sneasler|Sneasler, L50, M|100/100
|switch|p1b: Delphox|Delphox, L50, F|100/100
|switch|p2a: Charizard|Charizard, L50, F|100/100
|switch|p2b: Garchomp|Garchomp, L50, M|100/100
|turn|1
|inactive|Battle timer is ON: inactive players will automatically lose when time's up. (requested by eggtart69)
|
|t:|1783212382
|detailschange|p1b: Delphox|Delphox-Mega, L50, F
|-mega|p1b: Delphox|Delphox|Delphoxite
|detailschange|p2a: Charizard|Charizard-Mega-Y, L50, F
|-mega|p2a: Charizard|Charizard|Charizardite Y
|-weather|SunnyDay|[from] ability: Drought|[of] p2a: Charizard
|move|p1a: Sneasler|Fake Out|p2b: Garchomp
|-damage|p2b: Garchomp|86/100
|-damage|p1a: Sneasler|87/100|[from] ability: Rough Skin|[of] p2b: Garchomp
|move|p1b: Delphox|Psychic|p2a: Charizard
|-damage|p2a: Charizard|47/100
|cant|p2b: Garchomp|flinch
|move|p2a: Charizard|Heat Wave|p1b: Delphox|[spread] p1a,p1b
|-resisted|p1b: Delphox|1
|-damage|p1a: Sneasler|7/100
|-damage|p1b: Delphox|69/100
|
|-weather|SunnyDay|[upkeep]
|upkeep
|turn|2
|inactive|eejay2018 has 30 seconds left.
|
|t:|1783212412
|move|p2a: Charizard|Protect|p2a: Charizard
|-singleturn|p2a: Charizard|Protect
|move|p1b: Delphox|Psychic|p2a: Charizard
|-activate|p2a: Charizard|move: Protect
|move|p1a: Sneasler|Close Combat|p2b: Garchomp
|-damage|p2b: Garchomp|28/100
|-unboost|p1a: Sneasler|def|1
|-unboost|p1a: Sneasler|spd|1
|-damage|p1a: Sneasler|0 fnt|[from] ability: Rough Skin|[of] p2b: Garchomp
|faint|p1a: Sneasler
|move|p2b: Garchomp|Rock Slide|p1b: Delphox
|-supereffective|p1b: Delphox|1
|-damage|p1b: Delphox|0 fnt
|faint|p1b: Delphox
|-damage|p2b: Garchomp|19/100|[from] item: Life Orb
|
|-weather|SunnyDay|[upkeep]
|upkeep
|
|t:|1783212418
|switch|p1b: Basculegion|Basculegion, L50, M|100/100
|switch|p1a: Tsareena|Tsareena, L50, F|100/100
|turn|3
|inactive|eggtart69 has 30 seconds left.
|inactive|eggtart69 has 20 seconds left.
|inactive|eggtart69 has 15 seconds left.
|
|t:|1783212462
|move|p1a: Tsareena|Protect|p1a: Tsareena
|-singleturn|p1a: Tsareena|Protect
|move|p1b: Basculegion|Last Respects|p2a: Charizard
|-damage|p2a: Charizard|0 fnt
|faint|p2a: Charizard
|move|p2b: Garchomp|Rock Slide|p1b: Basculegion|[spread] p1b
|-activate|p1a: Tsareena|move: Protect
|-damage|p1b: Basculegion|71/100
|-damage|p2b: Garchomp|9/100|[from] item: Life Orb
|
|-weather|SunnyDay|[upkeep]
|upkeep
|
|t:|1783212480
|switch|p2a: Floette|Floette-Eternal, L50, F|100/100
|turn|4
|
|t:|1783212500
|move|p1b: Basculegion|Last Respects|p2a: Floette
|-damage|p2a: Floette|0 fnt
|faint|p2a: Floette
|move|p2b: Garchomp|Rock Slide|p1a: Tsareena|[spread] p1a,p1b
|-damage|p1a: Tsareena|75/100
|-damage|p1b: Basculegion|41/100
|-damage|p2b: Garchomp|0 fnt|[from] item: Life Orb
|faint|p2b: Garchomp
|move|p1a: Tsareena|Trop Kick|p2: Floette|[notarget]
|-fail|p1a: Tsareena
|
|-weather|SunnyDay|[upkeep]
|upkeep
|
|t:|1783212512
|switch|p2b: Basculegion|Basculegion, L50, M|100/100
|turn|5
|
|t:|1783212517
|move|p1b: Basculegion|Last Respects|p2b: Basculegion
|-supereffective|p2b: Basculegion|1
|-damage|p2b: Basculegion|0 fnt
|faint|p2b: Basculegion
|
|win|eggtart69
|raw|eggtart69's rating: 1163 → 1183(+20 for winning)
|raw|eejay2018's rating: 1096 → 1076(-20 for losing)
|l|☆eggtart69
|player|p1|
