|j|☆grfynnvgc
|j|☆lightsakura
|html|grfynnvgclightsakura    
|uhtml|bestof|Game 2 of a best-of-3
|t:|1785389494
|gametype|doubles
|player|p1|grfynnvgc|102|1120
|player|p2|lightsakura|jasmine|1197
|gen|9
|tier|[Gen 9 Champions] VGC 2026 Reg M-B (Bo3)
|rated|
|rule|Species Clause: Limit one of each Pokémon
|rule|Item Clause: Limit 1 of each item
|clearpoke
|poke|p1|Gengar, L50, M|
|poke|p1|Kommo-o, L50, F|
|poke|p1|Ninetales-Alola, L50, M|
|poke|p1|Primarina, L50, F|
|poke|p1|Volcarona, L50, F|
|poke|p1|Incineroar, L50, M|
|poke|p2|Tyranitar, L50, F|
|poke|p2|Excadrill, L50, M|
|poke|p2|Milotic, L50, F|
|poke|p2|Sinistcha, L50|
|poke|p2|Staraptor, L50, M|
|poke|p2|Gholdengo, L50|
|teampreview|4
|showteam|p1|Gengar||Gengarite|CursedBody|ShadowBall,SludgeBomb,PerishSong,Protect|Modest||M|||50|]Kommo-o||Leftovers|Soundproof|ClangingScales,AuraSphere,ClangorousSoul,Protect|Modest||F|||50|]Ninetales-Alola||FocusSash|SnowWarning|Blizzard,FreezeDry,AuroraVeil,Protect|Timid||M|||50|]Primarina||MysticWater|LiquidVoice|HyperVoice,Moonblast,PerishSong,Protect|Modest||F|||50|]Volcarona||SitrusBerry|FlameBody|Flamethrower,StruggleBug,RagePowder,Protect|Bold||F|||50|]Incineroar||ShucaBerry|Intimidate|FakeOut,ThroatChop,PartingShot,Protect|Impish||M|||50|
|showteam|p2|Tyranitar||Tyranitarite|SandStream|KnockOff,RockSlide,LowKick,Protect|Jolly||F|||50|]Excadrill||FocusSash|SandRush|HighHorsepower,IronHead,RockSlide,Protect|Adamant||M|||50|]Milotic||SitrusBerry|Competitive|Scald,IceBeam,Haze,Protect|Modest||F|||50|]Sinistcha||ColburBerry|Hospitality|MatchaGotcha,ShadowBall,Protect,RagePowder|Bold|||||50|]Staraptor||Staraptite|Intimidate|CloseCombat,BraveBird,Tailwind,Protect|Jolly||M|||50|]Gholdengo||LifeOrb|GoodasGold|MakeItRain,ShadowBall,NastyPlot,Protect|Modest|||||50|
|inactive|Battle timer is ON: inactive players will automatically lose when time's up. (requested by grfynnvgc)
|
|t:|1785389560
|teamsize|p1|4
|teamsize|p2|4
|start
|switch|p1a: Kommo-o|Kommo-o, L50, F|100/100
|switch|p1b: Primarina|Primarina, L50, F|100/100
|switch|p2a: Gholdengo|Gholdengo, L50|100/100
|switch|p2b: Sinistcha|Sinistcha, L50|100/100
|turn|1
|
|t:|1785389584
|move|p1a: Kommo-o|Clangorous Soul|p1a: Kommo-o
|-boost|p1a: Kommo-o|atk|1
|-boost|p1a: Kommo-o|def|1
|-boost|p1a: Kommo-o|spa|1
|-boost|p1a: Kommo-o|spd|1
|-boost|p1a: Kommo-o|spe|1
|-damage|p1a: Kommo-o|67/100
|move|p2a: Gholdengo|Nasty Plot|p2a: Gholdengo
|-boost|p2a: Gholdengo|spa|2
|move|p2b: Sinistcha|Matcha Gotcha|p1a: Kommo-o|[spread] p1a,p1b
|-resisted|p1a: Kommo-o|1
|-supereffective|p1b: Primarina|1
|-damage|p1a: Kommo-o|57/100
|-damage|p1b: Primarina|57/100
|-status|p1a: Kommo-o|brn
|move|p1b: Primarina|Hyper Voice|p2b: Sinistcha|[spread] p2a,p2b
|-crit|p2a: Gholdengo
|-resisted|p2b: Sinistcha|1
|-damage|p2a: Gholdengo|29/100
|-damage|p2b: Sinistcha|75/100
|
|-heal|p1a: Kommo-o|63/100 brn|[from] item: Leftovers
|-damage|p1a: Kommo-o|57/100 brn|[from] brn
|upkeep
|turn|2
|inactive|lightsakura has 30 seconds left.
|inactive|lightsakura has 20 seconds left.
|
|t:|1785389621
|move|p2a: Gholdengo|Protect|p2a: Gholdengo
|-singleturn|p2a: Gholdengo|Protect
|move|p1a: Kommo-o|Clanging Scales|p2b: Sinistcha|[spread] p2b
|-activate|p2a: Gholdengo|move: Protect
|-damage|p2b: Sinistcha|11/100
|-unboost|p1a: Kommo-o|def|1
|move|p2b: Sinistcha|Matcha Gotcha|p1a: Kommo-o|[spread] p1a,p1b
|-resisted|p1a: Kommo-o|1
|-supereffective|p1b: Primarina|1
|-damage|p1a: Kommo-o|49/100 brn
|-heal|p2b: Sinistcha|15/100|[from] drain|[of] p1a: Kommo-o
|-damage|p1b: Primarina|17/100
|-heal|p2b: Sinistcha|35/100|[from] drain|[of] p1b: Primarina
|move|p1b: Primarina|Hyper Voice|p2b: Sinistcha|[spread] p2b
|-activate|p2a: Gholdengo|move: Protect
|-resisted|p2b: Sinistcha|1
|-damage|p2b: Sinistcha|12/100
|
|-heal|p1a: Kommo-o|55/100 brn|[from] item: Leftovers
|-damage|p1a: Kommo-o|49/100 brn|[from] brn
|upkeep
|turn|3
|inactive|lightsakura has 30 seconds left.
|
|t:|1785389646
|move|p2b: Sinistcha|Rage Powder|p2b: Sinistcha
|-singleturn|p2b: Sinistcha|move: Rage Powder
|move|p1a: Kommo-o|Clanging Scales|p2b: Sinistcha|[spread] p2a,p2b
|-resisted|p2a: Gholdengo|1
|-damage|p2a: Gholdengo|0 fnt
|-damage|p2b: Sinistcha|0 fnt
|faint|p2a: Gholdengo
|faint|p2b: Sinistcha
|-unboost|p1a: Kommo-o|def|1
|move|p1b: Primarina|Hyper Voice|p2: Gholdengo|[notarget]
|-fail|p1b: Primarina
|
|-heal|p1a: Kommo-o|55/100 brn|[from] item: Leftovers
|-damage|p1a: Kommo-o|49/100 brn|[from] brn
|upkeep
|
|t:|1785389661
|switch|p2a: Tyranitar|Tyranitar, L50, F|100/100
|switch|p2b: Excadrill|Excadrill, L50, M|100/100
|-weather|Sandstorm|[from] ability: Sand Stream|[of] p2a: Tyranitar
|turn|4
|
|t:|1785389679
|detailschange|p2a: Tyranitar|Tyranitar-Mega, L50, F
|-mega|p2a: Tyranitar|Tyranitar|Tyranitarite
|move|p1a: Kommo-o|Protect|p1a: Kommo-o
|-singleturn|p1a: Kommo-o|Protect
|move|p1b: Primarina|Protect|p1b: Primarina
|-singleturn|p1b: Primarina|Protect
|move|p2b: Excadrill|Rock Slide|p1b: Primarina|[spread] 
|-activate|p1a: Kommo-o|move: Protect
|-activate|p1b: Primarina|move: Protect
|move|p2a: Tyranitar|Knock Off|p1a: Kommo-o
|-activate|p1a: Kommo-o|move: Protect
|
|-weather|Sandstorm|[upkeep]
|-damage|p1a: Kommo-o|43/100 brn|[from] Sandstorm
|-damage|p1b: Primarina|11/100|[from] Sandstorm
|-heal|p1a: Kommo-o|49/100 brn|[from] item: Leftovers
|-damage|p1a: Kommo-o|43/100 brn|[from] brn
|upkeep
|turn|5
|inactive|grfynnvgc has 30 seconds left.
|
|t:|1785389710
|switch|p1b: Ninetales|Ninetales-Alola, L50, M|100/100
|-weather|Snowscape|[from] ability: Snow Warning|[of] p1b: Ninetales
|move|p1a: Kommo-o|Aura Sphere|p2b: Excadrill
|-supereffective|p2b: Excadrill|1
|-enditem|p2b: Excadrill|Focus Sash
|-damage|p2b: Excadrill|1/100
|move|p2b: Excadrill|Rock Slide|p1b: Ninetales|[spread] p1a,p1b
|-resisted|p1a: Kommo-o|1
|-supereffective|p1b: Ninetales|1
|-damage|p1a: Kommo-o|28/100 brn
|-damage|p1b: Ninetales|54/100
|move|p2a: Tyranitar|Knock Off|p1a: Kommo-o
|-resisted|p1a: Kommo-o|1
|-damage|p1a: Kommo-o|0 fnt
|-enditem|p1a: Kommo-o|Leftovers|[from] move: Knock Off|[of] p2a: Tyranitar
|faint|p1a: Kommo-o
|
|-weather|Snowscape|[upkeep]
|upkeep
|
|t:|1785389730
|switch|p1a: Primarina|Primarina, L50, F|11/100
|turn|6
|
|t:|1785389737
|move|p2b: Excadrill|Protect|p2b: Excadrill
|-singleturn|p2b: Excadrill|Protect
|move|p1b: Ninetales|Blizzard|p2a: Tyranitar|[spread] p2a
|-activate|p2b: Excadrill|move: Protect
|-damage|p2a: Tyranitar|74/100
|move|p2a: Tyranitar|Rock Slide|p1a: Primarina|[spread] p1a,p1b
|-supereffective|p1b: Ninetales|1
|-damage|p1a: Primarina|0 fnt
|-damage|p1b: Ninetales|0 fnt
|faint|p1a: Primarina
|faint|p1b: Ninetales
|
|-weather|Snowscape|[upkeep]
|upkeep
|
|t:|1785389760
|switch|p1b: Gengar|Gengar, L50, M|100/100
|turn|7
|-message|grfynnvgc forfeited.
|
|win|lightsakura
