|j|☆raucho
|j|☆sam smithy
|html|rauchosam smithy    
|uhtml|bestof|Game 1 of a best-of-3
|t:|1757735203
|gametype|doubles
|player|p1|raucho|n|1224
|player|p2|sam smithy|silver|1266
|gen|9
|tier|[Gen 9] VGC 2025 Reg H (Bo3)
|rated|
|rule|Species Clause: Limit one of each Pokémon
|rule|Item Clause: Limit 1 of each item
|clearpoke
|poke|p1|Gholdengo, L50|
|poke|p1|Whimsicott, L50, M|
|poke|p1|Indeedee, L50, M|
|poke|p1|Sneasler, L50, M|
|poke|p1|Electabuzz, L50, F|
|poke|p1|Ursaluna-Bloodmoon, L50, M|
|poke|p2|Charizard, L50, M|
|poke|p2|Murkrow, L50, M|
|poke|p2|Torkoal, L50, M|
|poke|p2|Rillaboom, L50, M|
|poke|p2|Sneasler, L50, M|
|poke|p2|Ursaluna-Bloodmoon, L50, M|
|teampreview|4
|showteam|p1|Gholdengo||IronPlate|GoodasGold|MakeItRain,ShadowBall,NastyPlot,Protect||||||50|,,,,,Dragon]Whimsicott||CovertCloak|Prankster|Moonblast,Tailwind,LightScreen,Encore|||M|||50|,,,,,Rock]Indeedee||FocusSash|PsychicSurge|ExpandingForce,Imprison,TrickRoom,Protect|||M|||50|,,,,,Psychic]Sneasler||PsychicSeed|Unburden|ThroatChop,CloseCombat,DireClaw,Protect|||M|||50|,,,,,Dark]Electabuzz||Eviolite|VitalSpirit|Electroweb,Taunt,FollowMe,Protect|||F|||50|,,,,,Dragon]Ursaluna-Bloodmoon||LifeOrb|MindsEye|HyperVoice,BloodMoon,EarthPower,Protect|||M|||50|,,,,,Normal
|showteam|p2|Charizard||ChoiceSpecs|SolarPower|HeatWave,DragonPulse,ScorchingSands,Overheat|||M|||50|,,,,,Fire]Murkrow||Eviolite|Prankster|FoulPlay,SunnyDay,Haze,Tailwind|||M|||50|,,,,,Ghost]Torkoal||EjectPack|Drought|Eruption,Overheat,HelpingHand,Protect|||M|||50|,,,,,Fire]Rillaboom||MiracleSeed|GrassySurge|WoodHammer,GrassyGlide,FakeOut,HighHorsepower|||M|||50|,,,,,Grass]Sneasler||GrassySeed|Unburden|Acrobatics,DireClaw,CloseCombat,Protect|||M|||50|,,,,,Flying]Ursaluna-Bloodmoon||LifeOrb|MindsEye|BloodMoon,Protect,HyperVoice,EarthPower|||M|||50|,,,,,Normal
|inactive|Battle timer is ON: inactive players will automatically lose when time's up. (requested by raucho)
|inactive|raucho has 60 seconds left.
|inactive|sam smithy has 60 seconds left.
|inactive|sam smithy has 30 seconds left.
|
|t:|1757735267
|teamsize|p1|4
|teamsize|p2|4
|start
|switch|p1a: Whimsicott|Whimsicott, L50, M, shiny|100/100
|switch|p1b: Indeedee|Indeedee, L50, M, shiny|100/100
|switch|p2a: John Cena|Sneasler, L50, M, shiny|100/100
|switch|p2b: Jerry Rivera|Rillaboom, L50, M, shiny|100/100
|-fieldstart|move: Psychic Terrain|[from] ability: Psychic Surge|[of] p1b: Indeedee
|-fieldstart|move: Grassy Terrain|[from] ability: Grassy Surge|[of] p2b: Jerry Rivera
|-enditem|p2a: John Cena|Grassy Seed
|-boost|p2a: John Cena|def|1|[from] item: Grassy Seed
|turn|1
|
|t:|1757735284
|switch|p1b: Sneasler|Sneasler, L50, M, shiny|100/100
|-terastallize|p1a: Whimsicott|Rock
|move|p2b: Jerry Rivera|Fake Out|p1b: Sneasler
|-damage|p1b: Sneasler|78/100
|move|p1a: Whimsicott|Tailwind|p1a: Whimsicott
|-sidestart|p1: raucho|move: Tailwind
|move|p2a: John Cena|Dire Claw|p1a: Whimsicott
|-resisted|p1a: Whimsicott
|-damage|p1a: Whimsicott|74/100
|
|-heal|p1b: Sneasler|84/100|[from] Grassy Terrain
|-heal|p1a: Whimsicott|80/100|[from] Grassy Terrain
|upkeep
|turn|2
|inactive|raucho has 30 seconds left.
|
|t:|1757735315
|-terastallize|p2a: John Cena|Flying
|move|p1a: Whimsicott|Encore|p2b: Jerry Rivera
|-start|p2b: Jerry Rivera|Encore
|move|p2b: Jerry Rivera|Fake Out||[still]
|-hint|Fake Out only works on your first turn out.
|-fail|p2b: Jerry Rivera
|move|p2a: John Cena|Acrobatics|p1b: Sneasler
|-supereffective|p1b: Sneasler
|-crit|p1b: Sneasler
|-damage|p1b: Sneasler|0 fnt
|faint|p1b: Sneasler
|
|-heal|p1a: Whimsicott|86/100|[from] Grassy Terrain
|upkeep
|
|t:|1757735323
|switch|p1b: Indeedee|Indeedee, L50, M, shiny|100/100
|-fieldstart|move: Psychic Terrain|[from] ability: Psychic Surge|[of] p1b: Indeedee
|turn|3
|
|t:|1757735340
|switch|p2b: AC/DC|Murkrow, L50, M|100/100
|move|p2a: John Cena|Protect|p2a: John Cena
|-singleturn|p2a: John Cena|Protect
|move|p1b: Indeedee|Expanding Force|p2a: John Cena|[spread] 
|-activate|p2a: John Cena|move: Protect
|-immune|p2b: AC/DC
|move|p1a: Whimsicott|Moonblast|p2a: John Cena
|-activate|p2a: John Cena|move: Protect
|
|upkeep
|turn|4
|inactive|sam smithy has 30 seconds left.
|
|t:|1757735368
|move|p2a: John Cena|Acrobatics|p1b: Indeedee
|-enditem|p1b: Indeedee|Focus Sash
|-damage|p1b: Indeedee|1/100
|move|p1b: Indeedee|Expanding Force|p2b: AC/DC|[spread] p2a
|-immune|p2b: AC/DC
|-crit|p2a: John Cena
|-damage|p2a: John Cena|0 fnt
|faint|p2a: John Cena
|move|p1a: Whimsicott|Moonblast|p2b: AC/DC
|-supereffective|p2b: AC/DC
|-damage|p2b: AC/DC|47/100
|-unboost|p2b: AC/DC|spa|1
|move|p2b: AC/DC|Foul Play|p1b: Indeedee
|-supereffective|p1b: Indeedee
|-crit|p1b: Indeedee
|-damage|p1b: Indeedee|0 fnt
|faint|p1b: Indeedee
|
|-sideend|p1: raucho|move: Tailwind
|upkeep
|
|t:|1757735381
|switch|p2a: Jerry Rivera|Rillaboom, L50, M, shiny|100/100
|switch|p1b: Ursaluna|Ursaluna-Bloodmoon, L50, M|100/100
|-fieldstart|move: Grassy Terrain|[from] ability: Grassy Surge|[of] p2a: Jerry Rivera
|turn|5
|
|t:|1757735400
|move|p1b: Ursaluna|Protect|p1b: Ursaluna
|-singleturn|p1b: Ursaluna|Protect
|move|p1a: Whimsicott|Tailwind|p1a: Whimsicott
|-sidestart|p1: raucho|move: Tailwind
|move|p2b: AC/DC|Tailwind|p2b: AC/DC
|-sidestart|p2: sam smithy|move: Tailwind
|move|p2a: Jerry Rivera|Wood Hammer|p1b: Ursaluna
|-activate|p1b: Ursaluna|move: Protect
|
|-heal|p1a: Whimsicott|92/100|[from] Grassy Terrain
|upkeep
|turn|6
|
|t:|1757735415
|move|p1a: Whimsicott|Moonblast|p2b: AC/DC
|-supereffective|p2b: AC/DC
|-damage|p2b: AC/DC|0 fnt
|faint|p2b: AC/DC
|move|p2a: Jerry Rivera|Wood Hammer|p1b: Ursaluna
|-supereffective|p1b: Ursaluna
|-crit|p1b: Ursaluna
|-damage|p1b: Ursaluna|0 fnt
|faint|p1b: Ursaluna
|-damage|p2a: Jerry Rivera|71/100|[from] Recoil
|
|-heal|p1a: Whimsicott|98/100|[from] Grassy Terrain
|-heal|p2a: Jerry Rivera|76/100|[from] Grassy Terrain
|upkeep
|
|t:|1757735421
|switch|p2b: TED|Ursaluna-Bloodmoon, L50, M|100/100
|turn|7
|c|☆sam smithy|gg
|
|t:|1757735428
|move|p2a: Jerry Rivera|Grassy Glide|p1a: Whimsicott
|-supereffective|p1a: Whimsicott
|-damage|p1a: Whimsicott|0 fnt
|faint|p1a: Whimsicott
|
|win|sam smithy
