|j|☆TheLordNebiros
|j|☆Daniw9
|html|TheLordNebirosDaniw9    
|uhtml|bestof|Game 2 of a best-of-3
|t:|1756552293
|gametype|doubles
|player|p1|TheLordNebiros|2|1105
|player|p2|Daniw9|1|1200
|gen|9
|tier|[Gen 9] VGC 2025 Reg H (Bo3)
|rated|
|rule|Species Clause: Limit one of each Pokémon
|rule|Item Clause: Limit 1 of each item
|clearpoke
|poke|p1|Sneasler, L50, F|
|poke|p1|Indeedee-F, L50, F|
|poke|p1|Charizard, L50, M|
|poke|p1|Whimsicott, L50, M|
|poke|p1|Gholdengo, L50|
|poke|p1|Dragonite, L50, M|
|poke|p2|Garchomp, L50, M|
|poke|p2|Tyranitar, L50, M|
|poke|p2|Delphox, L50, F|
|poke|p2|Indeedee-F, L50, F|
|poke|p2|Gallade, L50, M|
|poke|p2|Whimsicott, L50, M|
|teampreview|4
|showteam|p1|Sneasler||PsychicSeed|Unburden|Protect,DireClaw,CloseCombat,ThroatChop|||F|||50|,,,,,Dark]Indeedee-F||SafetyGoggles|PsychicSurge|TrickRoom,FollowMe,Imprison,Protect|||F|||50|,,,,,Ground]Charizard||ChoiceSpecs|SolarPower|Flamethrower,HeatWave,AirSlash,SolarBeam|||M|||50|,,,,,Ghost]Whimsicott||CovertCloak|Prankster|Moonblast,SunnyDay,Tailwind,Taunt|||M|||50|,,,,,Dark]Gholdengo||LifeOrb|GoodasGold|Protect,NastyPlot,MakeItRain,ShadowBall||||||50|,,,,,Water]Dragonite||AssaultVest|InnerFocus|DragonClaw,ExtremeSpeed,IceSpinner,Earthquake|||M|||50|,,,,,Normal
|showteam|p2|Garchomp||LifeOrb|SandVeil|Earthquake,StompingTantrum,Protect,DragonClaw|||M|||50|,,,,,Steel]Tyranitar||AssaultVest|SandStream|RockSlide,TeraBlast,KnockOff,LowKick|||M|||50|,,,,,Flying]Delphox||PsychicSeed|Magician|ExpandingForce,HeatWave,TeraBlast,Protect|||F|||50|,,,,,Fairy]Indeedee-F||SafetyGoggles|PsychicSurge|DazzlingGleam,TrickRoom,FollowMe,HelpingHand|||F|||50|,,,,,Water]Gallade||ClearAmulet|Sharpness|SacredSword,PsychoCut,TrickRoom,Protect|||M|||50|,,,,,Grass]Whimsicott||CovertCloak|Prankster|Moonblast,Tailwind,Encore,Protect|||M|||50|,,,,,Ghost
|inactive|Battle timer is ON: inactive players will automatically lose when time's up. (requested by TheLordNebiros)
|
|t:|1756552309
|teamsize|p1|4
|teamsize|p2|4
|start
|switch|p1a: Indeedee|Indeedee-F, L50, F|100/100
|switch|p1b: Sneasler|Sneasler, L50, F, shiny|100/100
|switch|p2a: Delphox|Delphox, L50, F|100/100
|switch|p2b: Indeedee|Indeedee-F, L50, F|100/100
|-fieldstart|move: Psychic Terrain|[from] ability: Psychic Surge|[of] p1a: Indeedee
|-enditem|p2a: Delphox|Psychic Seed
|-boost|p2a: Delphox|spd|1|[from] item: Psychic Seed
|-enditem|p1b: Sneasler|Psychic Seed
|-boost|p1b: Sneasler|spd|1|[from] item: Psychic Seed
|turn|1
|inactive|TheLordNebiros has 30 seconds left.
|
|t:|1756552335
|move|p1b: Sneasler|Protect|p1b: Sneasler
|-singleturn|p1b: Sneasler|Protect
|move|p2b: Indeedee|Follow Me|p2b: Indeedee
|-singleturn|p2b: Indeedee|move: Follow Me
|move|p2a: Delphox|Expanding Force|p1a: Indeedee|[spread] p1a
|-activate|p1b: Sneasler|move: Protect
|-resisted|p1a: Indeedee
|-damage|p1a: Indeedee|73/100
|-item|p2a: Delphox|Safety Goggles|[from] ability: Magician|[of] p1a: Indeedee
|move|p1a: Indeedee|Imprison|p1a: Indeedee
|-start|p1a: Indeedee|move: Imprison
|
|upkeep
|turn|2
|inactive|TheLordNebiros has 30 seconds left.
|inactive|TheLordNebiros has 20 seconds left.
|inactive|TheLordNebiros has 15 seconds left.
|
|t:|1756552378
|-terastallize|p2a: Delphox|Fairy
|move|p1a: Indeedee|Follow Me|p1a: Indeedee
|-singleturn|p1a: Indeedee|move: Follow Me
|move|p1b: Sneasler|Throat Chop|p2a: Delphox
|-resisted|p2a: Delphox
|-damage|p2a: Delphox|75/100
|-start|p2a: Delphox|Throat Chop|[silent]
|move|p2a: Delphox|Heat Wave|p1a: Indeedee|[spread] p1a,p1b
|-damage|p1a: Indeedee|37/100
|-damage|p1b: Sneasler|71/100
|move|p2b: Indeedee|Dazzling Gleam|p1a: Indeedee|[spread] p1a,p1b
|-damage|p1a: Indeedee|25/100
|-damage|p1b: Sneasler|60/100
|
|upkeep
|turn|3
|
|t:|1756552398
|switch|p2a: Tyranitar|Tyranitar, L50, M|100/100
|-weather|Sandstorm|[from] ability: Sand Stream|[of] p2a: Tyranitar
|switch|p2b: Gallade|Gallade, L50, M|100/100
|move|p1a: Indeedee|Protect|p1a: Indeedee
|-singleturn|p1a: Indeedee|Protect
|move|p1b: Sneasler|Dire Claw|p2a: Tyranitar
|-resisted|p2a: Tyranitar
|-damage|p2a: Tyranitar|82/100
|
|-weather|Sandstorm|[upkeep]
|-damage|p1b: Sneasler|53/100|[from] Sandstorm
|-damage|p1a: Indeedee|19/100|[from] Sandstorm
|-damage|p2b: Gallade|95/100|[from] Sandstorm
|upkeep
|turn|4
|inactive|TheLordNebiros has 30 seconds left.
|
|t:|1756552431
|switch|p1a: Whimsicott|Whimsicott, L50, M|100/100
|switch|p2a: Delphox|Delphox, L50, F, tera:Fairy|75/100
|move|p1b: Sneasler|Close Combat|p2a: Delphox
|-resisted|p2a: Delphox
|-damage|p2a: Delphox|27/100
|-unboost|p1b: Sneasler|def|1
|-unboost|p1b: Sneasler|spd|1
|move|p2b: Gallade|Psycho Cut|p1b: Sneasler
|-supereffective|p1b: Sneasler
|-damage|p1b: Sneasler|0 fnt
|faint|p1b: Sneasler
|
|-weather|Sandstorm|[upkeep]
|-damage|p1a: Whimsicott|95/100|[from] Sandstorm
|-damage|p2b: Gallade|89/100|[from] Sandstorm
|upkeep
|
|t:|1756552448
|switch|p1b: Indeedee|Indeedee-F, L50, F|19/100
|turn|5
|
|t:|1756552452
|move|p2b: Gallade|Protect|p2b: Gallade
|-singleturn|p2b: Gallade|Protect
|move|p1b: Indeedee|Follow Me|p1b: Indeedee
|-singleturn|p1b: Indeedee|move: Follow Me
|move|p1a: Whimsicott|Tailwind|p1a: Whimsicott
|-sidestart|p1: TheLordNebiros|move: Tailwind
|move|p2a: Delphox|Heat Wave|p1b: Indeedee|[spread] p1a,p1b
|-supereffective|p1a: Whimsicott
|-damage|p1a: Whimsicott|1/100
|-damage|p1b: Indeedee|0 fnt
|faint|p1b: Indeedee
|
|-weather|Sandstorm|[upkeep]
|-damage|p1a: Whimsicott|0 fnt|[from] Sandstorm
|-damage|p2b: Gallade|83/100|[from] Sandstorm
|faint|p1a: Whimsicott
|-fieldend|move: Psychic Terrain
|upkeep
|
|t:|1756552462
|switch|p1a: Charizard|Charizard, L50, M|100/100
|turn|6
|
|t:|1756552470
|move|p1a: Charizard|Heat Wave|p2b: Gallade|[spread] p2a
|-miss|p1a: Charizard|p2b: Gallade
|-damage|p2a: Delphox|0 fnt
|faint|p2a: Delphox
|move|p2b: Gallade|Trick Room|p2b: Gallade
|-fieldstart|move: Trick Room|[of] p2b: Gallade
|
|-weather|Sandstorm|[upkeep]
|-damage|p2b: Gallade|77/100|[from] Sandstorm
|-damage|p1a: Charizard|95/100|[from] Sandstorm
|upkeep
|-message|TheLordNebiros forfeited.
|
|win|Daniw9
|raw|TheLordNebiros's rating: 1105 → 1087(-18 for losing)
|raw|Daniw9's rating: 1200 → 1218(+18 for winning)
|l|☆TheLordNebiros
|player|p1|
