|j|☆immmcanadian
|j|☆PrinceFrerin
|html|immmcanadianPrinceFrerin    
|uhtml|bestof|Game 1 of a best-of-3
|t:|1783790727
|gametype|doubles
|player|p1|immmcanadian|170|
|player|p2|PrinceFrerin|266|
|gen|9
|tier|[Gen 9 Champions] VGC 2026 Reg M-B (Bo3)
|rule|Species Clause: Limit one of each Pokémon
|rule|Item Clause: Limit 1 of each item
|clearpoke
|poke|p1|Skeledirge, L50, M, shiny|
|poke|p1|Gholdengo, L50|
|poke|p1|Froslass, L50, F, shiny|
|poke|p1|Archaludon, L50, M|
|poke|p1|Gallade, L50, M|
|poke|p1|Scrafty, L50, F|
|poke|p2|Sneasler, L50, M|
|poke|p2|Tauros-Paldea-Aqua, L50, M|
|poke|p2|Slowbro, L50, M|
|poke|p2|Gardevoir, L50, M|
|poke|p2|Metagross, L50|
|poke|p2|Kleavor, L50, F|
|teampreview|4
|showteam|p1|Skeledirge||SitrusBerry|Blaze|TorchSong,Yawn,Protect,Overheat|Modest||M|||50|]Gholdengo||LifeOrb|GoodasGold|MakeItRain,NastyPlot,Surf,Recover|Bold|||||50|]Froslass||Froslassite|SnowCloak|Blizzard,Protect,WillOWisp,Thunderbolt|Gentle||F|||50|]Archaludon||Leftovers|Stamina|ElectroShot,Protect,FlashCannon,DragonTail|Relaxed||M|||50|]Gallade||ChoiceScarf|Sharpness|SacredSword,AerialAce,SolarBlade,ZenHeadbutt|Adamant||M|||50|]Scrafty||Scraftinite|Intimidate|KnockOff,DrainPunch,FoulPlay,HeadSmash|Jolly||F|||50|
|showteam|p2|Sneasler||FocusSash|Unburden|RockSlide,RockTomb,FakeOut,DireClaw|Adamant||M|||50|]Tauros-Paldea-Aqua||LifeOrb|Intimidate|AquaJet,CloseCombat,HighHorsepower,RagingBull|Naughty||M|||50|]Slowbro||SitrusBerry|Regenerator|Scald,IceBeam,NastyPlot,FoulPlay|Modest||M|||50|]Gardevoir||Gardevoirite|Trace|HyperVoice,Protect,CalmMind,Psychic|Quiet||M|||50|]Metagross||Metagrossite|ClearBody|MeteorMash,Protect,ShadowClaw,ThunderPunch|Adamant|||||50|]Kleavor||ChoiceScarf|SheerForce|StoneAxe,NightSlash,BrickBreak,DoubleHit|Adamant||F|||50|
|
|t:|1783790736
|teamsize|p1|4
|teamsize|p2|4
|start
|switch|p1a: Gallade|Gallade, L50, M|100/100
|switch|p1b: Gholdengo|Gholdengo, L50|100/100
|switch|p2a: Reecoome|Sneasler, L50, M|100/100
|switch|p2b: Frieza|Gardevoir, L50, M|100/100
|-ability|p2b: Frieza|Sharpness|Trace|[from] ability: Trace|[of] p1a: Gallade
|turn|1
|j| Joey Snowball
|inactive|Battle timer is ON: inactive players will automatically lose when time's up. (requested by immmcanadian)
|inactive|immmcanadian has 60 seconds left.
|inactive|PrinceFrerin has 60 seconds left.
|inactive|PrinceFrerin has 30 seconds left.
|
|t:|1783790804
|move|p1a: Gallade|Zen Headbutt|p2a: Reecoome
|-supereffective|p2a: Reecoome|2
|-enditem|p2a: Reecoome|Focus Sash
|-damage|p2a: Reecoome|1/100
|move|p2a: Reecoome|Rock Slide|p1a: Gallade|[spread] p1a
|-miss|p2a: Reecoome|p1b: Gholdengo
|-resisted|p1a: Gallade|1
|-damage|p1a: Gallade|81/100
|move|p1b: Gholdengo|Nasty Plot|p1b: Gholdengo
|-boost|p1b: Gholdengo|spa|2
|move|p2b: Frieza|Hyper Voice|p1b: Gholdengo|[spread] p1a
|-immune|p1b: Gholdengo
|-damage|p1a: Gallade|55/100
|
|upkeep
|turn|2
|inactive|immmcanadian has 30 seconds left.
|inactive|PrinceFrerin has 30 seconds left.
|inactive|PrinceFrerin has 20 seconds left.
|inactive|PrinceFrerin has 15 seconds left.
|
|t:|1783790847
|detailschange|p2b: Frieza|Gardevoir-Mega, L50, M
|-mega|p2b: Frieza|Gardevoir|Gardevoirite
|move|p2a: Reecoome|Dire Claw|p1a: Gallade
|-damage|p1a: Gallade|0 fnt
|faint|p1a: Gallade
|move|p2b: Frieza|Hyper Voice|p1b: Gholdengo
|-resisted|p1b: Gholdengo|1
|-damage|p1b: Gholdengo|52/100
|move|p1b: Gholdengo|Nasty Plot|p1b: Gholdengo
|-boost|p1b: Gholdengo|spa|2
|
|upkeep
|
|t:|1783790864
|switch|p1a: Scrafty|Scrafty, L50, F|100/100
|-ability|p1a: Scrafty|Intimidate|boost
|-unboost|p2a: Reecoome|atk|1
|-unboost|p2b: Frieza|atk|1
|turn|3
|
|t:|1783790887
|detailschange|p1a: Scrafty|Scrafty-Mega, L50, F
|-mega|p1a: Scrafty|Scrafty|Scraftinite
|-ability|p1a: Scrafty|Intimidate|boost
|-unboost|p2a: Reecoome|atk|1
|-unboost|p2b: Frieza|atk|1
|move|p2a: Reecoome|Rock Slide|p1a: Scrafty|[spread] p1a,p1b
|-resisted|p1a: Scrafty|1
|-resisted|p1b: Gholdengo|1
|-damage|p1a: Scrafty|94/100
|-damage|p1b: Gholdengo|48/100
|cant|p1a: Scrafty|flinch
|move|p2b: Frieza|Hyper Voice|p1b: Gholdengo|[spread] p1a,p1b
|-supereffective|p1a: Scrafty|2
|-resisted|p1b: Gholdengo|1
|-damage|p1a: Scrafty|0 fnt
|-damage|p1b: Gholdengo|16/100
|faint|p1a: Scrafty
|move|p1b: Gholdengo|Make It Rain|p2a: Reecoome|[spread] p2a,p2b
|-crit|p2a: Reecoome
|-supereffective|p2b: Frieza|1
|-damage|p2a: Reecoome|0 fnt
|-damage|p2b: Frieza|0 fnt
|-unboost|p1b: Gholdengo|spa|2
|faint|p2a: Reecoome
|faint|p2b: Frieza
|-damage|p1b: Gholdengo|6/100|[from] item: Life Orb
|
|upkeep
|
|t:|1783790908
|switch|p2a: Jeice|Tauros-Paldea-Aqua, L50, M|100/100
|switch|p1a: Skeledirge|Skeledirge, L50, M, shiny|100/100
|switch|p2b: Captain Ginyu|Metagross, L50|100/100
|-ability|p2a: Jeice|Intimidate|boost
|-unboost|p1a: Skeledirge|atk|1
|-unboost|p1b: Gholdengo|atk|1
|turn|4
|inactive|PrinceFrerin has 30 seconds left.
|inactive|PrinceFrerin has 20 seconds left.
|inactive|PrinceFrerin has 15 seconds left.
|
|t:|1783790950
|move|p2a: Jeice|High Horsepower|p1b: Gholdengo
|-supereffective|p1b: Gholdengo|1
|-damage|p1b: Gholdengo|0 fnt
|faint|p1b: Gholdengo
|-damage|p2a: Jeice|90/100|[from] item: Life Orb
|move|p1a: Skeledirge|Yawn|p2a: Jeice
|-start|p2a: Jeice|move: Yawn|[of] p1a: Skeledirge
|move|p2b: Captain Ginyu|Shadow Claw|p1a: Skeledirge
|-supereffective|p1a: Skeledirge|1
|-damage|p1a: Skeledirge|49/100
|-enditem|p1a: Skeledirge|Sitrus Berry|[eat]
|-heal|p1a: Skeledirge|74/100|[from] item: Sitrus Berry
|
|upkeep
|turn|5
|
|t:|1783790969
|move|p1a: Skeledirge|Protect|p1a: Skeledirge
|-singleturn|p1a: Skeledirge|Protect
|move|p2a: Jeice|Raging Bull|p1a: Skeledirge
|-activate|p1a: Skeledirge|move: Protect
|move|p2b: Captain Ginyu|Shadow Claw|p1a: Skeledirge
|-activate|p1a: Skeledirge|move: Protect
|
|-end|p2a: Jeice|move: Yawn|[silent]
|-status|p2a: Jeice|slp
|upkeep
|turn|6
|inactive|immmcanadian has 30 seconds left.
|inactive|immmcanadian has 20 seconds left.
|
|t:|1783791006
|cant|p2a: Jeice|slp
|move|p1a: Skeledirge|Torch Song|p2b: Captain Ginyu
|-supereffective|p2b: Captain Ginyu|1
|-damage|p2b: Captain Ginyu|0 fnt
|-boost|p1a: Skeledirge|spa|1
|faint|p2b: Captain Ginyu
|
|upkeep
|turn|7
|
|t:|1783791020
|cant|p2a: Jeice|slp
|move|p1a: Skeledirge|Torch Song|p2a: Jeice
|-resisted|p2a: Jeice|1
|-damage|p2a: Jeice|46/100 slp
|-boost|p1a: Skeledirge|spa|1
|
|upkeep
|turn|8
|
|t:|1783791030
|-curestatus|p2a: Jeice|slp|[msg]
|move|p2a: Jeice|Raging Bull|p1a: Skeledirge
|-supereffective|p1a: Skeledirge|1
|-damage|p1a: Skeledirge|0 fnt
|faint|p1a: Skeledirge
|-damage|p2a: Jeice|36/100|[from] item: Life Orb
|
|win|PrinceFrerin
||immmcanadian is ready for game 2.
