|j|☆supremeenchilada
|j|☆dr_sugus_vgc
|html|supremeenchiladadr_sugus_vgc    
|uhtml|bestof|Game 2 of a best-of-3
|t:|1756392058
|gametype|doubles
|player|p1|supremeenchilada|101|1078
|player|p2|dr_sugus_vgc|265|1169
|gen|9
|tier|[Gen 9] VGC 2025 Reg H (Bo3)
|rated|
|rule|Species Clause: Limit one of each Pokémon
|rule|Item Clause: Limit 1 of each item
|clearpoke
|poke|p1|Amoonguss, L50, M|
|poke|p1|Incineroar, L50, M|
|poke|p1|Indeedee-F, L50, F|
|poke|p1|Hatterene, L50, F|
|poke|p1|Torkoal, L50, F|
|poke|p1|Ursaluna, L50, M|
|poke|p2|Politoed, L50, F|
|poke|p2|Gothitelle, L50, M|
|poke|p2|Incineroar, L50, M|
|poke|p2|Amoonguss, L50, F|
|poke|p2|Dragapult, L50, M|
|poke|p2|Kingambit, L50, M|
|teampreview|4
|showteam|p1|Amoonguss||RockyHelmet|EffectSpore|Protect,Spore,RagePowder,PollenPuff|||M|||50|,,,,,Rock]Incineroar||SafetyGoggles|Intimidate|FakeOut,KnockOff,FlareBlitz,PartingShot|||M|||50|,,,,,Bug]Indeedee-F||PsychicSeed|PsychicSurge|TrickRoom,Psychic,FollowMe,Protect|||F|||50|,,,,,Dark]Hatterene||LifeOrb|MagicBounce|DazzlingGleam,ExpandingForce,Protect,TrickRoom|||F|||50|,,,,,Psychic]Torkoal||Charcoal|Drought|Eruption,HeatWave,SolarBeam,AncientPower|||F|||50|,,,,,Flying]Ursaluna||FlameOrb|Guts|Protect,HeadlongRush,Earthquake,Facade|||M|||50|,,,,,Grass
|showteam|p2|Politoed||Leftovers|Drizzle|Protect,WeatherBall,PerishSong,Encore|||F|||50|,,,,,Grass]Gothitelle||SitrusBerry|ShadowTag|Protect,Psychic,FakeOut,TrickRoom|||M|||50|,,,,,Dark]Incineroar||SafetyGoggles|Intimidate|Protect,KnockOff,FakeOut,PartingShot|||M|||50|,,,,,Ghost]Amoonguss||EjectButton|Regenerator|Protect,RagePowder,PollenPuff,Spore|||F|||50|,,,,,Fairy]Dragapult||ChoiceBand|ClearBody|DragonDarts,Outrage,PhantomForce,Disable|||M|||50|,,,,,Dragon]Kingambit||BlackGlasses|Defiant|SwordsDance,KowtowCleave,SuckerPunch,Protect|||M|||50|,,,,,Dark
|inactive|Battle timer is ON: inactive players will automatically lose when time's up. (requested by supremeenchilada)
|
|t:|1756392085
|teamsize|p1|4
|teamsize|p2|4
|start
|switch|p1a: Incineroar|Incineroar, L50, M, shiny|100/100
|switch|p1b: Ursaluna|Ursaluna, L50, M|100/100
|switch|p2a: Kingambit|Kingambit, L50, M|100/100
|switch|p2b: Incineroar|Incineroar, L50, M|100/100
|-ability|p1a: Incineroar|Intimidate|boost
|-unboost|p2a: Kingambit|atk|1
|-ability|p2a: Kingambit|Defiant|boost
|-boost|p2a: Kingambit|atk|2
|-unboost|p2b: Incineroar|atk|1
|-ability|p2b: Incineroar|Intimidate|boost
|-unboost|p1a: Incineroar|atk|1
|-unboost|p1b: Ursaluna|atk|1
|turn|1
|
|t:|1756392104
|switch|p2b: Gothitelle|Gothitelle, L50, M|100/100
|move|p2a: Kingambit|Protect|p2a: Kingambit
|-singleturn|p2a: Kingambit|Protect
|move|p1b: Ursaluna|Protect|p1b: Ursaluna
|-singleturn|p1b: Ursaluna|Protect
|move|p1a: Incineroar|Fake Out|p2a: Kingambit
|-activate|p2a: Kingambit|move: Protect
|
|-status|p1b: Ursaluna|brn|[from] item: Flame Orb
|upkeep
|turn|2
|inactive|supremeenchilada has 30 seconds left.
|
|t:|1756392132
|-terastallize|p1a: Incineroar|Bug
|-terastallize|p2a: Kingambit|Dark
|move|p2b: Gothitelle|Fake Out|p1b: Ursaluna
|-damage|p1b: Ursaluna|96/100 brn
|move|p1a: Incineroar|Knock Off|p2b: Gothitelle
|-supereffective|p2b: Gothitelle
|-damage|p2b: Gothitelle|42/100
|-enditem|p2b: Gothitelle|Sitrus Berry|[from] move: Knock Off|[of] p1a: Incineroar
|move|p2a: Kingambit|Swords Dance|p2a: Kingambit
|-boost|p2a: Kingambit|atk|2
|cant|p1b: Ursaluna|flinch
|
|-damage|p1b: Ursaluna|90/100 brn|[from] brn
|upkeep
|turn|3
|
|t:|1756392155
|switch|p2b: Incineroar|Incineroar, L50, M|100/100
|-ability|p2b: Incineroar|Intimidate|boost
|-unboost|p1a: Incineroar|atk|1
|-unboost|p1b: Ursaluna|atk|1
|move|p1b: Ursaluna|Protect|p1b: Ursaluna
|-singleturn|p1b: Ursaluna|Protect
|move|p1a: Incineroar|Knock Off|p2b: Incineroar
|-resisted|p2b: Incineroar
|-damage|p2b: Incineroar|90/100
|-enditem|p2b: Incineroar|Safety Goggles|[from] move: Knock Off|[of] p1a: Incineroar
|move|p2a: Kingambit|Kowtow Cleave|p1b: Ursaluna
|-activate|p1b: Ursaluna|move: Protect
|
|-damage|p1b: Ursaluna|84/100 brn|[from] brn
|upkeep
|turn|4
|inactive|supremeenchilada has 30 seconds left.
|
|t:|1756392182
|switch|p1a: Indeedee|Indeedee-F, L50, F|100/100
|-fieldstart|move: Psychic Terrain|[from] ability: Psychic Surge|[of] p1a: Indeedee
|-enditem|p1a: Indeedee|Psychic Seed
|-boost|p1a: Indeedee|spd|1|[from] item: Psychic Seed
|switch|p1b: Torkoal|Torkoal, L50, F|100/100
|-weather|SunnyDay|[from] ability: Drought|[of] p1b: Torkoal
|move|p2a: Kingambit|Kowtow Cleave|p1b: Torkoal
|-damage|p1b: Torkoal|0 fnt
|faint|p1b: Torkoal
|move|p2b: Incineroar|Parting Shot|p1a: Indeedee
|-unboost|p1a: Indeedee|atk|1
|-unboost|p1a: Indeedee|spa|1
|
|t:|1756392197
|switch|p2b: Politoed|Politoed, L50, F|100/100|[from] Parting Shot
|-weather|RainDance|[from] ability: Drizzle|[of] p2b: Politoed
|
|-weather|RainDance|[upkeep]
|upkeep
|
|t:|1756392204
|switch|p1b: Ursaluna|Ursaluna, L50, M|84/100 brn
|turn|5
|
|t:|1756392222
|move|p1a: Indeedee|Follow Me|p1a: Indeedee
|-singleturn|p1a: Indeedee|move: Follow Me
|move|p2b: Politoed|Weather Ball|p1a: Indeedee
|-damage|p1a: Indeedee|71/100
|move|p2a: Kingambit|Kowtow Cleave|p1a: Indeedee
|-supereffective|p1a: Indeedee
|-damage|p1a: Indeedee|0 fnt
|faint|p1a: Indeedee
|move|p1b: Ursaluna|Earthquake|p2a: Kingambit|[spread] p2a,p2b
|-damage|p2a: Kingambit|51/100
|-damage|p2b: Politoed|24/100
|
|-weather|RainDance|[upkeep]
|-heal|p2b: Politoed|30/100|[from] item: Leftovers
|-damage|p1b: Ursaluna|78/100 brn|[from] brn
|upkeep
|
|t:|1756392237
|switch|p1a: Incineroar|Incineroar, L50, M, shiny, tera:Bug|100/100
|-ability|p1a: Incineroar|Intimidate|boost
|-unboost|p2a: Kingambit|atk|1
|-ability|p2a: Kingambit|Defiant|boost
|-boost|p2a: Kingambit|atk|2
|-unboost|p2b: Politoed|atk|1
|turn|6
|
|t:|1756392250
|move|p2a: Kingambit|Protect|p2a: Kingambit
|-singleturn|p2a: Kingambit|Protect
|move|p1b: Ursaluna|Protect|p1b: Ursaluna
|-singleturn|p1b: Ursaluna|Protect
|move|p2b: Politoed|Perish Song|p2b: Politoed
|-start|p1a: Incineroar|perish3|[silent]
|-start|p1b: Ursaluna|perish3|[silent]
|-start|p2a: Kingambit|perish3|[silent]
|-start|p2b: Politoed|perish3|[silent]
|-fieldactivate|move: Perish Song
|move|p1a: Incineroar|Knock Off|p2b: Politoed
|-damage|p2b: Politoed|0 fnt
|-enditem|p2b: Politoed|Leftovers|[from] move: Knock Off|[of] p1a: Incineroar
|faint|p2b: Politoed
|
|-weather|RainDance|[upkeep]
|-damage|p1b: Ursaluna|72/100 brn|[from] brn
|-start|p1a: Incineroar|perish3
|-start|p2a: Kingambit|perish3
|-start|p1b: Ursaluna|perish3
|upkeep
|
|t:|1756392265
|switch|p2b: Incineroar|Incineroar, L50, M|90/100
|-ability|p2b: Incineroar|Intimidate|boost
|-unboost|p1a: Incineroar|atk|1
|-unboost|p1b: Ursaluna|atk|1
|turn|7
|l|☆supremeenchilada
|inactive|supremeenchilada disconnected and has a minute to reconnect!
|player|p1|
|inactive|supremeenchilada has 30 seconds left.
|inactive|supremeenchilada has 20 seconds left.
|inactive|supremeenchilada has 15 seconds left.
|inactive|supremeenchilada has 10 seconds left.
|inactive|supremeenchilada has 5 seconds left.
|-message|supremeenchilada lost due to inactivity.
|
|win|dr_sugus_vgc
|raw|supremeenchilada's rating: 1078 → 1062(-16 for losing)
|raw|dr_sugus_vgc's rating: 1169 → 1188(+19 for winning)
