|j|☆Yoelsan
|j|☆Olciax34
|html|YoelsanOlciax34    
|uhtml|bestof|Game 2 of a best-of-3
|t:|1784641857
|gametype|doubles
|player|p1|Yoelsan|alder|1279
|player|p2|Olciax34|266|1229
|gen|9
|tier|[Gen 9 Champions] VGC 2026 Reg M-B (Bo3)
|rated|
|rule|Species Clause: Limit one of each Pokémon
|rule|Item Clause: Limit 1 of each item
|clearpoke
|poke|p1|Incineroar, L50, F, shiny|
|poke|p1|Hydreigon, L50, F, shiny|
|poke|p1|Venusaur, L50, M|
|poke|p1|Annihilape, L50, F, shiny|
|poke|p1|Charizard, L50, M|
|poke|p1|Toxapex, L50, F|
|poke|p2|Charizard, L50, M|
|poke|p2|Whimsicott, L50, M|
|poke|p2|Garchomp, L50, M|
|poke|p2|Incineroar, L50, M|
|poke|p2|Basculegion, L50, M|
|poke|p2|Floette-Eternal, L50, F|
|teampreview|4
|showteam|p1|Incineroar||SitrusBerry|Intimidate|FakeOut,FlareBlitz,PartingShot,ThroatChop|Careful||F|||50|]Hydreigon||ChoiceScarf|Levitate|DracoMeteor,Snarl,EarthPower,DarkPulse|Modest||F|||50|]Venusaur||LifeOrb|Chlorophyll|Protect,LeafStorm,EarthPower,SludgeBomb|Modest||M|||50|]Annihilape||FocusSash|Defiant|Protect,CloseCombat,ShadowClaw,StoneEdge|Jolly||F|||50|]Charizard||CharizarditeY|Blaze|Protect,WeatherBall,HeatWave,HelpingHand|Modest||M|||50|]Toxapex||Leftovers|Regenerator|BanefulBunker,WideGuard,Toxic,Infestation|Bold||F|||50|
|showteam|p2|Charizard||CharizarditeY|SolarPower|HeatWave,WeatherBall,SolarBeam,Protect|Modest||M|||50|]Whimsicott||FocusSash|Prankster|Moonblast,Tailwind,Encore,Protect|Timid||M|||50|]Garchomp||LifeOrb|RoughSkin|Earthquake,DragonClaw,RockSlide,Protect|Jolly||M|||50|]Incineroar||SitrusBerry|Intimidate|FakeOut,ThroatChop,FlareBlitz,PartingShot|Careful||M|||50|]Basculegion||ChoiceScarf|Adaptability|WaveCrash,FlipTurn,LastRespects,AquaJet|Jolly||M|||50|]Floette-Eternal||Floettite|FlowerVeil|DrainingKiss,Moonblast,CalmMind,Protect|Modest||F|||50|
|inactive|Battle timer is ON: inactive players will automatically lose when time's up. (requested by Olciax34)
|inactive|Olciax34 has 60 seconds left.
|
|t:|1784641898
|teamsize|p1|4
|teamsize|p2|4
|start
|switch|p1a: Charizard|Charizard, L50, M|100/100
|switch|p1b: Incineroar|Incineroar, L50, F, shiny|100/100
|switch|p2a: Whimsicott|Whimsicott, L50, M|100/100
|switch|p2b: Garchomp|Garchomp, L50, M|100/100
|-ability|p1b: Incineroar|Intimidate|boost
|-unboost|p2a: Whimsicott|atk|1
|-unboost|p2b: Garchomp|atk|1
|turn|1
|inactive|Yoelsan has 30 seconds left.
|inactive|Olciax34 has 30 seconds left.
|
|t:|1784641925
|detailschange|p1a: Charizard|Charizard-Mega-Y, L50, M
|-mega|p1a: Charizard|Charizard|Charizardite Y
|-weather|SunnyDay|[from] ability: Drought|[of] p1a: Charizard
|move|p2a: Whimsicott|Protect|p2a: Whimsicott
|-singleturn|p2a: Whimsicott|Protect
|move|p2b: Garchomp|Protect|p2b: Garchomp
|-singleturn|p2b: Garchomp|Protect
|move|p1b: Incineroar|Fake Out|p2a: Whimsicott
|-activate|p2a: Whimsicott|move: Protect
|move|p1a: Charizard|Heat Wave|p2b: Garchomp|[spread] 
|-activate|p2a: Whimsicott|move: Protect
|-activate|p2b: Garchomp|move: Protect
|
|-weather|SunnyDay|[upkeep]
|upkeep
|turn|2
|inactive|Yoelsan has 30 seconds left.
|
|t:|1784641954
|move|p2a: Whimsicott|Moonblast|p1b: Incineroar
|-damage|p1b: Incineroar|72/100
|-unboost|p1b: Incineroar|spa|1
|move|p2b: Garchomp|Rock Slide|p1a: Charizard|[spread] p1a
|-miss|p2b: Garchomp|p1b: Incineroar
|-supereffective|p1a: Charizard|2
|-damage|p1a: Charizard|28/100
|-damage|p2b: Garchomp|90/100|[from] item: Life Orb
|move|p1a: Charizard|Heat Wave|p2a: Whimsicott|[spread] p2a,p2b
|-supereffective|p2a: Whimsicott|1
|-resisted|p2b: Garchomp|1
|-enditem|p2a: Whimsicott|Focus Sash
|-damage|p2a: Whimsicott|1/100
|-damage|p2b: Garchomp|54/100
|move|p1b: Incineroar|Parting Shot|p2b: Garchomp
|-unboost|p2b: Garchomp|atk|1
|-unboost|p2b: Garchomp|spa|1
|
|t:|1784641975
|switch|p1b: Venusaur|Venusaur, L50, M|100/100|[from] Parting Shot
|
|-weather|SunnyDay|[upkeep]
|upkeep
|turn|3
|inactive|Yoelsan has 30 seconds left.
|
|t:|1784642005
|switch|p1a: Incineroar|Incineroar, L50, F, shiny|72/100
|-ability|p1a: Incineroar|Intimidate|boost
|-unboost|p2a: Whimsicott|atk|1
|-unboost|p2b: Garchomp|atk|1
|move|p2a: Whimsicott|Tailwind|p2a: Whimsicott
|-sidestart|p2: Olciax34|move: Tailwind
|move|p2b: Garchomp|Rock Slide|p1b: Venusaur|[spread] p1a,p1b
|-supereffective|p1a: Incineroar|1
|-damage|p1a: Incineroar|52/100
|-damage|p1b: Venusaur|86/100
|-damage|p2b: Garchomp|44/100|[from] item: Life Orb
|move|p1b: Venusaur|Sludge Bomb|p2a: Whimsicott
|-supereffective|p2a: Whimsicott|2
|-damage|p2a: Whimsicott|0 fnt
|faint|p2a: Whimsicott
|-damage|p1b: Venusaur|77/100|[from] item: Life Orb
|
|-weather|SunnyDay|[upkeep]
|upkeep
|
|t:|1784642023
|switch|p2a: Charizard|Charizard, L50, M|100/100
|turn|4
|
|t:|1784642045
|move|p1a: Incineroar|Fake Out|p2a: Charizard
|-damage|p2a: Charizard|88/100
|move|p2b: Garchomp|Earthquake|p1a: Incineroar|[spread] p1a,p1b
|-immune|p2a: Charizard
|-supereffective|p1a: Incineroar|1
|-damage|p1a: Incineroar|11/100
|-damage|p1b: Venusaur|52/100
|-enditem|p1a: Incineroar|Sitrus Berry|[eat]
|-heal|p1a: Incineroar|36/100|[from] item: Sitrus Berry
|-damage|p2b: Garchomp|35/100|[from] item: Life Orb
|cant|p2a: Charizard|flinch
|move|p1b: Venusaur|Sludge Bomb|p2b: Garchomp
|-resisted|p2b: Garchomp|1
|-damage|p2b: Garchomp|2/100
|-status|p2b: Garchomp|psn
|-damage|p1b: Venusaur|42/100|[from] item: Life Orb
|
|-weather|SunnyDay|[upkeep]
|-damage|p2a: Charizard|75/100|[from] ability: Solar Power|[of] p2a: Charizard
|-damage|p2b: Garchomp|0 fnt|[from] psn
|faint|p2b: Garchomp
|upkeep
|
|t:|1784642064
|switch|p2b: Basculegion|Basculegion, L50, M|100/100
|turn|5
|inactive|Yoelsan has 30 seconds left.
|
|t:|1784642097
|move|p1b: Venusaur|Protect|p1b: Venusaur
|-singleturn|p1b: Venusaur|Protect
|move|p2b: Basculegion|Last Respects|p1b: Venusaur
|-activate|p1b: Venusaur|move: Protect
|move|p2a: Charizard|Weather Ball|p1a: Incineroar
|-resisted|p1a: Incineroar|1
|-damage|p1a: Incineroar|0 fnt
|faint|p1a: Incineroar
|
|-weather|none
|upkeep
|inactive|Yoelsan has 30 seconds left.
|inactive|Yoelsan has 20 seconds left.
|inactive|Yoelsan has 15 seconds left.
|inactive|Yoelsan has 10 seconds left.
|inactive|Yoelsan has 5 seconds left.
|
|t:|1784642152
|switch|p1a: Charizard|Charizard-Mega-Y, L50, M|28/100
|-weather|SunnyDay|[from] ability: Drought|[of] p1a: Charizard
|turn|6
|inactive|Olciax34 has 30 seconds left.
|
|t:|1784642181
|move|p1a: Charizard|Protect|p1a: Charizard
|-singleturn|p1a: Charizard|Protect
|move|p2b: Basculegion|Last Respects|p1b: Venusaur
|-damage|p1b: Venusaur|0 fnt
|faint|p1b: Venusaur
|move|p2a: Charizard|Weather Ball|p1a: Charizard
|-activate|p1a: Charizard|move: Protect
|
|-weather|SunnyDay|[upkeep]
|-damage|p2a: Charizard|63/100|[from] ability: Solar Power|[of] p2a: Charizard
|-sideend|p2: Olciax34|move: Tailwind
|upkeep
|
|t:|1784642193
|switch|p1b: Hydreigon|Hydreigon, L50, F, shiny|100/100
|turn|7
|
|t:|1784642208
|move|p1a: Charizard|Helping Hand|p1b: Hydreigon
|-singleturn|p1b: Hydreigon|Helping Hand|[of] p1a: Charizard
|move|p1b: Hydreigon|Dark Pulse|p2b: Basculegion
|-supereffective|p2b: Basculegion|1
|-damage|p2b: Basculegion|0 fnt
|faint|p2b: Basculegion
|move|p2a: Charizard|Heat Wave|p1b: Hydreigon|[spread] p1a,p1b
|-resisted|p1a: Charizard|1
|-resisted|p1b: Hydreigon|1
|-damage|p1a: Charizard|0 fnt
|-damage|p1b: Hydreigon|57/100
|faint|p1a: Charizard
|
|-weather|SunnyDay|[upkeep]
|-damage|p2a: Charizard|51/100|[from] ability: Solar Power|[of] p2a: Charizard
|upkeep
|turn|8
|
|t:|1784642221
|move|p1b: Hydreigon|Dark Pulse|p2a: Charizard
|-damage|p2a: Charizard|0 fnt
|faint|p2a: Charizard
|
|win|Yoelsan
||Olciax34 is ready for game 3.
|l|☆Yoelsan
|player|p1|
|inactive|Yoelsan has 30 seconds to confirm battle start!
|inactive|Yoelsan has 20 seconds to confirm battle start!
|inactive|Yoelsan has 10 seconds to confirm battle start!
|uhtml|next|Next: Game 3 of 3
