|j|☆miguelitocalidoso
|j|☆big grape soda
|html|miguelitocalidosobig grape soda    
|uhtml|bestof|Game 1 of a best-of-3
|t:|1757641396
|gametype|doubles
|player|p1|miguelitocalidoso|1|1235
|player|p2|big grape soda|2|1305
|gen|9
|tier|[Gen 9] VGC 2025 Reg H (Bo3)
|rated|
|rule|Species Clause: Limit one of each Pokémon
|rule|Item Clause: Limit 1 of each item
|clearpoke
|poke|p1|Archaludon, L50, M|
|poke|p1|Rillaboom, L50, F|
|poke|p1|Basculegion, L50, M|
|poke|p1|Kingambit, L50, F|
|poke|p1|Pelipper, L50, F|
|poke|p1|Electabuzz, L50, F|
|poke|p2|Dragonite, L50, F|
|poke|p2|Sneasler, L50, M|
|poke|p2|Ninetales-Alola, L50, F|
|poke|p2|Magmar, L50, M|
|poke|p2|Gholdengo, L50|
|poke|p2|Rillaboom, L50, F|
|teampreview|4
|showteam|p1|Archaludon||AssaultVest|Stamina|ElectroShot,DracoMeteor,FlashCannon,BodyPress|||M|||50|,,,,,Fairy]Rillaboom||LoadedDice|GrassySurge|BulletSeed,GrassyGlide,FakeOut,HighHorsepower|||F|||50|,,,,,Fire]Basculegion||ChoiceBand|SwiftSwim|WaveCrash,LastRespects,FlipTurn,AquaJet|||M|||50|,,,,,Grass]Kingambit||BlackGlasses|Defiant|KowtowCleave,SuckerPunch,SwordsDance,Protect|||F|||50|,,,,,Dark]Pelipper||FocusSash|Drizzle|WeatherBall,Hurricane,Tailwind,Protect|||F|||50|,,,,,Ghost]Electabuzz||Eviolite|VitalSpirit|Electroweb,Taunt,FollowMe,Protect|||F|||50|,,,,,Ghost
|showteam|p2|Dragonite||LoadedDice|Multiscale|ScaleShot,Protect,Tailwind,Haze|||F|||50|,,,,,Steel]Sneasler||WhiteHerb|Unburden|DireClaw,CloseCombat,Coaching,Protect|||M|||50|,,,,,Ghost]Ninetales-Alola||FocusSash|SnowWarning|IcyWind,Blizzard,AuroraVeil,Encore|||F|||50|,,,,,Ghost]Magmar||Eviolite|VitalSpirit|HeatWave,Taunt,FollowMe,Protect|||M|||50|,,,,,Fairy]Gholdengo||GrassySeed|GoodasGold|MakeItRain,ShadowBall,NastyPlot,Protect||||||50|,,,,,Water]Rillaboom||AssaultVest|GrassySurge|WoodHammer,GrassyGlide,HighHorsepower,FakeOut|||F|||50|,,,,,Fire
|inactive|Battle timer is ON: inactive players will automatically lose when time's up. (requested by big grape soda)
|
|t:|1757641425
|teamsize|p1|4
|teamsize|p2|4
|start
|switch|p1a: Basculegion|Basculegion, L50, M|100/100
|switch|p1b: Electabuzz|Electabuzz, L50, F|100/100
|switch|p2a: Gholdengo|Gholdengo, L50|100/100
|switch|p2b: Rillaboom|Rillaboom, L50, F|100/100
|-fieldstart|move: Grassy Terrain|[from] ability: Grassy Surge|[of] p2b: Rillaboom
|-enditem|p2a: Gholdengo|Grassy Seed
|-boost|p2a: Gholdengo|def|1|[from] item: Grassy Seed
|turn|1
|inactive|big grape soda has 30 seconds left.
|
|t:|1757641455
|switch|p1b: Pelipper|Pelipper, L50, F|100/100
|-weather|RainDance|[from] ability: Drizzle|[of] p1b: Pelipper
|-terastallize|p2a: Gholdengo|Water
|move|p2b: Rillaboom|Fake Out|p1b: Pelipper
|-damage|p1b: Pelipper|81/100
|move|p1a: Basculegion|Flip Turn|p2b: Rillaboom
|-resisted|p2b: Rillaboom
|-damage|p2b: Rillaboom|65/100
|
|t:|1757641466
|switch|p1a: Electabuzz|Electabuzz, L50, F|100/100|[from] Flip Turn
|move|p2a: Gholdengo|Shadow Ball|p1a: Electabuzz
|-damage|p1a: Electabuzz|72/100
|
|-weather|RainDance|[upkeep]
|-heal|p1a: Electabuzz|78/100|[from] Grassy Terrain
|-heal|p2b: Rillaboom|71/100|[from] Grassy Terrain
|upkeep
|turn|2
|
|t:|1757641479
|move|p2a: Gholdengo|Protect|p2a: Gholdengo
|-singleturn|p2a: Gholdengo|Protect
|move|p1a: Electabuzz|Electroweb|p2b: Rillaboom|[spread] p2b
|-activate|p2a: Gholdengo|move: Protect
|-resisted|p2b: Rillaboom
|-damage|p2b: Rillaboom|66/100
|-unboost|p2b: Rillaboom|spe|1
|move|p1b: Pelipper|Hurricane|p2b: Rillaboom
|-supereffective|p2b: Rillaboom
|-crit|p2b: Rillaboom
|-damage|p2b: Rillaboom|0 fnt
|faint|p2b: Rillaboom
|
|-weather|RainDance|[upkeep]
|-heal|p1a: Electabuzz|84/100|[from] Grassy Terrain
|upkeep
|
|t:|1757641487
|switch|p2b: Ninetales|Ninetales-Alola, L50, F|100/100
|-weather|Snowscape|[from] ability: Snow Warning|[of] p2b: Ninetales
|turn|3
|
|t:|1757641499
|switch|p1b: Archaludon|Archaludon, L50, M|100/100
|move|p2b: Ninetales|Aurora Veil|p2b: Ninetales
|-sidestart|p2: big grape soda|move: Aurora Veil
|move|p2a: Gholdengo|Nasty Plot|p2a: Gholdengo
|-boost|p2a: Gholdengo|spa|2
|move|p1a: Electabuzz|Electroweb|p2b: Ninetales|[spread] p2a,p2b
|-supereffective|p2a: Gholdengo
|-damage|p2a: Gholdengo|82/100
|-damage|p2b: Ninetales|88/100
|-unboost|p2a: Gholdengo|spe|1
|-unboost|p2b: Ninetales|spe|1
|
|-weather|Snowscape|[upkeep]
|-heal|p1a: Electabuzz|90/100|[from] Grassy Terrain
|-heal|p2b: Ninetales|94/100|[from] Grassy Terrain
|-heal|p2a: Gholdengo|88/100|[from] Grassy Terrain
|upkeep
|turn|4
|
|t:|1757641522
|move|p1a: Electabuzz|Follow Me|p1a: Electabuzz
|-singleturn|p1a: Electabuzz|move: Follow Me
|move|p1b: Archaludon|Flash Cannon|p2b: Ninetales
|-supereffective|p2b: Ninetales
|-damage|p2b: Ninetales|0 fnt
|faint|p2b: Ninetales
|move|p2a: Gholdengo|Shadow Ball|p1a: Electabuzz
|-damage|p1a: Electabuzz|30/100
|
|-weather|Snowscape|[upkeep]
|-heal|p1a: Electabuzz|36/100|[from] Grassy Terrain
|-heal|p2a: Gholdengo|94/100|[from] Grassy Terrain
|upkeep
|
|t:|1757641526
|switch|p2b: Sneasler|Sneasler, L50, M|100/100
|turn|5
|inactive|miguelitocalidoso has 30 seconds left.
|inactive|miguelitocalidoso has 20 seconds left.
|
|t:|1757641562
|move|p2b: Sneasler|Close Combat|p1b: Archaludon
|-supereffective|p1b: Archaludon
|-damage|p1b: Archaludon|3/100
|-unboost|p2b: Sneasler|def|1
|-unboost|p2b: Sneasler|spd|1
|-ability|p1b: Archaludon|Stamina|boost
|-boost|p1b: Archaludon|def|1
|-enditem|p2b: Sneasler|White Herb
|-clearnegativeboost|p2b: Sneasler|[silent]
|move|p1a: Electabuzz|Electroweb|p2b: Sneasler|[spread] p2a,p2b
|-supereffective|p2a: Gholdengo
|-damage|p2a: Gholdengo|76/100
|-damage|p2b: Sneasler|87/100
|-unboost|p2a: Gholdengo|spe|1
|-unboost|p2b: Sneasler|spe|1
|move|p1b: Archaludon|Draco Meteor|p2b: Sneasler
|-damage|p2b: Sneasler|31/100
|-unboost|p1b: Archaludon|spa|2
|move|p2a: Gholdengo|Shadow Ball|p1b: Archaludon
|-damage|p1b: Archaludon|0 fnt
|faint|p1b: Archaludon
|
|-weather|Snowscape|[upkeep]
|-heal|p2b: Sneasler|37/100|[from] Grassy Terrain
|-heal|p1a: Electabuzz|41/100|[from] Grassy Terrain
|-heal|p2a: Gholdengo|82/100|[from] Grassy Terrain
|-fieldend|move: Grassy Terrain
|upkeep
|
|t:|1757641582
|switch|p1b: Pelipper|Pelipper, L50, F|81/100
|-weather|RainDance|[from] ability: Drizzle|[of] p1b: Pelipper
|turn|6
|
|t:|1757641607
|move|p1a: Electabuzz|Follow Me|p1a: Electabuzz
|-singleturn|p1a: Electabuzz|move: Follow Me
|move|p2b: Sneasler|Close Combat|p1a: Electabuzz
|-damage|p1a: Electabuzz|0 fnt
|-unboost|p2b: Sneasler|def|1
|-unboost|p2b: Sneasler|spd|1
|faint|p1a: Electabuzz
|move|p1b: Pelipper|Hurricane|p2b: Sneasler
|-supereffective|p2b: Sneasler
|-damage|p2b: Sneasler|0 fnt
|faint|p2b: Sneasler
|move|p2a: Gholdengo|Shadow Ball|p1b: Pelipper
|-damage|p1b: Pelipper|0 fnt
|faint|p1b: Pelipper
|
|-weather|RainDance|[upkeep]
|upkeep
|
|t:|1757641620
|switch|p1a: Basculegion|Basculegion, L50, M|100/100
|turn|7
|
|t:|1757641630
|-terastallize|p1a: Basculegion|Grass
|move|p1a: Basculegion|Last Respects|p2a: Gholdengo
|-crit|p2a: Gholdengo
|-damage|p2a: Gholdengo|0 fnt
|faint|p2a: Gholdengo
|
|win|miguelitocalidoso
||miguelitocalidoso is ready for game 2.
|inactive|big grape soda has 30 seconds to confirm battle start!
||big grape soda is ready for game 2.
|uhtml|next|Next: Game 2 of 3
