|j|☆Hemz0 0
|j|☆I am the Sweeper
|html|Hemz0 0I am the Sweeper    
|uhtml|bestof|Game 1 of a best-of-3
|t:|1756538389
|gametype|doubles
|player|p1|Hemz0 0|depotagent|1214
|player|p2|I am the Sweeper|janitor|1188
|gen|9
|tier|[Gen 9] VGC 2025 Reg H (Bo3)
|rated|
|rule|Species Clause: Limit one of each Pokémon
|rule|Item Clause: Limit 1 of each item
|clearpoke
|poke|p1|Pelipper, L50, F|
|poke|p1|Archaludon, L50, M|
|poke|p1|Incineroar, L50, M|
|poke|p1|Sneasler, L50, M|
|poke|p1|Rillaboom, L50, M|
|poke|p1|Gholdengo, L50|
|poke|p2|Garganacl, L50, F|
|poke|p2|Dondozo, L50, M|
|poke|p2|Sneasler, L50, F|
|poke|p2|Gholdengo, L50|
|poke|p2|Ninetales-Alola, L50, F|
|poke|p2|Incineroar, L50, M|
|teampreview|4
|showteam|p1|Pelipper||ChoiceScarf|Drizzle|WeatherBall,Hurricane,Tailwind,Uturn|||F|||50|,,,,,Ghost]Archaludon||PowerHerb|Sturdy|ElectroShot,DragonPulse,FlashCannon,Protect|||M|||50|,,,,,Electric]Incineroar||SafetyGoggles|Intimidate|Taunt,FakeOut,KnockOff,PartingShot|||M|||50|,,,,,Ghost]Sneasler||GrassySeed|Unburden|CloseCombat,DireClaw,ThroatChop,Protect|||M|||50|,,,,,Dark]Rillaboom||AssaultVest|GrassySurge|WoodHammer,GrassyGlide,FakeOut,HighHorsepower|||M|||50|,,,,,Fire]Gholdengo||MetalCoat|GoodasGold|ShadowBall,MakeItRain,NastyPlot,Protect||||||50|,,,,,Fighting
|showteam|p2|Garganacl||MarangaBerry|PurifyingSalt|SaltCure,StealthRock,Protect,Recover|||F|||50|,,,,,Flying]Dondozo||Leftovers|Unaware|Liquidation,Yawn,Curse,Protect|||M|||50|,,,,,Poison]Sneasler||FocusSash|PoisonTouch|DireClaw,CloseCombat,Coaching,Protect|||F|||50|,,,,,Ghost]Gholdengo||ChoiceScarf|GoodasGold|MakeItRain,ShadowBall,Trick,PowerGem||||||50|,,,,,Steel]Ninetales-Alola||NeverMeltIce|SnowWarning|Blizzard,FreezeDry,Protect,AuroraVeil|||F|||50|,,,,,Ice]Incineroar||AssaultVest|Intimidate|FlareBlitz,KnockOff,FakeOut,DrainPunch|||M|||50|,,,,,Grass
|
|t:|1756538454
|teamsize|p1|4
|teamsize|p2|4
|start
|switch|p1a: Gholdengo|Gholdengo, L50|100/100
|switch|p1b: Archaludon|Archaludon, L50, M|100/100
|switch|p2a: Garganacl|Garganacl, L50, F|100/100
|switch|p2b: Incineroar|Incineroar, L50, M|100/100
|-ability|p2b: Incineroar|Intimidate|boost
|-unboost|p1a: Gholdengo|atk|1
|-unboost|p1b: Archaludon|atk|1
|turn|1
|
|t:|1756538505
|switch|p1b: Sabzi Wala|Rillaboom, L50, M, shiny|100/100
|-fieldstart|move: Grassy Terrain|[from] ability: Grassy Surge|[of] p1b: Sabzi Wala
|-terastallize|p2a: Garganacl|Flying
|move|p1a: Gholdengo|Protect|p1a: Gholdengo
|-singleturn|p1a: Gholdengo|Protect
|move|p2b: Incineroar|Knock Off|p1a: Gholdengo
|-activate|p1a: Gholdengo|move: Protect
|move|p2a: Garganacl|Salt Cure|p1b: Sabzi Wala
|-damage|p1b: Sabzi Wala|88/100
|-start|p1b: Sabzi Wala|Salt Cure
|
|-heal|p1b: Sabzi Wala|94/100|[from] Grassy Terrain
|-damage|p1b: Sabzi Wala|82/100|[from] Salt Cure
|upkeep
|turn|2
|
|t:|1756538535
|move|p1b: Sabzi Wala|Fake Out|p2b: Incineroar
|-damage|p2b: Incineroar|87/100
|move|p1a: Gholdengo|Nasty Plot|p1a: Gholdengo
|-boost|p1a: Gholdengo|spa|2
|cant|p2b: Incineroar|flinch
|move|p2a: Garganacl|Salt Cure|p1a: Gholdengo
|-resisted|p1a: Gholdengo
|-damage|p1a: Gholdengo|94/100
|-start|p1a: Gholdengo|Salt Cure
|
|-heal|p1a: Gholdengo|99/100|[from] Grassy Terrain
|-heal|p1b: Sabzi Wala|88/100|[from] Grassy Terrain
|-heal|p2b: Incineroar|93/100|[from] Grassy Terrain
|-damage|p1a: Gholdengo|75/100|[from] Salt Cure
|-damage|p1b: Sabzi Wala|76/100|[from] Salt Cure
|upkeep
|turn|3
|
|t:|1756538589
|move|p1a: Gholdengo|Make It Rain|p2b: Incineroar|[spread] p2a,p2b
|-resisted|p2b: Incineroar
|-damage|p2a: Garganacl|22/100
|-damage|p2b: Incineroar|57/100
|-unboost|p1a: Gholdengo|spa|1
|-enditem|p2a: Garganacl|Maranga Berry|[eat]
|-boost|p2a: Garganacl|spd|1|[from] item: Maranga Berry
|move|p1b: Sabzi Wala|High Horsepower|p2b: Incineroar
|-supereffective|p2b: Incineroar
|-damage|p2b: Incineroar|0 fnt
|faint|p2b: Incineroar
|move|p2a: Garganacl|Stealth Rock|p1b: Sabzi Wala
|-sidestart|p1: Hemz0 0|move: Stealth Rock
|
|-heal|p1a: Gholdengo|81/100|[from] Grassy Terrain
|-heal|p1b: Sabzi Wala|82/100|[from] Grassy Terrain
|-damage|p1a: Gholdengo|56/100|[from] Salt Cure
|-damage|p1b: Sabzi Wala|70/100|[from] Salt Cure
|upkeep
|
|t:|1756538605
|switch|p2b: Gholdengo|Gholdengo, L50|100/100
|turn|4
|
|t:|1756538642
|move|p1a: Gholdengo|Protect|p1a: Gholdengo
|-singleturn|p1a: Gholdengo|Protect
|move|p2a: Garganacl|Protect|p2a: Garganacl
|-singleturn|p2a: Garganacl|Protect
|move|p2b: Gholdengo|Make It Rain|p1b: Sabzi Wala|[spread] p1b
|-activate|p1a: Gholdengo|move: Protect
|-damage|p1b: Sabzi Wala|39/100
|-unboost|p2b: Gholdengo|spa|1
|move|p1b: Sabzi Wala|High Horsepower|p2b: Gholdengo
|-supereffective|p2b: Gholdengo
|-damage|p2b: Gholdengo|24/100
|
|-heal|p2b: Gholdengo|31/100|[from] Grassy Terrain
|-heal|p1a: Gholdengo|62/100|[from] Grassy Terrain
|-heal|p1b: Sabzi Wala|44/100|[from] Grassy Terrain
|-damage|p1a: Gholdengo|37/100|[from] Salt Cure
|-damage|p1b: Sabzi Wala|32/100|[from] Salt Cure
|upkeep
|turn|5
|
|t:|1756538678
|switch|p1b: Sneasler|Sneasler, L50, M|100/100
|-damage|p1b: Sneasler|95/100|[from] Stealth Rock
|-enditem|p1b: Sneasler|Grassy Seed
|-boost|p1b: Sneasler|def|1|[from] item: Grassy Seed
|move|p2b: Gholdengo|Make It Rain|p1a: Gholdengo|[spread] p1a,p1b
|-resisted|p1a: Gholdengo
|-damage|p1a: Gholdengo|23/100
|-damage|p1b: Sneasler|54/100
|-unboost|p2b: Gholdengo|spa|1
|move|p1a: Gholdengo|Make It Rain|p2a: Garganacl|[spread] p2a,p2b
|-resisted|p2b: Gholdengo
|-damage|p2a: Garganacl|0 fnt
|-damage|p2b: Gholdengo|0 fnt
|-unboost|p1a: Gholdengo|spa|1
|faint|p2a: Garganacl
|faint|p2b: Gholdengo
|
|-heal|p1b: Sneasler|59/100|[from] Grassy Terrain
|-heal|p1a: Gholdengo|30/100|[from] Grassy Terrain
|-damage|p1a: Gholdengo|5/100|[from] Salt Cure
|-fieldend|move: Grassy Terrain
|upkeep
|
|t:|1756538699
|switch|p2b: Ninetales|Ninetales-Alola, L50, F|100/100
|-weather|Snowscape|[from] ability: Snow Warning|[of] p2b: Ninetales
|turn|6
|
|t:|1756538725
|switch|p1a: Sabzi Wala|Rillaboom, L50, M, shiny|32/100
|-damage|p1a: Sabzi Wala|20/100|[from] Stealth Rock
|-fieldstart|move: Grassy Terrain|[from] ability: Grassy Surge|[of] p1a: Sabzi Wala
|move|p1b: Sneasler|Dire Claw|p2b: Ninetales
|-supereffective|p2b: Ninetales
|-damage|p2b: Ninetales|18/100
|-status|p2b: Ninetales|psn
|move|p2b: Ninetales|Blizzard|p1a: Sabzi Wala|[spread] p1a,p1b
|-supereffective|p1a: Sabzi Wala
|-crit|p1b: Sneasler
|-damage|p1a: Sabzi Wala|0 fnt
|-damage|p1b: Sneasler|0 fnt
|faint|p1a: Sabzi Wala
|faint|p1b: Sneasler
|
|-weather|Snowscape|[upkeep]
|-heal|p2b: Ninetales|24/100 psn|[from] Grassy Terrain
|-damage|p2b: Ninetales|12/100 psn|[from] psn
|upkeep
|
|t:|1756538738
|switch|p1b: Gholdengo|Gholdengo, L50|5/100
|switch|p1a: Archaludon|Archaludon, L50, M|100/100
|-damage|p1a: Archaludon|94/100|[from] Stealth Rock
|-damage|p1b: Gholdengo|0 fnt|[from] Stealth Rock
|faint|p1b: Gholdengo
|turn|7
|
|t:|1756538748
|move|p1a: Archaludon|Protect|p1a: Archaludon
|-singleturn|p1a: Archaludon|Protect
|move|p2b: Ninetales|Blizzard|p1a: Archaludon
|-activate|p1a: Archaludon|move: Protect
|
|-weather|Snowscape|[upkeep]
|-heal|p2b: Ninetales|17/100 psn|[from] Grassy Terrain
|-heal|p1a: Archaludon|100/100|[from] Grassy Terrain
|-damage|p2b: Ninetales|5/100 psn|[from] psn
|upkeep
|turn|8
|
|t:|1756538758
|move|p2b: Ninetales|Blizzard|p1a: Archaludon
|-damage|p1a: Archaludon|20/100
|move|p1a: Archaludon|Electro Shot||[still]
|-prepare|p1a: Archaludon|Electro Shot
|-boost|p1a: Archaludon|spa|1
|-enditem|p1a: Archaludon|Power Herb
|-anim|p1a: Archaludon|Electro Shot|p2b: Ninetales
|-damage|p2b: Ninetales|0 fnt
|faint|p2b: Ninetales
|
|win|Hemz0 0
|c|☆Hemz0 0|gg
||Hemz0 0 is ready for game 2.
|inactive|I am the Sweeper has 30 seconds to confirm battle start!
||I am the Sweeper is ready for game 2.
|uhtml|next|Next: Game 2 of 3
|l|☆Hemz0 0
|player|p1|
