|j|☆Sirium202
|j|☆ghjk09
|html|Sirium202ghjk09    
|uhtml|bestof|Game 1 of a best-of-3
|t:|1784251627
|gametype|doubles
|player|p1|Sirium202|chili|1000
|player|p2|ghjk09|hilbert|1011
|gen|9
|tier|[Gen 9 Champions] VGC 2026 Reg M-B (Bo3)
|rated|
|rule|Species Clause: Limit one of each Pokémon
|rule|Item Clause: Limit 1 of each item
|clearpoke
|poke|p1|Delphox, L50, M|
|poke|p1|Whimsicott, L50, M|
|poke|p1|Ninetales-Alola, L50, M|
|poke|p1|Garchomp, L50, F|
|poke|p1|Basculegion, L50, M|
|poke|p1|Tsareena, L50, F|
|poke|p2|Qwilfish, L50, F|
|poke|p2|Malamar, L50, F|
|poke|p2|Audino, L50, F|
|poke|p2|Chandelure, L50, F|
|poke|p2|Zoroark-Hisui, L50, F|
|poke|p2|Whimsicott, L50, F|
|teampreview|4
|showteam|p1|Delphox||Delphoxite|Blaze|HeatWave,Psychic,GrassKnot,Protect|Timid||M|||50|]Whimsicott||FocusSash|Prankster|SunnyDay,Tailwind,HelpingHand,Encore|Timid||M|||50|]Ninetales-Alola||LightClay|SnowCloak|FreezeDry,AuroraVeil,Moonblast,Protect|Timid||M|||50|]Garchomp||LifeOrb|RoughSkin|StompingTantrum,DragonClaw,RockSlide,Protect|Jolly||F|||50|]Basculegion||ChoiceScarf|Adaptability|WaveCrash,FlipTurn,LastRespects,AquaJet|Jolly||M|||50|]Tsareena||WideLens|QueenlyMajesty|LowKick,TropKick,TripleAxel,Protect|Adamant||F|||50|
|showteam|p2|Qwilfish||Leftovers|Intimidate|Minimize,SwordsDance,ThroatChop,Stockpile|Impish||F|||50|]Malamar||Malamarite|Contrary|ThroatChop,PsychUp,Rest,Superpower|Impish||F|||50|]Audino||MentalHerb|Healer|SimpleBeam,HealPulse,Protect,TrickRoom|Serious||F|||50|]Chandelure||SitrusBerry|FlashFire|AcidArmor,CalmMind,Flamethrower,Minimize|Bold||F|||50|]Zoroark-Hisui||ChoiceScarf|Illusion|WillOWisp,Memento,RainDance,Taunt|Jolly||F|||50|]Whimsicott||LifeOrb|Prankster|Memento,GrassKnot,LightScreen,SunnyDay|Modest||F|||50|
|inactive|Battle timer is ON: inactive players will automatically lose when time's up. (requested by Sirium202)
|l|☆ghjk09
|inactive|ghjk09 disconnected and has a minute to reconnect!
|player|p2|
|j|☆ghjk09
|inactive|ghjk09 reconnected and has 85 seconds left.
|player|p2|ghjk09|hilbert|
|c|☆Sirium202|wtf is your team
|inactive|Sirium202 has 60 seconds left.
|inactive|ghjk09 has 60 seconds left.
|
|t:|1784251670
|teamsize|p1|4
|teamsize|p2|4
|start
|switch|p1a: Delphox|Delphox, L50, M|100/100
|switch|p1b: Whimsicott|Whimsicott, L50, M|100/100
|switch|p2a: Malamar|Malamar, L50, F|100/100
|switch|p2b: Audino|Audino, L50, F|100/100
|turn|1
|
|t:|1784251690
|detailschange|p1a: Delphox|Delphox-Mega, L50, M
|-mega|p1a: Delphox|Delphox|Delphoxite
|move|p1b: Whimsicott|Sunny Day|p1b: Whimsicott
|-weather|SunnyDay
|move|p2a: Malamar|Memento|p1a: Delphox
|-unboost|p1a: Delphox|atk|2
|-unboost|p1a: Delphox|spa|2
|faint|p2a: Malamar
|move|p1a: Delphox|Heat Wave|p2b: Audino
|-damage|p2b: Audino|58/100
|move|p2b: Audino|Trick Room|p2b: Audino
|-fieldstart|move: Trick Room|[of] p2b: Audino
|
|-weather|SunnyDay|[upkeep]
|upkeep
|
|t:|1784251708
|switch|p2a: Qwilfish|Qwilfish, L50, F|100/100
|-ability|p2a: Qwilfish|Intimidate|boost
|-unboost|p1a: Delphox|atk|1
|-unboost|p1b: Whimsicott|atk|1
|turn|2
|
|t:|1784251715
|move|p1a: Delphox|Protect|p1a: Delphox
|-singleturn|p1a: Delphox|Protect
|move|p1b: Whimsicott|Encore|p2b: Audino
|-start|p2b: Audino|Encore
|-enditem|p2b: Audino|Mental Herb
|-end|p2b: Audino|Encore
|move|p2b: Audino|Simple Beam|p2a: Qwilfish
|-ability|p2a: Qwilfish|Simple|Intimidate|[from] move: Simple Beam
|move|p2a: Qwilfish|Minimize|p2a: Qwilfish
|-boost|p2a: Qwilfish|evasion|4
|
|-weather|SunnyDay|[upkeep]
|upkeep
|turn|3
|
|t:|1784251740
|move|p1b: Whimsicott|Encore|p2b: Audino
|-start|p2b: Audino|Encore
|move|p2b: Audino|Simple Beam|p1b: Whimsicott
|-ability|p1b: Whimsicott|Simple|Prankster|[from] move: Simple Beam
|move|p2a: Qwilfish|Stockpile|p2a: Qwilfish
|-start|p2a: Qwilfish|stockpile1
|-boost|p2a: Qwilfish|def|2
|-boost|p2a: Qwilfish|spd|2
|move|p1a: Delphox|Heat Wave|p2b: Audino|[spread] p2a,p2b
|-resisted|p2a: Qwilfish|1
|-damage|p2a: Qwilfish|90/100
|-damage|p2b: Audino|25/100
|
|-weather|SunnyDay|[upkeep]
|-heal|p2a: Qwilfish|95/100|[from] item: Leftovers
|upkeep
|turn|4
|
|t:|1784251764
|move|p2b: Audino|Simple Beam|p1a: Delphox
|-ability|p1a: Delphox|Simple|Levitate|[from] move: Simple Beam
|move|p2a: Qwilfish|Stockpile|p2a: Qwilfish
|-start|p2a: Qwilfish|stockpile2
|-boost|p2a: Qwilfish|def|2
|-boost|p2a: Qwilfish|spd|2
|move|p1b: Whimsicott|Encore|p2a: Qwilfish|[miss]
|-miss|p1b: Whimsicott|p2a: Qwilfish
|move|p1a: Delphox|Heat Wave|p2a: Qwilfish|[spread] p2a,p2b
|-resisted|p2a: Qwilfish|1
|-crit|p2b: Audino
|-damage|p2a: Qwilfish|88/100
|-damage|p2b: Audino|0 fnt
|faint|p2b: Audino
|
|-weather|SunnyDay|[upkeep]
|-heal|p2a: Qwilfish|94/100|[from] item: Leftovers
|upkeep
|
|t:|1784251782
|switch|p2b: Malamar|Malamar, L50, F|100/100
|turn|5
|
|t:|1784251790
|switch|p1a: Tsareena|Tsareena, L50, F|100/100
|detailschange|p2b: Malamar|Malamar-Mega, L50, F
|-mega|p2b: Malamar|Malamar|Malamarite
|move|p2a: Qwilfish|Minimize|p2a: Qwilfish
|-boost|p2a: Qwilfish|evasion|2
|move|p2b: Malamar|Psych Up|p2a: Qwilfish
|-copyboost|p2b: Malamar|p2a: Qwilfish|[from] move: Psych Up
|move|p1b: Whimsicott|Tailwind|p1b: Whimsicott
|-sidestart|p1: Sirium202|move: Tailwind
|
|-weather|none
|-heal|p2a: Qwilfish|100/100|[from] item: Leftovers
|-fieldend|move: Trick Room
|upkeep
|turn|6
|inactive|ghjk09 has 30 seconds left.
|
|t:|1784251821
|move|p1b: Whimsicott|Encore|p2b: Malamar
|-start|p2b: Malamar|Encore
|move|p1a: Tsareena|Trop Kick|p2a: Qwilfish
|-damage|p2a: Qwilfish|83/100
|-unboost|p2a: Qwilfish|atk|2
|move|p2b: Malamar|Psych Up|p1b: Whimsicott
|-copyboost|p2b: Malamar|p1b: Whimsicott|[from] move: Psych Up
|move|p2a: Qwilfish|Stockpile|p2a: Qwilfish
|-start|p2a: Qwilfish|stockpile3
|-boost|p2a: Qwilfish|def|2
|-boost|p2a: Qwilfish|spd|2
|
|-heal|p2a: Qwilfish|89/100|[from] item: Leftovers
|upkeep
|turn|7
|
|t:|1784251846
|move|p1b: Whimsicott|Encore|p2a: Qwilfish
|-start|p2a: Qwilfish|Encore
|move|p1a: Tsareena|Trop Kick|p2a: Qwilfish
|-damage|p2a: Qwilfish|75/100
|-unboost|p2a: Qwilfish|atk|2
|move|p2b: Malamar|Psych Up|p2a: Qwilfish
|-copyboost|p2b: Malamar|p2a: Qwilfish|[from] move: Psych Up
|move|p2a: Qwilfish|Stockpile||[still]
|-fail|p2a: Qwilfish
|
|-heal|p2a: Qwilfish|80/100|[from] item: Leftovers
|upkeep
|turn|8
|
|t:|1784251864
|move|p1b: Whimsicott|Helping Hand|p1a: Tsareena
|-singleturn|p1a: Tsareena|Helping Hand|[of] p1b: Whimsicott
|move|p1a: Tsareena|Trop Kick|p2a: Qwilfish|[miss]
|-miss|p1a: Tsareena|p2a: Qwilfish
|move|p2b: Malamar|Psych Up|p2a: Qwilfish
|-copyboost|p2b: Malamar|p2a: Qwilfish|[from] move: Psych Up
|move|p2a: Qwilfish|Stockpile||[still]
|-fail|p2a: Qwilfish
|
|-heal|p2a: Qwilfish|86/100|[from] item: Leftovers
|-end|p2b: Malamar|Encore
|-sideend|p1: Sirium202|move: Tailwind
|upkeep
|turn|9
|inactive|ghjk09 has 30 seconds left.
|
|t:|1784251897
|move|p1b: Whimsicott|Encore|p2b: Malamar|[miss]
|-miss|p1b: Whimsicott|p2b: Malamar
|move|p1a: Tsareena|Trop Kick|p2a: Qwilfish
|-damage|p2a: Qwilfish|74/100
|-unboost|p2a: Qwilfish|atk|2
|move|p2b: Malamar|Superpower|p1a: Tsareena
|-damage|p1a: Tsareena|88/100
|-boost|p2b: Malamar|atk|1
|move|p2a: Qwilfish|Stockpile||[still]
|-fail|p2a: Qwilfish
|
|-heal|p2a: Qwilfish|80/100|[from] item: Leftovers
|-end|p2a: Qwilfish|Encore
|upkeep
|turn|10
|c|☆Sirium202|do you enjoy this?
|inactive|Sirium202 has 30 seconds left.
|
|t:|1784251925
|move|p1b: Whimsicott|Encore|p2a: Qwilfish|[miss]
|-miss|p1b: Whimsicott|p2a: Qwilfish
|move|p1a: Tsareena|Trop Kick|p2a: Qwilfish|[miss]
|-miss|p1a: Tsareena|p2a: Qwilfish
|move|p2b: Malamar|Superpower|p1b: Whimsicott
|-resisted|p1b: Whimsicott|1
|-damage|p1b: Whimsicott|92/100
|-boost|p2b: Malamar|atk|1
|move|p2a: Qwilfish|Swords Dance|p2a: Qwilfish
|-boost|p2a: Qwilfish|atk|4
|
|-heal|p2a: Qwilfish|86/100|[from] item: Leftovers
|upkeep
|turn|11
|-message|Sirium202 forfeited.
|
|win|ghjk09
|l|☆Sirium202
|player|p1|
|raw|Sirium202's rating: 1000 → 1000(+0 for losing)
|raw|ghjk09's rating: 1000 → 1040(+40 for winning)
