|j|☆entei enthusiast
|j|☆F17 Nesuts
|html|entei enthusiastF17 Nesuts    
|uhtml|bestof|Game 3 of a best-of-3
|t:|1783893836
|gametype|doubles
|player|p1|entei enthusiast|kamado-armor|1147
|player|p2|F17 Nesuts|blue|1216
|gen|9
|tier|[Gen 9 Champions] VGC 2026 Reg M-B (Bo3)
|rated|
|rule|Species Clause: Limit one of each Pokémon
|rule|Item Clause: Limit 1 of each item
|clearpoke
|poke|p1|Floette-Eternal, L50, F|
|poke|p1|Palafin, L50, F, shiny|
|poke|p1|Kingambit, L50, F|
|poke|p1|Sneasler, L50, F|
|poke|p1|Incineroar, L50, M|
|poke|p1|Aerodactyl, L50, M|
|poke|p2|Sneasler, L50, M|
|poke|p2|Kingambit, L50, M|
|poke|p2|Delphox, L50, F|
|poke|p2|Blastoise, L50, M|
|poke|p2|Incineroar, L50, M|
|poke|p2|Sinistcha, L50|
|teampreview|4
|showteam|p1|Floette-Eternal||Floettite|FlowerVeil|DazzlingGleam,DrainingKiss,CalmMind,Protect|Modest||F|||50|]Palafin||Leftovers|ZerotoHero|WaveCrash,JetPunch,BulkUp,Protect|Adamant||F|||50|]Kingambit||BlackGlasses|Defiant|KowtowCleave,SuckerPunch,SwordsDance,Protect|Adamant||F|||50|]Sneasler||FocusSash|Unburden|CloseCombat,DireClaw,FakeOut,Coaching|Jolly||F|||50|]Incineroar||SitrusBerry|Intimidate|FlareBlitz,FakeOut,DarkestLariat,PartingShot|Impish||M|||50|]Aerodactyl||Aerodactylite|Unnerve|RockSlide,DualWingbeat,IceFang,Protect|Jolly||M|||50|
|showteam|p2|Sneasler||FocusSash|PoisonTouch|PoisonJab,CloseCombat,FakeOut,QuickGuard|Jolly||M|||50|]Kingambit||BlackGlasses|Defiant|KowtowCleave,SuckerPunch,SwordsDance,Protect|Adamant||M|||50|]Delphox||Delphoxite|Blaze|HeatWave,NastyPlot,Psyshock,Protect|Modest||F|||50|]Blastoise||Blastoisinite|RainDish|DarkPulse,WaterSpout,ShellSmash,Protect|Modest||M|||50|]Incineroar||SitrusBerry|Intimidate|FlareBlitz,HelpingHand,PartingShot,FakeOut|Careful||M|||50|]Sinistcha||KasibBerry|Hospitality|MatchaGotcha,RagePowder,TrickRoom,Protect|Bold|||||50|
|inactive|Battle timer is ON: inactive players will automatically lose when time's up. (requested by entei enthusiast)
|inactive|entei enthusiast has 60 seconds left.
|inactive|F17 Nesuts has 60 seconds left.
|inactive|entei enthusiast has 30 seconds left.
|inactive|F17 Nesuts has 30 seconds left.
|inactive|entei enthusiast has 20 seconds left.
|inactive|F17 Nesuts has 20 seconds left.
|inactive|entei enthusiast has 15 seconds left.
|
|t:|1783893915
|teamsize|p1|4
|teamsize|p2|4
|start
|switch|p1a: Floette|Floette-Eternal, L50, F|100/100
|switch|p1b: Aerodactyl|Aerodactyl, L50, M|100/100
|switch|p2a: Delphox|Delphox, L50, F|100/100
|switch|p2b: NinJa|Sneasler, L50, M|100/100
|-ability|p1b: Aerodactyl|Unnerve
|turn|1
|inactive|entei enthusiast has 30 seconds left.
|inactive|F17 Nesuts has 30 seconds left.
|
|t:|1783893947
|switch|p1a: Incineroar|Incineroar, L50, M|100/100
|-ability|p1a: Incineroar|Intimidate|boost
|-unboost|p2a: Delphox|atk|1
|-unboost|p2b: NinJa|atk|1
|detailschange|p2a: Delphox|Delphox-Mega, L50, F
|-mega|p2a: Delphox|Delphox|Delphoxite
|move|p1b: Aerodactyl|Protect|p1b: Aerodactyl
|-singleturn|p1b: Aerodactyl|Protect
|move|p2b: NinJa|Fake Out|p1b: Aerodactyl
|-activate|p1b: Aerodactyl|move: Protect
|move|p2a: Delphox|Nasty Plot|p2a: Delphox
|-boost|p2a: Delphox|spa|2
|
|upkeep
|turn|2
|
|t:|1783893971
|switch|p2b: Tony Tiger|Incineroar, L50, M|100/100
|-ability|p2b: Tony Tiger|Intimidate|boost
|-unboost|p1a: Incineroar|atk|1
|-unboost|p1b: Aerodactyl|atk|1
|move|p2a: Delphox|Protect|p2a: Delphox
|-singleturn|p2a: Delphox|Protect
|move|p1b: Aerodactyl|Dual Wingbeat|p2b: Tony Tiger
|-damage|p2b: Tony Tiger|88/100
|-damage|p2b: Tony Tiger|75/100
|-hitcount|p2b: Tony Tiger|2
|move|p1a: Incineroar|Parting Shot|p2a: Delphox
|-activate|p2a: Delphox|move: Protect
|
|upkeep
|turn|3
|inactive|entei enthusiast has 30 seconds left.
|inactive|F17 Nesuts has 30 seconds left.
|
|t:|1783893998
|move|p2b: Tony Tiger|Fake Out|p1b: Aerodactyl
|-resisted|p1b: Aerodactyl|1
|-damage|p1b: Aerodactyl|91/100
|cant|p1b: Aerodactyl|flinch
|move|p2a: Delphox|Heat Wave|p1a: Incineroar|[spread] p1a,p1b
|-resisted|p1a: Incineroar|1
|-resisted|p1b: Aerodactyl|1
|-damage|p1a: Incineroar|64/100
|-damage|p1b: Aerodactyl|34/100
|move|p1a: Incineroar|Darkest Lariat|p2a: Delphox
|-supereffective|p2a: Delphox|1
|-damage|p2a: Delphox|46/100
|
|upkeep
|turn|4
|inactive|entei enthusiast has 30 seconds left.
|inactive|entei enthusiast has 20 seconds left.
|
|t:|1783894034
|move|p2a: Delphox|Protect|p2a: Delphox
|-singleturn|p2a: Delphox|Protect
|move|p1b: Aerodactyl|Rock Slide|p2b: Tony Tiger|[spread] 
|-activate|p2a: Delphox|move: Protect
|-miss|p1b: Aerodactyl|p2b: Tony Tiger
|move|p2b: Tony Tiger|Parting Shot|p1a: Incineroar
|-unboost|p1a: Incineroar|atk|1
|-unboost|p1a: Incineroar|spa|1
|
|t:|1783894042
|switch|p2b: Césped|Sinistcha, L50|100/100|[from] Parting Shot
|-heal|p2a: Delphox|71/100|[from] ability: Hospitality|[of] p2b: Césped
|move|p1a: Incineroar|Parting Shot|p2b: Césped
|-unboost|p2b: Césped|atk|1
|-unboost|p2b: Césped|spa|1
|
|t:|1783894049
|switch|p1a: Floette|Floette-Eternal, L50, F|100/100|[from] Parting Shot
|
|upkeep
|turn|5
|
|t:|1783894073
|switch|p1a: Incineroar|Incineroar, L50, M|64/100
|-ability|p1a: Incineroar|Intimidate|boost
|-unboost|p2a: Delphox|atk|1
|-unboost|p2b: Césped|atk|1
|move|p1b: Aerodactyl|Rock Slide|p2a: Delphox|[spread] p2a,p2b
|-supereffective|p2a: Delphox|1
|-damage|p2a: Delphox|30/100
|-damage|p2b: Césped|85/100
|cant|p2a: Delphox|flinch
|cant|p2b: Césped|flinch
|
|upkeep
|turn|6
|
|t:|1783894095
|switch|p2b: Tony Tiger|Incineroar, L50, M|75/100
|-ability|p2b: Tony Tiger|Intimidate|boost
|-unboost|p1a: Incineroar|atk|1
|-unboost|p1b: Aerodactyl|atk|1
|move|p2a: Delphox|Protect|p2a: Delphox
|-singleturn|p2a: Delphox|Protect
|move|p1b: Aerodactyl|Rock Slide|p2b: Tony Tiger|[spread] p2b
|-activate|p2a: Delphox|move: Protect
|-supereffective|p2b: Tony Tiger|1
|-damage|p2b: Tony Tiger|51/100
|move|p1a: Incineroar|Darkest Lariat|p2a: Delphox
|-activate|p2a: Delphox|move: Protect
|
|upkeep
|turn|7
|inactive|F17 Nesuts has 30 seconds left.
|
|t:|1783894124
|switch|p1b: Sneasler|Sneasler, L50, F|100/100
|move|p2b: Tony Tiger|Fake Out|p1a: Incineroar
|-damage|p1a: Incineroar|56/100
|move|p2a: Delphox|Heat Wave|p1a: Incineroar|[spread] p1a,p1b
|-resisted|p1a: Incineroar|1
|-damage|p1a: Incineroar|22/100
|-enditem|p1b: Sneasler|Focus Sash
|-damage|p1b: Sneasler|1/100
|-enditem|p1a: Incineroar|Sitrus Berry|[eat]
|-heal|p1a: Incineroar|47/100|[from] item: Sitrus Berry
|cant|p1a: Incineroar|flinch
|
|upkeep
|turn|8
|inactive|entei enthusiast has 30 seconds left.
|inactive|entei enthusiast has 20 seconds left.
|
|t:|1783894163
|move|p2a: Delphox|Protect|p2a: Delphox
|-singleturn|p2a: Delphox|Protect
|move|p1b: Sneasler|Dire Claw|p2a: Delphox
|-activate|p2a: Delphox|move: Protect
|move|p2b: Tony Tiger|Parting Shot|p1a: Incineroar
|-unboost|p1a: Incineroar|atk|1
|-unboost|p1a: Incineroar|spa|1
|
|t:|1783894173
|switch|p2b: Césped|Sinistcha, L50|85/100|[from] Parting Shot
|-heal|p2a: Delphox|54/100|[from] ability: Hospitality|[of] p2b: Césped
|move|p1a: Incineroar|Parting Shot|p2b: Césped
|-unboost|p2b: Césped|atk|1
|-unboost|p2b: Césped|spa|1
|
|t:|1783894176
|switch|p1a: Aerodactyl|Aerodactyl, L50, M|34/100|[from] Parting Shot
|-ability|p1a: Aerodactyl|Unnerve
|
|upkeep
|turn|9
|inactive|F17 Nesuts has 30 seconds left.
|
|t:|1783894205
|detailschange|p1a: Aerodactyl|Aerodactyl-Mega, L50, M
|-mega|p1a: Aerodactyl|Aerodactyl|Aerodactylite
|move|p1b: Sneasler|Dire Claw|p2a: Delphox
|-crit|p2a: Delphox
|-damage|p2a: Delphox|0 fnt
|faint|p2a: Delphox
|move|p1a: Aerodactyl|Rock Slide|p2b: Césped
|-damage|p2b: Césped|50/100g
|cant|p2b: Césped|flinch
|
|upkeep
|c|☆F17 Nesuts|wow
|c|☆F17 Nesuts|100% chance to flinch
|inactive|F17 Nesuts has 30 seconds left.
|
|t:|1783894239
|switch|p2a: Tony Tiger|Incineroar, L50, M|51/100
|-ability|p2a: Tony Tiger|Intimidate|boost
|-unboost|p1a: Aerodactyl|atk|1
|-unboost|p1b: Sneasler|atk|1
|turn|10
|
|t:|1783894250
|switch|p1b: Incineroar|Incineroar, L50, M|47/100
|-ability|p1b: Incineroar|Intimidate|boost
|-unboost|p2a: Tony Tiger|atk|1
|-unboost|p2b: Césped|atk|1
|switch|p1a: Floette|Floette-Eternal, L50, F|100/100
|move|p2a: Tony Tiger|Fake Out|p1a: Floette
|-damage|p1a: Floette|90/100
|move|p2b: Césped|Matcha Gotcha|p1b: Incineroar|[spread] p1a,p1b
|-resisted|p1b: Incineroar|1
|-damage|p1a: Floette|76/100
|-heal|p2b: Césped|57/100|[from] drain|[of] p1a: Floette
|-damage|p1b: Incineroar|39/100
|-heal|p2b: Césped|62/100|[from] drain|[of] p1b: Incineroar
|
|upkeep
|turn|11
|inactive|F17 Nesuts has 30 seconds left.
|inactive|F17 Nesuts has 20 seconds left.
|
|t:|1783894287
|switch|p2b: NinJa|Sneasler, L50, M|100/100
|move|p1b: Incineroar|Fake Out|p2a: Tony Tiger
|-damage|p2a: Tony Tiger|41/100
|-enditem|p2a: Tony Tiger|Sitrus Berry|[eat]
|-heal|p2a: Tony Tiger|65/100|[from] item: Sitrus Berry
|move|p1a: Floette|Draining Kiss|p2b: NinJa
|-damage|p2b: NinJa|69/100
|-heal|p1a: Floette|97/100|[from] drain|[of] p2b: NinJa
|cant|p2a: Tony Tiger|flinch
|
|upkeep
|turn|12
|
|t:|1783894308
|switch|p1b: Sneasler|Sneasler, L50, F|1/100
|move|p1a: Floette|Protect|p1a: Floette
|-singleturn|p1a: Floette|Protect
|move|p2b: NinJa|Poison Jab|p1a: Floette
|-activate|p1a: Floette|move: Protect
|move|p2a: Tony Tiger|Parting Shot|p1b: Sneasler
|-unboost|p1b: Sneasler|atk|1
|-unboost|p1b: Sneasler|spa|1
|
|t:|1783894317
|switch|p2a: Césped|Sinistcha, L50|62/100|[from] Parting Shot
|-heal|p2b: NinJa|94/100|[from] ability: Hospitality|[of] p2a: Césped
|
|upkeep
|turn|13
|
|t:|1783894327
|switch|p2b: Tony Tiger|Incineroar, L50, M|65/100
|-ability|p2b: Tony Tiger|Intimidate|boost
|-unboost|p1a: Floette|atk|1
|-unboost|p1b: Sneasler|atk|1
|move|p1b: Sneasler|Fake Out|p2b: Tony Tiger
|-damage|p2b: Tony Tiger|58/100
|move|p1a: Floette|Calm Mind|p1a: Floette
|-boost|p1a: Floette|spa|1
|-boost|p1a: Floette|spd|1
|move|p2a: Césped|Matcha Gotcha|p1b: Sneasler|[spread] p1a,p1b
|-resisted|p1b: Sneasler|1
|-damage|p1a: Floette|84/100
|-heal|p2a: Césped|68/100|[from] drain|[of] p1a: Floette
|-damage|p1b: Sneasler|0 fnt
|-heal|p2a: Césped|69/100|[from] drain|[of] p1b: Sneasler
|faint|p1b: Sneasler
|
|upkeep
|
|t:|1783894331
|switch|p1b: Incineroar|Incineroar, L50, M|39/100
|-ability|p1b: Incineroar|Intimidate|boost
|-unboost|p2a: Césped|atk|1
|-unboost|p2b: Tony Tiger|atk|1
|turn|14
|inactive|entei enthusiast has 30 seconds left.
|inactive|F17 Nesuts has 30 seconds left.
|inactive|F17 Nesuts has 20 seconds left.
|inactive|F17 Nesuts has 15 seconds left.
|inactive|F17 Nesuts has 10 seconds left.
|
|t:|1783894381
|switch|p2a: NinJa|Sneasler, L50, M|94/100
|move|p2b: Tony Tiger|Fake Out|p1a: Floette
|-damage|p1a: Floette|75/100
|cant|p1a: Floette|flinch
|move|p1b: Incineroar|Parting Shot|p2b: Tony Tiger
|-unboost|p2b: Tony Tiger|atk|1
|-unboost|p2b: Tony Tiger|spa|1
|
|t:|1783894383
|switch|p1b: Aerodactyl|Aerodactyl-Mega, L50, M|34/100|[from] Parting Shot
|
|upkeep
|turn|15
|
|t:|1783894399
|move|p2a: NinJa|Fake Out|p1b: Aerodactyl
|-resisted|p1b: Aerodactyl|1
|-damage|p1b: Aerodactyl|25/100
|cant|p1b: Aerodactyl|flinch
|move|p1a: Floette|Dazzling Gleam|p2b: Tony Tiger|[spread] p2a,p2b
|-damage|p2a: NinJa|38/100
|-damage|p2b: Tony Tiger|23/100
|move|p2b: Tony Tiger|Flare Blitz|p1a: Floette
|-damage|p1a: Floette|46/100
|-damage|p2b: Tony Tiger|14/100|[from] Recoil
|
|upkeep
|turn|16
|inactive|F17 Nesuts has 30 seconds left.
|
|t:|1783894427
|switch|p2a: Césped|Sinistcha, L50|69/100
|-heal|p2b: Tony Tiger|39/100|[from] ability: Hospitality|[of] p2a: Césped
|move|p1b: Aerodactyl|Dual Wingbeat|p2a: Césped
|-supereffective|p2a: Césped|1
|-damage|p2a: Césped|24/100
|-supereffective|p2a: Césped|1
|-damage|p2a: Césped|0 fnt
|faint|p2a: Césped
|-hitcount|p2: Césped|2
|move|p1a: Floette|Dazzling Gleam|p2b: Tony Tiger
|-damage|p2b: Tony Tiger|0 fnt
|faint|p2b: Tony Tiger
|
|upkeep
|inactive|F17 Nesuts has 30 seconds left.
|
|t:|1783894440
|switch|p2b: NinJa|Sneasler, L50, M|38/100
|turn|17
|inactive|F17 Nesuts has 25 seconds left this turn.
|
|t:|1783894445
|move|p1b: Aerodactyl|Protect|p1b: Aerodactyl
|-singleturn|p1b: Aerodactyl|Protect
|move|p1a: Floette|Protect|p1a: Floette
|-singleturn|p1a: Floette|Protect
|move|p2b: NinJa|Poison Jab|p1a: Floette
|-activate|p1a: Floette|move: Protect
|
|upkeep
|turn|18
|inactive|F17 Nesuts has 25 seconds left this turn.
|c|☆F17 Nesuts|xD
|inactive|F17 Nesuts has 20 seconds left.
|inactive|F17 Nesuts has 15 seconds left.
|inactive|F17 Nesuts has 10 seconds left.
|-message|F17 Nesuts forfeited.
|
|win|entei enthusiast
|raw|entei enthusiast's rating: 1147 → 1177(+30 for winning)
|raw|F17 Nesuts's rating: 1216 → 1186(-30 for losing)
