|j|☆unovarydrake
|j|☆Soraxjm
|html|unovarydrakeSoraxjm    
|uhtml|bestof|Game 3 of a best-of-3
|t:|1757032037
|gametype|doubles
|player|p1|unovarydrake|elesa|
|player|p2|Soraxjm|steven|
|gen|9
|tier|[Gen 9] VGC 2025 Reg H (Bo3)
|rule|Species Clause: Limit one of each Pokémon
|rule|Item Clause: Limit 1 of each item
|clearpoke
|poke|p1|Volcarona, L50, M|
|poke|p1|Rillaboom, L50, M|
|poke|p1|Kingambit, L50, F|
|poke|p1|Electabuzz, L50, F|
|poke|p1|Sneasler, L50, F|
|poke|p1|Dragonite, L50, M|
|poke|p2|Gholdengo, L50|
|poke|p2|Ursaluna-Bloodmoon, L50, M|
|poke|p2|Maushold-Four, L50|
|poke|p2|Annihilape, L50, F|
|poke|p2|Dragonite, L50, F|
|poke|p2|Rillaboom, L50, F|
|teampreview|4
|showteam|p1|Volcarona||CovertCloak|FlameBody|HeatWave,TeraBlast,QuiverDance,Protect|||M|||50|,,,,,Fairy]Rillaboom||AssaultVest|GrassySurge|WoodHammer,GrassyGlide,HighHorsepower,FakeOut|||M|||50|,,,,,Fire]Kingambit||BlackGlasses|Defiant|KowtowCleave,SuckerPunch,SwordsDance,Protect|||F|||50|,,,,,Dark]Electabuzz||Eviolite|VitalSpirit|Thunderbolt,Taunt,FollowMe,Protect|||F|||50|,,,,,Ghost]Sneasler||FocusSash|Unburden|DireClaw,CloseCombat,Coaching,FakeOut|||F|||50|,,,,,Stellar]Dragonite||LoadedDice|Multiscale|ScaleShot,ExtremeSpeed,Haze,Protect|||M|||50|,,,,,Fairy
|showteam|p2|Gholdengo||LifeOrb|GoodasGold|MakeItRain,NastyPlot,ShadowBall,Protect||||||50|,,,,,Water]Ursaluna-Bloodmoon||AssaultVest|MindsEye|BloodMoon,EarthPower,HyperVoice,VacuumWave|||M|||50|,,,,,Water]Maushold-Four||FocusSash|FriendGuard|SuperFang,FollowMe,BeatUp,Protect||||||50|,,,,,Grass]Annihilape||SitrusBerry|Defiant|DrainPunch,BulkUp,RageFist,Protect|||F|||50|,,,,,Fire]Dragonite||LoadedDice|Multiscale|ScaleShot,ExtremeSpeed,Protect,Tailwind|||F|||50|,,,,,Fairy]Rillaboom||MiracleSeed|GrassySurge|WoodHammer,GrassyGlide,HighHorsepower,FakeOut|||F|||50|,,,,,Fire
|j| LikeAHydreigon
|j| totsbite4
|j| executive pole
|j| ljwarrior
|l| executive pole
|j| executive pole
|
|t:|1757032172
|teamsize|p1|4
|teamsize|p2|4
|start
|switch|p1a: Sneasler|Sneasler, L50, F|100/100
|switch|p1b: Dragonite|Dragonite, L50, M|100/100
|switch|p2a: Sabotage|Annihilape, L50, F, shiny|100/100
|switch|p2b: Carousel|Maushold-Four, L50|100/100
|turn|1
|inactive|Battle timer is ON: inactive players will automatically lose when time's up. (requested by unovarydrake)
|j| Novacast
|inactive|unovarydrake has 60 seconds left.
|
|t:|1757032220
|move|p2b: Carousel|Protect|p2b: Carousel
|-singleturn|p2b: Carousel|Protect
|move|p1a: Sneasler|Coaching|p1b: Dragonite
|-boost|p1b: Dragonite|atk|1
|-boost|p1b: Dragonite|def|1
|move|p2a: Sabotage|Bulk Up|p2a: Sabotage
|-boost|p2a: Sabotage|atk|1
|-boost|p2a: Sabotage|def|1
|move|p1b: Dragonite|Scale Shot|p2a: Sabotage
|-damage|p2a: Sabotage|89/100
|-damage|p2a: Sabotage|78/100
|-damage|p2a: Sabotage|67/100
|-damage|p2a: Sabotage|55/100
|-hitcount|p2a: Sabotage|4
|-unboost|p1b: Dragonite|def|1
|-boost|p1b: Dragonite|spe|1
|
|upkeep
|turn|2
|inactive|unovarydrake has 30 seconds left.
|inactive|Soraxjm has 30 seconds left.
|inactive|unovarydrake has 20 seconds left.
|inactive|Soraxjm has 20 seconds left.
|inactive|unovarydrake has 15 seconds left.
|inactive|unovarydrake has 10 seconds left.
|inactive|Soraxjm has 15 seconds left.
|inactive|unovarydrake has 5 seconds left.
|inactive|Soraxjm has 10 seconds left.
|
|t:|1757032274
|move|p1b: Dragonite|Protect|p1b: Dragonite
|-singleturn|p1b: Dragonite|Protect
|move|p2b: Carousel|Follow Me|p2b: Carousel
|-singleturn|p2b: Carousel|move: Follow Me
|move|p1a: Sneasler|Coaching|p1b: Dragonite
|-boost|p1b: Dragonite|atk|1
|-boost|p1b: Dragonite|def|1
|move|p2a: Sabotage|Rage Fist|p1a: Sneasler
|-enditem|p1a: Sneasler|Focus Sash
|-damage|p1a: Sneasler|1/100
|
|upkeep
|turn|3
|
|t:|1757032297
|move|p2b: Carousel|Follow Me|p2b: Carousel
|-singleturn|p2b: Carousel|move: Follow Me
|move|p1a: Sneasler|Coaching|p1b: Dragonite
|-boost|p1b: Dragonite|atk|1
|-boost|p1b: Dragonite|def|1
|move|p1b: Dragonite|Scale Shot|p2b: Carousel
|-damage|p2b: Carousel|54/100
|-damage|p2b: Carousel|9/100
|-damage|p2b: Carousel|0 fnt
|faint|p2b: Carousel
|-hitcount|p2: Carousel|3
|-unboost|p1b: Dragonite|def|1
|-boost|p1b: Dragonite|spe|1
|move|p2a: Sabotage|Rage Fist|p1b: Dragonite
|-damage|p1b: Dragonite|50/100
|
|upkeep
|
|t:|1757032318
|switch|p2b: Clean Air|Dragonite, L50, F|100/100
|turn|4
|inactive|unovarydrake has 30 seconds left.
|inactive|unovarydrake has 20 seconds left.
|inactive|unovarydrake has 15 seconds left.
|inactive|Soraxjm has 30 seconds left.
|
|t:|1757032365
|-terastallize|p2b: Clean Air|Fairy
|move|p2a: Sabotage|Protect|p2a: Sabotage
|-singleturn|p2a: Sabotage|Protect
|move|p2b: Clean Air|Extreme Speed|p1a: Sneasler
|-damage|p1a: Sneasler|0 fnt
|faint|p1a: Sneasler
|move|p1b: Dragonite|Scale Shot|p2a: Sabotage
|-activate|p2a: Sabotage|move: Protect
|
|upkeep
|
|t:|1757032373
|switch|p1a: Rillaboom|Rillaboom, L50, M|100/100
|-fieldstart|move: Grassy Terrain|[from] ability: Grassy Surge|[of] p1a: Rillaboom
|turn|5
|
|t:|1757032395
|switch|p2a: Mr.Eclectic|Ursaluna-Bloodmoon, L50, M|100/100
|move|p2b: Clean Air|Protect|p2b: Clean Air
|-singleturn|p2b: Clean Air|Protect
|move|p1a: Rillaboom|Fake Out|p2b: Clean Air
|-activate|p2b: Clean Air|move: Protect
|move|p1b: Dragonite|Scale Shot|p2a: Mr.Eclectic
|-damage|p2a: Mr.Eclectic|75/100
|-crit|p2a: Mr.Eclectic
|-damage|p2a: Mr.Eclectic|33/100
|-damage|p2a: Mr.Eclectic|6/100
|-damage|p2a: Mr.Eclectic|0 fnt
|faint|p2a: Mr.Eclectic
|-hitcount|p2: Mr.Eclectic|4
|-unboost|p1b: Dragonite|def|1
|-boost|p1b: Dragonite|spe|1
|
|upkeep
|
|t:|1757032404
|switch|p2a: Sabotage|Annihilape, L50, F, shiny|55/100
|turn|6
|inactive|unovarydrake has 30 seconds left.
|inactive|unovarydrake has 20 seconds left.
|inactive|unovarydrake has 15 seconds left.
|
|t:|1757032448
|-terastallize|p1b: Dragonite|Fairy
|move|p2a: Sabotage|Protect|p2a: Sabotage
|-singleturn|p2a: Sabotage|Protect
|move|p1b: Dragonite|Scale Shot|p2a: Sabotage
|-activate|p2a: Sabotage|move: Protect
|move|p2b: Clean Air|Tailwind|p2b: Clean Air
|-sidestart|p2: Soraxjm|move: Tailwind
|move|p1a: Rillaboom|Wood Hammer|p2b: Clean Air
|-damage|p2b: Clean Air|59/100
|-damage|p1a: Rillaboom|89/100|[from] Recoil
|
|-heal|p1b: Dragonite|56/100|[from] Grassy Terrain
|-heal|p2a: Sabotage|61/100|[from] Grassy Terrain
|-heal|p2b: Clean Air|65/100|[from] Grassy Terrain
|-heal|p1a: Rillaboom|95/100|[from] Grassy Terrain
|upkeep
|turn|7
|inactive|unovarydrake has 30 seconds left.
|inactive|unovarydrake has 20 seconds left.
|inactive|unovarydrake has 15 seconds left.
|
|t:|1757032490
|move|p2b: Clean Air|Extreme Speed|p1b: Dragonite
|-damage|p1b: Dragonite|19/100
|move|p1a: Rillaboom|Grassy Glide|p2a: Sabotage
|-damage|p2a: Sabotage|24/100
|-enditem|p2a: Sabotage|Sitrus Berry|[eat]
|-heal|p2a: Sabotage|49/100|[from] item: Sitrus Berry
|move|p1b: Dragonite|Scale Shot|p2a: Sabotage|[miss]
|-miss|p1b: Dragonite|p2a: Sabotage
|move|p2a: Sabotage|Rage Fist|p1a: Rillaboom
|-damage|p1a: Rillaboom|0 fnt
|faint|p1a: Rillaboom
|
|-heal|p1b: Dragonite|25/100|[from] Grassy Terrain
|-heal|p2a: Sabotage|55/100|[from] Grassy Terrain
|-heal|p2b: Clean Air|71/100|[from] Grassy Terrain
|upkeep
|
|t:|1757032509
|switch|p1a: Electabuzz|Electabuzz, L50, F|100/100
|turn|8
|inactive|unovarydrake has 30 seconds left.
|inactive|unovarydrake has 20 seconds left.
|inactive|unovarydrake has 15 seconds left.
|inactive|unovarydrake has 10 seconds left.
|inactive|unovarydrake has 5 seconds left.
|
|t:|1757032563
|move|p1b: Dragonite|Protect|p1b: Dragonite
|-singleturn|p1b: Dragonite|Protect
|move|p2a: Sabotage|Protect|p2a: Sabotage
|-singleturn|p2a: Sabotage|Protect
|move|p2b: Clean Air|Scale Shot|p1a: Electabuzz
|-damage|p1a: Electabuzz|88/100
|-damage|p1a: Electabuzz|76/100
|-damage|p1a: Electabuzz|65/100
|-damage|p1a: Electabuzz|54/100
|-hitcount|p1a: Electabuzz|4
|-unboost|p2b: Clean Air|def|1
|-boost|p2b: Clean Air|spe|1
|move|p1a: Electabuzz|Thunderbolt|p2a: Sabotage
|-activate|p2a: Sabotage|move: Protect
|
|-heal|p2b: Clean Air|77/100|[from] Grassy Terrain
|-heal|p1b: Dragonite|31/100|[from] Grassy Terrain
|-heal|p2a: Sabotage|61/100|[from] Grassy Terrain
|-heal|p1a: Electabuzz|60/100|[from] Grassy Terrain
|upkeep
|turn|9
|inactive|unovarydrake has 30 seconds left.
|inactive|unovarydrake has 20 seconds left.
|l| LikeAHydreigon
|inactive|unovarydrake has 15 seconds left.
|inactive|unovarydrake has 10 seconds left.
|inactive|unovarydrake has 5 seconds left.
|
|t:|1757032616
|move|p1b: Dragonite|Protect||[still]
|-fail|p1b: Dragonite
|move|p2b: Clean Air|Extreme Speed|p1b: Dragonite
|-damage|p1b: Dragonite|0 fnt
|faint|p1b: Dragonite
|move|p2a: Sabotage|Rage Fist|p1a: Electabuzz
|-damage|p1a: Electabuzz|0 fnt
|faint|p1a: Electabuzz
|
|win|Soraxjm
|c|☆unovarydrake|ggs
|c|☆Soraxjm|ggs
|l| executive pole
|l| totsbite4
|l|☆Soraxjm
|player|p2|
|j|☆Soraxjm
|player|p2|Soraxjm|steven|
