|j|☆Nufonaw
|j|☆TeyVgc
|html|NufonawTeyVgc    
|uhtml|bestof|Game 2 of a best-of-3
|t:|1784170314
|gametype|doubles
|player|p1|Nufonaw|2|
|player|p2|TeyVgc|rood|
|gen|9
|tier|[Gen 9 Champions] VGC 2026 Reg M-B (Bo3)
|rule|Species Clause: Limit one of each Pokémon
|rule|Item Clause: Limit 1 of each item
|clearpoke
|poke|p1|Grimmsnarl, L50, M, shiny|
|poke|p1|Dragapult, L50, M|
|poke|p1|Gyarados, L50, M, shiny|
|poke|p1|Rotom-Wash, L50|
|poke|p1|Farigiraf, L50, F|
|poke|p1|Tyranitar, L50, M, shiny|
|poke|p2|Venusaur, L50, F|
|poke|p2|Ditto, L50|
|poke|p2|Rotom-Heat, L50|
|poke|p2|Basculegion, L50, M|
|poke|p2|Maushold, L50|
|poke|p2|Aegislash, L50, F|
|teampreview|4
|showteam|p1|Grimmsnarl||LightClay|Prankster|FoulPlay,LightScreen,Reflect,Taunt|Impish||M|||50|]Dragapult||LifeOrb|CursedBody|DragonDarts,PsychicFangs,PhantomForce,Protect|Adamant||M|||50|]Gyarados||Gyaradosite|Intimidate|Crunch,Waterfall,DragonDance,Protect|Adamant||M|||50|]Rotom-Wash||Leftovers|Levitate|ShadowBall,Thunderbolt,WillOWisp,Protect|Modest|||||50|]Farigiraf||SitrusBerry|CudChew|Psychic,Thunderbolt,NastyPlot,TrickRoom|Quiet||F|||50|]Tyranitar||Tyranitarite|SandStream|BrickBreak,RockSlide,KnockOff,Protect|Relaxed||M|||50|
|showteam|p2|Venusaur||Venusaurite|Chlorophyll|Protect,SludgeBomb,GigaDrain,EarthPower|Modest||F|||50|]Ditto||ChoiceScarf|Imposter|Transform|Timid|||||50|]Rotom-Heat||Leftovers|Levitate|VoltSwitch,NightShade,PainSplit,WillOWisp|Bold|||||50|]Basculegion||FocusSash|Adaptability|Protect,Liquidation,LastRespects,AquaJet|Adamant||M|||50|]Maushold||MentalHerb|FriendGuard|SuperFang,Uturn,FollowMe,Encore|Calm|||||50|]Aegislash|||StanceChange|IronHead,ShadowSneak,KingsShield,Poltergeist|Brave||F|||50|
|
|t:|1784170384
|teamsize|p1|4
|teamsize|p2|4
|start
|switch|p1a: Rotom|Rotom-Wash, L50|100/100
|switch|p1b: Farigiraf|Farigiraf, L50, F|100/100
|switch|p2a: Venusaur|Venusaur, L50, F|100/100
|switch|p2b: Rotom|Rotom-Heat, L50|100/100
|turn|1
|
|t:|1784170410
|move|p1a: Rotom|Protect|p1a: Rotom
|-singleturn|p1a: Rotom|Protect
|move|p2b: Rotom|Volt Switch|p1a: Rotom
|-activate|p1a: Rotom|move: Protect
|move|p2a: Venusaur|Giga Drain|p1a: Rotom
|-activate|p1a: Rotom|move: Protect
|move|p1b: Farigiraf|Trick Room|p1b: Farigiraf
|-fieldstart|move: Trick Room|[of] p1b: Farigiraf
|
|upkeep
|turn|2
|
|t:|1784170436
|switch|p1a: Grimmsnarl|Grimmsnarl, L50, M, shiny|100/100
|move|p2a: Venusaur|Protect|p2a: Venusaur
|-singleturn|p2a: Venusaur|Protect
|move|p1b: Farigiraf|Nasty Plot|p1b: Farigiraf
|-boost|p1b: Farigiraf|spa|2
|move|p2b: Rotom|Volt Switch|p1a: Grimmsnarl
|-damage|p1a: Grimmsnarl|76/100
|
|t:|1784170448
|switch|p2b: Basculegion|Basculegion, L50, M|100/100|[from] Volt Switch
|
|upkeep
|turn|3
|
|t:|1784170462
|switch|p2a: Rotom|Rotom-Heat, L50|100/100
|move|p1a: Grimmsnarl|Reflect|p1a: Grimmsnarl
|-sidestart|p1: Nufonaw|Reflect
|move|p1b: Farigiraf|Psychic|p2a: Rotom
|-damage|p2a: Rotom|6/100
|move|p2b: Basculegion|Liquidation|p1b: Farigiraf
|-damage|p1b: Farigiraf|60/100
|
|-heal|p2a: Rotom|12/100|[from] item: Leftovers
|upkeep
|turn|4
|
|t:|1784170489
|move|p2b: Basculegion|Protect|p2b: Basculegion
|-singleturn|p2b: Basculegion|Protect
|move|p1b: Farigiraf|Psychic|p2a: Rotom
|-damage|p2a: Rotom|0 fnt
|faint|p2a: Rotom
|move|p1a: Grimmsnarl|Foul Play|p2b: Basculegion
|-activate|p2b: Basculegion|move: Protect
|
|upkeep
|
|t:|1784170498
|switch|p2a: Ditto|Ditto, L50|100/100
|-transform|p2a: Ditto|p1b: Farigiraf|[from] ability: Imposter
|turn|5
|
|t:|1784170520
|move|p1b: Farigiraf|Thunderbolt|p2b: Basculegion
|-supereffective|p2b: Basculegion|1
|-enditem|p2b: Basculegion|Focus Sash
|-damage|p2b: Basculegion|1/100
|move|p1a: Grimmsnarl|Foul Play|p2a: Ditto
|-supereffective|p2a: Ditto|1
|-damage|p2a: Ditto|21/100
|move|p2a: Ditto|Psychic|p1b: Farigiraf
|-resisted|p1b: Farigiraf|1
|-damage|p1b: Farigiraf|17/100
|-enditem|p1b: Farigiraf|Sitrus Berry|[eat]
|-heal|p1b: Farigiraf|41/100|[from] item: Sitrus Berry
|move|p2b: Basculegion|Liquidation|p1b: Farigiraf
|-damage|p1b: Farigiraf|0 fnt
|faint|p1b: Farigiraf
|
|-fieldend|move: Trick Room
|upkeep
|
|t:|1784170535
|switch|p1b: Gyarados|Gyarados, L50, M, shiny|100/100
|-ability|p1b: Gyarados|Intimidate|boost
|-unboost|p2a: Ditto|atk|1
|-unboost|p2b: Basculegion|atk|1
|turn|6
|
|t:|1784170559
|detailschange|p1b: Gyarados|Gyarados-Mega, L50, M, shiny
|-mega|p1b: Gyarados|Gyarados|Gyaradosite
|-ability|p1b: Gyarados|Mold Breaker
|move|p2b: Basculegion|Protect|p2b: Basculegion
|-singleturn|p2b: Basculegion|Protect
|move|p1b: Gyarados|Dragon Dance|p1b: Gyarados
|-boost|p1b: Gyarados|atk|1
|-boost|p1b: Gyarados|spe|1
|move|p2a: Ditto|Psychic|p1b: Gyarados
|-immune|p1b: Gyarados
|move|p1a: Grimmsnarl|Foul Play|p2a: Ditto
|-supereffective|p2a: Ditto|1
|-damage|p2a: Ditto|0 fnt
|faint|p2a: Ditto
|
|upkeep
|
|t:|1784170568
|switch|p2a: Venusaur|Venusaur, L50, F|100/100
|turn|7
|
|t:|1784170589
|detailschange|p2a: Venusaur|Venusaur-Mega, L50, F
|-mega|p2a: Venusaur|Venusaur|Venusaurite
|move|p1a: Grimmsnarl|Light Screen|p1a: Grimmsnarl
|-sidestart|p1: Nufonaw|move: Light Screen
|move|p1b: Gyarados|Dragon Dance|p1b: Gyarados
|-boost|p1b: Gyarados|atk|1
|-boost|p1b: Gyarados|spe|1
|move|p2b: Basculegion|Last Respects|p1b: Gyarados
|-resisted|p1b: Gyarados|1
|-crit|p1b: Gyarados
|-damage|p1b: Gyarados|25/100
|move|p2a: Venusaur|Giga Drain|p1b: Gyarados
|-supereffective|p1b: Gyarados|1
|-damage|p1b: Gyarados|0 fnt
|faint|p1b: Gyarados
|
|upkeep
|
|t:|1784170597
|switch|p1b: Rotom|Rotom-Wash, L50|100/100
|turn|8
|
|t:|1784170612
|move|p2b: Basculegion|Last Respects|p1b: Rotom
|-damage|p1b: Rotom|48/100
|move|p1b: Rotom|Will-O-Wisp|p2a: Venusaur|[miss]
|-miss|p1b: Rotom|p2a: Venusaur
|move|p2a: Venusaur|Giga Drain|p1b: Rotom
|-supereffective|p1b: Rotom|1
|-damage|p1b: Rotom|0 fnt
|faint|p1b: Rotom
|move|p1a: Grimmsnarl|Foul Play|p2b: Basculegion
|-supereffective|p2b: Basculegion|1
|-damage|p2b: Basculegion|0 fnt
|faint|p2b: Basculegion
|
|upkeep
|turn|9
|
|t:|1784170623
|move|p2a: Venusaur|Giga Drain|p1a: Grimmsnarl
|-damage|p1a: Grimmsnarl|52/100
|move|p1a: Grimmsnarl|Foul Play|p2a: Venusaur
|-damage|p2a: Venusaur|74/100
|
|upkeep
|turn|10
|
|t:|1784170630
|move|p2a: Venusaur|Giga Drain|p1a: Grimmsnarl
|-damage|p1a: Grimmsnarl|25/100
|-heal|p2a: Venusaur|88/100|[from] drain|[of] p1a: Grimmsnarl
|move|p1a: Grimmsnarl|Foul Play|p2a: Venusaur
|-damage|p2a: Venusaur|65/100
|
|-sideend|p1: Nufonaw|Reflect
|upkeep
|turn|11
|-message|Nufonaw forfeited.
|
|win|TeyVgc
|l|☆Nufonaw
|player|p1|
