|j|☆Deseret Gaming
|j|☆testdigi
|html|Deseret Gamingtestdigi    
|uhtml|bestof|Game 2 of a best-of-3
|t:|1785177444
|gametype|doubles
|player|p1|Deseret Gaming|cilan|1115
|player|p2|testdigi|169|1223
|gen|9
|tier|[Gen 9 Champions] VGC 2026 Reg M-B (Bo3)
|rated|
|rule|Species Clause: Limit one of each Pokémon
|rule|Item Clause: Limit 1 of each item
|clearpoke
|poke|p1|Chesnaught, L50, M|
|poke|p1|Kingambit, L50, M|
|poke|p1|Pelipper, L50, M|
|poke|p1|Sinistcha-Masterpiece, L50|
|poke|p1|Eelektross, L50, F|
|poke|p1|Farigiraf, L50, M|
|poke|p2|Raichu, L50, M|
|poke|p2|Toxapex, L50, F|
|poke|p2|Mamoswine, L50, F|
|poke|p2|Sylveon, L50, M|
|poke|p2|Corviknight, L50, F|
|poke|p2|Basculegion, L50, M|
|teampreview|4
|showteam|p1|Chesnaught||Chesnaughtite|Bulletproof|WoodHammer,DrainPunch,ThunderPunch,SpikyShield|Adamant||M|||50|]Kingambit||LifeOrb|Defiant|SuckerPunch,KowtowCleave,IronHead,Protect|Brave||M|||50|]Pelipper||FocusSash|Drizzle|WideGuard,Tailwind,WeatherBall,Hurricane|Modest||M|||50|]Sinistcha-Masterpiece||SitrusBerry|Hospitality|MatchaGotcha,RagePowder,LifeDew,TrickRoom|Relaxed|||||50|]Eelektross||Eelektrossite|Levitate|PoisonFang,RockSlide,WildCharge,Protect|Adamant||F|||50|]Farigiraf||MentalHerb|ArmorTail|TwinBeam,AllySwitch,TrickRoom,DazzlingGleam|Quiet||M|||50|
|showteam|p2|Raichu||RaichuniteY|LightningRod|ZapCannon,FocusBlast,FakeOut,Protect|Timid||M|||50|]Toxapex||Leftovers|Regenerator|Infestation,Toxic,WideGuard,BanefulBunker|Relaxed||F|||50|]Mamoswine||LifeOrb|Oblivious|StompingTantrum,IceShard,RockSlide,Protect|Adamant||F|||50|]Sylveon||FairyFeather|Pixilate|HyperVoice,QuickAttack,Yawn,Detect|Modest||M|||50|]Corviknight||OccaBerry|MirrorArmor|IronHead,BraveBird,Tailwind,Protect|Adamant||F|||50|]Basculegion||FocusSash|Adaptability|LastRespects,Liquidation,AquaJet,Protect|Adamant||M|||50|
|inactive|Battle timer is ON: inactive players will automatically lose when time's up. (requested by Deseret Gaming)
|inactive|testdigi has 60 seconds left.
|
|t:|1785177481
|teamsize|p1|4
|teamsize|p2|4
|start
|switch|p1a: D&C 89:9|Sinistcha-Masterpiece, L50|100/100
|switch|p1b: Eze.37:15-19|Farigiraf, L50, M|100/100
|switch|p2a: Toxapex|Toxapex, L50, F|100/100
|switch|p2b: Basculegion|Basculegion, L50, M|100/100
|turn|1
|
|t:|1785177494
|move|p2b: Basculegion|Last Respects|p1b: Eze.37:15-19
|-immune|p1b: Eze.37:15-19
|move|p1a: D&C 89:9|Matcha Gotcha|p2b: Basculegion|[spread] p2a,p2b
|-supereffective|p2b: Basculegion|1
|-damage|p2a: Toxapex|82/100
|-damage|p2b: Basculegion|46/100
|-status|p2b: Basculegion|brn
|move|p1b: Eze.37:15-19|Twin Beam|p2a: Toxapex
|-supereffective|p2a: Toxapex|1
|-damage|p2a: Toxapex|52/100
|-supereffective|p2a: Toxapex|1
|-damage|p2a: Toxapex|17/100
|-hitcount|p2a: Toxapex|2
|move|p2a: Toxapex|Toxic|p1b: Eze.37:15-19
|-status|p1b: Eze.37:15-19|tox
|
|-heal|p2a: Toxapex|23/100|[from] item: Leftovers
|-damage|p1b: Eze.37:15-19|93/100 tox|[from] psn
|-damage|p2b: Basculegion|40/100 brn|[from] brn
|upkeep
|turn|2
|inactive|Deseret Gaming has 30 seconds left.
|inactive|Deseret Gaming has 20 seconds left.
|
|t:|1785177530
|move|p2a: Toxapex|Baneful Bunker|p2a: Toxapex
|-singleturn|p2a: Toxapex|move: Protect
|move|p2b: Basculegion|Liquidation|p1b: Eze.37:15-19
|-damage|p1b: Eze.37:15-19|63/100 tox
|move|p1b: Eze.37:15-19|Twin Beam|p2b: Basculegion
|-damage|p2b: Basculegion|18/100 brn
|-damage|p2b: Basculegion|0 fnt
|faint|p2b: Basculegion
|-hitcount|p2: Basculegion|2
|move|p1a: D&C 89:9|Trick Room|p1a: D&C 89:9
|-fieldstart|move: Trick Room|[of] p1a: D&C 89:9
|
|-heal|p2a: Toxapex|29/100|[from] item: Leftovers
|-damage|p1b: Eze.37:15-19|51/100 tox|[from] psn
|upkeep
|
|t:|1785177539
|switch|p2b: Sylveon|Sylveon, L50, M|100/100
|turn|3
|
|t:|1785177552
|-heal|p2a: Toxapex|62/100|[from] ability: Regenerator|[silent]
|switch|p2a: Raichu|Raichu, L50, M|100/100
|move|p1b: Eze.37:15-19|Twin Beam|p2a: Raichu
|-damage|p2a: Raichu|70/100
|-damage|p2a: Raichu|43/100
|-hitcount|p2a: Raichu|2
|move|p1a: D&C 89:9|Life Dew||[still]|[spread] p1a,p1b
|-fail|p1a: D&C 89:9|heal
|-heal|p1b: Eze.37:15-19|76/100 tox
|move|p2b: Sylveon|Yawn|p1a: D&C 89:9
|-start|p1a: D&C 89:9|move: Yawn|[of] p2b: Sylveon
|
|-damage|p1b: Eze.37:15-19|57/100 tox|[from] psn
|upkeep
|turn|4
|inactive|Deseret Gaming has 30 seconds left.
|
|t:|1785177577
|move|p2a: Raichu|Protect|p2a: Raichu
|-singleturn|p2a: Raichu|Protect
|move|p1b: Eze.37:15-19|Twin Beam|p2b: Sylveon
|-damage|p2b: Sylveon|83/100
|-damage|p2b: Sylveon|67/100
|-hitcount|p2b: Sylveon|2
|move|p1a: D&C 89:9|Matcha Gotcha|p2b: Sylveon|[spread] p2b
|-activate|p2a: Raichu|move: Protect
|-damage|p2b: Sylveon|48/100
|move|p2b: Sylveon|Hyper Voice|p1a: D&C 89:9|[spread] p1a,p1b
|-damage|p1a: D&C 89:9|48/100
|-damage|p1b: Eze.37:15-19|11/100 tox
|-enditem|p1a: D&C 89:9|Sitrus Berry|[eat]
|-heal|p1a: D&C 89:9|73/100|[from] item: Sitrus Berry
|
|-damage|p1b: Eze.37:15-19|0 fnt|[from] psn
|faint|p1b: Eze.37:15-19
|-end|p1a: D&C 89:9|move: Yawn|[silent]
|-status|p1a: D&C 89:9|slp
|upkeep
|
|t:|1785177600
|switch|p1b: Mos. 29:17|Kingambit, L50, M|100/100
|turn|5
|
|t:|1785177609
|detailschange|p2a: Raichu|Raichu-Mega-Y, L50, M
|-mega|p2a: Raichu|Raichu|Raichunite Y
|cant|p1a: D&C 89:9|slp
|move|p1b: Mos. 29:17|Sucker Punch|p2a: Raichu
|-damage|p2a: Raichu|0 fnt
|faint|p2a: Raichu
|-damage|p1b: Mos. 29:17|90/100|[from] item: Life Orb
|move|p2b: Sylveon|Yawn|p1b: Mos. 29:17
|-start|p1b: Mos. 29:17|move: Yawn|[of] p2b: Sylveon
|
|upkeep
|
|t:|1785177614
|switch|p2a: Toxapex|Toxapex, L50, F|62/100
|turn|6
|
|t:|1785177625
|switch|p1b: Helaman16:2|Chesnaught, L50, M|100/100
|move|p2b: Sylveon|Detect|p2b: Sylveon
|-singleturn|p2b: Sylveon|Protect
|move|p2a: Toxapex|Infestation|p1b: Helaman16:2
|-damage|p1b: Helaman16:2|96/100
|-activate|p1b: Helaman16:2|move: Infestation|[of] p2a: Toxapex
|-curestatus|p1a: D&C 89:9|slp|[msg]
|move|p1a: D&C 89:9|Matcha Gotcha|p2b: Sylveon|[spread] p2a
|-activate|p2b: Sylveon|move: Protect
|-crit|p2a: Toxapex
|-damage|p2a: Toxapex|33/100
|-heal|p1a: D&C 89:9|86/100|[from] drain|[of] p2a: Toxapex
|
|-heal|p2a: Toxapex|38/100|[from] item: Leftovers
|-damage|p1b: Helaman16:2|84/100|[from] move: Infestation|[partiallytrapped]
|-fieldend|move: Trick Room
|upkeep
|turn|7
|
|t:|1785177649
|detailschange|p1b: Helaman16:2|Chesnaught-Mega, L50, M
|-mega|p1b: Helaman16:2|Chesnaught|Chesnaughtite
|move|p2a: Toxapex|Wide Guard|p2a: Toxapex
|-singleturn|p2a: Toxapex|Wide Guard
|move|p2b: Sylveon|Hyper Voice|p1b: Helaman16:2|[spread] p1a,p1b
|-supereffective|p1b: Helaman16:2|1
|-damage|p1a: D&C 89:9|35/100
|-damage|p1b: Helaman16:2|13/100
|move|p1b: Helaman16:2|Wood Hammer|p2b: Sylveon
|-damage|p2b: Sylveon|0 fnt
|faint|p2b: Sylveon
|-damage|p1b: Helaman16:2|0 fnt|[from] Recoil
|faint|p1b: Helaman16:2
|move|p1a: D&C 89:9|Trick Room|p1a: D&C 89:9
|-fieldstart|move: Trick Room|[of] p1a: D&C 89:9
|
|-heal|p2a: Toxapex|44/100|[from] item: Leftovers
|upkeep
|-message|testdigi forfeited.
|
|win|Deseret Gaming
