|j|☆Picoti
|j|☆rgangel
|html|Picotirgangel    
|uhtml|bestof|Game 1 of a best-of-3
|t:|1783896373
|gametype|doubles
|player|p1|Picoti|170|1205
|player|p2|rgangel|cynthia|1122
|gen|9
|tier|[Gen 9 Champions] VGC 2026 Reg M-B (Bo3)
|rated|
|rule|Species Clause: Limit one of each Pokémon
|rule|Item Clause: Limit 1 of each item
|clearpoke
|poke|p1|Whimsicott, L50, F|
|poke|p1|Ceruledge, L50, M|
|poke|p1|Garchomp, L50, M|
|poke|p1|Gholdengo, L50|
|poke|p1|Kingambit, L50, F|
|poke|p1|Staraptor, L50, F|
|poke|p2|Camerupt, L50, M|
|poke|p2|Farigiraf, L50, F|
|poke|p2|Araquanid, L50, F|
|poke|p2|Abomasnow, L50, M|
|poke|p2|Incineroar, L50, M|
|poke|p2|Medicham, L50, M|
|teampreview|4
|showteam|p1|Whimsicott||FocusSash|Prankster|Moonblast,Tailwind,Charm,Protect|Timid||F|||50|]Ceruledge||ColburBerry|FlashFire|BitterBlade,ShadowSneak,BulkUp,Protect|Adamant||M|||50|]Garchomp||LifeOrb|RoughSkin|Earthquake,RockSlide,DragonClaw,Protect|Jolly||M|||50|]Gholdengo||SpellTag|GoodasGold|MakeItRain,ShadowBall,NastyPlot,Protect|Modest|||||50|]Kingambit||OccaBerry|Defiant|KowtowCleave,SuckerPunch,LowKick,IronHead|Adamant||F|||50|]Staraptor||Staraptite|Intimidate|CloseCombat,Roost,BraveBird,Protect|Jolly||F|||50|
|showteam|p2|Camerupt||Cameruptite|MagmaArmor|EarthPower,Eruption,AncientPower,Protect|Quiet||M|||50|]Farigiraf||ColburBerry|ArmorTail|TwinBeam,HyperVoice,TrickRoom,Protect|Relaxed||F|||50|]Araquanid||LifeOrb|WaterBubble|Liquidation,Protect,WideGuard,BugBite|Brave||F|||50|]Abomasnow||Abomasite|SnowWarning|GigaDrain,Blizzard,AuroraVeil,Protect|Quiet||M|||50|]Incineroar||ChopleBerry|Intimidate|PartingShot,FlareBlitz,DarkestLariat,FakeOut|Careful||M|||50|]Medicham||FocusSash|PurePower|FakeOut,Feint,TrickRoom,DrainPunch|Brave||M|||50|
|inactive|Battle timer is ON: inactive players will automatically lose when time's up. (requested by rgangel)
|l|☆Picoti
|inactive|Picoti disconnected and has a minute to reconnect!
|player|p1|
|inactive|rgangel has 60 seconds left.
|j|☆Picoti
|inactive|Picoti reconnected.
|player|p1|Picoti|170|
|
|t:|1783896429
|teamsize|p1|4
|teamsize|p2|4
|start
|switch|p1a: Ceruledge|Ceruledge, L50, M|100/100
|switch|p1b: Kingambit|Kingambit, L50, F|100/100
|switch|p2a: Farigiraf|Farigiraf, L50, F|100/100
|switch|p2b: Medicham|Medicham, L50, M|100/100
|turn|1
|
|t:|1783896446
|switch|p1b: Staraptor|Staraptor, L50, F|100/100
|-ability|p1b: Staraptor|Intimidate|boost
|-unboost|p2a: Farigiraf|atk|1
|-unboost|p2b: Medicham|atk|1
|move|p1a: Ceruledge|Bulk Up|p1a: Ceruledge
|-boost|p1a: Ceruledge|atk|1
|-boost|p1a: Ceruledge|def|1
|move|p2b: Medicham|Drain Punch|p1b: Staraptor
|-damage|p1b: Staraptor|57/100
|move|p2a: Farigiraf|Trick Room|p2a: Farigiraf
|-fieldstart|move: Trick Room|[of] p2a: Farigiraf
|
|upkeep
|turn|2
|
|t:|1783896463
|detailschange|p1b: Staraptor|Staraptor-Mega, L50, F
|-mega|p1b: Staraptor|Staraptor|Staraptite
|move|p2b: Medicham|Feint|p1b: Staraptor
|-damage|p1b: Staraptor|47/100
|move|p2a: Farigiraf|Twin Beam|p1b: Staraptor
|-supereffective|p1b: Staraptor|1
|-damage|p1b: Staraptor|16/100
|-supereffective|p1b: Staraptor|1
|-damage|p1b: Staraptor|0 fnt
|faint|p1b: Staraptor
|-hitcount|p1: Staraptor|2
|move|p1a: Ceruledge|Bitter Blade|p2b: Medicham
|-damage|p2b: Medicham|4/100
|
|upkeep
|
|t:|1783896474
|switch|p1b: Kingambit|Kingambit, L50, F|100/100
|turn|3
|
|t:|1783896486
|switch|p1b: Whimsicott|Whimsicott, L50, F|100/100
|move|p2a: Farigiraf|Protect|p2a: Farigiraf
|-singleturn|p2a: Farigiraf|Protect
|move|p2b: Medicham|Drain Punch|p1b: Whimsicott
|-resisted|p1b: Whimsicott|1
|-damage|p1b: Whimsicott|75/100
|-heal|p2b: Medicham|14/100|[from] drain|[of] p1b: Whimsicott
|move|p1a: Ceruledge|Bitter Blade|p2b: Medicham
|-damage|p2b: Medicham|0 fnt
|faint|p2b: Medicham
|
|upkeep
|
|t:|1783896498
|switch|p2b: Camerupt|Camerupt, L50, M|100/100
|turn|4
|
|t:|1783896508
|detailschange|p2b: Camerupt|Camerupt-Mega, L50, M
|-mega|p2b: Camerupt|Camerupt|Cameruptite
|move|p1b: Whimsicott|Protect|p1b: Whimsicott
|-singleturn|p1b: Whimsicott|Protect
|move|p2b: Camerupt|Earth Power|p1a: Ceruledge
|-supereffective|p1a: Ceruledge|1
|-damage|p1a: Ceruledge|0 fnt
|faint|p1a: Ceruledge
|move|p2a: Farigiraf|Hyper Voice|p1b: Whimsicott
|-activate|p1b: Whimsicott|move: Protect
|
|upkeep
|
|t:|1783896512
|switch|p1a: Kingambit|Kingambit, L50, F|100/100
|turn|5
|
|t:|1783896529
|move|p2b: Camerupt|Earth Power|p1a: Kingambit
|-supereffective|p1a: Kingambit|1
|-crit|p1a: Kingambit
|-damage|p1a: Kingambit|0 fnt
|faint|p1a: Kingambit
|move|p2a: Farigiraf|Twin Beam|p1b: Whimsicott
|-damage|p1b: Whimsicott|48/100
|-damage|p1b: Whimsicott|24/100
|-hitcount|p1b: Whimsicott|2
|move|p1b: Whimsicott|Moonblast|p2b: Camerupt
|-resisted|p2b: Camerupt|1
|-damage|p2b: Camerupt|82/100
|
|-fieldend|move: Trick Room
|upkeep
|turn|6
|c|☆Picoti|Wow
|
|t:|1783896543
|move|p1b: Whimsicott|Moonblast|p2b: Camerupt
|-resisted|p2b: Camerupt|1
|-damage|p2b: Camerupt|64/100
|move|p2a: Farigiraf|Twin Beam|p1b: Whimsicott
|-damage|p1b: Whimsicott|0 fnt
|faint|p1b: Whimsicott
|-hitcount|p1: Whimsicott|1
|
|win|rgangel
||Picoti is ready for game 2.
||rgangel is ready for game 2.
|uhtml|next|Next: Game 2 of 3
|l|☆rgangel
|player|p2|
|j|☆rgangel
|player|p2|rgangel|cynthia|
