|j|☆NorthyLiam
|j|☆new mental
|html|NorthyLiamnew mental    
|uhtml|bestof|Game 2 of a best-of-3
|t:|1786042311
|gametype|doubles
|player|p1|NorthyLiam|169|1394
|player|p2|new mental|volkner|1316
|gen|9
|tier|[Gen 9 Champions] VGC 2026 Reg M-B (Bo3)
|rated|
|rule|Species Clause: Limit one of each Pokémon
|rule|Item Clause: Limit 1 of each item
|clearpoke
|poke|p1|Tyranitar, L50, F|
|poke|p1|Excadrill, L50, M|
|poke|p1|Milotic, L50, F|
|poke|p1|Staraptor, L50, M|
|poke|p1|Mimikyu, L50, F|
|poke|p1|Corviknight, L50, M|
|poke|p2|Charizard, L50, M|
|poke|p2|Garchomp, L50, F|
|poke|p2|Incineroar, L50, M|
|poke|p2|Venusaur, L50, M|
|poke|p2|Toxapex, L50, M|
|poke|p2|Sylveon, L50, F|
|teampreview|4
|showteam|p1|Tyranitar||Tyranitarite|SandStream|KnockOff,RockSlide,LowKick,Protect|Jolly||F|||50|]Excadrill||FocusSash|SandRush|HighHorsepower,IronHead,RockSlide,Protect|Adamant||M|||50|]Milotic||SitrusBerry|Competitive|Scald,IcyWind,IceBeam,Protect|Calm||F|||50|]Staraptor||Staraptite|Intimidate|CloseCombat,DualWingbeat,Tailwind,Protect|Jolly||M|||50|]Mimikyu||LifeOrb|Disguise|PlayRough,ShadowClaw,ShadowSneak,Protect|Modest||F|||50|]Corviknight||OccaBerry|MirrorArmor|BraveBird,IronHead,Tailwind,Protect|Adamant||M|||50|
|showteam|p2|Charizard||CharizarditeY|Blaze|WeatherBall,HeatWave,AncientPower,Protect|Modest||M|||50|]Garchomp||ChoiceScarf|RoughSkin|RockSlide,DragonClaw,Earthquake,StompingTantrum|Adamant||F|||50|]Incineroar||SitrusBerry|Intimidate|FlareBlitz,FakeOut,DarkestLariat,PartingShot|Impish||M|||50|]Venusaur||LifeOrb|Chlorophyll|SludgeBomb,LeafStorm,EarthPower,Protect|Modest||M|||50|]Toxapex||Leftovers|Regenerator|Infestation,Toxic,WideGuard,BanefulBunker|Bold||M|||50|]Sylveon||FairyFeather|Pixilate|HyperVoice,QuickAttack,Yawn,Detect|Modest||F|||50|
|
|t:|1786042348
|teamsize|p1|4
|teamsize|p2|4
|start
|switch|p1a: Milotic|Milotic, L50, F|100/100
|switch|p1b: Tyranitar|Tyranitar, L50, F|100/100
|switch|p2a: Garchomp|Garchomp, L50, F|100/100
|switch|p2b: Toxapex|Toxapex, L50, M|100/100
|-weather|Sandstorm|[from] ability: Sand Stream|[of] p1b: Tyranitar
|turn|1
|
|t:|1786042359
|move|p2a: Garchomp|Stomping Tantrum|p1b: Tyranitar
|-supereffective|p1b: Tyranitar|1
|-damage|p1b: Tyranitar|21/100
|move|p1b: Tyranitar|Knock Off|p2b: Toxapex
|-damage|p2b: Toxapex|69/100
|-enditem|p2b: Toxapex|Leftovers|[from] move: Knock Off|[of] p1b: Tyranitar
|move|p1a: Milotic|Ice Beam|p2a: Garchomp
|-supereffective|p2a: Garchomp|2
|-damage|p2a: Garchomp|8/100
|-status|p2a: Garchomp|frz
|move|p2b: Toxapex|Toxic|p1a: Milotic
|-status|p1a: Milotic|tox
|
|-weather|Sandstorm|[upkeep]
|-damage|p1a: Milotic|94/100 tox|[from] Sandstorm
|-damage|p2b: Toxapex|63/100|[from] Sandstorm
|-damage|p1a: Milotic|88/100 tox|[from] psn
|upkeep
|turn|2
|
|t:|1786042380
|switch|p1b: Staraptor|Staraptor, L50, M|100/100
|-ability|p1b: Staraptor|Intimidate|boost
|-unboost|p2a: Garchomp|atk|1
|-unboost|p2b: Toxapex|atk|1
|-curestatus|p2a: Garchomp|frz|[msg]
|move|p2a: Garchomp|Stomping Tantrum|p1a: Milotic
|-damage|p1a: Milotic|61/100 tox
|move|p1a: Milotic|Scald|p2a: Garchomp
|-damage|p2a: Garchomp|0 fnt
|faint|p2a: Garchomp
|move|p2b: Toxapex|Infestation|p1a: Milotic
|-damage|p1a: Milotic|59/100 tox
|-activate|p1a: Milotic|move: Infestation|[of] p2b: Toxapex
|
|-weather|Sandstorm|[upkeep]
|-damage|p1b: Staraptor|94/100|[from] Sandstorm
|-damage|p1a: Milotic|53/100 tox|[from] Sandstorm
|-damage|p2b: Toxapex|57/100|[from] Sandstorm
|-damage|p1a: Milotic|42/100 tox|[from] psn
|-damage|p1a: Milotic|30/100 tox|[from] move: Infestation|[partiallytrapped]
|upkeep
|-enditem|p1a: Milotic|Sitrus Berry|[eat]
|-heal|p1a: Milotic|54/100 tox|[from] item: Sitrus Berry
|
|t:|1786042394
|switch|p2a: Incineroar|Incineroar, L50, M|100/100
|-ability|p2a: Incineroar|Intimidate|boost
|-unboost|p1a: Milotic|atk|1
|-ability|p1a: Milotic|Competitive|boost
|-boost|p1a: Milotic|spa|2
|-unboost|p1b: Staraptor|atk|1
|turn|3
|inactive|Battle timer is ON: inactive players will automatically lose when time's up. (requested by new mental)
|
|t:|1786042404
|detailschange|p1b: Staraptor|Staraptor-Mega, L50, M
|-mega|p1b: Staraptor|Staraptor|Staraptite
|move|p2a: Incineroar|Fake Out|p1a: Milotic
|-damage|p1a: Milotic|44/100 tox
|move|p1b: Staraptor|Close Combat|p2a: Incineroar
|-supereffective|p2a: Incineroar|1
|-damage|p2a: Incineroar|43/100
|-boost|p1b: Staraptor|def|1
|-boost|p1b: Staraptor|spd|1
|-enditem|p2a: Incineroar|Sitrus Berry|[eat]
|-heal|p2a: Incineroar|68/100|[from] item: Sitrus Berry
|cant|p1a: Milotic|flinch
|move|p2b: Toxapex|Toxic|p1b: Staraptor
|-status|p1b: Staraptor|tox
|
|-weather|Sandstorm|[upkeep]
|-damage|p1b: Staraptor|88/100 tox|[from] Sandstorm
|-damage|p1a: Milotic|38/100 tox|[from] Sandstorm
|-damage|p2a: Incineroar|62/100|[from] Sandstorm
|-damage|p2b: Toxapex|52/100|[from] Sandstorm
|-damage|p1b: Staraptor|82/100 tox|[from] psn
|-damage|p1a: Milotic|21/100 tox|[from] psn
|-damage|p1a: Milotic|9/100 tox|[from] move: Infestation|[partiallytrapped]
|upkeep
|turn|4
|inactive|new mental has 30 seconds left.
|inactive|new mental has 20 seconds left.
|inactive|new mental has 15 seconds left.
|inactive|new mental has 10 seconds left.
|inactive|new mental has 5 seconds left.
|
|t:|1786042456
|move|p1b: Staraptor|Close Combat|p2b: Toxapex
|-resisted|p2b: Toxapex|1
|-damage|p2b: Toxapex|40/100
|-boost|p1b: Staraptor|def|1
|-boost|p1b: Staraptor|spd|1
|move|p1a: Milotic|Scald|p2a: Incineroar
|-supereffective|p2a: Incineroar|1
|-damage|p2a: Incineroar|0 fnt
|faint|p2a: Incineroar
|move|p2b: Toxapex|Infestation|p1b: Staraptor
|-resisted|p1b: Staraptor|2
|-damage|p1b: Staraptor|82/100 tox
|-activate|p1b: Staraptor|move: Infestation|[of] p2b: Toxapex
|
|-weather|Sandstorm|[upkeep]
|-damage|p1b: Staraptor|76/100 tox|[from] Sandstorm
|-damage|p1a: Milotic|3/100 tox|[from] Sandstorm
|-damage|p2b: Toxapex|34/100|[from] Sandstorm
|-damage|p1b: Staraptor|64/100 tox|[from] psn
|-damage|p1a: Milotic|0 fnt|[from] psn
|faint|p1a: Milotic
|-damage|p1b: Staraptor|52/100 tox|[from] move: Infestation|[partiallytrapped]
|upkeep
|
|t:|1786042470
|switch|p1a: Excadrill|Excadrill, L50, M|100/100
|switch|p2a: Charizard|Charizard, L50, M|100/100
|turn|5
|
|t:|1786042481
|detailschange|p2a: Charizard|Charizard-Mega-Y, L50, M
|-mega|p2a: Charizard|Charizard|Charizardite Y
|-weather|SunnyDay|[from] ability: Drought|[of] p2a: Charizard
|move|p1a: Excadrill|Protect|p1a: Excadrill
|-singleturn|p1a: Excadrill|Protect
|move|p1b: Staraptor|Dual Wingbeat|p2a: Charizard
|-damage|p2a: Charizard|86/100
|-damage|p2a: Charizard|72/100
|-hitcount|p2a: Charizard|2
|move|p2a: Charizard|Heat Wave|p1a: Excadrill|[spread] p1b
|-activate|p1a: Excadrill|move: Protect
|-damage|p1b: Staraptor|17/100 tox
|move|p2b: Toxapex|Infestation|p1a: Excadrill
|-activate|p1a: Excadrill|move: Protect
|
|-weather|SunnyDay|[upkeep]
|-damage|p1b: Staraptor|0 fnt|[from] psn
|faint|p1b: Staraptor
|upkeep
|
|t:|1786042492
|switch|p1b: Tyranitar|Tyranitar, L50, F|21/100
|-weather|Sandstorm|[from] ability: Sand Stream|[of] p1b: Tyranitar
|turn|6
|
|t:|1786042495
|move|p1a: Excadrill|High Horsepower|p2b: Toxapex
|-supereffective|p2b: Toxapex|1
|-damage|p2b: Toxapex|0 fnt
|faint|p2b: Toxapex
|move|p2a: Charizard|Heat Wave|p1a: Excadrill|[spread] p1b
|-miss|p2a: Charizard|p1a: Excadrill
|-resisted|p1b: Tyranitar|1
|-damage|p1b: Tyranitar|8/100
|move|p1b: Tyranitar|Rock Slide|p2a: Charizard
|-supereffective|p2a: Charizard|2
|-damage|p2a: Charizard|0 fnt
|faint|p2a: Charizard
|
|win|NorthyLiam
|raw|NorthyLiam's rating: 1394 → 1410(+16 for winning)
|raw|new mental's rating: 1316 → 1300(-16 for losing)
