|j|☆moicito
|j|☆Soratami
|html|moicitoSoratami    
|uhtml|bestof|Game 3 of a best-of-3
|t:|1756617619
|gametype|doubles
|player|p1|moicito|caitlin|1148
|player|p2|Soratami|ethan|1204
|gen|9
|tier|[Gen 9] VGC 2025 Reg H (Bo3)
|rated|
|rule|Species Clause: Limit one of each Pokémon
|rule|Item Clause: Limit 1 of each item
|clearpoke
|poke|p1|Kingambit, L50, F|
|poke|p1|Rillaboom, L50, F|
|poke|p1|Magmar, L50, F|
|poke|p1|Primarina, L50, M|
|poke|p1|Sneasler, L50, M|
|poke|p1|Dragapult, L50, M|
|poke|p2|Torkoal, L50, F|
|poke|p2|Vileplume, L50, M|
|poke|p2|Indeedee-F, L50, F|
|poke|p2|Hatterene, L50, F|
|poke|p2|Ursaluna, L50, F|
|poke|p2|Gallade, L50, M|
|teampreview|4
|showteam|p1|Kingambit||BlackGlasses|Defiant|Protect,KowtowCleave,SuckerPunch,SwordsDance|||F|||50|,,,,,Ghost]Rillaboom||AssaultVest|GrassySurge|WoodHammer,GrassyGlide,HighHorsepower,FakeOut|||F|||50|,,,,,Fire]Magmar||Eviolite|VitalSpirit|Overheat,WillOWisp,FollowMe,Protect|||F|||50|,,,,,Ghost]Primarina||SitrusBerry|LiquidVoice|HyperVoice,Moonblast,Haze,Protect|||M|||50|,,,,,Water]Sneasler||FocusSash|PoisonTouch|CloseCombat,DireClaw,Coaching,FakeOut|||M|||50|,,,,,Stellar]Dragapult||ChoiceBand|ClearBody|DragonDarts,TeraBlast,PhantomForce,Uturn|||M|||50|,,,,,Ghost
|showteam|p2|Torkoal||Charcoal|Drought|ClearSmog,HeatWave,Eruption,Protect|||F|||50|,,,,,Fire]Vileplume||FocusSash|Chlorophyll|LeafStorm,SleepPowder,Protect,AfterYou|||M|||50|,,,,,Water]Indeedee-F||PsychicSeed|PsychicSurge|FollowMe,HelpingHand,TrickRoom,Psychic|||F|||50|,,,,,Fairy]Hatterene||LifeOrb|MagicBounce|DazzlingGleam,ExpandingForce,TrickRoom,Protect|||F|||50|,,,,,Psychic]Ursaluna||FlameOrb|Guts|Earthquake,Facade,HeadlongRush,Protect|||F|||50|,,,,,Ghost]Gallade||ClearAmulet|Sharpness|PsychoCut,SacredSword,TrickRoom,WideGuard|||M|||50|,,,,,Fire
|inactive|Battle timer is ON: inactive players will automatically lose when time's up. (requested by Soratami)
|
|t:|1756617649
|teamsize|p1|4
|teamsize|p2|4
|start
|switch|p1a: Dragapult|Dragapult, L50, M|100/100
|switch|p1b: Primarina|Primarina, L50, M|100/100
|switch|p2a: Hatterene|Hatterene, L50, F|100/100
|switch|p2b: Indeedee|Indeedee-F, L50, F|100/100
|-fieldstart|move: Psychic Terrain|[from] ability: Psychic Surge|[of] p2b: Indeedee
|-enditem|p2b: Indeedee|Psychic Seed
|-boost|p2b: Indeedee|spd|1|[from] item: Psychic Seed
|turn|1
|inactive|moicito has 30 seconds left.
|
|t:|1756617679
|move|p2a: Hatterene|Protect|p2a: Hatterene
|-singleturn|p2a: Hatterene|Protect
|move|p1a: Dragapult|U-turn|p2b: Indeedee
|-supereffective|p2b: Indeedee
|-damage|p2b: Indeedee|35/100
|
|t:|1756617684
|switch|p1a: Rilli|Rillaboom, L50, F, shiny|100/100|[from] U-turn
|-fieldstart|move: Grassy Terrain|[from] ability: Grassy Surge|[of] p1a: Rilli
|move|p1b: Primarina|Hyper Voice|p2b: Indeedee|[spread] p2b
|-activate|p2a: Hatterene|move: Protect
|-damage|p2b: Indeedee|14/100
|move|p2b: Indeedee|Trick Room|p2b: Indeedee
|-fieldstart|move: Trick Room|[of] p2b: Indeedee
|
|-heal|p2b: Indeedee|20/100|[from] Grassy Terrain
|upkeep
|turn|2
|inactive|moicito has 30 seconds left.
|
|t:|1756617712
|switch|p2a: Torkoal|Torkoal, L50, F|100/100
|-weather|SunnyDay|[from] ability: Drought|[of] p2a: Torkoal
|switch|p2b: Gallade|Gallade, L50, M|100/100
|move|p1b: Primarina|Hyper Voice|p2b: Gallade|[spread] p2a,p2b
|-supereffective|p2a: Torkoal
|-damage|p2a: Torkoal|53/100
|-damage|p2b: Gallade|85/100
|move|p1a: Rilli|Wood Hammer|p2a: Torkoal
|-resisted|p2a: Torkoal
|-damage|p2a: Torkoal|21/100
|-damage|p1a: Rilli|92/100|[from] Recoil
|
|-weather|SunnyDay|[upkeep]
|-heal|p2a: Torkoal|28/100|[from] Grassy Terrain
|-heal|p2b: Gallade|91/100|[from] Grassy Terrain
|-heal|p1a: Rilli|98/100|[from] Grassy Terrain
|upkeep
|turn|3
|inactive|moicito has 30 seconds left.
|inactive|Soratami has 30 seconds left.
|
|t:|1756617739
|switch|p2a: Indeedee|Indeedee-F, L50, F|20/100
|-fieldstart|move: Psychic Terrain|[from] ability: Psychic Surge|[of] p2a: Indeedee
|-terastallize|p2b: Gallade|Fire
|-terastallize|p1a: Rilli|Fire
|move|p2b: Gallade|Psycho Cut|p1a: Rilli
|-damage|p1a: Rilli|22/100
|move|p1b: Primarina|Moonblast|p2b: Gallade
|-resisted|p2b: Gallade
|-crit|p2b: Gallade
|-damage|p2b: Gallade|58/100
|move|p1a: Rilli|High Horsepower|p2a: Indeedee
|-damage|p2a: Indeedee|0 fnt
|faint|p2a: Indeedee
|
|-weather|SunnyDay|[upkeep]
|upkeep
|
|t:|1756617759
|switch|p2a: Hatterene|Hatterene, L50, F|100/100
|turn|4
|
|t:|1756617783
|switch|p1a: Kingii|Kingambit, L50, F, shiny|100/100
|move|p1b: Primarina|Protect|p1b: Primarina
|-singleturn|p1b: Primarina|Protect
|move|p2a: Hatterene|Expanding Force|p1a: Kingii|[spread] 
|-activate|p1b: Primarina|move: Protect
|-immune|p1a: Kingii
|move|p2b: Gallade|Psycho Cut|p1a: Kingii
|-immune|p1a: Kingii
|
|-weather|SunnyDay|[upkeep]
|upkeep
|turn|5
|inactive|moicito has 30 seconds left.
|inactive|Soratami has 30 seconds left.
|inactive|moicito has 20 seconds left.
|
|t:|1756617820
|switch|p1b: Rilli|Rillaboom, L50, F, shiny, tera:Fire|22/100
|-fieldstart|move: Grassy Terrain|[from] ability: Grassy Surge|[of] p1b: Rilli
|move|p2a: Hatterene|Expanding Force|p1b: Rilli
|-damage|p1b: Rilli|0 fnt
|faint|p1b: Rilli
|-damage|p2a: Hatterene|91/100|[from] item: Life Orb
|move|p1a: Kingii|Kowtow Cleave|p2b: Gallade
|-damage|p2b: Gallade|0 fnt
|faint|p2b: Gallade
|
|-weather|SunnyDay|[upkeep]
|-heal|p2a: Hatterene|97/100|[from] Grassy Terrain
|-fieldend|move: Trick Room
|upkeep
|
|t:|1756617843
|switch|p1b: Dragapult|Dragapult, L50, M|100/100
|switch|p2b: Torkoal|Torkoal, L50, F|28/100
|turn|6
|
|t:|1756617867
|move|p2b: Torkoal|Protect|p2b: Torkoal
|-singleturn|p2b: Torkoal|Protect
|move|p1b: Dragapult|U-turn|p2a: Hatterene
|-damage|p2a: Hatterene|56/100
|
|t:|1756617871
|switch|p1b: Primarina|Primarina, L50, M|100/100|[from] U-turn
|move|p1a: Kingii|Kowtow Cleave|p2b: Torkoal
|-activate|p2b: Torkoal|move: Protect
|move|p2a: Hatterene|Trick Room|p2a: Hatterene
|-fieldstart|move: Trick Room|[of] p2a: Hatterene
|
|-weather|none
|-heal|p2b: Torkoal|34/100|[from] Grassy Terrain
|-heal|p2a: Hatterene|62/100|[from] Grassy Terrain
|upkeep
|turn|7
|
|t:|1756617888
|move|p1a: Kingii|Sucker Punch|p2b: Torkoal
|-damage|p2b: Torkoal|0 fnt
|faint|p2b: Torkoal
|move|p2a: Hatterene|Expanding Force|p1b: Primarina
|-damage|p1b: Primarina|47/100
|-enditem|p1b: Primarina|Sitrus Berry|[eat]
|-heal|p1b: Primarina|72/100|[from] item: Sitrus Berry
|-damage|p2a: Hatterene|52/100|[from] item: Life Orb
|move|p1b: Primarina|Hyper Voice|p2a: Hatterene
|-damage|p2a: Hatterene|2/100
|
|-heal|p2a: Hatterene|8/100|[from] Grassy Terrain
|-heal|p1b: Primarina|78/100|[from] Grassy Terrain
|upkeep
|turn|8
|c|☆Soratami|Lol
|c|☆Soratami|Gg
|-message|Soratami forfeited.
|
|win|moicito
|raw|moicito's rating: 1148 → 1177(+29 for winning)
|raw|Soratami's rating: 1204 → 1175(-29 for losing)
|c|☆moicito|gg to you too!
|l|☆Soratami
|player|p2|
