|j|☆SilkSongClave
|j|☆candy berlin
|html|SilkSongClavecandy berlin    
|uhtml|bestof|Game 2 of a best-of-3
|t:|1757717699
|gametype|doubles
|player|p1|SilkSongClave|artist-gen4|1202
|player|p2|candy berlin|rika|1271
|gen|9
|tier|[Gen 9] VGC 2025 Reg H (Bo3)
|rated|
|rule|Species Clause: Limit one of each Pokémon
|rule|Item Clause: Limit 1 of each item
|clearpoke
|poke|p1|Excadrill, L50, F|
|poke|p1|Sneasler, L50, F|
|poke|p1|Indeedee, L50, M|
|poke|p1|Tyranitar, L50, M|
|poke|p1|Corviknight, L50, M|
|poke|p1|Annihilape, L50, M|
|poke|p2|Ninetales-Alola, L50, M|
|poke|p2|Annihilape, L50, M|
|poke|p2|Gholdengo, L50|
|poke|p2|Dragonite, L50, F|
|poke|p2|Ursaluna-Bloodmoon, L50, M|
|poke|p2|Arcanine, L50, M|
|teampreview|4
|showteam|p1|Excadrill||FocusSash|SandRush|IronHead,HighHorsepower,Earthquake,Protect|||F|||50|,,,,,Stellar]Sneasler||PsychicSeed|Unburden|DireClaw,CloseCombat,ThroatChop,Protect|||F|||50|,,,,,Dark]Indeedee||ChoiceScarf|PsychicSurge|ExpandingForce,TeraBlast,Protect,Trick|||M|||50|,,,,,Psychic]Tyranitar||AssaultVest|SandStream|RockSlide,KnockOff,LowKick,TeraBlast|||M|||50|,,,,,Flying]Corviknight||SitrusBerry|MirrorArmor|BraveBird,Tailwind,Roost,BulkUp|||M|||50|,,,,,Dragon]Annihilape||SafetyGoggles|Defiant|CloseCombat,RageFist,Taunt,FinalGambit|||M|||50|,,,,,Water
|showteam|p2|Ninetales-Alola||FocusSash|SnowWarning|AuroraVeil,Encore,Blizzard,IcyWind|||M|||50|,,,,,Ghost]Annihilape||SafetyGoggles|Defiant|DrainPunch,RageFist,BulkUp,Protect|||M|||50|,,,,,Water]Gholdengo||Leftovers|GoodasGold|MakeItRain,NastyPlot,ShadowBall,Protect||||||50|,,,,,Water]Dragonite||LoadedDice|Multiscale|ScaleShot,Tailwind,ExtremeSpeed,Protect|||F|||50|,,,,,Steel]Ursaluna-Bloodmoon||AssaultVest|MindsEye|HyperVoice,BloodMoon,VacuumWave,EarthPower|||M|||50|,,,,,Normal]Arcanine||MirrorHerb|Intimidate|FlareBlitz,Protect,WillOWisp,ExtremeSpeed|||M|||50|,,,,,Normal
|
|t:|1757717730
|teamsize|p1|4
|teamsize|p2|4
|start
|switch|p1a: Corviknight|Corviknight, L50, M|100/100
|switch|p1b: Tyranitar|Tyranitar, L50, M, shiny|100/100
|switch|p2a: Dragonite|Dragonite, L50, F|100/100
|switch|p2b: Annihilape|Annihilape, L50, M|100/100
|-weather|Sandstorm|[from] ability: Sand Stream|[of] p1b: Tyranitar
|turn|1
|
|t:|1757717749
|-terastallize|p2b: Annihilape|Water
|-terastallize|p1b: Tyranitar|Flying
|move|p2b: Annihilape|Bulk Up|p2b: Annihilape
|-boost|p2b: Annihilape|atk|1
|-boost|p2b: Annihilape|def|1
|move|p2a: Dragonite|Tailwind|p2a: Dragonite
|-sidestart|p2: candy berlin|move: Tailwind
|move|p1b: Tyranitar|Knock Off|p2a: Dragonite
|-damage|p2a: Dragonite|73/100
|-enditem|p2a: Dragonite|Loaded Dice|[from] move: Knock Off|[of] p1b: Tyranitar
|move|p1a: Corviknight|Bulk Up|p1a: Corviknight
|-boost|p1a: Corviknight|atk|1
|-boost|p1a: Corviknight|def|1
|
|-weather|Sandstorm|[upkeep]
|-damage|p2a: Dragonite|67/100|[from] Sandstorm
|-damage|p1b: Tyranitar|95/100|[from] Sandstorm
|upkeep
|turn|2
|
|t:|1757717791
|move|p2b: Annihilape|Bulk Up|p2b: Annihilape
|-boost|p2b: Annihilape|atk|1
|-boost|p2b: Annihilape|def|1
|move|p2a: Dragonite|Scale Shot|p2b: Annihilape
|-damage|p2b: Annihilape|93/100
|-damage|p2b: Annihilape|86/100
|-damage|p2b: Annihilape|79/100
|-damage|p2b: Annihilape|73/100
|-damage|p2b: Annihilape|66/100
|-hitcount|p2b: Annihilape|5
|-unboost|p2a: Dragonite|def|1
|-boost|p2a: Dragonite|spe|1
|move|p1b: Tyranitar|Tera Blast|p2a: Dragonite|[anim] Tera Blast Flying
|-damage|p2a: Dragonite|0 fnt
|faint|p2a: Dragonite
|move|p1a: Corviknight|Bulk Up|p1a: Corviknight
|-boost|p1a: Corviknight|atk|1
|-boost|p1a: Corviknight|def|1
|
|-weather|Sandstorm|[upkeep]
|-damage|p1b: Tyranitar|89/100|[from] Sandstorm
|upkeep
|
|t:|1757717804
|switch|p2a: Ninetales|Ninetales-Alola, L50, M|100/100
|-weather|Snowscape|[from] ability: Snow Warning|[of] p2a: Ninetales
|turn|3
|
|t:|1757717816
|switch|p1b: Excadrill|Excadrill, L50, F, shiny|100/100
|move|p2a: Ninetales|Encore|p1a: Corviknight
|-start|p1a: Corviknight|Encore
|move|p2b: Annihilape|Rage Fist|p1b: Excadrill
|-enditem|p1b: Excadrill|Focus Sash
|-damage|p1b: Excadrill|1/100
|move|p1a: Corviknight|Bulk Up|p1a: Corviknight
|-boost|p1a: Corviknight|atk|1
|-boost|p1a: Corviknight|def|1
|
|-weather|Snowscape|[upkeep]
|upkeep
|turn|4
|
|t:|1757717838
|switch|p1a: Tyranitar|Tyranitar, L50, M, shiny, tera:Flying|89/100
|-weather|Sandstorm|[from] ability: Sand Stream|[of] p1a: Tyranitar
|move|p2a: Ninetales|Icy Wind|p1b: Excadrill|[spread] p1a,p1b
|-supereffective|p1a: Tyranitar
|-damage|p1a: Tyranitar|68/100
|-damage|p1b: Excadrill|0 fnt
|-unboost|p1a: Tyranitar|spe|1
|faint|p1b: Excadrill
|move|p2b: Annihilape|Rage Fist|p1a: Tyranitar
|-damage|p1a: Tyranitar|0 fnt
|faint|p1a: Tyranitar
|
|-weather|Sandstorm|[upkeep]
|-damage|p2a: Ninetales|94/100|[from] Sandstorm
|-sideend|p2: candy berlin|move: Tailwind
|upkeep
|
|t:|1757717848
|switch|p1b: Indeedee|Indeedee, L50, M|100/100
|switch|p1a: Corviknight|Corviknight, L50, M|100/100
|-fieldstart|move: Psychic Terrain|[from] ability: Psychic Surge|[of] p1b: Indeedee
|turn|5
|
|t:|1757717863
|move|p2b: Annihilape|Protect|p2b: Annihilape
|-singleturn|p2b: Annihilape|Protect
|move|p1b: Indeedee|Expanding Force|p2a: Ninetales|[spread] p2a
|-activate|p2b: Annihilape|move: Protect
|-damage|p2a: Ninetales|31/100
|move|p2a: Ninetales|Icy Wind|p1b: Indeedee|[spread] p1a,p1b
|-damage|p1a: Corviknight|87/100
|-damage|p1b: Indeedee|78/100
|-ability|p1a: Corviknight|Mirror Armor
|-unboost|p2a: Ninetales|spe|1
|-unboost|p1b: Indeedee|spe|1
|move|p1a: Corviknight|Tailwind|p1a: Corviknight
|-sidestart|p1: SilkSongClave|move: Tailwind
|
|-weather|Sandstorm|[upkeep]
|-damage|p1b: Indeedee|72/100|[from] Sandstorm
|-damage|p2a: Ninetales|25/100|[from] Sandstorm
|upkeep
|turn|6
|
|t:|1757717897
|move|p1b: Indeedee|Expanding Force|p2a: Ninetales|[spread] p2a,p2b
|-damage|p2a: Ninetales|0 fnt
|-damage|p2b: Annihilape|12/100
|faint|p2a: Ninetales
|move|p1a: Corviknight|Brave Bird|p2b: Annihilape
|-damage|p2b: Annihilape|0 fnt
|faint|p2b: Annihilape
|-damage|p1a: Corviknight|83/100|[from] Recoil
|
|-weather|Sandstorm|[upkeep]
|-damage|p1b: Indeedee|66/100|[from] Sandstorm
|upkeep
|
|t:|1757717900
|switch|p2b: Gholdengo|Gholdengo, L50|100/100
|turn|7
|
|t:|1757717909
|move|p1b: Indeedee|Expanding Force|p2b: Gholdengo
|-resisted|p2b: Gholdengo
|-damage|p2b: Gholdengo|61/100
|move|p1a: Corviknight|Bulk Up|p1a: Corviknight
|-boost|p1a: Corviknight|atk|1
|-boost|p1a: Corviknight|def|1
|move|p2b: Gholdengo|Nasty Plot|p2b: Gholdengo
|-boost|p2b: Gholdengo|spa|2
|
|-weather|Sandstorm|[upkeep]
|-damage|p1b: Indeedee|60/100|[from] Sandstorm
|-heal|p2b: Gholdengo|67/100|[from] item: Leftovers
|upkeep
|turn|8
|
|t:|1757717922
|move|p1b: Indeedee|Expanding Force|p2b: Gholdengo
|-resisted|p2b: Gholdengo
|-damage|p2b: Gholdengo|27/100
|move|p1a: Corviknight|Roost|p1a: Corviknight
|-heal|p1a: Corviknight|100/100
|-singleturn|p1a: Corviknight|move: Roost
|move|p2b: Gholdengo|Shadow Ball|p1a: Corviknight
|-crit|p1a: Corviknight
|-damage|p1a: Corviknight|0 fnt
|faint|p1a: Corviknight
|
|-weather|none
|-heal|p2b: Gholdengo|33/100|[from] item: Leftovers
|-sideend|p1: SilkSongClave|move: Tailwind
|upkeep
|turn|9
|
|t:|1757717933
|move|p2b: Gholdengo|Protect|p2b: Gholdengo
|-singleturn|p2b: Gholdengo|Protect
|move|p1b: Indeedee|Expanding Force|p2b: Gholdengo
|-activate|p2b: Gholdengo|move: Protect
|
|-heal|p2b: Gholdengo|40/100|[from] item: Leftovers
|-fieldend|move: Psychic Terrain
|upkeep
|turn|10
|
|t:|1757717937
|move|p1b: Indeedee|Expanding Force|p2b: Gholdengo
|-resisted|p2b: Gholdengo
|-damage|p2b: Gholdengo|20/100
|move|p2b: Gholdengo|Make It Rain|p1b: Indeedee
|-crit|p1b: Indeedee
|-damage|p1b: Indeedee|0 fnt
|-unboost|p2b: Gholdengo|spa|1
|faint|p1b: Indeedee
|
|win|candy berlin
|raw|SilkSongClave's rating: 1202 → 1182(-20 for losing)
|raw|candy berlin's rating: 1271 → 1291(+20 for winning)
