|j|☆mixxserenade
|j|☆leontief47
|html|mixxserenadeleontief47    
|uhtml|bestof|Game 3 of a best-of-3
|t:|1782700770
|gametype|doubles
|player|p1|mixxserenade|2|1033
|player|p2|leontief47|169|1065
|gen|9
|tier|[Gen 9 Champions] VGC 2026 Reg M-B (Bo3)
|rated|
|rule|Species Clause: Limit one of each Pokémon
|rule|Item Clause: Limit 1 of each item
|clearpoke
|poke|p1|Floette-Eternal, L50, F|
|poke|p1|Whimsicott, L50, F|
|poke|p1|Basculegion, L50, M|
|poke|p1|Charizard, L50, M|
|poke|p1|Kingambit, L50, M|
|poke|p1|Garchomp, L50, M|
|poke|p2|Incineroar, L50, F|
|poke|p2|Basculegion, L50, M|
|poke|p2|Whimsicott, L50, M|
|poke|p2|Kingambit, L50, M|
|poke|p2|Staraptor, L50, M|
|poke|p2|Glimmora, L50, M|
|teampreview|4
|showteam|p1|Floette-Eternal||Floettite|FlowerVeil|DazzlingGleam,Moonblast,LightofRuin,Protect|Timid||F|||50|]Whimsicott||FocusSash|Prankster|Moonblast,Encore,Tailwind,Protect|Timid||F|||50|]Basculegion||MysticWater|Adaptability|WaveCrash,AquaJet,LastRespects,Protect|Adamant||M|||50|]Charizard||CharizarditeY|Blaze|HeatWave,WeatherBall,SolarBeam,Protect|Modest||M|||50|]Kingambit||OccaBerry|Defiant|KowtowCleave,SuckerPunch,IronHead,Protect|Adamant||M|||50|]Garchomp||RoseliBerry|RoughSkin|Earthquake,DragonClaw,RockSlide,PoisonJab|Jolly||M|||50|
|showteam|p2|Incineroar||SitrusBerry|Intimidate|FakeOut,FlareBlitz,DarkestLariat,PartingShot|Careful||F|||50|]Basculegion||ChoiceScarf|Adaptability|AquaJet,LastRespects,WaveCrash,FlipTurn|Jolly||M|||50|]Whimsicott||FocusSash|Prankster|Moonblast,Tailwind,Charm,Protect|Calm||M|||50|]Kingambit||Leftovers|Defiant|KowtowCleave,IronHead,SuckerPunch,Protect|Adamant||M|||50|]Staraptor||Staraptite|Intimidate|BraveBird,CloseCombat,BlazeKick,Protect|Jolly||M|||50|]Glimmora||Glimmoranite|ToxicDebris|SludgeBomb,PowerGem,SludgeWave,SpikyShield|Timid||M|||50|
|
|t:|1782700800
|teamsize|p1|4
|teamsize|p2|4
|start
|switch|p1a: Basculegion|Basculegion, L50, M|100/100
|switch|p1b: Garchomp|Garchomp, L50, M|100/100
|switch|p2a: Whimsicott|Whimsicott, L50, M|100/100
|switch|p2b: Glimmora|Glimmora, L50, M|100/100
|turn|1
|
|t:|1782700813
|detailschange|p2b: Glimmora|Glimmora-Mega, L50, M
|-mega|p2b: Glimmora|Glimmora|Glimmoranite
|move|p2b: Glimmora|Spiky Shield|p2b: Glimmora
|-singleturn|p2b: Glimmora|move: Protect
|move|p1a: Basculegion|Protect|p1a: Basculegion
|-singleturn|p1a: Basculegion|Protect
|move|p2a: Whimsicott|Tailwind|p2a: Whimsicott
|-sidestart|p2: leontief47|move: Tailwind
|move|p1b: Garchomp|Earthquake|p2a: Whimsicott|[spread] p2a
|-activate|p1a: Basculegion|move: Protect
|-activate|p2b: Glimmora|move: Protect
|-resisted|p2a: Whimsicott|1
|-crit|p2a: Whimsicott
|-damage|p2a: Whimsicott|68/100
|
|upkeep
|turn|2
|
|t:|1782700833
|switch|p2b: Incineroar|Incineroar, L50, F|100/100
|-ability|p2b: Incineroar|Intimidate|boost
|-unboost|p1a: Basculegion|atk|1
|-unboost|p1b: Garchomp|atk|1
|move|p1a: Basculegion|Protect||[still]
|-fail|p1a: Basculegion
|move|p2a: Whimsicott|Charm|p1b: Garchomp
|-unboost|p1b: Garchomp|atk|2
|move|p1b: Garchomp|Earthquake|p2a: Whimsicott|[spread] p1a,p2a,p2b
|-resisted|p2a: Whimsicott|1
|-supereffective|p2b: Incineroar|1
|-damage|p1a: Basculegion|82/100
|-damage|p2a: Whimsicott|60/100
|-damage|p2b: Incineroar|75/100
|
|upkeep
|turn|3
|inactive|Battle timer is ON: inactive players will automatically lose when time's up. (requested by leontief47)
|
|t:|1782700857
|switch|p1b: Floette|Floette-Eternal, L50, F|100/100
|switch|p1a: Charizard|Charizard, L50, M|100/100
|move|p2a: Whimsicott|Moonblast|p1b: Floette
|-damage|p1b: Floette|67/100
|move|p2b: Incineroar|Parting Shot|p1a: Charizard
|-unboost|p1a: Charizard|atk|1
|-unboost|p1a: Charizard|spa|1
|
|t:|1782700867
|switch|p2b: Glimmora|Glimmora-Mega, L50, M|100/100|[from] Parting Shot
|
|upkeep
|turn|4
|
|t:|1782700875
|switch|p1b: Garchomp|Garchomp, L50, M|100/100
|switch|p1a: Basculegion|Basculegion, L50, M|82/100
|move|p2a: Whimsicott|Protect|p2a: Whimsicott
|-singleturn|p2a: Whimsicott|Protect
|move|p2b: Glimmora|Sludge Wave|p1a: Basculegion|[spread] p1a,p1b
|-activate|p2a: Whimsicott|move: Protect
|-resisted|p1a: Basculegion|1
|-resisted|p1b: Garchomp|1
|-crit|p1b: Garchomp
|-damage|p1a: Basculegion|50/100g
|-damage|p1b: Garchomp|51/100
|
|-sideend|p2: leontief47|move: Tailwind
|upkeep
|turn|5
|
|t:|1782700893
|move|p2b: Glimmora|Spiky Shield|p2b: Glimmora
|-singleturn|p2b: Glimmora|move: Protect
|move|p1a: Basculegion|Protect|p1a: Basculegion
|-singleturn|p1a: Basculegion|Protect
|move|p2a: Whimsicott|Tailwind|p2a: Whimsicott
|-sidestart|p2: leontief47|move: Tailwind
|move|p1b: Garchomp|Earthquake|p2b: Glimmora|[spread] p2a
|-activate|p1a: Basculegion|move: Protect
|-activate|p2b: Glimmora|move: Protect
|-resisted|p2a: Whimsicott|1
|-damage|p2a: Whimsicott|41/100
|
|upkeep
|turn|6
|inactive|mixxserenade has 30 seconds left.
|
|t:|1782700927
|switch|p2b: Incineroar|Incineroar, L50, F|75/100
|-ability|p2b: Incineroar|Intimidate|boost
|-unboost|p1a: Basculegion|atk|1
|-unboost|p1b: Garchomp|atk|1
|move|p2a: Whimsicott|Moonblast|p1b: Garchomp
|-supereffective|p1b: Garchomp|1
|-enditem|p1b: Garchomp|Roseli Berry|[eat]
|-enditem|p1b: Garchomp|Roseli Berry|[weaken]
|-damage|p1b: Garchomp|13/100
|move|p1b: Garchomp|Earthquake|p2a: Whimsicott|[spread] p1a,p2a,p2b
|-resisted|p2a: Whimsicott|1
|-supereffective|p2b: Incineroar|1
|-damage|p1a: Basculegion|22/100
|-damage|p2a: Whimsicott|29/100
|-damage|p2b: Incineroar|33/100
|-enditem|p2b: Incineroar|Sitrus Berry|[eat]
|-heal|p2b: Incineroar|58/100|[from] item: Sitrus Berry
|move|p1a: Basculegion|Wave Crash|p2b: Incineroar
|-supereffective|p2b: Incineroar|1
|-damage|p2b: Incineroar|0 fnt
|faint|p2b: Incineroar
|-damage|p1a: Basculegion|2/100|[from] Recoil
|
|upkeep
|
|t:|1782700944
|switch|p2b: Basculegion|Basculegion, L50, M|100/100
|turn|7
|
|t:|1782700958
|move|p1a: Basculegion|Protect|p1a: Basculegion
|-singleturn|p1a: Basculegion|Protect
|move|p2b: Basculegion|Flip Turn|p1a: Basculegion
|-activate|p1a: Basculegion|move: Protect
|move|p2a: Whimsicott|Moonblast|p1b: Garchomp
|-supereffective|p1b: Garchomp|1
|-damage|p1b: Garchomp|0 fnt
|faint|p1b: Garchomp
|
|upkeep
|
|t:|1782700975
|switch|p1b: Charizard|Charizard, L50, M|100/100
|turn|8
|
|t:|1782700991
|move|p2a: Whimsicott|Protect|p2a: Whimsicott
|-singleturn|p2a: Whimsicott|Protect
|move|p1b: Charizard|Protect|p1b: Charizard
|-singleturn|p1b: Charizard|Protect
|move|p2b: Basculegion|Flip Turn|p1a: Basculegion
|-resisted|p1a: Basculegion|1
|-damage|p1a: Basculegion|0 fnt
|faint|p1a: Basculegion
|
|t:|1782700997
|switch|p2b: Glimmora|Glimmora-Mega, L50, M|100/100|[from] Flip Turn
|
|-sideend|p2: leontief47|move: Tailwind
|upkeep
|
|t:|1782701005
|switch|p1a: Floette|Floette-Eternal, L50, F|67/100
|turn|9
|
|t:|1782701017
|detailschange|p1a: Floette|Floette-Mega, L50, F
|-mega|p1a: Floette|Floette|Floettite
|-ability|p1a: Floette|Fairy Aura
|move|p1b: Charizard|Protect||[still]
|-fail|p1b: Charizard
|move|p2a: Whimsicott|Tailwind|p2a: Whimsicott
|-sidestart|p2: leontief47|move: Tailwind
|move|p2b: Glimmora|Power Gem|p1b: Charizard
|-supereffective|p1b: Charizard|2
|-damage|p1b: Charizard|0 fnt
|faint|p1b: Charizard
|move|p1a: Floette|Light of Ruin|p2b: Glimmora
|-resisted|p2b: Glimmora|1
|-damage|p2b: Glimmora|48/100
|-damage|p1a: Floette|39/100|[from] Recoil
|
|upkeep
|turn|10
|
|t:|1782701036
|move|p2a: Whimsicott|Protect|p2a: Whimsicott
|-singleturn|p2a: Whimsicott|Protect
|move|p2b: Glimmora|Sludge Wave|p1a: Floette|[spread] p1a
|-activate|p2a: Whimsicott|move: Protect
|-supereffective|p1a: Floette|1
|-damage|p1a: Floette|0 fnt
|faint|p1a: Floette
|
|win|leontief47
|raw|mixxserenade's rating: 1033 → 1019(-14 for losing)
|raw|leontief47's rating: 1065 → 1092(+27 for winning)
