|j|☆jomivgc
|j|☆Omega_27Talonflame
|html|jomivgcOmega_27Talonflame    
|uhtml|bestof|Game 1 of a best-of-3
|t:|1783736680
|gametype|doubles
|player|p1|jomivgc|falkner-gen2|1088
|player|p2|Omega_27Talonflame|red|1000
|gen|9
|tier|[Gen 9 Champions] VGC 2026 Reg M-B (Bo3)
|rated|
|rule|Species Clause: Limit one of each Pokémon
|rule|Item Clause: Limit 1 of each item
|clearpoke
|poke|p1|Grimmsnarl, L50, M|
|poke|p1|Basculegion, L50, M|
|poke|p1|Meganium, L50, M|
|poke|p1|Pelipper, L50, M|
|poke|p1|Archaludon, L50, F|
|poke|p1|Swampert, L50, F|
|poke|p2|Talonflame, L50, M|
|poke|p2|Garchomp, L50, M|
|poke|p2|Raichu, L50, M|
|poke|p2|Incineroar, L50, M|
|poke|p2|Archaludon, L50, M|
|poke|p2|Meganium, L50, M|
|teampreview|4
|showteam|p1|Grimmsnarl||LightClay|Prankster|SpiritBreak,Reflect,LightScreen,PartingShot|Careful||M|||50|]Basculegion||ChoiceScarf|Adaptability|WaveCrash,LastRespects,AquaJet,FlipTurn|Jolly||M|||50|]Meganium||Meganiumite|Overgrow|SolarBeam,WeatherBall,DazzlingGleam,Protect|Modest||M|||50|]Pelipper||FocusSash|Drizzle|Hurricane,WeatherBall,Tailwind,RainDance|Modest||M|||50|]Archaludon||Leftovers|Stamina|FlashCannon,DragonPulse,ElectroShot,Protect|Modest||F|||50|]Swampert||Swampertite|Damp|WaveCrash,Earthquake,IcePunch,Protect|Adamant||F|||50|
|showteam|p2|Talonflame||HeatRock|GaleWings|Tailwind,BraveBird,SunnyDay,FlareBlitz|Jolly||M|||50|]Garchomp||ExpertBelt|RoughSkin|Protect,RockSlide,StompingTantrum,DragonClaw|Jolly||M|||50|]Raichu||RaichuniteY|Static|FakeOut,Protect,FocusBlast,ZapCannon|Naive||M|||50|]Incineroar||SitrusBerry|Intimidate|DarkestLariat,FlareBlitz,HelpingHand,FakeOut|Impish||M|||50|]Archaludon||Leftovers|Stamina|SolarBeam,DragonPulse,FlashCannon,Protect|Serious||M|||50|]Meganium||Meganiumite|LeafGuard|SolarBeam,DazzlingGleam,GigaDrain,Protect|Timid||M|||50|
|inactive|Battle timer is ON: inactive players will automatically lose when time's up. (requested by Omega_27Talonflame)
|inactive|jomivgc also wants the timer to be on.
|inactive|jomivgc has 60 seconds left.
|
|t:|1783736730
|teamsize|p1|4
|teamsize|p2|4
|start
|switch|p1a: Pelipper|Pelipper, L50, M|100/100
|switch|p1b: Swampert|Swampert, L50, F|100/100
|switch|p2a: Talonflame|Talonflame, L50, M|100/100
|switch|p2b: Meganium|Meganium, L50, M|100/100
|-weather|RainDance|[from] ability: Drizzle|[of] p1a: Pelipper
|turn|1
|
|t:|1783736754
|switch|p1b: Archaludon|Archaludon, L50, F|100/100
|detailschange|p2b: Meganium|Meganium-Mega, L50, M
|-mega|p2b: Meganium|Meganium|Meganiumite
|move|p2a: Talonflame|Sunny Day|p2a: Talonflame
|-weather|SunnyDay
|move|p2b: Meganium|Solar Beam||[still]
|-prepare|p2b: Meganium|Solar Beam
|-anim|p2b: Meganium|Solar Beam|p1b: Archaludon
|-resisted|p1b: Archaludon|2
|-damage|p1b: Archaludon|84/100
|-ability|p1b: Archaludon|Stamina|boost
|-boost|p1b: Archaludon|def|1
|move|p1a: Pelipper|Tailwind|p1a: Pelipper
|-sidestart|p1: jomivgc|move: Tailwind
|
|-weather|SunnyDay|[upkeep]
|-heal|p1b: Archaludon|90/100|[from] item: Leftovers
|upkeep
|turn|2
|inactive|jomivgc has 30 seconds left.
|
|t:|1783736780
|move|p2a: Talonflame|Tailwind|p2a: Talonflame
|-sidestart|p2: Omega_27Talonflame|move: Tailwind
|move|p2b: Meganium|Dazzling Gleam|p1b: Archaludon|[spread] p1a,p1b
|-damage|p1a: Pelipper|40/100
|-damage|p1b: Archaludon|55/100
|-ability|p1b: Archaludon|Stamina|boost
|-boost|p1b: Archaludon|def|1
|move|p1a: Pelipper|Rain Dance|p1a: Pelipper
|-weather|RainDance
|move|p1b: Archaludon|Electro Shot||[still]
|-prepare|p1b: Archaludon|Electro Shot
|-boost|p1b: Archaludon|spa|1
|-anim|p1b: Archaludon|Electro Shot|p2a: Talonflame
|-supereffective|p2a: Talonflame|1
|-damage|p2a: Talonflame|0 fnt
|faint|p2a: Talonflame
|
|-weather|RainDance|[upkeep]
|-heal|p1b: Archaludon|61/100|[from] item: Leftovers
|upkeep
|
|t:|1783736797
|switch|p2a: Archaludon|Archaludon, L50, M|100/100
|turn|3
|
|t:|1783736821
|move|p2b: Meganium|Dazzling Gleam|p1b: Archaludon|[spread] p1a,p1b
|-damage|p1a: Pelipper|0 fnt
|-damage|p1b: Archaludon|28/100
|-ability|p1b: Archaludon|Stamina|boost
|-boost|p1b: Archaludon|def|1
|faint|p1a: Pelipper
|move|p2a: Archaludon|Dragon Pulse|p1b: Archaludon
|-damage|p1b: Archaludon|0 fnt
|faint|p1b: Archaludon
|
|-weather|RainDance|[upkeep]
|upkeep
|
|t:|1783736828
|switch|p1a: Swampert|Swampert, L50, F|100/100
|switch|p1b: Basculegion|Basculegion, L50, M|100/100
|turn|4
|
|t:|1783736849
|detailschange|p1a: Swampert|Swampert-Mega, L50, F
|-mega|p1a: Swampert|Swampert|Swampertite
|move|p1a: Swampert|Ice Punch|p2b: Meganium
|-supereffective|p2b: Meganium|1
|-damage|p2b: Meganium|45/100
|move|p1b: Basculegion|Last Respects|p2a: Archaludon
|-damage|p2a: Archaludon|28/100
|-ability|p2a: Archaludon|Stamina|boost
|-boost|p2a: Archaludon|def|1
|move|p2b: Meganium|Solar Beam||[still]
|-prepare|p2b: Meganium|Solar Beam
|-activate|p2b: Meganium|ability: Mega Sol
|-anim|p2b: Meganium|Solar Beam|p1a: Swampert
|-supereffective|p1a: Swampert|2
|-damage|p1a: Swampert|0 fnt
|faint|p1a: Swampert
|move|p2a: Archaludon|Solar Beam||[still]
|-prepare|p2a: Archaludon|Solar Beam
|
|-weather|RainDance|[upkeep]
|-heal|p2a: Archaludon|34/100|[from] item: Leftovers
|-sideend|p1: jomivgc|move: Tailwind
|upkeep
|turn|5
|-message|jomivgc forfeited.
|
|win|Omega_27Talonflame
|l|☆jomivgc
|player|p1|
||jomivgc is ready for game 2.
|j|☆jomivgc
|player|p1|jomivgc|falkner-gen2|
