|j|☆Squ1dge_
|j|☆marillrag1
|html|Squ1dge_marillrag1    
|uhtml|bestof|Game 2 of a best-of-3
|t:|1785394397
|gametype|doubles
|player|p1|Squ1dge_|101|1320
|player|p2|marillrag1|1|1236
|gen|9
|tier|[Gen 9 Champions] VGC 2026 Reg M-B (Bo3)
|rated|
|rule|Species Clause: Limit one of each Pokémon
|rule|Item Clause: Limit 1 of each item
|clearpoke
|poke|p1|Kingambit, L50, M|
|poke|p1|Dragonite, L50, F|
|poke|p1|Basculegion, L50, M|
|poke|p1|Froslass, L50, F|
|poke|p1|Sneasler, L50, M|
|poke|p1|Incineroar, L50, M|
|poke|p2|Scovillain, L50, M|
|poke|p2|Aerodactyl, L50, M|
|poke|p2|Sylveon, L50, M|
|poke|p2|Kingambit, L50, F|
|poke|p2|Farigiraf, L50, M|
|poke|p2|Basculegion, L50, M|
|teampreview|4
|showteam|p1|Kingambit||ChopleBerry|Defiant|KowtowCleave,SuckerPunch,IronHead,LowKick|Adamant||M|||50|]Dragonite||Dragoninite|InnerFocus|Protect,Tailwind,DragonPulse,HeatWave|Modest||F|||50|]Basculegion||MysticWater|Adaptability|LastRespects,Protect,WaveCrash,AquaJet|Adamant||M|||50|]Froslass||Froslassite|CursedBody|ShadowBall,AuroraVeil,Blizzard,Protect|Modest||F|||50|]Sneasler||FocusSash|PoisonTouch|Protect,PoisonJab,FakeOut,CloseCombat|Jolly||M|||50|]Incineroar||SitrusBerry|Intimidate|PartingShot,FlareBlitz,DarkestLariat,FakeOut|Impish||M|||50|
|showteam|p2|Scovillain||Scovillainite|Moody|Overheat,LeechSeed,RagePowder,Protect|Calm||M|||50|]Aerodactyl||Aerodactylite|Unnerve|RockSlide,DualWingbeat,WideGuard,Tailwind|Jolly||M|||50|]Sylveon||FairyFeather|Pixilate|Detect,HyperVoice,HyperBeam,QuickAttack|Modest||M|||50|]Kingambit||LifeOrb|Defiant|Protect,KowtowCleave,SwordsDance,SuckerPunch|Adamant||F|||50|]Farigiraf||SitrusBerry|ArmorTail|Protect,Psychic,Thunderbolt,TrickRoom|Calm||M|||50|]Basculegion||ChoiceScarf|Adaptability|AquaJet,LastRespects,WaveCrash,FlipTurn|Jolly||M|||50|
|
|t:|1785394416
|teamsize|p1|4
|teamsize|p2|4
|start
|switch|p1a: Dragonite|Dragonite, L50, F|100/100
|switch|p1b: Basculegion|Basculegion, L50, M|100/100
|switch|p2a: Aerodactyl|Aerodactyl, L50, M|100/100
|switch|p2b: Sylveon|Sylveon, L50, M|100/100
|-ability|p2a: Aerodactyl|Unnerve
|turn|1
|
|t:|1785394431
|detailschange|p2a: Aerodactyl|Aerodactyl-Mega, L50, M
|-mega|p2a: Aerodactyl|Aerodactyl|Aerodactylite
|detailschange|p1a: Dragonite|Dragonite-Mega, L50, F
|-mega|p1a: Dragonite|Dragonite|Dragoninite
|move|p2a: Aerodactyl|Tailwind|p2a: Aerodactyl
|-sidestart|p2: marillrag1|move: Tailwind
|move|p2b: Sylveon|Hyper Voice|p1a: Dragonite|[spread] p1a,p1b
|-supereffective|p1a: Dragonite|1
|-damage|p1a: Dragonite|60/100
|-damage|p1b: Basculegion|51/100
|move|p1a: Dragonite|Tailwind|p1a: Dragonite
|-sidestart|p1: Squ1dge_|move: Tailwind
|move|p1b: Basculegion|Wave Crash|p2b: Sylveon
|-damage|p2b: Sylveon|8/100
|-damage|p1b: Basculegion|23/100|[from] Recoil
|
|upkeep
|turn|2
|
|t:|1785394464
|switch|p2b: Kingambit|Kingambit, L50, F|100/100
|move|p1b: Basculegion|Aqua Jet|p2b: Kingambit
|-damage|p2b: Kingambit|77/100
|move|p2a: Aerodactyl|Rock Slide|p1b: Basculegion|[spread] p1a,p1b
|-supereffective|p1a: Dragonite|1
|-damage|p1a: Dragonite|8/100
|-damage|p1b: Basculegion|0 fnt
|faint|p1b: Basculegion
|move|p1a: Dragonite|Dragon Pulse|p2a: Aerodactyl
|-damage|p2a: Aerodactyl|50/100g
|
|upkeep
|
|t:|1785394474
|switch|p1b: Kingambit|Kingambit, L50, M|100/100
|turn|3
|
|t:|1785394503
|switch|p2b: Basculegion|Basculegion, L50, M|100/100
|move|p2a: Aerodactyl|Rock Slide|p1b: Kingambit|[spread] p1a,p1b
|-supereffective|p1a: Dragonite|1
|-resisted|p1b: Kingambit|1
|-crit|p1b: Kingambit
|-damage|p1a: Dragonite|0 fnt
|-damage|p1b: Kingambit|84/100
|faint|p1a: Dragonite
|cant|p1b: Kingambit|flinch
|
|upkeep
|
|t:|1785394506
|switch|p1a: Sneasler|Sneasler, L50, M|100/100
|turn|4
|
|t:|1785394532
|switch|p2b: Sylveon|Sylveon, L50, M|8/100
|move|p1a: Sneasler|Fake Out|p2a: Aerodactyl
|-resisted|p2a: Aerodactyl|1
|-crit|p2a: Aerodactyl
|-damage|p2a: Aerodactyl|38/100
|cant|p2a: Aerodactyl|flinch
|move|p1b: Kingambit|Iron Head|p2a: Aerodactyl
|-supereffective|p2a: Aerodactyl|1
|-damage|p2a: Aerodactyl|0 fnt
|faint|p2a: Aerodactyl
|
|-sideend|p2: marillrag1|move: Tailwind
|-sideend|p1: Squ1dge_|move: Tailwind
|upkeep
|
|t:|1785394539
|switch|p2a: Basculegion|Basculegion, L50, M|100/100
|turn|5
|
|t:|1785394566
|move|p1a: Sneasler|Protect|p1a: Sneasler
|-singleturn|p1a: Sneasler|Protect
|move|p2a: Basculegion|Aqua Jet|p1b: Kingambit
|-damage|p1b: Kingambit|66/100
|move|p2b: Sylveon|Hyper Beam|p1b: Kingambit
|-damage|p1b: Kingambit|0 fnt
|-mustrecharge|p2b: Sylveon
|faint|p1b: Kingambit
|
|upkeep
|turn|6
|
|t:|1785394579
|switch|p2a: Kingambit|Kingambit, L50, F|77/100
|move|p1a: Sneasler|Poison Jab|p2a: Kingambit
|-immune|p2a: Kingambit
|cant|p2b: Sylveon|recharge
|
|upkeep
|turn|7
|-message|Squ1dge_ forfeited.
|raw|Squ1dge_'s rating: 1320 → 1295(-25 for losing)
|raw|marillrag1's rating: 1236 → 1267(+31 for winning)
|
|win|marillrag1
|l|☆Squ1dge_
|player|p1|
|l|☆marillrag1
|player|p2|
|j|☆marillrag1
|player|p2|marillrag1|1|
