|j|☆Ho-Nononono
|j|☆IngeVGC
|html|Ho-NonononoIngeVGC    
|uhtml|bestof|Game 2 of a best-of-3
|t:|1756500427
|gametype|doubles
|player|p1|Ho-Nononono|nancy|1384
|player|p2|IngeVGC|fisherman-gen4|1420
|gen|9
|tier|[Gen 9] VGC 2025 Reg H (Bo3)
|rated|
|rule|Species Clause: Limit one of each Pokémon
|rule|Item Clause: Limit 1 of each item
|clearpoke
|poke|p1|Talonflame, L50, M|
|poke|p1|Ursaluna, L50, M|
|poke|p1|Porygon2, L50|
|poke|p1|Gholdengo, L50|
|poke|p1|Amoonguss, L50, M|
|poke|p1|Incineroar, L50, M|
|poke|p2|Kingambit, L50, F|
|poke|p2|Rillaboom, L50, M|
|poke|p2|Electabuzz, L50, M|
|poke|p2|Volcarona, L50, F|
|poke|p2|Sneasler, L50, F|
|poke|p2|Dragonite, L50, F|
|teampreview|4
|showteam|p1|Talonflame||CovertCloak|FlameBody|Tailwind,BraveBird,Taunt,WillOWisp|||M|||50|,,,,,Ghost]Ursaluna||FlameOrb|Guts|Facade,HeadlongRush,Earthquake,Protect|||M|||50|,,,,,Ghost]Porygon2||Eviolite|Download|TeraBlast,IceBeam,Recover,TrickRoom||||||50|,,,,,Fighting]Gholdengo||MetalCoat|GoodasGold|MakeItRain,ShadowBall,NastyPlot,Protect||||||50|,,,,,Water]Amoonguss||SitrusBerry|Regenerator|Spore,RagePowder,PollenPuff,Protect|||M|||50|,,,,,Fairy]Incineroar||AssaultVest|Intimidate|FlareBlitz,KnockOff,PartingShot,FakeOut|||M|||50|,,,,,Grass
|showteam|p2|Kingambit||BlackGlasses|Defiant|Protect,KowtowCleave,SuckerPunch,SwordsDance|||F|||50|,,,,,Dark]Rillaboom||AssaultVest|GrassySurge|WoodHammer,GrassyGlide,HighHorsepower,FakeOut|||M|||50|,,,,,Fire]Electabuzz||Eviolite|VitalSpirit|Protect,Thunderbolt,HelpingHand,FollowMe|||M|||50|,,,,,Ghost]Volcarona||CovertCloak|FlameBody|Protect,HeatWave,TeraBlast,QuiverDance|||F|||50|,,,,,Fairy]Sneasler||FocusSash|Unburden|CloseCombat,DireClaw,Coaching,FakeOut|||F|||50|,,,,,Stellar]Dragonite||LoadedDice|Multiscale|ScaleShot,Haze,ExtremeSpeed,Protect|||F|||50|,,,,,Fairy
|inactive|Battle timer is ON: inactive players will automatically lose when time's up. (requested by Ho-Nononono)
|j| Ferchoxx
|
|t:|1756500451
|teamsize|p1|4
|teamsize|p2|4
|start
|switch|p1a: Talonflame|Talonflame, L50, M, shiny|100/100
|switch|p1b: Ursaluna|Ursaluna, L50, M, shiny|100/100
|switch|p2a: Nobunaga|Kingambit, L50, F, shiny|100/100
|switch|p2b: Kerchak|Rillaboom, L50, M|100/100
|-fieldstart|move: Grassy Terrain|[from] ability: Grassy Surge|[of] p2b: Kerchak
|turn|1
|inactive|IngeVGC has 30 seconds left.
|
|t:|1756500486
|switch|p2b: Vanessa|Sneasler, L50, F|100/100
|switch|p1b: Porygon2|Porygon2, L50, shiny|100/100
|-ability|p1b: Porygon2|Download|boost
|-boost|p1b: Porygon2|spa|1
|move|p2a: Nobunaga|Protect|p2a: Nobunaga
|-singleturn|p2a: Nobunaga|Protect
|move|p1a: Talonflame|Will-O-Wisp|p2a: Nobunaga
|-activate|p2a: Nobunaga|move: Protect
|
|upkeep
|turn|2
|
|t:|1756500500
|switch|p2a: Snarf|Electabuzz, L50, M|100/100
|-terastallize|p1b: Porygon2|Fighting
|move|p1a: Talonflame|Brave Bird|p2b: Vanessa
|-supereffective|p2b: Vanessa
|-enditem|p2b: Vanessa|Focus Sash
|-damage|p2b: Vanessa|1/100
|-damage|p1a: Talonflame|68/100|[from] Recoil
|move|p2b: Vanessa|Dire Claw|p1a: Talonflame
|-damage|p1a: Talonflame|0 fnt
|faint|p1a: Talonflame
|move|p1b: Porygon2|Tera Blast|p2a: Snarf|[anim] Tera Blast Fighting
|-damage|p2a: Snarf|63/100
|
|-heal|p2b: Vanessa|7/100|[from] Grassy Terrain
|-heal|p2a: Snarf|69/100|[from] Grassy Terrain
|upkeep
|
|t:|1756500505
|switch|p1a: Incineroar|Incineroar, L50, M|100/100
|-ability|p1a: Incineroar|Intimidate|boost
|-unboost|p2a: Snarf|atk|1
|-unboost|p2b: Vanessa|atk|1
|turn|3
|
|t:|1756500518
|switch|p2b: Kerchak|Rillaboom, L50, M|100/100
|move|p1a: Incineroar|Fake Out|p2b: Kerchak
|-damage|p2b: Kerchak|87/100
|move|p2a: Snarf|Thunderbolt|p1a: Incineroar
|-damage|p1a: Incineroar|81/100
|move|p1b: Porygon2|Tera Blast|p2b: Kerchak|[anim] Tera Blast Fighting
|-damage|p2b: Kerchak|54/100
|
|-heal|p2a: Snarf|74/100|[from] Grassy Terrain
|-heal|p2b: Kerchak|59/100|[from] Grassy Terrain
|-heal|p1a: Incineroar|87/100|[from] Grassy Terrain
|upkeep
|turn|4
|
|t:|1756500535
|move|p2a: Snarf|Helping Hand|p2b: Kerchak
|-singleturn|p2b: Kerchak|Helping Hand|[of] p2a: Snarf
|move|p2b: Kerchak|High Horsepower|p1a: Incineroar
|-supereffective|p1a: Incineroar
|-damage|p1a: Incineroar|3/100
|move|p1a: Incineroar|Knock Off|p2a: Snarf
|-damage|p2a: Snarf|41/100
|-enditem|p2a: Snarf|Eviolite|[from] move: Knock Off|[of] p1a: Incineroar
|move|p1b: Porygon2|Trick Room|p1b: Porygon2
|-fieldstart|move: Trick Room|[of] p1b: Porygon2
|
|-heal|p1a: Incineroar|9/100|[from] Grassy Terrain
|-heal|p2b: Kerchak|65/100|[from] Grassy Terrain
|-heal|p2a: Snarf|47/100|[from] Grassy Terrain
|upkeep
|turn|5
|
|t:|1756500554
|move|p2a: Snarf|Helping Hand|p2b: Kerchak
|-singleturn|p2b: Kerchak|Helping Hand|[of] p2a: Snarf
|move|p2b: Kerchak|Grassy Glide|p1a: Incineroar
|-resisted|p1a: Incineroar
|-crit|p1a: Incineroar
|-damage|p1a: Incineroar|0 fnt
|faint|p1a: Incineroar
|move|p1b: Porygon2|Tera Blast|p2a: Snarf|[anim] Tera Blast Fighting
|-damage|p2a: Snarf|0 fnt
|faint|p2a: Snarf
|
|-heal|p2b: Kerchak|71/100|[from] Grassy Terrain
|-fieldend|move: Grassy Terrain
|upkeep
|
|t:|1756500561
|switch|p1a: Ursaluna|Ursaluna, L50, M, shiny|100/100
|switch|p2a: Vanessa|Sneasler, L50, F|7/100
|turn|6
|
|t:|1756500568
|switch|p2b: Nobunaga|Kingambit, L50, F, shiny|100/100
|move|p1a: Ursaluna|Protect|p1a: Ursaluna
|-singleturn|p1a: Ursaluna|Protect
|move|p2a: Vanessa|Fake Out|p1a: Ursaluna
|-activate|p1a: Ursaluna|move: Protect
|move|p1b: Porygon2|Tera Blast|p2a: Vanessa|[anim] Tera Blast Fighting
|-resisted|p2a: Vanessa
|-damage|p2a: Vanessa|0 fnt
|faint|p2a: Vanessa
|
|-status|p1a: Ursaluna|brn|[from] item: Flame Orb
|upkeep
|
|t:|1756500579
|switch|p2a: Kerchak|Rillaboom, L50, M|71/100
|-fieldstart|move: Grassy Terrain|[from] ability: Grassy Surge|[of] p2a: Kerchak
|turn|7
|
|t:|1756500595
|-terastallize|p2b: Nobunaga|Dark
|move|p2b: Nobunaga|Sucker Punch|p1a: Ursaluna
|-damage|p1a: Ursaluna|52/100 brn
|move|p2a: Kerchak|Grassy Glide|p1a: Ursaluna
|-supereffective|p1a: Ursaluna
|-damage|p1a: Ursaluna|0 fnt
|faint|p1a: Ursaluna
|move|p1b: Porygon2|Tera Blast|p2b: Nobunaga|[anim] Tera Blast Fighting
|-supereffective|p2b: Nobunaga
|-damage|p2b: Nobunaga|1/100
|
|-heal|p2b: Nobunaga|7/100|[from] Grassy Terrain
|-heal|p2a: Kerchak|77/100|[from] Grassy Terrain
|upkeep
|turn|8
|
|t:|1756500607
|move|p2b: Nobunaga|Swords Dance|p2b: Nobunaga
|-boost|p2b: Nobunaga|atk|2
|move|p1b: Porygon2|Ice Beam|p2a: Kerchak
|-supereffective|p2a: Kerchak
|-damage|p2a: Kerchak|22/100
|-status|p2a: Kerchak|frz
|cant|p2a: Kerchak|frz
|
|-heal|p2b: Nobunaga|13/100|[from] Grassy Terrain
|-heal|p2a: Kerchak|28/100 frz|[from] Grassy Terrain
|-fieldend|move: Trick Room
|upkeep
|turn|9
|
|t:|1756500618
|-curestatus|p2a: Kerchak|frz|[msg]
|move|p2a: Kerchak|Wood Hammer|p1b: Porygon2
|-damage|p1b: Porygon2|54/100
|-damage|p2a: Kerchak|13/100|[from] Recoil
|move|p1b: Porygon2|Tera Blast|p2a: Kerchak|[anim] Tera Blast Fighting
|-damage|p2a: Kerchak|0 fnt
|faint|p2a: Kerchak
|move|p2b: Nobunaga|Kowtow Cleave|p1b: Porygon2
|-resisted|p1b: Porygon2
|-damage|p1b: Porygon2|14/100
|
|-heal|p1b: Porygon2|20/100|[from] Grassy Terrain
|-heal|p2b: Nobunaga|18/100|[from] Grassy Terrain
|upkeep
|turn|10
|
|t:|1756500633
|move|p1b: Porygon2|Recover|p1b: Porygon2
|-heal|p1b: Porygon2|70/100
|move|p2b: Nobunaga|Swords Dance|p2b: Nobunaga
|-boost|p2b: Nobunaga|atk|2
|
|-heal|p1b: Porygon2|76/100|[from] Grassy Terrain
|-heal|p2b: Nobunaga|24/100|[from] Grassy Terrain
|upkeep
|turn|11
|
|t:|1756500643
|move|p2b: Nobunaga|Sucker Punch||[still]
|-fail|p2b: Nobunaga
|move|p1b: Porygon2|Recover|p1b: Porygon2
|-heal|p1b: Porygon2|100/100
|
|-heal|p2b: Nobunaga|30/100|[from] Grassy Terrain
|-fieldend|move: Grassy Terrain
|upkeep
|turn|12
|
|t:|1756500648
|move|p2b: Nobunaga|Sucker Punch|p1b: Porygon2
|-resisted|p1b: Porygon2
|-damage|p1b: Porygon2|45/100
|move|p1b: Porygon2|Tera Blast|p2b: Nobunaga|[anim] Tera Blast Fighting
|-supereffective|p2b: Nobunaga
|-damage|p2b: Nobunaga|0 fnt
|faint|p2b: Nobunaga
|
|win|Ho-Nononono
|raw|Ho-Nononono's rating: 1384 → 1406(+22 for winning)
|raw|IngeVGC's rating: 1420 → 1398(-22 for losing)
|l|☆Ho-Nononono
|player|p1|
