|j|☆creuza de ma
|j|☆porygon peo
|html|creuza de maporygon peo    
|uhtml|bestof|Game 2 of a best-of-3
|t:|1785976155
|gametype|doubles
|player|p1|creuza de ma|drayden|1232
|player|p2|porygon peo|skier|1257
|gen|9
|tier|[Gen 9 Champions] VGC 2026 Reg M-B (Bo3)
|rated|
|rule|Species Clause: Limit one of each Pokémon
|rule|Item Clause: Limit 1 of each item
|clearpoke
|poke|p1|Sneasler, L50, F, shiny|
|poke|p1|Raichu, L50, M|
|poke|p1|Scovillain, L50, F|
|poke|p1|Primarina, L50, F|
|poke|p1|Kingambit, L50, F|
|poke|p1|Dragapult, L50, F|
|poke|p2|Froslass, L50, F|
|poke|p2|Basculegion, L50, M|
|poke|p2|Kingambit, L50, M|
|poke|p2|Sneasler, L50, M|
|poke|p2|Lycanroc-Dusk, L50, M|
|poke|p2|Scovillain, L50, M|
|teampreview|4
|showteam|p1|Sneasler||FocusSash|Unburden|FakeOut,CloseCombat,DireClaw,Coaching|Naive||F|||50|]Raichu||RaichuniteY|LightningRod|FakeOut,ZapCannon,FocusBlast,Protect|Timid||M|||50|]Scovillain||Scovillainite|Moody|GigaDrain,Overheat,RagePowder,Protect|Calm||F|||50|]Primarina||SitrusBerry|LiquidVoice|HyperVoice,Moonblast,CalmMind,Protect|Modest||F|||50|]Kingambit||LifeOrb|Defiant|KowtowCleave,SuckerPunch,SwordsDance,Protect|Adamant||F|||50|]Dragapult||DragonFang|ClearBody|DragonDarts,PhantomForce,DragonDance,Protect|Adamant||F|||50|
|showteam|p2|Froslass||Froslassite|CursedBody|Blizzard,ShadowBall,AuroraVeil,Protect|Modest||F|||50|]Basculegion||SitrusBerry|Adaptability|Protect,WaveCrash,LastRespects,AquaJet|Adamant||M|||50|]Kingambit||LifeOrb|Defiant|Protect,KowtowCleave,SuckerPunch,SwordsDance|Adamant||M|||50|]Sneasler||WhiteHerb|Unburden|Protect,CloseCombat,GunkShot,FakeOut|Adamant||M|||50|]Lycanroc-Dusk||FocusSash|ToughClaws|Protect,RockSlide,CloseCombat,Accelerock|Adamant||M|||50|]Scovillain||Scovillainite|Moody|Protect,Overheat,SuperFang,RagePowder|Bold||M|||50|
|inactive|Battle timer is ON: inactive players will automatically lose when time's up. (requested by porygon peo)
|
|t:|1785976190
|teamsize|p1|4
|teamsize|p2|4
|start
|switch|p1a: Sneasler|Sneasler, L50, F, shiny|100/100
|switch|p1b: Primarina|Primarina, L50, F|100/100
|switch|p2a: Scovillain|Scovillain, L50, M|100/100
|switch|p2b: Sneasler|Sneasler, L50, M|100/100
|turn|1
|
|t:|1785976202
|switch|p1b: Dragapult|Dragapult, L50, F|100/100
|detailschange|p2a: Scovillain|Scovillain-Mega, L50, M
|-mega|p2a: Scovillain|Scovillain|Scovillainite
|move|p1a: Sneasler|Fake Out|p2b: Sneasler
|-damage|p2b: Sneasler|83/100
|cant|p2b: Sneasler|flinch
|move|p2a: Scovillain|Overheat|p1a: Sneasler
|-damage|p1a: Sneasler|4/100
|-unboost|p2a: Scovillain|spa|2
|
|upkeep
|turn|2
|
|t:|1785976224
|switch|p2b: Kingambit|Kingambit, L50, M|100/100
|move|p1b: Dragapult|Dragon Dance|p1b: Dragapult
|-boost|p1b: Dragapult|atk|1
|-boost|p1b: Dragapult|spe|1
|move|p1a: Sneasler|Coaching|p1b: Dragapult
|-boost|p1b: Dragapult|atk|1
|-boost|p1b: Dragapult|def|1
|move|p2a: Scovillain|Overheat|p1a: Sneasler
|-damage|p1a: Sneasler|0 fnt
|-unboost|p2a: Scovillain|spa|2
|faint|p1a: Sneasler
|
|upkeep
|
|t:|1785976235
|switch|p1a: Scovillain|Scovillain, L50, F|100/100
|turn|3
|
|t:|1785976240
|move|p1b: Dragapult|Dragon Dance|p1b: Dragapult
|-boost|p1b: Dragapult|atk|1
|-boost|p1b: Dragapult|spe|1
|move|p1a: Scovillain|Overheat|p2b: Kingambit
|-supereffective|p2b: Kingambit|1
|-damage|p2b: Kingambit|13/100
|-unboost|p1a: Scovillain|spa|2
|move|p2a: Scovillain|Super Fang|p1a: Scovillain
|-damage|p1a: Scovillain|50/100y
|move|p2b: Kingambit|Swords Dance|p2b: Kingambit
|-boost|p2b: Kingambit|atk|2
|
|-ability|p1a: Scovillain|Moody|boost
|-boost|p1a: Scovillain|def|2
|-unboost|p1a: Scovillain|spd|1
|upkeep
|turn|4
|
|t:|1785976258
|detailschange|p1a: Scovillain|Scovillain-Mega, L50, F
|-mega|p1a: Scovillain|Scovillain|Scovillainite
|move|p2a: Scovillain|Rage Powder|p2a: Scovillain
|-singleturn|p2a: Scovillain|move: Rage Powder
|move|p1b: Dragapult|Dragon Dance|p1b: Dragapult
|-boost|p1b: Dragapult|atk|1
|-boost|p1b: Dragapult|spe|1
|move|p1a: Scovillain|Overheat|p2b: Kingambit
|-supereffective|p2b: Kingambit|1
|-damage|p2b: Kingambit|0 fnt
|-unboost|p1a: Scovillain|spa|2
|faint|p2b: Kingambit
|
|upkeep
|
|t:|1785976271
|switch|p2b: Sneasler|Sneasler, L50, M|83/100
|turn|5
|
|t:|1785976278
|move|p1a: Scovillain|Rage Powder|p1a: Scovillain
|-singleturn|p1a: Scovillain|move: Rage Powder
|move|p2a: Scovillain|Rage Powder|p2a: Scovillain
|-singleturn|p2a: Scovillain|move: Rage Powder
|move|p1b: Dragapult|Dragon Darts|p2a: Scovillain
|-damage|p2a: Scovillain|10/100
|-status|p1b: Dragapult|brn|[from] ability: Spicy Spray|[of] p2a: Scovillain
|-anim|p1b: Dragapult|Dragon Darts|p2a: Scovillain
|-damage|p2a: Scovillain|0 fnt
|faint|p2a: Scovillain
|move|p2b: Sneasler|Gunk Shot|p1a: Scovillain
|-supereffective|p1a: Scovillain|1
|-damage|p1a: Scovillain|0 fnt
|-status|p2b: Sneasler|brn|[from] ability: Spicy Spray|[of] p1a: Scovillain
|faint|p1a: Scovillain
|
|-damage|p1b: Dragapult|94/100 brn|[from] brn
|-damage|p2b: Sneasler|77/100 brn|[from] brn
|upkeep
|
|t:|1785976290
|switch|p1a: Primarina|Primarina, L50, F|100/100
|switch|p2a: Basculegion|Basculegion, L50, M|100/100
|turn|6
|
|t:|1785976298
|move|p1b: Dragapult|Phantom Force||[still]
|-prepare|p1b: Dragapult|Phantom Force
|move|p2b: Sneasler|Gunk Shot|p1a: Primarina
|-supereffective|p1a: Primarina|1
|-damage|p1a: Primarina|35/100
|-enditem|p1a: Primarina|Sitrus Berry|[eat]
|-heal|p1a: Primarina|60/100|[from] item: Sitrus Berry
|move|p2a: Basculegion|Last Respects|p1a: Primarina
|-damage|p1a: Primarina|0 fnt
|faint|p1a: Primarina
|
|-damage|p1b: Dragapult|88/100 brn|[from] brn
|-damage|p2b: Sneasler|71/100 brn|[from] brn
|upkeep
|turn|7
|
|t:|1785976308
|move|p1b: Dragapult|Phantom Force|p2a: Basculegion|[from] lockedmove
|-supereffective|p2a: Basculegion|1
|-damage|p2a: Basculegion|0 fnt
|faint|p2a: Basculegion
|move|p2b: Sneasler|Gunk Shot|p1b: Dragapult
|-resisted|p1b: Dragapult|1
|-damage|p1b: Dragapult|74/100 brn
|
|-damage|p1b: Dragapult|68/100 brn|[from] brn
|-damage|p2b: Sneasler|65/100 brn|[from] brn
|upkeep
|turn|8
|-message|porygon peo forfeited.
|
|win|creuza de ma
||porygon peo is ready for game 3.
||creuza de ma is ready for game 3.
|uhtml|next|Next: Game 3 of 3
|l|☆creuza de ma
|player|p1|
