|j|☆CARTAXINHO1996
|j|‽CaratroncoSun
|html|CARTAXINHO1996CaratroncoSun    
|uhtml|bestof|Game 1 of a best-of-3
|t:|1782205735
|gametype|doubles
|player|p1|CARTAXINHO1996|giovanni|1130
|player|p2|CaratroncoSun|juan|1118
|gen|9
|tier|[Gen 9 Champions] VGC 2026 Reg M-B (Bo3)
|rated|
|rule|Species Clause: Limit one of each Pokémon
|rule|Item Clause: Limit 1 of each item
|clearpoke
|poke|p1|Samurott-Hisui, L50, M|
|poke|p1|Farigiraf, L50, M|
|poke|p1|Sinistcha-Masterpiece, L50|
|poke|p1|Incineroar, L50, M|
|poke|p1|Metagross, L50|
|poke|p1|Politoed, L50, F|
|poke|p2|Overqwil, L50, M, shiny|
|poke|p2|Swampert, L50, M|
|poke|p2|Pelipper, L50, F|
|poke|p2|Metagross, L50, shiny|
|poke|p2|Sneasler, L50, F|
|poke|p2|Sinistcha-Masterpiece, L50|
|teampreview|4
|showteam|p1|Samurott-Hisui||FocusSash|Sharpness|Protect,SuckerPunch,SacredSword,AquaCutter|Adamant||M|||50|]Farigiraf||SitrusBerry|ArmorTail|NastyPlot,HyperVoice,Psychic,TrickRoom|Modest||M|||50|]Sinistcha-Masterpiece||OccaBerry|Heatproof|StrengthSap,MatchaGotcha,TrickRoom,RagePowder|Modest|||||50|]Incineroar||LifeOrb|Intimidate|CloseCombat,FakeOut,FlareBlitz,DarkestLariat|Adamant||M|||50|]Metagross||Metagrossite|ClearBody|Protect,MeteorMash,PsychicFangs,IcePunch|Adamant|||||50|]Politoed||MysticWater|Drizzle|MuddyWater,EarthPower,Haze,IceBeam|Modest||F|||50|
|showteam|p2|Overqwil||LifeOrb|SwiftSwim|Protect,PoisonJab,ThroatChop,Liquidation|Adamant||M|||50|]Swampert||Swampertite|Damp|Protect,WaveCrash,HighHorsepower,IcePunch|Adamant||M|||50|]Pelipper||FocusSash|Drizzle|Protect,Tailwind,Hurricane,WeatherBall|Modest||F|||50|]Metagross||Metagrossite|ClearBody|Protect,PsychicFangs,MeteorMash,IcePunch|Jolly|||||50|]Sneasler||WhiteHerb|Unburden|Coaching,FakeOut,DireClaw,CloseCombat|Jolly||F|||50|]Sinistcha-Masterpiece||SitrusBerry|Hospitality|MatchaGotcha,TrickRoom,LifeDew,RagePowder|Bold|||||50|
|
|t:|1782205793
|teamsize|p1|4
|teamsize|p2|4
|start
|switch|p1a: Incineroar|Incineroar, L50, M|100/100
|switch|p1b: Sinistcha|Sinistcha-Masterpiece, L50|100/100
|switch|p2a: Swampert|Swampert, L50, M|100/100
|switch|p2b: Sneasler|Sneasler, L50, F|100/100
|-ability|p1a: Incineroar|Intimidate|boost
|-unboost|p2a: Swampert|atk|1
|-unboost|p2b: Sneasler|atk|1
|-enditem|p2b: Sneasler|White Herb
|-clearnegativeboost|p2b: Sneasler|[silent]
|turn|1
|inactive|Battle timer is ON: inactive players will automatically lose when time's up. (requested by CARTAXINHO1996)
|
|t:|1782205849
|detailschange|p2a: Swampert|Swampert-Mega, L50, M
|-mega|p2a: Swampert|Swampert|Swampertite
|move|p2b: Sneasler|Fake Out|p1a: Incineroar
|-damage|p1a: Incineroar|87/100
|cant|p1a: Incineroar|flinch
|move|p2a: Swampert|Wave Crash|p1a: Incineroar
|-supereffective|p1a: Incineroar|1
|-damage|p1a: Incineroar|0 fnt
|faint|p1a: Incineroar
|-damage|p2a: Swampert|68/100|[from] Recoil
|move|p1b: Sinistcha|Trick Room|p1b: Sinistcha
|-fieldstart|move: Trick Room|[of] p1b: Sinistcha
|
|upkeep
|
|t:|1782205865
|switch|p1a: Politoed|Politoed, L50, F|100/100
|-weather|RainDance|[from] ability: Drizzle|[of] p1a: Politoed
|turn|2
|
|t:|1782205877
|switch|p2a: Sinistcha|Sinistcha-Masterpiece, L50|100/100
|move|p1a: Politoed|Earth Power|p2b: Sneasler
|-supereffective|p2b: Sneasler|1
|-damage|p2b: Sneasler|30/100
|move|p1b: Sinistcha|Matcha Gotcha|p2b: Sneasler|[spread] p2a,p2b
|-resisted|p2a: Sinistcha|1
|-resisted|p2b: Sneasler|1
|-damage|p2a: Sinistcha|88/100
|-damage|p2b: Sneasler|12/100
|-status|p2a: Sinistcha|brn
|move|p2b: Sneasler|Dire Claw|p1b: Sinistcha
|-damage|p1b: Sinistcha|67/100
|
|-weather|RainDance|[upkeep]
|-damage|p2a: Sinistcha|82/100 brn|[from] brn
|upkeep
|turn|3
|inactive|CaratroncoSun has 30 seconds left.
|
|t:|1782205903
|switch|p2b: Pelipper|Pelipper, L50, F|100/100
|move|p1a: Politoed|Ice Beam|p2a: Sinistcha
|-supereffective|p2a: Sinistcha|1
|-damage|p2a: Sinistcha|29/100 brn
|-enditem|p2a: Sinistcha|Sitrus Berry|[eat]
|-heal|p2a: Sinistcha|53/100 brn|[from] item: Sitrus Berry
|move|p1b: Sinistcha|Matcha Gotcha|p2b: Pelipper|[spread] p2a,p2b
|-resisted|p2a: Sinistcha|1
|-damage|p2a: Sinistcha|41/100 brn
|-heal|p1b: Sinistcha|73/100|[from] drain|[of] p2a: Sinistcha
|-damage|p2b: Pelipper|53/100
|-heal|p1b: Sinistcha|91/100|[from] drain|[of] p2b: Pelipper
|-status|p2b: Pelipper|brn
|move|p2a: Sinistcha|Trick Room|p2a: Sinistcha
|-fieldend|move: Trick Room
|
|-weather|RainDance|[upkeep]
|-damage|p2b: Pelipper|47/100 brn|[from] brn
|-damage|p2a: Sinistcha|35/100 brn|[from] brn
|upkeep
|turn|4
|inactive|CARTAXINHO1996 has 30 seconds left.
|
|t:|1782205928
|switch|p1b: Samurott|Samurott-Hisui, L50, M|100/100
|move|p2b: Pelipper|Hurricane|p1b: Samurott
|-damage|p1b: Samurott|44/100
|-start|p1b: Samurott|confusion
|move|p2a: Sinistcha|Matcha Gotcha|p1a: Politoed|[spread] p1a,p1b
|-supereffective|p1a: Politoed|1
|-supereffective|p1b: Samurott|1
|-damage|p1a: Politoed|57/100
|-heal|p2a: Sinistcha|57/100 brn|[from] drain|[of] p1a: Politoed
|-damage|p1b: Samurott|0 fnt
|-heal|p2a: Sinistcha|80/100 brn|[from] drain|[of] p1b: Samurott
|-status|p1a: Politoed|brn
|faint|p1b: Samurott
|move|p1a: Politoed|Muddy Water|p2a: Sinistcha|[spread] p2a,p2b
|-resisted|p2a: Sinistcha|1
|-resisted|p2b: Pelipper|1
|-damage|p2a: Sinistcha|57/100 brn
|-damage|p2b: Pelipper|1/100 brn
|-unboost|p2a: Sinistcha|accuracy|1
|-unboost|p2b: Pelipper|accuracy|1
|
|-weather|RainDance|[upkeep]
|-damage|p2b: Pelipper|0 fnt|[from] brn
|faint|p2b: Pelipper
|-damage|p2a: Sinistcha|51/100 brn|[from] brn
|-damage|p1a: Politoed|52/100 brn|[from] brn
|upkeep
|inactive|CaratroncoSun has 30 seconds left.
|
|t:|1782205958
|switch|p2b: Swampert|Swampert-Mega, L50, M|68/100
|switch|p1b: Sinistcha|Sinistcha-Masterpiece, L50|91/100
|turn|5
|
|t:|1782205969
|move|p2b: Swampert|Ice Punch|p1b: Sinistcha
|-supereffective|p1b: Sinistcha|1
|-damage|p1b: Sinistcha|33/100
|move|p2a: Sinistcha|Matcha Gotcha|p1b: Sinistcha|[spread] p1a,p1b
|-supereffective|p1a: Politoed|1
|-resisted|p1b: Sinistcha|1
|-damage|p1a: Politoed|4/100 brn
|-heal|p2a: Sinistcha|76/100 brn|[from] drain|[of] p1a: Politoed
|-damage|p1b: Sinistcha|20/100y
|-heal|p2a: Sinistcha|83/100 brn|[from] drain|[of] p1b: Sinistcha
|move|p1b: Sinistcha|Matcha Gotcha|p2b: Swampert|[spread] p2a,p2b
|-resisted|p2a: Sinistcha|1
|-supereffective|p2b: Swampert|2
|-damage|p2a: Sinistcha|70/100 brn
|-heal|p1b: Sinistcha|27/100|[from] drain|[of] p2a: Sinistcha
|-damage|p2b: Swampert|0 fnt
|-heal|p1b: Sinistcha|61/100|[from] drain|[of] p2b: Swampert
|faint|p2b: Swampert
|move|p1a: Politoed|Muddy Water|p2a: Sinistcha|[miss]
|-miss|p1a: Politoed|p2a: Sinistcha
|
|-weather|RainDance|[upkeep]
|-damage|p1a: Politoed|0 fnt|[from] brn
|faint|p1a: Politoed
|-damage|p2a: Sinistcha|64/100 brn|[from] brn
|upkeep
|
|t:|1782205993
|switch|p2b: Sneasler|Sneasler, L50, F|12/100
|turn|6
|
|t:|1782206002
|move|p2b: Sneasler|Dire Claw|p1b: Sinistcha
|-damage|p1b: Sinistcha|25/100
|move|p1b: Sinistcha|Strength Sap|p2b: Sneasler
|-unboost|p2b: Sneasler|atk|1
|-heal|p1b: Sinistcha|100/100
|move|p2a: Sinistcha|Life Dew|p2a: Sinistcha|[spread] p2a,p2b
|-heal|p2a: Sinistcha|89/100 brn
|-heal|p2b: Sneasler|37/100
|
|-weather|none
|-damage|p2a: Sinistcha|83/100 brn|[from] brn
|upkeep
|turn|7
|
|t:|1782206017
|move|p2b: Sneasler|Dire Claw|p1b: Sinistcha
|-damage|p1b: Sinistcha|77/100
|-status|p1b: Sinistcha|par
|move|p2a: Sinistcha|Matcha Gotcha|p1b: Sinistcha|[miss]
|-miss|p2a: Sinistcha|p1b: Sinistcha
|move|p1b: Sinistcha|Matcha Gotcha|p2b: Sneasler|[spread] p2a,p2b
|-resisted|p2a: Sinistcha|1
|-resisted|p2b: Sneasler|1
|-damage|p2a: Sinistcha|71/100 brn
|-heal|p1b: Sinistcha|84/100 par|[from] drain|[of] p2a: Sinistcha
|-damage|p2b: Sneasler|20/100y
|-heal|p1b: Sinistcha|92/100 par|[from] drain|[of] p2b: Sneasler
|
|-damage|p2a: Sinistcha|65/100 brn|[from] brn
|upkeep
|turn|8
|
|t:|1782206036
|move|p2b: Sneasler|Dire Claw|p1b: Sinistcha
|-damage|p1b: Sinistcha|66/100 par
|move|p2a: Sinistcha|Matcha Gotcha|p1b: Sinistcha
|-resisted|p1b: Sinistcha|1
|-damage|p1b: Sinistcha|49/100 par
|-heal|p2a: Sinistcha|73/100 brn|[from] drain|[of] p1b: Sinistcha
|move|p1b: Sinistcha|Matcha Gotcha|p2a: Sinistcha|[spread] p2a
|-miss|p1b: Sinistcha|p2b: Sneasler
|-resisted|p2a: Sinistcha|1
|-damage|p2a: Sinistcha|61/100 brn
|-heal|p1b: Sinistcha|55/100 par|[from] drain|[of] p2a: Sinistcha
|
|-damage|p2a: Sinistcha|55/100 brn|[from] brn
|upkeep
|turn|9
|
|t:|1782206054
|move|p2b: Sneasler|Dire Claw|p1b: Sinistcha
|-damage|p1b: Sinistcha|31/100 par
|move|p2a: Sinistcha|Life Dew|p2a: Sinistcha|[spread] p2a,p2b
|-heal|p2a: Sinistcha|80/100 brn
|-heal|p2b: Sneasler|45/100
|move|p1b: Sinistcha|Strength Sap|p2b: Sneasler
|-unboost|p2b: Sneasler|atk|1
|-heal|p1b: Sinistcha|96/100 par
|
|-damage|p2a: Sinistcha|74/100 brn|[from] brn
|upkeep
|turn|10
|
|t:|1782206068
|move|p2b: Sneasler|Dire Claw|p1b: Sinistcha
|-damage|p1b: Sinistcha|78/100 par
|-fail|p1b: Sinistcha
|move|p2a: Sinistcha|Matcha Gotcha|p1b: Sinistcha
|-resisted|p1b: Sinistcha|1
|-damage|p1b: Sinistcha|61/100 par
|-heal|p2a: Sinistcha|82/100 brn|[from] drain|[of] p1b: Sinistcha
|move|p1b: Sinistcha|Matcha Gotcha|p2b: Sneasler|[spread] p2a,p2b
|-resisted|p2a: Sinistcha|1
|-resisted|p2b: Sneasler|1
|-damage|p2a: Sinistcha|70/100 brn
|-heal|p1b: Sinistcha|68/100 par|[from] drain|[of] p2a: Sinistcha
|-damage|p2b: Sneasler|29/100
|-heal|p1b: Sinistcha|76/100 par|[from] drain|[of] p2b: Sneasler
|
|-damage|p2a: Sinistcha|64/100 brn|[from] brn
|upkeep
|turn|11
|c|☆CARTAXINHO1996|showdown is broken
|inactive|CARTAXINHO1996 has 30 seconds left.
|c|☆CARTAXINHO1996|says dire claw failed and did damage
|
|t:|1782206102
|move|p2b: Sneasler|Dire Claw|p1b: Sinistcha
|-damage|p1b: Sinistcha|59/100 par
|-fail|p1b: Sinistcha
|move|p2a: Sinistcha|Life Dew|p2a: Sinistcha|[spread] p2a,p2b
|-heal|p2a: Sinistcha|89/100 brn
|-heal|p2b: Sneasler|54/100
|move|p1b: Sinistcha|Matcha Gotcha|p2a: Sinistcha|[spread] p2a,p2b
|-resisted|p2a: Sinistcha|1
|-resisted|p2b: Sneasler|1
|-damage|p2a: Sinistcha|75/100 brn
|-heal|p1b: Sinistcha|65/100 par|[from] drain|[of] p2a: Sinistcha
|-damage|p2b: Sneasler|36/100
|-heal|p1b: Sinistcha|74/100 par|[from] drain|[of] p2b: Sneasler
|
|-damage|p2a: Sinistcha|69/100 brn|[from] brn
|upkeep
|turn|12
|
|t:|1782206122
|move|p2b: Sneasler|Dire Claw|p1b: Sinistcha
|-crit|p1b: Sinistcha
|-damage|p1b: Sinistcha|24/100 par
|-fail|p1b: Sinistcha
|move|p2a: Sinistcha|Matcha Gotcha|p1b: Sinistcha|[miss]
|-miss|p2a: Sinistcha|p1b: Sinistcha
|move|p1b: Sinistcha|Strength Sap|p2b: Sneasler
|-unboost|p2b: Sneasler|atk|1
|-heal|p1b: Sinistcha|72/100 par
|
|-damage|p2a: Sinistcha|63/100 brn|[from] brn
|upkeep
|turn|13
|c|☆CARTAXINHO1996|and no burn
|c|☆CARTAXINHO1996|and a crit of course
|
|t:|1782206138
|move|p2b: Sneasler|Dire Claw|p1b: Sinistcha
|-damage|p1b: Sinistcha|59/100 par
|-fail|p1b: Sinistcha
|move|p2a: Sinistcha|Matcha Gotcha|p1b: Sinistcha|[miss]
|-miss|p2a: Sinistcha|p1b: Sinistcha
|move|p1b: Sinistcha|Matcha Gotcha|p2b: Sneasler|[spread] p2a
|-miss|p1b: Sinistcha|p2b: Sneasler
|-resisted|p2a: Sinistcha|1
|-damage|p2a: Sinistcha|49/100 brn
|-heal|p1b: Sinistcha|66/100 par|[from] drain|[of] p2a: Sinistcha
|
|-damage|p2a: Sinistcha|43/100 brn|[from] brn
|upkeep
|turn|14
|inactive|CaratroncoSun has 30 seconds left.
|
|t:|1782206165
|move|p2b: Sneasler|Dire Claw|p1b: Sinistcha
|-damage|p1b: Sinistcha|52/100 par
|move|p2a: Sinistcha|Life Dew|p2a: Sinistcha|[spread] p2a,p2b
|-heal|p2a: Sinistcha|68/100 brn
|-heal|p2b: Sneasler|61/100
|move|p1b: Sinistcha|Matcha Gotcha|p2a: Sinistcha|[spread] p2a,p2b
|-resisted|p2a: Sinistcha|1
|-resisted|p2b: Sneasler|1
|-damage|p2a: Sinistcha|55/100 brn
|-heal|p1b: Sinistcha|59/100 par|[from] drain|[of] p2a: Sinistcha
|-damage|p2b: Sneasler|45/100
|-heal|p1b: Sinistcha|67/100 par|[from] drain|[of] p2b: Sneasler
|
|-damage|p2a: Sinistcha|48/100 brn|[from] brn
|upkeep
|turn|15
|c|☆CARTAXINHO1996|and no burn on sneasler
|c|☆CARTAXINHO1996|your rng is ridiculous
|inactive|CARTAXINHO1996 has 30 seconds left.
|c|☆CARTAXINHO1996|go wipe your a..
|
|t:|1782206197
|move|p2b: Sneasler|Dire Claw|p1b: Sinistcha
|-damage|p1b: Sinistcha|52/100 par
|move|p2a: Sinistcha|Life Dew|p2a: Sinistcha|[spread] p2a,p2b
|-heal|p2a: Sinistcha|74/100 brn
|-heal|p2b: Sneasler|70/100
|move|p1b: Sinistcha|Matcha Gotcha|p2a: Sinistcha|[spread] p2a,p2b
|-resisted|p2a: Sinistcha|1
|-resisted|p2b: Sneasler|1
|-damage|p2a: Sinistcha|61/100 brn
|-heal|p1b: Sinistcha|59/100 par|[from] drain|[of] p2a: Sinistcha
|-damage|p2b: Sneasler|54/100
|-heal|p1b: Sinistcha|67/100 par|[from] drain|[of] p2b: Sneasler
|
|-damage|p2a: Sinistcha|55/100 brn|[from] brn
|upkeep
|turn|16
|-message|CARTAXINHO1996 forfeited.
|
|win|CaratroncoSun
