|j|☆legendsnoobie
|j|☆poppliolord
|html|legendsnoobiepoppliolord    
|uhtml|bestof|Game 2 of a best-of-3
|t:|1783518026
|gametype|doubles
|player|p1|legendsnoobie|lucas|
|player|p2|poppliolord|n|
|gen|9
|tier|[Gen 9 Champions] VGC 2026 Reg M-B (Bo3)
|rule|Species Clause: Limit one of each Pokémon
|rule|Item Clause: Limit 1 of each item
|clearpoke
|poke|p1|Meganium, L50, F|
|poke|p1|Swampert, L50, F|
|poke|p1|Archaludon, L50, F|
|poke|p1|Pelipper, L50, M|
|poke|p1|Klefki, L50, F|
|poke|p1|Rotom-Heat, L50|
|poke|p2|Incineroar, L50, F|
|poke|p2|Garchomp, L50, F|
|poke|p2|Primarina, L50, F|
|poke|p2|Gholdengo, L50|
|poke|p2|Lycanroc-Dusk, L50, M|
|poke|p2|Scovillain, L50, F|
|teampreview|4
|showteam|p1|Meganium||Meganiumite|LeafGuard|WeatherBall,SolarBeam,DazzlingGleam,Protect|Modest||F|||50|]Swampert||Swampertite|Damp|WaveCrash,Earthquake,RockSlide,Protect|Adamant||F|||50|]Archaludon||Leftovers|Stamina|ElectroShot,FlashCannon,Snarl,Protect|Modest||F|||50|]Pelipper||DampRock|Drizzle|Hurricane,IceBeam,Protect,Tailwind|Modest||M|||50|]Klefki||FocusSash|Prankster|RainDance,Safeguard,DazzlingGleam,FlashCannon|Timid||F|||50|]Rotom-Heat||Charcoal|Levitate|Overheat,Thunder,VoltSwitch,RainDance|Modest|||||50|
|showteam|p2|Incineroar||SitrusBerry|Intimidate|FlareBlitz,DarkestLariat,FakeOut,PartingShot|Careful||F|||50|]Garchomp||LifeOrb|RoughSkin|StompingTantrum,DragonClaw,RockTomb,Protect|Jolly||F|||50|]Primarina||Leftovers|LiquidVoice|HyperVoice,Moonblast,CalmMind,Protect|Modest||F|||50|]Gholdengo||ChoiceScarf|GoodasGold|MakeItRain,FlashCannon,ShadowBall,PowerGem|Timid|||||50|]Lycanroc-Dusk||FocusSash|ToughClaws|Accelerock,CloseCombat,RockSlide,Protect|Adamant||M|||50|]Scovillain||Scovillainite|Moody|GigaDrain,Flamethrower,RagePowder,Protect|Bold||F|||50|
|inactive|Battle timer is ON: inactive players will automatically lose when time's up. (requested by poppliolord)
|j| 526yamuko
|
|t:|1783518052
|teamsize|p1|4
|teamsize|p2|4
|start
|switch|p1a: Pelipper|Pelipper, L50, M|100/100
|switch|p1b: Rotom|Rotom-Heat, L50|100/100
|switch|p2a: Lycanroc|Lycanroc-Dusk, L50, M|100/100
|switch|p2b: Scovillain|Scovillain, L50, F|100/100
|-weather|RainDance|[from] ability: Drizzle|[of] p1a: Pelipper
|turn|1
|inactive|poppliolord has 30 seconds left.
|inactive|poppliolord has 20 seconds left.
|
|t:|1783518087
|switch|p1b: Archaludon|Archaludon, L50, F|100/100
|detailschange|p2b: Scovillain|Scovillain-Mega, L50, F
|-mega|p2b: Scovillain|Scovillain|Scovillainite
|move|p2b: Scovillain|Rage Powder|p2b: Scovillain
|-singleturn|p2b: Scovillain|move: Rage Powder
|move|p2a: Lycanroc|Rock Slide|p1b: Archaludon|[spread] p1a
|-miss|p2a: Lycanroc|p1b: Archaludon
|-supereffective|p1a: Pelipper|1
|-damage|p1a: Pelipper|22/100
|move|p1a: Pelipper|Hurricane|p2b: Scovillain
|-supereffective|p2b: Scovillain|1
|-damage|p2b: Scovillain|23/100
|-status|p1a: Pelipper|brn|[from] ability: Spicy Spray|[of] p2b: Scovillain
|
|-weather|RainDance|[upkeep]
|-damage|p1a: Pelipper|17/100 brn|[from] brn
|upkeep
|turn|2
|inactive|poppliolord has 30 seconds left.
|inactive|poppliolord has 20 seconds left.
|
|t:|1783518122
|move|p2b: Scovillain|Rage Powder|p2b: Scovillain
|-singleturn|p2b: Scovillain|move: Rage Powder
|move|p2a: Lycanroc|Accelerock|p1a: Pelipper
|-supereffective|p1a: Pelipper|1
|-damage|p1a: Pelipper|0 fnt
|faint|p1a: Pelipper
|move|p1b: Archaludon|Electro Shot||[still]
|-prepare|p1b: Archaludon|Electro Shot
|-boost|p1b: Archaludon|spa|1
|-anim|p1b: Archaludon|Electro Shot|p2b: Scovillain
|-resisted|p2b: Scovillain|1
|-damage|p2b: Scovillain|0 fnt
|-status|p1b: Archaludon|brn|[from] ability: Spicy Spray|[of] p2b: Scovillain
|faint|p2b: Scovillain
|
|-weather|RainDance|[upkeep]
|-damage|p1b: Archaludon|93/100 brn|[from] brn
|upkeep
|
|t:|1783518144
|switch|p2b: Primarina|Primarina, L50, F|100/100
|switch|p1a: Meganium|Meganium, L50, F|100/100
|turn|3
|inactive|legendsnoobie has 30 seconds left.
|
|t:|1783518170
|switch|p2b: Gholdengo|Gholdengo, L50|100/100
|detailschange|p1a: Meganium|Meganium-Mega, L50, F
|-mega|p1a: Meganium|Meganium|Meganiumite
|move|p2a: Lycanroc|Close Combat|p1b: Archaludon
|-supereffective|p1b: Archaludon|1
|-damage|p1b: Archaludon|0 fnt
|-unboost|p2a: Lycanroc|def|1
|-unboost|p2a: Lycanroc|spd|1
|faint|p1b: Archaludon
|move|p1a: Meganium|Dazzling Gleam|p2b: Gholdengo|[spread] p2a,p2b
|-resisted|p2b: Gholdengo|1
|-damage|p2a: Lycanroc|28/100
|-damage|p2b: Gholdengo|82/100
|
|-weather|RainDance|[upkeep]
|upkeep
|
|t:|1783518178
|switch|p1b: Rotom|Rotom-Heat, L50|100/100
|turn|4
|
|t:|1783518197
|move|p1a: Meganium|Protect|p1a: Meganium
|-singleturn|p1a: Meganium|Protect
|move|p2b: Gholdengo|Flash Cannon|p1a: Meganium
|-activate|p1a: Meganium|move: Protect
|move|p2a: Lycanroc|Rock Slide|p1b: Rotom|[spread] p1b
|-activate|p1a: Meganium|move: Protect
|-supereffective|p1b: Rotom|1
|-damage|p1b: Rotom|23/100
|move|p1b: Rotom|Overheat|p2b: Gholdengo
|-supereffective|p2b: Gholdengo|1
|-damage|p2b: Gholdengo|6/100
|-unboost|p1b: Rotom|spa|2
|
|-weather|RainDance|[upkeep]
|upkeep
|turn|5
|
|t:|1783518221
|move|p2b: Gholdengo|Flash Cannon|p1a: Meganium
|-supereffective|p1a: Meganium|1
|-damage|p1a: Meganium|7/100
|move|p2a: Lycanroc|Rock Slide|p1b: Rotom|[spread] p1b
|-miss|p2a: Lycanroc|p1a: Meganium
|-supereffective|p1b: Rotom|1
|-damage|p1b: Rotom|0 fnt
|faint|p1b: Rotom
|move|p1a: Meganium|Solar Beam||[still]
|-prepare|p1a: Meganium|Solar Beam
|-activate|p1a: Meganium|ability: Mega Sol
|-anim|p1a: Meganium|Solar Beam|p2a: Lycanroc
|-supereffective|p2a: Lycanroc|1
|-damage|p2a: Lycanroc|0 fnt
|faint|p2a: Lycanroc
|
|-weather|RainDance|[upkeep]
|upkeep
|c|☆legendsnoobie|gg
|
|t:|1783518237
|switch|p2a: Primarina|Primarina, L50, F|100/100
|turn|6
|
|t:|1783518244
|move|p2b: Gholdengo|Flash Cannon|p1a: Meganium
|-supereffective|p1a: Meganium|1
|-damage|p1a: Meganium|0 fnt
|faint|p1a: Meganium
|
|win|poppliolord
|l|☆legendsnoobie
|player|p1|
|c|☆poppliolord|Ggs
