|j|☆epicbluedude
|j|☆lettitripppp
|html|epicbluedudelettitripppp    
|uhtml|bestof|Game 3 of a best-of-3
|t:|1783033254
|gametype|doubles
|player|p1|epicbluedude|101|1151
|player|p2|lettitripppp|lucas|1199
|gen|9
|tier|[Gen 9 Champions] VGC 2026 Reg M-B (Bo3)
|rated|
|rule|Species Clause: Limit one of each Pokémon
|rule|Item Clause: Limit 1 of each item
|clearpoke
|poke|p1|Mawile, L50, M|
|poke|p1|Torkoal, L50, M|
|poke|p1|Incineroar, L50, M|
|poke|p1|Farigiraf, L50, M|
|poke|p1|Araquanid, L50, M|
|poke|p1|Rotom-Wash, L50|
|poke|p2|Scovillain, L50, F|
|poke|p2|Swampert, L50, F|
|poke|p2|Archaludon, L50, F|
|poke|p2|Grimmsnarl, L50, M|
|poke|p2|Pelipper, L50, M|
|poke|p2|Weavile, L50, M|
|teampreview|4
|showteam|p1|Mawile||Mawilite|HyperCutter|IronHead,PlayRough,SuckerPunch,Protect|Brave||M|||50|]Torkoal||Charcoal|Drought|Eruption,Overheat,HelpingHand,Protect|Quiet||M|||50|]Incineroar||ChopleBerry|Intimidate|FlareBlitz,FakeOut,ThroatChop,PartingShot|Brave||M|||50|]Farigiraf||ColburBerry|ArmorTail|Protect,TrickRoom,Psychic,HyperVoice|Sassy||M|||50|]Araquanid||MysticWater|WaterBubble|SkitterSmack,Liquidation,LeechLife,WideGuard|Brave||M|||50|]Rotom-Wash||ChoiceScarf|Levitate|HydroPump,WillOWisp,Thunderbolt,VoltSwitch|Modest|||||50|
|showteam|p2|Scovillain||Scovillainite|Chlorophyll|RagePowder,GigaDrain,Overheat,Protect|Bold||F|||50|]Swampert||Swampertite|Torrent|WaveCrash,Earthquake,IcePunch,Protect|Adamant||F|||50|]Archaludon||Leftovers|Stamina|FlashCannon,DragonPulse,ElectroShot,Protect|Calm||F|||50|]Grimmsnarl||LightClay|Prankster|LightScreen,PartingShot,FoulPlay,Reflect|Bold||M|||50|]Pelipper||LifeOrb|Drizzle|WeatherBall,WideGuard,Hurricane,Tailwind|Timid||M|||50|]Weavile||FocusSash|Pressure|UpperHand,IceSpinner,RainDance,FakeOut|Jolly||M|||50|
|inactive|Battle timer is ON: inactive players will automatically lose when time's up. (requested by epicbluedude)
|inactive|lettitripppp also wants the timer to be on.
|
|t:|1783033267
|teamsize|p1|4
|teamsize|p2|4
|start
|switch|p1a: Farigiraf|Farigiraf, L50, M|100/100
|switch|p1b: Incineroar|Incineroar, L50, M|100/100
|switch|p2a: JESTER WALL|Grimmsnarl, L50, M|100/100
|switch|p2b: BIG BRIDGE|Archaludon, L50, F|100/100
|-ability|p1b: Incineroar|Intimidate|boost
|-unboost|p2a: JESTER WALL|atk|1
|-unboost|p2b: BIG BRIDGE|atk|1
|turn|1
|
|t:|1783033277
|move|p2b: BIG BRIDGE|Protect|p2b: BIG BRIDGE
|-singleturn|p2b: BIG BRIDGE|Protect
|move|p2a: JESTER WALL|Reflect|p2a: JESTER WALL
|-sidestart|p2: lettitripppp|Reflect
|move|p1b: Incineroar|Parting Shot|p2b: BIG BRIDGE
|-activate|p2b: BIG BRIDGE|move: Protect
|move|p1a: Farigiraf|Trick Room|p1a: Farigiraf
|-fieldstart|move: Trick Room|[of] p1a: Farigiraf
|
|upkeep
|turn|2
|
|t:|1783033295
|move|p1a: Farigiraf|Protect|p1a: Farigiraf
|-singleturn|p1a: Farigiraf|Protect
|move|p2a: JESTER WALL|Light Screen|p2a: JESTER WALL
|-sidestart|p2: lettitripppp|move: Light Screen
|move|p1b: Incineroar|Parting Shot|p2b: BIG BRIDGE
|-unboost|p2b: BIG BRIDGE|atk|1
|-unboost|p2b: BIG BRIDGE|spa|1
|
|t:|1783033305
|switch|p1b: Torkoal|Torkoal, L50, M|100/100|[from] Parting Shot
|-weather|SunnyDay|[from] ability: Drought|[of] p1b: Torkoal
|move|p2b: BIG BRIDGE|Dragon Pulse|p1a: Farigiraf
|-activate|p1a: Farigiraf|move: Protect
|
|-weather|SunnyDay|[upkeep]
|upkeep
|turn|3
|
|t:|1783033315
|switch|p1b: Incineroar|Incineroar, L50, M|100/100
|-ability|p1b: Incineroar|Intimidate|boost
|-unboost|p2a: JESTER WALL|atk|1
|-unboost|p2b: BIG BRIDGE|atk|1
|switch|p2a: PELI-RAIN|Pelipper, L50, M|100/100
|-weather|RainDance|[from] ability: Drizzle|[of] p2a: PELI-RAIN
|switch|p2b: ROID SPEED|Swampert, L50, F|100/100
|move|p1a: Farigiraf|Psychic|p2a: PELI-RAIN
|-damage|p2a: PELI-RAIN|67/100
|
|-weather|RainDance|[upkeep]
|upkeep
|turn|4
|
|t:|1783033336
|switch|p2b: JESTER WALL|Grimmsnarl, L50, M|100/100
|move|p1a: Farigiraf|Psychic|p2a: PELI-RAIN
|-damage|p2a: PELI-RAIN|38/100
|move|p1b: Incineroar|Parting Shot|p2b: JESTER WALL
|-unboost|p2b: JESTER WALL|atk|1
|-unboost|p2b: JESTER WALL|spa|1
|
|t:|1783033341
|switch|p1b: Torkoal|Torkoal, L50, M|100/100|[from] Parting Shot
|-weather|SunnyDay|[from] ability: Drought|[of] p1b: Torkoal
|move|p2a: PELI-RAIN|Weather Ball|p1b: Torkoal
|-resisted|p1b: Torkoal|1
|-damage|p1b: Torkoal|70/100
|-damage|p2a: PELI-RAIN|28/100|[from] item: Life Orb
|
|-weather|SunnyDay|[upkeep]
|upkeep
|turn|5
|
|t:|1783033360
|switch|p2a: ROID SPEED|Swampert, L50, F|100/100
|move|p1b: Torkoal|Eruption|p2a: ROID SPEED|[spread] p2a,p2b
|-resisted|p2a: ROID SPEED|1
|-damage|p2a: ROID SPEED|79/100
|-damage|p2b: JESTER WALL|58/100
|move|p1a: Farigiraf|Hyper Voice|p2a: ROID SPEED|[spread] p2a,p2b
|-damage|p2a: ROID SPEED|59/100
|-damage|p2b: JESTER WALL|43/100
|move|p2b: JESTER WALL|Foul Play|p1a: Farigiraf
|-supereffective|p1a: Farigiraf|1
|-enditem|p1a: Farigiraf|Colbur Berry|[eat]
|-enditem|p1a: Farigiraf|Colbur Berry|[weaken]
|-damage|p1a: Farigiraf|76/100
|
|-weather|SunnyDay|[upkeep]
|-fieldend|move: Trick Room
|upkeep
|turn|6
|
|t:|1783033375
|switch|p2b: PELI-RAIN|Pelipper, L50, M|28/100
|-weather|RainDance|[from] ability: Drizzle|[of] p2b: PELI-RAIN
|switch|p1b: Incineroar|Incineroar, L50, M|100/100
|-ability|p1b: Incineroar|Intimidate|boost
|-unboost|p2a: ROID SPEED|atk|1
|-unboost|p2b: PELI-RAIN|atk|1
|detailschange|p2a: ROID SPEED|Swampert-Mega, L50, F
|-mega|p2a: ROID SPEED|Swampert|Swampertite
|move|p1a: Farigiraf|Protect|p1a: Farigiraf
|-singleturn|p1a: Farigiraf|Protect
|move|p2a: ROID SPEED|Wave Crash|p1b: Incineroar
|-supereffective|p1b: Incineroar|1
|-damage|p1b: Incineroar|0 fnt
|faint|p1b: Incineroar
|-damage|p2a: ROID SPEED|22/100|[from] Recoil
|
|-weather|RainDance|[upkeep]
|upkeep
|
|t:|1783033382
|switch|p1b: Torkoal|Torkoal, L50, M|70/100
|-weather|SunnyDay|[from] ability: Drought|[of] p1b: Torkoal
|turn|7
|
|t:|1783033396
|move|p2b: PELI-RAIN|Weather Ball|p1a: Farigiraf
|-damage|p1a: Farigiraf|39/100
|-damage|p2b: PELI-RAIN|19/100|[from] item: Life Orb
|move|p2a: ROID SPEED|Earthquake|p1a: Farigiraf|[spread] p1a,p1b
|-immune|p2b: PELI-RAIN
|-supereffective|p1b: Torkoal|1
|-damage|p1a: Farigiraf|12/100
|-damage|p1b: Torkoal|22/100
|move|p1b: Torkoal|Eruption|p2a: ROID SPEED|[spread] p2a,p2b
|-resisted|p2a: ROID SPEED|1
|-resisted|p2b: PELI-RAIN|1
|-damage|p2a: ROID SPEED|16/100
|-damage|p2b: PELI-RAIN|10/100
|move|p1a: Farigiraf|Trick Room|p1a: Farigiraf
|-fieldstart|move: Trick Room|[of] p1a: Farigiraf
|
|-weather|SunnyDay|[upkeep]
|upkeep
|turn|8
|
|t:|1783033411
|move|p2b: PELI-RAIN|Wide Guard|p2b: PELI-RAIN
|-singleturn|p2b: PELI-RAIN|Wide Guard
|move|p1b: Torkoal|Overheat|p2a: ROID SPEED
|-resisted|p2a: ROID SPEED|1
|-damage|p2a: ROID SPEED|0 fnt
|-unboost|p1b: Torkoal|spa|2
|faint|p2a: ROID SPEED
|move|p1a: Farigiraf|Hyper Voice|p2b: PELI-RAIN
|-activate|p2b: PELI-RAIN|move: Wide Guard
|
|-weather|SunnyDay|[upkeep]
|-sideend|p2: lettitripppp|Reflect
|upkeep
|
|t:|1783033419
|switch|p2a: BIG BRIDGE|Archaludon, L50, F|100/100
|turn|9
|
|t:|1783033426
|switch|p1b: Mawile|Mawile, L50, M|100/100
|switch|p2b: JESTER WALL|Grimmsnarl, L50, M|43/100
|move|p2a: BIG BRIDGE|Protect|p2a: BIG BRIDGE
|-singleturn|p2a: BIG BRIDGE|Protect
|move|p1a: Farigiraf|Psychic|p2b: JESTER WALL
|-immune|p2b: JESTER WALL
|
|-weather|SunnyDay|[upkeep]
|-sideend|p2: lettitripppp|move: Light Screen
|upkeep
|turn|10
|
|t:|1783033437
|switch|p1a: Torkoal|Torkoal, L50, M|22/100
|switch|p2b: PELI-RAIN|Pelipper, L50, M|10/100
|-weather|RainDance|[from] ability: Drizzle|[of] p2b: PELI-RAIN
|detailschange|p1b: Mawile|Mawile-Mega, L50, M
|-mega|p1b: Mawile|Mawile|Mawilite
|move|p1b: Mawile|Play Rough|p2a: BIG BRIDGE
|-damage|p2a: BIG BRIDGE|37/100
|-ability|p2a: BIG BRIDGE|Stamina|boost
|-boost|p2a: BIG BRIDGE|def|1
|move|p2a: BIG BRIDGE|Electro Shot||[still]
|-prepare|p2a: BIG BRIDGE|Electro Shot
|-boost|p2a: BIG BRIDGE|spa|1
|-anim|p2a: BIG BRIDGE|Electro Shot|p1b: Mawile
|-damage|p1b: Mawile|33/100
|
|-weather|RainDance|[upkeep]
|-heal|p2a: BIG BRIDGE|43/100|[from] item: Leftovers
|upkeep
|turn|11
|inactive|epicbluedude has 30 seconds left.
|
|t:|1783033464
|switch|p2b: JESTER WALL|Grimmsnarl, L50, M|43/100
|move|p2a: BIG BRIDGE|Protect|p2a: BIG BRIDGE
|-singleturn|p2a: BIG BRIDGE|Protect
|move|p1a: Torkoal|Overheat|p2b: JESTER WALL
|-damage|p2b: JESTER WALL|10/100
|-unboost|p1a: Torkoal|spa|2
|move|p1b: Mawile|Play Rough|p2a: BIG BRIDGE
|-activate|p2a: BIG BRIDGE|move: Protect
|
|-weather|RainDance|[upkeep]
|-heal|p2a: BIG BRIDGE|49/100|[from] item: Leftovers
|-fieldend|move: Trick Room
|upkeep
|turn|12
|
|t:|1783033481
|switch|p1a: Farigiraf|Farigiraf, L50, M|12/100
|move|p1b: Mawile|Protect|p1b: Mawile
|-singleturn|p1b: Mawile|Protect
|move|p2a: BIG BRIDGE|Electro Shot||[still]
|-prepare|p2a: BIG BRIDGE|Electro Shot
|-boost|p2a: BIG BRIDGE|spa|1
|-anim|p2a: BIG BRIDGE|Electro Shot|p1b: Mawile
|-activate|p1b: Mawile|move: Protect
|move|p2b: JESTER WALL|Foul Play|p1a: Farigiraf
|-supereffective|p1a: Farigiraf|1
|-damage|p1a: Farigiraf|0 fnt
|faint|p1a: Farigiraf
|
|-weather|RainDance|[upkeep]
|-heal|p2a: BIG BRIDGE|55/100|[from] item: Leftovers
|upkeep
|
|t:|1783033486
|switch|p1a: Torkoal|Torkoal, L50, M|22/100
|-weather|SunnyDay|[from] ability: Drought|[of] p1a: Torkoal
|turn|13
|
|t:|1783033510
|switch|p2b: PELI-RAIN|Pelipper, L50, M|10/100
|-weather|RainDance|[from] ability: Drizzle|[of] p2b: PELI-RAIN
|move|p2a: BIG BRIDGE|Protect|p2a: BIG BRIDGE
|-singleturn|p2a: BIG BRIDGE|Protect
|move|p1b: Mawile|Protect|p1b: Mawile
|-singleturn|p1b: Mawile|Protect
|move|p1a: Torkoal|Overheat|p2a: BIG BRIDGE
|-activate|p2a: BIG BRIDGE|move: Protect
|
|-weather|RainDance|[upkeep]
|-heal|p2a: BIG BRIDGE|61/100|[from] item: Leftovers
|upkeep
|turn|14
|
|t:|1783033529
|move|p2b: PELI-RAIN|Tailwind|p2b: PELI-RAIN
|-sidestart|p2: lettitripppp|move: Tailwind
|move|p2a: BIG BRIDGE|Electro Shot||[still]
|-prepare|p2a: BIG BRIDGE|Electro Shot
|-boost|p2a: BIG BRIDGE|spa|1
|-anim|p2a: BIG BRIDGE|Electro Shot|p1b: Mawile
|-damage|p1b: Mawile|0 fnt
|faint|p1b: Mawile
|move|p1a: Torkoal|Overheat|p2a: BIG BRIDGE|[miss]
|-miss|p1a: Torkoal|p2a: BIG BRIDGE
|
|-weather|RainDance|[upkeep]
|-heal|p2a: BIG BRIDGE|67/100|[from] item: Leftovers
|upkeep
|turn|15
|-message|epicbluedude forfeited.
|
|win|lettitripppp
|raw|epicbluedude's rating: 1151 → 1129(-22 for losing)
|raw|lettitripppp's rating: 1199 → 1221(+22 for winning)
