|j|☆TJP195
|j|☆dambro222
|html|TJP195dambro222    
|uhtml|bestof|Game 3 of a best-of-3
|t:|1756713285
|gametype|doubles
|player|p1|TJP195|rocketgrunt|1091
|player|p2|dambro222|169|1114
|gen|9
|tier|[Gen 9] VGC 2025 Reg H (Bo3)
|rated|
|rule|Species Clause: Limit one of each Pokémon
|rule|Item Clause: Limit 1 of each item
|clearpoke
|poke|p1|Braviary-Hisui, L50, M|
|poke|p1|Ursaluna, L50, M|
|poke|p1|Indeedee-F, L50, F|
|poke|p1|Sneasler, L50, M|
|poke|p1|Incineroar, L50, M|
|poke|p1|Tyranitar, L50, M|
|poke|p2|Dragonite, L50, M|
|poke|p2|Volcarona, L50, F|
|poke|p2|Sneasler, L50, M|
|poke|p2|Rillaboom, L50, M|
|poke|p2|Electabuzz, L50, M|
|poke|p2|Kingambit, L50, M|
|teampreview|4
|showteam|p1|Braviary-Hisui||ChoiceSpecs|TintedLens|ExpandingForce,HeatWave,Snarl,Hurricane|||M|||50|,,,,,Psychic]Ursaluna||FlameOrb|Guts|Facade,Protect,HeadlongRush,Earthquake|||M|||50|,,,,,Ghost]Indeedee-F||SafetyGoggles|PsychicSurge|TrickRoom,FollowMe,HelpingHand,DazzlingGleam|||F|||50|,,,,,Fairy]Sneasler||PsychicSeed|Unburden|DireClaw,CloseCombat,ThroatChop,Protect|||M|||50|,,,,,Dark]Incineroar||AssaultVest|Intimidate|Uturn,FakeOut,KnockOff,FlareBlitz|||M|||50|,,,,,Grass]Tyranitar||ClearAmulet|SandStream|TeraBlast,RockSlide,KnockOff,Protect|||M|||50|,,,,,Flying
|showteam|p2|Dragonite||LoadedDice|Multiscale|ScaleShot,ExtremeSpeed,Haze,Protect|||M|||50|,,,,,Fairy]Volcarona||CovertCloak|FlameBody|HeatWave,TeraBlast,QuiverDance,Protect|||F|||50|,,,,,Fairy]Sneasler||FocusSash|Unburden|CloseCombat,DireClaw,RockSlide,Protect|||M|||50|,,,,,Stellar]Rillaboom||AssaultVest|GrassySurge|WoodHammer,GrassyGlide,HighHorsepower,FakeOut|||M|||50|,,,,,Water]Electabuzz||Eviolite|VitalSpirit|Electroweb,FollowMe,Taunt,Protect|||M|||50|,,,,,Ghost]Kingambit||BlackGlasses|Defiant|KowtowCleave,SuckerPunch,SwordsDance,Protect|||M|||50|,,,,,Dark
|inactive|Battle timer is ON: inactive players will automatically lose when time's up. (requested by dambro222)
|
|t:|1756713315
|teamsize|p1|4
|teamsize|p2|4
|start
|switch|p1a: Ursaluna|Ursaluna, L50, M, shiny|100/100
|switch|p1b: Indeedee|Indeedee-F, L50, F, shiny|100/100
|switch|p2a: Volcarona|Volcarona, L50, F|100/100
|switch|p2b: Electabuzz|Electabuzz, L50, M|100/100
|-fieldstart|move: Psychic Terrain|[from] ability: Psychic Surge|[of] p1b: Indeedee
|turn|1
|inactive|TJP195 has 30 seconds left.
|
|t:|1756713343
|switch|p1b: Sneasler|Sneasler, L50, M, shiny|100/100
|-enditem|p1b: Sneasler|Psychic Seed
|-boost|p1b: Sneasler|spd|1|[from] item: Psychic Seed
|move|p2a: Volcarona|Quiver Dance|p2a: Volcarona
|-boost|p2a: Volcarona|spa|1
|-boost|p2a: Volcarona|spd|1
|-boost|p2a: Volcarona|spe|1
|move|p2b: Electabuzz|Taunt|p1b: Sneasler
|-start|p1b: Sneasler|move: Taunt
|move|p1a: Ursaluna|Headlong Rush|p2b: Electabuzz
|-supereffective|p2b: Electabuzz
|-damage|p2b: Electabuzz|0 fnt
|-unboost|p1a: Ursaluna|def|1
|-unboost|p1a: Ursaluna|spd|1
|faint|p2b: Electabuzz
|
|-status|p1a: Ursaluna|brn|[from] item: Flame Orb
|upkeep
|
|t:|1756713363
|switch|p2b: Rillaboom|Rillaboom, L50, M|100/100
|-fieldstart|move: Grassy Terrain|[from] ability: Grassy Surge|[of] p2b: Rillaboom
|turn|2
|
|t:|1756713371
|switch|p1b: Indeedee|Indeedee-F, L50, F, shiny|100/100
|-fieldstart|move: Psychic Terrain|[from] ability: Psychic Surge|[of] p1b: Indeedee
|-terastallize|p1a: Ursaluna|Ghost
|move|p2b: Rillaboom|Fake Out|p1b: Indeedee
|-activate|p1b: Indeedee|move: Psychic Terrain
|move|p2a: Volcarona|Heat Wave|p1b: Indeedee|[spread] p1a,p1b
|-damage|p1a: Ursaluna|31/100 brn
|-damage|p1b: Indeedee|51/100
|move|p1a: Ursaluna|Facade|p2a: Volcarona
|-damage|p2a: Volcarona|0 fnt
|faint|p2a: Volcarona
|
|-damage|p1a: Ursaluna|25/100 brn|[from] brn
|upkeep
|
|t:|1756713382
|switch|p2a: Dragonite|Dragonite, L50, M|100/100
|turn|3
|
|t:|1756713395
|move|p1b: Indeedee|Follow Me|p1b: Indeedee
|-singleturn|p1b: Indeedee|move: Follow Me
|move|p2a: Dragonite|Scale Shot|p1b: Indeedee
|-damage|p1b: Indeedee|37/100
|-damage|p1b: Indeedee|22/100
|-damage|p1b: Indeedee|8/100
|-damage|p1b: Indeedee|0 fnt
|faint|p1b: Indeedee
|-hitcount|p1: Indeedee|4
|-unboost|p2a: Dragonite|def|1
|-boost|p2a: Dragonite|spe|1
|move|p2b: Rillaboom|Grassy Glide|p1a: Ursaluna
|-crit|p1a: Ursaluna
|-damage|p1a: Ursaluna|0 fnt
|faint|p1a: Ursaluna
|
|upkeep
|
|t:|1756713403
|switch|p1b: Braviary|Braviary-Hisui, L50, M, shiny|100/100
|switch|p1a: Sneasler|Sneasler, L50, M, shiny|100/100
|turn|4
|
|t:|1756713424
|move|p2a: Dragonite|Scale Shot|p1a: Sneasler
|-damage|p1a: Sneasler|77/100
|-damage|p1a: Sneasler|50/100
|-damage|p1a: Sneasler|24/100
|-damage|p1a: Sneasler|0 fnt
|faint|p1a: Sneasler
|-hitcount|p1: Sneasler|4
|-unboost|p2a: Dragonite|def|1
|-boost|p2a: Dragonite|spe|1
|move|p2b: Rillaboom|Wood Hammer|p1b: Braviary
|-resisted|p1b: Braviary
|-damage|p1b: Braviary|67/100
|-damage|p2b: Rillaboom|90/100|[from] Recoil
|move|p1b: Braviary|Heat Wave|p2a: Dragonite|[spread] p2a,p2b
|-resisted|p2a: Dragonite
|-supereffective|p2b: Rillaboom
|-crit|p2b: Rillaboom
|-damage|p2a: Dragonite|80/100
|-damage|p2b: Rillaboom|5/100
|
|upkeep
|turn|5
|
|t:|1756713444
|move|p2a: Dragonite|Scale Shot|p1b: Braviary
|-damage|p1b: Braviary|51/100
|-damage|p1b: Braviary|36/100
|-damage|p1b: Braviary|23/100
|-damage|p1b: Braviary|8/100
|-hitcount|p1b: Braviary|4
|-unboost|p2a: Dragonite|def|1
|-boost|p2a: Dragonite|spe|1
|move|p2b: Rillaboom|Wood Hammer|p1b: Braviary
|-resisted|p1b: Braviary
|-crit|p1b: Braviary
|-damage|p1b: Braviary|0 fnt
|faint|p1b: Braviary
|-damage|p2b: Rillaboom|2/100|[from] Recoil
|
|win|dambro222
|raw|TJP195's rating: 1091 → 1069(-22 for losing)
|raw|dambro222's rating: 1114 → 1137(+23 for winning)
|c|☆TJP195|gg
|c|☆dambro222|gg
|l|☆TJP195
|player|p1|
