|j|☆Daniw9
|j|☆Woopah96
|html|Daniw9Woopah96    
|uhtml|bestof|Game 1 of a best-of-3
|t:|1756552634
|gametype|doubles
|player|p1|Daniw9|1|1218
|player|p2|Woopah96|101|1319
|gen|9
|tier|[Gen 9] VGC 2025 Reg H (Bo3)
|rated|
|rule|Species Clause: Limit one of each Pokémon
|rule|Item Clause: Limit 1 of each item
|clearpoke
|poke|p1|Garchomp, L50, F|
|poke|p1|Tyranitar, L50, F|
|poke|p1|Delphox, L50, M|
|poke|p1|Indeedee-F, L50, F|
|poke|p1|Gallade, L50, M|
|poke|p1|Whimsicott, L50, F|
|poke|p2|Sneasler, L50, F|
|poke|p2|Dondozo, L50, M|
|poke|p2|Indeedee, L50, M|
|poke|p2|Ursaluna-Bloodmoon, L50, M|
|poke|p2|Tatsugiri, L50, F|
|poke|p2|Talonflame, L50, F|
|teampreview|4
|showteam|p1|Garchomp||LifeOrb|SandVeil|Earthquake,StompingTantrum,Protect,DragonClaw|||F|||50|,,,,,Steel]Tyranitar||AssaultVest|SandStream|RockSlide,TeraBlast,KnockOff,LowKick|||F|||50|,,,,,Flying]Delphox||PsychicSeed|Magician|ExpandingForce,HeatWave,TeraBlast,Protect|||M|||50|,,,,,Fairy]Indeedee-F||SafetyGoggles|PsychicSurge|DazzlingGleam,TrickRoom,FollowMe,HelpingHand|||F|||50|,,,,,Water]Gallade||ClearAmulet|Sharpness|SacredSword,PsychoCut,TrickRoom,Protect|||M|||50|,,,,,Grass]Whimsicott||CovertCloak|Prankster|Moonblast,Tailwind,Encore,Protect|||F|||50|,,,,,Ghost
|showteam|p2|Sneasler||PsychicSeed|Unburden|Protect,ThroatChop,DireClaw,CloseCombat|||F|||50|,,,,,Dark]Dondozo||Leftovers|Unaware|WaveCrash,Protect,Earthquake,BodyPress|||M|||50|,,,,,Steel]Indeedee||FocusSash|PsychicSurge|ExpandingForce,HelpingHand,Protect,TeraBlast|||M|||50|,,,,,Fairy]Ursaluna-Bloodmoon||LifeOrb|MindsEye|BloodMoon,HyperVoice,Protect,EarthPower|||M|||50|,,,,,Normal]Tatsugiri||ChoiceScarf|Commander|MuddyWater,DracoMeteor,IcyWind,SleepTalk|||F|||50|,,,,,Ghost]Talonflame||CovertCloak|GaleWings|BraveBird,FlareBlitz,WillOWisp,Tailwind|||F|||50|,,,,,Ghost
|
|t:|1756552671
|teamsize|p1|4
|teamsize|p2|4
|start
|switch|p1a: Delphox|Delphox, L50, M|100/100
|switch|p1b: Indeedee|Indeedee-F, L50, F|100/100
|switch|p2a: Gumball|Sneasler, L50, F|100/100
|switch|p2b: Richard|Ursaluna-Bloodmoon, L50, M|100/100
|-fieldstart|move: Psychic Terrain|[from] ability: Psychic Surge|[of] p1b: Indeedee
|-enditem|p2a: Gumball|Psychic Seed
|-boost|p2a: Gumball|spd|1|[from] item: Psychic Seed
|-enditem|p1a: Delphox|Psychic Seed
|-boost|p1a: Delphox|spd|1|[from] item: Psychic Seed
|turn|1
|
|t:|1756552689
|-terastallize|p2a: Gumball|Dark
|move|p2b: Richard|Protect|p2b: Richard
|-singleturn|p2b: Richard|Protect
|move|p1b: Indeedee|Follow Me|p1b: Indeedee
|-singleturn|p1b: Indeedee|move: Follow Me
|move|p2a: Gumball|Throat Chop|p1b: Indeedee
|-supereffective|p1b: Indeedee
|-damage|p1b: Indeedee|12/100
|-start|p1b: Indeedee|Throat Chop|[silent]
|move|p1a: Delphox|Expanding Force|p2b: Richard|[spread] 
|-activate|p2b: Richard|move: Protect
|-immune|p2a: Gumball
|
|upkeep
|turn|2
|
|t:|1756552712
|switch|p2b: Tina|Dondozo, L50, M|100/100
|-terastallize|p1a: Delphox|Fairy
|move|p1b: Indeedee|Helping Hand|p1a: Delphox
|-singleturn|p1a: Delphox|Helping Hand|[of] p1b: Indeedee
|move|p2a: Gumball|Dire Claw|p1a: Delphox
|-supereffective|p1a: Delphox
|-damage|p1a: Delphox|0 fnt
|faint|p1a: Delphox
|
|-end|p1b: Indeedee|Throat Chop|[silent]
|upkeep
|inactive|Battle timer is ON: inactive players will automatically lose when time's up. (requested by Woopah96)
|
|t:|1756552745
|switch|p1a: Gallade|Gallade, L50, M|100/100
|turn|3
|
|t:|1756552769
|move|p1b: Indeedee|Follow Me|p1b: Indeedee
|-singleturn|p1b: Indeedee|move: Follow Me
|move|p2a: Gumball|Dire Claw|p1b: Indeedee
|-damage|p1b: Indeedee|0 fnt
|faint|p1b: Indeedee
|move|p2b: Tina|Wave Crash|p1a: Gallade
|-damage|p1a: Gallade|36/100
|-damage|p2b: Tina|84/100|[from] Recoil
|move|p1a: Gallade|Trick Room|p1a: Gallade
|-fieldstart|move: Trick Room|[of] p1a: Gallade
|
|-heal|p2b: Tina|90/100|[from] item: Leftovers
|upkeep
|
|t:|1756552779
|switch|p1b: Tyranitar|Tyranitar, L50, F|100/100
|-weather|Sandstorm|[from] ability: Sand Stream|[of] p1b: Tyranitar
|turn|4
|
|t:|1756552786
|move|p2a: Gumball|Protect|p2a: Gumball
|-singleturn|p2a: Gumball|Protect
|move|p2b: Tina|Body Press|p1b: Tyranitar
|-supereffective|p1b: Tyranitar
|-damage|p1b: Tyranitar|19/100
|move|p1b: Tyranitar|Low Kick|p2b: Tina
|-damage|p2b: Tina|65/100
|move|p1a: Gallade|Sacred Sword|p2a: Gumball
|-activate|p2a: Gumball|move: Protect
|
|-weather|Sandstorm|[upkeep]
|-damage|p2b: Tina|58/100|[from] Sandstorm
|-damage|p1a: Gallade|30/100|[from] Sandstorm
|-damage|p2a: Gumball|95/100|[from] Sandstorm
|-heal|p2b: Tina|65/100|[from] item: Leftovers
|upkeep
|turn|5
|-message|Daniw9 forfeited.
|
|win|Woopah96
|l|☆Daniw9
|player|p1|
||Daniw9 is ready for game 2.
||Woopah96 is ready for game 2.
|uhtml|next|Next: Game 2 of 3
|j|☆Daniw9
|player|p1|Daniw9|1|
