|j|☆blizzardspamming
|j|☆Timothim Chalombre
|html|blizzardspammingTimothim Chalombre    
|uhtml|bestof|Game 1 of a best-of-3
|t:|1783308136
|gametype|doubles
|player|p1|blizzardspamming|clair|1216
|player|p2|Timothim Chalombre|caitlin|1226
|gen|9
|tier|[Gen 9 Champions] VGC 2026 Reg M-B (Bo3)
|rated|
|rule|Species Clause: Limit one of each Pokémon
|rule|Item Clause: Limit 1 of each item
|clearpoke
|poke|p1|Gengar, L50, F|
|poke|p1|Ninetales-Alola, L50, M|
|poke|p1|Incineroar, L50, M|
|poke|p1|Gholdengo, L50|
|poke|p1|Sneasler, L50, M|
|poke|p1|Dragonite, L50, F|
|poke|p2|Excadrill, L50, M|
|poke|p2|Grimmsnarl, L50, M|
|poke|p2|Altaria, L50, F|
|poke|p2|Incineroar, L50, F|
|poke|p2|Venusaur, L50, M|
|poke|p2|Milotic, L50, F|
|teampreview|4
|showteam|p1|Gengar||Gengarite|CursedBody|ShadowBall,SludgeBomb,Disable,Protect|Modest||F|||50|]Ninetales-Alola||NeverMeltIce|SnowWarning|Blizzard,FreezeDry,Encore,Protect|Timid||M|||50|]Incineroar||SitrusBerry|Intimidate|FakeOut,FlareBlitz,LashOut,PartingShot|Sassy||M|||50|]Gholdengo||Leftovers|GoodasGold|MakeItRain,ShadowBall,NastyPlot,Protect|Modest|||||50|]Sneasler||FocusSash|PoisonTouch|FakeOut,CloseCombat,DireClaw,Protect|Jolly||M|||50|]Dragonite||Dragoninite|InnerFocus|DracoMeteor,Flamethrower,Thunderbolt,Tailwind|Modest||F|||50|
|showteam|p2|Excadrill||Excadrite|SandRush|StompingTantrum,IronHead,HornDrill,Protect|Jolly||M|||50|]Grimmsnarl||LightClay|Prankster|SpiritBreak,Reflect,LightScreen,PartingShot|Impish||M|||50|]Altaria||RoseliBerry|CloudNine|BraveBird,WillOWisp,Roost,Tailwind|Careful||F|||50|]Incineroar||SitrusBerry|Intimidate|FakeOut,FlareBlitz,ThroatChop,PartingShot|Impish||F|||50|]Venusaur||Venusaurite|Overgrow|GigaDrain,EarthPower,SludgeBomb,Protect|Modest||M|||50|]Milotic||Leftovers|Competitive|MuddyWater,Coil,Recover,Hypnosis|Modest||F|||50|
|
|t:|1783308241
|teamsize|p1|4
|teamsize|p2|4
|start
|switch|p1a: Sneasler|Sneasler, L50, M|100/100
|switch|p1b: Dragonite|Dragonite, L50, F|100/100
|switch|p2a: Incineroar|Incineroar, L50, F|100/100
|switch|p2b: Milotic|Milotic, L50, F|100/100
|-ability|p2a: Incineroar|Intimidate|boost
|-unboost|p1a: Sneasler|atk|1
|-fail|p1b: Dragonite|unboost|Attack|[from] ability: Inner Focus|[of] p1b: Dragonite
|turn|1
|
|t:|1783308266
|detailschange|p1b: Dragonite|Dragonite-Mega, L50, F
|-mega|p1b: Dragonite|Dragonite|Dragoninite
|move|p1a: Sneasler|Fake Out|p2a: Incineroar
|-damage|p2a: Incineroar|93/100
|cant|p2a: Incineroar|flinch
|move|p1b: Dragonite|Draco Meteor|p2b: Milotic
|-damage|p2b: Milotic|50/100g
|-unboost|p1b: Dragonite|spa|2
|move|p2b: Milotic|Coil|p2b: Milotic
|-boost|p2b: Milotic|atk|1
|-boost|p2b: Milotic|def|1
|-boost|p2b: Milotic|accuracy|1
|
|-heal|p2b: Milotic|56/100|[from] item: Leftovers
|upkeep
|turn|2
|
|t:|1783308288
|switch|p1b: Gholdengo|Gholdengo, L50|100/100
|move|p1a: Sneasler|Close Combat|p2a: Incineroar
|-supereffective|p2a: Incineroar|1
|-damage|p2a: Incineroar|24/100
|-unboost|p1a: Sneasler|def|1
|-unboost|p1a: Sneasler|spd|1
|-enditem|p2a: Incineroar|Sitrus Berry|[eat]
|-heal|p2a: Incineroar|49/100|[from] item: Sitrus Berry
|move|p2b: Milotic|Hypnosis|p1a: Sneasler
|-status|p1a: Sneasler|slp|[from] move: Hypnosis
|move|p2a: Incineroar|Parting Shot|p1b: Gholdengo
|-immune|p1b: Gholdengo|[from] ability: Good as Gold
|
|-heal|p2b: Milotic|62/100|[from] item: Leftovers
|upkeep
|turn|3
|
|t:|1783308308
|move|p1b: Gholdengo|Protect|p1b: Gholdengo
|-singleturn|p1b: Gholdengo|Protect
|cant|p1a: Sneasler|slp
|move|p2b: Milotic|Muddy Water|p1b: Gholdengo|[spread] p1a
|-activate|p1b: Gholdengo|move: Protect
|-damage|p1a: Sneasler|46/100 slp
|move|p2a: Incineroar|Flare Blitz|p1b: Gholdengo
|-activate|p1b: Gholdengo|move: Protect
|
|-heal|p2b: Milotic|68/100|[from] item: Leftovers
|upkeep
|turn|4
|
|t:|1783308321
|switch|p1b: Dragonite|Dragonite-Mega, L50, F|100/100
|switch|p2a: Altaria|Altaria, L50, F|100/100
|-ability|p2a: Altaria|Cloud Nine
|cant|p1a: Sneasler|slp
|move|p2b: Milotic|Muddy Water|p1a: Sneasler|[spread] p1a,p1b
|-resisted|p1b: Dragonite|1
|-damage|p1a: Sneasler|0 fnt
|-damage|p1b: Dragonite|94/100
|-unboost|p1b: Dragonite|accuracy|1
|faint|p1a: Sneasler
|
|-heal|p2b: Milotic|74/100|[from] item: Leftovers
|upkeep
|
|t:|1783308328
|switch|p1a: Gholdengo|Gholdengo, L50|100/100
|turn|5
|
|t:|1783308364
|move|p1b: Dragonite|Draco Meteor|p2a: Altaria
|-supereffective|p2a: Altaria|1
|-damage|p2a: Altaria|0 fnt
|-unboost|p1b: Dragonite|spa|2
|faint|p2a: Altaria
|move|p1a: Gholdengo|Nasty Plot|p1a: Gholdengo
|-boost|p1a: Gholdengo|spa|2
|move|p2b: Milotic|Muddy Water|p1a: Gholdengo|[spread] p1a,p1b
|-resisted|p1b: Dragonite|1
|-damage|p1a: Gholdengo|76/100
|-damage|p1b: Dragonite|84/100
|
|-heal|p1a: Gholdengo|82/100|[from] item: Leftovers
|-heal|p2b: Milotic|80/100|[from] item: Leftovers
|upkeep
|
|t:|1783308368
|switch|p2a: Incineroar|Incineroar, L50, F|49/100
|-ability|p2a: Incineroar|Intimidate|boost
|-unboost|p1a: Gholdengo|atk|1
|-unboost|p1b: Dragonite|atk|1
|turn|6
|
|t:|1783308391
|move|p1a: Gholdengo|Protect|p1a: Gholdengo
|-singleturn|p1a: Gholdengo|Protect
|move|p1b: Dragonite|Draco Meteor|p2a: Incineroar
|-damage|p2a: Incineroar|10/100
|-unboost|p1b: Dragonite|spa|2
|move|p2b: Milotic|Muddy Water|p1b: Dragonite|[spread] p1b
|-activate|p1a: Gholdengo|move: Protect
|-resisted|p1b: Dragonite|1
|-damage|p1b: Dragonite|74/100
|move|p2a: Incineroar|Flare Blitz|p1a: Gholdengo
|-activate|p1a: Gholdengo|move: Protect
|
|-heal|p1a: Gholdengo|88/100|[from] item: Leftovers
|-heal|p2b: Milotic|86/100|[from] item: Leftovers
|upkeep
|turn|7
|
|t:|1783308403
|move|p1b: Dragonite|Thunderbolt|p2b: Milotic
|-supereffective|p2b: Milotic|1
|-damage|p2b: Milotic|70/100
|move|p1a: Gholdengo|Make It Rain|p2b: Milotic|[spread] p2a,p2b
|-resisted|p2a: Incineroar|1
|-resisted|p2b: Milotic|1
|-damage|p2a: Incineroar|0 fnt
|-damage|p2b: Milotic|42/100
|-unboost|p1a: Gholdengo|spa|2
|faint|p2a: Incineroar
|move|p2b: Milotic|Muddy Water|p1b: Dragonite|[spread] p1a,p1b
|-resisted|p1b: Dragonite|1
|-damage|p1a: Gholdengo|66/100
|-damage|p1b: Dragonite|63/100
|
|-heal|p1a: Gholdengo|72/100|[from] item: Leftovers
|-heal|p2b: Milotic|48/100|[from] item: Leftovers
|upkeep
|
|t:|1783308405
|switch|p2a: Excadrill|Excadrill, L50, M|100/100
|turn|8
|
|t:|1783308432
|detailschange|p2a: Excadrill|Excadrill-Mega, L50, M
|-mega|p2a: Excadrill|Excadrill|Excadrite
|move|p1a: Gholdengo|Protect|p1a: Gholdengo
|-singleturn|p1a: Gholdengo|Protect
|move|p2a: Excadrill|Stomping Tantrum|p1b: Dragonite
|-immune|p1b: Dragonite
|move|p1b: Dragonite|Flamethrower|p2a: Excadrill|[miss]
|-miss|p1b: Dragonite|p2a: Excadrill
|move|p2b: Milotic|Muddy Water|p1b: Dragonite|[spread] p1b
|-activate|p1a: Gholdengo|move: Protect
|-resisted|p1b: Dragonite|1
|-damage|p1b: Dragonite|53/100
|
|-heal|p1a: Gholdengo|78/100|[from] item: Leftovers
|-heal|p2b: Milotic|54/100|[from] item: Leftovers
|upkeep
|turn|9
|
|t:|1783308447
|switch|p1a: Incineroar|Incineroar, L50, M|100/100
|-ability|p1a: Incineroar|Intimidate|boost
|-unboost|p2a: Excadrill|atk|1
|-unboost|p2b: Milotic|atk|1
|-ability|p2b: Milotic|Competitive|boost
|-boost|p2b: Milotic|spa|2
|move|p2a: Excadrill|Stomping Tantrum|p1a: Incineroar
|-supereffective|p1a: Incineroar|1
|-damage|p1a: Incineroar|6/100
|-enditem|p1a: Incineroar|Sitrus Berry|[eat]
|-heal|p1a: Incineroar|31/100|[from] item: Sitrus Berry
|move|p1b: Dragonite|Flamethrower|p2a: Excadrill
|-supereffective|p2a: Excadrill|1
|-damage|p2a: Excadrill|64/100
|move|p2b: Milotic|Hypnosis|p1b: Dragonite
|-status|p1b: Dragonite|slp|[from] move: Hypnosis
|
|-heal|p2b: Milotic|60/100|[from] item: Leftovers
|upkeep
|turn|10
|
|t:|1783308462
|switch|p1b: Gholdengo|Gholdengo, L50|78/100
|move|p1a: Incineroar|Fake Out|p2a: Excadrill
|-resisted|p2a: Excadrill|1
|-damage|p2a: Excadrill|60/100
|cant|p2a: Excadrill|flinch
|move|p2b: Milotic|Muddy Water|p1a: Incineroar|[spread] p1a,p1b
|-supereffective|p1a: Incineroar|1
|-damage|p1a: Incineroar|0 fnt
|-damage|p1b: Gholdengo|29/100
|faint|p1a: Incineroar
|
|-heal|p1b: Gholdengo|35/100|[from] item: Leftovers
|-heal|p2b: Milotic|66/100|[from] item: Leftovers
|upkeep
|
|t:|1783308465
|switch|p1a: Dragonite|Dragonite-Mega, L50, F|53/100 slp
|turn|11
|-message|blizzardspamming forfeited.
|
|win|Timothim Chalombre
||blizzardspamming is ready for game 2.
||Timothim Chalombre is ready for game 2.
|uhtml|next|Next: Game 2 of 3
|l|☆Timothim Chalombre
|player|p2|
