|j|☆NandoGTG
|j|☆Craser13
|html|NandoGTGCraser13    
|uhtml|bestof|Game 3 of a best-of-3
|t:|1784764225
|gametype|doubles
|player|p1|NandoGTG|cheren|
|player|p2|Craser13|170|
|gen|9
|tier|[Gen 9 Champions] VGC 2026 Reg M-B (Bo3)
|rule|Species Clause: Limit one of each Pokémon
|rule|Item Clause: Limit 1 of each item
|clearpoke
|poke|p1|Pyroar, L50, F|
|poke|p1|Torkoal, L50, F|
|poke|p1|Farigiraf, L50, F|
|poke|p1|Vileplume, L50, F|
|poke|p1|Incineroar, L50, M|
|poke|p1|Floette-Eternal, L50, F|
|poke|p2|Froslass, L50, F|
|poke|p2|Dragonite, L50, F|
|poke|p2|Toxapex, L50, M|
|poke|p2|Sneasler, L50, F|
|poke|p2|Kingambit, L50, F|
|poke|p2|Blaziken, L50, M|
|teampreview|4
|showteam|p1|Pyroar||Pyroarite|Unnerve|Protect,Overheat,HeatWave,SolarBeam|Timid||F|||50|]Torkoal||Charcoal|Drought|Protect,HelpingHand,Eruption,WeatherBall|Quiet||F|||50|]Farigiraf||SitrusBerry|ArmorTail|HelpingHand,TrickRoom,Psychic,Thunderbolt|Relaxed||F|||50|]Vileplume||FocusSash|Chlorophyll|SleepPowder,AfterYou,SludgeBomb,SolarBeam|Timid||F|||50|]Incineroar||WhiteHerb|Intimidate|FakeOut,FlareBlitz,DarkestLariat,CloseCombat|Brave||M|||50|]Floette-Eternal||Floettite|FlowerVeil|Protect,CalmMind,Moonblast,DrainingKiss|Modest||F|||50|
|showteam|p2|Froslass||Froslassite|CursedBody|Blizzard,ShadowBall,AuroraVeil,Protect|Timid||F|||50|]Dragonite||LifeOrb|InnerFocus|DragonClaw,ExtremeSpeed,LowKick,Protect|Adamant||F|||50|]Toxapex||Leftovers|Regenerator|Infestation,Toxic,WideGuard,BanefulBunker|Bold||M|||50|]Sneasler||FocusSash|PoisonTouch|CloseCombat,PoisonJab,FakeOut,Protect|Jolly||F|||50|]Kingambit||BlackGlasses|Defiant|KowtowCleave,IronHead,SuckerPunch,Protect|Adamant||F|||50|]Blaziken||Blazikenite|SpeedBoost|CloseCombat,FlareBlitz,RockSlide,Protect|Adamant||M|||50|
|inactive|Battle timer is ON: inactive players will automatically lose when time's up. (requested by NandoGTG)
|
|t:|1784764253
|teamsize|p1|4
|teamsize|p2|4
|start
|switch|p1a: Incineroar|Incineroar, L50, M|100/100
|switch|p1b: Floette|Floette-Eternal, L50, F|100/100
|switch|p2a: Sneasler|Sneasler, L50, F|100/100
|switch|p2b: Blaziken|Blaziken, L50, M|100/100
|-ability|p1a: Incineroar|Intimidate|boost
|-unboost|p2a: Sneasler|atk|1
|-unboost|p2b: Blaziken|atk|1
|turn|1
|inactive|Craser13 has 30 seconds left.
|
|t:|1784764281
|detailschange|p1b: Floette|Floette-Mega, L50, F
|-mega|p1b: Floette|Floette|Floettite
|-ability|p1b: Floette|Fairy Aura
|detailschange|p2b: Blaziken|Blaziken-Mega, L50, M
|-mega|p2b: Blaziken|Blaziken|Blazikenite
|move|p2a: Sneasler|Fake Out|p1a: Incineroar
|-crit|p1a: Incineroar
|-damage|p1a: Incineroar|78/100
|cant|p1a: Incineroar|flinch
|move|p1b: Floette|Moonblast|p2b: Blaziken
|-damage|p2b: Blaziken|9/100
|move|p2b: Blaziken|Rock Slide|p1a: Incineroar|[spread] p1a,p1b
|-supereffective|p1a: Incineroar|1
|-damage|p1a: Incineroar|44/100
|-damage|p1b: Floette|82/100
|
|-ability|p2b: Blaziken|Speed Boost|boost
|-boost|p2b: Blaziken|spe|1
|upkeep
|turn|2
|inactive|NandoGTG has 30 seconds left.
|inactive|NandoGTG has 20 seconds left.
|inactive|NandoGTG has 15 seconds left.
|inactive|NandoGTG has 10 seconds left.
|
|t:|1784764327
|switch|p1b: Torkoal|Torkoal, L50, F|100/100
|-weather|SunnyDay|[from] ability: Drought|[of] p1b: Torkoal
|move|p2b: Blaziken|Rock Slide|p1b: Torkoal|[spread] p1a,p1b
|-supereffective|p1a: Incineroar|1
|-supereffective|p1b: Torkoal|1
|-damage|p1a: Incineroar|11/100
|-damage|p1b: Torkoal|76/100
|move|p2a: Sneasler|Poison Jab|p1b: Torkoal
|-damage|p1b: Torkoal|54/100
|move|p1a: Incineroar|Flare Blitz|p2a: Sneasler
|-enditem|p2a: Sneasler|Focus Sash
|-damage|p2a: Sneasler|1/100
|-damage|p1a: Incineroar|0 fnt|[from] Recoil
|faint|p1a: Incineroar
|
|-weather|SunnyDay|[upkeep]
|-ability|p2b: Blaziken|Speed Boost|boost
|-boost|p2b: Blaziken|spe|1
|upkeep
|
|t:|1784764338
|switch|p1a: Vileplume|Vileplume, L50, F|100/100
|turn|3
|
|t:|1784764350
|move|p2b: Blaziken|Rock Slide|p1a: Vileplume|[spread] p1a,p1b
|-supereffective|p1b: Torkoal|1
|-damage|p1a: Vileplume|78/100
|-damage|p1b: Torkoal|30/100
|move|p1a: Vileplume|After You|p1b: Torkoal
|-activate|p1b: Torkoal|move: After You
|move|p1b: Torkoal|Eruption|p2a: Sneasler|[spread] p2a,p2b
|-resisted|p2b: Blaziken|1
|-damage|p2a: Sneasler|0 fnt
|-damage|p2b: Blaziken|0 fnt
|faint|p2a: Sneasler
|faint|p2b: Blaziken
|
|-weather|SunnyDay|[upkeep]
|upkeep
|
|t:|1784764362
|switch|p2a: Toxapex|Toxapex, L50, M|100/100
|switch|p2b: Dragonite|Dragonite, L50, F|100/100
|turn|4
|
|t:|1784764384
|move|p1b: Torkoal|Protect|p1b: Torkoal
|-singleturn|p1b: Torkoal|Protect
|move|p2b: Dragonite|Extreme Speed|p1a: Vileplume
|-damage|p1a: Vileplume|21/100
|-damage|p2b: Dragonite|90/100|[from] item: Life Orb
|move|p1a: Vileplume|Sleep Powder|p2a: Toxapex|[miss]
|-miss|p1a: Vileplume|p2a: Toxapex
|move|p2a: Toxapex|Infestation|p1b: Torkoal
|-activate|p1b: Torkoal|move: Protect
|
|-weather|SunnyDay|[upkeep]
|upkeep
|turn|5
|inactive|Craser13 has 30 seconds left.
|
|t:|1784764413
|move|p2b: Dragonite|Extreme Speed|p1a: Vileplume
|-damage|p1a: Vileplume|0 fnt
|faint|p1a: Vileplume
|-damage|p2b: Dragonite|80/100|[from] item: Life Orb
|move|p2a: Toxapex|Toxic|p1b: Torkoal
|-status|p1b: Torkoal|tox
|move|p1b: Torkoal|Weather Ball|p2b: Dragonite
|-resisted|p2b: Dragonite|1
|-damage|p2b: Dragonite|47/100
|
|-weather|SunnyDay|[upkeep]
|-damage|p1b: Torkoal|24/100 tox|[from] psn
|upkeep
|
|t:|1784764423
|switch|p1a: Floette|Floette-Mega, L50, F|82/100
|-ability|p1a: Floette|Fairy Aura
|turn|6
|
|t:|1784764435
|move|p2b: Dragonite|Protect|p2b: Dragonite
|-singleturn|p2b: Dragonite|Protect
|move|p1a: Floette|Calm Mind|p1a: Floette
|-boost|p1a: Floette|spa|1
|-boost|p1a: Floette|spd|1
|move|p2a: Toxapex|Toxic|p1a: Floette
|-status|p1a: Floette|tox
|move|p1b: Torkoal|Weather Ball|p2a: Toxapex
|-resisted|p2a: Toxapex|1
|-damage|p2a: Toxapex|71/100
|
|-weather|none
|-heal|p2a: Toxapex|77/100|[from] item: Leftovers
|-damage|p1a: Floette|75/100 tox|[from] psn
|-damage|p1b: Torkoal|11/100 tox|[from] psn
|upkeep
|turn|7
|inactive|Craser13 has 30 seconds left.
|
|t:|1784764461
|move|p2b: Dragonite|Extreme Speed|p1a: Floette
|-damage|p1a: Floette|27/100 tox
|-damage|p2b: Dragonite|37/100|[from] item: Life Orb
|move|p1a: Floette|Draining Kiss|p2b: Dragonite
|-supereffective|p2b: Dragonite|1
|-damage|p2b: Dragonite|0 fnt
|-heal|p1a: Floette|58/100 tox|[from] drain|[of] p2b: Dragonite
|faint|p2b: Dragonite
|move|p2a: Toxapex|Infestation|p1a: Floette
|-resisted|p1a: Floette|1
|-damage|p1a: Floette|58/100 tox
|-activate|p1a: Floette|move: Infestation|[of] p2a: Toxapex
|move|p1b: Torkoal|Weather Ball|p2a: Toxapex
|-damage|p2a: Toxapex|64/100
|
|-heal|p2a: Toxapex|70/100|[from] item: Leftovers
|-damage|p1a: Floette|46/100 tox|[from] psn
|-damage|p1b: Torkoal|0 fnt|[from] psn
|faint|p1b: Torkoal
|-damage|p1a: Floette|33/100 tox|[from] move: Infestation|[partiallytrapped]
|upkeep
|turn|8
|
|t:|1784764481
|move|p2a: Toxapex|Baneful Bunker|p2a: Toxapex
|-singleturn|p2a: Toxapex|move: Protect
|move|p1a: Floette|Moonblast|p2a: Toxapex
|-activate|p2a: Toxapex|move: Protect
|
|-heal|p2a: Toxapex|75/100|[from] item: Leftovers
|-damage|p1a: Floette|15/100 tox|[from] psn
|-damage|p1a: Floette|2/100 tox|[from] move: Infestation|[partiallytrapped]
|upkeep
|turn|9
|
|t:|1784764499
|move|p2a: Toxapex|Baneful Bunker||[still]
|-fail|p2a: Toxapex
|move|p1a: Floette|Moonblast|p2a: Toxapex
|-resisted|p2a: Toxapex|1
|-damage|p2a: Toxapex|35/100
|
|-heal|p2a: Toxapex|41/100|[from] item: Leftovers
|-damage|p1a: Floette|0 fnt|[from] psn
|faint|p1a: Floette
|
|win|Craser13
