|j|☆HoldenOntoYou
|j|☆tmjp01
|html|HoldenOntoYoutmjp01    
|uhtml|bestof|Game 1 of a best-of-3
|t:|1782670517
|gametype|doubles
|player|p1|HoldenOntoYou|hiker|1113
|player|p2|tmjp01|170|1241
|gen|9
|tier|[Gen 9 Champions] VGC 2026 Reg M-B (Bo3)
|rated|
|rule|Species Clause: Limit one of each Pokémon
|rule|Item Clause: Limit 1 of each item
|clearpoke
|poke|p1|Bellibolt, L50, M|
|poke|p1|Glimmora, L50, F|
|poke|p1|Incineroar, L50, F|
|poke|p1|Sinistcha, L50|
|poke|p1|Tyranitar, L50, F|
|poke|p1|Garchomp, L50, M|
|poke|p2|Corviknight, L50, F|
|poke|p2|Tyranitar, L50, M|
|poke|p2|Hydreigon, L50, F|
|poke|p2|Froslass, L50, F|
|poke|p2|Garchomp, L50, M|
|poke|p2|Arcanine-Hisui, L50, M|
|teampreview|4
|showteam|p1|Bellibolt||Leftovers|Electromorphosis|Protect,Thunderbolt,Soak,ParabolicCharge|Quiet||M|||50|]Glimmora||Glimmoranite|ToxicDebris|PowerGem,SludgeBomb,EnergyBall,SpikyShield|Modest||F|||50|]Incineroar||ChopleBerry|Intimidate|FakeOut,PartingShot,DarkestLariat,FlareBlitz|Adamant||F|||50|]Sinistcha||CobaBerry|Hospitality|MatchaGotcha,TrickRoom,LifeDew,RagePowder|Bold|||||50|]Tyranitar||Tyranitarite|SandStream|RockSlide,KnockOff,IceBeam,Protect|Jolly||F|||50|]Garchomp||LifeOrb|RoughSkin|Protect,DragonClaw,StompingTantrum,RockSlide|Jolly||M|||50|
|showteam|p2|Corviknight||OccaBerry|MirrorArmor|BraveBird,Protect,IronHead,Tailwind|Adamant||F|||50|]Tyranitar||Tyranitarite|SandStream|Protect,KnockOff,RockSlide,DragonDance|Adamant||M|||50|]Hydreigon||ChoiceScarf|Levitate|DarkPulse,DracoMeteor,EarthPower,FlashCannon|Timid||F|||50|]Froslass||Froslassite|CursedBody|Blizzard,Protect,ShadowBall,WeatherBall|Timid||F|||50|]Garchomp||LifeOrb|RoughSkin|Protect,DragonClaw,RockSlide,Earthquake|Jolly||M|||50|]Arcanine-Hisui||FocusSash|RockHead|Protect,HeadSmash,ExtremeSpeed,FlareBlitz|Adamant||M|||50|
|inactive|Battle timer is ON: inactive players will automatically lose when time's up. (requested by HoldenOntoYou)
|inactive|HoldenOntoYou has 60 seconds left.
|
|t:|1782670575
|teamsize|p1|4
|teamsize|p2|4
|start
|switch|p1a: Incineroar|Incineroar, L50, F|100/100
|switch|p1b: Tyranitar|Tyranitar, L50, F|100/100
|switch|p2a: Corviknight|Corviknight, L50, F|100/100
|switch|p2b: Arcanine|Arcanine-Hisui, L50, M|100/100
|-weather|Sandstorm|[from] ability: Sand Stream|[of] p1b: Tyranitar
|-ability|p1a: Incineroar|Intimidate|boost
|-ability|p2a: Corviknight|Mirror Armor
|-unboost|p1a: Incineroar|atk|1
|-unboost|p2b: Arcanine|atk|1
|turn|1
|
|t:|1782670597
|move|p2b: Arcanine|Protect|p2b: Arcanine
|-singleturn|p2b: Arcanine|Protect
|move|p2a: Corviknight|Protect|p2a: Corviknight
|-singleturn|p2a: Corviknight|Protect
|move|p1a: Incineroar|Fake Out|p2a: Corviknight
|-activate|p2a: Corviknight|move: Protect
|move|p1b: Tyranitar|Rock Slide|p2b: Arcanine|[spread] 
|-activate|p2a: Corviknight|move: Protect
|-activate|p2b: Arcanine|move: Protect
|
|-weather|Sandstorm|[upkeep]
|-damage|p1a: Incineroar|94/100|[from] Sandstorm
|upkeep
|turn|2
|inactive|HoldenOntoYou has 30 seconds left.
|
|t:|1782670623
|detailschange|p1b: Tyranitar|Tyranitar-Mega, L50, F
|-mega|p1b: Tyranitar|Tyranitar|Tyranitarite
|move|p2b: Arcanine|Head Smash|p1a: Incineroar
|-supereffective|p1a: Incineroar|1
|-damage|p1a: Incineroar|0 fnt
|faint|p1a: Incineroar
|move|p1b: Tyranitar|Rock Slide|p2a: Corviknight|[spread] p2a,p2b
|-supereffective|p2b: Arcanine|1
|-damage|p2a: Corviknight|76/100
|-damage|p2b: Arcanine|19/100
|move|p2a: Corviknight|Tailwind|p2a: Corviknight
|-sidestart|p2: tmjp01|move: Tailwind
|
|-weather|Sandstorm|[upkeep]
|upkeep
|
|t:|1782670631
|switch|p1a: Bellibolt|Bellibolt, L50, M|100/100
|turn|3
|
|t:|1782670647
|switch|p1b: Garchomp|Garchomp, L50, M|100/100
|move|p2b: Arcanine|Flare Blitz|p1a: Bellibolt
|-damage|p1a: Bellibolt|63/100
|-start|p1a: Bellibolt|Charge|Flare Blitz|[from] ability: Electromorphosis
|move|p2a: Corviknight|Iron Head|p1b: Garchomp
|-damage|p1b: Garchomp|70/100
|-damage|p2a: Corviknight|64/100|[from] ability: Rough Skin|[of] p1b: Garchomp
|move|p1a: Bellibolt|Parabolic Charge|p2a: Corviknight|[spread] p2a,p2b
|-immune|p1b: Garchomp
|-supereffective|p2a: Corviknight|1
|-damage|p2a: Corviknight|0 fnt
|-heal|p1a: Bellibolt|98/100|[from] drain|[of] p2a: Corviknight
|-damage|p2b: Arcanine|0 fnt
|-heal|p1a: Bellibolt|100/100|[from] drain|[of] p2b: Arcanine
|faint|p2a: Corviknight
|faint|p2b: Arcanine
|-end|p1a: Bellibolt|Charge|[silent]
|
|-weather|Sandstorm|[upkeep]
|-damage|p1a: Bellibolt|94/100|[from] Sandstorm
|-heal|p1a: Bellibolt|100/100|[from] item: Leftovers
|upkeep
|
|t:|1782670658
|switch|p2b: Garchomp|Garchomp, L50, M|100/100
|switch|p2a: Froslass|Froslass, L50, F|100/100
|turn|4
|
|t:|1782670678
|move|p2a: Froslass|Shadow Ball|p1a: Bellibolt
|-damage|p1a: Bellibolt|68/100
|-start|p1a: Bellibolt|Charge|Shadow Ball|[from] ability: Electromorphosis
|move|p2b: Garchomp|Dragon Claw|p1b: Garchomp
|-supereffective|p1b: Garchomp|1
|-damage|p1b: Garchomp|0 fnt
|-damage|p2b: Garchomp|87/100|[from] ability: Rough Skin|[of] p1b: Garchomp
|faint|p1b: Garchomp
|-damage|p2b: Garchomp|78/100|[from] item: Life Orb
|move|p1a: Bellibolt|Thunderbolt|p2a: Froslass
|-damage|p2a: Froslass|0 fnt
|faint|p2a: Froslass
|-end|p1a: Bellibolt|Charge|[silent]
|
|-weather|Sandstorm|[upkeep]
|-damage|p1a: Bellibolt|62/100|[from] Sandstorm
|-heal|p1a: Bellibolt|68/100|[from] item: Leftovers
|upkeep
|
|t:|1782670685
|switch|p1b: Tyranitar|Tyranitar-Mega, L50, F|100/100
|turn|5
|
|t:|1782670691
|move|p2b: Garchomp|Earthquake|p1a: Bellibolt|[spread] p1a,p1b
|-supereffective|p1a: Bellibolt|1
|-supereffective|p1b: Tyranitar|1
|-damage|p1a: Bellibolt|0 fnt
|-damage|p1b: Tyranitar|36/100
|faint|p1a: Bellibolt
|-damage|p2b: Garchomp|68/100|[from] item: Life Orb
|move|p1b: Tyranitar|Ice Beam|p2b: Garchomp
|-supereffective|p2b: Garchomp|2
|-damage|p2b: Garchomp|0 fnt
|faint|p2b: Garchomp
|
|win|HoldenOntoYou
|l|☆HoldenOntoYou
|player|p1|
||HoldenOntoYou is ready for game 2.
||tmjp01 is ready for game 2.
|uhtml|next|Next: Game 2 of 3
