|j|â˜†Noel catavinos
|j|â˜†pokemonalpha.es
|html|Noel catavinospokemonalpha.es    
|uhtml|bestof|Game 2 of a best-of-3
|t:|1783102444
|gametype|doubles
|player|p1|Noel catavinos|will|
|player|p2|pokemonalpha.es|lebanne|
|gen|9
|tier|[Gen 9 Champions] VGC 2026 Reg M-B (Bo3)
|rule|Species Clause: Limit one of each PokÃ©mon
|rule|Item Clause: Limit 1 of each item
|clearpoke
|poke|p1|Metagross, L50|
|poke|p1|Blaziken, L50, M|
|poke|p1|Gyarados, L50, F|
|poke|p1|Sinistcha, L50|
|poke|p1|Incineroar, L50, F|
|poke|p1|Ninetales-Alola, L50, M|
|poke|p2|Sneasler, L50, M|
|poke|p2|Scovillain, L50, F|
|poke|p2|Kingambit, L50, F|
|poke|p2|Toxapex, L50, M|
|poke|p2|Snorlax, L50, F|
|poke|p2|Basculegion, L50, M|
|teampreview|4
|showteam|p1|Metagross||Metagrossite|ClearBody|Protect,IronHead,BodyPress,PsychicFangs|Jolly|||||50|]Blaziken||FocusSash|SpeedBoost|Detect,CloseCombat,Coaching,Overheat|Naive||M|||50|]Gyarados||SitrusBerry|Moxie|Protect,DragonDance,Waterfall,PowerWhip|Adamant||F|||50|]Sinistcha||KasibBerry|Hospitality|LifeDew,MatchaGotcha,RagePowder,TrickRoom|Calm|||||50|]Incineroar||ShucaBerry|Intimidate|FakeOut,FlareBlitz,PartingShot,ThroatChop|Impish||F|||50|]Ninetales-Alola||NeverMeltIce|SnowWarning|Protect,Encore,FreezeDry,Blizzard|Timid||M|||50|
|showteam|p2|Sneasler||WhiteHerb|Unburden|CloseCombat,GunkShot,FakeOut,Protect|Jolly||M|||50|]Scovillain||Scovillainite|Moody|Overheat,RagePowder,LeechSeed,Protect|Calm||F|||50|]Kingambit||ChopleBerry|Defiant|KowtowCleave,SuckerPunch,LowKick,Protect|Adamant||F|||50|]Toxapex||Leftovers|Regenerator|Infestation,WideGuard,Recover,Protect|Bold||M|||50|]Snorlax||SitrusBerry|ThickFat|DoubleEdge,Yawn,Fissure,Protect|Relaxed||F|||50|]Basculegion||ChoiceScarf|Adaptability|WaveCrash,LastRespects,FlipTurn,AquaJet|Jolly||M|||50|
|inactive|Battle timer is ON: inactive players will automatically lose when time's up. (requested by Noel catavinos)
|j| maxibeasm
|j| Prepucio Perez
|j| shishio_ax
|inactive|Noel catavinos has 60 seconds left.
|
|t:|1783102478
|teamsize|p1|4
|teamsize|p2|4
|start
|switch|p1a: Canobbio|Blaziken, L50, M|100/100
|switch|p1b: ChatGPT|Metagross, L50|100/100
|switch|p2a: Scovillain|Scovillain, L50, F|100/100
|switch|p2b: Toxapex|Toxapex, L50, M|100/100
|turn|1
|j| Jmf_vgc_92
|
|t:|1783102491
|detailschange|p2a: Scovillain|Scovillain-Mega, L50, F
|-mega|p2a: Scovillain|Scovillain|Scovillainite
|move|p1b: ChatGPT|Protect|p1b: ChatGPT
|-singleturn|p1b: ChatGPT|Protect
|move|p1a: Canobbio|Coaching|p1b: ChatGPT
|-boost|p1b: ChatGPT|atk|1
|-boost|p1b: ChatGPT|def|1
|move|p2a: Scovillain|Leech Seed|p1b: ChatGPT
|-activate|p1b: ChatGPT|move: Protect
|move|p2b: Toxapex|Infestation|p1b: ChatGPT
|-activate|p1b: ChatGPT|move: Protect
|
|-ability|p1a: Canobbio|Speed Boost|boost
|-boost|p1a: Canobbio|spe|1
|upkeep
|turn|2
|
|t:|1783102509
|detailschange|p1b: ChatGPT|Metagross-Mega, L50
|-mega|p1b: ChatGPT|Metagross|Metagrossite
|move|p2a: Scovillain|Rage Powder|p2a: Scovillain
|-singleturn|p2a: Scovillain|move: Rage Powder
|move|p1a: Canobbio|Coaching|p1b: ChatGPT
|-boost|p1b: ChatGPT|atk|1
|-boost|p1b: ChatGPT|def|1
|move|p1b: ChatGPT|Psychic Fangs|p2a: Scovillain
|-damage|p2a: Scovillain|0 fnt
|-status|p1b: ChatGPT|brn|[from] ability: Spicy Spray|[of] p2a: Scovillain
|faint|p2a: Scovillain
|move|p2b: Toxapex|Infestation|p1b: ChatGPT
|-damage|p1b: ChatGPT|96/100 brn
|-activate|p1b: ChatGPT|move: Infestation|[of] p2b: Toxapex
|
|-damage|p1b: ChatGPT|90/100 brn|[from] brn
|-damage|p1b: ChatGPT|78/100 brn|[from] move: Infestation|[partiallytrapped]
|-ability|p1a: Canobbio|Speed Boost|boost
|-boost|p1a: Canobbio|spe|1
|upkeep
|j| raicune28
|l| shishio_ax
|
|t:|1783102517
|switch|p2a: Basculegion|Basculegion, L50, M|100/100
|turn|3
|j| shishio_ax
|
|t:|1783102535
|switch|p1a: TraslaciÃ³n|Sinistcha, L50|100/100
|-heal|p1b: ChatGPT|100/100 brn|[from] ability: Hospitality|[of] p1a: TraslaciÃ³n
|move|p1b: ChatGPT|Protect|p1b: ChatGPT
|-singleturn|p1b: ChatGPT|Protect
|move|p2a: Basculegion|Flip Turn|p1a: TraslaciÃ³n
|-resisted|p1a: TraslaciÃ³n|1
|-damage|p1a: TraslaciÃ³n|81/100
|
|t:|1783102542
|switch|p2a: Sneasler|Sneasler, L50, M|100/100|[from] Flip Turn
|move|p2b: Toxapex|Infestation|p1a: TraslaciÃ³n
|-damage|p1a: TraslaciÃ³n|78/100
|-activate|p1a: TraslaciÃ³n|move: Infestation|[of] p2b: Toxapex
|
|-damage|p1b: ChatGPT|93/100 brn|[from] brn
|-damage|p1b: ChatGPT|81/100 brn|[from] move: Infestation|[partiallytrapped]
|-damage|p1a: TraslaciÃ³n|66/100|[from] move: Infestation|[partiallytrapped]
|upkeep
|turn|4
|c|â˜†Noel catavinos|Jugar esto mientras escucho hyperpop estÃ¡ siendo raro
|c|â˜†pokemonalpha.es|yo no estoy escuchando nada.
|inactive|pokemonalpha.es has 30 seconds left.
|
|t:|1783102576
|switch|p2b: Basculegion|Basculegion, L50, M|100/100
|move|p2a: Sneasler|Fake Out|p1b: ChatGPT
|-resisted|p1b: ChatGPT|1
|-crit|p1b: ChatGPT
|-damage|p1b: ChatGPT|73/100 brn
|cant|p1b: ChatGPT|flinch
|move|p1a: TraslaciÃ³n|Trick Room|p1a: TraslaciÃ³n
|-fieldstart|move: Trick Room|[of] p1a: TraslaciÃ³n
|
|-damage|p1b: ChatGPT|67/100 brn|[from] brn
|-end|p1a: TraslaciÃ³n|Infestation|[partiallytrapped]|[silent]
|-end|p1b: ChatGPT|Infestation|[partiallytrapped]|[silent]
|upkeep
|turn|5
|
|t:|1783102592
|move|p1a: TraslaciÃ³n|Matcha Gotcha|p2b: Basculegion|[spread] p2a,p2b
|-resisted|p2a: Sneasler|1
|-supereffective|p2b: Basculegion|1
|-damage|p2a: Sneasler|84/100
|-heal|p1a: TraslaciÃ³n|73/100|[from] drain|[of] p2a: Sneasler
|-damage|p2b: Basculegion|40/100
|-heal|p1a: TraslaciÃ³n|100/100|[from] drain|[of] p2b: Basculegion
|move|p1b: ChatGPT|Psychic Fangs|p2b: Basculegion
|-damage|p2b: Basculegion|0 fnt
|faint|p2b: Basculegion
|move|p2a: Sneasler|Gunk Shot|p1a: TraslaciÃ³n
|-damage|p1a: TraslaciÃ³n|38/100
|
|-damage|p1b: ChatGPT|60/100 brn|[from] brn
|upkeep
|
|t:|1783102604
|switch|p2b: Toxapex|Toxapex, L50, M|100/100
|turn|6
|
|t:|1783102611
|move|p2b: Toxapex|Infestation|p1b: ChatGPT
|-crit|p1b: ChatGPT
|-damage|p1b: ChatGPT|56/100 brn
|-activate|p1b: ChatGPT|move: Infestation|[of] p2b: Toxapex
|move|p1a: TraslaciÃ³n|Life Dew|p1a: TraslaciÃ³n|[spread] p1a,p1b
|-heal|p1a: TraslaciÃ³n|63/100
|-heal|p1b: ChatGPT|81/100 brn
|move|p1b: ChatGPT|Psychic Fangs|p2a: Sneasler
|-supereffective|p2a: Sneasler|2
|-damage|p2a: Sneasler|0 fnt
|faint|p2a: Sneasler
|
|-damage|p1b: ChatGPT|75/100 brn|[from] brn
|-damage|p1b: ChatGPT|62/100 brn|[from] move: Infestation|[partiallytrapped]
|upkeep
|turn|7
|
|t:|1783102622
|move|p2b: Toxapex|Infestation|p1a: TraslaciÃ³n
|-damage|p1a: TraslaciÃ³n|60/100
|-activate|p1a: TraslaciÃ³n|move: Infestation|[of] p2b: Toxapex
|move|p1a: TraslaciÃ³n|Life Dew|p1a: TraslaciÃ³n|[spread] p1a,p1b
|-heal|p1a: TraslaciÃ³n|85/100
|-heal|p1b: ChatGPT|87/100 brn
|move|p1b: ChatGPT|Psychic Fangs|p2b: Toxapex
|-supereffective|p2b: Toxapex|1
|-damage|p2b: Toxapex|13/100
|
|-heal|p2b: Toxapex|19/100|[from] item: Leftovers
|-damage|p1b: ChatGPT|81/100 brn|[from] brn
|-damage|p1a: TraslaciÃ³n|73/100|[from] move: Infestation|[partiallytrapped]
|-damage|p1b: ChatGPT|69/100 brn|[from] move: Infestation|[partiallytrapped]
|upkeep
|turn|8
|
|t:|1783102627
|move|p2b: Toxapex|Infestation|p1a: TraslaciÃ³n
|-damage|p1a: TraslaciÃ³n|70/100
|move|p1a: TraslaciÃ³n|Life Dew|p1a: TraslaciÃ³n|[spread] p1a,p1b
|-heal|p1a: TraslaciÃ³n|95/100
|-heal|p1b: ChatGPT|94/100 brn
|move|p1b: ChatGPT|Psychic Fangs|p2b: Toxapex
|-supereffective|p2b: Toxapex|1
|-damage|p2b: Toxapex|0 fnt
|faint|p2b: Toxapex
|
|win|Noel catavinos
||pokemonalpha.es is ready for game 3.
||Noel catavinos is ready for game 3.
|uhtml|next|Next: Game 3 of 3
|l| raicune28
|l|â˜†Noel catavinos
|player|p1|
|l| Jmf_vgc_92
|l| shishio_ax
|l| Prepucio Perez
