|j|☆moli0320
|j|☆vilan333
|html|moli0320vilan333    
|uhtml|bestof|Game 1 of a best-of-3
|t:|1782363326
|gametype|doubles
|player|p1|moli0320|steven|1043
|player|p2|vilan333|marshal|1109
|gen|9
|tier|[Gen 9 Champions] VGC 2026 Reg M-B (Bo3)
|rated|
|rule|Species Clause: Limit one of each Pokémon
|rule|Item Clause: Limit 1 of each item
|clearpoke
|poke|p1|Toxapex, L50, F|
|poke|p1|Hydreigon, L50, F|
|poke|p1|Steelix, L50, F|
|poke|p1|Farigiraf, L50, M|
|poke|p1|Sinistcha, L50|
|poke|p1|Sylveon, L50, M|
|poke|p2|Vileplume, L50, M, shiny|
|poke|p2|Kangaskhan, L50, F|
|poke|p2|Farigiraf, L50, M|
|poke|p2|Torkoal, L50, M|
|poke|p2|Basculegion, L50, M|
|poke|p2|Kommo-o, L50, M|
|teampreview|4
|showteam|p1|Toxapex||Leftovers|Regenerator|Toxic,BanefulBunker,Infestation,Recover|Impish||F|||50|]Hydreigon||ChoiceScarf|Levitate|Flamethrower,EarthPower,DarkPulse,DracoMeteor|Timid||F|||50|]Steelix||Steelixite|Sturdy|BodyPress,IronHead,HighHorsepower,Protect|Relaxed||F|||50|]Farigiraf||SitrusBerry|ArmorTail|TwinBeam,TrickRoom,Thunderbolt,Protect|Relaxed||M|||50|]Sinistcha||KasibBerry|Hospitality|MatchaGotcha,TrickRoom,LifeDew,RagePowder|Calm|||||50|]Sylveon||FairyFeather|Pixilate|Detect,QuickAttack,HyperVoice,HyperBeam|Modest||M|||50|
|showteam|p2|Vileplume||FocusSash|Chlorophyll|SludgeBomb,EnergyBall,SleepPowder,AfterYou|Timid||M|||50|]Kangaskhan||Kangaskhanite|Scrappy|DoubleEdge,FakeOut,LowKick,SuckerPunch|Adamant||F|||50|]Farigiraf||ColburBerry|ArmorTail|HyperVoice,Psychic,Protect,TrickRoom|Quiet||M|||50|]Torkoal||Charcoal|Drought|Eruption,WeatherBall,EarthPower,Protect|Quiet||M|||50|]Basculegion||ChoiceScarf|Adaptability|AquaJet,WaveCrash,LastRespects,FlipTurn|Jolly||M|||50|]Kommo-o||HabanBerry|Overcoat|ClangingScales,AuraSphere,Protect,ClangorousSoul|Modest||M|||50|
|
|t:|1782363377
|teamsize|p1|4
|teamsize|p2|4
|start
|switch|p1a: Toxapex|Toxapex, L50, F|100/100
|switch|p1b: Steelix|Steelix, L50, F|100/100
|switch|p2a: GOAT|Vileplume, L50, M, shiny|100/100
|switch|p2b: Torkoal|Torkoal, L50, M|100/100
|-weather|SunnyDay|[from] ability: Drought|[of] p2b: Torkoal
|turn|1
|
|t:|1782363400
|detailschange|p1b: Steelix|Steelix-Mega, L50, F
|-mega|p1b: Steelix|Steelix|Steelixite
|move|p1a: Toxapex|Baneful Bunker|p1a: Toxapex
|-singleturn|p1a: Toxapex|move: Protect
|move|p2a: GOAT|Sleep Powder|p1a: Toxapex
|-activate|p1a: Toxapex|move: Protect
|move|p1b: Steelix|High Horsepower|p2b: Torkoal
|-supereffective|p2b: Torkoal|1
|-damage|p2b: Torkoal|41/100
|move|p2b: Torkoal|Weather Ball|p1b: Steelix
|-supereffective|p1b: Steelix|1
|-damage|p1b: Steelix|0 fnt
|faint|p1b: Steelix
|
|-weather|SunnyDay|[upkeep]
|upkeep
|
|t:|1782363416
|switch|p1b: Sinistcha|Sinistcha, L50|100/100
|turn|2
|
|t:|1782363429
|move|p1b: Sinistcha|Rage Powder|p1b: Sinistcha
|-singleturn|p1b: Sinistcha|move: Rage Powder
|move|p2a: GOAT|After You|p2b: Torkoal
|-activate|p2b: Torkoal|move: After You
|move|p2b: Torkoal|Weather Ball|p1b: Sinistcha
|-supereffective|p1b: Sinistcha|1
|-damage|p1b: Sinistcha|0 fnt
|faint|p1b: Sinistcha
|move|p1a: Toxapex|Toxic|p2b: Torkoal
|-status|p2b: Torkoal|tox
|
|-weather|SunnyDay|[upkeep]
|-damage|p2b: Torkoal|35/100 tox|[from] psn
|upkeep
|
|t:|1782363445
|switch|p1b: Sylveon|Sylveon, L50, M|100/100
|turn|3
|
|t:|1782363461
|move|p2a: GOAT|Sleep Powder|p1b: Sylveon
|-status|p1b: Sylveon|slp|[from] move: Sleep Powder
|cant|p1b: Sylveon|slp
|move|p1a: Toxapex|Infestation|p2a: GOAT
|-damage|p2a: GOAT|96/100
|-activate|p2a: GOAT|move: Infestation|[of] p1a: Toxapex
|move|p2b: Torkoal|Earth Power|p1a: Toxapex
|-supereffective|p1a: Toxapex|1
|-damage|p1a: Toxapex|55/100
|
|-weather|SunnyDay|[upkeep]
|-heal|p1a: Toxapex|61/100|[from] item: Leftovers
|-damage|p2b: Torkoal|22/100 tox|[from] psn
|-damage|p2a: GOAT|83/100|[from] move: Infestation|[partiallytrapped]
|upkeep
|turn|4
|
|t:|1782363481
|move|p1a: Toxapex|Baneful Bunker|p1a: Toxapex
|-singleturn|p1a: Toxapex|move: Protect
|move|p2a: GOAT|Sludge Bomb|p1b: Sylveon
|-supereffective|p1b: Sylveon|1
|-damage|p1b: Sylveon|42/100 slp
|cant|p1b: Sylveon|slp
|move|p2b: Torkoal|Weather Ball|p1b: Sylveon
|-damage|p1b: Sylveon|0 fnt
|faint|p1b: Sylveon
|
|-weather|SunnyDay|[upkeep]
|-heal|p1a: Toxapex|68/100|[from] item: Leftovers
|-damage|p2b: Torkoal|3/100 tox|[from] psn
|-damage|p2a: GOAT|71/100|[from] move: Infestation|[partiallytrapped]
|upkeep
|turn|5
|
|t:|1782363502
|move|p2a: GOAT|Sleep Powder|p1a: Toxapex
|-status|p1a: Toxapex|slp|[from] move: Sleep Powder
|cant|p1a: Toxapex|slp
|move|p2b: Torkoal|Earth Power|p1a: Toxapex
|-supereffective|p1a: Toxapex|1
|-damage|p1a: Toxapex|29/100 slp
|
|-weather|none
|-heal|p1a: Toxapex|35/100 slp|[from] item: Leftovers
|-damage|p2b: Torkoal|0 fnt|[from] psn
|faint|p2b: Torkoal
|-damage|p2a: GOAT|58/100|[from] move: Infestation|[partiallytrapped]
|upkeep
|-message|moli0320 forfeited.
|
|win|vilan333
|l|☆moli0320
|player|p1|
||moli0320 is ready for game 2.
