|j|☆Kasumiiiii
|j|☆Chelicerate1
|html|KasumiiiiiChelicerate1    
|uhtml|bestof|Game 1 of a best-of-3
|t:|1785469268
|gametype|doubles
|player|p1|Kasumiiiii|170|1118
|player|p2|Chelicerate1|ethan|1393
|gen|9
|tier|[Gen 9 Champions] VGC 2026 Reg M-B (Bo3)
|rated|
|rule|Species Clause: Limit one of each Pokémon
|rule|Item Clause: Limit 1 of each item
|clearpoke
|poke|p1|Sinistcha, L50|
|poke|p1|Dragalge, L50, F|
|poke|p1|Ninetales-Alola, L50, F|
|poke|p1|Rotom-Wash, L50|
|poke|p1|Incineroar, L50, F|
|poke|p1|Kingambit, L50, F|
|poke|p2|Grimmsnarl, L50, M|
|poke|p2|Basculegion, L50, M|
|poke|p2|Charizard, L50, F|
|poke|p2|Pelipper, L50, M|
|poke|p2|Venusaur, L50, M|
|poke|p2|Archaludon, L50, M|
|teampreview|4
|showteam|p1|Sinistcha||OccaBerry|Hospitality|Protect,RagePowder,TrickRoom,MatchaGotcha|Relaxed|||||50|]Dragalge||Dragalgite|Adaptability|Protect,SludgeBomb,DragonPulse,Thunderbolt|Modest||F|||50|]Ninetales-Alola||FocusSash|SnowWarning|Protect,AuroraVeil,FreezeDry,Blizzard|Timid||F|||50|]Rotom-Wash||ChoiceScarf|Levitate|WillOWisp,VoltSwitch,Thunderbolt,HydroPump|Modest|||||50|]Incineroar||SitrusBerry|Intimidate|FakeOut,PartingShot,ThroatChop,FlareBlitz|Impish||F|||50|]Kingambit||BlackGlasses|Defiant|Protect,LowKick,KowtowCleave,SuckerPunch|Adamant||F|||50|
|showteam|p2|Grimmsnarl||LightClay|Prankster|SpiritBreak,PartingShot,Reflect,LightScreen|Sassy||M|||50|]Basculegion||ChoiceScarf|Adaptability|LastRespects,WaveCrash,AquaJet,FlipTurn|Jolly||M|||50|]Charizard||CharizarditeY|Blaze|Protect,HeatWave,WeatherBall,SolarBeam|Modest||F|||50|]Pelipper||SitrusBerry|Drizzle|Hurricane,WeatherBall,Tailwind,WideGuard|Modest||M|||50|]Venusaur||FocusSash|Chlorophyll|SludgeBomb,SleepPowder,EarthPower,Protect|Modest||M|||50|]Archaludon||Leftovers|Stamina|ElectroShot,DragonPulse,FlashCannon,Protect|Calm||M|||50|
|inactive|Battle timer is ON: inactive players will automatically lose when time's up. (requested by Chelicerate1)
|inactive|Kasumiiiii has 60 seconds left.
|inactive|Chelicerate1 has 60 seconds left.
|inactive|Kasumiiiii has 30 seconds left.
|
|t:|1785469335
|teamsize|p1|4
|teamsize|p2|4
|start
|switch|p1a: Incineroar|Incineroar, L50, F|100/100
|switch|p1b: Ninetales|Ninetales-Alola, L50, F|100/100
|switch|p2a: Charizard|Charizard, L50, F|100/100
|switch|p2b: Venusaur|Venusaur, L50, M|100/100
|-weather|Snowscape|[from] ability: Snow Warning|[of] p1b: Ninetales
|-ability|p1a: Incineroar|Intimidate|boost
|-unboost|p2a: Charizard|atk|1
|-unboost|p2b: Venusaur|atk|1
|turn|1
|
|t:|1785469353
|detailschange|p2a: Charizard|Charizard-Mega-Y, L50, F
|-mega|p2a: Charizard|Charizard|Charizardite Y
|-weather|SunnyDay|[from] ability: Drought|[of] p2a: Charizard
|move|p1a: Incineroar|Fake Out|p2a: Charizard
|-damage|p2a: Charizard|89/100
|move|p2b: Venusaur|Sleep Powder|p1b: Ninetales
|-status|p1b: Ninetales|slp|[from] move: Sleep Powder
|cant|p1b: Ninetales|slp
|cant|p2a: Charizard|flinch
|
|-weather|SunnyDay|[upkeep]
|upkeep
|turn|2
|inactive|Kasumiiiii has 30 seconds left.
|
|t:|1785469378
|switch|p1b: Rotom|Rotom-Wash, L50|100/100
|move|p2b: Venusaur|Sleep Powder|p1a: Incineroar|[miss]
|-miss|p2b: Venusaur|p1a: Incineroar
|move|p2a: Charizard|Heat Wave|p1b: Rotom|[spread] p1a,p1b
|-resisted|p1a: Incineroar|1
|-resisted|p1b: Rotom|1
|-damage|p1a: Incineroar|74/100
|-damage|p1b: Rotom|61/100
|move|p1a: Incineroar|Flare Blitz|p2b: Venusaur
|-supereffective|p2b: Venusaur|1
|-enditem|p2b: Venusaur|Focus Sash
|-damage|p2b: Venusaur|1/100
|-damage|p1a: Incineroar|49/100|[from] Recoil
|-enditem|p1a: Incineroar|Sitrus Berry|[eat]
|-heal|p1a: Incineroar|73/100|[from] item: Sitrus Berry
|
|-weather|SunnyDay|[upkeep]
|upkeep
|turn|3
|inactive|Kasumiiiii has 30 seconds left.
|
|t:|1785469404
|switch|p2a: Archaludon|Archaludon, L50, M|100/100
|move|p2b: Venusaur|Protect|p2b: Venusaur
|-singleturn|p2b: Venusaur|Protect
|move|p1b: Rotom|Volt Switch|p2a: Archaludon
|-resisted|p2a: Archaludon|1
|-damage|p2a: Archaludon|84/100
|-ability|p2a: Archaludon|Stamina|boost
|-boost|p2a: Archaludon|def|1
|
|t:|1785469414
|switch|p1b: Dragalge|Dragalge, L50, F|100/100|[from] Volt Switch
|move|p1a: Incineroar|Parting Shot|p2a: Archaludon
|-unboost|p2a: Archaludon|atk|1
|-unboost|p2a: Archaludon|spa|1
|
|t:|1785469424
|switch|p1a: Rotom|Rotom-Wash, L50|61/100|[from] Parting Shot
|
|-weather|SunnyDay|[upkeep]
|-heal|p2a: Archaludon|90/100|[from] item: Leftovers
|upkeep
|turn|4
|
|t:|1785469434
|switch|p2a: Charizard|Charizard-Mega-Y, L50, F|89/100
|detailschange|p1b: Dragalge|Dragalge-Mega, L50, F
|-mega|p1b: Dragalge|Dragalge|Dragalgite
|move|p2b: Venusaur|Sleep Powder|p1a: Rotom
|-status|p1a: Rotom|slp|[from] move: Sleep Powder
|cant|p1a: Rotom|slp
|move|p1b: Dragalge|Dragon Pulse|p2a: Charizard
|-damage|p2a: Charizard|44/100
|
|-weather|SunnyDay|[upkeep]
|upkeep
|turn|5
|
|t:|1785469450
|move|p1b: Dragalge|Protect|p1b: Dragalge
|-singleturn|p1b: Dragalge|Protect
|move|p2b: Venusaur|Sleep Powder|p1b: Dragalge
|-activate|p1b: Dragalge|move: Protect
|-curestatus|p1a: Rotom|slp|[msg]
|move|p1a: Rotom|Volt Switch|p2a: Charizard
|-supereffective|p2a: Charizard|1
|-damage|p2a: Charizard|0 fnt
|faint|p2a: Charizard
|
|t:|1785469460
|switch|p1a: Incineroar|Incineroar, L50, F|73/100|[from] Volt Switch
|-ability|p1a: Incineroar|Intimidate|boost
|-unboost|p2b: Venusaur|atk|1
|
|-weather|none
|upkeep
|
|t:|1785469465
|switch|p2a: Archaludon|Archaludon, L50, M|90/100
|turn|6
|
|t:|1785469472
|move|p2b: Venusaur|Protect|p2b: Venusaur
|-singleturn|p2b: Venusaur|Protect
|move|p2a: Archaludon|Protect|p2a: Archaludon
|-singleturn|p2a: Archaludon|Protect
|move|p1a: Incineroar|Fake Out|p2b: Venusaur
|-activate|p2b: Venusaur|move: Protect
|move|p1b: Dragalge|Dragon Pulse|p2a: Archaludon
|-activate|p2a: Archaludon|move: Protect
|
|-heal|p2a: Archaludon|96/100|[from] item: Leftovers
|upkeep
|turn|7
|inactive|Kasumiiiii has 30 seconds left.
|
|t:|1785469498
|switch|p2b: Pelipper|Pelipper, L50, M|100/100
|-weather|RainDance|[from] ability: Drizzle|[of] p2b: Pelipper
|switch|p1b: Rotom|Rotom-Wash, L50|61/100
|move|p2a: Archaludon|Electro Shot||[still]
|-prepare|p2a: Archaludon|Electro Shot
|-boost|p2a: Archaludon|spa|1
|-anim|p2a: Archaludon|Electro Shot|p1a: Incineroar
|-damage|p1a: Incineroar|33/100
|move|p1a: Incineroar|Flare Blitz|p2b: Pelipper
|-resisted|p2b: Pelipper|1
|-damage|p2b: Pelipper|89/100
|-damage|p1a: Incineroar|30/100|[from] Recoil
|
|-weather|RainDance|[upkeep]
|-heal|p2a: Archaludon|100/100|[from] item: Leftovers
|upkeep
|turn|8
|
|t:|1785469518
|move|p1b: Rotom|Thunderbolt|p2b: Pelipper
|-supereffective|p2b: Pelipper|2
|-damage|p2b: Pelipper|0 fnt
|faint|p2b: Pelipper
|move|p2a: Archaludon|Electro Shot||[still]
|-prepare|p2a: Archaludon|Electro Shot
|-boost|p2a: Archaludon|spa|1
|-anim|p2a: Archaludon|Electro Shot|p1b: Rotom
|-damage|p1b: Rotom|0 fnt
|faint|p1b: Rotom
|move|p1a: Incineroar|Parting Shot|p2a: Archaludon
|-unboost|p2a: Archaludon|atk|1
|-unboost|p2a: Archaludon|spa|1
|
|t:|1785469530
|switch|p1a: Ninetales|Ninetales-Alola, L50, F|100/100 slp|[from] Parting Shot
|-weather|Snowscape|[from] ability: Snow Warning|[of] p1a: Ninetales
|
|-weather|Snowscape|[upkeep]
|upkeep
|
|t:|1785469536
|switch|p1b: Dragalge|Dragalge-Mega, L50, F|100/100
|switch|p2b: Venusaur|Venusaur, L50, M|1/100
|turn|9
|
|t:|1785469553
|switch|p1a: Incineroar|Incineroar, L50, F|30/100
|-ability|p1a: Incineroar|Intimidate|boost
|-unboost|p2a: Archaludon|atk|1
|-unboost|p2b: Venusaur|atk|1
|move|p2b: Venusaur|Sleep Powder|p1b: Dragalge|[miss]
|-miss|p2b: Venusaur|p1b: Dragalge
|move|p2a: Archaludon|Flash Cannon|p1a: Incineroar
|-resisted|p1a: Incineroar|1
|-damage|p1a: Incineroar|12/100
|move|p1b: Dragalge|Sludge Bomb|p2b: Venusaur
|-damage|p2b: Venusaur|0 fnt
|faint|p2b: Venusaur
|
|-weather|Snowscape|[upkeep]
|upkeep
|turn|10
|inactiveoff|Battle timer is now OFF.
|
|t:|1785469569
|move|p2a: Archaludon|Protect|p2a: Archaludon
|-singleturn|p2a: Archaludon|Protect
|move|p1a: Incineroar|Flare Blitz|p2a: Archaludon
|-activate|p2a: Archaludon|move: Protect
|move|p1b: Dragalge|Dragon Pulse|p2a: Archaludon
|-activate|p2a: Archaludon|move: Protect
|
|-weather|Snowscape|[upkeep]
|upkeep
|turn|11
|
|t:|1785469580
|move|p2a: Archaludon|Dragon Pulse|p1b: Dragalge
|-supereffective|p1b: Dragalge|1
|-damage|p1b: Dragalge|19/100
|move|p1a: Incineroar|Flare Blitz|p2a: Archaludon
|-damage|p2a: Archaludon|62/100
|-ability|p2a: Archaludon|Stamina|boost
|-boost|p2a: Archaludon|def|1
|-damage|p1a: Incineroar|1/100|[from] Recoil
|move|p1b: Dragalge|Dragon Pulse|p2a: Archaludon
|-damage|p2a: Archaludon|13/100
|-ability|p2a: Archaludon|Stamina|boost
|-boost|p2a: Archaludon|def|1
|
|-weather|Snowscape|[upkeep]
|-heal|p2a: Archaludon|20/100y|[from] item: Leftovers
|upkeep
|turn|12
|
|t:|1785469597
|move|p1b: Dragalge|Protect|p1b: Dragalge
|-singleturn|p1b: Dragalge|Protect
|move|p2a: Archaludon|Dragon Pulse|p1b: Dragalge
|-activate|p1b: Dragalge|move: Protect
|move|p1a: Incineroar|Flare Blitz|p2a: Archaludon
|-damage|p2a: Archaludon|3/100
|-ability|p2a: Archaludon|Stamina|boost
|-boost|p2a: Archaludon|def|1
|-damage|p1a: Incineroar|0 fnt|[from] Recoil
|faint|p1a: Incineroar
|
|-weather|none
|-heal|p2a: Archaludon|9/100|[from] item: Leftovers
|upkeep
|
|t:|1785469609
|switch|p1a: Ninetales|Ninetales-Alola, L50, F|100/100 slp
|-weather|Snowscape|[from] ability: Snow Warning|[of] p1a: Ninetales
|turn|13
|
|t:|1785469619
|-curestatus|p1a: Ninetales|slp|[msg]
|move|p1a: Ninetales|Blizzard|p2a: Archaludon
|-damage|p2a: Archaludon|0 fnt
|faint|p2a: Archaludon
|
|win|Kasumiiiii
||Chelicerate1 is ready for game 2.
||Kasumiiiii is ready for game 2.
|uhtml|next|Next: Game 2 of 3
|l|☆Chelicerate1
|player|p2|
|j|☆Chelicerate1
|player|p2|Chelicerate1|ethan|
