|j|☆higigig
|j|☆BestBoi9898
|html|higigigBestBoi9898    
|uhtml|bestof|Game 2 of a best-of-3
|t:|1756713288
|gametype|doubles
|player|p1|higigig|sisandbro|1137
|player|p2|BestBoi9898|101|1090
|gen|9
|tier|[Gen 9] VGC 2025 Reg H (Bo3)
|rated|
|rule|Species Clause: Limit one of each Pokémon
|rule|Item Clause: Limit 1 of each item
|clearpoke
|poke|p1|Sneasler, L50, M|
|poke|p1|Gholdengo, L50|
|poke|p1|Amoonguss, L50, F|
|poke|p1|Incineroar, L50, F|
|poke|p1|Ursaluna-Bloodmoon, L50, M|
|poke|p1|Farigiraf, L50, F|
|poke|p2|Tyranitar, L50, M|
|poke|p2|Excadrill, L50, M|
|poke|p2|Amoonguss, L50, F|
|poke|p2|Salamence, L50, F|
|poke|p2|Rotom-Heat, L50|
|poke|p2|Primarina, L50, F|
|teampreview|4
|showteam|p1|Sneasler||ClearAmulet|PoisonTouch|FakeOut,CloseCombat,DireClaw,Protect|||M|||50|,,,,,Water]Gholdengo||MetalCoat|GoodasGold|NastyPlot,MakeItRain,ShadowBall,Protect||||||50|,,,,,Water]Amoonguss||MentalHerb|Regenerator|Spore,RagePowder,PollenPuff,Protect|||F|||50|,,,,,Water]Incineroar||SafetyGoggles|Intimidate|FakeOut,FlareBlitz,KnockOff,PartingShot|||F|||50|,,,,,Ghost]Ursaluna-Bloodmoon||LifeOrb|MindsEye|CalmMind,HyperVoice,EarthPower,BloodMoon|||M|||50|,,,,,Poison]Farigiraf||ThroatSpray|ArmorTail|HyperVoice,Psychic,TrickRoom,Protect|||F|||50|,,,,,Dragon
|showteam|p2|Tyranitar||AssaultVest|SandStream|RockSlide,KnockOff,TeraBlast,LowKick|||M|||50|,,,,,Flying]Excadrill||ClearAmulet|SandRush|Earthquake,IronHead,RockSlide,Protect|||M|||50|,,,,,Ground]Amoonguss||SitrusBerry|Regenerator|RagePowder,PollenPuff,Spore,Protect|||F|||50|,,,,,Water]Salamence||LifeOrb|Intimidate|AirSlash,DracoMeteor,Tailwind,Protect|||F|||50|,,,,,Poison]Rotom-Heat||SafetyGoggles|Levitate|Overheat,Thunderbolt,WillOWisp,Protect||||||50|,,,,,Electric]Primarina||ThroatSpray|LiquidVoice|Moonblast,HyperVoice,Haze,Protect|||F|||50|,,,,,Grass
|inactive|Battle timer is ON: inactive players will automatically lose when time's up. (requested by higigig)
|inactive|higigig has 60 seconds left.
|inactive|BestBoi9898 has 60 seconds left.
|inactive|higigig has 30 seconds left.
|
|t:|1756713351
|teamsize|p1|4
|teamsize|p2|4
|start
|switch|p1a: Incineroar|Incineroar, L50, F|100/100
|switch|p1b: Ursaluna|Ursaluna-Bloodmoon, L50, M|100/100
|switch|p2a: Salamence|Salamence, L50, F|100/100
|switch|p2b: Tyranitar|Tyranitar, L50, M|100/100
|-ability|p2a: Salamence|Intimidate|boost
|-unboost|p1a: Incineroar|atk|1
|-unboost|p1b: Ursaluna|atk|1
|-weather|Sandstorm|[from] ability: Sand Stream|[of] p2b: Tyranitar
|-ability|p1a: Incineroar|Intimidate|boost
|-unboost|p2a: Salamence|atk|1
|-unboost|p2b: Tyranitar|atk|1
|turn|1
|inactive|BestBoi9898 has 30 seconds left.
|
|t:|1756713378
|-terastallize|p1b: Ursaluna|Poison
|move|p1a: Incineroar|Fake Out|p2a: Salamence
|-damage|p2a: Salamence|89/100
|cant|p2a: Salamence|flinch
|move|p2b: Tyranitar|Low Kick|p1b: Ursaluna
|-resisted|p1b: Ursaluna
|-damage|p1b: Ursaluna|91/100
|move|p1b: Ursaluna|Calm Mind|p1b: Ursaluna
|-boost|p1b: Ursaluna|spa|1
|-boost|p1b: Ursaluna|spd|1
|
|-weather|Sandstorm|[upkeep]
|-damage|p2a: Salamence|83/100|[from] Sandstorm
|-damage|p1b: Ursaluna|85/100|[from] Sandstorm
|upkeep
|turn|2
|inactive|higigig has 30 seconds left.
|inactive|higigig has 20 seconds left.
|inactive|higigig has 15 seconds left.
|inactive|higigig has 10 seconds left.
|
|t:|1756713428
|switch|p2b: Excadrill|Excadrill, L50, M|100/100
|move|p2a: Salamence|Air Slash|p1b: Ursaluna
|-damage|p1b: Ursaluna|54/100
|-damage|p2a: Salamence|73/100|[from] item: Life Orb
|cant|p1b: Ursaluna|flinch
|move|p1a: Incineroar|Parting Shot|p2b: Excadrill
|-fail|p2b: Excadrill|unboost|[from] item: Clear Amulet|[of] p2b: Excadrill
|
|-weather|Sandstorm|[upkeep]
|-damage|p2a: Salamence|68/100|[from] Sandstorm
|-damage|p1b: Ursaluna|48/100|[from] Sandstorm
|upkeep
|turn|3
|
|t:|1756713448
|-terastallize|p2b: Excadrill|Ground
|move|p2b: Excadrill|Earthquake|p1b: Ursaluna|[spread] p1a,p1b
|-immune|p2a: Salamence
|-supereffective|p1a: Incineroar
|-supereffective|p1b: Ursaluna
|-damage|p1a: Incineroar|1/100
|-damage|p1b: Ursaluna|0 fnt
|faint|p1b: Ursaluna
|move|p2a: Salamence|Air Slash|p1a: Incineroar
|-damage|p1a: Incineroar|0 fnt
|faint|p1a: Incineroar
|-damage|p2a: Salamence|58/100|[from] item: Life Orb
|
|-weather|Sandstorm|[upkeep]
|-damage|p2a: Salamence|52/100|[from] Sandstorm
|upkeep
|
|t:|1756713457
|switch|p1b: Amoonguss|Amoonguss, L50, F|100/100
|switch|p1a: Sneasler|Sneasler, L50, M|100/100
|turn|4
|
|t:|1756713473
|move|p2b: Excadrill|Protect|p2b: Excadrill
|-singleturn|p2b: Excadrill|Protect
|move|p2a: Salamence|Protect|p2a: Salamence
|-singleturn|p2a: Salamence|Protect
|move|p1a: Sneasler|Fake Out|p2b: Excadrill
|-activate|p2b: Excadrill|move: Protect
|move|p1b: Amoonguss|Spore|p2a: Salamence
|-activate|p2a: Salamence|move: Protect
|
|-weather|Sandstorm|[upkeep]
|-damage|p1a: Sneasler|95/100|[from] Sandstorm
|-damage|p2a: Salamence|46/100|[from] Sandstorm
|-damage|p1b: Amoonguss|95/100|[from] Sandstorm
|upkeep
|turn|5
|
|t:|1756713488
|move|p1a: Sneasler|Protect|p1a: Sneasler
|-singleturn|p1a: Sneasler|Protect
|move|p2b: Excadrill|Earthquake|p1a: Sneasler|[spread] p1b
|-activate|p1a: Sneasler|move: Protect
|-immune|p2a: Salamence
|-damage|p1b: Amoonguss|53/100
|move|p2a: Salamence|Air Slash|p1a: Sneasler
|-activate|p1a: Sneasler|move: Protect
|move|p1b: Amoonguss|Spore|p2b: Excadrill
|-status|p2b: Excadrill|slp|[from] move: Spore
|
|-weather|none
|upkeep
|turn|6
|inactive|higigig has 30 seconds left.
|
|t:|1756713514
|switch|p2b: Rotom|Rotom-Heat, L50|100/100
|move|p1b: Amoonguss|Rage Powder|p1b: Amoonguss
|-singleturn|p1b: Amoonguss|move: Rage Powder
|move|p1a: Sneasler|Dire Claw|p2a: Salamence
|-damage|p2a: Salamence|0 fnt
|faint|p2a: Salamence
|
|upkeep
|
|t:|1756713529
|switch|p2a: Tyranitar|Tyranitar, L50, M|100/100
|-weather|Sandstorm|[from] ability: Sand Stream|[of] p2a: Tyranitar
|turn|7
|
|t:|1756713550
|switch|p2a: Excadrill|Excadrill, L50, M, tera:Ground|100/100 slp
|move|p1b: Amoonguss|Protect|p1b: Amoonguss
|-singleturn|p1b: Amoonguss|Protect
|move|p1a: Sneasler|Close Combat|p2a: Excadrill
|-damage|p2a: Excadrill|13/100 slp
|-unboost|p1a: Sneasler|def|1
|-unboost|p1a: Sneasler|spd|1
|move|p2b: Rotom|Overheat|p1a: Sneasler
|-damage|p1a: Sneasler|0 fnt
|-unboost|p2b: Rotom|spa|2
|faint|p1a: Sneasler
|
|-weather|Sandstorm|[upkeep]
|-damage|p1b: Amoonguss|47/100|[from] Sandstorm
|upkeep
|turn|8
|-message|higigig forfeited.
|
|win|BestBoi9898
