|j|☆PabloZH24
|j|☆Harry Koekenpan
|html|PabloZH24Harry Koekenpan    
|uhtml|bestof|Game 2 of a best-of-3
|t:|1756906891
|gametype|doubles
|player|p1|PabloZH24|266|
|player|p2|Harry Koekenpan|170|
|gen|9
|tier|[Gen 9] VGC 2025 Reg H (Bo3)
|rule|Species Clause: Limit one of each Pokémon
|rule|Item Clause: Limit 1 of each item
|clearpoke
|poke|p1|Archaludon, L50, F|
|poke|p1|Sinistcha, L50|
|poke|p1|Pelipper, L50, F|
|poke|p1|Ursaluna, L50, M|
|poke|p1|Kingambit, L50, M|
|poke|p1|Basculegion, L50, M|
|poke|p2|Dondozo, L50, M|
|poke|p2|Tatsugiri, L50, F|
|poke|p2|Talonflame, L50, F|
|poke|p2|Ursaluna-Bloodmoon, L50, M|
|poke|p2|Sneasler, L50, M|
|poke|p2|Indeedee, L50, M|
|teampreview|4
|showteam|p1|Archaludon||AssaultVest|Stamina|DracoMeteor,ElectroShot,Snarl,BodyPress|||F|||50|,,,,,Bug]Sinistcha||SitrusBerry|Hospitality|MatchaGotcha,RagePowder,LifeDew,Protect||||||50|,,,,,Water]Pelipper||FocusSash|Drizzle|WeatherBall,Protect,Tailwind,Hurricane|||F|||50|,,,,,Ghost]Ursaluna||FlameOrb|Guts|Facade,HeadlongRush,Earthquake,Protect|||M|||50|,,,,,Ghost]Kingambit||BlackGlasses|Defiant|TeraBlast,SuckerPunch,IronHead,SwordsDance|||M|||50|,,,,,Fairy]Basculegion||LifeOrb|SwiftSwim|WaveCrash,LastRespects,AquaJet,Protect|||M|||50|,,,,,Water
|showteam|p2|Dondozo||Leftovers|Unaware|WaveCrash,HeavySlam,OrderUp,Protect|||M|||50|,,,,,Steel]Tatsugiri||ChoiceScarf|Commander|MuddyWater,IcyWind,DragonPulse,DracoMeteor|||F|||50|,,,,,Stellar]Talonflame||CovertCloak|GaleWings|FlareBlitz,Tailwind,Taunt,DualWingbeat|||F|||50|,,,,,Grass]Ursaluna-Bloodmoon||LifeOrb|MindsEye|HyperVoice,BloodMoon,EarthPower,Protect|||M|||50|,,,,,Normal]Sneasler||PsychicSeed|Unburden|DireClaw,ThroatChop,CloseCombat,Protect|||M|||50|,,,,,Dark]Indeedee||FocusSash|PsychicSurge|ExpandingForce,TrickRoom,Imprison,HelpingHand|||M|||50|,,,,,Psychic
|inactive|Battle timer is ON: inactive players will automatically lose when time's up. (requested by Harry Koekenpan)
|inactive|PabloZH24 has 60 seconds left.
|
|t:|1756906955
|teamsize|p1|4
|teamsize|p2|4
|start
|switch|p1a: Basculegion|Basculegion, L50, M|100/100
|switch|p1b: Pelipper|Pelipper, L50, F|100/100
|switch|p2a: Sneasler|Sneasler, L50, M|100/100
|switch|p2b: Indeedee|Indeedee, L50, M|100/100
|-fieldstart|move: Psychic Terrain|[from] ability: Psychic Surge|[of] p2b: Indeedee
|-enditem|p2a: Sneasler|Psychic Seed
|-boost|p2a: Sneasler|spd|1|[from] item: Psychic Seed
|-weather|RainDance|[from] ability: Drizzle|[of] p1b: Pelipper
|turn|1
|inactive|PabloZH24 has 30 seconds left.
|inactive|PabloZH24 has 20 seconds left.
|inactive|PabloZH24 has 15 seconds left.
|inactive|PabloZH24 has 10 seconds left.
|inactive|PabloZH24 has 5 seconds left.
|
|t:|1756907006
|move|p2a: Sneasler|Dire Claw|p1a: Basculegion
|-resisted|p1a: Basculegion
|-damage|p1a: Basculegion|75/100
|-status|p1a: Basculegion|par
|move|p2b: Indeedee|Expanding Force|p1b: Pelipper|[spread] p1a,p1b
|-damage|p1a: Basculegion|13/100 par
|-damage|p1b: Pelipper|19/100
|move|p1a: Basculegion|Wave Crash|p2b: Indeedee
|-enditem|p2b: Indeedee|Focus Sash
|-damage|p2b: Indeedee|1/100
|-damage|p1a: Basculegion|0 fnt|[from] Recoil
|faint|p1a: Basculegion
|move|p1b: Pelipper|Hurricane|p2a: Sneasler
|-supereffective|p2a: Sneasler
|-damage|p2a: Sneasler|11/100
|-start|p2a: Sneasler|confusion
|
|-weather|RainDance|[upkeep]
|upkeep
|
|t:|1756907025
|switch|p1a: Archaludon|Archaludon, L50, F|100/100
|turn|2
|
|t:|1756907050
|-terastallize|p1a: Archaludon|Bug
|move|p1b: Pelipper|Protect|p1b: Pelipper
|-singleturn|p1b: Pelipper|Protect
|-activate|p2a: Sneasler|confusion
|move|p2a: Sneasler|Close Combat|p1a: Archaludon
|-resisted|p1a: Archaludon
|-damage|p1a: Archaludon|78/100
|-unboost|p2a: Sneasler|def|1
|-unboost|p2a: Sneasler|spd|1
|-ability|p1a: Archaludon|Stamina|boost
|-boost|p1a: Archaludon|def|1
|move|p2b: Indeedee|Expanding Force|p1a: Archaludon|[spread] p1a
|-activate|p1b: Pelipper|move: Protect
|-damage|p1a: Archaludon|40/100
|-ability|p1a: Archaludon|Stamina|boost
|-boost|p1a: Archaludon|def|1
|move|p1a: Archaludon|Snarl|p2a: Sneasler|[spread] p2a,p2b
|-resisted|p2a: Sneasler
|-supereffective|p2b: Indeedee
|-damage|p2a: Sneasler|1/100
|-damage|p2b: Indeedee|0 fnt
|-unboost|p2a: Sneasler|spa|1
|faint|p2b: Indeedee
|
|-weather|RainDance|[upkeep]
|upkeep
|
|t:|1756907068
|switch|p2b: Dondozo|Dondozo, L50, M|100/100
|turn|3
|inactive|PabloZH24 has 30 seconds left.
|inactive|PabloZH24 has 20 seconds left.
|inactive|PabloZH24 has 15 seconds left.
|
|t:|1756907115
|switch|p2a: Tatsugiri|Tatsugiri, L50, F|100/100
|-activate|p2a: Tatsugiri|ability: Commander|[of] p2b: Dondozo
|-boost|p2b: Dondozo|atk|2
|-boost|p2b: Dondozo|spa|2
|-boost|p2b: Dondozo|spe|2
|-boost|p2b: Dondozo|def|2
|-boost|p2b: Dondozo|spd|2
|-terastallize|p2b: Dondozo|Steel
|move|p2b: Dondozo|Order Up|p1b: Pelipper
|-crit|p1b: Pelipper
|-damage|p1b: Pelipper|0 fnt
|faint|p1b: Pelipper
|-boost|p2b: Dondozo|atk|1
|move|p1a: Archaludon|Body Press|p2b: Dondozo
|-supereffective|p2b: Dondozo
|-damage|p2b: Dondozo|83/100
|
|-weather|RainDance|[upkeep]
|-heal|p2b: Dondozo|89/100|[from] item: Leftovers
|upkeep
|
|t:|1756907131
|switch|p1b: Ursaluna|Ursaluna, L50, M|100/100
|turn|4
|
|t:|1756907155
|move|p1b: Ursaluna|Protect|p1b: Ursaluna
|-singleturn|p1b: Ursaluna|Protect
|move|p2b: Dondozo|Order Up|p1a: Archaludon
|-damage|p1a: Archaludon|0 fnt
|faint|p1a: Archaludon
|-boost|p2b: Dondozo|atk|1
|
|-weather|RainDance|[upkeep]
|-heal|p2b: Dondozo|95/100|[from] item: Leftovers
|-status|p1b: Ursaluna|brn|[from] item: Flame Orb
|upkeep
|turn|5
|
|t:|1756907166
|move|p2b: Dondozo|Wave Crash|p1b: Ursaluna
|-supereffective|p1b: Ursaluna
|-crit|p1b: Ursaluna
|-damage|p1b: Ursaluna|0 fnt
|faint|p1b: Ursaluna
|-damage|p2b: Dondozo|61/100|[from] Recoil
|
|win|Harry Koekenpan
|c|☆Harry Koekenpan|ggs
