|j|☆play w ur favs
|j|☆sogreenitslime
|html|play w ur favssogreenitslime    
|uhtml|bestof|Game 3 of a best-of-3
|t:|1782653274
|gametype|doubles
|player|p1|play w ur favs|cheryl|1183
|player|p2|sogreenitslime|pokemaniac|1108
|gen|9
|tier|[Gen 9 Champions] VGC 2026 Reg M-B (Bo3)
|rated|
|rule|Species Clause: Limit one of each Pokémon
|rule|Item Clause: Limit 1 of each item
|clearpoke
|poke|p1|Metagross, L50, shiny|
|poke|p1|Staraptor, L50, M|
|poke|p1|Tyranitar, L50, F|
|poke|p1|Excadrill, L50, F|
|poke|p1|Serperior, L50, F|
|poke|p1|Chandelure, L50, M|
|poke|p2|Aerodactyl, L50, M|
|poke|p2|Rotom-Wash, L50|
|poke|p2|Sceptile, L50, M|
|poke|p2|Kingambit, L50, F|
|poke|p2|Sneasler, L50, M|
|poke|p2|Incineroar, L50, F|
|teampreview|4
|showteam|p1|Metagross||Metagrossite|ClearBody|PsychicFangs,BulletPunch,MeteorMash,Protect|Jolly|||||50|]Staraptor||Staraptite|Intimidate|CloseCombat,BraveBird,Facade,Protect|Jolly||M|||50|]Tyranitar||ChopleBerry|SandStream|KnockOff,RockSlide,Taunt,Protect|Adamant||F|||50|]Excadrill||LifeOrb|SandRush|HighHorsepower,IronHead,Earthquake,Protect|Adamant||F|||50|]Serperior||MiracleSeed|Contrary|LeafStorm,ScaryFace,Protect,DragonPulse|Timid||F|||50|]Chandelure||ChoiceScarf|FlashFire|HeatWave,ShadowBall,EnergyBall,DarkPulse|Timid||M|||50|
|showteam|p2|Aerodactyl||Aerodactylite|Unnerve|Tailwind,RockSlide,DualWingbeat,Protect|Jolly||M|||50|]Rotom-Wash||ChoiceScarf|Levitate|VoltSwitch,Discharge,Electroweb,HydroPump|Timid|||||50|]Sceptile||Sceptilite|Overgrow|EnergyBall,EarthPower,DragonPulse,Protect|Timid||M|||50|]Kingambit||ChopleBerry|Defiant|KowtowCleave,SuckerPunch,IronHead,Protect|Adamant||F|||50|]Sneasler||WhiteHerb|Unburden|DireClaw,CloseCombat,FakeOut,Protect|Jolly||M|||50|]Incineroar||SitrusBerry|Intimidate|WillOWisp,FlareBlitz,PartingShot,FakeOut|Careful||F|||50|
|
|t:|1782653315
|teamsize|p1|4
|teamsize|p2|4
|start
|switch|p1a: Tyranitar|Tyranitar, L50, F|100/100
|switch|p1b: Excadrill|Excadrill, L50, F|100/100
|switch|p2a: Sceptile|Sceptile, L50, M|100/100
|switch|p2b: Rotom|Rotom-Wash, L50|100/100
|-weather|Sandstorm|[from] ability: Sand Stream|[of] p1a: Tyranitar
|turn|1
|
|t:|1782653353
|detailschange|p2a: Sceptile|Sceptile-Mega, L50, M
|-mega|p2a: Sceptile|Sceptile|Sceptilite
|move|p1b: Excadrill|Protect|p1b: Excadrill
|-singleturn|p1b: Excadrill|Protect
|move|p2b: Rotom|Discharge|p1a: Tyranitar|[spread] p1a
|-activate|p1b: Excadrill|move: Protect
|-ability|p2a: Sceptile|Lightning Rod|boost
|-boost|p2a: Sceptile|spa|1
|-damage|p1a: Tyranitar|84/100
|move|p2a: Sceptile|Energy Ball|p1a: Tyranitar
|-supereffective|p1a: Tyranitar|1
|-damage|p1a: Tyranitar|0 fnt
|faint|p1a: Tyranitar
|
|-weather|Sandstorm|[upkeep]
|-damage|p2b: Rotom|94/100|[from] Sandstorm
|-damage|p2a: Sceptile|93/100|[from] Sandstorm
|upkeep
|
|t:|1782653366
|switch|p1a: Chandelure|Chandelure, L50, M|100/100
|turn|2
|
|t:|1782653375
|switch|p1a: Metagross|Metagross, L50, shiny|100/100
|move|p1b: Excadrill|Iron Head|p2a: Sceptile
|-damage|p2a: Sceptile|0 fnt
|faint|p2a: Sceptile
|-damage|p1b: Excadrill|90/100|[from] item: Life Orb
|move|p2b: Rotom|Discharge|p1a: Metagross|[spread] p1a
|-immune|p1b: Excadrill
|-damage|p1a: Metagross|66/100
|-status|p1a: Metagross|par
|
|-weather|Sandstorm|[upkeep]
|-damage|p2b: Rotom|88/100|[from] Sandstorm
|upkeep
|
|t:|1782653390
|switch|p2a: Incineroar|Incineroar, L50, F|100/100
|-ability|p2a: Incineroar|Intimidate|boost
|-fail|p1a: Metagross|unboost|[from] ability: Clear Body|[of] p1a: Metagross
|-unboost|p1b: Excadrill|atk|1
|turn|3
|
|t:|1782653417
|switch|p1b: Chandelure|Chandelure, L50, M|100/100
|switch|p2b: Sneasler|Sneasler, L50, M|100/100
|detailschange|p1a: Metagross|Metagross-Mega, L50, shiny
|-mega|p1a: Metagross|Metagross|Metagrossite
|move|p2a: Incineroar|Fake Out|p1b: Chandelure
|-immune|p1b: Chandelure
|move|p1a: Metagross|Psychic Fangs|p2b: Sneasler
|-supereffective|p2b: Sneasler|2
|-damage|p2b: Sneasler|0 fnt
|faint|p2b: Sneasler
|
|-weather|Sandstorm|[upkeep]
|-damage|p1b: Chandelure|94/100|[from] Sandstorm
|-damage|p2a: Incineroar|94/100|[from] Sandstorm
|upkeep
|
|t:|1782653430
|switch|p2b: Rotom|Rotom-Wash, L50|88/100
|turn|4
|
|t:|1782653472
|move|p1a: Metagross|Protect|p1a: Metagross
|-singleturn|p1a: Metagross|Protect
|move|p2b: Rotom|Hydro Pump|p1b: Chandelure
|-supereffective|p1b: Chandelure|1
|-damage|p1b: Chandelure|0 fnt
|faint|p1b: Chandelure
|move|p2a: Incineroar|Flare Blitz|p1a: Metagross
|-activate|p1a: Metagross|move: Protect
|
|-weather|Sandstorm|[upkeep]
|-damage|p2b: Rotom|83/100|[from] Sandstorm
|-damage|p2a: Incineroar|88/100|[from] Sandstorm
|upkeep
|
|t:|1782653476
|switch|p1b: Excadrill|Excadrill, L50, F|90/100
|turn|5
|
|t:|1782653490
|move|p1b: Excadrill|High Horsepower|p2a: Incineroar
|-supereffective|p2a: Incineroar|1
|-damage|p2a: Incineroar|0 fnt
|faint|p2a: Incineroar
|-damage|p1b: Excadrill|80/100|[from] item: Life Orb
|move|p2b: Rotom|Hydro Pump|p1b: Excadrill
|-supereffective|p1b: Excadrill|1
|-damage|p1b: Excadrill|0 fnt
|faint|p1b: Excadrill
|move|p1a: Metagross|Psychic Fangs|p2b: Rotom
|-damage|p2b: Rotom|5/100
|
|-weather|none
|upkeep
|turn|6
|
|t:|1782653502
|move|p1a: Metagross|Bullet Punch|p2b: Rotom
|-resisted|p2b: Rotom|2
|-crit|p2b: Rotom
|-damage|p2b: Rotom|0 fnt
|faint|p2b: Rotom
|
|win|play w ur favs
|raw|play w ur favs's rating: 1183 → 1203(+20 for winning)
|raw|sogreenitslime's rating: 1108 → 1088(-20 for losing)
