|j|☆1OO% Jesus
|j|☆Playmaker45
|html|1OO% JesusPlaymaker45    
|uhtml|bestof|Game 1 of a best-of-3
|t:|1782316577
|gametype|doubles
|player|p1|1OO% Jesus|lillie-z|1115
|player|p2|Playmaker45|170|1040
|gen|9
|tier|[Gen 9 Champions] VGC 2026 Reg M-B (Bo3)
|rated|
|rule|Species Clause: Limit one of each Pokémon
|rule|Item Clause: Limit 1 of each item
|clearpoke
|poke|p1|Charizard, L50, F|
|poke|p1|Whimsicott, L50, M|
|poke|p1|Garchomp, L50, F|
|poke|p1|Basculegion, L50, M|
|poke|p1|Kingambit, L50, F|
|poke|p1|Floette-Eternal, L50, F|
|poke|p2|Aerodactyl, L50, M|
|poke|p2|Garchomp, L50, F|
|poke|p2|Kingambit, L50, M|
|poke|p2|Charizard, L50, F|
|poke|p2|Sylveon, L50, M|
|poke|p2|Whimsicott, L50, M|
|teampreview|4
|showteam|p1|Charizard||CharizarditeY|Blaze|HeatWave,WeatherBall,SolarBeam,Protect|Modest||F|||50|]Whimsicott||FocusSash|Prankster|Moonblast,Tailwind,Encore,Protect|Timid||M|||50|]Garchomp||LifeOrb|RoughSkin|Earthquake,DragonClaw,RockSlide,Protect|Jolly||F|||50|]Basculegion||MysticWater|Adaptability|WaveCrash,LastRespects,AquaJet,Protect|Adamant||M|||50|]Kingambit||ChopleBerry|Defiant|KowtowCleave,SuckerPunch,IronHead,LowKick|Adamant||F|||50|]Floette-Eternal||Floettite|FlowerVeil|DazzlingGleam,Moonblast,LightofRuin,Protect|Timid||F|||50|
|showteam|p2|Aerodactyl||Aerodactylite|RockHead|Protect,Tailwind,DualWingbeat,RockSlide|Jolly||M|||50|]Garchomp||LifeOrb|RoughSkin|DragonClaw,Earthquake,Protect,RockSlide|Jolly||F|||50|]Kingambit||ChopleBerry|Defiant|KowtowCleave,IronHead,SuckerPunch,Protect|Adamant||M|||50|]Charizard||CharizarditeY|Blaze|HeatWave,Protect,WeatherBall,SolarBeam|Modest||F|||50|]Sylveon||FairyFeather|Pixilate|QuickAttack,HyperVoice,Detect,HyperBeam|Modest||M|||50|]Whimsicott||FocusSash|Prankster|EnergyBall,Moonblast,Endeavor,Tailwind|Timid||M|||50|
|
|t:|1782316622
|teamsize|p1|4
|teamsize|p2|4
|start
|switch|p1a: Whimsicott|Whimsicott, L50, M|100/100
|switch|p1b: Garchomp|Garchomp, L50, F|100/100
|switch|p2a: Whimsicott|Whimsicott, L50, M|100/100
|switch|p2b: Aerodactyl|Aerodactyl, L50, M|100/100
|turn|1
|inactive|Battle timer is ON: inactive players will automatically lose when time's up. (requested by 1OO% Jesus)
|
|t:|1782316637
|detailschange|p2b: Aerodactyl|Aerodactyl-Mega, L50, M
|-mega|p2b: Aerodactyl|Aerodactyl|Aerodactylite
|move|p2a: Whimsicott|Tailwind|p2a: Whimsicott
|-sidestart|p2: Playmaker45|move: Tailwind
|move|p1a: Whimsicott|Tailwind|p1a: Whimsicott
|-sidestart|p1: 1OO% Jesus|move: Tailwind
|move|p2b: Aerodactyl|Dual Wingbeat|p1a: Whimsicott
|-supereffective|p1a: Whimsicott|1
|-damage|p1a: Whimsicott|11/100
|-supereffective|p1a: Whimsicott|1
|-damage|p1a: Whimsicott|0 fnt
|faint|p1a: Whimsicott
|-hitcount|p1: Whimsicott|2
|move|p1b: Garchomp|Rock Slide|p2a: Whimsicott|[spread] p2a,p2b
|-supereffective|p2b: Aerodactyl|1
|-damage|p2a: Whimsicott|64/100
|-damage|p2b: Aerodactyl|40/100
|-damage|p1b: Garchomp|90/100|[from] item: Life Orb
|
|upkeep
|inactive|1OO% Jesus has 30 seconds left.
|
|t:|1782316670
|switch|p1a: Floette|Floette-Eternal, L50, F|100/100
|turn|2
|
|t:|1782316685
|detailschange|p1a: Floette|Floette-Mega, L50, F
|-mega|p1a: Floette|Floette|Floettite
|-ability|p1a: Floette|Fairy Aura
|move|p1b: Garchomp|Protect|p1b: Garchomp
|-singleturn|p1b: Garchomp|Protect
|move|p2b: Aerodactyl|Rock Slide|p1b: Garchomp|[spread] p1a
|-activate|p1b: Garchomp|move: Protect
|-damage|p1a: Floette|63/100
|move|p2a: Whimsicott|Moonblast|p1b: Garchomp
|-activate|p1b: Garchomp|move: Protect
|cant|p1a: Floette|flinch
|
|upkeep
|turn|3
|
|t:|1782316709
|switch|p1b: Kingambit|Kingambit, L50, F|100/100
|move|p2b: Aerodactyl|Dual Wingbeat|p1a: Floette
|-damage|p1a: Floette|27/100
|-damage|p1a: Floette|0 fnt
|faint|p1a: Floette
|-hitcount|p1: Floette|2
|move|p2a: Whimsicott|Moonblast|p1b: Kingambit
|-damage|p1b: Kingambit|66/100
|
|upkeep
|
|t:|1782316716
|switch|p1a: Garchomp|Garchomp, L50, F|90/100
|turn|4
|inactive|1OO% Jesus has 30 seconds left.
|
|t:|1782316742
|move|p1b: Kingambit|Sucker Punch|p2b: Aerodactyl
|-damage|p2b: Aerodactyl|0 fnt
|faint|p2b: Aerodactyl
|move|p2a: Whimsicott|Moonblast|p1a: Garchomp
|-supereffective|p1a: Garchomp|1
|-damage|p1a: Garchomp|19/100
|move|p1a: Garchomp|Rock Slide|p2a: Whimsicott
|-damage|p2a: Whimsicott|13/100
|-damage|p1a: Garchomp|10/100|[from] item: Life Orb
|
|-sideend|p2: Playmaker45|move: Tailwind
|-sideend|p1: 1OO% Jesus|move: Tailwind
|upkeep
|
|t:|1782316754
|switch|p2b: Sylveon|Sylveon, L50, M|100/100
|turn|5
|
|t:|1782316759
|move|p1a: Garchomp|Protect|p1a: Garchomp
|-singleturn|p1a: Garchomp|Protect
|move|p2a: Whimsicott|Tailwind|p2a: Whimsicott
|-sidestart|p2: Playmaker45|move: Tailwind
|move|p2b: Sylveon|Hyper Voice|p1a: Garchomp|[spread] p1b
|-activate|p1a: Garchomp|move: Protect
|-damage|p1b: Kingambit|19/100
|move|p1b: Kingambit|Iron Head|p2b: Sylveon
|-supereffective|p2b: Sylveon|1
|-damage|p2b: Sylveon|0 fnt
|faint|p2b: Sylveon
|
|upkeep
|
|t:|1782316770
|switch|p2b: Kingambit|Kingambit, L50, M|100/100
|turn|6
|
|t:|1782316787
|move|p2a: Whimsicott|Energy Ball|p1a: Garchomp
|-damage|p1a: Garchomp|0 fnt
|faint|p1a: Garchomp
|move|p2b: Kingambit|Kowtow Cleave|p1b: Kingambit
|-resisted|p1b: Kingambit|1
|-damage|p1b: Kingambit|0 fnt
|faint|p1b: Kingambit
|
|win|Playmaker45
|l|☆Playmaker45
|player|p2|
|inactive|1OO% Jesus has 30 seconds to confirm battle start!
|inactive|Playmaker45 has 30 seconds to confirm battle start!
|inactive|1OO% Jesus has 20 seconds to confirm battle start!
|inactive|Playmaker45 has 20 seconds to confirm battle start!
|raw|1OO% Jesus's rating: 1115 → 1135(+20 for winning)
|raw|Playmaker45's rating: 1040 → 1027(-13 for losing)
