|j|☆Tangermon
|j|☆luckycricket0326
|html|Tangermonluckycricket0326    
|uhtml|bestof|Game 3 of a best-of-3
|t:|1785162955
|gametype|doubles
|player|p1|Tangermon|hilbert-wonderlauncher|1131
|player|p2|luckycricket0326|169|1045
|gen|9
|tier|[Gen 9 Champions] VGC 2026 Reg M-B (Bo3)
|rated|
|rule|Species Clause: Limit one of each Pokémon
|rule|Item Clause: Limit 1 of each item
|clearpoke
|poke|p1|Mr. Rime, L50, F|
|poke|p1|Floette-Eternal, L50, F|
|poke|p1|Raichu, L50, F|
|poke|p1|Incineroar, L50, F|
|poke|p1|Ceruledge, L50, F|
|poke|p1|Sinistcha, L50|
|poke|p2|Vivillon-High Plains, L50, M|
|poke|p2|Raichu, L50, M|
|poke|p2|Farigiraf, L50, F|
|poke|p2|Vanilluxe, L50, M|
|poke|p2|Garchomp, L50, M|
|poke|p2|Camerupt, L50, F|
|teampreview|4
|showteam|p1|Mr. Rime||FocusSash|ScreenCleaner|FreezeDry,Protect,SheerCold,RolePlay|Timid||F|||50|]Floette-Eternal||Floettite|FlowerVeil|DrainingKiss,DazzlingGleam,CalmMind,Protect|Timid||F|||50|]Raichu||RaichuniteY|LightningRod|FakeOut,ZapCannon,FocusBlast,Protect|Jolly||F|||50|]Incineroar||SitrusBerry|Intimidate|FakeOut,FlareBlitz,PartingShot,DarkestLariat|Impish||F|||50|]Ceruledge||ColburBerry|FlashFire|BitterBlade,ShadowSneak,Protect,BulkUp|Adamant||F|||50|]Sinistcha||KasibBerry|Hospitality|MatchaGotcha,RagePowder,TrickRoom,Protect|Bold|||||50|
|showteam|p2|Vivillon-High Plains||FocusSash|CompoundEyes|SleepPowder,Hurricane,RagePowder,Protect|Timid||M|||50|]Raichu||RaichuniteY|LightningRod|ZapCannon,FocusBlast,FakeOut,Protect|Timid||M|||50|]Farigiraf||ColburBerry|ArmorTail|PsychicFangs,Thunderbolt,TrickRoom,HelpingHand|Bold||F|||50|]Vanilluxe||NeverMeltIce|SnowWarning|Blizzard,FreezeDry,Protect,IceShard|Quiet||M|||50|]Garchomp||LifeOrb|RoughSkin|DragonClaw,Earthquake,RockSlide,Protect|Jolly||M|||50|]Camerupt||Cameruptite|SolidRock|HeatWave,EarthPower,Protect,AncientPower|Quiet||F|||50|
|inactive|Battle timer is ON: inactive players will automatically lose when time's up. (requested by Tangermon)
|
|t:|1785162974
|teamsize|p1|4
|teamsize|p2|4
|start
|switch|p1a: Floette|Floette-Eternal, L50, F|100/100
|switch|p1b: Incineroar|Incineroar, L50, F|100/100
|switch|p2a: Raichu|Raichu, L50, M|100/100
|switch|p2b: Vivillon|Vivillon-High Plains, L50, M|100/100
|-ability|p1b: Incineroar|Intimidate|boost
|-unboost|p2a: Raichu|atk|1
|-unboost|p2b: Vivillon|atk|1
|turn|1
|inactive|Tangermon has 30 seconds left.
|
|t:|1785163002
|switch|p1b: Sinistcha|Sinistcha, L50|100/100
|detailschange|p2a: Raichu|Raichu-Mega-Y, L50, M
|-mega|p2a: Raichu|Raichu|Raichunite Y
|detailschange|p1a: Floette|Floette-Mega, L50, F
|-mega|p1a: Floette|Floette|Floettite
|-ability|p1a: Floette|Fairy Aura
|move|p2a: Raichu|Fake Out|p1b: Sinistcha
|-immune|p1b: Sinistcha
|move|p1a: Floette|Calm Mind|p1a: Floette
|-boost|p1a: Floette|spa|1
|-boost|p1a: Floette|spd|1
|move|p2b: Vivillon|Sleep Powder|p1a: Floette
|-status|p1a: Floette|slp|[from] move: Sleep Powder
|
|upkeep
|turn|2
|
|t:|1785163025
|move|p1b: Sinistcha|Protect|p1b: Sinistcha
|-singleturn|p1b: Sinistcha|Protect
|move|p2a: Raichu|Zap Cannon|p1a: Floette
|-damage|p1a: Floette|64/100 slp
|cant|p1a: Floette|slp
|move|p2b: Vivillon|Hurricane|p1b: Sinistcha
|-activate|p1b: Sinistcha|move: Protect
|
|upkeep
|turn|3
|
|t:|1785163042
|switch|p1b: Incineroar|Incineroar, L50, F|100/100
|-ability|p1b: Incineroar|Intimidate|boost
|-unboost|p2a: Raichu|atk|1
|-unboost|p2b: Vivillon|atk|1
|move|p2a: Raichu|Zap Cannon|p1a: Floette
|-damage|p1a: Floette|29/100 slp
|cant|p1a: Floette|slp
|move|p2b: Vivillon|Hurricane|p1a: Floette
|-damage|p1a: Floette|11/100 slp
|
|upkeep
|turn|4
|
|t:|1785163059
|switch|p2b: Farigiraf|Farigiraf, L50, F|100/100
|switch|p1b: Sinistcha|Sinistcha, L50|100/100
|-heal|p1a: Floette|36/100 slp|[from] ability: Hospitality|[of] p1b: Sinistcha
|move|p2a: Raichu|Zap Cannon|p1a: Floette
|-damage|p1a: Floette|0 fnt
|faint|p1a: Floette
|
|upkeep
|
|t:|1785163070
|switch|p1a: Ceruledge|Ceruledge, L50, F|100/100
|turn|5
|
|t:|1785163091
|switch|p2b: Garchomp|Garchomp, L50, M|100/100
|move|p1b: Sinistcha|Protect|p1b: Sinistcha
|-singleturn|p1b: Sinistcha|Protect
|move|p2a: Raichu|Zap Cannon|p1a: Ceruledge
|-damage|p1a: Ceruledge|28/100
|-status|p1a: Ceruledge|par
|move|p1a: Ceruledge|Bulk Up|p1a: Ceruledge
|-boost|p1a: Ceruledge|atk|1
|-boost|p1a: Ceruledge|def|1
|
|upkeep
|turn|6
|
|t:|1785163105
|move|p2a: Raichu|Protect|p2a: Raichu
|-singleturn|p2a: Raichu|Protect
|move|p1b: Sinistcha|Rage Powder|p1b: Sinistcha
|-singleturn|p1b: Sinistcha|move: Rage Powder
|move|p2b: Garchomp|Earthquake|p1a: Ceruledge|[spread] p1a,p1b
|-activate|p2a: Raichu|move: Protect
|-supereffective|p1a: Ceruledge|1
|-crit|p1a: Ceruledge
|-resisted|p1b: Sinistcha|1
|-damage|p1a: Ceruledge|0 fnt
|-damage|p1b: Sinistcha|82/100
|faint|p1a: Ceruledge
|-damage|p2b: Garchomp|90/100|[from] item: Life Orb
|
|upkeep
|-message|Tangermon forfeited.
|
|win|luckycricket0326
|raw|Tangermon's rating: 1131 → 1100(-31 for losing)
|raw|luckycricket0326's rating: 1045 → 1086(+41 for winning)
|l|☆Tangermon
|player|p1|
