|j|☆ParroTiest
|j|☆nenu18
|html|ParroTiestnenu18    
|uhtml|bestof|Game 3 of a best-of-3
|t:|1756237733
|gametype|doubles
|player|p1|ParroTiest|wallace|1159
|player|p2|nenu18|102|1055
|gen|9
|tier|[Gen 9] VGC 2025 Reg H (Bo3)
|rated|
|rule|Species Clause: Limit one of each Pokémon
|rule|Item Clause: Limit 1 of each item
|clearpoke
|poke|p1|Grimmsnarl, L50, M|
|poke|p1|Ursaluna-Bloodmoon, L50, M|
|poke|p1|Farigiraf, L50, F|
|poke|p1|Gholdengo, L50|
|poke|p1|Rillaboom, L50, M|
|poke|p1|Volcarona, L50, F|
|poke|p2|Electabuzz, L50, M|
|poke|p2|Kingambit, L50, F|
|poke|p2|Volcarona, L50, F|
|poke|p2|Dragonite, L50, F|
|poke|p2|Sneasler, L50, F|
|poke|p2|Rillaboom, L50, M|
|teampreview|4
|showteam|p1|Grimmsnarl||LightClay|Prankster|Reflect,LightScreen,SpiritBreak,Taunt|||M|||50|,,,,,Ghost]Ursaluna-Bloodmoon||LifeOrb|MindsEye|BloodMoon,HyperVoice,EarthPower,Protect|||M|||50|,,,,,Normal]Farigiraf||ThroatSpray|ArmorTail|HyperVoice,Psychic,TrickRoom,Protect|||F|||50|,,,,,Fairy]Gholdengo||ChoiceSpecs|GoodasGold|MakeItRain,ShadowBall,PowerGem,Trick||||||50|,,,,,Water]Rillaboom||AssaultVest|GrassySurge|FakeOut,WoodHammer,GrassyGlide,Uturn|||M|||50|,,,,,Fire]Volcarona||Leftovers|FlameBody|QuiverDance,HeatWave,GigaDrain,Protect|||F|||50|,,,,,Grass
|showteam|p2|Electabuzz||Eviolite|VitalSpirit|FollowMe,Thunderbolt,Taunt,Protect|||M|||50|,,,,,Ghost]Kingambit||BlackGlasses|Defiant|KowtowCleave,SuckerPunch,SwordsDance,Protect|||F|||50|,,,,,Ghost]Volcarona||LifeOrb|FlameBody|HeatWave,TeraBlast,QuiverDance,Protect|||F|||50|,,,,,Fairy]Dragonite||LoadedDice|Multiscale|ScaleShot,ExtremeSpeed,Haze,Protect|||F|||50|,,,,,Fairy]Sneasler||FocusSash|Unburden|DireClaw,CloseCombat,Coaching,FakeOut|||F|||50|,,,,,Stellar]Rillaboom||AssaultVest|GrassySurge|FakeOut,WoodHammer,GrassyGlide,HighHorsepower|||M|||50|,,,,,Fire
|inactive|Battle timer is ON: inactive players will automatically lose when time's up. (requested by ParroTiest)
|
|t:|1756237759
|teamsize|p1|4
|teamsize|p2|4
|start
|switch|p1a: gremlin|Grimmsnarl, L50, M, shiny|100/100
|switch|p1b: no fake out|Farigiraf, L50, F|100/100
|switch|p2a: Sneasler|Sneasler, L50, F|100/100
|switch|p2b: Volcarona|Volcarona, L50, F|100/100
|turn|1
|inactive|ParroTiest has 30 seconds left.
|
|t:|1756237790
|move|p1a: gremlin|Taunt|p2b: Volcarona
|-start|p2b: Volcarona|move: Taunt
|move|p2a: Sneasler|Dire Claw|p1a: gremlin
|-supereffective|p1a: gremlin
|-damage|p1a: gremlin|23/100
|cant|p2b: Volcarona|move: Taunt|Quiver Dance
|move|p1b: no fake out|Trick Room|p1b: no fake out
|-fieldstart|move: Trick Room|[of] p1b: no fake out
|
|upkeep
|turn|2
|
|t:|1756237804
|switch|p2a: Kingambit|Kingambit, L50, F|100/100
|move|p1a: gremlin|Reflect|p1a: gremlin
|-sidestart|p1: ParroTiest|Reflect
|move|p1b: no fake out|Hyper Voice|p2b: Volcarona|[spread] p2a,p2b
|-resisted|p2a: Kingambit
|-damage|p2a: Kingambit|86/100
|-damage|p2b: Volcarona|70/100
|-enditem|p1b: no fake out|Throat Spray
|-boost|p1b: no fake out|spa|1|[from] item: Throat Spray
|move|p2b: Volcarona|Heat Wave|p1a: gremlin|[spread] p1a,p1b
|-damage|p1a: gremlin|0 fnt
|-damage|p1b: no fake out|57/100
|faint|p1a: gremlin
|-damage|p2b: Volcarona|60/100|[from] item: Life Orb
|
|upkeep
|
|t:|1756237821
|switch|p1a: instakill button|Ursaluna-Bloodmoon, L50, M|100/100
|turn|3
|inactive|ParroTiest has 30 seconds left.
|
|t:|1756237851
|-terastallize|p2a: Kingambit|Ghost
|move|p1b: no fake out|Protect|p1b: no fake out
|-singleturn|p1b: no fake out|Protect
|move|p2a: Kingambit|Kowtow Cleave|p1b: no fake out
|-activate|p1b: no fake out|move: Protect
|move|p1a: instakill button|Blood Moon|p2b: Volcarona
|-damage|p2b: Volcarona|0 fnt
|faint|p2b: Volcarona
|-damage|p1a: instakill button|90/100|[from] item: Life Orb
|
|upkeep
|
|t:|1756237858
|switch|p2b: Rillaboom|Rillaboom, L50, M|100/100
|-fieldstart|move: Grassy Terrain|[from] ability: Grassy Surge|[of] p2b: Rillaboom
|turn|4
|
|t:|1756237873
|-terastallize|p1a: instakill button|Normal
|move|p2a: Kingambit|Protect|p2a: Kingambit
|-singleturn|p2a: Kingambit|Protect
|move|p1b: no fake out|Psychic|p2a: Kingambit
|-activate|p2a: Kingambit|move: Protect
|move|p1a: instakill button|Hyper Voice|p2b: Rillaboom|[spread] p2b
|-activate|p2a: Kingambit|move: Protect
|-damage|p2b: Rillaboom|46/100
|-damage|p1a: instakill button|80/100|[from] item: Life Orb
|move|p2b: Rillaboom|Wood Hammer|p1a: instakill button
|-damage|p1a: instakill button|40/100
|-damage|p2b: Rillaboom|33/100|[from] Recoil
|
|-heal|p2a: Kingambit|92/100|[from] Grassy Terrain
|-heal|p1b: no fake out|63/100|[from] Grassy Terrain
|-heal|p1a: instakill button|46/100|[from] Grassy Terrain
|-heal|p2b: Rillaboom|38/100|[from] Grassy Terrain
|upkeep
|turn|5
|
|t:|1756237887
|move|p2a: Kingambit|Kowtow Cleave|p1b: no fake out
|-supereffective|p1b: no fake out
|-damage|p1b: no fake out|0 fnt
|faint|p1b: no fake out
|move|p1a: instakill button|Hyper Voice|p2b: Rillaboom|[spread] p2a,p2b
|-crit|p2b: Rillaboom
|-damage|p2a: Kingambit|29/100
|-damage|p2b: Rillaboom|0 fnt
|faint|p2b: Rillaboom
|-damage|p1a: instakill button|36/100|[from] item: Life Orb
|
|-heal|p2a: Kingambit|35/100|[from] Grassy Terrain
|-heal|p1a: instakill button|42/100|[from] Grassy Terrain
|-fieldend|move: Trick Room
|upkeep
|
|t:|1756237893
|switch|p2b: Sneasler|Sneasler, L50, F|100/100
|switch|p1b: setup kill button|Volcarona, L50, F|100/100
|turn|6
|
|t:|1756237907
|move|p1a: instakill button|Protect|p1a: instakill button
|-singleturn|p1a: instakill button|Protect
|move|p2b: Sneasler|Close Combat|p1a: instakill button
|-activate|p1a: instakill button|move: Protect
|move|p1b: setup kill button|Heat Wave|p2b: Sneasler|[spread] p2a,p2b
|-damage|p2a: Kingambit|0 fnt
|-damage|p2b: Sneasler|50/100
|faint|p2a: Kingambit
|
|-heal|p2b: Sneasler|55/100|[from] Grassy Terrain
|-heal|p1a: instakill button|49/100|[from] Grassy Terrain
|upkeep
|turn|7
|
|t:|1756237922
|move|p2b: Sneasler|Close Combat|p1a: instakill button
|-supereffective|p1a: instakill button
|-damage|p1a: instakill button|0 fnt
|-unboost|p2b: Sneasler|def|1
|-unboost|p2b: Sneasler|spd|1
|faint|p1a: instakill button
|move|p1b: setup kill button|Quiver Dance|p1b: setup kill button
|-boost|p1b: setup kill button|spa|1
|-boost|p1b: setup kill button|spd|1
|-boost|p1b: setup kill button|spe|1
|
|-heal|p2b: Sneasler|61/100|[from] Grassy Terrain
|upkeep
|turn|8
|
|t:|1756237929
|move|p1b: setup kill button|Giga Drain|p2b: Sneasler
|-resisted|p2b: Sneasler
|-damage|p2b: Sneasler|7/100
|move|p2b: Sneasler|Dire Claw|p1b: setup kill button
|-damage|p1b: setup kill button|60/100
|
|-heal|p1b: setup kill button|66/100|[from] Grassy Terrain
|-heal|p1b: setup kill button|72/100|[from] item: Leftovers
|-heal|p2b: Sneasler|13/100|[from] Grassy Terrain
|-fieldend|move: Grassy Terrain
|upkeep
|turn|9
|
|t:|1756237934
|move|p1b: setup kill button|Giga Drain|p2b: Sneasler
|-resisted|p2b: Sneasler
|-damage|p2b: Sneasler|0 fnt
|-heal|p1b: setup kill button|78/100|[from] drain|[of] p2b: Sneasler
|faint|p2b: Sneasler
|
|win|ParroTiest
|raw|ParroTiest's rating: 1159 → 1177(+18 for winning)
|raw|nenu18's rating: 1055 → 1042(-13 for losing)
|l|☆nenu18
|player|p2|
