|j|☆ctg01
|j|☆PITOU ET TIGROU
|html|ctg01PITOU ET TIGROU    
|uhtml|bestof|Game 3 of a best-of-3
|t:|1783266291
|gametype|doubles
|player|p1|ctg01|blue|1109
|player|p2|PITOU ET TIGROU|cynthia-gen4|1000
|gen|9
|tier|[Gen 9 Champions] VGC 2026 Reg M-B (Bo3)
|rated|
|rule|Species Clause: Limit one of each Pokémon
|rule|Item Clause: Limit 1 of each item
|clearpoke
|poke|p1|Charizard, L50, M|
|poke|p1|Staraptor, L50, F|
|poke|p1|Garchomp, L50, M|
|poke|p1|Basculegion, L50, M|
|poke|p1|Whimsicott, L50, M|
|poke|p1|Kingambit, L50, F, shiny|
|poke|p2|Raichu, L50, M|
|poke|p2|Jolteon, L50, M|
|poke|p2|Archaludon, L50, F|
|poke|p2|Pelipper, L50, F|
|poke|p2|Basculegion, L50, M|
|poke|p2|Swampert, L50, F|
|teampreview|4
|showteam|p1|Charizard||CharizarditeY|Blaze|HeatWave,Overheat,SolarBeam,Protect|Timid||M|||50|]Staraptor||Staraptite|Intimidate|CloseCombat,BraveBird,Roost,Protect|Jolly||F|||50|]Garchomp||LifeOrb|RoughSkin|DragonClaw,Earthquake,RockSlide,Protect|Jolly||M|||50|]Basculegion||ChoiceScarf|Adaptability|WaveCrash,LastRespects,FlipTurn,AquaJet|Jolly||M|||50|]Whimsicott||FocusSash|Prankster|Moonblast,Charm,Tailwind,Encore|Timid||M|||50|]Kingambit||ChopleBerry|Defiant|KowtowCleave,SuckerPunch,IronHead,Protect|Adamant||F|||50|
|showteam|p2|Raichu||RaichuniteX|Static|RisingVoltage,FakeOut,GrassKnot,Nuzzle|Hasty||M|||50|]Jolteon||LifeOrb|QuickFeet|RisingVoltage,VoltSwitch,ShadowBall,Electroweb|Timid||M|||50|]Archaludon||Magnet|Sturdy|ElectroShot,DracoMeteor,SteelBeam,Protect|Timid||F|||50|]Pelipper||SitrusBerry|Drizzle|WeatherBall,Tailwind,Hurricane,WideGuard|Modest||F|||50|]Basculegion||ChoiceScarf|Adaptability|LastRespects,AquaJet,WaveCrash,FlipTurn|Jolly||M|||50|]Swampert||Swampertite|Damp|Earthquake,WaveCrash,IcePunch,Protect|Adamant||F|||50|
|inactive|Battle timer is ON: inactive players will automatically lose when time's up. (requested by PITOU ET TIGROU)
|inactive|ctg01 also wants the timer to be on.
|j| juleocesar
|
|t:|1783266304
|teamsize|p1|4
|teamsize|p2|4
|start
|switch|p1a: Staraptor|Staraptor, L50, F|100/100
|switch|p1b: Whimsicott|Whimsicott, L50, M|100/100
|switch|p2a: Pelipper|Pelipper, L50, F|100/100
|switch|p2b: Archaludon|Archaludon, L50, F|100/100
|-ability|p1a: Staraptor|Intimidate|boost
|-unboost|p2a: Pelipper|atk|1
|-unboost|p2b: Archaludon|atk|1
|-weather|RainDance|[from] ability: Drizzle|[of] p2a: Pelipper
|turn|1
|
|t:|1783266315
|detailschange|p1a: Staraptor|Staraptor-Mega, L50, F
|-mega|p1a: Staraptor|Staraptor|Staraptite
|move|p2b: Archaludon|Protect|p2b: Archaludon
|-singleturn|p2b: Archaludon|Protect
|move|p1b: Whimsicott|Tailwind|p1b: Whimsicott
|-sidestart|p1: ctg01|move: Tailwind
|move|p1a: Staraptor|Close Combat|p2a: Pelipper
|-resisted|p2a: Pelipper|1
|-damage|p2a: Pelipper|69/100
|-boost|p1a: Staraptor|def|1
|-boost|p1a: Staraptor|spd|1
|move|p2a: Pelipper|Hurricane|p1b: Whimsicott
|-supereffective|p1b: Whimsicott|1
|-enditem|p1b: Whimsicott|Focus Sash
|-damage|p1b: Whimsicott|1/100
|
|-weather|RainDance|[upkeep]
|upkeep
|turn|2
|
|t:|1783266328
|move|p1b: Whimsicott|Encore|p2b: Archaludon
|-start|p2b: Archaludon|Encore
|move|p2b: Archaludon|Protect||[still]
|-fail|p2b: Archaludon
|move|p1a: Staraptor|Close Combat|p2a: Pelipper
|-resisted|p2a: Pelipper|1
|-damage|p2a: Pelipper|37/100
|-boost|p1a: Staraptor|def|1
|-boost|p1a: Staraptor|spd|1
|-enditem|p2a: Pelipper|Sitrus Berry|[eat]
|-heal|p2a: Pelipper|62/100|[from] item: Sitrus Berry
|move|p2a: Pelipper|Hurricane|p1a: Staraptor
|-supereffective|p1a: Staraptor|1
|-damage|p1a: Staraptor|46/100
|-start|p1a: Staraptor|confusion
|
|-weather|RainDance|[upkeep]
|upkeep
|turn|3
|
|t:|1783266345
|switch|p2b: Basculegion|Basculegion, L50, M|100/100
|move|p1b: Whimsicott|Charm|p1a: Staraptor
|-boost|p1a: Staraptor|atk|2
|-activate|p1a: Staraptor|confusion
|move|p1a: Staraptor|Roost|p1a: Staraptor
|-heal|p1a: Staraptor|96/100
|-singleturn|p1a: Staraptor|move: Roost
|move|p2a: Pelipper|Hurricane|p1a: Staraptor
|-supereffective|p1a: Staraptor|1
|-damage|p1a: Staraptor|43/100
|
|-weather|RainDance|[upkeep]
|upkeep
|turn|4
|
|t:|1783266362
|move|p1b: Whimsicott|Charm|p2b: Basculegion
|-unboost|p2b: Basculegion|atk|2
|-end|p1a: Staraptor|confusion
|move|p1a: Staraptor|Close Combat|p2a: Pelipper
|-resisted|p2a: Pelipper|1
|-damage|p2a: Pelipper|1/100
|-boost|p1a: Staraptor|def|1
|-boost|p1a: Staraptor|spd|1
|move|p2b: Basculegion|Wave Crash|p1a: Staraptor
|-damage|p1a: Staraptor|20/100y
|-damage|p2b: Basculegion|92/100|[from] Recoil
|move|p2a: Pelipper|Hurricane|p1b: Whimsicott
|-supereffective|p1b: Whimsicott|1
|-damage|p1b: Whimsicott|0 fnt
|faint|p1b: Whimsicott
|
|-weather|RainDance|[upkeep]
|-sideend|p1: ctg01|move: Tailwind
|upkeep
|
|t:|1783266383
|switch|p1b: Kingambit|Kingambit, L50, F, shiny|100/100
|turn|5
|
|t:|1783266404
|switch|p2a: Archaludon|Archaludon, L50, F|100/100
|move|p1b: Kingambit|Sucker Punch|p2b: Basculegion
|-supereffective|p2b: Basculegion|1
|-damage|p2b: Basculegion|0 fnt
|faint|p2b: Basculegion
|move|p1a: Staraptor|Close Combat|p2a: Archaludon
|-supereffective|p2a: Archaludon|1
|-ability|p2a: Archaludon|Sturdy
|-damage|p2a: Archaludon|1/100
|-boost|p1a: Staraptor|def|1
|-boost|p1a: Staraptor|spd|1
|
|-weather|none
|upkeep
|
|t:|1783266414
|switch|p2b: Pelipper|Pelipper, L50, F|1/100
|-weather|RainDance|[from] ability: Drizzle|[of] p2b: Pelipper
|turn|6
|
|t:|1783266426
|move|p1b: Kingambit|Sucker Punch|p2a: Archaludon
|-damage|p2a: Archaludon|0 fnt
|faint|p2a: Archaludon
|move|p1a: Staraptor|Close Combat|p2b: Pelipper
|-resisted|p2b: Pelipper|1
|-damage|p2b: Pelipper|0 fnt
|-boost|p1a: Staraptor|def|1
|-boost|p1a: Staraptor|spd|1
|faint|p2b: Pelipper
|
|-weather|RainDance|[upkeep]
|upkeep
|c|☆ctg01|ggs
|
|t:|1783266433
|switch|p2b: Swampert|Swampert, L50, F|100/100
|turn|7
|
|t:|1783266449
|detailschange|p2b: Swampert|Swampert-Mega, L50, F
|-mega|p2b: Swampert|Swampert|Swampertite
|move|p2b: Swampert|Protect|p2b: Swampert
|-singleturn|p2b: Swampert|Protect
|move|p1a: Staraptor|Close Combat|p2b: Swampert
|-activate|p2b: Swampert|move: Protect
|move|p1b: Kingambit|Kowtow Cleave|p2b: Swampert
|-activate|p2b: Swampert|move: Protect
|
|-weather|RainDance|[upkeep]
|upkeep
|turn|8
|
|t:|1783266455
|move|p1b: Kingambit|Sucker Punch|p2b: Swampert
|-damage|p2b: Swampert|69/100
|move|p2b: Swampert|Wave Crash|p1a: Staraptor
|-damage|p1a: Staraptor|0 fnt
|faint|p1a: Staraptor
|-damage|p2b: Swampert|62/100|[from] Recoil
|
|-weather|RainDance|[upkeep]
|upkeep
|
|t:|1783266459
|switch|p1a: Basculegion|Basculegion, L50, M|100/100
|turn|9
|
|t:|1783266463
|move|p2b: Swampert|Protect|p2b: Swampert
|-singleturn|p2b: Swampert|Protect
|move|p1a: Basculegion|Wave Crash|p2b: Swampert
|-activate|p2b: Swampert|move: Protect
|move|p1b: Kingambit|Kowtow Cleave|p2b: Swampert
|-activate|p2b: Swampert|move: Protect
|
|-weather|RainDance|[upkeep]
|upkeep
|turn|10
|
|t:|1783266471
|move|p1a: Basculegion|Wave Crash|p2b: Swampert
|-damage|p2b: Swampert|0 fnt
|faint|p2b: Swampert
|-damage|p1a: Basculegion|78/100|[from] Recoil
|
|win|ctg01
|raw|ctg01's rating: 1109 → 1126(+17 for winning)
|raw|PITOU ET TIGROU's rating: 1000 → 1000(+0 for losing)
