|j|☆KingXiltz
|j|☆MaxwellBaker
|html|KingXiltzMaxwellBaker    
|uhtml|bestof|Game 2 of a best-of-3
|t:|1784923298
|gametype|doubles
|player|p1|KingXiltz|101|1102
|player|p2|MaxwellBaker|102|1107
|gen|9
|tier|[Gen 9 Champions] VGC 2026 Reg M-B (Bo3)
|rated|
|rule|Species Clause: Limit one of each Pokémon
|rule|Item Clause: Limit 1 of each item
|clearpoke
|poke|p1|Kangaskhan, L50, F|
|poke|p1|Medicham, L50, M|
|poke|p1|Kingambit, L50, M|
|poke|p1|Meowscarada, L50, M|
|poke|p1|Incineroar, L50, F|
|poke|p1|Whimsicott, L50, M|
|poke|p2|Decidueye-Hisui, L50, F|
|poke|p2|Florges, L50, F|
|poke|p2|Raichu, L50, F|
|poke|p2|Incineroar, L50, M|
|poke|p2|Staraptor, L50, M|
|poke|p2|Milotic, L50, F|
|teampreview|4
|showteam|p1|Kangaskhan||SilkScarf|Scrappy|LastResort,FakeOut|Adamant||F|||50|]Medicham||Medichamite|Telepathy|CloseCombat,PsychoCut,RockSlide,Protect|Jolly||M|||50|]Kingambit||ChopleBerry|Defiant|KowtowCleave,SuckerPunch,IronHead,Protect|Adamant||M|||50|]Meowscarada||ChoiceScarf|Protean|FlowerTrick,KnockOff,TripleAxel,Uturn|Adamant||M|||50|]Incineroar||SitrusBerry|Intimidate|FlareBlitz,DarkestLariat,PartingShot,FakeOut|Careful||F|||50|]Whimsicott||FocusSash|Prankster|Moonblast,Tailwind,Encore,Protect|Timid||M|||50|
|showteam|p2|Decidueye-Hisui||ScopeLens|Scrappy|TripleArrows,LeafBlade,SuckerPunch,Protect|Jolly||F|||50|]Florges||LifeOrb|FlowerVeil|Moonblast,Psychic,PollenPuff,Protect|Modest||F|||50|]Raichu||RaichuniteY|LightningRod|FakeOut,ZapCannon,FocusBlast,Protect|Timid||F|||50|]Incineroar||SitrusBerry|Intimidate|FakeOut,FlareBlitz,ThroatChop,PartingShot|Careful||M|||50|]Staraptor||Staraptite|Intimidate|BraveBird,CloseCombat,Tailwind,Protect|Jolly||M|||50|]Milotic||Leftovers|Competitive|Scald,IceBeam,Haze,Protect|Bold||F|||50|
|
|t:|1784923353
|teamsize|p1|4
|teamsize|p2|4
|start
|switch|p1a: Medicham|Medicham, L50, M|100/100
|switch|p1b: Kangaskhan|Kangaskhan, L50, F|100/100
|switch|p2a: Raichu|Raichu, L50, F|100/100
|switch|p2b: Staraptor|Staraptor, L50, M|100/100
|-ability|p2b: Staraptor|Intimidate|boost
|-unboost|p1a: Medicham|atk|1
|-fail|p1b: Kangaskhan|unboost|Attack|[from] ability: Scrappy|[of] p1b: Kangaskhan
|turn|1
|inactive|Battle timer is ON: inactive players will automatically lose when time's up. (requested by MaxwellBaker)
|inactive|KingXiltz has 60 seconds left.
|inactive|MaxwellBaker has 60 seconds left.
|inactive|MaxwellBaker has 30 seconds left.
|inactive|MaxwellBaker has 20 seconds left.
|
|t:|1784923426
|switch|p1b: Whimsicott|Whimsicott, L50, M|100/100
|detailschange|p2b: Staraptor|Staraptor-Mega, L50, M
|-mega|p2b: Staraptor|Staraptor|Staraptite
|move|p1a: Medicham|Protect|p1a: Medicham
|-singleturn|p1a: Medicham|Protect
|move|p2a: Raichu|Fake Out|p1b: Whimsicott
|-damage|p1b: Whimsicott|88/100
|move|p2b: Staraptor|Close Combat|p1a: Medicham
|-activate|p1a: Medicham|move: Protect
|
|upkeep
|turn|2
|inactive|MaxwellBaker has 30 seconds left.
|
|t:|1784923457
|switch|p2a: Florges|Florges, L50, F|100/100
|detailschange|p1a: Medicham|Medicham-Mega, L50, M
|-mega|p1a: Medicham|Medicham|Medichamite
|move|p1b: Whimsicott|Tailwind|p1b: Whimsicott
|-sidestart|p1: KingXiltz|move: Tailwind
|move|p1a: Medicham|Psycho Cut|p2b: Staraptor
|-supereffective|p2b: Staraptor|1
|-damage|p2b: Staraptor|23/100
|move|p2b: Staraptor|Close Combat|p1a: Medicham
|-resisted|p1a: Medicham|1
|-damage|p1a: Medicham|60/100
|-boost|p2b: Staraptor|def|1
|-boost|p2b: Staraptor|spd|1
|
|upkeep
|turn|3
|inactive|KingXiltz has 30 seconds left.
|inactive|MaxwellBaker has 30 seconds left.
|
|t:|1784923493
|switch|p1a: Kangaskhan|Kangaskhan, L50, F|100/100
|move|p2b: Staraptor|Protect|p2b: Staraptor
|-singleturn|p2b: Staraptor|Protect
|move|p1b: Whimsicott|Moonblast|p2b: Staraptor
|-activate|p2b: Staraptor|move: Protect
|move|p2a: Florges|Moonblast|p1a: Kangaskhan
|-damage|p1a: Kangaskhan|32/100
|-damage|p2a: Florges|90/100|[from] item: Life Orb
|
|upkeep
|turn|4
|
|t:|1784923515
|switch|p2b: Raichu|Raichu, L50, F|100/100
|move|p1a: Kangaskhan|Fake Out|p2a: Florges
|-damage|p2a: Florges|64/100
|move|p1b: Whimsicott|Moonblast|p2b: Raichu
|-damage|p2b: Raichu|50/100y
|cant|p2a: Florges|flinch
|
|upkeep
|turn|5
|
|t:|1784923531
|move|p1b: Whimsicott|Protect|p1b: Whimsicott
|-singleturn|p1b: Whimsicott|Protect
|move|p2b: Raichu|Fake Out|p1a: Kangaskhan
|-damage|p1a: Kangaskhan|23/100
|cant|p1a: Kangaskhan|flinch
|move|p2a: Florges|Moonblast|p1b: Whimsicott
|-activate|p1b: Whimsicott|move: Protect
|
|-sideend|p1: KingXiltz|move: Tailwind
|upkeep
|turn|6
|inactive|KingXiltz has 30 seconds left.
|inactive|MaxwellBaker has 30 seconds left.
|inactive|MaxwellBaker has 20 seconds left.
|
|t:|1784923567
|move|p2a: Florges|Protect|p2a: Florges
|-singleturn|p2a: Florges|Protect
|move|p1b: Whimsicott|Tailwind|p1b: Whimsicott
|-sidestart|p1: KingXiltz|move: Tailwind
|move|p1a: Kangaskhan|Last Resort|p2b: Raichu
|-damage|p2b: Raichu|0 fnt
|faint|p2b: Raichu
|
|upkeep
|
|t:|1784923588
|switch|p2b: Decidueye|Decidueye-Hisui, L50, F|100/100
|turn|7
|
|t:|1784923610
|move|p2b: Decidueye|Sucker Punch|p1a: Kangaskhan
|-crit|p1a: Kangaskhan
|-damage|p1a: Kangaskhan|0 fnt
|faint|p1a: Kangaskhan
|move|p1b: Whimsicott|Moonblast|p2b: Decidueye
|-supereffective|p2b: Decidueye|1
|-damage|p2b: Decidueye|24/100
|move|p2a: Florges|Moonblast|p1b: Whimsicott
|-damage|p1b: Whimsicott|0 fnt
|faint|p1b: Whimsicott
|-damage|p2a: Florges|54/100|[from] item: Life Orb
|
|upkeep
|
|t:|1784923627
|switch|p1b: Medicham|Medicham-Mega, L50, M|60/100
|switch|p1a: Meowscarada|Meowscarada, L50, M|100/100
|turn|8
|
|t:|1784923644
|move|p2b: Decidueye|Protect|p2b: Decidueye
|-singleturn|p2b: Decidueye|Protect
|move|p2a: Florges|Protect|p2a: Florges
|-singleturn|p2a: Florges|Protect
|move|p1a: Meowscarada|Flower Trick|p2b: Decidueye
|-start|p1a: Meowscarada|typechange|Grass|[from] ability: Protean
|-activate|p2b: Decidueye|move: Protect
|move|p1b: Medicham|Psycho Cut|p2a: Florges
|-activate|p2a: Florges|move: Protect
|
|upkeep
|turn|9
|inactive|KingXiltz has 30 seconds left.
|inactive|KingXiltz has 20 seconds left.
|
|t:|1784923683
|switch|p2a: Staraptor|Staraptor-Mega, L50, M|23/100
|move|p2b: Decidueye|Sucker Punch|p1b: Medicham
|-damage|p1b: Medicham|28/100
|move|p1a: Meowscarada|Flower Trick|p2a: Staraptor
|-resisted|p2a: Staraptor|1
|-crit|p2a: Staraptor
|-damage|p2a: Staraptor|0 fnt
|faint|p2a: Staraptor
|move|p1b: Medicham|Rock Slide|p2b: Decidueye
|-resisted|p2b: Decidueye|1
|-damage|p2b: Decidueye|0 fnt
|faint|p2b: Decidueye
|
|-sideend|p1: KingXiltz|move: Tailwind
|upkeep
|c|☆MaxwellBaker|ggs cool team
|
|t:|1784923706
|switch|p2a: Florges|Florges, L50, F|54/100
|turn|10
|
|t:|1784923714
|move|p1a: Meowscarada|Flower Trick|p2a: Florges
|-crit|p2a: Florges
|-damage|p2a: Florges|0 fnt
|faint|p2a: Florges
|
|win|KingXiltz
|raw|KingXiltz's rating: 1102 → 1127(+25 for winning)
|raw|MaxwellBaker's rating: 1107 → 1082(-25 for losing)
