|j|☆nyakugan
|j|☆exessvgc
|html|nyakuganexessvgc    
|uhtml|bestof|Game 1 of a best-of-3
|t:|1784754686
|gametype|doubles
|player|p1|nyakugan|2|
|player|p2|exessvgc|266|
|gen|9
|tier|[Gen 9 Champions] VGC 2026 Reg M-B (Bo3)
|rule|Species Clause: Limit one of each Pokémon
|rule|Item Clause: Limit 1 of each item
|clearpoke
|poke|p1|Annihilape, L50, F|
|poke|p1|Maushold, L50|
|poke|p1|Glimmora, L50, M|
|poke|p1|Ninetales-Alola, L50, F|
|poke|p1|Primarina, L50, M|
|poke|p1|Kingambit, L50, M|
|poke|p2|Farigiraf, L50, F|
|poke|p2|Aerodactyl, L50, M|
|poke|p2|Sylveon, L50, M|
|poke|p2|Kingambit, L50, F|
|poke|p2|Garchomp, L50, F|
|poke|p2|Charizard, L50, M|
|teampreview|4
|showteam|p1|Annihilape||Leftovers|Defiant|RageFist,DrainPunch,BulkUp,Protect|Adamant||F|||50|]Maushold||ChopleBerry|FriendGuard|BeatUp,Feint,FollowMe,Protect|Bold|||||50|]Glimmora||Glimmoranite|ToxicDebris|SludgeBomb,PowerGem,EarthPower,SpikyShield|Timid||M|||50|]Ninetales-Alola||NeverMeltIce|SnowWarning|Blizzard,FreezeDry,AuroraVeil,Protect|Timid||F|||50|]Primarina||LifeOrb|LiquidVoice|Moonblast,HyperVoice,DazzlingGleam,Protect|Modest||M|||50|]Kingambit||FocusSash|Defiant|KowtowCleave,IronHead,SuckerPunch,Protect|Adamant||M|||50|
|showteam|p2|Farigiraf||SitrusBerry|ArmorTail|TrickRoom,TwinBeam,HelpingHand,Thunderbolt|Bold||F|||50|]Aerodactyl||Aerodactylite|Unnerve|RockSlide,Protect,Tailwind,Taunt|Jolly||M|||50|]Sylveon||FairyFeather|Pixilate|HyperVoice,HyperBeam,Protect,ShadowBall|Modest||M|||50|]Kingambit||FocusSash|Defiant|IronHead,SuckerPunch,LowKick,Protect|Adamant||F|||50|]Garchomp||LifeOrb|RoughSkin|DragonClaw,Earthquake,StompingTantrum,Protect|Adamant||F|||50|]Charizard||CharizarditeY|Blaze|WeatherBall,HeatWave,SolarBeam,Protect|Modest||M|||50|
|j| Shmon
|c|☆nyakugan|glhf
|c|☆exessvgc|u2
|
|t:|1784754777
|teamsize|p1|4
|teamsize|p2|4
|start
|switch|p1a: Glimmora|Glimmora, L50, M|100/100
|switch|p1b: Ninetales|Ninetales-Alola, L50, F|100/100
|switch|p2a: DINOSAUVO|Aerodactyl, L50, M|100/100
|switch|p2b: Charizard|Charizard, L50, M|100/100
|-ability|p2a: DINOSAUVO|Unnerve
|-weather|Snowscape|[from] ability: Snow Warning|[of] p1b: Ninetales
|turn|1
|
|t:|1784754900
|switch|p1b: Maushold|Maushold, L50|100/100
|detailschange|p1a: Glimmora|Glimmora-Mega, L50, M
|-mega|p1a: Glimmora|Glimmora|Glimmoranite
|detailschange|p2b: Charizard|Charizard-Mega-Y, L50, M
|-mega|p2b: Charizard|Charizard|Charizardite Y
|-weather|SunnyDay|[from] ability: Drought|[of] p2b: Charizard
|move|p2b: Charizard|Protect|p2b: Charizard
|-singleturn|p2b: Charizard|Protect
|move|p2a: DINOSAUVO|Tailwind|p2a: DINOSAUVO
|-sidestart|p2: exessvgc|move: Tailwind
|move|p1a: Glimmora|Power Gem|p2a: DINOSAUVO
|-supereffective|p2a: DINOSAUVO|1
|-damage|p2a: DINOSAUVO|0 fnt
|faint|p2a: DINOSAUVO
|
|-weather|SunnyDay|[upkeep]
|upkeep
|
|t:|1784754914
|switch|p2a: Garchomp|Garchomp, L50, F|100/100
|turn|2
|
|t:|1784754925
|move|p1a: Glimmora|Spiky Shield|p1a: Glimmora
|-singleturn|p1a: Glimmora|move: Protect
|move|p1b: Maushold|Protect|p1b: Maushold
|-singleturn|p1b: Maushold|Protect
|move|p2b: Charizard|Heat Wave|p1a: Glimmora|[spread] 
|-activate|p1a: Glimmora|move: Protect
|-activate|p1b: Maushold|move: Protect
|move|p2a: Garchomp|Earthquake|p1b: Maushold|[spread] 
|-activate|p1a: Glimmora|move: Protect
|-activate|p1b: Maushold|move: Protect
|-immune|p2b: Charizard
|
|-weather|SunnyDay|[upkeep]
|upkeep
|turn|3
|
|t:|1784754959
|switch|p1a: Annihilape|Annihilape, L50, F|100/100
|move|p2b: Charizard|Heat Wave|p1b: Maushold|[spread] p1a,p1b
|-damage|p1a: Annihilape|62/100
|-damage|p1b: Maushold|33/100
|-status|p1b: Maushold|brn
|move|p2a: Garchomp|Earthquake|p1a: Annihilape|[spread] p1a,p1b
|-immune|p2b: Charizard
|-damage|p1a: Annihilape|25/100
|-damage|p1b: Maushold|0 fnt
|faint|p1b: Maushold
|-damage|p2a: Garchomp|90/100|[from] item: Life Orb
|
|-weather|SunnyDay|[upkeep]
|-heal|p1a: Annihilape|31/100|[from] item: Leftovers
|upkeep
|
|t:|1784754977
|switch|p1b: Glimmora|Glimmora-Mega, L50, M|100/100
|turn|4
|
|t:|1784754992
|switch|p2b: Kingambit|Kingambit, L50, F|100/100
|move|p1b: Glimmora|Spiky Shield|p1b: Glimmora
|-singleturn|p1b: Glimmora|move: Protect
|move|p2a: Garchomp|Stomping Tantrum|p1a: Annihilape
|-damage|p1a: Annihilape|0 fnt
|faint|p1a: Annihilape
|-damage|p2a: Garchomp|80/100|[from] item: Life Orb
|
|-weather|SunnyDay|[upkeep]
|-sideend|p2: exessvgc|move: Tailwind
|upkeep
|
|t:|1784755000
|switch|p1a: Ninetales|Ninetales-Alola, L50, F|100/100
|-weather|Snowscape|[from] ability: Snow Warning|[of] p1a: Ninetales
|turn|5
|
|t:|1784755036
|switch|p2a: Charizard|Charizard-Mega-Y, L50, M|100/100
|-weather|SunnyDay|[from] ability: Drought|[of] p2a: Charizard
|move|p1a: Ninetales|Protect|p1a: Ninetales
|-singleturn|p1a: Ninetales|Protect
|move|p1b: Glimmora|Earth Power|p2b: Kingambit
|-supereffective|p2b: Kingambit|1
|-crit|p2b: Kingambit
|-enditem|p2b: Kingambit|Focus Sash
|-damage|p2b: Kingambit|1/100
|move|p2b: Kingambit|Iron Head|p1a: Ninetales
|-activate|p1a: Ninetales|move: Protect
|
|-weather|SunnyDay|[upkeep]
|upkeep
|turn|6
|
|t:|1784755085
|move|p1a: Ninetales|Freeze-Dry|p2b: Kingambit
|-resisted|p2b: Kingambit|1
|-damage|p2b: Kingambit|0 fnt
|faint|p2b: Kingambit
|move|p1b: Glimmora|Power Gem|p2a: Charizard
|-supereffective|p2a: Charizard|2
|-damage|p2a: Charizard|0 fnt
|faint|p2a: Charizard
|
|-weather|SunnyDay|[upkeep]
|upkeep
|
|t:|1784755096
|switch|p2a: Garchomp|Garchomp, L50, F|80/100
|turn|7
|-message|exessvgc forfeited.
|
|win|nyakugan
|l|☆exessvgc
|player|p2|
||exessvgc is ready for game 2.
||nyakugan is ready for game 2.
|uhtml|next|Next: Game 2 of 3
|j|☆exessvgc
|player|p2|exessvgc|266|
