|j|☆Cristante terabug
|j|☆eratakate
|html|Cristante terabugeratakate    
|uhtml|bestof|Game 1 of a best-of-3
|t:|1756736402
|gametype|doubles
|player|p1|Cristante terabug|kieran-champion|1255
|player|p2|eratakate|169|1309
|gen|9
|tier|[Gen 9] VGC 2025 Reg H (Bo3)
|rated|
|rule|Species Clause: Limit one of each Pokémon
|rule|Item Clause: Limit 1 of each item
|clearpoke
|poke|p1|Incineroar, L50, F|
|poke|p1|Pelipper, L50, M|
|poke|p1|Archaludon, L50, M|
|poke|p1|Dragonite, L50, M|
|poke|p1|Sinistcha, L50|
|poke|p1|Ursaluna, L50, F|
|poke|p2|Incineroar, L50, F|
|poke|p2|Amoonguss, L50, M|
|poke|p2|Ursaluna-Bloodmoon, L50, M|
|poke|p2|Sneasler, L50, F|
|poke|p2|Gholdengo, L50|
|poke|p2|Dragonite, L50, M|
|teampreview|4
|showteam|p1|Incineroar||SafetyGoggles|Intimidate|FakeOut,PartingShot,KnockOff,FlareBlitz|||F|||50|,,,,,Flying]Pelipper||FocusSash|Drizzle|Hurricane,MuddyWater,Tailwind,Protect|||M|||50|,,,,,Ghost]Archaludon||AssaultVest|Stamina|ElectroShot,Snarl,FlashCannon,BodyPress|||M|||50|,,,,,Bug]Dragonite||LoadedDice|Multiscale|ScaleShot,Tailwind,Haze,Protect|||M|||50|,,,,,Fairy]Sinistcha||SitrusBerry|Hospitality|MatchaGotcha,RagePowder,LifeDew,TrickRoom||||||50|,,,,,Dark]Ursaluna||FlameOrb|Guts|Earthquake,Facade,HeadlongRush,Protect|||F|||50|,,,,,Ghost
|showteam|p2|Incineroar||SafetyGoggles|Intimidate|FlareBlitz,KnockOff,PartingShot,FakeOut|||F|||50|,,,,,Ghost]Amoonguss||SitrusBerry|Regenerator|Spore,RagePowder,PollenPuff,Protect|||M|||50|,,,,,Psychic]Ursaluna-Bloodmoon||AssaultVest|MindsEye|HyperVoice,BloodMoon,EarthPower,VacuumWave|||M|||50|,,,,,Water]Sneasler||FocusSash|Unburden|CloseCombat,DireClaw,ThroatChop,Protect|||F|||50|,,,,,Stellar]Gholdengo||LifeOrb|GoodasGold|MakeItRain,ShadowBall,NastyPlot,Protect||||||50|,,,,,Water]Dragonite||LoadedDice|Multiscale|ScaleShot,Tailwind,Haze,Protect|||M|||50|,,,,,Fairy
|inactive|Battle timer is ON: inactive players will automatically lose when time's up. (requested by Cristante terabug)
|
|t:|1756736439
|teamsize|p1|4
|teamsize|p2|4
|start
|switch|p1a: Paolo|Dragonite, L50, M|100/100
|switch|p1b: Olmo|Ursaluna, L50, F|100/100
|switch|p2a: Incineroar|Incineroar, L50, F|100/100
|switch|p2b: Gholdengo|Gholdengo, L50|100/100
|-ability|p2a: Incineroar|Intimidate|boost
|-unboost|p1a: Paolo|atk|1
|-unboost|p1b: Olmo|atk|1
|turn|1
|
|t:|1756736461
|-terastallize|p2b: Gholdengo|Water
|-terastallize|p1b: Olmo|Ghost
|move|p2a: Incineroar|Fake Out|p1a: Paolo
|-damage|p1a: Paolo|95/100
|cant|p1a: Paolo|flinch
|move|p2b: Gholdengo|Nasty Plot|p2b: Gholdengo
|-boost|p2b: Gholdengo|spa|2
|move|p1b: Olmo|Headlong Rush|p2a: Incineroar
|-supereffective|p2a: Incineroar
|-damage|p2a: Incineroar|7/100
|-unboost|p1b: Olmo|def|1
|-unboost|p1b: Olmo|spd|1
|
|-status|p1b: Olmo|brn|[from] item: Flame Orb
|upkeep
|turn|2
|
|t:|1756736482
|move|p1a: Paolo|Tailwind|p1a: Paolo
|-sidestart|p1: Cristante terabug|move: Tailwind
|move|p1b: Olmo|Facade|p2b: Gholdengo
|-damage|p2b: Gholdengo|19/100
|move|p2b: Gholdengo|Make It Rain|p1a: Paolo|[spread] p1a,p1b
|-damage|p1a: Paolo|0 fnt
|-damage|p1b: Olmo|0 fnt
|-unboost|p2b: Gholdengo|spa|1
|faint|p1a: Paolo
|faint|p1b: Olmo
|-damage|p2b: Gholdengo|9/100|[from] item: Life Orb
|move|p2a: Incineroar|Knock Off|p1: Paolo|[notarget]
|-fail|p2a: Incineroar
|
|upkeep
|
|t:|1756736488
|switch|p1a: De Marinis|Incineroar, L50, F|100/100
|switch|p1b: Silvano|Pelipper, L50, M, shiny|100/100
|-weather|RainDance|[from] ability: Drizzle|[of] p1b: Silvano
|-ability|p1a: De Marinis|Intimidate|boost
|-unboost|p2a: Incineroar|atk|1
|-unboost|p2b: Gholdengo|atk|1
|turn|3
|
|t:|1756736507
|move|p2b: Gholdengo|Protect|p2b: Gholdengo
|-singleturn|p2b: Gholdengo|Protect
|move|p1b: Silvano|Hurricane|p2a: Incineroar
|-crit|p2a: Incineroar
|-damage|p2a: Incineroar|0 fnt
|faint|p2a: Incineroar
|move|p1a: De Marinis|Knock Off|p2b: Gholdengo
|-activate|p2b: Gholdengo|move: Protect
|
|-weather|RainDance|[upkeep]
|upkeep
|
|t:|1756736516
|switch|p2a: Amoonguss|Amoonguss, L50, M|100/100
|turn|4
|
|t:|1756736523
|move|p2a: Amoonguss|Rage Powder|p2a: Amoonguss
|-singleturn|p2a: Amoonguss|move: Rage Powder
|move|p1b: Silvano|Muddy Water|p2b: Gholdengo|[spread] p2a,p2b
|-resisted|p2a: Amoonguss
|-resisted|p2b: Gholdengo
|-crit|p2b: Gholdengo
|-damage|p2a: Amoonguss|85/100
|-damage|p2b: Gholdengo|0 fnt
|faint|p2b: Gholdengo
|move|p1a: De Marinis|Knock Off|p2a: Amoonguss
|-damage|p2a: Amoonguss|43/100
|-enditem|p2a: Amoonguss|Sitrus Berry|[from] move: Knock Off|[of] p1a: De Marinis
|
|-weather|RainDance|[upkeep]
|upkeep
|
|t:|1756736527
|switch|p2b: Dragonite|Dragonite, L50, M|100/100
|turn|5
|
|t:|1756736539
|move|p2a: Amoonguss|Protect|p2a: Amoonguss
|-singleturn|p2a: Amoonguss|Protect
|move|p1b: Silvano|Hurricane|p2a: Amoonguss
|-activate|p2a: Amoonguss|move: Protect
|move|p1a: De Marinis|Knock Off|p2b: Dragonite
|-damage|p2b: Dragonite|78/100
|-enditem|p2b: Dragonite|Loaded Dice|[from] move: Knock Off|[of] p1a: De Marinis
|move|p2b: Dragonite|Scale Shot|p1b: Silvano
|-damage|p1b: Silvano|81/100
|-damage|p1b: Silvano|60/100
|-hitcount|p1b: Silvano|2
|-unboost|p2b: Dragonite|def|1
|-boost|p2b: Dragonite|spe|1
|
|-weather|RainDance|[upkeep]
|-sideend|p1: Cristante terabug|move: Tailwind
|upkeep
|turn|6
|
|t:|1756736556
|move|p2b: Dragonite|Scale Shot|p1b: Silvano
|-damage|p1b: Silvano|40/100
|-damage|p1b: Silvano|22/100
|-hitcount|p1b: Silvano|2
|-unboost|p2b: Dragonite|def|1
|-boost|p2b: Dragonite|spe|1
|move|p1b: Silvano|Hurricane|p2a: Amoonguss
|-supereffective|p2a: Amoonguss
|-damage|p2a: Amoonguss|0 fnt
|faint|p2a: Amoonguss
|move|p1a: De Marinis|Knock Off|p2b: Dragonite
|-damage|p2b: Dragonite|13/100
|
|-weather|RainDance|[upkeep]
|upkeep
|turn|7
|-message|eratakate forfeited.
|
|win|Cristante terabug
|l|☆eratakate
|player|p2|
||eratakate is ready for game 2.
