|j|☆wesrui
|j|☆PlayzNSlayz
|html|wesruiPlayzNSlayz    
|uhtml|bestof|Game 2 of a best-of-3
|t:|1757108205
|gametype|doubles
|player|p1|wesrui|silver|
|player|p2|PlayzNSlayz|backpacker|
|gen|9
|tier|[Gen 9] VGC 2025 Reg H (Bo3)
|rule|Species Clause: Limit one of each Pokémon
|rule|Item Clause: Limit 1 of each item
|clearpoke
|poke|p1|Sneasler, L50, F|
|poke|p1|Dragonite, L50, F|
|poke|p1|Rillaboom, L50, F|
|poke|p1|Basculegion, L50, M|
|poke|p1|Volcarona, L50, M|
|poke|p1|Kingambit, L50, M|
|poke|p2|Lilligant-Hisui, L50, F|
|poke|p2|Ursaluna, L50, M|
|poke|p2|Hatterene, L50, F|
|poke|p2|Indeedee-F, L50, F|
|poke|p2|Gallade, L50, M|
|poke|p2|Torkoal, L50, F|
|teampreview|4
|showteam|p1|Sneasler||FocusSash|Unburden|CloseCombat,DireClaw,Coaching,Protect|||F|||50|,,,,,Ghost]Dragonite||LoadedDice|Multiscale|ScaleShot,ExtremeSpeed,Haze,Protect|||F|||50|,,,,,Fairy]Rillaboom||MiracleSeed|GrassySurge|WoodHammer,GrassyGlide,Taunt,FakeOut|||F|||50|,,,,,Fire]Basculegion||ChoiceScarf|Adaptability|WaveCrash,FlipTurn,LastRespects,TeraBlast|||M|||50|,,,,,Fairy]Volcarona||CovertCloak|FlameBody|HeatWave,TeraBlast,QuiverDance,Protect|||M|||50|,,,,,Fairy]Kingambit||AssaultVest|Defiant|KowtowCleave,SuckerPunch,IronHead,LowKick|||M|||50|,,,,,Ghost
|showteam|p2|Lilligant-Hisui||FocusSash|Chlorophyll|SolarBlade,CloseCombat,SleepPowder,AfterYou|||F|||50|,,,,,Ghost]Ursaluna||FlameOrb|Guts|Facade,HeadlongRush,Earthquake,Protect|||M|||50|,,,,,Ghost]Hatterene||LifeOrb|MagicBounce|ExpandingForce,DazzlingGleam,TeraBlast,TrickRoom|||F|||50|,,,,,Fire]Indeedee-F||PsychicSeed|PsychicSurge|FollowMe,HelpingHand,TrickRoom,Psyshock|||F|||50|,,,,,Water]Gallade||ClearAmulet|Sharpness|SacredSword,PsychoCut,WideGuard,TrickRoom|||M|||50|,,,,,Grass]Torkoal||ChoiceSpecs|Drought|Eruption,HeatWave,WeatherBall,EarthPower|||F|||50|,,,,,Fire
|inactive|Battle timer is ON: inactive players will automatically lose when time's up. (requested by wesrui)
|inactive|wesrui has 60 seconds left.
|inactive|PlayzNSlayz has 60 seconds left.
|
|t:|1757108245
|teamsize|p1|4
|teamsize|p2|4
|start
|switch|p1a: Kingambit|Kingambit, L50, M|100/100
|switch|p1b: Rillaboom|Rillaboom, L50, F|100/100
|switch|p2a: Gallade|Gallade, L50, M|100/100
|switch|p2b: Ursaluna|Ursaluna, L50, M|100/100
|-fieldstart|move: Grassy Terrain|[from] ability: Grassy Surge|[of] p1b: Rillaboom
|turn|1
|
|t:|1757108265
|switch|p2a: Torkoal|Torkoal, L50, F|100/100
|-weather|SunnyDay|[from] ability: Drought|[of] p2a: Torkoal
|move|p2b: Ursaluna|Protect|p2b: Ursaluna
|-singleturn|p2b: Ursaluna|Protect
|move|p1b: Rillaboom|Taunt|p2a: Torkoal
|-start|p2a: Torkoal|move: Taunt
|move|p1a: Kingambit|Kowtow Cleave|p2b: Ursaluna
|-activate|p2b: Ursaluna|move: Protect
|
|-weather|SunnyDay|[upkeep]
|-status|p2b: Ursaluna|brn|[from] item: Flame Orb
|upkeep
|turn|2
|inactive|wesrui has 30 seconds left.
|
|t:|1757108298
|-terastallize|p1a: Kingambit|Ghost
|-terastallize|p2a: Torkoal|Fire
|move|p1b: Rillaboom|Wood Hammer|p2b: Ursaluna
|-supereffective|p2b: Ursaluna
|-damage|p2b: Ursaluna|0 fnt
|faint|p2b: Ursaluna
|-damage|p1b: Rillaboom|63/100|[from] Recoil
|move|p1a: Kingambit|Kowtow Cleave|p2a: Torkoal
|-damage|p2a: Torkoal|62/100
|move|p2a: Torkoal|Eruption|p1b: Rillaboom|[spread] p1a,p1b
|-supereffective|p1b: Rillaboom
|-damage|p1a: Kingambit|41/100
|-damage|p1b: Rillaboom|0 fnt
|faint|p1b: Rillaboom
|
|-weather|SunnyDay|[upkeep]
|-heal|p1a: Kingambit|46/100|[from] Grassy Terrain
|-heal|p2a: Torkoal|68/100|[from] Grassy Terrain
|upkeep
|
|t:|1757108317
|switch|p1b: Volcarona|Volcarona, L50, M|100/100
|switch|p2b: Lilligant|Lilligant-Hisui, L50, F|100/100
|turn|3
|inactive|wesrui has 30 seconds left.
|inactive|wesrui has 20 seconds left.
|inactive|wesrui has 15 seconds left.
|
|t:|1757108357
|move|p2b: Lilligant|Close Combat|p1b: Volcarona
|-resisted|p1b: Volcarona
|-damage|p1b: Volcarona|65/100
|-unboost|p2b: Lilligant|def|1
|-unboost|p2b: Lilligant|spd|1
|move|p1b: Volcarona|Quiver Dance|p1b: Volcarona
|-boost|p1b: Volcarona|spa|1
|-boost|p1b: Volcarona|spd|1
|-boost|p1b: Volcarona|spe|1
|move|p1a: Kingambit|Kowtow Cleave|p2b: Lilligant
|-resisted|p2b: Lilligant
|-damage|p2b: Lilligant|49/100
|move|p2a: Torkoal|Eruption|p1b: Volcarona|[spread] p1a,p1b
|-damage|p1a: Kingambit|0 fnt
|-damage|p1b: Volcarona|5/100
|faint|p1a: Kingambit
|
|-weather|SunnyDay|[upkeep]
|-heal|p2b: Lilligant|55/100|[from] Grassy Terrain
|-heal|p1b: Volcarona|11/100|[from] Grassy Terrain
|-heal|p2a: Torkoal|74/100|[from] Grassy Terrain
|-end|p2a: Torkoal|move: Taunt
|upkeep
|
|t:|1757108374
|switch|p1a: Sneasler|Sneasler, L50, F|100/100
|turn|4
|
|t:|1757108390
|move|p2b: Lilligant|Close Combat|p1a: Sneasler
|-resisted|p1a: Sneasler
|-damage|p1a: Sneasler|52/100
|-unboost|p2b: Lilligant|def|1
|-unboost|p2b: Lilligant|spd|1
|move|p1b: Volcarona|Heat Wave|p2a: Torkoal|[spread] p2a,p2b
|-resisted|p2a: Torkoal
|-supereffective|p2b: Lilligant
|-damage|p2a: Torkoal|23/100
|-damage|p2b: Lilligant|0 fnt
|faint|p2b: Lilligant
|move|p1a: Sneasler|Dire Claw|p2a: Torkoal
|-damage|p2a: Torkoal|0 fnt
|faint|p2a: Torkoal
|
|-weather|SunnyDay|[upkeep]
|-heal|p1b: Volcarona|18/100|[from] Grassy Terrain
|-heal|p1a: Sneasler|58/100|[from] Grassy Terrain
|upkeep
|
|t:|1757108406
|switch|p2b: Gallade|Gallade, L50, M|100/100
|turn|5
|
|t:|1757108421
|move|p2b: Gallade|Wide Guard|p2b: Gallade
|-singleturn|p2b: Gallade|Wide Guard
|move|p1b: Volcarona|Heat Wave|p2b: Gallade
|-activate|p2b: Gallade|move: Wide Guard
|move|p1a: Sneasler|Dire Claw|p2b: Gallade
|-damage|p2b: Gallade|39/100
|
|-weather|none
|-heal|p1b: Volcarona|24/100|[from] Grassy Terrain
|-heal|p1a: Sneasler|64/100|[from] Grassy Terrain
|-heal|p2b: Gallade|44/100|[from] Grassy Terrain
|-fieldend|move: Grassy Terrain
|upkeep
|turn|6
|
|t:|1757108433
|move|p1b: Volcarona|Tera Blast|p2b: Gallade
|-damage|p2b: Gallade|7/100
|move|p1a: Sneasler|Dire Claw|p2b: Gallade
|-damage|p2b: Gallade|0 fnt
|faint|p2b: Gallade
|
|win|wesrui
|c|☆wesrui|gg
|c|☆PlayzNSlayz|gg
