|j|☆koihoiboi
|j|☆Nadelsssss
|html|koihoiboiNadelsssss    
|uhtml|bestof|Game 1 of a best-of-3
|t:|1785923872
|gametype|doubles
|player|p1|koihoiboi|266|1180
|player|p2|Nadelsssss|steven|1179
|gen|9
|tier|[Gen 9 Champions] VGC 2026 Reg M-B (Bo3)
|rated|
|rule|Species Clause: Limit one of each Pokémon
|rule|Item Clause: Limit 1 of each item
|clearpoke
|poke|p1|Staraptor, L50, M|
|poke|p1|Whimsicott, L50, F|
|poke|p1|Kingambit, L50, F|
|poke|p1|Gengar, L50, M|
|poke|p1|Garchomp, L50, F|
|poke|p1|Sinistcha, L50|
|poke|p2|Charizard, L50, M|
|poke|p2|Sylveon, L50, M|
|poke|p2|Farigiraf, L50, F|
|poke|p2|Garchomp, L50, F|
|poke|p2|Aerodactyl, L50, M|
|poke|p2|Kingambit, L50, F|
|teampreview|4
|showteam|p1|Staraptor||Staraptite|Intimidate|Protect,BraveBird,CloseCombat,Roost|Jolly||M|||50|]Whimsicott||FairyFeather|Prankster|Encore,Tailwind,Charm,Moonblast|Timid||F|||50|]Kingambit||FocusSash|Defiant|Protect,IronHead,SuckerPunch,KowtowCleave|Adamant||F|||50|]Gengar||Gengarite|CursedBody|Protect,ShadowBall,Psychic,SludgeBomb|Timid||M|||50|]Garchomp||ChoiceScarf|RoughSkin|DragonClaw,Earthquake,RockSlide,StompingTantrum|Adamant||F|||50|]Sinistcha||SitrusBerry|Hospitality|MatchaGotcha,LifeDew,ShadowBall,TrickRoom|Modest|||||50|
|showteam|p2|Charizard||CharizarditeY|SolarPower|WeatherBall,HeatWave,SolarBeam,Protect|Modest||M|||50|]Sylveon||FairyFeather|Pixilate|HyperVoice,HyperBeam,QuickAttack,Detect|Modest||M|||50|]Farigiraf||SitrusBerry|ArmorTail|PsychicFangs,Thunderbolt,SunnyDay,TrickRoom|Relaxed||F|||50|]Garchomp||LifeOrb|RoughSkin|DragonClaw,Earthquake,StompingTantrum,Protect|Jolly||F|||50|]Aerodactyl||Aerodactylite|Unnerve|RockSlide,DualWingbeat,Tailwind,IceFang|Jolly||M|||50|]Kingambit||FocusSash|Defiant|SuckerPunch,KowtowCleave,IronHead,LowKick|Adamant||F|||50|
|inactive|Battle timer is ON: inactive players will automatically lose when time's up. (requested by koihoiboi)
|inactive|koihoiboi has 60 seconds left.
|inactive|Nadelsssss has 60 seconds left.
|
|t:|1785923920
|teamsize|p1|4
|teamsize|p2|4
|start
|switch|p1a: Garchomp|Garchomp, L50, F|100/100
|switch|p1b: Whimsicott|Whimsicott, L50, F|100/100
|switch|p2a: Sylveon|Sylveon, L50, M|100/100
|switch|p2b: Kingambit|Kingambit, L50, F|100/100
|turn|1
|c|☆koihoiboi|Gl, hf!
|inactive|Nadelsssss has 30 seconds left.
|inactive|Nadelsssss has 20 seconds left.
|inactive|Nadelsssss has 15 seconds left.
|
|t:|1785923960
|move|p1a: Garchomp|Earthquake|p2a: Sylveon|[spread] p1b,p2a,p2b
|-resisted|p1b: Whimsicott|1
|-supereffective|p2b: Kingambit|1
|-damage|p1b: Whimsicott|68/100
|-damage|p2a: Sylveon|53/100
|-damage|p2b: Kingambit|21/100
|move|p1b: Whimsicott|Moonblast|p2a: Sylveon
|-damage|p2a: Sylveon|20/100y
|move|p2b: Kingambit|Iron Head|p1b: Whimsicott
|-supereffective|p1b: Whimsicott|1
|-damage|p1b: Whimsicott|0 fnt
|faint|p1b: Whimsicott
|move|p2a: Sylveon|Hyper Voice|p1a: Garchomp
|-supereffective|p1a: Garchomp|1
|-damage|p1a: Garchomp|0 fnt
|faint|p1a: Garchomp
|
|upkeep
|
|t:|1785923973
|switch|p1b: Sinistcha|Sinistcha, L50|100/100
|switch|p1a: Staraptor|Staraptor, L50, M|100/100
|-ability|p1a: Staraptor|Intimidate|boost
|-unboost|p2a: Sylveon|atk|1
|-unboost|p2b: Kingambit|atk|1
|-ability|p2b: Kingambit|Defiant|boost
|-boost|p2b: Kingambit|atk|2
|turn|2
|inactive|Nadelsssss has 30 seconds left.
|inactive|Nadelsssss has 20 seconds left.
|inactive|Nadelsssss has 15 seconds left.
|
|t:|1785924018
|switch|p2a: Aerodactyl|Aerodactyl, L50, M|100/100
|-ability|p2a: Aerodactyl|Unnerve
|detailschange|p1a: Staraptor|Staraptor-Mega, L50, M
|-mega|p1a: Staraptor|Staraptor|Staraptite
|move|p1a: Staraptor|Close Combat|p2b: Kingambit
|-supereffective|p2b: Kingambit|2
|-damage|p2b: Kingambit|0 fnt
|-boost|p1a: Staraptor|def|1
|-boost|p1a: Staraptor|spd|1
|faint|p2b: Kingambit
|move|p1b: Sinistcha|Shadow Ball|p2a: Aerodactyl
|-damage|p2a: Aerodactyl|52/100
|
|upkeep
|
|t:|1785924030
|switch|p2b: Sylveon|Sylveon, L50, M|20/100y
|turn|3
|
|t:|1785924051
|detailschange|p2a: Aerodactyl|Aerodactyl-Mega, L50, M
|-mega|p2a: Aerodactyl|Aerodactyl|Aerodactylite
|move|p2a: Aerodactyl|Tailwind|p2a: Aerodactyl
|-sidestart|p2: Nadelsssss|move: Tailwind
|move|p2b: Sylveon|Hyper Voice|p1b: Sinistcha|[spread] p1a,p1b
|-supereffective|p1a: Staraptor|1
|-damage|p1a: Staraptor|31/100
|-damage|p1b: Sinistcha|48/100
|-enditem|p1b: Sinistcha|Sitrus Berry|[eat]
|-heal|p1b: Sinistcha|73/100|[from] item: Sitrus Berry
|move|p1a: Staraptor|Close Combat|p2b: Sylveon
|-resisted|p2b: Sylveon|1
|-damage|p2b: Sylveon|0 fnt
|-boost|p1a: Staraptor|def|1
|-boost|p1a: Staraptor|spd|1
|faint|p2b: Sylveon
|move|p1b: Sinistcha|Life Dew|p1b: Sinistcha|[spread] p1a,p1b
|-heal|p1a: Staraptor|56/100
|-heal|p1b: Sinistcha|98/100
|
|upkeep
|
|t:|1785924067
|switch|p2b: Farigiraf|Farigiraf, L50, F|100/100
|turn|4
|
|t:|1785924091
|move|p1a: Staraptor|Protect|p1a: Staraptor
|-singleturn|p1a: Staraptor|Protect
|move|p2a: Aerodactyl|Dual Wingbeat|p1a: Staraptor
|-activate|p1a: Staraptor|move: Protect
|move|p2b: Farigiraf|Psychic Fangs|p1a: Staraptor
|-activate|p1a: Staraptor|move: Protect
|move|p1b: Sinistcha|Life Dew|p1b: Sinistcha|[spread] p1a,p1b
|-heal|p1a: Staraptor|81/100
|-heal|p1b: Sinistcha|100/100
|
|upkeep
|turn|5
|
|t:|1785924112
|move|p2a: Aerodactyl|Dual Wingbeat|p1a: Staraptor
|-supereffective|p1a: Staraptor|1
|-damage|p1a: Staraptor|53/100
|-supereffective|p1a: Staraptor|1
|-damage|p1a: Staraptor|23/100
|-hitcount|p1a: Staraptor|2
|move|p1a: Staraptor|Close Combat|p2a: Aerodactyl
|-damage|p2a: Aerodactyl|0 fnt
|-boost|p1a: Staraptor|def|1
|-boost|p1a: Staraptor|spd|1
|faint|p2a: Aerodactyl
|move|p2b: Farigiraf|Psychic Fangs|p1a: Staraptor
|-supereffective|p1a: Staraptor|1
|-damage|p1a: Staraptor|0 fnt
|faint|p1a: Staraptor
|move|p1b: Sinistcha|Matcha Gotcha|p2b: Farigiraf
|-damage|p2b: Farigiraf|61/100
|
|upkeep
|turn|6
|
|t:|1785924134
|move|p2b: Farigiraf|Psychic Fangs|p1b: Sinistcha
|-damage|p1b: Sinistcha|78/100
|move|p1b: Sinistcha|Matcha Gotcha|p2b: Farigiraf|[miss]
|-miss|p1b: Sinistcha|p2b: Farigiraf
|
|-sideend|p2: Nadelsssss|move: Tailwind
|upkeep
|turn|7
|
|t:|1785924143
|move|p1b: Sinistcha|Matcha Gotcha|p2b: Farigiraf
|-damage|p2b: Farigiraf|28/100
|-heal|p1b: Sinistcha|98/100|[from] drain|[of] p2b: Farigiraf
|-enditem|p2b: Farigiraf|Sitrus Berry|[eat]
|-heal|p2b: Farigiraf|53/100|[from] item: Sitrus Berry
|move|p2b: Farigiraf|Psychic Fangs|p1b: Sinistcha
|-damage|p1b: Sinistcha|74/100
|
|upkeep
|turn|8
|
|t:|1785924153
|move|p1b: Sinistcha|Matcha Gotcha|p2b: Farigiraf
|-damage|p2b: Farigiraf|19/100
|-heal|p1b: Sinistcha|96/100|[from] drain|[of] p2b: Farigiraf
|-status|p2b: Farigiraf|brn
|move|p2b: Farigiraf|Psychic Fangs|p1b: Sinistcha
|-damage|p1b: Sinistcha|84/100
|
|-damage|p2b: Farigiraf|13/100 brn|[from] brn
|upkeep
|turn|9
|
|t:|1785924168
|move|p1b: Sinistcha|Matcha Gotcha|p2b: Farigiraf
|-damage|p2b: Farigiraf|0 fnt
|-heal|p1b: Sinistcha|92/100|[from] drain|[of] p2b: Farigiraf
|faint|p2b: Farigiraf
|
|win|koihoiboi
||koihoiboi is ready for game 2.
||Nadelsssss is ready for game 2.
|uhtml|next|Next: Game 2 of 3
|l|☆Nadelsssss
|player|p2|
