|j|☆Joshee01
|j|☆mrsuaaaaj
|html|Joshee01mrsuaaaaj    
|uhtml|bestof|Game 1 of a best-of-3
|t:|1782661339
|gametype|doubles
|player|p1|Joshee01|cameraman|1017
|player|p2|mrsuaaaaj|170|1097
|gen|9
|tier|[Gen 9 Champions] VGC 2026 Reg M-B (Bo3)
|rated|
|rule|Species Clause: Limit one of each Pokémon
|rule|Item Clause: Limit 1 of each item
|clearpoke
|poke|p1|Steelix, L50, M|
|poke|p1|Sinistcha-Masterpiece, L50|
|poke|p1|Milotic, L50, F|
|poke|p1|Torkoal, L50, M|
|poke|p1|Hatterene, L50, F|
|poke|p1|Gengar, L50, F|
|poke|p2|Charizard, L50, F|
|poke|p2|Incineroar, L50, M|
|poke|p2|Farigiraf, L50, F|
|poke|p2|Sylveon, L50, M|
|poke|p2|Aerodactyl, L50, M|
|poke|p2|Venusaur, L50, M|
|teampreview|4
|showteam|p1|Steelix||Steelixite|RockHead|BodyPress,IronDefense,SteelBeam,EarthPower|Relaxed||M|||50|]Sinistcha-Masterpiece||FocusSash|Hospitality|TrickRoom,ShadowBall,MatchaGotcha,Protect|Relaxed|||||50|]Milotic||LifeOrb|Competitive|IceBeam,Scald,FlipTurn,Protect|Sassy||F|||50|]Torkoal||Charcoal|Drought|SolarBeam,Eruption,Protect,Flamethrower|Quiet||M|||50|]Hatterene||Leftovers|MagicBounce|DazzlingGleam,TrickRoom,Protect,Psychic|Sassy||F|||50|]Gengar||Gengarite|CursedBody|PerishSong,EnergyBall,DestinyBond,Protect|Relaxed||F|||50|
|showteam|p2|Charizard||CharizarditeY|Blaze|Protect,HeatWave,SolarBeam,WeatherBall|Timid||F|||50|]Incineroar||PasshoBerry|Intimidate|FakeOut,FlareBlitz,DarkestLariat,PartingShot|Careful||M|||50|]Farigiraf||SitrusBerry|ArmorTail|PsychicFangs,Thunderbolt,Roar,TrickRoom|Relaxed||F|||50|]Sylveon||FairyFeather|Pixilate|Detect,HyperVoice,HyperBeam,QuickAttack|Modest||M|||50|]Aerodactyl||FocusSash|Unnerve|Protect,RockSlide,IceFang,Tailwind|Jolly||M|||50|]Venusaur||LifeOrb|Chlorophyll|Protect,GigaDrain,SludgeBomb,EarthPower|Modest||M|||50|
|
|t:|1782661400
|teamsize|p1|4
|teamsize|p2|4
|start
|switch|p1a: Brick wall|Steelix, L50, M|100/100
|switch|p1b: Milotic|Milotic, L50, F|100/100
|switch|p2a: Charizard|Charizard, L50, F|100/100
|switch|p2b: Venusaur|Venusaur, L50, M|100/100
|turn|1
|
|t:|1782661437
|detailschange|p2a: Charizard|Charizard-Mega-Y, L50, F
|-mega|p2a: Charizard|Charizard|Charizardite Y
|-weather|SunnyDay|[from] ability: Drought|[of] p2a: Charizard
|detailschange|p1a: Brick wall|Steelix-Mega, L50, M
|-mega|p1a: Brick wall|Steelix|Steelixite
|move|p2b: Venusaur|Earth Power|p1a: Brick wall
|-supereffective|p1a: Brick wall|1
|-damage|p1a: Brick wall|17/100
|-damage|p2b: Venusaur|90/100|[from] item: Life Orb
|move|p2a: Charizard|Weather Ball|p1a: Brick wall
|-supereffective|p1a: Brick wall|1
|-damage|p1a: Brick wall|0 fnt
|faint|p1a: Brick wall
|move|p1b: Milotic|Scald|p2a: Charizard
|-supereffective|p2a: Charizard|1
|-damage|p2a: Charizard|57/100
|-damage|p1b: Milotic|90/100|[from] item: Life Orb
|
|-weather|SunnyDay|[upkeep]
|upkeep
|
|t:|1782661453
|switch|p1a: Sinistcha|Sinistcha-Masterpiece, L50|100/100
|-heal|p1b: Milotic|100/100|[from] ability: Hospitality|[of] p1a: Sinistcha
|turn|2
|
|t:|1782661460
|move|p2b: Venusaur|Giga Drain|p1b: Milotic
|-supereffective|p1b: Milotic|1
|-damage|p1b: Milotic|42/100
|-heal|p2b: Venusaur|100/100|[from] drain|[of] p1b: Milotic
|-damage|p2b: Venusaur|90/100|[from] item: Life Orb
|move|p2a: Charizard|Weather Ball|p1a: Sinistcha
|-supereffective|p1a: Sinistcha|1
|-enditem|p1a: Sinistcha|Focus Sash
|-damage|p1a: Sinistcha|1/100
|move|p1b: Milotic|Scald|p2a: Charizard
|-supereffective|p2a: Charizard|1
|-damage|p2a: Charizard|20/100y
|-damage|p1b: Milotic|32/100|[from] item: Life Orb
|move|p1a: Sinistcha|Trick Room|p1a: Sinistcha
|-fieldstart|move: Trick Room|[of] p1a: Sinistcha
|
|-weather|SunnyDay|[upkeep]
|upkeep
|turn|3
|
|t:|1782661484
|move|p2a: Charizard|Protect|p2a: Charizard
|-singleturn|p2a: Charizard|Protect
|move|p1a: Sinistcha|Shadow Ball|p2a: Charizard
|-activate|p2a: Charizard|move: Protect
|move|p1b: Milotic|Ice Beam|p2b: Venusaur
|-supereffective|p2b: Venusaur|1
|-damage|p2b: Venusaur|22/100
|-damage|p1b: Milotic|22/100|[from] item: Life Orb
|move|p2b: Venusaur|Giga Drain|p1b: Milotic
|-supereffective|p1b: Milotic|1
|-damage|p1b: Milotic|0 fnt
|-heal|p2b: Venusaur|34/100|[from] drain|[of] p1b: Milotic
|faint|p1b: Milotic
|-damage|p2b: Venusaur|24/100|[from] item: Life Orb
|
|-weather|SunnyDay|[upkeep]
|upkeep
|
|t:|1782661497
|switch|p1b: Torkoal|Torkoal, L50, M|100/100
|turn|4
|
|t:|1782661517
|move|p2a: Charizard|Protect||[still]
|-fail|p2a: Charizard
|move|p2b: Venusaur|Protect|p2b: Venusaur
|-singleturn|p2b: Venusaur|Protect
|move|p1b: Torkoal|Eruption|p2a: Charizard|[spread] p2a
|-activate|p2b: Venusaur|move: Protect
|-resisted|p2a: Charizard|1
|-crit|p2a: Charizard
|-damage|p2a: Charizard|0 fnt
|faint|p2a: Charizard
|move|p1a: Sinistcha|Shadow Ball|p2b: Venusaur
|-activate|p2b: Venusaur|move: Protect
|
|-weather|SunnyDay|[upkeep]
|upkeep
|
|t:|1782661532
|switch|p2a: Sylveon|Sylveon, L50, M|100/100
|turn|5
|
|t:|1782661543
|move|p2b: Venusaur|Protect||[still]
|-fail|p2b: Venusaur
|move|p2a: Sylveon|Quick Attack|p1a: Sinistcha
|-damage|p1a: Sinistcha|0 fnt
|faint|p1a: Sinistcha
|move|p1b: Torkoal|Eruption|p2b: Venusaur|[spread] p2a,p2b
|-supereffective|p2b: Venusaur|1
|-damage|p2a: Sylveon|24/100
|-damage|p2b: Venusaur|0 fnt
|faint|p2b: Venusaur
|
|-weather|none
|upkeep
|
|t:|1782661553
|switch|p2b: Aerodactyl|Aerodactyl, L50, M|100/100
|-ability|p2b: Aerodactyl|Unnerve
|turn|6
|
|t:|1782661562
|move|p2a: Sylveon|Detect|p2a: Sylveon
|-singleturn|p2a: Sylveon|Protect
|move|p2b: Aerodactyl|Protect|p2b: Aerodactyl
|-singleturn|p2b: Aerodactyl|Protect
|move|p1b: Torkoal|Eruption|p2a: Sylveon|[spread] 
|-activate|p2a: Sylveon|move: Protect
|-activate|p2b: Aerodactyl|move: Protect
|
|-fieldend|move: Trick Room
|upkeep
|turn|7
|
|t:|1782661577
|move|p2b: Aerodactyl|Rock Slide|p1b: Torkoal
|-supereffective|p1b: Torkoal|1
|-damage|p1b: Torkoal|51/100
|move|p2a: Sylveon|Hyper Beam|p1b: Torkoal|[miss]
|-miss|p2a: Sylveon|p1b: Torkoal
|move|p1b: Torkoal|Flamethrower|p2a: Sylveon
|-damage|p2a: Sylveon|0 fnt
|faint|p2a: Sylveon
|
|upkeep
|turn|8
|
|t:|1782661590
|move|p2b: Aerodactyl|Rock Slide|p1b: Torkoal
|-supereffective|p1b: Torkoal|1
|-damage|p1b: Torkoal|2/100
|move|p1b: Torkoal|Flamethrower|p2b: Aerodactyl
|-resisted|p2b: Aerodactyl|1
|-damage|p2b: Aerodactyl|67/100
|
|upkeep
|turn|9
|
|t:|1782661600
|move|p2b: Aerodactyl|Rock Slide|p1b: Torkoal
|-supereffective|p1b: Torkoal|1
|-damage|p1b: Torkoal|0 fnt
|faint|p1b: Torkoal
|
|win|mrsuaaaaj
|inactive|Joshee01 has 30 seconds to confirm battle start!
|inactive|mrsuaaaaj has 30 seconds to confirm battle start!
||Joshee01 is ready for game 2.
||mrsuaaaaj is ready for game 2.
|uhtml|next|Next: Game 2 of 3
|l|☆Joshee01
|player|p1|
