|j|☆KingCobra42
|j|☆Derocker714
|html|KingCobra42Derocker714    
|uhtml|bestof|Game 1 of a best-of-3
|t:|1783260596
|gametype|doubles
|player|p1|KingCobra42|2|
|player|p2|Derocker714|colress|
|gen|9
|tier|[Gen 9 Champions] VGC 2026 Reg M-B (Bo3)
|rule|Species Clause: Limit one of each Pokémon
|rule|Item Clause: Limit 1 of each item
|clearpoke
|poke|p1|Pelipper, L50, F, shiny|
|poke|p1|Meganium, L50, F|
|poke|p1|Mr. Rime, L50, M|
|poke|p1|Dragonite, L50, M|
|poke|p1|Archaludon, L50, M|
|poke|p1|Palafin, L50, F|
|poke|p2|Gengar, L50, M, shiny|
|poke|p2|Maushold-Four, L50|
|poke|p2|Tinkaton, L50, F|
|poke|p2|Ninetales, L50, M, shiny|
|poke|p2|Kommo-o, L50, F, shiny|
|poke|p2|Rotom-Mow, L50|
|teampreview|4
|showteam|p1|Pelipper||SitrusBerry|Drizzle|Hurricane,WideGuard,Tailwind,WeatherBall|Timid||F|||50|]Meganium||Meganiumite|Overgrow|SolarBeam,Protect,WeatherBall,DazzlingGleam|Modest||F|||50|]Mr. Rime||FocusSash|ScreenCleaner|SkillSwap,Reflect,HelpingHand,FakeOut|Bold||M|||50|]Dragonite||DragonFang|Multiscale|ExtremeSpeed,IceSpinner,DragonClaw,Protect|Serious||M|||50|]Archaludon||Leftovers|Stamina|ElectroShot,FlashCannon,DragonPulse,Protect|Modest||M|||50|]Palafin||MysticWater|ZerotoHero|WaveCrash,JetPunch,BulkUp,Protect|Adamant||F|||50|
|showteam|p2|Gengar||Gengarite|CursedBody|Protect,Disable,PerishSong,SludgeBomb|Calm||M|||50|]Maushold-Four||SitrusBerry|FriendGuard|Protect,FollowMe,Encore,SuperFang|Jolly|||||50|]Tinkaton||FocusSash|MoldBreaker|FakeOut,PlayRough,GigatonHammer,Encore|Jolly||F|||50|]Ninetales||PasshoBerry|Drought|Protect,Encore,Disable,MysticalFire|Timid||M|||50|]Kommo-o||Leftovers|Soundproof|Protect,ClangingScales,AuraSphere,ClangorousSoul|Modest||F|||50|]Rotom-Mow||ChoiceScarf|Levitate|VoltSwitch,Thunderbolt,Trick,LeafStorm|Timid|||||50|
|
|t:|1783260694
|teamsize|p1|4
|teamsize|p2|4
|start
|switch|p1a: Palafin|Palafin, L50, F|100/100
|switch|p1b: Pelipper|Pelipper, L50, F, shiny|100/100
|switch|p2a: Phantom Forces|Gengar, L50, M, shiny|100/100
|switch|p2b: Prize Pack 9|Tinkaton, L50, F|100/100
|-ability|p2b: Prize Pack 9|Mold Breaker
|-weather|RainDance|[from] ability: Drizzle|[of] p1b: Pelipper
|turn|1
|
|t:|1783260744
|switch|p2b: Burning Shadows|Ninetales, L50, M, shiny|100/100
|-weather|SunnyDay|[from] ability: Drought|[of] p2b: Burning Shadows
|detailschange|p1a: Palafin|Palafin-Hero, L50, F
|switch|p1a: Dragonite|Dragonite, L50, M|100/100
|detailschange|p2a: Phantom Forces|Gengar-Mega, L50, M, shiny
|-mega|p2a: Phantom Forces|Gengar|Gengarite
|move|p2a: Phantom Forces|Protect|p2a: Phantom Forces
|-singleturn|p2a: Phantom Forces|Protect
|move|p1b: Pelipper|Tailwind|p1b: Pelipper
|-sidestart|p1: KingCobra42|move: Tailwind
|
|-weather|SunnyDay|[upkeep]
|upkeep
|turn|2
|
|t:|1783260793
|move|p1b: Pelipper|Wide Guard|p1b: Pelipper
|-singleturn|p1b: Pelipper|Wide Guard
|move|p1a: Dragonite|Dragon Claw|p2b: Burning Shadows
|-damage|p2b: Burning Shadows|40/100
|move|p2a: Phantom Forces|Disable|p1a: Dragonite
|-start|p1a: Dragonite|Disable|Dragon Claw
|move|p2b: Burning Shadows|Encore|p1a: Dragonite
|-start|p1a: Dragonite|Encore
|
|-weather|SunnyDay|[upkeep]
|upkeep
|turn|3
|
|t:|1783260821
|switch|p2b: Prize Pack 9|Tinkaton, L50, F|100/100
|-ability|p2b: Prize Pack 9|Mold Breaker
|-activate|p1a: Dragonite|move: Struggle
|move|p1a: Dragonite|Struggle|p2b: Prize Pack 9
|-damage|p2b: Prize Pack 9|75/100
|-damage|p1a: Dragonite|75/100|[from] recoil
|move|p1b: Pelipper|Hurricane|p2b: Prize Pack 9|[miss]
|-miss|p1b: Pelipper|p2b: Prize Pack 9
|move|p2a: Phantom Forces|Perish Song|p2a: Phantom Forces
|-start|p1a: Dragonite|perish3|[silent]
|-start|p1b: Pelipper|perish3|[silent]
|-start|p2a: Phantom Forces|perish3|[silent]
|-start|p2b: Prize Pack 9|perish3|[silent]
|-fieldactivate|move: Perish Song
|
|-weather|SunnyDay|[upkeep]
|-start|p1a: Dragonite|perish3
|-start|p1b: Pelipper|perish3
|-start|p2a: Phantom Forces|perish3
|-start|p2b: Prize Pack 9|perish3
|upkeep
|turn|4
|
|t:|1783260852
|move|p2b: Prize Pack 9|Fake Out|p1b: Pelipper
|-damage|p1b: Pelipper|86/100
|-activate|p1a: Dragonite|move: Struggle
|move|p1a: Dragonite|Struggle|p2a: Phantom Forces
|-damage|p2a: Phantom Forces|74/100
|-damage|p1a: Dragonite|50/100y|[from] recoil
|cant|p1b: Pelipper|flinch
|move|p2a: Phantom Forces|Sludge Bomb|p1a: Dragonite
|-damage|p1a: Dragonite|0 fnt
|faint|p1a: Dragonite
|
|-weather|SunnyDay|[upkeep]
|-start|p1b: Pelipper|perish2
|-start|p2a: Phantom Forces|perish2
|-start|p2b: Prize Pack 9|perish2
|-sideend|p1: KingCobra42|move: Tailwind
|upkeep
|
|t:|1783260857
|switch|p1a: Palafin|Palafin-Hero, L50, F|100/100
|-activate|p1a: Palafin|ability: Zero to Hero
|turn|5
|
|t:|1783260896
|move|p2a: Phantom Forces|Protect|p2a: Phantom Forces
|-singleturn|p2a: Phantom Forces|Protect
|move|p2b: Prize Pack 9|Play Rough|p1a: Palafin
|-damage|p1a: Palafin|71/100
|move|p1b: Pelipper|Weather Ball|p2b: Prize Pack 9
|-supereffective|p2b: Prize Pack 9|1
|-damage|p2b: Prize Pack 9|0 fnt
|faint|p2b: Prize Pack 9
|move|p1a: Palafin|Wave Crash|p2a: Phantom Forces
|-activate|p2a: Phantom Forces|move: Protect
|
|-weather|none
|-start|p2a: Phantom Forces|perish1
|-start|p1b: Pelipper|perish1
|upkeep
|
|t:|1783260915
|switch|p2b: Double Crisis|Maushold-Four, L50|100/100
|turn|6
|
|t:|1783260944
|switch|p2a: Burning Shadows|Ninetales, L50, M, shiny|40/100
|-weather|SunnyDay|[from] ability: Drought|[of] p2a: Burning Shadows
|move|p1a: Palafin|Protect|p1a: Palafin
|-singleturn|p1a: Palafin|Protect
|move|p2b: Double Crisis|Super Fang|p1a: Palafin
|-activate|p1a: Palafin|move: Protect
|move|p1b: Pelipper|Hurricane|p2a: Burning Shadows
|-damage|p2a: Burning Shadows|8/100
|
|-weather|SunnyDay|[upkeep]
|-start|p1b: Pelipper|perish0
|faint|p1b: Pelipper
|upkeep
|
|t:|1783260954
|switch|p1b: Meganium|Meganium, L50, F|100/100
|turn|7
|
|t:|1783260986
|detailschange|p1b: Meganium|Meganium-Mega, L50, F
|-mega|p1b: Meganium|Meganium|Meganiumite
|move|p1a: Palafin|Jet Punch|p2a: Burning Shadows
|-supereffective|p2a: Burning Shadows|1
|-crit|p2a: Burning Shadows
|-enditem|p2a: Burning Shadows|Passho Berry|[eat]
|-enditem|p2a: Burning Shadows|Passho Berry|[weaken]
|-damage|p2a: Burning Shadows|0 fnt
|faint|p2a: Burning Shadows
|move|p2b: Double Crisis|Encore|p1a: Palafin
|-start|p1a: Palafin|Encore
|move|p1b: Meganium|Dazzling Gleam|p2b: Double Crisis
|-damage|p2b: Double Crisis|46/100
|-enditem|p2b: Double Crisis|Sitrus Berry|[eat]
|-heal|p2b: Double Crisis|71/100|[from] item: Sitrus Berry
|
|-weather|SunnyDay|[upkeep]
|upkeep
|
|t:|1783260999
|switch|p2a: Phantom Forces|Gengar-Mega, L50, M, shiny|74/100
|turn|8
|
|t:|1783261031
|move|p2b: Double Crisis|Follow Me|p2b: Double Crisis
|-singleturn|p2b: Double Crisis|move: Follow Me
|move|p1a: Palafin|Jet Punch|p2b: Double Crisis
|-damage|p2b: Double Crisis|43/100
|move|p2a: Phantom Forces|Sludge Bomb|p1b: Meganium
|-supereffective|p1b: Meganium|2
|-damage|p1b: Meganium|0 fnt
|faint|p1b: Meganium
|
|-weather|SunnyDay|[upkeep]
|upkeep
|turn|9
|
|t:|1783261046
|move|p2b: Double Crisis|Follow Me|p2b: Double Crisis
|-singleturn|p2b: Double Crisis|move: Follow Me
|move|p1a: Palafin|Jet Punch|p2b: Double Crisis
|-damage|p2b: Double Crisis|13/100
|move|p2a: Phantom Forces|Sludge Bomb|p1a: Palafin
|-crit|p1a: Palafin
|-damage|p1a: Palafin|2/100
|
|-weather|SunnyDay|[upkeep]
|upkeep
|turn|10
|
|t:|1783261055
|move|p2b: Double Crisis|Follow Me|p2b: Double Crisis
|-singleturn|p2b: Double Crisis|move: Follow Me
|move|p1a: Palafin|Jet Punch|p2b: Double Crisis
|-damage|p2b: Double Crisis|0 fnt
|faint|p2b: Double Crisis
|move|p2a: Phantom Forces|Sludge Bomb|p1a: Palafin
|-crit|p1a: Palafin
|-damage|p1a: Palafin|0 fnt
|faint|p1a: Palafin
|
|win|Derocker714
||KingCobra42 is ready for game 2.
||Derocker714 is ready for game 2.
|uhtml|next|Next: Game 2 of 3
|l|☆KingCobra42
|player|p1|
