|j|☆luckstat10
|j|☆miguelowned
|html|luckstat10miguelowned    
|uhtml|bestof|Game 3 of a best-of-3
|t:|1755791780
|gametype|doubles
|player|p1|luckstat10|2|1176
|player|p2|miguelowned|170|1186
|gen|9
|tier|[Gen 9] VGC 2025 Reg H (Bo3)
|rated|
|rule|Species Clause: Limit one of each Pokémon
|rule|Item Clause: Limit 1 of each item
|clearpoke
|poke|p1|Rillaboom, L50, M|
|poke|p1|Sneasler, L50, F|
|poke|p1|Gholdengo, L50|
|poke|p1|Volcarona, L50, F|
|poke|p1|Dragonite, L50, M|
|poke|p1|Kingambit, L50, M|
|poke|p2|Gholdengo, L50|
|poke|p2|Sneasler, L50, M|
|poke|p2|Incineroar, L50, F|
|poke|p2|Amoonguss, L50, F|
|poke|p2|Dragonite, L50, M|
|poke|p2|Ursaluna-Bloodmoon, L50, M|
|teampreview|4
|showteam|p1|Rillaboom||AssaultVest|GrassySurge|FakeOut,WoodHammer,GrassyGlide,HighHorsepower|||M|||50|,,,,,Fire]Sneasler||FocusSash|PoisonTouch|FakeOut,CloseCombat,DireClaw,Protect|||F|||50|,,,,,Stellar]Gholdengo||LifeOrb|GoodasGold|NastyPlot,MakeItRain,ShadowBall,Protect||||||50|,,,,,Water]Volcarona||SitrusBerry|FlameBody|QuiverDance,HeatWave,GigaDrain,Protect|||F|||50|,,,,,Grass]Dragonite||LoadedDice|Multiscale|ScaleShot,ExtremeSpeed,Tailwind,Protect|||M|||50|,,,,,Fairy]Kingambit||BlackGlasses|Defiant|SwordsDance,KowtowCleave,SuckerPunch,Protect|||M|||50|,,,,,Flying
|showteam|p2|Gholdengo||LifeOrb|GoodasGold|MakeItRain,ShadowBall,NastyPlot,Protect||||||50|,,,,,Water]Sneasler||FocusSash|Unburden|Protect,CloseCombat,DireClaw,ThroatChop|||M|||50|,,,,,Stellar]Incineroar||SafetyGoggles|Intimidate|FakeOut,FlareBlitz,KnockOff,PartingShot|||F|||50|,,,,,Ghost]Amoonguss||SitrusBerry|Regenerator|Spore,RagePowder,PollenPuff,Protect|||F|||50|,,,,,Psychic]Dragonite||LoadedDice|Multiscale|ScaleShot,Haze,Tailwind,Protect|||M|||50|,,,,,Fairy]Ursaluna-Bloodmoon||AssaultVest|MindsEye|HyperVoice,BloodMoon,EarthPower,VacuumWave|||M|||50|,,,,,Ghost
|inactive|Battle timer is ON: inactive players will automatically lose when time's up. (requested by miguelowned)
|
|t:|1755791821
|teamsize|p1|4
|teamsize|p2|4
|start
|switch|p1a: Dragonite|Dragonite, L50, M, shiny|100/100
|switch|p1b: Midas|Gholdengo, L50|100/100
|switch|p2a: Sneasler|Sneasler, L50, M|100/100
|switch|p2b: Dragonite|Dragonite, L50, M|100/100
|turn|1
|inactive|luckstat10 has 30 seconds left.
|inactive|luckstat10 has 20 seconds left.
|inactive|luckstat10 has 15 seconds left.
|inactive|miguelowned has 30 seconds left.
|inactive|luckstat10 has 10 seconds left.
|inactive|luckstat10 has 5 seconds left.
|inactive|miguelowned has 20 seconds left.
|inactive|miguelowned has 15 seconds left.
|
|t:|1755791880
|move|p1a: Dragonite|Extreme Speed|p2b: Dragonite
|-damage|p2b: Dragonite|82/100
|move|p2a: Sneasler|Dire Claw|p1a: Dragonite
|-damage|p1a: Dragonite|75/100
|move|p2b: Dragonite|Tailwind|p2b: Dragonite
|-sidestart|p2: miguelowned|move: Tailwind
|move|p1b: Midas|Make It Rain|p2a: Sneasler|[spread] p2a,p2b
|-damage|p2a: Sneasler|28/100
|-damage|p2b: Dragonite|21/100
|-unboost|p1b: Midas|spa|1
|-damage|p1b: Midas|90/100|[from] item: Life Orb
|
|upkeep
|turn|2
|inactive|miguelowned has 30 seconds left.
|
|t:|1755791906
|move|p1a: Dragonite|Protect|p1a: Dragonite
|-singleturn|p1a: Dragonite|Protect
|move|p2a: Sneasler|Dire Claw|p1a: Dragonite
|-activate|p1a: Dragonite|move: Protect
|move|p2b: Dragonite|Scale Shot|p1b: Midas
|-resisted|p1b: Midas
|-damage|p1b: Midas|84/100
|-resisted|p1b: Midas
|-damage|p1b: Midas|77/100
|-resisted|p1b: Midas
|-damage|p1b: Midas|70/100
|-resisted|p1b: Midas
|-damage|p1b: Midas|64/100
|-resisted|p1b: Midas
|-damage|p1b: Midas|57/100
|-hitcount|p1b: Midas|5
|-unboost|p2b: Dragonite|def|1
|-boost|p2b: Dragonite|spe|1
|move|p1b: Midas|Make It Rain|p2b: Dragonite|[spread] p2a,p2b
|-damage|p2a: Sneasler|0 fnt
|-damage|p2b: Dragonite|0 fnt
|-unboost|p1b: Midas|spa|1
|faint|p2a: Sneasler
|faint|p2b: Dragonite
|-damage|p1b: Midas|47/100|[from] item: Life Orb
|
|upkeep
|
|t:|1755791912
|switch|p2a: Gholdengo|Gholdengo, L50|100/100
|switch|p2b: Ursaluna|Ursaluna-Bloodmoon, L50, M|100/100
|turn|3
|
|t:|1755791928
|switch|p1a: Mothra|Volcarona, L50, F, shiny|100/100
|move|p2a: Gholdengo|Shadow Ball|p1b: Midas
|-supereffective|p1b: Midas
|-damage|p1b: Midas|0 fnt
|faint|p1b: Midas
|-damage|p2a: Gholdengo|91/100|[from] item: Life Orb
|move|p2b: Ursaluna|Blood Moon|p1a: Mothra
|-damage|p1a: Mothra|27/100
|-enditem|p1a: Mothra|Sitrus Berry|[eat]
|-heal|p1a: Mothra|52/100|[from] item: Sitrus Berry
|
|upkeep
|
|t:|1755791934
|switch|p1b: Dare|Sneasler, L50, F|100/100
|turn|4
|
|t:|1755791952
|move|p1b: Dare|Fake Out|p2b: Ursaluna
|-damage|p2b: Ursaluna|89/100
|-status|p2b: Ursaluna|psn|[from] ability: Poison Touch|[of] p1b: Dare
|move|p2a: Gholdengo|Make It Rain|p1a: Mothra|[spread] p1a,p1b
|-resisted|p1a: Mothra
|-damage|p1a: Mothra|22/100
|-damage|p1b: Dare|17/100
|-unboost|p2a: Gholdengo|spa|1
|-damage|p2a: Gholdengo|81/100|[from] item: Life Orb
|cant|p2b: Ursaluna|flinch
|move|p1a: Mothra|Quiver Dance|p1a: Mothra
|-boost|p1a: Mothra|spa|1
|-boost|p1a: Mothra|spd|1
|-boost|p1a: Mothra|spe|1
|
|-damage|p2b: Ursaluna|77/100 psn|[from] psn
|-sideend|p2: miguelowned|move: Tailwind
|upkeep
|turn|5
|inactive|luckstat10 has 30 seconds left.
|
|t:|1755791977
|-terastallize|p1b: Dare|Stellar
|-terastallize|p2b: Ursaluna|Ghost
|move|p1a: Mothra|Protect|p1a: Mothra
|-singleturn|p1a: Mothra|Protect
|move|p2a: Gholdengo|Protect|p2a: Gholdengo
|-singleturn|p2a: Gholdengo|Protect
|move|p1b: Dare|Close Combat|p2b: Ursaluna
|-immune|p2b: Ursaluna
|move|p2b: Ursaluna|Hyper Voice|p1a: Mothra|[spread] p1b
|-activate|p1a: Mothra|move: Protect
|-damage|p1b: Dare|0 fnt
|faint|p1b: Dare
|
|-damage|p2b: Ursaluna|65/100 psn|[from] psn
|upkeep
|
|t:|1755791982
|switch|p1b: Dragonite|Dragonite, L50, M, shiny|75/100
|turn|6
|inactive|luckstat10 has 30 seconds left.
|inactive|miguelowned has 30 seconds left.
|
|t:|1755792019
|move|p1a: Mothra|Giga Drain|p2b: Ursaluna
|-damage|p2b: Ursaluna|29/100 psn
|-heal|p1a: Mothra|40/100|[from] drain|[of] p2b: Ursaluna
|move|p2a: Gholdengo|Make It Rain|p1b: Dragonite|[spread] p1a,p1b
|-resisted|p1a: Mothra
|-damage|p1a: Mothra|26/100
|-damage|p1b: Dragonite|30/100
|-unboost|p2a: Gholdengo|spa|1
|-damage|p2a: Gholdengo|71/100|[from] item: Life Orb
|move|p1b: Dragonite|Scale Shot|p2b: Ursaluna
|-damage|p2b: Ursaluna|17/100 psn
|-damage|p2b: Ursaluna|5/100 psn
|-damage|p2b: Ursaluna|0 fnt
|faint|p2b: Ursaluna
|-hitcount|p2: Ursaluna|3
|-unboost|p1b: Dragonite|def|1
|-boost|p1b: Dragonite|spe|1
|
|upkeep
|turn|7
|inactive|luckstat10 has 30 seconds left.
|inactive|luckstat10 has 20 seconds left.
|
|t:|1755792055
|move|p1b: Dragonite|Scale Shot|p2a: Gholdengo
|-resisted|p2a: Gholdengo
|-damage|p2a: Gholdengo|62/100
|-resisted|p2a: Gholdengo
|-damage|p2a: Gholdengo|54/100
|-resisted|p2a: Gholdengo
|-damage|p2a: Gholdengo|44/100
|-resisted|p2a: Gholdengo
|-damage|p2a: Gholdengo|35/100
|-resisted|p2a: Gholdengo
|-damage|p2a: Gholdengo|26/100
|-hitcount|p2a: Gholdengo|5
|-unboost|p1b: Dragonite|def|1
|-boost|p1b: Dragonite|spe|1
|move|p1a: Mothra|Heat Wave|p2a: Gholdengo
|-supereffective|p2a: Gholdengo
|-damage|p2a: Gholdengo|0 fnt
|faint|p2a: Gholdengo
|
|win|luckstat10
|raw|luckstat10's rating: 1176 → 1202(+26 for winning)
|raw|miguelowned's rating: 1186 → 1160(-26 for losing)
|l|☆miguelowned
|player|p2|
|l|☆luckstat10
|player|p1|
|j|☆miguelowned
|player|p2|miguelowned|170|
