|j|☆Neomega03
|j|☆teyvgc
|html|Neomega03teyvgc    
|uhtml|bestof|Game 2 of a best-of-3
|t:|1782530501
|gametype|doubles
|player|p1|Neomega03|nate|1093
|player|p2|teyvgc|rood|1157
|gen|9
|tier|[Gen 9 Champions] VGC 2026 Reg M-B (Bo3)
|rated|
|rule|Species Clause: Limit one of each Pokémon
|rule|Item Clause: Limit 1 of each item
|clearpoke
|poke|p1|Garchomp, L50, M|
|poke|p1|Sceptile, L50, M|
|poke|p1|Hatterene, L50, F|
|poke|p1|Corviknight, L50, M|
|poke|p1|Rotom-Heat, L50|
|poke|p1|Quaquaval, L50, M|
|poke|p2|Houndstone, L50, F|
|poke|p2|Tyranitar, L50, M|
|poke|p2|Rotom-Wash, L50|
|poke|p2|Incineroar, L50, M|
|poke|p2|Farigiraf, L50, M, shiny|
|poke|p2|Garchomp, L50, M, shiny|
|teampreview|4
|showteam|p1|Garchomp||FocusSash|RoughSkin|SwordsDance,Earthquake,DragonClaw,IronHead|Jolly||M|||50|]Sceptile||Sceptilite|Overgrow|EnergyBall,EarthPower,DragonPulse,Detect|Timid||M|||50|]Hatterene||LifeOrb|MagicBounce|CalmMind,DazzlingGleam,GigaDrain,Psychic|Modest||F|||50|]Corviknight||Leftovers|MirrorArmor|DrillPeck,IronHead,BodyPress,BulkUp|Adamant||M|||50|]Rotom-Heat||ChoiceScarf|Levitate|Discharge,DarkPulse,Overheat,Thunderbolt|Timid|||||50|]Quaquaval||MuscleBand|Moxie|AquaStep,CloseCombat,IceSpinner,Uturn|Jolly||M|||50|
|showteam|p2|Houndstone||FocusSash|SandRush|Poltergeist,ShadowSneak,LastRespects,Protect|Adamant||F|||50|]Tyranitar||Tyranitarite|SandStream|RockSlide,KnockOff,LowKick,Protect|Adamant||M|||50|]Rotom-Wash||Leftovers|Levitate|LightScreen,HydroPump,VoltSwitch,WillOWisp|Bold|||||50|]Incineroar||PasshoBerry|Intimidate|FlareBlitz,DarkestLariat,FakeOut,PartingShot|Adamant||M|||50|]Farigiraf||TwistedSpoon|ArmorTail|HyperVoice,TwinBeam,TrickRoom,HelpingHand|Quiet||M|||50|]Garchomp||Garchompite|RoughSkin|StompingTantrum,DragonClaw,Earthquake,Protect|Adamant||M|||50|
|j| tyho45
|
|t:|1782530523
|teamsize|p1|4
|teamsize|p2|4
|start
|switch|p1a: Garchomp|Garchomp, L50, M|100/100
|switch|p1b: Corviknight|Corviknight, L50, M|100/100
|switch|p2a: Incineroar|Incineroar, L50, M|100/100
|switch|p2b: Farigiraf|Farigiraf, L50, M, shiny|100/100
|-ability|p2a: Incineroar|Intimidate|boost
|-unboost|p1a: Garchomp|atk|1
|-ability|p1b: Corviknight|Mirror Armor
|-unboost|p2a: Incineroar|atk|1
|turn|1
|inactive|Battle timer is ON: inactive players will automatically lose when time's up. (requested by Neomega03)
|inactive|teyvgc has 60 seconds left.
|inactive|teyvgc has 30 seconds left.
|inactive|teyvgc has 20 seconds left.
|inactive|teyvgc has 15 seconds left.
|inactive|teyvgc has 10 seconds left.
|
|t:|1782530607
|move|p2a: Incineroar|Fake Out|p1a: Garchomp
|-damage|p1a: Garchomp|91/100
|-damage|p2a: Incineroar|87/100|[from] ability: Rough Skin|[of] p1a: Garchomp
|cant|p1a: Garchomp|flinch
|move|p1b: Corviknight|Bulk Up|p1b: Corviknight
|-boost|p1b: Corviknight|atk|1
|-boost|p1b: Corviknight|def|1
|move|p2b: Farigiraf|Trick Room|p2b: Farigiraf
|-fieldstart|move: Trick Room|[of] p2b: Farigiraf
|
|upkeep
|turn|2
|inactive|teyvgc has 30 seconds left.
|
|t:|1782530638
|move|p2b: Farigiraf|Twin Beam|p1a: Garchomp
|-damage|p1a: Garchomp|65/100
|-damage|p1a: Garchomp|42/100
|-hitcount|p1a: Garchomp|2
|move|p1b: Corviknight|Iron Head|p2b: Farigiraf
|-damage|p2b: Farigiraf|47/100
|move|p2a: Incineroar|Parting Shot|p1a: Garchomp
|-unboost|p1a: Garchomp|atk|1
|-unboost|p1a: Garchomp|spa|1
|
|t:|1782530646
|switch|p2a: Garchomp|Garchomp, L50, M, shiny|100/100|[from] Parting Shot
|move|p1a: Garchomp|Dragon Claw|p2a: Garchomp
|-supereffective|p2a: Garchomp|1
|-damage|p2a: Garchomp|59/100
|-damage|p1a: Garchomp|30/100|[from] ability: Rough Skin|[of] p2a: Garchomp
|
|upkeep
|turn|3
|
|t:|1782530669
|detailschange|p2a: Garchomp|Garchomp-Mega, L50, M, shiny
|-mega|p2a: Garchomp|Garchomp|Garchompite
|move|p2b: Farigiraf|Twin Beam|p1a: Garchomp
|-damage|p1a: Garchomp|7/100
|-damage|p1a: Garchomp|0 fnt
|faint|p1a: Garchomp
|-hitcount|p1: Garchomp|2
|move|p1b: Corviknight|Drill Peck|p2b: Farigiraf
|-damage|p2b: Farigiraf|0 fnt
|faint|p2b: Farigiraf
|move|p2a: Garchomp|Dragon Claw|p1b: Corviknight
|-resisted|p1b: Corviknight|1
|-damage|p1b: Corviknight|85/100
|
|-heal|p1b: Corviknight|91/100|[from] item: Leftovers
|upkeep
|
|t:|1782530682
|switch|p2b: Incineroar|Incineroar, L50, M|87/100
|switch|p1a: Hatterene|Hatterene, L50, F|100/100
|-ability|p2b: Incineroar|Intimidate|boost
|-unboost|p1a: Hatterene|atk|1
|-ability|p1b: Corviknight|Mirror Armor
|-unboost|p2b: Incineroar|atk|1
|turn|4
|inactive|teyvgc has 30 seconds left.
|
|t:|1782530715
|move|p2b: Incineroar|Fake Out|p1b: Corviknight
|-resisted|p1b: Corviknight|1
|-damage|p1b: Corviknight|88/100
|move|p1a: Hatterene|Dazzling Gleam|p2a: Garchomp|[spread] p2a,p2b
|-supereffective|p2a: Garchomp|1
|-damage|p2a: Garchomp|0 fnt
|-damage|p2b: Incineroar|39/100
|faint|p2a: Garchomp
|-damage|p1a: Hatterene|90/100|[from] item: Life Orb
|cant|p1b: Corviknight|flinch
|
|-heal|p1b: Corviknight|94/100|[from] item: Leftovers
|upkeep
|
|t:|1782530721
|switch|p2a: Tyranitar|Tyranitar, L50, M|100/100
|-weather|Sandstorm|[from] ability: Sand Stream|[of] p2a: Tyranitar
|turn|5
|
|t:|1782530736
|move|p1a: Hatterene|Calm Mind|p1a: Hatterene
|-boost|p1a: Hatterene|spa|1
|-boost|p1a: Hatterene|spd|1
|move|p2a: Tyranitar|Knock Off|p1b: Corviknight
|-damage|p1b: Corviknight|63/100
|-enditem|p1b: Corviknight|Leftovers|[from] move: Knock Off|[of] p2a: Tyranitar
|move|p1b: Corviknight|Body Press|p2a: Tyranitar
|-supereffective|p2a: Tyranitar|2
|-damage|p2a: Tyranitar|16/100
|move|p2b: Incineroar|Flare Blitz|p1b: Corviknight
|-supereffective|p1b: Corviknight|1
|-damage|p1b: Corviknight|21/100
|-damage|p2b: Incineroar|25/100|[from] Recoil
|
|-weather|Sandstorm|[upkeep]
|-damage|p1a: Hatterene|84/100|[from] Sandstorm
|-damage|p2b: Incineroar|19/100|[from] Sandstorm
|-fieldend|move: Trick Room
|upkeep
|turn|6
|
|t:|1782530754
|move|p2b: Incineroar|Darkest Lariat|p1a: Hatterene
|-crit|p1a: Hatterene
|-damage|p1a: Hatterene|9/100
|move|p1b: Corviknight|Body Press|p2a: Tyranitar
|-supereffective|p2a: Tyranitar|2
|-damage|p2a: Tyranitar|0 fnt
|faint|p2a: Tyranitar
|move|p1a: Hatterene|Dazzling Gleam|p2b: Incineroar
|-damage|p2b: Incineroar|0 fnt
|faint|p2b: Incineroar
|-damage|p1a: Hatterene|0 fnt|[from] item: Life Orb
|faint|p1a: Hatterene
|
|win|Neomega03
