|j|☆caseofxtc
|j|☆GIRLHELL1998
|html|caseofxtcGIRLHELL1998    
|uhtml|bestof|Game 3 of a best-of-3
|t:|1757652561
|gametype|doubles
|player|p1|caseofxtc|2|
|player|p2|GIRLHELL1998|roxie|
|gen|9
|tier|[Gen 9] VGC 2025 Reg H (Bo3)
|rule|Species Clause: Limit one of each Pokémon
|rule|Item Clause: Limit 1 of each item
|clearpoke
|poke|p1|Greninja-*, L50, F|
|poke|p1|Ampharos, L50, F|
|poke|p1|Porygon2, L50|
|poke|p1|Archaludon, L50, M|
|poke|p1|Incineroar, L50, F|
|poke|p1|Pelipper, L50, F|
|poke|p2|Incineroar, L50, M|
|poke|p2|Porygon2, L50|
|poke|p2|Amoonguss, L50, M|
|poke|p2|Ursaluna, L50, F|
|poke|p2|Gholdengo, L50|
|poke|p2|Flamigo, L50, M|
|teampreview|4
|showteam|p1|Greninja||LoadedDice|Protean|Protect,DarkPulse,WaterShuriken,Haze|||F|||50|,,,,,Ghost]Ampharos||ChoiceSpecs|Static|Thunder,PowerGem,VoltSwitch,DazzlingGleam|||F|||50|,,,,,Fairy]Porygon2||Eviolite|Download|IceBeam,TeraBlast,TrickRoom,Recover||||||50|,,,,,Fighting]Archaludon||AssaultVest|Stamina|FlashCannon,DragonPulse,ElectroShot,BodyPress|||M|||50|,,,,,Flying]Incineroar||SafetyGoggles|Intimidate|FakeOut,KnockOff,FlareBlitz,PartingShot|||F|||50|,,,,,Ghost]Pelipper||FocusSash|Drizzle|WeatherBall,Hurricane,Tailwind,Protect|||F|||50|,,,,,Water
|showteam|p2|Incineroar||SafetyGoggles|Intimidate|KnockOff,FlareBlitz,PartingShot,FakeOut|||M|||50|,,,,,Grass]Porygon2||Eviolite|Download|TeraBlast,IceBeam,Recover,TrickRoom||||||50|,,,,,Fighting]Amoonguss||MentalHerb|Regenerator|Spore,RagePowder,PollenPuff,SludgeBomb|||M|||50|,,,,,Water]Ursaluna||FlameOrb|Guts|Facade,HeadlongRush,Earthquake,Protect|||F|||50|,,,,,Normal]Gholdengo||LifeOrb|GoodasGold|MakeItRain,ShadowBall,NastyPlot,Protect||||||50|,,,,,Dragon]Flamigo||FocusSash|Scrappy|CloseCombat,BraveBird,WideGuard,Protect|||M|||50|,,,,,Ghost
|inactive|Battle timer is ON: inactive players will automatically lose when time's up. (requested by GIRLHELL1998)
|inactive|caseofxtc has 60 seconds left.
|inactive|GIRLHELL1998 has 60 seconds left.
|inactive|GIRLHELL1998 has 30 seconds left.
|inactive|GIRLHELL1998 has 20 seconds left.
|inactive|GIRLHELL1998 has 15 seconds left.
|
|t:|1757652638
|teamsize|p1|4
|teamsize|p2|4
|start
|switch|p1a: Archaludon|Archaludon, L50, M|100/100
|switch|p1b: Incineroar|Incineroar, L50, F|100/100
|switch|p2a: Incineroar|Incineroar, L50, M, shiny|100/100
|switch|p2b: Porygon2|Porygon2, L50, shiny|100/100
|-ability|p2a: Incineroar|Intimidate|boost
|-unboost|p1a: Archaludon|atk|1
|-unboost|p1b: Incineroar|atk|1
|-ability|p1b: Incineroar|Intimidate|boost
|-unboost|p2a: Incineroar|atk|1
|-unboost|p2b: Porygon2|atk|1
|-ability|p2b: Porygon2|Download|boost
|-boost|p2b: Porygon2|spa|1
|turn|1
|
|t:|1757652661
|switch|p1a: Pelipper|Pelipper, L50, F|100/100
|-weather|RainDance|[from] ability: Drizzle|[of] p1a: Pelipper
|move|p2a: Incineroar|Fake Out|p1b: Incineroar
|-damage|p1b: Incineroar|94/100
|cant|p1b: Incineroar|flinch
|move|p2b: Porygon2|Trick Room|p2b: Porygon2
|-fieldstart|move: Trick Room|[of] p2b: Porygon2
|
|-weather|RainDance|[upkeep]
|upkeep
|turn|2
|inactive|GIRLHELL1998 has 30 seconds left.
|inactive|GIRLHELL1998 has 20 seconds left.
|
|t:|1757652700
|move|p1b: Incineroar|Knock Off|p2b: Porygon2
|-damage|p2b: Porygon2|86/100
|-enditem|p2b: Porygon2|Eviolite|[from] move: Knock Off|[of] p1b: Incineroar
|move|p2b: Porygon2|Ice Beam|p1a: Pelipper
|-damage|p1a: Pelipper|44/100
|move|p2a: Incineroar|Parting Shot|p1b: Incineroar
|-unboost|p1b: Incineroar|atk|1
|-unboost|p1b: Incineroar|spa|1
|
|t:|1757652712
|switch|p2a: Ursaluna|Ursaluna, L50, F, shiny|100/100|[from] Parting Shot
|move|p1a: Pelipper|Hurricane|p2a: Ursaluna
|-damage|p2a: Ursaluna|54/100
|
|-weather|RainDance|[upkeep]
|-status|p2a: Ursaluna|brn|[from] item: Flame Orb
|upkeep
|turn|3
|inactive|caseofxtc has 30 seconds left.
|
|t:|1757652744
|-terastallize|p1a: Pelipper|Water
|move|p2a: Ursaluna|Headlong Rush|p1b: Incineroar
|-supereffective|p1b: Incineroar
|-damage|p1b: Incineroar|0 fnt
|-unboost|p2a: Ursaluna|def|1
|-unboost|p2a: Ursaluna|spd|1
|faint|p1b: Incineroar
|move|p2b: Porygon2|Ice Beam|p1a: Pelipper
|-resisted|p1a: Pelipper
|-damage|p1a: Pelipper|14/100
|move|p1a: Pelipper|Weather Ball|p2a: Ursaluna
|-supereffective|p2a: Ursaluna
|-damage|p2a: Ursaluna|0 fnt
|faint|p2a: Ursaluna
|
|-weather|RainDance|[upkeep]
|upkeep
|
|t:|1757652763
|switch|p2a: Amoonguss|Amoonguss, L50, M, shiny|100/100
|switch|p1b: Archaludon|Archaludon, L50, M|100/100
|turn|4
|inactive|caseofxtc has 30 seconds left.
|
|t:|1757652794
|-terastallize|p2a: Amoonguss|Water
|move|p1a: Pelipper|Protect|p1a: Pelipper
|-singleturn|p1a: Pelipper|Protect
|move|p2a: Amoonguss|Spore|p1b: Archaludon
|-status|p1b: Archaludon|slp|[from] move: Spore
|move|p2b: Porygon2|Ice Beam|p1a: Pelipper
|-activate|p1a: Pelipper|move: Protect
|cant|p1b: Archaludon|slp
|
|-weather|RainDance|[upkeep]
|upkeep
|turn|5
|
|t:|1757652813
|switch|p2a: Incineroar|Incineroar, L50, M, shiny|100/100
|-ability|p2a: Incineroar|Intimidate|boost
|-unboost|p1a: Pelipper|atk|1
|-unboost|p1b: Archaludon|atk|1
|move|p1a: Pelipper|Protect|p1a: Pelipper
|-singleturn|p1a: Pelipper|Protect
|move|p2b: Porygon2|Ice Beam|p1a: Pelipper
|-activate|p1a: Pelipper|move: Protect
|cant|p1b: Archaludon|slp
|
|-weather|none
|-fieldend|move: Trick Room
|upkeep
|turn|6
|inactive|GIRLHELL1998 has 30 seconds left.
|
|t:|1757652840
|switch|p1a: Greninja|Greninja, L50, F|100/100
|-curestatus|p1b: Archaludon|slp|[msg]
|move|p1b: Archaludon|Body Press|p2b: Porygon2
|-supereffective|p2b: Porygon2
|-damage|p2b: Porygon2|45/100
|move|p2a: Incineroar|Knock Off|p1a: Greninja
|-resisted|p1a: Greninja
|-damage|p1a: Greninja|64/100
|-enditem|p1a: Greninja|Loaded Dice|[from] move: Knock Off|[of] p2a: Incineroar
|move|p2b: Porygon2|Trick Room|p2b: Porygon2
|-fieldstart|move: Trick Room|[of] p2b: Porygon2
|
|upkeep
|turn|7
|inactive|caseofxtc has 30 seconds left.
|inactive|GIRLHELL1998 has 30 seconds left.
|
|t:|1757652874
|switch|p2b: Amoonguss|Amoonguss, L50, M, shiny, tera:Water|100/100
|switch|p1a: Pelipper|Pelipper, L50, F, tera:Water|14/100
|-weather|RainDance|[from] ability: Drizzle|[of] p1a: Pelipper
|move|p2a: Incineroar|Parting Shot|p1b: Archaludon
|-unboost|p1b: Archaludon|atk|1
|-unboost|p1b: Archaludon|spa|1
|
|t:|1757652883
|switch|p2a: Porygon2|Porygon2, L50, shiny|45/100|[from] Parting Shot
|-ability|p2a: Porygon2|Download|boost
|-boost|p2a: Porygon2|spa|1
|move|p1b: Archaludon|Electro Shot||[still]
|-prepare|p1b: Archaludon|Electro Shot
|-boost|p1b: Archaludon|spa|1
|-anim|p1b: Archaludon|Electro Shot|p2a: Porygon2
|-damage|p2a: Porygon2|8/100
|
|-weather|RainDance|[upkeep]
|upkeep
|turn|8
|
|t:|1757652904
|move|p2b: Amoonguss|Spore|p1b: Archaludon
|-status|p1b: Archaludon|slp|[from] move: Spore
|move|p2a: Porygon2|Recover|p2a: Porygon2
|-heal|p2a: Porygon2|58/100
|cant|p1b: Archaludon|slp
|move|p1a: Pelipper|Hurricane|p2b: Amoonguss
|-damage|p2b: Amoonguss|59/100
|
|-weather|RainDance|[upkeep]
|upkeep
|turn|9
|inactive|GIRLHELL1998 has 30 seconds left.
|
|t:|1757652937
|move|p1a: Pelipper|Protect|p1a: Pelipper
|-singleturn|p1a: Pelipper|Protect
|move|p2b: Amoonguss|Spore|p1a: Pelipper
|-activate|p1a: Pelipper|move: Protect
|move|p2a: Porygon2|Tera Blast|p1a: Pelipper
|-activate|p1a: Pelipper|move: Protect
|-curestatus|p1b: Archaludon|slp|[msg]
|move|p1b: Archaludon|Electro Shot||[still]
|-prepare|p1b: Archaludon|Electro Shot
|-boost|p1b: Archaludon|spa|1
|-anim|p1b: Archaludon|Electro Shot|p2b: Amoonguss
|-supereffective|p2b: Amoonguss
|-damage|p2b: Amoonguss|0 fnt
|faint|p2b: Amoonguss
|
|-weather|RainDance|[upkeep]
|upkeep
|
|t:|1757652940
|switch|p2b: Incineroar|Incineroar, L50, M, shiny|100/100
|-ability|p2b: Incineroar|Intimidate|boost
|-unboost|p1a: Pelipper|atk|1
|-unboost|p1b: Archaludon|atk|1
|turn|10
|
|t:|1757652961
|switch|p1a: Greninja|Greninja, L50, F|64/100
|move|p2a: Porygon2|Tera Blast|p1a: Greninja
|-crit|p1a: Greninja
|-damage|p1a: Greninja|0 fnt
|faint|p1a: Greninja
|move|p2b: Incineroar|Parting Shot|p1b: Archaludon
|-unboost|p1b: Archaludon|atk|1
|-unboost|p1b: Archaludon|spa|1
|move|p1b: Archaludon|Body Press|p2a: Porygon2
|-supereffective|p2a: Porygon2
|-damage|p2a: Porygon2|18/100
|
|-weather|RainDance|[upkeep]
|-fieldend|move: Trick Room
|upkeep
|
|t:|1757652974
|switch|p1a: Pelipper|Pelipper, L50, F, tera:Water|14/100
|turn|11
|
|t:|1757652984
|move|p1a: Pelipper|Weather Ball|p2b: Incineroar
|-supereffective|p2b: Incineroar
|-damage|p2b: Incineroar|0 fnt
|faint|p2b: Incineroar
|move|p1b: Archaludon|Body Press|p2a: Porygon2
|-supereffective|p2a: Porygon2
|-crit|p2a: Porygon2
|-damage|p2a: Porygon2|0 fnt
|faint|p2a: Porygon2
|
|win|caseofxtc
|l|☆caseofxtc
|player|p1|
