|j|☆Zacharykeith
|j|☆zach_lucius
|html|Zacharykeithzach_lucius    
|uhtml|bestof|Game 2 of a best-of-3
|t:|1757708484
|gametype|doubles
|player|p1|Zacharykeith|fisherman-gen4|1167
|player|p2|zach_lucius|briar|1244
|gen|9
|tier|[Gen 9] VGC 2025 Reg H (Bo3)
|rated|
|rule|Species Clause: Limit one of each Pokémon
|rule|Item Clause: Limit 1 of each item
|clearpoke
|poke|p1|Zoroark-Hisui, L50, F|
|poke|p1|Kingambit, L50, M|
|poke|p1|Sneasler, L50, F|
|poke|p1|Rillaboom, L50, M|
|poke|p1|Primarina, L50, F|
|poke|p1|Electabuzz, L50, M|
|poke|p2|Indeedee-F, L50, F|
|poke|p2|Sneasler, L50, M|
|poke|p2|Armarouge, L50, F|
|poke|p2|Torkoal, L50, F|
|poke|p2|Lilligant-Hisui, L50, F|
|poke|p2|Gallade, L50, M|
|teampreview|4
|showteam|p1|Zoroark-Hisui||FocusSash|Illusion|HyperVoice,ShadowBall,WillOWisp,Protect|||F|||50|,,,,,Normal]Kingambit||BlackGlasses|Defiant|SuckerPunch,KowtowCleave,SwordsDance,Protect|||M|||50|,,,,,Dark]Sneasler||WhiteHerb|Unburden|DireClaw,CloseCombat,Coaching,Protect|||F|||50|,,,,,Stellar]Rillaboom||AssaultVest|GrassySurge|FakeOut,GrassyGlide,WoodHammer,Uturn|||M|||50|,,,,,Fire]Primarina||ThroatSpray|LiquidVoice|HyperVoice,Moonblast,Haze,Protect|||F|||50|,,,,,Poison]Electabuzz||Eviolite|VitalSpirit|Electroweb,Taunt,FollowMe,Protect|||M|||50|,,,,,Ghost
|showteam|p2|Indeedee-F||SafetyGoggles|PsychicSurge|Psychic,HelpingHand,FollowMe,TrickRoom|||F|||50|,,,,,Fairy]Sneasler||PsychicSeed|Unburden|DireClaw,CloseCombat,ThroatChop,Protect|||M|||50|,,,,,Dark]Armarouge||LifeOrb|FlashFire|ExpandingForce,ArmorCannon,TrickRoom,Protect|||F|||50|,,,,,Grass]Torkoal||Charcoal|Drought|Eruption,WeatherBall,ClearSmog,Protect|||F|||50|,,,,,Fire]Lilligant-Hisui||FocusSash|Chlorophyll|CloseCombat,SolarBlade,IceSpinner,AfterYou|||F|||50|,,,,,Ghost]Gallade||ClearAmulet|Sharpness|SacredSword,PsychoCut,WideGuard,TrickRoom|||M|||50|,,,,,Steel
|
|t:|1757708504
|teamsize|p1|4
|teamsize|p2|4
|start
|switch|p1a: Primarina|Primarina, L50, F|100/100
|switch|p1b: Electabuzz|Electabuzz, L50, M|100/100
|switch|p2a: Indeedee|Indeedee-F, L50, F|100/100
|switch|p2b: Armarouge|Armarouge, L50, F|100/100
|-fieldstart|move: Psychic Terrain|[from] ability: Psychic Surge|[of] p2a: Indeedee
|turn|1
|
|t:|1757708520
|-terastallize|p2b: Armarouge|Grass
|move|p1a: Primarina|Protect|p1a: Primarina
|-singleturn|p1a: Primarina|Protect
|move|p2a: Indeedee|Follow Me|p2a: Indeedee
|-singleturn|p2a: Indeedee|move: Follow Me
|move|p1b: Electabuzz|Taunt|p2a: Indeedee
|-start|p2a: Indeedee|move: Taunt
|move|p2b: Armarouge|Trick Room|p2b: Armarouge
|-fieldstart|move: Trick Room|[of] p2b: Armarouge
|
|upkeep
|turn|2
|
|t:|1757708540
|switch|p2a: Gallade|Gallade, L50, M|100/100
|switch|p1b: Rillaboom|Rillaboom, L50, M|100/100
|-fieldstart|move: Grassy Terrain|[from] ability: Grassy Surge|[of] p1b: Rillaboom
|move|p2b: Armarouge|Expanding Force|p1a: Primarina
|-damage|p1a: Primarina|47/100
|-damage|p2b: Armarouge|91/100|[from] item: Life Orb
|move|p1a: Primarina|Hyper Voice|p2b: Armarouge|[spread] p2a,p2b
|-resisted|p2b: Armarouge
|-damage|p2a: Gallade|70/100
|-damage|p2b: Armarouge|74/100
|-enditem|p1a: Primarina|Throat Spray
|-boost|p1a: Primarina|spa|1|[from] item: Throat Spray
|
|-heal|p2b: Armarouge|79/100|[from] Grassy Terrain
|-heal|p2a: Gallade|76/100|[from] Grassy Terrain
|-heal|p1a: Primarina|53/100|[from] Grassy Terrain
|upkeep
|turn|3
|
|t:|1757708556
|switch|p2a: Indeedee|Indeedee-F, L50, F|100/100
|-fieldstart|move: Psychic Terrain|[from] ability: Psychic Surge|[of] p2a: Indeedee
|move|p1a: Primarina|Protect|p1a: Primarina
|-singleturn|p1a: Primarina|Protect
|move|p2b: Armarouge|Expanding Force|p1a: Primarina|[spread] p1b
|-activate|p1a: Primarina|move: Protect
|-damage|p1b: Rillaboom|44/100
|-damage|p2b: Armarouge|70/100|[from] item: Life Orb
|move|p1b: Rillaboom|U-turn|p2b: Armarouge
|-supereffective|p2b: Armarouge
|-damage|p2b: Armarouge|26/100
|
|t:|1757708570
|switch|p1b: Electabuzz|Electabuzz, L50, M|100/100|[from] U-turn
|
|upkeep
|turn|4
|
|t:|1757708579
|switch|p2a: Torkoal|Torkoal, L50, F|100/100
|-weather|SunnyDay|[from] ability: Drought|[of] p2a: Torkoal
|switch|p1a: Rillaboom|Rillaboom, L50, M|44/100
|-fieldstart|move: Grassy Terrain|[from] ability: Grassy Surge|[of] p1a: Rillaboom
|move|p2b: Armarouge|Expanding Force|p1a: Rillaboom
|-damage|p1a: Rillaboom|4/100
|-damage|p2b: Armarouge|17/100|[from] item: Life Orb
|move|p1b: Electabuzz|Taunt|p2a: Torkoal
|-start|p2a: Torkoal|move: Taunt
|
|-weather|SunnyDay|[upkeep]
|-heal|p2b: Armarouge|23/100|[from] Grassy Terrain
|-heal|p1a: Rillaboom|10/100|[from] Grassy Terrain
|upkeep
|turn|5
|
|t:|1757708617
|switch|p1a: Primarina|Primarina, L50, F|53/100
|move|p1b: Electabuzz|Protect|p1b: Electabuzz
|-singleturn|p1b: Electabuzz|Protect
|move|p2a: Torkoal|Eruption|p1b: Electabuzz|[spread] p1a
|-activate|p1b: Electabuzz|move: Protect
|-resisted|p1a: Primarina
|-damage|p1a: Primarina|14/100
|move|p2b: Armarouge|Expanding Force|p1b: Electabuzz
|-activate|p1b: Electabuzz|move: Protect
|
|-weather|SunnyDay|[upkeep]
|-heal|p2b: Armarouge|29/100|[from] Grassy Terrain
|-heal|p1a: Primarina|20/100|[from] Grassy Terrain
|-fieldend|move: Trick Room
|upkeep
|turn|6
|
|t:|1757708647
|switch|p2a: Indeedee|Indeedee-F, L50, F|100/100
|-fieldstart|move: Psychic Terrain|[from] ability: Psychic Surge|[of] p2a: Indeedee
|move|p1b: Electabuzz|Electroweb|p2a: Indeedee|[spread] p2a,p2b
|-resisted|p2b: Armarouge
|-damage|p2a: Indeedee|86/100
|-damage|p2b: Armarouge|22/100
|-unboost|p2a: Indeedee|spe|1
|-unboost|p2b: Armarouge|spe|1
|move|p1a: Primarina|Hyper Voice|p2b: Armarouge|[spread] p2a,p2b
|-resisted|p2b: Armarouge
|-damage|p2a: Indeedee|72/100
|-damage|p2b: Armarouge|13/100
|move|p2b: Armarouge|Expanding Force|p1a: Primarina|[spread] p1a,p1b
|-damage|p1a: Primarina|0 fnt
|-damage|p1b: Electabuzz|30/100
|faint|p1a: Primarina
|-damage|p2b: Armarouge|3/100|[from] item: Life Orb
|
|-weather|SunnyDay|[upkeep]
|upkeep
|
|t:|1757708669
|switch|p1a: Rillaboom|Rillaboom, L50, M|100/100
|turn|7
|
|t:|1757708680
|-terastallize|p1a: Rillaboom|Normal
|move|p2b: Armarouge|Protect|p2b: Armarouge
|-singleturn|p2b: Armarouge|Protect
|move|p1a: Rillaboom|Hyper Voice|p2b: Armarouge|[spread] p2a
|-activate|p2b: Armarouge|move: Protect
|-damage|p2a: Indeedee|27/100
|move|p1b: Electabuzz|Taunt|p2a: Indeedee
|-start|p2a: Indeedee|move: Taunt
|move|p2a: Indeedee|Psychic|p1a: Rillaboom
|-damage|p1a: Rillaboom|26/100
|replace|p1a: Zoroark|Zoroark-Hisui, L50, F
|-end|p1a: Zoroark|Illusion
|
|-weather|SunnyDay|[upkeep]
|upkeep
|turn|8
|inactive|Battle timer is ON: inactive players will automatically lose when time's up. (requested by Zacharykeith)
|
|t:|1757708701
|move|p2b: Armarouge|Protect||[still]
|-fail|p2b: Armarouge
|move|p1b: Electabuzz|Follow Me|p1b: Electabuzz
|-singleturn|p1b: Electabuzz|move: Follow Me
|move|p1a: Zoroark|Hyper Voice|p2a: Indeedee|[spread] p2a,p2b
|-damage|p2a: Indeedee|0 fnt
|-damage|p2b: Armarouge|0 fnt
|faint|p2a: Indeedee
|faint|p2b: Armarouge
|
|-weather|none
|upkeep
|
|t:|1757708703
|switch|p2a: Torkoal|Torkoal, L50, F|100/100
|switch|p2b: Gallade|Gallade, L50, M|76/100
|-weather|SunnyDay|[from] ability: Drought|[of] p2a: Torkoal
|turn|9
|inactive|Zacharykeith has 30 seconds left.
|
|t:|1757708736
|move|p2b: Gallade|Wide Guard|p2b: Gallade
|-singleturn|p2b: Gallade|Wide Guard
|move|p1a: Zoroark|Shadow Ball|p2b: Gallade
|-supereffective|p2b: Gallade
|-damage|p2b: Gallade|2/100
|move|p1b: Electabuzz|Electroweb|p2a: Torkoal|[spread] 
|-activate|p2a: Torkoal|move: Wide Guard
|-activate|p2b: Gallade|move: Wide Guard
|move|p2a: Torkoal|Eruption|p1b: Electabuzz|[spread] p1a,p1b
|-damage|p1a: Zoroark|0 fnt
|-damage|p1b: Electabuzz|0 fnt
|faint|p1a: Zoroark
|faint|p1b: Electabuzz
|
|-weather|SunnyDay|[upkeep]
|upkeep
|
|t:|1757708749
|switch|p1b: Rillaboom|Rillaboom, L50, M|10/100
|-fieldstart|move: Grassy Terrain|[from] ability: Grassy Surge|[of] p1b: Rillaboom
|turn|10
|-message|Zacharykeith forfeited.
|
|win|zach_lucius
