|j|☆justin tang1234
|j|☆abc'svgc
|html|justin tang1234abc'svgc    
|uhtml|bestof|Game 2 of a best-of-3
|t:|1784888514
|gametype|doubles
|player|p1|justin tang1234|102|1173
|player|p2|abc'svgc|cyclist-gen4|1191
|gen|9
|tier|[Gen 9 Champions] VGC 2026 Reg M-B (Bo3)
|rated|
|rule|Species Clause: Limit one of each Pokémon
|rule|Item Clause: Limit 1 of each item
|clearpoke
|poke|p1|Charizard, L50, F|
|poke|p1|Grimmsnarl, L50, M|
|poke|p1|Pelipper, L50, F|
|poke|p1|Archaludon, L50, F|
|poke|p1|Basculegion, L50, M|
|poke|p1|Venusaur, L50, F|
|poke|p2|Whimsicott, L50, F|
|poke|p2|Sneasler, L50, F|
|poke|p2|Floette-Eternal, L50, F|
|poke|p2|Basculegion, L50, M|
|poke|p2|Garchomp, L50, F|
|poke|p2|Charizard, L50, F|
|teampreview|4
|showteam|p1|Charizard||CharizarditeY|Blaze|HeatWave,WeatherBall,HelpingHand,Protect|Modest||F|||50|]Grimmsnarl||LightClay|Prankster|SpiritBreak,Reflect,LightScreen,PartingShot|Sassy||M|||50|]Pelipper||SitrusBerry|Drizzle|WeatherBall,Hurricane,Tailwind,WideGuard|Modest||F|||50|]Archaludon||Leftovers|Stamina|FlashCannon,DragonPulse,ElectroShot,Protect|Calm||F|||50|]Basculegion||ChoiceScarf|Adaptability|WaveCrash,AquaJet,LastRespects,FlipTurn|Jolly||M|||50|]Venusaur||FocusSash|Chlorophyll|SludgeBomb,LeafStorm,SleepPowder,Protect|Modest||F|||50|
|showteam|p2|Whimsicott||FocusSash|Prankster|Tailwind,Encore,Moonblast,FakeTears|Timid||F|||50|]Sneasler||WhiteHerb|Unburden|FakeOut,ThroatChop,DireClaw,CloseCombat|Jolly||F|||50|]Floette-Eternal||Floettite|FlowerVeil|LightofRuin,Moonblast,DazzlingGleam,Protect|Timid||F|||50|]Basculegion||ChoiceScarf|Adaptability|AquaJet,FlipTurn,WaveCrash,LastRespects|Jolly||M|||50|]Garchomp||LifeOrb|RoughSkin|DragonClaw,RockSlide,StompingTantrum,Protect|Jolly||F|||50|]Charizard||CharizarditeY|Blaze|HeatWave,WeatherBall,SolarBeam,Protect|Timid||F|||50|
|inactive|Battle timer is ON: inactive players will automatically lose when time's up. (requested by justin tang1234)
|l|☆justin tang1234
|inactive|justin tang1234 disconnected and has a minute to reconnect!
|player|p1|
|j|☆justin tang1234
|inactive|justin tang1234 reconnected and has 75 seconds left.
|player|p1|justin tang1234|102|
|inactive|abc'svgc has 60 seconds left.
|
|t:|1784888577
|teamsize|p1|4
|teamsize|p2|4
|start
|switch|p1a: Charizard|Charizard, L50, F|100/100
|switch|p1b: Venusaur|Venusaur, L50, F|100/100
|switch|p2a: Whimsicott|Whimsicott, L50, F|100/100
|switch|p2b: Basculegion|Basculegion, L50, M|100/100
|turn|1
|
|t:|1784888594
|detailschange|p1a: Charizard|Charizard-Mega-Y, L50, F
|-mega|p1a: Charizard|Charizard|Charizardite Y
|-weather|SunnyDay|[from] ability: Drought|[of] p1a: Charizard
|move|p2a: Whimsicott|Tailwind|p2a: Whimsicott
|-sidestart|p2: abc'svgc|move: Tailwind
|move|p2b: Basculegion|Flip Turn|p1b: Venusaur
|-resisted|p1b: Venusaur|1
|-damage|p1b: Venusaur|85/100
|
|t:|1784888604
|switch|p2b: Garchomp|Garchomp, L50, F|100/100|[from] Flip Turn
|move|p1b: Venusaur|Leaf Storm|p2b: Garchomp
|-damage|p2b: Garchomp|30/100
|-unboost|p1b: Venusaur|spa|2
|move|p1a: Charizard|Weather Ball|p2a: Whimsicott
|-supereffective|p2a: Whimsicott|1
|-enditem|p2a: Whimsicott|Focus Sash
|-damage|p2a: Whimsicott|1/100
|
|-weather|SunnyDay|[upkeep]
|upkeep
|turn|2
|inactive|justin tang1234 has 30 seconds left.
|inactive|abc'svgc has 30 seconds left.
|inactive|justin tang1234 has 20 seconds left.
|inactive|justin tang1234 has 15 seconds left.
|
|t:|1784888644
|switch|p2a: Charizard|Charizard, L50, F|100/100
|move|p1a: Charizard|Protect|p1a: Charizard
|-singleturn|p1a: Charizard|Protect
|move|p2b: Garchomp|Rock Slide|p1b: Venusaur|[spread] p1b
|-activate|p1a: Charizard|move: Protect
|-damage|p1b: Venusaur|53/100
|-damage|p2b: Garchomp|20/100y|[from] item: Life Orb
|move|p1b: Venusaur|Sludge Bomb|p2a: Charizard
|-damage|p2a: Charizard|70/100
|
|-weather|SunnyDay|[upkeep]
|upkeep
|turn|3
|
|t:|1784888667
|switch|p1a: Basculegion|Basculegion, L50, M|100/100
|detailschange|p2a: Charizard|Charizard-Mega-Y, L50, F
|-mega|p2a: Charizard|Charizard|Charizardite Y
|move|p1b: Venusaur|Protect|p1b: Venusaur
|-singleturn|p1b: Venusaur|Protect
|move|p2b: Garchomp|Rock Slide|p1a: Basculegion|[spread] p1a
|-activate|p1b: Venusaur|move: Protect
|-damage|p1a: Basculegion|66/100
|-damage|p2b: Garchomp|10/100|[from] item: Life Orb
|move|p2a: Charizard|Heat Wave|p1b: Venusaur|[spread] p1a
|-activate|p1b: Venusaur|move: Protect
|-resisted|p1a: Basculegion|1
|-damage|p1a: Basculegion|28/100
|
|-weather|SunnyDay|[upkeep]
|upkeep
|turn|4
|
|t:|1784888689
|switch|p2a: Basculegion|Basculegion, L50, M|100/100
|switch|p1b: Pelipper|Pelipper, L50, F|100/100
|-weather|RainDance|[from] ability: Drizzle|[of] p1b: Pelipper
|move|p2b: Garchomp|Protect|p2b: Garchomp
|-singleturn|p2b: Garchomp|Protect
|move|p1a: Basculegion|Aqua Jet|p2b: Garchomp
|-activate|p2b: Garchomp|move: Protect
|
|-weather|RainDance|[upkeep]
|-sideend|p2: abc'svgc|move: Tailwind
|upkeep
|turn|5
|inactive|abc'svgc has 30 seconds left.
|
|t:|1784888715
|move|p2b: Garchomp|Protect||[still]
|-fail|p2b: Garchomp
|move|p1a: Basculegion|Aqua Jet|p2b: Garchomp
|-damage|p2b: Garchomp|0 fnt
|-damage|p1a: Basculegion|15/100|[from] ability: Rough Skin|[of] p2b: Garchomp
|faint|p2b: Garchomp
|move|p2a: Basculegion|Flip Turn|p1a: Basculegion
|-resisted|p1a: Basculegion|1
|-damage|p1a: Basculegion|0 fnt
|faint|p1a: Basculegion
|
|t:|1784888727
|switch|p2a: Charizard|Charizard-Mega-Y, L50, F|70/100|[from] Flip Turn
|-weather|SunnyDay|[from] ability: Drought|[of] p2a: Charizard
|move|p1b: Pelipper|Tailwind|p1b: Pelipper
|-sidestart|p1: justin tang1234|move: Tailwind
|
|-weather|SunnyDay|[upkeep]
|upkeep
|
|t:|1784888742
|switch|p2b: Whimsicott|Whimsicott, L50, F|1/100
|switch|p1a: Charizard|Charizard-Mega-Y, L50, F|100/100
|turn|6
|
|t:|1784888766
|move|p2b: Whimsicott|Tailwind|p2b: Whimsicott
|-sidestart|p2: abc'svgc|move: Tailwind
|move|p2a: Charizard|Weather Ball|p1a: Charizard
|-resisted|p1a: Charizard|1
|-damage|p1a: Charizard|57/100
|move|p1a: Charizard|Heat Wave|p2b: Whimsicott|[spread] p2a,p2b
|-resisted|p2a: Charizard|1
|-supereffective|p2b: Whimsicott|1
|-damage|p2a: Charizard|37/100
|-damage|p2b: Whimsicott|0 fnt
|faint|p2b: Whimsicott
|move|p1b: Pelipper|Hurricane|p2a: Charizard
|-damage|p2a: Charizard|0 fnt
|faint|p2a: Charizard
|
|-weather|SunnyDay|[upkeep]
|upkeep
|
|t:|1784888780
|switch|p2b: Basculegion|Basculegion, L50, M|100/100
|turn|7
|
|t:|1784888799
|move|p2b: Basculegion|Last Respects|p1b: Pelipper
|-damage|p1b: Pelipper|0 fnt
|faint|p1b: Pelipper
|move|p1a: Charizard|Weather Ball|p2b: Basculegion
|-resisted|p2b: Basculegion|1
|-damage|p2b: Basculegion|52/100
|
|-weather|SunnyDay|[upkeep]
|upkeep
|
|t:|1784888805
|switch|p1b: Venusaur|Venusaur, L50, F|53/100
|turn|8
|
|t:|1784888818
|move|p1b: Venusaur|Leaf Storm|p2b: Basculegion
|-supereffective|p2b: Basculegion|1
|-damage|p2b: Basculegion|0 fnt
|-unboost|p1b: Venusaur|spa|2
|faint|p2b: Basculegion
|
|win|justin tang1234
|raw|justin tang1234's rating: 1173 → 1199(+26 for winning)
|raw|abc'svgc's rating: 1191 → 1165(-26 for losing)
|l|☆abc'svgc
|player|p2|
