|j|☆Semiau
|j|☆mackerjuan
|html|Semiaumackerjuan    
|uhtml|bestof|Game 1 of a best-of-3
|t:|1756219623
|gametype|doubles
|player|p1|Semiau|policeman|1129
|player|p2|mackerjuan|102|1180
|gen|9
|tier|[Gen 9] VGC 2025 Reg H (Bo3)
|rated|
|rule|Species Clause: Limit one of each Pokémon
|rule|Item Clause: Limit 1 of each item
|clearpoke
|poke|p1|Indeedee-F, L50, F|
|poke|p1|Typhlosion-Hisui, L50, F|
|poke|p1|Gallade, L50, M|
|poke|p1|Toxtricity, L50, F|
|poke|p1|Ursaluna-Bloodmoon, L50, M|
|poke|p1|Torkoal, L50, F|
|poke|p2|Incineroar, L50, F|
|poke|p2|Gholdengo, L50|
|poke|p2|Porygon2, L50|
|poke|p2|Ursaluna, L50, F|
|poke|p2|Amoonguss, L50, F|
|poke|p2|Hydreigon, L50, M|
|teampreview|4
|showteam|p1|Indeedee-F||PsychicSeed|PsychicSurge|HelpingHand,FollowMe,DazzlingGleam,TrickRoom|||F|||50|,,,,,Fairy]Typhlosion-Hisui||ChoiceScarf|Frisk|Eruption,Overheat,ShadowBall,FocusBlast|||F|||50|,,,,,Fire]Gallade||FocusSash|Sharpness|PsychoCut,SacredSword,WideGuard,TrickRoom|||M|||50|,,,,,Psychic]Toxtricity||ChoiceSpecs|PunkRock|Boomburst,Overdrive,VoltSwitch,SludgeBomb|||F|||50|,,,,,Normal]Ursaluna-Bloodmoon||ThroatSpray|MindsEye|HyperVoice,BloodMoon,EarthPower,Protect|||M|||50|,,,,,Normal]Torkoal||Charcoal|Drought|Eruption,Yawn,Protect,Flamethrower|||F|||50|,,,,,Fire
|showteam|p2|Incineroar||SafetyGoggles|Intimidate|FlareBlitz,KnockOff,FakeOut,PartingShot|||F|||50|,,,,,Ghost]Gholdengo||LifeOrb|GoodasGold|MakeItRain,ShadowBall,NastyPlot,Protect||||||50|,,,,,Water]Porygon2||Eviolite|Download|TeraBlast,IceBeam,Recover,TrickRoom||||||50|,,,,,Fighting]Ursaluna||FlameOrb|Guts|Facade,HeadlongRush,Earthquake,Protect|||F|||50|,,,,,Ghost]Amoonguss||SitrusBerry|Regenerator|PollenPuff,Spore,RagePowder,Protect|||F|||50|,,,,,Water]Hydreigon||CovertCloak|Levitate|Taunt,Tailwind,DracoMeteor,Snarl|||M|||50|,,,,,Steel
|inactive|Battle timer is ON: inactive players will automatically lose when time's up. (requested by mackerjuan)
|inactive|Semiau has 60 seconds left.
|inactive|mackerjuan has 60 seconds left.
|
|t:|1756219674
|teamsize|p1|4
|teamsize|p2|4
|start
|switch|p1a: Typhlosion|Typhlosion-Hisui, L50, F|100/100
|switch|p1b: Toxtricity|Toxtricity, L50, F|100/100
|switch|p2a: Gholdengo|Gholdengo, L50|100/100
|switch|p2b: Incineroar|Incineroar, L50, F|100/100
|-item|p2a: Gholdengo|Life Orb|[from] ability: Frisk|[of] p1a: Typhlosion
|-item|p2b: Incineroar|Safety Goggles|[from] ability: Frisk|[of] p1a: Typhlosion
|-ability|p2b: Incineroar|Intimidate|boost
|-unboost|p1a: Typhlosion|atk|1
|-unboost|p1b: Toxtricity|atk|1
|turn|1
|
|t:|1756219693
|move|p2a: Gholdengo|Protect|p2a: Gholdengo
|-singleturn|p2a: Gholdengo|Protect
|move|p1a: Typhlosion|Focus Blast|p2b: Incineroar
|-supereffective|p2b: Incineroar
|-crit|p2b: Incineroar
|-damage|p2b: Incineroar|0 fnt
|faint|p2b: Incineroar
|move|p1b: Toxtricity|Overdrive|p2a: Gholdengo
|-activate|p2a: Gholdengo|move: Protect
|
|upkeep
|
|t:|1756219702
|switch|p2b: Hydreigon|Hydreigon, L50, M|100/100
|turn|2
|
|t:|1756219714
|switch|p1a: Gallade|Gallade, L50, M|100/100
|switch|p2a: Ursaluna|Ursaluna, L50, F|100/100
|move|p2b: Hydreigon|Tailwind|p2b: Hydreigon
|-sidestart|p2: mackerjuan|move: Tailwind
|move|p1b: Toxtricity|Overdrive|p2a: Ursaluna|[spread] p2b
|-immune|p2a: Ursaluna
|-resisted|p2b: Hydreigon
|-damage|p2b: Hydreigon|69/100
|
|-status|p2a: Ursaluna|brn|[from] item: Flame Orb
|upkeep
|turn|3
|
|t:|1756219737
|switch|p1b: Ursaluna|Ursaluna-Bloodmoon, L50, M|100/100
|move|p2b: Hydreigon|Snarl|p1a: Gallade|[spread] p1a,p1b
|-crit|p1b: Ursaluna
|-damage|p1a: Gallade|83/100
|-damage|p1b: Ursaluna|73/100
|-unboost|p1a: Gallade|spa|1
|-unboost|p1b: Ursaluna|spa|1
|move|p2a: Ursaluna|Facade|p1a: Gallade
|-damage|p1a: Gallade|0 fnt
|faint|p1a: Gallade
|
|-damage|p2a: Ursaluna|95/100 brn|[from] brn
|upkeep
|
|t:|1756219742
|switch|p1a: Typhlosion|Typhlosion-Hisui, L50, F|100/100
|-item|p2a: Ursaluna|Flame Orb|[from] ability: Frisk|[of] p1a: Typhlosion
|-item|p2b: Hydreigon|Covert Cloak|[from] ability: Frisk|[of] p1a: Typhlosion
|turn|4
|
|t:|1756219752
|-terastallize|p1a: Typhlosion|Fire
|move|p1b: Ursaluna|Protect|p1b: Ursaluna
|-singleturn|p1b: Ursaluna|Protect
|move|p2b: Hydreigon|Snarl|p1b: Ursaluna|[spread] p1a
|-activate|p1b: Ursaluna|move: Protect
|-damage|p1a: Typhlosion|74/100
|-unboost|p1a: Typhlosion|spa|1
|move|p1a: Typhlosion|Focus Blast|p2a: Ursaluna
|-supereffective|p2a: Ursaluna
|-damage|p2a: Ursaluna|44/100 brn
|move|p2a: Ursaluna|Earthquake|p1b: Ursaluna|[spread] p1a
|-activate|p1b: Ursaluna|move: Protect
|-immune|p2b: Hydreigon|[from] ability: Levitate
|-supereffective|p1a: Typhlosion
|-damage|p1a: Typhlosion|0 fnt
|faint|p1a: Typhlosion
|
|-damage|p2a: Ursaluna|39/100 brn|[from] brn
|upkeep
|
|t:|1756219754
|switch|p1a: Toxtricity|Toxtricity, L50, F|100/100
|turn|5
|
|t:|1756219760
|move|p2b: Hydreigon|Snarl|p1a: Toxtricity|[spread] p1b
|-miss|p2b: Hydreigon|p1a: Toxtricity
|-damage|p1b: Ursaluna|54/100
|-unboost|p1b: Ursaluna|spa|1
|move|p2a: Ursaluna|Earthquake|p1b: Ursaluna|[spread] p1a,p1b
|-immune|p2b: Hydreigon|[from] ability: Levitate
|-supereffective|p1a: Toxtricity
|-damage|p1a: Toxtricity|0 fnt
|-damage|p1b: Ursaluna|6/100
|faint|p1a: Toxtricity
|move|p1b: Ursaluna|Hyper Voice|p2a: Ursaluna|[spread] p2a,p2b
|-damage|p2a: Ursaluna|22/100 brn
|-damage|p2b: Hydreigon|51/100
|-enditem|p1b: Ursaluna|Throat Spray
|-boost|p1b: Ursaluna|spa|1|[from] item: Throat Spray
|
|-damage|p2a: Ursaluna|16/100 brn|[from] brn
|-sideend|p2: mackerjuan|move: Tailwind
|upkeep
|turn|6
|-message|Semiau forfeited.
|
|win|mackerjuan
|l|☆Semiau
|player|p1|
||Semiau is ready for game 2.
