|j|☆ShackWoods
|j|☆Goat pincurchin
|html|ShackWoodsGoat pincurchin    
|uhtml|bestof|Game 3 of a best-of-3
|t:|1757019108
|gametype|doubles
|player|p1|ShackWoods|korrina|1269
|player|p2|Goat pincurchin|2|1340
|gen|9
|tier|[Gen 9] VGC 2025 Reg H (Bo3)
|rated|
|rule|Species Clause: Limit one of each Pokémon
|rule|Item Clause: Limit 1 of each item
|clearpoke
|poke|p1|Lilligant-Hisui, L50, F|
|poke|p1|Armarouge, L50, M|
|poke|p1|Indeedee-F, L50, F|
|poke|p1|Torkoal, L50, F|
|poke|p1|Ursaluna, L50, F|
|poke|p1|Hatterene, L50, F|
|poke|p2|Gholdengo, L50|
|poke|p2|Rillaboom, L50, M|
|poke|p2|Ninetales-Alola, L50, F|
|poke|p2|Arcanine-Hisui, L50, F|
|poke|p2|Annihilape, L50, M|
|poke|p2|Volcarona, L50, F|
|teampreview|4
|showteam|p1|Lilligant-Hisui||FocusSash|Chlorophyll|SolarBlade,CloseCombat,TripleAxel,AfterYou|||F|||50|,,,,,Ghost]Armarouge||PsychicSeed|FlashFire|ExpandingForce,ArmorCannon,WideGuard,TrickRoom|||M|||50|,,,,,Grass]Indeedee-F||RockyHelmet|PsychicSurge|AlluringVoice,HelpingHand,FollowMe,TrickRoom|||F|||50|,,,,,Grass]Torkoal||Charcoal|Drought|Eruption,WeatherBall,ClearSmog,Protect|||F|||50|,,,,,Fire]Ursaluna||FlameOrb|Guts|Facade,HeadlongRush,Substitute,Protect|||F|||50|,,,,,Ghost]Hatterene||LifeOrb|MagicBounce|ExpandingForce,DazzlingGleam,MysticalFire,TrickRoom|||F|||50|,,,,,Fire
|showteam|p2|Gholdengo||GrassySeed|GoodasGold|NastyPlot,MakeItRain,ShadowBall,Protect||||||50|,,,,,Water]Rillaboom||AssaultVest|GrassySurge|FakeOut,GrassyGlide,DrumBeating,HighHorsepower|||M|||50|,,,,,Fire]Ninetales-Alola||FocusSash|SnowWarning|Blizzard,IcyWind,Encore,AuroraVeil|||F|||50|,,,,,Ghost]Arcanine-Hisui||ClearAmulet|Intimidate|RockSlide,FlareBlitz,ExtremeSpeed,Protect|||F|||50|,,,,,Water]Annihilape||SafetyGoggles|Defiant|RageFist,CloseCombat,FinalGambit,Taunt|||M|||50|,,,,,Water]Volcarona||SitrusBerry|FlameBody|Flamethrower,StruggleBug,Tailwind,RagePowder|||F|||50|,,,,,Grass
|inactive|Battle timer is ON: inactive players will automatically lose when time's up. (requested by Goat pincurchin)
|c|☆ShackWoods|gl hf
|
|t:|1757019138
|teamsize|p1|4
|teamsize|p2|4
|start
|switch|p1a: Armarouge|Armarouge, L50, M|100/100
|switch|p1b: Ursaluna|Ursaluna, L50, F|100/100
|switch|p2a: Annihilape|Annihilape, L50, M|100/100
|switch|p2b: Arcanine|Arcanine-Hisui, L50, F|100/100
|-ability|p2b: Arcanine|Intimidate|boost
|-unboost|p1a: Armarouge|atk|1
|-unboost|p1b: Ursaluna|atk|1
|turn|1
|inactive|ShackWoods has 30 seconds left.
|inactive|ShackWoods has 20 seconds left.
|inactive|ShackWoods has 15 seconds left.
|inactive|ShackWoods has 10 seconds left.
|
|t:|1757019188
|switch|p1a: Torkoal|Torkoal, L50, F|100/100
|-weather|SunnyDay|[from] ability: Drought|[of] p1a: Torkoal
|move|p2b: Arcanine|Protect|p2b: Arcanine
|-singleturn|p2b: Arcanine|Protect
|move|p2a: Annihilape|Final Gambit|p1a: Torkoal
|-damage|p1a: Torkoal|0 fnt
|faint|p2a: Annihilape
|faint|p1a: Torkoal
|move|p1b: Ursaluna|Headlong Rush|p2b: Arcanine
|-activate|p2b: Arcanine|move: Protect
|
|-weather|SunnyDay|[upkeep]
|-status|p1b: Ursaluna|brn|[from] item: Flame Orb
|upkeep
|inactive|Goat pincurchin has 30 seconds left.
|
|t:|1757019213
|switch|p2a: Ninetales|Ninetales-Alola, L50, F|100/100
|switch|p1a: Armarouge|Armarouge, L50, M|100/100
|-weather|Snowscape|[from] ability: Snow Warning|[of] p2a: Ninetales
|turn|2
|
|t:|1757019230
|-terastallize|p2b: Arcanine|Water
|move|p1a: Armarouge|Wide Guard|p1a: Armarouge
|-singleturn|p1a: Armarouge|Wide Guard
|move|p2a: Ninetales|Aurora Veil|p2a: Ninetales
|-sidestart|p2: Goat pincurchin|move: Aurora Veil
|move|p2b: Arcanine|Rock Slide|p1b: Ursaluna|[spread] 
|-activate|p1a: Armarouge|move: Wide Guard
|-activate|p1b: Ursaluna|move: Wide Guard
|move|p1b: Ursaluna|Facade|p2b: Arcanine
|-damage|p2b: Arcanine|36/100
|
|-weather|Snowscape|[upkeep]
|-damage|p1b: Ursaluna|95/100 brn|[from] brn
|upkeep
|turn|3
|
|t:|1757019251
|move|p1a: Armarouge|Wide Guard|p1a: Armarouge
|-singleturn|p1a: Armarouge|Wide Guard
|move|p2a: Ninetales|Encore|p1a: Armarouge
|-start|p1a: Armarouge|Encore
|move|p2b: Arcanine|Flare Blitz|p1b: Ursaluna
|-damage|p1b: Ursaluna|53/100 brn
|-damage|p2b: Arcanine|17/100|[from] Recoil
|move|p1b: Ursaluna|Facade|p2b: Arcanine
|-damage|p2b: Arcanine|0 fnt
|faint|p2b: Arcanine
|
|-weather|Snowscape|[upkeep]
|-damage|p1b: Ursaluna|47/100 brn|[from] brn
|upkeep
|
|t:|1757019259
|switch|p2b: Rillaboom|Rillaboom, L50, M|100/100
|-fieldstart|move: Grassy Terrain|[from] ability: Grassy Surge|[of] p2b: Rillaboom
|turn|4
|inactive|ShackWoods has 30 seconds left.
|inactive|ShackWoods has 20 seconds left.
|inactive|ShackWoods has 15 seconds left.
|
|t:|1757019303
|move|p1b: Ursaluna|Protect|p1b: Ursaluna
|-singleturn|p1b: Ursaluna|Protect
|move|p1a: Armarouge|Wide Guard|p1a: Armarouge
|-singleturn|p1a: Armarouge|Wide Guard
|move|p2a: Ninetales|Blizzard|p1b: Ursaluna|[spread] 
|-activate|p1a: Armarouge|move: Wide Guard
|-activate|p1b: Ursaluna|move: Wide Guard
|move|p2b: Rillaboom|Drum Beating|p1b: Ursaluna
|-activate|p1b: Ursaluna|move: Protect
|
|-weather|Snowscape|[upkeep]
|-heal|p1b: Ursaluna|53/100 brn|[from] Grassy Terrain
|-damage|p1b: Ursaluna|47/100 brn|[from] brn
|upkeep
|turn|5
|inactive|ShackWoods has 30 seconds left.
|
|t:|1757019331
|-terastallize|p1b: Ursaluna|Ghost
|move|p1a: Armarouge|Wide Guard|p1a: Armarouge
|-singleturn|p1a: Armarouge|Wide Guard
|move|p2a: Ninetales|Blizzard|p1b: Ursaluna|[spread] 
|-activate|p1a: Armarouge|move: Wide Guard
|-activate|p1b: Ursaluna|move: Wide Guard
|move|p2b: Rillaboom|High Horsepower|p1a: Armarouge
|-supereffective|p1a: Armarouge
|-damage|p1a: Armarouge|42/100
|move|p1b: Ursaluna|Facade|p2b: Rillaboom
|-damage|p2b: Rillaboom|40/100
|
|-weather|Snowscape|[upkeep]
|-heal|p2b: Rillaboom|46/100|[from] Grassy Terrain
|-heal|p1a: Armarouge|48/100|[from] Grassy Terrain
|-heal|p1b: Ursaluna|53/100 brn|[from] Grassy Terrain
|-damage|p1b: Ursaluna|47/100 brn|[from] brn
|upkeep
|turn|6
|
|t:|1757019349
|move|p1a: Armarouge|Wide Guard|p1a: Armarouge
|-singleturn|p1a: Armarouge|Wide Guard
|move|p2a: Ninetales|Blizzard|p1a: Armarouge|[spread] 
|-activate|p1a: Armarouge|move: Wide Guard
|-activate|p1b: Ursaluna|move: Wide Guard
|move|p2b: Rillaboom|Drum Beating|p1b: Ursaluna
|-damage|p1b: Ursaluna|9/100 brn
|-unboost|p1b: Ursaluna|spe|1
|move|p1b: Ursaluna|Facade|p2b: Rillaboom
|-damage|p2b: Rillaboom|0 fnt
|faint|p2b: Rillaboom
|
|-weather|none
|-heal|p1a: Armarouge|54/100|[from] Grassy Terrain
|-heal|p1b: Ursaluna|15/100 brn|[from] Grassy Terrain
|-damage|p1b: Ursaluna|9/100 brn|[from] brn
|-end|p1a: Armarouge|Encore
|-sideend|p2: Goat pincurchin|move: Aurora Veil
|upkeep
|turn|7
|
|t:|1757019369
|move|p1a: Armarouge|Wide Guard|p1a: Armarouge
|-singleturn|p1a: Armarouge|Wide Guard
|move|p2a: Ninetales|Encore|p1a: Armarouge
|-start|p1a: Armarouge|Encore
|move|p1b: Ursaluna|Facade|p2a: Ninetales
|-enditem|p2a: Ninetales|Focus Sash
|-damage|p2a: Ninetales|1/100
|
|-heal|p2a: Ninetales|7/100|[from] Grassy Terrain
|-heal|p1a: Armarouge|60/100|[from] Grassy Terrain
|-heal|p1b: Ursaluna|15/100 brn|[from] Grassy Terrain
|-damage|p1b: Ursaluna|9/100 brn|[from] brn
|upkeep
|turn|8
|-message|Goat pincurchin forfeited.
|raw|ShackWoods's rating: 1269 → 1299(+30 for winning)
|raw|Goat pincurchin's rating: 1340 → 1316(-24 for losing)
|
|win|ShackWoods
|l|☆Goat pincurchin
|player|p2|
|c|☆ShackWoods|gg
