|j|☆Lorido
|j|☆ortainee
|html|Loridoortainee    
|uhtml|bestof|Game 2 of a best-of-3
|t:|1782554078
|gametype|doubles
|player|p1|Lorido|266|1277
|player|p2|ortainee|grimsley-gen7|1179
|gen|9
|tier|[Gen 9 Champions] VGC 2026 Reg M-B (Bo3)
|rated|
|rule|Species Clause: Limit one of each Pokémon
|rule|Item Clause: Limit 1 of each item
|clearpoke
|poke|p1|Charizard, L50, F|
|poke|p1|Floette-Eternal, L50, F|
|poke|p1|Whimsicott, L50, F|
|poke|p1|Kingambit, L50, F|
|poke|p1|Garchomp, L50, F|
|poke|p1|Basculegion, L50, M|
|poke|p2|Charizard, L50, M, shiny|
|poke|p2|Garchomp, L50, M|
|poke|p2|Mawile, L50, M|
|poke|p2|Whimsicott, L50, F, shiny|
|poke|p2|Farigiraf, L50, M, shiny|
|poke|p2|Basculegion, L50, M|
|teampreview|4
|showteam|p1|Charizard||CharizarditeY|Blaze|HeatWave,WeatherBall,SolarBeam,Protect|Modest||F|||50|]Floette-Eternal||Floettite|FlowerVeil|DazzlingGleam,Protect,Moonblast,LightofRuin|Modest||F|||50|]Whimsicott||FocusSash|Prankster|Moonblast,Protect,Tailwind,Encore|Timid||F|||50|]Kingambit||ChopleBerry|Defiant|KowtowCleave,SuckerPunch,IronHead,LowKick|Adamant||F|||50|]Garchomp||LifeOrb|RoughSkin|DragonClaw,StompingTantrum,RockSlide,Protect|Jolly||F|||50|]Basculegion||MysticWater|Adaptability|WaveCrash,LastRespects,AquaJet,Protect|Adamant||M|||50|
|showteam|p2|Charizard||CharizarditeY|Blaze|SolarBeam,HeatWave,WeatherBall,Protect|Modest||M|||50|]Garchomp||LifeOrb|RoughSkin|Earthquake,DragonClaw,RockSlide,Protect|Jolly||M|||50|]Mawile||Mawilite|HyperCutter|PlayRough,BrickBreak,SuckerPunch,Protect|Adamant||M|||50|]Whimsicott||FocusSash|Prankster|Moonblast,Tailwind,Encore,Protect|Timid||F|||50|]Farigiraf||SitrusBerry|ArmorTail|Psychic,TrickRoom,HelpingHand,Thunderbolt|Bold||M|||50|]Basculegion||MysticWater|Adaptability|WaveCrash,LastRespects,AquaJet,Protect|Adamant||M|||50|
|inactive|Battle timer is ON: inactive players will automatically lose when time's up. (requested by Lorido)
|inactive|ortainee also wants the timer to be on.
|
|t:|1782554107
|teamsize|p1|4
|teamsize|p2|4
|start
|switch|p1a: Whimsicott|Whimsicott, L50, F|100/100
|switch|p1b: Floette|Floette-Eternal, L50, F|100/100
|switch|p2a: Charizard|Charizard, L50, M, shiny|100/100
|switch|p2b: Garchomp|Garchomp, L50, M|100/100
|turn|1
|
|t:|1782554121
|switch|p2b: Whimsicott|Whimsicott, L50, F, shiny|100/100
|detailschange|p2a: Charizard|Charizard-Mega-Y, L50, M, shiny
|-mega|p2a: Charizard|Charizard|Charizardite Y
|-weather|SunnyDay|[from] ability: Drought|[of] p2a: Charizard
|detailschange|p1b: Floette|Floette-Mega, L50, F
|-mega|p1b: Floette|Floette|Floettite
|-ability|p1b: Floette|Fairy Aura
|move|p1a: Whimsicott|Tailwind|p1a: Whimsicott
|-sidestart|p1: Lorido|move: Tailwind
|move|p1b: Floette|Dazzling Gleam|p2b: Whimsicott|[spread] p2a,p2b
|-resisted|p2a: Charizard|1
|-damage|p2a: Charizard|77/100
|-damage|p2b: Whimsicott|23/100
|move|p2a: Charizard|Heat Wave|p1a: Whimsicott|[spread] p1a,p1b
|-supereffective|p1a: Whimsicott|1
|-enditem|p1a: Whimsicott|Focus Sash
|-damage|p1a: Whimsicott|1/100
|-damage|p1b: Floette|47/100
|-status|p1a: Whimsicott|brn
|
|-weather|SunnyDay|[upkeep]
|-damage|p1a: Whimsicott|0 fnt|[from] brn
|faint|p1a: Whimsicott
|upkeep
|
|t:|1782554144
|switch|p1a: Kingambit|Kingambit, L50, F|100/100
|turn|2
|
|t:|1782554153
|move|p2b: Whimsicott|Tailwind|p2b: Whimsicott
|-sidestart|p2: ortainee|move: Tailwind
|move|p1a: Kingambit|Sucker Punch|p2a: Charizard
|-damage|p2a: Charizard|27/100
|move|p1b: Floette|Light of Ruin|p2a: Charizard
|-resisted|p2a: Charizard|1
|-damage|p2a: Charizard|0 fnt
|faint|p2a: Charizard
|-damage|p1b: Floette|33/100|[from] Recoil
|
|-weather|SunnyDay|[upkeep]
|upkeep
|
|t:|1782554163
|switch|p2a: Garchomp|Garchomp, L50, M|100/100
|turn|3
|inactive|Lorido has 30 seconds left.
|
|t:|1782554194
|move|p2a: Garchomp|Protect|p2a: Garchomp
|-singleturn|p2a: Garchomp|Protect
|move|p1a: Kingambit|Sucker Punch||[still]
|-fail|p1a: Kingambit
|move|p2b: Whimsicott|Moonblast|p1a: Kingambit
|-damage|p1a: Kingambit|56/100
|move|p1b: Floette|Dazzling Gleam|p2b: Whimsicott|[spread] p2b
|-activate|p2a: Garchomp|move: Protect
|-damage|p2b: Whimsicott|0 fnt
|faint|p2b: Whimsicott
|
|-weather|SunnyDay|[upkeep]
|upkeep
|
|t:|1782554205
|switch|p2b: Basculegion|Basculegion, L50, M|100/100
|turn|4
|
|t:|1782554214
|move|p2b: Basculegion|Protect|p2b: Basculegion
|-singleturn|p2b: Basculegion|Protect
|move|p1a: Kingambit|Sucker Punch||[still]
|-fail|p1a: Kingambit
|move|p2a: Garchomp|Earthquake|p1a: Kingambit|[spread] p1a,p1b
|-activate|p2b: Basculegion|move: Protect
|-supereffective|p1a: Kingambit|1
|-damage|p1a: Kingambit|0 fnt
|-damage|p1b: Floette|0 fnt
|faint|p1a: Kingambit
|faint|p1b: Floette
|-damage|p2a: Garchomp|90/100|[from] item: Life Orb
|
|-weather|SunnyDay|[upkeep]
|-sideend|p1: Lorido|move: Tailwind
|upkeep
|
|t:|1782554224
|switch|p1b: Basculegion|Basculegion, L50, M|100/100
|turn|5
|
|t:|1782554231
|move|p2a: Garchomp|Dragon Claw|p1b: Basculegion
|-damage|p1b: Basculegion|37/100
|-damage|p2a: Garchomp|80/100|[from] item: Life Orb
|move|p2b: Basculegion|Last Respects|p1b: Basculegion
|-supereffective|p1b: Basculegion|1
|-damage|p1b: Basculegion|0 fnt
|faint|p1b: Basculegion
|
|win|ortainee
|raw|Lorido's rating: 1277 → 1245(-32 for losing)
|raw|ortainee's rating: 1179 → 1211(+32 for winning)
