|j|☆Garmas
|j|☆poopymcpooperstank
|html|Garmaspoopymcpooperstank    
|uhtml|bestof|Game 3 of a best-of-3
|t:|1756323621
|gametype|doubles
|player|p1|Garmas|ethan|1073
|player|p2|poopymcpooperstank|iris|1076
|gen|9
|tier|[Gen 9] VGC 2025 Reg H (Bo3)
|rated|
|rule|Species Clause: Limit one of each Pokémon
|rule|Item Clause: Limit 1 of each item
|clearpoke
|poke|p1|Hydreigon, L50, F|
|poke|p1|Gholdengo, L50|
|poke|p1|Farigiraf, L50, F|
|poke|p1|Arcanine, L50, M|
|poke|p1|Rillaboom, L50, M|
|poke|p1|Primarina, L50, M|
|poke|p2|Dragapult, L50, M|
|poke|p2|Sneasler, L50, M|
|poke|p2|Tauros-Paldea-Aqua, L50, M|
|poke|p2|Pelipper, L50, M|
|poke|p2|Gholdengo, L50|
|poke|p2|Rillaboom, L50, F|
|teampreview|4
|showteam|p1|Hydreigon||SafetyGoggles|Levitate|DracoMeteor,Snarl,Protect,Tailwind|||F|||50|,,,,,Ghost]Gholdengo||Leftovers|GoodasGold|MakeItRain,ShadowBall,Protect,NastyPlot||||||50|,,,,,Dragon]Farigiraf||SitrusBerry|ArmorTail|TrickRoom,Psychic,Imprison,HelpingHand|||F|||50|,,,,,Fairy]Arcanine||MirrorHerb|Intimidate|FlareBlitz,ExtremeSpeed,WillOWisp,Protect|||M|||50|,,,,,Normal]Rillaboom||AssaultVest|GrassySurge|WoodHammer,DrainPunch,GrassyGlide,FakeOut|||M|||50|,,,,,Fire]Primarina||ThroatSpray|LiquidVoice|Moonblast,HyperVoice,Protect,Haze|||M|||50|,,,,,Steel
|showteam|p2|Dragapult||ChoiceBand|ClearBody|DragonDarts,PhantomForce,Outrage,Uturn|||M|||50|,,,,,Dragon]Sneasler||WhiteHerb|Unburden|DireClaw,CloseCombat,QuickGuard,FakeOut|||M|||50|,,,,,Fighting]Tauros-Paldea-Aqua||MysticWater|Intimidate|WaveCrash,AquaJet,CloseCombat,Protect|||M|||50|,,,,,Water]Pelipper||FocusSash|Drizzle|WeatherBall,Hurricane,Tailwind,WideGuard|||M|||50|,,,,,Stellar]Gholdengo||Leftovers|GoodasGold|ShadowBall,MakeItRain,NastyPlot,Protect||||||50|,,,,,Dragon]Rillaboom||AssaultVest|GrassySurge|WoodHammer,GrassyGlide,FakeOut,Uturn|||F|||50|,,,,,Fire
|
|t:|1756323649
|teamsize|p1|4
|teamsize|p2|4
|start
|switch|p1a: Hydreigon|Hydreigon, L50, F|100/100
|switch|p1b: Rillaboom|Rillaboom, L50, M|100/100
|switch|p2a: Pelipper|Pelipper, L50, M|100/100
|switch|p2b: Tauros|Tauros-Paldea-Aqua, L50, M|100/100
|-ability|p2b: Tauros|Intimidate|boost
|-unboost|p1a: Hydreigon|atk|1
|-unboost|p1b: Rillaboom|atk|1
|-weather|RainDance|[from] ability: Drizzle|[of] p2a: Pelipper
|-fieldstart|move: Grassy Terrain|[from] ability: Grassy Surge|[of] p1b: Rillaboom
|turn|1
|
|t:|1756323690
|move|p1b: Rillaboom|Fake Out|p2b: Tauros
|-damage|p2b: Tauros|90/100
|cant|p2b: Tauros|flinch
|move|p1a: Hydreigon|Tailwind|p1a: Hydreigon
|-sidestart|p1: Garmas|move: Tailwind
|move|p2a: Pelipper|Tailwind|p2a: Pelipper
|-sidestart|p2: poopymcpooperstank|move: Tailwind
|
|-weather|RainDance|[upkeep]
|-heal|p2b: Tauros|96/100|[from] Grassy Terrain
|upkeep
|turn|2
|
|t:|1756323717
|switch|p1a: Gholdengo|Gholdengo, L50|100/100
|move|p2b: Tauros|Protect|p2b: Tauros
|-singleturn|p2b: Tauros|Protect
|move|p2a: Pelipper|Weather Ball|p1b: Rillaboom
|-resisted|p1b: Rillaboom
|-damage|p1b: Rillaboom|79/100
|move|p1b: Rillaboom|Wood Hammer|p2b: Tauros
|-activate|p2b: Tauros|move: Protect
|
|-weather|RainDance|[upkeep]
|-heal|p2b: Tauros|100/100|[from] Grassy Terrain
|-heal|p1b: Rillaboom|85/100|[from] Grassy Terrain
|upkeep
|turn|3
|
|t:|1756323760
|move|p1b: Rillaboom|Grassy Glide|p2a: Pelipper
|-damage|p2a: Pelipper|69/100
|move|p2b: Tauros|Wave Crash|p1b: Rillaboom
|-resisted|p1b: Rillaboom
|-damage|p1b: Rillaboom|37/100
|-damage|p2b: Tauros|78/100|[from] Recoil
|move|p1a: Gholdengo|Nasty Plot|p1a: Gholdengo
|-boost|p1a: Gholdengo|spa|2
|move|p2a: Pelipper|Hurricane|p1b: Rillaboom
|-supereffective|p1b: Rillaboom
|-damage|p1b: Rillaboom|0 fnt
|faint|p1b: Rillaboom
|
|-weather|RainDance|[upkeep]
|-heal|p2b: Tauros|84/100|[from] Grassy Terrain
|upkeep
|
|t:|1756323779
|switch|p1b: Farigiraf|Farigiraf, L50, F|100/100
|turn|4
|
|t:|1756323800
|move|p2b: Tauros|Wave Crash|p1a: Gholdengo
|-crit|p1a: Gholdengo
|-damage|p1a: Gholdengo|0 fnt
|faint|p1a: Gholdengo
|-damage|p2b: Tauros|42/100|[from] Recoil
|move|p2a: Pelipper|Weather Ball|p1b: Farigiraf
|-damage|p1b: Farigiraf|38/100
|-enditem|p1b: Farigiraf|Sitrus Berry|[eat]
|-heal|p1b: Farigiraf|63/100|[from] item: Sitrus Berry
|move|p1b: Farigiraf|Trick Room|p1b: Farigiraf
|-fieldstart|move: Trick Room|[of] p1b: Farigiraf
|
|-weather|RainDance|[upkeep]
|-heal|p1b: Farigiraf|69/100|[from] Grassy Terrain
|-heal|p2b: Tauros|48/100|[from] Grassy Terrain
|-sideend|p1: Garmas|move: Tailwind
|-sideend|p2: poopymcpooperstank|move: Tailwind
|upkeep
|c|☆Garmas|wow
|
|t:|1756323814
|switch|p1a: Hydreigon|Hydreigon, L50, F|100/100
|turn|5
|
|t:|1756323830
|move|p1b: Farigiraf|Psychic|p2b: Tauros
|-supereffective|p2b: Tauros
|-damage|p2b: Tauros|0 fnt
|faint|p2b: Tauros
|move|p2a: Pelipper|Hurricane|p1b: Farigiraf
|-damage|p1b: Farigiraf|22/100
|-start|p1b: Farigiraf|confusion
|move|p1a: Hydreigon|Snarl|p2a: Pelipper
|-crit|p2a: Pelipper
|-damage|p2a: Pelipper|3/100
|-unboost|p2a: Pelipper|spa|1
|
|-weather|none
|-heal|p1b: Farigiraf|28/100|[from] Grassy Terrain
|-fieldend|move: Grassy Terrain
|upkeep
|
|t:|1756323847
|switch|p2b: Sneasler|Sneasler, L50, M|100/100
|turn|6
|
|t:|1756323864
|move|p2a: Pelipper|Wide Guard|p2a: Pelipper
|-singleturn|p2a: Pelipper|Wide Guard
|-activate|p1b: Farigiraf|confusion
|move|p1b: Farigiraf|Psychic|p2a: Pelipper
|-damage|p2a: Pelipper|0 fnt
|faint|p2a: Pelipper
|move|p1a: Hydreigon|Draco Meteor|p2b: Sneasler
|-damage|p2b: Sneasler|9/100
|-unboost|p1a: Hydreigon|spa|2
|move|p2b: Sneasler|Close Combat|p1a: Hydreigon
|-supereffective|p1a: Hydreigon
|-damage|p1a: Hydreigon|0 fnt
|-unboost|p2b: Sneasler|def|1
|-unboost|p2b: Sneasler|spd|1
|faint|p1a: Hydreigon
|-enditem|p2b: Sneasler|White Herb
|-clearnegativeboost|p2b: Sneasler|[silent]
|
|upkeep
|
|t:|1756323880
|switch|p2a: Dragapult|Dragapult, L50, M, shiny|100/100
|turn|7
|
|t:|1756323891
|-terastallize|p1b: Farigiraf|Fairy
|-terastallize|p2a: Dragapult|Dragon
|-end|p1b: Farigiraf|confusion
|move|p1b: Farigiraf|Psychic|p2b: Sneasler
|-supereffective|p2b: Sneasler
|-damage|p2b: Sneasler|0 fnt
|faint|p2b: Sneasler
|move|p2a: Dragapult|Dragon Darts|p1b: Farigiraf
|-immune|p1b: Farigiraf
|
|upkeep
|turn|8
|-message|poopymcpooperstank forfeited.
|
|win|Garmas
|raw|Garmas's rating: 1073 → 1102(+29 for winning)
|raw|poopymcpooperstank's rating: 1076 → 1054(-22 for losing)
|l|☆poopymcpooperstank
|player|p2|
|c|☆Garmas|gg
|c|☆Garmas|ahahahahahaahaha
