|j|☆pfizerlordozai
|j|☆Gunkqing
|html|pfizerlordozaiGunkqing    
|uhtml|bestof|Game 2 of a best-of-3
|t:|1757170047
|gametype|doubles
|player|p1|pfizerlordozai|bruno|
|player|p2|Gunkqing|266|
|gen|9
|tier|[Gen 9] VGC 2025 Reg H (Bo3)
|rule|Species Clause: Limit one of each Pokémon
|rule|Item Clause: Limit 1 of each item
|clearpoke
|poke|p1|Pelipper, L50, F|
|poke|p1|Archaludon, L50, M|
|poke|p1|Ursaluna, L50, M|
|poke|p1|Sinistcha, L50|
|poke|p1|Incineroar, L50, M|
|poke|p1|Sneasler, L50, M|
|poke|p2|Rillaboom, L50, M|
|poke|p2|Electabuzz, L50, F|
|poke|p2|Kommo-o, L50, F|
|poke|p2|Incineroar, L50, M|
|poke|p2|Basculegion, L50, M|
|poke|p2|Sylveon, L50, F|
|teampreview|4
|showteam|p1|Pelipper||CovertCloak|Drizzle|WeatherBall,Hurricane,Tailwind,Protect|||F|||50|,,,,,Fairy]Archaludon||PowerHerb|Sturdy|ElectroShot,DragonPulse,FlashCannon,Protect|||M|||50|,,,,,Electric]Ursaluna||FlameOrb|Guts|Facade,HeadlongRush,Earthquake,Protect|||M|||50|,,,,,Ghost]Sinistcha||SitrusBerry|Hospitality|MatchaGotcha,ShadowBall,TrickRoom,RagePowder||||||50|,,,,,Dark]Incineroar||AssaultVest|Intimidate|FlareBlitz,KnockOff,Uturn,FakeOut|||M|||50|,,,,,Grass]Sneasler||FocusSash|Unburden|FakeOut,CloseCombat,DireClaw,Protect|||M|||50|,,,,,Ghost
|showteam|p2|Rillaboom||MeadowPlate|GrassySurge|FakeOut,WoodHammer,GrassyGlide,Uturn|||M|||50|,,,,,Fire]Electabuzz||Eviolite|VitalSpirit|FollowMe,Thunderbolt,Taunt,Protect|||F|||50|,,,,,Ghost]Kommo-o||Leftovers|Soundproof|ClangingScales,ClangorousSoul,Flamethrower,Protect|||F|||50|,,,,,Fire]Incineroar||AssaultVest|Intimidate|FakeOut,FlareBlitz,KnockOff,Uturn|||M|||50|,,,,,Ghost]Basculegion||ChoiceScarf|Adaptability|WaveCrash,AquaJet,LastRespects,FlipTurn|||M|||50|,,,,,Grass]Sylveon||LifeOrb|Pixilate|HyperVoice,Moonblast,Detect,QuickAttack|||F|||50|,,,,,Fairy
|inactive|Battle timer is ON: inactive players will automatically lose when time's up. (requested by Gunkqing)
|inactive|pfizerlordozai has 60 seconds left.
|
|t:|1757170095
|teamsize|p1|4
|teamsize|p2|4
|start
|switch|p1a: Incineroar|Incineroar, L50, M|100/100
|switch|p1b: Sinistcha|Sinistcha, L50|100/100
|switch|p2a: Kommo-o|Kommo-o, L50, F|100/100
|switch|p2b: Rillaboom|Rillaboom, L50, M|100/100
|-fieldstart|move: Grassy Terrain|[from] ability: Grassy Surge|[of] p2b: Rillaboom
|-ability|p1a: Incineroar|Intimidate|boost
|-unboost|p2a: Kommo-o|atk|1
|-unboost|p2b: Rillaboom|atk|1
|turn|1
|inactive|pfizerlordozai has 30 seconds left.
|inactive|Gunkqing has 30 seconds left.
|
|t:|1757170126
|switch|p1a: Ursaluna|Ursaluna, L50, M|100/100
|move|p2b: Rillaboom|Fake Out|p1a: Ursaluna
|-damage|p1a: Ursaluna|93/100
|move|p2a: Kommo-o|Clangorous Soul|p2a: Kommo-o
|-boost|p2a: Kommo-o|atk|1
|-boost|p2a: Kommo-o|def|1
|-boost|p2a: Kommo-o|spa|1
|-boost|p2a: Kommo-o|spd|1
|-boost|p2a: Kommo-o|spe|1
|-damage|p2a: Kommo-o|68/100
|move|p1b: Sinistcha|Trick Room|p1b: Sinistcha
|-fieldstart|move: Trick Room|[of] p1b: Sinistcha
|
|-heal|p1a: Ursaluna|99/100|[from] Grassy Terrain
|-heal|p2a: Kommo-o|74/100|[from] Grassy Terrain
|-heal|p2a: Kommo-o|79/100|[from] item: Leftovers
|-status|p1a: Ursaluna|brn|[from] item: Flame Orb
|upkeep
|turn|2
|inactive|pfizerlordozai has 30 seconds left.
|
|t:|1757170152
|switch|p2b: Incineroar|Incineroar, L50, M|100/100
|-ability|p2b: Incineroar|Intimidate|boost
|-unboost|p1a: Ursaluna|atk|1
|-unboost|p1b: Sinistcha|atk|1
|move|p1a: Ursaluna|Facade|p2b: Incineroar
|-damage|p2b: Incineroar|29/100
|move|p1b: Sinistcha|Shadow Ball|p2b: Incineroar
|-resisted|p2b: Incineroar
|-damage|p2b: Incineroar|18/100
|move|p2a: Kommo-o|Clanging Scales|p1b: Sinistcha|[spread] p1a,p1b
|-damage|p1a: Ursaluna|53/100 brn
|-damage|p1b: Sinistcha|54/100
|-unboost|p2a: Kommo-o|def|1
|
|-heal|p1a: Ursaluna|58/100 brn|[from] Grassy Terrain
|-heal|p2b: Incineroar|24/100|[from] Grassy Terrain
|-heal|p1b: Sinistcha|61/100|[from] Grassy Terrain
|-heal|p2a: Kommo-o|85/100|[from] Grassy Terrain
|-heal|p2a: Kommo-o|91/100|[from] item: Leftovers
|-damage|p1a: Ursaluna|53/100 brn|[from] brn
|upkeep
|turn|3
|inactive|Gunkqing has 30 seconds left.
|
|t:|1757170181
|-terastallize|p1a: Ursaluna|Ghost
|move|p2b: Incineroar|Fake Out|p1a: Ursaluna
|-immune|p1a: Ursaluna
|move|p1a: Ursaluna|Facade|p2a: Kommo-o
|-damage|p2a: Kommo-o|18/100
|move|p1b: Sinistcha|Shadow Ball|p2a: Kommo-o
|-damage|p2a: Kommo-o|0 fnt
|faint|p2a: Kommo-o
|
|-heal|p1a: Ursaluna|58/100 brn|[from] Grassy Terrain
|-heal|p2b: Incineroar|30/100|[from] Grassy Terrain
|-heal|p1b: Sinistcha|67/100|[from] Grassy Terrain
|-damage|p1a: Ursaluna|53/100 brn|[from] brn
|upkeep
|j| pokemaster777888
|c| pokemaster777888|What’s up
|
|t:|1757170198
|switch|p2a: Electabuzz|Electabuzz, L50, F|100/100
|turn|4
|c| pokemaster777888|good luck Qing!
|
|t:|1757170211
|switch|p2b: Rillaboom|Rillaboom, L50, M|100/100
|move|p2a: Electabuzz|Protect|p2a: Electabuzz
|-singleturn|p2a: Electabuzz|Protect
|move|p1a: Ursaluna|Earthquake|p2b: Rillaboom|[spread] p1b,p2b
|-activate|p2a: Electabuzz|move: Protect
|-resisted|p1b: Sinistcha
|-resisted|p2b: Rillaboom
|-damage|p1b: Sinistcha|56/100
|-damage|p2b: Rillaboom|92/100
|move|p1b: Sinistcha|Shadow Ball|p2a: Electabuzz
|-activate|p2a: Electabuzz|move: Protect
|
|-heal|p1a: Ursaluna|58/100 brn|[from] Grassy Terrain
|-heal|p1b: Sinistcha|62/100|[from] Grassy Terrain
|-heal|p2b: Rillaboom|98/100|[from] Grassy Terrain
|-damage|p1a: Ursaluna|53/100 brn|[from] brn
|upkeep
|turn|5
|
|t:|1757170235
|switch|p1b: Incineroar|Incineroar, L50, M|100/100
|-ability|p1b: Incineroar|Intimidate|boost
|-unboost|p2a: Electabuzz|atk|1
|-unboost|p2b: Rillaboom|atk|1
|switch|p2a: Incineroar|Incineroar, L50, M|30/100
|-ability|p2a: Incineroar|Intimidate|boost
|-unboost|p1a: Ursaluna|atk|1
|-unboost|p1b: Incineroar|atk|1
|move|p1a: Ursaluna|Protect|p1a: Ursaluna
|-singleturn|p1a: Ursaluna|Protect
|move|p2b: Rillaboom|Wood Hammer|p1a: Ursaluna
|-activate|p1a: Ursaluna|move: Protect
|
|-heal|p1a: Ursaluna|58/100 brn|[from] Grassy Terrain
|-heal|p2a: Incineroar|36/100|[from] Grassy Terrain
|-heal|p2b: Rillaboom|100/100|[from] Grassy Terrain
|-damage|p1a: Ursaluna|53/100 brn|[from] brn
|-fieldend|move: Trick Room
|-fieldend|move: Grassy Terrain
|upkeep
|turn|6
|inactive|pfizerlordozai has 30 seconds left.
|
|t:|1757170262
|switch|p1a: Archaludon|Archaludon, L50, M|100/100
|-terastallize|p2a: Incineroar|Ghost
|move|p2b: Rillaboom|U-turn|p1b: Incineroar
|-damage|p1b: Incineroar|89/100
|
|t:|1757170268
|switch|p2b: Electabuzz|Electabuzz, L50, F|100/100|[from] U-turn
|move|p1b: Incineroar|U-turn|p2b: Electabuzz
|-damage|p2b: Electabuzz|91/100
|
|t:|1757170276
|switch|p1b: Ursaluna|Ursaluna, L50, M, tera:Ghost|53/100 brn|[from] U-turn
|move|p2a: Incineroar|Knock Off|p1a: Archaludon
|-damage|p1a: Archaludon|62/100
|-enditem|p1a: Archaludon|Power Herb|[from] move: Knock Off|[of] p2a: Incineroar
|
|-damage|p1b: Ursaluna|47/100 brn|[from] brn
|upkeep
|turn|7
|
|t:|1757170296
|switch|p1a: Sinistcha|Sinistcha, L50|62/100
|-heal|p1b: Ursaluna|71/100 brn|[from] ability: Hospitality|[of] p1a: Sinistcha
|move|p1b: Ursaluna|Protect|p1b: Ursaluna
|-singleturn|p1b: Ursaluna|Protect
|move|p2b: Electabuzz|Follow Me|p2b: Electabuzz
|-singleturn|p2b: Electabuzz|move: Follow Me
|move|p2a: Incineroar|Flare Blitz|p1a: Sinistcha
|-supereffective|p1a: Sinistcha
|-damage|p1a: Sinistcha|0 fnt
|faint|p1a: Sinistcha
|-damage|p2a: Incineroar|18/100|[from] Recoil
|
|-damage|p1b: Ursaluna|66/100 brn|[from] brn
|upkeep
|inactive|pfizerlordozai has 30 seconds left.
|
|t:|1757170322
|switch|p1a: Incineroar|Incineroar, L50, M|89/100
|-ability|p1a: Incineroar|Intimidate|boost
|-unboost|p2a: Incineroar|atk|1
|-unboost|p2b: Electabuzz|atk|1
|turn|8
|
|t:|1757170342
|switch|p2a: Rillaboom|Rillaboom, L50, M|100/100
|-fieldstart|move: Grassy Terrain|[from] ability: Grassy Surge|[of] p2a: Rillaboom
|move|p1a: Incineroar|Fake Out|p2b: Electabuzz
|-damage|p2b: Electabuzz|82/100
|cant|p2b: Electabuzz|flinch
|move|p1b: Ursaluna|Earthquake|p2a: Rillaboom|[spread] p1a,p2a,p2b
|-supereffective|p1a: Incineroar
|-resisted|p2a: Rillaboom
|-supereffective|p2b: Electabuzz
|-damage|p1a: Incineroar|44/100
|-damage|p2a: Rillaboom|86/100
|-damage|p2b: Electabuzz|30/100
|
|-heal|p2b: Electabuzz|36/100|[from] Grassy Terrain
|-heal|p2a: Rillaboom|91/100|[from] Grassy Terrain
|-heal|p1a: Incineroar|50/100|[from] Grassy Terrain
|-heal|p1b: Ursaluna|71/100 brn|[from] Grassy Terrain
|-damage|p1b: Ursaluna|66/100 brn|[from] brn
|upkeep
|turn|9
|
|t:|1757170362
|switch|p1b: Archaludon|Archaludon, L50, M|62/100
|move|p2b: Electabuzz|Thunderbolt|p1a: Incineroar
|-damage|p1a: Incineroar|31/100
|move|p2a: Rillaboom|Wood Hammer|p1b: Archaludon
|-resisted|p1b: Archaludon
|-damage|p1b: Archaludon|42/100
|-damage|p2a: Rillaboom|86/100|[from] Recoil
|move|p1a: Incineroar|Knock Off|p2b: Electabuzz
|-damage|p2b: Electabuzz|9/100
|-enditem|p2b: Electabuzz|Eviolite|[from] move: Knock Off|[of] p1a: Incineroar
|
|-heal|p1b: Archaludon|48/100|[from] Grassy Terrain
|-heal|p2b: Electabuzz|15/100|[from] Grassy Terrain
|-heal|p2a: Rillaboom|92/100|[from] Grassy Terrain
|-heal|p1a: Incineroar|37/100|[from] Grassy Terrain
|upkeep
|turn|10
|
|t:|1757170379
|move|p1b: Archaludon|Dragon Pulse|p2b: Electabuzz
|-damage|p2b: Electabuzz|0 fnt
|faint|p2b: Electabuzz
|move|p2a: Rillaboom|U-turn|p1a: Incineroar
|-damage|p1a: Incineroar|20/100
|
|t:|1757170381
|switch|p2a: Incineroar|Incineroar, L50, M, tera:Ghost|18/100|[from] U-turn
|-ability|p2a: Incineroar|Intimidate|boost
|-unboost|p1a: Incineroar|atk|1
|-unboost|p1b: Archaludon|atk|1
|move|p1a: Incineroar|U-turn|p2a: Incineroar
|-resisted|p2a: Incineroar
|-damage|p2a: Incineroar|12/100
|
|t:|1757170388
|switch|p1a: Ursaluna|Ursaluna, L50, M, tera:Ghost|66/100 brn|[from] U-turn
|
|-heal|p1b: Archaludon|54/100|[from] Grassy Terrain
|-heal|p2a: Incineroar|18/100|[from] Grassy Terrain
|-heal|p1a: Ursaluna|71/100 brn|[from] Grassy Terrain
|-damage|p1a: Ursaluna|66/100 brn|[from] brn
|upkeep
|
|t:|1757170390
|switch|p2b: Rillaboom|Rillaboom, L50, M|92/100
|turn|11
|inactive|Gunkqing has 30 seconds left.
|
|t:|1757170418
|switch|p1a: Incineroar|Incineroar, L50, M|20/100
|-ability|p1a: Incineroar|Intimidate|boost
|-unboost|p2a: Incineroar|atk|1
|-unboost|p2b: Rillaboom|atk|1
|move|p1b: Archaludon|Dragon Pulse|p2a: Incineroar
|-damage|p2a: Incineroar|0 fnt
|faint|p2a: Incineroar
|move|p2b: Rillaboom|Wood Hammer|p1a: Incineroar
|-resisted|p1a: Incineroar
|-damage|p1a: Incineroar|0 fnt
|faint|p1a: Incineroar
|-damage|p2b: Rillaboom|86/100|[from] Recoil
|
|-heal|p1b: Archaludon|60/100|[from] Grassy Terrain
|-heal|p2b: Rillaboom|91/100|[from] Grassy Terrain
|upkeep
|
|t:|1757170428
|switch|p1a: Ursaluna|Ursaluna, L50, M, tera:Ghost|66/100 brn
|turn|12
|
|t:|1757170435
|move|p1a: Ursaluna|Protect|p1a: Ursaluna
|-singleturn|p1a: Ursaluna|Protect
|move|p1b: Archaludon|Dragon Pulse|p2b: Rillaboom
|-damage|p2b: Rillaboom|46/100
|move|p2b: Rillaboom|Wood Hammer|p1a: Ursaluna
|-activate|p1a: Ursaluna|move: Protect
|
|-heal|p1b: Archaludon|67/100|[from] Grassy Terrain
|-heal|p2b: Rillaboom|52/100|[from] Grassy Terrain
|-heal|p1a: Ursaluna|71/100 brn|[from] Grassy Terrain
|-damage|p1a: Ursaluna|66/100 brn|[from] brn
|-fieldend|move: Grassy Terrain
|upkeep
|turn|13
|c|☆Gunkqing|Ggs
|
|t:|1757170444
|move|p1b: Archaludon|Dragon Pulse|p2b: Rillaboom
|-damage|p2b: Rillaboom|8/100
|move|p2b: Rillaboom|U-turn|p2: Incineroar|[notarget]
|-fail|p2b: Rillaboom
|move|p1a: Ursaluna|Facade|p2b: Rillaboom
|-damage|p2b: Rillaboom|0 fnt
|faint|p2b: Rillaboom
|
|win|pfizerlordozai
|c|☆pfizerlordozai|ggs
|l| pokemaster777888
|l|☆Gunkqing
|player|p2|
