|j|☆JareMase
|j|☆kaiverychill
|html|JareMasekaiverychill    
|uhtml|bestof|Game 2 of a best-of-3
|t:|1786087082
|gametype|doubles
|player|p1|JareMase|265|1254
|player|p2|kaiverychill|169|1201
|gen|9
|tier|[Gen 9 Champions] VGC 2026 Reg M-B (Bo3)
|rated|
|rule|Species Clause: Limit one of each Pokémon
|rule|Item Clause: Limit 1 of each item
|clearpoke
|poke|p1|Scrafty, L50, F|
|poke|p1|Talonflame, L50, M|
|poke|p1|Glimmora, L50, M|
|poke|p1|Metagross, L50|
|poke|p1|Ninetales-Alola, L50, F|
|poke|p1|Farigiraf, L50, M|
|poke|p2|Tinkaton, L50, F|
|poke|p2|Floette-Eternal, L50, F|
|poke|p2|Delphox, L50, M|
|poke|p2|Talonflame, L50, M|
|poke|p2|Kleavor, L50, F|
|poke|p2|Kingambit, L50, M|
|teampreview|4
|showteam|p1|Scrafty||Scraftinite|Intimidate|CloseCombat,KnockOff,FakeOut,IcePunch|Adamant||F|||50|]Talonflame||SharpBeak|GaleWings|Protect,Tailwind,DualWingbeat,FlareBlitz|Jolly||M|||50|]Glimmora||FocusSash|ToxicDebris|SpikyShield,EarthPower,SludgeBomb,PowerGem|Modest||M|||50|]Metagross||Metagrossite|ClearBody|Protect,HardPress,PsychicFangs,StompingTantrum|Jolly|||||50|]Ninetales-Alola||NeverMeltIce|SnowWarning|Protect,Encore,FreezeDry,Blizzard|Timid||F|||50|]Farigiraf||SitrusBerry|ArmorTail|Protect,HelpingHand,Roar,Psychic|Bold||M|||50|
|showteam|p2|Tinkaton||OccaBerry|MoldBreaker|Protect,FakeOut,GigatonHammer,Feint|Adamant||F|||50|]Floette-Eternal||Floettite|FlowerVeil|Protect,DazzlingGleam,Moonblast,LightofRuin|Timid||F|||50|]Delphox||Delphoxite|Blaze|Protect,HeatWave,Psychic,Substitute|Timid||M|||50|]Talonflame||SharpBeak|GaleWings|BraveBird,Protect,QuickGuard,Tailwind|Adamant||M|||50|]Kleavor||FocusSash|Sharpness|XScissor,Protect,CloseCombat,StoneAxe|Jolly||F|||50|]Kingambit||LifeOrb|Defiant|Protect,KowtowCleave,SuckerPunch,SwordsDance|Adamant||M|||50|
|inactive|Battle timer is ON: inactive players will automatically lose when time's up. (requested by kaiverychill)
|inactive|JareMase has 60 seconds left.
|inactive|kaiverychill has 60 seconds left.
|
|t:|1786087141
|teamsize|p1|4
|teamsize|p2|4
|start
|switch|p1a: Scrafty|Scrafty, L50, F|100/100
|switch|p1b: Glimmora|Glimmora, L50, M|100/100
|switch|p2a: Kleavor|Kleavor, L50, F|100/100
|switch|p2b: Tinkaton|Tinkaton, L50, F|100/100
|-ability|p2b: Tinkaton|Mold Breaker
|-ability|p1a: Scrafty|Intimidate|boost
|-unboost|p2a: Kleavor|atk|1
|-unboost|p2b: Tinkaton|atk|1
|turn|1
|inactive|kaiverychill has 30 seconds left.
|inactive|kaiverychill has 20 seconds left.
|inactive|kaiverychill has 15 seconds left.
|
|t:|1786087183
|switch|p2a: Talonflame|Talonflame, L50, M|100/100
|move|p2b: Tinkaton|Fake Out|p1b: Glimmora
|-resisted|p1b: Glimmora|1
|-damage|p1b: Glimmora|96/100
|-activate|p1b: Glimmora|ability: Toxic Debris
|-sidestart|p2: kaiverychill|move: Toxic Spikes
|move|p1a: Scrafty|Fake Out|p2a: Talonflame
|-damage|p2a: Talonflame|80/100
|cant|p1b: Glimmora|flinch
|
|upkeep
|turn|2
|inactive|JareMase has 30 seconds left.
|inactive|kaiverychill has 30 seconds left.
|inactive|kaiverychill has 20 seconds left.
|inactive|JareMase has 20 seconds left.
|inactive|kaiverychill has 15 seconds left.
|
|t:|1786087228
|detailschange|p1a: Scrafty|Scrafty-Mega, L50, F
|-mega|p1a: Scrafty|Scrafty|Scraftinite
|-ability|p1a: Scrafty|Intimidate|boost
|-unboost|p2a: Talonflame|atk|1
|-unboost|p2b: Tinkaton|atk|1
|move|p2b: Tinkaton|Protect|p2b: Tinkaton
|-singleturn|p2b: Tinkaton|Protect
|move|p2a: Talonflame|Tailwind|p2a: Talonflame
|-sidestart|p2: kaiverychill|move: Tailwind
|move|p1b: Glimmora|Earth Power|p2b: Tinkaton
|-activate|p2b: Tinkaton|move: Protect
|move|p1a: Scrafty|Knock Off|p2a: Talonflame
|-damage|p2a: Talonflame|1/100
|-enditem|p2a: Talonflame|Sharp Beak|[from] move: Knock Off|[of] p1a: Scrafty
|
|upkeep
|turn|3
|inactive|kaiverychill has 30 seconds left.
|
|t:|1786087259
|switch|p2b: Kleavor|Kleavor, L50, F|100/100
|-status|p2b: Kleavor|psn
|switch|p1a: Talonflame|Talonflame, L50, M|100/100
|move|p2a: Talonflame|Brave Bird|p1a: Talonflame
|-damage|p1a: Talonflame|52/100
|-damage|p2a: Talonflame|0 fnt|[from] Recoil
|faint|p2a: Talonflame
|move|p1b: Glimmora|Power Gem|p2b: Kleavor
|-supereffective|p2b: Kleavor|1
|-enditem|p2b: Kleavor|Focus Sash
|-damage|p2b: Kleavor|1/100 psn
|
|-damage|p2b: Kleavor|0 fnt|[from] psn
|faint|p2b: Kleavor
|upkeep
|
|t:|1786087269
|switch|p2a: Delphox|Delphox, L50, M|100/100
|switch|p2b: Tinkaton|Tinkaton, L50, F|100/100
|-status|p2a: Delphox|psn
|-ability|p2b: Tinkaton|Mold Breaker
|turn|4
|inactive|kaiverychill has 30 seconds left.
|
|t:|1786087295
|switch|p1b: Scrafty|Scrafty-Mega, L50, F|100/100
|-ability|p1b: Scrafty|Intimidate|boost
|-unboost|p2a: Delphox|atk|1
|-unboost|p2b: Tinkaton|atk|1
|detailschange|p2a: Delphox|Delphox-Mega, L50, M
|-mega|p2a: Delphox|Delphox|Delphoxite
|move|p1a: Talonflame|Protect|p1a: Talonflame
|-singleturn|p1a: Talonflame|Protect
|move|p2b: Tinkaton|Fake Out|p1b: Scrafty
|-damage|p1b: Scrafty|94/100
|move|p2a: Delphox|Psychic|p1a: Talonflame
|-activate|p1a: Talonflame|move: Protect
|
|-damage|p2a: Delphox|88/100 psn|[from] psn
|upkeep
|turn|5
|
|t:|1786087315
|move|p1b: Scrafty|Fake Out|p2a: Delphox
|-damage|p2a: Delphox|66/100 psn
|cant|p2a: Delphox|flinch
|move|p2b: Tinkaton|Gigaton Hammer|p1b: Scrafty
|-damage|p1b: Scrafty|64/100
|move|p1a: Talonflame|Tailwind|p1a: Talonflame
|-sidestart|p1: JareMase|move: Tailwind
|
|-damage|p2a: Delphox|54/100 psn|[from] psn
|-sideend|p2: kaiverychill|move: Tailwind
|upkeep
|turn|6
|
|t:|1786087334
|move|p2b: Tinkaton|Feint|p1b: Scrafty
|-damage|p1b: Scrafty|60/100
|move|p1a: Talonflame|Dual Wingbeat|p2a: Delphox
|-damage|p2a: Delphox|22/100 psn
|-damage|p2a: Delphox|0 fnt
|faint|p2a: Delphox
|-hitcount|p2: Delphox|2
|move|p1b: Scrafty|Knock Off|p2b: Tinkaton
|-resisted|p2b: Tinkaton|1
|-damage|p2b: Tinkaton|71/100
|-enditem|p2b: Tinkaton|Occa Berry|[from] move: Knock Off|[of] p1b: Scrafty
|
|upkeep
|turn|7
|-message|kaiverychill forfeited.
|
|win|JareMase
|l|☆kaiverychill
|player|p2|
||JareMase is ready for game 3.
||kaiverychill is ready for game 3.
|uhtml|next|Next: Game 3 of 3
