|j|☆Fin98
|j|☆Echoes630
|html|Fin98Echoes630    
|uhtml|bestof|Game 3 of a best-of-3
|t:|1757905232
|gametype|doubles
|player|p1|Fin98|1|1000
|player|p2|Echoes630|colress|1103
|gen|9
|tier|[Gen 9] VGC 2025 Reg H (Bo3)
|rated|
|rule|Species Clause: Limit one of each Pokémon
|rule|Item Clause: Limit 1 of each item
|clearpoke
|poke|p1|Gardevoir, L50, M|
|poke|p1|Garchomp, L50, M|
|poke|p1|Indeedee-F, L50, F|
|poke|p1|Incineroar, L50, F|
|poke|p1|Altaria, L50, M|
|poke|p1|Gholdengo, L50|
|poke|p2|Garchomp, L50, M|
|poke|p2|Corviknight, L50, F|
|poke|p2|Weezing-Galar, L50, M|
|poke|p2|Incineroar, L50, F|
|poke|p2|Palafin, L50, M|
|poke|p2|Sinistcha, L50|
|teampreview|4
|showteam|p1|Gardevoir||ChoiceScarf|Telepathy|ExpandingForce,DazzlingGleam,Moonblast,MysticalFire|||M|||50|,,,,,Fire]Garchomp||ClearAmulet|RoughSkin|Earthquake,DragonClaw,SwordsDance,Protect|||M|||50|,,,,,Fire]Indeedee-F||SafetyGoggles|PsychicSurge|FollowMe,TrickRoom,HelpingHand,Psychic|||F|||50|,,,,,Water]Incineroar||AssaultVest|Intimidate|FakeOut,FlareBlitz,KnockOff,Uturn|||F|||50|,,,,,Flying]Altaria||CovertCloak|CloudNine|Tailwind,Haze,HelpingHand,DragonPulse|||M|||50|,,,,,Water]Gholdengo||LifeOrb|GoodasGold|MakeItRain,ShadowBall,NastyPlot,Protect||||||50|,,,,,Flying
|showteam|p2|Garchomp||LifeOrb|RoughSkin|DragonClaw,Earthquake,StompingTantrum,Protect|||M|||50|,,,,,Steel]Corviknight||SitrusBerry|MirrorArmor|Protect,Tailwind,BraveBird,BulkUp|||F|||50|,,,,,Flying]Weezing-Galar||FocusSash|NeutralizingGas|Protect,WillOWisp,Taunt,StrangeSteam|||M|||50|,,,,,Poison]Incineroar||AbilityShield|Intimidate|HelpingHand,PartingShot,KnockOff,FakeOut|||F|||50|,,,,,Grass]Palafin||MysticWater|ZerotoHero|Haze,Protect,JetPunch,WaveCrash|||M|||50|,,,,,Grass]Sinistcha||RockyHelmet|Hospitality|LifeDew,TrickRoom,MatchaGotcha,RagePowder||||||50|,,,,,Water
|
|t:|1757905259
|teamsize|p1|4
|teamsize|p2|4
|start
|switch|p1a: Altaria|Altaria, L50, M|100/100
|switch|p1b: Incineroar|Incineroar, L50, F|100/100
|switch|p2a: Weezing|Weezing-Galar, L50, M|100/100
|switch|p2b: Palafin|Palafin, L50, M|100/100
|-ability|p2a: Weezing|Neutralizing Gas
|turn|1
|
|t:|1757905294
|-terastallize|p1b: Incineroar|Flying
|move|p1b: Incineroar|Fake Out|p2a: Weezing
|-damage|p2a: Weezing|86/100
|move|p2b: Palafin|Wave Crash|p1b: Incineroar
|-damage|p1b: Incineroar|48/100
|-damage|p2b: Palafin|85/100|[from] Recoil
|cant|p2a: Weezing|flinch
|move|p1a: Altaria|Tailwind|p1a: Altaria
|-sidestart|p1: Fin98|move: Tailwind
|
|upkeep
|turn|2
|
|t:|1757905328
|switch|p1b: Gardevoir|Gardevoir, L50, M|100/100
|detailschange|p2b: Palafin|Palafin-Hero, L50, M
|switch|p2b: Garchomp|Garchomp, L50, M|100/100
|-end|p2a: Weezing|ability: Neutralizing Gas
|switch|p2a: Corviknight|Corviknight, L50, F|100/100
|move|p1a: Altaria|Dragon Pulse|p2b: Garchomp
|-supereffective|p2b: Garchomp
|-damage|p2b: Garchomp|48/100
|
|upkeep
|turn|3
|
|t:|1757905396
|switch|p1a: Garchomp|Garchomp, L50, M|100/100
|-terastallize|p2b: Garchomp|Steel
|move|p1b: Gardevoir|Dazzling Gleam|p2b: Garchomp|[spread] p2a,p2b
|-resisted|p2a: Corviknight
|-resisted|p2b: Garchomp
|-damage|p2a: Corviknight|86/100
|-damage|p2b: Garchomp|33/100
|move|p2b: Garchomp|Stomping Tantrum|p1b: Gardevoir
|-damage|p1b: Gardevoir|16/100
|-damage|p2b: Garchomp|23/100|[from] item: Life Orb
|move|p2a: Corviknight|Brave Bird|p1b: Gardevoir
|-damage|p1b: Gardevoir|0 fnt
|faint|p1b: Gardevoir
|-damage|p2a: Corviknight|82/100|[from] Recoil
|
|upkeep
|
|t:|1757905427
|switch|p1b: Altaria|Altaria, L50, M|100/100
|-ability|p1b: Altaria|Cloud Nine
|turn|4
|
|t:|1757905444
|move|p1a: Garchomp|Swords Dance|p1a: Garchomp
|-boost|p1a: Garchomp|atk|2
|move|p1b: Altaria|Dragon Pulse|p2b: Garchomp
|-resisted|p2b: Garchomp
|-damage|p2b: Garchomp|10/100
|move|p2b: Garchomp|Dragon Claw|p1a: Garchomp
|-supereffective|p1a: Garchomp
|-damage|p1a: Garchomp|0 fnt
|-damage|p2b: Garchomp|0 fnt|[from] ability: Rough Skin|[of] p1a: Garchomp
|faint|p1a: Garchomp
|faint|p2b: Garchomp
|move|p2a: Corviknight|Tailwind|p2a: Corviknight
|-sidestart|p2: Echoes630|move: Tailwind
|
|-sideend|p1: Fin98|move: Tailwind
|upkeep
|
|t:|1757905454
|switch|p2b: Weezing|Weezing-Galar, L50, M|86/100
|switch|p1a: Incineroar|Incineroar, L50, F, tera:Flying|48/100
|-ability|p2b: Weezing|Neutralizing Gas
|turn|5
|-message|Fin98 forfeited.
|
|win|Echoes630
|raw|Fin98's rating: 1000 → 1000(+0 for losing)
|raw|Echoes630's rating: 1103 → 1121(+18 for winning)
|l|☆Fin98
|player|p1|
