|j|☆enrico20022002
|j|☆TheBigGibber
|html|enrico20022002TheBigGibber    
|uhtml|bestof|Game 1 of a best-of-3
|t:|1757919899
|gametype|doubles
|player|p1|enrico20022002|266|1337
|player|p2|TheBigGibber|1|1365
|gen|9
|tier|[Gen 9] VGC 2025 Reg H (Bo3)
|rated|
|rule|Species Clause: Limit one of each Pokémon
|rule|Item Clause: Limit 1 of each item
|clearpoke
|poke|p1|Gholdengo, L50|
|poke|p1|Incineroar, L50, F|
|poke|p1|Rillaboom, L50, F|
|poke|p1|Kingambit, L50, F|
|poke|p1|Dragonite, L50, M|
|poke|p1|Ninetales-Alola, L50, M|
|poke|p2|Magmar, L50, F|
|poke|p2|Rillaboom, L50, M|
|poke|p2|Baxcalibur, L50, F|
|poke|p2|Kingambit, L50, M|
|poke|p2|Sneasler, L50, M|
|poke|p2|Dondozo, L50, F|
|teampreview|4
|showteam|p1|Gholdengo||LifeOrb|GoodasGold|MakeItRain,ShadowBall,Protect,NastyPlot||||||50|,,,,,Water]Incineroar||SitrusBerry|Intimidate|FakeOut,FlareBlitz,KnockOff,Protect|||F|||50|,,,,,Ghost]Rillaboom||AssaultVest|GrassySurge|FakeOut,HighHorsepower,GrassyGlide,WoodHammer|||F|||50|,,,,,Fire]Kingambit||BlackGlasses|Defiant|KowtowCleave,SuckerPunch,SwordsDance,Protect|||F|||50|,,,,,Dark]Dragonite||LoadedDice|Multiscale|ScaleShot,Haze,Tailwind,Protect|||M|||50|,,,,,Fairy]Ninetales-Alola||FocusSash|SnowWarning|Blizzard,IcyWind,Protect,Encore|||M|||50|,,,,,Ghost
|showteam|p2|Magmar||Eviolite|VitalSpirit|HeatWave,Taunt,FollowMe,Protect|||F|||50|,,,,,Ghost]Rillaboom||AssaultVest|GrassySurge|GrassyGlide,WoodHammer,HighHorsepower,FakeOut|||M|||50|,,,,,Fire]Baxcalibur||LoadedDice|ThermalExchange|IcicleSpear,ScaleShot,IceShard,Protect|||F|||50|,,,,,Ghost]Kingambit||BlackGlasses|Defiant|KowtowCleave,SwordsDance,SuckerPunch,Protect|||M|||50|,,,,,Dark]Sneasler||FocusSash|Unburden|DireClaw,CloseCombat,Coaching,FakeOut|||M|||50|,,,,,Stellar]Dondozo||Leftovers|Unaware|Liquidation,Fissure,Yawn,Protect|||F|||50|,,,,,Poison
|inactive|Battle timer is ON: inactive players will automatically lose when time's up. (requested by enrico20022002)
|j| Fgyhung
|inactive|enrico20022002 has 60 seconds left.
|inactive|TheBigGibber has 60 seconds left.
|
|t:|1757919942
|teamsize|p1|4
|teamsize|p2|4
|start
|switch|p1a: Gholdengo|Gholdengo, L50|100/100
|switch|p1b: Rillaboom|Rillaboom, L50, F|100/100
|switch|p2a: Kingambit|Kingambit, L50, M|100/100
|switch|p2b: Sneasler|Sneasler, L50, M|100/100
|-fieldstart|move: Grassy Terrain|[from] ability: Grassy Surge|[of] p1b: Rillaboom
|turn|1
|
|t:|1757919953
|move|p2b: Sneasler|Fake Out|p1b: Rillaboom
|-damage|p1b: Rillaboom|87/100
|cant|p1b: Rillaboom|flinch
|move|p1a: Gholdengo|Nasty Plot|p1a: Gholdengo
|-boost|p1a: Gholdengo|spa|2
|move|p2a: Kingambit|Swords Dance|p2a: Kingambit
|-boost|p2a: Kingambit|atk|2
|
|-heal|p1b: Rillaboom|93/100|[from] Grassy Terrain
|upkeep
|turn|2
|
|t:|1757919971
|-terastallize|p2a: Kingambit|Dark
|move|p1a: Gholdengo|Protect|p1a: Gholdengo
|-singleturn|p1a: Gholdengo|Protect
|move|p2a: Kingambit|Sucker Punch||[still]
|-fail|p2a: Kingambit
|move|p2b: Sneasler|Coaching|p2a: Kingambit
|-boost|p2a: Kingambit|atk|1
|-boost|p2a: Kingambit|def|1
|move|p1b: Rillaboom|High Horsepower|p2b: Sneasler
|-supereffective|p2b: Sneasler
|-enditem|p2b: Sneasler|Focus Sash
|-damage|p2b: Sneasler|1/100
|
|-heal|p2b: Sneasler|7/100|[from] Grassy Terrain
|-heal|p1b: Rillaboom|99/100|[from] Grassy Terrain
|upkeep
|turn|3
|
|t:|1757919994
|switch|p2b: Magmar|Magmar, L50, F|100/100
|switch|p1a: Dragonite|Dragonite, L50, M|100/100
|move|p1b: Rillaboom|Grassy Glide|p2b: Magmar
|-resisted|p2b: Magmar
|-damage|p2b: Magmar|86/100
|move|p2a: Kingambit|Kowtow Cleave|p1b: Rillaboom
|-damage|p1b: Rillaboom|0 fnt
|faint|p1b: Rillaboom
|
|-heal|p2b: Magmar|92/100|[from] Grassy Terrain
|upkeep
|
|t:|1757920006
|switch|p1b: Gholdengo|Gholdengo, L50|100/100
|turn|4
|
|t:|1757920025
|move|p1b: Gholdengo|Nasty Plot|p1b: Gholdengo
|-boost|p1b: Gholdengo|spa|2
|move|p1a: Dragonite|Haze|p1a: Dragonite
|-clearallboost
|move|p2b: Magmar|Taunt|p1a: Dragonite
|-start|p1a: Dragonite|move: Taunt
|move|p2a: Kingambit|Kowtow Cleave|p1b: Gholdengo
|-supereffective|p1b: Gholdengo
|-damage|p1b: Gholdengo|0 fnt
|faint|p1b: Gholdengo
|
|-heal|p2b: Magmar|98/100|[from] Grassy Terrain
|upkeep
|
|t:|1757920036
|switch|p1b: Incineroar|Incineroar, L50, F|100/100
|-ability|p1b: Incineroar|Intimidate|boost
|-unboost|p2a: Kingambit|atk|1
|-ability|p2a: Kingambit|Defiant|boost
|-boost|p2a: Kingambit|atk|2
|-unboost|p2b: Magmar|atk|1
|turn|5
|
|t:|1757920043
|move|p2b: Magmar|Protect|p2b: Magmar
|-singleturn|p2b: Magmar|Protect
|move|p2a: Kingambit|Protect|p2a: Kingambit
|-singleturn|p2a: Kingambit|Protect
|move|p1b: Incineroar|Fake Out|p2b: Magmar
|-activate|p2b: Magmar|move: Protect
|move|p1a: Dragonite|Scale Shot|p2b: Magmar
|-activate|p2b: Magmar|move: Protect
|
|-heal|p2b: Magmar|100/100|[from] Grassy Terrain
|-fieldend|move: Grassy Terrain
|upkeep
|turn|6
|
|t:|1757920061
|-terastallize|p1a: Dragonite|Fairy
|move|p1a: Dragonite|Scale Shot|p2a: Kingambit
|-damage|p2a: Kingambit|90/100
|-damage|p2a: Kingambit|80/100
|-crit|p2a: Kingambit
|-damage|p2a: Kingambit|66/100
|-damage|p2a: Kingambit|56/100
|-damage|p2a: Kingambit|46/100
|-hitcount|p2a: Kingambit|5
|-unboost|p1a: Dragonite|def|1
|-boost|p1a: Dragonite|spe|1
|move|p2b: Magmar|Heat Wave|p1a: Dragonite|[spread] p1a
|-miss|p2b: Magmar|p1b: Incineroar
|-damage|p1a: Dragonite|87/100
|-status|p1a: Dragonite|brn
|move|p1b: Incineroar|Flare Blitz|p2a: Kingambit
|-damage|p2a: Kingambit|14/100
|-damage|p1b: Incineroar|90/100|[from] Recoil
|move|p2a: Kingambit|Kowtow Cleave|p1a: Dragonite
|-resisted|p1a: Dragonite
|-damage|p1a: Dragonite|0 fnt
|faint|p1a: Dragonite
|
|upkeep
|turn|7
|
|t:|1757920084
|switch|p2a: Sneasler|Sneasler, L50, M|7/100
|move|p2b: Magmar|Follow Me|p2b: Magmar
|-singleturn|p2b: Magmar|move: Follow Me
|move|p1b: Incineroar|Flare Blitz|p2b: Magmar
|-resisted|p2b: Magmar
|-damage|p2b: Magmar|79/100
|-damage|p1b: Incineroar|84/100|[from] Recoil
|
|upkeep
|turn|8
|
|t:|1757920088
|move|p2b: Magmar|Follow Me|p2b: Magmar
|-singleturn|p2b: Magmar|move: Follow Me
|move|p2a: Sneasler|Close Combat|p1b: Incineroar
|-supereffective|p1b: Incineroar
|-damage|p1b: Incineroar|0 fnt
|-unboost|p2a: Sneasler|def|1
|-unboost|p2a: Sneasler|spd|1
|faint|p1b: Incineroar
|
|win|TheBigGibber
|l|☆enrico20022002
|player|p1|
||TheBigGibber is ready for game 2.
||enrico20022002 is ready for game 2.
|uhtml|next|Next: Game 2 of 3
|l|☆TheBigGibber
|player|p2|
|l| Fgyhung
