|j|☆Hidea
|j|☆littlepotato13
|html|Hidealittlepotato13    
|uhtml|bestof|Game 1 of a best-of-3
|t:|1782408373
|gametype|doubles
|player|p1|Hidea|170|
|player|p2|littlepotato13|102|
|gen|9
|tier|[Gen 9 Champions] VGC 2026 Reg M-B (Bo3)
|rule|Species Clause: Limit one of each Pokémon
|rule|Item Clause: Limit 1 of each item
|clearpoke
|poke|p1|Pyroar, L50, F|
|poke|p1|Floette-Eternal, L50, F, shiny|
|poke|p1|Farigiraf, L50, M, shiny|
|poke|p1|Basculegion, L50, M|
|poke|p1|Ninetales, L50, F, shiny|
|poke|p1|Whimsicott, L50, F, shiny|
|poke|p2|Charizard, L50, F|
|poke|p2|Hydreigon, L50, F|
|poke|p2|Gholdengo, L50|
|poke|p2|Grimmsnarl, L50, M|
|poke|p2|Toxapex, L50, F|
|poke|p2|Incineroar, L50, F|
|teampreview|4
|showteam|p1|Pyroar||Pyroarite|Unnerve|HeatWave,Overheat,SolarBeam,Protect|Timid||F|||50|]Floette-Eternal||Floettite|FlowerVeil|Protect,DazzlingGleam,CalmMind,LightofRuin|Modest||F|||50|]Farigiraf||SitrusBerry|ArmorTail|HelpingHand,TwinBeam,Thunderbolt,TrickRoom|Bold||M|||50|]Basculegion||LifeOrb|Adaptability|Protect,AquaJet,WaveCrash,LastRespects|Adamant||M|||50|]Ninetales||ChoiceScarf|Drought|HeatWave,Overheat,SolarBeam,FakeTears|Modest||F|||50|]Whimsicott||FocusSash|Prankster|Moonblast,SunnyDay,Tailwind,Protect|Timid||F|||50|
|showteam|p2|Charizard||CharizarditeY|Blaze|HeatWave,WeatherBall,SolarBeam,Protect|Modest||F|||50|]Hydreigon||ChoiceScarf|Levitate|DracoMeteor,DarkPulse,Snarl,EarthPower|Modest||F|||50|]Gholdengo||LifeOrb|GoodasGold|MakeItRain,ShadowBall,Protect,NastyPlot|Modest|||||50|]Grimmsnarl||LightClay|Prankster|PartingShot,FakeOut,LightScreen,Reflect|Careful||M|||50|]Toxapex||Leftovers|Regenerator|Infestation,BanefulBunker,WideGuard,Toxic|Relaxed||F|||50|]Incineroar||SitrusBerry|Intimidate|FlareBlitz,ThroatChop,FakeOut,PartingShot|Adamant||F|||50|
|inactive|Battle timer is ON: inactive players will automatically lose when time's up. (requested by littlepotato13)
|c|☆littlepotato13|glhf
|c|☆Hidea|we cool with open?
|c|☆littlepotato13|yep
|inactive|Hidea has 60 seconds left.
|inactive|littlepotato13 has 60 seconds left.
|inactive|Hidea has 30 seconds left.
|c|☆Hidea|can you turn off timer
|c|☆Hidea|?
|inactiveoff|Battle timer is now OFF.
|
|t:|1782408485
|teamsize|p1|4
|teamsize|p2|4
|start
|switch|p1a: Pyroar|Pyroar, L50, F|100/100
|switch|p1b: Ninetales|Ninetales, L50, F, shiny|100/100
|switch|p2a: Toxapex|Toxapex, L50, F|100/100
|switch|p2b: Hydreigon|Hydreigon, L50, F|100/100
|-ability|p1a: Pyroar|Unnerve
|-weather|SunnyDay|[from] ability: Drought|[of] p1b: Ninetales
|turn|1
|
|t:|1782408558
|detailschange|p1a: Pyroar|Pyroar-Mega, L50, F
|-mega|p1a: Pyroar|Pyroar|Pyroarite
|move|p1a: Pyroar|Protect|p1a: Pyroar
|-singleturn|p1a: Pyroar|Protect
|move|p1b: Ninetales|Overheat|p2b: Hydreigon
|-resisted|p2b: Hydreigon|1
|-damage|p2b: Hydreigon|57/100
|-unboost|p1b: Ninetales|spa|2
|move|p2b: Hydreigon|Snarl|p1a: Pyroar|[spread] p1b
|-activate|p1a: Pyroar|move: Protect
|-damage|p1b: Ninetales|72/100
|-unboost|p1b: Ninetales|spa|1
|move|p2a: Toxapex|Infestation|p1a: Pyroar
|-activate|p1a: Pyroar|move: Protect
|
|-weather|SunnyDay|[upkeep]
|upkeep
|turn|2
|
|t:|1782408593
|switch|p1b: Whimsicott|Whimsicott, L50, F, shiny|100/100
|move|p2b: Hydreigon|Snarl|p1b: Whimsicott|[spread] p1a,p1b
|-resisted|p1b: Whimsicott|1
|-damage|p1a: Pyroar|69/100
|-damage|p1b: Whimsicott|80/100
|-unboost|p1a: Pyroar|spa|1
|-unboost|p1b: Whimsicott|spa|1
|move|p1a: Pyroar|Overheat|p2b: Hydreigon
|-resisted|p2b: Hydreigon|1
|-crit|p2b: Hydreigon
|-damage|p2b: Hydreigon|0 fnt
|-unboost|p1a: Pyroar|spa|2
|faint|p2b: Hydreigon
|move|p2a: Toxapex|Infestation|p1a: Pyroar
|-resisted|p1a: Pyroar|1
|-damage|p1a: Pyroar|68/100
|-activate|p1a: Pyroar|move: Infestation|[of] p2a: Toxapex
|
|-weather|SunnyDay|[upkeep]
|-damage|p1a: Pyroar|55/100|[from] move: Infestation|[partiallytrapped]
|upkeep
|
|t:|1782408613
|switch|p2b: Charizard|Charizard, L50, F|100/100
|turn|3
|
|t:|1782408645
|detailschange|p2b: Charizard|Charizard-Mega-Y, L50, F
|-mega|p2b: Charizard|Charizard|Charizardite Y
|move|p1a: Pyroar|Protect|p1a: Pyroar
|-singleturn|p1a: Pyroar|Protect
|move|p1b: Whimsicott|Tailwind|p1b: Whimsicott
|-sidestart|p1: Hidea|move: Tailwind
|move|p2b: Charizard|Weather Ball|p1b: Whimsicott
|-supereffective|p1b: Whimsicott|1
|-damage|p1b: Whimsicott|0 fnt
|faint|p1b: Whimsicott
|move|p2a: Toxapex|Toxic|p1a: Pyroar
|-activate|p1a: Pyroar|move: Protect
|
|-weather|SunnyDay|[upkeep]
|-damage|p1a: Pyroar|43/100|[from] move: Infestation|[partiallytrapped]
|upkeep
|
|t:|1782408653
|switch|p1b: Basculegion|Basculegion, L50, M|100/100
|turn|4
|
|t:|1782408664
|switch|p2b: Incineroar|Incineroar, L50, F|100/100
|-ability|p2b: Incineroar|Intimidate|boost
|-unboost|p1a: Pyroar|atk|1
|-unboost|p1b: Basculegion|atk|1
|move|p1a: Pyroar|Solar Beam||[still]
|-prepare|p1a: Pyroar|Solar Beam
|-anim|p1a: Pyroar|Solar Beam|p2a: Toxapex
|-damage|p2a: Toxapex|86/100
|move|p1b: Basculegion|Wave Crash|p2b: Incineroar
|-supereffective|p2b: Incineroar|1
|-damage|p2b: Incineroar|40/100
|-enditem|p2b: Incineroar|Sitrus Berry|[eat]
|-heal|p2b: Incineroar|65/100|[from] item: Sitrus Berry
|-damage|p1b: Basculegion|81/100|[from] Recoil
|-damage|p1b: Basculegion|72/100|[from] item: Life Orb
|move|p2a: Toxapex|Infestation|p1b: Basculegion
|-resisted|p1b: Basculegion|1
|-damage|p1b: Basculegion|70/100
|-activate|p1b: Basculegion|move: Infestation|[of] p2a: Toxapex
|
|-weather|SunnyDay|[upkeep]
|-heal|p2a: Toxapex|92/100|[from] item: Leftovers
|-damage|p1a: Pyroar|31/100|[from] move: Infestation|[partiallytrapped]
|-damage|p1b: Basculegion|58/100|[from] move: Infestation|[partiallytrapped]
|upkeep
|turn|5
|
|t:|1782408697
|move|p2a: Toxapex|Baneful Bunker|p2a: Toxapex
|-singleturn|p2a: Toxapex|move: Protect
|move|p1a: Pyroar|Heat Wave|p2b: Incineroar|[spread] p2b
|-activate|p2a: Toxapex|move: Protect
|-resisted|p2b: Incineroar|1
|-damage|p2b: Incineroar|52/100
|move|p1b: Basculegion|Wave Crash|p2b: Incineroar
|-supereffective|p2b: Incineroar|1
|-damage|p2b: Incineroar|0 fnt
|faint|p2b: Incineroar
|-damage|p1b: Basculegion|42/100|[from] Recoil
|-damage|p1b: Basculegion|33/100|[from] item: Life Orb
|
|-weather|none
|-heal|p2a: Toxapex|98/100|[from] item: Leftovers
|-damage|p1a: Pyroar|19/100|[from] move: Infestation|[partiallytrapped]
|-damage|p1b: Basculegion|21/100|[from] move: Infestation|[partiallytrapped]
|upkeep
|
|t:|1782408706
|switch|p2b: Charizard|Charizard-Mega-Y, L50, F|100/100
|-weather|SunnyDay|[from] ability: Drought|[of] p2b: Charizard
|turn|6
|
|t:|1782408740
|move|p2b: Charizard|Protect|p2b: Charizard
|-singleturn|p2b: Charizard|Protect
|move|p1a: Pyroar|Heat Wave|p2b: Charizard|[spread] p2a
|-activate|p2b: Charizard|move: Protect
|-resisted|p2a: Toxapex|1
|-damage|p2a: Toxapex|85/100
|move|p1b: Basculegion|Last Respects|p2a: Toxapex
|-damage|p2a: Toxapex|48/100
|-damage|p1b: Basculegion|11/100|[from] item: Life Orb
|move|p2a: Toxapex|Toxic|p1b: Basculegion
|-status|p1b: Basculegion|tox
|
|-weather|SunnyDay|[upkeep]
|-heal|p2a: Toxapex|54/100|[from] item: Leftovers
|-damage|p1b: Basculegion|5/100 tox|[from] psn
|-damage|p1a: Pyroar|6/100|[from] move: Infestation|[partiallytrapped]
|-damage|p1b: Basculegion|0 fnt|[from] move: Infestation|[partiallytrapped]
|faint|p1b: Basculegion
|-sideend|p1: Hidea|move: Tailwind
|upkeep
|
|t:|1782408750
|switch|p1b: Ninetales|Ninetales, L50, F, shiny|72/100
|turn|7
|
|t:|1782408764
|move|p2a: Toxapex|Baneful Bunker|p2a: Toxapex
|-singleturn|p2a: Toxapex|move: Protect
|move|p1b: Ninetales|Heat Wave|p2b: Charizard|[spread] 
|-activate|p2a: Toxapex|move: Protect
|-miss|p1b: Ninetales|p2b: Charizard
|move|p1a: Pyroar|Overheat|p2b: Charizard
|-resisted|p2b: Charizard|1
|-damage|p2b: Charizard|74/100
|-unboost|p1a: Pyroar|spa|2
|move|p2b: Charizard|Heat Wave|p1b: Ninetales|[spread] p1a,p1b
|-resisted|p1a: Pyroar|1
|-resisted|p1b: Ninetales|1
|-damage|p1a: Pyroar|0 fnt
|-damage|p1b: Ninetales|35/100
|faint|p1a: Pyroar
|
|-weather|SunnyDay|[upkeep]
|-heal|p2a: Toxapex|60/100|[from] item: Leftovers
|upkeep
|turn|8
|
|t:|1782408773
|move|p1b: Ninetales|Heat Wave|p2a: Toxapex|[spread] p2a,p2b
|-resisted|p2a: Toxapex|1
|-resisted|p2b: Charizard|1
|-crit|p2b: Charizard
|-damage|p2a: Toxapex|44/100
|-damage|p2b: Charizard|43/100
|move|p2b: Charizard|Weather Ball|p1b: Ninetales
|-resisted|p1b: Ninetales|1
|-damage|p1b: Ninetales|0 fnt
|faint|p1b: Ninetales
|
|win|littlepotato13
||Hidea is ready for game 2.
||littlepotato13 is ready for game 2.
|uhtml|next|Next: Game 2 of 3
|l|☆Hidea
|player|p1|
