|j|☆wingblade33
|j|☆oscraft89
|html|wingblade33oscraft89    
|uhtml|bestof|Game 1 of a best-of-3
|t:|1786046654
|gametype|doubles
|player|p1|wingblade33|102|1287
|player|p2|oscraft89|ethan|1154
|gen|9
|tier|[Gen 9 Champions] VGC 2026 Reg M-B (Bo3)
|rated|
|rule|Species Clause: Limit one of each Pokémon
|rule|Item Clause: Limit 1 of each item
|clearpoke
|poke|p1|Tyranitar, L50, M|
|poke|p1|Sylveon, L50, F|
|poke|p1|Farigiraf, L50, M|
|poke|p1|Gholdengo, L50|
|poke|p1|Excadrill, L50, F|
|poke|p1|Staraptor, L50, F|
|poke|p2|Excadrill, L50, F|
|poke|p2|Tyranitar, L50, M|
|poke|p2|Sneasler, L50, F|
|poke|p2|Incineroar, L50, M|
|poke|p2|Froslass, L50, F|
|poke|p2|Sinistcha, L50|
|teampreview|4
|showteam|p1|Tyranitar||Tyranitarite|SandStream|KnockOff,DragonDance,RockSlide,Protect|Adamant||M|||50|]Sylveon||FairyFeather|Pixilate|HyperVoice,Detect,HyperBeam,Yawn|Modest||F|||50|]Farigiraf||SitrusBerry|ArmorTail|Psychic,TrickRoom,Roar,Protect|Modest||M|||50|]Gholdengo||LifeOrb|GoodasGold|MakeItRain,ShadowBall,NastyPlot,Protect|Modest|||||50|]Excadrill||FocusSash|SandRush|HighHorsepower,IronHead,RockSlide,Protect|Adamant||F|||50|]Staraptor||Staraptite|Intimidate|CloseCombat,BraveBird,Tailwind,Protect|Jolly||F|||50|
|showteam|p2|Excadrill||FocusSash|SandRush|HighHorsepower,IronHead,RockSlide,Protect|Adamant||F|||50|]Tyranitar||Tyranitarite|SandStream|RockSlide,KnockOff,DragonDance,Protect|Adamant||M|||50|]Sneasler||WhiteHerb|Unburden|CloseCombat,DireClaw,FakeOut,Coaching|Jolly||F|||50|]Incineroar||SitrusBerry|Intimidate|FlareBlitz,FakeOut,PartingShot,HelpingHand|Impish||M|||50|]Froslass||Froslassite|CursedBody|Blizzard,ShadowBall,NastyPlot,Protect|Timid||F|||50|]Sinistcha||ColburBerry|Hospitality|LeafStorm,ShadowBall,RagePowder,Protect|Bold|||||50|
|inactive|Battle timer is ON: inactive players will automatically lose when time's up. (requested by wingblade33)
|
|t:|1786046680
|teamsize|p1|4
|teamsize|p2|4
|start
|switch|p1a: Staraptor|Staraptor, L50, F|100/100
|switch|p1b: Sylveon|Sylveon, L50, F|100/100
|switch|p2a: Froslass|Froslass, L50, F|100/100
|switch|p2b: Incineroar|Incineroar, L50, M|100/100
|-ability|p1a: Staraptor|Intimidate|boost
|-unboost|p2a: Froslass|atk|1
|-unboost|p2b: Incineroar|atk|1
|-ability|p2b: Incineroar|Intimidate|boost
|-unboost|p1a: Staraptor|atk|1
|-unboost|p1b: Sylveon|atk|1
|turn|1
|
|t:|1786046700
|detailschange|p2a: Froslass|Froslass-Mega, L50, F
|-mega|p2a: Froslass|Froslass|Froslassite
|-weather|Snowscape|[from] ability: Snow Warning|[of] p2a: Froslass
|move|p1a: Staraptor|Protect|p1a: Staraptor
|-singleturn|p1a: Staraptor|Protect
|move|p1b: Sylveon|Detect|p1b: Sylveon
|-singleturn|p1b: Sylveon|Protect
|move|p2b: Incineroar|Fake Out|p1b: Sylveon
|-activate|p1b: Sylveon|move: Protect
|move|p2a: Froslass|Nasty Plot|p2a: Froslass
|-boost|p2a: Froslass|spa|2
|
|-weather|Snowscape|[upkeep]
|upkeep
|turn|2
|
|t:|1786046718
|switch|p1b: Tyranitar|Tyranitar, L50, M|100/100
|-weather|Sandstorm|[from] ability: Sand Stream|[of] p1b: Tyranitar
|detailschange|p1a: Staraptor|Staraptor-Mega, L50, F
|-mega|p1a: Staraptor|Staraptor|Staraptite
|move|p2b: Incineroar|Helping Hand|p2a: Froslass
|-singleturn|p2a: Froslass|Helping Hand|[of] p2b: Incineroar
|move|p2a: Froslass|Blizzard|p1b: Tyranitar|[spread] p1b
|-miss|p2a: Froslass|p1a: Staraptor
|-damage|p1b: Tyranitar|31/100
|move|p1a: Staraptor|Close Combat|p2b: Incineroar
|-supereffective|p2b: Incineroar|1
|-damage|p2b: Incineroar|36/100
|-boost|p1a: Staraptor|def|1
|-boost|p1a: Staraptor|spd|1
|-enditem|p2b: Incineroar|Sitrus Berry|[eat]
|-heal|p2b: Incineroar|61/100|[from] item: Sitrus Berry
|
|-weather|Sandstorm|[upkeep]
|-damage|p2a: Froslass|94/100|[from] Sandstorm
|-damage|p1a: Staraptor|93/100|[from] Sandstorm
|-damage|p2b: Incineroar|55/100|[from] Sandstorm
|upkeep
|turn|3
|inactive|wingblade33 has 30 seconds left.
|
|t:|1786046744
|move|p2b: Incineroar|Helping Hand|p2a: Froslass
|-singleturn|p2a: Froslass|Helping Hand|[of] p2b: Incineroar
|move|p2a: Froslass|Blizzard|p1a: Staraptor|[spread] p1a
|-miss|p2a: Froslass|p1b: Tyranitar
|-supereffective|p1a: Staraptor|1
|-damage|p1a: Staraptor|0 fnt
|faint|p1a: Staraptor
|move|p1b: Tyranitar|Rock Slide|p2b: Incineroar|[spread] p2a,p2b
|-supereffective|p2a: Froslass|1
|-supereffective|p2b: Incineroar|1
|-damage|p2a: Froslass|15/100
|-damage|p2b: Incineroar|13/100
|
|-weather|Sandstorm|[upkeep]
|-damage|p2a: Froslass|10/100|[from] Sandstorm
|-damage|p2b: Incineroar|7/100|[from] Sandstorm
|upkeep
|
|t:|1786046757
|switch|p1a: Excadrill|Excadrill, L50, F|100/100
|turn|4
|
|t:|1786046775
|switch|p2b: Sinistcha|Sinistcha, L50|100/100
|-heal|p2a: Froslass|34/100|[from] ability: Hospitality|[of] p2b: Sinistcha
|move|p2a: Froslass|Protect|p2a: Froslass
|-singleturn|p2a: Froslass|Protect
|move|p1a: Excadrill|Rock Slide|p2b: Sinistcha|[spread] p2b
|-activate|p2a: Froslass|move: Protect
|-damage|p2b: Sinistcha|82/100
|move|p1b: Tyranitar|Dragon Dance|p1b: Tyranitar
|-boost|p1b: Tyranitar|atk|1
|-boost|p1b: Tyranitar|spe|1
|
|-weather|Sandstorm|[upkeep]
|-damage|p2a: Froslass|28/100|[from] Sandstorm
|-damage|p2b: Sinistcha|75/100|[from] Sandstorm
|upkeep
|turn|5
|inactive|wingblade33 has 30 seconds left.
|
|t:|1786046808
|switch|p2a: Incineroar|Incineroar, L50, M|7/100
|-ability|p2a: Incineroar|Intimidate|boost
|-unboost|p1a: Excadrill|atk|1
|-unboost|p1b: Tyranitar|atk|1
|move|p1a: Excadrill|Rock Slide|p2b: Sinistcha|[spread] p2a,p2b
|-supereffective|p2a: Incineroar|1
|-damage|p2a: Incineroar|0 fnt
|-damage|p2b: Sinistcha|62/100
|faint|p2a: Incineroar
|move|p1b: Tyranitar|Rock Slide|p2b: Sinistcha
|-damage|p2b: Sinistcha|29/100
|move|p2b: Sinistcha|Leaf Storm|p1b: Tyranitar
|-supereffective|p1b: Tyranitar|1
|-damage|p1b: Tyranitar|0 fnt
|-unboost|p2b: Sinistcha|spa|2
|faint|p1b: Tyranitar
|
|-weather|Sandstorm|[upkeep]
|-damage|p2b: Sinistcha|23/100|[from] Sandstorm
|upkeep
|
|t:|1786046822
|switch|p1b: Sylveon|Sylveon, L50, F|100/100
|switch|p2a: Froslass|Froslass-Mega, L50, F|28/100
|-weather|Snowscape|[from] ability: Snow Warning|[of] p2a: Froslass
|turn|6
|
|t:|1786046836
|move|p2a: Froslass|Protect|p2a: Froslass
|-singleturn|p2a: Froslass|Protect
|move|p1a: Excadrill|Rock Slide|p2b: Sinistcha|[spread] p2b
|-activate|p2a: Froslass|move: Protect
|-damage|p2b: Sinistcha|10/100
|cant|p2b: Sinistcha|flinch
|move|p1b: Sylveon|Hyper Voice|p2b: Sinistcha|[spread] p2b
|-activate|p2a: Froslass|move: Protect
|-damage|p2b: Sinistcha|0 fnt
|faint|p2b: Sinistcha
|
|-weather|Snowscape|[upkeep]
|upkeep
|
|t:|1786046840
|switch|p2b: Sneasler|Sneasler, L50, F|100/100
|turn|7
|
|t:|1786046852
|move|p1a: Excadrill|Protect|p1a: Excadrill
|-singleturn|p1a: Excadrill|Protect
|move|p1b: Sylveon|Detect|p1b: Sylveon
|-singleturn|p1b: Sylveon|Protect
|move|p2b: Sneasler|Dire Claw|p1b: Sylveon
|-activate|p1b: Sylveon|move: Protect
|move|p2a: Froslass|Blizzard|p1b: Sylveon|[spread] 
|-activate|p1a: Excadrill|move: Protect
|-activate|p1b: Sylveon|move: Protect
|
|-weather|Snowscape|[upkeep]
|upkeep
|turn|8
|
|t:|1786046873
|move|p2b: Sneasler|Close Combat|p1a: Excadrill
|-supereffective|p1a: Excadrill|1
|-enditem|p1a: Excadrill|Focus Sash
|-damage|p1a: Excadrill|1/100
|-unboost|p2b: Sneasler|def|1
|-unboost|p2b: Sneasler|spd|1
|-enditem|p2b: Sneasler|White Herb
|-clearnegativeboost|p2b: Sneasler|[silent]
|move|p2a: Froslass|Blizzard|p1a: Excadrill|[spread] p1a,p1b
|-damage|p1a: Excadrill|0 fnt
|-damage|p1b: Sylveon|73/100
|faint|p1a: Excadrill
|move|p1b: Sylveon|Hyper Voice|p2a: Froslass|[spread] p2a,p2b
|-damage|p2a: Froslass|0 fnt
|-damage|p2b: Sneasler|41/100
|faint|p2a: Froslass
|
|-weather|Snowscape|[upkeep]
|upkeep
|turn|9
|
|t:|1786046886
|move|p2b: Sneasler|Dire Claw|p1b: Sylveon
|-supereffective|p1b: Sylveon|1
|-damage|p1b: Sylveon|0 fnt
|faint|p1b: Sylveon
|
|win|oscraft89
||wingblade33 is ready for game 2.
|inactive|oscraft89 has 30 seconds to confirm battle start!
