|j|☆lettitripppp
|j|☆A Regu1ar Guy
|html|lettitrippppA Regu1ar Guy    
|uhtml|bestof|Game 2 of a best-of-3
|t:|1784493287
|gametype|doubles
|player|p1|lettitripppp|lucas|1237
|player|p2|A Regu1ar Guy|elesa|1344
|gen|9
|tier|[Gen 9 Champions] VGC 2026 Reg M-B (Bo3)
|rated|
|rule|Species Clause: Limit one of each Pokémon
|rule|Item Clause: Limit 1 of each item
|clearpoke
|poke|p1|Charizard, L50, F, shiny|
|poke|p1|Basculegion, L50, M, shiny|
|poke|p1|Pelipper, L50, F|
|poke|p1|Venusaur, L50, F|
|poke|p1|Archaludon, L50, F|
|poke|p1|Grimmsnarl, L50, M, shiny|
|poke|p2|Froslass, L50, F|
|poke|p2|Dragonite, L50, M|
|poke|p2|Sneasler, L50, M|
|poke|p2|Kingambit, L50, F|
|poke|p2|Arcanine-Hisui, L50, F|
|poke|p2|Whimsicott, L50, F|
|teampreview|4
|showteam|p1|Charizard||CharizarditeY|Blaze|WeatherBall,SolarBeam,HeatWave,Protect|Modest||F|||50|]Basculegion||ChoiceScarf|Adaptability|LastRespects,WaveCrash,FlipTurn,AquaJet|Jolly||M|||50|]Pelipper||SitrusBerry|Drizzle|WeatherBall,WideGuard,Hurricane,Tailwind|Modest||F|||50|]Venusaur||FocusSash|Chlorophyll|SleepPowder,SludgeBomb,EarthPower,Protect|Modest||F|||50|]Archaludon||Leftovers|Stamina|FlashCannon,DragonPulse,ElectroShot,Protect|Calm||F|||50|]Grimmsnarl||LightClay|Prankster|PartingShot,LightScreen,SpiritBreak,Reflect|Relaxed||M|||50|
|showteam|p2|Froslass||Froslassite|CursedBody|Blizzard,ShadowBall,AuroraVeil,Protect|Timid||F|||50|]Dragonite||LifeOrb|InnerFocus|DragonClaw,ExtremeSpeed,LowKick,Protect|Adamant||M|||50|]Sneasler||WhiteHerb|Unburden|CloseCombat,DireClaw,FakeOut,Protect|Adamant||M|||50|]Kingambit||BlackGlasses|Defiant|KowtowCleave,SuckerPunch,SwordsDance,Protect|Adamant||F|||50|]Arcanine-Hisui||FocusSash|RockHead|FlareBlitz,HeadSmash,ExtremeSpeed,Protect|Jolly||F|||50|]Whimsicott||FairyFeather|Prankster|Moonblast,Tailwind,Encore,Protect|Bold||F|||50|
|inactive|Battle timer is ON: inactive players will automatically lose when time's up. (requested by A Regu1ar Guy)
|inactive|lettitripppp also wants the timer to be on.
|c|☆A Regu1ar Guy|h
|
|t:|1784493303
|teamsize|p1|4
|teamsize|p2|4
|start
|switch|p1a: GHOSTWAVE|Basculegion, L50, M, shiny|100/100
|switch|p1b: GO JOHAN|Grimmsnarl, L50, M, shiny|100/100
|switch|p2a: Froslass|Froslass, L50, F|100/100
|switch|p2b: Sneasler|Sneasler, L50, M|100/100
|turn|1
|
|t:|1784493318
|detailschange|p2a: Froslass|Froslass-Mega, L50, F
|-mega|p2a: Froslass|Froslass|Froslassite
|-weather|Snowscape|[from] ability: Snow Warning|[of] p2a: Froslass
|move|p1b: GO JOHAN|Reflect|p1b: GO JOHAN
|-sidestart|p1: lettitripppp|Reflect
|move|p1a: GHOSTWAVE|Wave Crash|p2a: Froslass
|-damage|p2a: Froslass|37/100
|-damage|p1a: GHOSTWAVE|82/100|[from] Recoil
|move|p2a: Froslass|Blizzard|p1a: GHOSTWAVE|[spread] p1a,p1b
|-resisted|p1a: GHOSTWAVE|1
|-damage|p1a: GHOSTWAVE|60/100
|-damage|p1b: GO JOHAN|64/100
|move|p2b: Sneasler|Dire Claw|p1b: GO JOHAN
|-supereffective|p1b: GO JOHAN|1
|-damage|p1b: GO JOHAN|18/100
|-status|p1b: GO JOHAN|par
|
|-weather|Snowscape|[upkeep]
|upkeep
|turn|2
|
|t:|1784493336
|switch|p2a: Dragonite|Dragonite, L50, M|100/100
|move|p1b: GO JOHAN|Light Screen|p1b: GO JOHAN
|-sidestart|p1: lettitripppp|move: Light Screen
|move|p1a: GHOSTWAVE|Wave Crash|p2b: Sneasler
|-damage|p2b: Sneasler|10/100
|-damage|p1a: GHOSTWAVE|34/100|[from] Recoil
|move|p2b: Sneasler|Close Combat|p1b: GO JOHAN
|-damage|p1b: GO JOHAN|0 fnt
|-unboost|p2b: Sneasler|def|1
|-unboost|p2b: Sneasler|spd|1
|faint|p1b: GO JOHAN
|-enditem|p2b: Sneasler|White Herb
|-clearnegativeboost|p2b: Sneasler|[silent]
|
|-weather|Snowscape|[upkeep]
|upkeep
|
|t:|1784493349
|switch|p1b: BEYOND BRIDGE|Archaludon, L50, F|100/100
|turn|3
|
|t:|1784493354
|switch|p1a: WET-BEAK|Pelipper, L50, F|100/100
|-weather|RainDance|[from] ability: Drizzle|[of] p1a: WET-BEAK
|move|p1b: BEYOND BRIDGE|Protect|p1b: BEYOND BRIDGE
|-singleturn|p1b: BEYOND BRIDGE|Protect
|move|p2b: Sneasler|Dire Claw|p1a: WET-BEAK
|-damage|p1a: WET-BEAK|73/100
|move|p2a: Dragonite|Dragon Claw|p1a: WET-BEAK
|-damage|p1a: WET-BEAK|32/100
|-enditem|p1a: WET-BEAK|Sitrus Berry|[eat]
|-heal|p1a: WET-BEAK|57/100|[from] item: Sitrus Berry
|-damage|p2a: Dragonite|90/100|[from] item: Life Orb
|
|-weather|RainDance|[upkeep]
|upkeep
|turn|4
|
|t:|1784493373
|move|p2b: Sneasler|Close Combat|p1b: BEYOND BRIDGE
|-supereffective|p1b: BEYOND BRIDGE|1
|-damage|p1b: BEYOND BRIDGE|45/100
|-unboost|p2b: Sneasler|def|1
|-unboost|p2b: Sneasler|spd|1
|-ability|p1b: BEYOND BRIDGE|Stamina|boost
|-boost|p1b: BEYOND BRIDGE|def|1
|move|p1b: BEYOND BRIDGE|Electro Shot||[still]
|-prepare|p1b: BEYOND BRIDGE|Electro Shot
|-boost|p1b: BEYOND BRIDGE|spa|1
|-anim|p1b: BEYOND BRIDGE|Electro Shot|p2b: Sneasler
|-damage|p2b: Sneasler|0 fnt
|faint|p2b: Sneasler
|move|p1a: WET-BEAK|Tailwind|p1a: WET-BEAK
|-sidestart|p1: lettitripppp|move: Tailwind
|move|p2a: Dragonite|Low Kick|p1b: BEYOND BRIDGE
|-supereffective|p1b: BEYOND BRIDGE|1
|-damage|p1b: BEYOND BRIDGE|18/100
|-ability|p1b: BEYOND BRIDGE|Stamina|boost
|-boost|p1b: BEYOND BRIDGE|def|1
|-damage|p2a: Dragonite|80/100|[from] item: Life Orb
|
|-weather|RainDance|[upkeep]
|-heal|p1b: BEYOND BRIDGE|24/100|[from] item: Leftovers
|upkeep
|
|t:|1784493382
|switch|p2b: Froslass|Froslass-Mega, L50, F|37/100
|-weather|Snowscape|[from] ability: Snow Warning|[of] p2b: Froslass
|turn|5
|
|t:|1784493396
|switch|p1a: GHOSTWAVE|Basculegion, L50, M, shiny|34/100
|move|p2b: Froslass|Protect|p2b: Froslass
|-singleturn|p2b: Froslass|Protect
|move|p2a: Dragonite|Protect|p2a: Dragonite
|-singleturn|p2a: Dragonite|Protect
|move|p1b: BEYOND BRIDGE|Dragon Pulse|p2b: Froslass
|-activate|p2b: Froslass|move: Protect
|
|-weather|Snowscape|[upkeep]
|-heal|p1b: BEYOND BRIDGE|30/100|[from] item: Leftovers
|upkeep
|turn|6
|
|t:|1784493419
|switch|p2b: Arcanine|Arcanine-Hisui, L50, F|100/100
|move|p1a: GHOSTWAVE|Wave Crash|p2b: Arcanine
|-supereffective|p2b: Arcanine|2
|-enditem|p2b: Arcanine|Focus Sash
|-damage|p2b: Arcanine|1/100
|-damage|p1a: GHOSTWAVE|5/100|[from] Recoil
|move|p1b: BEYOND BRIDGE|Dragon Pulse|p2a: Dragonite
|-supereffective|p2a: Dragonite|1
|-damage|p2a: Dragonite|0 fnt
|faint|p2a: Dragonite
|
|-weather|Snowscape|[upkeep]
|-heal|p1b: BEYOND BRIDGE|37/100|[from] item: Leftovers
|upkeep
|
|t:|1784493420
|switch|p2a: Froslass|Froslass-Mega, L50, F|37/100
|turn|7
|
|t:|1784493432
|move|p2a: Froslass|Protect|p2a: Froslass
|-singleturn|p2a: Froslass|Protect
|move|p2b: Arcanine|Protect|p2b: Arcanine
|-singleturn|p2b: Arcanine|Protect
|move|p1a: GHOSTWAVE|Wave Crash|p2b: Arcanine
|-activate|p2b: Arcanine|move: Protect
|move|p1b: BEYOND BRIDGE|Dragon Pulse|p2a: Froslass
|-activate|p2a: Froslass|move: Protect
|
|-weather|Snowscape|[upkeep]
|-heal|p1b: BEYOND BRIDGE|43/100|[from] item: Leftovers
|-sideend|p1: lettitripppp|move: Tailwind
|upkeep
|turn|8
|inactive|A Regu1ar Guy has 30 seconds left.
|inactive|A Regu1ar Guy has 20 seconds left.
|
|t:|1784493469
|move|p2b: Arcanine|Extreme Speed|p1b: BEYOND BRIDGE
|-resisted|p1b: BEYOND BRIDGE|1
|-damage|p1b: BEYOND BRIDGE|40/100
|-ability|p1b: BEYOND BRIDGE|Stamina|boost
|-boost|p1b: BEYOND BRIDGE|def|1
|move|p1a: GHOSTWAVE|Wave Crash|p2a: Froslass
|-damage|p2a: Froslass|0 fnt
|faint|p2a: Froslass
|-damage|p1a: GHOSTWAVE|0 fnt|[from] Recoil
|faint|p1a: GHOSTWAVE
|move|p1b: BEYOND BRIDGE|Dragon Pulse|p2b: Arcanine
|-damage|p2b: Arcanine|0 fnt
|faint|p2b: Arcanine
|
|win|lettitripppp
|raw|lettitripppp's rating: 1237 → 1269(+32 for winning)
|raw|A Regu1ar Guy's rating: 1344 → 1318(-26 for losing)
|l|☆A Regu1ar Guy
|player|p2|
