|j|☆Escanor_CS
|j|☆SHOMA_WIN
|html|Escanor_CSSHOMA_WIN    
|uhtml|bestof|Game 1 of a best-of-3
|t:|1782304300
|gametype|doubles
|player|p1|Escanor_CS|266|1337
|player|p2|SHOMA_WIN|scientist|1423
|gen|9
|tier|[Gen 9 Champions] VGC 2026 Reg M-B (Bo3)
|rated|
|rule|Species Clause: Limit one of each Pokémon
|rule|Item Clause: Limit 1 of each item
|clearpoke
|poke|p1|Maushold-Four, L50|
|poke|p1|Sneasler, L50, M|
|poke|p1|Incineroar, L50, F|
|poke|p1|Sinistcha, L50|
|poke|p1|Delphox, L50, M|
|poke|p1|Floette-Eternal, L50, F|
|poke|p2|Aerodactyl, L50, M|
|poke|p2|Garchomp, L50, M|
|poke|p2|Kingambit, L50, F|
|poke|p2|Charizard, L50, F|
|poke|p2|Sylveon, L50, F|
|poke|p2|Farigiraf, L50, M|
|teampreview|4
|showteam|p1|Maushold-Four||ChopleBerry|FriendGuard|FollowMe,Feint,Protect,Taunt|Impish|||||50|]Sneasler||FocusSash|PoisonTouch|DireClaw,CloseCombat,FakeOut,Protect|Jolly||M|||50|]Incineroar||SitrusBerry|Intimidate|FakeOut,PartingShot,FlareBlitz,ThroatChop|Impish||F|||50|]Sinistcha||KasibBerry|Hospitality|MatchaGotcha,RagePowder,TrickRoom,Protect|Bold|||||50|]Delphox||Delphoxite|Blaze|Psyshock,HeatWave,NastyPlot,Protect|Timid||M|||50|]Floette-Eternal||Floettite|FlowerVeil|CalmMind,Moonblast,DazzlingGleam,Protect|Timid||F|||50|
|showteam|p2|Aerodactyl||Aerodactylite|Unnerve|IceFang,RockSlide,Tailwind,DualWingbeat|Jolly||M|||50|]Garchomp||LifeOrb|RoughSkin|DragonClaw,StompingTantrum,Earthquake,Protect|Jolly||M|||50|]Kingambit||FocusSash|Defiant|SuckerPunch,KowtowCleave,IronHead,LowKick|Adamant||F|||50|]Charizard||CharizarditeY|Blaze|Protect,WeatherBall,HeatWave,SolarBeam|Modest||F|||50|]Sylveon||FairyFeather|Pixilate|Protect,HyperVoice,HyperBeam,QuickAttack|Modest||F|||50|]Farigiraf||SitrusBerry|ArmorTail|TrickRoom,Thunderbolt,Roar,TwinBeam|Bold||M|||50|
|inactive|Battle timer is ON: inactive players will automatically lose when time's up. (requested by Escanor_CS)
|inactive|Escanor_CS has 60 seconds left.
|inactive|Escanor_CS has 30 seconds left.
|inactive|Escanor_CS has 20 seconds left.
|
|t:|1782304381
|teamsize|p1|4
|teamsize|p2|4
|start
|switch|p1a: Delphox|Delphox, L50, M|100/100
|switch|p1b: Sneasler|Sneasler, L50, M|100/100
|switch|p2a: Kingambit|Kingambit, L50, F|100/100
|switch|p2b: Aerodactyl|Aerodactyl, L50, M|100/100
|-ability|p2b: Aerodactyl|Unnerve
|turn|1
|inactive|Escanor_CS has 30 seconds left.
|inactive|SHOMA_WIN has 30 seconds left.
|
|t:|1782304410
|switch|p2a: Farigiraf|Farigiraf, L50, M|100/100
|detailschange|p2b: Aerodactyl|Aerodactyl-Mega, L50, M
|-mega|p2b: Aerodactyl|Aerodactyl|Aerodactylite
|detailschange|p1a: Delphox|Delphox-Mega, L50, M
|-mega|p1a: Delphox|Delphox|Delphoxite
|move|p1b: Sneasler|Fake Out||[still]
|cant|p2a: Farigiraf|ability: Armor Tail|Fake Out|[of] p1b: Sneasler
|move|p2b: Aerodactyl|Rock Slide|p1b: Sneasler|[spread] p1b
|-miss|p2b: Aerodactyl|p1a: Delphox
|-resisted|p1b: Sneasler|1
|-damage|p1b: Sneasler|77/100
|move|p1a: Delphox|Heat Wave|p2b: Aerodactyl|[spread] p2b
|-miss|p1a: Delphox|p2a: Farigiraf
|-resisted|p2b: Aerodactyl|1
|-damage|p2b: Aerodactyl|77/100
|
|upkeep
|turn|2
|
|t:|1782304433
|switch|p1b: Incineroar|Incineroar, L50, F|100/100
|-ability|p1b: Incineroar|Intimidate|boost
|-unboost|p2a: Farigiraf|atk|1
|-unboost|p2b: Aerodactyl|atk|1
|move|p2b: Aerodactyl|Rock Slide|p1a: Delphox|[spread] p1a,p1b
|-supereffective|p1a: Delphox|1
|-supereffective|p1b: Incineroar|1
|-damage|p1a: Delphox|44/100
|-damage|p1b: Incineroar|70/100
|cant|p1a: Delphox|flinch
|move|p2a: Farigiraf|Twin Beam|p1b: Incineroar
|-immune|p1b: Incineroar
|
|upkeep
|turn|3
|
|t:|1782304452
|move|p1a: Delphox|Protect|p1a: Delphox
|-singleturn|p1a: Delphox|Protect
|move|p2b: Aerodactyl|Rock Slide|p1a: Delphox|[spread] p1b
|-activate|p1a: Delphox|move: Protect
|-supereffective|p1b: Incineroar|1
|-damage|p1b: Incineroar|39/100
|-enditem|p1b: Incineroar|Sitrus Berry|[eat]
|-heal|p1b: Incineroar|64/100|[from] item: Sitrus Berry
|move|p1b: Incineroar|Flare Blitz|p2b: Aerodactyl
|-resisted|p2b: Aerodactyl|1
|-damage|p2b: Aerodactyl|52/100
|-damage|p1b: Incineroar|56/100|[from] Recoil
|move|p2a: Farigiraf|Thunderbolt|p1b: Incineroar
|-damage|p1b: Incineroar|39/100
|
|upkeep
|turn|4
|
|t:|1782304472
|switch|p1b: Maushold|Maushold-Four, L50|100/100
|switch|p2a: Kingambit|Kingambit, L50, F|100/100
|move|p2b: Aerodactyl|Rock Slide|p1b: Maushold|[spread] p1a,p1b
|-supereffective|p1a: Delphox|1
|-damage|p1a: Delphox|8/100
|-damage|p1b: Maushold|81/100
|cant|p1a: Delphox|flinch
|
|upkeep
|turn|5
|-message|Escanor_CS forfeited.
|
|win|SHOMA_WIN
