|j|☆GuardianGamer101
|j|☆bananamandoge420
|html|GuardianGamer101bananamandoge420    
|uhtml|bestof|Game 2 of a best-of-3
|t:|1783308967
|gametype|doubles
|player|p1|GuardianGamer101|lass-gen4dp|
|player|p2|bananamandoge420|102|
|gen|9
|tier|[Gen 9 Champions] VGC 2026 Reg M-B (Bo3)
|rule|Species Clause: Limit one of each Pokémon
|rule|Item Clause: Limit 1 of each item
|clearpoke
|poke|p1|Scovillain, L50, F|
|poke|p1|Feraligatr, L50, M|
|poke|p1|Sylveon, L50, M|
|poke|p1|Kingambit, L50, M|
|poke|p1|Ceruledge, L50, M, shiny|
|poke|p1|Aerodactyl, L50, F|
|poke|p2|Sinistcha, L50|
|poke|p2|Farigiraf, L50, M|
|poke|p2|Kingambit, L50, M|
|poke|p2|Skarmory, L50, F, shiny|
|poke|p2|Dragonite, L50, M|
|poke|p2|Pelipper, L50, M|
|teampreview|4
|showteam|p1|Scovillain||Scovillainite|Moody|Overheat,LeechSeed,RagePowder,Protect|Calm||F|||50|]Feraligatr||LifeOrb|SheerForce|Liquidation,RockSlide,DragonDance,Protect|Adamant||M|||50|]Sylveon||FairyFeather|Pixilate|HyperVoice,HyperBeam,QuickAttack,Detect|Modest||M|||50|]Kingambit||ChopleBerry|Defiant|SuckerPunch,KowtowCleave,IronHead,Protect|Adamant||M|||50|]Ceruledge||Charcoal|FlashFire|BitterBlade,ThroatChop,BulkUp,Protect|Adamant||M|||50|]Aerodactyl||FocusSash|Unnerve|RockSlide,DualWingbeat,Tailwind,WideGuard|Jolly||F|||50|
|showteam|p2|Sinistcha||Leftovers|Hospitality|MatchaGotcha,ShadowBall,RagePowder,Protect|Quiet|||||50|]Farigiraf||SitrusBerry|ArmorTail|TwinBeam,Protect,TrickRoom,HelpingHand|Sassy||M|||50|]Kingambit||FocusSash|SupremeOverlord|SuckerPunch,LowKick,ThroatChop,IronHead|Brave||M|||50|]Skarmory||Skarmorite|KeenEye|Protect,BraveBird,BodyPress,IronHead|Adamant||F|||50|]Dragonite||IronBall|Multiscale|Fling,DragonRush,ExtremeSpeed,LightScreen|Adamant||M|||50|]Pelipper||LifeOrb|Drizzle|Hurricane,WeatherBall,Tailwind,Uturn|Modest||M|||50|
|inactive|Battle timer is ON: inactive players will automatically lose when time's up. (requested by GuardianGamer101)
|j| ShmebKing
|j| Diglett1
|inactive|GuardianGamer101 has 60 seconds left.
|inactive|bananamandoge420 has 60 seconds left.
|inactive|GuardianGamer101 has 30 seconds left.
|inactive|GuardianGamer101 has 20 seconds left.
|
|t:|1783309040
|teamsize|p1|4
|teamsize|p2|4
|start
|switch|p1a: Scovillain|Scovillain, L50, F|100/100
|switch|p1b: Sylveon|Sylveon, L50, M|100/100
|switch|p2a: MegaSkar|Skarmory, L50, F, shiny|100/100
|switch|p2b: Seagull|Pelipper, L50, M|100/100
|-weather|RainDance|[from] ability: Drizzle|[of] p2b: Seagull
|turn|1
|inactive|GuardianGamer101 has 30 seconds left.
|inactive|bananamandoge420 has 30 seconds left.
|inactive|GuardianGamer101 has 20 seconds left.
|inactive|bananamandoge420 has 20 seconds left.
|inactive|GuardianGamer101 has 15 seconds left.
|inactive|bananamandoge420 has 15 seconds left.
|
|t:|1783309084
|detailschange|p1a: Scovillain|Scovillain-Mega, L50, F
|-mega|p1a: Scovillain|Scovillain|Scovillainite
|detailschange|p2a: MegaSkar|Skarmory-Mega, L50, F, shiny
|-mega|p2a: MegaSkar|Skarmory|Skarmorite
|move|p1a: Scovillain|Protect|p1a: Scovillain
|-singleturn|p1a: Scovillain|Protect
|move|p1b: Sylveon|Detect|p1b: Sylveon
|-singleturn|p1b: Sylveon|Protect
|move|p2a: MegaSkar|Brave Bird|p1b: Sylveon
|-activate|p1b: Sylveon|move: Protect
|move|p2b: Seagull|Hurricane|p1a: Scovillain
|-activate|p1a: Scovillain|move: Protect
|
|-weather|RainDance|[upkeep]
|upkeep
|turn|2
|inactive|GuardianGamer101 has 30 seconds left.
|inactive|bananamandoge420 has 30 seconds left.
|inactive|GuardianGamer101 has 20 seconds left.
|inactive|GuardianGamer101 has 15 seconds left.
|inactive|GuardianGamer101 has 10 seconds left.
|
|t:|1783309132
|switch|p1a: Aerodactyl|Aerodactyl, L50, F|100/100
|-ability|p1a: Aerodactyl|Unnerve
|switch|p1b: Ceruledge|Ceruledge, L50, M, shiny|100/100
|move|p2a: MegaSkar|Iron Head|p1b: Ceruledge
|-resisted|p1b: Ceruledge|1
|-damage|p1b: Ceruledge|76/100
|move|p2b: Seagull|Hurricane|p1a: Aerodactyl
|-resisted|p1a: Aerodactyl|1
|-damage|p1a: Aerodactyl|52/100
|-start|p1a: Aerodactyl|confusion
|-damage|p2b: Seagull|90/100|[from] item: Life Orb
|
|-weather|RainDance|[upkeep]
|upkeep
|turn|3
|inactive|GuardianGamer101 has 30 seconds left.
|inactive|bananamandoge420 has 30 seconds left.
|j| D1 Oricorio Hater
|inactive|GuardianGamer101 has 20 seconds left.
|inactive|bananamandoge420 has 20 seconds left.
|inactive|GuardianGamer101 has 15 seconds left.
|inactive|GuardianGamer101 has 10 seconds left.
|inactive|GuardianGamer101 has 5 seconds left.
|
|t:|1783309183
|switch|p1b: Scovillain|Scovillain-Mega, L50, F|100/100
|-activate|p1a: Aerodactyl|confusion
|move|p1a: Aerodactyl|Rock Slide|p2a: MegaSkar|[spread] p2a,p2b
|-supereffective|p2b: Seagull|1
|-damage|p2a: MegaSkar|74/100
|-damage|p2b: Seagull|32/100
|move|p2a: MegaSkar|Brave Bird|p1b: Scovillain
|-supereffective|p1b: Scovillain|1
|-damage|p1b: Scovillain|0 fnt
|-status|p2a: MegaSkar|brn|[from] ability: Spicy Spray|[of] p1b: Scovillain
|faint|p1b: Scovillain
|-damage|p2a: MegaSkar|38/100 brn|[from] Recoil
|move|p2b: Seagull|Tailwind|p2b: Seagull
|-sidestart|p2: bananamandoge420|move: Tailwind
|
|-weather|RainDance|[upkeep]
|-damage|p2a: MegaSkar|32/100 brn|[from] brn
|upkeep
|
|t:|1783309200
|switch|p1b: Ceruledge|Ceruledge, L50, M, shiny|76/100
|turn|4
|inactive|bananamandoge420 has 30 seconds left.
|
|t:|1783309229
|move|p2a: MegaSkar|Protect|p2a: MegaSkar
|-singleturn|p2a: MegaSkar|Protect
|move|p1b: Ceruledge|Protect|p1b: Ceruledge
|-singleturn|p1b: Ceruledge|Protect
|-activate|p1a: Aerodactyl|confusion
|move|p1a: Aerodactyl|Tailwind|p1a: Aerodactyl
|-sidestart|p1: GuardianGamer101|move: Tailwind
|move|p2b: Seagull|Weather Ball|p1a: Aerodactyl
|-supereffective|p1a: Aerodactyl|1
|-damage|p1a: Aerodactyl|0 fnt
|faint|p1a: Aerodactyl
|-damage|p2b: Seagull|22/100|[from] item: Life Orb
|
|-weather|RainDance|[upkeep]
|-damage|p2a: MegaSkar|26/100 brn|[from] brn
|upkeep
|
|t:|1783309243
|switch|p1a: Sylveon|Sylveon, L50, M|100/100
|turn|5
|inactive|GuardianGamer101 has 30 seconds left.
|inactive|bananamandoge420 has 30 seconds left.
|inactive|GuardianGamer101 has 20 seconds left.
|
|t:|1783309283
|move|p2a: MegaSkar|Brave Bird|p1b: Ceruledge
|-damage|p1b: Ceruledge|41/100
|-damage|p2a: MegaSkar|14/100 brn|[from] Recoil
|move|p1b: Ceruledge|Bitter Blade|p2a: MegaSkar
|-supereffective|p2a: MegaSkar|1
|-damage|p2a: MegaSkar|0 fnt
|-heal|p1b: Ceruledge|48/100|[from] drain|[of] p2a: MegaSkar
|faint|p2a: MegaSkar
|move|p1a: Sylveon|Hyper Voice|p2b: Seagull
|-damage|p2b: Seagull|0 fnt
|faint|p2b: Seagull
|
|-weather|none
|upkeep
|
|t:|1783309295
|switch|p2a: Figga|Farigiraf, L50, M|100/100
|switch|p2b: John Cena|Dragonite, L50, M|100/100
|turn|6
|
|t:|1783309312
|move|p1b: Ceruledge|Throat Chop|p2a: Figga
|-supereffective|p2a: Figga|1
|-damage|p2a: Figga|58/100
|-start|p2a: Figga|Throat Chop|[silent]
|move|p1a: Sylveon|Hyper Voice|p2b: John Cena|[spread] p2a,p2b
|-supereffective|p2b: John Cena|1
|-damage|p2a: Figga|17/100
|-damage|p2b: John Cena|53/100
|-enditem|p2a: Figga|Sitrus Berry|[eat]
|-heal|p2a: Figga|42/100|[from] item: Sitrus Berry
|move|p2b: John Cena|Light Screen|p2b: John Cena
|-sidestart|p2: bananamandoge420|move: Light Screen
|move|p2a: Figga|Trick Room|p2a: Figga
|-fieldstart|move: Trick Room|[of] p2a: Figga
|
|-sideend|p2: bananamandoge420|move: Tailwind
|upkeep
|turn|7
|inactive|bananamandoge420 has 30 seconds left.
|inactive|bananamandoge420 has 20 seconds left.
|inactive|bananamandoge420 has 15 seconds left.
|inactive|bananamandoge420 has 10 seconds left.
|
|t:|1783309359
|move|p1a: Sylveon|Detect|p1a: Sylveon
|-singleturn|p1a: Sylveon|Protect
|move|p1b: Ceruledge|Protect|p1b: Ceruledge
|-singleturn|p1b: Ceruledge|Protect
|move|p2b: John Cena|Fling|p1b: Ceruledge
|-activate|p1b: Ceruledge|move: Protect
|-enditem|p2b: John Cena|Iron Ball|[from] move: Fling
|move|p2a: Figga|Twin Beam|p1a: Sylveon
|-activate|p1a: Sylveon|move: Protect
|
|-end|p2a: Figga|Throat Chop|[silent]
|-sideend|p1: GuardianGamer101|move: Tailwind
|upkeep
|turn|8
|inactive|bananamandoge420 has 30 seconds left.
|
|t:|1783309388
|move|p2a: Figga|Twin Beam|p1b: Ceruledge
|-damage|p1b: Ceruledge|32/100
|-damage|p1b: Ceruledge|15/100
|-hitcount|p1b: Ceruledge|2
|move|p1a: Sylveon|Hyper Voice|p2b: John Cena|[spread] p2a,p2b
|-supereffective|p2b: John Cena|1
|-damage|p2a: Figga|15/100
|-damage|p2b: John Cena|0 fnt
|faint|p2b: John Cena
|move|p1b: Ceruledge|Throat Chop|p2a: Figga
|-supereffective|p2a: Figga|1
|-damage|p2a: Figga|0 fnt
|faint|p2a: Figga
|
|win|GuardianGamer101
|inactive|GuardianGamer101 has 30 seconds to confirm battle start!
|inactive|bananamandoge420 has 30 seconds to confirm battle start!
|l|☆bananamandoge420
|player|p2|
||bananamandoge420 is ready for game 3.
|inactive|GuardianGamer101 has 20 seconds to confirm battle start!
|inactive|GuardianGamer101 has 10 seconds to confirm battle start!
|uhtml|next|Next: Game 3 of 3
|l| Diglett1
|l|☆GuardianGamer101
|player|p1|
|l| ShmebKing
|j| ShmebKing
