|j|☆cochedrilo listo
|j|☆FR45
|html|cochedrilo listoFR45    
|uhtml|bestof|Game 2 of a best-of-3
|t:|1782185844
|gametype|doubles
|player|p1|cochedrilo listo|169|1117
|player|p2|FR45|ethan|1135
|gen|9
|tier|[Gen 9 Champions] VGC 2026 Reg M-B (Bo3)
|rated|
|rule|Species Clause: Limit one of each Pokémon
|rule|Item Clause: Limit 1 of each item
|clearpoke
|poke|p1|Malamar, L50, M|
|poke|p1|Whimsicott, L50, F|
|poke|p1|Sinistcha, L50|
|poke|p1|Incineroar, L50, F|
|poke|p1|Gholdengo, L50|
|poke|p1|Charizard, L50, M|
|poke|p2|Garchomp, L50, M|
|poke|p2|Mawile, L50, M, shiny|
|poke|p2|Charizard, L50, M, shiny|
|poke|p2|Sneasler, L50, F|
|poke|p2|Farigiraf, L50, F|
|poke|p2|Milotic, L50, F|
|teampreview|4
|showteam|p1|Malamar||Malamarite|Contrary|Superpower,KnockOff,StoredPower,Protect|Careful||M|||50|]Whimsicott||FocusSash|Prankster|Moonblast,Tickle,FakeTears,Tailwind|Timid||F|||50|]Sinistcha||KasibBerry|Hospitality|MatchaGotcha,StrengthSap,RagePowder,Protect|Bold|||||50|]Incineroar||SitrusBerry|Intimidate|FakeOut,FlareBlitz,PartingShot,Taunt|Impish||F|||50|]Gholdengo||LifeOrb|GoodasGold|MakeItRain,ShadowBall,NastyPlot,Protect|Timid|||||50|]Charizard||CharizarditeY|Blaze|WeatherBall,HeatWave,SolarBeam,Protect|Modest||M|||50|
|showteam|p2|Garchomp||LifeOrb|RoughSkin|DragonClaw,StompingTantrum,RockSlide,Protect|Jolly||M|||50|]Mawile||Mawilite|Intimidate|IronHead,SuckerPunch,PlayRough,Protect|Adamant||M|||50|]Charizard||CharizarditeY|SolarPower|HeatWave,SolarBeam,WeatherBall,Protect|Timid||M|||50|]Sneasler||WhiteHerb|Unburden|FakeOut,DireClaw,CloseCombat,Protect|Jolly||F|||50|]Farigiraf||SitrusBerry|ArmorTail|Psychic,Thunderbolt,HelpingHand,TrickRoom|Quiet||F|||50|]Milotic||Leftovers|Competitive|Scald,IceBeam,Recover,Protect|Modest||F|||50|
|inactive|Battle timer is ON: inactive players will automatically lose when time's up. (requested by FR45)
|
|t:|1782185872
|teamsize|p1|4
|teamsize|p2|4
|start
|switch|p1a: Malamar|Malamar, L50, M|100/100
|switch|p1b: Whimsicott|Whimsicott, L50, F|100/100
|switch|p2a: Mawile|Mawile, L50, M, shiny|100/100
|switch|p2b: Sneasler|Sneasler, L50, F|100/100
|-ability|p2a: Mawile|Intimidate|boost
|-boost|p1a: Malamar|atk|1
|-unboost|p1b: Whimsicott|atk|1
|turn|1
|inactive|FR45 has 30 seconds left.
|
|t:|1782185900
|switch|p1b: Incineroar|Incineroar, L50, F|100/100
|-ability|p1b: Incineroar|Intimidate|boost
|-unboost|p2a: Mawile|atk|1
|-unboost|p2b: Sneasler|atk|1
|-enditem|p2b: Sneasler|White Herb
|-clearnegativeboost|p2b: Sneasler|[silent]
|detailschange|p1a: Malamar|Malamar-Mega, L50, M
|-mega|p1a: Malamar|Malamar|Malamarite
|detailschange|p2a: Mawile|Mawile-Mega, L50, M, shiny
|-mega|p2a: Mawile|Mawile|Mawilite
|move|p1a: Malamar|Protect|p1a: Malamar
|-singleturn|p1a: Malamar|Protect
|move|p2b: Sneasler|Fake Out|p1b: Incineroar
|-damage|p1b: Incineroar|88/100
|move|p2a: Mawile|Play Rough|p1a: Malamar
|-activate|p1a: Malamar|move: Protect
|
|upkeep
|turn|2
|
|t:|1782185920
|move|p2b: Sneasler|Close Combat|p1b: Incineroar
|-supereffective|p1b: Incineroar|1
|-damage|p1b: Incineroar|0 fnt
|-unboost|p2b: Sneasler|def|1
|-unboost|p2b: Sneasler|spd|1
|faint|p1b: Incineroar
|move|p1a: Malamar|Superpower|p2b: Sneasler
|-resisted|p2b: Sneasler|1
|-damage|p2b: Sneasler|41/100
|-boost|p1a: Malamar|atk|1
|-boost|p1a: Malamar|def|1
|move|p2a: Mawile|Play Rough|p1a: Malamar|[miss]
|-miss|p2a: Mawile|p1a: Malamar
|
|upkeep
|
|t:|1782185926
|switch|p1b: Whimsicott|Whimsicott, L50, F|100/100
|turn|3
|inactive|cochedrilo listo has 30 seconds left.
|inactive|FR45 has 30 seconds left.
|
|t:|1782185967
|move|p2a: Mawile|Protect|p2a: Mawile
|-singleturn|p2a: Mawile|Protect
|move|p1b: Whimsicott|Tailwind|p1b: Whimsicott
|-sidestart|p1: cochedrilo listo|move: Tailwind
|move|p2b: Sneasler|Dire Claw|p1b: Whimsicott
|-supereffective|p1b: Whimsicott|2
|-enditem|p1b: Whimsicott|Focus Sash
|-damage|p1b: Whimsicott|1/100
|move|p1a: Malamar|Superpower|p2b: Sneasler
|-resisted|p2b: Sneasler|1
|-damage|p2b: Sneasler|0 fnt
|-boost|p1a: Malamar|atk|1
|-boost|p1a: Malamar|def|1
|faint|p2b: Sneasler
|
|upkeep
|
|t:|1782185985
|switch|p2b: Milotic|Milotic, L50, F|100/100
|turn|4
|
|t:|1782186003
|move|p1b: Whimsicott|Tickle|p1a: Malamar
|-boost|p1a: Malamar|atk|1
|-boost|p1a: Malamar|def|1
|move|p2a: Mawile|Sucker Punch|p1a: Malamar
|-damage|p1a: Malamar|88/100
|move|p1a: Malamar|Knock Off|p2b: Milotic
|-damage|p2b: Milotic|1/100
|-enditem|p2b: Milotic|Leftovers|[from] move: Knock Off|[of] p1a: Malamar
|move|p2b: Milotic|Ice Beam|p1b: Whimsicott
|-supereffective|p1b: Whimsicott|1
|-damage|p1b: Whimsicott|0 fnt
|faint|p1b: Whimsicott
|
|upkeep
|
|t:|1782186011
|switch|p1b: Sinistcha|Sinistcha, L50|100/100
|-heal|p1a: Malamar|100/100|[from] ability: Hospitality|[of] p1b: Sinistcha
|turn|5
|
|t:|1782186021
|switch|p2a: Garchomp|Garchomp, L50, M|100/100
|move|p2b: Milotic|Protect|p2b: Milotic
|-singleturn|p2b: Milotic|Protect
|move|p1a: Malamar|Superpower|p2a: Garchomp
|-damage|p2a: Garchomp|13/100
|-boost|p1a: Malamar|atk|1
|-boost|p1a: Malamar|def|1
|-damage|p1a: Malamar|87/100|[from] ability: Rough Skin|[of] p2a: Garchomp
|move|p1b: Sinistcha|Matcha Gotcha|p2a: Garchomp|[spread] p2a
|-activate|p2b: Milotic|move: Protect
|-damage|p2a: Garchomp|0 fnt
|faint|p2a: Garchomp
|
|upkeep
|
|t:|1782186037
|switch|p2a: Mawile|Mawile-Mega, L50, M, shiny|100/100
|turn|6
|
|t:|1782186045
|move|p1a: Malamar|Superpower|p2a: Mawile
|-damage|p2a: Mawile|0 fnt
|-boost|p1a: Malamar|atk|1
|-boost|p1a: Malamar|def|1
|faint|p2a: Mawile
|move|p1b: Sinistcha|Matcha Gotcha|p2b: Milotic
|-supereffective|p2b: Milotic|1
|-damage|p2b: Milotic|0 fnt
|faint|p2b: Milotic
|
|win|cochedrilo listo
