|j|☆Buster981
|j|☆bassacucina777
|html|Buster981bassacucina777    
|uhtml|bestof|Game 3 of a best-of-3
|t:|1756844850
|gametype|doubles
|player|p1|Buster981|scientist-gen4dp|1058
|player|p2|bassacucina777|102|1157
|gen|9
|tier|[Gen 9] VGC 2025 Reg H (Bo3)
|rated|
|rule|Species Clause: Limit one of each Pokémon
|rule|Item Clause: Limit 1 of each item
|clearpoke
|poke|p1|Wugtrio, L50, M|
|poke|p1|Tyranitar, L50, F|
|poke|p1|Garchomp, L50, F|
|poke|p1|Mandibuzz, L50, F|
|poke|p1|Indeedee, L50, M|
|poke|p1|Incineroar, L50, M|
|poke|p2|Dondozo, L50, F|
|poke|p2|Tatsugiri, L50, F|
|poke|p2|Indeedee, L50, M|
|poke|p2|Sneasler, L50, F|
|poke|p2|Volcarona, L50, M|
|poke|p2|Glimmora, L50, F|
|teampreview|4
|showteam|p1|Wugtrio||ChoiceBand|SandVeil|TripleDive,AquaJet,SuckerPunch,ThroatChop|||M|||50|,,,,,Water]Tyranitar||AssaultVest|SandStream|RockSlide,KnockOff,TeraBlast,LowKick|||F|||50|,,,,,Flying]Garchomp||ClearAmulet|SandVeil|StompingTantrum,DragonClaw,SwordsDance,Protect|||F|||50|,,,,,Fairy]Mandibuzz||SitrusBerry|Overcoat|FoulPlay,Taunt,Roost,Tailwind|||F|||50|,,,,,Steel]Indeedee||ChoiceScarf|PsychicSurge|ExpandingForce,HyperVoice,Psychic,Trick|||M|||50|,,,,,Psychic]Incineroar||SafetyGoggles|Intimidate|FlareBlitz,FakeOut,PartingShot,Protect|||M|||50|,,,,,Fire
|showteam|p2|Dondozo||SafetyGoggles|Unaware|WaveCrash,Earthquake,OrderUp,Protect|||F|||50|,,,,,Steel]Tatsugiri||ChoiceScarf|Commander|MuddyWater,DracoMeteor,DragonPulse,IcyWind|||F|||50|,,,,,Ghost]Indeedee||FocusSash|PsychicSurge|ExpandingForce,Protect,TrickRoom,HelpingHand|||M|||50|,,,,,Psychic]Sneasler||PsychicSeed|Unburden|CloseCombat,DireClaw,ThroatChop,Protect|||F|||50|,,,,,Dark]Volcarona||CovertCloak|FlameBody|TeraBlast,Tailwind,FieryDance,QuiverDance|||M|||50|,,,,,Fairy]Glimmora||PowerHerb|ToxicDebris|MeteorBeam,EarthPower,SludgeBomb,Protect|||F|||50|,,,,,Grass
|
|t:|1756844866
|teamsize|p1|4
|teamsize|p2|4
|start
|switch|p1a: Incineroar|Incineroar, L50, M|100/100
|switch|p1b: Tyranitar|Tyranitar, L50, F|100/100
|switch|p2a: Indeedee|Indeedee, L50, M|100/100
|switch|p2b: Dondozo|Dondozo, L50, F|100/100
|-fieldstart|move: Psychic Terrain|[from] ability: Psychic Surge|[of] p2a: Indeedee
|-weather|Sandstorm|[from] ability: Sand Stream|[of] p1b: Tyranitar
|-ability|p1a: Incineroar|Intimidate|boost
|-unboost|p2a: Indeedee|atk|1
|-unboost|p2b: Dondozo|atk|1
|turn|1
|
|t:|1756844910
|switch|p2a: Tatsugiri|Tatsugiri, L50, F|100/100
|-activate|p2a: Tatsugiri|ability: Commander|[of] p2b: Dondozo
|-boost|p2b: Dondozo|atk|2
|-boost|p2b: Dondozo|spa|2
|-boost|p2b: Dondozo|spe|2
|-boost|p2b: Dondozo|def|2
|-boost|p2b: Dondozo|spd|2
|switch|p1a: Mandibuzz|Mandibuzz, L50, F|100/100
|-terastallize|p2b: Dondozo|Steel
|-terastallize|p1b: Tyranitar|Flying
|move|p2b: Dondozo|Wave Crash|p1a: Mandibuzz
|-crit|p1a: Mandibuzz
|-damage|p1a: Mandibuzz|14/100
|-enditem|p1a: Mandibuzz|Sitrus Berry|[eat]
|-heal|p1a: Mandibuzz|39/100|[from] item: Sitrus Berry
|-damage|p2b: Dondozo|73/100|[from] Recoil
|move|p1b: Tyranitar|Knock Off|p2b: Dondozo
|-damage|p2b: Dondozo|56/100
|-enditem|p2b: Dondozo|Safety Goggles|[from] move: Knock Off|[of] p1b: Tyranitar
|
|-weather|Sandstorm|[upkeep]
|-damage|p2a: Tatsugiri|94/100|[from] Sandstorm
|-damage|p1b: Tyranitar|95/100|[from] Sandstorm
|upkeep
|turn|2
|
|t:|1756844949
|switch|p1a: Incineroar|Incineroar, L50, M|100/100
|-ability|p1a: Incineroar|Intimidate|boost
|-unboost|p2a: Tatsugiri|atk|1
|-unboost|p2b: Dondozo|atk|1
|move|p2b: Dondozo|Wave Crash|p1a: Incineroar
|-supereffective|p1a: Incineroar
|-damage|p1a: Incineroar|4/100
|-damage|p2b: Dondozo|27/100|[from] Recoil
|move|p1b: Tyranitar|Low Kick|p2b: Dondozo
|-supereffective|p2b: Dondozo
|-damage|p2b: Dondozo|0 fnt
|faint|p2b: Dondozo
|
|-weather|Sandstorm|[upkeep]
|-damage|p2a: Tatsugiri|88/100|[from] Sandstorm
|-damage|p1b: Tyranitar|89/100|[from] Sandstorm
|upkeep
|
|t:|1756844965
|switch|p2b: Sneasler|Sneasler, L50, F|100/100
|-enditem|p2b: Sneasler|Psychic Seed
|-boost|p2b: Sneasler|spd|1|[from] item: Psychic Seed
|turn|3
|
|t:|1756844989
|switch|p1a: Mandibuzz|Mandibuzz, L50, F|39/100
|move|p2b: Sneasler|Dire Claw|p1b: Tyranitar
|-damage|p1b: Tyranitar|56/100
|-status|p1b: Tyranitar|par
|move|p2a: Tatsugiri|Muddy Water|p1b: Tyranitar|[spread] p1a,p1b
|-crit|p1b: Tyranitar
|-damage|p1a: Mandibuzz|17/100
|-damage|p1b: Tyranitar|26/100 par
|cant|p1b: Tyranitar|par
|
|-weather|Sandstorm|[upkeep]
|-damage|p2b: Sneasler|95/100|[from] Sandstorm
|-damage|p2a: Tatsugiri|82/100|[from] Sandstorm
|-damage|p1b: Tyranitar|20/100 par|[from] Sandstorm
|upkeep
|turn|4
|
|t:|1756845005
|move|p2b: Sneasler|Dire Claw|p1a: Mandibuzz
|-damage|p1a: Mandibuzz|0 fnt
|faint|p1a: Mandibuzz
|move|p2a: Tatsugiri|Muddy Water|p1b: Tyranitar
|-damage|p1b: Tyranitar|0 fnt
|faint|p1b: Tyranitar
|
|-weather|Sandstorm|[upkeep]
|-damage|p2b: Sneasler|89/100|[from] Sandstorm
|-damage|p2a: Tatsugiri|75/100|[from] Sandstorm
|upkeep
|
|t:|1756845015
|switch|p1a: Incineroar|Incineroar, L50, M|4/100
|switch|p1b: Indeedee|Indeedee, L50, M|100/100
|-ability|p1a: Incineroar|Intimidate|boost
|-unboost|p2a: Tatsugiri|atk|1
|-unboost|p2b: Sneasler|atk|1
|turn|5
|
|t:|1756845031
|move|p1a: Incineroar|Protect|p1a: Incineroar
|-singleturn|p1a: Incineroar|Protect
|move|p2b: Sneasler|Throat Chop|p1b: Indeedee
|-supereffective|p1b: Indeedee
|-damage|p1b: Indeedee|21/100
|-start|p1b: Indeedee|Throat Chop|[silent]
|move|p2a: Tatsugiri|Muddy Water|p1a: Incineroar|[spread] 
|-activate|p1a: Incineroar|move: Protect
|-miss|p2a: Tatsugiri|p1b: Indeedee
|move|p1b: Indeedee|Expanding Force|p2a: Tatsugiri|[spread] p2a,p2b
|-supereffective|p2b: Sneasler
|-damage|p2a: Tatsugiri|0 fnt
|-damage|p2b: Sneasler|0 fnt
|faint|p2a: Tatsugiri
|faint|p2b: Sneasler
|
|-weather|none
|-fieldend|move: Psychic Terrain
|upkeep
|
|t:|1756845046
|switch|p2b: Indeedee|Indeedee, L50, M|100/100
|-fieldstart|move: Psychic Terrain|[from] ability: Psychic Surge|[of] p2b: Indeedee
|turn|6
|
|t:|1756845076
|move|p1b: Indeedee|Expanding Force|p2b: Indeedee
|-resisted|p2b: Indeedee
|-damage|p2b: Indeedee|45/100
|move|p2b: Indeedee|Expanding Force|p1a: Incineroar|[spread] p1b
|-immune|p1a: Incineroar
|-resisted|p1b: Indeedee
|-damage|p1b: Indeedee|0 fnt
|faint|p1b: Indeedee
|move|p1a: Incineroar|Flare Blitz|p2b: Indeedee
|-damage|p2b: Indeedee|0 fnt
|faint|p2b: Indeedee
|-damage|p1a: Incineroar|0 fnt|[from] Recoil
|faint|p1a: Incineroar
|
|win|Buster981
|raw|Buster981's rating: 1058 → 1098(+40 for winning)
|raw|bassacucina777's rating: 1157 → 1125(-32 for losing)
