|j|☆jmcm54
|j|☆Icebeast42
|html|jmcm54Icebeast42    
|uhtml|bestof|Game 3 of a best-of-3
|t:|1783807086
|gametype|doubles
|player|p1|jmcm54|cynthia|1012
|player|p2|Icebeast42|102|1052
|gen|9
|tier|[Gen 9 Champions] VGC 2026 Reg M-B (Bo3)
|rated|
|rule|Species Clause: Limit one of each Pokémon
|rule|Item Clause: Limit 1 of each item
|clearpoke
|poke|p1|Lucario, L50, F|
|poke|p1|Azumarill, L50, M|
|poke|p1|Sinistcha, L50|
|poke|p1|Lycanroc-Dusk, L50, M|
|poke|p1|Talonflame, L50, M|
|poke|p1|Froslass, L50, F|
|poke|p2|Whimsicott, L50, F, shiny|
|poke|p2|Incineroar, L50, M, shiny|
|poke|p2|Garchomp, L50, F|
|poke|p2|Staraptor, L50, M|
|poke|p2|Gholdengo, L50|
|poke|p2|Basculegion, L50, M|
|teampreview|4
|showteam|p1|Lucario||Lucarionite|InnerFocus|MeteorMash,BulletPunch,DrainPunch,Protect|Naughty||F|||50|]Azumarill||SitrusBerry|HugePower|AquaJet,PlayRough,Protect,BellyDrum|Adamant||M|||50|]Sinistcha||Leftovers|Hospitality|MatchaGotcha,LifeDew,RagePowder,TrickRoom|Calm|||||50|]Lycanroc-Dusk||LifeOrb|ToughClaws|Accelerock,DrillRun,Protect,Howl|Adamant||M|||50|]Talonflame||MentalHerb|GaleWings|Tailwind,Taunt,QuickGuard,BraveBird|Jolly||M|||50|]Froslass||FocusSash|CursedBody|Protect,TripleAxel,IceShard,Poltergeist|Jolly||F|||50|
|showteam|p2|Whimsicott||FocusSash|Prankster|FakeTears,Moonblast,Tailwind,Charm|Timid||F|||50|]Incineroar||SitrusBerry|Intimidate|FlareBlitz,DarkestLariat,FakeOut,PartingShot|Adamant||M|||50|]Garchomp||MuscleBand|RoughSkin|Earthquake,DragonClaw,Protect,RockSlide|Lonely||F|||50|]Staraptor||Staraptite|Intimidate|BraveBird,Roost,Protect,CloseCombat|Adamant||M|||50|]Gholdengo||WiseGlasses|GoodasGold|NastyPlot,Thunderbolt,ShadowBall,MakeItRain|Modest|||||50|]Basculegion||ChoiceScarf|Adaptability|LastRespects,FlipTurn,Protect,PsychicFangs|Adamant||M|||50|
|
|t:|1783807120
|teamsize|p1|4
|teamsize|p2|4
|start
|switch|p1a: Azumarill|Azumarill, L50, M|100/100
|switch|p1b: Sinistcha|Sinistcha, L50|100/100
|switch|p2a: Whimsicott|Whimsicott, L50, F, shiny|100/100
|switch|p2b: Incineroar|Incineroar, L50, M, shiny|100/100
|-ability|p2b: Incineroar|Intimidate|boost
|-unboost|p1a: Azumarill|atk|1
|-unboost|p1b: Sinistcha|atk|1
|turn|1
|
|t:|1783807197
|switch|p1b: Lycanroc|Lycanroc-Dusk, L50, M|100/100
|move|p2b: Incineroar|Fake Out|p1a: Azumarill
|-damage|p1a: Azumarill|85/100
|move|p2a: Whimsicott|Tailwind|p2a: Whimsicott
|-sidestart|p2: Icebeast42|move: Tailwind
|cant|p1a: Azumarill|flinch
|
|upkeep
|turn|2
|
|t:|1783807241
|switch|p1b: Sinistcha|Sinistcha, L50|100/100
|-heal|p1a: Azumarill|100/100|[from] ability: Hospitality|[of] p1b: Sinistcha
|move|p2a: Whimsicott|Moonblast|p1b: Sinistcha
|-damage|p1b: Sinistcha|71/100
|move|p2b: Incineroar|Parting Shot|p1b: Sinistcha
|-unboost|p1b: Sinistcha|atk|1
|-unboost|p1b: Sinistcha|spa|1
|
|t:|1783807260
|switch|p2b: Staraptor|Staraptor, L50, M|100/100|[from] Parting Shot
|-ability|p2b: Staraptor|Intimidate|boost
|-unboost|p1a: Azumarill|atk|1
|-unboost|p1b: Sinistcha|atk|1
|move|p1a: Azumarill|Belly Drum|p1a: Azumarill
|-damage|p1a: Azumarill|50/100y
|-setboost|p1a: Azumarill|atk|6|[from] move: Belly Drum
|-enditem|p1a: Azumarill|Sitrus Berry|[eat]
|-heal|p1a: Azumarill|75/100|[from] item: Sitrus Berry
|
|-heal|p1b: Sinistcha|77/100|[from] item: Leftovers
|upkeep
|turn|3
|
|t:|1783807309
|detailschange|p2b: Staraptor|Staraptor-Mega, L50, M
|-mega|p2b: Staraptor|Staraptor|Staraptite
|move|p1b: Sinistcha|Rage Powder|p1b: Sinistcha
|-singleturn|p1b: Sinistcha|move: Rage Powder
|move|p2a: Whimsicott|Charm|p2b: Staraptor
|-boost|p2b: Staraptor|atk|2
|move|p2b: Staraptor|Close Combat|p1b: Sinistcha
|-immune|p1b: Sinistcha
|move|p1a: Azumarill|Play Rough|p2b: Staraptor
|-supereffective|p2b: Staraptor|1
|-damage|p2b: Staraptor|0 fnt
|faint|p2b: Staraptor
|
|-heal|p1b: Sinistcha|83/100|[from] item: Leftovers
|upkeep
|
|t:|1783807329
|switch|p2b: Incineroar|Incineroar, L50, M, shiny|100/100
|-ability|p2b: Incineroar|Intimidate|boost
|-unboost|p1a: Azumarill|atk|1
|-unboost|p1b: Sinistcha|atk|1
|turn|4
|
|t:|1783807346
|move|p2b: Incineroar|Fake Out|p1a: Azumarill
|-damage|p1a: Azumarill|59/100
|move|p1b: Sinistcha|Rage Powder|p1b: Sinistcha
|-singleturn|p1b: Sinistcha|move: Rage Powder
|move|p2a: Whimsicott|Charm|p1a: Azumarill
|-unboost|p1a: Azumarill|atk|2
|cant|p1a: Azumarill|flinch
|
|-heal|p1b: Sinistcha|89/100|[from] item: Leftovers
|-sideend|p2: Icebeast42|move: Tailwind
|upkeep
|turn|5
|
|t:|1783807401
|move|p2a: Whimsicott|Charm|p1a: Azumarill
|-unboost|p1a: Azumarill|atk|2
|move|p1a: Azumarill|Aqua Jet|p2b: Incineroar
|-supereffective|p2b: Incineroar|1
|-damage|p2b: Incineroar|32/100
|-enditem|p2b: Incineroar|Sitrus Berry|[eat]
|-heal|p2b: Incineroar|57/100|[from] item: Sitrus Berry
|move|p1b: Sinistcha|Life Dew|p1b: Sinistcha|[spread] p1a,p1b
|-heal|p1a: Azumarill|84/100
|-heal|p1b: Sinistcha|100/100
|move|p2b: Incineroar|Parting Shot|p1b: Sinistcha
|-unboost|p1b: Sinistcha|atk|1
|-unboost|p1b: Sinistcha|spa|1
|
|t:|1783807421
|switch|p2b: Basculegion|Basculegion, L50, M|100/100|[from] Parting Shot
|
|upkeep
|turn|6
|
|t:|1783807466
|move|p1b: Sinistcha|Rage Powder|p1b: Sinistcha
|-singleturn|p1b: Sinistcha|move: Rage Powder
|move|p2a: Whimsicott|Tailwind|p2a: Whimsicott
|-sidestart|p2: Icebeast42|move: Tailwind
|move|p2b: Basculegion|Flip Turn|p1b: Sinistcha
|-resisted|p1b: Sinistcha|1
|-damage|p1b: Sinistcha|81/100
|
|t:|1783807488
|switch|p2b: Incineroar|Incineroar, L50, M, shiny|57/100|[from] Flip Turn
|-ability|p2b: Incineroar|Intimidate|boost
|-unboost|p1a: Azumarill|atk|1
|-unboost|p1b: Sinistcha|atk|1
|move|p1a: Azumarill|Play Rough|p2b: Incineroar
|-damage|p2b: Incineroar|9/100
|
|-heal|p1b: Sinistcha|87/100|[from] item: Leftovers
|upkeep
|turn|7
|
|t:|1783807514
|switch|p1b: Froslass|Froslass, L50, F|100/100
|move|p2b: Incineroar|Fake Out|p1a: Azumarill
|-damage|p1a: Azumarill|69/100
|cant|p1a: Azumarill|flinch
|move|p2a: Whimsicott|Moonblast|p1b: Froslass
|-damage|p1b: Froslass|53/100
|-unboost|p1b: Froslass|spa|1
|
|upkeep
|turn|8
|
|t:|1783807558
|move|p2a: Whimsicott|Fake Tears|p1a: Azumarill
|-unboost|p1a: Azumarill|spd|2
|move|p1a: Azumarill|Aqua Jet|p2b: Incineroar
|-supereffective|p2b: Incineroar|1
|-damage|p2b: Incineroar|0 fnt
|faint|p2b: Incineroar
|move|p1b: Froslass|Triple Axel|p2a: Whimsicott|[miss]
|-miss|p1b: Froslass|p2a: Whimsicott
|
|upkeep
|
|t:|1783807568
|switch|p2b: Basculegion|Basculegion, L50, M|100/100
|turn|9
|
|t:|1783807620
|move|p1b: Froslass|Protect|p1b: Froslass
|-singleturn|p1b: Froslass|Protect
|move|p1a: Azumarill|Protect|p1a: Azumarill
|-singleturn|p1a: Azumarill|Protect
|move|p2b: Basculegion|Last Respects|p1a: Azumarill
|-activate|p1a: Azumarill|move: Protect
|move|p2a: Whimsicott|Moonblast|p1b: Froslass
|-activate|p1b: Froslass|move: Protect
|
|-sideend|p2: Icebeast42|move: Tailwind
|upkeep
|turn|10
|
|t:|1783807647
|switch|p1a: Sinistcha|Sinistcha, L50|87/100
|-heal|p1b: Froslass|77/100|[from] ability: Hospitality|[of] p1a: Sinistcha
|move|p2a: Whimsicott|Tailwind|p2a: Whimsicott
|-sidestart|p2: Icebeast42|move: Tailwind
|move|p2b: Basculegion|Last Respects|p1a: Sinistcha
|-supereffective|p1a: Sinistcha|1
|-damage|p1a: Sinistcha|0 fnt
|faint|p1a: Sinistcha
|move|p1b: Froslass|Poltergeist|p2b: Basculegion
|-activate|p2b: Basculegion|move: Poltergeist|Choice Scarf
|-supereffective|p2b: Basculegion|1
|-damage|p2b: Basculegion|0 fnt
|faint|p2b: Basculegion
|
|upkeep
|
|t:|1783807665
|switch|p1a: Azumarill|Azumarill, L50, M|69/100
|turn|11
|-message|Icebeast42 forfeited.
|
|win|jmcm54
|raw|jmcm54's rating: 1012 → 1055(+43 for winning)
|raw|Icebeast42's rating: 1052 → 1032(-20 for losing)
|l|☆Icebeast42
|player|p2|
