|j|☆hexagonfoot
|j|☆Ruben1452
|html|hexagonfootRuben1452    
|uhtml|bestof|Game 2 of a best-of-3
|t:|1756338935
|gametype|doubles
|player|p1|hexagonfoot|caitlin|1110
|player|p2|Ruben1452|hilbert-wonderlauncher|1068
|gen|9
|tier|[Gen 9] VGC 2025 Reg H (Bo3)
|rated|
|rule|Species Clause: Limit one of each Pokémon
|rule|Item Clause: Limit 1 of each item
|clearpoke
|poke|p1|Kingambit, L50, M|
|poke|p1|Primarina, L50, M|
|poke|p1|Sneasler, L50, M|
|poke|p1|Magmar, L50, M|
|poke|p1|Rillaboom, L50, M|
|poke|p1|Dragapult, L50, M|
|poke|p2|Incineroar, L50, F|
|poke|p2|Basculegion, L50, M|
|poke|p2|Pelipper, L50, M|
|poke|p2|Amoonguss, L50, M|
|poke|p2|Archaludon, L50, M|
|poke|p2|Gholdengo, L50|
|teampreview|4
|showteam|p1|Kingambit||BlackGlasses|Defiant|KowtowCleave,SuckerPunch,SwordsDance,Protect|||M|||50|,,,,,Ghost]Primarina||SitrusBerry|LiquidVoice|HyperVoice,Moonblast,Haze,Protect|||M|||50|,,,,,Water]Sneasler||FocusSash|PoisonTouch|CloseCombat,DireClaw,FakeOut,Protect|||M|||50|,,,,,Stellar]Magmar||Eviolite|VitalSpirit|Overheat,WillOWisp,FollowMe,Protect|||M|||50|,,,,,Ghost]Rillaboom||AssaultVest|GrassySurge|WoodHammer,GrassyGlide,HighHorsepower,FakeOut|||M|||50|,,,,,Fire]Dragapult||ChoiceBand|ClearBody|DragonDarts,PhantomForce,TeraBlast,Uturn|||M|||50|,,,,,Ghost
|showteam|p2|Incineroar||SafetyGoggles|Intimidate|FakeOut,PartingShot,Taunt,KnockOff|||F|||50|,,,,,Ghost]Basculegion||ChoiceBand|SwiftSwim|WaveCrash,LastRespects,FlipTurn,AquaJet|||M|||50|,,,,,Grass]Pelipper||FocusSash|Drizzle|WeatherBall,Hurricane,Tailwind,Protect|||M|||50|,,,,,Ground]Amoonguss||SitrusBerry|Regenerator|Spore,RagePowder,PollenPuff,Protect|||M|||50|,,,,,Water]Archaludon||AssaultVest|Stamina|ElectroShot,DragonPulse,FlashCannon,BodyPress|||M|||50|,,,,,Bug]Gholdengo||LifeOrb|GoodasGold|MakeItRain,ShadowBall,NastyPlot,Protect||||||50|,,,,,Water
|inactive|Battle timer is ON: inactive players will automatically lose when time's up. (requested by Ruben1452)
|
|t:|1756338954
|teamsize|p1|4
|teamsize|p2|4
|start
|switch|p1a: Sneasler|Sneasler, L50, M|100/100
|switch|p1b: Kingambit|Kingambit, L50, M|100/100
|switch|p2a: Gholdengo|Gholdengo, L50|100/100
|switch|p2b: Amoonguss|Amoonguss, L50, M|100/100
|turn|1
|inactive|hexagonfoot has 30 seconds left.
|
|t:|1756338989
|-terastallize|p2a: Gholdengo|Water
|move|p1a: Sneasler|Dire Claw|p2b: Amoonguss
|-damage|p2b: Amoonguss|66/100
|move|p2a: Gholdengo|Nasty Plot|p2a: Gholdengo
|-boost|p2a: Gholdengo|spa|2
|move|p1b: Kingambit|Kowtow Cleave|p2b: Amoonguss
|-damage|p2b: Amoonguss|18/100
|-enditem|p2b: Amoonguss|Sitrus Berry|[eat]
|-heal|p2b: Amoonguss|43/100|[from] item: Sitrus Berry
|move|p2b: Amoonguss|Spore|p1b: Kingambit
|-status|p1b: Kingambit|slp|[from] move: Spore
|
|upkeep
|turn|2
|
|t:|1756339013
|move|p1a: Sneasler|Protect|p1a: Sneasler
|-singleturn|p1a: Sneasler|Protect
|move|p2b: Amoonguss|Rage Powder|p2b: Amoonguss
|-singleturn|p2b: Amoonguss|move: Rage Powder
|move|p2a: Gholdengo|Make It Rain|p1b: Kingambit|[spread] p1b
|-activate|p1a: Sneasler|move: Protect
|-resisted|p1b: Kingambit
|-damage|p1b: Kingambit|47/100 slp
|-unboost|p2a: Gholdengo|spa|1
|-damage|p2a: Gholdengo|91/100|[from] item: Life Orb
|cant|p1b: Kingambit|slp
|
|upkeep
|turn|3
|
|t:|1756339033
|move|p2b: Amoonguss|Rage Powder|p2b: Amoonguss
|-singleturn|p2b: Amoonguss|move: Rage Powder
|move|p1a: Sneasler|Dire Claw|p2b: Amoonguss
|-damage|p2b: Amoonguss|12/100
|move|p2a: Gholdengo|Make It Rain|p1a: Sneasler|[spread] p1a,p1b
|-resisted|p1b: Kingambit
|-enditem|p1a: Sneasler|Focus Sash
|-damage|p1a: Sneasler|1/100
|-damage|p1b: Kingambit|5/100 slp
|-unboost|p2a: Gholdengo|spa|1
|-damage|p2a: Gholdengo|82/100|[from] item: Life Orb
|cant|p1b: Kingambit|slp
|
|upkeep
|turn|4
|inactive|hexagonfoot has 30 seconds left.
|
|t:|1756339067
|switch|p2b: Pelipper|Pelipper, L50, M|100/100
|-weather|RainDance|[from] ability: Drizzle|[of] p2b: Pelipper
|move|p2a: Gholdengo|Protect|p2a: Gholdengo
|-singleturn|p2a: Gholdengo|Protect
|cant|p1b: Kingambit|slp
|move|p1a: Sneasler|Dire Claw|p2b: Pelipper
|-damage|p2b: Pelipper|41/100
|
|-weather|RainDance|[upkeep]
|upkeep
|turn|5
|
|t:|1756339084
|switch|p2a: Archaludon|Archaludon, L50, M|100/100
|move|p2b: Pelipper|Protect|p2b: Pelipper
|-singleturn|p2b: Pelipper|Protect
|-curestatus|p1b: Kingambit|slp|[msg]
|move|p1b: Kingambit|Sucker Punch||[still]
|-fail|p1b: Kingambit
|move|p1a: Sneasler|Dire Claw|p2b: Pelipper
|-activate|p2b: Pelipper|move: Protect
|
|-weather|RainDance|[upkeep]
|upkeep
|turn|6
|inactive|Ruben1452 has 30 seconds left.
|
|t:|1756339110
|switch|p2b: Amoonguss|Amoonguss, L50, M|45/100
|switch|p2a: Gholdengo|Gholdengo, L50, tera:Water|82/100
|move|p1b: Kingambit|Sucker Punch||[still]
|-fail|p1b: Kingambit
|move|p1a: Sneasler|Close Combat|p2a: Gholdengo
|-damage|p2a: Gholdengo|17/100
|-unboost|p1a: Sneasler|def|1
|-unboost|p1a: Sneasler|spd|1
|-status|p2a: Gholdengo|psn|[from] ability: Poison Touch|[of] p1a: Sneasler
|
|-weather|RainDance|[upkeep]
|-damage|p2a: Gholdengo|5/100 psn|[from] psn
|upkeep
|turn|7
|
|t:|1756339127
|move|p1a: Sneasler|Protect|p1a: Sneasler
|-singleturn|p1a: Sneasler|Protect
|move|p1b: Kingambit|Protect|p1b: Kingambit
|-singleturn|p1b: Kingambit|Protect
|move|p2b: Amoonguss|Rage Powder|p2b: Amoonguss
|-singleturn|p2b: Amoonguss|move: Rage Powder
|move|p2a: Gholdengo|Make It Rain|p1b: Kingambit|[spread] 
|-activate|p1a: Sneasler|move: Protect
|-activate|p1b: Kingambit|move: Protect
|
|-weather|RainDance|[upkeep]
|-damage|p2a: Gholdengo|0 fnt|[from] psn
|faint|p2a: Gholdengo
|upkeep
|
|t:|1756339141
|switch|p2a: Pelipper|Pelipper, L50, M|41/100
|turn|8
|
|t:|1756339155
|move|p2b: Amoonguss|Rage Powder|p2b: Amoonguss
|-singleturn|p2b: Amoonguss|move: Rage Powder
|move|p1b: Kingambit|Sucker Punch||[still]
|-fail|p1b: Kingambit
|move|p1a: Sneasler|Dire Claw|p2b: Amoonguss
|-damage|p2b: Amoonguss|11/100
|move|p2a: Pelipper|Hurricane|p1b: Kingambit
|-resisted|p1b: Kingambit
|-damage|p1b: Kingambit|0 fnt
|faint|p1b: Kingambit
|
|-weather|none
|upkeep
|
|t:|1756339167
|switch|p1b: Rillaboom|Rillaboom, L50, M|100/100
|-fieldstart|move: Grassy Terrain|[from] ability: Grassy Surge|[of] p1b: Rillaboom
|turn|9
|
|t:|1756339187
|switch|p2b: Archaludon|Archaludon, L50, M|100/100
|move|p2a: Pelipper|Protect|p2a: Pelipper
|-singleturn|p2a: Pelipper|Protect
|move|p1b: Rillaboom|Grassy Glide|p2a: Pelipper
|-activate|p2a: Pelipper|move: Protect
|move|p1a: Sneasler|Close Combat|p2b: Archaludon
|-supereffective|p2b: Archaludon
|-damage|p2b: Archaludon|16/100
|-unboost|p1a: Sneasler|def|1
|-unboost|p1a: Sneasler|spd|1
|-ability|p2b: Archaludon|Stamina|boost
|-boost|p2b: Archaludon|def|1
|
|-heal|p1a: Sneasler|7/100|[from] Grassy Terrain
|-heal|p2b: Archaludon|22/100|[from] Grassy Terrain
|upkeep
|turn|10
|
|t:|1756339207
|move|p1b: Rillaboom|Grassy Glide|p2a: Pelipper
|-crit|p2a: Pelipper
|-damage|p2a: Pelipper|0 fnt
|faint|p2a: Pelipper
|move|p1a: Sneasler|Close Combat|p2b: Archaludon
|-supereffective|p2b: Archaludon
|-damage|p2b: Archaludon|0 fnt
|-unboost|p1a: Sneasler|def|1
|-unboost|p1a: Sneasler|spd|1
|faint|p2b: Archaludon
|
|-heal|p1a: Sneasler|13/100|[from] Grassy Terrain
|upkeep
|
|t:|1756339211
|switch|p2b: Amoonguss|Amoonguss, L50, M|44/100
|turn|11
|
|t:|1756339231
|move|p1a: Sneasler|Dire Claw|p2b: Amoonguss
|-damage|p2b: Amoonguss|11/100
|-status|p2b: Amoonguss|par
|move|p1b: Rillaboom|High Horsepower|p2b: Amoonguss
|-damage|p2b: Amoonguss|0 fnt
|faint|p2b: Amoonguss
|
|win|hexagonfoot
|raw|hexagonfoot's rating: 1110 → 1132(+22 for winning)
|raw|Ruben1452's rating: 1068 → 1050(-18 for losing)
