|j|☆jpkl500
|j|☆jagheter
|html|jpkl500jagheter    
|uhtml|bestof|Game 1 of a best-of-3
|t:|1756359972
|gametype|doubles
|player|p1|jpkl500|palmer|1082
|player|p2|jagheter|worker|1000
|gen|9
|tier|[Gen 9] VGC 2025 Reg H (Bo3)
|rated|
|rule|Species Clause: Limit one of each Pokémon
|rule|Item Clause: Limit 1 of each item
|clearpoke
|poke|p1|Rotom-Wash, L50|
|poke|p1|Pelipper, L50, F|
|poke|p1|Archaludon, L50, M|
|poke|p1|Rillaboom, L50, F|
|poke|p1|Sylveon, L50, M|
|poke|p1|Basculegion, L50, M|
|poke|p2|Venusaur, L50, F|
|poke|p2|Volcarona, L50, F|
|poke|p2|Incineroar, L50, M|
|poke|p2|Grimmsnarl, L50, M|
|poke|p2|Dondozo, L50, M|
|poke|p2|Rillaboom, L50, F|
|teampreview|4
|showteam|p1|Rotom-Wash||Leftovers|Levitate|Thunderbolt,WillOWisp,VoltSwitch,Protect||||||50|,,,,,Electric]Pelipper||FocusSash|Drizzle|WeatherBall,Hurricane,Tailwind,Protect|||F|||50|,,,,,Flying]Archaludon||AssaultVest|Stamina|ElectroShot,BodyPress,Snarl,DracoMeteor|||M|||50|,,,,,Grass]Rillaboom||MiracleSeed|GrassySurge|GrassyGlide,HighHorsepower,WoodHammer,FakeOut|||F|||50|,,,,,Grass]Sylveon||FairyFeather|Pixilate|QuickAttack,HyperVoice,TeraBlast,Protect|||M|||50|,,,,,Fairy]Basculegion||ChoiceBand|SwiftSwim|WaveCrash,AquaJet,LastRespects,FlipTurn|||M|||50|,,,,,Ghost
|showteam|p2|Venusaur||WideLens|Chlorophyll|SleepPowder,Protect,SludgeBomb,EarthPower|||F|||50|,,,,,Ghost]Volcarona||CovertCloak|FlameBody|FieryDance,GigaDrain,QuiverDance,Protect|||F|||50|,,,,,Dragon]Incineroar||MirrorHerb|Intimidate|FakeOut,KnockOff,Taunt,FlareBlitz|||M|||50|,,,,,Ghost]Grimmsnarl||BlackGlasses|Prankster|MistyTerrain,LightScreen,SpiritBreak,SuckerPunch|||M|||50|,,,,,Steel]Dondozo||Leftovers|Unaware|Fissure,Protect,Liquidation,NobleRoar|||M|||50|,,,,,Ghost]Rillaboom||AssaultVest|GrassySurge|FakeOut,WoodHammer,GrassyGlide,Uturn|||F|||50|,,,,,Fire
|
|t:|1756360067
|teamsize|p1|4
|teamsize|p2|4
|start
|switch|p1a: Rillaboom|Rillaboom, L50, F|100/100
|switch|p1b: Sylveon|Sylveon, L50, M|100/100
|switch|p2a: Venusaur|Venusaur, L50, F, shiny|100/100
|switch|p2b: Volcarona|Volcarona, L50, F, shiny|100/100
|-fieldstart|move: Grassy Terrain|[from] ability: Grassy Surge|[of] p1a: Rillaboom
|turn|1
|
|t:|1756360105
|switch|p1a: Pelipper|Pelipper, L50, F|100/100
|-weather|RainDance|[from] ability: Drizzle|[of] p1a: Pelipper
|-terastallize|p2a: Venusaur|Ghost
|move|p1b: Sylveon|Protect|p1b: Sylveon
|-singleturn|p1b: Sylveon|Protect
|move|p2a: Venusaur|Sleep Powder|p1b: Sylveon
|-activate|p1b: Sylveon|move: Protect
|move|p2b: Volcarona|Quiver Dance|p2b: Volcarona
|-boost|p2b: Volcarona|spa|1
|-boost|p2b: Volcarona|spd|1
|-boost|p2b: Volcarona|spe|1
|
|-weather|RainDance|[upkeep]
|upkeep
|turn|2
|
|t:|1756360127
|switch|p1b: Rillaboom|Rillaboom, L50, F|100/100
|move|p2b: Volcarona|Fiery Dance|p1b: Rillaboom
|-supereffective|p1b: Rillaboom
|-damage|p1b: Rillaboom|35/100
|-boost|p2b: Volcarona|spa|1
|move|p2a: Venusaur|Sleep Powder|p1a: Pelipper
|-status|p1a: Pelipper|slp|[from] move: Sleep Powder
|cant|p1a: Pelipper|slp
|
|-weather|RainDance|[upkeep]
|-heal|p1b: Rillaboom|41/100|[from] Grassy Terrain
|upkeep
|turn|3
|
|t:|1756360147
|switch|p1a: Archaludon|Archaludon, L50, M|100/100
|switch|p1b: Sylveon|Sylveon, L50, M|100/100
|move|p2b: Volcarona|Fiery Dance|p1b: Sylveon
|-damage|p1b: Sylveon|68/100
|move|p2a: Venusaur|Sludge Bomb|p1a: Archaludon
|-immune|p1a: Archaludon
|
|-weather|RainDance|[upkeep]
|-heal|p1b: Sylveon|74/100|[from] Grassy Terrain
|upkeep
|turn|4
|
|t:|1756360171
|switch|p1b: Rillaboom|Rillaboom, L50, F|41/100
|move|p2b: Volcarona|Fiery Dance|p1b: Rillaboom
|-supereffective|p1b: Rillaboom
|-damage|p1b: Rillaboom|0 fnt
|faint|p1b: Rillaboom
|move|p2a: Venusaur|Sleep Powder|p1a: Archaludon
|-status|p1a: Archaludon|slp|[from] move: Sleep Powder
|cant|p1a: Archaludon|slp
|
|-weather|RainDance|[upkeep]
|upkeep
|
|t:|1756360181
|switch|p1b: Sylveon|Sylveon, L50, M|74/100
|turn|5
|
|t:|1756360191
|move|p2b: Volcarona|Fiery Dance|p1b: Sylveon
|-damage|p1b: Sylveon|39/100
|move|p2a: Venusaur|Sludge Bomb|p1b: Sylveon
|-supereffective|p1b: Sylveon
|-damage|p1b: Sylveon|0 fnt
|faint|p1b: Sylveon
|cant|p1a: Archaludon|slp
|
|-weather|none
|-fieldend|move: Grassy Terrain
|upkeep
|
|t:|1756360214
|switch|p1b: Pelipper|Pelipper, L50, F|100/100 slp
|-weather|RainDance|[from] ability: Drizzle|[of] p1b: Pelipper
|turn|6
|
|t:|1756360233
|-terastallize|p1a: Archaludon|Grass
|move|p2b: Volcarona|Giga Drain|p1b: Pelipper
|-damage|p1b: Pelipper|11/100 slp
|move|p2a: Venusaur|Sludge Bomb|p1b: Pelipper
|-damage|p1b: Pelipper|0 fnt
|faint|p1b: Pelipper
|-curestatus|p1a: Archaludon|slp|[msg]
|move|p1a: Archaludon|Electro Shot||[still]
|-prepare|p1a: Archaludon|Electro Shot
|-boost|p1a: Archaludon|spa|1
|-anim|p1a: Archaludon|Electro Shot|p2a: Venusaur
|-damage|p2a: Venusaur|40/100
|
|-weather|RainDance|[upkeep]
|upkeep
|turn|7
|
|t:|1756360249
|move|p2b: Volcarona|Quiver Dance|p2b: Volcarona
|-boost|p2b: Volcarona|spa|1
|-boost|p2b: Volcarona|spd|1
|-boost|p2b: Volcarona|spe|1
|move|p2a: Venusaur|Sludge Bomb|p1a: Archaludon
|-supereffective|p1a: Archaludon
|-damage|p1a: Archaludon|44/100
|-ability|p1a: Archaludon|Stamina|boost
|-boost|p1a: Archaludon|def|1
|move|p1a: Archaludon|Snarl|p2a: Venusaur|[spread] p2a,p2b
|-supereffective|p2a: Venusaur
|-damage|p2a: Venusaur|0 fnt
|-damage|p2b: Volcarona|91/100
|faint|p2a: Venusaur
|
|-weather|RainDance|[upkeep]
|upkeep
|
|t:|1756360260
|switch|p2a: Incineroar|Incineroar, L50, M, shiny|100/100
|-ability|p2a: Incineroar|Intimidate|boost
|-unboost|p1a: Archaludon|atk|1
|turn|8
|
|t:|1756360265
|move|p2a: Incineroar|Fake Out|p1a: Archaludon
|-damage|p1a: Archaludon|36/100
|-ability|p1a: Archaludon|Stamina|boost
|-boost|p1a: Archaludon|def|1
|-enditem|p2a: Incineroar|Mirror Herb
|-boost|p2a: Incineroar|def|1|[from] item: Mirror Herb
|move|p2b: Volcarona|Fiery Dance|p1a: Archaludon
|-supereffective|p1a: Archaludon
|-damage|p1a: Archaludon|0 fnt
|-boost|p2b: Volcarona|spa|1
|faint|p1a: Archaludon
|
|win|jagheter
