|j|☆datrandomguy787
|j|☆Talos2BA.G.
|html|datrandomguy787Talos2BA.G.    
|uhtml|bestof|Game 1 of a best-of-3
|t:|1785365804
|gametype|doubles
|player|p1|datrandomguy787|102|1069
|player|p2|Talos2BA.G.|miku-ghost|1091
|gen|9
|tier|[Gen 9 Champions] VGC 2026 Reg M-B (Bo3)
|rated|
|rule|Species Clause: Limit one of each Pokémon
|rule|Item Clause: Limit 1 of each item
|clearpoke
|poke|p1|Sneasler, L50, M|
|poke|p1|Blastoise, L50, M|
|poke|p1|Kingambit, L50, M|
|poke|p1|Incineroar, L50, M|
|poke|p1|Delphox, L50, F|
|poke|p1|Sinistcha, L50|
|poke|p2|Floette-Eternal, L50, F|
|poke|p2|Zoroark-Hisui, L50, M|
|poke|p2|Arcanine-Hisui, L50, M|
|poke|p2|Kingambit, L50, M, shiny|
|poke|p2|Tsareena, L50, F|
|poke|p2|Whimsicott, L50, F|
|teampreview|4
|showteam|p1|Sneasler||FocusSash|PoisonTouch|PoisonJab,CloseCombat,FakeOut,QuickGuard|Jolly||M|||50|]Blastoise||Blastoisinite|RainDish|DarkPulse,WaterSpout,ShellSmash,Protect|Modest||M|||50|]Kingambit||BlackGlasses|Defiant|KowtowCleave,SuckerPunch,SwordsDance,Protect|Adamant||M|||50|]Incineroar||SitrusBerry|Intimidate|FlareBlitz,HelpingHand,PartingShot,FakeOut|Careful||M|||50|]Delphox||Delphoxite|Blaze|HeatWave,NastyPlot,Psychic,Protect|Modest||F|||50|]Sinistcha||ColburBerry|Hospitality|MatchaGotcha,RagePowder,TrickRoom,Protect|Bold|||||50|
|showteam|p2|Floette-Eternal||Floettite|FlowerVeil|Moonblast,LightofRuin,Protect,DazzlingGleam|Modest||F|||50|]Zoroark-Hisui||ChoiceScarf|Illusion|ShadowBall,WillOWisp,IcyWind,Psychic|Modest||M|||50|]Arcanine-Hisui||HardStone|RockHead|RockSlide,FlareBlitz,HeadSmash,Protect|Jolly||M|||50|]Kingambit||ChopleBerry|Defiant|Protect,KowtowCleave,SuckerPunch,IronHead|Adamant||M|||50|]Tsareena||WideLens|QueenlyMajesty|PowerWhip,TripleAxel,Protect,LowKick|Adamant||F|||50|]Whimsicott||FairyFeather|Prankster|Moonblast,Tailwind,Encore,Protect|Timid||F|||50|
|
|t:|1785365855
|teamsize|p1|4
|teamsize|p2|4
|start
|switch|p1a: Delphox|Delphox, L50, F|100/100
|switch|p1b: Sinistcha|Sinistcha, L50|100/100
|switch|p2a: Sol Badguy|Arcanine-Hisui, L50, M|100/100
|switch|p2b: Ky Kiske|Kingambit, L50, M, shiny|100/100
|turn|1
|inactive|Battle timer is ON: inactive players will automatically lose when time's up. (requested by Talos2BA.G.)
|
|t:|1785365878
|detailschange|p1a: Delphox|Delphox-Mega, L50, F
|-mega|p1a: Delphox|Delphox|Delphoxite
|move|p1a: Delphox|Protect|p1a: Delphox
|-singleturn|p1a: Delphox|Protect
|move|p1b: Sinistcha|Protect|p1b: Sinistcha
|-singleturn|p1b: Sinistcha|Protect
|move|p2a: Sol Badguy|Rock Slide|p1b: Sinistcha|[spread] 
|-activate|p1a: Delphox|move: Protect
|-activate|p1b: Sinistcha|move: Protect
|move|p2b: Ky Kiske|Kowtow Cleave|p1b: Sinistcha
|-activate|p1b: Sinistcha|move: Protect
|
|upkeep
|turn|2
|inactive|Talos2BA.G. has 30 seconds left.
|
|t:|1785365908
|move|p1a: Delphox|Heat Wave|p2a: Sol Badguy|[spread] p2a,p2b
|-resisted|p2a: Sol Badguy|2
|-supereffective|p2b: Ky Kiske|1
|-damage|p2a: Sol Badguy|89/100
|-damage|p2b: Ky Kiske|23/100
|move|p2a: Sol Badguy|Rock Slide|p1a: Delphox|[spread] p1b
|-miss|p2a: Sol Badguy|p1a: Delphox
|-damage|p1b: Sinistcha|78/100
|move|p1b: Sinistcha|Matcha Gotcha|p2a: Sol Badguy|[spread] p2b
|-miss|p1b: Sinistcha|p2a: Sol Badguy
|-resisted|p2b: Ky Kiske|1
|-damage|p2b: Ky Kiske|12/100
|-heal|p1b: Sinistcha|84/100|[from] drain|[of] p2b: Ky Kiske
|move|p2b: Ky Kiske|Kowtow Cleave|p1b: Sinistcha
|-supereffective|p1b: Sinistcha|1
|-enditem|p1b: Sinistcha|Colbur Berry|[eat]
|-enditem|p1b: Sinistcha|Colbur Berry|[weaken]
|-damage|p1b: Sinistcha|47/100
|
|upkeep
|turn|3
|inactive|datrandomguy787 has 30 seconds left.
|
|t:|1785365943
|switch|p1a: Sneasler|Sneasler, L50, M|100/100
|move|p1b: Sinistcha|Protect|p1b: Sinistcha
|-singleturn|p1b: Sinistcha|Protect
|move|p2b: Ky Kiske|Sucker Punch||[still]
|-fail|p2b: Ky Kiske
|move|p2a: Sol Badguy|Rock Slide|p1a: Sneasler|[spread] p1a
|-activate|p1b: Sinistcha|move: Protect
|-resisted|p1a: Sneasler|1
|-damage|p1a: Sneasler|73/100
|
|upkeep
|turn|4
|inactive|datrandomguy787 has 30 seconds left.
|inactive|Talos2BA.G. has 30 seconds left.
|
|t:|1785365974
|switch|p1b: Kingambit|Kingambit, L50, M|100/100
|move|p2a: Sol Badguy|Protect|p2a: Sol Badguy
|-singleturn|p2a: Sol Badguy|Protect
|move|p2b: Ky Kiske|Protect|p2b: Ky Kiske
|-singleturn|p2b: Ky Kiske|Protect
|move|p1a: Sneasler|Close Combat|p2a: Sol Badguy
|-activate|p2a: Sol Badguy|move: Protect
|
|upkeep
|turn|5
|
|t:|1785365992
|switch|p2b: Dizzy|Floette-Eternal, L50, F|100/100
|move|p1a: Sneasler|Close Combat|p2a: Sol Badguy
|-supereffective|p2a: Sol Badguy|1
|-damage|p2a: Sol Badguy|0 fnt
|-unboost|p1a: Sneasler|def|1
|-unboost|p1a: Sneasler|spd|1
|faint|p2a: Sol Badguy
|move|p1b: Kingambit|Swords Dance|p1b: Kingambit
|-boost|p1b: Kingambit|atk|2
|
|upkeep
|
|t:|1785366003
|switch|p2a: Dizzy|Floette-Eternal, L50, F|100/100
|turn|6
|inactive|datrandomguy787 has 30 seconds left.
|
|t:|1785366030
|switch|p1a: Sinistcha|Sinistcha, L50|47/100
|detailschange|p2a: Dizzy|Floette-Mega, L50, F
|-mega|p2a: Dizzy|Floette|Floettite
|-ability|p2a: Dizzy|Fairy Aura
|move|p2b: Dizzy|Psychic|p1a: Sinistcha
|-damage|p1a: Sinistcha|15/100
|move|p2a: Dizzy|Light of Ruin|p1b: Kingambit
|-damage|p1b: Kingambit|0 fnt
|faint|p1b: Kingambit
|-damage|p2a: Dizzy|42/100|[from] Recoil
|
|upkeep
|inactive|datrandomguy787 has 30 seconds left.
|inactive|datrandomguy787 has 20 seconds left.
|
|t:|1785366066
|switch|p1b: Delphox|Delphox-Mega, L50, F|100/100
|turn|7
|
|t:|1785366077
|move|p2a: Dizzy|Protect|p2a: Dizzy
|-singleturn|p2a: Dizzy|Protect
|move|p1a: Sinistcha|Rage Powder|p1a: Sinistcha
|-singleturn|p1a: Sinistcha|move: Rage Powder
|move|p2b: Dizzy|Psychic|p1a: Sinistcha
|-damage|p1a: Sinistcha|0 fnt
|faint|p1a: Sinistcha
|move|p1b: Delphox|Heat Wave|p2a: Dizzy|[spread] p2b
|-activate|p2a: Dizzy|move: Protect
|-damage|p2b: Dizzy|15/100
|replace|p2b: Happy Chaos|Zoroark-Hisui, L50, M
|-end|p2b: Happy Chaos|Illusion
|
|upkeep
|
|t:|1785366083
|switch|p1a: Sneasler|Sneasler, L50, M|73/100
|turn|8
|
|t:|1785366099
|move|p2b: Happy Chaos|Psychic|p1a: Sneasler
|-supereffective|p1a: Sneasler|2
|-damage|p1a: Sneasler|0 fnt
|faint|p1a: Sneasler
|move|p1b: Delphox|Heat Wave|p2a: Dizzy|[spread] p2a,p2b
|-crit|p2a: Dizzy
|-damage|p2a: Dizzy|2/100
|-damage|p2b: Happy Chaos|0 fnt
|faint|p2b: Happy Chaos
|move|p2a: Dizzy|Light of Ruin|p1b: Delphox
|-resisted|p1b: Delphox|1
|-crit|p1b: Delphox
|-damage|p1b: Delphox|34/100
|-damage|p2a: Dizzy|0 fnt|[from] Recoil
|faint|p2a: Dizzy
|
|upkeep
|
|t:|1785366106
|switch|p2a: Ky Kiske|Kingambit, L50, M, shiny|12/100
|turn|9
|
|t:|1785366119
|move|p1b: Delphox|Protect|p1b: Delphox
|-singleturn|p1b: Delphox|Protect
|move|p2a: Ky Kiske|Sucker Punch||[still]
|-fail|p2a: Ky Kiske
|
|upkeep
|turn|10
|
|t:|1785366135
|move|p1b: Delphox|Heat Wave|p2a: Ky Kiske
|-supereffective|p2a: Ky Kiske|1
|-damage|p2a: Ky Kiske|0 fnt
|faint|p2a: Ky Kiske
|
|win|datrandomguy787
||Talos2BA.G. is ready for game 2.
||datrandomguy787 is ready for game 2.
|uhtml|next|Next: Game 2 of 3
|l|☆Talos2BA.G.
|player|p2|
