|j|☆Tango2089
|j|☆P!nkbearz07
|html|Tango2089P!nkbearz07    
|uhtml|bestof|Game 2 of a best-of-3
|t:|1757076569
|gametype|doubles
|player|p1|Tango2089|marshal|1032
|player|p2|P!nkbearz07|marlon|1084
|gen|9
|tier|[Gen 9] VGC 2025 Reg H (Bo3)
|rated|
|rule|Species Clause: Limit one of each Pokémon
|rule|Item Clause: Limit 1 of each item
|clearpoke
|poke|p1|Basculegion, L50, M|
|poke|p1|Salamence, L50, F|
|poke|p1|Arcanine-Hisui, L50, F|
|poke|p1|Rotom-Wash, L50|
|poke|p1|Amoonguss, L50, F|
|poke|p1|Hitmontop, L50, M|
|poke|p2|Empoleon, L50, M|
|poke|p2|Tyranitar, L50, F|
|poke|p2|Excadrill, L50, M|
|poke|p2|Annihilape, L50, M|
|poke|p2|Gholdengo, L50|
|poke|p2|Hydreigon, L50, F|
|teampreview|4
|showteam|p1|Basculegion||ChoiceScarf|Adaptability|WaveCrash,LastRespects,PsychicFangs,PhantomForce|||M|||50|,,,,,Water]Salamence||LifeOrb|Intimidate|DragonClaw,Tailwind,DualWingbeat,Protect|||F|||50|,,,,,Steel]Arcanine-Hisui||AirBalloon|RockHead|TeraBlast,FlareBlitz,Protect,HeadSmash|||F|||50|,,,,,Fairy]Rotom-Wash||SitrusBerry|Levitate|Discharge,HydroPump,WillOWisp,Protect||||||50|,,,,,Electric]Amoonguss||Leftovers|Regenerator|PollenPuff,RagePowder,ClearSmog,Spore|||F|||50|,,,,,Water]Hitmontop||RockyHelmet|Intimidate|CloseCombat,FakeOut,WideGuard,IceSpinner|||M|||50|,,,,,Flying
|showteam|p2|Empoleon||CovertCloak|Competitive|HydroPump,FlashCannon,IcyWind,Protect|||M|||50|,,,,,Grass]Tyranitar||AssaultVest|SandStream|RockSlide,KnockOff,TeraBlast,LowKick|||F|||50|,,,,,Flying]Excadrill||FocusSash|SandRush|Earthquake,HighHorsepower,IronHead,Protect|||M|||50|,,,,,Ground]Annihilape||ChoiceScarf|Defiant|RageFist,CloseCombat,FinalGambit,Coaching|||M|||50|,,,,,Grass]Gholdengo||LifeOrb|GoodasGold|Protect,NastyPlot,ShadowBall,MakeItRain||||||50|,,,,,Steel]Hydreigon||ChoiceSpecs|Levitate|HeatWave,Snarl,DarkPulse,DracoMeteor|||F|||50|,,,,,Fire
|inactive|Battle timer is ON: inactive players will automatically lose when time's up. (requested by P!nkbearz07)
|inactive|P!nkbearz07 has 60 seconds left.
|
|t:|1757076609
|teamsize|p1|4
|teamsize|p2|4
|start
|switch|p1a: Rotom|Rotom-Wash, L50|100/100
|switch|p1b: Hitmontop|Hitmontop, L50, M|100/100
|switch|p2a: DK|Annihilape, L50, M|100/100
|switch|p2b: Yama no Orichi|Hydreigon, L50, F|100/100
|-ability|p1b: Hitmontop|Intimidate|boost
|-unboost|p2a: DK|atk|1
|-ability|p2a: DK|Defiant|boost
|-boost|p2a: DK|atk|2
|-unboost|p2b: Yama no Orichi|atk|1
|turn|1
|inactive|P!nkbearz07 has 30 seconds left.
|inactive|P!nkbearz07 has 20 seconds left.
|inactive|P!nkbearz07 has 15 seconds left.
|inactive|P!nkbearz07 has 10 seconds left.
|
|t:|1757076659
|switch|p2a: Atlantis|Empoleon, L50, M, shiny|100/100
|move|p1b: Hitmontop|Fake Out|p2b: Yama no Orichi
|-damage|p2b: Yama no Orichi|84/100
|cant|p2b: Yama no Orichi|flinch
|move|p1a: Rotom|Will-O-Wisp|p2a: Atlantis
|-status|p2a: Atlantis|brn
|
|-damage|p2a: Atlantis|94/100 brn|[from] brn
|upkeep
|turn|2
|inactive|Tango2089 has 30 seconds left.
|
|t:|1757076684
|-terastallize|p1a: Rotom|Electric
|move|p2a: Atlantis|Protect|p2a: Atlantis
|-singleturn|p2a: Atlantis|Protect
|move|p2b: Yama no Orichi|Draco Meteor|p1b: Hitmontop
|-damage|p1b: Hitmontop|0 fnt
|-unboost|p2b: Yama no Orichi|spa|2
|faint|p1b: Hitmontop
|move|p1a: Rotom|Discharge|p2b: Yama no Orichi|[spread] p2b
|-activate|p2a: Atlantis|move: Protect
|-resisted|p2b: Yama no Orichi
|-damage|p2b: Yama no Orichi|68/100
|
|-damage|p2a: Atlantis|88/100 brn|[from] brn
|upkeep
|
|t:|1757076697
|switch|p1b: Arcanine|Arcanine-Hisui, L50, F|100/100
|-item|p1b: Arcanine|Air Balloon
|turn|3
|
|t:|1757076720
|switch|p2b: Oil Rig|Excadrill, L50, M|100/100
|move|p1b: Arcanine|Protect|p1b: Arcanine
|-singleturn|p1b: Arcanine|Protect
|move|p1a: Rotom|Discharge|p2a: Atlantis|[spread] p2a
|-activate|p1b: Arcanine|move: Protect
|-immune|p2b: Oil Rig
|-supereffective|p2a: Atlantis
|-damage|p2a: Atlantis|40/100 brn
|move|p2a: Atlantis|Icy Wind|p1b: Arcanine|[spread] p1a
|-activate|p1b: Arcanine|move: Protect
|-damage|p1a: Rotom|92/100
|-unboost|p1a: Rotom|spe|1
|
|-damage|p2a: Atlantis|34/100 brn|[from] brn
|upkeep
|turn|4
|inactive|Tango2089 has 30 seconds left.
|inactive|P!nkbearz07 has 30 seconds left.
|
|t:|1757076759
|move|p2b: Oil Rig|Protect|p2b: Oil Rig
|-singleturn|p2b: Oil Rig|Protect
|move|p1b: Arcanine|Head Smash|p2a: Atlantis
|-resisted|p2a: Atlantis
|-damage|p2a: Atlantis|0 fnt
|faint|p2a: Atlantis
|move|p1a: Rotom|Hydro Pump|p2b: Oil Rig
|-activate|p2b: Oil Rig|move: Protect
|
|upkeep
|
|t:|1757076771
|switch|p2a: Yama no Orichi|Hydreigon, L50, F|68/100
|turn|5
|
|t:|1757076791
|move|p2b: Oil Rig|Iron Head|p1a: Rotom
|-resisted|p1a: Rotom
|-damage|p1a: Rotom|69/100
|move|p2a: Yama no Orichi|Snarl|p1a: Rotom|[spread] p1a,p1b
|-damage|p1a: Rotom|40/100
|-damage|p1b: Arcanine|63/100
|-unboost|p1a: Rotom|spa|1
|-unboost|p1b: Arcanine|spa|1
|-enditem|p1b: Arcanine|Air Balloon
|-enditem|p1a: Rotom|Sitrus Berry|[eat]
|-heal|p1a: Rotom|65/100|[from] item: Sitrus Berry
|move|p1b: Arcanine|Head Smash|p2a: Yama no Orichi|[miss]
|-miss|p1b: Arcanine|p2a: Yama no Orichi
|cant|p1a: Rotom|flinch
|
|upkeep
|turn|6
|
|t:|1757076813
|move|p2b: Oil Rig|High Horsepower|p1b: Arcanine
|-supereffective|p1b: Arcanine
|-damage|p1b: Arcanine|0 fnt
|faint|p1b: Arcanine
|move|p2a: Yama no Orichi|Snarl|p1a: Rotom
|-damage|p1a: Rotom|30/100
|-unboost|p1a: Rotom|spa|1
|move|p1a: Rotom|Hydro Pump|p2b: Oil Rig
|-supereffective|p2b: Oil Rig
|-damage|p2b: Oil Rig|45/100
|
|upkeep
|
|t:|1757076824
|switch|p1b: Basculegion|Basculegion, L50, M|100/100
|turn|7
|
|t:|1757076840
|move|p1a: Rotom|Protect|p1a: Rotom
|-singleturn|p1a: Rotom|Protect
|move|p1b: Basculegion|Last Respects|p2b: Oil Rig
|-damage|p2b: Oil Rig|0 fnt
|faint|p2b: Oil Rig
|move|p2a: Yama no Orichi|Snarl|p1b: Basculegion|[spread] p1b
|-activate|p1a: Rotom|move: Protect
|-supereffective|p1b: Basculegion
|-damage|p1b: Basculegion|17/100
|-unboost|p1b: Basculegion|spa|1
|
|upkeep
|
|t:|1757076849
|switch|p2b: DK|Annihilape, L50, M|100/100
|turn|8
|
|t:|1757076862
|move|p2b: DK|Rage Fist|p1b: Basculegion
|-supereffective|p1b: Basculegion
|-damage|p1b: Basculegion|0 fnt
|faint|p1b: Basculegion
|move|p2a: Yama no Orichi|Snarl|p1a: Rotom
|-damage|p1a: Rotom|0 fnt
|faint|p1a: Rotom
|
|win|P!nkbearz07
|raw|Tango2089's rating: 1032 → 1019(-13 for losing)
|raw|P!nkbearz07's rating: 1084 → 1107(+23 for winning)
