|j|☆jacopozioporco
|j|☆Jun RH
|html|jacopozioporcoJun RH    
|uhtml|bestof|Game 3 of a best-of-3
|t:|1756929965
|gametype|doubles
|player|p1|jacopozioporco|102|1039
|player|p2|Jun RH|burglar|1065
|gen|9
|tier|[Gen 9] VGC 2025 Reg H (Bo3)
|rated|
|rule|Species Clause: Limit one of each Pokémon
|rule|Item Clause: Limit 1 of each item
|clearpoke
|poke|p1|Porygon2, L50|
|poke|p1|Amoonguss, L50, M|
|poke|p1|Incineroar, L50, M|
|poke|p1|Ursaluna, L50, F|
|poke|p1|Gholdengo, L50|
|poke|p1|Tyranitar, L50, F|
|poke|p2|Gholdengo, L50|
|poke|p2|Incineroar, L50, M|
|poke|p2|Amoonguss, L50, M|
|poke|p2|Dragonite, L50, F|
|poke|p2|Garchomp, L50, F|
|poke|p2|Primarina, L50, F|
|teampreview|4
|showteam|p1|Porygon2||Eviolite|Download|TrickRoom,IceBeam,Recover,TeraBlast||||||50|,,,,,Fighting]Amoonguss||MentalHerb|Regenerator|Spore,RagePowder,PollenPuff,Protect|||M|||50|,,,,,Water]Incineroar||SafetyGoggles|Intimidate|FakeOut,KnockOff,FlareBlitz,PartingShot|||M|||50|,,,,,Bug]Ursaluna||FlameOrb|Guts|Facade,HeadlongRush,CloseCombat,Protect|||F|||50|,,,,,Grass]Gholdengo||LifeOrb|GoodasGold|MakeItRain,ShadowBall,NastyPlot,Protect||||||50|,,,,,Water]Tyranitar||AssaultVest|SandStream|TeraBlast,RockSlide,DragonClaw,KnockOff|||F|||50|,,,,,Flying
|showteam|p2|Gholdengo||LifeOrb|GoodasGold|MakeItRain,ShadowBall,NastyPlot,Protect||||||50|,,,,,Water]Incineroar||SafetyGoggles|Intimidate|KnockOff,FlareBlitz,FakeOut,PartingShot|||M|||50|,,,,,Ghost]Amoonguss||CovertCloak|Regenerator|RagePowder,PollenPuff,Protect,Spore|||M|||50|,,,,,Dark]Dragonite||LoadedDice|Multiscale|ScaleShot,Tailwind,Protect,Haze|||F|||50|,,,,,Fairy]Garchomp||ClearAmulet|RoughSkin|DragonClaw,Earthquake,StompingTantrum,Protect|||F|||50|,,,,,Fire]Primarina||AssaultVest|LiquidVoice|HyperVoice,Moonblast,IcyWind,DazzlingGleam|||F|||50|,,,,,Grass
|inactive|Battle timer is ON: inactive players will automatically lose when time's up. (requested by Jun RH)
|
|t:|1756930019
|teamsize|p1|4
|teamsize|p2|4
|start
|switch|p1a: Porygon2|Porygon2, L50|100/100
|switch|p1b: Tyranitar|Tyranitar, L50, F|100/100
|switch|p2a: Incineroar|Incineroar, L50, M|100/100
|switch|p2b: Amoonguss|Amoonguss, L50, M|100/100
|-ability|p2a: Incineroar|Intimidate|boost
|-unboost|p1a: Porygon2|atk|1
|-unboost|p1b: Tyranitar|atk|1
|-ability|p1a: Porygon2|Download|boost
|-boost|p1a: Porygon2|atk|1
|-weather|Sandstorm|[from] ability: Sand Stream|[of] p1b: Tyranitar
|turn|1
|inactive|jacopozioporco has 30 seconds left.
|inactive|Jun RH has 30 seconds left.
|inactive|Jun RH has 20 seconds left.
|
|t:|1756930060
|switch|p1b: Ursaluna|Ursaluna, L50, F|100/100
|move|p2a: Incineroar|Parting Shot|p1b: Ursaluna
|-unboost|p1b: Ursaluna|atk|1
|-unboost|p1b: Ursaluna|spa|1
|
|t:|1756930069
|switch|p2a: Primarina|Primarina, L50, F|100/100|[from] Parting Shot
|move|p2b: Amoonguss|Spore|p1b: Ursaluna
|-status|p1b: Ursaluna|slp|[from] move: Spore
|move|p1a: Porygon2|Trick Room|p1a: Porygon2
|-fieldstart|move: Trick Room|[of] p1a: Porygon2
|
|-weather|Sandstorm|[upkeep]
|-damage|p2b: Amoonguss|95/100|[from] Sandstorm
|-damage|p2a: Primarina|95/100|[from] Sandstorm
|-damage|p1a: Porygon2|95/100|[from] Sandstorm
|upkeep
|turn|2
|inactive|jacopozioporco has 30 seconds left.
|inactive|Jun RH has 30 seconds left.
|
|t:|1756930104
|-terastallize|p1b: Ursaluna|Grass
|cant|p1b: Ursaluna|slp
|move|p2b: Amoonguss|Pollen Puff|p1b: Ursaluna
|-supereffective|p1b: Ursaluna
|-damage|p1b: Ursaluna|71/100 slp
|move|p2a: Primarina|Hyper Voice|p1a: Porygon2|[spread] p1a,p1b
|-resisted|p1b: Ursaluna
|-damage|p1a: Porygon2|71/100
|-damage|p1b: Ursaluna|56/100 slp
|move|p1a: Porygon2|Ice Beam|p2b: Amoonguss
|-supereffective|p2b: Amoonguss
|-damage|p2b: Amoonguss|54/100
|
|-weather|Sandstorm|[upkeep]
|-damage|p1b: Ursaluna|50/100 slp|[from] Sandstorm
|-damage|p2b: Amoonguss|48/100|[from] Sandstorm
|-damage|p2a: Primarina|89/100|[from] Sandstorm
|-damage|p1a: Porygon2|65/100|[from] Sandstorm
|upkeep
|turn|3
|inactive|jacopozioporco has 30 seconds left.
|
|t:|1756930133
|switch|p2b: Incineroar|Incineroar, L50, M|100/100
|-ability|p2b: Incineroar|Intimidate|boost
|-unboost|p1a: Porygon2|atk|1
|-unboost|p1b: Ursaluna|atk|1
|-curestatus|p1b: Ursaluna|slp|[msg]
|move|p1b: Ursaluna|Facade|p2a: Primarina
|-damage|p2a: Primarina|63/100
|move|p2a: Primarina|Dazzling Gleam|p1a: Porygon2|[spread] p1a,p1b
|-damage|p1a: Porygon2|46/100
|-damage|p1b: Ursaluna|24/100
|move|p1a: Porygon2|Ice Beam|p2b: Incineroar
|-resisted|p2b: Incineroar
|-damage|p2b: Incineroar|89/100
|
|-weather|Sandstorm|[upkeep]
|-damage|p1b: Ursaluna|18/100|[from] Sandstorm
|-damage|p2a: Primarina|57/100|[from] Sandstorm
|-damage|p1a: Porygon2|40/100|[from] Sandstorm
|-status|p1b: Ursaluna|brn|[from] item: Flame Orb
|upkeep
|turn|4
|
|t:|1756930157
|switch|p1b: Incineroar|Incineroar, L50, M|100/100
|-ability|p1b: Incineroar|Intimidate|boost
|-unboost|p2a: Primarina|atk|1
|-unboost|p2b: Incineroar|atk|1
|move|p2b: Incineroar|Fake Out|p1b: Incineroar
|-damage|p1b: Incineroar|94/100
|move|p2a: Primarina|Hyper Voice|p1b: Incineroar|[spread] p1a,p1b
|-supereffective|p1b: Incineroar
|-crit|p1b: Incineroar
|-damage|p1a: Porygon2|18/100
|-damage|p1b: Incineroar|0 fnt
|faint|p1b: Incineroar
|move|p1a: Porygon2|Recover|p1a: Porygon2
|-heal|p1a: Porygon2|68/100
|
|-weather|Sandstorm|[upkeep]
|-damage|p2a: Primarina|51/100|[from] Sandstorm
|-damage|p1a: Porygon2|62/100|[from] Sandstorm
|upkeep
|
|t:|1756930174
|switch|p1b: Ursaluna|Ursaluna, L50, F, tera:Grass|18/100 brn
|turn|5
|
|t:|1756930198
|switch|p2a: Dragonite|Dragonite, L50, F|100/100
|switch|p1a: Tyranitar|Tyranitar, L50, F|100/100
|-terastallize|p2b: Incineroar|Ghost
|move|p1b: Ursaluna|Facade|p2a: Dragonite
|-damage|p2a: Dragonite|36/100
|move|p2b: Incineroar|Knock Off|p1a: Tyranitar
|-resisted|p1a: Tyranitar
|-damage|p1a: Tyranitar|91/100
|-enditem|p1a: Tyranitar|Assault Vest|[from] move: Knock Off|[of] p2b: Incineroar
|
|-weather|none
|-damage|p1b: Ursaluna|13/100 brn|[from] brn
|-fieldend|move: Trick Room
|upkeep
|turn|6
|inactive|Jun RH has 30 seconds left.
|inactive|Jun RH has 20 seconds left.
|
|t:|1756930238
|switch|p1b: Porygon2|Porygon2, L50|62/100
|-ability|p1b: Porygon2|Download|boost
|-boost|p1b: Porygon2|atk|1
|move|p2a: Dragonite|Scale Shot|p1a: Tyranitar
|-damage|p1a: Tyranitar|79/100
|-damage|p1a: Tyranitar|68/100
|-damage|p1a: Tyranitar|56/100
|-damage|p1a: Tyranitar|45/100
|-hitcount|p1a: Tyranitar|4
|-unboost|p2a: Dragonite|def|1
|-boost|p2a: Dragonite|spe|1
|move|p2b: Incineroar|Knock Off|p1b: Porygon2
|-damage|p1b: Porygon2|45/100
|-enditem|p1b: Porygon2|Eviolite|[from] move: Knock Off|[of] p2b: Incineroar
|move|p1a: Tyranitar|Rock Slide|p2a: Dragonite|[spread] p2a,p2b
|-supereffective|p2a: Dragonite
|-damage|p2a: Dragonite|0 fnt
|-damage|p2b: Incineroar|57/100
|faint|p2a: Dragonite
|
|upkeep
|
|t:|1756930261
|switch|p2a: Primarina|Primarina, L50, F|51/100
|turn|7
|
|t:|1756930280
|switch|p1a: Ursaluna|Ursaluna, L50, F, tera:Grass|13/100 brn
|move|p2b: Incineroar|Knock Off|p1a: Ursaluna
|-damage|p1a: Ursaluna|0 fnt
|-enditem|p1a: Ursaluna|Flame Orb|[from] move: Knock Off|[of] p2b: Incineroar
|faint|p1a: Ursaluna
|move|p2a: Primarina|Hyper Voice|p1b: Porygon2
|-damage|p1b: Porygon2|0 fnt
|faint|p1b: Porygon2
|
|upkeep
|
|t:|1756930295
|switch|p1b: Tyranitar|Tyranitar, L50, F|45/100
|-weather|Sandstorm|[from] ability: Sand Stream|[of] p1b: Tyranitar
|turn|8
|
|t:|1756930301
|move|p2b: Incineroar|Knock Off|p1b: Tyranitar
|-resisted|p1b: Tyranitar
|-damage|p1b: Tyranitar|39/100
|move|p2a: Primarina|Moonblast|p1b: Tyranitar
|-supereffective|p1b: Tyranitar
|-damage|p1b: Tyranitar|0 fnt
|faint|p1b: Tyranitar
|
|win|Jun RH
|raw|jacopozioporco's rating: 1039 → 1024(-15 for losing)
|raw|Jun RH's rating: 1065 → 1093(+28 for winning)
