|j|☆eklyst
|j|☆x5414
|html|eklystx5414    
|uhtml|bestof|Game 3 of a best-of-3
|t:|1782452701
|gametype|doubles
|player|p1|eklyst|pokemaniac|1188
|player|p2|x5414|102|1320
|gen|9
|tier|[Gen 9 Champions] VGC 2026 Reg M-B (Bo3)
|rated|
|rule|Species Clause: Limit one of each Pokémon
|rule|Item Clause: Limit 1 of each item
|clearpoke
|poke|p1|Metagross, L50|
|poke|p1|Annihilape, L50, M|
|poke|p1|Garchomp, L50, M|
|poke|p1|Whimsicott, L50, M|
|poke|p1|Arcanine-Hisui, L50, F|
|poke|p1|Kingambit, L50, M|
|poke|p2|Pelipper, L50, M|
|poke|p2|Basculegion, L50, M|
|poke|p2|Incineroar, L50, F|
|poke|p2|Raichu, L50, M|
|poke|p2|Scizor, L50, F|
|poke|p2|Sinistcha, L50|
|teampreview|4
|showteam|p1|Metagross||Metagrossite|ClearBody|BulletPunch,PsychicFangs,IronHead,Protect|Adamant|||||50|]Annihilape||Leftovers|Defiant|RageFist,DrainPunch,BulkUp,Protect|Adamant||M|||50|]Garchomp||LifeOrb|RoughSkin|RockSlide,StompingTantrum,DragonClaw,Protect|Jolly||M|||50|]Whimsicott||FocusSash|Prankster|Moonblast,Tailwind,Encore,BeatUp|Timid||M|||50|]Arcanine-Hisui||ChoiceScarf|RockHead|HeadSmash,FlareBlitz,RockSlide,ExtremeSpeed|Adamant||F|||50|]Kingambit||BlackGlasses|Defiant|KowtowCleave,SuckerPunch,SwordsDance,Protect|Brave||M|||50|
|showteam|p2|Pelipper||FocusSash|Drizzle|Hurricane,Tailwind,WeatherBall,Protect|Timid||M|||50|]Basculegion||ChoiceScarf|Adaptability|FlipTurn,LastRespects,WaveCrash,AquaJet|Jolly||M|||50|]Incineroar||SitrusBerry|Intimidate|FlareBlitz,PartingShot,FakeOut,DarkestLariat|Relaxed||F|||50|]Raichu||RaichuniteY|LightningRod|Encore,FocusBlast,ZapCannon,Protect|Timid||M|||50|]Scizor||Leftovers|Technician|Curse,Protect,BugBite,BulletPunch|Adamant||F|||50|]Sinistcha||OccaBerry|Hospitality|MatchaGotcha,RagePowder,TrickRoom,LifeDew|Sassy|||||50|
|inactive|Battle timer is ON: inactive players will automatically lose when time's up. (requested by eklyst)
|
|t:|1782452726
|teamsize|p1|4
|teamsize|p2|4
|start
|switch|p1a: Whimsicott|Whimsicott, L50, M|100/100
|switch|p1b: Kingambit|Kingambit, L50, M|100/100
|switch|p2a: Scizor|Scizor, L50, F|100/100
|switch|p2b: Raichu|Raichu, L50, M|100/100
|turn|1
|
|t:|1782452745
|switch|p1b: Annihilape|Annihilape, L50, M|100/100
|detailschange|p2b: Raichu|Raichu-Mega-Y, L50, M
|-mega|p2b: Raichu|Raichu|Raichunite Y
|move|p1a: Whimsicott|Tailwind|p1a: Whimsicott
|-sidestart|p1: eklyst|move: Tailwind
|move|p2b: Raichu|Zap Cannon|p1a: Whimsicott
|-resisted|p1a: Whimsicott|1
|-damage|p1a: Whimsicott|41/100
|-status|p1a: Whimsicott|par
|move|p2a: Scizor|Curse|p2a: Scizor
|-unboost|p2a: Scizor|spe|1
|-boost|p2a: Scizor|atk|1
|-boost|p2a: Scizor|def|1
|
|upkeep
|turn|2
|
|t:|1782452762
|move|p1a: Whimsicott|Encore|p2a: Scizor
|-start|p2a: Scizor|Encore
|move|p1b: Annihilape|Drain Punch|p2b: Raichu
|-damage|p2b: Raichu|21/100
|move|p2b: Raichu|Zap Cannon|p1b: Annihilape
|-damage|p1b: Annihilape|28/100
|-status|p1b: Annihilape|par
|move|p2a: Scizor|Curse|p2a: Scizor
|-unboost|p2a: Scizor|spe|1
|-boost|p2a: Scizor|atk|1
|-boost|p2a: Scizor|def|1
|
|-heal|p1b: Annihilape|34/100 par|[from] item: Leftovers
|upkeep
|turn|3
|
|t:|1782452778
|move|p2b: Raichu|Zap Cannon|p1a: Whimsicott
|-resisted|p1a: Whimsicott|1
|-damage|p1a: Whimsicott|0 fnt
|faint|p1a: Whimsicott
|move|p1b: Annihilape|Drain Punch|p2a: Scizor
|-damage|p2a: Scizor|79/100
|-heal|p1b: Annihilape|42/100 par|[from] drain|[of] p2a: Scizor
|move|p2a: Scizor|Curse|p2a: Scizor
|-unboost|p2a: Scizor|spe|1
|-boost|p2a: Scizor|atk|1
|-boost|p2a: Scizor|def|1
|
|-heal|p1b: Annihilape|48/100 par|[from] item: Leftovers
|-heal|p2a: Scizor|85/100|[from] item: Leftovers
|upkeep
|
|t:|1782452787
|switch|p1a: Garchomp|Garchomp, L50, M|100/100
|turn|4
|
|t:|1782452797
|switch|p2b: Pelipper|Pelipper, L50, M|100/100
|-weather|RainDance|[from] ability: Drizzle|[of] p2b: Pelipper
|move|p1a: Garchomp|Rock Slide|p2a: Scizor|[spread] p2a,p2b
|-supereffective|p2b: Pelipper|1
|-damage|p2a: Scizor|76/100
|-damage|p2b: Pelipper|49/100
|-damage|p1a: Garchomp|90/100|[from] item: Life Orb
|move|p1b: Annihilape|Rage Fist|p2a: Scizor
|-damage|p2a: Scizor|55/100
|move|p2a: Scizor|Curse|p2a: Scizor
|-unboost|p2a: Scizor|spe|1
|-boost|p2a: Scizor|atk|1
|-boost|p2a: Scizor|def|1
|
|-weather|RainDance|[upkeep]
|-heal|p1b: Annihilape|54/100 par|[from] item: Leftovers
|-heal|p2a: Scizor|61/100|[from] item: Leftovers
|-end|p2a: Scizor|Encore
|-sideend|p1: eklyst|move: Tailwind
|upkeep
|turn|5
|
|t:|1782452820
|move|p2a: Scizor|Bullet Punch|p1a: Garchomp
|-damage|p1a: Garchomp|0 fnt
|-damage|p2a: Scizor|49/100|[from] ability: Rough Skin|[of] p1a: Garchomp
|faint|p1a: Garchomp
|move|p2b: Pelipper|Hurricane|p1b: Annihilape
|-supereffective|p1b: Annihilape|1
|-damage|p1b: Annihilape|0 fnt
|faint|p1b: Annihilape
|
|-weather|RainDance|[upkeep]
|-heal|p2a: Scizor|55/100|[from] item: Leftovers
|upkeep
|
|t:|1782452832
|switch|p1a: Kingambit|Kingambit, L50, M|100/100
|turn|6
|
|t:|1782452837
|move|p1a: Kingambit|Sucker Punch|p2a: Scizor
|-damage|p2a: Scizor|36/100
|move|p2b: Pelipper|Tailwind|p2b: Pelipper
|-sidestart|p2: x5414|move: Tailwind
|move|p2a: Scizor|Bug Bite|p1a: Kingambit
|-damage|p1a: Kingambit|0 fnt
|faint|p1a: Kingambit
|
|win|x5414
|raw|eklyst's rating: 1188 → 1172(-16 for losing)
|raw|x5414's rating: 1320 → 1333(+13 for winning)
|l|☆x5414
|player|p2|
