|j|☆protectthyking34
|j|☆Cucaro macaro
|html|protectthyking34Cucaro macaro    
|uhtml|bestof|Game 3 of a best-of-3
|t:|1785460916
|gametype|doubles
|player|p1|protectthyking34|rocketgrunt|1186
|player|p2|Cucaro macaro|giovanni|1129
|gen|9
|tier|[Gen 9 Champions] VGC 2026 Reg M-B (Bo3)
|rated|
|rule|Species Clause: Limit one of each Pokémon
|rule|Item Clause: Limit 1 of each item
|clearpoke
|poke|p1|Delphox, L50, M|
|poke|p1|Incineroar, L50, M|
|poke|p1|Sneasler, L50, M|
|poke|p1|Sinistcha, L50|
|poke|p1|Kingambit, L50, M|
|poke|p1|Blastoise, L50, F|
|poke|p2|Alakazam, L50, M|
|poke|p2|Corviknight, L50, M|
|poke|p2|Meowscarada, L50, F|
|poke|p2|Sneasler, L50, F, shiny|
|poke|p2|Arcanine-Hisui, L50, M|
|poke|p2|Primarina, L50, M, shiny|
|teampreview|4
|showteam|p1|Delphox||Delphoxite|Blaze|NastyPlot,Protect,Psyshock,HeatWave|Timid||M|||50|]Incineroar||SitrusBerry|Intimidate|FakeOut,PartingShot,FlareBlitz,DarkestLariat|Impish||M|||50|]Sneasler||FocusSash|PoisonTouch|GunkShot,FakeOut,CloseCombat,QuickGuard|Jolly||M|||50|]Sinistcha||OccaBerry|Hospitality|MatchaGotcha,RagePowder,TrickRoom,Protect|Calm|||||50|]Kingambit||BlackGlasses|Defiant|SuckerPunch,KowtowCleave,LowKick,Protect|Adamant||M|||50|]Blastoise||Blastoisinite|RainDish|ShellSmash,WaterSpout,DarkPulse,Protect|Timid||F|||50|
|showteam|p2|Alakazam||Alakazite|InnerFocus|Psychic,Encore,DazzlingGleam,Protect|Timid||M|||50|]Corviknight||Leftovers|Pressure|Tailwind,Protect,BraveBird,BodyPress|Impish||M|||50|]Meowscarada||FocusSash|Overgrow|Protect,FlowerTrick,KnockOff,SuckerPunch|Jolly||F|||50|]Sneasler||WhiteHerb|Unburden|Protect,FakeOut,DireClaw,CloseCombat|Adamant||F|||50|]Arcanine-Hisui||ChopleBerry|Intimidate|ExtremeSpeed,FlareBlitz,RockSlide,Protect|Jolly||M|||50|]Primarina||BrightPowder|LiquidVoice|HyperVoice,Moonblast,Protect,Amnesia|Calm||M|||50|
|
|t:|1785460932
|teamsize|p1|4
|teamsize|p2|4
|start
|switch|p1a: Blastoise|Blastoise, L50, F|100/100
|switch|p1b: Incineroar|Incineroar, L50, M|100/100
|switch|p2a: Alakazam|Alakazam, L50, M|100/100
|switch|p2b: Arcanine|Arcanine-Hisui, L50, M|100/100
|-ability|p2b: Arcanine|Intimidate|boost
|-unboost|p1a: Blastoise|atk|1
|-unboost|p1b: Incineroar|atk|1
|-ability|p1b: Incineroar|Intimidate|boost
|-fail|p2a: Alakazam|unboost|Attack|[from] ability: Inner Focus|[of] p2a: Alakazam
|-unboost|p2b: Arcanine|atk|1
|turn|1
|inactive|Battle timer is ON: inactive players will automatically lose when time's up. (requested by protectthyking34)
|
|t:|1785460961
|switch|p2b: Primarina|Primarina, L50, M, shiny|100/100
|switch|p1b: Sneasler|Sneasler, L50, M|100/100
|detailschange|p2a: Alakazam|Alakazam-Mega, L50, M
|-mega|p2a: Alakazam|Alakazam|Alakazite
|-ability|p2a: Alakazam|Poison Touch|Trace|[from] ability: Trace|[of] p1b: Sneasler
|detailschange|p1a: Blastoise|Blastoise-Mega, L50, F
|-mega|p1a: Blastoise|Blastoise|Blastoisinite
|move|p2a: Alakazam|Protect|p2a: Alakazam
|-singleturn|p2a: Alakazam|Protect
|move|p1a: Blastoise|Water Spout|p2b: Primarina|[spread] p2b
|-activate|p2a: Alakazam|move: Protect
|-resisted|p2b: Primarina|1
|-damage|p2b: Primarina|80/100
|
|upkeep
|turn|2
|
|t:|1785460983
|move|p2a: Alakazam|Psychic|p1b: Sneasler
|-supereffective|p1b: Sneasler|2
|-enditem|p1b: Sneasler|Focus Sash
|-damage|p1b: Sneasler|1/100
|-unboost|p1b: Sneasler|spd|1
|move|p1b: Sneasler|Gunk Shot|p2b: Primarina|[miss]
|-miss|p1b: Sneasler|p2b: Primarina
|move|p1a: Blastoise|Dark Pulse|p2a: Alakazam
|-supereffective|p2a: Alakazam|1
|-damage|p2a: Alakazam|6/100
|move|p2b: Primarina|Hyper Voice|p1b: Sneasler|[spread] p1a,p1b
|-resisted|p1a: Blastoise|1
|-damage|p1a: Blastoise|86/100
|-damage|p1b: Sneasler|0 fnt
|faint|p1b: Sneasler
|
|upkeep
|
|t:|1785460995
|switch|p1b: Kingambit|Kingambit, L50, M|100/100
|turn|3
|
|t:|1785461012
|move|p2a: Alakazam|Encore|p1a: Blastoise
|-start|p1a: Blastoise|Encore
|move|p1a: Blastoise|Dark Pulse|p2a: Alakazam
|-supereffective|p2a: Alakazam|1
|-damage|p2a: Alakazam|0 fnt
|faint|p2a: Alakazam
|move|p2b: Primarina|Moonblast|p1b: Kingambit
|-damage|p1b: Kingambit|58/100
|move|p1b: Kingambit|Kowtow Cleave|p2b: Primarina
|-resisted|p2b: Primarina|1
|-damage|p2b: Primarina|41/100
|
|upkeep
|
|t:|1785461026
|switch|p2a: Meowscarada|Meowscarada, L50, F|100/100
|turn|4
|
|t:|1785461041
|switch|p1a: Incineroar|Incineroar, L50, M|100/100
|-ability|p1a: Incineroar|Intimidate|boost
|-unboost|p2a: Meowscarada|atk|1
|-unboost|p2b: Primarina|atk|1
|move|p2a: Meowscarada|Flower Trick|p1b: Kingambit
|-resisted|p1b: Kingambit|1
|-crit|p1b: Kingambit
|-damage|p1b: Kingambit|40/100
|move|p2b: Primarina|Moonblast|p1b: Kingambit
|-damage|p1b: Kingambit|1/100
|move|p1b: Kingambit|Low Kick|p2a: Meowscarada
|-supereffective|p2a: Meowscarada|1
|-damage|p2a: Meowscarada|20/100y
|
|upkeep
|turn|5
|
|t:|1785461058
|move|p1a: Incineroar|Fake Out|p2b: Primarina
|-damage|p2b: Primarina|27/100
|move|p2a: Meowscarada|Sucker Punch|p1b: Kingambit
|-resisted|p1b: Kingambit|1
|-damage|p1b: Kingambit|0 fnt
|faint|p1b: Kingambit
|cant|p2b: Primarina|flinch
|
|upkeep
|
|t:|1785461063
|switch|p1b: Blastoise|Blastoise-Mega, L50, F|86/100
|turn|6
|
|t:|1785461077
|move|p2a: Meowscarada|Protect|p2a: Meowscarada
|-singleturn|p2a: Meowscarada|Protect
|move|p1b: Blastoise|Protect|p1b: Blastoise
|-singleturn|p1b: Blastoise|Protect
|move|p2b: Primarina|Hyper Voice|p1b: Blastoise|[spread] p1a
|-activate|p1b: Blastoise|move: Protect
|-supereffective|p1a: Incineroar|1
|-damage|p1a: Incineroar|51/100
|move|p1a: Incineroar|Darkest Lariat|p2a: Meowscarada
|-activate|p2a: Meowscarada|move: Protect
|
|upkeep
|turn|7
|
|t:|1785461092
|move|p2a: Meowscarada|Flower Trick|p1b: Blastoise
|-supereffective|p1b: Blastoise|1
|-crit|p1b: Blastoise
|-damage|p1b: Blastoise|0 fnt
|faint|p1b: Blastoise
|move|p1a: Incineroar|Darkest Lariat|p2a: Meowscarada
|-resisted|p2a: Meowscarada|1
|-damage|p2a: Meowscarada|0 fnt
|faint|p2a: Meowscarada
|move|p2b: Primarina|Hyper Voice|p1a: Incineroar
|-supereffective|p1a: Incineroar|1
|-damage|p1a: Incineroar|0 fnt
|faint|p1a: Incineroar
|
|win|Cucaro macaro
|raw|protectthyking34's rating: 1186 → 1157(-29 for losing)
|raw|Cucaro macaro's rating: 1129 → 1158(+29 for winning)
