|j|☆sakuyafiregoddess
|j|☆lil fungo
|html|sakuyafiregoddesslil fungo    
|uhtml|bestof|Game 2 of a best-of-3
|t:|1784665728
|gametype|doubles
|player|p1|sakuyafiregoddess|juliana-festival|1000
|player|p2|lil fungo|2|1040
|gen|9
|tier|[Gen 9 Champions] VGC 2026 Reg M-B (Bo3)
|rated|
|rule|Species Clause: Limit one of each Pokémon
|rule|Item Clause: Limit 1 of each item
|clearpoke
|poke|p1|Staraptor, L50, F|
|poke|p1|Incineroar, L50, F|
|poke|p1|Sinistcha, L50|
|poke|p1|Gholdengo, L50|
|poke|p1|Arcanine-Hisui, L50, F|
|poke|p1|Ninetales-Alola, L50, M, shiny|
|poke|p2|Rotom-Wash, L50|
|poke|p2|Incineroar, L50, F|
|poke|p2|Clefable, L50, M|
|poke|p2|Dragalge, L50, F|
|poke|p2|Meowscarada, L50, M|
|poke|p2|Basculegion, L50, M|
|teampreview|4
|showteam|p1|Staraptor||Staraptite|Intimidate|BraveBird,CloseCombat,Roost,Protect|Jolly||F|||50|]Incineroar||SitrusBerry|Intimidate|FakeOut,FlareBlitz,DarkestLariat,PartingShot|Careful||F|||50|]Sinistcha||ColburBerry|Hospitality|MatchaGotcha,RagePowder,TrickRoom,StrengthSap|Bold|||||50|]Gholdengo||LifeOrb|GoodasGold|ShadowBall,MakeItRain,NastyPlot,Protect|Modest|||||50|]Arcanine-Hisui||FocusSash|RockHead|HeadSmash,FlareBlitz,ExtremeSpeed,Protect|Jolly||F|||50|]Ninetales-Alola||NeverMeltIce|SnowWarning|Blizzard,FreezeDry,AuroraVeil,Protect|Timid||M|||50|
|showteam|p2|Rotom-Wash||Leftovers|Levitate|Protect,HydroPump,WillOWisp,VoltSwitch|Calm|||||50|]Incineroar||ShellBell|Intimidate|FlareBlitz,DarkestLariat,FakeOut,PartingShot|Adamant||F|||50|]Clefable||SitrusBerry|CuteCharm|FollowMe,Protect,Encore,Moonblast|Sassy||M|||50|]Dragalge||Dragalgite|Adaptability|DragonPulse,Protect,SludgeBomb,Toxic|Modest||F|||50|]Meowscarada||ExpertBelt|Overgrow|FlowerTrick,KnockOff,Protect,Uturn|Adamant||M|||50|]Basculegion||LifeOrb|Adaptability|LastRespects,WaveCrash,Protect,Waterfall|Adamant||M|||50|
|j| brittneysheercold
|
|t:|1784665772
|teamsize|p1|4
|teamsize|p2|4
|start
|switch|p1a: The Cure|Ninetales-Alola, L50, M, shiny|100/100
|switch|p1b: Arcanine|Arcanine-Hisui, L50, F|100/100
|switch|p2a: Clefable|Clefable, L50, M|100/100
|switch|p2b: Incineroar|Incineroar, L50, F|100/100
|-weather|Snowscape|[from] ability: Snow Warning|[of] p1a: The Cure
|-ability|p2b: Incineroar|Intimidate|boost
|-unboost|p1a: The Cure|atk|1
|-unboost|p1b: Arcanine|atk|1
|turn|1
|
|t:|1784665807
|switch|p1b: Staraptor|Staraptor, L50, F|100/100
|-ability|p1b: Staraptor|Intimidate|boost
|-unboost|p2a: Clefable|atk|1
|-unboost|p2b: Incineroar|atk|1
|move|p2b: Incineroar|Fake Out|p1b: Staraptor
|-damage|p1b: Staraptor|88/100
|move|p1a: The Cure|Aurora Veil|p1a: The Cure
|-sidestart|p1: sakuyafiregoddess|move: Aurora Veil
|move|p2a: Clefable|Encore|p1a: The Cure
|-start|p1a: The Cure|Encore
|
|-weather|Snowscape|[upkeep]
|upkeep
|turn|2
|
|t:|1784665847
|switch|p1a: Sinistcha|Sinistcha, L50|100/100
|-heal|p1b: Staraptor|100/100|[from] ability: Hospitality|[of] p1a: Sinistcha
|detailschange|p1b: Staraptor|Staraptor-Mega, L50, F
|-mega|p1b: Staraptor|Staraptor|Staraptite
|move|p2a: Clefable|Follow Me|p2a: Clefable
|-singleturn|p2a: Clefable|move: Follow Me
|move|p1b: Staraptor|Close Combat|p2a: Clefable
|-resisted|p2a: Clefable|1
|-crit|p2a: Clefable
|-damage|p2a: Clefable|57/100
|-boost|p1b: Staraptor|def|1
|-boost|p1b: Staraptor|spd|1
|move|p2b: Incineroar|Darkest Lariat|p1b: Staraptor
|-resisted|p1b: Staraptor|1
|-damage|p1b: Staraptor|90/100
|
|-weather|Snowscape|[upkeep]
|upkeep
|turn|3
|
|t:|1784665882
|move|p2a: Clefable|Follow Me|p2a: Clefable
|-singleturn|p2a: Clefable|move: Follow Me
|move|p1b: Staraptor|Close Combat|p2a: Clefable
|-resisted|p2a: Clefable|1
|-damage|p2a: Clefable|28/100
|-boost|p1b: Staraptor|def|1
|-boost|p1b: Staraptor|spd|1
|-enditem|p2a: Clefable|Sitrus Berry|[eat]
|-heal|p2a: Clefable|52/100|[from] item: Sitrus Berry
|move|p1a: Sinistcha|Matcha Gotcha|p2a: Clefable|[spread] p2a
|-miss|p1a: Sinistcha|p2b: Incineroar
|-damage|p2a: Clefable|31/100
|-status|p2a: Clefable|brn
|move|p2b: Incineroar|Darkest Lariat|p1a: Sinistcha
|-supereffective|p1a: Sinistcha|1
|-enditem|p1a: Sinistcha|Colbur Berry|[eat]
|-enditem|p1a: Sinistcha|Colbur Berry|[weaken]
|-damage|p1a: Sinistcha|84/100
|
|-weather|Snowscape|[upkeep]
|-damage|p2a: Clefable|25/100 brn|[from] brn
|upkeep
|turn|4
|
|t:|1784665908
|move|p2a: Clefable|Protect|p2a: Clefable
|-singleturn|p2a: Clefable|Protect
|move|p1b: Staraptor|Close Combat|p2b: Incineroar
|-supereffective|p2b: Incineroar|1
|-damage|p2b: Incineroar|0 fnt
|-boost|p1b: Staraptor|def|1
|-boost|p1b: Staraptor|spd|1
|faint|p2b: Incineroar
|move|p1a: Sinistcha|Matcha Gotcha|p2a: Clefable
|-activate|p2a: Clefable|move: Protect
|
|-weather|Snowscape|[upkeep]
|-damage|p2a: Clefable|20/100r brn|[from] brn
|upkeep
|
|t:|1784665921
|switch|p2b: Dragalge|Dragalge, L50, F|100/100
|turn|5
|
|t:|1784665949
|detailschange|p2b: Dragalge|Dragalge-Mega, L50, F
|-mega|p2b: Dragalge|Dragalge|Dragalgite
|move|p1a: Sinistcha|Rage Powder|p1a: Sinistcha
|-singleturn|p1a: Sinistcha|move: Rage Powder
|move|p2a: Clefable|Follow Me|p2a: Clefable
|-singleturn|p2a: Clefable|move: Follow Me
|move|p1b: Staraptor|Brave Bird|p2a: Clefable
|-damage|p2a: Clefable|0 fnt
|faint|p2a: Clefable
|-damage|p1b: Staraptor|84/100|[from] Recoil
|move|p2b: Dragalge|Sludge Bomb|p1a: Sinistcha
|-damage|p1a: Sinistcha|48/100
|-status|p1a: Sinistcha|psn
|
|-weather|none
|-damage|p1a: Sinistcha|35/100 psn|[from] psn
|-sideend|p1: sakuyafiregoddess|move: Aurora Veil
|upkeep
|
|t:|1784665963
|switch|p2a: Basculegion|Basculegion, L50, M|100/100
|turn|6
|
|t:|1784665994
|move|p1a: Sinistcha|Rage Powder|p1a: Sinistcha
|-singleturn|p1a: Sinistcha|move: Rage Powder
|move|p1b: Staraptor|Brave Bird|p2a: Basculegion
|-damage|p2a: Basculegion|33/100
|-damage|p1b: Staraptor|58/100|[from] Recoil
|move|p2a: Basculegion|Last Respects|p1a: Sinistcha
|-supereffective|p1a: Sinistcha|1
|-damage|p1a: Sinistcha|0 fnt
|faint|p1a: Sinistcha
|-damage|p2a: Basculegion|24/100|[from] item: Life Orb
|move|p2b: Dragalge|Toxic|p1b: Staraptor
|-status|p1b: Staraptor|tox
|
|-damage|p1b: Staraptor|52/100 tox|[from] psn
|upkeep
|
|t:|1784666002
|switch|p1a: The Cure|Ninetales-Alola, L50, M, shiny|100/100
|-weather|Snowscape|[from] ability: Snow Warning|[of] p1a: The Cure
|turn|7
|
|t:|1784666015
|move|p2a: Basculegion|Protect|p2a: Basculegion
|-singleturn|p2a: Basculegion|Protect
|move|p1b: Staraptor|Brave Bird|p2a: Basculegion
|-activate|p2a: Basculegion|move: Protect
|move|p1a: The Cure|Blizzard|p2b: Dragalge|[spread] p2b
|-activate|p2a: Basculegion|move: Protect
|-supereffective|p2b: Dragalge|1
|-damage|p2b: Dragalge|40/100
|-status|p2b: Dragalge|frz
|cant|p2b: Dragalge|frz
|
|-weather|Snowscape|[upkeep]
|-damage|p1b: Staraptor|40/100 tox|[from] psn
|upkeep
|turn|8
|c|☆lil fungo|bro your so lucky
|
|t:|1784666036
|-curestatus|p2b: Dragalge|frz|[msg]
|move|p2b: Dragalge|Protect|p2b: Dragalge
|-singleturn|p2b: Dragalge|Protect
|move|p1b: Staraptor|Brave Bird|p2a: Basculegion
|-damage|p2a: Basculegion|0 fnt
|faint|p2a: Basculegion
|-damage|p1b: Staraptor|30/100 tox|[from] Recoil
|move|p1a: The Cure|Blizzard|p2b: Dragalge
|-activate|p2b: Dragalge|move: Protect
|
|-weather|Snowscape|[upkeep]
|-damage|p1b: Staraptor|11/100 tox|[from] psn
|upkeep
|turn|9
|
|t:|1784666051
|move|p2b: Dragalge|Protect||[still]
|-fail|p2b: Dragalge
|move|p1b: Staraptor|Brave Bird|p2b: Dragalge
|-damage|p2b: Dragalge|0 fnt
|faint|p2b: Dragalge
|-damage|p1b: Staraptor|2/100 tox|[from] Recoil
|
|win|sakuyafiregoddess
|raw|sakuyafiregoddess's rating: 1000 → 1045(+45 for winning)
|raw|lil fungo's rating: 1040 → 1022(-18 for losing)
