|j|☆VentaMujeresMalaga
|j|☆rojo53
|html|VentaMujeresMalagarojo53    
|uhtml|bestof|Game 3 of a best-of-3
|t:|1782312299
|gametype|doubles
|player|p1|VentaMujeresMalaga|cameraman|
|player|p2|rojo53|adaman|
|gen|9
|tier|[Gen 9 Champions] VGC 2026 Reg M-B (Bo3)
|rule|Species Clause: Limit one of each Pokémon
|rule|Item Clause: Limit 1 of each item
|clearpoke
|poke|p1|Annihilape, L50, F|
|poke|p1|Dragonite, L50, F|
|poke|p1|Armarouge, L50, M|
|poke|p1|Torkoal, L50, M|
|poke|p1|Kingambit, L50, M|
|poke|p1|Maushold, L50|
|poke|p2|Meganium, L50, M|
|poke|p2|Kingambit, L50, F|
|poke|p2|Sneasler, L50, M|
|poke|p2|Hydreigon, L50, F|
|poke|p2|Delphox, L50, M|
|poke|p2|Farigiraf, L50, F|
|teampreview|4
|showteam|p1|Annihilape||ChoiceScarf|Defiant|ShadowClaw,CloseCombat,SeedBomb,IcePunch|Adamant||F|||50|]Dragonite||Dragoninite|InnerFocus|DragonDance,DragonClaw,ExtremeSpeed,Protect|Adamant||F|||50|]Armarouge||Leftovers|FlashFire|Psychic,HeatWave,CalmMind,TrickRoom|Modest||M|||50|]Torkoal||Charcoal|Drought|Eruption,HeatWave,EarthPower,Protect|Quiet||M|||50|]Kingambit||LifeOrb|Defiant|IronHead,KowtowCleave,SuckerPunch,Protect|Adamant||M|||50|]Maushold||WideLens|Technician|PopulationBomb,FollowMe,Bite,Protect|Jolly|||||50|
|showteam|p2|Meganium||Meganiumite|Overgrow|WeatherBall,DazzlingGleam,SolarBeam,Protect|Modest||M|||50|]Kingambit||BlackGlasses|Defiant|KowtowCleave,SuckerPunch,IronHead,Protect|Adamant||F|||50|]Sneasler||FocusSash|Unburden|CloseCombat,DireClaw,FakeOut,Protect|Adamant||M|||50|]Hydreigon||DragonFang|Levitate|DracoMeteor,Snarl,Tailwind,Protect|Timid||F|||50|]Delphox||Delphoxite|Blaze|HeatWave,Psychic,DazzlingGleam,Protect|Timid||M|||50|]Farigiraf||SitrusBerry|ArmorTail|TwinBeam,HyperVoice,Protect,TrickRoom|Relaxed||F|||50|
|
|t:|1782312333
|teamsize|p1|4
|teamsize|p2|4
|start
|switch|p1a: Annihilape|Annihilape, L50, F|100/100
|switch|p1b: Kingambit|Kingambit, L50, M|100/100
|switch|p2a: Meganium|Meganium, L50, M|100/100
|switch|p2b: Sneasler|Sneasler, L50, M|100/100
|turn|1
|
|t:|1782312354
|switch|p1a: Torkoal|Torkoal, L50, M|100/100
|-weather|SunnyDay|[from] ability: Drought|[of] p1a: Torkoal
|detailschange|p2a: Meganium|Meganium-Mega, L50, M
|-mega|p2a: Meganium|Meganium|Meganiumite
|move|p1b: Kingambit|Protect|p1b: Kingambit
|-singleturn|p1b: Kingambit|Protect
|move|p2b: Sneasler|Fake Out|p1b: Kingambit
|-activate|p1b: Kingambit|move: Protect
|move|p2a: Meganium|Dazzling Gleam|p1b: Kingambit|[spread] p1a
|-activate|p1b: Kingambit|move: Protect
|-resisted|p1a: Torkoal|1
|-damage|p1a: Torkoal|74/100
|
|-weather|SunnyDay|[upkeep]
|upkeep
|turn|2
|
|t:|1782312384
|switch|p1b: Armarouge|Armarouge, L50, M|100/100
|move|p2b: Sneasler|Close Combat|p1a: Torkoal
|-damage|p1a: Torkoal|18/100
|-unboost|p2b: Sneasler|def|1
|-unboost|p2b: Sneasler|spd|1
|move|p2a: Meganium|Solar Beam||[still]
|-prepare|p2a: Meganium|Solar Beam
|-anim|p2a: Meganium|Solar Beam|p1a: Torkoal
|-resisted|p1a: Torkoal|1
|-damage|p1a: Torkoal|0 fnt
|faint|p1a: Torkoal
|
|-weather|SunnyDay|[upkeep]
|upkeep
|
|t:|1782312403
|switch|p1a: Annihilape|Annihilape, L50, F|100/100
|turn|3
|
|t:|1782312411
|move|p1a: Annihilape|Close Combat|p2b: Sneasler
|-resisted|p2b: Sneasler|1
|-damage|p2b: Sneasler|16/100
|-unboost|p1a: Annihilape|def|1
|-unboost|p1a: Annihilape|spd|1
|move|p2b: Sneasler|Dire Claw|p1b: Armarouge
|-damage|p1b: Armarouge|58/100
|-status|p1b: Armarouge|par
|move|p2a: Meganium|Dazzling Gleam|p1a: Annihilape|[spread] p1a,p1b
|-supereffective|p1a: Annihilape|1
|-resisted|p1b: Armarouge|1
|-damage|p1a: Annihilape|0 fnt
|-damage|p1b: Armarouge|40/100 par
|faint|p1a: Annihilape
|move|p1b: Armarouge|Heat Wave|p2a: Meganium|[spread] p2a,p2b
|-supereffective|p2a: Meganium|1
|-damage|p2a: Meganium|0 fnt
|-damage|p2b: Sneasler|0 fnt
|faint|p2a: Meganium
|faint|p2b: Sneasler
|
|-weather|SunnyDay|[upkeep]
|-heal|p1b: Armarouge|46/100 par|[from] item: Leftovers
|upkeep
|
|t:|1782312425
|switch|p2b: Farigiraf|Farigiraf, L50, F|100/100
|switch|p1a: Kingambit|Kingambit, L50, M|100/100
|switch|p2a: Kingambit|Kingambit, L50, F|100/100
|turn|4
|
|t:|1782312438
|move|p2a: Kingambit|Kowtow Cleave|p1b: Armarouge
|-supereffective|p1b: Armarouge|1
|-damage|p1b: Armarouge|0 fnt
|faint|p1b: Armarouge
|move|p1a: Kingambit|Kowtow Cleave|p2b: Farigiraf
|-supereffective|p2b: Farigiraf|1
|-damage|p2b: Farigiraf|0 fnt
|faint|p2b: Farigiraf
|-damage|p1a: Kingambit|90/100|[from] item: Life Orb
|
|-weather|SunnyDay|[upkeep]
|upkeep
|turn|5
|
|t:|1782312459
|move|p2a: Kingambit|Kowtow Cleave|p1a: Kingambit
|-resisted|p1a: Kingambit|1
|-damage|p1a: Kingambit|70/100
|move|p1a: Kingambit|Kowtow Cleave|p2a: Kingambit
|-resisted|p2a: Kingambit|1
|-damage|p2a: Kingambit|78/100
|-damage|p1a: Kingambit|60/100|[from] item: Life Orb
|
|-weather|none
|upkeep
|turn|6
|
|t:|1782312471
|move|p2a: Kingambit|Kowtow Cleave|p1a: Kingambit
|-resisted|p1a: Kingambit|1
|-damage|p1a: Kingambit|39/100
|move|p1a: Kingambit|Kowtow Cleave|p2a: Kingambit
|-resisted|p2a: Kingambit|1
|-damage|p2a: Kingambit|53/100
|-damage|p1a: Kingambit|29/100|[from] item: Life Orb
|
|upkeep
|turn|7
|
|t:|1782312480
|move|p2a: Kingambit|Kowtow Cleave|p1a: Kingambit
|-resisted|p1a: Kingambit|1
|-damage|p1a: Kingambit|9/100
|move|p1a: Kingambit|Kowtow Cleave|p2a: Kingambit
|-resisted|p2a: Kingambit|1
|-damage|p2a: Kingambit|30/100
|-damage|p1a: Kingambit|0 fnt|[from] item: Life Orb
|faint|p1a: Kingambit
|
|win|rojo53
|c|☆rojo53|gg
|c|☆VentaMujeresMalaga|gg
|l|☆VentaMujeresMalaga
|player|p1|
