|j|☆Brochiro
|j|☆eqwwe
|html|Brochiroeqwwe    
|uhtml|bestof|Game 3 of a best-of-3
|t:|1783621365
|gametype|doubles
|player|p1|Brochiro|170|1040
|player|p2|eqwwe|265|1000
|gen|9
|tier|[Gen 9 Champions] VGC 2026 Reg M-B (Bo3)
|rated|
|rule|Species Clause: Limit one of each Pokémon
|rule|Item Clause: Limit 1 of each item
|clearpoke
|poke|p1|Mimikyu, L50, F|
|poke|p1|Metagross, L50|
|poke|p1|Grimmsnarl, L50, M|
|poke|p1|Farigiraf, L50, F|
|poke|p1|Kangaskhan, L50, F|
|poke|p1|Sinistcha, L50|
|poke|p2|Annihilape, L50, F|
|poke|p2|Grimmsnarl, L50, M|
|poke|p2|Charizard, L50, M|
|poke|p2|Mawile, L50, F|
|poke|p2|Empoleon, L50, M|
|poke|p2|Farigiraf, L50, M|
|teampreview|4
|showteam|p1|Mimikyu||FocusSash|Disguise|DrainPunch,PlayRough,SwordsDance,ShadowSneak|Adamant||F|||50|]Metagross||Metagrossite|ClearBody|IronHead,ZenHeadbutt,StompingTantrum,Protect|Jolly|||||50|]Grimmsnarl||LightClay|Prankster|LightScreen,FakeOut,FoulPlay,Reflect|Serious||M|||50|]Farigiraf||SitrusBerry|ArmorTail|TrickRoom,HelpingHand,TwinBeam,FoulPlay|Sassy||F|||50|]Kangaskhan||ChopleBerry|Scrappy|FakeOut,LastResort|Adamant||F|||50|]Sinistcha||Leftovers|Hospitality|TrickRoom,MatchaGotcha,StrengthSap,RagePowder|Calm|||||50|
|showteam|p2|Annihilape||Leftovers|Defiant|BulkUp,RageFist,DrainPunch,Protect|Brave||F|||50|]Grimmsnarl||LightClay|Prankster|LightScreen,Reflect,FoulPlay,SpiritBreak|Careful||M|||50|]Charizard||CharizarditeY|Blaze|WeatherBall,SolarBeam,HeatWave,Protect|Modest||M|||50|]Mawile||Mawilite|Intimidate|SuckerPunch,IronHead,PlayRough,RockSlide|Brave||F|||50|]Empoleon||WacanBerry|Competitive|FlashCannon,IceBeam,Roost,Protect|Quiet||M|||50|]Farigiraf||SitrusBerry|ArmorTail|TrickRoom,HelpingHand,Psychic,Protect|Sassy||M|||50|
|inactive|Battle timer is ON: inactive players will automatically lose when time's up. (requested by Brochiro)
|inactive|Brochiro has 60 seconds left.
|
|t:|1783621403
|teamsize|p1|4
|teamsize|p2|4
|start
|switch|p1a: Baddie|Grimmsnarl, L50, M|100/100
|switch|p1b: Giraffe|Farigiraf, L50, F|100/100
|switch|p2a: Farigiraf|Farigiraf, L50, M|100/100
|switch|p2b: Annihilape|Annihilape, L50, F|100/100
|turn|1
|
|t:|1783621423
|switch|p2b: Mawile|Mawile, L50, F|100/100
|-ability|p2b: Mawile|Intimidate|boost
|-unboost|p1a: Baddie|atk|1
|-unboost|p1b: Giraffe|atk|1
|move|p1a: Baddie|Reflect|p1a: Baddie
|-sidestart|p1: Brochiro|Reflect
|move|p1b: Giraffe|Twin Beam|p2b: Mawile
|-resisted|p2b: Mawile|1
|-damage|p2b: Mawile|85/100
|-resisted|p2b: Mawile|1
|-damage|p2b: Mawile|70/100
|-hitcount|p2b: Mawile|2
|move|p2a: Farigiraf|Trick Room|p2a: Farigiraf
|-fieldstart|move: Trick Room|[of] p2a: Farigiraf
|
|upkeep
|turn|2
|
|t:|1783621441
|detailschange|p2b: Mawile|Mawile-Mega, L50, F
|-mega|p2b: Mawile|Mawile|Mawilite
|move|p2a: Farigiraf|Helping Hand|p2b: Mawile
|-singleturn|p2b: Mawile|Helping Hand|[of] p2a: Farigiraf
|move|p1a: Baddie|Light Screen|p1a: Baddie
|-sidestart|p1: Brochiro|move: Light Screen
|move|p2b: Mawile|Iron Head|p1b: Giraffe
|-damage|p1b: Giraffe|29/100
|-enditem|p1b: Giraffe|Sitrus Berry|[eat]
|-heal|p1b: Giraffe|54/100|[from] item: Sitrus Berry
|move|p1b: Giraffe|Trick Room|p1b: Giraffe
|-fieldend|move: Trick Room
|
|upkeep
|turn|3
|
|t:|1783621457
|move|p1a: Baddie|Foul Play|p2a: Farigiraf
|-supereffective|p2a: Farigiraf|1
|-damage|p2a: Farigiraf|45/100
|-enditem|p2a: Farigiraf|Sitrus Berry|[eat]
|-heal|p2a: Farigiraf|70/100|[from] item: Sitrus Berry
|move|p1b: Giraffe|Foul Play|p2a: Farigiraf
|-supereffective|p2a: Farigiraf|1
|-damage|p2a: Farigiraf|32/100
|move|p2b: Mawile|Iron Head|p1b: Giraffe
|-damage|p1b: Giraffe|9/100
|move|p2a: Farigiraf|Trick Room|p2a: Farigiraf
|-fieldstart|move: Trick Room|[of] p2a: Farigiraf
|
|upkeep
|turn|4
|inactive|Brochiro has 30 seconds left.
|
|t:|1783621483
|move|p2b: Mawile|Play Rough|p1a: Baddie
|-supereffective|p1a: Baddie|1
|-damage|p1a: Baddie|0 fnt
|faint|p1a: Baddie
|move|p2a: Farigiraf|Psychic|p1b: Giraffe
|-resisted|p1b: Giraffe|1
|-damage|p1b: Giraffe|0 fnt
|faint|p1b: Giraffe
|
|upkeep
|
|t:|1783621492
|switch|p1b: X-Drake|Metagross, L50|100/100
|switch|p1a: Bigass kangaroo|Kangaskhan, L50, F|100/100
|turn|5
|
|t:|1783621506
|detailschange|p1b: X-Drake|Metagross-Mega, L50
|-mega|p1b: X-Drake|Metagross|Metagrossite
|move|p2a: Farigiraf|Helping Hand|p2b: Mawile
|-singleturn|p2b: Mawile|Helping Hand|[of] p2a: Farigiraf
|move|p1a: Bigass kangaroo|Fake Out||[still]
|cant|p2a: Farigiraf|ability: Armor Tail|Fake Out|[of] p1a: Bigass kangaroo
|move|p2b: Mawile|Sucker Punch|p1b: X-Drake
|-supereffective|p1b: X-Drake|1
|-damage|p1b: X-Drake|30/100
|move|p1b: X-Drake|Stomping Tantrum|p2b: Mawile
|-supereffective|p2b: Mawile|1
|-damage|p2b: Mawile|7/100
|
|upkeep
|turn|6
|
|t:|1783621526
|move|p2a: Farigiraf|Helping Hand|p2b: Mawile
|-singleturn|p2b: Mawile|Helping Hand|[of] p2a: Farigiraf
|move|p2b: Mawile|Iron Head|p1a: Bigass kangaroo
|-damage|p1a: Bigass kangaroo|26/100
|move|p1a: Bigass kangaroo|Last Resort|p2a: Farigiraf
|-damage|p2a: Farigiraf|0 fnt
|faint|p2a: Farigiraf
|move|p1b: X-Drake|Zen Headbutt|p2b: Mawile|[miss]
|-miss|p1b: X-Drake|p2b: Mawile
|
|upkeep
|
|t:|1783621536
|switch|p2a: Charizard|Charizard, L50, M|100/100
|turn|7
|inactive|Brochiro has 30 seconds left.
|
|t:|1783621565
|move|p2b: Mawile|Sucker Punch|p1a: Bigass kangaroo
|-damage|p1a: Bigass kangaroo|0 fnt
|faint|p1a: Bigass kangaroo
|move|p2a: Charizard|Heat Wave|p1b: X-Drake
|-supereffective|p1b: X-Drake|1
|-damage|p1b: X-Drake|0 fnt
|faint|p1b: X-Drake
|
|win|eqwwe
|raw|Brochiro's rating: 1040 → 1022(-18 for losing)
|raw|eqwwe's rating: 1000 → 1045(+45 for winning)
|l|☆Brochiro
|player|p1|
