|j|ŌśåemoseW
|j|Ōśåtacoman007
|html|emoseWtacoman007    
|uhtml|bestof|Game 3 of a best-of-3
|t:|1784414716
|gametype|doubles
|player|p1|emoseW|swimmer-gen4|1000
|player|p2|tacoman007|102|1103
|gen|9
|tier|[Gen 9 Champions] VGC 2026 Reg M-B (Bo3)
|rated|
|rule|Species Clause: Limit one of each Pok├®mon
|rule|Item Clause: Limit 1 of each item
|clearpoke
|poke|p1|Charizard, L50, F|
|poke|p1|Whimsicott, L50, F|
|poke|p1|Garchomp, L50, F|
|poke|p1|Basculegion, L50, M|
|poke|p1|Kingambit, L50, F|
|poke|p1|Floette-Eternal, L50, F|
|poke|p2|Lopunny, L50, F|
|poke|p2|Gholdengo, L50|
|poke|p2|Talonflame, L50, M|
|poke|p2|Farigiraf, L50, M|
|poke|p2|Araquanid, L50, M|
|poke|p2|Ampharos, L50, M|
|teampreview|4
|showteam|p1|Charizard||CharizarditeY|Blaze|HeatWave,WeatherBall,SolarBeam,Protect|Modest||F|||50|]Whimsicott||FocusSash|Prankster|Moonblast,Tailwind,Encore,Protect|Timid||F|||50|]Garchomp||LifeOrb|RoughSkin|DragonClaw,StompingTantrum,RockSlide,Protect|Jolly||F|||50|]Basculegion||MysticWater|Adaptability|WaveCrash,LastRespects,AquaJet,Protect|Adamant||M|||50|]Kingambit||ChopleBerry|Defiant|KowtowCleave,SuckerPunch,IronHead,Protect|Adamant||F|||50|]Floette-Eternal||Floettite|FlowerVeil|Moonblast,LightofRuin,DazzlingGleam,Protect|Timid||F|||50|
|showteam|p2|Lopunny||Lopunnite|CuteCharm|FakeOut,CloseCombat,SwordsDance,Protect|Jolly||F|||50|]Gholdengo||ChoiceScarf|GoodasGold|FlashCannon,ShadowBall,PowerGem,Psychic|Modest|||||50|]Talonflame||FocusSash|GaleWings|BraveBird,Tailwind,Taunt,Protect|Jolly||M|||50|]Farigiraf||SitrusBerry|ArmorTail|HyperVoice,TrickRoom,Imprison,Protect|Quiet||M|||50|]Araquanid||LifeOrb|WaterBubble|Liquidation,LeechLife,WideGuard,Protect|Brave||M|||50|]Ampharos||Ampharosite|Static|VoltSwitch,Thunderbolt,DragonPulse,DazzlingGleam|Quiet||M|||50|
|inactive|Battle timer is ON: inactive players will automatically lose when time's up. (requested by emoseW)
|
|t:|1784414757
|teamsize|p1|4
|teamsize|p2|4
|start
|switch|p1a: Whimsicott|Whimsicott, L50, F|100/100
|switch|p1b: Basculegion|Basculegion, L50, M|100/100
|switch|p2a: Talonflame|Talonflame, L50, M|100/100
|switch|p2b: Lopunny|Lopunny, L50, F|100/100
|turn|1
|inactive|emoseW has 30 seconds left.
|
|t:|1784414783
|detailschange|p2b: Lopunny|Lopunny-Mega, L50, F
|-mega|p2b: Lopunny|Lopunny|Lopunnite
|move|p1a: Whimsicott|Protect|p1a: Whimsicott
|-singleturn|p1a: Whimsicott|Protect
|move|p2b: Lopunny|Fake Out|p1b: Basculegion
|-damage|p1b: Basculegion|74/100
|move|p2a: Talonflame|Brave Bird|p1a: Whimsicott
|-activate|p1a: Whimsicott|move: Protect
|cant|p1b: Basculegion|flinch
|
|upkeep
|turn|2
|
|t:|1784414807
|switch|p1a: Kingambit|Kingambit, L50, F|100/100
|move|p1b: Basculegion|Protect|p1b: Basculegion
|-singleturn|p1b: Basculegion|Protect
|move|p2a: Talonflame|Brave Bird|p1a: Kingambit
|-resisted|p1a: Kingambit|1
|-damage|p1a: Kingambit|83/100
|-damage|p2a: Talonflame|92/100|[from] Recoil
|move|p2b: Lopunny|Close Combat|p1b: Basculegion
|-activate|p1b: Basculegion|move: Protect
|
|upkeep
|turn|3
|
|t:|1784414826
|switch|p2a: Farigiraf|Farigiraf, L50, M|100/100
|switch|p1a: Whimsicott|Whimsicott, L50, F|100/100
|move|p1b: Basculegion|Aqua Jet||[still]
|cant|p2a: Farigiraf|ability: Armor Tail|Aqua Jet|[of] p1b: Basculegion
|move|p2b: Lopunny|Close Combat|p1b: Basculegion
|-damage|p1b: Basculegion|0 fnt
|-unboost|p2b: Lopunny|def|1
|-unboost|p2b: Lopunny|spd|1
|faint|p1b: Basculegion
|
|upkeep
|
|t:|1784414838
|switch|p1b: Floette|Floette-Eternal, L50, F|100/100
|turn|4
|inactive|tacoman007 has 30 seconds left.
|inactive|tacoman007 has 20 seconds left.
|inactive|tacoman007 has 15 seconds left.
|inactive|tacoman007 has 10 seconds left.
|
|t:|1784414884
|switch|p2b: Gholdengo|Gholdengo, L50|100/100
|detailschange|p1b: Floette|Floette-Mega, L50, F
|-mega|p1b: Floette|Floette|Floettite
|-ability|p1b: Floette|Fairy Aura
|move|p1a: Whimsicott|Moonblast|p2a: Farigiraf
|-damage|p2a: Farigiraf|56/100
|move|p1b: Floette|Dazzling Gleam|p2b: Gholdengo|[spread] p2a,p2b
|-resisted|p2b: Gholdengo|1
|-damage|p2a: Farigiraf|13/100
|-damage|p2b: Gholdengo|70/100
|-enditem|p2a: Farigiraf|Sitrus Berry|[eat]
|-heal|p2a: Farigiraf|38/100|[from] item: Sitrus Berry
|move|p2a: Farigiraf|Trick Room|p2a: Farigiraf
|-fieldstart|move: Trick Room|[of] p2a: Farigiraf
|
|upkeep
|turn|5
|inactive|emoseW has 30 seconds left.
|inactive|tacoman007 has 30 seconds left.
|inactive|emoseW has 20 seconds left.
|inactive|tacoman007 has 20 seconds left.
|
|t:|1784414922
|move|p2a: Farigiraf|Hyper Voice|p1b: Floette|[spread] p1a,p1b
|-damage|p1a: Whimsicott|45/100
|-damage|p1b: Floette|73/100
|move|p1b: Floette|Moonblast|p2b: Gholdengo
|-resisted|p2b: Gholdengo|1
|-damage|p2b: Gholdengo|26/100
|move|p1a: Whimsicott|Moonblast|p2b: Gholdengo
|-resisted|p2b: Gholdengo|1
|-damage|p2b: Gholdengo|0 fnt
|faint|p2b: Gholdengo
|
|upkeep
|
|t:|1784414934
|switch|p2b: Lopunny|Lopunny-Mega, L50, F|100/100
|turn|6
|inactive|tacoman007 has 30 seconds left.
|
|t:|1784414967
|move|p1a: Whimsicott|Protect|p1a: Whimsicott
|-singleturn|p1a: Whimsicott|Protect
|move|p1b: Floette|Protect|p1b: Floette
|-singleturn|p1b: Floette|Protect
|move|p2b: Lopunny|Swords Dance|p2b: Lopunny
|-boost|p2b: Lopunny|atk|2
|move|p2a: Farigiraf|Trick Room|p2a: Farigiraf
|-fieldend|move: Trick Room
|
|upkeep
|turn|7
|
|t:|1784414984
|move|p2b: Lopunny|Protect|p2b: Lopunny
|-singleturn|p2b: Lopunny|Protect
|move|p1a: Whimsicott|Tailwind|p1a: Whimsicott
|-sidestart|p1: emoseW|move: Tailwind
|move|p1b: Floette|Moonblast|p2b: Lopunny
|-activate|p2b: Lopunny|move: Protect
|move|p2a: Farigiraf|Trick Room|p2a: Farigiraf
|-fieldstart|move: Trick Room|[of] p2a: Farigiraf
|
|upkeep
|turn|8
|c|ŌśåemoseW|that's fire
|c|ŌśåemoseW|wp
|inactive|emoseW has 30 seconds left.
|c|Ōśåtacoman007|thanks
|
|t:|1784415011
|move|p1a: Whimsicott|Protect|p1a: Whimsicott
|-singleturn|p1a: Whimsicott|Protect
|move|p1b: Floette|Protect|p1b: Floette
|-singleturn|p1b: Floette|Protect
|move|p2a: Farigiraf|Hyper Voice|p1a: Whimsicott|[spread] 
|-activate|p1a: Whimsicott|move: Protect
|-activate|p1b: Floette|move: Protect
|move|p2b: Lopunny|Close Combat|p1b: Floette
|-activate|p1b: Floette|move: Protect
|
|upkeep
|turn|9
|
|t:|1784415035
|switch|p1a: Kingambit|Kingambit, L50, F|83/100
|move|p2a: Farigiraf|Hyper Voice|p1a: Kingambit|[spread] p1a,p1b
|-resisted|p1a: Kingambit|1
|-damage|p1a: Kingambit|68/100
|-damage|p1b: Floette|45/100
|move|p2b: Lopunny|Close Combat|p1b: Floette
|-resisted|p1b: Floette|1
|-crit|p1b: Floette
|-damage|p1b: Floette|0 fnt
|-unboost|p2b: Lopunny|def|1
|-unboost|p2b: Lopunny|spd|1
|faint|p1b: Floette
|
|upkeep
|
|t:|1784415046
|switch|p1b: Whimsicott|Whimsicott, L50, F|45/100
|turn|10
|inactive|emoseW has 30 seconds left.
|inactive|tacoman007 has 30 seconds left.
|inactive|tacoman007 has 20 seconds left.
|inactive|emoseW has 20 seconds left.
|inactive|emoseW has 15 seconds left.
|
|t:|1784415091
|move|p1b: Whimsicott|Protect|p1b: Whimsicott
|-singleturn|p1b: Whimsicott|Protect
|move|p2b: Lopunny|Protect|p2b: Lopunny
|-singleturn|p2b: Lopunny|Protect
|move|p2a: Farigiraf|Imprison|p2a: Farigiraf
|-start|p2a: Farigiraf|move: Imprison
|move|p1a: Kingambit|Kowtow Cleave|p2a: Farigiraf
|-supereffective|p2a: Farigiraf|1
|-damage|p2a: Farigiraf|0 fnt
|faint|p2a: Farigiraf
|
|-sideend|p1: emoseW|move: Tailwind
|upkeep
|
|t:|1784415101
|switch|p2a: Talonflame|Talonflame, L50, M|92/100
|turn|11
|inactive|tacoman007 has 30 seconds left.
|
|t:|1784415132
|move|p2b: Lopunny|Protect||[still]
|-fail|p2b: Lopunny
|move|p1b: Whimsicott|Encore|p2b: Lopunny
|-start|p2b: Lopunny|Encore
|move|p1a: Kingambit|Kowtow Cleave|p2a: Talonflame
|-damage|p2a: Talonflame|19/100
|move|p2a: Talonflame|Brave Bird|p1b: Whimsicott
|-supereffective|p1b: Whimsicott|1
|-damage|p1b: Whimsicott|0 fnt
|faint|p1b: Whimsicott
|-damage|p2a: Talonflame|6/100|[from] Recoil
|
|-fieldend|move: Trick Room
|upkeep
|turn|12
|inactive|tacoman007 has 30 seconds left.
|
|t:|1784415163
|move|p2b: Lopunny|Protect|p2b: Lopunny
|-singleturn|p2b: Lopunny|Protect
|move|p2a: Talonflame|Protect|p2a: Talonflame
|-singleturn|p2a: Talonflame|Protect
|move|p1a: Kingambit|Kowtow Cleave|p2a: Talonflame
|-activate|p2a: Talonflame|move: Protect
|
|upkeep
|turn|13
|
|t:|1784415172
|move|p2b: Lopunny|Protect|p2b: Lopunny
|-singleturn|p2b: Lopunny|Protect
|move|p2a: Talonflame|Brave Bird|p1a: Kingambit
|-resisted|p1a: Kingambit|1
|-damage|p1a: Kingambit|50/100g
|-damage|p2a: Talonflame|0 fnt|[from] Recoil
|faint|p2a: Talonflame
|move|p1a: Kingambit|Kowtow Cleave|p2b: Lopunny
|-activate|p2b: Lopunny|move: Protect
|
|upkeep
|turn|14
|
|t:|1784415183
|move|p2b: Lopunny|Protect||[still]
|-fail|p2b: Lopunny
|move|p1a: Kingambit|Kowtow Cleave|p2b: Lopunny
|-resisted|p2b: Lopunny|1
|-damage|p2b: Lopunny|56/100
|
|-end|p2b: Lopunny|Encore
|upkeep
|turn|15
|c|ŌśåemoseW|ggs
|
|t:|1784415201
|move|p1a: Kingambit|Sucker Punch|p2b: Lopunny
|-resisted|p2b: Lopunny|1
|-damage|p2b: Lopunny|15/100
|move|p2b: Lopunny|Close Combat|p1a: Kingambit
|-supereffective|p1a: Kingambit|2
|-crit|p1a: Kingambit
|-enditem|p1a: Kingambit|Chople Berry|[eat]
|-enditem|p1a: Kingambit|Chople Berry|[weaken]
|-damage|p1a: Kingambit|0 fnt
|-unboost|p2b: Lopunny|def|1
|-unboost|p2b: Lopunny|spd|1
|faint|p1a: Kingambit
|
|win|tacoman007
|raw|emoseW's rating: 1000 → 1000(+0 for losing)
|raw|tacoman007's rating: 1103 → 1121(+18 for winning)
|c|Ōśåtacoman007|gg
