|j|☆deltabelta
|j|☆exessvgc
|html|deltabeltaexessvgc    
|uhtml|bestof|Game 3 of a best-of-3
|t:|1783355187
|gametype|doubles
|player|p1|deltabelta|lucas|1289
|player|p2|exessvgc|102|1310
|gen|9
|tier|[Gen 9 Champions] VGC 2026 Reg M-B (Bo3)
|rated|
|rule|Species Clause: Limit one of each Pokémon
|rule|Item Clause: Limit 1 of each item
|clearpoke
|poke|p1|Camerupt, L50, M, shiny|
|poke|p1|Farigiraf, L50, M, shiny|
|poke|p1|Kingambit, L50, M, shiny|
|poke|p1|Incineroar, L50, M|
|poke|p1|Sylveon, L50, F, shiny|
|poke|p1|Vivillon, L50, F|
|poke|p2|Charizard, L50, M|
|poke|p2|Sneasler, L50, F|
|poke|p2|Farigiraf, L50, F|
|poke|p2|Aerodactyl, L50, F|
|poke|p2|Sylveon, L50, M|
|poke|p2|Venusaur, L50, M|
|teampreview|4
|showteam|p1|Camerupt||Cameruptite|SolidRock|EarthPower,HeatWave,AncientPower,Protect|Quiet||M|||50|]Farigiraf||SitrusBerry|ArmorTail|TrickRoom,PsychicFangs,Thunderbolt,Protect|Relaxed||M|||50|]Kingambit||BlackGlasses|Defiant|KowtowCleave,SuckerPunch,IronHead,Protect|Adamant||M|||50|]Incineroar||Charcoal|Intimidate|FakeOut,DarkestLariat,FlareBlitz,PartingShot|Brave||M|||50|]Sylveon||LifeOrb|Pixilate|HyperBeam,HyperVoice,QuickAttack,Detect|Quiet||F|||50|]Vivillon||FocusSash|CompoundEyes|Hurricane,SleepPowder,RagePowder,Protect|Timid||F|||50|
|showteam|p2|Charizard||CharizarditeX|Blaze|DragonDance,DragonClaw,FlareBlitz,Protect|Jolly||M|||50|]Sneasler||WhiteHerb|Unburden|FakeOut,Protect,CloseCombat,DireClaw|Jolly||F|||50|]Farigiraf||SitrusBerry|ArmorTail|TrickRoom,PsychicNoise,HelpingHand,GrassKnot|Bold||F|||50|]Aerodactyl||FocusSash|Unnerve|RockSlide,Tailwind,SunnyDay,Taunt|Jolly||F|||50|]Sylveon||FairyFeather|Pixilate|HyperVoice,HyperBeam,Protect,ShadowBall|Modest||M|||50|]Venusaur||WideLens|Chlorophyll|SludgeBomb,EarthPower,SleepPowder,Protect|Modest||M|||50|
|
|t:|1783355204
|teamsize|p1|4
|teamsize|p2|4
|start
|switch|p1a: Farigiraf|Farigiraf, L50, M, shiny|100/100
|switch|p1b: Vivillon|Vivillon, L50, F|100/100
|switch|p2a: LA GIRAFFA|Farigiraf, L50, F|100/100
|switch|p2b: DINOSAUVO|Aerodactyl, L50, F|100/100
|-ability|p2b: DINOSAUVO|Unnerve
|turn|1
|
|t:|1783355231
|move|p2b: DINOSAUVO|Taunt|p1b: Vivillon
|-start|p1b: Vivillon|move: Taunt
|cant|p1b: Vivillon|move: Taunt|Sleep Powder
|move|p2a: LA GIRAFFA|Grass Knot|p1a: Farigiraf
|-damage|p1a: Farigiraf|76/100
|move|p1a: Farigiraf|Trick Room|p1a: Farigiraf
|-fieldstart|move: Trick Room|[of] p1a: Farigiraf
|
|upkeep
|turn|2
|
|t:|1783355254
|switch|p1b: Kingambit|Kingambit, L50, M, shiny|100/100
|move|p1a: Farigiraf|Thunderbolt|p2b: DINOSAUVO
|-supereffective|p2b: DINOSAUVO|1
|-damage|p2b: DINOSAUVO|35/100
|move|p2b: DINOSAUVO|Taunt|p1a: Farigiraf
|-start|p1a: Farigiraf|move: Taunt
|move|p2a: LA GIRAFFA|Trick Room|p2a: LA GIRAFFA
|-fieldend|move: Trick Room
|
|upkeep
|turn|3
|
|t:|1783355277
|switch|p2a: Marianela|Sylveon, L50, M|100/100
|switch|p1a: Vivillon|Vivillon, L50, F|100/100
|move|p2b: DINOSAUVO|Rock Slide|p1b: Kingambit|[spread] p1a,p1b
|-supereffective|p1a: Vivillon|2
|-resisted|p1b: Kingambit|1
|-enditem|p1a: Vivillon|Focus Sash
|-damage|p1a: Vivillon|1/100
|-damage|p1b: Kingambit|90/100
|cant|p1b: Kingambit|flinch
|
|upkeep
|turn|4
|
|t:|1783355306
|move|p1b: Kingambit|Sucker Punch||[still]
|-fail|p1b: Kingambit
|move|p2b: DINOSAUVO|Taunt|p1a: Vivillon
|-start|p1a: Vivillon|move: Taunt
|cant|p1a: Vivillon|move: Taunt|Sleep Powder
|move|p2a: Marianela|Hyper Beam|p1b: Kingambit
|-damage|p1b: Kingambit|2/100
|-mustrecharge|p2a: Marianela
|
|upkeep
|turn|5
|
|t:|1783355326
|switch|p1b: Farigiraf|Farigiraf, L50, M, shiny|76/100
|move|p2b: DINOSAUVO|Tailwind|p2b: DINOSAUVO
|-sidestart|p2: exessvgc|move: Tailwind
|cant|p2a: Marianela|recharge
|move|p1a: Vivillon|Hurricane|p2a: Marianela|[miss]
|-miss|p1a: Vivillon|p2a: Marianela
|
|upkeep
|turn|6
|
|t:|1783355357
|switch|p1a: Camerupt|Camerupt, L50, M, shiny|100/100
|move|p2b: DINOSAUVO|Rock Slide|p1b: Farigiraf|[spread] p1a,p1b
|-damage|p1a: Camerupt|66/100
|-damage|p1b: Farigiraf|55/100
|move|p2a: Marianela|Hyper Beam|p1b: Farigiraf
|-damage|p1b: Farigiraf|0 fnt
|-mustrecharge|p2a: Marianela
|faint|p1b: Farigiraf
|
|upkeep
|
|t:|1783355368
|switch|p1b: Kingambit|Kingambit, L50, M, shiny|2/100
|turn|7
|
|t:|1783355385
|detailschange|p1a: Camerupt|Camerupt-Mega, L50, M, shiny
|-mega|p1a: Camerupt|Camerupt|Cameruptite
|move|p2b: DINOSAUVO|Rock Slide|p1b: Kingambit|[spread] p1a,p1b
|-resisted|p1b: Kingambit|1
|-damage|p1a: Camerupt|42/100
|-damage|p1b: Kingambit|0 fnt
|faint|p1b: Kingambit
|cant|p2a: Marianela|recharge
|move|p1a: Camerupt|Ancient Power|p2b: DINOSAUVO
|-supereffective|p2b: DINOSAUVO|1
|-damage|p2b: DINOSAUVO|0 fnt
|faint|p2b: DINOSAUVO
|
|upkeep
|
|t:|1783355402
|switch|p2b: EXESS|Charizard, L50, M|100/100
|switch|p1b: Vivillon|Vivillon, L50, F|1/100
|turn|8
|
|t:|1783355416
|detailschange|p2b: EXESS|Charizard-Mega-X, L50, M
|-mega|p2b: EXESS|Charizard|Charizardite X
|move|p2b: EXESS|Dragon Dance|p2b: EXESS
|-boost|p2b: EXESS|atk|1
|-boost|p2b: EXESS|spe|1
|move|p2a: Marianela|Hyper Beam|p1a: Camerupt|[miss]
|-miss|p2a: Marianela|p1a: Camerupt
|move|p1b: Vivillon|Sleep Powder|p2b: EXESS
|-status|p2b: EXESS|slp|[from] move: Sleep Powder
|move|p1a: Camerupt|Earth Power|p2b: EXESS
|-supereffective|p2b: EXESS|1
|-damage|p2b: EXESS|0 fnt
|faint|p2b: EXESS
|
|-sideend|p2: exessvgc|move: Tailwind
|upkeep
|
|t:|1783355426
|switch|p2b: LA GIRAFFA|Farigiraf, L50, F|100/100
|turn|9
|
|t:|1783355450
|move|p1b: Vivillon|Sleep Powder|p2a: Marianela
|-status|p2a: Marianela|slp|[from] move: Sleep Powder
|cant|p2a: Marianela|slp
|move|p2b: LA GIRAFFA|Grass Knot|p1a: Camerupt
|-damage|p1a: Camerupt|9/100
|move|p1a: Camerupt|Heat Wave|p2a: Marianela|[spread] p2a,p2b
|-damage|p2a: Marianela|57/100 slp
|-damage|p2b: LA GIRAFFA|52/100
|
|upkeep
|turn|10
|
|t:|1783355468
|move|p1b: Vivillon|Sleep Powder|p2b: LA GIRAFFA
|-status|p2b: LA GIRAFFA|slp|[from] move: Sleep Powder
|-curestatus|p2a: Marianela|slp|[msg]
|move|p2a: Marianela|Hyper Voice|p1a: Camerupt|[spread] p1a,p1b
|-resisted|p1a: Camerupt|1
|-damage|p1a: Camerupt|0 fnt
|-damage|p1b: Vivillon|0 fnt
|faint|p1a: Camerupt
|faint|p1b: Vivillon
|
|win|exessvgc
|raw|deltabelta's rating: 1289 → 1266(-23 for losing)
|raw|exessvgc's rating: 1310 → 1329(+19 for winning)
