|j|☆coastline2687
|j|☆iliasdelm
|html|coastline2687iliasdelm    
|uhtml|bestof|Game 1 of a best-of-3
|t:|1756320060
|gametype|doubles
|player|p1|coastline2687|iris-gen5bw2|1048
|player|p2|iliasdelm|gambler|1140
|gen|9
|tier|[Gen 9] VGC 2025 Reg H (Bo3)
|rated|
|rule|Species Clause: Limit one of each Pokémon
|rule|Item Clause: Limit 1 of each item
|clearpoke
|poke|p1|Greninja-*, L50, M|
|poke|p1|Gholdengo, L50|
|poke|p1|Incineroar, L50, M|
|poke|p1|Amoonguss, L50, M|
|poke|p1|Politoed, L50, M|
|poke|p1|Archaludon, L50, F|
|poke|p2|Primarina, L50, F|
|poke|p2|Incineroar, L50, M|
|poke|p2|Gholdengo, L50|
|poke|p2|Ursaluna, L50, F|
|poke|p2|Amoonguss, L50, M|
|poke|p2|Porygon2, L50|
|teampreview|4
|showteam|p1|Greninja||FocusSash|Torrent|DarkPulse,HydroPump,Protect,Taunt|||M|||50|,,,,,Ghost]Gholdengo||LifeOrb|GoodasGold|MakeItRain,ShadowBall,NastyPlot,Protect||||||50|,,,,,Flying]Incineroar||SafetyGoggles|Intimidate|FakeOut,KnockOff,FlareBlitz,PartingShot|||M|||50|,,,,,Ghost]Amoonguss||RockyHelmet|Regenerator|Protect,Spore,RagePowder,PollenPuff|||M|||50|,,,,,Water]Politoed||Leftovers|Drizzle|Protect,Encore,WeatherBall,HelpingHand|||M|||50|,,,,,Water]Archaludon||AssaultVest|Stamina|ElectroShot,DragonPulse,BodyPress,FlashCannon|||F|||50|,,,,,Grass
|showteam|p2|Primarina||ThroatSpray|LiquidVoice|HyperVoice,Moonblast,Haze,Protect|||F|||50|,,,,,Poison]Incineroar||AssaultVest|Intimidate|FlareBlitz,KnockOff,FakeOut,Uturn|||M|||50|,,,,,Grass]Gholdengo||LifeOrb|GoodasGold|MakeItRain,ShadowBall,NastyPlot,Protect||||||50|,,,,,Water]Ursaluna||FlameOrb|Guts|Facade,HeadlongRush,Protect,Substitute|||F|||50|,,,,,Ghost]Amoonguss||SitrusBerry|Regenerator|PollenPuff,Spore,RagePowder,GigaDrain|||M|||50|,,,,,Electric]Porygon2||Eviolite|Download|IceBeam,TeraBlast,Recover,TrickRoom||||||50|,,,,,Fighting
|inactive|Battle timer is ON: inactive players will automatically lose when time's up. (requested by coastline2687)
|inactive|coastline2687 has 60 seconds left.
|inactive|iliasdelm has 60 seconds left.
|
|t:|1756320110
|teamsize|p1|4
|teamsize|p2|4
|start
|switch|p1a: Garfield|Incineroar, L50, M|100/100
|switch|p1b: Trans Rights|Amoonguss, L50, M|100/100
|switch|p2a: Primarina|Primarina, L50, F|100/100
|switch|p2b: Porygon2|Porygon2, L50|100/100
|-ability|p1a: Garfield|Intimidate|boost
|-unboost|p2a: Primarina|atk|1
|-unboost|p2b: Porygon2|atk|1
|-ability|p2b: Porygon2|Download|boost
|-boost|p2b: Porygon2|spa|1
|turn|1
|inactive|coastline2687 has 30 seconds left.
|
|t:|1756320142
|switch|p2b: Amoonguss|Amoonguss, L50, M|100/100
|move|p2a: Primarina|Protect|p2a: Primarina
|-singleturn|p2a: Primarina|Protect
|move|p1a: Garfield|Knock Off|p2a: Primarina
|-activate|p2a: Primarina|move: Protect
|move|p1b: Trans Rights|Spore|p2a: Primarina
|-activate|p2a: Primarina|move: Protect
|
|upkeep
|turn|2
|inactive|coastline2687 has 30 seconds left.
|inactive|iliasdelm has 30 seconds left.
|inactive|coastline2687 has 20 seconds left.
|inactive|coastline2687 has 15 seconds left.
|inactive|coastline2687 has 10 seconds left.
|
|t:|1756320188
|switch|p2b: Ursaluna|Ursaluna, L50, F|100/100
|move|p1b: Trans Rights|Protect|p1b: Trans Rights
|-singleturn|p1b: Trans Rights|Protect
|move|p2a: Primarina|Hyper Voice|p1b: Trans Rights|[spread] p1a
|-activate|p1b: Trans Rights|move: Protect
|-supereffective|p1a: Garfield
|-damage|p1a: Garfield|34/100
|-enditem|p2a: Primarina|Throat Spray
|-boost|p2a: Primarina|spa|1|[from] item: Throat Spray
|move|p1a: Garfield|Parting Shot|p2b: Ursaluna
|-unboost|p2b: Ursaluna|atk|1
|-unboost|p2b: Ursaluna|spa|1
|
|t:|1756320201
|switch|p1a: Dream|Politoed, L50, M|100/100|[from] Parting Shot
|-weather|RainDance|[from] ability: Drizzle|[of] p1a: Dream
|
|-weather|RainDance|[upkeep]
|-status|p2b: Ursaluna|brn|[from] item: Flame Orb
|upkeep
|turn|3
|inactive|coastline2687 has 30 seconds left.
|inactive|iliasdelm has 30 seconds left.
|inactive|iliasdelm has 20 seconds left.
|inactive|iliasdelm has 15 seconds left.
|inactive|iliasdelm has 10 seconds left.
|
|t:|1756320249
|switch|p2b: Amoonguss|Amoonguss, L50, M|100/100
|move|p2a: Primarina|Protect|p2a: Primarina
|-singleturn|p2a: Primarina|Protect
|move|p1b: Trans Rights|Rage Powder|p1b: Trans Rights
|-singleturn|p1b: Trans Rights|move: Rage Powder
|move|p1a: Dream|Weather Ball|p2b: Amoonguss
|-resisted|p2b: Amoonguss
|-damage|p2b: Amoonguss|81/100
|
|-weather|RainDance|[upkeep]
|upkeep
|turn|4
|
|t:|1756320271
|move|p1b: Trans Rights|Rage Powder|p1b: Trans Rights
|-singleturn|p1b: Trans Rights|move: Rage Powder
|move|p2a: Primarina|Hyper Voice|p1a: Dream|[spread] p1a,p1b
|-resisted|p1a: Dream
|-resisted|p1b: Trans Rights
|-crit|p1b: Trans Rights
|-damage|p1a: Dream|75/100
|-damage|p1b: Trans Rights|54/100
|move|p1a: Dream|Encore|p2a: Primarina
|-start|p2a: Primarina|Encore
|move|p2b: Amoonguss|Spore|p1a: Dream
|-status|p1a: Dream|slp|[from] move: Spore
|
|-weather|RainDance|[upkeep]
|-heal|p1a: Dream|81/100 slp|[from] item: Leftovers
|upkeep
|turn|5
|
|t:|1756320292
|switch|p2a: Ursaluna|Ursaluna, L50, F|100/100 brn
|switch|p1b: parkour|Archaludon, L50, F|100/100
|cant|p1a: Dream|slp
|move|p2b: Amoonguss|Giga Drain|p1a: Dream
|-supereffective|p1a: Dream
|-damage|p1a: Dream|46/100 slp
|-heal|p2b: Amoonguss|96/100|[from] drain|[of] p1a: Dream
|
|-weather|RainDance|[upkeep]
|-heal|p1a: Dream|53/100 slp|[from] item: Leftovers
|-damage|p2a: Ursaluna|95/100 brn|[from] brn
|upkeep
|turn|6
|inactive|coastline2687 has 30 seconds left.
|inactive|coastline2687 has 20 seconds left.
|inactive|coastline2687 has 15 seconds left.
|
|t:|1756320338
|-terastallize|p1b: parkour|Grass
|move|p2b: Amoonguss|Rage Powder|p2b: Amoonguss
|-singleturn|p2b: Amoonguss|move: Rage Powder
|move|p1b: parkour|Electro Shot||[still]
|-prepare|p1b: parkour|Electro Shot
|-boost|p1b: parkour|spa|1
|-anim|p1b: parkour|Electro Shot|p2b: Amoonguss
|-resisted|p2b: Amoonguss
|-damage|p2b: Amoonguss|67/100
|cant|p1a: Dream|slp
|move|p2a: Ursaluna|Substitute|p2a: Ursaluna
|-start|p2a: Ursaluna|Substitute
|-damage|p2a: Ursaluna|70/100 brn
|
|-weather|none
|-heal|p1a: Dream|59/100 slp|[from] item: Leftovers
|-damage|p2a: Ursaluna|64/100 brn|[from] brn
|upkeep
|turn|7
|inactive|coastline2687 has 30 seconds left.
|
|t:|1756320368
|switch|p1a: Garfield|Incineroar, L50, M|34/100
|-ability|p1a: Garfield|Intimidate|boost
|-immune|p2a: Ursaluna
|-unboost|p2b: Amoonguss|atk|1
|move|p1b: parkour|Body Press|p2a: Ursaluna
|-supereffective|p2a: Ursaluna
|-end|p2a: Ursaluna|Substitute
|move|p2a: Ursaluna|Facade|p1b: parkour
|-damage|p1b: parkour|10/100
|-ability|p1b: parkour|Stamina|boost
|-boost|p1b: parkour|def|1
|move|p2b: Amoonguss|Pollen Puff|p1b: parkour
|-supereffective|p1b: parkour
|-damage|p1b: parkour|0 fnt
|faint|p1b: parkour
|
|-damage|p2a: Ursaluna|58/100 brn|[from] brn
|upkeep
|
|t:|1756320387
|switch|p1b: Dream|Politoed, L50, M|59/100 slp
|-weather|RainDance|[from] ability: Drizzle|[of] p1b: Dream
|turn|8
|
|t:|1756320409
|move|p2b: Amoonguss|Rage Powder|p2b: Amoonguss
|-singleturn|p2b: Amoonguss|move: Rage Powder
|move|p1a: Garfield|Flare Blitz|p2b: Amoonguss
|-supereffective|p2b: Amoonguss
|-damage|p2b: Amoonguss|32/100
|-enditem|p2b: Amoonguss|Sitrus Berry|[eat]
|-heal|p2b: Amoonguss|57/100|[from] item: Sitrus Berry
|-damage|p1a: Garfield|21/100|[from] Recoil
|-curestatus|p1b: Dream|slp|[msg]
|move|p1b: Dream|Weather Ball|p2b: Amoonguss
|-resisted|p2b: Amoonguss
|-damage|p2b: Amoonguss|37/100
|move|p2a: Ursaluna|Headlong Rush|p1a: Garfield
|-supereffective|p1a: Garfield
|-damage|p1a: Garfield|0 fnt
|-unboost|p2a: Ursaluna|def|1
|-unboost|p2a: Ursaluna|spd|1
|faint|p1a: Garfield
|
|-weather|RainDance|[upkeep]
|-heal|p1b: Dream|65/100|[from] item: Leftovers
|-damage|p2a: Ursaluna|52/100 brn|[from] brn
|upkeep
|
|t:|1756320422
|switch|p1a: Trans Rights|Amoonguss, L50, M|87/100
|turn|9
|
|t:|1756320441
|move|p2b: Amoonguss|Rage Powder|p2b: Amoonguss
|-singleturn|p2b: Amoonguss|move: Rage Powder
|move|p1b: Dream|Weather Ball|p2b: Amoonguss
|-resisted|p2b: Amoonguss
|-damage|p2b: Amoonguss|17/100
|move|p1a: Trans Rights|Pollen Puff|p1b: Dream
|-heal|p1b: Dream|100/100
|move|p2a: Ursaluna|Facade|p1b: Dream
|-damage|p1b: Dream|0 fnt
|faint|p1b: Dream
|
|-weather|RainDance|[upkeep]
|-damage|p2a: Ursaluna|46/100 brn|[from] brn
|upkeep
|turn|10
|
|t:|1756320461
|move|p1a: Trans Rights|Pollen Puff|p2a: Ursaluna
|-damage|p2a: Ursaluna|25/100 brn
|move|p2a: Ursaluna|Facade|p1a: Trans Rights
|-damage|p1a: Trans Rights|0 fnt
|-damage|p2a: Ursaluna|8/100 brn|[from] item: Rocky Helmet|[of] p1a: Trans Rights
|faint|p1a: Trans Rights
|
|win|iliasdelm
||coastline2687 is ready for game 2.
||iliasdelm is ready for game 2.
|uhtml|next|Next: Game 2 of 3
