|j|☆Chavo666
|j|☆RegiSIXSEVEN
|html|Chavo666RegiSIXSEVEN    
|uhtml|bestof|Game 1 of a best-of-3
|t:|1784796110
|gametype|doubles
|player|p1|Chavo666|steven|1136
|player|p2|RegiSIXSEVEN|steven|1195
|gen|9
|tier|[Gen 9 Champions] VGC 2026 Reg M-B (Bo3)
|rated|
|rule|Species Clause: Limit one of each Pokémon
|rule|Item Clause: Limit 1 of each item
|clearpoke
|poke|p1|Tyranitar, L50, M|
|poke|p1|Beedrill, L50, F|
|poke|p1|Incineroar, L50, M|
|poke|p1|Excadrill, L50, M|
|poke|p1|Basculegion, L50, M|
|poke|p1|Rotom-Wash, L50|
|poke|p2|Gengar, L50, M, shiny|
|poke|p2|Swampert, L50, M, shiny|
|poke|p2|Incineroar, L50, M, shiny|
|poke|p2|Politoed, L50, F, shiny|
|poke|p2|Archaludon, L50, F, shiny|
|poke|p2|Vivillon-Elegant, L50, F, shiny|
|teampreview|4
|showteam|p1|Tyranitar||Tyranitarite|SandStream|KnockOff,RockSlide,LowKick,Protect|Adamant||M|||50|]Beedrill||Beedrillite|Swarm|PoisonJab,Uturn,Protect,DualWingbeat|Jolly||F|||50|]Incineroar||ChopleBerry|Intimidate|FakeOut,PartingShot,Crunch,FlareBlitz|Adamant||M|||50|]Excadrill||FocusSash|SandRush|SwordsDance,Earthquake,IronHead,RockSlide|Adamant||M|||50|]Basculegion||ChoiceScarf|Adaptability|FlipTurn,AquaJet,LastRespects,WaveCrash|Jolly||M|||50|]Rotom-Wash||Magnet|Levitate|Thunderbolt,WillOWisp,Electroweb,HydroPump|Timid|||||50|
|showteam|p2|Gengar||Gengarite|CursedBody|ShadowBall,SludgeBomb,PerishSong,Protect|Timid||M|||50|]Swampert||Swampertite|Damp|WaveCrash,Earthquake,IcePunch,Protect|Adamant||M|||50|]Incineroar||PasshoBerry|Intimidate|FakeOut,ThroatChop,PartingShot,Protect|Sassy||M|||50|]Politoed||SitrusBerry|Drizzle|WeatherBall,Encore,PerishSong,Protect|Calm||F|||50|]Archaludon||Leftovers|Stamina|DragonPulse,FlashCannon,ElectroShot,Protect|Bold||F|||50|]Vivillon-Elegant||FocusSash|CompoundEyes|Hurricane,SleepPowder,RagePowder,Protect|Timid||F|||50|
|inactive|Battle timer is ON: inactive players will automatically lose when time's up. (requested by RegiSIXSEVEN)
|inactive|Chavo666 has 60 seconds left.
|inactive|RegiSIXSEVEN has 60 seconds left.
|
|t:|1784796162
|teamsize|p1|4
|teamsize|p2|4
|start
|switch|p1a: Excadrill|Excadrill, L50, M|100/100
|switch|p1b: Basculegion|Basculegion, L50, M|100/100
|switch|p2a: Gengar|Gengar, L50, M, shiny|100/100
|switch|p2b: Incineroar|Incineroar, L50, M, shiny|100/100
|-ability|p2b: Incineroar|Intimidate|boost
|-unboost|p1a: Excadrill|atk|1
|-unboost|p1b: Basculegion|atk|1
|turn|1
|
|t:|1784796177
|detailschange|p2a: Gengar|Gengar-Mega, L50, M, shiny
|-mega|p2a: Gengar|Gengar|Gengarite
|move|p2b: Incineroar|Fake Out|p1a: Excadrill
|-resisted|p1a: Excadrill|1
|-damage|p1a: Excadrill|92/100
|move|p1b: Basculegion|Wave Crash|p2b: Incineroar
|-supereffective|p2b: Incineroar|1
|-enditem|p2b: Incineroar|Passho Berry|[eat]
|-enditem|p2b: Incineroar|Passho Berry|[weaken]
|-damage|p2b: Incineroar|53/100
|-damage|p1b: Basculegion|84/100|[from] Recoil
|move|p2a: Gengar|Perish Song|p2a: Gengar
|-start|p1a: Excadrill|perish3|[silent]
|-start|p1b: Basculegion|perish3|[silent]
|-start|p2a: Gengar|perish3|[silent]
|-start|p2b: Incineroar|perish3|[silent]
|-fieldactivate|move: Perish Song
|cant|p1a: Excadrill|flinch
|
|-start|p1b: Basculegion|perish3
|-start|p2a: Gengar|perish3
|-start|p1a: Excadrill|perish3
|-start|p2b: Incineroar|perish3
|upkeep
|turn|2
|inactive|RegiSIXSEVEN has 30 seconds left.
|
|t:|1784796203
|switch|p1b: Rotom|Rotom-Wash, L50|100/100
|move|p2b: Incineroar|Protect|p2b: Incineroar
|-singleturn|p2b: Incineroar|Protect
|move|p2a: Gengar|Perish Song|p2a: Gengar
|-start|p1b: Rotom|perish3|[silent]
|-fieldactivate|move: Perish Song
|move|p1a: Excadrill|Swords Dance|p1a: Excadrill
|-boost|p1a: Excadrill|atk|2
|
|-start|p2a: Gengar|perish2
|-start|p1b: Rotom|perish3
|-start|p1a: Excadrill|perish2
|-start|p2b: Incineroar|perish2
|upkeep
|turn|3
|
|t:|1784796222
|switch|p2a: Archaludon|Archaludon, L50, F, shiny|100/100
|move|p1b: Rotom|Electroweb|p2a: Archaludon|[spread] p2a,p2b
|-resisted|p2a: Archaludon|1
|-damage|p2a: Archaludon|89/100
|-damage|p2b: Incineroar|36/100
|-unboost|p2a: Archaludon|spe|1
|-unboost|p2b: Incineroar|spe|1
|-ability|p2a: Archaludon|Stamina|boost
|-boost|p2a: Archaludon|def|1
|move|p1a: Excadrill|Earthquake|p2b: Incineroar|[spread] p2a,p2b
|-immune|p1b: Rotom|[from] ability: Levitate
|-supereffective|p2a: Archaludon|1
|-crit|p2a: Archaludon
|-supereffective|p2b: Incineroar|1
|-damage|p2a: Archaludon|0 fnt
|-damage|p2b: Incineroar|0 fnt
|faint|p2a: Archaludon
|faint|p2b: Incineroar
|
|-start|p1b: Rotom|perish2
|-start|p1a: Excadrill|perish1
|upkeep
|
|t:|1784796225
|switch|p2a: Gengar|Gengar-Mega, L50, M, shiny|100/100
|switch|p2b: Politoed|Politoed, L50, F, shiny|100/100
|-weather|RainDance|[from] ability: Drizzle|[of] p2b: Politoed
|turn|4
|
|t:|1784796246
|move|p2a: Gengar|Protect|p2a: Gengar
|-singleturn|p2a: Gengar|Protect
|move|p2b: Politoed|Protect|p2b: Politoed
|-singleturn|p2b: Politoed|Protect
|move|p1b: Rotom|Thunderbolt|p2b: Politoed
|-activate|p2b: Politoed|move: Protect
|move|p1a: Excadrill|Earthquake|p2a: Gengar|[spread] 
|-activate|p2a: Gengar|move: Protect
|-activate|p2b: Politoed|move: Protect
|-immune|p1b: Rotom|[from] ability: Levitate
|
|-weather|RainDance|[upkeep]
|-start|p1b: Rotom|perish1
|-start|p1a: Excadrill|perish0
|faint|p1a: Excadrill
|upkeep
|inactive|Chavo666 has 30 seconds left.
|
|t:|1784796280
|switch|p1a: Basculegion|Basculegion, L50, M|84/100
|turn|5
|
|t:|1784796292
|move|p1a: Basculegion|Last Respects|p2a: Gengar
|-supereffective|p2a: Gengar|1
|-damage|p2a: Gengar|0 fnt
|faint|p2a: Gengar
|move|p1b: Rotom|Thunderbolt|p2b: Politoed
|-supereffective|p2b: Politoed|1
|-damage|p2b: Politoed|25/100
|-enditem|p2b: Politoed|Sitrus Berry|[eat]
|-heal|p2b: Politoed|50/100g|[from] item: Sitrus Berry
|move|p2b: Politoed|Weather Ball|p1a: Basculegion
|-resisted|p1a: Basculegion|1
|-damage|p1a: Basculegion|58/100
|
|-weather|RainDance|[upkeep]
|-start|p1b: Rotom|perish0
|upkeep
|faint|p1b: Rotom
|-message|RegiSIXSEVEN forfeited.
|
|win|Chavo666
