|j|☆PrawnCD
|j|☆home at last
|html|PrawnCDhome at last    
|uhtml|bestof|Game 2 of a best-of-3
|t:|1784074678
|gametype|doubles
|player|p1|PrawnCD|musician|
|player|p2|home at last|morty|
|gen|9
|tier|[Gen 9 Champions] VGC 2026 Reg M-B (Bo3)
|rule|Species Clause: Limit one of each Pokémon
|rule|Item Clause: Limit 1 of each item
|clearpoke
|poke|p1|Azumarill, L50, M, shiny|
|poke|p1|Froslass, L50, F|
|poke|p1|Meowscarada, L50, M, shiny|
|poke|p1|Incineroar, L50, F|
|poke|p1|Chandelure, L50, M, shiny|
|poke|p1|Beartic, L50, F|
|poke|p2|Gholdengo, L50|
|poke|p2|Serperior, L50, M|
|poke|p2|Tyranitar, L50, F|
|poke|p2|Staraptor, L50, M|
|poke|p2|Sableye, L50, F|
|poke|p2|Primarina, L50, F|
|teampreview|4
|showteam|p1|Azumarill||Leftovers|HugePower|PlayRough,Waterfall,BellyDrum,AquaJet|Adamant||M|||50|]Froslass||Froslassite|SnowCloak|Protect,Blizzard,AuroraVeil,ShadowBall|Timid||F|||50|]Meowscarada||MentalHerb|Protean|ToxicSpikes,FlowerTrick,KnockOff,PollenPuff|Hasty||M|||50|]Incineroar||SitrusBerry|Intimidate|FakeOut,PartingShot,Taunt,FlareBlitz|Adamant||F|||50|]Chandelure||Chandelurite|Infiltrator|HeatWave,ShadowBall,ClearSmog,Protect|Timid||M|||50|]Beartic||LifeOrb|SlushRush|IcicleCrash,CloseCombat,PlayRough,Protect|Adamant||F|||50|
|showteam|p2|Gholdengo||Leftovers|GoodasGold|MakeItRain,ShadowBall,Protect,FocusBlast|Modest|||||50|]Serperior||ChoiceScarf|Contrary|LeafStorm,DragonPulse,EnergyBall,Glare|Modest||M|||50|]Tyranitar||Tyranitarite|SandStream|RockSlide,DragonDance,Crunch,BrickBreak|Jolly||F|||50|]Staraptor||Staraptite|Intimidate|CloseCombat,BlazeKick,BraveBird,Protect|Jolly||M|||50|]Sableye||FocusSash|Prankster|Taunt,Quash,WillOWisp,LightScreen|Impish||F|||50|]Primarina||LifeOrb|LiquidVoice|CalmMind,EnergyBall,Moonblast,PsychicNoise|Bold||F|||50|
|j| frosteefromyt
|j| grandpapafish
|
|t:|1784074734
|teamsize|p1|4
|teamsize|p2|4
|start
|switch|p1a: Eg|Azumarill, L50, M, shiny|100/100
|switch|p1b: Theater Suckz|Meowscarada, L50, M, shiny|100/100
|switch|p2a: Hammer of JUSTICE|Tyranitar, L50, F|100/100
|switch|p2b: BIG SHOT|Sableye, L50, F|100/100
|-weather|Sandstorm|[from] ability: Sand Stream|[of] p2a: Hammer of JUSTICE
|turn|1
|
|t:|1784074919
|move|p2b: BIG SHOT|Taunt|p1a: Eg
|-start|p1a: Eg|move: Taunt
|move|p1b: Theater Suckz|Toxic Spikes|p2a: Hammer of JUSTICE
|-start|p1b: Theater Suckz|typechange|Poison|[from] ability: Protean
|-sidestart|p2: home at last|move: Toxic Spikes
|move|p2a: Hammer of JUSTICE|Dragon Dance|p2a: Hammer of JUSTICE
|-boost|p2a: Hammer of JUSTICE|atk|1
|-boost|p2a: Hammer of JUSTICE|spe|1
|move|p1a: Eg|Play Rough|p2a: Hammer of JUSTICE
|-supereffective|p2a: Hammer of JUSTICE|1
|-damage|p2a: Hammer of JUSTICE|2/100
|
|-weather|Sandstorm|[upkeep]
|-damage|p1b: Theater Suckz|94/100|[from] Sandstorm
|-damage|p2b: BIG SHOT|94/100|[from] Sandstorm
|-damage|p1a: Eg|94/100|[from] Sandstorm
|-heal|p1a: Eg|100/100|[from] item: Leftovers
|upkeep
|turn|2
|c|☆PrawnCD|that sucks
|c| grandpapafish|mf named aqua jet
|c|☆PrawnCD|I know its the obvious move but i have to go for it
|
|t:|1784075005
|switch|p1b: Her|Incineroar, L50, F|100/100
|-ability|p1b: Her|Intimidate|boost
|-unboost|p2a: Hammer of JUSTICE|atk|1
|-unboost|p2b: BIG SHOT|atk|1
|move|p1a: Eg|Aqua Jet|p2a: Hammer of JUSTICE
|-supereffective|p2a: Hammer of JUSTICE|1
|-damage|p2a: Hammer of JUSTICE|0 fnt
|faint|p2a: Hammer of JUSTICE
|move|p2b: BIG SHOT|Will-O-Wisp|p1a: Eg
|-status|p1a: Eg|brn
|
|-weather|Sandstorm|[upkeep]
|-damage|p1b: Her|94/100|[from] Sandstorm
|-damage|p2b: BIG SHOT|88/100|[from] Sandstorm
|-damage|p1a: Eg|94/100 brn|[from] Sandstorm
|-heal|p1a: Eg|100/100 brn|[from] item: Leftovers
|-damage|p1a: Eg|94/100 brn|[from] brn
|upkeep
|
|t:|1784075022
|switch|p2a: Mew Mew Magic|Primarina, L50, F|100/100
|-status|p2a: Mew Mew Magic|psn
|turn|3
|
|t:|1784075083
|move|p2b: BIG SHOT|Quash|p1a: Eg
|-activate|p1a: Eg|move: Quash
|move|p1b: Her|Taunt|p2b: BIG SHOT
|-start|p2b: BIG SHOT|move: Taunt
|move|p2a: Mew Mew Magic|Psychic Noise|p1b: Her
|-supereffective|p1b: Her|1
|-damage|p1b: Her|11/100
|-start|p1b: Her|move: Heal Block
|-damage|p2a: Mew Mew Magic|90/100 psn|[from] item: Life Orb
|move|p1a: Eg|Waterfall|p2b: BIG SHOT
|-damage|p2b: BIG SHOT|61/100
|
|-weather|Sandstorm|[upkeep]
|-damage|p2a: Mew Mew Magic|84/100 psn|[from] Sandstorm
|-damage|p1b: Her|5/100|[from] Sandstorm
|-damage|p2b: BIG SHOT|56/100|[from] Sandstorm
|-damage|p1a: Eg|88/100 brn|[from] Sandstorm
|-heal|p1a: Eg|94/100 brn|[from] item: Leftovers
|-damage|p2a: Mew Mew Magic|72/100 psn|[from] psn
|-damage|p1a: Eg|88/100 brn|[from] brn
|-end|p1a: Eg|move: Taunt
|upkeep
|turn|4
|
|t:|1784075145
|switch|p1b: Theater Suckz|Meowscarada, L50, M, shiny|94/100
|switch|p2a: WORLD REVOLVING|Gholdengo, L50|100/100
|-activate|p2b: BIG SHOT|move: Struggle
|move|p2b: BIG SHOT|Struggle|p1b: Theater Suckz
|-damage|p1b: Theater Suckz|82/100
|-damage|p2b: BIG SHOT|31/100|[from] recoil
|move|p1a: Eg|Belly Drum|p1a: Eg
|-damage|p1a: Eg|38/100 brn
|-setboost|p1a: Eg|atk|6|[from] move: Belly Drum
|
|-weather|Sandstorm|[upkeep]
|-damage|p1b: Theater Suckz|76/100|[from] Sandstorm
|-damage|p2b: BIG SHOT|25/100|[from] Sandstorm
|-damage|p1a: Eg|32/100 brn|[from] Sandstorm
|-heal|p1a: Eg|38/100 brn|[from] item: Leftovers
|-damage|p1a: Eg|32/100 brn|[from] brn
|upkeep
|turn|5
|
|t:|1784075179
|switch|p2b: Mew Mew Magic|Primarina, L50, F|72/100 psn
|move|p1a: Eg|Aqua Jet|p2b: Mew Mew Magic
|-resisted|p2b: Mew Mew Magic|1
|-damage|p2b: Mew Mew Magic|49/100 psn
|move|p1b: Theater Suckz|Knock Off|p2a: WORLD REVOLVING
|-start|p1b: Theater Suckz|typechange|Dark|[from] ability: Protean
|-supereffective|p2a: WORLD REVOLVING|1
|-damage|p2a: WORLD REVOLVING|10/100
|-enditem|p2a: WORLD REVOLVING|Leftovers|[from] move: Knock Off|[of] p1b: Theater Suckz
|move|p2a: WORLD REVOLVING|Make It Rain|p1a: Eg|[spread] p1a,p1b
|-damage|p1a: Eg|0 fnt
|-damage|p1b: Theater Suckz|0 fnt
|-unboost|p2a: WORLD REVOLVING|spa|2
|faint|p1a: Eg
|faint|p1b: Theater Suckz
|
|-weather|none
|-damage|p2b: Mew Mew Magic|37/100 psn|[from] psn
|upkeep
|
|t:|1784075198
|switch|p1b: 1Billion Bees|Froslass, L50, F|100/100
|switch|p1a: Her|Incineroar, L50, F|5/100
|-enditem|p1a: Her|Sitrus Berry|[eat]
|-heal|p1a: Her|30/100|[from] item: Sitrus Berry
|-ability|p1a: Her|Intimidate|boost
|-unboost|p2a: WORLD REVOLVING|atk|1
|-unboost|p2b: Mew Mew Magic|atk|1
|turn|6
|
|t:|1784075223
|detailschange|p1b: 1Billion Bees|Froslass-Mega, L50, F
|-mega|p1b: 1Billion Bees|Froslass|Froslassite
|-weather|Snowscape|[from] ability: Snow Warning|[of] p1b: 1Billion Bees
|move|p1a: Her|Fake Out|p2b: Mew Mew Magic
|-damage|p2b: Mew Mew Magic|25/100 psn
|move|p1b: 1Billion Bees|Aurora Veil|p1b: 1Billion Bees
|-sidestart|p1: PrawnCD|move: Aurora Veil
|move|p2a: WORLD REVOLVING|Shadow Ball|p1b: 1Billion Bees
|-supereffective|p1b: 1Billion Bees|1
|-damage|p1b: 1Billion Bees|59/100
|cant|p2b: Mew Mew Magic|flinch
|
|-weather|Snowscape|[upkeep]
|-damage|p2b: Mew Mew Magic|12/100 psn|[from] psn
|upkeep
|turn|7
|
|t:|1784075276
|move|p1b: 1Billion Bees|Blizzard|p2a: WORLD REVOLVING|[spread] p2a,p2b
|-resisted|p2a: WORLD REVOLVING|1
|-resisted|p2b: Mew Mew Magic|1
|-damage|p2a: WORLD REVOLVING|0 fnt
|-damage|p2b: Mew Mew Magic|0 fnt
|faint|p2a: WORLD REVOLVING
|faint|p2b: Mew Mew Magic
|move|p1a: Her|Taunt|p2: WORLD REVOLVING|[notarget]
|-fail|p1a: Her
|
|-weather|Snowscape|[upkeep]
|upkeep
|
|t:|1784075285
|switch|p2a: BIG SHOT|Sableye, L50, F|25/100
|-status|p2a: BIG SHOT|psn
|turn|8
|
|t:|1784075305
|move|p1b: 1Billion Bees|Protect|p1b: 1Billion Bees
|-singleturn|p1b: 1Billion Bees|Protect
|move|p2a: BIG SHOT|Will-O-Wisp|p1b: 1Billion Bees
|-activate|p1b: 1Billion Bees|move: Protect
|move|p1a: Her|Taunt|p2a: BIG SHOT
|-start|p2a: BIG SHOT|move: Taunt
|
|-weather|Snowscape|[upkeep]
|-damage|p2a: BIG SHOT|13/100 psn|[from] psn
|upkeep
|turn|9
|
|t:|1784075320
|move|p1b: 1Billion Bees|Shadow Ball|p2a: BIG SHOT
|-damage|p2a: BIG SHOT|0 fnt
|faint|p2a: BIG SHOT
|
|win|PrawnCD
||PrawnCD is ready for game 3.
|inactive|home at last has 30 seconds to confirm battle start!
||home at last is ready for game 3.
|uhtml|next|Next: Game 3 of 3
|l|☆PrawnCD
|player|p1|
|l| frosteefromyt
|l| grandpapafish
