|j|☆Slo-mmo-o
|j|☆MauryOF
|html|Slo-mmo-oMauryOF    
|uhtml|bestof|Game 1 of a best-of-3
|t:|1756479327
|gametype|doubles
|player|p1|Slo-mmo-o|lance|1128
|player|p2|MauryOF|clerk|1000
|gen|9
|tier|[Gen 9] VGC 2025 Reg H (Bo3)
|rated|
|rule|Species Clause: Limit one of each Pokémon
|rule|Item Clause: Limit 1 of each item
|clearpoke
|poke|p1|Kommo-o, L50, F|
|poke|p1|Ninetales-Alola, L50, F|
|poke|p1|Rillaboom, L50, M|
|poke|p1|Electabuzz, L50, M|
|poke|p1|Annihilape, L50, M|
|poke|p1|Kingambit, L50, F|
|poke|p2|Illumise, L50, F|
|poke|p2|Ursaluna-Bloodmoon, L50, M|
|poke|p2|Weezing-Galar, L50, M|
|poke|p2|Porygon2, L50|
|poke|p2|Incineroar, L50, M|
|poke|p2|Goodra, L50, F|
|teampreview|4
|showteam|p1|Kommo-o||LifeOrb|Soundproof|ClangingScales,AuraSphere,Flamethrower,Protect|||F|||50|,,,,,Fire]Ninetales-Alola||NeverMeltIce|SnowWarning|Blizzard,FreezeDry,Encore,Protect|||F|||50|,,,,,Ice]Rillaboom||AssaultVest|GrassySurge|WoodHammer,GrassyGlide,HighHorsepower,FakeOut|||M|||50|,,,,,Poison]Electabuzz||Eviolite|VitalSpirit|Electroweb,HelpingHand,FollowMe,Protect|||M|||50|,,,,,Ghost]Annihilape||FocusSash|Defiant|CloseCombat,ShadowClaw,FinalGambit,Taunt|||M|||50|,,,,,Stellar]Kingambit||BlackGlasses|Defiant|KowtowCleave,SuckerPunch,SwordsDance,Protect|||F|||50|,,,,,Dark
|showteam|p2|Illumise||FocusSash|Prankster|Tailwind,Flatter,Encore,Protect|||F|||50|,,,,,Ghost]Ursaluna-Bloodmoon||LifeOrb|MindsEye|Protect,HyperVoice,EarthPower,BloodMoon|||M|||50|,,,,,Water]Weezing-Galar||EjectPack|MistySurge|Overheat,Protect,SludgeBomb,DazzlingGleam|||M|||50|,,,,,Fire]Porygon2||Eviolite|Download|TrickRoom,IceBeam,Recover,TeraBlast||||||50|,,,,,Normal]Incineroar||SitrusBerry|Intimidate|Roar,KnockOff,PartingShot,FakeOut|||M|||50|,,,,,Water]Goodra||AssaultVest|SapSipper|Feint,MuddyWater,Thunderbolt,DracoMeteor|||F|||50|,,,,,Water
|inactive|Battle timer is ON: inactive players will automatically lose when time's up. (requested by Slo-mmo-o)
|inactive|Slo-mmo-o has 60 seconds left.
|inactive|MauryOF has 60 seconds left.
|
|t:|1756479367
|teamsize|p1|4
|teamsize|p2|4
|start
|switch|p1a: Monkey Gong|Rillaboom, L50, M|100/100
|switch|p1b: Hobo|Annihilape, L50, M, shiny|100/100
|switch|p2a: Weezing|Weezing-Galar, L50, M|100/100
|switch|p2b: Illumise|Illumise, L50, F|100/100
|-fieldstart|move: Grassy Terrain|[from] ability: Grassy Surge|[of] p1a: Monkey Gong
|-fieldstart|move: Misty Terrain|[from] ability: Misty Surge|[of] p2a: Weezing
|turn|1
|inactive|MauryOF has 30 seconds left.
|
|t:|1756479395
|move|p2b: Illumise|Protect|p2b: Illumise
|-singleturn|p2b: Illumise|Protect
|move|p2a: Weezing|Protect|p2a: Weezing
|-singleturn|p2a: Weezing|Protect
|move|p1b: Hobo|Taunt|p2b: Illumise
|-activate|p2b: Illumise|move: Protect
|move|p1a: Monkey Gong|High Horsepower|p2a: Weezing
|-activate|p2a: Weezing|move: Protect
|
|upkeep
|turn|2
|
|t:|1756479413
|switch|p1b: Queen Goober|Kingambit, L50, F, shiny|100/100
|-terastallize|p1a: Monkey Gong|Poison
|move|p2b: Illumise|Tailwind|p2b: Illumise
|-sidestart|p2: MauryOF|move: Tailwind
|move|p2a: Weezing|Overheat|p1a: Monkey Gong
|-damage|p1a: Monkey Gong|76/100
|-unboost|p2a: Weezing|spa|2
|-enditem|p2a: Weezing|Eject Pack
|
|t:|1756479431
|switch|p2a: Goodra|Goodra, L50, F|100/100
|move|p1a: Monkey Gong|High Horsepower|p2a: Goodra
|-damage|p2a: Goodra|59/100
|
|upkeep
|turn|3
|inactive|MauryOF has 30 seconds left.
|inactive|MauryOF has 20 seconds left.
|inactive|MauryOF has 15 seconds left.
|inactive|MauryOF has 10 seconds left.
|
|t:|1756479478
|switch|p1a: Lumi|Ninetales-Alola, L50, F, shiny|100/100
|-weather|Snowscape|[from] ability: Snow Warning|[of] p1a: Lumi
|-terastallize|p2a: Goodra|Water
|move|p2b: Illumise|Flatter|p2a: Goodra
|-boost|p2a: Goodra|spa|1
|-activate|p2a: Goodra|move: Misty Terrain
|move|p2a: Goodra|Muddy Water|p1a: Lumi|[spread] p1a
|-miss|p2a: Goodra|p1b: Queen Goober
|-damage|p1a: Lumi|42/100
|move|p1b: Queen Goober|Swords Dance|p1b: Queen Goober
|-boost|p1b: Queen Goober|atk|2
|
|-weather|Snowscape|[upkeep]
|upkeep
|turn|4
|inactive|MauryOF has 30 seconds left.
|inactive|MauryOF has 20 seconds left.
|
|t:|1756479513
|switch|p1a: Monkey Gong|Rillaboom, L50, M, tera:Poison|76/100
|-fieldstart|move: Grassy Terrain|[from] ability: Grassy Surge|[of] p1a: Monkey Gong
|move|p2b: Illumise|Flatter|p2a: Goodra
|-boost|p2a: Goodra|spa|1
|-start|p2a: Goodra|confusion
|move|p1b: Queen Goober|Sucker Punch|p2a: Goodra
|-damage|p2a: Goodra|0 fnt
|faint|p2a: Goodra
|
|-weather|Snowscape|[upkeep]
|-heal|p1a: Monkey Gong|82/100|[from] Grassy Terrain
|upkeep
|
|t:|1756479531
|switch|p2a: Weezing|Weezing-Galar, L50, M|100/100
|-fieldstart|move: Misty Terrain|[from] ability: Misty Surge|[of] p2a: Weezing
|turn|5
|
|t:|1756479543
|move|p2b: Illumise|Protect|p2b: Illumise
|-singleturn|p2b: Illumise|Protect
|move|p2a: Weezing|Protect|p2a: Weezing
|-singleturn|p2a: Weezing|Protect
|move|p1a: Monkey Gong|Fake Out|p2a: Weezing
|-activate|p2a: Weezing|move: Protect
|move|p1b: Queen Goober|Swords Dance|p1b: Queen Goober
|-boost|p1b: Queen Goober|atk|2
|
|-weather|Snowscape|[upkeep]
|-sideend|p2: MauryOF|move: Tailwind
|upkeep
|turn|6
|
|t:|1756479563
|move|p1b: Queen Goober|Protect|p1b: Queen Goober
|-singleturn|p1b: Queen Goober|Protect
|move|p2b: Illumise|Tailwind|p2b: Illumise
|-sidestart|p2: MauryOF|move: Tailwind
|move|p2a: Weezing|Overheat|p1b: Queen Goober
|-activate|p1b: Queen Goober|move: Protect
|move|p1a: Monkey Gong|High Horsepower|p2a: Weezing
|-supereffective|p2a: Weezing
|-damage|p2a: Weezing|39/100
|
|-weather|Snowscape|[upkeep]
|upkeep
|turn|7
|inactive|MauryOF has 30 seconds left.
|inactive|MauryOF has 20 seconds left.
|
|t:|1756479601
|switch|p1a: Hobo|Annihilape, L50, M, shiny|100/100
|move|p2b: Illumise|Protect|p2b: Illumise
|-singleturn|p2b: Illumise|Protect
|move|p1b: Queen Goober|Sucker Punch|p2a: Weezing
|-resisted|p2a: Weezing
|-damage|p2a: Weezing|0 fnt
|faint|p2a: Weezing
|
|-weather|none
|upkeep
|
|t:|1756479621
|switch|p2a: Ursaluna|Ursaluna-Bloodmoon, L50, M|100/100
|turn|8
|-message|MauryOF forfeited.
|raw|Slo-mmo-o's rating: 1128 → 1144(+16 for winning)
|raw|MauryOF's rating: 1000 → 1000(+0 for losing)
|
|win|Slo-mmo-o
|l|☆MauryOF
|player|p2|
