|j|☆lettitripppp
|j|☆jamiejoliver
|html|lettitrippppjamiejoliver    
|uhtml|bestof|Game 2 of a best-of-3
|t:|1783738501
|gametype|doubles
|player|p1|lettitripppp|lucas|1184
|player|p2|jamiejoliver|169|1274
|gen|9
|tier|[Gen 9 Champions] VGC 2026 Reg M-B (Bo3)
|rated|
|rule|Species Clause: Limit one of each Pokémon
|rule|Item Clause: Limit 1 of each item
|clearpoke
|poke|p1|Charizard, L50, F|
|poke|p1|Basculegion, L50, M|
|poke|p1|Whimsicott, L50, F, shiny|
|poke|p1|Garchomp, L50, F, shiny|
|poke|p1|Floette-Eternal, L50, F|
|poke|p1|Kingambit, L50, M, shiny|
|poke|p2|Blaziken, L50, M|
|poke|p2|Ninetales-Alola, L50, F|
|poke|p2|Farigiraf, L50, M|
|poke|p2|Sylveon, L50, F|
|poke|p2|Aerodactyl, L50, F|
|poke|p2|Kingambit, L50, M|
|teampreview|4
|showteam|p1|Charizard||CharizarditeY|Blaze|WeatherBall,SolarBeam,HeatWave,Protect|Modest||F|||50|]Basculegion||MysticWater|Adaptability|LastRespects,WaveCrash,AquaJet,Protect|Adamant||M|||50|]Whimsicott||FocusSash|Prankster|Moonblast,Tailwind,Encore,Protect|Timid||F|||50|]Garchomp||LifeOrb|RoughSkin|DragonClaw,Earthquake,RockSlide,Protect|Jolly||F|||50|]Floette-Eternal||Floettite|FlowerVeil|DazzlingGleam,LightofRuin,Moonblast,Protect|Modest||F|||50|]Kingambit||ChopleBerry|Defiant|KowtowCleave,SuckerPunch,IronHead,LowKick|Adamant||M|||50|
|showteam|p2|Blaziken||Blazikenite|SpeedBoost|FlareBlitz,CloseCombat,Protect,RockSlide|Jolly||M|||50|]Ninetales-Alola||ChoiceScarf|SnowWarning|Blizzard,FreezeDry,IcyWind,Howl|Timid||F|||50|]Farigiraf||ColburBerry|ArmorTail|TwinBeam,Thunderbolt,TrickRoom,Roar|Relaxed||M|||50|]Sylveon||LifeOrb|Pixilate|HyperVoice,HyperBeam,QuickAttack,Detect|Modest||F|||50|]Aerodactyl||Aerodactylite|RockHead|DualWingbeat,IceFang,Tailwind,RockSlide|Jolly||F|||50|]Kingambit||FocusSash|Defiant|KowtowCleave,IronHead,LowKick,SuckerPunch|Adamant||M|||50|
|inactive|Battle timer is ON: inactive players will automatically lose when time's up. (requested by lettitripppp)
|inactive|jamiejoliver has 60 seconds left.
|
|t:|1783738544
|teamsize|p1|4
|teamsize|p2|4
|start
|switch|p1a: RUINOUS LIGHT|Floette-Eternal, L50, F|100/100
|switch|p1b: LETS GO GO|Whimsicott, L50, F, shiny|100/100
|switch|p2a: Kingambit|Kingambit, L50, M|100/100
|switch|p2b: Aerodactyl|Aerodactyl, L50, F|100/100
|turn|1
|inactive|jamiejoliver has 30 seconds left.
|
|t:|1783738574
|detailschange|p2b: Aerodactyl|Aerodactyl-Mega, L50, F
|-mega|p2b: Aerodactyl|Aerodactyl|Aerodactylite
|detailschange|p1a: RUINOUS LIGHT|Floette-Mega, L50, F
|-mega|p1a: RUINOUS LIGHT|Floette|Floettite
|-ability|p1a: RUINOUS LIGHT|Fairy Aura
|move|p1b: LETS GO GO|Tailwind|p1b: LETS GO GO
|-sidestart|p1: lettitripppp|move: Tailwind
|move|p1a: RUINOUS LIGHT|Light of Ruin|p2b: Aerodactyl
|-damage|p2b: Aerodactyl|0 fnt
|faint|p2b: Aerodactyl
|-damage|p1a: RUINOUS LIGHT|45/100|[from] Recoil
|move|p2a: Kingambit|Iron Head|p1a: RUINOUS LIGHT
|-supereffective|p1a: RUINOUS LIGHT|1
|-damage|p1a: RUINOUS LIGHT|0 fnt
|faint|p1a: RUINOUS LIGHT
|
|upkeep
|
|t:|1783738588
|switch|p2b: Ninetales|Ninetales-Alola, L50, F|100/100
|switch|p1a: GENERAL BLADUS|Kingambit, L50, M, shiny|100/100
|-weather|Snowscape|[from] ability: Snow Warning|[of] p2b: Ninetales
|turn|2
|
|t:|1783738611
|switch|p2a: Sylveon|Sylveon, L50, F|100/100
|move|p1b: LETS GO GO|Moonblast|p2a: Sylveon
|-damage|p2a: Sylveon|78/100
|move|p2b: Ninetales|Blizzard|p1a: GENERAL BLADUS|[spread] p1a,p1b
|-resisted|p1a: GENERAL BLADUS|1
|-supereffective|p1b: LETS GO GO|1
|-damage|p1a: GENERAL BLADUS|85/100
|-enditem|p1b: LETS GO GO|Focus Sash
|-damage|p1b: LETS GO GO|1/100
|move|p1a: GENERAL BLADUS|Low Kick|p2a: Sylveon
|-resisted|p2a: Sylveon|1
|-damage|p2a: Sylveon|68/100
|
|-weather|Snowscape|[upkeep]
|upkeep
|turn|3
|inactive|jamiejoliver has 30 seconds left.
|inactive|jamiejoliver has 20 seconds left.
|inactive|jamiejoliver has 15 seconds left.
|inactive|jamiejoliver has 10 seconds left.
|
|t:|1783738660
|switch|p1b: GHOSTWAVE|Basculegion, L50, M|100/100
|switch|p2b: Kingambit|Kingambit, L50, M|100/100
|move|p2a: Sylveon|Detect|p2a: Sylveon
|-singleturn|p2a: Sylveon|Protect
|move|p1a: GENERAL BLADUS|Iron Head|p2a: Sylveon
|-activate|p2a: Sylveon|move: Protect
|
|-weather|Snowscape|[upkeep]
|upkeep
|turn|4
|
|t:|1783738682
|switch|p2b: Ninetales|Ninetales-Alola, L50, F|100/100
|move|p1b: GHOSTWAVE|Wave Crash|p2b: Ninetales
|-damage|p2b: Ninetales|8/100
|-damage|p1b: GHOSTWAVE|77/100|[from] Recoil
|move|p1a: GENERAL BLADUS|Iron Head|p2a: Sylveon
|-supereffective|p2a: Sylveon|1
|-damage|p2a: Sylveon|0 fnt
|faint|p2a: Sylveon
|
|-weather|Snowscape|[upkeep]
|-sideend|p1: lettitripppp|move: Tailwind
|upkeep
|
|t:|1783738692
|switch|p2a: Kingambit|Kingambit, L50, M|100/100
|turn|5
|
|t:|1783738708
|move|p1b: GHOSTWAVE|Aqua Jet|p2b: Ninetales
|-damage|p2b: Ninetales|0 fnt
|faint|p2b: Ninetales
|move|p2a: Kingambit|Low Kick|p1a: GENERAL BLADUS
|-supereffective|p1a: GENERAL BLADUS|2
|-enditem|p1a: GENERAL BLADUS|Chople Berry|[eat]
|-enditem|p1a: GENERAL BLADUS|Chople Berry|[weaken]
|-damage|p1a: GENERAL BLADUS|26/100
|move|p1a: GENERAL BLADUS|Low Kick|p2a: Kingambit
|-supereffective|p2a: Kingambit|2
|-enditem|p2a: Kingambit|Focus Sash
|-damage|p2a: Kingambit|1/100
|
|-weather|Snowscape|[upkeep]
|upkeep
|turn|6
|
|t:|1783738718
|move|p1b: GHOSTWAVE|Aqua Jet|p2a: Kingambit
|-damage|p2a: Kingambit|0 fnt
|faint|p2a: Kingambit
|
|win|lettitripppp
