|j|‽Malgooee
|j|☆Chocokoala VGC
|html|MalgooeeChocokoala VGC    
|uhtml|bestof|Game 1 of a best-of-3
|t:|1757831380
|gametype|doubles
|player|p1|Malgooee|102|1098
|player|p2|Chocokoala VGC|aaron|1104
|gen|9
|tier|[Gen 9] VGC 2025 Reg H (Bo3)
|rated|
|rule|Species Clause: Limit one of each Pokémon
|rule|Item Clause: Limit 1 of each item
|clearpoke
|poke|p1|Gothitelle, L50, M|
|poke|p1|Archaludon, L50, M|
|poke|p1|Amoonguss, L50, F|
|poke|p1|Politoed, L50, M|
|poke|p1|Sneasler, L50, M|
|poke|p1|Thwackey, L50, M|
|poke|p2|Sneasler, L50, F|
|poke|p2|Garchomp, L50, M|
|poke|p2|Kilowattrel, L50, M|
|poke|p2|Indeedee, L50, M|
|poke|p2|Gastrodon-East, L50, M|
|poke|p2|Armarouge, L50, M|
|teampreview|4
|showteam|p1|Gothitelle||Leftovers|ShadowTag|TrickRoom,FakeOut,Protect,Taunt|||M|||50|,,,,,Grass]Archaludon||AssaultVest|Stamina|BodyPress,DracoMeteor,ElectroShot,FlashCannon|||M|||50|,,,,,Electric]Amoonguss||RockyHelmet|Regenerator|Spore,Protect,RagePowder,PollenPuff|||F|||50|,,,,,Dark]Politoed||SitrusBerry|Drizzle|PerishSong,Protect,Encore,WeatherBall|||M|||50|,,,,,Grass]Sneasler||GrassySeed|Unburden|CloseCombat,DireClaw,Coaching,Protect|||M|||50|,,,,,Bug]Thwackey||Eviolite|GrassySurge|Protect,FakeOut,WoodHammer,KnockOff|||M|||50|,,,,,Dark
|showteam|p2|Sneasler||PsychicSeed|Unburden|Acrobatics,CloseCombat,DireClaw,Protect|||F|||50|,,,,,Flying]Garchomp||LifeOrb|RoughSkin|Earthquake,StompingTantrum,DragonClaw,Protect|||M|||50|,,,,,Steel]Kilowattrel||FocusSash|Competitive|Tailwind,Protect,Discharge,AirSlash|||M|||50|,,,,,Ghost]Indeedee||SafetyGoggles|PsychicSurge|ExpandingForce,TrickRoom,Imprison,Protect|||M|||50|,,,,,Psychic]Gastrodon-East||Leftovers|StormDrain|ClearSmog,IceBeam,EarthPower,Protect|||M|||50|,,,,,Fairy]Armarouge||MindPlate|FlashFire|ExpandingForce,Protect,WideGuard,ArmorCannon|||M|||50|,,,,,Grass
|inactive|Battle timer is ON: inactive players will automatically lose when time's up. (requested by Chocokoala VGC)
|inactive|Malgooee also wants the timer to be on.
|c|☆Chocokoala VGC|Twakey?
|inactive|Malgooee has 60 seconds left.
|inactive|Chocokoala VGC has 60 seconds left.
|
|t:|1757831440
|teamsize|p1|4
|teamsize|p2|4
|start
|switch|p1a: Gothitelle|Gothitelle, L50, M|100/100
|switch|p1b: Politoed|Politoed, L50, M|100/100
|switch|p2a: Kilowattrel|Kilowattrel, L50, M|100/100
|switch|p2b: Garchomp|Garchomp, L50, M|100/100
|-weather|RainDance|[from] ability: Drizzle|[of] p1b: Politoed
|turn|1
|inactive|Malgooee has 30 seconds left.
|
|t:|1757831468
|-terastallize|p2a: Kilowattrel|Ghost
|-terastallize|p1b: Politoed|Grass
|move|p1a: Gothitelle|Fake Out|p2b: Garchomp
|-damage|p2b: Garchomp|94/100
|-damage|p1a: Gothitelle|88/100|[from] ability: Rough Skin|[of] p2b: Garchomp
|move|p2a: Kilowattrel|Discharge|p1a: Gothitelle|[spread] p1a,p1b
|-immune|p2b: Garchomp
|-resisted|p1b: Politoed
|-damage|p1a: Gothitelle|67/100
|-damage|p1b: Politoed|90/100
|cant|p2b: Garchomp|flinch
|move|p1b: Politoed|Perish Song|p1b: Politoed
|-start|p1a: Gothitelle|perish3|[silent]
|-start|p1b: Politoed|perish3|[silent]
|-start|p2a: Kilowattrel|perish3|[silent]
|-start|p2b: Garchomp|perish3|[silent]
|-fieldactivate|move: Perish Song
|
|-weather|RainDance|[upkeep]
|-heal|p1a: Gothitelle|73/100|[from] item: Leftovers
|-start|p2a: Kilowattrel|perish3
|-start|p2b: Garchomp|perish3
|-start|p1b: Politoed|perish3
|-start|p1a: Gothitelle|perish3
|upkeep
|turn|2
|inactive|Malgooee has 30 seconds left.
|inactive|Malgooee has 20 seconds left.
|
|t:|1757831508
|switch|p1b: Thwackey|Thwackey, L50, M, shiny|100/100
|-fieldstart|move: Grassy Terrain|[from] ability: Grassy Surge|[of] p1b: Thwackey
|move|p1a: Gothitelle|Protect|p1a: Gothitelle
|-singleturn|p1a: Gothitelle|Protect
|move|p2a: Kilowattrel|Air Slash|p1b: Thwackey
|-supereffective|p1b: Thwackey
|-damage|p1b: Thwackey|42/100
|move|p2b: Garchomp|Dragon Claw|p1a: Gothitelle
|-activate|p1a: Gothitelle|move: Protect
|
|-weather|RainDance|[upkeep]
|-heal|p2b: Garchomp|100/100|[from] Grassy Terrain
|-heal|p1b: Thwackey|48/100|[from] Grassy Terrain
|-heal|p1a: Gothitelle|80/100|[from] Grassy Terrain
|-heal|p1a: Gothitelle|86/100|[from] item: Leftovers
|-start|p2a: Kilowattrel|perish2
|-start|p2b: Garchomp|perish2
|-start|p1a: Gothitelle|perish2
|upkeep
|turn|3
|inactive|Malgooee has 30 seconds left.
|
|t:|1757831538
|switch|p2a: Indeedee|Indeedee, L50, M|100/100
|-fieldstart|move: Psychic Terrain|[from] ability: Psychic Surge|[of] p2a: Indeedee
|move|p1b: Thwackey|Fake Out|p2b: Garchomp
|-activate|p2b: Garchomp|move: Psychic Terrain
|move|p2b: Garchomp|Dragon Claw|p1a: Gothitelle
|-damage|p1a: Gothitelle|43/100
|-damage|p2b: Garchomp|91/100|[from] item: Life Orb
|move|p1a: Gothitelle|Trick Room|p1a: Gothitelle
|-fieldstart|move: Trick Room|[of] p1a: Gothitelle
|
|-weather|RainDance|[upkeep]
|-heal|p1a: Gothitelle|50/100|[from] item: Leftovers
|-start|p1a: Gothitelle|perish1
|-start|p2b: Garchomp|perish1
|upkeep
|turn|4
|inactive|Malgooee has 30 seconds left.
|inactive|Chocokoala VGC has 30 seconds left.
|inactive|Malgooee has 20 seconds left.
|inactive|Malgooee has 15 seconds left.
|
|t:|1757831580
|switch|p1a: Politoed|Politoed, L50, M, tera:Grass|90/100
|move|p1b: Thwackey|Protect|p1b: Thwackey
|-singleturn|p1b: Thwackey|Protect
|move|p2b: Garchomp|Dragon Claw|p1a: Politoed
|-damage|p1a: Politoed|42/100
|-enditem|p1a: Politoed|Sitrus Berry|[eat]
|-heal|p1a: Politoed|66/100|[from] item: Sitrus Berry
|-damage|p2b: Garchomp|81/100|[from] item: Life Orb
|move|p2a: Indeedee|Trick Room|p2a: Indeedee
|-fieldend|move: Trick Room
|
|-weather|RainDance|[upkeep]
|-start|p2b: Garchomp|perish0
|faint|p2b: Garchomp
|upkeep
|
|t:|1757831589
|switch|p2b: Sneasler|Sneasler, L50, F|100/100
|-enditem|p2b: Sneasler|Psychic Seed
|-boost|p2b: Sneasler|spd|1|[from] item: Psychic Seed
|turn|5
|
|t:|1757831607
|switch|p1b: Gothitelle|Gothitelle, L50, M|50/100
|move|p1a: Politoed|Protect|p1a: Politoed
|-singleturn|p1a: Politoed|Protect
|move|p2b: Sneasler|Dire Claw|p1a: Politoed
|-activate|p1a: Politoed|move: Protect
|move|p2a: Indeedee|Expanding Force|p1b: Gothitelle|[spread] p1b
|-activate|p1a: Politoed|move: Protect
|-resisted|p1b: Gothitelle
|-damage|p1b: Gothitelle|27/100
|
|-weather|none
|-heal|p1b: Gothitelle|33/100|[from] item: Leftovers
|upkeep
|turn|6
|inactive|Malgooee has 30 seconds left.
|inactive|Malgooee has 20 seconds left.
|inactive|Malgooee has 15 seconds left.
|
|t:|1757831652
|switch|p1a: Sneasler|Sneasler, L50, M|100/100
|switch|p1b: Thwackey|Thwackey, L50, M, shiny|48/100
|-fieldstart|move: Grassy Terrain|[from] ability: Grassy Surge|[of] p1b: Thwackey
|-enditem|p1a: Sneasler|Grassy Seed
|-boost|p1a: Sneasler|def|1|[from] item: Grassy Seed
|move|p2b: Sneasler|Acrobatics|p1a: Sneasler
|-supereffective|p1a: Sneasler
|-damage|p1a: Sneasler|35/100
|move|p2a: Indeedee|Expanding Force|p1b: Thwackey
|-damage|p1b: Thwackey|12/100
|
|-heal|p1a: Sneasler|41/100|[from] Grassy Terrain
|-heal|p1b: Thwackey|18/100|[from] Grassy Terrain
|upkeep
|turn|7
|inactive|Malgooee has 30 seconds left.
|inactive|Malgooee has 20 seconds left.
|inactive|Malgooee has 15 seconds left.
|inactive|Malgooee has 10 seconds left.
|inactive|Malgooee has 5 seconds left.
|
|t:|1757831705
|switch|p2a: Kilowattrel|Kilowattrel, L50, M, tera:Ghost|100/100
|move|p2b: Sneasler|Protect|p2b: Sneasler
|-singleturn|p2b: Sneasler|Protect
|move|p1b: Thwackey|Fake Out|p2a: Kilowattrel
|-immune|p2a: Kilowattrel
|move|p1a: Sneasler|Close Combat|p2b: Sneasler
|-activate|p2b: Sneasler|move: Protect
|
|-heal|p1a: Sneasler|47/100|[from] Grassy Terrain
|-heal|p1b: Thwackey|24/100|[from] Grassy Terrain
|upkeep
|turn|8
|inactive|Malgooee has 30 seconds left.
|inactive|Chocokoala VGC has 30 seconds left.
|
|t:|1757831743
|switch|p1b: Gothitelle|Gothitelle, L50, M|33/100
|move|p2b: Sneasler|Acrobatics|p1b: Gothitelle
|-damage|p1b: Gothitelle|0 fnt
|faint|p1b: Gothitelle
|move|p1a: Sneasler|Close Combat|p2b: Sneasler
|-resisted|p2b: Sneasler
|-damage|p2b: Sneasler|56/100
|-unboost|p1a: Sneasler|def|1
|-unboost|p1a: Sneasler|spd|1
|move|p2a: Kilowattrel|Air Slash|p1a: Sneasler
|-supereffective|p1a: Sneasler
|-damage|p1a: Sneasler|0 fnt
|faint|p1a: Sneasler
|
|-heal|p2b: Sneasler|62/100|[from] Grassy Terrain
|upkeep
|
|t:|1757831763
|switch|p1a: Politoed|Politoed, L50, M, tera:Grass|66/100
|switch|p1b: Thwackey|Thwackey, L50, M, shiny|24/100
|-weather|RainDance|[from] ability: Drizzle|[of] p1a: Politoed
|turn|9
|
|t:|1757831781
|switch|p2a: Indeedee|Indeedee, L50, M|100/100
|-fieldstart|move: Psychic Terrain|[from] ability: Psychic Surge|[of] p2a: Indeedee
|move|p2b: Sneasler|Dire Claw|p1a: Politoed
|-supereffective|p1a: Politoed
|-damage|p1a: Politoed|0 fnt
|faint|p1a: Politoed
|move|p1b: Thwackey|Knock Off|p2b: Sneasler
|-resisted|p2b: Sneasler
|-damage|p2b: Sneasler|51/100
|
|-weather|RainDance|[upkeep]
|upkeep
|turn|10
|-message|Malgooee forfeited.
|
|win|Chocokoala VGC
|l|‽Malgooee
|player|p1|
||Malgooee is ready for game 2.
||Chocokoala VGC is ready for game 2.
|uhtml|next|Next: Game 2 of 3
