|j|☆PaquitoelBollito
|j|☆SylvieVGC
|html|PaquitoelBollitoSylvieVGC    
|uhtml|bestof|Game 1 of a best-of-3
|t:|1783807053
|gametype|doubles
|player|p1|PaquitoelBollito|102|1066
|player|p2|SylvieVGC|jacinthe|1000
|gen|9
|tier|[Gen 9 Champions] VGC 2026 Reg M-B (Bo3)
|rated|
|rule|Species Clause: Limit one of each Pokémon
|rule|Item Clause: Limit 1 of each item
|clearpoke
|poke|p1|Aerodactyl, L50, F|
|poke|p1|Kingambit, L50, M|
|poke|p1|Garchomp, L50, F|
|poke|p1|Farigiraf, L50, F|
|poke|p1|Charizard, L50, F|
|poke|p1|Sylveon, L50, F|
|poke|p2|Staraptor, L50, M|
|poke|p2|Houndstone, L50, M|
|poke|p2|Tyranitar, L50, M|
|poke|p2|Rotom-Wash, L50|
|poke|p2|Excadrill, L50, M|
|poke|p2|Venusaur, L50, M|
|teampreview|4
|showteam|p1|Aerodactyl||Aerodactylite|Unnerve|Tailwind,DualWingbeat,IceFang,RockSlide|Jolly||F|||50|]Kingambit||BlackGlasses|Defiant|SuckerPunch,KowtowCleave,Protect,LowKick|Adamant||M|||50|]Garchomp||LifeOrb|RoughSkin|Protect,DragonClaw,Earthquake,StompingTantrum|Jolly||F|||50|]Farigiraf||SitrusBerry|ArmorTail|PsychicFangs,Thunderbolt,TrickRoom,SunnyDay|Relaxed||F|||50|]Charizard||CharizarditeY|Blaze|Protect,HeatWave,WeatherBall,SolarBeam|Modest||F|||50|]Sylveon||FairyFeather|Pixilate|HyperVoice,Protect,QuickAttack,HyperBeam|Modest||F|||50|
|showteam|p2|Staraptor||Staraptite|Intimidate|BraveBird,CloseCombat,Tailwind,Protect|Jolly||M|||50|]Houndstone||SitrusBerry|SandRush|LastRespects,WillOWisp,AllySwitch,Protect|Adamant||M|||50|]Tyranitar||ChoiceScarf|SandStream|RockSlide,KnockOff,IcePunch,LowKick|Jolly||M|||50|]Rotom-Wash||Magnet|Levitate|HydroPump,Thunderbolt,VoltSwitch,Protect|Modest|||||50|]Excadrill||FocusSash|SandRush|Earthquake,IronHead,RockSlide,Protect|Adamant||M|||50|]Venusaur||Venusaurite|Chlorophyll|SludgeBomb,EarthPower,SleepPowder,Protect|Modest||M|||50|
|inactive|Battle timer is ON: inactive players will automatically lose when time's up. (requested by PaquitoelBollito)
|inactive|PaquitoelBollito has 60 seconds left.
|inactive|SylvieVGC has 60 seconds left.
|inactive|PaquitoelBollito has 30 seconds left.
|inactive|PaquitoelBollito has 20 seconds left.
|inactive|PaquitoelBollito has 15 seconds left.
|
|t:|1783807131
|teamsize|p1|4
|teamsize|p2|4
|start
|switch|p1a: Aerodactyl|Aerodactyl, L50, F|100/100
|switch|p1b: Farigiraf|Farigiraf, L50, F|100/100
|switch|p2a: Staraptor|Staraptor, L50, M|100/100
|switch|p2b: Excadrill|Excadrill, L50, M|100/100
|-ability|p1a: Aerodactyl|Unnerve
|-ability|p2a: Staraptor|Intimidate|boost
|-unboost|p1a: Aerodactyl|atk|1
|-unboost|p1b: Farigiraf|atk|1
|turn|1
|inactive|PaquitoelBollito has 30 seconds left.
|inactive|PaquitoelBollito has 20 seconds left.
|inactive|SylvieVGC has 30 seconds left.
|inactive|SylvieVGC has 20 seconds left.
|
|t:|1783807178
|switch|p2a: Tyranitar|Tyranitar, L50, M|100/100
|-weather|Sandstorm|[from] ability: Sand Stream|[of] p2a: Tyranitar
|detailschange|p1a: Aerodactyl|Aerodactyl-Mega, L50, F
|-mega|p1a: Aerodactyl|Aerodactyl|Aerodactylite
|move|p2b: Excadrill|Rock Slide|p1a: Aerodactyl|[spread] p1a,p1b
|-supereffective|p1a: Aerodactyl|1
|-damage|p1a: Aerodactyl|45/100
|-damage|p1b: Farigiraf|83/100
|move|p1a: Aerodactyl|Dual Wingbeat|p2a: Tyranitar
|-resisted|p2a: Tyranitar|1
|-damage|p2a: Tyranitar|92/100
|-resisted|p2a: Tyranitar|1
|-damage|p2a: Tyranitar|85/100
|-hitcount|p2a: Tyranitar|2
|move|p1b: Farigiraf|Trick Room|p1b: Farigiraf
|-fieldstart|move: Trick Room|[of] p1b: Farigiraf
|
|-weather|Sandstorm|[upkeep]
|-damage|p1b: Farigiraf|77/100|[from] Sandstorm
|upkeep
|turn|2
|inactive|PaquitoelBollito has 30 seconds left.
|inactive|PaquitoelBollito has 20 seconds left.
|
|t:|1783807217
|switch|p1b: Garchomp|Garchomp, L50, F|100/100
|move|p2a: Tyranitar|Knock Off|p1b: Garchomp
|-damage|p1b: Garchomp|47/100
|-damage|p2a: Tyranitar|73/100|[from] ability: Rough Skin|[of] p1b: Garchomp
|-enditem|p1b: Garchomp|Life Orb|[from] move: Knock Off|[of] p2a: Tyranitar
|move|p1a: Aerodactyl|Ice Fang|p2b: Excadrill|[miss]
|-miss|p1a: Aerodactyl|p2b: Excadrill
|move|p2b: Excadrill|Rock Slide|p1b: Garchomp|[spread] p1a
|-miss|p2b: Excadrill|p1b: Garchomp
|-supereffective|p1a: Aerodactyl|1
|-damage|p1a: Aerodactyl|0 fnt
|faint|p1a: Aerodactyl
|
|-weather|Sandstorm|[upkeep]
|upkeep
|
|t:|1783807222
|switch|p1a: Sylveon|Sylveon, L50, F|100/100
|turn|3
|
|t:|1783807240
|switch|p2a: Staraptor|Staraptor, L50, M|100/100
|-ability|p2a: Staraptor|Intimidate|boost
|-unboost|p1a: Sylveon|atk|1
|-unboost|p1b: Garchomp|atk|1
|move|p1a: Sylveon|Protect|p1a: Sylveon
|-singleturn|p1a: Sylveon|Protect
|move|p1b: Garchomp|Earthquake|p2a: Staraptor|[spread] p2b
|-activate|p1a: Sylveon|move: Protect
|-immune|p2a: Staraptor
|-supereffective|p2b: Excadrill|1
|-damage|p2b: Excadrill|28/100
|move|p2b: Excadrill|Earthquake|p1b: Garchomp|[spread] p1b
|-activate|p1a: Sylveon|move: Protect
|-immune|p2a: Staraptor
|-damage|p1b: Garchomp|4/100
|
|-weather|Sandstorm|[upkeep]
|-damage|p1a: Sylveon|93/100|[from] Sandstorm
|-damage|p2a: Staraptor|94/100|[from] Sandstorm
|upkeep
|turn|4
|
|t:|1783807265
|switch|p2a: Rotom|Rotom-Wash, L50|100/100
|switch|p1b: Farigiraf|Farigiraf, L50, F|77/100
|move|p2b: Excadrill|Protect|p2b: Excadrill
|-singleturn|p2b: Excadrill|Protect
|move|p1a: Sylveon|Hyper Voice|p2a: Rotom|[spread] p2a
|-activate|p2b: Excadrill|move: Protect
|-damage|p2a: Rotom|49/100
|
|-weather|Sandstorm|[upkeep]
|-damage|p1b: Farigiraf|71/100|[from] Sandstorm
|-damage|p1a: Sylveon|87/100|[from] Sandstorm
|-damage|p2a: Rotom|43/100|[from] Sandstorm
|upkeep
|turn|5
|
|t:|1783807277
|move|p1b: Farigiraf|Thunderbolt|p2a: Rotom
|-damage|p2a: Rotom|21/100
|move|p1a: Sylveon|Hyper Voice|p2b: Excadrill|[spread] p2a,p2b
|-resisted|p2b: Excadrill|1
|-damage|p2a: Rotom|0 fnt
|-damage|p2b: Excadrill|0 fnt
|faint|p2a: Rotom
|faint|p2b: Excadrill
|
|-weather|none
|-fieldend|move: Trick Room
|upkeep
|
|t:|1783807280
|switch|p2b: Staraptor|Staraptor, L50, M|94/100
|switch|p2a: Tyranitar|Tyranitar, L50, M|73/100
|-weather|Sandstorm|[from] ability: Sand Stream|[of] p2a: Tyranitar
|-ability|p2b: Staraptor|Intimidate|boost
|-unboost|p1a: Sylveon|atk|1
|-unboost|p1b: Farigiraf|atk|1
|turn|6
|inactive|PaquitoelBollito has 30 seconds left.
|inactive|PaquitoelBollito has 20 seconds left.
|inactive|SylvieVGC has 30 seconds left.
|inactive|PaquitoelBollito has 15 seconds left.
|
|t:|1783807324
|detailschange|p2b: Staraptor|Staraptor-Mega, L50, M
|-mega|p2b: Staraptor|Staraptor|Staraptite
|move|p2a: Tyranitar|Knock Off|p1b: Farigiraf
|-supereffective|p1b: Farigiraf|1
|-damage|p1b: Farigiraf|0 fnt
|-enditem|p1b: Farigiraf|Sitrus Berry|[from] move: Knock Off|[of] p2a: Tyranitar
|faint|p1b: Farigiraf
|move|p2b: Staraptor|Close Combat|p1a: Sylveon
|-resisted|p1a: Sylveon|1
|-damage|p1a: Sylveon|55/100
|-boost|p2b: Staraptor|def|1
|-boost|p2b: Staraptor|spd|1
|move|p1a: Sylveon|Hyper Voice|p2b: Staraptor|[spread] p2a,p2b
|-supereffective|p2a: Tyranitar|1
|-supereffective|p2b: Staraptor|1
|-damage|p2a: Tyranitar|6/100
|-damage|p2b: Staraptor|27/100
|
|-weather|Sandstorm|[upkeep]
|-damage|p2b: Staraptor|21/100|[from] Sandstorm
|-damage|p1a: Sylveon|49/100|[from] Sandstorm
|upkeep
|
|t:|1783807337
|switch|p1b: Garchomp|Garchomp, L50, F|4/100
|turn|7
|
|t:|1783807356
|move|p1a: Sylveon|Quick Attack|p2a: Tyranitar
|-supereffective|p2a: Tyranitar|1
|-damage|p2a: Tyranitar|0 fnt
|faint|p2a: Tyranitar
|move|p2b: Staraptor|Brave Bird|p1a: Sylveon
|-crit|p1a: Sylveon
|-damage|p1a: Sylveon|0 fnt
|faint|p1a: Sylveon
|-damage|p2b: Staraptor|6/100|[from] Recoil
|move|p1b: Garchomp|Dragon Claw|p2b: Staraptor
|-damage|p2b: Staraptor|0 fnt
|faint|p2b: Staraptor
|
|win|PaquitoelBollito
