|j|☆elmono11
|j|☆trinton07
|html|elmono11trinton07    
|uhtml|bestof|Game 3 of a best-of-3
|t:|1785612936
|gametype|doubles
|player|p1|elmono11|101|1415
|player|p2|trinton07|265|1270
|gen|9
|tier|[Gen 9 Champions] VGC 2026 Reg M-B (Bo3)
|rated|
|rule|Species Clause: Limit one of each Pokémon
|rule|Item Clause: Limit 1 of each item
|clearpoke
|poke|p1|Charizard, L50, M|
|poke|p1|Floette-Eternal, L50, F|
|poke|p1|Garchomp, L50, F|
|poke|p1|Kingambit, L50, M|
|poke|p1|Basculegion, L50, M|
|poke|p1|Whimsicott, L50, M|
|poke|p2|Gengar, L50, F|
|poke|p2|Archaludon, L50, F|
|poke|p2|Politoed, L50, F|
|poke|p2|Swampert, L50, M|
|poke|p2|Vivillon, L50, M|
|poke|p2|Incineroar, L50, M|
|teampreview|4
|showteam|p1|Charizard||CharizarditeY|Blaze|HeatWave,WeatherBall,SolarBeam,Protect|Modest||M|||50|]Floette-Eternal||Floettite|FlowerVeil|Moonblast,DazzlingGleam,LightofRuin,Protect|Modest||F|||50|]Garchomp||LifeOrb|RoughSkin|Earthquake,DragonClaw,RockSlide,Protect|Jolly||F|||50|]Kingambit||BlackGlasses|Defiant|KowtowCleave,SuckerPunch,IronHead,Protect|Adamant||M|||50|]Basculegion||MysticWater|Adaptability|WaveCrash,LastRespects,AquaJet,Protect|Adamant||M|||50|]Whimsicott||FocusSash|Prankster|Moonblast,Tailwind,Encore,Protect|Timid||M|||50|
|showteam|p2|Gengar||Gengarite|CursedBody|ShadowBall,SludgeBomb,PerishSong,Protect|Modest||F|||50|]Archaludon||Leftovers|Stamina|ElectroShot,DragonPulse,FlashCannon,Protect|Bold||F|||50|]Politoed||SitrusBerry|Drizzle|WeatherBall,Hypnosis,PerishSong,Protect|Calm||F|||50|]Swampert||Swampertite|Torrent|WaveCrash,Earthquake,IcePunch,Protect|Adamant||M|||50|]Vivillon||FocusSash|CompoundEyes|Hurricane,SleepPowder,RagePowder,Protect|Timid||M|||50|]Incineroar||PasshoBerry|Intimidate|ThroatChop,FakeOut,PartingShot,Protect|Impish||M|||50|
|inactive|Battle timer is ON: inactive players will automatically lose when time's up. (requested by elmono11)
|inactive|elmono11 has 60 seconds left.
|
|t:|1785613002
|teamsize|p1|4
|teamsize|p2|4
|start
|switch|p1a: Garchomp|Garchomp, L50, F|100/100
|switch|p1b: Charizard|Charizard, L50, M|100/100
|switch|p2a: Gengar|Gengar, L50, F|100/100
|switch|p2b: Vivillon|Vivillon, L50, M|100/100
|turn|1
|
|t:|1785613027
|switch|p1b: Whimsicott|Whimsicott, L50, M|100/100
|detailschange|p2a: Gengar|Gengar-Mega, L50, F
|-mega|p2a: Gengar|Gengar|Gengarite
|move|p1a: Garchomp|Rock Slide|p2a: Gengar|[spread] p2a
|-miss|p1a: Garchomp|p2b: Vivillon
|-damage|p2a: Gengar|65/100
|-damage|p1a: Garchomp|90/100|[from] item: Life Orb
|move|p2a: Gengar|Perish Song|p2a: Gengar
|-start|p1a: Garchomp|perish3|[silent]
|-start|p1b: Whimsicott|perish3|[silent]
|-start|p2a: Gengar|perish3|[silent]
|-start|p2b: Vivillon|perish3|[silent]
|-fieldactivate|move: Perish Song
|move|p2b: Vivillon|Sleep Powder|p1b: Whimsicott
|-immune|p1b: Whimsicott
|
|-start|p1b: Whimsicott|perish3
|-start|p1a: Garchomp|perish3
|-start|p2a: Gengar|perish3
|-start|p2b: Vivillon|perish3
|upkeep
|turn|2
|inactive|elmono11 has 30 seconds left.
|
|t:|1785613057
|move|p2a: Gengar|Protect|p2a: Gengar
|-singleturn|p2a: Gengar|Protect
|move|p1b: Whimsicott|Moonblast|p2b: Vivillon
|-damage|p2b: Vivillon|32/100
|move|p1a: Garchomp|Rock Slide|p2a: Gengar|[spread] p2b
|-activate|p2a: Gengar|move: Protect
|-supereffective|p2b: Vivillon|2
|-damage|p2b: Vivillon|0 fnt
|faint|p2b: Vivillon
|-damage|p1a: Garchomp|80/100|[from] item: Life Orb
|
|-start|p1b: Whimsicott|perish2
|-start|p1a: Garchomp|perish2
|-start|p2a: Gengar|perish2
|upkeep
|
|t:|1785613071
|switch|p2b: Incineroar|Incineroar, L50, M|100/100
|-ability|p2b: Incineroar|Intimidate|boost
|-unboost|p1a: Garchomp|atk|1
|-unboost|p1b: Whimsicott|atk|1
|turn|3
|
|t:|1785613088
|move|p2b: Incineroar|Fake Out|p1a: Garchomp
|-damage|p1a: Garchomp|70/100
|-damage|p2b: Incineroar|87/100|[from] ability: Rough Skin|[of] p1a: Garchomp
|move|p1b: Whimsicott|Tailwind|p1b: Whimsicott
|-sidestart|p1: elmono11|move: Tailwind
|cant|p1a: Garchomp|flinch
|move|p2a: Gengar|Sludge Bomb|p1b: Whimsicott
|-supereffective|p1b: Whimsicott|2
|-enditem|p1b: Whimsicott|Focus Sash
|-damage|p1b: Whimsicott|1/100
|
|-start|p1b: Whimsicott|perish1
|-start|p1a: Garchomp|perish1
|-start|p2a: Gengar|perish1
|upkeep
|turn|4
|
|t:|1785613106
|switch|p2a: Politoed|Politoed, L50, F|100/100
|-weather|RainDance|[from] ability: Drizzle|[of] p2a: Politoed
|move|p2b: Incineroar|Protect|p2b: Incineroar
|-singleturn|p2b: Incineroar|Protect
|move|p1b: Whimsicott|Moonblast|p2a: Politoed
|-damage|p2a: Politoed|73/100
|move|p1a: Garchomp|Earthquake|p2a: Politoed|[spread] p1b,p2a
|-activate|p2b: Incineroar|move: Protect
|-resisted|p1b: Whimsicott|1
|-damage|p1b: Whimsicott|0 fnt
|-damage|p2a: Politoed|45/100
|-enditem|p2a: Politoed|Sitrus Berry|[eat]
|-heal|p2a: Politoed|70/100|[from] item: Sitrus Berry
|faint|p1b: Whimsicott
|-damage|p1a: Garchomp|60/100|[from] item: Life Orb
|
|-weather|RainDance|[upkeep]
|-start|p1a: Garchomp|perish0
|faint|p1a: Garchomp
|upkeep
|
|t:|1785613116
|switch|p1b: Charizard|Charizard, L50, M|100/100
|switch|p1a: Basculegion|Basculegion, L50, M|100/100
|turn|5
|inactive|elmono11 has 30 seconds left.
|inactive|trinton07 has 30 seconds left.
|inactive|elmono11 has 20 seconds left.
|inactive|elmono11 has 15 seconds left.
|inactive|trinton07 has 20 seconds left.
|inactive|trinton07 has 15 seconds left.
|inactive|trinton07 has 10 seconds left.
|
|t:|1785613168
|move|p1b: Charizard|Weather Ball|p2b: Incineroar
|-supereffective|p2b: Incineroar|1
|-enditem|p2b: Incineroar|Passho Berry|[eat]
|-enditem|p2b: Incineroar|Passho Berry|[weaken]
|-damage|p2b: Incineroar|53/100
|move|p1a: Basculegion|Wave Crash|p2b: Incineroar
|-supereffective|p2b: Incineroar|1
|-damage|p2b: Incineroar|0 fnt
|faint|p2b: Incineroar
|-damage|p1a: Basculegion|81/100|[from] Recoil
|move|p2a: Politoed|Perish Song|p2a: Politoed
|-start|p1a: Basculegion|perish3|[silent]
|-start|p1b: Charizard|perish3|[silent]
|-start|p2a: Politoed|perish3|[silent]
|-fieldactivate|move: Perish Song
|
|-weather|RainDance|[upkeep]
|-start|p1b: Charizard|perish3
|-start|p1a: Basculegion|perish3
|-start|p2a: Politoed|perish3
|upkeep
|
|t:|1785613182
|switch|p2b: Gengar|Gengar-Mega, L50, F|65/100
|turn|6
|
|t:|1785613190
|detailschange|p1b: Charizard|Charizard-Mega-Y, L50, M
|-mega|p1b: Charizard|Charizard|Charizardite Y
|-weather|SunnyDay|[from] ability: Drought|[of] p1b: Charizard
|move|p2b: Gengar|Protect|p2b: Gengar
|-singleturn|p2b: Gengar|Protect
|move|p2a: Politoed|Protect|p2a: Politoed
|-singleturn|p2a: Politoed|Protect
|move|p1b: Charizard|Solar Beam||[still]
|-prepare|p1b: Charizard|Solar Beam
|-anim|p1b: Charizard|Solar Beam|p2a: Politoed
|-activate|p2a: Politoed|move: Protect
|move|p1a: Basculegion|Last Respects|p2b: Gengar
|-activate|p2b: Gengar|move: Protect
|
|-weather|SunnyDay|[upkeep]
|-start|p1b: Charizard|perish2
|-start|p1a: Basculegion|perish2
|-start|p2a: Politoed|perish2
|-sideend|p1: elmono11|move: Tailwind
|upkeep
|turn|7
|inactive|elmono11 has 30 seconds left.
|inactive|elmono11 has 20 seconds left.
|
|t:|1785613229
|move|p2b: Gengar|Shadow Ball|p1a: Basculegion
|-supereffective|p1a: Basculegion|1
|-crit|p1a: Basculegion
|-damage|p1a: Basculegion|0 fnt
|faint|p1a: Basculegion
|move|p1b: Charizard|Solar Beam||[still]
|-prepare|p1b: Charizard|Solar Beam
|-anim|p1b: Charizard|Solar Beam|p2a: Politoed
|-supereffective|p2a: Politoed|1
|-damage|p2a: Politoed|2/100
|move|p2a: Politoed|Hypnosis|p1b: Charizard
|-status|p1b: Charizard|slp|[from] move: Hypnosis
|
|-weather|SunnyDay|[upkeep]
|-start|p1b: Charizard|perish1
|-start|p2a: Politoed|perish1
|upkeep
|turn|8
|-message|elmono11 forfeited.
|
|win|trinton07
|raw|elmono11's rating: 1415 → 1387(-28 for losing)
|raw|trinton07's rating: 1270 → 1305(+35 for winning)
