|j|☆bigboyblue3451
|j|☆barozj1
|html|bigboyblue3451barozj1    
|uhtml|bestof|Game 2 of a best-of-3
|t:|1783115324
|gametype|doubles
|player|p1|bigboyblue3451|102|1410
|player|p2|barozj1|265|1390
|gen|9
|tier|[Gen 9 Champions] VGC 2026 Reg M-B (Bo3)
|rated|
|rule|Species Clause: Limit one of each Pokémon
|rule|Item Clause: Limit 1 of each item
|clearpoke
|poke|p1|Gengar, L50, M|
|poke|p1|Swampert, L50, F|
|poke|p1|Incineroar, L50, F|
|poke|p1|Politoed, L50, M|
|poke|p1|Archaludon, L50, F|
|poke|p1|Vivillon-Ocean, L50, F|
|poke|p2|Charizard, L50, F|
|poke|p2|Aerodactyl, L50, F, shiny|
|poke|p2|Garchomp, L50, M|
|poke|p2|Sylveon, L50, M, shiny|
|poke|p2|Farigiraf, L50, M, shiny|
|poke|p2|Kingambit, L50, F, shiny|
|teampreview|4
|showteam|p1|Gengar||Gengarite|CursedBody|ShadowBall,PerishSong,SludgeBomb,Protect|Timid||M|||50|]Swampert||Swampertite|Torrent|WaveCrash,Earthquake,IcePunch,Protect|Adamant||F|||50|]Incineroar||PasshoBerry|Intimidate|ThroatChop,PartingShot,FakeOut,Protect|Sassy||F|||50|]Politoed||SitrusBerry|Drizzle|WeatherBall,PerishSong,Encore,Protect|Calm||M|||50|]Archaludon||Leftovers|Stamina|DragonPulse,FlashCannon,ElectroShot,Protect|Bold||F|||50|]Vivillon-Ocean||FocusSash|CompoundEyes|Hurricane,SleepPowder,RagePowder,Protect|Timid||F|||50|
|showteam|p2|Charizard||CharizarditeY|Blaze|Protect,HeatWave,SolarBeam,WeatherBall|Modest||F|||50|]Aerodactyl||Aerodactylite|Unnerve|DualWingbeat,IceFang,RockSlide,Tailwind|Jolly||F|||50|]Garchomp||LifeOrb|RoughSkin|Protect,DragonClaw,StompingTantrum,Earthquake|Jolly||M|||50|]Sylveon||FairyFeather|Pixilate|Detect,HyperVoice,HyperBeam,QuickAttack|Modest||M|||50|]Farigiraf||SitrusBerry|ArmorTail|TrickRoom,Psychic,Roar,Thunderbolt|Bold||M|||50|]Kingambit||FocusSash|Defiant|KowtowCleave,IronHead,SuckerPunch,LowKick|Adamant||F|||50|
|
|t:|1783115351
|teamsize|p1|4
|teamsize|p2|4
|start
|switch|p1a: Vivillon|Vivillon-Ocean, L50, F|100/100
|switch|p1b: Gengar|Gengar, L50, M|100/100
|switch|p2a: Charizard|Charizard, L50, F|100/100
|switch|p2b: Aerodactyl|Aerodactyl, L50, F, shiny|100/100
|-ability|p2b: Aerodactyl|Unnerve
|turn|1
|
|t:|1783115369
|detailschange|p1b: Gengar|Gengar-Mega, L50, M
|-mega|p1b: Gengar|Gengar|Gengarite
|move|p1b: Gengar|Protect|p1b: Gengar
|-singleturn|p1b: Gengar|Protect
|move|p1a: Vivillon|Protect|p1a: Vivillon
|-singleturn|p1a: Vivillon|Protect
|move|p2a: Charizard|Protect|p2a: Charizard
|-singleturn|p2a: Charizard|Protect
|move|p2b: Aerodactyl|Tailwind|p2b: Aerodactyl
|-sidestart|p2: barozj1|move: Tailwind
|
|upkeep
|turn|2
|
|t:|1783115388
|switch|p1a: Archaludon|Archaludon, L50, F|100/100
|detailschange|p2a: Charizard|Charizard-Mega-Y, L50, F
|-mega|p2a: Charizard|Charizard|Charizardite Y
|-weather|SunnyDay|[from] ability: Drought|[of] p2a: Charizard
|move|p2b: Aerodactyl|Rock Slide|p1b: Gengar|[spread] p1a,p1b
|-resisted|p1a: Archaludon|1
|-damage|p1a: Archaludon|92/100
|-damage|p1b: Gengar|74/100
|-ability|p1a: Archaludon|Stamina|boost
|-boost|p1a: Archaludon|def|1
|move|p2a: Charizard|Heat Wave|p1b: Gengar|[spread] p1a,p1b
|-damage|p1a: Archaludon|21/100
|-damage|p1b: Gengar|14/100
|-ability|p1a: Archaludon|Stamina|boost
|-boost|p1a: Archaludon|def|1
|cant|p1b: Gengar|flinch
|
|-weather|SunnyDay|[upkeep]
|-heal|p1a: Archaludon|27/100|[from] item: Leftovers
|upkeep
|turn|3
|
|t:|1783115422
|move|p1b: Gengar|Protect|p1b: Gengar
|-singleturn|p1b: Gengar|Protect
|move|p1a: Archaludon|Protect|p1a: Archaludon
|-singleturn|p1a: Archaludon|Protect
|move|p2b: Aerodactyl|Dual Wingbeat|p1b: Gengar
|-activate|p1b: Gengar|move: Protect
|move|p2a: Charizard|Weather Ball|p1a: Archaludon
|-activate|p1a: Archaludon|move: Protect
|
|-weather|SunnyDay|[upkeep]
|-heal|p1a: Archaludon|34/100|[from] item: Leftovers
|upkeep
|turn|4
|
|t:|1783115435
|switch|p1b: Politoed|Politoed, L50, M|100/100
|-weather|RainDance|[from] ability: Drizzle|[of] p1b: Politoed
|move|p2b: Aerodactyl|Rock Slide|p1b: Politoed|[spread] p1a,p1b
|-resisted|p1a: Archaludon|1
|-damage|p1a: Archaludon|30/100
|-damage|p1b: Politoed|81/100
|-ability|p1a: Archaludon|Stamina|boost
|-boost|p1a: Archaludon|def|1
|move|p2a: Charizard|Weather Ball|p1a: Archaludon
|-resisted|p1a: Archaludon|1
|-damage|p1a: Archaludon|0 fnt
|faint|p1a: Archaludon
|
|-weather|RainDance|[upkeep]
|-sideend|p2: barozj1|move: Tailwind
|upkeep
|
|t:|1783115450
|switch|p1a: Vivillon|Vivillon-Ocean, L50, F|100/100
|turn|5
|
|t:|1783115462
|switch|p2a: Sylveon|Sylveon, L50, M, shiny|100/100
|move|p1a: Vivillon|Protect|p1a: Vivillon
|-singleturn|p1a: Vivillon|Protect
|move|p2b: Aerodactyl|Rock Slide|p1b: Politoed|[spread] p1b
|-activate|p1a: Vivillon|move: Protect
|-damage|p1b: Politoed|60/100
|move|p1b: Politoed|Weather Ball|p2b: Aerodactyl
|-supereffective|p2b: Aerodactyl|1
|-crit|p2b: Aerodactyl
|-damage|p2b: Aerodactyl|0 fnt
|faint|p2b: Aerodactyl
|
|-weather|RainDance|[upkeep]
|upkeep
|
|t:|1783115470
|switch|p2b: Charizard|Charizard-Mega-Y, L50, F|100/100
|-weather|SunnyDay|[from] ability: Drought|[of] p2b: Charizard
|turn|6
|
|t:|1783115490
|move|p1a: Vivillon|Sleep Powder|p2b: Charizard
|-status|p2b: Charizard|slp|[from] move: Sleep Powder
|cant|p2b: Charizard|slp
|move|p1b: Politoed|Weather Ball|p2a: Sylveon
|-damage|p2a: Sylveon|75/100
|move|p2a: Sylveon|Hyper Voice|p1a: Vivillon|[spread] p1a,p1b
|-damage|p1a: Vivillon|13/100
|-damage|p1b: Politoed|21/100
|-enditem|p1b: Politoed|Sitrus Berry|[eat]
|-heal|p1b: Politoed|46/100|[from] item: Sitrus Berry
|
|-weather|SunnyDay|[upkeep]
|upkeep
|turn|7
|
|t:|1783115507
|move|p2a: Sylveon|Quick Attack|p1a: Vivillon
|-crit|p1a: Vivillon
|-damage|p1a: Vivillon|0 fnt
|faint|p1a: Vivillon
|cant|p2b: Charizard|slp
|move|p1b: Politoed|Weather Ball|p2a: Sylveon
|-damage|p2a: Sylveon|49/100
|
|-weather|SunnyDay|[upkeep]
|upkeep
|
|t:|1783115511
|switch|p1a: Gengar|Gengar-Mega, L50, M|14/100
|turn|8
|
|t:|1783115520
|-curestatus|p2b: Charizard|slp|[msg]
|move|p2b: Charizard|Protect|p2b: Charizard
|-singleturn|p2b: Charizard|Protect
|move|p2a: Sylveon|Quick Attack|p1a: Gengar
|-resisted|p1a: Gengar|1
|-damage|p1a: Gengar|7/100
|move|p1a: Gengar|Sludge Bomb|p2a: Sylveon
|-supereffective|p2a: Sylveon|1
|-damage|p2a: Sylveon|0 fnt
|faint|p2a: Sylveon
|move|p1b: Politoed|Weather Ball|p2b: Charizard
|-activate|p2b: Charizard|move: Protect
|
|-weather|SunnyDay|[upkeep]
|upkeep
|
|t:|1783115526
|switch|p2a: Garchomp|Garchomp, L50, M|100/100
|turn|9
|
|t:|1783115544
|move|p1b: Politoed|Protect|p1b: Politoed
|-singleturn|p1b: Politoed|Protect
|move|p1a: Gengar|Perish Song|p1a: Gengar
|-start|p1a: Gengar|perish3|[silent]
|-start|p1b: Politoed|perish3|[silent]
|-start|p2a: Garchomp|perish3|[silent]
|-start|p2b: Charizard|perish3|[silent]
|-fieldactivate|move: Perish Song
|move|p2a: Garchomp|Earthquake|p1b: Politoed|[spread] p1a
|-activate|p1b: Politoed|move: Protect
|-immune|p2b: Charizard
|-supereffective|p1a: Gengar|1
|-damage|p1a: Gengar|0 fnt
|faint|p1a: Gengar
|-damage|p2a: Garchomp|90/100|[from] item: Life Orb
|move|p2b: Charizard|Solar Beam||[still]
|-prepare|p2b: Charizard|Solar Beam
|-anim|p2b: Charizard|Solar Beam|p1b: Politoed
|-activate|p1b: Politoed|move: Protect
|
|-weather|SunnyDay|[upkeep]
|-start|p2a: Garchomp|perish3
|-start|p2b: Charizard|perish3
|-start|p1b: Politoed|perish3
|upkeep
|turn|10
|
|t:|1783115558
|move|p1b: Politoed|Protect|p1b: Politoed
|-singleturn|p1b: Politoed|Protect
|move|p2a: Garchomp|Stomping Tantrum|p1b: Politoed
|-activate|p1b: Politoed|move: Protect
|move|p2b: Charizard|Solar Beam||[still]
|-prepare|p2b: Charizard|Solar Beam
|-anim|p2b: Charizard|Solar Beam|p1b: Politoed
|-activate|p1b: Politoed|move: Protect
|
|-weather|none
|-start|p2a: Garchomp|perish2
|-start|p2b: Charizard|perish2
|-start|p1b: Politoed|perish2
|upkeep
|turn|11
|
|t:|1783115567
|move|p1b: Politoed|Protect||[still]
|-fail|p1b: Politoed
|move|p2a: Garchomp|Stomping Tantrum|p1b: Politoed
|-damage|p1b: Politoed|0 fnt
|faint|p1b: Politoed
|-damage|p2a: Garchomp|80/100|[from] item: Life Orb
|
|win|barozj1
||bigboyblue3451 is ready for game 3.
||barozj1 is ready for game 3.
|uhtml|next|Next: Game 3 of 3
