|j|Ōśålettitripppp
|j|Ōśåmyshirtisdirty
|html|lettitrippppmyshirtisdirty    
|uhtml|bestof|Game 1 of a best-of-3
|t:|1785462975
|gametype|doubles
|player|p1|lettitripppp|lucas|1154
|player|p2|myshirtisdirty|102|1155
|gen|9
|tier|[Gen 9 Champions] VGC 2026 Reg M-B (Bo3)
|rated|
|rule|Species Clause: Limit one of each Pok├®mon
|rule|Item Clause: Limit 1 of each item
|clearpoke
|poke|p1|Raichu, L50, F|
|poke|p1|Staraptor, L50, F|
|poke|p1|Arcanine-Hisui, L50, M, shiny|
|poke|p1|Farigiraf, L50, F|
|poke|p1|Kingambit, L50, M, shiny|
|poke|p1|Sylveon, L50, M|
|poke|p2|Staraptor, L50, M|
|poke|p2|Kingambit, L50, F|
|poke|p2|Raichu, L50, F|
|poke|p2|Sylveon, L50, M|
|poke|p2|Arcanine-Hisui, L50, F|
|poke|p2|Farigiraf, L50, F|
|teampreview|4
|showteam|p1|Raichu||RaichuniteY|Static|ZapCannon,FocusBlast,FakeOut,Protect|Timid||F|||50|]Staraptor||Staraptite|Intimidate|DualWingbeat,CloseCombat,Tailwind,Protect|Jolly||F|||50|]Arcanine-Hisui||FocusSash|RockHead|ExtremeSpeed,HeadSmash,FlareBlitz,Protect|Jolly||M|||50|]Farigiraf||SitrusBerry|ArmorTail|HelpingHand,TrickRoom,Psychic,Protect|Calm||F|||50|]Kingambit||LifeOrb|Defiant|KowtowCleave,SwordsDance,SuckerPunch,Protect|Adamant||M|||50|]Sylveon||FairyFeather|Pixilate|QuickAttack,HyperBeam,HyperVoice,Detect|Modest||M|||50|
|showteam|p2|Staraptor||Staraptite|Intimidate|DualWingbeat,CloseCombat,Tailwind,Protect|Jolly||M|||50|]Kingambit||LifeOrb|Defiant|KowtowCleave,SuckerPunch,SwordsDance,Protect|Adamant||F|||50|]Raichu||RaichuniteY|LightningRod|ZapCannon,FocusBlast,FakeOut,Protect|Timid||F|||50|]Sylveon||FairyFeather|Pixilate|HyperVoice,HyperBeam,QuickAttack,Detect|Modest||M|||50|]Arcanine-Hisui||FocusSash|RockHead|HeadSmash,ExtremeSpeed,FlareBlitz,Protect|Jolly||F|||50|]Farigiraf||ColburBerry|ArmorTail|FoulPlay,Psychic,TrickRoom,HelpingHand|Calm||F|||50|
|inactive|Battle timer is ON: inactive players will automatically lose when time's up. (requested by lettitripppp)
|c|Ōśåmyshirtisdirty|tf
|c|Ōśålettitripppp|holy mirror
|c|Ōśåmyshirtisdirty|lol
|c|Ōśålettitripppp|I literally just wanted to try out this team
|c|Ōśålettitripppp|anyway
|inactive|lettitripppp has 60 seconds left.
|inactive|myshirtisdirty has 60 seconds left.
|c|Ōśålettitripppp|glhf
|c|Ōśåmyshirtisdirty|i feel like we should kiss now me to
|inactive|lettitripppp has 30 seconds left.
|inactive|lettitripppp has 20 seconds left.
|
|t:|1785463046
|teamsize|p1|4
|teamsize|p2|4
|start
|switch|p1a: BLAST AWAY|Raichu, L50, F|100/100
|switch|p1b: MAGIC NECK|Farigiraf, L50, F|100/100
|switch|p2a: Raichu|Raichu, L50, F|100/100
|switch|p2b: Arcanine|Arcanine-Hisui, L50, F|100/100
|turn|1
|
|t:|1785463067
|detailschange|p2a: Raichu|Raichu-Mega-Y, L50, F
|-mega|p2a: Raichu|Raichu|Raichunite Y
|move|p1a: BLAST AWAY|Fake Out|p2b: Arcanine
|-resisted|p2b: Arcanine|1
|-damage|p2b: Arcanine|95/100
|move|p2a: Raichu|Zap Cannon|p1b: MAGIC NECK
|-damage|p1b: MAGIC NECK|41/100
|-status|p1b: MAGIC NECK|par
|-enditem|p1b: MAGIC NECK|Sitrus Berry|[eat]
|-heal|p1b: MAGIC NECK|66/100 par|[from] item: Sitrus Berry
|cant|p2b: Arcanine|flinch
|move|p1b: MAGIC NECK|Trick Room|p1b: MAGIC NECK
|-fieldstart|move: Trick Room|[of] p1b: MAGIC NECK
|
|upkeep
|turn|2
|
|t:|1785463088
|detailschange|p1a: BLAST AWAY|Raichu-Mega-Y, L50, F
|-mega|p1a: BLAST AWAY|Raichu|Raichunite Y
|move|p1b: MAGIC NECK|Psychic|p2a: Raichu
|-damage|p2a: Raichu|46/100
|move|p2b: Arcanine|Head Smash|p1a: BLAST AWAY
|-damage|p1a: BLAST AWAY|0 fnt
|faint|p1a: BLAST AWAY
|move|p2a: Raichu|Focus Blast|p1b: MAGIC NECK
|-damage|p1b: MAGIC NECK|23/100 par
|-unboost|p1b: MAGIC NECK|spd|1
|
|upkeep
|
|t:|1785463097
|switch|p1a: GENERAL BLADUS|Kingambit, L50, M, shiny|100/100
|turn|3
|
|t:|1785463122
|switch|p1b: PIKU BEAM|Sylveon, L50, M|100/100
|move|p1a: GENERAL BLADUS|Protect|p1a: GENERAL BLADUS
|-singleturn|p1a: GENERAL BLADUS|Protect
|move|p2b: Arcanine|Flare Blitz|p1a: GENERAL BLADUS
|-activate|p1a: GENERAL BLADUS|move: Protect
|move|p2a: Raichu|Focus Blast|p1a: GENERAL BLADUS
|-activate|p1a: GENERAL BLADUS|move: Protect
|
|upkeep
|turn|4
|
|t:|1785463137
|move|p2a: Raichu|Protect|p2a: Raichu
|-singleturn|p2a: Raichu|Protect
|move|p1a: GENERAL BLADUS|Kowtow Cleave|p2b: Arcanine
|-damage|p2b: Arcanine|10/100
|-damage|p1a: GENERAL BLADUS|90/100|[from] item: Life Orb
|move|p1b: PIKU BEAM|Hyper Voice|p2b: Arcanine|[spread] p2b
|-activate|p2a: Raichu|move: Protect
|-resisted|p2b: Arcanine|1
|-damage|p2b: Arcanine|0 fnt
|faint|p2b: Arcanine
|
|upkeep
|
|t:|1785463150
|switch|p2b: Farigiraf|Farigiraf, L50, F|100/100
|turn|5
|
|t:|1785463157
|switch|p2a: Sylveon|Sylveon, L50, M|100/100
|move|p1a: GENERAL BLADUS|Kowtow Cleave|p2b: Farigiraf
|-supereffective|p2b: Farigiraf|1
|-enditem|p2b: Farigiraf|Colbur Berry|[eat]
|-enditem|p2b: Farigiraf|Colbur Berry|[weaken]
|-damage|p2b: Farigiraf|41/100
|-damage|p1a: GENERAL BLADUS|80/100|[from] item: Life Orb
|move|p1b: PIKU BEAM|Hyper Voice|p2b: Farigiraf|[spread] p2a,p2b
|-damage|p2a: Sylveon|67/100
|-damage|p2b: Farigiraf|0 fnt
|faint|p2b: Farigiraf
|
|-fieldend|move: Trick Room
|upkeep
|
|t:|1785463172
|switch|p2b: Raichu|Raichu-Mega-Y, L50, F|46/100
|turn|6
|
|t:|1785463181
|move|p2b: Raichu|Fake Out|p1a: GENERAL BLADUS
|-resisted|p1a: GENERAL BLADUS|1
|-damage|p1a: GENERAL BLADUS|77/100
|cant|p1a: GENERAL BLADUS|flinch
|move|p1b: PIKU BEAM|Hyper Beam|p2a: Sylveon
|-damage|p2a: Sylveon|0 fnt
|-mustrecharge|p1b: PIKU BEAM
|faint|p2a: Sylveon
|
|upkeep
|turn|7
|
|t:|1785463192
|move|p1a: GENERAL BLADUS|Sucker Punch|p2b: Raichu
|-damage|p2b: Raichu|0 fnt
|faint|p2b: Raichu
|-damage|p1a: GENERAL BLADUS|67/100|[from] item: Life Orb
|
|win|lettitripppp
