|j|☆Jakobtc
|j|☆legndrygoatedXD69
|html|JakobtclegndrygoatedXD69    
|uhtml|bestof|Game 1 of a best-of-3
|t:|1784520271
|gametype|doubles
|player|p1|Jakobtc|riley|1159
|player|p2|legndrygoatedXD69|265|1000
|gen|9
|tier|[Gen 9 Champions] VGC 2026 Reg M-B (Bo3)
|rated|
|rule|Species Clause: Limit one of each Pokémon
|rule|Item Clause: Limit 1 of each item
|clearpoke
|poke|p1|Zoroark-Hisui, L50, M|
|poke|p1|Charizard, L50, M|
|poke|p1|Whimsicott, L50, F|
|poke|p1|Gholdengo, L50|
|poke|p1|Incineroar, L50, F|
|poke|p1|Dragonite, L50, M|
|poke|p2|Sinistcha, L50|
|poke|p2|Weavile, L50, M|
|poke|p2|Incineroar, L50, M|
|poke|p2|Barbaracle, L50, M|
|poke|p2|Zoroark-Hisui, L50, M|
|poke|p2|Gholdengo, L50|
|teampreview|4
|showteam|p1|Zoroark-Hisui||FocusSash|Illusion|BitterMalice,IcyWind,Taunt,Protect|Timid||M|||50|]Charizard||CharizarditeY|Blaze|HeatWave,WeatherBall,SolarBeam,Protect|Modest||M|||50|]Whimsicott||MentalHerb|Prankster|Moonblast,Tailwind,FakeTears,Encore|Timid||F|||50|]Gholdengo||MetalCoat|GoodasGold|MakeItRain,ShadowBall,NastyPlot,Protect|Modest|||||50|]Incineroar||SitrusBerry|Intimidate|FakeOut,FlareBlitz,DarkestLariat,PartingShot|Adamant||F|||50|]Dragonite||DragonFang|Multiscale|ScaleShot,ExtremeSpeed,LowKick,Protect|Adamant||M|||50|
|showteam|p2|Sinistcha||ColburBerry|Hospitality|MatchaGotcha,LifeDew,TrickRoom,RagePowder|Bold|||||50|]Weavile||FocusSash|Pickpocket|TripleAxel,Protect,FakeOut,KnockOff|Jolly||M|||50|]Incineroar||SitrusBerry|Intimidate|FlareBlitz,FakeOut,PartingShot,ThroatChop|Brave||M|||50|]Barbaracle||Barbaracite|Sniper|ShellSmash,RockSlide,CloseCombat,Protect|Adamant||M|||50|]Zoroark-Hisui||ChoiceScarf|Illusion|BitterMalice,HyperVoice,IcyWind,Flamethrower|Modest||M|||50|]Gholdengo||LifeOrb|GoodasGold|NastyPlot,MakeItRain,ShadowBall,Protect|Modest|||||50|
|inactive|Battle timer is ON: inactive players will automatically lose when time's up. (requested by Jakobtc)
|inactive|Jakobtc has 60 seconds left.
|inactive|legndrygoatedXD69 has 60 seconds left.
|c|☆Jakobtc|i see you have big brain as well lol
|inactive|legndrygoatedXD69 has 30 seconds left.
|inactive|legndrygoatedXD69 has 20 seconds left.
|
|t:|1784520346
|teamsize|p1|4
|teamsize|p2|4
|start
|switch|p1a: Charizard|Charizard, L50, M|100/100
|switch|p1b: Whimsicott|Whimsicott, L50, F|100/100
|switch|p2a: Weavile|Weavile, L50, M|100/100
|switch|p2b: Barbaracle|Barbaracle, L50, M|100/100
|turn|1
|
|t:|1784520365
|switch|p1a: Incineroar|Incineroar, L50, F|100/100
|-ability|p1a: Incineroar|Intimidate|boost
|-unboost|p2a: Weavile|atk|1
|-unboost|p2b: Barbaracle|atk|1
|move|p2a: Weavile|Triple Axel|p1b: Whimsicott|[miss]
|-miss|p2a: Weavile|p1b: Whimsicott
|move|p1b: Whimsicott|Moonblast|p2a: Weavile
|-supereffective|p2a: Weavile|1
|-damage|p2a: Weavile|28/100
|move|p2b: Barbaracle|Shell Smash|p2b: Barbaracle
|-unboost|p2b: Barbaracle|def|1
|-unboost|p2b: Barbaracle|spd|1
|-boost|p2b: Barbaracle|atk|2
|-boost|p2b: Barbaracle|spa|2
|-boost|p2b: Barbaracle|spe|2
|
|upkeep
|turn|2
|inactive|legndrygoatedXD69 has 30 seconds left.
|inactive|legndrygoatedXD69 has 20 seconds left.
|inactive|legndrygoatedXD69 has 15 seconds left.
|
|t:|1784520406
|switch|p2b: Sinistcha|Sinistcha, L50|100/100
|-heal|p2a: Weavile|53/100|[from] ability: Hospitality|[of] p2b: Sinistcha
|move|p1a: Incineroar|Fake Out|p2a: Weavile
|-damage|p2a: Weavile|32/100
|move|p1b: Whimsicott|Tailwind|p1b: Whimsicott
|-sidestart|p1: Jakobtc|move: Tailwind
|cant|p2a: Weavile|flinch
|
|upkeep
|turn|3
|inactive|Jakobtc has 30 seconds left.
|inactive|legndrygoatedXD69 has 30 seconds left.
|
|t:|1784520436
|move|p1b: Whimsicott|Moonblast|p2a: Weavile
|-supereffective|p2a: Weavile|1
|-damage|p2a: Weavile|0 fnt
|faint|p2a: Weavile
|move|p1a: Incineroar|Darkest Lariat|p2b: Sinistcha
|-supereffective|p2b: Sinistcha|1
|-enditem|p2b: Sinistcha|Colbur Berry|[eat]
|-enditem|p2b: Sinistcha|Colbur Berry|[weaken]
|-damage|p2b: Sinistcha|72/100
|move|p2b: Sinistcha|Trick Room|p2b: Sinistcha
|-fieldstart|move: Trick Room|[of] p2b: Sinistcha
|
|upkeep
|
|t:|1784520443
|switch|p2a: Barbaracle|Barbaracle, L50, M|100/100
|turn|4
|
|t:|1784520464
|move|p2b: Sinistcha|Rage Powder|p2b: Sinistcha
|-singleturn|p2b: Sinistcha|move: Rage Powder
|move|p1b: Whimsicott|Encore|p2b: Sinistcha
|-start|p2b: Sinistcha|Encore
|move|p2a: Barbaracle|Shell Smash|p2a: Barbaracle
|-unboost|p2a: Barbaracle|def|1
|-unboost|p2a: Barbaracle|spd|1
|-boost|p2a: Barbaracle|atk|2
|-boost|p2a: Barbaracle|spa|2
|-boost|p2a: Barbaracle|spe|2
|move|p1a: Incineroar|Parting Shot|p2b: Sinistcha
|-unboost|p2b: Sinistcha|atk|1
|-unboost|p2b: Sinistcha|spa|1
|
|t:|1784520484
|switch|p1a: Incineroar|Incineroar, L50, F|100/100|[from] Parting Shot
|
|upkeep
|turn|5
|
|t:|1784520503
|switch|p1b: Incineroar|Incineroar, L50, F|100/100
|-ability|p1b: Incineroar|Intimidate|boost
|-unboost|p2a: Barbaracle|atk|1
|-unboost|p2b: Sinistcha|atk|1
|detailschange|p2a: Barbaracle|Barbaracle-Mega, L50, M
|-mega|p2a: Barbaracle|Barbaracle|Barbaracite
|move|p2b: Sinistcha|Rage Powder|p2b: Sinistcha
|-singleturn|p2b: Sinistcha|move: Rage Powder
|move|p2a: Barbaracle|Rock Slide|p1b: Incineroar|[spread] p1a,p1b
|-supereffective|p1b: Incineroar|1
|-enditem|p1a: Incineroar|Focus Sash
|-damage|p1a: Incineroar|1/100
|-damage|p1b: Incineroar|4/100
|replace|p1a: Zoroark|Zoroark-Hisui, L50, M
|-end|p1a: Zoroark|Illusion
|-enditem|p1b: Incineroar|Sitrus Berry|[eat]
|-heal|p1b: Incineroar|29/100|[from] item: Sitrus Berry
|cant|p1a: Zoroark|flinch
|
|-sideend|p1: Jakobtc|move: Tailwind
|upkeep
|turn|6
|inactive|legndrygoatedXD69 has 30 seconds left.
|
|t:|1784520535
|move|p1b: Incineroar|Fake Out|p2a: Barbaracle
|-resisted|p2a: Barbaracle|1
|-damage|p2a: Barbaracle|91/100
|move|p2b: Sinistcha|Rage Powder|p2b: Sinistcha
|-singleturn|p2b: Sinistcha|move: Rage Powder
|move|p1a: Zoroark|Bitter Malice|p2b: Sinistcha
|-supereffective|p2b: Sinistcha|1
|-damage|p2b: Sinistcha|0 fnt
|faint|p2b: Sinistcha
|cant|p2a: Barbaracle|flinch
|
|upkeep
|
|t:|1784520538
|switch|p2b: Zoroark|Zoroark-Hisui, L50, M|100/100
|turn|7
|
|t:|1784520556
|move|p2a: Barbaracle|Protect|p2a: Barbaracle
|-singleturn|p2a: Barbaracle|Protect
|move|p1b: Incineroar|Darkest Lariat|p2b: Zoroark
|-supereffective|p2b: Zoroark|1
|-damage|p2b: Zoroark|0 fnt
|faint|p2b: Zoroark
|move|p1a: Zoroark|Bitter Malice|p2a: Barbaracle
|-activate|p2a: Barbaracle|move: Protect
|
|-fieldend|move: Trick Room
|upkeep
|turn|8
|
|t:|1784520573
|move|p2a: Barbaracle|Rock Slide|p1b: Incineroar|[spread] p1a,p1b
|-supereffective|p1b: Incineroar|1
|-damage|p1a: Zoroark|0 fnt
|-damage|p1b: Incineroar|0 fnt
|faint|p1a: Zoroark
|faint|p1b: Incineroar
|
|upkeep
|
|t:|1784520579
|switch|p1a: Charizard|Charizard, L50, M|100/100
|switch|p1b: Whimsicott|Whimsicott, L50, F|100/100
|turn|9
|
|t:|1784520590
|detailschange|p1a: Charizard|Charizard-Mega-Y, L50, M
|-mega|p1a: Charizard|Charizard|Charizardite Y
|-weather|SunnyDay|[from] ability: Drought|[of] p1a: Charizard
|move|p1b: Whimsicott|Tailwind|p1b: Whimsicott
|-sidestart|p1: Jakobtc|move: Tailwind
|move|p1a: Charizard|Solar Beam||[still]
|-prepare|p1a: Charizard|Solar Beam
|-anim|p1a: Charizard|Solar Beam|p2a: Barbaracle
|-supereffective|p2a: Barbaracle|1
|-damage|p2a: Barbaracle|0 fnt
|faint|p2a: Barbaracle
|
|win|Jakobtc
