|j|☆LEgOtlomy67
|j|☆TONKMAN
|html|LEgOtlomy67TONKMAN    
|uhtml|bestof|Game 1 of a best-of-3
|t:|1757626677
|gametype|doubles
|player|p1|LEgOtlomy67|steven|1088
|player|p2|TONKMAN|crasherwake|1105
|gen|9
|tier|[Gen 9] VGC 2025 Reg H (Bo3)
|rated|
|rule|Species Clause: Limit one of each Pokémon
|rule|Item Clause: Limit 1 of each item
|clearpoke
|poke|p1|Kilowattrel, L50, M|
|poke|p1|Garchomp, L50, F|
|poke|p1|Primarina, L50, M|
|poke|p1|Rillaboom, L50, M|
|poke|p1|Incineroar, L50, M|
|poke|p1|Kingambit, L50, M|
|poke|p2|Vivillon, L50, F|
|poke|p2|Garchomp, L50, F|
|poke|p2|Primarina, L50, F|
|poke|p2|Porygon2, L50|
|poke|p2|Incineroar, L50, F|
|poke|p2|Gholdengo, L50|
|teampreview|4
|showteam|p1|Kilowattrel||ChoiceSpecs|Competitive|Discharge,VoltSwitch,AirSlash,Thunderbolt|||M|||50|,,,,,Ghost]Garchomp||LifeOrb|RoughSkin|Earthquake,DragonClaw,StompingTantrum,Protect|||F|||50|,,,,,Ground]Primarina||ThroatSpray|LiquidVoice|HyperVoice,Moonblast,WaterPledge,Protect|||M|||50|,,,,,Poison]Rillaboom||MiracleSeed|GrassySurge|DrumBeating,GrassPledge,FakeOut,WoodHammer|||M|||50|,,,,,Poison]Incineroar||AssaultVest|Intimidate|FlareBlitz,KnockOff,FakeOut,Uturn|||M|||50|,,,,,Grass]Kingambit||SafetyGoggles|Defiant|KowtowCleave,SuckerPunch,Protect,SwordsDance|||M|||50|,,,,,Dark
|showteam|p2|Vivillon||FocusSash|CompoundEyes|Hurricane,SleepPowder,RagePowder,Protect|||F|||50|,,,,,Ghost]Garchomp||LifeOrb|RoughSkin|DragonClaw,Earthquake,StompingTantrum,Protect|||F|||50|,,,,,Steel]Primarina||SitrusBerry|LiquidVoice|HyperVoice,Moonblast,Haze,Protect|||F|||50|,,,,,Poison]Porygon2||Eviolite|Download|TeraBlast,IceBeam,TrickRoom,Recover||||||50|,,,,,Ground]Incineroar||SafetyGoggles|Intimidate|FakeOut,FlareBlitz,KnockOff,PartingShot|||F|||50|,,,,,Ghost]Gholdengo||Leftovers|GoodasGold|MakeItRain,ShadowBall,NastyPlot,Protect||||||50|,,,,,Flying
|inactive|Battle timer is ON: inactive players will automatically lose when time's up. (requested by LEgOtlomy67)
|inactive|LEgOtlomy67 has 60 seconds left.
|
|t:|1757626726
|teamsize|p1|4
|teamsize|p2|4
|start
|switch|p1a: Kilowattrel|Kilowattrel, L50, M|100/100
|switch|p1b: Rillaboom|Rillaboom, L50, M|100/100
|switch|p2a: Porygon2|Porygon2, L50|100/100
|switch|p2b: Vivillon|Vivillon, L50, F|100/100
|-fieldstart|move: Grassy Terrain|[from] ability: Grassy Surge|[of] p1b: Rillaboom
|-ability|p2a: Porygon2|Download|boost
|-boost|p2a: Porygon2|spa|1
|turn|1
|
|t:|1757626750
|move|p1b: Rillaboom|Fake Out|p2a: Porygon2
|-damage|p2a: Porygon2|93/100
|move|p1a: Kilowattrel|Thunderbolt|p2a: Porygon2
|-damage|p2a: Porygon2|58/100
|move|p2b: Vivillon|Sleep Powder|p1a: Kilowattrel
|-status|p1a: Kilowattrel|slp|[from] move: Sleep Powder
|cant|p2a: Porygon2|flinch
|
|-heal|p2a: Porygon2|65/100|[from] Grassy Terrain
|upkeep
|turn|2
|
|t:|1757626767
|cant|p1a: Kilowattrel|slp
|move|p2b: Vivillon|Hurricane|p1b: Rillaboom
|-supereffective|p1b: Rillaboom
|-damage|p1b: Rillaboom|1/100
|move|p1b: Rillaboom|Wood Hammer|p2a: Porygon2
|-damage|p2a: Porygon2|22/100
|-damage|p1b: Rillaboom|0 fnt|[from] Recoil
|faint|p1b: Rillaboom
|move|p2a: Porygon2|Trick Room|p2a: Porygon2
|-fieldstart|move: Trick Room|[of] p2a: Porygon2
|
|-heal|p2a: Porygon2|28/100|[from] Grassy Terrain
|upkeep
|
|t:|1757626779
|switch|p1b: Primarina|Primarina, L50, M|100/100
|turn|3
|
|t:|1757626787
|move|p2a: Porygon2|Recover|p2a: Porygon2
|-heal|p2a: Porygon2|78/100
|move|p1b: Primarina|Hyper Voice|p2a: Porygon2|[spread] p2a,p2b
|-damage|p2a: Porygon2|57/100
|-damage|p2b: Vivillon|31/100
|-enditem|p1b: Primarina|Throat Spray
|-boost|p1b: Primarina|spa|1|[from] item: Throat Spray
|move|p2b: Vivillon|Sleep Powder|p1b: Primarina
|-status|p1b: Primarina|slp|[from] move: Sleep Powder
|cant|p1a: Kilowattrel|slp
|
|-heal|p2a: Porygon2|64/100|[from] Grassy Terrain
|upkeep
|turn|4
|
|t:|1757626802
|move|p2a: Porygon2|Ice Beam|p1a: Kilowattrel
|-supereffective|p1a: Kilowattrel
|-damage|p1a: Kilowattrel|0 fnt
|faint|p1a: Kilowattrel
|cant|p1b: Primarina|slp
|move|p2b: Vivillon|Hurricane|p1b: Primarina
|-damage|p1b: Primarina|61/100 slp
|
|-heal|p2a: Porygon2|70/100|[from] Grassy Terrain
|-heal|p1b: Primarina|67/100 slp|[from] Grassy Terrain
|upkeep
|
|t:|1757626809
|switch|p1a: Garchomp|Garchomp, L50, F|100/100
|turn|5
|
|t:|1757626818
|move|p1a: Garchomp|Protect|p1a: Garchomp
|-singleturn|p1a: Garchomp|Protect
|move|p2a: Porygon2|Ice Beam|p1a: Garchomp
|-activate|p1a: Garchomp|move: Protect
|cant|p1b: Primarina|slp
|move|p2b: Vivillon|Sleep Powder|p1a: Garchomp
|-activate|p1a: Garchomp|move: Protect
|
|-heal|p2a: Porygon2|76/100|[from] Grassy Terrain
|-heal|p1b: Primarina|73/100 slp|[from] Grassy Terrain
|-fieldend|move: Grassy Terrain
|upkeep
|turn|6
|
|t:|1757626831
|-terastallize|p1a: Garchomp|Ground
|move|p2a: Porygon2|Ice Beam|p1a: Garchomp
|-supereffective|p1a: Garchomp
|-damage|p1a: Garchomp|17/100
|cant|p1b: Primarina|slp
|move|p1a: Garchomp|Stomping Tantrum|p2a: Porygon2
|-damage|p2a: Porygon2|29/100
|-damage|p1a: Garchomp|7/100|[from] item: Life Orb
|move|p2b: Vivillon|Sleep Powder|p1a: Garchomp
|-status|p1a: Garchomp|slp|[from] move: Sleep Powder
|
|-fieldend|move: Trick Room
|upkeep
|turn|7
|inactive|TONKMAN has 30 seconds left.
|
|t:|1757626857
|cant|p1a: Garchomp|slp
|move|p2b: Vivillon|Rage Powder|p2b: Vivillon
|-singleturn|p2b: Vivillon|move: Rage Powder
|-curestatus|p1b: Primarina|slp|[msg]
|move|p1b: Primarina|Hyper Voice|p2b: Vivillon|[spread] p2a,p2b
|-damage|p2a: Porygon2|0 fnt
|-damage|p2b: Vivillon|0 fnt
|faint|p2a: Porygon2
|faint|p2b: Vivillon
|
|upkeep
|
|t:|1757626865
|switch|p2b: Primarina|Primarina, L50, F|100/100
|switch|p2a: Incineroar|Incineroar, L50, F|100/100
|-ability|p2a: Incineroar|Intimidate|boost
|-unboost|p1a: Garchomp|atk|1
|-unboost|p1b: Primarina|atk|1
|turn|8
|
|t:|1757626879
|move|p2a: Incineroar|Fake Out|p1b: Primarina
|-damage|p1b: Primarina|60/100
|-curestatus|p1a: Garchomp|slp|[msg]
|move|p1a: Garchomp|Stomping Tantrum|p2a: Incineroar
|-supereffective|p2a: Incineroar
|-damage|p2a: Incineroar|0 fnt
|faint|p2a: Incineroar
|-damage|p1a: Garchomp|0 fnt|[from] item: Life Orb
|faint|p1a: Garchomp
|cant|p1b: Primarina|flinch
|move|p2b: Primarina|Hyper Voice|p1b: Primarina
|-resisted|p1b: Primarina
|-damage|p1b: Primarina|41/100
|
|upkeep
|turn|9
|
|t:|1757626897
|move|p1b: Primarina|Moonblast|p2b: Primarina
|-damage|p2b: Primarina|37/100
|-unboost|p2b: Primarina|spa|1
|-enditem|p2b: Primarina|Sitrus Berry|[eat]
|-heal|p2b: Primarina|62/100|[from] item: Sitrus Berry
|move|p2b: Primarina|Haze|p2b: Primarina
|-clearallboost
|
|upkeep
|turn|10
|
|t:|1757626908
|-terastallize|p2b: Primarina|Poison
|move|p1b: Primarina|Moonblast|p2b: Primarina
|-resisted|p2b: Primarina
|-damage|p2b: Primarina|39/100
|move|p2b: Primarina|Moonblast|p1b: Primarina
|-damage|p1b: Primarina|0 fnt
|faint|p1b: Primarina
|
|win|TONKMAN
||TONKMAN is ready for game 2.
||LEgOtlomy67 is ready for game 2.
|uhtml|next|Next: Game 2 of 3
|l|☆LEgOtlomy67
|player|p1|
