|j|☆Terrycat
|j|☆iebilish
|html|Terrycatiebilish    
|uhtml|bestof|Game 1 of a best-of-3
|t:|1786135792
|gametype|doubles
|player|p1|Terrycat|1|
|player|p2|iebilish|2|
|gen|9
|tier|[Gen 9 Champions] VGC 2026 Reg M-B (Bo3)
|rule|Species Clause: Limit one of each Pokémon
|rule|Item Clause: Limit 1 of each item
|clearpoke
|poke|p1|Garchomp, L50, M|
|poke|p1|Emolga, L50, M|
|poke|p1|Sylveon, L50, F, shiny|
|poke|p1|Charizard, L50, M|
|poke|p1|Tsareena, L50, F|
|poke|p1|Infernape, L50, M|
|poke|p2|Tyranitar, L50, F, shiny|
|poke|p2|Excadrill, L50, F, shiny|
|poke|p2|Incineroar, L50, F, shiny|
|poke|p2|Primarina, L50, M, shiny|
|poke|p2|Mimikyu, L50, M, shiny|
|poke|p2|Conkeldurr, L50, F, shiny|
|teampreview|4
|showteam|p1|Garchomp||FocusSash|RoughSkin|BrickBreak,Flamethrower,EarthPower,DragonClaw|Naive||M|||50|]Emolga||ChoiceScarf|Static|Nuzzle,VoltSwitch,Protect,Discharge|Hasty||M|||50|]Sylveon||FairyFeather|Pixilate|Moonblast,Protect,HyperVoice,DrainingKiss|Modest||F|||50|]Charizard||CharizarditeY|Blaze|Protect,HeatWave,SolarBeam,WeatherBall|Timid||M|||50|]Tsareena||WideLens|QueenlyMajesty|TripleAxel,Uturn,PlayRough,TropKick|Adamant||F|||50|]Infernape||Leftovers|IronFist|CloseCombat,DrainPunch,FirePunch,Earthquake|Jolly||M|||50|
|showteam|p2|Tyranitar||Tyranitarite|SandStream|RockSlide,KnockOff,Earthquake,Protect|Adamant||F|||50|]Excadrill||Excadrite|SandRush|Earthquake,RockSlide,HighHorsepower,Protect|Jolly||F|||50|]Incineroar||SitrusBerry|Intimidate|FakeOut,DarkestLariat,WillOWisp,Protect|Careful||F|||50|]Primarina||FocusSash|LiquidVoice|HyperVoice,DazzlingGleam,CalmMind,Protect|Quiet||M|||50|]Mimikyu||MentalHerb|Disguise|TrickRoom,PlayRough,ShadowSneak,Protect|Sassy||M|||50|]Conkeldurr||LifeOrb|SheerForce|DrainPunch,MachPunch,IcePunch,Detect|Adamant||F|||50|
|
|t:|1786135811
|teamsize|p1|4
|teamsize|p2|4
|start
|switch|p1a: Chomp|Garchomp, L50, M|100/100
|switch|p1b: Zappy|Emolga, L50, M|100/100
|switch|p2a: Tyranitar|Tyranitar, L50, F, shiny|100/100
|switch|p2b: Incineroar|Incineroar, L50, F, shiny|100/100
|-weather|Sandstorm|[from] ability: Sand Stream|[of] p2a: Tyranitar
|-ability|p2b: Incineroar|Intimidate|boost
|-unboost|p1a: Chomp|atk|1
|-unboost|p1b: Zappy|atk|1
|turn|1
|
|t:|1786135840
|move|p2b: Incineroar|Fake Out|p1a: Chomp
|-crit|p1a: Chomp
|-damage|p1a: Chomp|84/100
|-damage|p2b: Incineroar|87/100|[from] ability: Rough Skin|[of] p1a: Chomp
|move|p1b: Zappy|Nuzzle|p2b: Incineroar
|-damage|p2b: Incineroar|83/100
|-status|p2b: Incineroar|par
|cant|p1a: Chomp|flinch
|move|p2a: Tyranitar|Rock Slide|p1a: Chomp|[spread] p1a,p1b
|-resisted|p1a: Chomp|1
|-supereffective|p1b: Zappy|1
|-damage|p1a: Chomp|67/100
|-damage|p1b: Zappy|0 fnt
|faint|p1b: Zappy
|
|-weather|Sandstorm|[upkeep]
|-damage|p2b: Incineroar|77/100 par|[from] Sandstorm
|upkeep
|
|t:|1786135861
|switch|p1b: Charles Zard|Charizard, L50, M|100/100
|turn|2
|
|t:|1786135881
|switch|p2b: Primarina|Primarina, L50, M, shiny|100/100
|detailschange|p2a: Tyranitar|Tyranitar-Mega, L50, F, shiny
|-mega|p2a: Tyranitar|Tyranitar|Tyranitarite
|move|p1b: Charles Zard|Protect|p1b: Charles Zard
|-singleturn|p1b: Charles Zard|Protect
|move|p1a: Chomp|Brick Break|p2a: Tyranitar
|-supereffective|p2a: Tyranitar|2
|-damage|p2a: Tyranitar|55/100
|move|p2a: Tyranitar|Rock Slide|p1b: Charles Zard|[spread] p1a
|-activate|p1b: Charles Zard|move: Protect
|-resisted|p1a: Chomp|1
|-damage|p1a: Chomp|49/100
|
|-weather|Sandstorm|[upkeep]
|-damage|p1b: Charles Zard|94/100|[from] Sandstorm
|-damage|p2b: Primarina|94/100|[from] Sandstorm
|upkeep
|turn|3
|
|t:|1786135938
|switch|p2a: Incineroar|Incineroar, L50, F, shiny|77/100 par
|-ability|p2a: Incineroar|Intimidate|boost
|-unboost|p1a: Chomp|atk|1
|-unboost|p1b: Charles Zard|atk|1
|detailschange|p1b: Charles Zard|Charizard-Mega-Y, L50, M
|-mega|p1b: Charles Zard|Charizard|Charizardite Y
|-weather|SunnyDay|[from] ability: Drought|[of] p1b: Charles Zard
|move|p1a: Chomp|Brick Break|p2a: Incineroar
|-supereffective|p2a: Incineroar|1
|-damage|p2a: Incineroar|49/100 par
|-enditem|p2a: Incineroar|Sitrus Berry|[eat]
|-heal|p2a: Incineroar|74/100 par|[from] item: Sitrus Berry
|move|p1b: Charles Zard|Heat Wave|p2b: Primarina|[spread] p2a,p2b
|-resisted|p2a: Incineroar|1
|-resisted|p2b: Primarina|1
|-damage|p2a: Incineroar|52/100 par
|-damage|p2b: Primarina|66/100
|move|p2b: Primarina|Hyper Voice|p1a: Chomp|[spread] p1a,p1b
|-supereffective|p1b: Charles Zard|1
|-damage|p1a: Chomp|28/100
|-damage|p1b: Charles Zard|54/100
|
|-weather|SunnyDay|[upkeep]
|upkeep
|turn|4
|
|t:|1786136013
|move|p2a: Incineroar|Fake Out|p1b: Charles Zard
|-damage|p1b: Charles Zard|39/100
|move|p1a: Chomp|Earth Power|p2a: Incineroar
|-supereffective|p2a: Incineroar|1
|-damage|p2a: Incineroar|17/100 par
|cant|p1b: Charles Zard|flinch
|move|p2b: Primarina|Hyper Voice|p1b: Charles Zard|[spread] p1a,p1b
|-supereffective|p1b: Charles Zard|1
|-damage|p1a: Chomp|4/100
|-damage|p1b: Charles Zard|1/100
|
|-weather|SunnyDay|[upkeep]
|upkeep
|turn|5
|
|t:|1786136057
|switch|p2a: Tyranitar|Tyranitar-Mega, L50, F, shiny|55/100
|-weather|Sandstorm|[from] ability: Sand Stream|[of] p2a: Tyranitar
|move|p2b: Primarina|Protect|p2b: Primarina
|-singleturn|p2b: Primarina|Protect
|move|p1a: Chomp|Earth Power|p2a: Tyranitar
|-supereffective|p2a: Tyranitar|1
|-damage|p2a: Tyranitar|29/100
|move|p1b: Charles Zard|Solar Beam||[still]
|-prepare|p1b: Charles Zard|Solar Beam
|
|-weather|Sandstorm|[upkeep]
|-damage|p1b: Charles Zard|0 fnt|[from] Sandstorm
|-damage|p2b: Primarina|60/100|[from] Sandstorm
|faint|p1b: Charles Zard
|upkeep
|
|t:|1786136077
|switch|p1b: Sylvie|Sylveon, L50, F, shiny|100/100
|turn|6
|
|t:|1786136090
|move|p2a: Tyranitar|Protect|p2a: Tyranitar
|-singleturn|p2a: Tyranitar|Protect
|move|p1a: Chomp|Brick Break|p2a: Tyranitar
|-activate|p2a: Tyranitar|move: Protect
|move|p1b: Sylvie|Moonblast|p2b: Primarina
|-damage|p2b: Primarina|8/100
|-unboost|p2b: Primarina|spa|1
|move|p2b: Primarina|Hyper Voice|p1a: Chomp|[spread] p1a,p1b
|-damage|p1a: Chomp|0 fnt
|-damage|p1b: Sylvie|82/100
|faint|p1a: Chomp
|
|-weather|Sandstorm|[upkeep]
|-damage|p1b: Sylvie|76/100|[from] Sandstorm
|-damage|p2b: Primarina|2/100|[from] Sandstorm
|upkeep
|turn|7
|
|t:|1786136119
|move|p2a: Tyranitar|Rock Slide|p1b: Sylvie
|-damage|p1b: Sylvie|10/100
|move|p1b: Sylvie|Moonblast|p2a: Tyranitar
|-supereffective|p2a: Tyranitar|1
|-damage|p2a: Tyranitar|0 fnt
|faint|p2a: Tyranitar
|move|p2b: Primarina|Hyper Voice|p1b: Sylvie
|-damage|p1b: Sylvie|0 fnt
|faint|p1b: Sylvie
|
|win|iebilish
|inactive|Terrycat has 30 seconds to confirm battle start!
|inactive|iebilish has 30 seconds to confirm battle start!
||iebilish is ready for game 2.
|inactive|Terrycat has 20 seconds to confirm battle start!
|l|☆Terrycat
|player|p1|
||Terrycat is ready for game 2.
|uhtml|next|Next: Game 2 of 3
