|j|☆Meowstic Enjoyer
|j|☆johx123
|html|Meowstic Enjoyerjohx123    
|uhtml|bestof|Game 1 of a best-of-3
|t:|1784603570
|gametype|doubles
|player|p1|Meowstic Enjoyer|serena-masters2|1000
|player|p2|johx123|102|1041
|gen|9
|tier|[Gen 9 Champions] VGC 2026 Reg M-B (Bo3)
|rated|
|rule|Species Clause: Limit one of each Pokémon
|rule|Item Clause: Limit 1 of each item
|clearpoke
|poke|p1|Floette-Eternal, L50, F|
|poke|p1|Palafin, L50, M|
|poke|p1|Toxapex, L50, F|
|poke|p1|Incineroar, L50, M|
|poke|p1|Annihilape, L50, M|
|poke|p1|Delphox, L50, M|
|poke|p2|Farigiraf, L50, M|
|poke|p2|Staraptor, L50, M|
|poke|p2|Torkoal, L50, M|
|poke|p2|Blastoise, L50, M|
|poke|p2|Gardevoir, L50, M|
|poke|p2|Kingambit, L50, M|
|teampreview|4
|showteam|p1|Floette-Eternal||Floettite|FlowerVeil|Protect,DazzlingGleam,DrainingKiss,CalmMind|Modest||F|||50|]Palafin||LifeOrb|ZerotoHero|Protect,WaveCrash,CloseCombat,JetPunch|Adamant||M|||50|]Toxapex||Leftovers|Regenerator|BanefulBunker,Infestation,Toxic,WideGuard|Bold||F|||50|]Incineroar||SitrusBerry|Intimidate|PartingShot,DarkestLariat,FlareBlitz,FakeOut|Careful||M|||50|]Annihilape||FocusSash|Defiant|Protect,CloseCombat,RageFist,Coaching|Jolly||M|||50|]Delphox||Delphoxite|Blaze|Protect,HeatWave,Psyshock,NastyPlot|Timid||M|||50|
|showteam|p2|Farigiraf||ColburBerry|ArmorTail|Protect,TrickRoom,HelpingHand,TwinBeam|Relaxed||M|||50|]Staraptor||ChoiceScarf|Intimidate|FinalGambit,Protect,BraveBird,Uturn|Jolly||M|||50|]Torkoal||Charcoal|Drought|Eruption,SolarBeam,Flamethrower,Protect|Quiet||M|||50|]Blastoise||Blastoisinite|Torrent|WaterSpout,DarkPulse,WaterPulse,FakeOut|Quiet||M|||50|]Gardevoir||Gardevoirite|Synchronize|HyperVoice,Protect,Psychic,TrickRoom|Quiet||M|||50|]Kingambit||ExpertBelt|Defiant|KowtowCleave,IronHead,SuckerPunch,Protect|Brave||M|||50|
|
|t:|1784603624
|teamsize|p1|4
|teamsize|p2|4
|start
|switch|p1a: Floette|Floette-Eternal, L50, F|100/100
|switch|p1b: Incineroar|Incineroar, L50, M|100/100
|switch|p2a: Farigiraf|Farigiraf, L50, M|100/100
|switch|p2b: Staraptor|Staraptor, L50, M|100/100
|-ability|p2b: Staraptor|Intimidate|boost
|-unboost|p1a: Floette|atk|1
|-unboost|p1b: Incineroar|atk|1
|-ability|p1b: Incineroar|Intimidate|boost
|-unboost|p2a: Farigiraf|atk|1
|-unboost|p2b: Staraptor|atk|1
|turn|1
|
|t:|1784603640
|move|p1a: Floette|Protect|p1a: Floette
|-singleturn|p1a: Floette|Protect
|move|p2b: Staraptor|Final Gambit|p1b: Incineroar
|-damage|p1b: Incineroar|19/100
|-enditem|p1b: Incineroar|Sitrus Berry|[eat]
|-heal|p1b: Incineroar|44/100|[from] item: Sitrus Berry
|faint|p2b: Staraptor
|move|p1b: Incineroar|Darkest Lariat|p2a: Farigiraf
|-supereffective|p2a: Farigiraf|1
|-enditem|p2a: Farigiraf|Colbur Berry|[eat]
|-enditem|p2a: Farigiraf|Colbur Berry|[weaken]
|-damage|p2a: Farigiraf|82/100
|move|p2a: Farigiraf|Trick Room|p2a: Farigiraf
|-fieldstart|move: Trick Room|[of] p2a: Farigiraf
|
|upkeep
|
|t:|1784603659
|switch|p2b: Blastoise|Blastoise, L50, M|100/100
|turn|2
|
|t:|1784603665
|detailschange|p2b: Blastoise|Blastoise-Mega, L50, M
|-mega|p2b: Blastoise|Blastoise|Blastoisinite
|detailschange|p1a: Floette|Floette-Mega, L50, F
|-mega|p1a: Floette|Floette|Floettite
|-ability|p1a: Floette|Fairy Aura
|move|p2a: Farigiraf|Helping Hand|p2b: Blastoise
|-singleturn|p2b: Blastoise|Helping Hand|[of] p2a: Farigiraf
|move|p2b: Blastoise|Water Spout|p1b: Incineroar|[spread] p1a,p1b
|-supereffective|p1b: Incineroar|1
|-crit|p1b: Incineroar
|-damage|p1a: Floette|27/100
|-damage|p1b: Incineroar|0 fnt
|faint|p1b: Incineroar
|move|p1a: Floette|Calm Mind|p1a: Floette
|-boost|p1a: Floette|spa|1
|-boost|p1a: Floette|spd|1
|
|upkeep
|
|t:|1784603671
|switch|p1b: Toxapex|Toxapex, L50, F|100/100
|turn|3
|
|t:|1784603698
|move|p1a: Floette|Protect|p1a: Floette
|-singleturn|p1a: Floette|Protect
|move|p1b: Toxapex|Toxic|p2b: Blastoise
|-status|p2b: Blastoise|tox
|move|p2a: Farigiraf|Twin Beam|p1b: Toxapex
|-supereffective|p1b: Toxapex|1
|-damage|p1b: Toxapex|73/100
|-supereffective|p1b: Toxapex|1
|-damage|p1b: Toxapex|50/100g
|-hitcount|p1b: Toxapex|2
|move|p2b: Blastoise|Water Pulse|p1a: Floette
|-activate|p1a: Floette|move: Protect
|
|-heal|p1b: Toxapex|56/100|[from] item: Leftovers
|-damage|p2b: Blastoise|94/100 tox|[from] psn
|upkeep
|turn|4
|
|t:|1784603712
|switch|p1a: Annihilape|Annihilape, L50, M|100/100
|move|p1b: Toxapex|Infestation|p2b: Blastoise
|-damage|p2b: Blastoise|91/100 tox
|-activate|p2b: Blastoise|move: Infestation|[of] p1b: Toxapex
|move|p2a: Farigiraf|Twin Beam|p1b: Toxapex
|-supereffective|p1b: Toxapex|1
|-damage|p1b: Toxapex|33/100
|-supereffective|p1b: Toxapex|1
|-damage|p1b: Toxapex|8/100
|-hitcount|p1b: Toxapex|2
|move|p2b: Blastoise|Water Pulse|p1a: Annihilape
|-damage|p1a: Annihilape|48/100
|
|-heal|p1b: Toxapex|14/100|[from] item: Leftovers
|-damage|p2b: Blastoise|79/100 tox|[from] psn
|-damage|p2b: Blastoise|67/100 tox|[from] move: Infestation|[partiallytrapped]
|upkeep
|turn|5
|
|t:|1784603735
|move|p1b: Toxapex|Baneful Bunker|p1b: Toxapex
|-singleturn|p1b: Toxapex|move: Protect
|move|p2a: Farigiraf|Twin Beam|p1b: Toxapex
|-activate|p1b: Toxapex|move: Protect
|move|p2b: Blastoise|Water Pulse|p1a: Annihilape
|-damage|p1a: Annihilape|0 fnt
|faint|p1a: Annihilape
|
|-heal|p1b: Toxapex|20/100y|[from] item: Leftovers
|-damage|p2b: Blastoise|49/100 tox|[from] psn
|-damage|p2b: Blastoise|37/100 tox|[from] move: Infestation|[partiallytrapped]
|-fieldend|move: Trick Room
|upkeep
|
|t:|1784603739
|switch|p1a: Floette|Floette-Mega, L50, F|27/100
|-ability|p1a: Floette|Fairy Aura
|turn|6
|l|☆johx123
|player|p2|
|inactive|Battle timer is ON: inactive players will automatically lose when time's up. (requested by Meowstic Enjoyer)
|j|☆johx123
|inactive|johx123 reconnected and has 70 seconds left.
|player|p2|johx123|102|
|inactive|johx123 has 60 seconds left.
|
|t:|1784603792
|move|p1a: Floette|Draining Kiss|p2b: Blastoise
|-damage|p2b: Blastoise|5/100 tox
|-heal|p1a: Floette|51/100|[from] drain|[of] p2b: Blastoise
|move|p2b: Blastoise|Water Pulse|p1a: Floette
|-damage|p1a: Floette|14/100
|move|p1b: Toxapex|Toxic|p2a: Farigiraf
|-status|p2a: Farigiraf|tox
|move|p2a: Farigiraf|Trick Room|p2a: Farigiraf
|-fieldstart|move: Trick Room|[of] p2a: Farigiraf
|
|-heal|p1b: Toxapex|26/100|[from] item: Leftovers
|-damage|p2a: Farigiraf|76/100 tox|[from] psn
|-damage|p2b: Blastoise|0 fnt|[from] psn
|faint|p2b: Blastoise
|upkeep
|
|t:|1784603799
|switch|p2b: Kingambit|Kingambit, L50, M|100/100
|turn|7
|
|t:|1784603805
|move|p1b: Toxapex|Infestation|p2b: Kingambit
|-damage|p2b: Kingambit|97/100
|-activate|p2b: Kingambit|move: Infestation|[of] p1b: Toxapex
|move|p2b: Kingambit|Iron Head|p1a: Floette
|-supereffective|p1a: Floette|1
|-damage|p1a: Floette|0 fnt
|faint|p1a: Floette
|move|p2a: Farigiraf|Twin Beam|p1b: Toxapex
|-supereffective|p1b: Toxapex|1
|-damage|p1b: Toxapex|1/100
|-supereffective|p1b: Toxapex|1
|-damage|p1b: Toxapex|0 fnt
|faint|p1b: Toxapex
|-hitcount|p1: Toxapex|2
|
|win|johx123
