|j|☆endK649
|j|☆ExpoSniffer
|html|endK649ExpoSniffer    
|uhtml|bestof|Game 3 of a best-of-3
|t:|1757095812
|gametype|doubles
|player|p1|endK649|gambler|1075
|player|p2|ExpoSniffer|2|1000
|gen|9
|tier|[Gen 9] VGC 2025 Reg H (Bo3)
|rated|
|rule|Species Clause: Limit one of each Pokémon
|rule|Item Clause: Limit 1 of each item
|clearpoke
|poke|p1|Baxcalibur, L50, F|
|poke|p1|Volcarona, L50, F|
|poke|p1|Rillaboom, L50, F|
|poke|p1|Kingambit, L50, F|
|poke|p1|Dondozo, L50, M|
|poke|p1|Sneasler, L50, F|
|poke|p2|Gholdengo, L50|
|poke|p2|Dragonite, L50, M|
|poke|p2|Ursaluna-Bloodmoon, L50, M|
|poke|p2|Ninetales-Alola, L50, M|
|poke|p2|Annihilape, L50, F|
|poke|p2|Incineroar, L50, F|
|teampreview|4
|showteam|p1|Baxcalibur||LoadedDice|ThermalExchange|IcicleSpear,ScaleShot,IceShard,Protect|||F|||50|,,,,,Ghost]Volcarona||CovertCloak|FlameBody|HeatWave,TeraBlast,QuiverDance,RagePowder|||F|||50|,,,,,Fairy]Rillaboom||AssaultVest|GrassySurge|GrassyGlide,WoodHammer,HighHorsepower,FakeOut|||F|||50|,,,,,Water]Kingambit||SafetyGoggles|Defiant|KowtowCleave,SuckerPunch,SwordsDance,Protect|||F|||50|,,,,,Dark]Dondozo||Leftovers|Unaware|WaveCrash,Fissure,Curse,Protect|||M|||50|,,,,,Bug]Sneasler||FocusSash|PoisonTouch|DireClaw,CloseCombat,Coaching,Protect|||F|||50|,,,,,Ghost
|showteam|p2|Gholdengo||MetalCoat|GoodasGold|MakeItRain,ShadowBall,NastyPlot,Protect||||||50|,,,,,Water]Dragonite||LoadedDice|Multiscale|ScaleShot,ExtremeSpeed,Haze,Protect|||M|||50|,,,,,Steel]Ursaluna-Bloodmoon||AssaultVest|MindsEye|BloodMoon,HyperVoice,EarthPower,VacuumWave|||M|||50|,,,,,Water]Ninetales-Alola||FocusSash|SnowWarning|Blizzard,IcyWind,AuroraVeil,IcicleSpear|||M|||50|,,,,,Ghost]Annihilape||SafetyGoggles|Defiant|CloseCombat,RageFist,Coaching,Taunt|||F|||50|,,,,,Fire]Incineroar||RockyHelmet|Intimidate|KnockOff,FlareBlitz,PartingShot,FakeOut|||F|||50|,,,,,Ghost
|inactive|Battle timer is ON: inactive players will automatically lose when time's up. (requested by endK649)
|
|t:|1757095860
|teamsize|p1|4
|teamsize|p2|4
|start
|switch|p1a: Kingambit|Kingambit, L50, F, shiny|100/100
|switch|p1b: Sneasler|Sneasler, L50, F, shiny|100/100
|switch|p2a: Incineroar|Incineroar, L50, F|100/100
|switch|p2b: STOPMISHSCALESHOT|Dragonite, L50, M|100/100
|-ability|p2a: Incineroar|Intimidate|boost
|-unboost|p1a: Kingambit|atk|1
|-ability|p1a: Kingambit|Defiant|boost
|-boost|p1a: Kingambit|atk|2
|-unboost|p1b: Sneasler|atk|1
|turn|1
|inactive|endK649 has 30 seconds left.
|
|t:|1757095890
|-terastallize|p2a: Incineroar|Ghost
|move|p1b: Sneasler|Protect|p1b: Sneasler
|-singleturn|p1b: Sneasler|Protect
|move|p2b: STOPMISHSCALESHOT|Scale Shot|p1b: Sneasler
|-activate|p1b: Sneasler|move: Protect
|move|p2a: Incineroar|Flare Blitz|p1a: Kingambit
|-supereffective|p1a: Kingambit
|-damage|p1a: Kingambit|18/100
|-damage|p2a: Incineroar|73/100|[from] Recoil
|move|p1a: Kingambit|Kowtow Cleave|p2b: STOPMISHSCALESHOT
|-damage|p2b: STOPMISHSCALESHOT|63/100
|
|upkeep
|turn|2
|inactive|endK649 has 30 seconds left.
|
|t:|1757095917
|switch|p2a: gholdeggo|Gholdengo, L50|100/100
|move|p1a: Kingambit|Sucker Punch|p2b: STOPMISHSCALESHOT
|-damage|p2b: STOPMISHSCALESHOT|2/100
|move|p1b: Sneasler|Dire Claw|p2a: gholdeggo
|-immune|p2a: gholdeggo
|move|p2b: STOPMISHSCALESHOT|Scale Shot|p1b: Sneasler
|-damage|p1b: Sneasler|75/100
|-damage|p1b: Sneasler|49/100
|-damage|p1b: Sneasler|23/100
|-damage|p1b: Sneasler|0 fnt
|faint|p1b: Sneasler
|-hitcount|p1: Sneasler|4
|-unboost|p2b: STOPMISHSCALESHOT|def|1
|-boost|p2b: STOPMISHSCALESHOT|spe|1
|
|upkeep
|
|t:|1757095925
|switch|p1b: Rillaboom|Rillaboom, L50, F, shiny|100/100
|-fieldstart|move: Grassy Terrain|[from] ability: Grassy Surge|[of] p1b: Rillaboom
|turn|3
|
|t:|1757095940
|switch|p2a: Incineroar|Incineroar, L50, F, tera:Ghost|73/100
|-ability|p2a: Incineroar|Intimidate|boost
|-unboost|p1a: Kingambit|atk|1
|-ability|p1a: Kingambit|Defiant|boost
|-boost|p1a: Kingambit|atk|2
|-unboost|p1b: Rillaboom|atk|1
|move|p2b: STOPMISHSCALESHOT|Protect|p2b: STOPMISHSCALESHOT
|-singleturn|p2b: STOPMISHSCALESHOT|Protect
|move|p1b: Rillaboom|Fake Out|p2b: STOPMISHSCALESHOT
|-activate|p2b: STOPMISHSCALESHOT|move: Protect
|move|p1a: Kingambit|Kowtow Cleave|p2a: Incineroar
|-supereffective|p2a: Incineroar
|-damage|p2a: Incineroar|0 fnt
|-damage|p1a: Kingambit|2/100|[from] item: Rocky Helmet|[of] p2a: Incineroar
|faint|p2a: Incineroar
|
|-heal|p1a: Kingambit|8/100|[from] Grassy Terrain
|upkeep
|
|t:|1757095948
|switch|p2a: Pimpletile|Ursaluna-Bloodmoon, L50, M|100/100
|turn|4
|
|t:|1757095957
|move|p1a: Kingambit|Protect|p1a: Kingambit
|-singleturn|p1a: Kingambit|Protect
|move|p2b: STOPMISHSCALESHOT|Extreme Speed|p1a: Kingambit
|-activate|p1a: Kingambit|move: Protect
|move|p1b: Rillaboom|Grassy Glide|p2b: STOPMISHSCALESHOT
|-resisted|p2b: STOPMISHSCALESHOT
|-crit|p2b: STOPMISHSCALESHOT
|-damage|p2b: STOPMISHSCALESHOT|0 fnt
|faint|p2b: STOPMISHSCALESHOT
|move|p2a: Pimpletile|Blood Moon|p1b: Rillaboom
|-damage|p1b: Rillaboom|49/100
|
|-heal|p1b: Rillaboom|55/100|[from] Grassy Terrain
|-heal|p1a: Kingambit|14/100|[from] Grassy Terrain
|upkeep
|
|t:|1757095964
|switch|p2b: gholdeggo|Gholdengo, L50|100/100
|turn|5
|
|t:|1757095983
|switch|p1b: Dondozo|Dondozo, L50, M, shiny|100/100
|move|p1a: Kingambit|Protect||[still]
|-fail|p1a: Kingambit
|move|p2a: Pimpletile|Vacuum Wave|p1a: Kingambit
|-supereffective|p1a: Kingambit
|-damage|p1a: Kingambit|0 fnt
|faint|p1a: Kingambit
|move|p2b: gholdeggo|Nasty Plot|p2b: gholdeggo
|-boost|p2b: gholdeggo|spa|2
|
|upkeep
|
|t:|1757095987
|switch|p1a: Rillaboom|Rillaboom, L50, F, shiny|55/100
|turn|6
|inactive|endK649 has 30 seconds left.
|inactive|ExpoSniffer has 30 seconds left.
|
|t:|1757096021
|-terastallize|p1a: Rillaboom|Water
|move|p2b: gholdeggo|Make It Rain|p1b: Dondozo|[spread] p1a,p1b
|-resisted|p1a: Rillaboom
|-resisted|p1b: Dondozo
|-damage|p1a: Rillaboom|17/100
|-damage|p1b: Dondozo|80/100
|-unboost|p2b: gholdeggo|spa|1
|move|p1a: Rillaboom|Wood Hammer|p2a: Pimpletile
|-supereffective|p2a: Pimpletile
|-damage|p2a: Pimpletile|0 fnt
|faint|p2a: Pimpletile
|-damage|p1a: Rillaboom|0 fnt|[from] Recoil
|faint|p1a: Rillaboom
|move|p1b: Dondozo|Wave Crash|p2b: gholdeggo
|-damage|p2b: gholdeggo|58/100
|-damage|p1b: Dondozo|70/100|[from] Recoil
|
|-heal|p2b: gholdeggo|64/100|[from] Grassy Terrain
|-heal|p1b: Dondozo|77/100|[from] Grassy Terrain
|-heal|p1b: Dondozo|83/100|[from] item: Leftovers
|upkeep
|turn|7
|
|t:|1757096036
|move|p2b: gholdeggo|Protect|p2b: gholdeggo
|-singleturn|p2b: gholdeggo|Protect
|move|p1b: Dondozo|Wave Crash|p2b: gholdeggo
|-activate|p2b: gholdeggo|move: Protect
|
|-heal|p2b: gholdeggo|70/100|[from] Grassy Terrain
|-heal|p1b: Dondozo|89/100|[from] Grassy Terrain
|-heal|p1b: Dondozo|95/100|[from] item: Leftovers
|-fieldend|move: Grassy Terrain
|upkeep
|turn|8
|
|t:|1757096044
|move|p2b: gholdeggo|Shadow Ball|p1b: Dondozo
|-damage|p1b: Dondozo|68/100
|move|p1b: Dondozo|Wave Crash|p2b: gholdeggo
|-damage|p2b: gholdeggo|23/100
|-damage|p1b: Dondozo|58/100|[from] Recoil
|
|-heal|p1b: Dondozo|64/100|[from] item: Leftovers
|upkeep
|turn|9
|
|t:|1757096053
|move|p2b: gholdeggo|Shadow Ball|p1b: Dondozo
|-damage|p1b: Dondozo|35/100
|move|p1b: Dondozo|Wave Crash|p2b: gholdeggo
|-damage|p2b: gholdeggo|0 fnt
|faint|p2b: gholdeggo
|-damage|p1b: Dondozo|30/100|[from] Recoil
|
|win|endK649
|raw|endK649's rating: 1075 → 1098(+23 for winning)
|raw|ExpoSniffer's rating: 1000 → 1000(+0 for losing)
|c|☆ExpoSniffer|gg
|l|☆ExpoSniffer
|player|p2|
