|j|☆lime beens
|j|☆miko16
|html|lime beensmiko16    
|uhtml|bestof|Game 1 of a best-of-3
|t:|1783752542
|gametype|doubles
|player|p1|lime beens|artist-gen4|1115
|player|p2|miko16|101|1000
|gen|9
|tier|[Gen 9 Champions] VGC 2026 Reg M-B (Bo3)
|rated|
|rule|Species Clause: Limit one of each Pokémon
|rule|Item Clause: Limit 1 of each item
|clearpoke
|poke|p1|Farigiraf, L50, F|
|poke|p1|Camerupt, L50, M|
|poke|p1|Dragapult, L50, F|
|poke|p1|Sylveon, L50, M|
|poke|p1|Clawitzer, L50, F|
|poke|p1|Chesnaught, L50, M, shiny|
|poke|p2|Passimian, L50, M, shiny|
|poke|p2|Starmie, L50, shiny|
|poke|p2|Palafin, L50, F|
|poke|p2|Typhlosion-Hisui, L50, F|
|poke|p2|Garchomp, L50, F|
|poke|p2|Dragapult, L50, F, shiny|
|teampreview|4
|showteam|p1|Farigiraf||ColburBerry|ArmorTail|TrickRoom,TwinBeam,Thunderbolt,Protect|Sassy||F|||50|]Camerupt||Cameruptite|SolidRock|HeatWave,EarthPower,Round,Protect|Quiet||M|||50|]Dragapult||FocusSash|Infiltrator|Round,DracoMeteor,ShadowBall,Protect|Timid||F|||50|]Sylveon||FairyFeather|Pixilate|Round,MysticalFire,HyperVoice,Protect|Quiet||M|||50|]Clawitzer||LifeOrb|MegaLauncher|WaterPulse,AuraSphere,DarkPulse,Protect|Quiet||F|||50|]Chesnaught||Chesnaughtite|Bulletproof|DrainPunch,WoodHammer,SpikyShield,BulkUp|Brave||M|||50|
|showteam|p2|Passimian||QuickClaw|Receiver|Protect,BulkUp,DrainPunch,KnockOff|Serious||M|||50|]Starmie||Starminite|Illuminate|AquaJet,SelfDestruct,Protect,IceSpinner|Jolly|||||50|]Palafin||MysticWater|ZerotoHero|JetPunch,FlipTurn,Protect,ZenHeadbutt|Adamant||F|||50|]Typhlosion-Hisui||ChoiceScarf|Frisk|Eruption,ShadowBall,BurnUp,HeatWave|Timid||F|||50|]Garchomp||Garchompite|SandVeil|Protect,DragonClaw,StompingTantrum,PoisonJab|Serious||F|||50|]Dragapult||LifeOrb|Infiltrator|DragonPulse,ShadowBall,Thunderbolt,Protect|Timid||F|||50|
|inactive|Battle timer is ON: inactive players will automatically lose when time's up. (requested by lime beens)
|inactive|lime beens has 60 seconds left.
|
|t:|1783752595
|teamsize|p1|4
|teamsize|p2|4
|start
|switch|p1a: Twin|Farigiraf, L50, F|100/100
|switch|p1b: Raichu-Mega|Chesnaught, L50, M, shiny|100/100
|switch|p2a: Palafin|Palafin, L50, F|100/100
|switch|p2b: Starmie|Starmie, L50, shiny|100/100
|turn|1
|j| TheBergentruck1
|l| TheBergentruck1
|inactive|miko16 has 30 seconds left.
|inactive|miko16 has 20 seconds left.
|inactive|miko16 has 15 seconds left.
|
|t:|1783752639
|detailschange|p2b: Starmie|Starmie-Mega, L50, shiny
|-mega|p2b: Starmie|Starmie|Starminite
|detailschange|p1b: Raichu-Mega|Chesnaught-Mega, L50, M, shiny
|-mega|p1b: Raichu-Mega|Chesnaught|Chesnaughtite
|move|p1b: Raichu-Mega|Spiky Shield|p1b: Raichu-Mega
|-singleturn|p1b: Raichu-Mega|move: Protect
|move|p2b: Starmie|Ice Spinner|p1b: Raichu-Mega
|-activate|p1b: Raichu-Mega|move: Protect
|-damage|p2b: Starmie|87/100|[from] Spiky Shield|[of] p1b: Raichu-Mega
|move|p2a: Palafin|Flip Turn|p1a: Twin
|-damage|p1a: Twin|70/100
|
|t:|1783752651
|detailschange|p2a: Palafin|Palafin-Hero, L50, F
|switch|p2a: Passimian|Passimian, L50, M, shiny|100/100|[from] Flip Turn
|move|p1a: Twin|Trick Room|p1a: Twin
|-fieldstart|move: Trick Room|[of] p1a: Twin
|
|upkeep
|turn|2
|
|t:|1783752667
|move|p1a: Twin|Protect|p1a: Twin
|-singleturn|p1a: Twin|Protect
|move|p2a: Passimian|Protect|p2a: Passimian
|-singleturn|p2a: Passimian|Protect
|move|p1b: Raichu-Mega|Bulk Up|p1b: Raichu-Mega
|-boost|p1b: Raichu-Mega|atk|1
|-boost|p1b: Raichu-Mega|def|1
|move|p2b: Starmie|Self-Destruct|p1a: Twin|[spread] p1b
|-activate|p2a: Passimian|move: Protect
|-activate|p1a: Twin|move: Protect
|-damage|p1b: Raichu-Mega|65/100
|faint|p2b: Starmie
|-ability|p2a: Passimian|Huge Power|Receiver|[from] ability: Receiver|[of] p2b: Starmie
|
|upkeep
|
|t:|1783752682
|switch|p2b: Dragapult|Dragapult, L50, F, shiny|100/100
|turn|3
|
|t:|1783752695
|move|p1b: Raichu-Mega|Drain Punch|p2a: Passimian
|-damage|p2a: Passimian|22/100
|-heal|p1b: Raichu-Mega|100/100|[from] drain|[of] p2a: Passimian
|move|p1a: Twin|Twin Beam|p2a: Passimian
|-supereffective|p2a: Passimian|1
|-damage|p2a: Passimian|0 fnt
|faint|p2a: Passimian
|-hitcount|p2: Passimian|1
|move|p2b: Dragapult|Dragon Pulse|p1b: Raichu-Mega
|-damage|p1b: Raichu-Mega|64/100
|-damage|p2b: Dragapult|90/100|[from] item: Life Orb
|
|upkeep
|
|t:|1783752707
|switch|p2a: Palafin|Palafin-Hero, L50, F|100/100
|-activate|p2a: Palafin|ability: Zero to Hero
|turn|4
|
|t:|1783752724
|move|p1b: Raichu-Mega|Wood Hammer|p2a: Palafin
|-supereffective|p2a: Palafin|1
|-damage|p2a: Palafin|0 fnt
|faint|p2a: Palafin
|-damage|p1b: Raichu-Mega|31/100|[from] Recoil
|move|p1a: Twin|Twin Beam|p2b: Dragapult
|-damage|p2b: Dragapult|68/100
|-damage|p2b: Dragapult|48/100
|-hitcount|p2b: Dragapult|2
|move|p2b: Dragapult|Dragon Pulse|p1b: Raichu-Mega
|-damage|p1b: Raichu-Mega|0 fnt
|faint|p1b: Raichu-Mega
|-damage|p2b: Dragapult|38/100|[from] item: Life Orb
|
|upkeep
|
|t:|1783752738
|switch|p1b: Dragonpult|Dragapult, L50, F|100/100
|turn|5
|
|t:|1783752750
|move|p1a: Twin|Twin Beam|p2b: Dragapult
|-damage|p2b: Dragapult|18/100
|-damage|p2b: Dragapult|0 fnt
|faint|p2b: Dragapult
|-hitcount|p2: Dragapult|2
|
|win|lime beens
||lime beens is ready for game 2.
|inactive|miko16 has 30 seconds to confirm battle start!
|l|☆miko16
|player|p2|
|inactive|miko16 has 20 seconds to confirm battle start!
|raw|lime beens's rating: 1115 → 1132(+17 for winning)
|raw|miko16's rating: 1000 → 1000(+0 for losing)
