|j|☆bighamsterbaseball
|j|☆Cello L.
|html|bighamsterbaseballCello L.    
|uhtml|bestof|Game 1 of a best-of-3
|t:|1782264640
|gametype|doubles
|player|p1|bighamsterbaseball|pokemaniac|1179
|player|p2|Cello L.|cynthia-gen4|1172
|gen|9
|tier|[Gen 9 Champions] VGC 2026 Reg M-B (Bo3)
|rated|
|rule|Species Clause: Limit one of each Pokémon
|rule|Item Clause: Limit 1 of each item
|clearpoke
|poke|p1|Pidgeot, L50, F|
|poke|p1|Tyranitar, L50, M|
|poke|p1|Excadrill, L50, F|
|poke|p1|Tsareena, L50, F|
|poke|p1|Gholdengo, L50|
|poke|p1|Rotom-Wash, L50|
|poke|p2|Froslass, L50, F|
|poke|p2|Dragonite, L50, M|
|poke|p2|Garchomp, L50, F|
|poke|p2|Basculegion, L50, M|
|poke|p2|Sneasler, L50, F|
|poke|p2|Kingambit, L50, M|
|teampreview|4
|showteam|p1|Pidgeot||Pidgeotite|BigPecks|Hurricane,HeatWave,Tailwind,Protect|Timid||F|||50|]Tyranitar||Tyranitarite|SandStream|RockSlide,KnockOff,LowKick,Protect|Jolly||M|||50|]Excadrill||FocusSash|SandRush|Earthquake,IronHead,RockSlide,Protect|Adamant||F|||50|]Tsareena||ChoiceScarf|QueenlyMajesty|PowerWhip,TripleAxel,LowKick,Uturn|Jolly||F|||50|]Gholdengo||Leftovers|GoodasGold|MakeItRain,ShadowBall,NastyPlot,Protect|Timid|||||50|]Rotom-Wash||SitrusBerry|Levitate|Thunderbolt,HydroPump,WillOWisp,Protect|Modest|||||50|
|showteam|p2|Froslass||Froslassite|CursedBody|Blizzard,ShadowBall,AuroraVeil,Protect|Timid||F|||50|]Dragonite||Dragoninite|Multiscale|DragonPulse,Thunderbolt,Flamethrower,Protect|Modest||M|||50|]Garchomp||LifeOrb|RoughSkin|Earthquake,StompingTantrum,DragonClaw,Protect|Jolly||F|||50|]Basculegion||SitrusBerry|Adaptability|WaveCrash,LastRespects,AquaJet,Protect|Adamant||M|||50|]Sneasler||WhiteHerb|Unburden|CloseCombat,DireClaw,FakeOut,Protect|Jolly||F|||50|]Kingambit||BlackGlasses|Defiant|KowtowCleave,SuckerPunch,IronHead,Protect|Adamant||M|||50|
|
|t:|1782264703
|teamsize|p1|4
|teamsize|p2|4
|start
|switch|p1a: Tsareena|Tsareena, L50, F|100/100
|switch|p1b: Gholdengo|Gholdengo, L50|100/100
|switch|p2a: Grace|Froslass, L50, F|100/100
|switch|p2b: Stairs|Sneasler, L50, F|100/100
|turn|1
|
|t:|1782264726
|detailschange|p2a: Grace|Froslass-Mega, L50, F
|-mega|p2a: Grace|Froslass|Froslassite
|-weather|Snowscape|[from] ability: Snow Warning|[of] p2a: Grace
|move|p1a: Tsareena|U-turn|p1b: Gholdengo
|-resisted|p1b: Gholdengo|2
|-damage|p1b: Gholdengo|92/100
|
|t:|1782264735
|switch|p1a: Tyranitar|Tyranitar, L50, M|100/100|[from] U-turn
|-weather|Sandstorm|[from] ability: Sand Stream|[of] p1a: Tyranitar
|move|p2b: Stairs|Close Combat|p1a: Tyranitar
|-supereffective|p1a: Tyranitar|2
|-damage|p1a: Tyranitar|0 fnt
|-unboost|p2b: Stairs|def|1
|-unboost|p2b: Stairs|spd|1
|faint|p1a: Tyranitar
|-enditem|p2b: Stairs|White Herb
|-clearnegativeboost|p2b: Stairs|[silent]
|move|p2a: Grace|Aurora Veil||[still]
|-fail|p2a: Grace
|move|p1b: Gholdengo|Make It Rain|p2a: Grace|[spread] p2a,p2b
|-supereffective|p2a: Grace|1
|-damage|p2a: Grace|0 fnt
|-damage|p2b: Stairs|32/100
|-unboost|p1b: Gholdengo|spa|2
|faint|p2a: Grace
|
|-weather|Sandstorm|[upkeep]
|-damage|p2b: Stairs|26/100|[from] Sandstorm
|-heal|p1b: Gholdengo|98/100|[from] item: Leftovers
|upkeep
|
|t:|1782264756
|switch|p2a: Courage|Garchomp, L50, F|100/100
|switch|p1a: Pidgeot|Pidgeot, L50, F|100/100
|turn|2
|
|t:|1782264799
|detailschange|p1a: Pidgeot|Pidgeot-Mega, L50, F
|-mega|p1a: Pidgeot|Pidgeot|Pidgeotite
|move|p2b: Stairs|Close Combat|p1a: Pidgeot
|-damage|p1a: Pidgeot|19/100
|-unboost|p2b: Stairs|def|1
|-unboost|p2b: Stairs|spd|1
|move|p1a: Pidgeot|Tailwind|p1a: Pidgeot
|-sidestart|p1: bighamsterbaseball|move: Tailwind
|move|p1b: Gholdengo|Make It Rain|p2b: Stairs|[spread] p2a,p2b
|-damage|p2a: Courage|79/100
|-damage|p2b: Stairs|0 fnt
|-unboost|p1b: Gholdengo|spa|2
|faint|p2b: Stairs
|move|p2a: Courage|Dragon Claw|p1a: Pidgeot
|-damage|p1a: Pidgeot|0 fnt
|faint|p1a: Pidgeot
|-damage|p2a: Courage|69/100|[from] item: Life Orb
|
|-weather|Sandstorm|[upkeep]
|-heal|p1b: Gholdengo|100/100|[from] item: Leftovers
|upkeep
|
|t:|1782264817
|switch|p1a: Tsareena|Tsareena, L50, F|100/100
|switch|p2b: Knowledge|Basculegion, L50, M|100/100
|turn|3
|
|t:|1782264848
|move|p1a: Tsareena|Power Whip|p2b: Knowledge
|-supereffective|p2b: Knowledge|1
|-damage|p2b: Knowledge|0 fnt
|faint|p2b: Knowledge
|move|p1b: Gholdengo|Shadow Ball|p2a: Courage
|-damage|p2a: Courage|55/100
|move|p2a: Courage|Dragon Claw|p1a: Tsareena
|-damage|p1a: Tsareena|46/100
|-damage|p2a: Courage|45/100|[from] item: Life Orb
|
|-weather|Sandstorm|[upkeep]
|-damage|p1a: Tsareena|40/100|[from] Sandstorm
|upkeep
|turn|4
|
|t:|1782264860
|move|p2a: Courage|Protect|p2a: Courage
|-singleturn|p2a: Courage|Protect
|move|p1a: Tsareena|Power Whip|p2a: Courage
|-activate|p2a: Courage|move: Protect
|move|p1b: Gholdengo|Make It Rain|p2a: Courage
|-activate|p2a: Courage|move: Protect
|
|-weather|Sandstorm|[upkeep]
|-damage|p1a: Tsareena|34/100|[from] Sandstorm
|upkeep
|turn|5
|
|t:|1782264876
|move|p1a: Tsareena|Power Whip|p2a: Courage|[miss]
|-miss|p1a: Tsareena|p2a: Courage
|move|p1b: Gholdengo|Make It Rain|p2a: Courage
|-damage|p2a: Courage|27/100
|-unboost|p1b: Gholdengo|spa|2
|move|p2a: Courage|Earthquake|p1a: Tsareena|[spread] p1a,p1b
|-resisted|p1a: Tsareena|1
|-supereffective|p1b: Gholdengo|1
|-damage|p1a: Tsareena|6/100
|-damage|p1b: Gholdengo|0 fnt
|faint|p1b: Gholdengo
|-damage|p2a: Courage|17/100|[from] item: Life Orb
|
|-weather|none
|-sideend|p1: bighamsterbaseball|move: Tailwind
|upkeep
|turn|6
|
|t:|1782264893
|move|p1a: Tsareena|Power Whip|p2a: Courage|[miss]
|-miss|p1a: Tsareena|p2a: Courage
|move|p2a: Courage|Dragon Claw|p1a: Tsareena
|-damage|p1a: Tsareena|0 fnt
|faint|p1a: Tsareena
|-damage|p2a: Courage|8/100|[from] item: Life Orb
|
|win|Cello L.
||bighamsterbaseball is ready for game 2.
||Cello L. is ready for game 2.
|uhtml|next|Next: Game 2 of 3
