|j|☆spearow's nest
|j|☆dogwitdaglasses
|html|spearow's nestdogwitdaglasses    
|uhtml|bestof|Game 1 of a best-of-3
|t:|1757643702
|gametype|doubles
|player|p1|spearow's nest|lance|
|player|p2|dogwitdaglasses|guzma|
|gen|9
|tier|[Gen 9] VGC 2025 Reg H (Bo3)
|rule|Species Clause: Limit one of each Pokémon
|rule|Item Clause: Limit 1 of each item
|clearpoke
|poke|p1|Incineroar, L50, M|
|poke|p1|Porygon2, L50|
|poke|p1|Amoonguss, L50, M|
|poke|p1|Ursaluna, L50, F|
|poke|p1|Gholdengo, L50|
|poke|p1|Flamigo, L50, F|
|poke|p2|Rillaboom, L50, M|
|poke|p2|Dragonite, L50, M|
|poke|p2|Sneasler, L50, M|
|poke|p2|Ninetales-Alola, L50, F|
|poke|p2|Kingambit, L50, M|
|poke|p2|Volcarona, L50, F|
|teampreview|4
|showteam|p1|Incineroar||SafetyGoggles|Intimidate|KnockOff,FlareBlitz,PartingShot,FakeOut|||M|||50|,,,,,Grass]Porygon2||Eviolite|Download|TeraBlast,IceBeam,Recover,TrickRoom||||||50|,,,,,Fighting]Amoonguss||MentalHerb|Regenerator|Spore,RagePowder,PollenPuff,SludgeBomb|||M|||50|,,,,,Water]Ursaluna||FlameOrb|Guts|Facade,HeadlongRush,Earthquake,Protect|||F|||50|,,,,,Normal]Gholdengo||LifeOrb|GoodasGold|MakeItRain,ShadowBall,NastyPlot,Protect||||||50|,,,,,Dragon]Flamigo||FocusSash|Scrappy|CloseCombat,BraveBird,WideGuard,Protect|||F|||50|,,,,,Ghost
|showteam|p2|Rillaboom||AssaultVest|GrassySurge|WoodHammer,GrassyGlide,HighHorsepower,FakeOut|||M|||50|,,,,,Fire]Dragonite||LoadedDice|Multiscale|Protect,ScaleShot,LowKick,Haze|||M|||50|,,,,,Fairy]Sneasler||WhiteHerb|Unburden|Protect,DireClaw,CloseCombat,Coaching|||M|||50|,,,,,Ghost]Ninetales-Alola||ChoiceSpecs|SnowWarning|Blizzard,IcyWind,Moonblast,FreezeDry|||F|||50|,,,,,Ghost]Kingambit||SafetyGoggles|Defiant|Protect,KowtowCleave,SuckerPunch,SwordsDance|||M|||50|,,,,,Dark]Volcarona||LumBerry|FlameBody|StruggleBug,RagePowder,Overheat,WillOWisp|||F|||50|,,,,,Fire
|
|t:|1757643729
|teamsize|p1|4
|teamsize|p2|4
|start
|switch|p1a: Flamigo|Flamigo, L50, F|100/100
|switch|p1b: Amoonguss|Amoonguss, L50, M|100/100
|switch|p2a: Sneasler|Sneasler, L50, M|100/100
|switch|p2b: Ninetales|Ninetales-Alola, L50, F|100/100
|-weather|Snowscape|[from] ability: Snow Warning|[of] p2b: Ninetales
|turn|1
|
|t:|1757643749
|-terastallize|p2a: Sneasler|Ghost
|move|p2a: Sneasler|Close Combat|p1b: Amoonguss
|-resisted|p1b: Amoonguss
|-damage|p1b: Amoonguss|78/100
|-unboost|p2a: Sneasler|def|1
|-unboost|p2a: Sneasler|spd|1
|-enditem|p2a: Sneasler|White Herb
|-clearnegativeboost|p2a: Sneasler|[silent]
|move|p2b: Ninetales|Freeze-Dry|p1b: Amoonguss
|-supereffective|p1b: Amoonguss
|-damage|p1b: Amoonguss|11/100
|move|p1a: Flamigo|Brave Bird|p2a: Sneasler
|-damage|p2a: Sneasler|14/100
|-damage|p1a: Flamigo|70/100|[from] Recoil
|move|p1b: Amoonguss|Spore|p2b: Ninetales
|-status|p2b: Ninetales|slp|[from] move: Spore
|
|-weather|Snowscape|[upkeep]
|upkeep
|turn|2
|
|t:|1757643780
|switch|p1b: Porygon2|Porygon2, L50|100/100
|-ability|p1b: Porygon2|Download|boost
|-boost|p1b: Porygon2|atk|1
|move|p2a: Sneasler|Protect|p2a: Sneasler
|-singleturn|p2a: Sneasler|Protect
|cant|p2b: Ninetales|slp
|move|p1a: Flamigo|Brave Bird|p2a: Sneasler
|-activate|p2a: Sneasler|move: Protect
|
|-weather|Snowscape|[upkeep]
|upkeep
|turn|3
|
|t:|1757643807
|-terastallize|p1b: Porygon2|Fighting
|move|p2a: Sneasler|Close Combat|p1b: Porygon2
|-damage|p1b: Porygon2|69/100
|-unboost|p2a: Sneasler|def|1
|-unboost|p2a: Sneasler|spd|1
|cant|p2b: Ninetales|slp
|move|p1a: Flamigo|Close Combat|p2b: Ninetales
|-damage|p2b: Ninetales|39/100 slp
|-unboost|p1a: Flamigo|def|1
|-unboost|p1a: Flamigo|spd|1
|move|p1b: Porygon2|Trick Room|p1b: Porygon2
|-fieldstart|move: Trick Room|[of] p1b: Porygon2
|
|-weather|Snowscape|[upkeep]
|upkeep
|turn|4
|
|t:|1757643824
|move|p2a: Sneasler|Protect|p2a: Sneasler
|-singleturn|p2a: Sneasler|Protect
|move|p1b: Porygon2|Ice Beam|p2a: Sneasler
|-activate|p2a: Sneasler|move: Protect
|move|p1a: Flamigo|Close Combat|p2b: Ninetales
|-damage|p2b: Ninetales|0 fnt
|-unboost|p1a: Flamigo|def|1
|-unboost|p1a: Flamigo|spd|1
|faint|p2b: Ninetales
|
|-weather|Snowscape|[upkeep]
|upkeep
|
|t:|1757643832
|switch|p2b: Rillaboom|Rillaboom, L50, M|100/100
|-fieldstart|move: Grassy Terrain|[from] ability: Grassy Surge|[of] p2b: Rillaboom
|turn|5
|
|t:|1757643843
|move|p1b: Porygon2|Ice Beam|p2a: Sneasler
|-damage|p2a: Sneasler|0 fnt
|faint|p2a: Sneasler
|move|p2b: Rillaboom|Wood Hammer|p1a: Flamigo
|-resisted|p1a: Flamigo
|-damage|p1a: Flamigo|0 fnt
|faint|p1a: Flamigo
|-damage|p2b: Rillaboom|82/100|[from] Recoil
|
|-weather|none
|-heal|p1b: Porygon2|75/100|[from] Grassy Terrain
|-heal|p2b: Rillaboom|88/100|[from] Grassy Terrain
|upkeep
|
|t:|1757643853
|switch|p1a: Amoonguss|Amoonguss, L50, M|44/100
|switch|p2a: Volcarona|Volcarona, L50, F|100/100
|turn|6
|
|t:|1757643868
|switch|p1a: Ursaluna|Ursaluna, L50, F|100/100
|move|p1b: Porygon2|Ice Beam|p2b: Rillaboom
|-supereffective|p2b: Rillaboom
|-damage|p2b: Rillaboom|50/100
|move|p2b: Rillaboom|Wood Hammer|p1b: Porygon2
|-damage|p1b: Porygon2|35/100
|-damage|p2b: Rillaboom|36/100|[from] Recoil
|move|p2a: Volcarona|Struggle Bug|p1a: Ursaluna|[spread] p1a,p1b
|-resisted|p1b: Porygon2
|-damage|p1a: Ursaluna|86/100
|-damage|p1b: Porygon2|30/100
|-unboost|p1a: Ursaluna|spa|1
|-unboost|p1b: Porygon2|spa|1
|
|-heal|p1a: Ursaluna|92/100|[from] Grassy Terrain
|-heal|p1b: Porygon2|36/100|[from] Grassy Terrain
|-heal|p2b: Rillaboom|42/100|[from] Grassy Terrain
|-status|p1a: Ursaluna|brn|[from] item: Flame Orb
|upkeep
|turn|7
|
|t:|1757643890
|move|p2b: Rillaboom|Grassy Glide|p1a: Ursaluna
|-supereffective|p1a: Ursaluna
|-damage|p1a: Ursaluna|43/100 brn
|move|p1a: Ursaluna|Facade|p2b: Rillaboom
|-damage|p2b: Rillaboom|0 fnt
|faint|p2b: Rillaboom
|move|p1b: Porygon2|Tera Blast|p2a: Volcarona|[anim] Tera Blast Fighting
|-resisted|p2a: Volcarona
|-damage|p2a: Volcarona|82/100
|move|p2a: Volcarona|Overheat|p1a: Ursaluna
|-damage|p1a: Ursaluna|0 fnt
|-unboost|p2a: Volcarona|spa|2
|faint|p1a: Ursaluna
|
|-heal|p1b: Porygon2|43/100|[from] Grassy Terrain
|-heal|p2a: Volcarona|88/100|[from] Grassy Terrain
|-fieldend|move: Trick Room
|upkeep
|
|t:|1757643905
|switch|p1a: Amoonguss|Amoonguss, L50, M|78/100
|turn|8
|
|t:|1757643914
|move|p2a: Volcarona|Overheat|p1a: Amoonguss|[miss]
|-miss|p2a: Volcarona|p1a: Amoonguss
|move|p1b: Porygon2|Recover|p1b: Porygon2
|-heal|p1b: Porygon2|93/100
|move|p1a: Amoonguss|Sludge Bomb|p2a: Volcarona
|-damage|p2a: Volcarona|66/100
|-status|p2a: Volcarona|psn
|-enditem|p2a: Volcarona|Lum Berry|[eat]
|-curestatus|p2a: Volcarona|psn|[msg]
|
|-heal|p2a: Volcarona|72/100|[from] Grassy Terrain
|-heal|p1b: Porygon2|99/100|[from] Grassy Terrain
|-heal|p1a: Amoonguss|84/100|[from] Grassy Terrain
|upkeep
|turn|9
|
|t:|1757643926
|move|p2a: Volcarona|Overheat|p1a: Amoonguss
|-supereffective|p1a: Amoonguss
|-damage|p1a: Amoonguss|31/100
|-unboost|p2a: Volcarona|spa|2
|move|p1a: Amoonguss|Spore|p2a: Volcarona
|-status|p2a: Volcarona|slp|[from] move: Spore
|move|p1b: Porygon2|Trick Room|p1b: Porygon2
|-fieldstart|move: Trick Room|[of] p1b: Porygon2
|
|-heal|p1a: Amoonguss|37/100|[from] Grassy Terrain
|-heal|p1b: Porygon2|100/100|[from] Grassy Terrain
|-heal|p2a: Volcarona|78/100 slp|[from] Grassy Terrain
|-fieldend|move: Grassy Terrain
|upkeep
|turn|10
|
|t:|1757643940
|move|p1a: Amoonguss|Sludge Bomb|p2a: Volcarona
|-damage|p2a: Volcarona|52/100 slp
|move|p1b: Porygon2|Tera Blast|p2a: Volcarona|[anim] Tera Blast Fighting
|-resisted|p2a: Volcarona
|-damage|p2a: Volcarona|31/100 slp
|cant|p2a: Volcarona|slp
|
|upkeep
|turn|11
|
|t:|1757643951
|move|p1a: Amoonguss|Sludge Bomb|p2a: Volcarona
|-crit|p2a: Volcarona
|-damage|p2a: Volcarona|0 fnt
|faint|p2a: Volcarona
|
|win|spearow's nest
||dogwitdaglasses is ready for game 2.
||spearow's nest is ready for game 2.
|uhtml|next|Next: Game 2 of 3
|l|☆dogwitdaglasses
|player|p2|
|l|☆spearow's nest
|player|p1|
|j|☆spearow's nest
|player|p1|spearow's nest|lance|
