|j|☆pressinblades
|j|☆dapmagikarp
|html|pressinbladesdapmagikarp    
|uhtml|bestof|Game 3 of a best-of-3
|t:|1783469592
|gametype|doubles
|player|p1|pressinblades|steven|1208
|player|p2|dapmagikarp|sada-ai|1385
|gen|9
|tier|[Gen 9 Champions] VGC 2026 Reg M-B (Bo3)
|rated|
|rule|Species Clause: Limit one of each Pokémon
|rule|Item Clause: Limit 1 of each item
|clearpoke
|poke|p1|Talonflame, L50, M|
|poke|p1|Mamoswine, L50, M|
|poke|p1|Maushold, L50|
|poke|p1|Gardevoir, L50, F, shiny|
|poke|p1|Incineroar, L50, M, shiny|
|poke|p1|Torkoal, L50, F|
|poke|p2|Kingambit, L50, M|
|poke|p2|Whimsicott, L50, M, shiny|
|poke|p2|Basculegion, L50, M|
|poke|p2|Garchomp, L50, M, shiny|
|poke|p2|Charizard, L50, M, shiny|
|poke|p2|Floette-Eternal, L50, F|
|teampreview|4
|showteam|p1|Talonflame||SharpBeak|GaleWings|Protect,Tailwind,DualWingbeat,Overheat|Naive||M|||50|]Mamoswine||OccaBerry|Oblivious|Protect,IcicleSpear,RockSlide,HighHorsepower|Adamant||M|||50|]Maushold||FocusSash|FriendGuard|Protect,FollowMe,SuperFang,Encore|Bold|||||50|]Gardevoir||Gardevoirite|Trace|Protect,TrickRoom,HyperVoice,Psyshock|Modest||F|||50|]Incineroar||SitrusBerry|Intimidate|FakeOut,ThroatChop,PartingShot,FlareBlitz|Careful||M|||50|]Torkoal||WhiteHerb|Drought|Protect,Overheat,RockTomb,HeatWave|Quiet||F|||50|
|showteam|p2|Kingambit||BlackGlasses|Defiant|KowtowCleave,SuckerPunch,IronHead,Protect|Adamant||M|||50|]Whimsicott||FocusSash|Prankster|Moonblast,Tailwind,Encore,Protect|Timid||M|||50|]Basculegion||MysticWater|Adaptability|WaveCrash,LastRespects,AquaJet,Protect|Adamant||M|||50|]Garchomp||LifeOrb|RoughSkin|DragonClaw,RockSlide,Earthquake,Protect|Jolly||M|||50|]Charizard||CharizarditeY|Blaze|WeatherBall,HeatWave,SolarBeam,Protect|Modest||M|||50|]Floette-Eternal||Floettite|FlowerVeil|Moonblast,DazzlingGleam,LightofRuin,Protect|Modest||F|||50|
|inactive|Battle timer is ON: inactive players will automatically lose when time's up. (requested by dapmagikarp)
|
|t:|1783469618
|teamsize|p1|4
|teamsize|p2|4
|start
|switch|p1a: Talonflame|Talonflame, L50, M|100/100
|switch|p1b: Mamoswine|Mamoswine, L50, M|100/100
|switch|p2a: Basculegion|Basculegion, L50, M|100/100
|switch|p2b: Whimsicott|Whimsicott, L50, M, shiny|100/100
|turn|1
|
|t:|1783469638
|move|p2b: Whimsicott|Protect|p2b: Whimsicott
|-singleturn|p2b: Whimsicott|Protect
|move|p1b: Mamoswine|Protect|p1b: Mamoswine
|-singleturn|p1b: Mamoswine|Protect
|move|p1a: Talonflame|Dual Wingbeat|p2b: Whimsicott
|-activate|p2b: Whimsicott|move: Protect
|move|p2a: Basculegion|Aqua Jet|p1a: Talonflame
|-supereffective|p1a: Talonflame|1
|-crit|p1a: Talonflame
|-damage|p1a: Talonflame|0 fnt
|faint|p1a: Talonflame
|
|upkeep
|inactive|pressinblades has 30 seconds left.
|
|t:|1783469666
|switch|p1a: Gardevoir|Gardevoir, L50, F, shiny|100/100
|-ability|p1a: Gardevoir|Adaptability|Trace|[from] ability: Trace|[of] p2a: Basculegion
|turn|2
|c|☆pressinblades|j him
|c|☆pressinblades|gg
|inactive|dapmagikarp has 30 seconds left.
|
|t:|1783469691
|switch|p1b: Incineroar|Incineroar, L50, M, shiny|100/100
|-ability|p1b: Incineroar|Intimidate|boost
|-unboost|p2a: Basculegion|atk|1
|-unboost|p2b: Whimsicott|atk|1
|detailschange|p1a: Gardevoir|Gardevoir-Mega, L50, F, shiny
|-mega|p1a: Gardevoir|Gardevoir|Gardevoirite
|move|p2b: Whimsicott|Encore|p1b: Incineroar
|-hint|Since gen 7, Dark is immune to Prankster moves.
|-immune|p1b: Incineroar
|move|p2a: Basculegion|Wave Crash|p1a: Gardevoir
|-damage|p1a: Gardevoir|19/100
|-damage|p2a: Basculegion|77/100|[from] Recoil
|move|p1a: Gardevoir|Trick Room|p1a: Gardevoir
|-fieldstart|move: Trick Room|[of] p1a: Gardevoir
|
|upkeep
|turn|3
|
|t:|1783469708
|switch|p1a: Mamoswine|Mamoswine, L50, M|100/100
|move|p2b: Whimsicott|Protect|p2b: Whimsicott
|-singleturn|p2b: Whimsicott|Protect
|move|p2a: Basculegion|Protect|p2a: Basculegion
|-singleturn|p2a: Basculegion|Protect
|move|p1b: Incineroar|Parting Shot|p2a: Basculegion
|-activate|p2a: Basculegion|move: Protect
|
|upkeep
|turn|4
|
|t:|1783469727
|switch|p2a: Garchomp|Garchomp, L50, M, shiny|100/100
|move|p1b: Incineroar|Throat Chop|p2a: Garchomp
|-damage|p2a: Garchomp|65/100
|-start|p2a: Garchomp|Throat Chop|[silent]
|-damage|p1b: Incineroar|87/100|[from] ability: Rough Skin|[of] p2a: Garchomp
|move|p1a: Mamoswine|Icicle Spear|p2a: Garchomp
|-supereffective|p2a: Garchomp|2
|-damage|p2a: Garchomp|7/100
|-supereffective|p2a: Garchomp|2
|-damage|p2a: Garchomp|0 fnt
|faint|p2a: Garchomp
|-hitcount|p2: Garchomp|2
|move|p2b: Whimsicott|Moonblast|p2: Garchomp|[notarget]
|-fail|p2b: Whimsicott
|
|upkeep
|
|t:|1783469735
|switch|p2a: Charizard|Charizard, L50, M, shiny|100/100
|turn|5
|
|t:|1783469755
|move|p2a: Charizard|Protect|p2a: Charizard
|-singleturn|p2a: Charizard|Protect
|move|p1b: Incineroar|Flare Blitz|p2b: Whimsicott
|-supereffective|p2b: Whimsicott|1
|-enditem|p2b: Whimsicott|Focus Sash
|-damage|p2b: Whimsicott|1/100
|-damage|p1b: Incineroar|65/100|[from] Recoil
|move|p1a: Mamoswine|Rock Slide|p2a: Charizard|[spread] p2b
|-activate|p2a: Charizard|move: Protect
|-damage|p2b: Whimsicott|0 fnt
|faint|p2b: Whimsicott
|
|upkeep
|
|t:|1783469763
|switch|p2b: Basculegion|Basculegion, L50, M|77/100
|turn|6
|inactive|pressinblades has 30 seconds left.
|inactive|dapmagikarp has 30 seconds left.
|
|t:|1783469794
|switch|p1b: Gardevoir|Gardevoir-Mega, L50, F, shiny|19/100
|move|p2b: Basculegion|Aqua Jet|p1b: Gardevoir
|-damage|p1b: Gardevoir|0 fnt
|faint|p1b: Gardevoir
|move|p1a: Mamoswine|Rock Slide|p2a: Charizard|[spread] p2a,p2b
|-supereffective|p2a: Charizard|2
|-damage|p2a: Charizard|13/100
|-damage|p2b: Basculegion|53/100
|cant|p2a: Charizard|flinch
|
|-fieldend|move: Trick Room
|upkeep
|
|t:|1783469805
|switch|p1b: Incineroar|Incineroar, L50, M, shiny|65/100
|-ability|p1b: Incineroar|Intimidate|boost
|-unboost|p2a: Charizard|atk|1
|-unboost|p2b: Basculegion|atk|1
|turn|7
|inactive|pressinblades has 30 seconds left.
|
|t:|1783469839
|move|p2a: Charizard|Protect|p2a: Charizard
|-singleturn|p2a: Charizard|Protect
|move|p1a: Mamoswine|Rock Slide|p2b: Basculegion|[spread] p2b
|-activate|p2a: Charizard|move: Protect
|-damage|p2b: Basculegion|28/100
|move|p2b: Basculegion|Wave Crash|p1b: Incineroar
|-supereffective|p1b: Incineroar|1
|-damage|p1b: Incineroar|0 fnt
|faint|p1b: Incineroar
|-damage|p2b: Basculegion|7/100|[from] Recoil
|
|upkeep
|turn|8
|
|t:|1783469852
|detailschange|p2a: Charizard|Charizard-Mega-Y, L50, M, shiny
|-mega|p2a: Charizard|Charizard|Charizardite Y
|-weather|SunnyDay|[from] ability: Drought|[of] p2a: Charizard
|move|p2a: Charizard|Weather Ball|p1a: Mamoswine
|-supereffective|p1a: Mamoswine|1
|-enditem|p1a: Mamoswine|Occa Berry|[eat]
|-enditem|p1a: Mamoswine|Occa Berry|[weaken]
|-damage|p1a: Mamoswine|0 fnt
|faint|p1a: Mamoswine
|
|win|dapmagikarp
|raw|pressinblades's rating: 1208 → 1195(-13 for losing)
|raw|dapmagikarp's rating: 1385 → 1396(+11 for winning)
|l|☆dapmagikarp
|player|p2|
|c|☆pressinblades|lmao unreal
|c|☆pressinblades|gg
