|j|☆soulmoonvgc
|j|☆MmoC1
|html|soulmoonvgcMmoC1    
|uhtml|bestof|Game 1 of a best-of-3
|t:|1782758575
|gametype|doubles
|player|p1|soulmoonvgc|marshal|1143
|player|p2|MmoC1|skierf|1128
|gen|9
|tier|[Gen 9 Champions] VGC 2026 Reg M-B (Bo3)
|rated|
|rule|Species Clause: Limit one of each Pokémon
|rule|Item Clause: Limit 1 of each item
|clearpoke
|poke|p1|Aerodactyl, L50, F|
|poke|p1|Scovillain, L50, M|
|poke|p1|Gholdengo, L50|
|poke|p1|Sneasler, L50, M|
|poke|p1|Basculegion, L50, M|
|poke|p1|Garchomp, L50, M|
|poke|p2|Charizard, L50, M|
|poke|p2|Sylveon, L50, F|
|poke|p2|Aerodactyl, L50, M|
|poke|p2|Kingambit, L50, F|
|poke|p2|Garchomp, L50, M|
|poke|p2|Farigiraf, L50, F|
|teampreview|4
|showteam|p1|Aerodactyl||Aerodactylite|Unnerve|DualWingbeat,Tailwind,RockSlide,Protect|Jolly||F|||50|]Scovillain||Scovillainite|Moody|Overheat,LeechSeed,RagePowder,Protect|Calm||M|||50|]Gholdengo||LifeOrb|GoodasGold|MakeItRain,ShadowBall,NastyPlot,Protect|Modest|||||50|]Sneasler||FocusSash|Unburden|CloseCombat,DireClaw,FakeOut,QuickGuard|Jolly||M|||50|]Basculegion||ChoiceScarf|Adaptability|WaveCrash,FlipTurn,LastRespects,AquaJet|Jolly||M|||50|]Garchomp||ExpertBelt|RoughSkin|Earthquake,DragonClaw,RockSlide,Protect|Jolly||M|||50|
|showteam|p2|Charizard||CharizarditeY|SolarPower|Protect,HeatWave,WeatherBall,SolarBeam|Modest||M|||50|]Sylveon||FairyFeather|Pixilate|Protect,HyperVoice,HyperBeam,QuickAttack|Modest||F|||50|]Aerodactyl||Aerodactylite|RockHead|RockSlide,DualWingbeat,IceFang,Tailwind|Jolly||M|||50|]Kingambit||FocusSash|Defiant|KowtowCleave,SuckerPunch,IronHead,LowKick|Jolly||F|||50|]Garchomp||LifeOrb|RoughSkin|Protect,StompingTantrum,Earthquake,DragonClaw|Jolly||M|||50|]Farigiraf||SitrusBerry|ArmorTail|Psychic,Thunderbolt,Roar,TrickRoom|Bold||F|||50|
|inactive|Battle timer is ON: inactive players will automatically lose when time's up. (requested by soulmoonvgc)
|inactive|soulmoonvgc has 60 seconds left.
|inactive|MmoC1 has 60 seconds left.
|
|t:|1782758633
|teamsize|p1|4
|teamsize|p2|4
|start
|switch|p1a: Aerodactyl|Aerodactyl, L50, F|100/100
|switch|p1b: Garchomp|Garchomp, L50, M|100/100
|switch|p2a: Aerodactyl|Aerodactyl, L50, M|100/100
|switch|p2b: Garchomp|Garchomp, L50, M|100/100
|-ability|p1a: Aerodactyl|Unnerve
|turn|1
|
|t:|1782758647
|detailschange|p2a: Aerodactyl|Aerodactyl-Mega, L50, M
|-mega|p2a: Aerodactyl|Aerodactyl|Aerodactylite
|detailschange|p1a: Aerodactyl|Aerodactyl-Mega, L50, F
|-mega|p1a: Aerodactyl|Aerodactyl|Aerodactylite
|move|p2a: Aerodactyl|Tailwind|p2a: Aerodactyl
|-sidestart|p2: MmoC1|move: Tailwind
|move|p2b: Garchomp|Dragon Claw|p1b: Garchomp
|-supereffective|p1b: Garchomp|1
|-damage|p1b: Garchomp|0 fnt
|-damage|p2b: Garchomp|87/100|[from] ability: Rough Skin|[of] p1b: Garchomp
|faint|p1b: Garchomp
|-damage|p2b: Garchomp|78/100|[from] item: Life Orb
|move|p1a: Aerodactyl|Tailwind|p1a: Aerodactyl
|-sidestart|p1: soulmoonvgc|move: Tailwind
|
|upkeep
|
|t:|1782758663
|switch|p1b: Gholdengo|Gholdengo, L50|100/100
|turn|2
|inactive|MmoC1 has 30 seconds left.
|
|t:|1782758688
|move|p2a: Aerodactyl|Rock Slide|p1b: Gholdengo|[spread] p1a,p1b
|-supereffective|p1a: Aerodactyl|1
|-resisted|p1b: Gholdengo|1
|-damage|p1a: Aerodactyl|36/100
|-damage|p1b: Gholdengo|88/100
|cant|p1a: Aerodactyl|flinch
|move|p2b: Garchomp|Earthquake|p1a: Aerodactyl|[spread] p1b
|-immune|p2a: Aerodactyl
|-immune|p1a: Aerodactyl
|-supereffective|p1b: Gholdengo|1
|-damage|p1b: Gholdengo|3/100
|-damage|p2b: Garchomp|68/100|[from] item: Life Orb
|move|p1b: Gholdengo|Make It Rain|p2a: Aerodactyl|[spread] p2a,p2b
|-supereffective|p2a: Aerodactyl|1
|-damage|p2a: Aerodactyl|0 fnt
|-damage|p2b: Garchomp|6/100
|-unboost|p1b: Gholdengo|spa|2
|faint|p2a: Aerodactyl
|-damage|p1b: Gholdengo|0 fnt|[from] item: Life Orb
|faint|p1b: Gholdengo
|
|upkeep
|
|t:|1782758707
|switch|p2a: Kingambit|Kingambit, L50, F|100/100
|switch|p1b: Sneasler|Sneasler, L50, M|100/100
|turn|3
|
|t:|1782758732
|switch|p2a: Sylveon|Sylveon, L50, F|100/100
|move|p1b: Sneasler|Fake Out|p2a: Sylveon
|-damage|p2a: Sylveon|83/100
|move|p1a: Aerodactyl|Rock Slide|p2a: Sylveon|[spread] p2a,p2b
|-resisted|p2b: Garchomp|1
|-damage|p2a: Sylveon|54/100
|-damage|p2b: Garchomp|0 fnt
|faint|p2b: Garchomp
|
|upkeep
|
|t:|1782758740
|switch|p2b: Kingambit|Kingambit, L50, F|100/100
|turn|4
|
|t:|1782758762
|move|p2b: Kingambit|Sucker Punch|p1a: Aerodactyl
|-damage|p1a: Aerodactyl|0 fnt
|faint|p1a: Aerodactyl
|move|p1b: Sneasler|Close Combat|p2b: Kingambit
|-supereffective|p2b: Kingambit|2
|-enditem|p2b: Kingambit|Focus Sash
|-damage|p2b: Kingambit|1/100
|-unboost|p1b: Sneasler|def|1
|-unboost|p1b: Sneasler|spd|1
|move|p2a: Sylveon|Hyper Voice|p1b: Sneasler
|-enditem|p1b: Sneasler|Focus Sash
|-damage|p1b: Sneasler|1/100
|
|-sideend|p2: MmoC1|move: Tailwind
|-sideend|p1: soulmoonvgc|move: Tailwind
|upkeep
|turn|5
|
|t:|1782758776
|move|p2b: Kingambit|Sucker Punch|p1b: Sneasler
|-resisted|p1b: Sneasler|1
|-damage|p1b: Sneasler|0 fnt
|faint|p1b: Sneasler
|
|win|MmoC1
