|j|☆ur1ryanpowney
|j|☆i cant fit in
|html|ur1ryanpowneyi cant fit in    
|uhtml|bestof|Game 1 of a best-of-3
|t:|1756234943
|gametype|doubles
|player|p1|ur1ryanpowney|nate|
|player|p2|i cant fit in|1|
|gen|9
|tier|[Gen 9] VGC 2025 Reg H (Bo3)
|rule|Species Clause: Limit one of each Pokémon
|rule|Item Clause: Limit 1 of each item
|clearpoke
|poke|p1|Ursaluna, L50, M|
|poke|p1|Kommo-o, L50, M|
|poke|p1|Indeedee-F, L50, F|
|poke|p1|Incineroar, L50, F|
|poke|p1|Braviary-Hisui, L50, M|
|poke|p1|Amoonguss, L50, M|
|poke|p2|Sneasler, L50, M|
|poke|p2|Clefable, L50, M|
|poke|p2|Gholdengo, L50|
|poke|p2|Rillaboom, L50, M|
|poke|p2|Magmar, L50, M|
|poke|p2|Dragapult, L50, M|
|teampreview|4
|showteam|p1|Ursaluna||FlameOrb|Guts|Facade,Earthquake,Protect,HeadlongRush|||M|||50|,,,,,Normal]Kommo-o||ThroatSpray|Overcoat|ClangorousSoul,ClangingScales,Protect,Flamethrower|||M|||50|,,,,,Fire]Indeedee-F||MentalHerb|PsychicSurge|DazzlingGleam,FollowMe,TrickRoom,HelpingHand|||F|||50|,,,,,Fairy]Incineroar||SafetyGoggles|Intimidate|FakeOut,KnockOff,PartingShot,FlareBlitz|||F|||50|,,,,,Grass]Braviary-Hisui||LifeOrb|TintedLens|ExpandingForce,Protect,TeraBlast,EsperWing|||M|||50|,,,,,Psychic]Amoonguss||RoomService|Regenerator|Spore,PollenPuff,RagePowder,ClearSmog|||M|||50|,,,,,Water
|showteam|p2|Sneasler||FocusSash|Unburden|CloseCombat,DireClaw,Protect,ThroatChop|||M|||50|,,,,,Dark]Clefable||RockyHelmet|Unaware|Moonblast,IcyWind,FollowMe,Protect|||M|||50|,,,,,Steel]Gholdengo||LifeOrb|GoodasGold|MakeItRain,ShadowBall,NastyPlot,Protect||||||50|,,,,,Water]Rillaboom||AssaultVest|GrassySurge|WoodHammer,GrassyGlide,HighHorsepower,FakeOut|||M|||50|,,,,,Fire]Magmar||Eviolite|VitalSpirit|Taunt,Overheat,FollowMe,Protect|||M|||50|,,,,,Ghost]Dragapult||ChoiceSpecs|ClearBody|ShadowBall,DracoMeteor,Thunderbolt,Flamethrower|||M|||50|,,,,,Fire
|
|t:|1756234982
|teamsize|p1|4
|teamsize|p2|4
|start
|switch|p1a: Kommo-o|Kommo-o, L50, M|100/100
|switch|p1b: Incineroar|Incineroar, L50, F|100/100
|switch|p2a: Gholdengo|Gholdengo, L50|100/100
|switch|p2b: Clefable|Clefable, L50, M, shiny|100/100
|-ability|p1b: Incineroar|Intimidate|boost
|-unboost|p2a: Gholdengo|atk|1
|-unboost|p2b: Clefable|atk|1
|turn|1
|
|t:|1756235000
|-terastallize|p2a: Gholdengo|Water
|-terastallize|p1a: Kommo-o|Fire
|move|p2a: Gholdengo|Nasty Plot|p2a: Gholdengo
|-boost|p2a: Gholdengo|spa|2
|move|p1a: Kommo-o|Clangorous Soul|p1a: Kommo-o
|-boost|p1a: Kommo-o|atk|1
|-boost|p1a: Kommo-o|def|1
|-boost|p1a: Kommo-o|spa|1
|-boost|p1a: Kommo-o|spd|1
|-boost|p1a: Kommo-o|spe|1
|-damage|p1a: Kommo-o|68/100
|-enditem|p1a: Kommo-o|Throat Spray
|-boost|p1a: Kommo-o|spa|1|[from] item: Throat Spray
|move|p1b: Incineroar|Parting Shot|p2b: Clefable
|-unboost|p2b: Clefable|atk|1
|-unboost|p2b: Clefable|spa|1
|
|t:|1756235027
|switch|p1b: Indeedee|Indeedee-F, L50, F|100/100|[from] Parting Shot
|-fieldstart|move: Psychic Terrain|[from] ability: Psychic Surge|[of] p1b: Indeedee
|move|p2b: Clefable|Icy Wind|p1b: Indeedee|[spread] p1a,p1b
|-resisted|p1a: Kommo-o
|-damage|p1a: Kommo-o|65/100
|-damage|p1b: Indeedee|94/100
|-unboost|p1a: Kommo-o|spe|1
|-unboost|p1b: Indeedee|spe|1
|
|upkeep
|turn|2
|
|t:|1756235044
|move|p2b: Clefable|Follow Me|p2b: Clefable
|-singleturn|p2b: Clefable|move: Follow Me
|move|p2a: Gholdengo|Make It Rain|p1b: Indeedee|[spread] p1a,p1b
|-resisted|p1a: Kommo-o
|-damage|p1a: Kommo-o|34/100
|-damage|p1b: Indeedee|0 fnt
|-unboost|p2a: Gholdengo|spa|1
|faint|p1b: Indeedee
|-damage|p2a: Gholdengo|91/100|[from] item: Life Orb
|move|p1a: Kommo-o|Clanging Scales|p2b: Clefable|[spread] p2a
|-immune|p2b: Clefable
|-damage|p2a: Gholdengo|14/100
|-unboost|p1a: Kommo-o|def|1
|
|upkeep
|
|t:|1756235057
|switch|p1b: Amoonguss|Amoonguss, L50, M, shiny|100/100
|turn|3
|
|t:|1756235076
|move|p2a: Gholdengo|Make It Rain|p1b: Amoonguss|[spread] p1a,p1b
|-resisted|p1a: Kommo-o
|-damage|p1a: Kommo-o|8/100
|-damage|p1b: Amoonguss|37/100
|-unboost|p2a: Gholdengo|spa|1
|-damage|p2a: Gholdengo|5/100|[from] item: Life Orb
|move|p1a: Kommo-o|Clanging Scales|p2a: Gholdengo|[spread] p2a
|-immune|p2b: Clefable
|-damage|p2a: Gholdengo|0 fnt
|faint|p2a: Gholdengo
|-unboost|p1a: Kommo-o|def|1
|move|p2b: Clefable|Icy Wind|p1a: Kommo-o|[spread] p1a,p1b
|-resisted|p1a: Kommo-o
|-crit|p1a: Kommo-o
|-supereffective|p1b: Amoonguss
|-crit|p1b: Amoonguss
|-damage|p1a: Kommo-o|1/100
|-damage|p1b: Amoonguss|17/100
|-unboost|p1a: Kommo-o|spe|1
|-unboost|p1b: Amoonguss|spe|1
|move|p1b: Amoonguss|Pollen Puff|p1a: Kommo-o
|-heal|p1a: Kommo-o|51/100
|
|upkeep
|
|t:|1756235097
|switch|p2a: Dk|Rillaboom, L50, M, shiny|100/100
|-fieldstart|move: Grassy Terrain|[from] ability: Grassy Surge|[of] p2a: Dk
|turn|4
|
|t:|1756235109
|switch|p1b: Incineroar|Incineroar, L50, F|100/100
|-ability|p1b: Incineroar|Intimidate|boost
|-unboost|p2a: Dk|atk|1
|-unboost|p2b: Clefable|atk|1
|move|p1a: Kommo-o|Protect|p1a: Kommo-o
|-singleturn|p1a: Kommo-o|Protect
|move|p2a: Dk|Fake Out|p1a: Kommo-o
|-activate|p1a: Kommo-o|move: Protect
|move|p2b: Clefable|Moonblast|p1b: Incineroar
|-damage|p1b: Incineroar|84/100
|
|-heal|p1b: Incineroar|90/100|[from] Grassy Terrain
|-heal|p1a: Kommo-o|57/100|[from] Grassy Terrain
|upkeep
|turn|5
|
|t:|1756235138
|move|p2b: Clefable|Follow Me|p2b: Clefable
|-singleturn|p2b: Clefable|move: Follow Me
|move|p2a: Dk|High Horsepower|p1a: Kommo-o
|-supereffective|p1a: Kommo-o
|-damage|p1a: Kommo-o|0 fnt
|faint|p1a: Kommo-o
|move|p1b: Incineroar|Parting Shot|p2b: Clefable
|-unboost|p2b: Clefable|atk|1
|-unboost|p2b: Clefable|spa|1
|
|t:|1756235146
|switch|p1b: Amoonguss|Amoonguss, L50, M, shiny|50/100|[from] Parting Shot
|
|-heal|p1b: Amoonguss|56/100|[from] Grassy Terrain
|upkeep
|-message|ur1ryanpowney forfeited.
|
|win|i cant fit in
|l|☆ur1ryanpowney
|player|p1|
||ur1ryanpowney is ready for game 2.
||i cant fit in is ready for game 2.
|uhtml|next|Next: Game 2 of 3
