|j|☆elgra
|j|☆spyful
|html|elgraspyful    
|uhtml|bestof|Game 2 of a best-of-3
|t:|1783472675
|gametype|doubles
|player|p1|elgra|proton|1047
|player|p2|spyful|266|1170
|gen|9
|tier|[Gen 9 Champions] VGC 2026 Reg M-B (Bo3)
|rated|
|rule|Species Clause: Limit one of each Pokémon
|rule|Item Clause: Limit 1 of each item
|clearpoke
|poke|p1|Incineroar, L50, M|
|poke|p1|Orthworm, L50, F|
|poke|p1|Gengar, L50, F|
|poke|p1|Oranguru, L50, F|
|poke|p1|Rhyperior, L50, F|
|poke|p1|Chimecho, L50, F|
|poke|p2|Mimikyu, L50, M, shiny|
|poke|p2|Aurorus, L50, M, shiny|
|poke|p2|Farigiraf, L50, M, shiny|
|poke|p2|Incineroar, L50, M, shiny|
|poke|p2|Camerupt, L50, F, shiny|
|poke|p2|Primarina, L50, F, shiny|
|teampreview|4
|showteam|p1|Incineroar||ChestoBerry|Intimidate|FakeOut,PartingShot,Taunt,FlareBlitz|Adamant||M|||50|]Orthworm||SitrusBerry|EarthEater|ShedTail,Protect,HelpingHand,BodyPress|Impish||F|||50|]Gengar||Gengarite|CursedBody|ShadowBall,SludgeWave,Thunderbolt,Protect|Timid||F|||50|]Oranguru||MentalHerb|Telepathy|TrickRoom,Instruct,Taunt,Protect|Impish||F|||50|]Rhyperior||SoftSand|SolidRock|Earthquake,RockWrecker,RockSlide,Protect|Adamant||F|||50|]Chimecho||Chimechite|Levitate|Protect,Boomburst,FlashCannon,TrickRoom|Quiet||F|||50|
|showteam|p2|Mimikyu||MentalHerb|Disguise|TrickRoom,SwordsDance,Protect,PlayRough|Sassy||M|||50|]Aurorus||LifeOrb|Refrigerate|HyperBeam,HyperVoice,FreezeDry,Protect|Quiet||M|||50|]Farigiraf||ColburBerry|ArmorTail|TrickRoom,HelpingHand,PsychicNoise,Protect|Sassy||M|||50|]Incineroar||SitrusBerry|Intimidate|FakeOut,PartingShot,FlareBlitz,Protect|Careful||M|||50|]Camerupt||Cameruptite|SolidRock|Eruption,EarthPower,HeatWave,Protect|Quiet||F|||50|]Primarina||Leftovers|LiquidVoice|HyperVoice,Moonblast,CalmMind,Protect|Modest||F|||50|
|inactive|Battle timer is ON: inactive players will automatically lose when time's up. (requested by spyful)
|
|t:|1783472703
|teamsize|p1|4
|teamsize|p2|4
|start
|switch|p1a: Oranguru|Oranguru, L50, F|100/100
|switch|p1b: Orthworm|Orthworm, L50, F|100/100
|switch|p2a: Mimikyu|Mimikyu, L50, M, shiny|100/100
|switch|p2b: Camerupt|Camerupt, L50, F, shiny|100/100
|turn|1
|
|t:|1783472719
|detailschange|p2b: Camerupt|Camerupt-Mega, L50, F, shiny
|-mega|p2b: Camerupt|Camerupt|Cameruptite
|move|p2b: Camerupt|Protect|p2b: Camerupt
|-singleturn|p2b: Camerupt|Protect
|move|p1b: Orthworm|Shed Tail|p1b: Orthworm
|-start|p1b: Orthworm|Substitute|[from] move: Shed Tail
|-damage|p1b: Orthworm|49/100
|-enditem|p1b: Orthworm|Sitrus Berry|[eat]
|-heal|p1b: Orthworm|74/100|[from] item: Sitrus Berry
|
|t:|1783472728
|switch|p1b: Rhyperior|Rhyperior, L50, F|100/100|[from] Shed Tail
|move|p1a: Oranguru|Taunt|p2a: Mimikyu
|-start|p2a: Mimikyu|move: Taunt
|-enditem|p2a: Mimikyu|Mental Herb
|-end|p2a: Mimikyu|move: Taunt
|move|p2a: Mimikyu|Trick Room|p2a: Mimikyu
|-fieldstart|move: Trick Room|[of] p2a: Mimikyu
|
|upkeep
|turn|2
|
|t:|1783472741
|move|p2a: Mimikyu|Protect|p2a: Mimikyu
|-singleturn|p2a: Mimikyu|Protect
|move|p2b: Camerupt|Eruption|p1a: Oranguru|[spread] p1a,p1b
|-resisted|p1b: Rhyperior|1
|-end|p1b: Rhyperior|Substitute
|-damage|p1a: Oranguru|46/100
|move|p1b: Rhyperior|Earthquake|p2b: Camerupt|[spread] p2b
|-activate|p2a: Mimikyu|move: Protect
|-activate|p1a: Oranguru|ability: Telepathy
|-supereffective|p2b: Camerupt|1
|-damage|p2b: Camerupt|0 fnt
|faint|p2b: Camerupt
|move|p1a: Oranguru|Instruct|p1b: Rhyperior
|-singleturn|p1b: Rhyperior|move: Instruct|[of] p1a: Oranguru
|move|p1b: Rhyperior|Earthquake|p2a: Mimikyu|[spread] 
|-activate|p2a: Mimikyu|move: Protect
|-activate|p1a: Oranguru|ability: Telepathy
|
|upkeep
|
|t:|1783472759
|switch|p2b: Primarina|Primarina, L50, F, shiny|100/100
|turn|3
|
|t:|1783472765
|move|p1b: Rhyperior|Earthquake|p2b: Primarina|[spread] p2a,p2b
|-activate|p1a: Oranguru|ability: Telepathy
|-activate|p2a: Mimikyu|ability: Disguise
|-damage|p2a: Mimikyu|100/100
|-damage|p2b: Primarina|32/100
|detailschange|p2a: Mimikyu|Mimikyu-Busted, L50, M, shiny
|-damage|p2a: Mimikyu|87/100|[from] pokemon: Mimikyu-Busted
|move|p2b: Primarina|Hyper Voice|p1b: Rhyperior|[spread] p1a,p1b
|-supereffective|p1b: Rhyperior|2
|-damage|p1a: Oranguru|14/100
|-damage|p1b: Rhyperior|0 fnt
|faint|p1b: Rhyperior
|move|p1a: Oranguru|Instruct|p1: Rhyperior|[notarget]
|-fail|p1a: Oranguru
|move|p2a: Mimikyu|Swords Dance|p2a: Mimikyu
|-boost|p2a: Mimikyu|atk|2
|
|-heal|p2b: Primarina|37/100|[from] item: Leftovers
|upkeep
|inactive|elgra has 30 seconds left.
|
|t:|1783472793
|switch|p1b: Gengar|Gengar, L50, F|100/100
|turn|4
|
|t:|1783472807
|detailschange|p1b: Gengar|Gengar-Mega, L50, F
|-mega|p1b: Gengar|Gengar|Gengarite
|move|p1a: Oranguru|Taunt|p2a: Mimikyu
|-start|p2a: Mimikyu|move: Taunt
|move|p2b: Primarina|Hyper Voice|p1a: Oranguru|[spread] p1a,p1b
|-damage|p1a: Oranguru|0 fnt
|-damage|p1b: Gengar|51/100
|faint|p1a: Oranguru
|cant|p2a: Mimikyu|move: Taunt|Swords Dance
|move|p1b: Gengar|Sludge Wave|p2b: Primarina|[spread] p2a,p2b
|-supereffective|p2b: Primarina|1
|-damage|p2a: Mimikyu|51/100
|-damage|p2b: Primarina|0 fnt
|faint|p2b: Primarina
|
|upkeep
|
|t:|1783472820
|switch|p1a: Orthworm|Orthworm, L50, F|74/100
|switch|p2b: Aurorus|Aurorus, L50, M, shiny|100/100
|turn|5
|
|t:|1783472828
|move|p1a: Orthworm|Protect|p1a: Orthworm
|-singleturn|p1a: Orthworm|Protect
|move|p1b: Gengar|Protect|p1b: Gengar
|-singleturn|p1b: Gengar|Protect
|move|p2b: Aurorus|Hyper Beam|p1b: Gengar
|-activate|p1b: Gengar|move: Protect
|move|p2a: Mimikyu|Play Rough|p1a: Orthworm
|-activate|p1a: Orthworm|move: Protect
|
|-fieldend|move: Trick Room
|upkeep
|turn|6
|
|t:|1783472847
|move|p1b: Gengar|Shadow Ball|p2a: Mimikyu
|-supereffective|p2a: Mimikyu|1
|-damage|p2a: Mimikyu|0 fnt
|faint|p2a: Mimikyu
|move|p1a: Orthworm|Body Press|p2b: Aurorus
|-supereffective|p2b: Aurorus|2
|-damage|p2b: Aurorus|0 fnt
|faint|p2b: Aurorus
|
|win|elgra
|raw|elgra's rating: 1047 → 1091(+44 for winning)
|raw|spyful's rating: 1170 → 1137(-33 for losing)
|l|☆spyful
|player|p2|
