|j|☆MinasDevilCrobats
|j|☆master 792
|html|MinasDevilCrobatsmaster 792    
|uhtml|bestof|Game 1 of a best-of-3
|t:|1756651031
|gametype|doubles
|player|p1|MinasDevilCrobats|darach-caitlin|1259
|player|p2|master 792|red|1239
|gen|9
|tier|[Gen 9] VGC 2025 Reg H (Bo3)
|rated|
|rule|Species Clause: Limit one of each Pokémon
|rule|Item Clause: Limit 1 of each item
|clearpoke
|poke|p1|Indeedee, L50, M|
|poke|p1|Sneasler, L50, F|
|poke|p1|Incineroar, L50, F|
|poke|p1|Pelipper, L50, F|
|poke|p1|Archaludon, L50, M|
|poke|p1|Basculegion, L50, M|
|poke|p2|Indeedee-F, L50, F|
|poke|p2|Hatterene, L50, F|
|poke|p2|Gallade, L50, M|
|poke|p2|Ursaluna, L50, M|
|poke|p2|Lilligant-Hisui, L50, F|
|poke|p2|Torkoal, L50, M|
|teampreview|4
|showteam|p1|Indeedee||ChoiceScarf|PsychicSurge|ExpandingForce,DazzlingGleam,Trick,Protect|||M|||50|,,,,,Psychic]Sneasler||PsychicSeed|Unburden|CloseCombat,DireClaw,ThroatChop,Protect|||F|||50|,,,,,Dark]Incineroar||SafetyGoggles|Intimidate|FlareBlitz,KnockOff,FakeOut,PartingShot|||F|||50|,,,,,Bug]Pelipper||FocusSash|Drizzle|Hurricane,WeatherBall,Tailwind,Protect|||F|||50|,,,,,Ghost]Archaludon||AssaultVest|Stamina|ElectroShot,BodyPress,FlashCannon,DracoMeteor|||M|||50|,,,,,Grass]Basculegion||ChoiceBand|SwiftSwim|WaveCrash,LastRespects,FlipTurn,AquaJet|||M|||50|,,,,,Ghost
|showteam|p2|Indeedee-F||PsychicSeed|PsychicSurge|TrickRoom,FollowMe,HelpingHand,DazzlingGleam|||F|||50|,,,,,Fire]Hatterene||LifeOrb|MagicBounce|ExpandingForce,TrickRoom,DazzlingGleam,Protect|||F|||50|,,,,,Psychic]Gallade||ClearAmulet|Sharpness|PsychoCut,TrickRoom,SacredSword,WideGuard|||M|||50|,,,,,Grass]Ursaluna||FlameOrb|Guts|HeadlongRush,Facade,SwordsDance,Protect|||M|||50|,,,,,Ghost]Lilligant-Hisui||FocusSash|Chlorophyll|SolarBlade,SleepPowder,CloseCombat,AfterYou|||F|||50|,,,,,Ghost]Torkoal||ChoiceSpecs|Drought|Eruption,HeatWave,WeatherBall,EarthPower|||M|||50|,,,,,Fire
|inactive|Battle timer is ON: inactive players will automatically lose when time's up. (requested by MinasDevilCrobats)
|
|t:|1756651057
|teamsize|p1|4
|teamsize|p2|4
|start
|switch|p1a: Indeedee|Indeedee, L50, M|100/100
|switch|p1b: Sneasler|Sneasler, L50, F|100/100
|switch|p2a: Indeedee|Indeedee-F, L50, F, shiny|100/100
|switch|p2b: Hatterene|Hatterene, L50, F, shiny|100/100
|-fieldstart|move: Psychic Terrain|[from] ability: Psychic Surge|[of] p1a: Indeedee
|-enditem|p1b: Sneasler|Psychic Seed
|-boost|p1b: Sneasler|spd|1|[from] item: Psychic Seed
|-enditem|p2a: Indeedee|Psychic Seed
|-boost|p2a: Indeedee|spd|1|[from] item: Psychic Seed
|turn|1
|
|t:|1756651079
|move|p2a: Indeedee|Follow Me|p2a: Indeedee
|-singleturn|p2a: Indeedee|move: Follow Me
|move|p1b: Sneasler|Dire Claw|p2a: Indeedee
|-damage|p2a: Indeedee|58/100
|-status|p2a: Indeedee|par
|move|p1a: Indeedee|Trick|p2a: Indeedee
|-activate|p1a: Indeedee|move: Trick|[of] p2a: Indeedee
|-item|p2a: Indeedee|Choice Scarf|[from] move: Trick
|-enditem|p1a: Indeedee|Choice Scarf|[silent]|[from] move: Trick
|move|p2b: Hatterene|Trick Room|p2b: Hatterene
|-fieldstart|move: Trick Room|[of] p2b: Hatterene
|
|upkeep
|turn|2
|inactive|MinasDevilCrobats has 30 seconds left.
|
|t:|1756651112
|move|p1a: Indeedee|Protect|p1a: Indeedee
|-singleturn|p1a: Indeedee|Protect
|move|p1b: Sneasler|Protect|p1b: Sneasler
|-singleturn|p1b: Sneasler|Protect
|cant|p2a: Indeedee|par
|move|p2b: Hatterene|Expanding Force|p1b: Sneasler|[spread] 
|-activate|p1a: Indeedee|move: Protect
|-activate|p1b: Sneasler|move: Protect
|
|upkeep
|turn|3
|
|t:|1756651136
|switch|p2a: Torkoal|Torkoal, L50, M, shiny|100/100
|-weather|SunnyDay|[from] ability: Drought|[of] p2a: Torkoal
|-terastallize|p1b: Sneasler|Dark
|move|p2b: Hatterene|Dazzling Gleam|p1a: Indeedee|[spread] p1a,p1b
|-supereffective|p1b: Sneasler
|-damage|p1a: Indeedee|34/100
|-damage|p1b: Sneasler|23/100
|-damage|p2b: Hatterene|91/100|[from] item: Life Orb
|move|p1a: Indeedee|Expanding Force|p2a: Torkoal|[spread] p2a,p2b
|-resisted|p2b: Hatterene
|-damage|p2a: Torkoal|34/100
|-damage|p2b: Hatterene|64/100
|move|p1b: Sneasler|Throat Chop|p2b: Hatterene
|-damage|p2b: Hatterene|16/100
|-start|p2b: Hatterene|Throat Chop|[silent]
|
|-weather|SunnyDay|[upkeep]
|upkeep
|turn|4
|
|t:|1756651155
|move|p1a: Indeedee|Protect|p1a: Indeedee
|-singleturn|p1a: Indeedee|Protect
|move|p1b: Sneasler|Protect|p1b: Sneasler
|-singleturn|p1b: Sneasler|Protect
|move|p2a: Torkoal|Heat Wave|p1a: Indeedee|[spread] 
|-activate|p1a: Indeedee|move: Protect
|-activate|p1b: Sneasler|move: Protect
|move|p2b: Hatterene|Dazzling Gleam|p1b: Sneasler|[spread] 
|-activate|p1a: Indeedee|move: Protect
|-activate|p1b: Sneasler|move: Protect
|
|-weather|SunnyDay|[upkeep]
|-end|p2b: Hatterene|Throat Chop|[silent]
|upkeep
|turn|5
|
|t:|1756651174
|switch|p2a: Indeedee|Indeedee-F, L50, F, shiny|58/100 par
|switch|p1b: Pelipper|Pelipper, L50, F|100/100
|-weather|RainDance|[from] ability: Drizzle|[of] p1b: Pelipper
|move|p2b: Hatterene|Dazzling Gleam|p1a: Indeedee|[spread] p1a,p1b
|-damage|p1a: Indeedee|0 fnt
|-damage|p1b: Pelipper|22/100
|faint|p1a: Indeedee
|-damage|p2b: Hatterene|7/100|[from] item: Life Orb
|
|-weather|RainDance|[upkeep]
|-fieldend|move: Trick Room
|-fieldend|move: Psychic Terrain
|upkeep
|c|☆master 792|Está fea la protect
|
|t:|1756651184
|switch|p1a: Archaludon|Archaludon, L50, M|100/100
|turn|6
|
|t:|1756651205
|cant|p2a: Indeedee|par
|move|p1b: Pelipper|Weather Ball|p2b: Hatterene
|-damage|p2b: Hatterene|0 fnt
|faint|p2b: Hatterene
|move|p1a: Archaludon|Electro Shot||[still]
|-prepare|p1a: Archaludon|Electro Shot
|-boost|p1a: Archaludon|spa|1
|-anim|p1a: Archaludon|Electro Shot|p2a: Indeedee
|-damage|p2a: Indeedee|2/100 par
|
|-weather|RainDance|[upkeep]
|upkeep
|
|t:|1756651209
|switch|p2b: Torkoal|Torkoal, L50, M, shiny|34/100
|-weather|SunnyDay|[from] ability: Drought|[of] p2b: Torkoal
|turn|7
|
|t:|1756651222
|move|p2a: Indeedee|Follow Me|p2a: Indeedee
|-singleturn|p2a: Indeedee|move: Follow Me
|move|p1b: Pelipper|Weather Ball|p2a: Indeedee
|-damage|p2a: Indeedee|0 fnt
|faint|p2a: Indeedee
|move|p1a: Archaludon|Draco Meteor|p2b: Torkoal
|-damage|p2b: Torkoal|0 fnt
|-unboost|p1a: Archaludon|spa|2
|faint|p2b: Torkoal
|
|-weather|SunnyDay|[upkeep]
|upkeep
|
|t:|1756651225
|switch|p2b: Gallade|Gallade, L50, M, shiny|100/100
|turn|8
|c|☆master 792|Nooo maldita reg h
|inactive|MinasDevilCrobats has 30 seconds left.
|
|t:|1756651256
|switch|p1b: Sneasler|Sneasler, L50, F, tera:Dark|23/100
|move|p1a: Archaludon|Draco Meteor|p2b: Gallade
|-damage|p2b: Gallade|66/100
|-unboost|p1a: Archaludon|spa|2
|move|p2b: Gallade|Sacred Sword|p1a: Archaludon
|-supereffective|p1a: Archaludon
|-damage|p1a: Archaludon|0 fnt
|faint|p1a: Archaludon
|
|-weather|SunnyDay|[upkeep]
|upkeep
|
|t:|1756651264
|switch|p1a: Pelipper|Pelipper, L50, F|22/100
|-weather|RainDance|[from] ability: Drizzle|[of] p1a: Pelipper
|turn|9
|
|t:|1756651270
|move|p1b: Sneasler|Dire Claw|p2b: Gallade
|-damage|p2b: Gallade|2/100
|move|p1a: Pelipper|Hurricane|p2b: Gallade
|-supereffective|p2b: Gallade
|-damage|p2b: Gallade|0 fnt
|faint|p2b: Gallade
|
|win|MinasDevilCrobats
||master 792 is ready for game 2.
