|j|☆Splat24
|j|☆Ninjacoox
|html|Splat24Ninjacoox    
|uhtml|bestof|Game 1 of a best-of-3
|t:|1785445312
|gametype|doubles
|player|p1|Splat24|1|1033
|player|p2|Ninjacoox|rood|1109
|gen|9
|tier|[Gen 9 Champions] VGC 2026 Reg M-B (Bo3)
|rated|
|rule|Species Clause: Limit one of each Pokémon
|rule|Item Clause: Limit 1 of each item
|clearpoke
|poke|p1|Charizard, L50, M, shiny|
|poke|p1|Venusaur, L50, F|
|poke|p1|Garchomp, L50, F, shiny|
|poke|p1|Zoroark-Hisui, L50, M|
|poke|p1|Aerodactyl, L50, F, shiny|
|poke|p1|Meowstic, L50, M, shiny|
|poke|p2|Staraptor, L50, F|
|poke|p2|Sinistcha, L50|
|poke|p2|Maushold, L50|
|poke|p2|Kingambit, L50, F|
|poke|p2|Sneasler, L50, F|
|poke|p2|Delphox, L50, F|
|teampreview|4
|showteam|p1|Charizard||CharizarditeY|Blaze|Protect,HeatWave,SolarBeam,AirSlash|Timid||M|||50|]Venusaur||WhiteHerb|Chlorophyll|Protect,LeafStorm,SludgeBomb,SleepPowder|Modest||F|||50|]Garchomp||YacheBerry|RoughSkin|Protect,DragonClaw,BrickBreak,Earthquake|Adamant||F|||50|]Zoroark-Hisui||ChoiceScarf|Illusion|IcyWind,BrickBreak,ShadowBall,GrassKnot|Timid||M|||50|]Aerodactyl||FocusSash|Unnerve|WideGuard,IceFang,ThunderFang,DualWingbeat|Adamant||F|||50|]Meowstic||MentalHerb|Prankster|Imprison,RainDance,EnergyBall,PsychicNoise|Modest||M|||50|
|showteam|p2|Staraptor||Staraptite|Intimidate|CloseCombat,BraveBird,Roost,Protect|Adamant||F|||50|]Sinistcha||SitrusBerry|Hospitality|RagePowder,MatchaGotcha,Protect,LifeDew|Calm|||||50|]Maushold||LumBerry|FriendGuard|Encore,Charm,FollowMe,Protect|Timid|||||50|]Kingambit||BlackGlasses|Defiant|KowtowCleave,SuckerPunch,SwordsDance,Protect|Adamant||F|||50|]Sneasler||WhiteHerb|Unburden|CloseCombat,DireClaw,FakeOut,Feint|Jolly||F|||50|]Delphox||Delphoxite|Blaze|HeatWave,Psyshock,NastyPlot,Protect|Timid||F|||50|
|inactive|Battle timer is ON: inactive players will automatically lose when time's up. (requested by Ninjacoox)
|inactive|Ninjacoox has 60 seconds left.
|
|t:|1785445344
|teamsize|p1|4
|teamsize|p2|4
|start
|switch|p1a: Kenpachi|Garchomp, L50, F, shiny|100/100
|switch|p1b: Yachiru|Aerodactyl, L50, F, shiny|100/100
|switch|p2a: Maushold|Maushold, L50|100/100
|switch|p2b: Delphox|Delphox, L50, F|100/100
|-ability|p1b: Yachiru|Unnerve
|turn|1
|inactive|Splat24 has 30 seconds left.
|
|t:|1785445377
|detailschange|p2b: Delphox|Delphox-Mega, L50, F
|-mega|p2b: Delphox|Delphox|Delphoxite
|move|p2b: Delphox|Protect|p2b: Delphox
|-singleturn|p2b: Delphox|Protect
|move|p1b: Yachiru|Wide Guard|p1b: Yachiru
|-singleturn|p1b: Yachiru|Wide Guard
|move|p1a: Kenpachi|Brick Break|p2a: Maushold
|-supereffective|p2a: Maushold|1
|-damage|p2a: Maushold|62/100
|move|p2a: Maushold|Charm|p1b: Yachiru
|-unboost|p1b: Yachiru|atk|2
|
|upkeep
|turn|2
|inactive|Splat24 has 30 seconds left.
|inactive|Ninjacoox has 30 seconds left.
|inactive|Splat24 has 20 seconds left.
|inactive|Ninjacoox has 20 seconds left.
|inactive|Ninjacoox has 15 seconds left.
|
|t:|1785445420
|move|p1a: Kenpachi|Brick Break|p2a: Maushold
|-supereffective|p2a: Maushold|1
|-damage|p2a: Maushold|24/100
|move|p2b: Delphox|Nasty Plot|p2b: Delphox
|-boost|p2b: Delphox|spa|2
|move|p2a: Maushold|Encore|p1a: Kenpachi
|-start|p1a: Kenpachi|Encore
|move|p1b: Yachiru|Dual Wingbeat|p2a: Maushold
|-damage|p2a: Maushold|12/100
|-damage|p2a: Maushold|0 fnt
|faint|p2a: Maushold
|-hitcount|p2: Maushold|2
|
|upkeep
|
|t:|1785445432
|switch|p2a: Kingambit|Kingambit, L50, F|100/100
|turn|3
|inactive|Ninjacoox has 30 seconds left.
|inactive|Ninjacoox has 20 seconds left.
|inactive|Ninjacoox has 15 seconds left.
|
|t:|1785445472
|move|p1b: Yachiru|Wide Guard|p1b: Yachiru
|-singleturn|p1b: Yachiru|Wide Guard
|move|p2a: Kingambit|Sucker Punch|p1a: Kenpachi
|-supereffective|p1a: Kenpachi|1
|-damage|p1a: Kenpachi|0 fnt
|replace|p1a: Shinji|Zoroark-Hisui, L50, M
|-end|p1a: Shinji|Illusion
|faint|p1a: Shinji
|move|p2b: Delphox|Psyshock|p1b: Yachiru
|-enditem|p1b: Yachiru|Focus Sash
|-damage|p1b: Yachiru|1/100
|
|upkeep
|
|t:|1785445486
|switch|p1a: Kenpachi|Garchomp, L50, F, shiny|100/100
|turn|4
|inactive|Ninjacoox has 30 seconds left.
|
|t:|1785445513
|move|p1b: Yachiru|Wide Guard|p1b: Yachiru
|-singleturn|p1b: Yachiru|Wide Guard
|move|p2a: Kingambit|Sucker Punch|p1a: Kenpachi
|-damage|p1a: Kenpachi|46/100
|-damage|p2a: Kingambit|87/100|[from] ability: Rough Skin|[of] p1a: Kenpachi
|move|p2b: Delphox|Psyshock|p1a: Kenpachi
|-damage|p1a: Kenpachi|0 fnt
|faint|p1a: Kenpachi
|
|upkeep
|
|t:|1785445523
|switch|p1a: Yamamoto|Charizard, L50, M, shiny|100/100
|turn|5
|
|t:|1785445534
|detailschange|p1a: Yamamoto|Charizard-Mega-Y, L50, M, shiny
|-mega|p1a: Yamamoto|Charizard|Charizardite Y
|-weather|SunnyDay|[from] ability: Drought|[of] p1a: Yamamoto
|move|p2a: Kingambit|Sucker Punch|p1a: Yamamoto
|-damage|p1a: Yamamoto|28/100
|move|p2b: Delphox|Psyshock|p1b: Yachiru
|-damage|p1b: Yachiru|0 fnt
|faint|p1b: Yachiru
|move|p1a: Yamamoto|Heat Wave|p2b: Delphox|[spread] p2a,p2b
|-supereffective|p2a: Kingambit|1
|-resisted|p2b: Delphox|1
|-damage|p2a: Kingambit|0 fnt
|-damage|p2b: Delphox|73/100
|faint|p2a: Kingambit
|
|-weather|SunnyDay|[upkeep]
|upkeep
|
|t:|1785445544
|switch|p2a: Sneasler|Sneasler, L50, F|100/100
|turn|6
|
|t:|1785445560
|move|p1a: Yamamoto|Protect|p1a: Yamamoto
|-singleturn|p1a: Yamamoto|Protect
|move|p2a: Sneasler|Feint|p1a: Yamamoto
|-activate|p1a: Yamamoto|move: Feint
|-crit|p1a: Yamamoto
|-damage|p1a: Yamamoto|8/100
|move|p2b: Delphox|Psyshock|p1a: Yamamoto
|-damage|p1a: Yamamoto|0 fnt
|faint|p1a: Yamamoto
|
|win|Ninjacoox
||Ninjacoox is ready for game 2.
|inactive|Splat24 has 30 seconds to confirm battle start!
|l|☆Splat24
|player|p1|
|raw|Splat24's rating: 1033 → 1021(-12 for losing)
|raw|Ninjacoox's rating: 1109 → 1129(+20 for winning)
