|j|☆Scoseb
|j|☆ChrisJHall13
|html|ScosebChrisJHall13    
|uhtml|bestof|Game 1 of a best-of-3
|t:|1784655690
|gametype|doubles
|player|p1|Scoseb|brycenman|1274
|player|p2|ChrisJHall13|102|1204
|gen|9
|tier|[Gen 9 Champions] VGC 2026 Reg M-B (Bo3)
|rated|
|rule|Species Clause: Limit one of each Pokémon
|rule|Item Clause: Limit 1 of each item
|clearpoke
|poke|p1|Gholdengo, L50|
|poke|p1|Zoroark-Hisui, L50, M|
|poke|p1|Incineroar, L50, M|
|poke|p1|Whimsicott, L50, M|
|poke|p1|Staraptor, L50, F|
|poke|p1|Garchomp, L50, F|
|poke|p2|Incineroar, L50, M|
|poke|p2|Ninetales-Alola, L50, F|
|poke|p2|Gengar, L50, F|
|poke|p2|Dragonite, L50, M|
|poke|p2|Snorlax, L50, F|
|poke|p2|Scrafty, L50, F|
|teampreview|4
|showteam|p1|Gholdengo||LifeOrb|GoodasGold|PowerGem,Protect,MakeItRain,ShadowBall|Modest|||||50|]Zoroark-Hisui||FocusSash|Illusion|Taunt,IcyWind,FakeTears,BitterMalice|Timid||M|||50|]Incineroar||SitrusBerry|Intimidate|FakeOut,PartingShot,FlareBlitz,DarkestLariat|Careful||M|||50|]Whimsicott||FairyFeather|Prankster|Moonblast,Tailwind,Charm,Encore|Modest||M|||50|]Staraptor||Staraptite|Reckless|CloseCombat,Protect,BraveBird,Roost|Jolly||F|||50|]Garchomp||Garchompite|RoughSkin|Protect,Earthquake,DragonClaw,RockSlide|Adamant||F|||50|
|showteam|p2|Incineroar||ShucaBerry|Intimidate|FakeOut,DarkestLariat,Protect,PartingShot|Careful||M|||50|]Ninetales-Alola||FocusSash|SnowWarning|Blizzard,Protect,Encore,Disable|Timid||F|||50|]Gengar||Gengarite|CursedBody|PerishSong,ShadowBall,Protect,SludgeBomb|Modest||F|||50|]Dragonite||LifeOrb|InnerFocus|DragonClaw,ExtremeSpeed,Protect,LowKick|Adamant||M|||50|]Snorlax||Leftovers|ThickFat|Yawn,Fissure,DoubleEdge,Protect|Relaxed||F|||50|]Scrafty||Scraftinite|Intimidate|CloseCombat,KnockOff,FakeOut,Protect|Adamant||F|||50|
|inactive|Battle timer is ON: inactive players will automatically lose when time's up. (requested by Scoseb)
|inactive|ChrisJHall13 has 60 seconds left.
|
|t:|1784655739
|teamsize|p1|4
|teamsize|p2|4
|start
|switch|p1a: Whimsicott|Whimsicott, L50, M|100/100
|switch|p1b: Staraptor|Staraptor, L50, F|100/100
|switch|p2a: Ninetales|Ninetales-Alola, L50, F|100/100
|switch|p2b: Dragonite|Dragonite, L50, M|100/100
|-weather|Snowscape|[from] ability: Snow Warning|[of] p2a: Ninetales
|turn|1
|
|t:|1784655755
|detailschange|p1b: Staraptor|Staraptor-Mega, L50, F
|-mega|p1b: Staraptor|Staraptor|Staraptite
|move|p2b: Dragonite|Extreme Speed|p1b: Staraptor
|-crit|p1b: Staraptor
|-damage|p1b: Staraptor|42/100
|-damage|p2b: Dragonite|90/100|[from] item: Life Orb
|move|p1a: Whimsicott|Icy Wind|p2a: Ninetales|[spread] p2a,p2b
|-resisted|p2a: Ninetales|1
|-supereffective|p2b: Dragonite|2
|-damage|p2a: Ninetales|91/100
|-damage|p2b: Dragonite|29/100
|-unboost|p2a: Ninetales|spe|1
|-unboost|p2b: Dragonite|spe|1
|move|p1b: Staraptor|Close Combat|p2a: Ninetales
|-damage|p2a: Ninetales|40/100
|-boost|p1b: Staraptor|def|1
|-boost|p1b: Staraptor|spd|1
|move|p2a: Ninetales|Blizzard|p1a: Whimsicott|[spread] p1a,p1b
|-supereffective|p1b: Staraptor|1
|-damage|p1a: Whimsicott|36/100
|-damage|p1b: Staraptor|2/100
|replace|p1a: Zoroark|Zoroark-Hisui, L50, M
|-end|p1a: Zoroark|Illusion
|
|-weather|Snowscape|[upkeep]
|upkeep
|turn|2
|inactive|ChrisJHall13 has 30 seconds left.
|
|t:|1784655784
|move|p1b: Staraptor|Protect|p1b: Staraptor
|-singleturn|p1b: Staraptor|Protect
|move|p2b: Dragonite|Extreme Speed|p1b: Staraptor
|-activate|p1b: Staraptor|move: Protect
|move|p1a: Zoroark|Icy Wind|p2b: Dragonite|[spread] p2a
|-miss|p1a: Zoroark|p2b: Dragonite
|-resisted|p2a: Ninetales|1
|-damage|p2a: Ninetales|32/100
|-unboost|p2a: Ninetales|spe|1
|move|p2a: Ninetales|Blizzard|p1b: Staraptor|[spread] p1a
|-activate|p1b: Staraptor|move: Protect
|-damage|p1a: Zoroark|0 fnt
|faint|p1a: Zoroark
|
|-weather|Snowscape|[upkeep]
|upkeep
|
|t:|1784655798
|switch|p1a: Gholdengo|Gholdengo, L50|100/100
|turn|3
|
|t:|1784655812
|switch|p1b: Whimsicott|Whimsicott, L50, M|100/100
|switch|p2a: Incineroar|Incineroar, L50, M|100/100
|-ability|p2a: Incineroar|Intimidate|boost
|-unboost|p1a: Gholdengo|atk|1
|-unboost|p1b: Whimsicott|atk|1
|move|p2b: Dragonite|Extreme Speed|p1b: Whimsicott
|-damage|p1b: Whimsicott|47/100
|-damage|p2b: Dragonite|19/100|[from] item: Life Orb
|move|p1a: Gholdengo|Make It Rain|p2a: Incineroar|[spread] p2a,p2b
|-resisted|p2a: Incineroar|1
|-damage|p2a: Incineroar|77/100
|-damage|p2b: Dragonite|0 fnt
|-unboost|p1a: Gholdengo|spa|2
|faint|p2b: Dragonite
|-damage|p1a: Gholdengo|90/100|[from] item: Life Orb
|
|-weather|Snowscape|[upkeep]
|upkeep
|
|t:|1784655832
|switch|p2b: Gengar|Gengar, L50, F|100/100
|turn|4
|
|t:|1784655846
|switch|p1a: Staraptor|Staraptor-Mega, L50, F|2/100
|detailschange|p2b: Gengar|Gengar-Mega, L50, F
|-mega|p2b: Gengar|Gengar|Gengarite
|move|p2b: Gengar|Sludge Bomb|p1b: Whimsicott
|-supereffective|p1b: Whimsicott|2
|-damage|p1b: Whimsicott|0 fnt
|faint|p1b: Whimsicott
|move|p2a: Incineroar|Darkest Lariat|p1a: Staraptor
|-resisted|p1a: Staraptor|1
|-damage|p1a: Staraptor|0 fnt
|faint|p1a: Staraptor
|
|-weather|Snowscape|[upkeep]
|upkeep
|
|t:|1784655859
|switch|p1b: Gholdengo|Gholdengo, L50|90/100
|turn|5
|
|t:|1784655863
|move|p2b: Gengar|Shadow Ball|p1b: Gholdengo
|-supereffective|p1b: Gholdengo|1
|-damage|p1b: Gholdengo|0 fnt
|faint|p1b: Gholdengo
|
|win|ChrisJHall13
||ChrisJHall13 is ready for game 2.
||Scoseb is ready for game 2.
|uhtml|next|Next: Game 2 of 3
|l|☆ChrisJHall13
|player|p2|
