|j|☆KodeBeast0526
|j|☆himhimhimhim15
|html|KodeBeast0526himhimhimhim15    
|uhtml|bestof|Game 1 of a best-of-3
|t:|1784397662
|gametype|doubles
|player|p1|KodeBeast0526|sailor|1187
|player|p2|himhimhimhim15|265|1076
|gen|9
|tier|[Gen 9 Champions] VGC 2026 Reg M-B (Bo3)
|rated|
|rule|Species Clause: Limit one of each Pokémon
|rule|Item Clause: Limit 1 of each item
|clearpoke
|poke|p1|Aerodactyl, L50, M, shiny|
|poke|p1|Kingambit, L50, M, shiny|
|poke|p1|Sylveon, L50, M, shiny|
|poke|p1|Garchomp, L50, M, shiny|
|poke|p1|Charizard, L50, M, shiny|
|poke|p1|Farigiraf, L50, F, shiny|
|poke|p2|Malamar, L50, F|
|poke|p2|Maushold-Four, L50|
|poke|p2|Meowscarada, L50, F|
|poke|p2|Staraptor, L50, F|
|poke|p2|Mawile, L50, F|
|poke|p2|Basculegion, L50, M|
|teampreview|4
|showteam|p1|Aerodactyl||Aerodactylite|Unnerve|RockSlide,IceFang,Tailwind,WideGuard|Jolly||M|||50|]Kingambit||FocusSash|Defiant|KowtowCleave,SuckerPunch,IronHead,LowKick|Adamant||M|||50|]Sylveon||LifeOrb|Pixilate|Detect,HyperVoice,HyperBeam,QuickAttack|Modest||M|||50|]Garchomp||ChoiceScarf|RoughSkin|Earthquake,DragonClaw,StompingTantrum,StoneEdge|Jolly||M|||50|]Charizard||CharizarditeY|Blaze|Protect,HeatWave,SolarBeam,WeatherBall|Modest||M|||50|]Farigiraf||SitrusBerry|ArmorTail|Thunderbolt,PsychicNoise,TrickRoom,HelpingHand|Bold||F|||50|
|showteam|p2|Malamar||RoseliBerry|Contrary|Superpower,KnockOff,Protect,TrickRoom|Brave||F|||50|]Maushold-Four||WideLens|Technician|PopulationBomb,FollowMe,Protect,Feint|Jolly|||||50|]Meowscarada||LifeOrb|Overgrow|FlowerTrick,KnockOff,HelpingHand,LowKick|Jolly||F|||50|]Staraptor||Staraptite|Intimidate|CloseCombat,BraveBird,Facade,Protect|Adamant||F|||50|]Mawile||Mawilite|HyperCutter|PlayRough,KnockOff,RockSlide,SuckerPunch|Brave||F|||50|]Basculegion||FocusSash|Adaptability|WaveCrash,LastRespects,AquaJet,Protect|Adamant||M|||50|
|
|t:|1784397694
|teamsize|p1|4
|teamsize|p2|4
|start
|switch|p1a: Aerodactyl|Aerodactyl, L50, M, shiny|100/100
|switch|p1b: Sylveon|Sylveon, L50, M, shiny|100/100
|switch|p2a: Maushold|Maushold-Four, L50|100/100
|switch|p2b: Meowscarada|Meowscarada, L50, F|100/100
|-ability|p1a: Aerodactyl|Unnerve
|turn|1
|
|t:|1784397714
|detailschange|p1a: Aerodactyl|Aerodactyl-Mega, L50, M, shiny
|-mega|p1a: Aerodactyl|Aerodactyl|Aerodactylite
|move|p2b: Meowscarada|Helping Hand|p2a: Maushold
|-singleturn|p2a: Maushold|Helping Hand|[of] p2b: Meowscarada
|move|p1a: Aerodactyl|Tailwind|p1a: Aerodactyl
|-sidestart|p1: KodeBeast0526|move: Tailwind
|move|p1b: Sylveon|Hyper Voice|p2b: Meowscarada|[spread] p2a,p2b
|-supereffective|p2b: Meowscarada|1
|-damage|p2a: Maushold|19/100
|-damage|p2b: Meowscarada|0 fnt
|faint|p2b: Meowscarada
|-damage|p1b: Sylveon|90/100|[from] item: Life Orb
|move|p2a: Maushold|Population Bomb|p1b: Sylveon
|-damage|p1b: Sylveon|69/100
|-crit|p1b: Sylveon
|-damage|p1b: Sylveon|38/100
|-damage|p1b: Sylveon|19/100
|-damage|p1b: Sylveon|0 fnt
|faint|p1b: Sylveon
|-hitcount|p1: Sylveon|4
|
|upkeep
|
|t:|1784397733
|switch|p2b: Staraptor|Staraptor, L50, F|100/100
|switch|p1b: Garchomp|Garchomp, L50, M, shiny|100/100
|-ability|p2b: Staraptor|Intimidate|boost
|-unboost|p1a: Aerodactyl|atk|1
|-unboost|p1b: Garchomp|atk|1
|turn|2
|
|t:|1784397749
|detailschange|p2b: Staraptor|Staraptor-Mega, L50, F
|-mega|p2b: Staraptor|Staraptor|Staraptite
|move|p2a: Maushold|Follow Me|p2a: Maushold
|-singleturn|p2a: Maushold|move: Follow Me
|move|p1b: Garchomp|Stone Edge|p2a: Maushold
|-damage|p2a: Maushold|0 fnt
|faint|p2a: Maushold
|move|p1a: Aerodactyl|Rock Slide|p2b: Staraptor
|-damage|p2b: Staraptor|76/100
|cant|p2b: Staraptor|flinch
|
|upkeep
|
|t:|1784397760
|switch|p2a: Basculegion|Basculegion, L50, M|100/100
|turn|3
|
|t:|1784397769
|move|p2a: Basculegion|Aqua Jet|p1a: Aerodactyl
|-supereffective|p1a: Aerodactyl|1
|-damage|p1a: Aerodactyl|45/100
|move|p1b: Garchomp|Stone Edge|p2b: Staraptor
|-damage|p2b: Staraptor|52/100
|move|p1a: Aerodactyl|Rock Slide|p2a: Basculegion|[spread] p2a,p2b
|-damage|p2a: Basculegion|75/100
|-damage|p2b: Staraptor|36/100
|move|p2b: Staraptor|Close Combat|p1b: Garchomp
|-damage|p1b: Garchomp|29/100
|-boost|p2b: Staraptor|def|1
|-boost|p2b: Staraptor|spd|1
|-damage|p2b: Staraptor|24/100|[from] ability: Rough Skin|[of] p1b: Garchomp
|
|upkeep
|turn|4
|
|t:|1784397785
|move|p2a: Basculegion|Aqua Jet|p1a: Aerodactyl
|-supereffective|p1a: Aerodactyl|1
|-damage|p1a: Aerodactyl|0 fnt
|faint|p1a: Aerodactyl
|move|p1b: Garchomp|Stone Edge|p2b: Staraptor
|-damage|p2b: Staraptor|9/100
|move|p2b: Staraptor|Close Combat|p1b: Garchomp
|-damage|p1b: Garchomp|0 fnt
|-boost|p2b: Staraptor|def|1
|-boost|p2b: Staraptor|spd|1
|-damage|p2b: Staraptor|0 fnt|[from] ability: Rough Skin|[of] p1b: Garchomp
|faint|p1b: Garchomp
|faint|p2b: Staraptor
|
|-sideend|p1: KodeBeast0526|move: Tailwind
|upkeep
|
|t:|1784397790
|switch|p1a: Kingambit|Kingambit, L50, M, shiny|100/100
|turn|5
|
|t:|1784397805
|move|p2a: Basculegion|Wave Crash|p1a: Kingambit
|-damage|p1a: Kingambit|35/100
|-damage|p2a: Basculegion|55/100|[from] Recoil
|move|p1a: Kingambit|Kowtow Cleave|p2a: Basculegion
|-supereffective|p2a: Basculegion|1
|-damage|p2a: Basculegion|0 fnt
|faint|p2a: Basculegion
|
|win|KodeBeast0526
||KodeBeast0526 is ready for game 2.
