|j|☆standardamerican
|j|☆acarovgc
|html|standardamericanacarovgc    
|uhtml|bestof|Game 2 of a best-of-3
|t:|1784813370
|gametype|doubles
|player|p1|standardamerican|169|1263
|player|p2|acarovgc|1|1261
|gen|9
|tier|[Gen 9 Champions] VGC 2026 Reg M-B (Bo3)
|rated|
|rule|Species Clause: Limit one of each Pokémon
|rule|Item Clause: Limit 1 of each item
|clearpoke
|poke|p1|Sinistcha, L50|
|poke|p1|Incineroar, L50, M|
|poke|p1|Milotic, L50, M|
|poke|p1|Raichu, L50, M|
|poke|p1|Gardevoir, L50, M|
|poke|p1|Ceruledge, L50, M|
|poke|p2|Milotic, L50, F|
|poke|p2|Incineroar, L50, M|
|poke|p2|Sinistcha, L50|
|poke|p2|Garchomp, L50, M|
|poke|p2|Gholdengo, L50, shiny|
|poke|p2|Floette-Eternal, L50, F|
|teampreview|4
|showteam|p1|Sinistcha||KasibBerry|Hospitality|MatchaGotcha,Imprison,RagePowder,Protect|Bold|||||50|]Incineroar||SitrusBerry|Intimidate|FlareBlitz,DarkestLariat,FakeOut,PartingShot|Careful||M|||50|]Milotic||Leftovers|Competitive|MuddyWater,Coil,Hypnosis,Protect|Calm||M|||50|]Raichu||RaichuniteY|LightningRod|ZapCannon,FocusBlast,FakeOut,Protect|Timid||M|||50|]Gardevoir||Gardevoirite|Trace|HyperVoice,Psyshock,TrickRoom,Protect|Modest||M|||50|]Ceruledge||ColburBerry|FlashFire|BitterBlade,ShadowSneak,BulkUp,Protect|Adamant||M|||50|
|showteam|p2|Milotic||Leftovers|Competitive|Scald,IcyWind,Recover,Protect|Modest||F|||50|]Incineroar||ChopleBerry|Intimidate|FakeOut,FlareBlitz,DarkestLariat,PartingShot|Adamant||M|||50|]Sinistcha||KasibBerry|Hospitality|MatchaGotcha,LifeDew,RagePowder,TrickRoom|Bold|||||50|]Garchomp||LifeOrb|RoughSkin|DragonClaw,StompingTantrum,RockSlide,Protect|Jolly||M|||50|]Gholdengo||SitrusBerry|GoodasGold|MakeItRain,ShadowBall,NastyPlot,Protect|Timid|||||50|]Floette-Eternal||Floettite|FlowerVeil|DazzlingGleam,Moonblast,CalmMind,Protect|Timid||F|||50|
|
|t:|1784813397
|teamsize|p1|4
|teamsize|p2|4
|start
|switch|p1a: Sinistcha|Sinistcha, L50|100/100
|switch|p1b: Gardevoir|Gardevoir, L50, M|100/100
|switch|p2a: Floette|Floette-Eternal, L50, F|100/100
|switch|p2b: Milotic|Milotic, L50, F|100/100
|-ability|p1b: Gardevoir|Competitive|Trace|[from] ability: Trace|[of] p2b: Milotic
|turn|1
|
|t:|1784813431
|switch|p2b: Incineroar|Incineroar, L50, M|100/100
|-ability|p2b: Incineroar|Intimidate|boost
|-unboost|p1a: Sinistcha|atk|1
|-unboost|p1b: Gardevoir|atk|1
|-ability|p1b: Gardevoir|Competitive|boost
|-boost|p1b: Gardevoir|spa|2
|detailschange|p2a: Floette|Floette-Mega, L50, F
|-mega|p2a: Floette|Floette|Floettite
|-ability|p2a: Floette|Fairy Aura
|detailschange|p1b: Gardevoir|Gardevoir-Mega, L50, M
|-mega|p1b: Gardevoir|Gardevoir|Gardevoirite
|move|p2a: Floette|Calm Mind|p2a: Floette
|-boost|p2a: Floette|spa|1
|-boost|p2a: Floette|spd|1
|move|p1a: Sinistcha|Matcha Gotcha|p2a: Floette|[spread] p2a,p2b
|-resisted|p2b: Incineroar|1
|-damage|p2a: Floette|86/100
|-damage|p2b: Incineroar|91/100
|-status|p2a: Floette|brn
|move|p1b: Gardevoir|Trick Room|p1b: Gardevoir
|-fieldstart|move: Trick Room|[of] p1b: Gardevoir
|
|-damage|p2a: Floette|81/100 brn|[from] brn
|upkeep
|turn|2
|
|t:|1784813471
|switch|p1a: Incineroar|Incineroar, L50, M|100/100
|-ability|p1a: Incineroar|Intimidate|boost
|-unboost|p2a: Floette|atk|1
|-unboost|p2b: Incineroar|atk|1
|move|p1b: Gardevoir|Protect|p1b: Gardevoir
|-singleturn|p1b: Gardevoir|Protect
|move|p2a: Floette|Protect|p2a: Floette
|-singleturn|p2a: Floette|Protect
|move|p2b: Incineroar|Parting Shot|p1a: Incineroar
|-unboost|p1a: Incineroar|atk|1
|-unboost|p1a: Incineroar|spa|1
|
|t:|1784813517
|switch|p2b: Milotic|Milotic, L50, F|100/100|[from] Parting Shot
|
|-damage|p2a: Floette|75/100 brn|[from] brn
|upkeep
|turn|3
|
|t:|1784813527
|move|p1a: Incineroar|Fake Out|p2b: Milotic
|-damage|p2b: Milotic|92/100
|cant|p2b: Milotic|flinch
|move|p1b: Gardevoir|Psyshock|p2a: Floette
|-damage|p2a: Floette|0 fnt
|faint|p2a: Floette
|
|-heal|p2b: Milotic|98/100|[from] item: Leftovers
|upkeep
|
|t:|1784813575
|switch|p2a: Incineroar|Incineroar, L50, M|91/100
|-ability|p2a: Incineroar|Intimidate|boost
|-unboost|p1a: Incineroar|atk|1
|-unboost|p1b: Gardevoir|atk|1
|turn|4
|
|t:|1784813599
|switch|p1a: Sinistcha|Sinistcha, L50|100/100
|move|p2a: Incineroar|Flare Blitz|p1a: Sinistcha
|-supereffective|p1a: Sinistcha|1
|-damage|p1a: Sinistcha|11/100
|-damage|p2a: Incineroar|65/100|[from] Recoil
|move|p2b: Milotic|Scald|p1a: Sinistcha
|-resisted|p1a: Sinistcha|1
|-damage|p1a: Sinistcha|0 fnt
|faint|p1a: Sinistcha
|move|p1b: Gardevoir|Hyper Voice|p2b: Milotic|[spread] p2a,p2b
|-damage|p2a: Incineroar|0 fnt
|-damage|p2b: Milotic|30/100
|faint|p2a: Incineroar
|
|-heal|p2b: Milotic|36/100|[from] item: Leftovers
|upkeep
|
|t:|1784813623
|switch|p2a: Gholdengo|Gholdengo, L50, shiny|100/100
|switch|p1a: Ceruledge|Ceruledge, L50, M|100/100
|turn|5
|
|t:|1784813639
|move|p1a: Ceruledge|Bitter Blade|p2a: Gholdengo
|-supereffective|p2a: Gholdengo|1
|-damage|p2a: Gholdengo|0 fnt
|faint|p2a: Gholdengo
|move|p2b: Milotic|Scald|p1b: Gardevoir
|-damage|p1b: Gardevoir|73/100
|-status|p1b: Gardevoir|brn
|move|p1b: Gardevoir|Hyper Voice|p2b: Milotic
|-damage|p2b: Milotic|0 fnt
|faint|p2b: Milotic
|
|win|standardamerican
|inactive|standardamerican has 30 seconds to confirm battle start!
|inactive|acarovgc has 30 seconds to confirm battle start!
