|j|☆luisecanonserna
|j|☆Dysarster
|html|luisecanonsernaDysarster    
|uhtml|bestof|Game 2 of a best-of-3
|t:|1756236752
|gametype|doubles
|player|p1|luisecanonserna|101|1111
|player|p2|Dysarster|swimmer-gen4dp|1000
|gen|9
|tier|[Gen 9] VGC 2025 Reg H (Bo3)
|rated|
|rule|Species Clause: Limit one of each Pokémon
|rule|Item Clause: Limit 1 of each item
|clearpoke
|poke|p1|Gholdengo, L50|
|poke|p1|Incineroar, L50, F|
|poke|p1|Amoonguss, L50, F|
|poke|p1|Dragonite, L50, M|
|poke|p1|Tyranitar, L50, M|
|poke|p1|Garchomp, L50, F|
|poke|p2|Glaceon, L50, M|
|poke|p2|Ninetales-Alola, L50, F|
|poke|p2|Arcanine-Hisui, L50, F|
|poke|p2|Amoonguss, L50, M|
|poke|p2|Salamence, L50, F|
|poke|p2|Indeedee-F, L50, F|
|teampreview|4
|showteam|p1|Gholdengo||LifeOrb|GoodasGold|MakeItRain,ShadowBall,NastyPlot,Protect||||||50|,,,,,Water]Incineroar||SafetyGoggles|Intimidate|FakeOut,KnockOff,PartingShot,FlareBlitz|||F|||50|,,,,,Ghost]Amoonguss||RockyHelmet|Regenerator|PollenPuff,RagePowder,Spore,Protect|||F|||50|,,,,,Dark]Dragonite||LoadedDice|Multiscale|ScaleShot,Tailwind,Haze,Protect|||M|||50|,,,,,Fairy]Tyranitar||AssaultVest|SandStream|RockSlide,LowKick,TeraBlast,Assurance|||M|||50|,,,,,Flying]Garchomp||ClearAmulet|RoughSkin|DragonClaw,Protect,StompingTantrum,Earthquake|||F|||50|,,,,,Fire
|showteam|p2|Glaceon||ChoiceSpecs|SnowCloak|FreezeDry,Blizzard,AlluringVoice,TeraBlast|||M|||50|,,,,,Ice]Ninetales-Alola||FocusSash|SnowWarning|AuroraVeil,IcyWind,Moonblast,HelpingHand|||F|||50|,,,,,Ghost]Arcanine-Hisui||ChoiceBand|Intimidate|FlareBlitz,RockSlide,PsychicFangs,ExtremeSpeed|||F|||50|,,,,,Ghost]Amoonguss||RockyHelmet|Regenerator|RagePowder,Spore,ClearSmog,Protect|||M|||50|,,,,,Water]Salamence||SafetyGoggles|Intimidate|DracoMeteor,DualWingbeat,Tailwind,Protect|||F|||50|,,,,,Steel]Indeedee-F||MentalHerb|PsychicSurge|FollowMe,DazzlingGleam,Imprison,TrickRoom|||F|||50|,,,,,Fairy
|inactive|Battle timer is ON: inactive players will automatically lose when time's up. (requested by Dysarster)
|
|t:|1756236775
|teamsize|p1|4
|teamsize|p2|4
|start
|switch|p1a: Incineroar|Incineroar, L50, F|100/100
|switch|p1b: Gholdengo|Gholdengo, L50|100/100
|switch|p2a: Arcanine|Arcanine-Hisui, L50, F|100/100
|switch|p2b: Salamence|Salamence, L50, F|100/100
|-ability|p2b: Salamence|Intimidate|boost
|-unboost|p1a: Incineroar|atk|1
|-unboost|p1b: Gholdengo|atk|1
|-ability|p2a: Arcanine|Intimidate|boost
|-unboost|p1a: Incineroar|atk|1
|-unboost|p1b: Gholdengo|atk|1
|-ability|p1a: Incineroar|Intimidate|boost
|-unboost|p2a: Arcanine|atk|1
|-unboost|p2b: Salamence|atk|1
|turn|1
|inactive|luisecanonserna has 30 seconds left.
|
|t:|1756236808
|-terastallize|p1b: Gholdengo|Water
|-terastallize|p2a: Arcanine|Ghost
|move|p1a: Incineroar|Fake Out|p2b: Salamence
|-damage|p2b: Salamence|93/100
|cant|p2b: Salamence|flinch
|move|p1b: Gholdengo|Nasty Plot|p1b: Gholdengo
|-boost|p1b: Gholdengo|spa|2
|move|p2a: Arcanine|Flare Blitz|p1b: Gholdengo
|-resisted|p1b: Gholdengo
|-damage|p1b: Gholdengo|71/100
|-damage|p2a: Arcanine|91/100|[from] Recoil
|
|upkeep
|turn|2
|
|t:|1756236832
|switch|p2a: Ninetales|Ninetales-Alola, L50, F|100/100
|-weather|Snowscape|[from] ability: Snow Warning|[of] p2a: Ninetales
|move|p2b: Salamence|Tailwind|p2b: Salamence
|-sidestart|p2: Dysarster|move: Tailwind
|move|p1b: Gholdengo|Make It Rain|p2b: Salamence|[spread] p2a,p2b
|-supereffective|p2a: Ninetales
|-enditem|p2a: Ninetales|Focus Sash
|-damage|p2a: Ninetales|1/100
|-damage|p2b: Salamence|0 fnt
|-unboost|p1b: Gholdengo|spa|1
|faint|p2b: Salamence
|-damage|p1b: Gholdengo|61/100|[from] item: Life Orb
|move|p1a: Incineroar|Parting Shot|p2a: Ninetales
|-unboost|p2a: Ninetales|atk|1
|-unboost|p2a: Ninetales|spa|1
|
|t:|1756236848
|switch|p1a: Tyranitar|Tyranitar, L50, M|100/100|[from] Parting Shot
|-weather|Sandstorm|[from] ability: Sand Stream|[of] p1a: Tyranitar
|
|-weather|Sandstorm|[upkeep]
|-damage|p2a: Ninetales|0 fnt|[from] Sandstorm
|-damage|p1b: Gholdengo|56/100|[from] Sandstorm
|faint|p2a: Ninetales
|upkeep
|
|t:|1756236855
|switch|p2a: Arcanine|Arcanine-Hisui, L50, F, tera:Ghost|91/100
|switch|p2b: Glaceon|Glaceon, L50, M|100/100
|-ability|p2a: Arcanine|Intimidate|boost
|-unboost|p1a: Tyranitar|atk|1
|-unboost|p1b: Gholdengo|atk|1
|turn|3
|
|t:|1756236866
|switch|p1a: Incineroar|Incineroar, L50, F|100/100
|-ability|p1a: Incineroar|Intimidate|boost
|-unboost|p2a: Arcanine|atk|1
|-unboost|p2b: Glaceon|atk|1
|move|p1b: Gholdengo|Protect|p1b: Gholdengo
|-singleturn|p1b: Gholdengo|Protect
|move|p2a: Arcanine|Rock Slide|p1a: Incineroar|[spread] p1a
|-activate|p1b: Gholdengo|move: Protect
|-supereffective|p1a: Incineroar
|-damage|p1a: Incineroar|52/100
|move|p2b: Glaceon|Freeze-Dry|p1b: Gholdengo
|-activate|p1b: Gholdengo|move: Protect
|
|-weather|Sandstorm|[upkeep]
|-damage|p2a: Arcanine|85/100|[from] Sandstorm
|-damage|p2b: Glaceon|95/100|[from] Sandstorm
|-damage|p1b: Gholdengo|50/100|[from] Sandstorm
|upkeep
|turn|4
|inactive|luisecanonserna has 30 seconds left.
|inactive|luisecanonserna has 20 seconds left.
|
|t:|1756236902
|move|p1a: Incineroar|Fake Out|p2b: Glaceon
|-damage|p2b: Glaceon|85/100
|move|p2a: Arcanine|Rock Slide|p1b: Gholdengo|[spread] p1b
|-miss|p2a: Arcanine|p1a: Incineroar
|-damage|p1b: Gholdengo|21/100
|cant|p2b: Glaceon|flinch
|cant|p1b: Gholdengo|flinch
|
|-weather|Sandstorm|[upkeep]
|-damage|p2a: Arcanine|78/100|[from] Sandstorm
|-damage|p2b: Glaceon|79/100|[from] Sandstorm
|-damage|p1b: Gholdengo|15/100|[from] Sandstorm
|upkeep
|turn|5
|
|t:|1756236927
|switch|p1a: Tyranitar|Tyranitar, L50, M|100/100
|move|p1b: Gholdengo|Protect|p1b: Gholdengo
|-singleturn|p1b: Gholdengo|Protect
|move|p2a: Arcanine|Rock Slide|p1b: Gholdengo|[spread] p1a
|-activate|p1b: Gholdengo|move: Protect
|-damage|p1a: Tyranitar|78/100
|move|p2b: Glaceon|Freeze-Dry|p1b: Gholdengo
|-activate|p1b: Gholdengo|move: Protect
|
|-weather|Sandstorm|[upkeep]
|-damage|p2a: Arcanine|72/100|[from] Sandstorm
|-damage|p2b: Glaceon|73/100|[from] Sandstorm
|-damage|p1b: Gholdengo|9/100|[from] Sandstorm
|-sideend|p2: Dysarster|move: Tailwind
|upkeep
|turn|6
|
|t:|1756236943
|move|p1b: Gholdengo|Make It Rain|p2a: Arcanine|[spread] p2a,p2b
|-crit|p2a: Arcanine
|-supereffective|p2b: Glaceon
|-damage|p2a: Arcanine|0 fnt
|-damage|p2b: Glaceon|0 fnt
|-unboost|p1b: Gholdengo|spa|1
|faint|p2a: Arcanine
|faint|p2b: Glaceon
|-damage|p1b: Gholdengo|0 fnt|[from] item: Life Orb
|faint|p1b: Gholdengo
|
|win|luisecanonserna
||Dysarster is ready for game 3.
||luisecanonserna is ready for game 3.
|uhtml|next|Next: Game 3 of 3
|l|☆Dysarster
|player|p2|
