|j|‽Poly67
|j|☆Someoneofficial
|html|Poly67Someoneofficial    
|uhtml|bestof|Game 3 of a best-of-3
|t:|1783047812
|gametype|doubles
|player|p1|Poly67|striker|1000
|player|p2|Someoneofficial|gentleman-gen4|1092
|gen|9
|tier|[Gen 9 Champions] VGC 2026 Reg M-B (Bo3)
|rated|
|rule|Species Clause: Limit one of each Pokémon
|rule|Item Clause: Limit 1 of each item
|clearpoke
|poke|p1|Sceptile, L50, M, shiny|
|poke|p1|Toxapex, L50, M, shiny|
|poke|p1|Pelipper, L50, F, shiny|
|poke|p1|Beartic, L50, M|
|poke|p1|Primarina, L50, F|
|poke|p1|Jolteon, L50, M|
|poke|p2|Raichu, L50, M, shiny|
|poke|p2|Floette-Eternal, L50, F, shiny|
|poke|p2|Mamoswine, L50, F, shiny|
|poke|p2|Ceruledge, L50, F, shiny|
|poke|p2|Maushold-Four, L50, shiny|
|poke|p2|Kingambit, L50, M, shiny|
|teampreview|4
|showteam|p1|Sceptile||Sceptilite|Overgrow|EnergyBall,DragonPulse,EarthPower,Detect|Timid||M|||50|]Toxapex||Leftovers|Regenerator|Toxic,Stockpile,Recover,BanefulBunker|Calm||M|||50|]Pelipper||FocusSash|Drizzle|Hurricane,WeatherBall,WideGuard,Protect|Modest||F|||50|]Beartic||LifeOrb|SwiftSwim|IcicleCrash,CloseCombat,AquaJet,Protect|Adamant||M|||50|]Primarina||MysticWater|LiquidVoice|HyperVoice,Moonblast,CalmMind,Protect|Modest||F|||50|]Jolteon||Magnet|VoltAbsorb|Discharge,Thunder,VoltSwitch,Detect|Timid||M|||50|
|showteam|p2|Raichu||RaichuniteY|LightningRod|FakeOut,Protect,FocusBlast,ZapCannon|Timid||M|||50|]Floette-Eternal||Floettite|FlowerVeil|Protect,DazzlingGleam,CalmMind,Moonblast|Modest||F|||50|]Mamoswine||LifeOrb|Oblivious|HighHorsepower,IceShard,IcicleCrash,Protect|Jolly||F|||50|]Ceruledge||ColburBerry|FlashFire|BitterBlade,ShadowSneak,BulkUp,Protect|Adamant||F|||50|]Maushold-Four||ChopleBerry|FriendGuard|Protect,Feint,FollowMe,HelpingHand|Careful|||||50|]Kingambit||FocusSash|Defiant|IronHead,KowtowCleave,SuckerPunch,LowKick|Adamant||M|||50|
|
|t:|1783047834
|teamsize|p1|4
|teamsize|p2|4
|start
|switch|p1a: Sceptile|Sceptile, L50, M, shiny|100/100
|switch|p1b: Jolteon|Jolteon, L50, M|100/100
|switch|p2a: Floette|Floette-Eternal, L50, F, shiny|100/100
|switch|p2b: Kingambit|Kingambit, L50, M, shiny|100/100
|turn|1
|
|t:|1783047854
|switch|p2b: Mamoswine|Mamoswine, L50, F, shiny|100/100
|detailschange|p1a: Sceptile|Sceptile-Mega, L50, M, shiny
|-mega|p1a: Sceptile|Sceptile|Sceptilite
|detailschange|p2a: Floette|Floette-Mega, L50, F, shiny
|-mega|p2a: Floette|Floette|Floettite
|-ability|p2a: Floette|Fairy Aura
|move|p2a: Floette|Protect|p2a: Floette
|-singleturn|p2a: Floette|Protect
|move|p1a: Sceptile|Earth Power|p2b: Mamoswine
|-damage|p2b: Mamoswine|50/100g
|move|p1b: Jolteon|Discharge|p2b: Mamoswine|[spread] 
|-activate|p2a: Floette|move: Protect
|-ability|p1a: Sceptile|Lightning Rod|boost
|-boost|p1a: Sceptile|spa|1
|-immune|p2b: Mamoswine
|
|upkeep
|turn|2
|
|t:|1783047885
|move|p2b: Mamoswine|Ice Shard|p1b: Jolteon
|-damage|p1b: Jolteon|47/100
|-damage|p2b: Mamoswine|40/100|[from] item: Life Orb
|move|p1a: Sceptile|Energy Ball|p2a: Floette
|-damage|p2a: Floette|46/100
|move|p1b: Jolteon|Discharge|p2a: Floette|[spread] p2a
|-ability|p1a: Sceptile|Lightning Rod|boost
|-boost|p1a: Sceptile|spa|1
|-immune|p2b: Mamoswine
|-damage|p2a: Floette|25/100
|-status|p2a: Floette|par
|move|p2a: Floette|Moonblast|p1b: Jolteon
|-damage|p1b: Jolteon|0 fnt
|faint|p1b: Jolteon
|
|upkeep
|
|t:|1783047902
|switch|p1b: Pelipper|Pelipper, L50, F, shiny|100/100
|-weather|RainDance|[from] ability: Drizzle|[of] p1b: Pelipper
|turn|3
|
|t:|1783047920
|move|p1a: Sceptile|Detect|p1a: Sceptile
|-singleturn|p1a: Sceptile|Protect
|move|p2b: Mamoswine|Protect|p2b: Mamoswine
|-singleturn|p2b: Mamoswine|Protect
|cant|p2a: Floette|par
|move|p1b: Pelipper|Weather Ball|p2b: Mamoswine
|-activate|p2b: Mamoswine|move: Protect
|
|-weather|RainDance|[upkeep]
|upkeep
|turn|4
|
|t:|1783047940
|move|p2b: Mamoswine|Ice Shard|p1a: Sceptile
|-supereffective|p1a: Sceptile|2
|-damage|p1a: Sceptile|0 fnt
|faint|p1a: Sceptile
|-damage|p2b: Mamoswine|31/100|[from] item: Life Orb
|move|p1b: Pelipper|Weather Ball|p2b: Mamoswine
|-supereffective|p2b: Mamoswine|1
|-damage|p2b: Mamoswine|0 fnt
|faint|p2b: Mamoswine
|move|p2a: Floette|Dazzling Gleam|p1b: Pelipper
|-damage|p1b: Pelipper|14/100
|
|-weather|RainDance|[upkeep]
|upkeep
|
|t:|1783047952
|switch|p1a: Beartic|Beartic, L50, M|100/100
|switch|p2b: Kingambit|Kingambit, L50, M, shiny|100/100
|turn|5
|
|t:|1783047970
|move|p1b: Pelipper|Protect|p1b: Pelipper
|-singleturn|p1b: Pelipper|Protect
|move|p2b: Kingambit|Sucker Punch||[still]
|-fail|p2b: Kingambit
|move|p1a: Beartic|Close Combat|p2b: Kingambit
|-supereffective|p2b: Kingambit|2
|-enditem|p2b: Kingambit|Focus Sash
|-damage|p2b: Kingambit|1/100
|-unboost|p1a: Beartic|def|1
|-unboost|p1a: Beartic|spd|1
|-damage|p1a: Beartic|90/100|[from] item: Life Orb
|move|p2a: Floette|Dazzling Gleam|p1b: Pelipper|[spread] p1a
|-activate|p1b: Pelipper|move: Protect
|-damage|p1a: Beartic|5/100
|
|-weather|RainDance|[upkeep]
|upkeep
|turn|6
|
|t:|1783047984
|switch|p2b: Maushold|Maushold-Four, L50, shiny|100/100
|move|p1a: Beartic|Aqua Jet|p2b: Maushold
|-damage|p2b: Maushold|58/100
|-damage|p1a: Beartic|0 fnt|[from] item: Life Orb
|faint|p1a: Beartic
|move|p1b: Pelipper|Weather Ball|p2a: Floette
|-damage|p2a: Floette|0 fnt
|faint|p2a: Floette
|
|-weather|RainDance|[upkeep]
|upkeep
|
|t:|1783047994
|switch|p2a: Kingambit|Kingambit, L50, M, shiny|1/100
|turn|7
|inactive|Battle timer is ON: inactive players will automatically lose when time's up. (requested by Poly67)
|
|t:|1783048006
|move|p2b: Maushold|Feint|p1b: Pelipper
|-damage|p1b: Pelipper|5/100
|move|p2a: Kingambit|Sucker Punch|p1b: Pelipper
|-damage|p1b: Pelipper|0 fnt
|faint|p1b: Pelipper
|
|win|Someoneofficial
|raw|Poly67's rating: 1000 → 1000(+0 for losing)
|raw|Someoneofficial's rating: 1092 → 1111(+19 for winning)
|l|‽Poly67
|player|p1|
|l|☆Someoneofficial
|player|p2|
|j|☆Someoneofficial
|player|p2|Someoneofficial|gentleman-gen4|
