|j|☆QueenB1991
|j|☆mathtass
|html|QueenB1991mathtass    
|uhtml|bestof|Game 2 of a best-of-3
|t:|1782420427
|gametype|doubles
|player|p1|QueenB1991|102|1050
|player|p2|mathtass|1|1042
|gen|9
|tier|[Gen 9 Champions] VGC 2026 Reg M-B (Bo3)
|rated|
|rule|Species Clause: Limit one of each Pokémon
|rule|Item Clause: Limit 1 of each item
|clearpoke
|poke|p1|Palafin, L50, M|
|poke|p1|Sneasler, L50, F|
|poke|p1|Raichu, L50, M|
|poke|p1|Kingambit, L50, F|
|poke|p1|Dragonite, L50, M|
|poke|p1|Hydreigon, L50, F|
|poke|p2|Staraptor, L50, F, shiny|
|poke|p2|Whimsicott, L50, M, shiny|
|poke|p2|Garchomp, L50, M, shiny|
|poke|p2|Gholdengo, L50, shiny|
|poke|p2|Delphox, L50, F, shiny|
|poke|p2|Basculegion-F, L50, F, shiny|
|teampreview|4
|showteam|p1|Palafin||MysticWater|ZerotoHero|JetPunch,WaveCrash,FlipTurn,Protect|Jolly||M|||50|]Sneasler||FocusSash|PoisonTouch|FakeOut,DireClaw,CloseCombat,Protect|Jolly||F|||50|]Raichu||SitrusBerry|LightningRod|FakeOut,Nuzzle,VoltSwitch,Protect|Jolly||M|||50|]Kingambit||BlackGlasses|SupremeOverlord|KowtowCleave,SuckerPunch,IronHead,Protect|Adamant||F|||50|]Dragonite||Dragoninite|Multiscale|ExtremeSpeed,DragonClaw,Tailwind,Protect|Adamant||M|||50|]Hydreigon||LifeOrb|Levitate|DracoMeteor,DarkPulse,Flamethrower,Protect|Timid||F|||50|
|showteam|p2|Staraptor||Staraptite|Intimidate|Protect,DualWingbeat,Roost,CloseCombat|Jolly||F|||50|]Whimsicott||FocusSash|Prankster|Tickle,Tailwind,Moonblast,FakeTears|Timid||M|||50|]Garchomp||LifeOrb|RoughSkin|Protect,Earthquake,DragonClaw,RockSlide|Jolly||M|||50|]Gholdengo||ChoiceScarf|GoodasGold|MakeItRain,Trick,ShadowBall,PowerGem|Modest|||||50|]Delphox||Delphoxite|Blaze|Protect,NastyPlot,HeatWave,Psychic|Timid||F|||50|]Basculegion-F||MysticWater|SwiftSwim|Protect,AquaJet,WaveCrash,LastRespects|Adamant||F|||50|
|
|t:|1782420471
|teamsize|p1|4
|teamsize|p2|4
|start
|switch|p1a: Palafin|Palafin, L50, M|100/100
|switch|p1b: Dragonite|Dragonite, L50, M|100/100
|switch|p2a: Whimsicott|Whimsicott, L50, M, shiny|100/100
|switch|p2b: Garchomp|Garchomp, L50, M, shiny|100/100
|turn|1
|
|t:|1782420498
|detailschange|p1b: Dragonite|Dragonite-Mega, L50, M
|-mega|p1b: Dragonite|Dragonite|Dragoninite
|move|p2b: Garchomp|Protect|p2b: Garchomp
|-singleturn|p2b: Garchomp|Protect
|move|p2a: Whimsicott|Moonblast|p1b: Dragonite
|-supereffective|p1b: Dragonite|1
|-damage|p1b: Dragonite|73/100
|-unboost|p1b: Dragonite|spa|1
|move|p1a: Palafin|Flip Turn|p2b: Garchomp
|-activate|p2b: Garchomp|move: Protect
|move|p1b: Dragonite|Dragon Claw|p2b: Garchomp
|-activate|p2b: Garchomp|move: Protect
|
|upkeep
|turn|2
|
|t:|1782420520
|detailschange|p1a: Palafin|Palafin-Hero, L50, M
|switch|p1a: Kingambit|Kingambit, L50, F|100/100
|move|p2a: Whimsicott|Moonblast|p1b: Dragonite
|-supereffective|p1b: Dragonite|1
|-damage|p1b: Dragonite|21/100
|move|p2b: Garchomp|Dragon Claw|p1b: Dragonite
|-supereffective|p1b: Dragonite|1
|-damage|p1b: Dragonite|0 fnt
|faint|p1b: Dragonite
|-damage|p2b: Garchomp|90/100|[from] item: Life Orb
|
|upkeep
|
|t:|1782420533
|switch|p1b: Palafin|Palafin-Hero, L50, M|100/100
|-activate|p1b: Palafin|ability: Zero to Hero
|turn|3
|
|t:|1782420551
|move|p1b: Palafin|Protect|p1b: Palafin
|-singleturn|p1b: Palafin|Protect
|move|p2a: Whimsicott|Tailwind|p2a: Whimsicott
|-sidestart|p2: mathtass|move: Tailwind
|move|p2b: Garchomp|Earthquake|p1b: Palafin|[spread] p2a,p1a
|-activate|p1b: Palafin|move: Protect
|-resisted|p2a: Whimsicott|1
|-supereffective|p1a: Kingambit|1
|-damage|p2a: Whimsicott|61/100
|-damage|p1a: Kingambit|30/100
|-damage|p2b: Garchomp|80/100|[from] item: Life Orb
|move|p1a: Kingambit|Kowtow Cleave|p2b: Garchomp
|-damage|p2b: Garchomp|23/100
|-damage|p1a: Kingambit|18/100|[from] ability: Rough Skin|[of] p2b: Garchomp
|
|upkeep
|turn|4
|
|t:|1782420575
|move|p1b: Palafin|Jet Punch|p2b: Garchomp
|-damage|p2b: Garchomp|0 fnt
|-damage|p1b: Palafin|87/100|[from] ability: Rough Skin|[of] p2b: Garchomp
|faint|p2b: Garchomp
|move|p2a: Whimsicott|Moonblast|p1a: Kingambit
|-damage|p1a: Kingambit|0 fnt
|faint|p1a: Kingambit
|-end|p1a: Kingambit|fallenundefined|[silent]
|
|upkeep
|
|t:|1782420586
|switch|p2b: Staraptor|Staraptor, L50, F, shiny|100/100
|switch|p1a: Raichu|Raichu, L50, M|100/100
|-ability|p2b: Staraptor|Intimidate|boost
|-unboost|p1a: Raichu|atk|1
|-unboost|p1b: Palafin|atk|1
|turn|5
|
|t:|1782420606
|switch|p2a: Basculegion|Basculegion-F, L50, F, shiny|100/100
|move|p2b: Staraptor|Protect|p2b: Staraptor
|-singleturn|p2b: Staraptor|Protect
|move|p1b: Palafin|Jet Punch|p2a: Basculegion
|-resisted|p2a: Basculegion|1
|-damage|p2a: Basculegion|83/100
|move|p1a: Raichu|Nuzzle|p2b: Staraptor
|-activate|p2b: Staraptor|move: Protect
|
|upkeep
|turn|6
|
|t:|1782420648
|detailschange|p2b: Staraptor|Staraptor-Mega, L50, F, shiny
|-mega|p2b: Staraptor|Staraptor|Staraptite
|move|p1b: Palafin|Jet Punch|p2a: Basculegion
|-resisted|p2a: Basculegion|1
|-damage|p2a: Basculegion|66/100
|move|p2b: Staraptor|Close Combat|p1a: Raichu
|-damage|p1a: Raichu|0 fnt
|-boost|p2b: Staraptor|def|1
|-boost|p2b: Staraptor|spd|1
|faint|p1a: Raichu
|move|p2a: Basculegion|Last Respects|p1b: Palafin
|-damage|p1b: Palafin|36/100
|
|-sideend|p2: mathtass|move: Tailwind
|upkeep
|turn|7
|
|t:|1782420681
|move|p1b: Palafin|Protect|p1b: Palafin
|-singleturn|p1b: Palafin|Protect
|move|p2b: Staraptor|Close Combat|p1b: Palafin
|-activate|p1b: Palafin|move: Protect
|move|p2a: Basculegion|Wave Crash|p1b: Palafin
|-activate|p1b: Palafin|move: Protect
|
|upkeep
|turn|8
|
|t:|1782420693
|move|p1b: Palafin|Jet Punch|p2a: Basculegion
|-resisted|p2a: Basculegion|1
|-damage|p2a: Basculegion|48/100
|move|p2b: Staraptor|Close Combat|p1b: Palafin
|-damage|p1b: Palafin|0 fnt
|-boost|p2b: Staraptor|def|1
|-boost|p2b: Staraptor|spd|1
|faint|p1b: Palafin
|
|win|mathtass
|raw|QueenB1991's rating: 1050 → 1032(-18 for losing)
|raw|mathtass's rating: 1042 → 1076(+34 for winning)
