|j|☆Whim5
|j|☆Shiny Loudred
|html|Whim5Shiny Loudred    
|uhtml|bestof|Game 1 of a best-of-3
|t:|1785197763
|gametype|doubles
|player|p1|Whim5|backers|
|player|p2|Shiny Loudred|backers|
|gen|9
|tier|[Gen 9 Champions] VGC 2026 Reg M-B (Bo3)
|rule|Species Clause: Limit one of each Pokémon
|rule|Item Clause: Limit 1 of each item
|clearpoke
|poke|p1|Lucario, L50, F|
|poke|p1|Primarina, L50, M|
|poke|p1|Sinistcha, L50|
|poke|p1|Meowstic, L50, M|
|poke|p1|Hydreigon, L50, F|
|poke|p1|Goodra-Hisui, L50, F|
|poke|p2|Farigiraf, L50, M|
|poke|p2|Kingambit, L50, F|
|poke|p2|Greninja, L50, F|
|poke|p2|Arcanine-Hisui, L50, M|
|poke|p2|Zoroark-Hisui, L50, F|
|poke|p2|Sneasler, L50, M|
|teampreview|4
|showteam|p1|Lucario||Lucarionite|InnerFocus|CloseCombat,MeteorMash,BulletPunch,Protect|Jolly||F|||50|]Primarina||MysticWater|LiquidVoice|HyperVoice,Moonblast,Protect,FlipTurn|Modest||M|||50|]Sinistcha||SitrusBerry|Hospitality|RagePowder,MatchaGotcha,StrengthSap,Protect|Calm|||||50|]Meowstic||FocusSash|KeenEye|FakeOut,PsychicNoise,Imprison,TrickRoom|Timid||M|||50|]Hydreigon||ChoiceScarf|Levitate|DarkPulse,DracoMeteor,HeatWave,Uturn|Modest||F|||50|]Goodra-Hisui||Leftovers|ShellArmor|Flamethrower,DracoMeteor,HeavySlam,DragonCheer|Relaxed||F|||50|
|showteam|p2|Farigiraf||MentalHerb|ArmorTail|TrickRoom,Protect,Psychic,Thunderbolt|Sassy||M|||50|]Kingambit||OccaBerry|SupremeOverlord|SuckerPunch,IronHead,KowtowCleave,Protect|Sassy||F|||50|]Greninja||Greninjite|Protean|Protect,HydroCannon,WaterShuriken,SludgeWave|Timid||F|||50|]Arcanine-Hisui||FocusSash|RockHead|ExtremeSpeed,FlareBlitz,HeadSmash,CloseCombat|Adamant||M|||50|]Zoroark-Hisui||LifeOrb|Illusion|Flamethrower,SludgeBomb,ShadowBall,Protect|Timid||F|||50|]Sneasler||KingsRock|Unburden|Fling,DireClaw,UpperHand,CloseCombat|Jolly||M|||50|
|inactive|Battle timer is ON: inactive players will automatically lose when time's up. (requested by Shiny Loudred)
|inactiveoff|Battle timer is now OFF.
|c|☆Whim5|glhf!
|c|☆Shiny Loudred|u2
|j| upfrontsalt
|c| upfrontsalt|I've been waiting for this
|c| upfrontsalt|GLHF
|
|t:|1785198377
|teamsize|p1|4
|teamsize|p2|4
|start
|switch|p1a: Punch It Punk|Lucario, L50, F|100/100
|switch|p1b: Cha Cha Cha|Sinistcha, L50|100/100
|switch|p2a: Greninja|Greninja, L50, F|100/100
|switch|p2b: Farigiraf|Farigiraf, L50, M|100/100
|turn|1
|
|t:|1785198562
|detailschange|p2a: Greninja|Greninja-Mega, L50, F
|-mega|p2a: Greninja|Greninja|Greninjite
|detailschange|p1a: Punch It Punk|Lucario-Mega, L50, F
|-mega|p1a: Punch It Punk|Lucario|Lucarionite
|move|p1b: Cha Cha Cha|Rage Powder|p1b: Cha Cha Cha
|-singleturn|p1b: Cha Cha Cha|move: Rage Powder
|move|p2a: Greninja|Water Shuriken|p1b: Cha Cha Cha
|-start|p2a: Greninja|typechange|Water|[from] ability: Protean
|-resisted|p1b: Cha Cha Cha|1
|-damage|p1b: Cha Cha Cha|96/100
|-resisted|p1b: Cha Cha Cha|1
|-damage|p1b: Cha Cha Cha|93/100
|-resisted|p1b: Cha Cha Cha|1
|-damage|p1b: Cha Cha Cha|89/100
|-resisted|p1b: Cha Cha Cha|1
|-damage|p1b: Cha Cha Cha|86/100
|-resisted|p1b: Cha Cha Cha|1
|-damage|p1b: Cha Cha Cha|83/100
|-hitcount|p1b: Cha Cha Cha|5
|move|p1a: Punch It Punk|Meteor Mash|p2a: Greninja
|-resisted|p2a: Greninja|1
|-damage|p2a: Greninja|47/100
|move|p2b: Farigiraf|Flamethrower|p1b: Cha Cha Cha
|-supereffective|p1b: Cha Cha Cha|1
|-damage|p1b: Cha Cha Cha|15/100
|-enditem|p1b: Cha Cha Cha|Sitrus Berry|[eat]
|-heal|p1b: Cha Cha Cha|40/100|[from] item: Sitrus Berry
|-damage|p2b: Farigiraf|90/100|[from] item: Life Orb
|
|upkeep
|turn|2
|c|☆Whim5|hm
|
|t:|1785198722
|move|p2b: Farigiraf|Protect|p2b: Farigiraf
|-singleturn|p2b: Farigiraf|Protect
|move|p1b: Cha Cha Cha|Rage Powder|p1b: Cha Cha Cha
|-singleturn|p1b: Cha Cha Cha|move: Rage Powder
|move|p2a: Greninja|Hydro Cannon|p1b: Cha Cha Cha
|-resisted|p1b: Cha Cha Cha|1
|-damage|p1b: Cha Cha Cha|6/100
|-mustrecharge|p2a: Greninja
|move|p1a: Punch It Punk|Meteor Mash|p2b: Farigiraf
|-activate|p2b: Farigiraf|move: Protect
|
|upkeep
|turn|3
|
|t:|1785198790
|cant|p2a: Greninja|recharge
|move|p1a: Punch It Punk|Meteor Mash|p2b: Farigiraf
|-damage|p2b: Farigiraf|0 fnt
|replace|p2b: Zoroark|Zoroark-Hisui, L50, F
|-end|p2b: Zoroark|Illusion
|faint|p2b: Zoroark
|move|p1b: Cha Cha Cha|Matcha Gotcha|p2a: Greninja
|-supereffective|p2a: Greninja|1
|-damage|p2a: Greninja|0 fnt
|-heal|p1b: Cha Cha Cha|26/100|[from] drain|[of] p2a: Greninja
|faint|p2a: Greninja
|
|upkeep
|
|t:|1785198801
|switch|p2a: Arcanine|Arcanine-Hisui, L50, M|100/100
|switch|p2b: Farigiraf|Farigiraf, L50, M|100/100
|turn|4
|
|t:|1785198925
|move|p1a: Punch It Punk|Close Combat|p2b: Farigiraf
|-damage|p2b: Farigiraf|0 fnt
|-unboost|p1a: Punch It Punk|def|1
|-unboost|p1a: Punch It Punk|spd|1
|faint|p2b: Farigiraf
|move|p2a: Arcanine|Flare Blitz|p1a: Punch It Punk
|-supereffective|p1a: Punch It Punk|1
|-damage|p1a: Punch It Punk|0 fnt
|faint|p1a: Punch It Punk
|move|p1b: Cha Cha Cha|Matcha Gotcha|p2a: Arcanine
|-damage|p2a: Arcanine|71/100
|-heal|p1b: Cha Cha Cha|41/100|[from] drain|[of] p2a: Arcanine
|
|upkeep
|
|t:|1785198939
|switch|p1a: Pulse of Meteor|Hydreigon, L50, F|100/100
|turn|5
|
|t:|1785198947
|move|p1a: Pulse of Meteor|Draco Meteor|p2a: Arcanine
|-damage|p2a: Arcanine|1/100
|-unboost|p1a: Pulse of Meteor|spa|2
|move|p2a: Arcanine|Flare Blitz|p1b: Cha Cha Cha
|-supereffective|p1b: Cha Cha Cha|1
|-damage|p1b: Cha Cha Cha|0 fnt
|faint|p1b: Cha Cha Cha
|
|upkeep
|c|☆Whim5|died a hero
|
|t:|1785198958
|switch|p1b: Dummy Romance|Primarina, L50, M|100/100
|turn|6
|c|☆Whim5|nvm
|c|☆Shiny Loudred|gg
|
|t:|1785198964
|move|p2a: Arcanine|Extreme Speed|p1a: Pulse of Meteor
|-damage|p1a: Pulse of Meteor|69/100
|move|p1a: Pulse of Meteor|Draco Meteor|p2a: Arcanine
|-damage|p2a: Arcanine|0 fnt
|-unboost|p1a: Pulse of Meteor|spa|2
|faint|p2a: Arcanine
|
|win|Whim5
|l|☆Shiny Loudred
|player|p2|
||Shiny Loudred is ready for game 2.
|c|☆Whim5|gg
||Whim5 is ready for game 2.
|uhtml|next|Next: Game 2 of 3
|c| upfrontsalt|Good round
