|j|☆Zdog2015
|html|Swift DemiseZdog2015    
|uhtml|bestof|Game 2 of a best-of-3
|t:|1784073175
|gametype|doubles
|player|p1|Swift Demise|lucas|1102
|player|p2|Zdog2015|2|1000
|gen|9
|tier|[Gen 9 Champions] VGC 2026 Reg M-B (Bo3)
|rated|
|rule|Species Clause: Limit one of each Pokémon
|rule|Item Clause: Limit 1 of each item
|clearpoke
|poke|p1|Grimmsnarl, L50, M|
|poke|p1|Pelipper, L50, M|
|poke|p1|Archaludon, L50, M|
|poke|p1|Charizard, L50, M|
|poke|p1|Basculegion, L50, M|
|poke|p1|Venusaur, L50, M|
|poke|p2|Primarina, L50, F|
|poke|p2|Mr. Rime, L50, M|
|poke|p2|Archaludon, L50, F|
|poke|p2|Politoed, L50, M|
|poke|p2|Hawlucha, L50, F|
|poke|p2|Excadrill, L50, F|
|teampreview|4
|showteam|p1|Grimmsnarl||LightClay|Prankster|SpiritBreak,Reflect,LightScreen,PartingShot|Careful||M|||50|]Pelipper||SitrusBerry|Drizzle|Hurricane,WeatherBall,Tailwind,WideGuard|Modest||M|||50|]Archaludon||Leftovers|Stamina|DragonPulse,FlashCannon,ElectroShot,Protect|Modest||M|||50|]Charizard||CharizarditeY|Blaze|HeatWave,Hurricane,WeatherBall,Protect|Modest||M|||50|]Basculegion||ChoiceScarf|Adaptability|WaveCrash,FlipTurn,LastRespects,AquaJet|Jolly||M|||50|]Venusaur||LifeOrb|Chlorophyll|SludgeBomb,EarthPower,SolarBeam,Protect|Modest||M|||50|
|showteam|p2|Primarina||MysticWater|LiquidVoice|HyperVoice,EnergyBall,IceBeam,Protect|Modest||F|||50|]Mr. Rime||SitrusBerry|ScreenCleaner|SheerCold,Hypnosis,FakeOut,IceSpinner|Bold||M|||50|]Archaludon||Leftovers|Stamina|ElectroShot,DragonPulse,FlashCannon,Protect|Modest||F|||50|]Politoed||LifeOrb|Drizzle|WeatherBall,RainDance,HelpingHand,Protect|Bold||M|||50|]Hawlucha||Hawluchanite|Unburden|HighJumpKick,RockSlide,Detect,Entrainment|Careful||F|||50|]Excadrill||LumBerry|MoldBreaker|Fissure,HornDrill,ThroatChop,Protect|Jolly||F|||50|
|j|☆Swift Demise
|player|p1|Swift Demise|lucas|
|
|t:|1784073225
|teamsize|p1|4
|teamsize|p2|4
|start
|switch|p1a: Charizard|Charizard, L50, M|100/100
|switch|p1b: Venusaur|Venusaur, L50, M|100/100
|switch|p2a: Hawlucha|Hawlucha, L50, F|100/100
|switch|p2b: Mr. Rime|Mr. Rime, L50, M|100/100
|turn|1
|
|t:|1784073252
|detailschange|p2a: Hawlucha|Hawlucha-Mega, L50, F
|-mega|p2a: Hawlucha|Hawlucha|Hawluchanite
|detailschange|p1a: Charizard|Charizard-Mega-Y, L50, M
|-mega|p1a: Charizard|Charizard|Charizardite Y
|-weather|SunnyDay|[from] ability: Drought|[of] p1a: Charizard
|move|p2b: Mr. Rime|Fake Out|p1a: Charizard
|-damage|p1a: Charizard|92/100
|move|p1b: Venusaur|Sludge Bomb|p2a: Hawlucha
|-damage|p2a: Hawlucha|49/100
|-damage|p1b: Venusaur|90/100|[from] item: Life Orb
|move|p2a: Hawlucha|Entrainment|p2b: Mr. Rime
|-ability|p2b: Mr. Rime|No Guard|Screen Cleaner|[from] move: Entrainment|[of] p2a: Hawlucha
|cant|p1a: Charizard|flinch
|
|-weather|SunnyDay|[upkeep]
|upkeep
|turn|2
|
|t:|1784073276
|switch|p2a: Politoed|Politoed, L50, M|100/100
|-weather|RainDance|[from] ability: Drizzle|[of] p2a: Politoed
|move|p1b: Venusaur|Sludge Bomb|p2a: Politoed
|-damage|p2a: Politoed|56/100
|-damage|p1b: Venusaur|80/100|[from] item: Life Orb
|move|p1a: Charizard|Heat Wave|p2a: Politoed|[spread] p2a,p2b
|-resisted|p2a: Politoed|1
|-supereffective|p2b: Mr. Rime|1
|-damage|p2a: Politoed|48/100
|-damage|p2b: Mr. Rime|61/100
|move|p2b: Mr. Rime|Hypnosis|p1a: Charizard
|-status|p1a: Charizard|slp|[from] move: Hypnosis
|
|-weather|RainDance|[upkeep]
|upkeep
|turn|3
|
|t:|1784073319
|move|p2a: Politoed|Protect|p2a: Politoed
|-singleturn|p2a: Politoed|Protect
|move|p1b: Venusaur|Sludge Bomb|p2b: Mr. Rime
|-damage|p2b: Mr. Rime|6/100
|-enditem|p2b: Mr. Rime|Sitrus Berry|[eat]
|-heal|p2b: Mr. Rime|31/100|[from] item: Sitrus Berry
|-damage|p1b: Venusaur|71/100|[from] item: Life Orb
|cant|p1a: Charizard|slp
|move|p2b: Mr. Rime|Sheer Cold|p1b: Venusaur
|-damage|p1b: Venusaur|0 fnt
|faint|p1b: Venusaur
|-ohko
|
|-weather|RainDance|[upkeep]
|upkeep
|
|t:|1784073337
|switch|p1b: Archaludon|Archaludon, L50, M|100/100
|turn|4
|
|t:|1784073347
|cant|p1a: Charizard|slp
|move|p2b: Mr. Rime|Sheer Cold|p1b: Archaludon
|-damage|p1b: Archaludon|0 fnt
|faint|p1b: Archaludon
|-ohko
|move|p2a: Politoed|Weather Ball|p1a: Charizard
|-supereffective|p1a: Charizard|1
|-damage|p1a: Charizard|0 fnt
|faint|p1a: Charizard
|-damage|p2a: Politoed|38/100|[from] item: Life Orb
|
|-weather|RainDance|[upkeep]
|upkeep
|
|t:|1784073356
|switch|p1a: Grimmsnarl|Grimmsnarl, L50, M|100/100
|turn|5
|c|☆Swift Demise|Gg
|
|t:|1784073374
|move|p2b: Mr. Rime|Hypnosis|p1a: Grimmsnarl
|-status|p1a: Grimmsnarl|slp|[from] move: Hypnosis
|move|p2a: Politoed|Weather Ball|p1a: Grimmsnarl
|-damage|p1a: Grimmsnarl|38/100 slp
|-damage|p2a: Politoed|28/100|[from] item: Life Orb
|cant|p1a: Grimmsnarl|slp
|
|-weather|RainDance|[upkeep]
|upkeep
|turn|6
|
|t:|1784073386
|move|p2b: Mr. Rime|Sheer Cold|p2a: Politoed
|-damage|p2a: Politoed|0 fnt
|faint|p2a: Politoed
|-ohko
|cant|p1a: Grimmsnarl|slp
|
|-weather|none
|upkeep
|
|t:|1784073395
|switch|p2a: Archaludon|Archaludon, L50, F|100/100
|turn|7
|
|t:|1784073400
|move|p2b: Mr. Rime|Sheer Cold|p1a: Grimmsnarl
|-damage|p1a: Grimmsnarl|0 fnt
|faint|p1a: Grimmsnarl
|-ohko
|
|win|Zdog2015
||Swift Demise is ready for game 3.
|inactive|Zdog2015 has 30 seconds to confirm battle start!
|inactive|Zdog2015 has 20 seconds to confirm battle start!
||Zdog2015 is ready for game 3.
|uhtml|next|Next: Game 3 of 3
