|j|☆Madzisbadz
|j|☆heycoachitsnate
|html|Madzisbadzheycoachitsnate    
|uhtml|bestof|Game 2 of a best-of-3
|t:|1785820820
|gametype|doubles
|player|p1|Madzisbadz|266|1311
|player|p2|heycoachitsnate|n|1149
|gen|9
|tier|[Gen 9 Champions] VGC 2026 Reg M-B (Bo3)
|rated|
|rule|Species Clause: Limit one of each Pokémon
|rule|Item Clause: Limit 1 of each item
|clearpoke
|poke|p1|Delphox, L50, F|
|poke|p1|Incineroar, L50, F|
|poke|p1|Sinistcha-Masterpiece, L50|
|poke|p1|Sneasler, L50, M|
|poke|p1|Garchomp, L50, M|
|poke|p1|Floette-Eternal, L50, F|
|poke|p2|Venusaur, L50, M|
|poke|p2|Charizard, L50, M, shiny|
|poke|p2|Garchomp, L50, F|
|poke|p2|Annihilape, L50, F, shiny|
|poke|p2|Incineroar, L50, F|
|poke|p2|Toxapex, L50, F, shiny|
|teampreview|4
|showteam|p1|Delphox||Delphoxite|Blaze|Protect,HeatWave,Psyshock,NastyPlot|Timid||F|||50|]Incineroar||SitrusBerry|Intimidate|FakeOut,DarkestLariat,FlareBlitz,PartingShot|Impish||F|||50|]Sinistcha-Masterpiece||OccaBerry|Hospitality|MatchaGotcha,RagePowder,LifeDew,TrickRoom|Bold|||||50|]Sneasler||FocusSash|PoisonTouch|FakeOut,CloseCombat,PoisonJab,QuickGuard|Jolly||M|||50|]Garchomp||LifeOrb|RoughSkin|Protect,RockSlide,Earthquake,DragonClaw|Jolly||M|||50|]Floette-Eternal||Floettite|FlowerVeil|Protect,Moonblast,DazzlingGleam,CalmMind|Modest||F|||50|
|showteam|p2|Venusaur||LifeOrb|Chlorophyll|SolarBeam,SludgeBomb,EarthPower,Protect|Modest||M|||50|]Charizard||CharizarditeY|Blaze|HeatWave,WeatherBall,HelpingHand,Protect|Bold||M|||50|]Garchomp||ChoiceScarf|RoughSkin|RockSlide,DragonClaw,Earthquake,StompingTantrum|Adamant||F|||50|]Annihilape||FocusSash|Defiant|PhantomForce,CloseCombat,RockTomb,Protect|Jolly||F|||50|]Incineroar||SitrusBerry|Intimidate|FlareBlitz,ThroatChop,PartingShot,FakeOut|Impish||F|||50|]Toxapex||Leftovers|Regenerator|Infestation,Toxic,WideGuard,BanefulBunker|Impish||F|||50|
|inactive|Battle timer is ON: inactive players will automatically lose when time's up. (requested by heycoachitsnate)
|
|t:|1785820844
|teamsize|p1|4
|teamsize|p2|4
|start
|switch|p1a: Delphox|Delphox, L50, F|100/100
|switch|p1b: Garchomp|Garchomp, L50, M|100/100
|switch|p2a: Annihilape|Annihilape, L50, F, shiny|100/100
|switch|p2b: Incineroar|Incineroar, L50, F|100/100
|-ability|p2b: Incineroar|Intimidate|boost
|-unboost|p1a: Delphox|atk|1
|-unboost|p1b: Garchomp|atk|1
|turn|1
|inactive|Madzisbadz has 30 seconds left.
|inactive|heycoachitsnate has 30 seconds left.
|inactive|Madzisbadz has 20 seconds left.
|inactive|Madzisbadz has 15 seconds left.
|inactive|Madzisbadz has 10 seconds left.
|inactive|Madzisbadz has 5 seconds left.
|
|t:|1785820894
|detailschange|p1a: Delphox|Delphox-Mega, L50, F
|-mega|p1a: Delphox|Delphox|Delphoxite
|move|p1a: Delphox|Psyshock|p2a: Annihilape
|-supereffective|p2a: Annihilape|1
|-enditem|p2a: Annihilape|Focus Sash
|-damage|p2a: Annihilape|1/100
|move|p1b: Garchomp|Earthquake|p2b: Incineroar|[spread] p2a,p2b
|-immune|p1a: Delphox|[from] ability: Levitate
|-supereffective|p2b: Incineroar|1
|-damage|p2a: Annihilape|0 fnt
|-damage|p2b: Incineroar|48/100
|-enditem|p2b: Incineroar|Sitrus Berry|[eat]
|-heal|p2b: Incineroar|73/100|[from] item: Sitrus Berry
|faint|p2a: Annihilape
|-damage|p1b: Garchomp|90/100|[from] item: Life Orb
|move|p2b: Incineroar|Parting Shot|p1b: Garchomp
|-unboost|p1b: Garchomp|atk|1
|-unboost|p1b: Garchomp|spa|1
|
|t:|1785820907
|switch|p2b: Garchomp|Garchomp, L50, F|100/100|[from] Parting Shot
|
|upkeep
|
|t:|1785820910
|switch|p2a: Incineroar|Incineroar, L50, F|73/100
|-ability|p2a: Incineroar|Intimidate|boost
|-unboost|p1a: Delphox|atk|1
|-unboost|p1b: Garchomp|atk|1
|turn|2
|
|t:|1785820930
|move|p1a: Delphox|Protect|p1a: Delphox
|-singleturn|p1a: Delphox|Protect
|move|p1b: Garchomp|Protect|p1b: Garchomp
|-singleturn|p1b: Garchomp|Protect
|move|p2b: Garchomp|Dragon Claw|p1b: Garchomp
|-activate|p1b: Garchomp|move: Protect
|move|p2a: Incineroar|Throat Chop|p1a: Delphox
|-activate|p1a: Delphox|move: Protect
|
|upkeep
|turn|3
|inactive|Madzisbadz has 30 seconds left.
|
|t:|1785820959
|switch|p1a: Incineroar|Incineroar, L50, F|100/100
|-ability|p1a: Incineroar|Intimidate|boost
|-unboost|p2a: Incineroar|atk|1
|-unboost|p2b: Garchomp|atk|1
|switch|p1b: Sneasler|Sneasler, L50, M|100/100
|switch|p2a: Charizard|Charizard, L50, M, shiny|100/100
|move|p2b: Garchomp|Dragon Claw|p1b: Sneasler
|-damage|p1b: Sneasler|54/100
|
|upkeep
|turn|4
|inactive|Madzisbadz has 30 seconds left.
|inactive|Madzisbadz has 20 seconds left.
|inactive|Madzisbadz has 15 seconds left.
|inactive|Madzisbadz has 10 seconds left.
|
|t:|1785821009
|switch|p2b: Incineroar|Incineroar, L50, F|73/100
|-ability|p2b: Incineroar|Intimidate|boost
|-unboost|p1a: Incineroar|atk|1
|-unboost|p1b: Sneasler|atk|1
|move|p2a: Charizard|Protect|p2a: Charizard
|-singleturn|p2a: Charizard|Protect
|move|p1a: Incineroar|Fake Out|p2b: Incineroar
|-damage|p2b: Incineroar|67/100
|move|p1b: Sneasler|Close Combat|p2b: Incineroar
|-supereffective|p2b: Incineroar|1
|-damage|p2b: Incineroar|1/100
|-unboost|p1b: Sneasler|def|1
|-unboost|p1b: Sneasler|spd|1
|
|upkeep
|turn|5
|inactive|Madzisbadz has 30 seconds left.
|
|t:|1785821038
|switch|p2b: Garchomp|Garchomp, L50, F|100/100
|detailschange|p2a: Charizard|Charizard-Mega-Y, L50, M, shiny
|-mega|p2a: Charizard|Charizard|Charizardite Y
|-weather|SunnyDay|[from] ability: Drought|[of] p2a: Charizard
|move|p1b: Sneasler|Poison Jab|p2b: Garchomp
|-resisted|p2b: Garchomp|1
|-damage|p2b: Garchomp|86/100
|-status|p2b: Garchomp|psn
|-damage|p1b: Sneasler|42/100|[from] ability: Rough Skin|[of] p2b: Garchomp
|move|p2a: Charizard|Heat Wave|p1b: Sneasler|[spread] p1a,p1b
|-resisted|p1a: Incineroar|1
|-crit|p1b: Sneasler
|-damage|p1a: Incineroar|77/100
|-damage|p1b: Sneasler|0 fnt
|faint|p1b: Sneasler
|move|p1a: Incineroar|Flare Blitz|p2b: Garchomp
|-resisted|p2b: Garchomp|1
|-damage|p2b: Garchomp|63/100 psn
|-damage|p1a: Incineroar|64/100|[from] ability: Rough Skin|[of] p2b: Garchomp
|-damage|p1a: Incineroar|57/100|[from] Recoil
|
|-weather|SunnyDay|[upkeep]
|-damage|p2b: Garchomp|51/100 psn|[from] psn
|upkeep
|inactive|Madzisbadz has 30 seconds left.
|
|t:|1785821070
|switch|p1b: Delphox|Delphox-Mega, L50, F|100/100
|turn|6
|inactive|Madzisbadz has 30 seconds left.
|
|t:|1785821099
|switch|p1a: Garchomp|Garchomp, L50, M|90/100
|move|p1b: Delphox|Protect|p1b: Delphox
|-singleturn|p1b: Delphox|Protect
|move|p2b: Garchomp|Rock Slide|p1b: Delphox|[spread] p1a
|-activate|p1b: Delphox|move: Protect
|-resisted|p1a: Garchomp|1
|-crit|p1a: Garchomp
|-damage|p1a: Garchomp|74/100
|move|p2a: Charizard|Heat Wave|p1b: Delphox|[spread] p1a
|-activate|p1b: Delphox|move: Protect
|-resisted|p1a: Garchomp|1
|-damage|p1a: Garchomp|44/100
|
|-weather|SunnyDay|[upkeep]
|-damage|p2b: Garchomp|39/100 psn|[from] psn
|upkeep
|turn|7
|
|t:|1785821117
|switch|p2a: Incineroar|Incineroar, L50, F|1/100
|-ability|p2a: Incineroar|Intimidate|boost
|-unboost|p1a: Garchomp|atk|1
|-unboost|p1b: Delphox|atk|1
|move|p2b: Garchomp|Rock Slide|p1a: Garchomp|[spread] p1a,p1b
|-resisted|p1a: Garchomp|1
|-supereffective|p1b: Delphox|1
|-damage|p1a: Garchomp|34/100
|-damage|p1b: Delphox|55/100
|move|p1b: Delphox|Heat Wave|p2b: Garchomp|[spread] p2a,p2b
|-resisted|p2a: Incineroar|1
|-resisted|p2b: Garchomp|1
|-damage|p2a: Incineroar|0 fnt
|-damage|p2b: Garchomp|12/100 psn
|faint|p2a: Incineroar
|move|p1a: Garchomp|Rock Slide|p2b: Garchomp
|-resisted|p2b: Garchomp|1
|-damage|p2b: Garchomp|2/100 psn
|-damage|p1a: Garchomp|24/100|[from] item: Life Orb
|
|-weather|SunnyDay|[upkeep]
|-damage|p2b: Garchomp|0 fnt|[from] psn
|faint|p2b: Garchomp
|upkeep
|
|t:|1785821128
|switch|p2b: Charizard|Charizard-Mega-Y, L50, M, shiny|100/100
|turn|8
|
|t:|1785821144
|move|p1b: Delphox|Psyshock|p2b: Charizard
|-damage|p2b: Charizard|60/100
|move|p1a: Garchomp|Rock Slide|p2b: Charizard
|-supereffective|p2b: Charizard|2
|-damage|p2b: Charizard|0 fnt
|faint|p2b: Charizard
|-damage|p1a: Garchomp|15/100|[from] item: Life Orb
|
|win|Madzisbadz
