|j|☆MetaknightXIII
|j|☆sadnessvgc
|html|MetaknightXIIIsadnessvgc    
|uhtml|bestof|Game 1 of a best-of-3
|t:|1785643940
|gametype|doubles
|player|p1|MetaknightXIII|veteran|1324
|player|p2|sadnessvgc|chase|1251
|gen|9
|tier|[Gen 9 Champions] VGC 2026 Reg M-B (Bo3)
|rated|
|rule|Species Clause: Limit one of each Pokémon
|rule|Item Clause: Limit 1 of each item
|clearpoke
|poke|p1|Staraptor, L50, M|
|poke|p1|Delphox, L50, M, shiny|
|poke|p1|Glimmora, L50, M|
|poke|p1|Mamoswine, L50, M|
|poke|p1|Kingambit, L50, F|
|poke|p1|Whimsicott, L50, M|
|poke|p2|Floette-Eternal, L50, F|
|poke|p2|Whimsicott, L50, M, shiny|
|poke|p2|Garchomp, L50, F, shiny|
|poke|p2|Kingambit, L50, M, shiny|
|poke|p2|Basculegion, L50, M, shiny|
|poke|p2|Charizard, L50, M, shiny|
|teampreview|4
|showteam|p1|Staraptor||Staraptite|Intimidate|CloseCombat,DualWingbeat,Roost,Protect|Jolly||M|||50|]Delphox||Delphoxite|Blaze|HeatWave,Psychic,Encore,Protect|Modest||M|||50|]Glimmora||FocusSash|ToxicDebris|PowerGem,SludgeBomb,EarthPower,SpikyShield|Timid||M|||50|]Mamoswine||LifeOrb|Oblivious|IceShard,HighHorsepower,Earthquake,Protect|Jolly||M|||50|]Kingambit||ChopleBerry|Defiant|KowtowCleave,SuckerPunch,IronHead,LowKick|Adamant||F|||50|]Whimsicott||OccaBerry|Prankster|Moonblast,Tailwind,Charm,LightScreen|Timid||M|||50|
|showteam|p2|Floette-Eternal||Floettite|FlowerVeil|DazzlingGleam,Moonblast,Protect,LightofRuin|Timid||F|||50|]Whimsicott||FocusSash|Prankster|Moonblast,Protect,Encore,Tailwind|Timid||M|||50|]Garchomp||RoseliBerry|RoughSkin|Earthquake,DragonClaw,PoisonJab,RockSlide|Jolly||F|||50|]Kingambit||ChopleBerry|Defiant|KowtowCleave,LowKick,SuckerPunch,IronHead|Adamant||M|||50|]Basculegion||LifeOrb|Adaptability|LastRespects,WaveCrash,AquaJet,Protect|Adamant||M|||50|]Charizard||CharizarditeY|Blaze|HeatWave,WeatherBall,SolarBeam,Protect|Modest||M|||50|
|inactive|Battle timer is ON: inactive players will automatically lose when time's up. (requested by sadnessvgc)
|inactive|sadnessvgc has 60 seconds left.
|inactive|sadnessvgc has 30 seconds left.
|inactive|sadnessvgc has 20 seconds left.
|inactive|sadnessvgc has 15 seconds left.
|inactive|sadnessvgc has 10 seconds left.
|inactive|sadnessvgc has 5 seconds left.
|
|t:|1785644037
|teamsize|p1|4
|teamsize|p2|4
|start
|switch|p1a: Staraptor|Staraptor, L50, M|100/100
|switch|p1b: Glimmora|Glimmora, L50, M|100/100
|switch|p2a: Whimsicott|Whimsicott, L50, M, shiny|100/100
|switch|p2b: Floette|Floette-Eternal, L50, F|100/100
|-ability|p1a: Staraptor|Intimidate|boost
|-block|p2a: Whimsicott|ability: Flower Veil|[of] p2b: Floette
|-unboost|p2b: Floette|atk|1
|turn|1
|inactive|MetaknightXIII has 30 seconds left.
|
|t:|1785644064
|detailschange|p1a: Staraptor|Staraptor-Mega, L50, M
|-mega|p1a: Staraptor|Staraptor|Staraptite
|detailschange|p2b: Floette|Floette-Mega, L50, F
|-mega|p2b: Floette|Floette|Floettite
|-ability|p2b: Floette|Fairy Aura
|move|p2a: Whimsicott|Tailwind|p2a: Whimsicott
|-sidestart|p2: sadnessvgc|move: Tailwind
|move|p2b: Floette|Dazzling Gleam|p1a: Staraptor|[spread] p1a,p1b
|-supereffective|p1a: Staraptor|1
|-resisted|p1b: Glimmora|1
|-damage|p1a: Staraptor|12/100
|-damage|p1b: Glimmora|67/100
|move|p1a: Staraptor|Dual Wingbeat|p2a: Whimsicott
|-supereffective|p2a: Whimsicott|1
|-damage|p2a: Whimsicott|43/100
|-supereffective|p2a: Whimsicott|1
|-damage|p2a: Whimsicott|0 fnt
|faint|p2a: Whimsicott
|-hitcount|p2: Whimsicott|2
|move|p1b: Glimmora|Sludge Bomb|p2b: Floette
|-supereffective|p2b: Floette|1
|-damage|p2b: Floette|26/100
|
|upkeep
|
|t:|1785644081
|switch|p2a: Garchomp|Garchomp, L50, F, shiny|100/100
|turn|2
|
|t:|1785644098
|move|p1a: Staraptor|Protect|p1a: Staraptor
|-singleturn|p1a: Staraptor|Protect
|move|p2b: Floette|Moonblast|p1b: Glimmora
|-resisted|p1b: Glimmora|1
|-damage|p1b: Glimmora|20/100y
|move|p2a: Garchomp|Rock Slide|p1a: Staraptor|[spread] p1b
|-activate|p1a: Staraptor|move: Protect
|-damage|p1b: Glimmora|0 fnt
|-activate|p1b: Glimmora|ability: Toxic Debris
|-sidestart|p2: sadnessvgc|move: Toxic Spikes
|faint|p1b: Glimmora
|
|upkeep
|
|t:|1785644111
|switch|p1b: Mamoswine|Mamoswine, L50, M|100/100
|turn|3
|
|t:|1785644129
|switch|p2a: Basculegion|Basculegion, L50, M, shiny|100/100
|-status|p2a: Basculegion|psn
|move|p1b: Mamoswine|Ice Shard|p2b: Floette
|-damage|p2b: Floette|0 fnt
|faint|p2b: Floette
|-damage|p1b: Mamoswine|90/100|[from] item: Life Orb
|move|p1a: Staraptor|Close Combat|p2a: Basculegion
|-immune|p2a: Basculegion
|
|-damage|p2a: Basculegion|87/100 psn|[from] psn
|upkeep
|
|t:|1785644138
|switch|p2b: Garchomp|Garchomp, L50, F, shiny|100/100
|-status|p2b: Garchomp|psn
|turn|4
|
|t:|1785644145
|move|p1a: Staraptor|Protect|p1a: Staraptor
|-singleturn|p1a: Staraptor|Protect
|move|p1b: Mamoswine|Protect|p1b: Mamoswine
|-singleturn|p1b: Mamoswine|Protect
|move|p2a: Basculegion|Aqua Jet|p1b: Mamoswine
|-activate|p1b: Mamoswine|move: Protect
|move|p2b: Garchomp|Rock Slide|p1b: Mamoswine|[spread] 
|-activate|p1a: Staraptor|move: Protect
|-activate|p1b: Mamoswine|move: Protect
|
|-damage|p2b: Garchomp|87/100 psn|[from] psn
|-damage|p2a: Basculegion|75/100 psn|[from] psn
|-sideend|p2: sadnessvgc|move: Tailwind
|upkeep
|turn|5
|
|t:|1785644160
|move|p1b: Mamoswine|Ice Shard|p2b: Garchomp
|-supereffective|p2b: Garchomp|2
|-damage|p2b: Garchomp|0 fnt
|faint|p2b: Garchomp
|-damage|p1b: Mamoswine|80/100|[from] item: Life Orb
|move|p1a: Staraptor|Roost|p1a: Staraptor
|-heal|p1a: Staraptor|62/100
|-singleturn|p1a: Staraptor|move: Roost
|move|p2a: Basculegion|Wave Crash|p1b: Mamoswine
|-supereffective|p1b: Mamoswine|1
|-damage|p1b: Mamoswine|0 fnt
|faint|p1b: Mamoswine
|-damage|p2a: Basculegion|50/100g psn|[from] Recoil
|-damage|p2a: Basculegion|41/100 psn|[from] item: Life Orb
|
|-damage|p2a: Basculegion|29/100 psn|[from] psn
|upkeep
|
|t:|1785644170
|switch|p1b: Kingambit|Kingambit, L50, F|100/100
|turn|6
|-message|sadnessvgc forfeited.
|
|win|MetaknightXIII
||MetaknightXIII is ready for game 2.
||sadnessvgc is ready for game 2.
|uhtml|next|Next: Game 2 of 3
