|j|☆CretaceousDraconid
|j|☆ScottyNZ
|html|CretaceousDraconidScottyNZ    
|uhtml|bestof|Game 2 of a best-of-3
|t:|1757751845
|gametype|doubles
|player|p1|CretaceousDraconid|zinnia-masters|
|player|p2|ScottyNZ|265|
|gen|9
|tier|[Gen 9] VGC 2025 Reg H (Bo3)
|rule|Species Clause: Limit one of each Pokémon
|rule|Item Clause: Limit 1 of each item
|clearpoke
|poke|p1|Whimsicott, L50, M|
|poke|p1|Incineroar, L50, M|
|poke|p1|Salamence, L50, M|
|poke|p1|Garchomp, L50, F|
|poke|p1|Sneasler, L50, M|
|poke|p1|Decidueye-Hisui, L50, F|
|poke|p2|Tatsugiri, L50, M|
|poke|p2|Dondozo, L50, F|
|poke|p2|Sneasler, L50, M|
|poke|p2|Indeedee, L50, M|
|poke|p2|Talonflame, L50, M|
|poke|p2|Glimmora, L50, F|
|teampreview|4
|showteam|p1|Whimsicott||CovertCloak|Prankster|Tailwind,Moonblast,Encore,Taunt|||M|||50|,,,,,Water]Incineroar||SafetyGoggles|Intimidate|FakeOut,Taunt,PartingShot,KnockOff|||M|||50|,,,,,Ghost]Salamence||ChoiceSpecs|Intimidate|Hurricane,HeatWave,DracoMeteor,HydroPump|||M|||50|,,,,,Fire]Garchomp||LoadedDice|RoughSkin|StompingTantrum,Earthquake,ScaleShot,Protect|||F|||50|,,,,,Ghost]Sneasler||FocusSash|PoisonTouch|DireClaw,CloseCombat,Coaching,Protect|||M|||50|,,,,,Fairy]Decidueye-Hisui||ScopeLens|Scrappy|TripleArrows,Protect,LeafBlade,DualWingbeat|||F|||50|,,,,,Flying
|showteam|p2|Tatsugiri||ChoiceScarf|Commander|MuddyWater,IcyWind,Taunt,DracoMeteor|||M|||50|,,,,,Steel]Dondozo||Leftovers|Unaware|Protect,Earthquake,OrderUp,WaveCrash|||F|||50|,,,,,Poison]Sneasler||PsychicSeed|Unburden|CloseCombat,DireClaw,Protect,ThroatChop|||M|||50|,,,,,Dark]Indeedee||FocusSash|PsychicSurge|Imprison,TrickRoom,ExpandingForce,Protect|||M|||50|,,,,,Psychic]Talonflame||CovertCloak|GaleWings|Tailwind,WillOWisp,FlareBlitz,DualWingbeat|||M|||50|,,,,,Steel]Glimmora||PowerHerb|ToxicDebris|EarthPower,SludgeBomb,SpikyShield,MeteorBeam|||F|||50|,,,,,Grass
|j| arrascaxeira
|j| neonkarearea
|
|t:|1757751880
|teamsize|p1|4
|teamsize|p2|4
|start
|switch|p1a: Garchomp|Garchomp, L50, F|100/100
|switch|p1b: Whimsicott|Whimsicott, L50, M|100/100
|switch|p2a: Talonflame|Talonflame, L50, M|100/100
|switch|p2b: Glimmora|Glimmora, L50, F|100/100
|turn|1
|
|t:|1757751967
|move|p1b: Whimsicott|Tailwind|p1b: Whimsicott
|-sidestart|p1: CretaceousDraconid|move: Tailwind
|move|p1a: Garchomp|Scale Shot|p2a: Talonflame|[miss]
|-miss|p1a: Garchomp|p2a: Talonflame
|move|p2a: Talonflame|Will-O-Wisp|p1a: Garchomp
|-status|p1a: Garchomp|brn
|move|p2b: Glimmora|Sludge Bomb|p1b: Whimsicott
|-supereffective|p1b: Whimsicott
|-damage|p1b: Whimsicott|0 fnt
|faint|p1b: Whimsicott
|
|-damage|p1a: Garchomp|94/100 brn|[from] brn
|upkeep
|
|t:|1757751976
|switch|p1b: TheFuckYouGuy|Sneasler, L50, M|100/100
|turn|2
|c|☆ScottyNZ|unlucky
|l| neonkarearea
|
|t:|1757751995
|-terastallize|p1b: TheFuckYouGuy|Fairy
|move|p2a: Talonflame|Tailwind|p2a: Talonflame
|-sidestart|p2: ScottyNZ|move: Tailwind
|move|p1b: TheFuckYouGuy|Dire Claw|p2a: Talonflame
|-damage|p2a: Talonflame|33/100
|move|p1a: Garchomp|Stomping Tantrum|p2b: Glimmora
|-supereffective|p2b: Glimmora
|-damage|p2b: Glimmora|0 fnt
|-activate|p2b: Glimmora|ability: Toxic Debris
|-sidestart|p1: CretaceousDraconid|move: Toxic Spikes
|faint|p2b: Glimmora
|
|-damage|p1a: Garchomp|88/100 brn|[from] brn
|upkeep
|
|t:|1757752009
|switch|p2b: Dondozo|Dondozo, L50, F|100/100
|turn|3
|
|t:|1757752024
|switch|p1a: Salamence|Salamence, L50, M|100/100
|-ability|p1a: Salamence|Intimidate|boost
|-unboost|p2a: Talonflame|atk|1
|-unboost|p2b: Dondozo|atk|1
|move|p2b: Dondozo|Protect|p2b: Dondozo
|-singleturn|p2b: Dondozo|Protect
|move|p2a: Talonflame|Flare Blitz|p1b: TheFuckYouGuy
|-damage|p1b: TheFuckYouGuy|53/100
|-damage|p2a: Talonflame|17/100|[from] Recoil
|move|p1b: TheFuckYouGuy|Coaching|p1a: Salamence
|-boost|p1a: Salamence|atk|1
|-boost|p1a: Salamence|def|1
|
|upkeep
|turn|4
|j| neonkarearea
|
|t:|1757752043
|switch|p2a: Tatsugiri|Tatsugiri, L50, M|100/100
|-activate|p2a: Tatsugiri|ability: Commander|[of] p2b: Dondozo
|-boost|p2b: Dondozo|atk|2
|-boost|p2b: Dondozo|spa|2
|-boost|p2b: Dondozo|spe|2
|-boost|p2b: Dondozo|def|2
|-boost|p2b: Dondozo|spd|2
|move|p2b: Dondozo|Order Up|p1a: Salamence
|-supereffective|p1a: Salamence
|-damage|p1a: Salamence|30/100
|-boost|p2b: Dondozo|atk|1
|move|p1b: TheFuckYouGuy|Dire Claw|p2a: Tatsugiri|[miss]
|-miss|p1b: TheFuckYouGuy|p2a: Tatsugiri
|move|p1a: Salamence|Hurricane|p2b: Dondozo
|-damage|p2b: Dondozo|62/100
|-start|p2b: Dondozo|confusion
|
|-heal|p2b: Dondozo|68/100|[from] item: Leftovers
|-sideend|p1: CretaceousDraconid|move: Tailwind
|upkeep
|turn|5
|c|☆CretaceousDraconid|sorry
|c| arrascaxeira|Rnjesus christ
|
|t:|1757752086
|-activate|p2b: Dondozo|confusion
|move|p2b: Dondozo|Wave Crash|p1b: TheFuckYouGuy
|-damage|p1b: TheFuckYouGuy|0 fnt
|faint|p1b: TheFuckYouGuy
|-damage|p2b: Dondozo|56/100|[from] Recoil
|move|p1a: Salamence|Hurricane|p2b: Dondozo
|-damage|p2b: Dondozo|20/100
|
|-heal|p2b: Dondozo|27/100|[from] item: Leftovers
|-sideend|p2: ScottyNZ|move: Tailwind
|upkeep
|
|t:|1757752093
|switch|p1b: Garchomp|Garchomp, L50, F|88/100 brn
|turn|6
|
|t:|1757752116
|-activate|p2b: Dondozo|confusion
|move|p2b: Dondozo|Protect|p2b: Dondozo
|-singleturn|p2b: Dondozo|Protect
|move|p1b: Garchomp|Scale Shot|p2b: Dondozo
|-activate|p2b: Dondozo|move: Protect
|move|p1a: Salamence|Hurricane|p2b: Dondozo
|-activate|p2b: Dondozo|move: Protect
|
|-heal|p2b: Dondozo|33/100|[from] item: Leftovers
|-damage|p1b: Garchomp|82/100 brn|[from] brn
|upkeep
|turn|7
|
|t:|1757752130
|-activate|p2b: Dondozo|confusion
|move|p2b: Dondozo|Order Up|p1a: Salamence
|-supereffective|p1a: Salamence
|-damage|p1a: Salamence|0 fnt
|faint|p1a: Salamence
|-boost|p2b: Dondozo|atk|1
|move|p1b: Garchomp|Scale Shot|p2b: Dondozo
|-damage|p2b: Dondozo|30/100
|-damage|p2b: Dondozo|27/100
|-damage|p2b: Dondozo|25/100
|-damage|p2b: Dondozo|22/100
|-hitcount|p2b: Dondozo|4
|-unboost|p1b: Garchomp|def|1
|-boost|p1b: Garchomp|spe|1
|
|-heal|p2b: Dondozo|28/100|[from] item: Leftovers
|-damage|p1b: Garchomp|76/100 brn|[from] brn
|upkeep
|turn|8
|
|t:|1757752146
|-activate|p2b: Dondozo|confusion
|-damage|p2b: Dondozo|20/100|[from] confusion
|move|p1b: Garchomp|Scale Shot|p2b: Dondozo
|-damage|p2b: Dondozo|17/100
|-damage|p2b: Dondozo|14/100
|-damage|p2b: Dondozo|12/100
|-damage|p2b: Dondozo|9/100
|-hitcount|p2b: Dondozo|4
|-unboost|p1b: Garchomp|def|1
|-boost|p1b: Garchomp|spe|1
|
|-heal|p2b: Dondozo|16/100|[from] item: Leftovers
|-damage|p1b: Garchomp|70/100 brn|[from] brn
|upkeep
|turn|9
|
|t:|1757752164
|move|p1b: Garchomp|Scale Shot|p2b: Dondozo
|-damage|p2b: Dondozo|13/100
|-damage|p2b: Dondozo|10/100
|-damage|p2b: Dondozo|8/100
|-damage|p2b: Dondozo|5/100
|-damage|p2b: Dondozo|3/100
|-hitcount|p2b: Dondozo|5
|-unboost|p1b: Garchomp|def|1
|-boost|p1b: Garchomp|spe|1
|-end|p2b: Dondozo|confusion
|move|p2b: Dondozo|Order Up|p1b: Garchomp
|-supereffective|p1b: Garchomp
|-damage|p1b: Garchomp|0 fnt
|faint|p1b: Garchomp
|
|win|ScottyNZ
||CretaceousDraconid is ready for game 3.
|inactive|ScottyNZ has 30 seconds to confirm battle start!
||ScottyNZ is ready for game 3.
|uhtml|next|Next: Game 3 of 3
|l| arrascaxeira
|l|☆CretaceousDraconid
|player|p1|
|j|☆CretaceousDraconid
|player|p1|CretaceousDraconid|zinnia-masters|
