|j|☆epic17x
|j|☆Shishio_Ax
|html|epic17xShishio_Ax    
|uhtml|bestof|Game 3 of a best-of-3
|t:|1756570850
|gametype|doubles
|player|p1|epic17x|steven|1338
|player|p2|Shishio_Ax|gambler|1408
|gen|9
|tier|[Gen 9] VGC 2025 Reg H (Bo3)
|rated|
|rule|Species Clause: Limit one of each Pokémon
|rule|Item Clause: Limit 1 of each item
|clearpoke
|poke|p1|Ninetales-Alola, L50, F|
|poke|p1|Magmar, L50, M|
|poke|p1|Sneasler, L50, F|
|poke|p1|Kingambit, L50, F|
|poke|p1|Gothitelle, L50, M|
|poke|p1|Gengar, L50, F|
|poke|p2|Charizard, L50, M|
|poke|p2|Dragapult, L50, M|
|poke|p2|Sneasler, L50, F|
|poke|p2|Archaludon, L50, M|
|poke|p2|Ursaluna-Bloodmoon, L50, M|
|poke|p2|Whimsicott, L50, F|
|teampreview|4
|showteam|p1|Ninetales-Alola||NeverMeltIce|SnowWarning|Blizzard,FreezeDry,Encore,Protect|||F|||50|,,,,,Ghost]Magmar||Eviolite|VitalSpirit|Protect,HeatWave,WillOWisp,FollowMe|||M|||50|,,,,,Ghost]Sneasler||FocusSash|PoisonTouch|FakeOut,DireClaw,CloseCombat,Protect|||F|||50|,,,,,Ghost]Kingambit||BlackGlasses|Defiant|KowtowCleave,SwordsDance,SuckerPunch,Protect|||F|||50|,,,,,Fire]Gothitelle||SitrusBerry|ShadowTag|FakeOut,Taunt,Psychic,Protect|||M|||50|,,,,,Dark]Gengar||MentalHerb|CursedBody|PerishSong,Encore,Disable,Protect|||F|||50|,,,,,Dark
|showteam|p2|Charizard||ChoiceSpecs|SolarPower|HeatWave,Overheat,WeatherBall,SolarBeam|||M|||50|,,,,,Ghost]Dragapult||ChoiceBand|ClearBody|DragonDarts,Outrage,PhantomForce,Uturn|||M|||50|,,,,,Dragon]Sneasler||FocusSash|Unburden|DireClaw,CloseCombat,ThroatChop,Protect|||F|||50|,,,,,Dark]Archaludon||PowerHerb|Sturdy|ElectroShot,Thunderbolt,FlashCannon,Protect|||M|||50|,,,,,Electric]Ursaluna-Bloodmoon||LifeOrb|MindsEye|BloodMoon,HyperVoice,EarthPower,Protect|||M|||50|,,,,,Normal]Whimsicott||CovertCloak|Prankster|Moonblast,Tailwind,Encore,SunnyDay|||F|||50|,,,,,Poison
|inactive|Battle timer is ON: inactive players will automatically lose when time's up. (requested by epic17x)
|inactive|Shishio_Ax has 60 seconds left.
|
|t:|1756570890
|teamsize|p1|4
|teamsize|p2|4
|start
|switch|p1a: Sneasler|Sneasler, L50, F|100/100
|switch|p1b: Kingambit|Kingambit, L50, F|100/100
|switch|p2a: Geryon|Archaludon, L50, M|100/100
|switch|p2b: Mary|Whimsicott, L50, F|100/100
|turn|1
|
|t:|1756570896
|move|p2a: Geryon|Protect|p2a: Geryon
|-singleturn|p2a: Geryon|Protect
|move|p1a: Sneasler|Fake Out|p2a: Geryon
|-activate|p2a: Geryon|move: Protect
|move|p2b: Mary|Tailwind|p2b: Mary
|-sidestart|p2: Shishio_Ax|move: Tailwind
|move|p1b: Kingambit|Swords Dance|p1b: Kingambit
|-boost|p1b: Kingambit|atk|2
|
|upkeep
|turn|2
|
|t:|1756570915
|switch|p1a: Magmar|Magmar, L50, M|100/100
|-terastallize|p2a: Geryon|Electric
|move|p2b: Mary|Moonblast|p1a: Magmar
|-resisted|p1a: Magmar
|-damage|p1a: Magmar|90/100
|move|p2a: Geryon|Electro Shot||[still]
|-prepare|p2a: Geryon|Electro Shot
|-boost|p2a: Geryon|spa|1
|-enditem|p2a: Geryon|Power Herb
|-anim|p2a: Geryon|Electro Shot|p1a: Magmar
|-damage|p1a: Magmar|5/100
|move|p1b: Kingambit|Kowtow Cleave|p2a: Geryon
|-ability|p2a: Geryon|Sturdy
|-damage|p2a: Geryon|1/100
|
|upkeep
|turn|3
|
|t:|1756570938
|move|p1b: Kingambit|Sucker Punch|p2a: Geryon
|-damage|p2a: Geryon|0 fnt
|faint|p2a: Geryon
|move|p2b: Mary|Moonblast|p1a: Magmar
|-resisted|p1a: Magmar
|-damage|p1a: Magmar|0 fnt
|faint|p1a: Magmar
|
|upkeep
|
|t:|1756570944
|switch|p2a: Shāhmat|Ursaluna-Bloodmoon, L50, M|100/100
|switch|p1a: Sneasler|Sneasler, L50, F|100/100
|turn|4
|
|t:|1756570952
|switch|p2b: D'oro|Sneasler, L50, F|100/100
|move|p2a: Shāhmat|Protect|p2a: Shāhmat
|-singleturn|p2a: Shāhmat|Protect
|move|p1a: Sneasler|Fake Out|p2a: Shāhmat
|-activate|p2a: Shāhmat|move: Protect
|move|p1b: Kingambit|Kowtow Cleave|p2b: D'oro
|-resisted|p2b: D'oro
|-enditem|p2b: D'oro|Focus Sash
|-damage|p2b: D'oro|1/100
|
|-sideend|p2: Shishio_Ax|move: Tailwind
|upkeep
|turn|5
|
|t:|1756570973
|switch|p2a: Mary|Whimsicott, L50, F|100/100
|move|p1b: Kingambit|Sucker Punch|p2b: D'oro
|-resisted|p2b: D'oro
|-damage|p2b: D'oro|0 fnt
|faint|p2b: D'oro
|move|p1a: Sneasler|Close Combat|p2a: Mary
|-resisted|p2a: Mary
|-damage|p2a: Mary|60/100
|-unboost|p1a: Sneasler|def|1
|-unboost|p1a: Sneasler|spd|1
|
|upkeep
|
|t:|1756570979
|switch|p2b: Shāhmat|Ursaluna-Bloodmoon, L50, M|100/100
|turn|6
|
|t:|1756570986
|move|p2a: Mary|Tailwind|p2a: Mary
|-sidestart|p2: Shishio_Ax|move: Tailwind
|move|p1b: Kingambit|Sucker Punch|p2b: Shāhmat
|-damage|p2b: Shāhmat|21/100
|move|p2b: Shāhmat|Earth Power|p1b: Kingambit
|-supereffective|p1b: Kingambit
|-damage|p1b: Kingambit|0 fnt
|faint|p1b: Kingambit
|-damage|p2b: Shāhmat|12/100|[from] item: Life Orb
|move|p1a: Sneasler|Close Combat|p2b: Shāhmat
|-supereffective|p2b: Shāhmat
|-damage|p2b: Shāhmat|0 fnt
|-unboost|p1a: Sneasler|def|1
|-unboost|p1a: Sneasler|spd|1
|faint|p2b: Shāhmat
|
|upkeep
|
|t:|1756570991
|switch|p1b: Ninetales|Ninetales-Alola, L50, F|100/100
|-weather|Snowscape|[from] ability: Snow Warning|[of] p1b: Ninetales
|turn|7
|-message|Shishio_Ax forfeited.
|
|win|epic17x
|raw|epic17x's rating: 1338 → 1362(+24 for winning)
|raw|Shishio_Ax's rating: 1408 → 1384(-24 for losing)
|l|☆Shishio_Ax
|player|p2|
