|j|☆Thiaguitoomencito
|j|☆FLIGHT30FLIGHT4
|html|ThiaguitoomencitoFLIGHT30FLIGHT4    
|uhtml|bestof|Game 3 of a best-of-3
|t:|1757128210
|gametype|doubles
|player|p1|Thiaguitoomencito|steven|1027
|player|p2|FLIGHT30FLIGHT4|101|1040
|gen|9
|tier|[Gen 9] VGC 2025 Reg H (Bo3)
|rated|
|rule|Species Clause: Limit one of each Pokémon
|rule|Item Clause: Limit 1 of each item
|clearpoke
|poke|p1|Sneasler, L50, F|
|poke|p1|Ceruledge, L50, F|
|poke|p1|Dragonite, L50, F|
|poke|p1|Dondozo, L50, F|
|poke|p1|Kingambit, L50, F|
|poke|p1|Rillaboom, L50, M|
|poke|p2|Ursaluna-Bloodmoon, L50, M|
|poke|p2|Clefable, L50, F|
|poke|p2|Rillaboom, L50, F|
|poke|p2|Porygon2, L50|
|poke|p2|Gholdengo, L50|
|poke|p2|Sneasler, L50, F|
|teampreview|4
|showteam|p1|Sneasler||FocusSash|Unburden|CloseCombat,DireClaw,Coaching,FakeOut|||F|||50|,,,,,Ghost]Ceruledge||SitrusBerry|FlashFire|Protect,BitterBlade,ShadowSneak,BulkUp|||F|||50|,,,,,Grass]Dragonite||LoadedDice|Multiscale|Protect,ScaleShot,Haze,ExtremeSpeed|||F|||50|,,,,,Fairy]Dondozo||Leftovers|Unaware|Liquidation,Fissure,Yawn,Protect|||F|||50|,,,,,Poison]Kingambit||AssaultVest|Defiant|KowtowCleave,SuckerPunch,IronHead,TeraBlast|||F|||50|,,,,,Flying]Rillaboom||MiracleSeed|GrassySurge|WoodHammer,GrassyGlide,HighHorsepower,FakeOut|||M|||50|,,,,,Fire
|showteam|p2|Ursaluna-Bloodmoon||AssaultVest|MindsEye|BloodMoon,EarthPower,HyperBeam,VacuumWave|||M|||50|,,,,,Grass]Clefable||RockyHelmet|Unaware|Moonblast,IcyWind,FollowMe,Protect|||F|||50|,,,,,Water]Rillaboom||ChoiceBand|GrassySurge|GrassyGlide,WoodHammer,Uturn,HighHorsepower|||F|||50|,,,,,Grass]Porygon2||Eviolite|Download|TeraBlast,IceBeam,Recover,TrickRoom||||||50|,,,,,Flying]Gholdengo||LifeOrb|GoodasGold|MakeItRain,ShadowBall,NastyPlot,Protect||||||50|,,,,,Water]Sneasler||GrassySeed|Unburden|DireClaw,CloseCombat,Protect,Acrobatics|||F|||50|,,,,,Flying
|j| frankina
|
|t:|1757128241
|teamsize|p1|4
|teamsize|p2|4
|start
|switch|p1a: Sneasler|Sneasler, L50, F|100/100
|switch|p1b: Ceruledge|Ceruledge, L50, F|100/100
|switch|p2a: Rillaboom|Rillaboom, L50, F|100/100
|switch|p2b: Clefable|Clefable, L50, F|100/100
|-fieldstart|move: Grassy Terrain|[from] ability: Grassy Surge|[of] p2a: Rillaboom
|turn|1
|
|t:|1757128262
|-terastallize|p2b: Clefable|Water
|move|p2b: Clefable|Follow Me|p2b: Clefable
|-singleturn|p2b: Clefable|move: Follow Me
|move|p1a: Sneasler|Coaching|p1b: Ceruledge
|-boost|p1b: Ceruledge|atk|1
|-boost|p1b: Ceruledge|def|1
|move|p2a: Rillaboom|High Horsepower|p1b: Ceruledge
|-supereffective|p1b: Ceruledge
|-damage|p1b: Ceruledge|16/100
|-enditem|p1b: Ceruledge|Sitrus Berry|[eat]
|-heal|p1b: Ceruledge|41/100|[from] item: Sitrus Berry
|move|p1b: Ceruledge|Bitter Blade|p2b: Clefable
|-resisted|p2b: Clefable
|-damage|p2b: Clefable|77/100
|-heal|p1b: Ceruledge|53/100|[from] drain|[of] p2b: Clefable
|-damage|p1b: Ceruledge|37/100|[from] item: Rocky Helmet|[of] p2b: Clefable
|
|-heal|p1b: Ceruledge|43/100|[from] Grassy Terrain
|-heal|p2b: Clefable|84/100|[from] Grassy Terrain
|upkeep
|turn|2
|
|t:|1757128293
|move|p1b: Ceruledge|Protect|p1b: Ceruledge
|-singleturn|p1b: Ceruledge|Protect
|move|p2b: Clefable|Follow Me|p2b: Clefable
|-singleturn|p2b: Clefable|move: Follow Me
|move|p1a: Sneasler|Close Combat|p2b: Clefable
|-damage|p2b: Clefable|22/100
|-unboost|p1a: Sneasler|def|1
|-unboost|p1a: Sneasler|spd|1
|-damage|p1a: Sneasler|84/100|[from] item: Rocky Helmet|[of] p2b: Clefable
|move|p2a: Rillaboom|High Horsepower|p1a: Sneasler
|-supereffective|p1a: Sneasler
|-damage|p1a: Sneasler|0 fnt
|faint|p1a: Sneasler
|
|-heal|p1b: Ceruledge|49/100|[from] Grassy Terrain
|-heal|p2b: Clefable|29/100|[from] Grassy Terrain
|upkeep
|
|t:|1757128330
|switch|p1a: Dondozo|Dondozo, L50, F|100/100
|turn|3
|
|t:|1757128363
|-terastallize|p1b: Ceruledge|Grass
|move|p2b: Clefable|Follow Me|p2b: Clefable
|-singleturn|p2b: Clefable|move: Follow Me
|move|p2a: Rillaboom|High Horsepower|p1b: Ceruledge
|-resisted|p1b: Ceruledge
|-damage|p1b: Ceruledge|28/100
|move|p1b: Ceruledge|Bitter Blade|p2b: Clefable
|-resisted|p2b: Clefable
|-damage|p2b: Clefable|7/100
|-heal|p1b: Ceruledge|40/100|[from] drain|[of] p2b: Clefable
|-damage|p1b: Ceruledge|23/100|[from] item: Rocky Helmet|[of] p2b: Clefable
|move|p1a: Dondozo|Fissure|p2b: Clefable
|-damage|p2b: Clefable|0 fnt
|faint|p2b: Clefable
|-ohko
|
|-heal|p1b: Ceruledge|29/100|[from] Grassy Terrain
|upkeep
|
|t:|1757128368
|switch|p2b: Sneasler|Sneasler, L50, F|100/100
|-enditem|p2b: Sneasler|Grassy Seed
|-boost|p2b: Sneasler|def|1|[from] item: Grassy Seed
|turn|4
|
|t:|1757128421
|switch|p2a: Gholdengo|Gholdengo, L50|100/100
|move|p2b: Sneasler|Dire Claw|p1b: Ceruledge
|-supereffective|p1b: Ceruledge
|-damage|p1b: Ceruledge|0 fnt
|faint|p1b: Ceruledge
|move|p1a: Dondozo|Fissure|p2b: Sneasler|[miss]
|-miss|p1a: Dondozo|p2b: Sneasler
|
|upkeep
|
|t:|1757128429
|switch|p1b: Kingambit|Kingambit, L50, F|100/100
|turn|5
|
|t:|1757128449
|move|p2b: Sneasler|Close Combat|p1b: Kingambit
|-supereffective|p1b: Kingambit
|-damage|p1b: Kingambit|0 fnt
|-unboost|p2b: Sneasler|def|1
|-unboost|p2b: Sneasler|spd|1
|faint|p1b: Kingambit
|move|p2a: Gholdengo|Nasty Plot|p2a: Gholdengo
|-boost|p2a: Gholdengo|spa|2
|move|p1a: Dondozo|Fissure|p2b: Sneasler|[miss]
|-miss|p1a: Dondozo|p2b: Sneasler
|
|-fieldend|move: Grassy Terrain
|upkeep
|turn|6
|
|t:|1757128464
|move|p2b: Sneasler|Dire Claw|p1a: Dondozo
|-damage|p1a: Dondozo|73/100
|move|p2a: Gholdengo|Shadow Ball|p1a: Dondozo
|-damage|p1a: Dondozo|31/100
|-unboost|p1a: Dondozo|spd|1
|-damage|p2a: Gholdengo|91/100|[from] item: Life Orb
|move|p1a: Dondozo|Fissure|p2a: Gholdengo|[miss]
|-miss|p1a: Dondozo|p2a: Gholdengo
|
|-heal|p1a: Dondozo|38/100|[from] item: Leftovers
|upkeep
|turn|7
|
|t:|1757128476
|move|p2b: Sneasler|Dire Claw|p1a: Dondozo
|-damage|p1a: Dondozo|12/100
|move|p2a: Gholdengo|Shadow Ball|p1a: Dondozo
|-damage|p1a: Dondozo|0 fnt
|faint|p1a: Dondozo
|-damage|p2a: Gholdengo|81/100|[from] item: Life Orb
|
|win|FLIGHT30FLIGHT4
|raw|Thiaguitoomencito's rating: 1027 → 1013(-14 for losing)
|raw|FLIGHT30FLIGHT4's rating: 1040 → 1073(+33 for winning)
|l|☆FLIGHT30FLIGHT4
|player|p2|
