|j|☆natsukivgc
|j|☆jotikun
|html|natsukivgcjotikun    
|uhtml|bestof|Game 1 of a best-of-3
|t:|1786012619
|gametype|doubles
|player|p1|natsukivgc|101|
|player|p2|jotikun|depotagent|
|gen|9
|tier|[Gen 9 Champions] VGC 2026 Reg M-B (Bo3)
|rule|Species Clause: Limit one of each Pokémon
|rule|Item Clause: Limit 1 of each item
|clearpoke
|poke|p1|Garchomp, L50, F|
|poke|p1|Venusaur, L50, F|
|poke|p1|Incineroar, L50, F|
|poke|p1|Charizard, L50, F|
|poke|p1|Toxapex, L50, F|
|poke|p1|Annihilape, L50, F|
|poke|p2|Eelektross, L50, F|
|poke|p2|Espathra, L50, F|
|poke|p2|Garchomp, L50, M|
|poke|p2|Maushold-Four, L50|
|poke|p2|Aerodactyl, L50, F|
|poke|p2|Ninetales-Alola, L50, M|
|teampreview|4
|showteam|p1|Garchomp||ChoiceScarf|RoughSkin|Earthquake,DragonClaw,StompingTantrum,RockSlide|Adamant||F|||50|]Venusaur||LifeOrb|Chlorophyll|SolarBeam,SludgeBomb,EarthPower,Protect|Modest||F|||50|]Incineroar||SitrusBerry|Intimidate|FlareBlitz,ThroatChop,FakeOut,PartingShot|Impish||F|||50|]Charizard||CharizarditeY|Blaze|HeatWave,WeatherBall,Protect,SolarBeam|Modest||F|||50|]Toxapex||Leftovers|Regenerator|Infestation,Toxic,WideGuard,BanefulBunker|Bold||F|||50|]Annihilape||FocusSash|Defiant|CloseCombat,PhantomForce,RockTomb,Protect|Jolly||F|||50|
|showteam|p2|Eelektross||Eelektrossite|Levitate|Discharge,Flamethrower,GigaDrain,Protect|Modest||F|||50|]Espathra||SitrusBerry|SpeedBoost|CalmMind,BatonPass,Protect,LuminaCrash|Modest||F|||50|]Garchomp||LifeOrb|RoughSkin|Earthquake,RockSlide,DragonClaw,Protect|Jolly||M|||50|]Maushold-Four||FocusSash|FriendGuard|FollowMe,Protect,ThunderWave,Taunt|Timid|||||50|]Aerodactyl||WideLens|Unnerve|RockSlide,DualWingbeat,Tailwind,Protect|Jolly||F|||50|]Ninetales-Alola||LightClay|SnowWarning|AuroraVeil,Blizzard,IcyWind,Protect|Timid||M|||50|
|
|t:|1786012779
|teamsize|p1|4
|teamsize|p2|4
|start
|switch|p1a: Incineroar|Incineroar, L50, F|100/100
|switch|p1b: Garchomp|Garchomp, L50, F|100/100
|switch|p2a: Aerodactyl|Aerodactyl, L50, F|100/100
|switch|p2b: Espathra|Espathra, L50, F|100/100
|-ability|p2a: Aerodactyl|Unnerve
|-ability|p1a: Incineroar|Intimidate|boost
|-unboost|p2a: Aerodactyl|atk|1
|-unboost|p2b: Espathra|atk|1
|turn|1
|
|t:|1786012879
|move|p2a: Aerodactyl|Protect|p2a: Aerodactyl
|-singleturn|p2a: Aerodactyl|Protect
|move|p2b: Espathra|Protect|p2b: Espathra
|-singleturn|p2b: Espathra|Protect
|move|p1b: Garchomp|Rock Slide|p2a: Aerodactyl|[spread] 
|-activate|p2a: Aerodactyl|move: Protect
|-activate|p2b: Espathra|move: Protect
|move|p1a: Incineroar|Throat Chop|p2b: Espathra
|-activate|p2b: Espathra|move: Protect
|
|-ability|p2b: Espathra|Speed Boost|boost
|-boost|p2b: Espathra|spe|1
|upkeep
|turn|2
|
|t:|1786012951
|switch|p1b: Toxapex|Toxapex, L50, F|100/100
|move|p2a: Aerodactyl|Rock Slide|p1a: Incineroar|[spread] p1a,p1b
|-supereffective|p1a: Incineroar|1
|-damage|p1a: Incineroar|73/100
|-damage|p1b: Toxapex|88/100
|move|p2b: Espathra|Calm Mind|p2b: Espathra
|-boost|p2b: Espathra|spa|1
|-boost|p2b: Espathra|spd|1
|move|p1a: Incineroar|Throat Chop|p2b: Espathra
|-supereffective|p2b: Espathra|1
|-damage|p2b: Espathra|43/100
|-start|p2b: Espathra|Throat Chop|[silent]
|-enditem|p2b: Espathra|Sitrus Berry|[eat]
|-heal|p2b: Espathra|68/100|[from] item: Sitrus Berry
|
|-heal|p1b: Toxapex|94/100|[from] item: Leftovers
|-ability|p2b: Espathra|Speed Boost|boost
|-boost|p2b: Espathra|spe|1
|upkeep
|turn|3
|
|t:|1786013004
|move|p2b: Espathra|Lumina Crash|p1b: Toxapex
|-supereffective|p1b: Toxapex|1
|-damage|p1b: Toxapex|24/100
|-unboost|p1b: Toxapex|spd|2
|move|p2a: Aerodactyl|Tailwind|p2a: Aerodactyl
|-sidestart|p2: jotikun|move: Tailwind
|move|p1a: Incineroar|Throat Chop|p2b: Espathra
|-supereffective|p2b: Espathra|1
|-damage|p2b: Espathra|7/100
|move|p1b: Toxapex|Toxic|p2b: Espathra
|-status|p2b: Espathra|tox
|
|-heal|p1b: Toxapex|29/100|[from] item: Leftovers
|-damage|p2b: Espathra|1/100 tox|[from] psn
|-end|p2b: Espathra|Throat Chop|[silent]
|-ability|p2b: Espathra|Speed Boost|boost
|-boost|p2b: Espathra|spe|1
|upkeep
|turn|4
|
|t:|1786013046
|-heal|p1b: Toxapex|63/100|[from] ability: Regenerator|[silent]
|switch|p1b: Garchomp|Garchomp, L50, F|100/100
|move|p2b: Espathra|Baton Pass|p2b: Espathra
|
|t:|1786013052
|switch|p2b: Eelektross|Eelektross, L50, F|100/100|[from] Baton Pass
|move|p2a: Aerodactyl|Rock Slide|p1b: Garchomp|[spread] p1a,p1b
|-supereffective|p1a: Incineroar|1
|-resisted|p1b: Garchomp|1
|-damage|p1a: Incineroar|46/100
|-damage|p1b: Garchomp|92/100
|cant|p1a: Incineroar|flinch
|
|upkeep
|turn|5
|
|t:|1786013112
|detailschange|p2b: Eelektross|Eelektross-Mega, L50, F
|-mega|p2b: Eelektross|Eelektross|Eelektrossite
|move|p2b: Eelektross|Giga Drain|p1b: Garchomp
|-damage|p1b: Garchomp|51/100
|move|p2a: Aerodactyl|Rock Slide|p1b: Garchomp|[spread] p1a,p1b
|-supereffective|p1a: Incineroar|1
|-resisted|p1b: Garchomp|1
|-damage|p1a: Incineroar|19/100
|-damage|p1b: Garchomp|43/100
|move|p1b: Garchomp|Dragon Claw|p2b: Eelektross
|-damage|p2b: Eelektross|57/100
|move|p1a: Incineroar|Flare Blitz|p2b: Eelektross
|-damage|p2b: Eelektross|11/100
|-damage|p1a: Incineroar|5/100|[from] Recoil
|
|upkeep
|turn|6
|
|t:|1786013165
|switch|p1a: Toxapex|Toxapex, L50, F|63/100
|move|p2b: Eelektross|Giga Drain|p1b: Garchomp
|-damage|p1b: Garchomp|4/100
|-heal|p2b: Eelektross|32/100|[from] drain|[of] p1b: Garchomp
|move|p2a: Aerodactyl|Rock Slide|p1a: Toxapex|[spread] p1a,p1b
|-resisted|p1b: Garchomp|1
|-crit|p1b: Garchomp
|-damage|p1a: Toxapex|51/100
|-damage|p1b: Garchomp|0 fnt
|faint|p1b: Garchomp
|
|-heal|p1a: Toxapex|57/100|[from] item: Leftovers
|-sideend|p2: jotikun|move: Tailwind
|upkeep
|
|t:|1786013178
|switch|p1b: Charizard|Charizard, L50, F|100/100
|turn|7
|
|t:|1786013246
|detailschange|p1b: Charizard|Charizard-Mega-Y, L50, F
|-mega|p1b: Charizard|Charizard|Charizardite Y
|-weather|SunnyDay|[from] ability: Drought|[of] p1b: Charizard
|move|p1a: Toxapex|Wide Guard|p1a: Toxapex
|-singleturn|p1a: Toxapex|Wide Guard
|move|p2b: Eelektross|Giga Drain|p1a: Toxapex
|-damage|p1a: Toxapex|29/100
|-heal|p2b: Eelektross|43/100|[from] drain|[of] p1a: Toxapex
|move|p2a: Aerodactyl|Dual Wingbeat|p1b: Charizard
|-damage|p1b: Charizard|86/100
|-damage|p1b: Charizard|74/100
|-hitcount|p1b: Charizard|2
|move|p1b: Charizard|Heat Wave|p2b: Eelektross|[spread] p2a,p2b
|-resisted|p2a: Aerodactyl|1
|-damage|p2a: Aerodactyl|57/100
|-damage|p2b: Eelektross|2/100
|
|-weather|SunnyDay|[upkeep]
|-heal|p1a: Toxapex|35/100|[from] item: Leftovers
|upkeep
|turn|8
|
|t:|1786013303
|-heal|p1a: Toxapex|68/100|[from] ability: Regenerator|[silent]
|switch|p1a: Incineroar|Incineroar, L50, F|5/100
|-ability|p1a: Incineroar|Intimidate|boost
|-unboost|p2a: Aerodactyl|atk|1
|-unboost|p2b: Eelektross|atk|1
|move|p2b: Eelektross|Protect|p2b: Eelektross
|-singleturn|p2b: Eelektross|Protect
|move|p2a: Aerodactyl|Dual Wingbeat|p1a: Incineroar
|-damage|p1a: Incineroar|0 fnt
|faint|p1a: Incineroar
|-hitcount|p1: Incineroar|1
|move|p1b: Charizard|Heat Wave|p2b: Eelektross|[spread] p2a
|-activate|p2b: Eelektross|move: Protect
|-resisted|p2a: Aerodactyl|1
|-damage|p2a: Aerodactyl|14/100
|
|-weather|SunnyDay|[upkeep]
|upkeep
|
|t:|1786013318
|switch|p1a: Toxapex|Toxapex, L50, F|68/100
|turn|9
|
|t:|1786013429
|move|p1a: Toxapex|Wide Guard|p1a: Toxapex
|-singleturn|p1a: Toxapex|Wide Guard
|move|p2b: Eelektross|Giga Drain|p1a: Toxapex
|-damage|p1a: Toxapex|38/100
|-heal|p2b: Eelektross|15/100|[from] drain|[of] p1a: Toxapex
|move|p2a: Aerodactyl|Tailwind|p2a: Aerodactyl
|-sidestart|p2: jotikun|move: Tailwind
|move|p1b: Charizard|Heat Wave|p2b: Eelektross|[spread] p2a,p2b
|-resisted|p2a: Aerodactyl|1
|-damage|p2a: Aerodactyl|0 fnt
|-damage|p2b: Eelektross|0 fnt
|faint|p2a: Aerodactyl
|faint|p2b: Eelektross
|
|-weather|SunnyDay|[upkeep]
|-heal|p1a: Toxapex|43/100|[from] item: Leftovers
|upkeep
|
|t:|1786013443
|switch|p2a: Garchomp|Garchomp, L50, M|100/100
|switch|p2b: Espathra|Espathra, L50, F|1/100 tox
|turn|10
|
|t:|1786013560
|move|p2a: Garchomp|Dragon Claw|p1b: Charizard
|-damage|p1b: Charizard|18/100
|-damage|p2a: Garchomp|90/100|[from] item: Life Orb
|move|p2b: Espathra|Lumina Crash|p1a: Toxapex
|-supereffective|p1a: Toxapex|1
|-damage|p1a: Toxapex|1/100
|-unboost|p1a: Toxapex|spd|2
|move|p1b: Charizard|Solar Beam||[still]
|-prepare|p1b: Charizard|Solar Beam
|-anim|p1b: Charizard|Solar Beam|p2a: Garchomp
|-damage|p2a: Garchomp|39/100
|move|p1a: Toxapex|Infestation|p2a: Garchomp
|-damage|p2a: Garchomp|35/100
|-activate|p2a: Garchomp|move: Infestation|[of] p1a: Toxapex
|-damage|p1a: Toxapex|0 fnt|[from] ability: Rough Skin|[of] p2a: Garchomp
|faint|p1a: Toxapex
|
|-weather|SunnyDay|[upkeep]
|-damage|p2b: Espathra|0 fnt|[from] psn
|faint|p2b: Espathra
|-end|p2a: Garchomp|Infestation|[partiallytrapped]|[silent]
|upkeep
|turn|11
|
|t:|1786013602
|move|p1b: Charizard|Protect|p1b: Charizard
|-singleturn|p1b: Charizard|Protect
|move|p2a: Garchomp|Rock Slide|p1b: Charizard
|-activate|p1b: Charizard|move: Protect
|
|-weather|none
|upkeep
|turn|12
|
|t:|1786013611
|move|p2a: Garchomp|Rock Slide|p1b: Charizard
|-supereffective|p1b: Charizard|2
|-damage|p1b: Charizard|0 fnt
|faint|p1b: Charizard
|-damage|p2a: Garchomp|25/100|[from] item: Life Orb
|
|win|jotikun
