|j|☆tomnumbers
|j|☆impassw
|html|tomnumbersimpassw    
|uhtml|bestof|Game 2 of a best-of-3
|t:|1756215365
|gametype|doubles
|player|p1|tomnumbers|gambler|1183
|player|p2|impassw|giovanni|1083
|gen|9
|tier|[Gen 9] VGC 2025 Reg H (Bo3)
|rated|
|rule|Species Clause: Limit one of each Pokémon
|rule|Item Clause: Limit 1 of each item
|clearpoke
|poke|p1|Electabuzz, L50, F|
|poke|p1|Volcarona, L50, F|
|poke|p1|Dragonite, L50, M|
|poke|p1|Rillaboom, L50, M|
|poke|p1|Gholdengo, L50|
|poke|p1|Ursaluna-Bloodmoon, L50, M|
|poke|p2|Porygon2, L50|
|poke|p2|Ursaluna, L50, F|
|poke|p2|Amoonguss, L50, M|
|poke|p2|Gholdengo, L50|
|poke|p2|Incineroar, L50, M|
|poke|p2|Dragonite, L50, M|
|teampreview|4
|showteam|p1|Electabuzz||Eviolite|VitalSpirit|Electroweb,FollowMe,Taunt,Protect|||F|||50|,,,,,Ghost]Volcarona||Leftovers|FlameBody|HeatWave,TeraBlast,QuiverDance,Protect|||F|||50|,,,,,Fairy]Dragonite||LoadedDice|Multiscale|ScaleShot,ExtremeSpeed,Tailwind,Protect|||M|||50|,,,,,Fairy]Rillaboom||AssaultVest|GrassySurge|FakeOut,WoodHammer,GrassyGlide,HighHorsepower|||M|||50|,,,,,Fire]Gholdengo||GrassySeed|GoodasGold|NastyPlot,MakeItRain,ShadowBall,Protect||||||50|,,,,,Water]Ursaluna-Bloodmoon||LifeOrb|MindsEye|BloodMoon,HyperVoice,EarthPower,Protect|||M|||50|,,,,,Normal
|showteam|p2|Porygon2||Eviolite|Download|TrickRoom,IceBeam,Recover,TeraBlast||||||50|,,,,,Fighting]Ursaluna||FlameOrb|Guts|Facade,HeadlongRush,Earthquake,Protect|||F|||50|,,,,,Ghost]Amoonguss||CovertCloak|Regenerator|Spore,RagePowder,PollenPuff,SludgeBomb|||M|||50|,,,,,Water]Gholdengo||LifeOrb|GoodasGold|MakeItRain,ShadowBall,NastyPlot,Protect||||||50|,,,,,Water]Incineroar||SafetyGoggles|Intimidate|FakeOut,KnockOff,PartingShot,FlareBlitz|||M|||50|,,,,,Ghost]Dragonite||LoadedDice|Multiscale|ScaleShot,Protect,ExtremeSpeed,Haze|||M|||50|,,,,,Fairy
|inactive|Battle timer is ON: inactive players will automatically lose when time's up. (requested by tomnumbers)
|
|t:|1756215383
|teamsize|p1|4
|teamsize|p2|4
|start
|switch|p1a: Rillaboom|Rillaboom, L50, M|100/100
|switch|p1b: Gholdengo|Gholdengo, L50|100/100
|switch|p2a: Amoonguss|Amoonguss, L50, M|100/100
|switch|p2b: Gholdengo|Gholdengo, L50|100/100
|-fieldstart|move: Grassy Terrain|[from] ability: Grassy Surge|[of] p1a: Rillaboom
|-enditem|p1b: Gholdengo|Grassy Seed
|-boost|p1b: Gholdengo|def|1|[from] item: Grassy Seed
|turn|1
|inactive|impassw has 30 seconds left.
|
|t:|1756215410
|switch|p1a: Electabuzz|Electabuzz, L50, F|100/100
|-terastallize|p1b: Gholdengo|Water
|move|p1b: Gholdengo|Nasty Plot|p1b: Gholdengo
|-boost|p1b: Gholdengo|spa|2
|move|p2b: Gholdengo|Shadow Ball|p1b: Gholdengo
|-crit|p1b: Gholdengo
|-damage|p1b: Gholdengo|5/100
|-damage|p2b: Gholdengo|91/100|[from] item: Life Orb
|move|p2a: Amoonguss|Sludge Bomb|p1a: Electabuzz
|-damage|p1a: Electabuzz|77/100
|-status|p1a: Electabuzz|psn
|
|-heal|p1a: Electabuzz|83/100 psn|[from] Grassy Terrain
|-heal|p1b: Gholdengo|11/100|[from] Grassy Terrain
|-heal|p2b: Gholdengo|97/100|[from] Grassy Terrain
|-damage|p1a: Electabuzz|71/100 psn|[from] psn
|upkeep
|turn|2
|inactive|impassw has 30 seconds left.
|
|t:|1756215442
|move|p2b: Gholdengo|Protect|p2b: Gholdengo
|-singleturn|p2b: Gholdengo|Protect
|move|p1a: Electabuzz|Electroweb|p2a: Amoonguss|[spread] p2a
|-activate|p2b: Gholdengo|move: Protect
|-resisted|p2a: Amoonguss
|-damage|p2a: Amoonguss|95/100
|move|p1b: Gholdengo|Make It Rain|p2a: Amoonguss|[spread] p2a
|-activate|p2b: Gholdengo|move: Protect
|-damage|p2a: Amoonguss|14/100
|-unboost|p1b: Gholdengo|spa|1
|move|p2a: Amoonguss|Sludge Bomb|p1b: Gholdengo
|-damage|p1b: Gholdengo|0 fnt
|faint|p1b: Gholdengo
|
|-heal|p1a: Electabuzz|77/100 psn|[from] Grassy Terrain
|-heal|p2b: Gholdengo|100/100|[from] Grassy Terrain
|-heal|p2a: Amoonguss|20/100|[from] Grassy Terrain
|-damage|p1a: Electabuzz|65/100 psn|[from] psn
|upkeep
|
|t:|1756215448
|switch|p1b: Ursaluna|Ursaluna-Bloodmoon, L50, M|100/100
|turn|3
|inactive|impassw has 30 seconds left.
|inactive|impassw has 20 seconds left.
|inactive|impassw has 15 seconds left.
|inactive|impassw has 10 seconds left.
|inactive|impassw has 5 seconds left.
|
|t:|1756215502
|switch|p2a: Porygon2|Porygon2, L50|100/100
|-ability|p2a: Porygon2|Download|boost
|-boost|p2a: Porygon2|spa|1
|-terastallize|p2b: Gholdengo|Water
|move|p1a: Electabuzz|Taunt|p2a: Porygon2
|-start|p2a: Porygon2|move: Taunt
|move|p1b: Ursaluna|Earth Power|p2b: Gholdengo
|-crit|p2b: Gholdengo
|-damage|p2b: Gholdengo|0 fnt
|faint|p2b: Gholdengo
|-damage|p1b: Ursaluna|91/100|[from] item: Life Orb
|
|-heal|p1a: Electabuzz|71/100 psn|[from] Grassy Terrain
|-heal|p1b: Ursaluna|97/100|[from] Grassy Terrain
|-damage|p1a: Electabuzz|59/100 psn|[from] psn
|upkeep
|
|t:|1756215519
|switch|p2b: Amoonguss|Amoonguss, L50, M|53/100
|turn|4
|
|t:|1756215542
|move|p1a: Electabuzz|Follow Me|p1a: Electabuzz
|-singleturn|p1a: Electabuzz|move: Follow Me
|move|p1b: Ursaluna|Hyper Voice|p2a: Porygon2|[spread] p2a,p2b
|-damage|p2a: Porygon2|72/100
|-damage|p2b: Amoonguss|6/100
|-damage|p1b: Ursaluna|87/100|[from] item: Life Orb
|move|p2a: Porygon2|Ice Beam|p1a: Electabuzz
|-damage|p1a: Electabuzz|27/100 psn
|move|p2b: Amoonguss|Spore||[still]
|-fail|p2b: Amoonguss
|
|-heal|p1a: Electabuzz|33/100 psn|[from] Grassy Terrain
|-heal|p1b: Ursaluna|93/100|[from] Grassy Terrain
|-heal|p2a: Porygon2|77/100|[from] Grassy Terrain
|-heal|p2b: Amoonguss|12/100|[from] Grassy Terrain
|-damage|p1a: Electabuzz|21/100 psn|[from] psn
|upkeep
|turn|5
|inactive|impassw has 30 seconds left.
|
|t:|1756215567
|switch|p2b: Ursaluna|Ursaluna, L50, F|100/100
|move|p1a: Electabuzz|Taunt|p2b: Ursaluna
|-start|p2b: Ursaluna|move: Taunt
|move|p1b: Ursaluna|Blood Moon|p2a: Porygon2
|-damage|p2a: Porygon2|8/100
|-damage|p1b: Ursaluna|84/100|[from] item: Life Orb
|move|p2a: Porygon2|Ice Beam|p1b: Ursaluna
|-supereffective|p1b: Ursaluna
|-damage|p1b: Ursaluna|0 fnt
|faint|p1b: Ursaluna
|
|-heal|p1a: Electabuzz|27/100 psn|[from] Grassy Terrain
|-heal|p2a: Porygon2|14/100|[from] Grassy Terrain
|-damage|p1a: Electabuzz|15/100 psn|[from] psn
|-end|p2a: Porygon2|move: Taunt
|-fieldend|move: Grassy Terrain
|-status|p2b: Ursaluna|brn|[from] item: Flame Orb
|upkeep
|
|t:|1756215571
|switch|p1b: Rillaboom|Rillaboom, L50, M|100/100
|-fieldstart|move: Grassy Terrain|[from] ability: Grassy Surge|[of] p1b: Rillaboom
|turn|6
|
|t:|1756215595
|switch|p2a: Amoonguss|Amoonguss, L50, M|45/100
|move|p1a: Electabuzz|Follow Me|p1a: Electabuzz
|-singleturn|p1a: Electabuzz|move: Follow Me
|move|p1b: Rillaboom|Wood Hammer|p2a: Amoonguss
|-resisted|p2a: Amoonguss
|-damage|p2a: Amoonguss|31/100
|-damage|p1b: Rillaboom|95/100|[from] Recoil
|move|p2b: Ursaluna|Facade|p1a: Electabuzz
|-damage|p1a: Electabuzz|0 fnt
|faint|p1a: Electabuzz
|
|-heal|p1b: Rillaboom|100/100|[from] Grassy Terrain
|-heal|p2a: Amoonguss|37/100|[from] Grassy Terrain
|-damage|p2b: Ursaluna|95/100 brn|[from] brn
|upkeep
|turn|7
|
|t:|1756215618
|switch|p2a: Porygon2|Porygon2, L50|14/100
|-ability|p2a: Porygon2|Download|boost
|-boost|p2a: Porygon2|spa|1
|move|p1b: Rillaboom|Wood Hammer|p2b: Ursaluna
|-supereffective|p2b: Ursaluna
|-damage|p2b: Ursaluna|0 fnt
|faint|p2b: Ursaluna
|-damage|p1b: Rillaboom|67/100|[from] Recoil
|
|-heal|p1b: Rillaboom|73/100|[from] Grassy Terrain
|-heal|p2a: Porygon2|19/100|[from] Grassy Terrain
|upkeep
|
|t:|1756215629
|switch|p2b: Amoonguss|Amoonguss, L50, M|70/100
|turn|8
|
|t:|1756215649
|move|p1b: Rillaboom|Grassy Glide|p2a: Porygon2
|-damage|p2a: Porygon2|0 fnt
|faint|p2a: Porygon2
|move|p2b: Amoonguss|Sludge Bomb|p1b: Rillaboom
|-supereffective|p1b: Rillaboom
|-damage|p1b: Rillaboom|30/100
|
|-heal|p1b: Rillaboom|36/100|[from] Grassy Terrain
|-heal|p2b: Amoonguss|76/100|[from] Grassy Terrain
|upkeep
|turn|9
|
|t:|1756215660
|move|p1b: Rillaboom|High Horsepower|p2b: Amoonguss
|-damage|p2b: Amoonguss|48/100
|move|p2b: Amoonguss|Sludge Bomb|p1b: Rillaboom
|-supereffective|p1b: Rillaboom
|-damage|p1b: Rillaboom|0 fnt
|faint|p1b: Rillaboom
|
|win|impassw
||tomnumbers is ready for game 3.
||impassw is ready for game 3.
|uhtml|next|Next: Game 3 of 3
