|j|☆tanobaum
|j|☆Aminkooo
|html|tanobaumAminkooo    
|uhtml|bestof|Game 3 of a best-of-3
|t:|1782415104
|gametype|doubles
|player|p1|tanobaum|juan-gen3|
|player|p2|Aminkooo|preschooler|
|gen|9
|tier|[Gen 9 Champions] VGC 2026 Reg M-B (Bo3)
|rule|Species Clause: Limit one of each Pokémon
|rule|Item Clause: Limit 1 of each item
|clearpoke
|poke|p1|Whimsicott, L50, M|
|poke|p1|Sylveon, L50, F|
|poke|p1|Basculegion, L50, M|
|poke|p1|Kingambit, L50, M|
|poke|p1|Charizard, L50, M|
|poke|p1|Garchomp, L50, F|
|poke|p2|Charizard, L50, M|
|poke|p2|Sylveon, L50, M|
|poke|p2|Farigiraf, L50, F|
|poke|p2|Aerodactyl, L50, F|
|poke|p2|Garchomp, L50, F|
|poke|p2|Kingambit, L50, M|
|teampreview|4
|showteam|p1|Whimsicott||FocusSash|Prankster|Moonblast,Tailwind,Encore,Protect|Timid||M|||50|]Sylveon||FairyFeather|Pixilate|HyperVoice,QuickAttack,Detect,HyperBeam|Modest||F|||50|]Basculegion||LifeOrb|Adaptability|WaveCrash,LastRespects,AquaJet,Protect|Adamant||M|||50|]Kingambit||ChopleBerry|Defiant|KowtowCleave,IronHead,SuckerPunch,LowKick|Adamant||M|||50|]Charizard||CharizarditeY|Blaze|HeatWave,WeatherBall,SolarBeam,Protect|Modest||M|||50|]Garchomp||RoseliBerry|RoughSkin|Earthquake,RockSlide,DragonClaw,PoisonJab|Adamant||F|||50|
|showteam|p2|Charizard||CharizarditeY|SolarPower|HeatWave,WeatherBall,SolarBeam,Protect|Modest||M|||50|]Sylveon||FairyFeather|Pixilate|Protect,HyperVoice,QuickAttack,HyperBeam|Modest||M|||50|]Farigiraf||SitrusBerry|ArmorTail|Thunderbolt,TwinBeam,Roar,TrickRoom|Bold||F|||50|]Aerodactyl||Aerodactylite|Unnerve|RockSlide,DualWingbeat,Tailwind,IceFang|Jolly||F|||50|]Garchomp||LifeOrb|RoughSkin|Earthquake,DragonClaw,RockSlide,Protect|Jolly||F|||50|]Kingambit||FocusSash|Defiant|KowtowCleave,SuckerPunch,IronHead,LowKick|Adamant||M|||50|
|inactive|Battle timer is ON: inactive players will automatically lose when time's up. (requested by tanobaum)
|j| Yoshiandlugia
|j| ryanogiggs11
|j| narret
|j| x-0 Worlds
|j| TCG Costs Too Much
|j| snorlaxpikachu1
|inactive|tanobaum has 60 seconds left.
|inactive|Aminkooo has 60 seconds left.
|j| pls be kind to me
|j| 21Kieran
|inactive|tanobaum has 30 seconds left.
|inactive|Aminkooo has 30 seconds left.
|inactive|tanobaum has 20 seconds left.
|inactive|Aminkooo has 20 seconds left.
|inactive|tanobaum has 15 seconds left.
|inactive|Aminkooo has 15 seconds left.
|inactive|tanobaum has 10 seconds left.
|inactive|Aminkooo has 10 seconds left.
|j| bubele
|inactive|Aminkooo has 5 seconds left.
|
|t:|1782415191
|teamsize|p1|4
|teamsize|p2|4
|start
|switch|p1a: Sylveon|Sylveon, L50, F|100/100
|switch|p1b: Whimsicott|Whimsicott, L50, M|100/100
|switch|p2a: Aerodactyl|Aerodactyl, L50, F|100/100
|switch|p2b: Kingambit|Kingambit, L50, M|100/100
|-ability|p2a: Aerodactyl|Unnerve
|turn|1
|
|t:|1782415209
|switch|p2a: Charizard|Charizard, L50, M|100/100
|move|p1b: Whimsicott|Tailwind|p1b: Whimsicott
|-sidestart|p1: tanobaum|move: Tailwind
|move|p1a: Sylveon|Hyper Beam|p2a: Charizard
|-resisted|p2a: Charizard|1
|-damage|p2a: Charizard|41/100
|-mustrecharge|p1a: Sylveon
|move|p2b: Kingambit|Iron Head|p1a: Sylveon
|-supereffective|p1a: Sylveon|1
|-damage|p1a: Sylveon|0 fnt
|faint|p1a: Sylveon
|
|upkeep
|j| Having Hotflashes
|
|t:|1782415226
|switch|p1a: Charizard|Charizard, L50, M|100/100
|turn|2
|l| Having Hotflashes
|inactive|Aminkooo has 30 seconds left.
|j| BouncyJoltik
|inactive|Aminkooo has 20 seconds left.
|
|t:|1782415264
|detailschange|p1a: Charizard|Charizard-Mega-Y, L50, M
|-mega|p1a: Charizard|Charizard|Charizardite Y
|-weather|SunnyDay|[from] ability: Drought|[of] p1a: Charizard
|move|p2b: Kingambit|Sucker Punch|p1b: Whimsicott
|-resisted|p1b: Whimsicott|1
|-damage|p1b: Whimsicott|71/100
|move|p1b: Whimsicott|Moonblast|p2b: Kingambit
|-crit|p2b: Kingambit
|-damage|p2b: Kingambit|43/100
|move|p1a: Charizard|Heat Wave|p2b: Kingambit|[spread] 
|-miss|p1a: Charizard|p2a: Charizard
|-miss|p1a: Charizard|p2b: Kingambit
|move|p2a: Charizard|Heat Wave|p1b: Whimsicott|[spread] p1a,p1b
|-resisted|p1a: Charizard|1
|-supereffective|p1b: Whimsicott|1
|-damage|p1a: Charizard|68/100
|-damage|p1b: Whimsicott|0 fnt
|faint|p1b: Whimsicott
|
|-weather|SunnyDay|[upkeep]
|-damage|p2a: Charizard|28/100|[from] ability: Solar Power|[of] p2a: Charizard
|upkeep
|
|t:|1782415281
|switch|p1b: Basculegion|Basculegion, L50, M|100/100
|turn|3
|inactive|tanobaum has 30 seconds left.
|inactive|Aminkooo has 30 seconds left.
|inactive|tanobaum has 20 seconds left.
|inactive|tanobaum has 15 seconds left.
|inactive|Aminkooo has 20 seconds left.
|
|t:|1782415329
|move|p2a: Charizard|Protect|p2a: Charizard
|-singleturn|p2a: Charizard|Protect
|move|p1b: Basculegion|Aqua Jet|p2a: Charizard
|-activate|p2a: Charizard|move: Protect
|move|p2b: Kingambit|Sucker Punch||[still]
|-fail|p2b: Kingambit
|move|p1a: Charizard|Weather Ball|p2b: Kingambit
|-supereffective|p2b: Kingambit|1
|-damage|p2b: Kingambit|0 fnt
|faint|p2b: Kingambit
|
|-weather|SunnyDay|[upkeep]
|-damage|p2a: Charizard|16/100|[from] ability: Solar Power|[of] p2a: Charizard
|upkeep
|
|t:|1782415347
|switch|p2b: Garchomp|Garchomp, L50, F|100/100
|turn|4
|inactive|tanobaum has 30 seconds left.
|inactive|tanobaum has 20 seconds left.
|l| 21Kieran
|inactive|tanobaum has 15 seconds left.
|inactive|tanobaum has 10 seconds left.
|inactive|tanobaum has 5 seconds left.
|
|t:|1782415399
|move|p1b: Basculegion|Protect|p1b: Basculegion
|-singleturn|p1b: Basculegion|Protect
|move|p2b: Garchomp|Protect|p2b: Garchomp
|-singleturn|p2b: Garchomp|Protect
|move|p1a: Charizard|Solar Beam||[still]
|-prepare|p1a: Charizard|Solar Beam
|-anim|p1a: Charizard|Solar Beam|p2b: Garchomp
|-activate|p2b: Garchomp|move: Protect
|move|p2a: Charizard|Solar Beam||[still]
|-prepare|p2a: Charizard|Solar Beam
|-anim|p2a: Charizard|Solar Beam|p1b: Basculegion
|-activate|p1b: Basculegion|move: Protect
|
|-weather|SunnyDay|[upkeep]
|-damage|p2a: Charizard|3/100|[from] ability: Solar Power|[of] p2a: Charizard
|-sideend|p1: tanobaum|move: Tailwind
|upkeep
|turn|5
|inactive|tanobaum has 30 seconds left.
|inactive|tanobaum has 20 seconds left.
|inactive|tanobaum has 15 seconds left.
|inactive|tanobaum has 10 seconds left.
|
|t:|1782415448
|move|p1a: Charizard|Protect|p1a: Charizard
|-singleturn|p1a: Charizard|Protect
|move|p1b: Basculegion|Aqua Jet|p2a: Charizard
|-supereffective|p2a: Charizard|1
|-damage|p2a: Charizard|0 fnt
|faint|p2a: Charizard
|-damage|p1b: Basculegion|90/100|[from] item: Life Orb
|move|p2b: Garchomp|Rock Slide|p1a: Charizard|[spread] p1b
|-activate|p1a: Charizard|move: Protect
|-damage|p1b: Basculegion|60/100
|-damage|p2b: Garchomp|90/100|[from] item: Life Orb
|
|-weather|SunnyDay|[upkeep]
|upkeep
|
|t:|1782415452
|switch|p2a: Aerodactyl|Aerodactyl, L50, F|100/100
|-ability|p2a: Aerodactyl|Unnerve
|turn|6
|inactive|Aminkooo has 30 seconds left.
|inactive|tanobaum has 30 seconds left.
|inactive|Aminkooo has 20 seconds left.
|inactive|Aminkooo has 15 seconds left.
|
|t:|1782415493
|detailschange|p2a: Aerodactyl|Aerodactyl-Mega, L50, F
|-mega|p2a: Aerodactyl|Aerodactyl|Aerodactylite
|move|p1b: Basculegion|Protect|p1b: Basculegion
|-singleturn|p1b: Basculegion|Protect
|move|p2a: Aerodactyl|Rock Slide|p1b: Basculegion|[spread] p1a
|-activate|p1b: Basculegion|move: Protect
|-supereffective|p1a: Charizard|2
|-damage|p1a: Charizard|0 fnt
|faint|p1a: Charizard
|move|p2b: Garchomp|Dragon Claw|p1b: Basculegion
|-activate|p1b: Basculegion|move: Protect
|
|-weather|none
|upkeep
|turn|7
|
|t:|1782415506
|move|p1b: Basculegion|Aqua Jet|p2a: Aerodactyl
|-supereffective|p2a: Aerodactyl|1
|-damage|p2a: Aerodactyl|17/100
|-damage|p1b: Basculegion|50/100g|[from] item: Life Orb
|move|p2a: Aerodactyl|Dual Wingbeat|p1b: Basculegion
|-damage|p1b: Basculegion|23/100
|-damage|p1b: Basculegion|0 fnt
|faint|p1b: Basculegion
|-hitcount|p1: Basculegion|2
|
|win|Aminkooo
|c|☆tanobaum|ggwp
|c|☆Aminkooo|ggs
|l| bubele
|l| x-0 Worlds
|l| pls be kind to me
|l| snorlaxpikachu1
|l| narret
|l| TCG Costs Too Much
|l| BouncyJoltik
