|j|☆MobiusVGC
|j|☆drogaplut003
|html|MobiusVGCdrogaplut003    
|uhtml|bestof|Game 1 of a best-of-3
|t:|1756492916
|gametype|doubles
|player|p1|MobiusVGC|gentleman-gen4dp|1248
|player|p2|drogaplut003|2|1243
|gen|9
|tier|[Gen 9] VGC 2025 Reg H (Bo3)
|rated|
|rule|Species Clause: Limit one of each Pokémon
|rule|Item Clause: Limit 1 of each item
|clearpoke
|poke|p1|Hydreigon, L50, M|
|poke|p1|Gholdengo, L50|
|poke|p1|Amoonguss, L50, F|
|poke|p1|Incineroar, L50, M|
|poke|p1|Garchomp, L50, M|
|poke|p1|Sneasler, L50, M|
|poke|p2|Porygon-Z, L50|
|poke|p2|Amoonguss, L50, F|
|poke|p2|Dragonite, L50, M|
|poke|p2|Garchomp, L50, F|
|poke|p2|Sneasler, L50, M|
|poke|p2|Kingambit, L50, M|
|teampreview|4
|showteam|p1|Hydreigon||CovertCloak|Levitate|DracoMeteor,Snarl,Tailwind,Taunt|||M|||50|,,,,,Ghost]Gholdengo||MetalCoat|GoodasGold|MakeItRain,ShadowBall,NastyPlot,Protect||||||50|,,,,,Flying]Amoonguss||RockyHelmet|Regenerator|PollenPuff,Spore,RagePowder,Protect|||F|||50|,,,,,Fairy]Incineroar||SafetyGoggles|Intimidate|FlareBlitz,KnockOff,FakeOut,PartingShot|||M|||50|,,,,,Ghost]Garchomp||ClearAmulet|RoughSkin|Earthquake,DragonClaw,StompingTantrum,Protect|||M|||50|,,,,,Fire]Sneasler||FocusSash|Unburden|CloseCombat,DireClaw,Coaching,Protect|||M|||50|,,,,,Flying
|showteam|p2|Porygon-Z||LifeOrb|Adaptability|ShadowBall,TriAttack,HyperBeam,Protect||||||50|,,,,,Ghost]Amoonguss||RockyHelmet|Regenerator|SludgeBomb,Spore,RagePowder,Protect|||F|||50|,,,,,Water]Dragonite||LoadedDice|Multiscale|ScaleShot,Tailwind,HelpingHand,Protect|||M|||50|,,,,,Fairy]Garchomp||ChoiceBand|RoughSkin|Earthquake,StompingTantrum,DragonClaw,PoisonJab|||F|||50|,,,,,Poison]Sneasler||FocusSash|Unburden|DireClaw,CloseCombat,Coaching,Taunt|||M|||50|,,,,,Dark]Kingambit||AssaultVest|Defiant|KowtowCleave,SuckerPunch,IronHead,LowKick|||M|||50|,,,,,Dark
|
|t:|1756492989
|teamsize|p1|4
|teamsize|p2|4
|start
|switch|p1a: Hydreigon|Hydreigon, L50, M|100/100
|switch|p1b: Sneasler|Sneasler, L50, M|100/100
|switch|p2a: Porygon-Z|Porygon-Z, L50|100/100
|switch|p2b: Dragonite|Dragonite, L50, M|100/100
|turn|1
|
|t:|1756493010
|move|p2a: Porygon-Z|Protect|p2a: Porygon-Z
|-singleturn|p2a: Porygon-Z|Protect
|move|p1b: Sneasler|Dire Claw|p2b: Dragonite
|-damage|p2b: Dragonite|79/100
|move|p1a: Hydreigon|Draco Meteor|p2b: Dragonite
|-supereffective|p2b: Dragonite
|-damage|p2b: Dragonite|0 fnt
|-unboost|p1a: Hydreigon|spa|2
|faint|p2b: Dragonite
|
|upkeep
|
|t:|1756493021
|switch|p2b: Garchomp|Garchomp, L50, F|100/100
|turn|2
|
|t:|1756493033
|-terastallize|p2a: Porygon-Z|Ghost
|move|p1b: Sneasler|Protect|p1b: Sneasler
|-singleturn|p1b: Sneasler|Protect
|move|p2b: Garchomp|Dragon Claw|p1b: Sneasler
|-activate|p1b: Sneasler|move: Protect
|move|p1a: Hydreigon|Tailwind|p1a: Hydreigon
|-sidestart|p1: MobiusVGC|move: Tailwind
|move|p2a: Porygon-Z|Tri Attack|p1b: Sneasler
|-activate|p1b: Sneasler|move: Protect
|
|upkeep
|turn|3
|
|t:|1756493047
|move|p1b: Sneasler|Close Combat|p2b: Garchomp
|-damage|p2b: Garchomp|38/100
|-unboost|p1b: Sneasler|def|1
|-unboost|p1b: Sneasler|spd|1
|-damage|p1b: Sneasler|88/100|[from] ability: Rough Skin|[of] p2b: Garchomp
|move|p1a: Hydreigon|Snarl|p2a: Porygon-Z|[spread] p2a,p2b
|-supereffective|p2a: Porygon-Z
|-damage|p2a: Porygon-Z|74/100
|-damage|p2b: Garchomp|28/100
|-unboost|p2a: Porygon-Z|spa|1
|-unboost|p2b: Garchomp|spa|1
|move|p2b: Garchomp|Dragon Claw|p1a: Hydreigon
|-supereffective|p1a: Hydreigon
|-damage|p1a: Hydreigon|0 fnt
|faint|p1a: Hydreigon
|move|p2a: Porygon-Z|Tri Attack|p1b: Sneasler
|-crit|p1b: Sneasler
|-damage|p1b: Sneasler|0 fnt
|faint|p1b: Sneasler
|-damage|p2a: Porygon-Z|64/100|[from] item: Life Orb
|
|upkeep
|
|t:|1756493064
|switch|p1b: Gholdengo|Gholdengo, L50|100/100
|switch|p1a: Garchomp|Garchomp, L50, M|100/100
|turn|4
|
|t:|1756493078
|switch|p2a: Kingambit|Kingambit, L50, M|100/100
|move|p1a: Garchomp|Protect|p1a: Garchomp
|-singleturn|p1a: Garchomp|Protect
|move|p1b: Gholdengo|Make It Rain|p2a: Kingambit|[spread] p2a,p2b
|-resisted|p2a: Kingambit
|-damage|p2a: Kingambit|82/100
|-damage|p2b: Garchomp|0 fnt
|-unboost|p1b: Gholdengo|spa|1
|faint|p2b: Garchomp
|
|upkeep
|
|t:|1756493088
|switch|p2b: Porygon-Z|Porygon-Z, L50, tera:Ghost|64/100
|turn|5
|
|t:|1756493114
|-terastallize|p1b: Gholdengo|Flying
|move|p2b: Porygon-Z|Protect|p2b: Porygon-Z
|-singleturn|p2b: Porygon-Z|Protect
|move|p1a: Garchomp|Earthquake|p2a: Kingambit|[spread] p2a
|-activate|p2b: Porygon-Z|move: Protect
|-immune|p1b: Gholdengo
|-supereffective|p2a: Kingambit
|-damage|p2a: Kingambit|18/100
|move|p1b: Gholdengo|Nasty Plot|p1b: Gholdengo
|-boost|p1b: Gholdengo|spa|2
|move|p2a: Kingambit|Kowtow Cleave|p1a: Garchomp
|-damage|p1a: Garchomp|52/100
|-damage|p2a: Kingambit|6/100|[from] ability: Rough Skin|[of] p1a: Garchomp
|
|-sideend|p1: MobiusVGC|move: Tailwind
|upkeep
|turn|6
|
|t:|1756493143
|move|p2a: Kingambit|Sucker Punch|p1a: Garchomp
|-damage|p1a: Garchomp|10/100
|-damage|p2a: Kingambit|0 fnt|[from] ability: Rough Skin|[of] p1a: Garchomp
|faint|p2a: Kingambit
|move|p1a: Garchomp|Earthquake|p2b: Porygon-Z|[spread] p2b
|-immune|p1b: Gholdengo
|-damage|p2b: Porygon-Z|10/100
|move|p2b: Porygon-Z|Hyper Beam|p1b: Gholdengo
|-damage|p1b: Gholdengo|0 fnt
|-mustrecharge|p2b: Porygon-Z
|faint|p1b: Gholdengo
|-damage|p2b: Porygon-Z|0 fnt|[from] item: Life Orb
|faint|p2b: Porygon-Z
|
|win|MobiusVGC
|inactive|MobiusVGC has 30 seconds to confirm battle start!
|inactive|drogaplut003 has 30 seconds to confirm battle start!
||drogaplut003 is ready for game 2.
||MobiusVGC is ready for game 2.
|uhtml|next|Next: Game 2 of 3
|l|☆MobiusVGC
|player|p1|
|j|☆MobiusVGC
|player|p1|MobiusVGC|gentleman-gen4dp|
