|j|☆masterhax3
|j|☆speedracer1
|html|masterhax3speedracer1    
|uhtml|bestof|Game 3 of a best-of-3
|t:|1756855252
|gametype|doubles
|player|p1|masterhax3|scientist-gen4dp|1085
|player|p2|speedracer1|169|1154
|gen|9
|tier|[Gen 9] VGC 2025 Reg H (Bo3)
|rated|
|rule|Species Clause: Limit one of each Pokémon
|rule|Item Clause: Limit 1 of each item
|clearpoke
|poke|p1|Vivillon-Pokeball, L50, M|
|poke|p1|Garganacl, L50, M|
|poke|p1|Garchomp, L50, M|
|poke|p1|Gardevoir, L50, F|
|poke|p1|Dondozo, L50, M|
|poke|p1|Ninetales-Alola, L50, F|
|poke|p2|Charizard, L50, M|
|poke|p2|Torkoal, L50, M|
|poke|p2|Porygon2, L50|
|poke|p2|Incineroar, L50, F|
|poke|p2|Jumpluff, L50, M|
|poke|p2|Ursaluna, L50, M|
|teampreview|4
|showteam|p1|Vivillon-Pokeball||FocusSash|CompoundEyes|SleepPowder,Tailwind,PollenPuff,Hurricane|||M|||50|,,,,,Ghost]Garganacl||MarangaBerry|PurifyingSalt|SaltCure,StealthRock,Protect,Recover|||M|||50|,,,,,Flying]Garchomp||LifeOrb|RoughSkin|Earthquake,DragonClaw,RockSlide,Protect|||M|||50|,,,,,Ground]Gardevoir||ChoiceScarf|Telepathy|Trick,Moonblast,Psychic,IcyWind|||F|||50|,,,,,Steel]Dondozo||Leftovers|Unaware|Liquidation,Yawn,Fissure,Protect|||M|||50|,,,,,Poison]Ninetales-Alola||NeverMeltIce|SnowWarning|Blizzard,FreezeDry,Protect,AuroraVeil|||F|||50|,,,,,Ice
|showteam|p2|Charizard||ChoiceSpecs|SolarPower|HeatWave,Overheat,WeatherBall,AirSlash|||M|||50|,,,,,Ghost]Torkoal||EjectPack|Drought|Eruption,Overheat,HelpingHand,Protect|||M|||50|,,,,,Fire]Porygon2||Eviolite|Download|TeraBlast,IceBeam,Recover,TrickRoom||||||50|,,,,,Fighting]Incineroar||SitrusBerry|Intimidate|FlareBlitz,KnockOff,FakeOut,PartingShot|||F|||50|,,,,,Ghost]Jumpluff||CovertCloak|Chlorophyll|SleepPowder,SunnyDay,RagePowder,Tailwind|||M|||50|,,,,,Water]Ursaluna||FlameOrb|Guts|HeadlongRush,Facade,Earthquake,Protect|||M|||50|,,,,,Ghost
|inactive|Battle timer is ON: inactive players will automatically lose when time's up. (requested by speedracer1)
|inactive|speedracer1 has 60 seconds left.
|inactive|speedracer1 has 30 seconds left.
|inactive|speedracer1 has 20 seconds left.
|inactive|speedracer1 has 15 seconds left.
|inactive|speedracer1 has 10 seconds left.
|
|t:|1756855342
|teamsize|p1|4
|teamsize|p2|4
|start
|switch|p1a: Garganacl|Garganacl, L50, M|100/100
|switch|p1b: Ninetales|Ninetales-Alola, L50, F|100/100
|switch|p2a: Jumpluff|Jumpluff, L50, M|100/100
|switch|p2b: Torkoal|Torkoal, L50, M|100/100
|-weather|Snowscape|[from] ability: Snow Warning|[of] p1b: Ninetales
|-weather|SunnyDay|[from] ability: Drought|[of] p2b: Torkoal
|turn|1
|inactive|masterhax3 has 30 seconds left.
|inactive|speedracer1 has 30 seconds left.
|inactive|speedracer1 has 20 seconds left.
|
|t:|1756855379
|move|p1b: Ninetales|Protect|p1b: Ninetales
|-singleturn|p1b: Ninetales|Protect
|move|p2a: Jumpluff|Tailwind|p2a: Jumpluff
|-sidestart|p2: speedracer1|move: Tailwind
|move|p2b: Torkoal|Overheat|p1a: Garganacl
|-resisted|p1a: Garganacl
|-damage|p1a: Garganacl|70/100
|-unboost|p2b: Torkoal|spa|2
|-enditem|p1a: Garganacl|Maranga Berry|[eat]
|-boost|p1a: Garganacl|spd|1|[from] item: Maranga Berry
|-enditem|p2b: Torkoal|Eject Pack
|
|t:|1756855390
|switch|p2b: Ursaluna|Ursaluna, L50, M|100/100
|move|p1a: Garganacl|Salt Cure|p2b: Ursaluna
|-resisted|p2b: Ursaluna
|-damage|p2b: Ursaluna|95/100
|-start|p2b: Ursaluna|Salt Cure
|
|-weather|SunnyDay|[upkeep]
|-damage|p2b: Ursaluna|83/100|[from] Salt Cure
|-status|p2b: Ursaluna|brn|[from] item: Flame Orb
|upkeep
|turn|2
|inactive|speedracer1 has 30 seconds left.
|inactive|speedracer1 has 20 seconds left.
|
|t:|1756855427
|-terastallize|p2b: Ursaluna|Ghost
|move|p1a: Garganacl|Protect|p1a: Garganacl
|-singleturn|p1a: Garganacl|Protect
|move|p2a: Jumpluff|Sleep Powder|p1b: Ninetales
|-status|p1b: Ninetales|slp|[from] move: Sleep Powder
|cant|p1b: Ninetales|slp
|move|p2b: Ursaluna|Earthquake|p1a: Garganacl|[spread] p1b
|-activate|p1a: Garganacl|move: Protect
|-immune|p2a: Jumpluff
|-damage|p1b: Ninetales|4/100 slp
|
|-weather|SunnyDay|[upkeep]
|-damage|p2b: Ursaluna|77/100 brn|[from] brn
|-damage|p2b: Ursaluna|65/100 brn|[from] Salt Cure
|upkeep
|turn|3
|
|t:|1756855447
|switch|p2a: Charizard|Charizard, L50, M|100/100
|switch|p1a: Garchomp|Garchomp, L50, M|100/100
|cant|p1b: Ninetales|slp
|move|p2b: Ursaluna|Earthquake|p1b: Ninetales|[spread] p1a,p1b
|-immune|p2a: Charizard
|-damage|p1a: Garchomp|28/100
|-damage|p1b: Ninetales|0 fnt
|faint|p1b: Ninetales
|
|-weather|SunnyDay|[upkeep]
|-damage|p2a: Charizard|88/100|[from] ability: Solar Power|[of] p2a: Charizard
|-damage|p2b: Ursaluna|59/100 brn|[from] brn
|-damage|p2b: Ursaluna|47/100 brn|[from] Salt Cure
|upkeep
|
|t:|1756855463
|switch|p1b: Dondozo|Dondozo, L50, M|100/100
|turn|4
|inactive|speedracer1 has 30 seconds left.
|
|t:|1756855494
|switch|p2b: Jumpluff|Jumpluff, L50, M|100/100
|move|p1a: Garchomp|Protect|p1a: Garchomp
|-singleturn|p1a: Garchomp|Protect
|move|p2a: Charizard|Weather Ball|p1a: Garchomp
|-activate|p1a: Garchomp|move: Protect
|move|p1b: Dondozo|Yawn|p2a: Charizard
|-start|p2a: Charizard|move: Yawn|[of] p1b: Dondozo
|
|-weather|SunnyDay|[upkeep]
|-damage|p2a: Charizard|76/100|[from] ability: Solar Power|[of] p2a: Charizard
|-sideend|p2: speedracer1|move: Tailwind
|upkeep
|turn|5
|inactive|masterhax3 has 30 seconds left.
|inactive|speedracer1 has 30 seconds left.
|
|t:|1756855522
|switch|p1a: Garganacl|Garganacl, L50, M|70/100
|move|p2b: Jumpluff|Tailwind|p2b: Jumpluff
|-sidestart|p2: speedracer1|move: Tailwind
|move|p2a: Charizard|Weather Ball|p1a: Garganacl
|-resisted|p1a: Garganacl
|-damage|p1a: Garganacl|15/100
|move|p1b: Dondozo|Yawn|p2b: Jumpluff
|-start|p2b: Jumpluff|move: Yawn|[of] p1b: Dondozo
|
|-weather|none
|-end|p2a: Charizard|move: Yawn|[silent]
|-status|p2a: Charizard|slp
|upkeep
|turn|6
|inactive|masterhax3 has 30 seconds left.
|inactive|speedracer1 has 30 seconds left.
|
|t:|1756855552
|switch|p2b: Torkoal|Torkoal, L50, M|100/100
|-weather|SunnyDay|[from] ability: Drought|[of] p2b: Torkoal
|switch|p1b: Garchomp|Garchomp, L50, M|28/100
|move|p1a: Garganacl|Protect|p1a: Garganacl
|-singleturn|p1a: Garganacl|Protect
|cant|p2a: Charizard|slp
|
|-weather|SunnyDay|[upkeep]
|-damage|p2a: Charizard|63/100 slp|[from] ability: Solar Power|[of] p2a: Charizard
|upkeep
|turn|7
|inactive|speedracer1 has 30 seconds left.
|
|t:|1756855582
|cant|p2a: Charizard|slp
|move|p1b: Garchomp|Rock Slide|p2a: Charizard|[spread] p2a,p2b
|-supereffective|p2a: Charizard
|-supereffective|p2b: Torkoal
|-damage|p2a: Charizard|0 fnt
|-damage|p2b: Torkoal|64/100
|faint|p2a: Charizard
|-damage|p1b: Garchomp|19/100|[from] item: Life Orb
|cant|p2b: Torkoal|flinch
|move|p1a: Garganacl|Recover|p1a: Garganacl
|-heal|p1a: Garganacl|66/100
|
|-weather|SunnyDay|[upkeep]
|upkeep
|
|t:|1756855594
|switch|p2a: Ursaluna|Ursaluna, L50, M, tera:Ghost|47/100 brn
|turn|8
|inactive|speedracer1 has 30 seconds left.
|inactive|speedracer1 has 20 seconds left.
|
|t:|1756855634
|switch|p2b: Jumpluff|Jumpluff, L50, M|100/100
|-terastallize|p1a: Garganacl|Flying
|move|p2a: Ursaluna|Earthquake|p1b: Garchomp|[spread] p1b
|-immune|p2b: Jumpluff
|-immune|p1a: Garganacl
|-damage|p1b: Garchomp|0 fnt
|faint|p1b: Garchomp
|move|p1a: Garganacl|Recover|p1a: Garganacl
|-heal|p1a: Garganacl|100/100
|
|-weather|SunnyDay|[upkeep]
|-damage|p2a: Ursaluna|41/100 brn|[from] brn
|-sideend|p2: speedracer1|move: Tailwind
|upkeep
|
|t:|1756855649
|switch|p1b: Dondozo|Dondozo, L50, M|100/100
|turn|9
|inactive|speedracer1 has 30 seconds left.
|
|t:|1756855674
|move|p2b: Jumpluff|Sleep Powder|p1b: Dondozo
|-status|p1b: Dondozo|slp|[from] move: Sleep Powder
|move|p2a: Ursaluna|Facade|p1a: Garganacl
|-damage|p1a: Garganacl|15/100
|cant|p1b: Dondozo|slp
|move|p1a: Garganacl|Salt Cure|p2a: Ursaluna
|-damage|p2a: Ursaluna|29/100 brn
|-start|p2a: Ursaluna|Salt Cure
|
|-weather|SunnyDay|[upkeep]
|-damage|p2a: Ursaluna|23/100 brn|[from] brn
|-damage|p2a: Ursaluna|11/100 brn|[from] Salt Cure
|upkeep
|turn|10
|inactive|speedracer1 has 30 seconds left.
|
|t:|1756855707
|switch|p2a: Torkoal|Torkoal, L50, M|64/100
|move|p2b: Jumpluff|Tailwind|p2b: Jumpluff
|-sidestart|p2: speedracer1|move: Tailwind
|cant|p1b: Dondozo|slp
|move|p1a: Garganacl|Recover|p1a: Garganacl
|-heal|p1a: Garganacl|65/100
|
|-weather|none
|upkeep
|turn|11
|
|t:|1756855719
|move|p2b: Jumpluff|Sunny Day|p2b: Jumpluff
|-weather|SunnyDay
|move|p2a: Torkoal|Overheat|p1a: Garganacl
|-damage|p1a: Garganacl|9/100
|-unboost|p2a: Torkoal|spa|2
|cant|p1b: Dondozo|slp
|move|p1a: Garganacl|Stealth Rock|p2a: Torkoal
|-sidestart|p2: speedracer1|move: Stealth Rock
|
|-weather|SunnyDay|[upkeep]
|upkeep
|turn|12
|
|t:|1756855740
|move|p1a: Garganacl|Protect|p1a: Garganacl
|-singleturn|p1a: Garganacl|Protect
|move|p2b: Jumpluff|Rage Powder|p2b: Jumpluff
|-singleturn|p2b: Jumpluff|move: Rage Powder
|move|p2a: Torkoal|Eruption|p1a: Garganacl|[spread] p1b
|-activate|p1a: Garganacl|move: Protect
|-resisted|p1b: Dondozo
|-damage|p1b: Dondozo|85/100 slp
|-curestatus|p1b: Dondozo|slp|[msg]
|move|p1b: Dondozo|Yawn|p2b: Jumpluff
|-start|p2b: Jumpluff|move: Yawn|[of] p1b: Dondozo
|
|-weather|SunnyDay|[upkeep]
|-heal|p1b: Dondozo|91/100|[from] item: Leftovers
|upkeep
|turn|13
|
|t:|1756855762
|move|p2b: Jumpluff|Rage Powder|p2b: Jumpluff
|-singleturn|p2b: Jumpluff|move: Rage Powder
|move|p2a: Torkoal|Eruption|p1b: Dondozo|[spread] p1a,p1b
|-resisted|p1b: Dondozo
|-crit|p1b: Dondozo
|-damage|p1a: Garganacl|0 fnt
|-damage|p1b: Dondozo|67/100
|faint|p1a: Garganacl
|move|p1b: Dondozo|Liquidation|p2b: Jumpluff
|-resisted|p2b: Jumpluff
|-damage|p2b: Jumpluff|91/100
|
|-weather|SunnyDay|[upkeep]
|-heal|p1b: Dondozo|73/100|[from] item: Leftovers
|-end|p2b: Jumpluff|move: Yawn|[silent]
|-status|p2b: Jumpluff|slp
|-sideend|p2: speedracer1|move: Tailwind
|upkeep
|turn|14
|
|t:|1756855778
|move|p2a: Torkoal|Protect|p2a: Torkoal
|-singleturn|p2a: Torkoal|Protect
|cant|p2b: Jumpluff|slp
|move|p1b: Dondozo|Liquidation|p2a: Torkoal
|-activate|p2a: Torkoal|move: Protect
|
|-weather|SunnyDay|[upkeep]
|-heal|p1b: Dondozo|79/100|[from] item: Leftovers
|upkeep
|turn|15
|
|t:|1756855789
|cant|p2b: Jumpluff|slp
|move|p1b: Dondozo|Liquidation|p2a: Torkoal
|-supereffective|p2a: Torkoal
|-damage|p2a: Torkoal|40/100
|move|p2a: Torkoal|Overheat|p1b: Dondozo
|-resisted|p1b: Dondozo
|-damage|p1b: Dondozo|50/100
|-unboost|p2a: Torkoal|spa|2
|
|-weather|none
|-heal|p1b: Dondozo|56/100|[from] item: Leftovers
|upkeep
|turn|16
|
|t:|1756855799
|move|p2a: Torkoal|Protect|p2a: Torkoal
|-singleturn|p2a: Torkoal|Protect
|-curestatus|p2b: Jumpluff|slp|[msg]
|move|p2b: Jumpluff|Sunny Day|p2b: Jumpluff
|-weather|SunnyDay
|move|p1b: Dondozo|Liquidation|p2a: Torkoal
|-activate|p2a: Torkoal|move: Protect
|
|-weather|SunnyDay|[upkeep]
|-heal|p1b: Dondozo|62/100|[from] item: Leftovers
|upkeep
|turn|17
|inactive|speedracer1 has 30 seconds left.
|
|t:|1756855805
|move|p2b: Jumpluff|Sleep Powder|p1b: Dondozo
|-status|p1b: Dondozo|slp|[from] move: Sleep Powder
|cant|p1b: Dondozo|slp
|move|p2a: Torkoal|Overheat|p1b: Dondozo
|-resisted|p1b: Dondozo
|-damage|p1b: Dondozo|30/100 slp
|-unboost|p2a: Torkoal|spa|2
|
|-weather|SunnyDay|[upkeep]
|-heal|p1b: Dondozo|36/100 slp|[from] item: Leftovers
|upkeep
|turn|18
|inactive|speedracer1 has 30 seconds left this turn.
|
|t:|1756855813
|move|p2b: Jumpluff|Sunny Day||[still]
|-fail|p2b: Jumpluff
|-curestatus|p1b: Dondozo|slp|[msg]
|move|p1b: Dondozo|Liquidation|p2a: Torkoal
|-supereffective|p2a: Torkoal
|-damage|p2a: Torkoal|12/100
|move|p2a: Torkoal|Eruption|p1b: Dondozo
|-resisted|p1b: Dondozo
|-damage|p1b: Dondozo|32/100
|
|-weather|SunnyDay|[upkeep]
|-heal|p1b: Dondozo|38/100|[from] item: Leftovers
|upkeep
|turn|19
|inactive|speedracer1 has 30 seconds left this turn.
|
|t:|1756855824
|move|p1b: Dondozo|Protect|p1b: Dondozo
|-singleturn|p1b: Dondozo|Protect
|move|p2b: Jumpluff|Rage Powder|p2b: Jumpluff
|-singleturn|p2b: Jumpluff|move: Rage Powder
|move|p2a: Torkoal|Overheat|p1b: Dondozo
|-activate|p1b: Dondozo|move: Protect
|
|-weather|SunnyDay|[upkeep]
|-heal|p1b: Dondozo|44/100|[from] item: Leftovers
|upkeep
|turn|20
|inactive|speedracer1 has 25 seconds left this turn.
|
|t:|1756855827
|move|p2b: Jumpluff|Rage Powder|p2b: Jumpluff
|-singleturn|p2b: Jumpluff|move: Rage Powder
|move|p1b: Dondozo|Yawn|p2b: Jumpluff
|-start|p2b: Jumpluff|move: Yawn|[of] p1b: Dondozo
|move|p2a: Torkoal|Overheat|p1b: Dondozo
|-resisted|p1b: Dondozo
|-damage|p1b: Dondozo|10/100
|
|-weather|none
|-heal|p1b: Dondozo|16/100|[from] item: Leftovers
|upkeep
|turn|21
|inactive|speedracer1 has 25 seconds left this turn.
|inactive|speedracer1 has 20 seconds left.
|inactive|speedracer1 has 15 seconds left.
|
|t:|1756855840
|move|p1b: Dondozo|Protect|p1b: Dondozo
|-singleturn|p1b: Dondozo|Protect
|move|p2b: Jumpluff|Tailwind|p2b: Jumpluff
|-sidestart|p2: speedracer1|move: Tailwind
|move|p2a: Torkoal|Overheat|p1b: Dondozo
|-activate|p1b: Dondozo|move: Protect
|
|-heal|p1b: Dondozo|22/100|[from] item: Leftovers
|-end|p2b: Jumpluff|move: Yawn|[silent]
|-status|p2b: Jumpluff|slp
|upkeep
|turn|22
|inactive|speedracer1 has 15 seconds left this turn.
|
|t:|1756855854
|move|p2a: Torkoal|Protect|p2a: Torkoal
|-singleturn|p2a: Torkoal|Protect
|cant|p2b: Jumpluff|slp
|move|p1b: Dondozo|Liquidation|p2a: Torkoal
|-activate|p2a: Torkoal|move: Protect
|
|-heal|p1b: Dondozo|28/100|[from] item: Leftovers
|upkeep
|turn|23
|inactive|speedracer1 has 15 seconds left this turn.
|
|t:|1756855859
|cant|p2b: Jumpluff|slp
|move|p2a: Torkoal|Overheat|p1b: Dondozo
|-resisted|p1b: Dondozo
|-damage|p1b: Dondozo|9/100
|move|p1b: Dondozo|Liquidation|p2a: Torkoal
|-supereffective|p2a: Torkoal
|-damage|p2a: Torkoal|0 fnt
|faint|p2a: Torkoal
|
|-heal|p1b: Dondozo|15/100|[from] item: Leftovers
|upkeep
|inactive|speedracer1 has 15 seconds left this turn.
|
|t:|1756855860
|switch|p2a: Ursaluna|Ursaluna, L50, M, tera:Ghost|11/100 brn
|-damage|p2a: Ursaluna|0 fnt|[from] Stealth Rock
|faint|p2a: Ursaluna
|turn|24
|inactive|speedracer1 has 15 seconds left this turn.
|
|t:|1756855873
|-curestatus|p2b: Jumpluff|slp|[msg]
|move|p2b: Jumpluff|Sleep Powder|p1b: Dondozo
|-status|p1b: Dondozo|slp|[from] move: Sleep Powder
|cant|p1b: Dondozo|slp
|
|-heal|p1b: Dondozo|21/100 slp|[from] item: Leftovers
|-sideend|p2: speedracer1|move: Tailwind
|upkeep
|turn|25
|inactive|speedracer1 has 15 seconds left this turn.
|
|t:|1756855885
|move|p2b: Jumpluff|Sleep Powder|p1b: Dondozo|[miss]
|-miss|p2b: Jumpluff|p1b: Dondozo
|cant|p1b: Dondozo|slp
|
|-heal|p1b: Dondozo|27/100 slp|[from] item: Leftovers
|upkeep
|turn|26
|inactive|speedracer1 has 15 seconds left this turn.
|
|t:|1756855889
|move|p2b: Jumpluff|Sleep Powder|p1b: Dondozo|[miss]
|-miss|p2b: Jumpluff|p1b: Dondozo
|cant|p1b: Dondozo|slp
|
|-heal|p1b: Dondozo|33/100 slp|[from] item: Leftovers
|upkeep
|turn|27
|inactive|speedracer1 has 15 seconds left this turn.
|
|t:|1756855893
|move|p2b: Jumpluff|Sunny Day|p2b: Jumpluff
|-weather|SunnyDay
|-curestatus|p1b: Dondozo|slp|[msg]
|move|p1b: Dondozo|Liquidation|p2b: Jumpluff
|-resisted|p2b: Jumpluff
|-damage|p2b: Jumpluff|81/100
|
|-weather|SunnyDay|[upkeep]
|-heal|p1b: Dondozo|39/100|[from] item: Leftovers
|upkeep
|turn|28
|inactive|speedracer1 has 15 seconds left this turn.
|
|t:|1756855900
|move|p2b: Jumpluff|Sleep Powder|p1b: Dondozo
|-status|p1b: Dondozo|slp|[from] move: Sleep Powder
|cant|p1b: Dondozo|slp
|
|-weather|SunnyDay|[upkeep]
|-heal|p1b: Dondozo|45/100 slp|[from] item: Leftovers
|upkeep
|turn|29
|inactive|speedracer1 has 15 seconds left this turn.
|
|t:|1756855904
|move|p2b: Jumpluff|Sleep Powder|p1b: Dondozo
|-fail|p1b: Dondozo|slp
|cant|p1b: Dondozo|slp
|
|-weather|SunnyDay|[upkeep]
|-heal|p1b: Dondozo|51/100 slp|[from] item: Leftovers
|upkeep
|turn|30
|inactive|speedracer1 has 15 seconds left this turn.
|
|t:|1756855907
|move|p2b: Jumpluff|Sleep Powder|p1b: Dondozo
|-fail|p1b: Dondozo|slp
|-curestatus|p1b: Dondozo|slp|[msg]
|move|p1b: Dondozo|Liquidation|p2b: Jumpluff
|-resisted|p2b: Jumpluff
|-damage|p2b: Jumpluff|71/100
|
|-weather|SunnyDay|[upkeep]
|-heal|p1b: Dondozo|57/100|[from] item: Leftovers
|upkeep
|turn|31
|inactive|speedracer1 has 15 seconds left this turn.
|
|t:|1756855910
|move|p2b: Jumpluff|Sleep Powder|p1b: Dondozo|[miss]
|-miss|p2b: Jumpluff|p1b: Dondozo
|move|p1b: Dondozo|Liquidation|p2b: Jumpluff
|-resisted|p2b: Jumpluff
|-damage|p2b: Jumpluff|60/100
|
|-weather|none
|-heal|p1b: Dondozo|63/100|[from] item: Leftovers
|upkeep
|turn|32
|inactive|speedracer1 has 15 seconds left this turn.
|
|t:|1756855918
|move|p2b: Jumpluff|Sunny Day|p2b: Jumpluff
|-weather|SunnyDay
|move|p1b: Dondozo|Liquidation|p2b: Jumpluff
|-resisted|p2b: Jumpluff
|-damage|p2b: Jumpluff|50/100
|
|-weather|SunnyDay|[upkeep]
|-heal|p1b: Dondozo|69/100|[from] item: Leftovers
|upkeep
|turn|33
|inactive|speedracer1 has 15 seconds left this turn.
|
|t:|1756855923
|move|p2b: Jumpluff|Sleep Powder|p1b: Dondozo
|-status|p1b: Dondozo|slp|[from] move: Sleep Powder
|cant|p1b: Dondozo|slp
|
|-weather|SunnyDay|[upkeep]
|-heal|p1b: Dondozo|75/100 slp|[from] item: Leftovers
|upkeep
|turn|34
|inactive|speedracer1 has 15 seconds left this turn.
|
|t:|1756855927
|move|p2b: Jumpluff|Rage Powder|p2b: Jumpluff
|-singleturn|p2b: Jumpluff|move: Rage Powder
|cant|p1b: Dondozo|slp
|
|-weather|SunnyDay|[upkeep]
|-heal|p1b: Dondozo|82/100 slp|[from] item: Leftovers
|upkeep
|turn|35
|inactive|speedracer1 has 15 seconds left this turn.
|inactive|speedracer1 has 10 seconds left.
|
|t:|1756855933
|move|p2b: Jumpluff|Rage Powder|p2b: Jumpluff
|-singleturn|p2b: Jumpluff|move: Rage Powder
|cant|p1b: Dondozo|slp
|
|-weather|SunnyDay|[upkeep]
|-heal|p1b: Dondozo|88/100 slp|[from] item: Leftovers
|upkeep
|turn|36
|inactive|speedracer1 has 10 seconds left this turn.
|
|t:|1756855936
|move|p2b: Jumpluff|Rage Powder|p2b: Jumpluff
|-singleturn|p2b: Jumpluff|move: Rage Powder
|-curestatus|p1b: Dondozo|slp|[msg]
|move|p1b: Dondozo|Yawn|p2b: Jumpluff
|-start|p2b: Jumpluff|move: Yawn|[of] p1b: Dondozo
|
|-weather|none
|-heal|p1b: Dondozo|94/100|[from] item: Leftovers
|upkeep
|turn|37
|inactive|speedracer1 has 10 seconds left this turn.
|
|t:|1756855941
|move|p1b: Dondozo|Protect|p1b: Dondozo
|-singleturn|p1b: Dondozo|Protect
|move|p2b: Jumpluff|Sleep Powder|p1b: Dondozo
|-activate|p1b: Dondozo|move: Protect
|
|-heal|p1b: Dondozo|99/100|[from] item: Leftovers
|-end|p2b: Jumpluff|move: Yawn|[silent]
|-status|p2b: Jumpluff|slp
|upkeep
|turn|38
|inactive|speedracer1 has 10 seconds left this turn.
|
|t:|1756855944
|cant|p2b: Jumpluff|slp
|move|p1b: Dondozo|Fissure|p2b: Jumpluff
|-immune|p2b: Jumpluff
|
|-heal|p1b: Dondozo|100/100|[from] item: Leftovers
|upkeep
|turn|39
|inactive|speedracer1 has 10 seconds left this turn.
|
|t:|1756855947
|cant|p2b: Jumpluff|slp
|move|p1b: Dondozo|Liquidation|p2b: Jumpluff
|-resisted|p2b: Jumpluff
|-damage|p2b: Jumpluff|30/100 slp
|
|upkeep
|turn|40
|inactive|speedracer1 has 10 seconds left this turn.
|
|t:|1756855950
|-curestatus|p2b: Jumpluff|slp|[msg]
|move|p2b: Jumpluff|Sleep Powder|p1b: Dondozo
|-status|p1b: Dondozo|slp|[from] move: Sleep Powder
|cant|p1b: Dondozo|slp
|
|upkeep
|turn|41
|inactive|speedracer1 has 10 seconds left this turn.
|
|t:|1756855955
|move|p2b: Jumpluff|Rage Powder|p2b: Jumpluff
|-singleturn|p2b: Jumpluff|move: Rage Powder
|cant|p1b: Dondozo|slp
|
|upkeep
|turn|42
|inactive|speedracer1 has 10 seconds left this turn.
|
|t:|1756855957
|move|p2b: Jumpluff|Sunny Day|p2b: Jumpluff
|-weather|SunnyDay
|-curestatus|p1b: Dondozo|slp|[msg]
|move|p1b: Dondozo|Yawn|p2b: Jumpluff
|-start|p2b: Jumpluff|move: Yawn|[of] p1b: Dondozo
|
|-weather|SunnyDay|[upkeep]
|upkeep
|turn|43
|inactive|speedracer1 has 10 seconds left this turn.
|
|t:|1756855962
|move|p1b: Dondozo|Protect|p1b: Dondozo
|-singleturn|p1b: Dondozo|Protect
|move|p2b: Jumpluff|Sleep Powder|p1b: Dondozo
|-activate|p1b: Dondozo|move: Protect
|
|-weather|SunnyDay|[upkeep]
|-end|p2b: Jumpluff|move: Yawn|[silent]
|-status|p2b: Jumpluff|slp
|upkeep
|turn|44
|inactive|speedracer1 has 10 seconds left this turn.
|
|t:|1756855966
|cant|p2b: Jumpluff|slp
|move|p1b: Dondozo|Liquidation|p2b: Jumpluff
|-resisted|p2b: Jumpluff
|-damage|p2b: Jumpluff|19/100 slp
|
|-weather|SunnyDay|[upkeep]
|upkeep
|turn|45
|inactive|speedracer1 has 10 seconds left this turn.
|
|t:|1756855973
|cant|p2b: Jumpluff|slp
|move|p1b: Dondozo|Liquidation|p2b: Jumpluff
|-resisted|p2b: Jumpluff
|-damage|p2b: Jumpluff|9/100 slp
|
|-weather|SunnyDay|[upkeep]
|upkeep
|turn|46
|inactive|speedracer1 has 10 seconds left this turn.
|
|t:|1756855978
|cant|p2b: Jumpluff|slp
|move|p1b: Dondozo|Liquidation|p2b: Jumpluff
|-resisted|p2b: Jumpluff
|-damage|p2b: Jumpluff|0 fnt
|faint|p2b: Jumpluff
|
|win|masterhax3
|raw|masterhax3's rating: 1085 → 1118(+33 for winning)
|raw|speedracer1's rating: 1154 → 1124(-30 for losing)
|l|☆masterhax3
|player|p1|
|j|☆masterhax3
|player|p1|masterhax3|scientist-gen4dp|
