|j|☆Yazzlematazzle
|j|☆AbadanRiyi92
|html|YazzlematazzleAbadanRiyi92    
|uhtml|bestof|Game 1 of a best-of-3
|t:|1785118004
|gametype|doubles
|player|p1|Yazzlematazzle|169|1000
|player|p2|AbadanRiyi92|colress|1102
|gen|9
|tier|[Gen 9 Champions] VGC 2026 Reg M-B (Bo3)
|rated|
|rule|Species Clause: Limit one of each Pokémon
|rule|Item Clause: Limit 1 of each item
|clearpoke
|poke|p1|Pelipper, L50, F|
|poke|p1|Raichu, L50, M|
|poke|p1|Feraligatr, L50, F|
|poke|p1|Sneasler, L50, M|
|poke|p1|Volcarona, L50, M|
|poke|p1|Floette-Eternal, L50, F|
|poke|p2|Gengar, L50, M, shiny|
|poke|p2|Maushold-Four, L50|
|poke|p2|Annihilape, L50, M|
|poke|p2|Incineroar, L50, M|
|poke|p2|Politoed, L50, M, shiny|
|poke|p2|Archaludon, L50, M|
|teampreview|4
|showteam|p1|Pelipper||SitrusBerry|Drizzle|Tailwind,Hurricane,WeatherBall,WideGuard|Quiet||F|||50|]Raichu||RaichuniteY|LightningRod|ZapCannon,FakeOut,Protect,FocusBlast|Hasty||M|||50|]Feraligatr||LifeOrb|SheerForce|IcePunch,Liquidation,Protect,Crunch|Adamant||F|||50|]Sneasler||WhiteHerb|Unburden|FakeOut,CloseCombat,Protect,DireClaw|Adamant||M|||50|]Volcarona||Leftovers|FlameBody|GigaDrain,Protect,MysticalFire,FieryDance|Bold||M|||50|]Floette-Eternal||Floettite|FlowerVeil|LightofRuin,CalmMind,Protect,GigaDrain|Modest||F|||50|
|showteam|p2|Gengar||Gengarite|CursedBody|ShadowBall,Disable,PerishSong,Protect|Timid||M|||50|]Maushold-Four||FocusSash|FriendGuard|FollowMe,Encore,BeatUp,Protect|Jolly|||||50|]Annihilape||RoseliBerry|Defiant|RageFist,DrainPunch,BulkUp,Protect|Adamant||M|||50|]Incineroar||PasshoBerry|Intimidate|PartingShot,ThroatChop,Protect,FakeOut|Sassy||M|||50|]Politoed||SitrusBerry|Drizzle|WeatherBall,Encore,PerishSong,Protect|Calm||M|||50|]Archaludon||Leftovers|Stamina|DragonPulse,FlashCannon,ElectroShot,Protect|Bold||M|||50|
|inactive|Battle timer is ON: inactive players will automatically lose when time's up. (requested by AbadanRiyi92)
|inactive|Yazzlematazzle has 60 seconds left.
|
|t:|1785118060
|teamsize|p1|4
|teamsize|p2|4
|start
|switch|p1a: Sneasler|Sneasler, L50, M|100/100
|switch|p1b: Floette|Floette-Eternal, L50, F|100/100
|switch|p2a: Gengar|Gengar, L50, M, shiny|100/100
|switch|p2b: Incineroar|Incineroar, L50, M|100/100
|-ability|p2b: Incineroar|Intimidate|boost
|-unboost|p1a: Sneasler|atk|1
|-unboost|p1b: Floette|atk|1
|-enditem|p1a: Sneasler|White Herb
|-clearnegativeboost|p1a: Sneasler|[silent]
|turn|1
|inactive|AbadanRiyi92 has 30 seconds left.
|inactive|AbadanRiyi92 has 20 seconds left.
|
|t:|1785118099
|detailschange|p2a: Gengar|Gengar-Mega, L50, M, shiny
|-mega|p2a: Gengar|Gengar|Gengarite
|detailschange|p1b: Floette|Floette-Mega, L50, F
|-mega|p1b: Floette|Floette|Floettite
|-ability|p1b: Floette|Fairy Aura
|move|p1a: Sneasler|Fake Out|p2b: Incineroar
|-damage|p2b: Incineroar|85/100
|cant|p2b: Incineroar|flinch
|move|p2a: Gengar|Perish Song|p2a: Gengar
|-start|p1a: Sneasler|perish3|[silent]
|-start|p1b: Floette|perish3|[silent]
|-start|p2a: Gengar|perish3|[silent]
|-start|p2b: Incineroar|perish3|[silent]
|-fieldactivate|move: Perish Song
|move|p1b: Floette|Light of Ruin|p2a: Gengar
|-resisted|p2a: Gengar|1
|-damage|p2a: Gengar|38/100
|-damage|p1b: Floette|71/100|[from] Recoil
|
|-start|p1a: Sneasler|perish3
|-start|p2a: Gengar|perish3
|-start|p1b: Floette|perish3
|-start|p2b: Incineroar|perish3
|upkeep
|turn|2
|
|t:|1785118124
|move|p2a: Gengar|Protect|p2a: Gengar
|-singleturn|p2a: Gengar|Protect
|move|p2b: Incineroar|Protect|p2b: Incineroar
|-singleturn|p2b: Incineroar|Protect
|move|p1a: Sneasler|Dire Claw|p2b: Incineroar
|-activate|p2b: Incineroar|move: Protect
|move|p1b: Floette|Calm Mind|p1b: Floette
|-boost|p1b: Floette|spa|1
|-boost|p1b: Floette|spd|1
|
|-start|p1a: Sneasler|perish2
|-start|p2a: Gengar|perish2
|-start|p1b: Floette|perish2
|-start|p2b: Incineroar|perish2
|upkeep
|turn|3
|
|t:|1785118148
|switch|p2a: Politoed|Politoed, L50, M, shiny|100/100
|-weather|RainDance|[from] ability: Drizzle|[of] p2a: Politoed
|move|p1a: Sneasler|Close Combat|p2b: Incineroar
|-supereffective|p2b: Incineroar|1
|-damage|p2b: Incineroar|0 fnt
|-unboost|p1a: Sneasler|def|1
|-unboost|p1a: Sneasler|spd|1
|faint|p2b: Incineroar
|move|p1b: Floette|Light of Ruin|p2a: Politoed
|-damage|p2a: Politoed|0 fnt
|faint|p2a: Politoed
|-damage|p1b: Floette|17/100|[from] Recoil
|
|-weather|RainDance|[upkeep]
|-start|p1a: Sneasler|perish1
|-start|p1b: Floette|perish1
|upkeep
|
|t:|1785118166
|switch|p2a: Gengar|Gengar-Mega, L50, M, shiny|38/100
|switch|p2b: Archaludon|Archaludon, L50, M|100/100
|turn|4
|
|t:|1785118174
|move|p2a: Gengar|Protect|p2a: Gengar
|-singleturn|p2a: Gengar|Protect
|move|p2b: Archaludon|Protect|p2b: Archaludon
|-singleturn|p2b: Archaludon|Protect
|move|p1a: Sneasler|Close Combat|p2b: Archaludon
|-activate|p2b: Archaludon|move: Protect
|move|p1b: Floette|Light of Ruin|p2b: Archaludon
|-activate|p2b: Archaludon|move: Protect
|
|-weather|RainDance|[upkeep]
|-start|p1a: Sneasler|perish0
|-start|p1b: Floette|perish0
|faint|p1a: Sneasler
|faint|p1b: Floette
|upkeep
|
|t:|1785118182
|switch|p1a: Feraligatr|Feraligatr, L50, F|100/100
|switch|p1b: Pelipper|Pelipper, L50, F|100/100
|turn|5
|inactive|Yazzlematazzle has 30 seconds left.
|inactive|Yazzlematazzle has 20 seconds left.
|
|t:|1785118221
|move|p2a: Gengar|Shadow Ball|p1a: Feraligatr
|-damage|p1a: Feraligatr|51/100
|move|p2b: Archaludon|Electro Shot||[still]
|-prepare|p2b: Archaludon|Electro Shot
|-boost|p2b: Archaludon|spa|1
|-anim|p2b: Archaludon|Electro Shot|p1b: Pelipper
|-supereffective|p1b: Pelipper|2
|-crit|p1b: Pelipper
|-damage|p1b: Pelipper|0 fnt
|faint|p1b: Pelipper
|move|p1a: Feraligatr|Crunch|p2a: Gengar
|-supereffective|p2a: Gengar|1
|-damage|p2a: Gengar|0 fnt
|faint|p2a: Gengar
|
|-weather|RainDance|[upkeep]
|upkeep
|turn|6
|
|t:|1785118236
|move|p1a: Feraligatr|Protect|p1a: Feraligatr
|-singleturn|p1a: Feraligatr|Protect
|move|p2b: Archaludon|Electro Shot||[still]
|-prepare|p2b: Archaludon|Electro Shot
|-boost|p2b: Archaludon|spa|1
|-anim|p2b: Archaludon|Electro Shot|p1a: Feraligatr
|-activate|p1a: Feraligatr|move: Protect
|
|-weather|RainDance|[upkeep]
|upkeep
|turn|7
|
|t:|1785118245
|move|p1a: Feraligatr|Protect||[still]
|-fail|p1a: Feraligatr
|move|p2b: Archaludon|Electro Shot||[still]
|-prepare|p2b: Archaludon|Electro Shot
|-boost|p2b: Archaludon|spa|1
|-anim|p2b: Archaludon|Electro Shot|p1a: Feraligatr
|-supereffective|p1a: Feraligatr|1
|-crit|p1a: Feraligatr
|-damage|p1a: Feraligatr|0 fnt
|faint|p1a: Feraligatr
|
|win|AbadanRiyi92
