|j|☆G-Max_eternatusboi
|j|☆2-3 Drop Man
|html|G-Max_eternatusboi2-3 Drop Man    
|uhtml|bestof|Game 1 of a best-of-3
|t:|1757189158
|gametype|doubles
|player|p1|G-Max_eternatusboi|volo|1000
|player|p2|2-3 Drop Man|benga|1000
|gen|9
|tier|[Gen 9] VGC 2025 Reg H (Bo3)
|rated|
|rule|Species Clause: Limit one of each Pokémon
|rule|Item Clause: Limit 1 of each item
|clearpoke
|poke|p1|Whimsicott, L50, F|
|poke|p1|Incineroar, L50, F|
|poke|p1|Rillaboom, L50, M|
|poke|p1|Volcarona, L50, M|
|poke|p1|Barraskewda, L50, M|
|poke|p1|Maushold, L50|
|poke|p2|Gholdengo, L50|
|poke|p2|Dragonite, L50, F|
|poke|p2|Sneasler, L50, M|
|poke|p2|Incineroar, L50, F|
|poke|p2|Indeedee, L50, M|
|poke|p2|Ninetales-Alola, L50, M|
|teampreview|4
|showteam|p1|Whimsicott||FocusSash|Prankster|Tailwind,Moonblast,Encore,Protect|||F|||50|,,,,,Dark]Incineroar||SitrusBerry|Intimidate|FakeOut,PartingShot,KnockOff,Taunt|||F|||50|,,,,,Grass]Rillaboom||AssaultVest|GrassySurge|FakeOut,GrassyGlide,Uturn,WoodHammer|||M|||50|,,,,,Water]Volcarona||Leftovers|FlameBody|QuiverDance,FieryDance,GigaDrain,Protect|||M|||50|,,,,,Grass]Barraskewda||ChoiceBand|SwiftSwim|CloseCombat,Waterfall,PoisonJab,FlipTurn|||M|||50|,,,,,Water]Maushold||RockyHelmet|FriendGuard|FollowMe,HelpingHand,Protect,Taunt||||||50|,,,,,Ghost
|showteam|p2|Gholdengo||LifeOrb|GoodasGold|Protect,MakeItRain,ShadowBall,NastyPlot||||||50|,,,,,Water]Dragonite||LoadedDice|Multiscale|ScaleShot,Tailwind,Haze,Protect|||F|||50|,,,,,Fairy]Sneasler||PsychicSeed|Unburden|Protect,DireClaw,CloseCombat,ThroatChop|||M|||50|,,,,,Dark]Incineroar||SafetyGoggles|Intimidate|KnockOff,PartingShot,FlareBlitz,FakeOut|||F|||50|,,,,,Ghost]Indeedee||ChoiceScarf|PsychicSurge|Protect,Trick,TeraBlast,ExpandingForce|||M|||50|,,,,,Psychic]Ninetales-Alola||FocusSash|SnowWarning|Blizzard,IcyWind,Encore,AuroraVeil|||M|||50|,,,,,Ghost
|inactive|Battle timer is ON: inactive players will automatically lose when time's up. (requested by G-Max_eternatusboi)
|
|t:|1757189222
|teamsize|p1|4
|teamsize|p2|4
|start
|switch|p1a: Incineroar|Incineroar, L50, F, shiny|100/100
|switch|p1b: Volcarona|Volcarona, L50, M, shiny|100/100
|switch|p2a: Gholdengo|Gholdengo, L50|100/100
|switch|p2b: Incineroar|Incineroar, L50, F|100/100
|-ability|p2b: Incineroar|Intimidate|boost
|-unboost|p1a: Incineroar|atk|1
|-unboost|p1b: Volcarona|atk|1
|-ability|p1a: Incineroar|Intimidate|boost
|-unboost|p2a: Gholdengo|atk|1
|-unboost|p2b: Incineroar|atk|1
|turn|1
|inactive|G-Max_eternatusboi has 30 seconds left.
|inactive|2-3 Drop Man has 30 seconds left.
|
|t:|1757189252
|switch|p1a: Rillaboom|Rillaboom, L50, M, shiny|100/100
|-fieldstart|move: Grassy Terrain|[from] ability: Grassy Surge|[of] p1a: Rillaboom
|move|p2a: Gholdengo|Protect|p2a: Gholdengo
|-singleturn|p2a: Gholdengo|Protect
|move|p1b: Volcarona|Protect|p1b: Volcarona
|-singleturn|p1b: Volcarona|Protect
|move|p2b: Incineroar|Parting Shot|p1b: Volcarona
|-activate|p1b: Volcarona|move: Protect
|
|upkeep
|turn|2
|inactive|2-3 Drop Man has 30 seconds left.
|
|t:|1757189286
|switch|p2a: Indeedee|Indeedee, L50, M|100/100
|-fieldstart|move: Psychic Terrain|[from] ability: Psychic Surge|[of] p2a: Indeedee
|move|p1a: Rillaboom|Fake Out|p2b: Incineroar
|-activate|p2b: Incineroar|move: Psychic Terrain
|move|p1b: Volcarona|Quiver Dance|p1b: Volcarona
|-boost|p1b: Volcarona|spa|1
|-boost|p1b: Volcarona|spd|1
|-boost|p1b: Volcarona|spe|1
|move|p2b: Incineroar|Parting Shot|p1b: Volcarona
|-unboost|p1b: Volcarona|atk|1
|-unboost|p1b: Volcarona|spa|1
|
|t:|1757189295
|switch|p2b: Sneasler|Sneasler, L50, M|100/100|[from] Parting Shot
|-enditem|p2b: Sneasler|Psychic Seed
|-boost|p2b: Sneasler|spd|1|[from] item: Psychic Seed
|
|upkeep
|turn|3
|inactive|2-3 Drop Man has 30 seconds left.
|inactive|2-3 Drop Man has 20 seconds left.
|inactive|2-3 Drop Man has 15 seconds left.
|
|t:|1757189338
|switch|p2b: Incineroar|Incineroar, L50, F|100/100
|-ability|p2b: Incineroar|Intimidate|boost
|-unboost|p1a: Rillaboom|atk|1
|-unboost|p1b: Volcarona|atk|1
|switch|p1a: Incineroar|Incineroar, L50, F, shiny|100/100
|-ability|p1a: Incineroar|Intimidate|boost
|-unboost|p2a: Indeedee|atk|1
|-unboost|p2b: Incineroar|atk|1
|move|p1b: Volcarona|Protect|p1b: Volcarona
|-singleturn|p1b: Volcarona|Protect
|move|p2a: Indeedee|Trick|p1a: Incineroar
|-activate|p2a: Indeedee|move: Trick|[of] p1a: Incineroar
|-item|p1a: Incineroar|Choice Scarf|[from] move: Trick
|-item|p2a: Indeedee|Sitrus Berry|[from] move: Trick
|
|upkeep
|turn|4
|inactive|G-Max_eternatusboi has 30 seconds left.
|
|t:|1757189364
|switch|p1a: Rillaboom|Rillaboom, L50, M, shiny|100/100
|-fieldstart|move: Grassy Terrain|[from] ability: Grassy Surge|[of] p1a: Rillaboom
|move|p2a: Indeedee|Protect|p2a: Indeedee
|-singleturn|p2a: Indeedee|Protect
|move|p1b: Volcarona|Quiver Dance|p1b: Volcarona
|-boost|p1b: Volcarona|spa|1
|-boost|p1b: Volcarona|spd|1
|-boost|p1b: Volcarona|spe|1
|move|p2b: Incineroar|Flare Blitz|p1b: Volcarona
|-damage|p1b: Volcarona|60/100
|-damage|p2b: Incineroar|89/100|[from] Recoil
|
|-heal|p1b: Volcarona|66/100|[from] Grassy Terrain
|-heal|p1b: Volcarona|72/100|[from] item: Leftovers
|-heal|p2b: Incineroar|95/100|[from] Grassy Terrain
|upkeep
|turn|5
|inactive|2-3 Drop Man has 30 seconds left.
|inactive|2-3 Drop Man has 20 seconds left.
|
|t:|1757189401
|move|p1a: Rillaboom|Fake Out|p2b: Incineroar
|-damage|p2b: Incineroar|83/100
|move|p1b: Volcarona|Quiver Dance|p1b: Volcarona
|-boost|p1b: Volcarona|spa|1
|-boost|p1b: Volcarona|spd|1
|-boost|p1b: Volcarona|spe|1
|move|p2a: Indeedee|Tera Blast|p1b: Volcarona
|-damage|p1b: Volcarona|56/100
|cant|p2b: Incineroar|flinch
|
|-heal|p1b: Volcarona|62/100|[from] Grassy Terrain
|-heal|p1b: Volcarona|68/100|[from] item: Leftovers
|-heal|p2b: Incineroar|89/100|[from] Grassy Terrain
|upkeep
|turn|6
|inactive|G-Max_eternatusboi has 30 seconds left.
|
|t:|1757189435
|move|p1b: Volcarona|Protect|p1b: Volcarona
|-singleturn|p1b: Volcarona|Protect
|move|p2a: Indeedee|Protect|p2a: Indeedee
|-singleturn|p2a: Indeedee|Protect
|move|p1a: Rillaboom|U-turn|p2b: Incineroar
|-damage|p2b: Incineroar|67/100
|
|t:|1757189442
|switch|p1a: Incineroar|Incineroar, L50, F, shiny|100/100|[from] U-turn
|-ability|p1a: Incineroar|Intimidate|boost
|-unboost|p2a: Indeedee|atk|1
|-unboost|p2b: Incineroar|atk|1
|move|p2b: Incineroar|Parting Shot|p1b: Volcarona
|-activate|p1b: Volcarona|move: Protect
|
|-heal|p1b: Volcarona|73/100|[from] Grassy Terrain
|-heal|p1b: Volcarona|79/100|[from] item: Leftovers
|-heal|p2b: Incineroar|73/100|[from] Grassy Terrain
|upkeep
|turn|7
|
|t:|1757189457
|switch|p2a: Sneasler|Sneasler, L50, M|100/100
|-terastallize|p2b: Incineroar|Ghost
|move|p1a: Incineroar|Fake Out|p2b: Incineroar
|-immune|p2b: Incineroar
|move|p1b: Volcarona|Fiery Dance|p2a: Sneasler
|-damage|p2a: Sneasler|0 fnt
|faint|p2a: Sneasler
|move|p2b: Incineroar|Parting Shot|p1b: Volcarona
|-unboost|p1b: Volcarona|atk|1
|-unboost|p1b: Volcarona|spa|1
|
|t:|1757189460
|switch|p2b: Indeedee|Indeedee, L50, M|100/100|[from] Parting Shot
|-fieldstart|move: Psychic Terrain|[from] ability: Psychic Surge|[of] p2b: Indeedee
|
|-heal|p1b: Volcarona|85/100|[from] item: Leftovers
|upkeep
|-message|2-3 Drop Man forfeited.
|
|win|G-Max_eternatusboi
