|j|☆marcosdeltasena31
|j|☆Testbericht2
|html|marcosdeltasena31Testbericht2    
|uhtml|bestof|Game 3 of a best-of-3
|t:|1755558023
|gametype|doubles
|player|p1|marcosdeltasena31|hilbert|1318
|player|p2|Testbericht2|265|1366
|gen|9
|tier|[Gen 9] VGC 2025 Reg H (Bo3)
|rated|
|rule|Species Clause: Limit one of each Pokémon
|rule|Item Clause: Limit 1 of each item
|clearpoke
|poke|p1|Dragonite, L50, F|
|poke|p1|Sneasler, L50, F|
|poke|p1|Volcarona, L50, F|
|poke|p1|Rillaboom, L50, M|
|poke|p1|Kingambit, L50, F|
|poke|p1|Electabuzz, L50, F|
|poke|p2|Maushold, L50|
|poke|p2|Pelipper, L50, M|
|poke|p2|Archaludon, L50, F|
|poke|p2|Ursaluna, L50, F|
|poke|p2|Indeedee-F, L50, F|
|poke|p2|Basculegion, L50, M|
|teampreview|4
|showteam|p1|Dragonite||LoadedDice|Multiscale|ScaleShot,ExtremeSpeed,Haze,Protect|||F|||50|,,,,,Fairy]Sneasler||FocusSash|PoisonTouch|DireClaw,CloseCombat,FakeOut,Coaching|||F|||50|,,,,,Ghost]Volcarona||CovertCloak|FlameBody|HeatWave,TeraBlast,QuiverDance,Protect|||F|||50|,,,,,Fairy]Rillaboom||AssaultVest|GrassySurge|WoodHammer,FakeOut,GrassyGlide,HighHorsepower|||M|||50|,,,,,Fire]Kingambit||BlackGlasses|Defiant|KowtowCleave,SwordsDance,SuckerPunch,Protect|||F|||50|,,,,,Dark]Electabuzz||Eviolite|VitalSpirit|Electroweb,FollowMe,Taunt,Protect|||F|||50|,,,,,Ghost
|showteam|p2|Maushold||WideLens|Technician|PopulationBomb,FollowMe,Taunt,Protect||||||50|,,,,,Ghost]Pelipper||FocusSash|Drizzle|Hurricane,MuddyWater,Tailwind,Protect|||M|||50|,,,,,Stellar]Archaludon||AssaultVest|Stamina|DragonPulse,ElectroShot,BodyPress,FlashCannon|||F|||50|,,,,,Flying]Ursaluna||FlameOrb|Guts|Facade,HeadlongRush,Earthquake,Protect|||F|||50|,,,,,Ghost]Indeedee-F||SafetyGoggles|PsychicSurge|FollowMe,TrickRoom,HealPulse,Psychic|||F|||50|,,,,,Fairy]Basculegion||LifeOrb|SwiftSwim|WaveCrash,LastRespects,FlipTurn,Protect|||M|||50|,,,,,Water
|
|t:|1755558059
|teamsize|p1|4
|teamsize|p2|4
|start
|switch|p1a: Dragonite|Dragonite, L50, F|100/100
|switch|p1b: Sneasler|Sneasler, L50, F|100/100
|switch|p2a: Pelipper|Pelipper, L50, M|100/100
|switch|p2b: Basculegion|Basculegion, L50, M|100/100
|-weather|RainDance|[from] ability: Drizzle|[of] p2a: Pelipper
|turn|1
|
|t:|1755558084
|move|p1b: Sneasler|Fake Out|p2a: Pelipper
|-damage|p2a: Pelipper|81/100
|-status|p2a: Pelipper|psn|[from] ability: Poison Touch|[of] p1b: Sneasler
|move|p2b: Basculegion|Flip Turn|p1b: Sneasler
|-damage|p1b: Sneasler|4/100
|-damage|p2b: Basculegion|91/100|[from] item: Life Orb
|
|t:|1755558092
|switch|p2b: Archaludon|Archaludon, L50, F|100/100|[from] Flip Turn
|move|p1a: Dragonite|Scale Shot|p2b: Archaludon
|-damage|p2b: Archaludon|91/100
|-ability|p2b: Archaludon|Stamina|boost
|-boost|p2b: Archaludon|def|1
|-damage|p2b: Archaludon|84/100
|-ability|p2b: Archaludon|Stamina|boost
|-boost|p2b: Archaludon|def|1
|-damage|p2b: Archaludon|80/100
|-ability|p2b: Archaludon|Stamina|boost
|-boost|p2b: Archaludon|def|1
|-damage|p2b: Archaludon|75/100
|-ability|p2b: Archaludon|Stamina|boost
|-boost|p2b: Archaludon|def|1
|-crit|p2b: Archaludon
|-damage|p2b: Archaludon|59/100
|-ability|p2b: Archaludon|Stamina|boost
|-boost|p2b: Archaludon|def|1
|-hitcount|p2b: Archaludon|5
|-unboost|p1a: Dragonite|def|1
|-boost|p1a: Dragonite|spe|1
|cant|p2a: Pelipper|flinch
|
|-weather|RainDance|[upkeep]
|-damage|p2a: Pelipper|69/100 psn|[from] psn
|upkeep
|turn|2
|
|t:|1755558103
|move|p1a: Dragonite|Haze|p1a: Dragonite
|-clearallboost
|move|p1b: Sneasler|Close Combat|p2b: Archaludon
|-supereffective|p2b: Archaludon
|-damage|p2b: Archaludon|0 fnt
|-unboost|p1b: Sneasler|def|1
|-unboost|p1b: Sneasler|spd|1
|faint|p2b: Archaludon
|move|p2a: Pelipper|Muddy Water|p1a: Dragonite|[spread] p1a
|-miss|p2a: Pelipper|p1b: Sneasler
|-resisted|p1a: Dragonite
|-damage|p1a: Dragonite|90/100
|
|-weather|RainDance|[upkeep]
|-damage|p2a: Pelipper|57/100 psn|[from] psn
|upkeep
|
|t:|1755558112
|switch|p2b: Basculegion|Basculegion, L50, M|91/100
|turn|3
|
|t:|1755558134
|switch|p1b: Rillaboom|Rillaboom, L50, M|100/100
|-fieldstart|move: Grassy Terrain|[from] ability: Grassy Surge|[of] p1b: Rillaboom
|move|p2b: Basculegion|Last Respects|p1a: Dragonite
|-damage|p1a: Dragonite|9/100
|-damage|p2b: Basculegion|81/100|[from] item: Life Orb
|move|p1a: Dragonite|Scale Shot|p2b: Basculegion
|-damage|p2b: Basculegion|62/100
|-damage|p2b: Basculegion|43/100
|-damage|p2b: Basculegion|23/100
|-damage|p2b: Basculegion|5/100
|-damage|p2b: Basculegion|0 fnt
|faint|p2b: Basculegion
|-hitcount|p2: Basculegion|5
|-unboost|p1a: Dragonite|def|1
|-boost|p1a: Dragonite|spe|1
|move|p2a: Pelipper|Muddy Water|p1a: Dragonite|[spread] p1a,p1b
|-resisted|p1a: Dragonite
|-resisted|p1b: Rillaboom
|-damage|p1a: Dragonite|0 fnt
|-damage|p1b: Rillaboom|86/100
|-unboost|p1b: Rillaboom|accuracy|1
|faint|p1a: Dragonite
|
|-weather|RainDance|[upkeep]
|-heal|p1b: Rillaboom|91/100|[from] Grassy Terrain
|-damage|p2a: Pelipper|45/100 psn|[from] psn
|upkeep
|
|t:|1755558151
|switch|p1a: Sneasler|Sneasler, L50, F|4/100
|switch|p2b: Indeedee|Indeedee-F, L50, F|100/100
|-fieldstart|move: Psychic Terrain|[from] ability: Psychic Surge|[of] p2b: Indeedee
|turn|4
|
|t:|1755558168
|move|p2b: Indeedee|Follow Me|p2b: Indeedee
|-singleturn|p2b: Indeedee|move: Follow Me
|move|p1a: Sneasler|Dire Claw|p2b: Indeedee
|-damage|p2b: Indeedee|51/100
|-status|p2b: Indeedee|slp
|move|p2a: Pelipper|Hurricane|p1b: Rillaboom
|-supereffective|p1b: Rillaboom
|-damage|p1b: Rillaboom|28/100
|move|p1b: Rillaboom|Wood Hammer|p2b: Indeedee|[miss]
|-miss|p1b: Rillaboom|p2b: Indeedee
|
|-weather|RainDance|[upkeep]
|-damage|p2a: Pelipper|33/100 psn|[from] psn
|upkeep
|turn|5
|
|t:|1755558190
|move|p2a: Pelipper|Protect|p2a: Pelipper
|-singleturn|p2a: Pelipper|Protect
|move|p1a: Sneasler|Close Combat|p2b: Indeedee
|-damage|p2b: Indeedee|0 fnt
|-unboost|p1a: Sneasler|def|1
|-unboost|p1a: Sneasler|spd|1
|faint|p2b: Indeedee
|move|p1b: Rillaboom|Wood Hammer|p2a: Pelipper
|-activate|p2a: Pelipper|move: Protect
|
|-weather|none
|-damage|p2a: Pelipper|21/100 psn|[from] psn
|upkeep
|turn|6
|
|t:|1755558200
|-terastallize|p2a: Pelipper|Stellar
|move|p1a: Sneasler|Dire Claw|p2a: Pelipper
|-damage|p2a: Pelipper|0 fnt
|faint|p2a: Pelipper
|
|win|marcosdeltasena31
|raw|marcosdeltasena31's rating: 1318 → 1341(+23 for winning)
|raw|Testbericht2's rating: 1366 → 1343(-23 for losing)
