|j|☆DaGondy
|j|☆Zephrhills
|html|DaGondyZephrhills    
|uhtml|bestof|Game 1 of a best-of-3
|t:|1783910584
|gametype|doubles
|player|p1|DaGondy|mars|
|player|p2|Zephrhills|miku-ghost|
|gen|9
|tier|[Gen 9 Champions] VGC 2026 Reg M-B (Bo3)
|rule|Species Clause: Limit one of each Pokémon
|rule|Item Clause: Limit 1 of each item
|clearpoke
|poke|p1|Pelipper, L50, F|
|poke|p1|Basculegion-F, L50, F|
|poke|p1|Sylveon, L50, M|
|poke|p1|Chandelure, L50, M|
|poke|p1|Conkeldurr, L50, F|
|poke|p1|Whimsicott, L50, M|
|poke|p2|Greninja, L50, F, shiny|
|poke|p2|Tyranitar, L50, M, shiny|
|poke|p2|Meowstic, L50, M|
|poke|p2|Dragapult, L50, F|
|poke|p2|Rotom-Wash, L50, shiny|
|poke|p2|Scizor, L50, M|
|teampreview|4
|showteam|p1|Pelipper||WacanBerry|Drizzle|Tailwind,Hurricane,HydroPump,Protect|Bold||F|||50|]Basculegion-F||FocusSash|SwiftSwim|AquaJet,FlipTurn,LastRespects,Protect|Adamant||F|||50|]Sylveon||FairyFeather|Pixilate|AlluringVoice,HyperVoice,Wish,Moonblast|Modest||M|||50|]Chandelure||ColburBerry|Infiltrator|WillOWisp,CalmMind,Poltergeist,TrickRoom|Sassy||M|||50|]Conkeldurr||LifeOrb|Guts|Facade,Protect,MachPunch,BrickBreak|Adamant||F|||50|]Whimsicott||Leftovers|Prankster|Tailwind,Moonblast,Uturn,Encore|Bold||M|||50|
|showteam|p2|Greninja||ExpertBelt|Protean|Protect,GunkShot,DarkPulse,WeatherBall|Mild||F|||50|]Tyranitar||SmoothRock|SandStream|Protect,RockSlide,HelpingHand,Rest|Sassy||M|||50|]Meowstic||Meowsticite|Prankster|Thunderbolt,Psyshock,FakeOut,ThunderWave|Modest||M|||50|]Dragapult||LifeOrb|ClearBody|ShadowBall,DracoMeteor,Disable,LightScreen|Modest||F|||50|]Rotom-Wash||SitrusBerry|Levitate|VoltSwitch,WillOWisp,ShadowBall,Protect|Calm|||||50|]Scizor||OccaBerry|Technician|BulletPunch,Uturn,Roost,Tailwind|Adamant||M|||50|
|
|t:|1783910631
|teamsize|p1|4
|teamsize|p2|4
|start
|switch|p1a: Chandelure|Chandelure, L50, M|100/100
|switch|p1b: Conkeldurr|Conkeldurr, L50, F|100/100
|switch|p2a: Meowstic|Meowstic, L50, M|100/100
|switch|p2b: Tyranitar|Tyranitar, L50, M, shiny|100/100
|-weather|Sandstorm|[from] ability: Sand Stream|[of] p2b: Tyranitar
|turn|1
|
|t:|1783910656
|detailschange|p2a: Meowstic|Meowstic-M-Mega, L50, M
|-mega|p2a: Meowstic|Meowstic|Meowsticite
|-ability|p2a: Meowstic|Guts|Trace|[from] ability: Trace|[of] p1b: Conkeldurr
|move|p2a: Meowstic|Fake Out|p1b: Conkeldurr
|-damage|p1b: Conkeldurr|95/100
|cant|p1b: Conkeldurr|flinch
|move|p1a: Chandelure|Will-O-Wisp|p1b: Conkeldurr
|-status|p1b: Conkeldurr|brn
|move|p2b: Tyranitar|Rock Slide|p1a: Chandelure|[spread] p1a,p1b
|-supereffective|p1a: Chandelure|1
|-resisted|p1b: Conkeldurr|1
|-damage|p1a: Chandelure|37/100
|-damage|p1b: Conkeldurr|83/100 brn
|
|-weather|Sandstorm|[upkeep]
|-damage|p2a: Meowstic|94/100|[from] Sandstorm
|-damage|p1a: Chandelure|31/100|[from] Sandstorm
|-damage|p1b: Conkeldurr|77/100 brn|[from] Sandstorm
|-damage|p1b: Conkeldurr|71/100 brn|[from] brn
|upkeep
|turn|2
|
|t:|1783910685
|move|p2a: Meowstic|Psyshock|p1b: Conkeldurr
|-supereffective|p1b: Conkeldurr|1
|-damage|p1b: Conkeldurr|0 fnt
|faint|p1b: Conkeldurr
|move|p1a: Chandelure|Poltergeist|p2a: Meowstic
|-activate|p2a: Meowstic|move: Poltergeist|Meowsticite
|-supereffective|p2a: Meowstic|1
|-damage|p2a: Meowstic|22/100
|move|p2b: Tyranitar|Rock Slide|p1a: Chandelure|[miss]
|-miss|p2b: Tyranitar|p1a: Chandelure
|
|-weather|Sandstorm|[upkeep]
|-damage|p2a: Meowstic|16/100|[from] Sandstorm
|-damage|p1a: Chandelure|25/100|[from] Sandstorm
|upkeep
|
|t:|1783910698
|switch|p1b: Sylveon|Sylveon, L50, M|100/100
|turn|3
|
|t:|1783910722
|move|p2a: Meowstic|Thunder Wave|p1b: Sylveon
|-status|p1b: Sylveon|par
|move|p2b: Tyranitar|Rock Slide|p1a: Chandelure|[spread] p1a,p1b
|-supereffective|p1a: Chandelure|1
|-damage|p1a: Chandelure|0 fnt
|-damage|p1b: Sylveon|67/100 par
|faint|p1a: Chandelure
|cant|p1b: Sylveon|flinch
|
|-weather|Sandstorm|[upkeep]
|-damage|p2a: Meowstic|10/100|[from] Sandstorm
|-damage|p1b: Sylveon|61/100 par|[from] Sandstorm
|upkeep
|
|t:|1783910732
|switch|p1a: Whimsicott|Whimsicott, L50, M|100/100
|turn|4
|
|t:|1783910740
|move|p1a: Whimsicott|Tailwind|p1a: Whimsicott
|-sidestart|p1: DaGondy|move: Tailwind
|move|p2a: Meowstic|Psyshock|p1a: Whimsicott
|-damage|p1a: Whimsicott|58/100
|cant|p1b: Sylveon|par
|move|p2b: Tyranitar|Rock Slide|p1b: Sylveon|[spread] p1a
|-miss|p2b: Tyranitar|p1b: Sylveon
|-damage|p1a: Whimsicott|38/100
|
|-weather|Sandstorm|[upkeep]
|-damage|p1a: Whimsicott|32/100|[from] Sandstorm
|-damage|p2a: Meowstic|4/100|[from] Sandstorm
|-damage|p1b: Sylveon|55/100 par|[from] Sandstorm
|-heal|p1a: Whimsicott|38/100|[from] item: Leftovers
|upkeep
|turn|5
|
|t:|1783910768
|move|p2b: Tyranitar|Protect|p2b: Tyranitar
|-singleturn|p2b: Tyranitar|Protect
|move|p1a: Whimsicott|U-turn|p2a: Meowstic
|-supereffective|p2a: Meowstic|1
|-crit|p2a: Meowstic
|-damage|p2a: Meowstic|0 fnt
|faint|p2a: Meowstic
|move|p1b: Sylveon|Hyper Voice|p2b: Tyranitar
|-activate|p2b: Tyranitar|move: Protect
|
|-weather|Sandstorm|[upkeep]
|-damage|p1a: Whimsicott|32/100|[from] Sandstorm
|-damage|p1b: Sylveon|49/100 par|[from] Sandstorm
|-heal|p1a: Whimsicott|38/100|[from] item: Leftovers
|upkeep
|
|t:|1783910780
|switch|p2a: Scizor|Scizor, L50, M|100/100
|turn|6
|
|t:|1783910793
|move|p2b: Tyranitar|Helping Hand|p2a: Scizor
|-singleturn|p2a: Scizor|Helping Hand|[of] p2b: Tyranitar
|move|p2a: Scizor|Bullet Punch|p1b: Sylveon
|-supereffective|p1b: Sylveon|1
|-damage|p1b: Sylveon|0 fnt
|faint|p1b: Sylveon
|move|p1a: Whimsicott|Moonblast|p2b: Tyranitar
|-supereffective|p2b: Tyranitar|1
|-damage|p2b: Tyranitar|76/100
|
|-weather|Sandstorm|[upkeep]
|-damage|p1a: Whimsicott|32/100|[from] Sandstorm
|-heal|p1a: Whimsicott|38/100|[from] item: Leftovers
|upkeep
|turn|7
|
|t:|1783910811
|move|p2b: Tyranitar|Helping Hand|p2a: Scizor
|-singleturn|p2a: Scizor|Helping Hand|[of] p2b: Tyranitar
|move|p2a: Scizor|Bullet Punch|p1a: Whimsicott
|-supereffective|p1a: Whimsicott|1
|-damage|p1a: Whimsicott|0 fnt
|faint|p1a: Whimsicott
|
|win|Zephrhills
||DaGondy is ready for game 2.
