|j|☆TimePKMN
|j|☆hiro9876
|html|TimePKMNhiro9876    
|uhtml|bestof|Game 2 of a best-of-3
|t:|1785972854
|gametype|doubles
|player|p1|TimePKMN|ghetsis-gen5bw|1000
|player|p2|hiro9876|psychic-gen4|1074
|gen|9
|tier|[Gen 9 Champions] VGC 2026 Reg M-B (Bo3)
|rated|
|rule|Species Clause: Limit one of each Pokémon
|rule|Item Clause: Limit 1 of each item
|clearpoke
|poke|p1|Froslass, L50, F|
|poke|p1|Clefable, L50, F|
|poke|p1|Sneasler, L50, F|
|poke|p1|Garchomp, L50, F|
|poke|p1|Kingambit, L50, M|
|poke|p1|Glimmora, L50, F|
|poke|p2|Gardevoir, L50, M|
|poke|p2|Sableye, L50, F|
|poke|p2|Kingambit, L50, F|
|poke|p2|Talonflame, L50, F|
|poke|p2|Garchomp, L50, M|
|poke|p2|Ninetales-Alola, L50, F|
|teampreview|4
|showteam|p1|Froslass||Froslassite|CursedBody|AuroraVeil,Blizzard,NastyPlot,ShadowBall|Timid||F|||50|]Clefable||Leftovers|CuteCharm|FollowMe,Moonblast,KnockOff,Protect|Calm||F|||50|]Sneasler||WhiteHerb|Unburden|Acrobatics,CloseCombat,FakeOut,DireClaw|Adamant||F|||50|]Garchomp||KingsRock|RoughSkin|Protect,RockSlide,DragonClaw,Earthquake|Careful||F|||50|]Kingambit||LifeOrb|Defiant|KowtowCleave,IronHead,Protect,SuckerPunch|Adamant||M|||50|]Glimmora||FocusSash|ToxicDebris|EarthPower,EnergyBall,PowerGem,Protect|Modest||F|||50|
|showteam|p2|Gardevoir||Gardevoirite|Synchronize|HyperVoice,Psychic,Thunderbolt,Protect|Serious||M|||50|]Sableye||SitrusBerry|Prankster|FakeOut,Encore,WillOWisp,KnockOff|Careful||F|||50|]Kingambit||LifeOrb|Defiant|KowtowCleave,SuckerPunch,IronHead,Protect|Adamant||F|||50|]Talonflame||SharpBeak|GaleWings|Tailwind,DualWingbeat,FlareBlitz,Protect|Jolly||F|||50|]Garchomp||Leftovers|RoughSkin|Earthquake,DragonClaw,RockSlide,Protect|Careful||M|||50|]Ninetales-Alola||LightClay|SnowWarning|Encore,AuroraVeil,IcyWind,Protect|Timid||F|||50|
|inactive|Battle timer is ON: inactive players will automatically lose when time's up. (requested by TimePKMN)
|
|t:|1785972883
|teamsize|p1|4
|teamsize|p2|4
|start
|switch|p1a: Sneasler|Sneasler, L50, F|100/100
|switch|p1b: Garchomp|Garchomp, L50, F|100/100
|switch|p2a: Talonflame|Talonflame, L50, F|100/100
|switch|p2b: Garchomp|Garchomp, L50, M|100/100
|turn|1
|
|t:|1785972897
|move|p1a: Sneasler|Fake Out|p2b: Garchomp
|-damage|p2b: Garchomp|88/100
|-damage|p1a: Sneasler|87/100|[from] ability: Rough Skin|[of] p2b: Garchomp
|move|p2a: Talonflame|Tailwind|p2a: Talonflame
|-sidestart|p2: hiro9876|move: Tailwind
|cant|p2b: Garchomp|flinch
|move|p1b: Garchomp|Rock Slide|p2b: Garchomp|[spread] p2a,p2b
|-supereffective|p2a: Talonflame|2
|-resisted|p2b: Garchomp|1
|-damage|p2a: Talonflame|0 fnt
|-damage|p2b: Garchomp|81/100
|faint|p2a: Talonflame
|
|-heal|p2b: Garchomp|87/100|[from] item: Leftovers
|upkeep
|
|t:|1785972913
|switch|p2a: Sableye|Sableye, L50, F|100/100
|turn|2
|
|t:|1785972922
|move|p1b: Garchomp|Protect|p1b: Garchomp
|-singleturn|p1b: Garchomp|Protect
|move|p2a: Sableye|Fake Out|p1b: Garchomp
|-activate|p1b: Garchomp|move: Protect
|move|p2b: Garchomp|Dragon Claw|p1b: Garchomp
|-activate|p1b: Garchomp|move: Protect
|move|p1a: Sneasler|Dire Claw|p2b: Garchomp
|-resisted|p2b: Garchomp|1
|-damage|p2b: Garchomp|71/100
|-status|p2b: Garchomp|slp
|-damage|p1a: Sneasler|75/100|[from] ability: Rough Skin|[of] p2b: Garchomp
|
|-heal|p2b: Garchomp|77/100 slp|[from] item: Leftovers
|upkeep
|turn|3
|inactive|hiro9876 has 30 seconds left.
|
|t:|1785972948
|move|p2a: Sableye|Encore|p1b: Garchomp
|-start|p1b: Garchomp|Encore
|move|p1b: Garchomp|Protect|p1b: Garchomp
|-singleturn|p1b: Garchomp|Protect
|cant|p2b: Garchomp|slp
|move|p1a: Sneasler|Dire Claw|p2a: Sableye
|-resisted|p2a: Sableye|1
|-damage|p2a: Sableye|68/100
|-status|p2a: Sableye|par
|
|-heal|p2b: Garchomp|83/100 slp|[from] item: Leftovers
|upkeep
|turn|4
|
|t:|1785972965
|switch|p1b: Froslass|Froslass, L50, F|100/100
|cant|p2a: Sableye|par
|cant|p2b: Garchomp|slp
|move|p1a: Sneasler|Dire Claw|p2a: Sableye
|-resisted|p2a: Sableye|1
|-damage|p2a: Sableye|36/100 par
|-fail|p2a: Sableye
|-enditem|p2a: Sableye|Sitrus Berry|[eat]
|-heal|p2a: Sableye|61/100 par|[from] item: Sitrus Berry
|
|-heal|p2b: Garchomp|89/100 slp|[from] item: Leftovers
|-sideend|p2: hiro9876|move: Tailwind
|upkeep
|turn|5
|
|t:|1785972990
|switch|p2b: Kingambit|Kingambit, L50, F|100/100
|detailschange|p1b: Froslass|Froslass-Mega, L50, F
|-mega|p1b: Froslass|Froslass|Froslassite
|-weather|Snowscape|[from] ability: Snow Warning|[of] p1b: Froslass
|move|p1b: Froslass|Blizzard|p2b: Kingambit|[spread] p2a,p2b
|-resisted|p2b: Kingambit|1
|-damage|p2a: Sableye|15/100 par
|-damage|p2b: Kingambit|73/100
|move|p1a: Sneasler|Dire Claw|p2a: Sableye
|-resisted|p2a: Sableye|1
|-damage|p2a: Sableye|0 fnt
|-fail|p2a: Sableye
|faint|p2a: Sableye
|
|-weather|Snowscape|[upkeep]
|upkeep
|
|t:|1785973005
|switch|p2a: Garchomp|Garchomp, L50, M|89/100 slp
|turn|6
|
|t:|1785973014
|move|p2b: Kingambit|Sucker Punch||[still]
|-fail|p2b: Kingambit
|move|p1b: Froslass|Aurora Veil|p1b: Froslass
|-sidestart|p1: TimePKMN|move: Aurora Veil
|move|p1a: Sneasler|Close Combat|p2b: Kingambit
|-supereffective|p2b: Kingambit|2
|-damage|p2b: Kingambit|0 fnt
|-unboost|p1a: Sneasler|def|1
|-unboost|p1a: Sneasler|spd|1
|faint|p2b: Kingambit
|-enditem|p1a: Sneasler|White Herb
|-clearnegativeboost|p1a: Sneasler|[silent]
|-curestatus|p2a: Garchomp|slp|[msg]
|move|p2a: Garchomp|Rock Slide|p1b: Froslass|[spread] p1a,p1b
|-resisted|p1a: Sneasler|1
|-supereffective|p1b: Froslass|1
|-damage|p1a: Sneasler|65/100
|-damage|p1b: Froslass|75/100
|
|-weather|Snowscape|[upkeep]
|-heal|p2a: Garchomp|95/100|[from] item: Leftovers
|upkeep
|turn|7
|c|☆TimePKMN|gg
|-message|hiro9876 forfeited.
|
|win|TimePKMN
|raw|TimePKMN's rating: 1000 → 1048(+48 for winning)
|raw|hiro9876's rating: 1074 → 1048(-26 for losing)
|l|☆hiro9876
|player|p2|
