|j|☆ConnorClub
|j|☆rangersxx30
|html|ConnorClubrangersxx30    
|uhtml|bestof|Game 2 of a best-of-3
|t:|1757781776
|gametype|doubles
|player|p1|ConnorClub|102|
|player|p2|rangersxx30|bede-masters|
|gen|9
|tier|[Gen 9] VGC 2025 Reg H (Bo3)
|rule|Species Clause: Limit one of each Pokémon
|rule|Item Clause: Limit 1 of each item
|clearpoke
|poke|p1|Porygon2, L50|
|poke|p1|Sneasler, L50, M|
|poke|p1|Gholdengo, L50|
|poke|p1|Amoonguss, L50, F|
|poke|p1|Garchomp, L50, F|
|poke|p1|Incineroar, L50, F|
|poke|p2|Tyranitar, L50, M|
|poke|p2|Excadrill, L50, F|
|poke|p2|Indeedee, L50, M|
|poke|p2|Sneasler, L50, F|
|poke|p2|Annihilape, L50, F|
|poke|p2|Corviknight, L50, F|
|teampreview|4
|showteam|p1|Porygon2||Eviolite|Download|TeraBlast,IceBeam,Recover,TrickRoom||||||50|,,,,,Ground]Sneasler||FocusSash|PoisonTouch|CloseCombat,DireClaw,Coaching,Protect|||M|||50|,,,,,Flying]Gholdengo||LifeOrb|GoodasGold|MakeItRain,ShadowBall,NastyPlot,Protect||||||50|,,,,,Water]Amoonguss||SitrusBerry|Regenerator|PollenPuff,Spore,RagePowder,Protect|||F|||50|,,,,,Fairy]Garchomp||ClearAmulet|RoughSkin|Earthquake,StompingTantrum,DragonClaw,Protect|||F|||50|,,,,,Fire]Incineroar||SafetyGoggles|Intimidate|FlareBlitz,KnockOff,FakeOut,PartingShot|||F|||50|,,,,,Ghost
|showteam|p2|Tyranitar||AssaultVest|SandStream|RockSlide,KnockOff,TeraBlast,LowKick|||M|||50|,,,,,Flying]Excadrill||FocusSash|SandRush|Earthquake,HighHorsepower,IronHead,Protect|||F|||50|,,,,,Stellar]Indeedee||ChoiceScarf|PsychicSurge|ExpandingForce,TeraBlast,Protect,Trick|||M|||50|,,,,,Psychic]Sneasler||PsychicSeed|Unburden|DireClaw,CloseCombat,ThroatChop,Protect|||F|||50|,,,,,Stellar]Annihilape||SafetyGoggles|Defiant|RageFist,CloseCombat,FinalGambit,Taunt|||F|||50|,,,,,Water]Corviknight||Leftovers|MirrorArmor|BraveBird,Roost,Tailwind,BulkUp|||F|||50|,,,,,Dragon
|j| Jayden2820
|j| Kekerzz
|j| Scarlanox
|j| JohnathanKirk
|j| L1mun
|j| when.what.how
|
|t:|1757781824
|teamsize|p1|4
|teamsize|p2|4
|start
|switch|p1a: Porygon2|Porygon2, L50|100/100
|switch|p1b: Gholdengo|Gholdengo, L50|100/100
|switch|p2a: Sneasler|Sneasler, L50, F|100/100
|switch|p2b: Excadrill|Excadrill, L50, F|100/100
|-ability|p1a: Porygon2|Download|boost
|-boost|p1a: Porygon2|atk|1
|turn|1
|
|t:|1757781920
|switch|p2b: Tyranitar|Tyranitar, L50, M|100/100
|-weather|Sandstorm|[from] ability: Sand Stream|[of] p2b: Tyranitar
|-terastallize|p1a: Porygon2|Ground
|move|p1b: Gholdengo|Protect|p1b: Gholdengo
|-singleturn|p1b: Gholdengo|Protect
|move|p2a: Sneasler|Dire Claw|p1a: Porygon2
|-resisted|p1a: Porygon2
|-damage|p1a: Porygon2|86/100
|-status|p1a: Porygon2|psn
|move|p1a: Porygon2|Trick Room|p1a: Porygon2
|-fieldstart|move: Trick Room|[of] p1a: Porygon2
|
|-weather|Sandstorm|[upkeep]
|-damage|p2a: Sneasler|95/100|[from] Sandstorm
|-damage|p1a: Porygon2|74/100 psn|[from] psn
|upkeep
|turn|2
|
|t:|1757781946
|switch|p1b: Incineroar|Incineroar, L50, F|100/100
|-ability|p1b: Incineroar|Intimidate|boost
|-unboost|p2a: Sneasler|atk|1
|-unboost|p2b: Tyranitar|atk|1
|-terastallize|p2b: Tyranitar|Flying
|move|p1a: Porygon2|Tera Blast|p2a: Sneasler|[anim] Tera Blast Ground
|-supereffective|p2a: Sneasler
|-damage|p2a: Sneasler|2/100
|move|p2b: Tyranitar|Knock Off|p1b: Incineroar
|-resisted|p1b: Incineroar
|-damage|p1b: Incineroar|83/100
|-enditem|p1b: Incineroar|Safety Goggles|[from] move: Knock Off|[of] p2b: Tyranitar
|move|p2a: Sneasler|Throat Chop|p1b: Incineroar
|-resisted|p1b: Incineroar
|-damage|p1b: Incineroar|74/100
|-start|p1b: Incineroar|Throat Chop|[silent]
|
|-weather|Sandstorm|[upkeep]
|-damage|p1b: Incineroar|68/100|[from] Sandstorm
|-damage|p2b: Tyranitar|95/100|[from] Sandstorm
|-damage|p2a: Sneasler|0 fnt|[from] Sandstorm
|faint|p2a: Sneasler
|-damage|p1a: Porygon2|61/100 psn|[from] psn
|upkeep
|
|t:|1757781960
|switch|p2a: Annihilape|Annihilape, L50, F|100/100
|turn|3
|c| when.what.how|i thought star was good at vgc
|
|t:|1757782056
|move|p1b: Incineroar|Knock Off|p2b: Tyranitar
|-damage|p2b: Tyranitar|60/100
|-enditem|p2b: Tyranitar|Assault Vest|[from] move: Knock Off|[of] p1b: Incineroar
|move|p1a: Porygon2|Ice Beam|p2b: Tyranitar
|-supereffective|p2b: Tyranitar
|-damage|p2b: Tyranitar|15/100
|move|p2b: Tyranitar|Knock Off|p1a: Porygon2
|-damage|p1a: Porygon2|37/100 psn
|-enditem|p1a: Porygon2|Eviolite|[from] move: Knock Off|[of] p2b: Tyranitar
|move|p2a: Annihilape|Close Combat|p1b: Incineroar
|-supereffective|p1b: Incineroar
|-damage|p1b: Incineroar|0 fnt
|-unboost|p2a: Annihilape|def|1
|-unboost|p2a: Annihilape|spd|1
|faint|p1b: Incineroar
|
|-weather|Sandstorm|[upkeep]
|-damage|p2b: Tyranitar|9/100|[from] Sandstorm
|-damage|p1a: Porygon2|25/100 psn|[from] psn
|upkeep
|
|t:|1757782069
|switch|p1b: Gholdengo|Gholdengo, L50|100/100
|turn|4
|
|t:|1757782149
|switch|p2b: Excadrill|Excadrill, L50, F|100/100
|move|p1a: Porygon2|Tera Blast|p2a: Annihilape|[anim] Tera Blast Ground
|-damage|p2a: Annihilape|49/100
|move|p1b: Gholdengo|Make It Rain|p2b: Excadrill|[spread] p2a,p2b
|-resisted|p2b: Excadrill
|-damage|p2a: Annihilape|0 fnt
|-damage|p2b: Excadrill|58/100
|-unboost|p1b: Gholdengo|spa|1
|faint|p2a: Annihilape
|-damage|p1b: Gholdengo|91/100|[from] item: Life Orb
|
|-weather|Sandstorm|[upkeep]
|-damage|p1a: Porygon2|12/100 psn|[from] psn
|upkeep
|
|t:|1757782158
|switch|p2a: Tyranitar|Tyranitar, L50, M, tera:Flying|9/100
|turn|5
|
|t:|1757782168
|move|p1a: Porygon2|Tera Blast|p2b: Excadrill|[anim] Tera Blast Ground
|-supereffective|p2b: Excadrill
|-damage|p2b: Excadrill|0 fnt
|faint|p2b: Excadrill
|move|p2a: Tyranitar|Knock Off|p1b: Gholdengo
|-supereffective|p1b: Gholdengo
|-damage|p1b: Gholdengo|0 fnt
|-enditem|p1b: Gholdengo|Life Orb|[from] move: Knock Off|[of] p2a: Tyranitar
|faint|p1b: Gholdengo
|
|-weather|none
|-damage|p1a: Porygon2|0 fnt|[from] psn
|faint|p1a: Porygon2
|-fieldend|move: Trick Room
|upkeep
|
|t:|1757782173
|switch|p1b: Sneasler|Sneasler, L50, M|100/100
|turn|6
|c|☆rangersxx30|gg
|
|t:|1757782180
|move|p1b: Sneasler|Dire Claw|p2a: Tyranitar
|-damage|p2a: Tyranitar|0 fnt
|faint|p2a: Tyranitar
|
|win|ConnorClub
|c|☆ConnorClub|gg
|c| JohnathanKirk|LETS GOOO
|c| JohnathanKirk|THATS MY MF TEAMMATE
|c|☆rangersxx30|i was so not locked in man
|c|☆rangersxx30|i need to be put down
|c| JohnathanKirk|YEAH YOU DO
|c|☆rangersxx30|back to the 17 assignments
|c| JohnathanKirk|AND CC JUST DID IT
