|j|☆roby369
|j|☆Purgatory12
|html|roby369Purgatory12    
|uhtml|bestof|Game 2 of a best-of-3
|t:|1784980830
|gametype|doubles
|player|p1|roby369|101|1123
|player|p2|Purgatory12|102|1153
|gen|9
|tier|[Gen 9 Champions] VGC 2026 Reg M-B (Bo3)
|rated|
|rule|Species Clause: Limit one of each Pokémon
|rule|Item Clause: Limit 1 of each item
|clearpoke
|poke|p1|Whimsicott, L50, M|
|poke|p1|Staraptor, L50, F|
|poke|p1|Gholdengo, L50|
|poke|p1|Garchomp, L50, F|
|poke|p1|Farigiraf, L50, F|
|poke|p1|Metagross, L50|
|poke|p2|Sinistcha-Masterpiece, L50|
|poke|p2|Raichu, L50, M|
|poke|p2|Talonflame, L50, F|
|poke|p2|Pelipper, L50, M|
|poke|p2|Basculegion, L50, M|
|poke|p2|Metagross, L50|
|teampreview|4
|showteam|p1|Whimsicott||FocusSash|Prankster|Protect,Moonblast,Charm,Tailwind|Timid||M|||50|]Staraptor||Staraptite|Intimidate|CloseCombat,Roost,Protect,BraveBird|Jolly||F|||50|]Gholdengo||LifeOrb|GoodasGold|MakeItRain,NastyPlot,Protect,ShadowBall|Modest|||||50|]Garchomp||RoseliBerry|SandVeil|DragonClaw,Protect,RockSlide,StompingTantrum|Bashful||F|||50|]Farigiraf||SitrusBerry|ArmorTail|Imprison,Protect,HyperVoice,TrickRoom|Modest||F|||50|]Metagross||Metagrossite|ClearBody|MeteorMash,Protect,PsychicFangs,BulletPunch|Timid|||||50|
|showteam|p2|Sinistcha-Masterpiece||SitrusBerry|Hospitality|TrickRoom,Imprison,RagePowder,MatchaGotcha|Modest|||||50|]Raichu||RaichuniteY|LightningRod|FakeOut,Protect,ZapCannon,FocusBlast|Timid||M|||50|]Talonflame||SharpBeak|GaleWings|DualWingbeat,FlareBlitz,Tailwind,QuickGuard|Jolly||F|||50|]Pelipper||FocusSash|Drizzle|MuddyWater,Hurricane,WeatherBall,Protect|Modest||M|||50|]Basculegion||ChoiceScarf|Adaptability|WaveCrash,AquaJet,FlipTurn,LastRespects|Jolly||M|||50|]Metagross||Metagrossite|ClearBody|IronHead,PsychicFangs,IcePunch,Protect|Jolly|||||50|
|
|t:|1784980838
|teamsize|p1|4
|teamsize|p2|4
|start
|switch|p1a: Whimsicott|Whimsicott, L50, M|100/100
|switch|p1b: Staraptor|Staraptor, L50, F|100/100
|switch|p2a: Talonflame|Talonflame, L50, F|100/100
|switch|p2b: Metagross|Metagross, L50|100/100
|-ability|p1b: Staraptor|Intimidate|boost
|-unboost|p2a: Talonflame|atk|1
|-fail|p2b: Metagross|unboost|[from] ability: Clear Body|[of] p2b: Metagross
|turn|1
|
|t:|1784980864
|detailschange|p1b: Staraptor|Staraptor-Mega, L50, F
|-mega|p1b: Staraptor|Staraptor|Staraptite
|detailschange|p2b: Metagross|Metagross-Mega, L50
|-mega|p2b: Metagross|Metagross|Metagrossite
|move|p1b: Staraptor|Protect|p1b: Staraptor
|-singleturn|p1b: Staraptor|Protect
|move|p2a: Talonflame|Tailwind|p2a: Talonflame
|-sidestart|p2: Purgatory12|move: Tailwind
|move|p1a: Whimsicott|Tailwind|p1a: Whimsicott
|-sidestart|p1: roby369|move: Tailwind
|move|p2b: Metagross|Psychic Fangs|p1b: Staraptor
|-activate|p1b: Staraptor|move: Protect
|
|upkeep
|turn|2
|
|t:|1784980905
|move|p1a: Whimsicott|Protect|p1a: Whimsicott
|-singleturn|p1a: Whimsicott|Protect
|move|p2a: Talonflame|Quick Guard|p2a: Talonflame
|-singleturn|p2a: Talonflame|Quick Guard
|move|p2b: Metagross|Psychic Fangs|p1b: Staraptor
|-supereffective|p1b: Staraptor|1
|-damage|p1b: Staraptor|0 fnt
|faint|p1b: Staraptor
|
|upkeep
|
|t:|1784980921
|switch|p1b: Gholdengo|Gholdengo, L50|100/100
|turn|3
|
|t:|1784980938
|move|p2b: Metagross|Protect|p2b: Metagross
|-singleturn|p2b: Metagross|Protect
|move|p2a: Talonflame|Dual Wingbeat|p1a: Whimsicott|[miss]
|-miss|p2a: Talonflame|p1a: Whimsicott
|move|p1a: Whimsicott|Moonblast|p2a: Talonflame
|-resisted|p2a: Talonflame|1
|-damage|p2a: Talonflame|72/100
|-unboost|p2a: Talonflame|spa|1
|move|p1b: Gholdengo|Shadow Ball|p2b: Metagross
|-activate|p2b: Metagross|move: Protect
|
|upkeep
|turn|4
|
|t:|1784980969
|move|p1a: Whimsicott|Protect|p1a: Whimsicott
|-singleturn|p1a: Whimsicott|Protect
|move|p2a: Talonflame|Dual Wingbeat|p1a: Whimsicott
|-activate|p1a: Whimsicott|move: Protect
|move|p2b: Metagross|Iron Head|p1a: Whimsicott
|-activate|p1a: Whimsicott|move: Protect
|move|p1b: Gholdengo|Shadow Ball|p2b: Metagross
|-supereffective|p2b: Metagross|1
|-damage|p2b: Metagross|0 fnt
|faint|p2b: Metagross
|-damage|p1b: Gholdengo|90/100|[from] item: Life Orb
|
|-sideend|p1: roby369|move: Tailwind
|-sideend|p2: Purgatory12|move: Tailwind
|upkeep
|
|t:|1784980986
|switch|p2b: Pelipper|Pelipper, L50, M|100/100
|-weather|RainDance|[from] ability: Drizzle|[of] p2b: Pelipper
|turn|5
|
|t:|1784980995
|move|p1a: Whimsicott|Tailwind|p1a: Whimsicott
|-sidestart|p1: roby369|move: Tailwind
|move|p1b: Gholdengo|Shadow Ball|p2a: Talonflame
|-damage|p2a: Talonflame|0 fnt
|faint|p2a: Talonflame
|-damage|p1b: Gholdengo|80/100|[from] item: Life Orb
|move|p2b: Pelipper|Hurricane|p1a: Whimsicott
|-supereffective|p1a: Whimsicott|1
|-enditem|p1a: Whimsicott|Focus Sash
|-damage|p1a: Whimsicott|1/100
|
|-weather|RainDance|[upkeep]
|upkeep
|
|t:|1784981001
|switch|p2a: Basculegion|Basculegion, L50, M|100/100
|turn|6
|
|t:|1784981013
|move|p2a: Basculegion|Aqua Jet|p1a: Whimsicott
|-resisted|p1a: Whimsicott|1
|-damage|p1a: Whimsicott|0 fnt
|faint|p1a: Whimsicott
|move|p1b: Gholdengo|Shadow Ball|p2a: Basculegion
|-supereffective|p2a: Basculegion|1
|-damage|p2a: Basculegion|0 fnt
|faint|p2a: Basculegion
|-damage|p1b: Gholdengo|70/100|[from] item: Life Orb
|move|p2b: Pelipper|Weather Ball|p1b: Gholdengo
|-damage|p1b: Gholdengo|0 fnt
|faint|p1b: Gholdengo
|
|-weather|RainDance|[upkeep]
|upkeep
|
|t:|1784981028
|switch|p1b: Garchomp|Garchomp, L50, F|100/100
|turn|7
|c|☆roby369|gg
|
|t:|1784981040
|move|p1b: Garchomp|Rock Slide|p2b: Pelipper
|-supereffective|p2b: Pelipper|1
|-damage|p2b: Pelipper|38/100
|cant|p2b: Pelipper|flinch
|
|-weather|RainDance|[upkeep]
|upkeep
|turn|8
|c|☆Purgatory12|Grandissimo figlio di puttana
|inactive|Battle timer is ON: inactive players will automatically lose when time's up. (requested by roby369)
|c|☆Purgatory12|Ma chi cazzo sei roby 369 fammi un bocchino
|-message|Purgatory12 forfeited.
|
|win|roby369
