|j|☆veryreally
|j|☆Blitzball Ace
|html|veryreallyBlitzball Ace    
|uhtml|bestof|Game 2 of a best-of-3
|t:|1756912517
|gametype|doubles
|player|p1|veryreally|169|1168
|player|p2|Blitzball Ace|kamado-armor|1283
|gen|9
|tier|[Gen 9] VGC 2025 Reg H (Bo3)
|rated|
|rule|Species Clause: Limit one of each Pokémon
|rule|Item Clause: Limit 1 of each item
|clearpoke
|poke|p1|Baxcalibur, L50, F|
|poke|p1|Dondozo, L50, M|
|poke|p1|Kingambit, L50, M|
|poke|p1|Rillaboom, L50, M|
|poke|p1|Sneasler, L50, F|
|poke|p1|Volcarona, L50, M|
|poke|p2|Porygon2, L50|
|poke|p2|Incineroar, L50, F|
|poke|p2|Ursaluna, L50, F|
|poke|p2|Amoonguss, L50, M|
|poke|p2|Gholdengo, L50|
|poke|p2|Dragonite, L50, M|
|teampreview|4
|showteam|p1|Baxcalibur||LoadedDice|ThermalExchange|IcicleSpear,ScaleShot,Protect,IceShard|||F|||50|,,,,,Ghost]Dondozo||Leftovers|Unaware|Liquidation,Fissure,Protect,Yawn|||M|||50|,,,,,Bug]Kingambit||SafetyGoggles|Defiant|KowtowCleave,SuckerPunch,Protect,SwordsDance|||M|||50|,,,,,Dark]Rillaboom||AssaultVest|GrassySurge|FakeOut,GrassyGlide,HighHorsepower,WoodHammer|||M|||50|,,,,,Water]Sneasler||FocusSash|Unburden|DireClaw,CloseCombat,Protect,Coaching|||F|||50|,,,,,Stellar]Volcarona||CovertCloak|FlameBody|HeatWave,TeraBlast,RagePowder,QuiverDance|||M|||50|,,,,,Fairy
|showteam|p2|Porygon2||Eviolite|Download|TeraBlast,IceBeam,Recover,TrickRoom||||||50|,,,,,Fighting]Incineroar||SafetyGoggles|Intimidate|FakeOut,KnockOff,FlareBlitz,PartingShot|||F|||50|,,,,,Ghost]Ursaluna||FlameOrb|Guts|HeadlongRush,Facade,Earthquake,Protect|||F|||50|,,,,,Ghost]Amoonguss||SitrusBerry|Regenerator|PollenPuff,Spore,RagePowder,Protect|||M|||50|,,,,,Water]Gholdengo||LifeOrb|GoodasGold|MakeItRain,ShadowBall,NastyPlot,Protect||||||50|,,,,,Dragon]Dragonite||LoadedDice|Multiscale|ScaleShot,Haze,Tailwind,Protect|||M|||50|,,,,,Steel
|inactive|Battle timer is ON: inactive players will automatically lose when time's up. (requested by veryreally)
|
|t:|1756912541
|teamsize|p1|4
|teamsize|p2|4
|start
|switch|p1a: Sneasler|Sneasler, L50, F|100/100
|switch|p1b: Baxcalibur|Baxcalibur, L50, F|100/100
|switch|p2a: Ursaluna|Ursaluna, L50, F, shiny|100/100
|switch|p2b: Dragonite|Dragonite, L50, M, shiny|100/100
|turn|1
|inactive|Blitzball Ace has 30 seconds left.
|
|t:|1756912569
|switch|p2a: Incineroar|Incineroar, L50, F, shiny|100/100
|-ability|p2a: Incineroar|Intimidate|boost
|-unboost|p1a: Sneasler|atk|1
|-unboost|p1b: Baxcalibur|atk|1
|-terastallize|p2b: Dragonite|Steel
|move|p1b: Baxcalibur|Ice Shard|p2b: Dragonite
|-resisted|p2b: Dragonite
|-damage|p2b: Dragonite|96/100
|move|p1a: Sneasler|Close Combat|p2b: Dragonite
|-supereffective|p2b: Dragonite
|-damage|p2b: Dragonite|4/100
|-unboost|p1a: Sneasler|def|1
|-unboost|p1a: Sneasler|spd|1
|move|p2b: Dragonite|Scale Shot|p1a: Sneasler
|-damage|p1a: Sneasler|65/100
|-damage|p1a: Sneasler|27/100
|-damage|p1a: Sneasler|0 fnt
|faint|p1a: Sneasler
|-hitcount|p1: Sneasler|3
|-unboost|p2b: Dragonite|def|1
|-boost|p2b: Dragonite|spe|1
|
|upkeep
|
|t:|1756912594
|switch|p1a: Rillaboom|Rillaboom, L50, M|100/100
|-fieldstart|move: Grassy Terrain|[from] ability: Grassy Surge|[of] p1a: Rillaboom
|turn|2
|inactive|Blitzball Ace has 30 seconds left.
|
|t:|1756912620
|move|p2b: Dragonite|Protect|p2b: Dragonite
|-singleturn|p2b: Dragonite|Protect
|move|p1b: Baxcalibur|Ice Shard|p2b: Dragonite
|-activate|p2b: Dragonite|move: Protect
|move|p1a: Rillaboom|Grassy Glide|p2b: Dragonite
|-activate|p2b: Dragonite|move: Protect
|move|p2a: Incineroar|Flare Blitz|p1a: Rillaboom
|-supereffective|p1a: Rillaboom
|-damage|p1a: Rillaboom|0 fnt
|faint|p1a: Rillaboom
|-damage|p2a: Incineroar|66/100|[from] Recoil
|
|-heal|p2b: Dragonite|10/100|[from] Grassy Terrain
|-heal|p2a: Incineroar|72/100|[from] Grassy Terrain
|upkeep
|
|t:|1756912630
|switch|p1a: Dondozo|Dondozo, L50, M|100/100
|turn|3
|
|t:|1756912648
|switch|p2b: Amoonguss|Amoonguss, L50, M, shiny|100/100
|move|p1b: Baxcalibur|Scale Shot|p2a: Incineroar
|-damage|p2a: Incineroar|61/100
|-damage|p2a: Incineroar|49/100
|-damage|p2a: Incineroar|39/100
|-damage|p2a: Incineroar|26/100
|-hitcount|p2a: Incineroar|4
|-unboost|p1b: Baxcalibur|def|1
|-boost|p1b: Baxcalibur|spe|1
|move|p2a: Incineroar|Parting Shot|p1b: Baxcalibur
|-unboost|p1b: Baxcalibur|atk|1
|-unboost|p1b: Baxcalibur|spa|1
|
|t:|1756912672
|switch|p2a: Ursaluna|Ursaluna, L50, F, shiny|100/100|[from] Parting Shot
|move|p1a: Dondozo|Liquidation|p2a: Ursaluna
|-supereffective|p2a: Ursaluna
|-damage|p2a: Ursaluna|54/100
|
|-heal|p2a: Ursaluna|60/100|[from] Grassy Terrain
|-status|p2a: Ursaluna|brn|[from] item: Flame Orb
|upkeep
|turn|4
|
|t:|1756912693
|-terastallize|p1b: Baxcalibur|Ghost
|move|p2a: Ursaluna|Protect|p2a: Ursaluna
|-singleturn|p2a: Ursaluna|Protect
|move|p2b: Amoonguss|Protect|p2b: Amoonguss
|-singleturn|p2b: Amoonguss|Protect
|move|p1b: Baxcalibur|Icicle Spear|p2b: Amoonguss
|-activate|p2b: Amoonguss|move: Protect
|move|p1a: Dondozo|Yawn|p2b: Amoonguss
|-activate|p2b: Amoonguss|move: Protect
|
|-heal|p2a: Ursaluna|66/100 brn|[from] Grassy Terrain
|-damage|p2a: Ursaluna|60/100 brn|[from] brn
|upkeep
|turn|5
|
|t:|1756912712
|move|p2b: Amoonguss|Rage Powder|p2b: Amoonguss
|-singleturn|p2b: Amoonguss|move: Rage Powder
|move|p1b: Baxcalibur|Icicle Spear|p2b: Amoonguss
|-supereffective|p2b: Amoonguss
|-damage|p2b: Amoonguss|87/100
|-supereffective|p2b: Amoonguss
|-damage|p2b: Amoonguss|75/100
|-supereffective|p2b: Amoonguss
|-damage|p2b: Amoonguss|61/100
|-supereffective|p2b: Amoonguss
|-damage|p2b: Amoonguss|48/100
|-enditem|p2b: Amoonguss|Sitrus Berry|[eat]
|-heal|p2b: Amoonguss|73/100|[from] item: Sitrus Berry
|-supereffective|p2b: Amoonguss
|-damage|p2b: Amoonguss|61/100
|-hitcount|p2b: Amoonguss|5
|move|p2a: Ursaluna|Headlong Rush|p1b: Baxcalibur
|-damage|p1b: Baxcalibur|0 fnt
|-unboost|p2a: Ursaluna|def|1
|-unboost|p2a: Ursaluna|spd|1
|faint|p1b: Baxcalibur
|move|p1a: Dondozo|Liquidation|p2b: Amoonguss
|-resisted|p2b: Amoonguss
|-damage|p2b: Amoonguss|49/100
|
|-heal|p2a: Ursaluna|66/100 brn|[from] Grassy Terrain
|-heal|p2b: Amoonguss|55/100|[from] Grassy Terrain
|-damage|p2a: Ursaluna|60/100 brn|[from] brn
|upkeep
|turn|6
|-message|veryreally forfeited.
|
|win|Blitzball Ace
