|j|☆guillelona
|j|☆I love Swshi
|html|guillelonaI love Swshi    
|uhtml|bestof|Game 1 of a best-of-3
|t:|1784989659
|gametype|doubles
|player|p1|guillelona|2|1190
|player|p2|I love Swshi|1|1129
|gen|9
|tier|[Gen 9 Champions] VGC 2026 Reg M-B (Bo3)
|rated|
|rule|Species Clause: Limit one of each Pokémon
|rule|Item Clause: Limit 1 of each item
|clearpoke
|poke|p1|Vivillon-Tundra, L50, M|
|poke|p1|Mawile, L50, F|
|poke|p1|Torkoal, L50, F|
|poke|p1|Farigiraf, L50, F|
|poke|p1|Garchomp, L50, F|
|poke|p1|Raichu, L50, F|
|poke|p2|Garchomp, L50, F|
|poke|p2|Charizard, L50, M|
|poke|p2|Floette-Eternal, L50, F|
|poke|p2|Whimsicott, L50, M|
|poke|p2|Basculegion, L50, M|
|poke|p2|Kingambit, L50, F|
|teampreview|4
|showteam|p1|Vivillon-Tundra||FocusSash|CompoundEyes|Hurricane,SleepPowder,RagePowder,Protect|Timid||M|||50|]Mawile||Mawilite|Intimidate|PlayRough,RockSlide,SuckerPunch,Protect|Adamant||F|||50|]Torkoal||Charcoal|Drought|Eruption,WeatherBall,Protect,EarthPower|Quiet||F|||50|]Farigiraf||SitrusBerry|ArmorTail|Psychic,Thunderbolt,TrickRoom,HelpingHand|Relaxed||F|||50|]Garchomp||LifeOrb|RoughSkin|DragonClaw,Earthquake,RockSlide,Protect|Jolly||F|||50|]Raichu||RaichuniteY|LightningRod|ZapCannon,FocusBlast,FakeOut,Protect|Timid||F|||50|
|showteam|p2|Garchomp||LifeOrb|RoughSkin|DragonClaw,Earthquake,RockSlide,Protect|Jolly||F|||50|]Charizard||CharizarditeY|Blaze|WeatherBall,HeatWave,SolarBeam,Protect|Modest||M|||50|]Floette-Eternal||Floettite|FlowerVeil|Moonblast,LightofRuin,DazzlingGleam,Protect|Modest||F|||50|]Whimsicott||FocusSash|Prankster|Moonblast,Encore,Tailwind,Protect|Timid||M|||50|]Basculegion||MysticWater|Adaptability|WaveCrash,LastRespects,AquaJet,Protect|Adamant||M|||50|]Kingambit||BlackGlasses|Defiant|SuckerPunch,IronHead,KowtowCleave,Protect|Adamant||F|||50|
|inactive|Battle timer is ON: inactive players will automatically lose when time's up. (requested by guillelona)
|
|t:|1784989726
|teamsize|p1|4
|teamsize|p2|4
|start
|switch|p1a: Vivillon|Vivillon-Tundra, L50, M|100/100
|switch|p1b: Mawile|Mawile, L50, F|100/100
|switch|p2a: Kingambit|Kingambit, L50, F|100/100
|switch|p2b: Charizard|Charizard, L50, M|100/100
|-ability|p1b: Mawile|Intimidate|boost
|-unboost|p2a: Kingambit|atk|1
|-ability|p2a: Kingambit|Defiant|boost
|-boost|p2a: Kingambit|atk|2
|-unboost|p2b: Charizard|atk|1
|turn|1
|inactive|I love Swshi has 30 seconds left.
|
|t:|1784989754
|detailschange|p1b: Mawile|Mawile-Mega, L50, F
|-mega|p1b: Mawile|Mawile|Mawilite
|move|p2b: Charizard|Protect|p2b: Charizard
|-singleturn|p2b: Charizard|Protect
|move|p1a: Vivillon|Sleep Powder|p2b: Charizard
|-activate|p2b: Charizard|move: Protect
|move|p2a: Kingambit|Iron Head|p1b: Mawile
|-damage|p1b: Mawile|40/100
|move|p1b: Mawile|Play Rough|p2a: Kingambit
|-damage|p2a: Kingambit|31/100
|
|upkeep
|turn|2
|inactive|I love Swshi has 30 seconds left.
|
|t:|1784989781
|detailschange|p2b: Charizard|Charizard-Mega-Y, L50, M
|-mega|p2b: Charizard|Charizard|Charizardite Y
|-weather|SunnyDay|[from] ability: Drought|[of] p2b: Charizard
|move|p1b: Mawile|Protect|p1b: Mawile
|-singleturn|p1b: Mawile|Protect
|move|p2a: Kingambit|Sucker Punch||[still]
|-fail|p2a: Kingambit
|move|p1a: Vivillon|Sleep Powder|p2a: Kingambit
|-status|p2a: Kingambit|slp|[from] move: Sleep Powder
|move|p2b: Charizard|Heat Wave|p1a: Vivillon|[spread] p1a
|-activate|p1b: Mawile|move: Protect
|-supereffective|p1a: Vivillon|1
|-enditem|p1a: Vivillon|Focus Sash
|-damage|p1a: Vivillon|1/100
|
|-weather|SunnyDay|[upkeep]
|upkeep
|turn|3
|inactive|I love Swshi has 30 seconds left.
|
|t:|1784989813
|move|p1a: Vivillon|Sleep Powder|p2b: Charizard
|-status|p2b: Charizard|slp|[from] move: Sleep Powder
|cant|p2b: Charizard|slp
|cant|p2a: Kingambit|slp
|move|p1b: Mawile|Play Rough|p2a: Kingambit
|-damage|p2a: Kingambit|0 fnt
|faint|p2a: Kingambit
|
|-weather|SunnyDay|[upkeep]
|upkeep
|
|t:|1784989828
|switch|p2a: Garchomp|Garchomp, L50, F|100/100
|turn|4
|
|t:|1784989838
|move|p1a: Vivillon|Rage Powder|p1a: Vivillon
|-singleturn|p1a: Vivillon|move: Rage Powder
|move|p2a: Garchomp|Rock Slide|p1a: Vivillon|[spread] p1a,p1b
|-supereffective|p1a: Vivillon|2
|-resisted|p1b: Mawile|1
|-damage|p1a: Vivillon|0 fnt
|-damage|p1b: Mawile|28/100
|faint|p1a: Vivillon
|-damage|p2a: Garchomp|90/100|[from] item: Life Orb
|-curestatus|p2b: Charizard|slp|[msg]
|move|p2b: Charizard|Weather Ball|p1b: Mawile
|-supereffective|p1b: Mawile|1
|-damage|p1b: Mawile|0 fnt
|faint|p1b: Mawile
|
|-weather|SunnyDay|[upkeep]
|upkeep
|
|t:|1784989848
|switch|p1a: Torkoal|Torkoal, L50, F|100/100
|switch|p1b: Farigiraf|Farigiraf, L50, F|100/100
|turn|5
|
|t:|1784989860
|move|p1a: Torkoal|Protect|p1a: Torkoal
|-singleturn|p1a: Torkoal|Protect
|move|p2a: Garchomp|Earthquake|p1a: Torkoal|[spread] p1b
|-activate|p1a: Torkoal|move: Protect
|-immune|p2b: Charizard
|-damage|p1b: Farigiraf|60/100
|-damage|p2a: Garchomp|80/100|[from] item: Life Orb
|move|p2b: Charizard|Weather Ball|p1b: Farigiraf
|-damage|p1b: Farigiraf|0 fnt
|faint|p1b: Farigiraf
|
|-weather|SunnyDay|[upkeep]
|upkeep
|turn|6
|-message|guillelona forfeited.
|
|win|I love Swshi
|l|☆guillelona
|player|p1|
||guillelona is ready for game 2.
||I love Swshi is ready for game 2.
|uhtml|next|Next: Game 2 of 3
|j|☆guillelona
|player|p1|guillelona|2|
