|j|☆terosath
|j|☆seafan13
|html|terosathseafan13    
|uhtml|bestof|Game 1 of a best-of-3
|t:|1785110542
|gametype|doubles
|player|p1|terosath|n|
|player|p2|seafan13|n|
|gen|9
|tier|[Gen 9 Champions] VGC 2026 Reg M-B (Bo3)
|rule|Species Clause: Limit one of each Pokémon
|rule|Item Clause: Limit 1 of each item
|clearpoke
|poke|p1|Drampa, L50, F|
|poke|p1|Crabominable, L50, M|
|poke|p1|Sinistcha-Masterpiece, L50|
|poke|p1|Politoed, L50, M|
|poke|p1|Farigiraf, L50, M|
|poke|p1|Garganacl, L50, F|
|poke|p2|Milotic, L50, F, shiny|
|poke|p2|Umbreon, L50, F, shiny|
|poke|p2|Venusaur, L50, F, shiny|
|poke|p2|Goodra-Hisui, L50, F, shiny|
|poke|p2|Talonflame, L50, M, shiny|
|poke|p2|Mudsdale, L50, M, shiny|
|teampreview|4
|showteam|p1|Drampa||Drampanite|Berserk|Protect,EarthPower,CalmMind,HyperVoice|Quiet||F|||50|]Crabominable||Crabominite|HyperCutter|DrainPunch,Protect,IceHammer,ThunderPunch|Brave||M|||50|]Sinistcha-Masterpiece||SitrusBerry|Hospitality|TrickRoom,MatchaGotcha,LifeDew,RagePowder|Modest|||||50|]Politoed||MysticWater|Drizzle|MuddyWater,Protect,Encore,HelpingHand|Calm||M|||50|]Farigiraf||MentalHerb|ArmorTail|TrickRoom,PsychicNoise,LightScreen,Reflect|Sassy||M|||50|]Garganacl||Leftovers|PurifyingSalt|WideGuard,RockSlide,Protect,BodyPress|Relaxed||F|||50|
|showteam|p2|Milotic||RindoBerry|Competitive|Recover,IceBeam,Scald,Protect|Bold||F|||50|]Umbreon||Leftovers|Synchronize|Protect,Moonlight,FoulPlay,Toxic|Calm||F|||50|]Venusaur||Venusaurite|Chlorophyll|GigaDrain,SludgeBomb,Protect,Synthesis|Modest||F|||50|]Goodra-Hisui||ShellBell|SapSipper|Protect,DracoMeteor,DragonPulse,FlashCannon|Modest||F|||50|]Talonflame||LifeOrb|GaleWings|Protect,Roost,FlareBlitz,BraveBird|Jolly||M|||50|]Mudsdale||MuscleBand|Stamina|Protect,HighHorsepower,BodyPress,RockSlide|Impish||M|||50|
|j| Jaybird112233
|j| geminiduality2
|j| Bingus Von Bongus
|
|t:|1785110604
|teamsize|p1|4
|teamsize|p2|4
|start
|switch|p1a: Put up yer dukes|Crabominable, L50, M|100/100
|switch|p1b: RacecaR|Farigiraf, L50, M|100/100
|switch|p2a: Talonflame|Talonflame, L50, M, shiny|100/100
|switch|p2b: Milotic|Milotic, L50, F, shiny|100/100
|turn|1
|l| geminiduality2
|j| geminiduality2
|
|t:|1785110646
|switch|p1a: I've seen this b4|Garganacl, L50, F|100/100
|move|p2a: Talonflame|Brave Bird||[still]
|cant|p1b: RacecaR|ability: Armor Tail|Brave Bird|[of] p2a: Talonflame
|move|p2b: Milotic|Scald|p1b: RacecaR
|-damage|p1b: RacecaR|80/100
|-status|p1b: RacecaR|brn
|move|p1b: RacecaR|Trick Room|p1b: RacecaR
|-fieldstart|move: Trick Room|[of] p1b: RacecaR
|
|-damage|p1b: RacecaR|74/100 brn|[from] brn
|upkeep
|turn|2
|
|t:|1785110668
|switch|p2a: Venusaur|Venusaur, L50, F, shiny|100/100
|move|p1a: I've seen this b4|Rock Slide|p2b: Milotic|[spread] p2a,p2b
|-damage|p2a: Venusaur|73/100
|-damage|p2b: Milotic|86/100
|move|p1b: RacecaR|Psychic Noise|p2b: Milotic
|-damage|p2b: Milotic|63/100
|-start|p2b: Milotic|move: Heal Block
|cant|p2b: Milotic|flinch
|
|-damage|p1b: RacecaR|67/100 brn|[from] brn
|upkeep
|turn|3
|
|t:|1785110692
|detailschange|p2a: Venusaur|Venusaur-Mega, L50, F, shiny
|-mega|p2a: Venusaur|Venusaur|Venusaurite
|move|p1a: I've seen this b4|Rock Slide|p2b: Milotic|[spread] p2a,p2b
|-damage|p2a: Venusaur|54/100
|-damage|p2b: Milotic|49/100
|move|p1b: RacecaR|Psychic Noise|p2a: Venusaur
|-supereffective|p2a: Venusaur|1
|-damage|p2a: Venusaur|1/100
|-start|p2a: Venusaur|move: Heal Block
|cant|p2b: Milotic|flinch
|cant|p2a: Venusaur|move: Heal Block|Giga Drain
|
|-damage|p1b: RacecaR|61/100 brn|[from] brn
|-end|p2b: Milotic|move: Heal Block
|upkeep
|turn|4
|
|t:|1785110722
|move|p2a: Venusaur|Protect|p2a: Venusaur
|-singleturn|p2a: Venusaur|Protect
|move|p1a: I've seen this b4|Rock Slide|p2a: Venusaur|[spread] p2b
|-activate|p2a: Venusaur|move: Protect
|-damage|p2b: Milotic|33/100
|move|p1b: RacecaR|Psychic Noise|p2b: Milotic
|-damage|p2b: Milotic|12/100
|-start|p2b: Milotic|move: Heal Block
|cant|p2b: Milotic|flinch
|
|-damage|p1b: RacecaR|55/100 brn|[from] brn
|-end|p2a: Venusaur|move: Heal Block
|upkeep
|turn|5
|
|t:|1785110743
|move|p2b: Milotic|Protect|p2b: Milotic
|-singleturn|p2b: Milotic|Protect
|move|p1a: I've seen this b4|Rock Slide|p2a: Venusaur|[spread] p2a
|-activate|p2b: Milotic|move: Protect
|-damage|p2a: Venusaur|0 fnt
|faint|p2a: Venusaur
|move|p1b: RacecaR|Psychic Noise|p2b: Milotic
|-activate|p2b: Milotic|move: Protect
|
|-damage|p1b: RacecaR|49/100 brn|[from] brn
|-end|p2b: Milotic|move: Heal Block
|-fieldend|move: Trick Room
|upkeep
|
|t:|1785110751
|switch|p2a: Talonflame|Talonflame, L50, M, shiny|100/100
|turn|6
|
|t:|1785110782
|move|p2a: Talonflame|Flare Blitz|p1b: RacecaR
|-damage|p1b: RacecaR|0 fnt
|faint|p1b: RacecaR
|-damage|p2a: Talonflame|76/100|[from] Recoil
|-damage|p2a: Talonflame|66/100|[from] item: Life Orb
|move|p2b: Milotic|Recover|p2b: Milotic
|-heal|p2b: Milotic|62/100
|move|p1a: I've seen this b4|Rock Slide|p2a: Talonflame|[spread] p2a,p2b
|-supereffective|p2a: Talonflame|2
|-damage|p2a: Talonflame|0 fnt
|-damage|p2b: Milotic|47/100
|faint|p2a: Talonflame
|
|upkeep
|
|t:|1785110795
|switch|p2a: Goodra|Goodra-Hisui, L50, F, shiny|100/100
|switch|p1b: Double Gulp|Sinistcha-Masterpiece, L50|100/100
|turn|7
|
|t:|1785110806
|move|p1a: I've seen this b4|Protect|p1a: I've seen this b4
|-singleturn|p1a: I've seen this b4|Protect
|move|p2b: Milotic|Ice Beam|p1b: Double Gulp
|-supereffective|p1b: Double Gulp|1
|-damage|p1b: Double Gulp|57/100
|move|p2a: Goodra|Flash Cannon|p1a: I've seen this b4
|-activate|p1a: I've seen this b4|move: Protect
|move|p1b: Double Gulp|Trick Room|p1b: Double Gulp
|-fieldstart|move: Trick Room|[of] p1b: Double Gulp
|
|upkeep
|turn|8
|
|t:|1785110823
|move|p2a: Goodra|Protect|p2a: Goodra
|-singleturn|p2a: Goodra|Protect
|move|p2b: Milotic|Protect|p2b: Milotic
|-singleturn|p2b: Milotic|Protect
|move|p1a: I've seen this b4|Rock Slide|p2a: Goodra|[spread] 
|-activate|p2a: Goodra|move: Protect
|-activate|p2b: Milotic|move: Protect
|move|p1b: Double Gulp|Matcha Gotcha|p2b: Milotic|[spread] 
|-activate|p2a: Goodra|move: Protect
|-activate|p2b: Milotic|move: Protect
|
|upkeep
|turn|9
|
|t:|1785110841
|move|p1a: I've seen this b4|Rock Slide|p2b: Milotic|[spread] p2a,p2b
|-resisted|p2a: Goodra|1
|-crit|p2b: Milotic
|-damage|p2a: Goodra|90/100
|-damage|p2b: Milotic|26/100
|move|p2a: Goodra|Flash Cannon|p1a: I've seen this b4
|-supereffective|p1a: I've seen this b4|1
|-damage|p1a: I've seen this b4|24/100
|-heal|p2a: Goodra|100/100|[from] item: Shell Bell|[of] p1a: I've seen this b4
|move|p1b: Double Gulp|Matcha Gotcha|p2b: Milotic|[spread] 
|-ability|p2a: Goodra|Sap Sipper|boost
|-boost|p2a: Goodra|atk|1
|-miss|p1b: Double Gulp|p2b: Milotic
|move|p2b: Milotic|Ice Beam|p1b: Double Gulp
|-supereffective|p1b: Double Gulp|1
|-damage|p1b: Double Gulp|17/100
|-enditem|p1b: Double Gulp|Sitrus Berry|[eat]
|-heal|p1b: Double Gulp|42/100|[from] item: Sitrus Berry
|
|-heal|p1a: I've seen this b4|30/100|[from] item: Leftovers
|upkeep
|turn|10
|
|t:|1785110869
|move|p2a: Goodra|Protect|p2a: Goodra
|-singleturn|p2a: Goodra|Protect
|move|p2b: Milotic|Protect|p2b: Milotic
|-singleturn|p2b: Milotic|Protect
|move|p1a: I've seen this b4|Body Press|p2a: Goodra
|-activate|p2a: Goodra|move: Protect
|move|p1b: Double Gulp|Matcha Gotcha|p2a: Goodra|[spread] 
|-activate|p2a: Goodra|move: Protect
|-activate|p2b: Milotic|move: Protect
|
|-heal|p1a: I've seen this b4|36/100|[from] item: Leftovers
|upkeep
|turn|11
|
|t:|1785110898
|move|p1a: I've seen this b4|Body Press|p2b: Milotic
|-damage|p2b: Milotic|3/100
|move|p2a: Goodra|Flash Cannon|p1a: I've seen this b4
|-supereffective|p1a: I've seen this b4|1
|-damage|p1a: I've seen this b4|0 fnt
|faint|p1a: I've seen this b4
|move|p1b: Double Gulp|Life Dew|p1b: Double Gulp
|-heal|p1b: Double Gulp|67/100
|move|p2b: Milotic|Recover|p2b: Milotic
|-heal|p2b: Milotic|53/100
|
|-fieldend|move: Trick Room
|upkeep
|
|t:|1785110909
|switch|p1a: Put up yer dukes|Crabominable, L50, M|100/100
|turn|12
|
|t:|1785110952
|move|p2b: Milotic|Ice Beam|p1b: Double Gulp
|-supereffective|p1b: Double Gulp|1
|-damage|p1b: Double Gulp|23/100
|move|p2a: Goodra|Dragon Pulse|p1b: Double Gulp
|-damage|p1b: Double Gulp|0 fnt
|faint|p1b: Double Gulp
|move|p1a: Put up yer dukes|Drain Punch|p2a: Goodra
|-supereffective|p2a: Goodra|1
|-damage|p2a: Goodra|19/100
|
|upkeep
|turn|13
|
|t:|1785110972
|detailschange|p1a: Put up yer dukes|Crabominable-Mega, L50, M
|-mega|p1a: Put up yer dukes|Crabominable|Crabominite
|move|p2b: Milotic|Scald|p1a: Put up yer dukes
|-crit|p1a: Put up yer dukes
|-damage|p1a: Put up yer dukes|67/100
|move|p2a: Goodra|Flash Cannon|p1a: Put up yer dukes
|-supereffective|p1a: Put up yer dukes|1
|-damage|p1a: Put up yer dukes|0 fnt
|faint|p1a: Put up yer dukes
|-heal|p2a: Goodra|28/100|[from] item: Shell Bell|[of] p1: Put up yer dukes
|
|win|seafan13
|inactive|terosath has 30 seconds to confirm battle start!
|inactive|seafan13 has 30 seconds to confirm battle start!
||terosath is ready for game 2.
|inactive|seafan13 has 20 seconds to confirm battle start!
|inactive|seafan13 has 10 seconds to confirm battle start!
||seafan13 is ready for game 2.
|uhtml|next|Next: Game 2 of 3
|l| geminiduality2
|l| Bingus Von Bongus
|j| bumperscrumper
|l| bumperscrumper
|l|☆terosath
|player|p1|
|l|☆seafan13
|player|p2|
