|j|☆JuanGuerrero09
|j|☆clawara
|html|JuanGuerrero09clawara    
|uhtml|bestof|Game 2 of a best-of-3
|t:|1756886052
|gametype|doubles
|player|p1|JuanGuerrero09|2|1073
|player|p2|clawara|101|1040
|gen|9
|tier|[Gen 9] VGC 2025 Reg H (Bo3)
|rated|
|rule|Species Clause: Limit one of each Pokémon
|rule|Item Clause: Limit 1 of each item
|clearpoke
|poke|p1|Sneasler, L50, M|
|poke|p1|Indeedee, L50, M|
|poke|p1|Tyranitar, L50, M|
|poke|p1|Excadrill, L50, M|
|poke|p1|Dragonite, L50, F|
|poke|p1|Volcarona, L50, M|
|poke|p2|Politoed, L50, M|
|poke|p2|Gothitelle, L50, M|
|poke|p2|Incineroar, L50, M|
|poke|p2|Amoonguss, L50, F|
|poke|p2|Kingdra, L50, M|
|poke|p2|Archaludon, L50, F|
|teampreview|4
|showteam|p1|Sneasler||PsychicSeed|Unburden|CloseCombat,DireClaw,ThroatChop,Protect|||M|||50|,,,,,Dark]Indeedee||ChoiceScarf|PsychicSurge|ExpandingForce,TeraBlast,Trick,Protect|||M|||50|,,,,,Fire]Tyranitar||AssaultVest|SandStream|RockSlide,KnockOff,TeraBlast,LowKick|||M|||50|,,,,,Flying]Excadrill||FocusSash|SandRush|HighHorsepower,Earthquake,IronHead,Protect|||M|||50|,,,,,Ground]Dragonite||LoadedDice|Multiscale|ScaleShot,Protect,ExtremeSpeed,Haze|||F|||50|,,,,,Fairy]Volcarona||CovertCloak|FlameBody|Protect,HeatWave,QuiverDance,GigaDrain|||M|||50|,,,,,Fairy
|showteam|p2|Politoed||Leftovers|Drizzle|Protect,WeatherBall,PerishSong,Encore|||M|||50|,,,,,Grass]Gothitelle||SitrusBerry|ShadowTag|Protect,Psychic,FakeOut,TrickRoom|||M|||50|,,,,,Dark]Incineroar||SafetyGoggles|Intimidate|Protect,KnockOff,FakeOut,PartingShot|||M|||50|,,,,,Ghost]Amoonguss||EjectButton|Regenerator|Protect,RagePowder,PollenPuff,Spore|||F|||50|,,,,,Fairy]Kingdra||LifeOrb|SwiftSwim|Protect,WeatherBall,DracoMeteor,MuddyWater|||M|||50|,,,,,Stellar]Archaludon||PowerHerb|Sturdy|Protect,ElectroShot,DragonPulse,FlashCannon|||F|||50|,,,,,Electric
|inactive|Battle timer is ON: inactive players will automatically lose when time's up. (requested by clawara)
|inactive|JuanGuerrero09 has 60 seconds left.
|inactive|clawara has 60 seconds left.
|
|t:|1756886102
|teamsize|p1|4
|teamsize|p2|4
|start
|switch|p1a: Volcarona|Volcarona, L50, M|100/100
|switch|p1b: Indeedee|Indeedee, L50, M|100/100
|switch|p2a: Incineroar|Incineroar, L50, M|100/100
|switch|p2b: Amoonguss|Amoonguss, L50, F|100/100
|-fieldstart|move: Psychic Terrain|[from] ability: Psychic Surge|[of] p1b: Indeedee
|-ability|p2a: Incineroar|Intimidate|boost
|-unboost|p1a: Volcarona|atk|1
|-unboost|p1b: Indeedee|atk|1
|turn|1
|inactive|JuanGuerrero09 has 30 seconds left.
|inactive|clawara has 30 seconds left.
|inactive|JuanGuerrero09 has 20 seconds left.
|inactive|clawara has 20 seconds left.
|inactive|clawara has 15 seconds left.
|
|t:|1756886147
|-terastallize|p1b: Indeedee|Fire
|-terastallize|p2b: Amoonguss|Fairy
|move|p1b: Indeedee|Expanding Force|p2a: Incineroar|[spread] p2b
|-immune|p2a: Incineroar
|-damage|p2b: Amoonguss|52/100
|-enditem|p2b: Amoonguss|Eject Button
|
|t:|1756886166
|switch|p2b: Politoed|Politoed, L50, M|100/100
|-weather|RainDance|[from] ability: Drizzle|[of] p2b: Politoed
|move|p1a: Volcarona|Quiver Dance|p1a: Volcarona
|-boost|p1a: Volcarona|spa|1
|-boost|p1a: Volcarona|spd|1
|-boost|p1a: Volcarona|spe|1
|move|p2a: Incineroar|Knock Off|p1b: Indeedee
|-crit|p1b: Indeedee
|-damage|p1b: Indeedee|0 fnt
|-enditem|p1b: Indeedee|Choice Scarf|[from] move: Knock Off|[of] p2a: Incineroar
|faint|p1b: Indeedee
|
|-weather|RainDance|[upkeep]
|upkeep
|
|t:|1756886180
|switch|p1b: Tyranitar|Tyranitar, L50, M|100/100
|-weather|Sandstorm|[from] ability: Sand Stream|[of] p1b: Tyranitar
|turn|2
|inactive|clawara has 30 seconds left.
|
|t:|1756886208
|move|p1a: Volcarona|Giga Drain|p2b: Politoed
|-supereffective|p2b: Politoed
|-damage|p2b: Politoed|46/100
|move|p2b: Politoed|Perish Song|p2b: Politoed
|-start|p1a: Volcarona|perish3|[silent]
|-start|p1b: Tyranitar|perish3|[silent]
|-start|p2a: Incineroar|perish3|[silent]
|-start|p2b: Politoed|perish3|[silent]
|-fieldactivate|move: Perish Song
|move|p1b: Tyranitar|Low Kick|p2a: Incineroar
|-supereffective|p2a: Incineroar
|-damage|p2a: Incineroar|40/100
|move|p2a: Incineroar|Parting Shot|p1b: Tyranitar
|-unboost|p1b: Tyranitar|atk|1
|-unboost|p1b: Tyranitar|spa|1
|
|t:|1756886216
|switch|p2a: Gothitelle|Gothitelle, L50, M|100/100|[from] Parting Shot
|
|-weather|Sandstorm|[upkeep]
|-damage|p1a: Volcarona|94/100|[from] Sandstorm
|-damage|p2b: Politoed|40/100|[from] Sandstorm
|-damage|p2a: Gothitelle|94/100|[from] Sandstorm
|-heal|p2b: Politoed|46/100|[from] item: Leftovers
|-start|p1a: Volcarona|perish3
|-start|p2b: Politoed|perish3
|-start|p1b: Tyranitar|perish3
|upkeep
|turn|3
|
|t:|1756886235
|move|p2a: Gothitelle|Protect|p2a: Gothitelle
|-singleturn|p2a: Gothitelle|Protect
|move|p1a: Volcarona|Giga Drain|p2b: Politoed
|-supereffective|p2b: Politoed
|-damage|p2b: Politoed|0 fnt
|-heal|p1a: Volcarona|100/100|[from] drain|[of] p2b: Politoed
|faint|p2b: Politoed
|move|p1b: Tyranitar|Knock Off|p2a: Gothitelle
|-activate|p2a: Gothitelle|move: Protect
|
|-weather|Sandstorm|[upkeep]
|-damage|p1a: Volcarona|94/100|[from] Sandstorm
|-damage|p2a: Gothitelle|88/100|[from] Sandstorm
|-start|p1a: Volcarona|perish2
|-start|p1b: Tyranitar|perish2
|upkeep
|
|t:|1756886253
|switch|p2b: Amoonguss|Amoonguss, L50, F, tera:Fairy|85/100
|turn|4
|
|t:|1756886269
|move|p2b: Amoonguss|Rage Powder|p2b: Amoonguss
|-singleturn|p2b: Amoonguss|move: Rage Powder
|move|p1a: Volcarona|Heat Wave|p2b: Amoonguss|[spread] p2a,p2b
|-damage|p2a: Gothitelle|54/100
|-damage|p2b: Amoonguss|46/100
|move|p1b: Tyranitar|Knock Off|p2b: Amoonguss
|-resisted|p2b: Amoonguss
|-damage|p2b: Amoonguss|36/100
|move|p2a: Gothitelle|Trick Room|p2a: Gothitelle
|-fieldstart|move: Trick Room|[of] p2a: Gothitelle
|
|-weather|Sandstorm|[upkeep]
|-damage|p2b: Amoonguss|30/100|[from] Sandstorm
|-damage|p2a: Gothitelle|48/100|[from] Sandstorm
|-damage|p1a: Volcarona|88/100|[from] Sandstorm
|-enditem|p2a: Gothitelle|Sitrus Berry|[eat]
|-heal|p2a: Gothitelle|73/100|[from] item: Sitrus Berry
|-start|p1b: Tyranitar|perish1
|-start|p1a: Volcarona|perish1
|upkeep
|turn|5
|inactive|JuanGuerrero09 has 30 seconds left.
|
|t:|1756886295
|move|p2b: Amoonguss|Protect|p2b: Amoonguss
|-singleturn|p2b: Amoonguss|Protect
|move|p2a: Gothitelle|Protect|p2a: Gothitelle
|-singleturn|p2a: Gothitelle|Protect
|move|p1b: Tyranitar|Knock Off|p2a: Gothitelle
|-activate|p2a: Gothitelle|move: Protect
|move|p1a: Volcarona|Heat Wave|p2a: Gothitelle|[spread] 
|-activate|p2a: Gothitelle|move: Protect
|-activate|p2b: Amoonguss|move: Protect
|
|-weather|Sandstorm|[upkeep]
|-damage|p2b: Amoonguss|24/100|[from] Sandstorm
|-damage|p2a: Gothitelle|67/100|[from] Sandstorm
|-damage|p1a: Volcarona|82/100|[from] Sandstorm
|-start|p1b: Tyranitar|perish0
|-start|p1a: Volcarona|perish0
|faint|p1b: Tyranitar
|faint|p1a: Volcarona
|-fieldend|move: Psychic Terrain
|upkeep
|
|t:|1756886300
|switch|p1b: Excadrill|Excadrill, L50, M|100/100
|turn|6
|
|t:|1756886307
|move|p2b: Amoonguss|Spore|p1b: Excadrill
|-status|p1b: Excadrill|slp|[from] move: Spore
|move|p2a: Gothitelle|Psychic|p1b: Excadrill
|-resisted|p1b: Excadrill
|-damage|p1b: Excadrill|79/100 slp
|cant|p1b: Excadrill|slp
|
|-weather|none
|upkeep
|turn|7
|
|t:|1756886319
|switch|p2b: Incineroar|Incineroar, L50, M|40/100
|-ability|p2b: Incineroar|Intimidate|boost
|-unboost|p1b: Excadrill|atk|1
|move|p2a: Gothitelle|Psychic|p1b: Excadrill
|-resisted|p1b: Excadrill
|-damage|p1b: Excadrill|58/100 slp
|-curestatus|p1b: Excadrill|slp|[msg]
|move|p1b: Excadrill|Earthquake|p2a: Gothitelle|[spread] p2a,p2b
|-supereffective|p2b: Incineroar
|-damage|p2a: Gothitelle|38/100
|-damage|p2b: Incineroar|0 fnt
|faint|p2b: Incineroar
|
|upkeep
|
|t:|1756886332
|switch|p2b: Amoonguss|Amoonguss, L50, F, tera:Fairy|57/100
|turn|8
|
|t:|1756886338
|move|p1b: Excadrill|Protect|p1b: Excadrill
|-singleturn|p1b: Excadrill|Protect
|move|p2b: Amoonguss|Spore|p1b: Excadrill
|-activate|p1b: Excadrill|move: Protect
|move|p2a: Gothitelle|Psychic|p1b: Excadrill
|-activate|p1b: Excadrill|move: Protect
|
|-fieldend|move: Trick Room
|upkeep
|turn|9
|
|t:|1756886357
|move|p2b: Amoonguss|Protect|p2b: Amoonguss
|-singleturn|p2b: Amoonguss|Protect
|move|p1b: Excadrill|Iron Head|p2b: Amoonguss
|-activate|p2b: Amoonguss|move: Protect
|move|p2a: Gothitelle|Psychic|p1b: Excadrill
|-resisted|p1b: Excadrill
|-damage|p1b: Excadrill|38/100
|-unboost|p1b: Excadrill|spd|1
|
|upkeep
|turn|10
|inactive|clawara has 30 seconds left.
|
|t:|1756886384
|move|p2b: Amoonguss|Protect||[still]
|-fail|p2b: Amoonguss
|move|p1b: Excadrill|Iron Head|p2b: Amoonguss
|-supereffective|p2b: Amoonguss
|-damage|p2b: Amoonguss|11/100
|move|p2a: Gothitelle|Psychic|p1b: Excadrill
|-resisted|p1b: Excadrill
|-damage|p1b: Excadrill|9/100
|
|upkeep
|turn|11
|
|t:|1756886393
|move|p2b: Amoonguss|Rage Powder|p2b: Amoonguss
|-singleturn|p2b: Amoonguss|move: Rage Powder
|move|p1b: Excadrill|Earthquake|p2a: Gothitelle|[spread] p2a,p2b
|-damage|p2a: Gothitelle|10/100
|-damage|p2b: Amoonguss|0 fnt
|faint|p2b: Amoonguss
|move|p2a: Gothitelle|Psychic|p1b: Excadrill
|-resisted|p1b: Excadrill
|-damage|p1b: Excadrill|0 fnt
|faint|p1b: Excadrill
|
|win|clawara
|raw|JuanGuerrero09's rating: 1073 → 1050(-23 for losing)
|raw|clawara's rating: 1040 → 1077(+37 for winning)
