|j|☆Claxxical
|j|☆vilan333
|html|Claxxicalvilan333    
|uhtml|bestof|Game 1 of a best-of-3
|t:|1783454423
|gametype|doubles
|player|p1|Claxxical|1|1068
|player|p2|vilan333|marshal|1127
|gen|9
|tier|[Gen 9 Champions] VGC 2026 Reg M-B (Bo3)
|rated|
|rule|Species Clause: Limit one of each Pokémon
|rule|Item Clause: Limit 1 of each item
|clearpoke
|poke|p1|Aggron, L50, M, shiny|
|poke|p1|Dragapult, L50, F|
|poke|p1|Annihilape, L50, M|
|poke|p1|Sinistcha, L50|
|poke|p1|Pelipper, L50, M|
|poke|p1|Kingambit, L50, F|
|poke|p2|Charizard, L50, M|
|poke|p2|Mawile, L50, M|
|poke|p2|Basculegion, L50, M|
|poke|p2|Garchomp, L50, F|
|poke|p2|Whimsicott, L50, M|
|poke|p2|Farigiraf, L50, F|
|teampreview|4
|showteam|p1|Aggron||Aggronite|Sturdy|HeavySlam,BodyPress,IronDefense,Protect|Careful||M|||50|]Dragapult||DragonFang|ClearBody|DracoMeteor,LightScreen,WillOWisp,Uturn|Timid||F|||50|]Annihilape||ChoiceScarf|Defiant|RageFist,LowKick,RockSlide,Protect|Jolly||M|||50|]Sinistcha||SitrusBerry|Hospitality|MatchaGotcha,TrickRoom,RagePowder,LifeDew|Calm|||||50|]Pelipper||FocusSash|Drizzle|Hurricane,WeatherBall,WideGuard,Protect|Modest||M|||50|]Kingambit||BlackGlasses|SupremeOverlord|KowtowCleave,SwordsDance,Protect,SuckerPunch|Adamant||F|||50|
|showteam|p2|Charizard||CharizarditeY|Blaze|WeatherBall,HeatWave,SolarBeam,Protect|Timid||M|||50|]Mawile||Mawilite|HyperCutter|PlayRough,SuckerPunch,RockSlide,Protect|Adamant||M|||50|]Basculegion||MysticWater|Adaptability|WaveCrash,LastRespects,AquaJet,Protect|Adamant||M|||50|]Garchomp||LifeOrb|RoughSkin|Earthquake,DragonClaw,RockSlide,Protect|Jolly||F|||50|]Whimsicott||FocusSash|Prankster|Moonblast,Encore,Tailwind,Protect|Timid||M|||50|]Farigiraf||SitrusBerry|ArmorTail|TwinBeam,Thunderbolt,TrickRoom,HelpingHand|Bold||F|||50|
|
|t:|1783454462
|teamsize|p1|4
|teamsize|p2|4
|start
|switch|p1a: Aggron|Aggron, L50, M, shiny|100/100
|switch|p1b: Dragapult|Dragapult, L50, F|100/100
|switch|p2a: Garchomp|Garchomp, L50, F|100/100
|switch|p2b: Whimsicott|Whimsicott, L50, M|100/100
|turn|1
|
|t:|1783454479
|detailschange|p1a: Aggron|Aggron-Mega, L50, M, shiny
|-mega|p1a: Aggron|Aggron|Aggronite
|move|p2b: Whimsicott|Tailwind|p2b: Whimsicott
|-sidestart|p2: vilan333|move: Tailwind
|move|p2a: Garchomp|Dragon Claw|p1b: Dragapult
|-supereffective|p1b: Dragapult|1
|-damage|p1b: Dragapult|0 fnt
|faint|p1b: Dragapult
|-damage|p2a: Garchomp|90/100|[from] item: Life Orb
|move|p1a: Aggron|Iron Defense|p1a: Aggron
|-boost|p1a: Aggron|def|2
|
|upkeep
|
|t:|1783454491
|switch|p1b: Pelipper|Pelipper, L50, M|100/100
|-weather|RainDance|[from] ability: Drizzle|[of] p1b: Pelipper
|turn|2
|
|t:|1783454504
|move|p1a: Aggron|Protect|p1a: Aggron
|-singleturn|p1a: Aggron|Protect
|move|p2b: Whimsicott|Encore|p1a: Aggron
|-activate|p1a: Aggron|move: Protect
|move|p2a: Garchomp|Dragon Claw|p1b: Pelipper
|-damage|p1b: Pelipper|29/100
|-damage|p2a: Garchomp|80/100|[from] item: Life Orb
|move|p1b: Pelipper|Hurricane|p2b: Whimsicott
|-supereffective|p2b: Whimsicott|1
|-enditem|p2b: Whimsicott|Focus Sash
|-damage|p2b: Whimsicott|1/100
|
|-weather|RainDance|[upkeep]
|upkeep
|turn|3
|
|t:|1783454526
|move|p2b: Whimsicott|Encore|p1a: Aggron
|-start|p1a: Aggron|Encore
|move|p1a: Aggron|Protect||[still]
|-fail|p1a: Aggron
|move|p2a: Garchomp|Dragon Claw|p1b: Pelipper
|-damage|p1b: Pelipper|0 fnt
|faint|p1b: Pelipper
|-damage|p2a: Garchomp|71/100|[from] item: Life Orb
|
|-weather|RainDance|[upkeep]
|upkeep
|
|t:|1783454538
|switch|p1b: Sinistcha|Sinistcha, L50|100/100
|turn|4
|l|☆vilan333
|player|p2|
|j|☆vilan333
|player|p2|vilan333|marshal|
|
|t:|1783454593
|move|p1a: Aggron|Protect|p1a: Aggron
|-singleturn|p1a: Aggron|Protect
|move|p2b: Whimsicott|Moonblast|p1b: Sinistcha
|-damage|p1b: Sinistcha|69/100
|move|p2a: Garchomp|Dragon Claw|p1b: Sinistcha
|-damage|p1b: Sinistcha|20/100y
|-enditem|p1b: Sinistcha|Sitrus Berry|[eat]
|-heal|p1b: Sinistcha|45/100|[from] item: Sitrus Berry
|-damage|p2a: Garchomp|61/100|[from] item: Life Orb
|move|p1b: Sinistcha|Trick Room|p1b: Sinistcha
|-fieldstart|move: Trick Room|[of] p1b: Sinistcha
|
|-weather|RainDance|[upkeep]
|-sideend|p2: vilan333|move: Tailwind
|upkeep
|turn|5
|l|☆vilan333
|player|p2|
|j|☆vilan333
|player|p2|vilan333|marshal|
|
|t:|1783454662
|move|p1a: Aggron|Protect|p1a: Aggron
|-singleturn|p1a: Aggron|Protect
|move|p1b: Sinistcha|Life Dew||[still]|[spread] p1a,p1b
|-fail|p1a: Aggron|heal
|-heal|p1b: Sinistcha|70/100
|move|p2a: Garchomp|Dragon Claw|p1b: Sinistcha
|-damage|p1b: Sinistcha|21/100
|-damage|p2a: Garchomp|52/100|[from] item: Life Orb
|move|p2b: Whimsicott|Moonblast|p1b: Sinistcha
|-damage|p1b: Sinistcha|0 fnt
|faint|p1b: Sinistcha
|
|-weather|RainDance|[upkeep]
|-end|p1a: Aggron|Encore
|upkeep
|turn|6
|l|☆vilan333
|player|p2|
|j|☆vilan333
|player|p2|vilan333|marshal|
|-message|Claxxical forfeited.
|raw|Claxxical's rating: 1068 → 1051(-17 for losing)
|raw|vilan333's rating: 1127 → 1148(+21 for winning)
|
|win|vilan333
