|j|☆G33KY
|j|☆Gen4lover2
|html|G33KYGen4lover2    
|uhtml|bestof|Game 1 of a best-of-3
|t:|1785948739
|gametype|doubles
|player|p1|G33KY|supernerd|1207
|player|p2|Gen4lover2|wallace|1368
|gen|9
|tier|[Gen 9 Champions] VGC 2026 Reg M-B (Bo3)
|rated|
|rule|Species Clause: Limit one of each Pokémon
|rule|Item Clause: Limit 1 of each item
|clearpoke
|poke|p1|Staraptor, L50, F|
|poke|p1|Sylveon, L50, F|
|poke|p1|Farigiraf, L50, M|
|poke|p1|Incineroar, L50, M|
|poke|p1|Raichu, L50, M|
|poke|p1|Kingambit, L50, M|
|poke|p2|Tyranitar, L50, M|
|poke|p2|Excadrill, L50, F|
|poke|p2|Staraptor, L50, F|
|poke|p2|Milotic, L50, F, shiny|
|poke|p2|Gholdengo, L50|
|poke|p2|Sinistcha-Masterpiece, L50|
|teampreview|4
|showteam|p1|Staraptor||Staraptite|Intimidate|CloseCombat,DualWingbeat,Protect,Tailwind|Jolly||F|||50|]Sylveon||FairyFeather|Pixilate|HyperVoice,BabyDollEyes,Detect,QuickAttack|Modest||F|||50|]Farigiraf||ColburBerry|ArmorTail|HelpingHand,Psychic,TrickRoom,Roar|Relaxed||M|||50|]Incineroar||SitrusBerry|Intimidate|FakeOut,PartingShot,ThroatChop,FlareBlitz|Careful||M|||50|]Raichu||RaichuniteY|LightningRod|FakeOut,ZapCannon,FocusBlast,Protect|Timid||M|||50|]Kingambit||LifeOrb|Defiant|KowtowCleave,SuckerPunch,IronHead,Protect|Adamant||M|||50|
|showteam|p2|Tyranitar||Tyranitarite|SandStream|RockSlide,KnockOff,LowKick,Protect|Adamant||M|||50|]Excadrill||FocusSash|SandRush|HighHorsepower,IronHead,RockSlide,Protect|Adamant||F|||50|]Staraptor||Staraptite|Intimidate|BraveBird,CloseCombat,Tailwind,Protect|Jolly||F|||50|]Milotic||SitrusBerry|Competitive|Scald,IceBeam,Recover,Protect|Modest||F|||50|]Gholdengo||LifeOrb|GoodasGold|MakeItRain,ShadowBall,NastyPlot,Protect|Modest|||||50|]Sinistcha-Masterpiece||ColburBerry|Hospitality|MatchaGotcha,RagePowder,TrickRoom,Protect|Relaxed|||||50|
|inactive|Battle timer is ON: inactive players will automatically lose when time's up. (requested by G33KY)
|inactive|Gen4lover2 also wants the timer to be on.
|inactive|Gen4lover2 has 60 seconds left.
|inactive|Gen4lover2 has 30 seconds left.
|inactive|Gen4lover2 has 20 seconds left.
|inactive|Gen4lover2 has 15 seconds left.
|inactive|Gen4lover2 has 10 seconds left.
|inactive|Gen4lover2 has 5 seconds left.
|
|t:|1785948826
|teamsize|p1|4
|teamsize|p2|4
|start
|switch|p1a: Raichu|Raichu, L50, M|100/100
|switch|p1b: Kingambit|Kingambit, L50, M|100/100
|switch|p2a: Milotic|Milotic, L50, F, shiny|100/100
|switch|p2b: Excadrill|Excadrill, L50, F|100/100
|turn|1
|inactive|G33KY has 30 seconds left.
|inactive|G33KY has 20 seconds left.
|
|t:|1785948861
|switch|p1b: Incineroar|Incineroar, L50, M|100/100
|-ability|p1b: Incineroar|Intimidate|boost
|-unboost|p2a: Milotic|atk|1
|-ability|p2a: Milotic|Competitive|boost
|-boost|p2a: Milotic|spa|2
|-unboost|p2b: Excadrill|atk|1
|detailschange|p1a: Raichu|Raichu-Mega-Y, L50, M
|-mega|p1a: Raichu|Raichu|Raichunite Y
|move|p2b: Excadrill|Protect|p2b: Excadrill
|-singleturn|p2b: Excadrill|Protect
|move|p2a: Milotic|Protect|p2a: Milotic
|-singleturn|p2a: Milotic|Protect
|move|p1a: Raichu|Fake Out|p2a: Milotic
|-activate|p2a: Milotic|move: Protect
|
|upkeep
|turn|2
|
|t:|1785948879
|switch|p2a: Tyranitar|Tyranitar, L50, M|100/100
|-weather|Sandstorm|[from] ability: Sand Stream|[of] p2a: Tyranitar
|move|p1b: Incineroar|Fake Out|p2b: Excadrill
|-resisted|p2b: Excadrill|1
|-damage|p2b: Excadrill|92/100
|cant|p2b: Excadrill|flinch
|move|p1a: Raichu|Zap Cannon|p2a: Tyranitar
|-damage|p2a: Tyranitar|57/100
|-status|p2a: Tyranitar|par
|
|-weather|Sandstorm|[upkeep]
|-damage|p1a: Raichu|94/100|[from] Sandstorm
|-damage|p1b: Incineroar|94/100|[from] Sandstorm
|upkeep
|turn|3
|
|t:|1785948901
|switch|p2a: Sinistcha|Sinistcha-Masterpiece, L50|100/100
|-heal|p2b: Excadrill|100/100|[from] ability: Hospitality|[of] p2a: Sinistcha
|move|p1a: Raichu|Protect|p1a: Raichu
|-singleturn|p1a: Raichu|Protect
|move|p2b: Excadrill|High Horsepower|p1a: Raichu
|-activate|p1a: Raichu|move: Protect
|move|p1b: Incineroar|Flare Blitz|p2b: Excadrill
|-supereffective|p2b: Excadrill|1
|-enditem|p2b: Excadrill|Focus Sash
|-damage|p2b: Excadrill|1/100
|-damage|p1b: Incineroar|63/100|[from] Recoil
|
|-weather|Sandstorm|[upkeep]
|-damage|p1a: Raichu|88/100|[from] Sandstorm
|-damage|p2a: Sinistcha|93/100|[from] Sandstorm
|-damage|p1b: Incineroar|57/100|[from] Sandstorm
|upkeep
|turn|4
|
|t:|1785948922
|switch|p1a: Sylveon|Sylveon, L50, F|100/100
|switch|p2a: Milotic|Milotic, L50, F, shiny|100/100
|move|p2b: Excadrill|High Horsepower|p1a: Sylveon
|-damage|p1a: Sylveon|57/100
|move|p1b: Incineroar|Parting Shot|p2b: Excadrill
|-unboost|p2b: Excadrill|atk|1
|-unboost|p2b: Excadrill|spa|1
|
|t:|1785948932
|switch|p1b: Raichu|Raichu-Mega-Y, L50, M|88/100|[from] Parting Shot
|
|-weather|Sandstorm|[upkeep]
|-damage|p1b: Raichu|82/100|[from] Sandstorm
|-damage|p2a: Milotic|94/100|[from] Sandstorm
|-damage|p1a: Sylveon|51/100|[from] Sandstorm
|upkeep
|turn|5
|
|t:|1785948947
|switch|p2a: Sinistcha|Sinistcha-Masterpiece, L50|93/100
|-heal|p2b: Excadrill|25/100|[from] ability: Hospitality|[of] p2a: Sinistcha
|move|p1b: Raichu|Fake Out|p2a: Sinistcha
|-immune|p2a: Sinistcha
|move|p2b: Excadrill|High Horsepower|p1b: Raichu
|-supereffective|p1b: Raichu|1
|-damage|p1b: Raichu|0 fnt
|faint|p1b: Raichu
|move|p1a: Sylveon|Hyper Voice|p2a: Sinistcha|[spread] p2a,p2b
|-crit|p2a: Sinistcha
|-resisted|p2b: Excadrill|1
|-damage|p2a: Sinistcha|17/100
|-damage|p2b: Excadrill|0 fnt
|faint|p2b: Excadrill
|
|-weather|Sandstorm|[upkeep]
|-damage|p1a: Sylveon|45/100|[from] Sandstorm
|-damage|p2a: Sinistcha|11/100|[from] Sandstorm
|upkeep
|
|t:|1785948960
|switch|p1b: Kingambit|Kingambit, L50, M|100/100
|switch|p2b: Tyranitar|Tyranitar, L50, M|57/100 par
|turn|6
|
|t:|1785948971
|move|p1a: Sylveon|Hyper Voice|p2a: Sinistcha|[spread] p2a,p2b
|-supereffective|p2b: Tyranitar|1
|-damage|p2a: Sinistcha|0 fnt
|-damage|p2b: Tyranitar|0 fnt
|faint|p2a: Sinistcha
|faint|p2b: Tyranitar
|move|p1b: Kingambit|Iron Head|p2: Sinistcha|[notarget]
|-fail|p1b: Kingambit
|
|-weather|none
|upkeep
|
|t:|1785948974
|switch|p2b: Milotic|Milotic, L50, F, shiny|94/100
|turn|7
|
|t:|1785948978
|move|p2b: Milotic|Scald|p1a: Sylveon
|-damage|p1a: Sylveon|22/100
|move|p1a: Sylveon|Hyper Voice|p2b: Milotic
|-damage|p2b: Milotic|45/100
|-enditem|p2b: Milotic|Sitrus Berry|[eat]
|-heal|p2b: Milotic|69/100|[from] item: Sitrus Berry
|move|p1b: Kingambit|Kowtow Cleave|p2b: Milotic
|-damage|p2b: Milotic|11/100
|-damage|p1b: Kingambit|90/100|[from] item: Life Orb
|
|upkeep
|turn|8
|-message|Gen4lover2 forfeited.
|
|win|G33KY
|l|☆Gen4lover2
|player|p2|
||Gen4lover2 is ready for game 2.
||G33KY is ready for game 2.
|uhtml|next|Next: Game 2 of 3
|j|☆Gen4lover2
|player|p2|Gen4lover2|wallace|
