|j|â˜†21Kieran
|j|â˜†onlyshiny
|html|21Kieranonlyshiny    
|uhtml|bestof|Game 3 of a best-of-3
|t:|1754598282
|gametype|doubles
|player|p1|21Kieran|kieran|1221
|player|p2|onlyshiny|n|1123
|gen|9
|tier|[Gen 9] VGC 2025 Reg H (Bo3)
|rated|
|rule|Species Clause: Limit one of each PokÃ©mon
|rule|Item Clause: Limit 1 of each item
|clearpoke
|poke|p1|Archaludon, L50, M|
|poke|p1|Dragonite, L50, F|
|poke|p1|Pelipper, L50, F|
|poke|p1|Ursaluna, L50, F|
|poke|p1|Sinistcha, L50|
|poke|p1|Incineroar, L50, F|
|poke|p2|Weezing-Galar, L50, F|
|poke|p2|Electabuzz, L50, F|
|poke|p2|Sneasler, L50, M|
|poke|p2|Rillaboom, L50, M|
|poke|p2|Volcarona, L50, M|
|poke|p2|Kingambit, L50, F|
|teampreview|4
|showteam|p1|Archaludon||AssaultVest|Stamina|FlashCannon,BodyPress,ElectroShot,Snarl|||M|||50|,,,,,Bug]Dragonite||LoadedDice|Multiscale|ScaleShot,Tailwind,Haze,Protect|||F|||50|,,,,,Fairy]Pelipper||FocusSash|Drizzle|MuddyWater,Hurricane,Tailwind,Protect|||F|||50|,,,,,Ghost]Ursaluna||FlameOrb|Guts|Facade,HeadlongRush,Earthquake,Protect|||F|||50|,,,,,Ghost]Sinistcha||SitrusBerry|Hospitality|MatchaGotcha,LifeDew,RagePowder,TrickRoom||||||50|,,,,,Dark]Incineroar||SafetyGoggles|Intimidate|FakeOut,KnockOff,Taunt,PartingShot|||F|||50|,,,,,Ghost
|showteam|p2|Weezing-Galar||SitrusBerry|NeutralizingGas|DazzlingGleam,WillOWisp,Protect,SludgeBomb|||F|||50|,,,,,Ghost]Electabuzz||Eviolite|VitalSpirit|Electroweb,FollowMe,Taunt,Protect|||F|||50|,,,,,Dragon]Sneasler||GrassySeed|Unburden|CloseCombat,DireClaw,Coaching,Protect|||M|||50|,,,,,Ghost]Rillaboom||AssaultVest|GrassySurge|GrassyGlide,FakeOut,Uturn,WoodHammer|||M|||50|,,,,,Fire]Volcarona||CovertCloak|FlameBody|QuiverDance,HeatWave,GigaDrain,Protect|||M|||50|,,,,,Grass]Kingambit||SafetyGoggles|Defiant|Protect,SwordsDance,KowtowCleave,SuckerPunch|||F|||50|,,,,,Dark
|inactive|Battle timer is ON: inactive players will automatically lose when time's up. (requested by 21Kieran)
|inactive|onlyshiny also wants the timer to be on.
|j| Tindall64
|
|t:|1754598307
|teamsize|p1|4
|teamsize|p2|4
|start
|switch|p1a: Archaludon|Archaludon, L50, M|100/100
|switch|p1b: Pelipper|Pelipper, L50, F|100/100
|switch|p2a: La toxica|Weezing-Galar, L50, F, shiny|100/100
|switch|p2b: Orugamozu|Volcarona, L50, M, shiny|100/100
|-ability|p2a: La toxica|Neutralizing Gas
|turn|1
|
|t:|1754598329
|switch|p1a: Dragonite|Dragonite, L50, F|100/100
|-terastallize|p2b: Orugamozu|Grass
|move|p2b: Orugamozu|Quiver Dance|p2b: Orugamozu
|-boost|p2b: Orugamozu|spa|1
|-boost|p2b: Orugamozu|spd|1
|-boost|p2b: Orugamozu|spe|1
|move|p1b: Pelipper|Tailwind|p1b: Pelipper
|-sidestart|p1: 21Kieran|move: Tailwind
|move|p2a: La toxica|Sludge Bomb|p1b: Pelipper
|-damage|p1b: Pelipper|50/100
|
|upkeep
|turn|2
|
|t:|1754598346
|switch|p1b: Archaludon|Archaludon, L50, M|100/100
|move|p1a: Dragonite|Haze|p1a: Dragonite
|-clearallboost
|move|p2b: Orugamozu|Giga Drain|p1b: Archaludon
|-resisted|p1b: Archaludon
|-damage|p1b: Archaludon|92/100
|move|p2a: La toxica|Will-O-Wisp|p1a: Dragonite
|-status|p1a: Dragonite|brn
|
|-damage|p1a: Dragonite|95/100 brn|[from] brn
|upkeep
|turn|3
|
|t:|1754598371
|move|p1b: Archaludon|Body Press|p2b: Orugamozu
|-damage|p2b: Orugamozu|71/100
|move|p1a: Dragonite|Scale Shot|p2b: Orugamozu
|-damage|p2b: Orugamozu|63/100
|-damage|p2b: Orugamozu|54/100
|-damage|p2b: Orugamozu|46/100
|-damage|p2b: Orugamozu|38/100
|-hitcount|p2b: Orugamozu|4
|-unboost|p1a: Dragonite|def|1
|-boost|p1a: Dragonite|spe|1
|move|p2b: Orugamozu|Heat Wave|p1b: Archaludon|[spread] p1a,p1b
|-resisted|p1a: Dragonite
|-damage|p1a: Dragonite|74/100 brn
|-damage|p1b: Archaludon|61/100
|move|p2a: La toxica|Dazzling Gleam|p1b: Archaludon|[spread] p1a,p1b
|-supereffective|p1a: Dragonite
|-damage|p1a: Dragonite|33/100 brn
|-damage|p1b: Archaludon|46/100
|
|-damage|p1a: Dragonite|27/100 brn|[from] brn
|upkeep
|turn|4
|
|t:|1754598383
|move|p2b: Orugamozu|Protect|p2b: Orugamozu
|-singleturn|p2b: Orugamozu|Protect
|move|p1a: Dragonite|Scale Shot|p2b: Orugamozu
|-activate|p2b: Orugamozu|move: Protect
|move|p1b: Archaludon|Flash Cannon|p2a: La toxica
|-supereffective|p2a: La toxica
|-damage|p2a: La toxica|16/100
|-enditem|p2a: La toxica|Sitrus Berry|[eat]
|-heal|p2a: La toxica|41/100|[from] item: Sitrus Berry
|move|p2a: La toxica|Will-O-Wisp|p1b: Archaludon
|-status|p1b: Archaludon|brn
|
|-damage|p1a: Dragonite|21/100 brn|[from] brn
|-damage|p1b: Archaludon|40/100 brn|[from] brn
|-sideend|p1: 21Kieran|move: Tailwind
|upkeep
|turn|5
|inactive|onlyshiny has 30 seconds left.
|
|t:|1754598412
|switch|p2b: Electabuzz|Electabuzz, L50, F|100/100
|move|p1a: Dragonite|Tailwind|p1a: Dragonite
|-sidestart|p1: 21Kieran|move: Tailwind
|move|p1b: Archaludon|Flash Cannon|p2a: La toxica
|-supereffective|p2a: La toxica
|-damage|p2a: La toxica|0 fnt
|faint|p2a: La toxica
|-end|p2a: La toxica|ability: Neutralizing Gas
|
|-damage|p1a: Dragonite|15/100 brn|[from] brn
|-damage|p1b: Archaludon|34/100 brn|[from] brn
|upkeep
|
|t:|1754598430
|switch|p2a: Peter Eele|Sneasler, L50, M, shiny|100/100
|turn|6
|
|t:|1754598437
|move|p2b: Electabuzz|Follow Me|p2b: Electabuzz
|-singleturn|p2b: Electabuzz|move: Follow Me
|move|p1a: Dragonite|Scale Shot|p2b: Electabuzz
|-damage|p2b: Electabuzz|93/100
|-damage|p2b: Electabuzz|85/100
|-damage|p2b: Electabuzz|78/100
|-damage|p2b: Electabuzz|70/100
|-damage|p2b: Electabuzz|62/100
|-hitcount|p2b: Electabuzz|5
|-unboost|p1a: Dragonite|def|1
|-boost|p1a: Dragonite|spe|1
|move|p1b: Archaludon|Flash Cannon|p2b: Electabuzz
|-resisted|p2b: Electabuzz
|-damage|p2b: Electabuzz|49/100
|move|p2a: Peter Eele|Close Combat|p1b: Archaludon
|-supereffective|p1b: Archaludon
|-damage|p1b: Archaludon|0 fnt
|-unboost|p2a: Peter Eele|def|1
|-unboost|p2a: Peter Eele|spd|1
|faint|p1b: Archaludon
|
|-damage|p1a: Dragonite|9/100 brn|[from] brn
|upkeep
|
|t:|1754598441
|switch|p1b: Pelipper|Pelipper, L50, F|50/100
|-weather|RainDance|[from] ability: Drizzle|[of] p1b: Pelipper
|turn|7
|
|t:|1754598451
|move|p2a: Peter Eele|Protect|p2a: Peter Eele
|-singleturn|p2a: Peter Eele|Protect
|move|p1a: Dragonite|Scale Shot|p2b: Electabuzz
|-damage|p2b: Electabuzz|41/100
|-damage|p2b: Electabuzz|33/100
|-damage|p2b: Electabuzz|26/100
|-damage|p2b: Electabuzz|19/100
|-hitcount|p2b: Electabuzz|4
|-unboost|p1a: Dragonite|def|1
|-boost|p1a: Dragonite|spe|1
|move|p1b: Pelipper|Muddy Water|p2a: Peter Eele|[spread] p2b
|-activate|p2a: Peter Eele|move: Protect
|-damage|p2b: Electabuzz|0 fnt
|faint|p2b: Electabuzz
|
|-weather|RainDance|[upkeep]
|-damage|p1a: Dragonite|3/100 brn|[from] brn
|upkeep
|
|t:|1754598454
|switch|p2b: Orugamozu|Volcarona, L50, M, shiny, tera:Grass|38/100
|turn|8
|
|t:|1754598471
|move|p2a: Peter Eele|Protect|p2a: Peter Eele
|-singleturn|p2a: Peter Eele|Protect
|move|p2b: Orugamozu|Protect|p2b: Orugamozu
|-singleturn|p2b: Orugamozu|Protect
|move|p1a: Dragonite|Scale Shot|p2b: Orugamozu
|-activate|p2b: Orugamozu|move: Protect
|move|p1b: Pelipper|Hurricane|p2a: Peter Eele
|-activate|p2a: Peter Eele|move: Protect
|
|-weather|RainDance|[upkeep]
|-damage|p1a: Dragonite|0 fnt|[from] brn
|faint|p1a: Dragonite
|-sideend|p1: 21Kieran|move: Tailwind
|upkeep
|c|â˜†21Kieran|double protect and dire claw sleep when u need it
|c|â˜†21Kieran|just perfect rng
|
|t:|1754598494
|switch|p1a: Incineroar|Incineroar, L50, F|100/100
|-ability|p1a: Incineroar|Intimidate|boost
|-unboost|p2a: Peter Eele|atk|1
|-unboost|p2b: Orugamozu|atk|1
|turn|9
|inactive|onlyshiny has 30 seconds left.
|inactive|onlyshiny has 20 seconds left.
|inactive|onlyshiny has 15 seconds left.
|inactive|onlyshiny has 10 seconds left.
|
|t:|1754598540
|move|p1a: Incineroar|Fake Out|p2a: Peter Eele
|-damage|p2a: Peter Eele|74/100
|cant|p2a: Peter Eele|flinch
|move|p2b: Orugamozu|Giga Drain|p1b: Pelipper
|-damage|p1b: Pelipper|0 fnt
|-heal|p2b: Orugamozu|57/100|[from] drain|[of] p1b: Pelipper
|faint|p1b: Pelipper
|
|-weather|RainDance|[upkeep]
|upkeep
|turn|10
|c|â˜†onlyshiny|Say no more
|c|â˜†onlyshiny|Just lucky
|inactive|onlyshiny has 30 seconds left.
|
|t:|1754598567
|-terastallize|p1a: Incineroar|Ghost
|move|p2a: Peter Eele|Coaching|p2b: Orugamozu
|-boost|p2b: Orugamozu|atk|1
|-boost|p2b: Orugamozu|def|1
|move|p2b: Orugamozu|Giga Drain|p1a: Incineroar
|-damage|p1a: Incineroar|73/100
|-heal|p2b: Orugamozu|72/100|[from] drain|[of] p1a: Incineroar
|move|p1a: Incineroar|Knock Off|p2a: Peter Eele
|-resisted|p2a: Peter Eele
|-damage|p2a: Peter Eele|26/100
|-enditem|p2a: Peter Eele|Grassy Seed|[from] move: Knock Off|[of] p1a: Incineroar
|
|-weather|RainDance|[upkeep]
|upkeep
|turn|11
|
|t:|1754598588
|move|p2a: Peter Eele|Coaching|p2b: Orugamozu
|-boost|p2b: Orugamozu|atk|1
|-boost|p2b: Orugamozu|def|1
|move|p2b: Orugamozu|Quiver Dance|p2b: Orugamozu
|-boost|p2b: Orugamozu|spa|1
|-boost|p2b: Orugamozu|spd|1
|-boost|p2b: Orugamozu|spe|1
|move|p1a: Incineroar|Knock Off|p2a: Peter Eele
|-resisted|p2a: Peter Eele
|-damage|p2a: Peter Eele|0 fnt
|faint|p2a: Peter Eele
|
|-weather|none
|upkeep
|turn|12
|l| Tindall64
|inactive|21Kieran has 30 seconds left.
|
|t:|1754598617
|move|p2b: Orugamozu|Giga Drain|p1a: Incineroar
|-damage|p1a: Incineroar|32/100
|-heal|p2b: Orugamozu|94/100|[from] drain|[of] p1a: Incineroar
|move|p1a: Incineroar|Knock Off|p2b: Orugamozu
|-damage|p2b: Orugamozu|76/100
|-enditem|p2b: Orugamozu|Covert Cloak|[from] move: Knock Off|[of] p1a: Incineroar
|
|upkeep
|turn|13
|c|â˜†onlyshiny|Ggs
|c|â˜†21Kieran|gg
|
|t:|1754598630
|move|p2b: Orugamozu|Giga Drain|p1a: Incineroar
|-damage|p1a: Incineroar|0 fnt
|-heal|p2b: Orugamozu|93/100|[from] drain|[of] p1a: Incineroar
|faint|p1a: Incineroar
|
|win|onlyshiny
|raw|21Kieran's rating: 1221 → 1189(-32 for losing)
|raw|onlyshiny's rating: 1123 → 1155(+32 for winning)
