|j|☆NightshadeAI
|j|☆FillmooreTJ
|html|NightshadeAIFillmooreTJ    
|uhtml|bestof|Game 1 of a best-of-3
|t:|1783217094
|gametype|doubles
|player|p1|NightshadeAI|acetrainer|1068
|player|p2|FillmooreTJ|clair|1114
|gen|9
|tier|[Gen 9 Champions] VGC 2026 Reg M-B (Bo3)
|rated|
|rule|Species Clause: Limit one of each Pokémon
|rule|Item Clause: Limit 1 of each item
|clearpoke
|poke|p1|Whimsicott, L50, M|
|poke|p1|Charizard, L50, M|
|poke|p1|Basculegion, L50, M|
|poke|p1|Garchomp, L50, F|
|poke|p1|Floette-Eternal, L50, F|
|poke|p1|Kingambit, L50, M|
|poke|p2|Eelektross, L50, F|
|poke|p2|Garchomp, L50, M|
|poke|p2|Whimsicott, L50, F|
|poke|p2|Incineroar, L50, F|
|poke|p2|Gholdengo, L50|
|poke|p2|Decidueye-Hisui, L50, M|
|teampreview|4
|showteam|p1|Whimsicott||FocusSash|Prankster|Moonblast,Tailwind,Encore,Protect|Timid||M|||50|]Charizard||CharizarditeY|Blaze|WeatherBall,SolarBeam,HeatWave,Protect|Modest||M|||50|]Basculegion||MysticWater|Adaptability|LastRespects,WaveCrash,AquaJet,Protect|Adamant||M|||50|]Garchomp||LifeOrb|RoughSkin|DragonClaw,Earthquake,RockSlide,Protect|Adamant||F|||50|]Floette-Eternal||Floettite|FlowerVeil|DazzlingGleam,LightofRuin,Moonblast,Protect|Modest||F|||50|]Kingambit||ChopleBerry|Defiant|KowtowCleave,SuckerPunch,IronHead,LowKick|Adamant||M|||50|
|showteam|p2|Eelektross||Eelektrossite|Levitate|Discharge,Thunderbolt,Protect,GrassKnot|Modest||F|||50|]Garchomp||LifeOrb|RoughSkin|Earthquake,RockSlide,Protect,DracoMeteor|Adamant||M|||50|]Whimsicott||FocusSash|Prankster|Tailwind,HelpingHand,Taunt,Moonblast|Timid||F|||50|]Incineroar||Leftovers|Intimidate|FakeOut,PartingShot,FlareBlitz,DarkestLariat|Adamant||F|||50|]Gholdengo||SitrusBerry|GoodasGold|SteelBeam,MakeItRain,ShadowBall,Protect|Modest|||||50|]Decidueye-Hisui||YacheBerry|Scrappy|UpperHand,TripleArrows,LeafBlade,Protect|Adamant||M|||50|
|inactive|Battle timer is ON: inactive players will automatically lose when time's up. (requested by NightshadeAI)
|inactive|FillmooreTJ has 60 seconds left.
|
|t:|1783217154
|teamsize|p1|4
|teamsize|p2|4
|start
|switch|p1a: Whimsicott|Whimsicott, L50, M|100/100
|switch|p1b: Charizard|Charizard, L50, M|100/100
|switch|p2a: Eelektross|Eelektross, L50, F|100/100
|switch|p2b: Garchomp|Garchomp, L50, M|100/100
|turn|1
|
|t:|1783217173
|detailschange|p1b: Charizard|Charizard-Mega-Y, L50, M
|-mega|p1b: Charizard|Charizard|Charizardite Y
|-weather|SunnyDay|[from] ability: Drought|[of] p1b: Charizard
|detailschange|p2a: Eelektross|Eelektross-Mega, L50, F
|-mega|p2a: Eelektross|Eelektross|Eelektrossite
|move|p1a: Whimsicott|Tailwind|p1a: Whimsicott
|-sidestart|p1: NightshadeAI|move: Tailwind
|move|p1b: Charizard|Heat Wave|p2a: Eelektross|[spread] p2a,p2b
|-resisted|p2b: Garchomp|1
|-damage|p2a: Eelektross|18/100
|-damage|p2b: Garchomp|62/100
|move|p2b: Garchomp|Rock Slide|p1b: Charizard|[spread] p1b
|-miss|p2b: Garchomp|p1a: Whimsicott
|-supereffective|p1b: Charizard|2
|-damage|p1b: Charizard|0 fnt
|faint|p1b: Charizard
|-damage|p2b: Garchomp|53/100|[from] item: Life Orb
|move|p2a: Eelektross|Discharge|p1a: Whimsicott|[spread] p1a
|-immune|p2b: Garchomp
|-resisted|p1a: Whimsicott|1
|-damage|p1a: Whimsicott|76/100
|
|-weather|SunnyDay|[upkeep]
|upkeep
|
|t:|1783217173
|switch|p1b: Garchomp|Garchomp, L50, F|100/100
|turn|2
|inactive|FillmooreTJ has 30 seconds left.
|
|t:|1783217205
|move|p2b: Garchomp|Protect|p2b: Garchomp
|-singleturn|p2b: Garchomp|Protect
|move|p1a: Whimsicott|Moonblast|p2b: Garchomp
|-activate|p2b: Garchomp|move: Protect
|move|p1b: Garchomp|Dragon Claw|p2b: Garchomp
|-activate|p2b: Garchomp|move: Protect
|move|p2a: Eelektross|Grass Knot|p1b: Garchomp
|-damage|p1b: Garchomp|69/100
|-damage|p2a: Eelektross|6/100|[from] ability: Rough Skin|[of] p1b: Garchomp
|
|-weather|SunnyDay|[upkeep]
|upkeep
|turn|3
|inactive|FillmooreTJ has 30 seconds left.
|
|t:|1783217231
|switch|p2b: Whimsicott|Whimsicott, L50, F|100/100
|move|p1a: Whimsicott|Moonblast|p2b: Whimsicott
|-damage|p2b: Whimsicott|56/100
|move|p1b: Garchomp|Dragon Claw|p2b: Whimsicott
|-immune|p2b: Whimsicott
|move|p2a: Eelektross|Grass Knot|p1b: Garchomp
|-damage|p1b: Garchomp|38/100
|-damage|p2a: Eelektross|0 fnt|[from] ability: Rough Skin|[of] p1b: Garchomp
|faint|p2a: Eelektross
|
|-weather|SunnyDay|[upkeep]
|upkeep
|
|t:|1783217244
|switch|p2a: Garchomp|Garchomp, L50, M|53/100
|turn|4
|
|t:|1783217258
|move|p2a: Garchomp|Protect|p2a: Garchomp
|-singleturn|p2a: Garchomp|Protect
|move|p2b: Whimsicott|Tailwind|p2b: Whimsicott
|-sidestart|p2: FillmooreTJ|move: Tailwind
|move|p1a: Whimsicott|Moonblast|p2a: Garchomp
|-activate|p2a: Garchomp|move: Protect
|move|p1b: Garchomp|Dragon Claw|p2a: Garchomp
|-activate|p2a: Garchomp|move: Protect
|
|-weather|SunnyDay|[upkeep]
|-sideend|p1: NightshadeAI|move: Tailwind
|upkeep
|turn|5
|
|t:|1783217279
|move|p1b: Garchomp|Protect|p1b: Garchomp
|-singleturn|p1b: Garchomp|Protect
|move|p1a: Whimsicott|Tailwind|p1a: Whimsicott
|-sidestart|p1: NightshadeAI|move: Tailwind
|move|p2b: Whimsicott|Moonblast|p1b: Garchomp
|-activate|p1b: Garchomp|move: Protect
|move|p2a: Garchomp|Rock Slide|p1a: Whimsicott|[spread] p1a
|-activate|p1b: Garchomp|move: Protect
|-damage|p1a: Whimsicott|45/100
|-damage|p2a: Garchomp|43/100|[from] item: Life Orb
|
|-weather|none
|upkeep
|turn|6
|
|t:|1783217300
|move|p2a: Garchomp|Protect|p2a: Garchomp
|-singleturn|p2a: Garchomp|Protect
|move|p2b: Whimsicott|Moonblast|p1b: Garchomp
|-supereffective|p1b: Garchomp|1
|-damage|p1b: Garchomp|0 fnt
|faint|p1b: Garchomp
|move|p1a: Whimsicott|Moonblast|p2a: Garchomp
|-activate|p2a: Garchomp|move: Protect
|
|upkeep
|
|t:|1783217300
|switch|p1b: Basculegion|Basculegion, L50, M|100/100
|turn|7
|inactive|FillmooreTJ has 30 seconds left.
|inactive|FillmooreTJ has 20 seconds left.
|
|t:|1783217336
|move|p2b: Whimsicott|Moonblast|p1a: Whimsicott
|-damage|p1a: Whimsicott|0 fnt
|faint|p1a: Whimsicott
|move|p2a: Garchomp|Rock Slide|p1b: Basculegion
|-damage|p1b: Basculegion|55/100
|-damage|p2a: Garchomp|33/100|[from] item: Life Orb
|move|p1b: Basculegion|Last Respects|p2b: Whimsicott
|-damage|p2b: Whimsicott|0 fnt
|faint|p2b: Whimsicott
|
|-sideend|p2: FillmooreTJ|move: Tailwind
|upkeep
|
|t:|1783217348
|switch|p2b: Gholdengo|Gholdengo, L50|100/100
|turn|8
|
|t:|1783217369
|move|p2a: Garchomp|Protect|p2a: Garchomp
|-singleturn|p2a: Garchomp|Protect
|move|p2b: Gholdengo|Protect|p2b: Gholdengo
|-singleturn|p2b: Gholdengo|Protect
|move|p1b: Basculegion|Last Respects|p2b: Gholdengo
|-activate|p2b: Gholdengo|move: Protect
|
|-sideend|p1: NightshadeAI|move: Tailwind
|upkeep
|turn|9
|
|t:|1783217383
|move|p2a: Garchomp|Earthquake|p1b: Basculegion|[spread] p2b,p1b
|-supereffective|p2b: Gholdengo|1
|-damage|p2b: Gholdengo|0 fnt
|-damage|p1b: Basculegion|0 fnt
|faint|p2b: Gholdengo
|faint|p1b: Basculegion
|-damage|p2a: Garchomp|23/100|[from] item: Life Orb
|
|win|FillmooreTJ
||FillmooreTJ is ready for game 2.
|inactive|NightshadeAI has 30 seconds to confirm battle start!
