|j|☆p1ch1pichi
|j|☆b for ball
|html|p1ch1pichib for ball    
|uhtml|bestof|Game 1 of a best-of-3
|t:|1784041778
|gametype|doubles
|player|p1|p1ch1pichi|n|1065
|player|p2|b for ball|102|1159
|gen|9
|tier|[Gen 9 Champions] VGC 2026 Reg M-B (Bo3)
|rated|
|rule|Species Clause: Limit one of each Pokémon
|rule|Item Clause: Limit 1 of each item
|clearpoke
|poke|p1|Ampharos, L50, M, shiny|
|poke|p1|Farigiraf, L50, F, shiny|
|poke|p1|Torkoal, L50, F|
|poke|p1|Vileplume, L50, F|
|poke|p1|Mawile, L50, F, shiny|
|poke|p1|Decidueye-Hisui, L50, M|
|poke|p2|Mawile, L50, F|
|poke|p2|Farigiraf, L50, F|
|poke|p2|Blastoise, L50, F|
|poke|p2|Sinistcha, L50|
|poke|p2|Sneasler, L50, M|
|poke|p2|Vivillon, L50, F|
|teampreview|4
|showteam|p1|Ampharos||Ampharosite|Static|DragonPulse,Thunderbolt,PowerGem,Protect|Quiet||M|||50|]Farigiraf||ColburBerry|ArmorTail|Psychic,TrickRoom,HelpingHand,Protect|Relaxed||F|||50|]Torkoal||Charcoal|Drought|Eruption,HeatWave,EarthPower,Protect|Quiet||F|||50|]Vileplume||FocusSash|Chlorophyll|SludgeBomb,SleepPowder,AfterYou,Protect|Timid||F|||50|]Mawile||Mawilite|Intimidate|Protect,PlayRough,IronHead,SuckerPunch|Brave||F|||50|]Decidueye-Hisui||ScopeLens|Scrappy|Protect,TripleArrows,LeafBlade,SuckerPunch|Brave||M|||50|
|showteam|p2|Mawile||Mawilite|HyperCutter|PlayRough,SuckerPunch,RockSlide,Protect|Brave||F|||50|]Farigiraf||ColburBerry|ArmorTail|Psychic,TrickRoom,HelpingHand,Protect|Bold||F|||50|]Blastoise||Blastoisinite|Torrent|Protect,ShellSmash,WaterSpout,DarkPulse|Modest||F|||50|]Sinistcha||SitrusBerry|Hospitality|RagePowder,TrickRoom,MatchaGotcha,Protect|Bold|||||50|]Sneasler||FocusSash|PoisonTouch|FakeOut,CloseCombat,PoisonJab,QuickGuard|Jolly||M|||50|]Vivillon||ChoiceScarf|CompoundEyes|SleepPowder,Hurricane,RagePowder,Uturn|Modest||F|||50|
|inactive|Battle timer is ON: inactive players will automatically lose when time's up. (requested by p1ch1pichi)
|inactive|b for ball has 60 seconds left.
|
|t:|1784041826
|teamsize|p1|4
|teamsize|p2|4
|start
|switch|p1a: Torkoal|Torkoal, L50, F|100/100
|switch|p1b: Vileplume|Vileplume, L50, F|100/100
|switch|p2a: Sneasler|Sneasler, L50, M|100/100
|switch|p2b: Vivillon|Vivillon, L50, F|100/100
|-weather|SunnyDay|[from] ability: Drought|[of] p1a: Torkoal
|turn|1
|
|t:|1784041843
|move|p1b: Vileplume|Protect|p1b: Vileplume
|-singleturn|p1b: Vileplume|Protect
|move|p1a: Torkoal|Protect|p1a: Torkoal
|-singleturn|p1a: Torkoal|Protect
|move|p2a: Sneasler|Fake Out|p1b: Vileplume
|-activate|p1b: Vileplume|move: Protect
|move|p2b: Vivillon|Sleep Powder|p1a: Torkoal
|-activate|p1a: Torkoal|move: Protect
|
|-weather|SunnyDay|[upkeep]
|upkeep
|turn|2
|inactive|b for ball has 30 seconds left.
|
|t:|1784041872
|move|p1b: Vileplume|After You|p1a: Torkoal
|-activate|p1a: Torkoal|move: After You
|move|p1a: Torkoal|Eruption|p2b: Vivillon|[spread] p2a,p2b
|-supereffective|p2b: Vivillon|1
|-enditem|p2a: Sneasler|Focus Sash
|-damage|p2a: Sneasler|1/100
|-damage|p2b: Vivillon|0 fnt
|faint|p2b: Vivillon
|move|p2a: Sneasler|Poison Jab|p1a: Torkoal
|-damage|p1a: Torkoal|68/100
|-status|p1a: Torkoal|psn
|
|-weather|SunnyDay|[upkeep]
|-damage|p1a: Torkoal|56/100 psn|[from] psn
|upkeep
|
|t:|1784041884
|switch|p2b: Farigiraf|Farigiraf, L50, F|100/100
|turn|3
|
|t:|1784041908
|move|p1b: Vileplume|After You|p1a: Torkoal
|-activate|p1a: Torkoal|move: After You
|move|p1a: Torkoal|Heat Wave|p2a: Sneasler|[spread] p2a,p2b
|-damage|p2a: Sneasler|0 fnt
|-damage|p2b: Farigiraf|50/100y
|faint|p2a: Sneasler
|move|p2b: Farigiraf|Psychic|p1a: Torkoal
|-damage|p1a: Torkoal|12/100 psn
|-unboost|p1a: Torkoal|spd|1
|
|-weather|SunnyDay|[upkeep]
|-damage|p1a: Torkoal|0 fnt|[from] psn
|faint|p1a: Torkoal
|upkeep
|
|t:|1784041929
|switch|p2a: Mawile|Mawile, L50, F|100/100
|switch|p1a: Ampharos|Ampharos, L50, M, shiny|100/100
|turn|4
|
|t:|1784041949
|detailschange|p1a: Ampharos|Ampharos-Mega, L50, M, shiny
|-mega|p1a: Ampharos|Ampharos|Ampharosite
|-ability|p1a: Ampharos|Mold Breaker
|detailschange|p2a: Mawile|Mawile-Mega, L50, F
|-mega|p2a: Mawile|Mawile|Mawilite
|move|p1a: Ampharos|Protect|p1a: Ampharos
|-singleturn|p1a: Ampharos|Protect
|move|p1b: Vileplume|Sleep Powder|p2a: Mawile
|-status|p2a: Mawile|slp|[from] move: Sleep Powder
|cant|p2a: Mawile|slp
|move|p2b: Farigiraf|Trick Room|p2b: Farigiraf
|-fieldstart|move: Trick Room|[of] p2b: Farigiraf
|
|-weather|SunnyDay|[upkeep]
|upkeep
|turn|5
|
|t:|1784041973
|switch|p1b: Farigiraf|Farigiraf, L50, F, shiny|100/100
|move|p1a: Ampharos|Dragon Pulse|p2b: Farigiraf
|-damage|p2b: Farigiraf|2/100
|-curestatus|p2a: Mawile|slp|[msg]
|move|p2a: Mawile|Play Rough|p1a: Ampharos
|-supereffective|p1a: Ampharos|1
|-damage|p1a: Ampharos|0 fnt
|faint|p1a: Ampharos
|move|p2b: Farigiraf|Psychic|p1b: Farigiraf
|-resisted|p1b: Farigiraf|1
|-damage|p1b: Farigiraf|83/100
|
|-weather|none
|upkeep
|
|t:|1784041986
|switch|p1a: Vileplume|Vileplume, L50, F|100/100
|turn|6
|
|t:|1784042003
|move|p1a: Vileplume|Protect|p1a: Vileplume
|-singleturn|p1a: Vileplume|Protect
|move|p2a: Mawile|Play Rough|p1a: Vileplume
|-activate|p1a: Vileplume|move: Protect
|move|p1b: Farigiraf|Psychic|p2b: Farigiraf
|-resisted|p2b: Farigiraf|1
|-damage|p2b: Farigiraf|0 fnt
|faint|p2b: Farigiraf
|
|upkeep
|turn|7
|
|t:|1784042020
|move|p2a: Mawile|Play Rough|p1b: Farigiraf
|-damage|p1b: Farigiraf|21/100
|move|p1a: Vileplume|Sleep Powder|p2a: Mawile
|-status|p2a: Mawile|slp|[from] move: Sleep Powder
|move|p1b: Farigiraf|Trick Room|p1b: Farigiraf
|-fieldend|move: Trick Room
|
|upkeep
|turn|8
|
|t:|1784042033
|move|p1a: Vileplume|Protect|p1a: Vileplume
|-singleturn|p1a: Vileplume|Protect
|move|p1b: Farigiraf|Psychic|p2a: Mawile
|-resisted|p2a: Mawile|1
|-damage|p2a: Mawile|79/100 slp
|cant|p2a: Mawile|slp
|
|upkeep
|turn|9
|
|t:|1784042044
|move|p1a: Vileplume|After You|p1b: Farigiraf
|-activate|p1b: Farigiraf|move: After You
|move|p1b: Farigiraf|Psychic|p2a: Mawile
|-resisted|p2a: Mawile|1
|-damage|p2a: Mawile|61/100 slp
|cant|p2a: Mawile|slp
|
|upkeep
|turn|10
|
|t:|1784042059
|move|p1a: Vileplume|Protect|p1a: Vileplume
|-singleturn|p1a: Vileplume|Protect
|move|p1b: Farigiraf|Protect|p1b: Farigiraf
|-singleturn|p1b: Farigiraf|Protect
|-curestatus|p2a: Mawile|slp|[msg]
|move|p2a: Mawile|Play Rough|p1b: Farigiraf
|-activate|p1b: Farigiraf|move: Protect
|
|upkeep
|turn|11
|
|t:|1784042071
|move|p1a: Vileplume|Sleep Powder|p2a: Mawile
|-status|p2a: Mawile|slp|[from] move: Sleep Powder
|move|p1b: Farigiraf|Psychic|p2a: Mawile
|-resisted|p2a: Mawile|1
|-damage|p2a: Mawile|42/100 slp
|cant|p2a: Mawile|slp
|
|upkeep
|turn|12
|
|t:|1784042084
|move|p1a: Vileplume|Protect|p1a: Vileplume
|-singleturn|p1a: Vileplume|Protect
|move|p1b: Farigiraf|Psychic|p2a: Mawile
|-resisted|p2a: Mawile|1
|-damage|p2a: Mawile|22/100 slp
|cant|p2a: Mawile|slp
|
|upkeep
|turn|13
|
|t:|1784042094
|move|p1a: Vileplume|After You|p1b: Farigiraf
|-activate|p1b: Farigiraf|move: After You
|move|p1b: Farigiraf|Trick Room|p1b: Farigiraf
|-fieldstart|move: Trick Room|[of] p1b: Farigiraf
|-curestatus|p2a: Mawile|slp|[msg]
|move|p2a: Mawile|Play Rough|p1b: Farigiraf
|-damage|p1b: Farigiraf|0 fnt
|faint|p1b: Farigiraf
|
|upkeep
|turn|14
|-message|p1ch1pichi forfeited.
|
|win|b for ball
||b for ball is ready for game 2.
|c|☆p1ch1pichi|lmaooooo i misclicked
||p1ch1pichi is ready for game 2.
|uhtml|next|Next: Game 2 of 3
