|j|☆colemarcusvgc
|j|☆dinglustan
|html|colemarcusvgcdinglustan    
|uhtml|bestof|Game 2 of a best-of-3
|t:|1757050614
|gametype|doubles
|player|p1|colemarcusvgc|n|1172
|player|p2|dinglustan|2|1298
|gen|9
|tier|[Gen 9] VGC 2025 Reg H (Bo3)
|rated|
|rule|Species Clause: Limit one of each Pokémon
|rule|Item Clause: Limit 1 of each item
|clearpoke
|poke|p1|Indeedee-F, L50, F|
|poke|p1|Hatterene, L50, F|
|poke|p1|Gallade, L50, M|
|poke|p1|Ursaluna, L50, M|
|poke|p1|Lilligant-Hisui, L50, F|
|poke|p1|Torkoal, L50, M|
|poke|p2|Whimsicott, L50, F|
|poke|p2|Basculegion, L50, M|
|poke|p2|Arcanine-Hisui, L50, F|
|poke|p2|Hydreigon, L50, M|
|poke|p2|Farigiraf, L50, M|
|poke|p2|Pawmot, L50, M|
|teampreview|4
|showteam|p1|Indeedee-F||PsychicSeed|PsychicSurge|TrickRoom,FollowMe,HelpingHand,DazzlingGleam|||F|||50|,,,,,Fire]Hatterene||LifeOrb|MagicBounce|ExpandingForce,TrickRoom,DazzlingGleam,Protect|||F|||50|,,,,,Psychic]Gallade||ClearAmulet|Sharpness|PsychoCut,TrickRoom,SacredSword,WideGuard|||M|||50|,,,,,Grass]Ursaluna||FlameOrb|Guts|HeadlongRush,Facade,SwordsDance,Protect|||M|||50|,,,,,Ghost]Lilligant-Hisui||FocusSash|Chlorophyll|SolarBlade,SleepPowder,CloseCombat,AfterYou|||F|||50|,,,,,Ghost]Torkoal||ChoiceSpecs|Drought|Eruption,HeatWave,WeatherBall,EarthPower|||M|||50|,,,,,Fire
|showteam|p2|Whimsicott||CovertCloak|Prankster|Tailwind,Moonblast,GigaDrain,Encore|||F|||50|,,,,,Water]Basculegion||ChoiceBand|Adaptability|AquaJet,LastRespects,WaveCrash,TeraBlast|||M|||50|,,,,,Fairy]Arcanine-Hisui||AssaultVest|Intimidate|ExtremeSpeed,FlareBlitz,RockSlide,TeraBlast|||F|||50|,,,,,Grass]Hydreigon||LifeOrb|Levitate|Protect,DracoMeteor,DarkPulse,HeatWave|||M|||50|,,,,,Fire]Farigiraf||ThroatSpray|ArmorTail|Protect,TrickRoom,HyperVoice,TwinBeam|||M|||50|,,,,,Grass]Pawmot||FocusSash|VoltAbsorb|FakeOut,DoubleShock,CloseCombat,RevivalBlessing|||M|||50|,,,,,Electric
|inactive|Battle timer is ON: inactive players will automatically lose when time's up. (requested by dinglustan)
|
|t:|1757050628
|teamsize|p1|4
|teamsize|p2|4
|start
|switch|p1a: Indeedee|Indeedee-F, L50, F|100/100
|switch|p1b: Gallade|Gallade, L50, M, shiny|100/100
|switch|p2a: Arcanine|Arcanine-Hisui, L50, F|100/100
|switch|p2b: Farigiraf|Farigiraf, L50, M|100/100
|-ability|p2a: Arcanine|Intimidate|boost
|-unboost|p1a: Indeedee|atk|1
|-fail|p1b: Gallade|unboost|[from] item: Clear Amulet|[of] p1b: Gallade
|-fieldstart|move: Psychic Terrain|[from] ability: Psychic Surge|[of] p1a: Indeedee
|-enditem|p1a: Indeedee|Psychic Seed
|-boost|p1a: Indeedee|spd|1|[from] item: Psychic Seed
|turn|1
|inactive|colemarcusvgc has 30 seconds left.
|
|t:|1757050662
|move|p1b: Gallade|Wide Guard|p1b: Gallade
|-singleturn|p1b: Gallade|Wide Guard
|move|p2a: Arcanine|Flare Blitz|p1b: Gallade
|-damage|p1b: Gallade|5/100
|-damage|p2a: Arcanine|72/100|[from] Recoil
|move|p2b: Farigiraf|Twin Beam|p1b: Gallade
|-damage|p1b: Gallade|0 fnt
|faint|p1b: Gallade
|-hitcount|p1: Gallade|1
|move|p1a: Indeedee|Trick Room|p1a: Indeedee
|-fieldstart|move: Trick Room|[of] p1a: Indeedee
|
|upkeep
|
|t:|1757050674
|switch|p1b: Torkoal|Torkoal, L50, M|100/100
|-weather|SunnyDay|[from] ability: Drought|[of] p1b: Torkoal
|turn|2
|
|t:|1757050682
|-terastallize|p1b: Torkoal|Fire
|move|p1a: Indeedee|Helping Hand|p1b: Torkoal
|-singleturn|p1b: Torkoal|Helping Hand|[of] p1a: Indeedee
|move|p2b: Farigiraf|Protect|p2b: Farigiraf
|-singleturn|p2b: Farigiraf|Protect
|move|p1b: Torkoal|Eruption|p2b: Farigiraf|[spread] p2a
|-activate|p2b: Farigiraf|move: Protect
|-resisted|p2a: Arcanine
|-damage|p2a: Arcanine|36/100
|move|p2a: Arcanine|Rock Slide|p1b: Torkoal|[spread] p1a,p1b
|-supereffective|p1b: Torkoal
|-damage|p1a: Indeedee|75/100
|-damage|p1b: Torkoal|56/100
|
|-weather|SunnyDay|[upkeep]
|upkeep
|turn|3
|
|t:|1757050700
|switch|p1a: Ursaluna|Ursaluna, L50, M|100/100
|move|p1b: Torkoal|Eruption|p2a: Arcanine|[spread] p2a,p2b
|-resisted|p2a: Arcanine
|-damage|p2a: Arcanine|20/100
|-damage|p2b: Farigiraf|24/100
|move|p2b: Farigiraf|Hyper Voice|p1b: Torkoal|[spread] p1a,p1b
|-damage|p1a: Ursaluna|72/100
|-damage|p1b: Torkoal|16/100
|-enditem|p2b: Farigiraf|Throat Spray
|-boost|p2b: Farigiraf|spa|1|[from] item: Throat Spray
|move|p2a: Arcanine|Rock Slide|p1a: Ursaluna|[spread] p1a
|-miss|p2a: Arcanine|p1b: Torkoal
|-resisted|p1a: Ursaluna
|-crit|p1a: Ursaluna
|-damage|p1a: Ursaluna|56/100
|
|-weather|SunnyDay|[upkeep]
|-status|p1a: Ursaluna|brn|[from] item: Flame Orb
|upkeep
|turn|4
|
|t:|1757050718
|switch|p1a: Indeedee|Indeedee-F, L50, F|75/100
|switch|p2a: Hydreigon|Hydreigon, L50, M|100/100
|move|p2b: Farigiraf|Protect|p2b: Farigiraf
|-singleturn|p2b: Farigiraf|Protect
|move|p1b: Torkoal|Eruption|p2a: Hydreigon|[spread] p2a
|-activate|p2b: Farigiraf|move: Protect
|-resisted|p2a: Hydreigon
|-damage|p2a: Hydreigon|87/100
|
|-weather|SunnyDay|[upkeep]
|upkeep
|turn|5
|
|t:|1757050738
|move|p1b: Torkoal|Eruption|p2b: Farigiraf|[spread] p2a,p2b
|-resisted|p2a: Hydreigon
|-crit|p2a: Hydreigon
|-damage|p2a: Hydreigon|67/100
|-damage|p2b: Farigiraf|7/100
|move|p2b: Farigiraf|Hyper Voice|p1a: Indeedee|[spread] p1a,p1b
|-damage|p1a: Indeedee|26/100
|-damage|p1b: Torkoal|0 fnt
|faint|p1b: Torkoal
|move|p1a: Indeedee|Dazzling Gleam|p2b: Farigiraf|[spread] p2a,p2b
|-supereffective|p2a: Hydreigon
|-damage|p2a: Hydreigon|11/100
|-damage|p2b: Farigiraf|0 fnt
|faint|p2b: Farigiraf
|move|p2a: Hydreigon|Dark Pulse|p1a: Indeedee
|-supereffective|p1a: Indeedee
|-damage|p1a: Indeedee|0 fnt
|faint|p1a: Indeedee
|-damage|p2a: Hydreigon|1/100|[from] item: Life Orb
|
|-weather|SunnyDay|[upkeep]
|-fieldend|move: Trick Room
|-fieldend|move: Psychic Terrain
|upkeep
|
|t:|1757050760
|switch|p2b: Arcanine|Arcanine-Hisui, L50, F|20/100
|switch|p1b: Ursaluna|Ursaluna, L50, M|56/100 brn
|-ability|p2b: Arcanine|Intimidate|boost
|-unboost|p1b: Ursaluna|atk|1
|turn|6
|
|t:|1757050766
|move|p1b: Ursaluna|Protect|p1b: Ursaluna
|-singleturn|p1b: Ursaluna|Protect
|move|p2a: Hydreigon|Dark Pulse|p1b: Ursaluna
|-activate|p1b: Ursaluna|move: Protect
|move|p2b: Arcanine|Flare Blitz|p1b: Ursaluna
|-activate|p1b: Ursaluna|move: Protect
|
|-weather|none
|-damage|p1b: Ursaluna|50/100 brn|[from] brn
|upkeep
|turn|7
|
|t:|1757050778
|move|p2a: Hydreigon|Dark Pulse|p1b: Ursaluna
|-damage|p1b: Ursaluna|0 fnt
|faint|p1b: Ursaluna
|-damage|p2a: Hydreigon|0 fnt|[from] item: Life Orb
|faint|p2a: Hydreigon
|
|win|dinglustan
|raw|colemarcusvgc's rating: 1172 → 1156(-16 for losing)
|raw|dinglustan's rating: 1298 → 1314(+16 for winning)
|c|☆colemarcusvgc|gg
|c|☆dinglustan|gg
|l|☆dinglustan
|player|p2|
