|j|☆Jahim the Cream
|j|☆squibirisu
|html|Jahim the Creamsquibirisu    
|uhtml|bestof|Game 1 of a best-of-3
|t:|1783273550
|gametype|doubles
|player|p1|Jahim the Cream|2|
|player|p2|squibirisu|carmine-festival|
|gen|9
|tier|[Gen 9 Champions] VGC 2026 Reg M-B (Bo3)
|rule|Species Clause: Limit one of each Pokémon
|rule|Item Clause: Limit 1 of each item
|clearpoke
|poke|p1|Swampert, L50, M|
|poke|p1|Sableye, L50, M|
|poke|p1|Archaludon, L50, F|
|poke|p1|Pelipper, L50, M|
|poke|p1|Sylveon, L50, F|
|poke|p1|Venusaur, L50, F|
|poke|p2|Charizard, L50, M|
|poke|p2|Aerodactyl, L50, F|
|poke|p2|Incineroar, L50, M|
|poke|p2|Garchomp, L50, F|
|poke|p2|Farigiraf, L50, M|
|poke|p2|Sylveon, L50, F|
|teampreview|4
|showteam|p1|Swampert||Swampertite|Torrent|Protect,WaveCrash,Earthquake,HighHorsepower|Adamant||M|||50|]Sableye||LightClay|Prankster|Encore,Reflect,LightScreen,RainDance|Bold||M|||50|]Archaludon||Leftovers|Stamina|Protect,DragonPulse,FlashCannon,ElectroShot|Modest||F|||50|]Pelipper||SitrusBerry|Drizzle|Protect,WeatherBall,Hurricane,Tailwind|Modest||M|||50|]Sylveon||FairyFeather|Pixilate|Detect,HyperVoice,Moonblast,QuickAttack|Modest||F|||50|]Venusaur||Venusaurite|Overgrow|Protect,GigaDrain,SludgeBomb,EarthPower|Modest||F|||50|
|showteam|p2|Charizard||CharizarditeY|Blaze|HeatWave,WeatherBall,SolarBeam,Protect|Modest||M|||50|]Aerodactyl||FocusSash|Unnerve|RockSlide,WideGuard,Tailwind,Protect|Jolly||F|||50|]Incineroar||Charcoal|Intimidate|FakeOut,FlareBlitz,ThroatChop,PartingShot|Brave||M|||50|]Garchomp||LifeOrb|RoughSkin|Earthquake,DragonClaw,StompingTantrum,Protect|Jolly||F|||50|]Farigiraf||SitrusBerry|ArmorTail|Thunderbolt,HelpingHand,TrickRoom,Protect|Calm||M|||50|]Sylveon||FairyFeather|Pixilate|HyperVoice,Yawn,QuickAttack,Protect|Modest||F|||50|
|inactive|Battle timer is ON: inactive players will automatically lose when time's up. (requested by squibirisu)
|inactive|Jahim the Cream has 60 seconds left.
|inactive|squibirisu has 60 seconds left.
|
|t:|1783273605
|teamsize|p1|4
|teamsize|p2|4
|start
|switch|p1a: Archaludon|Archaludon, L50, F|100/100
|switch|p1b: Sableye|Sableye, L50, M|100/100
|switch|p2a: Aerodactyl|Aerodactyl, L50, F|100/100
|switch|p2b: Sylveon|Sylveon, L50, F|100/100
|-ability|p2a: Aerodactyl|Unnerve
|turn|1
|inactive|Jahim the Cream has 30 seconds left.
|
|t:|1783273631
|move|p1b: Sableye|Light Screen|p1b: Sableye
|-sidestart|p1: Jahim the Cream|move: Light Screen
|move|p2a: Aerodactyl|Tailwind|p2a: Aerodactyl
|-sidestart|p2: squibirisu|move: Tailwind
|move|p2b: Sylveon|Yawn|p1a: Archaludon
|-start|p1a: Archaludon|move: Yawn|[of] p2b: Sylveon
|move|p1a: Archaludon|Flash Cannon|p2a: Aerodactyl
|-supereffective|p2a: Aerodactyl|1
|-enditem|p2a: Aerodactyl|Focus Sash
|-damage|p2a: Aerodactyl|1/100
|
|upkeep
|turn|2
|c|☆squibirisu|ive acc been wanting to test smth
|c|☆squibirisu|if hyer beam or yawn is the call here
|c|☆squibirisu|for sylv
|inactive|squibirisu has 30 seconds left.
|
|t:|1783273657
|switch|p1a: Swampert|Swampert, L50, M|100/100
|move|p1b: Sableye|Reflect|p1b: Sableye
|-sidestart|p1: Jahim the Cream|Reflect
|move|p2a: Aerodactyl|Rock Slide|p1a: Swampert|[spread] p1b
|-miss|p2a: Aerodactyl|p1a: Swampert
|-damage|p1b: Sableye|82/100
|move|p2b: Sylveon|Hyper Voice|p1a: Swampert|[spread] p1a,p1b
|-supereffective|p1b: Sableye|1
|-damage|p1a: Swampert|71/100
|-damage|p1b: Sableye|16/100
|
|upkeep
|turn|3
|inactive|squibirisu has 30 seconds left.
|inactive|squibirisu has 20 seconds left.
|
|t:|1783273697
|detailschange|p1a: Swampert|Swampert-Mega, L50, M
|-mega|p1a: Swampert|Swampert|Swampertite
|move|p1b: Sableye|Rain Dance|p1b: Sableye
|-weather|RainDance
|move|p2a: Aerodactyl|Rock Slide|p1b: Sableye|[spread] p1a,p1b
|-resisted|p1a: Swampert|1
|-damage|p1a: Swampert|64/100
|-damage|p1b: Sableye|0 fnt
|faint|p1b: Sableye
|move|p1a: Swampert|Wave Crash|p2b: Sylveon
|-damage|p2b: Sylveon|0 fnt
|faint|p2b: Sylveon
|-damage|p1a: Swampert|30/100|[from] Recoil
|
|-weather|RainDance|[upkeep]
|upkeep
|
|t:|1783273710
|switch|p2b: Charizard|Charizard, L50, M|100/100
|switch|p1b: Archaludon|Archaludon, L50, F|100/100
|turn|4
|inactive|squibirisu has 30 seconds left.
|
|t:|1783273740
|move|p2a: Aerodactyl|Protect|p2a: Aerodactyl
|-singleturn|p2a: Aerodactyl|Protect
|move|p2b: Charizard|Protect|p2b: Charizard
|-singleturn|p2b: Charizard|Protect
|move|p1a: Swampert|Wave Crash|p2a: Aerodactyl
|-activate|p2a: Aerodactyl|move: Protect
|move|p1b: Archaludon|Electro Shot||[still]
|-prepare|p1b: Archaludon|Electro Shot
|-boost|p1b: Archaludon|spa|1
|-anim|p1b: Archaludon|Electro Shot|p2b: Charizard
|-activate|p2b: Charizard|move: Protect
|
|-weather|RainDance|[upkeep]
|-sideend|p2: squibirisu|move: Tailwind
|upkeep
|turn|5
|
|t:|1783273757
|detailschange|p2b: Charizard|Charizard-Mega-Y, L50, M
|-mega|p2b: Charizard|Charizard|Charizardite Y
|-weather|SunnyDay|[from] ability: Drought|[of] p2b: Charizard
|move|p1a: Swampert|Protect|p1a: Swampert
|-singleturn|p1a: Swampert|Protect
|move|p1b: Archaludon|Protect|p1b: Archaludon
|-singleturn|p1b: Archaludon|Protect
|move|p2a: Aerodactyl|Tailwind|p2a: Aerodactyl
|-sidestart|p2: squibirisu|move: Tailwind
|move|p2b: Charizard|Heat Wave|p1a: Swampert|[spread] 
|-activate|p1a: Swampert|move: Protect
|-activate|p1b: Archaludon|move: Protect
|
|-weather|SunnyDay|[upkeep]
|upkeep
|turn|6
|
|t:|1783273777
|switch|p2b: Garchomp|Garchomp, L50, F|100/100
|switch|p1a: Pelipper|Pelipper, L50, M|100/100
|-weather|RainDance|[from] ability: Drizzle|[of] p1a: Pelipper
|move|p2a: Aerodactyl|Wide Guard|p2a: Aerodactyl
|-singleturn|p2a: Aerodactyl|Wide Guard
|move|p1b: Archaludon|Electro Shot||[still]
|-prepare|p1b: Archaludon|Electro Shot
|-boost|p1b: Archaludon|spa|1
|-anim|p1b: Archaludon|Electro Shot|p2b: Garchomp
|-immune|p2b: Garchomp
|
|-weather|RainDance|[upkeep]
|upkeep
|turn|7
|
|t:|1783273790
|switch|p1a: Swampert|Swampert-Mega, L50, M|30/100
|move|p2a: Aerodactyl|Rock Slide|p1a: Swampert|[spread] p1a,p1b
|-resisted|p1a: Swampert|1
|-resisted|p1b: Archaludon|1
|-damage|p1a: Swampert|24/100
|-damage|p1b: Archaludon|94/100
|-ability|p1b: Archaludon|Stamina|boost
|-boost|p1b: Archaludon|def|1
|move|p2b: Garchomp|Earthquake|p1a: Swampert|[spread] p1a,p1b
|-immune|p2a: Aerodactyl
|-supereffective|p1b: Archaludon|1
|-damage|p1a: Swampert|0 fnt
|-damage|p1b: Archaludon|63/100
|-ability|p1b: Archaludon|Stamina|boost
|-boost|p1b: Archaludon|def|1
|faint|p1a: Swampert
|-damage|p2b: Garchomp|90/100|[from] item: Life Orb
|cant|p1b: Archaludon|flinch
|
|-weather|RainDance|[upkeep]
|-heal|p1b: Archaludon|69/100|[from] item: Leftovers
|upkeep
|c|☆squibirisu|sorry hax
|c|☆Jahim the Cream|Krill me
|c|☆squibirisu|noo
|c|☆squibirisu|i dont kill jahim
|
|t:|1783273813
|switch|p1a: Pelipper|Pelipper, L50, M|100/100
|turn|8
|c|☆squibirisu|cries
|c|☆squibirisu|cries
|
|t:|1783273830
|move|p2a: Aerodactyl|Rock Slide|p1a: Pelipper|[spread] p1a,p1b
|-supereffective|p1a: Pelipper|1
|-resisted|p1b: Archaludon|1
|-damage|p1a: Pelipper|69/100
|-damage|p1b: Archaludon|67/100
|-ability|p1b: Archaludon|Stamina|boost
|-boost|p1b: Archaludon|def|1
|move|p2b: Garchomp|Earthquake|p1a: Pelipper|[spread] p1b
|-immune|p2a: Aerodactyl
|-immune|p1a: Pelipper
|-supereffective|p1b: Archaludon|1
|-damage|p1b: Archaludon|46/100
|-ability|p1b: Archaludon|Stamina|boost
|-boost|p1b: Archaludon|def|1
|-damage|p2b: Garchomp|80/100|[from] item: Life Orb
|move|p1b: Archaludon|Dragon Pulse|p2b: Garchomp
|-supereffective|p2b: Garchomp|1
|-damage|p2b: Garchomp|0 fnt
|faint|p2b: Garchomp
|move|p1a: Pelipper|Tailwind|p1a: Pelipper
|-sidestart|p1: Jahim the Cream|move: Tailwind
|
|-weather|RainDance|[upkeep]
|-heal|p1b: Archaludon|52/100|[from] item: Leftovers
|-sideend|p1: Jahim the Cream|move: Light Screen
|-sideend|p2: squibirisu|move: Tailwind
|upkeep
|
|t:|1783273834
|switch|p2b: Charizard|Charizard-Mega-Y, L50, M|100/100
|-weather|SunnyDay|[from] ability: Drought|[of] p2b: Charizard
|turn|9
|inactive|Jahim the Cream has 30 seconds left.
|inactive|squibirisu has 30 seconds left.
|
|t:|1783273861
|move|p1b: Archaludon|Dragon Pulse|p2b: Charizard
|-damage|p2b: Charizard|23/100
|move|p2a: Aerodactyl|Tailwind|p2a: Aerodactyl
|-sidestart|p2: squibirisu|move: Tailwind
|move|p2b: Charizard|Weather Ball|p1b: Archaludon
|-damage|p1b: Archaludon|0 fnt
|faint|p1b: Archaludon
|move|p1a: Pelipper|Weather Ball|p2a: Aerodactyl
|-resisted|p2a: Aerodactyl|1
|-damage|p2a: Aerodactyl|0 fnt
|faint|p2a: Aerodactyl
|
|-weather|SunnyDay|[upkeep]
|-sideend|p1: Jahim the Cream|Reflect
|upkeep
|turn|10
|c|☆Jahim the Cream|Wish I had a calc
|
|t:|1783273879
|move|p2b: Charizard|Solar Beam||[still]
|-prepare|p2b: Charizard|Solar Beam
|-anim|p2b: Charizard|Solar Beam|p1a: Pelipper
|-damage|p1a: Pelipper|0 fnt
|faint|p1a: Pelipper
|
|win|squibirisu
|inactive|Jahim the Cream has 30 seconds to confirm battle start!
|inactive|squibirisu has 30 seconds to confirm battle start!
||squibirisu is ready for game 2.
|inactive|Jahim the Cream has 20 seconds to confirm battle start!
|c|☆squibirisu|dont you think
||Jahim the Cream is ready for game 2.
|uhtml|next|Next: Game 2 of 3
|l|☆Jahim the Cream
|player|p1|
|l|☆squibirisu
|player|p2|
|j|☆squibirisu
|player|p2|squibirisu|carmine-festival|
