|j|☆Jakobtc
|j|☆ivanthesaxophonist
|html|Jakobtcivanthesaxophonist    
|uhtml|bestof|Game 2 of a best-of-3
|t:|1756444120
|gametype|doubles
|player|p1|Jakobtc|riley|1159
|player|p2|ivanthesaxophonist|acetrainer-gen4dp|1131
|gen|9
|tier|[Gen 9] VGC 2025 Reg H (Bo3)
|rated|
|rule|Species Clause: Limit one of each Pokémon
|rule|Item Clause: Limit 1 of each item
|clearpoke
|poke|p1|Glimmora, L50, F|
|poke|p1|Magmar, L50, M|
|poke|p1|Braviary, L50, M|
|poke|p1|Kingambit, L50, M|
|poke|p1|Amoonguss, L50, M|
|poke|p1|Hydreigon, L50, F|
|poke|p2|Zoroark-Hisui, L50, M|
|poke|p2|Annihilape, L50, M|
|poke|p2|Archaludon, L50, M|
|poke|p2|Maushold-Four, L50|
|poke|p2|Sinistcha-Masterpiece, L50|
|poke|p2|Milotic, L50, F|
|teampreview|4
|showteam|p1|Glimmora||PowerHerb|ToxicDebris|MeteorBeam,SludgeBomb,EarthPower,SpikyShield|||F|||50|,,,,,Water]Magmar||Eviolite|VitalSpirit|FollowMe,HelpingHand,Overheat,Protect|||M|||50|,,,,,Grass]Braviary||ChoiceScarf|Defiant|BraveBird,DualWingbeat,Superpower,Uturn|||M|||50|,,,,,Flying]Kingambit||AssaultVest|Defiant|KowtowCleave,SuckerPunch,IronHead,LowKick|||M|||50|,,,,,Dragon]Amoonguss||SitrusBerry|Regenerator|Spore,RagePowder,PollenPuff,Protect|||M|||50|,,,,,Psychic]Hydreigon||LifeOrb|Levitate|DracoMeteor,DarkPulse,EarthPower,Protect|||F|||50|,,,,,Ghost
|showteam|p2|Zoroark-Hisui||ChoiceSpecs|Illusion|HyperVoice,ShadowBall,TeraBlast,IcyWind|||M|||50|,,,,,Fairy]Annihilape||LifeOrb|Defiant|RageFist,CloseCombat,BulkUp,Protect|||M|||50|,,,,,Fire]Archaludon||AssaultVest|Stamina|BodyPress,DragonPulse,FlashCannon,ElectroShot|||M|||50|,,,,,Grass]Maushold-Four||SafetyGoggles|FriendGuard|BeatUp,FollowMe,Taunt,Protect||||||50|,,,,,Ghost]Sinistcha-Masterpiece||SitrusBerry|Hospitality|MatchaGotcha,RagePowder,LifeDew,ShadowBall||||||50|,,,,,Water]Milotic||Leftovers|Competitive|Scald,IcyWind,AlluringVoice,Protect|||F|||50|,,,,,Grass
|inactive|Battle timer is ON: inactive players will automatically lose when time's up. (requested by ivanthesaxophonist)
|
|t:|1756444168
|teamsize|p1|4
|teamsize|p2|4
|start
|switch|p1a: Glimmora|Glimmora, L50, F|100/100
|switch|p1b: Amoonguss|Amoonguss, L50, M|100/100
|switch|p2a: Milotic|Milotic, L50, F|100/100
|switch|p2b: Archaludon|Archaludon, L50, M|100/100
|turn|1
|inactive|ivanthesaxophonist has 30 seconds left.
|inactive|ivanthesaxophonist has 20 seconds left.
|inactive|ivanthesaxophonist has 15 seconds left.
|inactive|ivanthesaxophonist has 10 seconds left.
|
|t:|1756444215
|-terastallize|p2b: Archaludon|Grass
|move|p1a: Glimmora|Spiky Shield|p1a: Glimmora
|-singleturn|p1a: Glimmora|move: Protect
|move|p2b: Archaludon|Flash Cannon|p1a: Glimmora
|-activate|p1a: Glimmora|move: Protect
|move|p2a: Milotic|Icy Wind|p1a: Glimmora|[spread] p1b
|-activate|p1a: Glimmora|move: Protect
|-supereffective|p1b: Amoonguss
|-damage|p1b: Amoonguss|83/100
|-unboost|p1b: Amoonguss|spe|1
|move|p1b: Amoonguss|Spore|p2b: Archaludon
|-immune|p2b: Archaludon
|
|upkeep
|turn|2
|inactive|Jakobtc has 30 seconds left.
|
|t:|1756444249
|switch|p2b: Annihilape|Annihilape, L50, M|100/100
|-terastallize|p1a: Glimmora|Water
|move|p1a: Glimmora|Meteor Beam||[still]
|-prepare|p1a: Glimmora|Meteor Beam
|-boost|p1a: Glimmora|spa|1
|-enditem|p1a: Glimmora|Power Herb
|-anim|p1a: Glimmora|Meteor Beam|p2a: Milotic
|-damage|p2a: Milotic|46/100
|move|p2a: Milotic|Icy Wind|p1a: Glimmora|[spread] p1a,p1b
|-resisted|p1a: Glimmora
|-supereffective|p1b: Amoonguss
|-damage|p1a: Glimmora|94/100
|-damage|p1b: Amoonguss|65/100
|-unboost|p1a: Glimmora|spe|1
|-unboost|p1b: Amoonguss|spe|1
|move|p1b: Amoonguss|Spore|p2a: Milotic
|-status|p2a: Milotic|slp|[from] move: Spore
|
|-heal|p2a: Milotic|51/100 slp|[from] item: Leftovers
|upkeep
|turn|3
|inactive|Jakobtc has 30 seconds left.
|inactive|ivanthesaxophonist has 30 seconds left.
|inactive|ivanthesaxophonist has 20 seconds left.
|inactive|ivanthesaxophonist has 15 seconds left.
|inactive|ivanthesaxophonist has 10 seconds left.
|
|t:|1756444295
|move|p2b: Annihilape|Rage Fist|p1b: Amoonguss
|-damage|p1b: Amoonguss|47/100
|-enditem|p1b: Amoonguss|Sitrus Berry|[eat]
|-heal|p1b: Amoonguss|71/100|[from] item: Sitrus Berry
|-damage|p2b: Annihilape|91/100|[from] item: Life Orb
|cant|p2a: Milotic|slp
|move|p1a: Glimmora|Sludge Bomb|p2b: Annihilape
|-resisted|p2b: Annihilape
|-damage|p2b: Annihilape|63/100
|-status|p2b: Annihilape|psn
|move|p1b: Amoonguss|Pollen Puff|p1a: Glimmora
|-heal|p1a: Glimmora|100/100
|
|-heal|p2a: Milotic|57/100 slp|[from] item: Leftovers
|-damage|p2b: Annihilape|51/100 psn|[from] psn
|upkeep
|turn|4
|
|t:|1756444318
|move|p1b: Amoonguss|Rage Powder|p1b: Amoonguss
|-singleturn|p1b: Amoonguss|move: Rage Powder
|move|p2b: Annihilape|Rage Fist|p1b: Amoonguss
|-damage|p1b: Amoonguss|32/100
|-damage|p2b: Annihilape|41/100 psn|[from] item: Life Orb
|-curestatus|p2a: Milotic|slp|[msg]
|move|p2a: Milotic|Icy Wind|p1b: Amoonguss|[spread] p1a
|-miss|p2a: Milotic|p1b: Amoonguss
|-resisted|p1a: Glimmora
|-damage|p1a: Glimmora|95/100
|-unboost|p1a: Glimmora|spe|1
|move|p1a: Glimmora|Sludge Bomb|p2a: Milotic
|-damage|p2a: Milotic|14/100
|
|-heal|p2a: Milotic|20/100|[from] item: Leftovers
|-damage|p2b: Annihilape|29/100 psn|[from] psn
|upkeep
|turn|5
|inactive|Jakobtc has 30 seconds left.
|inactive|ivanthesaxophonist has 30 seconds left.
|
|t:|1756444347
|switch|p1b: Braviary|Braviary, L50, M, shiny|100/100
|move|p1a: Glimmora|Spiky Shield|p1a: Glimmora
|-singleturn|p1a: Glimmora|move: Protect
|move|p2b: Annihilape|Rage Fist|p1b: Braviary
|-immune|p1b: Braviary
|move|p2a: Milotic|Alluring Voice|p1a: Glimmora
|-activate|p1a: Glimmora|move: Protect
|
|-heal|p2a: Milotic|26/100|[from] item: Leftovers
|-damage|p2b: Annihilape|16/100 psn|[from] psn
|upkeep
|turn|6
|
|t:|1756444368
|switch|p2b: Sinistcha|Sinistcha-Masterpiece, L50|100/100
|-heal|p2a: Milotic|50/100|[from] ability: Hospitality|[of] p2b: Sinistcha
|move|p1b: Braviary|Brave Bird|p2b: Sinistcha
|-supereffective|p2b: Sinistcha
|-damage|p2b: Sinistcha|0 fnt
|faint|p2b: Sinistcha
|-damage|p1b: Braviary|68/100|[from] Recoil
|move|p2a: Milotic|Icy Wind|p1b: Braviary|[spread] p1a,p1b
|-resisted|p1a: Glimmora
|-supereffective|p1b: Braviary
|-damage|p1a: Glimmora|89/100
|-damage|p1b: Braviary|43/100
|-unboost|p1a: Glimmora|spe|1
|-unboost|p1b: Braviary|spe|1
|-ability|p1b: Braviary|Defiant|boost
|-boost|p1b: Braviary|atk|2
|move|p1a: Glimmora|Sludge Bomb|p2a: Milotic
|-damage|p2a: Milotic|7/100
|
|-heal|p2a: Milotic|13/100|[from] item: Leftovers
|upkeep
|inactive|ivanthesaxophonist has 30 seconds left.
|
|t:|1756444394
|switch|p2b: Annihilape|Annihilape, L50, M|16/100 psn
|turn|7
|
|t:|1756444414
|move|p1a: Glimmora|Spiky Shield|p1a: Glimmora
|-singleturn|p1a: Glimmora|move: Protect
|move|p2b: Annihilape|Rage Fist|p1a: Glimmora
|-activate|p1a: Glimmora|move: Protect
|-damage|p2b: Annihilape|4/100 psn|[from] Spiky Shield|[of] p1a: Glimmora
|move|p1b: Braviary|Brave Bird|p2a: Milotic
|-damage|p2a: Milotic|0 fnt
|faint|p2a: Milotic
|-damage|p1b: Braviary|38/100|[from] Recoil
|
|-damage|p2b: Annihilape|0 fnt|[from] psn
|faint|p2b: Annihilape
|upkeep
|
|t:|1756444428
|switch|p2a: Archaludon|Archaludon, L50, M, tera:Grass|100/100
|turn|8
|c|☆Jakobtc|gg
|
|t:|1756444434
|move|p2a: Archaludon|Dragon Pulse|p1b: Braviary
|-damage|p1b: Braviary|0 fnt
|faint|p1b: Braviary
|move|p1a: Glimmora|Sludge Bomb|p2a: Archaludon
|-supereffective|p2a: Archaludon
|-crit|p2a: Archaludon
|-damage|p2a: Archaludon|0 fnt
|faint|p2a: Archaludon
|
|win|Jakobtc
|raw|Jakobtc's rating: 1159 → 1182(+23 for winning)
|raw|ivanthesaxophonist's rating: 1131 → 1108(-23 for losing)
|c|☆ivanthesaxophonist|gg
|l|☆ivanthesaxophonist
|player|p2|
