|j|☆Sasori07
|j|☆lefael
|html|Sasori07lefael    
|uhtml|bestof|Game 2 of a best-of-3
|t:|1783999410
|gametype|doubles
|player|p1|Sasori07|volkner|
|player|p2|lefael|schoolkid-gen4|
|gen|9
|tier|[Gen 9 Champions] VGC 2026 Reg M-B (Bo3)
|rule|Species Clause: Limit one of each Pokémon
|rule|Item Clause: Limit 1 of each item
|clearpoke
|poke|p1|Talonflame, L50, F|
|poke|p1|Rotom-Wash, L50|
|poke|p1|Froslass, L50, F|
|poke|p1|Glimmora, L50, F|
|poke|p1|Kingambit, L50, F|
|poke|p1|Garchomp, L50, M|
|poke|p2|Dragapult, L50, M|
|poke|p2|Mimikyu, L50, M|
|poke|p2|Drampa, L50, M|
|poke|p2|Espathra, L50, F|
|poke|p2|Kingambit, L50, M|
|poke|p2|Volcarona, L50, M|
|teampreview|4
|showteam|p1|Talonflame|||GaleWings|Acrobatics,Tailwind,FlareBlitz,Protect|Jolly||F|||50|]Rotom-Wash||Magnet|Levitate|Thunderbolt,HydroPump,WillOWisp,Protect|Modest|||||50|]Froslass||Froslassite|SnowCloak|Blizzard,ShadowBall,AuroraVeil,Protect|Timid||F|||50|]Glimmora||Glimmoranite|ToxicDebris|PowerGem,SludgeBomb,EarthPower,SpikyShield|Timid||F|||50|]Kingambit||ChopleBerry|Defiant|KowtowCleave,SuckerPunch,LowKick,Protect|Adamant||F|||50|]Garchomp||LumBerry|RoughSkin|DragonClaw,Earthquake,SwordsDance,Protect|Jolly||M|||50|
|showteam|p2|Dragapult||FocusSash|Infiltrator|PhantomForce,DragonClaw,Uturn,DragonDance|Adamant||M|||50|]Mimikyu||WideLens|Disguise|PlayRough,ShadowClaw,ShadowSneak,SwordsDance|Jolly||M|||50|]Drampa||Drampanite|Berserk|Flamethrower,Thunderbolt,Roost,Blizzard|Modest||M|||50|]Espathra||SitrusBerry|SpeedBoost|LuminaCrash,CalmMind,Protect,DazzlingGleam|Modest||F|||50|]Kingambit||Leftovers|SupremeOverlord|KowtowCleave,SuckerPunch,IronHead,Protect|Adamant||M|||50|]Volcarona||Charcoal|FlameBody|BugBuzz,FieryDance,QuiverDance,Psychic|Timid||M|||50|
|
|t:|1783999446
|teamsize|p1|4
|teamsize|p2|4
|start
|switch|p1a: Kingambit|Kingambit, L50, F|100/100
|switch|p1b: Garchomp|Garchomp, L50, M|100/100
|switch|p2a: Dragapult|Dragapult, L50, M|100/100
|switch|p2b: Espathra|Espathra, L50, F|100/100
|turn|1
|
|t:|1783999469
|move|p2b: Espathra|Protect|p2b: Espathra
|-singleturn|p2b: Espathra|Protect
|move|p2a: Dragapult|Dragon Claw|p1b: Garchomp
|-supereffective|p1b: Garchomp|1
|-damage|p1b: Garchomp|20/100r
|-damage|p2a: Dragapult|87/100|[from] ability: Rough Skin|[of] p1b: Garchomp
|move|p1b: Garchomp|Dragon Claw|p2a: Dragapult
|-supereffective|p2a: Dragapult|1
|-damage|p2a: Dragapult|0 fnt
|faint|p2a: Dragapult
|move|p1a: Kingambit|Kowtow Cleave|p2b: Espathra
|-activate|p2b: Espathra|move: Protect
|
|-ability|p2b: Espathra|Speed Boost|boost
|-boost|p2b: Espathra|spe|1
|upkeep
|
|t:|1783999516
|switch|p2a: Mimikyu|Mimikyu, L50, M|100/100
|turn|2
|
|t:|1783999526
|move|p2b: Espathra|Dazzling Gleam|p1a: Kingambit|[spread] p1a,p1b
|-supereffective|p1b: Garchomp|1
|-damage|p1a: Kingambit|81/100
|-damage|p1b: Garchomp|0 fnt
|faint|p1b: Garchomp
|move|p2a: Mimikyu|Swords Dance|p2a: Mimikyu
|-boost|p2a: Mimikyu|atk|2
|move|p1a: Kingambit|Kowtow Cleave|p2a: Mimikyu
|-activate|p2a: Mimikyu|ability: Disguise
|-damage|p2a: Mimikyu|100/100
|detailschange|p2a: Mimikyu|Mimikyu-Busted, L50, M
|-damage|p2a: Mimikyu|87/100|[from] pokemon: Mimikyu-Busted
|
|-ability|p2b: Espathra|Speed Boost|boost
|-boost|p2b: Espathra|spe|1
|upkeep
|
|t:|1783999537
|switch|p1b: Talonflame|Talonflame, L50, F|100/100
|turn|3
|
|t:|1783999551
|move|p1b: Talonflame|Acrobatics|p2a: Mimikyu
|-damage|p2a: Mimikyu|14/100
|move|p1a: Kingambit|Sucker Punch|p2a: Mimikyu
|-damage|p2a: Mimikyu|0 fnt
|faint|p2a: Mimikyu
|move|p2b: Espathra|Lumina Crash|p1b: Talonflame
|-damage|p1b: Talonflame|40/100
|-unboost|p1b: Talonflame|spd|2
|
|-ability|p2b: Espathra|Speed Boost|boost
|-boost|p2b: Espathra|spe|1
|upkeep
|
|t:|1783999562
|switch|p2a: Volcarona|Volcarona, L50, M|100/100
|turn|4
|
|t:|1783999579
|move|p2b: Espathra|Lumina Crash|p1b: Talonflame
|-damage|p1b: Talonflame|0 fnt
|faint|p1b: Talonflame
|move|p2a: Volcarona|Fiery Dance|p1a: Kingambit
|-supereffective|p1a: Kingambit|1
|-damage|p1a: Kingambit|0 fnt
|faint|p1a: Kingambit
|
|-ability|p2b: Espathra|Speed Boost|boost
|-boost|p2b: Espathra|spe|1
|upkeep
|
|t:|1783999588
|switch|p1b: Froslass|Froslass, L50, F|100/100
|turn|5
|
|t:|1783999604
|detailschange|p1b: Froslass|Froslass-Mega, L50, F
|-mega|p1b: Froslass|Froslass|Froslassite
|-weather|Snowscape|[from] ability: Snow Warning|[of] p1b: Froslass
|move|p2b: Espathra|Lumina Crash|p1b: Froslass
|-damage|p1b: Froslass|49/100
|-unboost|p1b: Froslass|spd|2
|move|p1b: Froslass|Shadow Ball|p2b: Espathra
|-supereffective|p2b: Espathra|1
|-damage|p2b: Espathra|0 fnt
|faint|p2b: Espathra
|move|p2a: Volcarona|Fiery Dance|p1b: Froslass
|-supereffective|p1b: Froslass|1
|-damage|p1b: Froslass|0 fnt
|-boost|p2a: Volcarona|spa|1
|faint|p1b: Froslass
|
|win|lefael
|inactive|Sasori07 has 30 seconds to confirm battle start!
|inactive|lefael has 30 seconds to confirm battle start!
||Sasori07 is ready for game 3.
|inactive|lefael has 20 seconds to confirm battle start!
||lefael is ready for game 3.
|uhtml|next|Next: Game 3 of 3
|l|☆Sasori07
|player|p1|
|j|☆Sasori07
|player|p1|Sasori07|volkner|
