|j|☆WolfeWithTheGlicky
|j|☆IndianCrackCoffee
|html|WolfeWithTheGlickyIndianCrackCoffee    
|uhtml|bestof|Game 2 of a best-of-3
|t:|1756486869
|gametype|doubles
|player|p1|WolfeWithTheGlicky|boarder|1135
|player|p2|IndianCrackCoffee|brendan-masters|1048
|gen|9
|tier|[Gen 9] VGC 2025 Reg H (Bo3)
|rated|
|rule|Species Clause: Limit one of each Pokémon
|rule|Item Clause: Limit 1 of each item
|clearpoke
|poke|p1|Annihilape, L50, F|
|poke|p1|Primarina, L50, M|
|poke|p1|Sneasler, L50, M|
|poke|p1|Rillaboom, L50, M|
|poke|p1|Archaludon, L50, F|
|poke|p1|Volcarona, L50, M|
|poke|p2|Dragonite, L50, F|
|poke|p2|Ursaluna-Bloodmoon, L50, M|
|poke|p2|Archaludon, L50, M|
|poke|p2|Whimsicott, L50, M|
|poke|p2|Gholdengo, L50|
|poke|p2|Incineroar, L50, F|
|teampreview|4
|showteam|p1|Annihilape||AssaultVest|Defiant|RageFist,CloseCombat,DrainPunch,FinalGambit|||F|||50|,,,,,Water]Primarina||SitrusBerry|LiquidVoice|HyperVoice,Moonblast,Haze,Protect|||M|||50|,,,,,Poison]Sneasler||GrassySeed|Unburden|DireClaw,CloseCombat,Coaching,Protect|||M|||50|,,,,,Ghost]Rillaboom||ChoiceBand|GrassySurge|GrassyGlide,WoodHammer,HighHorsepower,Uturn|||M|||50|,,,,,Grass]Archaludon||PowerHerb|Sturdy|DragonPulse,ElectroShot,FlashCannon,Protect|||F|||50|,,,,,Electric]Volcarona||CovertCloak|FlameBody|StruggleBug,Overheat,WillOWisp,RagePowder|||M|||50|,,,,,Dragon
|showteam|p2|Dragonite||LoadedDice|Multiscale|ScaleShot,ExtremeSpeed,IceSpinner,Protect|||F|||50|,,,,,Fairy]Ursaluna-Bloodmoon||AssaultVest|MindsEye|BloodMoon,HyperVoice,EarthPower,VacuumWave|||M|||50|,,,,,Water]Archaludon||PowerHerb|Sturdy|ElectroShot,FlashCannon,DracoMeteor,Protect|||M|||50|,,,,,Stellar]Whimsicott||CovertCloak|Prankster|FakeTears,Tailwind,Encore,Moonblast|||M|||50|,,,,,Poison]Gholdengo||ChoiceSpecs|GoodasGold|MakeItRain,ShadowBall,PowerGem,SteelBeam||||||50|,,,,,Steel]Incineroar||MirrorHerb|Intimidate|FakeOut,PartingShot,KnockOff,FlareBlitz|||F|||50|,,,,,Ghost
|
|t:|1756486899
|teamsize|p1|4
|teamsize|p2|4
|start
|switch|p1a: Volcarona|Volcarona, L50, M|100/100
|switch|p1b: Sneasler|Sneasler, L50, M|100/100
|switch|p2a: Whimsicott|Whimsicott, L50, M|100/100
|switch|p2b: Gholdengo|Gholdengo, L50|100/100
|turn|1
|
|t:|1756486911
|switch|p1b: Annihilape|Annihilape, L50, F|100/100
|move|p2a: Whimsicott|Tailwind|p2a: Whimsicott
|-sidestart|p2: IndianCrackCoffee|move: Tailwind
|move|p2b: Gholdengo|Power Gem|p1a: Volcarona
|-supereffective|p1a: Volcarona
|-damage|p1a: Volcarona|0 fnt
|faint|p1a: Volcarona
|
|upkeep
|
|t:|1756486920
|switch|p1a: Sneasler|Sneasler, L50, M|100/100
|turn|2
|
|t:|1756486938
|switch|p2b: Archaludon|Archaludon, L50, M|100/100
|move|p2a: Whimsicott|Fake Tears|p1b: Annihilape
|-unboost|p1b: Annihilape|spd|2
|-ability|p1b: Annihilape|Defiant|boost
|-boost|p1b: Annihilape|atk|2
|move|p1a: Sneasler|Dire Claw|p2a: Whimsicott
|-supereffective|p2a: Whimsicott
|-damage|p2a: Whimsicott|0 fnt
|faint|p2a: Whimsicott
|move|p1b: Annihilape|Rage Fist|p2b: Archaludon
|-damage|p2b: Archaludon|68/100
|
|upkeep
|
|t:|1756486951
|switch|p2a: Gholdengo|Gholdengo, L50|100/100
|turn|3
|
|t:|1756486957
|switch|p1b: Rillaboom|Rillaboom, L50, M|100/100
|-fieldstart|move: Grassy Terrain|[from] ability: Grassy Surge|[of] p1b: Rillaboom
|-enditem|p1a: Sneasler|Grassy Seed
|-boost|p1a: Sneasler|def|1|[from] item: Grassy Seed
|move|p1a: Sneasler|Protect|p1a: Sneasler
|-singleturn|p1a: Sneasler|Protect
|move|p2b: Archaludon|Electro Shot||[still]
|-prepare|p2b: Archaludon|Electro Shot
|-boost|p2b: Archaludon|spa|1
|-enditem|p2b: Archaludon|Power Herb
|-anim|p2b: Archaludon|Electro Shot|p1b: Rillaboom
|-resisted|p1b: Rillaboom
|-damage|p1b: Rillaboom|55/100
|move|p2a: Gholdengo|Make It Rain|p1b: Rillaboom|[spread] p1b
|-activate|p1a: Sneasler|move: Protect
|-damage|p1b: Rillaboom|0 fnt
|-unboost|p2a: Gholdengo|spa|1
|faint|p1b: Rillaboom
|
|-heal|p2b: Archaludon|74/100|[from] Grassy Terrain
|upkeep
|
|t:|1756486959
|switch|p1b: Annihilape|Annihilape, L50, F|100/100
|turn|4
|
|t:|1756487007
|switch|p2a: Incineroar|Incineroar, L50, F|100/100
|-ability|p2a: Incineroar|Intimidate|boost
|-unboost|p1a: Sneasler|atk|1
|-unboost|p1b: Annihilape|atk|1
|-ability|p1b: Annihilape|Defiant|boost
|-boost|p1b: Annihilape|atk|2
|-enditem|p2a: Incineroar|Mirror Herb
|-boost|p2a: Incineroar|atk|2|[from] item: Mirror Herb
|-terastallize|p2b: Archaludon|Stellar
|-terastallize|p1b: Annihilape|Water
|move|p1a: Sneasler|Close Combat|p2b: Archaludon
|-supereffective|p2b: Archaludon
|-damage|p2b: Archaludon|0 fnt
|-unboost|p1a: Sneasler|def|1
|-unboost|p1a: Sneasler|spd|1
|faint|p2b: Archaludon
|move|p1b: Annihilape|Rage Fist|p2a: Incineroar
|-resisted|p2a: Incineroar
|-damage|p2a: Incineroar|87/100
|
|-heal|p2a: Incineroar|93/100|[from] Grassy Terrain
|-sideend|p2: IndianCrackCoffee|move: Tailwind
|upkeep
|
|t:|1756487026
|switch|p2b: Gholdengo|Gholdengo, L50|100/100
|turn|5
|
|t:|1756487053
|move|p1a: Sneasler|Protect|p1a: Sneasler
|-singleturn|p1a: Sneasler|Protect
|move|p2a: Incineroar|Fake Out|p1b: Annihilape
|-damage|p1b: Annihilape|79/100
|cant|p1b: Annihilape|flinch
|move|p2b: Gholdengo|Shadow Ball|p1a: Sneasler
|-activate|p1a: Sneasler|move: Protect
|
|-heal|p1b: Annihilape|85/100|[from] Grassy Terrain
|-heal|p2a: Incineroar|99/100|[from] Grassy Terrain
|upkeep
|turn|6
|
|t:|1756487083
|move|p1a: Sneasler|Close Combat|p2a: Incineroar
|-supereffective|p2a: Incineroar
|-damage|p2a: Incineroar|14/100
|-unboost|p1a: Sneasler|def|1
|-unboost|p1a: Sneasler|spd|1
|move|p1b: Annihilape|Drain Punch|p2a: Incineroar
|-supereffective|p2a: Incineroar
|-damage|p2a: Incineroar|0 fnt
|-heal|p1b: Annihilape|91/100|[from] drain|[of] p2a: Incineroar
|faint|p2a: Incineroar
|move|p2b: Gholdengo|Shadow Ball|p1b: Annihilape
|-damage|p1b: Annihilape|47/100
|
|-heal|p1b: Annihilape|53/100|[from] Grassy Terrain
|upkeep
|turn|7
|
|t:|1756487099
|move|p1a: Sneasler|Coaching|p1b: Annihilape
|-boost|p1b: Annihilape|atk|1
|-boost|p1b: Annihilape|def|1
|move|p1b: Annihilape|Rage Fist|p2b: Gholdengo
|-supereffective|p2b: Gholdengo
|-crit|p2b: Gholdengo
|-damage|p2b: Gholdengo|0 fnt
|faint|p2b: Gholdengo
|
|win|WolfeWithTheGlicky
||IndianCrackCoffee is ready for game 3.
