|j|☆Rodrigo21amz
|j|☆erickpoux
|html|Rodrigo21amzerickpoux    
|uhtml|bestof|Game 3 of a best-of-3
|t:|1756354678
|gametype|doubles
|player|p1|Rodrigo21amz|volkner|1156
|player|p2|erickpoux|nate|1148
|gen|9
|tier|[Gen 9] VGC 2025 Reg H (Bo3)
|rated|
|rule|Species Clause: Limit one of each Pokémon
|rule|Item Clause: Limit 1 of each item
|clearpoke
|poke|p1|Whimsicott, L50, M|
|poke|p1|Ursaluna-Bloodmoon, L50, M|
|poke|p1|Typhlosion-Hisui, L50, F|
|poke|p1|Sneasler, L50, F|
|poke|p1|Dragapult, L50, M|
|poke|p1|Electabuzz, L50, F|
|poke|p2|Volcarona, L50, M|
|poke|p2|Rillaboom, L50, M|
|poke|p2|Electabuzz, L50, F|
|poke|p2|Dragonite, L50, M|
|poke|p2|Ursaluna-Bloodmoon, L50, M|
|poke|p2|Whimsicott, L50, F|
|teampreview|4
|showteam|p1|Whimsicott||CovertCloak|Prankster|Tailwind,SunnyDay,Moonblast,Encore|||M|||50|,,,,,Steel]Ursaluna-Bloodmoon||LifeOrb|MindsEye|BloodMoon,HyperVoice,EarthPower,Protect|||M|||50|,,,,,Normal]Typhlosion-Hisui||ChoiceScarf|Blaze|Eruption,ShadowBall,HeatWave,Overheat|||F|||50|,,,,,Fire]Sneasler||FocusSash|PoisonTouch|Protect,CloseCombat,DireClaw,ThroatChop|||F|||50|,,,,,Dark]Dragapult||ChoiceBand|ClearBody|DragonDarts,Outrage,Uturn,PhantomForce|||M|||50|,,,,,Dragon]Electabuzz||Eviolite|VitalSpirit|FollowMe,Electroweb,Taunt,HelpingHand|||F|||50|,,,,,Ghost
|showteam|p2|Volcarona||CovertCloak|FlameBody|TeraBlast,HeatWave,QuiverDance,Protect|||M|||50|,,,,,Water]Rillaboom||AssaultVest|GrassySurge|WoodHammer,GrassyGlide,Uturn,FakeOut|||M|||50|,,,,,Grass]Electabuzz||Eviolite|VitalSpirit|FollowMe,Protect,Electroweb,Taunt|||F|||50|,,,,,Ghost]Dragonite||LoadedDice|Multiscale|ScaleShot,Tailwind,Haze,Protect|||M|||50|,,,,,Fairy]Ursaluna-Bloodmoon||LifeOrb|MindsEye|BloodMoon,EarthPower,HyperVoice,Protect|||M|||50|,,,,,Normal]Whimsicott||FocusSash|Prankster|Tailwind,Taunt,Moonblast,FakeTears|||F|||50|,,,,,Ghost
|
|t:|1756354705
|teamsize|p1|4
|teamsize|p2|4
|start
|switch|p1a: Ursaluna|Ursaluna-Bloodmoon, L50, M|100/100
|switch|p1b: Electabuzz|Electabuzz, L50, F|100/100
|switch|p2a: Whimsicott|Whimsicott, L50, F, shiny|100/100
|switch|p2b: Ursaluna|Ursaluna-Bloodmoon, L50, M|100/100
|turn|1
|
|t:|1756354744
|move|p1a: Ursaluna|Protect|p1a: Ursaluna
|-singleturn|p1a: Ursaluna|Protect
|move|p2b: Ursaluna|Protect|p2b: Ursaluna
|-singleturn|p2b: Ursaluna|Protect
|move|p2a: Whimsicott|Tailwind|p2a: Whimsicott
|-sidestart|p2: erickpoux|move: Tailwind
|move|p1b: Electabuzz|Electroweb|p2a: Whimsicott|[spread] p2a
|-activate|p2b: Ursaluna|move: Protect
|-resisted|p2a: Whimsicott
|-damage|p2a: Whimsicott|91/100
|-unboost|p2a: Whimsicott|spe|1
|
|upkeep
|turn|2
|
|t:|1756354777
|-terastallize|p2b: Ursaluna|Normal
|-terastallize|p1a: Ursaluna|Normal
|move|p1b: Electabuzz|Follow Me|p1b: Electabuzz
|-singleturn|p1b: Electabuzz|move: Follow Me
|move|p2a: Whimsicott|Fake Tears|p1b: Electabuzz
|-unboost|p1b: Electabuzz|spd|2
|move|p2b: Ursaluna|Hyper Voice|p1b: Electabuzz|[spread] p1a,p1b
|-damage|p1a: Ursaluna|15/100
|-damage|p1b: Electabuzz|0 fnt
|faint|p1b: Electabuzz
|-damage|p2b: Ursaluna|91/100|[from] item: Life Orb
|move|p1a: Ursaluna|Hyper Voice|p2b: Ursaluna|[spread] p2a,p2b
|-damage|p2a: Whimsicott|5/100
|-damage|p2b: Ursaluna|5/100
|-damage|p1a: Ursaluna|6/100|[from] item: Life Orb
|
|upkeep
|l|☆Rodrigo21amz
|player|p1|
|j|☆Rodrigo21amz
|player|p1|Rodrigo21amz|volkner|
|
|t:|1756354814
|switch|p1b: Whimsicott|Whimsicott, L50, M|100/100
|turn|3
|
|t:|1756354843
|move|p2a: Whimsicott|Taunt|p1b: Whimsicott
|-start|p1b: Whimsicott|move: Taunt
|cant|p1b: Whimsicott|move: Taunt|Tailwind
|move|p2b: Ursaluna|Hyper Voice|p1a: Ursaluna|[spread] p1a,p1b
|-damage|p1a: Ursaluna|0 fnt
|-damage|p1b: Whimsicott|0 fnt
|faint|p1a: Ursaluna
|faint|p1b: Whimsicott
|-damage|p2b: Ursaluna|0 fnt|[from] item: Life Orb
|faint|p2b: Ursaluna
|
|upkeep
|
|t:|1756354851
|switch|p1b: Typhlosion|Typhlosion-Hisui, L50, F|100/100
|switch|p2b: Rillaboom|Rillaboom, L50, M|100/100
|-fieldstart|move: Grassy Terrain|[from] ability: Grassy Surge|[of] p2b: Rillaboom
|turn|4
|
|t:|1756354872
|move|p2b: Rillaboom|Wood Hammer|p1b: Typhlosion
|-resisted|p1b: Typhlosion
|-damage|p1b: Typhlosion|40/100
|-damage|p2b: Rillaboom|83/100|[from] Recoil
|move|p2a: Whimsicott|Moonblast|p1b: Typhlosion
|-resisted|p1b: Typhlosion
|-damage|p1b: Typhlosion|21/100
|move|p1b: Typhlosion|Eruption|p2b: Rillaboom|[spread] p2a,p2b
|-supereffective|p2a: Whimsicott
|-supereffective|p2b: Rillaboom
|-damage|p2a: Whimsicott|0 fnt
|-damage|p2b: Rillaboom|53/100
|faint|p2a: Whimsicott
|
|-heal|p2b: Rillaboom|59/100|[from] Grassy Terrain
|-heal|p1b: Typhlosion|27/100|[from] Grassy Terrain
|-sideend|p2: erickpoux|move: Tailwind
|upkeep
|
|t:|1756354886
|switch|p2a: Dragonite|Dragonite, L50, M, shiny|100/100
|turn|5
|-message|Rodrigo21amz forfeited.
|raw|Rodrigo21amz's rating: 1156 → 1130(-26 for losing)
|raw|erickpoux's rating: 1148 → 1174(+26 for winning)
|
|win|erickpoux
|l|☆Rodrigo21amz
|player|p1|
