|j|‽azazel78/
|j|☆TheRealEmilyRose
|html|azazel78/TheRealEmilyRose    
|uhtml|bestof|Game 1 of a best-of-3
|t:|1783097170
|gametype|doubles
|player|p1|azazel78/|riley|1083
|player|p2|TheRealEmilyRose|dawn|1137
|gen|9
|tier|[Gen 9 Champions] VGC 2026 Reg M-B (Bo3)
|rated|
|rule|Species Clause: Limit one of each Pokémon
|rule|Item Clause: Limit 1 of each item
|clearpoke
|poke|p1|Delphox, L50, M|
|poke|p1|Ninetales, L50, F|
|poke|p1|Mawile, L50, M|
|poke|p1|Sinistcha-Masterpiece, L50|
|poke|p1|Sneasler, L50, M|
|poke|p1|Mamoswine, L50, F|
|poke|p2|Tyranitar, L50, F|
|poke|p2|Garchomp, L50, F|
|poke|p2|Incineroar, L50, M|
|poke|p2|Sneasler, L50, F|
|poke|p2|Gholdengo, L50|
|poke|p2|Sinistcha, L50|
|teampreview|4
|showteam|p1|Delphox||Delphoxite|Blaze|HeatWave,Psyshock,NastyPlot,Protect|Timid||M|||50|]Ninetales||FocusSash|Drought|Encore,WillOWisp,Disable,Protect|Careful||F|||50|]Mawile||Mawilite|HyperCutter|BrickBreak,PlayRough,SuckerPunch,Protect|Adamant||M|||50|]Sinistcha-Masterpiece||KasibBerry|Hospitality|RagePowder,MatchaGotcha,TrickRoom,Protect|Bold|||||50|]Sneasler||WhiteHerb|Unburden|Protect,FakeOut,CloseCombat,GunkShot|Adamant||M|||50|]Mamoswine||ChoiceScarf|Oblivious|IceShard,IcicleCrash,HighHorsepower,RockSlide|Jolly||F|||50|
|showteam|p2|Tyranitar||Tyranitarite|SandStream|RockSlide,KnockOff,DragonDance,Protect|Jolly||F|||50|]Garchomp||Garchompite|SandVeil|RockSlide,Earthquake,SwordsDance,Protect|Jolly||F|||50|]Incineroar||SitrusBerry|Intimidate|FakeOut,FlareBlitz,ThroatChop,PartingShot|Impish||M|||50|]Sneasler||WhiteHerb|Unburden|FakeOut,DireClaw,CloseCombat,Protect|Jolly||F|||50|]Gholdengo||ChoiceScarf|GoodasGold|MakeItRain,ShadowBall,PowerGem,Psychic|Timid|||||50|]Sinistcha||OccaBerry|Hospitality|MatchaGotcha,RagePowder,TrickRoom,Protect|Bold|||||50|
|inactive|Battle timer is ON: inactive players will automatically lose when time's up. (requested by TheRealEmilyRose)
|inactive|azazel78/ has 60 seconds left.
|
|t:|1783097207
|teamsize|p1|4
|teamsize|p2|4
|start
|switch|p1a: Mawile|Mawile, L50, M|100/100
|switch|p1b: Sinistcha|Sinistcha-Masterpiece, L50|100/100
|switch|p2a: Garchomp|Garchomp, L50, F|100/100
|switch|p2b: Sneasler|Sneasler, L50, F|100/100
|turn|1
|inactive|TheRealEmilyRose has 30 seconds left.
|
|t:|1783097234
|switch|p2b: Tyranitar|Tyranitar, L50, F|100/100
|-weather|Sandstorm|[from] ability: Sand Stream|[of] p2b: Tyranitar
|detailschange|p1a: Mawile|Mawile-Mega, L50, M
|-mega|p1a: Mawile|Mawile|Mawilite
|move|p1a: Mawile|Protect|p1a: Mawile
|-singleturn|p1a: Mawile|Protect
|move|p2a: Garchomp|Swords Dance|p2a: Garchomp
|-boost|p2a: Garchomp|atk|2
|move|p1b: Sinistcha|Trick Room|p1b: Sinistcha
|-fieldstart|move: Trick Room|[of] p1b: Sinistcha
|
|-weather|Sandstorm|[upkeep]
|-damage|p1b: Sinistcha|93/100|[from] Sandstorm
|upkeep
|turn|2
|inactive|TheRealEmilyRose has 30 seconds left.
|
|t:|1783097259
|move|p1a: Mawile|Play Rough|p2a: Garchomp
|-supereffective|p2a: Garchomp|1
|-damage|p2a: Garchomp|0 fnt
|faint|p2a: Garchomp
|move|p1b: Sinistcha|Matcha Gotcha|p2b: Tyranitar
|-supereffective|p2b: Tyranitar|1
|-damage|p2b: Tyranitar|59/100
|-heal|p1b: Sinistcha|100/100|[from] drain|[of] p2b: Tyranitar
|move|p2b: Tyranitar|Knock Off|p1b: Sinistcha
|-supereffective|p1b: Sinistcha|1
|-damage|p1b: Sinistcha|17/100
|-enditem|p1b: Sinistcha|Kasib Berry|[from] move: Knock Off|[of] p2b: Tyranitar
|
|-weather|Sandstorm|[upkeep]
|-damage|p1b: Sinistcha|11/100|[from] Sandstorm
|upkeep
|
|t:|1783097275
|switch|p2a: Sneasler|Sneasler, L50, F|100/100
|turn|3
|
|t:|1783097289
|detailschange|p2b: Tyranitar|Tyranitar-Mega, L50, F
|-mega|p2b: Tyranitar|Tyranitar|Tyranitarite
|move|p1a: Mawile|Protect|p1a: Mawile
|-singleturn|p1a: Mawile|Protect
|move|p2a: Sneasler|Fake Out|p1a: Mawile
|-activate|p1a: Mawile|move: Protect
|move|p1b: Sinistcha|Matcha Gotcha|p2a: Sneasler|[spread] p2a,p2b
|-resisted|p2a: Sneasler|1
|-crit|p2a: Sneasler
|-supereffective|p2b: Tyranitar|1
|-damage|p2a: Sneasler|73/100
|-heal|p1b: Sinistcha|23/100|[from] drain|[of] p2a: Sneasler
|-damage|p2b: Tyranitar|31/100
|-heal|p1b: Sinistcha|37/100|[from] drain|[of] p2b: Tyranitar
|-status|p2b: Tyranitar|brn
|move|p2b: Tyranitar|Knock Off|p1b: Sinistcha
|-supereffective|p1b: Sinistcha|1
|-damage|p1b: Sinistcha|3/100
|
|-weather|Sandstorm|[upkeep]
|-damage|p1b: Sinistcha|0 fnt|[from] Sandstorm
|-damage|p2a: Sneasler|68/100|[from] Sandstorm
|faint|p1b: Sinistcha
|-damage|p2b: Tyranitar|24/100 brn|[from] brn
|upkeep
|
|t:|1783097312
|switch|p1b: Sneasler|Sneasler, L50, M|100/100
|turn|4
|
|t:|1783097328
|switch|p2b: Gholdengo|Gholdengo, L50|100/100
|move|p1b: Sneasler|Fake Out|p2a: Sneasler
|-damage|p2a: Sneasler|40/100
|move|p1a: Mawile|Brick Break|p2b: Gholdengo
|-immune|p2b: Gholdengo
|cant|p2a: Sneasler|flinch
|
|-weather|Sandstorm|[upkeep]
|-damage|p1b: Sneasler|94/100|[from] Sandstorm
|-damage|p2a: Sneasler|35/100|[from] Sandstorm
|upkeep
|turn|5
|inactive|azazel78/ has 30 seconds left.
|inactive|TheRealEmilyRose has 30 seconds left.
|
|t:|1783097360
|switch|p2b: Tyranitar|Tyranitar-Mega, L50, F|24/100 brn
|move|p1b: Sneasler|Protect|p1b: Sneasler
|-singleturn|p1b: Sneasler|Protect
|move|p2a: Sneasler|Protect|p2a: Sneasler
|-singleturn|p2a: Sneasler|Protect
|move|p1a: Mawile|Sucker Punch||[still]
|-fail|p1a: Mawile
|
|-weather|none
|-damage|p2b: Tyranitar|18/100 brn|[from] brn
|-fieldend|move: Trick Room
|upkeep
|turn|6
|inactive|azazel78/ has 30 seconds left.
|inactive|azazel78/ has 20 seconds left.
|inactive|azazel78/ has 15 seconds left.
|
|t:|1783097401
|move|p2a: Sneasler|Close Combat|p1a: Mawile
|-damage|p1a: Mawile|38/100
|-unboost|p2a: Sneasler|def|1
|-unboost|p2a: Sneasler|spd|1
|-enditem|p2a: Sneasler|White Herb
|-clearnegativeboost|p2a: Sneasler|[silent]
|move|p1b: Sneasler|Close Combat|p2a: Sneasler
|-resisted|p2a: Sneasler|1
|-damage|p2a: Sneasler|0 fnt
|-unboost|p1b: Sneasler|def|1
|-unboost|p1b: Sneasler|spd|1
|faint|p2a: Sneasler
|-enditem|p1b: Sneasler|White Herb
|-clearnegativeboost|p1b: Sneasler|[silent]
|move|p2b: Tyranitar|Rock Slide|p1b: Sneasler|[spread] p1a,p1b
|-resisted|p1a: Mawile|1
|-resisted|p1b: Sneasler|1
|-crit|p1b: Sneasler
|-damage|p1a: Mawile|29/100
|-damage|p1b: Sneasler|71/100
|move|p1a: Mawile|Play Rough|p2b: Tyranitar
|-supereffective|p2b: Tyranitar|1
|-damage|p2b: Tyranitar|0 fnt
|faint|p2b: Tyranitar
|
|upkeep
|
|t:|1783097422
|switch|p2a: Gholdengo|Gholdengo, L50|100/100
|turn|7
|
|t:|1783097436
|move|p1b: Sneasler|Protect|p1b: Sneasler
|-singleturn|p1b: Sneasler|Protect
|move|p1a: Mawile|Sucker Punch|p2a: Gholdengo
|-supereffective|p2a: Gholdengo|1
|-damage|p2a: Gholdengo|10/100
|move|p2a: Gholdengo|Make It Rain|p1b: Sneasler|[spread] p1a
|-activate|p1b: Sneasler|move: Protect
|-damage|p1a: Mawile|0 fnt
|-unboost|p2a: Gholdengo|spa|2
|faint|p1a: Mawile
|
|upkeep
|
|t:|1783097447
|switch|p1a: Mamoswine|Mamoswine, L50, F|100/100
|turn|8
|
|t:|1783097456
|move|p1b: Sneasler|Close Combat|p2a: Gholdengo
|-immune|p2a: Gholdengo
|move|p2a: Gholdengo|Make It Rain|p1b: Sneasler|[spread] p1a,p1b
|-supereffective|p1a: Mamoswine|1
|-damage|p1a: Mamoswine|28/100
|-damage|p1b: Sneasler|38/100
|-unboost|p2a: Gholdengo|spa|2
|move|p1a: Mamoswine|High Horsepower|p2a: Gholdengo
|-supereffective|p2a: Gholdengo|1
|-damage|p2a: Gholdengo|0 fnt
|faint|p2a: Gholdengo
|
|win|azazel78/
|inactive|azazel78/ has 30 seconds to confirm battle start!
|inactive|TheRealEmilyRose has 30 seconds to confirm battle start!
||TheRealEmilyRose is ready for game 2.
||azazel78/ is ready for game 2.
|uhtml|next|Next: Game 2 of 3
|l|☆TheRealEmilyRose
|player|p2|
