|j|☆cccfff
|j|☆axcoquette
|html|cccfffaxcoquette    
|uhtml|bestof|Game 3 of a best-of-3
|t:|1783301871
|gametype|doubles
|player|p1|cccfff|swimmer|1222
|player|p2|axcoquette|maid|1201
|gen|9
|tier|[Gen 9 Champions] VGC 2026 Reg M-B (Bo3)
|rated|
|rule|Species Clause: Limit one of each Pokémon
|rule|Item Clause: Limit 1 of each item
|clearpoke
|poke|p1|Raichu, L50, M|
|poke|p1|Jolteon, L50, M, shiny|
|poke|p1|Basculegion, L50, M|
|poke|p1|Mamoswine, L50, F|
|poke|p1|Hydrapple, L50, F|
|poke|p1|Blaziken, L50, M|
|poke|p2|Delphox, L50, F|
|poke|p2|Sneasler, L50, M|
|poke|p2|Sinistcha, L50|
|poke|p2|Incineroar, L50, M|
|poke|p2|Kingambit, L50, F|
|poke|p2|Floette-Eternal, L50, F|
|teampreview|4
|showteam|p1|Raichu||RaichuniteX|LightningRod|Discharge,FakeOut,Protect,RisingVoltage|Modest||M|||50|]Jolteon||LifeOrb|VoltAbsorb|Discharge,RisingVoltage,Protect,VoltSwitch|Modest||M|||50|]Basculegion||ChoiceScarf|Adaptability|AquaJet,LastRespects,FlipTurn,WaveCrash|Adamant||M|||50|]Mamoswine||NeverMeltIce|ThickFat|HighHorsepower,IceShard,IcicleCrash,Protect|Brave||F|||50|]Hydrapple||WhiteHerb|Regenerator|DracoMeteor,GrassKnot,Protect,LeafStorm|Quiet||F|||50|]Blaziken||Blazikenite|SpeedBoost|CloseCombat,Detect,FlareBlitz,Uturn|Adamant||M|||50|
|showteam|p2|Delphox||Delphoxite|Blaze|Protect,NastyPlot,HeatWave,Psychic|Timid||F|||50|]Sneasler||FocusSash|Unburden|Protect,FakeOut,DireClaw,CloseCombat|Jolly||M|||50|]Sinistcha||KasibBerry|Hospitality|Protect,RagePowder,MatchaGotcha,LifeDew|Bold|||||50|]Incineroar||SitrusBerry|Intimidate|FakeOut,FlareBlitz,HelpingHand,PartingShot|Careful||M|||50|]Kingambit||BlackGlasses|Defiant|KowtowCleave,SwordsDance,SuckerPunch,Protect|Adamant||F|||50|]Floette-Eternal||Floettite|FlowerVeil|Moonblast,DazzlingGleam,CalmMind,Protect|Modest||F|||50|
|inactive|Battle timer is ON: inactive players will automatically lose when time's up. (requested by axcoquette)
|inactive|cccfff has 60 seconds left.
|
|t:|1783301925
|teamsize|p1|4
|teamsize|p2|4
|start
|switch|p1a: Raichu|Raichu, L50, M|100/100
|switch|p1b: Blaziken|Blaziken, L50, M|100/100
|switch|p2a: Kingambit|Kingambit, L50, F|100/100
|switch|p2b: Sneasler|Sneasler, L50, M|100/100
|turn|1
|
|t:|1783301949
|switch|p2a: Incineroar|Incineroar, L50, M|100/100
|-ability|p2a: Incineroar|Intimidate|boost
|-unboost|p1a: Raichu|atk|1
|-unboost|p1b: Blaziken|atk|1
|detailschange|p1a: Raichu|Raichu-Mega-X, L50, M
|-mega|p1a: Raichu|Raichu|Raichunite X
|-fieldstart|move: Electric Terrain|[from] ability: Electric Surge|[of] p1a: Raichu
|move|p2b: Sneasler|Protect|p2b: Sneasler
|-singleturn|p2b: Sneasler|Protect
|move|p1a: Raichu|Fake Out|p2a: Incineroar
|-damage|p2a: Incineroar|94/100
|move|p1b: Blaziken|Close Combat|p2a: Incineroar
|-supereffective|p2a: Incineroar|1
|-damage|p2a: Incineroar|15/100
|-unboost|p1b: Blaziken|def|1
|-unboost|p1b: Blaziken|spd|1
|-enditem|p2a: Incineroar|Sitrus Berry|[eat]
|-heal|p2a: Incineroar|40/100|[from] item: Sitrus Berry
|
|-ability|p1b: Blaziken|Speed Boost|boost
|-boost|p1b: Blaziken|spe|1
|upkeep
|turn|2
|inactive|cccfff has 30 seconds left.
|inactive|cccfff has 20 seconds left.
|
|t:|1783301987
|move|p1b: Blaziken|Detect|p1b: Blaziken
|-singleturn|p1b: Blaziken|Protect
|move|p1a: Raichu|Protect|p1a: Raichu
|-singleturn|p1a: Raichu|Protect
|move|p2a: Incineroar|Fake Out|p1b: Blaziken
|-activate|p1b: Blaziken|move: Protect
|move|p2b: Sneasler|Close Combat|p1a: Raichu
|-activate|p1a: Raichu|move: Protect
|
|-ability|p1b: Blaziken|Speed Boost|boost
|-boost|p1b: Blaziken|spe|1
|upkeep
|turn|3
|inactive|cccfff has 30 seconds left.
|
|t:|1783302017
|switch|p2a: Floette|Floette-Eternal, L50, F|100/100
|move|p1b: Blaziken|U-turn|p2b: Sneasler
|-resisted|p2b: Sneasler|2
|-damage|p2b: Sneasler|92/100
|
|t:|1783302022
|switch|p1b: Jolteon|Jolteon, L50, M, shiny|100/100|[from] U-turn
|move|p2b: Sneasler|Close Combat|p1a: Raichu
|-damage|p1a: Raichu|11/100
|-unboost|p2b: Sneasler|def|1
|-unboost|p2b: Sneasler|spd|1
|move|p1a: Raichu|Discharge|p2b: Sneasler|[spread] p2a,p2b
|-immune|p1b: Jolteon|[from] ability: Volt Absorb
|-damage|p2a: Floette|69/100
|-damage|p2b: Sneasler|26/100
|-status|p2b: Sneasler|par
|
|upkeep
|turn|4
|inactive|cccfff has 30 seconds left.
|
|t:|1783302047
|detailschange|p2a: Floette|Floette-Mega, L50, F
|-mega|p2a: Floette|Floette|Floettite
|-ability|p2a: Floette|Fairy Aura
|move|p1b: Jolteon|Protect|p1b: Jolteon
|-singleturn|p1b: Jolteon|Protect
|move|p2a: Floette|Protect|p2a: Floette
|-singleturn|p2a: Floette|Protect
|move|p2b: Sneasler|Protect|p2b: Sneasler
|-singleturn|p2b: Sneasler|Protect
|move|p1a: Raichu|Discharge|p2a: Floette|[spread] 
|-activate|p1b: Jolteon|move: Protect
|-activate|p2a: Floette|move: Protect
|-activate|p2b: Sneasler|move: Protect
|
|upkeep
|turn|5
|inactive|cccfff has 30 seconds left.
|
|t:|1783302076
|switch|p1a: Basculegion|Basculegion, L50, M|100/100
|switch|p2a: Incineroar|Incineroar, L50, M|40/100
|-ability|p2a: Incineroar|Intimidate|boost
|-unboost|p1a: Basculegion|atk|1
|-unboost|p1b: Jolteon|atk|1
|move|p1b: Jolteon|Rising Voltage|p2a: Incineroar
|-hint|Rising Voltage's BP doubled on grounded target.
|-damage|p2a: Incineroar|0 fnt
|faint|p2a: Incineroar
|-damage|p1b: Jolteon|90/100|[from] item: Life Orb
|move|p2b: Sneasler|Dire Claw|p1a: Basculegion
|-resisted|p1a: Basculegion|1
|-damage|p1a: Basculegion|73/100
|
|-fieldend|move: Electric Terrain
|upkeep
|
|t:|1783302092
|switch|p2a: Kingambit|Kingambit, L50, F|100/100
|turn|6
|
|t:|1783302109
|move|p2b: Sneasler|Protect|p2b: Sneasler
|-singleturn|p2b: Sneasler|Protect
|move|p2a: Kingambit|Sucker Punch|p1b: Jolteon
|-damage|p1b: Jolteon|0 fnt
|faint|p1b: Jolteon
|move|p1a: Basculegion|Flip Turn|p2b: Sneasler
|-activate|p2b: Sneasler|move: Protect
|
|upkeep
|
|t:|1783302117
|switch|p1b: Blaziken|Blaziken, L50, M|100/100
|turn|7
|
|t:|1783302137
|switch|p2b: Floette|Floette-Mega, L50, F|69/100
|-ability|p2b: Floette|Fairy Aura
|move|p2a: Kingambit|Sucker Punch|p1a: Basculegion
|-supereffective|p1a: Basculegion|1
|-crit|p1a: Basculegion
|-damage|p1a: Basculegion|0 fnt
|faint|p1a: Basculegion
|move|p1b: Blaziken|Close Combat|p2a: Kingambit
|-supereffective|p2a: Kingambit|2
|-damage|p2a: Kingambit|0 fnt
|-unboost|p1b: Blaziken|def|1
|-unboost|p1b: Blaziken|spd|1
|faint|p2a: Kingambit
|
|-ability|p1b: Blaziken|Speed Boost|boost
|-boost|p1b: Blaziken|spe|1
|upkeep
|
|t:|1783302151
|switch|p1a: Raichu|Raichu-Mega-X, L50, M|11/100
|switch|p2a: Sneasler|Sneasler, L50, M|26/100 par
|-fieldstart|move: Electric Terrain|[from] ability: Electric Surge|[of] p1a: Raichu
|turn|8
|
|t:|1783302169
|move|p1a: Raichu|Fake Out|p2a: Sneasler
|-damage|p2a: Sneasler|8/100 par
|cant|p2a: Sneasler|flinch
|move|p1b: Blaziken|Flare Blitz|p2b: Floette
|-damage|p2b: Floette|5/100
|-damage|p1b: Blaziken|78/100|[from] Recoil
|move|p2b: Floette|Moonblast|p1b: Blaziken
|-damage|p1b: Blaziken|0 fnt
|faint|p1b: Blaziken
|
|upkeep
|turn|9
|
|t:|1783302183
|move|p1a: Raichu|Discharge|p2b: Floette|[spread] p2a,p2b
|-damage|p2a: Sneasler|0 fnt
|-damage|p2b: Floette|0 fnt
|faint|p2a: Sneasler
|faint|p2b: Floette
|
|win|cccfff
|raw|cccfff's rating: 1222 → 1245(+23 for winning)
|raw|axcoquette's rating: 1201 → 1178(-23 for losing)
