|j|☆testdigi
|j|☆spain core
|html|testdigispain core    
|uhtml|bestof|Game 1 of a best-of-3
|t:|1785249255
|gametype|doubles
|player|p1|testdigi|169|1157
|player|p2|spain core|leon|1151
|gen|9
|tier|[Gen 9 Champions] VGC 2026 Reg M-B (Bo3)
|rated|
|rule|Species Clause: Limit one of each Pokémon
|rule|Item Clause: Limit 1 of each item
|clearpoke
|poke|p1|Staraptor, L50, M|
|poke|p1|Garchomp, L50, F|
|poke|p1|Whimsicott, L50, F|
|poke|p1|Delphox, L50, M|
|poke|p1|Glimmora, L50, F|
|poke|p1|Kingambit, L50, F, shiny|
|poke|p2|Kangaskhan, L50, F|
|poke|p2|Farigiraf, L50, M|
|poke|p2|Torkoal, L50, F|
|poke|p2|Hatterene, L50, F|
|poke|p2|Kingambit, L50, F|
|poke|p2|Venusaur, L50, F|
|teampreview|4
|showteam|p1|Staraptor||Staraptite|Intimidate|Protect,Roost,CloseCombat,BraveBird|Jolly||M|||50|]Garchomp||LifeOrb|RoughSkin|Protect,RockSlide,Earthquake,DragonClaw|Jolly||F|||50|]Whimsicott||OccaBerry|Prankster|Moonblast,Tailwind,Charm,LightScreen|Timid||F|||50|]Delphox||Delphoxite|Magician|Protect,Psychic,HeatWave,Substitute|Modest||M|||50|]Glimmora||FocusSash|ToxicDebris|SpikyShield,EarthPower,PowerGem,SludgeBomb|Timid||F|||50|]Kingambit||ChopleBerry|Defiant|KowtowCleave,IronHead,SuckerPunch,LowKick|Adamant||F|||50|
|showteam|p2|Kangaskhan||Kangaskhanite|Scrappy|FakeOut,DoubleEdge,Crunch,DrainPunch|Brave||F|||50|]Farigiraf||SitrusBerry|ArmorTail|Psychic,HyperVoice,TrickRoom,Protect|Quiet||M|||50|]Torkoal||Charcoal|Drought|Eruption,WeatherBall,EarthPower,Protect|Quiet||F|||50|]Hatterene||LifeOrb|MagicBounce|Psychic,DazzlingGleam,Protect,TrickRoom|Quiet||F|||50|]Kingambit||ExpertBelt|Defiant|KowtowCleave,SuckerPunch,IronHead,LowKick|Brave||F|||50|]Venusaur||FocusSash|Chlorophyll|EarthPower,SludgeBomb,SleepPowder,Protect|Modest||F|||50|
|inactive|Battle timer is ON: inactive players will automatically lose when time's up. (requested by spain core)
|inactive|testdigi has 60 seconds left.
|inactive|testdigi has 30 seconds left.
|
|t:|1785249324
|teamsize|p1|4
|teamsize|p2|4
|start
|switch|p1a: Garchomp|Garchomp, L50, F|100/100
|switch|p1b: Delphox|Delphox, L50, M|100/100
|switch|p2a: Kangaskhan|Kangaskhan, L50, F|100/100
|switch|p2b: Farigiraf|Farigiraf, L50, M|100/100
|turn|1
|
|t:|1785249348
|detailschange|p1b: Delphox|Delphox-Mega, L50, M
|-mega|p1b: Delphox|Delphox|Delphoxite
|move|p2a: Kangaskhan|Fake Out|p1a: Garchomp
|-damage|p1a: Garchomp|80/100
|-damage|p2a: Kangaskhan|87/100|[from] ability: Rough Skin|[of] p1a: Garchomp
|move|p1b: Delphox|Heat Wave|p2a: Kangaskhan|[spread] p2b
|-miss|p1b: Delphox|p2a: Kangaskhan
|-damage|p2b: Farigiraf|61/100
|cant|p1a: Garchomp|flinch
|move|p2b: Farigiraf|Trick Room|p2b: Farigiraf
|-fieldstart|move: Trick Room|[of] p2b: Farigiraf
|
|upkeep
|turn|2
|inactive|testdigi has 30 seconds left.
|inactive|spain core has 30 seconds left.
|
|t:|1785249378
|switch|p1a: Glimmora|Glimmora, L50, F|100/100
|detailschange|p2a: Kangaskhan|Kangaskhan-Mega, L50, F
|-mega|p2a: Kangaskhan|Kangaskhan|Kangaskhanite
|move|p1b: Delphox|Protect|p1b: Delphox
|-singleturn|p1b: Delphox|Protect
|move|p2b: Farigiraf|Hyper Voice|p1b: Delphox|[spread] p1a
|-activate|p1b: Delphox|move: Protect
|-resisted|p1a: Glimmora|1
|-damage|p1a: Glimmora|80/100
|move|p2a: Kangaskhan|Double-Edge|p1a: Glimmora
|-resisted|p1a: Glimmora|1
|-damage|p1a: Glimmora|36/100
|-activate|p1a: Glimmora|ability: Toxic Debris
|-sidestart|p2: spain core|move: Toxic Spikes
|-resisted|p1a: Glimmora|1
|-damage|p1a: Glimmora|25/100
|-activate|p1a: Glimmora|ability: Toxic Debris
|-sidestart|p2: spain core|move: Toxic Spikes
|-hitcount|p1a: Glimmora|2
|-damage|p2a: Kangaskhan|73/100|[from] Recoil
|
|upkeep
|turn|3
|
|t:|1785249401
|move|p1a: Glimmora|Spiky Shield|p1a: Glimmora
|-singleturn|p1a: Glimmora|move: Protect
|move|p2b: Farigiraf|Psychic|p1a: Glimmora
|-activate|p1a: Glimmora|move: Protect
|move|p2a: Kangaskhan|Double-Edge|p1b: Delphox
|-damage|p1b: Delphox|14/100
|-damage|p1b: Delphox|0 fnt
|faint|p1b: Delphox
|-hitcount|p1: Delphox|2
|-damage|p2a: Kangaskhan|46/100|[from] Recoil
|
|upkeep
|
|t:|1785249419
|switch|p1b: Kingambit|Kingambit, L50, F, shiny|100/100
|turn|4
|
|t:|1785249428
|switch|p2a: Torkoal|Torkoal, L50, F|100/100
|-status|p2a: Torkoal|tox
|-weather|SunnyDay|[from] ability: Drought|[of] p2a: Torkoal
|switch|p1a: Garchomp|Garchomp, L50, F|80/100
|move|p2b: Farigiraf|Psychic|p1a: Garchomp
|-damage|p1a: Garchomp|30/100
|move|p1b: Kingambit|Kowtow Cleave|p2b: Farigiraf
|-supereffective|p2b: Farigiraf|1
|-damage|p2b: Farigiraf|0 fnt
|faint|p2b: Farigiraf
|
|-weather|SunnyDay|[upkeep]
|-damage|p2a: Torkoal|93/100 tox|[from] psn
|upkeep
|
|t:|1785249444
|switch|p2b: Hatterene|Hatterene, L50, F|100/100
|-status|p2b: Hatterene|tox
|turn|5
|
|t:|1785249451
|switch|p2b: Kangaskhan|Kangaskhan-Mega, L50, F|46/100
|-status|p2b: Kangaskhan|tox
|move|p1a: Garchomp|Protect|p1a: Garchomp
|-singleturn|p1a: Garchomp|Protect
|move|p1b: Kingambit|Sucker Punch|p2a: Torkoal
|-damage|p2a: Torkoal|64/100 tox
|move|p2a: Torkoal|Eruption|p1a: Garchomp|[spread] p1b
|-activate|p1a: Garchomp|move: Protect
|-supereffective|p1b: Kingambit|1
|-damage|p1b: Kingambit|0 fnt
|faint|p1b: Kingambit
|
|-weather|SunnyDay|[upkeep]
|-damage|p2a: Torkoal|52/100 tox|[from] psn
|-damage|p2b: Kangaskhan|39/100 tox|[from] psn
|-fieldend|move: Trick Room
|upkeep
|
|t:|1785249463
|switch|p1b: Glimmora|Glimmora, L50, F|25/100
|turn|6
|
|t:|1785249478
|move|p1b: Glimmora|Spiky Shield|p1b: Glimmora
|-singleturn|p1b: Glimmora|move: Protect
|move|p2b: Kangaskhan|Fake Out|p1a: Garchomp
|-damage|p1a: Garchomp|8/100
|-damage|p2b: Kangaskhan|27/100 tox|[from] ability: Rough Skin|[of] p1a: Garchomp
|-damage|p1a: Garchomp|3/100
|-damage|p2b: Kangaskhan|14/100 tox|[from] ability: Rough Skin|[of] p1a: Garchomp
|-hitcount|p1a: Garchomp|2
|cant|p1a: Garchomp|flinch
|move|p2a: Torkoal|Weather Ball|p1b: Glimmora
|-activate|p1b: Glimmora|move: Protect
|
|-weather|SunnyDay|[upkeep]
|-damage|p2b: Kangaskhan|2/100 tox|[from] psn
|-damage|p2a: Torkoal|33/100 tox|[from] psn
|upkeep
|turn|7
|
|t:|1785249488
|move|p1a: Garchomp|Protect|p1a: Garchomp
|-singleturn|p1a: Garchomp|Protect
|move|p2a: Torkoal|Protect|p2a: Torkoal
|-singleturn|p2a: Torkoal|Protect
|move|p1b: Glimmora|Earth Power|p2a: Torkoal
|-activate|p2a: Torkoal|move: Protect
|move|p2b: Kangaskhan|Double-Edge|p1b: Glimmora
|-resisted|p1b: Glimmora|1
|-damage|p1b: Glimmora|0 fnt
|faint|p1b: Glimmora
|-damage|p2b: Kangaskhan|0 fnt|[from] Recoil
|faint|p2b: Kangaskhan
|
|-weather|SunnyDay|[upkeep]
|-damage|p2a: Torkoal|9/100 tox|[from] psn
|upkeep
|
|t:|1785249492
|switch|p2b: Hatterene|Hatterene, L50, F|100/100 tox
|turn|8
|
|t:|1785249498
|move|p2b: Hatterene|Protect|p2b: Hatterene
|-singleturn|p2b: Hatterene|Protect
|move|p1a: Garchomp|Earthquake|p2a: Torkoal|[spread] p2a
|-activate|p2b: Hatterene|move: Protect
|-supereffective|p2a: Torkoal|1
|-damage|p2a: Torkoal|0 fnt
|faint|p2a: Torkoal
|-damage|p1a: Garchomp|0 fnt|[from] item: Life Orb
|faint|p1a: Garchomp
|
|win|spain core
|l|☆spain core
|player|p2|
||spain core is ready for game 2.
||testdigi is ready for game 2.
|uhtml|next|Next: Game 2 of 3
