|j|☆volkron zz
|j|☆Freedom Nachos
|html|volkron zzFreedom Nachos    
|uhtml|bestof|Game 1 of a best-of-3
|t:|1783094711
|gametype|doubles
|player|p1|volkron zz|heroine2-conquest|1035
|player|p2|Freedom Nachos|giacomo|1000
|gen|9
|tier|[Gen 9 Champions] VGC 2026 Reg M-B (Bo3)
|rated|
|rule|Species Clause: Limit one of each Pokémon
|rule|Item Clause: Limit 1 of each item
|clearpoke
|poke|p1|Gengar, L50, M|
|poke|p1|Decidueye-Hisui, L50, M|
|poke|p1|Ninetales-Alola, L50, M|
|poke|p1|Incineroar, L50, M|
|poke|p1|Aerodactyl, L50, F|
|poke|p1|Weavile, L50, M|
|poke|p2|Mawile, L50, F, shiny|
|poke|p2|Incineroar, L50, M|
|poke|p2|Pelipper, L50, M|
|poke|p2|Sinistcha, L50|
|poke|p2|Garchomp, L50, F|
|poke|p2|Gengar, L50, F|
|teampreview|4
|showteam|p1|Gengar||Gengarite|CursedBody|ShadowBall,SludgeBomb,Protect,Disable|Modest||M|||50|]Decidueye-Hisui||ScopeLens|Scrappy|TripleArrows,LeafBlade,SuckerPunch,Protect|Adamant||M|||50|]Ninetales-Alola||FocusSash|SnowWarning|AuroraVeil,Blizzard,DazzlingGleam,Protect|Timid||M|||50|]Incineroar||SitrusBerry|Intimidate|Taunt,FakeOut,FlareBlitz,PartingShot|Impish||M|||50|]Aerodactyl||Aerodactylite|Unnerve|DualWingbeat,RockSlide,Tailwind,Protect|Jolly||F|||50|]Weavile||LifeOrb|Pickpocket|TripleAxel,LowKick,KnockOff,FakeOut|Jolly||M|||50|
|showteam|p2|Mawile||Mawilite|HyperCutter|IronHead,PlayRough,SuckerPunch,Protect|Brave||F|||50|]Incineroar||PasshoBerry|Intimidate|ThroatChop,FakeOut,PartingShot,Protect|Sassy||M|||50|]Pelipper||FocusSash|Drizzle|WeatherBall,Hurricane,WideGuard,Protect|Modest||M|||50|]Sinistcha||SitrusBerry|Hospitality|MatchaGotcha,RagePowder,TrickRoom,Protect|Calm|||||50|]Garchomp||LifeOrb|RoughSkin|DragonClaw,StompingTantrum,RockSlide,Protect|Adamant||F|||50|]Gengar||Gengarite|CursedBody|ShadowBall,PerishSong,SludgeBomb,Protect|Timid||F|||50|
|inactive|Battle timer is ON: inactive players will automatically lose when time's up. (requested by volkron zz)
|inactive|Freedom Nachos also wants the timer to be on.
|inactive|volkron zz has 60 seconds left.
|inactive|Freedom Nachos has 60 seconds left.
|
|t:|1783094769
|teamsize|p1|4
|teamsize|p2|4
|start
|switch|p1a: Gengar|Gengar, L50, M|100/100
|switch|p1b: Weavile|Weavile, L50, M|100/100
|switch|p2a: Mawile|Mawile, L50, F, shiny|100/100
|switch|p2b: Sinistcha|Sinistcha, L50|100/100
|turn|1
|
|t:|1783094781
|switch|p2b: Incineroar|Incineroar, L50, M|100/100
|-ability|p2b: Incineroar|Intimidate|boost
|-unboost|p1a: Gengar|atk|1
|-unboost|p1b: Weavile|atk|1
|detailschange|p1a: Gengar|Gengar-Mega, L50, M
|-mega|p1a: Gengar|Gengar|Gengarite
|detailschange|p2a: Mawile|Mawile-Mega, L50, F, shiny
|-mega|p2a: Mawile|Mawile|Mawilite
|move|p1b: Weavile|Fake Out|p2a: Mawile
|-resisted|p2a: Mawile|1
|-damage|p2a: Mawile|94/100
|-damage|p1b: Weavile|90/100|[from] item: Life Orb
|move|p1a: Gengar|Shadow Ball|p2b: Incineroar
|-resisted|p2b: Incineroar|1
|-damage|p2b: Incineroar|80/100
|cant|p2a: Mawile|flinch
|
|upkeep
|turn|2
|
|t:|1783094802
|switch|p1b: Incineroar|Incineroar, L50, M|100/100
|-ability|p1b: Incineroar|Intimidate|boost
|-unboost|p2a: Mawile|atk|1
|-unboost|p2b: Incineroar|atk|1
|move|p1a: Gengar|Protect|p1a: Gengar
|-singleturn|p1a: Gengar|Protect
|move|p2b: Incineroar|Fake Out|p1b: Incineroar
|-damage|p1b: Incineroar|94/100
|move|p2a: Mawile|Iron Head|p1b: Incineroar
|-resisted|p1b: Incineroar|1
|-damage|p1b: Incineroar|78/100
|
|upkeep
|turn|3
|
|t:|1783094818
|move|p2a: Mawile|Protect|p2a: Mawile
|-singleturn|p2a: Mawile|Protect
|move|p1b: Incineroar|Fake Out|p2b: Incineroar
|-damage|p2b: Incineroar|71/100
|move|p1a: Gengar|Shadow Ball|p2a: Mawile
|-activate|p2a: Mawile|move: Protect
|cant|p2b: Incineroar|flinch
|
|upkeep
|turn|4
|inactive|volkron zz has 30 seconds left.
|inactive|Freedom Nachos has 30 seconds left.
|inactive|volkron zz has 20 seconds left.
|inactive|volkron zz has 15 seconds left.
|inactive|volkron zz has 10 seconds left.
|inactive|volkron zz has 5 seconds left.
|
|t:|1783094871
|switch|p1a: Decidueye|Decidueye-Hisui, L50, M|100/100
|move|p1b: Incineroar|Flare Blitz|p2a: Mawile
|-supereffective|p2a: Mawile|1
|-damage|p2a: Mawile|7/100
|-damage|p1b: Incineroar|55/100|[from] Recoil
|move|p2b: Incineroar|Parting Shot|p1b: Incineroar
|-unboost|p1b: Incineroar|atk|1
|-unboost|p1b: Incineroar|spa|1
|
|t:|1783094890
|switch|p2b: Garchomp|Garchomp, L50, F|100/100|[from] Parting Shot
|move|p2a: Mawile|Play Rough|p1b: Incineroar
|-damage|p1b: Incineroar|13/100
|-enditem|p1b: Incineroar|Sitrus Berry|[eat]
|-heal|p1b: Incineroar|38/100|[from] item: Sitrus Berry
|
|upkeep
|turn|5
|
|t:|1783094908
|switch|p2a: Incineroar|Incineroar, L50, M|71/100
|-ability|p2a: Incineroar|Intimidate|boost
|-fail|p1a: Decidueye|unboost|Attack|[from] ability: Scrappy|[of] p1a: Decidueye
|-unboost|p1b: Incineroar|atk|1
|move|p2b: Garchomp|Rock Slide|p1b: Incineroar|[spread] p1a,p1b
|-resisted|p1a: Decidueye|1
|-supereffective|p1b: Incineroar|1
|-damage|p1a: Decidueye|83/100
|-damage|p1b: Incineroar|3/100
|-damage|p2b: Garchomp|90/100|[from] item: Life Orb
|move|p1a: Decidueye|Triple Arrows|p2b: Garchomp
|-damage|p2b: Garchomp|45/100
|-unboost|p2b: Garchomp|def|1
|move|p1b: Incineroar|Flare Blitz|p2a: Incineroar
|-resisted|p2a: Incineroar|1
|-damage|p2a: Incineroar|61/100
|-damage|p1b: Incineroar|1/100|[from] Recoil
|
|upkeep
|turn|6
|inactive|Freedom Nachos has 30 seconds left.
|
|t:|1783094942
|switch|p1b: Gengar|Gengar-Mega, L50, M|100/100
|move|p1a: Decidueye|Protect|p1a: Decidueye
|-singleturn|p1a: Decidueye|Protect
|move|p2a: Incineroar|Protect|p2a: Incineroar
|-singleturn|p2a: Incineroar|Protect
|move|p2b: Garchomp|Dragon Claw|p1a: Decidueye
|-activate|p1a: Decidueye|move: Protect
|
|upkeep
|turn|7
|inactive|Freedom Nachos has 30 seconds left.
|
|t:|1783094970
|switch|p1b: Incineroar|Incineroar, L50, M|1/100
|-ability|p1b: Incineroar|Intimidate|boost
|-unboost|p2a: Incineroar|atk|1
|-unboost|p2b: Garchomp|atk|1
|move|p2b: Garchomp|Rock Slide|p1a: Decidueye|[spread] p1a,p1b
|-resisted|p1a: Decidueye|1
|-supereffective|p1b: Incineroar|1
|-damage|p1a: Decidueye|71/100
|-damage|p1b: Incineroar|0 fnt
|faint|p1b: Incineroar
|-damage|p2b: Garchomp|35/100|[from] item: Life Orb
|cant|p1a: Decidueye|flinch
|move|p2a: Incineroar|Throat Chop|p1a: Decidueye
|-resisted|p1a: Decidueye|1
|-damage|p1a: Decidueye|57/100
|-start|p1a: Decidueye|Throat Chop|[silent]
|
|upkeep
|
|t:|1783094987
|switch|p1b: Weavile|Weavile, L50, M|90/100
|turn|8
|
|t:|1783094996
|switch|p2b: Mawile|Mawile-Mega, L50, F, shiny|7/100
|switch|p2a: Sinistcha|Sinistcha, L50|100/100
|-heal|p2b: Mawile|31/100|[from] ability: Hospitality|[of] p2a: Sinistcha
|move|p1b: Weavile|Fake Out|p2a: Sinistcha
|-immune|p2a: Sinistcha
|move|p1a: Decidueye|Sucker Punch||[still]
|-fail|p1a: Decidueye
|
|-end|p1a: Decidueye|Throat Chop|[silent]
|upkeep
|turn|9
|inactive|volkron zz has 30 seconds left.
|inactive|volkron zz has 20 seconds left.
|inactive|volkron zz has 15 seconds left.
|inactive|volkron zz has 10 seconds left.
|inactive|volkron zz has 5 seconds left.
|
|t:|1783095052
|switch|p2a: Incineroar|Incineroar, L50, M|61/100
|-ability|p2a: Incineroar|Intimidate|boost
|-fail|p1a: Decidueye|unboost|Attack|[from] ability: Scrappy|[of] p1a: Decidueye
|-unboost|p1b: Weavile|atk|1
|move|p2b: Mawile|Protect|p2b: Mawile
|-singleturn|p2b: Mawile|Protect
|move|p1b: Weavile|Triple Axel|p2a: Incineroar
|-resisted|p2a: Incineroar|1
|-damage|p2a: Incineroar|57/100
|-resisted|p2a: Incineroar|1
|-damage|p2a: Incineroar|49/100
|-resisted|p2a: Incineroar|1
|-crit|p2a: Incineroar
|-damage|p2a: Incineroar|22/100
|-hitcount|p2a: Incineroar|3
|-damage|p1b: Weavile|80/100|[from] item: Life Orb
|move|p1a: Decidueye|Triple Arrows|p2b: Mawile
|-activate|p2b: Mawile|move: Protect
|
|upkeep
|turn|10
|inactive|Freedom Nachos has 30 seconds left.
|inactive|Freedom Nachos has 20 seconds left.
|
|t:|1783095091
|switch|p2b: Sinistcha|Sinistcha, L50|100/100
|-heal|p2a: Incineroar|47/100|[from] ability: Hospitality|[of] p2b: Sinistcha
|move|p2a: Incineroar|Fake Out|p1a: Decidueye
|-damage|p1a: Decidueye|43/100
|move|p1b: Weavile|Low Kick|p2a: Incineroar
|-supereffective|p2a: Incineroar|1
|-damage|p2a: Incineroar|10/100
|-damage|p1b: Weavile|71/100|[from] item: Life Orb
|cant|p1a: Decidueye|flinch
|
|upkeep
|turn|11
|inactive|volkron zz has 30 seconds left.
|inactive|Freedom Nachos has 30 seconds left.
|inactive|volkron zz has 20 seconds left.
|inactive|volkron zz has 15 seconds left.
|
|t:|1783095131
|move|p2a: Incineroar|Protect|p2a: Incineroar
|-singleturn|p2a: Incineroar|Protect
|move|p1b: Weavile|Low Kick|p2a: Incineroar
|-activate|p2a: Incineroar|move: Protect
|move|p1a: Decidueye|Triple Arrows|p2b: Sinistcha
|-damage|p2b: Sinistcha|58/100
|move|p2b: Sinistcha|Matcha Gotcha|p1a: Decidueye|[spread] p1a,p1b
|-resisted|p1a: Decidueye|1
|-damage|p1a: Decidueye|30/100
|-heal|p2b: Sinistcha|64/100|[from] drain|[of] p1a: Decidueye
|-damage|p1b: Weavile|40/100
|-heal|p2b: Sinistcha|77/100|[from] drain|[of] p1b: Weavile
|
|upkeep
|turn|12
|inactive|Freedom Nachos has 30 seconds left.
|
|t:|1783095159
|switch|p2a: Garchomp|Garchomp, L50, F|35/100
|move|p2b: Sinistcha|Protect|p2b: Sinistcha
|-singleturn|p2b: Sinistcha|Protect
|move|p1b: Weavile|Low Kick|p2a: Garchomp
|-damage|p2a: Garchomp|15/100
|-damage|p1b: Weavile|27/100|[from] ability: Rough Skin|[of] p2a: Garchomp
|-damage|p1b: Weavile|18/100|[from] item: Life Orb
|move|p1a: Decidueye|Triple Arrows|p2b: Sinistcha
|-activate|p2b: Sinistcha|move: Protect
|
|upkeep
|turn|13
|
|t:|1783095180
|move|p1a: Decidueye|Protect|p1a: Decidueye
|-singleturn|p1a: Decidueye|Protect
|move|p2b: Sinistcha|Rage Powder|p2b: Sinistcha
|-singleturn|p2b: Sinistcha|move: Rage Powder
|move|p1b: Weavile|Triple Axel|p2b: Sinistcha
|-supereffective|p2b: Sinistcha|1
|-damage|p2b: Sinistcha|60/100
|-supereffective|p2b: Sinistcha|1
|-damage|p2b: Sinistcha|29/100
|-enditem|p2b: Sinistcha|Sitrus Berry|[eat]
|-heal|p2b: Sinistcha|54/100|[from] item: Sitrus Berry
|-supereffective|p2b: Sinistcha|1
|-damage|p2b: Sinistcha|10/100
|-hitcount|p2b: Sinistcha|3
|-damage|p1b: Weavile|8/100|[from] item: Life Orb
|move|p2a: Garchomp|Rock Slide|p1a: Decidueye|[spread] p1b
|-activate|p1a: Decidueye|move: Protect
|-supereffective|p1b: Weavile|1
|-damage|p1b: Weavile|0 fnt
|faint|p1b: Weavile
|-damage|p2a: Garchomp|6/100|[from] item: Life Orb
|
|upkeep
|inactive|volkron zz has 30 seconds left.
|inactive|volkron zz has 20 seconds left.
|
|t:|1783095218
|switch|p1b: Gengar|Gengar-Mega, L50, M|100/100
|turn|14
|
|t:|1783095236
|move|p2b: Sinistcha|Rage Powder|p2b: Sinistcha
|-singleturn|p2b: Sinistcha|move: Rage Powder
|move|p1a: Decidueye|Sucker Punch|p2a: Garchomp
|-damage|p2a: Garchomp|0 fnt
|-damage|p1a: Decidueye|18/100|[from] ability: Rough Skin|[of] p2a: Garchomp
|faint|p2a: Garchomp
|move|p1b: Gengar|Shadow Ball|p2b: Sinistcha
|-supereffective|p2b: Sinistcha|1
|-damage|p2b: Sinistcha|0 fnt
|faint|p2b: Sinistcha
|
|upkeep
|
|t:|1783095247
|switch|p2a: Mawile|Mawile-Mega, L50, F, shiny|31/100
|switch|p2b: Incineroar|Incineroar, L50, M|10/100
|-ability|p2b: Incineroar|Intimidate|boost
|-fail|p1a: Decidueye|unboost|Attack|[from] ability: Scrappy|[of] p1a: Decidueye
|-unboost|p1b: Gengar|atk|1
|turn|15
|
|t:|1783095271
|move|p1a: Decidueye|Protect|p1a: Decidueye
|-singleturn|p1a: Decidueye|Protect
|move|p2b: Incineroar|Fake Out|p1a: Decidueye
|-activate|p1a: Decidueye|move: Protect
|move|p2a: Mawile|Sucker Punch|p1b: Gengar
|-supereffective|p1b: Gengar|1
|-damage|p1b: Gengar|0 fnt
|faint|p1b: Gengar
|
|upkeep
|turn|16
|
|t:|1783095290
|move|p2a: Mawile|Sucker Punch|p1a: Decidueye
|-resisted|p1a: Decidueye|1
|-damage|p1a: Decidueye|0 fnt
|faint|p1a: Decidueye
|
|win|Freedom Nachos
|l|☆volkron zz
|player|p1|
|raw|volkron zz's rating: 1035 → 1018(-17 for losing)
|raw|Freedom Nachos's rating: 1000 → 1044(+44 for winning)
