|j|‽CaratroncoSun
|j|☆Passevgc
|html|CaratroncoSunPassevgc    
|uhtml|bestof|Game 1 of a best-of-3
|t:|1784108673
|gametype|doubles
|player|p1|CaratroncoSun|juan|1333
|player|p2|Passevgc|brycenman|1208
|gen|9
|tier|[Gen 9 Champions] VGC 2026 Reg M-B (Bo3)
|rated|
|rule|Species Clause: Limit one of each Pokémon
|rule|Item Clause: Limit 1 of each item
|clearpoke
|poke|p1|Charizard, L50, M, shiny|
|poke|p1|Venusaur, L50, M, shiny|
|poke|p1|Whimsicott, L50, M, shiny|
|poke|p1|Basculegion, L50, M|
|poke|p1|Garchomp, L50, F, shiny|
|poke|p1|Tyranitar, L50, M|
|poke|p2|Charizard, L50, M|
|poke|p2|Venusaur, L50, M|
|poke|p2|Grimmsnarl, L50, M|
|poke|p2|Archaludon, L50, M|
|poke|p2|Pelipper, L50, M|
|poke|p2|Basculegion, L50, M|
|teampreview|4
|showteam|p1|Charizard||CharizarditeY|Blaze|Protect,SolarBeam,HeatWave,AirSlash|Modest||M|||50|]Venusaur||WideLens|Chlorophyll|Protect,GigaDrain,EarthPower,SleepPowder|Modest||M|||50|]Whimsicott||FocusSash|Prankster|Protect,Moonblast,Tailwind,Encore|Timid||M|||50|]Basculegion||MysticWater|Adaptability|Protect,AquaJet,WaveCrash,LastRespects|Adamant||M|||50|]Garchomp||RoseliBerry|RoughSkin|Protect,PoisonJab,StompingTantrum,StoneEdge|Jolly||F|||50|]Tyranitar||Tyranitarite|SandStream|Protect,RockSlide,KnockOff,LowKick|Adamant||M|||50|
|showteam|p2|Charizard||CharizarditeY|Blaze|HeatWave,WeatherBall,Hurricane,Protect|Modest||M|||50|]Venusaur||FocusSash|Chlorophyll|Protect,SludgeBomb,EarthPower,SleepPowder|Modest||M|||50|]Grimmsnarl||LightClay|Prankster|SpiritBreak,PartingShot,Reflect,LightScreen|Careful||M|||50|]Archaludon||Leftovers|Stamina|ElectroShot,DragonPulse,FlashCannon,Protect|Calm||M|||50|]Pelipper||SitrusBerry|Drizzle|WeatherBall,Hurricane,Tailwind,WideGuard|Modest||M|||50|]Basculegion||ChoiceScarf|Adaptability|WaveCrash,FlipTurn,AquaJet,LastRespects|Jolly||M|||50|
|inactive|Battle timer is ON: inactive players will automatically lose when time's up. (requested by Passevgc)
|
|t:|1784108734
|teamsize|p1|4
|teamsize|p2|4
|start
|switch|p1a: Whimsicott|Whimsicott, L50, M, shiny|100/100
|switch|p1b: Tyranitar|Tyranitar, L50, M|100/100
|switch|p2a: Grimmsnarl|Grimmsnarl, L50, M|100/100
|switch|p2b: Basculegion|Basculegion, L50, M|100/100
|-weather|Sandstorm|[from] ability: Sand Stream|[of] p1b: Tyranitar
|turn|1
|inactive|CaratroncoSun has 30 seconds left.
|inactive|Passevgc has 30 seconds left.
|
|t:|1784108764
|move|p1b: Tyranitar|Protect|p1b: Tyranitar
|-singleturn|p1b: Tyranitar|Protect
|move|p2a: Grimmsnarl|Reflect|p2a: Grimmsnarl
|-sidestart|p2: Passevgc|Reflect
|move|p2b: Basculegion|Flip Turn|p1a: Whimsicott
|-resisted|p1a: Whimsicott|1
|-damage|p1a: Whimsicott|73/100
|
|t:|1784108772
|switch|p2b: Archaludon|Archaludon, L50, M|100/100|[from] Flip Turn
|move|p1a: Whimsicott|Moonblast|p2b: Archaludon
|-damage|p2b: Archaludon|65/100
|-ability|p2b: Archaludon|Stamina|boost
|-boost|p2b: Archaludon|def|1
|
|-weather|Sandstorm|[upkeep]
|-damage|p1a: Whimsicott|67/100|[from] Sandstorm
|-damage|p2a: Grimmsnarl|94/100|[from] Sandstorm
|-heal|p2b: Archaludon|72/100|[from] item: Leftovers
|upkeep
|turn|2
|
|t:|1784108790
|move|p2b: Archaludon|Protect|p2b: Archaludon
|-singleturn|p2b: Archaludon|Protect
|move|p2a: Grimmsnarl|Light Screen|p2a: Grimmsnarl
|-sidestart|p2: Passevgc|move: Light Screen
|move|p1a: Whimsicott|Moonblast|p2a: Grimmsnarl
|-supereffective|p2a: Grimmsnarl|1
|-damage|p2a: Grimmsnarl|51/100
|move|p1b: Tyranitar|Knock Off|p2b: Archaludon
|-activate|p2b: Archaludon|move: Protect
|
|-weather|Sandstorm|[upkeep]
|-damage|p1a: Whimsicott|61/100|[from] Sandstorm
|-damage|p2a: Grimmsnarl|46/100|[from] Sandstorm
|-heal|p2b: Archaludon|78/100|[from] item: Leftovers
|upkeep
|turn|3
|inactive|Passevgc has 30 seconds left.
|
|t:|1784108822
|move|p2a: Grimmsnarl|Parting Shot|p1a: Whimsicott
|-unboost|p1a: Whimsicott|atk|1
|-unboost|p1a: Whimsicott|spa|1
|
|t:|1784108825
|switch|p2a: Pelipper|Pelipper, L50, M|100/100|[from] Parting Shot
|-weather|RainDance|[from] ability: Drizzle|[of] p2a: Pelipper
|move|p1a: Whimsicott|Moonblast|p2a: Pelipper
|-damage|p2a: Pelipper|76/100
|move|p2b: Archaludon|Flash Cannon|p1a: Whimsicott
|-supereffective|p1a: Whimsicott|1
|-damage|p1a: Whimsicott|0 fnt
|faint|p1a: Whimsicott
|move|p1b: Tyranitar|Knock Off|p2b: Archaludon
|-damage|p2b: Archaludon|57/100
|-ability|p2b: Archaludon|Stamina|boost
|-boost|p2b: Archaludon|def|1
|-enditem|p2b: Archaludon|Leftovers|[from] move: Knock Off|[of] p1b: Tyranitar
|
|-weather|RainDance|[upkeep]
|upkeep
|
|t:|1784108843
|switch|p1a: Charizard|Charizard, L50, M, shiny|100/100
|turn|4
|
|t:|1784108868
|switch|p2a: Grimmsnarl|Grimmsnarl, L50, M|46/100
|detailschange|p1a: Charizard|Charizard-Mega-Y, L50, M, shiny
|-mega|p1a: Charizard|Charizard|Charizardite Y
|-weather|SunnyDay|[from] ability: Drought|[of] p1a: Charizard
|move|p2b: Archaludon|Protect|p2b: Archaludon
|-singleturn|p2b: Archaludon|Protect
|move|p1a: Charizard|Heat Wave|p2a: Grimmsnarl|[spread] p2a
|-activate|p2b: Archaludon|move: Protect
|-damage|p2a: Grimmsnarl|5/100
|move|p1b: Tyranitar|Knock Off|p2a: Grimmsnarl
|-resisted|p2a: Grimmsnarl|2
|-damage|p2a: Grimmsnarl|0 fnt
|-enditem|p2a: Grimmsnarl|Light Clay|[from] move: Knock Off|[of] p1b: Tyranitar
|faint|p2a: Grimmsnarl
|
|-weather|SunnyDay|[upkeep]
|upkeep
|
|t:|1784108880
|switch|p2a: Pelipper|Pelipper, L50, M|76/100
|-weather|RainDance|[from] ability: Drizzle|[of] p2a: Pelipper
|turn|5
|
|t:|1784108896
|switch|p2a: Basculegion|Basculegion, L50, M|100/100
|switch|p1b: Venusaur|Venusaur, L50, M, shiny|100/100
|move|p1a: Charizard|Protect|p1a: Charizard
|-singleturn|p1a: Charizard|Protect
|move|p2b: Archaludon|Electro Shot||[still]
|-prepare|p2b: Archaludon|Electro Shot
|-boost|p2b: Archaludon|spa|1
|-anim|p2b: Archaludon|Electro Shot|p1b: Venusaur
|-resisted|p1b: Venusaur|1
|-damage|p1b: Venusaur|69/100
|
|-weather|RainDance|[upkeep]
|upkeep
|turn|6
|inactive|Passevgc has 30 seconds left.
|inactive|Passevgc has 20 seconds left.
|inactive|Passevgc has 15 seconds left.
|
|t:|1784108938
|switch|p1a: Tyranitar|Tyranitar, L50, M|100/100
|-weather|Sandstorm|[from] ability: Sand Stream|[of] p1a: Tyranitar
|move|p1b: Venusaur|Protect|p1b: Venusaur
|-singleturn|p1b: Venusaur|Protect
|move|p2a: Basculegion|Wave Crash|p1a: Tyranitar
|-supereffective|p1a: Tyranitar|1
|-damage|p1a: Tyranitar|0 fnt
|faint|p1a: Tyranitar
|-damage|p2a: Basculegion|68/100|[from] Recoil
|move|p2b: Archaludon|Dragon Pulse|p1b: Venusaur
|-activate|p1b: Venusaur|move: Protect
|
|-weather|Sandstorm|[upkeep]
|-damage|p2a: Basculegion|62/100|[from] Sandstorm
|-damage|p1b: Venusaur|62/100|[from] Sandstorm
|upkeep
|
|t:|1784108953
|switch|p1a: Charizard|Charizard-Mega-Y, L50, M, shiny|100/100
|-weather|SunnyDay|[from] ability: Drought|[of] p1a: Charizard
|turn|7
|
|t:|1784108966
|switch|p2a: Pelipper|Pelipper, L50, M|76/100
|-weather|RainDance|[from] ability: Drizzle|[of] p2a: Pelipper
|move|p1a: Charizard|Air Slash|p2a: Pelipper
|-damage|p2a: Pelipper|31/100
|-enditem|p2a: Pelipper|Sitrus Berry|[eat]
|-heal|p2a: Pelipper|56/100|[from] item: Sitrus Berry
|move|p1b: Venusaur|Sleep Powder|p2b: Archaludon
|-status|p2b: Archaludon|slp|[from] move: Sleep Powder
|cant|p2b: Archaludon|slp
|
|-weather|RainDance|[upkeep]
|upkeep
|turn|8
|inactive|CaratroncoSun has 30 seconds left.
|
|t:|1784108991
|move|p1a: Charizard|Air Slash|p2a: Pelipper
|-damage|p2a: Pelipper|9/100
|move|p1b: Venusaur|Giga Drain|p2a: Pelipper
|-damage|p2a: Pelipper|0 fnt
|-heal|p1b: Venusaur|67/100|[from] drain|[of] p2a: Pelipper
|faint|p2a: Pelipper
|cant|p2b: Archaludon|slp
|
|-weather|RainDance|[upkeep]
|-sideend|p2: Passevgc|Reflect
|upkeep
|
|t:|1784108998
|switch|p2a: Basculegion|Basculegion, L50, M|62/100
|turn|9
|
|t:|1784109011
|move|p2a: Basculegion|Last Respects|p1b: Venusaur
|-damage|p1b: Venusaur|0 fnt
|faint|p1b: Venusaur
|move|p1a: Charizard|Air Slash|p2a: Basculegion
|-damage|p2a: Basculegion|26/100
|-curestatus|p2b: Archaludon|slp|[msg]
|move|p2b: Archaludon|Electro Shot||[still]
|-prepare|p2b: Archaludon|Electro Shot
|-boost|p2b: Archaludon|spa|1
|-anim|p2b: Archaludon|Electro Shot|p1a: Charizard
|-supereffective|p1a: Charizard|1
|-damage|p1a: Charizard|0 fnt
|faint|p1a: Charizard
|
|win|Passevgc
