|j|☆Sammias
|j|☆Mateadelvgc
|html|SammiasMateadelvgc    
|uhtml|bestof|Game 2 of a best-of-3
|t:|1756152308
|gametype|doubles
|player|p1|Sammias|miku-ground|1133
|player|p2|Mateadelvgc|giovanni|1218
|gen|9
|tier|[Gen 9] VGC 2025 Reg H (Bo3)
|rated|
|rule|Species Clause: Limit one of each Pokémon
|rule|Item Clause: Limit 1 of each item
|clearpoke
|poke|p1|Torkoal, L50, M|
|poke|p1|Typhlosion-Hisui, L50, M|
|poke|p1|Indeedee-F, L50, F|
|poke|p1|Amoonguss, L50, F|
|poke|p1|Sneasler, L50, M|
|poke|p1|Primarina, L50, F|
|poke|p2|Rillaboom, L50, M|
|poke|p2|Maushold-Four, L50|
|poke|p2|Dragonite, L50, M|
|poke|p2|Gholdengo, L50|
|poke|p2|Ursaluna-Bloodmoon, L50, M|
|poke|p2|Annihilape, L50, M|
|teampreview|4
|showteam|p1|Torkoal||Charcoal|Drought|Eruption,Overheat,EarthPower,Protect|||M|||50|,,,,,Fire]Typhlosion-Hisui||ChoiceScarf|Blaze|Eruption,HeatWave,ShadowBall,SolarBeam|||M|||50|,,,,,Fire]Indeedee-F||SitrusBerry|PsychicSurge|FollowMe,TrickRoom,HelpingHand,Psychic|||F|||50|,,,,,Fairy]Amoonguss||RockyHelmet|Regenerator|RagePowder,Spore,ClearSmog,PollenPuff|||F|||50|,,,,,Psychic]Sneasler||PsychicSeed|Unburden|DireClaw,CloseCombat,Taunt,Protect|||M|||50|,,,,,Dark]Primarina||ThroatSpray|LiquidVoice|HyperVoice,Moonblast,CalmMind,Protect|||F|||50|,,,,,Poison
|showteam|p2|Rillaboom||MiracleSeed|GrassySurge|WoodHammer,GrassyGlide,FakeOut,HighHorsepower|||M|||50|,,,,,Fire]Maushold-Four||WideLens|Technician|PopulationBomb,FollowMe,BeatUp,Protect||||||50|,,,,,Ghost]Dragonite||LoadedDice|Multiscale|Tailwind,ExtremeSpeed,Protect,ScaleShot|||M|||50|,,,,,Steel]Gholdengo||LifeOrb|GoodasGold|MakeItRain,ShadowBall,NastyPlot,Protect||||||50|,,,,,Water]Ursaluna-Bloodmoon||AssaultVest|MindsEye|VacuumWave,BloodMoon,HyperVoice,EarthPower|||M|||50|,,,,,Poison]Annihilape||SafetyGoggles|Defiant|DrainPunch,RageFist,BulkUp,Protect|||M|||50|,,,,,Fire
|inactive|Battle timer is ON: inactive players will automatically lose when time's up. (requested by Sammias)
|inactive|Sammias has 60 seconds left.
|inactive|Mateadelvgc has 60 seconds left.
|
|t:|1756152353
|teamsize|p1|4
|teamsize|p2|4
|start
|switch|p1a: Amoonguss|Amoonguss, L50, F|100/100
|switch|p1b: Typhlosion|Typhlosion-Hisui, L50, M|100/100
|switch|p2a: Dragonite|Dragonite, L50, M, shiny|100/100
|switch|p2b: Gholdengo|Gholdengo, L50, shiny|100/100
|turn|1
|inactive|Mateadelvgc has 30 seconds left.
|
|t:|1756152382
|-terastallize|p2b: Gholdengo|Water
|move|p1b: Typhlosion|Shadow Ball|p2b: Gholdengo
|-damage|p2b: Gholdengo|54/100
|move|p2b: Gholdengo|Nasty Plot|p2b: Gholdengo
|-boost|p2b: Gholdengo|spa|2
|move|p2a: Dragonite|Tailwind|p2a: Dragonite
|-sidestart|p2: Mateadelvgc|move: Tailwind
|move|p1a: Amoonguss|Spore|p2a: Dragonite
|-status|p2a: Dragonite|slp|[from] move: Spore
|
|upkeep
|turn|2
|inactive|Mateadelvgc has 30 seconds left.
|
|t:|1756152410
|move|p2b: Gholdengo|Shadow Ball|p1b: Typhlosion
|-supereffective|p1b: Typhlosion
|-damage|p1b: Typhlosion|0 fnt
|faint|p1b: Typhlosion
|-damage|p2b: Gholdengo|45/100|[from] item: Life Orb
|cant|p2a: Dragonite|slp
|move|p1a: Amoonguss|Pollen Puff|p1: Typhlosion|[notarget]
|-fail|p1a: Amoonguss
|
|upkeep
|
|t:|1756152416
|switch|p1b: Indeedee|Indeedee-F, L50, F|100/100
|-fieldstart|move: Psychic Terrain|[from] ability: Psychic Surge|[of] p1b: Indeedee
|turn|3
|
|t:|1756152437
|move|p2b: Gholdengo|Make It Rain|p1b: Indeedee|[spread] p1a,p1b
|-damage|p1a: Amoonguss|0 fnt
|-damage|p1b: Indeedee|15/100
|-unboost|p2b: Gholdengo|spa|1
|-enditem|p1b: Indeedee|Sitrus Berry|[eat]
|-heal|p1b: Indeedee|39/100|[from] item: Sitrus Berry
|faint|p1a: Amoonguss
|-damage|p2b: Gholdengo|35/100|[from] item: Life Orb
|cant|p2a: Dragonite|slp
|move|p1b: Indeedee|Trick Room|p1b: Indeedee
|-fieldstart|move: Trick Room|[of] p1b: Indeedee
|
|upkeep
|
|t:|1756152449
|switch|p1a: Primarina|Primarina, L50, F|100/100
|turn|4
|
|t:|1756152467
|-terastallize|p1b: Indeedee|Fairy
|move|p1b: Indeedee|Helping Hand|p1a: Primarina
|-singleturn|p1a: Primarina|Helping Hand|[of] p1b: Indeedee
|move|p2b: Gholdengo|Protect|p2b: Gholdengo
|-singleturn|p2b: Gholdengo|Protect
|move|p1a: Primarina|Hyper Voice|p2a: Dragonite|[spread] p2a
|-activate|p2b: Gholdengo|move: Protect
|-resisted|p2a: Dragonite
|-damage|p2a: Dragonite|87/100 slp
|-enditem|p1a: Primarina|Throat Spray
|-boost|p1a: Primarina|spa|1|[from] item: Throat Spray
|-curestatus|p2a: Dragonite|slp|[msg]
|move|p2a: Dragonite|Scale Shot|p1b: Indeedee
|-immune|p1b: Indeedee
|
|-sideend|p2: Mateadelvgc|move: Tailwind
|upkeep
|turn|5
|inactive|Sammias has 30 seconds left.
|inactive|Mateadelvgc has 30 seconds left.
|
|t:|1756152501
|switch|p2b: Rillaboom|Rillaboom, L50, M, shiny|100/100
|-fieldstart|move: Grassy Terrain|[from] ability: Grassy Surge|[of] p2b: Rillaboom
|move|p1b: Indeedee|Helping Hand|p1a: Primarina
|-singleturn|p1a: Primarina|Helping Hand|[of] p1b: Indeedee
|move|p2a: Dragonite|Extreme Speed|p1b: Indeedee
|-damage|p1b: Indeedee|0 fnt
|faint|p1b: Indeedee
|move|p1a: Primarina|Hyper Voice|p2a: Dragonite|[spread] p2a,p2b
|-resisted|p2a: Dragonite
|-resisted|p2b: Rillaboom
|-damage|p2a: Dragonite|45/100
|-damage|p2b: Rillaboom|52/100
|
|-heal|p2b: Rillaboom|58/100|[from] Grassy Terrain
|upkeep
|turn|6
|
|t:|1756152519
|move|p2a: Dragonite|Extreme Speed|p1a: Primarina
|-damage|p1a: Primarina|62/100
|move|p2b: Rillaboom|Grassy Glide|p1a: Primarina
|-supereffective|p1a: Primarina
|-damage|p1a: Primarina|0 fnt
|faint|p1a: Primarina
|
|win|Mateadelvgc
|raw|Sammias's rating: 1133 → 1114(-19 for losing)
|raw|Mateadelvgc's rating: 1218 → 1237(+19 for winning)
|c|☆Sammias|ggwp
|c|☆Mateadelvgc|gg thx
