|j|☆raikudosenien
|j|☆Rinirin
|html|raikudosenienRinirin    
|uhtml|bestof|Game 1 of a best-of-3
|t:|1784904148
|gametype|doubles
|player|p1|raikudosenien|170|1043
|player|p2|Rinirin|lacey|1110
|gen|9
|tier|[Gen 9 Champions] VGC 2026 Reg M-B (Bo3)
|rated|
|rule|Species Clause: Limit one of each Pokémon
|rule|Item Clause: Limit 1 of each item
|clearpoke
|poke|p1|Blaziken, L50, F|
|poke|p1|Toxapex, L50, M|
|poke|p1|Garchomp, L50, F|
|poke|p1|Zoroark-Hisui, L50, M|
|poke|p1|Incineroar, L50, M|
|poke|p1|Grimmsnarl, L50, M|
|poke|p2|Blaziken, L50, F|
|poke|p2|Kingambit, L50, F|
|poke|p2|Vanilluxe, L50, F|
|poke|p2|Dragonite, L50, M|
|poke|p2|Venusaur, L50, F|
|poke|p2|Grimmsnarl, L50, M|
|teampreview|4
|showteam|p1|Blaziken||Blazikenite|SpeedBoost|BlazeKick,CloseCombat,RockSlide,Detect|Adamant||F|||50|]Toxapex||Leftovers|Regenerator|Infestation,Toxic,BanefulBunker,Recover|Calm||M|||50|]Garchomp||LifeOrb|RoughSkin|StompingTantrum,ScaleShot,BrickBreak,RockSlide|Jolly||F|||50|]Zoroark-Hisui||ChoiceScarf|Illusion|Snarl,BitterMalice,HyperBeam,IcyWind|Modest||M|||50|]Incineroar||BlackGlasses|Intimidate|DarkestLariat,FlareBlitz,PartingShot,FakeOut|Adamant||M|||50|]Grimmsnarl||FairyFeather|Prankster|PartingShot,FakeOut,SpiritBreak,SuckerPunch|Adamant||M|||50|
|showteam|p2|Blaziken||Blazikenite|SpeedBoost|CloseCombat,FlareBlitz,Protect,RockSlide|Adamant||F|||50|]Kingambit||BlackGlasses|Defiant|KowtowCleave,SuckerPunch,IronHead,Protect|Adamant||F|||50|]Vanilluxe||ChoiceScarf|SnowWarning|Blizzard,FreezeDry,IcyWind,AuroraVeil|Timid||F|||50|]Dragonite||LifeOrb|InnerFocus|DragonClaw,LowKick,Protect,ExtremeSpeed|Adamant||M|||50|]Venusaur||Venusaurite|Chlorophyll|SludgeBomb,EarthPower,Protect,SleepPowder|Modest||F|||50|]Grimmsnarl||LightClay|Prankster|SpiritBreak,FoulPlay,PartingShot,LightScreen|Impish||M|||50|
|inactive|Battle timer is ON: inactive players will automatically lose when time's up. (requested by Rinirin)
|
|t:|1784904193
|teamsize|p1|4
|teamsize|p2|4
|start
|switch|p1a: Toxapex|Toxapex, L50, M|100/100
|switch|p1b: Grimmsnarl|Grimmsnarl, L50, M|100/100
|switch|p2a: Blaziken|Blaziken, L50, F|100/100
|switch|p2b: Kingambit|Kingambit, L50, F|100/100
|turn|1
|inactive|raikudosenien has 30 seconds left.
|inactive|Rinirin has 30 seconds left.
|inactive|Rinirin has 20 seconds left.
|
|t:|1784904231
|detailschange|p2a: Blaziken|Blaziken-Mega, L50, F
|-mega|p2a: Blaziken|Blaziken|Blazikenite
|move|p1b: Grimmsnarl|Fake Out|p2b: Kingambit
|-resisted|p2b: Kingambit|1
|-damage|p2b: Kingambit|94/100
|move|p1a: Toxapex|Hyper Beam|p2a: Blaziken
|-damage|p2a: Blaziken|0 fnt
|-mustrecharge|p1a: Toxapex
|faint|p2a: Blaziken
|cant|p2b: Kingambit|flinch
|
|upkeep
|
|t:|1784904244
|switch|p2a: Dragonite|Dragonite, L50, M|100/100
|turn|2
|
|t:|1784904250
|cant|p1a: Toxapex|recharge
|move|p2a: Dragonite|Dragon Claw|p1a: Toxapex
|-damage|p1a: Toxapex|0 fnt
|replace|p1a: Zoroark|Zoroark-Hisui, L50, M
|-end|p1a: Zoroark|Illusion
|faint|p1a: Zoroark
|-damage|p2a: Dragonite|90/100|[from] item: Life Orb
|move|p1b: Grimmsnarl|Spirit Break|p2a: Dragonite
|-supereffective|p2a: Dragonite|1
|-damage|p2a: Dragonite|0 fnt
|faint|p2a: Dragonite
|move|p2b: Kingambit|Iron Head|p1b: Grimmsnarl
|-supereffective|p1b: Grimmsnarl|1
|-damage|p1b: Grimmsnarl|0 fnt
|faint|p1b: Grimmsnarl
|
|upkeep
|
|t:|1784904266
|switch|p1a: Incineroar|Incineroar, L50, M|100/100
|switch|p2a: Vanilluxe|Vanilluxe, L50, F|100/100
|switch|p1b: Toxapex|Toxapex, L50, M|100/100
|-weather|Snowscape|[from] ability: Snow Warning|[of] p2a: Vanilluxe
|-ability|p1a: Incineroar|Intimidate|boost
|-unboost|p2a: Vanilluxe|atk|1
|-unboost|p2b: Kingambit|atk|1
|-ability|p2b: Kingambit|Defiant|boost
|-boost|p2b: Kingambit|atk|2
|turn|3
|
|t:|1784904287
|move|p2b: Kingambit|Protect|p2b: Kingambit
|-singleturn|p2b: Kingambit|Protect
|move|p2a: Vanilluxe|Freeze-Dry|p1b: Toxapex
|-supereffective|p1b: Toxapex|1
|-damage|p1b: Toxapex|57/100
|move|p1a: Incineroar|Flare Blitz|p2b: Kingambit
|-activate|p2b: Kingambit|move: Protect
|move|p1b: Toxapex|Toxic|p2a: Vanilluxe
|-status|p2a: Vanilluxe|tox
|
|-weather|Snowscape|[upkeep]
|-heal|p1b: Toxapex|63/100|[from] item: Leftovers
|-damage|p2a: Vanilluxe|93/100 tox|[from] psn
|upkeep
|turn|4
|inactive|Rinirin has 30 seconds left.
|
|t:|1784904314
|move|p1b: Toxapex|Baneful Bunker|p1b: Toxapex
|-singleturn|p1b: Toxapex|move: Protect
|move|p2a: Vanilluxe|Freeze-Dry|p1a: Incineroar
|-resisted|p1a: Incineroar|1
|-damage|p1a: Incineroar|83/100
|move|p1a: Incineroar|Flare Blitz|p2b: Kingambit
|-supereffective|p2b: Kingambit|1
|-damage|p2b: Kingambit|9/100
|-damage|p1a: Incineroar|54/100|[from] Recoil
|move|p2b: Kingambit|Kowtow Cleave|p1a: Incineroar
|-resisted|p1a: Incineroar|1
|-damage|p1a: Incineroar|13/100
|
|-weather|Snowscape|[upkeep]
|-heal|p1b: Toxapex|69/100|[from] item: Leftovers
|-damage|p2a: Vanilluxe|81/100 tox|[from] psn
|upkeep
|turn|5
|inactive|raikudosenien has 30 seconds left.
|inactive|raikudosenien has 20 seconds left.
|inactive|raikudosenien has 15 seconds left.
|inactive|raikudosenien has 10 seconds left.
|inactive|raikudosenien has 5 seconds left.
|
|t:|1784904369
|move|p2a: Vanilluxe|Freeze-Dry|p1a: Incineroar
|-resisted|p1a: Incineroar|1
|-damage|p1a: Incineroar|0 fnt
|faint|p1a: Incineroar
|move|p2b: Kingambit|Kowtow Cleave|p1b: Toxapex
|-damage|p1b: Toxapex|0 fnt
|faint|p1b: Toxapex
|
|win|Rinirin
||Rinirin is ready for game 2.
||raikudosenien is ready for game 2.
|uhtml|next|Next: Game 2 of 3
