|j|☆Joker113
|j|☆new mental
|html|Joker113new mental    
|uhtml|bestof|Game 1 of a best-of-3
|t:|1783422096
|gametype|doubles
|player|p1|Joker113|101|1294
|player|p2|new mental|volkner|1378
|gen|9
|tier|[Gen 9 Champions] VGC 2026 Reg M-B (Bo3)
|rated|
|rule|Species Clause: Limit one of each Pokémon
|rule|Item Clause: Limit 1 of each item
|clearpoke
|poke|p1|Primarina, L50, F|
|poke|p1|Maushold, L50|
|poke|p1|Venusaur, L50, F|
|poke|p1|Whimsicott, L50, F|
|poke|p1|Charizard, L50, F|
|poke|p1|Sneasler, L50, M|
|poke|p2|Aerodactyl, L50, M|
|poke|p2|Garchomp, L50, F|
|poke|p2|Kingambit, L50, F|
|poke|p2|Charizard, L50, M|
|poke|p2|Sylveon, L50, F|
|poke|p2|Farigiraf, L50, M|
|teampreview|4
|showteam|p1|Primarina||FairyFeather|LiquidVoice|HyperVoice,Moonblast,IcyWind,Protect|Modest||F|||50|]Maushold||WideLens|Technician|PopulationBomb,FollowMe,ThunderWave,Protect|Adamant|||||50|]Venusaur||LifeOrb|Chlorophyll|SleepPowder,EarthPower,LeafStorm,Protect|Modest||F|||50|]Whimsicott||FocusSash|Prankster|Encore,Endeavor,Moonblast,Tailwind|Modest||F|||50|]Charizard||CharizarditeY|SolarPower|HeatWave,Protect,SolarBeam,WeatherBall|Modest||F|||50|]Sneasler||WhiteHerb|Unburden|CloseCombat,FakeOut,DireClaw,Protect|Adamant||M|||50|
|showteam|p2|Aerodactyl||Aerodactylite|Unnerve|IceFang,RockSlide,Tailwind,DualWingbeat|Jolly||M|||50|]Garchomp||LifeOrb|RoughSkin|DragonClaw,StompingTantrum,Earthquake,Protect|Jolly||F|||50|]Kingambit||FocusSash|Defiant|SuckerPunch,KowtowCleave,IronHead,LowKick|Adamant||F|||50|]Charizard||CharizarditeY|SolarPower|Protect,HeatWave,SolarBeam,WeatherBall|Timid||M|||50|]Sylveon||FairyFeather|Pixilate|Protect,HyperVoice,HyperBeam,QuickAttack|Modest||F|||50|]Farigiraf||SitrusBerry|ArmorTail|TrickRoom,Thunderbolt,Psychic,Roar|Bold||M|||50|
|inactive|Battle timer is ON: inactive players will automatically lose when time's up. (requested by Joker113)
|l|☆Joker113
|inactive|Joker113 disconnected and has a minute to reconnect!
|player|p1|
|
|t:|1783422132
|teamsize|p1|4
|teamsize|p2|4
|start
|switch|p1a: Primarina|Primarina, L50, F|100/100
|switch|p1b: Sneasler|Sneasler, L50, M|100/100
|switch|p2a: Aerodactyl|Aerodactyl, L50, M|100/100
|switch|p2b: Kingambit|Kingambit, L50, F|100/100
|-ability|p2a: Aerodactyl|Unnerve
|turn|1
|j|☆Joker113
|inactive|Joker113 reconnected and has 50 seconds left.
|player|p1|Joker113|101|
|inactive|Joker113 has 30 seconds left.
|
|t:|1783422157
|switch|p2b: Farigiraf|Farigiraf, L50, M|100/100
|detailschange|p2a: Aerodactyl|Aerodactyl-Mega, L50, M
|-mega|p2a: Aerodactyl|Aerodactyl|Aerodactylite
|move|p1b: Sneasler|Fake Out||[still]
|cant|p2b: Farigiraf|ability: Armor Tail|Fake Out|[of] p1b: Sneasler
|move|p2a: Aerodactyl|Dual Wingbeat|p1b: Sneasler
|-supereffective|p1b: Sneasler|1
|-damage|p1b: Sneasler|19/100
|-supereffective|p1b: Sneasler|1
|-damage|p1b: Sneasler|0 fnt
|faint|p1b: Sneasler
|-hitcount|p1: Sneasler|2
|move|p1a: Primarina|Hyper Voice|p2b: Farigiraf|[spread] p2a,p2b
|-supereffective|p2a: Aerodactyl|1
|-damage|p2a: Aerodactyl|15/100
|-damage|p2b: Farigiraf|66/100
|
|upkeep
|
|t:|1783422162
|switch|p1b: Charizard|Charizard, L50, F|100/100
|turn|2
|inactive|new mental has 30 seconds left.
|
|t:|1783422187
|move|p1b: Charizard|Protect|p1b: Charizard
|-singleturn|p1b: Charizard|Protect
|move|p2a: Aerodactyl|Rock Slide|p1a: Primarina|[spread] p1a
|-activate|p1b: Charizard|move: Protect
|-damage|p1a: Primarina|67/100
|cant|p1a: Primarina|flinch
|move|p2b: Farigiraf|Thunderbolt|p1a: Primarina
|-supereffective|p1a: Primarina|1
|-damage|p1a: Primarina|32/100
|
|upkeep
|turn|3
|
|t:|1783422199
|detailschange|p1b: Charizard|Charizard-Mega-Y, L50, F
|-mega|p1b: Charizard|Charizard|Charizardite Y
|-weather|SunnyDay|[from] ability: Drought|[of] p1b: Charizard
|move|p2a: Aerodactyl|Rock Slide|p1b: Charizard|[spread] p1a
|-miss|p2a: Aerodactyl|p1b: Charizard
|-damage|p1a: Primarina|1/100
|move|p1b: Charizard|Heat Wave|p2a: Aerodactyl|[spread] p2a,p2b
|-resisted|p2a: Aerodactyl|1
|-damage|p2a: Aerodactyl|0 fnt
|-damage|p2b: Farigiraf|0 fnt
|faint|p2a: Aerodactyl
|faint|p2b: Farigiraf
|move|p1a: Primarina|Hyper Voice|p2: Aerodactyl|[notarget]
|-fail|p1a: Primarina
|
|-weather|SunnyDay|[upkeep]
|upkeep
|
|t:|1783422209
|switch|p2a: Sylveon|Sylveon, L50, F|100/100
|switch|p2b: Kingambit|Kingambit, L50, F|100/100
|turn|4
|l|☆Joker113
|inactive|Joker113 disconnected and has a minute to reconnect!
|player|p1|
|j|☆Joker113
|inactive|Joker113 reconnected and has 45 seconds left.
|player|p1|Joker113|101|
|
|t:|1783422230
|move|p1b: Charizard|Heat Wave|p2b: Kingambit|[spread] p2a,p2b
|-supereffective|p2b: Kingambit|1
|-damage|p2a: Sylveon|48/100
|-enditem|p2b: Kingambit|Focus Sash
|-damage|p2b: Kingambit|1/100
|move|p2b: Kingambit|Iron Head|p1a: Primarina
|-crit|p1a: Primarina
|-damage|p1a: Primarina|0 fnt
|faint|p1a: Primarina
|move|p2a: Sylveon|Hyper Voice|p1b: Charizard
|-resisted|p1b: Charizard|1
|-crit|p1b: Charizard
|-damage|p1b: Charizard|55/100
|
|-weather|SunnyDay|[upkeep]
|upkeep
|
|t:|1783422235
|switch|p1a: Venusaur|Venusaur, L50, F|100/100
|turn|5
|
|t:|1783422253
|move|p1b: Charizard|Protect|p1b: Charizard
|-singleturn|p1b: Charizard|Protect
|move|p2b: Kingambit|Sucker Punch||[still]
|-fail|p2b: Kingambit
|move|p1a: Venusaur|Earth Power|p2b: Kingambit
|-supereffective|p2b: Kingambit|1
|-damage|p2b: Kingambit|0 fnt
|faint|p2b: Kingambit
|-damage|p1a: Venusaur|90/100|[from] item: Life Orb
|move|p2a: Sylveon|Hyper Voice|p1a: Venusaur|[spread] p1a
|-activate|p1b: Charizard|move: Protect
|-resisted|p1a: Venusaur|1
|-damage|p1a: Venusaur|66/100
|
|-weather|SunnyDay|[upkeep]
|upkeep
|turn|6
|-message|new mental forfeited.
|
|win|Joker113
||new mental is ready for game 2.
|l|☆Joker113
|player|p1|
|inactive|Joker113 has 30 seconds to confirm battle start!
|j|☆Joker113
|player|p1|Joker113|101|
|inactive|Joker113 has 20 seconds to confirm battle start!
||Joker113 is ready for game 2.
|uhtml|next|Next: Game 2 of 3
|l|☆Joker113
|player|p1|
