|j|☆PigsPigsPigsPigs
|j|☆koronops5
|html|PigsPigsPigsPigskoronops5    
|uhtml|bestof|Game 2 of a best-of-3
|t:|1756586133
|gametype|doubles
|player|p1|PigsPigsPigsPigs|marley|1095
|player|p2|koronops5|102|1134
|gen|9
|tier|[Gen 9] VGC 2025 Reg H (Bo3)
|rated|
|rule|Species Clause: Limit one of each Pokémon
|rule|Item Clause: Limit 1 of each item
|clearpoke
|poke|p1|Garchomp, L50, F|
|poke|p1|Maushold-Four, L50|
|poke|p1|Corviknight, L50, M|
|poke|p1|Volcarona, L50, F|
|poke|p1|Rillaboom, L50, M|
|poke|p1|Sneasler, L50, F|
|poke|p2|Charizard, L50, F|
|poke|p2|Torkoal, L50, M|
|poke|p2|Porygon2, L50|
|poke|p2|Incineroar, L50, M|
|poke|p2|Jumpluff, L50, F|
|poke|p2|Ursaluna, L50, M|
|teampreview|4
|showteam|p1|Garchomp||LoadedDice|RoughSkin|ScaleShot,SwordsDance,StompingTantrum,Protect|||F|||50|,,,,,Fire]Maushold-Four||WideLens|Technician|PopulationBomb,Taunt,FollowMe,Protect||||||50|,,,,,Normal]Corviknight||SitrusBerry|MirrorArmor|Tailwind,BodyPress,Protect,BraveBird|||M|||50|,,,,,Water]Volcarona||RockyHelmet|FlameBody|FieryDance,Protect,QuiverDance,GigaDrain|||F|||50|,,,,,Water]Rillaboom||AssaultVest|GrassySurge|FakeOut,WoodHammer,Uturn,KnockOff|||M|||50|,,,,,Poison]Sneasler||GrassySeed|Unburden|DireClaw,CloseCombat,Acrobatics,Protect|||F|||50|,,,,,Flying
|showteam|p2|Charizard||ChoiceSpecs|SolarPower|HeatWave,DragonPulse,WeatherBall,AirSlash|||F|||50|,,,,,Ghost]Torkoal||EjectPack|Drought|Eruption,Overheat,HelpingHand,Protect|||M|||50|,,,,,Fire]Porygon2||Eviolite|Download|TeraBlast,IceBeam,Recover,TrickRoom||||||50|,,,,,Fighting]Incineroar||SitrusBerry|Intimidate|FlareBlitz,KnockOff,FakeOut,PartingShot|||M|||50|,,,,,Ghost]Jumpluff||CovertCloak|Chlorophyll|SleepPowder,SunnyDay,RagePowder,Tailwind|||F|||50|,,,,,Water]Ursaluna||FlameOrb|Guts|HeadlongRush,Facade,Earthquake,Protect|||M|||50|,,,,,Ghost
|
|t:|1756586172
|teamsize|p1|4
|teamsize|p2|4
|start
|switch|p1a: Maushold|Maushold-Four, L50|100/100
|switch|p1b: Volcarona|Volcarona, L50, F|100/100
|switch|p2a: Torkoal|Torkoal, L50, M|100/100
|switch|p2b: Porygon2|Porygon2, L50|100/100
|-ability|p2b: Porygon2|Download|boost
|-boost|p2b: Porygon2|atk|1
|-weather|SunnyDay|[from] ability: Drought|[of] p2a: Torkoal
|turn|1
|inactive|Battle timer is ON: inactive players will automatically lose when time's up. (requested by koronops5)
|
|t:|1756586203
|switch|p2a: Charizard|Charizard, L50, F|100/100
|-terastallize|p2b: Porygon2|Fighting
|move|p1a: Maushold|Taunt|p2b: Porygon2
|-start|p2b: Porygon2|move: Taunt
|move|p1b: Volcarona|Quiver Dance|p1b: Volcarona
|-boost|p1b: Volcarona|spa|1
|-boost|p1b: Volcarona|spd|1
|-boost|p1b: Volcarona|spe|1
|move|p2b: Porygon2|Tera Blast|p1a: Maushold|[anim] Tera Blast Fighting
|-supereffective|p1a: Maushold
|-damage|p1a: Maushold|0 fnt
|faint|p1a: Maushold
|
|-weather|SunnyDay|[upkeep]
|-damage|p2a: Charizard|88/100|[from] ability: Solar Power|[of] p2a: Charizard
|upkeep
|
|t:|1756586220
|switch|p1a: Sneasler|Sneasler, L50, F|100/100
|turn|2
|inactive|koronops5 has 30 seconds left.
|
|t:|1756586249
|switch|p2b: Incineroar|Incineroar, L50, M|100/100
|-ability|p2b: Incineroar|Intimidate|boost
|-unboost|p1a: Sneasler|atk|1
|-unboost|p1b: Volcarona|atk|1
|move|p1b: Volcarona|Fiery Dance|p2b: Incineroar
|-resisted|p2b: Incineroar
|-damage|p2b: Incineroar|54/100
|-boost|p1b: Volcarona|spa|1
|move|p1a: Sneasler|Dire Claw|p2a: Charizard
|-damage|p2a: Charizard|48/100
|-status|p2a: Charizard|psn
|move|p2a: Charizard|Heat Wave|p1a: Sneasler|[spread] p1a,p1b
|-damage|p1a: Sneasler|0 fnt
|-damage|p1b: Volcarona|16/100
|faint|p1a: Sneasler
|
|-weather|SunnyDay|[upkeep]
|-damage|p2a: Charizard|36/100 psn|[from] ability: Solar Power|[of] p2a: Charizard
|-damage|p2a: Charizard|23/100 psn|[from] psn
|upkeep
|
|t:|1756586267
|switch|p1a: Rillaboom|Rillaboom, L50, M|100/100
|-fieldstart|move: Grassy Terrain|[from] ability: Grassy Surge|[of] p1a: Rillaboom
|turn|3
|inactive|koronops5 has 30 seconds left.
|
|t:|1756586301
|move|p1b: Volcarona|Protect|p1b: Volcarona
|-singleturn|p1b: Volcarona|Protect
|move|p1a: Rillaboom|Fake Out|p2a: Charizard
|-damage|p2a: Charizard|3/100 psn
|cant|p2a: Charizard|flinch
|move|p2b: Incineroar|Flare Blitz|p1b: Volcarona
|-activate|p1b: Volcarona|move: Protect
|
|-weather|SunnyDay|[upkeep]
|-damage|p2a: Charizard|0 fnt|[from] ability: Solar Power|[of] p2a: Charizard
|faint|p2a: Charizard
|-heal|p1b: Volcarona|22/100|[from] Grassy Terrain
|-heal|p2b: Incineroar|60/100|[from] Grassy Terrain
|upkeep
|
|t:|1756586315
|switch|p2a: Porygon2|Porygon2, L50, tera:Fighting|100/100
|-ability|p2a: Porygon2|Download|boost
|-boost|p2a: Porygon2|atk|1
|turn|4
|
|t:|1756586335
|move|p1b: Volcarona|Fiery Dance|p2a: Porygon2
|-damage|p2a: Porygon2|22/100
|-boost|p1b: Volcarona|spa|1
|move|p1a: Rillaboom|Knock Off|p2b: Incineroar
|-resisted|p2b: Incineroar
|-crit|p2b: Incineroar
|-damage|p2b: Incineroar|37/100
|-enditem|p2b: Incineroar|Sitrus Berry|[from] move: Knock Off|[of] p1a: Rillaboom
|move|p2b: Incineroar|Flare Blitz|p1a: Rillaboom
|-supereffective|p1a: Rillaboom
|-damage|p1a: Rillaboom|0 fnt
|faint|p1a: Rillaboom
|-damage|p2b: Incineroar|3/100|[from] Recoil
|move|p2a: Porygon2|Trick Room|p2a: Porygon2
|-fieldstart|move: Trick Room|[of] p2a: Porygon2
|
|-weather|SunnyDay|[upkeep]
|-heal|p2a: Porygon2|29/100|[from] Grassy Terrain
|-heal|p2b: Incineroar|9/100|[from] Grassy Terrain
|-heal|p1b: Volcarona|28/100|[from] Grassy Terrain
|upkeep
|turn|5
|
|t:|1756586356
|switch|p2a: Torkoal|Torkoal, L50, M|100/100
|-terastallize|p1b: Volcarona|Water
|move|p2b: Incineroar|Flare Blitz|p1b: Volcarona
|-resisted|p1b: Volcarona
|-damage|p1b: Volcarona|0 fnt
|-damage|p2b: Incineroar|0 fnt|[from] item: Rocky Helmet|[of] p1b: Volcarona
|faint|p1b: Volcarona
|faint|p2b: Incineroar
|
|win|koronops5
||PigsPigsPigsPigs is ready for game 3.
|inactive|koronops5 has 30 seconds to confirm battle start!
||koronops5 is ready for game 3.
|uhtml|next|Next: Game 3 of 3
|l|☆PigsPigsPigsPigs
|player|p1|
