|j|☆A Regu1ar Guy
|j|☆garompa
|html|A Regu1ar Guygarompa    
|uhtml|bestof|Game 1 of a best-of-3
|t:|1756830082
|gametype|doubles
|player|p1|A Regu1ar Guy|elesa|1304
|player|p2|garompa|1|1201
|gen|9
|tier|[Gen 9] VGC 2025 Reg H (Bo3)
|rated|
|rule|Species Clause: Limit one of each Pokémon
|rule|Item Clause: Limit 1 of each item
|clearpoke
|poke|p1|Volcarona, L50, M|
|poke|p1|Rillaboom, L50, M|
|poke|p1|Electabuzz, L50, M|
|poke|p1|Tauros-Paldea-Aqua, L50, M|
|poke|p1|Tyranitar, L50, F|
|poke|p1|Gholdengo, L50|
|poke|p2|Incineroar, L50, M|
|poke|p2|Gholdengo, L50|
|poke|p2|Amoonguss, L50, M|
|poke|p2|Hydreigon, L50, M|
|poke|p2|Porygon2, L50|
|poke|p2|Ursaluna, L50, M|
|teampreview|4
|showteam|p1|Volcarona||GrassySeed|FlameBody|HeatWave,GigaDrain,QuiverDance,Protect|||M|||50|,,,,,Grass]Rillaboom||MiracleSeed|GrassySurge|WoodHammer,GrassyGlide,FakeOut,HighHorsepower|||M|||50|,,,,,Fire]Electabuzz||Eviolite|VitalSpirit|Thunderbolt,FollowMe,Taunt,Protect|||M|||50|,,,,,Ghost]Tauros-Paldea-Aqua||MirrorHerb|Intimidate|WaveCrash,AquaJet,CloseCombat,Protect|||M|||50|,,,,,Water]Tyranitar||AssaultVest|SandStream|KnockOff,RockSlide,TeraBlast,LowKick|||F|||50|,,,,,Flying]Gholdengo||LifeOrb|GoodasGold|MakeItRain,ShadowBall,NastyPlot,Protect||||||50|,,,,,Water
|showteam|p2|Incineroar||SitrusBerry|Intimidate|KnockOff,FakeOut,FlareBlitz,PartingShot|||M|||50|,,,,,Ghost]Gholdengo||MetalCoat|GoodasGold|Protect,NastyPlot,MakeItRain,ShadowBall||||||50|,,,,,Water]Amoonguss||RockyHelmet|Regenerator|Spore,RagePowder,PollenPuff,Protect|||M|||50|,,,,,Fairy]Hydreigon||SafetyGoggles|Levitate|DracoMeteor,Snarl,Tailwind,Protect|||M|||50|,,,,,Ghost]Porygon2||Eviolite|Download|Recover,IceBeam,TeraBlast,TrickRoom||||||50|,,,,,Fighting]Ursaluna||FlameOrb|Guts|Earthquake,Facade,HeadlongRush,Protect|||M|||50|,,,,,Ghost
|
|t:|1756830129
|teamsize|p1|4
|teamsize|p2|4
|start
|switch|p1a: Volcarona|Volcarona, L50, M, shiny|100/100
|switch|p1b: Tauros|Tauros-Paldea-Aqua, L50, M|100/100
|switch|p2a: Incineroar|Incineroar, L50, M|100/100
|switch|p2b: Porygon2|Porygon2, L50|100/100
|-ability|p1b: Tauros|Intimidate|boost
|-unboost|p2a: Incineroar|atk|1
|-unboost|p2b: Porygon2|atk|1
|-ability|p2a: Incineroar|Intimidate|boost
|-unboost|p1a: Volcarona|atk|1
|-unboost|p1b: Tauros|atk|1
|-ability|p2b: Porygon2|Download|boost
|-boost|p2b: Porygon2|spa|1
|-enditem|p1b: Tauros|Mirror Herb
|-boost|p1b: Tauros|spa|1|[from] item: Mirror Herb
|turn|1
|
|t:|1756830150
|move|p2a: Incineroar|Fake Out|p1b: Tauros
|-damage|p1b: Tauros|92/100
|cant|p1b: Tauros|flinch
|move|p1a: Volcarona|Quiver Dance|p1a: Volcarona
|-boost|p1a: Volcarona|spa|1
|-boost|p1a: Volcarona|spd|1
|-boost|p1a: Volcarona|spe|1
|move|p2b: Porygon2|Trick Room|p2b: Porygon2
|-fieldstart|move: Trick Room|[of] p2b: Porygon2
|
|upkeep
|turn|2
|
|t:|1756830188
|switch|p1b: Rillaboom|Rillaboom, L50, M|100/100
|-fieldstart|move: Grassy Terrain|[from] ability: Grassy Surge|[of] p1b: Rillaboom
|-enditem|p1a: Volcarona|Grassy Seed
|-boost|p1a: Volcarona|def|1|[from] item: Grassy Seed
|move|p2b: Porygon2|Tera Blast|p1b: Rillaboom
|-damage|p1b: Rillaboom|42/100
|move|p2a: Incineroar|Parting Shot|p1b: Rillaboom
|-unboost|p1b: Rillaboom|atk|1
|-unboost|p1b: Rillaboom|spa|1
|
|t:|1756830199
|switch|p2a: Ursaluna|Ursaluna, L50, M|100/100|[from] Parting Shot
|move|p1a: Volcarona|Quiver Dance|p1a: Volcarona
|-boost|p1a: Volcarona|spa|1
|-boost|p1a: Volcarona|spd|1
|-boost|p1a: Volcarona|spe|1
|
|-heal|p1b: Rillaboom|48/100|[from] Grassy Terrain
|-status|p2a: Ursaluna|brn|[from] item: Flame Orb
|upkeep
|turn|3
|
|t:|1756830229
|switch|p1b: Tauros|Tauros-Paldea-Aqua, L50, M|92/100
|-ability|p1b: Tauros|Intimidate|boost
|-unboost|p2a: Ursaluna|atk|1
|-unboost|p2b: Porygon2|atk|1
|-terastallize|p2a: Ursaluna|Ghost
|move|p2b: Porygon2|Ice Beam|p1b: Tauros
|-resisted|p1b: Tauros
|-damage|p1b: Tauros|62/100
|move|p2a: Ursaluna|Headlong Rush|p1a: Volcarona
|-damage|p1a: Volcarona|46/100
|-unboost|p2a: Ursaluna|def|1
|-unboost|p2a: Ursaluna|spd|1
|move|p1a: Volcarona|Giga Drain|p2a: Ursaluna
|-damage|p2a: Ursaluna|8/100 brn
|-heal|p1a: Volcarona|99/100|[from] drain|[of] p2a: Ursaluna
|
|-heal|p2a: Ursaluna|14/100 brn|[from] Grassy Terrain
|-heal|p1b: Tauros|68/100|[from] Grassy Terrain
|-heal|p1a: Volcarona|100/100|[from] Grassy Terrain
|-damage|p2a: Ursaluna|8/100 brn|[from] brn
|upkeep
|turn|4
|
|t:|1756830258
|move|p1b: Tauros|Aqua Jet|p2a: Ursaluna
|-damage|p2a: Ursaluna|0 fnt
|faint|p2a: Ursaluna
|move|p2b: Porygon2|Tera Blast|p1a: Volcarona
|-damage|p1a: Volcarona|78/100
|move|p1a: Volcarona|Quiver Dance|p1a: Volcarona
|-boost|p1a: Volcarona|spa|1
|-boost|p1a: Volcarona|spd|1
|-boost|p1a: Volcarona|spe|1
|
|-heal|p1b: Tauros|73/100|[from] Grassy Terrain
|-heal|p1a: Volcarona|84/100|[from] Grassy Terrain
|upkeep
|
|t:|1756830274
|switch|p2a: Incineroar|Incineroar, L50, M|100/100
|-ability|p2a: Incineroar|Intimidate|boost
|-unboost|p1a: Volcarona|atk|1
|-unboost|p1b: Tauros|atk|1
|turn|5
|
|t:|1756830286
|switch|p1b: Electabuzz|Electabuzz, L50, M|100/100
|move|p2b: Porygon2|Tera Blast|p1a: Volcarona
|-damage|p1a: Volcarona|64/100
|move|p2a: Incineroar|Flare Blitz|p1a: Volcarona
|-damage|p1a: Volcarona|27/100
|-damage|p2a: Incineroar|89/100|[from] Recoil
|move|p1a: Volcarona|Heat Wave|p2a: Incineroar|[spread] p2a,p2b
|-resisted|p2a: Incineroar
|-damage|p2a: Incineroar|48/100
|-damage|p2b: Porygon2|47/100
|-enditem|p2a: Incineroar|Sitrus Berry|[eat]
|-heal|p2a: Incineroar|73/100|[from] item: Sitrus Berry
|
|-heal|p2b: Porygon2|53/100|[from] Grassy Terrain
|-heal|p2a: Incineroar|79/100|[from] Grassy Terrain
|-heal|p1a: Volcarona|33/100|[from] Grassy Terrain
|-fieldend|move: Trick Room
|upkeep
|turn|6
|
|t:|1756830312
|-terastallize|p1a: Volcarona|Grass
|move|p1b: Electabuzz|Follow Me|p1b: Electabuzz
|-singleturn|p1b: Electabuzz|move: Follow Me
|move|p1a: Volcarona|Giga Drain|p2b: Porygon2
|-damage|p2b: Porygon2|0 fnt
|-heal|p1a: Volcarona|59/100|[from] drain|[of] p2b: Porygon2
|faint|p2b: Porygon2
|move|p2a: Incineroar|Flare Blitz|p1b: Electabuzz
|-damage|p1b: Electabuzz|63/100
|-damage|p2a: Incineroar|68/100|[from] Recoil
|
|-heal|p1a: Volcarona|66/100|[from] Grassy Terrain
|-heal|p1b: Electabuzz|69/100|[from] Grassy Terrain
|-heal|p2a: Incineroar|74/100|[from] Grassy Terrain
|-fieldend|move: Grassy Terrain
|upkeep
|
|t:|1756830324
|switch|p2b: Hydreigon|Hydreigon, L50, M|100/100
|turn|7
|
|t:|1756830346
|move|p1b: Electabuzz|Follow Me|p1b: Electabuzz
|-singleturn|p1b: Electabuzz|move: Follow Me
|move|p1a: Volcarona|Heat Wave|p2a: Incineroar|[spread] p2a,p2b
|-resisted|p2a: Incineroar
|-crit|p2a: Incineroar
|-resisted|p2b: Hydreigon
|-damage|p2a: Incineroar|9/100
|-damage|p2b: Hydreigon|55/100
|move|p2b: Hydreigon|Draco Meteor|p1b: Electabuzz
|-damage|p1b: Electabuzz|19/100
|-unboost|p2b: Hydreigon|spa|2
|move|p2a: Incineroar|Flare Blitz|p1b: Electabuzz
|-damage|p1b: Electabuzz|0 fnt
|faint|p1b: Electabuzz
|-damage|p2a: Incineroar|4/100|[from] Recoil
|
|upkeep
|
|t:|1756830351
|switch|p1b: Tauros|Tauros-Paldea-Aqua, L50, M|73/100
|-ability|p1b: Tauros|Intimidate|boost
|-unboost|p2a: Incineroar|atk|1
|-unboost|p2b: Hydreigon|atk|1
|turn|8
|-message|garompa forfeited.
|
|win|A Regu1ar Guy
||A Regu1ar Guy is ready for game 2.
||garompa is ready for game 2.
|uhtml|next|Next: Game 2 of 3
|l|☆A Regu1ar Guy
|player|p1|
