|j|☆standardamerican
|j|☆jgm1234
|html|standardamericanjgm1234    
|uhtml|bestof|Game 3 of a best-of-3
|t:|1784800452
|gametype|doubles
|player|p1|standardamerican|169|1194
|player|p2|jgm1234|emmet|1368
|gen|9
|tier|[Gen 9 Champions] VGC 2026 Reg M-B (Bo3)
|rated|
|rule|Species Clause: Limit one of each Pokémon
|rule|Item Clause: Limit 1 of each item
|clearpoke
|poke|p1|Sinistcha, L50|
|poke|p1|Incineroar, L50, M|
|poke|p1|Milotic, L50, M|
|poke|p1|Raichu, L50, M|
|poke|p1|Gardevoir, L50, F|
|poke|p1|Ceruledge, L50, M|
|poke|p2|Grimmsnarl, L50, M|
|poke|p2|Swampert, L50, F|
|poke|p2|Pelipper, L50, M|
|poke|p2|Archaludon, L50, F|
|poke|p2|Sinistcha, L50|
|poke|p2|Metagross, L50|
|teampreview|4
|showteam|p1|Sinistcha||KasibBerry|Hospitality|MatchaGotcha,Imprison,RagePowder,Protect|Bold|||||50|]Incineroar||SitrusBerry|Intimidate|FlareBlitz,DarkestLariat,FakeOut,PartingShot|Careful||M|||50|]Milotic||Leftovers|Competitive|MuddyWater,Coil,Hypnosis,Protect|Calm||M|||50|]Raichu||RaichuniteY|LightningRod|ZapCannon,FocusBlast,FakeOut,Protect|Timid||M|||50|]Gardevoir||Gardevoirite|Trace|HyperVoice,Psyshock,TrickRoom,Protect|Modest||F|||50|]Ceruledge||ColburBerry|FlashFire|BitterBlade,ShadowSneak,BulkUp,Protect|Adamant||M|||50|
|showteam|p2|Grimmsnarl||LightClay|Prankster|FoulPlay,PartingShot,LightScreen,Reflect|Calm||M|||50|]Swampert||Swampertite|Damp|Protect,IcePunch,WaveCrash,Earthquake|Adamant||F|||50|]Pelipper||SitrusBerry|Drizzle|WideGuard,Tailwind,WeatherBall,Hurricane|Modest||M|||50|]Archaludon||Leftovers|Stamina|Protect,ElectroShot,FlashCannon,DragonPulse|Modest||F|||50|]Sinistcha||ColburBerry|Hospitality|Protect,TrickRoom,MatchaGotcha,RagePowder|Relaxed|||||50|]Metagross||Metagrossite|ClearBody|Protect,BodyPress,PsychicFangs,IronHead|Jolly|||||50|
|j| probboffet yt3
|inactive|Battle timer is ON: inactive players will automatically lose when time's up. (requested by jgm1234)
|
|t:|1784800502
|teamsize|p1|4
|teamsize|p2|4
|start
|switch|p1a: Incineroar|Incineroar, L50, M|100/100
|switch|p1b: Milotic|Milotic, L50, M|100/100
|switch|p2a: Swampert|Swampert, L50, F|100/100
|switch|p2b: Pelipper|Pelipper, L50, M|100/100
|-weather|RainDance|[from] ability: Drizzle|[of] p2b: Pelipper
|-ability|p1a: Incineroar|Intimidate|boost
|-unboost|p2a: Swampert|atk|1
|-unboost|p2b: Pelipper|atk|1
|turn|1
|inactive|standardamerican has 30 seconds left.
|
|t:|1784800534
|detailschange|p2a: Swampert|Swampert-Mega, L50, F
|-mega|p2a: Swampert|Swampert|Swampertite
|move|p1a: Incineroar|Fake Out|p2a: Swampert
|-damage|p2a: Swampert|90/100
|cant|p2a: Swampert|flinch
|move|p1b: Milotic|Coil|p1b: Milotic
|-boost|p1b: Milotic|atk|1
|-boost|p1b: Milotic|def|1
|-boost|p1b: Milotic|accuracy|1
|move|p2b: Pelipper|Weather Ball|p1a: Incineroar
|-supereffective|p1a: Incineroar|1
|-damage|p1a: Incineroar|10/100
|-enditem|p1a: Incineroar|Sitrus Berry|[eat]
|-heal|p1a: Incineroar|35/100|[from] item: Sitrus Berry
|
|-weather|RainDance|[upkeep]
|upkeep
|turn|2
|
|t:|1784800554
|switch|p1a: Sinistcha|Sinistcha, L50|100/100
|move|p2a: Swampert|Earthquake|p1a: Sinistcha|[spread] p1a,p1b
|-immune|p2b: Pelipper
|-resisted|p1a: Sinistcha|1
|-damage|p1a: Sinistcha|87/100
|-damage|p1b: Milotic|81/100
|move|p1b: Milotic|Hypnosis|p2a: Swampert
|-status|p2a: Swampert|slp|[from] move: Hypnosis
|move|p2b: Pelipper|Tailwind|p2b: Pelipper
|-sidestart|p2: jgm1234|move: Tailwind
|
|-weather|RainDance|[upkeep]
|-heal|p1b: Milotic|87/100|[from] item: Leftovers
|upkeep
|turn|3
|inactive|standardamerican has 30 seconds left.
|
|t:|1784800584
|switch|p2a: Archaludon|Archaludon, L50, F|100/100
|switch|p1a: Gardevoir|Gardevoir, L50, F|100/100
|-ability|p1a: Gardevoir|Stamina|Trace|[from] ability: Trace|[of] p2a: Archaludon
|move|p2b: Pelipper|Hurricane|p1a: Gardevoir
|-damage|p1a: Gardevoir|63/100
|-ability|p1a: Gardevoir|Stamina|boost
|-boost|p1a: Gardevoir|def|1
|move|p1b: Milotic|Coil|p1b: Milotic
|-boost|p1b: Milotic|atk|1
|-boost|p1b: Milotic|def|1
|-boost|p1b: Milotic|accuracy|1
|
|-weather|RainDance|[upkeep]
|-heal|p1b: Milotic|93/100|[from] item: Leftovers
|upkeep
|turn|4
|
|t:|1784800604
|detailschange|p1a: Gardevoir|Gardevoir-Mega, L50, F
|-mega|p1a: Gardevoir|Gardevoir|Gardevoirite
|move|p1a: Gardevoir|Protect|p1a: Gardevoir
|-singleturn|p1a: Gardevoir|Protect
|move|p2a: Archaludon|Electro Shot||[still]
|-prepare|p2a: Archaludon|Electro Shot
|-boost|p2a: Archaludon|spa|1
|-anim|p2a: Archaludon|Electro Shot|p1b: Milotic
|-supereffective|p1b: Milotic|1
|-damage|p1b: Milotic|12/100
|move|p2b: Pelipper|Hurricane|p1b: Milotic
|-damage|p1b: Milotic|0 fnt
|faint|p1b: Milotic
|
|-weather|RainDance|[upkeep]
|upkeep
|
|t:|1784800612
|switch|p1b: Sinistcha|Sinistcha, L50|87/100
|-heal|p1a: Gardevoir|88/100|[from] ability: Hospitality|[of] p1b: Sinistcha
|turn|5
|
|t:|1784800619
|move|p2b: Pelipper|Wide Guard|p2b: Pelipper
|-singleturn|p2b: Pelipper|Wide Guard
|move|p1b: Sinistcha|Rage Powder|p1b: Sinistcha
|-singleturn|p1b: Sinistcha|move: Rage Powder
|move|p2a: Archaludon|Electro Shot||[still]
|-prepare|p2a: Archaludon|Electro Shot
|-boost|p2a: Archaludon|spa|1
|-anim|p2a: Archaludon|Electro Shot|p1b: Sinistcha
|-resisted|p1b: Sinistcha|1
|-damage|p1b: Sinistcha|47/100
|move|p1a: Gardevoir|Trick Room|p1a: Gardevoir
|-fieldstart|move: Trick Room|[of] p1a: Gardevoir
|
|-weather|none
|-sideend|p2: jgm1234|move: Tailwind
|upkeep
|turn|6
|
|t:|1784800638
|switch|p2b: Sinistcha|Sinistcha, L50|100/100
|move|p1b: Sinistcha|Rage Powder|p1b: Sinistcha
|-singleturn|p1b: Sinistcha|move: Rage Powder
|move|p2a: Archaludon|Flash Cannon|p1b: Sinistcha
|-damage|p1b: Sinistcha|0 fnt
|faint|p1b: Sinistcha
|move|p1a: Gardevoir|Hyper Voice|p2a: Archaludon|[spread] p2a,p2b
|-damage|p2a: Archaludon|50/100g
|-damage|p2b: Sinistcha|50/100g
|-ability|p2a: Archaludon|Stamina|boost
|-boost|p2a: Archaludon|def|1
|
|-heal|p2a: Archaludon|56/100|[from] item: Leftovers
|upkeep
|
|t:|1784800643
|switch|p1b: Incineroar|Incineroar, L50, M|35/100
|-ability|p1b: Incineroar|Intimidate|boost
|-unboost|p2a: Archaludon|atk|1
|-unboost|p2b: Sinistcha|atk|1
|turn|7
|
|t:|1784800656
|switch|p2b: Swampert|Swampert-Mega, L50, F|90/100 slp
|move|p2a: Archaludon|Protect|p2a: Archaludon
|-singleturn|p2a: Archaludon|Protect
|move|p1b: Incineroar|Darkest Lariat|p2b: Swampert
|-damage|p2b: Swampert|64/100 slp
|move|p1a: Gardevoir|Hyper Voice|p2a: Archaludon|[spread] p2b
|-activate|p2a: Archaludon|move: Protect
|-damage|p2b: Swampert|17/100 slp
|
|-heal|p2a: Archaludon|62/100|[from] item: Leftovers
|upkeep
|turn|8
|
|t:|1784800671
|switch|p2b: Sinistcha|Sinistcha, L50|50/100g
|-heal|p2a: Archaludon|87/100|[from] ability: Hospitality|[of] p2b: Sinistcha
|move|p1b: Incineroar|Darkest Lariat|p2a: Archaludon
|-damage|p2a: Archaludon|62/100
|-ability|p2a: Archaludon|Stamina|boost
|-boost|p2a: Archaludon|def|1
|move|p2a: Archaludon|Flash Cannon|p1a: Gardevoir
|-supereffective|p1a: Gardevoir|1
|-damage|p1a: Gardevoir|0 fnt
|faint|p1a: Gardevoir
|
|-heal|p2a: Archaludon|69/100|[from] item: Leftovers
|upkeep
|turn|9
|-message|standardamerican forfeited.
|
|win|jgm1234
|raw|standardamerican's rating: 1194 → 1181(-13 for losing)
|raw|jgm1234's rating: 1368 → 1379(+11 for winning)
|l|☆jgm1234
|player|p2|
|l| probboffet yt3
