|j|☆Eagleknight
|j|☆Gabeeel
|html|EagleknightGabeeel    
|uhtml|bestof|Game 2 of a best-of-3
|t:|1757707272
|gametype|doubles
|player|p1|Eagleknight|hilbert|1122
|player|p2|Gabeeel|iris|1184
|gen|9
|tier|[Gen 9] VGC 2025 Reg H (Bo3)
|rated|
|rule|Species Clause: Limit one of each Pokémon
|rule|Item Clause: Limit 1 of each item
|clearpoke
|poke|p1|Typhlosion-Hisui, L50, M|
|poke|p1|Whimsicott, L50, F|
|poke|p1|Rillaboom, L50, M|
|poke|p1|Sneasler, L50, F|
|poke|p1|Electabuzz, L50, M|
|poke|p1|Ursaluna-Bloodmoon, L50, M|
|poke|p2|Tyranitar, L50, F|
|poke|p2|Excadrill, L50, M|
|poke|p2|Kilowattrel, L50, F|
|poke|p2|Amoonguss, L50, M|
|poke|p2|Farigiraf, L50, F|
|poke|p2|Mienshao, L50, F|
|teampreview|4
|showteam|p1|Typhlosion-Hisui||Charcoal|Blaze|Eruption,Overheat,ShadowBall,Protect|||M|||50|,,,,,Fire]Whimsicott||CovertCloak|Prankster|Moonblast,SunnyDay,Tailwind,Encore|||F|||50|,,,,,Water]Rillaboom||AssaultVest|GrassySurge|WoodHammer,GrassyGlide,Uturn,FakeOut|||M|||50|,,,,,Fire]Sneasler||GrassySeed|Unburden|DireClaw,CloseCombat,ThroatChop,Protect|||F|||50|,,,,,Dark]Electabuzz||Eviolite|Static|Electroweb,FollowMe,Taunt,Protect|||M|||50|,,,,,Dragon]Ursaluna-Bloodmoon||LifeOrb|MindsEye|BloodMoon,HyperVoice,EarthPower,Protect|||M|||50|,,,,,Normal
|showteam|p2|Tyranitar||AssaultVest|SandStream|RockSlide,KnockOff,LowKick,IcyWind|||F|||50|,,,,,Flying]Excadrill||ClearAmulet|SandRush|HighHorsepower,IronHead,Earthquake,Protect|||M|||50|,,,,,Ghost]Kilowattrel||CovertCloak|Competitive|Thunderbolt,AirSlash,Tailwind,Protect|||F|||50|,,,,,Steel]Amoonguss||RockyHelmet|Regenerator|Spore,RagePowder,SludgeBomb,Protect|||M|||50|,,,,,Psychic]Farigiraf||ThroatSpray|ArmorTail|HyperVoice,PsychicNoise,HelpingHand,TrickRoom|||F|||50|,,,,,Fairy]Mienshao||FocusSash|InnerFocus|CloseCombat,IceSpinner,Taunt,WideGuard|||F|||50|,,,,,Dark
|
|t:|1757707316
|teamsize|p1|4
|teamsize|p2|4
|start
|switch|p1a: Typhlosion|Typhlosion-Hisui, L50, M|100/100
|switch|p1b: Whimsicott|Whimsicott, L50, F|100/100
|switch|p2a: Tyranitar|Tyranitar, L50, F|100/100
|switch|p2b: Girafas|Farigiraf, L50, F|100/100
|-weather|Sandstorm|[from] ability: Sand Stream|[of] p2a: Tyranitar
|turn|1
|inactive|Battle timer is ON: inactive players will automatically lose when time's up. (requested by Gabeeel)
|
|t:|1757707398
|-terastallize|p1a: Typhlosion|Fire
|move|p1b: Whimsicott|Sunny Day|p1b: Whimsicott
|-weather|SunnyDay
|move|p1a: Typhlosion|Eruption|p2a: Tyranitar|[spread] p2a,p2b
|-resisted|p2a: Tyranitar
|-damage|p2a: Tyranitar|60/100
|-damage|p2b: Girafas|0 fnt
|faint|p2b: Girafas
|move|p2a: Tyranitar|Knock Off|p1a: Typhlosion
|-damage|p1a: Typhlosion|28/100
|-enditem|p1a: Typhlosion|Charcoal|[from] move: Knock Off|[of] p2a: Tyranitar
|
|-weather|SunnyDay|[upkeep]
|upkeep
|
|t:|1757707415
|switch|p2b: Excadrill|Excadrill, L50, M|100/100
|turn|2
|
|t:|1757707423
|switch|p2a: Mienshao|Mienshao, L50, F|100/100
|move|p2b: Excadrill|Protect|p2b: Excadrill
|-singleturn|p2b: Excadrill|Protect
|move|p1b: Whimsicott|Tailwind|p1b: Whimsicott
|-sidestart|p1: Eagleknight|move: Tailwind
|move|p1a: Typhlosion|Overheat|p2a: Mienshao
|-enditem|p2a: Mienshao|Focus Sash
|-damage|p2a: Mienshao|1/100
|-unboost|p1a: Typhlosion|spa|2
|
|-weather|SunnyDay|[upkeep]
|upkeep
|turn|3
|inactive|Eagleknight has 30 seconds left.
|
|t:|1757707449
|switch|p2b: Tyranitar|Tyranitar, L50, F|60/100
|-weather|Sandstorm|[from] ability: Sand Stream|[of] p2b: Tyranitar
|move|p1b: Whimsicott|Sunny Day|p1b: Whimsicott
|-weather|SunnyDay
|move|p1a: Typhlosion|Overheat|p2b: Tyranitar
|-resisted|p2b: Tyranitar
|-damage|p2b: Tyranitar|29/100
|-unboost|p1a: Typhlosion|spa|2
|move|p2a: Mienshao|Ice Spinner|p1b: Whimsicott
|-supereffective|p1b: Whimsicott
|-damage|p1b: Whimsicott|32/100
|
|-weather|SunnyDay|[upkeep]
|upkeep
|turn|4
|inactive|Eagleknight has 30 seconds left.
|inactive|Gabeeel has 30 seconds left.
|
|t:|1757707480
|switch|p2b: Excadrill|Excadrill, L50, M|100/100
|move|p1b: Whimsicott|Moonblast|p2b: Excadrill
|-resisted|p2b: Excadrill
|-damage|p2b: Excadrill|83/100
|move|p1a: Typhlosion|Shadow Ball|p2a: Mienshao
|-damage|p2a: Mienshao|0 fnt
|faint|p2a: Mienshao
|
|-weather|SunnyDay|[upkeep]
|upkeep
|
|t:|1757707487
|switch|p2a: Tyranitar|Tyranitar, L50, F|29/100
|-weather|Sandstorm|[from] ability: Sand Stream|[of] p2a: Tyranitar
|turn|5
|inactive|Eagleknight has 30 seconds left.
|inactive|Eagleknight has 20 seconds left.
|inactive|Eagleknight has 15 seconds left.
|inactive|Eagleknight has 10 seconds left.
|
|t:|1757707534
|move|p2b: Excadrill|Protect|p2b: Excadrill
|-singleturn|p2b: Excadrill|Protect
|move|p1b: Whimsicott|Sunny Day|p1b: Whimsicott
|-weather|SunnyDay
|move|p1a: Typhlosion|Overheat|p2b: Excadrill
|-activate|p2b: Excadrill|move: Protect
|move|p2a: Tyranitar|Rock Slide|p1b: Whimsicott|[spread] p1a,p1b
|-supereffective|p1a: Typhlosion
|-damage|p1a: Typhlosion|0 fnt
|-damage|p1b: Whimsicott|0 fnt
|faint|p1a: Typhlosion
|faint|p1b: Whimsicott
|
|-weather|SunnyDay|[upkeep]
|-sideend|p1: Eagleknight|move: Tailwind
|upkeep
|
|t:|1757707548
|switch|p1b: Sneasler|Sneasler, L50, F|100/100
|switch|p1a: Ursaluna|Ursaluna-Bloodmoon, L50, M|100/100
|turn|6
|
|t:|1757707562
|-terastallize|p2b: Excadrill|Ghost
|move|p1b: Sneasler|Protect|p1b: Sneasler
|-singleturn|p1b: Sneasler|Protect
|move|p1a: Ursaluna|Protect|p1a: Ursaluna
|-singleturn|p1a: Ursaluna|Protect
|move|p2b: Excadrill|High Horsepower|p1b: Sneasler
|-activate|p1b: Sneasler|move: Protect
|move|p2a: Tyranitar|Low Kick|p1a: Ursaluna
|-activate|p1a: Ursaluna|move: Protect
|
|-weather|SunnyDay|[upkeep]
|upkeep
|turn|7
|
|t:|1757707586
|move|p2b: Excadrill|High Horsepower|p1b: Sneasler
|-supereffective|p1b: Sneasler
|-damage|p1b: Sneasler|0 fnt
|faint|p1b: Sneasler
|move|p1a: Ursaluna|Earth Power|p2a: Tyranitar
|-supereffective|p2a: Tyranitar
|-damage|p2a: Tyranitar|0 fnt
|faint|p2a: Tyranitar
|-damage|p1a: Ursaluna|91/100|[from] item: Life Orb
|
|-weather|SunnyDay|[upkeep]
|upkeep
|turn|8
|
|t:|1757707607
|move|p2b: Excadrill|Iron Head|p1a: Ursaluna
|-damage|p1a: Ursaluna|59/100
|move|p1a: Ursaluna|Blood Moon|p2b: Excadrill
|-damage|p2b: Excadrill|0 fnt
|faint|p2b: Excadrill
|-damage|p1a: Ursaluna|49/100|[from] item: Life Orb
|
|win|Eagleknight
||Gabeeel is ready for game 3.
||Eagleknight is ready for game 3.
|uhtml|next|Next: Game 3 of 3
