|j|☆salmoncashew
|j|☆aletito
|html|salmoncashewaletito    
|uhtml|bestof|Game 1 of a best-of-3
|t:|1783732291
|gametype|doubles
|player|p1|salmoncashew|caitlin|1197
|player|p2|aletito|170|1113
|gen|9
|tier|[Gen 9 Champions] VGC 2026 Reg M-B (Bo3)
|rated|
|rule|Species Clause: Limit one of each Pokémon
|rule|Item Clause: Limit 1 of each item
|clearpoke
|poke|p1|Whimsicott, L50, F|
|poke|p1|Sneasler, L50, F|
|poke|p1|Basculegion, L50, M|
|poke|p1|Incineroar, L50, M, shiny|
|poke|p1|Pyroar, L50, F, shiny|
|poke|p1|Garchomp, L50, M|
|poke|p2|Charizard, L50, M|
|poke|p2|Sylveon, L50, M|
|poke|p2|Incineroar, L50, M|
|poke|p2|Aerodactyl, L50, F|
|poke|p2|Metagross, L50|
|poke|p2|Garchomp, L50, F|
|teampreview|4
|showteam|p1|Whimsicott||FocusSash|Prankster|Protect,Tailwind,SunnyDay,Moonblast|Timid||F|||50|]Sneasler||WhiteHerb|Unburden|Protect,CloseCombat,ThroatChop,GunkShot|Adamant||F|||50|]Basculegion||ChoiceScarf|Adaptability|LastRespects,FlipTurn,WaveCrash,AquaJet|Jolly||M|||50|]Incineroar||SitrusBerry|Intimidate|FakeOut,PartingShot,ThroatChop,FlareBlitz|Adamant||M|||50|]Pyroar||Pyroarite|Unnerve|Protect,HeatWave,Overheat,SolarBeam|Timid||F|||50|]Garchomp||LifeOrb|RoughSkin|Earthquake,DragonClaw,StompingTantrum,Protect|Adamant||M|||50|
|showteam|p2|Charizard||CharizarditeY|Blaze|HeatWave,WeatherBall,SolarBeam,Protect|Timid||M|||50|]Sylveon||FairyFeather|Pixilate|HyperBeam,QuickAttack,Detect,HyperVoice|Modest||M|||50|]Incineroar||SitrusBerry|Intimidate|FlareBlitz,DarkestLariat,FakeOut,PartingShot|Careful||M|||50|]Aerodactyl||FocusSash|Unnerve|Protect,Tailwind,DualWingbeat,RockSlide|Jolly||F|||50|]Metagross||Metagrossite|ClearBody|BulletPunch,BodyPress,PsychicFangs,Protect|Adamant|||||50|]Garchomp||LifeOrb|RoughSkin|Protect,RockSlide,Earthquake,DragonClaw|Jolly||F|||50|
|inactive|Battle timer is ON: inactive players will automatically lose when time's up. (requested by salmoncashew)
|inactive|aletito has 60 seconds left.
|
|t:|1783732334
|teamsize|p1|4
|teamsize|p2|4
|start
|switch|p1a: Whimsicott|Whimsicott, L50, F|100/100
|switch|p1b: Basculegion|Basculegion, L50, M|100/100
|switch|p2a: Aerodactyl|Aerodactyl, L50, F|100/100
|switch|p2b: Garchomp|Garchomp, L50, F|100/100
|-ability|p2a: Aerodactyl|Unnerve
|turn|1
|inactive|salmoncashew has 30 seconds left.
|
|t:|1783732366
|move|p1b: Basculegion|Flip Turn|p2a: Aerodactyl
|-supereffective|p2a: Aerodactyl|1
|-enditem|p2a: Aerodactyl|Focus Sash
|-damage|p2a: Aerodactyl|1/100
|
|t:|1783732370
|switch|p1b: Garchomp|Garchomp, L50, M|100/100|[from] Flip Turn
|move|p2a: Aerodactyl|Tailwind|p2a: Aerodactyl
|-sidestart|p2: aletito|move: Tailwind
|move|p2b: Garchomp|Earthquake|p1a: Whimsicott|[spread] p1a,p1b
|-immune|p2a: Aerodactyl
|-resisted|p1a: Whimsicott|1
|-damage|p1a: Whimsicott|67/100
|-damage|p1b: Garchomp|46/100
|-damage|p2b: Garchomp|90/100|[from] item: Life Orb
|move|p1a: Whimsicott|Moonblast|p2b: Garchomp
|-supereffective|p2b: Garchomp|1
|-damage|p2b: Garchomp|31/100
|
|upkeep
|turn|2
|inactive|aletito has 30 seconds left.
|
|t:|1783732398
|switch|p2a: Sylveon|Sylveon, L50, M|100/100
|switch|p1b: Basculegion|Basculegion, L50, M|100/100
|move|p1a: Whimsicott|Tailwind|p1a: Whimsicott
|-sidestart|p1: salmoncashew|move: Tailwind
|move|p2b: Garchomp|Dragon Claw|p1b: Basculegion
|-damage|p1b: Basculegion|36/100
|-damage|p2b: Garchomp|21/100|[from] item: Life Orb
|
|upkeep
|turn|3
|
|t:|1783732416
|move|p1b: Basculegion|Flip Turn|p2a: Sylveon
|-damage|p2a: Sylveon|56/100
|
|t:|1783732418
|switch|p1b: Pyroar|Pyroar, L50, F, shiny|100/100|[from] Flip Turn
|-ability|p1b: Pyroar|Unnerve
|move|p1a: Whimsicott|Moonblast|p2b: Garchomp
|-supereffective|p2b: Garchomp|1
|-damage|p2b: Garchomp|0 fnt
|faint|p2b: Garchomp
|move|p2a: Sylveon|Hyper Voice|p1b: Pyroar|[spread] p1a,p1b
|-resisted|p1b: Pyroar|1
|-damage|p1a: Whimsicott|0 fnt
|-damage|p1b: Pyroar|61/100
|faint|p1a: Whimsicott
|
|upkeep
|
|t:|1783732436
|switch|p1a: Basculegion|Basculegion, L50, M|36/100
|switch|p2b: Charizard|Charizard, L50, M|100/100
|turn|4
|
|t:|1783732459
|detailschange|p1b: Pyroar|Pyroar-Mega, L50, F, shiny
|-mega|p1b: Pyroar|Pyroar|Pyroarite
|detailschange|p2b: Charizard|Charizard-Mega-Y, L50, M
|-mega|p2b: Charizard|Charizard|Charizardite Y
|-weather|SunnyDay|[from] ability: Drought|[of] p2b: Charizard
|move|p1a: Basculegion|Flip Turn|p2b: Charizard
|-supereffective|p2b: Charizard|1
|-damage|p2b: Charizard|56/100
|
|t:|1783732466
|switch|p1a: Garchomp|Garchomp, L50, M|46/100|[from] Flip Turn
|move|p1b: Pyroar|Heat Wave|p2a: Sylveon|[spread] p2b
|-miss|p1b: Pyroar|p2a: Sylveon
|-resisted|p2b: Charizard|1
|-damage|p2b: Charizard|20/100y
|move|p2b: Charizard|Heat Wave|p1a: Garchomp|[spread] p1a,p1b
|-resisted|p1a: Garchomp|1
|-resisted|p1b: Pyroar|1
|-damage|p1a: Garchomp|14/100
|-damage|p1b: Pyroar|22/100
|move|p2a: Sylveon|Hyper Voice|p1b: Pyroar|[spread] p1a,p1b
|-supereffective|p1a: Garchomp|1
|-resisted|p1b: Pyroar|1
|-damage|p1a: Garchomp|0 fnt
|-damage|p1b: Pyroar|0 fnt
|faint|p1a: Garchomp
|faint|p1b: Pyroar
|
|-weather|SunnyDay|[upkeep]
|-sideend|p2: aletito|move: Tailwind
|upkeep
|
|t:|1783732471
|switch|p1b: Basculegion|Basculegion, L50, M|36/100
|turn|5
|
|t:|1783732478
|move|p1b: Basculegion|Last Respects|p2a: Sylveon
|-damage|p2a: Sylveon|0 fnt
|faint|p2a: Sylveon
|move|p2b: Charizard|Solar Beam||[still]
|-prepare|p2b: Charizard|Solar Beam
|-anim|p2b: Charizard|Solar Beam|p1b: Basculegion
|-supereffective|p1b: Basculegion|1
|-damage|p1b: Basculegion|0 fnt
|faint|p1b: Basculegion
|
|win|aletito
