|j|☆BenniOVY
|j|☆Fedemitra9
|html|BenniOVYFedemitra9    
|uhtml|bestof|Game 2 of a best-of-3
|t:|1786012199
|gametype|doubles
|player|p1|BenniOVY|psychic-gen4|1373
|player|p2|Fedemitra9|lucas|1468
|gen|9
|tier|[Gen 9 Champions] VGC 2026 Reg M-B (Bo3)
|rated|
|rule|Species Clause: Limit one of each Pokémon
|rule|Item Clause: Limit 1 of each item
|clearpoke
|poke|p1|Delphox, L50, F, shiny|
|poke|p1|Incineroar, L50, M|
|poke|p1|Blastoise, L50, F|
|poke|p1|Kingambit, L50, F|
|poke|p1|Sinistcha, L50|
|poke|p1|Sneasler, L50, F, shiny|
|poke|p2|Froslass, L50, F|
|poke|p2|Basculegion, L50, M|
|poke|p2|Kingambit, L50, M|
|poke|p2|Sneasler, L50, F|
|poke|p2|Lycanroc-Dusk, L50, F|
|poke|p2|Scovillain, L50, F, shiny|
|teampreview|4
|showteam|p1|Delphox||Delphoxite|Blaze|HeatWave,Psychic,NastyPlot,Protect|Timid||F|||50|]Incineroar||SitrusBerry|Intimidate|FlareBlitz,PartingShot,HelpingHand,FakeOut|Careful||M|||50|]Blastoise||Blastoisinite|Torrent|WaterSpout,DarkPulse,ShellSmash,Protect|Modest||F|||50|]Kingambit||LifeOrb|Defiant|KowtowCleave,SuckerPunch,SwordsDance,Protect|Adamant||F|||50|]Sinistcha||KasibBerry|Hospitality|MatchaGotcha,RagePowder,TrickRoom,Protect|Bold|||||50|]Sneasler||FocusSash|PoisonTouch|CloseCombat,PoisonJab,FakeOut,QuickGuard|Adamant||F|||50|
|showteam|p2|Froslass||Froslassite|CursedBody|Blizzard,ShadowBall,AuroraVeil,Protect|Timid||F|||50|]Basculegion||SitrusBerry|Adaptability|WaveCrash,LastRespects,AquaJet,Protect|Adamant||M|||50|]Kingambit||LifeOrb|Defiant|KowtowCleave,SuckerPunch,SwordsDance,Protect|Adamant||M|||50|]Sneasler||WhiteHerb|Unburden|CloseCombat,DireClaw,Protect,FakeOut|Adamant||F|||50|]Lycanroc-Dusk||FocusSash|ToughClaws|CloseCombat,Accelerock,RockSlide,Protect|Adamant||F|||50|]Scovillain||Scovillainite|Moody|GigaDrain,Overheat,RagePowder,Protect|Bold||F|||50|
|inactive|Battle timer is ON: inactive players will automatically lose when time's up. (requested by BenniOVY)
|
|t:|1786012218
|teamsize|p1|4
|teamsize|p2|4
|start
|switch|p1a: Blastoise|Blastoise, L50, F|100/100
|switch|p1b: Sneasler|Sneasler, L50, F, shiny|100/100
|switch|p2a: Scovillain|Scovillain, L50, F, shiny|100/100
|switch|p2b: Basculegion|Basculegion, L50, M|100/100
|turn|1
|inactive|Fedemitra9 has 30 seconds left.
|inactive|Fedemitra9 has 20 seconds left.
|inactive|Fedemitra9 has 15 seconds left.
|inactive|Fedemitra9 has 10 seconds left.
|
|t:|1786012265
|detailschange|p1a: Blastoise|Blastoise-Mega, L50, F
|-mega|p1a: Blastoise|Blastoise|Blastoisinite
|detailschange|p2a: Scovillain|Scovillain-Mega, L50, F, shiny
|-mega|p2a: Scovillain|Scovillain|Scovillainite
|move|p1b: Sneasler|Fake Out|p2a: Scovillain
|-damage|p2a: Scovillain|84/100
|-status|p1b: Sneasler|brn|[from] ability: Spicy Spray|[of] p2a: Scovillain
|cant|p2a: Scovillain|flinch
|move|p1a: Blastoise|Shell Smash|p1a: Blastoise
|-unboost|p1a: Blastoise|def|1
|-unboost|p1a: Blastoise|spd|1
|-boost|p1a: Blastoise|atk|2
|-boost|p1a: Blastoise|spa|2
|-boost|p1a: Blastoise|spe|2
|move|p2b: Basculegion|Wave Crash|p1a: Blastoise
|-resisted|p1a: Blastoise|1
|-damage|p1a: Blastoise|44/100
|-damage|p2b: Basculegion|86/100|[from] Recoil
|
|-damage|p1b: Sneasler|94/100 brn|[from] brn
|upkeep
|turn|2
|inactive|Fedemitra9 has 30 seconds left.
|c|☆BenniOVY|That sycks
|c|☆BenniOVY|a lot omao
|inactive|Fedemitra9 has 20 seconds left.
|inactive|Fedemitra9 has 15 seconds left.
|inactive|Fedemitra9 has 10 seconds left.
|
|t:|1786012313
|switch|p1b: Sinistcha|Sinistcha, L50|100/100
|-heal|p1a: Blastoise|69/100|[from] ability: Hospitality|[of] p1b: Sinistcha
|move|p1a: Blastoise|Protect|p1a: Blastoise
|-singleturn|p1a: Blastoise|Protect
|move|p2a: Scovillain|Overheat|p1b: Sinistcha
|-supereffective|p1b: Sinistcha|1
|-damage|p1b: Sinistcha|0 fnt
|-unboost|p2a: Scovillain|spa|2
|faint|p1b: Sinistcha
|move|p2b: Basculegion|Wave Crash|p1a: Blastoise
|-activate|p1a: Blastoise|move: Protect
|
|upkeep
|
|t:|1786012328
|switch|p1b: Incineroar|Incineroar, L50, M|100/100
|-ability|p1b: Incineroar|Intimidate|boost
|-unboost|p2a: Scovillain|atk|1
|-unboost|p2b: Basculegion|atk|1
|turn|3
|
|t:|1786012349
|move|p1b: Incineroar|Helping Hand|p1a: Blastoise
|-singleturn|p1a: Blastoise|Helping Hand|[of] p1b: Incineroar
|move|p2a: Scovillain|Protect|p2a: Scovillain
|-singleturn|p2a: Scovillain|Protect
|move|p2b: Basculegion|Protect|p2b: Basculegion
|-singleturn|p2b: Basculegion|Protect
|move|p1a: Blastoise|Water Spout|p2a: Scovillain|[spread] 
|-activate|p2a: Scovillain|move: Protect
|-activate|p2b: Basculegion|move: Protect
|
|upkeep
|turn|4
|inactive|Fedemitra9 has 30 seconds left.
|
|t:|1786012380
|move|p2a: Scovillain|Rage Powder|p2a: Scovillain
|-singleturn|p2a: Scovillain|move: Rage Powder
|move|p1a: Blastoise|Dark Pulse|p2a: Scovillain
|-damage|p2a: Scovillain|0 fnt
|-status|p1a: Blastoise|brn|[from] ability: Spicy Spray|[of] p2a: Scovillain
|faint|p2a: Scovillain
|move|p2b: Basculegion|Wave Crash|p1b: Incineroar
|-supereffective|p1b: Incineroar|1
|-damage|p1b: Incineroar|10/100
|-enditem|p1b: Incineroar|Sitrus Berry|[eat]
|-heal|p1b: Incineroar|35/100|[from] item: Sitrus Berry
|-damage|p2b: Basculegion|59/100|[from] Recoil
|move|p1b: Incineroar|Parting Shot|p2b: Basculegion
|-unboost|p2b: Basculegion|atk|1
|-unboost|p2b: Basculegion|spa|1
|
|t:|1786012384
|switch|p1b: Sneasler|Sneasler, L50, F, shiny|94/100 brn|[from] Parting Shot
|
|-damage|p1a: Blastoise|63/100 brn|[from] brn
|-damage|p1b: Sneasler|88/100 brn|[from] brn
|upkeep
|c|☆BenniOVY|Noooooo
|c|☆BenniOVY|I got the call wrong
|
|t:|1786012409
|switch|p2a: Lycanroc|Lycanroc-Dusk, L50, F|100/100
|turn|5
|
|t:|1786012425
|switch|p1b: Incineroar|Incineroar, L50, M|35/100
|-ability|p1b: Incineroar|Intimidate|boost
|-unboost|p2a: Lycanroc|atk|1
|-unboost|p2b: Basculegion|atk|1
|switch|p2b: Kingambit|Kingambit, L50, M|100/100
|move|p2a: Lycanroc|Protect|p2a: Lycanroc
|-singleturn|p2a: Lycanroc|Protect
|move|p1a: Blastoise|Dark Pulse|p2b: Kingambit
|-resisted|p2b: Kingambit|1
|-damage|p2b: Kingambit|57/100
|
|-damage|p1a: Blastoise|57/100 brn|[from] brn
|upkeep
|turn|6
|inactive|BenniOVY has 30 seconds left.
|inactive|Fedemitra9 has 30 seconds left.
|
|t:|1786012461
|move|p1b: Incineroar|Fake Out|p2a: Lycanroc
|-resisted|p2a: Lycanroc|1
|-damage|p2a: Lycanroc|90/100
|move|p2b: Kingambit|Sucker Punch||[still]
|-fail|p2b: Kingambit
|move|p1a: Blastoise|Shell Smash|p1a: Blastoise
|-unboost|p1a: Blastoise|def|1
|-unboost|p1a: Blastoise|spd|1
|-boost|p1a: Blastoise|atk|2
|-boost|p1a: Blastoise|spa|2
|-boost|p1a: Blastoise|spe|2
|cant|p2a: Lycanroc|flinch
|
|-damage|p1a: Blastoise|51/100 brn|[from] brn
|upkeep
|turn|7
|inactive|Fedemitra9 has 30 seconds left.
|inactive|Fedemitra9 has 20 seconds left.
|inactive|Fedemitra9 has 15 seconds left.
|
|t:|1786012502
|move|p1a: Blastoise|Protect|p1a: Blastoise
|-singleturn|p1a: Blastoise|Protect
|move|p2a: Lycanroc|Accelerock|p1b: Incineroar
|-supereffective|p1b: Incineroar|1
|-crit|p1b: Incineroar
|-damage|p1b: Incineroar|0 fnt
|faint|p1b: Incineroar
|move|p2b: Kingambit|Kowtow Cleave|p1a: Blastoise
|-activate|p1a: Blastoise|move: Protect
|
|-damage|p1a: Blastoise|46/100 brn|[from] brn
|upkeep
|
|t:|1786012512
|switch|p1b: Sneasler|Sneasler, L50, F, shiny|88/100 brn
|turn|8
|
|t:|1786012520
|move|p1b: Sneasler|Quick Guard|p1b: Sneasler
|-singleturn|p1b: Sneasler|Quick Guard
|move|p2b: Kingambit|Sucker Punch|p1a: Blastoise
|-activate|p1a: Blastoise|move: Quick Guard
|move|p1a: Blastoise|Water Spout|p2b: Kingambit|[spread] p2a,p2b
|-supereffective|p2a: Lycanroc|1
|-damage|p2a: Lycanroc|0 fnt
|-damage|p2b: Kingambit|0 fnt
|faint|p2a: Lycanroc
|faint|p2b: Kingambit
|
|-damage|p1a: Blastoise|40/100 brn|[from] brn
|-damage|p1b: Sneasler|82/100 brn|[from] brn
|upkeep
|
|t:|1786012529
|switch|p2b: Basculegion|Basculegion, L50, M|59/100
|turn|9
|-message|Fedemitra9 forfeited.
|
|win|BenniOVY
||BenniOVY is ready for game 3.
||Fedemitra9 is ready for game 3.
|uhtml|next|Next: Game 3 of 3
|l|☆BenniOVY
|player|p1|
