|j|☆RealRagingBolt
|j|☆Daniw9
|html|RealRagingBoltDaniw9    
|uhtml|bestof|Game 2 of a best-of-3
|t:|1756571966
|gametype|doubles
|player|p1|RealRagingBolt|volkner|1233
|player|p2|Daniw9|266|1253
|gen|9
|tier|[Gen 9] VGC 2025 Reg H (Bo3)
|rated|
|rule|Species Clause: Limit one of each Pokémon
|rule|Item Clause: Limit 1 of each item
|clearpoke
|poke|p1|Garchomp, L50, F|
|poke|p1|Gholdengo, L50|
|poke|p1|Talonflame, L50, M|
|poke|p1|Amoonguss, L50, M|
|poke|p1|Tyranitar, L50, M|
|poke|p1|Basculegion, L50, M|
|poke|p2|Garchomp, L50, M|
|poke|p2|Tyranitar, L50, M|
|poke|p2|Delphox, L50, M|
|poke|p2|Indeedee-F, L50, F|
|poke|p2|Gallade, L50, M|
|poke|p2|Whimsicott, L50, M|
|teampreview|4
|showteam|p1|Garchomp||LifeOrb|RoughSkin|DragonClaw,StompingTantrum,Earthquake,Protect|||F|||50|,,,,,Steel]Gholdengo||MetalCoat|GoodasGold|MakeItRain,ShadowBall,NastyPlot,Protect||||||50|,,,,,Water]Talonflame||CovertCloak|GaleWings|BraveBird,WillOWisp,Tailwind,Taunt|||M|||50|,,,,,Ghost]Amoonguss||SitrusBerry|Regenerator|PollenPuff,Spore,RagePowder,Protect|||M|||50|,,,,,Water]Tyranitar||AssaultVest|SandStream|KnockOff,RockSlide,LowKick,TeraBlast|||M|||50|,,,,,Flying]Basculegion||ChoiceScarf|Adaptability|WaveCrash,LastRespects,FlipTurn,AquaJet|||M|||50|,,,,,Water
|showteam|p2|Garchomp||LifeOrb|SandVeil|Earthquake,StompingTantrum,Protect,DragonClaw|||M|||50|,,,,,Steel]Tyranitar||AssaultVest|SandStream|RockSlide,TeraBlast,KnockOff,LowKick|||M|||50|,,,,,Flying]Delphox||PsychicSeed|Magician|ExpandingForce,HeatWave,TeraBlast,Protect|||M|||50|,,,,,Fairy]Indeedee-F||SafetyGoggles|PsychicSurge|DazzlingGleam,TrickRoom,FollowMe,HelpingHand|||F|||50|,,,,,Water]Gallade||ClearAmulet|Sharpness|SacredSword,PsychoCut,TrickRoom,Protect|||M|||50|,,,,,Grass]Whimsicott||CovertCloak|Prankster|Moonblast,Tailwind,Encore,Protect|||M|||50|,,,,,Ghost
|
|t:|1756571988
|teamsize|p1|4
|teamsize|p2|4
|start
|switch|p1a: Gholdengo|Gholdengo, L50|100/100
|switch|p1b: Amoonguss|Amoonguss, L50, M|100/100
|switch|p2a: Garchomp|Garchomp, L50, M|100/100
|switch|p2b: Whimsicott|Whimsicott, L50, M|100/100
|turn|1
|
|t:|1756572005
|-terastallize|p1a: Gholdengo|Water
|move|p2b: Whimsicott|Tailwind|p2b: Whimsicott
|-sidestart|p2: Daniw9|move: Tailwind
|move|p2a: Garchomp|Stomping Tantrum|p1a: Gholdengo
|-damage|p1a: Gholdengo|37/100
|-damage|p2a: Garchomp|91/100|[from] item: Life Orb
|move|p1a: Gholdengo|Nasty Plot|p1a: Gholdengo
|-boost|p1a: Gholdengo|spa|2
|move|p1b: Amoonguss|Spore|p2a: Garchomp
|-status|p2a: Garchomp|slp|[from] move: Spore
|
|upkeep
|turn|2
|
|t:|1756572016
|move|p2b: Whimsicott|Moonblast|p1a: Gholdengo
|-damage|p1a: Gholdengo|9/100
|cant|p2a: Garchomp|slp
|move|p1a: Gholdengo|Make It Rain|p2a: Garchomp|[spread] p2a,p2b
|-supereffective|p2b: Whimsicott
|-damage|p2a: Garchomp|0 fnt
|-damage|p2b: Whimsicott|0 fnt
|-unboost|p1a: Gholdengo|spa|1
|faint|p2a: Garchomp
|faint|p2b: Whimsicott
|move|p1b: Amoonguss|Pollen Puff|p1a: Gholdengo
|-heal|p1a: Gholdengo|59/100
|
|upkeep
|
|t:|1756572021
|switch|p2b: Indeedee|Indeedee-F, L50, F|100/100
|switch|p2a: Tyranitar|Tyranitar, L50, M|100/100
|-weather|Sandstorm|[from] ability: Sand Stream|[of] p2a: Tyranitar
|-fieldstart|move: Psychic Terrain|[from] ability: Psychic Surge|[of] p2b: Indeedee
|turn|3
|
|t:|1756572038
|move|p2b: Indeedee|Follow Me|p2b: Indeedee
|-singleturn|p2b: Indeedee|move: Follow Me
|move|p1b: Amoonguss|Rage Powder|p1b: Amoonguss
|-singleturn|p1b: Amoonguss|move: Rage Powder
|move|p2a: Tyranitar|Knock Off|p1b: Amoonguss
|-damage|p1b: Amoonguss|49/100
|-enditem|p1b: Amoonguss|Sitrus Berry|[from] move: Knock Off|[of] p2a: Tyranitar
|move|p1a: Gholdengo|Make It Rain|p2a: Tyranitar|[spread] p2a,p2b
|-supereffective|p2a: Tyranitar
|-damage|p2a: Tyranitar|30/100
|-damage|p2b: Indeedee|23/100
|-unboost|p1a: Gholdengo|spa|1
|
|-weather|Sandstorm|[upkeep]
|-damage|p1a: Gholdengo|52/100|[from] Sandstorm
|-damage|p1b: Amoonguss|43/100|[from] Sandstorm
|upkeep
|turn|4
|
|t:|1756572060
|move|p2b: Indeedee|Helping Hand|p2a: Tyranitar
|-singleturn|p2a: Tyranitar|Helping Hand|[of] p2b: Indeedee
|move|p2a: Tyranitar|Rock Slide|p1a: Gholdengo|[spread] p1a,p1b
|-damage|p1a: Gholdengo|5/100
|-damage|p1b: Amoonguss|0 fnt
|faint|p1b: Amoonguss
|cant|p1a: Gholdengo|flinch
|
|-weather|Sandstorm|[upkeep]
|-damage|p1a: Gholdengo|0 fnt|[from] Sandstorm
|faint|p1a: Gholdengo
|-sideend|p2: Daniw9|move: Tailwind
|upkeep
|
|t:|1756572066
|switch|p1a: Tyranitar|Tyranitar, L50, M|100/100
|switch|p1b: Talonflame|Talonflame, L50, M|100/100
|turn|5
|
|t:|1756572086
|move|p2b: Indeedee|Follow Me|p2b: Indeedee
|-singleturn|p2b: Indeedee|move: Follow Me
|move|p1b: Talonflame|Taunt|p2b: Indeedee
|-start|p2b: Indeedee|move: Taunt
|move|p1a: Tyranitar|Rock Slide|p2b: Indeedee|[spread] p2b
|-miss|p1a: Tyranitar|p2a: Tyranitar
|-damage|p2b: Indeedee|0 fnt
|faint|p2b: Indeedee
|move|p2a: Tyranitar|Low Kick|p1a: Tyranitar
|-supereffective|p1a: Tyranitar
|-crit|p1a: Tyranitar
|-damage|p1a: Tyranitar|0 fnt
|faint|p1a: Tyranitar
|
|-weather|Sandstorm|[upkeep]
|-damage|p1b: Talonflame|94/100|[from] Sandstorm
|upkeep
|turn|6
|
|t:|1756572097
|move|p1b: Talonflame|Brave Bird|p2a: Tyranitar
|-resisted|p2a: Tyranitar
|-damage|p2a: Tyranitar|17/100
|-damage|p1b: Talonflame|89/100|[from] Recoil
|move|p2a: Tyranitar|Rock Slide|p1b: Talonflame
|-supereffective|p1b: Talonflame
|-damage|p1b: Talonflame|0 fnt
|faint|p1b: Talonflame
|
|win|Daniw9
|raw|RealRagingBolt's rating: 1233 → 1209(-24 for losing)
|raw|Daniw9's rating: 1253 → 1277(+24 for winning)
|l|☆RealRagingBolt
|player|p1|
