|j|☆ChimpDoppio
|j|☆loveforvgc
|html|ChimpDoppioloveforvgc    
|uhtml|bestof|Game 1 of a best-of-3
|t:|1757198493
|gametype|doubles
|player|p1|ChimpDoppio|ingo|1212
|player|p2|loveforvgc|ghetsis|1214
|gen|9
|tier|[Gen 9] VGC 2025 Reg H (Bo3)
|rated|
|rule|Species Clause: Limit one of each Pokémon
|rule|Item Clause: Limit 1 of each item
|clearpoke
|poke|p1|Porygon2, L50|
|poke|p1|Ursaluna, L50, M|
|poke|p1|Volcarona, L50, F|
|poke|p1|Grimmsnarl, L50, M|
|poke|p1|Annihilape, L50, M|
|poke|p1|Hydreigon, L50, F|
|poke|p2|Kingambit, L50, M|
|poke|p2|Sneasler, L50, F|
|poke|p2|Rillaboom, L50, M|
|poke|p2|Dragonite, L50, M|
|poke|p2|Volcarona, L50, F|
|poke|p2|Electabuzz, L50, F|
|teampreview|4
|showteam|p1|Porygon2||Eviolite|Download|IceBeam,TeraBlast,Recover,TrickRoom||||||50|,,,,,Flying]Ursaluna||FlameOrb|Guts|Facade,Earthquake,HeadlongRush,Protect|||M|||50|,,,,,Ghost]Volcarona||SitrusBerry|FlameBody|GigaDrain,HeatWave,QuiverDance,RagePowder|||F|||50|,,,,,Dragon]Grimmsnarl||LightClay|Prankster|SpiritBreak,Reflect,LightScreen,PartingShot|||M|||50|,,,,,Ghost]Annihilape||SafetyGoggles|Defiant|Protect,BulkUp,DrainPunch,RageFist|||M|||50|,,,,,Water]Hydreigon||AssaultVest|Levitate|DracoMeteor,DarkPulse,EarthPower,FlashCannon|||F|||50|,,,,,Steel
|showteam|p2|Kingambit||BlackGlasses|Defiant|KowtowCleave,SuckerPunch,SwordsDance,Protect|||M|||50|,,,,,Ghost]Sneasler||FocusSash|Unburden|FakeOut,CloseCombat,DireClaw,Coaching|||F|||50|,,,,,Stellar]Rillaboom||AssaultVest|GrassySurge|FakeOut,WoodHammer,GrassyGlide,HighHorsepower|||M|||50|,,,,,Fire]Dragonite||LoadedDice|Multiscale|ScaleShot,ExtremeSpeed,Haze,Protect|||M|||50|,,,,,Fairy]Volcarona||Leftovers|FlameBody|HeatWave,TeraBlast,QuiverDance,Protect|||F|||50|,,,,,Fairy]Electabuzz||Eviolite|VitalSpirit|Electroweb,FollowMe,Taunt,Protect|||F|||50|,,,,,Dragon
|inactive|Battle timer is ON: inactive players will automatically lose when time's up. (requested by ChimpDoppio)
|inactive|loveforvgc has 60 seconds left.
|inactive|loveforvgc has 30 seconds left.
|inactive|loveforvgc has 20 seconds left.
|
|t:|1757198567
|teamsize|p1|4
|teamsize|p2|4
|start
|switch|p1a: Grimmsnarl|Grimmsnarl, L50, M|100/100
|switch|p1b: Porygon2|Porygon2, L50, shiny|100/100
|switch|p2a: Nightmare|Sneasler, L50, F|100/100
|switch|p2b: Shōgun|Kingambit, L50, M, shiny|100/100
|-ability|p1b: Porygon2|Download|boost
|-boost|p1b: Porygon2|atk|1
|turn|1
|inactive|ChimpDoppio has 30 seconds left.
|
|t:|1757198597
|move|p2a: Nightmare|Fake Out|p1b: Porygon2
|-damage|p1b: Porygon2|91/100
|move|p1a: Grimmsnarl|Reflect|p1a: Grimmsnarl
|-sidestart|p1: ChimpDoppio|Reflect
|move|p2b: Shōgun|Swords Dance|p2b: Shōgun
|-boost|p2b: Shōgun|atk|2
|cant|p1b: Porygon2|flinch
|
|upkeep
|turn|2
|inactive|ChimpDoppio has 30 seconds left.
|
|t:|1757198622
|switch|p2a: 1000volt|Electabuzz, L50, F|100/100
|switch|p1b: Volcarona|Volcarona, L50, F, shiny|100/100
|move|p1a: Grimmsnarl|Parting Shot|p2a: 1000volt
|-unboost|p2a: 1000volt|atk|1
|-unboost|p2a: 1000volt|spa|1
|
|t:|1757198631
|switch|p1a: Ursaluna|Ursaluna, L50, M|100/100|[from] Parting Shot
|move|p2b: Shōgun|Swords Dance|p2b: Shōgun
|-boost|p2b: Shōgun|atk|2
|
|-status|p1a: Ursaluna|brn|[from] item: Flame Orb
|upkeep
|turn|3
|inactive|loveforvgc has 30 seconds left.
|inactive|loveforvgc has 20 seconds left.
|inactive|loveforvgc has 15 seconds left.
|
|t:|1757198672
|switch|p2a: Kong|Rillaboom, L50, M|100/100
|-fieldstart|move: Grassy Terrain|[from] ability: Grassy Surge|[of] p2a: Kong
|move|p2b: Shōgun|Protect|p2b: Shōgun
|-singleturn|p2b: Shōgun|Protect
|move|p1b: Volcarona|Heat Wave|p2a: Kong|[spread] p2a
|-activate|p2b: Shōgun|move: Protect
|-supereffective|p2a: Kong
|-damage|p2a: Kong|54/100
|move|p1a: Ursaluna|Earthquake|p2b: Shōgun|[spread] p1b,p2a
|-activate|p2b: Shōgun|move: Protect
|-resisted|p2a: Kong
|-damage|p1b: Volcarona|82/100
|-damage|p2a: Kong|38/100
|
|-heal|p1b: Volcarona|88/100|[from] Grassy Terrain
|-heal|p2a: Kong|44/100|[from] Grassy Terrain
|-damage|p1a: Ursaluna|95/100 brn|[from] brn
|upkeep
|turn|4
|inactive|ChimpDoppio has 30 seconds left.
|
|t:|1757198700
|-terastallize|p2b: Shōgun|Ghost
|move|p2a: Kong|Grassy Glide|p1a: Ursaluna
|-supereffective|p1a: Ursaluna
|-damage|p1a: Ursaluna|61/100 brn
|move|p1b: Volcarona|Heat Wave|p2a: Kong|[spread] p2a,p2b
|-supereffective|p2a: Kong
|-damage|p2a: Kong|0 fnt
|-damage|p2b: Shōgun|75/100
|faint|p2a: Kong
|move|p2b: Shōgun|Kowtow Cleave|p1a: Ursaluna
|-damage|p1a: Ursaluna|0 fnt
|faint|p1a: Ursaluna
|
|-heal|p1b: Volcarona|94/100|[from] Grassy Terrain
|-heal|p2b: Shōgun|81/100|[from] Grassy Terrain
|upkeep
|
|t:|1757198720
|switch|p2a: Nightmare|Sneasler, L50, F|100/100
|switch|p1a: Porygon2|Porygon2, L50, shiny|91/100
|-ability|p1a: Porygon2|Download|boost
|-boost|p1a: Porygon2|atk|1
|turn|5
|inactive|ChimpDoppio has 30 seconds left.
|
|t:|1757198764
|-terastallize|p1a: Porygon2|Flying
|move|p2a: Nightmare|Fake Out|p1a: Porygon2
|-damage|p1a: Porygon2|84/100
|move|p1b: Volcarona|Quiver Dance|p1b: Volcarona
|-boost|p1b: Volcarona|spa|1
|-boost|p1b: Volcarona|spd|1
|-boost|p1b: Volcarona|spe|1
|move|p2b: Shōgun|Kowtow Cleave|p1b: Volcarona
|-damage|p1b: Volcarona|0 fnt
|-status|p2b: Shōgun|brn|[from] ability: Flame Body|[of] p1b: Volcarona
|faint|p1b: Volcarona
|cant|p1a: Porygon2|flinch
|
|-heal|p2b: Shōgun|87/100 brn|[from] Grassy Terrain
|-damage|p2b: Shōgun|81/100 brn|[from] brn
|upkeep
|
|t:|1757198773
|switch|p1b: Grimmsnarl|Grimmsnarl, L50, M|100/100
|turn|6
|
|t:|1757198781
|switch|p2a: 1000volt|Electabuzz, L50, F|100/100
|move|p2b: Shōgun|Protect|p2b: Shōgun
|-singleturn|p2b: Shōgun|Protect
|move|p1b: Grimmsnarl|Parting Shot|p2a: 1000volt
|-unboost|p2a: 1000volt|atk|1
|-unboost|p2a: 1000volt|spa|1
|move|p1a: Porygon2|Tera Blast|p2a: 1000volt|[anim] Tera Blast Flying
|-resisted|p2a: 1000volt
|-damage|p2a: 1000volt|87/100
|
|-heal|p2a: 1000volt|93/100|[from] Grassy Terrain
|-heal|p2b: Shōgun|87/100 brn|[from] Grassy Terrain
|-damage|p2b: Shōgun|81/100 brn|[from] brn
|upkeep
|turn|7
|
|t:|1757198801
|move|p2a: 1000volt|Follow Me|p2a: 1000volt
|-singleturn|p2a: 1000volt|move: Follow Me
|move|p1b: Grimmsnarl|Spirit Break|p2a: 1000volt
|-damage|p2a: 1000volt|68/100
|-unboost|p2a: 1000volt|spa|1
|move|p2b: Shōgun|Kowtow Cleave|p1a: Porygon2
|-damage|p1a: Porygon2|48/100
|move|p1a: Porygon2|Ice Beam|p2a: 1000volt
|-damage|p2a: 1000volt|50/100
|
|-heal|p2a: 1000volt|55/100|[from] Grassy Terrain
|-heal|p2b: Shōgun|87/100 brn|[from] Grassy Terrain
|-damage|p2b: Shōgun|81/100 brn|[from] brn
|-fieldend|move: Grassy Terrain
|upkeep
|turn|8
|
|t:|1757198816
|move|p2a: 1000volt|Follow Me|p2a: 1000volt
|-singleturn|p2a: 1000volt|move: Follow Me
|move|p1b: Grimmsnarl|Spirit Break|p2a: 1000volt
|-damage|p2a: 1000volt|31/100
|-unboost|p2a: 1000volt|spa|1
|move|p2b: Shōgun|Kowtow Cleave|p1a: Porygon2
|-damage|p1a: Porygon2|9/100
|move|p1a: Porygon2|Recover|p1a: Porygon2
|-heal|p1a: Porygon2|59/100
|
|-damage|p2b: Shōgun|75/100 brn|[from] brn
|-sideend|p1: ChimpDoppio|Reflect
|upkeep
|turn|9
|
|t:|1757198833
|move|p2b: Shōgun|Protect|p2b: Shōgun
|-singleturn|p2b: Shōgun|Protect
|move|p1b: Grimmsnarl|Reflect|p1b: Grimmsnarl
|-sidestart|p1: ChimpDoppio|Reflect
|move|p2a: 1000volt|Taunt|p1a: Porygon2
|-start|p1a: Porygon2|move: Taunt
|cant|p1a: Porygon2|move: Taunt|Recover
|
|-damage|p2b: Shōgun|69/100 brn|[from] brn
|upkeep
|turn|10
|
|t:|1757198844
|move|p2a: 1000volt|Follow Me|p2a: 1000volt
|-singleturn|p2a: 1000volt|move: Follow Me
|move|p1b: Grimmsnarl|Spirit Break|p2a: 1000volt
|-damage|p2a: 1000volt|6/100
|-unboost|p2a: 1000volt|spa|1
|move|p2b: Shōgun|Kowtow Cleave|p1a: Porygon2
|-damage|p1a: Porygon2|19/100
|move|p1a: Porygon2|Ice Beam|p2a: 1000volt
|-damage|p2a: 1000volt|0 fnt
|faint|p2a: 1000volt
|
|-damage|p2b: Shōgun|63/100 brn|[from] brn
|upkeep
|
|t:|1757198849
|switch|p2a: Nightmare|Sneasler, L50, F|100/100
|turn|11
|
|t:|1757198858
|move|p1b: Grimmsnarl|Parting Shot|p2a: Nightmare
|-unboost|p2a: Nightmare|atk|1
|-unboost|p2a: Nightmare|spa|1
|move|p2a: Nightmare|Dire Claw|p1b: Grimmsnarl
|-supereffective|p1b: Grimmsnarl
|-damage|p1b: Grimmsnarl|56/100
|-status|p1b: Grimmsnarl|slp
|move|p2b: Shōgun|Kowtow Cleave|p1a: Porygon2
|-damage|p1a: Porygon2|0 fnt
|faint|p1a: Porygon2
|
|-damage|p2b: Shōgun|57/100 brn|[from] brn
|upkeep
|turn|12
|-message|ChimpDoppio forfeited.
|
|win|loveforvgc
||loveforvgc is ready for game 2.
|inactive|ChimpDoppio has 30 seconds to confirm battle start!
||ChimpDoppio is ready for game 2.
|uhtml|next|Next: Game 2 of 3
