|j|☆mariocansado
|j|☆noexperiencesorry
|html|mariocansadonoexperiencesorry    
|uhtml|bestof|Game 2 of a best-of-3
|t:|1756751231
|gametype|doubles
|player|p1|mariocansado|arven-s|1204
|player|p2|noexperiencesorry|170|1163
|gen|9
|tier|[Gen 9] VGC 2025 Reg H (Bo3)
|rated|
|rule|Species Clause: Limit one of each Pokémon
|rule|Item Clause: Limit 1 of each item
|clearpoke
|poke|p1|Rillaboom, L50, F|
|poke|p1|Dragapult, L50, F|
|poke|p1|Electabuzz, L50, M|
|poke|p1|Volcarona, L50, M|
|poke|p1|Whimsicott, L50, M|
|poke|p1|Arcanine-Hisui, L50, M|
|poke|p2|Whimsicott, L50, M|
|poke|p2|Dragonite, L50, M|
|poke|p2|Rillaboom, L50, F|
|poke|p2|Ursaluna-Bloodmoon, L50, M|
|poke|p2|Electabuzz, L50, F|
|poke|p2|Volcarona, L50, M|
|teampreview|4
|showteam|p1|Rillaboom||AssaultVest|GrassySurge|FakeOut,WoodHammer,Uturn,GrassyGlide|||F|||50|,,,,,Fire]Dragapult||ChoiceBand|ClearBody|DragonDarts,Outrage,PhantomForce,Uturn|||F|||50|,,,,,Dragon]Electabuzz||Eviolite|VitalSpirit|Thunderbolt,Taunt,FollowMe,Protect|||M|||50|,,,,,Ghost]Volcarona||Leftovers|FlameBody|HeatWave,QuiverDance,Protect,GigaDrain|||M|||50|,,,,,Grass]Whimsicott||CovertCloak|Prankster|SunnyDay,Moonblast,Encore,Tailwind|||M|||50|,,,,,Dark]Arcanine-Hisui||SafetyGoggles|Intimidate|RockSlide,FlareBlitz,ExtremeSpeed,Protect|||M|||50|,,,,,Fairy
|showteam|p2|Whimsicott||CovertCloak|Prankster|Moonblast,Encore,Tailwind,SunnyDay|||M|||50|,,,,,Ghost]Dragonite||LoadedDice|Multiscale|ScaleShot,ExtremeSpeed,Haze,Protect|||M|||50|,,,,,Fairy]Rillaboom||AssaultVest|GrassySurge|FakeOut,GrassyGlide,WoodHammer,Uturn|||F|||50|,,,,,Fire]Ursaluna-Bloodmoon||LifeOrb|MindsEye|Protect,HyperVoice,EarthPower,BloodMoon|||M|||50|,,,,,Normal]Electabuzz||Eviolite|VitalSpirit|Electroweb,Taunt,Protect,FollowMe|||F|||50|,,,,,Ghost]Volcarona||Leftovers|FlameBody|HeatWave,TeraBlast,QuiverDance,Protect|||M|||50|,,,,,Fairy
|
|t:|1756751264
|teamsize|p1|4
|teamsize|p2|4
|start
|switch|p1a: Volcarona|Volcarona, L50, M|100/100
|switch|p1b: Whimsicott|Whimsicott, L50, M|100/100
|switch|p2a: Ursaluna|Ursaluna-Bloodmoon, L50, M|100/100
|switch|p2b: Whimsicott|Whimsicott, L50, M|100/100
|turn|1
|
|t:|1756751278
|move|p2b: Whimsicott|Tailwind|p2b: Whimsicott
|-sidestart|p2: noexperiencesorry|move: Tailwind
|move|p1b: Whimsicott|Sunny Day|p1b: Whimsicott
|-weather|SunnyDay
|move|p2a: Ursaluna|Blood Moon|p1a: Volcarona
|-damage|p1a: Volcarona|9/100
|-damage|p2a: Ursaluna|91/100|[from] item: Life Orb
|move|p1a: Volcarona|Heat Wave|p2b: Whimsicott|[spread] p2a,p2b
|-supereffective|p2b: Whimsicott
|-damage|p2a: Ursaluna|19/100
|-damage|p2b: Whimsicott|0 fnt
|faint|p2b: Whimsicott
|
|-weather|SunnyDay|[upkeep]
|-heal|p1a: Volcarona|15/100|[from] item: Leftovers
|upkeep
|
|t:|1756751286
|switch|p2b: Volcarona|Volcarona, L50, M|100/100
|turn|2
|
|t:|1756751299
|switch|p2a: Rillaboom|Rillaboom, L50, F|100/100
|-fieldstart|move: Grassy Terrain|[from] ability: Grassy Surge|[of] p2a: Rillaboom
|move|p1a: Volcarona|Protect|p1a: Volcarona
|-singleturn|p1a: Volcarona|Protect
|move|p1b: Whimsicott|Tailwind|p1b: Whimsicott
|-sidestart|p1: mariocansado|move: Tailwind
|move|p2b: Volcarona|Heat Wave|p1b: Whimsicott|[spread] p1b
|-activate|p1a: Volcarona|move: Protect
|-supereffective|p1b: Whimsicott
|-damage|p1b: Whimsicott|0 fnt
|faint|p1b: Whimsicott
|
|-weather|SunnyDay|[upkeep]
|-heal|p1a: Volcarona|21/100|[from] Grassy Terrain
|-heal|p1a: Volcarona|27/100|[from] item: Leftovers
|upkeep
|
|t:|1756751307
|switch|p1b: Arcanine|Arcanine-Hisui, L50, M|100/100
|-ability|p1b: Arcanine|Intimidate|boost
|-unboost|p2a: Rillaboom|atk|1
|-unboost|p2b: Volcarona|atk|1
|turn|3
|
|t:|1756751326
|-terastallize|p2b: Volcarona|Fairy
|move|p1a: Volcarona|Protect|p1a: Volcarona
|-singleturn|p1a: Volcarona|Protect
|move|p2a: Rillaboom|Fake Out|p1a: Volcarona
|-activate|p1a: Volcarona|move: Protect
|move|p1b: Arcanine|Rock Slide|p2b: Volcarona|[spread] p2a,p2b
|-damage|p2a: Rillaboom|74/100
|-damage|p2b: Volcarona|69/100
|move|p2b: Volcarona|Quiver Dance|p2b: Volcarona
|-boost|p2b: Volcarona|spa|1
|-boost|p2b: Volcarona|spd|1
|-boost|p2b: Volcarona|spe|1
|
|-weather|SunnyDay|[upkeep]
|-heal|p2b: Volcarona|74/100|[from] Grassy Terrain
|-heal|p2b: Volcarona|80/100|[from] item: Leftovers
|-heal|p1a: Volcarona|33/100|[from] Grassy Terrain
|-heal|p1a: Volcarona|39/100|[from] item: Leftovers
|-heal|p2a: Rillaboom|80/100|[from] Grassy Terrain
|upkeep
|turn|4
|
|t:|1756751347
|move|p2b: Volcarona|Heat Wave|p1a: Volcarona|[spread] p1a,p1b
|-resisted|p1b: Arcanine
|-damage|p1a: Volcarona|0 fnt
|-damage|p1b: Arcanine|77/100
|faint|p1a: Volcarona
|move|p1b: Arcanine|Flare Blitz|p2b: Volcarona
|-damage|p2b: Volcarona|0 fnt
|faint|p2b: Volcarona
|-damage|p1b: Arcanine|48/100|[from] Recoil
|move|p2a: Rillaboom|Wood Hammer|p1b: Arcanine
|-damage|p1b: Arcanine|0 fnt
|faint|p1b: Arcanine
|-damage|p2a: Rillaboom|67/100|[from] Recoil
|
|-weather|SunnyDay|[upkeep]
|-heal|p2a: Rillaboom|72/100|[from] Grassy Terrain
|-sideend|p2: noexperiencesorry|move: Tailwind
|upkeep
|
|t:|1756751361
|switch|p2b: Ursaluna|Ursaluna-Bloodmoon, L50, M|19/100
|switch|p1a: Dragapult|Dragapult, L50, F|100/100
|turn|5
|
|t:|1756751374
|-terastallize|p1a: Dragapult|Dragon
|move|p1a: Dragapult|Dragon Darts|p2a: Rillaboom
|-damage|p2a: Rillaboom|21/100
|-anim|p1a: Dragapult|Dragon Darts|p2b: Ursaluna
|-damage|p2b: Ursaluna|0 fnt
|faint|p2b: Ursaluna
|move|p2a: Rillaboom|Wood Hammer|p1a: Dragapult
|-resisted|p1a: Dragapult
|-damage|p1a: Dragapult|68/100
|-damage|p2a: Rillaboom|13/100|[from] Recoil
|
|-weather|none
|-heal|p1a: Dragapult|74/100|[from] Grassy Terrain
|-heal|p2a: Rillaboom|18/100|[from] Grassy Terrain
|-sideend|p1: mariocansado|move: Tailwind
|upkeep
|turn|6
|c|☆noexperiencesorry|gg
|c|☆mariocansado|ggs
|
|t:|1756751383
|move|p2a: Rillaboom|Grassy Glide|p1a: Dragapult
|-resisted|p1a: Dragapult
|-damage|p1a: Dragapult|58/100
|move|p1a: Dragapult|Dragon Darts|p2a: Rillaboom
|-damage|p2a: Rillaboom|0 fnt
|faint|p2a: Rillaboom
|
|win|mariocansado
|raw|mariocansado's rating: 1204 → 1226(+22 for winning)
|raw|noexperiencesorry's rating: 1163 → 1141(-22 for losing)
|c|☆mariocansado|sorry for the first game
