|j|☆corndog7
|j|☆Bread2468
|html|corndog7Bread2468    
|uhtml|bestof|Game 1 of a best-of-3
|t:|1757045426
|gametype|doubles
|player|p1|corndog7|roughneck|1238
|player|p2|Bread2468|266|1136
|gen|9
|tier|[Gen 9] VGC 2025 Reg H (Bo3)
|rated|
|rule|Species Clause: Limit one of each Pokémon
|rule|Item Clause: Limit 1 of each item
|clearpoke
|poke|p1|Gholdengo, L50|
|poke|p1|Sneasler, L50, M|
|poke|p1|Rillaboom, L50, F|
|poke|p1|Volcarona, L50, F|
|poke|p1|Milotic, L50, F|
|poke|p1|Hydreigon, L50, M|
|poke|p2|Gholdengo, L50|
|poke|p2|Sneasler, L50, F|
|poke|p2|Incineroar, L50, F|
|poke|p2|Amoonguss, L50, F|
|poke|p2|Dragonite, L50, F|
|poke|p2|Ursaluna-Bloodmoon, L50, M|
|teampreview|4
|showteam|p1|Gholdengo||LifeOrb|GoodasGold|MakeItRain,ShadowBall,NastyPlot,Protect||||||50|,,,,,Dragon]Sneasler||FocusSash|Unburden|FakeOut,DireClaw,CloseCombat,Protect|||M|||50|,,,,,Fairy]Rillaboom||AssaultVest|GrassySurge|FakeOut,GrassyGlide,WoodHammer,HighHorsepower|||F|||50|,,,,,Ground]Volcarona||CovertCloak|FlameBody|HeatWave,StruggleBug,RagePowder,Tailwind|||F|||50|,,,,,Dragon]Milotic||SitrusBerry|Competitive|Scald,MuddyWater,IcyWind,Protect|||F|||50|,,,,,Dragon]Hydreigon||SafetyGoggles|Levitate|DracoMeteor,Snarl,Taunt,Protect|||M|||50|,,,,,Ghost
|showteam|p2|Gholdengo||LifeOrb|GoodasGold|MakeItRain,ShadowBall,NastyPlot,Protect||||||50|,,,,,Water]Sneasler||FocusSash|PoisonTouch|ThroatChop,CloseCombat,DireClaw,Protect|||F|||50|,,,,,Stellar]Incineroar||SafetyGoggles|Intimidate|FakeOut,FlareBlitz,KnockOff,PartingShot|||F|||50|,,,,,Ghost]Amoonguss||SitrusBerry|Regenerator|Spore,RagePowder,SludgeBomb,Protect|||F|||50|,,,,,Psychic]Dragonite||LoadedDice|Multiscale|ScaleShot,Haze,Tailwind,Protect|||F|||50|,,,,,Fairy]Ursaluna-Bloodmoon||AssaultVest|MindsEye|HyperVoice,BloodMoon,EarthPower,VacuumWave|||M|||50|,,,,,Normal
|inactive|Battle timer is ON: inactive players will automatically lose when time's up. (requested by Bread2468)
|inactive|corndog7 also wants the timer to be on.
|inactive|corndog7 has 60 seconds left.
|inactive|Bread2468 has 60 seconds left.
|inactive|Bread2468 has 30 seconds left.
|inactive|Bread2468 has 20 seconds left.
|inactive|Bread2468 has 15 seconds left.
|inactive|Bread2468 has 10 seconds left.
|inactive|Bread2468 has 5 seconds left.
|
|t:|1757045518
|teamsize|p1|4
|teamsize|p2|4
|start
|switch|p1a: Milotic|Milotic, L50, F|100/100
|switch|p1b: Volcarona|Volcarona, L50, F|100/100
|switch|p2a: Dragonite|Dragonite, L50, F|100/100
|switch|p2b: Ursaluna|Ursaluna-Bloodmoon, L50, M|100/100
|turn|1
|
|t:|1757045534
|-terastallize|p2b: Ursaluna|Normal
|move|p2a: Dragonite|Scale Shot|p1a: Milotic
|-damage|p1a: Milotic|86/100
|-damage|p1a: Milotic|73/100
|-damage|p1a: Milotic|60/100
|-damage|p1a: Milotic|47/100
|-enditem|p1a: Milotic|Sitrus Berry|[eat]
|-heal|p1a: Milotic|72/100|[from] item: Sitrus Berry
|-damage|p1a: Milotic|58/100
|-hitcount|p1a: Milotic|5
|-unboost|p2a: Dragonite|def|1
|-boost|p2a: Dragonite|spe|1
|move|p1b: Volcarona|Heat Wave|p2b: Ursaluna|[spread] p2a,p2b
|-resisted|p2a: Dragonite
|-damage|p2a: Dragonite|92/100
|-damage|p2b: Ursaluna|78/100
|move|p1a: Milotic|Icy Wind|p2b: Ursaluna|[spread] p2a,p2b
|-supereffective|p2a: Dragonite
|-damage|p2a: Dragonite|41/100
|-damage|p2b: Ursaluna|69/100
|-unboost|p2a: Dragonite|spe|1
|-unboost|p2b: Ursaluna|spe|1
|move|p2b: Ursaluna|Hyper Voice|p1b: Volcarona|[spread] p1a,p1b
|-damage|p1a: Milotic|16/100
|-damage|p1b: Volcarona|55/100
|
|upkeep
|turn|2
|
|t:|1757045558
|move|p1a: Milotic|Protect|p1a: Milotic
|-singleturn|p1a: Milotic|Protect
|move|p2a: Dragonite|Tailwind|p2a: Dragonite
|-sidestart|p2: Bread2468|move: Tailwind
|move|p1b: Volcarona|Tailwind|p1b: Volcarona
|-sidestart|p1: corndog7|move: Tailwind
|move|p2b: Ursaluna|Hyper Voice|p1b: Volcarona|[spread] p1b
|-activate|p1a: Milotic|move: Protect
|-damage|p1b: Volcarona|5/100
|
|upkeep
|turn|3
|
|t:|1757045575
|switch|p2a: Amoonguss|Amoonguss, L50, F|100/100
|move|p1b: Volcarona|Heat Wave|p2a: Amoonguss|[spread] p2a,p2b
|-supereffective|p2a: Amoonguss
|-damage|p2a: Amoonguss|45/100
|-damage|p2b: Ursaluna|46/100
|-enditem|p2a: Amoonguss|Sitrus Berry|[eat]
|-heal|p2a: Amoonguss|70/100|[from] item: Sitrus Berry
|move|p1a: Milotic|Icy Wind|p2b: Ursaluna|[spread] p2a,p2b
|-supereffective|p2a: Amoonguss
|-damage|p2a: Amoonguss|47/100
|-damage|p2b: Ursaluna|37/100
|-unboost|p2a: Amoonguss|spe|1
|-unboost|p2b: Ursaluna|spe|1
|move|p2b: Ursaluna|Hyper Voice|p1b: Volcarona|[spread] p1a,p1b
|-damage|p1a: Milotic|0 fnt
|-damage|p1b: Volcarona|0 fnt
|faint|p1a: Milotic
|faint|p1b: Volcarona
|
|upkeep
|
|t:|1757045590
|switch|p1b: Sneasler|Sneasler, L50, M|100/100
|switch|p1a: Gholdengo|Gholdengo, L50|100/100
|turn|4
|
|t:|1757045607
|move|p1b: Sneasler|Fake Out|p2a: Amoonguss
|-damage|p2a: Amoonguss|37/100
|move|p2b: Ursaluna|Vacuum Wave|p1a: Gholdengo
|-supereffective|p1a: Gholdengo
|-damage|p1a: Gholdengo|63/100
|move|p1a: Gholdengo|Nasty Plot|p1a: Gholdengo
|-boost|p1a: Gholdengo|spa|2
|cant|p2a: Amoonguss|flinch
|
|upkeep
|turn|5
|
|t:|1757045624
|move|p1b: Sneasler|Protect|p1b: Sneasler
|-singleturn|p1b: Sneasler|Protect
|move|p2a: Amoonguss|Protect|p2a: Amoonguss
|-singleturn|p2a: Amoonguss|Protect
|move|p2b: Ursaluna|Vacuum Wave|p1a: Gholdengo
|-supereffective|p1a: Gholdengo
|-damage|p1a: Gholdengo|25/100
|move|p1a: Gholdengo|Make It Rain|p2a: Amoonguss|[spread] p2b
|-activate|p2a: Amoonguss|move: Protect
|-damage|p2b: Ursaluna|0 fnt
|-unboost|p1a: Gholdengo|spa|1
|faint|p2b: Ursaluna
|-damage|p1a: Gholdengo|15/100|[from] item: Life Orb
|
|-sideend|p1: corndog7|move: Tailwind
|-sideend|p2: Bread2468|move: Tailwind
|upkeep
|
|t:|1757045629
|switch|p2b: Gholdengo|Gholdengo, L50|100/100
|turn|6
|
|t:|1757045647
|switch|p2a: Dragonite|Dragonite, L50, F|41/100
|move|p2b: Gholdengo|Protect|p2b: Gholdengo
|-singleturn|p2b: Gholdengo|Protect
|move|p1a: Gholdengo|Protect|p1a: Gholdengo
|-singleturn|p1a: Gholdengo|Protect
|move|p1b: Sneasler|Dire Claw|p2a: Dragonite
|-damage|p2a: Dragonite|0 fnt
|faint|p2a: Dragonite
|
|upkeep
|
|t:|1757045656
|switch|p2a: Amoonguss|Amoonguss, L50, F|70/100
|turn|7
|
|t:|1757045665
|move|p1a: Gholdengo|Protect|p1a: Gholdengo
|-singleturn|p1a: Gholdengo|Protect
|move|p2a: Amoonguss|Rage Powder|p2a: Amoonguss
|-singleturn|p2a: Amoonguss|move: Rage Powder
|move|p1b: Sneasler|Dire Claw|p2a: Amoonguss
|-damage|p2a: Amoonguss|35/100
|move|p2b: Gholdengo|Make It Rain|p1b: Sneasler|[spread] p1b
|-activate|p1a: Gholdengo|move: Protect
|-damage|p1b: Sneasler|20/100
|-unboost|p2b: Gholdengo|spa|1
|-damage|p2b: Gholdengo|91/100|[from] item: Life Orb
|
|upkeep
|turn|8
|
|t:|1757045680
|move|p2a: Amoonguss|Rage Powder|p2a: Amoonguss
|-singleturn|p2a: Amoonguss|move: Rage Powder
|move|p1b: Sneasler|Dire Claw|p2a: Amoonguss
|-damage|p2a: Amoonguss|1/100
|move|p2b: Gholdengo|Make It Rain|p1b: Sneasler|[spread] p1a,p1b
|-resisted|p1a: Gholdengo
|-damage|p1a: Gholdengo|0 fnt
|-damage|p1b: Sneasler|0 fnt
|-unboost|p2b: Gholdengo|spa|1
|faint|p1a: Gholdengo
|faint|p1b: Sneasler
|-damage|p2b: Gholdengo|82/100|[from] item: Life Orb
|
|win|Bread2468
|inactive|corndog7 has 30 seconds to confirm battle start!
|inactive|Bread2468 has 30 seconds to confirm battle start!
||Bread2468 is ready for game 2.
|inactive|corndog7 has 20 seconds to confirm battle start!
|inactive|corndog7 has 10 seconds to confirm battle start!
|uhtml|next|Next: Game 2 of 3
