|j|☆roccobyleth
|j|☆Zacharykeith
|html|roccobylethZacharykeith    
|uhtml|bestof|Game 1 of a best-of-3
|t:|1757706362
|gametype|doubles
|player|p1|roccobyleth|266|1177
|player|p2|Zacharykeith|fisherman-gen4|1139
|gen|9
|tier|[Gen 9] VGC 2025 Reg H (Bo3)
|rated|
|rule|Species Clause: Limit one of each Pokémon
|rule|Item Clause: Limit 1 of each item
|clearpoke
|poke|p1|Annihilape, L50, M|
|poke|p1|Archaludon, L50, F|
|poke|p1|Electrode-Hisui, L50|
|poke|p1|Pelipper, L50, F|
|poke|p1|Basculegion, L50, M|
|poke|p1|Clefairy, L50, M|
|poke|p2|Zoroark-Hisui, L50, M|
|poke|p2|Kingambit, L50, M|
|poke|p2|Sneasler, L50, F|
|poke|p2|Rillaboom, L50, F|
|poke|p2|Primarina, L50, F|
|poke|p2|Electabuzz, L50, F|
|teampreview|4
|showteam|p1|Annihilape||SafetyGoggles|Defiant|RageFist,DrainPunch,BulkUp,Protect|||M|||50|,,,,,Dark]Archaludon||AssaultVest|Stamina|BodyPress,ElectroShot,FlashCannon,DragonPulse|||F|||50|,,,,,Grass]Electrode-Hisui||LoadedDice|Aftermath|Electroweb,BulletSeed,ThunderWave,Taunt||||||50|,,,,,Ghost]Pelipper||FocusSash|Drizzle|Tailwind,WeatherBall,Hurricane,Protect|||F|||50|,,,,,Ghost]Basculegion||ChoiceBand|SwiftSwim|LastRespects,WaveCrash,AquaJet,FlipTurn|||M|||50|,,,,,Water]Clefairy||Eviolite|FriendGuard|FollowMe,AfterYou,LifeDew,HelpingHand|||M|||50|,,,,,Ghost
|showteam|p2|Zoroark-Hisui||FocusSash|Illusion|HyperVoice,ShadowBall,WillOWisp,Protect|||M|||50|,,,,,Normal]Kingambit||BlackGlasses|Defiant|SuckerPunch,KowtowCleave,SwordsDance,Protect|||M|||50|,,,,,Dark]Sneasler||WhiteHerb|Unburden|DireClaw,CloseCombat,Coaching,Protect|||F|||50|,,,,,Stellar]Rillaboom||AssaultVest|GrassySurge|FakeOut,GrassyGlide,WoodHammer,Uturn|||F|||50|,,,,,Fire]Primarina||ThroatSpray|LiquidVoice|HyperVoice,Moonblast,Haze,Protect|||F|||50|,,,,,Poison]Electabuzz||Eviolite|VitalSpirit|Electroweb,Taunt,FollowMe,Protect|||F|||50|,,,,,Ghost
|
|t:|1757706408
|teamsize|p1|4
|teamsize|p2|4
|start
|switch|p1a: Annihilape|Annihilape, L50, M, shiny|100/100
|switch|p1b: Electrode|Electrode-Hisui, L50, shiny|100/100
|switch|p2a: Electabuzz|Electabuzz, L50, F|100/100
|switch|p2b: Primarina|Primarina, L50, F|100/100
|turn|1
|inactive|Battle timer is ON: inactive players will automatically lose when time's up. (requested by Zacharykeith)
|inactive|roccobyleth has 60 seconds left.
|
|t:|1757706442
|move|p1a: Annihilape|Protect|p1a: Annihilape
|-singleturn|p1a: Annihilape|Protect
|move|p1b: Electrode|Taunt|p2a: Electabuzz
|-start|p2a: Electabuzz|move: Taunt
|move|p2a: Electabuzz|Electroweb|p1a: Annihilape|[spread] p1b
|-activate|p1a: Annihilape|move: Protect
|-resisted|p1b: Electrode
|-damage|p1b: Electrode|95/100
|-unboost|p1b: Electrode|spe|1
|move|p2b: Primarina|Moonblast|p1a: Annihilape
|-activate|p1a: Annihilape|move: Protect
|
|upkeep
|turn|2
|
|t:|1757706463
|move|p1a: Annihilape|Rage Fist|p2b: Primarina
|-damage|p2b: Primarina|69/100
|move|p1b: Electrode|Bullet Seed|p1a: Annihilape
|-damage|p1a: Annihilape|93/100
|-damage|p1a: Annihilape|86/100
|-damage|p1a: Annihilape|81/100
|-damage|p1a: Annihilape|75/100
|-hitcount|p1a: Annihilape|4
|move|p2a: Electabuzz|Electroweb|p1b: Electrode|[spread] p1a,p1b
|-resisted|p1b: Electrode
|-damage|p1a: Annihilape|61/100
|-damage|p1b: Electrode|91/100
|-unboost|p1a: Annihilape|spe|1
|-ability|p1a: Annihilape|Defiant|boost
|-boost|p1a: Annihilape|atk|2
|-unboost|p1b: Electrode|spe|1
|move|p2b: Primarina|Moonblast|p1a: Annihilape
|-supereffective|p1a: Annihilape
|-damage|p1a: Annihilape|0 fnt
|faint|p1a: Annihilape
|
|upkeep
|inactive|roccobyleth has 30 seconds left.
|
|t:|1757706491
|switch|p1a: Archaludon|Archaludon, L50, F|100/100
|turn|3
|
|t:|1757706510
|move|p2a: Electabuzz|Electroweb|p1a: Archaludon|[spread] p1a,p1b
|-resisted|p1a: Archaludon
|-resisted|p1b: Electrode
|-damage|p1a: Archaludon|94/100
|-damage|p1b: Electrode|86/100
|-unboost|p1a: Archaludon|spe|1
|-unboost|p1b: Electrode|spe|1
|-ability|p1a: Archaludon|Stamina|boost
|-boost|p1a: Archaludon|def|1
|move|p2b: Primarina|Hyper Voice|p1a: Archaludon|[spread] p1a,p1b
|-resisted|p1a: Archaludon
|-resisted|p1b: Electrode
|-damage|p1a: Archaludon|81/100
|-damage|p1b: Electrode|62/100
|-ability|p1a: Archaludon|Stamina|boost
|-boost|p1a: Archaludon|def|1
|-enditem|p2b: Primarina|Throat Spray
|-boost|p2b: Primarina|spa|1|[from] item: Throat Spray
|move|p1b: Electrode|Bullet Seed|p1a: Archaludon
|-resisted|p1a: Archaludon
|-damage|p1a: Archaludon|80/100
|-ability|p1a: Archaludon|Stamina|boost
|-boost|p1a: Archaludon|def|1
|-resisted|p1a: Archaludon
|-damage|p1a: Archaludon|80/100
|-ability|p1a: Archaludon|Stamina|boost
|-boost|p1a: Archaludon|def|1
|-resisted|p1a: Archaludon
|-damage|p1a: Archaludon|79/100
|-ability|p1a: Archaludon|Stamina|boost
|-boost|p1a: Archaludon|def|1
|-resisted|p1a: Archaludon
|-damage|p1a: Archaludon|79/100
|-ability|p1a: Archaludon|Stamina|boost
|-boost|p1a: Archaludon|def|1
|-hitcount|p1a: Archaludon|4
|move|p1a: Archaludon|Flash Cannon|p2b: Primarina
|-damage|p2b: Primarina|27/100
|
|-end|p2a: Electabuzz|move: Taunt
|upkeep
|turn|4
|inactive|roccobyleth has 30 seconds left.
|inactive|Zacharykeith has 30 seconds left.
|inactive|roccobyleth has 20 seconds left.
|
|t:|1757706550
|move|p2a: Electabuzz|Follow Me|p2a: Electabuzz
|-singleturn|p2a: Electabuzz|move: Follow Me
|move|p2b: Primarina|Moonblast|p1a: Archaludon
|-damage|p1a: Archaludon|25/100
|move|p1b: Electrode|Electroweb|p2a: Electabuzz|[spread] p2a,p2b
|-resisted|p2a: Electabuzz
|-supereffective|p2b: Primarina
|-damage|p2a: Electabuzz|96/100
|-damage|p2b: Primarina|9/100
|-unboost|p2a: Electabuzz|spe|1
|-unboost|p2b: Primarina|spe|1
|move|p1a: Archaludon|Body Press|p2a: Electabuzz
|-damage|p2a: Electabuzz|22/100
|
|upkeep
|turn|5
|inactive|roccobyleth has 30 seconds left.
|inactive|Zacharykeith has 30 seconds left.
|inactive|roccobyleth has 20 seconds left.
|inactive|Zacharykeith has 20 seconds left.
|inactive|roccobyleth has 15 seconds left.
|inactive|Zacharykeith has 15 seconds left.
|
|t:|1757706593
|switch|p1b: Clefairy|Clefairy, L50, M|100/100
|move|p2a: Electabuzz|Follow Me|p2a: Electabuzz
|-singleturn|p2a: Electabuzz|move: Follow Me
|move|p1a: Archaludon|Body Press|p2a: Electabuzz
|-damage|p2a: Electabuzz|0 fnt
|faint|p2a: Electabuzz
|move|p2b: Primarina|Moonblast|p1a: Archaludon
|-damage|p1a: Archaludon|0 fnt
|faint|p1a: Archaludon
|
|upkeep
|
|t:|1757706604
|switch|p2a: Sneasler|Sneasler, L50, F|100/100
|switch|p1a: Electrode|Electrode-Hisui, L50, shiny|62/100
|turn|6
|
|t:|1757706623
|-terastallize|p2a: Sneasler|Normal
|move|p1b: Clefairy|Helping Hand|p1a: Electrode
|-singleturn|p1a: Electrode|Helping Hand|[of] p1b: Clefairy
|move|p1a: Electrode|Electroweb|p2a: Sneasler|[spread] p2a,p2b
|-supereffective|p2b: Primarina
|-damage|p2a: Sneasler|66/100
|-damage|p2b: Primarina|0 fnt
|-unboost|p2a: Sneasler|spe|1
|replace|p2a: Zoroark|Zoroark-Hisui, L50, M
|-end|p2a: Zoroark|Illusion
|faint|p2b: Primarina
|move|p2a: Zoroark|Hyper Voice|p1a: Electrode|[spread] p1a,p1b
|-damage|p1a: Electrode|12/100
|-damage|p1b: Clefairy|75/100
|
|upkeep
|
|t:|1757706635
|switch|p2b: Sneasler|Sneasler, L50, F|100/100
|turn|7
|
|t:|1757706651
|move|p1b: Clefairy|Helping Hand|p1a: Electrode
|-singleturn|p1a: Electrode|Helping Hand|[of] p1b: Clefairy
|move|p2a: Zoroark|Protect|p2a: Zoroark
|-singleturn|p2a: Zoroark|Protect
|move|p1a: Electrode|Electroweb|p2b: Sneasler|[spread] p2b
|-activate|p2a: Zoroark|move: Protect
|-damage|p2b: Sneasler|77/100
|-unboost|p2b: Sneasler|spe|1
|-enditem|p2b: Sneasler|White Herb
|-clearnegativeboost|p2b: Sneasler|[silent]
|move|p2b: Sneasler|Dire Claw|p1b: Clefairy
|-supereffective|p1b: Clefairy
|-damage|p1b: Clefairy|0 fnt
|faint|p1b: Clefairy
|
|upkeep
|turn|8
|-message|roccobyleth forfeited.
|
|win|Zacharykeith
