|j|☆ZekromAllDay
|j|☆losandy
|html|ZekromAllDaylosandy    
|uhtml|bestof|Game 2 of a best-of-3
|t:|1756414240
|gametype|doubles
|player|p1|ZekromAllDay|101|1240
|player|p2|losandy|101|1178
|gen|9
|tier|[Gen 9] VGC 2025 Reg H (Bo3)
|rated|
|rule|Species Clause: Limit one of each Pokémon
|rule|Item Clause: Limit 1 of each item
|clearpoke
|poke|p1|Basculegion, L50, M|
|poke|p1|Pelipper, L50, F|
|poke|p1|Archaludon, L50, M|
|poke|p1|Dragonite, L50, M|
|poke|p1|Indeedee, L50, M|
|poke|p1|Sneasler, L50, F|
|poke|p2|Pelipper, L50, F|
|poke|p2|Gothitelle, L50, M|
|poke|p2|Archaludon, L50, F|
|poke|p2|Amoonguss, L50, F|
|poke|p2|Rillaboom, L50, M|
|poke|p2|Kingdra, L50, F|
|teampreview|4
|showteam|p1|Basculegion||ChoiceBand|SwiftSwim|WaveCrash,LastRespects,AquaJet,FlipTurn|||M|||50|,,,,,Grass]Pelipper||CovertCloak|Drizzle|WeatherBall,Hurricane,Tailwind,MuddyWater|||F|||50|,,,,,Stellar]Archaludon||AssaultVest|Stamina|ElectroShot,DracoMeteor,BodyPress,FlashCannon|||M|||50|,,,,,Bug]Dragonite||LoadedDice|InnerFocus|ScaleShot,Tailwind,Haze,Protect|||M|||50|,,,,,Fairy]Indeedee||FocusSash|PsychicSurge|ExpandingForce,TrickRoom,TeraBlast,Protect|||M|||50|,,,,,Psychic]Sneasler||PsychicSeed|Unburden|CloseCombat,ThroatChop,DireClaw,Protect|||F|||50|,,,,,Dark
|showteam|p2|Pelipper||CovertCloak|Drizzle|Hurricane,MuddyWater,Tailwind,WideGuard|||F|||50|,,,,,Grass]Gothitelle||SafetyGoggles|ShadowTag|Psychic,TrickRoom,FakeOut,Protect|||M|||50|,,,,,Dark]Archaludon||AssaultVest|Stamina|ElectroShot,BodyPress,DracoMeteor,FlashCannon|||F|||50|,,,,,Bug]Amoonguss||RockyHelmet|Regenerator|Spore,RagePowder,PollenPuff,Protect|||F|||50|,,,,,Water]Rillaboom||LoadedDice|GrassySurge|FakeOut,Uturn,BulletSeed,HighHorsepower|||M|||50|,,,,,Ground]Kingdra||LifeOrb|SwiftSwim|DracoMeteor,WeatherBall,MuddyWater,Protect|||F|||50|,,,,,Stellar
|inactive|Battle timer is ON: inactive players will automatically lose when time's up. (requested by ZekromAllDay)
|
|t:|1756414266
|teamsize|p1|4
|teamsize|p2|4
|start
|switch|p1a: Archaludon|Archaludon, L50, M|100/100
|switch|p1b: Dragonite|Dragonite, L50, M|100/100
|switch|p2a: Gothitelle|Gothitelle, L50, M|100/100
|switch|p2b: Kingdra|Kingdra, L50, F|100/100
|turn|1
|inactive|ZekromAllDay has 30 seconds left.
|inactive|ZekromAllDay has 20 seconds left.
|
|t:|1756414311
|switch|p2b: Amoonguss|Amoonguss, L50, F|100/100
|-terastallize|p1b: Dragonite|Fairy
|move|p1b: Dragonite|Scale Shot|p1a: Archaludon|[miss]
|-miss|p1b: Dragonite|p1a: Archaludon
|move|p1a: Archaludon|Draco Meteor|p2b: Amoonguss
|-damage|p2b: Amoonguss|47/100
|-unboost|p1a: Archaludon|spa|2
|move|p2a: Gothitelle|Trick Room|p2a: Gothitelle
|-fieldstart|move: Trick Room|[of] p2a: Gothitelle
|
|upkeep
|turn|2
|inactive|losandy has 30 seconds left.
|inactive|losandy has 20 seconds left.
|inactive|losandy has 15 seconds left.
|inactive|losandy has 10 seconds left.
|inactive|losandy has 5 seconds left.
|
|t:|1756414361
|move|p2b: Amoonguss|Spore|p1b: Dragonite
|-status|p1b: Dragonite|slp|[from] move: Spore
|move|p2a: Gothitelle|Psychic|p1a: Archaludon
|-resisted|p1a: Archaludon
|-damage|p1a: Archaludon|83/100
|-ability|p1a: Archaludon|Stamina|boost
|-boost|p1a: Archaludon|def|1
|move|p1a: Archaludon|Draco Meteor|p2a: Gothitelle
|-damage|p2a: Gothitelle|71/100
|-unboost|p1a: Archaludon|spa|2
|cant|p1b: Dragonite|slp
|
|upkeep
|turn|3
|inactive|ZekromAllDay has 30 seconds left.
|inactive|ZekromAllDay has 20 seconds left.
|inactive|ZekromAllDay has 15 seconds left.
|j| Arkhept
|l| Arkhept
|inactive|ZekromAllDay has 10 seconds left.
|
|t:|1756414408
|switch|p2a: Kingdra|Kingdra, L50, F|100/100
|move|p2b: Amoonguss|Spore|p1a: Archaludon
|-status|p1a: Archaludon|slp|[from] move: Spore
|cant|p1a: Archaludon|slp
|cant|p1b: Dragonite|slp
|
|upkeep
|turn|4
|
|t:|1756414433
|switch|p2b: Rillaboom|Rillaboom, L50, M|100/100
|-fieldstart|move: Grassy Terrain|[from] ability: Grassy Surge|[of] p2b: Rillaboom
|-terastallize|p2a: Kingdra|Stellar
|-curestatus|p1a: Archaludon|slp|[msg]
|move|p1a: Archaludon|Flash Cannon|p2b: Rillaboom
|-damage|p2b: Rillaboom|85/100
|move|p2a: Kingdra|Draco Meteor|p1a: Archaludon|[miss]
|-miss|p2a: Kingdra|p1a: Archaludon
|-curestatus|p1b: Dragonite|slp|[msg]
|move|p1b: Dragonite|Scale Shot|p2a: Kingdra
|-supereffective|p2a: Kingdra
|-damage|p2a: Kingdra|69/100
|-supereffective|p2a: Kingdra
|-damage|p2a: Kingdra|37/100
|-supereffective|p2a: Kingdra
|-damage|p2a: Kingdra|8/100
|-supereffective|p2a: Kingdra
|-damage|p2a: Kingdra|0 fnt
|faint|p2a: Kingdra
|-hitcount|p2: Kingdra|4
|-unboost|p1b: Dragonite|def|1
|-boost|p1b: Dragonite|spe|1
|
|-heal|p1a: Archaludon|90/100|[from] Grassy Terrain
|-heal|p2b: Rillaboom|90/100|[from] Grassy Terrain
|upkeep
|
|t:|1756414451
|switch|p2a: Amoonguss|Amoonguss, L50, F|80/100
|turn|5
|
|t:|1756414465
|move|p1b: Dragonite|Protect|p1b: Dragonite
|-singleturn|p1b: Dragonite|Protect
|move|p2a: Amoonguss|Spore|p1a: Archaludon
|-status|p1a: Archaludon|slp|[from] move: Spore
|cant|p1a: Archaludon|slp
|move|p2b: Rillaboom|Bullet Seed|p1b: Dragonite
|-activate|p1b: Dragonite|move: Protect
|
|-heal|p2a: Amoonguss|86/100|[from] Grassy Terrain
|-heal|p1a: Archaludon|96/100 slp|[from] Grassy Terrain
|-heal|p2b: Rillaboom|96/100|[from] Grassy Terrain
|-fieldend|move: Trick Room
|upkeep
|turn|6
|
|t:|1756414481
|switch|p2b: Gothitelle|Gothitelle, L50, M|71/100
|move|p1b: Dragonite|Scale Shot|p2b: Gothitelle|[miss]
|-miss|p1b: Dragonite|p2b: Gothitelle
|cant|p1a: Archaludon|slp
|move|p2a: Amoonguss|Spore|p1b: Dragonite
|-status|p1b: Dragonite|slp|[from] move: Spore
|
|-heal|p1a: Archaludon|100/100 slp|[from] Grassy Terrain
|-heal|p2b: Gothitelle|77/100|[from] Grassy Terrain
|-heal|p2a: Amoonguss|92/100|[from] Grassy Terrain
|upkeep
|turn|7
|
|t:|1756414503
|switch|p2a: Rillaboom|Rillaboom, L50, M|96/100
|cant|p1b: Dragonite|slp
|cant|p1a: Archaludon|slp
|move|p2b: Gothitelle|Trick Room|p2b: Gothitelle
|-fieldstart|move: Trick Room|[of] p2b: Gothitelle
|
|-heal|p2b: Gothitelle|84/100|[from] Grassy Terrain
|-heal|p2a: Rillaboom|100/100|[from] Grassy Terrain
|upkeep
|turn|8
|
|t:|1756414516
|switch|p2b: Amoonguss|Amoonguss, L50, F|100/100
|-curestatus|p1a: Archaludon|slp|[msg]
|move|p1a: Archaludon|Body Press|p2a: Rillaboom
|-crit|p2a: Rillaboom
|-damage|p2a: Rillaboom|43/100
|move|p2a: Rillaboom|Bullet Seed|p1b: Dragonite
|-damage|p1b: Dragonite|73/100 slp
|-damage|p1b: Dragonite|41/100 slp
|-damage|p1b: Dragonite|13/100 slp
|-damage|p1b: Dragonite|0 fnt
|faint|p1b: Dragonite
|-hitcount|p1: Dragonite|4
|
|-heal|p2a: Rillaboom|49/100|[from] Grassy Terrain
|-fieldend|move: Grassy Terrain
|upkeep
|
|t:|1756414527
|switch|p1b: Indeedee|Indeedee, L50, M|100/100
|-fieldstart|move: Psychic Terrain|[from] ability: Psychic Surge|[of] p1b: Indeedee
|turn|9
|inactive|losandy has 30 seconds left.
|
|t:|1756414554
|move|p1b: Indeedee|Protect|p1b: Indeedee
|-singleturn|p1b: Indeedee|Protect
|move|p2b: Amoonguss|Spore|p1a: Archaludon
|-status|p1a: Archaludon|slp|[from] move: Spore
|cant|p1a: Archaludon|slp
|move|p2a: Rillaboom|Bullet Seed|p1b: Indeedee
|-activate|p1b: Indeedee|move: Protect
|
|upkeep
|turn|10
|
|t:|1756414568
|switch|p1b: Sneasler|Sneasler, L50, F|100/100
|-enditem|p1b: Sneasler|Psychic Seed
|-boost|p1b: Sneasler|spd|1|[from] item: Psychic Seed
|move|p2b: Amoonguss|Pollen Puff|p2a: Rillaboom
|-heal|p2a: Rillaboom|98/100
|cant|p1a: Archaludon|slp
|move|p2a: Rillaboom|Bullet Seed|p1b: Sneasler
|-resisted|p1b: Sneasler
|-damage|p1b: Sneasler|89/100
|-resisted|p1b: Sneasler
|-damage|p1b: Sneasler|75/100
|-resisted|p1b: Sneasler
|-damage|p1b: Sneasler|64/100
|-resisted|p1b: Sneasler
|-damage|p1b: Sneasler|51/100
|-hitcount|p1b: Sneasler|4
|
|upkeep
|turn|11
|inactive|losandy has 30 seconds left.
|inactive|losandy has 20 seconds left.
|inactive|losandy has 15 seconds left.
|inactive|losandy has 10 seconds left.
|
|t:|1756414613
|switch|p2a: Gothitelle|Gothitelle, L50, M|84/100
|move|p1b: Sneasler|Protect|p1b: Sneasler
|-singleturn|p1b: Sneasler|Protect
|move|p2b: Amoonguss|Spore|p1b: Sneasler
|-activate|p1b: Sneasler|move: Protect
|cant|p1a: Archaludon|slp
|
|-fieldend|move: Trick Room
|upkeep
|turn|12
|
|t:|1756414626
|move|p2b: Amoonguss|Rage Powder|p2b: Amoonguss
|-singleturn|p2b: Amoonguss|move: Rage Powder
|move|p1b: Sneasler|Dire Claw|p2b: Amoonguss
|-damage|p2b: Amoonguss|66/100
|-damage|p1b: Sneasler|35/100|[from] item: Rocky Helmet|[of] p2b: Amoonguss
|-curestatus|p1a: Archaludon|slp|[msg]
|move|p1a: Archaludon|Body Press|p2b: Amoonguss
|-resisted|p2b: Amoonguss
|-damage|p2b: Amoonguss|53/100
|-damage|p1a: Archaludon|84/100|[from] item: Rocky Helmet|[of] p2b: Amoonguss
|move|p2a: Gothitelle|Trick Room|p2a: Gothitelle
|-fieldstart|move: Trick Room|[of] p2a: Gothitelle
|
|upkeep
|turn|13
|
|t:|1756414645
|move|p2b: Amoonguss|Spore|p1a: Archaludon
|-status|p1a: Archaludon|slp|[from] move: Spore
|move|p2a: Gothitelle|Psychic|p1b: Sneasler
|-supereffective|p1b: Sneasler
|-damage|p1b: Sneasler|0 fnt
|faint|p1b: Sneasler
|cant|p1a: Archaludon|slp
|
|-fieldend|move: Psychic Terrain
|upkeep
|
|t:|1756414664
|switch|p1b: Indeedee|Indeedee, L50, M|100/100
|-fieldstart|move: Psychic Terrain|[from] ability: Psychic Surge|[of] p1b: Indeedee
|turn|14
|
|t:|1756414679
|switch|p2a: Rillaboom|Rillaboom, L50, M|98/100
|-fieldstart|move: Grassy Terrain|[from] ability: Grassy Surge|[of] p2a: Rillaboom
|move|p1b: Indeedee|Protect|p1b: Indeedee
|-singleturn|p1b: Indeedee|Protect
|move|p2b: Amoonguss|Spore|p1b: Indeedee
|-activate|p1b: Indeedee|move: Protect
|cant|p1a: Archaludon|slp
|
|-heal|p2b: Amoonguss|59/100|[from] Grassy Terrain
|-heal|p1a: Archaludon|90/100 slp|[from] Grassy Terrain
|-heal|p2a: Rillaboom|100/100|[from] Grassy Terrain
|upkeep
|turn|15
|inactive|ZekromAllDay has 30 seconds left.
|
|t:|1756414710
|move|p2b: Amoonguss|Spore|p1b: Indeedee
|-status|p1b: Indeedee|slp|[from] move: Spore
|-curestatus|p1a: Archaludon|slp|[msg]
|move|p1a: Archaludon|Draco Meteor|p2b: Amoonguss
|-damage|p2b: Amoonguss|37/100
|-unboost|p1a: Archaludon|spa|2
|move|p2a: Rillaboom|High Horsepower|p1a: Archaludon
|-supereffective|p1a: Archaludon
|-damage|p1a: Archaludon|57/100
|-ability|p1a: Archaludon|Stamina|boost
|-boost|p1a: Archaludon|def|1
|cant|p1b: Indeedee|slp
|
|-heal|p2b: Amoonguss|43/100|[from] Grassy Terrain
|-heal|p1a: Archaludon|63/100|[from] Grassy Terrain
|upkeep
|turn|16
|inactive|ZekromAllDay has 30 seconds left.
|
|t:|1756414744
|move|p2b: Amoonguss|Spore|p1a: Archaludon
|-status|p1a: Archaludon|slp|[from] move: Spore
|cant|p1a: Archaludon|slp
|move|p2a: Rillaboom|Bullet Seed|p1b: Indeedee
|-damage|p1b: Indeedee|62/100 slp
|-damage|p1b: Indeedee|25/100 slp
|-damage|p1b: Indeedee|0 fnt
|faint|p1b: Indeedee
|-hitcount|p1: Indeedee|3
|
|-heal|p2b: Amoonguss|49/100|[from] Grassy Terrain
|-heal|p1a: Archaludon|70/100 slp|[from] Grassy Terrain
|-fieldend|move: Trick Room
|upkeep
|turn|17
|inactive|losandy has 30 seconds left.
|inactive|losandy has 20 seconds left.
|inactive|losandy has 15 seconds left.
|
|t:|1756414786
|switch|p2b: Gothitelle|Gothitelle, L50, M|84/100
|move|p2a: Rillaboom|High Horsepower|p1a: Archaludon
|-supereffective|p1a: Archaludon
|-damage|p1a: Archaludon|46/100 slp
|-ability|p1a: Archaludon|Stamina|boost
|-boost|p1a: Archaludon|def|1
|cant|p1a: Archaludon|slp
|
|-heal|p1a: Archaludon|52/100 slp|[from] Grassy Terrain
|-heal|p2b: Gothitelle|90/100|[from] Grassy Terrain
|upkeep
|turn|18
|inactive|ZekromAllDay has 30 seconds left.
|
|t:|1756414817
|switch|p2a: Amoonguss|Amoonguss, L50, F|82/100
|cant|p1a: Archaludon|slp
|move|p2b: Gothitelle|Trick Room|p2b: Gothitelle
|-fieldstart|move: Trick Room|[of] p2b: Gothitelle
|
|-heal|p2a: Amoonguss|88/100|[from] Grassy Terrain
|-heal|p2b: Gothitelle|96/100|[from] Grassy Terrain
|-heal|p1a: Archaludon|58/100 slp|[from] Grassy Terrain
|-fieldend|move: Grassy Terrain
|upkeep
|turn|19
|
|t:|1756414833
|move|p2a: Amoonguss|Rage Powder|p2a: Amoonguss
|-singleturn|p2a: Amoonguss|move: Rage Powder
|move|p2b: Gothitelle|Psychic|p1a: Archaludon
|-resisted|p1a: Archaludon
|-damage|p1a: Archaludon|42/100 slp
|-ability|p1a: Archaludon|Stamina|boost
|-boost|p1a: Archaludon|def|1
|-curestatus|p1a: Archaludon|slp|[msg]
|move|p1a: Archaludon|Body Press|p2a: Amoonguss
|-resisted|p2a: Amoonguss
|-damage|p2a: Amoonguss|59/100
|-damage|p1a: Archaludon|25/100|[from] item: Rocky Helmet|[of] p2a: Amoonguss
|
|upkeep
|turn|20
|inactive|losandy has 30 seconds left.
|-message|ZekromAllDay forfeited.
|
|win|losandy
|l|☆ZekromAllDay
|player|p1|
||ZekromAllDay is ready for game 3.
|inactive|losandy has 30 seconds to confirm battle start!
|l|☆losandy
|player|p2|
|inactive|losandy has 20 seconds to confirm battle start!
|inactive|losandy has 10 seconds to confirm battle start!
|j|☆losandy
|player|p2|losandy|101|
|inactive|losandy has 0 seconds to confirm battle start!
|uhtml|next|Next: Game 3 of 3
