|j|☆the bags12
|j|☆castoriceball
|html|the bags12castoriceball    
|uhtml|bestof|Game 1 of a best-of-3
|t:|1785281364
|gametype|doubles
|player|p1|the bags12|falkner|1296
|player|p2|castoriceball|miku-flying|1432
|gen|9
|tier|[Gen 9 Champions] VGC 2026 Reg M-B (Bo3)
|rated|
|rule|Species Clause: Limit one of each Pokémon
|rule|Item Clause: Limit 1 of each item
|clearpoke
|poke|p1|Staraptor, L50, M, shiny|
|poke|p1|Garchomp, L50, M, shiny|
|poke|p1|Basculegion, L50, M, shiny|
|poke|p1|Scizor, L50, M, shiny|
|poke|p1|Grimmsnarl, L50, M, shiny|
|poke|p1|Incineroar, L50, M, shiny|
|poke|p2|Glimmora, L50, M, shiny|
|poke|p2|Ninetales-Alola, L50, F, shiny|
|poke|p2|Talonflame, L50, F, shiny|
|poke|p2|Basculegion, L50, M, shiny|
|poke|p2|Kommo-o, L50, F, shiny|
|poke|p2|Kingambit, L50, M, shiny|
|teampreview|4
|showteam|p1|Staraptor||Staraptite|Intimidate|CloseCombat,DualWingbeat,Roost,Protect|Adamant||M|||50|]Garchomp||LifeOrb|RoughSkin|DragonClaw,Earthquake,IronHead,RockSlide|Adamant||M|||50|]Basculegion||ChoiceScarf|Adaptability|LastRespects,WaveCrash,AquaJet,FlipTurn|Jolly||M|||50|]Scizor||MetalCoat|Technician|Uturn,BulletPunch,KnockOff,CloseCombat|Brave||M|||50|]Grimmsnarl||LightClay|Prankster|PartingShot,ScaryFace,Reflect,LightScreen|Calm||M|||50|]Incineroar||Leftovers|Intimidate|FlareBlitz,PartingShot,FakeOut,DarkestLariat|Adamant||M|||50|
|showteam|p2|Glimmora||Glimmoranite|ToxicDebris|PowerGem,SludgeBomb,EarthPower,SpikyShield|Modest||M|||50|]Ninetales-Alola||NeverMeltIce|SnowWarning|Blizzard,FreezeDry,Encore,Protect|Timid||F|||50|]Talonflame||SharpBeak|GaleWings|DualWingbeat,FlareBlitz,Tailwind,Protect|Jolly||F|||50|]Basculegion||ChoiceScarf|Adaptability|WaveCrash,AquaJet,FlipTurn,LastRespects|Jolly||M|||50|]Kommo-o||LifeOrb|Overcoat|ClangingScales,DracoMeteor,AuraSphere,Protect|Modest||F|||50|]Kingambit||FocusSash|Defiant|SuckerPunch,KowtowCleave,IronHead,LowKick|Adamant||M|||50|
|inactive|Battle timer is ON: inactive players will automatically lose when time's up. (requested by the bags12)
|inactive|the bags12 has 60 seconds left.
|inactive|castoriceball has 60 seconds left.
|inactive|castoriceball has 30 seconds left.
|inactive|castoriceball has 20 seconds left.
|
|t:|1785281435
|teamsize|p1|4
|teamsize|p2|4
|start
|switch|p1a: Mighty Eagle|Staraptor, L50, M, shiny|100/100
|switch|p1b: Haaland|Grimmsnarl, L50, M, shiny|100/100
|switch|p2a: ICE TALES|Ninetales-Alola, L50, F, shiny|100/100
|switch|p2b: Nuke.|Glimmora, L50, M, shiny|100/100
|-weather|Snowscape|[from] ability: Snow Warning|[of] p2a: ICE TALES
|-ability|p1a: Mighty Eagle|Intimidate|boost
|-unboost|p2a: ICE TALES|atk|1
|-unboost|p2b: Nuke.|atk|1
|turn|1
|inactive|castoriceball has 30 seconds left.
|
|t:|1785281467
|detailschange|p2b: Nuke.|Glimmora-Mega, L50, M, shiny
|-mega|p2b: Nuke.|Glimmora|Glimmoranite
|detailschange|p1a: Mighty Eagle|Staraptor-Mega, L50, M, shiny
|-mega|p1a: Mighty Eagle|Staraptor|Staraptite
|move|p1a: Mighty Eagle|Protect|p1a: Mighty Eagle
|-singleturn|p1a: Mighty Eagle|Protect
|move|p1b: Haaland|Light Screen|p1b: Haaland
|-sidestart|p1: the bags12|move: Light Screen
|move|p2a: ICE TALES|Blizzard|p1b: Haaland|[spread] p1b
|-activate|p1a: Mighty Eagle|move: Protect
|-damage|p1b: Haaland|81/100
|move|p2b: Nuke.|Sludge Bomb|p1a: Mighty Eagle
|-activate|p1a: Mighty Eagle|move: Protect
|
|-weather|Snowscape|[upkeep]
|upkeep
|turn|2
|
|t:|1785281483
|move|p1b: Haaland|Scary Face|p1a: Mighty Eagle
|-boost|p1a: Mighty Eagle|spe|2
|move|p1a: Mighty Eagle|Close Combat|p2a: ICE TALES
|-damage|p2a: ICE TALES|28/100
|-boost|p1a: Mighty Eagle|def|1
|-boost|p1a: Mighty Eagle|spd|1
|move|p2a: ICE TALES|Encore|p1a: Mighty Eagle
|-start|p1a: Mighty Eagle|Encore
|move|p2b: Nuke.|Sludge Bomb|p1b: Haaland
|-supereffective|p1b: Haaland|1
|-damage|p1b: Haaland|4/100
|
|-weather|Snowscape|[upkeep]
|upkeep
|turn|3
|
|t:|1785281501
|switch|p2a: Basculegend|Basculegion, L50, M, shiny|100/100
|switch|p2b: BIRDDD|Talonflame, L50, F, shiny|100/100
|move|p1b: Haaland|Parting Shot|p1a: Mighty Eagle
|-boost|p1a: Mighty Eagle|atk|1
|-boost|p1a: Mighty Eagle|spa|1
|
|t:|1785281505
|switch|p1b: Incin|Incineroar, L50, M, shiny|100/100|[from] Parting Shot
|-ability|p1b: Incin|Intimidate|boost
|-unboost|p2a: Basculegend|atk|1
|-unboost|p2b: BIRDDD|atk|1
|move|p1a: Mighty Eagle|Close Combat|p2a: Basculegend
|-immune|p2a: Basculegend
|
|-weather|Snowscape|[upkeep]
|upkeep
|turn|4
|
|t:|1785281518
|move|p2b: BIRDDD|Protect|p2b: BIRDDD
|-singleturn|p2b: BIRDDD|Protect
|move|p1a: Mighty Eagle|Close Combat|p2b: BIRDDD
|-activate|p2b: BIRDDD|move: Protect
|move|p2a: Basculegend|Wave Crash|p1b: Incin
|-supereffective|p1b: Incin|1
|-damage|p1b: Incin|0 fnt
|faint|p1b: Incin
|-damage|p2a: Basculegend|67/100|[from] Recoil
|
|-weather|Snowscape|[upkeep]
|upkeep
|
|t:|1785281524
|switch|p1b: Haaland|Grimmsnarl, L50, M, shiny|4/100
|turn|5
|
|t:|1785281528
|move|p2b: BIRDDD|Tailwind|p2b: BIRDDD
|-sidestart|p2: castoriceball|move: Tailwind
|move|p1b: Haaland|Reflect|p1b: Haaland
|-sidestart|p1: the bags12|Reflect
|move|p2a: Basculegend|Wave Crash|p1a: Mighty Eagle
|-damage|p1a: Mighty Eagle|79/100
|-damage|p2a: Basculegend|61/100|[from] Recoil
|move|p1a: Mighty Eagle|Close Combat|p2b: BIRDDD
|-resisted|p2b: BIRDDD|1
|-damage|p2b: BIRDDD|23/100
|-boost|p1a: Mighty Eagle|def|1
|-boost|p1a: Mighty Eagle|spd|1
|
|-weather|none
|-end|p1a: Mighty Eagle|Encore
|upkeep
|turn|6
|
|t:|1785281544
|switch|p2a: Nuke.|Glimmora-Mega, L50, M, shiny|100/100
|move|p1b: Haaland|Parting Shot|p1a: Mighty Eagle
|-boost|p1a: Mighty Eagle|atk|1
|-boost|p1a: Mighty Eagle|spa|1
|
|t:|1785281549
|switch|p1b: fih|Basculegion, L50, M, shiny|100/100|[from] Parting Shot
|move|p2b: BIRDDD|Dual Wingbeat|p1a: Mighty Eagle
|-supereffective|p1a: Mighty Eagle|1
|-damage|p1a: Mighty Eagle|72/100
|-supereffective|p1a: Mighty Eagle|1
|-damage|p1a: Mighty Eagle|63/100
|-hitcount|p1a: Mighty Eagle|2
|move|p1a: Mighty Eagle|Dual Wingbeat|p2a: Nuke.
|-resisted|p2a: Nuke.|1
|-damage|p2a: Nuke.|74/100
|-resisted|p2a: Nuke.|1
|-damage|p2a: Nuke.|49/100
|-hitcount|p2a: Nuke.|2
|
|upkeep
|turn|7
|inactive|castoriceball has 30 seconds left.
|
|t:|1785281575
|switch|p1b: Haaland|Grimmsnarl, L50, M, shiny|4/100
|move|p2b: BIRDDD|Dual Wingbeat|p1a: Mighty Eagle
|-supereffective|p1a: Mighty Eagle|1
|-damage|p1a: Mighty Eagle|57/100
|-supereffective|p1a: Mighty Eagle|1
|-damage|p1a: Mighty Eagle|48/100
|-hitcount|p1a: Mighty Eagle|2
|move|p2a: Nuke.|Sludge Bomb|p1a: Mighty Eagle
|-damage|p1a: Mighty Eagle|25/100
|move|p1a: Mighty Eagle|Close Combat|p2b: BIRDDD
|-resisted|p2b: BIRDDD|1
|-damage|p2b: BIRDDD|0 fnt
|-boost|p1a: Mighty Eagle|def|1
|-boost|p1a: Mighty Eagle|spd|1
|faint|p2b: BIRDDD
|
|upkeep
|
|t:|1785281587
|switch|p2b: Basculegend|Basculegion, L50, M, shiny|61/100
|turn|8
|
|t:|1785281597
|move|p1b: Haaland|Scary Face|p2b: Basculegend
|-unboost|p2b: Basculegend|spe|2
|move|p2a: Nuke.|Sludge Bomb|p1a: Mighty Eagle
|-damage|p1a: Mighty Eagle|4/100
|-status|p1a: Mighty Eagle|psn
|move|p1a: Mighty Eagle|Roost|p1a: Mighty Eagle
|-heal|p1a: Mighty Eagle|54/100 psn
|-singleturn|p1a: Mighty Eagle|move: Roost
|move|p2b: Basculegend|Last Respects|p1b: Haaland
|-resisted|p1b: Haaland|1
|-damage|p1b: Haaland|0 fnt
|faint|p1b: Haaland
|
|-damage|p1a: Mighty Eagle|42/100 psn|[from] psn
|-sideend|p1: the bags12|move: Light Screen
|-sideend|p2: castoriceball|move: Tailwind
|upkeep
|
|t:|1785281605
|switch|p1b: fih|Basculegion, L50, M, shiny|100/100
|turn|9
|
|t:|1785281610
|switch|p2b: ICE TALES|Ninetales-Alola, L50, F, shiny|28/100
|-weather|Snowscape|[from] ability: Snow Warning|[of] p2b: ICE TALES
|move|p2a: Nuke.|Spiky Shield|p2a: Nuke.
|-singleturn|p2a: Nuke.|move: Protect
|move|p1a: Mighty Eagle|Close Combat|p2a: Nuke.
|-activate|p2a: Nuke.|move: Protect
|-damage|p1a: Mighty Eagle|30/100 psn|[from] Spiky Shield|[of] p2a: Nuke.
|move|p1b: fih|Last Respects|p2b: ICE TALES
|-damage|p2b: ICE TALES|0 fnt
|faint|p2b: ICE TALES
|
|-weather|Snowscape|[upkeep]
|-damage|p1a: Mighty Eagle|18/100 psn|[from] psn
|upkeep
|
|t:|1785281619
|switch|p2b: Basculegend|Basculegion, L50, M, shiny|61/100
|turn|10
|
|t:|1785281624
|move|p1a: Mighty Eagle|Roost|p1a: Mighty Eagle
|-heal|p1a: Mighty Eagle|69/100 psn
|-singleturn|p1a: Mighty Eagle|move: Roost
|move|p2b: Basculegend|Last Respects|p1b: fih
|-supereffective|p1b: fih|1
|-damage|p1b: fih|0 fnt
|faint|p1b: fih
|move|p2a: Nuke.|Sludge Bomb|p1a: Mighty Eagle
|-damage|p1a: Mighty Eagle|39/100 psn
|
|-weather|Snowscape|[upkeep]
|-damage|p1a: Mighty Eagle|27/100 psn|[from] psn
|upkeep
|turn|11
|
|t:|1785281632
|move|p1a: Mighty Eagle|Close Combat|p2a: Nuke.
|-damage|p2a: Nuke.|0 fnt
|-boost|p1a: Mighty Eagle|def|1
|-boost|p1a: Mighty Eagle|spd|1
|faint|p2a: Nuke.
|move|p2b: Basculegend|Last Respects|p1a: Mighty Eagle
|-damage|p1a: Mighty Eagle|1/100 psn
|
|-weather|Snowscape|[upkeep]
|-damage|p1a: Mighty Eagle|0 fnt|[from] psn
|faint|p1a: Mighty Eagle
|
|win|castoriceball
||the bags12 is ready for game 2.
|l|☆the bags12
|player|p1|
|inactive|castoriceball has 30 seconds to confirm battle start!
