|j|☆Glavenus71601
|j|☆dyd666
|html|Glavenus71601dyd666    
|uhtml|bestof|Game 2 of a best-of-3
|t:|1756898952
|gametype|doubles
|player|p1|Glavenus71601|fisherman-gen4|1116
|player|p2|dyd666|170|1120
|gen|9
|tier|[Gen 9] VGC 2025 Reg H (Bo3)
|rated|
|rule|Species Clause: Limit one of each Pokémon
|rule|Item Clause: Limit 1 of each item
|clearpoke
|poke|p1|Pelipper, L50, M|
|poke|p1|Basculegion, L50, M|
|poke|p1|Archaludon, L50, F|
|poke|p1|Gholdengo, L50|
|poke|p1|Garchomp, L50, M|
|poke|p1|Rillaboom, L50, F|
|poke|p2|Grimmsnarl, L50, M|
|poke|p2|Annihilape, L50, M|
|poke|p2|Maushold, L50|
|poke|p2|Ursaluna-Bloodmoon, L50, M|
|poke|p2|Archaludon, L50, M|
|poke|p2|Murkrow, L50, M|
|teampreview|4
|showteam|p1|Pelipper||FocusSash|Drizzle|WeatherBall,Hurricane,Tailwind,Protect|||M|||50|,,,,,Ghost]Basculegion||ChoiceBand|SwiftSwim|WaveCrash,FlipTurn,LastRespects,AquaJet|||M|||50|,,,,,Water]Archaludon||AssaultVest|Stamina|ElectroShot,BodyPress,DragonPulse,FlashCannon|||F|||50|,,,,,Grass]Gholdengo||MetalCoat|GoodasGold|NastyPlot,ShadowBall,MakeItRain,Protect||||||50|,,,,,Water]Garchomp||LifeOrb|RoughSkin|RockSlide,StompingTantrum,Protect,DragonClaw|||M|||50|,,,,,Steel]Rillaboom||LoadedDice|GrassySurge|GrassyGlide,FakeOut,BulletSeed,HighHorsepower|||F|||50|,,,,,Fire
|showteam|p2|Grimmsnarl||LightClay|Prankster|MistyTerrain,Reflect,LightScreen,SpiritBreak|||M|||50|,,,,,Ghost]Annihilape||Leftovers|Defiant|BulkUp,RageFist,DrainPunch,Protect|||M|||50|,,,,,Water]Maushold||WideLens|Technician|PopulationBomb,BeatUp,Taunt,Protect||||||50|,,,,,Ghost]Ursaluna-Bloodmoon||SilkScarf|MindsEye|HyperVoice,BloodMoon,EarthPower,Protect|||M|||50|,,,,,Normal]Archaludon||AssaultVest|Stamina|FlashCannon,DracoMeteor,ElectroShot,BodyPress|||M|||50|,,,,,Ghost]Murkrow||Eviolite|Prankster|Tailwind,RainDance,Haze,BraveBird|||M|||50|,,,,,Ghost
|inactive|Battle timer is ON: inactive players will automatically lose when time's up. (requested by dyd666)
|
|t:|1756898968
|teamsize|p1|4
|teamsize|p2|4
|start
|switch|p1a: Mx Money|Gholdengo, L50|100/100
|switch|p1b: Choemp|Garchomp, L50, M|100/100
|switch|p2a: Grimmsnarl|Grimmsnarl, L50, M|100/100
|switch|p2b: Ursaluna|Ursaluna-Bloodmoon, L50, M|100/100
|turn|1
|
|t:|1756898992
|-terastallize|p1a: Mx Money|Water
|move|p2a: Grimmsnarl|Light Screen|p2a: Grimmsnarl
|-sidestart|p2: dyd666|move: Light Screen
|move|p1b: Choemp|Rock Slide|p2b: Ursaluna|[spread] p2a,p2b
|-resisted|p2b: Ursaluna
|-damage|p2a: Grimmsnarl|78/100
|-damage|p2b: Ursaluna|89/100
|-damage|p1b: Choemp|91/100|[from] item: Life Orb
|move|p1a: Mx Money|Nasty Plot|p1a: Mx Money
|-boost|p1a: Mx Money|spa|2
|cant|p2b: Ursaluna|flinch
|
|upkeep
|turn|2
|
|t:|1756899016
|move|p2a: Grimmsnarl|Reflect|p2a: Grimmsnarl
|-sidestart|p2: dyd666|Reflect
|move|p1b: Choemp|Dragon Claw|p2b: Ursaluna
|-damage|p2b: Ursaluna|60/100
|-damage|p1b: Choemp|81/100|[from] item: Life Orb
|move|p1a: Mx Money|Make It Rain|p2b: Ursaluna|[spread] p2a,p2b
|-supereffective|p2a: Grimmsnarl
|-damage|p2a: Grimmsnarl|0 fnt
|-damage|p2b: Ursaluna|0 fnt
|-unboost|p1a: Mx Money|spa|1
|faint|p2a: Grimmsnarl
|faint|p2b: Ursaluna
|
|upkeep
|
|t:|1756899030
|switch|p2b: Archaludon|Archaludon, L50, M|100/100
|switch|p2a: Murkrow|Murkrow, L50, M|100/100
|turn|3
|
|t:|1756899048
|-terastallize|p2b: Archaludon|Ghost
|move|p2a: Murkrow|Rain Dance|p2a: Murkrow
|-weather|RainDance
|move|p1b: Choemp|Dragon Claw|p2a: Murkrow
|-damage|p2a: Murkrow|59/100
|-damage|p1b: Choemp|71/100|[from] item: Life Orb
|move|p2b: Archaludon|Electro Shot||[still]
|-prepare|p2b: Archaludon|Electro Shot
|-boost|p2b: Archaludon|spa|1
|-anim|p2b: Archaludon|Electro Shot|p1a: Mx Money
|-supereffective|p1a: Mx Money
|-damage|p1a: Mx Money|0 fnt
|faint|p1a: Mx Money
|
|-weather|RainDance|[upkeep]
|upkeep
|
|t:|1756899058
|switch|p1a: Fort Pitt|Archaludon, L50, F|100/100
|turn|4
|
|t:|1756899074
|move|p2a: Murkrow|Tailwind|p2a: Murkrow
|-sidestart|p2: dyd666|move: Tailwind
|move|p2b: Archaludon|Electro Shot||[still]
|-prepare|p2b: Archaludon|Electro Shot
|-boost|p2b: Archaludon|spa|1
|-anim|p2b: Archaludon|Electro Shot|p1a: Fort Pitt
|-resisted|p1a: Fort Pitt
|-damage|p1a: Fort Pitt|77/100
|-ability|p1a: Fort Pitt|Stamina|boost
|-boost|p1a: Fort Pitt|def|1
|move|p1b: Choemp|Dragon Claw|p2a: Murkrow
|-damage|p2a: Murkrow|14/100
|-damage|p1b: Choemp|61/100|[from] item: Life Orb
|move|p1a: Fort Pitt|Electro Shot||[still]
|-prepare|p1a: Fort Pitt|Electro Shot
|-boost|p1a: Fort Pitt|spa|1
|-anim|p1a: Fort Pitt|Electro Shot|p2a: Murkrow
|-supereffective|p2a: Murkrow
|-damage|p2a: Murkrow|0 fnt
|faint|p2a: Murkrow
|
|-weather|RainDance|[upkeep]
|upkeep
|turn|5
|
|t:|1756899097
|move|p2b: Archaludon|Electro Shot||[still]
|-prepare|p2b: Archaludon|Electro Shot
|-boost|p2b: Archaludon|spa|1
|-anim|p2b: Archaludon|Electro Shot|p1a: Fort Pitt
|-resisted|p1a: Fort Pitt
|-damage|p1a: Fort Pitt|45/100
|-ability|p1a: Fort Pitt|Stamina|boost
|-boost|p1a: Fort Pitt|def|1
|move|p1b: Choemp|Dragon Claw|p2b: Archaludon
|-damage|p2b: Archaludon|72/100
|-ability|p2b: Archaludon|Stamina|boost
|-boost|p2b: Archaludon|def|1
|-damage|p1b: Choemp|51/100|[from] item: Life Orb
|move|p1a: Fort Pitt|Electro Shot||[still]
|-prepare|p1a: Fort Pitt|Electro Shot
|-boost|p1a: Fort Pitt|spa|1
|-anim|p1a: Fort Pitt|Electro Shot|p2b: Archaludon
|-damage|p2b: Archaludon|30/100
|-ability|p2b: Archaludon|Stamina|boost
|-boost|p2b: Archaludon|def|1
|
|-weather|RainDance|[upkeep]
|upkeep
|turn|6
|
|t:|1756899118
|move|p2b: Archaludon|Body Press|p1a: Fort Pitt
|-supereffective|p1a: Fort Pitt
|-damage|p1a: Fort Pitt|12/100
|-ability|p1a: Fort Pitt|Stamina|boost
|-boost|p1a: Fort Pitt|def|1
|move|p1b: Choemp|Dragon Claw|p2b: Archaludon
|-damage|p2b: Archaludon|14/100
|-ability|p2b: Archaludon|Stamina|boost
|-boost|p2b: Archaludon|def|1
|-damage|p1b: Choemp|41/100|[from] item: Life Orb
|move|p1a: Fort Pitt|Dragon Pulse|p2b: Archaludon
|-damage|p2b: Archaludon|0 fnt
|faint|p2b: Archaludon
|
|win|Glavenus71601
|raw|Glavenus71601's rating: 1116 → 1141(+25 for winning)
|raw|dyd666's rating: 1120 → 1095(-25 for losing)
|l|☆dyd666
|player|p2|
