|j|☆Itolentino_7
|j|☆kulllllllllle
|html|Itolentino_7kulllllllllle    
|uhtml|bestof|Game 1 of a best-of-3
|t:|1782328254
|gametype|doubles
|player|p1|Itolentino_7|falkner|1040
|player|p2|kulllllllllle|swimmer-gen4dp|1089
|gen|9
|tier|[Gen 9 Champions] VGC 2026 Reg M-B (Bo3)
|rated|
|rule|Species Clause: Limit one of each Pokémon
|rule|Item Clause: Limit 1 of each item
|clearpoke
|poke|p1|Swampert, L50, F, shiny|
|poke|p1|Pelipper, L50, M, shiny|
|poke|p1|Archaludon, L50, M|
|poke|p1|Floette-Eternal, L50, F|
|poke|p1|Grimmsnarl, L50, M, shiny|
|poke|p1|Sinistcha-Masterpiece, L50|
|poke|p2|Annihilape, L50, F|
|poke|p2|Maushold, L50|
|poke|p2|Sinistcha, L50|
|poke|p2|Froslass, L50, F|
|poke|p2|Ninetales-Alola, L50, F|
|poke|p2|Charizard, L50, M|
|teampreview|4
|showteam|p1|Swampert||Swampertite|Torrent|Earthquake,RockSlide,Liquidation,Protect|Adamant||F|||50|]Pelipper||DampRock|Drizzle|Hurricane,WeatherBall,Protect,Tailwind|Modest||M|||50|]Archaludon||Leftovers|Stamina|ElectroShot,DragonPulse,FlashCannon,Protect|Calm||M|||50|]Floette-Eternal||Floettite|FlowerVeil|Moonblast,CalmMind,DazzlingGleam,Protect|Modest||F|||50|]Grimmsnarl||LightClay|Prankster|SpiritBreak,PartingShot,Reflect,LightScreen|Careful||M|||50|]Sinistcha-Masterpiece||SitrusBerry|Hospitality|MatchaGotcha,RagePowder,LifeDew,Protect|Calm|||||50|
|showteam|p2|Annihilape||BrightPowder|Defiant|RageFist,DrainPunch,BulkUp,Protect|Adamant||F|||50|]Maushold||FocusSash|FriendGuard|FollowMe,Taunt,BeatUp,AfterYou|Jolly|||||50|]Sinistcha||SitrusBerry|Hospitality|RagePowder,LifeDew,MatchaGotcha,TrickRoom|Relaxed|||||50|]Froslass||Froslassite|SnowCloak|AuroraVeil,Blizzard,Haze,ShadowBall|Timid||F|||50|]Ninetales-Alola||LifeOrb|SnowWarning|Blizzard,FreezeDry,Disable,Moonblast|Timid||F|||50|]Charizard||CharizarditeY|Blaze|Flamethrower,SolarBeam,Overheat,FlameCharge|Timid||M|||50|
|inactive|Battle timer is ON: inactive players will automatically lose when time's up. (requested by Itolentino_7)
|inactive|Itolentino_7 has 60 seconds left.
|
|t:|1782328313
|teamsize|p1|4
|teamsize|p2|4
|start
|switch|p1a: Grimmsnarl|Grimmsnarl, L50, M, shiny|100/100
|switch|p1b: Archaludon|Archaludon, L50, M|100/100
|switch|p2a: Annihilape|Annihilape, L50, F|100/100
|switch|p2b: Maushold|Maushold, L50|100/100
|turn|1
|inactive|kulllllllllle has 30 seconds left.
|inactive|kulllllllllle has 20 seconds left.
|
|t:|1782328349
|move|p1b: Archaludon|Protect|p1b: Archaludon
|-singleturn|p1b: Archaludon|Protect
|move|p1a: Grimmsnarl|Reflect|p1a: Grimmsnarl
|-sidestart|p1: Itolentino_7|Reflect
|move|p2b: Maushold|Beat Up|p2a: Annihilape
|-damage|p2a: Annihilape|97/100
|-damage|p2a: Annihilape|95/100
|-damage|p2a: Annihilape|94/100
|-damage|p2a: Annihilape|92/100
|-hitcount|p2a: Annihilape|4
|move|p2a: Annihilape|Bulk Up|p2a: Annihilape
|-boost|p2a: Annihilape|atk|1
|-boost|p2a: Annihilape|def|1
|
|upkeep
|turn|2
|inactive|Itolentino_7 has 30 seconds left.
|inactive|kulllllllllle has 30 seconds left.
|inactive|kulllllllllle has 20 seconds left.
|inactive|kulllllllllle has 15 seconds left.
|
|t:|1782328392
|move|p2b: Maushold|Follow Me|p2b: Maushold
|-singleturn|p2b: Maushold|move: Follow Me
|move|p1b: Archaludon|Dragon Pulse|p2b: Maushold
|-damage|p2b: Maushold|53/100
|move|p2a: Annihilape|Rage Fist|p1a: Grimmsnarl
|-resisted|p1a: Grimmsnarl|1
|-damage|p1a: Grimmsnarl|33/100
|move|p1a: Grimmsnarl|Spirit Break|p2b: Maushold
|-damage|p2b: Maushold|12/100
|-unboost|p2b: Maushold|spa|1
|
|upkeep
|turn|3
|
|t:|1782328413
|move|p2b: Maushold|Follow Me|p2b: Maushold
|-singleturn|p2b: Maushold|move: Follow Me
|move|p1b: Archaludon|Dragon Pulse|p2b: Maushold
|-damage|p2b: Maushold|0 fnt
|faint|p2b: Maushold
|move|p2a: Annihilape|Rage Fist|p1b: Archaludon
|-damage|p1b: Archaludon|0 fnt
|faint|p1b: Archaludon
|move|p1a: Grimmsnarl|Spirit Break|p2a: Annihilape|[miss]
|-miss|p1a: Grimmsnarl|p2a: Annihilape
|
|upkeep
|
|t:|1782328428
|switch|p2b: Sinistcha|Sinistcha, L50|100/100
|switch|p1b: Alyssa|Swampert, L50, F, shiny|100/100
|-heal|p2a: Annihilape|100/100|[from] ability: Hospitality|[of] p2b: Sinistcha
|turn|4
|inactive|kulllllllllle has 30 seconds left.
|
|t:|1782328462
|move|p1b: Alyssa|Protect|p1b: Alyssa
|-singleturn|p1b: Alyssa|Protect
|move|p2a: Annihilape|Rage Fist|p1a: Grimmsnarl
|-resisted|p1a: Grimmsnarl|1
|-damage|p1a: Grimmsnarl|0 fnt
|faint|p1a: Grimmsnarl
|move|p2b: Sinistcha|Matcha Gotcha|p1b: Alyssa
|-activate|p1b: Alyssa|move: Protect
|
|upkeep
|
|t:|1782328472
|switch|p1a: Pelipper|Pelipper, L50, M, shiny|100/100
|-weather|RainDance|[from] ability: Drizzle|[of] p1a: Pelipper
|turn|5
|
|t:|1782328492
|switch|p2b: Ninetales|Ninetales-Alola, L50, F|100/100
|-weather|Snowscape|[from] ability: Snow Warning|[of] p2b: Ninetales
|detailschange|p1b: Alyssa|Swampert-Mega, L50, F, shiny
|-mega|p1b: Alyssa|Swampert|Swampertite
|move|p2a: Annihilape|Protect|p2a: Annihilape
|-singleturn|p2a: Annihilape|Protect
|move|p1b: Alyssa|Rock Slide|p2a: Annihilape|[spread] p2b
|-activate|p2a: Annihilape|move: Protect
|-supereffective|p2b: Ninetales|1
|-damage|p2b: Ninetales|48/100
|move|p1a: Pelipper|Hurricane|p2b: Ninetales
|-damage|p2b: Ninetales|2/100
|-start|p2b: Ninetales|confusion
|
|-weather|Snowscape|[upkeep]
|upkeep
|turn|6
|inactive|kulllllllllle has 30 seconds left.
|inactive|kulllllllllle has 20 seconds left.
|
|t:|1782328528
|-activate|p2b: Ninetales|confusion
|-damage|p2b: Ninetales|0 fnt|[from] confusion
|faint|p2b: Ninetales
|move|p1b: Alyssa|Earthquake|p2a: Annihilape|[spread] p2a
|-immune|p1a: Pelipper
|-damage|p2a: Annihilape|68/100
|move|p1a: Pelipper|Hurricane|p2a: Annihilape
|-supereffective|p2a: Annihilape|1
|-damage|p2a: Annihilape|0 fnt
|faint|p2a: Annihilape
|
|-weather|Snowscape|[upkeep]
|upkeep
|
|t:|1782328540
|switch|p2a: Sinistcha|Sinistcha, L50|100/100
|turn|7
|
|t:|1782328548
|move|p1b: Alyssa|Protect|p1b: Alyssa
|-singleturn|p1b: Alyssa|Protect
|move|p1a: Pelipper|Weather Ball|p2a: Sinistcha
|-supereffective|p2a: Sinistcha|1
|-damage|p2a: Sinistcha|32/100
|-enditem|p2a: Sinistcha|Sitrus Berry|[eat]
|-heal|p2a: Sinistcha|57/100|[from] item: Sitrus Berry
|move|p2a: Sinistcha|Matcha Gotcha|p1b: Alyssa|[spread] p1a
|-activate|p1b: Alyssa|move: Protect
|-damage|p1a: Pelipper|68/100
|-heal|p2a: Sinistcha|71/100|[from] drain|[of] p1a: Pelipper
|
|-weather|Snowscape|[upkeep]
|upkeep
|turn|8
|
|t:|1782328561
|move|p1b: Alyssa|Rock Slide|p2a: Sinistcha
|-damage|p2a: Sinistcha|47/100
|move|p1a: Pelipper|Weather Ball|p2a: Sinistcha
|-supereffective|p2a: Sinistcha|1
|-damage|p2a: Sinistcha|0 fnt
|faint|p2a: Sinistcha
|
|win|Itolentino_7
