|j|ŌśåFreaky Mane
|j|Ōśåyveltyy
|html|Freaky Maneyveltyy    
|uhtml|bestof|Game 2 of a best-of-3
|t:|1757791761
|gametype|doubles
|player|p1|Freaky Mane|acerola|
|player|p2|yveltyy|plasmagruntf-gen5bw|
|gen|9
|tier|[Gen 9] VGC 2025 Reg H (Bo3)
|rule|Species Clause: Limit one of each Pok├®mon
|rule|Item Clause: Limit 1 of each item
|clearpoke
|poke|p1|Dondozo, L50, M|
|poke|p1|Volcarona, L50, F|
|poke|p1|Kingambit, L50, F|
|poke|p1|Sneasler, L50, M|
|poke|p1|Rillaboom, L50, F|
|poke|p1|Baxcalibur, L50, M|
|poke|p2|Corviknight, L50, F|
|poke|p2|Volcarona, L50, F|
|poke|p2|Garchomp, L50, F|
|poke|p2|Dragonite, L50, F|
|poke|p2|Sneasler, L50, F|
|poke|p2|Ninetales-Alola, L50, M|
|teampreview|4
|showteam|p1|Dondozo||Leftovers|Unaware|Liquidation,Fissure,Yawn,Protect|||M|||50|,,,,,Bug]Volcarona||CovertCloak|FlameBody|HeatWave,TeraBlast,QuiverDance,RagePowder|||F|||50|,,,,,Fairy]Kingambit||SafetyGoggles|Defiant|KowtowCleave,SuckerPunch,SwordsDance,Protect|||F|||50|,,,,,Dark]Sneasler||FocusSash|Unburden|CloseCombat,DireClaw,Coaching,Protect|||M|||50|,,,,,Stellar]Rillaboom||AssaultVest|GrassySurge|GrassyGlide,WoodHammer,HighHorsepower,FakeOut|||F|||50|,,,,,Fire]Baxcalibur||LoadedDice|ThermalExchange|IcicleSpear,IceShard,ScaleShot,Protect|||M|||50|,,,,,Ghost
|showteam|p2|Corviknight||SitrusBerry|MirrorArmor|BraveBird,BodyPress,BulkUp,Roost|||F|||50|,,,,,Fire]Volcarona||CovertCloak|FlameBody|Flamethrower,GigaDrain,QuiverDance,Protect|||F|||50|,,,,,Grass]Garchomp||ChoiceScarf|RoughSkin|Earthquake,DragonClaw,StompingTantrum,RockSlide|||F|||50|,,,,,Ground]Dragonite||LifeOrb|InnerFocus|TeraBlast,ExtremeSpeed,StompingTantrum,Protect|||F|||50|,,,,,Flying]Sneasler||FocusSash|Unburden|CloseCombat,DireClaw,FakeOut,Coaching|||F|||50|,,,,,Stellar]Ninetales-Alola||LightClay|SnowWarning|Blizzard,Encore,AuroraVeil,Protect|||M|||50|,,,,,Water
|inactive|Battle timer is ON: inactive players will automatically lose when time's up. (requested by yveltyy)
|inactive|Freaky Mane has 60 seconds left.
|
|t:|1757791814
|teamsize|p1|4
|teamsize|p2|4
|start
|switch|p1a: Rillaboom|Rillaboom, L50, F|100/100
|switch|p1b: Baxcalibur|Baxcalibur, L50, M|100/100
|switch|p2a: Corviknight|Corviknight, L50, F|100/100
|switch|p2b: Sneasler|Sneasler, L50, F|100/100
|-fieldstart|move: Grassy Terrain|[from] ability: Grassy Surge|[of] p1a: Rillaboom
|turn|1
|inactive|Freaky Mane has 30 seconds left.
|inactive|yveltyy has 30 seconds left.
|
|t:|1757791844
|move|p1b: Baxcalibur|Protect|p1b: Baxcalibur
|-singleturn|p1b: Baxcalibur|Protect
|move|p2b: Sneasler|Fake Out|p1a: Rillaboom
|-damage|p1a: Rillaboom|87/100
|cant|p1a: Rillaboom|flinch
|move|p2a: Corviknight|Bulk Up|p2a: Corviknight
|-boost|p2a: Corviknight|atk|1
|-boost|p2a: Corviknight|def|1
|
|-heal|p1a: Rillaboom|93/100|[from] Grassy Terrain
|upkeep
|turn|2
|j| sam smithy
|
|t:|1757791862
|move|p2b: Sneasler|Coaching|p2a: Corviknight
|-boost|p2a: Corviknight|atk|1
|-boost|p2a: Corviknight|def|1
|move|p1b: Baxcalibur|Icicle Spear|p2a: Corviknight
|-damage|p2a: Corviknight|92/100
|-damage|p2a: Corviknight|85/100
|-damage|p2a: Corviknight|77/100
|-damage|p2a: Corviknight|69/100
|-damage|p2a: Corviknight|63/100
|-hitcount|p2a: Corviknight|5
|move|p1a: Rillaboom|High Horsepower|p2b: Sneasler
|-supereffective|p2b: Sneasler
|-enditem|p2b: Sneasler|Focus Sash
|-damage|p2b: Sneasler|1/100
|move|p2a: Corviknight|Bulk Up|p2a: Corviknight
|-boost|p2a: Corviknight|atk|1
|-boost|p2a: Corviknight|def|1
|
|-heal|p2b: Sneasler|7/100|[from] Grassy Terrain
|-heal|p1a: Rillaboom|99/100|[from] Grassy Terrain
|upkeep
|turn|3
|c|Ōśåyveltyy|who the fuck is sam smithy
|
|t:|1757791882
|move|p1b: Baxcalibur|Protect|p1b: Baxcalibur
|-singleturn|p1b: Baxcalibur|Protect
|move|p1a: Rillaboom|Grassy Glide|p2b: Sneasler
|-resisted|p2b: Sneasler
|-damage|p2b: Sneasler|0 fnt
|faint|p2b: Sneasler
|move|p2a: Corviknight|Roost|p2a: Corviknight
|-heal|p2a: Corviknight|100/100
|-singleturn|p2a: Corviknight|move: Roost
|
|-heal|p1a: Rillaboom|100/100|[from] Grassy Terrain
|upkeep
|c|ŌśåFreaky Mane|dude just joins like a bunch of vgc games
|
|t:|1757791891
|switch|p2b: Ninetales|Ninetales-Alola, L50, M|100/100
|-weather|Snowscape|[from] ability: Snow Warning|[of] p2b: Ninetales
|turn|4
|c|ŌśåFreaky Mane|maybe a bot to track usage
|c|Ōśåyveltyy|maybe?
|j| Lady Flour
|inactive|Freaky Mane has 30 seconds left.
|inactive|Freaky Mane has 20 seconds left.
|
|t:|1757791930
|move|p2b: Ninetales|Aurora Veil|p2b: Ninetales
|-sidestart|p2: yveltyy|move: Aurora Veil
|move|p1b: Baxcalibur|Icicle Spear|p1a: Rillaboom
|-supereffective|p1a: Rillaboom
|-damage|p1a: Rillaboom|71/100
|-supereffective|p1a: Rillaboom
|-damage|p1a: Rillaboom|41/100
|-supereffective|p1a: Rillaboom
|-damage|p1a: Rillaboom|9/100
|-supereffective|p1a: Rillaboom
|-damage|p1a: Rillaboom|0 fnt
|faint|p1a: Rillaboom
|-hitcount|p1: Rillaboom|4
|move|p2a: Corviknight|Body Press|p1b: Baxcalibur
|-supereffective|p1b: Baxcalibur
|-damage|p1b: Baxcalibur|37/100
|
|-weather|Snowscape|[upkeep]
|-heal|p1b: Baxcalibur|43/100|[from] Grassy Terrain
|upkeep
|c|ŌśåFreaky Mane|missclick...
|
|t:|1757791945
|switch|p1a: Volcarona|Volcarona, L50, F|100/100
|turn|5
|c|Ōśåyveltyy|nah
|c|Ōśåyveltyy|that was smart
|c|ŌśåFreaky Mane|i wanted to wood hammer the nines
|inactive|Freaky Mane has 30 seconds left.
|inactive|yveltyy has 30 seconds left.
|inactive|Freaky Mane has 20 seconds left.
|inactive|yveltyy has 20 seconds left.
|inactive|yveltyy has 15 seconds left.
|inactive|yveltyy has 10 seconds left.
|
|t:|1757791992
|switch|p2b: Volcarona|Volcarona, L50, F|100/100
|-terastallize|p1a: Volcarona|Fairy
|-terastallize|p2a: Corviknight|Fire
|move|p1a: Volcarona|Quiver Dance|p1a: Volcarona
|-boost|p1a: Volcarona|spa|1
|-boost|p1a: Volcarona|spd|1
|-boost|p1a: Volcarona|spe|1
|move|p1b: Baxcalibur|Icicle Spear|p2a: Corviknight
|-resisted|p2a: Corviknight
|-damage|p2a: Corviknight|99/100
|-resisted|p2a: Corviknight
|-damage|p2a: Corviknight|97/100
|-resisted|p2a: Corviknight
|-damage|p2a: Corviknight|95/100
|-resisted|p2a: Corviknight
|-damage|p2a: Corviknight|93/100
|-resisted|p2a: Corviknight
|-damage|p2a: Corviknight|91/100
|-hitcount|p2a: Corviknight|5
|move|p2a: Corviknight|Brave Bird|p1a: Volcarona
|-damage|p1a: Volcarona|0 fnt
|faint|p1a: Volcarona
|-damage|p2a: Corviknight|59/100|[from] Recoil
|
|-weather|Snowscape|[upkeep]
|-heal|p1b: Baxcalibur|49/100|[from] Grassy Terrain
|-heal|p2a: Corviknight|65/100|[from] Grassy Terrain
|-fieldend|move: Grassy Terrain
|upkeep
|
|t:|1757792000
|switch|p1a: Sneasler|Sneasler, L50, M|100/100
|turn|6
|
|t:|1757792010
|move|p1a: Sneasler|Dire Claw|p2a: Corviknight
|-damage|p2a: Corviknight|56/100
|-status|p2a: Corviknight|par
|move|p1b: Baxcalibur|Scale Shot|p2a: Corviknight|[miss]
|-miss|p1b: Baxcalibur|p2a: Corviknight
|move|p2b: Volcarona|Flamethrower|p1a: Sneasler
|-damage|p1a: Sneasler|40/100
|cant|p2a: Corviknight|par
|
|-weather|Snowscape|[upkeep]
|upkeep
|turn|7
|
|t:|1757792023
|move|p1a: Sneasler|Protect|p1a: Sneasler
|-singleturn|p1a: Sneasler|Protect
|move|p1b: Baxcalibur|Scale Shot|p2a: Corviknight
|-damage|p2a: Corviknight|52/100 par
|-damage|p2a: Corviknight|48/100 par
|-enditem|p2a: Corviknight|Sitrus Berry|[eat]
|-heal|p2a: Corviknight|73/100 par|[from] item: Sitrus Berry
|-damage|p2a: Corviknight|69/100 par
|-damage|p2a: Corviknight|65/100 par
|-damage|p2a: Corviknight|61/100 par
|-hitcount|p2a: Corviknight|5
|-unboost|p1b: Baxcalibur|def|1
|-boost|p1b: Baxcalibur|spe|1
|move|p2b: Volcarona|Flamethrower|p1a: Sneasler
|-activate|p1a: Sneasler|move: Protect
|move|p2a: Corviknight|Roost|p2a: Corviknight
|-heal|p2a: Corviknight|100/100 par
|
|-weather|Snowscape|[upkeep]
|upkeep
|turn|8
|c|Ōśåyveltyy|gg
|
|t:|1757792038
|move|p1b: Baxcalibur|Scale Shot|p2a: Corviknight
|-damage|p2a: Corviknight|96/100 par
|-damage|p2a: Corviknight|92/100 par
|-damage|p2a: Corviknight|88/100 par
|-damage|p2a: Corviknight|84/100 par
|-hitcount|p2a: Corviknight|4
|-unboost|p1b: Baxcalibur|def|1
|-boost|p1b: Baxcalibur|spe|1
|move|p1a: Sneasler|Dire Claw|p2b: Volcarona
|-damage|p2b: Volcarona|70/100
|-status|p1a: Sneasler|brn|[from] ability: Flame Body|[of] p2b: Volcarona
|move|p2b: Volcarona|Flamethrower|p1a: Sneasler
|-damage|p1a: Sneasler|0 fnt
|faint|p1a: Sneasler
|move|p2a: Corviknight|Body Press|p1b: Baxcalibur
|-supereffective|p1b: Baxcalibur
|-damage|p1b: Baxcalibur|0 fnt
|faint|p1b: Baxcalibur
|
|win|yveltyy
|c|ŌśåFreaky Mane|gg
||yveltyy is ready for game 3.
||Freaky Mane is ready for game 3.
|uhtml|next|Next: Game 3 of 3
|l| Lady Flour
