|j|☆YungDungBeetle
|j|☆Davy-Kai
|html|YungDungBeetleDavy-Kai    
|uhtml|bestof|Game 1 of a best-of-3
|t:|1756155928
|gametype|doubles
|player|p1|YungDungBeetle|n|1096
|player|p2|Davy-Kai|ethan|1033
|gen|9
|tier|[Gen 9] VGC 2025 Reg H (Bo3)
|rated|
|rule|Species Clause: Limit one of each Pokémon
|rule|Item Clause: Limit 1 of each item
|clearpoke
|poke|p1|Rillaboom, L50, M|
|poke|p1|Arcanine-Hisui, L50, M|
|poke|p1|Baxcalibur, L50, F|
|poke|p1|Volcarona, L50, F|
|poke|p1|Corviknight, L50, F|
|poke|p1|Annihilape, L50, M|
|poke|p2|Archaludon, L50, F|
|poke|p2|Kingdra, L50, F|
|poke|p2|Politoed, L50, M|
|poke|p2|Incineroar, L50, F|
|poke|p2|Gothitelle, L50, F|
|poke|p2|Amoonguss, L50, M|
|teampreview|4
|showteam|p1|Rillaboom||AssaultVest|GrassySurge|FakeOut,GrassyGlide,DrumBeating,HighHorsepower|||M|||50|,,,,,Fire]Arcanine-Hisui||ClearAmulet|Intimidate|RockSlide,FlareBlitz,ExtremeSpeed,Protect|||M|||50|,,,,,Water]Baxcalibur||LoadedDice|ThermalExchange|ScaleShot,IcicleSpear,IceShard,Protect|||F|||50|,,,,,Fairy]Volcarona||GrassySeed|FlameBody|HeatWave,QuiverDance,Protect,GigaDrain|||F|||50|,,,,,Grass]Corviknight||Leftovers|MirrorArmor|BulkUp,BodyPress,Tailwind,BraveBird|||F|||50|,,,,,Dragon]Annihilape||SafetyGoggles|Defiant|Coaching,RageFist,FinalGambit,Taunt|||M|||50|,,,,,Steel
|showteam|p2|Archaludon||PowerHerb|Sturdy|Protect,ElectroShot,FlashCannon,DragonPulse|||F|||50|,,,,,Electric]Kingdra||LifeOrb|SwiftSwim|Protect,DracoMeteor,WeatherBall,Disable|||F|||50|,,,,,Stellar]Politoed||Leftovers|Drizzle|Protect,WeatherBall,PerishSong,Encore|||M|||50|,,,,,Grass]Incineroar||RockyHelmet|Intimidate|FakeOut,KnockOff,PartingShot,Protect|||F|||50|,,,,,Ghost]Gothitelle||SitrusBerry|ShadowTag|Protect,Psychic,FakeOut,TrickRoom|||F|||50|,,,,,Dark]Amoonguss||EjectButton|Regenerator|Protect,RagePowder,Spore,PollenPuff|||M|||50|,,,,,Fairy
|inactive|Battle timer is ON: inactive players will automatically lose when time's up. (requested by Davy-Kai)
|inactive|YungDungBeetle also wants the timer to be on.
|inactive|YungDungBeetle has 60 seconds left.
|inactive|Davy-Kai has 60 seconds left.
|inactive|YungDungBeetle has 30 seconds left.
|inactive|YungDungBeetle has 20 seconds left.
|inactive|YungDungBeetle has 15 seconds left.
|
|t:|1756156003
|teamsize|p1|4
|teamsize|p2|4
|start
|switch|p1a: BOOM God|Rillaboom, L50, M|100/100
|switch|p1b: Six Wing Steppa|Volcarona, L50, F|100/100
|switch|p2a: Incineroar|Incineroar, L50, F|100/100
|switch|p2b: Archaludon|Archaludon, L50, F|100/100
|-fieldstart|move: Grassy Terrain|[from] ability: Grassy Surge|[of] p1a: BOOM God
|-enditem|p1b: Six Wing Steppa|Grassy Seed
|-boost|p1b: Six Wing Steppa|def|1|[from] item: Grassy Seed
|-ability|p2a: Incineroar|Intimidate|boost
|-unboost|p1a: BOOM God|atk|1
|-unboost|p1b: Six Wing Steppa|atk|1
|turn|1
|
|t:|1756156027
|-terastallize|p1b: Six Wing Steppa|Grass
|move|p2b: Archaludon|Protect|p2b: Archaludon
|-singleturn|p2b: Archaludon|Protect
|move|p1a: BOOM God|Fake Out|p2a: Incineroar
|-damage|p2a: Incineroar|92/100
|-damage|p1a: BOOM God|84/100|[from] item: Rocky Helmet|[of] p2a: Incineroar
|cant|p2a: Incineroar|flinch
|move|p1b: Six Wing Steppa|Quiver Dance|p1b: Six Wing Steppa
|-boost|p1b: Six Wing Steppa|spa|1
|-boost|p1b: Six Wing Steppa|spd|1
|-boost|p1b: Six Wing Steppa|spe|1
|
|-heal|p1a: BOOM God|90/100|[from] Grassy Terrain
|-heal|p2a: Incineroar|98/100|[from] Grassy Terrain
|upkeep
|turn|2
|
|t:|1756156048
|switch|p2b: Gothitelle|Gothitelle, L50, F|100/100
|move|p1b: Six Wing Steppa|Heat Wave|p2a: Incineroar|[spread] p2a
|-miss|p1b: Six Wing Steppa|p2b: Gothitelle
|-resisted|p2a: Incineroar
|-damage|p2a: Incineroar|80/100
|move|p1a: BOOM God|High Horsepower|p2b: Gothitelle
|-damage|p2b: Gothitelle|82/100
|move|p2a: Incineroar|Parting Shot|p1b: Six Wing Steppa
|-unboost|p1b: Six Wing Steppa|atk|1
|-unboost|p1b: Six Wing Steppa|spa|1
|
|t:|1756156065
|switch|p2a: Archaludon|Archaludon, L50, F|100/100|[from] Parting Shot
|
|-heal|p1a: BOOM God|96/100|[from] Grassy Terrain
|-heal|p2b: Gothitelle|89/100|[from] Grassy Terrain
|upkeep
|turn|3
|inactive|YungDungBeetle has 30 seconds left.
|inactive|Davy-Kai has 30 seconds left.
|
|t:|1756156097
|switch|p2a: Politoed|Politoed, L50, M|100/100
|-weather|RainDance|[from] ability: Drizzle|[of] p2a: Politoed
|move|p1b: Six Wing Steppa|Protect|p1b: Six Wing Steppa
|-singleturn|p1b: Six Wing Steppa|Protect
|move|p2b: Gothitelle|Fake Out|p1a: BOOM God
|-damage|p1a: BOOM God|89/100
|cant|p1a: BOOM God|flinch
|
|-weather|RainDance|[upkeep]
|-heal|p1a: BOOM God|95/100|[from] Grassy Terrain
|-heal|p2b: Gothitelle|95/100|[from] Grassy Terrain
|upkeep
|turn|4
|inactive|YungDungBeetle has 30 seconds left.
|inactive|Davy-Kai has 30 seconds left.
|
|t:|1756156126
|move|p1b: Six Wing Steppa|Quiver Dance|p1b: Six Wing Steppa
|-boost|p1b: Six Wing Steppa|spa|1
|-boost|p1b: Six Wing Steppa|spd|1
|-boost|p1b: Six Wing Steppa|spe|1
|move|p1a: BOOM God|Drum Beating|p2a: Politoed
|-supereffective|p2a: Politoed
|-damage|p2a: Politoed|27/100
|-unboost|p2a: Politoed|spe|1
|move|p2a: Politoed|Perish Song|p2a: Politoed
|-start|p1a: BOOM God|perish3|[silent]
|-start|p1b: Six Wing Steppa|perish3|[silent]
|-start|p2a: Politoed|perish3|[silent]
|-start|p2b: Gothitelle|perish3|[silent]
|-fieldactivate|move: Perish Song
|move|p2b: Gothitelle|Trick Room|p2b: Gothitelle
|-fieldstart|move: Trick Room|[of] p2b: Gothitelle
|
|-weather|RainDance|[upkeep]
|-heal|p2a: Politoed|33/100|[from] Grassy Terrain
|-heal|p2a: Politoed|40/100|[from] item: Leftovers
|-heal|p2b: Gothitelle|100/100|[from] Grassy Terrain
|-heal|p1a: BOOM God|100/100|[from] Grassy Terrain
|-start|p2a: Politoed|perish3
|-start|p2b: Gothitelle|perish3
|-start|p1a: BOOM God|perish3
|-start|p1b: Six Wing Steppa|perish3
|upkeep
|turn|5
|inactive|Davy-Kai has 30 seconds left.
|
|t:|1756156156
|-terastallize|p2a: Politoed|Grass
|move|p1a: BOOM God|Grassy Glide|p2a: Politoed
|-resisted|p2a: Politoed
|-damage|p2a: Politoed|28/100
|move|p2a: Politoed|Encore|p1b: Six Wing Steppa
|-start|p1b: Six Wing Steppa|Encore
|move|p2b: Gothitelle|Psychic|p1a: BOOM God
|-damage|p1a: BOOM God|73/100
|move|p1b: Six Wing Steppa|Quiver Dance|p1b: Six Wing Steppa
|-boost|p1b: Six Wing Steppa|spa|1
|-boost|p1b: Six Wing Steppa|spd|1
|-boost|p1b: Six Wing Steppa|spe|1
|
|-weather|RainDance|[upkeep]
|-heal|p2a: Politoed|34/100|[from] Grassy Terrain
|-heal|p2a: Politoed|40/100|[from] item: Leftovers
|-heal|p1a: BOOM God|79/100|[from] Grassy Terrain
|-start|p2a: Politoed|perish2
|-start|p2b: Gothitelle|perish2
|-start|p1a: BOOM God|perish2
|-start|p1b: Six Wing Steppa|perish2
|-fieldend|move: Grassy Terrain
|upkeep
|turn|6
|inactive|YungDungBeetle has 30 seconds left.
|
|t:|1756156187
|move|p2a: Politoed|Protect|p2a: Politoed
|-singleturn|p2a: Politoed|Protect
|move|p2b: Gothitelle|Protect|p2b: Gothitelle
|-singleturn|p2b: Gothitelle|Protect
|move|p1a: BOOM God|Drum Beating|p2b: Gothitelle
|-activate|p2b: Gothitelle|move: Protect
|move|p1b: Six Wing Steppa|Quiver Dance|p1b: Six Wing Steppa
|-boost|p1b: Six Wing Steppa|spa|1
|-boost|p1b: Six Wing Steppa|spd|1
|-boost|p1b: Six Wing Steppa|spe|1
|
|-weather|RainDance|[upkeep]
|-heal|p2a: Politoed|46/100|[from] item: Leftovers
|-start|p2a: Politoed|perish1
|-start|p2b: Gothitelle|perish1
|-start|p1a: BOOM God|perish1
|-start|p1b: Six Wing Steppa|perish1
|upkeep
|turn|7
|inactive|Davy-Kai has 30 seconds left.
|
|t:|1756156215
|switch|p2a: Archaludon|Archaludon, L50, F|100/100
|switch|p2b: Incineroar|Incineroar, L50, F|80/100
|-ability|p2b: Incineroar|Intimidate|boost
|-unboost|p1a: BOOM God|atk|1
|-unboost|p1b: Six Wing Steppa|atk|1
|move|p1a: BOOM God|Grassy Glide|p2b: Incineroar
|-resisted|p2b: Incineroar
|-damage|p2b: Incineroar|74/100
|-damage|p1a: BOOM God|63/100|[from] item: Rocky Helmet|[of] p2b: Incineroar
|move|p1b: Six Wing Steppa|Quiver Dance|p1b: Six Wing Steppa
|-boost|p1b: Six Wing Steppa|spa|1
|-boost|p1b: Six Wing Steppa|spd|1
|-boost|p1b: Six Wing Steppa|spe|1
|
|-weather|none
|-end|p1b: Six Wing Steppa|Encore
|-start|p1a: BOOM God|perish0
|-start|p1b: Six Wing Steppa|perish0
|faint|p1a: BOOM God
|faint|p1b: Six Wing Steppa
|upkeep
|
|t:|1756156232
|switch|p1a: REDRUM|Arcanine-Hisui, L50, M|100/100
|switch|p1b: McKnight|Corviknight, L50, F|100/100
|-ability|p1a: REDRUM|Intimidate|boost
|-unboost|p2a: Archaludon|atk|1
|-unboost|p2b: Incineroar|atk|1
|turn|8
|
|t:|1756156256
|move|p2b: Incineroar|Fake Out|p1a: REDRUM
|-resisted|p1a: REDRUM
|-damage|p1a: REDRUM|96/100
|move|p1b: McKnight|Body Press|p2a: Archaludon
|-supereffective|p2a: Archaludon
|-damage|p2a: Archaludon|74/100
|move|p2a: Archaludon|Electro Shot||[still]
|-prepare|p2a: Archaludon|Electro Shot
|-boost|p2a: Archaludon|spa|1
|-enditem|p2a: Archaludon|Power Herb
|-anim|p2a: Archaludon|Electro Shot|p1b: McKnight
|-supereffective|p1b: McKnight
|-damage|p1b: McKnight|0 fnt
|faint|p1b: McKnight
|cant|p1a: REDRUM|flinch
|
|-fieldend|move: Trick Room
|upkeep
|turn|9
|inactive|Davy-Kai has 30 seconds left.
|
|t:|1756156282
|move|p1a: REDRUM|Flare Blitz|p2a: Archaludon
|-damage|p2a: Archaludon|34/100
|-status|p2a: Archaludon|brn
|-damage|p1a: REDRUM|81/100|[from] Recoil
|move|p2a: Archaludon|Dragon Pulse|p1a: REDRUM
|-damage|p1a: REDRUM|4/100
|move|p2b: Incineroar|Knock Off|p1a: REDRUM
|-damage|p1a: REDRUM|0 fnt
|-enditem|p1a: REDRUM|Clear Amulet|[from] move: Knock Off|[of] p2b: Incineroar
|faint|p1a: REDRUM
|
|win|Davy-Kai
||YungDungBeetle is ready for game 2.
||Davy-Kai is ready for game 2.
|uhtml|next|Next: Game 2 of 3
