|j|☆viatles
|j|☆ULYSSEMAGERANGS
|html|viatlesULYSSEMAGERANGS    
|uhtml|bestof|Game 3 of a best-of-3
|t:|1784658008
|gametype|doubles
|player|p1|viatles|hiker|1148
|player|p2|ULYSSEMAGERANGS|cynthia-gen4|1111
|gen|9
|tier|[Gen 9 Champions] VGC 2026 Reg M-B (Bo3)
|rated|
|rule|Species Clause: Limit one of each Pokémon
|rule|Item Clause: Limit 1 of each item
|clearpoke
|poke|p1|Beedrill, L50, F, shiny|
|poke|p1|Farigiraf, L50, F|
|poke|p1|Palafin, L50, F|
|poke|p1|Sableye, L50, F|
|poke|p1|Archaludon, L50, M|
|poke|p1|Annihilape, L50, M|
|poke|p2|Garchomp, L50, M, shiny|
|poke|p2|Incineroar, L50, M, shiny|
|poke|p2|Metagross, L50, shiny|
|poke|p2|Sylveon, L50, F, shiny|
|poke|p2|Grimmsnarl, L50, M, shiny|
|poke|p2|Charizard, L50, M, shiny|
|teampreview|4
|showteam|p1|Beedrill||Beedrillite|Swarm|Uturn,DrillRun,PoisonJab,Protect|Jolly||F|||50|]Farigiraf||SitrusBerry|ArmorTail|TrickRoom,Thunderbolt,TwinBeam,RainDance|Bold||F|||50|]Palafin||MysticWater|ZerotoHero|JetPunch,WaveCrash,Protect,DrainPunch|Adamant||F|||50|]Sableye||RoseliBerry|Prankster|FakeOut,FoulPlay,RainDance,Quash|Sassy||F|||50|]Archaludon||Leftovers|Stamina|ElectroShot,Protect,DracoMeteor,AuraSphere|Modest||M|||50|]Annihilape||ChoiceScarf|Defiant|Coaching,CloseCombat,RockSlide,PhantomForce|Jolly||M|||50|
|showteam|p2|Garchomp||Garchompite|RoughSkin|DragonClaw,Earthquake,StompingTantrum,RockSlide|Adamant||M|||50|]Incineroar||PasshoBerry|Intimidate|FakeOut,FlareBlitz,DarkestLariat,CloseCombat|Adamant||M|||50|]Metagross||Metagrossite|ClearBody|BodyPress,IronHead,PsychicFangs,ThunderPunch|Jolly|||||50|]Sylveon||LifeOrb|Pixilate|HyperVoice,Moonblast,HyperBeam,Protect|Modest||F|||50|]Grimmsnarl||LightClay|Prankster|LightScreen,Reflect,SpiritBreak,FoulPlay|Careful||M|||50|]Charizard||CharizarditeY|Blaze|Flamethrower,HeatWave,Hurricane,SolarBeam|Modest||M|||50|
|inactive|Battle timer is ON: inactive players will automatically lose when time's up. (requested by ULYSSEMAGERANGS)
|
|t:|1784658028
|teamsize|p1|4
|teamsize|p2|4
|start
|switch|p1a: Sableye|Sableye, L50, F|100/100
|switch|p1b: Malsumas|Beedrill, L50, F, shiny|100/100
|switch|p2a: Incineroar|Incineroar, L50, M, shiny|100/100
|switch|p2b: Grimmsnarl|Grimmsnarl, L50, M, shiny|100/100
|-ability|p2a: Incineroar|Intimidate|boost
|-unboost|p1a: Sableye|atk|1
|-unboost|p1b: Malsumas|atk|1
|turn|1
|inactive|ULYSSEMAGERANGS has 30 seconds left.
|inactive|ULYSSEMAGERANGS has 20 seconds left.
|inactive|ULYSSEMAGERANGS has 15 seconds left.
|inactive|ULYSSEMAGERANGS has 10 seconds left.
|inactive|ULYSSEMAGERANGS has 5 seconds left.
|
|t:|1784658083
|detailschange|p1b: Malsumas|Beedrill-Mega, L50, F, shiny
|-mega|p1b: Malsumas|Beedrill|Beedrillite
|move|p2a: Incineroar|Fake Out|p1b: Malsumas
|-damage|p1b: Malsumas|66/100
|move|p1a: Sableye|Fake Out|p2b: Grimmsnarl
|-crit|p2b: Grimmsnarl
|-damage|p2b: Grimmsnarl|85/100
|cant|p2b: Grimmsnarl|flinch
|cant|p1b: Malsumas|flinch
|
|upkeep
|turn|2
|
|t:|1784658098
|move|p2b: Grimmsnarl|Reflect|p2b: Grimmsnarl
|-sidestart|p2: ULYSSEMAGERANGS|Reflect
|move|p1a: Sableye|Rain Dance|p1a: Sableye
|-weather|RainDance
|move|p1b: Malsumas|Poison Jab|p2b: Grimmsnarl
|-supereffective|p2b: Grimmsnarl|1
|-damage|p2b: Grimmsnarl|12/100
|-status|p2b: Grimmsnarl|psn
|move|p2a: Incineroar|Darkest Lariat|p1a: Sableye
|-damage|p1a: Sableye|38/100
|
|-weather|RainDance|[upkeep]
|-damage|p2b: Grimmsnarl|0 fnt|[from] psn
|faint|p2b: Grimmsnarl
|upkeep
|
|t:|1784658109
|switch|p2b: Charizard|Charizard, L50, M, shiny|100/100
|turn|3
|
|t:|1784658127
|switch|p1a: Archaludon|Archaludon, L50, M|100/100
|detailschange|p2b: Charizard|Charizard-Mega-Y, L50, M, shiny
|-mega|p2b: Charizard|Charizard|Charizardite Y
|-weather|SunnyDay|[from] ability: Drought|[of] p2b: Charizard
|move|p1b: Malsumas|Protect|p1b: Malsumas
|-singleturn|p1b: Malsumas|Protect
|move|p2b: Charizard|Heat Wave|p1b: Malsumas|[spread] 
|-activate|p1b: Malsumas|move: Protect
|-miss|p2b: Charizard|p1a: Archaludon
|move|p2a: Incineroar|Darkest Lariat|p1a: Archaludon
|-damage|p1a: Archaludon|65/100
|-ability|p1a: Archaludon|Stamina|boost
|-boost|p1a: Archaludon|def|1
|
|-weather|SunnyDay|[upkeep]
|-heal|p1a: Archaludon|71/100|[from] item: Leftovers
|upkeep
|turn|4
|
|t:|1784658152
|move|p1a: Archaludon|Protect|p1a: Archaludon
|-singleturn|p1a: Archaludon|Protect
|move|p1b: Malsumas|U-turn|p2a: Incineroar
|-damage|p2a: Incineroar|76/100
|
|t:|1784658162
|switch|p1b: Annihilape|Annihilape, L50, M|100/100|[from] U-turn
|move|p2b: Charizard|Heat Wave|p1b: Annihilape|[spread] p1b
|-activate|p1a: Archaludon|move: Protect
|-damage|p1b: Annihilape|41/100
|-status|p1b: Annihilape|brn
|move|p2a: Incineroar|Darkest Lariat|p1b: Annihilape
|-damage|p1b: Annihilape|0 fnt
|faint|p1b: Annihilape
|
|-weather|SunnyDay|[upkeep]
|-heal|p1a: Archaludon|77/100|[from] item: Leftovers
|upkeep
|
|t:|1784658174
|switch|p1b: Sableye|Sableye, L50, F|38/100
|turn|5
|
|t:|1784658182
|switch|p2b: Sylveon|Sylveon, L50, F, shiny|100/100
|move|p1b: Sableye|Fake Out|p2a: Incineroar
|-damage|p2a: Incineroar|71/100
|move|p1a: Archaludon|Electro Shot||[still]
|-prepare|p1a: Archaludon|Electro Shot
|-boost|p1a: Archaludon|spa|1
|cant|p2a: Incineroar|flinch
|
|-weather|SunnyDay|[upkeep]
|-heal|p1a: Archaludon|83/100|[from] item: Leftovers
|upkeep
|turn|6
|
|t:|1784658205
|switch|p1b: Malsumas|Beedrill-Mega, L50, F, shiny|66/100
|move|p1a: Archaludon|Electro Shot|p2b: Sylveon|[from] lockedmove
|-crit|p2b: Sylveon
|-damage|p2b: Sylveon|34/100
|move|p2b: Sylveon|Hyper Voice|p1a: Archaludon|[spread] p1a,p1b
|-resisted|p1b: Malsumas|1
|-damage|p1a: Archaludon|28/100
|-damage|p1b: Malsumas|23/100
|-ability|p1a: Archaludon|Stamina|boost
|-boost|p1a: Archaludon|def|1
|-damage|p2b: Sylveon|24/100|[from] item: Life Orb
|move|p2a: Incineroar|Darkest Lariat|p1b: Malsumas
|-damage|p1b: Malsumas|0 fnt
|faint|p1b: Malsumas
|
|-weather|SunnyDay|[upkeep]
|-heal|p1a: Archaludon|34/100|[from] item: Leftovers
|upkeep
|
|t:|1784658221
|switch|p1b: Sableye|Sableye, L50, F|38/100
|turn|7
|
|t:|1784658231
|move|p1b: Sableye|Fake Out|p2b: Sylveon
|-crit|p2b: Sylveon
|-damage|p2b: Sylveon|9/100
|move|p1a: Archaludon|Aura Sphere|p2a: Incineroar
|-supereffective|p2a: Incineroar|1
|-damage|p2a: Incineroar|0 fnt
|faint|p2a: Incineroar
|cant|p2b: Sylveon|flinch
|
|-weather|none
|-heal|p1a: Archaludon|40/100|[from] item: Leftovers
|upkeep
|
|t:|1784658237
|switch|p2a: Charizard|Charizard-Mega-Y, L50, M, shiny|100/100
|-weather|SunnyDay|[from] ability: Drought|[of] p2a: Charizard
|turn|8
|
|t:|1784658246
|move|p1a: Archaludon|Protect|p1a: Archaludon
|-singleturn|p1a: Archaludon|Protect
|move|p1b: Sableye|Rain Dance|p1b: Sableye
|-weather|RainDance
|move|p2a: Charizard|Heat Wave|p1a: Archaludon|[spread] p1b
|-activate|p1a: Archaludon|move: Protect
|-damage|p1b: Sableye|12/100
|-status|p1b: Sableye|brn
|move|p2b: Sylveon|Hyper Voice|p1a: Archaludon|[spread] p1b
|-activate|p1a: Archaludon|move: Protect
|-supereffective|p1b: Sableye|1
|-enditem|p1b: Sableye|Roseli Berry|[eat]
|-enditem|p1b: Sableye|Roseli Berry|[weaken]
|-damage|p1b: Sableye|0 fnt
|faint|p1b: Sableye
|-damage|p2b: Sylveon|0 fnt|[from] item: Life Orb
|faint|p2b: Sylveon
|
|-weather|RainDance|[upkeep]
|-heal|p1a: Archaludon|46/100|[from] item: Leftovers
|upkeep
|turn|9
|-message|ULYSSEMAGERANGS forfeited.
|
|win|viatles
|raw|viatles's rating: 1148 → 1170(+22 for winning)
|raw|ULYSSEMAGERANGS's rating: 1111 → 1089(-22 for losing)
|l|☆ULYSSEMAGERANGS
|player|p2|
|c|☆viatles|ggs wp
