|j|☆Giocostorto
|j|☆MoodyMukVGC
|html|GiocostortoMoodyMukVGC    
|uhtml|bestof|Game 1 of a best-of-3
|t:|1756932242
|gametype|doubles
|player|p1|Giocostorto|palmer|1198
|player|p2|MoodyMukVGC|101|1283
|gen|9
|tier|[Gen 9] VGC 2025 Reg H (Bo3)
|rated|
|rule|Species Clause: Limit one of each Pokémon
|rule|Item Clause: Limit 1 of each item
|clearpoke
|poke|p1|Misdreavus, L50, M|
|poke|p1|Gothitelle, L50, F|
|poke|p1|Amoonguss, L50, F|
|poke|p1|Incineroar, L50, M|
|poke|p1|Primarina, L50, F|
|poke|p1|Ursaluna, L50, M|
|poke|p2|Muk-Alola, L50, M|
|poke|p2|Smeargle, L50, M|
|poke|p2|Flamigo, L50, M|
|poke|p2|Indeedee, L50, M|
|poke|p2|Weezing-Galar, L50, M|
|poke|p2|Drifblim, L50, M|
|teampreview|4
|showteam|p1|Misdreavus||Eviolite|Levitate|Protect,PerishSong,TrickRoom,ShadowBall|||M|||50|,,,,,Fire]Gothitelle||SafetyGoggles|ShadowTag|Protect,Psychic,TrickRoom,FakeOut|||F|||50|,,,,,Water]Amoonguss||MentalHerb|Regenerator|Protect,Spore,RagePowder,PollenPuff|||F|||50|,,,,,Dark]Incineroar||MirrorHerb|Intimidate|Protect,FlareBlitz,FakeOut,PartingShot|||M|||50|,,,,,Grass]Primarina||SitrusBerry|LiquidVoice|Protect,Moonblast,PerishSong,HyperVoice|||F|||50|,,,,,Steel]Ursaluna||FlameOrb|Guts|Protect,HeadlongRush,Earthquake,Facade|||M|||50|,,,,,Ghost
|showteam|p2|Muk-Alola||Leftovers|PowerofAlchemy|KnockOff,Minimize,Substitute,Protect|||M|||50|,,,,,Water]Smeargle||FocusSash|Moody|Minimize,Spore,FollowMe,SpikyShield|||M|||50|,,,,,Dark]Flamigo||WhiteHerb|Costar|CloseCombat,Acrobatics,Substitute,WideGuard|||M|||50|,,,,,Steel]Indeedee||ChoiceSpecs|PsychicSurge|ExpandingForce,TeraBlast,Trick,DazzlingGleam|||M|||50|,,,,,Psychic]Weezing-Galar||SitrusBerry|NeutralizingGas|StrangeSteam,SludgeBomb,Taunt,Protect|||M|||50|,,,,,Flying]Drifblim||PsychicSeed|Unburden|Tailwind,Acrobatics,Minimize,WillOWisp|||M|||50|,,,,,Grass
|inactive|Battle timer is ON: inactive players will automatically lose when time's up. (requested by Giocostorto)
|inactive|Giocostorto has 60 seconds left.
|inactive|MoodyMukVGC has 60 seconds left.
|
|t:|1756932296
|teamsize|p1|4
|teamsize|p2|4
|start
|switch|p1a: Misdreavus|Misdreavus, L50, M|100/100
|switch|p1b: Incineroar|Incineroar, L50, M|100/100
|switch|p2a: Indeedee|Indeedee, L50, M, shiny|100/100
|switch|p2b: Drifblim|Drifblim, L50, M, shiny|100/100
|-fieldstart|move: Psychic Terrain|[from] ability: Psychic Surge|[of] p2a: Indeedee
|-enditem|p2b: Drifblim|Psychic Seed
|-boost|p2b: Drifblim|spd|1|[from] item: Psychic Seed
|-ability|p1b: Incineroar|Intimidate|boost
|-unboost|p2a: Indeedee|atk|1
|-unboost|p2b: Drifblim|atk|1
|-enditem|p1b: Incineroar|Mirror Herb
|-boost|p1b: Incineroar|spd|1|[from] item: Mirror Herb
|turn|1
|inactive|Giocostorto has 30 seconds left.
|inactive|MoodyMukVGC has 30 seconds left.
|inactive|Giocostorto has 20 seconds left.
|inactive|Giocostorto has 15 seconds left.
|
|t:|1756932338
|-terastallize|p2a: Indeedee|Psychic
|move|p1a: Misdreavus|Protect|p1a: Misdreavus
|-singleturn|p1a: Misdreavus|Protect
|move|p2b: Drifblim|Minimize|p2b: Drifblim
|-boost|p2b: Drifblim|evasion|2
|move|p2a: Indeedee|Expanding Force|p1b: Incineroar|[spread] 
|-activate|p1a: Misdreavus|move: Protect
|-immune|p1b: Incineroar
|move|p1b: Incineroar|Flare Blitz|p2a: Indeedee
|-damage|p2a: Indeedee|0 fnt
|faint|p2a: Indeedee
|-damage|p1b: Incineroar|78/100|[from] Recoil
|
|upkeep
|
|t:|1756932346
|switch|p2a: Smeargle|Smeargle, L50, M, shiny|100/100
|turn|2
|
|t:|1756932365
|move|p2b: Drifblim|Minimize|p2b: Drifblim
|-boost|p2b: Drifblim|evasion|2
|move|p2a: Smeargle|Spore|p1a: Misdreavus
|-status|p1a: Misdreavus|slp|[from] move: Spore
|cant|p1a: Misdreavus|slp
|move|p1b: Incineroar|Flare Blitz|p2b: Drifblim|[miss]
|-miss|p1b: Incineroar|p2b: Drifblim
|
|-ability|p2a: Smeargle|Moody|boost
|-boost|p2a: Smeargle|spa|2
|-unboost|p2a: Smeargle|spe|1
|upkeep
|turn|3
|
|t:|1756932383
|switch|p1b: Amoonguss|Amoonguss, L50, F|100/100
|move|p2b: Drifblim|Acrobatics|p1a: Misdreavus
|-damage|p1a: Misdreavus|84/100 slp
|cant|p1a: Misdreavus|slp
|move|p2a: Smeargle|Spore|p1b: Amoonguss
|-immune|p1b: Amoonguss
|
|-ability|p2a: Smeargle|Moody|boost
|-boost|p2a: Smeargle|atk|2
|-unboost|p2a: Smeargle|spe|1
|upkeep
|turn|4
|inactive|Giocostorto has 30 seconds left.
|
|t:|1756932417
|-terastallize|p1b: Amoonguss|Dark
|move|p2b: Drifblim|Acrobatics|p1b: Amoonguss
|-damage|p1b: Amoonguss|84/100
|cant|p1a: Misdreavus|slp
|move|p2a: Smeargle|Minimize|p2a: Smeargle
|-boost|p2a: Smeargle|evasion|2
|move|p1b: Amoonguss|Spore|p2b: Drifblim|[miss]
|-miss|p1b: Amoonguss|p2b: Drifblim
|
|-ability|p2a: Smeargle|Moody|boost
|-boost|p2a: Smeargle|spa|2
|-unboost|p2a: Smeargle|def|1
|upkeep
|turn|5
|
|t:|1756932434
|move|p2b: Drifblim|Acrobatics|p1a: Misdreavus
|-damage|p1a: Misdreavus|68/100 slp
|-curestatus|p1a: Misdreavus|slp|[msg]
|move|p1a: Misdreavus|Perish Song|p1a: Misdreavus
|-start|p1a: Misdreavus|perish3|[silent]
|-start|p1b: Amoonguss|perish3|[silent]
|-start|p2a: Smeargle|perish3|[silent]
|-start|p2b: Drifblim|perish3|[silent]
|-fieldactivate|move: Perish Song
|move|p2a: Smeargle|Spore|p1b: Amoonguss
|-status|p1b: Amoonguss|slp|[from] move: Spore
|cant|p1b: Amoonguss|slp
|
|-start|p2b: Drifblim|perish3
|-start|p1a: Misdreavus|perish3
|-start|p2a: Smeargle|perish3
|-start|p1b: Amoonguss|perish3
|-fieldend|move: Psychic Terrain
|-ability|p2a: Smeargle|Moody|boost
|-boost|p2a: Smeargle|spe|2
|-unboost|p2a: Smeargle|def|1
|upkeep
|turn|6
|
|t:|1756932453
|switch|p1b: Gothitelle|Gothitelle, L50, F|100/100
|move|p2b: Drifblim|Acrobatics|p1a: Misdreavus
|-damage|p1a: Misdreavus|54/100
|move|p2a: Smeargle|Minimize|p2a: Smeargle
|-boost|p2a: Smeargle|evasion|2
|move|p1a: Misdreavus|Perish Song|p1a: Misdreavus
|-start|p1b: Gothitelle|perish3|[silent]
|-fieldactivate|move: Perish Song
|
|-start|p2b: Drifblim|perish2
|-start|p2a: Smeargle|perish2
|-start|p1a: Misdreavus|perish2
|-start|p1b: Gothitelle|perish3
|-ability|p2a: Smeargle|Moody|boost
|-boost|p2a: Smeargle|atk|2
|-unboost|p2a: Smeargle|spe|1
|upkeep
|turn|7
|
|t:|1756932474
|switch|p1a: Incineroar|Incineroar, L50, M|78/100
|-ability|p1a: Incineroar|Intimidate|boost
|-unboost|p2a: Smeargle|atk|1
|-unboost|p2b: Drifblim|atk|1
|move|p1b: Gothitelle|Fake Out|p2a: Smeargle|[miss]
|-miss|p1b: Gothitelle|p2a: Smeargle
|move|p2b: Drifblim|Will-O-Wisp|p1b: Gothitelle
|-status|p1b: Gothitelle|brn
|move|p2a: Smeargle|Spore|p1a: Incineroar
|-status|p1a: Incineroar|slp|[from] move: Spore
|
|-damage|p1b: Gothitelle|94/100 brn|[from] brn
|-start|p2b: Drifblim|perish1
|-start|p2a: Smeargle|perish1
|-start|p1b: Gothitelle|perish2
|-ability|p2a: Smeargle|Moody|boost
|-boost|p2a: Smeargle|spd|2
|-unboost|p2a: Smeargle|spe|1
|upkeep
|turn|8
|inactive|Giocostorto has 30 seconds left.
|
|t:|1756932500
|switch|p2b: Flamigo|Flamigo, L50, M, shiny|100/100
|-copyboost|p2b: Flamigo|p2a: Smeargle|[from] ability: Costar
|-enditem|p2b: Flamigo|White Herb
|-clearnegativeboost|p2b: Flamigo|[silent]
|switch|p1b: Amoonguss|Amoonguss, L50, F, tera:Dark|100/100 slp
|move|p2a: Smeargle|Follow Me|p2a: Smeargle
|-singleturn|p2a: Smeargle|move: Follow Me
|cant|p1a: Incineroar|slp
|
|-start|p2a: Smeargle|perish0
|faint|p2a: Smeargle
|upkeep
|
|t:|1756932511
|switch|p2a: Drifblim|Drifblim, L50, M, shiny|100/100
|turn|9
|
|t:|1756932532
|switch|p1b: Misdreavus|Misdreavus, L50, M|54/100
|move|p2b: Flamigo|Acrobatics|p1a: Incineroar
|-damage|p1a: Incineroar|0 fnt
|faint|p1a: Incineroar
|move|p2a: Drifblim|Minimize|p2a: Drifblim
|-boost|p2a: Drifblim|evasion|2
|
|upkeep
|
|t:|1756932538
|switch|p1a: Gothitelle|Gothitelle, L50, F|94/100 brn
|turn|10
|
|t:|1756932547
|move|p1a: Gothitelle|Fake Out|p2b: Flamigo
|-damage|p2b: Flamigo|97/100
|cant|p2b: Flamigo|flinch
|move|p2a: Drifblim|Acrobatics|p1b: Misdreavus
|-damage|p1b: Misdreavus|30/100
|move|p1b: Misdreavus|Perish Song|p1b: Misdreavus
|-start|p1a: Gothitelle|perish3|[silent]
|-start|p1b: Misdreavus|perish3|[silent]
|-start|p2a: Drifblim|perish3|[silent]
|-start|p2b: Flamigo|perish3|[silent]
|-fieldactivate|move: Perish Song
|
|-damage|p1a: Gothitelle|88/100 brn|[from] brn
|-start|p2b: Flamigo|perish3
|-start|p2a: Drifblim|perish3
|-start|p1b: Misdreavus|perish3
|-start|p1a: Gothitelle|perish3
|upkeep
|turn|11
|
|t:|1756932562
|move|p1b: Misdreavus|Protect|p1b: Misdreavus
|-singleturn|p1b: Misdreavus|Protect
|move|p1a: Gothitelle|Protect|p1a: Gothitelle
|-singleturn|p1a: Gothitelle|Protect
|move|p2b: Flamigo|Acrobatics|p1a: Gothitelle
|-activate|p1a: Gothitelle|move: Protect
|move|p2a: Drifblim|Acrobatics|p1a: Gothitelle
|-activate|p1a: Gothitelle|move: Protect
|
|-damage|p1a: Gothitelle|82/100 brn|[from] brn
|-start|p2b: Flamigo|perish2
|-start|p2a: Drifblim|perish2
|-start|p1b: Misdreavus|perish2
|-start|p1a: Gothitelle|perish2
|upkeep
|turn|12
|
|t:|1756932587
|move|p2b: Flamigo|Acrobatics|p1a: Gothitelle
|-damage|p1a: Gothitelle|0 fnt
|faint|p1a: Gothitelle
|move|p2a: Drifblim|Acrobatics|p1b: Misdreavus
|-damage|p1b: Misdreavus|6/100
|move|p1b: Misdreavus|Trick Room|p1b: Misdreavus
|-fieldstart|move: Trick Room|[of] p1b: Misdreavus
|
|-start|p1b: Misdreavus|perish1
|-start|p2a: Drifblim|perish1
|-start|p2b: Flamigo|perish1
|upkeep
|
|t:|1756932593
|switch|p1a: Amoonguss|Amoonguss, L50, F, tera:Dark|100/100 slp
|turn|13
|-message|MoodyMukVGC forfeited.
|
|win|Giocostorto
||MoodyMukVGC is ready for game 2.
||Giocostorto is ready for game 2.
|uhtml|next|Next: Game 2 of 3
