|j|☆Pelosis
|j|☆GymGlofer
|html|PelosisGymGlofer    
|uhtml|bestof|Game 2 of a best-of-3
|t:|1784313360
|gametype|doubles
|player|p1|Pelosis|266|1104
|player|p2|GymGlofer|blackbelt|1026
|gen|9
|tier|[Gen 9 Champions] VGC 2026 Reg M-B (Bo3)
|rated|
|rule|Species Clause: Limit one of each Pokémon
|rule|Item Clause: Limit 1 of each item
|clearpoke
|poke|p1|Metagross, L50|
|poke|p1|Hydreigon, L50, F|
|poke|p1|Talonflame, L50, F|
|poke|p1|Sylveon, L50, M|
|poke|p1|Sneasler, L50, M|
|poke|p1|Ninetales-Alola, L50, F|
|poke|p2|Emboar, L50, F|
|poke|p2|Arcanine-Hisui, L50, F|
|poke|p2|Ninetales, L50, F|
|poke|p2|Talonflame, L50, M|
|poke|p2|Houndoom, L50, M|
|poke|p2|Skeledirge, L50, M|
|teampreview|4
|showteam|p1|Metagross||Metagrossite|ClearBody|Protect,IronHead,ThunderPunch,PsychicFangs|Jolly|||||50|]Hydreigon||ChoiceScarf|Levitate|Snarl,DragonPulse,DarkPulse,EarthPower|Modest||F|||50|]Talonflame||SharpBeak|GaleWings|Protect,DualWingbeat,Tailwind,FlareBlitz|Adamant||F|||50|]Sylveon||FairyFeather|Pixilate|Protect,DrainingKiss,HyperVoice,CalmMind|Modest||M|||50|]Sneasler||FocusSash|Unburden|FakeOut,DireClaw,CloseCombat,Coaching|Jolly||M|||50|]Ninetales-Alola||LightClay|SnowWarning|Protect,AuroraVeil,Blizzard,FreezeDry|Timid||F|||50|
|showteam|p2|Emboar||Emboarite|Reckless|FlareBlitz,CloseCombat,SuckerPunch,Protect|Adamant||F|||50|]Arcanine-Hisui||ChoiceScarf|Intimidate|RagingFury,HeadSmash,ExtremeSpeed,RockSlide|Jolly||F|||50|]Ninetales||WideLens|Drought|Overheat,SolarBeam,Encore,Disable|Timid||F|||50|]Talonflame||FocusSash|GaleWings|BlazeKick,DualWingbeat,Tailwind,QuickGuard|Jolly||M|||50|]Houndoom||Houndoominite|Unnerve|HeatWave,DarkPulse,NastyPlot,Protect|Timid||M|||50|]Skeledirge||LifeOrb|Unaware|TorchSong,ShadowBall,EarthPower,Protect|Serious||M|||50|
|inactive|Battle timer is ON: inactive players will automatically lose when time's up. (requested by Pelosis)
|inactive|Pelosis has 60 seconds left.
|
|t:|1784313395
|teamsize|p1|4
|teamsize|p2|4
|start
|switch|p1a: Sneasler|Sneasler, L50, M|100/100
|switch|p1b: Sylveon|Sylveon, L50, M|100/100
|switch|p2a: Houndoom|Houndoom, L50, M|100/100
|switch|p2b: Skeledirge|Skeledirge, L50, M|100/100
|-ability|p2a: Houndoom|Unnerve
|turn|1
|
|t:|1784313415
|detailschange|p2a: Houndoom|Houndoom-Mega, L50, M
|-mega|p2a: Houndoom|Houndoom|Houndoominite
|move|p2a: Houndoom|Protect|p2a: Houndoom
|-singleturn|p2a: Houndoom|Protect
|move|p1a: Sneasler|Fake Out|p2a: Houndoom
|-activate|p2a: Houndoom|move: Protect
|move|p2b: Skeledirge|Torch Song|p1a: Sneasler
|-crit|p1a: Sneasler
|-damage|p1a: Sneasler|7/100
|-boost|p2b: Skeledirge|spa|1
|-damage|p2b: Skeledirge|90/100|[from] item: Life Orb
|move|p1b: Sylveon|Calm Mind|p1b: Sylveon
|-boost|p1b: Sylveon|spa|1
|-boost|p1b: Sylveon|spd|1
|
|upkeep
|turn|2
|inactive|Pelosis has 30 seconds left.
|
|t:|1784313442
|switch|p2a: Ninetales|Ninetales, L50, F|100/100
|-weather|SunnyDay|[from] ability: Drought|[of] p2a: Ninetales
|move|p1a: Sneasler|Close Combat|p2a: Ninetales
|-damage|p2a: Ninetales|0 fnt
|-unboost|p1a: Sneasler|def|1
|-unboost|p1a: Sneasler|spd|1
|faint|p2a: Ninetales
|move|p2b: Skeledirge|Torch Song|p1a: Sneasler
|-damage|p1a: Sneasler|0 fnt
|-boost|p2b: Skeledirge|spa|1
|faint|p1a: Sneasler
|-damage|p2b: Skeledirge|80/100|[from] item: Life Orb
|move|p1b: Sylveon|Calm Mind|p1b: Sylveon
|-boost|p1b: Sylveon|spa|1
|-boost|p1b: Sylveon|spd|1
|
|-weather|SunnyDay|[upkeep]
|upkeep
|
|t:|1784313459
|switch|p1a: Hydreigon|Hydreigon, L50, F|100/100
|switch|p2a: Talonflame|Talonflame, L50, M|100/100
|turn|3
|
|t:|1784313474
|move|p2a: Talonflame|Tailwind|p2a: Talonflame
|-sidestart|p2: GymGlofer|move: Tailwind
|move|p1a: Hydreigon|Snarl|p2a: Talonflame|[spread] p2a,p2b
|-supereffective|p2b: Skeledirge|1
|-damage|p2a: Talonflame|67/100
|-damage|p2b: Skeledirge|34/100
|-unboost|p2a: Talonflame|spa|1
|-unboost|p2b: Skeledirge|spa|1
|move|p2b: Skeledirge|Torch Song|p1a: Hydreigon
|-resisted|p1a: Hydreigon|1
|-damage|p1a: Hydreigon|37/100
|-boost|p2b: Skeledirge|spa|1
|-damage|p2b: Skeledirge|24/100|[from] item: Life Orb
|move|p1b: Sylveon|Hyper Voice|p2b: Skeledirge|[spread] p2a,p2b
|-resisted|p2a: Talonflame|1
|-resisted|p2b: Skeledirge|1
|-damage|p2a: Talonflame|0 fnt
|-damage|p2b: Skeledirge|0 fnt
|faint|p2a: Talonflame
|faint|p2b: Skeledirge
|
|-weather|SunnyDay|[upkeep]
|upkeep
|
|t:|1784313482
|switch|p2b: Houndoom|Houndoom-Mega, L50, M|100/100
|turn|4
|
|t:|1784313499
|switch|p1a: Ninetales|Ninetales-Alola, L50, F|100/100
|-weather|Snowscape|[from] ability: Snow Warning|[of] p1a: Ninetales
|move|p2b: Houndoom|Heat Wave|p1b: Sylveon|[spread] p1a,p1b
|-supereffective|p1a: Ninetales|1
|-damage|p1a: Ninetales|0 fnt
|-damage|p1b: Sylveon|84/100
|faint|p1a: Ninetales
|move|p1b: Sylveon|Draining Kiss|p2b: Houndoom
|-damage|p2b: Houndoom|18/100
|-heal|p1b: Sylveon|100/100|[from] drain|[of] p2b: Houndoom
|
|-weather|Snowscape|[upkeep]
|upkeep
|c|☆Pelosis|gg ez
|
|t:|1784313510
|switch|p1a: Hydreigon|Hydreigon, L50, F|37/100
|turn|5
|
|t:|1784313518
|move|p2b: Houndoom|Heat Wave|p1b: Sylveon|[spread] p1a,p1b
|-resisted|p1a: Hydreigon|1
|-crit|p1a: Hydreigon
|-damage|p1a: Hydreigon|5/100
|-damage|p1b: Sylveon|82/100
|move|p1a: Hydreigon|Earth Power|p2b: Houndoom
|-supereffective|p2b: Houndoom|1
|-damage|p2b: Houndoom|0 fnt
|faint|p2b: Houndoom
|
|win|Pelosis
|raw|Pelosis's rating: 1104 → 1123(+19 for winning)
|raw|GymGlofer's rating: 1026 → 1015(-11 for losing)
|l|☆GymGlofer
|player|p2|
