|j|☆furretusedpunch
|j|☆CretaceousDraconid
|html|furretusedpunchCretaceousDraconid    
|uhtml|bestof|Game 2 of a best-of-3
|t:|1757220587
|gametype|doubles
|player|p1|furretusedpunch|lacey|1275
|player|p2|CretaceousDraconid|zinnia-masters|1176
|gen|9
|tier|[Gen 9] VGC 2025 Reg H (Bo3)
|rated|
|rule|Species Clause: Limit one of each Pokémon
|rule|Item Clause: Limit 1 of each item
|clearpoke
|poke|p1|Gholdengo, L50|
|poke|p1|Rillaboom, L50, M|
|poke|p1|Dragonite, L50, F|
|poke|p1|Ninetales-Alola, L50, F|
|poke|p1|Incineroar, L50, F|
|poke|p1|Garchomp, L50, F|
|poke|p2|Bastiodon, L50, F|
|poke|p2|Rillaboom, L50, M|
|poke|p2|Incineroar, L50, F|
|poke|p2|Salamence, L50, F|
|poke|p2|Garchomp, L50, F|
|poke|p2|Sneasler, L50, F|
|teampreview|4
|showteam|p1|Gholdengo||LifeOrb|GoodasGold|NastyPlot,MakeItRain,ShadowBall,Protect||||||50|,,,,,Water]Rillaboom||AssaultVest|GrassySurge|FakeOut,GrassyGlide,DrumBeating,HighHorsepower|||M|||50|,,,,,Fire]Dragonite||LoadedDice|Multiscale|ScaleShot,ExtremeSpeed,Tailwind,Protect|||F|||50|,,,,,Steel]Ninetales-Alola||FocusSash|SnowWarning|IcyWind,Encore,FreezeDry,AuroraVeil|||F|||50|,,,,,Ghost]Incineroar||SitrusBerry|Intimidate|FlareBlitz,KnockOff,FakeOut,PartingShot|||F|||50|,,,,,Ghost]Garchomp||ChoiceBand|RoughSkin|StompingTantrum,DragonClaw,RockSlide,Earthquake|||F|||50|,,,,,Fire
|showteam|p2|Bastiodon||CovertCloak|Soundproof|BodyPress,IceBeam,IronDefense,WideGuard|||F|||50|,,,,,Bug]Rillaboom||AssaultVest|GrassySurge|FakeOut,WoodHammer,HighHorsepower,GrassyGlide|||M|||50|,,,,,Fire]Incineroar||SafetyGoggles|Intimidate|FakeOut,Taunt,PartingShot,KnockOff|||F|||50|,,,,,Ghost]Salamence||ChoiceSpecs|Intimidate|Hurricane,HeatWave,DracoMeteor,HydroPump|||F|||50|,,,,,Fire]Garchomp||LoadedDice|RoughSkin|StompingTantrum,Earthquake,ScaleShot,Protect|||F|||50|,,,,,Ghost]Sneasler||FocusSash|PoisonTouch|DireClaw,CloseCombat,Coaching,Protect|||F|||50|,,,,,Fairy
|
|t:|1757220655
|teamsize|p1|4
|teamsize|p2|4
|start
|switch|p1a: Gholdengo|Gholdengo, L50|100/100
|switch|p1b: Ninetales|Ninetales-Alola, L50, F|100/100
|switch|p2a: Salamence|Salamence, L50, F|100/100
|switch|p2b: Garchomp|Garchomp, L50, F|100/100
|-weather|Snowscape|[from] ability: Snow Warning|[of] p1b: Ninetales
|-ability|p2a: Salamence|Intimidate|boost
|-unboost|p1a: Gholdengo|atk|1
|-unboost|p1b: Ninetales|atk|1
|turn|1
|
|t:|1757220679
|switch|p2b: Rillaboom|Rillaboom, L50, M|100/100
|-fieldstart|move: Grassy Terrain|[from] ability: Grassy Surge|[of] p2b: Rillaboom
|-terastallize|p2a: Salamence|Fire
|move|p1b: Ninetales|Icy Wind|p2a: Salamence|[spread] p2a,p2b
|-resisted|p2a: Salamence
|-supereffective|p2b: Rillaboom
|-damage|p2a: Salamence|90/100
|-damage|p2b: Rillaboom|79/100
|-unboost|p2a: Salamence|spe|1
|-unboost|p2b: Rillaboom|spe|1
|move|p1a: Gholdengo|Shadow Ball|p2b: Rillaboom
|-damage|p2b: Rillaboom|43/100
|-unboost|p2b: Rillaboom|spd|1
|-damage|p1a: Gholdengo|91/100|[from] item: Life Orb
|move|p2a: Salamence|Heat Wave|p1a: Gholdengo|[spread] 
|-miss|p2a: Salamence|p1a: Gholdengo
|-miss|p2a: Salamence|p1b: Ninetales
|
|-weather|Snowscape|[upkeep]
|-heal|p1a: Gholdengo|97/100|[from] Grassy Terrain
|-heal|p2a: Salamence|96/100|[from] Grassy Terrain
|-heal|p2b: Rillaboom|49/100|[from] Grassy Terrain
|upkeep
|turn|2
|
|t:|1757220732
|switch|p2b: TheFuckYouGuy|Sneasler, L50, F|100/100
|-terastallize|p1b: Ninetales|Ghost
|move|p1b: Ninetales|Aurora Veil|p1b: Ninetales
|-sidestart|p1: furretusedpunch|move: Aurora Veil
|move|p1a: Gholdengo|Shadow Ball|p2a: Salamence
|-damage|p2a: Salamence|19/100
|-damage|p1a: Gholdengo|88/100|[from] item: Life Orb
|move|p2a: Salamence|Heat Wave|p1a: Gholdengo|[spread] p1a,p1b
|-supereffective|p1a: Gholdengo
|-crit|p1b: Ninetales
|-damage|p1a: Gholdengo|16/100
|-damage|p1b: Ninetales|5/100
|-status|p1b: Ninetales|brn
|
|-weather|Snowscape|[upkeep]
|-heal|p1b: Ninetales|11/100 brn|[from] Grassy Terrain
|-heal|p1a: Gholdengo|22/100|[from] Grassy Terrain
|-heal|p2a: Salamence|25/100|[from] Grassy Terrain
|-damage|p1b: Ninetales|5/100 brn|[from] brn
|upkeep
|turn|3
|
|t:|1757220760
|switch|p1b: Garchomp|Garchomp, L50, F|100/100
|switch|p2a: Garchomp|Garchomp, L50, F|100/100
|move|p2b: TheFuckYouGuy|Dire Claw|p1b: Garchomp
|-resisted|p1b: Garchomp
|-damage|p1b: Garchomp|86/100
|-damage|p2b: TheFuckYouGuy|88/100|[from] ability: Rough Skin|[of] p1b: Garchomp
|move|p1a: Gholdengo|Make It Rain|p2a: Garchomp|[spread] p2a,p2b
|-damage|p2a: Garchomp|36/100
|-damage|p2b: TheFuckYouGuy|8/100
|-unboost|p1a: Gholdengo|spa|1
|-damage|p1a: Gholdengo|12/100|[from] item: Life Orb
|
|-weather|Snowscape|[upkeep]
|-heal|p2b: TheFuckYouGuy|13/100|[from] Grassy Terrain
|-heal|p2a: Garchomp|42/100|[from] Grassy Terrain
|-heal|p1b: Garchomp|92/100|[from] Grassy Terrain
|-heal|p1a: Gholdengo|18/100|[from] Grassy Terrain
|upkeep
|turn|4
|
|t:|1757220789
|switch|p1b: Incineroar|Incineroar, L50, F|100/100
|-ability|p1b: Incineroar|Intimidate|boost
|-unboost|p2a: Garchomp|atk|1
|-unboost|p2b: TheFuckYouGuy|atk|1
|move|p2b: TheFuckYouGuy|Coaching|p2a: Garchomp
|-boost|p2a: Garchomp|atk|1
|-boost|p2a: Garchomp|def|1
|move|p2a: Garchomp|Scale Shot|p1b: Incineroar
|-damage|p1b: Incineroar|92/100
|-crit|p1b: Incineroar
|-damage|p1b: Incineroar|73/100
|-damage|p1b: Incineroar|64/100
|-damage|p1b: Incineroar|55/100
|-hitcount|p1b: Incineroar|4
|-unboost|p2a: Garchomp|def|1
|-boost|p2a: Garchomp|spe|1
|move|p1a: Gholdengo|Make It Rain|p2b: TheFuckYouGuy|[spread] p2a,p2b
|-damage|p2a: Garchomp|0 fnt
|-damage|p2b: TheFuckYouGuy|0 fnt
|-unboost|p1a: Gholdengo|spa|1
|faint|p2a: Garchomp
|faint|p2b: TheFuckYouGuy
|-damage|p1a: Gholdengo|9/100|[from] item: Life Orb
|
|-weather|Snowscape|[upkeep]
|-heal|p1a: Gholdengo|15/100|[from] Grassy Terrain
|-heal|p1b: Incineroar|61/100|[from] Grassy Terrain
|upkeep
|
|t:|1757220792
|switch|p2b: Salamence|Salamence, L50, F, tera:Fire|25/100
|switch|p2a: Rillaboom|Rillaboom, L50, M|49/100
|-ability|p2b: Salamence|Intimidate|boost
|-unboost|p1a: Gholdengo|atk|1
|-unboost|p1b: Incineroar|atk|1
|turn|5
|
|t:|1757220814
|move|p2a: Rillaboom|Fake Out|p1b: Incineroar
|-crit|p1b: Incineroar
|-damage|p1b: Incineroar|41/100
|-enditem|p1b: Incineroar|Sitrus Berry|[eat]
|-heal|p1b: Incineroar|66/100|[from] item: Sitrus Berry
|cant|p1b: Incineroar|flinch
|move|p2b: Salamence|Heat Wave|p1a: Gholdengo|[spread] p1a,p1b
|-supereffective|p1a: Gholdengo
|-resisted|p1b: Incineroar
|-damage|p1a: Gholdengo|0 fnt
|-damage|p1b: Incineroar|53/100
|faint|p1a: Gholdengo
|
|-weather|none
|-heal|p2b: Salamence|31/100|[from] Grassy Terrain
|-heal|p2a: Rillaboom|55/100|[from] Grassy Terrain
|-heal|p1b: Incineroar|59/100|[from] Grassy Terrain
|-fieldend|move: Grassy Terrain
|upkeep
|
|t:|1757220821
|switch|p1a: Ninetales|Ninetales-Alola, L50, F, tera:Ghost|5/100 brn
|-weather|Snowscape|[from] ability: Snow Warning|[of] p1a: Ninetales
|turn|6
|
|t:|1757220830
|move|p1a: Ninetales|Icy Wind|p2b: Salamence|[spread] p2b
|-miss|p1a: Ninetales|p2a: Rillaboom
|-resisted|p2b: Salamence
|-damage|p2b: Salamence|22/100
|-unboost|p2b: Salamence|spe|1
|move|p2b: Salamence|Heat Wave|p1a: Ninetales|[spread] p1a,p1b
|-resisted|p1b: Incineroar
|-damage|p1a: Ninetales|0 fnt
|-damage|p1b: Incineroar|46/100
|faint|p1a: Ninetales
|move|p2a: Rillaboom|High Horsepower|p1b: Incineroar
|-supereffective|p1b: Incineroar
|-damage|p1b: Incineroar|2/100
|move|p1b: Incineroar|Knock Off|p2a: Rillaboom
|-damage|p2a: Rillaboom|26/100
|-enditem|p2a: Rillaboom|Assault Vest|[from] move: Knock Off|[of] p1b: Incineroar
|
|-weather|Snowscape|[upkeep]
|-sideend|p1: furretusedpunch|move: Aurora Veil
|upkeep
|
|t:|1757220838
|switch|p1a: Garchomp|Garchomp, L50, F|92/100
|turn|7
|-message|CretaceousDraconid forfeited.
|raw|furretusedpunch's rating: 1275 → 1293(+18 for winning)
|raw|CretaceousDraconid's rating: 1176 → 1158(-18 for losing)
|
|win|furretusedpunch
