|j|☆willan
|j|☆dsfrgfjhksdf4
|html|willandsfrgfjhksdf4    
|uhtml|bestof|Game 2 of a best-of-3
|t:|1782995509
|gametype|doubles
|player|p1|willan|265|1042
|player|p2|dsfrgfjhksdf4|169|1078
|gen|9
|tier|[Gen 9 Champions] VGC 2026 Reg M-B (Bo3)
|rated|
|rule|Species Clause: Limit one of each Pokémon
|rule|Item Clause: Limit 1 of each item
|clearpoke
|poke|p1|Volcarona, L50, M|
|poke|p1|Gyarados, L50, F|
|poke|p1|Froslass, L50, F|
|poke|p1|Incineroar, L50, M|
|poke|p1|Garchomp, L50, F|
|poke|p1|Aegislash, L50, M|
|poke|p2|Pelipper, L50, F|
|poke|p2|Archaludon, L50, F|
|poke|p2|Metagross, L50|
|poke|p2|Sableye, L50, M|
|poke|p2|Swampert, L50, F|
|poke|p2|Sinistcha, L50|
|teampreview|4
|showteam|p1|Volcarona||LumBerry|FlameBody|QuiverDance,HeatWave,BugBuzz,Protect|Timid||M|||50|]Gyarados||SitrusBerry|Intimidate|Waterfall,ThunderWave,Taunt,Protect|Impish||F|||50|]Froslass||Froslassite|CursedBody|IcyWind,ShadowBall,Taunt,Protect|Timid||F|||50|]Incineroar||Charcoal|Intimidate|FakeOut,PartingShot,FlareBlitz,Protect|Careful||M|||50|]Garchomp||DragonFang|RoughSkin|Earthquake,DragonClaw,SwordsDance,Protect|Jolly||F|||50|]Aegislash||Leftovers|StanceChange|KingsShield,IronHead,ShadowSneak,WideGuard|Brave||M|||50|
|showteam|p2|Pelipper||FocusSash|Drizzle|WeatherBall,Hurricane,Protect,Tailwind|Modest||F|||50|]Archaludon||Leftovers|Stamina|DragonPulse,FlashCannon,ElectroShot,Protect|Calm||F|||50|]Metagross||Metagrossite|ClearBody|IronHead,BodyPress,PsychicFangs,Protect|Jolly|||||50|]Sableye||LightClay|Prankster|Quash,LightScreen,Reflect,RainDance|Careful||M|||50|]Swampert||Swampertite|Torrent|WaveCrash,HighHorsepower,IcePunch,Protect|Adamant||F|||50|]Sinistcha||SitrusBerry|Hospitality|MatchaGotcha,LifeDew,TrickRoom,RagePowder|Bold|||||50|
|inactive|Battle timer is ON: inactive players will automatically lose when time's up. (requested by dsfrgfjhksdf4)
|inactive|willan has 60 seconds left.
|inactive|willan has 30 seconds left.
|inactive|willan has 20 seconds left.
|inactive|willan has 15 seconds left.
|inactive|willan has 10 seconds left.
|inactive|willan has 5 seconds left.
|
|t:|1782995599
|teamsize|p1|4
|teamsize|p2|4
|start
|switch|p1a: Volcarona|Volcarona, L50, M|100/100
|switch|p1b: Gyarados|Gyarados, L50, F|100/100
|switch|p2a: Pelipper|Pelipper, L50, F|100/100
|switch|p2b: Archaludon|Archaludon, L50, F|100/100
|-weather|RainDance|[from] ability: Drizzle|[of] p2a: Pelipper
|-ability|p1b: Gyarados|Intimidate|boost
|-unboost|p2a: Pelipper|atk|1
|-unboost|p2b: Archaludon|atk|1
|turn|1
|inactive|willan has 30 seconds left.
|inactive|willan has 20 seconds left.
|inactive|willan has 15 seconds left.
|inactive|willan has 10 seconds left.
|inactive|willan has 5 seconds left.
|
|t:|1782995654
|move|p1a: Volcarona|Quiver Dance|p1a: Volcarona
|-boost|p1a: Volcarona|spa|1
|-boost|p1a: Volcarona|spd|1
|-boost|p1a: Volcarona|spe|1
|move|p2b: Archaludon|Electro Shot||[still]
|-prepare|p2b: Archaludon|Electro Shot
|-boost|p2b: Archaludon|spa|1
|-anim|p2b: Archaludon|Electro Shot|p1b: Gyarados
|-supereffective|p1b: Gyarados|2
|-damage|p1b: Gyarados|0 fnt
|faint|p1b: Gyarados
|move|p2a: Pelipper|Tailwind|p2a: Pelipper
|-sidestart|p2: dsfrgfjhksdf4|move: Tailwind
|
|-weather|RainDance|[upkeep]
|upkeep
|inactive|willan has 30 seconds left.
|inactive|willan has 20 seconds left.
|inactive|willan has 15 seconds left.
|inactive|willan has 10 seconds left.
|inactive|willan has 5 seconds left.
|
|t:|1782995709
|switch|p1b: Froslass|Froslass, L50, F|100/100
|turn|2
|inactive|willan has 30 seconds left.
|inactive|willan has 20 seconds left.
|inactive|willan has 15 seconds left.
|inactive|willan has 10 seconds left.
|inactive|willan has 5 seconds left.
|
|t:|1782995764
|move|p1a: Volcarona|Quiver Dance|p1a: Volcarona
|-boost|p1a: Volcarona|spa|1
|-boost|p1a: Volcarona|spd|1
|-boost|p1a: Volcarona|spe|1
|move|p2b: Archaludon|Dragon Pulse|p1a: Volcarona
|-damage|p1a: Volcarona|73/100
|move|p2a: Pelipper|Hurricane|p1a: Volcarona
|-supereffective|p1a: Volcarona|1
|-damage|p1a: Volcarona|13/100
|move|p1b: Froslass|Icy Wind|p2a: Pelipper|[spread] p2a,p2b
|-damage|p2a: Pelipper|80/100
|-damage|p2b: Archaludon|90/100
|-unboost|p2a: Pelipper|spe|1
|-unboost|p2b: Archaludon|spe|1
|-ability|p2b: Archaludon|Stamina|boost
|-boost|p2b: Archaludon|def|1
|
|-weather|RainDance|[upkeep]
|-heal|p2b: Archaludon|96/100|[from] item: Leftovers
|upkeep
|turn|3
|inactive|willan has 30 seconds left.
|inactive|dsfrgfjhksdf4 has 30 seconds left.
|inactive|willan has 20 seconds left.
|inactive|willan has 15 seconds left.
|inactive|willan has 10 seconds left.
|inactive|willan has 5 seconds left.
|
|t:|1782995819
|move|p1a: Volcarona|Quiver Dance|p1a: Volcarona
|-boost|p1a: Volcarona|spa|1
|-boost|p1a: Volcarona|spd|1
|-boost|p1a: Volcarona|spe|1
|move|p1b: Froslass|Icy Wind|p2a: Pelipper|[spread] p2a,p2b
|-damage|p2a: Pelipper|60/100
|-damage|p2b: Archaludon|84/100
|-unboost|p2a: Pelipper|spe|1
|-unboost|p2b: Archaludon|spe|1
|-ability|p2b: Archaludon|Stamina|boost
|-boost|p2b: Archaludon|def|1
|move|p2b: Archaludon|Electro Shot||[still]
|-prepare|p2b: Archaludon|Electro Shot
|-boost|p2b: Archaludon|spa|1
|-anim|p2b: Archaludon|Electro Shot|p1a: Volcarona
|-damage|p1a: Volcarona|0 fnt
|faint|p1a: Volcarona
|move|p2a: Pelipper|Hurricane|p1b: Froslass
|-damage|p1b: Froslass|44/100
|
|-weather|RainDance|[upkeep]
|-heal|p2b: Archaludon|91/100|[from] item: Leftovers
|upkeep
|inactive|willan has 30 seconds left.
|inactive|willan has 20 seconds left.
|inactive|willan has 15 seconds left.
|inactive|willan has 10 seconds left.
|inactive|willan has 5 seconds left.
|
|t:|1782995874
|switch|p1a: Incineroar|Incineroar, L50, M|100/100
|-ability|p1a: Incineroar|Intimidate|boost
|-unboost|p2a: Pelipper|atk|1
|-unboost|p2b: Archaludon|atk|1
|turn|4
|inactive|willan has 30 seconds left.
|inactive|willan has 20 seconds left.
|inactive|willan has 15 seconds left.
|inactive|willan has 10 seconds left.
|inactive|willan has 5 seconds left.
|
|t:|1782995929
|switch|p2a: Sinistcha|Sinistcha, L50|100/100
|-heal|p2b: Archaludon|100/100|[from] ability: Hospitality|[of] p2a: Sinistcha
|move|p1a: Incineroar|Fake Out|p2b: Archaludon
|-resisted|p2b: Archaludon|1
|-crit|p2b: Archaludon
|-damage|p2b: Archaludon|93/100
|-ability|p2b: Archaludon|Stamina|boost
|-boost|p2b: Archaludon|def|1
|move|p1b: Froslass|Icy Wind|p2b: Archaludon|[spread] p2a,p2b
|-supereffective|p2a: Sinistcha|1
|-damage|p2a: Sinistcha|74/100
|-damage|p2b: Archaludon|82/100
|-unboost|p2a: Sinistcha|spe|1
|-unboost|p2b: Archaludon|spe|1
|-ability|p2b: Archaludon|Stamina|boost
|-boost|p2b: Archaludon|def|1
|cant|p2b: Archaludon|flinch
|
|-weather|RainDance|[upkeep]
|-heal|p2b: Archaludon|88/100|[from] item: Leftovers
|-sideend|p2: dsfrgfjhksdf4|move: Tailwind
|upkeep
|turn|5
|inactive|willan has 30 seconds left.
|inactive|dsfrgfjhksdf4 has 30 seconds left.
|inactive|willan has 20 seconds left.
|inactive|dsfrgfjhksdf4 has 20 seconds left.
|inactive|willan has 15 seconds left.
|inactive|dsfrgfjhksdf4 has 15 seconds left.
|inactive|willan has 10 seconds left.
|inactive|dsfrgfjhksdf4 has 10 seconds left.
|inactive|willan has 5 seconds left.
|
|t:|1782995984
|move|p1b: Froslass|Icy Wind|p2b: Archaludon|[spread] p2a,p2b
|-supereffective|p2a: Sinistcha|1
|-damage|p2a: Sinistcha|46/100
|-damage|p2b: Archaludon|77/100
|-unboost|p2a: Sinistcha|spe|1
|-unboost|p2b: Archaludon|spe|1
|-ability|p2b: Archaludon|Stamina|boost
|-boost|p2b: Archaludon|def|1
|-enditem|p2a: Sinistcha|Sitrus Berry|[eat]
|-heal|p2a: Sinistcha|71/100|[from] item: Sitrus Berry
|move|p1a: Incineroar|Parting Shot|p2a: Sinistcha
|-unboost|p2a: Sinistcha|atk|1
|-unboost|p2a: Sinistcha|spa|1
|move|p2a: Sinistcha|Matcha Gotcha|p1b: Froslass|[spread] p1a,p1b
|-resisted|p1a: Incineroar|1
|-damage|p1a: Incineroar|94/100
|-heal|p2a: Sinistcha|75/100|[from] drain|[of] p1a: Incineroar
|-damage|p1b: Froslass|24/100
|-heal|p2a: Sinistcha|83/100|[from] drain|[of] p1b: Froslass
|move|p2b: Archaludon|Electro Shot||[still]
|-prepare|p2b: Archaludon|Electro Shot
|-boost|p2b: Archaludon|spa|1
|-anim|p2b: Archaludon|Electro Shot|p1b: Froslass
|-damage|p1b: Froslass|0 fnt
|-start|p2b: Archaludon|Disable|Electro Shot|[from] ability: Cursed Body|[of] p1b: Froslass
|faint|p1b: Froslass
|
|-weather|none
|-heal|p2b: Archaludon|83/100|[from] item: Leftovers
|upkeep
|turn|6
|inactive|willan has 30 seconds left.
|inactive|willan has 20 seconds left.
|inactive|willan has 15 seconds left.
|inactive|willan has 10 seconds left.
|inactive|dsfrgfjhksdf4 has 30 seconds left.
|inactive|willan has 5 seconds left.
|inactive|dsfrgfjhksdf4 has 20 seconds left.
|-message|willan lost due to inactivity.
|
|win|dsfrgfjhksdf4
|raw|willan's rating: 1040 → 1026(-14 for losing)
|raw|dsfrgfjhksdf4's rating: 1078 → 1103(+25 for winning)
