|j|☆MetagrossMasher
|j|☆Twittle Twister
|html|MetagrossMasherTwittle Twister    
|uhtml|bestof|Game 3 of a best-of-3
|t:|1756615979
|gametype|doubles
|player|p1|MetagrossMasher|265|1140
|player|p2|Twittle Twister|2|1089
|gen|9
|tier|[Gen 9] VGC 2025 Reg H (Bo3)
|rated|
|rule|Species Clause: Limit one of each Pokémon
|rule|Item Clause: Limit 1 of each item
|clearpoke
|poke|p1|Amoonguss, L50, F|
|poke|p1|Incineroar, L50, M|
|poke|p1|Rillaboom, L50, M|
|poke|p1|Gholdengo, L50|
|poke|p1|Garchomp, L50, M|
|poke|p1|Annihilape, L50, F|
|poke|p2|Volcarona, L50, F|
|poke|p2|Tyranitar, L50, F|
|poke|p2|Rillaboom, L50, M|
|poke|p2|Sneasler, L50, M|
|poke|p2|Dragonite, L50, M|
|poke|p2|Amoonguss, L50, F|
|teampreview|4
|showteam|p1|Amoonguss||CovertCloak|Regenerator|Spore,PollenPuff,RagePowder,Protect|||F|||50|,,,,,Water]Incineroar||SitrusBerry|Intimidate|FlareBlitz,FakeOut,PartingShot,WillOWisp|||M|||50|,,,,,Water]Rillaboom||AssaultVest|GrassySurge|GrassyGlide,WoodHammer,Uturn,FakeOut|||M|||50|,,,,,Fire]Gholdengo||GrassySeed|GoodasGold|NastyPlot,MakeItRain,Protect,ShadowBall||||||50|,,,,,Steel]Garchomp||LifeOrb|RoughSkin|Earthquake,DragonClaw,Protect,StompingTantrum|||M|||50|,,,,,Fire]Annihilape||SafetyGoggles|Defiant|BulkUp,Protect,RageFist,DrainPunch|||F|||50|,,,,,Fire
|showteam|p2|Volcarona||SafetyGoggles|FlameBody|QuiverDance,HeatWave,GigaDrain,Protect|||F|||50|,,,,,Stellar]Tyranitar||AssaultVest|SandStream|RockSlide,KnockOff,TeraBlast,Earthquake|||F|||50|,,,,,Flying]Rillaboom||MiracleSeed|GrassySurge|KnockOff,Uturn,GrassyGlide,FakeOut|||M|||50|,,,,,Grass]Sneasler||GrassySeed|Unburden|DireClaw,Acrobatics,Protect,CloseCombat|||M|||50|,,,,,Flying]Dragonite||LoadedDice|Multiscale|Tailwind,ScaleShot,Haze,Protect|||M|||50|,,,,,Fairy]Amoonguss||RockyHelmet|Regenerator|RagePowder,Spore,Protect,PollenPuff|||F|||50|,,,,,Water
|
|t:|1756615996
|teamsize|p1|4
|teamsize|p2|4
|start
|switch|p1a: Incineroar|Incineroar, L50, M|100/100
|switch|p1b: Gholdengo|Gholdengo, L50|100/100
|switch|p2a: Amoonguss|Amoonguss, L50, F|100/100
|switch|p2b: Volcarona|Volcarona, L50, F|100/100
|-ability|p1a: Incineroar|Intimidate|boost
|-unboost|p2a: Amoonguss|atk|1
|-unboost|p2b: Volcarona|atk|1
|turn|1
|
|t:|1756616023
|switch|p1b: Garchomp|Garchomp, L50, M|100/100
|move|p2a: Amoonguss|Rage Powder|p2a: Amoonguss
|-singleturn|p2a: Amoonguss|move: Rage Powder
|move|p2b: Volcarona|Heat Wave|p1a: Incineroar|[spread] p1a
|-miss|p2b: Volcarona|p1b: Garchomp
|-resisted|p1a: Incineroar
|-crit|p1a: Incineroar
|-damage|p1a: Incineroar|74/100
|move|p1a: Incineroar|Flare Blitz|p2a: Amoonguss
|-supereffective|p2a: Amoonguss
|-damage|p2a: Amoonguss|0 fnt
|-damage|p1a: Incineroar|58/100|[from] item: Rocky Helmet|[of] p2a: Amoonguss
|faint|p2a: Amoonguss
|-damage|p1a: Incineroar|20/100|[from] Recoil
|-enditem|p1a: Incineroar|Sitrus Berry|[eat]
|-heal|p1a: Incineroar|45/100|[from] item: Sitrus Berry
|
|upkeep
|
|t:|1756616034
|switch|p2a: Sneasler|Sneasler, L50, M|100/100
|turn|2
|
|t:|1756616073
|switch|p1a: Annihilape|Annihilape, L50, F|100/100
|move|p2a: Sneasler|Dire Claw|p1b: Garchomp
|-resisted|p1b: Garchomp
|-damage|p1b: Garchomp|78/100
|-status|p1b: Garchomp|psn
|-damage|p2a: Sneasler|88/100|[from] ability: Rough Skin|[of] p1b: Garchomp
|move|p1b: Garchomp|Dragon Claw|p2a: Sneasler
|-damage|p2a: Sneasler|0 fnt
|faint|p2a: Sneasler
|-damage|p1b: Garchomp|68/100 psn|[from] item: Life Orb
|move|p2b: Volcarona|Quiver Dance|p2b: Volcarona
|-boost|p2b: Volcarona|spa|1
|-boost|p2b: Volcarona|spd|1
|-boost|p2b: Volcarona|spe|1
|
|-damage|p1b: Garchomp|56/100 psn|[from] psn
|upkeep
|
|t:|1756616090
|switch|p2a: Tyranitar|Tyranitar, L50, F|100/100
|-weather|Sandstorm|[from] ability: Sand Stream|[of] p2a: Tyranitar
|turn|3
|
|t:|1756616126
|-terastallize|p2a: Tyranitar|Flying
|move|p2b: Volcarona|Heat Wave|p1b: Garchomp|[spread] p1a
|-miss|p2b: Volcarona|p1b: Garchomp
|-damage|p1a: Annihilape|54/100
|move|p1a: Annihilape|Drain Punch|p2a: Tyranitar
|-resisted|p2a: Tyranitar
|-damage|p2a: Tyranitar|85/100
|-heal|p1a: Annihilape|61/100|[from] drain|[of] p2a: Tyranitar
|move|p1b: Garchomp|Dragon Claw|p2b: Volcarona
|-damage|p2b: Volcarona|21/100
|-damage|p1b: Garchomp|46/100 psn|[from] item: Life Orb
|move|p2a: Tyranitar|Tera Blast|p1a: Annihilape|[anim] Tera Blast Flying
|-supereffective|p1a: Annihilape
|-damage|p1a: Annihilape|0 fnt
|faint|p1a: Annihilape
|
|-weather|Sandstorm|[upkeep]
|-damage|p2a: Tyranitar|79/100|[from] Sandstorm
|-damage|p1b: Garchomp|34/100 psn|[from] psn
|upkeep
|
|t:|1756616139
|switch|p1a: Incineroar|Incineroar, L50, M|45/100
|-ability|p1a: Incineroar|Intimidate|boost
|-unboost|p2a: Tyranitar|atk|1
|-unboost|p2b: Volcarona|atk|1
|turn|4
|
|t:|1756616192
|move|p2b: Volcarona|Protect|p2b: Volcarona
|-singleturn|p2b: Volcarona|Protect
|move|p1a: Incineroar|Fake Out|p2b: Volcarona
|-activate|p2b: Volcarona|move: Protect
|move|p1b: Garchomp|Dragon Claw|p2b: Volcarona
|-activate|p2b: Volcarona|move: Protect
|move|p2a: Tyranitar|Earthquake|p1b: Garchomp|[spread] p1a,p1b
|-activate|p2b: Volcarona|move: Protect
|-supereffective|p1a: Incineroar
|-damage|p1a: Incineroar|6/100
|-damage|p1b: Garchomp|15/100 psn
|
|-weather|Sandstorm|[upkeep]
|-damage|p2a: Tyranitar|74/100|[from] Sandstorm
|-damage|p1a: Incineroar|0 fnt|[from] Sandstorm
|faint|p1a: Incineroar
|-damage|p1b: Garchomp|3/100 psn|[from] psn
|upkeep
|
|t:|1756616195
|switch|p1a: Gholdengo|Gholdengo, L50|100/100
|turn|5
|
|t:|1756616213
|-terastallize|p1a: Gholdengo|Steel
|move|p2b: Volcarona|Heat Wave|p1a: Gholdengo|[spread] p1a,p1b
|-supereffective|p1a: Gholdengo
|-resisted|p1b: Garchomp
|-damage|p1a: Gholdengo|0 fnt
|-damage|p1b: Garchomp|0 fnt
|faint|p1a: Gholdengo
|faint|p1b: Garchomp
|
|win|Twittle Twister
|raw|MetagrossMasher's rating: 1140 → 1111(-29 for losing)
|raw|Twittle Twister's rating: 1089 → 1120(+31 for winning)
|c|☆MetagrossMasher|gg
|l|☆MetagrossMasher
|player|p1|
|c|☆Twittle Twister|gg
