|j|☆Togie Schwarzer
|j|☆gluttorn
|html|Togie Schwarzergluttorn    
|uhtml|bestof|Game 2 of a best-of-3
|t:|1782333528
|gametype|doubles
|player|p1|Togie Schwarzer|hilda|1102
|player|p2|gluttorn|102|1000
|gen|9
|tier|[Gen 9 Champions] VGC 2026 Reg M-B (Bo3)
|rated|
|rule|Species Clause: Limit one of each Pokémon
|rule|Item Clause: Limit 1 of each item
|clearpoke
|poke|p1|Garchomp, L50, F|
|poke|p1|Malamar, L50, M|
|poke|p1|Sneasler, L50, F|
|poke|p1|Grimmsnarl, L50, M|
|poke|p1|Incineroar, L50, M|
|poke|p1|Toxapex, L50, F|
|poke|p2|Scrafty, L50, M|
|poke|p2|Torkoal, L50, F|
|poke|p2|Farigiraf, L50, F|
|poke|p2|Hatterene, L50, F|
|poke|p2|Staraptor, L50, M|
|poke|p2|Vileplume, L50, M|
|teampreview|4
|showteam|p1|Garchomp||Garchompite|RoughSkin|ScaleShot,StompingTantrum,SwordsDance,Protect|Adamant||F|||50|]Malamar||Malamarite|Contrary|Superpower,KnockOff,Taunt,Protect|Adamant||M|||50|]Sneasler||FocusSash|PoisonTouch|FakeOut,CloseCombat,PoisonJab,Coaching|Jolly||F|||50|]Grimmsnarl||LightClay|Prankster|FakeOut,Reflect,LightScreen,PartingShot|Careful||M|||50|]Incineroar||SitrusBerry|Intimidate|FakeOut,FlareBlitz,Snarl,WillOWisp|Careful||M|||50|]Toxapex||Leftovers|Regenerator|Recover,BanefulBunker,Toxic,Infestation|Bold||F|||50|
|showteam|p2|Scrafty||Scraftinite|Intimidate|FakeOut,KnockOff,DrainPunch,RockSlide|Brave||M|||50|]Torkoal||Charcoal|Drought|EarthPower,HeatWave,Eruption,Protect|Quiet||F|||50|]Farigiraf||MentalHerb|ArmorTail|Protect,HelpingHand,TrickRoom,Psychic|Calm||F|||50|]Hatterene||LifeOrb|MagicBounce|DazzlingGleam,Psychic,TrickRoom,Protect|Modest||F|||50|]Staraptor||ChoiceScarf|Intimidate|FinalGambit,Uturn,Tailwind,BraveBird|Jolly||M|||50|]Vileplume||FocusSash|Chlorophyll|AfterYou,Protect,EnergyBall,SludgeBomb|Timid||M|||50|
|inactive|Battle timer is ON: inactive players will automatically lose when time's up. (requested by Togie Schwarzer)
|inactive|Togie Schwarzer has 60 seconds left.
|inactive|gluttorn has 60 seconds left.
|inactive|Togie Schwarzer has 30 seconds left.
|
|t:|1782333597
|teamsize|p1|4
|teamsize|p2|4
|start
|switch|p1a: Malamar|Malamar, L50, M|100/100
|switch|p1b: Sneasler|Sneasler, L50, F|100/100
|switch|p2a: Torkoal|Torkoal, L50, F|100/100
|switch|p2b: Vileplume|Vileplume, L50, M|100/100
|-weather|SunnyDay|[from] ability: Drought|[of] p2a: Torkoal
|turn|1
|
|t:|1782333622
|detailschange|p1a: Malamar|Malamar-Mega, L50, M
|-mega|p1a: Malamar|Malamar|Malamarite
|move|p2b: Vileplume|Protect|p2b: Vileplume
|-singleturn|p2b: Vileplume|Protect
|move|p2a: Torkoal|Protect|p2a: Torkoal
|-singleturn|p2a: Torkoal|Protect
|move|p1b: Sneasler|Fake Out|p2a: Torkoal
|-activate|p2a: Torkoal|move: Protect
|move|p1a: Malamar|Superpower|p2a: Torkoal
|-activate|p2a: Torkoal|move: Protect
|
|-weather|SunnyDay|[upkeep]
|upkeep
|turn|2
|inactive|Togie Schwarzer has 30 seconds left.
|inactive|Togie Schwarzer has 20 seconds left.
|
|t:|1782333661
|move|p2b: Vileplume|After You|p2a: Torkoal
|-activate|p2a: Torkoal|move: After You
|move|p2a: Torkoal|Eruption|p1b: Sneasler|[spread] p1a,p1b
|-damage|p1a: Malamar|36/100
|-enditem|p1b: Sneasler|Focus Sash
|-damage|p1b: Sneasler|1/100
|move|p1b: Sneasler|Close Combat|p2a: Torkoal
|-damage|p2a: Torkoal|50/100g
|-unboost|p1b: Sneasler|def|1
|-unboost|p1b: Sneasler|spd|1
|-status|p2a: Torkoal|psn|[from] ability: Poison Touch|[of] p1b: Sneasler
|move|p1a: Malamar|Superpower|p2a: Torkoal
|-damage|p2a: Torkoal|22/100 psn
|-boost|p1a: Malamar|atk|1
|-boost|p1a: Malamar|def|1
|
|-weather|SunnyDay|[upkeep]
|-damage|p2a: Torkoal|9/100 psn|[from] psn
|upkeep
|turn|3
|
|t:|1782333683
|switch|p1b: Grimmsnarl|Grimmsnarl, L50, M|100/100
|move|p1a: Malamar|Protect|p1a: Malamar
|-singleturn|p1a: Malamar|Protect
|move|p2b: Vileplume|After You|p2a: Torkoal
|-activate|p2a: Torkoal|move: After You
|move|p2a: Torkoal|Heat Wave|p1a: Malamar|[spread] p1b
|-activate|p1a: Malamar|move: Protect
|-damage|p1b: Grimmsnarl|54/100
|
|-weather|SunnyDay|[upkeep]
|-damage|p2a: Torkoal|0 fnt|[from] psn
|faint|p2a: Torkoal
|upkeep
|
|t:|1782333699
|switch|p2a: Hatterene|Hatterene, L50, F|100/100
|turn|4
|
|t:|1782333710
|move|p1b: Grimmsnarl|Fake Out|p2a: Hatterene
|-damage|p2a: Hatterene|86/100
|move|p2b: Vileplume|After You|p2a: Hatterene
|-activate|p2a: Hatterene|move: After You
|cant|p2a: Hatterene|flinch
|move|p1a: Malamar|Knock Off|p2a: Hatterene
|-damage|p2a: Hatterene|4/100
|-enditem|p2a: Hatterene|Life Orb|[from] move: Knock Off|[of] p1a: Malamar
|
|-weather|SunnyDay|[upkeep]
|upkeep
|turn|5
|c|☆gluttorn|Gg i blundered
|
|t:|1782333726
|move|p1b: Grimmsnarl|Light Screen|p1b: Grimmsnarl
|-sidestart|p1: Togie Schwarzer|move: Light Screen
|move|p2b: Vileplume|After You|p2a: Hatterene
|-activate|p2a: Hatterene|move: After You
|move|p2a: Hatterene|Dazzling Gleam|p1a: Malamar|[spread] p1a,p1b
|-supereffective|p1a: Malamar|1
|-supereffective|p1b: Grimmsnarl|1
|-damage|p1a: Malamar|1/100
|-damage|p1b: Grimmsnarl|15/100
|move|p1a: Malamar|Superpower|p2a: Hatterene
|-resisted|p2a: Hatterene|2
|-damage|p2a: Hatterene|0 fnt
|-boost|p1a: Malamar|atk|1
|-boost|p1a: Malamar|def|1
|faint|p2a: Hatterene
|
|-weather|none
|upkeep
|c|☆Togie Schwarzer|ggs
|
|t:|1782333751
|switch|p2a: Farigiraf|Farigiraf, L50, F|100/100
|turn|6
|c|☆gluttorn|I forgot to double protect :(
|
|t:|1782333770
|move|p2a: Farigiraf|Protect|p2a: Farigiraf
|-singleturn|p2a: Farigiraf|Protect
|move|p1b: Grimmsnarl|Parting Shot||[still]
|cant|p2a: Farigiraf|ability: Armor Tail|Parting Shot|[of] p1b: Grimmsnarl
|move|p2b: Vileplume|Energy Ball|p1b: Grimmsnarl
|-damage|p1b: Grimmsnarl|0 fnt
|faint|p1b: Grimmsnarl
|move|p1a: Malamar|Knock Off|p2a: Farigiraf
|-activate|p2a: Farigiraf|move: Protect
|
|upkeep
|c|☆Togie Schwarzer|bleh
|c|☆Togie Schwarzer|i forget armor tail
|
|t:|1782333783
|switch|p1b: Sneasler|Sneasler, L50, F|1/100
|turn|7
|c|☆Togie Schwarzer|so often
|
|t:|1782333798
|move|p2b: Vileplume|Protect|p2b: Vileplume
|-singleturn|p2b: Vileplume|Protect
|move|p1b: Sneasler|Close Combat|p2b: Vileplume
|-activate|p2b: Vileplume|move: Protect
|move|p1a: Malamar|Knock Off|p2a: Farigiraf
|-supereffective|p2a: Farigiraf|1
|-damage|p2a: Farigiraf|0 fnt
|-enditem|p2a: Farigiraf|Mental Herb|[from] move: Knock Off|[of] p1a: Malamar
|faint|p2a: Farigiraf
|
|upkeep
|turn|8
|c|☆Togie Schwarzer|i was literally number 6700 in the final season of reg M-A
|inactive|Togie Schwarzer has 30 seconds left.
|c|☆Togie Schwarzer|and i forget armor tail and queenly majesty so often .-.
|inactive|Togie Schwarzer has 20 seconds left.
|
|t:|1782333838
|move|p1b: Sneasler|Close Combat|p2b: Vileplume
|-resisted|p2b: Vileplume|1
|-damage|p2b: Vileplume|56/100
|-unboost|p1b: Sneasler|def|1
|-unboost|p1b: Sneasler|spd|1
|move|p2b: Vileplume|Sludge Bomb|p1a: Malamar
|-damage|p1a: Malamar|0 fnt
|faint|p1a: Malamar
|
|upkeep
|
|t:|1782333846
|switch|p1a: Toxapex|Toxapex, L50, F|100/100
|turn|9
|
|t:|1782333851
|move|p1b: Sneasler|Close Combat|p2b: Vileplume
|-resisted|p2b: Vileplume|1
|-damage|p2b: Vileplume|16/100
|-unboost|p1b: Sneasler|def|1
|-unboost|p1b: Sneasler|spd|1
|move|p2b: Vileplume|Energy Ball|p1a: Toxapex
|-damage|p1a: Toxapex|78/100
|move|p1a: Toxapex|Infestation|p2b: Vileplume
|-damage|p2b: Vileplume|12/100
|-activate|p2b: Vileplume|move: Infestation|[of] p1a: Toxapex
|
|-heal|p1a: Toxapex|84/100|[from] item: Leftovers
|-damage|p2b: Vileplume|0 fnt|[from] move: Infestation|[partiallytrapped]
|faint|p2b: Vileplume
|
|win|Togie Schwarzer
|raw|Togie Schwarzer's rating: 1102 → 1120(+18 for winning)
|raw|gluttorn's rating: 1000 → 1000(+0 for losing)
|c|☆Togie Schwarzer|ggs man
