|j|☆Togepi Trinity
|j|☆DilluVGC
|html|Togepi TrinityDilluVGC    
|uhtml|bestof|Game 1 of a best-of-3
|t:|1784743837
|gametype|doubles
|player|p1|Togepi Trinity|unknown|
|player|p2|DilluVGC|blaine|
|gen|9
|tier|[Gen 9 Champions] VGC 2026 Reg M-B (Bo3)
|rule|Species Clause: Limit one of each Pokémon
|rule|Item Clause: Limit 1 of each item
|clearpoke
|poke|p1|Sinistcha, L50|
|poke|p1|Incineroar, L50, F|
|poke|p1|Milotic, L50, F|
|poke|p1|Raichu, L50, F|
|poke|p1|Floette-Eternal, L50, F|
|poke|p1|Ceruledge, L50, M|
|poke|p2|Tyranitar, L50, F|
|poke|p2|Excadrill, L50, M|
|poke|p2|Milotic, L50, F|
|poke|p2|Gholdengo, L50|
|poke|p2|Sinistcha-Masterpiece, L50|
|poke|p2|Staraptor, L50, M|
|teampreview|4
|showteam|p1|Sinistcha||KasibBerry|Hospitality|MatchaGotcha,LifeDew,RagePowder,Protect|Relaxed|||||50|]Incineroar||SitrusBerry|Intimidate|FlareBlitz,ThroatChop,FakeOut,PartingShot|Impish||F|||50|]Milotic||Leftovers|Competitive|MuddyWater,Coil,Hypnosis,Protect|Calm||F|||50|]Raichu||RaichuniteY|LightningRod|ZapCannon,FocusBlast,FakeOut,Protect|Timid||F|||50|]Floette-Eternal||Floettite|FlowerVeil|Protect,DazzlingGleam,DrainingKiss,CalmMind|Timid||F|||50|]Ceruledge||ColburBerry|FlashFire|BitterBlade,ShadowSneak,BulkUp,Protect|Adamant||M|||50|
|showteam|p2|Tyranitar||Tyranitarite|SandStream|KnockOff,RockSlide,HighHorsepower,Protect|Jolly||F|||50|]Excadrill||FocusSash|SandRush|Earthquake,IronHead,RockSlide,Protect|Jolly||M|||50|]Milotic||SitrusBerry|Competitive|Scald,IcyWind,Haze,Protect|Calm||F|||50|]Gholdengo||LifeOrb|GoodasGold|MakeItRain,ShadowBall,NastyPlot,Protect|Modest|||||50|]Sinistcha-Masterpiece||ColburBerry|Hospitality|MatchaGotcha,ShadowBall,Protect,RagePowder|Bold|||||50|]Staraptor||Staraptite|Intimidate|CloseCombat,BraveBird,Tailwind,Protect|Jolly||M|||50|
|c|☆DilluVGC|glhf!
|c|☆Togepi Trinity|u2
|
|t:|1784743865
|teamsize|p1|4
|teamsize|p2|4
|start
|switch|p1a: Raichu|Raichu, L50, F|100/100
|switch|p1b: Milotic|Milotic, L50, F|100/100
|switch|p2a: Notorious T|Tyranitar, L50, F|100/100
|switch|p2b: Diggie Smalls|Excadrill, L50, M|100/100
|-weather|Sandstorm|[from] ability: Sand Stream|[of] p2a: Notorious T
|turn|1
|
|t:|1784743888
|detailschange|p1a: Raichu|Raichu-Mega-Y, L50, F
|-mega|p1a: Raichu|Raichu|Raichunite Y
|move|p2b: Diggie Smalls|Protect|p2b: Diggie Smalls
|-singleturn|p2b: Diggie Smalls|Protect
|move|p2a: Notorious T|Protect|p2a: Notorious T
|-singleturn|p2a: Notorious T|Protect
|move|p1a: Raichu|Fake Out|p2b: Diggie Smalls
|-activate|p2b: Diggie Smalls|move: Protect
|move|p1b: Milotic|Coil|p1b: Milotic
|-boost|p1b: Milotic|atk|1
|-boost|p1b: Milotic|def|1
|-boost|p1b: Milotic|accuracy|1
|
|-weather|Sandstorm|[upkeep]
|-damage|p1a: Raichu|93/100|[from] Sandstorm
|-damage|p1b: Milotic|94/100|[from] Sandstorm
|-heal|p1b: Milotic|100/100|[from] item: Leftovers
|upkeep
|turn|2
|
|t:|1784743913
|switch|p1a: Incineroar|Incineroar, L50, F|100/100
|-ability|p1a: Incineroar|Intimidate|boost
|-unboost|p2a: Notorious T|atk|1
|-unboost|p2b: Diggie Smalls|atk|1
|switch|p2a: Missy Eeliott|Milotic, L50, F|100/100
|move|p2b: Diggie Smalls|Earthquake|p1a: Incineroar|[spread] p2a,p1a,p1b
|-supereffective|p1a: Incineroar|1
|-damage|p2a: Missy Eeliott|72/100
|-damage|p1a: Incineroar|50/100g
|-damage|p1b: Milotic|84/100
|move|p1b: Milotic|Muddy Water|p2b: Diggie Smalls|[spread] p2a,p2b
|-resisted|p2a: Missy Eeliott|1
|-supereffective|p2b: Diggie Smalls|1
|-damage|p2a: Missy Eeliott|65/100
|-damage|p2b: Diggie Smalls|37/100
|-unboost|p2a: Missy Eeliott|accuracy|1
|-ability|p2a: Missy Eeliott|Competitive|boost
|-boost|p2a: Missy Eeliott|spa|2
|
|-weather|Sandstorm|[upkeep]
|-damage|p2a: Missy Eeliott|59/100|[from] Sandstorm
|-damage|p1a: Incineroar|44/100|[from] Sandstorm
|-damage|p1b: Milotic|78/100|[from] Sandstorm
|-enditem|p1a: Incineroar|Sitrus Berry|[eat]
|-heal|p1a: Incineroar|69/100|[from] item: Sitrus Berry
|-heal|p1b: Milotic|84/100|[from] item: Leftovers
|upkeep
|turn|3
|
|t:|1784743936
|switch|p2b: Ice Tea Cube|Sinistcha-Masterpiece, L50|100/100
|-heal|p2a: Missy Eeliott|84/100|[from] ability: Hospitality|[of] p2b: Ice Tea Cube
|move|p1a: Incineroar|Fake Out|p2a: Missy Eeliott
|-damage|p2a: Missy Eeliott|73/100
|cant|p2a: Missy Eeliott|flinch
|move|p1b: Milotic|Muddy Water|p2b: Ice Tea Cube|[spread] p2a,p2b
|-resisted|p2a: Missy Eeliott|1
|-resisted|p2b: Ice Tea Cube|1
|-damage|p2a: Missy Eeliott|65/100
|-damage|p2b: Ice Tea Cube|89/100
|
|-weather|Sandstorm|[upkeep]
|-damage|p2a: Missy Eeliott|60/100|[from] Sandstorm
|-damage|p1a: Incineroar|63/100|[from] Sandstorm
|-damage|p1b: Milotic|78/100|[from] Sandstorm
|-damage|p2b: Ice Tea Cube|83/100|[from] Sandstorm
|-heal|p1b: Milotic|84/100|[from] item: Leftovers
|upkeep
|turn|4
|
|t:|1784743956
|move|p2a: Missy Eeliott|Scald|p1a: Incineroar
|-supereffective|p1a: Incineroar|1
|-damage|p1a: Incineroar|0 fnt
|faint|p1a: Incineroar
|move|p1b: Milotic|Hypnosis|p2a: Missy Eeliott
|-status|p2a: Missy Eeliott|slp|[from] move: Hypnosis
|move|p2b: Ice Tea Cube|Matcha Gotcha|p1b: Milotic
|-supereffective|p1b: Milotic|1
|-damage|p1b: Milotic|42/100
|-heal|p2b: Ice Tea Cube|100/100|[from] drain|[of] p1b: Milotic
|
|-weather|Sandstorm|[upkeep]
|-damage|p2a: Missy Eeliott|54/100 slp|[from] Sandstorm
|-damage|p1b: Milotic|36/100|[from] Sandstorm
|-damage|p2b: Ice Tea Cube|94/100|[from] Sandstorm
|-heal|p1b: Milotic|42/100|[from] item: Leftovers
|upkeep
|
|t:|1784743970
|switch|p1a: Sinistcha|Sinistcha, L50|100/100
|-heal|p1b: Milotic|66/100|[from] ability: Hospitality|[of] p1a: Sinistcha
|turn|5
|
|t:|1784743976
|cant|p2a: Missy Eeliott|slp
|move|p1b: Milotic|Hypnosis|p2b: Ice Tea Cube
|-status|p2b: Ice Tea Cube|slp|[from] move: Hypnosis
|cant|p2b: Ice Tea Cube|slp
|move|p1a: Sinistcha|Matcha Gotcha|p2a: Missy Eeliott|[spread] p2a,p2b
|-supereffective|p2a: Missy Eeliott|1
|-resisted|p2b: Ice Tea Cube|1
|-damage|p2a: Missy Eeliott|24/100 slp
|-damage|p2b: Ice Tea Cube|82/100 slp
|-enditem|p2a: Missy Eeliott|Sitrus Berry|[eat]
|-heal|p2a: Missy Eeliott|49/100 slp|[from] item: Sitrus Berry
|
|-weather|none
|-heal|p1b: Milotic|72/100|[from] item: Leftovers
|upkeep
|turn|6
|
|t:|1784743993
|-curestatus|p2a: Missy Eeliott|slp|[msg]
|move|p2a: Missy Eeliott|Haze|p2a: Missy Eeliott
|-clearallboost
|move|p1b: Milotic|Coil|p1b: Milotic
|-boost|p1b: Milotic|atk|1
|-boost|p1b: Milotic|def|1
|-boost|p1b: Milotic|accuracy|1
|-curestatus|p2b: Ice Tea Cube|slp|[msg]
|move|p2b: Ice Tea Cube|Shadow Ball|p1a: Sinistcha
|-supereffective|p1a: Sinistcha|1
|-enditem|p1a: Sinistcha|Kasib Berry|[eat]
|-enditem|p1a: Sinistcha|Kasib Berry|[weaken]
|-damage|p1a: Sinistcha|67/100
|move|p1a: Sinistcha|Matcha Gotcha|p2b: Ice Tea Cube|[spread] p2a,p2b
|-supereffective|p2a: Missy Eeliott|1
|-resisted|p2b: Ice Tea Cube|1
|-damage|p2a: Missy Eeliott|16/100
|-heal|p1a: Sinistcha|85/100|[from] drain|[of] p2a: Missy Eeliott
|-damage|p2b: Ice Tea Cube|69/100
|-heal|p1a: Sinistcha|91/100|[from] drain|[of] p2b: Ice Tea Cube
|-status|p2a: Missy Eeliott|brn
|
|-heal|p1b: Milotic|78/100|[from] item: Leftovers
|-damage|p2a: Missy Eeliott|11/100 brn|[from] brn
|upkeep
|turn|7
|
|t:|1784744020
|move|p2a: Missy Eeliott|Haze|p2a: Missy Eeliott
|-clearallboost
|move|p1b: Milotic|Muddy Water|p2a: Missy Eeliott|[spread] p2a,p2b
|-resisted|p2a: Missy Eeliott|1
|-resisted|p2b: Ice Tea Cube|1
|-damage|p2a: Missy Eeliott|3/100 brn
|-damage|p2b: Ice Tea Cube|58/100
|-unboost|p2a: Missy Eeliott|accuracy|1
|-ability|p2a: Missy Eeliott|Competitive|boost
|-boost|p2a: Missy Eeliott|spa|2
|-unboost|p2b: Ice Tea Cube|accuracy|1
|move|p2b: Ice Tea Cube|Shadow Ball|p1b: Milotic|[miss]
|-miss|p2b: Ice Tea Cube|p1b: Milotic
|move|p1a: Sinistcha|Life Dew|p1a: Sinistcha|[spread] p1a,p1b
|-heal|p1a: Sinistcha|100/100
|-heal|p1b: Milotic|100/100
|
|-damage|p2a: Missy Eeliott|0 fnt|[from] brn
|faint|p2a: Missy Eeliott
|upkeep
|
|t:|1784744039
|switch|p2a: Notorious T|Tyranitar, L50, F|100/100
|-weather|Sandstorm|[from] ability: Sand Stream|[of] p2a: Notorious T
|turn|8
|
|t:|1784744051
|switch|p1a: Raichu|Raichu-Mega-Y, L50, F|93/100
|detailschange|p2a: Notorious T|Tyranitar-Mega, L50, F
|-mega|p2a: Notorious T|Tyranitar|Tyranitarite
|move|p2a: Notorious T|Knock Off|p1b: Milotic
|-damage|p1b: Milotic|51/100
|-enditem|p1b: Milotic|Leftovers|[from] move: Knock Off|[of] p2a: Notorious T
|move|p1b: Milotic|Coil|p1b: Milotic
|-boost|p1b: Milotic|atk|1
|-boost|p1b: Milotic|def|1
|-boost|p1b: Milotic|accuracy|1
|move|p2b: Ice Tea Cube|Shadow Ball|p1a: Raichu
|-damage|p1a: Raichu|49/100
|-unboost|p1a: Raichu|spd|1
|
|-weather|Sandstorm|[upkeep]
|-damage|p1a: Raichu|43/100|[from] Sandstorm
|-damage|p1b: Milotic|46/100|[from] Sandstorm
|-damage|p2b: Ice Tea Cube|53/100|[from] Sandstorm
|upkeep
|turn|9
|
|t:|1784744083
|move|p2a: Notorious T|Protect|p2a: Notorious T
|-singleturn|p2a: Notorious T|Protect
|move|p1a: Raichu|Focus Blast|p2a: Notorious T
|-activate|p2a: Notorious T|move: Protect
|move|p1b: Milotic|Hypnosis|p2b: Ice Tea Cube|[miss]
|-miss|p1b: Milotic|p2b: Ice Tea Cube
|move|p2b: Ice Tea Cube|Shadow Ball|p1a: Raichu
|-damage|p1a: Raichu|0 fnt
|faint|p1a: Raichu
|
|-weather|Sandstorm|[upkeep]
|-damage|p1b: Milotic|40/100|[from] Sandstorm
|-damage|p2b: Ice Tea Cube|47/100|[from] Sandstorm
|upkeep
|
|t:|1784744092
|switch|p1a: Sinistcha|Sinistcha, L50|100/100
|-heal|p1b: Milotic|64/100|[from] ability: Hospitality|[of] p1a: Sinistcha
|turn|10
|
|t:|1784744106
|move|p1a: Sinistcha|Protect|p1a: Sinistcha
|-singleturn|p1a: Sinistcha|Protect
|move|p2a: Notorious T|Rock Slide|p1a: Sinistcha|[spread] p1b
|-activate|p1a: Sinistcha|move: Protect
|-crit|p1b: Milotic
|-damage|p1b: Milotic|22/100
|move|p1b: Milotic|Hypnosis|p2a: Notorious T
|-status|p2a: Notorious T|slp|[from] move: Hypnosis
|move|p2b: Ice Tea Cube|Shadow Ball|p1a: Sinistcha
|-activate|p1a: Sinistcha|move: Protect
|
|-weather|Sandstorm|[upkeep]
|-damage|p1b: Milotic|16/100|[from] Sandstorm
|-damage|p2b: Ice Tea Cube|41/100|[from] Sandstorm
|-damage|p1a: Sinistcha|93/100|[from] Sandstorm
|upkeep
|turn|11
|
|t:|1784744126
|cant|p2a: Notorious T|slp
|move|p1b: Milotic|Muddy Water|p2b: Ice Tea Cube|[spread] p2a,p2b
|-supereffective|p2a: Notorious T|1
|-resisted|p2b: Ice Tea Cube|1
|-damage|p2a: Notorious T|77/100 slp
|-damage|p2b: Ice Tea Cube|29/100
|-unboost|p2a: Notorious T|accuracy|1
|move|p2b: Ice Tea Cube|Matcha Gotcha|p1a: Sinistcha|[spread] p1a,p1b
|-resisted|p1a: Sinistcha|1
|-supereffective|p1b: Milotic|1
|-damage|p1a: Sinistcha|83/100
|-heal|p2b: Ice Tea Cube|34/100|[from] drain|[of] p1a: Sinistcha
|-damage|p1b: Milotic|0 fnt
|-heal|p2b: Ice Tea Cube|44/100|[from] drain|[of] p1b: Milotic
|-status|p1a: Sinistcha|brn
|faint|p1b: Milotic
|move|p1a: Sinistcha|Life Dew|p1a: Sinistcha
|-heal|p1a: Sinistcha|100/100 brn
|
|-weather|Sandstorm|[upkeep]
|-damage|p2b: Ice Tea Cube|38/100|[from] Sandstorm
|-damage|p1a: Sinistcha|93/100 brn|[from] Sandstorm
|-damage|p1a: Sinistcha|87/100 brn|[from] brn
|upkeep
|turn|12
|
|t:|1784744149
|-curestatus|p2a: Notorious T|slp|[msg]
|move|p2a: Notorious T|Knock Off|p1a: Sinistcha
|-supereffective|p1a: Sinistcha|1
|-damage|p1a: Sinistcha|26/100 brn
|move|p2b: Ice Tea Cube|Shadow Ball|p1a: Sinistcha
|-supereffective|p1a: Sinistcha|1
|-damage|p1a: Sinistcha|0 fnt
|faint|p1a: Sinistcha
|
|win|DilluVGC
||Togepi Trinity is ready for game 2.
|inactive|DilluVGC has 30 seconds to confirm battle start!
