|j|☆bellytelevision
|j|☆olafac
|html|bellytelevisionolafac    
|uhtml|bestof|Game 2 of a best-of-3
|t:|1782239973
|gametype|doubles
|player|p1|bellytelevision|biker|1000
|player|p2|olafac|cyrus|1000
|gen|9
|tier|[Gen 9 Champions] VGC 2026 Reg M-B (Bo3)
|rated|
|rule|Species Clause: Limit one of each Pokémon
|rule|Item Clause: Limit 1 of each item
|clearpoke
|poke|p1|Venusaur, L50, M, shiny|
|poke|p1|Swampert, L50, M|
|poke|p1|Sinistcha, L50|
|poke|p1|Pelipper, L50, F|
|poke|p1|Archaludon, L50, M, shiny|
|poke|p1|Sableye, L50, F, shiny|
|poke|p2|Blaziken, L50, M|
|poke|p2|Annihilape, L50, F|
|poke|p2|Incineroar, L50, M|
|poke|p2|Sylveon, L50, M|
|poke|p2|Metagross, L50|
|poke|p2|Sinistcha, L50|
|teampreview|4
|showteam|p1|Venusaur||Venusaurite|Chlorophyll|GigaDrain,SludgeBomb,Protect,EarthPower|Modest||M|||50|]Swampert||Swampertite|Torrent|WaveCrash,IcePunch,HighHorsepower,Protect|Adamant||M|||50|]Sinistcha||CobaBerry|Hospitality|RagePowder,MatchaGotcha,LifeDew,TrickRoom|Sassy|||||50|]Pelipper||SitrusBerry|Drizzle|Tailwind,Hurricane,WeatherBall,WideGuard|Bold||F|||50|]Archaludon||Leftovers|Stamina|ElectroShot,FlashCannon,DragonPulse,Protect|Modest||M|||50|]Sableye||LightClay|Prankster|RainDance,Reflect,LightScreen,WillOWisp|Sassy||F|||50|
|showteam|p2|Blaziken||Blazikenite|SpeedBoost|Protect,SwordsDance,CloseCombat,FlareBlitz|Adamant||M|||50|]Annihilape||LifeOrb|Defiant|RageFist,DrainPunch,BulkUp,Protect|Jolly||F|||50|]Incineroar||SitrusBerry|Intimidate|FakeOut,DarkestLariat,FlareBlitz,PartingShot|Adamant||M|||50|]Sylveon||FairyFeather|Pixilate|HyperVoice,HyperBeam,CalmMind,Protect|Modest||M|||50|]Metagross||Metagrossite|ClearBody|PsychicFangs,BodyPress,IronHead,Protect|Jolly|||||50|]Sinistcha||Leftovers|Hospitality|MatchaGotcha,ShadowBall,LifeDew,CalmMind|Modest|||||50|
|c|☆olafac|gg
|
|t:|1782240001
|teamsize|p1|4
|teamsize|p2|4
|start
|switch|p1a: Sableye|Sableye, L50, F, shiny|100/100
|switch|p1b: Venusaur|Venusaur, L50, M, shiny|100/100
|switch|p2a: Sylveon|Sylveon, L50, M|100/100
|switch|p2b: Incineroar|Incineroar, L50, M|100/100
|-ability|p2b: Incineroar|Intimidate|boost
|-unboost|p1a: Sableye|atk|1
|-unboost|p1b: Venusaur|atk|1
|turn|1
|
|t:|1782240024
|move|p1b: Venusaur|Protect|p1b: Venusaur
|-singleturn|p1b: Venusaur|Protect
|move|p2b: Incineroar|Fake Out|p1b: Venusaur
|-activate|p1b: Venusaur|move: Protect
|move|p1a: Sableye|Light Screen|p1a: Sableye
|-sidestart|p1: bellytelevision|move: Light Screen
|move|p2a: Sylveon|Hyper Beam|p1a: Sableye
|-supereffective|p1a: Sableye|1
|-damage|p1a: Sableye|0 fnt
|-mustrecharge|p2a: Sylveon
|faint|p1a: Sableye
|
|upkeep
|
|t:|1782240038
|switch|p1a: Archaludon|Archaludon, L50, M, shiny|100/100
|turn|2
|
|t:|1782240049
|detailschange|p1b: Venusaur|Venusaur-Mega, L50, M, shiny
|-mega|p1b: Venusaur|Venusaur|Venusaurite
|move|p1a: Archaludon|Electro Shot||[still]
|-prepare|p1a: Archaludon|Electro Shot
|-boost|p1a: Archaludon|spa|1
|move|p1b: Venusaur|Sludge Bomb|p2a: Sylveon
|-supereffective|p2a: Sylveon|1
|-damage|p2a: Sylveon|31/100
|move|p2b: Incineroar|Flare Blitz|p1a: Archaludon
|-damage|p1a: Archaludon|53/100
|-ability|p1a: Archaludon|Stamina|boost
|-boost|p1a: Archaludon|def|1
|-damage|p2b: Incineroar|85/100|[from] Recoil
|cant|p2a: Sylveon|recharge
|
|-heal|p1a: Archaludon|59/100|[from] item: Leftovers
|upkeep
|turn|3
|
|t:|1782240075
|switch|p1b: Sinistcha|Sinistcha, L50|100/100
|-heal|p1a: Archaludon|84/100|[from] ability: Hospitality|[of] p1b: Sinistcha
|move|p1a: Archaludon|Electro Shot|p2a: Sylveon|[from] lockedmove
|-damage|p2a: Sylveon|0 fnt
|faint|p2a: Sylveon
|move|p2b: Incineroar|Flare Blitz|p1b: Sinistcha
|-supereffective|p1b: Sinistcha|1
|-damage|p1b: Sinistcha|0 fnt
|faint|p1b: Sinistcha
|-damage|p2b: Incineroar|56/100|[from] Recoil
|
|-heal|p1a: Archaludon|90/100|[from] item: Leftovers
|upkeep
|
|t:|1782240089
|switch|p1b: Venusaur|Venusaur-Mega, L50, M, shiny|100/100
|switch|p2a: Metagross|Metagross, L50|100/100
|turn|4
|
|t:|1782240123
|detailschange|p2a: Metagross|Metagross-Mega, L50
|-mega|p2a: Metagross|Metagross|Metagrossite
|move|p1b: Venusaur|Protect|p1b: Venusaur
|-singleturn|p1b: Venusaur|Protect
|move|p2a: Metagross|Psychic Fangs|p1b: Venusaur
|-activate|p1b: Venusaur|move: Protect
|move|p1a: Archaludon|Electro Shot||[still]
|-prepare|p1a: Archaludon|Electro Shot
|-boost|p1a: Archaludon|spa|1
|move|p2b: Incineroar|Parting Shot|p1a: Archaludon
|-unboost|p1a: Archaludon|atk|1
|-unboost|p1a: Archaludon|spa|1
|
|t:|1782240126
|switch|p2b: Sinistcha|Sinistcha, L50|100/100|[from] Parting Shot
|
|-heal|p1a: Archaludon|96/100|[from] item: Leftovers
|upkeep
|turn|5
|
|t:|1782240140
|move|p2a: Metagross|Psychic Fangs|p1b: Venusaur
|-sideend|p1: bellytelevision|move: Light Screen
|-supereffective|p1b: Venusaur|1
|-damage|p1b: Venusaur|0 fnt
|faint|p1b: Venusaur
|move|p1a: Archaludon|Electro Shot|p2a: Metagross|[from] lockedmove
|-damage|p2a: Metagross|42/100
|move|p2b: Sinistcha|Calm Mind|p2b: Sinistcha
|-boost|p2b: Sinistcha|spa|1
|-boost|p2b: Sinistcha|spd|1
|
|-heal|p1a: Archaludon|100/100|[from] item: Leftovers
|upkeep
|turn|6
|
|t:|1782240155
|move|p2a: Metagross|Protect|p2a: Metagross
|-singleturn|p2a: Metagross|Protect
|move|p1a: Archaludon|Flash Cannon|p2a: Metagross
|-activate|p2a: Metagross|move: Protect
|move|p2b: Sinistcha|Life Dew||[still]|[spread] p2a,p2b
|-heal|p2a: Metagross|66/100
|-fail|p2b: Sinistcha|heal
|
|upkeep
|turn|7
|-message|bellytelevision forfeited.
|
|win|olafac
|l|☆bellytelevision
|player|p1|
||olafac is ready for game 3.
||bellytelevision is ready for game 3.
|uhtml|next|Next: Game 3 of 3
|l|☆olafac
|player|p2|
|j|☆bellytelevision
|player|p1|bellytelevision|biker|
