|j|‽Malgooee
|j|☆Chocokoala VGC
|html|MalgooeeChocokoala VGC    
|uhtml|bestof|Game 2 of a best-of-3
|t:|1757831794
|gametype|doubles
|player|p1|Malgooee|102|1098
|player|p2|Chocokoala VGC|aaron|1104
|gen|9
|tier|[Gen 9] VGC 2025 Reg H (Bo3)
|rated|
|rule|Species Clause: Limit one of each Pokémon
|rule|Item Clause: Limit 1 of each item
|clearpoke
|poke|p1|Gothitelle, L50, M|
|poke|p1|Archaludon, L50, M|
|poke|p1|Amoonguss, L50, F|
|poke|p1|Politoed, L50, M|
|poke|p1|Sneasler, L50, M|
|poke|p1|Thwackey, L50, M|
|poke|p2|Sneasler, L50, F|
|poke|p2|Garchomp, L50, M|
|poke|p2|Kilowattrel, L50, M|
|poke|p2|Indeedee, L50, M|
|poke|p2|Gastrodon-East, L50, M|
|poke|p2|Armarouge, L50, M|
|teampreview|4
|showteam|p1|Gothitelle||Leftovers|ShadowTag|TrickRoom,FakeOut,Protect,Taunt|||M|||50|,,,,,Grass]Archaludon||AssaultVest|Stamina|BodyPress,DracoMeteor,ElectroShot,FlashCannon|||M|||50|,,,,,Electric]Amoonguss||RockyHelmet|Regenerator|Spore,Protect,RagePowder,PollenPuff|||F|||50|,,,,,Dark]Politoed||SitrusBerry|Drizzle|PerishSong,Protect,Encore,WeatherBall|||M|||50|,,,,,Grass]Sneasler||GrassySeed|Unburden|CloseCombat,DireClaw,Coaching,Protect|||M|||50|,,,,,Bug]Thwackey||Eviolite|GrassySurge|Protect,FakeOut,WoodHammer,KnockOff|||M|||50|,,,,,Dark
|showteam|p2|Sneasler||PsychicSeed|Unburden|Acrobatics,CloseCombat,DireClaw,Protect|||F|||50|,,,,,Flying]Garchomp||LifeOrb|RoughSkin|Earthquake,StompingTantrum,DragonClaw,Protect|||M|||50|,,,,,Steel]Kilowattrel||FocusSash|Competitive|Tailwind,Protect,Discharge,AirSlash|||M|||50|,,,,,Ghost]Indeedee||SafetyGoggles|PsychicSurge|ExpandingForce,TrickRoom,Imprison,Protect|||M|||50|,,,,,Psychic]Gastrodon-East||Leftovers|StormDrain|ClearSmog,IceBeam,EarthPower,Protect|||M|||50|,,,,,Fairy]Armarouge||MindPlate|FlashFire|ExpandingForce,Protect,WideGuard,ArmorCannon|||M|||50|,,,,,Grass
|inactive|Battle timer is ON: inactive players will automatically lose when time's up. (requested by Malgooee)
|inactive|Chocokoala VGC also wants the timer to be on.
|inactive|Malgooee has 60 seconds left.
|inactive|Malgooee has 30 seconds left.
|
|t:|1757831857
|teamsize|p1|4
|teamsize|p2|4
|start
|switch|p1a: Gothitelle|Gothitelle, L50, M|100/100
|switch|p1b: Politoed|Politoed, L50, M|100/100
|switch|p2a: Kilowattrel|Kilowattrel, L50, M|100/100
|switch|p2b: Garchomp|Garchomp, L50, M|100/100
|-weather|RainDance|[from] ability: Drizzle|[of] p1b: Politoed
|turn|1
|inactive|Malgooee has 30 seconds left.
|inactive|Malgooee has 20 seconds left.
|
|t:|1757831896
|-terastallize|p2a: Kilowattrel|Ghost
|move|p1a: Gothitelle|Fake Out|p2b: Garchomp
|-damage|p2b: Garchomp|94/100
|-damage|p1a: Gothitelle|88/100|[from] ability: Rough Skin|[of] p2b: Garchomp
|move|p2a: Kilowattrel|Discharge|p1b: Politoed|[spread] p1a,p1b
|-immune|p2b: Garchomp
|-supereffective|p1b: Politoed
|-damage|p1a: Gothitelle|67/100
|-damage|p1b: Politoed|57/100
|-status|p1a: Gothitelle|par
|cant|p2b: Garchomp|flinch
|move|p1b: Politoed|Perish Song|p1b: Politoed
|-start|p1a: Gothitelle|perish3|[silent]
|-start|p1b: Politoed|perish3|[silent]
|-start|p2a: Kilowattrel|perish3|[silent]
|-start|p2b: Garchomp|perish3|[silent]
|-fieldactivate|move: Perish Song
|
|-weather|RainDance|[upkeep]
|-heal|p1a: Gothitelle|73/100 par|[from] item: Leftovers
|-start|p2a: Kilowattrel|perish3
|-start|p2b: Garchomp|perish3
|-start|p1b: Politoed|perish3
|-start|p1a: Gothitelle|perish3
|upkeep
|turn|2
|inactive|Malgooee has 30 seconds left.
|inactive|Malgooee has 20 seconds left.
|
|t:|1757831933
|switch|p1b: Thwackey|Thwackey, L50, M, shiny|100/100
|-fieldstart|move: Grassy Terrain|[from] ability: Grassy Surge|[of] p1b: Thwackey
|move|p1a: Gothitelle|Protect|p1a: Gothitelle
|-singleturn|p1a: Gothitelle|Protect
|move|p2a: Kilowattrel|Discharge|p1b: Thwackey|[spread] p1b
|-activate|p1a: Gothitelle|move: Protect
|-immune|p2b: Garchomp
|-resisted|p1b: Thwackey
|-damage|p1b: Thwackey|89/100
|move|p2b: Garchomp|Dragon Claw|p1b: Thwackey
|-damage|p1b: Thwackey|46/100
|-damage|p2b: Garchomp|84/100|[from] item: Life Orb
|
|-weather|RainDance|[upkeep]
|-heal|p2b: Garchomp|90/100|[from] Grassy Terrain
|-heal|p1b: Thwackey|53/100|[from] Grassy Terrain
|-heal|p1a: Gothitelle|80/100 par|[from] Grassy Terrain
|-heal|p1a: Gothitelle|86/100 par|[from] item: Leftovers
|-start|p2a: Kilowattrel|perish2
|-start|p2b: Garchomp|perish2
|-start|p1a: Gothitelle|perish2
|upkeep
|turn|3
|inactive|Malgooee has 30 seconds left.
|
|t:|1757831962
|switch|p2a: Indeedee|Indeedee, L50, M|100/100
|-fieldstart|move: Psychic Terrain|[from] ability: Psychic Surge|[of] p2a: Indeedee
|move|p1b: Thwackey|Fake Out|p2b: Garchomp
|-activate|p2b: Garchomp|move: Psychic Terrain
|move|p2b: Garchomp|Dragon Claw|p1a: Gothitelle
|-damage|p1a: Gothitelle|37/100 par
|-damage|p2b: Garchomp|80/100|[from] item: Life Orb
|move|p1a: Gothitelle|Trick Room|p1a: Gothitelle
|-fieldstart|move: Trick Room|[of] p1a: Gothitelle
|
|-weather|RainDance|[upkeep]
|-heal|p1a: Gothitelle|43/100 par|[from] item: Leftovers
|-start|p1a: Gothitelle|perish1
|-start|p2b: Garchomp|perish1
|upkeep
|turn|4
|inactive|Malgooee has 30 seconds left.
|inactive|Malgooee has 20 seconds left.
|inactive|Malgooee has 15 seconds left.
|
|t:|1757832003
|switch|p1a: Politoed|Politoed, L50, M|57/100
|move|p1b: Thwackey|Protect|p1b: Thwackey
|-singleturn|p1b: Thwackey|Protect
|move|p2b: Garchomp|Dragon Claw|p1a: Politoed
|-damage|p1a: Politoed|1/100
|-enditem|p1a: Politoed|Sitrus Berry|[eat]
|-heal|p1a: Politoed|26/100|[from] item: Sitrus Berry
|-damage|p2b: Garchomp|70/100|[from] item: Life Orb
|move|p2a: Indeedee|Trick Room|p2a: Indeedee
|-fieldend|move: Trick Room
|
|-weather|RainDance|[upkeep]
|-start|p2b: Garchomp|perish0
|faint|p2b: Garchomp
|upkeep
|
|t:|1757832009
|switch|p2b: Sneasler|Sneasler, L50, F|100/100
|-enditem|p2b: Sneasler|Psychic Seed
|-boost|p2b: Sneasler|spd|1|[from] item: Psychic Seed
|turn|5
|
|t:|1757832027
|switch|p1b: Gothitelle|Gothitelle, L50, M|43/100 par
|move|p1a: Politoed|Protect|p1a: Politoed
|-singleturn|p1a: Politoed|Protect
|move|p2b: Sneasler|Acrobatics|p1b: Gothitelle
|-damage|p1b: Gothitelle|11/100 par
|move|p2a: Indeedee|Expanding Force|p1a: Politoed|[spread] p1b
|-activate|p1a: Politoed|move: Protect
|-resisted|p1b: Gothitelle
|-damage|p1b: Gothitelle|0 fnt
|faint|p1b: Gothitelle
|
|-weather|none
|upkeep
|
|t:|1757832045
|switch|p1b: Thwackey|Thwackey, L50, M, shiny|53/100
|-fieldstart|move: Grassy Terrain|[from] ability: Grassy Surge|[of] p1b: Thwackey
|turn|6
|inactive|Malgooee has 30 seconds left.
|
|t:|1757832073
|switch|p2a: Kilowattrel|Kilowattrel, L50, M, tera:Ghost|100/100
|switch|p1a: Archaludon|Archaludon, L50, M|100/100
|-terastallize|p1b: Thwackey|Dark
|move|p2b: Sneasler|Acrobatics|p1a: Archaludon
|-resisted|p1a: Archaludon
|-damage|p1a: Archaludon|87/100
|-ability|p1a: Archaludon|Stamina|boost
|-boost|p1a: Archaludon|def|1
|move|p1b: Thwackey|Knock Off|p2a: Kilowattrel
|-supereffective|p2a: Kilowattrel
|-enditem|p2a: Kilowattrel|Focus Sash
|-damage|p2a: Kilowattrel|1/100
|
|-heal|p2a: Kilowattrel|7/100|[from] Grassy Terrain
|-heal|p1b: Thwackey|59/100|[from] Grassy Terrain
|-heal|p1a: Archaludon|93/100|[from] Grassy Terrain
|upkeep
|turn|7
|inactive|Malgooee has 30 seconds left.
|inactive|Malgooee has 20 seconds left.
|
|t:|1757832110
|switch|p1b: Politoed|Politoed, L50, M|26/100
|-weather|RainDance|[from] ability: Drizzle|[of] p1b: Politoed
|move|p2b: Sneasler|Close Combat|p1a: Archaludon
|-supereffective|p1a: Archaludon
|-damage|p1a: Archaludon|41/100
|-unboost|p2b: Sneasler|def|1
|-unboost|p2b: Sneasler|spd|1
|-ability|p1a: Archaludon|Stamina|boost
|-boost|p1a: Archaludon|def|1
|move|p2a: Kilowattrel|Air Slash|p1b: Politoed
|-damage|p1b: Politoed|0 fnt
|faint|p1b: Politoed
|move|p1a: Archaludon|Electro Shot||[still]
|-prepare|p1a: Archaludon|Electro Shot
|-boost|p1a: Archaludon|spa|1
|-anim|p1a: Archaludon|Electro Shot|p2b: Sneasler
|-damage|p2b: Sneasler|26/100
|
|-weather|RainDance|[upkeep]
|-heal|p2b: Sneasler|32/100|[from] Grassy Terrain
|-heal|p2a: Kilowattrel|14/100|[from] Grassy Terrain
|-heal|p1a: Archaludon|47/100|[from] Grassy Terrain
|upkeep
|
|t:|1757832131
|switch|p1b: Thwackey|Thwackey, L50, M, shiny, tera:Dark|59/100
|turn|8
|
|t:|1757832144
|switch|p2a: Indeedee|Indeedee, L50, M|100/100
|-fieldstart|move: Psychic Terrain|[from] ability: Psychic Surge|[of] p2a: Indeedee
|move|p2b: Sneasler|Close Combat|p1a: Archaludon
|-supereffective|p1a: Archaludon
|-damage|p1a: Archaludon|6/100
|-unboost|p2b: Sneasler|def|1
|-unboost|p2b: Sneasler|spd|1
|-ability|p1a: Archaludon|Stamina|boost
|-boost|p1a: Archaludon|def|1
|move|p1b: Thwackey|Knock Off|p2a: Indeedee
|-supereffective|p2a: Indeedee
|-damage|p2a: Indeedee|0 fnt
|-enditem|p2a: Indeedee|Safety Goggles|[from] move: Knock Off|[of] p1b: Thwackey
|faint|p2a: Indeedee
|move|p1a: Archaludon|Electro Shot||[still]
|-prepare|p1a: Archaludon|Electro Shot
|-boost|p1a: Archaludon|spa|1
|-anim|p1a: Archaludon|Electro Shot|p2b: Sneasler
|-damage|p2b: Sneasler|0 fnt
|faint|p2b: Sneasler
|
|-weather|RainDance|[upkeep]
|upkeep
|
|t:|1757832158
|switch|p2b: Kilowattrel|Kilowattrel, L50, M, tera:Ghost|14/100
|turn|9
|inactive|Malgooee has 30 seconds left.
|
|t:|1757832184
|move|p2b: Kilowattrel|Discharge|p1b: Thwackey|[spread] p1a,p1b
|-resisted|p1a: Archaludon
|-damage|p1a: Archaludon|0 fnt
|-damage|p1b: Thwackey|36/100
|faint|p1a: Archaludon
|move|p1b: Thwackey|Knock Off|p2b: Kilowattrel
|-supereffective|p2b: Kilowattrel
|-damage|p2b: Kilowattrel|0 fnt
|faint|p2b: Kilowattrel
|
|win|Malgooee
||Chocokoala VGC is ready for game 3.
|inactive|Malgooee has 30 seconds to confirm battle start!
|l|☆Chocokoala VGC
|player|p2|
|inactive|Malgooee has 20 seconds to confirm battle start!
|n|☆Malgooee|malgooee
||Malgooee is ready for game 3.
|uhtml|next|Next: Game 3 of 3
|j|☆Chocokoala VGC
|player|p2|Chocokoala VGC|aaron|
