|j|☆old fisherman ned
|j|☆TheGayOneVGC
|html|old fisherman nedTheGayOneVGC    
|uhtml|bestof|Game 2 of a best-of-3
|t:|1786159235
|gametype|doubles
|player|p1|old fisherman ned|fisherman|1124
|player|p2|TheGayOneVGC|1|1041
|gen|9
|tier|[Gen 9 Champions] VGC 2026 Reg M-B (Bo3)
|rated|
|rule|Species Clause: Limit one of each Pokémon
|rule|Item Clause: Limit 1 of each item
|clearpoke
|poke|p1|Incineroar, L50, F|
|poke|p1|Raichu, L50, M|
|poke|p1|Aerodactyl, L50, F|
|poke|p1|Palafin, L50, M|
|poke|p1|Mamoswine, L50, M|
|poke|p1|Sableye, L50, F|
|poke|p2|Sinistcha, L50|
|poke|p2|Staraptor, L50, F|
|poke|p2|Talonflame, L50, M|
|poke|p2|Incineroar, L50, F|
|poke|p2|Garchomp, L50, M|
|poke|p2|Greninja, L50, M|
|teampreview|4
|showteam|p1|Incineroar||ChoiceScarf|Intimidate|FlareBlitz,PartingShot,CloseCombat,DarkestLariat|Jolly||F|||50|]Raichu||RaichuniteY|Static|FocusBlast,FakeOut,Protect,ZapCannon|Timid||M|||50|]Aerodactyl||Aerodactylite|Unnerve|DragonDance,RockSlide,Protect,Tailwind|Adamant||F|||50|]Palafin||ExpertBelt|ZerotoHero|FlipTurn,WaveCrash,ThroatChop,DrainPunch|Adamant||M|||50|]Mamoswine||FocusSash|Oblivious|IcicleCrash,HighHorsepower,IceShard,RockSlide|Adamant||M|||50|]Sableye||SitrusBerry|Prankster|FakeOut,Swagger,WillOWisp,Safeguard|Careful||F|||50|
|showteam|p2|Sinistcha||OccaBerry|Hospitality|ShadowBall,MatchaGotcha,LifeDew,RagePowder|Modest|||||50|]Staraptor||Staraptite|Intimidate|CloseCombat,Roost,Protect,BraveBird|Jolly||F|||50|]Talonflame||FocusSash|GaleWings|DualWingbeat,FeatherDance,Protect,Tailwind|Adamant||M|||50|]Incineroar||SitrusBerry|Intimidate|FakeOut,FlareBlitz,PartingShot,DarkestLariat|Adamant||F|||50|]Garchomp||WideLens|RoughSkin|RockSlide,DragonRush,Protect,Earthquake|Jolly||M|||50|]Greninja||Greninjite|Protean|WaterShuriken,IceBeam,Protect,SludgeWave|Modest||M|||50|
|inactive|Battle timer is ON: inactive players will automatically lose when time's up. (requested by old fisherman ned)
|
|t:|1786159264
|teamsize|p1|4
|teamsize|p2|4
|start
|switch|p1a: Sableye|Sableye, L50, F|100/100
|switch|p1b: Aerodactyl|Aerodactyl, L50, F|100/100
|switch|p2a: Garchomp|Garchomp, L50, M|100/100
|switch|p2b: Talonflame|Talonflame, L50, M|100/100
|-ability|p1b: Aerodactyl|Unnerve
|turn|1
|
|t:|1786159286
|detailschange|p1b: Aerodactyl|Aerodactyl-Mega, L50, F
|-mega|p1b: Aerodactyl|Aerodactyl|Aerodactylite
|move|p2b: Talonflame|Protect|p2b: Talonflame
|-singleturn|p2b: Talonflame|Protect
|move|p2a: Garchomp|Protect|p2a: Garchomp
|-singleturn|p2a: Garchomp|Protect
|move|p1a: Sableye|Fake Out|p2b: Talonflame
|-activate|p2b: Talonflame|move: Protect
|move|p1b: Aerodactyl|Rock Slide|p2a: Garchomp|[spread] 
|-activate|p2a: Garchomp|move: Protect
|-activate|p2b: Talonflame|move: Protect
|
|upkeep
|turn|2
|
|t:|1786159301
|move|p2b: Talonflame|Tailwind|p2b: Talonflame
|-sidestart|p2: TheGayOneVGC|move: Tailwind
|move|p1a: Sableye|Will-O-Wisp|p2a: Garchomp
|-status|p2a: Garchomp|brn
|move|p2a: Garchomp|Rock Slide|p1b: Aerodactyl|[spread] p1a,p1b
|-supereffective|p1b: Aerodactyl|1
|-damage|p1a: Sableye|86/100
|-damage|p1b: Aerodactyl|73/100
|cant|p1b: Aerodactyl|flinch
|
|-damage|p2a: Garchomp|94/100 brn|[from] brn
|upkeep
|turn|3
|
|t:|1786159318
|move|p2b: Talonflame|Feather Dance|p1b: Aerodactyl
|-unboost|p1b: Aerodactyl|atk|2
|move|p1a: Sableye|Safeguard|p1a: Sableye
|-sidestart|p1: old fisherman ned|Safeguard
|move|p2a: Garchomp|Rock Slide|p1a: Sableye|[spread] p1a,p1b
|-supereffective|p1b: Aerodactyl|1
|-damage|p1a: Sableye|72/100
|-damage|p1b: Aerodactyl|49/100
|cant|p1b: Aerodactyl|flinch
|
|-damage|p2a: Garchomp|88/100 brn|[from] brn
|upkeep
|turn|4
|
|t:|1786159332
|move|p2b: Talonflame|Dual Wingbeat|p1b: Aerodactyl
|-resisted|p1b: Aerodactyl|1
|-damage|p1b: Aerodactyl|38/100
|-resisted|p1b: Aerodactyl|1
|-damage|p1b: Aerodactyl|28/100
|-hitcount|p1b: Aerodactyl|2
|move|p1a: Sableye|Swagger|p1b: Aerodactyl|[miss]
|-miss|p1a: Sableye|p1b: Aerodactyl
|move|p2a: Garchomp|Rock Slide|p1a: Sableye|[spread] p1a,p1b
|-supereffective|p1b: Aerodactyl|1
|-damage|p1a: Sableye|59/100
|-damage|p1b: Aerodactyl|3/100
|cant|p1b: Aerodactyl|flinch
|
|-damage|p2a: Garchomp|82/100 brn|[from] brn
|upkeep
|turn|5
|inactive|old fisherman ned has 30 seconds left.
|
|t:|1786159363
|switch|p1b: Palafin|Palafin, L50, M|100/100
|move|p2b: Talonflame|Dual Wingbeat|p1a: Sableye
|-damage|p1a: Sableye|34/100
|-enditem|p1a: Sableye|Sitrus Berry|[eat]
|-heal|p1a: Sableye|59/100|[from] item: Sitrus Berry
|-damage|p1a: Sableye|34/100
|-hitcount|p1a: Sableye|2
|move|p1a: Sableye|Swagger|p2b: Talonflame
|-boost|p2b: Talonflame|atk|2
|-start|p2b: Talonflame|confusion
|move|p2a: Garchomp|Rock Slide|p1b: Palafin|[spread] p1a,p1b
|-damage|p1a: Sableye|21/100
|-damage|p1b: Palafin|87/100
|
|-damage|p2a: Garchomp|76/100 brn|[from] brn
|-sideend|p2: TheGayOneVGC|move: Tailwind
|upkeep
|turn|6
|
|t:|1786159385
|switch|p1a: Mamoswine|Mamoswine, L50, M|100/100
|-activate|p2b: Talonflame|confusion
|move|p2b: Talonflame|Feather Dance|p1b: Palafin
|-unboost|p1b: Palafin|atk|2
|move|p2a: Garchomp|Earthquake|p1b: Palafin|[spread] p1a,p1b
|-immune|p2b: Talonflame
|-damage|p1a: Mamoswine|75/100
|-damage|p1b: Palafin|61/100
|move|p1b: Palafin|Flip Turn|p2b: Talonflame
|-supereffective|p2b: Talonflame|1
|-damage|p2b: Talonflame|56/100
|
|t:|1786159406
|detailschange|p1b: Palafin|Palafin-Hero, L50, M
|switch|p1b: Sableye|Sableye, L50, F|21/100|[from] Flip Turn
|
|-damage|p2a: Garchomp|70/100 brn|[from] brn
|upkeep
|turn|7
|
|t:|1786159422
|-activate|p2b: Talonflame|confusion
|-damage|p2b: Talonflame|20/100y|[from] confusion
|move|p2a: Garchomp|Protect|p2a: Garchomp
|-singleturn|p2a: Garchomp|Protect
|move|p1a: Mamoswine|Ice Shard|p2a: Garchomp
|-activate|p2a: Garchomp|move: Protect
|move|p1b: Sableye|Swagger|p1a: Mamoswine
|-boost|p1a: Mamoswine|atk|2
|-activate|p1a: Mamoswine|move: Safeguard
|
|-damage|p2a: Garchomp|64/100 brn|[from] brn
|-sideend|p1: old fisherman ned|Safeguard
|upkeep
|turn|8
|inactive|TheGayOneVGC has 30 seconds left.
|inactive|old fisherman ned has 30 seconds left.
|
|t:|1786159456
|switch|p1b: Aerodactyl|Aerodactyl-Mega, L50, F|3/100
|-activate|p2b: Talonflame|confusion
|move|p2b: Talonflame|Dual Wingbeat|p1a: Mamoswine
|-damage|p1a: Mamoswine|39/100
|-damage|p1a: Mamoswine|0 fnt
|faint|p1a: Mamoswine
|-hitcount|p1: Mamoswine|2
|move|p2a: Garchomp|Earthquake|p1b: Aerodactyl|[spread] 
|-immune|p2b: Talonflame
|-immune|p1b: Aerodactyl
|
|-damage|p2a: Garchomp|58/100 brn|[from] brn
|upkeep
|
|t:|1786159468
|switch|p1a: Sableye|Sableye, L50, F|21/100
|turn|9
|
|t:|1786159477
|move|p2a: Garchomp|Protect|p2a: Garchomp
|-singleturn|p2a: Garchomp|Protect
|move|p1a: Sableye|Fake Out|p2b: Talonflame
|-damage|p2b: Talonflame|9/100
|move|p1b: Aerodactyl|Tailwind|p1b: Aerodactyl
|-sidestart|p1: old fisherman ned|move: Tailwind
|cant|p2b: Talonflame|flinch
|
|-damage|p2a: Garchomp|52/100 brn|[from] brn
|upkeep
|turn|10
|inactive|old fisherman ned has 30 seconds left.
|inactive|TheGayOneVGC has 30 seconds left.
|
|t:|1786159511
|move|p1b: Aerodactyl|Protect|p1b: Aerodactyl
|-singleturn|p1b: Aerodactyl|Protect
|move|p1a: Sableye|Safeguard|p1a: Sableye
|-sidestart|p1: old fisherman ned|Safeguard
|-end|p2b: Talonflame|confusion
|move|p2b: Talonflame|Tailwind|p2b: Talonflame
|-sidestart|p2: TheGayOneVGC|move: Tailwind
|move|p2a: Garchomp|Rock Slide|p1b: Aerodactyl|[spread] p1a
|-activate|p1b: Aerodactyl|move: Protect
|-damage|p1a: Sableye|8/100
|
|-damage|p2a: Garchomp|46/100 brn|[from] brn
|upkeep
|turn|11
|
|t:|1786159529
|move|p1a: Sableye|Swagger|p1b: Aerodactyl
|-boost|p1b: Aerodactyl|atk|2
|-activate|p1b: Aerodactyl|move: Safeguard
|move|p1b: Aerodactyl|Rock Slide|p2b: Talonflame|[spread] p2a,p2b
|-resisted|p2a: Garchomp|1
|-crit|p2a: Garchomp
|-supereffective|p2b: Talonflame|2
|-damage|p2a: Garchomp|0 fnt
|-damage|p2b: Talonflame|0 fnt
|faint|p2a: Garchomp
|faint|p2b: Talonflame
|
|upkeep
|
|t:|1786159538
|switch|p2b: Incineroar|Incineroar, L50, F|100/100
|switch|p2a: Greninja|Greninja, L50, M|100/100
|-ability|p2b: Incineroar|Intimidate|boost
|-unboost|p1a: Sableye|atk|1
|-unboost|p1b: Aerodactyl|atk|1
|turn|12
|inactive|old fisherman ned has 30 seconds left.
|inactive|TheGayOneVGC has 30 seconds left.
|inactive|old fisherman ned has 20 seconds left.
|inactive|TheGayOneVGC has 20 seconds left.
|inactive|old fisherman ned has 15 seconds left.
|inactive|TheGayOneVGC has 15 seconds left.
|
|t:|1786159581
|detailschange|p2a: Greninja|Greninja-Mega, L50, M
|-mega|p2a: Greninja|Greninja|Greninjite
|move|p1b: Aerodactyl|Protect|p1b: Aerodactyl
|-singleturn|p1b: Aerodactyl|Protect
|move|p2b: Incineroar|Fake Out|p1b: Aerodactyl
|-activate|p1b: Aerodactyl|move: Protect
|move|p2a: Greninja|Water Shuriken|p1a: Sableye
|-start|p2a: Greninja|typechange|Water|[from] ability: Protean
|-damage|p1a: Sableye|0 fnt
|faint|p1a: Sableye
|-hitcount|p1: Sableye|1
|
|-sideend|p1: old fisherman ned|move: Tailwind
|upkeep
|
|t:|1786159596
|switch|p1a: Palafin|Palafin-Hero, L50, M|61/100
|-activate|p1a: Palafin|ability: Zero to Hero
|turn|13
|
|t:|1786159612
|move|p1b: Aerodactyl|Protect||[still]
|-fail|p1b: Aerodactyl
|move|p2a: Greninja|Water Shuriken|p1b: Aerodactyl
|-supereffective|p1b: Aerodactyl|1
|-damage|p1b: Aerodactyl|0 fnt
|faint|p1b: Aerodactyl
|-hitcount|p1: Aerodactyl|1
|move|p2b: Incineroar|Parting Shot|p1a: Palafin
|-unboost|p1a: Palafin|atk|1
|-unboost|p1a: Palafin|spa|1
|move|p1a: Palafin|Drain Punch|p2b: Incineroar
|-supereffective|p2b: Incineroar|1
|-damage|p2b: Incineroar|55/100
|-heal|p1a: Palafin|87/100|[from] drain|[of] p2b: Incineroar
|
|-sideend|p2: TheGayOneVGC|move: Tailwind
|upkeep
|turn|14
|
|t:|1786159634
|move|p2a: Greninja|Sludge Wave|p1a: Palafin|[spread] p2b,p1a
|-damage|p2b: Incineroar|32/100
|-damage|p1a: Palafin|55/100
|-enditem|p2b: Incineroar|Sitrus Berry|[eat]
|-heal|p2b: Incineroar|57/100|[from] item: Sitrus Berry
|move|p1a: Palafin|Drain Punch|p2b: Incineroar
|-supereffective|p2b: Incineroar|1
|-damage|p2b: Incineroar|12/100
|-heal|p1a: Palafin|81/100|[from] drain|[of] p2b: Incineroar
|move|p2b: Incineroar|Darkest Lariat|p1a: Palafin
|-damage|p1a: Palafin|42/100
|
|-sideend|p1: old fisherman ned|Safeguard
|upkeep
|turn|15
|
|t:|1786159651
|move|p2a: Greninja|Sludge Wave|p1a: Palafin|[spread] p2b,p1a
|-damage|p2b: Incineroar|0 fnt
|-damage|p1a: Palafin|9/100
|faint|p2b: Incineroar
|move|p1a: Palafin|Drain Punch|p2a: Greninja
|-damage|p2a: Greninja|65/100
|-heal|p1a: Palafin|23/100|[from] drain|[of] p2a: Greninja
|
|upkeep
|turn|16
|
|t:|1786159662
|move|p2a: Greninja|Sludge Wave|p1a: Palafin
|-damage|p1a: Palafin|0 fnt
|faint|p1a: Palafin
|
|win|TheGayOneVGC
|raw|old fisherman ned's rating: 1124 → 1093(-31 for losing)
|raw|TheGayOneVGC's rating: 1041 → 1083(+42 for winning)
|l|☆old fisherman ned
|player|p1|
