|j|☆dont make me walk
|j|☆MiroKart 8 Deluxe
|html|dont make me walkMiroKart 8 Deluxe    
|uhtml|bestof|Game 3 of a best-of-3
|t:|1755867311
|gametype|doubles
|player|p1|dont make me walk|red-masters3|1369
|player|p2|MiroKart 8 Deluxe|101|1354
|gen|9
|tier|[Gen 9] VGC 2025 Reg H (Bo3)
|rated|
|rule|Species Clause: Limit one of each Pokémon
|rule|Item Clause: Limit 1 of each item
|clearpoke
|poke|p1|Murkrow, L50, F|
|poke|p1|Ursaluna-Bloodmoon, L50, M|
|poke|p1|Annihilape, L50, M|
|poke|p1|Sinistcha-Masterpiece, L50|
|poke|p1|Incineroar, L50, F|
|poke|p1|Gholdengo, L50|
|poke|p2|Rillaboom, L50, M|
|poke|p2|Kingambit, L50, F|
|poke|p2|Dragapult, L50, F|
|poke|p2|Sneasler, L50, F|
|poke|p2|Primarina, L50, F|
|poke|p2|Electabuzz, L50, F|
|teampreview|4
|showteam|p1|Murkrow||Eviolite|Prankster|Tailwind,FoulPlay,Haze,SunnyDay|||F|||50|,,,,,Ghost]Ursaluna-Bloodmoon||LifeOrb|MindsEye|Protect,EarthPower,HyperVoice,BloodMoon|||M|||50|,,,,,Normal]Annihilape||SafetyGoggles|Defiant|Protect,BulkUp,RageFist,DrainPunch|||M|||50|,,,,,Fire]Sinistcha-Masterpiece||RockyHelmet|Hospitality|MatchaGotcha,RagePowder,TrickRoom,StrengthSap||||||50|,,,,,Water]Incineroar||AssaultVest|Intimidate|FakeOut,KnockOff,FlareBlitz,Uturn|||F|||50|,,,,,Grass]Gholdengo||ChoiceSpecs|GoodasGold|MakeItRain,ShadowBall,Thunderbolt,Trick||||||50|,,,,,Steel
|showteam|p2|Rillaboom||AssaultVest|GrassySurge|FakeOut,GrassyGlide,WoodHammer,Uturn|||M|||50|,,,,,Fire]Kingambit||SafetyGoggles|Defiant|KowtowCleave,SuckerPunch,SwordsDance,Protect|||F|||50|,,,,,Dark]Dragapult||ChoiceBand|ClearBody|DragonDarts,Outrage,Uturn,PhantomForce|||F|||50|,,,,,Dragon]Sneasler||FocusSash|PoisonTouch|DireClaw,CloseCombat,FakeOut,Protect|||F|||50|,,,,,Stellar]Primarina||ThroatSpray|LiquidVoice|HyperVoice,Moonblast,Haze,Protect|||F|||50|,,,,,Poison]Electabuzz||Eviolite|VitalSpirit|FollowMe,Taunt,Electroweb,Protect|||F|||50|,,,,,Fairy
|inactive|Battle timer is ON: inactive players will automatically lose when time's up. (requested by dont make me walk)
|
|t:|1755867322
|teamsize|p1|4
|teamsize|p2|4
|start
|switch|p1a: Murkrow|Murkrow, L50, F, shiny|100/100
|switch|p1b: Ursaluna|Ursaluna-Bloodmoon, L50, M|100/100
|switch|p2a: Electabuzz|Electabuzz, L50, F|100/100
|switch|p2b: Primarina|Primarina, L50, F|100/100
|turn|1
|
|t:|1755867333
|-terastallize|p1b: Ursaluna|Normal
|move|p2b: Primarina|Protect|p2b: Primarina
|-singleturn|p2b: Primarina|Protect
|move|p1a: Murkrow|Tailwind|p1a: Murkrow
|-sidestart|p1: dont make me walk|move: Tailwind
|move|p1b: Ursaluna|Hyper Voice|p2a: Electabuzz|[spread] p2a
|-activate|p2b: Primarina|move: Protect
|-damage|p2a: Electabuzz|49/100
|-damage|p1b: Ursaluna|91/100|[from] item: Life Orb
|move|p2a: Electabuzz|Electroweb|p1a: Murkrow|[spread] p1a,p1b
|-supereffective|p1a: Murkrow
|-damage|p1a: Murkrow|68/100
|-damage|p1b: Ursaluna|73/100
|-unboost|p1a: Murkrow|spe|1
|-unboost|p1b: Ursaluna|spe|1
|
|upkeep
|turn|2
|
|t:|1755867343
|move|p2a: Electabuzz|Follow Me|p2a: Electabuzz
|-singleturn|p2a: Electabuzz|move: Follow Me
|move|p1a: Murkrow|Haze|p1a: Murkrow
|-clearallboost
|move|p1b: Ursaluna|Hyper Voice|p2b: Primarina|[spread] p2a,p2b
|-damage|p2a: Electabuzz|7/100
|-damage|p2b: Primarina|45/100
|-damage|p1b: Ursaluna|63/100|[from] item: Life Orb
|move|p2b: Primarina|Hyper Voice|p1a: Murkrow|[spread] p1a,p1b
|-crit|p1b: Ursaluna
|-damage|p1a: Murkrow|30/100
|-damage|p1b: Ursaluna|6/100
|-enditem|p2b: Primarina|Throat Spray
|-boost|p2b: Primarina|spa|1|[from] item: Throat Spray
|
|upkeep
|turn|3
|
|t:|1755867360
|switch|p1a: Annihilape|Annihilape, L50, M, shiny|100/100
|move|p1b: Ursaluna|Protect|p1b: Ursaluna
|-singleturn|p1b: Ursaluna|Protect
|move|p2b: Primarina|Protect|p2b: Primarina
|-singleturn|p2b: Primarina|Protect
|move|p2a: Electabuzz|Electroweb|p1b: Ursaluna|[spread] p1a
|-activate|p1b: Ursaluna|move: Protect
|-damage|p1a: Annihilape|88/100
|-unboost|p1a: Annihilape|spe|1
|-ability|p1a: Annihilape|Defiant|boost
|-boost|p1a: Annihilape|atk|2
|
|upkeep
|turn|4
|
|t:|1755867373
|move|p2a: Electabuzz|Protect|p2a: Electabuzz
|-singleturn|p2a: Electabuzz|Protect
|move|p1a: Annihilape|Bulk Up|p1a: Annihilape
|-boost|p1a: Annihilape|atk|1
|-boost|p1a: Annihilape|def|1
|move|p1b: Ursaluna|Hyper Voice|p2b: Primarina|[spread] p2b
|-activate|p2a: Electabuzz|move: Protect
|-damage|p2b: Primarina|0 fnt
|faint|p2b: Primarina
|-damage|p1b: Ursaluna|0 fnt|[from] item: Life Orb
|faint|p1b: Ursaluna
|
|-sideend|p1: dont make me walk|move: Tailwind
|upkeep
|
|t:|1755867376
|switch|p1b: Murkrow|Murkrow, L50, F, shiny|30/100
|switch|p2b: Kingambit|Kingambit, L50, F|100/100
|turn|5
|
|t:|1755867384
|move|p2a: Electabuzz|Follow Me|p2a: Electabuzz
|-singleturn|p2a: Electabuzz|move: Follow Me
|move|p1b: Murkrow|Foul Play|p2a: Electabuzz
|-crit|p2a: Electabuzz
|-damage|p2a: Electabuzz|0 fnt
|faint|p2a: Electabuzz
|move|p1a: Annihilape|Drain Punch|p2b: Kingambit
|-supereffective|p2b: Kingambit
|-damage|p2b: Kingambit|0 fnt
|-heal|p1a: Annihilape|100/100|[from] drain|[of] p2b: Kingambit
|faint|p2b: Kingambit
|
|upkeep
|
|t:|1755867388
|switch|p2b: Sneasler|Sneasler, L50, F|100/100
|turn|6
|l|☆MiroKart 8 Deluxe
|inactive|MiroKart 8 Deluxe disconnected and has a minute to reconnect!
|player|p2|
|inactive|MiroKart 8 Deluxe has 30 seconds left.
|inactive|MiroKart 8 Deluxe has 20 seconds left.
|inactive|MiroKart 8 Deluxe has 15 seconds left.
|inactive|MiroKart 8 Deluxe has 10 seconds left.
|inactive|MiroKart 8 Deluxe has 5 seconds left.
|-message|MiroKart 8 Deluxe lost due to inactivity.
|
|win|dont make me walk
|raw|dont make me walk's rating: 1369 → 1388(+19 for winning)
|raw|MiroKart 8 Deluxe's rating: 1354 → 1335(-19 for losing)
