|j|☆Drunk express
|j|☆25th_mang
|html|Drunk express25th_mang    
|uhtml|bestof|Game 1 of a best-of-3
|t:|1783473390
|gametype|doubles
|player|p1|Drunk express|170|1110
|player|p2|25th_mang|ballguy|1240
|gen|9
|tier|[Gen 9 Champions] VGC 2026 Reg M-B (Bo3)
|rated|
|rule|Species Clause: Limit one of each Pokémon
|rule|Item Clause: Limit 1 of each item
|clearpoke
|poke|p1|Tyranitar, L50, M|
|poke|p1|Pelipper, L50, M, shiny|
|poke|p1|Raichu, L50, M|
|poke|p1|Archaludon, L50, F|
|poke|p1|Abomasnow, L50, F|
|poke|p1|Ninetales-Alola, L50, F|
|poke|p2|Chandelure, L50, M|
|poke|p2|Garchomp, L50, F|
|poke|p2|Kingambit, L50, F|
|poke|p2|Tsareena, L50, F|
|poke|p2|Whimsicott, L50, M|
|poke|p2|Starmie, L50|
|teampreview|4
|showteam|p1|Tyranitar||Tyranitarite|Unnerve|DragonDance,RockSlide,Protect,KnockOff|Adamant||M|||50|]Pelipper||FocusSash|Drizzle|Tailwind,Hurricane,WeatherBall,WideGuard|Modest||M|||50|]Raichu||RaichuniteY|LightningRod|FakeOut,FocusBlast,ZapCannon,AlluringVoice|Timid||M|||50|]Archaludon||ShucaBerry|Stalwart|ElectroShot,DracoMeteor,Protect,FlashCannon|Modest||F|||50|]Abomasnow||Abomasite|SnowWarning|EarthPower,EnergyBall,WeatherBall,Protect|Calm||F|||50|]Ninetales-Alola||LightClay|SnowWarning|AuroraVeil,Protect,Moonblast,IcyWind|Timid||F|||50|
|showteam|p2|Chandelure||Chandelurite|FlashFire|HeatWave,ShadowBall,TrickRoom,Protect|Modest||M|||50|]Garchomp||LifeOrb|RoughSkin|StompingTantrum,DragonClaw,RockSlide,Protect|Jolly||F|||50|]Kingambit||ChopleBerry|Defiant|IronHead,SuckerPunch,LowKick,Protect|Adamant||F|||50|]Tsareena||WideLens|QueenlyMajesty|PowerWhip,TripleAxel,HelpingHand,Protect|Adamant||F|||50|]Whimsicott||FocusSash|Prankster|Moonblast,Tailwind,Encore,SunnyDay|Modest||M|||50|]Starmie||ChoiceScarf|NaturalCure|Scald,IcyWind,Psychic,Thunderbolt|Modest|||||50|
|j| Agent_999_999
|inactive|Battle timer is ON: inactive players will automatically lose when time's up. (requested by 25th_mang)
|l| Agent_999_999
|inactive|25th_mang has 60 seconds left.
|inactive|25th_mang has 30 seconds left.
|
|t:|1783473455
|teamsize|p1|4
|teamsize|p2|4
|start
|switch|p1a: Raichu|Raichu, L50, M|100/100
|switch|p1b: Archaludon|Archaludon, L50, F|100/100
|switch|p2a: Whimsicott|Whimsicott, L50, M|100/100
|switch|p2b: Chandelure|Chandelure, L50, M|100/100
|turn|1
|
|t:|1783473476
|detailschange|p2b: Chandelure|Chandelure-Mega, L50, M
|-mega|p2b: Chandelure|Chandelure|Chandelurite
|move|p1a: Raichu|Fake Out|p2a: Whimsicott
|-damage|p2a: Whimsicott|88/100
|cant|p2a: Whimsicott|flinch
|move|p1b: Archaludon|Flash Cannon|p2a: Whimsicott
|-supereffective|p2a: Whimsicott|1
|-damage|p2a: Whimsicott|0 fnt
|faint|p2a: Whimsicott
|move|p2b: Chandelure|Heat Wave|p1b: Archaludon|[spread] p1a,p1b
|-damage|p1a: Raichu|29/100
|-damage|p1b: Archaludon|21/100
|
|upkeep
|inactive|25th_mang has 30 seconds left.
|
|t:|1783473503
|switch|p2a: Garchomp|Garchomp, L50, F|100/100
|turn|2
|inactive|Drunk express has 30 seconds left.
|inactive|25th_mang has 30 seconds left.
|
|t:|1783473537
|detailschange|p1a: Raichu|Raichu-Mega-Y, L50, M
|-mega|p1a: Raichu|Raichu|Raichunite Y
|move|p1b: Archaludon|Protect|p1b: Archaludon
|-singleturn|p1b: Archaludon|Protect
|move|p1a: Raichu|Zap Cannon|p2b: Chandelure
|-damage|p2b: Chandelure|22/100
|-status|p2b: Chandelure|par
|move|p2a: Garchomp|Rock Slide|p1a: Raichu|[spread] p1a
|-activate|p1b: Archaludon|move: Protect
|-damage|p1a: Raichu|0 fnt
|faint|p1a: Raichu
|-damage|p2a: Garchomp|90/100|[from] item: Life Orb
|move|p2b: Chandelure|Shadow Ball|p1b: Archaludon
|-activate|p1b: Archaludon|move: Protect
|
|upkeep
|
|t:|1783473544
|switch|p1a: Ninetales|Ninetales-Alola, L50, F|100/100
|-weather|Snowscape|[from] ability: Snow Warning|[of] p1a: Ninetales
|turn|3
|
|t:|1783473561
|switch|p1b: Tyranitar|Tyranitar, L50, M|100/100
|-ability|p1b: Tyranitar|Unnerve
|move|p1a: Ninetales|Icy Wind|p2a: Garchomp|[spread] p2a,p2b
|-supereffective|p2a: Garchomp|2
|-resisted|p2b: Chandelure|1
|-damage|p2a: Garchomp|26/100
|-damage|p2b: Chandelure|14/100 par
|-unboost|p2a: Garchomp|spe|1
|-unboost|p2b: Chandelure|spe|1
|move|p2a: Garchomp|Rock Slide|p1b: Tyranitar|[spread] p1a,p1b
|-supereffective|p1a: Ninetales|1
|-damage|p1a: Ninetales|45/100
|-damage|p1b: Tyranitar|77/100
|-damage|p2a: Garchomp|17/100|[from] item: Life Orb
|move|p2b: Chandelure|Heat Wave|p1a: Ninetales|[spread] p1a,p1b
|-supereffective|p1a: Ninetales|1
|-resisted|p1b: Tyranitar|1
|-damage|p1a: Ninetales|0 fnt
|-damage|p1b: Tyranitar|56/100
|faint|p1a: Ninetales
|
|-weather|Snowscape|[upkeep]
|upkeep
|
|t:|1783473582
|switch|p1a: Archaludon|Archaludon, L50, F|21/100
|turn|4
|
|t:|1783473597
|switch|p2a: Tsareena|Tsareena, L50, F|100/100
|move|p1a: Archaludon|Flash Cannon|p2a: Tsareena
|-damage|p2a: Tsareena|50/100g
|move|p1b: Tyranitar|Rock Slide|p2b: Chandelure|[spread] p2a,p2b
|-supereffective|p2b: Chandelure|1
|-damage|p2a: Tsareena|13/100
|-damage|p2b: Chandelure|0 fnt
|faint|p2b: Chandelure
|
|-weather|Snowscape|[upkeep]
|upkeep
|
|t:|1783473606
|switch|p2b: Garchomp|Garchomp, L50, F|17/100
|turn|5
|
|t:|1783473619
|move|p2b: Garchomp|Stomping Tantrum|p1a: Archaludon
|-supereffective|p1a: Archaludon|1
|-enditem|p1a: Archaludon|Shuca Berry|[eat]
|-enditem|p1a: Archaludon|Shuca Berry|[weaken]
|-damage|p1a: Archaludon|0 fnt
|faint|p1a: Archaludon
|-damage|p2b: Garchomp|7/100|[from] item: Life Orb
|move|p2a: Tsareena|Power Whip|p1b: Tyranitar
|-supereffective|p1b: Tyranitar|1
|-crit|p1b: Tyranitar
|-damage|p1b: Tyranitar|0 fnt
|faint|p1b: Tyranitar
|
|win|25th_mang
|inactive|Drunk express has 30 seconds to confirm battle start!
|inactive|25th_mang has 30 seconds to confirm battle start!
||25th_mang is ready for game 2.
|inactive|Drunk express has 20 seconds to confirm battle start!
||Drunk express is ready for game 2.
|uhtml|next|Next: Game 2 of 3
|l|☆Drunk express
|player|p1|
