|j|☆Fayzginger
|j|☆minccino fan
|html|Fayzgingerminccino fan    
|uhtml|bestof|Game 1 of a best-of-3
|t:|1757659126
|gametype|doubles
|player|p1|Fayzginger|101|1175
|player|p2|minccino fan|miku-ghost|1275
|gen|9
|tier|[Gen 9] VGC 2025 Reg H (Bo3)
|rated|
|rule|Species Clause: Limit one of each Pokémon
|rule|Item Clause: Limit 1 of each item
|clearpoke
|poke|p1|Tyranitar, L50, F|
|poke|p1|Garchomp, L50, F|
|poke|p1|Indeedee, L50, M|
|poke|p1|Sneasler, L50, M|
|poke|p1|Talonflame, L50, M|
|poke|p1|Electabuzz, L50, M|
|poke|p2|Charizard, L50, F|
|poke|p2|Torkoal, L50, F|
|poke|p2|Porygon2, L50|
|poke|p2|Incineroar, L50, M|
|poke|p2|Jumpluff, L50, F|
|poke|p2|Ursaluna, L50, M|
|teampreview|4
|showteam|p1|Tyranitar||AssaultVest|SandStream|TeraBlast,KnockOff,RockSlide,LowKick|||F|||50|,,,,,Flying]Garchomp||LifeOrb|RoughSkin|Protect,DragonClaw,StompingTantrum,Earthquake|||F|||50|,,,,,Ground]Indeedee||ChoiceScarf|PsychicSurge|ExpandingForce,TeraBlast,Trick,Protect|||M|||50|,,,,,Psychic]Sneasler||PsychicSeed|Unburden|Protect,CloseCombat,DireClaw,ThroatChop|||M|||50|,,,,,Dark]Talonflame||SafetyGoggles|GaleWings|Protect,BraveBird,Tailwind,WillOWisp|||M|||50|,,,,,Ghost]Electabuzz||Eviolite|VitalSpirit|FollowMe,Thunderbolt,Protect,Taunt|||M|||50|,,,,,Fairy
|showteam|p2|Charizard||ChoiceSpecs|SolarPower|HeatWave,Overheat,WeatherBall,AirSlash|||F|||50|,,,,,Ghost]Torkoal||EjectPack|Drought|Eruption,Overheat,HelpingHand,Protect|||F|||50|,,,,,Fire]Porygon2||Eviolite|Download|TeraBlast,IceBeam,Recover,TrickRoom||||||50|,,,,,Fighting]Incineroar||SitrusBerry|Intimidate|FlareBlitz,KnockOff,FakeOut,PartingShot|||M|||50|,,,,,Ghost]Jumpluff||CovertCloak|Chlorophyll|SleepPowder,SunnyDay,RagePowder,Tailwind|||F|||50|,,,,,Water]Ursaluna||FlameOrb|Guts|HeadlongRush,Facade,Earthquake,Protect|||M|||50|,,,,,Ghost
|inactive|Battle timer is ON: inactive players will automatically lose when time's up. (requested by minccino fan)
|inactive|minccino fan has 60 seconds left.
|
|t:|1757659184
|teamsize|p1|4
|teamsize|p2|4
|start
|switch|p1a: Talonflame|Talonflame, L50, M, shiny|100/100
|switch|p1b: Electabuzz|Electabuzz, L50, M, shiny|100/100
|switch|p2a: Incineroar|Incineroar, L50, M|100/100
|switch|p2b: Porygon2|Porygon2, L50|100/100
|-ability|p2a: Incineroar|Intimidate|boost
|-unboost|p1a: Talonflame|atk|1
|-unboost|p1b: Electabuzz|atk|1
|-ability|p2b: Porygon2|Download|boost
|-boost|p2b: Porygon2|atk|1
|turn|1
|inactive|minccino fan has 30 seconds left.
|inactive|minccino fan has 20 seconds left.
|
|t:|1757659219
|switch|p1a: Smart Fella|Indeedee, L50, M, shiny|100/100
|-fieldstart|move: Psychic Terrain|[from] ability: Psychic Surge|[of] p1a: Smart Fella
|move|p2a: Incineroar|Fake Out|p1b: Electabuzz
|-activate|p1b: Electabuzz|move: Psychic Terrain
|move|p1b: Electabuzz|Taunt|p2b: Porygon2
|-start|p2b: Porygon2|move: Taunt
|cant|p2b: Porygon2|move: Taunt|Trick Room
|
|upkeep
|turn|2
|inactive|Fayzginger has 30 seconds left.
|
|t:|1757659245
|move|p1b: Electabuzz|Follow Me|p1b: Electabuzz
|-singleturn|p1b: Electabuzz|move: Follow Me
|move|p1a: Smart Fella|Trick|p2a: Incineroar
|-activate|p1a: Smart Fella|move: Trick|[of] p2a: Incineroar
|-item|p2a: Incineroar|Choice Scarf|[from] move: Trick
|-item|p1a: Smart Fella|Sitrus Berry|[from] move: Trick
|move|p2a: Incineroar|Knock Off|p1b: Electabuzz
|-damage|p1b: Electabuzz|62/100
|-enditem|p1b: Electabuzz|Eviolite|[from] move: Knock Off|[of] p2a: Incineroar
|move|p2b: Porygon2|Tera Blast|p1b: Electabuzz
|-damage|p1b: Electabuzz|20/100
|
|upkeep
|turn|3
|
|t:|1757659260
|switch|p1b: Fart Smella|Sneasler, L50, M, shiny|100/100
|-enditem|p1b: Fart Smella|Psychic Seed
|-boost|p1b: Fart Smella|spd|1|[from] item: Psychic Seed
|move|p1a: Smart Fella|Protect|p1a: Smart Fella
|-singleturn|p1a: Smart Fella|Protect
|move|p2a: Incineroar|Knock Off|p1a: Smart Fella
|-activate|p1a: Smart Fella|move: Protect
|move|p2b: Porygon2|Tera Blast|p1a: Smart Fella
|-activate|p1a: Smart Fella|move: Protect
|
|-end|p2b: Porygon2|move: Taunt
|upkeep
|turn|4
|inactive|minccino fan has 30 seconds left.
|
|t:|1757659286
|move|p1b: Fart Smella|Close Combat|p2b: Porygon2
|-supereffective|p2b: Porygon2
|-damage|p2b: Porygon2|13/100
|-unboost|p1b: Fart Smella|def|1
|-unboost|p1b: Fart Smella|spd|1
|move|p2a: Incineroar|Knock Off|p1a: Smart Fella
|-supereffective|p1a: Smart Fella
|-damage|p1a: Smart Fella|0 fnt
|-enditem|p1a: Smart Fella|Sitrus Berry|[from] move: Knock Off|[of] p2a: Incineroar
|faint|p1a: Smart Fella
|move|p2b: Porygon2|Trick Room|p2b: Porygon2
|-fieldstart|move: Trick Room|[of] p2b: Porygon2
|
|upkeep
|
|t:|1757659301
|switch|p1a: Talonflame|Talonflame, L50, M, shiny|100/100
|turn|5
|inactive|minccino fan has 30 seconds left.
|inactive|minccino fan has 20 seconds left.
|
|t:|1757659341
|move|p1a: Talonflame|Protect|p1a: Talonflame
|-singleturn|p1a: Talonflame|Protect
|move|p2b: Porygon2|Recover|p2b: Porygon2
|-heal|p2b: Porygon2|63/100
|move|p2a: Incineroar|Knock Off|p1a: Talonflame
|-activate|p1a: Talonflame|move: Protect
|move|p1b: Fart Smella|Close Combat|p2a: Incineroar
|-supereffective|p2a: Incineroar
|-damage|p2a: Incineroar|0 fnt
|-unboost|p1b: Fart Smella|def|1
|-unboost|p1b: Fart Smella|spd|1
|faint|p2a: Incineroar
|
|-fieldend|move: Psychic Terrain
|upkeep
|
|t:|1757659346
|switch|p2a: Ursaluna|Ursaluna, L50, M|100/100
|turn|6
|inactive|minccino fan has 30 seconds left.
|inactive|minccino fan has 20 seconds left.
|
|t:|1757659381
|-terastallize|p2a: Ursaluna|Ghost
|move|p1b: Fart Smella|Protect|p1b: Fart Smella
|-singleturn|p1b: Fart Smella|Protect
|move|p1a: Talonflame|Brave Bird|p2b: Porygon2
|-damage|p2b: Porygon2|37/100
|-damage|p1a: Talonflame|90/100|[from] Recoil
|move|p2b: Porygon2|Tera Blast|p1a: Talonflame
|-damage|p1a: Talonflame|34/100
|move|p2a: Ursaluna|Headlong Rush|p1b: Fart Smella
|-activate|p1b: Fart Smella|move: Protect
|
|-status|p2a: Ursaluna|brn|[from] item: Flame Orb
|upkeep
|turn|7
|
|t:|1757659390
|switch|p1b: Electabuzz|Electabuzz, L50, M, shiny|20/100
|move|p1a: Talonflame|Protect|p1a: Talonflame
|-singleturn|p1a: Talonflame|Protect
|move|p2b: Porygon2|Tera Blast|p1a: Talonflame
|-activate|p1a: Talonflame|move: Protect
|move|p2a: Ursaluna|Facade|p1b: Electabuzz
|-damage|p1b: Electabuzz|0 fnt
|faint|p1b: Electabuzz
|
|-damage|p2a: Ursaluna|95/100 brn|[from] brn
|upkeep
|
|t:|1757659392
|switch|p1b: Fart Smella|Sneasler, L50, M, shiny|100/100
|turn|8
|
|t:|1757659403
|move|p1b: Fart Smella|Protect|p1b: Fart Smella
|-singleturn|p1b: Fart Smella|Protect
|move|p1a: Talonflame|Protect||[still]
|-fail|p1a: Talonflame
|move|p2b: Porygon2|Tera Blast|p1a: Talonflame
|-damage|p1a: Talonflame|0 fnt
|faint|p1a: Talonflame
|move|p2a: Ursaluna|Facade|p1b: Fart Smella
|-activate|p1b: Fart Smella|move: Protect
|
|-damage|p2a: Ursaluna|89/100 brn|[from] brn
|-fieldend|move: Trick Room
|upkeep
|turn|9
|
|t:|1757659414
|move|p2a: Ursaluna|Protect|p2a: Ursaluna
|-singleturn|p2a: Ursaluna|Protect
|move|p1b: Fart Smella|Close Combat|p2b: Porygon2
|-supereffective|p2b: Porygon2
|-crit|p2b: Porygon2
|-damage|p2b: Porygon2|0 fnt
|-unboost|p1b: Fart Smella|def|1
|-unboost|p1b: Fart Smella|spd|1
|faint|p2b: Porygon2
|
|-damage|p2a: Ursaluna|83/100 brn|[from] brn
|upkeep
|
|t:|1757659416
|switch|p2b: Jumpluff|Jumpluff, L50, F|100/100
|turn|10
|
|t:|1757659427
|-terastallize|p1b: Fart Smella|Dark
|move|p2b: Jumpluff|Rage Powder|p2b: Jumpluff
|-singleturn|p2b: Jumpluff|move: Rage Powder
|move|p1b: Fart Smella|Throat Chop|p2b: Jumpluff
|-crit|p2b: Jumpluff
|-damage|p2b: Jumpluff|11/100
|move|p2a: Ursaluna|Facade|p1b: Fart Smella
|-damage|p1b: Fart Smella|0 fnt
|faint|p1b: Fart Smella
|
|win|minccino fan
||Fayzginger is ready for game 2.
