|j|☆probandoteammvp
|j|☆mikelpoyarzabal
|html|probandoteammvpmikelpoyarzabal    
|uhtml|bestof|Game 1 of a best-of-3
|t:|1785703535
|gametype|doubles
|player|p1|probandoteammvp|101|1431
|player|p2|mikelpoyarzabal|arven-s|1399
|gen|9
|tier|[Gen 9 Champions] VGC 2026 Reg M-B (Bo3)
|rated|
|rule|Species Clause: Limit one of each Pokémon
|rule|Item Clause: Limit 1 of each item
|clearpoke
|poke|p1|Blastoise, L50, M, shiny|
|poke|p1|Sylveon, L50, F, shiny|
|poke|p1|Vivillon-Fancy, L50, F, shiny|
|poke|p1|Farigiraf, L50, F, shiny|
|poke|p1|Sinistcha, L50, shiny|
|poke|p1|Pelipper, L50, M, shiny|
|poke|p2|Gengar, L50, F|
|poke|p2|Swampert, L50, F|
|poke|p2|Incineroar, L50, M|
|poke|p2|Politoed, L50, M|
|poke|p2|Archaludon, L50, F|
|poke|p2|Vivillon, L50, F|
|teampreview|4
|showteam|p1|Blastoise||Blastoisinite|Torrent|WaterSpout,DarkPulse,ShellSmash,Protect|Modest||M|||50|]Sylveon||FairyFeather|Pixilate|HyperVoice,Moonblast,HyperBeam,Detect|Modest||F|||50|]Vivillon-Fancy||ChoiceScarf|CompoundEyes|PollenPuff,Hurricane,SleepPowder,RagePowder|Timid||F|||50|]Farigiraf||SitrusBerry|ArmorTail|TwinBeam,HelpingHand,TrickRoom,Protect|Sassy||F|||50|]Sinistcha||ColburBerry|Hospitality|MatchaGotcha,RagePowder,TrickRoom,Protect|Sassy|||||50|]Pelipper||FocusSash|Drizzle|Hurricane,HelpingHand,Tailwind,Protect|Timid||M|||50|
|showteam|p2|Gengar||Gengarite|CursedBody|ShadowBall,SludgeBomb,Protect,PerishSong|Timid||F|||50|]Swampert||Swampertite|Torrent|WaveCrash,Earthquake,IcePunch,Protect|Adamant||F|||50|]Incineroar||PasshoBerry|Intimidate|ThroatChop,PartingShot,FakeOut,Protect|Sassy||M|||50|]Politoed||SitrusBerry|Drizzle|WeatherBall,PerishSong,Encore,Protect|Calm||M|||50|]Archaludon||Leftovers|Stamina|DragonPulse,FlashCannon,ElectroShot,Protect|Bold||F|||50|]Vivillon||FocusSash|CompoundEyes|Hurricane,SleepPowder,RagePowder,Protect|Timid||F|||50|
|inactive|Battle timer is ON: inactive players will automatically lose when time's up. (requested by mikelpoyarzabal)
|inactive|mikelpoyarzabal has 60 seconds left.
|
|t:|1785703586
|teamsize|p1|4
|teamsize|p2|4
|start
|switch|p1a: Tortugueitor|Blastoise, L50, M, shiny|100/100
|switch|p1b: Cuptea|Sinistcha, L50, shiny|100/100
|switch|p2a: Incineroar|Incineroar, L50, M|100/100
|switch|p2b: Gengar|Gengar, L50, F|100/100
|-ability|p2a: Incineroar|Intimidate|boost
|-unboost|p1a: Tortugueitor|atk|1
|-unboost|p1b: Cuptea|atk|1
|turn|1
|
|t:|1785703603
|switch|p1b: Long neck|Farigiraf, L50, F, shiny|100/100
|detailschange|p2b: Gengar|Gengar-Mega, L50, F
|-mega|p2b: Gengar|Gengar|Gengarite
|detailschange|p1a: Tortugueitor|Blastoise-Mega, L50, M, shiny
|-mega|p1a: Tortugueitor|Blastoise|Blastoisinite
|move|p2b: Gengar|Perish Song|p2b: Gengar
|-start|p1a: Tortugueitor|perish3|[silent]
|-start|p1b: Long neck|perish3|[silent]
|-start|p2a: Incineroar|perish3|[silent]
|-start|p2b: Gengar|perish3|[silent]
|-fieldactivate|move: Perish Song
|move|p1a: Tortugueitor|Water Spout|p2b: Gengar|[spread] p2a,p2b
|-supereffective|p2a: Incineroar|1
|-enditem|p2a: Incineroar|Passho Berry|[eat]
|-enditem|p2a: Incineroar|Passho Berry|[weaken]
|-crit|p2b: Gengar
|-damage|p2a: Incineroar|54/100
|-damage|p2b: Gengar|0 fnt
|faint|p2b: Gengar
|move|p2a: Incineroar|Parting Shot|p1a: Tortugueitor
|-unboost|p1a: Tortugueitor|atk|1
|-unboost|p1a: Tortugueitor|spa|1
|
|t:|1785703614
|switch|p2a: Archaludon|Archaludon, L50, F|100/100|[from] Parting Shot
|
|-start|p1a: Tortugueitor|perish3
|-start|p1b: Long neck|perish3
|upkeep
|
|t:|1785703617
|switch|p2b: Politoed|Politoed, L50, M|100/100
|-weather|RainDance|[from] ability: Drizzle|[of] p2b: Politoed
|turn|2
|
|t:|1785703630
|switch|p1a: mr ribbons|Sylveon, L50, F, shiny|100/100
|switch|p2b: Incineroar|Incineroar, L50, M|54/100
|-ability|p2b: Incineroar|Intimidate|boost
|-unboost|p1a: mr ribbons|atk|1
|-unboost|p1b: Long neck|atk|1
|move|p2a: Archaludon|Electro Shot||[still]
|-prepare|p2a: Archaludon|Electro Shot
|-boost|p2a: Archaludon|spa|1
|-anim|p2a: Archaludon|Electro Shot|p1a: mr ribbons
|-damage|p1a: mr ribbons|61/100
|move|p1b: Long neck|Trick Room|p1b: Long neck
|-fieldstart|move: Trick Room|[of] p1b: Long neck
|
|-weather|RainDance|[upkeep]
|-start|p1b: Long neck|perish2
|upkeep
|turn|3
|
|t:|1785703644
|switch|p1b: Cuptea|Sinistcha, L50, shiny|100/100
|-heal|p1a: mr ribbons|86/100|[from] ability: Hospitality|[of] p1b: Cuptea
|move|p1a: mr ribbons|Detect|p1a: mr ribbons
|-singleturn|p1a: mr ribbons|Protect
|move|p2b: Incineroar|Parting Shot|p1a: mr ribbons
|-activate|p1a: mr ribbons|move: Protect
|move|p2a: Archaludon|Electro Shot||[still]
|-prepare|p2a: Archaludon|Electro Shot
|-boost|p2a: Archaludon|spa|1
|-anim|p2a: Archaludon|Electro Shot|p1a: mr ribbons
|-activate|p1a: mr ribbons|move: Protect
|
|-weather|RainDance|[upkeep]
|upkeep
|turn|4
|inactive|mikelpoyarzabal has 30 seconds left.
|
|t:|1785703669
|move|p1b: Cuptea|Rage Powder|p1b: Cuptea
|-singleturn|p1b: Cuptea|move: Rage Powder
|move|p2b: Incineroar|Throat Chop|p1b: Cuptea
|-supereffective|p1b: Cuptea|1
|-enditem|p1b: Cuptea|Colbur Berry|[eat]
|-enditem|p1b: Cuptea|Colbur Berry|[weaken]
|-damage|p1b: Cuptea|70/100
|-start|p1b: Cuptea|Throat Chop|[silent]
|move|p1a: mr ribbons|Hyper Voice|p2b: Incineroar|[spread] p2a,p2b
|-damage|p2a: Archaludon|52/100
|-damage|p2b: Incineroar|15/100
|-ability|p2a: Archaludon|Stamina|boost
|-boost|p2a: Archaludon|def|1
|move|p2a: Archaludon|Flash Cannon|p1b: Cuptea
|-damage|p1b: Cuptea|4/100
|
|-weather|RainDance|[upkeep]
|-heal|p2a: Archaludon|58/100|[from] item: Leftovers
|upkeep
|turn|5
|
|t:|1785703694
|move|p2b: Incineroar|Protect|p2b: Incineroar
|-singleturn|p2b: Incineroar|Protect
|move|p2a: Archaludon|Protect|p2a: Archaludon
|-singleturn|p2a: Archaludon|Protect
|move|p1b: Cuptea|Rage Powder|p1b: Cuptea
|-singleturn|p1b: Cuptea|move: Rage Powder
|move|p1a: mr ribbons|Hyper Voice|p2b: Incineroar|[spread] 
|-activate|p2a: Archaludon|move: Protect
|-activate|p2b: Incineroar|move: Protect
|
|-weather|RainDance|[upkeep]
|-heal|p2a: Archaludon|64/100|[from] item: Leftovers
|-end|p1b: Cuptea|Throat Chop|[silent]
|upkeep
|turn|6
|
|t:|1785703705
|move|p1b: Cuptea|Rage Powder|p1b: Cuptea
|-singleturn|p1b: Cuptea|move: Rage Powder
|move|p2b: Incineroar|Throat Chop|p1b: Cuptea
|-supereffective|p1b: Cuptea|1
|-damage|p1b: Cuptea|0 fnt
|faint|p1b: Cuptea
|move|p1a: mr ribbons|Hyper Beam|p2a: Archaludon|[miss]
|-miss|p1a: mr ribbons|p2a: Archaludon
|move|p2a: Archaludon|Flash Cannon|p1a: mr ribbons
|-supereffective|p1a: mr ribbons|1
|-damage|p1a: mr ribbons|0 fnt
|faint|p1a: mr ribbons
|
|-weather|none
|-heal|p2a: Archaludon|71/100|[from] item: Leftovers
|-fieldend|move: Trick Room
|upkeep
|
|t:|1785703711
|switch|p1b: Long neck|Farigiraf, L50, F, shiny|100/100
|switch|p1a: Tortugueitor|Blastoise-Mega, L50, M, shiny|100/100
|turn|7
|
|t:|1785703723
|move|p1b: Long neck|Helping Hand|p1a: Tortugueitor
|-singleturn|p1a: Tortugueitor|Helping Hand|[of] p1b: Long neck
|move|p2a: Archaludon|Protect|p2a: Archaludon
|-singleturn|p2a: Archaludon|Protect
|move|p1a: Tortugueitor|Dark Pulse|p2a: Archaludon
|-activate|p2a: Archaludon|move: Protect
|move|p2b: Incineroar|Parting Shot|p1a: Tortugueitor
|-unboost|p1a: Tortugueitor|atk|1
|-unboost|p1a: Tortugueitor|spa|1
|
|t:|1785703729
|switch|p2b: Politoed|Politoed, L50, M|100/100|[from] Parting Shot
|-weather|RainDance|[from] ability: Drizzle|[of] p2b: Politoed
|
|-weather|RainDance|[upkeep]
|-heal|p2a: Archaludon|77/100|[from] item: Leftovers
|upkeep
|turn|8
|
|t:|1785703741
|move|p1b: Long neck|Helping Hand|p1a: Tortugueitor
|-singleturn|p1a: Tortugueitor|Helping Hand|[of] p1b: Long neck
|move|p1a: Tortugueitor|Water Spout|p2a: Archaludon|[spread] p2a,p2b
|-resisted|p2a: Archaludon|1
|-resisted|p2b: Politoed|1
|-damage|p2a: Archaludon|26/100
|-damage|p2b: Politoed|62/100
|-ability|p2a: Archaludon|Stamina|boost
|-boost|p2a: Archaludon|def|1
|move|p2a: Archaludon|Electro Shot||[still]
|-prepare|p2a: Archaludon|Electro Shot
|-boost|p2a: Archaludon|spa|1
|-anim|p2a: Archaludon|Electro Shot|p1a: Tortugueitor
|-supereffective|p1a: Tortugueitor|1
|-damage|p1a: Tortugueitor|0 fnt
|faint|p1a: Tortugueitor
|move|p2b: Politoed|Encore|p1b: Long neck
|-start|p1b: Long neck|Encore
|
|-weather|RainDance|[upkeep]
|-heal|p2a: Archaludon|32/100|[from] item: Leftovers
|upkeep
|turn|9
|-message|probandoteammvp forfeited.
|
|win|mikelpoyarzabal
