|j|☆nod-korai
|j|☆lettitripppp
|html|nod-korailettitripppp    
|uhtml|bestof|Game 2 of a best-of-3
|t:|1786118100
|gametype|doubles
|player|p1|nod-korai|101|1408
|player|p2|lettitripppp|lucas|1316
|gen|9
|tier|[Gen 9 Champions] VGC 2026 Reg M-B (Bo3)
|rated|
|rule|Species Clause: Limit one of each Pokémon
|rule|Item Clause: Limit 1 of each item
|clearpoke
|poke|p1|Floette-Eternal, L50, F|
|poke|p1|Sneasler, L50, F|
|poke|p1|Incineroar, L50, F|
|poke|p1|Basculegion, L50, M|
|poke|p1|Sinistcha, L50|
|poke|p1|Kingambit, L50, M|
|poke|p2|Froslass, L50, F|
|poke|p2|Scovillain, L50, M|
|poke|p2|Basculegion, L50, M|
|poke|p2|Kingambit, L50, M, shiny|
|poke|p2|Lycanroc-Dusk, L50, F, shiny|
|poke|p2|Sneasler, L50, F, shiny|
|teampreview|4
|showteam|p1|Floette-Eternal||Floettite|FlowerVeil|Moonblast,DazzlingGleam,CalmMind,Protect|Modest||F|||50|]Sneasler||FocusSash|Unburden|DireClaw,CloseCombat,FakeOut,Protect|Jolly||F|||50|]Incineroar||ChopleBerry|Intimidate|FakeOut,FlareBlitz,ThroatChop,PartingShot|Impish||F|||50|]Basculegion||ChoiceScarf|Adaptability|LastRespects,WaveCrash,AquaJet,FlipTurn|Jolly||M|||50|]Sinistcha||SitrusBerry|Hospitality|MatchaGotcha,LifeDew,RagePowder,Protect|Bold|||||50|]Kingambit||BlackGlasses|Defiant|KowtowCleave,SuckerPunch,SwordsDance,Protect|Adamant||M|||50|
|showteam|p2|Froslass||Froslassite|CursedBody|Thunderbolt,ShadowBall,Blizzard,Protect|Modest||F|||50|]Scovillain||Scovillainite|Moody|RagePowder,GigaDrain,Overheat,Protect|Bold||M|||50|]Basculegion||MysticWater|Adaptability|LastRespects,WaveCrash,AquaJet,Protect|Adamant||M|||50|]Kingambit||LifeOrb|Defiant|KowtowCleave,SwordsDance,SuckerPunch,Protect|Adamant||M|||50|]Lycanroc-Dusk||FocusSash|ToughClaws|CloseCombat,Accelerock,RockSlide,Protect|Adamant||F|||50|]Sneasler||WhiteHerb|Unburden|CloseCombat,GunkShot,FakeOut,Protect|Adamant||F|||50|
|inactive|Battle timer is ON: inactive players will automatically lose when time's up. (requested by nod-korai)
|inactive|lettitripppp also wants the timer to be on.
|
|t:|1786118116
|teamsize|p1|4
|teamsize|p2|4
|start
|switch|p1a: Angélica|Floette-Eternal, L50, F|100/100
|switch|p1b: Stygian|Sneasler, L50, F|100/100
|switch|p2a: BURNING ME|Scovillain, L50, M|100/100
|switch|p2b: ASKIN|Sneasler, L50, F, shiny|100/100
|turn|1
|
|t:|1786118142
|detailschange|p1a: Angélica|Floette-Mega, L50, F
|-mega|p1a: Angélica|Floette|Floettite
|-ability|p1a: Angélica|Fairy Aura
|detailschange|p2a: BURNING ME|Scovillain-Mega, L50, M
|-mega|p2a: BURNING ME|Scovillain|Scovillainite
|move|p1b: Stygian|Fake Out|p2b: ASKIN
|-damage|p2b: ASKIN|84/100
|cant|p2b: ASKIN|flinch
|move|p1a: Angélica|Moonblast|p2b: ASKIN
|-damage|p2b: ASKIN|2/100
|move|p2a: BURNING ME|Overheat|p1b: Stygian
|-damage|p1b: Stygian|24/100
|-unboost|p2a: BURNING ME|spa|2
|
|upkeep
|turn|2
|
|t:|1786118155
|switch|p1a: Icelea|Sinistcha, L50|100/100
|-heal|p1b: Stygian|49/100|[from] ability: Hospitality|[of] p1a: Icelea
|switch|p2a: GHOSTWAVE|Basculegion, L50, M|100/100
|move|p2b: ASKIN|Protect|p2b: ASKIN
|-singleturn|p2b: ASKIN|Protect
|move|p1b: Stygian|Dire Claw|p2b: ASKIN
|-activate|p2b: ASKIN|move: Protect
|
|upkeep
|turn|3
|
|t:|1786118175
|switch|p2b: GENERAL BLADUS|Kingambit, L50, M, shiny|100/100
|move|p2a: GHOSTWAVE|Protect|p2a: GHOSTWAVE
|-singleturn|p2a: GHOSTWAVE|Protect
|move|p1b: Stygian|Dire Claw|p2a: GHOSTWAVE
|-activate|p2a: GHOSTWAVE|move: Protect
|move|p1a: Icelea|Matcha Gotcha|p2b: GENERAL BLADUS|[spread] p2b
|-activate|p2a: GHOSTWAVE|move: Protect
|-resisted|p2b: GENERAL BLADUS|1
|-damage|p2b: GENERAL BLADUS|88/100
|
|upkeep
|turn|4
|
|t:|1786118197
|switch|p2b: BURNING ME|Scovillain-Mega, L50, M|100/100
|move|p1a: Icelea|Rage Powder|p1a: Icelea
|-singleturn|p1a: Icelea|move: Rage Powder
|move|p1b: Stygian|Close Combat|p2b: BURNING ME
|-damage|p2b: BURNING ME|45/100
|-unboost|p1b: Stygian|def|1
|-unboost|p1b: Stygian|spd|1
|-status|p1b: Stygian|brn|[from] ability: Spicy Spray|[of] p2b: BURNING ME
|move|p2a: GHOSTWAVE|Wave Crash|p1a: Icelea
|-resisted|p1a: Icelea|1
|-damage|p1a: Icelea|62/100
|-damage|p2a: GHOSTWAVE|89/100|[from] Recoil
|
|-damage|p1b: Stygian|43/100 brn|[from] brn
|upkeep
|turn|5
|
|t:|1786118213
|move|p1b: Stygian|Dire Claw|p2b: BURNING ME
|-supereffective|p2b: BURNING ME|1
|-damage|p2b: BURNING ME|8/100
|-status|p2b: BURNING ME|psn
|move|p2b: BURNING ME|Overheat|p1a: Icelea
|-supereffective|p1a: Icelea|1
|-damage|p1a: Icelea|0 fnt
|-unboost|p2b: BURNING ME|spa|2
|faint|p1a: Icelea
|move|p2a: GHOSTWAVE|Wave Crash|p1b: Stygian
|-damage|p1b: Stygian|0 fnt
|faint|p1b: Stygian
|-damage|p2a: GHOSTWAVE|79/100|[from] Recoil
|
|-damage|p2b: BURNING ME|0 fnt|[from] psn
|faint|p2b: BURNING ME
|upkeep
|
|t:|1786118230
|switch|p1b: Angélica|Floette-Mega, L50, F|100/100
|switch|p2b: GENERAL BLADUS|Kingambit, L50, M, shiny|88/100
|switch|p1a: F key|Basculegion, L50, M|100/100
|-ability|p1b: Angélica|Fairy Aura
|turn|6
|
|t:|1786118245
|move|p2a: GHOSTWAVE|Protect|p2a: GHOSTWAVE
|-singleturn|p2a: GHOSTWAVE|Protect
|move|p2b: GENERAL BLADUS|Protect|p2b: GENERAL BLADUS
|-singleturn|p2b: GENERAL BLADUS|Protect
|move|p1a: F key|Aqua Jet|p2b: GENERAL BLADUS
|-activate|p2b: GENERAL BLADUS|move: Protect
|move|p1b: Angélica|Moonblast|p2a: GHOSTWAVE
|-activate|p2a: GHOSTWAVE|move: Protect
|
|upkeep
|turn|7
|inactive|nod-korai has 30 seconds left.
|inactive|nod-korai has 20 seconds left.
|inactive|nod-korai has 15 seconds left.
|
|t:|1786118287
|move|p1a: F key|Aqua Jet|p2b: GENERAL BLADUS
|-damage|p2b: GENERAL BLADUS|70/100
|move|p1b: Angélica|Dazzling Gleam|p2b: GENERAL BLADUS|[spread] p2a,p2b
|-damage|p2a: GHOSTWAVE|34/100
|-damage|p2b: GENERAL BLADUS|29/100
|move|p2a: GHOSTWAVE|Wave Crash|p1b: Angélica
|-damage|p1b: Angélica|20/100r
|-damage|p2a: GHOSTWAVE|12/100|[from] Recoil
|move|p2b: GENERAL BLADUS|Kowtow Cleave|p1a: F key
|-supereffective|p1a: F key|1
|-damage|p1a: F key|0 fnt
|faint|p1a: F key
|-damage|p2b: GENERAL BLADUS|19/100|[from] item: Life Orb
|
|upkeep
|turn|8
|c|☆nod-korai|Gg
|
|t:|1786118305
|move|p2a: GHOSTWAVE|Aqua Jet|p1b: Angélica
|-damage|p1b: Angélica|0 fnt
|faint|p1b: Angélica
|
|win|lettitripppp
|raw|nod-korai's rating: 1408 → 1383(-25 for losing)
|raw|lettitripppp's rating: 1316 → 1341(+25 for winning)
|c|☆lettitripppp|gg
|l|☆nod-korai
|player|p1|
