|j|☆SheIcyMyWind
|j|☆mjs_12
|html|SheIcyMyWindmjs_12    
|uhtml|bestof|Game 1 of a best-of-3
|t:|1756219823
|gametype|doubles
|player|p1|SheIcyMyWind|n|1114
|player|p2|mjs_12|169|1083
|gen|9
|tier|[Gen 9] VGC 2025 Reg H (Bo3)
|rated|
|rule|Species Clause: Limit one of each Pokémon
|rule|Item Clause: Limit 1 of each item
|clearpoke
|poke|p1|Annihilape, L50, M|
|poke|p1|Ninetales-Alola, L50, M|
|poke|p1|Garchomp, L50, F|
|poke|p1|Dragonite, L50, M|
|poke|p1|Sneasler, L50, M|
|poke|p1|Incineroar, L50, F|
|poke|p2|Volcarona, L50, F|
|poke|p2|Tyranitar, L50, F|
|poke|p2|Archaludon, L50, F|
|poke|p2|Rillaboom, L50, F|
|poke|p2|Sneasler, L50, F|
|poke|p2|Tauros-Paldea-Aqua, L50, M|
|teampreview|4
|showteam|p1|Annihilape||AssaultVest|Defiant|RageFist,DrainPunch,RockTomb,FinalGambit|||M|||50|,,,,,Fire]Ninetales-Alola||ChoiceSpecs|SnowWarning|Blizzard,Moonblast,FreezeDry,IcyWind|||M|||50|,,,,,Ghost]Garchomp||LifeOrb|RoughSkin|Earthquake,StompingTantrum,DragonClaw,Protect|||F|||50|,,,,,Steel]Dragonite||LoadedDice|Multiscale|ScaleShot,Tailwind,Protect,Haze|||M|||50|,,,,,Fairy]Sneasler||FocusSash|Unburden|CloseCombat,DireClaw,FakeOut,Coaching|||M|||50|,,,,,Ghost]Incineroar||SafetyGoggles|Intimidate|KnockOff,Taunt,FakeOut,PartingShot|||F|||50|,,,,,Fairy
|showteam|p2|Volcarona||SafetyGoggles|FlameBody|QuiverDance,StruggleBug,HeatWave,Protect|||F|||50|,,,,,Ghost]Tyranitar||Leftovers|SandStream|HeavySlam,RockSlide,KnockOff,Taunt|||F|||50|,,,,,Fairy]Archaludon||PowerHerb|Sturdy|ElectroShot,Protect,DragonPulse,FlashCannon|||F|||50|,,,,,Electric]Rillaboom||AssaultVest|GrassySurge|WoodHammer,FakeOut,GrassyGlide,Uturn|||F|||50|,,,,,Fire]Sneasler||GrassySeed|Unburden|DireClaw,CloseCombat,FakeOut,Protect|||F|||50|,,,,,Stellar]Tauros-Paldea-Aqua||ChoiceBand|Intimidate|AquaJet,RagingBull,CloseCombat,Facade|||M|||50|,,,,,Water
|c|☆SheIcyMyWind|glhf
|inactive|Battle timer is ON: inactive players will automatically lose when time's up. (requested by SheIcyMyWind)
|
|t:|1756219885
|teamsize|p1|4
|teamsize|p2|4
|start
|switch|p1a: Annihilape|Annihilape, L50, M, shiny|100/100
|switch|p1b: Sneasler|Sneasler, L50, M, shiny|100/100
|switch|p2a: Volcarona|Volcarona, L50, F|100/100
|switch|p2b: Rillaboom|Rillaboom, L50, F|100/100
|-fieldstart|move: Grassy Terrain|[from] ability: Grassy Surge|[of] p2b: Rillaboom
|turn|1
|inactive|SheIcyMyWind has 30 seconds left.
|inactive|mjs_12 has 30 seconds left.
|inactive|SheIcyMyWind has 20 seconds left.
|inactive|mjs_12 has 20 seconds left.
|inactive|SheIcyMyWind has 15 seconds left.
|
|t:|1756219930
|-terastallize|p1a: Annihilape|Fire
|move|p1b: Sneasler|Fake Out|p2b: Rillaboom
|-damage|p2b: Rillaboom|86/100
|move|p1a: Annihilape|Rock Tomb|p2a: Volcarona
|-supereffective|p2a: Volcarona
|-damage|p2a: Volcarona|25/100
|-unboost|p2a: Volcarona|spe|1
|cant|p2b: Rillaboom|flinch
|move|p2a: Volcarona|Quiver Dance|p2a: Volcarona
|-boost|p2a: Volcarona|spa|1
|-boost|p2a: Volcarona|spd|1
|-boost|p2a: Volcarona|spe|1
|
|-heal|p2a: Volcarona|32/100|[from] Grassy Terrain
|-heal|p2b: Rillaboom|92/100|[from] Grassy Terrain
|upkeep
|turn|2
|
|t:|1756219951
|move|p2a: Volcarona|Protect|p2a: Volcarona
|-singleturn|p2a: Volcarona|Protect
|move|p1b: Sneasler|Dire Claw|p2b: Rillaboom
|-supereffective|p2b: Rillaboom
|-damage|p2b: Rillaboom|4/100
|move|p1a: Annihilape|Rock Tomb|p2a: Volcarona
|-activate|p2a: Volcarona|move: Protect
|move|p2b: Rillaboom|U-turn|p1b: Sneasler
|-resisted|p1b: Sneasler
|-damage|p1b: Sneasler|90/100
|
|t:|1756219964
|switch|p2b: Archaludon|Archaludon, L50, F|100/100|[from] U-turn
|
|-heal|p1b: Sneasler|95/100|[from] Grassy Terrain
|-heal|p2a: Volcarona|38/100|[from] Grassy Terrain
|upkeep
|turn|3
|
|t:|1756219983
|-terastallize|p2a: Volcarona|Ghost
|move|p1b: Sneasler|Close Combat|p2b: Archaludon
|-supereffective|p2b: Archaludon
|-ability|p2b: Archaludon|Sturdy
|-damage|p2b: Archaludon|1/100
|-unboost|p1b: Sneasler|def|1
|-unboost|p1b: Sneasler|spd|1
|move|p1a: Annihilape|Rock Tomb|p2a: Volcarona
|-damage|p2a: Volcarona|18/100
|-unboost|p2a: Volcarona|spe|1
|move|p2b: Archaludon|Electro Shot||[still]
|-prepare|p2b: Archaludon|Electro Shot
|-boost|p2b: Archaludon|spa|1
|-enditem|p2b: Archaludon|Power Herb
|-anim|p2b: Archaludon|Electro Shot|p1b: Sneasler
|-damage|p1b: Sneasler|0 fnt
|faint|p1b: Sneasler
|move|p2a: Volcarona|Quiver Dance|p2a: Volcarona
|-boost|p2a: Volcarona|spa|1
|-boost|p2a: Volcarona|spd|1
|-boost|p2a: Volcarona|spe|1
|
|-heal|p2b: Archaludon|7/100|[from] Grassy Terrain
|-heal|p2a: Volcarona|24/100|[from] Grassy Terrain
|upkeep
|
|t:|1756219997
|switch|p1b: Ninetales|Ninetales-Alola, L50, M, shiny|100/100
|-weather|Snowscape|[from] ability: Snow Warning|[of] p1b: Ninetales
|turn|4
|inactive|mjs_12 has 30 seconds left.
|
|t:|1756220023
|switch|p2b: Tyranitar|Tyranitar, L50, F|100/100
|-weather|Sandstorm|[from] ability: Sand Stream|[of] p2b: Tyranitar
|move|p2a: Volcarona|Protect|p2a: Volcarona
|-singleturn|p2a: Volcarona|Protect
|move|p1b: Ninetales|Blizzard|p2b: Tyranitar|[spread] p2b
|-activate|p2a: Volcarona|move: Protect
|-damage|p2b: Tyranitar|72/100
|move|p1a: Annihilape|Rage Fist|p2a: Volcarona
|-activate|p2a: Volcarona|move: Protect
|
|-weather|Sandstorm|[upkeep]
|-damage|p1b: Ninetales|94/100|[from] Sandstorm
|-damage|p1a: Annihilape|95/100|[from] Sandstorm
|-heal|p1b: Ninetales|100/100|[from] Grassy Terrain
|-heal|p1a: Annihilape|100/100|[from] Grassy Terrain
|-heal|p2a: Volcarona|30/100|[from] Grassy Terrain
|-heal|p2b: Tyranitar|78/100|[from] Grassy Terrain
|-heal|p2b: Tyranitar|84/100|[from] item: Leftovers
|upkeep
|turn|5
|inactive|mjs_12 has 30 seconds left.
|
|t:|1756220050
|move|p1b: Ninetales|Blizzard|p2b: Tyranitar|[spread] p2a
|-miss|p1b: Ninetales|p2b: Tyranitar
|-damage|p2a: Volcarona|8/100
|move|p1a: Annihilape|Drain Punch|p2b: Tyranitar
|-supereffective|p2b: Tyranitar
|-damage|p2b: Tyranitar|0 fnt
|faint|p2b: Tyranitar
|move|p2a: Volcarona|Heat Wave|p1b: Ninetales|[spread] p1a,p1b
|-resisted|p1a: Annihilape
|-supereffective|p1b: Ninetales
|-crit|p1b: Ninetales
|-damage|p1a: Annihilape|74/100
|-damage|p1b: Ninetales|0 fnt
|faint|p1b: Ninetales
|
|-weather|Sandstorm|[upkeep]
|-damage|p1a: Annihilape|69/100|[from] Sandstorm
|-heal|p1a: Annihilape|74/100|[from] Grassy Terrain
|-heal|p2a: Volcarona|15/100|[from] Grassy Terrain
|-fieldend|move: Grassy Terrain
|upkeep
|
|t:|1756220060
|switch|p1b: Garchomp|Garchomp, L50, F|100/100
|switch|p2b: Rillaboom|Rillaboom, L50, F|4/100
|-fieldstart|move: Grassy Terrain|[from] ability: Grassy Surge|[of] p2b: Rillaboom
|turn|6
|
|t:|1756220075
|move|p2b: Rillaboom|Fake Out|p1a: Annihilape
|-damage|p1a: Annihilape|58/100
|move|p1b: Garchomp|Stomping Tantrum|p2b: Rillaboom
|-resisted|p2b: Rillaboom
|-damage|p2b: Rillaboom|0 fnt
|faint|p2b: Rillaboom
|-damage|p1b: Garchomp|91/100|[from] item: Life Orb
|cant|p1a: Annihilape|flinch
|move|p2a: Volcarona|Heat Wave|p1b: Garchomp|[spread] p1a,p1b
|-resisted|p1a: Annihilape
|-resisted|p1b: Garchomp
|-crit|p1b: Garchomp
|-damage|p1a: Annihilape|32/100
|-damage|p1b: Garchomp|31/100
|
|-weather|Sandstorm|[upkeep]
|-damage|p1a: Annihilape|27/100|[from] Sandstorm
|-heal|p1b: Garchomp|36/100|[from] Grassy Terrain
|-heal|p1a: Annihilape|32/100|[from] Grassy Terrain
|-heal|p2a: Volcarona|21/100|[from] Grassy Terrain
|upkeep
|
|t:|1756220087
|switch|p2b: Archaludon|Archaludon, L50, F|7/100
|turn|7
|
|t:|1756220095
|move|p2a: Volcarona|Protect|p2a: Volcarona
|-singleturn|p2a: Volcarona|Protect
|move|p1b: Garchomp|Stomping Tantrum|p2b: Archaludon
|-supereffective|p2b: Archaludon
|-damage|p2b: Archaludon|0 fnt
|faint|p2b: Archaludon
|-damage|p1b: Garchomp|27/100|[from] item: Life Orb
|move|p1a: Annihilape|Rage Fist|p2a: Volcarona
|-activate|p2a: Volcarona|move: Protect
|
|-weather|Sandstorm|[upkeep]
|-damage|p1a: Annihilape|27/100|[from] Sandstorm
|-heal|p1b: Garchomp|33/100|[from] Grassy Terrain
|-heal|p1a: Annihilape|32/100|[from] Grassy Terrain
|-heal|p2a: Volcarona|27/100|[from] Grassy Terrain
|upkeep
|turn|8
|
|t:|1756220102
|move|p1b: Garchomp|Protect|p1b: Garchomp
|-singleturn|p1b: Garchomp|Protect
|move|p1a: Annihilape|Rage Fist|p2a: Volcarona
|-supereffective|p2a: Volcarona
|-damage|p2a: Volcarona|0 fnt
|faint|p2a: Volcarona
|
|win|SheIcyMyWind
||mjs_12 is ready for game 2.
|l|☆mjs_12
|player|p2|
