|j|☆Juanjo555
|j|☆AaravosTheGreatTwo
|html|Juanjo555AaravosTheGreatTwo    
|uhtml|bestof|Game 1 of a best-of-3
|t:|1782247889
|gametype|doubles
|player|p1|Juanjo555|266|1078
|player|p2|AaravosTheGreatTwo|102|1000
|gen|9
|tier|[Gen 9 Champions] VGC 2026 Reg M-B (Bo3)
|rated|
|rule|Species Clause: Limit one of each Pokémon
|rule|Item Clause: Limit 1 of each item
|clearpoke
|poke|p1|Archaludon, L50, F|
|poke|p1|Sinistcha-Masterpiece, L50|
|poke|p1|Swampert, L50, F|
|poke|p1|Sableye, L50, M|
|poke|p1|Pelipper, L50, M|
|poke|p1|Kingambit, L50, F|
|poke|p2|Delphox, L50, M|
|poke|p2|Sneasler, L50, F|
|poke|p2|Kingambit, L50, M|
|poke|p2|Whimsicott, L50, M|
|poke|p2|Tsareena, L50, F|
|poke|p2|Basculegion, L50, M|
|teampreview|4
|showteam|p1|Archaludon||Leftovers|Stamina|DracoMeteor,ElectroShot,Protect,FlashCannon|Calm||F|||50|]Sinistcha-Masterpiece||SitrusBerry|Hospitality|LifeDew,MatchaGotcha,TrickRoom,RagePowder|Bold|||||50|]Swampert||Swampertite|Torrent|KnockOff,WaveCrash,Protect,HighHorsepower|Adamant||F|||50|]Sableye||LightClay|Prankster|LightScreen,Reflect,RainDance,Quash|Calm||M|||50|]Pelipper||FocusSash|Drizzle|Protect,WeatherBall,Hurricane,Tailwind|Modest||M|||50|]Kingambit||ChopleBerry|Defiant|KowtowCleave,Protect,SuckerPunch,IronHead|Adamant||F|||50|
|showteam|p2|Delphox||Delphoxite|Magician|HeatWave,Psychic,NastyPlot,Protect|Timid||M|||50|]Sneasler||WhiteHerb|Unburden|FakeOut,DireClaw,CloseCombat,Protect|Adamant||F|||50|]Kingambit||BlackGlasses|Defiant|KowtowCleave,SuckerPunch,IronHead,Protect|Adamant||M|||50|]Whimsicott||FocusSash|Prankster|Tailwind,Encore,Moonblast,Protect|Bold||M|||50|]Tsareena||SitrusBerry|QueenlyMajesty|TripleAxel,LowKick,TropKick,Protect|Adamant||F|||50|]Basculegion||ChoiceScarf|Adaptability|LastRespects,WaveCrash,FlipTurn,AquaJet|Jolly||M|||50|
|inactive|Battle timer is ON: inactive players will automatically lose when time's up. (requested by AaravosTheGreatTwo)
|inactive|Juanjo555 has 60 seconds left.
|inactive|AaravosTheGreatTwo has 60 seconds left.
|inactive|Juanjo555 has 30 seconds left.
|inactive|AaravosTheGreatTwo has 30 seconds left.
|inactive|Juanjo555 has 20 seconds left.
|inactive|AaravosTheGreatTwo has 20 seconds left.
|inactive|Juanjo555 has 15 seconds left.
|inactive|Juanjo555 has 10 seconds left.
|inactive|Juanjo555 has 5 seconds left.
|
|t:|1782247977
|teamsize|p1|4
|teamsize|p2|4
|start
|switch|p1a: Sableye|Sableye, L50, M|100/100
|switch|p1b: Swampert|Swampert, L50, F|100/100
|switch|p2a: Whimsicott|Whimsicott, L50, M|100/100
|switch|p2b: Kingambit|Kingambit, L50, M|100/100
|turn|1
|inactive|Juanjo555 has 30 seconds left.
|inactive|AaravosTheGreatTwo has 30 seconds left.
|
|t:|1782248011
|switch|p2b: Tsareena|Tsareena, L50, F|100/100
|detailschange|p1b: Swampert|Swampert-Mega, L50, F
|-mega|p1b: Swampert|Swampert|Swampertite
|move|p1a: Sableye|Reflect|p1a: Sableye
|-sidestart|p1: Juanjo555|Reflect
|move|p2a: Whimsicott|Moonblast|p1a: Sableye
|-supereffective|p1a: Sableye|1
|-damage|p1a: Sableye|0 fnt
|faint|p1a: Sableye
|move|p1b: Swampert|High Horsepower|p2b: Tsareena
|-resisted|p2b: Tsareena|1
|-damage|p2b: Tsareena|75/100
|
|upkeep
|
|t:|1782248019
|switch|p1a: Archaludon|Archaludon, L50, F|100/100
|turn|2
|inactive|Juanjo555 has 30 seconds left.
|
|t:|1782248053
|move|p1b: Swampert|Protect|p1b: Swampert
|-singleturn|p1b: Swampert|Protect
|move|p2a: Whimsicott|Encore|p1b: Swampert
|-activate|p1b: Swampert|move: Protect
|move|p1a: Archaludon|Draco Meteor|p2b: Tsareena
|-damage|p2b: Tsareena|25/100
|-unboost|p1a: Archaludon|spa|2
|-enditem|p2b: Tsareena|Sitrus Berry|[eat]
|-heal|p2b: Tsareena|49/100|[from] item: Sitrus Berry
|move|p2b: Tsareena|Low Kick|p1a: Archaludon
|-supereffective|p1a: Archaludon|1
|-damage|p1a: Archaludon|68/100
|-ability|p1a: Archaludon|Stamina|boost
|-boost|p1a: Archaludon|def|1
|
|-heal|p1a: Archaludon|74/100|[from] item: Leftovers
|upkeep
|turn|3
|inactive|Juanjo555 has 30 seconds left.
|inactive|Juanjo555 has 20 seconds left.
|inactive|Juanjo555 has 15 seconds left.
|inactive|Juanjo555 has 10 seconds left.
|
|t:|1782248103
|switch|p1b: Pelipper|Pelipper, L50, M|100/100
|-weather|RainDance|[from] ability: Drizzle|[of] p1b: Pelipper
|move|p1a: Archaludon|Protect|p1a: Archaludon
|-singleturn|p1a: Archaludon|Protect
|move|p2a: Whimsicott|Encore|p1a: Archaludon
|-activate|p1a: Archaludon|move: Protect
|move|p2b: Tsareena|Trop Kick|p1b: Pelipper
|-damage|p1b: Pelipper|57/100
|-unboost|p1b: Pelipper|atk|1
|
|-weather|RainDance|[upkeep]
|-heal|p1a: Archaludon|80/100|[from] item: Leftovers
|upkeep
|turn|4
|
|t:|1782248121
|switch|p1a: Swampert|Swampert-Mega, L50, F|100/100
|move|p2b: Tsareena|Protect|p2b: Tsareena
|-singleturn|p2b: Tsareena|Protect
|move|p2a: Whimsicott|Encore||[still]
|-fail|p2a: Whimsicott
|move|p1b: Pelipper|Tailwind|p1b: Pelipper
|-sidestart|p1: Juanjo555|move: Tailwind
|
|-weather|RainDance|[upkeep]
|upkeep
|turn|5
|
|t:|1782248136
|switch|p1a: Archaludon|Archaludon, L50, F|80/100
|move|p2a: Whimsicott|Encore|p1b: Pelipper
|-start|p1b: Pelipper|Encore
|move|p1b: Pelipper|Tailwind||[still]
|-fail|p1b: Pelipper
|move|p2b: Tsareena|Trop Kick|p1a: Archaludon
|-resisted|p1a: Archaludon|2
|-damage|p1a: Archaludon|73/100
|-unboost|p1a: Archaludon|atk|1
|-ability|p1a: Archaludon|Stamina|boost
|-boost|p1a: Archaludon|def|1
|
|-weather|RainDance|[upkeep]
|-heal|p1a: Archaludon|79/100|[from] item: Leftovers
|upkeep
|turn|6
|inactive|AaravosTheGreatTwo has 30 seconds left.
|
|t:|1782248167
|switch|p1b: Swampert|Swampert-Mega, L50, F|100/100
|move|p2b: Tsareena|Protect|p2b: Tsareena
|-singleturn|p2b: Tsareena|Protect
|move|p1a: Archaludon|Draco Meteor|p2b: Tsareena
|-activate|p2b: Tsareena|move: Protect
|move|p2a: Whimsicott|Moonblast|p1a: Archaludon
|-damage|p1a: Archaludon|43/100
|-unboost|p1a: Archaludon|spa|1
|-ability|p1a: Archaludon|Stamina|boost
|-boost|p1a: Archaludon|def|1
|
|-weather|RainDance|[upkeep]
|-heal|p1a: Archaludon|49/100|[from] item: Leftovers
|upkeep
|turn|7
|inactive|Juanjo555 has 30 seconds left.
|inactive|AaravosTheGreatTwo has 30 seconds left.
|
|t:|1782248194
|switch|p2b: Kingambit|Kingambit, L50, M|100/100
|move|p1b: Swampert|High Horsepower|p2b: Kingambit
|-supereffective|p2b: Kingambit|1
|-damage|p2b: Kingambit|24/100
|move|p1a: Archaludon|Draco Meteor|p2b: Kingambit
|-resisted|p2b: Kingambit|1
|-damage|p2b: Kingambit|6/100
|-unboost|p1a: Archaludon|spa|2
|move|p2a: Whimsicott|Moonblast|p1a: Archaludon
|-damage|p1a: Archaludon|12/100
|-ability|p1a: Archaludon|Stamina|boost
|-boost|p1a: Archaludon|def|1
|
|-weather|none
|-heal|p1a: Archaludon|18/100|[from] item: Leftovers
|-sideend|p1: Juanjo555|move: Tailwind
|upkeep
|turn|8
|inactive|Juanjo555 has 30 seconds left.
|inactive|AaravosTheGreatTwo has 30 seconds left.
|
|t:|1782248229
|move|p2a: Whimsicott|Encore|p1a: Archaludon
|-start|p1a: Archaludon|Encore
|move|p2b: Kingambit|Sucker Punch|p1b: Swampert
|-damage|p1b: Swampert|70/100
|move|p1a: Archaludon|Draco Meteor|p2a: Whimsicott
|-immune|p2a: Whimsicott
|move|p1b: Swampert|High Horsepower|p2b: Kingambit
|-supereffective|p2b: Kingambit|1
|-damage|p2b: Kingambit|0 fnt
|faint|p2b: Kingambit
|
|-heal|p1a: Archaludon|24/100|[from] item: Leftovers
|-sideend|p1: Juanjo555|Reflect
|upkeep
|
|t:|1782248240
|switch|p2b: Tsareena|Tsareena, L50, F|49/100
|turn|9
|
|t:|1782248262
|move|p1b: Swampert|Protect|p1b: Swampert
|-singleturn|p1b: Swampert|Protect
|move|p2a: Whimsicott|Moonblast|p1a: Archaludon
|-damage|p1a: Archaludon|0 fnt
|faint|p1a: Archaludon
|move|p2b: Tsareena|Trop Kick|p1b: Swampert
|-activate|p1b: Swampert|move: Protect
|
|upkeep
|
|t:|1782248270
|switch|p1a: Pelipper|Pelipper, L50, M|57/100
|-weather|RainDance|[from] ability: Drizzle|[of] p1a: Pelipper
|turn|10
|
|t:|1782248292
|move|p2b: Tsareena|Protect|p2b: Tsareena
|-singleturn|p2b: Tsareena|Protect
|move|p2a: Whimsicott|Encore|p1b: Swampert
|-start|p1b: Swampert|Encore
|move|p1b: Swampert|Protect||[still]
|-fail|p1b: Swampert
|move|p1a: Pelipper|Hurricane|p2b: Tsareena
|-activate|p2b: Tsareena|move: Protect
|
|-weather|RainDance|[upkeep]
|upkeep
|turn|11
|
|t:|1782248313
|move|p1b: Swampert|Protect|p1b: Swampert
|-singleturn|p1b: Swampert|Protect
|move|p2a: Whimsicott|Tailwind|p2a: Whimsicott
|-sidestart|p2: AaravosTheGreatTwo|move: Tailwind
|move|p2b: Tsareena|Triple Axel|p1a: Pelipper
|-damage|p1a: Pelipper|48/100
|-damage|p1a: Pelipper|28/100
|-damage|p1a: Pelipper|0 fnt
|faint|p1a: Pelipper
|-hitcount|p1: Pelipper|3
|
|-weather|RainDance|[upkeep]
|upkeep
|turn|12
|-message|Juanjo555 forfeited.
|
|win|AaravosTheGreatTwo
|l|☆Juanjo555
|player|p1|
|j|☆Juanjo555
|player|p1|Juanjo555|266|
||AaravosTheGreatTwo is ready for game 2.
||Juanjo555 is ready for game 2.
|uhtml|next|Next: Game 2 of 3
|l|☆Juanjo555
|player|p1|
