|j|☆jamirolol
|j|☆SongokuVG Fr
|html|jamirololSongokuVG Fr    
|uhtml|bestof|Game 3 of a best-of-3
|t:|1755684145
|gametype|doubles
|player|p1|jamirolol|1|1142
|player|p2|SongokuVG Fr|lucian|1193
|gen|9
|tier|[Gen 9] VGC 2025 Reg H (Bo3)
|rated|
|rule|Species Clause: Limit one of each Pokémon
|rule|Item Clause: Limit 1 of each item
|clearpoke
|poke|p1|Oricorio-Sensu, L50, F|
|poke|p1|Volcarona, L50, F|
|poke|p1|Grimmsnarl, L50, M|
|poke|p1|Rillaboom, L50, F|
|poke|p1|Tauros-Paldea-Aqua, L50, M|
|poke|p1|Zoroark-Hisui, L50, M|
|poke|p2|Ursaluna, L50, M|
|poke|p2|Tauros-Paldea-Aqua, L50, M|
|poke|p2|Gholdengo, L50|
|poke|p2|Incineroar, L50, M|
|poke|p2|Porygon2, L50|
|poke|p2|Kilowattrel, L50, F|
|teampreview|4
|showteam|p1|Oricorio-Sensu||FocusSash|Dancer|RevelationDance,AlluringVoice,Tailwind,Protect|||F|||50|,,,,,Flying]Volcarona||Leftovers|FlameBody|FieryDance,GigaDrain,QuiverDance,Protect|||F|||50|,,,,,Dragon]Grimmsnarl||CovertCloak|Prankster|PartingShot,Reflect,LightScreen,FoulPlay|||M|||50|,,,,,Poison]Rillaboom||AssaultVest|GrassySurge|KnockOff,FakeOut,GrassyGlide,WoodHammer|||F|||50|,,,,,Grass]Tauros-Paldea-Aqua||ClearAmulet|Intimidate|RagingBull,Protect,CloseCombat,ZenHeadbutt|||M|||50|,,,,,Ghost]Zoroark-Hisui||ChoiceSpecs|Illusion|Trick,BitterMalice,HyperVoice,Psychic|||M|||50|,,,,,Normal
|showteam|p2|Ursaluna||FlameOrb|Guts|Earthquake,Facade,HeadlongRush,Protect|||M|||50|,,,,,Ghost]Tauros-Paldea-Aqua||MirrorHerb|Intimidate|CloseCombat,WaveCrash,Protect,AquaJet|||M|||50|,,,,,Water]Gholdengo||MetalCoat|GoodasGold|MakeItRain,ShadowBall,NastyPlot,Protect||||||50|,,,,,Water]Incineroar||SafetyGoggles|Intimidate|FakeOut,FlareBlitz,KnockOff,PartingShot|||M|||50|,,,,,Ghost]Porygon2||Eviolite|Download|TeraBlast,TrickRoom,Recover,IceBeam||||||50|,,,,,Flying]Kilowattrel||FocusSash|Competitive|Tailwind,Protect,Thunderbolt,AirSlash|||F|||50|,,,,,Ghost
|inactive|Battle timer is ON: inactive players will automatically lose when time's up. (requested by SongokuVG Fr)
|
|t:|1755684158
|teamsize|p1|4
|teamsize|p2|4
|start
|switch|p1a: Volcarona|Volcarona, L50, F|100/100
|switch|p1b: Oricorio|Oricorio-Sensu, L50, F|100/100
|switch|p2a: Kilowattrel|Kilowattrel, L50, F|100/100
|switch|p2b: Gholdengo|Gholdengo, L50|100/100
|turn|1
|
|t:|1755684178
|-terastallize|p1a: Volcarona|Dragon
|move|p2b: Gholdengo|Protect|p2b: Gholdengo
|-singleturn|p2b: Gholdengo|Protect
|move|p2a: Kilowattrel|Tailwind|p2a: Kilowattrel
|-sidestart|p2: SongokuVG Fr|move: Tailwind
|move|p1b: Oricorio|Trick|p2a: Kilowattrel
|-activate|p1b: Oricorio|move: Trick|[of] p2a: Kilowattrel
|-item|p2a: Kilowattrel|Choice Specs|[from] move: Trick
|-item|p1b: Oricorio|Focus Sash|[from] move: Trick
|move|p1a: Volcarona|Quiver Dance|p1a: Volcarona
|-boost|p1a: Volcarona|spa|1
|-boost|p1a: Volcarona|spd|1
|-boost|p1a: Volcarona|spe|1
|
|upkeep
|turn|2
|inactive|jamirolol has 30 seconds left.
|
|t:|1755684209
|-terastallize|p2b: Gholdengo|Water
|move|p2a: Kilowattrel|Thunderbolt|p1b: Oricorio
|-enditem|p1b: Oricorio|Focus Sash
|-damage|p1b: Oricorio|1/100
|replace|p1b: Zoroark|Zoroark-Hisui, L50, M
|-end|p1b: Zoroark|Illusion
|move|p2b: Gholdengo|Nasty Plot|p2b: Gholdengo
|-boost|p2b: Gholdengo|spa|2
|move|p1a: Volcarona|Fiery Dance|p2b: Gholdengo
|-resisted|p2b: Gholdengo
|-damage|p2b: Gholdengo|66/100
|move|p1b: Zoroark|Bitter Malice|p2b: Gholdengo
|-damage|p2b: Gholdengo|26/100
|-unboost|p2b: Gholdengo|atk|1
|
|upkeep
|turn|3
|
|t:|1755684228
|switch|p1b: Rillaboom|Rillaboom, L50, F|100/100
|-fieldstart|move: Grassy Terrain|[from] ability: Grassy Surge|[of] p1b: Rillaboom
|move|p1a: Volcarona|Protect|p1a: Volcarona
|-singleturn|p1a: Volcarona|Protect
|move|p2a: Kilowattrel|Thunderbolt|p1a: Volcarona
|-activate|p1a: Volcarona|move: Protect
|move|p2b: Gholdengo|Make It Rain|p1a: Volcarona|[spread] p1b
|-activate|p1a: Volcarona|move: Protect
|-damage|p1b: Rillaboom|35/100
|-unboost|p2b: Gholdengo|spa|1
|
|-heal|p2b: Gholdengo|32/100|[from] Grassy Terrain
|-heal|p1b: Rillaboom|41/100|[from] Grassy Terrain
|upkeep
|turn|4
|
|t:|1755684249
|switch|p2b: Incineroar|Incineroar, L50, M|100/100
|-ability|p2b: Incineroar|Intimidate|boost
|-unboost|p1a: Volcarona|atk|1
|-unboost|p1b: Rillaboom|atk|1
|move|p1b: Rillaboom|Fake Out|p2a: Kilowattrel
|-damage|p2a: Kilowattrel|85/100
|cant|p2a: Kilowattrel|flinch
|move|p1a: Volcarona|Giga Drain|p2b: Incineroar
|-resisted|p2b: Incineroar
|-damage|p2b: Incineroar|80/100
|
|-heal|p2b: Incineroar|86/100|[from] Grassy Terrain
|-heal|p1b: Rillaboom|47/100|[from] Grassy Terrain
|-sideend|p2: SongokuVG Fr|move: Tailwind
|upkeep
|turn|5
|
|t:|1755684272
|move|p1a: Volcarona|Fiery Dance|p2a: Kilowattrel
|-damage|p2a: Kilowattrel|0 fnt
|-boost|p1a: Volcarona|spa|1
|faint|p2a: Kilowattrel
|move|p1b: Rillaboom|Knock Off|p2b: Incineroar
|-resisted|p2b: Incineroar
|-damage|p2b: Incineroar|78/100
|-enditem|p2b: Incineroar|Safety Goggles|[from] move: Knock Off|[of] p1b: Rillaboom
|move|p2b: Incineroar|Parting Shot|p1a: Volcarona
|-unboost|p1a: Volcarona|atk|1
|-unboost|p1a: Volcarona|spa|1
|
|t:|1755684284
|switch|p2b: Porygon2|Porygon2, L50|100/100|[from] Parting Shot
|-ability|p2b: Porygon2|Download|boost
|-boost|p2b: Porygon2|atk|1
|
|-heal|p1b: Rillaboom|53/100|[from] Grassy Terrain
|upkeep
|
|t:|1755684286
|switch|p2a: Incineroar|Incineroar, L50, M|78/100
|-ability|p2a: Incineroar|Intimidate|boost
|-unboost|p1a: Volcarona|atk|1
|-unboost|p1b: Rillaboom|atk|1
|turn|6
|
|t:|1755684305
|switch|p1b: Oricorio|Oricorio-Sensu, L50, F|100/100
|move|p2a: Incineroar|Fake Out|p1b: Oricorio
|-immune|p1b: Oricorio
|move|p1a: Volcarona|Fiery Dance|p2b: Porygon2
|-damage|p2b: Porygon2|66/100
|-boost|p1a: Volcarona|spa|1
|-activate|p1b: Oricorio|ability: Dancer
|move|p1b: Oricorio|Fiery Dance|p2b: Porygon2|[from] ability: Dancer
|-damage|p2b: Porygon2|49/100
|move|p2b: Porygon2|Trick Room|p2b: Porygon2
|-fieldstart|move: Trick Room|[of] p2b: Porygon2
|
|-heal|p2b: Porygon2|55/100|[from] Grassy Terrain
|-heal|p2a: Incineroar|84/100|[from] Grassy Terrain
|upkeep
|turn|7
|
|t:|1755684329
|move|p1b: Oricorio|Protect|p1b: Oricorio
|-singleturn|p1b: Oricorio|Protect
|move|p2b: Porygon2|Recover|p2b: Porygon2
|-heal|p2b: Porygon2|100/100
|move|p2a: Incineroar|Parting Shot|p1a: Volcarona
|-unboost|p1a: Volcarona|atk|1
|-unboost|p1a: Volcarona|spa|1
|
|t:|1755684337
|switch|p2a: Gholdengo|Gholdengo, L50, tera:Water|32/100|[from] Parting Shot
|move|p1a: Volcarona|Fiery Dance|p2b: Porygon2
|-damage|p2b: Porygon2|65/100
|-activate|p1b: Oricorio|ability: Dancer
|move|p1b: Oricorio|Fiery Dance|p2b: Porygon2|[from] ability: Dancer
|-damage|p2b: Porygon2|50/100
|
|-heal|p2b: Porygon2|56/100|[from] Grassy Terrain
|-heal|p2a: Gholdengo|38/100|[from] Grassy Terrain
|-fieldend|move: Grassy Terrain
|upkeep
|turn|8
|
|t:|1755684352
|switch|p1b: Rillaboom|Rillaboom, L50, F|53/100
|-fieldstart|move: Grassy Terrain|[from] ability: Grassy Surge|[of] p1b: Rillaboom
|move|p2b: Porygon2|Ice Beam|p1b: Rillaboom
|-supereffective|p1b: Rillaboom
|-damage|p1b: Rillaboom|26/100
|move|p2a: Gholdengo|Shadow Ball|p1b: Rillaboom
|-damage|p1b: Rillaboom|0 fnt
|faint|p1b: Rillaboom
|move|p1a: Volcarona|Giga Drain|p2a: Gholdengo
|-supereffective|p2a: Gholdengo
|-damage|p2a: Gholdengo|0 fnt
|faint|p2a: Gholdengo
|
|-heal|p2b: Porygon2|62/100|[from] Grassy Terrain
|upkeep
|
|t:|1755684371
|switch|p1b: Oricorio|Oricorio-Sensu, L50, F|100/100
|switch|p2a: Incineroar|Incineroar, L50, M|84/100
|-ability|p2a: Incineroar|Intimidate|boost
|-unboost|p1a: Volcarona|atk|1
|-unboost|p1b: Oricorio|atk|1
|turn|9
|
|t:|1755684383
|move|p1b: Oricorio|Protect|p1b: Oricorio
|-singleturn|p1b: Oricorio|Protect
|move|p2a: Incineroar|Fake Out|p1a: Volcarona
|-damage|p1a: Volcarona|88/100
|move|p2b: Porygon2|Ice Beam|p1a: Volcarona
|-supereffective|p1a: Volcarona
|-damage|p1a: Volcarona|58/100
|cant|p1a: Volcarona|flinch
|
|-heal|p2b: Porygon2|69/100|[from] Grassy Terrain
|-heal|p2a: Incineroar|90/100|[from] Grassy Terrain
|-heal|p1a: Volcarona|65/100|[from] Grassy Terrain
|-heal|p1a: Volcarona|71/100|[from] item: Leftovers
|upkeep
|turn|10
|
|t:|1755684400
|move|p2b: Porygon2|Recover|p2b: Porygon2
|-heal|p2b: Porygon2|100/100
|move|p2a: Incineroar|Knock Off|p1a: Volcarona
|-damage|p1a: Volcarona|25/100
|-enditem|p1a: Volcarona|Leftovers|[from] move: Knock Off|[of] p2a: Incineroar
|move|p1b: Oricorio|Alluring Voice|p2b: Porygon2
|-damage|p2b: Porygon2|85/100
|move|p1a: Volcarona|Fiery Dance|p2b: Porygon2
|-damage|p2b: Porygon2|54/100
|-boost|p1a: Volcarona|spa|1
|-activate|p1b: Oricorio|ability: Dancer
|move|p1b: Oricorio|Fiery Dance|p2b: Porygon2|[from] ability: Dancer
|-damage|p2b: Porygon2|39/100
|-boost|p1b: Oricorio|spa|1
|
|-heal|p2b: Porygon2|45/100|[from] Grassy Terrain
|-heal|p2a: Incineroar|96/100|[from] Grassy Terrain
|-heal|p1a: Volcarona|31/100|[from] Grassy Terrain
|-fieldend|move: Trick Room
|upkeep
|turn|11
|
|t:|1755684417
|move|p1a: Volcarona|Fiery Dance|p2b: Porygon2
|-damage|p2b: Porygon2|4/100
|-activate|p1b: Oricorio|ability: Dancer
|move|p1b: Oricorio|Fiery Dance|p2b: Porygon2|[from] ability: Dancer
|-damage|p2b: Porygon2|0 fnt
|faint|p2b: Porygon2
|move|p1b: Oricorio|Alluring Voice|p2a: Incineroar
|-damage|p2a: Incineroar|60/100
|move|p2a: Incineroar|Parting Shot|p1a: Volcarona
|-unboost|p1a: Volcarona|atk|1
|-unboost|p1a: Volcarona|spa|1
|
|-heal|p1a: Volcarona|37/100|[from] Grassy Terrain
|-heal|p2a: Incineroar|66/100|[from] Grassy Terrain
|upkeep
|turn|12
|
|t:|1755684425
|move|p1a: Volcarona|Fiery Dance|p2a: Incineroar
|-resisted|p2a: Incineroar
|-damage|p2a: Incineroar|40/100
|-activate|p1b: Oricorio|ability: Dancer
|move|p1b: Oricorio|Fiery Dance|p2a: Incineroar|[from] ability: Dancer
|-resisted|p2a: Incineroar
|-damage|p2a: Incineroar|22/100
|move|p1b: Oricorio|Alluring Voice|p2a: Incineroar
|-damage|p2a: Incineroar|0 fnt
|faint|p2a: Incineroar
|
|win|jamirolol
|raw|jamirolol's rating: 1142 → 1171(+29 for winning)
|raw|SongokuVG Fr's rating: 1193 → 1164(-29 for losing)
|c|☆jamirolol|GG
|l|☆SongokuVG Fr
|player|p2|
