|j|☆MugiwaraLux
|j|☆paradox duck
|html|MugiwaraLuxparadox duck    
|uhtml|bestof|Game 2 of a best-of-3
|t:|1785879682
|gametype|doubles
|player|p1|MugiwaraLux|cynthia-masters4|1366
|player|p2|paradox duck|ghetsis|1322
|gen|9
|tier|[Gen 9 Champions] VGC 2026 Reg M-B (Bo3)
|rated|
|rule|Species Clause: Limit one of each Pokémon
|rule|Item Clause: Limit 1 of each item
|clearpoke
|poke|p1|Garchomp, L50, M|
|poke|p1|Venusaur, L50, M|
|poke|p1|Incineroar, L50, F|
|poke|p1|Charizard, L50, F|
|poke|p1|Toxapex, L50, M|
|poke|p1|Annihilape, L50, F|
|poke|p2|Garchomp, L50, M|
|poke|p2|Tyranitar, L50, M|
|poke|p2|Gholdengo, L50|
|poke|p2|Whimsicott, L50, F|
|poke|p2|Sneasler, L50, F|
|poke|p2|Floette-Eternal, L50, F|
|teampreview|4
|showteam|p1|Garchomp||ChoiceScarf|RoughSkin|Earthquake,RockSlide,DragonClaw,StompingTantrum|Adamant||M|||50|]Venusaur||LifeOrb|Chlorophyll|SludgeBomb,LeafStorm,EarthPower,Protect|Modest||M|||50|]Incineroar||SitrusBerry|Intimidate|FakeOut,FlareBlitz,ThroatChop,PartingShot|Impish||F|||50|]Charizard||CharizarditeY|Blaze|HeatWave,WeatherBall,Protect,HelpingHand|Modest||F|||50|]Toxapex||Leftovers|Regenerator|Infestation,Toxic,WideGuard,BanefulBunker|Impish||M|||50|]Annihilape||FocusSash|Defiant|CloseCombat,PhantomForce,RockTomb,Protect|Jolly||F|||50|
|showteam|p2|Garchomp||Garchompite|SandVeil|EarthPower,DracoMeteor,PowerGem,Protect|Modest||M|||50|]Tyranitar||ChoiceScarf|SandStream|RockSlide,Superpower,KnockOff,IcePunch|Jolly||M|||50|]Gholdengo||LifeOrb|GoodasGold|MakeItRain,ShadowBall,NastyPlot,Protect|Modest|||||50|]Whimsicott||FocusSash|Prankster|Moonblast,Tailwind,Encore,Protect|Timid||F|||50|]Sneasler||WhiteHerb|Unburden|CloseCombat,DireClaw,FakeOut,Protect|Jolly||F|||50|]Floette-Eternal||Floettite|FlowerVeil|Moonblast,DazzlingGleam,LightofRuin,Protect|Modest||F|||50|
|inactive|Battle timer is ON: inactive players will automatically lose when time's up. (requested by MugiwaraLux)
|inactive|MugiwaraLux has 60 seconds left.
|inactive|paradox duck has 60 seconds left.
|
|t:|1785879733
|teamsize|p1|4
|teamsize|p2|4
|start
|switch|p1a: Charizard|Charizard, L50, F|100/100
|switch|p1b: Garchomp|Garchomp, L50, M|100/100
|switch|p2a: Garchomp|Garchomp, L50, M|100/100
|switch|p2b: Whimsicott|Whimsicott, L50, F|100/100
|turn|1
|
|t:|1785879741
|detailschange|p1a: Charizard|Charizard-Mega-Y, L50, F
|-mega|p1a: Charizard|Charizard|Charizardite Y
|-weather|SunnyDay|[from] ability: Drought|[of] p1a: Charizard
|detailschange|p2a: Garchomp|Garchomp-Mega, L50, M
|-mega|p2a: Garchomp|Garchomp|Garchompite
|move|p1a: Charizard|Protect|p1a: Charizard
|-singleturn|p1a: Charizard|Protect
|move|p2b: Whimsicott|Tailwind|p2b: Whimsicott
|-sidestart|p2: paradox duck|move: Tailwind
|move|p2a: Garchomp|Draco Meteor|p1b: Garchomp
|-supereffective|p1b: Garchomp|1
|-damage|p1b: Garchomp|0 fnt
|-unboost|p2a: Garchomp|spa|2
|faint|p1b: Garchomp
|
|-weather|SunnyDay|[upkeep]
|upkeep
|
|t:|1785879748
|switch|p1b: Venusaur|Venusaur, L50, M|100/100
|turn|2
|
|t:|1785879766
|switch|p2b: Tyranitar|Tyranitar, L50, M|100/100
|-weather|Sandstorm|[from] ability: Sand Stream|[of] p2b: Tyranitar
|move|p1a: Charizard|Helping Hand|p1b: Venusaur
|-singleturn|p1b: Venusaur|Helping Hand|[of] p1a: Charizard
|move|p2a: Garchomp|Power Gem|p1a: Charizard
|-supereffective|p1a: Charizard|2
|-damage|p1a: Charizard|29/100
|move|p1b: Venusaur|Leaf Storm|p2a: Garchomp
|-damage|p2a: Garchomp|0 fnt
|-unboost|p1b: Venusaur|spa|2
|faint|p2a: Garchomp
|-damage|p1b: Venusaur|90/100|[from] item: Life Orb
|
|-weather|Sandstorm|[upkeep]
|-damage|p1a: Charizard|23/100|[from] Sandstorm
|-damage|p1b: Venusaur|84/100|[from] Sandstorm
|upkeep
|
|t:|1785879783
|switch|p2a: Whimsicott|Whimsicott, L50, F|100/100
|turn|3
|
|t:|1785879790
|switch|p1a: Toxapex|Toxapex, L50, M|100/100
|move|p1b: Venusaur|Protect|p1b: Venusaur
|-singleturn|p1b: Venusaur|Protect
|move|p2a: Whimsicott|Encore|p1b: Venusaur
|-activate|p1b: Venusaur|move: Protect
|move|p2b: Tyranitar|Rock Slide|p1b: Venusaur|[spread] p1a
|-activate|p1b: Venusaur|move: Protect
|-damage|p1a: Toxapex|80/100
|
|-weather|Sandstorm|[upkeep]
|-damage|p2a: Whimsicott|94/100|[from] Sandstorm
|-damage|p1b: Venusaur|79/100|[from] Sandstorm
|-damage|p1a: Toxapex|74/100|[from] Sandstorm
|-heal|p1a: Toxapex|80/100|[from] item: Leftovers
|upkeep
|turn|4
|
|t:|1785879801
|switch|p2b: Gholdengo|Gholdengo, L50|100/100
|switch|p1b: Charizard|Charizard-Mega-Y, L50, F|23/100
|-weather|SunnyDay|[from] ability: Drought|[of] p1b: Charizard
|move|p2a: Whimsicott|Encore||[still]
|-fail|p2a: Whimsicott
|move|p1a: Toxapex|Infestation|p2a: Whimsicott
|-damage|p2a: Whimsicott|89/100
|-activate|p2a: Whimsicott|move: Infestation|[of] p1a: Toxapex
|
|-weather|SunnyDay|[upkeep]
|-heal|p1a: Toxapex|85/100|[from] item: Leftovers
|-damage|p2a: Whimsicott|76/100|[from] move: Infestation|[partiallytrapped]
|-sideend|p2: paradox duck|move: Tailwind
|upkeep
|turn|5
|
|t:|1785879811
|switch|p1b: Venusaur|Venusaur, L50, M|79/100
|move|p2a: Whimsicott|Tailwind|p2a: Whimsicott
|-sidestart|p2: paradox duck|move: Tailwind
|move|p2b: Gholdengo|Shadow Ball|p1b: Venusaur
|-damage|p1b: Venusaur|20/100y
|-damage|p2b: Gholdengo|90/100|[from] item: Life Orb
|move|p1a: Toxapex|Infestation|p2b: Gholdengo
|-resisted|p2b: Gholdengo|2
|-damage|p2b: Gholdengo|89/100
|-activate|p2b: Gholdengo|move: Infestation|[of] p1a: Toxapex
|
|-weather|SunnyDay|[upkeep]
|-heal|p1a: Toxapex|91/100|[from] item: Leftovers
|-damage|p2a: Whimsicott|64/100|[from] move: Infestation|[partiallytrapped]
|-damage|p2b: Gholdengo|77/100|[from] move: Infestation|[partiallytrapped]
|upkeep
|turn|6
|
|t:|1785879829
|move|p2b: Gholdengo|Protect|p2b: Gholdengo
|-singleturn|p2b: Gholdengo|Protect
|move|p2a: Whimsicott|Moonblast|p1b: Venusaur
|-resisted|p1b: Venusaur|1
|-crit|p1b: Venusaur
|-damage|p1b: Venusaur|0 fnt
|faint|p1b: Venusaur
|move|p1a: Toxapex|Toxic|p2a: Whimsicott
|-status|p2a: Whimsicott|tox
|
|-weather|SunnyDay|[upkeep]
|-heal|p1a: Toxapex|97/100|[from] item: Leftovers
|-damage|p2a: Whimsicott|58/100 tox|[from] psn
|-damage|p2a: Whimsicott|45/100 tox|[from] move: Infestation|[partiallytrapped]
|-damage|p2b: Gholdengo|64/100|[from] move: Infestation|[partiallytrapped]
|upkeep
|
|t:|1785879834
|switch|p1b: Charizard|Charizard-Mega-Y, L50, F|23/100
|turn|7
|
|t:|1785879851
|move|p1b: Charizard|Protect|p1b: Charizard
|-singleturn|p1b: Charizard|Protect
|move|p2a: Whimsicott|Moonblast|p1b: Charizard
|-activate|p1b: Charizard|move: Protect
|move|p2b: Gholdengo|Shadow Ball|p1b: Charizard
|-activate|p1b: Charizard|move: Protect
|move|p1a: Toxapex|Infestation|p2a: Whimsicott
|-damage|p2a: Whimsicott|40/100 tox
|
|-weather|SunnyDay|[upkeep]
|-heal|p1a: Toxapex|100/100|[from] item: Leftovers
|-damage|p2a: Whimsicott|29/100 tox|[from] psn
|-damage|p2a: Whimsicott|16/100 tox|[from] move: Infestation|[partiallytrapped]
|-damage|p2b: Gholdengo|52/100|[from] move: Infestation|[partiallytrapped]
|upkeep
|turn|8
|
|t:|1785879864
|move|p1b: Charizard|Protect|p1b: Charizard
|-singleturn|p1b: Charizard|Protect
|move|p2a: Whimsicott|Encore|p1b: Charizard
|-activate|p1b: Charizard|move: Protect
|move|p2b: Gholdengo|Nasty Plot|p2b: Gholdengo
|-boost|p2b: Gholdengo|spa|2
|move|p1a: Toxapex|Infestation|p2b: Gholdengo
|-resisted|p2b: Gholdengo|2
|-damage|p2b: Gholdengo|52/100
|
|-weather|none
|-damage|p2a: Whimsicott|0 fnt|[from] psn
|faint|p2a: Whimsicott
|-damage|p2b: Gholdengo|39/100|[from] move: Infestation|[partiallytrapped]
|-sideend|p2: paradox duck|move: Tailwind
|upkeep
|
|t:|1785879868
|switch|p2a: Tyranitar|Tyranitar, L50, M|100/100
|-weather|Sandstorm|[from] ability: Sand Stream|[of] p2a: Tyranitar
|turn|9
|
|t:|1785879873
|move|p2a: Tyranitar|Knock Off|p1b: Charizard
|-damage|p1b: Charizard|0 fnt
|faint|p1b: Charizard
|move|p2b: Gholdengo|Shadow Ball|p1a: Toxapex
|-damage|p1a: Toxapex|19/100
|-damage|p2b: Gholdengo|29/100|[from] item: Life Orb
|move|p1a: Toxapex|Infestation|p2a: Tyranitar
|-supereffective|p2a: Tyranitar|1
|-damage|p2a: Tyranitar|95/100
|-activate|p2a: Tyranitar|move: Infestation|[of] p1a: Toxapex
|
|-weather|Sandstorm|[upkeep]
|-damage|p1a: Toxapex|14/100|[from] Sandstorm
|-heal|p1a: Toxapex|19/100|[from] item: Leftovers
|-damage|p2a: Tyranitar|83/100|[from] move: Infestation|[partiallytrapped]
|-end|p2b: Gholdengo|Infestation|[partiallytrapped]
|upkeep
|turn|10
|-message|MugiwaraLux forfeited.
|
|win|paradox duck
|raw|MugiwaraLux's rating: 1366 → 1343(-23 for losing)
|raw|paradox duck's rating: 1322 → 1345(+23 for winning)
|c|☆paradox duck|gg
|c|☆MugiwaraLux|gg
