|j|☆Jortchamp
|j|☆celaerity
|html|Jortchampcelaerity    
|uhtml|bestof|Game 1 of a best-of-3
|t:|1782665957
|gametype|doubles
|player|p1|Jortchamp|#smogonxnpa2025draftee|
|player|p2|celaerity|mars|
|gen|9
|tier|[Gen 9 Champions] VGC 2026 Reg M-B (Bo3)
|rule|Species Clause: Limit one of each Pokémon
|rule|Item Clause: Limit 1 of each item
|clearpoke
|poke|p1|Mamoswine, L50, M|
|poke|p1|Torkoal, L50, M|
|poke|p1|Pyroar, L50, F|
|poke|p1|Venusaur, L50, F|
|poke|p1|Farigiraf, L50, F|
|poke|p1|Scrafty, L50, M|
|poke|p2|Grimmsnarl, L50, M|
|poke|p2|Swampert, L50, M|
|poke|p2|Pelipper, L50, M|
|poke|p2|Archaludon, L50, M|
|poke|p2|Venusaur, L50, F|
|poke|p2|Gholdengo, L50|
|teampreview|4
|showteam|p1|Mamoswine||FocusSash|Oblivious|HighHorsepower,IceShard,RockSlide,Protect|Jolly||M|||50|]Torkoal||HeatRock|Drought|Eruption,WeatherBall,HelpingHand,Protect|Quiet||M|||50|]Pyroar||Pyroarite|Unnerve|HeatWave,Overheat,Yawn,Protect|Timid||F|||50|]Venusaur||LifeOrb|Chlorophyll|EnergyBall,EarthPower,SludgeBomb,Protect|Modest||F|||50|]Farigiraf||SitrusBerry|ArmorTail|Psychic,Thunderbolt,TrickRoom,Protect|Quiet||F|||50|]Scrafty||Scraftinite|Intimidate|FakeOut,DrainPunch,IcePunch,KnockOff|Adamant||M|||50|
|showteam|p2|Grimmsnarl||LightClay|Prankster|SpiritBreak,PartingShot,Reflect,LightScreen|Careful||M|||50|]Swampert||Swampertite|Damp|WaveCrash,Earthquake,IcePunch,Protect|Adamant||M|||50|]Pelipper||FocusSash|Drizzle|Hurricane,WeatherBall,Tailwind,WideGuard|Modest||M|||50|]Archaludon||Leftovers|Stamina|ElectroShot,DragonPulse,FlashCannon,Protect|Modest||M|||50|]Venusaur||Venusaurite|Chlorophyll|GigaDrain,SludgeBomb,EarthPower,Protect|Modest||F|||50|]Gholdengo||LifeOrb|GoodasGold|MakeItRain,ShadowBall,NastyPlot,Protect|Modest|||||50|
|c|☆celaerity|sending link out
|l|☆Jortchamp
|player|p1|
|j| DmanVGC
|j|☆Jortchamp
|player|p1|Jortchamp|#smogonxnpa2025draftee|
|c|☆Jortchamp|GLHF
|j| DDXDonYT
|j| RadiantSteelix
|j| Combustandy
|c|☆celaerity|you too
|j| MrGardnHose
|l| Combustandy
|j| samuroleon
|j| Combustandy
|
|t:|1782666095
|teamsize|p1|4
|teamsize|p2|4
|start
|switch|p1a: Scrafty|Scrafty, L50, M|100/100
|switch|p1b: Venusaur|Venusaur, L50, F|100/100
|switch|p2a: Venusaur|Venusaur, L50, F|100/100
|switch|p2b: Grimmsnarl|Grimmsnarl, L50, M|100/100
|-ability|p1a: Scrafty|Intimidate|boost
|-unboost|p2a: Venusaur|atk|1
|-unboost|p2b: Grimmsnarl|atk|1
|turn|1
|inactive|Battle timer is ON: inactive players will automatically lose when time's up. (requested by celaerity)
|inactive|celaerity has 60 seconds left.
|
|t:|1782666150
|detailschange|p2a: Venusaur|Venusaur-Mega, L50, F
|-mega|p2a: Venusaur|Venusaur|Venusaurite
|move|p1a: Scrafty|Fake Out|p2b: Grimmsnarl
|-damage|p2b: Grimmsnarl|87/100
|cant|p2b: Grimmsnarl|flinch
|move|p1b: Venusaur|Sludge Bomb|p2b: Grimmsnarl
|-supereffective|p2b: Grimmsnarl|1
|-damage|p2b: Grimmsnarl|0 fnt
|faint|p2b: Grimmsnarl
|-damage|p1b: Venusaur|90/100|[from] item: Life Orb
|move|p2a: Venusaur|Sludge Bomb|p1b: Venusaur
|-damage|p1b: Venusaur|43/100
|
|upkeep
|inactive|celaerity has 30 seconds left.
|
|t:|1782666184
|switch|p2b: Pelipper|Pelipper, L50, M|100/100
|-weather|RainDance|[from] ability: Drizzle|[of] p2b: Pelipper
|turn|2
|l| MrGardnHose
|
|t:|1782666201
|switch|p2b: Archaludon|Archaludon, L50, M|100/100
|switch|p1a: Torkoal|Torkoal, L50, M|100/100
|-weather|SunnyDay|[from] ability: Drought|[of] p1a: Torkoal
|move|p1b: Venusaur|Sludge Bomb|p2a: Venusaur
|-damage|p2a: Venusaur|56/100
|-damage|p1b: Venusaur|34/100|[from] item: Life Orb
|move|p2a: Venusaur|Sludge Bomb|p1b: Venusaur
|-damage|p1b: Venusaur|0 fnt
|faint|p1b: Venusaur
|
|-weather|SunnyDay|[upkeep]
|upkeep
|
|t:|1782666205
|switch|p1b: Mamoswine|Mamoswine, L50, M|100/100
|turn|3
|inactive|celaerity has 30 seconds left.
|
|t:|1782666232
|switch|p2b: Pelipper|Pelipper, L50, M|100/100
|-weather|RainDance|[from] ability: Drizzle|[of] p2b: Pelipper
|switch|p1a: Scrafty|Scrafty, L50, M|100/100
|-ability|p1a: Scrafty|Intimidate|boost
|-unboost|p2a: Venusaur|atk|1
|-unboost|p2b: Pelipper|atk|1
|move|p1b: Mamoswine|Protect|p1b: Mamoswine
|-singleturn|p1b: Mamoswine|Protect
|move|p2a: Venusaur|Giga Drain|p1b: Mamoswine
|-activate|p1b: Mamoswine|move: Protect
|
|-weather|RainDance|[upkeep]
|upkeep
|turn|4
|
|t:|1782666255
|detailschange|p1a: Scrafty|Scrafty-Mega, L50, M
|-mega|p1a: Scrafty|Scrafty|Scraftinite
|-ability|p1a: Scrafty|Intimidate|boost
|-unboost|p2a: Venusaur|atk|1
|-unboost|p2b: Pelipper|atk|1
|move|p2a: Venusaur|Protect|p2a: Venusaur
|-singleturn|p2a: Venusaur|Protect
|move|p1a: Scrafty|Fake Out|p2a: Venusaur
|-activate|p2a: Venusaur|move: Protect
|move|p1b: Mamoswine|High Horsepower|p2a: Venusaur
|-activate|p2a: Venusaur|move: Protect
|move|p2b: Pelipper|Tailwind|p2b: Pelipper
|-sidestart|p2: celaerity|move: Tailwind
|
|-weather|RainDance|[upkeep]
|upkeep
|turn|5
|inactive|celaerity has 30 seconds left.
|
|t:|1782666280
|switch|p2b: Archaludon|Archaludon, L50, M|100/100
|switch|p1b: Torkoal|Torkoal, L50, M|100/100
|-weather|SunnyDay|[from] ability: Drought|[of] p1b: Torkoal
|move|p2a: Venusaur|Earth Power|p1a: Scrafty
|-damage|p1a: Scrafty|76/100
|move|p1a: Scrafty|Knock Off|p2b: Archaludon
|-damage|p2b: Archaludon|61/100
|-ability|p2b: Archaludon|Stamina|boost
|-boost|p2b: Archaludon|def|1
|-enditem|p2b: Archaludon|Leftovers|[from] move: Knock Off|[of] p1a: Scrafty
|
|-weather|SunnyDay|[upkeep]
|upkeep
|turn|6
|
|t:|1782666304
|switch|p2b: Pelipper|Pelipper, L50, M|100/100
|-weather|RainDance|[from] ability: Drizzle|[of] p2b: Pelipper
|move|p2a: Venusaur|Giga Drain|p1a: Scrafty
|-damage|p1a: Scrafty|45/100
|-heal|p2a: Venusaur|70/100|[from] drain|[of] p1a: Scrafty
|move|p1a: Scrafty|Drain Punch|p2b: Pelipper
|-resisted|p2b: Pelipper|1
|-damage|p2b: Pelipper|78/100
|-heal|p1a: Scrafty|55/100|[from] drain|[of] p2b: Pelipper
|move|p1b: Torkoal|Eruption|p2a: Venusaur|[spread] p2a,p2b
|-supereffective|p2a: Venusaur|1
|-resisted|p2b: Pelipper|1
|-damage|p2a: Venusaur|50/100g
|-damage|p2b: Pelipper|64/100
|
|-weather|RainDance|[upkeep]
|upkeep
|turn|7
|inactive|celaerity has 30 seconds left.
|
|t:|1782666335
|move|p1b: Torkoal|Protect|p1b: Torkoal
|-singleturn|p1b: Torkoal|Protect
|move|p2a: Venusaur|Giga Drain|p1a: Scrafty
|-damage|p1a: Scrafty|25/100
|-heal|p2a: Venusaur|64/100|[from] drain|[of] p1a: Scrafty
|move|p2b: Pelipper|Weather Ball|p1a: Scrafty
|-damage|p1a: Scrafty|0 fnt
|faint|p1a: Scrafty
|
|-weather|RainDance|[upkeep]
|-sideend|p2: celaerity|move: Tailwind
|upkeep
|
|t:|1782666337
|switch|p1a: Mamoswine|Mamoswine, L50, M|100/100
|turn|8
|
|t:|1782666359
|move|p1b: Torkoal|Helping Hand|p1a: Mamoswine
|-singleturn|p1a: Mamoswine|Helping Hand|[of] p1b: Torkoal
|move|p2b: Pelipper|Wide Guard|p2b: Pelipper
|-singleturn|p2b: Pelipper|Wide Guard
|move|p1a: Mamoswine|Rock Slide|p2b: Pelipper|[spread] 
|-activate|p2a: Venusaur|move: Wide Guard
|-activate|p2b: Pelipper|move: Wide Guard
|move|p2a: Venusaur|Giga Drain|p1a: Mamoswine
|-supereffective|p1a: Mamoswine|1
|-enditem|p1a: Mamoswine|Focus Sash
|-damage|p1a: Mamoswine|1/100
|-heal|p2a: Venusaur|100/100|[from] drain|[of] p1a: Mamoswine
|
|-weather|RainDance|[upkeep]
|upkeep
|turn|9
|-message|Jortchamp forfeited.
|
|win|celaerity
||Jortchamp is ready for game 2.
||celaerity is ready for game 2.
|uhtml|next|Next: Game 2 of 3
|j| chl0es!
|l| chl0es!
|j| Germanspeedcreep
|j| MrGardnHose
|l| MrGardnHose
|l| Germanspeedcreep
|l| RadiantSteelix
|l| Combustandy
|l| samuroleon
|l|☆Jortchamp
|player|p1|
|l| DDXDonYT
