|j|☆OOF? YEE?
|j|☆cocacolaindahhouse
|html|OOF? YEE?cocacolaindahhouse    
|uhtml|bestof|Game 2 of a best-of-3
|t:|1756482754
|gametype|doubles
|player|p1|OOF? YEE?|169|1336
|player|p2|cocacolaindahhouse|1|1478
|gen|9
|tier|[Gen 9] VGC 2025 Reg H (Bo3)
|rated|
|rule|Species Clause: Limit one of each Pokémon
|rule|Item Clause: Limit 1 of each item
|clearpoke
|poke|p1|Archaludon, L50, M|
|poke|p1|Pelipper, L50, F|
|poke|p1|Dondozo, L50, M|
|poke|p1|Amoonguss, L50, F|
|poke|p1|Comfey, L50, M|
|poke|p1|Tatsugiri, L50, M|
|poke|p2|Ursaluna, L50, M|
|poke|p2|Dragonite, L50, M|
|poke|p2|Archaludon, L50, M|
|poke|p2|Sinistcha, L50|
|poke|p2|Pelipper, L50, M|
|poke|p2|Gholdengo, L50|
|teampreview|4
|showteam|p1|Archaludon||AssaultVest|Stamina|ElectroShot,BodyPress,FlashCannon,Snarl|||M|||50|,,,,,Grass]Pelipper||ChoiceScarf|Drizzle|Tailwind,Hurricane,WeatherBall,Uturn|||F|||50|,,,,,Ghost]Dondozo||Leftovers|Unaware|Rest,Earthquake,WaveCrash,SleepTalk|||M|||50|,,,,,Ghost]Amoonguss||CovertCloak|Regenerator|PollenPuff,ClearSmog,RagePowder,Spore|||F|||50|,,,,,Water]Comfey||SafetyGoggles|Triage|DrainingKiss,FloralHealing,LightScreen,Protect|||M|||50|,,,,,Steel]Tatsugiri||FocusSash|Commander|Protect,Surf,DracoMeteor,Taunt|||M|||50|,,,,,Ghost
|showteam|p2|Ursaluna||FlameOrb|Guts|Facade,Protect,HeadlongRush,Earthquake|||M|||50|,,,,,Ghost]Dragonite||LoadedDice|Multiscale|ScaleShot,Protect,Haze,Tailwind|||M|||50|,,,,,Fairy]Archaludon||AssaultVest|Stamina|FlashCannon,BodyPress,ElectroShot,Snarl|||M|||50|,,,,,Fighting]Sinistcha||SitrusBerry|Hospitality|LifeDew,MatchaGotcha,TrickRoom,RagePowder||||||50|,,,,,Dark]Pelipper||FocusSash|Drizzle|Hurricane,Tailwind,MuddyWater,Protect|||M|||50|,,,,,Ghost]Gholdengo||ChoiceScarf|GoodasGold|MakeItRain,ShadowBall,Trick,TeraBlast||||||50|,,,,,Water
|
|t:|1756482775
|teamsize|p1|4
|teamsize|p2|4
|start
|switch|p1a: Pelipper|Pelipper, L50, F|100/100
|switch|p1b: Dondozo|Dondozo, L50, M|100/100
|switch|p2a: Archaludon|Archaludon, L50, M|100/100
|switch|p2b: Gholdengo|Gholdengo, L50|100/100
|-weather|RainDance|[from] ability: Drizzle|[of] p1a: Pelipper
|turn|1
|inactive|Battle timer is ON: inactive players will automatically lose when time's up. (requested by cocacolaindahhouse)
|inactive|cocacolaindahhouse has 60 seconds left.
|
|t:|1756482825
|switch|p1a: Archaludon|Archaludon, L50, M|100/100
|move|p2b: Gholdengo|Trick|p1b: Dondozo
|-activate|p2b: Gholdengo|move: Trick|[of] p1b: Dondozo
|-item|p1b: Dondozo|Choice Scarf|[from] move: Trick
|-item|p2b: Gholdengo|Leftovers|[from] move: Trick
|move|p2a: Archaludon|Electro Shot||[still]
|-prepare|p2a: Archaludon|Electro Shot
|-boost|p2a: Archaludon|spa|1
|-anim|p2a: Archaludon|Electro Shot|p1a: Archaludon
|-resisted|p1a: Archaludon
|-damage|p1a: Archaludon|84/100
|-ability|p1a: Archaludon|Stamina|boost
|-boost|p1a: Archaludon|def|1
|move|p1b: Dondozo|Wave Crash|p2b: Gholdengo
|-damage|p2b: Gholdengo|24/100
|-damage|p1b: Dondozo|85/100|[from] Recoil
|
|-weather|RainDance|[upkeep]
|-heal|p2b: Gholdengo|31/100|[from] item: Leftovers
|upkeep
|turn|2
|inactive|OOF? YEE? has 30 seconds left.
|inactive|cocacolaindahhouse has 30 seconds left.
|inactive|OOF? YEE? has 20 seconds left.
|inactive|cocacolaindahhouse has 20 seconds left.
|inactive|OOF? YEE? has 15 seconds left.
|inactive|cocacolaindahhouse has 15 seconds left.
|inactive|OOF? YEE? has 10 seconds left.
|inactive|cocacolaindahhouse has 10 seconds left.
|inactive|OOF? YEE? has 5 seconds left.
|
|t:|1756482875
|switch|p2b: Dragonite|Dragonite, L50, M|100/100
|move|p1a: Archaludon|Electro Shot||[still]
|-prepare|p1a: Archaludon|Electro Shot
|-boost|p1a: Archaludon|spa|1
|-anim|p1a: Archaludon|Electro Shot|p2a: Archaludon
|-resisted|p2a: Archaludon
|-damage|p2a: Archaludon|83/100
|-ability|p2a: Archaludon|Stamina|boost
|-boost|p2a: Archaludon|def|1
|move|p2a: Archaludon|Electro Shot||[still]
|-prepare|p2a: Archaludon|Electro Shot
|-boost|p2a: Archaludon|spa|1
|-anim|p2a: Archaludon|Electro Shot|p1b: Dondozo
|-supereffective|p1b: Dondozo
|-damage|p1b: Dondozo|31/100
|move|p1b: Dondozo|Wave Crash|p2b: Dragonite
|-resisted|p2b: Dragonite
|-damage|p2b: Dragonite|84/100
|-damage|p1b: Dondozo|27/100|[from] Recoil
|
|-weather|RainDance|[upkeep]
|upkeep
|turn|3
|
|t:|1756482899
|move|p2b: Dragonite|Scale Shot|p2a: Archaludon
|-damage|p2a: Archaludon|76/100
|-ability|p2a: Archaludon|Stamina|boost
|-boost|p2a: Archaludon|def|1
|-damage|p2a: Archaludon|70/100
|-ability|p2a: Archaludon|Stamina|boost
|-boost|p2a: Archaludon|def|1
|-damage|p2a: Archaludon|65/100
|-ability|p2a: Archaludon|Stamina|boost
|-boost|p2a: Archaludon|def|1
|-damage|p2a: Archaludon|62/100
|-ability|p2a: Archaludon|Stamina|boost
|-boost|p2a: Archaludon|def|1
|-hitcount|p2a: Archaludon|4
|-unboost|p2b: Dragonite|def|1
|-boost|p2b: Dragonite|spe|1
|move|p1a: Archaludon|Electro Shot||[still]
|-prepare|p1a: Archaludon|Electro Shot
|-boost|p1a: Archaludon|spa|1
|-anim|p1a: Archaludon|Electro Shot|p2b: Dragonite
|-damage|p2b: Dragonite|2/100
|move|p2a: Archaludon|Body Press|p1a: Archaludon
|-supereffective|p1a: Archaludon
|-damage|p1a: Archaludon|0 fnt
|faint|p1a: Archaludon
|move|p1b: Dondozo|Wave Crash|p2b: Dragonite
|-resisted|p2b: Dragonite
|-damage|p2b: Dragonite|0 fnt
|faint|p2b: Dragonite
|-damage|p1b: Dondozo|27/100|[from] Recoil
|
|-weather|RainDance|[upkeep]
|upkeep
|inactive|OOF? YEE? has 30 seconds left.
|inactive|cocacolaindahhouse has 30 seconds left.
|inactive|OOF? YEE? has 20 seconds left.
|inactive|OOF? YEE? has 15 seconds left.
|inactive|OOF? YEE? has 10 seconds left.
|inactive|OOF? YEE? has 5 seconds left.
|
|t:|1756482950
|switch|p2b: Sinistcha|Sinistcha, L50|100/100
|switch|p1a: Pelipper|Pelipper, L50, F|100/100
|-heal|p2a: Archaludon|87/100|[from] ability: Hospitality|[of] p2b: Sinistcha
|turn|4
|
|t:|1756482961
|switch|p2b: Gholdengo|Gholdengo, L50|31/100
|switch|p1b: Comfey|Comfey, L50, M|100/100
|move|p1a: Pelipper|Hurricane|p2b: Gholdengo
|-resisted|p2b: Gholdengo
|-damage|p2b: Gholdengo|0 fnt
|faint|p2b: Gholdengo
|move|p2a: Archaludon|Electro Shot||[still]
|-prepare|p2a: Archaludon|Electro Shot
|-boost|p2a: Archaludon|spa|1
|-anim|p2a: Archaludon|Electro Shot|p1b: Comfey
|-damage|p1b: Comfey|22/100
|
|-weather|RainDance|[upkeep]
|upkeep
|
|t:|1756482975
|switch|p2b: Sinistcha|Sinistcha, L50|100/100
|-heal|p2a: Archaludon|100/100|[from] ability: Hospitality|[of] p2b: Sinistcha
|turn|5
|
|t:|1756482991
|-terastallize|p2b: Sinistcha|Dark
|move|p1a: Pelipper|Hurricane|p2b: Sinistcha
|-damage|p2b: Sinistcha|54/100
|move|p1b: Comfey|Light Screen|p1b: Comfey
|-sidestart|p1: OOF? YEE?|move: Light Screen
|move|p2a: Archaludon|Electro Shot||[still]
|-prepare|p2a: Archaludon|Electro Shot
|-boost|p2a: Archaludon|spa|1
|-anim|p2a: Archaludon|Electro Shot|p1a: Pelipper
|-supereffective|p1a: Pelipper
|-damage|p1a: Pelipper|0 fnt
|faint|p1a: Pelipper
|move|p2b: Sinistcha|Matcha Gotcha|p1b: Comfey
|-damage|p1b: Comfey|1/100
|-heal|p2b: Sinistcha|64/100|[from] drain|[of] p1b: Comfey
|
|-weather|none
|upkeep
|
|t:|1756482993
|switch|p1a: Dondozo|Dondozo, L50, M|27/100
|turn|6
|inactive|cocacolaindahhouse has 30 seconds left.
|
|t:|1756483025
|-terastallize|p1a: Dondozo|Ghost
|move|p1b: Comfey|Floral Healing|p1a: Dondozo
|-heal|p1a: Dondozo|77/100
|move|p2a: Archaludon|Flash Cannon|p1b: Comfey
|-supereffective|p1b: Comfey
|-damage|p1b: Comfey|0 fnt
|faint|p1b: Comfey
|move|p2b: Sinistcha|Matcha Gotcha|p1a: Dondozo
|-damage|p1a: Dondozo|63/100
|-heal|p2b: Sinistcha|75/100|[from] drain|[of] p1a: Dondozo
|move|p1a: Dondozo|Earthquake|p2b: Sinistcha|[spread] p2a,p2b
|-supereffective|p2a: Archaludon
|-damage|p2a: Archaludon|78/100
|-damage|p2b: Sinistcha|61/100
|-ability|p2a: Archaludon|Stamina|boost
|-boost|p2a: Archaludon|def|1
|
|upkeep
|turn|7
|
|t:|1756483045
|move|p2a: Archaludon|Flash Cannon|p1a: Dondozo
|-damage|p1a: Dondozo|46/100
|move|p2b: Sinistcha|Life Dew|p2b: Sinistcha|[spread] p2a,p2b
|-heal|p2a: Archaludon|100/100
|-heal|p2b: Sinistcha|86/100
|move|p1a: Dondozo|Earthquake|p2b: Sinistcha|[spread] p2a,p2b
|-supereffective|p2a: Archaludon
|-damage|p2a: Archaludon|79/100
|-damage|p2b: Sinistcha|72/100
|
|upkeep
|turn|8
|
|t:|1756483056
|move|p2a: Archaludon|Flash Cannon|p1a: Dondozo
|-damage|p1a: Dondozo|29/100
|move|p2b: Sinistcha|Life Dew|p2b: Sinistcha|[spread] p2a,p2b
|-heal|p2a: Archaludon|100/100
|-heal|p2b: Sinistcha|97/100
|move|p1a: Dondozo|Earthquake|p2a: Archaludon|[spread] p2a,p2b
|-supereffective|p2a: Archaludon
|-damage|p2a: Archaludon|79/100
|-damage|p2b: Sinistcha|83/100
|
|upkeep
|turn|9
|
|t:|1756483067
|move|p2a: Archaludon|Flash Cannon|p1a: Dondozo
|-damage|p1a: Dondozo|13/100
|move|p2b: Sinistcha|Life Dew|p2b: Sinistcha|[spread] p2a,p2b
|-heal|p2a: Archaludon|100/100
|-heal|p2b: Sinistcha|100/100
|move|p1a: Dondozo|Earthquake|p2b: Sinistcha|[spread] p2a,p2b
|-supereffective|p2a: Archaludon
|-damage|p2a: Archaludon|79/100
|-damage|p2b: Sinistcha|88/100
|
|-sideend|p1: OOF? YEE?|move: Light Screen
|upkeep
|turn|10
|
|t:|1756483079
|move|p2a: Archaludon|Flash Cannon|p1a: Dondozo
|-damage|p1a: Dondozo|0 fnt
|faint|p1a: Dondozo
|
|win|cocacolaindahhouse
|raw|OOF? YEE?'s rating: 1336 → 1324(-12 for losing)
|raw|cocacolaindahhouse's rating: 1478 → 1490(+12 for winning)
