|j|☆yutaliban
|j|☆Imcat0926
|html|yutalibanImcat0926    
|uhtml|bestof|Game 3 of a best-of-3
|t:|1782298574
|gametype|doubles
|player|p1|yutaliban|1|1121
|player|p2|Imcat0926|266|1037
|gen|9
|tier|[Gen 9 Champions] VGC 2026 Reg M-B (Bo3)
|rated|
|rule|Species Clause: Limit one of each Pokémon
|rule|Item Clause: Limit 1 of each item
|clearpoke
|poke|p1|Aerodactyl, L50, F|
|poke|p1|Gholdengo, L50|
|poke|p1|Maushold, L50|
|poke|p1|Garchomp, L50, M|
|poke|p1|Kingambit, L50, F|
|poke|p1|Floette-Eternal, L50, F|
|poke|p2|Pyroar, L50, M|
|poke|p2|Sylveon, L50, M|
|poke|p2|Ninetales, L50, F|
|poke|p2|Whimsicott, L50, F|
|poke|p2|Farigiraf, L50, M|
|poke|p2|Milotic, L50, F|
|teampreview|4
|showteam|p1|Aerodactyl||Aerodactylite|RockHead|DualWingbeat,RockSlide,IceFang,Tailwind|Adamant||F|||50|]Gholdengo||LifeOrb|GoodasGold|ShadowBall,MakeItRain,NastyPlot,Protect|Modest|||||50|]Maushold||FocusSash|FriendGuard|FollowMe,SuperFang,Taunt,Protect|Jolly|||||50|]Garchomp||SitrusBerry|SandVeil|RockSlide,DragonClaw,Earthquake,Protect|Adamant||M|||50|]Kingambit||BlackGlasses|Defiant|KowtowCleave,LowKick,SuckerPunch,Protect|Adamant||F|||50|]Floette-Eternal||Floettite|FlowerVeil|EnergyBall,Moonblast,DazzlingGleam,Protect|Modest||F|||50|
|showteam|p2|Pyroar||Pyroarite|Unnerve|HeatWave,Overheat,SolarBeam,Protect|Timid||M|||50|]Sylveon||FairyFeather|Pixilate|HyperBeam,HyperVoice,QuickAttack,Detect|Modest||M|||50|]Ninetales||ChoiceScarf|Drought|HeatWave,Overheat,EnergyBall,FakeTears|Modest||F|||50|]Whimsicott||FocusSash|Prankster|Tailwind,SunnyDay,Moonblast,Protect|Timid||F|||50|]Farigiraf||SitrusBerry|ArmorTail|Thunderbolt,GrassKnot,TwinBeam,HelpingHand|Bold||M|||50|]Milotic||LifeOrb|Competitive|Scald,WeatherBall,DrainingKiss,Protect|Timid||F|||50|
|inactive|Battle timer is ON: inactive players will automatically lose when time's up. (requested by yutaliban)
|inactive|Imcat0926 has 60 seconds left.
|
|t:|1782298671
|teamsize|p1|4
|teamsize|p2|4
|start
|switch|p1a: Gholdengo|Gholdengo, L50|100/100
|switch|p1b: Maushold|Maushold, L50|100/100
|switch|p2a: Ninetales|Ninetales, L50, F|100/100
|switch|p2b: Whimsicott|Whimsicott, L50, F|100/100
|-weather|SunnyDay|[from] ability: Drought|[of] p2a: Ninetales
|turn|1
|inactive|yutaliban has 30 seconds left.
|inactive|Imcat0926 has 30 seconds left.
|inactive|yutaliban has 20 seconds left.
|inactive|yutaliban has 15 seconds left.
|inactive|yutaliban has 10 seconds left.
|inactive|Imcat0926 has 20 seconds left.
|inactive|yutaliban has 5 seconds left.
|inactive|Imcat0926 has 15 seconds left.
|inactive|Imcat0926 has 10 seconds left.
|
|t:|1782298730
|move|p1b: Maushold|Protect|p1b: Maushold
|-singleturn|p1b: Maushold|Protect
|move|p1a: Gholdengo|Protect|p1a: Gholdengo
|-singleturn|p1a: Gholdengo|Protect
|move|p2a: Ninetales|Heat Wave|p1b: Maushold|[spread] 
|-activate|p1a: Gholdengo|move: Protect
|-activate|p1b: Maushold|move: Protect
|move|p2b: Whimsicott|Moonblast|p1b: Maushold
|-activate|p1b: Maushold|move: Protect
|
|-weather|SunnyDay|[upkeep]
|upkeep
|turn|2
|
|t:|1782298755
|switch|p1a: Garchomp|Garchomp, L50, M|100/100
|move|p2a: Ninetales|Heat Wave|p1b: Maushold|[spread] p1a,p1b
|-resisted|p1a: Garchomp|1
|-damage|p1a: Garchomp|81/100
|-damage|p1b: Maushold|44/100
|move|p2b: Whimsicott|Moonblast|p1b: Maushold
|-damage|p1b: Maushold|2/100
|move|p1b: Maushold|Taunt|p2b: Whimsicott
|-start|p2b: Whimsicott|move: Taunt
|
|-weather|SunnyDay|[upkeep]
|upkeep
|turn|3
|inactive|yutaliban has 30 seconds left.
|
|t:|1782298782
|move|p1b: Maushold|Protect|p1b: Maushold
|-singleturn|p1b: Maushold|Protect
|move|p2a: Ninetales|Heat Wave|p1b: Maushold|[spread] p1a
|-activate|p1b: Maushold|move: Protect
|-resisted|p1a: Garchomp|1
|-damage|p1a: Garchomp|66/100
|move|p2b: Whimsicott|Moonblast|p1a: Garchomp
|-supereffective|p1a: Garchomp|1
|-damage|p1a: Garchomp|10/100
|-enditem|p1a: Garchomp|Sitrus Berry|[eat]
|-heal|p1a: Garchomp|35/100|[from] item: Sitrus Berry
|move|p1a: Garchomp|Earthquake|p2b: Whimsicott|[spread] p2a,p2b
|-activate|p1b: Maushold|move: Protect
|-supereffective|p2a: Ninetales|1
|-resisted|p2b: Whimsicott|1
|-damage|p2a: Ninetales|0 fnt
|-damage|p2b: Whimsicott|72/100
|faint|p2a: Ninetales
|
|-weather|SunnyDay|[upkeep]
|upkeep
|
|t:|1782298798
|switch|p2a: Sylveon|Sylveon, L50, M|100/100
|turn|4
|
|t:|1782298805
|switch|p1a: Gholdengo|Gholdengo, L50|100/100
|move|p2a: Sylveon|Detect|p2a: Sylveon
|-singleturn|p2a: Sylveon|Protect
|move|p2b: Whimsicott|Moonblast|p1a: Gholdengo
|-resisted|p1a: Gholdengo|1
|-damage|p1a: Gholdengo|88/100
|move|p1b: Maushold|Super Fang|p2a: Sylveon
|-activate|p2a: Sylveon|move: Protect
|
|-weather|SunnyDay|[upkeep]
|upkeep
|turn|5
|inactive|yutaliban has 30 seconds left.
|inactive|Imcat0926 has 30 seconds left.
|
|t:|1782298831
|move|p2a: Sylveon|Quick Attack|p1b: Maushold
|-damage|p1b: Maushold|0 fnt
|faint|p1b: Maushold
|move|p2b: Whimsicott|Moonblast|p1a: Gholdengo
|-resisted|p1a: Gholdengo|1
|-damage|p1a: Gholdengo|72/100
|move|p1a: Gholdengo|Make It Rain|p2a: Sylveon|[spread] p2a,p2b
|-supereffective|p2a: Sylveon|1
|-supereffective|p2b: Whimsicott|1
|-damage|p2a: Sylveon|0 fnt
|-damage|p2b: Whimsicott|0 fnt
|-unboost|p1a: Gholdengo|spa|2
|faint|p2a: Sylveon
|faint|p2b: Whimsicott
|-damage|p1a: Gholdengo|62/100|[from] item: Life Orb
|
|-weather|none
|upkeep
|
|t:|1782298846
|switch|p2b: Pyroar|Pyroar, L50, M|100/100
|switch|p1b: Aerodactyl|Aerodactyl, L50, F|100/100
|-ability|p2b: Pyroar|Unnerve
|turn|6
|
|t:|1782298856
|detailschange|p2b: Pyroar|Pyroar-Mega, L50, M
|-mega|p2b: Pyroar|Pyroar|Pyroarite
|detailschange|p1b: Aerodactyl|Aerodactyl-Mega, L50, F
|-mega|p1b: Aerodactyl|Aerodactyl|Aerodactylite
|move|p1a: Gholdengo|Protect|p1a: Gholdengo
|-singleturn|p1a: Gholdengo|Protect
|move|p2b: Pyroar|Overheat|p1b: Aerodactyl
|-resisted|p1b: Aerodactyl|1
|-damage|p1b: Aerodactyl|48/100
|-unboost|p2b: Pyroar|spa|2
|move|p1b: Aerodactyl|Tailwind|p1b: Aerodactyl
|-sidestart|p1: yutaliban|move: Tailwind
|
|upkeep
|turn|7
|
|t:|1782298870
|move|p1b: Aerodactyl|Rock Slide|p2b: Pyroar
|-supereffective|p2b: Pyroar|1
|-damage|p2b: Pyroar|1/100
|move|p1a: Gholdengo|Make It Rain|p2b: Pyroar
|-resisted|p2b: Pyroar|1
|-damage|p2b: Pyroar|0 fnt
|-unboost|p1a: Gholdengo|spa|2
|faint|p2b: Pyroar
|-damage|p1a: Gholdengo|52/100|[from] item: Life Orb
|
|win|yutaliban
|raw|yutaliban's rating: 1121 → 1140(+19 for winning)
|raw|Imcat0926's rating: 1037 → 1025(-12 for losing)
|c|☆Imcat0926|Gg
