|j|☆lolopog
|j|☆exessvgc
|html|lolopogexessvgc    
|uhtml|bestof|Game 2 of a best-of-3
|t:|1783413849
|gametype|doubles
|player|p1|lolopog|ethan|1141
|player|p2|exessvgc|lucas|1242
|gen|9
|tier|[Gen 9 Champions] VGC 2026 Reg M-B (Bo3)
|rated|
|rule|Species Clause: Limit one of each Pokémon
|rule|Item Clause: Limit 1 of each item
|clearpoke
|poke|p1|Kommo-o, L50, M|
|poke|p1|Maushold-Four, L50|
|poke|p1|Annihilape, L50, F|
|poke|p1|Talonflame, L50, M|
|poke|p1|Metagross, L50|
|poke|p1|Gholdengo, L50|
|poke|p2|Charizard, L50, F|
|poke|p2|Farigiraf, L50, F|
|poke|p2|Aerodactyl, L50, F|
|poke|p2|Sylveon, L50, F|
|poke|p2|Dragapult, L50, F|
|poke|p2|Blastoise, L50, F|
|teampreview|4
|showteam|p1|Kommo-o||DragonFang|Soundproof|ClangingScales,ClangorousSoul,Protect,Boomburst|Timid||M|||50|]Maushold-Four||FocusSash|FriendGuard|BeatUp,SuperFang,FollowMe,Protect|Jolly|||||50|]Annihilape||SitrusBerry|Defiant|RageFist,DrainPunch,BulkUp,Protect|Adamant||F|||50|]Talonflame||SharpBeak|GaleWings|BraveBird,Tailwind,FlareBlitz,Protect|Careful||M|||50|]Metagross||Metagrossite|ClearBody|MeteorMash,Protect,StompingTantrum,PsychicFangs|Jolly|||||50|]Gholdengo||LifeOrb|GoodasGold|MakeItRain,ShadowBall,NastyPlot,Protect|Timid|||||50|
|showteam|p2|Charizard||CharizarditeX|Blaze|DragonDance,DragonClaw,FlareBlitz,Protect|Jolly||F|||50|]Farigiraf||SitrusBerry|ArmorTail|TrickRoom,PsychicNoise,HelpingHand,Thunderbolt|Bold||F|||50|]Aerodactyl||Aerodactylite|Unnerve|RockSlide,Tailwind,IceFang,Taunt|Jolly||F|||50|]Sylveon||FairyFeather|Pixilate|HyperVoice,HyperBeam,Protect,ShadowBall|Modest||F|||50|]Dragapult||DragonFang|ClearBody|Uturn,PhantomForce,WillOWisp,DragonDarts|Jolly||F|||50|]Blastoise||Blastoisinite|Torrent|WaterSpout,DarkPulse,WaterPulse,FakeOut|Modest||F|||50|
|inactive|Battle timer is ON: inactive players will automatically lose when time's up. (requested by exessvgc)
|
|t:|1783413871
|teamsize|p1|4
|teamsize|p2|4
|start
|switch|p1a: Annihilape|Annihilape, L50, F|100/100
|switch|p1b: Maushold|Maushold-Four, L50|100/100
|switch|p2a: Blastoise|Blastoise, L50, F|100/100
|switch|p2b: DINOSAUVO|Aerodactyl, L50, F|100/100
|-ability|p2b: DINOSAUVO|Unnerve
|turn|1
|
|t:|1783413893
|detailschange|p2a: Blastoise|Blastoise-Mega, L50, F
|-mega|p2a: Blastoise|Blastoise|Blastoisinite
|move|p2b: DINOSAUVO|Tailwind|p2b: DINOSAUVO
|-sidestart|p2: exessvgc|move: Tailwind
|move|p2a: Blastoise|Water Spout|p1b: Maushold|[spread] p1a,p1b
|-damage|p1a: Annihilape|58/100
|-damage|p1b: Maushold|19/100
|move|p1b: Maushold|Beat Up|p1a: Annihilape
|-damage|p1a: Annihilape|55/100
|-damage|p1a: Annihilape|53/100
|-damage|p1a: Annihilape|50/100g
|-damage|p1a: Annihilape|48/100
|-hitcount|p1a: Annihilape|4
|move|p1a: Annihilape|Drain Punch|p2a: Blastoise
|-damage|p2a: Blastoise|65/100
|-heal|p1a: Annihilape|63/100|[from] drain|[of] p2a: Blastoise
|
|upkeep
|turn|2
|l|☆exessvgc
|inactive|exessvgc disconnected and has a minute to reconnect!
|player|p2|
|inactive|exessvgc has 30 seconds left.
|inactive|exessvgc has 20 seconds left.
|inactive|exessvgc has 15 seconds left.
|inactive|exessvgc has 10 seconds left.
|j|☆exessvgc
|inactive|exessvgc reconnected and has 10 seconds left.
|player|p2|exessvgc|lucas|
|inactive|exessvgc has 5 seconds left.
|
|t:|1783413945
|move|p1b: Maushold|Follow Me|p1b: Maushold
|-singleturn|p1b: Maushold|move: Follow Me
|move|p2b: DINOSAUVO|Rock Slide|p1a: Annihilape|[spread] p1a,p1b
|-resisted|p1a: Annihilape|1
|-damage|p1a: Annihilape|54/100
|-damage|p1b: Maushold|0 fnt
|faint|p1b: Maushold
|move|p2a: Blastoise|Water Spout|p1a: Annihilape
|-damage|p1a: Annihilape|2/100
|cant|p1a: Annihilape|flinch
|
|upkeep
|
|t:|1783413963
|switch|p1b: Talonflame|Talonflame, L50, M|100/100
|turn|3
|
|t:|1783413976
|switch|p2a: LA GIRAFFA|Farigiraf, L50, F|100/100
|move|p1a: Annihilape|Protect|p1a: Annihilape
|-singleturn|p1a: Annihilape|Protect
|move|p1b: Talonflame|Tailwind|p1b: Talonflame
|-sidestart|p1: lolopog|move: Tailwind
|move|p2b: DINOSAUVO|Rock Slide|p1a: Annihilape|[spread] p1b
|-activate|p1a: Annihilape|move: Protect
|-supereffective|p1b: Talonflame|2
|-damage|p1b: Talonflame|0 fnt
|faint|p1b: Talonflame
|
|upkeep
|
|t:|1783413985
|switch|p1b: Metagross|Metagross, L50|100/100
|turn|4
|
|t:|1783414008
|detailschange|p1b: Metagross|Metagross-Mega, L50
|-mega|p1b: Metagross|Metagross|Metagrossite
|move|p2b: DINOSAUVO|Rock Slide|p1b: Metagross|[spread] p1b
|-miss|p2b: DINOSAUVO|p1a: Annihilape
|-resisted|p1b: Metagross|1
|-damage|p1b: Metagross|89/100
|move|p1b: Metagross|Meteor Mash|p2a: LA GIRAFFA|[miss]
|-miss|p1b: Metagross|p2a: LA GIRAFFA
|move|p1a: Annihilape|Drain Punch|p2a: LA GIRAFFA
|-damage|p2a: LA GIRAFFA|66/100
|-heal|p1a: Annihilape|19/100|[from] drain|[of] p2a: LA GIRAFFA
|move|p2a: LA GIRAFFA|Trick Room|p2a: LA GIRAFFA
|-fieldstart|move: Trick Room|[of] p2a: LA GIRAFFA
|
|-sideend|p2: exessvgc|move: Tailwind
|upkeep
|turn|5
|inactive|exessvgc has 30 seconds left.
|inactive|exessvgc has 20 seconds left.
|inactive|exessvgc has 15 seconds left.
|inactive|exessvgc has 10 seconds left.
|
|t:|1783414053
|move|p2a: LA GIRAFFA|Psychic Noise|p1a: Annihilape
|-supereffective|p1a: Annihilape|1
|-damage|p1a: Annihilape|0 fnt
|faint|p1a: Annihilape
|move|p2b: DINOSAUVO|Ice Fang|p1b: Metagross
|-resisted|p1b: Metagross|1
|-damage|p1b: Metagross|81/100
|move|p1b: Metagross|Meteor Mash|p2a: LA GIRAFFA
|-damage|p2a: LA GIRAFFA|9/100
|-boost|p1b: Metagross|atk|1
|-enditem|p2a: LA GIRAFFA|Sitrus Berry|[eat]
|-heal|p2a: LA GIRAFFA|34/100|[from] item: Sitrus Berry
|
|upkeep
|turn|6
|
|t:|1783414076
|move|p1b: Metagross|Protect|p1b: Metagross
|-singleturn|p1b: Metagross|Protect
|move|p2a: LA GIRAFFA|Thunderbolt|p1b: Metagross
|-activate|p1b: Metagross|move: Protect
|move|p2b: DINOSAUVO|Taunt|p1b: Metagross
|-activate|p1b: Metagross|move: Protect
|
|-sideend|p1: lolopog|move: Tailwind
|upkeep
|turn|7
|
|t:|1783414083
|move|p2a: LA GIRAFFA|Thunderbolt|p1b: Metagross
|-damage|p1b: Metagross|59/100
|move|p1b: Metagross|Meteor Mash|p2a: LA GIRAFFA
|-damage|p2a: LA GIRAFFA|0 fnt
|faint|p2a: LA GIRAFFA
|move|p2b: DINOSAUVO|Taunt|p1b: Metagross
|-start|p1b: Metagross|move: Taunt
|
|upkeep
|inactive|exessvgc has 30 seconds left.
|inactive|exessvgc has 20 seconds left.
|
|t:|1783414118
|switch|p2a: Blastoise|Blastoise-Mega, L50, F|65/100
|turn|8
|
|t:|1783414124
|move|p2a: Blastoise|Fake Out|p1b: Metagross
|-resisted|p1b: Metagross|1
|-damage|p1b: Metagross|56/100
|cant|p1b: Metagross|flinch
|move|p2b: DINOSAUVO|Tailwind|p2b: DINOSAUVO
|-sidestart|p2: exessvgc|move: Tailwind
|
|-fieldend|move: Trick Room
|upkeep
|turn|9
|l|☆lolopog
|inactive|lolopog disconnected and has a minute to reconnect!
|player|p1|
|inactive|lolopog has 30 seconds left.
|inactive|lolopog has 20 seconds left.
|inactive|lolopog has 15 seconds left.
|inactive|lolopog has 10 seconds left.
|inactive|lolopog has 5 seconds left.
|-message|lolopog lost due to inactivity.
|
|win|exessvgc
|raw|lolopog's rating: 1141 → 1123(-18 for losing)
|raw|exessvgc's rating: 1242 → 1260(+18 for winning)
