|j|☆Arhanjunior
|j|☆eklyst
|html|Arhanjunioreklyst    
|uhtml|bestof|Game 1 of a best-of-3
|t:|1782625941
|gametype|doubles
|player|p1|Arhanjunior|2|1082
|player|p2|eklyst|pokemaniac|1172
|gen|9
|tier|[Gen 9 Champions] VGC 2026 Reg M-B (Bo3)
|rated|
|rule|Species Clause: Limit one of each Pokémon
|rule|Item Clause: Limit 1 of each item
|clearpoke
|poke|p1|Swampert, L50, F|
|poke|p1|Pelipper, L50, F|
|poke|p1|Archaludon, L50, F|
|poke|p1|Sinistcha, L50|
|poke|p1|Maushold-Four, L50|
|poke|p1|Gholdengo, L50|
|poke|p2|Metagross, L50|
|poke|p2|Annihilape, L50, F|
|poke|p2|Garchomp, L50, M|
|poke|p2|Whimsicott, L50, M|
|poke|p2|Arcanine-Hisui, L50, F|
|poke|p2|Kingambit, L50, F|
|teampreview|4
|showteam|p1|Swampert||Swampertite|Damp|HighHorsepower,WaveCrash,IcePunch,Protect|Adamant||F|||50|]Pelipper||SitrusBerry|Drizzle|Hurricane,WeatherBall,Tailwind,WideGuard|Modest||F|||50|]Archaludon||Leftovers|Stamina|DragonPulse,ElectroShot,AuraSphere,FlashCannon|Modest||F|||50|]Sinistcha||KasibBerry|Hospitality|MatchaGotcha,TrickRoom,RagePowder,LifeDew|Bold|||||50|]Maushold-Four||FocusSash|FriendGuard|SuperFang,FollowMe,RainDance,Protect|Timid|||||50|]Gholdengo||LifeOrb|GoodasGold|MakeItRain,ShadowBall,NastyPlot,Protect|Modest|||||50|
|showteam|p2|Metagross||Metagrossite|ClearBody|BulletPunch,PsychicFangs,IronHead,Protect|Adamant|||||50|]Annihilape||Leftovers|Defiant|RageFist,DrainPunch,BulkUp,Protect|Adamant||F|||50|]Garchomp||LifeOrb|RoughSkin|RockSlide,StompingTantrum,DragonClaw,Protect|Jolly||M|||50|]Whimsicott||FocusSash|Prankster|Moonblast,Tailwind,Encore,BeatUp|Timid||M|||50|]Arcanine-Hisui||ChoiceScarf|RockHead|HeadSmash,FlareBlitz,RockSlide,ExtremeSpeed|Adamant||F|||50|]Kingambit||BlackGlasses|Defiant|KowtowCleave,SuckerPunch,SwordsDance,Protect|Brave||F|||50|
|inactive|Battle timer is ON: inactive players will automatically lose when time's up. (requested by eklyst)
|inactive|Arhanjunior also wants the timer to be on.
|inactive|eklyst has 60 seconds left.
|inactive|eklyst has 30 seconds left.
|
|t:|1782626002
|teamsize|p1|4
|teamsize|p2|4
|start
|switch|p1a: Swampert|Swampert, L50, F|100/100
|switch|p1b: Pelipper|Pelipper, L50, F|100/100
|switch|p2a: Whimsicott|Whimsicott, L50, M|100/100
|switch|p2b: Annihilape|Annihilape, L50, F|100/100
|-weather|RainDance|[from] ability: Drizzle|[of] p1b: Pelipper
|turn|1
|
|t:|1782626015
|detailschange|p1a: Swampert|Swampert-Mega, L50, F
|-mega|p1a: Swampert|Swampert|Swampertite
|move|p1a: Swampert|Ice Punch|p2a: Whimsicott
|-supereffective|p2a: Whimsicott|1
|-damage|p2a: Whimsicott|3/100
|move|p2a: Whimsicott|Beat Up|p2b: Annihilape
|-damage|p2b: Annihilape|98/100
|-damage|p2b: Annihilape|95/100
|-damage|p2b: Annihilape|92/100
|-damage|p2b: Annihilape|89/100
|-hitcount|p2b: Annihilape|4
|move|p2b: Annihilape|Rage Fist|p1a: Swampert
|-damage|p1a: Swampert|0 fnt
|faint|p1a: Swampert
|move|p1b: Pelipper|Hurricane|p2b: Annihilape
|-supereffective|p2b: Annihilape|1
|-damage|p2b: Annihilape|0 fnt
|faint|p2b: Annihilape
|
|-weather|RainDance|[upkeep]
|upkeep
|
|t:|1782626038
|switch|p2b: Garchomp|Garchomp, L50, M|100/100
|switch|p1a: Archaludon|Archaludon, L50, F|100/100
|turn|2
|
|t:|1782626050
|switch|p2b: Kingambit|Kingambit, L50, F|100/100
|move|p1b: Pelipper|Wide Guard|p1b: Pelipper
|-singleturn|p1b: Pelipper|Wide Guard
|move|p2a: Whimsicott|Tailwind|p2a: Whimsicott
|-sidestart|p2: eklyst|move: Tailwind
|move|p1a: Archaludon|Dragon Pulse|p2b: Kingambit
|-resisted|p2b: Kingambit|1
|-damage|p2b: Kingambit|79/100
|
|-weather|RainDance|[upkeep]
|upkeep
|turn|3
|
|t:|1782626063
|move|p2a: Whimsicott|Moonblast|p1a: Archaludon
|-damage|p1a: Archaludon|60/100
|-ability|p1a: Archaludon|Stamina|boost
|-boost|p1a: Archaludon|def|1
|move|p2b: Kingambit|Swords Dance|p2b: Kingambit
|-boost|p2b: Kingambit|atk|2
|move|p1a: Archaludon|Aura Sphere|p2b: Kingambit
|-supereffective|p2b: Kingambit|2
|-damage|p2b: Kingambit|0 fnt
|faint|p2b: Kingambit
|move|p1b: Pelipper|Tailwind|p1b: Pelipper
|-sidestart|p1: Arhanjunior|move: Tailwind
|
|-weather|RainDance|[upkeep]
|-heal|p1a: Archaludon|66/100|[from] item: Leftovers
|upkeep
|
|t:|1782626074
|switch|p2b: Garchomp|Garchomp, L50, M|100/100
|turn|4
|
|t:|1782626086
|move|p2a: Whimsicott|Moonblast|p1a: Archaludon
|-damage|p1a: Archaludon|23/100
|-ability|p1a: Archaludon|Stamina|boost
|-boost|p1a: Archaludon|def|1
|move|p2b: Garchomp|Stomping Tantrum|p1a: Archaludon
|-supereffective|p1a: Archaludon|1
|-damage|p1a: Archaludon|0 fnt
|faint|p1a: Archaludon
|-damage|p2b: Garchomp|90/100|[from] item: Life Orb
|move|p1b: Pelipper|Hurricane|p2b: Garchomp
|-damage|p2b: Garchomp|34/100
|-start|p2b: Garchomp|confusion
|
|-weather|RainDance|[upkeep]
|upkeep
|
|t:|1782626093
|switch|p1a: Sinistcha|Sinistcha, L50|100/100
|turn|5
|
|t:|1782626104
|move|p2a: Whimsicott|Moonblast|p1b: Pelipper
|-damage|p1b: Pelipper|49/100
|-enditem|p1b: Pelipper|Sitrus Berry|[eat]
|-heal|p1b: Pelipper|74/100|[from] item: Sitrus Berry
|-activate|p2b: Garchomp|confusion
|move|p2b: Garchomp|Rock Slide|p1a: Sinistcha|[spread] p1a,p1b
|-supereffective|p1b: Pelipper|1
|-damage|p1a: Sinistcha|78/100
|-damage|p1b: Pelipper|17/100
|-damage|p2b: Garchomp|24/100|[from] item: Life Orb
|cant|p1a: Sinistcha|flinch
|move|p1b: Pelipper|Hurricane|p2b: Garchomp
|-damage|p2b: Garchomp|0 fnt
|faint|p2b: Garchomp
|
|-weather|none
|-sideend|p2: eklyst|move: Tailwind
|upkeep
|turn|6
|
|t:|1782626119
|move|p2a: Whimsicott|Moonblast|p1a: Sinistcha
|-damage|p1a: Sinistcha|46/100
|move|p1a: Sinistcha|Matcha Gotcha|p2a: Whimsicott
|-resisted|p2a: Whimsicott|1
|-damage|p2a: Whimsicott|0 fnt
|-heal|p1a: Sinistcha|47/100|[from] drain|[of] p2a: Whimsicott
|faint|p2a: Whimsicott
|
|win|Arhanjunior
||Arhanjunior is ready for game 2.
||eklyst is ready for game 2.
|uhtml|next|Next: Game 2 of 3
