|j|☆mikelpoyarzabal
|j|☆1Manuel1410
|html|mikelpoyarzabal1Manuel1410    
|uhtml|bestof|Game 2 of a best-of-3
|t:|1785071716
|gametype|doubles
|player|p1|mikelpoyarzabal|arven-s|1355
|player|p2|1Manuel1410|pokemaniac|1155
|gen|9
|tier|[Gen 9 Champions] VGC 2026 Reg M-B (Bo3)
|rated|
|rule|Species Clause: Limit one of each Pokémon
|rule|Item Clause: Limit 1 of each item
|clearpoke
|poke|p1|Tyranitar, L50, F|
|poke|p1|Excadrill, L50, M|
|poke|p1|Gholdengo, L50|
|poke|p1|Milotic, L50, F|
|poke|p1|Sinistcha, L50|
|poke|p1|Staraptor, L50, M|
|poke|p2|Staraptor, L50, M|
|poke|p2|Whimsicott, L50, F|
|poke|p2|Milotic, L50, M|
|poke|p2|Rotom-Heat, L50|
|poke|p2|Gengar, L50, M|
|poke|p2|Sneasler, L50, M|
|teampreview|4
|showteam|p1|Tyranitar||Tyranitarite|SandStream|RockSlide,KnockOff,LowKick,Protect|Jolly||F|||50|]Excadrill||FocusSash|SandRush|HighHorsepower,IronHead,RockSlide,Protect|Adamant||M|||50|]Gholdengo||LifeOrb|GoodasGold|ShadowBall,MakeItRain,NastyPlot,Protect|Modest|||||50|]Milotic||SitrusBerry|Competitive|Scald,IceBeam,IcyWind,Protect|Calm||F|||50|]Sinistcha||ColburBerry|Hospitality|MatchaGotcha,ShadowBall,RagePowder,Protect|Bold|||||50|]Staraptor||Staraptite|Intimidate|BraveBird,CloseCombat,Tailwind,Protect|Jolly||M|||50|
|showteam|p2|Staraptor||Staraptite|Intimidate|Protect,Roost,CloseCombat,DualWingbeat|Jolly||M|||50|]Whimsicott||FocusSash|Prankster|Tailwind,Charm,Moonblast,LightScreen|Timid||F|||50|]Milotic||Leftovers|Competitive|Recover,MuddyWater,Coil,Hypnosis|Calm||M|||50|]Rotom-Heat||SitrusBerry|Levitate|Protect,WillOWisp,Overheat,Thunderbolt|Calm|||||50|]Gengar||Gengarite|CursedBody|Protect,ShadowBall,SludgeBomb,PerishSong|Modest||M|||50|]Sneasler||WhiteHerb|Unburden|FakeOut,CloseCombat,DireClaw,Protect|Adamant||M|||50|
|inactive|Battle timer is ON: inactive players will automatically lose when time's up. (requested by 1Manuel1410)
|inactive|mikelpoyarzabal also wants the timer to be on.
|j| StrisciaLaNotizia
|l| StrisciaLaNotizia
|inactive|1Manuel1410 has 60 seconds left.
|
|t:|1785071767
|teamsize|p1|4
|teamsize|p2|4
|start
|switch|p1a: Gholdengo|Gholdengo, L50|100/100
|switch|p1b: Sinistcha|Sinistcha, L50|100/100
|switch|p2a: Milotic|Milotic, L50, M|100/100
|switch|p2b: Rotom|Rotom-Heat, L50|100/100
|turn|1
|
|t:|1785071778
|move|p1b: Sinistcha|Rage Powder|p1b: Sinistcha
|-singleturn|p1b: Sinistcha|move: Rage Powder
|move|p1a: Gholdengo|Nasty Plot|p1a: Gholdengo
|-boost|p1a: Gholdengo|spa|2
|move|p2b: Rotom|Overheat|p1b: Sinistcha
|-supereffective|p1b: Sinistcha|1
|-damage|p1b: Sinistcha|4/100
|-unboost|p2b: Rotom|spa|2
|move|p2a: Milotic|Coil|p2a: Milotic
|-boost|p2a: Milotic|atk|1
|-boost|p2a: Milotic|def|1
|-boost|p2a: Milotic|accuracy|1
|
|upkeep
|turn|2
|
|t:|1785071793
|move|p2b: Rotom|Protect|p2b: Rotom
|-singleturn|p2b: Rotom|Protect
|move|p1a: Gholdengo|Shadow Ball|p2b: Rotom
|-activate|p2b: Rotom|move: Protect
|move|p2a: Milotic|Muddy Water|p1b: Sinistcha|[spread] p1a,p1b
|-resisted|p1b: Sinistcha|1
|-damage|p1a: Gholdengo|74/100
|-damage|p1b: Sinistcha|0 fnt
|-unboost|p1a: Gholdengo|accuracy|1
|faint|p1b: Sinistcha
|
|upkeep
|
|t:|1785071803
|switch|p1b: Staraptor|Staraptor, L50, M|100/100
|-ability|p1b: Staraptor|Intimidate|boost
|-unboost|p2a: Milotic|atk|1
|-ability|p2a: Milotic|Competitive|boost
|-boost|p2a: Milotic|spa|2
|-unboost|p2b: Rotom|atk|1
|turn|3
|
|t:|1785071811
|detailschange|p1b: Staraptor|Staraptor-Mega, L50, M
|-mega|p1b: Staraptor|Staraptor|Staraptite
|move|p1b: Staraptor|Close Combat|p2a: Milotic
|-damage|p2a: Milotic|64/100
|-boost|p1b: Staraptor|def|1
|-boost|p1b: Staraptor|spd|1
|move|p1a: Gholdengo|Shadow Ball|p2b: Rotom|[miss]
|-miss|p1a: Gholdengo|p2b: Rotom
|move|p2b: Rotom|Will-O-Wisp|p1b: Staraptor|[miss]
|-miss|p2b: Rotom|p1b: Staraptor
|move|p2a: Milotic|Muddy Water|p1b: Staraptor|[spread] p1a,p1b
|-damage|p1a: Gholdengo|21/100
|-damage|p1b: Staraptor|68/100
|-boost|p1b: Staraptor|accuracy|1
|
|-heal|p2a: Milotic|70/100|[from] item: Leftovers
|upkeep
|turn|4
|inactive|1Manuel1410 has 30 seconds left.
|
|t:|1785071836
|move|p1b: Staraptor|Close Combat|p2a: Milotic
|-damage|p2a: Milotic|31/100
|-boost|p1b: Staraptor|def|1
|-boost|p1b: Staraptor|spd|1
|move|p1a: Gholdengo|Shadow Ball|p2a: Milotic
|-damage|p2a: Milotic|0 fnt
|faint|p2a: Milotic
|-damage|p1a: Gholdengo|11/100|[from] item: Life Orb
|move|p2b: Rotom|Will-O-Wisp|p1b: Staraptor
|-status|p1b: Staraptor|brn
|
|-damage|p1b: Staraptor|62/100 brn|[from] brn
|upkeep
|
|t:|1785071853
|switch|p2a: Gengar|Gengar, L50, M|100/100
|turn|5
|
|t:|1785071865
|detailschange|p2a: Gengar|Gengar-Mega, L50, M
|-mega|p2a: Gengar|Gengar|Gengarite
|move|p1b: Staraptor|Tailwind|p1b: Staraptor
|-sidestart|p1: mikelpoyarzabal|move: Tailwind
|move|p1a: Gholdengo|Shadow Ball|p2b: Rotom
|-damage|p2b: Rotom|7/100
|-enditem|p2b: Rotom|Sitrus Berry|[eat]
|-heal|p2b: Rotom|31/100|[from] item: Sitrus Berry
|-damage|p1a: Gholdengo|2/100|[from] item: Life Orb
|move|p2a: Gengar|Shadow Ball|p1a: Gholdengo
|-supereffective|p1a: Gholdengo|1
|-damage|p1a: Gholdengo|0 fnt
|faint|p1a: Gholdengo
|move|p2b: Rotom|Thunderbolt|p1b: Staraptor
|-supereffective|p1b: Staraptor|1
|-damage|p1b: Staraptor|43/100 brn
|
|-damage|p1b: Staraptor|38/100 brn|[from] brn
|upkeep
|
|t:|1785071872
|switch|p1a: Milotic|Milotic, L50, F|100/100
|turn|6
|
|t:|1785071887
|move|p2a: Gengar|Protect|p2a: Gengar
|-singleturn|p2a: Gengar|Protect
|move|p1b: Staraptor|Close Combat|p2b: Rotom
|-damage|p2b: Rotom|1/100
|-boost|p1b: Staraptor|def|1
|-boost|p1b: Staraptor|spd|1
|move|p1a: Milotic|Scald|p2a: Gengar
|-activate|p2a: Gengar|move: Protect
|move|p2b: Rotom|Thunderbolt|p1b: Staraptor
|-supereffective|p1b: Staraptor|1
|-damage|p1b: Staraptor|24/100 brn
|
|-damage|p1b: Staraptor|18/100 brn|[from] brn
|upkeep
|turn|7
|
|t:|1785071899
|switch|p2a: Sneasler|Sneasler, L50, M|100/100
|move|p2b: Rotom|Protect|p2b: Rotom
|-singleturn|p2b: Rotom|Protect
|move|p1b: Staraptor|Brave Bird|p2a: Sneasler
|-supereffective|p2a: Sneasler|1
|-damage|p2a: Sneasler|10/100
|-damage|p1b: Staraptor|0 fnt|[from] Recoil
|faint|p1b: Staraptor
|move|p1a: Milotic|Icy Wind|p2b: Rotom|[spread] p2a
|-activate|p2b: Rotom|move: Protect
|-damage|p2a: Sneasler|0 fnt
|faint|p2a: Sneasler
|
|upkeep
|
|t:|1785071908
|switch|p2a: Gengar|Gengar-Mega, L50, M|100/100
|turn|8
|
|t:|1785071923
|move|p1a: Milotic|Icy Wind|p2b: Rotom|[spread] p2b
|-miss|p1a: Milotic|p2a: Gengar
|-resisted|p2b: Rotom|1
|-damage|p2b: Rotom|0 fnt
|faint|p2b: Rotom
|move|p2a: Gengar|Shadow Ball|p1a: Milotic
|-damage|p1a: Milotic|59/100
|
|-sideend|p1: mikelpoyarzabal|move: Tailwind
|upkeep
|turn|9
|
|t:|1785071928
|move|p2a: Gengar|Sludge Bomb|p1a: Milotic
|-damage|p1a: Milotic|21/100
|-status|p1a: Milotic|psn
|-enditem|p1a: Milotic|Sitrus Berry|[eat]
|-heal|p1a: Milotic|46/100 psn|[from] item: Sitrus Berry
|move|p1a: Milotic|Scald|p2a: Gengar
|-damage|p2a: Gengar|63/100
|-status|p2a: Gengar|brn
|
|-damage|p1a: Milotic|33/100 psn|[from] psn
|-damage|p2a: Gengar|57/100 brn|[from] brn
|upkeep
|turn|10
|
|t:|1785071939
|move|p2a: Gengar|Sludge Bomb|p1a: Milotic
|-damage|p1a: Milotic|0 fnt
|faint|p1a: Milotic
|
|win|1Manuel1410
