|j|☆vilan333
|j|☆oscarmachacador
|html|vilan333oscarmachacador    
|uhtml|bestof|Game 3 of a best-of-3
|t:|1782676606
|gametype|doubles
|player|p1|vilan333|marshal|1184
|player|p2|oscarmachacador|101|1086
|gen|9
|tier|[Gen 9 Champions] VGC 2026 Reg M-B (Bo3)
|rated|
|rule|Species Clause: Limit one of each Pokémon
|rule|Item Clause: Limit 1 of each item
|clearpoke
|poke|p1|Farigiraf, L50, M|
|poke|p1|Torkoal, L50, F|
|poke|p1|Annihilape, L50, M|
|poke|p1|Aerodactyl, L50, M|
|poke|p1|Sylveon, L50, M|
|poke|p1|Metagross, L50, shiny|
|poke|p2|Scovillain, L50, M|
|poke|p2|Aerodactyl, L50, F|
|poke|p2|Rotom-Wash, L50|
|poke|p2|Sneasler, L50, F|
|poke|p2|Ninetales-Alola, L50, F|
|poke|p2|Incineroar, L50, F|
|teampreview|4
|showteam|p1|Farigiraf||SitrusBerry|ArmorTail|TrickRoom,Protect,Psychic,HelpingHand|Bold||M|||50|]Torkoal||Charcoal|Drought|Eruption,WeatherBall,EarthPower,Protect|Quiet||F|||50|]Annihilape||FocusSash|Defiant|ShadowClaw,CloseCombat,Taunt,Protect|Jolly||M|||50|]Aerodactyl||Aerodactylite|Unnerve|Tailwind,RockSlide,IceFang,WideGuard|Jolly||M|||50|]Sylveon||FairyFeather|Pixilate|Detect,HyperVoice,HyperBeam,QuickAttack|Modest||M|||50|]Metagross||Metagrossite|ClearBody|IronHead,PsychicFangs,Protect,StompingTantrum|Jolly|||||50|
|showteam|p2|Scovillain||Scovillainite|Moody|Overheat,LeechSeed,RagePowder,Protect|Calm||M|||50|]Aerodactyl||Aerodactylite|Pressure|RockSlide,DualWingbeat,Protect,IceFang|Jolly||F|||50|]Rotom-Wash||Leftovers|Levitate|HydroPump,Protect,VoltSwitch,Thunderbolt|Calm|||||50|]Sneasler||WhiteHerb|Unburden|PoisonJab,CloseCombat,FakeOut,Protect|Adamant||F|||50|]Ninetales-Alola||LightClay|SnowWarning|Blizzard,AuroraVeil,Encore,Moonblast|Timid||F|||50|]Incineroar||SitrusBerry|Intimidate|FakeOut,FlareBlitz,Snarl,PartingShot|Careful||F|||50|
|
|t:|1782676640
|teamsize|p1|4
|teamsize|p2|4
|start
|switch|p1a: Farigiraf|Farigiraf, L50, M|100/100
|switch|p1b: Annihilape|Annihilape, L50, M|100/100
|switch|p2a: Scovillain|Scovillain, L50, M|100/100
|switch|p2b: Sneasler|Sneasler, L50, F|100/100
|turn|1
|
|t:|1782676674
|detailschange|p2a: Scovillain|Scovillain-Mega, L50, M
|-mega|p2a: Scovillain|Scovillain|Scovillainite
|move|p1b: Annihilape|Taunt|p2a: Scovillain
|-start|p2a: Scovillain|move: Taunt
|move|p2b: Sneasler|Poison Jab|p1a: Farigiraf
|-damage|p1a: Farigiraf|64/100
|cant|p2a: Scovillain|move: Taunt|Leech Seed
|move|p1a: Farigiraf|Psychic|p2b: Sneasler
|-supereffective|p2b: Sneasler|2
|-damage|p2b: Sneasler|0 fnt
|faint|p2b: Sneasler
|
|upkeep
|inactive|Battle timer is ON: inactive players will automatically lose when time's up. (requested by vilan333)
|
|t:|1782676721
|switch|p2b: Ninetales|Ninetales-Alola, L50, F|100/100
|-weather|Snowscape|[from] ability: Snow Warning|[of] p2b: Ninetales
|turn|2
|
|t:|1782676747
|switch|p2a: Rotom|Rotom-Wash, L50|100/100
|move|p2b: Ninetales|Blizzard|p1a: Farigiraf|[spread] p1a,p1b
|-damage|p1a: Farigiraf|45/100
|-damage|p1b: Annihilape|77/100
|-status|p1b: Annihilape|frz
|-enditem|p1a: Farigiraf|Sitrus Berry|[eat]
|-heal|p1a: Farigiraf|70/100|[from] item: Sitrus Berry
|cant|p1b: Annihilape|frz
|move|p1a: Farigiraf|Trick Room|p1a: Farigiraf
|-fieldstart|move: Trick Room|[of] p1a: Farigiraf
|
|-weather|Snowscape|[upkeep]
|upkeep
|turn|3
|inactive|vilan333 has 30 seconds left.
|
|t:|1782676775
|move|p1a: Farigiraf|Psychic|p2b: Ninetales
|-damage|p2b: Ninetales|64/100
|move|p2a: Rotom|Volt Switch|p1a: Farigiraf
|-damage|p1a: Farigiraf|47/100
|
|t:|1782676783
|switch|p2a: Scovillain|Scovillain-Mega, L50, M|100/100|[from] Volt Switch
|cant|p1b: Annihilape|frz
|move|p2b: Ninetales|Blizzard|p1b: Annihilape|[spread] p1a,p1b
|-damage|p1a: Farigiraf|25/100
|-damage|p1b: Annihilape|52/100 frz
|
|-weather|Snowscape|[upkeep]
|upkeep
|turn|4
|inactive|oscarmachacador has 30 seconds left.
|inactive|oscarmachacador has 20 seconds left.
|
|t:|1782676818
|move|p1a: Farigiraf|Psychic|p2a: Scovillain
|-damage|p2a: Scovillain|66/100
|-status|p1a: Farigiraf|brn|[from] ability: Spicy Spray|[of] p2a: Scovillain
|move|p2a: Scovillain|Overheat|p1a: Farigiraf
|-damage|p1a: Farigiraf|0 fnt
|-unboost|p2a: Scovillain|spa|2
|faint|p1a: Farigiraf
|-curestatus|p1b: Annihilape|frz|[msg]
|move|p1b: Annihilape|Close Combat|p2b: Ninetales
|-damage|p2b: Ninetales|21/100
|-unboost|p1b: Annihilape|def|1
|-unboost|p1b: Annihilape|spd|1
|move|p2b: Ninetales|Moonblast|p1b: Annihilape
|-supereffective|p1b: Annihilape|1
|-damage|p1b: Annihilape|0 fnt
|faint|p1b: Annihilape
|
|-weather|Snowscape|[upkeep]
|upkeep
|
|t:|1782676839
|switch|p1a: Torkoal|Torkoal, L50, F|100/100
|switch|p1b: Aerodactyl|Aerodactyl, L50, M|100/100
|-ability|p1b: Aerodactyl|Unnerve
|-weather|SunnyDay|[from] ability: Drought|[of] p1a: Torkoal
|turn|5
|
|t:|1782676858
|switch|p2b: Rotom|Rotom-Wash, L50|100/100
|detailschange|p1b: Aerodactyl|Aerodactyl-Mega, L50, M
|-mega|p1b: Aerodactyl|Aerodactyl|Aerodactylite
|move|p2a: Scovillain|Protect|p2a: Scovillain
|-singleturn|p2a: Scovillain|Protect
|move|p1b: Aerodactyl|Wide Guard|p1b: Aerodactyl
|-singleturn|p1b: Aerodactyl|Wide Guard
|move|p1a: Torkoal|Eruption|p2b: Rotom|[spread] p2b
|-activate|p2a: Scovillain|move: Protect
|-resisted|p2b: Rotom|1
|-damage|p2b: Rotom|63/100
|
|-weather|SunnyDay|[upkeep]
|-heal|p2b: Rotom|69/100|[from] item: Leftovers
|upkeep
|turn|6
|inactive|oscarmachacador has 30 seconds left.
|
|t:|1782676892
|switch|p2a: Ninetales|Ninetales-Alola, L50, F|21/100
|-weather|Snowscape|[from] ability: Snow Warning|[of] p2a: Ninetales
|move|p1a: Torkoal|Eruption|p2a: Ninetales|[spread] p2a,p2b
|-supereffective|p2a: Ninetales|1
|-resisted|p2b: Rotom|1
|-damage|p2a: Ninetales|0 fnt
|-damage|p2b: Rotom|43/100
|faint|p2a: Ninetales
|move|p2b: Rotom|Thunderbolt|p1b: Aerodactyl
|-supereffective|p1b: Aerodactyl|1
|-crit|p1b: Aerodactyl
|-damage|p1b: Aerodactyl|0 fnt
|faint|p1b: Aerodactyl
|
|-weather|Snowscape|[upkeep]
|-heal|p2b: Rotom|49/100|[from] item: Leftovers
|-fieldend|move: Trick Room
|upkeep
|-message|vilan333 forfeited.
|
|win|oscarmachacador
|raw|vilan333's rating: 1184 → 1152(-32 for losing)
|raw|oscarmachacador's rating: 1086 → 1121(+35 for winning)
|l|☆vilan333
|player|p1|
|j|☆vilan333
|player|p1|vilan333|marshal|
