|j|☆Ziik
|j|☆rube07
|html|Ziikrube07    
|uhtml|bestof|Game 2 of a best-of-3
|t:|1756310574
|gametype|doubles
|player|p1|Ziik|101|1096
|player|p2|rube07|1|1045
|gen|9
|tier|[Gen 9] VGC 2025 Reg H (Bo3)
|rated|
|rule|Species Clause: Limit one of each Pokémon
|rule|Item Clause: Limit 1 of each item
|clearpoke
|poke|p1|Amoonguss, L50, F|
|poke|p1|Archaludon, L50, F|
|poke|p1|Basculegion, L50, M|
|poke|p1|Pelipper, L50, M|
|poke|p1|Rillaboom, L50, F|
|poke|p1|Maushold-Four, L50|
|poke|p2|Pelipper, L50, F|
|poke|p2|Archaludon, L50, M|
|poke|p2|Gholdengo, L50|
|poke|p2|Sinistcha, L50|
|poke|p2|Dragonite, L50, F|
|poke|p2|Ursaluna, L50, M|
|teampreview|4
|showteam|p1|Amoonguss||SitrusBerry|Regenerator|RagePowder,Spore,PollenPuff,ClearSmog|||F|||50|,,,,,Fire]Archaludon||AssaultVest|Stamina|ElectroShot,FlashCannon,DracoMeteor,BodyPress|||F|||50|,,,,,Bug]Basculegion||LifeOrb|SwiftSwim|WaveCrash,LastRespects,AquaJet,FlipTurn|||M|||50|,,,,,Water]Pelipper||FocusSash|Drizzle|Protect,WeatherBall,Hurricane,Tailwind|||M|||50|,,,,,Steel]Rillaboom||MiracleSeed|GrassySurge|FakeOut,GrassyGlide,WoodHammer,Uturn|||F|||50|,,,,,Fire]Maushold-Four||WideLens|FriendGuard|Protect,FollowMe,Taunt,PopulationBomb||||||50|,,,,,Grass
|showteam|p2|Pelipper||LifeOrb|Drizzle|Hurricane,Tailwind,WeatherBall,Protect|||F|||50|,,,,,Ghost]Archaludon||AssaultVest|Stamina|ElectroShot,DragonPulse,FlashCannon,BodyPress|||M|||50|,,,,,Grass]Gholdengo||ChoiceScarf|GoodasGold|MakeItRain,ShadowBall,Trick,Protect||||||50|,,,,,Dragon]Sinistcha||RockyHelmet|Hospitality|MatchaGotcha,ShadowBall,RagePowder||||||50|,,,,,Water]Dragonite||LoadedDice|InnerFocus|DragonDance,Protect,ExtremeSpeed,ScaleShot|||F|||50|,,,,,Normal]Ursaluna||FlameOrb|Guts|Facade,HeadlongRush,SwordsDance,Protect|||M|||50|,,,,,Ground
|inactive|Battle timer is ON: inactive players will automatically lose when time's up. (requested by rube07)
|
|t:|1756310595
|teamsize|p1|4
|teamsize|p2|4
|start
|switch|p1a: Rillaboom|Rillaboom, L50, F|100/100
|switch|p1b: Basculegion|Basculegion, L50, M|100/100
|switch|p2a: Dragonite|Dragonite, L50, F|100/100
|switch|p2b: Archaludon|Archaludon, L50, M|100/100
|-fieldstart|move: Grassy Terrain|[from] ability: Grassy Surge|[of] p1a: Rillaboom
|turn|1
|inactive|Ziik has 30 seconds left.
|
|t:|1756310625
|switch|p1a: Amoonguss|Amoonguss, L50, F|100/100
|move|p1b: Basculegion|Last Respects|p2b: Archaludon
|-damage|p2b: Archaludon|76/100
|-ability|p2b: Archaludon|Stamina|boost
|-boost|p2b: Archaludon|def|1
|-damage|p1b: Basculegion|91/100|[from] item: Life Orb
|move|p2a: Dragonite|Scale Shot|p2b: Archaludon
|-damage|p2b: Archaludon|68/100
|-ability|p2b: Archaludon|Stamina|boost
|-boost|p2b: Archaludon|def|1
|-damage|p2b: Archaludon|62/100
|-ability|p2b: Archaludon|Stamina|boost
|-boost|p2b: Archaludon|def|1
|-damage|p2b: Archaludon|56/100
|-ability|p2b: Archaludon|Stamina|boost
|-boost|p2b: Archaludon|def|1
|-damage|p2b: Archaludon|52/100
|-ability|p2b: Archaludon|Stamina|boost
|-boost|p2b: Archaludon|def|1
|-hitcount|p2b: Archaludon|4
|-unboost|p2a: Dragonite|def|1
|-boost|p2a: Dragonite|spe|1
|move|p2b: Archaludon|Body Press|p1b: Basculegion
|-immune|p1b: Basculegion
|
|-heal|p1b: Basculegion|97/100|[from] Grassy Terrain
|-heal|p2b: Archaludon|58/100|[from] Grassy Terrain
|upkeep
|turn|2
|inactive|Ziik has 30 seconds left.
|inactive|rube07 has 30 seconds left.
|inactive|Ziik has 20 seconds left.
|inactive|rube07 has 20 seconds left.
|inactive|rube07 has 15 seconds left.
|inactive|rube07 has 10 seconds left.
|inactive|Ziik has 15 seconds left.
|inactive|rube07 has 5 seconds left.
|inactive|Ziik has 10 seconds left.
|
|t:|1756310685
|move|p1a: Amoonguss|Rage Powder|p1a: Amoonguss
|-singleturn|p1a: Amoonguss|move: Rage Powder
|move|p2a: Dragonite|Dragon Dance|p2a: Dragonite
|-boost|p2a: Dragonite|atk|1
|-boost|p2a: Dragonite|spe|1
|move|p1b: Basculegion|Flip Turn|p2a: Dragonite
|-resisted|p2a: Dragonite
|-damage|p2a: Dragonite|74/100
|-damage|p1b: Basculegion|87/100|[from] item: Life Orb
|
|t:|1756310695
|switch|p1b: Rillaboom|Rillaboom, L50, F|100/100|[from] Flip Turn
|move|p2b: Archaludon|Dragon Pulse|p1a: Amoonguss
|-damage|p1a: Amoonguss|63/100
|
|-heal|p2b: Archaludon|64/100|[from] Grassy Terrain
|-heal|p1a: Amoonguss|69/100|[from] Grassy Terrain
|upkeep
|turn|3
|
|t:|1756310718
|switch|p1b: Archaludon|Archaludon, L50, F|100/100
|-terastallize|p2b: Archaludon|Grass
|move|p2a: Dragonite|Scale Shot|p1a: Amoonguss
|-damage|p1a: Amoonguss|51/100
|-damage|p1a: Amoonguss|32/100
|-enditem|p1a: Amoonguss|Sitrus Berry|[eat]
|-heal|p1a: Amoonguss|56/100|[from] item: Sitrus Berry
|-damage|p1a: Amoonguss|37/100
|-damage|p1a: Amoonguss|17/100
|-hitcount|p1a: Amoonguss|4
|-unboost|p2a: Dragonite|def|1
|-boost|p2a: Dragonite|spe|1
|move|p2b: Archaludon|Body Press|p1a: Amoonguss
|-resisted|p1a: Amoonguss
|-damage|p1a: Amoonguss|0 fnt
|faint|p1a: Amoonguss
|
|-heal|p2b: Archaludon|70/100|[from] Grassy Terrain
|upkeep
|
|t:|1756310739
|switch|p1a: Rillaboom|Rillaboom, L50, F|100/100
|turn|4
|
|t:|1756310757
|move|p1a: Rillaboom|Fake Out|p2b: Archaludon
|-damage|p2b: Archaludon|67/100
|-ability|p2b: Archaludon|Stamina|boost
|-boost|p2b: Archaludon|def|1
|move|p2a: Dragonite|Dragon Dance|p2a: Dragonite
|-boost|p2a: Dragonite|atk|1
|-boost|p2a: Dragonite|spe|1
|move|p1b: Archaludon|Draco Meteor|p2a: Dragonite
|-supereffective|p2a: Dragonite
|-damage|p2a: Dragonite|0 fnt
|-unboost|p1b: Archaludon|spa|2
|faint|p2a: Dragonite
|cant|p2b: Archaludon|flinch
|
|-heal|p2b: Archaludon|73/100|[from] Grassy Terrain
|upkeep
|inactive|rube07 has 30 seconds left.
|
|t:|1756310789
|switch|p2a: Pelipper|Pelipper, L50, F|100/100
|-weather|RainDance|[from] ability: Drizzle|[of] p2a: Pelipper
|turn|5
|
|t:|1756310799
|switch|p1b: Basculegion|Basculegion, L50, M|87/100
|move|p1a: Rillaboom|U-turn|p2a: Pelipper
|-resisted|p2a: Pelipper
|-damage|p2a: Pelipper|86/100
|
|t:|1756310805
|switch|p1a: Archaludon|Archaludon, L50, F|100/100|[from] U-turn
|move|p2a: Pelipper|Tailwind|p2a: Pelipper
|-sidestart|p2: rube07|move: Tailwind
|move|p2b: Archaludon|Body Press|p1b: Basculegion
|-immune|p1b: Basculegion
|
|-weather|RainDance|[upkeep]
|-heal|p1b: Basculegion|93/100|[from] Grassy Terrain
|-heal|p2b: Archaludon|79/100|[from] Grassy Terrain
|-fieldend|move: Grassy Terrain
|upkeep
|turn|6
|inactive|Ziik has 30 seconds left.
|inactive|rube07 has 30 seconds left.
|
|t:|1756310832
|-terastallize|p1a: Archaludon|Bug
|move|p1b: Basculegion|Flip Turn|p2a: Pelipper
|-resisted|p2a: Pelipper
|-damage|p2a: Pelipper|47/100
|-damage|p1b: Basculegion|84/100|[from] item: Life Orb
|
|t:|1756310838
|switch|p1b: Rillaboom|Rillaboom, L50, F|100/100|[from] Flip Turn
|-fieldstart|move: Grassy Terrain|[from] ability: Grassy Surge|[of] p1b: Rillaboom
|move|p2a: Pelipper|Hurricane|p1b: Rillaboom
|-supereffective|p1b: Rillaboom
|-crit|p1b: Rillaboom
|-damage|p1b: Rillaboom|0 fnt
|faint|p1b: Rillaboom
|-damage|p2a: Pelipper|37/100|[from] item: Life Orb
|move|p2b: Archaludon|Body Press|p1a: Archaludon
|-resisted|p1a: Archaludon
|-damage|p1a: Archaludon|67/100
|-ability|p1a: Archaludon|Stamina|boost
|-boost|p1a: Archaludon|def|1
|move|p1a: Archaludon|Electro Shot||[still]
|-prepare|p1a: Archaludon|Electro Shot
|-boost|p1a: Archaludon|spa|1
|-anim|p1a: Archaludon|Electro Shot|p2a: Pelipper
|-supereffective|p2a: Pelipper
|-damage|p2a: Pelipper|0 fnt
|faint|p2a: Pelipper
|
|-weather|RainDance|[upkeep]
|-heal|p2b: Archaludon|85/100|[from] Grassy Terrain
|-heal|p1a: Archaludon|73/100|[from] Grassy Terrain
|upkeep
|
|t:|1756310863
|switch|p1b: Basculegion|Basculegion, L50, M|84/100
|switch|p2a: Gholdengo|Gholdengo, L50|100/100
|turn|7
|
|t:|1756310876
|move|p2a: Gholdengo|Shadow Ball|p1b: Basculegion
|-supereffective|p1b: Basculegion
|-damage|p1b: Basculegion|0 fnt
|faint|p1b: Basculegion
|move|p2b: Archaludon|Electro Shot||[still]
|-prepare|p2b: Archaludon|Electro Shot
|-boost|p2b: Archaludon|spa|1
|-anim|p2b: Archaludon|Electro Shot|p1a: Archaludon
|-damage|p1a: Archaludon|22/100
|-ability|p1a: Archaludon|Stamina|boost
|-boost|p1a: Archaludon|def|1
|move|p1a: Archaludon|Draco Meteor|p2b: Archaludon
|-damage|p2b: Archaludon|18/100
|-unboost|p1a: Archaludon|spa|2
|
|-weather|RainDance|[upkeep]
|-heal|p2b: Archaludon|24/100|[from] Grassy Terrain
|-heal|p1a: Archaludon|28/100|[from] Grassy Terrain
|upkeep
|turn|8
|
|t:|1756310901
|move|p2a: Gholdengo|Shadow Ball|p1a: Archaludon
|-damage|p1a: Archaludon|0 fnt
|faint|p1a: Archaludon
|
|win|rube07
||Ziik is ready for game 3.
|inactive|rube07 has 30 seconds to confirm battle start!
|l|☆rube07
|player|p2|
||rube07 is ready for game 3.
|uhtml|next|Next: Game 3 of 3
|l|☆Ziik
|player|p1|
|j|☆Ziik
|player|p1|Ziik|101|
