|j|☆Aixote
|j|☆Valarux
|html|AixoteValarux    
|uhtml|bestof|Game 1 of a best-of-3
|t:|1757032543
|gametype|doubles
|player|p1|Aixote|170|
|player|p2|Valarux|unknownf|
|gen|9
|tier|[Gen 9] VGC 2025 Reg H (Bo3)
|rule|Species Clause: Limit one of each Pokémon
|rule|Item Clause: Limit 1 of each item
|clearpoke
|poke|p1|Rillaboom, L50, M|
|poke|p1|Grimmsnarl, L50, M|
|poke|p1|Typhlosion-Hisui, L50, F|
|poke|p1|Ninetales, L50, F|
|poke|p1|Salamence, L50, F|
|poke|p1|Primarina, L50, F|
|poke|p2|Ninetales-Alola, L50, F|
|poke|p2|Amoonguss, L50, F|
|poke|p2|Alcremie-Salted-Cream, L50, F|
|poke|p2|Palafin, L50, M|
|poke|p2|Gallade, L50, M|
|poke|p2|Zoroark-Hisui, L50, F|
|teampreview|4
|showteam|p1|Rillaboom||MiracleSeed|GrassySurge|FakeOut,BrickBreak,Protect,WoodHammer|||M|||50|,,,,,Grass]Grimmsnarl||SafetyGoggles|Prankster|FakeOut,PartingShot,ThunderWave,Swagger|||M|||50|,,,,,Water]Typhlosion-Hisui||Charcoal|Blaze|Eruption,Protect,SolarBeam,LavaPlume|||F|||50|,,,,,Fire]Ninetales||EjectButton|Drought|HelpingHand,Safeguard,WeatherBall,SunnyDay|||F|||50|,,,,,Grass]Salamence||LumBerry|Intimidate|RockSlide,DragonDance,Earthquake,Protect|||F|||50|,,,,,Steel]Primarina||GrassySeed|LiquidVoice|CalmMind,HyperVoice,LifeDew,Haze|||F|||50|,,,,,Water
|showteam|p2|Ninetales-Alola||LightClay|SnowWarning|Blizzard,AuroraVeil,Protect,Moonblast|||F|||50|,,,,,Ice]Amoonguss||RockyHelmet|Regenerator|Spore,RagePowder,PollenPuff,Protect|||F|||50|,,,,,Water]Alcremie-Salted-Cream||SitrusBerry|SweetVeil|Decorate,DazzlingGleam,BabyDollEyes,Protect|||F|||50|,,,,,Fairy]Palafin||MysticWater|ZerotoHero|JetPunch,WaveCrash,Protect,FlipTurn|||M|||50|,,,,,Water]Gallade||ClearAmulet|Sharpness|SacredSword,PsychoCut,TrickRoom,WideGuard|||M|||50|,,,,,Fighting]Zoroark-Hisui||ChoiceSpecs|Illusion|HyperVoice,ShadowBall,TeraBlast,IcyWind|||F|||50|,,,,,Ghost
|
|t:|1757032569
|teamsize|p1|4
|teamsize|p2|4
|start
|switch|p1a: Grimmsnarl|Grimmsnarl, L50, M|100/100
|switch|p1b: Salamence|Salamence, L50, F|100/100
|switch|p2a: Ninetales|Ninetales-Alola, L50, F|100/100
|switch|p2b: Gallade|Gallade, L50, M|100/100
|-weather|Snowscape|[from] ability: Snow Warning|[of] p2a: Ninetales
|-ability|p1b: Salamence|Intimidate|boost
|-unboost|p2a: Ninetales|atk|1
|-fail|p2b: Gallade|unboost|[from] item: Clear Amulet|[of] p2b: Gallade
|turn|1
|
|t:|1757032629
|move|p1a: Grimmsnarl|Parting Shot|p2b: Gallade
|-fail|p2b: Gallade|unboost|[from] item: Clear Amulet|[of] p2b: Gallade
|move|p2a: Ninetales|Aurora Veil|p2a: Ninetales
|-sidestart|p2: Valarux|move: Aurora Veil
|move|p1b: Salamence|Dragon Dance|p1b: Salamence
|-boost|p1b: Salamence|atk|1
|-boost|p1b: Salamence|spe|1
|move|p2b: Gallade|Sacred Sword|p1a: Grimmsnarl
|-damage|p1a: Grimmsnarl|34/100
|
|-weather|Snowscape|[upkeep]
|upkeep
|turn|2
|
|t:|1757032657
|move|p2b: Gallade|Wide Guard|p2b: Gallade
|-singleturn|p2b: Gallade|Wide Guard
|move|p1a: Grimmsnarl|Swagger|p1b: Salamence
|-boost|p1b: Salamence|atk|2
|-start|p1b: Salamence|confusion
|-enditem|p1b: Salamence|Lum Berry|[eat]
|-end|p1b: Salamence|confusion
|move|p1b: Salamence|Earthquake|p2a: Ninetales|[spread] p1a
|-activate|p2a: Ninetales|move: Wide Guard
|-activate|p2b: Gallade|move: Wide Guard
|-damage|p1a: Grimmsnarl|0 fnt
|faint|p1a: Grimmsnarl
|move|p2a: Ninetales|Moonblast|p1b: Salamence
|-supereffective|p1b: Salamence
|-damage|p1b: Salamence|12/100
|
|-weather|Snowscape|[upkeep]
|upkeep
|
|t:|1757032675
|switch|p1a: Rillaboom|Rillaboom, L50, M|100/100
|-fieldstart|move: Grassy Terrain|[from] ability: Grassy Surge|[of] p1a: Rillaboom
|turn|3
|
|t:|1757032694
|move|p1a: Rillaboom|Fake Out|p2a: Ninetales
|-damage|p2a: Ninetales|90/100
|move|p1b: Salamence|Earthquake|p2a: Ninetales|[spread] p1a,p2a,p2b
|-resisted|p1a: Rillaboom
|-damage|p1a: Rillaboom|84/100
|-damage|p2a: Ninetales|64/100
|-damage|p2b: Gallade|66/100
|cant|p2a: Ninetales|flinch
|move|p2b: Gallade|Sacred Sword|p1b: Salamence
|-resisted|p1b: Salamence
|-damage|p1b: Salamence|0 fnt
|faint|p1b: Salamence
|
|-weather|Snowscape|[upkeep]
|-heal|p2a: Ninetales|70/100|[from] Grassy Terrain
|-heal|p1a: Rillaboom|90/100|[from] Grassy Terrain
|-heal|p2b: Gallade|71/100|[from] Grassy Terrain
|upkeep
|
|t:|1757032708
|switch|p1b: Ninetales|Ninetales, L50, F|100/100
|-weather|SunnyDay|[from] ability: Drought|[of] p1b: Ninetales
|turn|4
|
|t:|1757032734
|move|p2a: Ninetales|Blizzard|p1a: Rillaboom|[spread] p1b
|-miss|p2a: Ninetales|p1a: Rillaboom
|-resisted|p1b: Ninetales
|-damage|p1b: Ninetales|87/100
|move|p1b: Ninetales|Weather Ball|p2b: Gallade
|-damage|p2b: Gallade|35/100
|move|p1a: Rillaboom|Brick Break|p2a: Ninetales
|-sideend|p2: Valarux|move: Aurora Veil
|-damage|p2a: Ninetales|24/100
|move|p2b: Gallade|Psycho Cut|p1b: Ninetales
|-damage|p1b: Ninetales|17/100
|
|-weather|SunnyDay|[upkeep]
|-heal|p2a: Ninetales|30/100|[from] Grassy Terrain
|-heal|p1b: Ninetales|23/100|[from] Grassy Terrain
|-heal|p1a: Rillaboom|96/100|[from] Grassy Terrain
|-heal|p2b: Gallade|40/100|[from] Grassy Terrain
|upkeep
|turn|5
|
|t:|1757032757
|move|p2b: Gallade|Wide Guard|p2b: Gallade
|-singleturn|p2b: Gallade|Wide Guard
|move|p2a: Ninetales|Blizzard|p1b: Ninetales|[spread] p1a,p1b
|-supereffective|p1a: Rillaboom
|-resisted|p1b: Ninetales
|-damage|p1a: Rillaboom|17/100
|-damage|p1b: Ninetales|8/100
|move|p1b: Ninetales|Weather Ball|p2a: Ninetales
|-supereffective|p2a: Ninetales
|-damage|p2a: Ninetales|0 fnt
|faint|p2a: Ninetales
|move|p1a: Rillaboom|Wood Hammer|p2b: Gallade
|-damage|p2b: Gallade|0 fnt
|faint|p2b: Gallade
|-damage|p1a: Rillaboom|6/100|[from] Recoil
|
|-weather|SunnyDay|[upkeep]
|-heal|p1b: Ninetales|14/100|[from] Grassy Terrain
|-heal|p1a: Rillaboom|12/100|[from] Grassy Terrain
|upkeep
|
|t:|1757032774
|switch|p2a: Amoonguss|Amoonguss, L50, F|100/100
|switch|p2b: Zoroark|Zoroark-Hisui, L50, F|100/100
|turn|6
|
|t:|1757032796
|move|p2a: Amoonguss|Rage Powder|p2a: Amoonguss
|-singleturn|p2a: Amoonguss|move: Rage Powder
|move|p2b: Zoroark|Hyper Voice|p1a: Rillaboom|[spread] p1a,p1b
|-damage|p1a: Rillaboom|0 fnt
|-damage|p1b: Ninetales|0 fnt
|faint|p1a: Rillaboom
|faint|p1b: Ninetales
|
|win|Valarux
