|j|☆blum10
|j|☆Cl0cKer
|html|blum10Cl0cKer    
|uhtml|bestof|Game 2 of a best-of-3
|t:|1783991652
|gametype|doubles
|player|p1|blum10|265|1000
|player|p2|Cl0cKer|roxie|1030
|gen|9
|tier|[Gen 9 Champions] VGC 2026 Reg M-B (Bo3)
|rated|
|rule|Species Clause: Limit one of each Pokémon
|rule|Item Clause: Limit 1 of each item
|clearpoke
|poke|p1|Sneasler, L50, M|
|poke|p1|Blastoise, L50, M|
|poke|p1|Kingambit, L50, M|
|poke|p1|Incineroar, L50, M|
|poke|p1|Delphox, L50, F|
|poke|p1|Sinistcha, L50|
|poke|p2|Hatterene, L50, F|
|poke|p2|Farigiraf, L50, M, shiny|
|poke|p2|Torkoal, L50, M|
|poke|p2|Kingambit, L50, M|
|poke|p2|Crabominable, L50, M, shiny|
|poke|p2|Blastoise, L50, M|
|teampreview|4
|showteam|p1|Sneasler||FocusSash|PoisonTouch|PoisonJab,CloseCombat,FakeOut,QuickGuard|Jolly||M|||50|]Blastoise||Blastoisinite|RainDish|DarkPulse,WaterSpout,ShellSmash,Protect|Modest||M|||50|]Kingambit||BlackGlasses|Defiant|KowtowCleave,SuckerPunch,SwordsDance,Protect|Adamant||M|||50|]Incineroar||SitrusBerry|Intimidate|FlareBlitz,HelpingHand,PartingShot,FakeOut|Careful||M|||50|]Delphox||Delphoxite|Blaze|HeatWave,NastyPlot,Psyshock,Protect|Modest||F|||50|]Sinistcha||KasibBerry|Hospitality|MatchaGotcha,RagePowder,TrickRoom,Protect|Bold|||||50|
|showteam|p2|Hatterene||FairyFeather|MagicBounce|DazzlingGleam,MysticalFire,TrickRoom,Psychic|Quiet||F|||50|]Farigiraf||SitrusBerry|ArmorTail|TrickRoom,HyperVoice,HelpingHand,Protect|Quiet||M|||50|]Torkoal||Charcoal|Drought|Eruption,Protect,WeatherBall,HeatWave|Quiet||M|||50|]Kingambit||ChopleBerry|Defiant|SuckerPunch,KowtowCleave,Protect,LowKick|Adamant||M|||50|]Crabominable||Crabominite|IronFist|IceHammer,MachPunch,DrainPunch,Protect|Brave||M|||50|]Blastoise||Blastoisinite|Torrent|WaterSpout,DarkPulse,AuraSphere,IceBeam|Quiet||M|||50|
|inactive|Battle timer is ON: inactive players will automatically lose when time's up. (requested by Cl0cKer)
|
|t:|1783991682
|teamsize|p1|4
|teamsize|p2|4
|start
|switch|p1a: Sneasler|Sneasler, L50, M|100/100
|switch|p1b: Delphox|Delphox, L50, F|100/100
|switch|p2a: Hatterene|Hatterene, L50, F|100/100
|switch|p2b: Farigiraf|Farigiraf, L50, M, shiny|100/100
|turn|1
|inactive|blum10 has 30 seconds left.
|inactive|blum10 has 20 seconds left.
|
|t:|1783991717
|detailschange|p1b: Delphox|Delphox-Mega, L50, F
|-mega|p1b: Delphox|Delphox|Delphoxite
|move|p1a: Sneasler|Poison Jab|p2b: Farigiraf
|-damage|p2b: Farigiraf|58/100
|move|p1b: Delphox|Heat Wave|p2a: Hatterene|[spread] p2a,p2b
|-damage|p2a: Hatterene|59/100
|-damage|p2b: Farigiraf|19/100
|-enditem|p2b: Farigiraf|Sitrus Berry|[eat]
|-heal|p2b: Farigiraf|44/100|[from] item: Sitrus Berry
|move|p2b: Farigiraf|Hyper Voice|p1b: Delphox|[spread] p1a,p1b
|-damage|p1a: Sneasler|59/100
|-damage|p1b: Delphox|73/100
|move|p2a: Hatterene|Trick Room|p2a: Hatterene
|-fieldstart|move: Trick Room|[of] p2a: Hatterene
|
|upkeep
|turn|2
|inactive|blum10 has 30 seconds left.
|
|t:|1783991748
|switch|p1a: Sinistcha|Sinistcha, L50|100/100
|-heal|p1b: Delphox|98/100|[from] ability: Hospitality|[of] p1a: Sinistcha
|move|p2b: Farigiraf|Protect|p2b: Farigiraf
|-singleturn|p2b: Farigiraf|Protect
|move|p1b: Delphox|Protect|p1b: Delphox
|-singleturn|p1b: Delphox|Protect
|move|p2a: Hatterene|Psychic|p1a: Sinistcha
|-damage|p1a: Sinistcha|50/100g
|
|upkeep
|turn|3
|
|t:|1783991773
|switch|p1b: Sneasler|Sneasler, L50, M|59/100
|move|p2b: Farigiraf|Helping Hand|p2a: Hatterene
|-singleturn|p2a: Hatterene|Helping Hand|[of] p2b: Farigiraf
|move|p1a: Sinistcha|Protect|p1a: Sinistcha
|-singleturn|p1a: Sinistcha|Protect
|move|p2a: Hatterene|Dazzling Gleam|p1b: Sneasler|[spread] p1b
|-activate|p1a: Sinistcha|move: Protect
|-damage|p1b: Sneasler|0 fnt
|faint|p1b: Sneasler
|
|upkeep
|
|t:|1783991793
|switch|p1b: Incineroar|Incineroar, L50, M|100/100
|-ability|p1b: Incineroar|Intimidate|boost
|-unboost|p2a: Hatterene|atk|1
|-unboost|p2b: Farigiraf|atk|1
|turn|4
|inactive|blum10 has 30 seconds left.
|
|t:|1783991820
|switch|p1a: Delphox|Delphox-Mega, L50, F|98/100
|move|p2b: Farigiraf|Helping Hand|p2a: Hatterene
|-singleturn|p2a: Hatterene|Helping Hand|[of] p2b: Farigiraf
|move|p2a: Hatterene|Dazzling Gleam|p1a: Delphox|[spread] p1a,p1b
|-resisted|p1a: Delphox|1
|-damage|p1a: Delphox|69/100
|-damage|p1b: Incineroar|49/100
|-enditem|p1b: Incineroar|Sitrus Berry|[eat]
|-heal|p1b: Incineroar|73/100|[from] item: Sitrus Berry
|move|p1b: Incineroar|Flare Blitz|p2a: Hatterene
|-damage|p2a: Hatterene|8/100
|-damage|p1b: Incineroar|59/100|[from] Recoil
|
|upkeep
|turn|5
|inactive|Cl0cKer has 30 seconds left.
|
|t:|1783991848
|switch|p1b: Sinistcha|Sinistcha, L50|50/100g
|-heal|p1a: Delphox|94/100|[from] ability: Hospitality|[of] p1b: Sinistcha
|move|p2b: Farigiraf|Helping Hand|p2a: Hatterene
|-singleturn|p2a: Hatterene|Helping Hand|[of] p2b: Farigiraf
|move|p1a: Delphox|Protect|p1a: Delphox
|-singleturn|p1a: Delphox|Protect
|move|p2a: Hatterene|Dazzling Gleam|p1b: Sinistcha|[spread] p1b
|-activate|p1a: Delphox|move: Protect
|-damage|p1b: Sinistcha|0 fnt
|faint|p1b: Sinistcha
|
|-fieldend|move: Trick Room
|upkeep
|
|t:|1783991863
|switch|p1b: Incineroar|Incineroar, L50, M|59/100
|-ability|p1b: Incineroar|Intimidate|boost
|-unboost|p2a: Hatterene|atk|1
|-unboost|p2b: Farigiraf|atk|1
|turn|6
|
|t:|1783991877
|move|p1b: Incineroar|Helping Hand|p1a: Delphox
|-singleturn|p1a: Delphox|Helping Hand|[of] p1b: Incineroar
|move|p1a: Delphox|Heat Wave|p2b: Farigiraf|[spread] p2a,p2b
|-damage|p2a: Hatterene|0 fnt
|-damage|p2b: Farigiraf|0 fnt
|faint|p2a: Hatterene
|faint|p2b: Farigiraf
|
|upkeep
|
|t:|1783991886
|switch|p2b: Crabominable|Crabominable, L50, M, shiny|100/100
|switch|p2a: Torkoal|Torkoal, L50, M|100/100
|-weather|SunnyDay|[from] ability: Drought|[of] p2a: Torkoal
|turn|7
|
|t:|1783991902
|detailschange|p2b: Crabominable|Crabominable-Mega, L50, M, shiny
|-mega|p2b: Crabominable|Crabominable|Crabominite
|move|p1b: Incineroar|Helping Hand|p1a: Delphox
|-singleturn|p1a: Delphox|Helping Hand|[of] p1b: Incineroar
|move|p1a: Delphox|Heat Wave|p2a: Torkoal|[spread] p2a,p2b
|-resisted|p2a: Torkoal|1
|-supereffective|p2b: Crabominable|1
|-damage|p2a: Torkoal|35/100
|-damage|p2b: Crabominable|0 fnt
|faint|p2b: Crabominable
|move|p2a: Torkoal|Eruption|p1a: Delphox|[spread] p1a,p1b
|-resisted|p1a: Delphox|1
|-resisted|p1b: Incineroar|1
|-damage|p1a: Delphox|80/100
|-damage|p1b: Incineroar|47/100
|
|-weather|SunnyDay|[upkeep]
|upkeep
|turn|8
|
|t:|1783991919
|move|p1b: Incineroar|Helping Hand|p1a: Delphox
|-singleturn|p1a: Delphox|Helping Hand|[of] p1b: Incineroar
|move|p1a: Delphox|Psyshock|p2a: Torkoal
|-damage|p2a: Torkoal|0 fnt
|faint|p2a: Torkoal
|
|win|blum10
