|j|☆mariocansado
|j|☆Daniw9
|html|mariocansadoDaniw9    
|uhtml|bestof|Game 1 of a best-of-3
|t:|1756331168
|gametype|doubles
|player|p1|mariocansado|arven-v|1103
|player|p2|Daniw9|2|1169
|gen|9
|tier|[Gen 9] VGC 2025 Reg H (Bo3)
|rated|
|rule|Species Clause: Limit one of each Pokémon
|rule|Item Clause: Limit 1 of each item
|clearpoke
|poke|p1|Gholdengo, L50|
|poke|p1|Rillaboom, L50, M|
|poke|p1|Dragapult, L50, M|
|poke|p1|Electabuzz, L50, F|
|poke|p1|Volcarona, L50, M|
|poke|p1|Gyarados, L50, F|
|poke|p2|Garchomp, L50, M|
|poke|p2|Tyranitar, L50, F|
|poke|p2|Delphox, L50, F|
|poke|p2|Indeedee-F, L50, F|
|poke|p2|Gallade, L50, M|
|poke|p2|Whimsicott, L50, F|
|teampreview|4
|showteam|p1|Gholdengo||ChoiceScarf|GoodasGold|MakeItRain,ShadowBall,PowerGem,Trick||||||50|,,,,,Steel]Rillaboom||AssaultVest|GrassySurge|FakeOut,WoodHammer,GrassyGlide,Uturn|||M|||50|,,,,,Fire]Dragapult||ChoiceBand|ClearBody|DragonDarts,DragonClaw,PhantomForce,Uturn|||M|||50|,,,,,Dragon]Electabuzz||Eviolite|VitalSpirit|Electroweb,Taunt,FollowMe,Protect|||F|||50|,,,,,Ghost]Volcarona||Leftovers|FlameBody|HeatWave,QuiverDance,Protect,GigaDrain|||M|||50|,,,,,Grass]Gyarados||RockyHelmet|Intimidate|Waterfall,HelpingHand,ThunderWave,Protect|||F|||50|,,,,,Grass
|showteam|p2|Garchomp||LifeOrb|RoughSkin|Earthquake,StompingTantrum,Protect,DragonClaw|||M|||50|,,,,,Steel]Tyranitar||AssaultVest|SandStream|RockSlide,TeraBlast,KnockOff,LowKick|||F|||50|,,,,,Flying]Delphox||PsychicSeed|Magician|ExpandingForce,HeatWave,TeraBlast,Protect|||F|||50|,,,,,Fairy]Indeedee-F||SafetyGoggles|PsychicSurge|DazzlingGleam,TrickRoom,FollowMe,HelpingHand|||F|||50|,,,,,Water]Gallade||ClearAmulet|Sharpness|SacredSword,PsychoCut,TrickRoom,Protect|||M|||50|,,,,,Grass]Whimsicott||CovertCloak|Prankster|Moonblast,Tailwind,Encore,Protect|||F|||50|,,,,,Ghost
|
|t:|1756331220
|teamsize|p1|4
|teamsize|p2|4
|start
|switch|p1a: Dragapult|Dragapult, L50, M|100/100
|switch|p1b: Gholdengo|Gholdengo, L50|100/100
|switch|p2a: Tyranitar|Tyranitar, L50, F|100/100
|switch|p2b: Whimsicott|Whimsicott, L50, F|100/100
|-weather|Sandstorm|[from] ability: Sand Stream|[of] p2a: Tyranitar
|turn|1
|
|t:|1756331242
|switch|p1a: Gyarados|Gyarados, L50, F|100/100
|-ability|p1a: Gyarados|Intimidate|boost
|-unboost|p2a: Tyranitar|atk|1
|-unboost|p2b: Whimsicott|atk|1
|-terastallize|p1b: Gholdengo|Steel
|-terastallize|p2a: Tyranitar|Flying
|move|p2b: Whimsicott|Tailwind|p2b: Whimsicott
|-sidestart|p2: Daniw9|move: Tailwind
|move|p1b: Gholdengo|Make It Rain|p2b: Whimsicott|[spread] p2a,p2b
|-supereffective|p2b: Whimsicott
|-damage|p2a: Tyranitar|59/100
|-damage|p2b: Whimsicott|0 fnt
|-unboost|p1b: Gholdengo|spa|1
|faint|p2b: Whimsicott
|move|p2a: Tyranitar|Knock Off|p1b: Gholdengo
|-damage|p1b: Gholdengo|60/100
|-enditem|p1b: Gholdengo|Choice Scarf|[from] move: Knock Off|[of] p2a: Tyranitar
|
|-weather|Sandstorm|[upkeep]
|-damage|p2a: Tyranitar|53/100|[from] Sandstorm
|-damage|p1a: Gyarados|94/100|[from] Sandstorm
|upkeep
|
|t:|1756331254
|switch|p2b: Delphox|Delphox, L50, F|100/100
|turn|2
|
|t:|1756331296
|switch|p1b: Big Jerry|Rillaboom, L50, M|100/100
|-fieldstart|move: Grassy Terrain|[from] ability: Grassy Surge|[of] p1b: Big Jerry
|move|p2b: Delphox|Protect|p2b: Delphox
|-singleturn|p2b: Delphox|Protect
|move|p2a: Tyranitar|Tera Blast|p1a: Gyarados|[anim] Tera Blast Flying
|-damage|p1a: Gyarados|60/100
|move|p1a: Gyarados|Waterfall|p2b: Delphox
|-activate|p2b: Delphox|move: Protect
|
|-weather|Sandstorm|[upkeep]
|-damage|p2b: Delphox|95/100|[from] Sandstorm
|-damage|p2a: Tyranitar|47/100|[from] Sandstorm
|-damage|p1b: Big Jerry|95/100|[from] Sandstorm
|-damage|p1a: Gyarados|54/100|[from] Sandstorm
|-heal|p2b: Delphox|100/100|[from] Grassy Terrain
|-heal|p1b: Big Jerry|100/100|[from] Grassy Terrain
|upkeep
|turn|3
|
|t:|1756331324
|switch|p2a: Indeedee|Indeedee-F, L50, F|100/100
|-fieldstart|move: Psychic Terrain|[from] ability: Psychic Surge|[of] p2a: Indeedee
|-enditem|p2b: Delphox|Psychic Seed
|-boost|p2b: Delphox|spd|1|[from] item: Psychic Seed
|move|p2b: Delphox|Expanding Force|p1a: Gyarados|[spread] p1a,p1b
|-damage|p1a: Gyarados|8/100
|-damage|p1b: Big Jerry|56/100
|-item|p2b: Delphox|Assault Vest|[from] ability: Magician|[of] p1b: Big Jerry
|move|p1b: Big Jerry|Wood Hammer|p2a: Indeedee
|-damage|p2a: Indeedee|39/100
|-damage|p1b: Big Jerry|38/100|[from] Recoil
|move|p1a: Gyarados|Waterfall|p2b: Delphox
|-supereffective|p2b: Delphox
|-damage|p2b: Delphox|0 fnt
|faint|p2b: Delphox
|
|-weather|Sandstorm|[upkeep]
|-damage|p1b: Big Jerry|32/100|[from] Sandstorm
|-damage|p1a: Gyarados|2/100|[from] Sandstorm
|upkeep
|
|t:|1756331339
|switch|p2b: Tyranitar|Tyranitar, L50, F, tera:Flying|47/100
|turn|4
|
|t:|1756331346
|move|p1a: Gyarados|Protect|p1a: Gyarados
|-singleturn|p1a: Gyarados|Protect
|move|p2b: Tyranitar|Rock Slide|p1a: Gyarados|[spread] 
|-activate|p1a: Gyarados|move: Protect
|-miss|p2b: Tyranitar|p1b: Big Jerry
|move|p1b: Big Jerry|U-turn|p2a: Indeedee
|-supereffective|p2a: Indeedee
|-damage|p2a: Indeedee|0 fnt
|faint|p2a: Indeedee
|
|t:|1756331356
|switch|p1b: Gholdengo|Gholdengo, L50, tera:Steel|60/100|[from] U-turn
|
|-weather|Sandstorm|[upkeep]
|-damage|p2b: Tyranitar|42/100|[from] Sandstorm
|-damage|p1a: Gyarados|0 fnt|[from] Sandstorm
|faint|p1a: Gyarados
|-sideend|p2: Daniw9|move: Tailwind
|upkeep
|
|t:|1756331359
|switch|p1a: Big Jerry|Rillaboom, L50, M|32/100
|-fieldstart|move: Grassy Terrain|[from] ability: Grassy Surge|[of] p1a: Big Jerry
|turn|5
|-message|Daniw9 forfeited.
|
|win|mariocansado
|l|☆Daniw9
|player|p2|
||Daniw9 is ready for game 2.
||mariocansado is ready for game 2.
|uhtml|next|Next: Game 2 of 3
|j|☆Daniw9
|player|p2|Daniw9|2|
