|j|☆meekmatt
|j|☆Jahreed
|html|meekmattJahreed    
|uhtml|bestof|Game 1 of a best-of-3
|t:|1756152784
|gametype|doubles
|player|p1|meekmatt|265|1139
|player|p2|Jahreed|2|1049
|gen|9
|tier|[Gen 9] VGC 2025 Reg H (Bo3)
|rated|
|rule|Species Clause: Limit one of each Pokémon
|rule|Item Clause: Limit 1 of each item
|clearpoke
|poke|p1|Whimsicott, L50, M|
|poke|p1|Annihilape, L50, F|
|poke|p1|Typhlosion-Hisui, L50, F|
|poke|p1|Lilligant-Hisui, L50, F|
|poke|p1|Incineroar, L50, M|
|poke|p1|Gholdengo, L50|
|poke|p2|Gholdengo, L50|
|poke|p2|Rillaboom, L50, F|
|poke|p2|Incineroar, L50, M|
|poke|p2|Ursaluna, L50, F|
|poke|p2|Porygon2, L50|
|poke|p2|Whimsicott, L50, F|
|teampreview|4
|showteam|p1|Whimsicott||CovertCloak|Prankster|Moonblast,Tailwind,Taunt,SunnyDay|||M|||50|,,,,,Fairy]Annihilape||FocusSash|Defiant|FinalGambit,CloseCombat,RageFist,Protect|||F|||50|,,,,,Grass]Typhlosion-Hisui||ChoiceSpecs|Blaze|Eruption,HeatWave,ShadowBall,Overheat|||F|||50|,,,,,Fire]Lilligant-Hisui||HeavyDutyBoots|Chlorophyll|HelpingHand,AfterYou,CloseCombat,Encore|||F|||50|,,,,,Fighting]Incineroar||SafetyGoggles|Intimidate|FakeOut,HelpingHand,FlareBlitz,KnockOff|||M|||50|,,,,,Ghost]Gholdengo||LifeOrb|GoodasGold|MakeItRain,Protect,ShadowBall,DazzlingGleam||||||50|,,,,,Fairy
|showteam|p2|Gholdengo||GrassySeed|GoodasGold|MakeItRain,ShadowBall,NastyPlot,Protect||||||50|,,,,,Dragon]Rillaboom||AssaultVest|GrassySurge|FakeOut,WoodHammer,GrassyGlide,Uturn|||F|||50|,,,,,Fire]Incineroar||SafetyGoggles|Intimidate|FakeOut,KnockOff,FlareBlitz,PartingShot|||M|||50|,,,,,Ghost]Ursaluna||FlameOrb|Guts|Facade,HeadlongRush,Earthquake,Protect|||F|||50|,,,,,Ghost]Porygon2||Eviolite|Download|TrickRoom,TeraBlast,IceBeam,Recover||||||50|,,,,,Flying]Whimsicott||FocusSash|Prankster|Moonblast,Tailwind,Encore,Taunt|||F|||50|,,,,,Ghost
|inactive|Battle timer is ON: inactive players will automatically lose when time's up. (requested by meekmatt)
|inactive|Jahreed has 60 seconds left.
|inactive|Jahreed has 30 seconds left.
|
|t:|1756152862
|teamsize|p1|4
|teamsize|p2|4
|start
|switch|p1a: Lovely Bastards|Whimsicott, L50, M|100/100
|switch|p1b: Monkey|Annihilape, L50, F|100/100
|switch|p2a: Whimsicott|Whimsicott, L50, F|100/100
|switch|p2b: Ursaluna|Ursaluna, L50, F|100/100
|turn|1
|inactive|meekmatt has 30 seconds left.
|
|t:|1756152900
|move|p1b: Monkey|Protect|p1b: Monkey
|-singleturn|p1b: Monkey|Protect
|move|p2b: Ursaluna|Protect|p2b: Ursaluna
|-singleturn|p2b: Ursaluna|Protect
|move|p1a: Lovely Bastards|Taunt|p2a: Whimsicott
|-start|p2a: Whimsicott|move: Taunt
|move|p2a: Whimsicott|Moonblast|p1b: Monkey
|-activate|p1b: Monkey|move: Protect
|
|-status|p2b: Ursaluna|brn|[from] item: Flame Orb
|upkeep
|turn|2
|
|t:|1756152922
|switch|p2b: Porygon2|Porygon2, L50|100/100
|-ability|p2b: Porygon2|Download|boost
|-boost|p2b: Porygon2|atk|1
|move|p1a: Lovely Bastards|Moonblast|p2a: Whimsicott
|-damage|p2a: Whimsicott|60/100
|move|p2a: Whimsicott|Moonblast|p1b: Monkey
|-supereffective|p1b: Monkey
|-damage|p1b: Monkey|23/100
|move|p1b: Monkey|Rage Fist|p2b: Porygon2
|-immune|p2b: Porygon2
|
|upkeep
|turn|3
|inactive|Jahreed has 30 seconds left.
|
|t:|1756152948
|move|p1a: Lovely Bastards|Taunt|p2b: Porygon2
|-start|p2b: Porygon2|move: Taunt
|move|p2a: Whimsicott|Moonblast|p1b: Monkey
|-supereffective|p1b: Monkey
|-damage|p1b: Monkey|0 fnt
|faint|p1b: Monkey
|move|p2b: Porygon2|Ice Beam|p1a: Lovely Bastards
|-supereffective|p1a: Lovely Bastards
|-damage|p1a: Lovely Bastards|32/100
|
|-end|p2a: Whimsicott|move: Taunt
|upkeep
|
|t:|1756152960
|switch|p1b: Hot Dog|Typhlosion-Hisui, L50, F|100/100
|turn|4
|inactive|Jahreed has 30 seconds left.
|
|t:|1756152989
|switch|p2b: Incineroar|Incineroar, L50, M|100/100
|-ability|p2b: Incineroar|Intimidate|boost
|-unboost|p1a: Lovely Bastards|atk|1
|-unboost|p1b: Hot Dog|atk|1
|-terastallize|p1b: Hot Dog|Fire
|move|p2a: Whimsicott|Tailwind|p2a: Whimsicott
|-sidestart|p2: Jahreed|move: Tailwind
|move|p1a: Lovely Bastards|Tailwind|p1a: Lovely Bastards
|-sidestart|p1: meekmatt|move: Tailwind
|move|p1b: Hot Dog|Eruption|p2b: Incineroar|[spread] p2a,p2b
|-supereffective|p2a: Whimsicott
|-resisted|p2b: Incineroar
|-damage|p2a: Whimsicott|0 fnt
|-damage|p2b: Incineroar|54/100
|faint|p2a: Whimsicott
|
|upkeep
|
|t:|1756153000
|switch|p2a: Ursaluna|Ursaluna, L50, F|100/100 brn
|turn|5
|inactive|Jahreed has 30 seconds left.
|inactive|Jahreed has 20 seconds left.
|inactive|Jahreed has 15 seconds left.
|
|t:|1756153040
|move|p2b: Incineroar|Fake Out|p1b: Hot Dog
|-damage|p1b: Hot Dog|85/100
|move|p1a: Lovely Bastards|Sunny Day|p1a: Lovely Bastards
|-weather|SunnyDay
|cant|p1b: Hot Dog|flinch
|move|p2a: Ursaluna|Facade|p1b: Hot Dog
|-damage|p1b: Hot Dog|0 fnt
|faint|p1b: Hot Dog
|
|-weather|SunnyDay|[upkeep]
|-damage|p2a: Ursaluna|95/100 brn|[from] brn
|upkeep
|
|t:|1756153050
|switch|p1b: Kerosene|Incineroar, L50, M|100/100
|-ability|p1b: Kerosene|Intimidate|boost
|-unboost|p2a: Ursaluna|atk|1
|-unboost|p2b: Incineroar|atk|1
|turn|6
|
|t:|1756153069
|-terastallize|p2a: Ursaluna|Ghost
|move|p1a: Lovely Bastards|Moonblast|p2a: Ursaluna
|-damage|p2a: Ursaluna|71/100 brn
|-unboost|p2a: Ursaluna|spa|1
|move|p2a: Ursaluna|Headlong Rush|p1b: Kerosene
|-supereffective|p1b: Kerosene
|-damage|p1b: Kerosene|0 fnt
|-unboost|p2a: Ursaluna|def|1
|-unboost|p2a: Ursaluna|spd|1
|faint|p1b: Kerosene
|move|p2b: Incineroar|Flare Blitz|p1a: Lovely Bastards
|-supereffective|p1a: Lovely Bastards
|-damage|p1a: Lovely Bastards|0 fnt
|faint|p1a: Lovely Bastards
|-damage|p2b: Incineroar|47/100|[from] Recoil
|
|win|Jahreed
|inactive|meekmatt has 30 seconds to confirm battle start!
|inactive|Jahreed has 30 seconds to confirm battle start!
||meekmatt is ready for game 2.
||Jahreed is ready for game 2.
|uhtml|next|Next: Game 2 of 3
