|j|☆teyvgc
|j|☆nootbaar
|html|teyvgcnootbaar    
|uhtml|bestof|Game 2 of a best-of-3
|t:|1782613893
|gametype|doubles
|player|p1|teyvgc|rood|1177
|player|p2|nootbaar|101|1192
|gen|9
|tier|[Gen 9 Champions] VGC 2026 Reg M-B (Bo3)
|rated|
|rule|Species Clause: Limit one of each Pokémon
|rule|Item Clause: Limit 1 of each item
|clearpoke
|poke|p1|Houndstone, L50, M|
|poke|p1|Tyranitar, L50, F|
|poke|p1|Incineroar, L50, M|
|poke|p1|Farigiraf, L50, F, shiny|
|poke|p1|Garchomp, L50, F, shiny|
|poke|p1|Gholdengo, L50|
|poke|p2|Raichu, L50, M|
|poke|p2|Clefable, L50, M|
|poke|p2|Kingambit, L50, M|
|poke|p2|Mamoswine, L50, F|
|poke|p2|Ceruledge, L50, M|
|poke|p2|Gyarados, L50, M|
|teampreview|4
|showteam|p1|Houndstone||FocusSash|SandRush|PsychicFangs,StompingTantrum,LastRespects,Protect|Adamant||M|||50|]Tyranitar||Tyranitarite|SandStream|RockSlide,KnockOff,LowKick,Protect|Adamant||F|||50|]Incineroar||PasshoBerry|Intimidate|FlareBlitz,DarkestLariat,FakeOut,PartingShot|Adamant||M|||50|]Farigiraf||TwistedSpoon|ArmorTail|HyperVoice,TwinBeam,TrickRoom,HelpingHand|Quiet||F|||50|]Garchomp||Garchompite|RoughSkin|StompingTantrum,DragonClaw,RockSlide,Protect|Brave||F|||50|]Gholdengo||ChoiceScarf|GoodasGold|MakeItRain,ShadowBall,Trick,PowerGem|Modest|||||50|
|showteam|p2|Raichu||RaichuniteY|LightningRod|Protect,FakeOut,FocusBlast,ZapCannon|Timid||M|||50|]Clefable||SitrusBerry|CuteCharm|Protect,FollowMe,HelpingHand,Moonblast|Bold||M|||50|]Kingambit||FocusSash|Defiant|LowKick,IronHead,SuckerPunch,KowtowCleave|Adamant||M|||50|]Mamoswine||LifeOrb|Oblivious|Protect,IceShard,StompingTantrum,IcicleCrash|Jolly||F|||50|]Ceruledge||ColburBerry|FlashFire|Protect,BulkUp,ShadowSneak,BitterBlade|Adamant||M|||50|]Gyarados||Gyaradosite|Intimidate|Protect,DragonDance,PowerWhip,Waterfall|Adamant||M|||50|
|inactive|Battle timer is ON: inactive players will automatically lose when time's up. (requested by nootbaar)
|
|t:|1782613923
|teamsize|p1|4
|teamsize|p2|4
|start
|switch|p1a: Garchomp|Garchomp, L50, F, shiny|100/100
|switch|p1b: Tyranitar|Tyranitar, L50, F|100/100
|switch|p2a: Raichu|Raichu, L50, M|100/100
|switch|p2b: Kingambit|Kingambit, L50, M|100/100
|-weather|Sandstorm|[from] ability: Sand Stream|[of] p1b: Tyranitar
|turn|1
|
|t:|1782613943
|switch|p2b: Gyarados|Gyarados, L50, M|100/100
|-ability|p2b: Gyarados|Intimidate|boost
|-unboost|p1a: Garchomp|atk|1
|-unboost|p1b: Tyranitar|atk|1
|detailschange|p1a: Garchomp|Garchomp-Mega, L50, F, shiny
|-mega|p1a: Garchomp|Garchomp|Garchompite
|move|p2a: Raichu|Protect|p2a: Raichu
|-singleturn|p2a: Raichu|Protect
|move|p1a: Garchomp|Stomping Tantrum|p2a: Raichu
|-activate|p2a: Raichu|move: Protect
|move|p1b: Tyranitar|Low Kick|p2b: Gyarados
|-resisted|p2b: Gyarados|1
|-damage|p2b: Gyarados|79/100
|
|-weather|Sandstorm|[upkeep]
|-damage|p2a: Raichu|93/100|[from] Sandstorm
|-damage|p2b: Gyarados|73/100|[from] Sandstorm
|upkeep
|turn|2
|inactive|nootbaar has 30 seconds left.
|inactive|nootbaar has 20 seconds left.
|
|t:|1782613981
|detailschange|p2a: Raichu|Raichu-Mega-Y, L50, M
|-mega|p2a: Raichu|Raichu|Raichunite Y
|move|p2a: Raichu|Focus Blast|p1b: Tyranitar
|-supereffective|p1b: Tyranitar|2
|-damage|p1b: Tyranitar|5/100
|move|p2b: Gyarados|Dragon Dance|p2b: Gyarados
|-boost|p2b: Gyarados|atk|1
|-boost|p2b: Gyarados|spe|1
|move|p1a: Garchomp|Rock Slide|p2a: Raichu|[spread] p2a,p2b
|-supereffective|p2b: Gyarados|1
|-damage|p2a: Raichu|66/100
|-damage|p2b: Gyarados|22/100
|move|p1b: Tyranitar|Rock Slide|p2a: Raichu|[spread] p2a,p2b
|-supereffective|p2b: Gyarados|1
|-damage|p2a: Raichu|38/100
|-damage|p2b: Gyarados|0 fnt
|faint|p2b: Gyarados
|
|-weather|Sandstorm|[upkeep]
|-damage|p2a: Raichu|32/100|[from] Sandstorm
|upkeep
|
|t:|1782613995
|switch|p2b: Mamoswine|Mamoswine, L50, F|100/100
|turn|3
|
|t:|1782614014
|switch|p1b: Gholdengo|Gholdengo, L50|100/100
|move|p2a: Raichu|Zap Cannon|p1b: Gholdengo
|-damage|p1b: Gholdengo|32/100
|-status|p1b: Gholdengo|par
|move|p2b: Mamoswine|Icicle Crash|p1a: Garchomp
|-supereffective|p1a: Garchomp|2
|-damage|p1a: Garchomp|0 fnt
|faint|p1a: Garchomp
|-damage|p2b: Mamoswine|90/100|[from] item: Life Orb
|
|-weather|Sandstorm|[upkeep]
|-damage|p2a: Raichu|26/100|[from] Sandstorm
|upkeep
|
|t:|1782614024
|switch|p1a: Houndstone|Houndstone, L50, M|100/100
|turn|4
|inactive|teyvgc has 30 seconds left.
|inactive|nootbaar has 30 seconds left.
|
|t:|1782614063
|move|p2a: Raichu|Protect|p2a: Raichu
|-singleturn|p2a: Raichu|Protect
|move|p1a: Houndstone|Last Respects|p2a: Raichu
|-activate|p2a: Raichu|move: Protect
|move|p2b: Mamoswine|Stomping Tantrum|p1b: Gholdengo
|-supereffective|p1b: Gholdengo|1
|-damage|p1b: Gholdengo|0 fnt
|faint|p1b: Gholdengo
|-damage|p2b: Mamoswine|80/100|[from] item: Life Orb
|
|-weather|Sandstorm|[upkeep]
|-damage|p2a: Raichu|20/100r|[from] Sandstorm
|upkeep
|
|t:|1782614071
|switch|p1b: Tyranitar|Tyranitar, L50, F|5/100
|turn|5
|
|t:|1782614085
|move|p2b: Mamoswine|Ice Shard|p1b: Tyranitar
|-damage|p1b: Tyranitar|0 fnt
|faint|p1b: Tyranitar
|-damage|p2b: Mamoswine|71/100|[from] item: Life Orb
|move|p1a: Houndstone|Last Respects|p2b: Mamoswine
|-damage|p2b: Mamoswine|0 fnt
|faint|p2b: Mamoswine
|move|p2a: Raichu|Zap Cannon|p1a: Houndstone
|-damage|p1a: Houndstone|31/100
|-status|p1a: Houndstone|par
|
|-weather|none
|upkeep
|-message|teyvgc forfeited.
|
|win|nootbaar
|raw|teyvgc's rating: 1177 → 1153(-24 for losing)
|raw|nootbaar's rating: 1192 → 1216(+24 for winning)
