|j|☆Picoti
|j|☆prod_axel
|html|Picotiprod_axel    
|uhtml|bestof|Game 1 of a best-of-3
|t:|1785941576
|gametype|doubles
|player|p1|Picoti|266|1172
|player|p2|prod_axel|170|1221
|gen|9
|tier|[Gen 9 Champions] VGC 2026 Reg M-B (Bo3)
|rated|
|rule|Species Clause: Limit one of each Pokémon
|rule|Item Clause: Limit 1 of each item
|clearpoke
|poke|p1|Araquanid, L50, F|
|poke|p1|Farigiraf, L50, M|
|poke|p1|Camerupt, L50, M|
|poke|p1|Heliolisk, L50, F|
|poke|p1|Victreebel, L50, F|
|poke|p1|Mimikyu, L50, M|
|poke|p2|Charizard, L50, M|
|poke|p2|Garchomp, L50, M|
|poke|p2|Floette-Eternal, L50, F|
|poke|p2|Kingambit, L50, M|
|poke|p2|Whimsicott, L50, M|
|poke|p2|Basculegion, L50, M|
|teampreview|4
|showteam|p1|Araquanid||MysticWater|WaterBubble|WideGuard,Liquidation,LeechLife,Protect|Brave||F|||50|]Farigiraf||SitrusBerry|ArmorTail|TwinBeam,Thunderbolt,TrickRoom,Protect|Calm||M|||50|]Camerupt||Cameruptite|MagmaArmor|HeatWave,AncientPower,EarthPower,Protect|Quiet||M|||50|]Heliolisk||LifeOrb|DrySkin|DragonPulse,AllySwitch,Thunderbolt,Protect|Quiet||F|||50|]Victreebel||Victreebelite|Chlorophyll|SludgeBomb,EnergyBall,SleepPowder,StrengthSap|Modest||F|||50|]Mimikyu||MentalHerb|Disguise|ShadowSneak,TrickRoom,DrainPunch,PlayRough|Brave||M|||50|
|showteam|p2|Charizard||CharizarditeY|Blaze|HeatWave,WeatherBall,SolarBeam,Protect|Modest||M|||50|]Garchomp||LifeOrb|SandVeil|StompingTantrum,DragonClaw,RockSlide,Protect|Jolly||M|||50|]Floette-Eternal||Floettite|FlowerVeil|Moonblast,DazzlingGleam,LightofRuin,Protect|Modest||F|||50|]Kingambit||ChopleBerry|Defiant|KowtowCleave,SuckerPunch,IronHead,LowKick|Adamant||M|||50|]Whimsicott||FocusSash|Prankster|Moonblast,Tailwind,Encore,Protect|Timid||M|||50|]Basculegion||MysticWater|SwiftSwim|WaveCrash,AquaJet,LastRespects,Protect|Adamant||M|||50|
|inactive|Battle timer is ON: inactive players will automatically lose when time's up. (requested by prod_axel)
|inactive|Picoti has 60 seconds left.
|inactive|prod_axel has 60 seconds left.
|inactive|prod_axel has 30 seconds left.
|inactive|prod_axel has 20 seconds left.
|inactive|prod_axel has 15 seconds left.
|inactive|prod_axel has 10 seconds left.
|
|t:|1785941662
|teamsize|p1|4
|teamsize|p2|4
|start
|switch|p1a: Araquanid|Araquanid, L50, F|100/100
|switch|p1b: Camerupt|Camerupt, L50, M|100/100
|switch|p2a: Floette|Floette-Eternal, L50, F|100/100
|switch|p2b: Kingambit|Kingambit, L50, M|100/100
|turn|1
|
|t:|1785941690
|switch|p2b: Garchomp|Garchomp, L50, M|100/100
|detailschange|p1b: Camerupt|Camerupt-Mega, L50, M
|-mega|p1b: Camerupt|Camerupt|Cameruptite
|move|p2a: Floette|Protect|p2a: Floette
|-singleturn|p2a: Floette|Protect
|move|p1a: Araquanid|Liquidation|p2a: Floette
|-activate|p2a: Floette|move: Protect
|move|p1b: Camerupt|Heat Wave|p2a: Floette|[spread] p2b
|-activate|p2a: Floette|move: Protect
|-resisted|p2b: Garchomp|1
|-damage|p2b: Garchomp|68/100
|
|upkeep
|turn|2
|
|t:|1785941707
|detailschange|p2a: Floette|Floette-Mega, L50, F
|-mega|p2a: Floette|Floette|Floettite
|-ability|p2a: Floette|Fairy Aura
|move|p1a: Araquanid|Wide Guard|p1a: Araquanid
|-singleturn|p1a: Araquanid|Wide Guard
|move|p2b: Garchomp|Stomping Tantrum|p1b: Camerupt
|-supereffective|p1b: Camerupt|1
|-damage|p1b: Camerupt|6/100
|-damage|p2b: Garchomp|58/100|[from] item: Life Orb
|move|p2a: Floette|Light of Ruin|p1a: Araquanid
|-damage|p1a: Araquanid|8/100
|-damage|p2a: Floette|49/100|[from] Recoil
|move|p1b: Camerupt|Earth Power|p2a: Floette
|-damage|p2a: Floette|0 fnt
|faint|p2a: Floette
|
|upkeep
|
|t:|1785941718
|switch|p2a: Basculegion|Basculegion, L50, M|100/100
|turn|3
|
|t:|1785941730
|switch|p1b: Heliolisk|Heliolisk, L50, F|100/100
|move|p2a: Basculegion|Aqua Jet|p1b: Heliolisk
|-immune|p1b: Heliolisk|[from] ability: Dry Skin
|move|p2b: Garchomp|Dragon Claw|p1a: Araquanid
|-damage|p1a: Araquanid|0 fnt
|faint|p1a: Araquanid
|-damage|p2b: Garchomp|49/100|[from] item: Life Orb
|
|upkeep
|
|t:|1785941738
|switch|p1a: Farigiraf|Farigiraf, L50, M|100/100
|turn|4
|
|t:|1785941750
|move|p1b: Heliolisk|Ally Switch|p1b: Heliolisk
|swap|p1b: Heliolisk|0|[from] move: Ally Switch
|move|p2b: Garchomp|Stomping Tantrum|p1a: Heliolisk
|-supereffective|p1a: Heliolisk|1
|-damage|p1a: Heliolisk|0 fnt
|faint|p1a: Heliolisk
|-damage|p2b: Garchomp|39/100|[from] item: Life Orb
|move|p2a: Basculegion|Wave Crash|p1b: Farigiraf
|-damage|p1b: Farigiraf|44/100
|-enditem|p1b: Farigiraf|Sitrus Berry|[eat]
|-heal|p1b: Farigiraf|68/100|[from] item: Sitrus Berry
|-damage|p2a: Basculegion|79/100|[from] Recoil
|move|p1b: Farigiraf|Trick Room|p1b: Farigiraf
|-fieldstart|move: Trick Room|[of] p1b: Farigiraf
|
|upkeep
|
|t:|1785941761
|switch|p1a: Camerupt|Camerupt-Mega, L50, M|6/100
|turn|5
|
|t:|1785941776
|move|p2a: Basculegion|Protect|p2a: Basculegion
|-singleturn|p2a: Basculegion|Protect
|move|p1a: Camerupt|Earth Power|p2b: Garchomp
|-damage|p2b: Garchomp|0 fnt
|faint|p2b: Garchomp
|move|p1b: Farigiraf|Thunderbolt|p2a: Basculegion
|-activate|p2a: Basculegion|move: Protect
|
|upkeep
|
|t:|1785941782
|switch|p2b: Kingambit|Kingambit, L50, M|100/100
|turn|6
|
|t:|1785941807
|move|p1a: Camerupt|Heat Wave|p2b: Kingambit|[spread] p2a,p2b
|-resisted|p2a: Basculegion|1
|-supereffective|p2b: Kingambit|1
|-damage|p2a: Basculegion|47/100
|-damage|p2b: Kingambit|0 fnt
|faint|p2b: Kingambit
|move|p1b: Farigiraf|Thunderbolt|p2a: Basculegion
|-supereffective|p2a: Basculegion|1
|-damage|p2a: Basculegion|0 fnt
|faint|p2a: Basculegion
|
|win|Picoti
