|j|☆TwinBattleBLT
|j|☆Syd2J
|html|TwinBattleBLTSyd2J    
|uhtml|bestof|Game 2 of a best-of-3
|t:|1785932943
|gametype|doubles
|player|p1|TwinBattleBLT|1|1053
|player|p2|Syd2J|102|1107
|gen|9
|tier|[Gen 9 Champions] VGC 2026 Reg M-B (Bo3)
|rated|
|rule|Species Clause: Limit one of each Pokémon
|rule|Item Clause: Limit 1 of each item
|clearpoke
|poke|p1|Staraptor, L50, M|
|poke|p1|Garchomp, L50, M|
|poke|p1|Whimsicott, L50, M|
|poke|p1|Delphox, L50, M|
|poke|p1|Glimmora, L50, M|
|poke|p1|Kingambit, L50, M|
|poke|p2|Charizard, L50, M|
|poke|p2|Glimmora, L50, M|
|poke|p2|Whimsicott, L50, F|
|poke|p2|Ninetales-Alola, L50, F|
|poke|p2|Kingambit, L50, M|
|poke|p2|Kommo-o, L50, M|
|teampreview|4
|showteam|p1|Staraptor||Staraptite|Intimidate|Protect,Roost,CloseCombat,BraveBird|Jolly||M|||50|]Garchomp||LifeOrb|RoughSkin|Protect,RockSlide,Earthquake,DragonClaw|Jolly||M|||50|]Whimsicott||OccaBerry|Prankster|Moonblast,Tailwind,Charm,LightScreen|Timid||M|||50|]Delphox||Delphoxite|Magician|Protect,Psychic,HeatWave,Substitute|Timid||M|||50|]Glimmora||FocusSash|ToxicDebris|SpikyShield,SludgeBomb,EarthPower,PowerGem|Timid||M|||50|]Kingambit||ChopleBerry|Defiant|SuckerPunch,LowKick,IronHead,KowtowCleave|Adamant||M|||50|
|showteam|p2|Charizard||CharizarditeY|Blaze|HeatWave,WeatherBall,SolarBeam,Protect|Modest||M|||50|]Glimmora||Glimmoranite|ToxicDebris|SludgeBomb,PowerGem,EarthPower,SpikyShield|Modest||M|||50|]Whimsicott||FocusSash|Prankster|Moonblast,Tailwind,Encore,Protect|Timid||F|||50|]Ninetales-Alola||NeverMeltIce|SnowWarning|Blizzard,FreezeDry,Disable,Protect|Timid||F|||50|]Kingambit||BlackGlasses|Defiant|KowtowCleave,SuckerPunch,IronHead,Protect|Adamant||M|||50|]Kommo-o||LifeOrb|Overcoat|ClangingScales,AuraSphere,VacuumWave,Protect|Modest||M|||50|
|inactive|Battle timer is ON: inactive players will automatically lose when time's up. (requested by Syd2J)
|
|t:|1785932969
|teamsize|p1|4
|teamsize|p2|4
|start
|switch|p1a: Whimsicott|Whimsicott, L50, M|100/100
|switch|p1b: Staraptor|Staraptor, L50, M|100/100
|switch|p2a: Kommo-o|Kommo-o, L50, M|100/100
|switch|p2b: Glimmora|Glimmora, L50, M|100/100
|-ability|p1b: Staraptor|Intimidate|boost
|-unboost|p2a: Kommo-o|atk|1
|-unboost|p2b: Glimmora|atk|1
|turn|1
|inactive|TwinBattleBLT has 30 seconds left.
|
|t:|1785932998
|detailschange|p1b: Staraptor|Staraptor-Mega, L50, M
|-mega|p1b: Staraptor|Staraptor|Staraptite
|detailschange|p2b: Glimmora|Glimmora-Mega, L50, M
|-mega|p2b: Glimmora|Glimmora|Glimmoranite
|move|p1a: Whimsicott|Charm|p1b: Staraptor
|-boost|p1b: Staraptor|atk|2
|move|p1b: Staraptor|Brave Bird|p2a: Kommo-o
|-supereffective|p2a: Kommo-o|1
|-damage|p2a: Kommo-o|0 fnt
|faint|p2a: Kommo-o
|-damage|p1b: Staraptor|73/100|[from] Recoil
|move|p2b: Glimmora|Power Gem|p1b: Staraptor
|-damage|p1b: Staraptor|4/100
|
|upkeep
|
|t:|1785933005
|switch|p2a: Ninetales|Ninetales-Alola, L50, F|100/100
|-weather|Snowscape|[from] ability: Snow Warning|[of] p2a: Ninetales
|turn|2
|inactive|TwinBattleBLT has 30 seconds left.
|
|t:|1785933030
|move|p1a: Whimsicott|Tailwind|p1a: Whimsicott
|-sidestart|p1: TwinBattleBLT|move: Tailwind
|move|p1b: Staraptor|Close Combat|p2b: Glimmora
|-damage|p2b: Glimmora|0 fnt
|-boost|p1b: Staraptor|def|1
|-boost|p1b: Staraptor|spd|1
|faint|p2b: Glimmora
|move|p2a: Ninetales|Blizzard|p1b: Staraptor|[spread] p1a,p1b
|-supereffective|p1a: Whimsicott|1
|-supereffective|p1b: Staraptor|1
|-damage|p1a: Whimsicott|0 fnt
|-damage|p1b: Staraptor|0 fnt
|faint|p1a: Whimsicott
|faint|p1b: Staraptor
|
|-weather|Snowscape|[upkeep]
|upkeep
|
|t:|1785933044
|switch|p1a: Delphox|Delphox, L50, M|100/100
|switch|p1b: Garchomp|Garchomp, L50, M|100/100
|switch|p2b: Kingambit|Kingambit, L50, M|100/100
|turn|3
|
|t:|1785933062
|move|p1a: Delphox|Protect|p1a: Delphox
|-singleturn|p1a: Delphox|Protect
|move|p2b: Kingambit|Sucker Punch||[still]
|-fail|p2b: Kingambit
|move|p1b: Garchomp|Earthquake|p2a: Ninetales|[spread] p2a,p2b
|-activate|p1a: Delphox|move: Protect
|-supereffective|p2b: Kingambit|1
|-damage|p2a: Ninetales|47/100
|-damage|p2b: Kingambit|19/100
|-damage|p1b: Garchomp|90/100|[from] item: Life Orb
|move|p2a: Ninetales|Blizzard|p1a: Delphox|[spread] p1b
|-activate|p1a: Delphox|move: Protect
|-supereffective|p1b: Garchomp|2
|-damage|p1b: Garchomp|0 fnt
|faint|p1b: Garchomp
|
|-weather|Snowscape|[upkeep]
|upkeep
|turn|4
|inactive|TwinBattleBLT has 30 seconds left.
|
|t:|1785933093
|move|p2b: Kingambit|Sucker Punch||[still]
|-fail|p2b: Kingambit
|move|p1a: Delphox|Substitute|p1a: Delphox
|-start|p1a: Delphox|Substitute
|-damage|p1a: Delphox|75/100
|move|p2a: Ninetales|Blizzard|p1a: Delphox
|-resisted|p1a: Delphox|1
|-end|p1a: Delphox|Substitute
|
|-weather|Snowscape|[upkeep]
|upkeep
|turn|5
|
|t:|1785933102
|move|p2a: Ninetales|Protect|p2a: Ninetales
|-singleturn|p2a: Ninetales|Protect
|move|p2b: Kingambit|Protect|p2b: Kingambit
|-singleturn|p2b: Kingambit|Protect
|move|p1a: Delphox|Heat Wave|p2a: Ninetales|[spread] 
|-activate|p2a: Ninetales|move: Protect
|-activate|p2b: Kingambit|move: Protect
|
|-weather|Snowscape|[upkeep]
|-sideend|p1: TwinBattleBLT|move: Tailwind
|upkeep
|turn|6
|
|t:|1785933115
|move|p1a: Delphox|Protect|p1a: Delphox
|-singleturn|p1a: Delphox|Protect
|move|p2a: Ninetales|Disable|p1a: Delphox
|-activate|p1a: Delphox|move: Protect
|move|p2b: Kingambit|Kowtow Cleave|p1a: Delphox
|-activate|p1a: Delphox|move: Protect
|
|-weather|none
|upkeep
|turn|7
|
|t:|1785933124
|move|p2b: Kingambit|Sucker Punch||[still]
|-fail|p2b: Kingambit
|move|p2a: Ninetales|Disable|p1a: Delphox
|-start|p1a: Delphox|Disable|Protect
|move|p1a: Delphox|Substitute|p1a: Delphox
|-start|p1a: Delphox|Substitute
|-damage|p1a: Delphox|50/100g
|
|upkeep
|turn|8
|
|t:|1785933132
|move|p2b: Kingambit|Sucker Punch|p1a: Delphox
|-supereffective|p1a: Delphox|1
|-crit|p1a: Delphox
|-end|p1a: Delphox|Substitute
|move|p2a: Ninetales|Freeze-Dry|p1a: Delphox
|-resisted|p1a: Delphox|1
|-damage|p1a: Delphox|32/100
|move|p1a: Delphox|Heat Wave|p2b: Kingambit|[spread] p2a,p2b
|-supereffective|p2a: Ninetales|1
|-supereffective|p2b: Kingambit|1
|-damage|p2a: Ninetales|0 fnt
|-damage|p2b: Kingambit|0 fnt
|faint|p2a: Ninetales
|faint|p2b: Kingambit
|
|win|TwinBattleBLT
|raw|TwinBattleBLT's rating: 1053 → 1090(+37 for winning)
|raw|Syd2J's rating: 1107 → 1078(-29 for losing)
