|j|â˜†Garden Monke
|j|â˜†MegaHappyDragonite
|html|Garden MonkeMegaHappyDragonite    
|uhtml|bestof|Game 2 of a best-of-3
|t:|1785168527
|gametype|doubles
|player|p1|Garden Monke|giacomo|1258
|player|p2|MegaHappyDragonite|corbeau|1271
|gen|9
|tier|[Gen 9 Champions] VGC 2026 Reg M-B (Bo3)
|rated|
|rule|Species Clause: Limit one of each PokÃ©mon
|rule|Item Clause: Limit 1 of each item
|clearpoke
|poke|p1|Kingambit, L50, M|
|poke|p1|Whimsicott, L50, M|
|poke|p1|Basculegion, L50, M|
|poke|p1|Garchomp, L50, M|
|poke|p1|Charizard, L50, M|
|poke|p1|Floette-Eternal, L50, F|
|poke|p2|Tyranitar, L50, F|
|poke|p2|Incineroar, L50, F|
|poke|p2|Mimikyu, L50, M|
|poke|p2|Sneasler, L50, M|
|poke|p2|Venusaur, L50, F|
|poke|p2|Milotic, L50, F|
|teampreview|4
|showteam|p1|Kingambit||ChopleBerry|Defiant|KowtowCleave,LowKick,SuckerPunch,Protect|Adamant||M|||50|]Whimsicott||FocusSash|Prankster|Moonblast,Tailwind,Encore,Protect|Timid||M|||50|]Basculegion||MysticWater|Adaptability|WaveCrash,LastRespects,AquaJet,Protect|Adamant||M|||50|]Garchomp||LifeOrb|RoughSkin|DragonClaw,RockSlide,Earthquake,Protect|Jolly||M|||50|]Charizard||CharizarditeY|Blaze|WeatherBall,HeatWave,SolarBeam,Protect|Modest||M|||50|]Floette-Eternal||Floettite|FlowerVeil|Moonblast,DazzlingGleam,LightofRuin,Protect|Timid||F|||50|
|showteam|p2|Tyranitar||Tyranitarite|SandStream|RockSlide,KnockOff,DragonDance,Protect|Jolly||F|||50|]Incineroar||SitrusBerry|Intimidate|FakeOut,FlareBlitz,DarkestLariat,PartingShot|Careful||F|||50|]Mimikyu||LifeOrb|Disguise|PlayRough,ShadowSneak,SwordsDance,Protect|Adamant||M|||50|]Sneasler||WhiteHerb|Unburden|FakeOut,CloseCombat,DireClaw,Protect|Jolly||M|||50|]Venusaur||Venusaurite|Overgrow|SludgeBomb,EarthPower,LeechSeed,Protect|Modest||F|||50|]Milotic||Leftovers|Competitive|Scald,IcyWind,LifeDew,Protect|Bold||F|||50|
|inactive|Battle timer is ON: inactive players will automatically lose when time's up. (requested by Garden Monke)
|
|t:|1785168548
|teamsize|p1|4
|teamsize|p2|4
|start
|switch|p1a: Charizard|Charizard, L50, M|100/100
|switch|p1b: Garchomp|Garchomp, L50, M|100/100
|switch|p2a: Mimikyu|Mimikyu, L50, M|100/100
|switch|p2b: Sneasler|Sneasler, L50, M|100/100
|turn|1
|
|t:|1785168569
|detailschange|p1a: Charizard|Charizard-Mega-Y, L50, M
|-mega|p1a: Charizard|Charizard|Charizardite Y
|-weather|SunnyDay|[from] ability: Drought|[of] p1a: Charizard
|move|p2b: Sneasler|Fake Out|p1b: Garchomp
|-damage|p1b: Garchomp|85/100
|-damage|p2b: Sneasler|87/100|[from] ability: Rough Skin|[of] p1b: Garchomp
|cant|p1b: Garchomp|flinch
|move|p1a: Charizard|Heat Wave|p2a: Mimikyu|[spread] p2a,p2b
|-activate|p2a: Mimikyu|ability: Disguise
|-damage|p2a: Mimikyu|100/100
|-damage|p2b: Sneasler|1/100
|detailschange|p2a: Mimikyu|Mimikyu-Busted, L50, M
|-damage|p2a: Mimikyu|87/100|[from] pokemon: Mimikyu-Busted
|move|p2a: Mimikyu|Swords Dance|p2a: Mimikyu
|-boost|p2a: Mimikyu|atk|2
|
|-weather|SunnyDay|[upkeep]
|upkeep
|turn|2
|
|t:|1785168591
|move|p2a: Mimikyu|Shadow Sneak|p1a: Charizard
|-damage|p1a: Charizard|53/100
|-damage|p2a: Mimikyu|77/100|[from] item: Life Orb
|move|p2b: Sneasler|Dire Claw|p1a: Charizard
|-damage|p1a: Charizard|8/100
|move|p1b: Garchomp|Earthquake|p2a: Mimikyu|[spread] p2a,p2b
|-immune|p1a: Charizard
|-supereffective|p2b: Sneasler|1
|-damage|p2a: Mimikyu|12/100
|-damage|p2b: Sneasler|0 fnt
|faint|p2b: Sneasler
|-damage|p1b: Garchomp|75/100|[from] item: Life Orb
|move|p1a: Charizard|Heat Wave|p2a: Mimikyu
|-damage|p2a: Mimikyu|0 fnt
|faint|p2a: Mimikyu
|
|-weather|SunnyDay|[upkeep]
|upkeep
|
|t:|1785168608
|switch|p2b: Tyranitar|Tyranitar, L50, F|100/100
|switch|p2a: Milotic|Milotic, L50, F|100/100
|-weather|Sandstorm|[from] ability: Sand Stream|[of] p2b: Tyranitar
|turn|3
|
|t:|1785168626
|switch|p1a: Kingambit|Kingambit, L50, M|100/100
|move|p2b: Tyranitar|Protect|p2b: Tyranitar
|-singleturn|p2b: Tyranitar|Protect
|move|p1b: Garchomp|Dragon Claw|p2a: Milotic
|-damage|p2a: Milotic|54/100
|-damage|p1b: Garchomp|65/100|[from] item: Life Orb
|move|p2a: Milotic|Icy Wind|p1b: Garchomp|[spread] p1a,p1b
|-resisted|p1a: Kingambit|1
|-supereffective|p1b: Garchomp|2
|-damage|p1a: Kingambit|95/100
|-damage|p1b: Garchomp|24/100
|-unboost|p1a: Kingambit|spe|1
|-ability|p1a: Kingambit|Defiant|boost
|-boost|p1a: Kingambit|atk|2
|-unboost|p1b: Garchomp|spe|1
|
|-weather|Sandstorm|[upkeep]
|-damage|p2a: Milotic|48/100|[from] Sandstorm
|-heal|p2a: Milotic|54/100|[from] item: Leftovers
|upkeep
|turn|4
|
|t:|1785168647
|detailschange|p2b: Tyranitar|Tyranitar-Mega, L50, F
|-mega|p2b: Tyranitar|Tyranitar|Tyranitarite
|move|p2b: Tyranitar|Rock Slide|p1a: Kingambit|[spread] p1a,p1b
|-resisted|p1a: Kingambit|1
|-resisted|p1b: Garchomp|1
|-damage|p1a: Kingambit|85/100
|-damage|p1b: Garchomp|10/100
|move|p2a: Milotic|Scald|p1a: Kingambit
|-damage|p1a: Kingambit|57/100
|-status|p1a: Kingambit|brn
|cant|p1b: Garchomp|flinch
|move|p1a: Kingambit|Low Kick|p2b: Tyranitar
|-supereffective|p2b: Tyranitar|2
|-damage|p2b: Tyranitar|0 fnt
|faint|p2b: Tyranitar
|
|-weather|Sandstorm|[upkeep]
|-damage|p2a: Milotic|48/100|[from] Sandstorm
|-heal|p2a: Milotic|54/100|[from] item: Leftovers
|-damage|p1a: Kingambit|51/100 brn|[from] brn
|upkeep
|turn|5
|c|â˜†MegaHappyDragonite|GG
|
|t:|1785168672
|move|p1a: Kingambit|Sucker Punch|p2a: Milotic
|-damage|p2a: Milotic|19/100
|move|p2a: Milotic|Scald|p1a: Kingambit
|-damage|p1a: Kingambit|20/100y brn
|move|p1b: Garchomp|Dragon Claw|p2a: Milotic
|-damage|p2a: Milotic|0 fnt
|faint|p2a: Milotic
|-damage|p1b: Garchomp|1/100|[from] item: Life Orb
|
|win|Garden Monke
|raw|Garden Monke's rating: 1258 → 1284(+26 for winning)
|raw|MegaHappyDragonite's rating: 1271 → 1245(-26 for losing)
|l|â˜†MegaHappyDragonite
|player|p2|
