|j|☆nagc_17
|j|☆gio0314
|html|nagc_17gio0314    
|uhtml|bestof|Game 3 of a best-of-3
|t:|1785252176
|gametype|doubles
|player|p1|nagc_17|scientist|
|player|p2|gio0314|2|
|gen|9
|tier|[Gen 9 Champions] VGC 2026 Reg M-B (Bo3)
|rule|Species Clause: Limit one of each Pokémon
|rule|Item Clause: Limit 1 of each item
|clearpoke
|poke|p1|Blastoise, L50, M|
|poke|p1|Farigiraf, L50, M|
|poke|p1|Torkoal, L50, F|
|poke|p1|Incineroar, L50, F|
|poke|p1|Hatterene, L50, F|
|poke|p1|Clefable, L50, F|
|poke|p2|Lucario, L50, F|
|poke|p2|Sableye, L50, M|
|poke|p2|Lycanroc-Dusk, L50, M|
|poke|p2|Luxray, L50, M|
|poke|p2|Hydreigon, L50, F|
|poke|p2|Talonflame, L50, F|
|teampreview|4
|showteam|p1|Blastoise||Blastoisinite|Torrent|DarkPulse,AuraSphere,WaterPulse,Protect|Adamant||M|||50|]Farigiraf||FocusSash|ArmorTail|TrickRoom,PsychicNoise,Thunderbolt,Protect|Adamant||M|||50|]Torkoal||Charcoal|Drought|Eruption,HeatWave,SolarBeam,Protect|Adamant||F|||50|]Incineroar||Leftovers|Intimidate|FakeOut,DarkestLariat,CloseCombat,PartingShot|Adamant||F|||50|]Hatterene||ExpertBelt|MagicBounce|Psychic,DazzlingGleam,TrickRoom,Protect|Adamant||F|||50|]Clefable||Clefablite|MagicGuard|Moonblast,HealPulse,Thunderbolt,FollowMe|Adamant||F|||50|
|showteam|p2|Lucario||Lucarionite|InnerFocus|CloseCombat,MeteorMash,Protect,Crunch|Jolly||F|||50|]Sableye||SitrusBerry|Prankster|Reflect,KnockOff,Encore,LightScreen|Careful||M|||50|]Lycanroc-Dusk||LifeOrb|ToughClaws|RockSlide,Accelerock,CloseCombat,Protect|Jolly||M|||50|]Luxray||ShucaBerry|Intimidate|Superpower,HelpingHand,Protect,WildCharge|Adamant||M|||50|]Hydreigon||FocusSash|Levitate|EarthPower,DracoMeteor,DarkPulse,Protect|Modest||F|||50|]Talonflame|||GaleWings|Acrobatics,Tailwind,FlareBlitz,Uturn|Jolly||F|||50|
|
|t:|1785252220
|teamsize|p1|4
|teamsize|p2|4
|start
|switch|p1a: Farigiraf|Farigiraf, L50, M|100/100
|switch|p1b: Clefable|Clefable, L50, F|100/100
|switch|p2a: Boyer|Sableye, L50, M|100/100
|switch|p2b: Lucyfah|Luxray, L50, M|100/100
|-ability|p2b: Lucyfah|Intimidate|boost
|-unboost|p1a: Farigiraf|atk|1
|-unboost|p1b: Clefable|atk|1
|turn|1
|
|t:|1785252259
|move|p2b: Lucyfah|Wild Charge|p1a: Farigiraf
|-damage|p1a: Farigiraf|57/100
|-damage|p2b: Lucyfah|87/100|[from] Recoil
|move|p1b: Clefable|Moonblast|p2a: Boyer
|-supereffective|p2a: Boyer|1
|-damage|p2a: Boyer|27/100
|-enditem|p2a: Boyer|Sitrus Berry|[eat]
|-heal|p2a: Boyer|52/100|[from] item: Sitrus Berry
|move|p2a: Boyer|Knock Off|p1a: Farigiraf
|-supereffective|p1a: Farigiraf|1
|-damage|p1a: Farigiraf|8/100
|-enditem|p1a: Farigiraf|Focus Sash|[from] move: Knock Off|[of] p2a: Boyer
|move|p1a: Farigiraf|Trick Room|p1a: Farigiraf
|-fieldstart|move: Trick Room|[of] p1a: Farigiraf
|
|upkeep
|turn|2
|inactive|Battle timer is ON: inactive players will automatically lose when time's up. (requested by gio0314)
|
|t:|1785252315
|switch|p1a: Torkoal|Torkoal, L50, F|100/100
|-weather|SunnyDay|[from] ability: Drought|[of] p1a: Torkoal
|move|p2a: Boyer|Light Screen|p2a: Boyer
|-sidestart|p2: gio0314|move: Light Screen
|move|p1b: Clefable|Moonblast|p2b: Lucyfah
|-damage|p2b: Lucyfah|63/100
|-unboost|p2b: Lucyfah|spa|1
|move|p2b: Lucyfah|Wild Charge|p1b: Clefable
|-damage|p1b: Clefable|62/100
|-damage|p2b: Lucyfah|53/100|[from] Recoil
|
|-weather|SunnyDay|[upkeep]
|upkeep
|turn|3
|inactive|nagc_17 has 30 seconds left.
|inactive|gio0314 has 30 seconds left.
|inactive|gio0314 has 20 seconds left.
|inactive|gio0314 has 15 seconds left.
|
|t:|1785252359
|switch|p2a: Like a rock|Lycanroc-Dusk, L50, M|100/100
|move|p2b: Lucyfah|Protect|p2b: Lucyfah
|-singleturn|p2b: Lucyfah|Protect
|move|p1a: Torkoal|Eruption|p2b: Lucyfah|[spread] p2a
|-activate|p2b: Lucyfah|move: Protect
|-resisted|p2a: Like a rock|1
|-damage|p2a: Like a rock|59/100
|move|p1b: Clefable|Moonblast|p2a: Like a rock
|-damage|p2a: Like a rock|27/100
|
|-weather|SunnyDay|[upkeep]
|upkeep
|turn|4
|inactive|nagc_17 has 30 seconds left.
|
|t:|1785252390
|detailschange|p1b: Clefable|Clefable-Mega, L50, F
|-mega|p1b: Clefable|Clefable|Clefablite
|move|p2b: Lucyfah|Helping Hand|p2a: Like a rock
|-singleturn|p2a: Like a rock|Helping Hand|[of] p2b: Lucyfah
|move|p2a: Like a rock|Accelerock|p1a: Torkoal
|-supereffective|p1a: Torkoal|1
|-damage|p1a: Torkoal|20/100y
|-damage|p2a: Like a rock|17/100|[from] item: Life Orb
|move|p1a: Torkoal|Eruption|p2b: Lucyfah|[spread] p2a,p2b
|-resisted|p2a: Like a rock|1
|-damage|p2a: Like a rock|9/100
|-damage|p2b: Lucyfah|41/100
|move|p1b: Clefable|Moonblast|p2b: Lucyfah
|-damage|p2b: Lucyfah|9/100
|-unboost|p2b: Lucyfah|spa|1
|
|-weather|SunnyDay|[upkeep]
|upkeep
|turn|5
|inactive|nagc_17 has 30 seconds left.
|inactive|nagc_17 has 20 seconds left.
|inactive|nagc_17 has 15 seconds left.
|inactive|nagc_17 has 10 seconds left.
|inactive|nagc_17 has 5 seconds left.
|
|t:|1785252445
|move|p2b: Lucyfah|Protect|p2b: Lucyfah
|-singleturn|p2b: Lucyfah|Protect
|move|p2a: Like a rock|Protect|p2a: Like a rock
|-singleturn|p2a: Like a rock|Protect
|move|p1a: Torkoal|Heat Wave|p2b: Lucyfah|[spread] 
|-activate|p2a: Like a rock|move: Protect
|-activate|p2b: Lucyfah|move: Protect
|move|p1b: Clefable|Heal Pulse|p1a: Torkoal
|-heal|p1a: Torkoal|71/100
|
|-weather|SunnyDay|[upkeep]
|-fieldend|move: Trick Room
|upkeep
|turn|6
|inactive|nagc_17 has 30 seconds left.
|
|t:|1785252473
|switch|p1b: Incineroar|Incineroar, L50, F|100/100
|-ability|p1b: Incineroar|Intimidate|boost
|-unboost|p2a: Like a rock|atk|1
|-unboost|p2b: Lucyfah|atk|1
|move|p2b: Lucyfah|Helping Hand|p2a: Like a rock
|-singleturn|p2a: Like a rock|Helping Hand|[of] p2b: Lucyfah
|move|p2a: Like a rock|Rock Slide|p1a: Torkoal|[spread] p1a,p1b
|-supereffective|p1a: Torkoal|1
|-supereffective|p1b: Incineroar|1
|-crit|p1b: Incineroar
|-damage|p1a: Torkoal|14/100
|-damage|p1b: Incineroar|0 fnt
|faint|p1b: Incineroar
|-damage|p2a: Like a rock|0 fnt|[from] item: Life Orb
|faint|p2a: Like a rock
|move|p1a: Torkoal|Heat Wave|p2b: Lucyfah
|-damage|p2b: Lucyfah|0 fnt
|faint|p2b: Lucyfah
|
|-weather|none
|-sideend|p2: gio0314|move: Light Screen
|upkeep
|
|t:|1785252491
|switch|p2a: Boyer|Sableye, L50, M|52/100
|switch|p2b: Lukas|Lucario, L50, F|100/100
|switch|p1b: Clefable|Clefable-Mega, L50, F|62/100
|turn|7
|inactive|nagc_17 has 30 seconds left.
|inactive|gio0314 has 30 seconds left.
|inactive|nagc_17 has 20 seconds left.
|inactive|gio0314 has 20 seconds left.
|inactive|nagc_17 has 15 seconds left.
|inactive|nagc_17 has 10 seconds left.
|inactive|nagc_17 has 5 seconds left.
|
|t:|1785252544
|detailschange|p2b: Lukas|Lucario-Mega, L50, F
|-mega|p2b: Lukas|Lucario|Lucarionite
|move|p2b: Lukas|Meteor Mash|p1b: Clefable
|-supereffective|p1b: Clefable|1
|-damage|p1b: Clefable|0 fnt
|faint|p1b: Clefable
|move|p2a: Boyer|Knock Off|p1a: Torkoal
|-damage|p1a: Torkoal|0 fnt
|-enditem|p1a: Torkoal|Charcoal|[from] move: Knock Off|[of] p2a: Boyer
|faint|p1a: Torkoal
|
|upkeep
|
|t:|1785252556
|switch|p1b: Farigiraf|Farigiraf, L50, M|8/100
|turn|8
|
|t:|1785252567
|move|p1b: Farigiraf|Protect|p1b: Farigiraf
|-singleturn|p1b: Farigiraf|Protect
|move|p2b: Lukas|Close Combat|p1b: Farigiraf
|-activate|p1b: Farigiraf|move: Protect
|move|p2a: Boyer|Knock Off|p1b: Farigiraf
|-activate|p1b: Farigiraf|move: Protect
|
|upkeep
|turn|9
|
|t:|1785252576
|move|p1b: Farigiraf|Protect||[still]
|-fail|p1b: Farigiraf
|move|p2b: Lukas|Close Combat|p1b: Farigiraf
|-damage|p1b: Farigiraf|0 fnt
|-unboost|p2b: Lukas|def|1
|-unboost|p2b: Lukas|spd|1
|faint|p1b: Farigiraf
|
|win|gio0314
