|j|☆Crash0utVGC
|j|☆WILLuBEMYGF?
|html|Crash0utVGCWILLuBEMYGF?    
|uhtml|bestof|Game 1 of a best-of-3
|t:|1782293682
|gametype|doubles
|player|p1|Crash0utVGC|colress|1230
|player|p2|WILLuBEMYGF?|nate|1252
|gen|9
|tier|[Gen 9 Champions] VGC 2026 Reg M-B (Bo3)
|rated|
|rule|Species Clause: Limit one of each Pokémon
|rule|Item Clause: Limit 1 of each item
|clearpoke
|poke|p1|Pyroar, L50, F|
|poke|p1|Ninetales, L50, F, shiny|
|poke|p1|Whimsicott, L50, M|
|poke|p1|Floette-Eternal, L50, F|
|poke|p1|Basculegion, L50, M|
|poke|p1|Farigiraf, L50, M|
|poke|p2|Floette-Eternal, L50, F|
|poke|p2|Charizard, L50, F|
|poke|p2|Whimsicott, L50, M|
|poke|p2|Garchomp, L50, M|
|poke|p2|Basculegion, L50, M|
|poke|p2|Kingambit, L50, F|
|teampreview|4
|showteam|p1|Pyroar||Pyroarite|Unnerve|HeatWave,Overheat,SolarBeam,Protect|Timid||F|||50|]Ninetales||ChoiceScarf|Drought|HeatWave,Overheat,SolarBeam,FakeTears|Modest||F|||50|]Whimsicott||FocusSash|Prankster|Moonblast,Tailwind,SunnyDay,Protect|Timid||M|||50|]Floette-Eternal||Floettite|FlowerVeil|Moonblast,LightofRuin,DazzlingGleam,Protect|Modest||F|||50|]Basculegion||LifeOrb|Adaptability|WaveCrash,LastRespects,AquaJet,Protect|Adamant||M|||50|]Farigiraf||SitrusBerry|ArmorTail|Psychic,Thunderbolt,TrickRoom,HelpingHand|Bold||M|||50|
|showteam|p2|Floette-Eternal||Floettite|FlowerVeil|Moonblast,DazzlingGleam,LightofRuin,Protect|Modest||F|||50|]Charizard||CharizarditeY|Blaze|HeatWave,WeatherBall,SolarBeam,Protect|Timid||F|||50|]Whimsicott||FocusSash|Prankster|Moonblast,Tailwind,Encore,Protect|Timid||M|||50|]Garchomp||RoseliBerry|RoughSkin|DragonClaw,StompingTantrum,PoisonJab,RockSlide|Jolly||M|||50|]Basculegion||MysticWater|Adaptability|WaveCrash,LastRespects,AquaJet,Protect|Adamant||M|||50|]Kingambit||OccaBerry|Defiant|KowtowCleave,IronHead,SuckerPunch,Protect|Adamant||F|||50|
|inactive|Battle timer is ON: inactive players will automatically lose when time's up. (requested by WILLuBEMYGF?)
|inactive|Crash0utVGC has 60 seconds left.
|
|t:|1782293751
|teamsize|p1|4
|teamsize|p2|4
|start
|switch|p1a: RayBurn|Pyroar, L50, F|100/100
|switch|p1b: Bob|Farigiraf, L50, M|100/100
|switch|p2a: Charizard|Charizard, L50, F|100/100
|switch|p2b: Whimsicott|Whimsicott, L50, M|100/100
|-ability|p1a: RayBurn|Unnerve
|turn|1
|inactive|WILLuBEMYGF? has 30 seconds left.
|
|t:|1782293777
|detailschange|p1a: RayBurn|Pyroar-Mega, L50, F
|-mega|p1a: RayBurn|Pyroar|Pyroarite
|detailschange|p2a: Charizard|Charizard-Mega-Y, L50, F
|-mega|p2a: Charizard|Charizard|Charizardite Y
|-weather|SunnyDay|[from] ability: Drought|[of] p2a: Charizard
|move|p1b: Bob|Helping Hand|p1a: RayBurn
|-singleturn|p1a: RayBurn|Helping Hand|[of] p1b: Bob
|move|p1a: RayBurn|Overheat|p2a: Charizard
|-resisted|p2a: Charizard|1
|-damage|p2a: Charizard|0 fnt
|-unboost|p1a: RayBurn|spa|2
|faint|p2a: Charizard
|move|p2b: Whimsicott|Moonblast|p1b: Bob
|-damage|p1b: Bob|67/100
|-unboost|p1b: Bob|spa|1
|
|-weather|SunnyDay|[upkeep]
|upkeep
|
|t:|1782293786
|switch|p2a: Garchomp|Garchomp, L50, M|100/100
|turn|2
|
|t:|1782293805
|switch|p1a: Winnie|Whimsicott, L50, M|100/100
|move|p2b: Whimsicott|Moonblast|p1b: Bob
|-damage|p1b: Bob|31/100
|-enditem|p1b: Bob|Sitrus Berry|[eat]
|-heal|p1b: Bob|56/100|[from] item: Sitrus Berry
|move|p2a: Garchomp|Dragon Claw|p1b: Bob
|-damage|p1b: Bob|26/100
|move|p1b: Bob|Psychic|p2b: Whimsicott
|-crit|p2b: Whimsicott
|-damage|p2b: Whimsicott|20/100y
|
|-weather|SunnyDay|[upkeep]
|upkeep
|turn|3
|
|t:|1782293818
|move|p2b: Whimsicott|Tailwind|p2b: Whimsicott
|-sidestart|p2: WILLuBEMYGF?|move: Tailwind
|move|p2a: Garchomp|Rock Slide|p1b: Bob|[spread] p1a,p1b
|-damage|p1a: Winnie|70/100
|-damage|p1b: Bob|10/100
|move|p1a: Winnie|Moonblast|p2b: Whimsicott
|-damage|p2b: Whimsicott|0 fnt
|faint|p2b: Whimsicott
|move|p1b: Bob|Psychic|p2a: Garchomp
|-damage|p2a: Garchomp|72/100
|
|-weather|SunnyDay|[upkeep]
|upkeep
|
|t:|1782293824
|switch|p2b: Kingambit|Kingambit, L50, F|100/100
|turn|4
|
|t:|1782293847
|move|p1a: Winnie|Tailwind|p1a: Winnie
|-sidestart|p1: Crash0utVGC|move: Tailwind
|move|p2a: Garchomp|Poison Jab|p1a: Winnie
|-supereffective|p1a: Winnie|2
|-damage|p1a: Winnie|0 fnt
|faint|p1a: Winnie
|move|p1b: Bob|Psychic|p2a: Garchomp
|-damage|p2a: Garchomp|48/100
|move|p2b: Kingambit|Kowtow Cleave|p1b: Bob
|-supereffective|p1b: Bob|1
|-damage|p1b: Bob|0 fnt
|faint|p1b: Bob
|
|-weather|SunnyDay|[upkeep]
|upkeep
|
|t:|1782293849
|switch|p1a: RayBurn|Pyroar-Mega, L50, F|100/100
|switch|p1b: FairAndBalanced|Basculegion, L50, M|100/100
|turn|5
|
|t:|1782293866
|move|p1b: FairAndBalanced|Protect|p1b: FairAndBalanced
|-singleturn|p1b: FairAndBalanced|Protect
|move|p1a: RayBurn|Overheat|p2a: Garchomp
|-resisted|p2a: Garchomp|1
|-damage|p2a: Garchomp|0 fnt
|-unboost|p1a: RayBurn|spa|2
|faint|p2a: Garchomp
|move|p2b: Kingambit|Kowtow Cleave|p1a: RayBurn
|-damage|p1a: RayBurn|42/100
|
|-weather|none
|upkeep
|turn|6
|
|t:|1782293880
|move|p1a: RayBurn|Overheat|p2b: Kingambit|[miss]
|-miss|p1a: RayBurn|p2b: Kingambit
|move|p1b: FairAndBalanced|Last Respects|p2b: Kingambit
|-resisted|p2b: Kingambit|1
|-damage|p2b: Kingambit|49/100
|-damage|p1b: FairAndBalanced|90/100|[from] item: Life Orb
|move|p2b: Kingambit|Kowtow Cleave|p1b: FairAndBalanced
|-supereffective|p1b: FairAndBalanced|1
|-damage|p1b: FairAndBalanced|0 fnt
|faint|p1b: FairAndBalanced
|
|-sideend|p2: WILLuBEMYGF?|move: Tailwind
|upkeep
|turn|7
|c|☆Crash0utVGC|ggs
|c|☆Crash0utVGC|90% win
|
|t:|1782293893
|move|p1a: RayBurn|Protect|p1a: RayBurn
|-singleturn|p1a: RayBurn|Protect
|move|p2b: Kingambit|Kowtow Cleave|p1a: RayBurn
|-activate|p1a: RayBurn|move: Protect
|
|-sideend|p1: Crash0utVGC|move: Tailwind
|upkeep
|turn|8
|
|t:|1782293899
|move|p1a: RayBurn|Overheat|p2b: Kingambit
|-supereffective|p2b: Kingambit|1
|-enditem|p2b: Kingambit|Occa Berry|[eat]
|-enditem|p2b: Kingambit|Occa Berry|[weaken]
|-damage|p2b: Kingambit|3/100
|-unboost|p1a: RayBurn|spa|2
|move|p2b: Kingambit|Kowtow Cleave|p1a: RayBurn
|-damage|p1a: RayBurn|0 fnt
|faint|p1a: RayBurn
|
|win|WILLuBEMYGF?
