|j|☆pagoose chase
|j|‽tkwime
|html|pagoose chasetkwime    
|uhtml|bestof|Game 2 of a best-of-3
|t:|1757629421
|gametype|doubles
|player|p1|pagoose chase|roxanne-gen6|1077
|player|p2|tkwime|artist-gen4|1054
|gen|9
|tier|[Gen 9] VGC 2025 Reg H (Bo3)
|rated|
|rule|Species Clause: Limit one of each Pokémon
|rule|Item Clause: Limit 1 of each item
|clearpoke
|poke|p1|Gliscor, L50, F|
|poke|p1|Tyranitar, L50, F|
|poke|p1|Rillaboom, L50, F|
|poke|p1|Gholdengo, L50|
|poke|p1|Electabuzz, L50, F|
|poke|p1|Dragonite, L50, M|
|poke|p2|Archaludon, L50, M|
|poke|p2|Pelipper, L50, F|
|poke|p2|Sinistcha, L50|
|poke|p2|Ursaluna, L50, M|
|poke|p2|Dragonite, L50, M|
|poke|p2|Gholdengo, L50|
|teampreview|4
|showteam|p1|Gliscor||ToxicOrb|PoisonHeal|DualWingbeat,HighHorsepower,Tailwind,Protect|||F|||50|,,,,,Water]Tyranitar||AssaultVest|SandStream|RockSlide,KnockOff,LowKick,TeraBlast|||F|||50|,,,,,Flying]Rillaboom||MiracleSeed|GrassySurge|FakeOut,GrassyGlide,WoodHammer,Uturn|||F|||50|,,,,,Fire]Gholdengo||LifeOrb|GoodasGold|MakeItRain,ShadowBall,NastyPlot,Protect||||||50|,,,,,Water]Electabuzz||Eviolite|VitalSpirit|FollowMe,Electroweb,Taunt,Protect|||F|||50|,,,,,Ghost]Dragonite||LoadedDice|Multiscale|ScaleShot,StompingTantrum,Haze,Protect|||M|||50|,,,,,Steel
|showteam|p2|Archaludon||AssaultVest|Stamina|FlashCannon,ElectroShot,BodyPress,DracoMeteor|||M|||50|,,,,,Bug]Pelipper||FocusSash|Drizzle|Hurricane,Tailwind,MuddyWater,WideGuard|||F|||50|,,,,,Ghost]Sinistcha||SitrusBerry|Hospitality|MatchaGotcha,LifeDew,TrickRoom,RagePowder||||||50|,,,,,Dark]Ursaluna||FlameOrb|Guts|HammerArm,Earthquake,Facade,Protect|||M|||50|,,,,,Bug]Dragonite||LoadedDice|InnerFocus|Haze,ScaleShot,Tailwind,Protect|||M|||50|,,,,,Fairy]Gholdengo||ChoiceScarf|GoodasGold|MakeItRain,ShadowBall,Trick,TeraBlast||||||50|,,,,,Water
|
|t:|1757629456
|teamsize|p1|4
|teamsize|p2|4
|start
|switch|p1a: Gliscor|Gliscor, L50, F|100/100
|switch|p1b: Gholdengo|Gholdengo, L50|100/100
|switch|p2a: Dragonite|Dragonite, L50, M|100/100
|switch|p2b: Gholdengo|Gholdengo, L50|100/100
|turn|1
|inactive|Battle timer is ON: inactive players will automatically lose when time's up. (requested by tkwime)
|
|t:|1757629477
|switch|p1b: Tyranitar|Tyranitar, L50, F|100/100
|-weather|Sandstorm|[from] ability: Sand Stream|[of] p1b: Tyranitar
|-terastallize|p2b: Gholdengo|Water
|move|p1a: Gliscor|Protect|p1a: Gliscor
|-singleturn|p1a: Gliscor|Protect
|move|p2b: Gholdengo|Tera Blast|p1a: Gliscor|[anim] Tera Blast Water
|-activate|p1a: Gliscor|move: Protect
|move|p2a: Dragonite|Tailwind|p2a: Dragonite
|-sidestart|p2: tkwime|move: Tailwind
|
|-weather|Sandstorm|[upkeep]
|-damage|p2b: Gholdengo|94/100|[from] Sandstorm
|-damage|p2a: Dragonite|95/100|[from] Sandstorm
|-status|p1a: Gliscor|tox|[from] item: Toxic Orb
|upkeep
|turn|2
|
|t:|1757629496
|switch|p2a: Pelipper|Pelipper, L50, F|100/100
|-weather|RainDance|[from] ability: Drizzle|[of] p2a: Pelipper
|-terastallize|p1a: Gliscor|Water
|move|p2b: Gholdengo|Tera Blast|p1b: Tyranitar|[anim] Tera Blast Water
|-supereffective|p1b: Tyranitar
|-damage|p1b: Tyranitar|24/100
|move|p1a: Gliscor|Tailwind|p1a: Gliscor
|-sidestart|p1: pagoose chase|move: Tailwind
|move|p1b: Tyranitar|Rock Slide|p2a: Pelipper|[spread] p2a,p2b
|-supereffective|p2a: Pelipper
|-damage|p2a: Pelipper|21/100
|-damage|p2b: Gholdengo|61/100
|
|-weather|RainDance|[upkeep]
|upkeep
|turn|3
|
|t:|1757629513
|switch|p1b: Electabuzz|Electabuzz, L50, F|100/100
|move|p2b: Gholdengo|Tera Blast|p1b: Electabuzz|[anim] Tera Blast Water
|-damage|p1b: Electabuzz|53/100
|move|p1a: Gliscor|Dual Wingbeat|p2a: Pelipper
|-damage|p2a: Pelipper|0 fnt
|faint|p2a: Pelipper
|-hitcount|p2: Pelipper|1
|
|-weather|RainDance|[upkeep]
|upkeep
|
|t:|1757629523
|switch|p2a: Dragonite|Dragonite, L50, M|95/100
|turn|4
|
|t:|1757629532
|switch|p2b: Archaludon|Archaludon, L50, M|100/100
|move|p1a: Gliscor|High Horsepower|p2b: Archaludon
|-supereffective|p2b: Archaludon
|-damage|p2b: Archaludon|28/100
|-ability|p2b: Archaludon|Stamina|boost
|-boost|p2b: Archaludon|def|1
|move|p2a: Dragonite|Scale Shot|p1b: Electabuzz
|-damage|p1b: Electabuzz|42/100
|-crit|p1b: Electabuzz
|-damage|p1b: Electabuzz|28/100
|-damage|p1b: Electabuzz|17/100
|-crit|p1b: Electabuzz
|-damage|p1b: Electabuzz|0 fnt
|faint|p1b: Electabuzz
|-hitcount|p1: Electabuzz|4
|-unboost|p2a: Dragonite|def|1
|-boost|p2a: Dragonite|spe|1
|
|-weather|RainDance|[upkeep]
|-sideend|p2: tkwime|move: Tailwind
|upkeep
|
|t:|1757629546
|switch|p1b: Gholdengo|Gholdengo, L50|100/100
|turn|5
|inactive|tkwime has 30 seconds left.
|
|t:|1757629574
|switch|p2b: Gholdengo|Gholdengo, L50, tera:Water|61/100
|move|p1a: Gliscor|High Horsepower|p2b: Gholdengo
|-damage|p2b: Gholdengo|9/100
|move|p1b: Gholdengo|Shadow Ball|p2a: Dragonite
|-damage|p2a: Dragonite|24/100
|-damage|p1b: Gholdengo|91/100|[from] item: Life Orb
|move|p2a: Dragonite|Tailwind|p2a: Dragonite
|-sidestart|p2: tkwime|move: Tailwind
|
|-weather|RainDance|[upkeep]
|-sideend|p1: pagoose chase|move: Tailwind
|upkeep
|turn|6
|inactive|tkwime has 30 seconds left.
|
|t:|1757629608
|switch|p1b: Tyranitar|Tyranitar, L50, F|24/100
|-weather|Sandstorm|[from] ability: Sand Stream|[of] p1b: Tyranitar
|move|p2b: Gholdengo|Tera Blast|p1b: Tyranitar|[anim] Tera Blast Water
|-supereffective|p1b: Tyranitar
|-damage|p1b: Tyranitar|0 fnt
|faint|p1b: Tyranitar
|move|p2a: Dragonite|Scale Shot|p1a: Gliscor
|-damage|p1a: Gliscor|86/100 tox
|-damage|p1a: Gliscor|72/100 tox
|-damage|p1a: Gliscor|58/100 tox
|-damage|p1a: Gliscor|43/100 tox
|-hitcount|p1a: Gliscor|4
|-unboost|p2a: Dragonite|def|1
|-boost|p2a: Dragonite|spe|1
|move|p1a: Gliscor|Dual Wingbeat|p2a: Dragonite|[miss]
|-miss|p1a: Gliscor|p2a: Dragonite
|
|-weather|Sandstorm|[upkeep]
|-damage|p2a: Dragonite|18/100|[from] Sandstorm
|-damage|p2b: Gholdengo|3/100|[from] Sandstorm
|-damage|p1a: Gliscor|37/100 tox|[from] Sandstorm
|-heal|p1a: Gliscor|49/100 tox|[from] ability: Poison Heal
|upkeep
|
|t:|1757629612
|switch|p1b: Gholdengo|Gholdengo, L50|91/100
|turn|7
|
|t:|1757629635
|move|p1a: Gliscor|Protect|p1a: Gliscor
|-singleturn|p1a: Gliscor|Protect
|move|p2a: Dragonite|Scale Shot|p1a: Gliscor
|-activate|p1a: Gliscor|move: Protect
|move|p2b: Gholdengo|Tera Blast|p1b: Gholdengo|[anim] Tera Blast Water
|-damage|p1b: Gholdengo|46/100
|move|p1b: Gholdengo|Shadow Ball|p2a: Dragonite
|-damage|p2a: Dragonite|0 fnt
|faint|p2a: Dragonite
|-damage|p1b: Gholdengo|36/100|[from] item: Life Orb
|
|-weather|Sandstorm|[upkeep]
|-damage|p2b: Gholdengo|0 fnt|[from] Sandstorm
|-damage|p1a: Gliscor|43/100 tox|[from] Sandstorm
|faint|p2b: Gholdengo
|-heal|p1a: Gliscor|55/100 tox|[from] ability: Poison Heal
|upkeep
|
|t:|1757629652
|switch|p2b: Archaludon|Archaludon, L50, M|28/100
|turn|8
|
|t:|1757629663
|move|p2b: Archaludon|Draco Meteor|p1a: Gliscor|[miss]
|-miss|p2b: Archaludon|p1a: Gliscor
|move|p1a: Gliscor|High Horsepower|p2b: Archaludon
|-supereffective|p2b: Archaludon
|-damage|p2b: Archaludon|0 fnt
|faint|p2b: Archaludon
|
|win|pagoose chase
||tkwime is ready for game 3.
|inactive|pagoose chase has 30 seconds to confirm battle start!
||pagoose chase is ready for game 3.
|uhtml|next|Next: Game 3 of 3
