|j|☆MobiusVGC
|j|☆drogaplut003
|html|MobiusVGCdrogaplut003    
|uhtml|bestof|Game 2 of a best-of-3
|t:|1756493155
|gametype|doubles
|player|p1|MobiusVGC|gentleman-gen4dp|1248
|player|p2|drogaplut003|2|1243
|gen|9
|tier|[Gen 9] VGC 2025 Reg H (Bo3)
|rated|
|rule|Species Clause: Limit one of each Pokémon
|rule|Item Clause: Limit 1 of each item
|clearpoke
|poke|p1|Hydreigon, L50, M|
|poke|p1|Gholdengo, L50|
|poke|p1|Amoonguss, L50, F|
|poke|p1|Incineroar, L50, M|
|poke|p1|Garchomp, L50, M|
|poke|p1|Sneasler, L50, M|
|poke|p2|Porygon-Z, L50|
|poke|p2|Amoonguss, L50, F|
|poke|p2|Dragonite, L50, M|
|poke|p2|Garchomp, L50, F|
|poke|p2|Sneasler, L50, M|
|poke|p2|Kingambit, L50, M|
|teampreview|4
|showteam|p1|Hydreigon||CovertCloak|Levitate|DracoMeteor,Snarl,Tailwind,Taunt|||M|||50|,,,,,Ghost]Gholdengo||MetalCoat|GoodasGold|MakeItRain,ShadowBall,NastyPlot,Protect||||||50|,,,,,Flying]Amoonguss||RockyHelmet|Regenerator|PollenPuff,Spore,RagePowder,Protect|||F|||50|,,,,,Fairy]Incineroar||SafetyGoggles|Intimidate|FlareBlitz,KnockOff,FakeOut,PartingShot|||M|||50|,,,,,Ghost]Garchomp||ClearAmulet|RoughSkin|Earthquake,DragonClaw,StompingTantrum,Protect|||M|||50|,,,,,Fire]Sneasler||FocusSash|Unburden|CloseCombat,DireClaw,Coaching,Protect|||M|||50|,,,,,Flying
|showteam|p2|Porygon-Z||LifeOrb|Adaptability|ShadowBall,TriAttack,HyperBeam,Protect||||||50|,,,,,Ghost]Amoonguss||RockyHelmet|Regenerator|SludgeBomb,Spore,RagePowder,Protect|||F|||50|,,,,,Water]Dragonite||LoadedDice|Multiscale|ScaleShot,Tailwind,HelpingHand,Protect|||M|||50|,,,,,Fairy]Garchomp||ChoiceBand|RoughSkin|Earthquake,StompingTantrum,DragonClaw,PoisonJab|||F|||50|,,,,,Poison]Sneasler||FocusSash|Unburden|DireClaw,CloseCombat,Coaching,Taunt|||M|||50|,,,,,Dark]Kingambit||AssaultVest|Defiant|KowtowCleave,SuckerPunch,IronHead,LowKick|||M|||50|,,,,,Dark
|
|t:|1756493182
|teamsize|p1|4
|teamsize|p2|4
|start
|switch|p1a: Hydreigon|Hydreigon, L50, M|100/100
|switch|p1b: Sneasler|Sneasler, L50, M|100/100
|switch|p2a: Dragonite|Dragonite, L50, M|100/100
|switch|p2b: Amoonguss|Amoonguss, L50, F|100/100
|turn|1
|
|t:|1756493202
|move|p2b: Amoonguss|Rage Powder|p2b: Amoonguss
|-singleturn|p2b: Amoonguss|move: Rage Powder
|move|p1b: Sneasler|Coaching|p1a: Hydreigon
|-boost|p1a: Hydreigon|atk|1
|-boost|p1a: Hydreigon|def|1
|move|p1a: Hydreigon|Taunt|p2b: Amoonguss
|-start|p2b: Amoonguss|move: Taunt
|move|p2a: Dragonite|Scale Shot|p1a: Hydreigon|[miss]
|-miss|p2a: Dragonite|p1a: Hydreigon
|
|upkeep
|turn|2
|
|t:|1756493227
|move|p2a: Dragonite|Protect|p2a: Dragonite
|-singleturn|p2a: Dragonite|Protect
|move|p1b: Sneasler|Dire Claw|p2a: Dragonite
|-activate|p2a: Dragonite|move: Protect
|move|p1a: Hydreigon|Snarl|p2a: Dragonite|[spread] p2b
|-activate|p2a: Dragonite|move: Protect
|-damage|p2b: Amoonguss|86/100
|-unboost|p2b: Amoonguss|spa|1
|move|p2b: Amoonguss|Sludge Bomb|p1b: Sneasler
|-resisted|p1b: Sneasler
|-damage|p1b: Sneasler|88/100
|
|upkeep
|turn|3
|
|t:|1756493244
|switch|p2a: Kingambit|Kingambit, L50, M|100/100
|move|p1b: Sneasler|Dire Claw|p2a: Kingambit
|-immune|p2a: Kingambit
|move|p1a: Hydreigon|Draco Meteor|p2a: Kingambit
|-resisted|p2a: Kingambit
|-damage|p2a: Kingambit|84/100
|-unboost|p1a: Hydreigon|spa|2
|move|p2b: Amoonguss|Sludge Bomb|p1a: Hydreigon
|-damage|p1a: Hydreigon|85/100
|
|upkeep
|turn|4
|
|t:|1756493278
|switch|p1a: Gholdengo|Gholdengo, L50|100/100
|switch|p2a: Dragonite|Dragonite, L50, M|100/100
|move|p1b: Sneasler|Close Combat|p2a: Dragonite
|-resisted|p2a: Dragonite
|-damage|p2a: Dragonite|85/100
|-unboost|p1b: Sneasler|def|1
|-unboost|p1b: Sneasler|spd|1
|move|p2b: Amoonguss|Sludge Bomb|p1a: Gholdengo
|-immune|p1a: Gholdengo
|
|-end|p2b: Amoonguss|move: Taunt
|upkeep
|turn|5
|
|t:|1756493295
|move|p1b: Sneasler|Protect|p1b: Sneasler
|-singleturn|p1b: Sneasler|Protect
|move|p2b: Amoonguss|Rage Powder|p2b: Amoonguss
|-singleturn|p2b: Amoonguss|move: Rage Powder
|move|p1a: Gholdengo|Nasty Plot|p1a: Gholdengo
|-boost|p1a: Gholdengo|spa|2
|move|p2a: Dragonite|Scale Shot|p1b: Sneasler
|-activate|p1b: Sneasler|move: Protect
|
|upkeep
|turn|6
|
|t:|1756493321
|move|p2a: Dragonite|Protect|p2a: Dragonite
|-singleturn|p2a: Dragonite|Protect
|move|p1b: Sneasler|Close Combat|p2a: Dragonite
|-activate|p2a: Dragonite|move: Protect
|move|p1a: Gholdengo|Make It Rain|p2b: Amoonguss|[spread] p2b
|-activate|p2a: Dragonite|move: Protect
|-damage|p2b: Amoonguss|3/100
|-unboost|p1a: Gholdengo|spa|1
|move|p2b: Amoonguss|Sludge Bomb|p1b: Sneasler
|-resisted|p1b: Sneasler
|-damage|p1b: Sneasler|70/100
|
|upkeep
|turn|7
|
|t:|1756493342
|move|p2b: Amoonguss|Rage Powder|p2b: Amoonguss
|-singleturn|p2b: Amoonguss|move: Rage Powder
|move|p1b: Sneasler|Dire Claw|p2b: Amoonguss
|-damage|p2b: Amoonguss|0 fnt
|-damage|p1b: Sneasler|54/100|[from] item: Rocky Helmet|[of] p2b: Amoonguss
|faint|p2b: Amoonguss
|move|p1a: Gholdengo|Make It Rain|p2a: Dragonite
|-damage|p2a: Dragonite|0 fnt
|-unboost|p1a: Gholdengo|spa|1
|faint|p2a: Dragonite
|
|upkeep
|
|t:|1756493353
|switch|p2a: Garchomp|Garchomp, L50, F|100/100
|switch|p2b: Kingambit|Kingambit, L50, M|84/100
|turn|8
|
|t:|1756493366
|-terastallize|p2b: Kingambit|Dark
|move|p1a: Gholdengo|Protect|p1a: Gholdengo
|-singleturn|p1a: Gholdengo|Protect
|move|p2b: Kingambit|Sucker Punch|p1b: Sneasler
|-resisted|p1b: Sneasler
|-damage|p1b: Sneasler|0 fnt
|faint|p1b: Sneasler
|move|p2a: Garchomp|Dragon Claw|p1a: Gholdengo
|-activate|p1a: Gholdengo|move: Protect
|
|upkeep
|
|t:|1756493378
|switch|p1b: Hydreigon|Hydreigon, L50, M|85/100
|turn|9
|
|t:|1756493400
|move|p2a: Garchomp|Dragon Claw|p1b: Hydreigon
|-supereffective|p1b: Hydreigon
|-damage|p1b: Hydreigon|0 fnt
|faint|p1b: Hydreigon
|move|p1a: Gholdengo|Nasty Plot|p1a: Gholdengo
|-boost|p1a: Gholdengo|spa|2
|move|p2b: Kingambit|Kowtow Cleave|p1a: Gholdengo
|-supereffective|p1a: Gholdengo
|-damage|p1a: Gholdengo|0 fnt
|faint|p1a: Gholdengo
|
|upkeep
|
|t:|1756493411
|switch|p1a: Garchomp|Garchomp, L50, M|100/100
|turn|10
|
|t:|1756493419
|move|p2b: Kingambit|Sucker Punch|p1a: Garchomp
|-damage|p1a: Garchomp|45/100
|-damage|p2b: Kingambit|72/100|[from] ability: Rough Skin|[of] p1a: Garchomp
|move|p1a: Garchomp|Dragon Claw|p2a: Garchomp
|-supereffective|p2a: Garchomp
|-crit|p2a: Garchomp
|-damage|p2a: Garchomp|0 fnt
|-damage|p1a: Garchomp|33/100|[from] ability: Rough Skin|[of] p2a: Garchomp
|faint|p2a: Garchomp
|
|upkeep
|turn|11
|
|t:|1756493428
|move|p1a: Garchomp|Protect|p1a: Garchomp
|-singleturn|p1a: Garchomp|Protect
|move|p2b: Kingambit|Kowtow Cleave|p1a: Garchomp
|-activate|p1a: Garchomp|move: Protect
|
|upkeep
|turn|12
|
|t:|1756493432
|move|p1a: Garchomp|Protect|p1a: Garchomp
|-singleturn|p1a: Garchomp|Protect
|move|p2b: Kingambit|Kowtow Cleave|p1a: Garchomp
|-activate|p1a: Garchomp|move: Protect
|
|upkeep
|turn|13
|
|t:|1756493443
|move|p1a: Garchomp|Stomping Tantrum|p2b: Kingambit
|-damage|p2b: Kingambit|41/100
|move|p2b: Kingambit|Kowtow Cleave|p1a: Garchomp
|-crit|p1a: Garchomp
|-damage|p1a: Garchomp|0 fnt
|-damage|p2b: Kingambit|29/100|[from] ability: Rough Skin|[of] p1a: Garchomp
|faint|p1a: Garchomp
|
|win|drogaplut003
||MobiusVGC is ready for game 3.
||drogaplut003 is ready for game 3.
|uhtml|next|Next: Game 3 of 3
|l|☆MobiusVGC
|player|p1|
|j|☆MobiusVGC
|player|p1|MobiusVGC|gentleman-gen4dp|
