|j|☆jomivgc
|j|☆sasyx
|html|jomivgcsasyx    
|uhtml|bestof|Game 2 of a best-of-3
|t:|1784641637
|gametype|doubles
|player|p1|jomivgc|falkner-gen2|1166
|player|p2|sasyx|rosa|1192
|gen|9
|tier|[Gen 9 Champions] VGC 2026 Reg M-B (Bo3)
|rated|
|rule|Species Clause: Limit one of each Pokémon
|rule|Item Clause: Limit 1 of each item
|clearpoke
|poke|p1|Umbreon, L50, F, shiny|
|poke|p1|Garchomp, L50, M|
|poke|p1|Pelipper, L50, F|
|poke|p1|Swampert, L50, F|
|poke|p1|Archaludon, L50, F|
|poke|p1|Incineroar, L50, M|
|poke|p2|Gardevoir, L50, F, shiny|
|poke|p2|Garchomp, L50, M|
|poke|p2|Basculegion, L50, M, shiny|
|poke|p2|Maushold-Four, L50, shiny|
|poke|p2|Kingambit, L50, M|
|poke|p2|Talonflame, L50, F|
|teampreview|4
|showteam|p1|Umbreon||SitrusBerry|InnerFocus|Snarl,FakeTears,FoulPlay,Moonlight|Calm||F|||50|]Garchomp||LifeOrb|RoughSkin|DragonClaw,RockSlide,Earthquake,Protect|Jolly||M|||50|]Pelipper||FocusSash|Drizzle|Hurricane,WeatherBall,Tailwind,WideGuard|Modest||F|||50|]Swampert||Swampertite|Torrent|Protect,WaveCrash,Earthquake,IcePunch|Adamant||F|||50|]Archaludon||Leftovers|Stamina|ElectroShot,FlashCannon,DracoMeteor,Protect|Modest||F|||50|]Incineroar||PasshoBerry|Intimidate|FakeOut,PartingShot,FlareBlitz,ThroatChop|Adamant||M|||50|
|showteam|p2|Gardevoir||Gardevoirite|Trace|HyperVoice,Psychic,VacuumWave,Protect|Modest||F|||50|]Garchomp||LifeOrb|RoughSkin|RockSlide,DragonClaw,Earthquake,Protect|Adamant||M|||50|]Basculegion||MysticWater|Adaptability|LastRespects,WaveCrash,AquaJet,Protect|Adamant||M|||50|]Maushold-Four||FocusSash|FriendGuard|SuperFang,Taunt,FollowMe,Protect|Jolly|||||50|]Kingambit||BlackGlasses|Defiant|KowtowCleave,IronHead,SuckerPunch,Protect|Adamant||M|||50|]Talonflame||SharpBeak|GaleWings|FlareBlitz,DualWingbeat,Tailwind,Protect|Jolly||F|||50|
|inactive|Battle timer is ON: inactive players will automatically lose when time's up. (requested by jomivgc)
|inactive|jomivgc has 60 seconds left.
|
|t:|1784641671
|teamsize|p1|4
|teamsize|p2|4
|start
|switch|p1a: Pelipper|Pelipper, L50, F|100/100
|switch|p1b: Swampert|Swampert, L50, F|100/100
|switch|p2a: Maushold|Maushold-Four, L50, shiny|100/100
|switch|p2b: Gardevoir|Gardevoir, L50, F, shiny|100/100
|-weather|RainDance|[from] ability: Drizzle|[of] p1a: Pelipper
|-ability|p2b: Gardevoir|Torrent|Trace|[from] ability: Trace|[of] p1b: Swampert
|turn|1
|inactive|sasyx has 30 seconds left.
|inactive|jomivgc has 30 seconds left.
|
|t:|1784641703
|detailschange|p1b: Swampert|Swampert-Mega, L50, F
|-mega|p1b: Swampert|Swampert|Swampertite
|detailschange|p2b: Gardevoir|Gardevoir-Mega, L50, F, shiny
|-mega|p2b: Gardevoir|Gardevoir|Gardevoirite
|move|p2b: Gardevoir|Protect|p2b: Gardevoir
|-singleturn|p2b: Gardevoir|Protect
|move|p1b: Swampert|Wave Crash|p2a: Maushold
|-enditem|p2a: Maushold|Focus Sash
|-damage|p2a: Maushold|1/100
|-damage|p1b: Swampert|66/100|[from] Recoil
|move|p2a: Maushold|Taunt|p1a: Pelipper
|-start|p1a: Pelipper|move: Taunt
|move|p1a: Pelipper|Weather Ball|p2a: Maushold
|-damage|p2a: Maushold|0 fnt
|faint|p2a: Maushold
|
|-weather|RainDance|[upkeep]
|upkeep
|
|t:|1784641724
|switch|p2a: Basculegion|Basculegion, L50, M, shiny|100/100
|turn|2
|
|t:|1784641735
|switch|p1a: Archaludon|Archaludon, L50, F|100/100
|move|p2b: Gardevoir|Vacuum Wave|p1b: Swampert
|-damage|p1b: Swampert|49/100
|move|p2a: Basculegion|Aqua Jet|p1b: Swampert
|-damage|p1b: Swampert|1/100
|move|p1b: Swampert|Wave Crash|p2b: Gardevoir
|-damage|p2b: Gardevoir|0 fnt
|faint|p2b: Gardevoir
|-damage|p1b: Swampert|0 fnt|[from] Recoil
|faint|p1b: Swampert
|
|-weather|RainDance|[upkeep]
|upkeep
|
|t:|1784641748
|switch|p2b: Garchomp|Garchomp, L50, M|100/100
|switch|p1b: Umbreon|Umbreon, L50, F, shiny|100/100
|turn|3
|inactive|jomivgc has 30 seconds left.
|inactive|sasyx has 30 seconds left.
|inactive|jomivgc has 20 seconds left.
|inactive|sasyx has 20 seconds left.
|inactive|jomivgc has 15 seconds left.
|inactive|sasyx has 15 seconds left.
|
|t:|1784641795
|switch|p1a: Pelipper|Pelipper, L50, F|100/100
|move|p2b: Garchomp|Earthquake|p1a: Pelipper|[spread] p2a,p1b
|-immune|p1a: Pelipper
|-damage|p2a: Basculegion|27/100
|-damage|p1b: Umbreon|61/100
|-damage|p2b: Garchomp|90/100|[from] item: Life Orb
|move|p2a: Basculegion|Wave Crash|p1a: Pelipper
|-resisted|p1a: Pelipper|1
|-damage|p1a: Pelipper|10/100
|-damage|p2a: Basculegion|7/100|[from] Recoil
|move|p1b: Umbreon|Foul Play|p2a: Basculegion
|-supereffective|p2a: Basculegion|1
|-damage|p2a: Basculegion|0 fnt
|faint|p2a: Basculegion
|
|-weather|RainDance|[upkeep]
|upkeep
|turn|4
|inactive|jomivgc has 30 seconds left.
|inactive|sasyx has 30 seconds left.
|
|t:|1784641824
|move|p2b: Garchomp|Dragon Claw|p1b: Umbreon
|-damage|p1b: Umbreon|24/100
|-enditem|p1b: Umbreon|Sitrus Berry|[eat]
|-heal|p1b: Umbreon|49/100|[from] item: Sitrus Berry
|-damage|p2b: Garchomp|80/100|[from] item: Life Orb
|move|p1a: Pelipper|Tailwind|p1a: Pelipper
|-sidestart|p1: jomivgc|move: Tailwind
|move|p1b: Umbreon|Foul Play|p2b: Garchomp
|-damage|p2b: Garchomp|31/100
|-damage|p1b: Umbreon|36/100|[from] ability: Rough Skin|[of] p2b: Garchomp
|
|-weather|RainDance|[upkeep]
|upkeep
|turn|5
|-message|sasyx forfeited.
|
|win|jomivgc
