|j|☆owbd
|j|☆zhz2021
|html|owbdzhz2021    
|uhtml|bestof|Game 3 of a best-of-3
|t:|1784193386
|gametype|doubles
|player|p1|owbd|cynthia-gen4|1193
|player|p2|zhz2021|169|1120
|gen|9
|tier|[Gen 9 Champions] VGC 2026 Reg M-B (Bo3)
|rated|
|rule|Species Clause: Limit one of each Pokémon
|rule|Item Clause: Limit 1 of each item
|clearpoke
|poke|p1|Charizard, L50, M|
|poke|p1|Floette-Eternal, L50, F|
|poke|p1|Kingambit, L50, M|
|poke|p1|Garchomp, L50, M|
|poke|p1|Basculegion, L50, M|
|poke|p1|Whimsicott, L50, F|
|poke|p2|Pidgeot, L50, F|
|poke|p2|Venusaur, L50, M|
|poke|p2|Mamoswine, L50, M|
|poke|p2|Ninetales, L50, F|
|poke|p2|Sneasler, L50, M|
|poke|p2|Basculegion, L50, M|
|teampreview|4
|showteam|p1|Charizard||CharizarditeY|Blaze|HeatWave,WeatherBall,SolarBeam,Protect|Modest||M|||50|]Floette-Eternal||Floettite|FlowerVeil|Moonblast,DazzlingGleam,LightofRuin,Protect|Modest||F|||50|]Kingambit||ChopleBerry|Defiant|IronHead,KowtowCleave,SuckerPunch,LowKick|Adamant||M|||50|]Garchomp||RoseliBerry|RoughSkin|DragonClaw,Earthquake,RockSlide,PoisonJab|Jolly||M|||50|]Basculegion||LifeOrb|Adaptability|WaveCrash,LastRespects,AquaJet,Protect|Adamant||M|||50|]Whimsicott||FocusSash|Prankster|Moonblast,Encore,Tailwind,Protect|Timid||F|||50|
|showteam|p2|Pidgeot||Pidgeotite|TangledFeet|Hurricane,HeatWave,Tailwind,Protect|Modest||F|||50|]Venusaur||WideLens|Chlorophyll|LeafStorm,SludgeBomb,SleepPowder,Protect|Modest||M|||50|]Mamoswine||FocusSash|Oblivious|IceShard,Earthquake,HighHorsepower,Protect|Adamant||M|||50|]Ninetales||LifeOrb|Drought|HeatWave,Encore,HelpingHand,Protect|Timid||F|||50|]Sneasler||WhiteHerb|Unburden|FakeOut,DireClaw,CloseCombat,Protect|Adamant||M|||50|]Basculegion||ChoiceScarf|Adaptability|WaveCrash,AquaJet,LastRespects,FlipTurn|Jolly||M|||50|
|
|t:|1784193399
|teamsize|p1|4
|teamsize|p2|4
|start
|switch|p1a: Charizard|Charizard, L50, M|100/100
|switch|p1b: Whimsicott|Whimsicott, L50, F|100/100
|switch|p2a: Sneasler|Sneasler, L50, M|100/100
|switch|p2b: Pidgeot|Pidgeot, L50, F|100/100
|turn|1
|inactive|Battle timer is ON: inactive players will automatically lose when time's up. (requested by zhz2021)
|
|t:|1784193410
|detailschange|p2b: Pidgeot|Pidgeot-Mega, L50, F
|-mega|p2b: Pidgeot|Pidgeot|Pidgeotite
|move|p1b: Whimsicott|Protect|p1b: Whimsicott
|-singleturn|p1b: Whimsicott|Protect
|move|p1a: Charizard|Protect|p1a: Charizard
|-singleturn|p1a: Charizard|Protect
|move|p2a: Sneasler|Fake Out|p1b: Whimsicott
|-activate|p1b: Whimsicott|move: Protect
|move|p2b: Pidgeot|Tailwind|p2b: Pidgeot
|-sidestart|p2: zhz2021|move: Tailwind
|
|upkeep
|turn|2
|
|t:|1784193429
|detailschange|p1a: Charizard|Charizard-Mega-Y, L50, M
|-mega|p1a: Charizard|Charizard|Charizardite Y
|-weather|SunnyDay|[from] ability: Drought|[of] p1a: Charizard
|move|p1b: Whimsicott|Tailwind|p1b: Whimsicott
|-sidestart|p1: owbd|move: Tailwind
|move|p2b: Pidgeot|Hurricane|p1a: Charizard
|-damage|p1a: Charizard|37/100
|move|p2a: Sneasler|Dire Claw|p1a: Charizard
|-damage|p1a: Charizard|0 fnt
|faint|p1a: Charizard
|
|-weather|SunnyDay|[upkeep]
|upkeep
|
|t:|1784193442
|switch|p1a: Garchomp|Garchomp, L50, M|100/100
|turn|3
|
|t:|1784193453
|move|p1b: Whimsicott|Encore|p2a: Sneasler
|-start|p2a: Sneasler|Encore
|move|p2b: Pidgeot|Hurricane|p1a: Garchomp
|-damage|p1a: Garchomp|26/100
|move|p2a: Sneasler|Dire Claw|p1b: Whimsicott
|-supereffective|p1b: Whimsicott|2
|-enditem|p1b: Whimsicott|Focus Sash
|-damage|p1b: Whimsicott|1/100
|move|p1a: Garchomp|Rock Slide|p2a: Sneasler|[spread] p2a,p2b
|-resisted|p2a: Sneasler|1
|-supereffective|p2b: Pidgeot|1
|-damage|p2a: Sneasler|84/100
|-damage|p2b: Pidgeot|50/100g
|
|-weather|SunnyDay|[upkeep]
|upkeep
|turn|4
|inactive|owbd has 30 seconds left.
|
|t:|1784193484
|move|p1b: Whimsicott|Moonblast|p2a: Sneasler
|-damage|p2a: Sneasler|35/100
|move|p2b: Pidgeot|Heat Wave|p1b: Whimsicott|[spread] p1a,p1b
|-resisted|p1a: Garchomp|1
|-crit|p1a: Garchomp
|-supereffective|p1b: Whimsicott|1
|-crit|p1b: Whimsicott
|-damage|p1a: Garchomp|0 fnt
|-damage|p1b: Whimsicott|0 fnt
|faint|p1a: Garchomp
|faint|p1b: Whimsicott
|move|p2a: Sneasler|Dire Claw|p1: Garchomp|[notarget]
|-fail|p2a: Sneasler
|
|-weather|SunnyDay|[upkeep]
|-sideend|p2: zhz2021|move: Tailwind
|upkeep
|
|t:|1784193496
|switch|p1b: Basculegion|Basculegion, L50, M|100/100
|turn|5
|
|t:|1784193506
|move|p2b: Pidgeot|Protect|p2b: Pidgeot
|-singleturn|p2b: Pidgeot|Protect
|move|p1b: Basculegion|Last Respects|p2a: Sneasler
|-damage|p2a: Sneasler|0 fnt
|faint|p2a: Sneasler
|-damage|p1b: Basculegion|90/100|[from] item: Life Orb
|
|-weather|SunnyDay|[upkeep]
|-sideend|p1: owbd|move: Tailwind
|upkeep
|
|t:|1784193514
|switch|p2a: Venusaur|Venusaur, L50, M|100/100
|turn|6
|
|t:|1784193522
|move|p2a: Venusaur|Leaf Storm|p1b: Basculegion
|-supereffective|p1b: Basculegion|1
|-damage|p1b: Basculegion|0 fnt
|-unboost|p2a: Venusaur|spa|2
|faint|p1b: Basculegion
|
|win|zhz2021
|raw|owbd's rating: 1193 → 1163(-30 for losing)
|raw|zhz2021's rating: 1120 → 1150(+30 for winning)
|l|☆zhz2021
|player|p2|
