|j|☆Giocostorto
|j|☆AdolfoLV95
|html|GiocostortoAdolfoLV95    
|uhtml|bestof|Game 1 of a best-of-3
|t:|1756927985
|gametype|doubles
|player|p1|Giocostorto|palmer|1134
|player|p2|AdolfoLV95|guitarist-gen4|1050
|gen|9
|tier|[Gen 9] VGC 2025 Reg H (Bo3)
|rated|
|rule|Species Clause: Limit one of each Pokémon
|rule|Item Clause: Limit 1 of each item
|clearpoke
|poke|p1|Misdreavus, L50, M|
|poke|p1|Gothitelle, L50, F|
|poke|p1|Amoonguss, L50, F|
|poke|p1|Incineroar, L50, M|
|poke|p1|Primarina, L50, M|
|poke|p1|Ursaluna, L50, M|
|poke|p2|Pelipper, L50, F|
|poke|p2|Archaludon, L50, F|
|poke|p2|Basculegion, L50, M|
|poke|p2|Sinistcha, L50|
|poke|p2|Ursaluna, L50, F|
|poke|p2|Kingambit, L50, F|
|teampreview|4
|showteam|p1|Misdreavus||Eviolite|Levitate|Protect,PerishSong,TrickRoom,ShadowBall|||M|||50|,,,,,Fire]Gothitelle||SafetyGoggles|ShadowTag|Protect,Psychic,TrickRoom,FakeOut|||F|||50|,,,,,Water]Amoonguss||MentalHerb|Regenerator|Protect,Spore,RagePowder,PollenPuff|||F|||50|,,,,,Water]Incineroar||MirrorHerb|Intimidate|Protect,FlareBlitz,FakeOut,PartingShot|||M|||50|,,,,,Grass]Primarina||SitrusBerry|LiquidVoice|Protect,Moonblast,PerishSong,HyperVoice|||M|||50|,,,,,Steel]Ursaluna||FlameOrb|Guts|Protect,HeadlongRush,Earthquake,Facade|||M|||50|,,,,,Ghost
|showteam|p2|Pelipper||FocusSash|Drizzle|Hurricane,Tailwind,Protect,MuddyWater|||F|||50|,,,,,Grass]Archaludon||AssaultVest|Stamina|FlashCannon,BodyPress,ElectroShot,DracoMeteor|||F|||50|,,,,,Bug]Basculegion||LifeOrb|SwiftSwim|AquaJet,LastRespects,WaveCrash,Protect|||M|||50|,,,,,Water]Sinistcha||SitrusBerry|Hospitality|MatchaGotcha,RagePowder,LifeDew,TrickRoom||||||50|,,,,,Dark]Ursaluna||FlameOrb|Guts|Facade,Earthquake,StompingTantrum,Protect|||F|||50|,,,,,Ghost]Kingambit||BlackGlasses|Defiant|KowtowCleave,Protect,SwordsDance,SuckerPunch|||F|||50|,,,,,Dark
|inactive|Battle timer is ON: inactive players will automatically lose when time's up. (requested by Giocostorto)
|inactive|Giocostorto has 60 seconds left.
|inactive|AdolfoLV95 has 60 seconds left.
|
|t:|1756928041
|teamsize|p1|4
|teamsize|p2|4
|start
|switch|p1a: Amoonguss|Amoonguss, L50, F|100/100
|switch|p1b: Incineroar|Incineroar, L50, M|100/100
|switch|p2a: Pelipper|Pelipper, L50, F|100/100
|switch|p2b: Kingambit|Kingambit, L50, F, shiny|100/100
|-weather|RainDance|[from] ability: Drizzle|[of] p2a: Pelipper
|-ability|p1b: Incineroar|Intimidate|boost
|-unboost|p2a: Pelipper|atk|1
|-unboost|p2b: Kingambit|atk|1
|-ability|p2b: Kingambit|Defiant|boost
|-boost|p2b: Kingambit|atk|2
|-enditem|p1b: Incineroar|Mirror Herb
|-boost|p1b: Incineroar|atk|2|[from] item: Mirror Herb
|turn|1
|inactive|Giocostorto has 30 seconds left.
|inactive|AdolfoLV95 has 30 seconds left.
|inactive|Giocostorto has 20 seconds left.
|inactive|AdolfoLV95 has 20 seconds left.
|
|t:|1756928078
|switch|p2b: Sinistcha|Sinistcha, L50|100/100
|move|p2a: Pelipper|Protect|p2a: Pelipper
|-singleturn|p2a: Pelipper|Protect
|move|p1b: Incineroar|Fake Out|p2a: Pelipper
|-activate|p2a: Pelipper|move: Protect
|move|p1a: Amoonguss|Spore|p2b: Sinistcha
|-immune|p2b: Sinistcha
|
|-weather|RainDance|[upkeep]
|upkeep
|turn|2
|inactive|Giocostorto has 30 seconds left.
|inactive|AdolfoLV95 has 30 seconds left.
|
|t:|1756928111
|-terastallize|p2b: Sinistcha|Dark
|-terastallize|p1b: Incineroar|Grass
|move|p2b: Sinistcha|Rage Powder|p2b: Sinistcha
|-singleturn|p2b: Sinistcha|move: Rage Powder
|move|p2a: Pelipper|Tailwind|p2a: Pelipper
|-sidestart|p2: AdolfoLV95|move: Tailwind
|move|p1b: Incineroar|Flare Blitz|p2b: Sinistcha
|-damage|p2b: Sinistcha|67/100
|-damage|p1b: Incineroar|91/100|[from] Recoil
|move|p1a: Amoonguss|Pollen Puff|p1b: Incineroar
|-heal|p1b: Incineroar|100/100
|
|-weather|RainDance|[upkeep]
|upkeep
|turn|3
|inactive|Giocostorto has 30 seconds left.
|inactive|AdolfoLV95 has 30 seconds left.
|
|t:|1756928146
|switch|p2b: Kingambit|Kingambit, L50, F, shiny|100/100
|move|p1b: Incineroar|Protect|p1b: Incineroar
|-singleturn|p1b: Incineroar|Protect
|move|p2a: Pelipper|Muddy Water|p1b: Incineroar|[spread] p1a
|-activate|p1b: Incineroar|move: Protect
|-resisted|p1a: Amoonguss
|-damage|p1a: Amoonguss|81/100
|move|p1a: Amoonguss|Spore|p2a: Pelipper
|-status|p2a: Pelipper|slp|[from] move: Spore
|
|-weather|RainDance|[upkeep]
|upkeep
|turn|4
|inactive|AdolfoLV95 has 30 seconds left.
|
|t:|1756928174
|cant|p2a: Pelipper|slp
|move|p2b: Kingambit|Swords Dance|p2b: Kingambit
|-boost|p2b: Kingambit|atk|2
|move|p1b: Incineroar|Flare Blitz|p2a: Pelipper
|-resisted|p2a: Pelipper
|-damage|p2a: Pelipper|70/100 slp
|-damage|p1b: Incineroar|94/100|[from] Recoil
|move|p1a: Amoonguss|Spore|p2b: Kingambit
|-status|p2b: Kingambit|slp|[from] move: Spore
|
|-weather|RainDance|[upkeep]
|upkeep
|turn|5
|
|t:|1756928189
|cant|p2a: Pelipper|slp
|cant|p2b: Kingambit|slp
|move|p1a: Amoonguss|Rage Powder|p1a: Amoonguss
|-singleturn|p1a: Amoonguss|move: Rage Powder
|move|p1b: Incineroar|Flare Blitz|p2b: Kingambit
|-supereffective|p2b: Kingambit
|-damage|p2b: Kingambit|28/100 slp
|-damage|p1b: Incineroar|69/100|[from] Recoil
|
|-weather|none
|-sideend|p2: AdolfoLV95|move: Tailwind
|upkeep
|turn|6
|
|t:|1756928211
|switch|p2a: Archaludon|Archaludon, L50, F|100/100
|move|p1a: Amoonguss|Rage Powder|p1a: Amoonguss
|-singleturn|p1a: Amoonguss|move: Rage Powder
|move|p1b: Incineroar|Flare Blitz|p2a: Archaludon
|-damage|p2a: Archaludon|37/100
|-ability|p2a: Archaludon|Stamina|boost
|-boost|p2a: Archaludon|def|1
|-damage|p1b: Incineroar|49/100|[from] Recoil
|cant|p2b: Kingambit|slp
|
|upkeep
|turn|7
|inactive|Giocostorto has 30 seconds left.
|
|t:|1756928238
|switch|p2a: Pelipper|Pelipper, L50, F|70/100 slp
|-weather|RainDance|[from] ability: Drizzle|[of] p2a: Pelipper
|move|p1a: Amoonguss|Rage Powder|p1a: Amoonguss
|-singleturn|p1a: Amoonguss|move: Rage Powder
|-curestatus|p2b: Kingambit|slp|[msg]
|move|p2b: Kingambit|Sucker Punch||[still]
|-fail|p2b: Kingambit
|move|p1b: Incineroar|Flare Blitz|p2b: Kingambit
|-supereffective|p2b: Kingambit
|-damage|p2b: Kingambit|0 fnt
|faint|p2b: Kingambit
|-damage|p1b: Incineroar|40/100|[from] Recoil
|
|-weather|RainDance|[upkeep]
|upkeep
|
|t:|1756928255
|switch|p2b: Archaludon|Archaludon, L50, F|37/100
|turn|8
|
|t:|1756928271
|move|p1b: Incineroar|Protect|p1b: Incineroar
|-singleturn|p1b: Incineroar|Protect
|cant|p2a: Pelipper|slp
|move|p2b: Archaludon|Draco Meteor|p1a: Amoonguss
|-damage|p1a: Amoonguss|22/100
|-unboost|p2b: Archaludon|spa|2
|move|p1a: Amoonguss|Spore|p2b: Archaludon
|-status|p2b: Archaludon|slp|[from] move: Spore
|
|-weather|RainDance|[upkeep]
|upkeep
|turn|9
|
|t:|1756928290
|switch|p2b: Sinistcha|Sinistcha, L50, tera:Dark|67/100
|-heal|p2a: Pelipper|95/100 slp|[from] ability: Hospitality|[of] p2b: Sinistcha
|switch|p1a: Misdreavus|Misdreavus, L50, M|100/100
|-curestatus|p2a: Pelipper|slp|[msg]
|move|p2a: Pelipper|Tailwind|p2a: Pelipper
|-sidestart|p2: AdolfoLV95|move: Tailwind
|move|p1b: Incineroar|Parting Shot|p2b: Sinistcha
|-unboost|p2b: Sinistcha|atk|1
|-unboost|p2b: Sinistcha|spa|1
|
|t:|1756928301
|switch|p1b: Gothitelle|Gothitelle, L50, F|100/100|[from] Parting Shot
|
|-weather|RainDance|[upkeep]
|upkeep
|turn|10
|
|t:|1756928318
|move|p1b: Gothitelle|Fake Out|p2a: Pelipper
|-damage|p2a: Pelipper|88/100
|cant|p2a: Pelipper|flinch
|move|p1a: Misdreavus|Perish Song|p1a: Misdreavus
|-start|p1a: Misdreavus|perish3|[silent]
|-start|p1b: Gothitelle|perish3|[silent]
|-start|p2a: Pelipper|perish3|[silent]
|-start|p2b: Sinistcha|perish3|[silent]
|-fieldactivate|move: Perish Song
|move|p2b: Sinistcha|Trick Room|p2b: Sinistcha
|-fieldstart|move: Trick Room|[of] p2b: Sinistcha
|
|-weather|RainDance|[upkeep]
|-start|p1b: Gothitelle|perish3
|-start|p1a: Misdreavus|perish3
|-start|p2b: Sinistcha|perish3
|-start|p2a: Pelipper|perish3
|upkeep
|turn|11
|inactive|Giocostorto has 30 seconds left.
|inactive|AdolfoLV95 has 30 seconds left.
|
|t:|1756928351
|switch|p1a: Incineroar|Incineroar, L50, M, tera:Grass|40/100
|-ability|p1a: Incineroar|Intimidate|boost
|-unboost|p2a: Pelipper|atk|1
|-unboost|p2b: Sinistcha|atk|1
|move|p1b: Gothitelle|Protect|p1b: Gothitelle
|-singleturn|p1b: Gothitelle|Protect
|move|p2b: Sinistcha|Matcha Gotcha|p1b: Gothitelle|[spread] p1a
|-activate|p1b: Gothitelle|move: Protect
|-resisted|p1a: Incineroar
|-damage|p1a: Incineroar|33/100
|-heal|p2b: Sinistcha|71/100|[from] drain|[of] p1a: Incineroar
|-status|p1a: Incineroar|brn
|move|p2a: Pelipper|Muddy Water|p1b: Gothitelle|[spread] p1a
|-activate|p1b: Gothitelle|move: Protect
|-resisted|p1a: Incineroar
|-damage|p1a: Incineroar|15/100 brn
|-unboost|p1a: Incineroar|accuracy|1
|
|-weather|none
|-damage|p1a: Incineroar|9/100 brn|[from] brn
|-start|p1b: Gothitelle|perish2
|-start|p2b: Sinistcha|perish2
|-start|p2a: Pelipper|perish2
|upkeep
|turn|12
|-message|AdolfoLV95 forfeited.
|
|win|Giocostorto
