|j|☆atmhools1
|j|☆Mortipherus
|html|atmhools1Mortipherus    
|uhtml|bestof|Game 1 of a best-of-3
|t:|1756579158
|gametype|doubles
|player|p1|atmhools1|2|1017
|player|p2|Mortipherus|biker-gen4|1058
|gen|9
|tier|[Gen 9] VGC 2025 Reg H (Bo3)
|rated|
|rule|Species Clause: Limit one of each Pokémon
|rule|Item Clause: Limit 1 of each item
|clearpoke
|poke|p1|Whimsicott, L50, F|
|poke|p1|Ursaluna-Bloodmoon, L50, M|
|poke|p1|Farigiraf, L50, F|
|poke|p1|Typhlosion-Hisui, L50, F|
|poke|p1|Rillaboom, L50, F|
|poke|p1|Incineroar, L50, M|
|poke|p2|Hydrapple, L50, F|
|poke|p2|Arcanine-Hisui, L50, M|
|poke|p2|Gholdengo, L50|
|poke|p2|Electabuzz, L50, F|
|poke|p2|Indeedee, L50, M|
|poke|p2|Sneasler, L50, M|
|teampreview|4
|showteam|p1|Whimsicott||CovertCloak|Prankster|Moonblast,Taunt,Tailwind,Encore|||F|||50|,,,,,Grass]Ursaluna-Bloodmoon||LifeOrb|MindsEye|BloodMoon,HyperVoice,EarthPower,Protect|||M|||50|,,,,,Normal]Farigiraf||SitrusBerry|ArmorTail|Psychic,HyperVoice,HelpingHand,TrickRoom|||F|||50|,,,,,Normal]Typhlosion-Hisui||ClearAmulet|Blaze|Eruption,InfernalParade,Flamethrower,Protect|||F|||50|,,,,,Fire]Rillaboom||AssaultVest|GrassySurge|WoodHammer,GrassyGlide,Uturn,FakeOut|||F|||50|,,,,,Fire]Incineroar||SafetyGoggles|Intimidate|FlareBlitz,KnockOff,PartingShot,FakeOut|||M|||50|,,,,,Ghost
|showteam|p2|Hydrapple||AssaultVest|Regenerator|FickleBeam,EnergyBall,EarthPower,BreakingSwipe|||F|||50|,,,,,Ground]Arcanine-Hisui||ClearAmulet|Intimidate|Protect,ExtremeSpeed,FlareBlitz,RockSlide|||M|||50|,,,,,Grass]Gholdengo||LifeOrb|GoodasGold|Protect,NastyPlot,MakeItRain,ShadowBall||||||50|,,,,,Flying]Electabuzz||Eviolite|VitalSpirit|Protect,FollowMe,Taunt,Electroweb|||F|||50|,,,,,Dragon]Indeedee||FocusSash|PsychicSurge|Protect,TrickRoom,ExpandingForce,TeraBlast|||M|||50|,,,,,Ground]Sneasler||PsychicSeed|Unburden|Protect,ThroatChop,DireClaw,CloseCombat|||M|||50|,,,,,Dark
|inactive|Battle timer is ON: inactive players will automatically lose when time's up. (requested by atmhools1)
|
|t:|1756579189
|teamsize|p1|4
|teamsize|p2|4
|start
|switch|p1a: Whimsicott|Whimsicott, L50, F|100/100
|switch|p1b: Typhlosion|Typhlosion-Hisui, L50, F|100/100
|switch|p2a: Arcanine|Arcanine-Hisui, L50, M|100/100
|switch|p2b: Sneasler|Sneasler, L50, M|100/100
|-ability|p2a: Arcanine|Intimidate|boost
|-unboost|p1a: Whimsicott|atk|1
|-fail|p1b: Typhlosion|unboost|[from] item: Clear Amulet|[of] p1b: Typhlosion
|turn|1
|inactive|atmhools1 has 30 seconds left.
|inactive|Mortipherus has 30 seconds left.
|inactive|atmhools1 has 20 seconds left.
|
|t:|1756579225
|move|p2b: Sneasler|Protect|p2b: Sneasler
|-singleturn|p2b: Sneasler|Protect
|move|p1b: Typhlosion|Protect|p1b: Typhlosion
|-singleturn|p1b: Typhlosion|Protect
|move|p1a: Whimsicott|Tailwind|p1a: Whimsicott
|-sidestart|p1: atmhools1|move: Tailwind
|move|p2a: Arcanine|Flare Blitz|p1a: Whimsicott
|-supereffective|p1a: Whimsicott
|-damage|p1a: Whimsicott|0 fnt
|faint|p1a: Whimsicott
|-damage|p2a: Arcanine|77/100|[from] Recoil
|
|upkeep
|
|t:|1756579235
|switch|p1a: Incineroar|Incineroar, L50, M|100/100
|-ability|p1a: Incineroar|Intimidate|boost
|-fail|p2a: Arcanine|unboost|[from] item: Clear Amulet|[of] p2a: Arcanine
|-unboost|p2b: Sneasler|atk|1
|turn|2
|
|t:|1756579246
|switch|p2b: Indeedee|Indeedee, L50, M|100/100
|-fieldstart|move: Psychic Terrain|[from] ability: Psychic Surge|[of] p2b: Indeedee
|move|p1b: Typhlosion|Eruption|p2a: Arcanine|[spread] p2a,p2b
|-resisted|p2a: Arcanine
|-damage|p2a: Arcanine|64/100
|-damage|p2b: Indeedee|25/100
|move|p1a: Incineroar|Knock Off|p2a: Arcanine
|-damage|p2a: Arcanine|22/100
|-enditem|p2a: Arcanine|Clear Amulet|[from] move: Knock Off|[of] p1a: Incineroar
|move|p2a: Arcanine|Rock Slide|p1a: Incineroar|[spread] p1a,p1b
|-supereffective|p1a: Incineroar
|-supereffective|p1b: Typhlosion
|-damage|p1a: Incineroar|56/100
|-damage|p1b: Typhlosion|30/100
|
|upkeep
|turn|3
|
|t:|1756579268
|move|p2b: Indeedee|Protect|p2b: Indeedee
|-singleturn|p2b: Indeedee|Protect
|move|p2a: Arcanine|Protect|p2a: Arcanine
|-singleturn|p2a: Arcanine|Protect
|move|p1b: Typhlosion|Eruption|p2a: Arcanine|[spread] 
|-activate|p2a: Arcanine|move: Protect
|-activate|p2b: Indeedee|move: Protect
|move|p1a: Incineroar|Parting Shot|p2a: Arcanine
|-activate|p2a: Arcanine|move: Protect
|
|upkeep
|turn|4
|
|t:|1756579287
|move|p1b: Typhlosion|Eruption|p2b: Indeedee|[spread] p2a,p2b
|-resisted|p2a: Arcanine
|-damage|p2a: Arcanine|16/100
|-damage|p2b: Indeedee|0 fnt
|faint|p2b: Indeedee
|move|p1a: Incineroar|Parting Shot|p2a: Arcanine
|-unboost|p2a: Arcanine|atk|1
|-unboost|p2a: Arcanine|spa|1
|
|t:|1756579291
|switch|p1a: Ursaluna|Ursaluna-Bloodmoon, L50, M|100/100|[from] Parting Shot
|move|p2a: Arcanine|Rock Slide|p1a: Ursaluna|[spread] p1a,p1b
|-resisted|p1a: Ursaluna
|-supereffective|p1b: Typhlosion
|-damage|p1a: Ursaluna|95/100
|-damage|p1b: Typhlosion|0 fnt
|faint|p1b: Typhlosion
|
|-sideend|p1: atmhools1|move: Tailwind
|upkeep
|
|t:|1756579305
|switch|p2b: Hydrapple|Hydrapple, L50, F|100/100
|switch|p1b: Incineroar|Incineroar, L50, M|56/100
|-ability|p1b: Incineroar|Intimidate|boost
|-unboost|p2a: Arcanine|atk|1
|-unboost|p2b: Hydrapple|atk|1
|turn|5
|
|t:|1756579320
|move|p2a: Arcanine|Protect|p2a: Arcanine
|-singleturn|p2a: Arcanine|Protect
|move|p1a: Ursaluna|Blood Moon|p2b: Hydrapple
|-damage|p2b: Hydrapple|46/100
|-damage|p1a: Ursaluna|85/100|[from] item: Life Orb
|move|p1b: Incineroar|Knock Off|p2a: Arcanine
|-activate|p2a: Arcanine|move: Protect
|move|p2b: Hydrapple|Energy Ball|p1a: Ursaluna
|-supereffective|p1a: Ursaluna
|-damage|p1a: Ursaluna|0 fnt
|faint|p1a: Ursaluna
|
|upkeep
|turn|6
|-message|atmhools1 forfeited.
|
|win|Mortipherus
|l|☆atmhools1
|player|p1|
||atmhools1 is ready for game 2.
|inactive|Mortipherus has 30 seconds to confirm battle start!
