|j|☆Googy11
|j|☆starcrashvgc
|html|Googy11starcrashvgc    
|uhtml|bestof|Game 3 of a best-of-3
|t:|1783481095
|gametype|doubles
|player|p1|Googy11|ethan|
|player|p2|starcrashvgc|2|
|gen|9
|tier|[Gen 9 Champions] VGC 2026 Reg M-B (Bo3)
|rule|Species Clause: Limit one of each Pokémon
|rule|Item Clause: Limit 1 of each item
|clearpoke
|poke|p1|Sceptile, L50, M|
|poke|p1|Rotom-Heat, L50|
|poke|p1|Basculegion, L50, M|
|poke|p1|Gardevoir, L50, F, shiny|
|poke|p1|Mamoswine, L50, F|
|poke|p1|Tinkaton, L50, F|
|poke|p2|Krookodile, L50, M|
|poke|p2|Charizard, L50, M|
|poke|p2|Rotom-Wash, L50|
|poke|p2|Mimikyu, L50, F|
|poke|p2|Venusaur, L50, M|
|poke|p2|Goodra-Hisui, L50, M|
|teampreview|4
|showteam|p1|Sceptile||Sceptilite|Overgrow|RockTomb,EarthPower,EnergyBall,Detect|Lonely||M|||50|]Rotom-Heat||ChoiceScarf|Levitate|Electroweb,Discharge,Overheat,RainDance|Timid|||||50|]Basculegion||LifeOrb|Adaptability|WaveCrash,AquaJet,LastRespects,Protect|Adamant||M|||50|]Gardevoir||Gardevoirite|Synchronize|HyperVoice,Psyshock,TrickRoom,Protect|Modest||F|||50|]Mamoswine||FocusSash|Oblivious|RockSlide,IceShard,HighHorsepower,IcicleCrash|Jolly||F|||50|]Tinkaton||SitrusBerry|MoldBreaker|FakeOut,GigatonHammer,RockSlide,FakeTears|Adamant||F|||50|
|showteam|p2|Krookodile||ChopleBerry|Intimidate|Earthquake,Taunt,KnockOff,Protect|Adamant||M|||50|]Charizard||CharizarditeY|SolarPower|HeatWave,WeatherBall,SolarBeam,Protect|Timid||M|||50|]Rotom-Wash||ChoiceScarf|Levitate|HydroPump,VoltSwitch,Trick,Electroweb|Timid|||||50|]Mimikyu||LifeOrb|Disguise|PlayRough,ShadowClaw,ShadowSneak,Protect|Adamant||F|||50|]Venusaur||FocusSash|Chlorophyll|SludgeBomb,SleepPowder,LeafStorm,Protect|Modest||M|||50|]Goodra-Hisui||Leftovers|ShellArmor|DracoMeteor,Shelter,BodyPress,Protect|Sassy||M|||50|
|
|t:|1783481117
|teamsize|p1|4
|teamsize|p2|4
|start
|switch|p1a: Gardevoir|Gardevoir, L50, F, shiny|100/100
|switch|p1b: Tinkaton|Tinkaton, L50, F|100/100
|switch|p2a: Charizard|Charizard, L50, M|100/100
|switch|p2b: Venusaur|Venusaur, L50, M|100/100
|-ability|p1b: Tinkaton|Mold Breaker
|turn|1
|
|t:|1783481163
|detailschange|p2a: Charizard|Charizard-Mega-Y, L50, M
|-mega|p2a: Charizard|Charizard|Charizardite Y
|-weather|SunnyDay|[from] ability: Drought|[of] p2a: Charizard
|detailschange|p1a: Gardevoir|Gardevoir-Mega, L50, F, shiny
|-mega|p1a: Gardevoir|Gardevoir|Gardevoirite
|move|p1b: Tinkaton|Fake Out|p2b: Venusaur
|-damage|p2b: Venusaur|84/100
|cant|p2b: Venusaur|flinch
|move|p2a: Charizard|Heat Wave|p1b: Tinkaton|[spread] p1b
|-miss|p2a: Charizard|p1a: Gardevoir
|-supereffective|p1b: Tinkaton|1
|-damage|p1b: Tinkaton|0 fnt
|faint|p1b: Tinkaton
|move|p1a: Gardevoir|Trick Room|p1a: Gardevoir
|-fieldstart|move: Trick Room|[of] p1a: Gardevoir
|
|-weather|SunnyDay|[upkeep]
|upkeep
|
|t:|1783481178
|switch|p1b: Mamoswine|Mamoswine, L50, F|100/100
|turn|2
|
|t:|1783481223
|switch|p2a: Mimikyu|Mimikyu, L50, F|100/100
|move|p2b: Venusaur|Protect|p2b: Venusaur
|-singleturn|p2b: Venusaur|Protect
|move|p1a: Gardevoir|Psyshock|p2b: Venusaur
|-activate|p2b: Venusaur|move: Protect
|move|p1b: Mamoswine|Rock Slide|p2b: Venusaur|[spread] p2a
|-activate|p2b: Venusaur|move: Protect
|-activate|p2a: Mimikyu|ability: Disguise
|-damage|p2a: Mimikyu|100/100
|detailschange|p2a: Mimikyu|Mimikyu-Busted, L50, F
|-damage|p2a: Mimikyu|87/100|[from] pokemon: Mimikyu-Busted
|
|-weather|SunnyDay|[upkeep]
|upkeep
|turn|3
|
|t:|1783481286
|move|p1a: Gardevoir|Protect|p1a: Gardevoir
|-singleturn|p1a: Gardevoir|Protect
|move|p2a: Mimikyu|Shadow Sneak|p1a: Gardevoir
|-activate|p1a: Gardevoir|move: Protect
|move|p1b: Mamoswine|Icicle Crash|p2b: Venusaur
|-supereffective|p2b: Venusaur|1
|-damage|p2b: Venusaur|0 fnt
|faint|p2b: Venusaur
|
|-weather|SunnyDay|[upkeep]
|upkeep
|
|t:|1783481297
|switch|p2b: Charizard|Charizard-Mega-Y, L50, M|100/100
|turn|4
|
|t:|1783481319
|move|p2b: Charizard|Protect|p2b: Charizard
|-singleturn|p2b: Charizard|Protect
|move|p2a: Mimikyu|Shadow Sneak|p1a: Gardevoir
|-supereffective|p1a: Gardevoir|1
|-damage|p1a: Gardevoir|27/100
|-damage|p2a: Mimikyu|78/100|[from] item: Life Orb
|move|p1a: Gardevoir|Hyper Voice|p2a: Mimikyu|[spread] p2a
|-activate|p2b: Charizard|move: Protect
|-damage|p2a: Mimikyu|5/100
|move|p1b: Mamoswine|Rock Slide|p2a: Mimikyu|[spread] 
|-activate|p2b: Charizard|move: Protect
|-miss|p1b: Mamoswine|p2a: Mimikyu
|
|-weather|SunnyDay|[upkeep]
|upkeep
|turn|5
|
|t:|1783481338
|switch|p1a: Rotom|Rotom-Heat, L50|100/100
|switch|p2b: Rotom|Rotom-Wash, L50|100/100
|move|p2a: Mimikyu|Shadow Sneak|p1b: Mamoswine
|-damage|p1b: Mamoswine|70/100
|-damage|p2a: Mimikyu|0 fnt|[from] item: Life Orb
|faint|p2a: Mimikyu
|move|p1b: Mamoswine|Rock Slide|p2b: Rotom
|-damage|p2b: Rotom|69/100
|
|-weather|none
|-fieldend|move: Trick Room
|upkeep
|
|t:|1783481349
|switch|p2a: Charizard|Charizard-Mega-Y, L50, M|100/100
|-weather|SunnyDay|[from] ability: Drought|[of] p2a: Charizard
|turn|6
|
|t:|1783481405
|move|p1a: Rotom|Electroweb|p2a: Charizard|[spread] p2a,p2b
|-supereffective|p2a: Charizard|1
|-damage|p2a: Charizard|71/100
|-damage|p2b: Rotom|51/100
|-unboost|p2a: Charizard|spe|1
|-unboost|p2b: Rotom|spe|1
|move|p1b: Mamoswine|Rock Slide|p2a: Charizard|[spread] p2a,p2b
|-supereffective|p2a: Charizard|2
|-damage|p2a: Charizard|0 fnt
|-damage|p2b: Rotom|26/100
|faint|p2a: Charizard
|move|p2b: Rotom|Hydro Pump|p1a: Rotom
|-supereffective|p1a: Rotom|1
|-crit|p1a: Rotom
|-damage|p1a: Rotom|22/100
|
|-weather|SunnyDay|[upkeep]
|upkeep
|turn|7
|
|t:|1783481421
|move|p1a: Rotom|Electroweb|p2b: Rotom
|-damage|p2b: Rotom|0 fnt
|faint|p2b: Rotom
|
|win|Googy11
|c|☆starcrashvgc|gg
|c|☆Googy11|gg
