|badge|p2|bronze|gen9randombattle|100-10
|uhtml|medal-msg|Curious what those medals under the avatar are? PS now has Ladder Seasons! For more information, check out the thread on Smogon.
|j|☆Its Sushiii
|j|☆Dandetheheartless
|html|Its SushiiiDandetheheartless    
|uhtml|bestof|Game 2 of a best-of-3
|t:|1784668752
|gametype|doubles
|player|p1|Its Sushiii|102|1396
|player|p2|Dandetheheartless|winona|1562
|gen|9
|tier|[Gen 9 Champions] VGC 2026 Reg M-B (Bo3)
|rated|
|rule|Species Clause: Limit one of each Pokémon
|rule|Item Clause: Limit 1 of each item
|clearpoke
|poke|p1|Excadrill, L50, M, shiny|
|poke|p1|Tyranitar, L50, M|
|poke|p1|Farigiraf, L50, M|
|poke|p1|Sylveon, L50, F|
|poke|p1|Charizard, L50, M|
|poke|p1|Hydreigon, L50, F|
|poke|p2|Gholdengo, L50|
|poke|p2|Raichu, L50, M|
|poke|p2|Basculegion, L50, M|
|poke|p2|Incineroar, L50, M|
|poke|p2|Ninetales-Alola, L50, M|
|poke|p2|Whimsicott, L50, M|
|teampreview|4
|showteam|p1|Excadrill||FocusSash|SandRush|IronHead,HighHorsepower,RockSlide,Protect|Adamant||M|||50|]Tyranitar||Tyranitarite|SandStream|RockSlide,KnockOff,LowKick,Protect|Adamant||M|||50|]Farigiraf||SitrusBerry|ArmorTail|Psychic,Thunderbolt,TrickRoom,Protect|Relaxed||M|||50|]Sylveon||LifeOrb|Pixilate|HyperVoice,HyperBeam,QuickAttack,Detect|Modest||F|||50|]Charizard||CharizarditeY|Blaze|HeatWave,SolarBeam,WeatherBall,Protect|Modest||M|||50|]Hydreigon||ChoiceScarf|Levitate|DarkPulse,DracoMeteor,EarthPower,Snarl|Modest||F|||50|
|showteam|p2|Gholdengo||LifeOrb|GoodasGold|ShadowBall,MakeItRain,NastyPlot,Protect|Modest|||||50|]Raichu||RaichuniteY|LightningRod|ZapCannon,FocusBlast,FakeOut,Protect|Timid||M|||50|]Basculegion||MysticWater|Adaptability|WaveCrash,AquaJet,LastRespects,Protect|Adamant||M|||50|]Incineroar||SitrusBerry|Intimidate|FlareBlitz,ThroatChop,PartingShot,FakeOut|Impish||M|||50|]Ninetales-Alola||NeverMeltIce|SnowWarning|FreezeDry,AuroraVeil,Blizzard,Protect|Timid||M|||50|]Whimsicott||FocusSash|Prankster|Moonblast,Tailwind,Encore,Protect|Timid||M|||50|
|inactive|Battle timer is ON: inactive players will automatically lose when time's up. (requested by Dandetheheartless)
|inactive|Its Sushiii has 60 seconds left.
|inactive|Dandetheheartless has 60 seconds left.
|
|t:|1784668802
|teamsize|p1|4
|teamsize|p2|4
|start
|switch|p1a: Excadrill|Excadrill, L50, M, shiny|100/100
|switch|p1b: Tyranitar|Tyranitar, L50, M|100/100
|switch|p2a: Incineroar|Incineroar, L50, M|100/100
|switch|p2b: Basculegion|Basculegion, L50, M|100/100
|-weather|Sandstorm|[from] ability: Sand Stream|[of] p1b: Tyranitar
|-ability|p2a: Incineroar|Intimidate|boost
|-unboost|p1a: Excadrill|atk|1
|-unboost|p1b: Tyranitar|atk|1
|turn|1
|inactive|Its Sushiii has 30 seconds left.
|inactive|Dandetheheartless has 30 seconds left.
|
|t:|1784668834
|switch|p1b: Hydreigon|Hydreigon, L50, F|100/100
|switch|p2a: Ninetales|Ninetales-Alola, L50, M|100/100
|-weather|Snowscape|[from] ability: Snow Warning|[of] p2a: Ninetales
|move|p1a: Excadrill|High Horsepower|p2a: Ninetales
|-damage|p2a: Ninetales|65/100
|move|p2b: Basculegion|Wave Crash|p1b: Hydreigon
|-resisted|p1b: Hydreigon|1
|-damage|p1b: Hydreigon|43/100
|-damage|p2b: Basculegion|85/100|[from] Recoil
|
|-weather|Snowscape|[upkeep]
|upkeep
|turn|2
|
|t:|1784668858
|switch|p2a: Incineroar|Incineroar, L50, M|100/100
|-ability|p2a: Incineroar|Intimidate|boost
|-unboost|p1a: Excadrill|atk|1
|-unboost|p1b: Hydreigon|atk|1
|move|p2b: Basculegion|Protect|p2b: Basculegion
|-singleturn|p2b: Basculegion|Protect
|move|p1b: Hydreigon|Dark Pulse|p2b: Basculegion
|-activate|p2b: Basculegion|move: Protect
|move|p1a: Excadrill|Iron Head|p2a: Incineroar
|-resisted|p2a: Incineroar|1
|-damage|p2a: Incineroar|91/100
|
|-weather|Snowscape|[upkeep]
|upkeep
|turn|3
|
|t:|1784668874
|switch|p1a: Farigiraf|Farigiraf, L50, M|100/100
|move|p2a: Incineroar|Fake Out||[still]
|cant|p1a: Farigiraf|ability: Armor Tail|Fake Out|[of] p2a: Incineroar
|move|p1b: Hydreigon|Dark Pulse|p2b: Basculegion
|-supereffective|p2b: Basculegion|1
|-damage|p2b: Basculegion|0 fnt
|faint|p2b: Basculegion
|
|-weather|Snowscape|[upkeep]
|upkeep
|
|t:|1784668877
|switch|p2b: Raichu|Raichu, L50, M|100/100
|turn|4
|inactive|Its Sushiii has 30 seconds left.
|
|t:|1784668908
|detailschange|p2b: Raichu|Raichu-Mega-Y, L50, M
|-mega|p2b: Raichu|Raichu|Raichunite Y
|move|p1b: Hydreigon|Dark Pulse|p2b: Raichu
|-damage|p2b: Raichu|41/100
|move|p2b: Raichu|Zap Cannon|p1b: Hydreigon
|-resisted|p1b: Hydreigon|1
|-damage|p1b: Hydreigon|4/100
|-status|p1b: Hydreigon|par
|move|p2a: Incineroar|Throat Chop|p1a: Farigiraf
|-supereffective|p1a: Farigiraf|1
|-damage|p1a: Farigiraf|51/100
|-start|p1a: Farigiraf|Throat Chop|[silent]
|move|p1a: Farigiraf|Psychic|p2b: Raichu
|-damage|p2b: Raichu|0 fnt
|faint|p2b: Raichu
|
|-weather|Snowscape|[upkeep]
|upkeep
|
|t:|1784668913
|switch|p2b: Ninetales|Ninetales-Alola, L50, M|65/100
|turn|5
|inactive|Its Sushiii has 30 seconds left.
|
|t:|1784668941
|switch|p1b: Tyranitar|Tyranitar, L50, M|100/100
|-weather|Sandstorm|[from] ability: Sand Stream|[of] p1b: Tyranitar
|move|p2b: Ninetales|Aurora Veil||[still]
|-fail|p2b: Ninetales
|move|p2a: Incineroar|Throat Chop|p1a: Farigiraf
|-supereffective|p1a: Farigiraf|1
|-damage|p1a: Farigiraf|4/100
|-enditem|p1a: Farigiraf|Sitrus Berry|[eat]
|-heal|p1a: Farigiraf|29/100|[from] item: Sitrus Berry
|move|p1a: Farigiraf|Trick Room|p1a: Farigiraf
|-fieldstart|move: Trick Room|[of] p1a: Farigiraf
|
|-weather|Sandstorm|[upkeep]
|-damage|p1a: Farigiraf|23/100|[from] Sandstorm
|-damage|p2a: Incineroar|85/100|[from] Sandstorm
|-damage|p2b: Ninetales|59/100|[from] Sandstorm
|-end|p1a: Farigiraf|Throat Chop|[silent]
|upkeep
|turn|6
|-message|Dandetheheartless forfeited.
|
|win|Its Sushiii
|l|☆Dandetheheartless
|player|p2|
||Dandetheheartless is ready for game 3.
|inactive|Its Sushiii has 30 seconds to confirm battle start!
||Its Sushiii is ready for game 3.
|uhtml|next|Next: Game 3 of 3
