|j|☆ThePrinceofNT
|j|☆el ferfe
|html|ThePrinceofNTel ferfe    
|uhtml|bestof|Game 1 of a best-of-3
|t:|1782208875
|gametype|doubles
|player|p1|ThePrinceofNT|169|1126
|player|p2|el ferfe|1|1183
|gen|9
|tier|[Gen 9 Champions] VGC 2026 Reg M-B (Bo3)
|rated|
|rule|Species Clause: Limit one of each Pokémon
|rule|Item Clause: Limit 1 of each item
|clearpoke
|poke|p1|Pyroar, L50, F|
|poke|p1|Whimsicott, L50, M|
|poke|p1|Farigiraf, L50, F|
|poke|p1|Torkoal, L50, F|
|poke|p1|Sneasler, L50, M|
|poke|p1|Mawile, L50, F|
|poke|p2|Metagross, L50, shiny|
|poke|p2|Sneasler, L50, F, shiny|
|poke|p2|Floette-Eternal, L50, F, shiny|
|poke|p2|Aerodactyl, L50, F, shiny|
|poke|p2|Hydreigon, L50, M, shiny|
|poke|p2|Incineroar, L50, F, shiny|
|teampreview|4
|showteam|p1|Pyroar||Pyroarite|Rivalry|HeatWave,Overheat,SolarBeam,Protect|Modest||F|||50|]Whimsicott||FocusSash|Prankster|SunnyDay,Tailwind,Moonblast,FakeTears|Modest||M|||50|]Farigiraf||SitrusBerry|ArmorTail|HelpingHand,TrickRoom,TwinBeam,Thunderbolt|Bold||F|||50|]Torkoal||Charcoal|Drought|HeatWave,HelpingHand,Protect,Eruption|Quiet||F|||50|]Sneasler||WhiteHerb|Unburden|CloseCombat,GunkShot,Protect,FakeOut|Adamant||M|||50|]Mawile||Mawilite|Intimidate|SwordsDance,PlayRough,SuckerPunch,Protect|Brave||F|||50|
|showteam|p2|Metagross||Metagrossite|ClearBody|StompingTantrum,IronHead,PsychicFangs,Protect|Jolly|||||50|]Sneasler||WhiteHerb|Unburden|FakeOut,CloseCombat,Coaching,DireClaw|Jolly||F|||50|]Floette-Eternal||Floettite|FlowerVeil|DrainingKiss,DazzlingGleam,CalmMind,Protect|Modest||F|||50|]Aerodactyl||FocusSash|RockHead|Tailwind,RockSlide,DualWingbeat,WideGuard|Jolly||F|||50|]Hydreigon||ChoiceScarf|Levitate|DracoMeteor,DarkPulse,Snarl,Flamethrower|Modest||M|||50|]Incineroar||SitrusBerry|Intimidate|FakeOut,LashOut,FlareBlitz,PartingShot|Careful||F|||50|
|inactive|Battle timer is ON: inactive players will automatically lose when time's up. (requested by el ferfe)
|inactive|ThePrinceofNT has 60 seconds left.
|
|t:|1782208914
|teamsize|p1|4
|teamsize|p2|4
|start
|switch|p1a: Pyroar|Pyroar, L50, F|100/100
|switch|p1b: Whimsicott|Whimsicott, L50, M|100/100
|switch|p2a: Sneasler|Sneasler, L50, F, shiny|100/100
|switch|p2b: Aerodactyl|Aerodactyl, L50, F, shiny|100/100
|turn|1
|
|t:|1782208934
|move|p1a: Pyroar|Protect|p1a: Pyroar
|-singleturn|p1a: Pyroar|Protect
|move|p2a: Sneasler|Fake Out|p1a: Pyroar
|-activate|p1a: Pyroar|move: Protect
|move|p1b: Whimsicott|Sunny Day|p1b: Whimsicott
|-weather|SunnyDay
|move|p2b: Aerodactyl|Dual Wingbeat|p1b: Whimsicott
|-supereffective|p1b: Whimsicott|1
|-damage|p1b: Whimsicott|47/100
|-supereffective|p1b: Whimsicott|1
|-damage|p1b: Whimsicott|0 fnt
|faint|p1b: Whimsicott
|-hitcount|p1: Whimsicott|2
|
|-weather|SunnyDay|[upkeep]
|upkeep
|
|t:|1782208943
|switch|p1b: Sneasler|Sneasler, L50, M|100/100
|turn|2
|
|t:|1782208964
|detailschange|p1a: Pyroar|Pyroar-Mega, L50, F
|-mega|p1a: Pyroar|Pyroar|Pyroarite
|move|p1b: Sneasler|Fake Out|p2a: Sneasler
|-damage|p2a: Sneasler|79/100
|move|p2b: Aerodactyl|Tailwind|p2b: Aerodactyl
|-sidestart|p2: el ferfe|move: Tailwind
|cant|p2a: Sneasler|flinch
|move|p1a: Pyroar|Heat Wave|p2a: Sneasler|[spread] p2a,p2b
|-resisted|p2b: Aerodactyl|1
|-damage|p2a: Sneasler|0 fnt
|-damage|p2b: Aerodactyl|33/100
|faint|p2a: Sneasler
|
|-weather|SunnyDay|[upkeep]
|upkeep
|
|t:|1782208977
|switch|p2a: Metagross|Metagross, L50, shiny|100/100
|turn|3
|
|t:|1782208995
|switch|p1a: Farigiraf|Farigiraf, L50, F|100/100
|detailschange|p2a: Metagross|Metagross-Mega, L50, shiny
|-mega|p2a: Metagross|Metagross|Metagrossite
|move|p2b: Aerodactyl|Rock Slide|p1b: Sneasler|[spread] p1a,p1b
|-resisted|p1b: Sneasler|1
|-damage|p1a: Farigiraf|79/100
|-damage|p1b: Sneasler|78/100
|move|p2a: Metagross|Stomping Tantrum|p1a: Farigiraf
|-damage|p1a: Farigiraf|52/100
|move|p1b: Sneasler|Close Combat|p2b: Aerodactyl
|-damage|p2b: Aerodactyl|0 fnt
|-unboost|p1b: Sneasler|def|1
|-unboost|p1b: Sneasler|spd|1
|faint|p2b: Aerodactyl
|-enditem|p1b: Sneasler|White Herb
|-clearnegativeboost|p1b: Sneasler|[silent]
|
|-weather|SunnyDay|[upkeep]
|upkeep
|
|t:|1782209007
|switch|p2b: Incineroar|Incineroar, L50, F, shiny|100/100
|-ability|p2b: Incineroar|Intimidate|boost
|-unboost|p1a: Farigiraf|atk|1
|-unboost|p1b: Sneasler|atk|1
|turn|4
|
|t:|1782209022
|move|p1a: Farigiraf|Helping Hand|p1b: Sneasler
|-singleturn|p1b: Sneasler|Helping Hand|[of] p1a: Farigiraf
|move|p2a: Metagross|Iron Head|p1a: Farigiraf
|-damage|p1a: Farigiraf|7/100
|-enditem|p1a: Farigiraf|Sitrus Berry|[eat]
|-heal|p1a: Farigiraf|32/100|[from] item: Sitrus Berry
|move|p1b: Sneasler|Close Combat|p2b: Incineroar
|-supereffective|p2b: Incineroar|1
|-damage|p2b: Incineroar|0 fnt
|-unboost|p1b: Sneasler|def|1
|-unboost|p1b: Sneasler|spd|1
|faint|p2b: Incineroar
|
|-weather|SunnyDay|[upkeep]
|upkeep
|turn|5
|
|t:|1782209044
|move|p2a: Metagross|Psychic Fangs|p1b: Sneasler
|-supereffective|p1b: Sneasler|2
|-damage|p1b: Sneasler|0 fnt
|faint|p1b: Sneasler
|move|p1a: Farigiraf|Thunderbolt|p2a: Metagross
|-damage|p2a: Metagross|76/100
|
|-weather|none
|-sideend|p2: el ferfe|move: Tailwind
|upkeep
|
|t:|1782209048
|switch|p1b: Pyroar|Pyroar-Mega, L50, F|100/100
|turn|6
|
|t:|1782209057
|move|p2a: Metagross|Protect|p2a: Metagross
|-singleturn|p2a: Metagross|Protect
|move|p1b: Pyroar|Heat Wave|p2a: Metagross
|-activate|p2a: Metagross|move: Protect
|move|p1a: Farigiraf|Thunderbolt|p2a: Metagross
|-activate|p2a: Metagross|move: Protect
|
|upkeep
|turn|7
|
|t:|1782209062
|move|p1b: Pyroar|Heat Wave|p2a: Metagross
|-supereffective|p2a: Metagross|1
|-damage|p2a: Metagross|0 fnt
|faint|p2a: Metagross
|
|win|ThePrinceofNT
||el ferfe is ready for game 2.
||ThePrinceofNT is ready for game 2.
|uhtml|next|Next: Game 2 of 3
