|j|☆HumanPlaysVGC
|j|☆RillaZardCJM
|html|HumanPlaysVGCRillaZardCJM    
|uhtml|bestof|Game 1 of a best-of-3
|t:|1756558999
|gametype|doubles
|player|p1|HumanPlaysVGC|n-masters3|
|player|p2|RillaZardCJM|byron|
|gen|9
|tier|[Gen 9] VGC 2025 Reg H (Bo3)
|rule|Species Clause: Limit one of each Pokémon
|rule|Item Clause: Limit 1 of each item
|clearpoke
|poke|p1|Weezing-Galar, L50, F|
|poke|p1|Toedscruel, L50, M|
|poke|p1|Corviknight, L50, F|
|poke|p1|Incineroar, L50, M|
|poke|p1|Garchomp, L50, F|
|poke|p1|Indeedee, L50, M|
|poke|p2|Rillaboom, L50, M|
|poke|p2|Kingambit, L50, F|
|poke|p2|Sneasler, L50, M|
|poke|p2|Dragapult, L50, M|
|poke|p2|Primarina, L50, F|
|poke|p2|Magmar, L50, F|
|teampreview|4
|showteam|p1|Weezing-Galar||SitrusBerry|NeutralizingGas|DazzlingGleam,SludgeBomb,Protect,Taunt|||F|||50|,,,,,Grass]Toedscruel||CovertCloak|MyceliumMight|Spore,RagePowder,EarthPower,AcidSpray|||M|||50|,,,,,Water]Corviknight||RockyHelmet|MirrorArmor|Tailwind,BraveBird,Protect,Roost|||F|||50|,,,,,Dragon]Incineroar||AbilityShield|Intimidate|FakeOut,KnockOff,PartingShot,Taunt|||M|||50|,,,,,Ghost]Garchomp||LifeOrb|RoughSkin|DragonClaw,Earthquake,Protect,StompingTantrum|||F|||50|,,,,,Ground]Indeedee||FocusSash|PsychicSurge|ExpandingForce,DazzlingGleam,Protect,TrickRoom|||M|||50|,,,,,Psychic
|showteam|p2|Rillaboom||AssaultVest|GrassySurge|FakeOut,GrassyGlide,WoodHammer,HighHorsepower|||M|||50|,,,,,Fire]Kingambit||BlackGlasses|Defiant|Protect,KowtowCleave,SuckerPunch,SwordsDance|||F|||50|,,,,,Fairy]Sneasler||FocusSash|PoisonTouch|Protect,DireClaw,CloseCombat,FakeOut|||M|||50|,,,,,Ghost]Dragapult||ChoiceBand|ClearBody|DragonDarts,PhantomForce,Outrage,Uturn|||M|||50|,,,,,Dragon]Primarina||SitrusBerry|LiquidVoice|Protect,HyperVoice,Moonblast,Haze|||F|||50|,,,,,Poison]Magmar||Eviolite|VitalSpirit|FollowMe,Overheat,WillOWisp,HelpingHand|||F|||50|,,,,,Ghost
|
|t:|1756559062
|teamsize|p1|4
|teamsize|p2|4
|start
|switch|p1a: Weezing|Weezing-Galar, L50, F|100/100
|switch|p1b: Toedscruel|Toedscruel, L50, M|100/100
|switch|p2a: Rillaboom|Rillaboom, L50, M|100/100
|switch|p2b: Sneasler|Sneasler, L50, M|100/100
|-ability|p1a: Weezing|Neutralizing Gas
|turn|1
|l|☆RillaZardCJM
|player|p2|
|j|☆RillaZardCJM
|player|p2|RillaZardCJM|byron|
|
|t:|1756559100
|move|p2b: Sneasler|Fake Out|p1b: Toedscruel
|-damage|p1b: Toedscruel|83/100
|move|p2a: Rillaboom|Fake Out|p1a: Weezing
|-damage|p1a: Weezing|88/100
|move|p1b: Toedscruel|Acid Spray|p2a: Rillaboom
|-supereffective|p2a: Rillaboom
|-damage|p2a: Rillaboom|89/100
|-unboost|p2a: Rillaboom|spd|2
|cant|p1a: Weezing|flinch
|
|upkeep
|turn|2
|
|t:|1756559118
|move|p2b: Sneasler|Close Combat|p1b: Toedscruel
|-damage|p1b: Toedscruel|6/100
|-unboost|p2b: Sneasler|def|1
|-unboost|p2b: Sneasler|spd|1
|move|p1b: Toedscruel|Earth Power|p2b: Sneasler
|-supereffective|p2b: Sneasler
|-enditem|p2b: Sneasler|Focus Sash
|-damage|p2b: Sneasler|1/100
|move|p2a: Rillaboom|High Horsepower|p1a: Weezing
|-supereffective|p1a: Weezing
|-damage|p1a: Weezing|27/100
|-enditem|p1a: Weezing|Sitrus Berry|[eat]
|-heal|p1a: Weezing|52/100|[from] item: Sitrus Berry
|move|p1a: Weezing|Dazzling Gleam|p2b: Sneasler|[spread] p2a,p2b
|-damage|p2a: Rillaboom|62/100
|-damage|p2b: Sneasler|0 fnt
|faint|p2b: Sneasler
|
|upkeep
|
|t:|1756559136
|switch|p2b: Dragapult|Dragapult, L50, M|100/100
|turn|3
|
|t:|1756559167
|switch|p1b: Corviknight|Corviknight, L50, F|100/100
|move|p1a: Weezing|Protect|p1a: Weezing
|-singleturn|p1a: Weezing|Protect
|move|p2b: Dragapult|Phantom Force||[still]
|-prepare|p2b: Dragapult|Phantom Force
|move|p2a: Rillaboom|Grassy Glide|p1b: Corviknight
|-resisted|p1b: Corviknight
|-damage|p1b: Corviknight|94/100
|-damage|p2a: Rillaboom|46/100|[from] item: Rocky Helmet|[of] p1b: Corviknight
|
|upkeep
|turn|4
|
|t:|1756559193
|move|p2b: Dragapult|Phantom Force|p1a: Weezing|[from] lockedmove
|-damage|p1a: Weezing|0 fnt
|faint|p1a: Weezing
|-end|p1a: Weezing|ability: Neutralizing Gas
|-fieldstart|move: Grassy Terrain|[from] ability: Grassy Surge|[of] p2a: Rillaboom
|move|p2a: Rillaboom|High Horsepower|p1b: Corviknight
|-immune|p1b: Corviknight
|move|p1b: Corviknight|Brave Bird|p2a: Rillaboom
|-supereffective|p2a: Rillaboom
|-damage|p2a: Rillaboom|0 fnt
|faint|p2a: Rillaboom
|-damage|p1b: Corviknight|79/100|[from] Recoil
|
|upkeep
|
|t:|1756559221
|switch|p2a: Kingambit|Kingambit, L50, F|100/100
|switch|p1a: Toedscruel|Toedscruel, L50, M|6/100
|turn|5
|
|t:|1756559240
|move|p2a: Kingambit|Protect|p2a: Kingambit
|-singleturn|p2a: Kingambit|Protect
|move|p2b: Dragapult|Phantom Force||[still]
|-prepare|p2b: Dragapult|Phantom Force
|move|p1a: Toedscruel|Earth Power|p2a: Kingambit
|-activate|p2a: Kingambit|move: Protect
|move|p1b: Corviknight|Tailwind|p1b: Corviknight
|-sidestart|p1: HumanPlaysVGC|move: Tailwind
|
|-heal|p1a: Toedscruel|12/100|[from] Grassy Terrain
|upkeep
|turn|6
|
|t:|1756559286
|-terastallize|p2a: Kingambit|Fairy
|move|p1a: Toedscruel|Rage Powder|p1a: Toedscruel
|-singleturn|p1a: Toedscruel|move: Rage Powder
|move|p1b: Corviknight|Brave Bird|p2b: Dragapult|[miss]
|-miss|p1b: Corviknight|p2b: Dragapult
|move|p2b: Dragapult|Phantom Force|p1a: Toedscruel|[from] lockedmove
|-damage|p1a: Toedscruel|0 fnt
|faint|p1a: Toedscruel
|move|p2a: Kingambit|Swords Dance|p2a: Kingambit
|-boost|p2a: Kingambit|atk|2
|
|upkeep
|
|t:|1756559297
|switch|p1a: Garchomp|Garchomp, L50, F|100/100
|turn|7
|
|t:|1756559314
|move|p2a: Kingambit|Protect|p2a: Kingambit
|-singleturn|p2a: Kingambit|Protect
|move|p1a: Garchomp|Dragon Claw|p2b: Dragapult
|-supereffective|p2b: Dragapult
|-damage|p2b: Dragapult|0 fnt
|faint|p2b: Dragapult
|-damage|p1a: Garchomp|91/100|[from] item: Life Orb
|move|p1b: Corviknight|Brave Bird|p2a: Kingambit
|-activate|p2a: Kingambit|move: Protect
|
|-heal|p1a: Garchomp|97/100|[from] Grassy Terrain
|upkeep
|turn|8
|
|t:|1756559339
|move|p2a: Kingambit|Sucker Punch|p1a: Garchomp
|-damage|p1a: Garchomp|0 fnt
|-damage|p2a: Kingambit|88/100|[from] ability: Rough Skin|[of] p1a: Garchomp
|faint|p1a: Garchomp
|move|p1b: Corviknight|Brave Bird|p2a: Kingambit
|-damage|p2a: Kingambit|53/100
|-damage|p1b: Corviknight|67/100|[from] Recoil
|
|-heal|p2a: Kingambit|59/100|[from] Grassy Terrain
|-sideend|p1: HumanPlaysVGC|move: Tailwind
|-fieldend|move: Grassy Terrain
|upkeep
|turn|9
|
|t:|1756559357
|move|p1b: Corviknight|Roost|p1b: Corviknight
|-heal|p1b: Corviknight|100/100
|-singleturn|p1b: Corviknight|move: Roost
|move|p2a: Kingambit|Swords Dance|p2a: Kingambit
|-boost|p2a: Kingambit|atk|2
|
|upkeep
|turn|10
|
|t:|1756559365
|move|p1b: Corviknight|Brave Bird|p2a: Kingambit
|-damage|p2a: Kingambit|26/100
|-damage|p1b: Corviknight|90/100|[from] Recoil
|move|p2a: Kingambit|Kowtow Cleave|p1b: Corviknight
|-damage|p1b: Corviknight|0 fnt
|-damage|p2a: Kingambit|10/100|[from] item: Rocky Helmet|[of] p1b: Corviknight
|faint|p1b: Corviknight
|
|win|RillaZardCJM
||RillaZardCJM is ready for game 2.
|inactive|HumanPlaysVGC has 30 seconds to confirm battle start!
||HumanPlaysVGC is ready for game 2.
|uhtml|next|Next: Game 2 of 3
