|j|☆whitepeople100
|j|☆MichaelderBeste2
|html|whitepeople100MichaelderBeste2    
|uhtml|bestof|Game 2 of a best-of-3
|t:|1756517210
|gametype|doubles
|player|p1|whitepeople100|blackbelt-gen4dp|1237
|player|p2|MichaelderBeste2|#michaelderbeste2|1253
|gen|9
|tier|[Gen 9] VGC 2025 Reg H (Bo3)
|rated|
|rule|Species Clause: Limit one of each Pokémon
|rule|Item Clause: Limit 1 of each item
|clearpoke
|poke|p1|Hatterene, L50, F|
|poke|p1|Indeedee-F, L50, F|
|poke|p1|Torkoal, L50, F|
|poke|p1|Gallade, L50, M|
|poke|p1|Ursaluna, L50, M|
|poke|p1|Maushold-Four, L50|
|poke|p2|Volcarona, L50, M|
|poke|p2|Electabuzz, L50, M|
|poke|p2|Dragonite, L50, M|
|poke|p2|Rillaboom, L50, F|
|poke|p2|Sneasler, L50, F|
|poke|p2|Kingambit, L50, F|
|teampreview|4
|showteam|p1|Hatterene||LifeOrb|MagicBounce|ExpandingForce,DazzlingGleam,MysticalFire,TrickRoom|||F|||50|,,,,,Fire]Indeedee-F||PsychicSeed|PsychicSurge|DazzlingGleam,FollowMe,HelpingHand,TrickRoom|||F|||50|,,,,,Grass]Torkoal||Charcoal|Drought|Protect,Eruption,Flamethrower,EarthPower|||F|||50|,,,,,Fire]Gallade||ClearAmulet|Sharpness|PsychoCut,SacredSword,WideGuard,TrickRoom|||M|||50|,,,,,Grass]Ursaluna||FlameOrb|Guts|Protect,Facade,HeadlongRush,Earthquake|||M|||50|,,,,,Ghost]Maushold-Four||WideLens|Technician|PopulationBomb,AfterYou,FollowMe,Protect||||||50|,,,,,Normal
|showteam|p2|Volcarona||Leftovers|FlameBody|HeatWave,TeraBlast,QuiverDance,Protect|||M|||50|,,,,,Fairy]Electabuzz||Eviolite|VitalSpirit|Thunderbolt,Taunt,FollowMe,Protect|||M|||50|,,,,,Ghost]Dragonite||LoadedDice|Multiscale|ScaleShot,ExtremeSpeed,Haze,Protect|||M|||50|,,,,,Normal]Rillaboom||AssaultVest|GrassySurge|WoodHammer,GrassyGlide,HighHorsepower,FakeOut|||F|||50|,,,,,Fire]Sneasler||FocusSash|PoisonTouch|CloseCombat,DireClaw,FakeOut,Coaching|||F|||50|,,,,,Stellar]Kingambit||BlackGlasses|Defiant|KowtowCleave,SuckerPunch,SwordsDance,Protect|||F|||50|,,,,,Ghost
|
|t:|1756517227
|teamsize|p1|4
|teamsize|p2|4
|start
|switch|p1a: Maushold|Maushold-Four, L50|100/100
|switch|p1b: Indeedee|Indeedee-F, L50, F|100/100
|switch|p2a: Sneasler|Sneasler, L50, F|100/100
|switch|p2b: Kingambit|Kingambit, L50, F|100/100
|-fieldstart|move: Psychic Terrain|[from] ability: Psychic Surge|[of] p1b: Indeedee
|-enditem|p1b: Indeedee|Psychic Seed
|-boost|p1b: Indeedee|spd|1|[from] item: Psychic Seed
|turn|1
|inactive|Battle timer is ON: inactive players will automatically lose when time's up. (requested by whitepeople100)
|
|t:|1756517259
|-terastallize|p1b: Indeedee|Grass
|move|p2a: Sneasler|Coaching|p2b: Kingambit
|-boost|p2b: Kingambit|atk|1
|-boost|p2b: Kingambit|def|1
|move|p1a: Maushold|Population Bomb|p2a: Sneasler
|-damage|p2a: Sneasler|83/100
|-damage|p2a: Sneasler|67/100
|-damage|p2a: Sneasler|49/100
|-damage|p2a: Sneasler|33/100
|-damage|p2a: Sneasler|14/100
|-damage|p2a: Sneasler|0 fnt
|faint|p2a: Sneasler
|-hitcount|p2: Sneasler|6
|move|p2b: Kingambit|Kowtow Cleave|p1b: Indeedee
|-damage|p1b: Indeedee|17/100
|move|p1b: Indeedee|Trick Room|p1b: Indeedee
|-fieldstart|move: Trick Room|[of] p1b: Indeedee
|
|upkeep
|inactive|MichaelderBeste2 has 30 seconds left.
|inactive|MichaelderBeste2 has 20 seconds left.
|inactive|MichaelderBeste2 has 15 seconds left.
|inactive|MichaelderBeste2 has 10 seconds left.
|inactive|MichaelderBeste2 has 5 seconds left.
|
|t:|1756517310
|switch|p2a: Rillaboom|Rillaboom, L50, F|100/100
|-fieldstart|move: Grassy Terrain|[from] ability: Grassy Surge|[of] p2a: Rillaboom
|turn|2
|
|t:|1756517326
|switch|p1b: Torkoal|Torkoal, L50, F|100/100
|-weather|SunnyDay|[from] ability: Drought|[of] p1b: Torkoal
|move|p1a: Maushold|Follow Me|p1a: Maushold
|-singleturn|p1a: Maushold|move: Follow Me
|move|p2b: Kingambit|Kowtow Cleave|p1a: Maushold
|-damage|p1a: Maushold|0 fnt
|faint|p1a: Maushold
|move|p2a: Rillaboom|Wood Hammer|p1b: Torkoal
|-resisted|p1b: Torkoal
|-damage|p1b: Torkoal|70/100
|-damage|p2a: Rillaboom|92/100|[from] Recoil
|
|-weather|SunnyDay|[upkeep]
|-heal|p1b: Torkoal|76/100|[from] Grassy Terrain
|-heal|p2a: Rillaboom|98/100|[from] Grassy Terrain
|upkeep
|
|t:|1756517338
|switch|p1a: Indeedee|Indeedee-F, L50, F, tera:Grass|17/100
|-fieldstart|move: Psychic Terrain|[from] ability: Psychic Surge|[of] p1a: Indeedee
|turn|3
|
|t:|1756517359
|switch|p1a: Hatterene|Hatterene, L50, F|100/100
|switch|p2a: Dragonite|Dragonite, L50, M|100/100
|move|p2b: Kingambit|Protect|p2b: Kingambit
|-singleturn|p2b: Kingambit|Protect
|move|p1b: Torkoal|Eruption|p2b: Kingambit|[spread] p2a
|-activate|p2b: Kingambit|move: Protect
|-resisted|p2a: Dragonite
|-crit|p2a: Dragonite
|-damage|p2a: Dragonite|78/100
|
|-weather|SunnyDay|[upkeep]
|upkeep
|turn|4
|inactive|MichaelderBeste2 has 30 seconds left.
|inactive|MichaelderBeste2 has 20 seconds left.
|inactive|MichaelderBeste2 has 15 seconds left.
|inactive|MichaelderBeste2 has 10 seconds left.
|inactive|MichaelderBeste2 has 5 seconds left.
|
|t:|1756517413
|switch|p2a: Rillaboom|Rillaboom, L50, F|98/100
|-fieldstart|move: Grassy Terrain|[from] ability: Grassy Surge|[of] p2a: Rillaboom
|move|p2b: Kingambit|Sucker Punch|p1b: Torkoal
|-damage|p1b: Torkoal|27/100
|move|p1b: Torkoal|Flamethrower|p2b: Kingambit
|-supereffective|p2b: Kingambit
|-damage|p2b: Kingambit|0 fnt
|faint|p2b: Kingambit
|move|p1a: Hatterene|Mystical Fire|p2a: Rillaboom
|-supereffective|p2a: Rillaboom
|-damage|p2a: Rillaboom|17/100
|-unboost|p2a: Rillaboom|spa|1
|-damage|p1a: Hatterene|91/100|[from] item: Life Orb
|
|-weather|SunnyDay|[upkeep]
|-heal|p1b: Torkoal|33/100|[from] Grassy Terrain
|-heal|p1a: Hatterene|97/100|[from] Grassy Terrain
|-heal|p2a: Rillaboom|23/100|[from] Grassy Terrain
|upkeep
|
|t:|1756517417
|switch|p2b: Dragonite|Dragonite, L50, M|78/100
|turn|5
|inactive|MichaelderBeste2 has 30 seconds left.
|inactive|MichaelderBeste2 has 20 seconds left.
|inactive|MichaelderBeste2 has 15 seconds left.
|
|t:|1756517461
|switch|p1b: Indeedee|Indeedee-F, L50, F, tera:Grass|17/100
|-fieldstart|move: Psychic Terrain|[from] ability: Psychic Surge|[of] p1b: Indeedee
|-terastallize|p2a: Rillaboom|Fire
|move|p2b: Dragonite|Protect|p2b: Dragonite
|-singleturn|p2b: Dragonite|Protect
|move|p1a: Hatterene|Expanding Force|p2b: Dragonite|[spread] p2a
|-activate|p2b: Dragonite|move: Protect
|-damage|p2a: Rillaboom|0 fnt
|faint|p2a: Rillaboom
|-damage|p1a: Hatterene|87/100|[from] item: Life Orb
|
|-weather|SunnyDay|[upkeep]
|-fieldend|move: Trick Room
|upkeep
|turn|6
|-message|MichaelderBeste2 forfeited.
|
|win|whitepeople100
