|j|☆Bwossum
|j|☆an attack child
|html|Bwossuman attack child    
|uhtml|bestof|Game 3 of a best-of-3
|t:|1754432532
|gametype|doubles
|player|p1|Bwossum|dawn|1132
|player|p2|an attack child|musician|1193
|gen|9
|tier|[Gen 9] VGC 2025 Reg H (Bo3)
|rated|
|rule|Species Clause: Limit one of each Pokémon
|rule|Item Clause: Limit 1 of each item
|clearpoke
|poke|p1|Garchomp, L50, F|
|poke|p1|Talonflame, L50, F|
|poke|p1|Incineroar, L50, F|
|poke|p1|Amoonguss, L50, F|
|poke|p1|Palafin, L50, F|
|poke|p1|Gholdengo, L50|
|poke|p2|Annihilape, L50, F|
|poke|p2|Sinistcha, L50|
|poke|p2|Maushold-Four, L50|
|poke|p2|Klefki, L50, F|
|poke|p2|Ursaluna-Bloodmoon, L50, M|
|poke|p2|Ninetales-Alola, L50, F|
|teampreview|4
|showteam|p1|Garchomp||ClearAmulet|RoughSkin|Protect,StompingTantrum,DragonClaw,Earthquake|||F|||50|,,,,,Ground]Talonflame||CovertCloak|GaleWings|DualWingbeat,FlareBlitz,Tailwind,WillOWisp|||F|||50|,,,,,Grass]Incineroar||SitrusBerry|Intimidate|FakeOut,FlareBlitz,KnockOff,PartingShot|||F|||50|,,,,,Ghost]Amoonguss||RockyHelmet|Regenerator|Protect,Spore,PollenPuff,RagePowder|||F|||50|,,,,,Dark]Palafin||MysticWater|ZerotoHero|Protect,JetPunch,CloseCombat,WaveCrash|||F|||50|,,,,,Water]Gholdengo||ChoiceSpecs|GoodasGold|MakeItRain,ShadowBall,Thunderbolt,Trick||||||50|,,,,,Steel
|showteam|p2|Annihilape||Leftovers|Defiant|Protect,BulkUp,DrainPunch,RageFist|||F|||50|,,,,,Fire]Sinistcha||SitrusBerry|Hospitality|MatchaGotcha,TrickRoom,LifeDew,RagePowder||||||50|,,,,,Water]Maushold-Four||SafetyGoggles|FriendGuard|FollowMe,Taunt,BeatUp,Protect||||||50|,,,,,Ghost]Klefki||LightClay|Prankster|Reflect,LightScreen,MistyTerrain,DazzlingGleam|||F|||50|,,,,,Ghost]Ursaluna-Bloodmoon||AssaultVest|MindsEye|BloodMoon,HyperVoice,EarthPower,VacuumWave|||M|||50|,,,,,Water]Ninetales-Alola||FocusSash|SnowWarning|Protect,Encore,FreezeDry,Blizzard|||F|||50|,,,,,Ghost
|inactive|Battle timer is ON: inactive players will automatically lose when time's up. (requested by an attack child)
|
|t:|1754432575
|teamsize|p1|4
|teamsize|p2|4
|start
|switch|p1a: Gholdengo|Gholdengo, L50|100/100
|switch|p1b: Talonflame|Talonflame, L50, F|100/100
|switch|p2a: Maushold|Maushold-Four, L50|100/100
|switch|p2b: Annihilape|Annihilape, L50, F, shiny|100/100
|turn|1
|
|t:|1754432591
|-terastallize|p2b: Annihilape|Fire
|-terastallize|p1a: Gholdengo|Steel
|move|p1b: Talonflame|Tailwind|p1b: Talonflame
|-sidestart|p1: Bwossum|move: Tailwind
|move|p1a: Gholdengo|Make It Rain|p2b: Annihilape|[spread] p2a,p2b
|-resisted|p2b: Annihilape
|-damage|p2a: Maushold|0 fnt
|-damage|p2b: Annihilape|64/100
|-unboost|p1a: Gholdengo|spa|1
|faint|p2a: Maushold
|move|p2b: Annihilape|Rage Fist|p1a: Gholdengo
|-damage|p1a: Gholdengo|58/100
|
|-heal|p2b: Annihilape|70/100|[from] item: Leftovers
|upkeep
|
|t:|1754432601
|switch|p2a: Sinistcha|Sinistcha, L50|100/100
|-heal|p2b: Annihilape|95/100|[from] ability: Hospitality|[of] p2a: Sinistcha
|turn|2
|
|t:|1754432609
|switch|p1a: Amoonguss|Amoonguss, L50, F|100/100
|move|p1b: Talonflame|Flare Blitz|p2a: Sinistcha
|-supereffective|p2a: Sinistcha
|-damage|p2a: Sinistcha|29/100
|-enditem|p2a: Sinistcha|Sitrus Berry|[eat]
|-heal|p2a: Sinistcha|53/100|[from] item: Sitrus Berry
|-damage|p1b: Talonflame|73/100|[from] Recoil
|move|p2b: Annihilape|Bulk Up|p2b: Annihilape
|-boost|p2b: Annihilape|atk|1
|-boost|p2b: Annihilape|def|1
|move|p2a: Sinistcha|Trick Room|p2a: Sinistcha
|-fieldstart|move: Trick Room|[of] p2a: Sinistcha
|
|-heal|p2b: Annihilape|100/100|[from] item: Leftovers
|upkeep
|turn|3
|
|t:|1754432632
|move|p1a: Amoonguss|Protect|p1a: Amoonguss
|-singleturn|p1a: Amoonguss|Protect
|move|p2a: Sinistcha|Rage Powder|p2a: Sinistcha
|-singleturn|p2a: Sinistcha|move: Rage Powder
|move|p2b: Annihilape|Rage Fist|p1b: Talonflame
|-crit|p1b: Talonflame
|-damage|p1b: Talonflame|0 fnt
|faint|p1b: Talonflame
|
|upkeep
|
|t:|1754432648
|switch|p1b: Palafin|Palafin, L50, F|100/100
|turn|4
|
|t:|1754432678
|detailschange|p1b: Palafin|Palafin-Hero, L50, F
|switch|p1b: Gholdengo|Gholdengo, L50, tera:Steel|58/100
|move|p2a: Sinistcha|Matcha Gotcha|p1b: Gholdengo|[spread] p1a,p1b
|-resisted|p1a: Amoonguss
|-resisted|p1b: Gholdengo
|-damage|p1a: Amoonguss|95/100
|-heal|p2a: Sinistcha|57/100|[from] drain|[of] p1a: Amoonguss
|-damage|p1b: Gholdengo|43/100
|-heal|p2a: Sinistcha|63/100|[from] drain|[of] p1b: Gholdengo
|move|p1a: Amoonguss|Spore|p2b: Annihilape
|-status|p2b: Annihilape|slp|[from] move: Spore
|cant|p2b: Annihilape|slp
|
|-sideend|p1: Bwossum|move: Tailwind
|upkeep
|turn|5
|
|t:|1754432697
|switch|p2a: Ursaluna|Ursaluna-Bloodmoon, L50, M|100/100
|move|p1a: Amoonguss|Pollen Puff|p1b: Gholdengo
|-heal|p1b: Gholdengo|93/100
|move|p1b: Gholdengo|Shadow Ball|p2a: Ursaluna
|-immune|p2a: Ursaluna
|cant|p2b: Annihilape|slp
|
|upkeep
|turn|6
|
|t:|1754432717
|switch|p1a: Palafin|Palafin-Hero, L50, F|100/100
|-activate|p1a: Palafin|ability: Zero to Hero
|move|p2a: Ursaluna|Vacuum Wave|p2b: Annihilape
|-damage|p2b: Annihilape|88/100 slp
|move|p1b: Gholdengo|Shadow Ball|p2b: Annihilape
|-damage|p2b: Annihilape|27/100 slp
|cant|p2b: Annihilape|slp
|
|-heal|p2b: Annihilape|33/100 slp|[from] item: Leftovers
|-fieldend|move: Trick Room
|upkeep
|turn|7
|
|t:|1754432735
|switch|p1b: Amoonguss|Amoonguss, L50, F|100/100
|-curestatus|p2b: Annihilape|slp|[msg]
|move|p2b: Annihilape|Protect|p2b: Annihilape
|-singleturn|p2b: Annihilape|Protect
|move|p1a: Palafin|Jet Punch|p2b: Annihilape
|-activate|p2b: Annihilape|move: Protect
|move|p2a: Ursaluna|Blood Moon|p1a: Palafin
|-damage|p1a: Palafin|10/100
|
|-heal|p2b: Annihilape|39/100|[from] item: Leftovers
|upkeep
|turn|8
|
|t:|1754432748
|move|p1b: Amoonguss|Rage Powder|p1b: Amoonguss
|-singleturn|p1b: Amoonguss|move: Rage Powder
|move|p1a: Palafin|Jet Punch|p2b: Annihilape
|-supereffective|p2b: Annihilape
|-damage|p2b: Annihilape|0 fnt
|faint|p2b: Annihilape
|move|p2a: Ursaluna|Hyper Voice|p1b: Amoonguss|[spread] p1a,p1b
|-damage|p1a: Palafin|0 fnt
|-damage|p1b: Amoonguss|66/100
|faint|p1a: Palafin
|
|upkeep
|
|t:|1754432756
|switch|p2b: Sinistcha|Sinistcha, L50|63/100
|switch|p1a: Gholdengo|Gholdengo, L50, tera:Steel|93/100
|turn|9
|
|t:|1754432767
|move|p1a: Gholdengo|Make It Rain|p2a: Ursaluna|[spread] p2a,p2b
|-damage|p2a: Ursaluna|35/100
|-damage|p2b: Sinistcha|0 fnt
|-unboost|p1a: Gholdengo|spa|1
|faint|p2b: Sinistcha
|move|p2a: Ursaluna|Blood Moon|p1b: Amoonguss
|-damage|p1b: Amoonguss|0 fnt
|faint|p1b: Amoonguss
|
|upkeep
|turn|10
|
|t:|1754432778
|move|p1a: Gholdengo|Make It Rain|p2a: Ursaluna
|-damage|p2a: Ursaluna|0 fnt
|-unboost|p1a: Gholdengo|spa|1
|faint|p2a: Ursaluna
|
|win|Bwossum
|raw|Bwossum's rating: 1132 → 1161(+29 for winning)
|raw|an attack child's rating: 1193 → 1164(-29 for losing)
|l|☆Bwossum
|player|p1|
