|j|☆luckyross
|j|☆ikeer.ros
|html|luckyrossikeer.ros    
|uhtml|bestof|Game 2 of a best-of-3
|t:|1756129916
|gametype|doubles
|player|p1|luckyross|265|1125
|player|p2|ikeer.ros|brawly|1222
|gen|9
|tier|[Gen 9] VGC 2025 Reg H (Bo3)
|rated|
|rule|Species Clause: Limit one of each Pokémon
|rule|Item Clause: Limit 1 of each item
|clearpoke
|poke|p1|Murkrow, L50, M|
|poke|p1|Gholdengo, L50|
|poke|p1|Sylveon, L50, F|
|poke|p1|Pawmot, L50, M|
|poke|p1|Hydreigon, L50, M|
|poke|p1|Gliscor, L50, M|
|poke|p2|Kilowattrel, L50, M|
|poke|p2|Gholdengo, L50|
|poke|p2|Ursaluna, L50, F|
|poke|p2|Incineroar, L50, M|
|poke|p2|Dragonite, L50, M|
|poke|p2|Electabuzz, L50, M|
|teampreview|4
|showteam|p1|Murkrow||Eviolite|Prankster|Tailwind,FoulPlay,Haze,Quash|||M|||50|,,,,,Ghost]Gholdengo||ChoiceSpecs|GoodasGold|MakeItRain,ShadowBall,FocusBlast,Trick||||||50|,,,,,Steel]Sylveon||ThroatSpray|Pixilate|HyperVoice,TeraBlast,Protect,QuickAttack|||F|||50|,,,,,Fire]Pawmot||FocusSash|NaturalCure|Protect,RevivalBlessing,CloseCombat,DoubleShock|||M|||50|,,,,,Electric]Hydreigon||LifeOrb|Levitate|DarkPulse,DracoMeteor,Snarl,Protect|||M|||50|,,,,,Ghost]Gliscor||ChoiceBand|HyperCutter|Earthquake,HighHorsepower,DualWingbeat,RockSlide|||M|||50|,,,,,Ghost
|showteam|p2|Kilowattrel||FocusSash|Competitive|Tailwind,Protect,Thunderbolt,AirSlash|||M|||50|,,,,,Ghost]Gholdengo||LifeOrb|GoodasGold|NastyPlot,Protect,ShadowBall,MakeItRain||||||50|,,,,,Dragon]Ursaluna||FlameOrb|Guts|Earthquake,Protect,Facade,HeadlongRush|||F|||50|,,,,,Ghost]Incineroar||RockyHelmet|Intimidate|PartingShot,FlareBlitz,KnockOff,FakeOut|||M|||50|,,,,,Bug]Dragonite||LoadedDice|Multiscale|ScaleShot,IceSpinner,Haze,Protect|||M|||50|,,,,,Fairy]Electabuzz||Eviolite|VitalSpirit|Electroweb,Taunt,FollowMe,Protect|||M|||50|,,,,,Dragon
|inactive|Battle timer is ON: inactive players will automatically lose when time's up. (requested by ikeer.ros)
|inactive|luckyross has 60 seconds left.
|inactive|ikeer.ros has 60 seconds left.
|
|t:|1756129972
|teamsize|p1|4
|teamsize|p2|4
|start
|switch|p1a: Ficello-Man|Gholdengo, L50|100/100
|switch|p1b: Gliscor|Gliscor, L50, M|100/100
|switch|p2a: Vox|Dragonite, L50, M, shiny|100/100
|switch|p2b: ccoo|Electabuzz, L50, M|100/100
|turn|1
|inactive|luckyross has 30 seconds left.
|inactive|ikeer.ros has 30 seconds left.
|
|t:|1756130001
|move|p2a: Vox|Protect|p2a: Vox
|-singleturn|p2a: Vox|Protect
|move|p2b: ccoo|Electroweb|p1b: Gliscor|[spread] p1a
|-immune|p1b: Gliscor
|-damage|p1a: Ficello-Man|84/100
|-unboost|p1a: Ficello-Man|spe|1
|move|p1b: Gliscor|High Horsepower|p2b: ccoo
|-supereffective|p2b: ccoo
|-damage|p2b: ccoo|0 fnt
|faint|p2b: ccoo
|move|p1a: Ficello-Man|Make It Rain|p2a: Vox
|-activate|p2a: Vox|move: Protect
|
|upkeep
|
|t:|1756130015
|switch|p2b: PP|Kilowattrel, L50, M, shiny|100/100
|turn|2
|
|t:|1756130034
|switch|p1b: Murkrow|Murkrow, L50, M, shiny|100/100
|switch|p1a: Sylveon|Sylveon, L50, F, shiny|100/100
|move|p2b: PP|Thunderbolt|p1a: Sylveon
|-damage|p1a: Sylveon|67/100
|move|p2a: Vox|Scale Shot|p1b: Murkrow
|-damage|p1b: Murkrow|82/100
|-damage|p1b: Murkrow|62/100
|-damage|p1b: Murkrow|43/100
|-crit|p1b: Murkrow
|-damage|p1b: Murkrow|15/100
|-hitcount|p1b: Murkrow|4
|-unboost|p2a: Vox|def|1
|-boost|p2a: Vox|spe|1
|
|upkeep
|turn|3
|inactive|ikeer.ros has 30 seconds left.
|
|t:|1756130064
|move|p2a: Vox|Protect|p2a: Vox
|-singleturn|p2a: Vox|Protect
|move|p1b: Murkrow|Tailwind|p1b: Murkrow
|-sidestart|p1: luckyross|move: Tailwind
|move|p1a: Sylveon|Hyper Voice|p2a: Vox|[spread] p2b
|-activate|p2a: Vox|move: Protect
|-damage|p2b: PP|34/100
|-enditem|p1a: Sylveon|Throat Spray
|-boost|p1a: Sylveon|spa|1|[from] item: Throat Spray
|move|p2b: PP|Tailwind|p2b: PP
|-sidestart|p2: ikeer.ros|move: Tailwind
|
|upkeep
|turn|4
|
|t:|1756130084
|move|p1b: Murkrow|Quash|p2a: Vox
|-activate|p2a: Vox|move: Quash
|move|p2b: PP|Thunderbolt|p1a: Sylveon
|-damage|p1a: Sylveon|35/100
|move|p1a: Sylveon|Hyper Voice|p2a: Vox|[spread] p2a,p2b
|-supereffective|p2a: Vox
|-damage|p2a: Vox|42/100
|-damage|p2b: PP|0 fnt
|faint|p2b: PP
|move|p2a: Vox|Scale Shot|p1b: Murkrow
|-damage|p1b: Murkrow|0 fnt
|faint|p1b: Murkrow
|-hitcount|p1: Murkrow|1
|-unboost|p2a: Vox|def|1
|-boost|p2a: Vox|spe|1
|
|upkeep
|
|t:|1756130105
|switch|p2b: Psoe|Gholdengo, L50|100/100
|switch|p1b: Gliscor|Gliscor, L50, M|100/100
|turn|5
|
|t:|1756130122
|-terastallize|p2b: Psoe|Dragon
|move|p1a: Sylveon|Protect|p1a: Sylveon
|-singleturn|p1a: Sylveon|Protect
|move|p2a: Vox|Scale Shot|p1b: Gliscor
|-damage|p1b: Gliscor|87/100
|-crit|p1b: Gliscor
|-damage|p1b: Gliscor|67/100
|-damage|p1b: Gliscor|53/100
|-damage|p1b: Gliscor|38/100
|-hitcount|p1b: Gliscor|4
|-unboost|p2a: Vox|def|1
|-boost|p2a: Vox|spe|1
|move|p1b: Gliscor|High Horsepower|p2b: Psoe
|-damage|p2b: Psoe|28/100
|move|p2b: Psoe|Make It Rain|p1b: Gliscor|[spread] p1b
|-activate|p1a: Sylveon|move: Protect
|-damage|p1b: Gliscor|0 fnt
|-unboost|p2b: Psoe|spa|1
|faint|p1b: Gliscor
|-damage|p2b: Psoe|18/100|[from] item: Life Orb
|
|upkeep
|
|t:|1756130142
|switch|p1b: Ficello-Man|Gholdengo, L50|84/100
|turn|6
|
|t:|1756130155
|-terastallize|p1b: Ficello-Man|Steel
|move|p1a: Sylveon|Quick Attack|p2b: Psoe
|-supereffective|p2b: Psoe
|-damage|p2b: Psoe|0 fnt
|faint|p2b: Psoe
|move|p2a: Vox|Scale Shot|p1b: Ficello-Man
|-resisted|p1b: Ficello-Man
|-damage|p1b: Ficello-Man|77/100
|-resisted|p1b: Ficello-Man
|-damage|p1b: Ficello-Man|69/100
|-resisted|p1b: Ficello-Man
|-damage|p1b: Ficello-Man|62/100
|-resisted|p1b: Ficello-Man
|-damage|p1b: Ficello-Man|54/100
|-hitcount|p1b: Ficello-Man|4
|-unboost|p2a: Vox|def|1
|-boost|p2a: Vox|spe|1
|move|p1b: Ficello-Man|Make It Rain|p2a: Vox
|-damage|p2a: Vox|0 fnt
|-unboost|p1b: Ficello-Man|spa|1
|faint|p2a: Vox
|
|win|luckyross
|raw|luckyross's rating: 1125 → 1157(+32 for winning)
|raw|ikeer.ros's rating: 1222 → 1190(-32 for losing)
|l|☆ikeer.ros
|player|p2|
|l|☆luckyross
|player|p1|
|j|☆ikeer.ros
|player|p2|ikeer.ros|brawly|
