|j|☆IngeVGC
|j|☆CappoFeFe
|html|IngeVGCCappoFeFe    
|uhtml|bestof|Game 3 of a best-of-3
|t:|1785165218
|gametype|doubles
|player|p1|IngeVGC|fisherman-gen4|1355
|player|p2|CappoFeFe|1|1315
|gen|9
|tier|[Gen 9 Champions] VGC 2026 Reg M-B (Bo3)
|rated|
|rule|Species Clause: Limit one of each Pokémon
|rule|Item Clause: Limit 1 of each item
|clearpoke
|poke|p1|Aerodactyl, L50, M|
|poke|p1|Kingambit, L50, F, shiny|
|poke|p1|Farigiraf, L50, F, shiny|
|poke|p1|Charizard, L50, M, shiny|
|poke|p1|Sylveon, L50, M, shiny|
|poke|p1|Garchomp, L50, M|
|poke|p2|Farigiraf, L50, F, shiny|
|poke|p2|Camerupt, L50, M, shiny|
|poke|p2|Sylveon, L50, M, shiny|
|poke|p2|Incineroar, L50, M, shiny|
|poke|p2|Scovillain, L50, M, shiny|
|poke|p2|Kingambit, L50, M, shiny|
|teampreview|4
|showteam|p1|Aerodactyl||Aerodactylite|Unnerve|IceFang,DualWingbeat,RockSlide,Tailwind|Jolly||M|||50|]Kingambit||FocusSash|Defiant|KowtowCleave,IronHead,SuckerPunch,LowKick|Adamant||F|||50|]Farigiraf||SitrusBerry|ArmorTail|TrickRoom,Psychic,Thunderbolt,Roar|Bold||F|||50|]Charizard||CharizarditeY|SolarPower|HeatWave,WeatherBall,SolarBeam,Protect|Modest||M|||50|]Sylveon||FairyFeather|Pixilate|Detect,HyperVoice,HyperBeam,QuickAttack|Modest||M|||50|]Garchomp||LifeOrb|RoughSkin|Protect,DragonClaw,Earthquake,StompingTantrum|Jolly||M|||50|
|showteam|p2|Farigiraf||SitrusBerry|ArmorTail|Psychic,Thunderbolt,TrickRoom,Protect|Modest||F|||50|]Camerupt||Cameruptite|SolidRock|AncientPower,EarthPower,HeatWave,Protect|Quiet||M|||50|]Sylveon||LifeOrb|Pixilate|HyperVoice,HyperBeam,QuickAttack,Detect|Quiet||M|||50|]Incineroar||Charcoal|Intimidate|FakeOut,FlareBlitz,ThroatChop,PartingShot|Adamant||M|||50|]Scovillain||Scovillainite|Moody|RagePowder,Protect,LeechSeed,Flamethrower|Calm||M|||50|]Kingambit||BlackGlasses|Defiant|IronHead,KowtowCleave,SuckerPunch,Protect|Brave||M|||50|
|inactive|Battle timer is ON: inactive players will automatically lose when time's up. (requested by IngeVGC)
|
|t:|1785165271
|teamsize|p1|4
|teamsize|p2|4
|start
|switch|p1a: Charizard|Charizard, L50, M, shiny|100/100
|switch|p1b: Sylveon|Sylveon, L50, M, shiny|100/100
|switch|p2a: Farigiraf|Farigiraf, L50, F, shiny|100/100
|switch|p2b: Scovillain|Scovillain, L50, M, shiny|100/100
|turn|1
|inactive|IngeVGC has 30 seconds left.
|
|t:|1785165306
|detailschange|p1a: Charizard|Charizard-Mega-Y, L50, M, shiny
|-mega|p1a: Charizard|Charizard|Charizardite Y
|-weather|SunnyDay|[from] ability: Drought|[of] p1a: Charizard
|move|p2b: Scovillain|Protect|p2b: Scovillain
|-singleturn|p2b: Scovillain|Protect
|move|p2a: Farigiraf|Protect|p2a: Farigiraf
|-singleturn|p2a: Farigiraf|Protect
|move|p1a: Charizard|Heat Wave|p2b: Scovillain|[spread] 
|-activate|p2a: Farigiraf|move: Protect
|-activate|p2b: Scovillain|move: Protect
|move|p1b: Sylveon|Hyper Voice|p2a: Farigiraf|[spread] 
|-activate|p2a: Farigiraf|move: Protect
|-activate|p2b: Scovillain|move: Protect
|
|-weather|SunnyDay|[upkeep]
|-ability|p2b: Scovillain|Moody|boost
|-boost|p2b: Scovillain|spe|2
|-unboost|p2b: Scovillain|def|1
|upkeep
|turn|2
|inactive|CappoFeFe has 30 seconds left.
|inactive|CappoFeFe has 20 seconds left.
|inactive|CappoFeFe has 15 seconds left.
|inactive|CappoFeFe has 10 seconds left.
|inactive|CappoFeFe has 5 seconds left.
|
|t:|1785165356
|switch|p2a: Incineroar|Incineroar, L50, M, shiny|100/100
|-ability|p2a: Incineroar|Intimidate|boost
|-unboost|p1a: Charizard|atk|1
|-unboost|p1b: Sylveon|atk|1
|detailschange|p2b: Scovillain|Scovillain-Mega, L50, M, shiny
|-mega|p2b: Scovillain|Scovillain|Scovillainite
|move|p2b: Scovillain|Flamethrower|p1b: Sylveon
|-damage|p1b: Sylveon|48/100
|move|p1a: Charizard|Heat Wave|p2a: Incineroar|[spread] p2a,p2b
|-resisted|p2a: Incineroar|1
|-damage|p2a: Incineroar|70/100
|-damage|p2b: Scovillain|47/100
|-immune|p1a: Charizard
|move|p1b: Sylveon|Hyper Voice|p2b: Scovillain|[spread] p2a,p2b
|-resisted|p2b: Scovillain|1
|-damage|p2a: Incineroar|27/100
|-damage|p2b: Scovillain|26/100
|-status|p1b: Sylveon|brn|[from] ability: Spicy Spray|[of] p2b: Scovillain
|
|-weather|SunnyDay|[upkeep]
|-damage|p1b: Sylveon|42/100 brn|[from] brn
|upkeep
|turn|3
|inactive|IngeVGC has 30 seconds left.
|inactive|CappoFeFe has 30 seconds left.
|inactive|CappoFeFe has 20 seconds left.
|inactive|CappoFeFe has 15 seconds left.
|
|t:|1785165397
|switch|p2b: Farigiraf|Farigiraf, L50, F, shiny|100/100
|switch|p1b: Farigiraf|Farigiraf, L50, F, shiny|100/100
|move|p2a: Incineroar|Fake Out||[still]
|cant|p1b: Farigiraf|ability: Armor Tail|Fake Out|[of] p2a: Incineroar
|move|p1a: Charizard|Heat Wave|p2b: Farigiraf|[spread] p2a,p2b
|-resisted|p2a: Incineroar|1
|-damage|p2a: Incineroar|1/100
|-damage|p2b: Farigiraf|41/100
|-enditem|p2b: Farigiraf|Sitrus Berry|[eat]
|-heal|p2b: Farigiraf|66/100|[from] item: Sitrus Berry
|
|-weather|SunnyDay|[upkeep]
|upkeep
|turn|4
|inactive|CappoFeFe has 30 seconds left.
|inactive|CappoFeFe has 20 seconds left.
|
|t:|1785165435
|move|p1a: Charizard|Heat Wave|p2b: Farigiraf|[spread] p2a,p2b
|-resisted|p2a: Incineroar|1
|-damage|p2a: Incineroar|0 fnt
|-damage|p2b: Farigiraf|10/100
|faint|p2a: Incineroar
|move|p1b: Farigiraf|Thunderbolt|p2b: Farigiraf
|-damage|p2b: Farigiraf|0 fnt
|faint|p2b: Farigiraf
|
|-weather|SunnyDay|[upkeep]
|upkeep
|
|t:|1785165443
|switch|p2a: Scovillain|Scovillain-Mega, L50, M, shiny|26/100
|switch|p2b: Sylveon|Sylveon, L50, M, shiny|100/100
|turn|5
|
|t:|1785165454
|switch|p1a: Sylveon|Sylveon, L50, M, shiny|42/100 brn
|move|p2a: Scovillain|Protect|p2a: Scovillain
|-singleturn|p2a: Scovillain|Protect
|move|p2b: Sylveon|Detect|p2b: Sylveon
|-singleturn|p2b: Sylveon|Protect
|move|p1b: Farigiraf|Psychic|p2a: Scovillain
|-activate|p2a: Scovillain|move: Protect
|
|-weather|none
|-damage|p1a: Sylveon|36/100 brn|[from] brn
|upkeep
|turn|6
|
|t:|1785165473
|move|p2a: Scovillain|Flamethrower|p1a: Sylveon
|-damage|p1a: Sylveon|5/100 brn
|move|p1a: Sylveon|Hyper Voice|p2b: Sylveon|[spread] p2a,p2b
|-resisted|p2a: Scovillain|1
|-crit|p2b: Sylveon
|-damage|p2a: Scovillain|5/100
|-damage|p2b: Sylveon|46/100
|move|p1b: Farigiraf|Psychic|p2a: Scovillain
|-damage|p2a: Scovillain|0 fnt
|-status|p1b: Farigiraf|brn|[from] ability: Spicy Spray|[of] p2a: Scovillain
|faint|p2a: Scovillain
|move|p2b: Sylveon|Hyper Voice|p1a: Sylveon|[spread] p1a,p1b
|-damage|p1a: Sylveon|0 fnt
|-damage|p1b: Farigiraf|50/100g brn
|faint|p1a: Sylveon
|-damage|p2b: Sylveon|36/100|[from] item: Life Orb
|
|-damage|p1b: Farigiraf|44/100 brn|[from] brn
|upkeep
|-enditem|p1b: Farigiraf|Sitrus Berry|[eat]
|-heal|p1b: Farigiraf|69/100 brn|[from] item: Sitrus Berry
|
|t:|1785165480
|switch|p1a: Charizard|Charizard-Mega-Y, L50, M, shiny|100/100
|-weather|SunnyDay|[from] ability: Drought|[of] p1a: Charizard
|turn|7
|
|t:|1785165488
|move|p2b: Sylveon|Quick Attack||[still]
|cant|p1b: Farigiraf|ability: Armor Tail|Quick Attack|[of] p2b: Sylveon
|move|p1a: Charizard|Weather Ball|p2b: Sylveon
|-crit|p2b: Sylveon
|-damage|p2b: Sylveon|0 fnt
|faint|p2b: Sylveon
|
|win|IngeVGC
|raw|IngeVGC's rating: 1355 → 1373(+18 for winning)
|raw|CappoFeFe's rating: 1315 → 1297(-18 for losing)
