|j|☆sturmkitten69
|j|☆Mazora
|html|sturmkitten69Mazora    
|uhtml|bestof|Game 3 of a best-of-3
|t:|1782708111
|gametype|doubles
|player|p1|sturmkitten69|fisherman-gen4|1143
|player|p2|Mazora|rosa|1082
|gen|9
|tier|[Gen 9 Champions] VGC 2026 Reg M-B (Bo3)
|rated|
|rule|Species Clause: Limit one of each Pokémon
|rule|Item Clause: Limit 1 of each item
|clearpoke
|poke|p1|Whimsicott, L50, M|
|poke|p1|Torkoal, L50, M|
|poke|p1|Farigiraf, L50, F, shiny|
|poke|p1|Charizard, L50, F|
|poke|p1|Kingambit, L50, M|
|poke|p1|Garchomp, L50, M|
|poke|p2|Basculegion, L50, M|
|poke|p2|Whimsicott, L50, M|
|poke|p2|Eelektross, L50, F|
|poke|p2|Samurott-Hisui, L50, F|
|poke|p2|Garchomp, L50, F|
|poke|p2|Musharna, L50, M|
|teampreview|4
|showteam|p1|Whimsicott||FocusSash|Prankster|Encore,Moonblast,Protect,Tailwind|Modest||M|||50|]Torkoal||Charcoal|Drought|Eruption,EarthPower,Protect,HeatWave|Modest||M|||50|]Farigiraf||ColburBerry|ArmorTail|Psychic,Thunderbolt,HelpingHand,TrickRoom|Bold||F|||50|]Charizard||CharizarditeY|Blaze|HeatWave,SolarBeam,WeatherBall,Protect|Modest||F|||50|]Kingambit||BlackGlasses|Defiant|KowtowCleave,SuckerPunch,Protect,IronHead|Adamant||M|||50|]Garchomp||LifeOrb|SandVeil|RockSlide,Earthquake,Protect,DragonClaw|Adamant||M|||50|
|showteam|p2|Basculegion||ChoiceScarf|Adaptability|WaveCrash,HeadSmash,FlipTurn,LastRespects|Jolly||M|||50|]Whimsicott||FocusSash|Prankster|Protect,Encore,Tailwind,Moonblast|Timid||M|||50|]Eelektross||Eelektrossite|Levitate|Protect,Flamethrower,GigaDrain,Discharge|Modest||F|||50|]Samurott-Hisui||LifeOrb|Sharpness|Soak,SacredSword,CeaselessEdge,RazorShell|Jolly||F|||50|]Garchomp||SitrusBerry|RoughSkin|Protect,RockTomb,DragonClaw,Earthquake|Adamant||F|||50|]Musharna||LightClay|Telepathy|Moonblast,Psychic,LightScreen,Reflect|Bold||M|||50|
|inactive|Battle timer is ON: inactive players will automatically lose when time's up. (requested by Mazora)
|
|t:|1782708124
|teamsize|p1|4
|teamsize|p2|4
|start
|switch|p1a: Charizard|Charizard, L50, F|100/100
|switch|p1b: Farigiraf|Farigiraf, L50, F, shiny|100/100
|switch|p2a: Musharna|Musharna, L50, M|100/100
|switch|p2b: Samurott|Samurott-Hisui, L50, F|100/100
|turn|1
|
|t:|1782708146
|detailschange|p1a: Charizard|Charizard-Mega-Y, L50, F
|-mega|p1a: Charizard|Charizard|Charizardite Y
|-weather|SunnyDay|[from] ability: Drought|[of] p1a: Charizard
|move|p2b: Samurott|Ceaseless Edge|p1b: Farigiraf
|-supereffective|p1b: Farigiraf|1
|-crit|p1b: Farigiraf
|-enditem|p1b: Farigiraf|Colbur Berry|[eat]
|-enditem|p1b: Farigiraf|Colbur Berry|[weaken]
|-damage|p1b: Farigiraf|29/100
|-sidestart|p1: sturmkitten69|Spikes
|-damage|p2b: Samurott|90/100|[from] item: Life Orb
|move|p1a: Charizard|Solar Beam||[still]
|-prepare|p1a: Charizard|Solar Beam
|-anim|p1a: Charizard|Solar Beam|p2b: Samurott
|-supereffective|p2b: Samurott|1
|-damage|p2b: Samurott|0 fnt
|faint|p2b: Samurott
|move|p1b: Farigiraf|Thunderbolt|p2a: Musharna
|-damage|p2a: Musharna|82/100
|move|p2a: Musharna|Psychic|p1b: Farigiraf
|-resisted|p1b: Farigiraf|1
|-damage|p1b: Farigiraf|15/100
|
|-weather|SunnyDay|[upkeep]
|upkeep
|
|t:|1782708167
|switch|p2b: Eelektross|Eelektross, L50, F|100/100
|turn|2
|
|t:|1782708173
|detailschange|p2b: Eelektross|Eelektross-Mega, L50, F
|-mega|p2b: Eelektross|Eelektross|Eelektrossite
|move|p1b: Farigiraf|Helping Hand|p1a: Charizard
|-singleturn|p1a: Charizard|Helping Hand|[of] p1b: Farigiraf
|move|p1a: Charizard|Heat Wave|p2a: Musharna|[spread] p2a,p2b
|-damage|p2a: Musharna|8/100
|-damage|p2b: Eelektross|0 fnt
|faint|p2b: Eelektross
|move|p2a: Musharna|Light Screen|p2a: Musharna
|-sidestart|p2: Mazora|move: Light Screen
|
|-weather|SunnyDay|[upkeep]
|upkeep
|
|t:|1782708182
|switch|p2b: Basculegion|Basculegion, L50, M|100/100
|turn|3
|
|t:|1782708193
|move|p1a: Charizard|Protect|p1a: Charizard
|-singleturn|p1a: Charizard|Protect
|move|p2b: Basculegion|Last Respects|p1a: Charizard
|-activate|p1a: Charizard|move: Protect
|move|p1b: Farigiraf|Thunderbolt|p2b: Basculegion
|-supereffective|p2b: Basculegion|1
|-damage|p2b: Basculegion|63/100
|move|p2a: Musharna|Psychic|p1b: Farigiraf
|-resisted|p1b: Farigiraf|1
|-damage|p1b: Farigiraf|3/100
|
|-weather|SunnyDay|[upkeep]
|upkeep
|turn|4
|c|☆sturmkitten69|sakit bai?
|
|t:|1782708209
|switch|p1a: Kingambit|Kingambit, L50, M|100/100
|-damage|p1a: Kingambit|87/100|[from] Spikes
|move|p2b: Basculegion|Last Respects|p1a: Kingambit
|-resisted|p1a: Kingambit|1
|-damage|p1a: Kingambit|55/100
|move|p1b: Farigiraf|Thunderbolt|p2b: Basculegion
|-supereffective|p2b: Basculegion|1
|-damage|p2b: Basculegion|25/100
|move|p2a: Musharna|Psychic|p1b: Farigiraf
|-resisted|p1b: Farigiraf|1
|-damage|p1b: Farigiraf|0 fnt
|faint|p1b: Farigiraf
|
|-weather|SunnyDay|[upkeep]
|upkeep
|c|☆sturmkitten69|katol kayo
|l|☆Mazora
|inactive|Mazora disconnected and has a minute to reconnect!
|player|p2|
|
|t:|1782708224
|switch|p1b: Whimsicott|Whimsicott, L50, M|100/100
|-damage|p1b: Whimsicott|87/100|[from] Spikes
|turn|5
|j|☆Mazora
|inactive|Mazora reconnected and has 40 seconds left.
|player|p2|Mazora|rosa|
|inactive|Mazora has 30 seconds left.
|
|t:|1782708256
|move|p1a: Kingambit|Sucker Punch|p2b: Basculegion
|-supereffective|p2b: Basculegion|1
|-damage|p2b: Basculegion|0 fnt
|faint|p2b: Basculegion
|move|p1b: Whimsicott|Moonblast|p2a: Musharna
|-damage|p2a: Musharna|0 fnt
|faint|p2a: Musharna
|
|win|sturmkitten69
|raw|sturmkitten69's rating: 1143 → 1164(+21 for winning)
|raw|Mazora's rating: 1082 → 1064(-18 for losing)
|l|☆Mazora
|player|p2|
