|j|☆SuprEpcGuy
|j|☆nutbuster151
|html|SuprEpcGuynutbuster151    
|uhtml|bestof|Game 1 of a best-of-3
|t:|1784048206
|gametype|doubles
|player|p1|SuprEpcGuy|shauntal|1239
|player|p2|nutbuster151|acetrainer|1177
|gen|9
|tier|[Gen 9 Champions] VGC 2026 Reg M-B (Bo3)
|rated|
|rule|Species Clause: Limit one of each Pokémon
|rule|Item Clause: Limit 1 of each item
|clearpoke
|poke|p1|Zoroark-Hisui, L50, F|
|poke|p1|Aerodactyl, L50, M|
|poke|p1|Kingambit, L50, F, shiny|
|poke|p1|Basculegion, L50, M|
|poke|p1|Incineroar, L50, F|
|poke|p1|Sylveon, L50, M|
|poke|p2|Sneasler, L50, F|
|poke|p2|Charizard, L50, F|
|poke|p2|Tyranitar, L50, M|
|poke|p2|Garchomp, L50, M|
|poke|p2|Whimsicott, L50, M|
|poke|p2|Basculegion, L50, M|
|teampreview|4
|showteam|p1|Zoroark-Hisui||FocusSash|Illusion|ShadowBall,WillOWisp,Taunt,Protect|Timid||F|||50|]Aerodactyl||Aerodactylite|RockHead|RockSlide,IceFang,DualWingbeat,Tailwind|Jolly||M|||50|]Kingambit||ChopleBerry|Defiant|SuckerPunch,KowtowCleave,LowKick,Protect|Adamant||F|||50|]Basculegion||MysticWater|Adaptability|AquaJet,Liquidation,LastRespects,Protect|Adamant||M|||50|]Incineroar||SitrusBerry|Intimidate|FlareBlitz,ThroatChop,PartingShot,FakeOut|Careful||F|||50|]Sylveon||FairyFeather|Pixilate|HyperVoice,QuickAttack,HyperBeam,Protect|Modest||M|||50|
|showteam|p2|Sneasler||WhiteHerb|Unburden|CloseCombat,DireClaw,FakeOut,Coaching|Impish||F|||50|]Charizard||CharizarditeY|Blaze|HeatWave,SolarBeam,WeatherBall,Protect|Modest||F|||50|]Tyranitar||Tyranitarite|SandStream|RockSlide,DragonDance,Crunch,Protect|Adamant||M|||50|]Garchomp||FocusSash|SandVeil|DragonClaw,StompingTantrum,SwordsDance,Protect|Jolly||M|||50|]Whimsicott||FairyFeather|Prankster|Tailwind,Encore,Moonblast,Protect|Timid||M|||50|]Basculegion||ChoiceScarf|Adaptability|WaveCrash,LastRespects,AquaJet,FlipTurn|Adamant||M|||50|
|inactive|Battle timer is ON: inactive players will automatically lose when time's up. (requested by SuprEpcGuy)
|inactive|SuprEpcGuy has 60 seconds left.
|inactive|nutbuster151 has 60 seconds left.
|
|t:|1784048239
|teamsize|p1|4
|teamsize|p2|4
|start
|switch|p1a: Freight|Aerodactyl, L50, M|100/100
|switch|p1b: Big Purr|Incineroar, L50, F|100/100
|switch|p2a: Sneasler|Sneasler, L50, F|100/100
|switch|p2b: Tyranitar|Tyranitar, L50, M|100/100
|-weather|Sandstorm|[from] ability: Sand Stream|[of] p2b: Tyranitar
|-ability|p1b: Big Purr|Intimidate|boost
|-unboost|p2a: Sneasler|atk|1
|-unboost|p2b: Tyranitar|atk|1
|-enditem|p2a: Sneasler|White Herb
|-clearnegativeboost|p2a: Sneasler|[silent]
|turn|1
|inactive|SuprEpcGuy has 30 seconds left.
|inactive|nutbuster151 has 30 seconds left.
|inactive|SuprEpcGuy has 20 seconds left.
|inactive|nutbuster151 has 20 seconds left.
|inactive|SuprEpcGuy has 15 seconds left.
|inactive|nutbuster151 has 15 seconds left.
|
|t:|1784048283
|switch|p2a: Basculegion|Basculegion, L50, M|100/100
|switch|p1a: Reverence|Basculegion, L50, M|100/100
|detailschange|p2b: Tyranitar|Tyranitar-Mega, L50, M
|-mega|p2b: Tyranitar|Tyranitar|Tyranitarite
|move|p1b: Big Purr|Fake Out|p2b: Tyranitar
|-resisted|p2b: Tyranitar|1
|-damage|p2b: Tyranitar|96/100
|cant|p2b: Tyranitar|flinch
|
|-weather|Sandstorm|[upkeep]
|-damage|p2a: Basculegion|93/100|[from] Sandstorm
|-damage|p1a: Reverence|93/100|[from] Sandstorm
|-damage|p1b: Big Purr|94/100|[from] Sandstorm
|upkeep
|turn|2
|inactive|SuprEpcGuy has 30 seconds left.
|inactive|nutbuster151 has 30 seconds left.
|
|t:|1784048322
|switch|p2a: Garchomp|Garchomp, L50, M|100/100
|switch|p1b: Paraselene|Kingambit, L50, F, shiny|100/100
|move|p2b: Tyranitar|Dragon Dance|p2b: Tyranitar
|-boost|p2b: Tyranitar|atk|1
|-boost|p2b: Tyranitar|spe|1
|move|p1a: Reverence|Liquidation|p2b: Tyranitar
|-supereffective|p2b: Tyranitar|1
|-damage|p2b: Tyranitar|0 fnt
|faint|p2b: Tyranitar
|
|-weather|Sandstorm|[upkeep]
|-damage|p1a: Reverence|87/100|[from] Sandstorm
|upkeep
|
|t:|1784048337
|switch|p2b: Sneasler|Sneasler, L50, F|100/100
|turn|3
|inactive|nutbuster151 has 30 seconds left.
|inactive|nutbuster151 has 20 seconds left.
|
|t:|1784048372
|move|p2a: Garchomp|Protect|p2a: Garchomp
|-singleturn|p2a: Garchomp|Protect
|move|p1b: Paraselene|Protect|p1b: Paraselene
|-singleturn|p1b: Paraselene|Protect
|move|p2b: Sneasler|Close Combat|p1b: Paraselene
|-activate|p1b: Paraselene|move: Protect
|move|p1a: Reverence|Liquidation|p2a: Garchomp
|-activate|p2a: Garchomp|move: Protect
|
|-weather|Sandstorm|[upkeep]
|-damage|p2b: Sneasler|93/100|[from] Sandstorm
|-damage|p1a: Reverence|81/100|[from] Sandstorm
|upkeep
|turn|4
|inactive|nutbuster151 has 30 seconds left.
|inactive|nutbuster151 has 20 seconds left.
|inactive|nutbuster151 has 15 seconds left.
|inactive|nutbuster151 has 10 seconds left.
|
|t:|1784048418
|switch|p2a: Basculegion|Basculegion, L50, M|93/100
|switch|p1b: Freight|Aerodactyl, L50, M|100/100
|move|p2b: Sneasler|Coaching|p2a: Basculegion
|-boost|p2a: Basculegion|atk|1
|-boost|p2a: Basculegion|def|1
|move|p1a: Reverence|Liquidation|p2a: Basculegion
|-resisted|p2a: Basculegion|1
|-damage|p2a: Basculegion|66/100
|-unboost|p2a: Basculegion|def|1
|
|-weather|Sandstorm|[upkeep]
|-damage|p2a: Basculegion|60/100|[from] Sandstorm
|-damage|p2b: Sneasler|87/100|[from] Sandstorm
|-damage|p1a: Reverence|75/100|[from] Sandstorm
|upkeep
|turn|5
|inactive|nutbuster151 has 30 seconds left.
|
|t:|1784048448
|detailschange|p1b: Freight|Aerodactyl-Mega, L50, M
|-mega|p1b: Freight|Aerodactyl|Aerodactylite
|move|p1b: Freight|Tailwind|p1b: Freight
|-sidestart|p1: SuprEpcGuy|move: Tailwind
|move|p1a: Reverence|Last Respects|p2a: Basculegion
|-supereffective|p2a: Basculegion|1
|-damage|p2a: Basculegion|0 fnt
|faint|p2a: Basculegion
|move|p2b: Sneasler|Close Combat|p1b: Freight
|-damage|p1b: Freight|23/100
|-unboost|p2b: Sneasler|def|1
|-unboost|p2b: Sneasler|spd|1
|
|-weather|none
|upkeep
|
|t:|1784048462
|switch|p2a: Garchomp|Garchomp, L50, M|100/100
|turn|6
|inactive|SuprEpcGuy has 30 seconds left.
|inactive|SuprEpcGuy has 20 seconds left.
|
|t:|1784048497
|move|p1b: Freight|Dual Wingbeat|p2b: Sneasler
|-supereffective|p2b: Sneasler|1
|-damage|p2b: Sneasler|0 fnt
|faint|p2b: Sneasler
|-hitcount|p2: Sneasler|1
|move|p1a: Reverence|Liquidation|p2a: Garchomp
|-damage|p2a: Garchomp|32/100
|move|p2a: Garchomp|Dragon Claw|p1a: Reverence
|-damage|p1a: Reverence|26/100
|
|upkeep
|turn|7
|
|t:|1784048512
|move|p1b: Freight|Ice Fang|p2a: Garchomp
|-supereffective|p2a: Garchomp|2
|-damage|p2a: Garchomp|0 fnt
|faint|p2a: Garchomp
|
|win|SuprEpcGuy
