|j|☆PepsiMaxmax
|j|☆bassacucina777
|html|PepsiMaxmaxbassacucina777    
|uhtml|bestof|Game 1 of a best-of-3
|t:|1756315720
|gametype|doubles
|player|p1|PepsiMaxmax|fisherman-gen4|1102
|player|p2|bassacucina777|1|1146
|gen|9
|tier|[Gen 9] VGC 2025 Reg H (Bo3)
|rated|
|rule|Species Clause: Limit one of each Pokémon
|rule|Item Clause: Limit 1 of each item
|clearpoke
|poke|p1|Mamoswine, L50, F|
|poke|p1|Annihilape, L50, M|
|poke|p1|Whimsicott, L50, F|
|poke|p1|Rillaboom, L50, F|
|poke|p1|Tyranitar, L50, F|
|poke|p1|Gholdengo, L50|
|poke|p2|Garchomp, L50, F|
|poke|p2|Jumpluff, L50, F|
|poke|p2|Torkoal, L50, M|
|poke|p2|Dragonite, L50, M|
|poke|p2|Kingambit, L50, F|
|poke|p2|Typhlosion-Hisui, L50, M|
|teampreview|4
|showteam|p1|Mamoswine||ClearAmulet|ThickFat|IcicleCrash,HighHorsepower,IceShard,Protect|||F|||50|,,,,,Grass]Annihilape||ChoiceScarf|VitalSpirit|Coaching,CloseCombat,FinalGambit,ShadowClaw|||M|||50|,,,,,Fire]Whimsicott||CovertCloak|Prankster|Moonblast,LightScreen,Tailwind,Encore|||F|||50|,,,,,Dragon]Rillaboom||AssaultVest|GrassySurge|GrassyGlide,FakeOut,DrumBeating,WoodHammer|||F|||50|,,,,,Water]Tyranitar||FocusSash|SandStream|RockSlide,KnockOff,Taunt,Protect|||F|||50|,,,,,Flying]Gholdengo||LifeOrb|GoodasGold|NastyPlot,MakeItRain,ShadowBall,Protect||||||50|,,,,,Steel
|showteam|p2|Garchomp||LifeOrb|RoughSkin|Earthquake,DragonClaw,StompingTantrum,Protect|||F|||50|,,,,,Fire]Jumpluff||CovertCloak|Chlorophyll|LeafStorm,SleepPowder,Encore,Tailwind|||F|||50|,,,,,Water]Torkoal||EjectPack|Drought|Overheat,BurningJealousy,HelpingHand,Protect|||M|||50|,,,,,Flying]Dragonite||LoadedDice|Multiscale|ScaleShot,ExtremeSpeed,Haze,Protect|||M|||50|,,,,,Fairy]Kingambit||AssaultVest|Defiant|IronHead,SuckerPunch,Assurance,LowKick|||F|||50|,,,,,Flying]Typhlosion-Hisui||ChoiceSpecs|Blaze|Eruption,ShadowBall,HeatWave,Overheat|||M|||50|,,,,,Fire
|j| Grizzybee0
|l|☆PepsiMaxmax
|player|p1|
|inactive|Battle timer is ON: inactive players will automatically lose when time's up. (requested by bassacucina777)
|j|☆PepsiMaxmax
|inactive|PepsiMaxmax reconnected and has 75 seconds left.
|player|p1|PepsiMaxmax|fisherman-gen4|
|inactive|PepsiMaxmax has 60 seconds left.
|
|t:|1756315812
|teamsize|p1|4
|teamsize|p2|4
|start
|switch|p1a: Whimsicott|Whimsicott, L50, F|100/100
|switch|p1b: Gholdengo|Gholdengo, L50|100/100
|switch|p2a: Jumpluff|Jumpluff, L50, F|100/100
|switch|p2b: Typhlosion|Typhlosion-Hisui, L50, M|100/100
|turn|1
|inactive|bassacucina777 has 30 seconds left.
|
|t:|1756315846
|-terastallize|p2b: Typhlosion|Fire
|move|p1a: Whimsicott|Tailwind|p1a: Whimsicott
|-sidestart|p1: PepsiMaxmax|move: Tailwind
|move|p1b: Gholdengo|Shadow Ball|p2b: Typhlosion
|-damage|p2b: Typhlosion|27/100
|-unboost|p2b: Typhlosion|spd|1
|-damage|p1b: Gholdengo|91/100|[from] item: Life Orb
|move|p2a: Jumpluff|Tailwind|p2a: Jumpluff
|-sidestart|p2: bassacucina777|move: Tailwind
|move|p2b: Typhlosion|Heat Wave|p1a: Whimsicott|[spread] p1a,p1b
|-supereffective|p1a: Whimsicott
|-supereffective|p1b: Gholdengo
|-damage|p1a: Whimsicott|0 fnt
|-damage|p1b: Gholdengo|0 fnt
|faint|p1a: Whimsicott
|faint|p1b: Gholdengo
|
|upkeep
|
|t:|1756315861
|switch|p1a: Tyranitar|Tyranitar, L50, F|100/100
|switch|p1b: Mamoswine|Mamoswine, L50, F|100/100
|-weather|Sandstorm|[from] ability: Sand Stream|[of] p1a: Tyranitar
|turn|2
|inactive|bassacucina777 has 30 seconds left.
|inactive|bassacucina777 has 20 seconds left.
|
|t:|1756315896
|move|p1b: Mamoswine|Protect|p1b: Mamoswine
|-singleturn|p1b: Mamoswine|Protect
|move|p2a: Jumpluff|Sleep Powder|p1a: Tyranitar|[miss]
|-miss|p2a: Jumpluff|p1a: Tyranitar
|move|p2b: Typhlosion|Heat Wave|p1b: Mamoswine|[spread] p1a
|-activate|p1b: Mamoswine|move: Protect
|-resisted|p1a: Tyranitar
|-damage|p1a: Tyranitar|64/100
|move|p1a: Tyranitar|Rock Slide|p2a: Jumpluff|[spread] p2a,p2b
|-supereffective|p2a: Jumpluff
|-supereffective|p2b: Typhlosion
|-damage|p2a: Jumpluff|26/100
|-damage|p2b: Typhlosion|0 fnt
|faint|p2b: Typhlosion
|
|-weather|Sandstorm|[upkeep]
|-damage|p2a: Jumpluff|20/100|[from] Sandstorm
|upkeep
|
|t:|1756315912
|switch|p2b: Torkoal|Torkoal, L50, M|100/100
|-weather|SunnyDay|[from] ability: Drought|[of] p2b: Torkoal
|turn|3
|inactive|PepsiMaxmax has 30 seconds left.
|inactive|bassacucina777 has 30 seconds left.
|
|t:|1756315940
|move|p2b: Torkoal|Protect|p2b: Torkoal
|-singleturn|p2b: Torkoal|Protect
|move|p1b: Mamoswine|Ice Shard|p2a: Jumpluff
|-supereffective|p2a: Jumpluff
|-damage|p2a: Jumpluff|0 fnt
|faint|p2a: Jumpluff
|move|p1a: Tyranitar|Rock Slide|p2b: Torkoal
|-activate|p2b: Torkoal|move: Protect
|
|-weather|SunnyDay|[upkeep]
|upkeep
|
|t:|1756315946
|switch|p2a: Dragonite|Dragonite, L50, M|100/100
|turn|4
|
|t:|1756315972
|move|p2a: Dragonite|Extreme Speed|p1b: Mamoswine
|-damage|p1b: Mamoswine|70/100
|move|p1a: Tyranitar|Rock Slide|p2a: Dragonite|[spread] p2a,p2b
|-supereffective|p2a: Dragonite
|-supereffective|p2b: Torkoal
|-damage|p2a: Dragonite|68/100
|-damage|p2b: Torkoal|55/100
|move|p1b: Mamoswine|High Horsepower|p2b: Torkoal
|-supereffective|p2b: Torkoal
|-damage|p2b: Torkoal|0 fnt
|faint|p2b: Torkoal
|
|-weather|SunnyDay|[upkeep]
|-sideend|p1: PepsiMaxmax|move: Tailwind
|-sideend|p2: bassacucina777|move: Tailwind
|upkeep
|turn|5
|-message|bassacucina777 forfeited.
|
|win|PepsiMaxmax
