|j|☆gaelstromm
|j|☆Grugeater45
|html|gaelstrommGrugeater45    
|uhtml|bestof|Game 2 of a best-of-3
|t:|1757854731
|gametype|doubles
|player|p1|gaelstromm|1|1210
|player|p2|Grugeater45|gentleman|1226
|gen|9
|tier|[Gen 9] VGC 2025 Reg H (Bo3)
|rated|
|rule|Species Clause: Limit one of each Pokémon
|rule|Item Clause: Limit 1 of each item
|clearpoke
|poke|p1|Gholdengo, L50|
|poke|p1|Incineroar, L50, F|
|poke|p1|Amoonguss, L50, F|
|poke|p1|Archaludon, L50, F|
|poke|p1|Pelipper, L50, F|
|poke|p1|Basculegion, L50, M|
|poke|p2|Ursaluna-Bloodmoon, L50, M|
|poke|p2|Whimsicott, L50, F|
|poke|p2|Arcanine-Hisui, L50, M|
|poke|p2|Annihilape, L50, F|
|poke|p2|Maushold, L50|
|poke|p2|Ninetales-Alola, L50, F|
|teampreview|4
|showteam|p1|Gholdengo||LifeOrb|GoodasGold|MakeItRain,ShadowBall,NastyPlot,Protect||||||50|,,,,,Water]Incineroar||RockyHelmet|Intimidate|Taunt,KnockOff,PartingShot,FakeOut|||F|||50|,,,,,Ghost]Amoonguss||SitrusBerry|Regenerator|PollenPuff,Spore,RagePowder,Protect|||F|||50|,,,,,Water]Archaludon||AssaultVest|Stamina|DragonPulse,FlashCannon,ElectroShot,BodyPress|||F|||50|,,,,,Bug]Pelipper||FocusSash|Drizzle|WeatherBall,Hurricane,Tailwind,Protect|||F|||50|,,,,,Ground]Basculegion||ChoiceBand|SwiftSwim|WaveCrash,LastRespects,FlipTurn,AquaJet|||M|||50|,,,,,Water
|showteam|p2|Ursaluna-Bloodmoon||LifeOrb|MindsEye|BloodMoon,HyperVoice,EarthPower,Protect|||M|||50|,,,,,Normal]Whimsicott||CovertCloak|Prankster|Moonblast,Tailwind,Encore,MistyTerrain|||F|||50|,,,,,Dark]Arcanine-Hisui||ChoiceBand|Intimidate|ExtremeSpeed,RockSlide,FlareBlitz,CloseCombat|||M|||50|,,,,,Normal]Annihilape||Leftovers|Defiant|RageFist,DrainPunch,BulkUp,Protect|||F|||50|,,,,,Grass]Maushold||SafetyGoggles|FriendGuard|FollowMe,BeatUp,Taunt,Protect||||||50|,,,,,Ghost]Ninetales-Alola||FocusSash|SnowWarning|Blizzard,FreezeDry,AuroraVeil,Protect|||F|||50|,,,,,Ice
|inactive|Battle timer is ON: inactive players will automatically lose when time's up. (requested by gaelstromm)
|inactive|gaelstromm has 60 seconds left.
|inactive|Grugeater45 has 60 seconds left.
|inactive|gaelstromm has 30 seconds left.
|inactive|gaelstromm has 20 seconds left.
|inactive|gaelstromm has 15 seconds left.
|
|t:|1757854811
|teamsize|p1|4
|teamsize|p2|4
|start
|switch|p1a: Pelipper|Pelipper, L50, F|100/100
|switch|p1b: Basculegion|Basculegion, L50, M|100/100
|switch|p2a: Ursaluna|Ursaluna-Bloodmoon, L50, M|100/100
|switch|p2b: Whimsicott|Whimsicott, L50, F|100/100
|-weather|RainDance|[from] ability: Drizzle|[of] p1a: Pelipper
|turn|1
|inactive|gaelstromm has 30 seconds left.
|inactive|gaelstromm has 20 seconds left.
|
|t:|1757854848
|move|p2a: Ursaluna|Protect|p2a: Ursaluna
|-singleturn|p2a: Ursaluna|Protect
|move|p2b: Whimsicott|Tailwind|p2b: Whimsicott
|-sidestart|p2: Grugeater45|move: Tailwind
|move|p1b: Basculegion|Flip Turn|p2a: Ursaluna
|-activate|p2a: Ursaluna|move: Protect
|move|p1a: Pelipper|Hurricane|p2b: Whimsicott
|-supereffective|p2b: Whimsicott
|-damage|p2b: Whimsicott|0 fnt
|faint|p2b: Whimsicott
|
|-weather|RainDance|[upkeep]
|upkeep
|
|t:|1757854858
|switch|p2b: Ninetales|Ninetales-Alola, L50, F|100/100
|-weather|Snowscape|[from] ability: Snow Warning|[of] p2b: Ninetales
|turn|2
|inactive|gaelstromm has 30 seconds left.
|
|t:|1757854890
|switch|p1b: Amoonguss|Amoonguss, L50, F|100/100
|move|p2b: Ninetales|Blizzard|p1a: Pelipper|[spread] p1a,p1b
|-supereffective|p1b: Amoonguss
|-damage|p1a: Pelipper|43/100
|-damage|p1b: Amoonguss|53/100
|move|p2a: Ursaluna|Hyper Voice|p1a: Pelipper|[spread] p1a,p1b
|-damage|p1a: Pelipper|0 fnt
|-damage|p1b: Amoonguss|10/100
|-enditem|p1b: Amoonguss|Sitrus Berry|[eat]
|-heal|p1b: Amoonguss|35/100|[from] item: Sitrus Berry
|faint|p1a: Pelipper
|-damage|p2a: Ursaluna|91/100|[from] item: Life Orb
|
|-weather|Snowscape|[upkeep]
|upkeep
|
|t:|1757854897
|switch|p1a: Gholdengo|Gholdengo, L50|100/100
|turn|3
|
|t:|1757854916
|-terastallize|p2a: Ursaluna|Normal
|move|p1b: Amoonguss|Rage Powder|p1b: Amoonguss
|-singleturn|p1b: Amoonguss|move: Rage Powder
|move|p2b: Ninetales|Aurora Veil|p2b: Ninetales
|-sidestart|p2: Grugeater45|move: Aurora Veil
|move|p2a: Ursaluna|Hyper Voice|p1b: Amoonguss|[spread] p1a,p1b
|-resisted|p1a: Gholdengo
|-damage|p1a: Gholdengo|61/100
|-damage|p1b: Amoonguss|0 fnt
|faint|p1b: Amoonguss
|-damage|p2a: Ursaluna|81/100|[from] item: Life Orb
|move|p1a: Gholdengo|Make It Rain|p2b: Ninetales|[spread] p2a,p2b
|-supereffective|p2b: Ninetales
|-damage|p2a: Ursaluna|28/100
|-enditem|p2b: Ninetales|Focus Sash
|-damage|p2b: Ninetales|1/100
|-unboost|p1a: Gholdengo|spa|1
|-damage|p1a: Gholdengo|52/100|[from] item: Life Orb
|
|-weather|Snowscape|[upkeep]
|upkeep
|
|t:|1757854925
|switch|p1b: Basculegion|Basculegion, L50, M|100/100
|turn|4
|inactive|gaelstromm has 30 seconds left.
|inactive|Grugeater45 has 30 seconds left.
|inactive|gaelstromm has 20 seconds left.
|
|t:|1757854965
|switch|p2b: Arcanine|Arcanine-Hisui, L50, M|100/100
|-ability|p2b: Arcanine|Intimidate|boost
|-unboost|p1a: Gholdengo|atk|1
|-unboost|p1b: Basculegion|atk|1
|-terastallize|p1b: Basculegion|Water
|move|p1b: Basculegion|Aqua Jet|p2a: Ursaluna
|-damage|p2a: Ursaluna|13/100
|move|p2a: Ursaluna|Hyper Voice|p1b: Basculegion|[spread] p1a,p1b
|-resisted|p1a: Gholdengo
|-damage|p1a: Gholdengo|16/100
|-damage|p1b: Basculegion|26/100
|-damage|p2a: Ursaluna|3/100|[from] item: Life Orb
|move|p1a: Gholdengo|Nasty Plot|p1a: Gholdengo
|-boost|p1a: Gholdengo|spa|2
|
|-weather|Snowscape|[upkeep]
|-sideend|p2: Grugeater45|move: Tailwind
|upkeep
|turn|5
|inactive|gaelstromm has 30 seconds left.
|
|t:|1757854993
|move|p2b: Arcanine|Extreme Speed|p1b: Basculegion
|-damage|p1b: Basculegion|0 fnt
|faint|p1b: Basculegion
|move|p1a: Gholdengo|Make It Rain|p2a: Ursaluna|[spread] p2a,p2b
|-damage|p2a: Ursaluna|0 fnt
|-damage|p2b: Arcanine|30/100
|-unboost|p1a: Gholdengo|spa|1
|faint|p2a: Ursaluna
|-damage|p1a: Gholdengo|7/100|[from] item: Life Orb
|
|-weather|Snowscape|[upkeep]
|upkeep
|
|t:|1757855004
|switch|p2a: Ninetales|Ninetales-Alola, L50, F|1/100
|turn|6
|
|t:|1757855014
|move|p1a: Gholdengo|Protect|p1a: Gholdengo
|-singleturn|p1a: Gholdengo|Protect
|move|p2b: Arcanine|Extreme Speed|p1a: Gholdengo
|-activate|p1a: Gholdengo|move: Protect
|move|p2a: Ninetales|Blizzard|p1a: Gholdengo
|-activate|p1a: Gholdengo|move: Protect
|
|-weather|none
|upkeep
|turn|7
|
|t:|1757855034
|move|p2b: Arcanine|Extreme Speed|p1a: Gholdengo
|-immune|p1a: Gholdengo
|move|p2a: Ninetales|Freeze-Dry|p1a: Gholdengo
|-resisted|p1a: Gholdengo
|-damage|p1a: Gholdengo|0 fnt
|faint|p1a: Gholdengo
|
|win|Grugeater45
|raw|gaelstromm's rating: 1210 → 1186(-24 for losing)
|raw|Grugeater45's rating: 1226 → 1250(+24 for winning)
|l|☆gaelstromm
|player|p1|
|j|☆gaelstromm
|player|p1|gaelstromm|1|
