|j|☆Martzone
|j|☆MrGhost1724
|html|MartzoneMrGhost1724    
|uhtml|bestof|Game 2 of a best-of-3
|t:|1782207936
|gametype|doubles
|player|p1|Martzone|2|1096
|player|p2|MrGhost1724|hilbert|1188
|gen|9
|tier|[Gen 9 Champions] VGC 2026 Reg M-B (Bo3)
|rated|
|rule|Species Clause: Limit one of each Pokémon
|rule|Item Clause: Limit 1 of each item
|clearpoke
|poke|p1|Blaziken, L50, F|
|poke|p1|Metagross, L50|
|poke|p1|Whimsicott, L50, M|
|poke|p1|Hydreigon, L50, F|
|poke|p1|Farigiraf, L50, M|
|poke|p1|Basculegion, L50, M|
|poke|p2|Dragonite, L50, F|
|poke|p2|Sylveon, L50, F|
|poke|p2|Metagross, L50|
|poke|p2|Incineroar, L50, F|
|poke|p2|Farigiraf, L50, M|
|poke|p2|Basculegion, L50, M|
|teampreview|4
|showteam|p1|Blaziken||Blazikenite|SpeedBoost|CloseCombat,FlareBlitz,RockSlide,Protect|Adamant||F|||50|]Metagross||Metagrossite|ClearBody|PsychicFangs,IronHead,StompingTantrum,Protect|Jolly|||||50|]Whimsicott||FocusSash|Prankster|Moonblast,EnergyBall,Tailwind,Protect|Timid||M|||50|]Hydreigon||ChoiceScarf|Levitate|DracoMeteor,DarkPulse,Snarl,EarthPower|Modest||F|||50|]Farigiraf||SitrusBerry|ArmorTail|Psychic,Thunderbolt,Roar,TrickRoom|Bold||M|||50|]Basculegion||LifeOrb|Adaptability|LastRespects,WaveCrash,AquaJet,Protect|Adamant||M|||50|
|showteam|p2|Dragonite||Dragoninite|Multiscale|DragonPulse,Flamethrower,IceBeam,Protect|Modest||F|||50|]Sylveon||FairyFeather|Pixilate|HyperVoice,Protect,HyperBeam,Round|Modest||F|||50|]Metagross||Metagrossite|ClearBody|PsychicFangs,IronHead,StompingTantrum,Protect|Jolly|||||50|]Incineroar||SitrusBerry|Intimidate|FakeOut,PartingShot,ThroatChop,FlareBlitz|Careful||F|||50|]Farigiraf||LumBerry|ArmorTail|TrickRoom,Psychic,HelpingHand,Thunderbolt|Sassy||M|||50|]Basculegion||ChoiceScarf|SwiftSwim|FlipTurn,WaveCrash,LastRespects,AquaJet|Jolly||M|||50|
|inactive|Battle timer is ON: inactive players will automatically lose when time's up. (requested by MrGhost1724)
|inactive|Martzone has 60 seconds left.
|
|t:|1782207994
|teamsize|p1|4
|teamsize|p2|4
|start
|switch|p1a: Metagross|Metagross, L50|100/100
|switch|p1b: Whimsicott|Whimsicott, L50, M|100/100
|switch|p2a: Incineroar|Incineroar, L50, F|100/100
|switch|p2b: Basculegion|Basculegion, L50, M|100/100
|-ability|p2a: Incineroar|Intimidate|boost
|-fail|p1a: Metagross|unboost|[from] ability: Clear Body|[of] p1a: Metagross
|-unboost|p1b: Whimsicott|atk|1
|turn|1
|
|t:|1782208019
|switch|p1b: Hydreigon|Hydreigon, L50, F|100/100
|move|p1a: Metagross|Protect|p1a: Metagross
|-singleturn|p1a: Metagross|Protect
|move|p2b: Basculegion|Flip Turn|p1a: Metagross
|-activate|p1a: Metagross|move: Protect
|move|p2a: Incineroar|Flare Blitz|p1b: Hydreigon
|-resisted|p1b: Hydreigon|1
|-damage|p1b: Hydreigon|75/100
|-damage|p2a: Incineroar|93/100|[from] Recoil
|
|upkeep
|turn|2
|
|t:|1782208039
|switch|p2b: Sylveon|Sylveon, L50, F|100/100
|switch|p1a: Basculegion|Basculegion, L50, M|100/100
|move|p1b: Hydreigon|Snarl|p2a: Incineroar|[spread] p2a,p2b
|-resisted|p2a: Incineroar|1
|-resisted|p2b: Sylveon|1
|-damage|p2a: Incineroar|84/100
|-damage|p2b: Sylveon|92/100
|-unboost|p2a: Incineroar|spa|1
|-unboost|p2b: Sylveon|spa|1
|move|p2a: Incineroar|Parting Shot|p1b: Hydreigon
|-unboost|p1b: Hydreigon|atk|1
|-unboost|p1b: Hydreigon|spa|1
|
|t:|1782208048
|switch|p2a: Basculegion|Basculegion, L50, M|100/100|[from] Parting Shot
|
|upkeep
|turn|3
|inactive|Martzone has 30 seconds left.
|inactive|Martzone has 20 seconds left.
|inactive|Martzone has 15 seconds left.
|inactive|Martzone has 10 seconds left.
|
|t:|1782208096
|move|p2a: Basculegion|Flip Turn|p1b: Hydreigon
|-resisted|p1b: Hydreigon|1
|-damage|p1b: Hydreigon|58/100
|
|t:|1782208100
|switch|p2a: Incineroar|Incineroar, L50, F|84/100|[from] Flip Turn
|-ability|p2a: Incineroar|Intimidate|boost
|-unboost|p1a: Basculegion|atk|1
|-unboost|p1b: Hydreigon|atk|1
|move|p1b: Hydreigon|Snarl|p2b: Sylveon|[spread] p2a,p2b
|-resisted|p2a: Incineroar|1
|-resisted|p2b: Sylveon|1
|-damage|p2a: Incineroar|77/100
|-damage|p2b: Sylveon|87/100
|-unboost|p2a: Incineroar|spa|1
|-unboost|p2b: Sylveon|spa|1
|move|p1a: Basculegion|Last Respects|p2a: Incineroar
|-resisted|p2a: Incineroar|1
|-damage|p2a: Incineroar|64/100
|-damage|p1a: Basculegion|90/100|[from] item: Life Orb
|move|p2b: Sylveon|Hyper Voice|p1a: Basculegion|[spread] p1a,p1b
|-supereffective|p1b: Hydreigon|2
|-damage|p1a: Basculegion|61/100
|-damage|p1b: Hydreigon|0 fnt
|faint|p1b: Hydreigon
|
|upkeep
|
|t:|1782208111
|switch|p1b: Metagross|Metagross, L50|100/100
|turn|4
|
|t:|1782208123
|switch|p2a: Basculegion|Basculegion, L50, M|100/100
|detailschange|p1b: Metagross|Metagross-Mega, L50
|-mega|p1b: Metagross|Metagross|Metagrossite
|move|p2b: Sylveon|Protect|p2b: Sylveon
|-singleturn|p2b: Sylveon|Protect
|move|p1b: Metagross|Iron Head|p2b: Sylveon
|-activate|p2b: Sylveon|move: Protect
|move|p1a: Basculegion|Wave Crash|p2a: Basculegion
|-resisted|p2a: Basculegion|1
|-damage|p2a: Basculegion|56/100
|-damage|p1a: Basculegion|47/100|[from] Recoil
|-damage|p1a: Basculegion|37/100|[from] item: Life Orb
|
|upkeep
|turn|5
|
|t:|1782208134
|switch|p1a: Whimsicott|Whimsicott, L50, M|100/100
|switch|p2b: Incineroar|Incineroar, L50, F|64/100
|-ability|p2b: Incineroar|Intimidate|boost
|-unboost|p1a: Whimsicott|atk|1
|-unboost|p1b: Metagross|atk|1
|move|p1b: Metagross|Protect|p1b: Metagross
|-singleturn|p1b: Metagross|Protect
|move|p2a: Basculegion|Last Respects|p1a: Whimsicott
|-damage|p1a: Whimsicott|60/100
|
|upkeep
|turn|6
|
|t:|1782208149
|move|p2a: Basculegion|Last Respects|p1b: Metagross
|-supereffective|p1b: Metagross|1
|-damage|p1b: Metagross|59/100
|move|p1a: Whimsicott|Energy Ball|p2a: Basculegion
|-supereffective|p2a: Basculegion|1
|-damage|p2a: Basculegion|0 fnt
|faint|p2a: Basculegion
|move|p1b: Metagross|Stomping Tantrum|p2b: Incineroar
|-supereffective|p2b: Incineroar|1
|-damage|p2b: Incineroar|22/100
|-enditem|p2b: Incineroar|Sitrus Berry|[eat]
|-heal|p2b: Incineroar|47/100|[from] item: Sitrus Berry
|move|p2b: Incineroar|Flare Blitz|p1a: Whimsicott
|-supereffective|p1a: Whimsicott|1
|-damage|p1a: Whimsicott|0 fnt
|faint|p1a: Whimsicott
|-damage|p2b: Incineroar|33/100|[from] Recoil
|
|upkeep
|
|t:|1782208164
|switch|p1a: Basculegion|Basculegion, L50, M|37/100
|switch|p2a: Sylveon|Sylveon, L50, F|87/100
|turn|7
|
|t:|1782208171
|move|p2a: Sylveon|Protect|p2a: Sylveon
|-singleturn|p2a: Sylveon|Protect
|move|p1b: Metagross|Iron Head|p2a: Sylveon
|-activate|p2a: Sylveon|move: Protect
|move|p1a: Basculegion|Wave Crash|p2b: Incineroar
|-supereffective|p2b: Incineroar|1
|-damage|p2b: Incineroar|0 fnt
|faint|p2b: Incineroar
|-damage|p1a: Basculegion|26/100|[from] Recoil
|-damage|p1a: Basculegion|17/100|[from] item: Life Orb
|
|upkeep
|
|t:|1782208173
|switch|p2b: Metagross|Metagross, L50|100/100
|turn|8
|
|t:|1782208194
|detailschange|p2b: Metagross|Metagross-Mega, L50
|-mega|p2b: Metagross|Metagross|Metagrossite
|move|p1a: Basculegion|Protect|p1a: Basculegion
|-singleturn|p1a: Basculegion|Protect
|move|p2b: Metagross|Stomping Tantrum|p1b: Metagross
|-supereffective|p1b: Metagross|1
|-damage|p1b: Metagross|4/100
|move|p1b: Metagross|Stomping Tantrum|p2b: Metagross
|-supereffective|p2b: Metagross|1
|-damage|p2b: Metagross|64/100
|move|p2a: Sylveon|Hyper Voice|p1b: Metagross|[spread] p1b
|-activate|p1a: Basculegion|move: Protect
|-resisted|p1b: Metagross|1
|-damage|p1b: Metagross|0 fnt
|faint|p1b: Metagross
|
|upkeep
|turn|9
|
|t:|1782208206
|move|p2b: Metagross|Psychic Fangs|p1a: Basculegion
|-crit|p1a: Basculegion
|-damage|p1a: Basculegion|0 fnt
|faint|p1a: Basculegion
|
|win|MrGhost1724
||MrGhost1724 is ready for game 3.
||Martzone is ready for game 3.
|uhtml|next|Next: Game 3 of 3
|l|☆MrGhost1724
|player|p2|
