|j|☆naibot2814
|j|☆Leafeon Disliker
|html|naibot2814Leafeon Disliker    
|uhtml|bestof|Game 3 of a best-of-3
|t:|1784429246
|gametype|doubles
|player|p1|naibot2814|colress|1374
|player|p2|Leafeon Disliker|shauntal|1354
|gen|9
|tier|[Gen 9 Champions] VGC 2026 Reg M-B (Bo3)
|rated|
|rule|Species Clause: Limit one of each Pokémon
|rule|Item Clause: Limit 1 of each item
|clearpoke
|poke|p1|Blastoise, L50, M|
|poke|p1|Incineroar, L50, M|
|poke|p1|Sneasler, L50, M|
|poke|p1|Sinistcha, L50|
|poke|p1|Kingambit, L50, M, shiny|
|poke|p1|Delphox, L50, F|
|poke|p2|Whimsicott, L50, M|
|poke|p2|Incineroar, L50, F|
|poke|p2|Gholdengo, L50|
|poke|p2|Garchomp, L50, M|
|poke|p2|Staraptor, L50, F|
|poke|p2|Basculegion, L50, M|
|teampreview|4
|showteam|p1|Blastoise||Blastoisinite|Torrent|WaterSpout,DarkPulse,ShellSmash,Protect|Modest||M|||50|]Incineroar||SitrusBerry|Intimidate|FakeOut,FlareBlitz,DarkestLariat,PartingShot|Careful||M|||50|]Sneasler||FocusSash|PoisonTouch|FakeOut,CloseCombat,PoisonJab,RockTomb|Jolly||M|||50|]Sinistcha||KasibBerry|Hospitality|MatchaGotcha,TrickRoom,RagePowder,Protect|Bold|||||50|]Kingambit||BlackGlasses|Defiant|KowtowCleave,SuckerPunch,SwordsDance,Protect|Adamant||M|||50|]Delphox||Delphoxite|Blaze|HeatWave,Psyshock,NastyPlot,Protect|Timid||F|||50|
|showteam|p2|Whimsicott||FocusSash|Prankster|Moonblast,Tailwind,Encore,Protect|Timid||M|||50|]Incineroar||SitrusBerry|Intimidate|FakeOut,FlareBlitz,ThroatChop,PartingShot|Careful||F|||50|]Gholdengo||SpellTag|GoodasGold|NastyPlot,MakeItRain,ShadowBall,Protect|Modest|||||50|]Garchomp||LifeOrb|RoughSkin|Earthquake,RockSlide,DragonClaw,Protect|Jolly||M|||50|]Staraptor||Staraptite|Intimidate|CloseCombat,BraveBird,Tailwind,Protect|Jolly||F|||50|]Basculegion||ChoiceScarf|Adaptability|WaveCrash,FlipTurn,LastRespects,AquaJet|Jolly||M|||50|
|inactive|Battle timer is ON: inactive players will automatically lose when time's up. (requested by Leafeon Disliker)
|
|t:|1784429265
|teamsize|p1|4
|teamsize|p2|4
|start
|switch|p1a: Incineroar|Incineroar, L50, M|100/100
|switch|p1b: Blastoise|Blastoise, L50, M|100/100
|switch|p2a: Whimsicott|Whimsicott, L50, M|100/100
|switch|p2b: Garchomp|Garchomp, L50, M|100/100
|-ability|p1a: Incineroar|Intimidate|boost
|-unboost|p2a: Whimsicott|atk|1
|-unboost|p2b: Garchomp|atk|1
|turn|1
|inactive|Leafeon Disliker has 30 seconds left.
|inactive|Leafeon Disliker has 20 seconds left.
|inactive|Leafeon Disliker has 15 seconds left.
|
|t:|1784429305
|detailschange|p1b: Blastoise|Blastoise-Mega, L50, M
|-mega|p1b: Blastoise|Blastoise|Blastoisinite
|move|p1a: Incineroar|Fake Out|p2b: Garchomp
|-damage|p2b: Garchomp|89/100
|-damage|p1a: Incineroar|87/100|[from] ability: Rough Skin|[of] p2b: Garchomp
|move|p2a: Whimsicott|Moonblast|p1b: Blastoise
|-damage|p1b: Blastoise|60/100
|cant|p2b: Garchomp|flinch
|move|p1b: Blastoise|Dark Pulse|p2b: Garchomp
|-damage|p2b: Garchomp|37/100
|
|upkeep
|turn|2
|
|t:|1784429320
|switch|p1a: Sinistcha|Sinistcha, L50|100/100
|-heal|p1b: Blastoise|85/100|[from] ability: Hospitality|[of] p1a: Sinistcha
|move|p2a: Whimsicott|Encore|p1b: Blastoise
|-start|p1b: Blastoise|Encore
|move|p2b: Garchomp|Rock Slide|p1b: Blastoise|[spread] p1a,p1b
|-damage|p1a: Sinistcha|85/100
|-damage|p1b: Blastoise|68/100
|-damage|p2b: Garchomp|28/100|[from] item: Life Orb
|move|p1b: Blastoise|Dark Pulse|p2a: Whimsicott
|-resisted|p2a: Whimsicott|1
|-damage|p2a: Whimsicott|62/100
|
|upkeep
|turn|3
|
|t:|1784429336
|switch|p1b: Incineroar|Incineroar, L50, M|87/100
|-ability|p1b: Incineroar|Intimidate|boost
|-unboost|p2a: Whimsicott|atk|1
|-unboost|p2b: Garchomp|atk|1
|move|p2a: Whimsicott|Moonblast|p1b: Incineroar
|-damage|p1b: Incineroar|57/100
|move|p2b: Garchomp|Earthquake|p1a: Sinistcha|[spread] p2a,p1a,p1b
|-resisted|p2a: Whimsicott|1
|-resisted|p1a: Sinistcha|1
|-crit|p1a: Sinistcha
|-supereffective|p1b: Incineroar|1
|-damage|p2a: Whimsicott|40/100
|-damage|p1a: Sinistcha|54/100
|-damage|p1b: Incineroar|9/100
|-enditem|p1b: Incineroar|Sitrus Berry|[eat]
|-heal|p1b: Incineroar|34/100|[from] item: Sitrus Berry
|-damage|p2b: Garchomp|18/100|[from] item: Life Orb
|move|p1a: Sinistcha|Trick Room|p1a: Sinistcha
|-fieldstart|move: Trick Room|[of] p1a: Sinistcha
|
|upkeep
|turn|4
|
|t:|1784429348
|switch|p2b: Staraptor|Staraptor, L50, F|100/100
|-ability|p2b: Staraptor|Intimidate|boost
|-unboost|p1a: Sinistcha|atk|1
|-unboost|p1b: Incineroar|atk|1
|move|p1b: Incineroar|Fake Out|p2a: Whimsicott
|-damage|p2a: Whimsicott|29/100
|cant|p2a: Whimsicott|flinch
|move|p1a: Sinistcha|Matcha Gotcha|p2b: Staraptor|[spread] p2a,p2b
|-resisted|p2a: Whimsicott|1
|-resisted|p2b: Staraptor|1
|-damage|p2a: Whimsicott|8/100
|-heal|p1a: Sinistcha|62/100|[from] drain|[of] p2a: Whimsicott
|-damage|p2b: Staraptor|81/100
|-heal|p1a: Sinistcha|72/100|[from] drain|[of] p2b: Staraptor
|
|upkeep
|turn|5
|
|t:|1784429365
|detailschange|p2b: Staraptor|Staraptor-Mega, L50, F
|-mega|p2b: Staraptor|Staraptor|Staraptite
|move|p2a: Whimsicott|Protect|p2a: Whimsicott
|-singleturn|p2a: Whimsicott|Protect
|move|p2b: Staraptor|Protect|p2b: Staraptor
|-singleturn|p2b: Staraptor|Protect
|move|p1b: Incineroar|Flare Blitz|p2b: Staraptor
|-activate|p2b: Staraptor|move: Protect
|move|p1a: Sinistcha|Matcha Gotcha|p2a: Whimsicott|[spread] 
|-activate|p2a: Whimsicott|move: Protect
|-activate|p2b: Staraptor|move: Protect
|
|upkeep
|turn|6
|
|t:|1784429374
|switch|p2a: Garchomp|Garchomp, L50, M|18/100
|move|p1b: Incineroar|Flare Blitz|p2b: Staraptor
|-damage|p2b: Staraptor|51/100
|-damage|p1b: Incineroar|25/100|[from] Recoil
|move|p1a: Sinistcha|Matcha Gotcha|p2b: Staraptor|[spread] p2a,p2b
|-resisted|p2b: Staraptor|1
|-damage|p2a: Garchomp|0 fnt
|-heal|p1a: Sinistcha|82/100|[from] drain|[of] p2a: Garchomp
|-damage|p2b: Staraptor|40/100
|-heal|p1a: Sinistcha|88/100|[from] drain|[of] p2b: Staraptor
|faint|p2a: Garchomp
|move|p2b: Staraptor|Brave Bird|p1a: Sinistcha
|-supereffective|p1a: Sinistcha|1
|-damage|p1a: Sinistcha|0 fnt
|faint|p1a: Sinistcha
|-damage|p2b: Staraptor|13/100|[from] Recoil
|
|upkeep
|
|t:|1784429390
|switch|p1a: Kingambit|Kingambit, L50, M, shiny|100/100
|switch|p2a: Whimsicott|Whimsicott, L50, M|8/100
|turn|7
|
|t:|1784429399
|move|p2a: Whimsicott|Protect|p2a: Whimsicott
|-singleturn|p2a: Whimsicott|Protect
|move|p2b: Staraptor|Protect|p2b: Staraptor
|-singleturn|p2b: Staraptor|Protect
|move|p1a: Kingambit|Swords Dance|p1a: Kingambit
|-boost|p1a: Kingambit|atk|2
|move|p1b: Incineroar|Flare Blitz|p2b: Staraptor
|-activate|p2b: Staraptor|move: Protect
|
|-fieldend|move: Trick Room
|upkeep
|turn|8
|
|t:|1784429418
|switch|p1b: Blastoise|Blastoise-Mega, L50, M|68/100
|move|p1a: Kingambit|Sucker Punch||[still]
|-fail|p1a: Kingambit
|move|p2a: Whimsicott|Moonblast|p1b: Blastoise
|-damage|p1b: Blastoise|29/100
|move|p2b: Staraptor|Tailwind|p2b: Staraptor
|-sidestart|p2: Leafeon Disliker|move: Tailwind
|
|upkeep
|turn|9
|
|t:|1784429434
|move|p2b: Staraptor|Protect|p2b: Staraptor
|-singleturn|p2b: Staraptor|Protect
|move|p1a: Kingambit|Sucker Punch|p2a: Whimsicott
|-resisted|p2a: Whimsicott|1
|-damage|p2a: Whimsicott|0 fnt
|faint|p2a: Whimsicott
|move|p1b: Blastoise|Dark Pulse|p2b: Staraptor
|-activate|p2b: Staraptor|move: Protect
|
|upkeep
|
|t:|1784429438
|switch|p2a: Basculegion|Basculegion, L50, M|100/100
|turn|10
|
|t:|1784429446
|move|p1a: Kingambit|Protect|p1a: Kingambit
|-singleturn|p1a: Kingambit|Protect
|move|p2a: Basculegion|Aqua Jet|p1a: Kingambit
|-activate|p1a: Kingambit|move: Protect
|move|p2b: Staraptor|Close Combat|p1a: Kingambit
|-activate|p1a: Kingambit|move: Protect
|move|p1b: Blastoise|Dark Pulse|p2b: Staraptor
|-resisted|p2b: Staraptor|1
|-damage|p2b: Staraptor|0 fnt
|faint|p2b: Staraptor
|
|upkeep
|turn|11
|-message|Leafeon Disliker forfeited.
|
|win|naibot2814
|raw|naibot2814's rating: 1374 → 1393(+19 for winning)
|raw|Leafeon Disliker's rating: 1354 → 1335(-19 for losing)
|l|☆Leafeon Disliker
|player|p2|
