|j|☆vuelve chusooo
|j|☆Blindfistin
|html|vuelve chusoooBlindfistin    
|uhtml|bestof|Game 2 of a best-of-3
|t:|1782592364
|gametype|doubles
|player|p1|vuelve chusooo|fisherman-gen4|1130
|player|p2|Blindfistin|101|1174
|gen|9
|tier|[Gen 9 Champions] VGC 2026 Reg M-B (Bo3)
|rated|
|rule|Species Clause: Limit one of each Pokémon
|rule|Item Clause: Limit 1 of each item
|clearpoke
|poke|p1|Whimsicott, L50, M|
|poke|p1|Swampert, L50, M|
|poke|p1|Pelipper, L50, F|
|poke|p1|Archaludon, L50, M|
|poke|p1|Floette-Eternal, L50, F|
|poke|p1|Basculegion, L50, M|
|poke|p2|Sableye, L50, F|
|poke|p2|Basculegion-F, L50, F|
|poke|p2|Lopunny, L50, M|
|poke|p2|Archaludon, L50, M|
|poke|p2|Glimmora, L50, M|
|poke|p2|Meganium, L50, F|
|teampreview|4
|showteam|p1|Whimsicott||CobaBerry|Prankster|Moonblast,Tailwind,Encore,Protect|Bold||M|||50|]Swampert||Swampertite|Torrent|WaveCrash,Earthquake,IcePunch,Protect|Adamant||M|||50|]Pelipper||FocusSash|Drizzle|WeatherBall,Hurricane,Tailwind,Protect|Modest||F|||50|]Archaludon||Leftovers|Stamina|DracoMeteor,FlashCannon,ElectroShot,Protect|Modest||M|||50|]Floette-Eternal||Floettite|FlowerVeil|Moonblast,DazzlingGleam,LightofRuin,Protect|Modest||F|||50|]Basculegion||LifeOrb|Adaptability|Liquidation,LastRespects,AquaJet,Protect|Adamant||M|||50|
|showteam|p2|Sableye||RoseliBerry|Prankster|WillOWisp,RainDance,Encore,Disable|Sassy||F|||50|]Basculegion-F||ChoiceScarf|Adaptability|MuddyWater,ShadowBall,Hex,IceBeam|Timid||F|||50|]Lopunny||Lopunnite|CuteCharm|CloseCombat,TripleAxel,FakeOut,Protect|Adamant||M|||50|]Archaludon||Leftovers|Stamina|ElectroShot,DragonPulse,FlashCannon,Protect|Bold||M|||50|]Glimmora||FocusSash|ToxicDebris|PowerGem,SludgeBomb,EarthPower,SpikyShield|Modest||M|||50|]Meganium||Meganiumite|Overgrow|SolarBeam,DazzlingGleam,WeatherBall,Protect|Modest||F|||50|
|inactive|Battle timer is ON: inactive players will automatically lose when time's up. (requested by Blindfistin)
|inactive|vuelve chusooo has 60 seconds left.
|inactive|vuelve chusooo has 30 seconds left.
|inactive|vuelve chusooo has 20 seconds left.
|inactive|vuelve chusooo has 15 seconds left.
|
|t:|1782592485
|teamsize|p1|4
|teamsize|p2|4
|start
|switch|p1a: Whimsicott|Whimsicott, L50, M|100/100
|switch|p1b: Floette|Floette-Eternal, L50, F|100/100
|switch|p2a: Sableye|Sableye, L50, F|100/100
|switch|p2b: Basculegion|Basculegion-F, L50, F|100/100
|turn|1
|inactive|vuelve chusooo has 30 seconds left.
|
|t:|1782592511
|detailschange|p1b: Floette|Floette-Mega, L50, F
|-mega|p1b: Floette|Floette|Floettite
|-ability|p1b: Floette|Fairy Aura
|move|p1a: Whimsicott|Tailwind|p1a: Whimsicott
|-sidestart|p1: vuelve chusooo|move: Tailwind
|move|p2a: Sableye|Rain Dance|p2a: Sableye
|-weather|RainDance
|move|p1b: Floette|Dazzling Gleam|p2a: Sableye|[spread] p2a,p2b
|-supereffective|p2a: Sableye|1
|-enditem|p2a: Sableye|Roseli Berry|[eat]
|-enditem|p2a: Sableye|Roseli Berry|[weaken]
|-damage|p2a: Sableye|38/100
|-damage|p2b: Basculegion|45/100
|move|p2b: Basculegion|Muddy Water|p1b: Floette|[spread] p1a,p1b
|-resisted|p1a: Whimsicott|1
|-crit|p1b: Floette
|-damage|p1a: Whimsicott|65/100
|-damage|p1b: Floette|28/100
|
|-weather|RainDance|[upkeep]
|upkeep
|turn|2
|inactive|vuelve chusooo has 30 seconds left.
|inactive|Blindfistin has 30 seconds left.
|inactive|vuelve chusooo has 20 seconds left.
|
|t:|1782592551
|move|p1b: Floette|Protect|p1b: Floette
|-singleturn|p1b: Floette|Protect
|move|p2a: Sableye|Disable|p1b: Floette
|-activate|p1b: Floette|move: Protect
|move|p1a: Whimsicott|Moonblast|p2a: Sableye
|-supereffective|p2a: Sableye|1
|-damage|p2a: Sableye|0 fnt
|faint|p2a: Sableye
|move|p2b: Basculegion|Muddy Water|p1b: Floette|[spread] p1a
|-activate|p1b: Floette|move: Protect
|-resisted|p1a: Whimsicott|1
|-damage|p1a: Whimsicott|28/100
|
|-weather|RainDance|[upkeep]
|upkeep
|
|t:|1782592560
|switch|p2a: Lopunny|Lopunny, L50, M|100/100
|turn|3
|inactive|vuelve chusooo has 30 seconds left.
|inactive|Blindfistin has 30 seconds left.
|
|t:|1782592597
|switch|p1b: Archaludon|Archaludon, L50, M|100/100
|switch|p1a: Pelipper|Pelipper, L50, F|100/100
|detailschange|p2a: Lopunny|Lopunny-Mega, L50, M
|-mega|p2a: Lopunny|Lopunny|Lopunnite
|move|p2a: Lopunny|Fake Out|p1b: Archaludon
|-resisted|p1b: Archaludon|1
|-damage|p1b: Archaludon|90/100
|-ability|p1b: Archaludon|Stamina|boost
|-boost|p1b: Archaludon|def|1
|move|p2b: Basculegion|Muddy Water|p1b: Archaludon|[spread] p1a,p1b
|-resisted|p1a: Pelipper|1
|-resisted|p1b: Archaludon|1
|-damage|p1a: Pelipper|55/100
|-damage|p1b: Archaludon|61/100
|-unboost|p1a: Pelipper|accuracy|1
|-ability|p1b: Archaludon|Stamina|boost
|-boost|p1b: Archaludon|def|1
|
|-weather|RainDance|[upkeep]
|-heal|p1b: Archaludon|67/100|[from] item: Leftovers
|upkeep
|turn|4
|
|t:|1782592618
|switch|p2b: Archaludon|Archaludon, L50, M|100/100
|move|p2a: Lopunny|Protect|p2a: Lopunny
|-singleturn|p2a: Lopunny|Protect
|move|p1b: Archaludon|Electro Shot||[still]
|-prepare|p1b: Archaludon|Electro Shot
|-boost|p1b: Archaludon|spa|1
|-anim|p1b: Archaludon|Electro Shot|p2b: Archaludon
|-resisted|p2b: Archaludon|1
|-damage|p2b: Archaludon|71/100
|-ability|p2b: Archaludon|Stamina|boost
|-boost|p2b: Archaludon|def|1
|move|p1a: Pelipper|Hurricane|p2a: Lopunny
|-activate|p2a: Lopunny|move: Protect
|
|-weather|RainDance|[upkeep]
|-heal|p1b: Archaludon|73/100|[from] item: Leftovers
|-heal|p2b: Archaludon|77/100|[from] item: Leftovers
|-sideend|p1: vuelve chusooo|move: Tailwind
|upkeep
|turn|5
|inactive|vuelve chusooo has 30 seconds left.
|
|t:|1782592643
|move|p1b: Archaludon|Protect|p1b: Archaludon
|-singleturn|p1b: Archaludon|Protect
|move|p2a: Lopunny|Close Combat|p1b: Archaludon
|-activate|p1b: Archaludon|move: Protect
|move|p2b: Archaludon|Electro Shot||[still]
|-prepare|p2b: Archaludon|Electro Shot
|-boost|p2b: Archaludon|spa|1
|-anim|p2b: Archaludon|Electro Shot|p1a: Pelipper
|-supereffective|p1a: Pelipper|2
|-damage|p1a: Pelipper|0 fnt
|faint|p1a: Pelipper
|
|-weather|none
|-heal|p2b: Archaludon|83/100|[from] item: Leftovers
|-heal|p1b: Archaludon|79/100|[from] item: Leftovers
|upkeep
|
|t:|1782592662
|switch|p1a: Whimsicott|Whimsicott, L50, M|28/100
|turn|6
|
|t:|1782592688
|move|p2a: Lopunny|Protect|p2a: Lopunny
|-singleturn|p2a: Lopunny|Protect
|move|p1a: Whimsicott|Tailwind|p1a: Whimsicott
|-sidestart|p1: vuelve chusooo|move: Tailwind
|move|p1b: Archaludon|Draco Meteor|p2b: Archaludon
|-damage|p2b: Archaludon|3/100
|-unboost|p1b: Archaludon|spa|2
|-ability|p2b: Archaludon|Stamina|boost
|-boost|p2b: Archaludon|def|1
|move|p2b: Archaludon|Flash Cannon|p1a: Whimsicott
|-supereffective|p1a: Whimsicott|1
|-damage|p1a: Whimsicott|0 fnt
|faint|p1a: Whimsicott
|
|-heal|p1b: Archaludon|85/100|[from] item: Leftovers
|-heal|p2b: Archaludon|9/100|[from] item: Leftovers
|upkeep
|
|t:|1782592699
|switch|p1a: Floette|Floette-Mega, L50, F|28/100
|-ability|p1a: Floette|Fairy Aura
|turn|7
|inactive|Blindfistin has 30 seconds left.
|
|t:|1782592726
|move|p1a: Floette|Dazzling Gleam|p2b: Archaludon|[spread] p2a,p2b
|-supereffective|p2a: Lopunny|1
|-damage|p2a: Lopunny|0 fnt
|-damage|p2b: Archaludon|0 fnt
|faint|p2a: Lopunny
|faint|p2b: Archaludon
|move|p1b: Archaludon|Flash Cannon|p2: Lopunny|[notarget]
|-fail|p1b: Archaludon
|
|-heal|p1b: Archaludon|91/100|[from] item: Leftovers
|upkeep
|
|t:|1782592729
|switch|p2b: Basculegion|Basculegion-F, L50, F|45/100
|turn|8
|
|t:|1782592744
|move|p1a: Floette|Moonblast|p2b: Basculegion
|-damage|p2b: Basculegion|0 fnt
|faint|p2b: Basculegion
|
|win|vuelve chusooo
||Blindfistin is ready for game 3.
||vuelve chusooo is ready for game 3.
|uhtml|next|Next: Game 3 of 3
|l|☆Blindfistin
|player|p2|
