|j|☆chenhow3814
|j|☆Mr. Murtzee
|html|chenhow3814Mr. Murtzee    
|uhtml|bestof|Game 2 of a best-of-3
|t:|1785072329
|gametype|doubles
|player|p1|chenhow3814|170|1000
|player|p2|Mr. Murtzee|gentleman|1050
|gen|9
|tier|[Gen 9 Champions] VGC 2026 Reg M-B (Bo3)
|rated|
|rule|Species Clause: Limit one of each Pokémon
|rule|Item Clause: Limit 1 of each item
|clearpoke
|poke|p1|Blastoise, L50, M|
|poke|p1|Farigiraf, L50, M|
|poke|p1|Zoroark-Hisui, L50, M|
|poke|p1|Sylveon, L50, F|
|poke|p1|Kingambit, L50, F|
|poke|p1|Torkoal, L50, M|
|poke|p2|Swampert, L50, M|
|poke|p2|Pelipper, L50, M|
|poke|p2|Vaporeon, L50, M|
|poke|p2|Heliolisk, L50, M|
|poke|p2|Milotic, L50, M|
|poke|p2|Dragapult, L50, M|
|teampreview|4
|showteam|p1|Blastoise||Blastoisinite|Torrent|WaterSpout,DarkPulse,AuraSphere,FakeOut|Modest||M|||50|]Farigiraf||SitrusBerry|ArmorTail|HelpingHand,RainDance,TrickRoom,Psychic|Relaxed||M|||50|]Zoroark-Hisui||FocusSash|Illusion|Round,BitterMalice,Taunt,IcyWind|Timid||M|||50|]Sylveon||FairyFeather|Pixilate|HyperVoice,Round,Moonblast,Protect|Modest||F|||50|]Kingambit||ChopleBerry|SupremeOverlord|KowtowCleave,SuckerPunch,IronHead,LowKick|Adamant||F|||50|]Torkoal||LifeOrb|Drought|HeatWave,EarthPower,SolarBeam,Protect|Modest||M|||50|
|showteam|p2|Swampert||Swampertite|Torrent|WaveCrash,Earthquake,IcePunch,Protect|Jolly||M|||50|]Pelipper||FocusSash|Drizzle|WeatherBall,Hurricane,Tailwind,Protect|Serious||M|||50|]Vaporeon||MysticWater|WaterAbsorb|Scald,RainDance,IceBeam,Protect|Modest||M|||50|]Heliolisk||SitrusBerry|DrySkin|Thunder,VoltSwitch,ShedTail,Protect|Timid||M|||50|]Milotic||Leftovers|Competitive|Surf,LifeDew,IceBeam,Protect|Bold||M|||50|]Dragapult||LifeOrb|ClearBody|DragonDarts,PhantomForce,Disable,Protect|Jolly||M|||50|
|inactive|Battle timer is ON: inactive players will automatically lose when time's up. (requested by Mr. Murtzee)
|inactive|chenhow3814 has 60 seconds left.
|j| tedidn
|inactive|chenhow3814 has 30 seconds left.
|l| tedidn
|inactive|chenhow3814 has 20 seconds left.
|
|t:|1785072404
|teamsize|p1|4
|teamsize|p2|4
|start
|switch|p1a: Blastoise|Blastoise, L50, M|100/100
|switch|p1b: Kingambit|Kingambit, L50, F|100/100
|switch|p2a: Milotic|Milotic, L50, M|100/100
|switch|p2b: Vaporeon|Vaporeon, L50, M|100/100
|turn|1
|inactive|chenhow3814 has 30 seconds left.
|
|t:|1785072434
|detailschange|p1a: Blastoise|Blastoise-Mega, L50, M
|-mega|p1a: Blastoise|Blastoise|Blastoisinite
|move|p1a: Blastoise|Fake Out|p2b: Vaporeon
|-damage|p2b: Vaporeon|90/100
|move|p2a: Milotic|Surf|p1a: Blastoise|[spread] p1a,p1b
|-heal|p2b: Vaporeon|100/100|[from] ability: Water Absorb|[of] p2a: Milotic
|-resisted|p1a: Blastoise|1
|-damage|p1a: Blastoise|89/100
|-damage|p1b: Kingambit|75/100
|cant|p2b: Vaporeon|flinch
|move|p1b: Kingambit|Kowtow Cleave|p2a: Milotic
|-damage|p2a: Milotic|62/100
|
|-heal|p2a: Milotic|68/100|[from] item: Leftovers
|upkeep
|turn|2
|inactive|chenhow3814 has 30 seconds left.
|
|t:|1785072462
|move|p1a: Blastoise|Aura Sphere|p2a: Milotic
|-damage|p2a: Milotic|36/100
|move|p2a: Milotic|Life Dew|p2a: Milotic|[spread] p2a
|-immune|p2b: Vaporeon|[from] ability: Water Absorb
|-heal|p2a: Milotic|61/100
|move|p2b: Vaporeon|Rain Dance|p2b: Vaporeon
|-weather|RainDance
|move|p1b: Kingambit|Kowtow Cleave|p2a: Milotic
|-damage|p2a: Milotic|24/100
|
|-weather|RainDance|[upkeep]
|-heal|p2a: Milotic|30/100|[from] item: Leftovers
|upkeep
|turn|3
|inactive|chenhow3814 has 30 seconds left.
|inactive|chenhow3814 has 20 seconds left.
|
|t:|1785072499
|move|p2a: Milotic|Protect|p2a: Milotic
|-singleturn|p2a: Milotic|Protect
|move|p1a: Blastoise|Dark Pulse|p2b: Vaporeon
|-damage|p2b: Vaporeon|61/100
|move|p2b: Vaporeon|Scald|p1b: Kingambit
|-damage|p1b: Kingambit|8/100
|move|p1b: Kingambit|Kowtow Cleave|p2b: Vaporeon
|-damage|p2b: Vaporeon|5/100
|
|-weather|RainDance|[upkeep]
|-heal|p2a: Milotic|36/100|[from] item: Leftovers
|upkeep
|turn|4
|
|t:|1785072519
|-end|p1b: Kingambit|fallenundefined|[silent]
|switch|p1b: Sylveon|Sylveon, L50, F|100/100
|move|p1a: Blastoise|Dark Pulse|p2b: Vaporeon
|-damage|p2b: Vaporeon|0 fnt
|faint|p2b: Vaporeon
|move|p2a: Milotic|Surf|p1b: Sylveon|[spread] p1a,p1b
|-resisted|p1a: Blastoise|1
|-damage|p1a: Blastoise|74/100
|-damage|p1b: Sylveon|73/100
|
|-weather|RainDance|[upkeep]
|-heal|p2a: Milotic|42/100|[from] item: Leftovers
|upkeep
|
|t:|1785072531
|switch|p2b: Swampert|Swampert, L50, M|100/100
|turn|5
|inactive|chenhow3814 has 30 seconds left.
|
|t:|1785072563
|detailschange|p2b: Swampert|Swampert-Mega, L50, M
|-mega|p2b: Swampert|Swampert|Swampertite
|move|p2b: Swampert|Wave Crash|p1b: Sylveon
|-damage|p1b: Sylveon|0 fnt
|faint|p1b: Sylveon
|-damage|p2b: Swampert|73/100|[from] Recoil
|move|p1a: Blastoise|Dark Pulse|p2a: Milotic
|-damage|p2a: Milotic|9/100
|move|p2a: Milotic|Life Dew|p2a: Milotic|[spread] p2a,p2b
|-heal|p2a: Milotic|34/100
|-heal|p2b: Swampert|98/100
|
|-weather|RainDance|[upkeep]
|-heal|p2a: Milotic|40/100|[from] item: Leftovers
|upkeep
|
|t:|1785072579
|switch|p1b: Torkoal|Torkoal, L50, M|100/100
|-weather|SunnyDay|[from] ability: Drought|[of] p1b: Torkoal
|turn|6
|inactive|chenhow3814 has 30 seconds left.
|
|t:|1785072609
|switch|p2a: Pelipper|Pelipper, L50, M|100/100
|-weather|RainDance|[from] ability: Drizzle|[of] p2a: Pelipper
|switch|p1b: Kingambit|Kingambit, L50, F|8/100
|-activate|p1b: Kingambit|ability: Supreme Overlord
|-start|p1b: Kingambit|fallen1|[silent]
|move|p2b: Swampert|Earthquake|p1a: Blastoise|[spread] p1a,p1b
|-immune|p2a: Pelipper
|-supereffective|p1b: Kingambit|1
|-damage|p1a: Blastoise|38/100
|-damage|p1b: Kingambit|0 fnt
|faint|p1b: Kingambit
|-end|p1b: Kingambit|fallen1|[silent]
|move|p1a: Blastoise|Dark Pulse|p2a: Pelipper
|-damage|p2a: Pelipper|21/100
|
|-weather|RainDance|[upkeep]
|upkeep
|
|t:|1785072624
|switch|p1b: Torkoal|Torkoal, L50, M|100/100
|-weather|SunnyDay|[from] ability: Drought|[of] p1b: Torkoal
|turn|7
|inactive|chenhow3814 has 30 seconds left.
|inactive|chenhow3814 has 20 seconds left.
|inactive|chenhow3814 has 15 seconds left.
|inactive|chenhow3814 has 10 seconds left.
|inactive|chenhow3814 has 5 seconds left.
|
|t:|1785072675
|move|p2b: Swampert|Protect|p2b: Swampert
|-singleturn|p2b: Swampert|Protect
|move|p2a: Pelipper|Tailwind|p2a: Pelipper
|-sidestart|p2: Mr. Murtzee|move: Tailwind
|move|p1a: Blastoise|Dark Pulse|p2a: Pelipper
|-damage|p2a: Pelipper|0 fnt
|faint|p2a: Pelipper
|move|p1b: Torkoal|Earth Power|p2b: Swampert
|-activate|p2b: Swampert|move: Protect
|
|-weather|SunnyDay|[upkeep]
|upkeep
|
|t:|1785072687
|switch|p2a: Milotic|Milotic, L50, M|40/100
|turn|8
|
|t:|1785072709
|move|p1b: Torkoal|Protect|p1b: Torkoal
|-singleturn|p1b: Torkoal|Protect
|move|p2b: Swampert|Earthquake|p1b: Torkoal|[spread] p2a,p1a
|-activate|p1b: Torkoal|move: Protect
|-damage|p2a: Milotic|6/100
|-damage|p1a: Blastoise|0 fnt
|faint|p1a: Blastoise
|move|p2a: Milotic|Surf|p1b: Torkoal|[spread] p2b
|-activate|p1b: Torkoal|move: Protect
|-damage|p2b: Swampert|87/100
|
|-weather|SunnyDay|[upkeep]
|-heal|p2a: Milotic|12/100|[from] item: Leftovers
|upkeep
|turn|9
|
|t:|1785072728
|move|p2b: Swampert|Wave Crash|p1b: Torkoal
|-supereffective|p1b: Torkoal|1
|-damage|p1b: Torkoal|52/100
|-damage|p2b: Swampert|71/100|[from] Recoil
|move|p2a: Milotic|Life Dew|p2a: Milotic|[spread] p2a,p2b
|-heal|p2a: Milotic|37/100
|-heal|p2b: Swampert|96/100
|move|p1b: Torkoal|Solar Beam||[still]
|-prepare|p1b: Torkoal|Solar Beam
|-anim|p1b: Torkoal|Solar Beam|p2b: Swampert
|-supereffective|p2b: Swampert|2
|-damage|p2b: Swampert|0 fnt
|faint|p2b: Swampert
|-damage|p1b: Torkoal|42/100|[from] item: Life Orb
|
|-weather|SunnyDay|[upkeep]
|-heal|p2a: Milotic|43/100|[from] item: Leftovers
|upkeep
|turn|10
|j| tedidn
|
|t:|1785072745
|move|p2a: Milotic|Surf|p1b: Torkoal
|-supereffective|p1b: Torkoal|1
|-damage|p1b: Torkoal|0 fnt
|faint|p1b: Torkoal
|
|win|Mr. Murtzee
|raw|chenhow3814's rating: 1000 → 1000(+0 for losing)
|raw|Mr. Murtzee's rating: 1050 → 1078(+28 for winning)
|l|☆Mr. Murtzee
|player|p2|
|l|☆chenhow3814
|player|p1|
|j|☆chenhow3814
|player|p1|chenhow3814|170|
