|j|☆onxlaughtvgc
|j|☆MIMHvgc
|html|onxlaughtvgcMIMHvgc    
|uhtml|bestof|Game 2 of a best-of-3
|t:|1757802828
|gametype|doubles
|player|p1|onxlaughtvgc|veteran|1082
|player|p2|MIMHvgc|miku-fairy|1066
|gen|9
|tier|[Gen 9] VGC 2025 Reg H (Bo3)
|rated|
|rule|Species Clause: Limit one of each Pokémon
|rule|Item Clause: Limit 1 of each item
|clearpoke
|poke|p1|Kleavor, L50, M|
|poke|p1|Tyranitar, L50, M|
|poke|p1|Excadrill, L50, M|
|poke|p1|Garchomp, L50, M|
|poke|p1|Klefki, L50, F|
|poke|p1|Mandibuzz, L50, F|
|poke|p2|Volcarona, L50, M|
|poke|p2|Basculegion, L50, M|
|poke|p2|Baxcalibur, L50, F|
|poke|p2|Rillaboom, L50, M|
|poke|p2|Sneasler, L50, M|
|poke|p2|Ninetales-Alola, L50, F|
|teampreview|4
|showteam|p1|Kleavor||ChoiceBand|Sharpness|StoneAxe,AerialAce,NightSlash,CloseCombat|||M|||50|,,,,,Ghost]Tyranitar||AssaultVest|SandStream|RockSlide,KnockOff,LowKick,HighHorsepower|||M|||50|,,,,,Flying]Excadrill||FocusSash|SandRush|Earthquake,RockSlide,IronHead,Protect|||M|||50|,,,,,Ground]Garchomp||BrightPowder|SandVeil|StompingTantrum,RockSlide,SwordsDance,Protect|||M|||50|,,,,,Fire]Klefki||LightClay|Prankster|Reflect,ThunderWave,DrainingKiss,LightScreen|||F|||50|,,,,,Water]Mandibuzz||Leftovers|Overcoat|FoulPlay,Tailwind,Protect,Uturn|||F|||50|,,,,,Poison
|showteam|p2|Volcarona||Leftovers|FlameBody|FieryDance,GigaDrain,QuiverDance,Protect|||M|||50|,,,,,Grass]Basculegion||ChoiceScarf|Adaptability|WaveCrash,LastRespects,FlipTurn,AquaJet|||M|||50|,,,,,Water]Baxcalibur||LoadedDice|ThermalExchange|IcicleSpear,ScaleShot,IceShard,Protect|||F|||50|,,,,,Ghost]Rillaboom||AssaultVest|GrassySurge|GrassyGlide,FakeOut,WoodHammer,Uturn|||M|||50|,,,,,Fire]Sneasler||WhiteHerb|Unburden|DireClaw,CloseCombat,Coaching,Protect|||M|||50|,,,,,Ghost]Ninetales-Alola||CovertCloak|SnowWarning|Blizzard,AuroraVeil,Encore,Protect|||F|||50|,,,,,Water
|inactive|Battle timer is ON: inactive players will automatically lose when time's up. (requested by onxlaughtvgc)
|
|t:|1757802856
|teamsize|p1|4
|teamsize|p2|4
|start
|switch|p1a: Klefki|Klefki, L50, F|100/100
|switch|p1b: Mandibuzz|Mandibuzz, L50, F|100/100
|switch|p2a: A strong fellow|Baxcalibur, L50, F|100/100
|switch|p2b: I'm sorry.|Sneasler, L50, M|100/100
|turn|1
|inactive|MIMHvgc has 30 seconds left.
|inactive|onxlaughtvgc has 30 seconds left.
|
|t:|1757802891
|move|p1a: Klefki|Reflect|p1a: Klefki
|-sidestart|p1: onxlaughtvgc|Reflect
|move|p2b: I'm sorry.|Coaching|p2a: A strong fellow
|-boost|p2a: A strong fellow|atk|1
|-boost|p2a: A strong fellow|def|1
|move|p2a: A strong fellow|Icicle Spear|p1b: Mandibuzz
|-supereffective|p1b: Mandibuzz
|-damage|p1b: Mandibuzz|77/100
|-supereffective|p1b: Mandibuzz
|-damage|p1b: Mandibuzz|54/100
|-supereffective|p1b: Mandibuzz
|-damage|p1b: Mandibuzz|31/100
|-supereffective|p1b: Mandibuzz
|-damage|p1b: Mandibuzz|7/100
|-hitcount|p1b: Mandibuzz|4
|move|p1b: Mandibuzz|U-turn|p2b: I'm sorry.
|-resisted|p2b: I'm sorry.
|-crit|p2b: I'm sorry.
|-damage|p2b: I'm sorry.|93/100
|
|t:|1757802908
|switch|p1b: Tyranitar|Tyranitar, L50, M|100/100|[from] U-turn
|-weather|Sandstorm|[from] ability: Sand Stream|[of] p1b: Tyranitar
|
|-weather|Sandstorm|[upkeep]
|-damage|p2b: I'm sorry.|87/100|[from] Sandstorm
|-damage|p2a: A strong fellow|94/100|[from] Sandstorm
|upkeep
|turn|2
|
|t:|1757802927
|-terastallize|p1b: Tyranitar|Flying
|move|p1a: Klefki|Thunder Wave|p2a: A strong fellow
|-status|p2a: A strong fellow|par
|move|p2b: I'm sorry.|Coaching|p2a: A strong fellow
|-boost|p2a: A strong fellow|atk|1
|-boost|p2a: A strong fellow|def|1
|move|p1b: Tyranitar|Knock Off|p2a: A strong fellow
|-damage|p2a: A strong fellow|65/100 par
|-enditem|p2a: A strong fellow|Loaded Dice|[from] move: Knock Off|[of] p1b: Tyranitar
|move|p2a: A strong fellow|Scale Shot|p1b: Tyranitar
|-damage|p1b: Tyranitar|85/100
|-damage|p1b: Tyranitar|68/100
|-damage|p1b: Tyranitar|51/100
|-hitcount|p1b: Tyranitar|3
|-unboost|p2a: A strong fellow|def|1
|-boost|p2a: A strong fellow|spe|1
|
|-weather|Sandstorm|[upkeep]
|-damage|p2b: I'm sorry.|81/100|[from] Sandstorm
|-damage|p2a: A strong fellow|58/100 par|[from] Sandstorm
|-damage|p1b: Tyranitar|45/100|[from] Sandstorm
|upkeep
|turn|3
|inactive|onxlaughtvgc has 30 seconds left.
|
|t:|1757802959
|move|p2a: A strong fellow|Ice Shard|p1b: Tyranitar
|-supereffective|p1b: Tyranitar
|-damage|p1b: Tyranitar|0 fnt
|faint|p1b: Tyranitar
|move|p1a: Klefki|Thunder Wave|p2b: I'm sorry.
|-status|p2b: I'm sorry.|par
|cant|p2b: I'm sorry.|par
|
|-weather|Sandstorm|[upkeep]
|-damage|p2a: A strong fellow|52/100 par|[from] Sandstorm
|-damage|p2b: I'm sorry.|75/100 par|[from] Sandstorm
|upkeep
|
|t:|1757802973
|switch|p1b: Garchomp|Garchomp, L50, M|100/100
|turn|4
|
|t:|1757802982
|move|p1b: Garchomp|Rock Slide|p2b: I'm sorry.|[spread] p2a
|-miss|p1b: Garchomp|p2b: I'm sorry.
|-supereffective|p2a: A strong fellow
|-damage|p2a: A strong fellow|27/100 par
|cant|p2a: A strong fellow|flinch
|move|p1a: Klefki|Draining Kiss|p2a: A strong fellow
|-supereffective|p2a: A strong fellow
|-damage|p2a: A strong fellow|0 fnt
|faint|p2a: A strong fellow
|move|p2b: I'm sorry.|Close Combat|p1b: Garchomp
|-damage|p1b: Garchomp|61/100
|-unboost|p2b: I'm sorry.|def|1
|-unboost|p2b: I'm sorry.|spd|1
|-enditem|p2b: I'm sorry.|White Herb
|-clearnegativeboost|p2b: I'm sorry.|[silent]
|
|-weather|Sandstorm|[upkeep]
|-damage|p2b: I'm sorry.|70/100 par|[from] Sandstorm
|upkeep
|
|t:|1757802993
|switch|p2a: Ninetales-She/They|Ninetales-Alola, L50, F|100/100
|-weather|Snowscape|[from] ability: Snow Warning|[of] p2a: Ninetales-She/They
|turn|5
|
|t:|1757803013
|move|p1a: Klefki|Thunder Wave|p2a: Ninetales-She/They
|-status|p2a: Ninetales-She/They|par
|move|p2b: I'm sorry.|Coaching|p2a: Ninetales-She/They
|-boost|p2a: Ninetales-She/They|atk|1
|-boost|p2a: Ninetales-She/They|def|1
|move|p1b: Garchomp|Stomping Tantrum|p2b: I'm sorry.
|-supereffective|p2b: I'm sorry.
|-damage|p2b: I'm sorry.|0 fnt
|faint|p2b: I'm sorry.
|cant|p2a: Ninetales-She/They|par
|
|-weather|Snowscape|[upkeep]
|upkeep
|
|t:|1757803017
|switch|p2b: Monke D. Luffy|Rillaboom, L50, M|100/100
|-fieldstart|move: Grassy Terrain|[from] ability: Grassy Surge|[of] p2b: Monke D. Luffy
|turn|6
|
|t:|1757803036
|switch|p1b: Mandibuzz|Mandibuzz, L50, F|7/100
|move|p2b: Monke D. Luffy|Fake Out|p1a: Klefki
|-resisted|p1a: Klefki
|-damage|p1a: Klefki|97/100
|cant|p1a: Klefki|flinch
|move|p2a: Ninetales-She/They|Aurora Veil|p2a: Ninetales-She/They
|-sidestart|p2: MIMHvgc|move: Aurora Veil
|
|-weather|Snowscape|[upkeep]
|-heal|p1b: Mandibuzz|13/100|[from] item: Leftovers
|-heal|p1a: Klefki|100/100|[from] Grassy Terrain
|upkeep
|turn|7
|inactive|MIMHvgc has 30 seconds left.
|
|t:|1757803062
|move|p1b: Mandibuzz|Protect|p1b: Mandibuzz
|-singleturn|p1b: Mandibuzz|Protect
|move|p2b: Monke D. Luffy|Grassy Glide|p1b: Mandibuzz
|-activate|p1b: Mandibuzz|move: Protect
|move|p1a: Klefki|Light Screen|p1a: Klefki
|-sidestart|p1: onxlaughtvgc|move: Light Screen
|move|p2a: Ninetales-She/They|Blizzard|p1a: Klefki|[spread] p1a
|-activate|p1b: Mandibuzz|move: Protect
|-resisted|p1a: Klefki
|-damage|p1a: Klefki|91/100
|
|-weather|Snowscape|[upkeep]
|-heal|p1b: Mandibuzz|20/100|[from] item: Leftovers
|-heal|p1a: Klefki|97/100|[from] Grassy Terrain
|upkeep
|turn|8
|
|t:|1757803084
|move|p2b: Monke D. Luffy|Wood Hammer|p1b: Mandibuzz
|-resisted|p1b: Mandibuzz
|-damage|p1b: Mandibuzz|2/100
|-damage|p2b: Monke D. Luffy|95/100|[from] Recoil
|move|p1b: Mandibuzz|Foul Play|p2b: Monke D. Luffy
|-damage|p2b: Monke D. Luffy|64/100
|move|p1a: Klefki|Draining Kiss|p2a: Ninetales-She/They
|-damage|p2a: Ninetales-She/They|89/100 par
|-heal|p1a: Klefki|100/100|[from] drain|[of] p2a: Ninetales-She/They
|move|p2a: Ninetales-She/They|Blizzard|p1a: Klefki|[spread] p1a,p1b
|-resisted|p1a: Klefki
|-supereffective|p1b: Mandibuzz
|-damage|p1a: Klefki|92/100
|-damage|p1b: Mandibuzz|0 fnt
|-status|p1a: Klefki|frz
|faint|p1b: Mandibuzz
|
|-weather|Snowscape|[upkeep]
|-heal|p2b: Monke D. Luffy|69/100|[from] Grassy Terrain
|-heal|p1a: Klefki|99/100 frz|[from] Grassy Terrain
|-heal|p2a: Ninetales-She/They|95/100 par|[from] Grassy Terrain
|-sideend|p1: onxlaughtvgc|Reflect
|upkeep
|
|t:|1757803105
|switch|p1b: Garchomp|Garchomp, L50, M|61/100
|turn|9
|
|t:|1757803112
|move|p1b: Garchomp|Protect|p1b: Garchomp
|-singleturn|p1b: Garchomp|Protect
|move|p2b: Monke D. Luffy|Wood Hammer|p1b: Garchomp
|-activate|p1b: Garchomp|move: Protect
|cant|p1a: Klefki|frz
|cant|p2a: Ninetales-She/They|par
|
|-weather|none
|-heal|p1b: Garchomp|68/100|[from] Grassy Terrain
|-heal|p2b: Monke D. Luffy|75/100|[from] Grassy Terrain
|-heal|p1a: Klefki|100/100 frz|[from] Grassy Terrain
|-heal|p2a: Ninetales-She/They|100/100 par|[from] Grassy Terrain
|upkeep
|turn|10
|
|t:|1757803128
|move|p1b: Garchomp|Rock Slide|p2a: Ninetales-She/They|[spread] p2a,p2b
|-supereffective|p2a: Ninetales-She/They
|-damage|p2a: Ninetales-She/They|80/100 par
|-damage|p2b: Monke D. Luffy|63/100
|move|p2b: Monke D. Luffy|Wood Hammer|p1b: Garchomp
|-crit|p1b: Garchomp
|-damage|p1b: Garchomp|0 fnt
|faint|p1b: Garchomp
|-damage|p2b: Monke D. Luffy|42/100|[from] Recoil
|cant|p1a: Klefki|frz
|move|p2a: Ninetales-She/They|Blizzard|p1a: Klefki
|-resisted|p1a: Klefki
|-damage|p1a: Klefki|89/100 frz
|
|-heal|p2b: Monke D. Luffy|48/100|[from] Grassy Terrain
|-heal|p1a: Klefki|95/100 frz|[from] Grassy Terrain
|-heal|p2a: Ninetales-She/They|86/100 par|[from] Grassy Terrain
|-sideend|p2: MIMHvgc|move: Aurora Veil
|-fieldend|move: Grassy Terrain
|upkeep
|turn|11
|inactive|MIMHvgc has 30 seconds left.
|
|t:|1757803158
|-terastallize|p2b: Monke D. Luffy|Fire
|cant|p1a: Klefki|frz
|move|p2b: Monke D. Luffy|Wood Hammer|p1a: Klefki
|-resisted|p1a: Klefki
|-damage|p1a: Klefki|69/100 frz
|-damage|p2b: Monke D. Luffy|41/100|[from] Recoil
|move|p2a: Ninetales-She/They|Blizzard|p1a: Klefki
|-resisted|p1a: Klefki
|-damage|p1a: Klefki|57/100 frz
|
|upkeep
|turn|12
|
|t:|1757803173
|cant|p2a: Ninetales-She/They|par
|move|p2b: Monke D. Luffy|Wood Hammer|p1a: Klefki
|-resisted|p1a: Klefki
|-damage|p1a: Klefki|29/100 frz
|-damage|p2b: Monke D. Luffy|34/100|[from] Recoil
|cant|p1a: Klefki|frz
|
|upkeep
|turn|13
|
|t:|1757803182
|cant|p1a: Klefki|frz
|move|p2b: Monke D. Luffy|Wood Hammer|p1a: Klefki
|-resisted|p1a: Klefki
|-damage|p1a: Klefki|0 fnt
|faint|p1a: Klefki
|-damage|p2b: Monke D. Luffy|27/100|[from] Recoil
|
|win|MIMHvgc
||onxlaughtvgc is ready for game 3.
