|j|☆beckybug
|j|☆Reckzz
|html|beckybugReckzz    
|uhtml|bestof|Game 3 of a best-of-3
|t:|1785360866
|gametype|doubles
|player|p1|beckybug|briar|1354
|player|p2|Reckzz|169|1280
|gen|9
|tier|[Gen 9 Champions] VGC 2026 Reg M-B (Bo3)
|rated|
|rule|Species Clause: Limit one of each Pokémon
|rule|Item Clause: Limit 1 of each item
|clearpoke
|poke|p1|Metagross, L50|
|poke|p1|Swampert, L50, F|
|poke|p1|Pelipper, L50, F|
|poke|p1|Archaludon, L50, F|
|poke|p1|Sinistcha-Masterpiece, L50|
|poke|p1|Grimmsnarl, L50, M|
|poke|p2|Tyranitar, L50, M|
|poke|p2|Excadrill, L50, F|
|poke|p2|Milotic, L50, F|
|poke|p2|Sinistcha, L50|
|poke|p2|Staraptor, L50, F|
|poke|p2|Gholdengo, L50|
|teampreview|4
|showteam|p1|Metagross||Metagrossite|ClearBody|IronHead,PsychicFangs,BodyPress,Protect|Jolly|||||50|]Swampert||Swampertite|Torrent|WaveCrash,Earthquake,IcePunch,Protect|Adamant||F|||50|]Pelipper||SitrusBerry|Drizzle|WeatherBall,Hurricane,Tailwind,Protect|Modest||F|||50|]Archaludon||Leftovers|Stamina|FlashCannon,DragonPulse,ElectroShot,Protect|Modest||F|||50|]Sinistcha-Masterpiece||ColburBerry|Hospitality|MatchaGotcha,RagePowder,TrickRoom,Protect|Relaxed|||||50|]Grimmsnarl||LightClay|Prankster|FoulPlay,PartingShot,Reflect,LightScreen|Sassy||M|||50|
|showteam|p2|Tyranitar||Tyranitarite|SandStream|KnockOff,RockSlide,LowKick,Protect|Jolly||M|||50|]Excadrill||FocusSash|SandRush|Earthquake,IronHead,RockSlide,Protect|Adamant||F|||50|]Milotic||SitrusBerry|Competitive|Scald,IcyWind,Haze,Protect|Calm||F|||50|]Sinistcha||ColburBerry|Hospitality|MatchaGotcha,ShadowBall,Protect,RagePowder|Bold|||||50|]Staraptor||Staraptite|Intimidate|CloseCombat,BraveBird,Tailwind,Protect|Jolly||F|||50|]Gholdengo||LifeOrb|GoodasGold|MakeItRain,ShadowBall,NastyPlot,Protect|Modest|||||50|
|
|t:|1785360905
|teamsize|p1|4
|teamsize|p2|4
|start
|switch|p1a: Pelipper|Pelipper, L50, F|100/100
|switch|p1b: Archaludon|Archaludon, L50, F|100/100
|switch|p2a: Staraptor|Staraptor, L50, F|100/100
|switch|p2b: Tyranitar|Tyranitar, L50, M|100/100
|-ability|p2a: Staraptor|Intimidate|boost
|-unboost|p1a: Pelipper|atk|1
|-unboost|p1b: Archaludon|atk|1
|-weather|Sandstorm|[from] ability: Sand Stream|[of] p2b: Tyranitar
|-weather|RainDance|[from] ability: Drizzle|[of] p1a: Pelipper
|turn|1
|
|t:|1785360927
|switch|p1a: Sinistcha|Sinistcha-Masterpiece, L50|100/100
|detailschange|p2b: Tyranitar|Tyranitar-Mega, L50, M
|-mega|p2b: Tyranitar|Tyranitar|Tyranitarite
|-weather|Sandstorm|[from] ability: Sand Stream|[of] p2b: Tyranitar
|move|p1b: Archaludon|Protect|p1b: Archaludon
|-singleturn|p1b: Archaludon|Protect
|move|p2a: Staraptor|Tailwind|p2a: Staraptor
|-sidestart|p2: Reckzz|move: Tailwind
|move|p2b: Tyranitar|Knock Off|p1b: Archaludon
|-activate|p1b: Archaludon|move: Protect
|
|-weather|Sandstorm|[upkeep]
|-damage|p2a: Staraptor|94/100|[from] Sandstorm
|-damage|p1a: Sinistcha|93/100|[from] Sandstorm
|upkeep
|turn|2
|
|t:|1785360945
|switch|p1a: Pelipper|Pelipper, L50, F|100/100
|-weather|RainDance|[from] ability: Drizzle|[of] p1a: Pelipper
|move|p2a: Staraptor|Brave Bird|p1a: Pelipper
|-damage|p1a: Pelipper|45/100
|-enditem|p1a: Pelipper|Sitrus Berry|[eat]
|-heal|p1a: Pelipper|70/100|[from] item: Sitrus Berry
|-damage|p2a: Staraptor|78/100|[from] Recoil
|move|p2b: Tyranitar|Knock Off|p1b: Archaludon
|-damage|p1b: Archaludon|55/100
|-ability|p1b: Archaludon|Stamina|boost
|-boost|p1b: Archaludon|def|1
|-enditem|p1b: Archaludon|Leftovers|[from] move: Knock Off|[of] p2b: Tyranitar
|move|p1b: Archaludon|Electro Shot||[still]
|-prepare|p1b: Archaludon|Electro Shot
|-boost|p1b: Archaludon|spa|1
|-anim|p1b: Archaludon|Electro Shot|p2a: Staraptor
|-supereffective|p2a: Staraptor|1
|-damage|p2a: Staraptor|0 fnt
|faint|p2a: Staraptor
|
|-weather|RainDance|[upkeep]
|upkeep
|
|t:|1785360952
|switch|p2a: Gholdengo|Gholdengo, L50|100/100
|turn|3
|
|t:|1785360972
|move|p1b: Archaludon|Protect|p1b: Archaludon
|-singleturn|p1b: Archaludon|Protect
|move|p2b: Tyranitar|Rock Slide|p1a: Pelipper|[spread] p1a
|-activate|p1b: Archaludon|move: Protect
|-supereffective|p1a: Pelipper|1
|-damage|p1a: Pelipper|0 fnt
|faint|p1a: Pelipper
|move|p2a: Gholdengo|Shadow Ball|p1b: Archaludon
|-activate|p1b: Archaludon|move: Protect
|
|-weather|RainDance|[upkeep]
|upkeep
|
|t:|1785360981
|switch|p1a: Sinistcha|Sinistcha-Masterpiece, L50|93/100
|-heal|p1b: Archaludon|80/100|[from] ability: Hospitality|[of] p1a: Sinistcha
|turn|4
|
|t:|1785360994
|move|p1a: Sinistcha|Rage Powder|p1a: Sinistcha
|-singleturn|p1a: Sinistcha|move: Rage Powder
|move|p2b: Tyranitar|Knock Off|p1a: Sinistcha
|-supereffective|p1a: Sinistcha|1
|-enditem|p1a: Sinistcha|Colbur Berry|[eat]
|-enditem|p1a: Sinistcha|Colbur Berry|[weaken]
|-damage|p1a: Sinistcha|47/100
|move|p2a: Gholdengo|Shadow Ball|p1a: Sinistcha
|-supereffective|p1a: Sinistcha|1
|-damage|p1a: Sinistcha|0 fnt
|faint|p1a: Sinistcha
|-damage|p2a: Gholdengo|90/100|[from] item: Life Orb
|move|p1b: Archaludon|Electro Shot||[still]
|-prepare|p1b: Archaludon|Electro Shot
|-boost|p1b: Archaludon|spa|1
|-anim|p1b: Archaludon|Electro Shot|p2a: Gholdengo
|-damage|p2a: Gholdengo|18/100
|
|-weather|RainDance|[upkeep]
|-sideend|p2: Reckzz|move: Tailwind
|upkeep
|
|t:|1785361009
|switch|p1a: Swampert|Swampert, L50, F|100/100
|turn|5
|
|t:|1785361026
|switch|p2a: Sinistcha|Sinistcha, L50|100/100
|detailschange|p1a: Swampert|Swampert-Mega, L50, F
|-mega|p1a: Swampert|Swampert|Swampertite
|move|p2b: Tyranitar|Protect|p2b: Tyranitar
|-singleturn|p2b: Tyranitar|Protect
|move|p1b: Archaludon|Protect|p1b: Archaludon
|-singleturn|p1b: Archaludon|Protect
|move|p1a: Swampert|Earthquake|p2a: Sinistcha|[spread] p2a
|-activate|p1b: Archaludon|move: Protect
|-activate|p2b: Tyranitar|move: Protect
|-resisted|p2a: Sinistcha|1
|-damage|p2a: Sinistcha|82/100
|
|-weather|RainDance|[upkeep]
|upkeep
|turn|6
|
|t:|1785361042
|switch|p2b: Gholdengo|Gholdengo, L50|18/100
|move|p1a: Swampert|Ice Punch|p2a: Sinistcha
|-supereffective|p2a: Sinistcha|1
|-damage|p2a: Sinistcha|33/100
|move|p1b: Archaludon|Electro Shot||[still]
|-prepare|p1b: Archaludon|Electro Shot
|-boost|p1b: Archaludon|spa|1
|-anim|p1b: Archaludon|Electro Shot|p2a: Sinistcha
|-resisted|p2a: Sinistcha|1
|-crit|p2a: Sinistcha
|-damage|p2a: Sinistcha|0 fnt
|faint|p2a: Sinistcha
|
|-weather|none
|upkeep
|
|t:|1785361051
|switch|p2a: Tyranitar|Tyranitar-Mega, L50, M|100/100
|-weather|Sandstorm|[from] ability: Sand Stream|[of] p2a: Tyranitar
|turn|7
|
|t:|1785361064
|move|p1b: Archaludon|Protect|p1b: Archaludon
|-singleturn|p1b: Archaludon|Protect
|move|p2a: Tyranitar|Low Kick|p1a: Swampert
|-damage|p1a: Swampert|68/100
|move|p2b: Gholdengo|Shadow Ball|p1a: Swampert
|-damage|p1a: Swampert|26/100
|-damage|p2b: Gholdengo|8/100|[from] item: Life Orb
|move|p1a: Swampert|Earthquake|p2a: Tyranitar|[spread] p2a,p2b
|-activate|p1b: Archaludon|move: Protect
|-supereffective|p2a: Tyranitar|1
|-supereffective|p2b: Gholdengo|1
|-damage|p2a: Tyranitar|33/100
|-damage|p2b: Gholdengo|0 fnt
|faint|p2b: Gholdengo
|
|-weather|Sandstorm|[upkeep]
|upkeep
|turn|8
|
|t:|1785361077
|move|p2a: Tyranitar|Rock Slide|p1b: Archaludon|[spread] p1b
|-miss|p2a: Tyranitar|p1a: Swampert
|-resisted|p1b: Archaludon|1
|-damage|p1b: Archaludon|72/100
|-ability|p1b: Archaludon|Stamina|boost
|-boost|p1b: Archaludon|def|1
|move|p1a: Swampert|Wave Crash|p2a: Tyranitar
|-supereffective|p2a: Tyranitar|1
|-damage|p2a: Tyranitar|0 fnt
|faint|p2a: Tyranitar
|-damage|p1a: Swampert|15/100|[from] Recoil
|
|win|beckybug
|raw|beckybug's rating: 1354 → 1370(+16 for winning)
|raw|Reckzz's rating: 1280 → 1260(-20 for losing)
