|j|☆galloway2001
|j|☆shinykuzan
|html|galloway2001shinykuzan    
|uhtml|bestof|Game 2 of a best-of-3
|t:|1786026347
|gametype|doubles
|player|p1|galloway2001|265|1320
|player|p2|shinykuzan|266|1220
|gen|9
|tier|[Gen 9 Champions] VGC 2026 Reg M-B (Bo3)
|rated|
|rule|Species Clause: Limit one of each Pokémon
|rule|Item Clause: Limit 1 of each item
|clearpoke
|poke|p1|Scovillain, L50, M|
|poke|p1|Lycanroc-Dusk, L50, M|
|poke|p1|Kingambit, L50, F|
|poke|p1|Basculegion, L50, M|
|poke|p1|Sneasler, L50, F|
|poke|p1|Froslass, L50, F|
|poke|p2|Raichu, L50, M|
|poke|p2|Milotic, L50, F|
|poke|p2|Ceruledge, L50, M|
|poke|p2|Meowscarada, L50, F|
|poke|p2|Ninetales-Alola, L50, F|
|poke|p2|Staraptor, L50, F|
|teampreview|4
|showteam|p1|Scovillain||Scovillainite|Moody|Overheat,GigaDrain,RagePowder,Protect|Bold||M|||50|]Lycanroc-Dusk||FocusSash|ToughClaws|RockSlide,CloseCombat,Accelerock,Protect|Adamant||M|||50|]Kingambit||BlackGlasses|Defiant|KowtowCleave,SuckerPunch,SwordsDance,Protect|Adamant||F|||50|]Basculegion||SitrusBerry|Adaptability|WaveCrash,LastRespects,AquaJet,Protect|Adamant||M|||50|]Sneasler||WhiteHerb|Unburden|FakeOut,GunkShot,CloseCombat,Protect|Adamant||F|||50|]Froslass||Froslassite|CursedBody|Blizzard,ShadowBall,AuroraVeil,Protect|Modest||F|||50|
|showteam|p2|Raichu||RaichuniteY|LightningRod|ZapCannon,FocusBlast,FakeOut,Protect|Timid||M|||50|]Milotic||Leftovers|Competitive|MuddyWater,Hypnosis,Coil,Recover|Calm||F|||50|]Ceruledge||ColburBerry|FlashFire|BitterBlade,ShadowSneak,BulkUp,Protect|Adamant||M|||50|]Meowscarada||FocusSash|Overgrow|FlowerTrick,KnockOff,SuckerPunch,Protect|Jolly||F|||50|]Ninetales-Alola||LightClay|SnowWarning|Blizzard,FreezeDry,AuroraVeil,Protect|Timid||F|||50|]Staraptor||Staraptite|Intimidate|BraveBird,CloseCombat,Roost,Protect|Jolly||F|||50|
|inactive|Battle timer is ON: inactive players will automatically lose when time's up. (requested by shinykuzan)
|inactive|galloway2001 has 60 seconds left.
|
|t:|1786026403
|teamsize|p1|4
|teamsize|p2|4
|start
|switch|p1a: Sneasler|Sneasler, L50, F|100/100
|switch|p1b: Scovillain|Scovillain, L50, M|100/100
|switch|p2a: Raichu|Raichu, L50, M|100/100
|switch|p2b: Ninetales|Ninetales-Alola, L50, F|100/100
|-weather|Snowscape|[from] ability: Snow Warning|[of] p2b: Ninetales
|turn|1
|
|t:|1786026425
|detailschange|p2a: Raichu|Raichu-Mega-Y, L50, M
|-mega|p2a: Raichu|Raichu|Raichunite Y
|detailschange|p1b: Scovillain|Scovillain-Mega, L50, M
|-mega|p1b: Scovillain|Scovillain|Scovillainite
|move|p1a: Sneasler|Protect|p1a: Sneasler
|-singleturn|p1a: Sneasler|Protect
|move|p2a: Raichu|Fake Out|p1a: Sneasler
|-activate|p1a: Sneasler|move: Protect
|move|p2b: Ninetales|Aurora Veil|p2b: Ninetales
|-sidestart|p2: shinykuzan|move: Aurora Veil
|move|p1b: Scovillain|Overheat|p2b: Ninetales
|-supereffective|p2b: Ninetales|1
|-damage|p2b: Ninetales|17/100
|-unboost|p1b: Scovillain|spa|2
|
|-weather|Snowscape|[upkeep]
|upkeep
|turn|2
|
|t:|1786026440
|move|p1b: Scovillain|Rage Powder|p1b: Scovillain
|-singleturn|p1b: Scovillain|move: Rage Powder
|move|p2a: Raichu|Zap Cannon|p1b: Scovillain
|-resisted|p1b: Scovillain|1
|-damage|p1b: Scovillain|69/100
|-status|p1b: Scovillain|par
|-status|p2a: Raichu|brn|[from] ability: Spicy Spray|[of] p1b: Scovillain
|move|p2b: Ninetales|Blizzard|p1a: Sneasler|[spread] p1a,p1b
|-damage|p1a: Sneasler|67/100
|-damage|p1b: Scovillain|38/100 par
|-status|p1a: Sneasler|frz
|-status|p2b: Ninetales|brn|[from] ability: Spicy Spray|[of] p1b: Scovillain
|-curestatus|p1a: Sneasler|frz|[msg]
|move|p1a: Sneasler|Close Combat|p2a: Raichu
|-damage|p2a: Raichu|44/100 brn
|-unboost|p1a: Sneasler|def|1
|-unboost|p1a: Sneasler|spd|1
|-enditem|p1a: Sneasler|White Herb
|-clearnegativeboost|p1a: Sneasler|[silent]
|
|-weather|Snowscape|[upkeep]
|-damage|p2a: Raichu|38/100 brn|[from] brn
|-damage|p2b: Ninetales|11/100 brn|[from] brn
|upkeep
|turn|3
|inactive|galloway2001 has 30 seconds left.
|
|t:|1786026475
|switch|p1b: Lycanroc|Lycanroc-Dusk, L50, M|100/100
|move|p1a: Sneasler|Close Combat|p2b: Ninetales
|-damage|p2b: Ninetales|0 fnt
|-unboost|p1a: Sneasler|def|1
|-unboost|p1a: Sneasler|spd|1
|faint|p2b: Ninetales
|move|p2a: Raichu|Focus Blast|p1b: Lycanroc
|-supereffective|p1b: Lycanroc|1
|-enditem|p1b: Lycanroc|Focus Sash
|-damage|p1b: Lycanroc|1/100
|
|-weather|Snowscape|[upkeep]
|-damage|p2a: Raichu|32/100 brn|[from] brn
|upkeep
|
|t:|1786026481
|switch|p2b: Milotic|Milotic, L50, F|100/100
|turn|4
|
|t:|1786026498
|move|p1b: Lycanroc|Accelerock|p2a: Raichu
|-damage|p2a: Raichu|7/100 brn
|move|p1a: Sneasler|Close Combat|p2b: Milotic
|-damage|p2b: Milotic|66/100
|-unboost|p1a: Sneasler|def|1
|-unboost|p1a: Sneasler|spd|1
|move|p2a: Raichu|Zap Cannon|p1a: Sneasler
|-damage|p1a: Sneasler|0 fnt
|faint|p1a: Sneasler
|move|p2b: Milotic|Coil|p2b: Milotic
|-boost|p2b: Milotic|atk|1
|-boost|p2b: Milotic|def|1
|-boost|p2b: Milotic|accuracy|1
|
|-weather|Snowscape|[upkeep]
|-heal|p2b: Milotic|72/100|[from] item: Leftovers
|-damage|p2a: Raichu|1/100 brn|[from] brn
|upkeep
|
|t:|1786026509
|switch|p1a: Scovillain|Scovillain-Mega, L50, M|38/100 par
|turn|5
|inactive|shinykuzan has 30 seconds left.
|
|t:|1786026542
|move|p1b: Lycanroc|Protect|p1b: Lycanroc
|-singleturn|p1b: Lycanroc|Protect
|move|p2a: Raichu|Focus Blast|p1a: Scovillain
|-damage|p1a: Scovillain|0 fnt
|faint|p1a: Scovillain
|move|p2b: Milotic|Coil|p2b: Milotic
|-boost|p2b: Milotic|atk|1
|-boost|p2b: Milotic|def|1
|-boost|p2b: Milotic|accuracy|1
|
|-weather|none
|-heal|p2b: Milotic|78/100|[from] item: Leftovers
|-damage|p2a: Raichu|0 fnt|[from] brn
|faint|p2a: Raichu
|upkeep
|
|t:|1786026550
|switch|p2a: Ceruledge|Ceruledge, L50, M|100/100
|switch|p1a: Basculegion|Basculegion, L50, M|100/100
|turn|6
|
|t:|1786026560
|move|p2a: Ceruledge|Protect|p2a: Ceruledge
|-singleturn|p2a: Ceruledge|Protect
|move|p1b: Lycanroc|Rock Slide|p2b: Milotic|[spread] p2b
|-activate|p2a: Ceruledge|move: Protect
|-damage|p2b: Milotic|70/100
|move|p1a: Basculegion|Last Respects|p2b: Milotic
|-damage|p2b: Milotic|42/100
|cant|p2b: Milotic|flinch
|
|-heal|p2b: Milotic|48/100|[from] item: Leftovers
|upkeep
|turn|7
|
|t:|1786026579
|move|p2a: Ceruledge|Shadow Sneak|p1b: Lycanroc
|-damage|p1b: Lycanroc|0 fnt
|faint|p1b: Lycanroc
|move|p1a: Basculegion|Last Respects|p2b: Milotic
|-damage|p2b: Milotic|8/100
|move|p2b: Milotic|Hypnosis|p1a: Basculegion
|-status|p1a: Basculegion|slp|[from] move: Hypnosis
|
|-heal|p2b: Milotic|14/100|[from] item: Leftovers
|upkeep
|turn|8
|
|t:|1786026589
|move|p2a: Ceruledge|Bulk Up|p2a: Ceruledge
|-boost|p2a: Ceruledge|atk|1
|-boost|p2a: Ceruledge|def|1
|cant|p1a: Basculegion|slp
|move|p2b: Milotic|Recover|p2b: Milotic
|-heal|p2b: Milotic|64/100
|
|-heal|p2b: Milotic|70/100|[from] item: Leftovers
|-sideend|p2: shinykuzan|move: Aurora Veil
|upkeep
|turn|9
|
|t:|1786026594
|move|p2a: Ceruledge|Shadow Sneak|p1a: Basculegion
|-supereffective|p1a: Basculegion|1
|-damage|p1a: Basculegion|20/100y slp
|-enditem|p1a: Basculegion|Sitrus Berry|[eat]
|-heal|p1a: Basculegion|45/100 slp|[from] item: Sitrus Berry
|cant|p1a: Basculegion|slp
|move|p2b: Milotic|Muddy Water|p1a: Basculegion
|-resisted|p1a: Basculegion|1
|-damage|p1a: Basculegion|28/100 slp
|-unboost|p1a: Basculegion|accuracy|1
|
|-heal|p2b: Milotic|76/100|[from] item: Leftovers
|upkeep
|turn|10
|
|t:|1786026600
|move|p2a: Ceruledge|Shadow Sneak|p1a: Basculegion
|-supereffective|p1a: Basculegion|1
|-damage|p1a: Basculegion|0 fnt
|faint|p1a: Basculegion
|
|win|shinykuzan
|raw|galloway2001's rating: 1320 → 1294(-26 for losing)
|raw|shinykuzan's rating: 1220 → 1252(+32 for winning)
