|j|☆Park2
|j|☆saboyita
|html|Park2saboyita    
|uhtml|bestof|Game 3 of a best-of-3
|t:|1756229593
|gametype|doubles
|player|p1|Park2|cynthia-gen4|1125
|player|p2|saboyita|grimsley|1088
|gen|9
|tier|[Gen 9] VGC 2025 Reg H (Bo3)
|rated|
|rule|Species Clause: Limit one of each Pokémon
|rule|Item Clause: Limit 1 of each item
|clearpoke
|poke|p1|Ursaluna, L50, M|
|poke|p1|Jumpluff, L50, F|
|poke|p1|Charizard, L50, M|
|poke|p1|Torkoal, L50, M|
|poke|p1|Incineroar, L50, M|
|poke|p1|Porygon2, L50|
|poke|p2|Amoonguss, L50, F|
|poke|p2|Hydreigon, L50, M|
|poke|p2|Whimsicott, L50, M|
|poke|p2|Maushold-Four, L50|
|poke|p2|Annihilape, L50, M|
|poke|p2|Ursaluna-Bloodmoon, L50, M|
|teampreview|4
|showteam|p1|Ursaluna||FlameOrb|Guts|HeadlongRush,Facade,Earthquake,Protect|||M|||50|,,,,,Ghost]Jumpluff||CovertCloak|Chlorophyll|Tailwind,SleepPowder,RagePowder,SunnyDay|||F|||50|,,,,,Fire]Charizard||ChoiceSpecs|SolarPower|DragonPulse,HeatWave,Overheat,WeatherBall|||M|||50|,,,,,Ghost]Torkoal||EjectPack|Drought|Eruption,Overheat,ClearSmog,Protect|||M|||50|,,,,,Fire]Incineroar||SitrusBerry|Intimidate|FlareBlitz,KnockOff,PartingShot,FakeOut|||M|||50|,,,,,Ghost]Porygon2||Eviolite|Download|TeraBlast,IceBeam,Recover,TrickRoom||||||50|,,,,,Fighting
|showteam|p2|Amoonguss||RockyHelmet|Regenerator|PollenPuff,Spore,RagePowder,Protect|||F|||50|,,,,,Fairy]Hydreigon||ChoiceSpecs|Levitate|HeatWave,DarkPulse,DragonPulse,DracoMeteor|||M|||50|,,,,,Fire]Whimsicott||CovertCloak|Prankster|Moonblast,HelpingHand,Tailwind,Encore|||M|||50|,,,,,Dark]Maushold-Four||WideLens|Technician|PopulationBomb,Taunt,FollowMe,Protect||||||50|,,,,,Ghost]Annihilape||Leftovers|Defiant|RageFist,DrainPunch,BulkUp,Protect|||M|||50|,,,,,Fire]Ursaluna-Bloodmoon||LifeOrb|MindsEye|HyperVoice,EarthPower,BloodMoon,Protect|||M|||50|,,,,,Water
|inactive|Battle timer is ON: inactive players will automatically lose when time's up. (requested by saboyita)
|
|t:|1756229619
|teamsize|p1|4
|teamsize|p2|4
|start
|switch|p1a: Jumpluff|Jumpluff, L50, F|100/100
|switch|p1b: Torkoal|Torkoal, L50, M|100/100
|switch|p2a: Maushold|Maushold-Four, L50|100/100
|switch|p2b: Annihilape|Annihilape, L50, M|100/100
|-weather|SunnyDay|[from] ability: Drought|[of] p1b: Torkoal
|turn|1
|inactive|saboyita has 30 seconds left.
|
|t:|1756229647
|switch|p1b: Charizard|Charizard, L50, M|100/100
|move|p1a: Jumpluff|Sleep Powder|p2a: Maushold
|-status|p2a: Maushold|slp|[from] move: Sleep Powder
|cant|p2a: Maushold|slp
|move|p2b: Annihilape|Drain Punch|p1b: Charizard
|-resisted|p1b: Charizard
|-damage|p1b: Charizard|75/100
|
|-weather|SunnyDay|[upkeep]
|-damage|p1b: Charizard|63/100|[from] ability: Solar Power|[of] p1b: Charizard
|upkeep
|turn|2
|
|t:|1756229667
|-terastallize|p2b: Annihilape|Fire
|move|p1a: Jumpluff|Sleep Powder|p2b: Annihilape
|-status|p2b: Annihilape|slp|[from] move: Sleep Powder
|-curestatus|p2a: Maushold|slp|[msg]
|move|p2a: Maushold|Population Bomb|p1b: Charizard
|-damage|p1b: Charizard|47/100
|-damage|p1b: Charizard|31/100
|-damage|p1b: Charizard|17/100
|-damage|p1b: Charizard|0 fnt
|faint|p1b: Charizard
|-hitcount|p1: Charizard|4
|cant|p2b: Annihilape|slp
|
|-weather|SunnyDay|[upkeep]
|upkeep
|
|t:|1756229681
|switch|p1b: Torkoal|Torkoal, L50, M|100/100
|turn|3
|
|t:|1756229696
|move|p1a: Jumpluff|Sleep Powder|p2a: Maushold
|-status|p2a: Maushold|slp|[from] move: Sleep Powder
|cant|p2a: Maushold|slp
|-curestatus|p2b: Annihilape|slp|[msg]
|move|p2b: Annihilape|Rage Fist|p1b: Torkoal
|-damage|p1b: Torkoal|82/100
|move|p1b: Torkoal|Eruption|p2b: Annihilape|[spread] p2a,p2b
|-resisted|p2b: Annihilape
|-damage|p2a: Maushold|12/100 slp
|-damage|p2b: Annihilape|74/100
|
|-weather|SunnyDay|[upkeep]
|-heal|p2b: Annihilape|80/100|[from] item: Leftovers
|upkeep
|turn|4
|
|t:|1756229715
|cant|p2a: Maushold|slp
|move|p1a: Jumpluff|Sleep Powder|p2b: Annihilape|[miss]
|-miss|p1a: Jumpluff|p2b: Annihilape
|move|p2b: Annihilape|Rage Fist|p1b: Torkoal
|-damage|p1b: Torkoal|41/100
|move|p1b: Torkoal|Eruption|p2a: Maushold|[spread] p2a,p2b
|-resisted|p2b: Annihilape
|-damage|p2a: Maushold|0 fnt
|-damage|p2b: Annihilape|66/100
|faint|p2a: Maushold
|
|-weather|SunnyDay|[upkeep]
|-heal|p2b: Annihilape|72/100|[from] item: Leftovers
|upkeep
|
|t:|1756229729
|switch|p2a: Ursaluna|Ursaluna-Bloodmoon, L50, M|100/100
|turn|5
|
|t:|1756229742
|move|p1b: Torkoal|Protect|p1b: Torkoal
|-singleturn|p1b: Torkoal|Protect
|move|p1a: Jumpluff|Sleep Powder|p2a: Ursaluna
|-status|p2a: Ursaluna|slp|[from] move: Sleep Powder
|move|p2b: Annihilape|Rage Fist|p1a: Jumpluff
|-damage|p1a: Jumpluff|0 fnt
|faint|p1a: Jumpluff
|cant|p2a: Ursaluna|slp
|
|-weather|none
|-heal|p2b: Annihilape|77/100|[from] item: Leftovers
|upkeep
|c|☆Park2|three one turn wake up
|
|t:|1756229765
|switch|p1a: Porygon2|Porygon2, L50|100/100
|-ability|p1a: Porygon2|Download|boost
|-boost|p1a: Porygon2|spa|1
|turn|6
|inactive|Park2 has 30 seconds left.
|
|t:|1756229790
|-terastallize|p1a: Porygon2|Fighting
|move|p2b: Annihilape|Rage Fist|p1b: Torkoal
|-damage|p1b: Torkoal|0 fnt
|faint|p1b: Torkoal
|cant|p2a: Ursaluna|slp
|move|p1a: Porygon2|Trick Room|p1a: Porygon2
|-fieldstart|move: Trick Room|[of] p1a: Porygon2
|
|-heal|p2b: Annihilape|83/100|[from] item: Leftovers
|upkeep
|turn|7
|
|t:|1756229810
|move|p1a: Porygon2|Tera Blast|p2b: Annihilape|[anim] Tera Blast Fighting
|-damage|p2b: Annihilape|30/100
|-curestatus|p2a: Ursaluna|slp|[msg]
|move|p2a: Ursaluna|Blood Moon|p1a: Porygon2
|-crit|p1a: Porygon2
|-damage|p1a: Porygon2|0 fnt
|faint|p1a: Porygon2
|-damage|p2a: Ursaluna|90/100|[from] item: Life Orb
|
|win|saboyita
|raw|Park2's rating: 1125 → 1097(-28 for losing)
|raw|saboyita's rating: 1088 → 1118(+30 for winning)
|c|☆Park2|and crit
|l|☆Park2
|player|p1|
