|j|☆NeonIsNuts
|j|☆f27 BuffLucario
|html|NeonIsNutsf27 BuffLucario    
|uhtml|bestof|Game 1 of a best-of-3
|t:|1783337627
|gametype|doubles
|player|p1|NeonIsNuts|102|1192
|player|p2|f27 BuffLucario|266|1228
|gen|9
|tier|[Gen 9 Champions] VGC 2026 Reg M-B (Bo3)
|rated|
|rule|Species Clause: Limit one of each Pokémon
|rule|Item Clause: Limit 1 of each item
|clearpoke
|poke|p1|Archaludon, L50, M|
|poke|p1|Tyranitar, L50, M|
|poke|p1|Sylveon, L50, F|
|poke|p1|Toxapex, L50, M|
|poke|p1|Aggron, L50, M|
|poke|p1|Sinistcha, L50|
|poke|p2|Lucario, L50, F, shiny|
|poke|p2|Tsareena, L50, F|
|poke|p2|Aerodactyl, L50, M|
|poke|p2|Delphox, L50, M, shiny|
|poke|p2|Garchomp, L50, F|
|poke|p2|Basculegion, L50, M|
|teampreview|4
|showteam|p1|Archaludon||Leftovers|Stamina|Roar,StealthRock,DragonPulse,FlashCannon|Calm||M|||50|]Tyranitar||Tyranitarite|SandStream|StealthRock,Roar,RockSlide,KnockOff|Adamant||M|||50|]Sylveon||FairyFeather|Pixilate|HyperVoice,Roar,MysticalFire,Protect|Quiet||F|||50|]Toxapex||MentalHerb|Regenerator|ToxicSpikes,BanefulBunker,Infestation,Recover|Bold||M|||50|]Aggron||Aggronite|Sturdy|Roar,StealthRock,IronDefense,BodyPress|Calm||M|||50|]Sinistcha||SitrusBerry|Hospitality|MatchaGotcha,LifeDew,RagePowder,Protect|Bold|||||50|
|showteam|p2|Lucario||Lucarionite|InnerFocus|IcePunch,CloseCombat,MeteorMash,Protect|Jolly||F|||50|]Tsareena||SitrusBerry|QueenlyMajesty|TropKick,Taunt,TripleAxel,Protect|Jolly||F|||50|]Aerodactyl||FocusSash|Unnerve|RockSlide,Protect,DualWingbeat,Tailwind|Jolly||M|||50|]Delphox||Delphoxite|Blaze|HeatWave,Psyshock,Substitute,Protect|Timid||M|||50|]Garchomp||LifeOrb|RoughSkin|Earthquake,DragonClaw,RockTomb,Protect|Jolly||F|||50|]Basculegion||ChoiceScarf|Adaptability|AquaJet,WaveCrash,LastRespects,FlipTurn|Jolly||M|||50|
|c|☆f27 BuffLucario|Rocks are going Up lol
|
|t:|1783337676
|teamsize|p1|4
|teamsize|p2|4
|start
|switch|p1a: Tyranitar|Tyranitar, L50, M|100/100
|switch|p1b: Toxapex|Toxapex, L50, M|100/100
|switch|p2a: Garchomp|Garchomp, L50, F|100/100
|switch|p2b: Delphox|Delphox, L50, M, shiny|100/100
|-weather|Sandstorm|[from] ability: Sand Stream|[of] p1a: Tyranitar
|turn|1
|inactive|Battle timer is ON: inactive players will automatically lose when time's up. (requested by f27 BuffLucario)
|
|t:|1783337696
|detailschange|p2b: Delphox|Delphox-Mega, L50, M, shiny
|-mega|p2b: Delphox|Delphox|Delphoxite
|move|p2b: Delphox|Protect|p2b: Delphox
|-singleturn|p2b: Delphox|Protect
|move|p2a: Garchomp|Earthquake|p1a: Tyranitar|[spread] p1a,p1b
|-activate|p2b: Delphox|move: Protect
|-supereffective|p1a: Tyranitar|1
|-supereffective|p1b: Toxapex|1
|-damage|p1a: Tyranitar|27/100
|-damage|p1b: Toxapex|43/100
|-damage|p2a: Garchomp|90/100|[from] item: Life Orb
|move|p1b: Toxapex|Toxic Spikes|p2a: Garchomp
|-sidestart|p2: f27 BuffLucario|move: Toxic Spikes
|move|p1a: Tyranitar|Roar|p2a: Garchomp
|drag|p2a: Basculegion|Basculegion, L50, M|100/100
|-status|p2a: Basculegion|psn
|
|-weather|Sandstorm|[upkeep]
|-damage|p2a: Basculegion|93/100 psn|[from] Sandstorm
|-damage|p2b: Delphox|93/100|[from] Sandstorm
|-damage|p1b: Toxapex|38/100|[from] Sandstorm
|-damage|p2a: Basculegion|81/100 psn|[from] psn
|upkeep
|turn|2
|
|t:|1783337714
|switch|p1a: Archaludon|Archaludon, L50, M|100/100
|move|p2a: Basculegion|Flip Turn|p1a: Archaludon
|-resisted|p1a: Archaludon|1
|-damage|p1a: Archaludon|84/100
|-ability|p1a: Archaludon|Stamina|boost
|-boost|p1a: Archaludon|def|1
|
|t:|1783337719
|switch|p2a: Lucario|Lucario, L50, F, shiny|100/100|[from] Flip Turn
|move|p2b: Delphox|Psyshock|p1b: Toxapex
|-supereffective|p1b: Toxapex|1
|-damage|p1b: Toxapex|0 fnt
|faint|p1b: Toxapex
|
|-weather|Sandstorm|[upkeep]
|-damage|p2b: Delphox|87/100|[from] Sandstorm
|-heal|p1a: Archaludon|90/100|[from] item: Leftovers
|upkeep
|
|t:|1783337725
|switch|p1b: Tyranitar|Tyranitar, L50, M|27/100
|turn|3
|
|t:|1783337737
|switch|p1b: Sinistcha|Sinistcha, L50|100/100
|-heal|p1a: Archaludon|100/100|[from] ability: Hospitality|[of] p1b: Sinistcha
|move|p2b: Delphox|Substitute|p2b: Delphox
|-start|p2b: Delphox|Substitute
|-damage|p2b: Delphox|63/100
|move|p2a: Lucario|Close Combat|p1b: Sinistcha
|-immune|p1b: Sinistcha
|move|p1a: Archaludon|Stealth Rock|p2a: Lucario
|-sidestart|p2: f27 BuffLucario|move: Stealth Rock
|
|-weather|Sandstorm|[upkeep]
|-damage|p2b: Delphox|57/100|[from] Sandstorm
|-damage|p1b: Sinistcha|93/100|[from] Sandstorm
|upkeep
|turn|4
|
|t:|1783337755
|move|p1b: Sinistcha|Protect|p1b: Sinistcha
|-singleturn|p1b: Sinistcha|Protect
|move|p2b: Delphox|Heat Wave|p1a: Archaludon|[spread] p1a
|-activate|p1b: Sinistcha|move: Protect
|-damage|p1a: Archaludon|69/100
|-ability|p1a: Archaludon|Stamina|boost
|-boost|p1a: Archaludon|def|1
|move|p2a: Lucario|Ice Punch|p1b: Sinistcha
|-activate|p1b: Sinistcha|move: Protect
|move|p1a: Archaludon|Roar|p2b: Delphox
|drag|p2b: Basculegion|Basculegion, L50, M|81/100 psn
|-damage|p2b: Basculegion|69/100 psn|[from] Stealth Rock
|
|-weather|Sandstorm|[upkeep]
|-damage|p2b: Basculegion|63/100 psn|[from] Sandstorm
|-damage|p1b: Sinistcha|87/100|[from] Sandstorm
|-heal|p1a: Archaludon|75/100|[from] item: Leftovers
|-damage|p2b: Basculegion|51/100 psn|[from] psn
|upkeep
|turn|5
|
|t:|1783337771
|move|p2b: Basculegion|Flip Turn|p1b: Sinistcha
|-resisted|p1b: Sinistcha|1
|-damage|p1b: Sinistcha|73/100
|
|t:|1783337776
|switch|p2b: Delphox|Delphox-Mega, L50, M, shiny|57/100|[from] Flip Turn
|-damage|p2b: Delphox|32/100|[from] Stealth Rock
|move|p2a: Lucario|Close Combat|p1a: Archaludon
|-supereffective|p1a: Archaludon|1
|-damage|p1a: Archaludon|34/100
|-unboost|p2a: Lucario|def|1
|-unboost|p2a: Lucario|spd|1
|-ability|p1a: Archaludon|Stamina|boost
|-boost|p1a: Archaludon|def|1
|move|p1a: Archaludon|Dragon Pulse|p2b: Delphox
|-damage|p2b: Delphox|1/100
|move|p1b: Sinistcha|Life Dew|p1b: Sinistcha|[spread] p1a,p1b
|-heal|p1a: Archaludon|59/100
|-heal|p1b: Sinistcha|98/100
|
|-weather|none
|-heal|p1a: Archaludon|65/100|[from] item: Leftovers
|upkeep
|turn|6
|inactive|NeonIsNuts has 30 seconds left.
|
|t:|1783337811
|switch|p1b: Tyranitar|Tyranitar, L50, M|27/100
|-weather|Sandstorm|[from] ability: Sand Stream|[of] p1b: Tyranitar
|move|p2b: Delphox|Heat Wave|p1a: Archaludon|[spread] p1a,p1b
|-resisted|p1b: Tyranitar|1
|-damage|p1a: Archaludon|31/100
|-damage|p1b: Tyranitar|15/100
|-ability|p1a: Archaludon|Stamina|boost
|-boost|p1a: Archaludon|def|1
|move|p2a: Lucario|Ice Punch|p1b: Tyranitar
|-damage|p1b: Tyranitar|0 fnt
|faint|p1b: Tyranitar
|move|p1a: Archaludon|Roar|p2a: Lucario
|drag|p2a: Garchomp|Garchomp, L50, F|90/100
|-status|p2a: Garchomp|psn
|-damage|p2a: Garchomp|84/100 psn|[from] Stealth Rock
|
|-weather|Sandstorm|[upkeep]
|-damage|p2b: Delphox|0 fnt|[from] Sandstorm
|faint|p2b: Delphox
|-heal|p1a: Archaludon|37/100|[from] item: Leftovers
|-damage|p2a: Garchomp|71/100 psn|[from] psn
|upkeep
|
|t:|1783337829
|switch|p2b: Basculegion|Basculegion, L50, M|51/100 psn
|switch|p1b: Sinistcha|Sinistcha, L50|98/100
|-damage|p2b: Basculegion|39/100 psn|[from] Stealth Rock
|-heal|p1a: Archaludon|62/100|[from] ability: Hospitality|[of] p1b: Sinistcha
|turn|7
|
|t:|1783337853
|move|p2b: Basculegion|Last Respects|p1a: Archaludon
|-damage|p1a: Archaludon|48/100
|-ability|p1a: Archaludon|Stamina|boost
|-boost|p1a: Archaludon|def|1
|move|p2a: Garchomp|Earthquake|p1a: Archaludon|[spread] p2b,p1a,p1b
|-supereffective|p1a: Archaludon|1
|-resisted|p1b: Sinistcha|1
|-damage|p2b: Basculegion|0 fnt
|-damage|p1a: Archaludon|26/100
|-damage|p1b: Sinistcha|82/100
|-ability|p1a: Archaludon|Stamina|boost
|-boost|p1a: Archaludon|def|1
|faint|p2b: Basculegion
|-damage|p2a: Garchomp|62/100 psn|[from] item: Life Orb
|move|p1a: Archaludon|Dragon Pulse|p2a: Garchomp
|-supereffective|p2a: Garchomp|1
|-damage|p2a: Garchomp|0 fnt
|faint|p2a: Garchomp
|move|p1b: Sinistcha|Life Dew|p1b: Sinistcha|[spread] p1a,p1b
|-heal|p1a: Archaludon|51/100
|-heal|p1b: Sinistcha|100/100
|
|-weather|Sandstorm|[upkeep]
|-damage|p1b: Sinistcha|93/100|[from] Sandstorm
|-heal|p1a: Archaludon|57/100|[from] item: Leftovers
|upkeep
|-message|f27 BuffLucario forfeited.
|
|win|NeonIsNuts
|l|☆f27 BuffLucario
|player|p2|
||f27 BuffLucario is ready for game 2.
||NeonIsNuts is ready for game 2.
|uhtml|next|Next: Game 2 of 3
|l|☆NeonIsNuts
|player|p1|
|j|☆f27 BuffLucario
|player|p2|f27 BuffLucario|266|
