|j|☆Kyukonien
|j|☆Vividedenne
|html|KyukonienVividedenne    
|uhtml|bestof|Game 2 of a best-of-3
|t:|1785352968
|gametype|doubles
|player|p1|Kyukonien|101|
|player|p2|Vividedenne|#npl2023|
|gen|9
|tier|[Gen 9 Champions] VGC 2026 Reg M-B (Bo3)
|rule|Species Clause: Limit one of each Pokémon
|rule|Item Clause: Limit 1 of each item
|clearpoke
|poke|p1|Venusaur, L50, M|
|poke|p1|Archaludon, L50, F|
|poke|p1|Pelipper, L50, F|
|poke|p1|Basculegion, L50, M|
|poke|p1|Charizard, L50, M|
|poke|p1|Grimmsnarl, L50, M|
|poke|p2|Gardevoir, L50, M|
|poke|p2|Talonflame, L50, F|
|poke|p2|Kingambit, L50, M|
|poke|p2|Basculegion, L50, M|
|poke|p2|Kommo-o, L50, M|
|poke|p2|Maushold, L50|
|teampreview|4
|showteam|p1|Venusaur||Venusaurite|Chlorophyll|SludgeBomb,GigaDrain,EarthPower,Protect|Modest||M|||50|]Archaludon||Leftovers|Stamina|ElectroShot,DragonPulse,FlashCannon,Protect|Bold||F|||50|]Pelipper||LifeOrb|Drizzle|WeatherBall,Hurricane,WideGuard,Tailwind|Modest||F|||50|]Basculegion||ChoiceScarf|Adaptability|WaveCrash,FlipTurn,LastRespects,AquaJet|Jolly||M|||50|]Charizard||CharizarditeY|Blaze|HeatWave,SolarBeam,WeatherBall,Protect|Modest||M|||50|]Grimmsnarl||LightClay|Prankster|PartingShot,SpiritBreak,LightScreen,Reflect|Careful||M|||50|
|showteam|p2|Gardevoir||Gardevoirite|Trace|HyperVoice,Psychic,Thunderbolt,Protect|Modest||M|||50|]Talonflame||SharpBeak|GaleWings|FlareBlitz,DualWingbeat,Tailwind,Protect|Jolly||F|||50|]Kingambit||ExpertBelt|Defiant|KowtowCleave,SuckerPunch,IronHead,LowKick|Jolly||M|||50|]Basculegion||ChoiceScarf|Adaptability|WaveCrash,AquaJet,FlipTurn,LastRespects|Jolly||M|||50|]Kommo-o||LifeOrb|Soundproof|ClangingScales,DracoMeteor,AuraSphere,Protect|Modest||M|||50|]Maushold||FocusSash|FriendGuard|SuperFang,FollowMe,Feint,Protect|Jolly|||||50|
|inactive|Battle timer is ON: inactive players will automatically lose when time's up. (requested by Kyukonien)
|
|t:|1785352998
|teamsize|p1|4
|teamsize|p2|4
|start
|switch|p1a: Deutschland|Charizard, L50, M|100/100
|switch|p1b: Polska|Grimmsnarl, L50, M|100/100
|switch|p2a: Gardevoir|Gardevoir, L50, M|100/100
|switch|p2b: Basculegion|Basculegion, L50, M|100/100
|-ability|p2a: Gardevoir|Prankster|Trace|[from] ability: Trace|[of] p1b: Polska
|turn|1
|inactive|Vividedenne has 30 seconds left.
|
|t:|1785353025
|detailschange|p2a: Gardevoir|Gardevoir-Mega, L50, M
|-mega|p2a: Gardevoir|Gardevoir|Gardevoirite
|move|p1a: Deutschland|Protect|p1a: Deutschland
|-singleturn|p1a: Deutschland|Protect
|move|p1b: Polska|Light Screen|p1b: Polska
|-sidestart|p1: Kyukonien|move: Light Screen
|move|p2b: Basculegion|Flip Turn|p1a: Deutschland
|-activate|p1a: Deutschland|move: Protect
|move|p2a: Gardevoir|Thunderbolt|p1a: Deutschland
|-activate|p1a: Deutschland|move: Protect
|
|upkeep
|turn|2
|j| tedidn
|
|t:|1785353047
|detailschange|p1a: Deutschland|Charizard-Mega-Y, L50, M
|-mega|p1a: Deutschland|Charizard|Charizardite Y
|-weather|SunnyDay|[from] ability: Drought|[of] p1a: Deutschland
|move|p2a: Gardevoir|Protect|p2a: Gardevoir
|-singleturn|p2a: Gardevoir|Protect
|move|p1b: Polska|Parting Shot|p2a: Gardevoir
|-activate|p2a: Gardevoir|move: Protect
|move|p2b: Basculegion|Flip Turn|p1a: Deutschland
|-supereffective|p1a: Deutschland|1
|-damage|p1a: Deutschland|65/100
|
|t:|1785353066
|switch|p2b: Maushold|Maushold, L50|100/100|[from] Flip Turn
|move|p1a: Deutschland|Heat Wave|p2a: Gardevoir|[spread] p2b
|-activate|p2a: Gardevoir|move: Protect
|-damage|p2b: Maushold|22/100
|
|-weather|SunnyDay|[upkeep]
|upkeep
|turn|3
|l| tedidn
|inactive|Vividedenne has 30 seconds left.
|
|t:|1785353095
|move|p1a: Deutschland|Protect|p1a: Deutschland
|-singleturn|p1a: Deutschland|Protect
|move|p2b: Maushold|Super Fang|p1b: Polska
|-damage|p1b: Polska|50/100y
|move|p2a: Gardevoir|Hyper Voice|p1b: Polska|[spread] p1b
|-activate|p1a: Deutschland|move: Protect
|-supereffective|p1b: Polska|1
|-damage|p1b: Polska|0 fnt
|faint|p1b: Polska
|
|-weather|SunnyDay|[upkeep]
|upkeep
|
|t:|1785353104
|switch|p1b: 日本|Archaludon, L50, F|100/100
|turn|4
|
|t:|1785353111
|move|p2b: Maushold|Protect|p2b: Maushold
|-singleturn|p2b: Maushold|Protect
|move|p2a: Gardevoir|Protect|p2a: Gardevoir
|-singleturn|p2a: Gardevoir|Protect
|move|p1a: Deutschland|Heat Wave|p2a: Gardevoir|[spread] 
|-activate|p2a: Gardevoir|move: Protect
|-activate|p2b: Maushold|move: Protect
|move|p1b: 日本|Flash Cannon|p2a: Gardevoir
|-activate|p2a: Gardevoir|move: Protect
|
|-weather|SunnyDay|[upkeep]
|upkeep
|turn|5
|
|t:|1785353128
|move|p2b: Maushold|Super Fang|p1b: 日本
|-damage|p1b: 日本|50/100g
|-ability|p1b: 日本|Stamina|boost
|-boost|p1b: 日本|def|1
|move|p2a: Gardevoir|Hyper Voice|p1a: Deutschland|[spread] p1a,p1b
|-resisted|p1a: Deutschland|1
|-damage|p1a: Deutschland|49/100
|-damage|p1b: 日本|13/100
|-ability|p1b: 日本|Stamina|boost
|-boost|p1b: 日本|def|1
|move|p1a: Deutschland|Heat Wave|p2b: Maushold|[spread] p2a,p2b
|-damage|p2a: Gardevoir|56/100
|-damage|p2b: Maushold|0 fnt
|faint|p2b: Maushold
|move|p1b: 日本|Flash Cannon|p2a: Gardevoir
|-supereffective|p2a: Gardevoir|1
|-damage|p2a: Gardevoir|0 fnt
|faint|p2a: Gardevoir
|
|-weather|SunnyDay|[upkeep]
|-heal|p1b: 日本|19/100|[from] item: Leftovers
|upkeep
|
|t:|1785353143
|switch|p2b: Basculegion|Basculegion, L50, M|100/100
|switch|p2a: Kommo-o|Kommo-o, L50, M|100/100
|turn|6
|
|t:|1785353153
|switch|p1b: Norge|Basculegion, L50, M|100/100
|move|p1a: Deutschland|Protect|p1a: Deutschland
|-singleturn|p1a: Deutschland|Protect
|move|p2b: Basculegion|Last Respects|p1a: Deutschland
|-activate|p1a: Deutschland|move: Protect
|move|p2a: Kommo-o|Aura Sphere|p1b: Norge
|-immune|p1b: Norge
|
|-weather|none
|upkeep
|turn|7
|inactive|Kyukonien has 30 seconds left.
|
|t:|1785353178
|switch|p1a: 日本|Archaludon, L50, F|19/100
|move|p2b: Basculegion|Last Respects|p1b: Norge
|-supereffective|p1b: Norge|1
|-damage|p1b: Norge|0 fnt
|faint|p1b: Norge
|move|p2a: Kommo-o|Clanging Scales|p1a: 日本
|-damage|p1a: 日本|0 fnt
|faint|p1a: 日本
|-unboost|p2a: Kommo-o|def|1
|-damage|p2a: Kommo-o|90/100|[from] item: Life Orb
|
|upkeep
|
|t:|1785353184
|switch|p1b: Deutschland|Charizard-Mega-Y, L50, M|49/100
|-weather|SunnyDay|[from] ability: Drought|[of] p1b: Deutschland
|turn|8
|
|t:|1785353189
|move|p2b: Basculegion|Last Respects|p1b: Deutschland
|-damage|p1b: Deutschland|0 fnt
|faint|p1b: Deutschland
|
|win|Vividedenne
|c|☆Kyukonien|gg
|c|☆Vividedenne|Gg
|c|☆Vividedenne|Chash du Reblaus schicke?
|c|☆Vividedenne|Zumindest mir privat
|c|☆Vividedenne|Bin ned daheim
|c|☆Kyukonien|yes chani
|c|☆Vividedenne|Merci
