|j|☆1Manuel1410
|j|☆CretaceousDraconid
|html|1Manuel1410CretaceousDraconid    
|uhtml|bestof|Game 2 of a best-of-3
|t:|1785072548
|gametype|doubles
|player|p1|1Manuel1410|pokemaniac|1193
|player|p2|CretaceousDraconid|zinnia-masters|1249
|gen|9
|tier|[Gen 9 Champions] VGC 2026 Reg M-B (Bo3)
|rated|
|rule|Species Clause: Limit one of each Pokémon
|rule|Item Clause: Limit 1 of each item
|clearpoke
|poke|p1|Staraptor, L50, F|
|poke|p1|Whimsicott, L50, F|
|poke|p1|Milotic, L50, F|
|poke|p1|Rotom-Heat, L50|
|poke|p1|Gengar, L50, M|
|poke|p1|Sneasler, L50, F|
|poke|p2|Tyranitar, L50, M|
|poke|p2|Excadrill, L50, M|
|poke|p2|Milotic, L50, F|
|poke|p2|Gholdengo, L50|
|poke|p2|Sinistcha, L50|
|poke|p2|Staraptor, L50, M|
|teampreview|4
|showteam|p1|Staraptor||Staraptite|Intimidate|Protect,Roost,CloseCombat,DualWingbeat|Jolly||F|||50|]Whimsicott||FocusSash|Prankster|Tailwind,Charm,Moonblast,LightScreen|Timid||F|||50|]Milotic||Leftovers|Competitive|Recover,MuddyWater,Coil,Hypnosis|Calm||F|||50|]Rotom-Heat||SitrusBerry|Levitate|Protect,WillOWisp,Overheat,Thunderbolt|Calm|||||50|]Gengar||Gengarite|CursedBody|Protect,ShadowBall,SludgeBomb,PerishSong|Modest||M|||50|]Sneasler||WhiteHerb|Unburden|FakeOut,CloseCombat,DireClaw,Protect|Adamant||F|||50|
|showteam|p2|Tyranitar||Tyranitarite|SandStream|KnockOff,RockSlide,HighHorsepower,Protect|Jolly||M|||50|]Excadrill||FocusSash|SandRush|HighHorsepower,IronHead,RockSlide,Protect|Jolly||M|||50|]Milotic||SitrusBerry|Competitive|Scald,IcyWind,Haze,Protect|Calm||F|||50|]Gholdengo||LifeOrb|GoodasGold|MakeItRain,ShadowBall,NastyPlot,Protect|Modest|||||50|]Sinistcha||ColburBerry|Hospitality|MatchaGotcha,ShadowBall,Protect,RagePowder|Bold|||||50|]Staraptor||Staraptite|Intimidate|CloseCombat,BraveBird,Tailwind,Protect|Jolly||M|||50|
|inactive|Battle timer is ON: inactive players will automatically lose when time's up. (requested by 1Manuel1410)
|inactive|1Manuel1410 has 60 seconds left.
|
|t:|1785072586
|teamsize|p1|4
|teamsize|p2|4
|start
|switch|p1a: Milotic|Milotic, L50, F|100/100
|switch|p1b: Rotom|Rotom-Heat, L50|100/100
|switch|p2a: Milotic|Milotic, L50, F|100/100
|switch|p2b: Excadrill|Excadrill, L50, M|100/100
|turn|1
|
|t:|1785072595
|move|p2b: Excadrill|Rock Slide|p1b: Rotom|[spread] p1a,p1b
|-crit|p1a: Milotic
|-supereffective|p1b: Rotom|1
|-damage|p1a: Milotic|73/100
|-damage|p1b: Rotom|61/100
|move|p2a: Milotic|Scald|p1b: Rotom
|-supereffective|p1b: Rotom|1
|-damage|p1b: Rotom|12/100
|-enditem|p1b: Rotom|Sitrus Berry|[eat]
|-heal|p1b: Rotom|36/100|[from] item: Sitrus Berry
|move|p1b: Rotom|Thunderbolt|p2a: Milotic
|-supereffective|p2a: Milotic|1
|-damage|p2a: Milotic|49/100
|-enditem|p2a: Milotic|Sitrus Berry|[eat]
|-heal|p2a: Milotic|74/100|[from] item: Sitrus Berry
|move|p1a: Milotic|Coil|p1a: Milotic
|-boost|p1a: Milotic|atk|1
|-boost|p1a: Milotic|def|1
|-boost|p1a: Milotic|accuracy|1
|
|-heal|p1a: Milotic|79/100|[from] item: Leftovers
|upkeep
|turn|2
|
|t:|1785072612
|move|p1b: Rotom|Protect|p1b: Rotom
|-singleturn|p1b: Rotom|Protect
|move|p2b: Excadrill|Rock Slide|p1b: Rotom|[spread] p1a
|-activate|p1b: Rotom|move: Protect
|-damage|p1a: Milotic|66/100
|move|p2a: Milotic|Haze|p2a: Milotic
|-clearallboost
|move|p1a: Milotic|Muddy Water|p2a: Milotic|[spread] p2a,p2b
|-resisted|p2a: Milotic|1
|-supereffective|p2b: Excadrill|1
|-damage|p2a: Milotic|66/100
|-damage|p2b: Excadrill|35/100
|
|-heal|p1a: Milotic|72/100|[from] item: Leftovers
|upkeep
|turn|3
|
|t:|1785072631
|switch|p1b: Sneasler|Sneasler, L50, F|100/100
|move|p2b: Excadrill|Rock Slide|p1a: Milotic|[spread] p1a
|-miss|p2b: Excadrill|p1b: Sneasler
|-damage|p1a: Milotic|53/100
|move|p2a: Milotic|Scald|p1a: Milotic
|-resisted|p1a: Milotic|1
|-damage|p1a: Milotic|44/100
|move|p1a: Milotic|Muddy Water|p2a: Milotic|[spread] p2a,p2b
|-resisted|p2a: Milotic|1
|-supereffective|p2b: Excadrill|1
|-damage|p2a: Milotic|58/100
|-damage|p2b: Excadrill|0 fnt
|faint|p2b: Excadrill
|
|-heal|p1a: Milotic|50/100g|[from] item: Leftovers
|upkeep
|
|t:|1785072643
|switch|p2b: Gholdengo|Gholdengo, L50|100/100
|turn|4
|
|t:|1785072662
|move|p1b: Sneasler|Protect|p1b: Sneasler
|-singleturn|p1b: Sneasler|Protect
|move|p2a: Milotic|Protect|p2a: Milotic
|-singleturn|p2a: Milotic|Protect
|move|p2b: Gholdengo|Nasty Plot|p2b: Gholdengo
|-boost|p2b: Gholdengo|spa|2
|move|p1a: Milotic|Muddy Water|p2b: Gholdengo|[spread] p2b
|-activate|p2a: Milotic|move: Protect
|-damage|p2b: Gholdengo|78/100
|
|-heal|p1a: Milotic|56/100|[from] item: Leftovers
|upkeep
|turn|5
|inactive|CretaceousDraconid has 30 seconds left.
|
|t:|1785072689
|switch|p2a: Tyranitar|Tyranitar, L50, M|100/100
|-weather|Sandstorm|[from] ability: Sand Stream|[of] p2a: Tyranitar
|move|p1b: Sneasler|Close Combat|p2a: Tyranitar
|-supereffective|p2a: Tyranitar|2
|-damage|p2a: Tyranitar|0 fnt
|-unboost|p1b: Sneasler|def|1
|-unboost|p1b: Sneasler|spd|1
|faint|p2a: Tyranitar
|-enditem|p1b: Sneasler|White Herb
|-clearnegativeboost|p1b: Sneasler|[silent]
|move|p2b: Gholdengo|Shadow Ball|p1a: Milotic
|-damage|p1a: Milotic|0 fnt
|faint|p1a: Milotic
|-damage|p2b: Gholdengo|69/100|[from] item: Life Orb
|
|-weather|Sandstorm|[upkeep]
|-damage|p1b: Sneasler|94/100|[from] Sandstorm
|upkeep
|
|t:|1785072708
|switch|p2a: Milotic|Milotic, L50, F|58/100
|switch|p1a: Gengar|Gengar, L50, M|100/100
|turn|6
|j| tedidn
|
|t:|1785072729
|detailschange|p1a: Gengar|Gengar-Mega, L50, M
|-mega|p1a: Gengar|Gengar|Gengarite
|move|p1b: Sneasler|Close Combat|p2a: Milotic
|-damage|p2a: Milotic|0 fnt
|-unboost|p1b: Sneasler|def|1
|-unboost|p1b: Sneasler|spd|1
|faint|p2a: Milotic
|move|p1a: Gengar|Shadow Ball|p2b: Gholdengo
|-supereffective|p2b: Gholdengo|1
|-damage|p2b: Gholdengo|0 fnt
|faint|p2b: Gholdengo
|
|win|1Manuel1410
