|j|☆MaxwellBaker
|j|☆vibe1300
|html|MaxwellBakervibe1300    
|uhtml|bestof|Game 1 of a best-of-3
|t:|1784842830
|gametype|doubles
|player|p1|MaxwellBaker|102|1064
|player|p2|vibe1300|1|1119
|gen|9
|tier|[Gen 9 Champions] VGC 2026 Reg M-B (Bo3)
|rated|
|rule|Species Clause: Limit one of each Pokémon
|rule|Item Clause: Limit 1 of each item
|clearpoke
|poke|p1|Decidueye-Hisui, L50, M|
|poke|p1|Florges, L50, F|
|poke|p1|Raichu, L50, M|
|poke|p1|Incineroar, L50, F|
|poke|p1|Staraptor, L50, M|
|poke|p1|Milotic, L50, M|
|poke|p2|Swampert, L50, M|
|poke|p2|Sableye, L50, M|
|poke|p2|Pelipper, L50, F|
|poke|p2|Archaludon, L50, M|
|poke|p2|Sinistcha, L50|
|poke|p2|Ninetales-Alola, L50, M|
|teampreview|4
|showteam|p1|Decidueye-Hisui||ScopeLens|Scrappy|TripleArrows,LeafBlade,SuckerPunch,Protect|Jolly||M|||50|]Florges||LifeOrb|FlowerVeil|Moonblast,Psychic,PollenPuff,Protect|Modest||F|||50|]Raichu||RaichuniteY|LightningRod|FakeOut,ZapCannon,FocusBlast,Protect|Timid||M|||50|]Incineroar||SitrusBerry|Intimidate|FakeOut,FlareBlitz,ThroatChop,PartingShot|Careful||F|||50|]Staraptor||Staraptite|Intimidate|BraveBird,CloseCombat,Tailwind,Protect|Jolly||M|||50|]Milotic||Leftovers|Competitive|Scald,IceBeam,Haze,Protect|Bold||M|||50|
|showteam|p2|Swampert||Swampertite|Torrent|WaveCrash,Earthquake,Protect,IcePunch|Adamant||M|||50|]Sableye||LightClay|Prankster|LightScreen,Reflect,RainDance,Quash|Sassy||M|||50|]Pelipper||SitrusBerry|Drizzle|WeatherBall,Hurricane,Tailwind,WideGuard|Modest||F|||50|]Archaludon||Leftovers|Stamina|ElectroShot,FlashCannon,DragonPulse,Protect|Calm||M|||50|]Sinistcha||KasibBerry|Hospitality|MatchaGotcha,RagePowder,Protect,LifeDew|Sassy|||||50|]Ninetales-Alola||FocusSash|SnowWarning|Protect,RainDance,FreezeDry,WeatherBall|Timid||M|||50|
|
|t:|1784842898
|teamsize|p1|4
|teamsize|p2|4
|start
|switch|p1a: Raichu|Raichu, L50, M|100/100
|switch|p1b: Decidueye|Decidueye-Hisui, L50, M|100/100
|switch|p2a: Ninetales|Ninetales-Alola, L50, M|100/100
|switch|p2b: Swampert|Swampert, L50, M|100/100
|-weather|Snowscape|[from] ability: Snow Warning|[of] p2a: Ninetales
|turn|1
|inactive|Battle timer is ON: inactive players will automatically lose when time's up. (requested by vibe1300)
|inactive|MaxwellBaker has 60 seconds left.
|
|t:|1784842945
|switch|p1a: Incineroar|Incineroar, L50, F|100/100
|-ability|p1a: Incineroar|Intimidate|boost
|-unboost|p2a: Ninetales|atk|1
|-unboost|p2b: Swampert|atk|1
|detailschange|p2b: Swampert|Swampert-Mega, L50, M
|-mega|p2b: Swampert|Swampert|Swampertite
|move|p2a: Ninetales|Protect|p2a: Ninetales
|-singleturn|p2a: Ninetales|Protect
|move|p1b: Decidueye|Protect|p1b: Decidueye
|-singleturn|p1b: Decidueye|Protect
|move|p2b: Swampert|Protect||[still]
|-fail|p2b: Swampert
|
|-weather|Snowscape|[upkeep]
|upkeep
|turn|2
|inactive|vibe1300 has 30 seconds left.
|
|t:|1784842972
|switch|p2b: Archaludon|Archaludon, L50, M|100/100
|move|p1a: Incineroar|Fake Out|p2a: Ninetales
|-damage|p2a: Ninetales|88/100
|cant|p2a: Ninetales|flinch
|move|p1b: Decidueye|Leaf Blade|p2b: Archaludon
|-resisted|p2b: Archaludon|2
|-damage|p2b: Archaludon|92/100
|-ability|p2b: Archaludon|Stamina|boost
|-boost|p2b: Archaludon|def|1
|
|-weather|Snowscape|[upkeep]
|-heal|p2b: Archaludon|98/100|[from] item: Leftovers
|upkeep
|turn|3
|inactive|MaxwellBaker has 30 seconds left.
|inactive|vibe1300 has 30 seconds left.
|inactive|MaxwellBaker has 20 seconds left.
|
|t:|1784843011
|move|p2a: Ninetales|Weather Ball|p1b: Decidueye
|-supereffective|p1b: Decidueye|1
|-damage|p1b: Decidueye|20/100y
|move|p1b: Decidueye|Triple Arrows|p2b: Archaludon
|-supereffective|p2b: Archaludon|1
|-crit|p2b: Archaludon
|-damage|p2b: Archaludon|4/100
|-ability|p2b: Archaludon|Stamina|boost
|-boost|p2b: Archaludon|def|1
|move|p2b: Archaludon|Dragon Pulse|p1b: Decidueye
|-damage|p1b: Decidueye|0 fnt
|faint|p1b: Decidueye
|move|p1a: Incineroar|Parting Shot|p2a: Ninetales
|-unboost|p2a: Ninetales|atk|1
|-unboost|p2a: Ninetales|spa|1
|
|t:|1784843025
|switch|p1a: Raichu|Raichu, L50, M|100/100|[from] Parting Shot
|
|-weather|Snowscape|[upkeep]
|-heal|p2b: Archaludon|10/100|[from] item: Leftovers
|upkeep
|
|t:|1784843030
|switch|p1b: Florges|Florges, L50, F|100/100
|turn|4
|
|t:|1784843039
|detailschange|p1a: Raichu|Raichu-Mega-Y, L50, M
|-mega|p1a: Raichu|Raichu|Raichunite Y
|move|p2a: Ninetales|Protect|p2a: Ninetales
|-singleturn|p2a: Ninetales|Protect
|move|p2b: Archaludon|Protect|p2b: Archaludon
|-singleturn|p2b: Archaludon|Protect
|move|p1a: Raichu|Zap Cannon|p2a: Ninetales
|-activate|p2a: Ninetales|move: Protect
|move|p1b: Florges|Moonblast|p2b: Archaludon
|-activate|p2b: Archaludon|move: Protect
|
|-weather|Snowscape|[upkeep]
|-heal|p2b: Archaludon|17/100|[from] item: Leftovers
|upkeep
|turn|5
|inactive|vibe1300 has 30 seconds left.
|
|t:|1784843064
|move|p1a: Raichu|Focus Blast|p2b: Archaludon
|-supereffective|p2b: Archaludon|1
|-damage|p2b: Archaludon|0 fnt
|faint|p2b: Archaludon
|move|p2a: Ninetales|Rain Dance|p2a: Ninetales
|-weather|RainDance
|move|p1b: Florges|Moonblast|p2a: Ninetales
|-damage|p2a: Ninetales|16/100
|-unboost|p2a: Ninetales|spa|1
|-damage|p1b: Florges|90/100|[from] item: Life Orb
|
|-weather|RainDance|[upkeep]
|upkeep
|
|t:|1784843074
|switch|p2b: Swampert|Swampert-Mega, L50, M|100/100
|turn|6
|
|t:|1784843097
|switch|p1a: Incineroar|Incineroar, L50, F|100/100
|-ability|p1a: Incineroar|Intimidate|boost
|-unboost|p2a: Ninetales|atk|1
|-unboost|p2b: Swampert|atk|1
|move|p2a: Ninetales|Protect|p2a: Ninetales
|-singleturn|p2a: Ninetales|Protect
|move|p2b: Swampert|Earthquake|p1a: Incineroar|[spread] p1a,p1b
|-activate|p2a: Ninetales|move: Protect
|-supereffective|p1a: Incineroar|1
|-damage|p1a: Incineroar|43/100
|-damage|p1b: Florges|49/100
|-enditem|p1a: Incineroar|Sitrus Berry|[eat]
|-heal|p1a: Incineroar|68/100|[from] item: Sitrus Berry
|move|p1b: Florges|Moonblast|p2a: Ninetales
|-activate|p2a: Ninetales|move: Protect
|
|-weather|RainDance|[upkeep]
|upkeep
|turn|7
|inactive|MaxwellBaker has 30 seconds left.
|inactive|vibe1300 has 30 seconds left.
|
|t:|1784843131
|switch|p2b: Sinistcha|Sinistcha, L50|100/100
|-heal|p2a: Ninetales|40/100|[from] ability: Hospitality|[of] p2b: Sinistcha
|move|p2a: Ninetales|Weather Ball|p1a: Incineroar
|-supereffective|p1a: Incineroar|1
|-damage|p1a: Incineroar|36/100
|move|p1b: Florges|Moonblast|p2a: Ninetales
|-damage|p2a: Ninetales|0 fnt
|faint|p2a: Ninetales
|-damage|p1b: Florges|39/100|[from] item: Life Orb
|move|p1a: Incineroar|Throat Chop|p2b: Sinistcha
|-supereffective|p2b: Sinistcha|1
|-damage|p2b: Sinistcha|34/100
|-start|p2b: Sinistcha|Throat Chop|[silent]
|
|-weather|RainDance|[upkeep]
|upkeep
|
|t:|1784843138
|switch|p2a: Swampert|Swampert-Mega, L50, M|100/100
|turn|8
|inactive|MaxwellBaker has 30 seconds left.
|
|t:|1784843169
|switch|p1a: Raichu|Raichu-Mega-Y, L50, M|100/100
|move|p1b: Florges|Protect|p1b: Florges
|-singleturn|p1b: Florges|Protect
|move|p2b: Sinistcha|Protect|p2b: Sinistcha
|-singleturn|p2b: Sinistcha|Protect
|move|p2a: Swampert|Earthquake|p1a: Raichu|[spread] p1a
|-activate|p2b: Sinistcha|move: Protect
|-activate|p1b: Florges|move: Protect
|-supereffective|p1a: Raichu|1
|-crit|p1a: Raichu
|-damage|p1a: Raichu|0 fnt
|faint|p1a: Raichu
|
|-weather|RainDance|[upkeep]
|-end|p2b: Sinistcha|Throat Chop|[silent]
|upkeep
|
|t:|1784843182
|switch|p1a: Incineroar|Incineroar, L50, F|36/100
|-ability|p1a: Incineroar|Intimidate|boost
|-unboost|p2a: Swampert|atk|1
|-unboost|p2b: Sinistcha|atk|1
|turn|9
|l|☆vibe1300
|inactive|vibe1300 disconnected and has a minute to reconnect!
|player|p2|
|inactive|vibe1300 has 30 seconds left.
|inactive|vibe1300 has 20 seconds left.
|c|☆MaxwellBaker|brother, please
|inactive|vibe1300 has 15 seconds left.
|inactive|vibe1300 has 10 seconds left.
|inactive|vibe1300 has 5 seconds left.
|-message|vibe1300 lost due to inactivity.
|
|win|MaxwellBaker
|j|☆vibe1300
|player|p2|vibe1300|1|
|inactive|MaxwellBaker has 30 seconds to confirm battle start!
|inactive|vibe1300 has 30 seconds to confirm battle start!
||vibe1300 is ready for game 2.
|inactive|MaxwellBaker has 20 seconds to confirm battle start!
|inactive|MaxwellBaker has 10 seconds to confirm battle start!
||MaxwellBaker is ready for game 2.
|uhtml|next|Next: Game 2 of 3
