|j|☆Jamstiffer
|j|☆artyowls
|html|Jamstifferartyowls    
|uhtml|bestof|Game 2 of a best-of-3
|t:|1756924021
|gametype|doubles
|player|p1|Jamstiffer|aaron|1100
|player|p2|artyowls|bellelba|1116
|gen|9
|tier|[Gen 9] VGC 2025 Reg H (Bo3)
|rated|
|rule|Species Clause: Limit one of each Pokémon
|rule|Item Clause: Limit 1 of each item
|clearpoke
|poke|p1|Sneasler, L50, M|
|poke|p1|Dragonite, L50, M|
|poke|p1|Rillaboom, L50, F|
|poke|p1|Gholdengo, L50|
|poke|p1|Electabuzz, L50, F|
|poke|p1|Volcarona, L50, F|
|poke|p2|Incineroar, L50, M|
|poke|p2|Amoonguss, L50, M|
|poke|p2|Ursaluna-Bloodmoon, L50, M|
|poke|p2|Sneasler, L50, F|
|poke|p2|Gholdengo, L50|
|poke|p2|Dragonite, L50, M|
|teampreview|4
|showteam|p1|Sneasler||GrassySeed|Unburden|ThroatChop,CloseCombat,DireClaw,Protect|||M|||50|,,,,,Dark]Dragonite||LoadedDice|Multiscale|Haze,Tailwind,ScaleShot,Protect|||M|||50|,,,,,Steel]Rillaboom||AssaultVest|GrassySurge|FakeOut,GrassyGlide,WoodHammer,HighHorsepower|||F|||50|,,,,,Fire]Gholdengo||LifeOrb|GoodasGold|MakeItRain,ShadowBall,NastyPlot,Protect||||||50|,,,,,Dragon]Electabuzz||Eviolite|VitalSpirit|FollowMe,Thunderbolt,Taunt,Protect|||F|||50|,,,,,Bug]Volcarona||Leftovers|FlameBody|QuiverDance,GigaDrain,HeatWave,Protect|||F|||50|,,,,,Grass
|showteam|p2|Incineroar||SafetyGoggles|Intimidate|FlareBlitz,KnockOff,PartingShot,FakeOut|||M|||50|,,,,,Ghost]Amoonguss||SitrusBerry|Regenerator|Spore,RagePowder,PollenPuff,Protect|||M|||50|,,,,,Psychic]Ursaluna-Bloodmoon||AssaultVest|MindsEye|HyperVoice,BloodMoon,EarthPower,VacuumWave|||M|||50|,,,,,Water]Sneasler||FocusSash|Unburden|CloseCombat,DireClaw,Taunt,Protect|||F|||50|,,,,,Stellar]Gholdengo||LifeOrb|GoodasGold|MakeItRain,ShadowBall,NastyPlot,Protect||||||50|,,,,,Water]Dragonite||LoadedDice|Multiscale|ScaleShot,Tailwind,Haze,Protect|||M|||50|,,,,,Fairy
|inactive|Battle timer is ON: inactive players will automatically lose when time's up. (requested by Jamstiffer)
|c|☆Jamstiffer|glhf
|inactive|Jamstiffer has 60 seconds left.
|inactive|artyowls has 60 seconds left.
|inactive|artyowls has 30 seconds left.
|
|t:|1756924086
|teamsize|p1|4
|teamsize|p2|4
|start
|switch|p1a: Volcarona|Volcarona, L50, F|100/100
|switch|p1b: Dragonite|Dragonite, L50, M|100/100
|switch|p2a: Dragonite|Dragonite, L50, M|100/100
|switch|p2b: Incineroar|Incineroar, L50, M|100/100
|-ability|p2b: Incineroar|Intimidate|boost
|-unboost|p1a: Volcarona|atk|1
|-unboost|p1b: Dragonite|atk|1
|turn|1
|inactive|artyowls has 30 seconds left.
|
|t:|1756924120
|move|p1b: Dragonite|Protect|p1b: Dragonite
|-singleturn|p1b: Dragonite|Protect
|move|p2b: Incineroar|Fake Out|p1b: Dragonite
|-activate|p1b: Dragonite|move: Protect
|move|p1a: Volcarona|Quiver Dance|p1a: Volcarona
|-boost|p1a: Volcarona|spa|1
|-boost|p1a: Volcarona|spd|1
|-boost|p1a: Volcarona|spe|1
|move|p2a: Dragonite|Tailwind|p2a: Dragonite
|-sidestart|p2: artyowls|move: Tailwind
|
|upkeep
|turn|2
|inactive|artyowls has 30 seconds left.
|inactive|artyowls has 20 seconds left.
|
|t:|1756924155
|-terastallize|p2a: Dragonite|Fairy
|-terastallize|p1b: Dragonite|Steel
|move|p1a: Volcarona|Protect|p1a: Volcarona
|-singleturn|p1a: Volcarona|Protect
|move|p2a: Dragonite|Scale Shot|p1a: Volcarona
|-activate|p1a: Volcarona|move: Protect
|move|p2b: Incineroar|Parting Shot|p1a: Volcarona
|-activate|p1a: Volcarona|move: Protect
|move|p1b: Dragonite|Tailwind|p1b: Dragonite
|-sidestart|p1: Jamstiffer|move: Tailwind
|
|upkeep
|turn|3
|inactive|Jamstiffer has 30 seconds left.
|
|t:|1756924190
|move|p1a: Volcarona|Heat Wave|p2a: Dragonite|[spread] p2a
|-miss|p1a: Volcarona|p2b: Incineroar
|-crit|p2a: Dragonite
|-damage|p2a: Dragonite|55/100
|move|p2a: Dragonite|Scale Shot|p1a: Volcarona
|-damage|p1a: Volcarona|83/100
|-damage|p1a: Volcarona|67/100
|-damage|p1a: Volcarona|48/100
|-crit|p1a: Volcarona
|-damage|p1a: Volcarona|20/100
|-hitcount|p1a: Volcarona|4
|-unboost|p2a: Dragonite|def|1
|-boost|p2a: Dragonite|spe|1
|move|p1b: Dragonite|Scale Shot|p2b: Incineroar|[miss]
|-miss|p1b: Dragonite|p2b: Incineroar
|move|p2b: Incineroar|Flare Blitz|p1b: Dragonite
|-supereffective|p1b: Dragonite
|-damage|p1b: Dragonite|43/100
|-damage|p2b: Incineroar|85/100|[from] Recoil
|
|-heal|p1a: Volcarona|26/100|[from] item: Leftovers
|upkeep
|turn|4
|inactive|Jamstiffer has 30 seconds left.
|inactive|artyowls has 30 seconds left.
|
|t:|1756924224
|move|p1a: Volcarona|Protect|p1a: Volcarona
|-singleturn|p1a: Volcarona|Protect
|move|p1b: Dragonite|Protect|p1b: Dragonite
|-singleturn|p1b: Dragonite|Protect
|move|p2a: Dragonite|Scale Shot|p1a: Volcarona
|-activate|p1a: Volcarona|move: Protect
|move|p2b: Incineroar|Flare Blitz|p1b: Dragonite
|-activate|p1b: Dragonite|move: Protect
|
|-heal|p1a: Volcarona|32/100|[from] item: Leftovers
|-sideend|p2: artyowls|move: Tailwind
|upkeep
|turn|5
|inactive|artyowls has 30 seconds left.
|
|t:|1756924250
|move|p2a: Dragonite|Protect|p2a: Dragonite
|-singleturn|p2a: Dragonite|Protect
|move|p1a: Volcarona|Heat Wave|p2a: Dragonite|[spread] p2b
|-activate|p2a: Dragonite|move: Protect
|-resisted|p2b: Incineroar
|-damage|p2b: Incineroar|64/100
|move|p1b: Dragonite|Scale Shot|p2b: Incineroar
|-damage|p2b: Incineroar|54/100
|-damage|p2b: Incineroar|46/100
|-damage|p2b: Incineroar|36/100
|-damage|p2b: Incineroar|27/100
|-damage|p2b: Incineroar|18/100
|-hitcount|p2b: Incineroar|5
|-unboost|p1b: Dragonite|def|1
|-boost|p1b: Dragonite|spe|1
|move|p2b: Incineroar|Knock Off|p1a: Volcarona
|-damage|p1a: Volcarona|0 fnt
|-enditem|p1a: Volcarona|Leftovers|[from] move: Knock Off|[of] p2b: Incineroar
|faint|p1a: Volcarona
|
|-sideend|p1: Jamstiffer|move: Tailwind
|upkeep
|
|t:|1756924267
|switch|p1a: Sneasler|Sneasler, L50, M|100/100
|turn|6
|inactive|artyowls has 30 seconds left.
|
|t:|1756924294
|switch|p2b: Amoonguss|Amoonguss, L50, M|100/100
|move|p2a: Dragonite|Protect|p2a: Dragonite
|-singleturn|p2a: Dragonite|Protect
|move|p1b: Dragonite|Tailwind|p1b: Dragonite
|-sidestart|p1: Jamstiffer|move: Tailwind
|move|p1a: Sneasler|Dire Claw|p2b: Amoonguss
|-damage|p2b: Amoonguss|59/100
|-status|p2b: Amoonguss|slp
|
|upkeep
|turn|7
|inactive|artyowls has 30 seconds left.
|inactive|artyowls has 20 seconds left.
|
|t:|1756924331
|switch|p2a: Incineroar|Incineroar, L50, M|18/100
|-ability|p2a: Incineroar|Intimidate|boost
|-unboost|p1a: Sneasler|atk|1
|-unboost|p1b: Dragonite|atk|1
|cant|p2b: Amoonguss|slp
|move|p1b: Dragonite|Scale Shot|p2b: Amoonguss|[miss]
|-miss|p1b: Dragonite|p2b: Amoonguss
|move|p1a: Sneasler|Dire Claw|p2a: Incineroar
|-damage|p2a: Incineroar|0 fnt
|faint|p2a: Incineroar
|
|upkeep
|
|t:|1756924342
|switch|p2a: Dragonite|Dragonite, L50, M, tera:Fairy|55/100
|turn|8
|
|t:|1756924354
|move|p2a: Dragonite|Protect|p2a: Dragonite
|-singleturn|p2a: Dragonite|Protect
|move|p1b: Dragonite|Haze|p1b: Dragonite
|-clearallboost
|move|p1a: Sneasler|Dire Claw|p2a: Dragonite
|-activate|p2a: Dragonite|move: Protect
|cant|p2b: Amoonguss|slp
|
|upkeep
|turn|9
|inactive|artyowls has 30 seconds left.
|
|t:|1756924388
|-curestatus|p2b: Amoonguss|slp|[msg]
|move|p2b: Amoonguss|Rage Powder|p2b: Amoonguss
|-singleturn|p2b: Amoonguss|move: Rage Powder
|move|p1a: Sneasler|Dire Claw|p2b: Amoonguss
|-damage|p2b: Amoonguss|18/100
|-status|p2b: Amoonguss|slp
|-enditem|p2b: Amoonguss|Sitrus Berry|[eat]
|-heal|p2b: Amoonguss|43/100 slp|[from] item: Sitrus Berry
|move|p1b: Dragonite|Scale Shot|p2b: Amoonguss
|-damage|p2b: Amoonguss|30/100 slp
|-damage|p2b: Amoonguss|16/100 slp
|-damage|p2b: Amoonguss|2/100 slp
|-damage|p2b: Amoonguss|0 fnt
|faint|p2b: Amoonguss
|-hitcount|p2: Amoonguss|4
|-unboost|p1b: Dragonite|def|1
|-boost|p1b: Dragonite|spe|1
|move|p2a: Dragonite|Scale Shot|p1a: Sneasler
|-damage|p1a: Sneasler|75/100
|-damage|p1a: Sneasler|48/100
|-damage|p1a: Sneasler|22/100
|-damage|p1a: Sneasler|0 fnt
|faint|p1a: Sneasler
|-hitcount|p1: Sneasler|4
|-unboost|p2a: Dragonite|def|1
|-boost|p2a: Dragonite|spe|1
|
|-sideend|p1: Jamstiffer|move: Tailwind
|upkeep
|inactive|artyowls has 30 seconds left.
|
|t:|1756924414
|switch|p1a: Electabuzz|Electabuzz, L50, F|100/100
|switch|p2b: Sneasler|Sneasler, L50, F|100/100
|turn|10
|inactive|artyowls has 30 seconds left.
|
|t:|1756924440
|move|p2b: Sneasler|Protect|p2b: Sneasler
|-singleturn|p2b: Sneasler|Protect
|move|p1b: Dragonite|Scale Shot|p2b: Sneasler
|-activate|p2b: Sneasler|move: Protect
|move|p2a: Dragonite|Scale Shot|p1a: Electabuzz
|-damage|p1a: Electabuzz|89/100
|-damage|p1a: Electabuzz|77/100
|-damage|p1a: Electabuzz|64/100
|-damage|p1a: Electabuzz|52/100
|-hitcount|p1a: Electabuzz|4
|-unboost|p2a: Dragonite|def|1
|-boost|p2a: Dragonite|spe|1
|move|p1a: Electabuzz|Thunderbolt|p2a: Dragonite
|-damage|p2a: Dragonite|24/100
|
|upkeep
|turn|11
|inactive|artyowls has 30 seconds left.
|inactive|artyowls has 20 seconds left.
|inactive|artyowls has 15 seconds left.
|inactive|artyowls has 10 seconds left.
|
|t:|1756924486
|move|p1b: Dragonite|Protect|p1b: Dragonite
|-singleturn|p1b: Dragonite|Protect
|move|p2a: Dragonite|Scale Shot|p1b: Dragonite
|-activate|p1b: Dragonite|move: Protect
|move|p2b: Sneasler|Dire Claw|p1a: Electabuzz
|-damage|p1a: Electabuzz|21/100
|move|p1a: Electabuzz|Thunderbolt|p2a: Dragonite
|-damage|p2a: Dragonite|0 fnt
|faint|p2a: Dragonite
|
|upkeep
|turn|12
|
|t:|1756924502
|move|p1a: Electabuzz|Follow Me|p1a: Electabuzz
|-singleturn|p1a: Electabuzz|move: Follow Me
|move|p1b: Dragonite|Scale Shot|p2b: Sneasler|[miss]
|-miss|p1b: Dragonite|p2b: Sneasler
|move|p2b: Sneasler|Close Combat|p1a: Electabuzz
|-damage|p1a: Electabuzz|0 fnt
|-unboost|p2b: Sneasler|def|1
|-unboost|p2b: Sneasler|spd|1
|faint|p1a: Electabuzz
|
|upkeep
|turn|13
|c|☆Jamstiffer|gg
|c|☆Jamstiffer|if i hit the ss
|
|t:|1756924512
|move|p1b: Dragonite|Scale Shot|p2b: Sneasler
|-damage|p2b: Sneasler|64/100
|-damage|p2b: Sneasler|27/100
|-damage|p2b: Sneasler|0 fnt
|faint|p2b: Sneasler
|-hitcount|p2: Sneasler|3
|
|win|Jamstiffer
||artyowls is ready for game 3.
||Jamstiffer is ready for game 3.
|uhtml|next|Next: Game 3 of 3
|l|☆Jamstiffer
|player|p1|
