|j|☆papalima
|j|☆pakomon120
|html|papalimapakomon120    
|uhtml|bestof|Game 1 of a best-of-3
|t:|1785174674
|gametype|doubles
|player|p1|papalima|265|1252
|player|p2|pakomon120|102|1198
|gen|9
|tier|[Gen 9 Champions] VGC 2026 Reg M-B (Bo3)
|rated|
|rule|Species Clause: Limit one of each Pokémon
|rule|Item Clause: Limit 1 of each item
|clearpoke
|poke|p1|Incineroar, L50, F|
|poke|p1|Toxapex, L50, F|
|poke|p1|Venusaur, L50, F|
|poke|p1|Tyranitar, L50, F|
|poke|p1|Charizard, L50, M|
|poke|p1|Annihilape, L50, F|
|poke|p2|Staraptor, L50, M|
|poke|p2|Whimsicott, L50, M|
|poke|p2|Charizard, L50, F|
|poke|p2|Garchomp, L50, F|
|poke|p2|Basculegion, L50, M|
|poke|p2|Farigiraf, L50, M|
|teampreview|4
|showteam|p1|Incineroar||SitrusBerry|Intimidate|FlareBlitz,FakeOut,Taunt,PartingShot|Impish||F|||50|]Toxapex||Leftovers|Regenerator|Infestation,Toxic,WideGuard,BanefulBunker|Bold||F|||50|]Venusaur||Venusaurite|Chlorophyll|GigaDrain,EarthPower,SludgeBomb,Protect|Modest||F|||50|]Tyranitar||ChoiceScarf|SandStream|DragonClaw,KnockOff,LowKick,IcePunch|Jolly||F|||50|]Charizard||CharizarditeY|SolarPower|WeatherBall,HeatWave,AncientPower,Protect|Modest||M|||50|]Annihilape||FocusSash|Defiant|CloseCombat,PhantomForce,RockTomb,Protect|Jolly||F|||50|
|showteam|p2|Staraptor||Staraptite|Intimidate|BraveBird,CloseCombat,Protect,Roost|Adamant||M|||50|]Whimsicott||FocusSash|Prankster|Tailwind,Encore,Moonblast,Charm|Timid||M|||50|]Charizard||CharizarditeY|Blaze|HeatWave,SolarBeam,WeatherBall,Protect|Modest||F|||50|]Garchomp||LifeOrb|RoughSkin|Earthquake,RockSlide,DragonClaw,Protect|Adamant||F|||50|]Basculegion||ChoiceScarf|Adaptability|WaveCrash,LastRespects,FlipTurn,AquaJet|Jolly||M|||50|]Farigiraf||SitrusBerry|ArmorTail|TrickRoom,Psychic,Thunderbolt,HelpingHand|Modest||M|||50|
|inactive|Battle timer is ON: inactive players will automatically lose when time's up. (requested by pakomon120)
|inactive|papalima has 60 seconds left.
|inactive|pakomon120 has 60 seconds left.
|
|t:|1785174725
|teamsize|p1|4
|teamsize|p2|4
|start
|switch|p1a: Incineroar|Incineroar, L50, F|100/100
|switch|p1b: Toxapex|Toxapex, L50, F|100/100
|switch|p2a: Basculegion|Basculegion, L50, M|100/100
|switch|p2b: Staraptor|Staraptor, L50, M|100/100
|-ability|p2b: Staraptor|Intimidate|boost
|-unboost|p1a: Incineroar|atk|1
|-unboost|p1b: Toxapex|atk|1
|-ability|p1a: Incineroar|Intimidate|boost
|-unboost|p2a: Basculegion|atk|1
|-unboost|p2b: Staraptor|atk|1
|turn|1
|inactive|pakomon120 has 30 seconds left.
|inactive|pakomon120 has 20 seconds left.
|inactive|pakomon120 has 15 seconds left.
|inactive|pakomon120 has 10 seconds left.
|inactive|pakomon120 has 5 seconds left.
|
|t:|1785174780
|switch|p2a: Farigiraf|Farigiraf, L50, M|100/100
|detailschange|p2b: Staraptor|Staraptor-Mega, L50, M
|-mega|p2b: Staraptor|Staraptor|Staraptite
|move|p2b: Staraptor|Close Combat|p1a: Incineroar
|-supereffective|p1a: Incineroar|1
|-damage|p1a: Incineroar|31/100
|-boost|p2b: Staraptor|def|1
|-boost|p2b: Staraptor|spd|1
|-enditem|p1a: Incineroar|Sitrus Berry|[eat]
|-heal|p1a: Incineroar|56/100|[from] item: Sitrus Berry
|move|p1a: Incineroar|Parting Shot|p2a: Farigiraf
|-unboost|p2a: Farigiraf|atk|1
|-unboost|p2a: Farigiraf|spa|1
|
|t:|1785174794
|switch|p1a: Charizard|Charizard, L50, M|100/100|[from] Parting Shot
|move|p1b: Toxapex|Toxic|p2b: Staraptor
|-status|p2b: Staraptor|tox
|
|-damage|p2b: Staraptor|94/100 tox|[from] psn
|upkeep
|turn|2
|inactive|pakomon120 has 30 seconds left.
|
|t:|1785174827
|detailschange|p1a: Charizard|Charizard-Mega-Y, L50, M
|-mega|p1a: Charizard|Charizard|Charizardite Y
|-weather|SunnyDay|[from] ability: Drought|[of] p1a: Charizard
|move|p2b: Staraptor|Brave Bird|p1b: Toxapex
|-damage|p1b: Toxapex|71/100
|-damage|p2b: Staraptor|86/100 tox|[from] Recoil
|move|p1a: Charizard|Heat Wave|p2a: Farigiraf|[spread] p2a,p2b
|-damage|p2a: Farigiraf|46/100
|-damage|p2b: Staraptor|46/100 tox
|-enditem|p2a: Farigiraf|Sitrus Berry|[eat]
|-heal|p2a: Farigiraf|71/100|[from] item: Sitrus Berry
|move|p2a: Farigiraf|Thunderbolt|p1a: Charizard
|-supereffective|p1a: Charizard|1
|-damage|p1a: Charizard|66/100
|move|p1b: Toxapex|Toxic|p2a: Farigiraf
|-status|p2a: Farigiraf|tox
|
|-weather|SunnyDay|[upkeep]
|-heal|p1b: Toxapex|77/100|[from] item: Leftovers
|-damage|p2b: Staraptor|34/100 tox|[from] psn
|-damage|p2a: Farigiraf|65/100 tox|[from] psn
|upkeep
|turn|3
|inactive|pakomon120 has 30 seconds left.
|
|t:|1785174853
|move|p2b: Staraptor|Brave Bird|p1a: Charizard
|-damage|p1a: Charizard|28/100
|-damage|p2b: Staraptor|22/100 tox|[from] Recoil
|move|p1a: Charizard|Weather Ball|p2a: Farigiraf
|-damage|p2a: Farigiraf|0 fnt
|faint|p2a: Farigiraf
|move|p1b: Toxapex|Infestation|p2b: Staraptor
|-resisted|p2b: Staraptor|2
|-damage|p2b: Staraptor|21/100 tox
|-activate|p2b: Staraptor|move: Infestation|[of] p1b: Toxapex
|
|-weather|SunnyDay|[upkeep]
|-heal|p1b: Toxapex|82/100|[from] item: Leftovers
|-damage|p2b: Staraptor|4/100 tox|[from] psn
|-damage|p2b: Staraptor|0 fnt|[from] move: Infestation|[partiallytrapped]
|faint|p2b: Staraptor
|upkeep
|
|t:|1785174859
|switch|p2b: Basculegion|Basculegion, L50, M|100/100
|switch|p2a: Garchomp|Garchomp, L50, F|100/100
|turn|4
|inactive|pakomon120 has 30 seconds left.
|
|t:|1785174884
|switch|p1a: Incineroar|Incineroar, L50, F|56/100
|-ability|p1a: Incineroar|Intimidate|boost
|-unboost|p2a: Garchomp|atk|1
|-unboost|p2b: Basculegion|atk|1
|move|p1b: Toxapex|Baneful Bunker|p1b: Toxapex
|-singleturn|p1b: Toxapex|move: Protect
|move|p2b: Basculegion|Wave Crash|p1b: Toxapex
|-activate|p1b: Toxapex|move: Protect
|-status|p2b: Basculegion|psn
|move|p2a: Garchomp|Earthquake|p1b: Toxapex|[spread] p2b,p1a
|-activate|p1b: Toxapex|move: Protect
|-supereffective|p1a: Incineroar|1
|-damage|p2b: Basculegion|55/100 psn
|-damage|p1a: Incineroar|2/100
|-damage|p2a: Garchomp|90/100|[from] item: Life Orb
|
|-weather|SunnyDay|[upkeep]
|-heal|p1b: Toxapex|88/100|[from] item: Leftovers
|-damage|p2b: Basculegion|43/100 psn|[from] psn
|upkeep
|turn|5
|inactive|papalima has 30 seconds left.
|inactive|papalima has 20 seconds left.
|inactive|papalima has 15 seconds left.
|inactive|papalima has 10 seconds left.
|
|t:|1785174932
|move|p2a: Garchomp|Protect|p2a: Garchomp
|-singleturn|p2a: Garchomp|Protect
|move|p1a: Incineroar|Fake Out|p2a: Garchomp
|-activate|p2a: Garchomp|move: Protect
|move|p2b: Basculegion|Wave Crash|p1a: Incineroar
|-supereffective|p1a: Incineroar|1
|-damage|p1a: Incineroar|0 fnt
|faint|p1a: Incineroar
|-damage|p2b: Basculegion|42/100 psn|[from] Recoil
|move|p1b: Toxapex|Infestation|p2b: Basculegion
|-resisted|p2b: Basculegion|1
|-damage|p2b: Basculegion|41/100 psn
|-activate|p2b: Basculegion|move: Infestation|[of] p1b: Toxapex
|
|-weather|SunnyDay|[upkeep]
|-heal|p1b: Toxapex|94/100|[from] item: Leftovers
|-damage|p2b: Basculegion|28/100 psn|[from] psn
|-damage|p2b: Basculegion|16/100 psn|[from] move: Infestation|[partiallytrapped]
|upkeep
|
|t:|1785174939
|switch|p1a: Venusaur|Venusaur, L50, F|100/100
|turn|6
|
|t:|1785174958
|move|p1a: Venusaur|Protect|p1a: Venusaur
|-singleturn|p1a: Venusaur|Protect
|move|p2a: Garchomp|Protect||[still]
|-fail|p2a: Garchomp
|move|p1b: Toxapex|Baneful Bunker|p1b: Toxapex
|-singleturn|p1b: Toxapex|move: Protect
|move|p2b: Basculegion|Wave Crash|p1a: Venusaur
|-activate|p1a: Venusaur|move: Protect
|
|-weather|none
|-heal|p1b: Toxapex|100/100|[from] item: Leftovers
|-damage|p2b: Basculegion|4/100 psn|[from] psn
|-damage|p2b: Basculegion|0 fnt|[from] move: Infestation|[partiallytrapped]
|faint|p2b: Basculegion
|upkeep
|turn|7
|-message|pakomon120 forfeited.
|
|win|papalima
|l|☆pakomon120
|player|p2|
||pakomon120 is ready for game 2.
||papalima is ready for game 2.
|uhtml|next|Next: Game 2 of 3
