|j|☆EggEngines2
|j|☆5NitesAtTrickRoom
|html|EggEngines25NitesAtTrickRoom    
|uhtml|bestof|Game 2 of a best-of-3
|t:|1757727369
|gametype|doubles
|player|p1|EggEngines2|collector|
|player|p2|5NitesAtTrickRoom|hilbert|
|gen|9
|tier|[Gen 9] VGC 2025 Reg H (Bo3)
|rule|Species Clause: Limit one of each Pokémon
|rule|Item Clause: Limit 1 of each item
|clearpoke
|poke|p1|Sneasler, L50, F|
|poke|p1|Indeedee, L50, M|
|poke|p1|Ursaluna-Bloodmoon, L50, M|
|poke|p1|Electabuzz, L50, F|
|poke|p1|Incineroar, L50, F|
|poke|p1|Talonflame, L50, F|
|poke|p2|Pelipper, L50, M|
|poke|p2|Archaludon, L50, F|
|poke|p2|Sinistcha-Masterpiece, L50|
|poke|p2|Maushold, L50|
|poke|p2|Basculegion, L50, M|
|poke|p2|Kingambit, L50, M|
|teampreview|4
|showteam|p1|Sneasler||PsychicSeed|Unburden|CloseCombat,DireClaw,ThroatChop,Protect|||F|||50|,,,,,Dark]Indeedee||FocusSash|PsychicSurge|ExpandingForce,TrickRoom,HelpingHand,Protect|||M|||50|,,,,,Psychic]Ursaluna-Bloodmoon||LifeOrb|MindsEye|BloodMoon,HyperVoice,EarthPower,Protect|||M|||50|,,,,,Normal]Electabuzz||Eviolite|VitalSpirit|Electroweb,FollowMe,Taunt,Protect|||F|||50|,,,,,Dragon]Incineroar||SafetyGoggles|Intimidate|FlareBlitz,KnockOff,PartingShot,FakeOut|||F|||50|,,,,,Ghost]Talonflame||CovertCloak|GaleWings|FlareBlitz,DualWingbeat,WillOWisp,Tailwind|||F|||50|,,,,,Fairy
|showteam|p2|Pelipper||FocusSash|Drizzle|WeatherBall,Hurricane,Tailwind,Protect|||M|||50|,,,,,Grass]Archaludon||AssaultVest|Stamina|FlashCannon,BodyPress,ElectroShot,Snarl|||F|||50|,,,,,Fighting]Sinistcha-Masterpiece||SitrusBerry|Hospitality|RagePowder,MatchaGotcha,TrickRoom,LifeDew||||||50|,,,,,Water]Maushold||WideLens|Technician|Protect,Taunt,PopulationBomb,FollowMe||||||50|,,,,,Ghost]Basculegion||ChoiceScarf|Adaptability|WaveCrash,LastRespects,AquaJet,FlipTurn|||M|||50|,,,,,Water]Kingambit||SafetyGoggles|Defiant|KowtowCleave,SuckerPunch,SwordsDance,Protect|||M|||50|,,,,,Dark
|
|t:|1757727384
|teamsize|p1|4
|teamsize|p2|4
|start
|switch|p1a: Sneasler|Sneasler, L50, F|100/100
|switch|p1b: Indeedee|Indeedee, L50, M|100/100
|switch|p2a: Basculegion|Basculegion, L50, M|100/100
|switch|p2b: Maushold|Maushold, L50|100/100
|-fieldstart|move: Psychic Terrain|[from] ability: Psychic Surge|[of] p1b: Indeedee
|-enditem|p1a: Sneasler|Psychic Seed
|-boost|p1a: Sneasler|spd|1|[from] item: Psychic Seed
|turn|1
|
|t:|1757727404
|-terastallize|p2b: Maushold|Ghost
|move|p1b: Indeedee|Protect|p1b: Indeedee
|-singleturn|p1b: Indeedee|Protect
|move|p1a: Sneasler|Throat Chop|p2a: Basculegion
|-supereffective|p2a: Basculegion
|-damage|p2a: Basculegion|27/100
|-start|p2a: Basculegion|Throat Chop|[silent]
|move|p2a: Basculegion|Wave Crash|p1a: Sneasler
|-damage|p1a: Sneasler|0 fnt
|faint|p1a: Sneasler
|-damage|p2a: Basculegion|0 fnt|[from] Recoil
|faint|p2a: Basculegion
|move|p2b: Maushold|Population Bomb|p1b: Indeedee
|-activate|p1b: Indeedee|move: Protect
|
|upkeep
|
|t:|1757727413
|switch|p1a: Talonflame|Talonflame, L50, F|100/100
|switch|p2a: Archaludon|Archaludon, L50, F|100/100
|turn|2
|
|t:|1757727432
|move|p2b: Maushold|Protect|p2b: Maushold
|-singleturn|p2b: Maushold|Protect
|move|p1a: Talonflame|Tailwind|p1a: Talonflame
|-sidestart|p1: EggEngines2|move: Tailwind
|move|p1b: Indeedee|Expanding Force|p2a: Archaludon|[spread] p2a
|-activate|p2b: Maushold|move: Protect
|-resisted|p2a: Archaludon
|-damage|p2a: Archaludon|84/100
|-ability|p2a: Archaludon|Stamina|boost
|-boost|p2a: Archaludon|def|1
|move|p2a: Archaludon|Snarl|p1a: Talonflame|[spread] p1a,p1b
|-supereffective|p1b: Indeedee
|-damage|p1a: Talonflame|82/100
|-damage|p1b: Indeedee|68/100
|-unboost|p1b: Indeedee|spa|1
|
|upkeep
|turn|3
|
|t:|1757727449
|switch|p2b: Sinistcha|Sinistcha-Masterpiece, L50|100/100
|-heal|p2a: Archaludon|100/100|[from] ability: Hospitality|[of] p2b: Sinistcha
|-terastallize|p1b: Indeedee|Psychic
|move|p1a: Talonflame|Flare Blitz|p2b: Sinistcha
|-supereffective|p2b: Sinistcha
|-damage|p2b: Sinistcha|22/100
|-enditem|p2b: Sinistcha|Sitrus Berry|[eat]
|-heal|p2b: Sinistcha|47/100|[from] item: Sitrus Berry
|-damage|p1a: Talonflame|51/100|[from] Recoil
|move|p1b: Indeedee|Expanding Force|p2b: Sinistcha|[spread] p2a,p2b
|-resisted|p2a: Archaludon
|-damage|p2a: Archaludon|83/100
|-damage|p2b: Sinistcha|8/100
|-ability|p2a: Archaludon|Stamina|boost
|-boost|p2a: Archaludon|def|1
|move|p2a: Archaludon|Body Press|p1b: Indeedee
|-resisted|p1b: Indeedee
|-damage|p1b: Indeedee|14/100
|
|upkeep
|turn|4
|
|t:|1757727469
|move|p2b: Sinistcha|Rage Powder|p2b: Sinistcha
|-singleturn|p2b: Sinistcha|move: Rage Powder
|move|p1a: Talonflame|Will-O-Wisp|p2b: Sinistcha
|-status|p2b: Sinistcha|brn
|move|p1b: Indeedee|Expanding Force|p2b: Sinistcha|[spread] p2a,p2b
|-resisted|p2a: Archaludon
|-damage|p2a: Archaludon|68/100
|-damage|p2b: Sinistcha|0 fnt
|-ability|p2a: Archaludon|Stamina|boost
|-boost|p2a: Archaludon|def|1
|faint|p2b: Sinistcha
|move|p2a: Archaludon|Body Press|p1a: Talonflame
|-resisted|p1a: Talonflame
|-damage|p1a: Talonflame|0 fnt
|faint|p1a: Talonflame
|
|upkeep
|
|t:|1757727475
|switch|p1a: Ursaluna|Ursaluna-Bloodmoon, L50, M|100/100
|switch|p2b: Maushold|Maushold, L50, tera:Ghost|100/100
|turn|5
|
|t:|1757727502
|move|p2b: Maushold|Follow Me|p2b: Maushold
|-singleturn|p2b: Maushold|move: Follow Me
|move|p1b: Indeedee|Expanding Force|p2a: Archaludon|[spread] p2a,p2b
|-resisted|p2a: Archaludon
|-damage|p2a: Archaludon|52/100
|-damage|p2b: Maushold|25/100
|-ability|p2a: Archaludon|Stamina|boost
|-boost|p2a: Archaludon|def|1
|move|p1a: Ursaluna|Earth Power|p2b: Maushold
|-damage|p2b: Maushold|0 fnt
|faint|p2b: Maushold
|-damage|p1a: Ursaluna|91/100|[from] item: Life Orb
|move|p2a: Archaludon|Body Press|p1a: Ursaluna
|-supereffective|p1a: Ursaluna
|-damage|p1a: Ursaluna|0 fnt
|faint|p1a: Ursaluna
|
|-sideend|p1: EggEngines2|move: Tailwind
|-fieldend|move: Psychic Terrain
|upkeep
|turn|6
|
|t:|1757727508
|move|p1b: Indeedee|Expanding Force|p2a: Archaludon
|-resisted|p2a: Archaludon
|-damage|p2a: Archaludon|40/100
|-ability|p2a: Archaludon|Stamina|boost
|-boost|p2a: Archaludon|def|1
|move|p2a: Archaludon|Snarl|p1b: Indeedee
|-supereffective|p1b: Indeedee
|-damage|p1b: Indeedee|0 fnt
|faint|p1b: Indeedee
|
|win|5NitesAtTrickRoom
||5NitesAtTrickRoom is ready for game 3.
||EggEngines2 is ready for game 3.
|uhtml|next|Next: Game 3 of 3
