|j|☆CaldoDePatas
|j|☆chocokoala vgc
|html|CaldoDePataschocokoala vgc    
|uhtml|bestof|Game 2 of a best-of-3
|t:|1785090220
|gametype|doubles
|player|p1|CaldoDePatas|sage|1144
|player|p2|chocokoala vgc|benga|1222
|gen|9
|tier|[Gen 9 Champions] VGC 2026 Reg M-B (Bo3)
|rated|
|rule|Species Clause: Limit one of each Pokémon
|rule|Item Clause: Limit 1 of each item
|clearpoke
|poke|p1|Dragonite, L50, M|
|poke|p1|Whimsicott, L50, F, shiny|
|poke|p1|Kingambit, L50, F|
|poke|p1|Incineroar, L50, F|
|poke|p1|Basculegion, L50, M|
|poke|p1|Tsareena, L50, F|
|poke|p2|Scovillain, L50, F|
|poke|p2|Primarina, L50, M|
|poke|p2|Aerodactyl, L50, F|
|poke|p2|Garchomp, L50, F|
|poke|p2|Gholdengo, L50|
|poke|p2|Grimmsnarl, L50, M|
|teampreview|4
|showteam|p1|Dragonite||Dragoninite|Multiscale|DragonPulse,Thunderbolt,ExtremeSpeed,Protect|Quiet||M|||50|]Whimsicott||FairyFeather|Prankster|Moonblast,Encore,Protect,Tailwind|Modest||F|||50|]Kingambit||OccaBerry|Defiant|KowtowCleave,SuckerPunch,IronHead,Protect|Brave||F|||50|]Incineroar||SitrusBerry|Intimidate|FlareBlitz,FakeOut,PartingShot,ThroatChop|Relaxed||F|||50|]Basculegion||ChoiceScarf|Adaptability|WaveCrash,LastRespects,AquaJet,FlipTurn|Adamant||M|||50|]Tsareena||FocusSash|QueenlyMajesty|TropKick,LowSweep,HelpingHand,Protect|Adamant||F|||50|
|showteam|p2|Scovillain||Scovillainite|Moody|Flamethrower,GigaDrain,Protect,RagePowder|Bold||F|||50|]Primarina||Leftovers|LiquidVoice|HyperVoice,Moonblast,Protect,CalmMind|Modest||M|||50|]Aerodactyl||Aerodactylite|Unnerve|RockSlide,DualWingbeat,Protect,Tailwind|Jolly||F|||50|]Garchomp||SoftSand|RoughSkin|Earthquake,StompingTantrum,Protect,DragonClaw|Jolly||F|||50|]Gholdengo||LifeOrb|GoodasGold|MakeItRain,ShadowBall,Protect,NastyPlot|Modest|||||50|]Grimmsnarl||LightClay|Prankster|LightScreen,Reflect,FakeOut,FoulPlay|Sassy||M|||50|
|inactive|Battle timer is ON: inactive players will automatically lose when time's up. (requested by chocokoala vgc)
|j| pibi1111
|inactive|CaldoDePatas has 60 seconds left.
|inactive|chocokoala vgc has 60 seconds left.
|l| pibi1111
|inactive|chocokoala vgc has 30 seconds left.
|inactive|chocokoala vgc has 20 seconds left.
|inactive|chocokoala vgc has 15 seconds left.
|inactive|chocokoala vgc has 10 seconds left.
|
|t:|1785090307
|teamsize|p1|4
|teamsize|p2|4
|start
|switch|p1a: Incineroar|Incineroar, L50, F|100/100
|switch|p1b: Basculegion|Basculegion, L50, M|100/100
|switch|p2a: Aerodactyl|Aerodactyl, L50, F|100/100
|switch|p2b: Primarina|Primarina, L50, M|100/100
|-ability|p2a: Aerodactyl|Unnerve
|-ability|p1a: Incineroar|Intimidate|boost
|-unboost|p2a: Aerodactyl|atk|1
|-unboost|p2b: Primarina|atk|1
|turn|1
|inactive|CaldoDePatas has 30 seconds left.
|inactive|chocokoala vgc has 30 seconds left.
|inactive|CaldoDePatas has 20 seconds left.
|inactive|chocokoala vgc has 20 seconds left.
|inactive|CaldoDePatas has 15 seconds left.
|inactive|chocokoala vgc has 15 seconds left.
|inactive|CaldoDePatas has 10 seconds left.
|inactive|CaldoDePatas has 5 seconds left.
|
|t:|1785090357
|switch|p2a: Garchomp|Garchomp, L50, F|100/100
|move|p1a: Incineroar|Fake Out|p2a: Garchomp
|-damage|p2a: Garchomp|89/100
|-damage|p1a: Incineroar|87/100|[from] ability: Rough Skin|[of] p2a: Garchomp
|move|p1b: Basculegion|Flip Turn|p2a: Garchomp
|-damage|p2a: Garchomp|43/100
|-damage|p1b: Basculegion|87/100|[from] ability: Rough Skin|[of] p2a: Garchomp
|
|t:|1785090360
|switch|p1b: Whimsicott|Whimsicott, L50, F, shiny|100/100|[from] Flip Turn
|move|p2b: Primarina|Moonblast|p1b: Whimsicott
|-damage|p1b: Whimsicott|41/100
|
|upkeep
|turn|2
|inactive|chocokoala vgc has 30 seconds left.
|inactive|chocokoala vgc has 20 seconds left.
|
|t:|1785090400
|switch|p2a: Aerodactyl|Aerodactyl, L50, F|100/100
|-ability|p2a: Aerodactyl|Unnerve
|move|p1b: Whimsicott|Protect|p1b: Whimsicott
|-singleturn|p1b: Whimsicott|Protect
|move|p2b: Primarina|Hyper Voice|p1b: Whimsicott|[spread] p1a
|-activate|p1b: Whimsicott|move: Protect
|-supereffective|p1a: Incineroar|1
|-damage|p1a: Incineroar|23/100
|move|p1a: Incineroar|Parting Shot|p2b: Primarina
|-unboost|p2b: Primarina|atk|1
|-unboost|p2b: Primarina|spa|1
|
|t:|1785090409
|switch|p1a: Basculegion|Basculegion, L50, M|87/100|[from] Parting Shot
|
|upkeep
|turn|3
|
|t:|1785090433
|move|p2a: Aerodactyl|Protect|p2a: Aerodactyl
|-singleturn|p2a: Aerodactyl|Protect
|move|p1b: Whimsicott|Tailwind|p1b: Whimsicott
|-sidestart|p1: CaldoDePatas|move: Tailwind
|move|p1a: Basculegion|Wave Crash|p2a: Aerodactyl
|-activate|p2a: Aerodactyl|move: Protect
|move|p2b: Primarina|Moonblast|p1b: Whimsicott
|-damage|p1b: Whimsicott|0 fnt
|faint|p1b: Whimsicott
|
|upkeep
|
|t:|1785090435
|switch|p1b: Incineroar|Incineroar, L50, F|23/100
|-ability|p1b: Incineroar|Intimidate|boost
|-unboost|p2a: Aerodactyl|atk|1
|-unboost|p2b: Primarina|atk|1
|turn|4
|
|t:|1785090456
|switch|p2a: Garchomp|Garchomp, L50, F|43/100
|-enditem|p1b: Incineroar|Sitrus Berry|[eat]
|-heal|p1b: Incineroar|48/100|[from] item: Sitrus Berry
|move|p1b: Incineroar|Fake Out|p2b: Primarina
|-damage|p2b: Primarina|86/100
|move|p1a: Basculegion|Wave Crash|p2a: Garchomp
|-damage|p2a: Garchomp|0 fnt
|-damage|p1a: Basculegion|75/100|[from] ability: Rough Skin|[of] p2a: Garchomp
|faint|p2a: Garchomp
|-damage|p1a: Basculegion|61/100|[from] Recoil
|cant|p2b: Primarina|flinch
|
|-heal|p2b: Primarina|92/100|[from] item: Leftovers
|upkeep
|
|t:|1785090471
|switch|p2a: Aerodactyl|Aerodactyl, L50, F|100/100
|-ability|p2a: Aerodactyl|Unnerve
|turn|5
|
|t:|1785090498
|move|p2a: Aerodactyl|Protect|p2a: Aerodactyl
|-singleturn|p2a: Aerodactyl|Protect
|move|p1a: Basculegion|Wave Crash|p2a: Aerodactyl
|-activate|p2a: Aerodactyl|move: Protect
|move|p1b: Incineroar|Parting Shot|p2b: Primarina
|-unboost|p2b: Primarina|atk|1
|-unboost|p2b: Primarina|spa|1
|
|t:|1785090501
|switch|p1b: Kingambit|Kingambit, L50, F|100/100|[from] Parting Shot
|move|p2b: Primarina|Hyper Voice|p1b: Kingambit|[spread] p1a,p1b
|-resisted|p1a: Basculegion|1
|-damage|p1a: Basculegion|51/100
|-damage|p1b: Kingambit|86/100
|
|-heal|p2b: Primarina|98/100|[from] item: Leftovers
|upkeep
|turn|6
|inactive|chocokoala vgc has 30 seconds left.
|inactive|chocokoala vgc has 20 seconds left.
|inactive|chocokoala vgc has 15 seconds left.
|inactive|chocokoala vgc has 10 seconds left.
|
|t:|1785090550
|switch|p2a: Gholdengo|Gholdengo, L50|100/100
|move|p1a: Basculegion|Wave Crash|p2a: Gholdengo
|-damage|p2a: Gholdengo|8/100
|-damage|p1a: Basculegion|25/100|[from] Recoil
|move|p1b: Kingambit|Iron Head|p2b: Primarina
|-damage|p2b: Primarina|42/100
|move|p2b: Primarina|Calm Mind|p2b: Primarina
|-boost|p2b: Primarina|spa|1
|-boost|p2b: Primarina|spd|1
|
|-heal|p2b: Primarina|48/100|[from] item: Leftovers
|-sideend|p1: CaldoDePatas|move: Tailwind
|upkeep
|turn|7
|inactive|CaldoDePatas has 30 seconds left.
|inactive|chocokoala vgc has 30 seconds left.
|inactive|CaldoDePatas has 20 seconds left.
|inactive|chocokoala vgc has 20 seconds left.
|inactive|chocokoala vgc has 15 seconds left.
|inactive|chocokoala vgc has 10 seconds left.
|
|t:|1785090600
|switch|p1a: Incineroar|Incineroar, L50, F|48/100
|-ability|p1a: Incineroar|Intimidate|boost
|-unboost|p2a: Gholdengo|atk|1
|-unboost|p2b: Primarina|atk|1
|move|p2a: Gholdengo|Protect|p2a: Gholdengo
|-singleturn|p2a: Gholdengo|Protect
|move|p2b: Primarina|Protect|p2b: Primarina
|-singleturn|p2b: Primarina|Protect
|move|p1b: Kingambit|Iron Head|p2b: Primarina
|-activate|p2b: Primarina|move: Protect
|
|-heal|p2b: Primarina|54/100|[from] item: Leftovers
|upkeep
|turn|8
|
|t:|1785090617
|switch|p2b: Aerodactyl|Aerodactyl, L50, F|100/100
|-ability|p2b: Aerodactyl|Unnerve
|move|p2a: Gholdengo|Make It Rain|p1b: Kingambit|[spread] p1a,p1b
|-resisted|p1a: Incineroar|1
|-resisted|p1b: Kingambit|1
|-damage|p1a: Incineroar|16/100
|-damage|p1b: Kingambit|56/100
|-unboost|p2a: Gholdengo|spa|2
|-damage|p2a: Gholdengo|0 fnt|[from] item: Life Orb
|faint|p2a: Gholdengo
|move|p1a: Incineroar|Flare Blitz|p2b: Aerodactyl
|-resisted|p2b: Aerodactyl|1
|-damage|p2b: Aerodactyl|57/100
|-damage|p1a: Incineroar|5/100|[from] Recoil
|move|p1b: Kingambit|Iron Head|p2b: Aerodactyl
|-supereffective|p2b: Aerodactyl|1
|-damage|p2b: Aerodactyl|0 fnt
|faint|p2b: Aerodactyl
|
|upkeep
|-message|chocokoala vgc forfeited.
|
|win|CaldoDePatas
