|j|☆escorpiobutfrommk
|j|☆okkoso
|html|escorpiobutfrommkokkoso    
|uhtml|bestof|Game 1 of a best-of-3
|t:|1756255657
|gametype|doubles
|player|p1|escorpiobutfrommk|red|
|player|p2|okkoso|waiter-gen4dp|
|gen|9
|tier|[Gen 9] VGC 2025 Reg H (Bo3)
|rule|Species Clause: Limit one of each Pokémon
|rule|Item Clause: Limit 1 of each item
|clearpoke
|poke|p1|Sneasler, L50, M|
|poke|p1|Ceruledge, L50, M|
|poke|p1|Dragonite, L50, M|
|poke|p1|Gastrodon, L50, F|
|poke|p1|Kingambit, L50, F|
|poke|p1|Rillaboom, L50, F|
|poke|p2|Incineroar, L50, F|
|poke|p2|Gholdengo, L50|
|poke|p2|Dragonite, L50, M|
|poke|p2|Amoonguss, L50, F|
|poke|p2|Ursaluna-Bloodmoon, L50, M|
|poke|p2|Sneasler, L50, F|
|teampreview|4
|showteam|p1|Sneasler||FocusSash|Unburden|DireClaw,CloseCombat,Coaching,FakeOut|||M|||50|,,,,,Ghost]Ceruledge||Leftovers|FlashFire|Protect,BulkUp,BitterBlade,ShadowSneak|||M|||50|,,,,,Grass]Dragonite||LoadedDice|Multiscale|Protect,ScaleShot,LowKick,ExtremeSpeed|||M|||50|,,,,,Fairy]Gastrodon||SitrusBerry|StormDrain|Protect,IceBeam,EarthPower,ClearSmog|||F|||50|,,,,,Flying]Kingambit||AssaultVest|Defiant|KowtowCleave,SuckerPunch,IronHead,TeraBlast|||F|||50|,,,,,Flying]Rillaboom||MiracleSeed|GrassySurge|WoodHammer,GrassyGlide,HighHorsepower,FakeOut|||F|||50|,,,,,Fire
|showteam|p2|Incineroar||SafetyGoggles|Intimidate|FlareBlitz,KnockOff,PartingShot,FakeOut|||F|||50|,,,,,Ghost]Gholdengo||LifeOrb|GoodasGold|MakeItRain,ShadowBall,NastyPlot,Protect||||||50|,,,,,Water]Dragonite||LoadedDice|Multiscale|ScaleShot,Tailwind,Haze,Protect|||M|||50|,,,,,Fairy]Amoonguss||SitrusBerry|Regenerator|Spore,RagePowder,PollenPuff,Protect|||F|||50|,,,,,Psychic]Ursaluna-Bloodmoon||AssaultVest|MindsEye|HyperVoice,BloodMoon,EarthPower,VacuumWave|||M|||50|,,,,,Water]Sneasler||FocusSash|Unburden|CloseCombat,DireClaw,ThroatChop,Protect|||F|||50|,,,,,Stellar
|c|☆okkoso|Suerte Enzo!
|
|t:|1756255734
|teamsize|p1|4
|teamsize|p2|4
|start
|switch|p1a: Sneasler|Sneasler, L50, M|100/100
|switch|p1b: Kingambit|Kingambit, L50, F|100/100
|switch|p2a: Incineroar|Incineroar, L50, F|100/100
|switch|p2b: Sneasler|Sneasler, L50, F|100/100
|-ability|p2a: Incineroar|Intimidate|boost
|-unboost|p1a: Sneasler|atk|1
|-unboost|p1b: Kingambit|atk|1
|-ability|p1b: Kingambit|Defiant|boost
|-boost|p1b: Kingambit|atk|2
|turn|1
|c|☆escorpiobutfrommk|Suerte
|
|t:|1756255784
|-terastallize|p1b: Kingambit|Flying
|move|p1a: Sneasler|Fake Out|p2a: Incineroar
|-damage|p2a: Incineroar|93/100
|cant|p2a: Incineroar|flinch
|move|p2b: Sneasler|Close Combat|p1b: Kingambit
|-resisted|p1b: Kingambit
|-damage|p1b: Kingambit|75/100
|-unboost|p2b: Sneasler|def|1
|-unboost|p2b: Sneasler|spd|1
|move|p1b: Kingambit|Kowtow Cleave|p2b: Sneasler
|-resisted|p2b: Sneasler
|-damage|p2b: Sneasler|8/100
|
|upkeep
|turn|2
|
|t:|1756255810
|switch|p2b: Dragonite|Dragonite, L50, M|100/100
|move|p1b: Kingambit|Sucker Punch||[still]
|-fail|p1b: Kingambit
|move|p1a: Sneasler|Close Combat|p2a: Incineroar
|-supereffective|p2a: Incineroar
|-damage|p2a: Incineroar|23/100
|-unboost|p1a: Sneasler|def|1
|-unboost|p1a: Sneasler|spd|1
|move|p2a: Incineroar|Parting Shot|p1b: Kingambit
|-unboost|p1b: Kingambit|atk|1
|-ability|p1b: Kingambit|Defiant|boost
|-boost|p1b: Kingambit|atk|2
|-unboost|p1b: Kingambit|spa|1
|-ability|p1b: Kingambit|Defiant|boost
|-boost|p1b: Kingambit|atk|2
|c|☆okkoso|Soy tonto
|
|t:|1756255839
|switch|p2a: Sneasler|Sneasler, L50, F|8/100|[from] Parting Shot
|
|upkeep
|turn|3
|
|t:|1756255862
|switch|p1a: Dragonite|Dragonite, L50, M|100/100
|-terastallize|p2b: Dragonite|Fairy
|move|p2a: Sneasler|Throat Chop|p1b: Kingambit
|-damage|p1b: Kingambit|54/100
|-start|p1b: Kingambit|Throat Chop|[silent]
|move|p2b: Dragonite|Scale Shot|p1b: Kingambit
|-damage|p1b: Kingambit|42/100
|-damage|p1b: Kingambit|31/100
|-damage|p1b: Kingambit|20/100
|-damage|p1b: Kingambit|9/100
|-damage|p1b: Kingambit|0 fnt
|faint|p1b: Kingambit
|-hitcount|p1: Kingambit|5
|-unboost|p2b: Dragonite|def|1
|-boost|p2b: Dragonite|spe|1
|
|upkeep
|
|t:|1756255877
|switch|p1b: Sneasler|Sneasler, L50, M|100/100
|turn|4
|
|t:|1756255912
|switch|p2a: Incineroar|Incineroar, L50, F|23/100
|-ability|p2a: Incineroar|Intimidate|boost
|-unboost|p1a: Dragonite|atk|1
|-unboost|p1b: Sneasler|atk|1
|move|p2b: Dragonite|Scale Shot|p1a: Dragonite
|-supereffective|p1a: Dragonite
|-damage|p1a: Dragonite|84/100
|-supereffective|p1a: Dragonite
|-damage|p1a: Dragonite|50/100
|-supereffective|p1a: Dragonite
|-damage|p1a: Dragonite|17/100
|-supereffective|p1a: Dragonite
|-damage|p1a: Dragonite|0 fnt
|faint|p1a: Dragonite
|-hitcount|p1: Dragonite|4
|-unboost|p2b: Dragonite|def|1
|-boost|p2b: Dragonite|spe|1
|move|p1b: Sneasler|Coaching|p1: Dragonite|[notarget]
|-fail|p1b: Sneasler
|
|upkeep
|
|t:|1756255919
|switch|p1a: Gastrodon|Gastrodon, L50, F|100/100
|turn|5
|
|t:|1756255936
|move|p2a: Incineroar|Fake Out|p1b: Sneasler
|-damage|p1b: Sneasler|81/100
|move|p2b: Dragonite|Scale Shot|p1b: Sneasler
|-crit|p1b: Sneasler
|-damage|p1b: Sneasler|44/100
|-damage|p1b: Sneasler|19/100
|-damage|p1b: Sneasler|0 fnt
|faint|p1b: Sneasler
|-hitcount|p1: Sneasler|3
|-unboost|p2b: Dragonite|def|1
|-boost|p2b: Dragonite|spe|1
|move|p1a: Gastrodon|Earth Power|p2a: Incineroar
|-supereffective|p2a: Incineroar
|-damage|p2a: Incineroar|0 fnt
|faint|p2a: Incineroar
|
|upkeep
|
|t:|1756255954
|switch|p2a: Sneasler|Sneasler, L50, F|8/100
|turn|6
|
|t:|1756255963
|move|p1a: Gastrodon|Protect|p1a: Gastrodon
|-singleturn|p1a: Gastrodon|Protect
|move|p2b: Dragonite|Scale Shot|p1a: Gastrodon
|-activate|p1a: Gastrodon|move: Protect
|move|p2a: Sneasler|Close Combat|p1a: Gastrodon
|-activate|p1a: Gastrodon|move: Protect
|
|upkeep
|turn|7
|
|t:|1756256000
|move|p2b: Dragonite|Scale Shot|p1a: Gastrodon
|-damage|p1a: Gastrodon|85/100
|-damage|p1a: Gastrodon|71/100
|-damage|p1a: Gastrodon|57/100
|-damage|p1a: Gastrodon|41/100
|-enditem|p1a: Gastrodon|Sitrus Berry|[eat]
|-heal|p1a: Gastrodon|66/100|[from] item: Sitrus Berry
|-damage|p1a: Gastrodon|50/100
|-hitcount|p1a: Gastrodon|5
|-unboost|p2b: Dragonite|def|1
|-boost|p2b: Dragonite|spe|1
|move|p2a: Sneasler|Close Combat|p1a: Gastrodon
|-damage|p1a: Gastrodon|0 fnt
|-unboost|p2a: Sneasler|def|1
|-unboost|p2a: Sneasler|spd|1
|faint|p1a: Gastrodon
|
|win|okkoso
||escorpiobutfrommk is ready for game 2.
|inactive|okkoso has 30 seconds to confirm battle start!
|inactive|okkoso has 20 seconds to confirm battle start!
||okkoso is ready for game 2.
|uhtml|next|Next: Game 2 of 3
