|j|☆Ttarchomp333
|j|☆jomivgc
|html|Ttarchomp333jomivgc    
|uhtml|bestof|Game 1 of a best-of-3
|t:|1783695831
|gametype|doubles
|player|p1|Ttarchomp333|266|1113
|player|p2|jomivgc|falkner-gen2|1198
|gen|9
|tier|[Gen 9 Champions] VGC 2026 Reg M-B (Bo3)
|rated|
|rule|Species Clause: Limit one of each Pokémon
|rule|Item Clause: Limit 1 of each item
|clearpoke
|poke|p1|Farigiraf, L50, F|
|poke|p1|Scrafty, L50, M|
|poke|p1|Sylveon, L50, F|
|poke|p1|Torkoal, L50, M|
|poke|p1|Pyroar, L50, M|
|poke|p1|Basculegion, L50, M|
|poke|p2|Umbreon, L50, M, shiny|
|poke|p2|Garchomp, L50, F|
|poke|p2|Pelipper, L50, F|
|poke|p2|Swampert, L50, M|
|poke|p2|Archaludon, L50, M|
|poke|p2|Incineroar, L50, M|
|teampreview|4
|showteam|p1|Farigiraf||SitrusBerry|ArmorTail|Thunderbolt,PsychicFangs,TrickRoom,HelpingHand|Relaxed||F|||50|]Scrafty||Scraftinite|Intimidate|FakeOut,IcePunch,KnockOff,CloseCombat|Brave||M|||50|]Sylveon||FairyFeather|Pixilate|Detect,HyperBeam,HyperVoice,QuickAttack|Quiet||F|||50|]Torkoal||ShucaBerry|Drought|WeatherBall,Eruption,HeatWave,Protect|Modest||M|||50|]Pyroar||Pyroarite|Rivalry|HeatWave,Overheat,SolarBeam,Protect|Timid||M|||50|]Basculegion||ChoiceScarf|Adaptability|AquaJet,WaveCrash,LastRespects,FlipTurn|Jolly||M|||50|
|showteam|p2|Umbreon||SitrusBerry|InnerFocus|Snarl,Swagger,FoulPlay,Moonlight|Calm||M|||50|]Garchomp||LifeOrb|RoughSkin|DragonClaw,RockSlide,Earthquake,Protect|Jolly||F|||50|]Pelipper||FocusSash|Drizzle|Hurricane,WeatherBall,Tailwind,WideGuard|Modest||F|||50|]Swampert||Swampertite|Torrent|Protect,WaveCrash,Earthquake,IcePunch|Adamant||M|||50|]Archaludon||Leftovers|Stamina|ElectroShot,FlashCannon,DracoMeteor,Protect|Modest||M|||50|]Incineroar||PasshoBerry|Intimidate|FakeOut,PartingShot,FlareBlitz,ThroatChop|Adamant||M|||50|
|inactive|Battle timer is ON: inactive players will automatically lose when time's up. (requested by jomivgc)
|inactive|Ttarchomp333 has 60 seconds left.
|inactive|jomivgc has 60 seconds left.
|
|t:|1783695881
|teamsize|p1|4
|teamsize|p2|4
|start
|switch|p1a: Scrafty|Scrafty, L50, M|100/100
|switch|p1b: Farigiraf|Farigiraf, L50, F|100/100
|switch|p2a: Swampert|Swampert, L50, M|100/100
|switch|p2b: Garchomp|Garchomp, L50, F|100/100
|-ability|p1a: Scrafty|Intimidate|boost
|-unboost|p2a: Swampert|atk|1
|-unboost|p2b: Garchomp|atk|1
|turn|1
|inactive|jomivgc has 30 seconds left.
|inactive|Ttarchomp333 has 30 seconds left.
|inactive|jomivgc has 20 seconds left.
|inactive|jomivgc has 15 seconds left.
|
|t:|1783695922
|detailschange|p2a: Swampert|Swampert-Mega, L50, M
|-mega|p2a: Swampert|Swampert|Swampertite
|detailschange|p1a: Scrafty|Scrafty-Mega, L50, M
|-mega|p1a: Scrafty|Scrafty|Scraftinite
|-ability|p1a: Scrafty|Intimidate|boost
|-unboost|p2a: Swampert|atk|1
|-unboost|p2b: Garchomp|atk|1
|move|p2a: Swampert|Protect|p2a: Swampert
|-singleturn|p2a: Swampert|Protect
|move|p2b: Garchomp|Rock Slide|p1b: Farigiraf|[spread] p1a,p1b
|-resisted|p1a: Scrafty|1
|-damage|p1a: Scrafty|94/100
|-damage|p1b: Farigiraf|88/100
|-damage|p2b: Garchomp|90/100|[from] item: Life Orb
|cant|p1a: Scrafty|flinch
|move|p1b: Farigiraf|Trick Room|p1b: Farigiraf
|-fieldstart|move: Trick Room|[of] p1b: Farigiraf
|
|upkeep
|turn|2
|inactive|Ttarchomp333 has 30 seconds left.
|inactive|jomivgc has 30 seconds left.
|
|t:|1783695951
|switch|p2a: Umbreon|Umbreon, L50, M, shiny|100/100
|switch|p2b: Pelipper|Pelipper, L50, F|100/100
|-weather|RainDance|[from] ability: Drizzle|[of] p2b: Pelipper
|move|p1b: Farigiraf|Helping Hand|p1a: Scrafty
|-singleturn|p1a: Scrafty|Helping Hand|[of] p1b: Farigiraf
|move|p1a: Scrafty|Close Combat|p2a: Umbreon
|-supereffective|p2a: Umbreon|1
|-damage|p2a: Umbreon|0 fnt
|-unboost|p1a: Scrafty|def|1
|-unboost|p1a: Scrafty|spd|1
|faint|p2a: Umbreon
|
|-weather|RainDance|[upkeep]
|upkeep
|
|t:|1783695965
|switch|p2a: Swampert|Swampert-Mega, L50, M|100/100
|turn|3
|
|t:|1783695987
|move|p1b: Farigiraf|Thunderbolt|p2b: Pelipper
|-supereffective|p2b: Pelipper|2
|-enditem|p2b: Pelipper|Focus Sash
|-damage|p2b: Pelipper|1/100
|move|p1a: Scrafty|Close Combat|p2a: Swampert
|-crit|p2a: Swampert
|-damage|p2a: Swampert|7/100
|-unboost|p1a: Scrafty|def|1
|-unboost|p1a: Scrafty|spd|1
|move|p2b: Pelipper|Hurricane|p1a: Scrafty
|-supereffective|p1a: Scrafty|1
|-damage|p1a: Scrafty|0 fnt
|faint|p1a: Scrafty
|move|p2a: Swampert|Earthquake|p1b: Farigiraf|[spread] p1b
|-immune|p2b: Pelipper
|-crit|p1b: Farigiraf
|-damage|p1b: Farigiraf|32/100
|-enditem|p1b: Farigiraf|Sitrus Berry|[eat]
|-heal|p1b: Farigiraf|57/100|[from] item: Sitrus Berry
|
|-weather|RainDance|[upkeep]
|upkeep
|
|t:|1783696007
|switch|p1a: Sylveon|Sylveon, L50, F|100/100
|turn|4
|inactive|jomivgc has 30 seconds left.
|
|t:|1783696038
|move|p2b: Pelipper|Wide Guard|p2b: Pelipper
|-singleturn|p2b: Pelipper|Wide Guard
|move|p1a: Sylveon|Quick Attack|p2b: Pelipper
|-damage|p2b: Pelipper|0 fnt
|faint|p2b: Pelipper
|move|p1b: Farigiraf|Psychic Fangs|p2a: Swampert
|-damage|p2a: Swampert|0 fnt
|faint|p2a: Swampert
|
|-weather|RainDance|[upkeep]
|upkeep
|
|t:|1783696046
|switch|p2a: Garchomp|Garchomp, L50, F|90/100
|turn|5
|
|t:|1783696053
|move|p1b: Farigiraf|Helping Hand|p1a: Sylveon
|-singleturn|p1a: Sylveon|Helping Hand|[of] p1b: Farigiraf
|move|p2a: Garchomp|Protect|p2a: Garchomp
|-singleturn|p2a: Garchomp|Protect
|move|p1a: Sylveon|Hyper Voice|p2a: Garchomp
|-activate|p2a: Garchomp|move: Protect
|
|-weather|RainDance|[upkeep]
|-fieldend|move: Trick Room
|upkeep
|turn|6
|
|t:|1783696070
|move|p1b: Farigiraf|Helping Hand|p1a: Sylveon
|-singleturn|p1a: Sylveon|Helping Hand|[of] p1b: Farigiraf
|move|p2a: Garchomp|Rock Slide|p1a: Sylveon|[spread] p1a,p1b
|-damage|p1a: Sylveon|68/100
|-damage|p1b: Farigiraf|37/100
|-damage|p2a: Garchomp|80/100|[from] item: Life Orb
|move|p1a: Sylveon|Hyper Voice|p2a: Garchomp
|-supereffective|p2a: Garchomp|1
|-damage|p2a: Garchomp|0 fnt
|faint|p2a: Garchomp
|
|win|Ttarchomp333
||Ttarchomp333 is ready for game 2.
