|j|☆varrun
|j|☆rafastarr
|html|varrunrafastarr    
|uhtml|bestof|Game 2 of a best-of-3
|t:|1757135582
|gametype|doubles
|player|p1|varrun|169|1123
|player|p2|rafastarr|1|1153
|gen|9
|tier|[Gen 9] VGC 2025 Reg H (Bo3)
|rated|
|rule|Species Clause: Limit one of each Pokémon
|rule|Item Clause: Limit 1 of each item
|clearpoke
|poke|p1|Archaludon, L50, F|
|poke|p1|Pelipper, L50, M|
|poke|p1|Basculegion, L50, M|
|poke|p1|Amoonguss, L50, F|
|poke|p1|Incineroar, L50, F|
|poke|p1|Gholdengo, L50|
|poke|p2|Charizard, L50, M|
|poke|p2|Torkoal, L50, M|
|poke|p2|Porygon2, L50|
|poke|p2|Incineroar, L50, F|
|poke|p2|Jumpluff, L50, F|
|poke|p2|Ursaluna, L50, M|
|teampreview|4
|showteam|p1|Archaludon||AssaultVest|Stamina|DragonPulse,ElectroShot,FlashCannon,BodyPress|||F|||50|,,,,,Bug]Pelipper||FocusSash|Drizzle|WeatherBall,Hurricane,Tailwind,Protect|||M|||50|,,,,,Ground]Basculegion||ChoiceBand|SwiftSwim|WaveCrash,LastRespects,AquaJet,FlipTurn|||M|||50|,,,,,Grass]Amoonguss||CovertCloak|Regenerator|PollenPuff,RagePowder,Spore,Protect|||F|||50|,,,,,Water]Incineroar||SafetyGoggles|Intimidate|KnockOff,FakeOut,PartingShot,Taunt|||F|||50|,,,,,Ghost]Gholdengo||LifeOrb|GoodasGold|MakeItRain,ShadowBall,NastyPlot,Protect||||||50|,,,,,Water
|showteam|p2|Charizard||ChoiceSpecs|SolarPower|HeatWave,Overheat,WeatherBall,AirSlash|||M|||50|,,,,,Ghost]Torkoal||EjectPack|Drought|Eruption,Overheat,HelpingHand,Protect|||M|||50|,,,,,Fire]Porygon2||Eviolite|Download|TeraBlast,IceBeam,Recover,TrickRoom||||||50|,,,,,Fighting]Incineroar||SitrusBerry|Intimidate|FlareBlitz,KnockOff,FakeOut,PartingShot|||F|||50|,,,,,Ghost]Jumpluff||CovertCloak|Chlorophyll|SleepPowder,SunnyDay,RagePowder,Tailwind|||F|||50|,,,,,Water]Ursaluna||FlameOrb|Guts|HeadlongRush,Facade,Earthquake,Protect|||M|||50|,,,,,Ghost
|
|t:|1757135666
|teamsize|p1|4
|teamsize|p2|4
|start
|switch|p1a: Incineroar|Incineroar, L50, F|100/100
|switch|p1b: Gholdengo|Gholdengo, L50|100/100
|switch|p2a: Incineroar|Incineroar, L50, F|100/100
|switch|p2b: Porygon2|Porygon2, L50|100/100
|-ability|p2a: Incineroar|Intimidate|boost
|-unboost|p1a: Incineroar|atk|1
|-unboost|p1b: Gholdengo|atk|1
|-ability|p1a: Incineroar|Intimidate|boost
|-unboost|p2a: Incineroar|atk|1
|-unboost|p2b: Porygon2|atk|1
|-ability|p2b: Porygon2|Download|boost
|-boost|p2b: Porygon2|atk|1
|turn|1
|
|t:|1757135728
|-terastallize|p1b: Gholdengo|Water
|move|p2a: Incineroar|Fake Out|p1a: Incineroar
|-crit|p1a: Incineroar
|-damage|p1a: Incineroar|82/100
|move|p1b: Gholdengo|Nasty Plot|p1b: Gholdengo
|-boost|p1b: Gholdengo|spa|2
|cant|p1a: Incineroar|flinch
|move|p2b: Porygon2|Trick Room|p2b: Porygon2
|-fieldstart|move: Trick Room|[of] p2b: Porygon2
|
|upkeep
|turn|2
|inactive|Battle timer is ON: inactive players will automatically lose when time's up. (requested by rafastarr)
|
|t:|1757135836
|move|p2b: Porygon2|Tera Blast|p1b: Gholdengo
|-damage|p1b: Gholdengo|54/100
|move|p1a: Incineroar|Knock Off|p2a: Incineroar
|-resisted|p2a: Incineroar
|-damage|p2a: Incineroar|89/100
|-enditem|p2a: Incineroar|Sitrus Berry|[from] move: Knock Off|[of] p1a: Incineroar
|move|p2a: Incineroar|Parting Shot|p1a: Incineroar
|-unboost|p1a: Incineroar|atk|1
|-unboost|p1a: Incineroar|spa|1
|
|t:|1757135851
|switch|p2a: Torkoal|Torkoal, L50, M|100/100|[from] Parting Shot
|-weather|SunnyDay|[from] ability: Drought|[of] p2a: Torkoal
|move|p1b: Gholdengo|Make It Rain|p2b: Porygon2|[spread] p2a,p2b
|-resisted|p2a: Torkoal
|-damage|p2a: Torkoal|20/100
|-damage|p2b: Porygon2|23/100
|-unboost|p1b: Gholdengo|spa|1
|-damage|p1b: Gholdengo|45/100|[from] item: Life Orb
|
|-weather|SunnyDay|[upkeep]
|upkeep
|turn|3
|inactive|varrun has 30 seconds left.
|inactive|varrun has 20 seconds left.
|inactive|varrun has 15 seconds left.
|
|t:|1757135891
|move|p1b: Gholdengo|Protect|p1b: Gholdengo
|-singleturn|p1b: Gholdengo|Protect
|move|p2a: Torkoal|Overheat|p1b: Gholdengo
|-activate|p1b: Gholdengo|move: Protect
|move|p2b: Porygon2|Recover|p2b: Porygon2
|-heal|p2b: Porygon2|73/100
|move|p1a: Incineroar|Parting Shot|p2b: Porygon2
|-unboost|p2b: Porygon2|atk|1
|-unboost|p2b: Porygon2|spa|1
|
|t:|1757135905
|switch|p1a: Pelipper|Pelipper, L50, M|100/100|[from] Parting Shot
|-weather|RainDance|[from] ability: Drizzle|[of] p1a: Pelipper
|
|-weather|RainDance|[upkeep]
|upkeep
|turn|4
|inactive|varrun has 30 seconds left.
|inactive|rafastarr has 30 seconds left.
|inactive|varrun has 20 seconds left.
|inactive|rafastarr has 20 seconds left.
|inactive|varrun has 15 seconds left.
|inactive|rafastarr has 15 seconds left.
|
|t:|1757135948
|switch|p2a: Incineroar|Incineroar, L50, F|89/100
|-ability|p2a: Incineroar|Intimidate|boost
|-unboost|p1a: Pelipper|atk|1
|-unboost|p1b: Gholdengo|atk|1
|switch|p1b: Basculegion|Basculegion, L50, M|100/100
|move|p2b: Porygon2|Tera Blast|p1b: Basculegion
|-immune|p1b: Basculegion
|move|p1a: Pelipper|Weather Ball|p2b: Porygon2
|-damage|p2b: Porygon2|30/100
|
|-weather|RainDance|[upkeep]
|upkeep
|turn|5
|inactive|varrun has 30 seconds left.
|inactive|varrun has 20 seconds left.
|inactive|varrun has 15 seconds left.
|inactive|varrun has 10 seconds left.
|
|t:|1757135998
|switch|p2b: Torkoal|Torkoal, L50, M|20/100
|-weather|SunnyDay|[from] ability: Drought|[of] p2b: Torkoal
|switch|p1b: Incineroar|Incineroar, L50, F|82/100
|-ability|p1b: Incineroar|Intimidate|boost
|-unboost|p2a: Incineroar|atk|1
|-unboost|p2b: Torkoal|atk|1
|-enditem|p2b: Torkoal|Eject Pack
|
|t:|1757136008
|switch|p2b: Porygon2|Porygon2, L50|30/100
|-ability|p2b: Porygon2|Download|boost
|-boost|p2b: Porygon2|atk|1
|move|p2a: Incineroar|Knock Off|p1b: Incineroar
|-resisted|p1b: Incineroar
|-damage|p1b: Incineroar|70/100
|-enditem|p1b: Incineroar|Safety Goggles|[from] move: Knock Off|[of] p2a: Incineroar
|move|p1a: Pelipper|Weather Ball|p2a: Incineroar
|-resisted|p2a: Incineroar
|-damage|p2a: Incineroar|66/100
|
|-weather|SunnyDay|[upkeep]
|-fieldend|move: Trick Room
|upkeep
|turn|6
|inactive|varrun has 30 seconds left.
|inactive|rafastarr has 30 seconds left.
|inactive|varrun has 20 seconds left.
|inactive|rafastarr has 20 seconds left.
|inactive|rafastarr has 15 seconds left.
|inactive|rafastarr has 10 seconds left.
|
|t:|1757136060
|-terastallize|p2b: Porygon2|Fighting
|move|p1a: Pelipper|Weather Ball|p2b: Porygon2
|-damage|p2b: Porygon2|0 fnt
|faint|p2b: Porygon2
|move|p2a: Incineroar|Knock Off|p1a: Pelipper
|-damage|p1a: Pelipper|60/100
|-enditem|p1a: Pelipper|Focus Sash|[from] move: Knock Off|[of] p2a: Incineroar
|move|p1b: Incineroar|Taunt|p2a: Incineroar
|-start|p2a: Incineroar|move: Taunt
|
|-weather|SunnyDay|[upkeep]
|upkeep
|
|t:|1757136072
|switch|p2b: Ursaluna|Ursaluna, L50, M|100/100
|turn|7
|inactive|varrun has 30 seconds left.
|inactive|varrun has 20 seconds left.
|inactive|varrun has 15 seconds left.
|inactive|varrun has 10 seconds left.
|inactive|varrun has 5 seconds left.
|
|t:|1757136127
|move|p2b: Ursaluna|Protect|p2b: Ursaluna
|-singleturn|p2b: Ursaluna|Protect
|move|p1a: Pelipper|Weather Ball|p2b: Ursaluna
|-activate|p2b: Ursaluna|move: Protect
|move|p2a: Incineroar|Flare Blitz|p1a: Pelipper
|-resisted|p1a: Pelipper
|-damage|p1a: Pelipper|23/100
|-damage|p2a: Incineroar|58/100|[from] Recoil
|move|p1b: Incineroar|Knock Off|p2a: Incineroar
|-resisted|p2a: Incineroar
|-damage|p2a: Incineroar|46/100
|
|-weather|SunnyDay|[upkeep]
|-status|p2b: Ursaluna|brn|[from] item: Flame Orb
|upkeep
|turn|8
|inactive|varrun has 30 seconds left.
|inactive|rafastarr has 30 seconds left.
|inactive|varrun has 20 seconds left.
|inactive|rafastarr has 20 seconds left.
|inactive|varrun has 15 seconds left.
|inactive|rafastarr has 15 seconds left.
|inactive|rafastarr has 10 seconds left.
|
|t:|1757136173
|switch|p1a: Gholdengo|Gholdengo, L50, tera:Water|45/100
|move|p2a: Incineroar|Knock Off|p1a: Gholdengo
|-damage|p1a: Gholdengo|12/100
|-enditem|p1a: Gholdengo|Life Orb|[from] move: Knock Off|[of] p2a: Incineroar
|move|p2b: Ursaluna|Headlong Rush|p1b: Incineroar
|-supereffective|p1b: Incineroar
|-damage|p1b: Incineroar|0 fnt
|-unboost|p2b: Ursaluna|def|1
|-unboost|p2b: Ursaluna|spd|1
|faint|p1b: Incineroar
|
|-weather|SunnyDay|[upkeep]
|-damage|p2b: Ursaluna|95/100 brn|[from] brn
|upkeep
|
|t:|1757136190
|switch|p1b: Pelipper|Pelipper, L50, M|23/100
|-weather|RainDance|[from] ability: Drizzle|[of] p1b: Pelipper
|turn|9
|inactive|varrun has 30 seconds left.
|
|t:|1757136217
|switch|p2a: Torkoal|Torkoal, L50, M|20/100
|-weather|SunnyDay|[from] ability: Drought|[of] p2a: Torkoal
|move|p2b: Ursaluna|Protect|p2b: Ursaluna
|-singleturn|p2b: Ursaluna|Protect
|move|p1a: Gholdengo|Make It Rain|p2a: Torkoal|[spread] p2a
|-activate|p2b: Ursaluna|move: Protect
|-resisted|p2a: Torkoal
|-damage|p2a: Torkoal|0 fnt
|-unboost|p1a: Gholdengo|spa|1
|faint|p2a: Torkoal
|move|p1b: Pelipper|Weather Ball|p2b: Ursaluna
|-activate|p2b: Ursaluna|move: Protect
|
|-weather|SunnyDay|[upkeep]
|-damage|p2b: Ursaluna|89/100 brn|[from] brn
|upkeep
|
|t:|1757136226
|switch|p2a: Incineroar|Incineroar, L50, F|46/100
|-ability|p2a: Incineroar|Intimidate|boost
|-unboost|p1a: Gholdengo|atk|1
|-unboost|p1b: Pelipper|atk|1
|turn|10
|inactive|varrun has 30 seconds left.
|inactive|varrun has 20 seconds left.
|inactive|varrun has 15 seconds left.
|inactive|varrun has 10 seconds left.
|inactive|varrun has 5 seconds left.
|
|t:|1757136276
|switch|p1a: Basculegion|Basculegion, L50, M|100/100
|move|p1b: Pelipper|Protect|p1b: Pelipper
|-singleturn|p1b: Pelipper|Protect
|move|p2a: Incineroar|Knock Off|p1b: Pelipper
|-activate|p1b: Pelipper|move: Protect
|move|p2b: Ursaluna|Facade|p1a: Basculegion
|-immune|p1a: Basculegion
|
|-weather|SunnyDay|[upkeep]
|-damage|p2b: Ursaluna|83/100 brn|[from] brn
|upkeep
|turn|11
|inactive|varrun has 30 seconds left.
|inactive|rafastarr has 30 seconds left.
|inactive|varrun has 20 seconds left.
|inactive|rafastarr has 20 seconds left.
|inactive|rafastarr has 15 seconds left.
|inactive|rafastarr has 10 seconds left.
|inactive|rafastarr has 5 seconds left.
|
|t:|1757136329
|switch|p1b: Gholdengo|Gholdengo, L50, tera:Water|12/100
|move|p2b: Ursaluna|Protect|p2b: Ursaluna
|-singleturn|p2b: Ursaluna|Protect
|move|p1a: Basculegion|Wave Crash|p2b: Ursaluna
|-activate|p2b: Ursaluna|move: Protect
|move|p2a: Incineroar|Knock Off|p1a: Basculegion
|-supereffective|p1a: Basculegion
|-damage|p1a: Basculegion|1/100
|-enditem|p1a: Basculegion|Choice Band|[from] move: Knock Off|[of] p2a: Incineroar
|
|-weather|SunnyDay|[upkeep]
|-damage|p2b: Ursaluna|77/100 brn|[from] brn
|upkeep
|turn|12
|inactive|varrun has 30 seconds left this turn.
|inactive|varrun has 20 seconds left.
|c|☆rafastarr|omg
|inactive|varrun has 15 seconds left.
|inactive|varrun has 10 seconds left.
|inactive|varrun has 5 seconds left.
|
|t:|1757136356
|move|p2b: Ursaluna|Protect|p2b: Ursaluna
|-singleturn|p2b: Ursaluna|Protect
|move|p1b: Gholdengo|Make It Rain|p2b: Ursaluna|[spread] p2a
|-activate|p2b: Ursaluna|move: Protect
|-resisted|p2a: Incineroar
|-damage|p2a: Incineroar|26/100
|-unboost|p1b: Gholdengo|spa|1
|move|p1a: Basculegion|Wave Crash|p2a: Incineroar
|-supereffective|p2a: Incineroar
|-damage|p2a: Incineroar|0 fnt
|faint|p2a: Incineroar
|-damage|p1a: Basculegion|0 fnt|[from] Recoil
|faint|p1a: Basculegion
|
|-weather|SunnyDay|[upkeep]
|-damage|p2b: Ursaluna|71/100 brn|[from] brn
|upkeep
|inactive|varrun has 5 seconds left this turn.
|-message|varrun lost due to inactivity.
|
|win|rafastarr
|inactive|varrun has 29 seconds to confirm battle start!
|inactive|rafastarr has 29 seconds to confirm battle start!
||varrun is ready for game 3.
||rafastarr is ready for game 3.
|uhtml|next|Next: Game 3 of 3
|l|☆varrun
|player|p1|
