|j|☆retking
|j|☆forkuser2
|html|retkingforkuser2    
|uhtml|bestof|Game 1 of a best-of-3
|t:|1784397833
|gametype|doubles
|player|p1|retking|n|
|player|p2|forkuser2|rancher|
|gen|9
|tier|[Gen 9 Champions] VGC 2026 Reg M-B (Bo3)
|rule|Species Clause: Limit one of each Pokémon
|rule|Item Clause: Limit 1 of each item
|clearpoke
|poke|p1|Whimsicott, L50, M|
|poke|p1|Floette-Eternal, L50, F|
|poke|p1|Charizard, L50, M|
|poke|p1|Garchomp, L50, F|
|poke|p1|Basculegion, L50, M|
|poke|p1|Kingambit, L50, F|
|poke|p2|Aerodactyl, L50, M|
|poke|p2|Kingambit, L50, M|
|poke|p2|Sylveon, L50, M|
|poke|p2|Garchomp, L50, M|
|poke|p2|Charizard, L50, M|
|poke|p2|Incineroar, L50, M|
|teampreview|4
|showteam|p1|Whimsicott||FocusSash|Prankster|Moonblast,Tailwind,Encore,Protect|Timid||M|||50|]Floette-Eternal||Floettite|FlowerVeil|DazzlingGleam,Moonblast,LightofRuin,Protect|Modest||F|||50|]Charizard||CharizarditeY|Blaze|HeatWave,WeatherBall,SolarBeam,Protect|Modest||M|||50|]Garchomp||LifeOrb|RoughSkin|Earthquake,DragonClaw,RockSlide,Protect|Jolly||F|||50|]Basculegion||MysticWater|Adaptability|WaveCrash,LastRespects,AquaJet,Protect|Adamant||M|||50|]Kingambit||BlackGlasses|Defiant|KowtowCleave,SuckerPunch,IronHead,Protect|Adamant||F|||50|
|showteam|p2|Aerodactyl||Aerodactylite|Unnerve|RockSlide,IceFang,Tailwind,WideGuard|Jolly||M|||50|]Kingambit||FocusSash|Defiant|KowtowCleave,SuckerPunch,IronHead,Protect|Adamant||M|||50|]Sylveon||FairyFeather|Pixilate|Detect,HyperVoice,HyperBeam,QuickAttack|Modest||M|||50|]Garchomp||LifeOrb|RoughSkin|Earthquake,DragonClaw,StompingTantrum,Protect|Jolly||M|||50|]Charizard||CharizarditeY|Blaze|Protect,HeatWave,SolarBeam,WeatherBall|Modest||M|||50|]Incineroar||SitrusBerry|Intimidate|DarkestLariat,FlareBlitz,FakeOut,PartingShot|Impish||M|||50|
|inactive|Battle timer is ON: inactive players will automatically lose when time's up. (requested by retking)
|inactive|retking has 60 seconds left.
|inactive|forkuser2 has 60 seconds left.
|inactive|retking has 30 seconds left.
|inactive|retking has 20 seconds left.
|inactive|retking has 15 seconds left.
|j| vrocehpalon
|inactive|retking has 10 seconds left.
|
|t:|1784397913
|teamsize|p1|4
|teamsize|p2|4
|start
|switch|p1a: Basculegion|Basculegion, L50, M|100/100
|switch|p1b: Whimsicott|Whimsicott, L50, M|100/100
|switch|p2a: Kingambit|Kingambit, L50, M|100/100
|switch|p2b: Aerodactyl|Aerodactyl, L50, M|100/100
|-ability|p2b: Aerodactyl|Unnerve
|turn|1
|j| Roncolaenjoyer
|inactive|retking has 30 seconds left.
|inactive|retking has 20 seconds left.
|inactive|retking has 15 seconds left.
|inactive|forkuser2 has 30 seconds left.
|
|t:|1784397961
|detailschange|p2b: Aerodactyl|Aerodactyl-Mega, L50, M
|-mega|p2b: Aerodactyl|Aerodactyl|Aerodactylite
|move|p1b: Whimsicott|Tailwind|p1b: Whimsicott
|-sidestart|p1: retking|move: Tailwind
|move|p2a: Kingambit|Sucker Punch|p1a: Basculegion
|-supereffective|p1a: Basculegion|1
|-damage|p1a: Basculegion|15/100
|move|p1a: Basculegion|Wave Crash|p2b: Aerodactyl
|-supereffective|p2b: Aerodactyl|1
|-damage|p2b: Aerodactyl|0 fnt
|faint|p2b: Aerodactyl
|-damage|p1a: Basculegion|0 fnt|[from] Recoil
|faint|p1a: Basculegion
|
|upkeep
|
|t:|1784397978
|switch|p2b: Incineroar|Incineroar, L50, M|100/100
|switch|p1a: Floette|Floette-Eternal, L50, F|100/100
|-ability|p2b: Incineroar|Intimidate|boost
|-unboost|p1a: Floette|atk|1
|-block|p1b: Whimsicott|ability: Flower Veil|[of] p1a: Floette
|turn|2
|inactive|retking has 30 seconds left.
|inactive|retking has 20 seconds left.
|
|t:|1784398016
|switch|p1b: Garchomp|Garchomp, L50, F|100/100
|move|p1a: Floette|Protect|p1a: Floette
|-singleturn|p1a: Floette|Protect
|move|p2b: Incineroar|Fake Out|p1b: Garchomp
|-damage|p1b: Garchomp|89/100
|-damage|p2b: Incineroar|87/100|[from] ability: Rough Skin|[of] p1b: Garchomp
|move|p2a: Kingambit|Iron Head|p1a: Floette
|-activate|p1a: Floette|move: Protect
|
|upkeep
|turn|3
|inactive|retking has 30 seconds left.
|inactive|forkuser2 has 30 seconds left.
|j| pecheador24
|inactive|retking has 20 seconds left.
|inactive|forkuser2 has 20 seconds left.
|inactive|retking has 15 seconds left.
|inactive|forkuser2 has 15 seconds left.
|inactive|retking has 10 seconds left.
|inactive|retking has 5 seconds left.
|inactive|forkuser2 has 10 seconds left.
|
|t:|1784398067
|detailschange|p1a: Floette|Floette-Mega, L50, F
|-mega|p1a: Floette|Floette|Floettite
|-ability|p1a: Floette|Fairy Aura
|move|p1b: Garchomp|Rock Slide|p2b: Incineroar|[spread] p2a,p2b
|-resisted|p2a: Kingambit|1
|-supereffective|p2b: Incineroar|1
|-damage|p2a: Kingambit|89/100
|-damage|p2b: Incineroar|53/100
|-damage|p1b: Garchomp|79/100|[from] item: Life Orb
|move|p1a: Floette|Moonblast|p2a: Kingambit
|-damage|p2a: Kingambit|4/100
|move|p2a: Kingambit|Iron Head|p1a: Floette
|-supereffective|p1a: Floette|1
|-damage|p1a: Floette|0 fnt
|faint|p1a: Floette
|move|p2b: Incineroar|Parting Shot|p1b: Garchomp
|-unboost|p1b: Garchomp|atk|1
|-unboost|p1b: Garchomp|spa|1
|
|t:|1784398081
|switch|p2b: Charizard|Charizard, L50, M|100/100|[from] Parting Shot
|
|upkeep
|
|t:|1784398087
|switch|p1a: Whimsicott|Whimsicott, L50, M|100/100
|turn|4
|inactive|retking has 30 seconds left.
|inactive|forkuser2 has 30 seconds left.
|inactive|retking has 20 seconds left.
|inactive|forkuser2 has 20 seconds left.
|inactive|retking has 15 seconds left.
|
|t:|1784398131
|move|p2a: Kingambit|Sucker Punch|p1b: Garchomp
|-damage|p1b: Garchomp|42/100
|-damage|p2a: Kingambit|0 fnt|[from] ability: Rough Skin|[of] p1b: Garchomp
|faint|p2a: Kingambit
|move|p1a: Whimsicott|Moonblast|p2b: Charizard
|-resisted|p2b: Charizard|1
|-damage|p2b: Charizard|81/100
|move|p1b: Garchomp|Rock Slide|p2b: Charizard
|-supereffective|p2b: Charizard|2
|-damage|p2b: Charizard|0 fnt
|faint|p2b: Charizard
|-damage|p1b: Garchomp|32/100|[from] item: Life Orb
|
|-sideend|p1: retking|move: Tailwind
|upkeep
|
|t:|1784398139
|switch|p2b: Incineroar|Incineroar, L50, M|53/100
|-ability|p2b: Incineroar|Intimidate|boost
|-unboost|p1a: Whimsicott|atk|1
|-unboost|p1b: Garchomp|atk|1
|turn|5
|
|t:|1784398155
|move|p1a: Whimsicott|Protect|p1a: Whimsicott
|-singleturn|p1a: Whimsicott|Protect
|move|p1b: Garchomp|Protect|p1b: Garchomp
|-singleturn|p1b: Garchomp|Protect
|move|p2b: Incineroar|Fake Out|p1a: Whimsicott
|-activate|p1a: Whimsicott|move: Protect
|
|upkeep
|turn|6
|
|t:|1784398171
|move|p1a: Whimsicott|Moonblast|p2b: Incineroar
|-damage|p2b: Incineroar|22/100
|-enditem|p2b: Incineroar|Sitrus Berry|[eat]
|-heal|p2b: Incineroar|47/100|[from] item: Sitrus Berry
|move|p1b: Garchomp|Dragon Claw|p2b: Incineroar
|-damage|p2b: Incineroar|27/100
|-damage|p1b: Garchomp|22/100|[from] item: Life Orb
|move|p2b: Incineroar|Darkest Lariat|p1b: Garchomp
|-damage|p1b: Garchomp|0 fnt
|-damage|p2b: Incineroar|14/100|[from] ability: Rough Skin|[of] p1b: Garchomp
|faint|p1b: Garchomp
|
|upkeep
|turn|7
|
|t:|1784398183
|move|p1a: Whimsicott|Moonblast|p2b: Incineroar
|-damage|p2b: Incineroar|0 fnt
|faint|p2b: Incineroar
|
|win|retking
||retking is ready for game 2.
||forkuser2 is ready for game 2.
|uhtml|next|Next: Game 2 of 3
|l|☆forkuser2
|player|p2|
|j| lpoalg
|l| Roncolaenjoyer
|l| vrocehpalon
|l| pecheador24
