|j|☆luckstat10
|j|☆hexagonfoot
|html|luckstat10hexagonfoot    
|uhtml|bestof|Game 1 of a best-of-3
|t:|1757911696
|gametype|doubles
|player|p1|luckstat10|dawn|1154
|player|p2|hexagonfoot|caitlin|1251
|gen|9
|tier|[Gen 9] VGC 2025 Reg H (Bo3)
|rated|
|rule|Species Clause: Limit one of each Pokémon
|rule|Item Clause: Limit 1 of each item
|clearpoke
|poke|p1|Rillaboom, L50, M|
|poke|p1|Volcarona, L50, F|
|poke|p1|Incineroar, L50, M|
|poke|p1|Ninetales-Alola, L50, F|
|poke|p1|Annihilape, L50, M|
|poke|p1|Dragonite, L50, M|
|poke|p2|Gholdengo, L50|
|poke|p2|Sneasler, L50, M|
|poke|p2|Rillaboom, L50, F|
|poke|p2|Dragonite, L50, M|
|poke|p2|Ninetales-Alola, L50, M|
|poke|p2|Arcanine-Hisui, L50, M|
|teampreview|4
|showteam|p1|Rillaboom||AssaultVest|GrassySurge|FakeOut,WoodHammer,GrassyGlide,HighHorsepower|||M|||50|,,,,,Fire]Volcarona||GrassySeed|FlameBody|QuiverDance,HeatWave,GigaDrain,Protect|||F|||50|,,,,,Grass]Incineroar||SafetyGoggles|Intimidate|FakeOut,KnockOff,FlareBlitz,Taunt|||M|||50|,,,,,Ghost]Ninetales-Alola||CovertCloak|SnowWarning|AuroraVeil,Blizzard,Moonblast,Protect|||F|||50|,,,,,Poison]Annihilape||Leftovers|Defiant|BulkUp,RageFist,DrainPunch,Protect|||M|||50|,,,,,Water]Dragonite||LoadedDice|Multiscale|Tailwind,ScaleShot,Haze,Protect|||M|||50|,,,,,Fairy
|showteam|p2|Gholdengo||GrassySeed|GoodasGold|NastyPlot,MakeItRain,ShadowBall,Protect||||||50|,,,,,Water]Sneasler||WhiteHerb|Unburden|CloseCombat,DireClaw,Coaching,Protect|||M|||50|,,,,,Ghost]Rillaboom||AssaultVest|GrassySurge|FakeOut,GrassyGlide,DrumBeating,HighHorsepower|||F|||50|,,,,,Fire]Dragonite||LoadedDice|Multiscale|ScaleShot,StompingTantrum,Tailwind,Protect|||M|||50|,,,,,Ground]Ninetales-Alola||FocusSash|SnowWarning|Blizzard,IcyWind,Encore,AuroraVeil|||M|||50|,,,,,Ghost]Arcanine-Hisui||ClearAmulet|Intimidate|RockSlide,FlareBlitz,ExtremeSpeed,Protect|||M|||50|,,,,,Water
|
|t:|1757911738
|teamsize|p1|4
|teamsize|p2|4
|start
|switch|p1a: Annihilape|Annihilape, L50, M, shiny|100/100
|switch|p1b: Dragonite|Dragonite, L50, M, shiny|100/100
|switch|p2a: Hampstead Heath|Rillaboom, L50, F|100/100
|switch|p2b: Silver Street|Gholdengo, L50|100/100
|-fieldstart|move: Grassy Terrain|[from] ability: Grassy Surge|[of] p2a: Hampstead Heath
|-enditem|p2b: Silver Street|Grassy Seed
|-boost|p2b: Silver Street|def|1|[from] item: Grassy Seed
|turn|1
|
|t:|1757911765
|move|p2a: Hampstead Heath|Fake Out|p1b: Dragonite
|-crit|p1b: Dragonite
|-damage|p1b: Dragonite|90/100
|move|p1a: Annihilape|Bulk Up|p1a: Annihilape
|-boost|p1a: Annihilape|atk|1
|-boost|p1a: Annihilape|def|1
|move|p2b: Silver Street|Shadow Ball|p1a: Annihilape
|-supereffective|p1a: Annihilape
|-damage|p1a: Annihilape|36/100
|cant|p1b: Dragonite|flinch
|
|-heal|p1a: Annihilape|42/100|[from] Grassy Terrain
|-heal|p1a: Annihilape|49/100|[from] item: Leftovers
|upkeep
|turn|2
|
|t:|1757911815
|move|p1a: Annihilape|Protect|p1a: Annihilape
|-singleturn|p1a: Annihilape|Protect
|move|p2b: Silver Street|Protect|p2b: Silver Street
|-singleturn|p2b: Silver Street|Protect
|move|p2a: Hampstead Heath|Drum Beating|p1a: Annihilape
|-activate|p1a: Annihilape|move: Protect
|move|p1b: Dragonite|Tailwind|p1b: Dragonite
|-sidestart|p1: luckstat10|move: Tailwind
|
|-heal|p1a: Annihilape|55/100|[from] Grassy Terrain
|-heal|p1a: Annihilape|61/100|[from] item: Leftovers
|upkeep
|turn|3
|
|t:|1757911856
|-terastallize|p2b: Silver Street|Water
|move|p1a: Annihilape|Rage Fist|p2b: Silver Street
|-damage|p2b: Silver Street|61/100
|move|p1b: Dragonite|Scale Shot|p2b: Silver Street
|-damage|p2b: Silver Street|51/100
|-damage|p2b: Silver Street|41/100
|-damage|p2b: Silver Street|31/100
|-damage|p2b: Silver Street|21/100
|-hitcount|p2b: Silver Street|4
|-unboost|p1b: Dragonite|def|1
|-boost|p1b: Dragonite|spe|1
|move|p2a: Hampstead Heath|Drum Beating|p1a: Annihilape
|-damage|p1a: Annihilape|29/100
|-unboost|p1a: Annihilape|spe|1
|-ability|p1a: Annihilape|Defiant|boost
|-boost|p1a: Annihilape|atk|2
|move|p2b: Silver Street|Shadow Ball|p1a: Annihilape
|-supereffective|p1a: Annihilape
|-damage|p1a: Annihilape|0 fnt
|faint|p1a: Annihilape
|
|-heal|p2b: Silver Street|28/100|[from] Grassy Terrain
|upkeep
|
|t:|1757911871
|switch|p1a: Mothers|Volcarona, L50, F, shiny|100/100
|-enditem|p1a: Mothers|Grassy Seed
|-boost|p1a: Mothers|def|1|[from] item: Grassy Seed
|turn|4
|
|t:|1757911928
|move|p1b: Dragonite|Scale Shot|p2a: Hampstead Heath
|-damage|p2a: Hampstead Heath|86/100
|-damage|p2a: Hampstead Heath|70/100
|-damage|p2a: Hampstead Heath|54/100
|-damage|p2a: Hampstead Heath|40/100
|-damage|p2a: Hampstead Heath|25/100
|-hitcount|p2a: Hampstead Heath|5
|-unboost|p1b: Dragonite|def|1
|-boost|p1b: Dragonite|spe|1
|move|p1a: Mothers|Quiver Dance|p1a: Mothers
|-boost|p1a: Mothers|spa|1
|-boost|p1a: Mothers|spd|1
|-boost|p1a: Mothers|spe|1
|move|p2a: Hampstead Heath|Drum Beating|p1a: Mothers
|-resisted|p1a: Mothers
|-damage|p1a: Mothers|91/100
|-unboost|p1a: Mothers|spe|1
|move|p2b: Silver Street|Shadow Ball|p1a: Mothers
|-damage|p1a: Mothers|66/100
|
|-heal|p1a: Mothers|72/100|[from] Grassy Terrain
|-heal|p2a: Hampstead Heath|31/100|[from] Grassy Terrain
|-heal|p2b: Silver Street|34/100|[from] Grassy Terrain
|upkeep
|turn|5
|
|t:|1757911953
|move|p2b: Silver Street|Protect|p2b: Silver Street
|-singleturn|p2b: Silver Street|Protect
|move|p2a: Hampstead Heath|Grassy Glide|p1b: Dragonite
|-resisted|p1b: Dragonite
|-damage|p1b: Dragonite|72/100
|move|p1b: Dragonite|Scale Shot|p2b: Silver Street
|-activate|p2b: Silver Street|move: Protect
|move|p1a: Mothers|Quiver Dance|p1a: Mothers
|-boost|p1a: Mothers|spa|1
|-boost|p1a: Mothers|spd|1
|-boost|p1a: Mothers|spe|1
|
|-heal|p1a: Mothers|78/100|[from] Grassy Terrain
|-heal|p2a: Hampstead Heath|36/100|[from] Grassy Terrain
|-heal|p2b: Silver Street|40/100|[from] Grassy Terrain
|-sideend|p1: luckstat10|move: Tailwind
|-fieldend|move: Grassy Terrain
|upkeep
|turn|6
|
|t:|1757911994
|switch|p2a: Euston|Sneasler, L50, M|100/100
|switch|p2b: Romford|Dragonite, L50, M|100/100
|move|p1b: Dragonite|Scale Shot|p2a: Euston
|-damage|p2a: Euston|82/100
|-crit|p2a: Euston
|-damage|p2a: Euston|55/100
|-damage|p2a: Euston|37/100
|-damage|p2a: Euston|18/100
|-damage|p2a: Euston|0 fnt
|faint|p2a: Euston
|-hitcount|p2: Euston|5
|-unboost|p1b: Dragonite|def|1
|-boost|p1b: Dragonite|spe|1
|move|p1a: Mothers|Giga Drain|p2b: Romford
|-resisted|p2b: Romford
|-damage|p2b: Romford|94/100
|-heal|p1a: Mothers|82/100|[from] drain|[of] p2b: Romford
|
|upkeep
|
|t:|1757912000
|switch|p2a: Hampstead Heath|Rillaboom, L50, F|36/100
|-fieldstart|move: Grassy Terrain|[from] ability: Grassy Surge|[of] p2a: Hampstead Heath
|turn|7
|
|t:|1757912024
|move|p2a: Hampstead Heath|Fake Out|p1b: Dragonite
|-damage|p1b: Dragonite|39/100
|cant|p1b: Dragonite|flinch
|move|p1a: Mothers|Heat Wave|p2b: Romford|[spread] p2a,p2b
|-supereffective|p2a: Hampstead Heath
|-resisted|p2b: Romford
|-damage|p2a: Hampstead Heath|0 fnt
|-damage|p2b: Romford|52/100
|faint|p2a: Hampstead Heath
|move|p2b: Romford|Tailwind|p2b: Romford
|-sidestart|p2: hexagonfoot|move: Tailwind
|
|-heal|p1a: Mothers|88/100|[from] Grassy Terrain
|upkeep
|
|t:|1757912031
|switch|p2a: Silver Street|Gholdengo, L50, tera:Water|40/100
|turn|8
|
|t:|1757912047
|-terastallize|p1b: Dragonite|Fairy
|move|p2a: Silver Street|Protect|p2a: Silver Street
|-singleturn|p2a: Silver Street|Protect
|move|p1b: Dragonite|Scale Shot|p2b: Romford
|-supereffective|p2b: Romford
|-damage|p2b: Romford|20/100
|-supereffective|p2b: Romford
|-damage|p2b: Romford|0 fnt
|faint|p2b: Romford
|-hitcount|p2: Romford|2
|-unboost|p1b: Dragonite|def|1
|-boost|p1b: Dragonite|spe|1
|move|p1a: Mothers|Giga Drain|p2a: Silver Street
|-activate|p2a: Silver Street|move: Protect
|
|-heal|p1b: Dragonite|45/100|[from] Grassy Terrain
|-heal|p2a: Silver Street|46/100|[from] Grassy Terrain
|-heal|p1a: Mothers|93/100|[from] Grassy Terrain
|upkeep
|turn|9
|-message|hexagonfoot forfeited.
|
|win|luckstat10
||hexagonfoot is ready for game 2.
||luckstat10 is ready for game 2.
|uhtml|next|Next: Game 2 of 3
|l|☆luckstat10
|player|p1|
