|j|☆Mr James Freak
|j|☆beckybug
|html|Mr James Freakbeckybug    
|uhtml|bestof|Game 2 of a best-of-3
|t:|1782509015
|gametype|doubles
|player|p1|Mr James Freak|scientist|1239
|player|p2|beckybug|briar|1237
|gen|9
|tier|[Gen 9 Champions] VGC 2026 Reg M-B (Bo3)
|rated|
|rule|Species Clause: Limit one of each Pokémon
|rule|Item Clause: Limit 1 of each item
|clearpoke
|poke|p1|Delphox, L50, F, shiny|
|poke|p1|Sinistcha-Masterpiece, L50|
|poke|p1|Sneasler, L50, M, shiny|
|poke|p1|Kingambit, L50, F, shiny|
|poke|p1|Dragonite, L50, M, shiny|
|poke|p1|Grimmsnarl, L50, M, shiny|
|poke|p2|Metagross, L50|
|poke|p2|Swampert, L50, F|
|poke|p2|Pelipper, L50, F|
|poke|p2|Archaludon, L50, F|
|poke|p2|Sinistcha-Masterpiece, L50|
|poke|p2|Grimmsnarl, L50, M|
|teampreview|4
|showteam|p1|Delphox||Delphoxite|Blaze|HeatWave,Psyshock,NastyPlot,Protect|Timid||F|||50|]Sinistcha-Masterpiece||SitrusBerry|Hospitality|MatchaGotcha,RagePowder,TrickRoom,Protect|Bold|||||50|]Sneasler||WhiteHerb|Unburden|CloseCombat,DireClaw,FakeOut,QuickGuard|Jolly||M|||50|]Kingambit||ChopleBerry|Defiant|KowtowCleave,SuckerPunch,LowKick,Protect|Adamant||F|||50|]Dragonite||RoseliBerry|InnerFocus|ExtremeSpeed,ScaleShot,Haze,Tailwind|Adamant||M|||50|]Grimmsnarl||LightClay|Prankster|SpiritBreak,Reflect,LightScreen,PartingShot|Relaxed||M|||50|
|showteam|p2|Metagross||Metagrossite|ClearBody|IronHead,PsychicFangs,BodyPress,Protect|Jolly|||||50|]Swampert||Swampertite|Torrent|WaveCrash,Earthquake,IcePunch,Protect|Adamant||F|||50|]Pelipper||SitrusBerry|Drizzle|WeatherBall,Hurricane,Tailwind,Protect|Modest||F|||50|]Archaludon||Leftovers|Stamina|FlashCannon,DragonPulse,ElectroShot,Protect|Modest||F|||50|]Sinistcha-Masterpiece||CobaBerry|Hospitality|MatchaGotcha,RagePowder,TrickRoom,Protect|Relaxed|||||50|]Grimmsnarl||LightClay|Prankster|FoulPlay,PartingShot,Reflect,LightScreen|Calm||M|||50|
|
|t:|1782509037
|teamsize|p1|4
|teamsize|p2|4
|start
|switch|p1a: Dragonite|Dragonite, L50, M, shiny|100/100
|switch|p1b: Sinistcha|Sinistcha-Masterpiece, L50|100/100
|switch|p2a: Grimmsnarl|Grimmsnarl, L50, M|100/100
|switch|p2b: Swampert|Swampert, L50, F|100/100
|turn|1
|
|t:|1782509053
|move|p2b: Swampert|Protect|p2b: Swampert
|-singleturn|p2b: Swampert|Protect
|move|p2a: Grimmsnarl|Reflect|p2a: Grimmsnarl
|-sidestart|p2: beckybug|Reflect
|move|p1a: Dragonite|Tailwind|p1a: Dragonite
|-sidestart|p1: Mr James Freak|move: Tailwind
|move|p1b: Sinistcha|Matcha Gotcha|p2a: Grimmsnarl|[spread] p2a
|-activate|p2b: Swampert|move: Protect
|-damage|p2a: Grimmsnarl|77/100
|-status|p2a: Grimmsnarl|brn
|
|-damage|p2a: Grimmsnarl|71/100 brn|[from] brn
|upkeep
|turn|2
|
|t:|1782509069
|switch|p2b: Archaludon|Archaludon, L50, F|100/100
|move|p2a: Grimmsnarl|Light Screen|p2a: Grimmsnarl
|-sidestart|p2: beckybug|move: Light Screen
|move|p1a: Dragonite|Scale Shot|p2b: Archaludon
|-crit|p2b: Archaludon
|-damage|p2b: Archaludon|84/100
|-ability|p2b: Archaludon|Stamina|boost
|-boost|p2b: Archaludon|def|1
|-damage|p2b: Archaludon|80/100
|-ability|p2b: Archaludon|Stamina|boost
|-boost|p2b: Archaludon|def|1
|-crit|p2b: Archaludon
|-damage|p2b: Archaludon|64/100
|-ability|p2b: Archaludon|Stamina|boost
|-boost|p2b: Archaludon|def|1
|-hitcount|p2b: Archaludon|3
|-unboost|p1a: Dragonite|def|1
|-boost|p1a: Dragonite|spe|1
|move|p1b: Sinistcha|Matcha Gotcha|p2a: Grimmsnarl|[spread] p2a,p2b
|-resisted|p2b: Archaludon|2
|-damage|p2a: Grimmsnarl|58/100 brn
|-damage|p2b: Archaludon|60/100
|-ability|p2b: Archaludon|Stamina|boost
|-boost|p2b: Archaludon|def|1
|
|-heal|p2b: Archaludon|67/100|[from] item: Leftovers
|-damage|p2a: Grimmsnarl|52/100 brn|[from] brn
|upkeep
|turn|3
|
|t:|1782509094
|switch|p1b: Sneasler|Sneasler, L50, M, shiny|100/100
|move|p2a: Grimmsnarl|Parting Shot|p1b: Sneasler
|-unboost|p1b: Sneasler|atk|1
|-unboost|p1b: Sneasler|spa|1
|
|t:|1782509101
|switch|p2a: Pelipper|Pelipper, L50, F|100/100|[from] Parting Shot
|-enditem|p1b: Sneasler|White Herb
|-clearnegativeboost|p1b: Sneasler|[silent]
|-weather|RainDance|[from] ability: Drizzle|[of] p2a: Pelipper
|move|p1a: Dragonite|Haze|p1a: Dragonite
|-clearallboost
|move|p2b: Archaludon|Dragon Pulse|p1a: Dragonite
|-supereffective|p1a: Dragonite|1
|-damage|p1a: Dragonite|34/100
|
|-weather|RainDance|[upkeep]
|-heal|p2b: Archaludon|73/100|[from] item: Leftovers
|upkeep
|turn|4
|
|t:|1782509129
|move|p2b: Archaludon|Protect|p2b: Archaludon
|-singleturn|p2b: Archaludon|Protect
|move|p1b: Sneasler|Fake Out|p2a: Pelipper
|-damage|p2a: Pelipper|89/100
|move|p1a: Dragonite|Scale Shot|p2a: Pelipper
|-damage|p2a: Pelipper|79/100
|-crit|p2a: Pelipper
|-damage|p2a: Pelipper|54/100
|-damage|p2a: Pelipper|43/100
|-enditem|p2a: Pelipper|Sitrus Berry|[eat]
|-heal|p2a: Pelipper|68/100|[from] item: Sitrus Berry
|-hitcount|p2a: Pelipper|3
|-unboost|p1a: Dragonite|def|1
|-boost|p1a: Dragonite|spe|1
|cant|p2a: Pelipper|flinch
|
|-weather|RainDance|[upkeep]
|-heal|p2b: Archaludon|79/100|[from] item: Leftovers
|-sideend|p1: Mr James Freak|move: Tailwind
|upkeep
|turn|5
|
|t:|1782509160
|switch|p2b: Grimmsnarl|Grimmsnarl, L50, M|52/100 brn
|move|p1b: Sneasler|Dire Claw|p2a: Pelipper
|-damage|p2a: Pelipper|37/100
|move|p1a: Dragonite|Scale Shot|p2a: Pelipper
|-damage|p2a: Pelipper|27/100
|-damage|p2a: Pelipper|17/100
|-hitcount|p2a: Pelipper|2
|-unboost|p1a: Dragonite|def|1
|-boost|p1a: Dragonite|spe|1
|move|p2a: Pelipper|Hurricane|p1b: Sneasler
|-supereffective|p1b: Sneasler|1
|-damage|p1b: Sneasler|0 fnt
|faint|p1b: Sneasler
|
|-weather|RainDance|[upkeep]
|-damage|p2b: Grimmsnarl|46/100 brn|[from] brn
|upkeep
|
|t:|1782509173
|switch|p1b: Sinistcha|Sinistcha-Masterpiece, L50|100/100
|-heal|p1a: Dragonite|59/100|[from] ability: Hospitality|[of] p1b: Sinistcha
|turn|6
|
|t:|1782509196
|move|p2b: Grimmsnarl|Parting Shot|p1a: Dragonite
|-unboost|p1a: Dragonite|atk|1
|-unboost|p1a: Dragonite|spa|1
|
|t:|1782509199
|switch|p2b: Archaludon|Archaludon, L50, F|79/100|[from] Parting Shot
|move|p1a: Dragonite|Tailwind|p1a: Dragonite
|-sidestart|p1: Mr James Freak|move: Tailwind
|move|p1b: Sinistcha|Matcha Gotcha|p2a: Pelipper|[spread] p2b
|-miss|p1b: Sinistcha|p2a: Pelipper
|-resisted|p2b: Archaludon|2
|-damage|p2b: Archaludon|75/100
|-ability|p2b: Archaludon|Stamina|boost
|-boost|p2b: Archaludon|def|1
|move|p2a: Pelipper|Hurricane|p1b: Sinistcha
|-supereffective|p1b: Sinistcha|1
|-damage|p1b: Sinistcha|7/100
|-enditem|p1b: Sinistcha|Sitrus Berry|[eat]
|-heal|p1b: Sinistcha|32/100|[from] item: Sitrus Berry
|
|-weather|RainDance|[upkeep]
|-heal|p2b: Archaludon|81/100|[from] item: Leftovers
|upkeep
|turn|7
|
|t:|1782509220
|switch|p2a: Grimmsnarl|Grimmsnarl, L50, M|46/100 brn
|move|p1a: Dragonite|Haze|p1a: Dragonite
|-clearallboost
|move|p1b: Sinistcha|Matcha Gotcha|p2a: Grimmsnarl|[spread] p2a,p2b
|-resisted|p2b: Archaludon|2
|-damage|p2a: Grimmsnarl|32/100 brn
|-heal|p1b: Sinistcha|40/100|[from] drain|[of] p2a: Grimmsnarl
|-damage|p2b: Archaludon|78/100
|-heal|p1b: Sinistcha|43/100|[from] drain|[of] p2b: Archaludon
|-ability|p2b: Archaludon|Stamina|boost
|-boost|p2b: Archaludon|def|1
|move|p2b: Archaludon|Electro Shot||[still]
|-prepare|p2b: Archaludon|Electro Shot
|-boost|p2b: Archaludon|spa|1
|-anim|p2b: Archaludon|Electro Shot|p1a: Dragonite
|-damage|p1a: Dragonite|5/100
|
|-weather|none
|-heal|p2b: Archaludon|84/100|[from] item: Leftovers
|-damage|p2a: Grimmsnarl|26/100 brn|[from] brn
|upkeep
|turn|8
|
|t:|1782509245
|move|p2a: Grimmsnarl|Parting Shot|p1b: Sinistcha
|-unboost|p1b: Sinistcha|atk|1
|-unboost|p1b: Sinistcha|spa|1
|
|t:|1782509248
|switch|p2a: Pelipper|Pelipper, L50, F|17/100|[from] Parting Shot
|-weather|RainDance|[from] ability: Drizzle|[of] p2a: Pelipper
|move|p1a: Dragonite|Haze|p1a: Dragonite
|-clearallboost
|move|p1b: Sinistcha|Matcha Gotcha|p2b: Archaludon|[spread] p2a,p2b
|-resisted|p2b: Archaludon|2
|-damage|p2a: Pelipper|0 fnt
|-heal|p1b: Sinistcha|51/100|[from] drain|[of] p2a: Pelipper
|-damage|p2b: Archaludon|80/100
|-heal|p1b: Sinistcha|53/100|[from] drain|[of] p2b: Archaludon
|-ability|p2b: Archaludon|Stamina|boost
|-boost|p2b: Archaludon|def|1
|faint|p2a: Pelipper
|move|p2b: Archaludon|Electro Shot||[still]
|-prepare|p2b: Archaludon|Electro Shot
|-boost|p2b: Archaludon|spa|1
|-anim|p2b: Archaludon|Electro Shot|p1b: Sinistcha
|-resisted|p1b: Sinistcha|1
|-damage|p1b: Sinistcha|25/100
|
|-weather|RainDance|[upkeep]
|-heal|p2b: Archaludon|86/100|[from] item: Leftovers
|-sideend|p2: beckybug|Reflect
|upkeep
|
|t:|1782509271
|switch|p2a: Grimmsnarl|Grimmsnarl, L50, M|26/100 brn
|turn|9
|
|t:|1782509284
|move|p1a: Dragonite|Extreme Speed|p2a: Grimmsnarl
|-damage|p2a: Grimmsnarl|0 fnt
|faint|p2a: Grimmsnarl
|move|p1b: Sinistcha|Matcha Gotcha|p2b: Archaludon
|-resisted|p2b: Archaludon|2
|-damage|p2b: Archaludon|81/100
|-heal|p1b: Sinistcha|28/100|[from] drain|[of] p2b: Archaludon
|-ability|p2b: Archaludon|Stamina|boost
|-boost|p2b: Archaludon|def|1
|move|p2b: Archaludon|Dragon Pulse|p1b: Sinistcha
|-damage|p1b: Sinistcha|0 fnt
|faint|p1b: Sinistcha
|
|-weather|RainDance|[upkeep]
|-heal|p2b: Archaludon|87/100|[from] item: Leftovers
|-sideend|p2: beckybug|move: Light Screen
|-sideend|p1: Mr James Freak|move: Tailwind
|upkeep
|
|t:|1782509296
|switch|p1b: Delphox|Delphox, L50, F, shiny|100/100
|switch|p2a: Swampert|Swampert, L50, F|100/100
|turn|10
|
|t:|1782509307
|detailschange|p1b: Delphox|Delphox-Mega, L50, F, shiny
|-mega|p1b: Delphox|Delphox|Delphoxite
|detailschange|p2a: Swampert|Swampert-Mega, L50, F
|-mega|p2a: Swampert|Swampert|Swampertite
|move|p1b: Delphox|Protect|p1b: Delphox
|-singleturn|p1b: Delphox|Protect
|move|p1a: Dragonite|Extreme Speed|p2a: Swampert
|-damage|p2a: Swampert|76/100
|move|p2a: Swampert|Ice Punch|p1a: Dragonite
|-supereffective|p1a: Dragonite|2
|-damage|p1a: Dragonite|0 fnt
|faint|p1a: Dragonite
|move|p2b: Archaludon|Electro Shot||[still]
|-prepare|p2b: Archaludon|Electro Shot
|-boost|p2b: Archaludon|spa|1
|-anim|p2b: Archaludon|Electro Shot|p1b: Delphox
|-activate|p1b: Delphox|move: Protect
|
|-weather|RainDance|[upkeep]
|-heal|p2b: Archaludon|93/100|[from] item: Leftovers
|upkeep
|turn|11
|
|t:|1782509322
|move|p2a: Swampert|Wave Crash|p1b: Delphox
|-supereffective|p1b: Delphox|1
|-damage|p1b: Delphox|0 fnt
|faint|p1b: Delphox
|-damage|p2a: Swampert|47/100|[from] Recoil
|
|win|beckybug
|raw|Mr James Freak's rating: 1239 → 1214(-25 for losing)
|raw|beckybug's rating: 1237 → 1262(+25 for winning)
|l|☆Mr James Freak
|player|p1|
