|j|☆Agolemboom
|j|☆EnigmaEUW
|html|AgolemboomEnigmaEUW    
|uhtml|bestof|Game 3 of a best-of-3
|t:|1757708079
|gametype|doubles
|player|p1|Agolemboom|170|1093
|player|p2|EnigmaEUW|ingo|1127
|gen|9
|tier|[Gen 9] VGC 2025 Reg H (Bo3)
|rated|
|rule|Species Clause: Limit one of each Pokémon
|rule|Item Clause: Limit 1 of each item
|clearpoke
|poke|p1|Electabuzz, L50, M|
|poke|p1|Ursaluna-Bloodmoon, L50, M|
|poke|p1|Rillaboom, L50, M|
|poke|p1|Kingambit, L50, M|
|poke|p1|Dragonite, L50, F|
|poke|p1|Ninetales-Alola, L50, M|
|poke|p2|Pelipper, L50, F|
|poke|p2|Archaludon, L50, F|
|poke|p2|Incineroar, L50, M|
|poke|p2|Hydreigon, L50, M|
|poke|p2|Ursaluna, L50, M|
|poke|p2|Amoonguss, L50, M|
|teampreview|4
|showteam|p1|Electabuzz||Eviolite|VitalSpirit|Electroweb,Taunt,FollowMe,Protect|||M|||50|,,,,,Ghost]Ursaluna-Bloodmoon||LifeOrb|MindsEye|BloodMoon,HyperVoice,EarthPower,Protect|||M|||50|,,,,,Normal]Rillaboom||AssaultVest|GrassySurge|FakeOut,WoodHammer,GrassyGlide,HighHorsepower|||M|||50|,,,,,Fire]Kingambit||SafetyGoggles|Defiant|KowtowCleave,SuckerPunch,SwordsDance,Protect|||M|||50|,,,,,Dark]Dragonite||LoadedDice|Multiscale|ScaleShot,Tailwind,Haze,Protect|||F|||50|,,,,,Fairy]Ninetales-Alola||CovertCloak|SnowWarning|IcyWind,Blizzard,AuroraVeil,Protect|||M|||50|,,,,,Water
|showteam|p2|Pelipper||CovertCloak|Drizzle|WeatherBall,Hurricane,Tailwind,Protect|||F|||50|,,,,,Grass]Archaludon||AssaultVest|Stamina|ElectroShot,BodyPress,DracoMeteor,FlashCannon|||F|||50|,,,,,Bug]Incineroar||RockyHelmet|Intimidate|FlareBlitz,KnockOff,FakeOut,PartingShot|||M|||50|,,,,,Grass]Hydreigon||SafetyGoggles|Levitate|Snarl,DracoMeteor,Tailwind,Protect|||M|||50|,,,,,Poison]Ursaluna||FlameOrb|Guts|Facade,Earthquake,HeadlongRush,Protect|||M|||50|,,,,,Ghost]Amoonguss||SitrusBerry|Regenerator|Spore,RagePowder,PollenPuff,Protect|||M|||50|,,,,,Water
|inactive|Battle timer is ON: inactive players will automatically lose when time's up. (requested by EnigmaEUW)
|inactive|EnigmaEUW has 60 seconds left.
|
|t:|1757708129
|teamsize|p1|4
|teamsize|p2|4
|start
|switch|p1a: Rillaboom|Rillaboom, L50, M|100/100
|switch|p1b: Kingambit|Kingambit, L50, M, shiny|100/100
|switch|p2a: Hydreigon|Hydreigon, L50, M|100/100
|switch|p2b: Ursaluna|Ursaluna, L50, M|100/100
|-fieldstart|move: Grassy Terrain|[from] ability: Grassy Surge|[of] p1a: Rillaboom
|turn|1
|inactive|Agolemboom has 30 seconds left.
|
|t:|1757708159
|-terastallize|p2b: Ursaluna|Ghost
|move|p1a: Rillaboom|Fake Out|p2b: Ursaluna
|-immune|p2b: Ursaluna
|move|p2a: Hydreigon|Tailwind|p2a: Hydreigon
|-sidestart|p2: EnigmaEUW|move: Tailwind
|move|p2b: Ursaluna|Headlong Rush|p1b: Kingambit
|-supereffective|p1b: Kingambit
|-damage|p1b: Kingambit|0 fnt
|-unboost|p2b: Ursaluna|def|1
|-unboost|p2b: Ursaluna|spd|1
|faint|p1b: Kingambit
|
|-status|p2b: Ursaluna|brn|[from] item: Flame Orb
|upkeep
|
|t:|1757708167
|switch|p1b: Ninetales|Ninetales-Alola, L50, M|100/100
|-weather|Snowscape|[from] ability: Snow Warning|[of] p1b: Ninetales
|turn|2
|
|t:|1757708185
|switch|p2b: Pelipper|Pelipper, L50, F|100/100
|-weather|RainDance|[from] ability: Drizzle|[of] p2b: Pelipper
|move|p1b: Ninetales|Protect|p1b: Ninetales
|-singleturn|p1b: Ninetales|Protect
|move|p2a: Hydreigon|Snarl|p1a: Rillaboom|[spread] p1a
|-activate|p1b: Ninetales|move: Protect
|-damage|p1a: Rillaboom|85/100
|-unboost|p1a: Rillaboom|spa|1
|move|p1a: Rillaboom|Wood Hammer|p2b: Pelipper
|-damage|p2b: Pelipper|21/100
|-damage|p1a: Rillaboom|63/100|[from] Recoil
|
|-weather|RainDance|[upkeep]
|-heal|p1a: Rillaboom|69/100|[from] Grassy Terrain
|upkeep
|turn|3
|
|t:|1757708204
|switch|p1b: Ursaluna|Ursaluna-Bloodmoon, L50, M|100/100
|move|p1a: Rillaboom|Grassy Glide|p2b: Pelipper
|-damage|p2b: Pelipper|0 fnt
|faint|p2b: Pelipper
|move|p2a: Hydreigon|Snarl|p1a: Rillaboom|[spread] p1b
|-miss|p2a: Hydreigon|p1a: Rillaboom
|-damage|p1b: Ursaluna|72/100
|-unboost|p1b: Ursaluna|spa|1
|
|-weather|RainDance|[upkeep]
|-heal|p1a: Rillaboom|75/100|[from] Grassy Terrain
|-heal|p1b: Ursaluna|78/100|[from] Grassy Terrain
|upkeep
|
|t:|1757708222
|switch|p2b: Ursaluna|Ursaluna, L50, M, tera:Ghost|100/100 brn
|turn|4
|
|t:|1757708231
|move|p1b: Ursaluna|Protect|p1b: Ursaluna
|-singleturn|p1b: Ursaluna|Protect
|move|p1a: Rillaboom|Grassy Glide|p2b: Ursaluna
|-damage|p2b: Ursaluna|69/100 brn
|move|p2a: Hydreigon|Snarl|p1b: Ursaluna|[spread] p1a
|-activate|p1b: Ursaluna|move: Protect
|-damage|p1a: Rillaboom|60/100
|-unboost|p1a: Rillaboom|spa|1
|move|p2b: Ursaluna|Facade|p1a: Rillaboom
|-damage|p1a: Rillaboom|0 fnt
|faint|p1a: Rillaboom
|
|-weather|RainDance|[upkeep]
|-heal|p2b: Ursaluna|75/100 brn|[from] Grassy Terrain
|-heal|p1b: Ursaluna|84/100|[from] Grassy Terrain
|-damage|p2b: Ursaluna|69/100 brn|[from] brn
|-sideend|p2: EnigmaEUW|move: Tailwind
|upkeep
|
|t:|1757708243
|switch|p1a: Ninetales|Ninetales-Alola, L50, M|100/100
|-weather|Snowscape|[from] ability: Snow Warning|[of] p1a: Ninetales
|turn|5
|
|t:|1757708261
|-terastallize|p1b: Ursaluna|Normal
|move|p1a: Ninetales|Icy Wind|p2a: Hydreigon|[spread] p2a,p2b
|-supereffective|p2a: Hydreigon
|-damage|p2a: Hydreigon|70/100
|-damage|p2b: Ursaluna|55/100 brn
|-unboost|p2a: Hydreigon|spe|1
|-unboost|p2b: Ursaluna|spe|1
|move|p2a: Hydreigon|Tailwind|p2a: Hydreigon
|-sidestart|p2: EnigmaEUW|move: Tailwind
|move|p2b: Ursaluna|Facade|p1b: Ursaluna
|-damage|p1b: Ursaluna|0 fnt
|faint|p1b: Ursaluna
|
|-weather|Snowscape|[upkeep]
|-heal|p2b: Ursaluna|61/100 brn|[from] Grassy Terrain
|-damage|p2b: Ursaluna|55/100 brn|[from] brn
|-fieldend|move: Grassy Terrain
|upkeep
|turn|6
|-message|Agolemboom forfeited.
|raw|Agolemboom's rating: 1093 → 1071(-22 for losing)
|raw|EnigmaEUW's rating: 1127 → 1150(+23 for winning)
|
|win|EnigmaEUW
|l|☆Agolemboom
|player|p1|
