|j|☆Liebynight01
|j|☆Ryan Regirocks
|html|Liebynight01Ryan Regirocks    
|uhtml|bestof|Game 2 of a best-of-3
|t:|1785294204
|gametype|doubles
|player|p1|Liebynight01|pokemonranger|
|player|p2|Ryan Regirocks|102|
|gen|9
|tier|[Gen 9 Champions] VGC 2026 Reg M-B (Bo3)
|rule|Species Clause: Limit one of each Pokémon
|rule|Item Clause: Limit 1 of each item
|clearpoke
|poke|p1|Tinkaton, L50, F|
|poke|p1|Farigiraf, L50, M|
|poke|p1|Golurk, L50|
|poke|p1|Milotic, L50, F|
|poke|p1|Scovillain, L50, F|
|poke|p1|Hatterene, L50, F|
|poke|p2|Dragonite, L50, M|
|poke|p2|Pelipper, L50, F|
|poke|p2|Archaludon, L50, M|
|poke|p2|Scizor, L50, M|
|poke|p2|Overqwil, L50, F|
|poke|p2|Rhyperior, L50, M|
|teampreview|4
|showteam|p1|Tinkaton||OccaBerry|MoldBreaker|GigatonHammer,FakeOut,KnockOff,ThunderWave|Impish||F|||50|]Farigiraf||SitrusBerry|ArmorTail|Psychic,TrickRoom,Thunderbolt,LightScreen|Sassy||M|||50|]Golurk||Golurkite|IronFist|CloseCombat,HeadlongRush,Poltergeist,Protect|Adamant|||||50|]Milotic||Leftovers|MarvelScale|Coil,Recover,Scald,Hypnosis|Calm||F|||50|]Scovillain||Scovillainite|Chlorophyll|LeechSeed,GigaDrain,RagePowder,Flamethrower|Calm||F|||50|]Hatterene||LifeOrb|MagicBounce|Protect,TrickRoom,DazzlingGleam,MysticalFire|Quiet||F|||50|
|showteam|p2|Dragonite||Dragoninite|Multiscale|Protect,IceBeam,Thunder,Hurricane|Modest||M|||50|]Pelipper||SitrusBerry|Drizzle|Protect,Tailwind,Hurricane,WeatherBall|Calm||F|||50|]Archaludon||Leftovers|Stamina|ElectroShot,FlashCannon,DragonPulse,Protect|Quiet||M|||50|]Scizor||LifeOrb|Technician|SwordsDance,KnockOff,IronHead,DualWingbeat|Brave||M|||50|]Overqwil||ShucaBerry|Intimidate|Protect,ThroatChop,PoisonJab,Taunt|Careful||F|||50|]Rhyperior||IronBall|SolidRock|RockSlide,Earthquake,Crunch,Protect|Brave||M|||50|
|
|t:|1785294304
|teamsize|p1|4
|teamsize|p2|4
|start
|switch|p1a: Farigiraf|Farigiraf, L50, M|100/100
|switch|p1b: Milotic|Milotic, L50, F|100/100
|switch|p2a: Dragonite|Dragonite, L50, M|100/100
|switch|p2b: Pelipper|Pelipper, L50, F|100/100
|-weather|RainDance|[from] ability: Drizzle|[of] p2b: Pelipper
|turn|1
|
|t:|1785294334
|detailschange|p2a: Dragonite|Dragonite-Mega, L50, M
|-mega|p2a: Dragonite|Dragonite|Dragoninite
|move|p2a: Dragonite|Thunder|p1b: Milotic
|-supereffective|p1b: Milotic|1
|-damage|p1b: Milotic|36/100
|move|p1b: Milotic|Coil|p1b: Milotic
|-boost|p1b: Milotic|atk|1
|-boost|p1b: Milotic|def|1
|-boost|p1b: Milotic|accuracy|1
|move|p2b: Pelipper|Hurricane|p1b: Milotic
|-damage|p1b: Milotic|10/100
|move|p1a: Farigiraf|Trick Room|p1a: Farigiraf
|-fieldstart|move: Trick Room|[of] p1a: Farigiraf
|
|-weather|RainDance|[upkeep]
|-heal|p1b: Milotic|16/100|[from] item: Leftovers
|upkeep
|turn|2
|
|t:|1785294362
|move|p1a: Farigiraf|Thunderbolt|p2b: Pelipper
|-supereffective|p2b: Pelipper|2
|-damage|p2b: Pelipper|8/100
|-enditem|p2b: Pelipper|Sitrus Berry|[eat]
|-heal|p2b: Pelipper|33/100|[from] item: Sitrus Berry
|move|p2b: Pelipper|Weather Ball|p1a: Farigiraf
|-damage|p1a: Farigiraf|57/100
|move|p1b: Milotic|Hypnosis|p2a: Dragonite
|-status|p2a: Dragonite|slp|[from] move: Hypnosis
|cant|p2a: Dragonite|slp
|
|-weather|RainDance|[upkeep]
|-heal|p1b: Milotic|22/100|[from] item: Leftovers
|upkeep
|turn|3
|
|t:|1785294378
|move|p2b: Pelipper|Protect|p2b: Pelipper
|-singleturn|p2b: Pelipper|Protect
|move|p1a: Farigiraf|Thunderbolt|p2b: Pelipper
|-activate|p2b: Pelipper|move: Protect
|move|p1b: Milotic|Recover|p1b: Milotic
|-heal|p1b: Milotic|72/100
|cant|p2a: Dragonite|slp
|
|-weather|RainDance|[upkeep]
|-heal|p1b: Milotic|78/100|[from] item: Leftovers
|upkeep
|turn|4
|
|t:|1785294397
|move|p1a: Farigiraf|Thunderbolt|p2b: Pelipper
|-supereffective|p2b: Pelipper|2
|-damage|p2b: Pelipper|0 fnt
|faint|p2b: Pelipper
|move|p1b: Milotic|Coil|p1b: Milotic
|-boost|p1b: Milotic|atk|1
|-boost|p1b: Milotic|def|1
|-boost|p1b: Milotic|accuracy|1
|-curestatus|p2a: Dragonite|slp|[msg]
|move|p2a: Dragonite|Thunder|p1b: Milotic
|-supereffective|p1b: Milotic|1
|-damage|p1b: Milotic|17/100
|
|-weather|RainDance|[upkeep]
|-heal|p1b: Milotic|23/100|[from] item: Leftovers
|upkeep
|
|t:|1785294412
|switch|p2b: Overqwil|Overqwil, L50, F|100/100
|-ability|p2b: Overqwil|Intimidate|boost
|-unboost|p1a: Farigiraf|atk|1
|-unboost|p1b: Milotic|atk|1
|turn|5
|
|t:|1785294424
|move|p1a: Farigiraf|Thunderbolt|p2a: Dragonite
|-damage|p2a: Dragonite|91/100
|move|p1b: Milotic|Hypnosis|p2a: Dragonite
|-status|p2a: Dragonite|slp|[from] move: Hypnosis
|move|p2b: Overqwil|Throat Chop|p1a: Farigiraf
|-supereffective|p1a: Farigiraf|1
|-damage|p1a: Farigiraf|4/100
|-start|p1a: Farigiraf|Throat Chop|[silent]
|-enditem|p1a: Farigiraf|Sitrus Berry|[eat]
|-heal|p1a: Farigiraf|29/100|[from] item: Sitrus Berry
|cant|p2a: Dragonite|slp
|
|-weather|none
|-heal|p1b: Milotic|29/100|[from] item: Leftovers
|-fieldend|move: Trick Room
|upkeep
|turn|6
|
|t:|1785294450
|cant|p2a: Dragonite|slp
|move|p2b: Overqwil|Throat Chop|p1a: Farigiraf
|-supereffective|p1a: Farigiraf|1
|-damage|p1a: Farigiraf|0 fnt
|faint|p1a: Farigiraf
|move|p1b: Milotic|Scald|p2b: Overqwil
|-damage|p2b: Overqwil|73/100
|
|-heal|p1b: Milotic|35/100|[from] item: Leftovers
|upkeep
|
|t:|1785294459
|switch|p1a: Scovillain|Scovillain, L50, F|100/100
|turn|7
|
|t:|1785294483
|-curestatus|p2a: Dragonite|slp|[msg]
|move|p2a: Dragonite|Thunder|p1b: Milotic|[miss]
|-miss|p2a: Dragonite|p1b: Milotic
|move|p2b: Overqwil|Poison Jab|p1a: Scovillain
|-supereffective|p1a: Scovillain|1
|-damage|p1a: Scovillain|14/100
|-status|p1a: Scovillain|psn
|move|p1b: Milotic|Scald|p2a: Dragonite
|-resisted|p2a: Dragonite|1
|-damage|p2a: Dragonite|81/100
|move|p1a: Scovillain|Flamethrower|p2a: Dragonite
|-resisted|p2a: Dragonite|1
|-damage|p2a: Dragonite|68/100
|-status|p2a: Dragonite|brn
|
|-heal|p1b: Milotic|41/100|[from] item: Leftovers
|-damage|p1a: Scovillain|2/100 psn|[from] psn
|-damage|p2a: Dragonite|62/100 brn|[from] brn
|upkeep
|turn|8
|
|t:|1785294530
|move|p2a: Dragonite|Protect|p2a: Dragonite
|-singleturn|p2a: Dragonite|Protect
|move|p2b: Overqwil|Poison Jab|p1b: Milotic
|-damage|p1b: Milotic|27/100
|move|p1b: Milotic|Hypnosis|p2b: Overqwil
|-status|p2b: Overqwil|slp|[from] move: Hypnosis
|move|p1a: Scovillain|Leech Seed|p2a: Dragonite
|-activate|p2a: Dragonite|move: Protect
|
|-heal|p1b: Milotic|33/100|[from] item: Leftovers
|-damage|p1a: Scovillain|0 fnt|[from] psn
|faint|p1a: Scovillain
|-damage|p2a: Dragonite|56/100 brn|[from] brn
|upkeep
|
|t:|1785294544
|switch|p1a: Golurk|Golurk, L50|100/100
|turn|9
|
|t:|1785294567
|detailschange|p1a: Golurk|Golurk-Mega, L50
|-mega|p1a: Golurk|Golurk|Golurkite
|move|p2a: Dragonite|Thunder|p1b: Milotic
|-supereffective|p1b: Milotic|1
|-damage|p1b: Milotic|0 fnt
|faint|p1b: Milotic
|cant|p2b: Overqwil|slp
|move|p1a: Golurk|Headlong Rush|p2b: Overqwil
|-supereffective|p2b: Overqwil|1
|-enditem|p2b: Overqwil|Shuca Berry|[eat]
|-enditem|p2b: Overqwil|Shuca Berry|[weaken]
|-damage|p2b: Overqwil|0 fnt
|-unboost|p1a: Golurk|def|1
|-unboost|p1a: Golurk|spd|1
|faint|p2b: Overqwil
|
|-damage|p2a: Dragonite|50/100y brn|[from] brn
|upkeep
|
|t:|1785294581
|switch|p2b: Archaludon|Archaludon, L50, M|100/100
|turn|10
|
|t:|1785294599
|move|p2a: Dragonite|Ice Beam|p1a: Golurk
|-supereffective|p1a: Golurk|1
|-damage|p1a: Golurk|0 fnt
|faint|p1a: Golurk
|
|win|Ryan Regirocks
||Ryan Regirocks is ready for game 3.
|l|☆Liebynight01
|player|p1|
|inactive|Liebynight01 has 30 seconds to confirm battle start!
|inactive|Liebynight01 has 20 seconds to confirm battle start!
|inactive|Liebynight01 has 10 seconds to confirm battle start!
|uhtml|next|Next: Game 3 of 3
