|j|☆MurQrow
|j|☆Llama_Llord
|html|MurQrowLlama_Llord    
|uhtml|bestof|Game 1 of a best-of-3
|t:|1756851888
|gametype|doubles
|player|p1|MurQrow|101|1123
|player|p2|Llama_Llord|266|1168
|gen|9
|tier|[Gen 9] VGC 2025 Reg H (Bo3)
|rated|
|rule|Species Clause: Limit one of each Pokémon
|rule|Item Clause: Limit 1 of each item
|clearpoke
|poke|p1|Ninetales-Alola, L50, F|
|poke|p1|Baxcalibur, L50, M|
|poke|p1|Gholdengo, L50|
|poke|p1|Magmar, L50, F|
|poke|p1|Rillaboom, L50, M|
|poke|p1|Flamigo, L50, F|
|poke|p2|Talonflame, L50, M|
|poke|p2|Garchomp, L50, F|
|poke|p2|Gholdengo, L50|
|poke|p2|Tyranitar, L50, M|
|poke|p2|Amoonguss, L50, F|
|poke|p2|Milotic, L50, F|
|teampreview|4
|showteam|p1|Ninetales-Alola||CovertCloak|SnowWarning|Blizzard,IcyWind,Encore,AuroraVeil|||F|||50|,,,,,Fire]Baxcalibur||LoadedDice|ThermalExchange|Protect,IceShard,IcicleSpear,ScaleShot|||M|||50|,,,,,Water]Gholdengo||LifeOrb|GoodasGold|NastyPlot,Protect,MakeItRain,ShadowBall||||||50|,,,,,Water]Magmar||Eviolite|VitalSpirit|ClearSmog,FollowMe,Protect,Flamethrower|||F|||50|,,,,,Ghost]Rillaboom||AssaultVest|GrassySurge|FakeOut,GrassyGlide,WoodHammer,HighHorsepower|||M|||50|,,,,,Fire]Flamigo||ChoiceScarf|Scrappy|CloseCombat,BraveBird,DualWingbeat,Tailwind|||F|||50|,,,,,Ghost
|showteam|p2|Talonflame||CovertCloak|GaleWings|Tailwind,BraveBird,WillOWisp,Taunt|||M|||50|,,,,,Grass]Garchomp||LifeOrb|RoughSkin|Earthquake,DragonClaw,StompingTantrum,Protect|||F|||50|,,,,,Fairy]Gholdengo||ChoiceSpecs|GoodasGold|MakeItRain,ShadowBall,Thunderbolt,PowerGem||||||50|,,,,,Steel]Tyranitar||AssaultVest|SandStream|RockSlide,KnockOff,TeraBlast,LowKick|||M|||50|,,,,,Flying]Amoonguss||SitrusBerry|Regenerator|PollenPuff,Spore,RagePowder,Protect|||F|||50|,,,,,Water]Milotic||SafetyGoggles|Competitive|Scald,IcyWind,Haze,Protect|||F|||50|,,,,,Dragon
|inactive|Battle timer is ON: inactive players will automatically lose when time's up. (requested by Llama_Llord)
|inactive|MurQrow also wants the timer to be on.
|inactive|MurQrow has 60 seconds left.
|inactive|Llama_Llord has 60 seconds left.
|
|t:|1756851937
|teamsize|p1|4
|teamsize|p2|4
|start
|switch|p1a: Magmar|Magmar, L50, F|100/100
|switch|p1b: Flush five|Baxcalibur, L50, M|100/100
|switch|p2a: Talonflame|Talonflame, L50, M|100/100
|switch|p2b: Gholdengo|Gholdengo, L50|100/100
|turn|1
|inactive|Llama_Llord has 30 seconds left.
|
|t:|1756851970
|-terastallize|p1b: Flush five|Water
|move|p2a: Talonflame|Taunt|p1a: Magmar
|-start|p1a: Magmar|move: Taunt
|move|p2b: Gholdengo|Make It Rain|p1a: Magmar|[spread] p1a,p1b
|-resisted|p1a: Magmar
|-crit|p1a: Magmar
|-resisted|p1b: Flush five
|-damage|p1a: Magmar|64/100
|-damage|p1b: Flush five|65/100
|-unboost|p2b: Gholdengo|spa|1
|move|p1b: Flush five|Scale Shot|p2b: Gholdengo
|-resisted|p2b: Gholdengo
|-damage|p2b: Gholdengo|92/100
|-resisted|p2b: Gholdengo
|-damage|p2b: Gholdengo|83/100
|-resisted|p2b: Gholdengo
|-damage|p2b: Gholdengo|74/100
|-resisted|p2b: Gholdengo
|-damage|p2b: Gholdengo|65/100
|-hitcount|p2b: Gholdengo|4
|-unboost|p1b: Flush five|def|1
|-boost|p1b: Flush five|spe|1
|move|p1a: Magmar|Flamethrower|p2b: Gholdengo
|-supereffective|p2b: Gholdengo
|-damage|p2b: Gholdengo|0 fnt
|faint|p2b: Gholdengo
|
|upkeep
|
|t:|1756851979
|switch|p2b: Garchomp|Garchomp, L50, F|100/100
|turn|2
|inactive|MurQrow has 30 seconds left.
|
|t:|1756852013
|switch|p1a: Rillaboom|Rillaboom, L50, M|100/100
|-fieldstart|move: Grassy Terrain|[from] ability: Grassy Surge|[of] p1a: Rillaboom
|move|p1b: Flush five|Ice Shard|p2a: Talonflame
|-damage|p2a: Talonflame|70/100
|move|p2a: Talonflame|Brave Bird|p1b: Flush five
|-damage|p1b: Flush five|17/100
|-damage|p2a: Talonflame|53/100|[from] Recoil
|move|p2b: Garchomp|Earthquake|p1b: Flush five|[spread] p1a,p1b
|-immune|p2a: Talonflame
|-resisted|p1a: Rillaboom
|-damage|p1a: Rillaboom|89/100
|-damage|p1b: Flush five|0 fnt
|faint|p1b: Flush five
|-damage|p2b: Garchomp|91/100|[from] item: Life Orb
|
|-heal|p2b: Garchomp|97/100|[from] Grassy Terrain
|-heal|p1a: Rillaboom|95/100|[from] Grassy Terrain
|upkeep
|
|t:|1756852037
|switch|p1b: Ninetales|Ninetales-Alola, L50, F|100/100
|-weather|Snowscape|[from] ability: Snow Warning|[of] p1b: Ninetales
|turn|3
|
|t:|1756852060
|switch|p2a: Tyranitar|Tyranitar, L50, M|100/100
|-weather|Sandstorm|[from] ability: Sand Stream|[of] p2a: Tyranitar
|-terastallize|p2b: Garchomp|Fairy
|move|p1a: Rillaboom|Grassy Glide|p2a: Tyranitar
|-supereffective|p2a: Tyranitar
|-damage|p2a: Tyranitar|31/100
|move|p1b: Ninetales|Blizzard|p2b: Garchomp|[spread] p2b
|-miss|p1b: Ninetales|p2a: Tyranitar
|-damage|p2b: Garchomp|69/100
|move|p2b: Garchomp|Stomping Tantrum|p1b: Ninetales
|-damage|p1b: Ninetales|39/100
|-damage|p2b: Garchomp|59/100|[from] item: Life Orb
|
|-weather|Sandstorm|[upkeep]
|-damage|p1b: Ninetales|34/100|[from] Sandstorm
|-damage|p2b: Garchomp|53/100|[from] Sandstorm
|-damage|p1a: Rillaboom|89/100|[from] Sandstorm
|-heal|p1b: Ninetales|39/100|[from] Grassy Terrain
|-heal|p2b: Garchomp|59/100|[from] Grassy Terrain
|-heal|p1a: Rillaboom|95/100|[from] Grassy Terrain
|-heal|p2a: Tyranitar|37/100|[from] Grassy Terrain
|upkeep
|turn|4
|inactive|Llama_Llord has 30 seconds left.
|
|t:|1756852087
|switch|p1b: Magmar|Magmar, L50, F|64/100
|switch|p2a: Talonflame|Talonflame, L50, M|53/100
|move|p1a: Rillaboom|Grassy Glide|p2a: Talonflame
|-resisted|p2a: Talonflame
|-crit|p2a: Talonflame
|-damage|p2a: Talonflame|37/100
|move|p2b: Garchomp|Earthquake|p1a: Rillaboom|[spread] p1a,p1b
|-immune|p2a: Talonflame
|-resisted|p1a: Rillaboom
|-supereffective|p1b: Magmar
|-damage|p1a: Rillaboom|82/100
|-damage|p1b: Magmar|21/100
|-damage|p2b: Garchomp|49/100|[from] item: Life Orb
|
|-weather|Sandstorm|[upkeep]
|-damage|p2a: Talonflame|31/100|[from] Sandstorm
|-damage|p2b: Garchomp|43/100|[from] Sandstorm
|-damage|p1b: Magmar|16/100|[from] Sandstorm
|-damage|p1a: Rillaboom|76/100|[from] Sandstorm
|-heal|p2b: Garchomp|49/100|[from] Grassy Terrain
|-heal|p1b: Magmar|21/100|[from] Grassy Terrain
|-heal|p1a: Rillaboom|82/100|[from] Grassy Terrain
|upkeep
|turn|5
|inactive|MurQrow has 30 seconds left.
|inactive|Llama_Llord has 30 seconds left.
|inactive|MurQrow has 20 seconds left.
|
|t:|1756852123
|move|p1b: Magmar|Follow Me|p1b: Magmar
|-singleturn|p1b: Magmar|move: Follow Me
|move|p2a: Talonflame|Will-O-Wisp|p1b: Magmar
|-immune|p1b: Magmar
|move|p2b: Garchomp|Earthquake|p1a: Rillaboom|[spread] p1a,p1b
|-immune|p2a: Talonflame
|-resisted|p1a: Rillaboom
|-supereffective|p1b: Magmar
|-damage|p1a: Rillaboom|70/100
|-damage|p1b: Magmar|0 fnt
|faint|p1b: Magmar
|-damage|p2b: Garchomp|40/100|[from] item: Life Orb
|move|p1a: Rillaboom|Wood Hammer|p2b: Garchomp
|-damage|p2b: Garchomp|0 fnt
|-damage|p1a: Rillaboom|58/100|[from] ability: Rough Skin|[of] p2b: Garchomp
|faint|p2b: Garchomp
|-damage|p1a: Rillaboom|46/100|[from] Recoil
|
|-weather|Sandstorm|[upkeep]
|-damage|p2a: Talonflame|25/100|[from] Sandstorm
|-damage|p1a: Rillaboom|40/100|[from] Sandstorm
|-heal|p1a: Rillaboom|46/100|[from] Grassy Terrain
|upkeep
|
|t:|1756852143
|switch|p2b: Tyranitar|Tyranitar, L50, M|37/100
|switch|p1b: Ninetales|Ninetales-Alola, L50, F|39/100
|-weather|Snowscape|[from] ability: Snow Warning|[of] p1b: Ninetales
|-weather|Sandstorm|[from] ability: Sand Stream|[of] p2b: Tyranitar
|turn|6
|inactive|MurQrow has 30 seconds left.
|
|t:|1756852168
|move|p1a: Rillaboom|Grassy Glide|p2b: Tyranitar
|-supereffective|p2b: Tyranitar
|-damage|p2b: Tyranitar|0 fnt
|faint|p2b: Tyranitar
|move|p2a: Talonflame|Brave Bird|p1a: Rillaboom
|-supereffective|p1a: Rillaboom
|-damage|p1a: Rillaboom|0 fnt
|faint|p1a: Rillaboom
|-damage|p2a: Talonflame|9/100|[from] Recoil
|move|p1b: Ninetales|Encore|p2a: Talonflame
|-start|p2a: Talonflame|Encore
|
|-weather|Sandstorm|[upkeep]
|-damage|p2a: Talonflame|3/100|[from] Sandstorm
|-damage|p1b: Ninetales|34/100|[from] Sandstorm
|-heal|p1b: Ninetales|39/100|[from] Grassy Terrain
|-fieldend|move: Grassy Terrain
|upkeep
|turn|7
|
|t:|1756852182
|move|p2a: Talonflame|Brave Bird|p1b: Ninetales
|-damage|p1b: Ninetales|0 fnt
|faint|p1b: Ninetales
|-damage|p2a: Talonflame|0 fnt|[from] Recoil
|faint|p2a: Talonflame
|
|win|Llama_Llord
||MurQrow is ready for game 2.
