|j|☆naacchhooo
|j|☆pagoose chase
|html|naacchhooopagoose chase    
|uhtml|bestof|Game 1 of a best-of-3
|t:|1757680410
|gametype|doubles
|player|p1|naacchhooo|n|1082
|player|p2|pagoose chase|roxanne-gen6|1134
|gen|9
|tier|[Gen 9] VGC 2025 Reg H (Bo3)
|rated|
|rule|Species Clause: Limit one of each Pokémon
|rule|Item Clause: Limit 1 of each item
|clearpoke
|poke|p1|Incineroar, L50, F|
|poke|p1|Rillaboom, L50, M|
|poke|p1|Sneasler, L50, F|
|poke|p1|Gholdengo, L50|
|poke|p1|Ceruledge, L50, F|
|poke|p1|Whimsicott, L50, M|
|poke|p2|Gliscor, L50, F|
|poke|p2|Tyranitar, L50, M|
|poke|p2|Rillaboom, L50, M|
|poke|p2|Gholdengo, L50|
|poke|p2|Electabuzz, L50, F|
|poke|p2|Annihilape, L50, F|
|teampreview|4
|showteam|p1|Incineroar||SafetyGoggles|Intimidate|FakeOut,KnockOff,PartingShot,WillOWisp|||F|||50|,,,,,Ghost]Rillaboom||AssaultVest|GrassySurge|FakeOut,GrassyGlide,WoodHammer,Uturn|||M|||50|,,,,,Water]Sneasler||FocusSash|Unburden|DireClaw,CloseCombat,Protect,FakeOut|||F|||50|,,,,,Dark]Gholdengo||MetalCoat|GoodasGold|MakeItRain,ShadowBall,NastyPlot,Protect||||||50|,,,,,Steel]Ceruledge||ClearAmulet|FlashFire|BitterBlade,Protect,ShadowSneak,SwordsDance|||F|||50|,,,,,Dark]Whimsicott||CovertCloak|Prankster|Encore,Protect,Moonblast,Tailwind|||M|||50|,,,,,Water
|showteam|p2|Gliscor||ToxicOrb|PoisonHeal|DualWingbeat,HighHorsepower,Tailwind,Protect|||F|||50|,,,,,Water]Tyranitar||AssaultVest|SandStream|RockSlide,KnockOff,LowKick,TeraBlast|||M|||50|,,,,,Flying]Rillaboom||MiracleSeed|GrassySurge|FakeOut,GrassyGlide,WoodHammer,Uturn|||M|||50|,,,,,Fire]Gholdengo||LifeOrb|GoodasGold|MakeItRain,ShadowBall,NastyPlot,Protect||||||50|,,,,,Water]Electabuzz||Eviolite|VitalSpirit|FollowMe,Electroweb,Taunt,Protect|||F|||50|,,,,,Ghost]Annihilape||SafetyGoggles|Defiant|RageFist,CloseCombat,Coaching,FinalGambit|||F|||50|,,,,,Steel
|inactive|Battle timer is ON: inactive players will automatically lose when time's up. (requested by naacchhooo)
|inactive|pagoose chase has 60 seconds left.
|inactive|pagoose chase has 30 seconds left.
|inactive|pagoose chase has 20 seconds left.
|inactive|pagoose chase has 15 seconds left.
|
|t:|1757680510
|teamsize|p1|4
|teamsize|p2|4
|start
|switch|p1a: Ceruledge|Ceruledge, L50, F|100/100
|switch|p1b: Incineroar|Incineroar, L50, F|100/100
|switch|p2a: Annihilape|Annihilape, L50, F|100/100
|switch|p2b: Tyranitar|Tyranitar, L50, M|100/100
|-weather|Sandstorm|[from] ability: Sand Stream|[of] p2b: Tyranitar
|-ability|p1b: Incineroar|Intimidate|boost
|-unboost|p2a: Annihilape|atk|1
|-ability|p2a: Annihilape|Defiant|boost
|-boost|p2a: Annihilape|atk|2
|-unboost|p2b: Tyranitar|atk|1
|turn|1
|
|t:|1757680527
|-terastallize|p1a: Ceruledge|Dark
|move|p2a: Annihilape|Coaching|p2b: Tyranitar
|-boost|p2b: Tyranitar|atk|1
|-boost|p2b: Tyranitar|def|1
|move|p1a: Ceruledge|Swords Dance|p1a: Ceruledge
|-boost|p1a: Ceruledge|atk|2
|move|p2b: Tyranitar|Rock Slide|p1a: Ceruledge|[spread] p1a,p1b
|-supereffective|p1b: Incineroar
|-damage|p1a: Ceruledge|58/100
|-damage|p1b: Incineroar|52/100
|move|p1b: Incineroar|Parting Shot|p2b: Tyranitar
|-unboost|p2b: Tyranitar|atk|1
|-unboost|p2b: Tyranitar|spa|1
|
|t:|1757680542
|switch|p1b: Rillaboom|Rillaboom, L50, M|100/100|[from] Parting Shot
|-fieldstart|move: Grassy Terrain|[from] ability: Grassy Surge|[of] p1b: Rillaboom
|
|-weather|Sandstorm|[upkeep]
|-damage|p1a: Ceruledge|52/100|[from] Sandstorm
|-damage|p1b: Rillaboom|95/100|[from] Sandstorm
|-heal|p1a: Ceruledge|58/100|[from] Grassy Terrain
|-heal|p1b: Rillaboom|100/100|[from] Grassy Terrain
|upkeep
|turn|2
|inactive|pagoose chase has 30 seconds left.
|
|t:|1757680568
|switch|p2b: Gholdengo|Gholdengo, L50|100/100
|move|p1b: Rillaboom|Fake Out|p2b: Gholdengo
|-immune|p2b: Gholdengo
|move|p1a: Ceruledge|Shadow Sneak|p2a: Annihilape
|-supereffective|p2a: Annihilape
|-crit|p2a: Annihilape
|-damage|p2a: Annihilape|0 fnt
|faint|p2a: Annihilape
|
|-weather|Sandstorm|[upkeep]
|-damage|p1a: Ceruledge|52/100|[from] Sandstorm
|-damage|p1b: Rillaboom|95/100|[from] Sandstorm
|-heal|p1a: Ceruledge|58/100|[from] Grassy Terrain
|-heal|p1b: Rillaboom|100/100|[from] Grassy Terrain
|upkeep
|
|t:|1757680577
|switch|p2a: Tyranitar|Tyranitar, L50, M|100/100
|turn|3
|inactive|naacchhooo has 30 seconds left.
|inactive|pagoose chase has 30 seconds left.
|inactive|pagoose chase has 20 seconds left.
|
|t:|1757680617
|-terastallize|p2a: Tyranitar|Flying
|move|p1a: Ceruledge|Shadow Sneak|p2b: Gholdengo
|-supereffective|p2b: Gholdengo
|-damage|p2b: Gholdengo|21/100
|move|p2b: Gholdengo|Make It Rain|p1a: Ceruledge|[spread] p1a,p1b
|-damage|p1a: Ceruledge|0 fnt
|-damage|p1b: Rillaboom|64/100
|-unboost|p2b: Gholdengo|spa|1
|faint|p1a: Ceruledge
|-damage|p2b: Gholdengo|11/100|[from] item: Life Orb
|move|p1b: Rillaboom|Wood Hammer|p2a: Tyranitar
|-resisted|p2a: Tyranitar
|-damage|p2a: Tyranitar|69/100
|-damage|p1b: Rillaboom|54/100|[from] Recoil
|move|p2a: Tyranitar|Low Kick|p1b: Rillaboom
|-damage|p1b: Rillaboom|26/100
|
|-weather|Sandstorm|[upkeep]
|-damage|p1b: Rillaboom|20/100|[from] Sandstorm
|-damage|p2a: Tyranitar|63/100|[from] Sandstorm
|-heal|p2b: Gholdengo|18/100|[from] Grassy Terrain
|-heal|p1b: Rillaboom|26/100|[from] Grassy Terrain
|upkeep
|inactive|naacchhooo has 30 seconds left.
|
|t:|1757680644
|switch|p1a: Incineroar|Incineroar, L50, F|52/100
|-ability|p1a: Incineroar|Intimidate|boost
|-unboost|p2a: Tyranitar|atk|1
|-unboost|p2b: Gholdengo|atk|1
|turn|4
|
|t:|1757680657
|switch|p2a: Electabuzz|Electabuzz, L50, F|100/100
|move|p2b: Gholdengo|Protect|p2b: Gholdengo
|-singleturn|p2b: Gholdengo|Protect
|move|p1a: Incineroar|Fake Out|p2a: Electabuzz
|-damage|p2a: Electabuzz|90/100
|move|p1b: Rillaboom|Grassy Glide|p2b: Gholdengo
|-activate|p2b: Gholdengo|move: Protect
|
|-weather|Sandstorm|[upkeep]
|-damage|p2a: Electabuzz|83/100|[from] Sandstorm
|-damage|p1b: Rillaboom|20/100|[from] Sandstorm
|-heal|p2a: Electabuzz|90/100|[from] Grassy Terrain
|-heal|p2b: Gholdengo|24/100|[from] Grassy Terrain
|-heal|p1b: Rillaboom|26/100|[from] Grassy Terrain
|-heal|p1a: Incineroar|58/100|[from] Grassy Terrain
|upkeep
|turn|5
|
|t:|1757680675
|move|p2a: Electabuzz|Follow Me|p2a: Electabuzz
|-singleturn|p2a: Electabuzz|move: Follow Me
|move|p1b: Rillaboom|Grassy Glide|p2a: Electabuzz
|-damage|p2a: Electabuzz|58/100
|move|p2b: Gholdengo|Nasty Plot|p2b: Gholdengo
|-boost|p2b: Gholdengo|spa|2
|move|p1a: Incineroar|Knock Off|p2a: Electabuzz
|-damage|p2a: Electabuzz|21/100
|-enditem|p2a: Electabuzz|Eviolite|[from] move: Knock Off|[of] p1a: Incineroar
|
|-weather|none
|-heal|p2a: Electabuzz|27/100|[from] Grassy Terrain
|-heal|p2b: Gholdengo|30/100|[from] Grassy Terrain
|-heal|p1b: Rillaboom|32/100|[from] Grassy Terrain
|-heal|p1a: Incineroar|64/100|[from] Grassy Terrain
|-fieldend|move: Grassy Terrain
|upkeep
|turn|6
|
|t:|1757680691
|move|p2a: Electabuzz|Follow Me|p2a: Electabuzz
|-singleturn|p2a: Electabuzz|move: Follow Me
|move|p2b: Gholdengo|Make It Rain|p1b: Rillaboom|[spread] p1a,p1b
|-resisted|p1a: Incineroar
|-damage|p1a: Incineroar|17/100
|-damage|p1b: Rillaboom|0 fnt
|-unboost|p2b: Gholdengo|spa|1
|faint|p1b: Rillaboom
|-damage|p2b: Gholdengo|20/100|[from] item: Life Orb
|move|p1a: Incineroar|Knock Off|p2a: Electabuzz
|-damage|p2a: Electabuzz|0 fnt
|faint|p2a: Electabuzz
|
|upkeep
|
|t:|1757680695
|switch|p2a: Tyranitar|Tyranitar, L50, M, tera:Flying|63/100
|switch|p1b: Sneasler|Sneasler, L50, F|100/100
|-weather|Sandstorm|[from] ability: Sand Stream|[of] p2a: Tyranitar
|turn|7
|
|t:|1757680703
|move|p1b: Sneasler|Close Combat|p2a: Tyranitar
|-resisted|p2a: Tyranitar
|-crit|p2a: Tyranitar
|-damage|p2a: Tyranitar|26/100
|-unboost|p1b: Sneasler|def|1
|-unboost|p1b: Sneasler|spd|1
|move|p2b: Gholdengo|Make It Rain|p1b: Sneasler|[spread] p1a,p1b
|-resisted|p1a: Incineroar
|-crit|p1a: Incineroar
|-damage|p1a: Incineroar|0 fnt
|-enditem|p1b: Sneasler|Focus Sash
|-damage|p1b: Sneasler|1/100
|-unboost|p2b: Gholdengo|spa|1
|faint|p1a: Incineroar
|-damage|p2b: Gholdengo|10/100|[from] item: Life Orb
|move|p2a: Tyranitar|Rock Slide|p1b: Sneasler|[miss]
|-miss|p2a: Tyranitar|p1b: Sneasler
|
|-weather|Sandstorm|[upkeep]
|-damage|p1b: Sneasler|0 fnt|[from] Sandstorm
|-damage|p2a: Tyranitar|20/100|[from] Sandstorm
|faint|p1b: Sneasler
|
|win|pagoose chase
||pagoose chase is ready for game 2.
||naacchhooo is ready for game 2.
|uhtml|next|Next: Game 2 of 3
|l|☆naacchhooo
|player|p1|
