|j|☆spernerslemma
|j|☆Light0z
|html|spernerslemmaLight0z    
|uhtml|bestof|Game 2 of a best-of-3
|t:|1784032501
|gametype|doubles
|player|p1|spernerslemma|2|1339
|player|p2|Light0z|blue-gen2|1368
|gen|9
|tier|[Gen 9 Champions] VGC 2026 Reg M-B (Bo3)
|rated|
|rule|Species Clause: Limit one of each Pokémon
|rule|Item Clause: Limit 1 of each item
|clearpoke
|poke|p1|Swampert, L50, F|
|poke|p1|Grimmsnarl, L50, M|
|poke|p1|Archaludon, L50, M|
|poke|p1|Pelipper, L50, M|
|poke|p1|Venusaur, L50, M|
|poke|p1|Sneasler, L50, F|
|poke|p2|Charizard, L50, F|
|poke|p2|Garchomp, L50, F|
|poke|p2|Mamoswine, L50, F|
|poke|p2|Venusaur, L50, M|
|poke|p2|Incineroar, L50, M|
|poke|p2|Toxapex, L50, F|
|teampreview|4
|showteam|p1|Swampert||Swampertite|Torrent|WaveCrash,Protect,HighHorsepower,IcePunch|Adamant||F|||50|]Grimmsnarl||LightClay|Prankster|SpiritBreak,Reflect,LightScreen,PartingShot|Sassy||M|||50|]Archaludon||Leftovers|Stamina|ElectroShot,DragonPulse,FlashCannon,Protect|Modest||M|||50|]Pelipper||SitrusBerry|Drizzle|WeatherBall,Hurricane,Tailwind,Protect|Modest||M|||50|]Venusaur||Venusaurite|Chlorophyll|SludgeBomb,Protect,GigaDrain,EarthPower|Modest||M|||50|]Sneasler||FocusSash|PoisonTouch|FakeOut,CloseCombat,PoisonJab,Protect|Jolly||F|||50|
|showteam|p2|Charizard||CharizarditeY|Blaze|HeatWave,WeatherBall,HelpingHand,Protect|Modest||F|||50|]Garchomp||ChoiceScarf|RoughSkin|DragonClaw,Earthquake,RockSlide,StompingTantrum|Adamant||F|||50|]Mamoswine||FocusSash|Oblivious|HighHorsepower,RockTomb,IceShard,Protect|Adamant||F|||50|]Venusaur||LifeOrb|Chlorophyll|LeafStorm,SludgeBomb,EarthPower,Protect|Modest||M|||50|]Incineroar||SitrusBerry|Intimidate|FlareBlitz,ThroatChop,FakeOut,PartingShot|Impish||M|||50|]Toxapex||Leftovers|Regenerator|Infestation,Toxic,WideGuard,BanefulBunker|Bold||F|||50|
|inactive|Battle timer is ON: inactive players will automatically lose when time's up. (requested by spernerslemma)
|
|t:|1784032522
|teamsize|p1|4
|teamsize|p2|4
|start
|switch|p1a: Venusaur|Venusaur, L50, M|100/100
|switch|p1b: Grimmsnarl|Grimmsnarl, L50, M|100/100
|switch|p2a: Charizard|Charizard, L50, F|100/100
|switch|p2b: Garchomp|Garchomp, L50, F|100/100
|turn|1
|
|t:|1784032545
|detailschange|p2a: Charizard|Charizard-Mega-Y, L50, F
|-mega|p2a: Charizard|Charizard|Charizardite Y
|-weather|SunnyDay|[from] ability: Drought|[of] p2a: Charizard
|detailschange|p1a: Venusaur|Venusaur-Mega, L50, M
|-mega|p1a: Venusaur|Venusaur|Venusaurite
|move|p1a: Venusaur|Protect|p1a: Venusaur
|-singleturn|p1a: Venusaur|Protect
|move|p1b: Grimmsnarl|Reflect|p1b: Grimmsnarl
|-sidestart|p1: spernerslemma|Reflect
|move|p2b: Garchomp|Earthquake|p1b: Grimmsnarl|[spread] p1b
|-activate|p1a: Venusaur|move: Protect
|-immune|p2a: Charizard
|-damage|p1b: Grimmsnarl|72/100
|move|p2a: Charizard|Weather Ball|p1b: Grimmsnarl
|-damage|p1b: Grimmsnarl|1/100
|
|-weather|SunnyDay|[upkeep]
|upkeep
|turn|2
|inactive|Light0z has 30 seconds left.
|
|t:|1784032575
|move|p2a: Charizard|Protect|p2a: Charizard
|-singleturn|p2a: Charizard|Protect
|move|p1b: Grimmsnarl|Light Screen|p1b: Grimmsnarl
|-sidestart|p1: spernerslemma|move: Light Screen
|move|p2b: Garchomp|Earthquake|p1b: Grimmsnarl|[spread] p1a,p1b
|-activate|p2a: Charizard|move: Protect
|-crit|p1a: Venusaur
|-damage|p1a: Venusaur|47/100
|-damage|p1b: Grimmsnarl|0 fnt
|faint|p1b: Grimmsnarl
|move|p1a: Venusaur|Giga Drain|p2b: Garchomp
|-damage|p2b: Garchomp|53/100
|-heal|p1a: Venusaur|70/100|[from] drain|[of] p2b: Garchomp
|
|-weather|SunnyDay|[upkeep]
|upkeep
|inactive|spernerslemma has 30 seconds left.
|
|t:|1784032607
|switch|p1b: Archaludon|Archaludon, L50, M|100/100
|turn|3
|inactive|spernerslemma has 30 seconds left.
|
|t:|1784032634
|switch|p2b: Venusaur|Venusaur, L50, M|100/100
|switch|p2a: Mamoswine|Mamoswine, L50, F|100/100
|switch|p1a: Pelipper|Pelipper, L50, M|100/100
|-weather|RainDance|[from] ability: Drizzle|[of] p1a: Pelipper
|move|p1b: Archaludon|Dragon Pulse|p2a: Mamoswine
|-damage|p2a: Mamoswine|45/100
|
|-weather|RainDance|[upkeep]
|upkeep
|turn|4
|inactive|spernerslemma has 30 seconds left.
|
|t:|1784032664
|move|p2a: Mamoswine|High Horsepower|p1b: Archaludon
|-supereffective|p1b: Archaludon|1
|-damage|p1b: Archaludon|46/100
|-ability|p1b: Archaludon|Stamina|boost
|-boost|p1b: Archaludon|def|1
|move|p2b: Venusaur|Earth Power|p1b: Archaludon
|-supereffective|p1b: Archaludon|1
|-damage|p1b: Archaludon|0 fnt
|faint|p1b: Archaludon
|-damage|p2b: Venusaur|90/100|[from] item: Life Orb
|move|p1a: Pelipper|Tailwind|p1a: Pelipper
|-sidestart|p1: spernerslemma|move: Tailwind
|
|-weather|RainDance|[upkeep]
|upkeep
|
|t:|1784032672
|switch|p1b: Venusaur|Venusaur-Mega, L50, M|70/100
|turn|5
|
|t:|1784032687
|move|p2b: Venusaur|Protect|p2b: Venusaur
|-singleturn|p2b: Venusaur|Protect
|move|p2a: Mamoswine|Ice Shard|p1b: Venusaur
|-supereffective|p1b: Venusaur|1
|-damage|p1b: Venusaur|57/100
|move|p1b: Venusaur|Sludge Bomb|p2b: Venusaur
|-activate|p2b: Venusaur|move: Protect
|move|p1a: Pelipper|Hurricane|p2b: Venusaur
|-activate|p2b: Venusaur|move: Protect
|
|-weather|RainDance|[upkeep]
|upkeep
|turn|6
|
|t:|1784032699
|switch|p2b: Charizard|Charizard-Mega-Y, L50, F|100/100
|-weather|SunnyDay|[from] ability: Drought|[of] p2b: Charizard
|move|p2a: Mamoswine|Ice Shard|p1b: Venusaur
|-supereffective|p1b: Venusaur|1
|-damage|p1b: Venusaur|44/100
|move|p1b: Venusaur|Giga Drain|p2a: Mamoswine
|-supereffective|p2a: Mamoswine|1
|-damage|p2a: Mamoswine|0 fnt
|-heal|p1b: Venusaur|67/100|[from] drain|[of] p2a: Mamoswine
|faint|p2a: Mamoswine
|move|p1a: Pelipper|Hurricane|p2b: Charizard
|-damage|p2b: Charizard|61/100
|
|-weather|SunnyDay|[upkeep]
|upkeep
|
|t:|1784032715
|switch|p2a: Venusaur|Venusaur, L50, M|90/100
|turn|7
|
|t:|1784032732
|move|p2a: Venusaur|Protect|p2a: Venusaur
|-singleturn|p2a: Venusaur|Protect
|move|p2b: Charizard|Protect|p2b: Charizard
|-singleturn|p2b: Charizard|Protect
|move|p1b: Venusaur|Sludge Bomb|p2b: Charizard
|-activate|p2b: Charizard|move: Protect
|move|p1a: Pelipper|Weather Ball|p2a: Venusaur
|-activate|p2a: Venusaur|move: Protect
|
|-weather|SunnyDay|[upkeep]
|-sideend|p1: spernerslemma|move: Tailwind
|upkeep
|turn|8
|
|t:|1784032749
|move|p1a: Pelipper|Protect|p1a: Pelipper
|-singleturn|p1a: Pelipper|Protect
|move|p2a: Venusaur|Sludge Bomb|p1a: Pelipper
|-activate|p1a: Pelipper|move: Protect
|move|p2b: Charizard|Weather Ball|p1a: Pelipper
|-activate|p1a: Pelipper|move: Protect
|move|p1b: Venusaur|Sludge Bomb|p2b: Charizard
|-damage|p2b: Charizard|23/100
|-status|p2b: Charizard|psn
|
|-weather|SunnyDay|[upkeep]
|-damage|p2b: Charizard|10/100 psn|[from] psn
|-sideend|p1: spernerslemma|Reflect
|upkeep
|turn|9
|
|t:|1784032767
|move|p1a: Pelipper|Protect||[still]
|-fail|p1a: Pelipper
|move|p2a: Venusaur|Sludge Bomb|p1a: Pelipper
|-damage|p1a: Pelipper|55/100
|-damage|p2a: Venusaur|80/100|[from] item: Life Orb
|move|p2b: Charizard|Weather Ball|p1a: Pelipper
|-resisted|p1a: Pelipper|1
|-crit|p1a: Pelipper
|-damage|p1a: Pelipper|0 fnt
|faint|p1a: Pelipper
|move|p1b: Venusaur|Sludge Bomb|p2a: Venusaur
|-damage|p2a: Venusaur|23/100
|
|-weather|SunnyDay|[upkeep]
|-damage|p2b: Charizard|0 fnt|[from] psn
|faint|p2b: Charizard
|-sideend|p1: spernerslemma|move: Light Screen
|upkeep
|
|t:|1784032772
|switch|p2b: Garchomp|Garchomp, L50, F|53/100
|turn|10
|
|t:|1784032789
|move|p1b: Venusaur|Protect|p1b: Venusaur
|-singleturn|p1b: Venusaur|Protect
|move|p2a: Venusaur|Sludge Bomb|p1b: Venusaur
|-activate|p1b: Venusaur|move: Protect
|move|p2b: Garchomp|Dragon Claw|p1b: Venusaur
|-activate|p1b: Venusaur|move: Protect
|
|-weather|none
|upkeep
|turn|11
|
|t:|1784032797
|move|p2b: Garchomp|Dragon Claw|p1b: Venusaur
|-crit|p1b: Venusaur
|-damage|p1b: Venusaur|8/100
|move|p2a: Venusaur|Sludge Bomb|p1b: Venusaur
|-damage|p1b: Venusaur|0 fnt
|faint|p1b: Venusaur
|-damage|p2a: Venusaur|14/100|[from] item: Life Orb
|
|win|Light0z
||Light0z is ready for game 3.
|inactive|spernerslemma has 30 seconds to confirm battle start!
|inactive|spernerslemma has 20 seconds to confirm battle start!
||spernerslemma is ready for game 3.
|uhtml|next|Next: Game 3 of 3
