|j|☆Hugh r
|j|☆Ly_likes_Ceruledge
|html|Hugh rLy_likes_Ceruledge    
|uhtml|bestof|Game 2 of a best-of-3
|t:|1784984500
|gametype|doubles
|player|p1|Hugh r|koga|
|player|p2|Ly_likes_Ceruledge|n|
|gen|9
|tier|[Gen 9 Champions] VGC 2026 Reg M-B (Bo3)
|rule|Species Clause: Limit one of each Pokémon
|rule|Item Clause: Limit 1 of each item
|clearpoke
|poke|p1|Sneasler, L50, M|
|poke|p1|Delphox, L50, F|
|poke|p1|Whimsicott, L50, M|
|poke|p1|Gardevoir, L50, M|
|poke|p1|Kleavor, L50, M|
|poke|p1|Jolteon, L50, M|
|poke|p2|Slowbro-Galar, L50, M|
|poke|p2|Aerodactyl, L50, M|
|poke|p2|Kingambit, L50, M|
|poke|p2|Garchomp, L50, F|
|poke|p2|Typhlosion-Hisui, L50, M|
|poke|p2|Tinkaton, L50, F|
|teampreview|4
|showteam|p1|Sneasler||WhiteHerb|Unburden|FakeOut,DireClaw,CloseCombat,Protect|Jolly||M|||50|]Delphox||Delphoxite|Blaze|WillOWisp,Psychic,HeatWave,Protect|Timid||F|||50|]Whimsicott||FocusSash|Prankster|Moonblast,Tailwind,Protect,Encore|Timid||M|||50|]Gardevoir||Gardevoirite|Trace|Moonblast,HyperBeam,AuraSphere,Protect|Timid||M|||50|]Kleavor||LifeOrb|SheerForce|RockSlide,Protect,NightSlash,CloseCombat|Adamant||M|||50|]Jolteon||ChoiceScarf|VoltAbsorb|VoltSwitch,Thunderbolt,Electroweb,Detect|Modest||M|||50|
|showteam|p2|Slowbro-Galar||ColburBerry|Regenerator|TrickRoom,Toxic,ShellSideArm,Protect|Relaxed||M|||50|]Aerodactyl||Aerodactylite|RockHead|Tailwind,DualWingbeat,RockSlide,Protect|Adamant||M|||50|]Kingambit||BlackGlasses|SupremeOverlord|IronHead,SuckerPunch,KowtowCleave,Protect|Adamant||M|||50|]Garchomp||LifeOrb|RoughSkin|DragonClaw,RockSlide,Earthquake,Protect|Jolly||F|||50|]Typhlosion-Hisui||ChoiceScarf|Blaze|Eruption,ShadowBall,HeatWave,Protect|Timid||M|||50|]Tinkaton||OccaBerry|MoldBreaker|HelpingHand,FakeOut,GigatonHammer,Protect|Jolly||F|||50|
|inactive|Battle timer is ON: inactive players will automatically lose when time's up. (requested by Hugh r)
|inactive|Ly_likes_Ceruledge has 60 seconds left.
|
|t:|1784984534
|teamsize|p1|4
|teamsize|p2|4
|start
|switch|p1a: Sneasler|Sneasler, L50, M|100/100
|switch|p1b: Whimsicott|Whimsicott, L50, M|100/100
|switch|p2a: Slowbro|Slowbro-Galar, L50, M|100/100
|switch|p2b: Aerodactyl|Aerodactyl, L50, M|100/100
|turn|1
|
|t:|1784984559
|detailschange|p2b: Aerodactyl|Aerodactyl-Mega, L50, M
|-mega|p2b: Aerodactyl|Aerodactyl|Aerodactylite
|move|p1a: Sneasler|Fake Out|p2b: Aerodactyl
|-resisted|p2b: Aerodactyl|1
|-damage|p2b: Aerodactyl|89/100
|cant|p2b: Aerodactyl|flinch
|move|p1b: Whimsicott|Moonblast|p2b: Aerodactyl
|-damage|p2b: Aerodactyl|49/100
|move|p2a: Slowbro|Trick Room|p2a: Slowbro
|-fieldstart|move: Trick Room|[of] p2a: Slowbro
|
|upkeep
|turn|2
|inactive|Hugh r has 30 seconds left.
|inactive|Ly_likes_Ceruledge has 30 seconds left.
|inactive|Ly_likes_Ceruledge has 20 seconds left.
|inactive|Ly_likes_Ceruledge has 15 seconds left.
|
|t:|1784984599
|switch|p1a: Kleavor|Kleavor, L50, M|100/100
|switch|p2b: Tinkaton|Tinkaton, L50, F|100/100
|-ability|p2b: Tinkaton|Mold Breaker
|move|p1b: Whimsicott|Encore|p2a: Slowbro
|-start|p2a: Slowbro|Encore
|move|p2a: Slowbro|Trick Room|p2a: Slowbro
|-fieldend|move: Trick Room
|
|upkeep
|turn|3
|inactive|Hugh r has 30 seconds left.
|inactive|Hugh r has 20 seconds left.
|
|t:|1784984639
|move|p2b: Tinkaton|Fake Out|p1a: Kleavor
|-resisted|p1a: Kleavor|1
|-damage|p1a: Kleavor|94/100
|move|p1b: Whimsicott|Tailwind|p1b: Whimsicott
|-sidestart|p1: Hugh r|move: Tailwind
|cant|p1a: Kleavor|flinch
|move|p2a: Slowbro|Trick Room|p2a: Slowbro
|-fieldstart|move: Trick Room|[of] p2a: Slowbro
|
|upkeep
|turn|4
|
|t:|1784984652
|switch|p2a: Aerodactyl|Aerodactyl-Mega, L50, M|49/100
|switch|p1a: Delphox|Delphox, L50, F|100/100
|move|p1b: Whimsicott|Encore|p2b: Tinkaton
|-start|p2b: Tinkaton|Encore
|move|p2b: Tinkaton|Fake Out||[still]
|-hint|Fake Out only works on your first turn out.
|-fail|p2b: Tinkaton
|
|upkeep
|turn|5
|inactive|Hugh r has 30 seconds left.
|
|t:|1784984679
|switch|p2b: Slowbro|Slowbro-Galar, L50, M|100/100
|switch|p1b: Kleavor|Kleavor, L50, M|94/100
|detailschange|p1a: Delphox|Delphox-Mega, L50, F
|-mega|p1a: Delphox|Delphox|Delphoxite
|move|p1a: Delphox|Protect|p1a: Delphox
|-singleturn|p1a: Delphox|Protect
|move|p2a: Aerodactyl|Rock Slide|p1a: Delphox|[spread] p1b
|-activate|p1a: Delphox|move: Protect
|-supereffective|p1b: Kleavor|1
|-damage|p1b: Kleavor|11/100
|
|upkeep
|turn|6
|
|t:|1784984698
|switch|p1a: Sneasler|Sneasler, L50, M|100/100
|move|p1b: Kleavor|Protect|p1b: Kleavor
|-singleturn|p1b: Kleavor|Protect
|move|p2b: Slowbro|Shell Side Arm|p1a: Sneasler|[anim] Shell Side Arm Physical
|-resisted|p1a: Sneasler|1
|-damage|p1a: Sneasler|75/100
|-hint|Physical Shell Side Arm
|move|p2a: Aerodactyl|Rock Slide|p1b: Kleavor|[spread] p1a
|-activate|p1b: Kleavor|move: Protect
|-resisted|p1a: Sneasler|1
|-damage|p1a: Sneasler|48/100
|
|-sideend|p1: Hugh r|move: Tailwind
|upkeep
|turn|7
|
|t:|1784984718
|move|p2a: Aerodactyl|Protect|p2a: Aerodactyl
|-singleturn|p2a: Aerodactyl|Protect
|move|p1a: Sneasler|Fake Out|p2b: Slowbro
|-damage|p2b: Slowbro|90/100
|cant|p2b: Slowbro|flinch
|move|p1b: Kleavor|Rock Slide|p2a: Aerodactyl|[spread] p2b
|-activate|p2a: Aerodactyl|move: Protect
|-damage|p2b: Slowbro|50/100g
|
|-fieldend|move: Trick Room
|upkeep
|turn|8
|
|t:|1784984739
|move|p1b: Kleavor|Protect|p1b: Kleavor
|-singleturn|p1b: Kleavor|Protect
|move|p2a: Aerodactyl|Rock Slide|p1b: Kleavor|[spread] p1a
|-activate|p1b: Kleavor|move: Protect
|-resisted|p1a: Sneasler|1
|-damage|p1a: Sneasler|19/100
|cant|p1a: Sneasler|flinch
|move|p2b: Slowbro|Shell Side Arm|p1a: Sneasler|[anim] Shell Side Arm Physical
|-resisted|p1a: Sneasler|1
|-damage|p1a: Sneasler|0 fnt
|-hint|Physical Shell Side Arm
|faint|p1a: Sneasler
|
|upkeep
|
|t:|1784984751
|switch|p1a: Whimsicott|Whimsicott, L50, M|100/100
|turn|9
|
|t:|1784984762
|move|p1a: Whimsicott|Tailwind|p1a: Whimsicott
|-sidestart|p1: Hugh r|move: Tailwind
|move|p1b: Kleavor|Night Slash|p2b: Slowbro
|-supereffective|p2b: Slowbro|1
|-enditem|p2b: Slowbro|Colbur Berry|[eat]
|-enditem|p2b: Slowbro|Colbur Berry|[weaken]
|-damage|p2b: Slowbro|29/100
|-damage|p1b: Kleavor|2/100|[from] item: Life Orb
|move|p2a: Aerodactyl|Rock Slide|p1a: Whimsicott|[spread] p1b
|-miss|p2a: Aerodactyl|p1a: Whimsicott
|-supereffective|p1b: Kleavor|1
|-damage|p1b: Kleavor|0 fnt
|faint|p1b: Kleavor
|move|p2b: Slowbro|Shell Side Arm|p1a: Whimsicott|[anim] Shell Side Arm Special
|-supereffective|p1a: Whimsicott|2
|-enditem|p1a: Whimsicott|Focus Sash
|-damage|p1a: Whimsicott|1/100
|-hint|Special Shell Side Arm
|
|upkeep
|
|t:|1784984769
|switch|p1b: Delphox|Delphox-Mega, L50, F|100/100
|turn|10
|inactive|Ly_likes_Ceruledge has 30 seconds left.
|inactive|Ly_likes_Ceruledge has 20 seconds left.
|
|t:|1784984809
|move|p1a: Whimsicott|Protect|p1a: Whimsicott
|-singleturn|p1a: Whimsicott|Protect
|move|p1b: Delphox|Psychic|p2b: Slowbro
|-damage|p2b: Slowbro|0 fnt
|faint|p2b: Slowbro
|move|p2a: Aerodactyl|Rock Slide|p1b: Delphox|[spread] p1b
|-activate|p1a: Whimsicott|move: Protect
|-supereffective|p1b: Delphox|1
|-damage|p1b: Delphox|0 fnt
|faint|p1b: Delphox
|
|upkeep
|
|t:|1784984819
|switch|p2b: Tinkaton|Tinkaton, L50, F|100/100
|-ability|p2b: Tinkaton|Mold Breaker
|turn|11
|-message|Hugh r forfeited.
|
|win|Ly_likes_Ceruledge
|l|☆Hugh r
|player|p1|
||Hugh r is ready for game 3.
||Ly_likes_Ceruledge is ready for game 3.
|uhtml|next|Next: Game 3 of 3
|j|☆Hugh r
|player|p1|Hugh r|koga|
