|j|☆satandagiii2005
|j|☆lanagram
|html|satandagiii2005lanagram    
|uhtml|bestof|Game 2 of a best-of-3
|t:|1783214697
|gametype|doubles
|player|p1|satandagiii2005|byron|1137
|player|p2|lanagram|2|1039
|gen|9
|tier|[Gen 9 Champions] VGC 2026 Reg M-B (Bo3)
|rated|
|rule|Species Clause: Limit one of each Pokémon
|rule|Item Clause: Limit 1 of each item
|clearpoke
|poke|p1|Venusaur, L50, M|
|poke|p1|Swampert, L50, F|
|poke|p1|Pelipper, L50, F|
|poke|p1|Archaludon, L50, M|
|poke|p1|Maushold, L50|
|poke|p1|Gholdengo, L50|
|poke|p2|Metagross, L50|
|poke|p2|Sinistcha, L50|
|poke|p2|Archaludon, L50, F|
|poke|p2|Sneasler, L50, F|
|poke|p2|Pelipper, L50, M|
|poke|p2|Dragonite, L50, M|
|teampreview|4
|showteam|p1|Venusaur||Venusaurite|Overgrow|SludgeBomb,EarthPower,GigaDrain,Protect|Modest||M|||50|]Swampert||Swampertite|Torrent|WaveCrash,Earthquake,IcePunch,Protect|Adamant||F|||50|]Pelipper||SitrusBerry|Drizzle|Hurricane,WeatherBall,Tailwind,WideGuard|Modest||F|||50|]Archaludon||Leftovers|Stamina|ElectroShot,DragonPulse,FlashCannon,Protect|Modest||M|||50|]Maushold||FocusSash|FriendGuard|FollowMe,SuperFang,RainDance,Protect|Jolly|||||50|]Gholdengo||LifeOrb|GoodasGold|MakeItRain,ShadowBall,PowerGem,Protect|Timid|||||50|
|showteam|p2|Metagross||Metagrossite|ClearBody|PsychicFangs,StompingTantrum,BulletPunch,Protect|Jolly|||||50|]Sinistcha||KasibBerry|Hospitality|MatchaGotcha,ShadowBall,RagePowder,TrickRoom|Calm|||||50|]Archaludon||Leftovers|Stamina|ElectroShot,FlashCannon,AuraSphere,Protect|Modest||F|||50|]Sneasler||WhiteHerb|Unburden|CloseCombat,PoisonJab,FakeOut,Coaching|Jolly||F|||50|]Pelipper||FocusSash|Drizzle|Hurricane,Tailwind,WeatherBall,Protect|Modest||M|||50|]Dragonite||Dragoninite|Multiscale|DracoMeteor,ExtremeSpeed,Hurricane,RainDance|Modest||M|||50|
|inactive|Battle timer is ON: inactive players will automatically lose when time's up. (requested by satandagiii2005)
|inactive|satandagiii2005 has 60 seconds left.
|inactive|lanagram has 60 seconds left.
|inactive|lanagram has 30 seconds left.
|
|t:|1783214779
|teamsize|p1|4
|teamsize|p2|4
|start
|switch|p1a: Maushold|Maushold, L50|100/100
|switch|p1b: Gholdengo|Gholdengo, L50|100/100
|switch|p2a: Pelipper|Pelipper, L50, M|100/100
|switch|p2b: Dragonite|Dragonite, L50, M|100/100
|-weather|RainDance|[from] ability: Drizzle|[of] p2a: Pelipper
|turn|1
|inactive|lanagram has 30 seconds left.
|
|t:|1783214806
|detailschange|p2b: Dragonite|Dragonite-Mega, L50, M
|-mega|p2b: Dragonite|Dragonite|Dragoninite
|move|p1a: Maushold|Super Fang|p2b: Dragonite|[miss]
|-miss|p1a: Maushold|p2b: Dragonite
|move|p1b: Gholdengo|Power Gem|p2b: Dragonite
|-supereffective|p2b: Dragonite|1
|-damage|p2b: Dragonite|69/100
|-damage|p1b: Gholdengo|90/100|[from] item: Life Orb
|move|p2b: Dragonite|Hurricane|p1a: Maushold
|-damage|p1a: Maushold|18/100
|move|p2a: Pelipper|Tailwind|p2a: Pelipper
|-sidestart|p2: lanagram|move: Tailwind
|
|-weather|RainDance|[upkeep]
|upkeep
|turn|2
|
|t:|1783214830
|switch|p2b: Sneasler|Sneasler, L50, F|100/100
|move|p1a: Maushold|Follow Me|p1a: Maushold
|-singleturn|p1a: Maushold|move: Follow Me
|move|p2a: Pelipper|Weather Ball|p1a: Maushold
|-damage|p1a: Maushold|0 fnt
|faint|p1a: Maushold
|move|p1b: Gholdengo|Power Gem|p2b: Sneasler
|-resisted|p2b: Sneasler|1
|-damage|p2b: Sneasler|75/100
|-damage|p1b: Gholdengo|81/100|[from] item: Life Orb
|
|-weather|RainDance|[upkeep]
|upkeep
|
|t:|1783214843
|switch|p1a: Swampert|Swampert, L50, F|100/100
|turn|3
|
|t:|1783214868
|detailschange|p1a: Swampert|Swampert-Mega, L50, F
|-mega|p1a: Swampert|Swampert|Swampertite
|move|p1a: Swampert|Protect|p1a: Swampert
|-singleturn|p1a: Swampert|Protect
|move|p1b: Gholdengo|Protect|p1b: Gholdengo
|-singleturn|p1b: Gholdengo|Protect
|move|p2b: Sneasler|Fake Out|p1a: Swampert
|-activate|p1a: Swampert|move: Protect
|move|p2a: Pelipper|Weather Ball|p1b: Gholdengo
|-activate|p1b: Gholdengo|move: Protect
|
|-weather|RainDance|[upkeep]
|upkeep
|turn|4
|
|t:|1783214884
|switch|p1b: Pelipper|Pelipper, L50, F|100/100
|move|p2b: Sneasler|Close Combat|p1a: Swampert
|-damage|p1a: Swampert|41/100
|-unboost|p2b: Sneasler|def|1
|-unboost|p2b: Sneasler|spd|1
|-enditem|p2b: Sneasler|White Herb
|-clearnegativeboost|p2b: Sneasler|[silent]
|move|p1a: Swampert|Earthquake|p2a: Pelipper|[spread] p2b
|-immune|p1b: Pelipper
|-immune|p2a: Pelipper
|-supereffective|p2b: Sneasler|1
|-damage|p2b: Sneasler|0 fnt
|faint|p2b: Sneasler
|move|p2a: Pelipper|Weather Ball|p1a: Swampert
|-damage|p1a: Swampert|0 fnt
|faint|p1a: Swampert
|
|-weather|RainDance|[upkeep]
|-sideend|p2: lanagram|move: Tailwind
|upkeep
|
|t:|1783214902
|switch|p2b: Archaludon|Archaludon, L50, F|100/100
|switch|p1a: Gholdengo|Gholdengo, L50|81/100
|turn|5
|inactive|satandagiii2005 has 30 seconds left.
|
|t:|1783214929
|move|p1a: Gholdengo|Shadow Ball|p2a: Pelipper
|-damage|p2a: Pelipper|7/100
|-damage|p1a: Gholdengo|71/100|[from] item: Life Orb
|move|p2a: Pelipper|Tailwind|p2a: Pelipper
|-sidestart|p2: lanagram|move: Tailwind
|move|p2b: Archaludon|Electro Shot||[still]
|-prepare|p2b: Archaludon|Electro Shot
|-boost|p2b: Archaludon|spa|1
|-anim|p2b: Archaludon|Electro Shot|p1b: Pelipper
|-supereffective|p1b: Pelipper|2
|-damage|p1b: Pelipper|0 fnt
|faint|p1b: Pelipper
|
|-weather|none
|upkeep
|turn|6
|
|t:|1783214950
|switch|p2a: Dragonite|Dragonite-Mega, L50, M|69/100
|move|p2b: Archaludon|Protect|p2b: Archaludon
|-singleturn|p2b: Archaludon|Protect
|move|p1a: Gholdengo|Shadow Ball|p2b: Archaludon
|-activate|p2b: Archaludon|move: Protect
|
|upkeep
|turn|7
|
|t:|1783214961
|move|p1a: Gholdengo|Protect|p1a: Gholdengo
|-singleturn|p1a: Gholdengo|Protect
|move|p2a: Dragonite|Rain Dance|p2a: Dragonite
|-weather|RainDance
|move|p2b: Archaludon|Electro Shot||[still]
|-prepare|p2b: Archaludon|Electro Shot
|-boost|p2b: Archaludon|spa|1
|-anim|p2b: Archaludon|Electro Shot|p1a: Gholdengo
|-activate|p1a: Gholdengo|move: Protect
|
|-weather|RainDance|[upkeep]
|upkeep
|turn|8
|
|t:|1783214974
|switch|p2a: Pelipper|Pelipper, L50, M|7/100
|move|p2b: Archaludon|Electro Shot||[still]
|-prepare|p2b: Archaludon|Electro Shot
|-boost|p2b: Archaludon|spa|1
|-anim|p2b: Archaludon|Electro Shot|p1a: Gholdengo
|-damage|p1a: Gholdengo|0 fnt
|faint|p1a: Gholdengo
|
|win|lanagram
||satandagiii2005 is ready for game 3.
|inactive|lanagram has 30 seconds to confirm battle start!
|inactive|lanagram has 20 seconds to confirm battle start!
|inactive|lanagram has 10 seconds to confirm battle start!
|uhtml|next|Next: Game 3 of 3
