|j|☆Daremodayo
|j|☆Navizz0
|html|DaremodayoNavizz0    
|uhtml|bestof|Game 3 of a best-of-3
|t:|1785838965
|gametype|doubles
|player|p1|Daremodayo|101|1226
|player|p2|Navizz0|ethan|1447
|gen|9
|tier|[Gen 9 Champions] VGC 2026 Reg M-B (Bo3)
|rated|
|rule|Species Clause: Limit one of each Pokémon
|rule|Item Clause: Limit 1 of each item
|clearpoke
|poke|p1|Froslass, L50, F, shiny|
|poke|p1|Scovillain, L50, F|
|poke|p1|Lycanroc-Dusk, L50, F, shiny|
|poke|p1|Kingambit, L50, F|
|poke|p1|Sneasler, L50, F|
|poke|p1|Basculegion, L50, M|
|poke|p2|Blaziken, L50, F|
|poke|p2|Ninetales-Alola, L50, M|
|poke|p2|Kingambit, L50, F|
|poke|p2|Basculegion, L50, M|
|poke|p2|Whimsicott, L50, M|
|poke|p2|Aerodactyl, L50, M|
|teampreview|4
|showteam|p1|Froslass||Froslassite|CursedBody|Blizzard,ShadowBall,AuroraVeil,Protect|Modest||F|||50|]Scovillain||Scovillainite|Moody|Overheat,GigaDrain,RagePowder,Protect|Bold||F|||50|]Lycanroc-Dusk||FocusSash|ToughClaws|RockSlide,CloseCombat,Accelerock,Protect|Adamant||F|||50|]Kingambit||BlackGlasses|Defiant|KowtowCleave,SuckerPunch,SwordsDance,Protect|Adamant||F|||50|]Sneasler||WhiteHerb|Unburden|FakeOut,CloseCombat,GunkShot,Protect|Adamant||F|||50|]Basculegion||SitrusBerry|Adaptability|WaveCrash,LastRespects,AquaJet,Protect|Adamant||M|||50|
|showteam|p2|Blaziken||Blazikenite|SpeedBoost|AuraSphere,HeatWave,ScorchingSands,Detect|Modest||F|||50|]Ninetales-Alola||LifeOrb|SnowWarning|Blizzard,FreezeDry,Moonblast,Protect|Timid||M|||50|]Kingambit||BlackGlasses|Defiant|SuckerPunch,IronHead,Protect,KowtowCleave|Adamant||F|||50|]Basculegion||ChoiceScarf|Adaptability|LastRespects,WaveCrash,AquaJet,FlipTurn|Jolly||M|||50|]Whimsicott||FocusSash|Prankster|Moonblast,Tailwind,Protect,WorrySeed|Timid||M|||50|]Aerodactyl||Aerodactylite|Unnerve|RockSlide,DualWingbeat,WideGuard,Taunt|Jolly||M|||50|
|inactive|Battle timer is ON: inactive players will automatically lose when time's up. (requested by Navizz0)
|inactive|Daremodayo has 60 seconds left.
|
|t:|1785838996
|teamsize|p1|4
|teamsize|p2|4
|start
|switch|p1a: Sneasler|Sneasler, L50, F|100/100
|switch|p1b: Basculegion|Basculegion, L50, M|100/100
|switch|p2a: Basculegion|Basculegion, L50, M|100/100
|switch|p2b: Kingambit|Kingambit, L50, F|100/100
|turn|1
|
|t:|1785839019
|switch|p1b: Scovillain|Scovillain, L50, F|100/100
|move|p1a: Sneasler|Protect|p1a: Sneasler
|-singleturn|p1a: Sneasler|Protect
|move|p2b: Kingambit|Sucker Punch||[still]
|-fail|p2b: Kingambit
|move|p2a: Basculegion|Wave Crash|p1a: Sneasler
|-activate|p1a: Sneasler|move: Protect
|
|-ability|p1b: Scovillain|Moody|boost
|-boost|p1b: Scovillain|spa|2
|-unboost|p1b: Scovillain|spd|1
|upkeep
|turn|2
|
|t:|1785839039
|switch|p2a: Blaziken|Blaziken, L50, F|100/100
|switch|p2b: Whimsicott|Whimsicott, L50, M|100/100
|detailschange|p1b: Scovillain|Scovillain-Mega, L50, F
|-mega|p1b: Scovillain|Scovillain|Scovillainite
|move|p1b: Scovillain|Rage Powder|p1b: Scovillain
|-singleturn|p1b: Scovillain|move: Rage Powder
|move|p1a: Sneasler|Close Combat|p2b: Whimsicott
|-resisted|p2b: Whimsicott|1
|-damage|p2b: Whimsicott|53/100
|-unboost|p1a: Sneasler|def|1
|-unboost|p1a: Sneasler|spd|1
|-enditem|p1a: Sneasler|White Herb
|-clearnegativeboost|p1a: Sneasler|[silent]
|
|upkeep
|turn|3
|inactive|Daremodayo has 30 seconds left.
|
|t:|1785839066
|detailschange|p2a: Blaziken|Blaziken-Mega, L50, F
|-mega|p2a: Blaziken|Blaziken|Blazikenite
|move|p2a: Blaziken|Detect|p2a: Blaziken
|-singleturn|p2a: Blaziken|Protect
|move|p1b: Scovillain|Rage Powder|p1b: Scovillain
|-singleturn|p1b: Scovillain|move: Rage Powder
|move|p2b: Whimsicott|Tailwind|p2b: Whimsicott
|-sidestart|p2: Navizz0|move: Tailwind
|move|p1a: Sneasler|Close Combat|p2a: Blaziken
|-activate|p2a: Blaziken|move: Protect
|
|-ability|p2a: Blaziken|Speed Boost|boost
|-boost|p2a: Blaziken|spe|1
|upkeep
|turn|4
|inactive|Daremodayo has 30 seconds left.
|
|t:|1785839095
|move|p2b: Whimsicott|Worry Seed|p1b: Scovillain
|-ability|p1b: Scovillain|Insomnia|Spicy Spray|[from] move: Worry Seed
|move|p2a: Blaziken|Heat Wave|p1a: Sneasler|[spread] p1a,p1b
|-damage|p1a: Sneasler|49/100
|-damage|p1b: Scovillain|34/100
|move|p1a: Sneasler|Gunk Shot|p2b: Whimsicott
|-supereffective|p2b: Whimsicott|2
|-damage|p2b: Whimsicott|0 fnt
|faint|p2b: Whimsicott
|move|p1b: Scovillain|Giga Drain|p2a: Blaziken
|-resisted|p2a: Blaziken|1
|-damage|p2a: Blaziken|53/100
|-heal|p1b: Scovillain|57/100|[from] drain|[of] p2a: Blaziken
|
|-ability|p2a: Blaziken|Speed Boost|boost
|-boost|p2a: Blaziken|spe|1
|upkeep
|
|t:|1785839110
|switch|p2b: Basculegion|Basculegion, L50, M|100/100
|turn|5
|
|t:|1785839124
|move|p1a: Sneasler|Protect|p1a: Sneasler
|-singleturn|p1a: Sneasler|Protect
|move|p1b: Scovillain|Rage Powder|p1b: Scovillain
|-singleturn|p1b: Scovillain|move: Rage Powder
|move|p2a: Blaziken|Heat Wave|p1b: Scovillain|[spread] p1b
|-activate|p1a: Sneasler|move: Protect
|-damage|p1b: Scovillain|0 fnt
|faint|p1b: Scovillain
|move|p2b: Basculegion|Flip Turn|p1a: Sneasler
|-activate|p1a: Sneasler|move: Protect
|
|-ability|p2a: Blaziken|Speed Boost|boost
|-boost|p2a: Blaziken|spe|1
|upkeep
|
|t:|1785839136
|switch|p1b: Basculegion|Basculegion, L50, M|100/100
|turn|6
|
|t:|1785839156
|switch|p2a: Kingambit|Kingambit, L50, F|100/100
|move|p2b: Basculegion|Flip Turn|p1a: Sneasler
|-damage|p1a: Sneasler|0 fnt
|faint|p1a: Sneasler
|
|t:|1785839160
|switch|p2b: Blaziken|Blaziken-Mega, L50, F|53/100|[from] Flip Turn
|move|p1b: Basculegion|Wave Crash|p2a: Kingambit
|-damage|p2a: Kingambit|26/100
|-damage|p1b: Basculegion|80/100|[from] Recoil
|
|-sideend|p2: Navizz0|move: Tailwind
|upkeep
|
|t:|1785839169
|switch|p1a: Kingambit|Kingambit, L50, F|100/100
|turn|7
|inactive|Daremodayo has 30 seconds left.
|inactive|Daremodayo has 20 seconds left.
|inactive|Daremodayo has 15 seconds left.
|inactive|Daremodayo has 10 seconds left.
|
|t:|1785839216
|move|p1b: Basculegion|Aqua Jet|p2b: Blaziken
|-supereffective|p2b: Blaziken|1
|-damage|p2b: Blaziken|0 fnt
|faint|p2b: Blaziken
|move|p2a: Kingambit|Kowtow Cleave|p1b: Basculegion
|-supereffective|p1b: Basculegion|1
|-damage|p1b: Basculegion|0 fnt
|faint|p1b: Basculegion
|move|p1a: Kingambit|Kowtow Cleave|p2a: Kingambit
|-resisted|p2a: Kingambit|1
|-damage|p2a: Kingambit|0 fnt
|faint|p2a: Kingambit
|
|upkeep
|
|t:|1785839219
|switch|p2b: Basculegion|Basculegion, L50, M|100/100
|turn|8
|
|t:|1785839229
|move|p1a: Kingambit|Protect|p1a: Kingambit
|-singleturn|p1a: Kingambit|Protect
|move|p2b: Basculegion|Wave Crash|p1a: Kingambit
|-activate|p1a: Kingambit|move: Protect
|
|upkeep
|turn|9
|
|t:|1785839236
|move|p1a: Kingambit|Sucker Punch|p2b: Basculegion
|-supereffective|p2b: Basculegion|1
|-damage|p2b: Basculegion|0 fnt
|faint|p2b: Basculegion
|
|win|Daremodayo
|raw|Daremodayo's rating: 1226 → 1265(+39 for winning)
|raw|Navizz0's rating: 1447 → 1416(-31 for losing)
|l|☆Navizz0
|player|p2|
