|j|☆TestingTeam00
|j|☆rudy4242
|html|TestingTeam00rudy4242    
|uhtml|bestof|Game 2 of a best-of-3
|t:|1784322113
|gametype|doubles
|player|p1|TestingTeam00|nate|1315
|player|p2|rudy4242|giovanni|1247
|gen|9
|tier|[Gen 9 Champions] VGC 2026 Reg M-B (Bo3)
|rated|
|rule|Species Clause: Limit one of each Pokémon
|rule|Item Clause: Limit 1 of each item
|clearpoke
|poke|p1|Staraptor, L50, M|
|poke|p1|Grimmsnarl, L50, M|
|poke|p1|Farigiraf, L50, F|
|poke|p1|Garchomp, L50, M|
|poke|p1|Aerodactyl, L50, M|
|poke|p1|Ceruledge, L50, M|
|poke|p2|Grimmsnarl, L50, M|
|poke|p2|Bellibolt, L50, M|
|poke|p2|Camerupt, L50, M|
|poke|p2|Primarina, L50, F|
|poke|p2|Farigiraf, L50, F|
|poke|p2|Abomasnow, L50, M|
|teampreview|4
|showteam|p1|Staraptor||Staraptite|Intimidate|BraveBird,CloseCombat,Roost,Protect|Jolly||M|||50|]Grimmsnarl||LightClay|Prankster|Reflect,LightScreen,PartingShot,SpiritBreak|Impish||M|||50|]Farigiraf||SitrusBerry|ArmorTail|Psychic,Thunderbolt,TrickRoom,Imprison|Calm||F|||50|]Garchomp||LifeOrb|RoughSkin|StompingTantrum,RockSlide,DragonClaw,Protect|Jolly||M|||50|]Aerodactyl||FocusSash|Unnerve|Tailwind,RockBlast,DualWingbeat,WideGuard|Jolly||M|||50|]Ceruledge||ColburBerry|FlashFire|ShadowSneak,BitterBlade,BulkUp,Protect|Adamant||M|||50|
|showteam|p2|Grimmsnarl||LightClay|Prankster|FakeOut,FoulPlay,Reflect,LightScreen|Careful||M|||50|]Bellibolt||SitrusBerry|Electromorphosis|Thunderbolt,ParabolicCharge,Soak,Protect|Quiet||M|||50|]Camerupt||Cameruptite|SolidRock|HeatWave,EarthPower,AncientPower,Protect|Quiet||M|||50|]Primarina||Leftovers|LiquidVoice|HyperVoice,Moonblast,CalmMind,Protect|Quiet||F|||50|]Farigiraf||ColburBerry|ArmorTail|TwinBeam,HelpingHand,AllySwitch,TrickRoom|Sassy||F|||50|]Abomasnow||Abomasite|SnowWarning|Blizzard,EnergyBall,EarthPower,AuroraVeil|Quiet||M|||50|
|inactive|Battle timer is ON: inactive players will automatically lose when time's up. (requested by TestingTeam00)
|inactive|TestingTeam00 has 60 seconds left.
|inactive|rudy4242 has 60 seconds left.
|
|t:|1784322167
|teamsize|p1|4
|teamsize|p2|4
|start
|switch|p1a: Grimmsnarl|Grimmsnarl, L50, M|100/100
|switch|p1b: Staraptor|Staraptor, L50, M|100/100
|switch|p2a: Primarina|Primarina, L50, F|100/100
|switch|p2b: Grimmsnarl|Grimmsnarl, L50, M|100/100
|-ability|p1b: Staraptor|Intimidate|boost
|-unboost|p2a: Primarina|atk|1
|-unboost|p2b: Grimmsnarl|atk|1
|turn|1
|
|t:|1784322178
|switch|p1b: Farigiraf|Farigiraf, L50, F|100/100
|move|p2b: Grimmsnarl|Reflect|p2b: Grimmsnarl
|-sidestart|p2: rudy4242|Reflect
|move|p1a: Grimmsnarl|Light Screen|p1a: Grimmsnarl
|-sidestart|p1: TestingTeam00|move: Light Screen
|move|p2a: Primarina|Moonblast|p1b: Farigiraf
|-damage|p1b: Farigiraf|74/100
|
|upkeep
|turn|2
|inactive|rudy4242 has 30 seconds left.
|
|t:|1784322203
|switch|p2b: Farigiraf|Farigiraf, L50, F|100/100
|switch|p2a: Mr. Frog|Bellibolt, L50, M|100/100
|move|p1b: Farigiraf|Thunderbolt|p2a: Mr. Frog
|-resisted|p2a: Mr. Frog|1
|-damage|p2a: Mr. Frog|90/100
|-start|p2a: Mr. Frog|Charge|Thunderbolt|[from] ability: Electromorphosis
|move|p1a: Grimmsnarl|Spirit Break|p2a: Mr. Frog
|-damage|p2a: Mr. Frog|72/100
|-unboost|p2a: Mr. Frog|spa|1
|-start|p2a: Mr. Frog|Charge|Spirit Break|[from] ability: Electromorphosis
|
|upkeep
|turn|3
|inactive|rudy4242 has 30 seconds left.
|
|t:|1784322238
|switch|p2b: Grimmsnarl|Grimmsnarl, L50, M|100/100
|move|p1a: Grimmsnarl|Parting Shot|p2a: Mr. Frog
|-unboost|p2a: Mr. Frog|atk|1
|-unboost|p2a: Mr. Frog|spa|1
|
|t:|1784322245
|switch|p1a: Garchomp|Garchomp, L50, M|100/100|[from] Parting Shot
|move|p1b: Farigiraf|Imprison|p1b: Farigiraf
|-start|p1b: Farigiraf|move: Imprison
|move|p2a: Mr. Frog|Soak|p1a: Garchomp
|-start|p1a: Garchomp|typechange|Water
|
|upkeep
|turn|4
|inactive|TestingTeam00 has 30 seconds left.
|inactive|rudy4242 has 30 seconds left.
|
|t:|1784322275
|switch|p1a: Grimmsnarl|Grimmsnarl, L50, M|100/100
|move|p1b: Farigiraf|Psychic|p2a: Mr. Frog
|-damage|p2a: Mr. Frog|45/100
|-start|p2a: Mr. Frog|Charge|Psychic|[from] ability: Electromorphosis
|-enditem|p2a: Mr. Frog|Sitrus Berry|[eat]
|-heal|p2a: Mr. Frog|70/100|[from] item: Sitrus Berry
|move|p2b: Grimmsnarl|Foul Play|p1b: Farigiraf
|-supereffective|p1b: Farigiraf|1
|-damage|p1b: Farigiraf|26/100
|-enditem|p1b: Farigiraf|Sitrus Berry|[eat]
|-heal|p1b: Farigiraf|51/100|[from] item: Sitrus Berry
|move|p2a: Mr. Frog|Parabolic Charge|p1b: Farigiraf|[spread] p2b,p1a,p1b
|-damage|p2b: Grimmsnarl|83/100
|-heal|p2a: Mr. Frog|78/100|[from] drain|[of] p2b: Grimmsnarl
|-damage|p1a: Grimmsnarl|87/100
|-heal|p2a: Mr. Frog|85/100|[from] drain|[of] p1a: Grimmsnarl
|-damage|p1b: Farigiraf|38/100
|-heal|p2a: Mr. Frog|92/100|[from] drain|[of] p1b: Farigiraf
|-end|p2a: Mr. Frog|Charge|[silent]
|
|upkeep
|turn|5
|inactive|TestingTeam00 has 30 seconds left.
|inactive|rudy4242 has 30 seconds left.
|
|t:|1784322307
|switch|p1b: Garchomp|Garchomp, L50, M|100/100
|switch|p2a: Primarina|Primarina, L50, F|100/100
|move|p1a: Grimmsnarl|Spirit Break|p2b: Grimmsnarl
|-supereffective|p2b: Grimmsnarl|1
|-damage|p2b: Grimmsnarl|37/100
|-unboost|p2b: Grimmsnarl|spa|1
|move|p2b: Grimmsnarl|Foul Play|p1b: Garchomp
|-damage|p1b: Garchomp|45/100
|-damage|p2b: Grimmsnarl|24/100|[from] ability: Rough Skin|[of] p1b: Garchomp
|
|upkeep
|turn|6
|inactive|TestingTeam00 has 30 seconds left.
|inactive|TestingTeam00 has 20 seconds left.
|
|t:|1784322343
|switch|p2b: Farigiraf|Farigiraf, L50, F|100/100
|move|p1b: Garchomp|Protect|p1b: Garchomp
|-singleturn|p1b: Garchomp|Protect
|move|p1a: Grimmsnarl|Spirit Break|p2a: Primarina
|-damage|p2a: Primarina|77/100
|-unboost|p2a: Primarina|spa|1
|move|p2a: Primarina|Calm Mind|p2a: Primarina
|-boost|p2a: Primarina|spa|1
|-boost|p2a: Primarina|spd|1
|
|-heal|p2a: Primarina|83/100|[from] item: Leftovers
|upkeep
|turn|7
|inactive|TestingTeam00 has 30 seconds left.
|
|t:|1784322377
|switch|p1b: Farigiraf|Farigiraf, L50, F|38/100
|move|p2a: Primarina|Protect|p2a: Primarina
|-singleturn|p2a: Primarina|Protect
|move|p1a: Grimmsnarl|Spirit Break|p2a: Primarina
|-activate|p2a: Primarina|move: Protect
|move|p2b: Farigiraf|Trick Room|p2b: Farigiraf
|-fieldstart|move: Trick Room|[of] p2b: Farigiraf
|
|-heal|p2a: Primarina|89/100|[from] item: Leftovers
|upkeep
|turn|8
|inactive|TestingTeam00 has 30 seconds left.
|inactive|rudy4242 has 30 seconds left.
|
|t:|1784322412
|move|p2b: Farigiraf|Helping Hand|p2a: Primarina
|-singleturn|p2a: Primarina|Helping Hand|[of] p2b: Farigiraf
|move|p2a: Primarina|Moonblast|p1a: Grimmsnarl
|-supereffective|p1a: Grimmsnarl|1
|-damage|p1a: Grimmsnarl|0 fnt
|faint|p1a: Grimmsnarl
|move|p1b: Farigiraf|Trick Room|p1b: Farigiraf
|-fieldend|move: Trick Room
|
|-heal|p2a: Primarina|95/100|[from] item: Leftovers
|-sideend|p2: rudy4242|Reflect
|-sideend|p1: TestingTeam00|move: Light Screen
|upkeep
|inactive|TestingTeam00 has 30 seconds left.
|
|t:|1784322438
|switch|p1a: Staraptor|Staraptor, L50, M|100/100
|-ability|p1a: Staraptor|Intimidate|boost
|-unboost|p2a: Primarina|atk|1
|-unboost|p2b: Farigiraf|atk|1
|turn|9
|inactive|TestingTeam00 has 30 seconds left.
|inactive|TestingTeam00 has 20 seconds left.
|
|t:|1784322475
|detailschange|p1a: Staraptor|Staraptor-Mega, L50, M
|-mega|p1a: Staraptor|Staraptor|Staraptite
|move|p2a: Primarina|Protect|p2a: Primarina
|-singleturn|p2a: Primarina|Protect
|move|p1a: Staraptor|Close Combat|p2b: Farigiraf
|-damage|p2b: Farigiraf|40/100
|-boost|p1a: Staraptor|def|1
|-boost|p1a: Staraptor|spd|1
|move|p1b: Farigiraf|Thunderbolt|p2b: Farigiraf
|-damage|p2b: Farigiraf|19/100
|move|p2b: Farigiraf|Twin Beam|p1a: Staraptor
|-supereffective|p1a: Staraptor|1
|-damage|p1a: Staraptor|76/100
|-supereffective|p1a: Staraptor|1
|-damage|p1a: Staraptor|53/100
|-hitcount|p1a: Staraptor|2
|
|-heal|p2a: Primarina|100/100|[from] item: Leftovers
|upkeep
|turn|10
|inactive|TestingTeam00 has 30 seconds left.
|inactive|rudy4242 has 30 seconds left.
|
|t:|1784322509
|move|p2b: Farigiraf|Ally Switch|p2b: Farigiraf
|swap|p2b: Farigiraf|0|[from] move: Ally Switch
|move|p1a: Staraptor|Close Combat|p2b: Primarina
|-resisted|p2b: Primarina|1
|-damage|p2b: Primarina|65/100
|-boost|p1a: Staraptor|def|1
|-boost|p1a: Staraptor|spd|1
|move|p1b: Farigiraf|Thunderbolt|p2a: Farigiraf
|-damage|p2a: Farigiraf|0 fnt
|faint|p2a: Farigiraf
|move|p2b: Primarina|Moonblast|p1a: Staraptor
|-supereffective|p1a: Staraptor|1
|-damage|p1a: Staraptor|0 fnt
|faint|p1a: Staraptor
|
|-heal|p2b: Primarina|71/100|[from] item: Leftovers
|upkeep
|
|t:|1784322525
|switch|p1a: Garchomp|Garchomp, L50, M|45/100
|switch|p2a: Grimmsnarl|Grimmsnarl, L50, M|24/100
|turn|11
|
|t:|1784322544
|move|p2b: Primarina|Protect|p2b: Primarina
|-singleturn|p2b: Primarina|Protect
|move|p2a: Grimmsnarl|Reflect|p2a: Grimmsnarl
|-sidestart|p2: rudy4242|Reflect
|move|p1a: Garchomp|Stomping Tantrum|p2b: Primarina
|-activate|p2b: Primarina|move: Protect
|move|p1b: Farigiraf|Thunderbolt|p2b: Primarina
|-activate|p2b: Primarina|move: Protect
|
|-heal|p2b: Primarina|77/100|[from] item: Leftovers
|upkeep
|turn|12
|-message|TestingTeam00 forfeited.
|
|win|rudy4242
|raw|TestingTeam00's rating: 1315 → 1291(-24 for losing)
|raw|rudy4242's rating: 1247 → 1277(+30 for winning)
|l|☆TestingTeam00
|player|p1|
|l|☆rudy4242
|player|p2|
|j|☆rudy4242
|player|p2|rudy4242|giovanni|
