|j|☆tang de maracuja
|j|☆Pokecraft15
|html|tang de maracujaPokecraft15    
|uhtml|bestof|Game 2 of a best-of-3
|t:|1785349000
|gametype|doubles
|player|p1|tang de maracuja|morty|1373
|player|p2|Pokecraft15|hilbert-wonderlauncher|1307
|gen|9
|tier|[Gen 9 Champions] VGC 2026 Reg M-B (Bo3)
|rated|
|rule|Species Clause: Limit one of each Pokémon
|rule|Item Clause: Limit 1 of each item
|clearpoke
|poke|p1|Froslass, L50, F|
|poke|p1|Basculegion, L50, M|
|poke|p1|Kingambit, L50, F|
|poke|p1|Sneasler, L50, F|
|poke|p1|Lycanroc-Dusk, L50, F|
|poke|p1|Scovillain, L50, F, shiny|
|poke|p2|Froslass, L50, F, shiny|
|poke|p2|Venusaur, L50, F, shiny|
|poke|p2|Milotic, L50, F, shiny|
|poke|p2|Aerodactyl, L50, F|
|poke|p2|Incineroar, L50, M|
|poke|p2|Sneasler, L50, F|
|teampreview|4
|showteam|p1|Froslass||Froslassite|CursedBody|Blizzard,ShadowBall,AuroraVeil,Protect|Timid||F|||50|]Basculegion||SitrusBerry|Adaptability|WaveCrash,LastRespects,AquaJet,Protect|Adamant||M|||50|]Kingambit||BlackGlasses|Defiant|KowtowCleave,SuckerPunch,SwordsDance,Protect|Adamant||F|||50|]Sneasler||WhiteHerb|Unburden|CloseCombat,GunkShot,Protect,FakeOut|Adamant||F|||50|]Lycanroc-Dusk||FocusSash|ToughClaws|CloseCombat,Accelerock,RockSlide,Protect|Adamant||F|||50|]Scovillain||Scovillainite|Moody|GigaDrain,Overheat,RagePowder,Protect|Bold||F|||50|
|showteam|p2|Froslass||Froslassite|SnowCloak|Blizzard,ShadowBall,AuroraVeil,Protect|Modest||F|||50|]Venusaur||Venusaurite|Chlorophyll|GigaDrain,SludgeBomb,EarthPower,Protect|Modest||F|||50|]Milotic||MysticWater|Competitive|MuddyWater,IceBeam,Coil,Protect|Modest||F|||50|]Aerodactyl||FocusSash|Unnerve|RockSlide,DualWingbeat,Tailwind,Protect|Jolly||F|||50|]Incineroar||ChopleBerry|Intimidate|FlareBlitz,DarkestLariat,PartingShot,FakeOut|Adamant||M|||50|]Sneasler||WhiteHerb|Unburden|CloseCombat,DireClaw,FakeOut,Protect|Adamant||F|||50|
|inactive|Battle timer is ON: inactive players will automatically lose when time's up. (requested by tang de maracuja)
|c|☆Pokecraft15|glhf
|
|t:|1785349025
|teamsize|p1|4
|teamsize|p2|4
|start
|switch|p1a: Scovillain|Scovillain, L50, F, shiny|100/100
|switch|p1b: Kingambit|Kingambit, L50, F|100/100
|switch|p2a: Catnap|Sneasler, L50, F|100/100
|switch|p2b: Bloom|Venusaur, L50, F, shiny|100/100
|turn|1
|
|t:|1785349044
|detailschange|p2b: Bloom|Venusaur-Mega, L50, F, shiny
|-mega|p2b: Bloom|Venusaur|Venusaurite
|detailschange|p1a: Scovillain|Scovillain-Mega, L50, F, shiny
|-mega|p1a: Scovillain|Scovillain|Scovillainite
|move|p2a: Catnap|Fake Out|p1b: Kingambit
|-resisted|p1b: Kingambit|1
|-damage|p1b: Kingambit|94/100
|move|p1a: Scovillain|Rage Powder|p1a: Scovillain
|-singleturn|p1a: Scovillain|move: Rage Powder
|move|p2b: Bloom|Sludge Bomb|p1a: Scovillain
|-supereffective|p1a: Scovillain|1
|-damage|p1a: Scovillain|4/100
|-status|p2b: Bloom|brn|[from] ability: Spicy Spray|[of] p1a: Scovillain
|cant|p1b: Kingambit|flinch
|
|-damage|p2b: Bloom|93/100 brn|[from] brn
|upkeep
|turn|2
|inactive|Pokecraft15 has 30 seconds left.
|
|t:|1785349071
|switch|p2a: John|Incineroar, L50, M|100/100
|-ability|p2a: John|Intimidate|boost
|-unboost|p1a: Scovillain|atk|1
|-unboost|p1b: Kingambit|atk|1
|-ability|p1b: Kingambit|Defiant|boost
|-boost|p1b: Kingambit|atk|2
|move|p1a: Scovillain|Protect|p1a: Scovillain
|-singleturn|p1a: Scovillain|Protect
|move|p2b: Bloom|Earth Power|p1a: Scovillain
|-activate|p1a: Scovillain|move: Protect
|move|p1b: Kingambit|Swords Dance|p1b: Kingambit
|-boost|p1b: Kingambit|atk|2
|
|-damage|p2b: Bloom|87/100 brn|[from] brn
|upkeep
|turn|3
|
|t:|1785349092
|move|p2a: John|Fake Out|p1b: Kingambit
|-resisted|p1b: Kingambit|1
|-damage|p1b: Kingambit|88/100
|cant|p1b: Kingambit|flinch
|move|p2b: Bloom|Giga Drain|p1a: Scovillain
|-resisted|p1a: Scovillain|2
|-damage|p1a: Scovillain|0 fnt
|-heal|p2b: Bloom|89/100 brn|[from] drain|[of] p1a: Scovillain
|faint|p1a: Scovillain
|
|-damage|p2b: Bloom|83/100 brn|[from] brn
|upkeep
|
|t:|1785349098
|switch|p1a: Lycanroc|Lycanroc-Dusk, L50, F|100/100
|turn|4
|
|t:|1785349107
|move|p2b: Bloom|Protect|p2b: Bloom
|-singleturn|p2b: Bloom|Protect
|move|p1a: Lycanroc|Rock Slide|p2b: Bloom|[spread] p2a
|-activate|p2b: Bloom|move: Protect
|-supereffective|p2a: John|1
|-damage|p2a: John|52/100
|move|p2a: John|Flare Blitz|p1b: Kingambit
|-supereffective|p1b: Kingambit|1
|-damage|p1b: Kingambit|0 fnt
|faint|p1b: Kingambit
|-damage|p2a: John|18/100|[from] Recoil
|
|-damage|p2b: Bloom|77/100 brn|[from] brn
|upkeep
|
|t:|1785349113
|switch|p1b: Sneasler|Sneasler, L50, F|100/100
|turn|5
|
|t:|1785349126
|switch|p2b: Catnap|Sneasler, L50, F|100/100
|move|p1a: Lycanroc|Rock Slide|p2b: Catnap|[spread] p2a,p2b
|-supereffective|p2a: John|1
|-resisted|p2b: Catnap|1
|-damage|p2a: John|0 fnt
|-damage|p2b: Catnap|76/100
|faint|p2a: John
|move|p1b: Sneasler|Gunk Shot|p2b: Catnap
|-resisted|p2b: Catnap|1
|-damage|p2b: Catnap|26/100
|
|upkeep
|
|t:|1785349139
|switch|p2a: Aerodactyl|Aerodactyl, L50, F|100/100
|-ability|p2a: Aerodactyl|Unnerve
|turn|6
|
|t:|1785349162
|move|p1b: Sneasler|Protect|p1b: Sneasler
|-singleturn|p1b: Sneasler|Protect
|move|p2b: Catnap|Fake Out|p1a: Lycanroc
|-resisted|p1a: Lycanroc|1
|-crit|p1a: Lycanroc
|-damage|p1a: Lycanroc|79/100
|move|p2a: Aerodactyl|Dual Wingbeat|p1b: Sneasler
|-activate|p1b: Sneasler|move: Protect
|cant|p1a: Lycanroc|flinch
|
|upkeep
|turn|7
|
|t:|1785349186
|move|p2b: Catnap|Protect|p2b: Catnap
|-singleturn|p2b: Catnap|Protect
|move|p2a: Aerodactyl|Dual Wingbeat|p1b: Sneasler
|-supereffective|p1b: Sneasler|1
|-damage|p1b: Sneasler|59/100
|-supereffective|p1b: Sneasler|1
|-damage|p1b: Sneasler|13/100
|-hitcount|p1b: Sneasler|2
|move|p1a: Lycanroc|Rock Slide|p2b: Catnap|[spread] p2a
|-activate|p2b: Catnap|move: Protect
|-supereffective|p2a: Aerodactyl|1
|-damage|p2a: Aerodactyl|12/100
|move|p1b: Sneasler|Close Combat|p2a: Aerodactyl
|-damage|p2a: Aerodactyl|0 fnt
|-unboost|p1b: Sneasler|def|1
|-unboost|p1b: Sneasler|spd|1
|faint|p2a: Aerodactyl
|-enditem|p1b: Sneasler|White Herb
|-clearnegativeboost|p1b: Sneasler|[silent]
|
|upkeep
|
|t:|1785349192
|switch|p2a: Bloom|Venusaur-Mega, L50, F, shiny|77/100 brn
|turn|8
|c|☆Pokecraft15|ggwp
|
|t:|1785349205
|move|p1b: Sneasler|Close Combat|p2b: Catnap
|-resisted|p2b: Catnap|1
|-damage|p2b: Catnap|0 fnt
|-unboost|p1b: Sneasler|def|1
|-unboost|p1b: Sneasler|spd|1
|faint|p2b: Catnap
|move|p1a: Lycanroc|Rock Slide|p2a: Bloom
|-damage|p2a: Bloom|46/100 brn
|move|p2a: Bloom|Giga Drain|p1a: Lycanroc
|-supereffective|p1a: Lycanroc|1
|-damage|p1a: Lycanroc|0 fnt
|-heal|p2a: Bloom|80/100 brn|[from] drain|[of] p1a: Lycanroc
|faint|p1a: Lycanroc
|
|-damage|p2a: Bloom|74/100 brn|[from] brn
|upkeep
|turn|9
|
|t:|1785349216
|move|p1b: Sneasler|Protect|p1b: Sneasler
|-singleturn|p1b: Sneasler|Protect
|move|p2a: Bloom|Earth Power|p1b: Sneasler
|-activate|p1b: Sneasler|move: Protect
|
|-damage|p2a: Bloom|68/100 brn|[from] brn
|upkeep
|turn|10
|
|t:|1785349221
|move|p1b: Sneasler|Gunk Shot|p2a: Bloom
|-damage|p2a: Bloom|25/100 brn
|move|p2a: Bloom|Earth Power|p1b: Sneasler
|-supereffective|p1b: Sneasler|1
|-damage|p1b: Sneasler|0 fnt
|faint|p1b: Sneasler
|
|win|Pokecraft15
