|j|☆wikit
|j|☆Po1510
|html|wikitPo1510    
|uhtml|bestof|Game 1 of a best-of-3
|t:|1786012949
|gametype|doubles
|player|p1|wikit|1|1376
|player|p2|Po1510|rosa-masters|1292
|gen|9
|tier|[Gen 9 Champions] VGC 2026 Reg M-B (Bo3)
|rated|
|rule|Species Clause: Limit one of each Pokémon
|rule|Item Clause: Limit 1 of each item
|clearpoke
|poke|p1|Venusaur, L50, M|
|poke|p1|Charizard, L50, M|
|poke|p1|Grimmsnarl, L50, M|
|poke|p1|Archaludon, L50, F|
|poke|p1|Basculegion, L50, M|
|poke|p1|Pelipper, L50, F|
|poke|p2|Staraptor, L50, M|
|poke|p2|Arcanine-Hisui, L50, M|
|poke|p2|Kingambit, L50, M|
|poke|p2|Raichu, L50, M|
|poke|p2|Farigiraf, L50, F|
|poke|p2|Sylveon, L50, F, shiny|
|teampreview|4
|showteam|p1|Venusaur||FocusSash|Chlorophyll|SludgeBomb,EarthPower,SleepPowder,Protect|Modest||M|||50|]Charizard||CharizarditeY|Blaze|Protect,HeatWave,SolarBeam,WeatherBall|Modest||M|||50|]Grimmsnarl||LightClay|Prankster|SpiritBreak,LightScreen,Reflect,PartingShot|Sassy||M|||50|]Archaludon||Leftovers|Stamina|ElectroShot,DragonPulse,FlashCannon,Protect|Calm||F|||50|]Basculegion||ChoiceScarf|Adaptability|WaveCrash,LastRespects,AquaJet,FlipTurn|Jolly||M|||50|]Pelipper||SitrusBerry|Drizzle|Hurricane,WeatherBall,Tailwind,WideGuard|Modest||F|||50|
|showteam|p2|Staraptor||Staraptite|Intimidate|DualWingbeat,CloseCombat,Tailwind,Protect|Jolly||M|||50|]Arcanine-Hisui||FocusSash|RockHead|FlareBlitz,HeadSmash,ExtremeSpeed,Protect|Jolly||M|||50|]Kingambit||LifeOrb|Defiant|KowtowCleave,SuckerPunch,SwordsDance,Protect|Adamant||M|||50|]Raichu||RaichuniteY|LightningRod|ZapCannon,FocusBlast,FakeOut,Protect|Timid||M|||50|]Farigiraf||SitrusBerry|ArmorTail|Psychic,HelpingHand,TrickRoom,Protect|Calm||F|||50|]Sylveon||FairyFeather|Pixilate|HyperVoice,HyperBeam,QuickAttack,Detect|Modest||F|||50|
|inactive|Battle timer is ON: inactive players will automatically lose when time's up. (requested by wikit)
|inactive|Po1510 also wants the timer to be on.
|inactive|wikit has 60 seconds left.
|inactive|Po1510 has 60 seconds left.
|inactive|Po1510 no longer wants the timer on, but the timer is staying on because wikit still does.
|
|t:|1786013005
|teamsize|p1|4
|teamsize|p2|4
|start
|switch|p1a: Grimmsnarl|Grimmsnarl, L50, M|100/100
|switch|p1b: Archaludon|Archaludon, L50, F|100/100
|switch|p2a: Staraptor|Staraptor, L50, M|100/100
|switch|p2b: Arcanine|Arcanine-Hisui, L50, M|100/100
|-ability|p2a: Staraptor|Intimidate|boost
|-unboost|p1a: Grimmsnarl|atk|1
|-unboost|p1b: Archaludon|atk|1
|turn|1
|inactive|Po1510 has 30 seconds left.
|
|t:|1786013038
|detailschange|p2a: Staraptor|Staraptor-Mega, L50, M
|-mega|p2a: Staraptor|Staraptor|Staraptite
|move|p1a: Grimmsnarl|Reflect|p1a: Grimmsnarl
|-sidestart|p1: wikit|Reflect
|move|p2a: Staraptor|Close Combat|p1b: Archaludon
|-supereffective|p1b: Archaludon|1
|-damage|p1b: Archaludon|47/100
|-boost|p2a: Staraptor|def|1
|-boost|p2a: Staraptor|spd|1
|-ability|p1b: Archaludon|Stamina|boost
|-boost|p1b: Archaludon|def|1
|move|p2b: Arcanine|Flare Blitz|p1b: Archaludon
|-damage|p1b: Archaludon|27/100
|-ability|p1b: Archaludon|Stamina|boost
|-boost|p1b: Archaludon|def|1
|move|p1b: Archaludon|Dragon Pulse|p2b: Arcanine
|-damage|p2b: Arcanine|54/100
|
|-heal|p1b: Archaludon|34/100|[from] item: Leftovers
|upkeep
|turn|2
|
|t:|1786013059
|switch|p2b: Kingambit|Kingambit, L50, M|100/100
|move|p1b: Archaludon|Protect|p1b: Archaludon
|-singleturn|p1b: Archaludon|Protect
|move|p1a: Grimmsnarl|Parting Shot|p2b: Kingambit
|-hint|Since gen 7, Dark is immune to Prankster moves.
|-immune|p2b: Kingambit
|move|p2a: Staraptor|Close Combat|p1b: Archaludon
|-activate|p1b: Archaludon|move: Protect
|
|-heal|p1b: Archaludon|40/100|[from] item: Leftovers
|upkeep
|turn|3
|
|t:|1786013077
|switch|p1a: Pelipper|Pelipper, L50, F|100/100
|-weather|RainDance|[from] ability: Drizzle|[of] p1a: Pelipper
|move|p2a: Staraptor|Close Combat|p1b: Archaludon
|-supereffective|p1b: Archaludon|1
|-damage|p1b: Archaludon|13/100
|-boost|p2a: Staraptor|def|1
|-boost|p2a: Staraptor|spd|1
|-ability|p1b: Archaludon|Stamina|boost
|-boost|p1b: Archaludon|def|1
|move|p1b: Archaludon|Electro Shot||[still]
|-prepare|p1b: Archaludon|Electro Shot
|-boost|p1b: Archaludon|spa|1
|-anim|p1b: Archaludon|Electro Shot|p2b: Kingambit
|-damage|p2b: Kingambit|50/100g
|move|p2b: Kingambit|Swords Dance|p2b: Kingambit
|-boost|p2b: Kingambit|atk|2
|
|-weather|RainDance|[upkeep]
|-heal|p1b: Archaludon|19/100|[from] item: Leftovers
|upkeep
|turn|4
|
|t:|1786013096
|move|p1b: Archaludon|Protect|p1b: Archaludon
|-singleturn|p1b: Archaludon|Protect
|move|p2a: Staraptor|Close Combat|p1b: Archaludon
|-activate|p1b: Archaludon|move: Protect
|move|p1a: Pelipper|Tailwind|p1a: Pelipper
|-sidestart|p1: wikit|move: Tailwind
|move|p2b: Kingambit|Kowtow Cleave|p1a: Pelipper
|-damage|p1a: Pelipper|11/100
|-enditem|p1a: Pelipper|Sitrus Berry|[eat]
|-heal|p1a: Pelipper|36/100|[from] item: Sitrus Berry
|-damage|p2b: Kingambit|41/100|[from] item: Life Orb
|
|-weather|RainDance|[upkeep]
|-heal|p1b: Archaludon|25/100|[from] item: Leftovers
|upkeep
|turn|5
|
|t:|1786013118
|move|p2b: Kingambit|Sucker Punch|p1a: Pelipper
|-damage|p1a: Pelipper|0 fnt
|faint|p1a: Pelipper
|-damage|p2b: Kingambit|31/100|[from] item: Life Orb
|move|p1b: Archaludon|Electro Shot||[still]
|-prepare|p1b: Archaludon|Electro Shot
|-boost|p1b: Archaludon|spa|1
|-anim|p1b: Archaludon|Electro Shot|p2b: Kingambit
|-damage|p2b: Kingambit|0 fnt
|faint|p2b: Kingambit
|move|p2a: Staraptor|Close Combat|p1b: Archaludon
|-supereffective|p1b: Archaludon|1
|-damage|p1b: Archaludon|1/100
|-boost|p2a: Staraptor|def|1
|-boost|p2a: Staraptor|spd|1
|-ability|p1b: Archaludon|Stamina|boost
|-boost|p1b: Archaludon|def|1
|
|-weather|RainDance|[upkeep]
|-heal|p1b: Archaludon|7/100|[from] item: Leftovers
|upkeep
|
|t:|1786013140
|switch|p1a: Basculegion|Basculegion, L50, M|100/100
|switch|p2b: Sylveon|Sylveon, L50, F, shiny|100/100
|turn|6
|inactive|Po1510 has 30 seconds left.
|
|t:|1786013169
|switch|p2b: Arcanine|Arcanine-Hisui, L50, M|54/100
|move|p2a: Staraptor|Protect|p2a: Staraptor
|-singleturn|p2a: Staraptor|Protect
|move|p1a: Basculegion|Wave Crash|p2b: Arcanine
|-supereffective|p2b: Arcanine|2
|-damage|p2b: Arcanine|0 fnt
|faint|p2b: Arcanine
|-damage|p1a: Basculegion|84/100|[from] Recoil
|move|p1b: Archaludon|Electro Shot||[still]
|-prepare|p1b: Archaludon|Electro Shot
|-boost|p1b: Archaludon|spa|1
|-anim|p1b: Archaludon|Electro Shot|p2a: Staraptor
|-activate|p2a: Staraptor|move: Protect
|
|-weather|RainDance|[upkeep]
|-heal|p1b: Archaludon|13/100|[from] item: Leftovers
|upkeep
|
|t:|1786013185
|switch|p2b: Sylveon|Sylveon, L50, F, shiny|100/100
|turn|7
|
|t:|1786013192
|move|p2b: Sylveon|Detect|p2b: Sylveon
|-singleturn|p2b: Sylveon|Protect
|move|p1a: Basculegion|Wave Crash|p2b: Sylveon
|-activate|p2b: Sylveon|move: Protect
|move|p1b: Archaludon|Electro Shot||[still]
|-prepare|p1b: Archaludon|Electro Shot
|-boost|p1b: Archaludon|spa|1
|-anim|p1b: Archaludon|Electro Shot|p2a: Staraptor
|-supereffective|p2a: Staraptor|1
|-damage|p2a: Staraptor|18/100
|move|p2a: Staraptor|Close Combat|p1b: Archaludon
|-supereffective|p1b: Archaludon|1
|-damage|p1b: Archaludon|0 fnt
|-boost|p2a: Staraptor|def|1
|-boost|p2a: Staraptor|spd|1
|faint|p1b: Archaludon
|
|-weather|none
|-sideend|p1: wikit|move: Tailwind
|upkeep
|
|t:|1786013195
|switch|p1b: Grimmsnarl|Grimmsnarl, L50, M|100/100
|turn|8
|
|t:|1786013223
|move|p1a: Basculegion|Wave Crash|p2b: Sylveon
|-damage|p2b: Sylveon|11/100
|-damage|p1a: Basculegion|57/100|[from] Recoil
|move|p2a: Staraptor|Dual Wingbeat|p1a: Basculegion
|-damage|p1a: Basculegion|44/100
|-damage|p1a: Basculegion|30/100
|-hitcount|p1a: Basculegion|2
|move|p2b: Sylveon|Hyper Voice|p1a: Basculegion|[spread] p1a,p1b
|-supereffective|p1b: Grimmsnarl|1
|-damage|p1a: Basculegion|0 fnt
|-damage|p1b: Grimmsnarl|24/100
|faint|p1a: Basculegion
|move|p1b: Grimmsnarl|Spirit Break|p2a: Staraptor
|-supereffective|p2a: Staraptor|1
|-damage|p2a: Staraptor|0 fnt
|faint|p2a: Staraptor
|
|-sideend|p1: wikit|Reflect
|upkeep
|turn|9
|
|t:|1786013234
|move|p2b: Sylveon|Hyper Voice|p1b: Grimmsnarl
|-supereffective|p1b: Grimmsnarl|1
|-damage|p1b: Grimmsnarl|0 fnt
|faint|p1b: Grimmsnarl
|
|win|Po1510
