|j|☆cynthia's grippers
|j|☆p4golo
|html|cynthia's grippersp4golo    
|uhtml|bestof|Game 2 of a best-of-3
|t:|1756479239
|gametype|doubles
|player|p1|cynthia's grippers|cynthia-gen4|1178
|player|p2|p4golo|1|1109
|gen|9
|tier|[Gen 9] VGC 2025 Reg H (Bo3)
|rated|
|rule|Species Clause: Limit one of each Pokémon
|rule|Item Clause: Limit 1 of each item
|clearpoke
|poke|p1|Rillaboom, L50, M|
|poke|p1|Magmar, L50, F|
|poke|p1|Kingambit, L50, M|
|poke|p1|Ninetales-Alola, L50, F|
|poke|p1|Basculegion, L50, M|
|poke|p1|Sneasler, L50, F|
|poke|p2|Dragonite, L50, F|
|poke|p2|Ursaluna-Bloodmoon, L50, M|
|poke|p2|Annihilape, L50, M|
|poke|p2|Volcarona, L50, F|
|poke|p2|Rillaboom, L50, F|
|poke|p2|Incineroar, L50, M|
|teampreview|4
|showteam|p1|Rillaboom||AssaultVest|GrassySurge|DrumBeating,GrassyGlide,FakeOut,Uturn|||M|||50|,,,,,Ghost]Magmar||Eviolite|VitalSpirit|Overheat,FollowMe,Taunt,Protect|||F|||50|,,,,,Ghost]Kingambit||BlackGlasses|Defiant|KowtowCleave,SuckerPunch,SwordsDance,Protect|||M|||50|,,,,,Fire]Ninetales-Alola||LifeOrb|SnowWarning|Blizzard,FreezeDry,Encore,Protect|||F|||50|,,,,,Ghost]Basculegion||ChoiceScarf|Adaptability|WaveCrash,LastRespects,FlipTurn,TeraBlast|||M|||50|,,,,,Fighting]Sneasler||FocusSash|PoisonTouch|CloseCombat,DireClaw,FakeOut,Protect|||F|||50|,,,,,Ghost
|showteam|p2|Dragonite||LoadedDice|Multiscale|Protect,ScaleShot,Tailwind,Haze|||F|||50|,,,,,Steel]Ursaluna-Bloodmoon||FocusSash|MindsEye|Protect,BloodMoon,EarthPower,HyperVoice|||M|||50|,,,,,Normal]Annihilape||LumBerry|Defiant|Coaching,RageFist,CloseCombat,Taunt|||M|||50|,,,,,Fire]Volcarona||CovertCloak|FlameBody|Protect,QuiverDance,HeatWave,TeraBlast|||F|||50|,,,,,Fairy]Rillaboom||AssaultVest|GrassySurge|FakeOut,WoodHammer,GrassyGlide,HighHorsepower|||F|||50|,,,,,Fire]Incineroar||SafetyGoggles|Intimidate|FakeOut,PartingShot,FlareBlitz,KnockOff|||M|||50|,,,,,Ghost
|
|t:|1756479270
|teamsize|p1|4
|teamsize|p2|4
|start
|switch|p1a: Kingambit|Kingambit, L50, M|100/100
|switch|p1b: Basculegion|Basculegion, L50, M|100/100
|switch|p2a: Ursaluna|Ursaluna-Bloodmoon, L50, M|100/100
|switch|p2b: Annihilape|Annihilape, L50, M, shiny|100/100
|turn|1
|inactive|Battle timer is ON: inactive players will automatically lose when time's up. (requested by p4golo)
|
|t:|1756479302
|switch|p2a: Rillaboom|Rillaboom, L50, F, shiny|100/100
|-fieldstart|move: Grassy Terrain|[from] ability: Grassy Surge|[of] p2a: Rillaboom
|-terastallize|p1a: Kingambit|Fire
|move|p1b: Basculegion|Flip Turn|p2b: Annihilape
|-damage|p2b: Annihilape|58/100
|
|t:|1756479312
|switch|p1b: Ninetales|Ninetales-Alola, L50, F|100/100|[from] Flip Turn
|-weather|Snowscape|[from] ability: Snow Warning|[of] p1b: Ninetales
|move|p2b: Annihilape|Close Combat|p1a: Kingambit
|-damage|p1a: Kingambit|62/100
|-unboost|p2b: Annihilape|def|1
|-unboost|p2b: Annihilape|spd|1
|move|p1a: Kingambit|Swords Dance|p1a: Kingambit
|-boost|p1a: Kingambit|atk|2
|
|-weather|Snowscape|[upkeep]
|-heal|p2b: Annihilape|64/100|[from] Grassy Terrain
|-heal|p1a: Kingambit|68/100|[from] Grassy Terrain
|upkeep
|turn|2
|
|t:|1756479336
|switch|p2a: Volcarona|Volcarona, L50, F, shiny|100/100
|move|p1a: Kingambit|Sucker Punch|p2b: Annihilape
|-damage|p2b: Annihilape|0 fnt
|faint|p2b: Annihilape
|move|p1b: Ninetales|Blizzard|p2a: Volcarona
|-resisted|p2a: Volcarona
|-damage|p2a: Volcarona|72/100
|-damage|p1b: Ninetales|91/100|[from] item: Life Orb
|
|-weather|Snowscape|[upkeep]
|-heal|p1b: Ninetales|97/100|[from] Grassy Terrain
|-heal|p2a: Volcarona|78/100|[from] Grassy Terrain
|-heal|p1a: Kingambit|74/100|[from] Grassy Terrain
|upkeep
|
|t:|1756479355
|switch|p2b: Rillaboom|Rillaboom, L50, F, shiny|100/100
|turn|3
|
|t:|1756479362
|move|p2b: Rillaboom|Fake Out|p1a: Kingambit
|-damage|p1a: Kingambit|64/100
|move|p1b: Ninetales|Blizzard|p2a: Volcarona|[spread] p2a,p2b
|-resisted|p2a: Volcarona
|-supereffective|p2b: Rillaboom
|-damage|p2a: Volcarona|59/100
|-damage|p2b: Rillaboom|46/100
|-damage|p1b: Ninetales|88/100|[from] item: Life Orb
|move|p2a: Volcarona|Quiver Dance|p2a: Volcarona
|-boost|p2a: Volcarona|spa|1
|-boost|p2a: Volcarona|spd|1
|-boost|p2a: Volcarona|spe|1
|cant|p1a: Kingambit|flinch
|
|-weather|Snowscape|[upkeep]
|-heal|p2a: Volcarona|65/100|[from] Grassy Terrain
|-heal|p1b: Ninetales|94/100|[from] Grassy Terrain
|-heal|p2b: Rillaboom|52/100|[from] Grassy Terrain
|-heal|p1a: Kingambit|70/100|[from] Grassy Terrain
|upkeep
|turn|4
|inactive|p4golo has 30 seconds left.
|inactive|cynthia's grippers has 30 seconds left.
|
|t:|1756479405
|-terastallize|p2a: Volcarona|Fairy
|move|p1a: Kingambit|Sucker Punch|p2b: Rillaboom
|-damage|p2b: Rillaboom|0 fnt
|faint|p2b: Rillaboom
|move|p2a: Volcarona|Heat Wave|p1a: Kingambit|[spread] p1a,p1b
|-resisted|p1a: Kingambit
|-supereffective|p1b: Ninetales
|-damage|p1a: Kingambit|46/100
|-damage|p1b: Ninetales|0 fnt
|faint|p1b: Ninetales
|
|-weather|Snowscape|[upkeep]
|-heal|p2a: Volcarona|71/100|[from] Grassy Terrain
|-heal|p1a: Kingambit|52/100|[from] Grassy Terrain
|upkeep
|
|t:|1756479419
|switch|p1b: Sneasler|Sneasler, L50, F|100/100
|switch|p2b: Ursaluna|Ursaluna-Bloodmoon, L50, M|100/100
|turn|5
|
|t:|1756479447
|move|p2a: Volcarona|Protect|p2a: Volcarona
|-singleturn|p2a: Volcarona|Protect
|move|p1a: Kingambit|Sucker Punch|p2b: Ursaluna
|-damage|p2b: Ursaluna|22/100
|move|p1b: Sneasler|Dire Claw|p2a: Volcarona
|-activate|p2a: Volcarona|move: Protect
|move|p2b: Ursaluna|Hyper Voice|p1a: Kingambit|[spread] p1a,p1b
|-damage|p1a: Kingambit|15/100
|-damage|p1b: Sneasler|48/100
|
|-weather|none
|-heal|p2a: Volcarona|77/100|[from] Grassy Terrain
|-heal|p1b: Sneasler|53/100|[from] Grassy Terrain
|-heal|p2b: Ursaluna|28/100|[from] Grassy Terrain
|-heal|p1a: Kingambit|21/100|[from] Grassy Terrain
|-fieldend|move: Grassy Terrain
|upkeep
|turn|6
|
|t:|1756479470
|move|p1b: Sneasler|Protect|p1b: Sneasler
|-singleturn|p1b: Sneasler|Protect
|move|p2b: Ursaluna|Protect|p2b: Ursaluna
|-singleturn|p2b: Ursaluna|Protect
|move|p1a: Kingambit|Sucker Punch||[still]
|-fail|p1a: Kingambit
|move|p2a: Volcarona|Heat Wave|p1b: Sneasler|[spread] p1a
|-activate|p1b: Sneasler|move: Protect
|-resisted|p1a: Kingambit
|-crit|p1a: Kingambit
|-damage|p1a: Kingambit|0 fnt
|faint|p1a: Kingambit
|
|upkeep
|
|t:|1756479473
|switch|p1a: Basculegion|Basculegion, L50, M|100/100
|turn|7
|
|t:|1756479489
|move|p2a: Volcarona|Protect|p2a: Volcarona
|-singleturn|p2a: Volcarona|Protect
|move|p1a: Basculegion|Wave Crash|p2b: Ursaluna
|-supereffective|p2b: Ursaluna
|-damage|p2b: Ursaluna|0 fnt
|faint|p2b: Ursaluna
|-damage|p1a: Basculegion|92/100|[from] Recoil
|move|p1b: Sneasler|Dire Claw|p2a: Volcarona
|-activate|p2a: Volcarona|move: Protect
|
|upkeep
|turn|8
|
|t:|1756479500
|move|p2a: Volcarona|Heat Wave|p1a: Basculegion|[spread] p1a,p1b
|-resisted|p1a: Basculegion
|-damage|p1a: Basculegion|63/100
|-damage|p1b: Sneasler|0 fnt
|faint|p1b: Sneasler
|move|p1a: Basculegion|Wave Crash|p2a: Volcarona
|-damage|p2a: Volcarona|0 fnt
|faint|p2a: Volcarona
|-damage|p1a: Basculegion|40/100|[from] Recoil
|
|win|cynthia's grippers
|raw|cynthia's grippers's rating: 1178 → 1198(+20 for winning)
|raw|p4golo's rating: 1109 → 1089(-20 for losing)
