|j|☆erikafan3
|j|☆uglybeast
|html|erikafan3uglybeast    
|uhtml|bestof|Game 1 of a best-of-3
|t:|1756911298
|gametype|doubles
|player|p1|erikafan3|erika|1390
|player|p2|uglybeast|lucas|1330
|gen|9
|tier|[Gen 9] VGC 2025 Reg H (Bo3)
|rated|
|rule|Species Clause: Limit one of each Pokémon
|rule|Item Clause: Limit 1 of each item
|clearpoke
|poke|p1|Murkrow, L50, F|
|poke|p1|Baxcalibur, L50, F|
|poke|p1|Ursaluna-Bloodmoon, L50, M|
|poke|p1|Sneasler, L50, M|
|poke|p1|Indeedee, L50, M|
|poke|p1|Salamence, L50, F|
|poke|p2|Murkrow, L50, F|
|poke|p2|Ursaluna-Bloodmoon, L50, M|
|poke|p2|Sneasler, L50, M|
|poke|p2|Dragapult, L50, F|
|poke|p2|Armarouge, L50, F|
|poke|p2|Indeedee-F, L50, F|
|teampreview|4
|showteam|p1|Murkrow||Eviolite|Prankster|Haze,Tailwind,FoulPlay,SunnyDay|||F|||50|,,,,,Ground]Baxcalibur||LoadedDice|ThermalExchange|IcicleSpear,IceShard,Protect,Earthquake|||F|||50|,,,,,Ground]Ursaluna-Bloodmoon||LifeOrb|MindsEye|HyperVoice,EarthPower,BloodMoon,Protect|||M|||50|,,,,,Normal]Sneasler||PsychicSeed|Unburden|ThroatChop,CloseCombat,DireClaw,Protect|||M|||50|,,,,,Dark]Indeedee||FocusSash|PsychicSurge|ExpandingForce,TrickRoom,Protect,HelpingHand|||M|||50|,,,,,Psychic]Salamence||RockyHelmet|Intimidate|AirSlash,Tailwind,DracoMeteor,Hurricane|||F|||50|,,,,,Fire
|showteam|p2|Murkrow||Eviolite|Prankster|Haze,SunnyDay,Tailwind,BraveBird|||F|||50|,,,,,Ghost]Ursaluna-Bloodmoon||LifeOrb|MindsEye|BloodMoon,HyperVoice,Protect,EarthPower|||M|||50|,,,,,Normal]Sneasler||PsychicSeed|Unburden|ThroatChop,DireClaw,CloseCombat,Protect|||M|||50|,,,,,Dark]Dragapult||ChoiceBand|ClearBody|DragonDarts,Outrage,Uturn,PhantomForce|||F|||50|,,,,,Dragon]Armarouge||PowerHerb|FlashFire|HeatWave,MeteorBeam,ExpandingForce,Protect|||F|||50|,,,,,Grass]Indeedee-F||RockyHelmet|PsychicSurge|DazzlingGleam,FollowMe,HelpingHand,TrickRoom|||F|||50|,,,,,Grass
|inactive|Battle timer is ON: inactive players will automatically lose when time's up. (requested by erikafan3)
|inactive|uglybeast has 60 seconds left.
|
|t:|1756911399
|teamsize|p1|4
|teamsize|p2|4
|start
|switch|p1a: Karen|Murkrow, L50, F|100/100
|switch|p1b: Mordred|Baxcalibur, L50, F|100/100
|switch|p2a: Anagnoman|Sneasler, L50, M|100/100
|switch|p2b: Blade|Indeedee-F, L50, F|100/100
|-fieldstart|move: Psychic Terrain|[from] ability: Psychic Surge|[of] p2b: Blade
|-enditem|p2a: Anagnoman|Psychic Seed
|-boost|p2a: Anagnoman|spd|1|[from] item: Psychic Seed
|turn|1
|inactive|erikafan3 has 30 seconds left.
|inactive|uglybeast has 30 seconds left.
|inactive|erikafan3 has 20 seconds left.
|inactive|uglybeast has 20 seconds left.
|
|t:|1756911438
|-terastallize|p1b: Mordred|Ground
|move|p2b: Blade|Follow Me|p2b: Blade
|-singleturn|p2b: Blade|move: Follow Me
|move|p1a: Karen|Tailwind|p1a: Karen
|-sidestart|p1: erikafan3|move: Tailwind
|move|p2a: Anagnoman|Close Combat|p1b: Mordred
|-damage|p1b: Mordred|31/100
|-unboost|p2a: Anagnoman|def|1
|-unboost|p2a: Anagnoman|spd|1
|move|p1b: Mordred|Earthquake|p2a: Anagnoman|[spread] p2a,p2b
|-immune|p1a: Karen
|-supereffective|p2a: Anagnoman
|-damage|p2a: Anagnoman|0 fnt
|-damage|p2b: Blade|51/100
|faint|p2a: Anagnoman
|
|upkeep
|
|t:|1756911458
|switch|p2a: Giandam|Armarouge, L50, F|100/100
|turn|2
|inactive|erikafan3 has 30 seconds left.
|inactive|uglybeast has 30 seconds left.
|
|t:|1756911492
|-terastallize|p2a: Giandam|Grass
|move|p2b: Blade|Follow Me|p2b: Blade
|-singleturn|p2b: Blade|move: Follow Me
|move|p1b: Mordred|Earthquake|p2b: Blade|[spread] p2a,p2b
|-immune|p1a: Karen
|-resisted|p2a: Giandam
|-damage|p2a: Giandam|75/100
|-damage|p2b: Blade|4/100
|move|p1a: Karen|Foul Play|p2b: Blade
|-supereffective|p2b: Blade
|-damage|p2b: Blade|0 fnt
|-damage|p1a: Karen|84/100|[from] item: Rocky Helmet|[of] p2b: Blade
|faint|p2b: Blade
|move|p2a: Giandam|Heat Wave|p1b: Mordred|[spread] p1a,p1b
|-damage|p1a: Karen|42/100
|-damage|p1b: Mordred|0 fnt
|faint|p1b: Mordred
|
|upkeep
|inactive|erikafan3 has 30 seconds left.
|
|t:|1756911518
|switch|p1b: Zura|Indeedee, L50, M|100/100
|switch|p2b: Kwstas|Murkrow, L50, F|100/100
|turn|3
|
|t:|1756911541
|move|p2a: Giandam|Protect|p2a: Giandam
|-singleturn|p2a: Giandam|Protect
|move|p1b: Zura|Expanding Force|p2a: Giandam|[spread] 
|-activate|p2a: Giandam|move: Protect
|-immune|p2b: Kwstas
|move|p1a: Karen|Foul Play|p2a: Giandam
|-activate|p2a: Giandam|move: Protect
|move|p2b: Kwstas|Brave Bird|p1b: Zura
|-damage|p1b: Zura|12/100
|-damage|p2b: Kwstas|75/100|[from] Recoil
|
|upkeep
|turn|4
|inactive|uglybeast has 30 seconds left.
|
|t:|1756911567
|move|p2b: Kwstas|Tailwind|p2b: Kwstas
|-sidestart|p2: uglybeast|move: Tailwind
|move|p1b: Zura|Expanding Force|p2b: Kwstas|[spread] p2a
|-immune|p2b: Kwstas
|-damage|p2a: Giandam|0 fnt
|faint|p2a: Giandam
|move|p1a: Karen|Foul Play|p2b: Kwstas
|-resisted|p2b: Kwstas
|-damage|p2b: Kwstas|57/100
|
|-sideend|p1: erikafan3|move: Tailwind
|upkeep
|turn|5
|
|t:|1756911588
|move|p1a: Karen|Tailwind|p1a: Karen
|-sidestart|p1: erikafan3|move: Tailwind
|move|p1b: Zura|Expanding Force|p2b: Kwstas
|-immune|p2b: Kwstas
|move|p2b: Kwstas|Brave Bird|p1b: Zura
|-damage|p1b: Zura|0 fnt
|faint|p1b: Zura
|-damage|p2b: Kwstas|54/100|[from] Recoil
|
|-fieldend|move: Psychic Terrain
|upkeep
|
|t:|1756911598
|switch|p1b: Sneasler|Sneasler, L50, M|100/100
|turn|6
|
|t:|1756911610
|move|p1b: Sneasler|Close Combat|p2b: Kwstas
|-damage|p2b: Kwstas|0 fnt
|-unboost|p1b: Sneasler|def|1
|-unboost|p1b: Sneasler|spd|1
|faint|p2b: Kwstas
|
|win|erikafan3
||uglybeast is ready for game 2.
||erikafan3 is ready for game 2.
|uhtml|next|Next: Game 2 of 3
