|j|☆cagosullapizza
|j|☆Surwiival
|html|cagosullapizzaSurwiival    
|uhtml|bestof|Game 1 of a best-of-3
|t:|1756385357
|gametype|doubles
|player|p1|cagosullapizza|101|1136
|player|p2|Surwiival|169|1112
|gen|9
|tier|[Gen 9] VGC 2025 Reg H (Bo3)
|rated|
|rule|Species Clause: Limit one of each Pokémon
|rule|Item Clause: Limit 1 of each item
|clearpoke
|poke|p1|Espeon, L50, M|
|poke|p1|Indeedee-F, L50, F|
|poke|p1|Conkeldurr, L50, M|
|poke|p1|Porygon2, L50|
|poke|p1|Magnezone, L50|
|poke|p1|Ursaluna-Bloodmoon, L50, M|
|poke|p2|Incineroar, L50, M|
|poke|p2|Sneasler, L50, M|
|poke|p2|Kingambit, L50, M|
|poke|p2|Electabuzz, L50, M|
|poke|p2|Baxcalibur, L50, M|
|poke|p2|Primarina, L50, M|
|teampreview|4
|showteam|p1|Espeon||FocusSash|MagicBounce|PowerGem,ExpandingForce,GrassKnot,Protect|||M|||50|,,,,,Psychic]Indeedee-F||RockyHelmet|PsychicSurge|Psychic,TrickRoom,FollowMe,HelpingHand|||F|||50|,,,,,Psychic]Conkeldurr||FlameOrb|Guts|DrainPunch,IcePunch,MachPunch,Protect|||M|||50|,,,,,Psychic]Porygon2||Eviolite|Download|TrickRoom,TeraBlast,IceBeam,Recover||||||50|,,,,,Ground]Magnezone||ChoiceScarf|Sturdy|VoltSwitch,Thunderbolt,FlashCannon,Discharge||||||50|,,,,,Electric]Ursaluna-Bloodmoon||LifeOrb|MindsEye|BloodMoon,EarthPower,HyperVoice,Protect|||M|||50|,,,,,Normal
|showteam|p2|Incineroar||SitrusBerry|Intimidate|FakeOut,PartingShot,FlareBlitz,KnockOff|||M|||50|,,,,,Grass]Sneasler||FocusSash|Unburden|FakeOut,CloseCombat,DireClaw,Coaching|||M|||50|,,,,,Stellar]Kingambit||SafetyGoggles|Defiant|KowtowCleave,SuckerPunch,SwordsDance,Protect|||M|||50|,,,,,Ghost]Electabuzz||Eviolite|VitalSpirit|VoltSwitch,Taunt,FollowMe,Protect|||M|||50|,,,,,Ghost]Baxcalibur||LoadedDice|ThermalExchange|ScaleShot,IcicleSpear,IceShard,Protect|||M|||50|,,,,,Poison]Primarina||ThroatSpray|LiquidVoice|HyperVoice,Moonblast,Haze,Protect|||M|||50|,,,,,Water
|inactive|Battle timer is ON: inactive players will automatically lose when time's up. (requested by cagosullapizza)
|inactive|Surwiival has 60 seconds left.
|inactive|Surwiival has 30 seconds left.
|inactive|Surwiival has 20 seconds left.
|inactive|Surwiival has 15 seconds left.
|inactive|Surwiival has 10 seconds left.
|
|t:|1756385456
|teamsize|p1|4
|teamsize|p2|4
|start
|switch|p1a: Magnezone|Magnezone, L50|100/100
|switch|p1b: Porygon2|Porygon2, L50|100/100
|switch|p2a: Incineroar|Incineroar, L50, M, shiny|100/100
|switch|p2b: Baxcalibur|Baxcalibur, L50, M|100/100
|-ability|p2a: Incineroar|Intimidate|boost
|-unboost|p1a: Magnezone|atk|1
|-unboost|p1b: Porygon2|atk|1
|-ability|p1b: Porygon2|Download|boost
|-boost|p1b: Porygon2|atk|1
|turn|1
|inactive|Surwiival has 30 seconds left.
|
|t:|1756385486
|-terastallize|p2b: Baxcalibur|Poison
|move|p1a: Magnezone|Flash Cannon|p2b: Baxcalibur
|-damage|p2b: Baxcalibur|54/100
|move|p2b: Baxcalibur|Icicle Spear|p1b: Porygon2
|-damage|p1b: Porygon2|91/100
|-damage|p1b: Porygon2|83/100
|-damage|p1b: Porygon2|73/100
|-damage|p1b: Porygon2|63/100
|-hitcount|p1b: Porygon2|4
|move|p2a: Incineroar|Knock Off|p1b: Porygon2
|-damage|p1b: Porygon2|40/100
|-enditem|p1b: Porygon2|Eviolite|[from] move: Knock Off|[of] p2a: Incineroar
|move|p1b: Porygon2|Tera Blast|p2a: Incineroar
|-damage|p2a: Incineroar|77/100
|
|upkeep
|turn|2
|inactive|Surwiival has 30 seconds left.
|
|t:|1756385520
|move|p1a: Magnezone|Flash Cannon|p2b: Baxcalibur
|-damage|p2b: Baxcalibur|16/100
|move|p2b: Baxcalibur|Icicle Spear|p1b: Porygon2
|-damage|p1b: Porygon2|27/100
|-damage|p1b: Porygon2|14/100
|-damage|p1b: Porygon2|0 fnt
|faint|p1b: Porygon2
|-hitcount|p1: Porygon2|3
|move|p2a: Incineroar|Flare Blitz|p1a: Magnezone
|-supereffective|p1a: Magnezone
|-ability|p1a: Magnezone|Sturdy
|-damage|p1a: Magnezone|1/100
|-damage|p2a: Incineroar|53/100|[from] Recoil
|
|upkeep
|
|t:|1756385525
|switch|p1b: Conkeldurr|Conkeldurr, L50, M|100/100
|turn|3
|inactive|Surwiival has 30 seconds left.
|inactive|Surwiival has 20 seconds left.
|
|t:|1756385561
|switch|p2a: Sneasler|Sneasler, L50, M|100/100
|move|p1a: Magnezone|Flash Cannon|p2b: Baxcalibur
|-damage|p2b: Baxcalibur|0 fnt
|faint|p2b: Baxcalibur
|move|p1b: Conkeldurr|Drain Punch|p2a: Sneasler
|-resisted|p2a: Sneasler
|-damage|p2a: Sneasler|62/100
|
|-status|p1b: Conkeldurr|brn|[from] item: Flame Orb
|upkeep
|
|t:|1756385581
|switch|p2b: Incineroar|Incineroar, L50, M, shiny|53/100
|-ability|p2b: Incineroar|Intimidate|boost
|-unboost|p1a: Magnezone|atk|1
|-unboost|p1b: Conkeldurr|atk|1
|turn|4
|inactive|Surwiival has 30 seconds left.
|inactive|Surwiival has 20 seconds left.
|inactive|Surwiival has 15 seconds left.
|inactive|Surwiival has 10 seconds left.
|
|t:|1756385630
|switch|p1a: Ursaluna|Ursaluna-Bloodmoon, L50, M|100/100
|move|p1b: Conkeldurr|Protect|p1b: Conkeldurr
|-singleturn|p1b: Conkeldurr|Protect
|move|p2a: Sneasler|Fake Out|p1a: Ursaluna
|-damage|p1a: Ursaluna|90/100
|move|p2b: Incineroar|Fake Out|p1b: Conkeldurr
|-activate|p1b: Conkeldurr|move: Protect
|
|-damage|p1b: Conkeldurr|94/100 brn|[from] brn
|upkeep
|turn|5
|
|t:|1756385650
|switch|p2b: Primarina|Primarina, L50, M|100/100
|move|p1a: Ursaluna|Protect|p1a: Ursaluna
|-singleturn|p1a: Ursaluna|Protect
|move|p1b: Conkeldurr|Mach Punch|p2b: Primarina
|-resisted|p2b: Primarina
|-damage|p2b: Primarina|88/100
|move|p2a: Sneasler|Close Combat|p1a: Ursaluna
|-activate|p1a: Ursaluna|move: Protect
|
|-damage|p1b: Conkeldurr|88/100 brn|[from] brn
|upkeep
|turn|6
|inactive|cagosullapizza has 30 seconds left.
|inactive|Surwiival has 30 seconds left.
|
|t:|1756385683
|-terastallize|p1b: Conkeldurr|Psychic
|move|p2a: Sneasler|Close Combat|p1a: Ursaluna
|-supereffective|p1a: Ursaluna
|-damage|p1a: Ursaluna|0 fnt
|-unboost|p2a: Sneasler|def|1
|-unboost|p2a: Sneasler|spd|1
|faint|p1a: Ursaluna
|move|p2b: Primarina|Hyper Voice|p1b: Conkeldurr
|-damage|p1b: Conkeldurr|37/100 brn
|-enditem|p2b: Primarina|Throat Spray
|-boost|p2b: Primarina|spa|1|[from] item: Throat Spray
|move|p1b: Conkeldurr|Ice Punch|p2a: Sneasler
|-damage|p2a: Sneasler|0 fnt
|faint|p2a: Sneasler
|
|-damage|p1b: Conkeldurr|31/100 brn|[from] brn
|upkeep
|-message|cagosullapizza forfeited.
|
|win|Surwiival
|l|☆cagosullapizza
|player|p1|
||cagosullapizza is ready for game 2.
