|j|☆Passevgc
|j|☆AsukaHikaru
|html|PassevgcAsukaHikaru    
|uhtml|bestof|Game 1 of a best-of-3
|t:|1784300456
|gametype|doubles
|player|p1|Passevgc|265|1299
|player|p2|AsukaHikaru|volkner|1477
|gen|9
|tier|[Gen 9 Champions] VGC 2026 Reg M-B (Bo3)
|rated|
|rule|Species Clause: Limit one of each Pokémon
|rule|Item Clause: Limit 1 of each item
|clearpoke
|poke|p1|Charizard, L50, M|
|poke|p1|Venusaur, L50, M|
|poke|p1|Grimmsnarl, L50, M|
|poke|p1|Archaludon, L50, M|
|poke|p1|Pelipper, L50, M|
|poke|p1|Basculegion, L50, M|
|poke|p2|Incineroar, L50, M|
|poke|p2|Kingambit, L50, F|
|poke|p2|Sinistcha, L50|
|poke|p2|Floette-Eternal, L50, F|
|poke|p2|Sneasler, L50, F|
|poke|p2|Delphox, L50, F|
|teampreview|4
|showteam|p1|Charizard||CharizarditeY|Blaze|HeatWave,WeatherBall,Hurricane,Protect|Modest||M|||50|]Venusaur||FocusSash|Chlorophyll|Protect,SludgeBomb,EarthPower,SleepPowder|Modest||M|||50|]Grimmsnarl||LightClay|Prankster|SpiritBreak,PartingShot,Reflect,LightScreen|Careful||M|||50|]Archaludon||Leftovers|Stamina|ElectroShot,DragonPulse,FlashCannon,Protect|Calm||M|||50|]Pelipper||SitrusBerry|Drizzle|WeatherBall,Hurricane,Tailwind,WideGuard|Modest||M|||50|]Basculegion||ChoiceScarf|Adaptability|WaveCrash,FlipTurn,AquaJet,LastRespects|Jolly||M|||50|
|showteam|p2|Incineroar||PasshoBerry|Intimidate|PartingShot,FakeOut,FlareBlitz,DarkestLariat|Careful||M|||50|]Kingambit||LifeOrb|Defiant|Protect,KowtowCleave,IronHead,SuckerPunch|Adamant||F|||50|]Sinistcha||OccaBerry|Hospitality|Protect,MatchaGotcha,RagePowder,TrickRoom|Bold|||||50|]Floette-Eternal||Floettite|FlowerVeil|Protect,DazzlingGleam,Moonblast,CalmMind|Modest||F|||50|]Sneasler||FocusSash|PoisonTouch|PoisonJab,FakeOut,CloseCombat,RockSlide|Jolly||F|||50|]Delphox||Delphoxite|Blaze|Protect,HeatWave,Psychic,NastyPlot|Timid||F|||50|
|inactive|Battle timer is ON: inactive players will automatically lose when time's up. (requested by Passevgc)
|
|t:|1784300535
|teamsize|p1|4
|teamsize|p2|4
|start
|switch|p1a: Charizard|Charizard, L50, M|100/100
|switch|p1b: Grimmsnarl|Grimmsnarl, L50, M|100/100
|switch|p2a: Kingambit|Kingambit, L50, F|100/100
|switch|p2b: Delphox|Delphox, L50, F|100/100
|turn|1
|
|t:|1784300549
|switch|p2a: Incineroar|Incineroar, L50, M|100/100
|-ability|p2a: Incineroar|Intimidate|boost
|-unboost|p1a: Charizard|atk|1
|-unboost|p1b: Grimmsnarl|atk|1
|detailschange|p2b: Delphox|Delphox-Mega, L50, F
|-mega|p2b: Delphox|Delphox|Delphoxite
|detailschange|p1a: Charizard|Charizard-Mega-Y, L50, M
|-mega|p1a: Charizard|Charizard|Charizardite Y
|-weather|SunnyDay|[from] ability: Drought|[of] p1a: Charizard
|move|p1b: Grimmsnarl|Reflect|p1b: Grimmsnarl
|-sidestart|p1: Passevgc|Reflect
|move|p2b: Delphox|Nasty Plot|p2b: Delphox
|-boost|p2b: Delphox|spa|2
|move|p1a: Charizard|Heat Wave|p2a: Incineroar|[spread] p2a,p2b
|-resisted|p2a: Incineroar|1
|-resisted|p2b: Delphox|1
|-damage|p2a: Incineroar|75/100
|-damage|p2b: Delphox|70/100
|
|-weather|SunnyDay|[upkeep]
|upkeep
|turn|2
|
|t:|1784300573
|switch|p1b: Pelipper|Pelipper, L50, M|100/100
|-weather|RainDance|[from] ability: Drizzle|[of] p1b: Pelipper
|move|p2a: Incineroar|Fake Out|p1b: Pelipper
|-damage|p1b: Pelipper|93/100
|move|p2b: Delphox|Heat Wave|p1b: Pelipper|[spread] p1a,p1b
|-resisted|p1a: Charizard|1
|-resisted|p1b: Pelipper|1
|-damage|p1a: Charizard|83/100
|-damage|p1b: Pelipper|65/100
|move|p1a: Charizard|Weather Ball|p2b: Delphox
|-supereffective|p2b: Delphox|1
|-damage|p2b: Delphox|0 fnt
|faint|p2b: Delphox
|
|-weather|RainDance|[upkeep]
|upkeep
|
|t:|1784300597
|switch|p2b: Kingambit|Kingambit, L50, F|100/100
|turn|3
|
|t:|1784300608
|switch|p1a: Grimmsnarl|Grimmsnarl, L50, M|100/100
|move|p1b: Pelipper|Weather Ball|p2a: Incineroar
|-supereffective|p2a: Incineroar|1
|-enditem|p2a: Incineroar|Passho Berry|[eat]
|-enditem|p2a: Incineroar|Passho Berry|[weaken]
|-damage|p2a: Incineroar|23/100
|move|p2a: Incineroar|Parting Shot|p1a: Grimmsnarl
|-unboost|p1a: Grimmsnarl|atk|1
|-unboost|p1a: Grimmsnarl|spa|1
|
|t:|1784300617
|switch|p2a: Sneasler|Sneasler, L50, F|100/100|[from] Parting Shot
|move|p2b: Kingambit|Kowtow Cleave|p1b: Pelipper
|-damage|p1b: Pelipper|20/100y
|-enditem|p1b: Pelipper|Sitrus Berry|[eat]
|-heal|p1b: Pelipper|44/100|[from] item: Sitrus Berry
|-damage|p2b: Kingambit|90/100|[from] item: Life Orb
|
|-weather|RainDance|[upkeep]
|upkeep
|turn|4
|
|t:|1784300635
|move|p2a: Sneasler|Fake Out|p1b: Pelipper
|-damage|p1b: Pelipper|35/100
|cant|p1b: Pelipper|flinch
|move|p1a: Grimmsnarl|Spirit Break|p2a: Sneasler
|-damage|p2a: Sneasler|63/100
|-unboost|p2a: Sneasler|spa|1
|move|p2b: Kingambit|Kowtow Cleave|p1b: Pelipper
|-damage|p1b: Pelipper|0 fnt
|faint|p1b: Pelipper
|-damage|p2b: Kingambit|80/100|[from] item: Life Orb
|
|-weather|RainDance|[upkeep]
|upkeep
|
|t:|1784300645
|switch|p1b: Charizard|Charizard-Mega-Y, L50, M|83/100
|-weather|SunnyDay|[from] ability: Drought|[of] p1b: Charizard
|turn|5
|
|t:|1784300654
|move|p1a: Grimmsnarl|Parting Shot|p2a: Sneasler
|-unboost|p2a: Sneasler|atk|1
|-unboost|p2a: Sneasler|spa|1
|
|t:|1784300656
|switch|p1a: Venusaur|Venusaur, L50, M|100/100|[from] Parting Shot
|move|p2b: Kingambit|Sucker Punch|p1b: Charizard
|-damage|p1b: Charizard|43/100
|-damage|p2b: Kingambit|71/100|[from] item: Life Orb
|move|p2a: Sneasler|Rock Slide|p1b: Charizard|[spread] p1a,p1b
|-supereffective|p1b: Charizard|2
|-damage|p1a: Venusaur|87/100
|-damage|p1b: Charizard|7/100
|move|p1b: Charizard|Heat Wave|p2a: Sneasler|[spread] p2b
|-miss|p1b: Charizard|p2a: Sneasler
|-supereffective|p2b: Kingambit|1
|-damage|p2b: Kingambit|0 fnt
|faint|p2b: Kingambit
|
|-weather|SunnyDay|[upkeep]
|upkeep
|
|t:|1784300671
|switch|p2b: Incineroar|Incineroar, L50, M|23/100
|-ability|p2b: Incineroar|Intimidate|boost
|-unboost|p1a: Venusaur|atk|1
|-unboost|p1b: Charizard|atk|1
|turn|6
|
|t:|1784300677
|switch|p1b: Grimmsnarl|Grimmsnarl, L50, M|100/100
|move|p1a: Venusaur|Protect|p1a: Venusaur
|-singleturn|p1a: Venusaur|Protect
|move|p2b: Incineroar|Fake Out|p1a: Venusaur
|-activate|p1a: Venusaur|move: Protect
|move|p2a: Sneasler|Rock Slide|p1b: Grimmsnarl|[spread] p1b
|-activate|p1a: Venusaur|move: Protect
|-damage|p1b: Grimmsnarl|90/100
|
|-weather|SunnyDay|[upkeep]
|upkeep
|turn|7
|-message|AsukaHikaru forfeited.
|
|win|Passevgc
||AsukaHikaru is ready for game 2.
||Passevgc is ready for game 2.
|uhtml|next|Next: Game 2 of 3
