|j|☆Cowboy076
|j|☆brodymd
|html|Cowboy076brodymd    
|uhtml|bestof|Game 2 of a best-of-3
|t:|1782427489
|gametype|doubles
|player|p1|Cowboy076|byron|
|player|p2|brodymd|colress|
|gen|9
|tier|[Gen 9 Champions] VGC 2026 Reg M-B (Bo3)
|rule|Species Clause: Limit one of each Pokémon
|rule|Item Clause: Limit 1 of each item
|clearpoke
|poke|p1|Delphox, L50, F|
|poke|p1|Garchomp, L50, F|
|poke|p1|Gyarados, L50, M|
|poke|p1|Tyranitar, L50, F|
|poke|p1|Clefable, L50, F|
|poke|p1|Cofagrigus, L50, M|
|poke|p2|Maushold, L50|
|poke|p2|Hatterene, L50, F|
|poke|p2|Kangaskhan, L50, F|
|poke|p2|Grimmsnarl, L50, M|
|poke|p2|Vivillon-Marine, L50, M|
|poke|p2|Staraptor, L50, M|
|teampreview|4
|showteam|p1|Delphox||Delphoxite|Blaze|Protect,HeatWave,ScorchingSands,ShadowBall|Timid||F|||50|]Garchomp||Garchompite|RoughSkin|Earthquake,Protect,RockSlide,IronHead|Jolly||F|||50|]Gyarados||MysticWater|Moxie|IcyWind,Protect,Taunt,Waterfall|Jolly||M|||50|]Tyranitar||Leftovers|SandStream|RockSlide,Crunch,Taunt,Protect|Careful||F|||50|]Clefable||FairyFeather|Unaware|FollowMe,LifeDew,LightScreen,Moonblast|Calm||F|||50|]Cofagrigus||SitrusBerry|Mummy|TrickRoom,BodyPress,NightShade,AllySwitch|Relaxed||M|||50|
|showteam|p2|Maushold||WideLens|FriendGuard|FollowMe,TidyUp,PopulationBomb,LowKick|Jolly|||||50|]Hatterene||LifeOrb|MagicBounce|TrickRoom,DazzlingGleam,Psychic,MysticalFire|Quiet||F|||50|]Kangaskhan||ExpertBelt|InnerFocus|FakeOut,IcePunch,SuckerPunch,DoubleEdge|Jolly||F|||50|]Grimmsnarl||LightClay|Prankster|ThroatChop,Reflect,LightScreen,PartingShot|Careful||M|||50|]Vivillon-Marine||FocusSash|CompoundEyes|SleepPowder,QuiverDance,Hurricane,WeatherBall|Timid||M|||50|]Staraptor||Staraptite|Intimidate|CloseCombat,Roost,Protect,DualWingbeat|Jolly||M|||50|
|
|t:|1782427518
|teamsize|p1|4
|teamsize|p2|4
|start
|switch|p1a: Delphox|Delphox, L50, F|100/100
|switch|p1b: Clefable|Clefable, L50, F|100/100
|switch|p2a: Vivillon|Vivillon-Marine, L50, M|100/100
|switch|p2b: Kangaskhan|Kangaskhan, L50, F|100/100
|turn|1
|
|t:|1782427526
|detailschange|p1a: Delphox|Delphox-Mega, L50, F
|-mega|p1a: Delphox|Delphox|Delphoxite
|move|p2b: Kangaskhan|Fake Out|p1a: Delphox
|-damage|p1a: Delphox|73/100
|move|p1b: Clefable|Follow Me|p1b: Clefable
|-singleturn|p1b: Clefable|move: Follow Me
|cant|p1a: Delphox|flinch
|move|p2a: Vivillon|Quiver Dance|p2a: Vivillon
|-boost|p2a: Vivillon|spa|1
|-boost|p2a: Vivillon|spd|1
|-boost|p2a: Vivillon|spe|1
|
|upkeep
|turn|2
|
|t:|1782427542
|move|p1b: Clefable|Follow Me|p1b: Clefable
|-singleturn|p1b: Clefable|move: Follow Me
|move|p2a: Vivillon|Sleep Powder|p1b: Clefable
|-status|p1b: Clefable|slp|[from] move: Sleep Powder
|move|p1a: Delphox|Heat Wave|p2b: Kangaskhan|[spread] p2b
|-miss|p1a: Delphox|p2a: Vivillon
|-damage|p2b: Kangaskhan|52/100
|move|p2b: Kangaskhan|Double-Edge|p1b: Clefable
|-crit|p1b: Clefable
|-damage|p1b: Clefable|19/100 slp
|-damage|p2b: Kangaskhan|22/100|[from] Recoil
|
|upkeep
|turn|3
|
|t:|1782427566
|cant|p1b: Clefable|slp
|move|p2a: Vivillon|Sleep Powder|p1a: Delphox
|-status|p1a: Delphox|slp|[from] move: Sleep Powder
|cant|p1a: Delphox|slp
|move|p2b: Kangaskhan|Double-Edge|p1a: Delphox
|-damage|p1a: Delphox|0 fnt
|faint|p1a: Delphox
|-damage|p2b: Kangaskhan|2/100|[from] Recoil
|
|upkeep
|
|t:|1782427574
|switch|p1a: Garchomp|Garchomp, L50, F|100/100
|turn|4
|
|t:|1782427580
|move|p2a: Vivillon|Sleep Powder|p1a: Garchomp
|-status|p1a: Garchomp|slp|[from] move: Sleep Powder
|cant|p1a: Garchomp|slp
|move|p2b: Kangaskhan|Ice Punch|p1a: Garchomp
|-supereffective|p1a: Garchomp|2
|-damage|p1a: Garchomp|0 fnt
|-damage|p2b: Kangaskhan|0 fnt|[from] ability: Rough Skin|[of] p1a: Garchomp
|faint|p1a: Garchomp
|faint|p2b: Kangaskhan
|cant|p1b: Clefable|slp
|
|upkeep
|
|t:|1782427592
|switch|p1a: Cofagrigus|Cofagrigus, L50, M|100/100
|switch|p2b: Staraptor|Staraptor, L50, M|100/100
|-ability|p2b: Staraptor|Intimidate|boost
|-unboost|p1a: Cofagrigus|atk|1
|-unboost|p1b: Clefable|atk|1
|turn|5
|
|t:|1782427602
|detailschange|p2b: Staraptor|Staraptor-Mega, L50, M
|-mega|p2b: Staraptor|Staraptor|Staraptite
|move|p2a: Vivillon|Sleep Powder|p1a: Cofagrigus
|-status|p1a: Cofagrigus|slp|[from] move: Sleep Powder
|move|p2b: Staraptor|Close Combat|p1b: Clefable
|-resisted|p1b: Clefable|1
|-damage|p1b: Clefable|0 fnt
|-boost|p2b: Staraptor|def|1
|-boost|p2b: Staraptor|spd|1
|faint|p1b: Clefable
|cant|p1a: Cofagrigus|slp
|
|upkeep
|turn|6
|
|t:|1782427612
|move|p2a: Vivillon|Hurricane|p1a: Cofagrigus
|-damage|p1a: Cofagrigus|25/100 slp
|-start|p1a: Cofagrigus|confusion
|-enditem|p1a: Cofagrigus|Sitrus Berry|[eat]
|-heal|p1a: Cofagrigus|50/100y slp|[from] item: Sitrus Berry
|move|p2b: Staraptor|Dual Wingbeat|p1a: Cofagrigus
|-damage|p1a: Cofagrigus|35/100 slp
|-activate|p1a: Cofagrigus|ability: Mummy|p2b: Staraptor|[ability] Contrary
|-damage|p1a: Cofagrigus|22/100 slp
|-hitcount|p1a: Cofagrigus|2
|cant|p1a: Cofagrigus|slp
|
|upkeep
|turn|7
|
|t:|1782427621
|move|p2a: Vivillon|Hurricane|p1a: Cofagrigus|[miss]
|-miss|p2a: Vivillon|p1a: Cofagrigus
|move|p2b: Staraptor|Dual Wingbeat|p1a: Cofagrigus
|-damage|p1a: Cofagrigus|8/100 slp
|-damage|p1a: Cofagrigus|0 fnt
|faint|p1a: Cofagrigus
|-hitcount|p1: Cofagrigus|2
|
|win|brodymd
|c|☆brodymd|Ggs
|c|☆Cowboy076|gg
