|j|☆ProbopassTrainer
|j|☆BenniOVY
|html|ProbopassTrainerBenniOVY    
|uhtml|bestof|Game 2 of a best-of-3
|t:|1782509458
|gametype|doubles
|player|p1|ProbopassTrainer|170|1175
|player|p2|BenniOVY|psychic-gen4|1227
|gen|9
|tier|[Gen 9 Champions] VGC 2026 Reg M-B (Bo3)
|rated|
|rule|Species Clause: Limit one of each Pokémon
|rule|Item Clause: Limit 1 of each item
|clearpoke
|poke|p1|Sceptile, L50, M|
|poke|p1|Rotom-Wash, L50|
|poke|p1|Incineroar, L50, F|
|poke|p1|Sylveon, L50, M|
|poke|p1|Sneasler, L50, F|
|poke|p1|Metagross, L50|
|poke|p2|Venusaur, L50, M|
|poke|p2|Grimmsnarl, L50, M|
|poke|p2|Pelipper, L50, M|
|poke|p2|Archaludon, L50, M|
|poke|p2|Basculegion, L50, M|
|poke|p2|Gholdengo, L50|
|teampreview|4
|showteam|p1|Sceptile||Sceptilite|Overgrow|EarthPower,Protect,DragonPulse,LeafStorm|Modest||M|||50|]Rotom-Wash||ChoiceScarf|Levitate|Discharge,Trick,VoltSwitch,HydroPump|Timid|||||50|]Incineroar||SitrusBerry|Intimidate|FakeOut,FlareBlitz,PartingShot,ThroatChop|Adamant||F|||50|]Sylveon||FairyFeather|Pixilate|Detect,QuickAttack,HyperVoice,HyperBeam|Modest||M|||50|]Sneasler||FocusSash|Unburden|CloseCombat,DireClaw,FakeOut,Feint|Jolly||F|||50|]Metagross||Metagrossite|ClearBody|MeteorMash,ThunderPunch,PsychicFangs,Protect|Jolly|||||50|
|showteam|p2|Venusaur||Venusaurite|Overgrow|GigaDrain,SludgeBomb,EarthPower,Protect|Modest||M|||50|]Grimmsnarl||LightClay|Prankster|SpiritBreak,PartingShot,LightScreen,Reflect|Impish||M|||50|]Pelipper||SitrusBerry|Drizzle|WeatherBall,Hurricane,WideGuard,Tailwind|Bold||M|||50|]Archaludon||Leftovers|Stamina|ElectroShot,AuraSphere,DragonPulse,Protect|Bold||M|||50|]Basculegion||ChoiceScarf|Adaptability|WaveCrash,FlipTurn,AquaJet,LastRespects|Jolly||M|||50|]Gholdengo||LifeOrb|GoodasGold|MakeItRain,ShadowBall,NastyPlot,Protect|Modest|||||50|
|
|t:|1782509483
|teamsize|p1|4
|teamsize|p2|4
|start
|switch|p1a: Incineroar|Incineroar, L50, F|100/100
|switch|p1b: Rotom|Rotom-Wash, L50|100/100
|switch|p2a: Grimmsnarl|Grimmsnarl, L50, M|100/100
|switch|p2b: Venusaur|Venusaur, L50, M|100/100
|-ability|p1a: Incineroar|Intimidate|boost
|-unboost|p2a: Grimmsnarl|atk|1
|-unboost|p2b: Venusaur|atk|1
|turn|1
|
|t:|1782509516
|detailschange|p2b: Venusaur|Venusaur-Mega, L50, M
|-mega|p2b: Venusaur|Venusaur|Venusaurite
|move|p1a: Incineroar|Fake Out|p2b: Venusaur
|-damage|p2b: Venusaur|90/100
|move|p2a: Grimmsnarl|Reflect|p2a: Grimmsnarl
|-sidestart|p2: BenniOVY|Reflect
|move|p1b: Rotom|Trick|p2a: Grimmsnarl
|-activate|p1b: Rotom|move: Trick|[of] p2a: Grimmsnarl
|-item|p2a: Grimmsnarl|Choice Scarf|[from] move: Trick
|-item|p1b: Rotom|Light Clay|[from] move: Trick
|cant|p2b: Venusaur|flinch
|
|upkeep
|turn|2
|
|t:|1782509542
|move|p2a: Grimmsnarl|Light Screen|p2a: Grimmsnarl
|-sidestart|p2: BenniOVY|move: Light Screen
|move|p1b: Rotom|Volt Switch|p2a: Grimmsnarl
|-damage|p2a: Grimmsnarl|77/100
|
|t:|1782509550
|switch|p1b: Sceptile|Sceptile, L50, M|100/100|[from] Volt Switch
|move|p2b: Venusaur|Earth Power|p1a: Incineroar
|-supereffective|p1a: Incineroar|1
|-damage|p1a: Incineroar|49/100
|-enditem|p1a: Incineroar|Sitrus Berry|[eat]
|-heal|p1a: Incineroar|74/100|[from] item: Sitrus Berry
|move|p1a: Incineroar|Parting Shot|p2b: Venusaur
|-unboost|p2b: Venusaur|atk|1
|-unboost|p2b: Venusaur|spa|1
|
|t:|1782509560
|switch|p1a: Rotom|Rotom-Wash, L50|100/100|[from] Parting Shot
|
|upkeep
|turn|3
|
|t:|1782509577
|switch|p2a: Archaludon|Archaludon, L50, M|100/100
|detailschange|p1b: Sceptile|Sceptile-Mega, L50, M
|-mega|p1b: Sceptile|Sceptile|Sceptilite
|move|p1b: Sceptile|Earth Power|p2b: Venusaur
|-damage|p2b: Venusaur|68/100
|move|p1a: Rotom|Discharge|p2a: Archaludon|[spread] p2a,p2b
|-ability|p1b: Sceptile|Lightning Rod|boost
|-boost|p1b: Sceptile|spa|1
|-resisted|p2a: Archaludon|1
|-resisted|p2b: Venusaur|1
|-damage|p2a: Archaludon|90/100
|-damage|p2b: Venusaur|60/100
|-status|p2b: Venusaur|par
|-ability|p2a: Archaludon|Stamina|boost
|-boost|p2a: Archaludon|def|1
|cant|p2b: Venusaur|par
|
|-heal|p2a: Archaludon|96/100|[from] item: Leftovers
|upkeep
|turn|4
|
|t:|1782509599
|move|p1b: Sceptile|Protect|p1b: Sceptile
|-singleturn|p1b: Sceptile|Protect
|move|p1a: Rotom|Trick|p2a: Archaludon
|-activate|p1a: Rotom|move: Trick|[of] p2a: Archaludon
|-item|p2a: Archaludon|Light Clay|[from] move: Trick
|-item|p1a: Rotom|Leftovers|[from] move: Trick
|move|p2a: Archaludon|Dragon Pulse|p1b: Sceptile
|-activate|p1b: Sceptile|move: Protect
|move|p2b: Venusaur|Giga Drain|p1a: Rotom
|-supereffective|p1a: Rotom|1
|-damage|p1a: Rotom|32/100
|-heal|p2b: Venusaur|83/100 par|[from] drain|[of] p1a: Rotom
|
|-heal|p1a: Rotom|37/100|[from] item: Leftovers
|upkeep
|turn|5
|n|!BenniOVY|benniovy
|
|t:|1782509630
|switch|p1b: Incineroar|Incineroar, L50, F|74/100
|-ability|p1b: Incineroar|Intimidate|boost
|-unboost|p2a: Archaludon|atk|1
|-unboost|p2b: Venusaur|atk|1
|move|p1a: Rotom|Volt Switch|p2b: Venusaur
|-resisted|p2b: Venusaur|1
|-damage|p2b: Venusaur|74/100 par
|
|t:|1782509637
|switch|p1a: Sneasler|Sneasler, L50, F|100/100|[from] Volt Switch
|move|p2a: Archaludon|Dragon Pulse|p1b: Incineroar
|-damage|p1b: Incineroar|45/100
|move|p2b: Venusaur|Giga Drain|p1a: Sneasler
|-resisted|p1a: Sneasler|1
|-damage|p1a: Sneasler|82/100
|-heal|p2b: Venusaur|82/100 par|[from] drain|[of] p1a: Sneasler
|
|upkeep
|turn|6
|
|t:|1782509654
|switch|p2b: Pelipper|Pelipper, L50, M|100/100
|-weather|RainDance|[from] ability: Drizzle|[of] p2b: Pelipper
|move|p1a: Sneasler|Fake Out|p2b: Pelipper
|-damage|p2b: Pelipper|92/100
|move|p1b: Incineroar|Fake Out|p2a: Archaludon
|-resisted|p2a: Archaludon|1
|-damage|p2a: Archaludon|95/100
|-ability|p2a: Archaludon|Stamina|boost
|-boost|p2a: Archaludon|def|1
|cant|p2a: Archaludon|flinch
|
|-weather|RainDance|[upkeep]
|-sideend|p2: BenniOVY|move: Light Screen
|upkeep
|turn|7
|
|t:|1782509674
|move|p1a: Sneasler|Dire Claw|p2b: Pelipper
|-damage|p2b: Pelipper|68/100
|move|p2a: Archaludon|Aura Sphere|p1b: Incineroar
|-supereffective|p1b: Incineroar|1
|-damage|p1b: Incineroar|5/100
|move|p1b: Incineroar|Parting Shot|p2a: Archaludon
|-unboost|p2a: Archaludon|atk|1
|-unboost|p2a: Archaludon|spa|1
|n|!BenniOVY|benniovy
|
|t:|1782509686
|switch|p1b: Rotom|Rotom-Wash, L50|37/100|[from] Parting Shot
|move|p2b: Pelipper|Hurricane|p1a: Sneasler
|-supereffective|p1a: Sneasler|1
|-damage|p1a: Sneasler|0 fnt
|faint|p1a: Sneasler
|
|-weather|RainDance|[upkeep]
|-heal|p1b: Rotom|43/100|[from] item: Leftovers
|upkeep
|
|t:|1782509696
|switch|p1a: Incineroar|Incineroar, L50, F|5/100
|-ability|p1a: Incineroar|Intimidate|boost
|-unboost|p2a: Archaludon|atk|1
|-unboost|p2b: Pelipper|atk|1
|turn|8
|
|t:|1782509709
|switch|p2b: Grimmsnarl|Grimmsnarl, L50, M|77/100
|move|p1a: Incineroar|Fake Out|p2a: Archaludon
|-resisted|p2a: Archaludon|1
|-damage|p2a: Archaludon|93/100
|-ability|p2a: Archaludon|Stamina|boost
|-boost|p2a: Archaludon|def|1
|move|p1b: Rotom|Discharge|p2b: Grimmsnarl|[spread] p1a,p2a,p2b
|-resisted|p2a: Archaludon|1
|-damage|p1a: Incineroar|0 fnt
|-damage|p2a: Archaludon|80/100
|-damage|p2b: Grimmsnarl|49/100
|-status|p2a: Archaludon|par
|-ability|p2a: Archaludon|Stamina|boost
|-boost|p2a: Archaludon|def|1
|faint|p1a: Incineroar
|cant|p2a: Archaludon|flinch
|
|-weather|RainDance|[upkeep]
|-heal|p1b: Rotom|48/100|[from] item: Leftovers
|-sideend|p2: BenniOVY|Reflect
|upkeep
|inactive|Battle timer is ON: inactive players will automatically lose when time's up. (requested by BenniOVY)
|
|t:|1782509725
|switch|p1a: Sceptile|Sceptile-Mega, L50, M|100/100
|turn|9
|inactive|ProbopassTrainer has 30 seconds left.
|
|t:|1782509760
|move|p1a: Sceptile|Dragon Pulse|p2a: Archaludon
|-damage|p2a: Archaludon|34/100 par
|-ability|p2a: Archaludon|Stamina|boost
|-boost|p2a: Archaludon|def|1
|move|p1b: Rotom|Discharge|p2a: Archaludon|[spread] p2a,p2b
|-ability|p1a: Sceptile|Lightning Rod|boost
|-boost|p1a: Sceptile|spa|1
|-resisted|p2a: Archaludon|1
|-damage|p2a: Archaludon|21/100 par
|-damage|p2b: Grimmsnarl|23/100
|-ability|p2a: Archaludon|Stamina|boost
|-boost|p2a: Archaludon|def|1
|move|p2b: Grimmsnarl|Spirit Break|p1a: Sceptile
|-supereffective|p1a: Sceptile|1
|-damage|p1a: Sceptile|14/100
|-unboost|p1a: Sceptile|spa|1
|move|p2a: Archaludon|Dragon Pulse|p1a: Sceptile
|-supereffective|p1a: Sceptile|1
|-damage|p1a: Sceptile|0 fnt
|faint|p1a: Sceptile
|
|-weather|RainDance|[upkeep]
|-heal|p1b: Rotom|54/100|[from] item: Leftovers
|upkeep
|turn|10
|
|t:|1782509779
|move|p1b: Rotom|Discharge|p2b: Grimmsnarl|[spread] p2a,p2b
|-resisted|p2a: Archaludon|1
|-crit|p2a: Archaludon
|-damage|p2a: Archaludon|1/100 par
|-damage|p2b: Grimmsnarl|0 fnt
|faint|p2b: Grimmsnarl
|cant|p2a: Archaludon|par
|
|-weather|none
|-heal|p1b: Rotom|59/100|[from] item: Leftovers
|upkeep
|
|t:|1782509787
|switch|p2b: Venusaur|Venusaur-Mega, L50, M|82/100 par
|turn|11
|
|t:|1782509791
|move|p1b: Rotom|Discharge|p2a: Archaludon|[spread] p2a,p2b
|-resisted|p2a: Archaludon|1
|-crit|p2a: Archaludon
|-resisted|p2b: Venusaur|1
|-damage|p2a: Archaludon|0 fnt
|-damage|p2b: Venusaur|72/100 par
|faint|p2a: Archaludon
|move|p2b: Venusaur|Giga Drain|p1b: Rotom
|-supereffective|p1b: Rotom|1
|-damage|p1b: Rotom|0 fnt
|-heal|p2b: Venusaur|92/100 par|[from] drain|[of] p1b: Rotom
|faint|p1b: Rotom
|
|win|BenniOVY
