|j|☆KPR21
|j|☆raksbach
|html|KPR21raksbach    
|uhtml|bestof|Game 3 of a best-of-3
|t:|1783955044
|gametype|doubles
|player|p1|KPR21|marshal|1280
|player|p2|raksbach|102|1244
|gen|9
|tier|[Gen 9 Champions] VGC 2026 Reg M-B (Bo3)
|rated|
|rule|Species Clause: Limit one of each Pokémon
|rule|Item Clause: Limit 1 of each item
|clearpoke
|poke|p1|Tyranitar, L50, F|
|poke|p1|Excadrill, L50, M, shiny|
|poke|p1|Houndstone, L50, M|
|poke|p1|Corviknight, L50, F|
|poke|p1|Rotom-Wash, L50, shiny|
|poke|p1|Hydreigon, L50, M|
|poke|p2|Incineroar, L50, F|
|poke|p2|Maushold, L50|
|poke|p2|Sinistcha, L50|
|poke|p2|Sneasler, L50, M|
|poke|p2|Blastoise, L50, M|
|poke|p2|Delphox, L50, M|
|teampreview|4
|showteam|p1|Tyranitar||Tyranitarite|SandStream|Protect,KnockOff,RockSlide,LowKick|Adamant||F|||50|]Excadrill||FocusSash|SandRush|Protect,Earthquake,IronHead,BrickBreak|Adamant||M|||50|]Houndstone||ColburBerry|SandRush|Protect,Disable,WillOWisp,LastRespects|Jolly||M|||50|]Corviknight||Leftovers|MirrorArmor|Protect,Tailwind,IronHead,BraveBird|Adamant||F|||50|]Rotom-Wash||SitrusBerry|Levitate|Electroweb,HydroPump,Thunderbolt,WillOWisp|Modest|||||50|]Hydreigon||ChoiceScarf|Levitate|Snarl,DragonPulse,DarkPulse,HeatWave|Timid||M|||50|
|showteam|p2|Incineroar||SitrusBerry|Intimidate|FakeOut,FlareBlitz,DarkestLariat,PartingShot|Impish||F|||50|]Maushold||ChopleBerry|FriendGuard|SuperFang,FollowMe,Protect,Feint|Impish|||||50|]Sinistcha||OccaBerry|Hospitality|MatchaGotcha,LifeDew,RagePowder,Protect|Bold|||||50|]Sneasler||FocusSash|PoisonTouch|FakeOut,CloseCombat,DireClaw,QuickGuard|Jolly||M|||50|]Blastoise||Blastoisinite|Torrent|WaterSpout,DarkPulse,ShellSmash,Protect|Modest||M|||50|]Delphox||Delphoxite|Blaze|HeatWave,Psychic,NastyPlot,Protect|Timid||M|||50|
|inactive|Battle timer is ON: inactive players will automatically lose when time's up. (requested by raksbach)
|inactive|KPR21 has 60 seconds left.
|inactive|raksbach has 60 seconds left.
|inactive|KPR21 has 30 seconds left.
|inactive|KPR21 has 20 seconds left.
|
|t:|1783955119
|teamsize|p1|4
|teamsize|p2|4
|start
|switch|p1a: Rotom|Rotom-Wash, L50, shiny|100/100
|switch|p1b: Excadrill|Excadrill, L50, M, shiny|100/100
|switch|p2a: Sneasler|Sneasler, L50, M|100/100
|switch|p2b: Incineroar|Incineroar, L50, F|100/100
|-ability|p2b: Incineroar|Intimidate|boost
|-unboost|p1a: Rotom|atk|1
|-unboost|p1b: Excadrill|atk|1
|turn|1
|
|t:|1783955141
|move|p1b: Excadrill|Protect|p1b: Excadrill
|-singleturn|p1b: Excadrill|Protect
|move|p2a: Sneasler|Close Combat|p1b: Excadrill
|-activate|p1b: Excadrill|move: Protect
|move|p1a: Rotom|Will-O-Wisp|p2a: Sneasler
|-status|p2a: Sneasler|brn
|move|p2b: Incineroar|Parting Shot|p1a: Rotom
|-unboost|p1a: Rotom|atk|1
|-unboost|p1a: Rotom|spa|1
|
|t:|1783955152
|switch|p2b: Sinistcha|Sinistcha, L50|100/100|[from] Parting Shot
|
|-damage|p2a: Sneasler|94/100 brn|[from] brn
|upkeep
|turn|2
|
|t:|1783955167
|switch|p2a: Incineroar|Incineroar, L50, F|100/100
|-ability|p2a: Incineroar|Intimidate|boost
|-unboost|p1a: Rotom|atk|1
|-unboost|p1b: Excadrill|atk|1
|switch|p1b: Corviknight|Corviknight, L50, F|100/100
|move|p1a: Rotom|Electroweb|p2b: Sinistcha|[spread] p2a,p2b
|-resisted|p2b: Sinistcha|1
|-damage|p2a: Incineroar|88/100
|-damage|p2b: Sinistcha|94/100
|-unboost|p2a: Incineroar|spe|1
|-unboost|p2b: Sinistcha|spe|1
|move|p2b: Sinistcha|Matcha Gotcha|p1a: Rotom|[spread] p1a,p1b
|-supereffective|p1a: Rotom|1
|-resisted|p1b: Corviknight|2
|-damage|p1a: Rotom|50/100g
|-heal|p2b: Sinistcha|100/100|[from] drain|[of] p1a: Rotom
|-damage|p1b: Corviknight|94/100
|-status|p1b: Corviknight|brn
|
|-heal|p1b: Corviknight|100/100 brn|[from] item: Leftovers
|-damage|p1b: Corviknight|94/100 brn|[from] brn
|upkeep
|turn|3
|inactive|KPR21 has 30 seconds left.
|inactive|raksbach has 30 seconds left.
|
|t:|1783955198
|switch|p1a: Tyranitar|Tyranitar, L50, F|100/100
|-weather|Sandstorm|[from] ability: Sand Stream|[of] p1a: Tyranitar
|move|p2a: Incineroar|Fake Out|p1b: Corviknight
|-resisted|p1b: Corviknight|1
|-damage|p1b: Corviknight|90/100 brn
|cant|p1b: Corviknight|flinch
|move|p2b: Sinistcha|Matcha Gotcha|p1a: Tyranitar|[spread] p1a,p1b
|-supereffective|p1a: Tyranitar|1
|-resisted|p1b: Corviknight|2
|-damage|p1a: Tyranitar|72/100
|-damage|p1b: Corviknight|84/100 brn
|
|-weather|Sandstorm|[upkeep]
|-damage|p2b: Sinistcha|93/100|[from] Sandstorm
|-damage|p2a: Incineroar|82/100|[from] Sandstorm
|-heal|p1b: Corviknight|90/100 brn|[from] item: Leftovers
|-damage|p1b: Corviknight|84/100 brn|[from] brn
|upkeep
|turn|4
|
|t:|1783955222
|detailschange|p1a: Tyranitar|Tyranitar-Mega, L50, F
|-mega|p1a: Tyranitar|Tyranitar|Tyranitarite
|move|p2b: Sinistcha|Protect|p2b: Sinistcha
|-singleturn|p2b: Sinistcha|Protect
|move|p1a: Tyranitar|Knock Off|p2b: Sinistcha
|-activate|p2b: Sinistcha|move: Protect
|move|p1b: Corviknight|Brave Bird|p2b: Sinistcha
|-activate|p2b: Sinistcha|move: Protect
|move|p2a: Incineroar|Flare Blitz|p1b: Corviknight
|-supereffective|p1b: Corviknight|1
|-damage|p1b: Corviknight|14/100 brn
|-damage|p2a: Incineroar|58/100|[from] Recoil
|
|-weather|Sandstorm|[upkeep]
|-damage|p2b: Sinistcha|87/100|[from] Sandstorm
|-damage|p2a: Incineroar|52/100|[from] Sandstorm
|-heal|p1b: Corviknight|20/100y brn|[from] item: Leftovers
|-damage|p1b: Corviknight|14/100 brn|[from] brn
|upkeep
|turn|5
|
|t:|1783955246
|switch|p2b: Sneasler|Sneasler, L50, M|94/100 brn
|move|p1a: Tyranitar|Knock Off|p2b: Sneasler
|-resisted|p2b: Sneasler|1
|-damage|p2b: Sneasler|43/100 brn
|-enditem|p2b: Sneasler|Focus Sash|[from] move: Knock Off|[of] p1a: Tyranitar
|move|p1b: Corviknight|Tailwind|p1b: Corviknight
|-sidestart|p1: KPR21|move: Tailwind
|move|p2a: Incineroar|Flare Blitz|p1b: Corviknight
|-supereffective|p1b: Corviknight|1
|-damage|p1b: Corviknight|0 fnt
|faint|p1b: Corviknight
|-damage|p2a: Incineroar|47/100|[from] Recoil
|-enditem|p2a: Incineroar|Sitrus Berry|[eat]
|-heal|p2a: Incineroar|72/100|[from] item: Sitrus Berry
|
|-weather|Sandstorm|[upkeep]
|-damage|p2b: Sneasler|37/100 brn|[from] Sandstorm
|-damage|p2a: Incineroar|66/100|[from] Sandstorm
|-damage|p2b: Sneasler|31/100 brn|[from] brn
|upkeep
|
|t:|1783955259
|switch|p1b: Excadrill|Excadrill, L50, M, shiny|100/100
|turn|6
|
|t:|1783955272
|switch|p1a: Rotom|Rotom-Wash, L50, shiny|50/100g
|switch|p2a: Sinistcha|Sinistcha, L50|87/100
|-heal|p2b: Sneasler|56/100 brn|[from] ability: Hospitality|[of] p2a: Sinistcha
|move|p1b: Excadrill|Earthquake|p2b: Sneasler|[spread] p2a,p2b
|-immune|p1a: Rotom|[from] ability: Levitate
|-resisted|p2a: Sinistcha|1
|-supereffective|p2b: Sneasler|1
|-damage|p2a: Sinistcha|70/100
|-damage|p2b: Sneasler|0 fnt
|faint|p2b: Sneasler
|
|-weather|Sandstorm|[upkeep]
|-damage|p1a: Rotom|44/100|[from] Sandstorm
|-damage|p2a: Sinistcha|64/100|[from] Sandstorm
|-enditem|p1a: Rotom|Sitrus Berry|[eat]
|-heal|p1a: Rotom|69/100|[from] item: Sitrus Berry
|upkeep
|
|t:|1783955282
|switch|p2b: Incineroar|Incineroar, L50, F|66/100
|-ability|p2b: Incineroar|Intimidate|boost
|-unboost|p1a: Rotom|atk|1
|-unboost|p1b: Excadrill|atk|1
|turn|7
|
|t:|1783955303
|switch|p1a: Tyranitar|Tyranitar-Mega, L50, F|72/100
|move|p1b: Excadrill|Protect|p1b: Excadrill
|-singleturn|p1b: Excadrill|Protect
|move|p2b: Incineroar|Fake Out|p1a: Tyranitar
|-resisted|p1a: Tyranitar|1
|-damage|p1a: Tyranitar|68/100
|move|p2a: Sinistcha|Matcha Gotcha|p1a: Tyranitar|[spread] p1a
|-activate|p1b: Excadrill|move: Protect
|-supereffective|p1a: Tyranitar|1
|-damage|p1a: Tyranitar|44/100
|-heal|p2a: Sinistcha|78/100|[from] drain|[of] p1a: Tyranitar
|
|-weather|none
|upkeep
|turn|8
|
|t:|1783955326
|move|p2a: Sinistcha|Protect|p2a: Sinistcha
|-singleturn|p2a: Sinistcha|Protect
|move|p1b: Excadrill|Brick Break|p2b: Incineroar
|-supereffective|p2b: Incineroar|1
|-damage|p2b: Incineroar|35/100
|move|p1a: Tyranitar|Knock Off|p2a: Sinistcha
|-activate|p2a: Sinistcha|move: Protect
|move|p2b: Incineroar|Parting Shot|p1a: Tyranitar
|-unboost|p1a: Tyranitar|atk|1
|-unboost|p1a: Tyranitar|spa|1
|
|t:|1783955337
|switch|p2b: Blastoise|Blastoise, L50, M|100/100|[from] Parting Shot
|
|-sideend|p1: KPR21|move: Tailwind
|upkeep
|turn|9
|inactive|KPR21 has 30 seconds left.
|inactive|KPR21 has 20 seconds left.
|inactive|KPR21 has 15 seconds left.
|
|t:|1783955377
|detailschange|p2b: Blastoise|Blastoise-Mega, L50, M
|-mega|p2b: Blastoise|Blastoise|Blastoisinite
|move|p1a: Tyranitar|Protect|p1a: Tyranitar
|-singleturn|p1a: Tyranitar|Protect
|move|p1b: Excadrill|Earthquake|p2a: Sinistcha|[spread] p2a,p2b
|-activate|p1a: Tyranitar|move: Protect
|-resisted|p2a: Sinistcha|1
|-damage|p2a: Sinistcha|65/100
|-damage|p2b: Blastoise|70/100
|move|p2b: Blastoise|Water Spout|p1b: Excadrill|[spread] p1b
|-activate|p1a: Tyranitar|move: Protect
|-supereffective|p1b: Excadrill|1
|-enditem|p1b: Excadrill|Focus Sash
|-damage|p1b: Excadrill|1/100
|move|p2a: Sinistcha|Matcha Gotcha|p1b: Excadrill|[spread] p1b
|-activate|p1a: Tyranitar|move: Protect
|-damage|p1b: Excadrill|0 fnt
|-heal|p2a: Sinistcha|66/100|[from] drain|[of] p1b: Excadrill
|faint|p1b: Excadrill
|
|upkeep
|
|t:|1783955389
|switch|p1b: Rotom|Rotom-Wash, L50, shiny|69/100
|turn|10
|
|t:|1783955411
|switch|p2a: Incineroar|Incineroar, L50, F|35/100
|-ability|p2a: Incineroar|Intimidate|boost
|-unboost|p1a: Tyranitar|atk|1
|-unboost|p1b: Rotom|atk|1
|move|p2b: Blastoise|Protect|p2b: Blastoise
|-singleturn|p2b: Blastoise|Protect
|move|p1a: Tyranitar|Knock Off|p2a: Incineroar
|-resisted|p2a: Incineroar|1
|-damage|p2a: Incineroar|27/100
|move|p1b: Rotom|Thunderbolt|p2b: Blastoise
|-activate|p2b: Blastoise|move: Protect
|
|upkeep
|turn|11
|inactive|raksbach has 30 seconds left.
|
|t:|1783955440
|move|p2a: Incineroar|Fake Out|p1b: Rotom
|-damage|p1b: Rotom|58/100
|move|p2b: Blastoise|Water Spout|p1a: Tyranitar|[spread] p1a,p1b
|-supereffective|p1a: Tyranitar|1
|-resisted|p1b: Rotom|1
|-damage|p1a: Tyranitar|0 fnt
|-damage|p1b: Rotom|37/100
|faint|p1a: Tyranitar
|cant|p1b: Rotom|flinch
|
|upkeep
|turn|12
|
|t:|1783955460
|move|p2b: Blastoise|Dark Pulse|p1b: Rotom
|-crit|p1b: Rotom
|-damage|p1b: Rotom|0 fnt
|faint|p1b: Rotom
|
|win|raksbach
|raw|KPR21's rating: 1280 → 1252(-28 for losing)
|raw|raksbach's rating: 1244 → 1272(+28 for winning)
