|j|☆davirru6
|j|☆yassineVGC
|html|davirru6yassineVGC    
|uhtml|bestof|Game 1 of a best-of-3
|t:|1756906728
|gametype|doubles
|player|p1|davirru6|1|1133
|player|p2|yassineVGC|hilbert|1163
|gen|9
|tier|[Gen 9] VGC 2025 Reg H (Bo3)
|rated|
|rule|Species Clause: Limit one of each Pokémon
|rule|Item Clause: Limit 1 of each item
|clearpoke
|poke|p1|Pelipper, L50, F|
|poke|p1|Archaludon, L50, F|
|poke|p1|Basculegion, L50, M|
|poke|p1|Amoonguss, L50, M|
|poke|p1|Gholdengo, L50|
|poke|p1|Incineroar, L50, M|
|poke|p2|Dragonite, L50, M|
|poke|p2|Garchomp, L50, M|
|poke|p2|Amoonguss, L50, M|
|poke|p2|Incineroar, L50, M|
|poke|p2|Ninetales-Alola, L50, F|
|poke|p2|Kingambit, L50, M|
|teampreview|4
|showteam|p1|Pelipper||FocusSash|Drizzle|Hurricane,WeatherBall,Tailwind,Protect|||F|||50|,,,,,Stellar]Archaludon||AssaultVest|Stamina|ElectroShot,DracoMeteor,Snarl,BodyPress|||F|||50|,,,,,Grass]Basculegion||ChoiceBand|SwiftSwim|WaveCrash,FlipTurn,AquaJet,LastRespects|||M|||50|,,,,,Water]Amoonguss||SitrusBerry|Regenerator|Spore,PollenPuff,RagePowder,Protect|||M|||50|,,,,,Water]Gholdengo||LifeOrb|GoodasGold|MakeItRain,ShadowBall,NastyPlot,Protect||||||50|,,,,,Water]Incineroar||RockyHelmet|Intimidate|KnockOff,FakeOut,Taunt,PartingShot|||M|||50|,,,,,Ghost
|showteam|p2|Dragonite||ChoiceBand|InnerFocus|TeraBlast,ExtremeSpeed,LowKick,IceSpinner|||M|||50|,,,,,Flying]Garchomp||ChoiceScarf|RoughSkin|Earthquake,StompingTantrum,RockSlide,DragonClaw|||M|||50|,,,,,Ground]Amoonguss||SitrusBerry|Regenerator|PollenPuff,ClearSmog,Spore,RagePowder|||M|||50|,,,,,Fairy]Incineroar||AssaultVest|Intimidate|FakeOut,Uturn,FlareBlitz,KnockOff|||M|||50|,,,,,Ghost]Ninetales-Alola||CovertCloak|SnowWarning|Blizzard,FreezeDry,Protect,Encore|||F|||50|,,,,,Water]Kingambit||BlackGlasses|Defiant|KowtowCleave,IronHead,SuckerPunch,Protect|||M|||50|,,,,,Fire
|inactive|Battle timer is ON: inactive players will automatically lose when time's up. (requested by yassineVGC)
|inactive|davirru6 also wants the timer to be on.
|inactive|davirru6 has 60 seconds left.
|inactive|yassineVGC has 60 seconds left.
|
|t:|1756906778
|teamsize|p1|4
|teamsize|p2|4
|start
|switch|p1a: Archaludon|Archaludon, L50, F|100/100
|switch|p1b: Amoonguss|Amoonguss, L50, M|100/100
|switch|p2a: Kingambit|Kingambit, L50, M|100/100
|switch|p2b: Garchomp|Garchomp, L50, M|100/100
|turn|1
|inactive|yassineVGC has 30 seconds left.
|inactive|davirru6 has 30 seconds left.
|inactive|yassineVGC has 20 seconds left.
|
|t:|1756906820
|switch|p2a: Dragonite|Dragonite, L50, M, shiny|100/100
|-terastallize|p2b: Garchomp|Ground
|move|p2b: Garchomp|Earthquake|p1a: Archaludon|[spread] p1a,p1b
|-immune|p2a: Dragonite
|-supereffective|p1a: Archaludon
|-damage|p1a: Archaludon|29/100
|-damage|p1b: Amoonguss|54/100
|-ability|p1a: Archaludon|Stamina|boost
|-boost|p1a: Archaludon|def|1
|move|p1a: Archaludon|Draco Meteor|p2b: Garchomp
|-damage|p2b: Garchomp|31/100
|-unboost|p1a: Archaludon|spa|2
|move|p1b: Amoonguss|Spore|p2a: Dragonite
|-status|p2a: Dragonite|slp|[from] move: Spore
|
|upkeep
|turn|2
|inactive|davirru6 has 30 seconds left.
|
|t:|1756906846
|switch|p1a: Pelipper|Pelipper, L50, F|100/100
|-weather|RainDance|[from] ability: Drizzle|[of] p1a: Pelipper
|move|p2b: Garchomp|Earthquake|p1a: Pelipper|[spread] p1b
|-immune|p2a: Dragonite
|-immune|p1a: Pelipper
|-damage|p1b: Amoonguss|10/100
|-enditem|p1b: Amoonguss|Sitrus Berry|[eat]
|-heal|p1b: Amoonguss|35/100|[from] item: Sitrus Berry
|cant|p2a: Dragonite|slp
|move|p1b: Amoonguss|Spore|p2b: Garchomp
|-status|p2b: Garchomp|slp|[from] move: Spore
|
|-weather|RainDance|[upkeep]
|upkeep
|turn|3
|
|t:|1756906866
|switch|p2b: Ninetales|Ninetales-Alola, L50, F|100/100
|-weather|Snowscape|[from] ability: Snow Warning|[of] p2b: Ninetales
|switch|p1b: Gholdengo|Gholdengo, L50|100/100
|move|p1a: Pelipper|Weather Ball|p2b: Ninetales
|-resisted|p2b: Ninetales
|-damage|p2b: Ninetales|84/100
|cant|p2a: Dragonite|slp
|
|-weather|Snowscape|[upkeep]
|upkeep
|turn|4
|inactive|yassineVGC has 30 seconds left.
|
|t:|1756906891
|switch|p1a: Archaludon|Archaludon, L50, F|29/100
|switch|p2a: Kingambit|Kingambit, L50, M|100/100
|move|p2b: Ninetales|Blizzard|p1a: Archaludon|[spread] p1a,p1b
|-resisted|p1b: Gholdengo
|-damage|p1a: Archaludon|7/100
|-damage|p1b: Gholdengo|86/100
|-ability|p1a: Archaludon|Stamina|boost
|-boost|p1a: Archaludon|def|1
|move|p1b: Gholdengo|Nasty Plot|p1b: Gholdengo
|-boost|p1b: Gholdengo|spa|2
|
|-weather|Snowscape|[upkeep]
|upkeep
|turn|5
|
|t:|1756906913
|move|p1b: Gholdengo|Protect|p1b: Gholdengo
|-singleturn|p1b: Gholdengo|Protect
|move|p2a: Kingambit|Sucker Punch||[still]
|-fail|p2a: Kingambit
|move|p2b: Ninetales|Freeze-Dry|p1a: Archaludon
|-damage|p1a: Archaludon|0 fnt
|faint|p1a: Archaludon
|
|-weather|Snowscape|[upkeep]
|upkeep
|
|t:|1756906915
|switch|p1a: Amoonguss|Amoonguss, L50, M|68/100
|turn|6
|inactive|yassineVGC has 30 seconds left.
|
|t:|1756906958
|-terastallize|p1a: Amoonguss|Water
|move|p2b: Ninetales|Blizzard|p1a: Amoonguss|[spread] p1a,p1b
|-resisted|p1a: Amoonguss
|-resisted|p1b: Gholdengo
|-damage|p1a: Amoonguss|57/100
|-damage|p1b: Gholdengo|72/100
|move|p1b: Gholdengo|Make It Rain|p2a: Kingambit|[spread] p2a,p2b
|-resisted|p2a: Kingambit
|-supereffective|p2b: Ninetales
|-damage|p2a: Kingambit|46/100
|-damage|p2b: Ninetales|0 fnt
|-unboost|p1b: Gholdengo|spa|1
|faint|p2b: Ninetales
|-damage|p1b: Gholdengo|62/100|[from] item: Life Orb
|move|p2a: Kingambit|Kowtow Cleave|p1b: Gholdengo
|-supereffective|p1b: Gholdengo
|-damage|p1b: Gholdengo|0 fnt
|faint|p1b: Gholdengo
|move|p1a: Amoonguss|Spore|p2a: Kingambit
|-status|p2a: Kingambit|slp|[from] move: Spore
|
|-weather|Snowscape|[upkeep]
|upkeep
|
|t:|1756906978
|switch|p2b: Dragonite|Dragonite, L50, M, shiny|100/100 slp
|switch|p1b: Pelipper|Pelipper, L50, F|100/100
|-weather|RainDance|[from] ability: Drizzle|[of] p1b: Pelipper
|turn|7
|
|t:|1756906991
|cant|p2a: Kingambit|slp
|move|p1b: Pelipper|Hurricane|p2b: Dragonite
|-crit|p2b: Dragonite
|-damage|p2b: Dragonite|38/100 slp
|-start|p2b: Dragonite|confusion
|-curestatus|p2b: Dragonite|slp|[msg]
|-activate|p2b: Dragonite|confusion
|move|p2b: Dragonite|Ice Spinner|p1b: Pelipper
|-damage|p1b: Pelipper|39/100
|move|p1a: Amoonguss|Spore|p2b: Dragonite
|-status|p2b: Dragonite|slp|[from] move: Spore
|
|-weather|RainDance|[upkeep]
|upkeep
|turn|8
|
|t:|1756907007
|cant|p2a: Kingambit|slp
|move|p1b: Pelipper|Weather Ball|p2a: Kingambit
|-damage|p2a: Kingambit|0 fnt
|faint|p2a: Kingambit
|cant|p2b: Dragonite|slp
|move|p1a: Amoonguss|Pollen Puff|p1b: Pelipper
|-heal|p1b: Pelipper|89/100
|
|-weather|RainDance|[upkeep]
|upkeep
|
|t:|1756907017
|switch|p2a: Garchomp|Garchomp, L50, M, tera:Ground|31/100 slp
|turn|9
|
|t:|1756907031
|move|p1a: Amoonguss|Rage Powder|p1a: Amoonguss
|-singleturn|p1a: Amoonguss|move: Rage Powder
|cant|p2a: Garchomp|slp
|move|p1b: Pelipper|Hurricane|p2b: Dragonite
|-damage|p2b: Dragonite|0 fnt
|faint|p2b: Dragonite
|
|-weather|RainDance|[upkeep]
|upkeep
|turn|10
|-message|yassineVGC forfeited.
|
|win|davirru6
||yassineVGC is ready for game 2.
|inactive|davirru6 has 30 seconds to confirm battle start!
||davirru6 is ready for game 2.
|uhtml|next|Next: Game 2 of 3
|l|☆yassineVGC
|player|p2|
