|j|☆ninha1600
|j|☆tortilla sorpresa
|html|ninha1600tortilla sorpresa    
|uhtml|bestof|Game 1 of a best-of-3
|t:|1756206794
|gametype|doubles
|player|p1|ninha1600|lady|1042
|player|p2|tortilla sorpresa|ghetsis-gen5bw|1071
|gen|9
|tier|[Gen 9] VGC 2025 Reg H (Bo3)
|rated|
|rule|Species Clause: Limit one of each Pokémon
|rule|Item Clause: Limit 1 of each item
|clearpoke
|poke|p1|Maushold, L50|
|poke|p1|Annihilape, L50, M|
|poke|p1|Gholdengo, L50|
|poke|p1|Rillaboom, L50, F|
|poke|p1|Murkrow, L50, F|
|poke|p1|Baxcalibur, L50, M|
|poke|p2|Archaludon, L50, F|
|poke|p2|Pelipper, L50, M|
|poke|p2|Gholdengo, L50|
|poke|p2|Basculegion, L50, M|
|poke|p2|Amoonguss, L50, M|
|poke|p2|Incineroar, L50, M|
|teampreview|4
|showteam|p1|Maushold||WideLens|FriendGuard|Protect,FollowMe,PopulationBomb,BeatUp||||||50|,,,,,Ghost]Annihilape||Leftovers|Defiant|RageFist,DrainPunch,Protect,Coaching|||M|||50|,,,,,Electric]Gholdengo||SitrusBerry|GoodasGold|MakeItRain,Protect,ShadowBall,Thunderbolt||||||50|,,,,,Water]Rillaboom||AssaultVest|GrassySurge|FakeOut,WoodHammer,HighHorsepower,GrassyGlide|||F|||50|,,,,,Fire]Murkrow||Eviolite|Prankster|Quash,Haze,Tailwind,FoulPlay|||F|||50|,,,,,Ghost]Baxcalibur||LoadedDice|ThermalExchange|ScaleShot,IcicleSpear,Protect,IceShard|||M|||50|,,,,,Ghost
|showteam|p2|Archaludon||AssaultVest|Stamina|DracoMeteor,FlashCannon,ElectroShot,BodyPress|||F|||50|,,,,,Grass]Pelipper||FocusSash|Drizzle|Protect,WeatherBall,Hurricane,Tailwind|||M|||50|,,,,,Stellar]Gholdengo||LifeOrb|GoodasGold|Protect,MakeItRain,ShadowBall,NastyPlot||||||50|,,,,,Water]Basculegion||ChoiceBand|SwiftSwim|FlipTurn,WaveCrash,AquaJet,LastRespects|||M|||50|,,,,,Grass]Amoonguss||SitrusBerry|Regenerator|Spore,RagePowder,PollenPuff,Protect|||M|||50|,,,,,Water]Incineroar||SafetyGoggles|Intimidate|FlareBlitz,KnockOff,PartingShot,FakeOut|||M|||50|,,,,,Ghost
|inactive|Battle timer is ON: inactive players will automatically lose when time's up. (requested by tortilla sorpresa)
|inactive|ninha1600 has 60 seconds left.
|
|t:|1756206828
|teamsize|p1|4
|teamsize|p2|4
|start
|switch|p1a: Maushold|Maushold, L50|100/100
|switch|p1b: Annihilape|Annihilape, L50, M, shiny|100/100
|switch|p2a: Pelipper|Pelipper, L50, M, shiny|100/100
|switch|p2b: Gholdengo|Gholdengo, L50|100/100
|-weather|RainDance|[from] ability: Drizzle|[of] p2a: Pelipper
|turn|1
|inactive|ninha1600 has 30 seconds left.
|inactive|tortilla sorpresa has 30 seconds left.
|inactive|ninha1600 has 20 seconds left.
|inactive|tortilla sorpresa has 20 seconds left.
|inactive|ninha1600 has 15 seconds left.
|inactive|tortilla sorpresa has 15 seconds left.
|inactive|ninha1600 has 10 seconds left.
|inactive|tortilla sorpresa has 10 seconds left.
|inactive|tortilla sorpresa has 5 seconds left.
|
|t:|1756206883
|-terastallize|p1b: Annihilape|Electric
|move|p2b: Gholdengo|Protect|p2b: Gholdengo
|-singleturn|p2b: Gholdengo|Protect
|move|p2a: Pelipper|Protect|p2a: Pelipper
|-singleturn|p2a: Pelipper|Protect
|move|p1b: Annihilape|Rage Fist|p2b: Gholdengo
|-activate|p2b: Gholdengo|move: Protect
|move|p1a: Maushold|Beat Up|p1b: Annihilape
|-damage|p1b: Annihilape|98/100
|-damage|p1b: Annihilape|94/100
|-damage|p1b: Annihilape|92/100
|-damage|p1b: Annihilape|88/100
|-hitcount|p1b: Annihilape|4
|
|-weather|RainDance|[upkeep]
|-heal|p1b: Annihilape|94/100|[from] item: Leftovers
|upkeep
|turn|2
|inactive|ninha1600 has 30 seconds left.
|inactive|ninha1600 has 20 seconds left.
|inactive|ninha1600 has 15 seconds left.
|inactive|ninha1600 has 10 seconds left.
|inactive|ninha1600 has 5 seconds left.
|
|t:|1756206937
|switch|p2b: Archaludon|Archaludon, L50, F, shiny|100/100
|move|p1b: Annihilape|Rage Fist|p2b: Archaludon
|-damage|p2b: Archaludon|11/100
|-ability|p2b: Archaludon|Stamina|boost
|-boost|p2b: Archaludon|def|1
|move|p1a: Maushold|Population Bomb|p2a: Pelipper
|-damage|p2a: Pelipper|92/100
|-damage|p2a: Pelipper|82/100
|-crit|p2a: Pelipper
|-damage|p2a: Pelipper|66/100
|-damage|p2a: Pelipper|56/100
|-damage|p2a: Pelipper|48/100
|-damage|p2a: Pelipper|39/100
|-damage|p2a: Pelipper|29/100
|-damage|p2a: Pelipper|20/100
|-damage|p2a: Pelipper|11/100
|-damage|p2a: Pelipper|2/100
|-hitcount|p2a: Pelipper|10
|move|p2a: Pelipper|Tailwind|p2a: Pelipper
|-sidestart|p2: tortilla sorpresa|move: Tailwind
|
|-weather|RainDance|[upkeep]
|-heal|p1b: Annihilape|100/100|[from] item: Leftovers
|upkeep
|turn|3
|inactive|ninha1600 has 30 seconds left.
|inactive|tortilla sorpresa has 30 seconds left.
|inactive|ninha1600 has 20 seconds left.
|inactive|tortilla sorpresa has 20 seconds left.
|inactive|ninha1600 has 15 seconds left.
|
|t:|1756206978
|-terastallize|p2a: Pelipper|Stellar
|move|p1a: Maushold|Follow Me|p1a: Maushold
|-singleturn|p1a: Maushold|move: Follow Me
|move|p2b: Archaludon|Draco Meteor|p1a: Maushold
|-damage|p1a: Maushold|21/100
|-unboost|p2b: Archaludon|spa|2
|move|p2a: Pelipper|Weather Ball|p1a: Maushold
|-damage|p1a: Maushold|0 fnt
|faint|p1a: Maushold
|move|p1b: Annihilape|Rage Fist|p2b: Archaludon
|-damage|p2b: Archaludon|0 fnt
|faint|p2b: Archaludon
|
|-weather|RainDance|[upkeep]
|upkeep
|
|t:|1756206994
|switch|p1a: Murkrow|Murkrow, L50, F|100/100
|switch|p2b: Gholdengo|Gholdengo, L50|100/100
|turn|4
|
|t:|1756207019
|move|p1b: Annihilape|Protect|p1b: Annihilape
|-singleturn|p1b: Annihilape|Protect
|move|p2b: Gholdengo|Make It Rain|p1b: Annihilape|[spread] p1a
|-activate|p1b: Annihilape|move: Protect
|-damage|p1a: Murkrow|22/100
|-unboost|p2b: Gholdengo|spa|1
|-damage|p2b: Gholdengo|91/100|[from] item: Life Orb
|move|p2a: Pelipper|Hurricane|p1b: Annihilape
|-activate|p1b: Annihilape|move: Protect
|move|p1a: Murkrow|Foul Play|p2b: Gholdengo
|-supereffective|p2b: Gholdengo
|-damage|p2b: Gholdengo|54/100
|
|-weather|RainDance|[upkeep]
|upkeep
|turn|5
|inactive|ninha1600 has 30 seconds left.
|
|t:|1756207044
|switch|p2a: Basculegion|Basculegion, L50, M, shiny|100/100
|move|p1a: Murkrow|Tailwind|p1a: Murkrow
|-sidestart|p1: ninha1600|move: Tailwind
|move|p1b: Annihilape|Rage Fist|p2a: Basculegion
|-supereffective|p2a: Basculegion
|-damage|p2a: Basculegion|0 fnt
|faint|p2a: Basculegion
|move|p2b: Gholdengo|Make It Rain|p1b: Annihilape|[spread] p1a,p1b
|-resisted|p1b: Annihilape
|-damage|p1a: Murkrow|0 fnt
|-damage|p1b: Annihilape|81/100
|-unboost|p2b: Gholdengo|spa|1
|faint|p1a: Murkrow
|-damage|p2b: Gholdengo|44/100|[from] item: Life Orb
|
|-weather|none
|-heal|p1b: Annihilape|87/100|[from] item: Leftovers
|-sideend|p2: tortilla sorpresa|move: Tailwind
|upkeep
|inactive|tortilla sorpresa has 30 seconds left.
|inactive|tortilla sorpresa has 20 seconds left.
|inactive|tortilla sorpresa has 15 seconds left.
|inactive|tortilla sorpresa has 10 seconds left.
|inactive|tortilla sorpresa has 5 seconds left.
|
|t:|1756207095
|switch|p2a: Pelipper|Pelipper, L50, M, shiny, tera:Stellar|2/100
|switch|p1a: Baxcalibur|Baxcalibur, L50, M|100/100
|-weather|RainDance|[from] ability: Drizzle|[of] p2a: Pelipper
|turn|6
|
|t:|1756207110
|move|p2b: Gholdengo|Protect|p2b: Gholdengo
|-singleturn|p2b: Gholdengo|Protect
|move|p1a: Baxcalibur|Ice Shard|p2a: Pelipper
|-damage|p2a: Pelipper|0 fnt
|faint|p2a: Pelipper
|move|p1b: Annihilape|Rage Fist|p2b: Gholdengo
|-activate|p2b: Gholdengo|move: Protect
|
|-weather|RainDance|[upkeep]
|-heal|p1b: Annihilape|93/100|[from] item: Leftovers
|upkeep
|turn|7
|-message|tortilla sorpresa forfeited.
|
|win|ninha1600
||tortilla sorpresa is ready for game 2.
