|j|☆raylof
|j|☆RedGenji195
|html|raylofRedGenji195    
|uhtml|bestof|Game 2 of a best-of-3
|t:|1756269643
|gametype|doubles
|player|p1|raylof|170|1162
|player|p2|RedGenji195|265|1112
|gen|9
|tier|[Gen 9] VGC 2025 Reg H (Bo3)
|rated|
|rule|Species Clause: Limit one of each Pokémon
|rule|Item Clause: Limit 1 of each item
|clearpoke
|poke|p1|Dragonite, L50, F|
|poke|p1|Ursaluna-Bloodmoon, L50, M|
|poke|p1|Gholdengo, L50|
|poke|p1|Incineroar, L50, F|
|poke|p1|Amoonguss, L50, F|
|poke|p1|Ninetales-Alola, L50, M|
|poke|p2|Dragonite, L50, F|
|poke|p2|Sneasler, L50, M|
|poke|p2|Ursaluna-Bloodmoon, L50, M|
|poke|p2|Gholdengo, L50|
|poke|p2|Incineroar, L50, F|
|poke|p2|Ninetales-Alola, L50, F|
|teampreview|4
|showteam|p1|Dragonite||LoadedDice|Multiscale|ScaleShot,Haze,Protect,Tailwind|||F|||50|,,,,,Fairy]Ursaluna-Bloodmoon||AssaultVest|MindsEye|BloodMoon,HyperVoice,VacuumWave,EarthPower|||M|||50|,,,,,Ghost]Gholdengo||LifeOrb|GoodasGold|MakeItRain,ShadowBall,Protect,NastyPlot||||||50|,,,,,Water]Incineroar||SafetyGoggles|Intimidate|KnockOff,FakeOut,FlareBlitz,PartingShot|||F|||50|,,,,,Ghost]Amoonguss||SitrusBerry|Regenerator|PollenPuff,Spore,RagePowder,Protect|||F|||50|,,,,,Water]Ninetales-Alola||LightClay|SnowWarning|IcyWind,FreezeDry,Protect,AuroraVeil|||M|||50|,,,,,Ghost
|showteam|p2|Dragonite||LoadedDice|Multiscale|ScaleShot,Tailwind,Haze,Protect|||F|||50|,,,,,Fairy]Sneasler||FocusSash|Unburden|DireClaw,ThroatChop,CloseCombat,Protect|||M|||50|,,,,,Stellar]Ursaluna-Bloodmoon||LifeOrb|MindsEye|BloodMoon,HyperVoice,EarthPower,Protect|||M|||50|,,,,,Normal]Gholdengo||MetalCoat|GoodasGold|MakeItRain,ShadowBall,NastyPlot,Protect||||||50|,,,,,Dragon]Incineroar||SafetyGoggles|Intimidate|KnockOff,PartingShot,FlareBlitz,FakeOut|||F|||50|,,,,,Ghost]Ninetales-Alola||CovertCloak|SnowWarning|Blizzard,AuroraVeil,Encore,IcyWind|||F|||50|,,,,,Water
|inactive|Battle timer is ON: inactive players will automatically lose when time's up. (requested by RedGenji195)
|
|t:|1756269688
|teamsize|p1|4
|teamsize|p2|4
|start
|switch|p1a: Dragonite|Dragonite, L50, F|100/100
|switch|p1b: Incineroar|Incineroar, L50, F|100/100
|switch|p2a: Incineroar|Incineroar, L50, F|100/100
|switch|p2b: Gholdengo|Gholdengo, L50|100/100
|-ability|p2a: Incineroar|Intimidate|boost
|-unboost|p1a: Dragonite|atk|1
|-unboost|p1b: Incineroar|atk|1
|-ability|p1b: Incineroar|Intimidate|boost
|-unboost|p2a: Incineroar|atk|1
|-unboost|p2b: Gholdengo|atk|1
|turn|1
|inactive|raylof has 30 seconds left.
|
|t:|1756269721
|-terastallize|p2b: Gholdengo|Dragon
|move|p1a: Dragonite|Protect|p1a: Dragonite
|-singleturn|p1a: Dragonite|Protect
|move|p2a: Incineroar|Fake Out|p1a: Dragonite
|-activate|p1a: Dragonite|move: Protect
|move|p2b: Gholdengo|Nasty Plot|p2b: Gholdengo
|-boost|p2b: Gholdengo|spa|2
|move|p1b: Incineroar|Knock Off|p2b: Gholdengo
|-damage|p2b: Gholdengo|72/100
|-enditem|p2b: Gholdengo|Metal Coat|[from] move: Knock Off|[of] p1b: Incineroar
|
|upkeep
|turn|2
|
|t:|1756269742
|move|p2b: Gholdengo|Protect|p2b: Gholdengo
|-singleturn|p2b: Gholdengo|Protect
|move|p1a: Dragonite|Scale Shot|p2b: Gholdengo
|-activate|p2b: Gholdengo|move: Protect
|move|p2a: Incineroar|Parting Shot|p1a: Dragonite
|-unboost|p1a: Dragonite|atk|1
|-unboost|p1a: Dragonite|spa|1
|
|t:|1756269751
|switch|p2a: Ninetales|Ninetales-Alola, L50, F|100/100|[from] Parting Shot
|-weather|Snowscape|[from] ability: Snow Warning|[of] p2a: Ninetales
|move|p1b: Incineroar|Knock Off|p2a: Ninetales
|-resisted|p2a: Ninetales
|-damage|p2a: Ninetales|89/100
|-enditem|p2a: Ninetales|Covert Cloak|[from] move: Knock Off|[of] p1b: Incineroar
|
|-weather|Snowscape|[upkeep]
|upkeep
|turn|3
|inactive|raylof has 30 seconds left.
|
|t:|1756269781
|move|p1a: Dragonite|Protect|p1a: Dragonite
|-singleturn|p1a: Dragonite|Protect
|move|p2a: Ninetales|Icy Wind|p1b: Incineroar|[spread] p1b
|-activate|p1a: Dragonite|move: Protect
|-resisted|p1b: Incineroar
|-crit|p1b: Incineroar
|-damage|p1b: Incineroar|92/100
|-unboost|p1b: Incineroar|spe|1
|move|p2b: Gholdengo|Make It Rain|p1a: Dragonite|[spread] p1b
|-activate|p1a: Dragonite|move: Protect
|-resisted|p1b: Incineroar
|-damage|p1b: Incineroar|59/100
|-unboost|p2b: Gholdengo|spa|1
|move|p1b: Incineroar|Flare Blitz|p2a: Ninetales
|-supereffective|p2a: Ninetales
|-damage|p2a: Ninetales|34/100
|-damage|p1b: Incineroar|42/100|[from] Recoil
|
|-weather|Snowscape|[upkeep]
|upkeep
|turn|4
|inactive|raylof has 30 seconds left.
|inactive|RedGenji195 has 30 seconds left.
|inactive|raylof has 20 seconds left.
|inactive|RedGenji195 has 20 seconds left.
|inactive|raylof has 15 seconds left.
|inactive|raylof has 10 seconds left.
|
|t:|1756269827
|switch|p1a: Gholdengo|Gholdengo, L50|100/100
|move|p2a: Ninetales|Encore|p1a: Gholdengo
|-immune|p1a: Gholdengo|[from] ability: Good as Gold
|move|p2b: Gholdengo|Make It Rain|p1b: Incineroar|[spread] p1a,p1b
|-resisted|p1a: Gholdengo
|-resisted|p1b: Incineroar
|-damage|p1a: Gholdengo|70/100
|-damage|p1b: Incineroar|13/100
|-unboost|p2b: Gholdengo|spa|1
|move|p1b: Incineroar|Parting Shot|p2a: Ninetales
|-unboost|p2a: Ninetales|atk|1
|-unboost|p2a: Ninetales|spa|1
|
|t:|1756269840
|switch|p1b: Dragonite|Dragonite, L50, F|100/100|[from] Parting Shot
|
|-weather|Snowscape|[upkeep]
|upkeep
|turn|5
|
|t:|1756269864
|-terastallize|p1a: Gholdengo|Water
|move|p2a: Ninetales|Icy Wind|p1a: Gholdengo|[spread] p1a,p1b
|-resisted|p1a: Gholdengo
|-supereffective|p1b: Dragonite
|-damage|p1a: Gholdengo|66/100
|-damage|p1b: Dragonite|85/100
|-unboost|p1a: Gholdengo|spe|1
|-unboost|p1b: Dragonite|spe|1
|move|p2b: Gholdengo|Shadow Ball|p1a: Gholdengo
|-crit|p1a: Gholdengo
|-damage|p1a: Gholdengo|2/100
|move|p1a: Gholdengo|Nasty Plot|p1a: Gholdengo
|-boost|p1a: Gholdengo|spa|2
|move|p1b: Dragonite|Tailwind|p1b: Dragonite
|-sidestart|p1: raylof|move: Tailwind
|
|-weather|Snowscape|[upkeep]
|upkeep
|turn|6
|inactive|raylof has 30 seconds left.
|inactive|RedGenji195 has 30 seconds left.
|inactive|RedGenji195 has 20 seconds left.
|
|t:|1756269905
|switch|p1b: Incineroar|Incineroar, L50, F|13/100
|-ability|p1b: Incineroar|Intimidate|boost
|-unboost|p2a: Ninetales|atk|1
|-unboost|p2b: Gholdengo|atk|1
|switch|p2b: Incineroar|Incineroar, L50, F|100/100
|-ability|p2b: Incineroar|Intimidate|boost
|-unboost|p1a: Gholdengo|atk|1
|-unboost|p1b: Incineroar|atk|1
|move|p1a: Gholdengo|Make It Rain|p2b: Incineroar|[spread] p2a,p2b
|-supereffective|p2a: Ninetales
|-resisted|p2b: Incineroar
|-damage|p2a: Ninetales|0 fnt
|-damage|p2b: Incineroar|51/100
|-unboost|p1a: Gholdengo|spa|1
|faint|p2a: Ninetales
|-damage|p1a: Gholdengo|0 fnt|[from] item: Life Orb
|faint|p1a: Gholdengo
|
|-weather|none
|upkeep
|inactive|RedGenji195 has 30 seconds left.
|
|t:|1756269939
|switch|p2a: Gholdengo|Gholdengo, L50, tera:Dragon|72/100
|switch|p1a: Dragonite|Dragonite, L50, F|85/100
|turn|7
|
|t:|1756269957
|move|p2a: Gholdengo|Protect|p2a: Gholdengo
|-singleturn|p2a: Gholdengo|Protect
|move|p1b: Incineroar|Fake Out|p2b: Incineroar
|-damage|p2b: Incineroar|43/100
|cant|p2b: Incineroar|flinch
|move|p1a: Dragonite|Scale Shot|p2b: Incineroar
|-damage|p2b: Incineroar|28/100
|-damage|p2b: Incineroar|14/100
|-damage|p2b: Incineroar|0 fnt
|faint|p2b: Incineroar
|-hitcount|p2: Incineroar|3
|-unboost|p1a: Dragonite|def|1
|-boost|p1a: Dragonite|spe|1
|
|upkeep
|
|t:|1756269964
|switch|p2b: Ursaluna|Ursaluna-Bloodmoon, L50, M|100/100
|turn|8
|
|t:|1756269980
|move|p1a: Dragonite|Scale Shot|p2a: Gholdengo
|-supereffective|p2a: Gholdengo
|-damage|p2a: Gholdengo|41/100
|-supereffective|p2a: Gholdengo
|-damage|p2a: Gholdengo|11/100
|-supereffective|p2a: Gholdengo
|-damage|p2a: Gholdengo|0 fnt
|faint|p2a: Gholdengo
|-hitcount|p2: Gholdengo|3
|-unboost|p1a: Dragonite|def|1
|-boost|p1a: Dragonite|spe|1
|move|p1b: Incineroar|Parting Shot|p2b: Ursaluna
|-unboost|p2b: Ursaluna|atk|1
|-unboost|p2b: Ursaluna|spa|1
|
|t:|1756269991
|switch|p1b: Ursaluna|Ursaluna-Bloodmoon, L50, M|100/100|[from] Parting Shot
|move|p2b: Ursaluna|Blood Moon|p1a: Dragonite
|-damage|p1a: Dragonite|6/100
|-damage|p2b: Ursaluna|91/100|[from] item: Life Orb
|
|-sideend|p1: raylof|move: Tailwind
|upkeep
|turn|9
|-message|RedGenji195 forfeited.
|
|win|raylof
|raw|raylof's rating: 1162 → 1183(+21 for winning)
|raw|RedGenji195's rating: 1112 → 1091(-21 for losing)
|l|☆RedGenji195
|player|p2|
