|j|☆bellytelevision
|j|☆AlyxOU
|html|bellytelevisionAlyxOU    
|uhtml|bestof|Game 1 of a best-of-3
|t:|1783381300
|gametype|doubles
|player|p1|bellytelevision|biker|1082
|player|p2|AlyxOU|2|1107
|gen|9
|tier|[Gen 9 Champions] VGC 2026 Reg M-B (Bo3)
|rated|
|rule|Species Clause: Limit one of each Pokémon
|rule|Item Clause: Limit 1 of each item
|clearpoke
|poke|p1|Venusaur, L50, M, shiny|
|poke|p1|Metagross, L50|
|poke|p1|Sinistcha, L50|
|poke|p1|Pelipper, L50, F|
|poke|p1|Archaludon, L50, M, shiny|
|poke|p1|Sableye, L50, M, shiny|
|poke|p2|Charizard, L50, M|
|poke|p2|Whimsicott, L50, M|
|poke|p2|Kingambit, L50, M|
|poke|p2|Basculegion, L50, M|
|poke|p2|Garchomp, L50, F|
|poke|p2|Glimmora, L50, F|
|teampreview|4
|showteam|p1|Venusaur||Venusaurite|Chlorophyll|GigaDrain,SludgeBomb,Protect,EarthPower|Modest||M|||50|]Metagross||Metagrossite|ClearBody|IronHead,PsychicFangs,IcePunch,Protect|Jolly|||||50|]Sinistcha||KasibBerry|Hospitality|RagePowder,MatchaGotcha,LifeDew,TrickRoom|Sassy|||||50|]Pelipper||SitrusBerry|Drizzle|Tailwind,Hurricane,WeatherBall,WideGuard|Bold||F|||50|]Archaludon||Leftovers|Stamina|ElectroShot,FlashCannon,DragonPulse,Protect|Modest||M|||50|]Sableye||LightClay|Prankster|RainDance,Reflect,LightScreen,WillOWisp|Sassy||M|||50|
|showteam|p2|Charizard||CharizarditeY|Blaze|HeatWave,SolarBeam,WeatherBall,Protect|Modest||M|||50|]Whimsicott||FairyFeather|Prankster|Moonblast,Tailwind,Encore,Protect|Timid||M|||50|]Kingambit||ChopleBerry|Defiant|KowtowCleave,LowKick,SuckerPunch,Protect|Adamant||M|||50|]Basculegion||MysticWater|Adaptability|WaveCrash,LastRespects,AquaJet,Protect|Adamant||M|||50|]Garchomp||SitrusBerry|RoughSkin|DragonClaw,Earthquake,RockSlide,PoisonJab|Jolly||F|||50|]Glimmora||FocusSash|ToxicDebris|PowerGem,SludgeBomb,EarthPower,SpikyShield|Modest||F|||50|
|inactive|Battle timer is ON: inactive players will automatically lose when time's up. (requested by AlyxOU)
|c|☆AlyxOU|glhf
|inactive|bellytelevision has 60 seconds left.
|c|☆AlyxOU|I've had some of the most frustrating opponents possible tonight
|
|t:|1783381345
|teamsize|p1|4
|teamsize|p2|4
|start
|switch|p1a: Sableye|Sableye, L50, M, shiny|100/100
|switch|p1b: Pelipper|Pelipper, L50, F|100/100
|switch|p2a: Charizard|Charizard, L50, M|100/100
|switch|p2b: Whimsicott|Whimsicott, L50, M|100/100
|-weather|RainDance|[from] ability: Drizzle|[of] p1b: Pelipper
|turn|1
|c|☆bellytelevision|glhf!
|
|t:|1783381369
|switch|p2a: Basculegion|Basculegion, L50, M|100/100
|move|p2b: Whimsicott|Tailwind|p2b: Whimsicott
|-sidestart|p2: AlyxOU|move: Tailwind
|move|p1a: Sableye|Light Screen|p1a: Sableye
|-sidestart|p1: bellytelevision|move: Light Screen
|move|p1b: Pelipper|Weather Ball|p2b: Whimsicott
|-resisted|p2b: Whimsicott|1
|-damage|p2b: Whimsicott|59/100
|
|-weather|RainDance|[upkeep]
|upkeep
|turn|2
|
|t:|1783381389
|move|p2b: Whimsicott|Encore|p1b: Pelipper
|-start|p1b: Pelipper|Encore
|move|p1a: Sableye|Will-O-Wisp|p2a: Basculegion
|-status|p2a: Basculegion|brn
|move|p2a: Basculegion|Wave Crash|p1a: Sableye
|-damage|p1a: Sableye|0 fnt
|faint|p1a: Sableye
|-damage|p2a: Basculegion|73/100 brn|[from] Recoil
|move|p1b: Pelipper|Weather Ball|p2b: Whimsicott
|-resisted|p2b: Whimsicott|1
|-damage|p2b: Whimsicott|22/100
|
|-weather|RainDance|[upkeep]
|-damage|p2a: Basculegion|67/100 brn|[from] brn
|upkeep
|c|☆bellytelevision|what have you been playing?
|c|☆AlyxOU|just really cringe grimmsnarl teams
|
|t:|1783381414
|switch|p1a: Sinistcha|Sinistcha, L50|100/100
|turn|3
|c|☆AlyxOU|with mega-dragalage
|inactive|bellytelevision has 30 seconds left.
|
|t:|1783381447
|switch|p1b: Archaludon|Archaludon, L50, M, shiny|100/100
|move|p2a: Basculegion|Protect|p2a: Basculegion
|-singleturn|p2a: Basculegion|Protect
|move|p2b: Whimsicott|Moonblast|p1b: Archaludon
|-damage|p1b: Archaludon|74/100
|-ability|p1b: Archaludon|Stamina|boost
|-boost|p1b: Archaludon|def|1
|move|p1a: Sinistcha|Trick Room|p1a: Sinistcha
|-fieldstart|move: Trick Room|[of] p1a: Sinistcha
|
|-weather|RainDance|[upkeep]
|-heal|p1b: Archaludon|80/100|[from] item: Leftovers
|-damage|p2a: Basculegion|61/100 brn|[from] brn
|upkeep
|turn|4
|c|☆bellytelevision|i have so much trouble against grimm
|inactive|bellytelevision has 30 seconds left.
|inactive|AlyxOU has 30 seconds left.
|c|☆AlyxOU|same
|inactive|bellytelevision has 20 seconds left.
|
|t:|1783381483
|switch|p1a: Pelipper|Pelipper, L50, F|100/100
|move|p1b: Archaludon|Electro Shot||[still]
|-prepare|p1b: Archaludon|Electro Shot
|-boost|p1b: Archaludon|spa|1
|-anim|p1b: Archaludon|Electro Shot|p2b: Whimsicott
|-resisted|p2b: Whimsicott|1
|-damage|p2b: Whimsicott|0 fnt
|faint|p2b: Whimsicott
|move|p2a: Basculegion|Wave Crash|p1a: Pelipper
|-resisted|p1a: Pelipper|1
|-damage|p1a: Pelipper|62/100
|-damage|p2a: Basculegion|50/100g brn|[from] Recoil
|
|-weather|RainDance|[upkeep]
|-heal|p1b: Archaludon|86/100|[from] item: Leftovers
|-damage|p2a: Basculegion|44/100 brn|[from] brn
|-sideend|p2: AlyxOU|move: Tailwind
|upkeep
|
|t:|1783381493
|switch|p2b: Charizard|Charizard, L50, M|100/100
|turn|5
|inactive|bellytelevision has 30 seconds left.
|
|t:|1783381521
|switch|p1a: Sinistcha|Sinistcha, L50|100/100
|-heal|p1b: Archaludon|100/100|[from] ability: Hospitality|[of] p1a: Sinistcha
|detailschange|p2b: Charizard|Charizard-Mega-Y, L50, M
|-mega|p2b: Charizard|Charizard|Charizardite Y
|-weather|SunnyDay|[from] ability: Drought|[of] p2b: Charizard
|move|p1b: Archaludon|Protect|p1b: Archaludon
|-singleturn|p1b: Archaludon|Protect
|move|p2a: Basculegion|Last Respects|p1a: Sinistcha
|-supereffective|p1a: Sinistcha|1
|-enditem|p1a: Sinistcha|Kasib Berry|[eat]
|-enditem|p1a: Sinistcha|Kasib Berry|[weaken]
|-damage|p1a: Sinistcha|68/100
|move|p2b: Charizard|Weather Ball|p1b: Archaludon
|-activate|p1b: Archaludon|move: Protect
|
|-weather|SunnyDay|[upkeep]
|-damage|p2a: Basculegion|38/100 brn|[from] brn
|upkeep
|turn|6
|
|t:|1783381543
|switch|p1a: Pelipper|Pelipper, L50, F|62/100
|-weather|RainDance|[from] ability: Drizzle|[of] p1a: Pelipper
|switch|p2b: Kingambit|Kingambit, L50, M|100/100
|move|p1b: Archaludon|Electro Shot||[still]
|-prepare|p1b: Archaludon|Electro Shot
|-boost|p1b: Archaludon|spa|1
|-anim|p1b: Archaludon|Electro Shot|p2b: Kingambit
|-damage|p2b: Kingambit|28/100
|move|p2a: Basculegion|Last Respects|p1a: Pelipper
|-crit|p1a: Pelipper
|-damage|p1a: Pelipper|10/100
|-enditem|p1a: Pelipper|Sitrus Berry|[eat]
|-heal|p1a: Pelipper|35/100|[from] item: Sitrus Berry
|
|-weather|RainDance|[upkeep]
|-damage|p2a: Basculegion|32/100 brn|[from] brn
|upkeep
|turn|7
|inactive|bellytelevision has 30 seconds left.
|
|t:|1783381570
|move|p2b: Kingambit|Protect|p2b: Kingambit
|-singleturn|p2b: Kingambit|Protect
|move|p2a: Basculegion|Protect|p2a: Basculegion
|-singleturn|p2a: Basculegion|Protect
|move|p1a: Pelipper|Tailwind|p1a: Pelipper
|-sidestart|p1: bellytelevision|move: Tailwind
|move|p1b: Archaludon|Electro Shot||[still]
|-prepare|p1b: Archaludon|Electro Shot
|-boost|p1b: Archaludon|spa|1
|-anim|p1b: Archaludon|Electro Shot|p2a: Basculegion
|-activate|p2a: Basculegion|move: Protect
|
|-weather|RainDance|[upkeep]
|-damage|p2a: Basculegion|26/100 brn|[from] brn
|-fieldend|move: Trick Room
|upkeep
|turn|8
|
|t:|1783381591
|switch|p1a: Sinistcha|Sinistcha, L50|68/100
|move|p2a: Basculegion|Aqua Jet|p1a: Sinistcha
|-resisted|p1a: Sinistcha|1
|-damage|p1a: Sinistcha|56/100
|move|p2b: Kingambit|Sucker Punch||[still]
|-fail|p2b: Kingambit
|move|p1b: Archaludon|Electro Shot||[still]
|-prepare|p1b: Archaludon|Electro Shot
|-boost|p1b: Archaludon|spa|1
|-anim|p1b: Archaludon|Electro Shot|p2a: Basculegion
|-supereffective|p2a: Basculegion|1
|-damage|p2a: Basculegion|0 fnt
|faint|p2a: Basculegion
|
|-weather|RainDance|[upkeep]
|-sideend|p1: bellytelevision|move: Light Screen
|upkeep
|c|☆AlyxOU|i misplayed so badly there
|
|t:|1783381594
|switch|p2a: Charizard|Charizard-Mega-Y, L50, M|100/100
|-weather|SunnyDay|[from] ability: Drought|[of] p2a: Charizard
|turn|9
|c|☆AlyxOU|gg
|c|☆bellytelevision|gg
|
|t:|1783381616
|switch|p1a: Pelipper|Pelipper, L50, F|35/100
|-weather|RainDance|[from] ability: Drizzle|[of] p1a: Pelipper
|move|p1b: Archaludon|Electro Shot||[still]
|-prepare|p1b: Archaludon|Electro Shot
|-boost|p1b: Archaludon|spa|1
|-anim|p1b: Archaludon|Electro Shot|p2a: Charizard
|-supereffective|p2a: Charizard|1
|-damage|p2a: Charizard|0 fnt
|faint|p2a: Charizard
|move|p2b: Kingambit|Kowtow Cleave|p1a: Pelipper
|-damage|p1a: Pelipper|0 fnt
|faint|p1a: Pelipper
|
|-weather|RainDance|[upkeep]
|upkeep
|
|t:|1783381629
|switch|p1a: Sinistcha|Sinistcha, L50|56/100
|turn|10
|
|t:|1783381637
|move|p1b: Archaludon|Electro Shot||[still]
|-prepare|p1b: Archaludon|Electro Shot
|-boost|p1b: Archaludon|spa|1
|-anim|p1b: Archaludon|Electro Shot|p2b: Kingambit
|-damage|p2b: Kingambit|0 fnt
|faint|p2b: Kingambit
|
|win|bellytelevision
||AlyxOU is ready for game 2.
|l|☆AlyxOU
|player|p2|
|inactive|bellytelevision has 30 seconds to confirm battle start!
|inactive|bellytelevision has 20 seconds to confirm battle start!
||bellytelevision is ready for game 2.
|uhtml|next|Next: Game 2 of 3
|l|☆bellytelevision
|player|p1|
|j|☆bellytelevision
|player|p1|bellytelevision|biker|
|l|☆bellytelevision
|player|p1|
|j|☆bellytelevision
|player|p1|bellytelevision|biker|
