|j|☆RonJohn
|j|☆glotis
|html|RonJohnglotis    
|uhtml|bestof|Game 1 of a best-of-3
|t:|1756154288
|gametype|doubles
|player|p1|RonJohn|1|1051
|player|p2|glotis|linebacker|1000
|gen|9
|tier|[Gen 9] VGC 2025 Reg H (Bo3)
|rated|
|rule|Species Clause: Limit one of each Pokémon
|rule|Item Clause: Limit 1 of each item
|clearpoke
|poke|p1|Sneasler, L50, F|
|poke|p1|Gholdengo, L50|
|poke|p1|Dragonite, L50, F|
|poke|p1|Ursaluna-Bloodmoon, L50, M|
|poke|p1|Amoonguss, L50, M|
|poke|p1|Incineroar, L50, M|
|poke|p2|Magcargo, L50, F|
|poke|p2|Blaziken, L50, M|
|poke|p2|Swampert, L50, F|
|poke|p2|Salamence, L50, M|
|poke|p2|Braviary, L50, M|
|poke|p2|Breloom, L50, F|
|teampreview|4
|showteam|p1|Sneasler||WhiteHerb|Unburden|CloseCombat,ThroatChop,DireClaw,Protect|||F|||50|,,,,,Stellar]Gholdengo||LifeOrb|GoodasGold|MakeItRain,ShadowBall,NastyPlot,Protect||||||50|,,,,,Water]Dragonite||LoadedDice|Multiscale|ScaleShot,Tailwind,Haze,Protect|||F|||50|,,,,,Fairy]Ursaluna-Bloodmoon||AssaultVest|MindsEye|VacuumWave,EarthPower,HyperVoice,BloodMoon|||M|||50|,,,,,Water]Amoonguss||SitrusBerry|Regenerator|PollenPuff,Spore,Protect,RagePowder|||M|||50|,,,,,Psychic]Incineroar||SafetyGoggles|Intimidate|FlareBlitz,KnockOff,FakeOut,PartingShot|||M|||50|,,,,,Ghost
|showteam|p2|Magcargo||AirBalloon|FlameBody|WillOWisp,Protect,SunnyDay,HeatWave|||F|||50|,,,,,Grass]Blaziken||FocusSash|SpeedBoost|BlazeKick,Coaching,Protect,Counter|||M|||50|,,,,,Dark]Swampert||AssaultVest|Torrent|Waterfall,BodyPress,Earthquake,FlipTurn|||F|||50|,,,,,Water]Salamence||ClearAmulet|Intimidate|DracoMeteor,DragonClaw,DualWingbeat,Tailwind|||M|||50|,,,,,Steel]Braviary||CovertCloak|Defiant|BulkUp,Protect,BodySlam,RockSlide|||M|||50|,,,,,Normal]Breloom||SitrusBerry|Technician|MachPunch,Spore,Protect,SwordsDance|||F|||50|,,,,,Dark
|inactive|Battle timer is ON: inactive players will automatically lose when time's up. (requested by glotis)
|inactive|glotis has 60 seconds left.
|
|t:|1756154325
|teamsize|p1|4
|teamsize|p2|4
|start
|switch|p1a: Sneasler|Sneasler, L50, F|100/100
|switch|p1b: Dragonite|Dragonite, L50, F|100/100
|switch|p2a: Salamence|Salamence, L50, M|100/100
|switch|p2b: Braviary|Braviary, L50, M|100/100
|-ability|p2a: Salamence|Intimidate|boost
|-unboost|p1a: Sneasler|atk|1
|-unboost|p1b: Dragonite|atk|1
|-enditem|p1a: Sneasler|White Herb
|-clearnegativeboost|p1a: Sneasler|[silent]
|turn|1
|inactive|RonJohn has 30 seconds left.
|
|t:|1756154357
|-terastallize|p2a: Salamence|Steel
|move|p2b: Braviary|Protect|p2b: Braviary
|-singleturn|p2b: Braviary|Protect
|move|p1a: Sneasler|Dire Claw|p2a: Salamence
|-immune|p2a: Salamence
|move|p1b: Dragonite|Tailwind|p1b: Dragonite
|-sidestart|p1: RonJohn|move: Tailwind
|move|p2a: Salamence|Tailwind|p2a: Salamence
|-sidestart|p2: glotis|move: Tailwind
|
|upkeep
|turn|2
|
|t:|1756154379
|switch|p2b: Breloom|Breloom, L50, F, shiny|100/100
|-terastallize|p1b: Dragonite|Fairy
|move|p1a: Sneasler|Close Combat|p2a: Salamence
|-supereffective|p2a: Salamence
|-damage|p2a: Salamence|0 fnt
|-unboost|p1a: Sneasler|def|1
|-unboost|p1a: Sneasler|spd|1
|faint|p2a: Salamence
|move|p1b: Dragonite|Scale Shot|p2b: Breloom
|-damage|p2b: Breloom|86/100
|-damage|p2b: Breloom|75/100
|-damage|p2b: Breloom|60/100
|-crit|p2b: Breloom
|-damage|p2b: Breloom|29/100
|-enditem|p2b: Breloom|Sitrus Berry|[eat]
|-heal|p2b: Breloom|53/100|[from] item: Sitrus Berry
|-damage|p2b: Breloom|40/100
|-hitcount|p2b: Breloom|5
|-unboost|p1b: Dragonite|def|1
|-boost|p1b: Dragonite|spe|1
|
|upkeep
|
|t:|1756154389
|switch|p2a: Blaziken|Blaziken, L50, M|100/100
|turn|3
|inactive|RonJohn has 30 seconds left.
|
|t:|1756154415
|move|p2a: Blaziken|Protect|p2a: Blaziken
|-singleturn|p2a: Blaziken|Protect
|move|p1a: Sneasler|Dire Claw|p2b: Breloom
|-supereffective|p2b: Breloom
|-damage|p2b: Breloom|0 fnt
|faint|p2b: Breloom
|move|p1b: Dragonite|Scale Shot|p2a: Blaziken
|-activate|p2a: Blaziken|move: Protect
|
|-ability|p2a: Blaziken|Speed Boost|boost
|-boost|p2a: Blaziken|spe|1
|upkeep
|
|t:|1756154421
|switch|p2b: Braviary|Braviary, L50, M|100/100
|turn|4
|inactive|RonJohn has 30 seconds left.
|inactive|RonJohn has 20 seconds left.
|
|t:|1756154458
|move|p2b: Braviary|Protect|p2b: Braviary
|-singleturn|p2b: Braviary|Protect
|move|p1a: Sneasler|Close Combat|p2a: Blaziken
|-damage|p2a: Blaziken|20/100
|-unboost|p1a: Sneasler|def|1
|-unboost|p1a: Sneasler|spd|1
|move|p2a: Blaziken|Coaching|p2b: Braviary
|-boost|p2b: Braviary|atk|1
|-boost|p2b: Braviary|def|1
|move|p1b: Dragonite|Scale Shot|p2a: Blaziken
|-damage|p2a: Blaziken|6/100
|-damage|p2a: Blaziken|0 fnt
|faint|p2a: Blaziken
|-hitcount|p2: Blaziken|2
|-unboost|p1b: Dragonite|def|1
|-boost|p1b: Dragonite|spe|1
|
|-sideend|p1: RonJohn|move: Tailwind
|-sideend|p2: glotis|move: Tailwind
|upkeep
|turn|5
|inactive|RonJohn has 30 seconds left.
|
|t:|1756154490
|move|p1a: Sneasler|Dire Claw|p2b: Braviary
|-damage|p2b: Braviary|67/100
|move|p1b: Dragonite|Tailwind|p1b: Dragonite
|-sidestart|p1: RonJohn|move: Tailwind
|move|p2b: Braviary|Rock Slide|p1a: Sneasler|[spread] p1a,p1b
|-resisted|p1a: Sneasler
|-damage|p1a: Sneasler|55/100
|-damage|p1b: Dragonite|70/100
|
|upkeep
|turn|6
|
|t:|1756154502
|move|p1a: Sneasler|Dire Claw|p2b: Braviary
|-damage|p2b: Braviary|30/100
|move|p1b: Dragonite|Haze|p1b: Dragonite
|-clearallboost
|move|p2b: Braviary|Rock Slide|p1b: Dragonite|[spread] p1a,p1b
|-resisted|p1a: Sneasler
|-damage|p1a: Sneasler|40/100
|-damage|p1b: Dragonite|47/100
|
|upkeep
|turn|7
|-message|glotis forfeited.
|
|win|RonJohn
|l|☆glotis
|player|p2|
||glotis is ready for game 2.
