|j|☆Freedom Nachos
|j|☆akucintaindonesia
|html|Freedom Nachosakucintaindonesia    
|uhtml|bestof|Game 3 of a best-of-3
|t:|1783316523
|gametype|doubles
|player|p1|Freedom Nachos|giacomo|1115
|player|p2|akucintaindonesia|266|1063
|gen|9
|tier|[Gen 9 Champions] VGC 2026 Reg M-B (Bo3)
|rated|
|rule|Species Clause: Limit one of each Pokémon
|rule|Item Clause: Limit 1 of each item
|clearpoke
|poke|p1|Mawile, L50, F, shiny|
|poke|p1|Incineroar, L50, F|
|poke|p1|Pelipper, L50, F|
|poke|p1|Sinistcha, L50|
|poke|p1|Garchomp, L50, F|
|poke|p1|Gengar, L50, M|
|poke|p2|Tyranitar, L50, F|
|poke|p2|Farigiraf, L50, M|
|poke|p2|Corviknight, L50, F|
|poke|p2|Toxapex, L50, M|
|poke|p2|Garchomp, L50, M|
|poke|p2|Scizor, L50, M|
|teampreview|4
|showteam|p1|Mawile||Mawilite|HyperCutter|IronHead,PlayRough,SuckerPunch,Protect|Brave||F|||50|]Incineroar||PasshoBerry|Intimidate|ThroatChop,FakeOut,PartingShot,Protect|Sassy||F|||50|]Pelipper||FocusSash|Drizzle|WeatherBall,Hurricane,WideGuard,Protect|Modest||F|||50|]Sinistcha||SitrusBerry|Hospitality|MatchaGotcha,RagePowder,TrickRoom,Protect|Calm|||||50|]Garchomp||LifeOrb|RoughSkin|DragonClaw,StompingTantrum,RockSlide,Protect|Adamant||F|||50|]Gengar||Gengarite|CursedBody|ShadowBall,PerishSong,SludgeBomb,Protect|Timid||M|||50|
|showteam|p2|Tyranitar||ChopleBerry|SandStream|RockSlide,KnockOff,Protect,ThunderWave|Impish||F|||50|]Farigiraf||SitrusBerry|ArmorTail|Protect,Psychic,HyperVoice,TrickRoom|Bold||M|||50|]Corviknight||OccaBerry|MirrorArmor|Protect,BraveBird,BodyPress,BulkUp|Careful||F|||50|]Toxapex||Leftovers|Regenerator|BanefulBunker,Toxic,Infestation,Recover|Careful||M|||50|]Garchomp||Garchompite|SandVeil|ScaleShot,Protect,StompingTantrum,RockSlide|Serious||M|||50|]Scizor||Scizorite|Technician|DualWingbeat,Assurance,BulletPunch,Protect|Careful||M|||50|
|inactive|Battle timer is ON: inactive players will automatically lose when time's up. (requested by Freedom Nachos)
|inactive|Freedom Nachos has 60 seconds left.
|inactive|akucintaindonesia has 60 seconds left.
|
|t:|1783316576
|teamsize|p1|4
|teamsize|p2|4
|start
|switch|p1a: Gengar|Gengar, L50, M|100/100
|switch|p1b: Incineroar|Incineroar, L50, F|100/100
|switch|p2a: Farigiraf|Farigiraf, L50, M|100/100
|switch|p2b: Corviknight|Corviknight, L50, F|100/100
|-ability|p1b: Incineroar|Intimidate|boost
|-unboost|p2a: Farigiraf|atk|1
|-ability|p2b: Corviknight|Mirror Armor
|-unboost|p1b: Incineroar|atk|1
|turn|1
|
|t:|1783316587
|detailschange|p1a: Gengar|Gengar-Mega, L50, M
|-mega|p1a: Gengar|Gengar|Gengarite
|move|p1a: Gengar|Protect|p1a: Gengar
|-singleturn|p1a: Gengar|Protect
|move|p2b: Corviknight|Protect|p2b: Corviknight
|-singleturn|p2b: Corviknight|Protect
|move|p2a: Farigiraf|Psychic|p1a: Gengar
|-activate|p1a: Gengar|move: Protect
|move|p1b: Incineroar|Parting Shot|p2a: Farigiraf
|-unboost|p2a: Farigiraf|atk|1
|-unboost|p2a: Farigiraf|spa|1
|
|t:|1783316604
|switch|p1b: Garchomp|Garchomp, L50, F|100/100|[from] Parting Shot
|
|upkeep
|turn|2
|
|t:|1783316621
|move|p1a: Gengar|Sludge Bomb|p2a: Farigiraf
|-damage|p2a: Farigiraf|50/100g
|move|p1b: Garchomp|Dragon Claw|p2a: Farigiraf
|-damage|p2a: Farigiraf|0 fnt
|faint|p2a: Farigiraf
|-damage|p1b: Garchomp|90/100|[from] item: Life Orb
|move|p2b: Corviknight|Brave Bird|p1a: Gengar
|-damage|p1a: Gengar|37/100
|-damage|p2b: Corviknight|80/100|[from] Recoil
|
|upkeep
|
|t:|1783316629
|switch|p2a: Tyranitar|Tyranitar, L50, F|100/100
|-weather|Sandstorm|[from] ability: Sand Stream|[of] p2a: Tyranitar
|turn|3
|
|t:|1783316648
|switch|p1a: Incineroar|Incineroar, L50, F|100/100
|-ability|p1a: Incineroar|Intimidate|boost
|-unboost|p2a: Tyranitar|atk|1
|-ability|p2b: Corviknight|Mirror Armor
|-unboost|p1a: Incineroar|atk|1
|move|p1b: Garchomp|Stomping Tantrum|p2a: Tyranitar
|-supereffective|p2a: Tyranitar|1
|-damage|p2a: Tyranitar|32/100
|-damage|p1b: Garchomp|80/100|[from] item: Life Orb
|move|p2b: Corviknight|Brave Bird|p1b: Garchomp
|-damage|p1b: Garchomp|36/100
|-damage|p2b: Corviknight|68/100|[from] ability: Rough Skin|[of] p1b: Garchomp
|-damage|p2b: Corviknight|51/100|[from] Recoil
|move|p2a: Tyranitar|Knock Off|p1a: Incineroar
|-resisted|p1a: Incineroar|1
|-damage|p1a: Incineroar|88/100
|-enditem|p1a: Incineroar|Passho Berry|[from] move: Knock Off|[of] p2a: Tyranitar
|
|-weather|Sandstorm|[upkeep]
|-damage|p1a: Incineroar|82/100|[from] Sandstorm
|upkeep
|turn|4
|
|t:|1783316671
|move|p1a: Incineroar|Fake Out|p2b: Corviknight
|-resisted|p2b: Corviknight|1
|-damage|p2b: Corviknight|48/100
|move|p1b: Garchomp|Rock Slide|p2b: Corviknight|[spread] p2a,p2b
|-crit|p2a: Tyranitar
|-damage|p2a: Tyranitar|6/100
|-damage|p2b: Corviknight|27/100
|-damage|p1b: Garchomp|27/100|[from] item: Life Orb
|cant|p2b: Corviknight|flinch
|move|p2a: Tyranitar|Rock Slide|p1a: Incineroar|[spread] p1a,p1b
|-supereffective|p1a: Incineroar|1
|-resisted|p1b: Garchomp|1
|-damage|p1a: Incineroar|52/100
|-damage|p1b: Garchomp|19/100
|
|-weather|Sandstorm|[upkeep]
|-damage|p1a: Incineroar|46/100|[from] Sandstorm
|upkeep
|turn|5
|
|t:|1783316688
|switch|p1a: Sinistcha|Sinistcha, L50|100/100
|-heal|p1b: Garchomp|44/100|[from] ability: Hospitality|[of] p1a: Sinistcha
|move|p1b: Garchomp|Rock Slide|p2b: Corviknight|[spread] p2b
|-miss|p1b: Garchomp|p2a: Tyranitar
|-crit|p2b: Corviknight
|-damage|p2b: Corviknight|0 fnt
|faint|p2b: Corviknight
|-damage|p1b: Garchomp|34/100|[from] item: Life Orb
|move|p2a: Tyranitar|Rock Slide|p1b: Garchomp|[spread] p1b
|-miss|p2a: Tyranitar|p1a: Sinistcha
|-resisted|p1b: Garchomp|1
|-damage|p1b: Garchomp|27/100
|
|-weather|Sandstorm|[upkeep]
|-damage|p1a: Sinistcha|93/100|[from] Sandstorm
|upkeep
|
|t:|1783316696
|switch|p2b: Garchomp|Garchomp, L50, M|100/100
|turn|6
|
|t:|1783316716
|switch|p1b: Incineroar|Incineroar, L50, F|46/100
|-ability|p1b: Incineroar|Intimidate|boost
|-unboost|p2a: Tyranitar|atk|1
|-unboost|p2b: Garchomp|atk|1
|detailschange|p2b: Garchomp|Garchomp-Mega, L50, M
|-mega|p2b: Garchomp|Garchomp|Garchompite
|move|p2b: Garchomp|Scale Shot|p1b: Incineroar
|-crit|p1b: Incineroar
|-damage|p1b: Incineroar|24/100
|-damage|p1b: Incineroar|14/100
|-damage|p1b: Incineroar|5/100
|-hitcount|p1b: Incineroar|3
|-unboost|p2b: Garchomp|def|1
|-boost|p2b: Garchomp|spe|1
|move|p1a: Sinistcha|Matcha Gotcha|p2b: Garchomp|[spread] p2a,p2b
|-supereffective|p2a: Tyranitar|1
|-damage|p2a: Tyranitar|0 fnt
|-heal|p1a: Sinistcha|97/100|[from] drain|[of] p2a: Tyranitar
|-damage|p2b: Garchomp|81/100
|-heal|p1a: Sinistcha|100/100|[from] drain|[of] p2b: Garchomp
|faint|p2a: Tyranitar
|
|-weather|Sandstorm|[upkeep]
|-damage|p1a: Sinistcha|93/100|[from] Sandstorm
|-damage|p1b: Incineroar|0 fnt|[from] Sandstorm
|faint|p1b: Incineroar
|upkeep
|-message|akucintaindonesia forfeited.
|raw|Freedom Nachos's rating: 1115 → 1136(+21 for winning)
|raw|akucintaindonesia's rating: 1063 → 1046(-17 for losing)
|
|win|Freedom Nachos
|l|☆akucintaindonesia
|player|p2|
