|j|☆ShadowEliteYT
|j|☆Oriozz
|html|ShadowEliteYTOriozz    
|uhtml|bestof|Game 1 of a best-of-3
|t:|1783552391
|gametype|doubles
|player|p1|ShadowEliteYT|265|1040
|player|p2|Oriozz|2|1117
|gen|9
|tier|[Gen 9 Champions] VGC 2026 Reg M-B (Bo3)
|rated|
|rule|Species Clause: Limit one of each Pokémon
|rule|Item Clause: Limit 1 of each item
|clearpoke
|poke|p1|Raichu, L50, F|
|poke|p1|Staraptor, L50, M|
|poke|p1|Incineroar, L50, M|
|poke|p1|Sinistcha-Masterpiece, L50|
|poke|p1|Whimsicott, L50, M|
|poke|p1|Ditto, L50|
|poke|p2|Kingambit, L50, M|
|poke|p2|Floette-Eternal, L50, F|
|poke|p2|Sneasler, L50, M|
|poke|p2|Incineroar, L50, F|
|poke|p2|Garchomp, L50, M|
|poke|p2|Sinistcha, L50|
|teampreview|4
|showteam|p1|Raichu||RaichuniteY|Static|ZapCannon,FocusBlast,FakeOut,Protect|Modest||F|||50|]Staraptor||Staraptite|Intimidate|CloseCombat,BraveBird,Uturn,Protect|Adamant||M|||50|]Incineroar||SitrusBerry|Intimidate|FlareBlitz,DarkestLariat,PartingShot,Protect|Adamant||M|||50|]Sinistcha-Masterpiece||Leftovers|Hospitality|MatchaGotcha,RagePowder,ShadowBall,Reflect|Timid|||||50|]Whimsicott||FocusSash|Prankster|Moonblast,Charm,Tailwind,Protect|Serious||M|||50|]Ditto||ChoiceScarf|Imposter|Transform|Timid|||||50|
|showteam|p2|Kingambit||ChopleBerry|Defiant|KowtowCleave,Protect,SuckerPunch,IronHead|Adamant||M|||50|]Floette-Eternal||Floettite|FlowerVeil|DazzlingGleam,DrainingKiss,Protect,CalmMind|Bold||F|||50|]Sneasler||FocusSash|Unburden|FakeOut,DireClaw,CloseCombat,Coaching|Jolly||M|||50|]Incineroar||Leftovers|Intimidate|FakeOut,FlareBlitz,PartingShot,HelpingHand|Careful||F|||50|]Garchomp||Garchompite|RoughSkin|Earthquake,StompingTantrum,RockSlide,Protect|Adamant||M|||50|]Sinistcha||SitrusBerry|Hospitality|Protect,MatchaGotcha,TrickRoom,RagePowder|Bold|||||50|
|inactive|Battle timer is ON: inactive players will automatically lose when time's up. (requested by Oriozz)
|inactive|ShadowEliteYT has 60 seconds left.
|inactive|Oriozz has 60 seconds left.
|
|t:|1783552440
|teamsize|p1|4
|teamsize|p2|4
|start
|switch|p1a: Staraptor|Staraptor, L50, M|100/100
|switch|p1b: Ditto|Ditto, L50|100/100
|switch|p2a: Kingambit|Kingambit, L50, M|100/100
|switch|p2b: Garchomp|Garchomp, L50, M|100/100
|-transform|p1b: Ditto|p2a: Kingambit|[from] ability: Imposter
|-ability|p1a: Staraptor|Intimidate|boost
|-unboost|p2a: Kingambit|atk|1
|-ability|p2a: Kingambit|Defiant|boost
|-boost|p2a: Kingambit|atk|2
|-unboost|p2b: Garchomp|atk|1
|turn|1
|inactive|ShadowEliteYT has 30 seconds left.
|inactive|Oriozz has 30 seconds left.
|inactive|Oriozz has 20 seconds left.
|inactive|Oriozz has 15 seconds left.
|inactive|Oriozz has 10 seconds left.
|
|t:|1783552490
|switch|p2b: Incineroar|Incineroar, L50, F|100/100
|-ability|p2b: Incineroar|Intimidate|boost
|-unboost|p1a: Staraptor|atk|1
|-unboost|p1b: Ditto|atk|1
|-ability|p1b: Ditto|Defiant|boost
|-boost|p1b: Ditto|atk|2
|detailschange|p1a: Staraptor|Staraptor-Mega, L50, M
|-mega|p1a: Staraptor|Staraptor|Staraptite
|move|p2a: Kingambit|Protect|p2a: Kingambit
|-singleturn|p2a: Kingambit|Protect
|move|p1a: Staraptor|U-turn|p2a: Kingambit
|-activate|p2a: Kingambit|move: Protect
|move|p1b: Ditto|Kowtow Cleave|p2b: Incineroar
|-resisted|p2b: Incineroar|1
|-damage|p2b: Incineroar|66/100
|
|-heal|p2b: Incineroar|72/100|[from] item: Leftovers
|upkeep
|turn|2
|inactive|Oriozz has 30 seconds left.
|
|t:|1783552517
|switch|p1b: Whimsicott|Whimsicott, L50, M|100/100
|move|p1a: Staraptor|U-turn|p2a: Kingambit
|-damage|p2a: Kingambit|86/100
|
|t:|1783552527
|switch|p1a: Ditto|Ditto, L50|100/100|[from] U-turn
|-transform|p1a: Ditto|p2b: Incineroar|[from] ability: Imposter
|-ability|p1a: Ditto|Intimidate|boost
|-unboost|p2a: Kingambit|atk|1
|-ability|p2a: Kingambit|Defiant|boost
|-boost|p2a: Kingambit|atk|2
|-unboost|p2b: Incineroar|atk|1
|move|p2b: Incineroar|Flare Blitz|p1b: Whimsicott
|-supereffective|p1b: Whimsicott|1
|-damage|p1b: Whimsicott|19/100
|-damage|p2b: Incineroar|50/100g|[from] Recoil
|move|p2a: Kingambit|Iron Head|p1a: Ditto
|-resisted|p1a: Ditto|1
|-damage|p1a: Ditto|53/100
|
|-heal|p2b: Incineroar|56/100|[from] item: Leftovers
|upkeep
|turn|3
|inactive|Oriozz has 30 seconds left.
|inactive|ShadowEliteYT has 30 seconds left.
|inactive|Oriozz has 20 seconds left.
|inactive|Oriozz has 15 seconds left.
|
|t:|1783552570
|switch|p2b: Sneasler|Sneasler, L50, M|100/100
|move|p1b: Whimsicott|Protect|p1b: Whimsicott
|-singleturn|p1b: Whimsicott|Protect
|move|p1a: Ditto|Flare Blitz|p2a: Kingambit
|-supereffective|p2a: Kingambit|1
|-damage|p2a: Kingambit|26/100
|-damage|p1a: Ditto|26/100|[from] Recoil
|move|p2a: Kingambit|Kowtow Cleave|p1b: Whimsicott
|-activate|p1b: Whimsicott|move: Protect
|
|upkeep
|turn|4
|inactive|ShadowEliteYT has 30 seconds left.
|inactive|Oriozz has 30 seconds left.
|inactive|ShadowEliteYT has 20 seconds left.
|
|t:|1783552611
|move|p2b: Sneasler|Fake Out|p1a: Ditto
|-damage|p1a: Ditto|11/100
|move|p1b: Whimsicott|Tailwind|p1b: Whimsicott
|-sidestart|p1: ShadowEliteYT|move: Tailwind
|cant|p1a: Ditto|flinch
|move|p2a: Kingambit|Kowtow Cleave|p1b: Whimsicott
|-resisted|p1b: Whimsicott|1
|-damage|p1b: Whimsicott|0 fnt
|faint|p1b: Whimsicott
|
|upkeep
|
|t:|1783552621
|switch|p1b: Staraptor|Staraptor-Mega, L50, M|100/100
|turn|5
|
|t:|1783552640
|move|p2a: Kingambit|Protect|p2a: Kingambit
|-singleturn|p2a: Kingambit|Protect
|move|p1b: Staraptor|Brave Bird|p2b: Sneasler
|-supereffective|p2b: Sneasler|1
|-enditem|p2b: Sneasler|Focus Sash
|-damage|p2b: Sneasler|1/100
|-damage|p1b: Staraptor|68/100|[from] Recoil
|move|p2b: Sneasler|Dire Claw|p1b: Staraptor
|-damage|p1b: Staraptor|20/100y
|move|p1a: Ditto|Flare Blitz|p2a: Kingambit
|-activate|p2a: Kingambit|move: Protect
|
|upkeep
|turn|6
|
|t:|1783552657
|switch|p1a: Sinistcha|Sinistcha-Masterpiece, L50|100/100
|-heal|p1b: Staraptor|45/100|[from] ability: Hospitality|[of] p1a: Sinistcha
|move|p1b: Staraptor|Protect|p1b: Staraptor
|-singleturn|p1b: Staraptor|Protect
|move|p2a: Kingambit|Sucker Punch||[still]
|-fail|p2a: Kingambit
|move|p2b: Sneasler|Dire Claw|p1a: Sinistcha
|-damage|p1a: Sinistcha|53/100
|-status|p1a: Sinistcha|psn
|
|-heal|p1a: Sinistcha|59/100 psn|[from] item: Leftovers
|-damage|p1a: Sinistcha|47/100 psn|[from] psn
|upkeep
|turn|7
|
|t:|1783552679
|move|p1a: Sinistcha|Rage Powder|p1a: Sinistcha
|-singleturn|p1a: Sinistcha|move: Rage Powder
|move|p2a: Kingambit|Sucker Punch||[still]
|-fail|p2a: Kingambit
|move|p2b: Sneasler|Dire Claw|p1a: Sinistcha
|-damage|p1a: Sinistcha|0 fnt
|-fail|p1a: Sinistcha|psn
|faint|p1a: Sinistcha
|move|p1b: Staraptor|Close Combat|p2a: Kingambit
|-supereffective|p2a: Kingambit|2
|-enditem|p2a: Kingambit|Chople Berry|[eat]
|-enditem|p2a: Kingambit|Chople Berry|[weaken]
|-damage|p2a: Kingambit|0 fnt
|-boost|p1b: Staraptor|def|1
|-boost|p1b: Staraptor|spd|1
|faint|p2a: Kingambit
|
|-sideend|p1: ShadowEliteYT|move: Tailwind
|upkeep
|
|t:|1783552697
|switch|p1a: Ditto|Ditto, L50|11/100
|switch|p2a: Incineroar|Incineroar, L50, F|56/100
|-transform|p1a: Ditto|p2b: Sneasler|[from] ability: Imposter
|-ability|p2a: Incineroar|Intimidate|boost
|-unboost|p1a: Ditto|atk|1
|-boost|p1b: Staraptor|atk|1
|turn|8
|inactive|Oriozz has 30 seconds left.
|
|t:|1783552722
|switch|p2b: Garchomp|Garchomp, L50, M|100/100
|move|p1a: Ditto|Fake Out|p2b: Garchomp
|-damage|p2b: Garchomp|91/100
|-damage|p1a: Ditto|0 fnt|[from] ability: Rough Skin|[of] p2b: Garchomp
|faint|p1a: Ditto
|move|p2a: Incineroar|Fake Out|p1b: Staraptor
|-damage|p1b: Staraptor|37/100
|cant|p1b: Staraptor|flinch
|
|-heal|p2a: Incineroar|62/100|[from] item: Leftovers
|upkeep
|turn|9
|
|t:|1783552742
|detailschange|p2b: Garchomp|Garchomp-Mega, L50, M
|-mega|p2b: Garchomp|Garchomp|Garchompite
|move|p2a: Incineroar|Helping Hand|p2b: Garchomp
|-singleturn|p2b: Garchomp|Helping Hand|[of] p2a: Incineroar
|move|p1b: Staraptor|Close Combat|p2a: Incineroar
|-supereffective|p2a: Incineroar|1
|-damage|p2a: Incineroar|0 fnt
|-boost|p1b: Staraptor|def|1
|-boost|p1b: Staraptor|spd|1
|faint|p2a: Incineroar
|move|p2b: Garchomp|Rock Slide|p1b: Staraptor
|-damage|p1b: Staraptor|9/100
|
|upkeep
|
|t:|1783552753
|switch|p2a: Sneasler|Sneasler, L50, M|1/100
|turn|10
|
|t:|1783552761
|move|p2a: Sneasler|Coaching|p2b: Garchomp
|-boost|p2b: Garchomp|atk|1
|-boost|p2b: Garchomp|def|1
|move|p1b: Staraptor|Close Combat|p2b: Garchomp
|-crit|p2b: Garchomp
|-damage|p2b: Garchomp|0 fnt
|-boost|p1b: Staraptor|def|1
|-boost|p1b: Staraptor|spd|1
|faint|p2b: Garchomp
|
|upkeep
|turn|11
|
|t:|1783552774
|move|p2a: Sneasler|Dire Claw|p1b: Staraptor
|-damage|p1b: Staraptor|0 fnt
|faint|p1b: Staraptor
|
|win|Oriozz
||ShadowEliteYT is ready for game 2.
|inactive|Oriozz has 30 seconds to confirm battle start!
||Oriozz is ready for game 2.
|uhtml|next|Next: Game 2 of 3
|l|☆ShadowEliteYT
|player|p1|
