|j|☆Sapitoch 4
|j|☆lolgz
|html|Sapitoch 4lolgz    
|uhtml|bestof|Game 3 of a best-of-3
|t:|1782276358
|gametype|doubles
|player|p1|Sapitoch 4|102|1145
|player|p2|lolgz|dawn|1247
|gen|9
|tier|[Gen 9 Champions] VGC 2026 Reg M-B (Bo3)
|rated|
|rule|Species Clause: Limit one of each Pokémon
|rule|Item Clause: Limit 1 of each item
|clearpoke
|poke|p1|Rotom-Wash, L50|
|poke|p1|Gengar, L50, M|
|poke|p1|Garchomp, L50, F|
|poke|p1|Ninetales-Alola, L50, F|
|poke|p1|Incineroar, L50, F|
|poke|p1|Kingambit, L50, F|
|poke|p2|Torkoal, L50, M|
|poke|p2|Vileplume, L50, M|
|poke|p2|Charizard, L50, M|
|poke|p2|Garchomp, L50, F|
|poke|p2|Farigiraf, L50, M|
|poke|p2|Mawile, L50, F|
|teampreview|4
|showteam|p1|Rotom-Wash||SitrusBerry|Levitate|HydroPump,VoltSwitch,WillOWisp,Protect|Timid|||||50|]Gengar||Gengarite|CursedBody|SludgeBomb,ShadowBall,Disable,Protect|Timid||M|||50|]Garchomp||ChoiceScarf|RoughSkin|Earthquake,StompingTantrum,RockSlide,RockTomb|Adamant||F|||50|]Ninetales-Alola||FocusSash|SnowWarning|Blizzard,FreezeDry,Encore,Protect|Timid||F|||50|]Incineroar||PasshoBerry|Intimidate|FlareBlitz,PartingShot,FakeOut,Protect|Impish||F|||50|]Kingambit||ChopleBerry|Defiant|SuckerPunch,KowtowCleave,Protect,IronHead|Adamant||F|||50|
|showteam|p2|Torkoal||Charcoal|Drought|Eruption,WeatherBall,AncientPower,Protect|Quiet||M|||50|]Vileplume||FocusSash|Chlorophyll|EnergyBall,SludgeBomb,SleepPowder,AfterYou|Timid||M|||50|]Charizard||CharizarditeY|Blaze|HeatWave,WeatherBall,SolarBeam,Protect|Timid||M|||50|]Garchomp||LifeOrb|RoughSkin|Earthquake,RockSlide,DragonClaw,Protect|Jolly||F|||50|]Farigiraf||SitrusBerry|ArmorTail|TrickRoom,Protect,Psychic,HelpingHand|Bold||M|||50|]Mawile||Mawilite|Intimidate|SuckerPunch,PlayRough,SwordsDance,Protect|Brave||F|||50|
|inactive|Battle timer is ON: inactive players will automatically lose when time's up. (requested by lolgz)
|inactive|Sapitoch 4 has 60 seconds left.
|inactive|lolgz has 60 seconds left.
|
|t:|1782276410
|teamsize|p1|4
|teamsize|p2|4
|start
|switch|p1a: Rotom|Rotom-Wash, L50|100/100
|switch|p1b: Incineroar|Incineroar, L50, F|100/100
|switch|p2a: Farigiraf|Farigiraf, L50, M|100/100
|switch|p2b: Torkoal|Torkoal, L50, M|100/100
|-ability|p1b: Incineroar|Intimidate|boost
|-unboost|p2a: Farigiraf|atk|1
|-unboost|p2b: Torkoal|atk|1
|-weather|SunnyDay|[from] ability: Drought|[of] p2b: Torkoal
|turn|1
|
|t:|1782276432
|move|p1a: Rotom|Volt Switch|p2a: Farigiraf
|-damage|p2a: Farigiraf|73/100
|
|t:|1782276434
|switch|p1a: Garchomp|Garchomp, L50, F|100/100|[from] Volt Switch
|move|p1b: Incineroar|Parting Shot|p2a: Farigiraf
|-unboost|p2a: Farigiraf|atk|1
|-unboost|p2a: Farigiraf|spa|1
|
|t:|1782276437
|switch|p1b: Rotom|Rotom-Wash, L50|100/100|[from] Parting Shot
|move|p2b: Torkoal|Ancient Power|p1b: Rotom
|-crit|p1b: Rotom
|-damage|p1b: Rotom|74/100
|move|p2a: Farigiraf|Trick Room|p2a: Farigiraf
|-fieldstart|move: Trick Room|[of] p2a: Farigiraf
|
|-weather|SunnyDay|[upkeep]
|upkeep
|turn|2
|
|t:|1782276447
|move|p2b: Torkoal|Eruption|p1b: Rotom|[spread] p1a,p1b
|-resisted|p1a: Garchomp|1
|-resisted|p1b: Rotom|1
|-damage|p1a: Garchomp|50/100g
|-damage|p1b: Rotom|33/100
|-enditem|p1b: Rotom|Sitrus Berry|[eat]
|-heal|p1b: Rotom|57/100|[from] item: Sitrus Berry
|move|p2a: Farigiraf|Psychic|p1a: Garchomp
|-damage|p1a: Garchomp|26/100
|move|p1b: Rotom|Volt Switch|p2b: Torkoal
|-damage|p2b: Torkoal|65/100
|
|t:|1782276457
|switch|p1b: Kingambit|Kingambit, L50, F|100/100|[from] Volt Switch
|move|p1a: Garchomp|Earthquake|p2b: Torkoal|[spread] p1b,p2a,p2b
|-supereffective|p1b: Kingambit|1
|-supereffective|p2b: Torkoal|1
|-damage|p1b: Kingambit|33/100
|-damage|p2a: Farigiraf|41/100
|-damage|p2b: Torkoal|0 fnt
|-enditem|p2a: Farigiraf|Sitrus Berry|[eat]
|-heal|p2a: Farigiraf|66/100|[from] item: Sitrus Berry
|faint|p2b: Torkoal
|
|-weather|SunnyDay|[upkeep]
|upkeep
|
|t:|1782276461
|switch|p2b: Garchomp|Garchomp, L50, F|100/100
|turn|3
|
|t:|1782276479
|switch|p1b: Rotom|Rotom-Wash, L50|57/100
|move|p2a: Farigiraf|Protect|p2a: Farigiraf
|-singleturn|p2a: Farigiraf|Protect
|move|p2b: Garchomp|Earthquake|p1b: Rotom|[spread] p1a
|-activate|p2a: Farigiraf|move: Protect
|-immune|p1b: Rotom|[from] ability: Levitate
|-damage|p1a: Garchomp|0 fnt
|faint|p1a: Garchomp
|-damage|p2b: Garchomp|90/100|[from] item: Life Orb
|
|-weather|SunnyDay|[upkeep]
|upkeep
|
|t:|1782276482
|switch|p1a: Incineroar|Incineroar, L50, F|100/100
|-ability|p1a: Incineroar|Intimidate|boost
|-unboost|p2a: Farigiraf|atk|1
|-unboost|p2b: Garchomp|atk|1
|turn|4
|
|t:|1782276498
|move|p2a: Farigiraf|Psychic|p1b: Rotom
|-damage|p1b: Rotom|33/100
|move|p1a: Incineroar|Flare Blitz|p2a: Farigiraf
|-damage|p2a: Farigiraf|16/100
|-damage|p1a: Incineroar|81/100|[from] Recoil
|move|p1b: Rotom|Will-O-Wisp|p2b: Garchomp
|-status|p2b: Garchomp|brn
|move|p2b: Garchomp|Dragon Claw|p1b: Rotom
|-damage|p1b: Rotom|15/100
|-damage|p2b: Garchomp|80/100 brn|[from] item: Life Orb
|
|-weather|SunnyDay|[upkeep]
|-damage|p2b: Garchomp|74/100 brn|[from] brn
|upkeep
|turn|5
|
|t:|1782276508
|move|p1b: Rotom|Protect|p1b: Rotom
|-singleturn|p1b: Rotom|Protect
|move|p2a: Farigiraf|Psychic|p1b: Rotom
|-activate|p1b: Rotom|move: Protect
|move|p1a: Incineroar|Flare Blitz|p2a: Farigiraf
|-damage|p2a: Farigiraf|0 fnt
|faint|p2a: Farigiraf
|-damage|p1a: Incineroar|75/100|[from] Recoil
|move|p2b: Garchomp|Earthquake|p1b: Rotom|[spread] p1a
|-activate|p1b: Rotom|move: Protect
|-supereffective|p1a: Incineroar|1
|-damage|p1a: Incineroar|47/100
|-damage|p2b: Garchomp|64/100 brn|[from] item: Life Orb
|
|-weather|none
|-damage|p2b: Garchomp|58/100 brn|[from] brn
|-fieldend|move: Trick Room
|upkeep
|
|t:|1782276511
|switch|p2a: Mawile|Mawile, L50, F|100/100
|-ability|p2a: Mawile|Intimidate|boost
|-unboost|p1a: Incineroar|atk|1
|-unboost|p1b: Rotom|atk|1
|turn|6
|
|t:|1782276523
|detailschange|p2a: Mawile|Mawile-Mega, L50, F
|-mega|p2a: Mawile|Mawile|Mawilite
|move|p2a: Mawile|Sucker Punch||[still]
|-fail|p2a: Mawile
|move|p2b: Garchomp|Dragon Claw|p1a: Incineroar
|-damage|p1a: Incineroar|33/100
|-damage|p2b: Garchomp|48/100 brn|[from] item: Life Orb
|move|p1b: Rotom|Will-O-Wisp|p2a: Mawile
|-status|p2a: Mawile|brn
|move|p1a: Incineroar|Parting Shot|p2a: Mawile
|-unboost|p2a: Mawile|atk|1
|-unboost|p2a: Mawile|spa|1
|
|t:|1782276534
|switch|p1a: Kingambit|Kingambit, L50, F|33/100|[from] Parting Shot
|
|-damage|p2b: Garchomp|42/100 brn|[from] brn
|-damage|p2a: Mawile|94/100 brn|[from] brn
|upkeep
|turn|7
|
|t:|1782276545
|move|p1b: Rotom|Protect|p1b: Rotom
|-singleturn|p1b: Rotom|Protect
|move|p2a: Mawile|Protect|p2a: Mawile
|-singleturn|p2a: Mawile|Protect
|move|p1a: Kingambit|Sucker Punch|p2b: Garchomp
|-damage|p2b: Garchomp|1/100 brn
|-damage|p1a: Kingambit|21/100|[from] ability: Rough Skin|[of] p2b: Garchomp
|move|p2b: Garchomp|Earthquake|p1a: Kingambit|[spread] p1a
|-activate|p2a: Mawile|move: Protect
|-activate|p1b: Rotom|move: Protect
|-supereffective|p1a: Kingambit|1
|-damage|p1a: Kingambit|0 fnt
|faint|p1a: Kingambit
|-damage|p2b: Garchomp|0 fnt|[from] item: Life Orb
|faint|p2b: Garchomp
|
|-damage|p2a: Mawile|88/100 brn|[from] brn
|upkeep
|
|t:|1782276547
|switch|p1a: Incineroar|Incineroar, L50, F|33/100
|-ability|p1a: Incineroar|Intimidate|boost
|-unboost|p2a: Mawile|atk|1
|turn|8
|
|t:|1782276556
|move|p1a: Incineroar|Fake Out|p2a: Mawile
|-resisted|p2a: Mawile|1
|-damage|p2a: Mawile|83/100 brn
|cant|p2a: Mawile|flinch
|move|p1b: Rotom|Hydro Pump|p2a: Mawile
|-damage|p2a: Mawile|35/100 brn
|
|-damage|p2a: Mawile|29/100 brn|[from] brn
|upkeep
|turn|9
|-message|lolgz forfeited.
|
|win|Sapitoch 4
|raw|Sapitoch 4's rating: 1145 → 1177(+32 for winning)
|raw|lolgz's rating: 1247 → 1215(-32 for losing)
|l|☆lolgz
|player|p2|
