|j|☆CrazyComet37
|j|☆thegreatestnone
|html|CrazyComet37thegreatestnone    
|uhtml|bestof|Game 1 of a best-of-3
|t:|1783740948
|gametype|doubles
|player|p1|CrazyComet37|flint|1284
|player|p2|thegreatestnone|169|1172
|gen|9
|tier|[Gen 9 Champions] VGC 2026 Reg M-B (Bo3)
|rated|
|rule|Species Clause: Limit one of each Pokémon
|rule|Item Clause: Limit 1 of each item
|clearpoke
|poke|p1|Whimsicott, L50, M|
|poke|p1|Garchomp, L50, M|
|poke|p1|Charizard, L50, F|
|poke|p1|Floette-Eternal, L50, F|
|poke|p1|Kingambit, L50, M|
|poke|p1|Basculegion, L50, M|
|poke|p2|Grimmsnarl, L50, M|
|poke|p2|Toxapex, L50, F|
|poke|p2|Tyranitar, L50, F|
|poke|p2|Garchomp, L50, M|
|poke|p2|Basculegion, L50, M|
|poke|p2|Scovillain, L50, F|
|teampreview|4
|showteam|p1|Whimsicott||FocusSash|Prankster|Protect,Tailwind,Moonblast,Encore|Timid||M|||50|]Garchomp||LifeOrb|RoughSkin|Protect,Earthquake,DragonClaw,RockSlide|Jolly||M|||50|]Charizard||CharizarditeY|Blaze|Protect,HeatWave,WeatherBall,SolarBeam|Modest||F|||50|]Floette-Eternal||Floettite|FlowerVeil|Protect,LightofRuin,DazzlingGleam,Moonblast|Modest||F|||50|]Kingambit||ChopleBerry|Defiant|IronHead,SuckerPunch,KowtowCleave,LowKick|Adamant||M|||50|]Basculegion||MysticWater|Adaptability|Protect,AquaJet,LastRespects,WaveCrash|Adamant||M|||50|
|showteam|p2|Grimmsnarl||LightClay|Prankster|Protect,Reflect,PartingShot,LightScreen|Sassy||M|||50|]Toxapex||Leftovers|Regenerator|BanefulBunker,Infestation,Toxic,Recover|Relaxed||F|||50|]Tyranitar||Tyranitarite|SandStream|DragonDance,RockSlide,Protect,LowKick|Impish||F|||50|]Garchomp||SitrusBerry|RoughSkin|Protect,RockSlide,StompingTantrum,SwordsDance|Impish||M|||50|]Basculegion||ChoiceScarf|Adaptability|WaveCrash,FlipTurn,LastRespects,AquaJet|Adamant||M|||50|]Scovillain||Scovillainite|Chlorophyll|LeechSeed,RagePowder,Protect,Flamethrower|Calm||F|||50|
|inactive|Battle timer is ON: inactive players will automatically lose when time's up. (requested by CrazyComet37)
|inactive|thegreatestnone has 60 seconds left.
|
|t:|1783741055
|teamsize|p1|4
|teamsize|p2|4
|start
|switch|p1a: Garchomp|Garchomp, L50, M|100/100
|switch|p1b: Charizard|Charizard, L50, F|100/100
|switch|p2a: Grimmsnarl|Grimmsnarl, L50, M|100/100
|switch|p2b: Scovillain|Scovillain, L50, F|100/100
|turn|1
|inactive|CrazyComet37 has 30 seconds left.
|inactive|CrazyComet37 has 20 seconds left.
|inactive|CrazyComet37 has 15 seconds left.
|inactive|CrazyComet37 has 10 seconds left.
|
|t:|1783741105
|switch|p1a: Kingambit|Kingambit, L50, M|100/100
|detailschange|p1b: Charizard|Charizard-Mega-Y, L50, F
|-mega|p1b: Charizard|Charizard|Charizardite Y
|-weather|SunnyDay|[from] ability: Drought|[of] p1b: Charizard
|detailschange|p2b: Scovillain|Scovillain-Mega, L50, F
|-mega|p2b: Scovillain|Scovillain|Scovillainite
|move|p2a: Grimmsnarl|Light Screen|p2a: Grimmsnarl
|-sidestart|p2: thegreatestnone|move: Light Screen
|move|p1b: Charizard|Weather Ball|p2b: Scovillain
|-damage|p2b: Scovillain|40/100
|-immune|p1b: Charizard
|move|p2b: Scovillain|Leech Seed|p1b: Charizard
|-start|p1b: Charizard|move: Leech Seed
|
|-weather|SunnyDay|[upkeep]
|-damage|p1b: Charizard|87/100|[from] Leech Seed|[of] p2b: Scovillain
|-heal|p2b: Scovillain|51/100|[silent]
|upkeep
|turn|2
|inactive|CrazyComet37 has 30 seconds left.
|inactive|CrazyComet37 has 20 seconds left.
|
|t:|1783741141
|switch|p1a: Basculegion|Basculegion, L50, M|100/100
|move|p2b: Scovillain|Protect|p2b: Scovillain
|-singleturn|p2b: Scovillain|Protect
|move|p2a: Grimmsnarl|Reflect|p2a: Grimmsnarl
|-sidestart|p2: thegreatestnone|Reflect
|move|p1b: Charizard|Heat Wave|p2a: Grimmsnarl|[spread] p2a
|-activate|p2b: Scovillain|move: Protect
|-damage|p2a: Grimmsnarl|54/100
|
|-weather|SunnyDay|[upkeep]
|-damage|p1b: Charizard|75/100|[from] Leech Seed|[of] p2b: Scovillain
|-heal|p2b: Scovillain|62/100|[silent]
|upkeep
|turn|3
|inactive|thegreatestnone has 30 seconds left.
|
|t:|1783741168
|move|p2a: Grimmsnarl|Parting Shot|p1b: Charizard
|-unboost|p1b: Charizard|atk|1
|-unboost|p1b: Charizard|spa|1
|
|t:|1783741171
|switch|p2a: Toxapex|Toxapex, L50, F|100/100|[from] Parting Shot
|move|p1b: Charizard|Heat Wave|p2a: Toxapex|[spread] p2b
|-miss|p1b: Charizard|p2a: Toxapex
|-damage|p2b: Scovillain|31/100
|-immune|p1b: Charizard
|move|p1a: Basculegion|Wave Crash|p2a: Toxapex
|-resisted|p2a: Toxapex|1
|-damage|p2a: Toxapex|89/100
|-damage|p1a: Basculegion|97/100|[from] Recoil
|move|p2b: Scovillain|Leech Seed|p1a: Basculegion
|-start|p1a: Basculegion|move: Leech Seed
|
|-weather|SunnyDay|[upkeep]
|-heal|p2a: Toxapex|95/100|[from] item: Leftovers
|-damage|p1b: Charizard|63/100|[from] Leech Seed|[of] p2b: Scovillain
|-heal|p2b: Scovillain|42/100|[silent]
|-damage|p1a: Basculegion|85/100|[from] Leech Seed|[of] p2b: Scovillain
|-heal|p2b: Scovillain|56/100|[silent]
|upkeep
|turn|4
|inactive|CrazyComet37 has 30 seconds left.
|
|t:|1783741202
|move|p2b: Scovillain|Protect|p2b: Scovillain
|-singleturn|p2b: Scovillain|Protect
|move|p1b: Charizard|Heat Wave|p2b: Scovillain|[spread] p2a
|-activate|p2b: Scovillain|move: Protect
|-resisted|p2a: Toxapex|1
|-damage|p2a: Toxapex|84/100
|move|p1a: Basculegion|Wave Crash|p2b: Scovillain
|-activate|p2b: Scovillain|move: Protect
|move|p2a: Toxapex|Infestation|p1b: Charizard
|-resisted|p1b: Charizard|2
|-damage|p1b: Charizard|62/100
|-activate|p1b: Charizard|move: Infestation|[of] p2a: Toxapex
|
|-weather|SunnyDay|[upkeep]
|-heal|p2a: Toxapex|89/100|[from] item: Leftovers
|-damage|p1b: Charizard|50/100g|[from] Leech Seed|[of] p2b: Scovillain
|-heal|p2b: Scovillain|67/100|[silent]
|-damage|p1a: Basculegion|72/100|[from] Leech Seed|[of] p2b: Scovillain
|-heal|p2b: Scovillain|81/100|[silent]
|-damage|p1b: Charizard|38/100|[from] move: Infestation|[partiallytrapped]
|upkeep
|turn|5
|inactive|thegreatestnone has 30 seconds left.
|inactive|thegreatestnone has 20 seconds left.
|
|t:|1783741241
|switch|p2b: Tyranitar|Tyranitar, L50, F|100/100
|-weather|Sandstorm|[from] ability: Sand Stream|[of] p2b: Tyranitar
|move|p2a: Toxapex|Baneful Bunker|p2a: Toxapex
|-singleturn|p2a: Toxapex|move: Protect
|move|p1b: Charizard|Heat Wave|p2b: Tyranitar|[spread] p2b
|-activate|p2a: Toxapex|move: Protect
|-resisted|p2b: Tyranitar|1
|-damage|p2b: Tyranitar|94/100
|move|p1a: Basculegion|Wave Crash|p2b: Tyranitar
|-supereffective|p2b: Tyranitar|1
|-damage|p2b: Tyranitar|7/100
|-damage|p1a: Basculegion|42/100|[from] Recoil
|
|-weather|Sandstorm|[upkeep]
|-damage|p1b: Charizard|32/100|[from] Sandstorm
|-damage|p1a: Basculegion|36/100|[from] Sandstorm
|-damage|p2a: Toxapex|84/100|[from] Sandstorm
|-heal|p2a: Toxapex|89/100|[from] item: Leftovers
|-damage|p1b: Charizard|20/100r|[from] Leech Seed|[of] p2b: Tyranitar
|-heal|p2b: Tyranitar|16/100|[silent]
|-damage|p1a: Basculegion|24/100|[from] Leech Seed|[of] p2b: Tyranitar
|-heal|p2b: Tyranitar|28/100|[silent]
|-damage|p1b: Charizard|7/100|[from] move: Infestation|[partiallytrapped]
|upkeep
|turn|6
|inactive|CrazyComet37 has 30 seconds left.
|inactive|thegreatestnone has 30 seconds left.
|inactive|CrazyComet37 has 20 seconds left.
|
|t:|1783741276
|switch|p1a: Garchomp|Garchomp, L50, M|100/100
|move|p2b: Tyranitar|Protect|p2b: Tyranitar
|-singleturn|p2b: Tyranitar|Protect
|move|p1b: Charizard|Heat Wave|p2a: Toxapex|[spread] p2a
|-activate|p2b: Tyranitar|move: Protect
|-resisted|p2a: Toxapex|1
|-damage|p2a: Toxapex|82/100
|move|p2a: Toxapex|Infestation|p1a: Garchomp
|-damage|p1a: Garchomp|96/100
|-activate|p1a: Garchomp|move: Infestation|[of] p2a: Toxapex
|-damage|p2a: Toxapex|70/100|[from] ability: Rough Skin|[of] p1a: Garchomp
|
|-weather|Sandstorm|[upkeep]
|-damage|p1b: Charizard|1/100|[from] Sandstorm
|-damage|p2a: Toxapex|64/100|[from] Sandstorm
|-heal|p2a: Toxapex|70/100|[from] item: Leftovers
|-damage|p1b: Charizard|0 fnt|[from] Leech Seed|[of] p2b: Tyranitar
|-heal|p2b: Tyranitar|29/100|[silent]
|faint|p1b: Charizard
|-damage|p1a: Garchomp|83/100|[from] move: Infestation|[partiallytrapped]
|upkeep
|
|t:|1783741300
|switch|p1b: Basculegion|Basculegion, L50, M|24/100
|turn|7
|
|t:|1783741315
|-heal|p2a: Toxapex|100/100|[from] ability: Regenerator|[silent]
|switch|p2a: Scovillain|Scovillain-Mega, L50, F|81/100
|move|p1a: Garchomp|Rock Slide|p2a: Scovillain|[spread] p2a,p2b
|-supereffective|p2a: Scovillain|1
|-damage|p2a: Scovillain|47/100
|-damage|p2b: Tyranitar|18/100
|-status|p1a: Garchomp|brn|[from] ability: Spicy Spray|[of] p2a: Scovillain
|-damage|p1a: Garchomp|74/100 brn|[from] item: Life Orb
|move|p1b: Basculegion|Last Respects|p2b: Tyranitar
|-resisted|p2b: Tyranitar|1
|-damage|p2b: Tyranitar|4/100
|move|p2b: Tyranitar|Rock Slide|p1a: Garchomp|[spread] p1a,p1b
|-resisted|p1a: Garchomp|1
|-damage|p1a: Garchomp|61/100 brn
|-damage|p1b: Basculegion|0 fnt
|faint|p1b: Basculegion
|
|-weather|Sandstorm|[upkeep]
|-damage|p2a: Scovillain|41/100|[from] Sandstorm
|-damage|p1a: Garchomp|55/100 brn|[from] brn
|-end|p1a: Garchomp|Infestation|[partiallytrapped]|[silent]
|upkeep
|
|t:|1783741327
|switch|p1b: Kingambit|Kingambit, L50, M|100/100
|turn|8
|inactive|thegreatestnone has 30 seconds left.
|
|t:|1783741355
|move|p2b: Tyranitar|Protect|p2b: Tyranitar
|-singleturn|p2b: Tyranitar|Protect
|move|p1a: Garchomp|Rock Slide|p2a: Scovillain|[spread] p2a
|-activate|p2b: Tyranitar|move: Protect
|-supereffective|p2a: Scovillain|1
|-damage|p2a: Scovillain|23/100
|-damage|p1a: Garchomp|45/100 brn|[from] item: Life Orb
|move|p2a: Scovillain|Leech Seed|p1a: Garchomp|[miss]
|-miss|p2a: Scovillain|p1a: Garchomp
|move|p1b: Kingambit|Kowtow Cleave|p2a: Scovillain
|-damage|p2a: Scovillain|0 fnt
|-status|p1b: Kingambit|brn|[from] ability: Spicy Spray|[of] p2a: Scovillain
|faint|p2a: Scovillain
|
|-weather|Sandstorm|[upkeep]
|-damage|p1a: Garchomp|40/100 brn|[from] brn
|-damage|p1b: Kingambit|94/100 brn|[from] brn
|-sideend|p2: thegreatestnone|move: Light Screen
|upkeep
|
|t:|1783741373
|switch|p2a: Toxapex|Toxapex, L50, F|100/100
|turn|9
|
|t:|1783741389
|move|p1a: Garchomp|Rock Slide|p2b: Tyranitar|[spread] p2a,p2b
|-damage|p2a: Toxapex|94/100
|-damage|p2b: Tyranitar|0 fnt
|faint|p2b: Tyranitar
|-damage|p1a: Garchomp|30/100 brn|[from] item: Life Orb
|move|p1b: Kingambit|Kowtow Cleave|p2a: Toxapex
|-damage|p2a: Toxapex|84/100
|cant|p2a: Toxapex|flinch
|
|-weather|none
|-heal|p2a: Toxapex|90/100|[from] item: Leftovers
|-damage|p1a: Garchomp|24/100 brn|[from] brn
|-damage|p1b: Kingambit|88/100 brn|[from] brn
|-sideend|p2: thegreatestnone|Reflect
|upkeep
|
|t:|1783741398
|switch|p2b: Grimmsnarl|Grimmsnarl, L50, M|54/100
|turn|10
|
|t:|1783741405
|move|p2b: Grimmsnarl|Reflect|p2b: Grimmsnarl
|-sidestart|p2: thegreatestnone|Reflect
|move|p1a: Garchomp|Earthquake|p2a: Toxapex|[spread] p1b,p2a,p2b
|-supereffective|p1b: Kingambit|1
|-supereffective|p2a: Toxapex|1
|-damage|p1b: Kingambit|52/100 brn
|-damage|p2a: Toxapex|67/100
|-damage|p2b: Grimmsnarl|38/100
|-damage|p1a: Garchomp|14/100 brn|[from] item: Life Orb
|move|p1b: Kingambit|Iron Head|p2b: Grimmsnarl
|-supereffective|p2b: Grimmsnarl|1
|-damage|p2b: Grimmsnarl|9/100
|move|p2a: Toxapex|Infestation|p1a: Garchomp
|-crit|p1a: Garchomp
|-damage|p1a: Garchomp|9/100 brn
|-activate|p1a: Garchomp|move: Infestation|[of] p2a: Toxapex
|-damage|p2a: Toxapex|55/100|[from] ability: Rough Skin|[of] p1a: Garchomp
|
|-heal|p2a: Toxapex|61/100|[from] item: Leftovers
|-damage|p1a: Garchomp|3/100 brn|[from] brn
|-damage|p1b: Kingambit|46/100 brn|[from] brn
|-damage|p1a: Garchomp|0 fnt|[from] move: Infestation|[partiallytrapped]
|faint|p1a: Garchomp
|upkeep
|turn|11
|
|t:|1783741423
|move|p2b: Grimmsnarl|Protect|p2b: Grimmsnarl
|-singleturn|p2b: Grimmsnarl|Protect
|move|p1b: Kingambit|Kowtow Cleave|p2a: Toxapex
|-damage|p2a: Toxapex|50/100g
|move|p2a: Toxapex|Recover|p2a: Toxapex
|-heal|p2a: Toxapex|100/100
|
|-damage|p1b: Kingambit|40/100 brn|[from] brn
|upkeep
|turn|12
|-message|CrazyComet37 forfeited.
|
|win|thegreatestnone
||CrazyComet37 is ready for game 2.
||thegreatestnone is ready for game 2.
|uhtml|next|Next: Game 2 of 3
