|j|☆lysha
|j|☆eevee1ynn
|html|lyshaeevee1ynn    
|uhtml|bestof|Game 2 of a best-of-3
|t:|1783530736
|gametype|doubles
|player|p1|lysha|parasollady|
|player|p2|eevee1ynn|serena-masters3|
|gen|9
|tier|[Gen 9 Champions] VGC 2026 Reg M-B (Bo3)
|rule|Species Clause: Limit one of each Pokémon
|rule|Item Clause: Limit 1 of each item
|clearpoke
|poke|p1|Incineroar, L50, F|
|poke|p1|Kingambit, L50, F|
|poke|p1|Sinistcha, L50|
|poke|p1|Sneasler, L50, M|
|poke|p1|Floette-Eternal, L50, F|
|poke|p1|Delphox, L50, F|
|poke|p2|Scrafty, L50, F, shiny|
|poke|p2|Ceruledge, L50, F|
|poke|p2|Ninetales-Alola, L50, M|
|poke|p2|Sinistcha, L50|
|poke|p2|Dragonite, L50, F|
|poke|p2|Raichu, L50, M|
|teampreview|4
|showteam|p1|Incineroar||SitrusBerry|Intimidate|FlareBlitz,FakeOut,PartingShot,HelpingHand|Careful||F|||50|]Kingambit||BlackGlasses|Defiant|KowtowCleave,SuckerPunch,SwordsDance,Protect|Adamant||F|||50|]Sinistcha||KasibBerry|Hospitality|MatchaGotcha,RagePowder,TrickRoom,Protect|Bold|||||50|]Sneasler||FocusSash|PoisonTouch|FakeOut,CloseCombat,PoisonJab,QuickGuard|Jolly||M|||50|]Floette-Eternal||Floettite|FlowerVeil|Moonblast,DazzlingGleam,CalmMind,Protect|Modest||F|||50|]Delphox||Delphoxite|Blaze|HeatWave,Psyshock,NastyPlot,Protect|Timid||F|||50|
|showteam|p2|Scrafty||Scraftinite|Intimidate|Detect,DrainPunch,KnockOff,FakeOut|Adamant||F|||50|]Ceruledge||ColburBerry|FlashFire|Protect,BitterBlade,ShadowSneak,BulkUp|Adamant||F|||50|]Ninetales-Alola||NeverMeltIce|SnowWarning|Protect,FreezeDry,IcyWind,AuroraVeil|Timid||M|||50|]Sinistcha||FocusSash|Hospitality|Protect,MatchaGotcha,Hex,RagePowder|Modest|||||50|]Dragonite||LifeOrb|InnerFocus|Protect,DragonClaw,RockSlide,ExtremeSpeed|Adamant||F|||50|]Raichu||RaichuniteY|LightningRod|Protect,ZapCannon,FocusBlast,FakeOut|Timid||M|||50|
|inactive|Battle timer is ON: inactive players will automatically lose when time's up. (requested by lysha)
|inactive|eevee1ynn has 60 seconds left.
|
|t:|1783530777
|teamsize|p1|4
|teamsize|p2|4
|start
|switch|p1a: Kingambit|Kingambit, L50, F|100/100
|switch|p1b: Incineroar|Incineroar, L50, F|100/100
|switch|p2a: Raichu|Raichu, L50, M|100/100
|switch|p2b: Ninetales|Ninetales-Alola, L50, M|100/100
|-weather|Snowscape|[from] ability: Snow Warning|[of] p2b: Ninetales
|-ability|p1b: Incineroar|Intimidate|boost
|-unboost|p2a: Raichu|atk|1
|-unboost|p2b: Ninetales|atk|1
|turn|1
|
|t:|1783530791
|detailschange|p2a: Raichu|Raichu-Mega-Y, L50, M
|-mega|p2a: Raichu|Raichu|Raichunite Y
|move|p2a: Raichu|Fake Out|p1a: Kingambit
|-resisted|p1a: Kingambit|1
|-damage|p1a: Kingambit|97/100
|move|p1b: Incineroar|Fake Out|p2a: Raichu
|-damage|p2a: Raichu|79/100
|move|p2b: Ninetales|Aurora Veil|p2b: Ninetales
|-sidestart|p2: eevee1ynn|move: Aurora Veil
|cant|p1a: Kingambit|flinch
|
|-weather|Snowscape|[upkeep]
|upkeep
|turn|2
|
|t:|1783530815
|move|p1a: Kingambit|Protect|p1a: Kingambit
|-singleturn|p1a: Kingambit|Protect
|move|p2a: Raichu|Zap Cannon|p1b: Incineroar
|-damage|p1b: Incineroar|45/100
|-status|p1b: Incineroar|par
|-enditem|p1b: Incineroar|Sitrus Berry|[eat]
|-heal|p1b: Incineroar|69/100 par|[from] item: Sitrus Berry
|move|p2b: Ninetales|Freeze-Dry|p1b: Incineroar
|-resisted|p1b: Incineroar|1
|-damage|p1b: Incineroar|56/100 par
|move|p1b: Incineroar|Parting Shot|p2b: Ninetales
|-unboost|p2b: Ninetales|atk|1
|-unboost|p2b: Ninetales|spa|1
|
|t:|1783530826
|switch|p1b: Sinistcha|Sinistcha, L50|100/100|[from] Parting Shot
|-heal|p1a: Kingambit|100/100|[from] ability: Hospitality|[of] p1b: Sinistcha
|
|-weather|Snowscape|[upkeep]
|upkeep
|turn|3
|
|t:|1783530838
|move|p1b: Sinistcha|Rage Powder|p1b: Sinistcha
|-singleturn|p1b: Sinistcha|move: Rage Powder
|move|p2a: Raichu|Zap Cannon|p1b: Sinistcha
|-resisted|p1b: Sinistcha|1
|-damage|p1b: Sinistcha|67/100
|-status|p1b: Sinistcha|par
|move|p2b: Ninetales|Freeze-Dry|p1b: Sinistcha
|-supereffective|p1b: Sinistcha|1
|-damage|p1b: Sinistcha|26/100 par
|move|p1a: Kingambit|Swords Dance|p1a: Kingambit
|-boost|p1a: Kingambit|atk|2
|
|-weather|Snowscape|[upkeep]
|upkeep
|turn|4
|
|t:|1783530855
|switch|p2a: Dragonite|Dragonite, L50, F|100/100
|switch|p1b: Incineroar|Incineroar, L50, F|56/100 par
|-ability|p1b: Incineroar|Intimidate|boost
|-fail|p2a: Dragonite|unboost|Attack|[from] ability: Inner Focus|[of] p2a: Dragonite
|-unboost|p2b: Ninetales|atk|1
|move|p1a: Kingambit|Sucker Punch||[still]
|-fail|p1a: Kingambit
|move|p2b: Ninetales|Freeze-Dry|p1b: Incineroar
|-resisted|p1b: Incineroar|1
|-damage|p1b: Incineroar|48/100 par
|
|-weather|Snowscape|[upkeep]
|upkeep
|turn|5
|inactive|eevee1ynn has 30 seconds left.
|
|t:|1783530880
|switch|p2b: Ceruledge|Ceruledge, L50, F|100/100
|cant|p1b: Incineroar|par
|move|p2a: Dragonite|Dragon Claw|p1b: Incineroar
|-damage|p1b: Incineroar|0 fnt
|faint|p1b: Incineroar
|-damage|p2a: Dragonite|90/100|[from] item: Life Orb
|move|p1a: Kingambit|Kowtow Cleave|p2a: Dragonite
|-damage|p2a: Dragonite|10/100
|
|-weather|none
|-sideend|p2: eevee1ynn|move: Aurora Veil
|upkeep
|
|t:|1783530895
|switch|p1b: Floette|Floette-Eternal, L50, F|100/100
|turn|6
|
|t:|1783530909
|detailschange|p1b: Floette|Floette-Mega, L50, F
|-mega|p1b: Floette|Floette|Floettite
|-ability|p1b: Floette|Fairy Aura
|move|p2b: Ceruledge|Protect|p2b: Ceruledge
|-singleturn|p2b: Ceruledge|Protect
|move|p2a: Dragonite|Extreme Speed|p1b: Floette
|-damage|p1b: Floette|57/100
|-damage|p2a: Dragonite|1/100|[from] item: Life Orb
|move|p1a: Kingambit|Sucker Punch||[still]
|-fail|p1a: Kingambit
|move|p1b: Floette|Dazzling Gleam|p2b: Ceruledge|[spread] p2a
|-activate|p2b: Ceruledge|move: Protect
|-supereffective|p2a: Dragonite|1
|-damage|p2a: Dragonite|0 fnt
|faint|p2a: Dragonite
|
|upkeep
|
|t:|1783530923
|switch|p2a: Raichu|Raichu-Mega-Y, L50, M|79/100
|turn|7
|inactive|lysha has 30 seconds left.
|inactive|lysha has 20 seconds left.
|
|t:|1783530963
|switch|p2a: Ninetales|Ninetales-Alola, L50, M|100/100
|-weather|Snowscape|[from] ability: Snow Warning|[of] p2a: Ninetales
|move|p1a: Kingambit|Sucker Punch||[still]
|-fail|p1a: Kingambit
|move|p1b: Floette|Moonblast|p2b: Ceruledge
|-resisted|p2b: Ceruledge|1
|-crit|p2b: Ceruledge
|-damage|p2b: Ceruledge|43/100
|move|p2b: Ceruledge|Bulk Up|p2b: Ceruledge
|-boost|p2b: Ceruledge|atk|1
|-boost|p2b: Ceruledge|def|1
|
|-weather|Snowscape|[upkeep]
|upkeep
|turn|8
|
|t:|1783530983
|move|p2b: Ceruledge|Protect|p2b: Ceruledge
|-singleturn|p2b: Ceruledge|Protect
|move|p2a: Ninetales|Aurora Veil|p2a: Ninetales
|-sidestart|p2: eevee1ynn|move: Aurora Veil
|move|p1b: Floette|Moonblast|p2a: Ninetales
|-damage|p2a: Ninetales|45/100
|-unboost|p2a: Ninetales|spa|1
|move|p1a: Kingambit|Kowtow Cleave|p2b: Ceruledge
|-activate|p2b: Ceruledge|move: Protect
|
|-weather|Snowscape|[upkeep]
|upkeep
|turn|9
|
|t:|1783531001
|move|p1a: Kingambit|Sucker Punch|p2b: Ceruledge
|-supereffective|p2b: Ceruledge|1
|-enditem|p2b: Ceruledge|Colbur Berry|[eat]
|-enditem|p2b: Ceruledge|Colbur Berry|[weaken]
|-damage|p2b: Ceruledge|0 fnt
|faint|p2b: Ceruledge
|move|p2a: Ninetales|Icy Wind|p1a: Kingambit|[spread] p1a,p1b
|-resisted|p1a: Kingambit|1
|-damage|p1a: Kingambit|93/100
|-damage|p1b: Floette|47/100
|-unboost|p1a: Kingambit|spe|1
|-ability|p1a: Kingambit|Defiant|boost
|-boost|p1a: Kingambit|atk|2
|-unboost|p1b: Floette|spe|1
|move|p1b: Floette|Moonblast|p2a: Ninetales
|-damage|p2a: Ninetales|0 fnt
|faint|p2a: Ninetales
|
|-weather|Snowscape|[upkeep]
|upkeep
|
|t:|1783531007
|switch|p2b: Raichu|Raichu-Mega-Y, L50, M|79/100
|turn|10
|
|t:|1783531019
|move|p1b: Floette|Protect|p1b: Floette
|-singleturn|p1b: Floette|Protect
|move|p1a: Kingambit|Protect|p1a: Kingambit
|-singleturn|p1a: Kingambit|Protect
|move|p2b: Raichu|Zap Cannon|p1b: Floette
|-activate|p1b: Floette|move: Protect
|
|-weather|Snowscape|[upkeep]
|upkeep
|turn|11
|
|t:|1783531023
|move|p1a: Kingambit|Sucker Punch|p2b: Raichu
|-damage|p2b: Raichu|0 fnt
|faint|p2b: Raichu
|
|win|lysha
||eevee1ynn is ready for game 3.
||lysha is ready for game 3.
|uhtml|next|Next: Game 3 of 3
