|j|☆usihs
|j|☆Kyooby
|html|usihsKyooby    
|uhtml|bestof|Game 1 of a best-of-3
|t:|1786184371
|gametype|doubles
|player|p1|usihs|102|1000
|player|p2|Kyooby|volkner|1069
|gen|9
|tier|[Gen 9 Champions] VGC 2026 Reg M-B (Bo3)
|rated|
|rule|Species Clause: Limit one of each Pokémon
|rule|Item Clause: Limit 1 of each item
|clearpoke
|poke|p1|Araquanid, L50, M, shiny|
|poke|p1|Staraptor, L50, M, shiny|
|poke|p1|Meowscarada, L50, M|
|poke|p1|Slowking-Galar, L50, M|
|poke|p1|Incineroar, L50, F|
|poke|p1|Grimmsnarl, L50, M, shiny|
|poke|p2|Gengar, L50, M|
|poke|p2|Swampert, L50, F|
|poke|p2|Incineroar, L50, F|
|poke|p2|Politoed, L50, M|
|poke|p2|Archaludon, L50, F|
|poke|p2|Vivillon, L50, F|
|teampreview|4
|showteam|p1|Araquanid||MysticWater|WaterBubble|Protect,LeechLife,Liquidation,Crunch|Adamant||M|||50|]Staraptor||Staraptite|Intimidate|CloseCombat,BraveBird,Roost,Protect|Adamant||M|||50|]Meowscarada||LifeOrb|Protean|Charm,Protect,FlowerTrick,SuckerPunch|Jolly||M|||50|]Slowking-Galar||Leftovers|Regenerator|ExpandingForce,FutureSight,Yawn,PsychUp|Modest||M|||50|]Incineroar||Charcoal|Intimidate|FakeOut,DarkestLariat,FlareBlitz,PartingShot|Adamant||F|||50|]Grimmsnarl||LightClay|Prankster|LightScreen,Reflect,FakeOut,SpiritBreak|Adamant||M|||50|
|showteam|p2|Gengar||Gengarite|CursedBody|ShadowBall,PerishSong,SludgeBomb,Protect|Timid||M|||50|]Swampert||Swampertite|Torrent|WaveCrash,Earthquake,IcePunch,Protect|Adamant||F|||50|]Incineroar||PasshoBerry|Intimidate|ThroatChop,PartingShot,FakeOut,Protect|Sassy||F|||50|]Politoed||SitrusBerry|Drizzle|WeatherBall,PerishSong,Encore,Protect|Calm||M|||50|]Archaludon||Leftovers|Stamina|DragonPulse,FlashCannon,ElectroShot,Protect|Bold||F|||50|]Vivillon||FocusSash|CompoundEyes|Hurricane,SleepPowder,RagePowder,Protect|Timid||F|||50|
|inactive|Battle timer is ON: inactive players will automatically lose when time's up. (requested by Kyooby)
|inactive|Kyooby has 60 seconds left.
|
|t:|1786184404
|teamsize|p1|4
|teamsize|p2|4
|start
|switch|p1a: Meowscarada|Meowscarada, L50, M|100/100
|switch|p1b: Slowking|Slowking-Galar, L50, M|100/100
|switch|p2a: Incineroar|Incineroar, L50, F|100/100
|switch|p2b: Gengar|Gengar, L50, M|100/100
|-ability|p2a: Incineroar|Intimidate|boost
|-unboost|p1a: Meowscarada|atk|1
|-unboost|p1b: Slowking|atk|1
|turn|1
|inactive|usihs has 30 seconds left.
|
|t:|1786184433
|switch|p1a: Araquanid|Araquanid, L50, M, shiny|100/100
|detailschange|p2b: Gengar|Gengar-Mega, L50, M
|-mega|p2b: Gengar|Gengar|Gengarite
|move|p2a: Incineroar|Fake Out|p1b: Slowking
|-damage|p1b: Slowking|89/100
|move|p2b: Gengar|Perish Song|p2b: Gengar
|-start|p1a: Araquanid|perish3|[silent]
|-start|p1b: Slowking|perish3|[silent]
|-start|p2a: Incineroar|perish3|[silent]
|-start|p2b: Gengar|perish3|[silent]
|-fieldactivate|move: Perish Song
|cant|p1b: Slowking|flinch
|
|-heal|p1b: Slowking|95/100|[from] item: Leftovers
|-start|p2b: Gengar|perish3
|-start|p2a: Incineroar|perish3
|-start|p1a: Araquanid|perish3
|-start|p1b: Slowking|perish3
|upkeep
|turn|2
|
|t:|1786184452
|move|p2b: Gengar|Protect|p2b: Gengar
|-singleturn|p2b: Gengar|Protect
|move|p2a: Incineroar|Protect|p2a: Incineroar
|-singleturn|p2a: Incineroar|Protect
|move|p1a: Araquanid|Liquidation|p2a: Incineroar
|-activate|p2a: Incineroar|move: Protect
|move|p1b: Slowking|Future Sight|p2b: Gengar
|-start|p1b: Slowking|move: Future Sight
|
|-heal|p1b: Slowking|100/100|[from] item: Leftovers
|-start|p2b: Gengar|perish2
|-start|p2a: Incineroar|perish2
|-start|p1a: Araquanid|perish2
|-start|p1b: Slowking|perish2
|upkeep
|turn|3
|
|t:|1786184470
|switch|p2b: Archaludon|Archaludon, L50, F|100/100
|move|p2a: Incineroar|Parting Shot|p1b: Slowking
|-unboost|p1b: Slowking|atk|1
|-unboost|p1b: Slowking|spa|1
|
|t:|1786184475
|switch|p2a: Gengar|Gengar-Mega, L50, M|100/100|[from] Parting Shot
|move|p1a: Araquanid|Liquidation|p2a: Gengar
|-damage|p2a: Gengar|13/100
|move|p1b: Slowking|Expanding Force|p2b: Archaludon
|-resisted|p2b: Archaludon|1
|-damage|p2b: Archaludon|86/100
|-ability|p2b: Archaludon|Stamina|boost
|-boost|p2b: Archaludon|def|1
|
|-heal|p2b: Archaludon|92/100|[from] item: Leftovers
|-start|p1a: Araquanid|perish1
|-start|p1b: Slowking|perish1
|upkeep
|turn|4
|
|t:|1786184497
|move|p2a: Gengar|Protect|p2a: Gengar
|-singleturn|p2a: Gengar|Protect
|move|p2b: Archaludon|Protect|p2b: Archaludon
|-singleturn|p2b: Archaludon|Protect
|move|p1a: Araquanid|Liquidation|p2a: Gengar
|-activate|p2a: Gengar|move: Protect
|move|p1b: Slowking|Future Sight|p2a: Gengar
|-start|p1b: Slowking|move: Future Sight
|
|-end|p2b: Archaludon|move: Future Sight
|-resisted|p2b: Archaludon|1
|-damage|p2b: Archaludon|73/100
|-ability|p2b: Archaludon|Stamina|boost
|-boost|p2b: Archaludon|def|1
|-heal|p2b: Archaludon|79/100|[from] item: Leftovers
|-start|p1a: Araquanid|perish0
|-start|p1b: Slowking|perish0
|faint|p1a: Araquanid
|faint|p1b: Slowking
|upkeep
|
|t:|1786184503
|switch|p1a: Staraptor|Staraptor, L50, M, shiny|100/100
|switch|p1b: Meowscarada|Meowscarada, L50, M|100/100
|-ability|p1a: Staraptor|Intimidate|boost
|-unboost|p2a: Gengar|atk|1
|-unboost|p2b: Archaludon|atk|1
|turn|5
|inactive|Kyooby has 30 seconds left.
|
|t:|1786184529
|switch|p2a: Politoed|Politoed, L50, M|100/100
|-weather|RainDance|[from] ability: Drizzle|[of] p2a: Politoed
|detailschange|p1a: Staraptor|Staraptor-Mega, L50, M, shiny
|-mega|p1a: Staraptor|Staraptor|Staraptite
|move|p1b: Meowscarada|Charm|p1a: Staraptor
|-start|p1b: Meowscarada|typechange|Fairy|[from] ability: Protean
|-boost|p1a: Staraptor|atk|2
|move|p1a: Staraptor|Close Combat|p2b: Archaludon
|-supereffective|p2b: Archaludon|1
|-crit|p2b: Archaludon
|-damage|p2b: Archaludon|0 fnt
|-boost|p1a: Staraptor|def|1
|-boost|p1a: Staraptor|spd|1
|faint|p2b: Archaludon
|
|-weather|RainDance|[upkeep]
|upkeep
|
|t:|1786184543
|switch|p2b: Gengar|Gengar-Mega, L50, M|13/100
|turn|6
|
|t:|1786184567
|move|p2b: Gengar|Protect|p2b: Gengar
|-singleturn|p2b: Gengar|Protect
|move|p1b: Meowscarada|Flower Trick|p2a: Politoed
|-supereffective|p2a: Politoed|1
|-crit|p2a: Politoed
|-damage|p2a: Politoed|18/100
|-enditem|p2a: Politoed|Sitrus Berry|[eat]
|-heal|p2a: Politoed|43/100|[from] item: Sitrus Berry
|-damage|p1b: Meowscarada|90/100|[from] item: Life Orb
|move|p1a: Staraptor|Brave Bird|p2b: Gengar
|-activate|p2b: Gengar|move: Protect
|move|p2a: Politoed|Perish Song|p2a: Politoed
|-start|p1a: Staraptor|perish3|[silent]
|-start|p1b: Meowscarada|perish3|[silent]
|-start|p2a: Politoed|perish3|[silent]
|-start|p2b: Gengar|perish3|[silent]
|-fieldactivate|move: Perish Song
|
|-weather|RainDance|[upkeep]
|-end|p2a: Politoed|move: Future Sight
|-damage|p2a: Politoed|0 fnt
|faint|p2a: Politoed
|-start|p1b: Meowscarada|perish3
|-start|p2b: Gengar|perish3
|-start|p1a: Staraptor|perish3
|upkeep
|
|t:|1786184582
|switch|p2a: Incineroar|Incineroar, L50, F|100/100
|-ability|p2a: Incineroar|Intimidate|boost
|-boost|p1a: Staraptor|atk|1
|-unboost|p1b: Meowscarada|atk|1
|turn|7
|
|t:|1786184598
|move|p2a: Incineroar|Fake Out|p1a: Staraptor
|-damage|p1a: Staraptor|92/100
|move|p1b: Meowscarada|Flower Trick|p2a: Incineroar
|-resisted|p2a: Incineroar|1
|-crit|p2a: Incineroar
|-damage|p2a: Incineroar|82/100
|-damage|p1b: Meowscarada|80/100|[from] item: Life Orb
|move|p2b: Gengar|Sludge Bomb|p1b: Meowscarada
|-supereffective|p1b: Meowscarada|1
|-damage|p1b: Meowscarada|0 fnt
|faint|p1b: Meowscarada
|cant|p1a: Staraptor|flinch
|
|-weather|RainDance|[upkeep]
|-start|p2b: Gengar|perish2
|-start|p1a: Staraptor|perish2
|upkeep
|turn|8
|-message|usihs forfeited.
|
|win|Kyooby
