|j|â˜†ultimatezacian
|j|â˜†hushdvdudifbfn
|html|ultimatezacianhushdvdudifbfn    
|uhtml|bestof|Game 1 of a best-of-3
|t:|1782227605
|gametype|doubles
|player|p1|ultimatezacian|266|1012
|player|p2|hushdvdudifbfn|102|1000
|gen|9
|tier|[Gen 9 Champions] VGC 2026 Reg M-B (Bo3)
|rated|
|rule|Species Clause: Limit one of each PokÃ©mon
|rule|Item Clause: Limit 1 of each item
|clearpoke
|poke|p1|Staraptor, L50, F|
|poke|p1|Grimmsnarl, L50, M|
|poke|p1|Incineroar, L50, M|
|poke|p1|Aerodactyl, L50, M|
|poke|p1|Swampert, L50, F|
|poke|p1|Pelipper, L50, M|
|poke|p2|Aegislash, L50, M|
|poke|p2|Blastoise, L50, F|
|poke|p2|Pelipper, L50, M|
|poke|p2|Raichu, L50, F|
|poke|p2|Garchomp, L50, M|
|poke|p2|Incineroar, L50, F|
|teampreview|4
|showteam|p1|Staraptor||Staraptite|Intimidate|CloseCombat,Tailwind,Fly,Protect|Adamant||F|||50|]Grimmsnarl||BabiriBerry|Prankster|FakeOut,PartingShot,ScaryFace,SpiritBreak|Adamant||M|||50|]Incineroar||SitrusBerry|Intimidate|FakeOut,FlareBlitz,PartingShot,DarkestLariat|Adamant||M|||50|]Aerodactyl||FocusSash|RockHead|RockSlide,Tailwind,IronHead,Protect|Adamant||M|||50|]Swampert||Swampertite|Torrent|WaveCrash,Liquidation,IceBeam,HighHorsepower|Adamant||F|||50|]Pelipper||WacanBerry|Drizzle|Tailwind,Hurricane,Uturn,WideGuard|Modest||M|||50|
|showteam|p2|Aegislash||Leftovers|StanceChange|KingsShield,SacredSword,ShadowSneak,IronHead|Adamant||M|||50|]Blastoise||ChoiceScarf|Torrent|WaterSpout,IceBeam,FlipTurn,HydroPump|Modest||F|||50|]Pelipper||FocusSash|Drizzle|MuddyWater,WideGuard,Protect,Tailwind|Modest||M|||50|]Raichu||RaichuniteY|LightningRod|ZapCannon,AlluringVoice,FakeOut,Protect|Modest||F|||50|]Garchomp||MuscleBand|RoughSkin|PoisonJab,Protect,Earthquake,RockSlide|Adamant||M|||50|]Incineroar||SitrusBerry|Intimidate|PartingShot,FakeOut,DarkestLariat,Taunt|Adamant||F|||50|
|
|t:|1782227643
|teamsize|p1|4
|teamsize|p2|4
|start
|switch|p1a: Staraptor|Staraptor, L50, F|100/100
|switch|p1b: Grimmsnarl|Grimmsnarl, L50, M|100/100
|switch|p2a: Blastoise|Blastoise, L50, F|100/100
|switch|p2b: Aegislash|Aegislash, L50, M|100/100
|-ability|p1a: Staraptor|Intimidate|boost
|-unboost|p2a: Blastoise|atk|1
|-unboost|p2b: Aegislash|atk|1
|turn|1
|
|t:|1782227665
|detailschange|p1a: Staraptor|Staraptor-Mega, L50, F
|-mega|p1a: Staraptor|Staraptor|Staraptite
|move|p1b: Grimmsnarl|Scary Face|p1a: Staraptor
|-boost|p1a: Staraptor|spe|2
|move|p1a: Staraptor|Close Combat|p2a: Blastoise
|-damage|p2a: Blastoise|15/100
|-boost|p1a: Staraptor|def|1
|-boost|p1a: Staraptor|spd|1
|move|p2a: Blastoise|Water Spout|p1a: Staraptor|[spread] p1a,p1b
|-damage|p1a: Staraptor|90/100
|-damage|p1b: Grimmsnarl|87/100
|-formechange|p2b: Aegislash|Aegislash-Blade|
|move|p2b: Aegislash|Iron Head|p1b: Grimmsnarl
|-supereffective|p1b: Grimmsnarl|1
|-enditem|p1b: Grimmsnarl|Babiri Berry|[eat]
|-enditem|p1b: Grimmsnarl|Babiri Berry|[weaken]
|-damage|p1b: Grimmsnarl|44/100
|
|upkeep
|turn|2
|
|t:|1782227696
|switch|p2a: Garchomp|Garchomp, L50, M|100/100
|-formechange|p2b: Aegislash|Aegislash|
|move|p2b: Aegislash|King's Shield|p2b: Aegislash
|-singleturn|p2b: Aegislash|Protect
|move|p1b: Grimmsnarl|Parting Shot|p2b: Aegislash
|-unboost|p2b: Aegislash|atk|1
|-unboost|p2b: Aegislash|spa|1
|
|t:|1782227708
|switch|p1b: Incineroar|Incineroar, L50, M|100/100|[from] Parting Shot
|-ability|p1b: Incineroar|Intimidate|boost
|-unboost|p2a: Garchomp|atk|1
|-unboost|p2b: Aegislash|atk|1
|move|p1a: Staraptor|Close Combat|p2a: Garchomp
|-damage|p2a: Garchomp|37/100
|-boost|p1a: Staraptor|def|1
|-boost|p1a: Staraptor|spd|1
|-damage|p1a: Staraptor|78/100|[from] ability: Rough Skin|[of] p2a: Garchomp
|
|upkeep
|turn|3
|
|t:|1782227733
|move|p1a: Staraptor|Close Combat|p2a: Garchomp
|-damage|p2a: Garchomp|0 fnt
|-boost|p1a: Staraptor|def|1
|-boost|p1a: Staraptor|spd|1
|-damage|p1a: Staraptor|66/100|[from] ability: Rough Skin|[of] p2a: Garchomp
|faint|p2a: Garchomp
|move|p1b: Incineroar|Flare Blitz|p2b: Aegislash
|-supereffective|p2b: Aegislash|1
|-damage|p2b: Aegislash|0 fnt
|faint|p2b: Aegislash
|-damage|p1b: Incineroar|70/100|[from] Recoil
|
|upkeep
|
|t:|1782227746
|switch|p2a: Blastoise|Blastoise, L50, F|15/100
|switch|p2b: Raichu|Raichu, L50, F|100/100
|turn|4
|
|t:|1782227758
|detailschange|p2b: Raichu|Raichu-Mega-Y, L50, F
|-mega|p2b: Raichu|Raichu|Raichunite Y
|move|p2b: Raichu|Fake Out|p1a: Staraptor
|-crit|p1a: Staraptor
|-damage|p1a: Staraptor|52/100
|cant|p1a: Staraptor|flinch
|move|p2a: Blastoise|Hydro Pump|p1a: Staraptor
|-damage|p1a: Staraptor|17/100
|move|p1b: Incineroar|Darkest Lariat|p2a: Blastoise
|-damage|p2a: Blastoise|0 fnt
|faint|p2a: Blastoise
|
|upkeep
|turn|5
|
|t:|1782227785
|move|p1a: Staraptor|Protect|p1a: Staraptor
|-singleturn|p1a: Staraptor|Protect
|move|p2b: Raichu|Zap Cannon|p1a: Staraptor
|-activate|p1a: Staraptor|move: Protect
|move|p1b: Incineroar|Parting Shot|p1a: Staraptor
|-activate|p1a: Staraptor|move: Protect
|
|upkeep
|turn|6
|c|â˜†ultimatezacian|Piece of cake
|inactive|Battle timer is ON: inactive players will automatically lose when time's up. (requested by ultimatezacian)
|inactive|hushdvdudifbfn has 60 seconds left.
|inactive|hushdvdudifbfn has 30 seconds left.
|c|â˜†ultimatezacian|Please make it faster
|c|â˜†ultimatezacian|Fuckin idiot
|n|â€½ultimatezacian|ultimatezacian
|c|~|/log ultimatezacian was locked from talking by Artemis. (â˜†ultimatezacian: Fuckin idiot)
|c|~|/raw This action was done automatically. Want to learn more about the AI? Visit the information thread.
|l|â˜†hushdvdudifbfn
|inactive|hushdvdudifbfn disconnected and has a minute to reconnect!
|player|p2|
|inactive|hushdvdudifbfn has 20 seconds left.
|inactive|hushdvdudifbfn has 15 seconds left.
|inactive|hushdvdudifbfn has 10 seconds left.
|inactive|hushdvdudifbfn has 5 seconds left.
|-message|hushdvdudifbfn lost due to inactivity.
|
|win|ultimatezacian
