|j|☆Gibbermish!
|j|☆WindyNyt
|html|Gibbermish!WindyNyt    
|uhtml|bestof|Game 3 of a best-of-3
|t:|1786208762
|gametype|doubles
|player|p1|Gibbermish!|leon|1149
|player|p2|WindyNyt|lucas|1215
|gen|9
|tier|[Gen 9 Champions] VGC 2026 Reg M-B (Bo3)
|rated|
|rule|Species Clause: Limit one of each Pokémon
|rule|Item Clause: Limit 1 of each item
|clearpoke
|poke|p1|Pelipper, L50, F|
|poke|p1|Archaludon, L50, F, shiny|
|poke|p1|Venusaur, L50, M|
|poke|p1|Grimmsnarl, L50, M|
|poke|p1|Garchomp, L50, M|
|poke|p1|Basculegion, L50, M|
|poke|p2|Kingambit, L50, F|
|poke|p2|Blastoise, L50, M|
|poke|p2|Incineroar, L50, F|
|poke|p2|Aerodactyl, L50, F|
|poke|p2|Sinistcha, L50|
|poke|p2|Froslass, L50, F|
|teampreview|4
|showteam|p1|Pelipper||FocusSash|Drizzle|WeatherBall,Hurricane,Tailwind,Protect|Timid||F|||50|]Archaludon||Leftovers|Stamina|FlashCannon,ElectroShot,DragonPulse,Protect|Modest||F|||50|]Venusaur||Venusaurite|Overgrow|GigaDrain,SludgeBomb,EarthPower,Protect|Modest||M|||50|]Grimmsnarl||LightClay|Prankster|Reflect,LightScreen,PartingShot,SpiritBreak|Impish||M|||50|]Garchomp||LifeOrb|RoughSkin|DragonClaw,Earthquake,RockSlide,Protect|Jolly||M|||50|]Basculegion||ChoiceScarf|Adaptability|WaveCrash,LastRespects,AquaJet,FlipTurn|Jolly||M|||50|
|showteam|p2|Kingambit||LifeOrb|Defiant|SuckerPunch,KowtowCleave,IronHead,LowKick|Adamant||F|||50|]Blastoise||Blastoisinite|RainDish|ShellSmash,AuraSphere,WaterSpout,WaterPulse|Quiet||M|||50|]Incineroar||SitrusBerry|Intimidate|FakeOut,CloseCombat,FlareBlitz,PartingShot|Impish||F|||50|]Aerodactyl||FocusSash|Unnerve|RockSlide,DualWingbeat,Tailwind,Taunt|Jolly||F|||50|]Sinistcha||ColburBerry|Hospitality|MatchaGotcha,TrickRoom,RagePowder,LifeDew|Relaxed|||||50|]Froslass||Froslassite|CursedBody|Blizzard,NastyPlot,ShadowBall,Protect|Modest||F|||50|
|inactive|Battle timer is ON: inactive players will automatically lose when time's up. (requested by Gibbermish!)
|inactive|WindyNyt has 60 seconds left.
|
|t:|1786208796
|teamsize|p1|4
|teamsize|p2|4
|start
|switch|p1a: Teardrop|Basculegion, L50, M|100/100
|switch|p1b: Remote|Archaludon, L50, F, shiny|100/100
|switch|p2a: Aerodactyl|Aerodactyl, L50, F|100/100
|switch|p2b: Kingambit|Kingambit, L50, F|100/100
|-ability|p2a: Aerodactyl|Unnerve
|turn|1
|
|t:|1786208812
|move|p1a: Teardrop|Flip Turn|p2b: Kingambit
|-damage|p2b: Kingambit|70/100
|
|t:|1786208815
|switch|p1a: Bubble|Pelipper, L50, F|100/100|[from] Flip Turn
|-weather|RainDance|[from] ability: Drizzle|[of] p1a: Bubble
|move|p2a: Aerodactyl|Tailwind|p2a: Aerodactyl
|-sidestart|p2: WindyNyt|move: Tailwind
|move|p2b: Kingambit|Low Kick|p1b: Remote
|-supereffective|p1b: Remote|1
|-damage|p1b: Remote|36/100
|-ability|p1b: Remote|Stamina|boost
|-boost|p1b: Remote|def|1
|-damage|p2b: Kingambit|60/100|[from] item: Life Orb
|move|p1b: Remote|Electro Shot||[still]
|-prepare|p1b: Remote|Electro Shot
|-boost|p1b: Remote|spa|1
|-anim|p1b: Remote|Electro Shot|p2b: Kingambit
|-damage|p2b: Kingambit|0 fnt
|faint|p2b: Kingambit
|
|-weather|RainDance|[upkeep]
|-heal|p1b: Remote|43/100|[from] item: Leftovers
|upkeep
|
|t:|1786208832
|switch|p2b: Blastoise|Blastoise, L50, M|100/100
|turn|2
|
|t:|1786208850
|detailschange|p2b: Blastoise|Blastoise-Mega, L50, M
|-mega|p2b: Blastoise|Blastoise|Blastoisinite
|move|p2a: Aerodactyl|Rock Slide|p1a: Bubble|[spread] p1a,p1b
|-supereffective|p1a: Bubble|1
|-resisted|p1b: Remote|1
|-damage|p1a: Bubble|31/100
|-damage|p1b: Remote|36/100
|-ability|p1b: Remote|Stamina|boost
|-boost|p1b: Remote|def|1
|move|p2b: Blastoise|Water Spout|p1a: Bubble|[spread] p1a,p1b
|-resisted|p1a: Bubble|1
|-resisted|p1b: Remote|1
|-damage|p1a: Bubble|0 fnt
|-damage|p1b: Remote|0 fnt
|faint|p1a: Bubble
|faint|p1b: Remote
|
|-weather|RainDance|[upkeep]
|upkeep
|
|t:|1786208860
|switch|p1a: Teardrop|Basculegion, L50, M|100/100
|switch|p1b: David|Garchomp, L50, M|100/100
|turn|3
|
|t:|1786208877
|move|p2a: Aerodactyl|Rock Slide|p1b: David|[spread] p1a,p1b
|-resisted|p1b: David|1
|-damage|p1a: Teardrop|67/100
|-damage|p1b: David|87/100
|move|p1a: Teardrop|Last Respects|p2b: Blastoise
|-damage|p2b: Blastoise|21/100
|move|p2b: Blastoise|Water Spout|p1a: Teardrop|[spread] p1a,p1b
|-resisted|p1a: Teardrop|1
|-damage|p1a: Teardrop|54/100
|-damage|p1b: David|64/100
|cant|p1b: David|flinch
|
|-weather|RainDance|[upkeep]
|upkeep
|turn|4
|
|t:|1786208902
|move|p2a: Aerodactyl|Rock Slide|p1b: David|[spread] p1a,p1b
|-resisted|p1b: David|1
|-damage|p1a: Teardrop|21/100
|-damage|p1b: David|51/100
|move|p1a: Teardrop|Last Respects|p2b: Blastoise
|-damage|p2b: Blastoise|0 fnt
|faint|p2b: Blastoise
|move|p1b: David|Rock Slide|p2a: Aerodactyl
|-supereffective|p2a: Aerodactyl|1
|-enditem|p2a: Aerodactyl|Focus Sash
|-damage|p2a: Aerodactyl|1/100
|-damage|p1b: David|41/100|[from] item: Life Orb
|
|-weather|RainDance|[upkeep]
|-sideend|p2: WindyNyt|move: Tailwind
|upkeep
|
|t:|1786208909
|switch|p2b: Sinistcha|Sinistcha, L50|100/100
|-heal|p2a: Aerodactyl|25/100|[from] ability: Hospitality|[of] p2b: Sinistcha
|turn|5
|
|t:|1786208919
|move|p1a: Teardrop|Last Respects|p2b: Sinistcha
|-supereffective|p2b: Sinistcha|1
|-damage|p2b: Sinistcha|0 fnt
|faint|p2b: Sinistcha
|move|p2a: Aerodactyl|Rock Slide|p1b: David|[spread] p1a,p1b
|-resisted|p1b: David|1
|-damage|p1a: Teardrop|0 fnt
|-damage|p1b: David|28/100
|faint|p1a: Teardrop
|cant|p1b: David|flinch
|
|-weather|none
|upkeep
|turn|6
|
|t:|1786208932
|move|p2a: Aerodactyl|Dual Wingbeat|p1b: David
|-damage|p1b: David|9/100
|-damage|p2a: Aerodactyl|13/100|[from] ability: Rough Skin|[of] p1b: David
|-damage|p1b: David|0 fnt
|-damage|p2a: Aerodactyl|1/100|[from] ability: Rough Skin|[of] p1b: David
|faint|p1b: David
|-hitcount|p1: David|2
|
|win|WindyNyt
|raw|Gibbermish!'s rating: 1149 → 1129(-20 for losing)
|raw|WindyNyt's rating: 1215 → 1235(+20 for winning)
|l|☆WindyNyt
|player|p2|
|c|☆Gibbermish!|ggwp
