|j|☆aguakatekun
|j|☆superboy245
|html|aguakatekunsuperboy245    
|uhtml|bestof|Game 2 of a best-of-3
|t:|1782525114
|gametype|doubles
|player|p1|aguakatekun|li|1052
|player|p2|superboy245|buck|1050
|gen|9
|tier|[Gen 9 Champions] VGC 2026 Reg M-B (Bo3)
|rated|
|rule|Species Clause: Limit one of each Pokémon
|rule|Item Clause: Limit 1 of each item
|clearpoke
|poke|p1|Metagross, L50, shiny|
|poke|p1|Kommo-o, L50, F|
|poke|p1|Sylveon, L50, F, shiny|
|poke|p1|Aerodactyl, L50, M|
|poke|p1|Incineroar, L50, F, shiny|
|poke|p1|Milotic, L50, F, shiny|
|poke|p2|Raichu, L50, M|
|poke|p2|Toxicroak, L50, M|
|poke|p2|Whimsicott, L50, M|
|poke|p2|Mr. Rime, L50, M|
|poke|p2|Corviknight, L50, M|
|poke|p2|Aerodactyl, L50, M|
|teampreview|4
|showteam|p1|Metagross||Metagrossite|ClearBody|IronHead,PsychicFangs,StompingTantrum,Protect|Adamant|||||50|]Kommo-o||Leftovers|Soundproof|ClangingScales,AuraSphere,ClangorousSoul,Protect|Modest||F|||50|]Sylveon||FairyFeather|Pixilate|HyperVoice,HyperBeam,QuickAttack,Detect|Modest||F|||50|]Aerodactyl||Aerodactylite|Unnerve|RockSlide,DualWingbeat,Tailwind,Protect|Jolly||M|||50|]Incineroar||PasshoBerry|Intimidate|FlareBlitz,ThroatChop,PartingShot,FakeOut|Careful||F|||50|]Milotic||SitrusBerry|Competitive|Scald,IcyWind,LifeDew,Protect|Modest||F|||50|
|showteam|p2|Raichu||RaichuniteY|LightningRod|FakeOut,ZapCannon,FocusBlast,Protect|Timid||M|||50|]Toxicroak||FocusSash|DrySkin|FakeOut,CloseCombat,PoisonJab,Protect|Jolly||M|||50|]Whimsicott||MentalHerb|Prankster|Tailwind,Encore,Moonblast,Protect|Bold||M|||50|]Mr. Rime||ChoiceScarf|ScreenCleaner|FreezeDry,Psychic,Trick,IceBeam|Timid||M|||50|]Corviknight||Leftovers|MirrorArmor|BraveBird,BodyPress,IronHead,Protect|Impish||M|||50|]Aerodactyl||Aerodactylite|Unnerve|RockSlide,DualWingbeat,Tailwind,Protect|Jolly||M|||50|
|inactive|Battle timer is ON: inactive players will automatically lose when time's up. (requested by aguakatekun)
|
|t:|1782525165
|teamsize|p1|4
|teamsize|p2|4
|start
|switch|p1a: Aerodactyl|Aerodactyl, L50, M|100/100
|switch|p1b: Incineroar|Incineroar, L50, F, shiny|100/100
|switch|p2a: Rakai|Raichu, L50, M|100/100
|switch|p2b: Whimsicall Madness|Whimsicott, L50, M|100/100
|-ability|p1a: Aerodactyl|Unnerve
|-ability|p1b: Incineroar|Intimidate|boost
|-unboost|p2a: Rakai|atk|1
|-unboost|p2b: Whimsicall Madness|atk|1
|turn|1
|inactive|superboy245 has 30 seconds left.
|
|t:|1782525193
|detailschange|p2a: Rakai|Raichu-Mega-Y, L50, M
|-mega|p2a: Rakai|Raichu|Raichunite Y
|move|p1a: Aerodactyl|Protect|p1a: Aerodactyl
|-singleturn|p1a: Aerodactyl|Protect
|move|p2a: Rakai|Fake Out|p1b: Incineroar
|-damage|p1b: Incineroar|94/100
|move|p2b: Whimsicall Madness|Tailwind|p2b: Whimsicall Madness
|-sidestart|p2: superboy245|move: Tailwind
|cant|p1b: Incineroar|flinch
|
|upkeep
|turn|2
|
|t:|1782525211
|switch|p1a: Sylveon|Sylveon, L50, F, shiny|100/100
|move|p2a: Rakai|Focus Blast|p1b: Incineroar
|-supereffective|p1b: Incineroar|1
|-damage|p1b: Incineroar|22/100
|move|p2b: Whimsicall Madness|Moonblast|p1b: Incineroar
|-damage|p1b: Incineroar|2/100
|move|p1b: Incineroar|Flare Blitz|p2b: Whimsicall Madness
|-supereffective|p2b: Whimsicall Madness|1
|-damage|p2b: Whimsicall Madness|23/100
|-damage|p1b: Incineroar|0 fnt|[from] Recoil
|faint|p1b: Incineroar
|
|upkeep
|
|t:|1782525221
|switch|p1b: Aerodactyl|Aerodactyl, L50, M|100/100
|-ability|p1b: Aerodactyl|Unnerve
|turn|3
|
|t:|1782525239
|switch|p2a: Mini Wall|Corviknight, L50, M|100/100
|move|p2b: Whimsicall Madness|Protect|p2b: Whimsicall Madness
|-singleturn|p2b: Whimsicall Madness|Protect
|move|p1b: Aerodactyl|Protect|p1b: Aerodactyl
|-singleturn|p1b: Aerodactyl|Protect
|move|p1a: Sylveon|Hyper Beam|p2a: Mini Wall|[miss]
|-miss|p1a: Sylveon|p2a: Mini Wall
|
|upkeep
|turn|4
|c|☆aguakatekun|xd
|
|t:|1782525252
|switch|p1a: Milotic|Milotic, L50, F, shiny|100/100
|detailschange|p1b: Aerodactyl|Aerodactyl-Mega, L50, M
|-mega|p1b: Aerodactyl|Aerodactyl|Aerodactylite
|move|p2b: Whimsicall Madness|Encore|p1b: Aerodactyl
|-start|p1b: Aerodactyl|Encore
|move|p1b: Aerodactyl|Protect|p1b: Aerodactyl
|-singleturn|p1b: Aerodactyl|Protect
|move|p2a: Mini Wall|Iron Head|p1a: Milotic
|-resisted|p1a: Milotic|1
|-damage|p1a: Milotic|89/100
|
|-sideend|p2: superboy245|move: Tailwind
|upkeep
|turn|5
|c|☆superboy245|Prob better you missed
|
|t:|1782525271
|switch|p1b: Sylveon|Sylveon, L50, F, shiny|100/100
|switch|p2b: SnesLing|Toxicroak, L50, M|100/100
|move|p1a: Milotic|Icy Wind|p2a: Mini Wall|[spread] p2a,p2b
|-damage|p2a: Mini Wall|87/100
|-damage|p2b: SnesLing|81/100
|-ability|p2a: Mini Wall|Mirror Armor
|-unboost|p1a: Milotic|spe|1
|-ability|p1a: Milotic|Competitive|boost
|-boost|p1a: Milotic|spa|2
|-unboost|p2b: SnesLing|spe|1
|move|p2a: Mini Wall|Iron Head|p1b: Sylveon
|-supereffective|p1b: Sylveon|1
|-crit|p1b: Sylveon
|-damage|p1b: Sylveon|9/100
|
|-heal|p2a: Mini Wall|93/100|[from] item: Leftovers
|upkeep
|turn|6
|
|t:|1782525292
|move|p1b: Sylveon|Detect|p1b: Sylveon
|-singleturn|p1b: Sylveon|Protect
|move|p1a: Milotic|Protect|p1a: Milotic
|-singleturn|p1a: Milotic|Protect
|move|p2b: SnesLing|Fake Out|p1a: Milotic
|-activate|p1a: Milotic|move: Protect
|move|p2a: Mini Wall|Brave Bird|p1a: Milotic
|-activate|p1a: Milotic|move: Protect
|
|-heal|p2a: Mini Wall|99/100|[from] item: Leftovers
|upkeep
|turn|7
|inactive|superboy245 has 30 seconds left.
|
|t:|1782525318
|switch|p2b: Whimsicall Madness|Whimsicott, L50, M|23/100
|move|p2a: Mini Wall|Protect|p2a: Mini Wall
|-singleturn|p2a: Mini Wall|Protect
|move|p1b: Sylveon|Quick Attack|p2b: Whimsicall Madness
|-damage|p2b: Whimsicall Madness|11/100
|move|p1a: Milotic|Icy Wind|p2a: Mini Wall|[spread] p2b
|-activate|p2a: Mini Wall|move: Protect
|-supereffective|p2b: Whimsicall Madness|1
|-damage|p2b: Whimsicall Madness|0 fnt
|faint|p2b: Whimsicall Madness
|
|-heal|p2a: Mini Wall|100/100|[from] item: Leftovers
|upkeep
|
|t:|1782525325
|switch|p2b: Rakai|Raichu-Mega-Y, L50, M|100/100
|turn|8
|
|t:|1782525331
|switch|p2a: SnesLing|Toxicroak, L50, M|81/100
|move|p1b: Sylveon|Detect|p1b: Sylveon
|-singleturn|p1b: Sylveon|Protect
|move|p1a: Milotic|Protect|p1a: Milotic
|-singleturn|p1a: Milotic|Protect
|move|p2b: Rakai|Zap Cannon|p1b: Sylveon
|-activate|p1b: Sylveon|move: Protect
|
|upkeep
|turn|9
|
|t:|1782525349
|move|p1b: Sylveon|Quick Attack|p2b: Rakai
|-damage|p2b: Rakai|72/100
|move|p2b: Rakai|Zap Cannon|p1a: Milotic
|-supereffective|p1a: Milotic|1
|-damage|p1a: Milotic|0 fnt
|faint|p1a: Milotic
|move|p2a: SnesLing|Close Combat|p1b: Sylveon
|-resisted|p1b: Sylveon|1
|-damage|p1b: Sylveon|0 fnt
|-unboost|p2a: SnesLing|def|1
|-unboost|p2a: SnesLing|spd|1
|faint|p1b: Sylveon
|
|upkeep
|
|t:|1782525354
|switch|p1b: Aerodactyl|Aerodactyl-Mega, L50, M|100/100
|turn|10
|c|☆superboy245|Gg
|c|☆aguakatekun|gg
|
|t:|1782525363
|switch|p2b: Mini Wall|Corviknight, L50, M|100/100
|move|p2a: SnesLing|Protect|p2a: SnesLing
|-singleturn|p2a: SnesLing|Protect
|move|p1b: Aerodactyl|Rock Slide|p2a: SnesLing|[spread] p2b
|-activate|p2a: SnesLing|move: Protect
|-damage|p2b: Mini Wall|83/100
|
|-heal|p2b: Mini Wall|89/100|[from] item: Leftovers
|upkeep
|turn|11
|-message|aguakatekun forfeited.
|
|win|superboy245
|raw|aguakatekun's rating: 1052 → 1034(-18 for losing)
|raw|superboy245's rating: 1050 → 1083(+33 for winning)
|l|☆aguakatekun
|player|p1|
