|j|☆lox1sm
|j|☆devil may larp
|html|lox1smdevil may larp    
|uhtml|bestof|Game 1 of a best-of-3
|t:|1782665774
|gametype|doubles
|player|p1|lox1sm|veteran|1230
|player|p2|devil may larp|roxie|1239
|gen|9
|tier|[Gen 9 Champions] VGC 2026 Reg M-B (Bo3)
|rated|
|rule|Species Clause: Limit one of each Pokémon
|rule|Item Clause: Limit 1 of each item
|clearpoke
|poke|p1|Charizard, L50, F|
|poke|p1|Metagross, L50|
|poke|p1|Aerodactyl, L50, F|
|poke|p1|Garchomp, L50, M|
|poke|p1|Kingambit, L50, M|
|poke|p1|Farigiraf, L50, M|
|poke|p2|Chandelure, L50, F|
|poke|p2|Farigiraf, L50, M, shiny|
|poke|p2|Sinistcha, L50|
|poke|p2|Kangaskhan, L50, F|
|poke|p2|Mawile, L50, M|
|poke|p2|Torkoal, L50, M|
|teampreview|4
|showteam|p1|Charizard||CharizarditeY|Blaze|HeatWave,WeatherBall,SolarBeam,Protect|Modest||F|||50|]Metagross||Metagrossite|ClearBody|IronHead,PsychicFangs,StompingTantrum,Protect|Jolly|||||50|]Aerodactyl||SitrusBerry|Unnerve|RockSlide,IceFang,Tailwind,Protect|Jolly||F|||50|]Garchomp||LifeOrb|RoughSkin|DragonClaw,Earthquake,RockSlide,Protect|Jolly||M|||50|]Kingambit||FocusSash|Defiant|KowtowCleave,SuckerPunch,IronHead,LowKick|Adamant||M|||50|]Farigiraf||ExpertBelt|ArmorTail|Psychic,DazzlingGleam,Thunderbolt,TrickRoom|Modest||M|||50|
|showteam|p2|Chandelure||Chandelurite|FlashFire|HeatWave,ShadowBall,EnergyBall,Protect|Modest||F|||50|]Farigiraf||ColburBerry|ArmorTail|TwinBeam,HelpingHand,Protect,TrickRoom|Sassy||M|||50|]Sinistcha||OccaBerry|Hospitality|MatchaGotcha,Imprison,RagePowder,TrickRoom|Calm|||||50|]Kangaskhan||LifeOrb|Scrappy|FakeOut,DoubleEdge,HammerArm,SuckerPunch|Brave||F|||50|]Mawile||Mawilite|Intimidate|SwordsDance,PlayRough,Protect,SuckerPunch|Brave||M|||50|]Torkoal||Charcoal|Drought|Eruption,Protect,HeatWave,EarthPower|Quiet||M|||50|
|inactive|Battle timer is ON: inactive players will automatically lose when time's up. (requested by devil may larp)
|inactive|lox1sm has 60 seconds left.
|inactive|lox1sm has 30 seconds left.
|inactive|lox1sm has 20 seconds left.
|inactive|lox1sm has 15 seconds left.
|inactive|lox1sm has 10 seconds left.
|inactive|lox1sm has 5 seconds left.
|
|t:|1782665862
|teamsize|p1|4
|teamsize|p2|4
|start
|switch|p1a: Charizard|Charizard, L50, F|100/100
|switch|p1b: Kingambit|Kingambit, L50, M|100/100
|switch|p2a: Ouroboros|Farigiraf, L50, M, shiny|100/100
|switch|p2b: Kangaskhan|Kangaskhan, L50, F|100/100
|turn|1
|inactive|lox1sm has 30 seconds left.
|inactive|lox1sm has 20 seconds left.
|inactive|lox1sm has 15 seconds left.
|inactive|lox1sm has 10 seconds left.
|
|t:|1782665910
|detailschange|p1a: Charizard|Charizard-Mega-Y, L50, F
|-mega|p1a: Charizard|Charizard|Charizardite Y
|-weather|SunnyDay|[from] ability: Drought|[of] p1a: Charizard
|move|p2b: Kangaskhan|Fake Out|p1a: Charizard
|-damage|p1a: Charizard|73/100
|-damage|p2b: Kangaskhan|90/100|[from] item: Life Orb
|cant|p1a: Charizard|flinch
|move|p1b: Kingambit|Kowtow Cleave|p2a: Ouroboros
|-supereffective|p2a: Ouroboros|1
|-enditem|p2a: Ouroboros|Colbur Berry|[eat]
|-enditem|p2a: Ouroboros|Colbur Berry|[weaken]
|-damage|p2a: Ouroboros|53/100
|move|p2a: Ouroboros|Trick Room|p2a: Ouroboros
|-fieldstart|move: Trick Room|[of] p2a: Ouroboros
|
|-weather|SunnyDay|[upkeep]
|upkeep
|turn|2
|inactive|lox1sm has 30 seconds left.
|
|t:|1782665938
|switch|p2a: Torkoal|Torkoal, L50, M|100/100
|move|p2b: Kangaskhan|Double-Edge|p1a: Charizard
|-damage|p1a: Charizard|0 fnt
|faint|p1a: Charizard
|-damage|p2b: Kangaskhan|69/100|[from] Recoil
|-damage|p2b: Kangaskhan|59/100|[from] item: Life Orb
|move|p1b: Kingambit|Low Kick|p2b: Kangaskhan
|-supereffective|p2b: Kangaskhan|1
|-damage|p2b: Kangaskhan|1/100
|
|-weather|SunnyDay|[upkeep]
|upkeep
|
|t:|1782665962
|switch|p1a: Garchomp|Garchomp, L50, M|100/100
|turn|3
|
|t:|1782665972
|switch|p1b: Aerodactyl|Aerodactyl, L50, F|100/100
|-ability|p1b: Aerodactyl|Unnerve
|move|p2b: Kangaskhan|Sucker Punch||[still]
|-fail|p2b: Kangaskhan
|move|p2a: Torkoal|Heat Wave|p1a: Garchomp|[spread] p1b
|-miss|p2a: Torkoal|p1a: Garchomp
|-resisted|p1b: Aerodactyl|1
|-crit|p1b: Aerodactyl
|-damage|p1b: Aerodactyl|47/100
|-enditem|p1b: Aerodactyl|Sitrus Berry|[eat]
|-heal|p1b: Aerodactyl|71/100|[from] item: Sitrus Berry
|move|p1a: Garchomp|Earthquake|p2b: Kangaskhan|[spread] p2a,p2b
|-immune|p1b: Aerodactyl
|-supereffective|p2a: Torkoal|1
|-damage|p2a: Torkoal|20/100y
|-damage|p2b: Kangaskhan|0 fnt
|faint|p2b: Kangaskhan
|-damage|p1a: Garchomp|90/100|[from] item: Life Orb
|
|-weather|SunnyDay|[upkeep]
|upkeep
|
|t:|1782665976
|switch|p2b: Mawile|Mawile, L50, M|100/100
|-ability|p2b: Mawile|Intimidate|boost
|-unboost|p1a: Garchomp|atk|1
|-unboost|p1b: Aerodactyl|atk|1
|turn|4
|inactive|lox1sm has 30 seconds left.
|inactive|lox1sm has 20 seconds left.
|
|t:|1782666012
|switch|p2a: Ouroboros|Farigiraf, L50, M, shiny|53/100
|switch|p1a: Kingambit|Kingambit, L50, M|100/100
|detailschange|p2b: Mawile|Mawile-Mega, L50, M
|-mega|p2b: Mawile|Mawile|Mawilite
|move|p1b: Aerodactyl|Protect|p1b: Aerodactyl
|-singleturn|p1b: Aerodactyl|Protect
|move|p2b: Mawile|Play Rough|p1a: Kingambit
|-damage|p1a: Kingambit|26/100
|
|-weather|SunnyDay|[upkeep]
|upkeep
|turn|5
|inactive|lox1sm has 30 seconds left.
|inactive|lox1sm has 20 seconds left.
|inactive|lox1sm has 15 seconds left.
|inactive|lox1sm has 10 seconds left.
|inactive|lox1sm has 5 seconds left.
|
|t:|1782666067
|move|p2b: Mawile|Play Rough|p1a: Kingambit
|-crit|p1a: Kingambit
|-damage|p1a: Kingambit|0 fnt
|faint|p1a: Kingambit
|move|p2a: Ouroboros|Twin Beam|p1b: Aerodactyl
|-damage|p1b: Aerodactyl|53/100
|-damage|p1b: Aerodactyl|35/100
|-hitcount|p1b: Aerodactyl|2
|move|p1b: Aerodactyl|Rock Slide|p2b: Mawile|[spread] p2a,p2b
|-resisted|p2b: Mawile|1
|-damage|p2a: Ouroboros|40/100
|-damage|p2b: Mawile|93/100
|
|-weather|none
|-fieldend|move: Trick Room
|upkeep
|
|t:|1782666080
|switch|p1a: Garchomp|Garchomp, L50, M|90/100
|turn|6
|
|t:|1782666101
|move|p2b: Mawile|Protect|p2b: Mawile
|-singleturn|p2b: Mawile|Protect
|move|p1b: Aerodactyl|Rock Slide|p2a: Ouroboros|[spread] p2a
|-activate|p2b: Mawile|move: Protect
|-damage|p2a: Ouroboros|28/100
|move|p1a: Garchomp|Earthquake|p2a: Ouroboros|[spread] p2a
|-activate|p2b: Mawile|move: Protect
|-immune|p1b: Aerodactyl
|-damage|p2a: Ouroboros|0 fnt
|faint|p2a: Ouroboros
|-damage|p1a: Garchomp|80/100|[from] item: Life Orb
|
|upkeep
|
|t:|1782666105
|switch|p2a: Torkoal|Torkoal, L50, M|20/100y
|-weather|SunnyDay|[from] ability: Drought|[of] p2a: Torkoal
|turn|7
|
|t:|1782666129
|move|p2a: Torkoal|Protect|p2a: Torkoal
|-singleturn|p2a: Torkoal|Protect
|move|p2b: Mawile|Sucker Punch|p1a: Garchomp
|-damage|p1a: Garchomp|31/100
|-damage|p2b: Mawile|81/100|[from] ability: Rough Skin|[of] p1a: Garchomp
|move|p1b: Aerodactyl|Rock Slide|p2a: Torkoal|[spread] 
|-activate|p2a: Torkoal|move: Protect
|-miss|p1b: Aerodactyl|p2b: Mawile
|move|p1a: Garchomp|Earthquake|p2b: Mawile|[spread] p2b
|-activate|p2a: Torkoal|move: Protect
|-immune|p1b: Aerodactyl
|-supereffective|p2b: Mawile|1
|-damage|p2b: Mawile|0 fnt
|faint|p2b: Mawile
|-damage|p1a: Garchomp|21/100|[from] item: Life Orb
|
|-weather|SunnyDay|[upkeep]
|upkeep
|turn|8
|-message|devil may larp forfeited.
|
|win|lox1sm
|l|☆devil may larp
|player|p2|
||devil may larp is ready for game 2.
|inactive|lox1sm has 30 seconds to confirm battle start!
||lox1sm is ready for game 2.
|uhtml|next|Next: Game 2 of 3
