|j|☆Gentlefish
|j|☆atarka511
|html|Gentlefishatarka511    
|uhtml|bestof|Game 2 of a best-of-3
|t:|1756674944
|gametype|doubles
|player|p1|Gentlefish|burglar-gen1rb|1062
|player|p2|atarka511|volkner|1000
|gen|9
|tier|[Gen 9] VGC 2025 Reg H (Bo3)
|rated|
|rule|Species Clause: Limit one of each Pokémon
|rule|Item Clause: Limit 1 of each item
|clearpoke
|poke|p1|Garchomp, L50, M|
|poke|p1|Weezing-Galar, L50, F|
|poke|p1|Archaludon, L50, M|
|poke|p1|Gholdengo, L50|
|poke|p1|Talonflame, L50, M|
|poke|p1|Annihilape, L50, F|
|poke|p2|Palafin, L50, M|
|poke|p2|Rillaboom, L50, F|
|poke|p2|Incineroar, L50, M|
|poke|p2|Sneasler, L50, F|
|poke|p2|Kingambit, L50, M|
|poke|p2|Farigiraf, L50, M|
|teampreview|4
|showteam|p1|Garchomp||LifeOrb|RoughSkin|DragonClaw,Earthquake,StompingTantrum,Protect|||M|||50|,,,,,Ground]Weezing-Galar||FocusSash|NeutralizingGas|Protect,SludgeBomb,Taunt,StrangeSteam|||F|||50|,,,,,Flying]Archaludon||PowerHerb|Sturdy|ElectroShot,Thunderbolt,DracoMeteor,Protect|||M|||50|,,,,,Electric]Gholdengo||ChoiceSpecs|GoodasGold|ShadowBall,DazzlingGleam,PowerGem,MakeItRain||||||50|,,,,,Fairy]Talonflame||CovertCloak|GaleWings|Tailwind,DualWingbeat,Taunt,FlareBlitz|||M|||50|,,,,,Stellar]Annihilape||AssaultVest|Defiant|CloseCombat,RageFist,FinalGambit,IcePunch|||F|||50|,,,,,Grass
|showteam|p2|Palafin||MysticWater|ZerotoHero|CloseCombat,FlipTurn,WaveCrash,Protect|||M|||50|,,,,,Grass]Rillaboom||AssaultVest|GrassySurge|FakeOut,Uturn,GrassyGlide,WoodHammer|||F|||50|,,,,,Water]Incineroar||RockyHelmet|Intimidate|FakeOut,FlareBlitz,KnockOff,Uturn|||M|||50|,,,,,Grass]Sneasler||FocusSash|Unburden|CloseCombat,FakeOut,DireClaw,Protect|||F|||50|,,,,,Stellar]Kingambit||BlackGlasses|Defiant|Protect,SwordsDance,SuckerPunch,KowtowCleave|||M|||50|,,,,,Ghost]Farigiraf||GrassySeed|ArmorTail|Psychic,HelpingHand,Protect,HyperVoice|||M|||50|,,,,,Dragon
|inactive|Battle timer is ON: inactive players will automatically lose when time's up. (requested by atarka511)
|inactive|Gentlefish has 60 seconds left.
|inactive|Gentlefish has 30 seconds left.
|inactive|Gentlefish has 20 seconds left.
|inactive|Gentlefish has 15 seconds left.
|inactive|Gentlefish has 10 seconds left.
|
|t:|1756675028
|teamsize|p1|4
|teamsize|p2|4
|start
|switch|p1a: Weezing|Weezing-Galar, L50, F|100/100
|switch|p1b: Garchomp|Garchomp, L50, M|100/100
|switch|p2a: Palafin|Palafin, L50, M|100/100
|switch|p2b: Incineroar|Incineroar, L50, M|100/100
|-ability|p1a: Weezing|Neutralizing Gas
|turn|1
|
|t:|1756675051
|move|p1b: Garchomp|Protect|p1b: Garchomp
|-singleturn|p1b: Garchomp|Protect
|move|p2b: Incineroar|Fake Out|p1b: Garchomp
|-activate|p1b: Garchomp|move: Protect
|move|p2a: Palafin|Flip Turn|p1a: Weezing
|-damage|p1a: Weezing|72/100
|
|t:|1756675057
|detailschange|p2a: Palafin|Palafin-Hero, L50, M
|switch|p2a: Kingambit|Kingambit, L50, M|100/100|[from] Flip Turn
|move|p1a: Weezing|Sludge Bomb|p2b: Incineroar
|-damage|p2b: Incineroar|72/100
|
|upkeep
|turn|2
|inactive|Gentlefish has 30 seconds left.
|inactive|atarka511 has 30 seconds left.
|inactive|atarka511 has 20 seconds left.
|inactive|atarka511 has 15 seconds left.
|
|t:|1756675100
|-terastallize|p1a: Weezing|Flying
|-terastallize|p2b: Incineroar|Grass
|move|p2a: Kingambit|Protect|p2a: Kingambit
|-singleturn|p2a: Kingambit|Protect
|move|p1b: Garchomp|Earthquake|p2a: Kingambit|[spread] p2b
|-activate|p2a: Kingambit|move: Protect
|-immune|p1a: Weezing
|-resisted|p2b: Incineroar
|-damage|p2b: Incineroar|49/100
|-damage|p1b: Garchomp|91/100|[from] item: Life Orb
|move|p1a: Weezing|Taunt|p2a: Kingambit
|-activate|p2a: Kingambit|move: Protect
|move|p2b: Incineroar|Knock Off|p1b: Garchomp
|-damage|p1b: Garchomp|47/100
|-enditem|p1b: Garchomp|Life Orb|[from] move: Knock Off|[of] p2b: Incineroar
|
|upkeep
|turn|3
|inactive|atarka511 has 30 seconds left.
|
|t:|1756675129
|move|p2a: Kingambit|Sucker Punch|p1b: Garchomp
|-damage|p1b: Garchomp|4/100
|move|p1b: Garchomp|Earthquake|p2b: Incineroar|[spread] p2a,p2b
|-immune|p1a: Weezing
|-supereffective|p2a: Kingambit
|-resisted|p2b: Incineroar
|-damage|p2a: Kingambit|40/100
|-damage|p2b: Incineroar|31/100
|move|p1a: Weezing|Sludge Bomb|p2b: Incineroar
|-supereffective|p2b: Incineroar
|-damage|p2b: Incineroar|0 fnt
|faint|p2b: Incineroar
|
|upkeep
|
|t:|1756675141
|switch|p2b: Sneasler|Sneasler, L50, F|100/100
|turn|4
|
|t:|1756675154
|switch|p1b: Annihilape|Annihilape, L50, F|100/100
|move|p2b: Sneasler|Fake Out|p1a: Weezing
|-damage|p1a: Weezing|56/100
|cant|p1a: Weezing|flinch
|move|p2a: Kingambit|Swords Dance|p2a: Kingambit
|-boost|p2a: Kingambit|atk|2
|
|upkeep
|turn|5
|inactive|Gentlefish has 30 seconds left.
|inactive|Gentlefish has 20 seconds left.
|inactive|Gentlefish has 15 seconds left.
|
|t:|1756675199
|move|p2a: Kingambit|Protect|p2a: Kingambit
|-singleturn|p2a: Kingambit|Protect
|move|p2b: Sneasler|Dire Claw|p1a: Weezing
|-damage|p1a: Weezing|6/100
|move|p1b: Annihilape|Close Combat|p2a: Kingambit
|-activate|p2a: Kingambit|move: Protect
|move|p1a: Weezing|Strange Steam|p2b: Sneasler
|-damage|p2b: Sneasler|48/100
|
|upkeep
|turn|6
|inactive|atarka511 has 30 seconds left.
|
|t:|1756675230
|switch|p1b: Talonflame|Talonflame, L50, M|100/100
|move|p2a: Kingambit|Sucker Punch||[still]
|-fail|p2a: Kingambit
|move|p2b: Sneasler|Dire Claw|p1b: Talonflame
|-damage|p1b: Talonflame|28/100
|move|p1a: Weezing|Strange Steam|p2a: Kingambit
|-damage|p2a: Kingambit|3/100
|
|upkeep
|turn|7
|inactive|Gentlefish has 30 seconds left.
|inactive|Gentlefish has 20 seconds left.
|inactive|Gentlefish has 15 seconds left.
|
|t:|1756675273
|-end|p1a: Weezing|ability: Neutralizing Gas
|switch|p1a: Annihilape|Annihilape, L50, F|100/100
|move|p2a: Kingambit|Sucker Punch||[still]
|-fail|p2a: Kingambit
|move|p1b: Talonflame|Taunt|p2a: Kingambit
|-start|p2a: Kingambit|move: Taunt
|move|p2b: Sneasler|Dire Claw|p1a: Annihilape
|-resisted|p1a: Annihilape
|-damage|p1a: Annihilape|76/100
|-status|p1a: Annihilape|psn
|
|-damage|p1a: Annihilape|63/100 psn|[from] psn
|upkeep
|turn|8
|inactive|atarka511 has 30 seconds left.
|
|t:|1756675308
|move|p2a: Kingambit|Sucker Punch|p1a: Annihilape
|-damage|p1a: Annihilape|0 fnt
|faint|p1a: Annihilape
|move|p1b: Talonflame|Dual Wingbeat|p2a: Kingambit
|-resisted|p2a: Kingambit
|-damage|p2a: Kingambit|0 fnt
|faint|p2a: Kingambit
|-hitcount|p2: Kingambit|1
|move|p2b: Sneasler|Dire Claw|p1b: Talonflame
|-damage|p1b: Talonflame|0 fnt
|faint|p1b: Talonflame
|
|upkeep
|
|t:|1756675321
|switch|p1b: Garchomp|Garchomp, L50, M|4/100
|switch|p1a: Weezing|Weezing-Galar, L50, F, tera:Flying|6/100
|switch|p2a: Palafin|Palafin-Hero, L50, M|100/100
|-ability|p1a: Weezing|Neutralizing Gas
|-activate|p2a: Palafin|ability: Zero to Hero
|turn|9
|inactive|Gentlefish has 30 seconds left.
|c|☆Gentlefish|idk what i was doing with that taunt
|inactive|Gentlefish has 20 seconds left.
|c|☆atarka511|idk either
|
|t:|1756675361
|move|p1a: Weezing|Protect|p1a: Weezing
|-singleturn|p1a: Weezing|Protect
|move|p2b: Sneasler|Dire Claw|p1b: Garchomp
|-resisted|p1b: Garchomp
|-damage|p1b: Garchomp|0 fnt
|faint|p1b: Garchomp
|move|p2a: Palafin|Flip Turn|p1a: Weezing
|-activate|p1a: Weezing|move: Protect
|
|upkeep
|turn|10
|
|t:|1756675375
|move|p2b: Sneasler|Close Combat|p1a: Weezing
|-resisted|p1a: Weezing
|-damage|p1a: Weezing|0 fnt
|-unboost|p2b: Sneasler|def|1
|-unboost|p2b: Sneasler|spd|1
|faint|p1a: Weezing
|-end|p1a: Weezing|ability: Neutralizing Gas
|
|win|atarka511
||Gentlefish is ready for game 3.
||atarka511 is ready for game 3.
|uhtml|next|Next: Game 3 of 3
