|j|☆MuseigenTest
|j|☆Majical Forest
|html|MuseigenTestMajical Forest    
|uhtml|bestof|Game 2 of a best-of-3
|t:|1755992088
|gametype|doubles
|player|p1|MuseigenTest|blaine|1181
|player|p2|Majical Forest|unknown|1185
|gen|9
|tier|[Gen 9] VGC 2025 Reg H (Bo3)
|rated|
|rule|Species Clause: Limit one of each Pokémon
|rule|Item Clause: Limit 1 of each item
|clearpoke
|poke|p1|Sneasler, L50, M|
|poke|p1|Indeedee, L50, M|
|poke|p1|Volcarona, L50, F|
|poke|p1|Ursaluna-Bloodmoon, L50, M|
|poke|p1|Annihilape, L50, F|
|poke|p1|Tyranitar, L50, M|
|poke|p2|Incineroar, L50, M|
|poke|p2|Rillaboom, L50, F|
|poke|p2|Sneasler, L50, F|
|poke|p2|Politoed, L50, F|
|poke|p2|Archaludon, L50, F|
|poke|p2|Hydreigon, L50, F|
|teampreview|4
|showteam|p1|Sneasler||PsychicSeed|Unburden|CloseCombat,DireClaw,ThroatChop,Protect|||M|||50|,,,,,Dark]Indeedee||ChoiceScarf|PsychicSurge|ExpandingForce,TeraBlast,Trick,Protect|||M|||50|,,,,,Psychic]Volcarona||SitrusBerry|FlameBody|Overheat,StruggleBug,RagePowder,Tailwind|||F|||50|,,,,,Grass]Ursaluna-Bloodmoon||LifeOrb|MindsEye|BloodMoon,HyperVoice,EarthPower,Protect|||M|||50|,,,,,Normal]Annihilape||SafetyGoggles|Defiant|CloseCombat,RageFist,Taunt,FinalGambit|||F|||50|,,,,,Fairy]Tyranitar||AssaultVest|SandStream|RockSlide,KnockOff,TeraBlast,LowKick|||M|||50|,,,,,Flying
|showteam|p2|Incineroar||SafetyGoggles|Intimidate|FakeOut,PartingShot,KnockOff,Protect|||M|||50|,,,,,Water]Rillaboom||AssaultVest|GrassySurge|FakeOut,GrassyGlide,WoodHammer,HighHorsepower|||F|||50|,,,,,Fire]Sneasler||GrassySeed|Unburden|DireClaw,CloseCombat,Acrobatics,Protect|||F|||50|,,,,,Flying]Politoed||EjectButton|Drizzle|Haze,PerishSong,MuddyWater,Protect|||F|||50|,,,,,Grass]Archaludon||Leftovers|Stamina|ElectroShot,FlashCannon,BodyPress,Protect|||F|||50|,,,,,Flying]Hydreigon||ScopeLens|Levitate|FocusEnergy,DracoMeteor,DarkPulse,Protect|||F|||50|,,,,,Steel
|inactive|Battle timer is ON: inactive players will automatically lose when time's up. (requested by MuseigenTest)
|inactive|MuseigenTest has 60 seconds left.
|inactive|MuseigenTest has 30 seconds left.
|inactive|MuseigenTest has 20 seconds left.
|inactive|MuseigenTest has 15 seconds left.
|inactive|MuseigenTest has 10 seconds left.
|inactive|MuseigenTest has 5 seconds left.
|
|t:|1755992176
|teamsize|p1|4
|teamsize|p2|4
|start
|switch|p1a: Annihilape|Annihilape, L50, F|100/100
|switch|p1b: Volcarona|Volcarona, L50, F|100/100
|switch|p2a: Sneasler|Sneasler, L50, F|100/100
|switch|p2b: Archaludon|Archaludon, L50, F|100/100
|turn|1
|inactive|MuseigenTest has 30 seconds left.
|inactive|MuseigenTest has 20 seconds left.
|inactive|MuseigenTest has 15 seconds left.
|inactive|MuseigenTest has 10 seconds left.
|inactive|MuseigenTest has 5 seconds left.
|
|t:|1755992230
|switch|p2b: Rillaboom|Rillaboom, L50, F|100/100
|-fieldstart|move: Grassy Terrain|[from] ability: Grassy Surge|[of] p2b: Rillaboom
|-enditem|p2a: Sneasler|Grassy Seed
|-boost|p2a: Sneasler|def|1|[from] item: Grassy Seed
|-terastallize|p1a: Annihilape|Fairy
|move|p2a: Sneasler|Acrobatics|p1b: Volcarona
|-supereffective|p1b: Volcarona
|-damage|p1b: Volcarona|5/100
|-enditem|p1b: Volcarona|Sitrus Berry|[eat]
|-heal|p1b: Volcarona|30/100|[from] item: Sitrus Berry
|move|p1b: Volcarona|Tailwind|p1b: Volcarona
|-sidestart|p1: MuseigenTest|move: Tailwind
|move|p1a: Annihilape|Final Gambit|p2a: Sneasler
|-damage|p2a: Sneasler|0 fnt
|faint|p1a: Annihilape
|faint|p2a: Sneasler
|
|-heal|p1b: Volcarona|36/100|[from] Grassy Terrain
|upkeep
|inactive|MuseigenTest has 30 seconds left.
|
|t:|1755992259
|switch|p2a: Archaludon|Archaludon, L50, F|100/100
|switch|p1a: Indeedee|Indeedee, L50, M|100/100
|-fieldstart|move: Psychic Terrain|[from] ability: Psychic Surge|[of] p1a: Indeedee
|turn|2
|inactive|MuseigenTest has 30 seconds left.
|inactive|MuseigenTest has 20 seconds left.
|
|t:|1755992299
|switch|p2b: Politoed|Politoed, L50, F|100/100
|-weather|RainDance|[from] ability: Drizzle|[of] p2b: Politoed
|move|p1a: Indeedee|Expanding Force|p2a: Archaludon|[spread] p2a,p2b
|-resisted|p2a: Archaludon
|-damage|p2a: Archaludon|69/100
|-damage|p2b: Politoed|57/100
|-ability|p2a: Archaludon|Stamina|boost
|-boost|p2a: Archaludon|def|1
|-enditem|p2b: Politoed|Eject Button
|
|t:|1755992307
|switch|p2b: Rillaboom|Rillaboom, L50, F|100/100
|-fieldstart|move: Grassy Terrain|[from] ability: Grassy Surge|[of] p2b: Rillaboom
|move|p1b: Volcarona|Overheat|p2a: Archaludon
|-damage|p2a: Archaludon|33/100
|-unboost|p1b: Volcarona|spa|2
|-ability|p2a: Archaludon|Stamina|boost
|-boost|p2a: Archaludon|def|1
|move|p2a: Archaludon|Electro Shot||[still]
|-prepare|p2a: Archaludon|Electro Shot
|-boost|p2a: Archaludon|spa|1
|-anim|p2a: Archaludon|Electro Shot|p1b: Volcarona
|-damage|p1b: Volcarona|0 fnt
|faint|p1b: Volcarona
|
|-weather|RainDance|[upkeep]
|-heal|p2a: Archaludon|40/100|[from] Grassy Terrain
|-heal|p2a: Archaludon|46/100|[from] item: Leftovers
|upkeep
|
|t:|1755992321
|switch|p1b: Sneasler|Sneasler, L50, M|100/100
|turn|3
|
|t:|1755992341
|switch|p2b: Politoed|Politoed, L50, F|57/100
|move|p1b: Sneasler|Protect|p1b: Sneasler
|-singleturn|p1b: Sneasler|Protect
|move|p1a: Indeedee|Expanding Force|p2a: Archaludon
|-resisted|p2a: Archaludon
|-damage|p2a: Archaludon|24/100
|-ability|p2a: Archaludon|Stamina|boost
|-boost|p2a: Archaludon|def|1
|move|p2a: Archaludon|Flash Cannon|p1b: Sneasler
|-activate|p1b: Sneasler|move: Protect
|
|-weather|RainDance|[upkeep]
|-heal|p2a: Archaludon|30/100|[from] Grassy Terrain
|-heal|p2a: Archaludon|36/100|[from] item: Leftovers
|-heal|p2b: Politoed|63/100|[from] Grassy Terrain
|upkeep
|turn|4
|inactive|MuseigenTest has 30 seconds left.
|inactive|MuseigenTest has 20 seconds left.
|
|t:|1755992381
|move|p2a: Archaludon|Protect|p2a: Archaludon
|-singleturn|p2a: Archaludon|Protect
|move|p1a: Indeedee|Expanding Force|p2b: Politoed
|-damage|p2b: Politoed|36/100
|move|p1b: Sneasler|Dire Claw|p2b: Politoed
|-damage|p2b: Politoed|0 fnt
|faint|p2b: Politoed
|
|-weather|RainDance|[upkeep]
|-heal|p2a: Archaludon|42/100|[from] Grassy Terrain
|-heal|p2a: Archaludon|49/100|[from] item: Leftovers
|-sideend|p1: MuseigenTest|move: Tailwind
|upkeep
|
|t:|1755992387
|switch|p2b: Rillaboom|Rillaboom, L50, F|100/100
|turn|5
|
|t:|1755992406
|move|p1b: Sneasler|Protect|p1b: Sneasler
|-singleturn|p1b: Sneasler|Protect
|move|p2b: Rillaboom|Fake Out|p1b: Sneasler
|-activate|p1b: Sneasler|move: Protect
|move|p1a: Indeedee|Expanding Force|p2a: Archaludon
|-resisted|p2a: Archaludon
|-damage|p2a: Archaludon|27/100
|-ability|p2a: Archaludon|Stamina|boost
|-boost|p2a: Archaludon|def|1
|move|p2a: Archaludon|Electro Shot||[still]
|-prepare|p2a: Archaludon|Electro Shot
|-boost|p2a: Archaludon|spa|1
|-anim|p2a: Archaludon|Electro Shot|p1b: Sneasler
|-activate|p1b: Sneasler|move: Protect
|
|-weather|RainDance|[upkeep]
|-heal|p2a: Archaludon|33/100|[from] Grassy Terrain
|-heal|p2a: Archaludon|39/100|[from] item: Leftovers
|upkeep
|turn|6
|inactive|MuseigenTest has 30 seconds left.
|inactive|MuseigenTest has 20 seconds left.
|inactive|MuseigenTest has 15 seconds left.
|inactive|MuseigenTest has 10 seconds left.
|
|t:|1755992451
|-terastallize|p2b: Rillaboom|Fire
|move|p1a: Indeedee|Expanding Force|p2a: Archaludon
|-resisted|p2a: Archaludon
|-damage|p2a: Archaludon|17/100
|-ability|p2a: Archaludon|Stamina|boost
|-boost|p2a: Archaludon|def|1
|move|p1b: Sneasler|Close Combat|p2a: Archaludon
|-supereffective|p2a: Archaludon
|-damage|p2a: Archaludon|0 fnt
|-unboost|p1b: Sneasler|def|1
|-unboost|p1b: Sneasler|spd|1
|faint|p2a: Archaludon
|move|p2b: Rillaboom|Wood Hammer|p1a: Indeedee
|-damage|p1a: Indeedee|0 fnt
|faint|p1a: Indeedee
|-damage|p2b: Rillaboom|79/100|[from] Recoil
|
|-weather|none
|-heal|p2b: Rillaboom|85/100|[from] Grassy Terrain
|-fieldend|move: Grassy Terrain
|upkeep
|turn|7
|inactive|MuseigenTest has 30 seconds left.
|inactive|MuseigenTest has 20 seconds left.
|
|t:|1755992491
|move|p1b: Sneasler|Close Combat|p2b: Rillaboom
|-damage|p2b: Rillaboom|19/100
|-unboost|p1b: Sneasler|def|1
|-unboost|p1b: Sneasler|spd|1
|move|p2b: Rillaboom|High Horsepower|p1b: Sneasler
|-supereffective|p1b: Sneasler
|-damage|p1b: Sneasler|0 fnt
|faint|p1b: Sneasler
|
|win|Majical Forest
|raw|MuseigenTest's rating: 1181 → 1156(-25 for losing)
|raw|Majical Forest's rating: 1185 → 1210(+25 for winning)
|c|☆MuseigenTest|gg
|l|☆Majical Forest
|player|p2|
