|j|☆Interceptor555
|j|☆Shadow of metrunui
|html|Interceptor555Shadow of metrunui    
|uhtml|bestof|Game 1 of a best-of-3
|t:|1756675158
|gametype|doubles
|player|p1|Interceptor555|steven|
|player|p2|Shadow of metrunui|170|
|gen|9
|tier|[Gen 9] VGC 2025 Reg H (Bo3)
|rule|Species Clause: Limit one of each Pokémon
|rule|Item Clause: Limit 1 of each item
|clearpoke
|poke|p1|Gholdengo, L50|
|poke|p1|Tyranitar, L50, M|
|poke|p1|Amoonguss, L50, F|
|poke|p1|Indeedee-F, L50, F|
|poke|p1|Rillaboom, L50, F|
|poke|p1|Armarouge, L50, F|
|poke|p2|Whimsicott, L50, F|
|poke|p2|Hydreigon, L50, F|
|poke|p2|Garchomp, L50, M|
|poke|p2|Mienshao, L50, F|
|poke|p2|Incineroar, L50, M|
|poke|p2|Gholdengo, L50|
|teampreview|4
|showteam|p1|Gholdengo||LifeOrb|GoodasGold|MakeItRain,ShadowBall,Protect,NastyPlot||||||50|,,,,,Steel]Tyranitar||Leftovers|SandStream|DarkPulse,PowerGem,Protect,EarthPower|||M|||50|,,,,,Grass]Amoonguss||SitrusBerry|Regenerator|Spore,RagePowder,Protect,PollenPuff|||F|||50|,,,,,Fire]Indeedee-F||PsychicSeed|PsychicSurge|Imprison,FollowMe,HelpingHand,TrickRoom|||F|||50|,,,,,Dark]Rillaboom||AssaultVest|GrassySurge|FakeOut,WoodHammer,Uturn,GrassyGlide|||F|||50|,,,,,Grass]Armarouge||PowerHerb|FlashFire|MeteorBeam,ArmorCannon,ExpandingForce,Protect|||F|||50|,,,,,Grass
|showteam|p2|Whimsicott||CovertCloak|Prankster|Tailwind,Taunt,Moonblast,Encore|||F|||50|,,,,,Ghost]Hydreigon||SafetyGoggles|Levitate|DragonPulse,Snarl,Protect,HeatWave|||F|||50|,,,,,Steel]Garchomp||LifeOrb|RoughSkin|Earthquake,StompingTantrum,Protect,DragonClaw|||M|||50|,,,,,Grass]Mienshao||FocusSash|InnerFocus|CloseCombat,FakeOut,IceSpinner,Protect|||F|||50|,,,,,Grass]Incineroar||RockyHelmet|Intimidate|FakeOut,FlareBlitz,KnockOff,PartingShot|||M|||50|,,,,,Ghost]Gholdengo||MetalCoat|GoodasGold|MakeItRain,Protect,ShadowBall,NastyPlot||||||50|,,,,,Steel
|
|t:|1756675235
|teamsize|p1|4
|teamsize|p2|4
|start
|switch|p1a: Rillaboom|Rillaboom, L50, F|100/100
|switch|p1b: Tyranitar|Tyranitar, L50, M|100/100
|switch|p2a: Hydreigon|Hydreigon, L50, F|100/100
|switch|p2b: Garchomp|Garchomp, L50, M|100/100
|-fieldstart|move: Grassy Terrain|[from] ability: Grassy Surge|[of] p1a: Rillaboom
|-weather|Sandstorm|[from] ability: Sand Stream|[of] p1b: Tyranitar
|turn|1
|
|t:|1756675284
|move|p2b: Garchomp|Protect|p2b: Garchomp
|-singleturn|p2b: Garchomp|Protect
|move|p2a: Hydreigon|Protect|p2a: Hydreigon
|-singleturn|p2a: Hydreigon|Protect
|move|p1a: Rillaboom|Fake Out|p2a: Hydreigon
|-activate|p2a: Hydreigon|move: Protect
|move|p1b: Tyranitar|Dark Pulse|p2b: Garchomp
|-activate|p2b: Garchomp|move: Protect
|
|-weather|Sandstorm|[upkeep]
|-damage|p1a: Rillaboom|95/100|[from] Sandstorm
|-heal|p1a: Rillaboom|100/100|[from] Grassy Terrain
|upkeep
|turn|2
|
|t:|1756675335
|-terastallize|p1a: Rillaboom|Grass
|move|p2b: Garchomp|Dragon Claw|p1a: Rillaboom
|-damage|p1a: Rillaboom|53/100
|-damage|p2b: Garchomp|91/100|[from] item: Life Orb
|move|p2a: Hydreigon|Heat Wave|p1b: Tyranitar|[spread] p1a,p1b
|-supereffective|p1a: Rillaboom
|-resisted|p1b: Tyranitar
|-damage|p1a: Rillaboom|23/100
|-damage|p1b: Tyranitar|95/100
|move|p1a: Rillaboom|Wood Hammer|p2b: Garchomp
|-damage|p2b: Garchomp|0 fnt
|-damage|p1a: Rillaboom|11/100|[from] ability: Rough Skin|[of] p2b: Garchomp
|faint|p2b: Garchomp
|-damage|p1a: Rillaboom|0 fnt|[from] Recoil
|faint|p1a: Rillaboom
|move|p1b: Tyranitar|Dark Pulse|p2a: Hydreigon
|-resisted|p2a: Hydreigon
|-damage|p2a: Hydreigon|81/100
|
|-weather|Sandstorm|[upkeep]
|-heal|p1b: Tyranitar|100/100|[from] Grassy Terrain
|upkeep
|
|t:|1756675356
|switch|p2b: Incineroar|Incineroar, L50, M|100/100
|switch|p1a: Gholdengo|Gholdengo, L50|100/100
|-ability|p2b: Incineroar|Intimidate|boost
|-unboost|p1a: Gholdengo|atk|1
|-unboost|p1b: Tyranitar|atk|1
|turn|3
|
|t:|1756675404
|move|p1a: Gholdengo|Protect|p1a: Gholdengo
|-singleturn|p1a: Gholdengo|Protect
|move|p2a: Hydreigon|Snarl|p1b: Tyranitar|[spread] p1b
|-activate|p1a: Gholdengo|move: Protect
|-resisted|p1b: Tyranitar
|-damage|p1b: Tyranitar|95/100
|-unboost|p1b: Tyranitar|spa|1
|move|p2b: Incineroar|Parting Shot|p1a: Gholdengo
|-activate|p1a: Gholdengo|move: Protect
|move|p1b: Tyranitar|Power Gem|p2b: Incineroar
|-supereffective|p2b: Incineroar
|-damage|p2b: Incineroar|57/100
|
|-weather|Sandstorm|[upkeep]
|-damage|p2b: Incineroar|50/100|[from] Sandstorm
|-heal|p2b: Incineroar|57/100|[from] Grassy Terrain
|-heal|p1b: Tyranitar|100/100|[from] Grassy Terrain
|upkeep
|turn|4
|
|t:|1756675446
|switch|p1a: Amoonguss|Amoonguss, L50, F|100/100
|move|p2a: Hydreigon|Heat Wave|p1b: Tyranitar|[spread] p1a,p1b
|-supereffective|p1a: Amoonguss
|-resisted|p1b: Tyranitar
|-damage|p1a: Amoonguss|59/100
|-damage|p1b: Tyranitar|95/100
|move|p2b: Incineroar|Parting Shot|p1a: Amoonguss
|-unboost|p1a: Amoonguss|atk|1
|-unboost|p1a: Amoonguss|spa|1
|
|t:|1756675454
|switch|p2b: Mienshao|Mienshao, L50, F|100/100|[from] Parting Shot
|move|p1b: Tyranitar|Power Gem|p2b: Mienshao
|-resisted|p2b: Mienshao
|-damage|p2b: Mienshao|77/100
|
|-weather|Sandstorm|[upkeep]
|-damage|p2b: Mienshao|71/100|[from] Sandstorm
|-damage|p1a: Amoonguss|53/100|[from] Sandstorm
|-heal|p2b: Mienshao|77/100|[from] Grassy Terrain
|-heal|p1b: Tyranitar|100/100|[from] Grassy Terrain
|-heal|p1a: Amoonguss|59/100|[from] Grassy Terrain
|upkeep
|turn|5
|
|t:|1756675492
|-terastallize|p2b: Mienshao|Grass
|move|p1b: Tyranitar|Protect|p1b: Tyranitar
|-singleturn|p1b: Tyranitar|Protect
|move|p2b: Mienshao|Ice Spinner|p1a: Amoonguss
|-supereffective|p1a: Amoonguss
|-damage|p1a: Amoonguss|15/100
|-fieldend|move: Grassy Terrain
|-enditem|p1a: Amoonguss|Sitrus Berry|[eat]
|-heal|p1a: Amoonguss|40/100|[from] item: Sitrus Berry
|move|p2a: Hydreigon|Heat Wave|p1b: Tyranitar|[spread] p1a
|-activate|p1b: Tyranitar|move: Protect
|-supereffective|p1a: Amoonguss
|-damage|p1a: Amoonguss|4/100
|move|p1a: Amoonguss|Spore|p2b: Mienshao
|-immune|p2b: Mienshao
|
|-weather|none
|upkeep
|turn|6
|
|t:|1756675540
|switch|p1b: Gholdengo|Gholdengo, L50|100/100
|move|p1a: Amoonguss|Protect|p1a: Amoonguss
|-singleturn|p1a: Amoonguss|Protect
|move|p2b: Mienshao|Ice Spinner|p1b: Gholdengo
|-resisted|p1b: Gholdengo
|-damage|p1b: Gholdengo|87/100
|move|p2a: Hydreigon|Heat Wave|p1a: Amoonguss|[spread] p1b
|-activate|p1a: Amoonguss|move: Protect
|-supereffective|p1b: Gholdengo
|-damage|p1b: Gholdengo|41/100
|
|upkeep
|turn|7
|
|t:|1756675567
|switch|p1a: Tyranitar|Tyranitar, L50, M|100/100
|-weather|Sandstorm|[from] ability: Sand Stream|[of] p1a: Tyranitar
|move|p2b: Mienshao|Protect|p2b: Mienshao
|-singleturn|p2b: Mienshao|Protect
|move|p1b: Gholdengo|Protect|p1b: Gholdengo
|-singleturn|p1b: Gholdengo|Protect
|move|p2a: Hydreigon|Heat Wave|p1b: Gholdengo|[spread] p1a
|-activate|p1b: Gholdengo|move: Protect
|-resisted|p1a: Tyranitar
|-damage|p1a: Tyranitar|94/100
|
|-weather|Sandstorm|[upkeep]
|-damage|p2b: Mienshao|71/100|[from] Sandstorm
|-heal|p1a: Tyranitar|99/100|[from] item: Leftovers
|upkeep
|turn|8
|
|t:|1756675593
|move|p1a: Tyranitar|Protect|p1a: Tyranitar
|-singleturn|p1a: Tyranitar|Protect
|move|p2b: Mienshao|Close Combat|p1a: Tyranitar
|-activate|p1a: Tyranitar|move: Protect
|move|p2a: Hydreigon|Heat Wave|p1a: Tyranitar|[spread] p1b
|-activate|p1a: Tyranitar|move: Protect
|-supereffective|p1b: Gholdengo
|-damage|p1b: Gholdengo|0 fnt
|faint|p1b: Gholdengo
|
|-weather|Sandstorm|[upkeep]
|-damage|p2b: Mienshao|66/100|[from] Sandstorm
|-heal|p1a: Tyranitar|100/100|[from] item: Leftovers
|upkeep
|
|t:|1756675606
|switch|p1b: Amoonguss|Amoonguss, L50, F|37/100
|turn|9
|
|t:|1756675628
|move|p2b: Mienshao|Close Combat|p1a: Tyranitar
|-supereffective|p1a: Tyranitar
|-damage|p1a: Tyranitar|0 fnt
|-unboost|p2b: Mienshao|def|1
|-unboost|p2b: Mienshao|spd|1
|faint|p1a: Tyranitar
|move|p2a: Hydreigon|Heat Wave|p1b: Amoonguss
|-supereffective|p1b: Amoonguss
|-damage|p1b: Amoonguss|0 fnt
|faint|p1b: Amoonguss
|
|win|Shadow of metrunui
|inactive|Interceptor555 has 30 seconds to confirm battle start!
|inactive|Shadow of metrunui has 30 seconds to confirm battle start!
