|j|☆hello cheese boy
|j|☆Vividedenne
|html|hello cheese boyVividedenne    
|uhtml|bestof|Game 2 of a best-of-3
|t:|1783164102
|gametype|doubles
|player|p1|hello cheese boy|ninjaboy|1097
|player|p2|Vividedenne|#npl2023|1000
|gen|9
|tier|[Gen 9 Champions] VGC 2026 Reg M-B (Bo3)
|rated|
|rule|Species Clause: Limit one of each Pokémon
|rule|Item Clause: Limit 1 of each item
|clearpoke
|poke|p1|Skarmory, L50, M, shiny|
|poke|p1|Whimsicott, L50, M, shiny|
|poke|p1|Gholdengo, L50, shiny|
|poke|p1|Incineroar, L50, M, shiny|
|poke|p1|Rotom-Wash, L50, shiny|
|poke|p1|Garchomp, L50, M, shiny|
|poke|p2|Sinistcha, L50|
|poke|p2|Incineroar, L50, M|
|poke|p2|Milotic, L50, M|
|poke|p2|Raichu, L50, M|
|poke|p2|Floette-Eternal, L50, F|
|poke|p2|Ceruledge, L50, M|
|teampreview|4
|showteam|p1|Skarmory||Skarmorite|Sturdy|BraveBird,IronHead,Roost,Protect|Adamant||M|||50|]Whimsicott||FocusSash|Prankster|Moonblast,Tailwind,Encore,Protect|Timid||M|||50|]Gholdengo||LifeOrb|GoodasGold|MakeItRain,ShadowBall,NastyPlot,Protect|Modest|||||50|]Incineroar||SitrusBerry|Intimidate|FlareBlitz,PartingShot,WillOWisp,FakeOut|Impish||M|||50|]Rotom-Wash||ChoiceScarf|Levitate|HydroPump,Thunderbolt,Trick,VoltSwitch|Timid|||||50|]Garchomp||SoftSand|RoughSkin|Earthquake,DragonClaw,SwordsDance,Protect|Adamant||M|||50|
|showteam|p2|Sinistcha||KasibBerry|Hospitality|MatchaGotcha,LifeDew,RagePowder,Protect|Relaxed|||||50|]Incineroar||SitrusBerry|Intimidate|FlareBlitz,ThroatChop,FakeOut,PartingShot|Impish||M|||50|]Milotic||Leftovers|Competitive|MuddyWater,Coil,Hypnosis,Protect|Calm||M|||50|]Raichu||RaichuniteY|LightningRod|ZapCannon,FocusBlast,FakeOut,Protect|Timid||M|||50|]Floette-Eternal||Floettite|FlowerVeil|DazzlingGleam,DrainingKiss,CalmMind,Protect|Timid||F|||50|]Ceruledge||ColburBerry|FlashFire|BitterBlade,ShadowSneak,BulkUp,Protect|Adamant||M|||50|
|inactive|Battle timer is ON: inactive players will automatically lose when time's up. (requested by Vividedenne)
|inactive|Vividedenne has 60 seconds left.
|
|t:|1783164135
|teamsize|p1|4
|teamsize|p2|4
|start
|switch|p1a: Incineroar|Incineroar, L50, M, shiny|100/100
|switch|p1b: Garchomp|Garchomp, L50, M, shiny|100/100
|switch|p2a: Milotic|Milotic, L50, M|100/100
|switch|p2b: Incineroar|Incineroar, L50, M|100/100
|-ability|p2b: Incineroar|Intimidate|boost
|-unboost|p1a: Incineroar|atk|1
|-unboost|p1b: Garchomp|atk|1
|-ability|p1a: Incineroar|Intimidate|boost
|-unboost|p2a: Milotic|atk|1
|-ability|p2a: Milotic|Competitive|boost
|-boost|p2a: Milotic|spa|2
|-unboost|p2b: Incineroar|atk|1
|turn|1
|
|t:|1783164156
|switch|p1b: Whimsicott|Whimsicott, L50, M, shiny|100/100
|move|p2b: Incineroar|Fake Out|p1a: Incineroar
|-damage|p1a: Incineroar|94/100
|cant|p1a: Incineroar|flinch
|move|p2a: Milotic|Coil|p2a: Milotic
|-boost|p2a: Milotic|atk|1
|-boost|p2a: Milotic|def|1
|-boost|p2a: Milotic|accuracy|1
|
|upkeep
|turn|2
|
|t:|1783164178
|move|p2a: Milotic|Protect|p2a: Milotic
|-singleturn|p2a: Milotic|Protect
|move|p1b: Whimsicott|Tailwind|p1b: Whimsicott
|-sidestart|p1: hello cheese boy|move: Tailwind
|move|p1a: Incineroar|Will-O-Wisp|p2a: Milotic
|-activate|p2a: Milotic|move: Protect
|move|p2b: Incineroar|Parting Shot|p1a: Incineroar
|-unboost|p1a: Incineroar|atk|1
|-unboost|p1a: Incineroar|spa|1
|
|t:|1783164194
|switch|p2b: Sinistcha|Sinistcha, L50|100/100|[from] Parting Shot
|
|upkeep
|turn|3
|
|t:|1783164216
|move|p1b: Whimsicott|Encore|p2a: Milotic
|-start|p2a: Milotic|Encore
|move|p2a: Milotic|Protect||[still]
|-fail|p2a: Milotic
|move|p1a: Incineroar|Will-O-Wisp|p2a: Milotic|[miss]
|-miss|p1a: Incineroar|p2a: Milotic
|move|p2b: Sinistcha|Matcha Gotcha|p1a: Incineroar|[spread] p1a,p1b
|-resisted|p1a: Incineroar|1
|-resisted|p1b: Whimsicott|1
|-damage|p1a: Incineroar|84/100
|-damage|p1b: Whimsicott|82/100
|-status|p1b: Whimsicott|brn
|
|-damage|p1b: Whimsicott|76/100 brn|[from] brn
|upkeep
|turn|4
|
|t:|1783164235
|move|p2a: Milotic|Protect|p2a: Milotic
|-singleturn|p2a: Milotic|Protect
|move|p2b: Sinistcha|Protect|p2b: Sinistcha
|-singleturn|p2b: Sinistcha|Protect
|move|p1b: Whimsicott|Moonblast|p2a: Milotic
|-activate|p2a: Milotic|move: Protect
|move|p1a: Incineroar|Will-O-Wisp|p2a: Milotic
|-activate|p2a: Milotic|move: Protect
|
|-damage|p1b: Whimsicott|70/100 brn|[from] brn
|upkeep
|turn|5
|inactive|Vividedenne has 30 seconds left.
|inactive|Vividedenne has 20 seconds left.
|inactive|Vividedenne has 15 seconds left.
|inactive|Vividedenne has 10 seconds left.
|inactive|Vividedenne has 5 seconds left.
|
|t:|1783164290
|move|p2a: Milotic|Protect||[still]
|-fail|p2a: Milotic
|move|p1b: Whimsicott|Moonblast|p2a: Milotic
|-damage|p2a: Milotic|81/100
|move|p1a: Incineroar|Will-O-Wisp|p2a: Milotic
|-status|p2a: Milotic|brn
|move|p2b: Sinistcha|Matcha Gotcha|p1a: Incineroar|[spread] p1b
|-miss|p2b: Sinistcha|p1a: Incineroar
|-resisted|p1b: Whimsicott|1
|-damage|p1b: Whimsicott|55/100 brn
|
|-heal|p2a: Milotic|87/100 brn|[from] item: Leftovers
|-damage|p1b: Whimsicott|49/100 brn|[from] brn
|-damage|p2a: Milotic|81/100 brn|[from] brn
|-end|p2a: Milotic|Encore
|-sideend|p1: hello cheese boy|move: Tailwind
|upkeep
|turn|6
|
|t:|1783164313
|switch|p2b: Incineroar|Incineroar, L50, M|100/100
|-ability|p2b: Incineroar|Intimidate|boost
|-unboost|p1a: Incineroar|atk|1
|-unboost|p1b: Whimsicott|atk|1
|move|p2a: Milotic|Protect|p2a: Milotic
|-singleturn|p2a: Milotic|Protect
|move|p1b: Whimsicott|Tailwind|p1b: Whimsicott
|-sidestart|p1: hello cheese boy|move: Tailwind
|move|p1a: Incineroar|Flare Blitz|p2b: Incineroar
|-resisted|p2b: Incineroar|1
|-damage|p2b: Incineroar|93/100
|-damage|p1a: Incineroar|81/100|[from] Recoil
|
|-heal|p2a: Milotic|87/100 brn|[from] item: Leftovers
|-damage|p1b: Whimsicott|43/100 brn|[from] brn
|-damage|p2a: Milotic|81/100 brn|[from] brn
|upkeep
|turn|7
|
|t:|1783164336
|move|p1b: Whimsicott|Protect|p1b: Whimsicott
|-singleturn|p1b: Whimsicott|Protect
|move|p2b: Incineroar|Fake Out|p1b: Whimsicott
|-activate|p1b: Whimsicott|move: Protect
|move|p1a: Incineroar|Parting Shot|p2a: Milotic
|-unboost|p2a: Milotic|atk|1
|-ability|p2a: Milotic|Competitive|boost
|-boost|p2a: Milotic|spa|2
|-unboost|p2a: Milotic|spa|1
|-ability|p2a: Milotic|Competitive|boost
|-boost|p2a: Milotic|spa|2
|
|t:|1783164349
|switch|p1a: Gholdengo|Gholdengo, L50, shiny|100/100|[from] Parting Shot
|move|p2a: Milotic|Muddy Water|p1b: Whimsicott|[spread] p1a
|-activate|p1b: Whimsicott|move: Protect
|-damage|p1a: Gholdengo|25/100
|
|-heal|p2a: Milotic|87/100 brn|[from] item: Leftovers
|-damage|p1b: Whimsicott|37/100 brn|[from] brn
|-damage|p2a: Milotic|81/100 brn|[from] brn
|upkeep
|turn|8
|
|t:|1783164368
|move|p1b: Whimsicott|Moonblast|p2a: Milotic
|-damage|p2a: Milotic|63/100 brn
|move|p1a: Gholdengo|Shadow Ball|p2a: Milotic
|-crit|p2a: Milotic
|-damage|p2a: Milotic|7/100 brn
|-damage|p1a: Gholdengo|15/100|[from] item: Life Orb
|move|p2a: Milotic|Muddy Water|p1b: Whimsicott|[spread] p1a,p1b
|-resisted|p1b: Whimsicott|1
|-damage|p1a: Gholdengo|0 fnt
|-damage|p1b: Whimsicott|0 fnt
|faint|p1a: Gholdengo
|faint|p1b: Whimsicott
|move|p2b: Incineroar|Flare Blitz|p1: Gholdengo|[notarget]
|-fail|p2b: Incineroar
|
|-heal|p2a: Milotic|13/100 brn|[from] item: Leftovers
|-damage|p2a: Milotic|7/100 brn|[from] brn
|upkeep
|inactive|hello cheese boy has 30 seconds left.
|inactive|hello cheese boy has 20 seconds left.
|inactive|hello cheese boy has 15 seconds left.
|inactive|hello cheese boy has 10 seconds left.
|inactive|hello cheese boy has 5 seconds left.
|
|t:|1783164423
|switch|p1b: Garchomp|Garchomp, L50, M, shiny|100/100
|switch|p1a: Incineroar|Incineroar, L50, M, shiny|81/100
|-ability|p1a: Incineroar|Intimidate|boost
|-unboost|p2a: Milotic|atk|1
|-ability|p2a: Milotic|Competitive|boost
|-boost|p2a: Milotic|spa|1
|-unboost|p2b: Incineroar|atk|1
|turn|9
|inactive|hello cheese boy has 30 seconds left.
|inactive|hello cheese boy has 20 seconds left.
|inactive|Vividedenne has 30 seconds left.
|inactive|hello cheese boy has 15 seconds left.
|inactive|hello cheese boy has 10 seconds left.
|inactive|hello cheese boy has 5 seconds left.
|
|t:|1783164478
|switch|p2b: Sinistcha|Sinistcha, L50|100/100
|-heal|p2a: Milotic|32/100 brn|[from] ability: Hospitality|[of] p2b: Sinistcha
|move|p2a: Milotic|Protect|p2a: Milotic
|-singleturn|p2a: Milotic|Protect
|move|p1b: Garchomp|Earthquake|p2a: Milotic|[spread] p1a,p2b
|-activate|p2a: Milotic|move: Protect
|-supereffective|p1a: Incineroar|1
|-crit|p1a: Incineroar
|-resisted|p2b: Sinistcha|1
|-damage|p1a: Incineroar|0 fnt
|-damage|p2b: Sinistcha|79/100
|faint|p1a: Incineroar
|
|-heal|p2a: Milotic|38/100 brn|[from] item: Leftovers
|-damage|p2a: Milotic|32/100 brn|[from] brn
|-sideend|p1: hello cheese boy|move: Tailwind
|upkeep
|turn|10
|inactive|hello cheese boy has 30 seconds left.
|inactive|Vividedenne has 30 seconds left.
|inactive|hello cheese boy has 20 seconds left.
|inactive|hello cheese boy has 15 seconds left.
|inactive|hello cheese boy has 10 seconds left.
|inactive|hello cheese boy has 5 seconds left.
|
|t:|1783164533
|switch|p2b: Incineroar|Incineroar, L50, M|93/100
|-ability|p2b: Incineroar|Intimidate|boost
|-unboost|p1b: Garchomp|atk|1
|move|p1b: Garchomp|Earthquake|p2b: Incineroar|[spread] p2a,p2b
|-supereffective|p2b: Incineroar|1
|-damage|p2a: Milotic|12/100 brn
|-damage|p2b: Incineroar|41/100
|-enditem|p2b: Incineroar|Sitrus Berry|[eat]
|-heal|p2b: Incineroar|66/100|[from] item: Sitrus Berry
|move|p2a: Milotic|Muddy Water|p1b: Garchomp
|-damage|p1b: Garchomp|0 fnt
|faint|p1b: Garchomp
|
|win|Vividedenne
