|j|☆KSunfr
|j|☆Centiskorch18
|html|KSunfrCentiskorch18    
|uhtml|bestof|Game 2 of a best-of-3
|t:|1754703664
|gametype|doubles
|player|p1|KSunfr|unknown|1188
|player|p2|Centiskorch18|266|1134
|gen|9
|tier|[Gen 9] VGC 2025 Reg H (Bo3)
|rated|
|rule|Species Clause: Limit one of each Pokémon
|rule|Item Clause: Limit 1 of each item
|clearpoke
|poke|p1|Dragonite, L50, F|
|poke|p1|Archaludon, L50, F|
|poke|p1|Kingambit, L50, M|
|poke|p1|Ninetales-Alola, L50, F|
|poke|p1|Gengar, L50, F|
|poke|p1|Tauros-Paldea-Blaze, L50, M|
|poke|p2|Vivillon-Sun, L50, F|
|poke|p2|Garchomp, L50, F|
|poke|p2|Incineroar, L50, F|
|poke|p2|Gholdengo, L50|
|poke|p2|Primarina, L50, F|
|poke|p2|Annihilape, L50, F|
|teampreview|4
|showteam|p1|Dragonite||LumBerry|Multiscale|Protect,ExtremeSpeed,TeraBlast,LowKick|||F|||50|,,,,,Flying]Archaludon||PowerHerb|Sturdy|DracoMeteor,FlashCannon,ElectroShot,Protect|||F|||50|,,,,,Stellar]Kingambit||AssaultVest|Defiant|Assurance,IronHead,SuckerPunch,LowKick|||M|||50|,,,,,Fire]Ninetales-Alola||CovertCloak|SnowWarning|Blizzard,FreezeDry,Moonblast,Protect|||F|||50|,,,,,Ice]Gengar||FocusSash|CursedBody|SludgeWave,ShadowBall,Haze,Protect|||F|||50|,,,,,Ghost]Tauros-Paldea-Blaze||SafetyGoggles|Intimidate|FlareBlitz,CloseCombat,WillOWisp,Protect|||M|||50|,,,,,Grass
|showteam|p2|Vivillon-Sun||FocusSash|CompoundEyes|Hurricane,SleepPowder,Tailwind,Protect|||F|||50|,,,,,Ghost]Garchomp||LifeOrb|RoughSkin|Earthquake,StompingTantrum,DragonClaw,Protect|||F|||50|,,,,,Fairy]Incineroar||SafetyGoggles|Intimidate|FlareBlitz,KnockOff,FakeOut,PartingShot|||F|||50|,,,,,Grass]Gholdengo||ChoiceSpecs|GoodasGold|MakeItRain,ShadowBall,Thunderbolt,DazzlingGleam||||||50|,,,,,Steel]Primarina||SitrusBerry|LiquidVoice|HyperVoice,Moonblast,Haze,Protect|||F|||50|,,,,,Poison]Annihilape||ChoiceScarf|Defiant|CloseCombat,FinalGambit,PhantomForce,Uturn|||F|||50|,,,,,Stellar
|inactive|Battle timer is ON: inactive players will automatically lose when time's up. (requested by KSunfr)
|inactive|Centiskorch18 also wants the timer to be on.
|c|☆Centiskorch18|glhf
|inactive|KSunfr has 60 seconds left.
|
|t:|1754703701
|teamsize|p1|4
|teamsize|p2|4
|start
|switch|p1a: Ninetales|Ninetales-Alola, L50, F|100/100
|switch|p1b: Tauros|Tauros-Paldea-Blaze, L50, M|100/100
|switch|p2a: Vivillon|Vivillon-Sun, L50, F|100/100
|switch|p2b: Garchomp|Garchomp, L50, F|100/100
|-weather|Snowscape|[from] ability: Snow Warning|[of] p1a: Ninetales
|-ability|p1b: Tauros|Intimidate|boost
|-unboost|p2a: Vivillon|atk|1
|-unboost|p2b: Garchomp|atk|1
|turn|1
|
|t:|1754703718
|switch|p2b: Incineroar|Incineroar, L50, F|100/100
|-ability|p2b: Incineroar|Intimidate|boost
|-unboost|p1a: Ninetales|atk|1
|-unboost|p1b: Tauros|atk|1
|move|p2a: Vivillon|Protect|p2a: Vivillon
|-singleturn|p2a: Vivillon|Protect
|move|p1a: Ninetales|Blizzard|p2a: Vivillon|[spread] p2b
|-activate|p2a: Vivillon|move: Protect
|-resisted|p2b: Incineroar
|-damage|p2b: Incineroar|89/100
|move|p1b: Tauros|Flare Blitz|p2a: Vivillon
|-activate|p2a: Vivillon|move: Protect
|
|-weather|Snowscape|[upkeep]
|upkeep
|turn|2
|inactive|Centiskorch18 has 30 seconds left.
|
|t:|1754703744
|switch|p1b: Dragonite|Dragonite, L50, F|100/100
|move|p2b: Incineroar|Fake Out|p1b: Dragonite
|-damage|p1b: Dragonite|95/100
|move|p1a: Ninetales|Blizzard|p2b: Incineroar|[spread] p2a,p2b
|-supereffective|p2a: Vivillon
|-resisted|p2b: Incineroar
|-enditem|p2a: Vivillon|Focus Sash
|-damage|p2a: Vivillon|1/100
|-damage|p2b: Incineroar|77/100
|move|p2a: Vivillon|Tailwind|p2a: Vivillon
|-sidestart|p2: Centiskorch18|move: Tailwind
|
|-weather|Snowscape|[upkeep]
|upkeep
|turn|3
|inactive|Centiskorch18 has 30 seconds left.
|
|t:|1754703775
|switch|p1a: Tauros|Tauros-Paldea-Blaze, L50, M|100/100
|-ability|p1a: Tauros|Intimidate|boost
|-unboost|p2a: Vivillon|atk|1
|-unboost|p2b: Incineroar|atk|1
|-terastallize|p2a: Vivillon|Ghost
|move|p1b: Dragonite|Extreme Speed|p2a: Vivillon
|-immune|p2a: Vivillon
|move|p2a: Vivillon|Sleep Powder|p1a: Tauros
|-activate|p1a: Tauros|item: Safety Goggles|Sleep Powder
|move|p2b: Incineroar|Parting Shot|p1a: Tauros
|-unboost|p1a: Tauros|atk|1
|-unboost|p1a: Tauros|spa|1
|
|t:|1754703783
|switch|p2b: Gholdengo|Gholdengo, L50|100/100|[from] Parting Shot
|
|-weather|Snowscape|[upkeep]
|upkeep
|turn|4
|inactive|KSunfr has 30 seconds left.
|
|t:|1754703815
|-terastallize|p1b: Dragonite|Flying
|move|p2a: Vivillon|Hurricane|p1a: Tauros
|-supereffective|p1a: Tauros
|-damage|p1a: Tauros|0 fnt
|faint|p1a: Tauros
|move|p2b: Gholdengo|Make It Rain|p1b: Dragonite
|-damage|p1b: Dragonite|9/100
|-unboost|p2b: Gholdengo|spa|1
|move|p1b: Dragonite|Tera Blast|p2a: Vivillon|[anim] Tera Blast Flying
|-damage|p2a: Vivillon|0 fnt
|faint|p2a: Vivillon
|
|-weather|Snowscape|[upkeep]
|upkeep
|
|t:|1754703830
|switch|p1a: Archaludon|Archaludon, L50, F|100/100
|switch|p2a: Garchomp|Garchomp, L50, F|100/100
|turn|5
|inactive|Centiskorch18 has 30 seconds left.
|
|t:|1754703859
|switch|p2a: Incineroar|Incineroar, L50, F|77/100
|-ability|p2a: Incineroar|Intimidate|boost
|-unboost|p1a: Archaludon|atk|1
|-unboost|p1b: Dragonite|atk|1
|move|p1a: Archaludon|Protect|p1a: Archaludon
|-singleturn|p1a: Archaludon|Protect
|move|p2b: Gholdengo|Make It Rain|p1b: Dragonite|[spread] p1b
|-activate|p1a: Archaludon|move: Protect
|-damage|p1b: Dragonite|0 fnt
|-unboost|p2b: Gholdengo|spa|1
|faint|p1b: Dragonite
|
|-weather|none
|-sideend|p2: Centiskorch18|move: Tailwind
|upkeep
|
|t:|1754703873
|switch|p1b: Ninetales|Ninetales-Alola, L50, F|100/100
|-weather|Snowscape|[from] ability: Snow Warning|[of] p1b: Ninetales
|turn|6
|
|t:|1754703879
|move|p2a: Incineroar|Fake Out|p1a: Archaludon
|-resisted|p1a: Archaludon
|-damage|p1a: Archaludon|96/100
|move|p1b: Ninetales|Blizzard|p2b: Gholdengo|[spread] p2a,p2b
|-resisted|p2a: Incineroar
|-resisted|p2b: Gholdengo
|-damage|p2a: Incineroar|64/100
|-damage|p2b: Gholdengo|84/100
|cant|p1a: Archaludon|flinch
|move|p2b: Gholdengo|Make It Rain|p1a: Archaludon|[spread] p1a,p1b
|-resisted|p1a: Archaludon
|-crit|p1a: Archaludon
|-supereffective|p1b: Ninetales
|-damage|p1a: Archaludon|2/100
|-damage|p1b: Ninetales|0 fnt
|-unboost|p2b: Gholdengo|spa|1
|faint|p1b: Ninetales
|
|-weather|Snowscape|[upkeep]
|upkeep
|turn|7
|-message|KSunfr forfeited.
|
|win|Centiskorch18
|raw|KSunfr's rating: 1188 → 1159(-29 for losing)
|raw|Centiskorch18's rating: 1134 → 1163(+29 for winning)
