|j|☆soohzabimaru
|j|☆Sajurnetinutom
|html|soohzabimaruSajurnetinutom    
|uhtml|bestof|Game 3 of a best-of-3
|t:|1785265623
|gametype|doubles
|player|p1|soohzabimaru|benga|1146
|player|p2|Sajurnetinutom|2|1128
|gen|9
|tier|[Gen 9 Champions] VGC 2026 Reg M-B (Bo3)
|rated|
|rule|Species Clause: Limit one of each Pokémon
|rule|Item Clause: Limit 1 of each item
|clearpoke
|poke|p1|Ninetales-Alola, L50, F|
|poke|p1|Kommo-o, L50, M|
|poke|p1|Charizard, L50, M|
|poke|p1|Whimsicott, L50, F|
|poke|p1|Glimmora, L50, M|
|poke|p1|Kingambit, L50, F|
|poke|p2|Glimmora, L50, F|
|poke|p2|Staraptor, L50, M|
|poke|p2|Kingambit, L50, M|
|poke|p2|Sylveon, L50, M|
|poke|p2|Farigiraf, L50, F|
|poke|p2|Whimsicott, L50, F|
|teampreview|4
|showteam|p1|Ninetales-Alola||NeverMeltIce|SnowWarning|Blizzard,FreezeDry,Disable,Protect|Timid||F|||50|]Kommo-o||LifeOrb|Overcoat|VacuumWave,AuraSphere,ClangingScales,Protect|Modest||M|||50|]Charizard||CharizarditeY|Blaze|HeatWave,WeatherBall,SolarBeam,Protect|Modest||M|||50|]Whimsicott||FocusSash|Prankster|Tailwind,Moonblast,Encore,Protect|Timid||F|||50|]Glimmora||Glimmoranite|ToxicDebris|SludgeBomb,PowerGem,EarthPower,Protect|Modest||M|||50|]Kingambit||BlackGlasses|Defiant|SuckerPunch,KowtowCleave,IronDefense,Protect|Adamant||F|||50|
|showteam|p2|Glimmora||Glimmoranite|ToxicDebris|EarthPower,PowerGem,SludgeBomb,SpikyShield|Modest||F|||50|]Staraptor||Staraptite|Intimidate|CloseCombat,BraveBird,Tailwind,Protect|Jolly||M|||50|]Kingambit||BlackGlasses|Defiant|KowtowCleave,SuckerPunch,IronHead,Protect|Adamant||M|||50|]Sylveon||FairyFeather|Pixilate|HyperVoice,HyperBeam,QuickAttack,Detect|Modest||M|||50|]Farigiraf||SitrusBerry|ArmorTail|Psychic,Thunderbolt,Protect,TrickRoom|Bold||F|||50|]Whimsicott||FocusSash|Prankster|Moonblast,Tailwind,Encore,LightScreen|Timid||F|||50|
|
|t:|1785265658
|teamsize|p1|4
|teamsize|p2|4
|start
|switch|p1a: Whimsicott|Whimsicott, L50, F|100/100
|switch|p1b: Glimmora|Glimmora, L50, M|100/100
|switch|p2a: Whimsicott|Whimsicott, L50, F|100/100
|switch|p2b: Staraptor|Staraptor, L50, M|100/100
|-ability|p2b: Staraptor|Intimidate|boost
|-unboost|p1a: Whimsicott|atk|1
|-unboost|p1b: Glimmora|atk|1
|turn|1
|
|t:|1785265689
|switch|p2b: Kingambit|Kingambit, L50, M|100/100
|detailschange|p1b: Glimmora|Glimmora-Mega, L50, M
|-mega|p1b: Glimmora|Glimmora|Glimmoranite
|move|p2a: Whimsicott|Tailwind|p2a: Whimsicott
|-sidestart|p2: Sajurnetinutom|move: Tailwind
|move|p1a: Whimsicott|Moonblast|p2b: Kingambit
|-damage|p2b: Kingambit|72/100
|move|p1b: Glimmora|Sludge Bomb|p2a: Whimsicott
|-supereffective|p2a: Whimsicott|2
|-enditem|p2a: Whimsicott|Focus Sash
|-damage|p2a: Whimsicott|1/100
|
|upkeep
|turn|2
|
|t:|1785265727
|move|p1a: Whimsicott|Protect|p1a: Whimsicott
|-singleturn|p1a: Whimsicott|Protect
|move|p2a: Whimsicott|Light Screen|p2a: Whimsicott
|-sidestart|p2: Sajurnetinutom|move: Light Screen
|move|p1b: Glimmora|Sludge Bomb|p2a: Whimsicott
|-supereffective|p2a: Whimsicott|2
|-damage|p2a: Whimsicott|0 fnt
|faint|p2a: Whimsicott
|move|p2b: Kingambit|Iron Head|p1a: Whimsicott
|-activate|p1a: Whimsicott|move: Protect
|
|upkeep
|
|t:|1785265783
|switch|p2a: Glimmora|Glimmora, L50, F|100/100
|turn|3
|
|t:|1785265811
|move|p1a: Whimsicott|Tailwind|p1a: Whimsicott
|-sidestart|p1: soohzabimaru|move: Tailwind
|move|p1b: Glimmora|Earth Power|p2a: Glimmora
|-supereffective|p2a: Glimmora|2
|-damage|p2a: Glimmora|0 fnt
|faint|p2a: Glimmora
|move|p2b: Kingambit|Iron Head|p1a: Whimsicott
|-supereffective|p1a: Whimsicott|1
|-enditem|p1a: Whimsicott|Focus Sash
|-damage|p1a: Whimsicott|1/100
|
|upkeep
|
|t:|1785265820
|switch|p2a: Staraptor|Staraptor, L50, M|100/100
|-ability|p2a: Staraptor|Intimidate|boost
|-unboost|p1a: Whimsicott|atk|1
|-unboost|p1b: Glimmora|atk|1
|turn|4
|
|t:|1785265852
|detailschange|p2a: Staraptor|Staraptor-Mega, L50, M
|-mega|p2a: Staraptor|Staraptor|Staraptite
|move|p1a: Whimsicott|Protect|p1a: Whimsicott
|-singleturn|p1a: Whimsicott|Protect
|move|p2a: Staraptor|Close Combat|p1a: Whimsicott
|-activate|p1a: Whimsicott|move: Protect
|move|p1b: Glimmora|Power Gem|p2a: Staraptor
|-damage|p2a: Staraptor|57/100
|move|p2b: Kingambit|Iron Head|p1b: Glimmora
|-supereffective|p1b: Glimmora|1
|-crit|p1b: Glimmora
|-damage|p1b: Glimmora|0 fnt
|faint|p1b: Glimmora
|
|-sideend|p2: Sajurnetinutom|move: Tailwind
|upkeep
|c|☆Sajurnetinutom|bang crit is huge
|
|t:|1785265915
|switch|p1b: Kommo-o|Kommo-o, L50, M|100/100
|turn|5
|
|t:|1785265927
|move|p2b: Kingambit|Protect|p2b: Kingambit
|-singleturn|p2b: Kingambit|Protect
|move|p1a: Whimsicott|Encore|p2a: Staraptor
|-start|p2a: Staraptor|Encore
|move|p1b: Kommo-o|Aura Sphere|p2b: Kingambit
|-activate|p2b: Kingambit|move: Protect
|move|p2a: Staraptor|Close Combat|p1b: Kommo-o
|-damage|p1b: Kommo-o|48/100
|-boost|p2a: Staraptor|def|1
|-boost|p2a: Staraptor|spd|1
|
|upkeep
|turn|6
|
|t:|1785265949
|move|p1a: Whimsicott|Protect|p1a: Whimsicott
|-singleturn|p1a: Whimsicott|Protect
|move|p1b: Kommo-o|Aura Sphere|p2b: Kingambit
|-supereffective|p2b: Kingambit|2
|-damage|p2b: Kingambit|0 fnt
|faint|p2b: Kingambit
|-damage|p1b: Kommo-o|38/100|[from] item: Life Orb
|move|p2a: Staraptor|Close Combat|p1b: Kommo-o
|-damage|p1b: Kommo-o|0 fnt
|-boost|p2a: Staraptor|def|1
|-boost|p2a: Staraptor|spd|1
|faint|p1b: Kommo-o
|
|-sideend|p2: Sajurnetinutom|move: Light Screen
|-sideend|p1: soohzabimaru|move: Tailwind
|upkeep
|
|t:|1785265956
|switch|p1b: Ninetales|Ninetales-Alola, L50, F|100/100
|-weather|Snowscape|[from] ability: Snow Warning|[of] p1b: Ninetales
|turn|7
|
|t:|1785265969
|move|p1a: Whimsicott|Tailwind|p1a: Whimsicott
|-sidestart|p1: soohzabimaru|move: Tailwind
|move|p1b: Ninetales|Disable|p2a: Staraptor
|-start|p2a: Staraptor|Disable|Close Combat
|cant|p2a: Staraptor|Disable|Close Combat
|
|-weather|Snowscape|[upkeep]
|-end|p2a: Staraptor|Encore
|upkeep
|turn|8
|
|t:|1785265981
|move|p1a: Whimsicott|Encore|p2a: Staraptor
|-start|p2a: Staraptor|Encore
|move|p1b: Ninetales|Blizzard|p2a: Staraptor
|-supereffective|p2a: Staraptor|1
|-damage|p2a: Staraptor|8/100
|-status|p2a: Staraptor|frz
|-curestatus|p2a: Staraptor|frz|[msg]
|cant|p2a: Staraptor|Disable|Close Combat
|
|-weather|Snowscape|[upkeep]
|upkeep
|turn|9
|c|☆soohzabimaru|what a crazy turn xD
|c|☆Sajurnetinutom|this game sucks
|-message|Sajurnetinutom forfeited.
|
|win|soohzabimaru
|raw|soohzabimaru's rating: 1146 → 1170(+24 for winning)
|raw|Sajurnetinutom's rating: 1128 → 1104(-24 for losing)
|l|☆Sajurnetinutom
|player|p2|
|j|☆Sajurnetinutom
|player|p2|Sajurnetinutom|2|
|c|☆soohzabimaru|u played well ggs
|c|☆Sajurnetinutom|run it back
|c|☆soohzabimaru|sure!!
|c|☆Sajurnetinutom|ggs
