|j|☆derekingf
|j|☆Tremedan
|html|derekingfTremedan    
|uhtml|bestof|Game 3 of a best-of-3
|t:|1785992801
|gametype|doubles
|player|p1|derekingf|1|1161
|player|p2|Tremedan|169|1000
|gen|9
|tier|[Gen 9 Champions] VGC 2026 Reg M-B (Bo3)
|rated|
|rule|Species Clause: Limit one of each Pokémon
|rule|Item Clause: Limit 1 of each item
|clearpoke
|poke|p1|Charizard, L50, F, shiny|
|poke|p1|Whimsicott, L50, M|
|poke|p1|Sylveon, L50, M, shiny|
|poke|p1|Garchomp, L50, F, shiny|
|poke|p1|Kingambit, L50, F|
|poke|p1|Basculegion, L50, M|
|poke|p2|Tyranitar, L50, M|
|poke|p2|Staraptor, L50, M|
|poke|p2|Venusaur, L50, F|
|poke|p2|Milotic, L50, M|
|poke|p2|Excadrill, L50, M|
|poke|p2|Houndstone, L50, F|
|teampreview|4
|showteam|p1|Charizard||CharizarditeY|Blaze|HeatWave,SolarBeam,FocusBlast,Protect|Timid||F|||50|]Whimsicott||FocusSash|Prankster|Moonblast,Tailwind,TrickRoom,Encore|Timid||M|||50|]Sylveon||FairyFeather|Pixilate|HyperVoice,HyperBeam,QuickAttack,Protect|Modest||M|||50|]Garchomp||LifeOrb|RoughSkin|Earthquake,DragonClaw,StoneEdge,Protect|Jolly||F|||50|]Kingambit||BlackGlasses|Defiant|KowtowCleave,SuckerPunch,IronHead,LowKick|Adamant||F|||50|]Basculegion||ChoiceScarf|Adaptability|WaveCrash,AquaJet,LastRespects,FlipTurn|Adamant||M|||50|
|showteam|p2|Tyranitar||ChoiceScarf|SandStream|RockSlide,KnockOff,IcePunch,LowKick|Jolly||M|||50|]Staraptor||Staraptite|Intimidate|CloseCombat,DualWingbeat,Tailwind,Protect|Jolly||M|||50|]Venusaur||Venusaurite|Chlorophyll|Protect,EarthPower,SludgeBomb,GigaDrain|Modest||F|||50|]Milotic||SitrusBerry|Competitive|Protect,Scald,IcyWind,Haze|Timid||M|||50|]Excadrill||FocusSash|SandRush|Protect,HighHorsepower,RockSlide,IronHead|Adamant||M|||50|]Houndstone||LifeOrb|SandRush|Protect,Dig,LastRespects,AllySwitch|Jolly||F|||50|
|inactive|Battle timer is ON: inactive players will automatically lose when time's up. (requested by derekingf)
|
|t:|1785992818
|teamsize|p1|4
|teamsize|p2|4
|start
|switch|p1a: Whimsicott|Whimsicott, L50, M|100/100
|switch|p1b: Sylveon|Sylveon, L50, M, shiny|100/100
|switch|p2a: Tyranitar|Tyranitar, L50, M|100/100
|switch|p2b: Staraptor|Staraptor, L50, M|100/100
|-weather|Sandstorm|[from] ability: Sand Stream|[of] p2a: Tyranitar
|-ability|p2b: Staraptor|Intimidate|boost
|-unboost|p1a: Whimsicott|atk|1
|-unboost|p1b: Sylveon|atk|1
|turn|1
|inactive|Tremedan has 30 seconds left.
|
|t:|1785992844
|switch|p2a: Excadrill|Excadrill, L50, M|100/100
|move|p1a: Whimsicott|Tailwind|p1a: Whimsicott
|-sidestart|p1: derekingf|move: Tailwind
|move|p1b: Sylveon|Hyper Voice|p2a: Excadrill|[spread] p2a,p2b
|-resisted|p2a: Excadrill|1
|-damage|p2a: Excadrill|67/100
|-damage|p2b: Staraptor|24/100
|move|p2b: Staraptor|Tailwind|p2b: Staraptor
|-sidestart|p2: Tremedan|move: Tailwind
|
|-weather|Sandstorm|[upkeep]
|-damage|p1a: Whimsicott|94/100|[from] Sandstorm
|-damage|p2b: Staraptor|18/100|[from] Sandstorm
|-damage|p1b: Sylveon|94/100|[from] Sandstorm
|upkeep
|turn|2
|inactive|Tremedan has 30 seconds left.
|
|t:|1785992869
|switch|p1b: Charizard|Charizard, L50, F, shiny|100/100
|detailschange|p2b: Staraptor|Staraptor-Mega, L50, M
|-mega|p2b: Staraptor|Staraptor|Staraptite
|move|p2b: Staraptor|Protect|p2b: Staraptor
|-singleturn|p2b: Staraptor|Protect
|move|p1a: Whimsicott|Encore|p2b: Staraptor
|-activate|p2b: Staraptor|move: Protect
|move|p2a: Excadrill|Iron Head|p1b: Charizard
|-resisted|p1b: Charizard|1
|-damage|p1b: Charizard|64/100
|
|-weather|Sandstorm|[upkeep]
|-damage|p1a: Whimsicott|88/100|[from] Sandstorm
|-damage|p2b: Staraptor|12/100|[from] Sandstorm
|-damage|p1b: Charizard|58/100|[from] Sandstorm
|upkeep
|turn|3
|
|t:|1785992885
|detailschange|p1b: Charizard|Charizard-Mega-Y, L50, F, shiny
|-mega|p1b: Charizard|Charizard|Charizardite Y
|-weather|SunnyDay|[from] ability: Drought|[of] p1b: Charizard
|move|p1a: Whimsicott|Encore|p2b: Staraptor
|-start|p2b: Staraptor|Encore
|move|p2b: Staraptor|Protect|p2b: Staraptor
|-singleturn|p2b: Staraptor|Protect
|move|p1b: Charizard|Heat Wave|p2b: Staraptor|[spread] p2a
|-activate|p2b: Staraptor|move: Protect
|-supereffective|p2a: Excadrill|1
|-damage|p2a: Excadrill|0 fnt
|faint|p2a: Excadrill
|
|-weather|SunnyDay|[upkeep]
|upkeep
|
|t:|1785992900
|switch|p2a: Tyranitar|Tyranitar, L50, M|100/100
|-weather|Sandstorm|[from] ability: Sand Stream|[of] p2a: Tyranitar
|turn|4
|
|t:|1785992908
|switch|p1b: Sylveon|Sylveon, L50, M, shiny|94/100
|move|p2b: Staraptor|Protect||[still]
|-fail|p2b: Staraptor
|move|p2a: Tyranitar|Rock Slide|p1a: Whimsicott|[spread] p1b
|-miss|p2a: Tyranitar|p1a: Whimsicott
|-damage|p1b: Sylveon|54/100
|move|p1a: Whimsicott|Moonblast|p2b: Staraptor
|-supereffective|p2b: Staraptor|1
|-damage|p2b: Staraptor|0 fnt
|faint|p2b: Staraptor
|
|-weather|Sandstorm|[upkeep]
|-damage|p1a: Whimsicott|82/100|[from] Sandstorm
|-damage|p1b: Sylveon|48/100|[from] Sandstorm
|-sideend|p1: derekingf|move: Tailwind
|-sideend|p2: Tremedan|move: Tailwind
|upkeep
|
|t:|1785992923
|switch|p2b: Houndstone|Houndstone, L50, F|100/100
|turn|5
|
|t:|1785992938
|move|p1a: Whimsicott|Tailwind|p1a: Whimsicott
|-sidestart|p1: derekingf|move: Tailwind
|move|p2b: Houndstone|Last Respects|p1a: Whimsicott
|-damage|p1a: Whimsicott|0 fnt
|faint|p1a: Whimsicott
|-damage|p2b: Houndstone|90/100|[from] item: Life Orb
|move|p2a: Tyranitar|Rock Slide|p1b: Sylveon
|-damage|p1b: Sylveon|0 fnt
|faint|p1b: Sylveon
|
|-weather|Sandstorm|[upkeep]
|upkeep
|
|t:|1785992950
|switch|p1a: Garchomp|Garchomp, L50, F, shiny|100/100
|switch|p1b: Charizard|Charizard-Mega-Y, L50, F, shiny|58/100
|-weather|SunnyDay|[from] ability: Drought|[of] p1b: Charizard
|turn|6
|
|t:|1785992959
|move|p1a: Garchomp|Earthquake|p2b: Houndstone|[spread] p2a,p2b
|-immune|p1b: Charizard
|-supereffective|p2a: Tyranitar|1
|-damage|p2a: Tyranitar|0 fnt
|-damage|p2b: Houndstone|27/100
|faint|p2a: Tyranitar
|-damage|p1a: Garchomp|90/100|[from] item: Life Orb
|move|p1b: Charizard|Heat Wave|p2b: Houndstone
|-damage|p2b: Houndstone|0 fnt
|faint|p2b: Houndstone
|
|win|derekingf
|raw|derekingf's rating: 1161 → 1175(+14 for winning)
|raw|Tremedan's rating: 1000 → 1000(+0 for losing)
