|j|☆Arnauz10
|j|‽Sawadaburner
|html|Arnauz10Sawadaburner    
|uhtml|bestof|Game 2 of a best-of-3
|t:|1756633607
|gametype|doubles
|player|p1|Arnauz10|ghetsis|1123
|player|p2|Sawadaburner|102|1287
|gen|9
|tier|[Gen 9] VGC 2025 Reg H (Bo3)
|rated|
|rule|Species Clause: Limit one of each Pokémon
|rule|Item Clause: Limit 1 of each item
|clearpoke
|poke|p1|Annihilape, L50, M|
|poke|p1|Dragonite, L50, F|
|poke|p1|Gholdengo, L50|
|poke|p1|Porygon2, L50|
|poke|p1|Ursaluna, L50, F|
|poke|p1|Incineroar, L50, F|
|poke|p2|Porygon2, L50|
|poke|p2|Incineroar, L50, M|
|poke|p2|Ursaluna, L50, F|
|poke|p2|Jumpluff, L50, M|
|poke|p2|Charizard, L50, F|
|poke|p2|Torkoal, L50, F|
|teampreview|4
|showteam|p1|Annihilape||FocusSash|Defiant|RageFist,CloseCombat,Coaching,Taunt|||M|||50|,,,,,Stellar]Dragonite||LoadedDice|Multiscale|ScaleShot,Haze,Tailwind,Protect|||F|||50|,,,,,Fairy]Gholdengo||LifeOrb|GoodasGold|ShadowBall,MakeItRain,NastyPlot,Protect||||||50|,,,,,Water]Porygon2||Eviolite|Download|IceBeam,TeraBlast,Recover,TrickRoom||||||50|,,,,,Fighting]Ursaluna||FlameOrb|Guts|Facade,Earthquake,HeadlongRush,Protect|||F|||50|,,,,,Ghost]Incineroar||SafetyGoggles|Intimidate|FakeOut,KnockOff,FlareBlitz,PartingShot|||F|||50|,,,,,Ghost
|showteam|p2|Porygon2||Eviolite|Download|TeraBlast,IceBeam,TrickRoom,Recover||||||50|,,,,,Fighting]Incineroar||SitrusBerry|Intimidate|FakeOut,KnockOff,FlareBlitz,PartingShot|||M|||50|,,,,,Ghost]Ursaluna||FlameOrb|Guts|HeadlongRush,Facade,Earthquake,Protect|||F|||50|,,,,,Ghost]Jumpluff||CovertCloak|Chlorophyll|RagePowder,SunnyDay,Tailwind,SleepPowder|||M|||50|,,,,,Water]Charizard||ChoiceSpecs|SolarPower|HeatWave,Overheat,WeatherBall,AirSlash|||F|||50|,,,,,Ghost]Torkoal||EjectPack|Drought|Overheat,Eruption,HelpingHand,Protect|||F|||50|,,,,,Fire
|
|t:|1756633616
|teamsize|p1|4
|teamsize|p2|4
|start
|switch|p1a: Annihilape|Annihilape, L50, M|100/100
|switch|p1b: Gholdengo|Gholdengo, L50|100/100
|switch|p2a: Jumpluff|Jumpluff, L50, M|100/100
|switch|p2b: Charizard|Charizard, L50, F|100/100
|turn|1
|
|t:|1756633639
|switch|p1a: Incineroar|Incineroar, L50, F|100/100
|-ability|p1a: Incineroar|Intimidate|boost
|-unboost|p2a: Jumpluff|atk|1
|-unboost|p2b: Charizard|atk|1
|move|p1b: Gholdengo|Protect|p1b: Gholdengo
|-singleturn|p1b: Gholdengo|Protect
|move|p2a: Jumpluff|Tailwind|p2a: Jumpluff
|-sidestart|p2: Sawadaburner|move: Tailwind
|move|p2b: Charizard|Heat Wave|p1b: Gholdengo|[spread] p1a
|-activate|p1b: Gholdengo|move: Protect
|-resisted|p1a: Incineroar
|-damage|p1a: Incineroar|81/100
|
|upkeep
|turn|2
|inactive|Battle timer is ON: inactive players will automatically lose when time's up. (requested by Sawadaburner)
|
|t:|1756633681
|switch|p1b: Annihilape|Annihilape, L50, M|100/100
|move|p2a: Jumpluff|Sunny Day|p2a: Jumpluff
|-weather|SunnyDay
|move|p2b: Charizard|Heat Wave|p1b: Annihilape|[spread] p1a,p1b
|-resisted|p1a: Incineroar
|-damage|p1a: Incineroar|35/100
|-enditem|p1b: Annihilape|Focus Sash
|-damage|p1b: Annihilape|1/100
|move|p1a: Incineroar|Knock Off|p2b: Charizard
|-damage|p2b: Charizard|41/100
|-enditem|p2b: Charizard|Choice Specs|[from] move: Knock Off|[of] p1a: Incineroar
|
|-weather|SunnyDay|[upkeep]
|-damage|p2b: Charizard|29/100|[from] ability: Solar Power|[of] p2b: Charizard
|upkeep
|turn|3
|inactive|Arnauz10 has 30 seconds left.
|inactive|Arnauz10 has 20 seconds left.
|inactive|Arnauz10 has 15 seconds left.
|inactive|Arnauz10 has 10 seconds left.
|inactive|Arnauz10 has 5 seconds left.
|
|t:|1756633736
|switch|p2a: Ursaluna|Ursaluna, L50, F|100/100
|move|p1a: Incineroar|Fake Out||[still]
|-hint|Fake Out only works on your first turn out.
|-fail|p1a: Incineroar
|move|p2b: Charizard|Heat Wave|p1a: Incineroar|[spread] p1a,p1b
|-resisted|p1a: Incineroar
|-damage|p1a: Incineroar|1/100
|-damage|p1b: Annihilape|0 fnt
|faint|p1b: Annihilape
|
|-weather|SunnyDay|[upkeep]
|-damage|p2b: Charizard|17/100|[from] ability: Solar Power|[of] p2b: Charizard
|-status|p2a: Ursaluna|brn|[from] item: Flame Orb
|upkeep
|inactive|Arnauz10 has 30 seconds left.
|inactive|Arnauz10 has 20 seconds left.
|
|t:|1756633772
|switch|p1b: Gholdengo|Gholdengo, L50|100/100
|turn|4
|
|t:|1756633781
|switch|p2b: Jumpluff|Jumpluff, L50, M|100/100
|move|p1b: Gholdengo|Protect|p1b: Gholdengo
|-singleturn|p1b: Gholdengo|Protect
|move|p2a: Ursaluna|Earthquake|p1a: Incineroar|[spread] p1a
|-activate|p1b: Gholdengo|move: Protect
|-immune|p2b: Jumpluff
|-supereffective|p1a: Incineroar
|-damage|p1a: Incineroar|0 fnt
|faint|p1a: Incineroar
|
|-weather|SunnyDay|[upkeep]
|-damage|p2a: Ursaluna|95/100 brn|[from] brn
|-sideend|p2: Sawadaburner|move: Tailwind
|upkeep
|
|t:|1756633788
|switch|p1a: Ursaluna|Ursaluna, L50, F|100/100
|turn|5
|inactive|Arnauz10 has 30 seconds left.
|inactive|Arnauz10 has 20 seconds left.
|inactive|Arnauz10 has 15 seconds left.
|inactive|Arnauz10 has 10 seconds left.
|inactive|Arnauz10 has 5 seconds left.
|
|t:|1756633839
|-terastallize|p1b: Gholdengo|Water
|move|p1a: Ursaluna|Protect|p1a: Ursaluna
|-singleturn|p1a: Ursaluna|Protect
|move|p2b: Jumpluff|Tailwind|p2b: Jumpluff
|-sidestart|p2: Sawadaburner|move: Tailwind
|move|p2a: Ursaluna|Earthquake|p1b: Gholdengo|[spread] p1b
|-activate|p1a: Ursaluna|move: Protect
|-immune|p2b: Jumpluff
|-damage|p1b: Gholdengo|36/100
|move|p1b: Gholdengo|Make It Rain|p2b: Jumpluff|[spread] p2a,p2b
|-damage|p2a: Ursaluna|30/100 brn
|-damage|p2b: Jumpluff|30/100
|-unboost|p1b: Gholdengo|spa|1
|-damage|p1b: Gholdengo|26/100|[from] item: Life Orb
|
|-weather|SunnyDay|[upkeep]
|-damage|p2a: Ursaluna|24/100 brn|[from] brn
|-status|p1a: Ursaluna|brn|[from] item: Flame Orb
|upkeep
|turn|6
|inactive|Arnauz10 has 30 seconds left.
|inactive|Sawadaburner has 30 seconds left.
|inactive|Sawadaburner has 20 seconds left.
|inactive|Sawadaburner has 15 seconds left.
|inactive|Sawadaburner has 10 seconds left.
|inactive|Sawadaburner has 5 seconds left.
|
|t:|1756633894
|move|p1b: Gholdengo|Protect|p1b: Gholdengo
|-singleturn|p1b: Gholdengo|Protect
|move|p2b: Jumpluff|Rage Powder|p2b: Jumpluff
|-singleturn|p2b: Jumpluff|move: Rage Powder
|move|p2a: Ursaluna|Headlong Rush|p1a: Ursaluna
|-damage|p1a: Ursaluna|11/100 brn
|-unboost|p2a: Ursaluna|def|1
|-unboost|p2a: Ursaluna|spd|1
|move|p1a: Ursaluna|Earthquake|p2a: Ursaluna|[spread] p2a
|-activate|p1b: Gholdengo|move: Protect
|-immune|p2b: Jumpluff
|-damage|p2a: Ursaluna|0 fnt
|faint|p2a: Ursaluna
|
|-weather|none
|-damage|p1a: Ursaluna|5/100 brn|[from] brn
|upkeep
|
|t:|1756633899
|switch|p2a: Charizard|Charizard, L50, F|17/100
|turn|7
|inactive|Arnauz10 has 30 seconds left.
|
|t:|1756633924
|move|p1b: Gholdengo|Protect||[still]
|-fail|p1b: Gholdengo
|move|p2b: Jumpluff|Sunny Day|p2b: Jumpluff
|-weather|SunnyDay
|move|p2a: Charizard|Heat Wave|p1a: Ursaluna|[spread] p1a
|-miss|p2a: Charizard|p1b: Gholdengo
|-damage|p1a: Ursaluna|0 fnt
|faint|p1a: Ursaluna
|
|-weather|SunnyDay|[upkeep]
|-damage|p2a: Charizard|4/100|[from] ability: Solar Power|[of] p2a: Charizard
|upkeep
|turn|8
|
|t:|1756633938
|switch|p2b: Porygon2|Porygon2, L50|100/100
|-ability|p2b: Porygon2|Download|boost
|-boost|p2b: Porygon2|spa|1
|move|p1b: Gholdengo|Protect|p1b: Gholdengo
|-singleturn|p1b: Gholdengo|Protect
|move|p2a: Charizard|Heat Wave|p1b: Gholdengo
|-activate|p1b: Gholdengo|move: Protect
|
|-weather|SunnyDay|[upkeep]
|-damage|p2a: Charizard|0 fnt|[from] ability: Solar Power|[of] p2a: Charizard
|faint|p2a: Charizard
|-sideend|p2: Sawadaburner|move: Tailwind
|upkeep
|
|t:|1756633940
|switch|p2a: Jumpluff|Jumpluff, L50, M|30/100
|turn|9
|
|t:|1756633951
|move|p2a: Jumpluff|Tailwind|p2a: Jumpluff
|-sidestart|p2: Sawadaburner|move: Tailwind
|move|p2b: Porygon2|Tera Blast|p1b: Gholdengo
|-damage|p1b: Gholdengo|0 fnt
|faint|p1b: Gholdengo
|
|win|Sawadaburner
