|j|☆Acornvgc243
|j|☆Mclovingods
|html|Acornvgc243Mclovingods    
|uhtml|bestof|Game 1 of a best-of-3
|t:|1782276841
|gametype|doubles
|player|p1|Acornvgc243|170|1047
|player|p2|Mclovingods|102|1033
|gen|9
|tier|[Gen 9 Champions] VGC 2026 Reg M-B (Bo3)
|rated|
|rule|Species Clause: Limit one of each Pokémon
|rule|Item Clause: Limit 1 of each item
|clearpoke
|poke|p1|Staraptor, L50, F|
|poke|p1|Whimsicott, L50, M|
|poke|p1|Incineroar, L50, M, shiny|
|poke|p1|Gholdengo, L50|
|poke|p1|Sylveon, L50, F|
|poke|p1|Sinistcha, L50|
|poke|p2|Delphox, L50, M|
|poke|p2|Basculegion, L50, M|
|poke|p2|Sinistcha, L50|
|poke|p2|Incineroar, L50, F|
|poke|p2|Garchomp, L50, M|
|poke|p2|Staraptor, L50, M|
|teampreview|4
|showteam|p1|Staraptor||Staraptite|Intimidate|CloseCombat,Roost,BraveBird,Uturn|Adamant||F|||50|]Whimsicott||FocusSash|Prankster|Encore,DazzlingGleam,Charm,Tailwind|Bold||M|||50|]Incineroar||ChopleBerry|Intimidate|DarkestLariat,FlareBlitz,FakeOut,PartingShot|Adamant||M|||50|]Gholdengo||ColburBerry|GoodasGold|MakeItRain,ShadowBall,NastyPlot,Protect|Timid|||||50|]Sylveon||FairyFeather|Pixilate|QuickAttack,Detect,HyperVoice,HyperBeam|Sassy||F|||50|]Sinistcha||SitrusBerry|Hospitality|MatchaGotcha,LifeDew,RagePowder,TrickRoom|Relaxed|||||50|
|showteam|p2|Delphox||Delphoxite|Blaze|NastyPlot,HeatWave,Psychic,Protect|Timid||M|||50|]Basculegion||MysticWater|Adaptability|WaveCrash,AquaJet,LastRespects,Protect|Jolly||M|||50|]Sinistcha||CobaBerry|Hospitality|MatchaGotcha,RagePowder,LifeDew,TrickRoom|Calm|||||50|]Incineroar||SitrusBerry|Intimidate|FakeOut,PartingShot,FlareBlitz,DarkestLariat|Careful||F|||50|]Garchomp||LifeOrb|RoughSkin|Earthquake,DragonClaw,RockSlide,Protect|Jolly||M|||50|]Staraptor||Staraptite|Intimidate|CloseCombat,BraveBird,Protect,Roost|Jolly||M|||50|
|
|t:|1782276876
|teamsize|p1|4
|teamsize|p2|4
|start
|switch|p1a: Sylveon|Sylveon, L50, F|100/100
|switch|p1b: Gholdengo|Gholdengo, L50|100/100
|switch|p2a: Delphox|Delphox, L50, M|100/100
|switch|p2b: Sinistcha|Sinistcha, L50|100/100
|turn|1
|inactive|Battle timer is ON: inactive players will automatically lose when time's up. (requested by Mclovingods)
|
|t:|1782276917
|detailschange|p2a: Delphox|Delphox-Mega, L50, M
|-mega|p2a: Delphox|Delphox|Delphoxite
|move|p2b: Sinistcha|Rage Powder|p2b: Sinistcha
|-singleturn|p2b: Sinistcha|move: Rage Powder
|move|p2a: Delphox|Nasty Plot|p2a: Delphox
|-boost|p2a: Delphox|spa|2
|move|p1b: Gholdengo|Shadow Ball|p2b: Sinistcha
|-supereffective|p2b: Sinistcha|1
|-damage|p2b: Sinistcha|21/100
|move|p1a: Sylveon|Hyper Beam|p2b: Sinistcha
|-damage|p2b: Sinistcha|0 fnt
|-mustrecharge|p1a: Sylveon
|faint|p2b: Sinistcha
|
|upkeep
|
|t:|1782276932
|switch|p2b: Basculegion|Basculegion, L50, M|100/100
|turn|2
|
|t:|1782276939
|move|p2a: Delphox|Heat Wave|p1b: Gholdengo|[spread] p1b
|-miss|p2a: Delphox|p1a: Sylveon
|-supereffective|p1b: Gholdengo|1
|-damage|p1b: Gholdengo|0 fnt
|faint|p1b: Gholdengo
|move|p2b: Basculegion|Wave Crash|p1a: Sylveon
|-damage|p1a: Sylveon|0 fnt
|faint|p1a: Sylveon
|-damage|p2b: Basculegion|65/100|[from] Recoil
|
|upkeep
|
|t:|1782276943
|switch|p1b: Whimsicott|Whimsicott, L50, M|100/100
|switch|p1a: Staraptor|Staraptor, L50, F|100/100
|-ability|p1a: Staraptor|Intimidate|boost
|-unboost|p2a: Delphox|atk|1
|-unboost|p2b: Basculegion|atk|1
|turn|3
|
|t:|1782276958
|detailschange|p1a: Staraptor|Staraptor-Mega, L50, F
|-mega|p1a: Staraptor|Staraptor|Staraptite
|move|p1b: Whimsicott|Tailwind|p1b: Whimsicott
|-sidestart|p1: Acornvgc243|move: Tailwind
|move|p1a: Staraptor|Brave Bird|p2a: Delphox
|-damage|p2a: Delphox|0 fnt
|faint|p2a: Delphox
|-damage|p1a: Staraptor|73/100|[from] Recoil
|move|p2b: Basculegion|Last Respects|p1b: Whimsicott
|-damage|p1b: Whimsicott|48/100
|
|upkeep
|
|t:|1782276968
|switch|p2a: Incineroar|Incineroar, L50, F|100/100
|-ability|p2a: Incineroar|Intimidate|boost
|-boost|p1a: Staraptor|atk|1
|-unboost|p1b: Whimsicott|atk|1
|turn|4
|
|t:|1782276974
|move|p2a: Incineroar|Fake Out|p1a: Staraptor
|-damage|p1a: Staraptor|63/100
|move|p1b: Whimsicott|Charm|p1a: Staraptor
|-boost|p1a: Staraptor|atk|2
|cant|p1a: Staraptor|flinch
|move|p2b: Basculegion|Last Respects|p1b: Whimsicott
|-damage|p1b: Whimsicott|0 fnt
|faint|p1b: Whimsicott
|
|upkeep
|turn|5
|
|t:|1782276989
|move|p1a: Staraptor|Close Combat|p2a: Incineroar
|-supereffective|p2a: Incineroar|1
|-damage|p2a: Incineroar|0 fnt
|-boost|p1a: Staraptor|def|1
|-boost|p1a: Staraptor|spd|1
|faint|p2a: Incineroar
|move|p2b: Basculegion|Last Respects|p1a: Staraptor
|-damage|p1a: Staraptor|8/100
|
|upkeep
|turn|6
|
|t:|1782276999
|move|p2b: Basculegion|Aqua Jet|p1a: Staraptor
|-damage|p1a: Staraptor|0 fnt
|faint|p1a: Staraptor
|
|win|Mclovingods
||Mclovingods is ready for game 2.
||Acornvgc243 is ready for game 2.
|uhtml|next|Next: Game 2 of 3
