|j|☆phenomsteelers08
|j|☆nbadrose2
|html|phenomsteelers08nbadrose2    
|uhtml|bestof|Game 2 of a best-of-3
|t:|1757817376
|gametype|doubles
|player|p1|phenomsteelers08|1|1457
|player|p2|nbadrose2|bea|1475
|gen|9
|tier|[Gen 9] VGC 2025 Reg H (Bo3)
|rated|
|rule|Species Clause: Limit one of each Pokémon
|rule|Item Clause: Limit 1 of each item
|clearpoke
|poke|p1|Indeedee-F, L50, F|
|poke|p1|Whimsicott, L50, F|
|poke|p1|Annihilape, L50, F|
|poke|p1|Armarouge, L50, F|
|poke|p1|Dragapult, L50, F|
|poke|p1|Ursaluna-Bloodmoon, L50, M|
|poke|p2|Gholdengo, L50|
|poke|p2|Pawmot, L50, F|
|poke|p2|Porygon2, L50|
|poke|p2|Ursaluna, L50, F|
|poke|p2|Amoonguss, L50, F|
|poke|p2|Incineroar, L50, F|
|teampreview|4
|showteam|p1|Indeedee-F||RockyHelmet|PsychicSurge|Psychic,FollowMe,TrickRoom,Imprison|||F|||50|,,,,,Fairy]Whimsicott||FocusSash|Prankster|Moonblast,Tailwind,BeatUp,SunnyDay|||F|||50|,,,,,Ghost]Annihilape||Leftovers|Defiant|DrainPunch,RageFist,BulkUp,Protect|||F|||50|,,,,,Fairy]Armarouge||TwistedSpoon|FlashFire|ExpandingForce,HeatWave,TrickRoom,Protect|||F|||50|,,,,,Psychic]Dragapult||ChoiceBand|ClearBody|DragonDarts,Outrage,PhantomForce,Uturn|||F|||50|,,,,,Dragon]Ursaluna-Bloodmoon||SilkScarf|MindsEye|BloodMoon,HyperVoice,EarthPower,Protect|||M|||50|,,,,,Normal
|showteam|p2|Gholdengo||LifeOrb|GoodasGold|MakeItRain,ShadowBall,NastyPlot,Protect||||||50|,,,,,Water]Pawmot||FocusSash|VoltAbsorb|CloseCombat,Electroweb,DoubleShock,Protect|||F|||50|,,,,,Electric]Porygon2||Eviolite|Download|TeraBlast,IceBeam,Recover,TrickRoom||||||50|,,,,,Flying]Ursaluna||FlameOrb|Guts|Facade,HeadlongRush,Earthquake,Protect|||F|||50|,,,,,Poison]Amoonguss||SitrusBerry|Regenerator|Spore,RagePowder,PollenPuff,Protect|||F|||50|,,,,,Water]Incineroar||SafetyGoggles|Intimidate|FakeOut,FlareBlitz,KnockOff,PartingShot|||F|||50|,,,,,Ghost
|inactive|Battle timer is ON: inactive players will automatically lose when time's up. (requested by phenomsteelers08)
|inactive|phenomsteelers08 has 60 seconds left.
|inactive|nbadrose2 has 60 seconds left.
|inactive|nbadrose2 has 30 seconds left.
|inactive|nbadrose2 has 20 seconds left.
|inactive|nbadrose2 has 15 seconds left.
|inactive|nbadrose2 has 10 seconds left.
|
|t:|1757817459
|teamsize|p1|4
|teamsize|p2|4
|start
|switch|p1a: Indeedee|Indeedee-F, L50, F|100/100
|switch|p1b: Ursaluna|Ursaluna-Bloodmoon, L50, M|100/100
|switch|p2a: Gholdengo|Gholdengo, L50|100/100
|switch|p2b: Ursaluna|Ursaluna, L50, F|100/100
|-fieldstart|move: Psychic Terrain|[from] ability: Psychic Surge|[of] p1a: Indeedee
|turn|1
|inactive|nbadrose2 has 30 seconds left.
|inactive|nbadrose2 has 20 seconds left.
|inactive|nbadrose2 has 15 seconds left.
|
|t:|1757817500
|move|p2a: Gholdengo|Protect|p2a: Gholdengo
|-singleturn|p2a: Gholdengo|Protect
|move|p2b: Ursaluna|Protect|p2b: Ursaluna
|-singleturn|p2b: Ursaluna|Protect
|move|p1a: Indeedee|Follow Me|p1a: Indeedee
|-singleturn|p1a: Indeedee|move: Follow Me
|move|p1b: Ursaluna|Earth Power|p2a: Gholdengo
|-activate|p2a: Gholdengo|move: Protect
|
|-status|p2b: Ursaluna|brn|[from] item: Flame Orb
|upkeep
|turn|2
|inactive|nbadrose2 has 30 seconds left.
|inactive|nbadrose2 has 20 seconds left.
|inactive|nbadrose2 has 15 seconds left.
|inactive|nbadrose2 has 10 seconds left.
|
|t:|1757817548
|-terastallize|p1b: Ursaluna|Normal
|move|p2a: Gholdengo|Make It Rain|p1a: Indeedee|[spread] p1a,p1b
|-damage|p1a: Indeedee|40/100
|-damage|p1b: Ursaluna|31/100
|-unboost|p2a: Gholdengo|spa|1
|-damage|p2a: Gholdengo|91/100|[from] item: Life Orb
|move|p1b: Ursaluna|Blood Moon|p2b: Ursaluna
|-damage|p2b: Ursaluna|0 fnt
|faint|p2b: Ursaluna
|move|p1a: Indeedee|Trick Room|p1a: Indeedee
|-fieldstart|move: Trick Room|[of] p1a: Indeedee
|
|upkeep
|
|t:|1757817558
|switch|p2b: Porygon2|Porygon2, L50|100/100
|-ability|p2b: Porygon2|Download|boost
|-boost|p2b: Porygon2|spa|1
|turn|3
|inactive|phenomsteelers08 has 30 seconds left.
|
|t:|1757817592
|switch|p2a: Amoonguss|Amoonguss, L50, F|100/100
|move|p1a: Indeedee|Follow Me|p1a: Indeedee
|-singleturn|p1a: Indeedee|move: Follow Me
|move|p2b: Porygon2|Tera Blast|p1a: Indeedee
|-damage|p1a: Indeedee|0 fnt
|faint|p1a: Indeedee
|move|p1b: Ursaluna|Earth Power|p2a: Amoonguss
|-damage|p2a: Amoonguss|54/100
|
|upkeep
|
|t:|1757817605
|switch|p1a: Annihilape|Annihilape, L50, F|100/100
|turn|4
|
|t:|1757817619
|move|p1b: Ursaluna|Protect|p1b: Ursaluna
|-singleturn|p1b: Ursaluna|Protect
|move|p1a: Annihilape|Protect|p1a: Annihilape
|-singleturn|p1a: Annihilape|Protect
|move|p2a: Amoonguss|Spore|p1a: Annihilape
|-activate|p1a: Annihilape|move: Protect
|move|p2b: Porygon2|Tera Blast|p1b: Ursaluna
|-activate|p1b: Ursaluna|move: Protect
|
|upkeep
|turn|5
|
|t:|1757817633
|switch|p1b: Whimsicott|Whimsicott, L50, F|100/100
|move|p2a: Amoonguss|Spore|p1a: Annihilape
|-status|p1a: Annihilape|slp|[from] move: Spore
|move|p2b: Porygon2|Tera Blast|p1b: Whimsicott
|-crit|p1b: Whimsicott
|-enditem|p1b: Whimsicott|Focus Sash
|-damage|p1b: Whimsicott|1/100
|cant|p1a: Annihilape|slp
|
|-fieldend|move: Psychic Terrain
|upkeep
|turn|6
|inactive|nbadrose2 has 30 seconds left.
|inactive|nbadrose2 has 20 seconds left.
|inactive|nbadrose2 has 15 seconds left.
|
|t:|1757817674
|switch|p2a: Gholdengo|Gholdengo, L50|91/100
|-terastallize|p2b: Porygon2|Flying
|move|p1b: Whimsicott|Tailwind|p1b: Whimsicott
|-sidestart|p1: phenomsteelers08|move: Tailwind
|move|p2b: Porygon2|Tera Blast|p1b: Whimsicott|[anim] Tera Blast Flying
|-supereffective|p1b: Whimsicott
|-damage|p1b: Whimsicott|0 fnt
|faint|p1b: Whimsicott
|cant|p1a: Annihilape|slp
|
|-fieldend|move: Trick Room
|upkeep
|
|t:|1757817684
|switch|p1b: Ursaluna|Ursaluna-Bloodmoon, L50, M, tera:Normal|31/100
|turn|7
|inactive|nbadrose2 has 30 seconds left.
|
|t:|1757817724
|-curestatus|p1a: Annihilape|slp|[msg]
|move|p1a: Annihilape|Rage Fist|p2b: Porygon2
|-damage|p2b: Porygon2|86/100
|move|p1b: Ursaluna|Blood Moon|p2b: Porygon2
|-damage|p2b: Porygon2|0 fnt
|faint|p2b: Porygon2
|move|p2a: Gholdengo|Make It Rain|p1a: Annihilape|[spread] p1a,p1b
|-damage|p1a: Annihilape|35/100
|-damage|p1b: Ursaluna|0 fnt
|-unboost|p2a: Gholdengo|spa|1
|faint|p1b: Ursaluna
|-damage|p2a: Gholdengo|81/100|[from] item: Life Orb
|
|-heal|p1a: Annihilape|42/100|[from] item: Leftovers
|upkeep
|
|t:|1757817736
|switch|p2b: Amoonguss|Amoonguss, L50, F|87/100
|turn|8
|
|t:|1757817742
|move|p1a: Annihilape|Protect|p1a: Annihilape
|-singleturn|p1a: Annihilape|Protect
|move|p2b: Amoonguss|Rage Powder|p2b: Amoonguss
|-singleturn|p2b: Amoonguss|move: Rage Powder
|move|p2a: Gholdengo|Shadow Ball|p1a: Annihilape
|-activate|p1a: Annihilape|move: Protect
|
|-heal|p1a: Annihilape|48/100|[from] item: Leftovers
|upkeep
|turn|9
|
|t:|1757817751
|move|p2b: Amoonguss|Rage Powder|p2b: Amoonguss
|-singleturn|p2b: Amoonguss|move: Rage Powder
|move|p1a: Annihilape|Bulk Up|p1a: Annihilape
|-boost|p1a: Annihilape|atk|1
|-boost|p1a: Annihilape|def|1
|move|p2a: Gholdengo|Shadow Ball|p1a: Annihilape
|-supereffective|p1a: Annihilape
|-damage|p1a: Annihilape|0 fnt
|faint|p1a: Annihilape
|-damage|p2a: Gholdengo|71/100|[from] item: Life Orb
|
|win|nbadrose2
||phenomsteelers08 is ready for game 3.
||nbadrose2 is ready for game 3.
|uhtml|next|Next: Game 3 of 3
