|j|☆daviduv
|j|☆Panexeri
|html|daviduvPanexeri    
|uhtml|bestof|Game 1 of a best-of-3
|t:|1756988842
|gametype|doubles
|player|p1|daviduv|blackbelt|1104
|player|p2|Panexeri|guitarist|1098
|gen|9
|tier|[Gen 9] VGC 2025 Reg H (Bo3)
|rated|
|rule|Species Clause: Limit one of each Pokémon
|rule|Item Clause: Limit 1 of each item
|clearpoke
|poke|p1|Meowscarada, L50, F|
|poke|p1|Pawmot, L50, M|
|poke|p1|Gholdengo, L50|
|poke|p1|Incineroar, L50, F|
|poke|p1|Dondozo, L50, F|
|poke|p1|Tatsugiri, L50, M|
|poke|p2|Incineroar, L50, M|
|poke|p2|Amoonguss, L50, F|
|poke|p2|Sneasler, L50, M|
|poke|p2|Gholdengo, L50|
|poke|p2|Porygon2, L50|
|poke|p2|Ursaluna, L50, F|
|teampreview|4
|showteam|p1|Meowscarada||ChoiceBand|Overgrow|FlowerTrick,KnockOff,SuckerPunch,Uturn|||F|||50|,,,,,Ghost]Pawmot||FocusSash|NaturalCure|Protect,DoubleShock,CloseCombat,FakeOut|||M|||50|,,,,,Electric]Gholdengo||LifeOrb|GoodasGold|Protect,MakeItRain,ShadowBall,NastyPlot||||||50|,,,,,Water]Incineroar||AssaultVest|Intimidate|FakeOut,KnockOff,Uturn,FlareBlitz|||F|||50|,,,,,Grass]Dondozo||ChestoBerry|Unaware|WaveCrash,OrderUp,Earthquake,Rest|||F|||50|,,,,,Dragon]Tatsugiri||ChoiceScarf|Commander|DracoMeteor,MuddyWater,IcyWind,Soak|||M|||50|,,,,,Dragon
|showteam|p2|Incineroar||SafetyGoggles|Intimidate|FlareBlitz,KnockOff,PartingShot,FakeOut|||M|||50|,,,,,Ghost]Amoonguss||RockyHelmet|Regenerator|Protect,PollenPuff,RagePowder,Spore|||F|||50|,,,,,Water]Sneasler||FocusSash|Unburden|DireClaw,CloseCombat,ThroatChop,Protect|||M|||50|,,,,,Dark]Gholdengo||LifeOrb|GoodasGold|Protect,NastyPlot,MakeItRain,ShadowBall||||||50|,,,,,Dragon]Porygon2||Eviolite|Download|TeraBlast,IceBeam,Recover,TrickRoom||||||50|,,,,,Fighting]Ursaluna||FlameOrb|Guts|Protect,Facade,HeadlongRush,Substitute|||F|||50|,,,,,Ghost
|
|t:|1756988884
|teamsize|p1|4
|teamsize|p2|4
|start
|switch|p1a: Pawmot|Pawmot, L50, M|100/100
|switch|p1b: Tatsugiri|Tatsugiri, L50, M|100/100
|switch|p2a: Incineroar|Incineroar, L50, M, shiny|100/100
|switch|p2b: Porygon2|Porygon2, L50|100/100
|-ability|p2a: Incineroar|Intimidate|boost
|-unboost|p1a: Pawmot|atk|1
|-unboost|p1b: Tatsugiri|atk|1
|-ability|p2b: Porygon2|Download|boost
|-boost|p2b: Porygon2|atk|1
|turn|1
|
|t:|1756988914
|switch|p1a: Dondozo|Dondozo, L50, F|100/100
|-activate|p1b: Tatsugiri|ability: Commander|[of] p1a: Dondozo
|-boost|p1a: Dondozo|atk|2
|-boost|p1a: Dondozo|spa|2
|-boost|p1a: Dondozo|spe|2
|-boost|p1a: Dondozo|def|2
|-boost|p1a: Dondozo|spd|2
|switch|p2a: Amoonguss|Amoonguss, L50, F, shiny|100/100
|move|p2b: Porygon2|Trick Room|p2b: Porygon2
|-fieldstart|move: Trick Room|[of] p2b: Porygon2
|
|upkeep
|turn|2
|
|t:|1756988958
|move|p2a: Amoonguss|Spore|p1a: Dondozo
|-status|p1a: Dondozo|slp|[from] move: Spore
|-enditem|p1a: Dondozo|Chesto Berry|[eat]
|-curestatus|p1a: Dondozo|slp|[msg]
|move|p2b: Porygon2|Tera Blast|p1a: Dondozo
|-damage|p1a: Dondozo|82/100
|move|p1a: Dondozo|Earthquake|p2b: Porygon2|[spread] p2a,p2b
|-miss|p1a: Dondozo|p1b: Tatsugiri
|-damage|p2a: Amoonguss|64/100
|-damage|p2b: Porygon2|75/100
|
|upkeep
|turn|3
|
|t:|1756988979
|switch|p2b: Ursaluna|Ursaluna, L50, F, shiny|100/100
|move|p2a: Amoonguss|Spore|p1a: Dondozo
|-status|p1a: Dondozo|slp|[from] move: Spore
|cant|p1a: Dondozo|slp
|
|-status|p2b: Ursaluna|brn|[from] item: Flame Orb
|upkeep
|turn|4
|
|t:|1756988991
|-terastallize|p1a: Dondozo|Dragon
|move|p2a: Amoonguss|Rage Powder|p2a: Amoonguss
|-singleturn|p2a: Amoonguss|move: Rage Powder
|move|p2b: Ursaluna|Facade|p1a: Dondozo
|-damage|p1a: Dondozo|45/100 slp
|cant|p1a: Dondozo|slp
|
|-damage|p2b: Ursaluna|95/100 brn|[from] brn
|upkeep
|turn|5
|
|t:|1756989013
|move|p2a: Amoonguss|Rage Powder|p2a: Amoonguss
|-singleturn|p2a: Amoonguss|move: Rage Powder
|move|p2b: Ursaluna|Facade|p1a: Dondozo
|-damage|p1a: Dondozo|3/100 slp
|cant|p1a: Dondozo|slp
|
|-damage|p2b: Ursaluna|89/100 brn|[from] brn
|-fieldend|move: Trick Room
|upkeep
|turn|6
|
|t:|1756989045
|switch|p2a: Incineroar|Incineroar, L50, M, shiny|100/100
|-ability|p2a: Incineroar|Intimidate|boost
|-unboost|p1a: Dondozo|atk|1
|-unboost|p1b: Tatsugiri|atk|1
|move|p2b: Ursaluna|Protect|p2b: Ursaluna
|-singleturn|p2b: Ursaluna|Protect
|-curestatus|p1a: Dondozo|slp|[msg]
|move|p1a: Dondozo|Order Up|p2a: Incineroar
|-damage|p2a: Incineroar|49/100
|-boost|p1a: Dondozo|atk|1
|
|-damage|p2b: Ursaluna|83/100 brn|[from] brn
|upkeep
|turn|7
|
|t:|1756989067
|move|p2a: Incineroar|Fake Out|p1a: Dondozo
|-damage|p1a: Dondozo|0 fnt
|faint|p1a: Dondozo
|move|p2b: Ursaluna|Facade|p1b: Tatsugiri
|-damage|p1b: Tatsugiri|0 fnt
|faint|p1b: Tatsugiri
|
|-damage|p2b: Ursaluna|77/100 brn|[from] brn
|upkeep
|
|t:|1756989075
|switch|p1b: Meowscarada|Meowscarada, L50, F|100/100
|switch|p1a: Pawmot|Pawmot, L50, M|100/100
|turn|8
|
|t:|1756989095
|switch|p2b: Amoonguss|Amoonguss, L50, F, shiny|97/100
|move|p1b: Meowscarada|Flower Trick|p2b: Amoonguss
|-resisted|p2b: Amoonguss
|-crit|p2b: Amoonguss
|-damage|p2b: Amoonguss|82/100
|move|p1a: Pawmot|Close Combat|p2a: Incineroar
|-supereffective|p2a: Incineroar
|-damage|p2a: Incineroar|0 fnt
|-unboost|p1a: Pawmot|def|1
|-unboost|p1a: Pawmot|spd|1
|faint|p2a: Incineroar
|
|upkeep
|
|t:|1756989107
|switch|p2a: Porygon2|Porygon2, L50|75/100
|-ability|p2a: Porygon2|Download|boost
|-boost|p2a: Porygon2|spa|1
|turn|9
|
|t:|1756989135
|move|p1b: Meowscarada|Flower Trick|p2a: Porygon2
|-crit|p2a: Porygon2
|-damage|p2a: Porygon2|31/100
|move|p1a: Pawmot|Close Combat|p2a: Porygon2
|-supereffective|p2a: Porygon2
|-damage|p2a: Porygon2|0 fnt
|-unboost|p1a: Pawmot|def|1
|-unboost|p1a: Pawmot|spd|1
|faint|p2a: Porygon2
|move|p2b: Amoonguss|Pollen Puff|p1b: Meowscarada
|-supereffective|p1b: Meowscarada
|-damage|p1b: Meowscarada|0 fnt
|faint|p1b: Meowscarada
|
|upkeep
|
|t:|1756989148
|switch|p2a: Ursaluna|Ursaluna, L50, F, shiny|77/100 brn
|turn|10
|-message|daviduv forfeited.
|
|win|Panexeri
|l|☆daviduv
|player|p1|
||daviduv is ready for game 2.
||Panexeri is ready for game 2.
|uhtml|next|Next: Game 2 of 3
