|j|☆sessoepalle
|j|☆elmono11
|html|sessoepalleelmono11    
|uhtml|bestof|Game 1 of a best-of-3
|t:|1785949392
|gametype|doubles
|player|p1|sessoepalle|lance|1346
|player|p2|elmono11|1|1400
|gen|9
|tier|[Gen 9 Champions] VGC 2026 Reg M-B (Bo3)
|rated|
|rule|Species Clause: Limit one of each Pokémon
|rule|Item Clause: Limit 1 of each item
|clearpoke
|poke|p1|Charizard, L50, M|
|poke|p1|Kingambit, L50, M|
|poke|p1|Raichu, L50, M|
|poke|p1|Basculegion, L50, M|
|poke|p1|Whimsicott, L50, M|
|poke|p1|Garchomp, L50, F|
|poke|p2|Kingambit, L50, M|
|poke|p2|Sneasler, L50, F|
|poke|p2|Froslass, L50, F|
|poke|p2|Lycanroc-Dusk, L50, M|
|poke|p2|Basculegion, L50, M|
|poke|p2|Scovillain, L50, F|
|teampreview|4
|showteam|p1|Charizard||CharizarditeY|Blaze|HeatWave,WeatherBall,SolarBeam,Protect|Modest||M|||50|]Kingambit||ChopleBerry|Defiant|IronHead,KowtowCleave,SuckerPunch,LowKick|Adamant||M|||50|]Raichu||RaichuniteY|LightningRod|FakeOut,ZapCannon,FocusBlast,Protect|Modest||M|||50|]Basculegion||LifeOrb|Adaptability|LastRespects,AquaJet,WaveCrash,Protect|Adamant||M|||50|]Whimsicott||FocusSash|Prankster|Moonblast,Tailwind,Encore,Protect|Timid||M|||50|]Garchomp||RoseliBerry|RoughSkin|DragonClaw,Earthquake,PoisonJab,RockSlide|Jolly||F|||50|
|showteam|p2|Kingambit||LifeOrb|Defiant|KowtowCleave,SuckerPunch,SwordsDance,Protect|Adamant||M|||50|]Sneasler||WhiteHerb|Unburden|FakeOut,CloseCombat,DireClaw,Protect|Adamant||F|||50|]Froslass||Froslassite|SnowCloak|Blizzard,ShadowBall,Thunderbolt,Protect|Timid||F|||50|]Lycanroc-Dusk||FocusSash|ToughClaws|CloseCombat,RockSlide,Accelerock,Protect|Adamant||M|||50|]Basculegion||MysticWater|Adaptability|LastRespects,AquaJet,WaveCrash,Protect|Adamant||M|||50|]Scovillain||Scovillainite|Moody|Overheat,GigaDrain,RagePowder,Protect|Bold||F|||50|
|inactive|Battle timer is ON: inactive players will automatically lose when time's up. (requested by elmono11)
|inactive|elmono11 has 60 seconds left.
|
|t:|1785949451
|teamsize|p1|4
|teamsize|p2|4
|start
|switch|p1a: Charizard|Charizard, L50, M|100/100
|switch|p1b: Garchomp|Garchomp, L50, F|100/100
|switch|p2a: Scovillain|Scovillain, L50, F|100/100
|switch|p2b: Kingambit|Kingambit, L50, M|100/100
|turn|1
|inactive|elmono11 has 30 seconds left.
|inactive|elmono11 has 20 seconds left.
|
|t:|1785949489
|detailschange|p1a: Charizard|Charizard-Mega-Y, L50, M
|-mega|p1a: Charizard|Charizard|Charizardite Y
|-weather|SunnyDay|[from] ability: Drought|[of] p1a: Charizard
|detailschange|p2a: Scovillain|Scovillain-Mega, L50, F
|-mega|p2a: Scovillain|Scovillain|Scovillainite
|move|p2b: Kingambit|Protect|p2b: Kingambit
|-singleturn|p2b: Kingambit|Protect
|move|p1b: Garchomp|Poison Jab|p2a: Scovillain
|-supereffective|p2a: Scovillain|1
|-damage|p2a: Scovillain|52/100
|-status|p1b: Garchomp|brn|[from] ability: Spicy Spray|[of] p2a: Scovillain
|move|p1a: Charizard|Heat Wave|p2b: Kingambit|[spread] p2a
|-activate|p2b: Kingambit|move: Protect
|-damage|p2a: Scovillain|0 fnt
|-immune|p1a: Charizard
|faint|p2a: Scovillain
|
|-weather|SunnyDay|[upkeep]
|-damage|p1b: Garchomp|94/100 brn|[from] brn
|upkeep
|
|t:|1785949494
|switch|p2a: Lycanroc|Lycanroc-Dusk, L50, M|100/100
|turn|2
|inactive|sessoepalle has 30 seconds left.
|
|t:|1785949519
|switch|p1a: Kingambit|Kingambit, L50, M|100/100
|move|p2a: Lycanroc|Protect|p2a: Lycanroc
|-singleturn|p2a: Lycanroc|Protect
|move|p1b: Garchomp|Poison Jab|p2a: Lycanroc
|-activate|p2a: Lycanroc|move: Protect
|move|p2b: Kingambit|Swords Dance|p2b: Kingambit
|-boost|p2b: Kingambit|atk|2
|
|-weather|SunnyDay|[upkeep]
|-damage|p1b: Garchomp|88/100 brn|[from] brn
|upkeep
|turn|3
|
|t:|1785949533
|move|p2b: Kingambit|Sucker Punch|p1a: Kingambit
|-resisted|p1a: Kingambit|1
|-damage|p1a: Kingambit|66/100
|-damage|p2b: Kingambit|90/100|[from] item: Life Orb
|move|p1b: Garchomp|Poison Jab|p2a: Lycanroc
|-resisted|p2a: Lycanroc|1
|-damage|p2a: Lycanroc|88/100
|move|p2a: Lycanroc|Close Combat|p1a: Kingambit
|-supereffective|p1a: Kingambit|2
|-enditem|p1a: Kingambit|Chople Berry|[eat]
|-enditem|p1a: Kingambit|Chople Berry|[weaken]
|-damage|p1a: Kingambit|0 fnt
|-unboost|p2a: Lycanroc|def|1
|-unboost|p2a: Lycanroc|spd|1
|faint|p1a: Kingambit
|
|-weather|SunnyDay|[upkeep]
|-damage|p1b: Garchomp|82/100 brn|[from] brn
|upkeep
|
|t:|1785949547
|switch|p1a: Basculegion|Basculegion, L50, M|100/100
|turn|4
|
|t:|1785949564
|switch|p2a: Sneasler|Sneasler, L50, F|100/100
|move|p1a: Basculegion|Aqua Jet|p2a: Sneasler
|-damage|p2a: Sneasler|79/100
|-damage|p1a: Basculegion|90/100|[from] item: Life Orb
|move|p1b: Garchomp|Rock Slide|p2b: Kingambit|[spread] p2a,p2b
|-resisted|p2a: Sneasler|1
|-resisted|p2b: Kingambit|1
|-damage|p2a: Sneasler|72/100
|-damage|p2b: Kingambit|86/100
|cant|p2b: Kingambit|flinch
|
|-weather|SunnyDay|[upkeep]
|-damage|p1b: Garchomp|76/100 brn|[from] brn
|upkeep
|turn|5
|
|t:|1785949584
|move|p1a: Basculegion|Protect|p1a: Basculegion
|-singleturn|p1a: Basculegion|Protect
|move|p2a: Sneasler|Fake Out|p1b: Garchomp
|-damage|p1b: Garchomp|62/100 brn
|-damage|p2a: Sneasler|60/100|[from] ability: Rough Skin|[of] p1b: Garchomp
|cant|p1b: Garchomp|flinch
|move|p2b: Kingambit|Kowtow Cleave|p1a: Basculegion
|-activate|p1a: Basculegion|move: Protect
|
|-weather|none
|-damage|p1b: Garchomp|56/100 brn|[from] brn
|upkeep
|turn|6
|inactive|elmono11 has 30 seconds left.
|
|t:|1785949618
|move|p2b: Kingambit|Protect|p2b: Kingambit
|-singleturn|p2b: Kingambit|Protect
|move|p1b: Garchomp|Earthquake|p2b: Kingambit|[spread] p1a,p2a
|-activate|p2b: Kingambit|move: Protect
|-supereffective|p2a: Sneasler|1
|-damage|p1a: Basculegion|70/100
|-damage|p2a: Sneasler|13/100
|move|p2a: Sneasler|Close Combat|p1b: Garchomp
|-damage|p1b: Garchomp|0 fnt
|-unboost|p2a: Sneasler|def|1
|-unboost|p2a: Sneasler|spd|1
|-damage|p2a: Sneasler|1/100|[from] ability: Rough Skin|[of] p1b: Garchomp
|faint|p1b: Garchomp
|-enditem|p2a: Sneasler|White Herb
|-clearnegativeboost|p2a: Sneasler|[silent]
|move|p1a: Basculegion|Wave Crash|p2b: Kingambit
|-activate|p2b: Kingambit|move: Protect
|
|upkeep
|
|t:|1785949632
|switch|p1b: Charizard|Charizard-Mega-Y, L50, M|100/100
|-weather|SunnyDay|[from] ability: Drought|[of] p1b: Charizard
|turn|7
|
|t:|1785949640
|switch|p2a: Lycanroc|Lycanroc-Dusk, L50, M|88/100
|move|p1a: Basculegion|Aqua Jet|p2a: Lycanroc
|-supereffective|p2a: Lycanroc|1
|-damage|p2a: Lycanroc|29/100
|-damage|p1a: Basculegion|60/100|[from] item: Life Orb
|move|p2b: Kingambit|Sucker Punch|p1b: Charizard
|-damage|p1b: Charizard|1/100
|-damage|p2b: Kingambit|77/100|[from] item: Life Orb
|move|p1b: Charizard|Weather Ball|p2b: Kingambit
|-supereffective|p2b: Kingambit|1
|-damage|p2b: Kingambit|0 fnt
|faint|p2b: Kingambit
|
|-weather|SunnyDay|[upkeep]
|upkeep
|
|t:|1785949654
|switch|p2b: Sneasler|Sneasler, L50, F|1/100
|turn|8
|
|t:|1785949678
|move|p1b: Charizard|Protect|p1b: Charizard
|-singleturn|p1b: Charizard|Protect
|move|p1a: Basculegion|Protect|p1a: Basculegion
|-singleturn|p1a: Basculegion|Protect
|move|p2a: Lycanroc|Accelerock|p1b: Charizard
|-activate|p1b: Charizard|move: Protect
|move|p2b: Sneasler|Dire Claw|p1a: Basculegion
|-activate|p1a: Basculegion|move: Protect
|
|-weather|SunnyDay|[upkeep]
|upkeep
|turn|9
|
|t:|1785949691
|move|p2b: Sneasler|Protect|p2b: Sneasler
|-singleturn|p2b: Sneasler|Protect
|move|p1a: Basculegion|Aqua Jet|p2a: Lycanroc
|-supereffective|p2a: Lycanroc|1
|-damage|p2a: Lycanroc|0 fnt
|faint|p2a: Lycanroc
|-damage|p1a: Basculegion|50/100g|[from] item: Life Orb
|move|p1b: Charizard|Weather Ball|p2b: Sneasler
|-activate|p2b: Sneasler|move: Protect
|
|-weather|SunnyDay|[upkeep]
|upkeep
|turn|10
|-message|elmono11 forfeited.
|
|win|sessoepalle
