|j|☆Arnauz10
|j|‽Sawadaburner
|html|Arnauz10Sawadaburner    
|uhtml|bestof|Game 3 of a best-of-3
|t:|1756633955
|gametype|doubles
|player|p1|Arnauz10|ghetsis|1123
|player|p2|Sawadaburner|102|1287
|gen|9
|tier|[Gen 9] VGC 2025 Reg H (Bo3)
|rated|
|rule|Species Clause: Limit one of each Pokémon
|rule|Item Clause: Limit 1 of each item
|clearpoke
|poke|p1|Annihilape, L50, M|
|poke|p1|Dragonite, L50, F|
|poke|p1|Gholdengo, L50|
|poke|p1|Porygon2, L50|
|poke|p1|Ursaluna, L50, F|
|poke|p1|Incineroar, L50, F|
|poke|p2|Porygon2, L50|
|poke|p2|Incineroar, L50, M|
|poke|p2|Ursaluna, L50, F|
|poke|p2|Jumpluff, L50, M|
|poke|p2|Charizard, L50, F|
|poke|p2|Torkoal, L50, F|
|teampreview|4
|showteam|p1|Annihilape||FocusSash|Defiant|RageFist,CloseCombat,Coaching,Taunt|||M|||50|,,,,,Stellar]Dragonite||LoadedDice|Multiscale|ScaleShot,Haze,Tailwind,Protect|||F|||50|,,,,,Fairy]Gholdengo||LifeOrb|GoodasGold|ShadowBall,MakeItRain,NastyPlot,Protect||||||50|,,,,,Water]Porygon2||Eviolite|Download|IceBeam,TeraBlast,Recover,TrickRoom||||||50|,,,,,Fighting]Ursaluna||FlameOrb|Guts|Facade,Earthquake,HeadlongRush,Protect|||F|||50|,,,,,Ghost]Incineroar||SafetyGoggles|Intimidate|FakeOut,KnockOff,FlareBlitz,PartingShot|||F|||50|,,,,,Ghost
|showteam|p2|Porygon2||Eviolite|Download|TeraBlast,IceBeam,TrickRoom,Recover||||||50|,,,,,Fighting]Incineroar||SitrusBerry|Intimidate|FakeOut,KnockOff,FlareBlitz,PartingShot|||M|||50|,,,,,Ghost]Ursaluna||FlameOrb|Guts|HeadlongRush,Facade,Earthquake,Protect|||F|||50|,,,,,Ghost]Jumpluff||CovertCloak|Chlorophyll|RagePowder,SunnyDay,Tailwind,SleepPowder|||M|||50|,,,,,Water]Charizard||ChoiceSpecs|SolarPower|HeatWave,Overheat,WeatherBall,AirSlash|||F|||50|,,,,,Ghost]Torkoal||EjectPack|Drought|Overheat,Eruption,HelpingHand,Protect|||F|||50|,,,,,Fire
|
|t:|1756633968
|teamsize|p1|4
|teamsize|p2|4
|start
|switch|p1a: Annihilape|Annihilape, L50, M|100/100
|switch|p1b: Incineroar|Incineroar, L50, F|100/100
|switch|p2a: Jumpluff|Jumpluff, L50, M|100/100
|switch|p2b: Charizard|Charizard, L50, F|100/100
|-ability|p1b: Incineroar|Intimidate|boost
|-unboost|p2a: Jumpluff|atk|1
|-unboost|p2b: Charizard|atk|1
|turn|1
|
|t:|1756634001
|switch|p2b: Ursaluna|Ursaluna, L50, F|100/100
|-terastallize|p2a: Jumpluff|Water
|move|p2a: Jumpluff|Sleep Powder|p1a: Annihilape|[miss]
|-miss|p2a: Jumpluff|p1a: Annihilape
|move|p1a: Annihilape|Coaching|p1b: Incineroar
|-boost|p1b: Incineroar|atk|1
|-boost|p1b: Incineroar|def|1
|move|p1b: Incineroar|Flare Blitz|p2a: Jumpluff
|-resisted|p2a: Jumpluff
|-damage|p2a: Jumpluff|60/100
|-damage|p1b: Incineroar|90/100|[from] Recoil
|
|-status|p2b: Ursaluna|brn|[from] item: Flame Orb
|upkeep
|turn|2
|
|t:|1756634026
|move|p2a: Jumpluff|Sleep Powder|p1a: Annihilape
|-status|p1a: Annihilape|slp|[from] move: Sleep Powder
|cant|p1a: Annihilape|slp
|move|p1b: Incineroar|Knock Off|p2a: Jumpluff
|-damage|p2a: Jumpluff|0 fnt
|-enditem|p2a: Jumpluff|Covert Cloak|[from] move: Knock Off|[of] p1b: Incineroar
|faint|p2a: Jumpluff
|move|p2b: Ursaluna|Facade|p1b: Incineroar
|-damage|p1b: Incineroar|25/100
|
|-damage|p2b: Ursaluna|95/100 brn|[from] brn
|upkeep
|
|t:|1756634034
|switch|p2a: Porygon2|Porygon2, L50|100/100
|-ability|p2a: Porygon2|Download|boost
|-boost|p2a: Porygon2|spa|1
|turn|3
|
|t:|1756634059
|-curestatus|p1a: Annihilape|slp|[msg]
|move|p1a: Annihilape|Close Combat|p2b: Ursaluna
|-supereffective|p2b: Ursaluna
|-damage|p2b: Ursaluna|18/100 brn
|-unboost|p1a: Annihilape|def|1
|-unboost|p1a: Annihilape|spd|1
|move|p1b: Incineroar|Parting Shot|p2b: Ursaluna
|-unboost|p2b: Ursaluna|atk|1
|-unboost|p2b: Ursaluna|spa|1
|
|t:|1756634069
|switch|p1b: Ursaluna|Ursaluna, L50, F|100/100|[from] Parting Shot
|move|p2b: Ursaluna|Earthquake|p1b: Ursaluna|[spread] p2a,p1a,p1b
|-crit|p2a: Porygon2
|-damage|p2a: Porygon2|36/100
|-damage|p1a: Annihilape|25/100
|-damage|p1b: Ursaluna|66/100
|move|p2a: Porygon2|Ice Beam|p1a: Annihilape
|-damage|p1a: Annihilape|0 fnt
|faint|p1a: Annihilape
|
|-damage|p2b: Ursaluna|13/100 brn|[from] brn
|-status|p1b: Ursaluna|brn|[from] item: Flame Orb
|upkeep
|
|t:|1756634081
|switch|p1a: Gholdengo|Gholdengo, L50|100/100
|turn|4
|
|t:|1756634120
|move|p2b: Ursaluna|Protect|p2b: Ursaluna
|-singleturn|p2b: Ursaluna|Protect
|move|p1a: Gholdengo|Make It Rain|p2b: Ursaluna|[spread] p2a
|-activate|p2b: Ursaluna|move: Protect
|-damage|p2a: Porygon2|0 fnt
|-unboost|p1a: Gholdengo|spa|1
|faint|p2a: Porygon2
|-damage|p1a: Gholdengo|91/100|[from] item: Life Orb
|move|p1b: Ursaluna|Facade|p2b: Ursaluna
|-activate|p2b: Ursaluna|move: Protect
|
|-damage|p1b: Ursaluna|60/100 brn|[from] brn
|-damage|p2b: Ursaluna|7/100 brn|[from] brn
|upkeep
|
|t:|1756634123
|switch|p2a: Charizard|Charizard, L50, F|100/100
|turn|5
|
|t:|1756634159
|switch|p1b: Incineroar|Incineroar, L50, F|25/100
|-ability|p1b: Incineroar|Intimidate|boost
|-unboost|p2a: Charizard|atk|1
|-unboost|p2b: Ursaluna|atk|1
|-terastallize|p1a: Gholdengo|Water
|move|p2a: Charizard|Heat Wave|p1a: Gholdengo|[spread] p1a,p1b
|-resisted|p1a: Gholdengo
|-resisted|p1b: Incineroar
|-damage|p1a: Gholdengo|68/100
|-damage|p1b: Incineroar|2/100
|move|p1a: Gholdengo|Nasty Plot|p1a: Gholdengo
|-boost|p1a: Gholdengo|spa|2
|move|p2b: Ursaluna|Earthquake|p1a: Gholdengo|[spread] p1a,p1b
|-immune|p2a: Charizard
|-supereffective|p1b: Incineroar
|-damage|p1a: Gholdengo|37/100
|-damage|p1b: Incineroar|0 fnt
|faint|p1b: Incineroar
|
|-damage|p2b: Ursaluna|1/100 brn|[from] brn
|upkeep
|
|t:|1756634172
|switch|p1b: Ursaluna|Ursaluna, L50, F|60/100 brn
|turn|6
|
|t:|1756634179
|move|p1a: Gholdengo|Protect|p1a: Gholdengo
|-singleturn|p1a: Gholdengo|Protect
|move|p1b: Ursaluna|Protect|p1b: Ursaluna
|-singleturn|p1b: Ursaluna|Protect
|move|p2a: Charizard|Heat Wave|p1b: Ursaluna|[spread] 
|-activate|p1a: Gholdengo|move: Protect
|-activate|p1b: Ursaluna|move: Protect
|move|p2b: Ursaluna|Facade|p1b: Ursaluna
|-activate|p1b: Ursaluna|move: Protect
|
|-damage|p1b: Ursaluna|54/100 brn|[from] brn
|-damage|p2b: Ursaluna|0 fnt|[from] brn
|faint|p2b: Ursaluna
|upkeep
|turn|7
|
|t:|1756634201
|move|p2a: Charizard|Heat Wave|p1b: Ursaluna|[spread] p1a
|-miss|p2a: Charizard|p1b: Ursaluna
|-resisted|p1a: Gholdengo
|-damage|p1a: Gholdengo|10/100
|move|p1a: Gholdengo|Shadow Ball|p2a: Charizard
|-damage|p2a: Charizard|0 fnt
|faint|p2a: Charizard
|-damage|p1a: Gholdengo|0 fnt|[from] item: Life Orb
|faint|p1a: Gholdengo
|
|win|Arnauz10
|raw|Arnauz10's rating: 1123 → 1159(+36 for winning)
|raw|Sawadaburner's rating: 1287 → 1251(-36 for losing)
