|j|☆TheLeoj
|j|☆vicburgos
|html|TheLeojvicburgos    
|uhtml|bestof|Game 1 of a best-of-3
|t:|1783913738
|gametype|doubles
|player|p1|TheLeoj|265|1090
|player|p2|vicburgos|101|1068
|gen|9
|tier|[Gen 9 Champions] VGC 2026 Reg M-B (Bo3)
|rated|
|rule|Species Clause: Limit one of each Pokémon
|rule|Item Clause: Limit 1 of each item
|clearpoke
|poke|p1|Politoed, L50, F, shiny|
|poke|p1|Incineroar, L50, F, shiny|
|poke|p1|Gengar, L50, F, shiny|
|poke|p1|Archaludon, L50, M, shiny|
|poke|p1|Swampert, L50, F, shiny|
|poke|p1|Vivillon-Elegant, L50, M, shiny|
|poke|p2|Lopunny, L50, M|
|poke|p2|Aegislash, L50, M|
|poke|p2|Farigiraf, L50, F|
|poke|p2|Vaporeon, L50, F|
|poke|p2|Klefki, L50, F|
|poke|p2|Raichu, L50, F|
|teampreview|4
|showteam|p1|Politoed||SitrusBerry|Drizzle|WeatherBall,Encore,PerishSong,Protect|Calm||F|||50|]Incineroar||PasshoBerry|Intimidate|ThroatChop,FakeOut,PartingShot,Protect|Sassy||F|||50|]Gengar||Gengarite|CursedBody|ShadowBall,SludgeBomb,PerishSong,Protect|Timid||F|||50|]Archaludon||Leftovers|Stamina|ElectroShot,FlashCannon,DragonPulse,Protect|Bold||M|||50|]Swampert||Swampertite|Torrent|WaveCrash,Earthquake,IcePunch,Protect|Adamant||F|||50|]Vivillon-Elegant||FocusSash|CompoundEyes|Hurricane,SleepPowder,RagePowder,Protect|Timid||M|||50|
|showteam|p2|Lopunny||Lopunnite|CuteCharm|Facade,FakeOut,Encore,CloseCombat|Jolly||M|||50|]Aegislash||SpellTag|StanceChange|ShadowSneak,KingsShield,SwordsDance,IronHead|Adamant||M|||50|]Farigiraf||SitrusBerry|ArmorTail|Psychic,Protect,TrickRoom,HelpingHand|Sassy||F|||50|]Vaporeon||Leftovers|WaterAbsorb|Scald,Protect,Roar,IceBeam|Bold||F|||50|]Klefki||LightClay|Prankster|DazzlingGleam,Reflect,LightScreen,Sandstorm|Modest||F|||50|]Raichu||RaichuniteX|LightningRod|VoltTackle,FakeOut,KnockOff,Nuzzle|Jolly||F|||50|
|inactive|Battle timer is ON: inactive players will automatically lose when time's up. (requested by TheLeoj)
|inactive|vicburgos has 60 seconds left.
|
|t:|1783913779
|teamsize|p1|4
|teamsize|p2|4
|start
|switch|p1a: Vivillon|Vivillon-Elegant, L50, M, shiny|100/100
|switch|p1b: Gengar|Gengar, L50, F, shiny|100/100
|switch|p2a: Raichu|Raichu, L50, F|100/100
|switch|p2b: Aegislash|Aegislash, L50, M|100/100
|turn|1
|
|t:|1783913797
|detailschange|p1b: Gengar|Gengar-Mega, L50, F, shiny
|-mega|p1b: Gengar|Gengar|Gengarite
|detailschange|p2a: Raichu|Raichu-Mega-X, L50, F
|-mega|p2a: Raichu|Raichu|Raichunite X
|-fieldstart|move: Electric Terrain|[from] ability: Electric Surge|[of] p2a: Raichu
|move|p1b: Gengar|Shadow Ball|p2b: Aegislash
|-supereffective|p2b: Aegislash|1
|-damage|p2b: Aegislash|23/100
|move|p2a: Raichu|Nuzzle|p1b: Gengar
|-damage|p1b: Gengar|79/100
|-status|p1b: Gengar|par
|move|p1a: Vivillon|Sleep Powder|p2b: Aegislash
|-activate|p2b: Aegislash|move: Electric Terrain
|move|p2b: Aegislash|Swords Dance|p2b: Aegislash
|-boost|p2b: Aegislash|atk|2
|
|upkeep
|turn|2
|inactive|TheLeoj has 30 seconds left.
|inactive|vicburgos has 30 seconds left.
|inactive|TheLeoj has 20 seconds left.
|
|t:|1783913835
|-formechange|p2b: Aegislash|Aegislash-Blade|
|move|p2b: Aegislash|Shadow Sneak|p1b: Gengar
|-supereffective|p1b: Gengar|1
|-damage|p1b: Gengar|0 fnt
|faint|p1b: Gengar
|move|p2a: Raichu|Nuzzle|p1a: Vivillon
|-supereffective|p1a: Vivillon|1
|-damage|p1a: Vivillon|50/100g
|-status|p1a: Vivillon|par
|cant|p1a: Vivillon|par
|
|upkeep
|
|t:|1783913841
|switch|p1b: Archaludon|Archaludon, L50, M, shiny|100/100
|turn|3
|
|t:|1783913856
|move|p2b: Aegislash|Shadow Sneak|p1a: Vivillon
|-damage|p1a: Vivillon|0 fnt
|faint|p1a: Vivillon
|move|p2a: Raichu|Nuzzle|p1b: Archaludon
|-resisted|p1b: Archaludon|1
|-damage|p1b: Archaludon|95/100
|-status|p1b: Archaludon|par
|-ability|p1b: Archaludon|Stamina|boost
|-boost|p1b: Archaludon|def|1
|cant|p1b: Archaludon|par
|
|-heal|p1b: Archaludon|100/100 par|[from] item: Leftovers
|upkeep
|
|t:|1783913859
|switch|p1a: Politoed|Politoed, L50, F, shiny|100/100
|-weather|RainDance|[from] ability: Drizzle|[of] p1a: Politoed
|turn|4
|
|t:|1783913873
|move|p1a: Politoed|Protect|p1a: Politoed
|-singleturn|p1a: Politoed|Protect
|move|p2b: Aegislash|Shadow Sneak|p1a: Politoed
|-activate|p1a: Politoed|move: Protect
|move|p2a: Raichu|Knock Off|p1b: Archaludon
|-damage|p1b: Archaludon|87/100 par
|-ability|p1b: Archaludon|Stamina|boost
|-boost|p1b: Archaludon|def|1
|-enditem|p1b: Archaludon|Leftovers|[from] move: Knock Off|[of] p2a: Raichu
|move|p1b: Archaludon|Electro Shot||[still]
|-prepare|p1b: Archaludon|Electro Shot
|-boost|p1b: Archaludon|spa|1
|-anim|p1b: Archaludon|Electro Shot|p2b: Aegislash
|-damage|p2b: Aegislash|0 fnt
|faint|p2b: Aegislash
|
|-weather|RainDance|[upkeep]
|upkeep
|
|t:|1783913880
|switch|p2b: Klefki|Klefki, L50, F|100/100
|turn|5
|
|t:|1783913900
|move|p2a: Raichu|Volt Tackle|p1a: Politoed
|-supereffective|p1a: Politoed|1
|-damage|p1a: Politoed|0 fnt
|faint|p1a: Politoed
|-damage|p2a: Raichu|59/100|[from] Recoil
|move|p2b: Klefki|Dazzling Gleam|p1b: Archaludon
|-damage|p1b: Archaludon|55/100 par
|-ability|p1b: Archaludon|Stamina|boost
|-boost|p1b: Archaludon|def|1
|move|p1b: Archaludon|Dragon Pulse|p2a: Raichu
|-damage|p2a: Raichu|0 fnt
|faint|p2a: Raichu
|
|-weather|RainDance|[upkeep]
|-fieldend|move: Electric Terrain
|upkeep
|
|t:|1783913912
|switch|p2a: Vaporeon|Vaporeon, L50, F|100/100
|turn|6
|
|t:|1783913915
|move|p2b: Klefki|Dazzling Gleam|p1b: Archaludon
|-damage|p1b: Archaludon|24/100 par
|-ability|p1b: Archaludon|Stamina|boost
|-boost|p1b: Archaludon|def|1
|move|p2a: Vaporeon|Ice Beam|p1b: Archaludon
|-damage|p1b: Archaludon|3/100 par
|-ability|p1b: Archaludon|Stamina|boost
|-boost|p1b: Archaludon|def|1
|move|p1b: Archaludon|Electro Shot||[still]
|-prepare|p1b: Archaludon|Electro Shot
|-boost|p1b: Archaludon|spa|1
|-anim|p1b: Archaludon|Electro Shot|p2a: Vaporeon
|-supereffective|p2a: Vaporeon|1
|-damage|p2a: Vaporeon|0 fnt
|faint|p2a: Vaporeon
|
|-weather|RainDance|[upkeep]
|upkeep
|turn|7
|
|t:|1783913930
|move|p1b: Archaludon|Protect|p1b: Archaludon
|-singleturn|p1b: Archaludon|Protect
|move|p2b: Klefki|Dazzling Gleam|p1b: Archaludon
|-activate|p1b: Archaludon|move: Protect
|
|-weather|RainDance|[upkeep]
|upkeep
|turn|8
|inactive|vicburgos has 30 seconds left.
|inactive|vicburgos has 20 seconds left.
|inactive|vicburgos has 15 seconds left.
|inactive|vicburgos has 10 seconds left.
|inactive|vicburgos has 5 seconds left.
|
|t:|1783913985
|move|p2b: Klefki|Dazzling Gleam|p1b: Archaludon
|-damage|p1b: Archaludon|0 fnt
|faint|p1b: Archaludon
|
|win|vicburgos
