|j|☆Basura2U
|j|☆igres17
|html|Basura2Uigres17    
|uhtml|bestof|Game 2 of a best-of-3
|t:|1757761723
|gametype|doubles
|player|p1|Basura2U|lucas|1120
|player|p2|igres17|1|1037
|gen|9
|tier|[Gen 9] VGC 2025 Reg H (Bo3)
|rated|
|rule|Species Clause: Limit one of each Pokémon
|rule|Item Clause: Limit 1 of each item
|clearpoke
|poke|p1|Toxicroak, L50, M|
|poke|p1|Politoed, L50, M|
|poke|p1|Ludicolo, L50, F|
|poke|p1|Indeedee, L50, M|
|poke|p1|Pachirisu, L50, F|
|poke|p1|Kingambit, L50, M|
|poke|p2|Politoed, L50, M|
|poke|p2|Gothitelle, L50, F|
|poke|p2|Incineroar, L50, M|
|poke|p2|Amoonguss, L50, F|
|poke|p2|Kingdra, L50, M|
|poke|p2|Archaludon, L50, M|
|teampreview|4
|showteam|p1|Toxicroak||AssaultVest|DrySkin|GunkShot,FakeOut,CloseCombat,Feint|||M|||50|,,,,,Dark]Politoed||DampRock|Drizzle|RainDance,MuddyWater,HelpingHand,IcyWind|||M|||50|,,,,,Water]Ludicolo||LifeOrb|SwiftSwim|HydroPump,Protect,IceBeam,EnergyBall|||F|||50|,,,,,Water]Indeedee||ChoiceScarf|PsychicSurge|ExpandingForce,DazzlingGleam,ShadowBall,Trick|||M|||50|,,,,,Fairy]Pachirisu||SitrusBerry|VoltAbsorb|FollowMe,HelpingHand,SuperFang,Nuzzle|||F|||50|,,,,,Ghost]Kingambit||BlackGlasses|Defiant|SuckerPunch,KowtowCleave,LowKick,Protect|||M|||50|,,,,,Dark
|showteam|p2|Politoed||Leftovers|Drizzle|Protect,WeatherBall,PerishSong,Encore|||M|||50|,,,,,Grass]Gothitelle||SitrusBerry|ShadowTag|Protect,Psychic,FakeOut,TrickRoom|||F|||50|,,,,,Dark]Incineroar||SafetyGoggles|Intimidate|Protect,KnockOff,FakeOut,PartingShot|||M|||50|,,,,,Ghost]Amoonguss||EjectButton|Regenerator|Protect,RagePowder,PollenPuff,Spore|||F|||50|,,,,,Fairy]Kingdra||LifeOrb|SwiftSwim|Protect,WeatherBall,DracoMeteor,MuddyWater|||M|||50|,,,,,Stellar]Archaludon||PowerHerb|Sturdy|Protect,ElectroShot,DragonPulse,FlashCannon|||M|||50|,,,,,Electric
|inactive|Battle timer is ON: inactive players will automatically lose when time's up. (requested by igres17)
|
|t:|1757761747
|teamsize|p1|4
|teamsize|p2|4
|start
|switch|p1a: Kingambit|Kingambit, L50, M|100/100
|switch|p1b: Pachirisu|Pachirisu, L50, F|100/100
|switch|p2a: Archaludon|Archaludon, L50, M|100/100
|switch|p2b: Politoed|Politoed, L50, M|100/100
|-weather|RainDance|[from] ability: Drizzle|[of] p2b: Politoed
|turn|1
|inactive|Basura2U has 30 seconds left.
|
|t:|1757761779
|move|p2a: Archaludon|Electro Shot||[still]
|-prepare|p2a: Archaludon|Electro Shot
|-boost|p2a: Archaludon|spa|1
|-anim|p2a: Archaludon|Electro Shot|p1a: Kingambit
|-damage|p1a: Kingambit|30/100
|move|p1b: Pachirisu|Nuzzle|p2b: Politoed
|-supereffective|p2b: Politoed
|-damage|p2b: Politoed|91/100
|-status|p2b: Politoed|par
|move|p1a: Kingambit|Kowtow Cleave|p2b: Politoed
|-damage|p2b: Politoed|24/100 par
|move|p2b: Politoed|Weather Ball|p1a: Kingambit
|-damage|p1a: Kingambit|0 fnt
|faint|p1a: Kingambit
|
|-weather|RainDance|[upkeep]
|-heal|p2b: Politoed|30/100 par|[from] item: Leftovers
|upkeep
|
|t:|1757761790
|switch|p1a: Indeedee|Indeedee, L50, M|100/100
|-fieldstart|move: Psychic Terrain|[from] ability: Psychic Surge|[of] p1a: Indeedee
|turn|2
|
|t:|1757761807
|switch|p2b: Gothitelle|Gothitelle, L50, F|100/100
|move|p1b: Pachirisu|Follow Me|p1b: Pachirisu
|-singleturn|p1b: Pachirisu|move: Follow Me
|move|p1a: Indeedee|Expanding Force|p2a: Archaludon|[spread] p2a,p2b
|-resisted|p2a: Archaludon
|-resisted|p2b: Gothitelle
|-damage|p2a: Archaludon|59/100
|-damage|p2b: Gothitelle|80/100
|move|p2a: Archaludon|Electro Shot||[still]
|-prepare|p2a: Archaludon|Electro Shot
|-boost|p2a: Archaludon|spa|1
|-anim|p2a: Archaludon|Electro Shot|p1b: Pachirisu
|-immune|p1b: Pachirisu|[from] ability: Volt Absorb
|
|-weather|RainDance|[upkeep]
|upkeep
|turn|3
|
|t:|1757761829
|move|p1a: Indeedee|Expanding Force|p2a: Archaludon|[spread] p2a,p2b
|-resisted|p2a: Archaludon
|-resisted|p2b: Gothitelle
|-damage|p2a: Archaludon|18/100
|-damage|p2b: Gothitelle|62/100
|move|p2a: Archaludon|Dragon Pulse|p1a: Indeedee
|-damage|p1a: Indeedee|0 fnt
|faint|p1a: Indeedee
|move|p1b: Pachirisu|Nuzzle|p2b: Gothitelle
|-damage|p2b: Gothitelle|58/100
|-status|p2b: Gothitelle|par
|cant|p2b: Gothitelle|par
|
|-weather|RainDance|[upkeep]
|upkeep
|
|t:|1757761838
|switch|p1a: Toxicroak|Toxicroak, L50, M|100/100
|turn|4
|
|t:|1757761858
|-terastallize|p1a: Toxicroak|Dark
|move|p1a: Toxicroak|Close Combat|p2a: Archaludon
|-supereffective|p2a: Archaludon
|-damage|p2a: Archaludon|0 fnt
|-unboost|p1a: Toxicroak|def|1
|-unboost|p1a: Toxicroak|spd|1
|faint|p2a: Archaludon
|move|p1b: Pachirisu|Super Fang|p2b: Gothitelle
|-damage|p2b: Gothitelle|29/100 par
|-enditem|p2b: Gothitelle|Sitrus Berry|[eat]
|-heal|p2b: Gothitelle|54/100 par|[from] item: Sitrus Berry
|move|p2b: Gothitelle|Trick Room|p2b: Gothitelle
|-fieldstart|move: Trick Room|[of] p2b: Gothitelle
|
|-weather|RainDance|[upkeep]
|upkeep
|
|t:|1757761870
|switch|p2a: Amoonguss|Amoonguss, L50, F|100/100
|turn|5
|inactive|Basura2U has 30 seconds left.
|inactive|Basura2U has 20 seconds left.
|inactive|Basura2U has 15 seconds left.
|
|t:|1757761911
|move|p1b: Pachirisu|Follow Me|p1b: Pachirisu
|-singleturn|p1b: Pachirisu|move: Follow Me
|move|p2a: Amoonguss|Spore|p1b: Pachirisu
|-status|p1b: Pachirisu|slp|[from] move: Spore
|move|p2b: Gothitelle|Psychic|p1b: Pachirisu
|-damage|p1b: Pachirisu|55/100 slp
|move|p1a: Toxicroak|Close Combat|p2b: Gothitelle
|-resisted|p2b: Gothitelle
|-damage|p2b: Gothitelle|29/100 par
|-unboost|p1a: Toxicroak|def|1
|-unboost|p1a: Toxicroak|spd|1
|
|-weather|none
|upkeep
|turn|6
|
|t:|1757761926
|cant|p2b: Gothitelle|par
|move|p2a: Amoonguss|Spore|p1a: Toxicroak
|-status|p1a: Toxicroak|slp|[from] move: Spore
|cant|p1b: Pachirisu|slp
|cant|p1a: Toxicroak|slp
|
|-fieldend|move: Psychic Terrain
|upkeep
|turn|7
|
|t:|1757761940
|switch|p2a: Politoed|Politoed, L50, M|30/100 par
|-weather|RainDance|[from] ability: Drizzle|[of] p2a: Politoed
|move|p2b: Gothitelle|Psychic|p1b: Pachirisu
|-damage|p1b: Pachirisu|21/100 slp
|-enditem|p1b: Pachirisu|Sitrus Berry|[eat]
|-heal|p1b: Pachirisu|45/100 slp|[from] item: Sitrus Berry
|cant|p1b: Pachirisu|slp
|-curestatus|p1a: Toxicroak|slp|[msg]
|move|p1a: Toxicroak|Gunk Shot|p2a: Politoed|[miss]
|-miss|p1a: Toxicroak|p2a: Politoed
|
|-weather|RainDance|[upkeep]
|-heal|p2a: Politoed|37/100 par|[from] item: Leftovers
|upkeep
|turn|8
|inactive|Basura2U has 30 seconds left.
|
|t:|1757761966
|-curestatus|p1b: Pachirisu|slp|[msg]
|move|p1b: Pachirisu|Helping Hand|p1a: Toxicroak
|-singleturn|p1a: Toxicroak|Helping Hand|[of] p1b: Pachirisu
|move|p1a: Toxicroak|Feint|p2a: Politoed
|-damage|p2a: Politoed|21/100 par
|move|p2b: Gothitelle|Psychic|p1b: Pachirisu
|-damage|p1b: Pachirisu|13/100
|move|p2a: Politoed|Perish Song|p2a: Politoed
|-start|p1a: Toxicroak|perish3|[silent]
|-start|p1b: Pachirisu|perish3|[silent]
|-start|p2a: Politoed|perish3|[silent]
|-start|p2b: Gothitelle|perish3|[silent]
|-fieldactivate|move: Perish Song
|
|-weather|RainDance|[upkeep]
|-heal|p2a: Politoed|27/100 par|[from] item: Leftovers
|-start|p2b: Gothitelle|perish3
|-start|p2a: Politoed|perish3
|-start|p1b: Pachirisu|perish3
|-start|p1a: Toxicroak|perish3
|-fieldend|move: Trick Room
|upkeep
|turn|9
|
|t:|1757761980
|move|p2a: Politoed|Protect|p2a: Politoed
|-singleturn|p2a: Politoed|Protect
|move|p2b: Gothitelle|Protect|p2b: Gothitelle
|-singleturn|p2b: Gothitelle|Protect
|move|p1a: Toxicroak|Fake Out||[still]
|-hint|Fake Out only works on your first turn out.
|-fail|p1a: Toxicroak
|move|p1b: Pachirisu|Nuzzle|p2a: Politoed
|-activate|p2a: Politoed|move: Protect
|
|-weather|RainDance|[upkeep]
|-heal|p2a: Politoed|33/100 par|[from] item: Leftovers
|-start|p1a: Toxicroak|perish2
|-start|p1b: Pachirisu|perish2
|-start|p2a: Politoed|perish2
|-start|p2b: Gothitelle|perish2
|upkeep
|turn|10
|-message|Basura2U forfeited.
|
|win|igres17
||igres17 is ready for game 3.
||Basura2U is ready for game 3.
|uhtml|next|Next: Game 3 of 3
