|j|☆15Hugs
|j|☆Slothpk
|html|15HugsSlothpk    
|uhtml|bestof|Game 2 of a best-of-3
|t:|1786041291
|gametype|doubles
|player|p1|15Hugs|ingo|1150
|player|p2|Slothpk|265|1155
|gen|9
|tier|[Gen 9 Champions] VGC 2026 Reg M-B (Bo3)
|rated|
|rule|Species Clause: Limit one of each Pokémon
|rule|Item Clause: Limit 1 of each item
|clearpoke
|poke|p1|Mawile, L50, F|
|poke|p1|Sneasler, L50, M|
|poke|p1|Raichu, L50, F|
|poke|p1|Hydreigon, L50, F|
|poke|p1|Farigiraf, L50, F, shiny|
|poke|p1|Sinistcha, L50|
|poke|p2|Garchomp, L50, M|
|poke|p2|Whimsicott, L50, M|
|poke|p2|Tyranitar, L50, F|
|poke|p2|Scizor, L50, M|
|poke|p2|Sinistcha, L50|
|poke|p2|Basculegion, L50, M|
|teampreview|4
|showteam|p1|Mawile||Mawilite|Intimidate|Protect,PlayRough,IronHead,SuckerPunch|Brave||F|||50|]Sneasler||WhiteHerb|Unburden|FakeOut,RockTomb,CloseCombat,DireClaw|Jolly||M|||50|]Raichu||RaichuniteY|LightningRod|Protect,FakeOut,ZapCannon,FocusBlast|Timid||F|||50|]Hydreigon||ChoiceScarf|Levitate|DracoMeteor,Snarl,DarkPulse,EarthPower|Timid||F|||50|]Farigiraf||SitrusBerry|ArmorTail|TrickRoom,HelpingHand,FoulPlay,Psychic|Quiet||F|||50|]Sinistcha||KasibBerry|Hospitality|TrickRoom,Hex,MatchaGotcha,RagePowder|Modest|||||50|
|showteam|p2|Garchomp||Garchompite|SandVeil|Protect,EarthPower,DracoMeteor,PowerGem|Modest||M|||50|]Whimsicott||FairyFeather|Prankster|Protect,Tailwind,LightScreen,Moonblast|Bold||M|||50|]Tyranitar||Leftovers|SandStream|Protect,RockSlide,KnockOff,LowKick|Adamant||F|||50|]Scizor||Scizorite|Technician|BulletPunch,BugBite,Protect,SwordsDance|Brave||M|||50|]Sinistcha||SitrusBerry|Hospitality|Protect,RagePowder,MatchaGotcha,TrickRoom|Modest|||||50|]Basculegion||ChoiceScarf|Adaptability|WaveCrash,LastRespects,FlipTurn,IceFang|Adamant||M|||50|
|inactive|Battle timer is ON: inactive players will automatically lose when time's up. (requested by 15Hugs)
|inactive|15Hugs has 60 seconds left.
|inactive|Slothpk has 60 seconds left.
|inactive|15Hugs has 30 seconds left.
|inactive|15Hugs has 20 seconds left.
|
|t:|1786041370
|teamsize|p1|4
|teamsize|p2|4
|start
|switch|p1a: Sinistcha|Sinistcha, L50|100/100
|switch|p1b: Hydreigon|Hydreigon, L50, F|100/100
|switch|p2a: Whimsicott|Whimsicott, L50, M|100/100
|switch|p2b: Scizor|Scizor, L50, M|100/100
|turn|1
|inactive|Slothpk has 30 seconds left.
|inactive|Slothpk has 20 seconds left.
|inactive|Slothpk has 15 seconds left.
|
|t:|1786041415
|detailschange|p2b: Scizor|Scizor-Mega, L50, M
|-mega|p2b: Scizor|Scizor|Scizorite
|move|p2a: Whimsicott|Light Screen|p2a: Whimsicott
|-sidestart|p2: Slothpk|move: Light Screen
|move|p1b: Hydreigon|Snarl|p2b: Scizor|[spread] p2a,p2b
|-resisted|p2a: Whimsicott|1
|-crit|p2a: Whimsicott
|-damage|p2a: Whimsicott|83/100
|-damage|p2b: Scizor|85/100
|-unboost|p2a: Whimsicott|spa|1
|-unboost|p2b: Scizor|spa|1
|move|p1a: Sinistcha|Matcha Gotcha|p2a: Whimsicott|[spread] p2a,p2b
|-resisted|p2a: Whimsicott|1
|-resisted|p2b: Scizor|2
|-damage|p2a: Whimsicott|71/100
|-damage|p2b: Scizor|80/100
|move|p2b: Scizor|Bug Bite|p1b: Hydreigon
|-supereffective|p1b: Hydreigon|1
|-damage|p1b: Hydreigon|0 fnt
|faint|p1b: Hydreigon
|
|upkeep
|
|t:|1786041433
|switch|p1b: Sneasler|Sneasler, L50, M|100/100
|turn|2
|inactive|Slothpk has 30 seconds left.
|inactive|Slothpk has 20 seconds left.
|inactive|Slothpk has 15 seconds left.
|inactive|Slothpk has 10 seconds left.
|inactive|Slothpk has 5 seconds left.
|
|t:|1786041487
|move|p2a: Whimsicott|Protect|p2a: Whimsicott
|-singleturn|p2a: Whimsicott|Protect
|move|p1b: Sneasler|Dire Claw|p2a: Whimsicott
|-activate|p2a: Whimsicott|move: Protect
|move|p2b: Scizor|Swords Dance|p2b: Scizor
|-boost|p2b: Scizor|atk|2
|move|p1a: Sinistcha|Trick Room|p1a: Sinistcha
|-fieldstart|move: Trick Room|[of] p1a: Sinistcha
|
|upkeep
|turn|3
|inactive|Slothpk has 30 seconds left.
|inactive|Slothpk has 20 seconds left.
|
|t:|1786041526
|move|p2b: Scizor|Bug Bite|p1a: Sinistcha
|-damage|p1a: Sinistcha|0 fnt
|-enditem|p1a: Sinistcha|Kasib Berry|[from] stealeat|[move] Bug Bite|[of] p2b: Scizor
|faint|p1a: Sinistcha
|move|p2a: Whimsicott|Moonblast|p1b: Sneasler
|-damage|p1b: Sneasler|67/100
|move|p1b: Sneasler|Close Combat|p2b: Scizor
|-damage|p2b: Scizor|29/100
|-unboost|p1b: Sneasler|def|1
|-unboost|p1b: Sneasler|spd|1
|-enditem|p1b: Sneasler|White Herb
|-clearnegativeboost|p1b: Sneasler|[silent]
|
|upkeep
|
|t:|1786041549
|switch|p1a: Mawile|Mawile, L50, F|100/100
|-ability|p1a: Mawile|Intimidate|boost
|-unboost|p2a: Whimsicott|atk|1
|-unboost|p2b: Scizor|atk|1
|turn|4
|inactive|15Hugs has 30 seconds left.
|inactive|15Hugs has 20 seconds left.
|inactive|15Hugs has 15 seconds left.
|inactive|15Hugs has 10 seconds left.
|
|t:|1786041596
|detailschange|p1a: Mawile|Mawile-Mega, L50, F
|-mega|p1a: Mawile|Mawile|Mawilite
|move|p2b: Scizor|Bullet Punch|p1b: Sneasler
|-damage|p1b: Sneasler|0 fnt
|faint|p1b: Sneasler
|move|p1a: Mawile|Play Rough|p2b: Scizor
|-resisted|p2b: Scizor|1
|-damage|p2b: Scizor|0 fnt
|faint|p2b: Scizor
|move|p2a: Whimsicott|Moonblast|p1a: Mawile
|-resisted|p1a: Mawile|1
|-damage|p1a: Mawile|84/100
|
|upkeep
|
|t:|1786041604
|switch|p2b: Garchomp|Garchomp, L50, M|100/100
|turn|5
|inactive|15Hugs has 30 seconds left.
|inactive|15Hugs has 20 seconds left.
|inactive|15Hugs has 15 seconds left.
|inactive|15Hugs has 10 seconds left.
|inactive|15Hugs has 5 seconds left.
|
|t:|1786041659
|move|p2a: Whimsicott|Protect|p2a: Whimsicott
|-singleturn|p2a: Whimsicott|Protect
|move|p1a: Mawile|Protect|p1a: Mawile
|-singleturn|p1a: Mawile|Protect
|move|p2b: Garchomp|Protect||[still]
|-fail|p2b: Garchomp
|
|-sideend|p2: Slothpk|move: Light Screen
|upkeep
|turn|6
|
|t:|1786041680
|switch|p2b: Basculegion|Basculegion, L50, M|100/100
|move|p1a: Mawile|Play Rough|p2b: Basculegion
|-damage|p2b: Basculegion|0 fnt
|faint|p2b: Basculegion
|move|p2a: Whimsicott|Moonblast|p1a: Mawile
|-resisted|p1a: Mawile|1
|-damage|p1a: Mawile|71/100
|
|-fieldend|move: Trick Room
|upkeep
|
|t:|1786041689
|switch|p2b: Garchomp|Garchomp, L50, M|100/100
|turn|7
|
|t:|1786041700
|move|p1a: Mawile|Sucker Punch|p2b: Garchomp
|-damage|p2b: Garchomp|60/100
|move|p2a: Whimsicott|Moonblast|p1a: Mawile
|-resisted|p1a: Mawile|1
|-damage|p1a: Mawile|57/100
|move|p2b: Garchomp|Earth Power|p1a: Mawile
|-supereffective|p1a: Mawile|1
|-damage|p1a: Mawile|0 fnt
|faint|p1a: Mawile
|
|win|Slothpk
||Slothpk is ready for game 3.
|inactive|15Hugs has 30 seconds to confirm battle start!
||15Hugs is ready for game 3.
|uhtml|next|Next: Game 3 of 3
