|j|☆ChimcharBot
|j|☆efwefwefwefweifier
|html|ChimcharBotefwefwefwefweifier    
|uhtml|bestof|Game 2 of a best-of-3
|t:|1784028517
|gametype|doubles
|player|p1|ChimcharBot|koga|1196
|player|p2|efwefwefwefweifier|clown|1305
|gen|9
|tier|[Gen 9 Champions] VGC 2026 Reg M-B (Bo3)
|rated|
|rule|Species Clause: Limit one of each Pokémon
|rule|Item Clause: Limit 1 of each item
|clearpoke
|poke|p1|Floette-Eternal, L50, F|
|poke|p1|Aerodactyl, L50, F|
|poke|p1|Garchomp, L50, F|
|poke|p1|Incineroar, L50, M|
|poke|p1|Sinistcha-Masterpiece, L50|
|poke|p1|Kingambit, L50, M|
|poke|p2|Armarouge, L50, F|
|poke|p2|Sinistcha, L50|
|poke|p2|Floette-Eternal, L50, F|
|poke|p2|Incineroar, L50, F, shiny|
|poke|p2|Sneasler, L50, F|
|poke|p2|Hydreigon, L50, M|
|teampreview|4
|showteam|p1|Floette-Eternal||Floettite|FlowerVeil|Protect,DazzlingGleam,Moonblast,CalmMind|Modest||F|||50|]Aerodactyl||Aerodactylite|Unnerve|Protect,Tailwind,DualWingbeat,RockSlide|Jolly||F|||50|]Garchomp||SitrusBerry|RoughSkin|Protect,DragonClaw,StompingTantrum,RockSlide|Adamant||F|||50|]Incineroar||PasshoBerry|Intimidate|FlareBlitz,ThroatChop,PartingShot,FakeOut|Careful||M|||50|]Sinistcha-Masterpiece||KasibBerry|Hospitality|Protect,RagePowder,MatchaGotcha,TrickRoom|Bold|||||50|]Kingambit||BlackGlasses|Defiant|Protect,KowtowCleave,SuckerPunch,SwordsDance|Adamant||M|||50|
|showteam|p2|Armarouge||ColburBerry|FlashFire|HeatWave,Psychic,CalmMind,Protect|Modest||F|||50|]Sinistcha||KasibBerry|Hospitality|MatchaGotcha,RagePowder,LifeDew,TrickRoom|Calm|||||50|]Floette-Eternal||Floettite|FlowerVeil|Moonblast,DrainingKiss,CalmMind,Protect|Modest||F|||50|]Incineroar||SitrusBerry|Intimidate|FlareBlitz,FakeOut,PartingShot,Taunt|Impish||F|||50|]Sneasler||FocusSash|PoisonTouch|CloseCombat,PoisonJab,FakeOut,QuickGuard|Jolly||F|||50|]Hydreigon||ChoiceScarf|Levitate|DracoMeteor,DarkPulse,Snarl,EarthPower|Modest||M|||50|
|inactive|Battle timer is ON: inactive players will automatically lose when time's up. (requested by efwefwefwefweifier)
|inactive|efwefwefwefweifier has 60 seconds left.
|
|t:|1784028561
|teamsize|p1|4
|teamsize|p2|4
|start
|switch|p1a: Kingambit|Kingambit, L50, M|100/100
|switch|p1b: Incineroar|Incineroar, L50, M|100/100
|switch|p2a: Flowa Powa|Floette-Eternal, L50, F|100/100
|switch|p2b: Poison Foison|Sneasler, L50, F|100/100
|-ability|p1b: Incineroar|Intimidate|boost
|-unboost|p2a: Flowa Powa|atk|1
|-unboost|p2b: Poison Foison|atk|1
|turn|1
|inactive|ChimcharBot has 30 seconds left.
|
|t:|1784028588
|detailschange|p2a: Flowa Powa|Floette-Mega, L50, F
|-mega|p2a: Flowa Powa|Floette|Floettite
|-ability|p2a: Flowa Powa|Fairy Aura
|move|p2b: Poison Foison|Fake Out|p1b: Incineroar
|-damage|p1b: Incineroar|91/100
|move|p2a: Flowa Powa|Calm Mind|p2a: Flowa Powa
|-boost|p2a: Flowa Powa|spa|1
|-boost|p2a: Flowa Powa|spd|1
|cant|p1b: Incineroar|flinch
|move|p1a: Kingambit|Swords Dance|p1a: Kingambit
|-boost|p1a: Kingambit|atk|2
|
|upkeep
|turn|2
|inactive|efwefwefwefweifier has 30 seconds left.
|
|t:|1784028614
|move|p1a: Kingambit|Protect|p1a: Kingambit
|-singleturn|p1a: Kingambit|Protect
|move|p2b: Poison Foison|Poison Jab|p1b: Incineroar
|-damage|p1b: Incineroar|67/100
|move|p2a: Flowa Powa|Moonblast|p1b: Incineroar
|-damage|p1b: Incineroar|0 fnt
|faint|p1b: Incineroar
|
|upkeep
|
|t:|1784028623
|switch|p1b: Aerodactyl|Aerodactyl, L50, F|100/100
|-ability|p1b: Aerodactyl|Unnerve
|turn|3
|
|t:|1784028644
|detailschange|p1b: Aerodactyl|Aerodactyl-Mega, L50, F
|-mega|p1b: Aerodactyl|Aerodactyl|Aerodactylite
|move|p1b: Aerodactyl|Dual Wingbeat|p2b: Poison Foison
|-supereffective|p2b: Poison Foison|1
|-damage|p2b: Poison Foison|12/100
|-supereffective|p2b: Poison Foison|1
|-damage|p2b: Poison Foison|0 fnt
|faint|p2b: Poison Foison
|-hitcount|p2: Poison Foison|2
|move|p2a: Flowa Powa|Moonblast|p1a: Kingambit
|-damage|p1a: Kingambit|3/100
|move|p1a: Kingambit|Kowtow Cleave|p2a: Flowa Powa
|-resisted|p2a: Flowa Powa|1
|-damage|p2a: Flowa Powa|37/100
|
|upkeep
|
|t:|1784028662
|switch|p2b: Spinny Sinny|Sinistcha, L50|100/100
|-heal|p2a: Flowa Powa|62/100|[from] ability: Hospitality|[of] p2b: Spinny Sinny
|turn|4
|inactive|efwefwefwefweifier has 30 seconds left.
|inactive|ChimcharBot has 30 seconds left.
|inactive|efwefwefwefweifier has 20 seconds left.
|inactive|ChimcharBot has 20 seconds left.
|
|t:|1784028711
|move|p2a: Flowa Powa|Protect|p2a: Flowa Powa
|-singleturn|p2a: Flowa Powa|Protect
|move|p1b: Aerodactyl|Tailwind|p1b: Aerodactyl
|-sidestart|p1: ChimcharBot|move: Tailwind
|move|p1a: Kingambit|Kowtow Cleave|p2b: Spinny Sinny
|-supereffective|p2b: Spinny Sinny|1
|-damage|p2b: Spinny Sinny|0 fnt
|faint|p2b: Spinny Sinny
|
|upkeep
|
|t:|1784028718
|switch|p2b: Merry Berry|Incineroar, L50, F, shiny|100/100
|-ability|p2b: Merry Berry|Intimidate|boost
|-unboost|p1a: Kingambit|atk|1
|-ability|p1a: Kingambit|Defiant|boost
|-boost|p1a: Kingambit|atk|2
|-unboost|p1b: Aerodactyl|atk|1
|turn|5
|
|t:|1784028730
|switch|p1b: Sinistcha|Sinistcha-Masterpiece, L50|100/100
|-heal|p1a: Kingambit|28/100|[from] ability: Hospitality|[of] p1b: Sinistcha
|move|p1a: Kingambit|Protect|p1a: Kingambit
|-singleturn|p1a: Kingambit|Protect
|move|p2b: Merry Berry|Fake Out|p1a: Kingambit
|-activate|p1a: Kingambit|move: Protect
|move|p2a: Flowa Powa|Draining Kiss|p2b: Merry Berry
|-damage|p2b: Merry Berry|47/100
|-heal|p2a: Flowa Powa|100/100|[from] drain|[of] p2b: Merry Berry
|-enditem|p2b: Merry Berry|Sitrus Berry|[eat]
|-heal|p2b: Merry Berry|72/100|[from] item: Sitrus Berry
|
|upkeep
|turn|6
|
|t:|1784028754
|move|p1b: Sinistcha|Rage Powder|p1b: Sinistcha
|-singleturn|p1b: Sinistcha|move: Rage Powder
|move|p2a: Flowa Powa|Moonblast|p1b: Sinistcha
|-damage|p1b: Sinistcha|0 fnt
|faint|p1b: Sinistcha
|move|p1a: Kingambit|Kowtow Cleave|p2a: Flowa Powa
|-resisted|p2a: Flowa Powa|1
|-damage|p2a: Flowa Powa|17/100
|move|p2b: Merry Berry|Flare Blitz|p1a: Kingambit
|-supereffective|p1a: Kingambit|1
|-damage|p1a: Kingambit|0 fnt
|faint|p1a: Kingambit
|-damage|p2b: Merry Berry|62/100|[from] Recoil
|
|upkeep
|
|t:|1784028764
|switch|p1b: Aerodactyl|Aerodactyl-Mega, L50, F|100/100
|turn|7
|
|t:|1784028783
|move|p2a: Flowa Powa|Protect|p2a: Flowa Powa
|-singleturn|p2a: Flowa Powa|Protect
|move|p1b: Aerodactyl|Rock Slide|p2b: Merry Berry|[spread] p2b
|-activate|p2a: Flowa Powa|move: Protect
|-supereffective|p2b: Merry Berry|1
|-damage|p2b: Merry Berry|15/100
|move|p2b: Merry Berry|Flare Blitz|p1b: Aerodactyl
|-resisted|p1b: Aerodactyl|1
|-damage|p1b: Aerodactyl|67/100
|-damage|p2b: Merry Berry|6/100|[from] Recoil
|
|-sideend|p1: ChimcharBot|move: Tailwind
|upkeep
|turn|8
|
|t:|1784028798
|move|p1b: Aerodactyl|Rock Slide|p2b: Merry Berry|[spread] p2a
|-miss|p1b: Aerodactyl|p2b: Merry Berry
|-damage|p2a: Flowa Powa|0 fnt
|faint|p2a: Flowa Powa
|move|p2b: Merry Berry|Flare Blitz|p1b: Aerodactyl
|-resisted|p1b: Aerodactyl|1
|-damage|p1b: Aerodactyl|35/100
|-damage|p2b: Merry Berry|0 fnt|[from] Recoil
|faint|p2b: Merry Berry
|
|win|ChimcharBot
||efwefwefwefweifier is ready for game 3.
||efwefwefwefweifier is ready for game 3.
||ChimcharBot is ready for game 3.
|uhtml|next|Next: Game 3 of 3
|l|☆ChimcharBot
|player|p1|
