|j|☆rdyjyukujkhk
|j|☆sjogis
|html|rdyjyukujkhksjogis    
|uhtml|bestof|Game 2 of a best-of-3
|t:|1756653603
|gametype|doubles
|player|p1|rdyjyukujkhk|hilda|
|player|p2|sjogis|fisherman-gen4|
|gen|9
|tier|[Gen 9] VGC 2025 Reg H (Bo3)
|rule|Species Clause: Limit one of each Pokémon
|rule|Item Clause: Limit 1 of each item
|clearpoke
|poke|p1|Whimsicott, L50, F|
|poke|p1|Indeedee, L50, M|
|poke|p1|Sneasler, L50, M|
|poke|p1|Delphox, L50, F|
|poke|p1|Maushold, L50|
|poke|p1|Basculegion, L50, M|
|poke|p2|Indeedee-F, L50, F|
|poke|p2|Torkoal, L50, M|
|poke|p2|Gallade, L50, M|
|poke|p2|Ursaluna, L50, M|
|poke|p2|Armarouge, L50, M|
|poke|p2|Bellibolt, L50, F|
|teampreview|4
|showteam|p1|Whimsicott||CovertCloak|Prankster|Tailwind,Moonblast,HelpingHand,SunnyDay|||F|||50|,,,,,Water]Indeedee||FocusSash|PsychicSurge|ExpandingForce,TeraBlast,Imprison,TrickRoom|||M|||50|,,,,,Fighting]Sneasler||PsychicSeed|Unburden|DireClaw,CloseCombat,ThroatChop,Protect|||M|||50|,,,,,Dark]Delphox||LifeOrb|Blaze|ExpandingForce,HeatWave,Protect,Flamethrower|||F|||50|,,,,,Fire]Maushold||WideLens|Technician|PopulationBomb,FollowMe,Taunt,Protect||||||50|,,,,,Ghost]Basculegion||ChoiceScarf|Adaptability|WaveCrash,FlipTurn,LastRespects,TeraBlast|||M|||50|,,,,,Grass
|showteam|p2|Indeedee-F||RockyHelmet|PsychicSurge|DazzlingGleam,FollowMe,HelpingHand,TrickRoom|||F|||50|,,,,,Fairy]Torkoal||ChoiceSpecs|Drought|Eruption,HelpingHand,Overheat,EarthPower|||M|||50|,,,,,Fire]Gallade||ClearAmulet|Sharpness|PsychoCut,SacredSword,WideGuard,TrickRoom|||M|||50|,,,,,Normal]Ursaluna||FlameOrb|Guts|Facade,Earthquake,HeadlongRush,Protect|||M|||50|,,,,,Ghost]Armarouge||WeaknessPolicy|WeakArmor|Endure,LavaPlume,WeatherBall,ExpandingForce|||M|||50|,,,,,Psychic]Bellibolt||AssaultVest|Electromorphosis|ParabolicCharge,MuddyWater,SuckerPunch,VoltSwitch|||F|||50|,,,,,Water
|
|t:|1756653646
|teamsize|p1|4
|teamsize|p2|4
|start
|switch|p1a: Maushold|Maushold, L50|100/100
|switch|p1b: Indeedee|Indeedee, L50, M|100/100
|switch|p2a: Armarouge|Armarouge, L50, M|100/100
|switch|p2b: Bellibolt|Bellibolt, L50, F|100/100
|-fieldstart|move: Psychic Terrain|[from] ability: Psychic Surge|[of] p1b: Indeedee
|turn|1
|
|t:|1756653687
|-terastallize|p2a: Armarouge|Psychic
|move|p2b: Bellibolt|Sucker Punch|p2a: Armarouge
|-supereffective|p2a: Armarouge
|-damage|p2a: Armarouge|77/100
|-ability|p2a: Armarouge|Weak Armor|boost
|-unboost|p2a: Armarouge|def|1
|-boost|p2a: Armarouge|spe|2
|-enditem|p2a: Armarouge|Weakness Policy
|-boost|p2a: Armarouge|atk|2|[from] item: Weakness Policy
|-boost|p2a: Armarouge|spa|2|[from] item: Weakness Policy
|move|p2a: Armarouge|Expanding Force|p1b: Indeedee|[spread] p1a,p1b
|-resisted|p1b: Indeedee
|-damage|p1a: Maushold|0 fnt
|-enditem|p1b: Indeedee|Focus Sash
|-damage|p1b: Indeedee|1/100
|faint|p1a: Maushold
|move|p1b: Indeedee|Imprison|p1b: Indeedee
|-start|p1b: Indeedee|move: Imprison
|
|upkeep
|
|t:|1756653706
|switch|p1a: Sneasler|Sneasler, L50, M|100/100
|-enditem|p1a: Sneasler|Psychic Seed
|-boost|p1a: Sneasler|spd|1|[from] item: Psychic Seed
|turn|2
|
|t:|1756653726
|move|p2a: Armarouge|Endure|p2a: Armarouge
|-singleturn|p2a: Armarouge|move: Endure
|move|p1a: Sneasler|Throat Chop|p2a: Armarouge
|-supereffective|p2a: Armarouge
|-activate|p2a: Armarouge|move: Endure
|-damage|p2a: Armarouge|1/100
|-start|p2a: Armarouge|Throat Chop|[silent]
|-ability|p2a: Armarouge|Weak Armor|boost
|-unboost|p2a: Armarouge|def|1
|-boost|p2a: Armarouge|spe|2
|move|p1b: Indeedee|Expanding Force|p2b: Bellibolt|[spread] p2a,p2b
|-resisted|p2a: Armarouge
|-activate|p2a: Armarouge|move: Endure
|-damage|p2a: Armarouge|1/100
|-damage|p2b: Bellibolt|64/100
|-start|p2b: Bellibolt|Charge|Expanding Force|[from] ability: Electromorphosis
|move|p2b: Bellibolt|Parabolic Charge|p1a: Sneasler|[spread] p2a,p1a,p1b
|-activate|p2a: Armarouge|move: Endure
|-damage|p2a: Armarouge|1/100
|-damage|p1a: Sneasler|71/100
|-heal|p2b: Bellibolt|75/100|[from] drain|[of] p1a: Sneasler
|-damage|p1b: Indeedee|0 fnt
|-heal|p2b: Bellibolt|75/100|[from] drain|[of] p1b: Indeedee
|faint|p1b: Indeedee
|-end|p2b: Bellibolt|Charge|[silent]
|
|upkeep
|
|t:|1756653745
|switch|p1b: Delphox|Delphox, L50, F|100/100
|turn|3
|
|t:|1756653813
|switch|p2b: Gallade|Gallade, L50, M|100/100
|-terastallize|p1a: Sneasler|Dark
|move|p1b: Delphox|Protect|p1b: Delphox
|-singleturn|p1b: Delphox|Protect
|move|p2a: Armarouge|Lava Plume|p1a: Sneasler|[spread] p2b,p1a
|-activate|p1b: Delphox|move: Protect
|-damage|p2b: Gallade|44/100
|-damage|p1a: Sneasler|9/100
|move|p1a: Sneasler|Throat Chop|p2a: Armarouge
|-supereffective|p2a: Armarouge
|-damage|p2a: Armarouge|0 fnt
|faint|p2a: Armarouge
|
|upkeep
|
|t:|1756653827
|switch|p2a: Ursaluna|Ursaluna, L50, M|100/100
|turn|4
|
|t:|1756653888
|move|p2a: Ursaluna|Protect|p2a: Ursaluna
|-singleturn|p2a: Ursaluna|Protect
|move|p1a: Sneasler|Close Combat|p2a: Ursaluna
|-activate|p2a: Ursaluna|move: Protect
|move|p1b: Delphox|Expanding Force|p2b: Gallade|[spread] p2b
|-activate|p2a: Ursaluna|move: Protect
|-damage|p2b: Gallade|0 fnt
|faint|p2b: Gallade
|-damage|p1b: Delphox|91/100|[from] item: Life Orb
|
|-status|p2a: Ursaluna|brn|[from] item: Flame Orb
|upkeep
|
|t:|1756653896
|switch|p2b: Bellibolt|Bellibolt, L50, F|75/100
|turn|5
|
|t:|1756653967
|move|p1a: Sneasler|Close Combat|p2a: Ursaluna
|-supereffective|p2a: Ursaluna
|-damage|p2a: Ursaluna|6/100 brn
|-unboost|p1a: Sneasler|def|1
|-unboost|p1a: Sneasler|spd|1
|move|p1b: Delphox|Expanding Force|p2b: Bellibolt|[spread] p2a,p2b
|-damage|p2a: Ursaluna|0 fnt
|-damage|p2b: Bellibolt|25/100
|-start|p2b: Bellibolt|Charge|Expanding Force|[from] ability: Electromorphosis
|faint|p2a: Ursaluna
|-damage|p1b: Delphox|81/100|[from] item: Life Orb
|move|p2b: Bellibolt|Parabolic Charge|p1b: Delphox|[spread] p1a,p1b
|-damage|p1a: Sneasler|0 fnt
|-heal|p2b: Bellibolt|28/100|[from] drain|[of] p1a: Sneasler
|-damage|p1b: Delphox|40/100
|-heal|p2b: Bellibolt|43/100|[from] drain|[of] p1b: Delphox
|faint|p1a: Sneasler
|-end|p2b: Bellibolt|Charge|[silent]
|
|-fieldend|move: Psychic Terrain
|upkeep
|turn|6
|
|t:|1756654009
|move|p2b: Bellibolt|Sucker Punch|p1b: Delphox
|-supereffective|p1b: Delphox
|-damage|p1b: Delphox|7/100
|move|p1b: Delphox|Flamethrower|p2b: Bellibolt
|-damage|p2b: Bellibolt|0 fnt
|faint|p2b: Bellibolt
|-damage|p1b: Delphox|0 fnt|[from] item: Life Orb
|faint|p1b: Delphox
|
|win|rdyjyukujkhk
||sjogis is ready for game 3.
|inactive|rdyjyukujkhk has 30 seconds to confirm battle start!
||rdyjyukujkhk is ready for game 3.
|uhtml|next|Next: Game 3 of 3
