|j|☆Klefastra
|j|☆gentlemangarby
|html|Klefastragentlemangarby    
|uhtml|bestof|Game 1 of a best-of-3
|t:|1783618822
|gametype|doubles
|player|p1|Klefastra|shauntal|
|player|p2|gentlemangarby|crasherwake|
|gen|9
|tier|[Gen 9 Champions] VGC 2026 Reg M-B (Bo3)
|rule|Species Clause: Limit one of each Pokémon
|rule|Item Clause: Limit 1 of each item
|clearpoke
|poke|p1|Charizard, L50, F|
|poke|p1|Floette-Eternal, L50, F|
|poke|p1|Whimsicott, L50, F|
|poke|p1|Kingambit, L50, M|
|poke|p1|Garchomp, L50, F|
|poke|p1|Basculegion, L50, M|
|poke|p2|Sneasler, L50, F|
|poke|p2|Farigiraf, L50, F|
|poke|p2|Camerupt, L50, M|
|poke|p2|Primarina, L50, M|
|poke|p2|Sinistcha, L50|
|poke|p2|Kingambit, L50, F|
|teampreview|4
|showteam|p1|Charizard||CharizarditeY|Blaze|HeatWave,WeatherBall,SolarBeam,Protect|Modest||F|||50|]Floette-Eternal||Floettite|FlowerVeil|DazzlingGleam,Protect,Moonblast,LightofRuin|Modest||F|||50|]Whimsicott||FocusSash|Prankster|Moonblast,Protect,Tailwind,Encore|Timid||F|||50|]Kingambit||ChopleBerry|Defiant|KowtowCleave,SuckerPunch,IronHead,Protect|Adamant||M|||50|]Garchomp||RoseliBerry|RoughSkin|DragonClaw,Earthquake,RockSlide,PoisonJab|Jolly||F|||50|]Basculegion||LifeOrb|Adaptability|WaveCrash,LastRespects,AquaJet,Protect|Adamant||M|||50|
|showteam|p2|Sneasler||IronBall|Unburden|CloseCombat,GunkShot,Fling,FakeOut|Adamant||F|||50|]Farigiraf||SitrusBerry|ArmorTail|Psychic,Thunderbolt,Protect,TrickRoom|Bold||F|||50|]Camerupt||Cameruptite|SolidRock|HeatWave,EarthPower,AncientPower,Protect|Quiet||M|||50|]Primarina||LifeOrb|LiquidVoice|HyperVoice,Moonblast,AquaJet,Protect|Quiet||M|||50|]Sinistcha||FocusSash|Hospitality|MatchaGotcha,ShadowBall,RagePowder,TrickRoom|Quiet|||||50|]Kingambit||BlackGlasses|Defiant|KowtowCleave,SuckerPunch,IronHead,SwordsDance|Brave||F|||50|
|c|☆gentlemangarby|glhf
|c|☆Klefastra|glhf!
|j| lylysha
|j| Autin Mago
|c|☆gentlemangarby|starting timer btw
|c| Autin Mago|Go team
|inactive|Battle timer is ON: inactive players will automatically lose when time's up. (requested by gentlemangarby)
|c|☆Klefastra|of course
|inactive|Klefastra has 60 seconds left.
|j| LunarMageMystia
|
|t:|1783618962
|teamsize|p1|4
|teamsize|p2|4
|start
|switch|p1a: Floette|Floette-Eternal, L50, F|100/100
|switch|p1b: Kingambit|Kingambit, L50, M|100/100
|switch|p2a: Farigiraf|Farigiraf, L50, F|100/100
|switch|p2b: Sneasler|Sneasler, L50, F|100/100
|turn|1
|inactive|Klefastra has 30 seconds left.
|
|t:|1783618989
|detailschange|p1a: Floette|Floette-Mega, L50, F
|-mega|p1a: Floette|Floette|Floettite
|-ability|p1a: Floette|Fairy Aura
|move|p2b: Sneasler|Fake Out|p1a: Floette
|-damage|p1a: Floette|79/100
|cant|p1a: Floette|flinch
|move|p1b: Kingambit|Kowtow Cleave|p2a: Farigiraf
|-supereffective|p2a: Farigiraf|1
|-damage|p2a: Farigiraf|17/100
|-enditem|p2a: Farigiraf|Sitrus Berry|[eat]
|-heal|p2a: Farigiraf|42/100|[from] item: Sitrus Berry
|move|p2a: Farigiraf|Trick Room|p2a: Farigiraf
|-fieldstart|move: Trick Room|[of] p2a: Farigiraf
|
|upkeep
|turn|2
|inactive|Klefastra has 30 seconds left.
|
|t:|1783619018
|switch|p2a: Camerupt|Camerupt, L50, M|100/100
|move|p1b: Kingambit|Protect|p1b: Kingambit
|-singleturn|p1b: Kingambit|Protect
|move|p2b: Sneasler|Gunk Shot|p1a: Floette
|-supereffective|p1a: Floette|1
|-damage|p1a: Floette|0 fnt
|faint|p1a: Floette
|
|upkeep
|
|t:|1783619026
|switch|p1a: Basculegion|Basculegion, L50, M|100/100
|turn|3
|
|t:|1783619043
|switch|p1b: Garchomp|Garchomp, L50, F|100/100
|detailschange|p2a: Camerupt|Camerupt-Mega, L50, M
|-mega|p2a: Camerupt|Camerupt|Cameruptite
|move|p2a: Camerupt|Protect|p2a: Camerupt
|-singleturn|p2a: Camerupt|Protect
|move|p2b: Sneasler|Close Combat|p1b: Garchomp
|-damage|p1b: Garchomp|42/100
|-unboost|p2b: Sneasler|def|1
|-unboost|p2b: Sneasler|spd|1
|-damage|p2b: Sneasler|88/100|[from] ability: Rough Skin|[of] p1b: Garchomp
|move|p1a: Basculegion|Wave Crash|p2a: Camerupt
|-activate|p2a: Camerupt|move: Protect
|
|upkeep
|turn|4
|inactive|gentlemangarby has 30 seconds left.
|
|t:|1783619074
|switch|p2a: Primarina|Primarina, L50, M|100/100
|move|p2b: Sneasler|Close Combat|p1b: Garchomp
|-damage|p1b: Garchomp|0 fnt
|-unboost|p2b: Sneasler|def|1
|-unboost|p2b: Sneasler|spd|1
|-damage|p2b: Sneasler|76/100|[from] ability: Rough Skin|[of] p1b: Garchomp
|faint|p1b: Garchomp
|move|p1a: Basculegion|Wave Crash|p2a: Primarina
|-resisted|p2a: Primarina|1
|-damage|p2a: Primarina|41/100
|-damage|p1a: Basculegion|82/100|[from] Recoil
|-damage|p1a: Basculegion|72/100|[from] item: Life Orb
|
|upkeep
|
|t:|1783619078
|switch|p1b: Kingambit|Kingambit, L50, M|100/100
|turn|5
|inactive|Klefastra has 30 seconds left.
|inactive|Klefastra has 20 seconds left.
|
|t:|1783619116
|switch|p2a: Farigiraf|Farigiraf, L50, F|42/100
|move|p1b: Kingambit|Protect|p1b: Kingambit
|-singleturn|p1b: Kingambit|Protect
|move|p1a: Basculegion|Aqua Jet||[still]
|cant|p2a: Farigiraf|ability: Armor Tail|Aqua Jet|[of] p1a: Basculegion
|move|p2b: Sneasler|Fling|p1a: Basculegion
|-supereffective|p1a: Basculegion|1
|-crit|p1a: Basculegion
|-damage|p1a: Basculegion|0 fnt
|-enditem|p2b: Sneasler|Iron Ball|[from] move: Fling
|faint|p1a: Basculegion
|
|-fieldend|move: Trick Room
|upkeep
|turn|6
|
|t:|1783619129
|move|p2b: Sneasler|Close Combat|p1b: Kingambit
|-supereffective|p1b: Kingambit|2
|-enditem|p1b: Kingambit|Chople Berry|[eat]
|-enditem|p1b: Kingambit|Chople Berry|[weaken]
|-damage|p1b: Kingambit|10/100
|-unboost|p2b: Sneasler|def|1
|-unboost|p2b: Sneasler|spd|1
|move|p2a: Farigiraf|Thunderbolt|p1b: Kingambit
|-damage|p1b: Kingambit|0 fnt
|faint|p1b: Kingambit
|
|win|gentlemangarby
||Klefastra is ready for game 2.
||gentlemangarby is ready for game 2.
|uhtml|next|Next: Game 2 of 3
|l| Autin Mago
|l| lylysha
|l| LunarMageMystia
|j| Autin Mago
|l| Autin Mago
