|j|☆gardevoirandvapo
|j|☆BlRD BOY
|html|gardevoirandvapoBlRD BOY    
|uhtml|bestof|Game 2 of a best-of-3
|t:|1783438581
|gametype|doubles
|player|p1|gardevoirandvapo|101|1027
|player|p2|BlRD BOY|brycen|1124
|gen|9
|tier|[Gen 9 Champions] VGC 2026 Reg M-B (Bo3)
|rated|
|rule|Species Clause: Limit one of each Pokémon
|rule|Item Clause: Limit 1 of each item
|clearpoke
|poke|p1|Clefable, L50, F|
|poke|p1|Excadrill, L50, M|
|poke|p1|Aerodactyl, L50, M|
|poke|p1|Scrafty, L50, F|
|poke|p1|Altaria, L50, M|
|poke|p1|Ditto, L50|
|poke|p2|Torkoal, L50, M|
|poke|p2|Avalugg-Hisui, L50, F|
|poke|p2|Farigiraf, L50, M|
|poke|p2|Scrafty, L50, F|
|poke|p2|Typhlosion-Hisui, L50, F|
|poke|p2|Sinistcha-Masterpiece, L50|
|teampreview|4
|showteam|p1|Clefable||Clefablite|Unaware|Moonblast,AirSlash,FollowMe,Protect|Modest||F|||50|]Excadrill||FocusSash|MoldBreaker|Earthquake,HighHorsepower,IronHead,Protect|Adamant||M|||50|]Aerodactyl||FocusBand|Unnerve|Tailwind,WideGuard,DualWingbeat,StoneEdge|Jolly||M|||50|]Scrafty||SitrusBerry|Intimidate|FakeOut,QuickGuard,KnockOff,HelpingHand|Sassy||F|||50|]Altaria||Altarianite|CloudNine|HyperBeam,WillOWisp,Roost,DracoMeteor|Modest||M|||50|]Ditto||LifeOrb|Imposter|Transform|Timid|||||50|
|showteam|p2|Torkoal||Charcoal|Drought|Protect,Eruption,WeatherBall,EarthPower|Quiet||M|||50|]Avalugg-Hisui||WideLens|Sturdy|MountainGale,RockSlide,BodyPress,WideGuard|Brave||F|||50|]Farigiraf||SitrusBerry|ArmorTail|PsychicFangs,Thunderbolt,HelpingHand,TrickRoom|Relaxed||M|||50|]Scrafty||Scraftinite|Intimidate|Detect,KnockOff,CloseCombat,FakeOut|Brave||F|||50|]Typhlosion-Hisui||ChoiceScarf|Frisk|Eruption,HeatWave,ShadowBall,SolarBeam|Modest||F|||50|]Sinistcha-Masterpiece||KasibBerry|Hospitality|MatchaGotcha,ShadowBall,RagePowder,TrickRoom|Sassy|||||50|
|inactive|Battle timer is ON: inactive players will automatically lose when time's up. (requested by gardevoirandvapo)
|inactive|gardevoirandvapo has 60 seconds left.
|
|t:|1783438684
|teamsize|p1|4
|teamsize|p2|4
|start
|switch|p1a: Ditto|Ditto, L50|100/100
|switch|p1b: Altaria|Altaria, L50, M|100/100
|switch|p2a: Typhlosion|Typhlosion-Hisui, L50, F|100/100
|switch|p2b: Avalugg|Avalugg-Hisui, L50, F|100/100
|-item|p1a: Ditto|Life Orb|[from] ability: Frisk|[of] p2a: Typhlosion
|-item|p1b: Altaria|Altarianite|[from] ability: Frisk|[of] p2a: Typhlosion
|-transform|p1a: Ditto|p2b: Avalugg|[from] ability: Imposter
|-ability|p1b: Altaria|Cloud Nine
|turn|1
|inactive|gardevoirandvapo has 30 seconds left.
|inactive|BlRD BOY has 30 seconds left.
|inactive|BlRD BOY has 20 seconds left.
|inactive|BlRD BOY has 15 seconds left.
|inactive|gardevoirandvapo has 20 seconds left.
|inactive|BlRD BOY has 10 seconds left.
|inactive|BlRD BOY has 5 seconds left.
|
|t:|1783438735
|detailschange|p1b: Altaria|Altaria-Mega, L50, M
|-mega|p1b: Altaria|Altaria|Altarianite
|move|p2a: Typhlosion|Eruption|p1a: Ditto|[spread] p1a,p1b
|-resisted|p1b: Altaria|1
|-ability|p1a: Ditto|Sturdy
|-damage|p1a: Ditto|1/100
|-damage|p1b: Altaria|72/100
|move|p1b: Altaria|Draco Meteor|p2a: Typhlosion
|-damage|p2a: Typhlosion|12/100
|-unboost|p1b: Altaria|spa|2
|move|p1a: Ditto|Body Press|p2b: Avalugg
|-supereffective|p2b: Avalugg|2
|-ability|p2b: Avalugg|Sturdy
|-damage|p2b: Avalugg|1/100
|-damage|p1a: Ditto|0 fnt|[from] item: Life Orb
|faint|p1a: Ditto
|move|p2b: Avalugg|Body Press|p1b: Altaria
|-resisted|p1b: Altaria|1
|-damage|p1b: Altaria|56/100
|
|upkeep
|
|t:|1783438758
|switch|p1a: Excadrill|Excadrill, L50, M|100/100
|-ability|p1a: Excadrill|Mold Breaker
|turn|2
|
|t:|1783438780
|switch|p2a: Farigiraf|Farigiraf, L50, M|100/100
|switch|p1b: Aerodactyl|Aerodactyl, L50, M|100/100
|-ability|p1b: Aerodactyl|Unnerve
|move|p2b: Avalugg|Wide Guard|p2b: Avalugg
|-singleturn|p2b: Avalugg|Wide Guard
|move|p1a: Excadrill|High Horsepower|p2a: Farigiraf
|-damage|p2a: Farigiraf|59/100
|
|upkeep
|turn|3
|inactive|gardevoirandvapo has 30 seconds left.
|inactive|gardevoirandvapo has 20 seconds left.
|inactive|gardevoirandvapo has 15 seconds left.
|
|t:|1783438822
|move|p2b: Avalugg|Wide Guard|p2b: Avalugg
|-singleturn|p2b: Avalugg|Wide Guard
|move|p1b: Aerodactyl|Stone Edge|p2a: Farigiraf
|-damage|p2a: Farigiraf|32/100
|move|p1a: Excadrill|Earthquake|p2a: Farigiraf|[spread] 
|-activate|p2a: Farigiraf|move: Wide Guard
|-activate|p2b: Avalugg|move: Wide Guard
|-immune|p1b: Aerodactyl
|move|p2a: Farigiraf|Trick Room|p2a: Farigiraf
|-fieldstart|move: Trick Room|[of] p2a: Farigiraf
|
|upkeep
|turn|4
|inactive|gardevoirandvapo has 30 seconds left.
|inactive|gardevoirandvapo has 20 seconds left.
|inactive|gardevoirandvapo has 15 seconds left.
|
|t:|1783438865
|move|p2b: Avalugg|Mountain Gale|p1a: Excadrill
|-damage|p1a: Excadrill|3/100
|move|p2a: Farigiraf|Thunderbolt|p1b: Aerodactyl
|-supereffective|p1b: Aerodactyl|1
|-damage|p1b: Aerodactyl|41/100
|cant|p1a: Excadrill|flinch
|move|p1b: Aerodactyl|Dual Wingbeat|p2b: Avalugg
|-resisted|p2b: Avalugg|1
|-damage|p2b: Avalugg|0 fnt
|faint|p2b: Avalugg
|-hitcount|p2: Avalugg|1
|
|upkeep
|
|t:|1783438875
|switch|p2b: Torkoal|Torkoal, L50, M|100/100
|-weather|SunnyDay|[from] ability: Drought|[of] p2b: Torkoal
|turn|5
|inactive|gardevoirandvapo has 30 seconds left.
|
|t:|1783438909
|move|p1a: Excadrill|Protect|p1a: Excadrill
|-singleturn|p1a: Excadrill|Protect
|move|p1b: Aerodactyl|Wide Guard|p1b: Aerodactyl
|-singleturn|p1b: Aerodactyl|Wide Guard
|move|p2b: Torkoal|Weather Ball|p1a: Excadrill
|-activate|p1a: Excadrill|move: Protect
|move|p2a: Farigiraf|Thunderbolt|p1b: Aerodactyl
|-supereffective|p1b: Aerodactyl|1
|-activate|p1b: Aerodactyl|item: Focus Band
|-damage|p1b: Aerodactyl|1/100
|
|-weather|SunnyDay|[upkeep]
|upkeep
|turn|6
|inactive|BlRD BOY has 30 seconds left.
|
|t:|1783438934
|move|p1b: Aerodactyl|Wide Guard|p1b: Aerodactyl
|-singleturn|p1b: Aerodactyl|Wide Guard
|move|p2b: Torkoal|Weather Ball|p1b: Aerodactyl
|-resisted|p1b: Aerodactyl|1
|-damage|p1b: Aerodactyl|0 fnt
|-enditem|p2a: Farigiraf|Sitrus Berry|[eat]
|-heal|p2a: Farigiraf|57/100|[from] item: Sitrus Berry
|faint|p1b: Aerodactyl
|move|p2a: Farigiraf|Psychic Fangs|p1a: Excadrill
|-resisted|p1a: Excadrill|1
|-damage|p1a: Excadrill|0 fnt
|faint|p1a: Excadrill
|
|-weather|SunnyDay|[upkeep]
|upkeep
|
|t:|1783438949
|switch|p1a: Altaria|Altaria-Mega, L50, M|56/100
|turn|7
|
|t:|1783438955
|move|p2b: Torkoal|Eruption|p1a: Altaria
|-resisted|p1a: Altaria|1
|-damage|p1a: Altaria|0 fnt
|faint|p1a: Altaria
|
|win|BlRD BOY
|raw|gardevoirandvapo's rating: 1027 → 1017(-10 for losing)
|raw|BlRD BOY's rating: 1124 → 1142(+18 for winning)
