|j|‽JvmRdDCmp
|j|☆ChimpDoppio
|html|JvmRdDCmpChimpDoppio    
|uhtml|bestof|Game 1 of a best-of-3
|t:|1757199052
|gametype|doubles
|player|p1|JvmRdDCmp|2|1174
|player|p2|ChimpDoppio|ingo|1187
|gen|9
|tier|[Gen 9] VGC 2025 Reg H (Bo3)
|rated|
|rule|Species Clause: Limit one of each Pokémon
|rule|Item Clause: Limit 1 of each item
|clearpoke
|poke|p1|Slaking, L50, M|
|poke|p1|Kilowattrel, L50, M|
|poke|p1|Volcarona, L50, M|
|poke|p1|Wyrdeer, L50, F|
|poke|p1|Weezing, L50, F|
|poke|p1|Palafin, L50, F|
|poke|p2|Porygon2, L50|
|poke|p2|Ursaluna, L50, M|
|poke|p2|Volcarona, L50, F|
|poke|p2|Grimmsnarl, L50, M|
|poke|p2|Annihilape, L50, M|
|poke|p2|Hydreigon, L50, F|
|teampreview|4
|showteam|p1|Slaking||SafetyGoggles|Truant|Protect,DoubleEdge,SuckerPunch,SlackOff|||M|||50|,,,,,Normal]Kilowattrel||ChoiceScarf|Competitive|Electroweb,Thunderbolt,VoltSwitch,Hurricane|||M|||50|,,,,,Electric]Volcarona||SitrusBerry|FlameBody|Protect,FieryDance,BugBuzz,QuiverDance|||M|||50|,,,,,Poison]Wyrdeer||MentalHerb|Intimidate|SkillSwap,ExpandingForce,Protect,TeraBlast|||F|||50|,,,,,Fairy]Weezing||Leftovers|NeutralizingGas|Protect,Taunt,WillOWisp,SludgeBomb|||F|||50|,,,,,Dark]Palafin||EjectPack|ZerotoHero|JetPunch,WaveCrash,CloseCombat,Haze|||F|||50|,,,,,Water
|showteam|p2|Porygon2||Eviolite|Download|IceBeam,TeraBlast,Recover,TrickRoom||||||50|,,,,,Flying]Ursaluna||FlameOrb|Guts|Facade,Earthquake,HeadlongRush,Protect|||M|||50|,,,,,Ghost]Volcarona||SitrusBerry|FlameBody|GigaDrain,HeatWave,QuiverDance,RagePowder|||F|||50|,,,,,Dragon]Grimmsnarl||LightClay|Prankster|SpiritBreak,Reflect,LightScreen,PartingShot|||M|||50|,,,,,Ghost]Annihilape||SafetyGoggles|Defiant|Protect,BulkUp,DrainPunch,RageFist|||M|||50|,,,,,Water]Hydreigon||AssaultVest|Levitate|DracoMeteor,DarkPulse,EarthPower,FlashCannon|||F|||50|,,,,,Steel
|inactive|Battle timer is ON: inactive players will automatically lose when time's up. (requested by ChimpDoppio)
|inactive|JvmRdDCmp has 60 seconds left.
|
|t:|1757199095
|teamsize|p1|4
|teamsize|p2|4
|start
|switch|p1a: Weezing|Weezing, L50, F|100/100
|switch|p1b: Palafin|Palafin, L50, F|100/100
|switch|p2a: Grimmsnarl|Grimmsnarl, L50, M|100/100
|switch|p2b: Annihilape|Annihilape, L50, M, shiny|100/100
|-ability|p1a: Weezing|Neutralizing Gas
|turn|1
|
|t:|1757199111
|move|p1b: Palafin|Close Combat|p2a: Grimmsnarl
|-damage|p2a: Grimmsnarl|65/100
|-unboost|p1b: Palafin|def|1
|-unboost|p1b: Palafin|spd|1
|-enditem|p1b: Palafin|Eject Pack
|
|t:|1757199118
|detailschange|p1b: Palafin|Palafin-Hero, L50, F
|switch|p1b: Volcarona|Volcarona, L50, M|100/100
|move|p2b: Annihilape|Bulk Up|p2b: Annihilape
|-boost|p2b: Annihilape|atk|1
|-boost|p2b: Annihilape|def|1
|move|p2a: Grimmsnarl|Reflect|p2a: Grimmsnarl
|-sidestart|p2: ChimpDoppio|Reflect
|move|p1a: Weezing|Will-O-Wisp|p2b: Annihilape|[miss]
|-miss|p1a: Weezing|p2b: Annihilape
|
|upkeep
|turn|2
|
|t:|1757199142
|move|p2b: Annihilape|Protect|p2b: Annihilape
|-singleturn|p2b: Annihilape|Protect
|move|p1b: Volcarona|Quiver Dance|p1b: Volcarona
|-boost|p1b: Volcarona|spa|1
|-boost|p1b: Volcarona|spd|1
|-boost|p1b: Volcarona|spe|1
|move|p2a: Grimmsnarl|Parting Shot|p1b: Volcarona
|-unboost|p1b: Volcarona|atk|1
|-unboost|p1b: Volcarona|spa|1
|
|t:|1757199150
|switch|p2a: Volcarona|Volcarona, L50, F, shiny|100/100|[from] Parting Shot
|move|p1a: Weezing|Will-O-Wisp|p2b: Annihilape
|-activate|p2b: Annihilape|move: Protect
|
|upkeep
|turn|3
|
|t:|1757199168
|move|p2a: Volcarona|Rage Powder|p2a: Volcarona
|-singleturn|p2a: Volcarona|move: Rage Powder
|move|p1b: Volcarona|Quiver Dance|p1b: Volcarona
|-boost|p1b: Volcarona|spa|1
|-boost|p1b: Volcarona|spd|1
|-boost|p1b: Volcarona|spe|1
|move|p2b: Annihilape|Bulk Up|p2b: Annihilape
|-boost|p2b: Annihilape|atk|1
|-boost|p2b: Annihilape|def|1
|move|p1a: Weezing|Will-O-Wisp|p2a: Volcarona
|-immune|p2a: Volcarona
|
|upkeep
|turn|4
|inactive|JvmRdDCmp has 30 seconds left.
|inactive|ChimpDoppio has 30 seconds left.
|
|t:|1757199196
|-terastallize|p1b: Volcarona|Poison
|move|p1b: Volcarona|Fiery Dance|p2b: Annihilape
|-damage|p2b: Annihilape|58/100
|-boost|p1b: Volcarona|spa|1
|move|p2a: Volcarona|Heat Wave|p1a: Weezing|[spread] p1a,p1b
|-damage|p1a: Weezing|71/100
|-damage|p1b: Volcarona|85/100
|move|p2b: Annihilape|Rage Fist|p1a: Weezing
|-damage|p1a: Weezing|0 fnt
|faint|p1a: Weezing
|-end|p1a: Weezing|ability: Neutralizing Gas
|
|upkeep
|
|t:|1757199210
|switch|p1a: Palafin|Palafin-Hero, L50, F|100/100
|-activate|p1a: Palafin|ability: Zero to Hero
|turn|5
|
|t:|1757199227
|-terastallize|p2a: Volcarona|Dragon
|move|p2a: Volcarona|Rage Powder|p2a: Volcarona
|-singleturn|p2a: Volcarona|move: Rage Powder
|move|p1a: Palafin|Jet Punch|p2a: Volcarona
|-resisted|p2a: Volcarona
|-damage|p2a: Volcarona|90/100
|move|p1b: Volcarona|Fiery Dance|p2a: Volcarona
|-resisted|p2a: Volcarona
|-damage|p2a: Volcarona|60/100
|move|p2b: Annihilape|Rage Fist|p1b: Volcarona
|-damage|p1b: Volcarona|5/100
|-status|p2b: Annihilape|brn|[from] ability: Flame Body|[of] p1b: Volcarona
|-enditem|p1b: Volcarona|Sitrus Berry|[eat]
|-heal|p1b: Volcarona|30/100|[from] item: Sitrus Berry
|
|-damage|p2b: Annihilape|52/100 brn|[from] brn
|upkeep
|turn|6
|
|t:|1757199250
|switch|p1b: Slaking|Slaking, L50, M|100/100
|move|p2a: Volcarona|Rage Powder|p2a: Volcarona
|-singleturn|p2a: Volcarona|move: Rage Powder
|move|p1a: Palafin|Wave Crash|p2a: Volcarona
|-resisted|p2a: Volcarona
|-damage|p2a: Volcarona|38/100
|-enditem|p2a: Volcarona|Sitrus Berry|[eat]
|-heal|p2a: Volcarona|63/100|[from] item: Sitrus Berry
|-damage|p1a: Palafin|93/100|[from] Recoil
|move|p2b: Annihilape|Rage Fist|p1b: Slaking
|-immune|p1b: Slaking
|
|-damage|p2b: Annihilape|46/100 brn|[from] brn
|upkeep
|turn|7
|
|t:|1757199272
|move|p2a: Volcarona|Rage Powder|p2a: Volcarona
|-singleturn|p2a: Volcarona|move: Rage Powder
|move|p1a: Palafin|Haze|p1a: Palafin
|-clearallboost
|move|p1b: Slaking|Double-Edge|p2a: Volcarona
|-damage|p2a: Volcarona|14/100
|-damage|p1b: Slaking|87/100|[from] Recoil
|move|p2b: Annihilape|Drain Punch|p1b: Slaking
|-supereffective|p1b: Slaking
|-damage|p1b: Slaking|61/100
|-heal|p2b: Annihilape|60/100 brn|[from] drain|[of] p1b: Slaking
|
|-damage|p2b: Annihilape|53/100 brn|[from] brn
|upkeep
|turn|8
|inactive|JvmRdDCmp has 30 seconds left.
|
|t:|1757199298
|move|p2a: Volcarona|Giga Drain|p1a: Palafin
|-supereffective|p1a: Palafin
|-damage|p1a: Palafin|53/100
|-heal|p2a: Volcarona|33/100|[from] drain|[of] p1a: Palafin
|move|p1a: Palafin|Wave Crash|p2b: Annihilape
|-damage|p2b: Annihilape|0 fnt
|faint|p2b: Annihilape
|-damage|p1a: Palafin|34/100|[from] Recoil
|cant|p1b: Slaking|ability: Truant
|
|-sideend|p2: ChimpDoppio|Reflect
|upkeep
|
|t:|1757199314
|switch|p2b: Grimmsnarl|Grimmsnarl, L50, M|65/100
|turn|9
|
|t:|1757199333
|move|p2b: Grimmsnarl|Reflect|p2b: Grimmsnarl
|-sidestart|p2: ChimpDoppio|Reflect
|move|p2a: Volcarona|Giga Drain|p1a: Palafin
|-supereffective|p1a: Palafin
|-damage|p1a: Palafin|0 fnt
|-heal|p2a: Volcarona|49/100|[from] drain|[of] p1a: Palafin
|faint|p1a: Palafin
|move|p1b: Slaking|Double-Edge|p2a: Volcarona
|-damage|p2a: Volcarona|5/100
|-damage|p1b: Slaking|49/100|[from] Recoil
|
|upkeep
|
|t:|1757199340
|switch|p1a: Volcarona|Volcarona, L50, M, tera:Poison|30/100
|turn|10
|
|t:|1757199353
|move|p2b: Grimmsnarl|Light Screen|p2b: Grimmsnarl
|-sidestart|p2: ChimpDoppio|move: Light Screen
|move|p2a: Volcarona|Heat Wave|p1a: Volcarona|[spread] p1a,p1b
|-damage|p1a: Volcarona|2/100
|-damage|p1b: Slaking|24/100
|move|p1a: Volcarona|Quiver Dance|p1a: Volcarona
|-boost|p1a: Volcarona|spa|1
|-boost|p1a: Volcarona|spd|1
|-boost|p1a: Volcarona|spe|1
|cant|p1b: Slaking|ability: Truant
|
|upkeep
|turn|11
|
|t:|1757199375
|move|p1b: Slaking|Sucker Punch|p2a: Volcarona
|-damage|p2a: Volcarona|0 fnt
|-status|p1b: Slaking|brn|[from] ability: Flame Body|[of] p2a: Volcarona
|faint|p2a: Volcarona
|move|p1a: Volcarona|Fiery Dance|p2b: Grimmsnarl
|-damage|p2b: Grimmsnarl|35/100
|move|p2b: Grimmsnarl|Spirit Break|p1a: Volcarona
|-resisted|p1a: Volcarona
|-damage|p1a: Volcarona|0 fnt
|faint|p1a: Volcarona
|
|-damage|p1b: Slaking|17/100 brn|[from] brn
|upkeep
|
|t:|1757199389
|switch|p2a: Hydreigon|Hydreigon, L50, F|100/100
|turn|12
|
|t:|1757199393
|cant|p1b: Slaking|ability: Truant
|move|p2a: Hydreigon|Dark Pulse|p1b: Slaking
|-damage|p1b: Slaking|0 fnt
|faint|p1b: Slaking
|
|win|ChimpDoppio
||ChimpDoppio is ready for game 2.
||JvmRdDCmp is ready for game 2.
|uhtml|next|Next: Game 2 of 3
|l|‽JvmRdDCmp
|player|p1|
