|j|☆naibot2814
|j|☆mertering
|html|naibot2814mertering    
|uhtml|bestof|Game 1 of a best-of-3
|t:|1782617254
|gametype|doubles
|player|p1|naibot2814|ghetsis|1363
|player|p2|mertering|steven|1559
|gen|9
|tier|[Gen 9 Champions] VGC 2026 Reg M-B (Bo3)
|rated|
|rule|Species Clause: Limit one of each Pokémon
|rule|Item Clause: Limit 1 of each item
|clearpoke
|poke|p1|Metagross, L50, shiny|
|poke|p1|Sneasler, L50, M|
|poke|p1|Hydreigon, L50, M|
|poke|p1|Incineroar, L50, M|
|poke|p1|Aerodactyl, L50, M|
|poke|p1|Floette-Eternal, L50, F|
|poke|p2|Blaziken, L50, F|
|poke|p2|Kingambit, L50, F|
|poke|p2|Basculegion, L50, M|
|poke|p2|Farigiraf, L50, F|
|poke|p2|Floette-Eternal, L50, F|
|poke|p2|Whimsicott, L50, F|
|teampreview|4
|showteam|p1|Metagross||Metagrossite|ClearBody|PsychicFangs,BodyPress,IronHead,Protect|Jolly|||||50|]Sneasler||WhiteHerb|Unburden|FakeOut,Coaching,CloseCombat,DireClaw|Jolly||M|||50|]Hydreigon||ChoiceScarf|Levitate|DracoMeteor,Snarl,DarkPulse,Flamethrower|Modest||M|||50|]Incineroar||PasshoBerry|Intimidate|FakeOut,DarkestLariat,FlareBlitz,PartingShot|Careful||M|||50|]Aerodactyl||FocusSash|Unnerve|DualWingbeat,RockSlide,WideGuard,Tailwind|Jolly||M|||50|]Floette-Eternal||Floettite|FlowerVeil|DrainingKiss,DazzlingGleam,CalmMind,Protect|Modest||F|||50|
|showteam|p2|Blaziken||Blazikenite|SpeedBoost|CloseCombat,FlareBlitz,RockSlide,Protect|Adamant||F|||50|]Kingambit||BlackGlasses|Defiant|KowtowCleave,SuckerPunch,IronHead,LowKick|Adamant||F|||50|]Basculegion||LifeOrb|Adaptability|WaveCrash,LastRespects,AquaJet,Protect|Jolly||M|||50|]Farigiraf||SitrusBerry|ArmorTail|Imprison,Psyshock,HelpingHand,TrickRoom|Bold||F|||50|]Floette-Eternal||Floettite|FlowerVeil|DazzlingGleam,Moonblast,LightofRuin,Protect|Modest||F|||50|]Whimsicott||FocusSash|Prankster|Moonblast,Tailwind,Encore,Protect|Timid||F|||50|
|inactive|Battle timer is ON: inactive players will automatically lose when time's up. (requested by mertering)
|
|t:|1782617285
|teamsize|p1|4
|teamsize|p2|4
|start
|switch|p1a: Nagatoro|Sneasler, L50, M|100/100
|switch|p1b: Metron|Metagross, L50, shiny|100/100
|switch|p2a: Whimsicott|Whimsicott, L50, F|100/100
|switch|p2b: Floette|Floette-Eternal, L50, F|100/100
|turn|1
|inactive|naibot2814 has 30 seconds left.
|
|t:|1782617311
|detailschange|p2b: Floette|Floette-Mega, L50, F
|-mega|p2b: Floette|Floette|Floettite
|-ability|p2b: Floette|Fairy Aura
|detailschange|p1b: Metron|Metagross-Mega, L50, shiny
|-mega|p1b: Metron|Metagross|Metagrossite
|move|p2a: Whimsicott|Protect|p2a: Whimsicott
|-singleturn|p2a: Whimsicott|Protect
|move|p1a: Nagatoro|Fake Out|p2a: Whimsicott
|-activate|p2a: Whimsicott|move: Protect
|move|p1b: Metron|Iron Head|p2a: Whimsicott
|-activate|p2a: Whimsicott|move: Protect
|move|p2b: Floette|Moonblast|p1a: Nagatoro
|-damage|p1a: Nagatoro|0 fnt
|faint|p1a: Nagatoro
|
|upkeep
|
|t:|1782617321
|switch|p1a: Gumball|Incineroar, L50, M|100/100
|-ability|p1a: Gumball|Intimidate|boost
|-unboost|p2a: Whimsicott|atk|1
|-unboost|p2b: Floette|atk|1
|turn|2
|
|t:|1782617333
|switch|p2a: Kingambit|Kingambit, L50, F|100/100
|move|p2b: Floette|Protect|p2b: Floette
|-singleturn|p2b: Floette|Protect
|move|p1b: Metron|Psychic Fangs|p2a: Kingambit
|-immune|p2a: Kingambit
|move|p1a: Gumball|Darkest Lariat|p2a: Kingambit
|-resisted|p2a: Kingambit|1
|-damage|p2a: Kingambit|85/100
|
|upkeep
|turn|3
|inactive|mertering has 30 seconds left.
|
|t:|1782617359
|move|p1b: Metron|Iron Head|p2b: Floette
|-supereffective|p2b: Floette|1
|-damage|p2b: Floette|0 fnt
|faint|p2b: Floette
|move|p2a: Kingambit|Kowtow Cleave|p1b: Metron
|-supereffective|p1b: Metron|1
|-damage|p1b: Metron|7/100
|move|p1a: Gumball|Flare Blitz|p2a: Kingambit
|-supereffective|p2a: Kingambit|1
|-damage|p2a: Kingambit|12/100
|-damage|p1a: Gumball|78/100|[from] Recoil
|
|upkeep
|
|t:|1782617371
|switch|p2b: Whimsicott|Whimsicott, L50, F|100/100
|turn|4
|
|t:|1782617389
|move|p2b: Whimsicott|Moonblast|p1b: Metron
|-resisted|p1b: Metron|1
|-damage|p1b: Metron|0 fnt
|faint|p1b: Metron
|move|p2a: Kingambit|Low Kick|p1a: Gumball
|-supereffective|p1a: Gumball|1
|-damage|p1a: Gumball|23/100
|move|p1a: Gumball|Flare Blitz|p2b: Whimsicott
|-supereffective|p2b: Whimsicott|1
|-enditem|p2b: Whimsicott|Focus Sash
|-damage|p2b: Whimsicott|1/100
|-damage|p1a: Gumball|1/100|[from] Recoil
|
|upkeep
|
|t:|1782617393
|switch|p1b: HAIL HYDRA|Hydreigon, L50, M|100/100
|turn|5
|inactive|mertering has 30 seconds left.
|
|t:|1782617422
|move|p2b: Whimsicott|Tailwind|p2b: Whimsicott
|-sidestart|p2: mertering|move: Tailwind
|move|p2a: Kingambit|Sucker Punch|p1a: Gumball
|-resisted|p1a: Gumball|1
|-damage|p1a: Gumball|0 fnt
|faint|p1a: Gumball
|move|p1b: HAIL HYDRA|Snarl|p2b: Whimsicott|[spread] p2a,p2b
|-resisted|p2a: Kingambit|1
|-resisted|p2b: Whimsicott|1
|-damage|p2a: Kingambit|0 fnt
|-damage|p2b: Whimsicott|0 fnt
|faint|p2a: Kingambit
|faint|p2b: Whimsicott
|
|upkeep
|
|t:|1782617434
|switch|p2b: Basculegion|Basculegion, L50, M|100/100
|turn|6
|
|t:|1782617438
|move|p2b: Basculegion|Last Respects|p1b: HAIL HYDRA
|-resisted|p1b: HAIL HYDRA|1
|-damage|p1b: HAIL HYDRA|12/100
|-damage|p2b: Basculegion|90/100|[from] item: Life Orb
|move|p1b: HAIL HYDRA|Snarl|p2b: Basculegion
|-supereffective|p2b: Basculegion|1
|-damage|p2b: Basculegion|14/100
|-unboost|p2b: Basculegion|spa|1
|
|upkeep
|turn|7
|
|t:|1782617448
|move|p2b: Basculegion|Last Respects|p1b: HAIL HYDRA
|-resisted|p1b: HAIL HYDRA|1
|-damage|p1b: HAIL HYDRA|0 fnt
|faint|p1b: HAIL HYDRA
|-damage|p2b: Basculegion|4/100|[from] item: Life Orb
|
|win|mertering
||naibot2814 is ready for game 2.
||mertering is ready for game 2.
|uhtml|next|Next: Game 2 of 3
|l|☆naibot2814
|player|p1|
