|j|☆chestnot
|j|☆roman_legend
|html|chestnotroman_legend    
|uhtml|bestof|Game 2 of a best-of-3
|t:|1757172417
|gametype|doubles
|player|p1|chestnot|collector|1119
|player|p2|roman_legend|nate-masters|1177
|gen|9
|tier|[Gen 9] VGC 2025 Reg H (Bo3)
|rated|
|rule|Species Clause: Limit one of each Pokémon
|rule|Item Clause: Limit 1 of each item
|clearpoke
|poke|p1|Ceruledge, L50, F|
|poke|p1|Sableye, L50, M|
|poke|p1|Rillaboom, L50, M|
|poke|p1|Incineroar, L50, F|
|poke|p1|Tauros-Paldea-Aqua, L50, M|
|poke|p1|Kilowattrel, L50, M|
|poke|p2|Gholdengo, L50|
|poke|p2|Sneasler, L50, M|
|poke|p2|Rillaboom, L50, M|
|poke|p2|Dragonite, L50, F|
|poke|p2|Ninetales-Alola, L50, M|
|poke|p2|Arcanine-Hisui, L50, M|
|teampreview|4
|showteam|p1|Ceruledge||GrassySeed|FlashFire|BitterBlade,Poltergeist,BulkUp,Protect|||F|||50|,,,,,Grass]Sableye||LightClay|Prankster|WillOWisp,LightScreen,Snarl,Encore|||M|||50|,,,,,Dark]Rillaboom||AssaultVest|GrassySurge|Uturn,DrumBeating,GrassyGlide,FakeOut|||M|||50|,,,,,Grass]Incineroar||RockyHelmet|Intimidate|KnockOff,PartingShot,FlareBlitz,FakeOut|||F|||50|,,,,,Bug]Tauros-Paldea-Aqua||MirrorHerb|Intimidate|CloseCombat,RagingBull,Protect,HighHorsepower|||M|||50|,,,,,Stellar]Kilowattrel||CovertCloak|Competitive|Thunderbolt,Tailwind,EerieImpulse,Protect|||M|||50|,,,,,Electric
|showteam|p2|Gholdengo||GrassySeed|GoodasGold|NastyPlot,MakeItRain,ShadowBall,Protect||||||50|,,,,,Water]Sneasler||WhiteHerb|Unburden|CloseCombat,DireClaw,Coaching,Protect|||M|||50|,,,,,Ghost]Rillaboom||AssaultVest|GrassySurge|FakeOut,GrassyGlide,DrumBeating,HighHorsepower|||M|||50|,,,,,Fire]Dragonite||LoadedDice|Multiscale|ScaleShot,StompingTantrum,Tailwind,Protect|||F|||50|,,,,,Ground]Ninetales-Alola||FocusSash|SnowWarning|Blizzard,IcyWind,Encore,AuroraVeil|||M|||50|,,,,,Ghost]Arcanine-Hisui||ClearAmulet|Intimidate|RockSlide,FlareBlitz,ExtremeSpeed,Protect|||M|||50|,,,,,Water
|inactive|Battle timer is ON: inactive players will automatically lose when time's up. (requested by chestnot)
|inactive|chestnot has 60 seconds left.
|
|t:|1757172450
|teamsize|p1|4
|teamsize|p2|4
|start
|switch|p1a: Kilowattrel|Kilowattrel, L50, M|100/100
|switch|p1b: Incineroar|Incineroar, L50, F|100/100
|switch|p2a: Gholdengo|Gholdengo, L50, shiny|100/100
|switch|p2b: Ninetales|Ninetales-Alola, L50, M|100/100
|-weather|Snowscape|[from] ability: Snow Warning|[of] p2b: Ninetales
|-ability|p1b: Incineroar|Intimidate|boost
|-unboost|p2a: Gholdengo|atk|1
|-unboost|p2b: Ninetales|atk|1
|turn|1
|inactive|chestnot has 30 seconds left.
|inactive|roman_legend has 30 seconds left.
|
|t:|1757172485
|move|p1a: Kilowattrel|Tailwind|p1a: Kilowattrel
|-sidestart|p1: chestnot|move: Tailwind
|move|p2b: Ninetales|Blizzard|p1a: Kilowattrel|[spread] p1a,p1b
|-supereffective|p1a: Kilowattrel
|-resisted|p1b: Incineroar
|-damage|p1a: Kilowattrel|0 fnt
|-damage|p1b: Incineroar|85/100
|faint|p1a: Kilowattrel
|move|p1b: Incineroar|Knock Off|p2a: Gholdengo
|-supereffective|p2a: Gholdengo
|-damage|p2a: Gholdengo|0 fnt
|-enditem|p2a: Gholdengo|Grassy Seed|[from] move: Knock Off|[of] p1b: Incineroar
|faint|p2a: Gholdengo
|
|-weather|Snowscape|[upkeep]
|upkeep
|
|t:|1757172501
|switch|p1a: Sableye|Sableye, L50, M|100/100
|switch|p2a: Arcanine|Arcanine-Hisui, L50, M, shiny|100/100
|-ability|p2a: Arcanine|Intimidate|boost
|-unboost|p1a: Sableye|atk|1
|-unboost|p1b: Incineroar|atk|1
|turn|2
|
|t:|1757172519
|move|p1a: Sableye|Light Screen|p1a: Sableye
|-sidestart|p1: chestnot|move: Light Screen
|move|p2b: Ninetales|Aurora Veil|p2b: Ninetales
|-sidestart|p2: roman_legend|move: Aurora Veil
|move|p1b: Incineroar|Flare Blitz|p2b: Ninetales
|-supereffective|p2b: Ninetales
|-damage|p2b: Ninetales|49/100
|-damage|p1b: Incineroar|73/100|[from] Recoil
|move|p2a: Arcanine|Rock Slide|p1a: Sableye|[spread] p1a,p1b
|-supereffective|p1b: Incineroar
|-damage|p1a: Sableye|60/100
|-damage|p1b: Incineroar|21/100
|
|-weather|Snowscape|[upkeep]
|upkeep
|turn|3
|
|t:|1757172540
|move|p2b: Ninetales|Icy Wind|p1a: Sableye|[spread] p1a,p1b
|-resisted|p1b: Incineroar
|-crit|p1b: Incineroar
|-damage|p1a: Sableye|48/100
|-damage|p1b: Incineroar|11/100
|-unboost|p1a: Sableye|spe|1
|-unboost|p1b: Incineroar|spe|1
|move|p2a: Arcanine|Rock Slide|p1b: Incineroar|[spread] p1a,p1b
|-supereffective|p1b: Incineroar
|-damage|p1a: Sableye|11/100
|-damage|p1b: Incineroar|0 fnt
|faint|p1b: Incineroar
|cant|p1a: Sableye|flinch
|
|-weather|Snowscape|[upkeep]
|upkeep
|
|t:|1757172550
|switch|p1b: Tauros|Tauros-Paldea-Aqua, L50, M|100/100
|-ability|p1b: Tauros|Intimidate|boost
|-fail|p2a: Arcanine|unboost|[from] item: Clear Amulet|[of] p2a: Arcanine
|-unboost|p2b: Ninetales|atk|1
|turn|4
|
|t:|1757172570
|switch|p2b: Rillaboom|Rillaboom, L50, M|100/100
|-fieldstart|move: Grassy Terrain|[from] ability: Grassy Surge|[of] p2b: Rillaboom
|-terastallize|p2a: Arcanine|Water
|move|p1b: Tauros|Raging Bull|p2b: Rillaboom
|-sideend|p2: roman_legend|move: Aurora Veil
|-resisted|p2b: Rillaboom
|-damage|p2b: Rillaboom|80/100
|move|p2a: Arcanine|Rock Slide|p1b: Tauros|[spread] p1a,p1b
|-crit|p1a: Sableye
|-resisted|p1b: Tauros
|-damage|p1a: Sableye|0 fnt
|-damage|p1b: Tauros|85/100
|faint|p1a: Sableye
|
|-weather|Snowscape|[upkeep]
|-heal|p1b: Tauros|91/100|[from] Grassy Terrain
|-heal|p2b: Rillaboom|86/100|[from] Grassy Terrain
|-sideend|p1: chestnot|move: Tailwind
|upkeep
|turn|5
|
|t:|1757172589
|switch|p2a: Ninetales|Ninetales-Alola, L50, M|49/100
|move|p1b: Tauros|Protect|p1b: Tauros
|-singleturn|p1b: Tauros|Protect
|move|p2b: Rillaboom|Fake Out|p1b: Tauros
|-activate|p1b: Tauros|move: Protect
|
|-weather|none
|-heal|p2a: Ninetales|56/100|[from] Grassy Terrain
|-heal|p1b: Tauros|97/100|[from] Grassy Terrain
|-heal|p2b: Rillaboom|92/100|[from] Grassy Terrain
|upkeep
|turn|6
|
|t:|1757172598
|-terastallize|p1b: Tauros|Stellar
|move|p2a: Ninetales|Encore|p1b: Tauros
|-start|p1b: Tauros|Encore
|move|p1b: Tauros|Protect|p1b: Tauros
|-singleturn|p1b: Tauros|Protect
|move|p2b: Rillaboom|Drum Beating|p1b: Tauros
|-activate|p1b: Tauros|move: Protect
|
|-heal|p2a: Ninetales|62/100|[from] Grassy Terrain
|-heal|p1b: Tauros|100/100|[from] Grassy Terrain
|-heal|p2b: Rillaboom|97/100|[from] Grassy Terrain
|upkeep
|turn|7
|
|t:|1757172607
|move|p1b: Tauros|Protect||[still]
|-fail|p1b: Tauros
|move|p2a: Ninetales|Icy Wind|p1b: Tauros|[miss]
|-miss|p2a: Ninetales|p1b: Tauros
|move|p2b: Rillaboom|Drum Beating|p1b: Tauros
|-supereffective|p1b: Tauros
|-damage|p1b: Tauros|0 fnt
|faint|p1b: Tauros
|
|win|roman_legend
|raw|chestnot's rating: 1119 → 1098(-21 for losing)
|raw|roman_legend's rating: 1177 → 1198(+21 for winning)
