|j|â€½T-block
|j|â˜†MuppetsChristmas
|html|T-blockMuppetsChristmas    
|uhtml|bestof|Game 2 of a best-of-3
|t:|1756327660
|gametype|doubles
|player|p1|T-block|266|1335
|player|p2|MuppetsChristmas|pokemonbreederf-gen4|1261
|gen|9
|tier|[Gen 9] VGC 2025 Reg H (Bo3)
|rated|
|rule|Species Clause: Limit one of each PokÃ©mon
|rule|Item Clause: Limit 1 of each item
|clearpoke
|poke|p1|Rillaboom, L50, F|
|poke|p1|Ninetales-Alola, L50, M|
|poke|p1|Gholdengo, L50|
|poke|p1|Garchomp, L50, M|
|poke|p1|Incineroar, L50, F|
|poke|p1|Dragonite, L50, F|
|poke|p2|Gholdengo, L50|
|poke|p2|Rillaboom, L50, M|
|poke|p2|Arcanine-Hisui, L50, F|
|poke|p2|Sneasler, L50, M|
|poke|p2|Dragonite, L50, F|
|poke|p2|Ninetales-Alola, L50, M|
|teampreview|4
|showteam|p1|Rillaboom||AssaultVest|GrassySurge|GrassyGlide,WoodHammer,FakeOut,HighHorsepower|||F|||50|,,,,,Fire]Ninetales-Alola||FocusSash|SnowWarning|Blizzard,IcyWind,Encore,AuroraVeil|||M|||50|,,,,,Ghost]Gholdengo||GrassySeed|GoodasGold|NastyPlot,MakeItRain,ShadowBall,Protect||||||50|,,,,,Water]Garchomp||ChoiceBand|RoughSkin|StompingTantrum,RockSlide,DragonClaw,Outrage|||M|||50|,,,,,Fire]Incineroar||SafetyGoggles|Intimidate|FlareBlitz,KnockOff,FakeOut,PartingShot|||F|||50|,,,,,Water]Dragonite||LoadedDice|Multiscale|ScaleShot,Haze,Tailwind,Protect|||F|||50|,,,,,Fairy
|showteam|p2|Gholdengo||GrassySeed|GoodasGold|MakeItRain,NastyPlot,ShadowBall,Protect||||||50|,,,,,Water]Rillaboom||AssaultVest|GrassySurge|FakeOut,GrassyGlide,WoodHammer,Uturn|||M|||50|,,,,,Fire]Arcanine-Hisui||ClearAmulet|Intimidate|RockSlide,FlareBlitz,ExtremeSpeed,Protect|||F|||50|,,,,,Water]Sneasler||FocusSash|Unburden|CloseCombat,DireClaw,Coaching,Protect|||M|||50|,,,,,Stellar]Dragonite||LoadedDice|Multiscale|ScaleShot,StompingTantrum,Protect,Tailwind|||F|||50|,,,,,Ground]Ninetales-Alola||CovertCloak|SnowWarning|Blizzard,IcyWind,AuroraVeil,Encore|||M|||50|,,,,,Ice
|
|t:|1756327696
|teamsize|p1|4
|teamsize|p2|4
|start
|switch|p1a: Ninetales|Ninetales-Alola, L50, M|100/100
|switch|p1b: Gholdengo|Gholdengo, L50|100/100
|switch|p2a: Dearg Doom|Arcanine-Hisui, L50, F|100/100
|switch|p2b: Rocky Road|Sneasler, L50, M|100/100
|-weather|Snowscape|[from] ability: Snow Warning|[of] p1a: Ninetales
|-ability|p2a: Dearg Doom|Intimidate|boost
|-unboost|p1a: Ninetales|atk|1
|-unboost|p1b: Gholdengo|atk|1
|turn|1
|l|â˜†MuppetsChristmas
|player|p2|
|j|â˜†MuppetsChristmas
|player|p2|MuppetsChristmas|pokemonbreederf-gen4|
|
|t:|1756327731
|-terastallize|p1b: Gholdengo|Water
|move|p2b: Rocky Road|Coaching|p2a: Dearg Doom
|-boost|p2a: Dearg Doom|atk|1
|-boost|p2a: Dearg Doom|def|1
|move|p1a: Ninetales|Aurora Veil|p1a: Ninetales
|-sidestart|p1: T-block|move: Aurora Veil
|move|p2a: Dearg Doom|Rock Slide|p1b: Gholdengo|[spread] p1a,p1b
|-supereffective|p1a: Ninetales
|-damage|p1a: Ninetales|49/100
|-damage|p1b: Gholdengo|75/100
|move|p1b: Gholdengo|Nasty Plot|p1b: Gholdengo
|-boost|p1b: Gholdengo|spa|2
|
|-weather|Snowscape|[upkeep]
|upkeep
|turn|2
|l|â˜†MuppetsChristmas
|player|p2|
|j|â˜†MuppetsChristmas
|player|p2|MuppetsChristmas|pokemonbreederf-gen4|
|
|t:|1756327768
|switch|p1a: Incineroar|Incineroar, L50, F|100/100
|-ability|p1a: Incineroar|Intimidate|boost
|-fail|p2a: Dearg Doom|unboost|[from] item: Clear Amulet|[of] p2a: Dearg Doom
|-unboost|p2b: Rocky Road|atk|1
|-terastallize|p2a: Dearg Doom|Water
|move|p2b: Rocky Road|Coaching|p2a: Dearg Doom
|-boost|p2a: Dearg Doom|atk|1
|-boost|p2a: Dearg Doom|def|1
|move|p2a: Dearg Doom|Rock Slide|p1a: Incineroar|[spread] p1a,p1b
|-supereffective|p1a: Incineroar
|-damage|p1a: Incineroar|28/100
|-damage|p1b: Gholdengo|41/100
|move|p1b: Gholdengo|Make It Rain|p2a: Dearg Doom|[spread] p2a,p2b
|-resisted|p2a: Dearg Doom
|-damage|p2a: Dearg Doom|49/100
|-enditem|p2b: Rocky Road|Focus Sash
|-damage|p2b: Rocky Road|1/100
|-unboost|p1b: Gholdengo|spa|1
|
|-weather|Snowscape|[upkeep]
|upkeep
|turn|3
|
|t:|1756327791
|switch|p1a: Rillaboom|Rillaboom, L50, F|100/100
|-fieldstart|move: Grassy Terrain|[from] ability: Grassy Surge|[of] p1a: Rillaboom
|-enditem|p1b: Gholdengo|Grassy Seed
|-boost|p1b: Gholdengo|def|1|[from] item: Grassy Seed
|move|p2b: Rocky Road|Dire Claw|p1a: Rillaboom
|-supereffective|p1a: Rillaboom
|-damage|p1a: Rillaboom|64/100
|-status|p1a: Rillaboom|slp
|move|p2a: Dearg Doom|Rock Slide|p1b: Gholdengo|[spread] p1a,p1b
|-damage|p1a: Rillaboom|29/100 slp
|-damage|p1b: Gholdengo|19/100
|move|p1b: Gholdengo|Shadow Ball|p2a: Dearg Doom
|-damage|p2a: Dearg Doom|0 fnt
|faint|p2a: Dearg Doom
|
|-weather|Snowscape|[upkeep]
|-heal|p2b: Rocky Road|7/100|[from] Grassy Terrain
|-heal|p1b: Gholdengo|25/100|[from] Grassy Terrain
|-heal|p1a: Rillaboom|35/100 slp|[from] Grassy Terrain
|upkeep
|
|t:|1756327794
|switch|p2a: N17|Rillaboom, L50, M|100/100
|turn|4
|
|t:|1756327827
|switch|p2b: Crazy World|Gholdengo, L50|100/100
|-enditem|p2b: Crazy World|Grassy Seed
|-boost|p2b: Crazy World|def|1|[from] item: Grassy Seed
|move|p1b: Gholdengo|Protect|p1b: Gholdengo
|-singleturn|p1b: Gholdengo|Protect
|cant|p1a: Rillaboom|slp
|move|p2a: N17|U-turn|p1a: Rillaboom
|-supereffective|p1a: Rillaboom
|-damage|p1a: Rillaboom|2/100 slp
|
|t:|1756327829
|switch|p2a: Rocky Road|Sneasler, L50, M|7/100|[from] U-turn
|
|-weather|Snowscape|[upkeep]
|-heal|p2a: Rocky Road|13/100|[from] Grassy Terrain
|-heal|p1b: Gholdengo|31/100|[from] Grassy Terrain
|-heal|p1a: Rillaboom|8/100 slp|[from] Grassy Terrain
|upkeep
|turn|5
|
|t:|1756327860
|-curestatus|p1a: Rillaboom|slp|[msg]
|move|p1a: Rillaboom|Grassy Glide|p2a: Rocky Road
|-resisted|p2a: Rocky Road
|-damage|p2a: Rocky Road|0 fnt
|faint|p2a: Rocky Road
|move|p1b: Gholdengo|Shadow Ball|p2b: Crazy World
|-supereffective|p2b: Crazy World
|-damage|p2b: Crazy World|0 fnt
|faint|p2b: Crazy World
|
|-weather|none
|-heal|p1b: Gholdengo|37/100|[from] Grassy Terrain
|-heal|p1a: Rillaboom|14/100|[from] Grassy Terrain
|-sideend|p1: T-block|move: Aurora Veil
|upkeep
|c|â˜†MuppetsChristmas|Yay speed ties
|-message|MuppetsChristmas forfeited.
|
|win|T-block
|raw|T-block's rating: 1335 → 1351(+16 for winning)
|raw|MuppetsChristmas's rating: 1261 → 1241(-20 for losing)
|l|â˜†MuppetsChristmas
|player|p2|
