|j|☆azazel78/
|j|☆TeyVgc
|html|azazel78/TeyVgc    
|uhtml|bestof|Game 2 of a best-of-3
|t:|1783138269
|gametype|doubles
|player|p1|azazel78/|riley|1155
|player|p2|TeyVgc|rood|1140
|gen|9
|tier|[Gen 9 Champions] VGC 2026 Reg M-B (Bo3)
|rated|
|rule|Species Clause: Limit one of each Pokémon
|rule|Item Clause: Limit 1 of each item
|clearpoke
|poke|p1|Delphox, L50, M|
|poke|p1|Ninetales-Alola, L50, F|
|poke|p1|Mawile, L50, M|
|poke|p1|Sinistcha-Masterpiece, L50|
|poke|p1|Sneasler, L50, M|
|poke|p1|Mamoswine, L50, M|
|poke|p2|Excadrill, L50, F|
|poke|p2|Tyranitar, L50, M|
|poke|p2|Staraptor, L50, F|
|poke|p2|Sinistcha, L50|
|poke|p2|Milotic, L50, F|
|poke|p2|Gholdengo, L50|
|teampreview|4
|showteam|p1|Delphox||Delphoxite|Blaze|HeatWave,Psyshock,NastyPlot,Protect|Timid||M|||50|]Ninetales-Alola||NeverMeltIce|SnowWarning|Blizzard,FreezeDry,Encore,Protect|Timid||F|||50|]Mawile||Mawilite|HyperCutter|BrickBreak,PlayRough,SuckerPunch,Protect|Adamant||M|||50|]Sinistcha-Masterpiece||CobaBerry|Hospitality|RagePowder,MatchaGotcha,TrickRoom,Protect|Bold|||||50|]Sneasler||WhiteHerb|Unburden|ThroatChop,FakeOut,CloseCombat,GunkShot|Adamant||M|||50|]Mamoswine||ChoiceScarf|Oblivious|IceShard,IcicleCrash,HighHorsepower,RockSlide|Jolly||M|||50|
|showteam|p2|Excadrill||FocusSash|SandRush|Earthquake,IronHead,RockSlide,Protect|Adamant||F|||50|]Tyranitar||Tyranitarite|SandStream|RockSlide,KnockOff,DragonDance,Protect|Adamant||M|||50|]Staraptor||Staraptite|Intimidate|BraveBird,CloseCombat,Tailwind,Protect|Jolly||F|||50|]Sinistcha||SitrusBerry|Hospitality|MatchaGotcha,RagePowder,LifeDew,TrickRoom|Calm|||||50|]Milotic||Leftovers|Competitive|Scald,IceBeam,Recover,Protect|Modest||F|||50|]Gholdengo||LifeOrb|GoodasGold|MakeItRain,ShadowBall,NastyPlot,Protect|Modest|||||50|
|
|t:|1783138301
|teamsize|p1|4
|teamsize|p2|4
|start
|switch|p1a: Mamoswine|Mamoswine, L50, M|100/100
|switch|p1b: Ninetales|Ninetales-Alola, L50, F|100/100
|switch|p2a: Excadrill|Excadrill, L50, F|100/100
|switch|p2b: Tyranitar|Tyranitar, L50, M|100/100
|-weather|Snowscape|[from] ability: Snow Warning|[of] p1b: Ninetales
|-weather|Sandstorm|[from] ability: Sand Stream|[of] p2b: Tyranitar
|turn|1
|
|t:|1783138324
|switch|p1b: Sinistcha|Sinistcha-Masterpiece, L50|100/100
|detailschange|p2b: Tyranitar|Tyranitar-Mega, L50, M
|-mega|p2b: Tyranitar|Tyranitar|Tyranitarite
|move|p2a: Excadrill|Rock Slide|p1a: Mamoswine|[spread] p1a,p1b
|-damage|p1a: Mamoswine|75/100
|-damage|p1b: Sinistcha|83/100
|cant|p1a: Mamoswine|flinch
|move|p2b: Tyranitar|Dragon Dance|p2b: Tyranitar
|-boost|p2b: Tyranitar|atk|1
|-boost|p2b: Tyranitar|spe|1
|
|-weather|Sandstorm|[upkeep]
|-damage|p1b: Sinistcha|76/100|[from] Sandstorm
|upkeep
|turn|2
|
|t:|1783138362
|move|p1b: Sinistcha|Protect|p1b: Sinistcha
|-singleturn|p1b: Sinistcha|Protect
|move|p2a: Excadrill|Iron Head|p1a: Mamoswine
|-supereffective|p1a: Mamoswine|1
|-damage|p1a: Mamoswine|0 fnt
|faint|p1a: Mamoswine
|move|p2b: Tyranitar|Knock Off|p1b: Sinistcha
|-activate|p1b: Sinistcha|move: Protect
|
|-weather|Sandstorm|[upkeep]
|-damage|p1b: Sinistcha|70/100|[from] Sandstorm
|upkeep
|
|t:|1783138376
|switch|p1a: Ninetales|Ninetales-Alola, L50, F|100/100
|-weather|Snowscape|[from] ability: Snow Warning|[of] p1a: Ninetales
|turn|3
|
|t:|1783138386
|switch|p1b: Mawile|Mawile, L50, M|100/100
|move|p1a: Ninetales|Blizzard|p2b: Tyranitar|[spread] p2a,p2b
|-damage|p2a: Excadrill|45/100
|-damage|p2b: Tyranitar|69/100
|move|p2b: Tyranitar|Rock Slide|p1b: Mawile|[spread] p1a,p1b
|-supereffective|p1a: Ninetales|1
|-resisted|p1b: Mawile|1
|-damage|p1a: Ninetales|0 fnt
|-damage|p1b: Mawile|65/100
|faint|p1a: Ninetales
|move|p2a: Excadrill|Rock Slide|p1b: Mawile
|-resisted|p1b: Mawile|1
|-damage|p1b: Mawile|47/100
|
|-weather|Snowscape|[upkeep]
|upkeep
|
|t:|1783138398
|switch|p1a: Sinistcha|Sinistcha-Masterpiece, L50|70/100
|-heal|p1b: Mawile|71/100|[from] ability: Hospitality|[of] p1a: Sinistcha
|turn|4
|
|t:|1783138417
|switch|p2a: Sinistcha|Sinistcha, L50|100/100
|-heal|p2b: Tyranitar|94/100|[from] ability: Hospitality|[of] p2a: Sinistcha
|detailschange|p1b: Mawile|Mawile-Mega, L50, M
|-mega|p1b: Mawile|Mawile|Mawilite
|move|p2b: Tyranitar|Knock Off|p1a: Sinistcha
|-supereffective|p1a: Sinistcha|1
|-damage|p1a: Sinistcha|0 fnt
|-enditem|p1a: Sinistcha|Coba Berry|[from] move: Knock Off|[of] p2b: Tyranitar
|faint|p1a: Sinistcha
|move|p1b: Mawile|Play Rough|p2a: Sinistcha
|-damage|p2a: Sinistcha|20/100y
|-enditem|p2a: Sinistcha|Sitrus Berry|[eat]
|-heal|p2a: Sinistcha|44/100|[from] item: Sitrus Berry
|
|-weather|Snowscape|[upkeep]
|upkeep
|turn|5
|c|☆azazel78/|sybau
|
|t:|1783138448
|switch|p2b: Milotic|Milotic, L50, F|100/100
|move|p2a: Sinistcha|Rage Powder|p2a: Sinistcha
|-singleturn|p2a: Sinistcha|move: Rage Powder
|move|p1b: Mawile|Brick Break|p2a: Sinistcha
|-immune|p2a: Sinistcha
|
|-weather|Snowscape|[upkeep]
|upkeep
|turn|6
|-message|azazel78/ forfeited.
|
|win|TeyVgc
|raw|azazel78/'s rating: 1155 → 1129(-26 for losing)
|raw|TeyVgc's rating: 1140 → 1166(+26 for winning)
