|j|☆xhooorxhi
|j|☆breloomb01
|html|xhooorxhibreloomb01    
|uhtml|bestof|Game 1 of a best-of-3
|t:|1785346875
|gametype|doubles
|player|p1|xhooorxhi|102|1147
|player|p2|breloomb01|roughneck|1129
|gen|9
|tier|[Gen 9 Champions] VGC 2026 Reg M-B (Bo3)
|rated|
|rule|Species Clause: Limit one of each Pokémon
|rule|Item Clause: Limit 1 of each item
|clearpoke
|poke|p1|Altaria, L50, F|
|poke|p1|Delphox, L50, F|
|poke|p1|Sneasler, L50, F, shiny|
|poke|p1|Sinistcha, L50, shiny|
|poke|p1|Floette-Eternal, L50, F|
|poke|p1|Kingambit, L50, M, shiny|
|poke|p2|Floette-Eternal, L50, F|
|poke|p2|Incineroar, L50, F|
|poke|p2|Sinistcha, L50|
|poke|p2|Garchomp, L50, M|
|poke|p2|Sneasler, L50, M|
|poke|p2|Rotom-Wash, L50|
|teampreview|4
|showteam|p1|Altaria||SitrusBerry|CloudNine|DragonPulse,WillOWisp,Tailwind,Protect|Timid||F|||50|]Delphox||Delphoxite|Blaze|HeatWave,Psychic,NastyPlot,Protect|Jolly||F|||50|]Sneasler||FocusSash|PoisonTouch|CloseCombat,PoisonJab,Coaching,FakeOut|Adamant||F|||50|]Sinistcha||LifeOrb|Hospitality|MatchaGotcha,ShadowBall,RagePowder,Protect|Modest|||||50|]Floette-Eternal||Floettite|FlowerVeil|Moonblast,DazzlingGleam,LightofRuin,Protect|Modest||F|||50|]Kingambit||ExpertBelt|Defiant|IronHead,KowtowCleave,SuckerPunch,LowKick|Adamant||M|||50|
|showteam|p2|Floette-Eternal||Floettite|FlowerVeil|DrainingKiss,DazzlingGleam,CalmMind,Protect|Modest||F|||50|]Incineroar||SitrusBerry|Intimidate|FakeOut,FlareBlitz,ThroatChop,PartingShot|Careful||F|||50|]Sinistcha||KasibBerry|Hospitality|MatchaGotcha,RagePowder,LifeDew,TrickRoom|Calm|||||50|]Garchomp||LifeOrb|RoughSkin|Earthquake,DragonClaw,RockSlide,Protect|Jolly||M|||50|]Sneasler||FocusSash|PoisonTouch|FakeOut,DireClaw,CloseCombat,Protect|Jolly||M|||50|]Rotom-Wash||Leftovers|Levitate|HydroPump,VoltSwitch,WillOWisp,Electroweb|Modest|||||50|
|
|t:|1785346903
|teamsize|p1|4
|teamsize|p2|4
|start
|switch|p1a: Delphox|Delphox, L50, F|100/100
|switch|p1b: Altaria|Altaria, L50, F|100/100
|switch|p2a: Floette|Floette-Eternal, L50, F|100/100
|switch|p2b: Sneasler|Sneasler, L50, M|100/100
|-ability|p1b: Altaria|Cloud Nine
|turn|1
|
|t:|1785346927
|detailschange|p1a: Delphox|Delphox-Mega, L50, F
|-mega|p1a: Delphox|Delphox|Delphoxite
|detailschange|p2a: Floette|Floette-Mega, L50, F
|-mega|p2a: Floette|Floette|Floettite
|-ability|p2a: Floette|Fairy Aura
|move|p2b: Sneasler|Fake Out|p1a: Delphox
|-damage|p1a: Delphox|78/100
|-status|p1a: Delphox|psn|[from] ability: Poison Touch|[of] p2b: Sneasler
|cant|p1a: Delphox|flinch
|move|p2a: Floette|Calm Mind|p2a: Floette
|-boost|p2a: Floette|spa|1
|-boost|p2a: Floette|spd|1
|move|p1b: Altaria|Tailwind|p1b: Altaria
|-sidestart|p1: xhooorxhi|move: Tailwind
|
|-damage|p1a: Delphox|65/100 psn|[from] psn
|upkeep
|turn|2
|
|t:|1785346953
|move|p2b: Sneasler|Protect|p2b: Sneasler
|-singleturn|p2b: Sneasler|Protect
|move|p1a: Delphox|Psychic|p2b: Sneasler
|-activate|p2b: Sneasler|move: Protect
|move|p1b: Altaria|Dragon Pulse|p2b: Sneasler
|-activate|p2b: Sneasler|move: Protect
|move|p2a: Floette|Dazzling Gleam|p1a: Delphox|[spread] p1a,p1b
|-resisted|p1a: Delphox|1
|-supereffective|p1b: Altaria|1
|-damage|p1a: Delphox|26/100 psn
|-damage|p1b: Altaria|0 fnt
|faint|p1b: Altaria
|
|-damage|p1a: Delphox|13/100 psn|[from] psn
|upkeep
|
|t:|1785346955
|switch|p1b: Sinistcha|Sinistcha, L50, shiny|100/100
|-heal|p1a: Delphox|38/100 psn|[from] ability: Hospitality|[of] p1b: Sinistcha
|turn|3
|
|t:|1785346963
|switch|p2b: Sinistcha|Sinistcha, L50|100/100
|move|p1a: Delphox|Psychic|p2b: Sinistcha
|-damage|p2b: Sinistcha|58/100
|move|p1b: Sinistcha|Matcha Gotcha|p2b: Sinistcha|[spread] p2a,p2b
|-resisted|p2b: Sinistcha|1
|-damage|p2a: Floette|80/100
|-damage|p2b: Sinistcha|39/100
|-damage|p1b: Sinistcha|90/100|[from] item: Life Orb
|move|p2a: Floette|Dazzling Gleam|p1b: Sinistcha|[spread] p1a,p1b
|-resisted|p1a: Delphox|1
|-damage|p1a: Delphox|0 fnt
|-damage|p1b: Sinistcha|3/100
|faint|p1a: Delphox
|
|upkeep
|
|t:|1785346975
|switch|p1a: Sneasler|Sneasler, L50, F, shiny|100/100
|turn|4
|
|t:|1785346986
|move|p2b: Sinistcha|Rage Powder|p2b: Sinistcha
|-singleturn|p2b: Sinistcha|move: Rage Powder
|move|p1a: Sneasler|Poison Jab|p2b: Sinistcha
|-damage|p2b: Sinistcha|0 fnt
|faint|p2b: Sinistcha
|move|p1b: Sinistcha|Matcha Gotcha|p2a: Floette|[miss]
|-miss|p1b: Sinistcha|p2a: Floette
|move|p2a: Floette|Dazzling Gleam|p1b: Sinistcha|[spread] p1a,p1b
|-enditem|p1a: Sneasler|Focus Sash
|-damage|p1a: Sneasler|1/100
|-damage|p1b: Sinistcha|0 fnt
|faint|p1b: Sinistcha
|
|-sideend|p1: xhooorxhi|move: Tailwind
|upkeep
|
|t:|1785346991
|switch|p2b: Garchomp|Garchomp, L50, M|100/100
|turn|5
|
|t:|1785346997
|move|p1a: Sneasler|Poison Jab|p2a: Floette
|-supereffective|p2a: Floette|1
|-damage|p2a: Floette|0 fnt
|faint|p2a: Floette
|move|p2b: Garchomp|Dragon Claw|p1a: Sneasler
|-damage|p1a: Sneasler|0 fnt
|faint|p1a: Sneasler
|-damage|p2b: Garchomp|90/100|[from] item: Life Orb
|
|win|breloomb01
||breloomb01 is ready for game 2.
||xhooorxhi is ready for game 2.
|uhtml|next|Next: Game 2 of 3
|l|☆xhooorxhi
|player|p1|
