|j|☆Zio Chri
|j|☆kariuus
|html|Zio Chrikariuus    
|uhtml|bestof|Game 1 of a best-of-3
|t:|1757773687
|gametype|doubles
|player|p1|Zio Chri|169|1019
|player|p2|kariuus|1|1011
|gen|9
|tier|[Gen 9] VGC 2025 Reg H (Bo3)
|rated|
|rule|Species Clause: Limit one of each Pokémon
|rule|Item Clause: Limit 1 of each item
|clearpoke
|poke|p1|Goodra-Hisui, L50, F|
|poke|p1|Incineroar, L50, M|
|poke|p1|Rillaboom, L50, F|
|poke|p1|Primarina, L50, M|
|poke|p1|Gholdengo, L50|
|poke|p1|Talonflame, L50, F|
|poke|p2|Indeedee, L50, M|
|poke|p2|Sneasler, L50, F|
|poke|p2|Talonflame, L50, M|
|poke|p2|Ursaluna-Bloodmoon, L50, M|
|poke|p2|Electabuzz, L50, F|
|poke|p2|Dragonite, L50, F|
|teampreview|4
|showteam|p1|Goodra-Hisui||Leftovers|ShellArmor|DragonPulse,FlashCannon,AcidArmor,Protect|||F|||50|,,,,,Flying]Incineroar||PayapaBerry|Intimidate|Snarl,FlareBlitz,FakeOut,PartingShot|||M|||50|,,,,,Fire]Rillaboom||AssaultVest|GrassySurge|WoodHammer,GrassyGlide,Uturn,KnockOff|||F|||50|,,,,,Grass]Primarina||ChoiceSpecs|Torrent|Moonblast,HydroPump,Psychic,DazzlingGleam|||M|||50|,,,,,Water]Gholdengo||LifeOrb|GoodasGold|MakeItRain,ShadowBall,Thunderbolt,Trick||||||50|,,,,,Steel]Talonflame||HeavyDutyBoots|GaleWings|BraveBird,Tailwind,Roost,Taunt|||F|||50|,,,,,Fire
|showteam|p2|Indeedee||FocusSash|PsychicSurge|Protect,ExpandingForce,Imprison,TrickRoom|||M|||50|,,,,,Psychic]Sneasler||PsychicSeed|Unburden|Protect,DireClaw,CloseCombat,ThroatChop|||F|||50|,,,,,Dark]Talonflame||CovertCloak|GaleWings|DualWingbeat,FlareBlitz,Tailwind,WillOWisp|||M|||50|,,,,,Stellar]Ursaluna-Bloodmoon||LifeOrb|MindsEye|Protect,HyperVoice,BloodMoon,EarthPower|||M|||50|,,,,,Normal]Electabuzz||Eviolite|VitalSpirit|Protect,Electroweb,FollowMe,Taunt|||F|||50|,,,,,Dragon]Dragonite||LoadedDice|Multiscale|Protect,ScaleShot,Haze,StompingTantrum|||F|||50|,,,,,Fairy
|inactive|Battle timer is ON: inactive players will automatically lose when time's up. (requested by Zio Chri)
|
|t:|1757773736
|teamsize|p1|4
|teamsize|p2|4
|start
|switch|p1a: Rillaboom|Rillaboom, L50, F|100/100
|switch|p1b: Incineroar|Incineroar, L50, M|100/100
|switch|p2a: Talonflame|Talonflame, L50, M|100/100
|switch|p2b: Sneasler|Sneasler, L50, F|100/100
|-fieldstart|move: Grassy Terrain|[from] ability: Grassy Surge|[of] p1a: Rillaboom
|-ability|p1b: Incineroar|Intimidate|boost
|-unboost|p2a: Talonflame|atk|1
|-unboost|p2b: Sneasler|atk|1
|turn|1
|inactive|Zio Chri has 30 seconds left.
|inactive|Zio Chri has 20 seconds left.
|inactive|Zio Chri has 15 seconds left.
|inactive|Zio Chri has 10 seconds left.
|
|t:|1757773785
|switch|p1a: Primarina|Primarina, L50, M|100/100
|move|p2b: Sneasler|Protect|p2b: Sneasler
|-singleturn|p2b: Sneasler|Protect
|move|p1b: Incineroar|Fake Out|p2b: Sneasler
|-activate|p2b: Sneasler|move: Protect
|move|p2a: Talonflame|Tailwind|p2a: Talonflame
|-sidestart|p2: kariuus|move: Tailwind
|
|upkeep
|turn|2
|inactive|kariuus has 30 seconds left.
|
|t:|1757773821
|switch|p2a: Ursaluna|Ursaluna-Bloodmoon, L50, M|100/100
|move|p2b: Sneasler|Dire Claw|p1a: Primarina
|-supereffective|p1a: Primarina
|-damage|p1a: Primarina|15/100
|-status|p1a: Primarina|par
|move|p1b: Incineroar|Flare Blitz|p2b: Sneasler
|-crit|p2b: Sneasler
|-damage|p2b: Sneasler|0 fnt
|faint|p2b: Sneasler
|-damage|p1b: Incineroar|75/100|[from] Recoil
|cant|p1a: Primarina|par
|
|-heal|p1b: Incineroar|81/100|[from] Grassy Terrain
|-heal|p1a: Primarina|20/100 par|[from] Grassy Terrain
|upkeep
|
|t:|1757773838
|switch|p2b: Talonflame|Talonflame, L50, M|100/100
|turn|3
|
|t:|1757773857
|-terastallize|p2a: Ursaluna|Normal
|move|p2b: Talonflame|Tailwind||[still]
|-fail|p2b: Talonflame
|move|p2a: Ursaluna|Blood Moon|p1b: Incineroar
|-damage|p1b: Incineroar|0 fnt
|faint|p1b: Incineroar
|-damage|p2a: Ursaluna|91/100|[from] item: Life Orb
|move|p1a: Primarina|Hydro Pump|p2a: Ursaluna
|-damage|p2a: Ursaluna|0 fnt
|faint|p2a: Ursaluna
|
|-heal|p1a: Primarina|26/100 par|[from] Grassy Terrain
|upkeep
|
|t:|1757773874
|switch|p2a: Dragonite|Dragonite, L50, F|100/100
|switch|p1b: Goodra|Goodra-Hisui, L50, F|100/100
|turn|4
|inactive|Zio Chri has 30 seconds left.
|inactive|Zio Chri has 20 seconds left.
|
|t:|1757773912
|-terastallize|p1b: Goodra|Flying
|move|p2b: Talonflame|Dual Wingbeat|p1a: Primarina
|-damage|p1a: Primarina|3/100 par
|-damage|p1a: Primarina|0 fnt
|faint|p1a: Primarina
|-hitcount|p1: Primarina|2
|move|p2a: Dragonite|Stomping Tantrum|p1b: Goodra
|-immune|p1b: Goodra
|move|p1b: Goodra|Acid Armor|p1b: Goodra
|-boost|p1b: Goodra|def|2
|
|-sideend|p2: kariuus|move: Tailwind
|upkeep
|
|t:|1757773924
|switch|p1a: Rillaboom|Rillaboom, L50, F|100/100
|turn|5
|
|t:|1757773948
|move|p1a: Rillaboom|Grassy Glide|p2a: Dragonite
|-resisted|p2a: Dragonite
|-damage|p2a: Dragonite|95/100
|move|p2b: Talonflame|Will-O-Wisp|p1a: Rillaboom
|-status|p1a: Rillaboom|brn
|move|p2a: Dragonite|Haze|p2a: Dragonite
|-clearallboost
|move|p1b: Goodra|Dragon Pulse|p2b: Talonflame
|-damage|p2b: Talonflame|48/100
|
|-damage|p1a: Rillaboom|95/100 brn|[from] brn
|-fieldend|move: Grassy Terrain
|upkeep
|turn|6
|inactive|Zio Chri has 30 seconds left.
|inactive|kariuus has 30 seconds left.
|
|t:|1757773987
|move|p2b: Talonflame|Dual Wingbeat|p1b: Goodra|[miss]
|-miss|p2b: Talonflame|p1b: Goodra
|move|p2a: Dragonite|Scale Shot|p1b: Goodra|[miss]
|-miss|p2a: Dragonite|p1b: Goodra
|move|p1a: Rillaboom|Grassy Glide|p2b: Talonflame
|-resisted|p2b: Talonflame
|-damage|p2b: Talonflame|43/100
|move|p1b: Goodra|Dragon Pulse|p2b: Talonflame
|-damage|p2b: Talonflame|0 fnt
|faint|p2b: Talonflame
|
|-damage|p1a: Rillaboom|89/100 brn|[from] brn
|upkeep
|turn|7
|
|t:|1757774007
|move|p2a: Dragonite|Scale Shot|p1b: Goodra
|-damage|p1b: Goodra|87/100
|-damage|p1b: Goodra|73/100
|-damage|p1b: Goodra|59/100
|-damage|p1b: Goodra|44/100
|-damage|p1b: Goodra|31/100
|-hitcount|p1b: Goodra|5
|-unboost|p2a: Dragonite|def|1
|-boost|p2a: Dragonite|spe|1
|move|p1a: Rillaboom|Grassy Glide|p2a: Dragonite
|-resisted|p2a: Dragonite
|-damage|p2a: Dragonite|90/100
|move|p1b: Goodra|Dragon Pulse|p2a: Dragonite
|-supereffective|p2a: Dragonite
|-damage|p2a: Dragonite|25/100
|
|-heal|p1b: Goodra|37/100|[from] item: Leftovers
|-damage|p1a: Rillaboom|83/100 brn|[from] brn
|upkeep
|turn|8
|
|t:|1757774028
|move|p1b: Goodra|Protect|p1b: Goodra
|-singleturn|p1b: Goodra|Protect
|move|p2a: Dragonite|Scale Shot|p1b: Goodra
|-activate|p1b: Goodra|move: Protect
|move|p1a: Rillaboom|Wood Hammer|p2a: Dragonite
|-resisted|p2a: Dragonite
|-damage|p2a: Dragonite|12/100
|-damage|p1a: Rillaboom|80/100 brn|[from] Recoil
|
|-heal|p1b: Goodra|43/100|[from] item: Leftovers
|-damage|p1a: Rillaboom|74/100 brn|[from] brn
|upkeep
|turn|9
|
|t:|1757774044
|move|p2a: Dragonite|Scale Shot|p1b: Goodra
|-damage|p1b: Goodra|28/100
|-damage|p1b: Goodra|15/100
|-damage|p1b: Goodra|0 fnt
|faint|p1b: Goodra
|-hitcount|p1: Goodra|3
|-unboost|p2a: Dragonite|def|1
|-boost|p2a: Dragonite|spe|1
|move|p1a: Rillaboom|Wood Hammer|p2a: Dragonite
|-resisted|p2a: Dragonite
|-damage|p2a: Dragonite|0 fnt
|faint|p2a: Dragonite
|-damage|p1a: Rillaboom|70/100 brn|[from] Recoil
|
|win|Zio Chri
|inactive|Zio Chri has 30 seconds to confirm battle start!
|inactive|kariuus has 30 seconds to confirm battle start!
||kariuus is ready for game 2.
||Zio Chri is ready for game 2.
|uhtml|next|Next: Game 2 of 3
|l|☆Zio Chri
|player|p1|
