|j|☆tidal otter
|j|☆sadkoolaid
|html|tidal ottersadkoolaid    
|uhtml|bestof|Game 2 of a best-of-3
|t:|1784401936
|gametype|doubles
|player|p1|tidal otter|siebold|
|player|p2|sadkoolaid|aaron|
|gen|9
|tier|[Gen 9 Champions] VGC 2026 Reg M-B (Bo3)
|rule|Species Clause: Limit one of each Pokémon
|rule|Item Clause: Limit 1 of each item
|clearpoke
|poke|p1|Charizard, L50, M|
|poke|p1|Venusaur, L50, M|
|poke|p1|Annihilape, L50, M|
|poke|p1|Maushold, L50|
|poke|p1|Grimmsnarl, L50, M|
|poke|p1|Glimmora, L50, F|
|poke|p2|Gengar, L50, F|
|poke|p2|Kommo-o, L50, M|
|poke|p2|Simisear, L50, F|
|poke|p2|Tyranitar, L50, F|
|poke|p2|Sneasler, L50, F|
|poke|p2|Sableye, L50, M|
|teampreview|4
|showteam|p1|Charizard||CharizarditeY|Blaze|HeatWave,SolarBeam,WeatherBall,Protect|Timid||M|||50|]Venusaur||LifeOrb|Chlorophyll|EarthPower,GigaDrain,SleepPowder,Protect|Modest||M|||50|]Annihilape||Leftovers|Defiant|RageFist,DrainPunch,BulkUp,Protect|Adamant||M|||50|]Maushold||ChopleBerry|FriendGuard|BeatUp,SuperFang,FollowMe,Protect|Jolly|||||50|]Grimmsnarl||LightClay|Prankster|FakeOut,LightScreen,Reflect,SpiritBreak|Adamant||M|||50|]Glimmora||FocusSash|ToxicDebris|PowerGem,SludgeBomb,DazzlingGleam,SpikyShield|Timid||F|||50|
|showteam|p2|Gengar||Gengarite|CursedBody|ShadowBall,SludgeBomb,PerishSong,Protect|Timid||F|||50|]Kommo-o||Leftovers|Soundproof|ClangingScales,Protect,AuraSphere,ClangorousSoul|Modest||M|||50|]Simisear||Charcoal|Blaze|FakeOut,Protect,Yawn,HeatWave|Hasty||F|||50|]Tyranitar||Tyranitarite|SandStream|Protect,Assurance,RockSlide,DragonDance|Adamant||F|||50|]Sneasler||WhiteHerb|Unburden|DireClaw,FakeOut,Acrobatics,CloseCombat|Adamant||F|||50|]Sableye||RoseliBerry|Prankster|Feint,Encore,ThunderWave,Hex|Relaxed||M|||50|
|
|t:|1784401986
|teamsize|p1|4
|teamsize|p2|4
|start
|switch|p1a: Skiadrum|Annihilape, L50, M|100/100
|switch|p1b: Elefseria|Maushold, L50|100/100
|switch|p2a: 133+67|Kommo-o, L50, M|100/100
|switch|p2b: 10x20|Gengar, L50, F|100/100
|turn|1
|
|t:|1784402006
|move|p2b: 10x20|Protect|p2b: 10x20
|-singleturn|p2b: 10x20|Protect
|move|p1b: Elefseria|Follow Me|p1b: Elefseria
|-singleturn|p1b: Elefseria|move: Follow Me
|move|p2a: 133+67|Aura Sphere|p1b: Elefseria
|-supereffective|p1b: Elefseria|1
|-enditem|p1b: Elefseria|Chople Berry|[eat]
|-enditem|p1b: Elefseria|Chople Berry|[weaken]
|-damage|p1b: Elefseria|56/100
|move|p1a: Skiadrum|Bulk Up|p1a: Skiadrum
|-boost|p1a: Skiadrum|atk|1
|-boost|p1a: Skiadrum|def|1
|
|upkeep
|turn|2
|
|t:|1784402030
|switch|p2b: sqrt(40000)|Tyranitar, L50, F|100/100
|-weather|Sandstorm|[from] ability: Sand Stream|[of] p2b: sqrt(40000)
|move|p1b: Elefseria|Follow Me|p1b: Elefseria
|-singleturn|p1b: Elefseria|move: Follow Me
|move|p2a: 133+67|Clangorous Soul|p2a: 133+67
|-boost|p2a: 133+67|atk|1
|-boost|p2a: 133+67|def|1
|-boost|p2a: 133+67|spa|1
|-boost|p2a: 133+67|spd|1
|-boost|p2a: 133+67|spe|1
|-damage|p2a: 133+67|67/100
|move|p1a: Skiadrum|Rage Fist|p2b: sqrt(40000)
|-resisted|p2b: sqrt(40000)|1
|-damage|p2b: sqrt(40000)|80/100
|
|-weather|Sandstorm|[upkeep]
|-damage|p2a: 133+67|60/100|[from] Sandstorm
|-damage|p1b: Elefseria|50/100g|[from] Sandstorm
|-damage|p1a: Skiadrum|94/100|[from] Sandstorm
|-heal|p2a: 133+67|67/100|[from] item: Leftovers
|-heal|p1a: Skiadrum|100/100|[from] item: Leftovers
|upkeep
|turn|3
|
|t:|1784402066
|move|p2a: 133+67|Clanging Scales|p1a: Skiadrum|[spread] p1a,p1b
|-damage|p1a: Skiadrum|64/100
|-damage|p1b: Elefseria|0 fnt
|faint|p1b: Elefseria
|-unboost|p2a: 133+67|def|1
|move|p2b: sqrt(40000)|Assurance|p1a: Skiadrum
|-damage|p1a: Skiadrum|20/100y
|move|p1a: Skiadrum|Bulk Up|p1a: Skiadrum
|-boost|p1a: Skiadrum|atk|1
|-boost|p1a: Skiadrum|def|1
|
|-weather|Sandstorm|[upkeep]
|-damage|p2a: 133+67|60/100|[from] Sandstorm
|-damage|p1a: Skiadrum|14/100|[from] Sandstorm
|-heal|p2a: 133+67|67/100|[from] item: Leftovers
|-heal|p1a: Skiadrum|20/100y|[from] item: Leftovers
|upkeep
|
|t:|1784402077
|switch|p1b: Igneel|Charizard, L50, M|100/100
|turn|4
|
|t:|1784402087
|detailschange|p2b: sqrt(40000)|Tyranitar-Mega, L50, F
|-mega|p2b: sqrt(40000)|Tyranitar|Tyranitarite
|move|p1b: Igneel|Protect|p1b: Igneel
|-singleturn|p1b: Igneel|Protect
|move|p1a: Skiadrum|Protect|p1a: Skiadrum
|-singleturn|p1a: Skiadrum|Protect
|move|p2a: 133+67|Clangorous Soul|p2a: 133+67
|-boost|p2a: 133+67|atk|1
|-boost|p2a: 133+67|def|1
|-boost|p2a: 133+67|spa|1
|-boost|p2a: 133+67|spd|1
|-boost|p2a: 133+67|spe|1
|-damage|p2a: 133+67|34/100
|move|p2b: sqrt(40000)|Rock Slide|p1a: Skiadrum|[spread] 
|-activate|p1a: Skiadrum|move: Protect
|-activate|p1b: Igneel|move: Protect
|
|-weather|Sandstorm|[upkeep]
|-damage|p2a: 133+67|28/100|[from] Sandstorm
|-damage|p1b: Igneel|94/100|[from] Sandstorm
|-damage|p1a: Skiadrum|14/100|[from] Sandstorm
|-heal|p2a: 133+67|34/100|[from] item: Leftovers
|-heal|p1a: Skiadrum|20/100y|[from] item: Leftovers
|upkeep
|turn|5
|
|t:|1784402107
|detailschange|p1b: Igneel|Charizard-Mega-Y, L50, M
|-mega|p1b: Igneel|Charizard|Charizardite Y
|-weather|SunnyDay|[from] ability: Drought|[of] p1b: Igneel
|move|p2a: 133+67|Clanging Scales|p1b: Igneel|[spread] p1a,p1b
|-damage|p1a: Skiadrum|0 fnt
|-damage|p1b: Igneel|29/100
|faint|p1a: Skiadrum
|-unboost|p2a: 133+67|def|1
|move|p1b: Igneel|Weather Ball|p2a: 133+67
|-resisted|p2a: 133+67|1
|-damage|p2a: 133+67|11/100
|move|p2b: sqrt(40000)|Dragon Dance|p2b: sqrt(40000)
|-boost|p2b: sqrt(40000)|atk|1
|-boost|p2b: sqrt(40000)|spe|1
|
|-weather|SunnyDay|[upkeep]
|-heal|p2a: 133+67|17/100|[from] item: Leftovers
|upkeep
|
|t:|1784402109
|switch|p1a: Aldoron|Venusaur, L50, M|100/100
|turn|6
|
|t:|1784402144
|move|p1b: Igneel|Protect|p1b: Igneel
|-singleturn|p1b: Igneel|Protect
|move|p2a: 133+67|Clanging Scales|p1a: Aldoron|[spread] p1a
|-activate|p1b: Igneel|move: Protect
|-damage|p1a: Aldoron|15/100
|-unboost|p2a: 133+67|def|1
|move|p1a: Aldoron|Giga Drain|p2b: sqrt(40000)
|-supereffective|p2b: sqrt(40000)|1
|-damage|p2b: sqrt(40000)|5/100
|-heal|p1a: Aldoron|58/100|[from] drain|[of] p2b: sqrt(40000)
|-damage|p1a: Aldoron|49/100|[from] item: Life Orb
|move|p2b: sqrt(40000)|Assurance|p1a: Aldoron
|-damage|p1a: Aldoron|0 fnt
|faint|p1a: Aldoron
|
|-weather|SunnyDay|[upkeep]
|-heal|p2a: 133+67|23/100|[from] item: Leftovers
|upkeep
|turn|7
|
|t:|1784402164
|move|p2a: 133+67|Clanging Scales|p1b: Igneel
|-damage|p1b: Igneel|0 fnt
|faint|p1b: Igneel
|
|win|sadkoolaid
|c|☆tidal otter|gg
||sadkoolaid is ready for game 3.
||tidal otter is ready for game 3.
|uhtml|next|Next: Game 3 of 3
|l|☆sadkoolaid
|player|p2|
