|j|☆King_shuckle17
|j|☆Jbl08
|html|King_shuckle17Jbl08    
|uhtml|bestof|Game 2 of a best-of-3
|t:|1756879838
|gametype|doubles
|player|p1|King_shuckle17|lusamine-masters|1148
|player|p2|Jbl08|266|1069
|gen|9
|tier|[Gen 9] VGC 2025 Reg H (Bo3)
|rated|
|rule|Species Clause: Limit one of each Pokémon
|rule|Item Clause: Limit 1 of each item
|clearpoke
|poke|p1|Pelipper, L50, M|
|poke|p1|Archaludon, L50, F|
|poke|p1|Grimmsnarl, L50, M|
|poke|p1|Overqwil, L50, M|
|poke|p1|Gholdengo, L50|
|poke|p1|Maushold, L50|
|poke|p2|Sneasler, L50, F|
|poke|p2|Incineroar, L50, M|
|poke|p2|Sylveon, L50, F|
|poke|p2|Volcarona, L50, F|
|poke|p2|Rillaboom, L50, M|
|poke|p2|Arcanine-Hisui, L50, M|
|teampreview|4
|showteam|p1|Pelipper||FocusSash|Drizzle|Hurricane,WeatherBall,Tailwind,Protect|||M|||50|,,,,,Ghost]Archaludon||AssaultVest|Stamina|ElectroShot,DragonPulse,FlashCannon,BodyPress|||F|||50|,,,,,Fairy]Grimmsnarl||LightClay|Prankster|LightScreen,Reflect,SpiritBreak,SuckerPunch|||M|||50|,,,,,Ghost]Overqwil||LifeOrb|SwiftSwim|BarbBarrage,Crunch,Haze,Protect|||M|||50|,,,,,Grass]Gholdengo||Leftovers|GoodasGold|MakeItRain,ShadowBall,NastyPlot,Protect||||||50|,,,,,Flying]Maushold||SafetyGoggles|FriendGuard|BeatUp,FollowMe,Taunt,Protect||||||50|,,,,,Ghost
|showteam|p2|Sneasler||FocusSash|Unburden|CloseCombat,Coaching,DireClaw,FakeOut|||F|||50|,,,,,Dark]Incineroar||AguavBerry|Intimidate|FakeOut,KnockOff,PartingShot,FlareBlitz|||M|||50|,,,,,Ghost]Sylveon||Leftovers|Pixilate|HyperVoice,DrainingKiss,CalmMind,Protect|||F|||50|,,,,,Steel]Volcarona||CovertCloak|Swarm|FieryDance,QuiverDance,GigaDrain,Protect|||F|||50|,,,,,Bug]Rillaboom||AssaultVest|GrassySurge|GrassyGlide,FakeOut,Uturn,HighHorsepower|||M|||50|,,,,,Fire]Arcanine-Hisui||ChoiceScarf|Intimidate|HeadSmash,CloseCombat,FlareBlitz,ExtremeSpeed|||M|||50|,,,,,Ghost
|
|t:|1756879868
|teamsize|p1|4
|teamsize|p2|4
|start
|switch|p1a: Grimmsnarl|Grimmsnarl, L50, M|100/100
|switch|p1b: Archaludon|Archaludon, L50, F|100/100
|switch|p2a: Arcanine|Arcanine-Hisui, L50, M, shiny|100/100
|switch|p2b: Sneasler|Sneasler, L50, F, shiny|100/100
|-ability|p2a: Arcanine|Intimidate|boost
|-unboost|p1a: Grimmsnarl|atk|1
|-unboost|p1b: Archaludon|atk|1
|turn|1
|
|t:|1756879939
|switch|p1b: Gholdengo|Gholdengo, L50|100/100
|-terastallize|p2a: Arcanine|Ghost
|move|p2b: Sneasler|Fake Out|p1a: Grimmsnarl
|-damage|p1a: Grimmsnarl|86/100
|cant|p1a: Grimmsnarl|flinch
|move|p2a: Arcanine|Head Smash|p1b: Gholdengo
|-resisted|p1b: Gholdengo
|-damage|p1b: Gholdengo|60/100
|-damage|p2a: Arcanine|82/100|[from] Recoil
|
|-heal|p1b: Gholdengo|66/100|[from] item: Leftovers
|upkeep
|turn|2
|
|t:|1756879961
|switch|p2a: Rillaboom|Rillaboom, L50, M, shiny|100/100
|-fieldstart|move: Grassy Terrain|[from] ability: Grassy Surge|[of] p2a: Rillaboom
|move|p1a: Grimmsnarl|Reflect|p1a: Grimmsnarl
|-sidestart|p1: King_shuckle17|Reflect
|move|p2b: Sneasler|Coaching|p2a: Rillaboom
|-boost|p2a: Rillaboom|atk|1
|-boost|p2a: Rillaboom|def|1
|move|p1b: Gholdengo|Make It Rain|p2a: Rillaboom|[spread] p2a,p2b
|-damage|p2a: Rillaboom|61/100
|-damage|p2b: Sneasler|31/100
|-unboost|p1b: Gholdengo|spa|1
|
|-heal|p2b: Sneasler|37/100|[from] Grassy Terrain
|-heal|p1b: Gholdengo|72/100|[from] Grassy Terrain
|-heal|p1b: Gholdengo|78/100|[from] item: Leftovers
|-heal|p2a: Rillaboom|67/100|[from] Grassy Terrain
|-heal|p1a: Grimmsnarl|92/100|[from] Grassy Terrain
|upkeep
|turn|3
|
|t:|1756879989
|switch|p1a: Archaludon|Archaludon, L50, F|100/100
|-terastallize|p1b: Gholdengo|Flying
|move|p2a: Rillaboom|Fake Out|p1a: Archaludon
|-resisted|p1a: Archaludon
|-damage|p1a: Archaludon|95/100
|-ability|p1a: Archaludon|Stamina|boost
|-boost|p1a: Archaludon|def|1
|move|p2b: Sneasler|Coaching|p2a: Rillaboom
|-boost|p2a: Rillaboom|atk|1
|-boost|p2a: Rillaboom|def|1
|move|p1b: Gholdengo|Make It Rain|p2b: Sneasler|[spread] p2a,p2b
|-damage|p2a: Rillaboom|42/100
|-damage|p2b: Sneasler|0 fnt
|-unboost|p1b: Gholdengo|spa|1
|faint|p2b: Sneasler
|
|-heal|p1b: Gholdengo|84/100|[from] item: Leftovers
|-heal|p1a: Archaludon|100/100|[from] Grassy Terrain
|-heal|p2a: Rillaboom|47/100|[from] Grassy Terrain
|upkeep
|
|t:|1756880008
|switch|p2b: Arcanine|Arcanine-Hisui, L50, M, shiny, tera:Ghost|82/100
|-ability|p2b: Arcanine|Intimidate|boost
|-unboost|p1a: Archaludon|atk|1
|-unboost|p1b: Gholdengo|atk|1
|turn|4
|
|t:|1756880026
|move|p2b: Arcanine|Head Smash|p1b: Gholdengo
|-supereffective|p1b: Gholdengo
|-damage|p1b: Gholdengo|0 fnt
|faint|p1b: Gholdengo
|-damage|p2b: Arcanine|45/100|[from] Recoil
|move|p1a: Archaludon|Dragon Pulse|p2b: Arcanine
|-damage|p2b: Arcanine|0 fnt
|faint|p2b: Arcanine
|move|p2a: Rillaboom|High Horsepower|p1a: Archaludon
|-supereffective|p1a: Archaludon
|-damage|p1a: Archaludon|53/100
|-ability|p1a: Archaludon|Stamina|boost
|-boost|p1a: Archaludon|def|1
|
|-heal|p1a: Archaludon|59/100|[from] Grassy Terrain
|-heal|p2a: Rillaboom|53/100|[from] Grassy Terrain
|upkeep
|
|t:|1756880040
|switch|p1b: Pelipper|Pelipper, L50, M|100/100
|switch|p2b: Volcarona|Volcarona, L50, F, shiny|100/100
|-weather|RainDance|[from] ability: Drizzle|[of] p1b: Pelipper
|turn|5
|
|t:|1756880054
|move|p2b: Volcarona|Fiery Dance|p1a: Archaludon
|-damage|p1a: Archaludon|45/100
|-boost|p2b: Volcarona|spa|1
|-ability|p1a: Archaludon|Stamina|boost
|-boost|p1a: Archaludon|def|1
|move|p1b: Pelipper|Hurricane|p2a: Rillaboom
|-supereffective|p2a: Rillaboom
|-damage|p2a: Rillaboom|0 fnt
|faint|p2a: Rillaboom
|move|p1a: Archaludon|Electro Shot||[still]
|-prepare|p1a: Archaludon|Electro Shot
|-boost|p1a: Archaludon|spa|1
|-anim|p1a: Archaludon|Electro Shot|p2b: Volcarona
|-damage|p2b: Volcarona|36/100
|
|-weather|RainDance|[upkeep]
|-heal|p2b: Volcarona|42/100|[from] Grassy Terrain
|-heal|p1a: Archaludon|51/100|[from] Grassy Terrain
|upkeep
|turn|6
|c|☆King_shuckle17|ggs
|
|t:|1756880070
|move|p2b: Volcarona|Quiver Dance|p2b: Volcarona
|-boost|p2b: Volcarona|spa|1
|-boost|p2b: Volcarona|spd|1
|-boost|p2b: Volcarona|spe|1
|move|p1b: Pelipper|Hurricane|p2b: Volcarona
|-supereffective|p2b: Volcarona
|-damage|p2b: Volcarona|0 fnt
|faint|p2b: Volcarona
|
|win|King_shuckle17
|raw|King_shuckle17's rating: 1148 → 1167(+19 for winning)
|raw|Jbl08's rating: 1069 → 1053(-16 for losing)
|l|☆Jbl08
|player|p2|
