|j|☆inadomi
|j|☆FALL3N_DWN
|html|inadomiFALL3N_DWN    
|uhtml|bestof|Game 1 of a best-of-3
|t:|1757029347
|gametype|doubles
|player|p1|inadomi|lady-gen4|1149
|player|p2|FALL3N_DWN|carmine-festival|1143
|gen|9
|tier|[Gen 9] VGC 2025 Reg H (Bo3)
|rated|
|rule|Species Clause: Limit one of each Pokémon
|rule|Item Clause: Limit 1 of each item
|clearpoke
|poke|p1|Indeedee, L50, M|
|poke|p1|Drifblim, L50, M|
|poke|p1|Volcarona, L50, F|
|poke|p1|Kommo-o, L50, M|
|poke|p1|Toxtricity, L50, M|
|poke|p1|Hydreigon, L50, M|
|poke|p2|Electabuzz, L50, M|
|poke|p2|Kingambit, L50, F|
|poke|p2|Volcarona, L50, M|
|poke|p2|Dragonite, L50, F|
|poke|p2|Sneasler, L50, F|
|poke|p2|Rillaboom, L50, M|
|teampreview|4
|showteam|p1|Indeedee||FocusSash|PsychicSurge|ExpandingForce,TeraBlast,Imprison,TrickRoom|||M|||50|,,,,,Ground]Drifblim||PsychicSeed|Unburden|Acrobatics,WillOWisp,StrengthSap,Tailwind|||M|||50|,,,,,Flying]Volcarona||LifeOrb|FlameBody|BugBuzz,HeatWave,TeraBlast,GigaDrain|||F|||50|,,,,,Fairy]Kommo-o||Leftovers|Soundproof|BodyPress,Flamethrower,IronDefense,Protect|||M|||50|,,,,,Fire]Toxtricity||ChoiceSpecs|PunkRock|Overdrive,SludgeBomb,Boomburst,VoltSwitch|||M|||50|,,,,,Normal]Hydreigon||AssaultVest|Levitate|DarkPulse,DracoMeteor,FlashCannon,Snarl|||M|||50|,,,,,Ghost
|showteam|p2|Electabuzz||Eviolite|VitalSpirit|FollowMe,Thunderbolt,Taunt,Protect|||M|||50|,,,,,Ghost]Kingambit||BlackGlasses|Defiant|KowtowCleave,SuckerPunch,SwordsDance,Protect|||F|||50|,,,,,Dark]Volcarona||Leftovers|FlameBody|HeatWave,TeraBlast,QuiverDance,Protect|||M|||50|,,,,,Fairy]Dragonite||LoadedDice|Multiscale|ScaleShot,ExtremeSpeed,Haze,Protect|||F|||50|,,,,,Fairy]Sneasler||FocusSash|Unburden|DireClaw,CloseCombat,Coaching,FakeOut|||F|||50|,,,,,Stellar]Rillaboom||AssaultVest|GrassySurge|FakeOut,WoodHammer,GrassyGlide,HighHorsepower|||M|||50|,,,,,Fire
|inactive|Battle timer is ON: inactive players will automatically lose when time's up. (requested by inadomi)
|inactive|inadomi has 60 seconds left.
|inactive|FALL3N_DWN has 60 seconds left.
|inactive|FALL3N_DWN has 30 seconds left.
|inactive|FALL3N_DWN has 20 seconds left.
|inactive|FALL3N_DWN has 15 seconds left.
|
|t:|1757029425
|teamsize|p1|4
|teamsize|p2|4
|start
|switch|p1a: Drifblim|Drifblim, L50, M|100/100
|switch|p1b: Volcarona|Volcarona, L50, F|100/100
|switch|p2a: Electabuzz|Electabuzz, L50, M|100/100
|switch|p2b: Dragonite|Dragonite, L50, F|100/100
|turn|1
|inactive|inadomi has 30 seconds left.
|inactive|FALL3N_DWN has 30 seconds left.
|
|t:|1757029453
|switch|p1b: Indeedee|Indeedee, L50, M|100/100
|-fieldstart|move: Psychic Terrain|[from] ability: Psychic Surge|[of] p1b: Indeedee
|-enditem|p1a: Drifblim|Psychic Seed
|-boost|p1a: Drifblim|spd|1|[from] item: Psychic Seed
|move|p2a: Electabuzz|Follow Me|p2a: Electabuzz
|-singleturn|p2a: Electabuzz|move: Follow Me
|move|p1a: Drifblim|Tailwind|p1a: Drifblim
|-sidestart|p1: inadomi|move: Tailwind
|move|p2b: Dragonite|Scale Shot|p1a: Drifblim
|-damage|p1a: Drifblim|85/100
|-damage|p1a: Drifblim|69/100
|-damage|p1a: Drifblim|54/100
|-damage|p1a: Drifblim|36/100
|-hitcount|p1a: Drifblim|4
|-unboost|p2b: Dragonite|def|1
|-boost|p2b: Dragonite|spe|1
|
|upkeep
|turn|2
|inactive|inadomi has 30 seconds left.
|inactive|FALL3N_DWN has 30 seconds left.
|inactive|inadomi has 20 seconds left.
|
|t:|1757029493
|switch|p2a: Rillaboom|Rillaboom, L50, M|100/100
|-fieldstart|move: Grassy Terrain|[from] ability: Grassy Surge|[of] p2a: Rillaboom
|-terastallize|p1b: Indeedee|Ground
|move|p2b: Dragonite|Protect|p2b: Dragonite
|-singleturn|p2b: Dragonite|Protect
|move|p1a: Drifblim|Will-O-Wisp|p2b: Dragonite
|-activate|p2b: Dragonite|move: Protect
|move|p1b: Indeedee|Tera Blast|p2a: Rillaboom|[anim] Tera Blast Ground
|-resisted|p2a: Rillaboom
|-damage|p2a: Rillaboom|88/100
|
|-heal|p2a: Rillaboom|94/100|[from] Grassy Terrain
|upkeep
|turn|3
|inactive|FALL3N_DWN has 30 seconds left.
|inactive|FALL3N_DWN has 20 seconds left.
|inactive|FALL3N_DWN has 15 seconds left.
|inactive|FALL3N_DWN has 10 seconds left.
|inactive|inadomi has 30 seconds left.
|inactive|FALL3N_DWN has 5 seconds left.
|
|t:|1757029546
|switch|p1b: Volcarona|Volcarona, L50, F|100/100
|switch|p2b: Electabuzz|Electabuzz, L50, M|100/100
|move|p2a: Rillaboom|Grassy Glide|p1b: Volcarona
|-resisted|p1b: Volcarona
|-damage|p1b: Volcarona|89/100
|move|p1a: Drifblim|Strength Sap|p2a: Rillaboom
|-unboost|p2a: Rillaboom|atk|1
|-heal|p1a: Drifblim|100/100
|
|-heal|p1b: Volcarona|95/100|[from] Grassy Terrain
|-heal|p2a: Rillaboom|99/100|[from] Grassy Terrain
|upkeep
|turn|4
|inactive|FALL3N_DWN has 30 seconds left.
|inactive|FALL3N_DWN has 20 seconds left.
|inactive|FALL3N_DWN has 15 seconds left.
|
|t:|1757029586
|switch|p2a: Dragonite|Dragonite, L50, F|100/100
|move|p1a: Drifblim|Will-O-Wisp|p2a: Dragonite
|-status|p2a: Dragonite|brn
|move|p1b: Volcarona|Heat Wave|p2b: Electabuzz|[spread] p2a,p2b
|-resisted|p2a: Dragonite
|-damage|p2a: Dragonite|87/100 brn
|-damage|p2b: Electabuzz|64/100
|-damage|p1b: Volcarona|85/100|[from] item: Life Orb
|move|p2b: Electabuzz|Taunt|p1a: Drifblim
|-start|p1a: Drifblim|move: Taunt
|
|-heal|p1b: Volcarona|91/100|[from] Grassy Terrain
|-heal|p2b: Electabuzz|70/100|[from] Grassy Terrain
|-damage|p2a: Dragonite|81/100 brn|[from] brn
|-sideend|p1: inadomi|move: Tailwind
|upkeep
|turn|5
|inactive|inadomi has 30 seconds left.
|
|t:|1757029614
|switch|p1a: Indeedee|Indeedee, L50, M, tera:Ground|100/100
|-fieldstart|move: Psychic Terrain|[from] ability: Psychic Surge|[of] p1a: Indeedee
|move|p1b: Volcarona|Bug Buzz|p2b: Electabuzz
|-damage|p2b: Electabuzz|22/100
|-damage|p1b: Volcarona|81/100|[from] item: Life Orb
|move|p2b: Electabuzz|Thunderbolt|p1a: Indeedee
|-immune|p1a: Indeedee
|move|p2a: Dragonite|Haze|p2a: Dragonite
|-clearallboost
|
|-damage|p2a: Dragonite|75/100 brn|[from] brn
|upkeep
|turn|6
|inactive|inadomi has 30 seconds left.
|
|t:|1757029649
|switch|p2b: Rillaboom|Rillaboom, L50, M|99/100
|-fieldstart|move: Grassy Terrain|[from] ability: Grassy Surge|[of] p2b: Rillaboom
|move|p2a: Dragonite|Extreme Speed|p1a: Indeedee
|-damage|p1a: Indeedee|68/100
|move|p1a: Indeedee|Expanding Force|p2a: Dragonite
|-damage|p2a: Dragonite|37/100 brn
|move|p1b: Volcarona|Heat Wave|p2a: Dragonite|[spread] p2a,p2b
|-resisted|p2a: Dragonite
|-supereffective|p2b: Rillaboom
|-damage|p2a: Dragonite|9/100 brn
|-damage|p2b: Rillaboom|28/100
|-damage|p1b: Volcarona|71/100|[from] item: Life Orb
|
|-heal|p1a: Indeedee|74/100|[from] Grassy Terrain
|-heal|p1b: Volcarona|77/100|[from] Grassy Terrain
|-heal|p2b: Rillaboom|34/100|[from] Grassy Terrain
|-damage|p2a: Dragonite|3/100 brn|[from] brn
|upkeep
|turn|7
|inactive|FALL3N_DWN has 30 seconds left.
|inactive|FALL3N_DWN has 20 seconds left.
|
|t:|1757029688
|-terastallize|p2b: Rillaboom|Fire
|move|p2b: Rillaboom|Fake Out|p1b: Volcarona
|-damage|p1b: Volcarona|58/100
|move|p1a: Indeedee|Expanding Force|p2b: Rillaboom
|-damage|p2b: Rillaboom|5/100
|cant|p1b: Volcarona|flinch
|move|p2a: Dragonite|Scale Shot|p1a: Indeedee
|-damage|p1a: Indeedee|57/100
|-damage|p1a: Indeedee|42/100
|-crit|p1a: Indeedee
|-damage|p1a: Indeedee|20/100
|-damage|p1a: Indeedee|6/100
|-hitcount|p1a: Indeedee|4
|-unboost|p2a: Dragonite|def|1
|-boost|p2a: Dragonite|spe|1
|
|-heal|p1a: Indeedee|12/100|[from] Grassy Terrain
|-heal|p1b: Volcarona|64/100|[from] Grassy Terrain
|-heal|p2b: Rillaboom|11/100|[from] Grassy Terrain
|-damage|p2a: Dragonite|0 fnt|[from] brn
|faint|p2a: Dragonite
|upkeep
|inactive|FALL3N_DWN has 30 seconds left.
|
|t:|1757029715
|switch|p2a: Kingambit|Kingambit, L50, F|100/100
|turn|8
|
|t:|1757029732
|switch|p1a: Drifblim|Drifblim, L50, M|100/100
|move|p2a: Kingambit|Protect|p2a: Kingambit
|-singleturn|p2a: Kingambit|Protect
|move|p2b: Rillaboom|Grassy Glide|p1a: Drifblim
|-resisted|p1a: Drifblim
|-damage|p1a: Drifblim|80/100
|move|p1b: Volcarona|Heat Wave|p2a: Kingambit|[spread] p2b
|-activate|p2a: Kingambit|move: Protect
|-resisted|p2b: Rillaboom
|-crit|p2b: Rillaboom
|-damage|p2b: Rillaboom|0 fnt
|faint|p2b: Rillaboom
|-damage|p1b: Volcarona|54/100|[from] item: Life Orb
|
|-heal|p1b: Volcarona|60/100|[from] Grassy Terrain
|upkeep
|
|t:|1757029740
|switch|p2b: Electabuzz|Electabuzz, L50, M|22/100
|turn|9
|
|t:|1757029753
|move|p1b: Volcarona|Heat Wave|p2a: Kingambit|[spread] p2a
|-miss|p1b: Volcarona|p2b: Electabuzz
|-supereffective|p2a: Kingambit
|-damage|p2a: Kingambit|14/100
|-damage|p1b: Volcarona|50/100|[from] item: Life Orb
|move|p2b: Electabuzz|Taunt|p1a: Drifblim
|-start|p1a: Drifblim|move: Taunt
|cant|p1a: Drifblim|move: Taunt|Tailwind
|move|p2a: Kingambit|Swords Dance|p2a: Kingambit
|-boost|p2a: Kingambit|atk|2
|
|-heal|p1b: Volcarona|56/100|[from] Grassy Terrain
|-heal|p2b: Electabuzz|28/100|[from] Grassy Terrain
|-heal|p2a: Kingambit|20/100|[from] Grassy Terrain
|upkeep
|turn|10
|inactive|FALL3N_DWN has 30 seconds left.
|
|t:|1757029783
|move|p2a: Kingambit|Sucker Punch|p1b: Volcarona
|-damage|p1b: Volcarona|0 fnt
|-status|p2a: Kingambit|brn|[from] ability: Flame Body|[of] p1b: Volcarona
|faint|p1b: Volcarona
|move|p2b: Electabuzz|Thunderbolt|p1a: Drifblim
|-supereffective|p1a: Drifblim
|-damage|p1a: Drifblim|18/100
|move|p1a: Drifblim|Acrobatics|p2b: Electabuzz
|-resisted|p2b: Electabuzz
|-damage|p2b: Electabuzz|17/100
|
|-heal|p2b: Electabuzz|23/100|[from] Grassy Terrain
|-heal|p2a: Kingambit|26/100 brn|[from] Grassy Terrain
|-damage|p2a: Kingambit|20/100 brn|[from] brn
|-fieldend|move: Grassy Terrain
|upkeep
|
|t:|1757029803
|switch|p1b: Indeedee|Indeedee, L50, M, tera:Ground|12/100
|-fieldstart|move: Psychic Terrain|[from] ability: Psychic Surge|[of] p1b: Indeedee
|turn|11
|inactive|FALL3N_DWN has 30 seconds left.
|
|t:|1757029829
|move|p2b: Electabuzz|Follow Me|p2b: Electabuzz
|-singleturn|p2b: Electabuzz|move: Follow Me
|move|p1b: Indeedee|Expanding Force|p2a: Kingambit|[spread] p2b
|-immune|p2a: Kingambit
|-damage|p2b: Electabuzz|0 fnt
|faint|p2b: Electabuzz
|move|p1a: Drifblim|Acrobatics|p2a: Kingambit
|-resisted|p2a: Kingambit
|-damage|p2a: Kingambit|8/100 brn
|move|p2a: Kingambit|Kowtow Cleave|p1b: Indeedee
|-damage|p1b: Indeedee|0 fnt
|faint|p1b: Indeedee
|
|-damage|p2a: Kingambit|2/100 brn|[from] brn
|-end|p1a: Drifblim|move: Taunt
|upkeep
|
|t:|1757029843
|switch|p1b: Kommo-o|Kommo-o, L50, M|100/100
|turn|12
|inactive|FALL3N_DWN has 30 seconds left.
|inactive|FALL3N_DWN has 20 seconds left.
|inactive|FALL3N_DWN has 15 seconds left.
|inactive|FALL3N_DWN has 10 seconds left.
|
|t:|1757029891
|move|p2a: Kingambit|Protect|p2a: Kingambit
|-singleturn|p2a: Kingambit|Protect
|move|p1a: Drifblim|Acrobatics|p2a: Kingambit
|-activate|p2a: Kingambit|move: Protect
|move|p1b: Kommo-o|Body Press|p2a: Kingambit
|-activate|p2a: Kingambit|move: Protect
|
|-damage|p2a: Kingambit|0 fnt|[from] brn
|faint|p2a: Kingambit
|
|win|inadomi
||inadomi is ready for game 2.
|inactive|FALL3N_DWN has 30 seconds to confirm battle start!
||FALL3N_DWN is ready for game 2.
|uhtml|next|Next: Game 2 of 3
|l|☆inadomi
|player|p1|
