|j|☆namboyVGC
|j|☆MudkipC4
|html|namboyVGCMudkipC4    
|uhtml|bestof|Game 2 of a best-of-3
|t:|1756235397
|gametype|doubles
|player|p1|namboyVGC|pokemonranger-gen4|1261
|player|p2|MudkipC4|265|1237
|gen|9
|tier|[Gen 9] VGC 2025 Reg H (Bo3)
|rated|
|rule|Species Clause: Limit one of each Pokémon
|rule|Item Clause: Limit 1 of each item
|clearpoke
|poke|p1|Sneasler, L50, F|
|poke|p1|Indeedee, L50, M|
|poke|p1|Annihilape, L50, F|
|poke|p1|Tyranitar, L50, M|
|poke|p1|Excadrill, L50, F|
|poke|p1|Hydreigon, L50, M|
|poke|p2|Incineroar, L50, M|
|poke|p2|Garchomp, L50, M|
|poke|p2|Talonflame, L50, F|
|poke|p2|Tyranitar, L50, F|
|poke|p2|Gothitelle, L50, F|
|poke|p2|Gholdengo, L50|
|teampreview|4
|showteam|p1|Sneasler||PsychicSeed|Unburden|CloseCombat,DireClaw,ThroatChop,Protect|||F|||50|,,,,,Dark]Indeedee||ChoiceScarf|PsychicSurge|ExpandingForce,TeraBlast,Trick,DazzlingGleam|||M|||50|,,,,,Fire]Annihilape||SafetyGoggles|Defiant|CloseCombat,RageFist,Taunt,FinalGambit|||F|||50|,,,,,Psychic]Tyranitar||AssaultVest|SandStream|RockSlide,KnockOff,TeraBlast,LowKick|||M|||50|,,,,,Flying]Excadrill||FocusSash|SandRush|HighHorsepower,Earthquake,IronHead,Protect|||F|||50|,,,,,Stellar]Hydreigon||CovertCloak|Levitate|Snarl,DracoMeteor,Tailwind,Roar|||M|||50|,,,,,Poison
|showteam|p2|Incineroar||RockyHelmet|Intimidate|FakeOut,KnockOff,FlareBlitz,PartingShot|||M|||50|,,,,,Grass]Garchomp||ClearAmulet|SandVeil|SwordsDance,Protect,Earthquake,DragonClaw|||M|||50|,,,,,Ground]Talonflame||SafetyGoggles|GaleWings|Tailwind,BraveBird,WillOWisp,QuickGuard|||F|||50|,,,,,Ghost]Tyranitar||AssaultVest|SandStream|RockSlide,KnockOff,LowKick,TeraBlast|||F|||50|,,,,,Flying]Gothitelle||SitrusBerry|ShadowTag|FakeOut,Psychic,Taunt,Protect|||F|||50|,,,,,Grass]Gholdengo||Leftovers|GoodasGold|NastyPlot,MakeItRain,ShadowBall,Protect||||||50|,,,,,Steel
|inactive|Battle timer is ON: inactive players will automatically lose when time's up. (requested by namboyVGC)
|
|t:|1756235406
|teamsize|p1|4
|teamsize|p2|4
|start
|switch|p1a: Sneasler|Sneasler, L50, F|100/100
|switch|p1b: Indeedee|Indeedee, L50, M|100/100
|switch|p2a: Lumberchomp|Garchomp, L50, M|100/100
|switch|p2b: MegaTar|Tyranitar, L50, F, shiny|100/100
|-fieldstart|move: Psychic Terrain|[from] ability: Psychic Surge|[of] p1b: Indeedee
|-enditem|p1a: Sneasler|Psychic Seed
|-boost|p1a: Sneasler|spd|1|[from] item: Psychic Seed
|-weather|Sandstorm|[from] ability: Sand Stream|[of] p2b: MegaTar
|turn|1
|
|t:|1756235425
|switch|p2a: MiniRoar|Incineroar, L50, M|100/100
|-ability|p2a: MiniRoar|Intimidate|boost
|-unboost|p1a: Sneasler|atk|1
|-unboost|p1b: Indeedee|atk|1
|-terastallize|p2b: MegaTar|Flying
|move|p1a: Sneasler|Close Combat|p2a: MiniRoar
|-supereffective|p2a: MiniRoar
|-damage|p2a: MiniRoar|20/100
|-unboost|p1a: Sneasler|def|1
|-unboost|p1a: Sneasler|spd|1
|-damage|p1a: Sneasler|84/100|[from] item: Rocky Helmet|[of] p2a: MiniRoar
|move|p1b: Indeedee|Expanding Force|p2a: MiniRoar|[spread] p2b
|-immune|p2a: MiniRoar
|-damage|p2b: MegaTar|67/100
|move|p2b: MegaTar|Knock Off|p1b: Indeedee
|-supereffective|p1b: Indeedee
|-damage|p1b: Indeedee|0 fnt
|-enditem|p1b: Indeedee|Choice Scarf|[from] move: Knock Off|[of] p2b: MegaTar
|faint|p1b: Indeedee
|
|-weather|Sandstorm|[upkeep]
|-damage|p1a: Sneasler|79/100|[from] Sandstorm
|-damage|p2b: MegaTar|61/100|[from] Sandstorm
|-damage|p2a: MiniRoar|14/100|[from] Sandstorm
|upkeep
|
|t:|1756235448
|switch|p1b: Excadrill|Excadrill, L50, F|100/100
|turn|2
|
|t:|1756235472
|switch|p2b: Lumberchomp|Garchomp, L50, M|100/100
|move|p1a: Sneasler|Close Combat|p2a: MiniRoar
|-supereffective|p2a: MiniRoar
|-crit|p2a: MiniRoar
|-damage|p2a: MiniRoar|0 fnt
|-unboost|p1a: Sneasler|def|1
|-unboost|p1a: Sneasler|spd|1
|-damage|p1a: Sneasler|62/100|[from] item: Rocky Helmet|[of] p2a: MiniRoar
|faint|p2a: MiniRoar
|move|p1b: Excadrill|Iron Head|p2b: Lumberchomp
|-crit|p2b: Lumberchomp
|-damage|p2b: Lumberchomp|31/100
|
|-weather|Sandstorm|[upkeep]
|-damage|p1a: Sneasler|57/100|[from] Sandstorm
|upkeep
|
|t:|1756235477
|switch|p2a: Talonhound|Talonflame, L50, F|100/100
|turn|3
|
|t:|1756235485
|move|p2a: Talonhound|Tailwind|p2a: Talonhound
|-sidestart|p2: MudkipC4|move: Tailwind
|move|p1a: Sneasler|Close Combat|p2b: Lumberchomp|[miss]
|-miss|p1a: Sneasler|p2b: Lumberchomp
|move|p2b: Lumberchomp|Earthquake|p1b: Excadrill|[spread] p1a,p1b
|-immune|p2a: Talonhound
|-supereffective|p1a: Sneasler
|-supereffective|p1b: Excadrill
|-damage|p1a: Sneasler|0 fnt
|-enditem|p1b: Excadrill|Focus Sash
|-damage|p1b: Excadrill|1/100
|faint|p1a: Sneasler
|move|p1b: Excadrill|Iron Head|p2a: Talonhound
|-resisted|p2a: Talonhound
|-damage|p2a: Talonhound|69/100
|
|-weather|Sandstorm|[upkeep]
|upkeep
|
|t:|1756235494
|switch|p1a: Tyranitar|Tyranitar, L50, M|100/100
|turn|4
|
|t:|1756235502
|-terastallize|p1a: Tyranitar|Flying
|move|p1b: Excadrill|Protect|p1b: Excadrill
|-singleturn|p1b: Excadrill|Protect
|move|p2a: Talonhound|Will-O-Wisp|p1a: Tyranitar
|-status|p1a: Tyranitar|brn
|move|p2b: Lumberchomp|Dragon Claw|p1b: Excadrill
|-activate|p1b: Excadrill|move: Protect
|move|p1a: Tyranitar|Rock Slide|p2b: Lumberchomp|[spread] p2a,p2b
|-supereffective|p2a: Talonhound
|-resisted|p2b: Lumberchomp
|-damage|p2a: Talonhound|0 fnt
|-damage|p2b: Lumberchomp|24/100
|faint|p2a: Talonhound
|
|-weather|Sandstorm|[upkeep]
|-damage|p1a: Tyranitar|95/100 brn|[from] Sandstorm
|-damage|p1a: Tyranitar|89/100 brn|[from] brn
|upkeep
|
|t:|1756235506
|switch|p2a: MegaTar|Tyranitar, L50, F, shiny, tera:Flying|61/100
|turn|5
|
|t:|1756235518
|move|p2b: Lumberchomp|Dragon Claw|p1b: Excadrill
|-resisted|p1b: Excadrill
|-damage|p1b: Excadrill|0 fnt
|faint|p1b: Excadrill
|move|p2a: MegaTar|Rock Slide|p1a: Tyranitar
|-supereffective|p1a: Tyranitar
|-damage|p1a: Tyranitar|6/100 brn
|move|p1a: Tyranitar|Rock Slide|p2b: Lumberchomp|[spread] p2a,p2b
|-supereffective|p2a: MegaTar
|-resisted|p2b: Lumberchomp
|-damage|p2a: MegaTar|36/100
|-damage|p2b: Lumberchomp|17/100
|
|-weather|none
|-damage|p1a: Tyranitar|0 fnt|[from] brn
|faint|p1a: Tyranitar
|
|win|MudkipC4
|raw|namboyVGC's rating: 1261 → 1234(-27 for losing)
|raw|MudkipC4's rating: 1237 → 1264(+27 for winning)
|c|☆MudkipC4|Ggwp
|l|☆namboyVGC
|player|p1|
|l|☆MudkipC4
|player|p2|
|j|☆MudkipC4
|player|p2|MudkipC4|265|
