|j|☆itbeasher
|j|☆hexagonfoot
|html|itbeasherhexagonfoot    
|uhtml|bestof|Game 3 of a best-of-3
|t:|1757083295
|gametype|doubles
|player|p1|itbeasher|1|1177
|player|p2|hexagonfoot|caitlin|1164
|gen|9
|tier|[Gen 9] VGC 2025 Reg H (Bo3)
|rated|
|rule|Species Clause: Limit one of each Pokémon
|rule|Item Clause: Limit 1 of each item
|clearpoke
|poke|p1|Whimsicott, L50, M|
|poke|p1|Typhlosion-Hisui, L50, F|
|poke|p1|Sneasler, L50, M|
|poke|p1|Indeedee, L50, M|
|poke|p1|Dondozo, L50, M|
|poke|p1|Tatsugiri, L50, F|
|poke|p2|Kingambit, L50, F|
|poke|p2|Primarina, L50, M|
|poke|p2|Sneasler, L50, M|
|poke|p2|Magmar, L50, F|
|poke|p2|Rillaboom, L50, M|
|poke|p2|Dragapult, L50, M|
|teampreview|4
|showteam|p1|Whimsicott||CovertCloak|Prankster|Tailwind,Moonblast,SunnyDay,Taunt|||M|||50|,,,,,Water]Typhlosion-Hisui||ChoiceSpecs|Blaze|Eruption,HeatWave,ShadowBall,Flamethrower|||F|||50|,,,,,Fire]Sneasler||PsychicSeed|Unburden|DireClaw,CloseCombat,ThroatChop,Coaching|||M|||50|,,,,,Dark]Indeedee||ChoiceScarf|PsychicSurge|ExpandingForce,TeraBlast,Trick,DazzlingGleam|||M|||50|,,,,,Psychic]Dondozo||Leftovers|Unaware|Protect,HeavySlam,WaveCrash,Earthquake|||M|||50|,,,,,Steel]Tatsugiri||FocusSash|Commander|MuddyWater,DracoMeteor,IcyWind,DragonPulse|||F|||50|,,,,,Steel
|showteam|p2|Kingambit||BlackGlasses|Defiant|KowtowCleave,SuckerPunch,SwordsDance,Protect|||F|||50|,,,,,Ghost]Primarina||SitrusBerry|LiquidVoice|HyperVoice,Moonblast,Haze,Protect|||M|||50|,,,,,Water]Sneasler||FocusSash|PoisonTouch|CloseCombat,DireClaw,FakeOut,Protect|||M|||50|,,,,,Stellar]Magmar||Eviolite|VitalSpirit|Overheat,WillOWisp,FollowMe,Protect|||F|||50|,,,,,Ghost]Rillaboom||AssaultVest|GrassySurge|WoodHammer,GrassyGlide,HighHorsepower,FakeOut|||M|||50|,,,,,Fire]Dragapult||ChoiceBand|ClearBody|DragonDarts,PhantomForce,TeraBlast,Uturn|||M|||50|,,,,,Ghost
|inactive|Battle timer is ON: inactive players will automatically lose when time's up. (requested by hexagonfoot)
|inactive|itbeasher has 60 seconds left.
|inactive|hexagonfoot has 60 seconds left.
|
|t:|1757083351
|teamsize|p1|4
|teamsize|p2|4
|start
|switch|p1a: Indeedee|Indeedee, L50, M|100/100
|switch|p1b: Typhlosion|Typhlosion-Hisui, L50, F|100/100
|switch|p2a: Canary Wharf|Primarina, L50, M|100/100
|switch|p2b: Headstone Lane|Dragapult, L50, M|100/100
|-fieldstart|move: Psychic Terrain|[from] ability: Psychic Surge|[of] p1a: Indeedee
|turn|1
|
|t:|1757083366
|switch|p2b: Hampstead Heath|Rillaboom, L50, M|100/100
|-fieldstart|move: Grassy Terrain|[from] ability: Grassy Surge|[of] p2b: Hampstead Heath
|switch|p1b: Dondozo|Dondozo, L50, M|100/100
|-terastallize|p2a: Canary Wharf|Water
|move|p1a: Indeedee|Expanding Force|p2b: Hampstead Heath
|-damage|p2b: Hampstead Heath|70/100
|move|p2a: Canary Wharf|Hyper Voice|p1b: Dondozo|[spread] p1a,p1b
|-resisted|p1b: Dondozo
|-damage|p1a: Indeedee|39/100
|-damage|p1b: Dondozo|80/100
|
|-heal|p1a: Indeedee|45/100|[from] Grassy Terrain
|-heal|p2b: Hampstead Heath|76/100|[from] Grassy Terrain
|-heal|p1b: Dondozo|86/100|[from] Grassy Terrain
|-heal|p1b: Dondozo|93/100|[from] item: Leftovers
|upkeep
|turn|2
|
|t:|1757083385
|switch|p1a: Typhlosion|Typhlosion-Hisui, L50, F|100/100
|move|p1b: Dondozo|Protect|p1b: Dondozo
|-singleturn|p1b: Dondozo|Protect
|move|p2b: Hampstead Heath|Wood Hammer|p1b: Dondozo
|-activate|p1b: Dondozo|move: Protect
|move|p2a: Canary Wharf|Hyper Voice|p1b: Dondozo|[spread] p1a
|-activate|p1b: Dondozo|move: Protect
|-supereffective|p1a: Typhlosion
|-damage|p1a: Typhlosion|0 fnt
|faint|p1a: Typhlosion
|
|-heal|p2b: Hampstead Heath|82/100|[from] Grassy Terrain
|-heal|p1b: Dondozo|99/100|[from] Grassy Terrain
|-heal|p1b: Dondozo|100/100|[from] item: Leftovers
|upkeep
|
|t:|1757083390
|switch|p1a: Indeedee|Indeedee, L50, M|45/100
|-fieldstart|move: Psychic Terrain|[from] ability: Psychic Surge|[of] p1a: Indeedee
|turn|3
|
|t:|1757083413
|switch|p2b: Syon Lane|Magmar, L50, F|100/100
|-terastallize|p1b: Dondozo|Steel
|move|p2a: Canary Wharf|Protect|p2a: Canary Wharf
|-singleturn|p2a: Canary Wharf|Protect
|move|p1a: Indeedee|Expanding Force|p2a: Canary Wharf|[spread] p2b
|-activate|p2a: Canary Wharf|move: Protect
|-damage|p2b: Syon Lane|55/100
|move|p1b: Dondozo|Wave Crash|p2b: Syon Lane
|-supereffective|p2b: Syon Lane
|-damage|p2b: Syon Lane|0 fnt
|faint|p2b: Syon Lane
|-damage|p1b: Dondozo|87/100|[from] Recoil
|
|-heal|p1b: Dondozo|93/100|[from] item: Leftovers
|upkeep
|
|t:|1757083429
|switch|p2b: Hampstead Heath|Rillaboom, L50, M|82/100
|-fieldstart|move: Grassy Terrain|[from] ability: Grassy Surge|[of] p2b: Hampstead Heath
|turn|4
|
|t:|1757083439
|switch|p1a: Tatsugiri|Tatsugiri, L50, F|100/100
|-activate|p1a: Tatsugiri|ability: Commander|[of] p1b: Dondozo
|-boost|p1b: Dondozo|atk|2
|-boost|p1b: Dondozo|spa|2
|-boost|p1b: Dondozo|spe|2
|-boost|p1b: Dondozo|def|2
|-boost|p1b: Dondozo|spd|2
|move|p1b: Dondozo|Protect|p1b: Dondozo
|-singleturn|p1b: Dondozo|Protect
|move|p2b: Hampstead Heath|Fake Out|p1b: Dondozo
|-activate|p1b: Dondozo|move: Protect
|move|p2a: Canary Wharf|Hyper Voice|p1b: Dondozo|[spread] 
|-miss|p2a: Canary Wharf|p1a: Tatsugiri
|-activate|p1b: Dondozo|move: Protect
|
|-heal|p1b: Dondozo|99/100|[from] Grassy Terrain
|-heal|p1b: Dondozo|100/100|[from] item: Leftovers
|-heal|p2b: Hampstead Heath|88/100|[from] Grassy Terrain
|upkeep
|turn|5
|
|t:|1757083449
|move|p1b: Dondozo|Heavy Slam|p2a: Canary Wharf
|-resisted|p2a: Canary Wharf
|-damage|p2a: Canary Wharf|45/100
|-enditem|p2a: Canary Wharf|Sitrus Berry|[eat]
|-heal|p2a: Canary Wharf|70/100|[from] item: Sitrus Berry
|move|p2b: Hampstead Heath|High Horsepower|p1b: Dondozo
|-supereffective|p1b: Dondozo
|-damage|p1b: Dondozo|77/100
|move|p2a: Canary Wharf|Haze|p2a: Canary Wharf
|-clearallboost
|
|-heal|p2b: Hampstead Heath|94/100|[from] Grassy Terrain
|-heal|p2a: Canary Wharf|76/100|[from] Grassy Terrain
|-heal|p1b: Dondozo|83/100|[from] Grassy Terrain
|-heal|p1b: Dondozo|89/100|[from] item: Leftovers
|upkeep
|turn|6
|
|t:|1757083456
|move|p2b: Hampstead Heath|High Horsepower|p1b: Dondozo
|-supereffective|p1b: Dondozo
|-damage|p1b: Dondozo|42/100
|move|p2a: Canary Wharf|Hyper Voice|p1b: Dondozo|[spread] p1b
|-miss|p2a: Canary Wharf|p1a: Tatsugiri
|-damage|p1b: Dondozo|0 fnt
|faint|p1b: Dondozo
|
|-heal|p2b: Hampstead Heath|99/100|[from] Grassy Terrain
|-heal|p2a: Canary Wharf|82/100|[from] Grassy Terrain
|upkeep
|
|t:|1757083460
|switch|p1b: Indeedee|Indeedee, L50, M|45/100
|-fieldstart|move: Psychic Terrain|[from] ability: Psychic Surge|[of] p1b: Indeedee
|turn|7
|inactive|hexagonfoot has 30 seconds left.
|
|t:|1757083489
|move|p2a: Canary Wharf|Protect|p2a: Canary Wharf
|-singleturn|p2a: Canary Wharf|Protect
|move|p1b: Indeedee|Expanding Force|p2a: Canary Wharf|[spread] p2b
|-activate|p2a: Canary Wharf|move: Protect
|-damage|p2b: Hampstead Heath|56/100
|move|p1a: Tatsugiri|Icy Wind|p2a: Canary Wharf|[spread] p2b
|-activate|p2a: Canary Wharf|move: Protect
|-supereffective|p2b: Hampstead Heath
|-damage|p2b: Hampstead Heath|36/100
|-unboost|p2b: Hampstead Heath|spe|1
|move|p2b: Hampstead Heath|Wood Hammer|p1b: Indeedee
|-damage|p1b: Indeedee|0 fnt
|faint|p1b: Indeedee
|-damage|p2b: Hampstead Heath|25/100|[from] Recoil
|
|upkeep
|turn|8
|
|t:|1757083499
|move|p1a: Tatsugiri|Muddy Water|p2a: Canary Wharf|[spread] p2a,p2b
|-resisted|p2a: Canary Wharf
|-resisted|p2b: Hampstead Heath
|-damage|p2a: Canary Wharf|69/100
|-damage|p2b: Hampstead Heath|13/100
|move|p2a: Canary Wharf|Moonblast|p1a: Tatsugiri
|-supereffective|p1a: Tatsugiri
|-enditem|p1a: Tatsugiri|Focus Sash
|-damage|p1a: Tatsugiri|1/100
|-unboost|p1a: Tatsugiri|spa|1
|move|p2b: Hampstead Heath|Wood Hammer|p1a: Tatsugiri
|-damage|p1a: Tatsugiri|0 fnt
|faint|p1a: Tatsugiri
|-damage|p2b: Hampstead Heath|13/100|[from] Recoil
|
|win|hexagonfoot
|raw|itbeasher's rating: 1177 → 1151(-26 for losing)
|raw|hexagonfoot's rating: 1164 → 1190(+26 for winning)
|l|☆itbeasher
|player|p1|
