|j|☆Clintoap
|j|☆PreparationHHH
|html|ClintoapPreparationHHH    
|uhtml|bestof|Game 1 of a best-of-3
|t:|1757861649
|gametype|doubles
|player|p1|Clintoap|265|1230
|player|p2|PreparationHHH|zinzolin|1134
|gen|9
|tier|[Gen 9] VGC 2025 Reg H (Bo3)
|rated|
|rule|Species Clause: Limit one of each Pokémon
|rule|Item Clause: Limit 1 of each item
|clearpoke
|poke|p1|Kleavor, L50, M|
|poke|p1|Tyranitar, L50, F|
|poke|p1|Corviknight, L50, F|
|poke|p1|Comfey, L50, F|
|poke|p1|Torterra, L50, M|
|poke|p1|Gholdengo, L50|
|poke|p2|Toedscruel, L50, F|
|poke|p2|Weezing-Galar, L50, F|
|poke|p2|Pelipper, L50, M|
|poke|p2|Archaludon, L50, F|
|poke|p2|Comfey, L50, F|
|poke|p2|Kingdra, L50, M|
|teampreview|4
|showteam|p1|Kleavor||ChoiceScarf|Sharpness|NightSlash,DualWingbeat,StoneAxe,Uturn|||M|||50|,,,,,Grass]Tyranitar||AssaultVest|SandStream|RockSlide,KnockOff,LowKick,TeraBlast|||F|||50|,,,,,Flying]Corviknight||SitrusBerry|MirrorArmor|BraveBird,Roost,Tailwind,BulkUp|||F|||50|,,,,,Fire]Comfey||RockyHelmet|Triage|DrainingKiss,GigaDrain,FloralHealing,Protect|||F|||50|,,,,,Steel]Torterra||Leftovers|ShellArmor|LeechSeed,Protect,Stockpile,BodyPress|||M|||50|,,,,,Water]Gholdengo||LifeOrb|GoodasGold|MakeItRain,ShadowBall,Protect,NastyPlot||||||50|,,,,,Water
|showteam|p2|Toedscruel||CovertCloak|MyceliumMight|Spore,BulletSeed,Protect,EarthPower|||F|||50|,,,,,Water]Weezing-Galar||SitrusBerry|NeutralizingGas|Taunt,SludgeBomb,Protect,DazzlingGleam|||F|||50|,,,,,Ghost]Pelipper||ChoiceScarf|Drizzle|WeatherBall,Hurricane,Tailwind,Uturn|||M|||50|,,,,,Ghost]Archaludon||AssaultVest|Stamina|ElectroShot,Snarl,BodyPress,FlashCannon|||F|||50|,,,,,Grass]Comfey||SafetyGoggles|Triage|DrainingKiss,FloralHealing,LightScreen,Protect|||F|||50|,,,,,Steel]Kingdra||LifeOrb|SwiftSwim|WeatherBall,Surf,DracoMeteor,Protect|||M|||50|,,,,,Steel
|inactive|Battle timer is ON: inactive players will automatically lose when time's up. (requested by Clintoap)
|
|t:|1757861698
|teamsize|p1|4
|teamsize|p2|4
|start
|switch|p1a: Kleavor|Kleavor, L50, M|100/100
|switch|p1b: Torterra|Torterra, L50, M|100/100
|switch|p2a: Archaludon|Archaludon, L50, F|100/100
|switch|p2b: Kingdra|Kingdra, L50, M|100/100
|turn|1
|inactive|PreparationHHH has 30 seconds left.
|
|t:|1757861727
|switch|p2a: Pelipper|Pelipper, L50, M|100/100
|-weather|RainDance|[from] ability: Drizzle|[of] p2a: Pelipper
|-terastallize|p1a: Kleavor|Grass
|-terastallize|p2b: Kingdra|Steel
|move|p2b: Kingdra|Weather Ball|p1a: Kleavor
|-resisted|p1a: Kleavor
|-damage|p1a: Kleavor|39/100
|-damage|p2b: Kingdra|91/100|[from] item: Life Orb
|move|p1a: Kleavor|Stone Axe|p2b: Kingdra
|-resisted|p2b: Kingdra
|-damage|p2b: Kingdra|59/100
|-sidestart|p2: PreparationHHH|move: Stealth Rock
|move|p1b: Torterra|Leech Seed|p2a: Pelipper
|-start|p2a: Pelipper|move: Leech Seed
|
|-weather|RainDance|[upkeep]
|-damage|p2a: Pelipper|88/100|[from] Leech Seed|[of] p1b: Torterra
|upkeep
|turn|2
|inactive|PreparationHHH has 30 seconds left.
|inactive|PreparationHHH has 20 seconds left.
|
|t:|1757861766
|move|p2b: Kingdra|Weather Ball|p1a: Kleavor
|-resisted|p1a: Kleavor
|-damage|p1a: Kleavor|0 fnt
|faint|p1a: Kleavor
|-damage|p2b: Kingdra|50/100|[from] item: Life Orb
|move|p2a: Pelipper|Hurricane|p1b: Torterra
|-supereffective|p1b: Torterra
|-damage|p1b: Torterra|20/100
|-start|p1b: Torterra|confusion
|-activate|p1b: Torterra|confusion
|move|p1b: Torterra|Body Press|p2b: Kingdra
|-supereffective|p2b: Kingdra
|-damage|p2b: Kingdra|0 fnt
|faint|p2b: Kingdra
|
|-weather|RainDance|[upkeep]
|-heal|p1b: Torterra|26/100|[from] item: Leftovers
|-damage|p2a: Pelipper|75/100|[from] Leech Seed|[of] p1b: Torterra
|-heal|p1b: Torterra|36/100|[silent]
|upkeep
|
|t:|1757861783
|switch|p1a: Gholdengo|Gholdengo, L50|100/100
|switch|p2b: Archaludon|Archaludon, L50, F|100/100
|-damage|p2b: Archaludon|94/100|[from] Stealth Rock
|turn|3
|inactive|Clintoap has 30 seconds left.
|
|t:|1757861817
|switch|p1b: Corviknight|Corviknight, L50, F|100/100
|move|p2a: Pelipper|Hurricane|p1b: Corviknight
|-resisted|p1b: Corviknight
|-damage|p1b: Corviknight|80/100
|move|p1a: Gholdengo|Nasty Plot|p1a: Gholdengo
|-boost|p1a: Gholdengo|spa|2
|move|p2b: Archaludon|Electro Shot||[still]
|-prepare|p2b: Archaludon|Electro Shot
|-boost|p2b: Archaludon|spa|1
|-anim|p2b: Archaludon|Electro Shot|p1a: Gholdengo
|-damage|p1a: Gholdengo|27/100
|
|-weather|RainDance|[upkeep]
|-damage|p2a: Pelipper|63/100|[from] Leech Seed|[of] p1b: Corviknight
|-heal|p1b: Corviknight|88/100|[silent]
|upkeep
|turn|4
|
|t:|1757861837
|switch|p1b: Torterra|Torterra, L50, M|36/100
|move|p2a: Pelipper|Hurricane|p1a: Gholdengo
|-resisted|p1a: Gholdengo
|-damage|p1a: Gholdengo|0 fnt
|faint|p1a: Gholdengo
|move|p2b: Archaludon|Electro Shot||[still]
|-prepare|p2b: Archaludon|Electro Shot
|-boost|p2b: Archaludon|spa|1
|-anim|p2b: Archaludon|Electro Shot|p1b: Torterra
|-immune|p1b: Torterra
|
|-weather|RainDance|[upkeep]
|-heal|p1b: Torterra|41/100|[from] item: Leftovers
|-damage|p2a: Pelipper|50/100|[from] Leech Seed|[of] p1b: Torterra
|-heal|p1b: Torterra|51/100|[silent]
|upkeep
|
|t:|1757861842
|switch|p1a: Corviknight|Corviknight, L50, F|88/100
|turn|5
|-message|Clintoap forfeited.
|
|win|PreparationHHH
|l|☆Clintoap
|player|p1|
||Clintoap is ready for game 2.
||PreparationHHH is ready for game 2.
|uhtml|next|Next: Game 2 of 3
