|j|☆lolgz
|j|☆mx.mollymarxxx
|html|lolgzmx.mollymarxxx    
|uhtml|bestof|Game 2 of a best-of-3
|t:|1782428039
|gametype|doubles
|player|p1|lolgz|dawn|1130
|player|p2|mx.mollymarxxx|roxie|1073
|gen|9
|tier|[Gen 9 Champions] VGC 2026 Reg M-B (Bo3)
|rated|
|rule|Species Clause: Limit one of each Pokémon
|rule|Item Clause: Limit 1 of each item
|clearpoke
|poke|p1|Mawile, L50, M|
|poke|p1|Sneasler, L50, M|
|poke|p1|Farigiraf, L50, F|
|poke|p1|Ampharos, L50, F|
|poke|p1|Vileplume, L50, M|
|poke|p1|Torkoal, L50, F|
|poke|p2|Vileplume, L50, M, shiny|
|poke|p2|Torkoal, L50, F, shiny|
|poke|p2|Typhlosion-Hisui, L50, M, shiny|
|poke|p2|Farigiraf, L50, F, shiny|
|poke|p2|Incineroar, L50, F, shiny|
|poke|p2|Dragonite, L50, F, shiny|
|teampreview|4
|showteam|p1|Mawile||Mawilite|HyperCutter|PlayRough,SuckerPunch,SwordsDance,Protect|Serious||M|||50|]Sneasler||IronBall|PoisonTouch|FakeOut,DireClaw,CloseCombat,RockTomb|Brave||M|||50|]Farigiraf||SitrusBerry|ArmorTail|TrickRoom,Thunderbolt,Psychic,HelpingHand|Bold||F|||50|]Ampharos||Ampharosite|Static|Thunderbolt,DragonPulse,Protect,FocusBlast|Brave||F|||50|]Vileplume||FocusSash|Chlorophyll|SleepPowder,SludgeBomb,EnergyBall,AfterYou|Timid||M|||50|]Torkoal||Charcoal|Drought|Eruption,WeatherBall,EarthPower,Protect|Quiet||F|||50|
|showteam|p2|Vileplume||ExpertBelt|Chlorophyll|AfterYou,SleepPowder,SludgeBomb,GrassKnot|Timid||M|||50|]Torkoal||Charcoal|Drought|Eruption,WeatherBall,SolarBeam,SunnyDay|Modest||F|||50|]Typhlosion-Hisui||ChoiceScarf|Blaze|Eruption,BurnUp,FocusBlast,ShadowBall|Timid||M|||50|]Farigiraf||MentalHerb|ArmorTail|TrickRoom,HelpingHand,HyperVoice,PsychicNoise|Quiet||F|||50|]Incineroar||SitrusBerry|Intimidate|FakeOut,FlareBlitz,ThroatChop,PartingShot|Adamant||F|||50|]Dragonite||Dragoninite|Multiscale|DracoMeteor,BodyPress,Roost,Protect|Relaxed||F|||50|
|inactive|Battle timer is ON: inactive players will automatically lose when time's up. (requested by lolgz)
|inactive|mx.mollymarxxx also wants the timer to be on.
|
|t:|1782428053
|teamsize|p1|4
|teamsize|p2|4
|start
|switch|p1a: Farigiraf|Farigiraf, L50, F|100/100
|switch|p1b: Sneasler|Sneasler, L50, M|100/100
|switch|p2a: Farigiraf|Farigiraf, L50, F, shiny|100/100
|switch|p2b: Incineroar|Incineroar, L50, F, shiny|100/100
|-ability|p2b: Incineroar|Intimidate|boost
|-unboost|p1a: Farigiraf|atk|1
|-unboost|p1b: Sneasler|atk|1
|turn|1
|
|t:|1782428071
|move|p2b: Incineroar|Throat Chop|p1a: Farigiraf
|-supereffective|p1a: Farigiraf|1
|-damage|p1a: Farigiraf|39/100
|-start|p1a: Farigiraf|Throat Chop|[silent]
|-enditem|p1a: Farigiraf|Sitrus Berry|[eat]
|-heal|p1a: Farigiraf|63/100|[from] item: Sitrus Berry
|move|p2a: Farigiraf|Psychic Noise|p1b: Sneasler
|-supereffective|p1b: Sneasler|2
|-damage|p1b: Sneasler|0 fnt
|faint|p1b: Sneasler
|move|p1a: Farigiraf|Trick Room|p1a: Farigiraf
|-fieldstart|move: Trick Room|[of] p1a: Farigiraf
|
|upkeep
|
|t:|1782428075
|switch|p1b: Ampharos|Ampharos, L50, F|100/100
|turn|2
|
|t:|1782428089
|switch|p1a: Torkoal|Torkoal, L50, F|100/100
|-weather|SunnyDay|[from] ability: Drought|[of] p1a: Torkoal
|detailschange|p1b: Ampharos|Ampharos-Mega, L50, F
|-mega|p1b: Ampharos|Ampharos|Ampharosite
|-ability|p1b: Ampharos|Mold Breaker
|move|p1b: Ampharos|Focus Blast|p2b: Incineroar|[miss]
|-miss|p1b: Ampharos|p2b: Incineroar
|move|p2a: Farigiraf|Hyper Voice|p1b: Ampharos|[spread] p1a,p1b
|-damage|p1a: Torkoal|64/100
|-damage|p1b: Ampharos|75/100
|move|p2b: Incineroar|Parting Shot|p1b: Ampharos
|-unboost|p1b: Ampharos|atk|1
|-unboost|p1b: Ampharos|spa|1
|
|t:|1782428103
|switch|p2b: Torkoal|Torkoal, L50, F, shiny|100/100|[from] Parting Shot
|
|-weather|SunnyDay|[upkeep]
|upkeep
|turn|3
|
|t:|1782428117
|move|p1a: Torkoal|Eruption|p2a: Farigiraf|[spread] p2a,p2b
|-resisted|p2b: Torkoal|1
|-damage|p2a: Farigiraf|48/100
|-damage|p2b: Torkoal|60/100
|move|p2b: Torkoal|Eruption|p1a: Torkoal|[spread] p1a,p1b
|-resisted|p1a: Torkoal|1
|-resisted|p1b: Ampharos|1
|-damage|p1a: Torkoal|29/100
|-damage|p1b: Ampharos|53/100
|move|p1b: Ampharos|Thunderbolt|p2b: Torkoal
|-damage|p2b: Torkoal|12/100
|move|p2a: Farigiraf|Hyper Voice|p1b: Ampharos|[spread] p1a,p1b
|-damage|p1a: Torkoal|0 fnt
|-damage|p1b: Ampharos|30/100
|faint|p1a: Torkoal
|
|-weather|SunnyDay|[upkeep]
|upkeep
|
|t:|1782428121
|switch|p1a: Farigiraf|Farigiraf, L50, F|63/100
|turn|4
|
|t:|1782428141
|move|p2a: Farigiraf|Helping Hand|p2b: Torkoal
|-singleturn|p2b: Torkoal|Helping Hand|[of] p2a: Farigiraf
|move|p2b: Torkoal|Weather Ball|p1a: Farigiraf
|-damage|p1a: Farigiraf|0 fnt
|faint|p1a: Farigiraf
|move|p1b: Ampharos|Dragon Pulse|p2a: Farigiraf
|-damage|p2a: Farigiraf|18/100
|
|-weather|SunnyDay|[upkeep]
|upkeep
|turn|5
|-message|lolgz forfeited.
|
|win|mx.mollymarxxx
