|j|☆gianisking
|j|☆0-x ft wayne
|html|gianisking0-x ft wayne    
|uhtml|bestof|Game 2 of a best-of-3
|t:|1756401926
|gametype|doubles
|player|p1|gianisking|bugcatcher-gen4dp|1324
|player|p2|0-x ft wayne|kamado-armor|1218
|gen|9
|tier|[Gen 9] VGC 2025 Reg H (Bo3)
|rated|
|rule|Species Clause: Limit one of each Pokémon
|rule|Item Clause: Limit 1 of each item
|clearpoke
|poke|p1|Kilowattrel, L50, F|
|poke|p1|Amoonguss, L50, F|
|poke|p1|Ursaluna, L50, M|
|poke|p1|Incineroar, L50, F|
|poke|p1|Porygon2, L50|
|poke|p1|Gholdengo, L50|
|poke|p2|Garchomp, L50, F|
|poke|p2|Sneasler, L50, M|
|poke|p2|Ninetales-Alola, L50, F|
|poke|p2|Incineroar, L50, M|
|poke|p2|Dragonite, L50, F|
|poke|p2|Gholdengo, L50|
|teampreview|4
|showteam|p1|Kilowattrel||FocusSash|Competitive|Thunderbolt,AirSlash,Protect,Tailwind|||F|||50|,,,,,Ghost]Amoonguss||SitrusBerry|Regenerator|Spore,RagePowder,PollenPuff,Protect|||F|||50|,,,,,Fairy]Ursaluna||FlameOrb|Guts|Facade,HeadlongRush,Earthquake,Protect|||M|||50|,,,,,Ghost]Incineroar||SafetyGoggles|Intimidate|KnockOff,PartingShot,FakeOut,FlareBlitz|||F|||50|,,,,,Ghost]Porygon2||Eviolite|Download|TeraBlast,IceBeam,TrickRoom,Recover||||||50|,,,,,Fighting]Gholdengo||MetalCoat|GoodasGold|MakeItRain,ShadowBall,Protect,NastyPlot||||||50|,,,,,Water
|showteam|p2|Garchomp||LifeOrb|RoughSkin|Earthquake,DragonClaw,StompingTantrum,Protect|||F|||50|,,,,,Ground]Sneasler||WhiteHerb|Unburden|Coaching,Protect,DireClaw,CloseCombat|||M|||50|,,,,,Stellar]Ninetales-Alola||CovertCloak|SnowWarning|Blizzard,Encore,FreezeDry,IcyWind|||F|||50|,,,,,Ghost]Incineroar||SafetyGoggles|Intimidate|FakeOut,FlareBlitz,KnockOff,PartingShot|||M|||50|,,,,,Ghost]Dragonite||LoadedDice|InnerFocus|TeraBlast,ScaleShot,Tailwind,Protect|||F|||50|,,,,,Flying]Gholdengo||ChoiceScarf|GoodasGold|MakeItRain,ShadowBall,Trick,Thunderbolt||||||50|,,,,,Steel
|
|t:|1756401987
|teamsize|p1|4
|teamsize|p2|4
|start
|switch|p1a: Incineroar|Incineroar, L50, F|100/100
|switch|p1b: Porygon2|Porygon2, L50|100/100
|switch|p2a: Gholdengo|Gholdengo, L50|100/100
|switch|p2b: Dragonite|Dragonite, L50, F|100/100
|-ability|p1a: Incineroar|Intimidate|boost
|-unboost|p2a: Gholdengo|atk|1
|-fail|p2b: Dragonite|unboost|Attack|[from] ability: Inner Focus|[of] p2b: Dragonite
|-ability|p1b: Porygon2|Download|boost
|-boost|p1b: Porygon2|atk|1
|turn|1
|
|t:|1756402042
|switch|p2b: Dalinar|Incineroar, L50, M, shiny|100/100
|-ability|p2b: Dalinar|Intimidate|boost
|-unboost|p1a: Incineroar|atk|1
|-unboost|p1b: Porygon2|atk|1
|move|p2a: Gholdengo|Trick|p1b: Porygon2
|-activate|p2a: Gholdengo|move: Trick|[of] p1b: Porygon2
|-item|p1b: Porygon2|Choice Scarf|[from] move: Trick
|-item|p2a: Gholdengo|Eviolite|[from] move: Trick
|move|p1a: Incineroar|Knock Off|p2b: Dalinar
|-resisted|p2b: Dalinar
|-damage|p2b: Dalinar|89/100
|-enditem|p2b: Dalinar|Safety Goggles|[from] move: Knock Off|[of] p1a: Incineroar
|move|p1b: Porygon2|Trick Room|p1b: Porygon2
|-fieldstart|move: Trick Room|[of] p1b: Porygon2
|
|upkeep
|turn|2
|
|t:|1756402074
|switch|p1b: Amoonguss|Amoonguss, L50, F|100/100
|move|p1a: Incineroar|Flare Blitz|p2a: Gholdengo
|-supereffective|p2a: Gholdengo
|-damage|p2a: Gholdengo|29/100
|-damage|p1a: Incineroar|82/100|[from] Recoil
|move|p2b: Dalinar|Knock Off|p1b: Amoonguss
|-damage|p1b: Amoonguss|58/100
|-enditem|p1b: Amoonguss|Sitrus Berry|[from] move: Knock Off|[of] p2b: Dalinar
|move|p2a: Gholdengo|Make It Rain|p1b: Amoonguss|[spread] p1a,p1b
|-resisted|p1a: Incineroar
|-damage|p1a: Incineroar|59/100
|-damage|p1b: Amoonguss|18/100
|-unboost|p2a: Gholdengo|spa|1
|
|upkeep
|turn|3
|
|t:|1756402104
|switch|p2a: Kaladin|Garchomp, L50, F, shiny|100/100
|move|p1b: Amoonguss|Spore|p2b: Dalinar
|-status|p2b: Dalinar|slp|[from] move: Spore
|cant|p2b: Dalinar|slp
|move|p1a: Incineroar|Knock Off|p2a: Kaladin
|-damage|p2a: Kaladin|75/100
|-damage|p1a: Incineroar|47/100|[from] ability: Rough Skin|[of] p2a: Kaladin
|-enditem|p2a: Kaladin|Life Orb|[from] move: Knock Off|[of] p1a: Incineroar
|
|upkeep
|turn|4
|
|t:|1756402125
|move|p2a: Kaladin|Protect|p2a: Kaladin
|-singleturn|p2a: Kaladin|Protect
|move|p1b: Amoonguss|Spore|p2a: Kaladin
|-activate|p2a: Kaladin|move: Protect
|cant|p2b: Dalinar|slp
|move|p1a: Incineroar|Parting Shot|p2b: Dalinar
|-unboost|p2b: Dalinar|atk|1
|-unboost|p2b: Dalinar|spa|1
|
|t:|1756402129
|switch|p1a: Ursaluna|Ursaluna, L50, M|100/100|[from] Parting Shot
|
|-status|p1a: Ursaluna|brn|[from] item: Flame Orb
|upkeep
|turn|5
|
|t:|1756402160
|switch|p2a: Gholdengo|Gholdengo, L50|29/100
|-terastallize|p2b: Dalinar|Ghost
|move|p1b: Amoonguss|Spore|p2a: Gholdengo
|-immune|p2a: Gholdengo|[from] ability: Good as Gold
|-curestatus|p2b: Dalinar|slp|[msg]
|move|p2b: Dalinar|Parting Shot|p1a: Ursaluna
|-unboost|p1a: Ursaluna|atk|1
|-unboost|p1a: Ursaluna|spa|1
|
|t:|1756402177
|switch|p2b: Dragonite|Dragonite, L50, F|100/100|[from] Parting Shot
|move|p1a: Ursaluna|Earthquake|p2a: Gholdengo|[spread] p1b,p2a
|-immune|p2b: Dragonite
|-supereffective|p2a: Gholdengo
|-damage|p1b: Amoonguss|0 fnt
|-damage|p2a: Gholdengo|0 fnt
|faint|p1b: Amoonguss
|faint|p2a: Gholdengo
|
|-damage|p1a: Ursaluna|95/100 brn|[from] brn
|-fieldend|move: Trick Room
|upkeep
|
|t:|1756402193
|switch|p2a: Kaladin|Garchomp, L50, F, shiny|75/100
|switch|p1b: Porygon2|Porygon2, L50|100/100
|-ability|p1b: Porygon2|Download|boost
|-boost|p1b: Porygon2|spa|1
|turn|6
|
|t:|1756402211
|switch|p2b: Dalinar|Incineroar, L50, M, shiny, tera:Ghost|89/100
|-ability|p2b: Dalinar|Intimidate|boost
|-unboost|p1a: Ursaluna|atk|1
|-unboost|p1b: Porygon2|atk|1
|switch|p1a: Incineroar|Incineroar, L50, F|47/100
|-ability|p1a: Incineroar|Intimidate|boost
|-unboost|p2a: Kaladin|atk|1
|-unboost|p2b: Dalinar|atk|1
|move|p2a: Kaladin|Protect|p2a: Kaladin
|-singleturn|p2a: Kaladin|Protect
|move|p1b: Porygon2|Ice Beam|p2b: Dalinar
|-damage|p2b: Dalinar|53/100
|
|upkeep
|turn|7
|
|t:|1756402243
|-terastallize|p1a: Incineroar|Ghost
|move|p2b: Dalinar|Fake Out|p1b: Porygon2
|-damage|p1b: Porygon2|93/100
|move|p2a: Kaladin|Stomping Tantrum|p1a: Incineroar
|-damage|p1a: Incineroar|26/100
|cant|p1b: Porygon2|flinch
|move|p1a: Incineroar|Knock Off|p2b: Dalinar
|-supereffective|p2b: Dalinar
|-damage|p2b: Dalinar|5/100
|
|upkeep
|turn|8
|
|t:|1756402285
|switch|p2b: Dragonite|Dragonite, L50, F|100/100
|move|p2a: Kaladin|Dragon Claw|p1a: Incineroar
|-damage|p1a: Incineroar|4/100
|move|p1b: Porygon2|Ice Beam|p2a: Kaladin
|-supereffective|p2a: Kaladin
|-damage|p2a: Kaladin|0 fnt
|faint|p2a: Kaladin
|move|p1a: Incineroar|Knock Off|p2b: Dragonite
|-damage|p2b: Dragonite|60/100
|-enditem|p2b: Dragonite|Loaded Dice|[from] move: Knock Off|[of] p1a: Incineroar
|
|upkeep
|
|t:|1756402292
|switch|p2a: Dalinar|Incineroar, L50, M, shiny, tera:Ghost|5/100
|-ability|p2a: Dalinar|Intimidate|boost
|-unboost|p1a: Incineroar|atk|1
|-unboost|p1b: Porygon2|atk|1
|turn|9
|
|t:|1756402319
|move|p2a: Dalinar|Fake Out|p1b: Porygon2
|-damage|p1b: Porygon2|82/100
|move|p2b: Dragonite|Scale Shot|p1b: Porygon2
|-damage|p1b: Porygon2|68/100
|-damage|p1b: Porygon2|54/100
|-hitcount|p1b: Porygon2|2
|-unboost|p2b: Dragonite|def|1
|-boost|p2b: Dragonite|spe|1
|cant|p1b: Porygon2|flinch
|move|p1a: Incineroar|Knock Off|p2a: Dalinar
|-supereffective|p2a: Dalinar
|-damage|p2a: Dalinar|0 fnt
|faint|p2a: Dalinar
|
|upkeep
|turn|10
|
|t:|1756402346
|move|p2b: Dragonite|Scale Shot|p1b: Porygon2
|-damage|p1b: Porygon2|41/100
|-damage|p1b: Porygon2|28/100
|-damage|p1b: Porygon2|15/100
|-damage|p1b: Porygon2|2/100
|-damage|p1b: Porygon2|0 fnt
|faint|p1b: Porygon2
|-hitcount|p1: Porygon2|5
|-unboost|p2b: Dragonite|def|1
|-boost|p2b: Dragonite|spe|1
|move|p1a: Incineroar|Parting Shot|p2b: Dragonite
|-unboost|p2b: Dragonite|atk|1
|-unboost|p2b: Dragonite|spa|1
|
|t:|1756402348
|switch|p1a: Ursaluna|Ursaluna, L50, M|95/100 brn|[from] Parting Shot
|
|-damage|p1a: Ursaluna|89/100 brn|[from] brn
|upkeep
|
|t:|1756402350
|switch|p1b: Incineroar|Incineroar, L50, F, tera:Ghost|4/100
|-ability|p1b: Incineroar|Intimidate|boost
|-fail|p2b: Dragonite|unboost|Attack|[from] ability: Inner Focus|[of] p2b: Dragonite
|turn|11
|
|t:|1756402355
|move|p2b: Dragonite|Protect|p2b: Dragonite
|-singleturn|p2b: Dragonite|Protect
|move|p1a: Ursaluna|Facade|p2b: Dragonite
|-activate|p2b: Dragonite|move: Protect
|move|p1b: Incineroar|Knock Off|p2b: Dragonite
|-activate|p2b: Dragonite|move: Protect
|
|-damage|p1a: Ursaluna|83/100 brn|[from] brn
|upkeep
|turn|12
|
|t:|1756402363
|move|p2b: Dragonite|Scale Shot|p1a: Ursaluna
|-damage|p1a: Ursaluna|76/100 brn
|-damage|p1a: Ursaluna|69/100 brn
|-damage|p1a: Ursaluna|61/100 brn
|-damage|p1a: Ursaluna|54/100 brn
|-hitcount|p1a: Ursaluna|4
|-unboost|p2b: Dragonite|def|1
|-boost|p2b: Dragonite|spe|1
|move|p1a: Ursaluna|Facade|p2b: Dragonite
|-damage|p2b: Dragonite|0 fnt
|faint|p2b: Dragonite
|
|win|gianisking
