|j|☆Blizz.vg
|j|☆LuixenS
|html|Blizz.vgLuixenS    
|uhtml|bestof|Game 3 of a best-of-3
|t:|1785624823
|gametype|doubles
|player|p1|Blizz.vg|supernerd|
|player|p2|LuixenS|canari|
|gen|9
|tier|[Gen 9 Champions] VGC 2026 Reg M-B (Bo3)
|rule|Species Clause: Limit one of each Pokémon
|rule|Item Clause: Limit 1 of each item
|clearpoke
|poke|p1|Floette-Eternal, L50, F|
|poke|p1|Whimsicott, L50, F|
|poke|p1|Charizard, L50, F|
|poke|p1|Kingambit, L50, M|
|poke|p1|Garchomp, L50, F|
|poke|p1|Basculegion, L50, M|
|poke|p2|Delphox, L50, M|
|poke|p2|Incineroar, L50, F|
|poke|p2|Sneasler, L50, F|
|poke|p2|Sinistcha, L50|
|poke|p2|Blastoise, L50, F|
|poke|p2|Maushold-Four, L50|
|teampreview|4
|showteam|p1|Floette-Eternal||Floettite|FlowerVeil|Moonblast,DazzlingGleam,LightofRuin,Protect|Timid||F|||50|]Whimsicott||FocusSash|Prankster|Moonblast,Tailwind,Encore,Protect|Timid||F|||50|]Charizard||CharizarditeY|Blaze|HeatWave,WeatherBall,SolarBeam,Protect|Modest||F|||50|]Kingambit||OccaBerry|Defiant|KowtowCleave,SuckerPunch,IronHead,Protect|Adamant||M|||50|]Garchomp||LifeOrb|RoughSkin|Earthquake,RockSlide,DragonClaw,Protect|Jolly||F|||50|]Basculegion||MysticWater|Adaptability|WaveCrash,LastRespects,AquaJet,Protect|Adamant||M|||50|
|showteam|p2|Delphox||Delphoxite|Blaze|HeatWave,Psychic,NastyPlot,Protect|Timid||M|||50|]Incineroar||SitrusBerry|Intimidate|FakeOut,PartingShot,FlareBlitz,ThroatChop|Impish||F|||50|]Sneasler||FocusSash|PoisonTouch|CloseCombat,DireClaw,QuickGuard,FakeOut|Jolly||F|||50|]Sinistcha||KasibBerry|Hospitality|Protect,MatchaGotcha,LifeDew,RagePowder|Bold|||||50|]Blastoise||Blastoisinite|RainDish|Protect,WaterSpout,DarkPulse,ShellSmash|Modest||F|||50|]Maushold-Four||ChopleBerry|FriendGuard|Feint,HelpingHand,Protect,FollowMe|Impish|||||50|
|inactive|Battle timer is ON: inactive players will automatically lose when time's up. (requested by LuixenS)
|j| RunningRad
|j| blackpinklisahater
|j| VioletVeiledQueen
|j| Hudie EU
|inactive|Blizz.vg has 60 seconds left.
|
|t:|1785624870
|teamsize|p1|4
|teamsize|p2|4
|start
|switch|p1a: Garchomp|Garchomp, L50, F|100/100
|switch|p1b: Whimsicott|Whimsicott, L50, F|100/100
|switch|p2a: Blastoise|Blastoise, L50, F|100/100
|switch|p2b: Maushold|Maushold-Four, L50|100/100
|turn|1
|j| eevee1ynn
|
|t:|1785624890
|detailschange|p2a: Blastoise|Blastoise-Mega, L50, F
|-mega|p2a: Blastoise|Blastoise|Blastoisinite
|move|p2b: Maushold|Helping Hand|p2a: Blastoise
|-singleturn|p2a: Blastoise|Helping Hand|[of] p2b: Maushold
|move|p1b: Whimsicott|Moonblast|p2a: Blastoise
|-damage|p2a: Blastoise|75/100
|move|p1a: Garchomp|Earthquake|p2b: Maushold|[spread] p1b,p2a,p2b
|-resisted|p1b: Whimsicott|1
|-damage|p1b: Whimsicott|62/100
|-damage|p2a: Blastoise|39/100
|-damage|p2b: Maushold|54/100
|-damage|p1a: Garchomp|90/100|[from] item: Life Orb
|move|p2a: Blastoise|Water Spout|p1b: Whimsicott|[spread] p1a,p1b
|-resisted|p1b: Whimsicott|1
|-damage|p1a: Garchomp|47/100
|-damage|p1b: Whimsicott|30/100
|
|upkeep
|turn|2
|inactive|Blizz.vg has 30 seconds left.
|inactive|Blizz.vg has 20 seconds left.
|inactive|Blizz.vg has 15 seconds left.
|
|t:|1785624930
|move|p2b: Maushold|Follow Me|p2b: Maushold
|-singleturn|p2b: Maushold|move: Follow Me
|move|p1b: Whimsicott|Tailwind|p1b: Whimsicott
|-sidestart|p1: Blizz.vg|move: Tailwind
|move|p1a: Garchomp|Earthquake|p2b: Maushold|[spread] p1b,p2a,p2b
|-resisted|p1b: Whimsicott|1
|-damage|p1b: Whimsicott|0 fnt
|-damage|p2a: Blastoise|4/100
|-damage|p2b: Maushold|8/100
|faint|p1b: Whimsicott
|-damage|p1a: Garchomp|37/100|[from] item: Life Orb
|move|p2a: Blastoise|Dark Pulse|p1a: Garchomp
|-damage|p1a: Garchomp|0 fnt
|faint|p1a: Garchomp
|
|upkeep
|
|t:|1785624947
|switch|p1b: Basculegion|Basculegion, L50, M|100/100
|switch|p1a: Kingambit|Kingambit, L50, M|100/100
|turn|3
|
|t:|1785624967
|move|p2b: Maushold|Protect|p2b: Maushold
|-singleturn|p2b: Maushold|Protect
|move|p2a: Blastoise|Protect|p2a: Blastoise
|-singleturn|p2a: Blastoise|Protect
|move|p1b: Basculegion|Wave Crash|p2b: Maushold
|-activate|p2b: Maushold|move: Protect
|move|p1a: Kingambit|Kowtow Cleave|p2a: Blastoise
|-activate|p2a: Blastoise|move: Protect
|
|upkeep
|turn|4
|inactive|LuixenS has 30 seconds left.
|
|t:|1785624995
|switch|p2b: Sinistcha|Sinistcha, L50|100/100
|-heal|p2a: Blastoise|29/100|[from] ability: Hospitality|[of] p2b: Sinistcha
|move|p2a: Blastoise|Protect|p2a: Blastoise
|-singleturn|p2a: Blastoise|Protect
|move|p1b: Basculegion|Wave Crash|p2a: Blastoise
|-activate|p2a: Blastoise|move: Protect
|move|p1a: Kingambit|Kowtow Cleave|p2a: Blastoise
|-activate|p2a: Blastoise|move: Protect
|
|upkeep
|turn|5
|inactive|LuixenS has 30 seconds left.
|
|t:|1785625021
|switch|p2a: Maushold|Maushold-Four, L50|8/100
|move|p2b: Sinistcha|Protect|p2b: Sinistcha
|-singleturn|p2b: Sinistcha|Protect
|move|p1b: Basculegion|Last Respects|p2b: Sinistcha
|-activate|p2b: Sinistcha|move: Protect
|move|p1a: Kingambit|Kowtow Cleave|p2a: Maushold
|-damage|p2a: Maushold|0 fnt
|faint|p2a: Maushold
|
|-sideend|p1: Blizz.vg|move: Tailwind
|upkeep
|
|t:|1785625030
|switch|p2a: Sneasler|Sneasler, L50, F|100/100
|turn|6
|
|t:|1785625042
|move|p1a: Kingambit|Protect|p1a: Kingambit
|-singleturn|p1a: Kingambit|Protect
|move|p2a: Sneasler|Close Combat|p1a: Kingambit
|-activate|p1a: Kingambit|move: Protect
|move|p1b: Basculegion|Last Respects|p2a: Sneasler
|-enditem|p2a: Sneasler|Focus Sash
|-damage|p2a: Sneasler|1/100
|move|p2b: Sinistcha|Matcha Gotcha|p1a: Kingambit|[spread] p1b
|-activate|p1a: Kingambit|move: Protect
|-supereffective|p1b: Basculegion|1
|-damage|p1b: Basculegion|50/100g
|
|upkeep
|turn|7
|
|t:|1785625058
|move|p2a: Sneasler|Quick Guard|p2a: Sneasler
|-singleturn|p2a: Sneasler|Quick Guard
|move|p1a: Kingambit|Sucker Punch|p2b: Sinistcha
|-activate|p2b: Sinistcha|move: Quick Guard
|move|p1b: Basculegion|Last Respects|p2a: Sneasler
|-damage|p2a: Sneasler|0 fnt
|faint|p2a: Sneasler
|move|p2b: Sinistcha|Matcha Gotcha|p1b: Basculegion|[spread] p1a,p1b
|-resisted|p1a: Kingambit|1
|-supereffective|p1b: Basculegion|1
|-damage|p1a: Kingambit|88/100
|-damage|p1b: Basculegion|0 fnt
|faint|p1b: Basculegion
|
|upkeep
|
|t:|1785625071
|switch|p2a: Blastoise|Blastoise-Mega, L50, F|29/100
|turn|8
|
|t:|1785625094
|move|p2a: Blastoise|Water Spout|p1a: Kingambit
|-damage|p1a: Kingambit|66/100
|move|p2b: Sinistcha|Matcha Gotcha|p1a: Kingambit
|-resisted|p1a: Kingambit|1
|-crit|p1a: Kingambit
|-damage|p1a: Kingambit|46/100
|-status|p1a: Kingambit|brn
|move|p1a: Kingambit|Kowtow Cleave|p2a: Blastoise
|-damage|p2a: Blastoise|5/100
|
|-damage|p1a: Kingambit|40/100 brn|[from] brn
|upkeep
|turn|9
|
|t:|1785625105
|move|p2a: Blastoise|Protect|p2a: Blastoise
|-singleturn|p2a: Blastoise|Protect
|move|p2b: Sinistcha|Life Dew||[still]|[spread] p2a,p2b
|-heal|p2a: Blastoise|30/100
|-fail|p2b: Sinistcha|heal
|move|p1a: Kingambit|Kowtow Cleave|p2a: Blastoise
|-activate|p2a: Blastoise|move: Protect
|
|-damage|p1a: Kingambit|34/100 brn|[from] brn
|upkeep
|turn|10
|
|t:|1785625115
|move|p2a: Blastoise|Water Spout|p1a: Kingambit
|-damage|p1a: Kingambit|9/100 brn
|move|p2b: Sinistcha|Life Dew||[still]|[spread] p2a,p2b
|-heal|p2a: Blastoise|55/100
|-fail|p2b: Sinistcha|heal
|move|p1a: Kingambit|Kowtow Cleave|p2a: Blastoise
|-damage|p2a: Blastoise|31/100
|
|-damage|p1a: Kingambit|3/100 brn|[from] brn
|upkeep
|turn|11
|
|t:|1785625120
|move|p2a: Blastoise|Protect|p2a: Blastoise
|-singleturn|p2a: Blastoise|Protect
|move|p2b: Sinistcha|Protect|p2b: Sinistcha
|-singleturn|p2b: Sinistcha|Protect
|move|p1a: Kingambit|Kowtow Cleave|p2b: Sinistcha
|-activate|p2b: Sinistcha|move: Protect
|
|-damage|p1a: Kingambit|0 fnt|[from] brn
|faint|p1a: Kingambit
|
|win|LuixenS
|c|☆LuixenS|ggs
|c|☆Blizz.vg|ggs
|c|☆LuixenS|sorry for the hax and the tardiness
|l| Hudie EU
|l| eevee1ynn
|l| blackpinklisahater
|c|☆Blizz.vg|its ok
|l| VioletVeiledQueen
|l| RunningRad
|l|☆Blizz.vg
|player|p1|
|l|☆LuixenS
|player|p2|
|j|☆LuixenS
|player|p2|LuixenS|canari|
|j|☆Blizz.vg
|player|p1|Blizz.vg|supernerd|
|j| X2Muz
|l|☆LuixenS
|player|p2|
|j|☆LuixenS
|player|p2|LuixenS|canari|
