|j|☆akasia
|j|☆TheGayOne420
|html|akasiaTheGayOne420    
|uhtml|bestof|Game 2 of a best-of-3
|t:|1785901708
|gametype|doubles
|player|p1|akasia|102|1098
|player|p2|TheGayOne420|266|1094
|gen|9
|tier|[Gen 9 Champions] VGC 2026 Reg M-B (Bo3)
|rated|
|rule|Species Clause: Limit one of each Pokémon
|rule|Item Clause: Limit 1 of each item
|clearpoke
|poke|p1|Mawile, L50, F|
|poke|p1|Farigiraf, L50, M|
|poke|p1|Whimsicott, L50, F|
|poke|p1|Garchomp, L50, M|
|poke|p1|Basculegion, L50, M|
|poke|p1|Charizard, L50, M|
|poke|p2|Eelektross, L50, F|
|poke|p2|Sinistcha, L50|
|poke|p2|Staraptor, L50, F|
|poke|p2|Talonflame, L50, M|
|poke|p2|Incineroar, L50, M|
|poke|p2|Garchomp, L50, M|
|teampreview|4
|showteam|p1|Mawile||Mawilite|Intimidate|PlayRough,IronHead,SuckerPunch,Protect|Adamant||F|||50|]Farigiraf||SitrusBerry|ArmorTail|Psychic,HelpingHand,Thunderbolt,TrickRoom|Modest||M|||50|]Whimsicott||FocusSash|Prankster|Moonblast,Tailwind,Encore,Protect|Timid||F|||50|]Garchomp||LifeOrb|RoughSkin|RockSlide,DragonClaw,Earthquake,Protect|Jolly||M|||50|]Basculegion||MysticWater|SwiftSwim|WaveCrash,LastRespects,AquaJet,Protect|Adamant||M|||50|]Charizard||CharizarditeY|SolarPower|HeatWave,SolarBeam,WeatherBall,Protect|Modest||M|||50|
|showteam|p2|Eelektross||LifeOrb|Levitate|Thunderbolt,Flamethrower,Protect,GigaDrain|Modest||F|||50|]Sinistcha||OccaBerry|Hospitality|ShadowBall,MatchaGotcha,LifeDew,RagePowder|Modest|||||50|]Staraptor||Staraptite|Intimidate|CloseCombat,Roost,Protect,BraveBird|Jolly||F|||50|]Talonflame||FocusSash|GaleWings|DualWingbeat,FeatherDance,Protect,Tailwind|Adamant||M|||50|]Incineroar||SitrusBerry|Intimidate|FakeOut,FlareBlitz,PartingShot,DarkestLariat|Adamant||M|||50|]Garchomp||WideLens|SandVeil|RockSlide,DragonRush,Protect,Earthquake|Jolly||M|||50|
|
|t:|1785901736
|teamsize|p1|4
|teamsize|p2|4
|start
|switch|p1a: Whimsicott|Whimsicott, L50, F|100/100
|switch|p1b: Charizard|Charizard, L50, M|100/100
|switch|p2a: Staraptor|Staraptor, L50, F|100/100
|switch|p2b: Talonflame|Talonflame, L50, M|100/100
|-ability|p2a: Staraptor|Intimidate|boost
|-unboost|p1a: Whimsicott|atk|1
|-unboost|p1b: Charizard|atk|1
|turn|1
|
|t:|1785901773
|detailschange|p2a: Staraptor|Staraptor-Mega, L50, F
|-mega|p2a: Staraptor|Staraptor|Staraptite
|detailschange|p1b: Charizard|Charizard-Mega-Y, L50, M
|-mega|p1b: Charizard|Charizard|Charizardite Y
|-weather|SunnyDay|[from] ability: Drought|[of] p1b: Charizard
|move|p2a: Staraptor|Protect|p2a: Staraptor
|-singleturn|p2a: Staraptor|Protect
|move|p1a: Whimsicott|Tailwind|p1a: Whimsicott
|-sidestart|p1: akasia|move: Tailwind
|move|p2b: Talonflame|Tailwind|p2b: Talonflame
|-sidestart|p2: TheGayOne420|move: Tailwind
|move|p1b: Charizard|Heat Wave|p2a: Staraptor|[spread] p2b
|-activate|p2a: Staraptor|move: Protect
|-resisted|p2b: Talonflame|1
|-damage|p2b: Talonflame|50/100g
|
|-weather|SunnyDay|[upkeep]
|upkeep
|turn|2
|
|t:|1785901802
|switch|p2a: Incineroar|Incineroar, L50, M|100/100
|-ability|p2a: Incineroar|Intimidate|boost
|-unboost|p1a: Whimsicott|atk|1
|-unboost|p1b: Charizard|atk|1
|move|p1a: Whimsicott|Encore|p2a: Incineroar
|-hint|Since gen 7, Dark is immune to Prankster moves.
|-immune|p2a: Incineroar
|move|p2b: Talonflame|Dual Wingbeat|p1a: Whimsicott
|-supereffective|p1a: Whimsicott|1
|-damage|p1a: Whimsicott|50/100g
|-supereffective|p1a: Whimsicott|1
|-damage|p1a: Whimsicott|0 fnt
|faint|p1a: Whimsicott
|-hitcount|p1: Whimsicott|2
|move|p1b: Charizard|Heat Wave|p2a: Incineroar|[spread] p2a,p2b
|-resisted|p2a: Incineroar|1
|-crit|p2a: Incineroar
|-resisted|p2b: Talonflame|1
|-damage|p2a: Incineroar|65/100
|-damage|p2b: Talonflame|3/100
|
|-weather|SunnyDay|[upkeep]
|upkeep
|
|t:|1785901809
|switch|p1a: Garchomp|Garchomp, L50, M|100/100
|turn|3
|
|t:|1785901830
|move|p2b: Talonflame|Feather Dance|p1a: Garchomp
|-unboost|p1a: Garchomp|atk|2
|move|p1a: Garchomp|Earthquake|p2b: Talonflame|[spread] p2a
|-immune|p1b: Charizard
|-immune|p2b: Talonflame
|-supereffective|p2a: Incineroar|1
|-damage|p2a: Incineroar|21/100
|-enditem|p2a: Incineroar|Sitrus Berry|[eat]
|-heal|p2a: Incineroar|46/100|[from] item: Sitrus Berry
|-damage|p1a: Garchomp|90/100|[from] item: Life Orb
|move|p1b: Charizard|Heat Wave|p2b: Talonflame|[spread] p2a,p2b
|-resisted|p2a: Incineroar|1
|-resisted|p2b: Talonflame|1
|-crit|p2b: Talonflame
|-damage|p2a: Incineroar|21/100
|-damage|p2b: Talonflame|0 fnt
|faint|p2b: Talonflame
|move|p2a: Incineroar|Parting Shot|p1a: Garchomp
|-unboost|p1a: Garchomp|atk|1
|-unboost|p1a: Garchomp|spa|1
|
|t:|1785901850
|switch|p2a: Garchomp|Garchomp, L50, M|100/100|[from] Parting Shot
|
|-weather|SunnyDay|[upkeep]
|upkeep
|
|t:|1785901865
|switch|p2b: Incineroar|Incineroar, L50, M|21/100
|-ability|p2b: Incineroar|Intimidate|boost
|-unboost|p1a: Garchomp|atk|1
|-unboost|p1b: Charizard|atk|1
|turn|4
|
|t:|1785901899
|switch|p1a: Mawile|Mawile, L50, F|100/100
|-ability|p1a: Mawile|Intimidate|boost
|-unboost|p2a: Garchomp|atk|1
|-unboost|p2b: Incineroar|atk|1
|move|p1b: Charizard|Protect|p1b: Charizard
|-singleturn|p1b: Charizard|Protect
|move|p2b: Incineroar|Fake Out|p1a: Mawile
|-resisted|p1a: Mawile|1
|-damage|p1a: Mawile|94/100
|move|p2a: Garchomp|Rock Slide|p1a: Mawile|[spread] p1a
|-activate|p1b: Charizard|move: Protect
|-resisted|p1a: Mawile|1
|-damage|p1a: Mawile|87/100
|
|-weather|SunnyDay|[upkeep]
|-sideend|p2: TheGayOne420|move: Tailwind
|-sideend|p1: akasia|move: Tailwind
|upkeep
|turn|5
|
|t:|1785901934
|move|p2a: Garchomp|Rock Slide|p1a: Mawile|[spread] p1a,p1b
|-resisted|p1a: Mawile|1
|-supereffective|p1b: Charizard|2
|-damage|p1a: Mawile|78/100
|-damage|p1b: Charizard|42/100
|move|p1b: Charizard|Weather Ball|p2b: Incineroar
|-resisted|p2b: Incineroar|1
|-damage|p2b: Incineroar|0 fnt
|faint|p2b: Incineroar
|move|p1a: Mawile|Play Rough|p2a: Garchomp
|-supereffective|p2a: Garchomp|1
|-damage|p2a: Garchomp|38/100
|
|-weather|none
|upkeep
|
|t:|1785901947
|switch|p2b: Staraptor|Staraptor-Mega, L50, F|100/100
|turn|6
|
|t:|1785901960
|switch|p1b: Garchomp|Garchomp, L50, M|90/100
|move|p1a: Mawile|Protect|p1a: Mawile
|-singleturn|p1a: Mawile|Protect
|move|p2b: Staraptor|Close Combat|p1b: Garchomp
|-damage|p1b: Garchomp|27/100
|-boost|p2b: Staraptor|def|1
|-boost|p2b: Staraptor|spd|1
|-damage|p2b: Staraptor|87/100|[from] ability: Rough Skin|[of] p1b: Garchomp
|move|p2a: Garchomp|Earthquake|p1a: Mawile|[spread] p1b
|-activate|p1a: Mawile|move: Protect
|-immune|p2b: Staraptor
|-damage|p1b: Garchomp|2/100
|
|upkeep
|turn|7
|
|t:|1785901989
|move|p2b: Staraptor|Close Combat|p1a: Mawile
|-damage|p1a: Mawile|0 fnt
|-boost|p2b: Staraptor|def|1
|-boost|p2b: Staraptor|spd|1
|faint|p1a: Mawile
|move|p1b: Garchomp|Dragon Claw|p2a: Garchomp
|-supereffective|p2a: Garchomp|1
|-damage|p2a: Garchomp|0 fnt
|faint|p2a: Garchomp
|-damage|p1b: Garchomp|0 fnt|[from] item: Life Orb
|faint|p1b: Garchomp
|
|upkeep
|
|t:|1785901998
|switch|p1b: Charizard|Charizard-Mega-Y, L50, M|42/100
|-weather|SunnyDay|[from] ability: Drought|[of] p1b: Charizard
|turn|8
|
|t:|1785902005
|move|p2b: Staraptor|Brave Bird|p1b: Charizard
|-damage|p1b: Charizard|0 fnt
|faint|p1b: Charizard
|-damage|p2b: Staraptor|72/100|[from] Recoil
|
|win|TheGayOne420
|raw|akasia's rating: 1098 → 1073(-25 for losing)
|raw|TheGayOne420's rating: 1094 → 1120(+26 for winning)
|l|☆akasia
|player|p1|
