|j|☆mocha gob
|j|☆spoolingus
|html|mocha gobspoolingus    
|uhtml|bestof|Game 1 of a best-of-3
|t:|1782179816
|gametype|doubles
|player|p1|mocha gob|hiker|1084
|player|p2|spoolingus|170|1140
|gen|9
|tier|[Gen 9 Champions] VGC 2026 Reg M-B (Bo3)
|rated|
|rule|Species Clause: Limit one of each Pokémon
|rule|Item Clause: Limit 1 of each item
|clearpoke
|poke|p1|Raichu, L50, F|
|poke|p1|Staraptor, L50, M|
|poke|p1|Whimsicott, L50, F|
|poke|p1|Weavile, L50, F|
|poke|p1|Incineroar, L50, M|
|poke|p1|Maushold, L50|
|poke|p2|Swampert, L50, M|
|poke|p2|Sinistcha, L50|
|poke|p2|Pelipper, L50, F|
|poke|p2|Sableye, L50, F|
|poke|p2|Archaludon, L50, M|
|poke|p2|Kingambit, L50, M|
|teampreview|4
|showteam|p1|Raichu||RaichuniteY|LightningRod|NastyPlot,FocusBlast,Thunder,Protect|Hasty||F|||50|]Staraptor||Staraptite|Intimidate|CloseCombat,BraveBird,Roost,Protect|Adamant||M|||50|]Whimsicott||MiracleSeed|Prankster|Tailwind,SunnyDay,EnergyBall,Charm|Bold||F|||50|]Weavile||FocusSash|Pressure|FakeOut,KnockOff,TripleAxel,IceShard|Jolly||F|||50|]Incineroar||SitrusBerry|Intimidate|FakeOut,FlareBlitz,DarkestLariat,PartingShot|Adamant||M|||50|]Maushold||SilkScarf|FriendGuard|PopulationBomb,FollowMe,Encore,SuperFang|Adamant|||||50|
|showteam|p2|Swampert||Swampertite|Torrent|WaveCrash,HighHorsepower,KnockOff,Protect|Adamant||M|||50|]Sinistcha||KasibBerry|Hospitality|MatchaGotcha,RagePowder,TrickRoom,LifeDew|Bold|||||50|]Pelipper||FocusSash|Drizzle|WeatherBall,Hurricane,Tailwind,Protect|Modest||F|||50|]Sableye||LightClay|Prankster|RainDance,Quash,LightScreen,Reflect|Calm||F|||50|]Archaludon||Leftovers|Stamina|ElectroShot,DragonPulse,FlashCannon,Protect|Calm||M|||50|]Kingambit||ChopleBerry|Defiant|KowtowCleave,SuckerPunch,IronHead,LowKick|Adamant||M|||50|
|inactive|Battle timer is ON: inactive players will automatically lose when time's up. (requested by mocha gob)
|inactive|mocha gob has 60 seconds left.
|inactive|spoolingus has 60 seconds left.
|
|t:|1782179855
|teamsize|p1|4
|teamsize|p2|4
|start
|switch|p1a: Whimsicott|Whimsicott, L50, F|100/100
|switch|p1b: Raichu|Raichu, L50, F|100/100
|switch|p2a: Archaludon|Archaludon, L50, M|100/100
|switch|p2b: Sableye|Sableye, L50, F|100/100
|turn|1
|
|t:|1782179872
|switch|p2a: Pelipper|Pelipper, L50, F|100/100
|-weather|RainDance|[from] ability: Drizzle|[of] p2a: Pelipper
|detailschange|p1b: Raichu|Raichu-Mega-Y, L50, F
|-mega|p1b: Raichu|Raichu|Raichunite Y
|move|p1a: Whimsicott|Sunny Day|p1a: Whimsicott
|-weather|SunnyDay
|move|p2b: Sableye|Light Screen|p2b: Sableye
|-sidestart|p2: spoolingus|move: Light Screen
|move|p1b: Raichu|Focus Blast|p2a: Pelipper
|-resisted|p2a: Pelipper|1
|-damage|p2a: Pelipper|71/100
|
|-weather|SunnyDay|[upkeep]
|upkeep
|turn|2
|inactive|spoolingus has 30 seconds left.
|
|t:|1782179906
|move|p1a: Whimsicott|Tailwind|p1a: Whimsicott
|-sidestart|p1: mocha gob|move: Tailwind
|move|p2b: Sableye|Quash|p1b: Raichu
|-activate|p1b: Raichu|move: Quash
|move|p2a: Pelipper|Weather Ball|p1a: Whimsicott
|-supereffective|p1a: Whimsicott|1
|-damage|p1a: Whimsicott|0 fnt
|faint|p1a: Whimsicott
|move|p1b: Raichu|Nasty Plot|p1b: Raichu
|-boost|p1b: Raichu|spa|2
|
|-weather|SunnyDay|[upkeep]
|upkeep
|
|t:|1782179923
|switch|p1a: Incineroar|Incineroar, L50, M|100/100
|-ability|p1a: Incineroar|Intimidate|boost
|-unboost|p2a: Pelipper|atk|1
|-unboost|p2b: Sableye|atk|1
|turn|3
|
|t:|1782179946
|move|p2a: Pelipper|Protect|p2a: Pelipper
|-singleturn|p2a: Pelipper|Protect
|move|p1a: Incineroar|Fake Out|p2a: Pelipper
|-activate|p2a: Pelipper|move: Protect
|move|p2b: Sableye|Rain Dance|p2b: Sableye
|-weather|RainDance
|move|p1b: Raichu|Thunder|p2b: Sableye
|-damage|p2b: Sableye|2/100
|
|-weather|RainDance|[upkeep]
|upkeep
|turn|4
|
|t:|1782179960
|move|p2b: Sableye|Quash|p1b: Raichu
|-activate|p1b: Raichu|move: Quash
|move|p1a: Incineroar|Darkest Lariat|p2b: Sableye
|-damage|p2b: Sableye|0 fnt
|faint|p2b: Sableye
|move|p2a: Pelipper|Tailwind|p2a: Pelipper
|-sidestart|p2: spoolingus|move: Tailwind
|move|p1b: Raichu|Thunder|p2a: Pelipper
|-supereffective|p2a: Pelipper|2
|-damage|p2a: Pelipper|0 fnt
|faint|p2a: Pelipper
|
|-weather|RainDance|[upkeep]
|upkeep
|
|t:|1782179966
|switch|p2a: Swampert|Swampert, L50, M|100/100
|switch|p2b: Archaludon|Archaludon, L50, M|100/100
|turn|5
|
|t:|1782179987
|switch|p1b: Staraptor|Staraptor, L50, M|100/100
|-ability|p1b: Staraptor|Intimidate|boost
|-unboost|p2a: Swampert|atk|1
|-unboost|p2b: Archaludon|atk|1
|detailschange|p2a: Swampert|Swampert-Mega, L50, M
|-mega|p2a: Swampert|Swampert|Swampertite
|move|p2a: Swampert|High Horsepower|p1b: Staraptor
|-immune|p1b: Staraptor
|move|p2b: Archaludon|Electro Shot||[still]
|-prepare|p2b: Archaludon|Electro Shot
|-boost|p2b: Archaludon|spa|1
|-anim|p2b: Archaludon|Electro Shot|p1a: Incineroar
|-damage|p1a: Incineroar|47/100
|-enditem|p1a: Incineroar|Sitrus Berry|[eat]
|-heal|p1a: Incineroar|71/100|[from] item: Sitrus Berry
|move|p1a: Incineroar|Darkest Lariat|p2a: Swampert
|-damage|p2a: Swampert|61/100
|
|-weather|RainDance|[upkeep]
|-sideend|p1: mocha gob|move: Tailwind
|upkeep
|turn|6
|
|t:|1782180011
|move|p2a: Swampert|Wave Crash|p1a: Incineroar
|-supereffective|p1a: Incineroar|1
|-damage|p1a: Incineroar|0 fnt
|faint|p1a: Incineroar
|-damage|p2a: Swampert|34/100|[from] Recoil
|move|p2b: Archaludon|Electro Shot||[still]
|-prepare|p2b: Archaludon|Electro Shot
|-boost|p2b: Archaludon|spa|1
|-anim|p2b: Archaludon|Electro Shot|p1b: Staraptor
|-supereffective|p1b: Staraptor|1
|-damage|p1b: Staraptor|0 fnt
|faint|p1b: Staraptor
|
|-weather|RainDance|[upkeep]
|upkeep
|
|t:|1782180018
|switch|p1b: Raichu|Raichu-Mega-Y, L50, F|100/100
|turn|7
|
|t:|1782180023
|move|p2a: Swampert|High Horsepower|p1b: Raichu
|-supereffective|p1b: Raichu|1
|-damage|p1b: Raichu|0 fnt
|faint|p1b: Raichu
|
|win|spoolingus
||spoolingus is ready for game 2.
|l|☆mocha gob
|player|p1|
|j|☆mocha gob
|player|p1|mocha gob|hiker|
|inactive|mocha gob has 30 seconds to confirm battle start!
||mocha gob is ready for game 2.
|uhtml|next|Next: Game 2 of 3
|l|☆mocha gob
|player|p1|
