|j|☆new mental
|j|☆HEDGEHOGMEOW
|html|new mentalHEDGEHOGMEOW    
|uhtml|bestof|Game 2 of a best-of-3
|t:|1785496674
|gametype|doubles
|player|p1|new mental|volkner|1337
|player|p2|HEDGEHOGMEOW|102|1314
|gen|9
|tier|[Gen 9 Champions] VGC 2026 Reg M-B (Bo3)
|rated|
|rule|Species Clause: Limit one of each Pokémon
|rule|Item Clause: Limit 1 of each item
|clearpoke
|poke|p1|Charizard, L50, F|
|poke|p1|Garchomp, L50, M|
|poke|p1|Incineroar, L50, F|
|poke|p1|Venusaur, L50, F|
|poke|p1|Toxapex, L50, F|
|poke|p1|Sylveon, L50, M|
|poke|p2|Pyroar, L50, M|
|poke|p2|Torkoal, L50, M|
|poke|p2|Farigiraf, L50, F|
|poke|p2|Whimsicott, L50, M|
|poke|p2|Garchomp, L50, F|
|poke|p2|Staraptor, L50, M|
|teampreview|4
|showteam|p1|Charizard||CharizarditeY|SolarPower|WeatherBall,HeatWave,AncientPower,Protect|Modest||F|||50|]Garchomp||ChoiceScarf|RoughSkin|RockSlide,DragonClaw,Earthquake,StompingTantrum|Adamant||M|||50|]Incineroar||SitrusBerry|Intimidate|FlareBlitz,FakeOut,DarkestLariat,PartingShot|Impish||F|||50|]Venusaur||LifeOrb|Chlorophyll|SludgeBomb,LeafStorm,EarthPower,Protect|Modest||F|||50|]Toxapex||Leftovers|Regenerator|Infestation,Toxic,WideGuard,BanefulBunker|Bold||F|||50|]Sylveon||FairyFeather|Pixilate|HyperVoice,QuickAttack,Yawn,Detect|Modest||M|||50|
|showteam|p2|Pyroar||Pyroarite|Unnerve|Overheat,HeatWave,SolarBeam,Protect|Timid||M|||50|]Torkoal||Charcoal|Drought|Eruption,WeatherBall,HelpingHand,Protect|Quiet||M|||50|]Farigiraf||SitrusBerry|ArmorTail|HelpingHand,Psychic,Thunderbolt,TrickRoom|Relaxed||F|||50|]Whimsicott||FocusSash|Prankster|Charm,Tailwind,Moonblast,SunnyDay|Modest||M|||50|]Garchomp||LifeOrb|RoughSkin|DragonClaw,StompingTantrum,RockSlide,Protect|Jolly||F|||50|]Staraptor||Staraptite|Intimidate|Protect,CloseCombat,BraveBird,Roost|Jolly||M|||50|
|inactive|Battle timer is ON: inactive players will automatically lose when time's up. (requested by HEDGEHOGMEOW)
|inactive|HEDGEHOGMEOW has 60 seconds left.
|inactive|HEDGEHOGMEOW has 30 seconds left.
|inactive|HEDGEHOGMEOW has 20 seconds left.
|inactive|HEDGEHOGMEOW has 15 seconds left.
|inactive|HEDGEHOGMEOW has 10 seconds left.
|
|t:|1785496759
|teamsize|p1|4
|teamsize|p2|4
|start
|switch|p1a: Charizard|Charizard, L50, F|100/100
|switch|p1b: Sylveon|Sylveon, L50, M|100/100
|switch|p2a: Farigiraf|Farigiraf, L50, F|100/100
|switch|p2b: Pyroar|Pyroar, L50, M|100/100
|-ability|p2b: Pyroar|Unnerve
|turn|1
|
|t:|1785496782
|detailschange|p2b: Pyroar|Pyroar-Mega, L50, M
|-mega|p2b: Pyroar|Pyroar|Pyroarite
|detailschange|p1a: Charizard|Charizard-Mega-Y, L50, F
|-mega|p1a: Charizard|Charizard|Charizardite Y
|-weather|SunnyDay|[from] ability: Drought|[of] p1a: Charizard
|move|p2a: Farigiraf|Helping Hand|p2b: Pyroar
|-singleturn|p2b: Pyroar|Helping Hand|[of] p2a: Farigiraf
|move|p2b: Pyroar|Heat Wave|p1a: Charizard|[spread] p1a,p1b
|-resisted|p1a: Charizard|1
|-damage|p1a: Charizard|46/100
|-damage|p1b: Sylveon|6/100
|move|p1a: Charizard|Ancient Power|p2b: Pyroar
|-supereffective|p2b: Pyroar|1
|-damage|p2b: Pyroar|42/100
|move|p1b: Sylveon|Hyper Voice|p2b: Pyroar|[spread] p2a,p2b
|-resisted|p2b: Pyroar|1
|-damage|p2a: Farigiraf|59/100
|-damage|p2b: Pyroar|12/100
|
|-weather|SunnyDay|[upkeep]
|upkeep
|turn|2
|inactive|HEDGEHOGMEOW has 30 seconds left.
|
|t:|1785496808
|move|p2a: Farigiraf|Helping Hand|p2b: Pyroar
|-singleturn|p2b: Pyroar|Helping Hand|[of] p2a: Farigiraf
|move|p1a: Charizard|Protect|p1a: Charizard
|-singleturn|p1a: Charizard|Protect
|move|p2b: Pyroar|Heat Wave|p1b: Sylveon|[spread] p1b
|-activate|p1a: Charizard|move: Protect
|-damage|p1b: Sylveon|0 fnt
|faint|p1b: Sylveon
|
|-weather|SunnyDay|[upkeep]
|upkeep
|
|t:|1785496809
|switch|p1b: Garchomp|Garchomp, L50, M|100/100
|turn|3
|
|t:|1785496834
|move|p2a: Farigiraf|Helping Hand|p2b: Pyroar
|-singleturn|p2b: Pyroar|Helping Hand|[of] p2a: Farigiraf
|move|p1b: Garchomp|Earthquake|p2a: Farigiraf|[spread] p2a,p2b
|-immune|p1a: Charizard
|-supereffective|p2b: Pyroar|1
|-damage|p2a: Farigiraf|27/100
|-damage|p2b: Pyroar|0 fnt
|-enditem|p2a: Farigiraf|Sitrus Berry|[eat]
|-heal|p2a: Farigiraf|52/100|[from] item: Sitrus Berry
|faint|p2b: Pyroar
|move|p1a: Charizard|Heat Wave|p2a: Farigiraf
|-damage|p2a: Farigiraf|0 fnt
|faint|p2a: Farigiraf
|
|-weather|SunnyDay|[upkeep]
|upkeep
|
|t:|1785496846
|switch|p2b: Garchomp|Garchomp, L50, F|100/100
|switch|p2a: Torkoal|Torkoal, L50, M|100/100
|turn|4
|inactive|HEDGEHOGMEOW has 30 seconds left.
|
|t:|1785496876
|switch|p1b: Incineroar|Incineroar, L50, F|100/100
|-ability|p1b: Incineroar|Intimidate|boost
|-unboost|p2a: Torkoal|atk|1
|-unboost|p2b: Garchomp|atk|1
|move|p2a: Torkoal|Helping Hand|p2b: Garchomp
|-singleturn|p2b: Garchomp|Helping Hand|[of] p2a: Torkoal
|move|p1a: Charizard|Protect|p1a: Charizard
|-singleturn|p1a: Charizard|Protect
|move|p2b: Garchomp|Rock Slide|p1a: Charizard|[spread] p1b
|-activate|p1a: Charizard|move: Protect
|-supereffective|p1b: Incineroar|1
|-damage|p1b: Incineroar|63/100
|-damage|p2b: Garchomp|90/100|[from] item: Life Orb
|
|-weather|SunnyDay|[upkeep]
|upkeep
|turn|5
|inactive|HEDGEHOGMEOW has 30 seconds left.
|
|t:|1785496907
|move|p1b: Incineroar|Fake Out|p2b: Garchomp
|-damage|p2b: Garchomp|79/100
|-damage|p1b: Incineroar|51/100|[from] ability: Rough Skin|[of] p2b: Garchomp
|cant|p2b: Garchomp|flinch
|move|p1a: Charizard|Heat Wave|p2b: Garchomp|[spread] p2b
|-miss|p1a: Charizard|p2a: Torkoal
|-resisted|p2b: Garchomp|1
|-damage|p2b: Garchomp|45/100
|move|p2a: Torkoal|Eruption|p1b: Incineroar|[spread] p1a,p1b
|-resisted|p1a: Charizard|1
|-resisted|p1b: Incineroar|1
|-crit|p1b: Incineroar
|-damage|p1a: Charizard|10/100
|-damage|p1b: Incineroar|0 fnt
|faint|p1b: Incineroar
|
|-weather|none
|upkeep
|
|t:|1785496910
|switch|p1b: Garchomp|Garchomp, L50, M|100/100
|turn|6
|inactive|HEDGEHOGMEOW has 30 seconds left.
|
|t:|1785496942
|move|p2b: Garchomp|Protect|p2b: Garchomp
|-singleturn|p2b: Garchomp|Protect
|move|p2a: Torkoal|Protect|p2a: Torkoal
|-singleturn|p2a: Torkoal|Protect
|move|p1b: Garchomp|Earthquake|p2a: Torkoal|[spread] 
|-activate|p2a: Torkoal|move: Protect
|-activate|p2b: Garchomp|move: Protect
|-immune|p1a: Charizard
|move|p1a: Charizard|Heat Wave|p2a: Torkoal|[spread] 
|-activate|p2a: Torkoal|move: Protect
|-activate|p2b: Garchomp|move: Protect
|
|upkeep
|turn|7
|
|t:|1785496961
|move|p1b: Garchomp|Earthquake|p2a: Torkoal|[spread] p2a,p2b
|-immune|p1a: Charizard
|-supereffective|p2a: Torkoal|1
|-crit|p2a: Torkoal
|-damage|p2a: Torkoal|8/100
|-damage|p2b: Garchomp|0 fnt
|faint|p2b: Garchomp
|move|p1a: Charizard|Heat Wave|p2a: Torkoal
|-resisted|p2a: Torkoal|1
|-crit|p2a: Torkoal
|-damage|p2a: Torkoal|0 fnt
|faint|p2a: Torkoal
|
|win|new mental
|raw|new mental's rating: 1337 → 1356(+19 for winning)
|raw|HEDGEHOGMEOW's rating: 1314 → 1295(-19 for losing)
