|j|☆Pzgoo
|j|☆PRLT1 Jurrasicz
|html|PzgooPRLT1 Jurrasicz    
|uhtml|bestof|Game 2 of a best-of-3
|t:|1783709709
|gametype|doubles
|player|p1|Pzgoo|1|1315
|player|p2|PRLT1 Jurrasicz|pokemaniac|1265
|gen|9
|tier|[Gen 9 Champions] VGC 2026 Reg M-B (Bo3)
|rated|
|rule|Species Clause: Limit one of each Pokémon
|rule|Item Clause: Limit 1 of each item
|clearpoke
|poke|p1|Froslass, L50, F|
|poke|p1|Glaceon, L50, F|
|poke|p1|Garchomp, L50, F|
|poke|p1|Talonflame, L50, F|
|poke|p1|Sneasler, L50, M|
|poke|p1|Kingambit, L50, M|
|poke|p2|Charizard, L50, F|
|poke|p2|Whimsicott, L50, M|
|poke|p2|Floette-Eternal, L50, F|
|poke|p2|Basculegion, L50, M|
|poke|p2|Garchomp, L50, M|
|poke|p2|Kingambit, L50, F, shiny|
|teampreview|4
|showteam|p1|Froslass||Froslassite|SnowCloak|Blizzard,ShadowBall,Taunt,Protect|Modest||F|||50|]Glaceon||NeverMeltIce|SnowCloak|FreezeDry,Blizzard,IceShard,Protect|Modest||F|||50|]Garchomp||LifeOrb|RoughSkin|Earthquake,RockSlide,DragonClaw,Protect|Jolly||F|||50|]Talonflame||SharpBeak|FlameBody|FlareBlitz,BraveBird,Tailwind,Protect|Jolly||F|||50|]Sneasler||FocusSash|Unburden|FakeOut,CloseCombat,DireClaw,Protect|Adamant||M|||50|]Kingambit||ChopleBerry|Defiant|KowtowCleave,SuckerPunch,LowKick,Protect|Adamant||M|||50|
|showteam|p2|Charizard||CharizarditeY|Blaze|HeatWave,SolarBeam,WeatherBall,Protect|Modest||F|||50|]Whimsicott||FocusSash|Prankster|Moonblast,Encore,Tailwind,Protect|Timid||M|||50|]Floette-Eternal||Floettite|FlowerVeil|Moonblast,DazzlingGleam,LightofRuin,Protect|Modest||F|||50|]Basculegion||MysticWater|Adaptability|WaveCrash,AquaJet,LastRespects,Protect|Adamant||M|||50|]Garchomp||LifeOrb|RoughSkin|DragonClaw,Earthquake,RockSlide,Protect|Jolly||M|||50|]Kingambit||OccaBerry|Defiant|KowtowCleave,SuckerPunch,IronHead,Protect|Adamant||F|||50|
|inactive|Battle timer is ON: inactive players will automatically lose when time's up. (requested by PRLT1 Jurrasicz)
|inactive|Pzgoo has 60 seconds left.
|
|t:|1783709743
|teamsize|p1|4
|teamsize|p2|4
|start
|switch|p1a: Garchomp|Garchomp, L50, F|100/100
|switch|p1b: Talonflame|Talonflame, L50, F|100/100
|switch|p2a: Whimsicott|Whimsicott, L50, M|100/100
|switch|p2b: Basculegion|Basculegion, L50, M|100/100
|turn|1
|inactive|PRLT1 Jurrasicz has 30 seconds left.
|inactive|Pzgoo has 30 seconds left.
|
|t:|1783709783
|move|p2a: Whimsicott|Protect|p2a: Whimsicott
|-singleturn|p2a: Whimsicott|Protect
|move|p2b: Basculegion|Aqua Jet|p1b: Talonflame
|-supereffective|p1b: Talonflame|1
|-damage|p1b: Talonflame|4/100
|move|p1b: Talonflame|Tailwind|p1b: Talonflame
|-sidestart|p1: Pzgoo|move: Tailwind
|move|p1a: Garchomp|Earthquake|p2b: Basculegion|[spread] p2b
|-activate|p2a: Whimsicott|move: Protect
|-immune|p1b: Talonflame
|-damage|p2b: Basculegion|43/100
|-damage|p1a: Garchomp|90/100|[from] item: Life Orb
|
|upkeep
|turn|2
|inactive|PRLT1 Jurrasicz has 30 seconds left.
|
|t:|1783709812
|switch|p1b: Sneasler|Sneasler, L50, M|100/100
|switch|p2b: Charizard|Charizard, L50, F|100/100
|move|p2a: Whimsicott|Encore||[still]
|-fail|p2a: Whimsicott
|move|p1a: Garchomp|Earthquake|p2a: Whimsicott|[spread] p1b,p2a
|-immune|p2b: Charizard
|-supereffective|p1b: Sneasler|1
|-resisted|p2a: Whimsicott|1
|-enditem|p1b: Sneasler|Focus Sash
|-damage|p1b: Sneasler|1/100
|-damage|p2a: Whimsicott|63/100
|-damage|p1a: Garchomp|80/100|[from] item: Life Orb
|
|upkeep
|turn|3
|inactive|Pzgoo has 30 seconds left.
|inactive|Pzgoo has 20 seconds left.
|
|t:|1783709848
|move|p2a: Whimsicott|Protect|p2a: Whimsicott
|-singleturn|p2a: Whimsicott|Protect
|move|p2b: Charizard|Protect|p2b: Charizard
|-singleturn|p2b: Charizard|Protect
|move|p1b: Sneasler|Fake Out|p2a: Whimsicott
|-activate|p2a: Whimsicott|move: Protect
|move|p1a: Garchomp|Rock Slide|p2a: Whimsicott|[spread] 
|-activate|p2a: Whimsicott|move: Protect
|-activate|p2b: Charizard|move: Protect
|
|upkeep
|turn|4
|inactive|PRLT1 Jurrasicz has 30 seconds left.
|
|t:|1783709877
|switch|p2b: Garchomp|Garchomp, L50, M|100/100
|move|p2a: Whimsicott|Encore|p1b: Sneasler
|-start|p1b: Sneasler|Encore
|move|p1b: Sneasler|Fake Out||[still]
|-hint|Fake Out only works on your first turn out.
|-fail|p1b: Sneasler
|move|p1a: Garchomp|Rock Slide|p2a: Whimsicott|[spread] p2a,p2b
|-resisted|p2b: Garchomp|1
|-damage|p2a: Whimsicott|24/100
|-damage|p2b: Garchomp|87/100
|-damage|p1a: Garchomp|70/100|[from] item: Life Orb
|
|-sideend|p1: Pzgoo|move: Tailwind
|upkeep
|turn|5
|inactive|Pzgoo has 30 seconds left.
|inactive|PRLT1 Jurrasicz has 30 seconds left.
|inactive|Pzgoo has 20 seconds left.
|
|t:|1783709915
|move|p1a: Garchomp|Protect|p1a: Garchomp
|-singleturn|p1a: Garchomp|Protect
|move|p2a: Whimsicott|Tailwind|p2a: Whimsicott
|-sidestart|p2: PRLT1 Jurrasicz|move: Tailwind
|-activate|p1b: Sneasler|move: Struggle
|move|p1b: Sneasler|Struggle|p2b: Garchomp
|-damage|p2b: Garchomp|67/100
|-damage|p1b: Sneasler|0 fnt|[from] ability: Rough Skin|[of] p2b: Garchomp
|faint|p1b: Sneasler
|move|p2b: Garchomp|Dragon Claw|p1a: Garchomp
|-activate|p1a: Garchomp|move: Protect
|
|upkeep
|
|t:|1783709926
|switch|p1b: Froslass|Froslass, L50, F|100/100
|turn|6
|
|t:|1783709939
|detailschange|p1b: Froslass|Froslass-Mega, L50, F
|-mega|p1b: Froslass|Froslass|Froslassite
|-weather|Snowscape|[from] ability: Snow Warning|[of] p1b: Froslass
|move|p2a: Whimsicott|Moonblast|p1b: Froslass
|-damage|p1b: Froslass|63/100
|move|p2b: Garchomp|Dragon Claw|p1b: Froslass
|-damage|p1b: Froslass|8/100
|-damage|p2b: Garchomp|57/100|[from] item: Life Orb
|move|p1b: Froslass|Blizzard|p2a: Whimsicott|[spread] p2a,p2b
|-supereffective|p2a: Whimsicott|1
|-supereffective|p2b: Garchomp|2
|-damage|p2a: Whimsicott|0 fnt
|-damage|p2b: Garchomp|0 fnt
|faint|p2a: Whimsicott
|faint|p2b: Garchomp
|move|p1a: Garchomp|Rock Slide|p2: Whimsicott|[notarget]
|-fail|p1a: Garchomp
|
|-weather|Snowscape|[upkeep]
|upkeep
|
|t:|1783709957
|switch|p2a: Charizard|Charizard, L50, F|100/100
|switch|p2b: Basculegion|Basculegion, L50, M|43/100
|turn|7
|
|t:|1783709972
|detailschange|p2a: Charizard|Charizard-Mega-Y, L50, F
|-mega|p2a: Charizard|Charizard|Charizardite Y
|-weather|SunnyDay|[from] ability: Drought|[of] p2a: Charizard
|move|p1b: Froslass|Protect|p1b: Froslass
|-singleturn|p1b: Froslass|Protect
|move|p1a: Garchomp|Protect|p1a: Garchomp
|-singleturn|p1a: Garchomp|Protect
|move|p2b: Basculegion|Aqua Jet|p1b: Froslass
|-activate|p1b: Froslass|move: Protect
|move|p2a: Charizard|Solar Beam||[still]
|-prepare|p2a: Charizard|Solar Beam
|-anim|p2a: Charizard|Solar Beam|p1a: Garchomp
|-activate|p1a: Garchomp|move: Protect
|
|-weather|SunnyDay|[upkeep]
|upkeep
|turn|8
|
|t:|1783709994
|switch|p1a: Talonflame|Talonflame, L50, F|4/100
|move|p2a: Charizard|Heat Wave|p1a: Talonflame|[spread] p1a
|-miss|p2a: Charizard|p1b: Froslass
|-resisted|p1a: Talonflame|1
|-damage|p1a: Talonflame|0 fnt
|faint|p1a: Talonflame
|move|p2b: Basculegion|Last Respects|p1b: Froslass
|-supereffective|p1b: Froslass|1
|-damage|p1b: Froslass|0 fnt
|faint|p1b: Froslass
|
|-weather|SunnyDay|[upkeep]
|-sideend|p2: PRLT1 Jurrasicz|move: Tailwind
|upkeep
|
|t:|1783710003
|switch|p1b: Garchomp|Garchomp, L50, F|70/100
|turn|9
|inactive|PRLT1 Jurrasicz has 30 seconds left.
|inactive|PRLT1 Jurrasicz has 20 seconds left.
|inactive|PRLT1 Jurrasicz has 15 seconds left.
|inactive|PRLT1 Jurrasicz has 10 seconds left.
|
|t:|1783710051
|move|p1b: Garchomp|Dragon Claw|p2b: Basculegion
|-damage|p2b: Basculegion|0 fnt
|faint|p2b: Basculegion
|-damage|p1b: Garchomp|61/100|[from] item: Life Orb
|move|p2a: Charizard|Solar Beam||[still]
|-prepare|p2a: Charizard|Solar Beam
|-anim|p2a: Charizard|Solar Beam|p1b: Garchomp
|-damage|p1b: Garchomp|9/100
|
|-weather|SunnyDay|[upkeep]
|upkeep
|turn|10
|
|t:|1783710059
|move|p1b: Garchomp|Rock Slide|p2a: Charizard
|-supereffective|p2a: Charizard|2
|-crit|p2a: Charizard
|-damage|p2a: Charizard|0 fnt
|faint|p2a: Charizard
|-damage|p1b: Garchomp|0 fnt|[from] item: Life Orb
|faint|p1b: Garchomp
|
|win|Pzgoo
|raw|Pzgoo's rating: 1315 → 1332(+17 for winning)
|raw|PRLT1 Jurrasicz's rating: 1265 → 1244(-21 for losing)
|l|☆Pzgoo
|player|p1|
