|j|☆bellytelevision
|j|☆AndySB
|html|bellytelevisionAndySB    
|uhtml|bestof|Game 2 of a best-of-3
|t:|1785267762
|gametype|doubles
|player|p1|bellytelevision|biker|1166
|player|p2|AndySB|266|1103
|gen|9
|tier|[Gen 9 Champions] VGC 2026 Reg M-B (Bo3)
|rated|
|rule|Species Clause: Limit one of each Pokémon
|rule|Item Clause: Limit 1 of each item
|clearpoke
|poke|p1|Pelipper, L50, F|
|poke|p1|Grimmsnarl, L50, M|
|poke|p1|Charizard, L50, M|
|poke|p1|Venusaur, L50, F|
|poke|p1|Basculegion, L50, M|
|poke|p1|Archaludon, L50, M|
|poke|p2|Gyarados, L50, M|
|poke|p2|Sinistcha, L50|
|poke|p2|Sneasler, L50, F|
|poke|p2|Incineroar, L50, M|
|poke|p2|Floette-Eternal, L50, F|
|poke|p2|Garchomp, L50, M|
|teampreview|4
|showteam|p1|Pelipper||SitrusBerry|Drizzle|Hurricane,WeatherBall,Tailwind,WideGuard|Modest||F|||50|]Grimmsnarl||LightClay|Prankster|SpiritBreak,Reflect,LightScreen,PartingShot|Sassy||M|||50|]Charizard||CharizarditeY|Blaze|HeatWave,WeatherBall,SolarBeam,Protect|Modest||M|||50|]Venusaur||FocusSash|Chlorophyll|SludgeBomb,EarthPower,SleepPowder,Protect|Modest||F|||50|]Basculegion||ChoiceScarf|Adaptability|WaveCrash,LastRespects,FlipTurn,AquaJet|Jolly||M|||50|]Archaludon||Leftovers|Stamina|DragonPulse,FlashCannon,ElectroShot,Protect|Calm||M|||50|
|showteam|p2|Gyarados||Gyaradosite|Intimidate|Waterfall,LashOut,DragonDance,Protect|Adamant||M|||50|]Sinistcha||SitrusBerry|Hospitality|MatchaGotcha,RagePowder,LifeDew,Protect|Calm|||||50|]Sneasler||FocusSash|Unburden|FakeOut,DireClaw,CloseCombat,Coaching|Adamant||F|||50|]Incineroar||ShucaBerry|Intimidate|FlareBlitz,FakeOut,PartingShot,Taunt|Careful||M|||50|]Floette-Eternal||Floettite|FlowerVeil|DrainingKiss,DazzlingGleam,CalmMind,Protect|Modest||F|||50|]Garchomp||RoseliBerry|RoughSkin|DragonClaw,Earthquake,RockSlide,PoisonJab|Jolly||M|||50|
|inactive|Battle timer is ON: inactive players will automatically lose when time's up. (requested by bellytelevision)
|
|t:|1785267791
|teamsize|p1|4
|teamsize|p2|4
|start
|switch|p1a: Basculegion|Basculegion, L50, M|100/100
|switch|p1b: Archaludon|Archaludon, L50, M|100/100
|switch|p2a: Incineroar|Incineroar, L50, M|100/100
|switch|p2b: Gyarados|Gyarados, L50, M|100/100
|-ability|p2b: Gyarados|Intimidate|boost
|-unboost|p1a: Basculegion|atk|1
|-unboost|p1b: Archaludon|atk|1
|-ability|p2a: Incineroar|Intimidate|boost
|-unboost|p1a: Basculegion|atk|1
|-unboost|p1b: Archaludon|atk|1
|turn|1
|inactive|AndySB has 30 seconds left.
|
|t:|1785267817
|switch|p1a: Pelipper|Pelipper, L50, F|100/100
|-weather|RainDance|[from] ability: Drizzle|[of] p1a: Pelipper
|move|p2b: Gyarados|Protect|p2b: Gyarados
|-singleturn|p2b: Gyarados|Protect
|move|p1b: Archaludon|Electro Shot||[still]
|-prepare|p1b: Archaludon|Electro Shot
|-boost|p1b: Archaludon|spa|1
|-anim|p1b: Archaludon|Electro Shot|p2b: Gyarados
|-activate|p2b: Gyarados|move: Protect
|move|p2a: Incineroar|Parting Shot|p1b: Archaludon
|-unboost|p1b: Archaludon|atk|1
|-unboost|p1b: Archaludon|spa|1
|
|t:|1785267832
|switch|p2a: Sneasler|Sneasler, L50, F|100/100|[from] Parting Shot
|
|-weather|RainDance|[upkeep]
|upkeep
|turn|2
|
|t:|1785267851
|switch|p2b: Sinistcha|Sinistcha, L50|100/100
|switch|p1b: Charizard|Charizard, L50, M|100/100
|move|p2a: Sneasler|Close Combat|p1b: Charizard
|-resisted|p1b: Charizard|1
|-damage|p1b: Charizard|68/100
|-unboost|p2a: Sneasler|def|1
|-unboost|p2a: Sneasler|spd|1
|move|p1a: Pelipper|Tailwind|p1a: Pelipper
|-sidestart|p1: bellytelevision|move: Tailwind
|
|-weather|RainDance|[upkeep]
|upkeep
|turn|3
|inactive|AndySB has 30 seconds left.
|
|t:|1785267878
|switch|p2a: Gyarados|Gyarados, L50, M|100/100
|-ability|p2a: Gyarados|Intimidate|boost
|-unboost|p1a: Pelipper|atk|1
|-unboost|p1b: Charizard|atk|1
|detailschange|p1b: Charizard|Charizard-Mega-Y, L50, M
|-mega|p1b: Charizard|Charizard|Charizardite Y
|-weather|SunnyDay|[from] ability: Drought|[of] p1b: Charizard
|move|p1b: Charizard|Heat Wave|p2a: Gyarados|[spread] p2a,p2b
|-resisted|p2a: Gyarados|1
|-supereffective|p2b: Sinistcha|1
|-damage|p2a: Gyarados|70/100
|-damage|p2b: Sinistcha|0 fnt
|faint|p2b: Sinistcha
|move|p1a: Pelipper|Hurricane|p2a: Gyarados|[miss]
|-miss|p1a: Pelipper|p2a: Gyarados
|
|-weather|SunnyDay|[upkeep]
|upkeep
|
|t:|1785267898
|switch|p2b: Incineroar|Incineroar, L50, M|100/100
|-ability|p2b: Incineroar|Intimidate|boost
|-unboost|p1a: Pelipper|atk|1
|-unboost|p1b: Charizard|atk|1
|turn|4
|inactive|bellytelevision has 30 seconds left.
|
|t:|1785267930
|switch|p1b: Archaludon|Archaludon, L50, M|100/100
|switch|p1a: Basculegion|Basculegion, L50, M|100/100
|detailschange|p2a: Gyarados|Gyarados-Mega, L50, M
|-mega|p2a: Gyarados|Gyarados|Gyaradosite
|-ability|p2a: Gyarados|Mold Breaker
|move|p2b: Incineroar|Fake Out|p1b: Archaludon
|-resisted|p1b: Archaludon|1
|-crit|p1b: Archaludon
|-damage|p1b: Archaludon|94/100
|-ability|p1b: Archaludon|Stamina|boost
|-boost|p1b: Archaludon|def|1
|move|p2a: Gyarados|Dragon Dance|p2a: Gyarados
|-boost|p2a: Gyarados|atk|1
|-boost|p2a: Gyarados|spe|1
|
|-weather|SunnyDay|[upkeep]
|-heal|p1b: Archaludon|100/100|[from] item: Leftovers
|upkeep
|turn|5
|inactive|bellytelevision has 30 seconds left.
|
|t:|1785267958
|move|p2a: Gyarados|Protect|p2a: Gyarados
|-singleturn|p2a: Gyarados|Protect
|move|p1a: Basculegion|Wave Crash|p2b: Incineroar
|-supereffective|p2b: Incineroar|1
|-damage|p2b: Incineroar|36/100
|-damage|p1a: Basculegion|78/100|[from] Recoil
|move|p1b: Archaludon|Electro Shot||[still]
|-prepare|p1b: Archaludon|Electro Shot
|-boost|p1b: Archaludon|spa|1
|move|p2b: Incineroar|Parting Shot|p1a: Basculegion
|-unboost|p1a: Basculegion|atk|1
|-unboost|p1a: Basculegion|spa|1
|
|t:|1785267969
|switch|p2b: Sneasler|Sneasler, L50, F|100/100|[from] Parting Shot
|
|-weather|SunnyDay|[upkeep]
|-sideend|p1: bellytelevision|move: Tailwind
|upkeep
|turn|6
|
|t:|1785267981
|switch|p1a: Charizard|Charizard-Mega-Y, L50, M|68/100
|move|p2a: Gyarados|Lash Out|p1a: Charizard
|-damage|p1a: Charizard|10/100
|move|p2b: Sneasler|Close Combat|p1b: Archaludon
|-supereffective|p1b: Archaludon|1
|-damage|p1b: Archaludon|36/100
|-unboost|p2b: Sneasler|def|1
|-unboost|p2b: Sneasler|spd|1
|-ability|p1b: Archaludon|Stamina|boost
|-boost|p1b: Archaludon|def|1
|move|p1b: Archaludon|Electro Shot|p2a: Gyarados|[from] lockedmove
|-supereffective|p2a: Gyarados|1
|-damage|p2a: Gyarados|0 fnt
|faint|p2a: Gyarados
|
|-weather|SunnyDay|[upkeep]
|-heal|p1b: Archaludon|42/100|[from] item: Leftovers
|upkeep
|
|t:|1785267996
|switch|p2a: Incineroar|Incineroar, L50, M|36/100
|-ability|p2a: Incineroar|Intimidate|boost
|-unboost|p1a: Charizard|atk|1
|-unboost|p1b: Archaludon|atk|1
|turn|7
|
|t:|1785268004
|switch|p1a: Pelipper|Pelipper, L50, F|100/100
|-weather|RainDance|[from] ability: Drizzle|[of] p1a: Pelipper
|move|p1b: Archaludon|Protect|p1b: Archaludon
|-singleturn|p1b: Archaludon|Protect
|move|p2a: Incineroar|Fake Out|p1a: Pelipper
|-damage|p1a: Pelipper|88/100
|move|p2b: Sneasler|Close Combat|p1b: Archaludon
|-activate|p1b: Archaludon|move: Protect
|
|-weather|RainDance|[upkeep]
|-heal|p1b: Archaludon|48/100|[from] item: Leftovers
|upkeep
|turn|8
|inactive|bellytelevision has 30 seconds left.
|
|t:|1785268035
|move|p2b: Sneasler|Close Combat|p1b: Archaludon
|-supereffective|p1b: Archaludon|1
|-damage|p1b: Archaludon|0 fnt
|-unboost|p2b: Sneasler|def|1
|-unboost|p2b: Sneasler|spd|1
|faint|p1b: Archaludon
|move|p2a: Incineroar|Flare Blitz|p1a: Pelipper
|-resisted|p1a: Pelipper|1
|-damage|p1a: Pelipper|76/100
|-damage|p2a: Incineroar|32/100|[from] Recoil
|move|p1a: Pelipper|Hurricane|p2b: Sneasler
|-supereffective|p2b: Sneasler|1
|-enditem|p2b: Sneasler|Focus Sash
|-damage|p2b: Sneasler|1/100
|-start|p2b: Sneasler|confusion
|
|-weather|RainDance|[upkeep]
|upkeep
|
|t:|1785268050
|switch|p1b: Basculegion|Basculegion, L50, M|78/100
|turn|9
|
|t:|1785268063
|move|p1b: Basculegion|Aqua Jet|p2b: Sneasler
|-damage|p2b: Sneasler|0 fnt
|faint|p2b: Sneasler
|move|p2a: Incineroar|Flare Blitz|p1b: Basculegion
|-resisted|p1b: Basculegion|1
|-damage|p1b: Basculegion|65/100
|-damage|p2a: Incineroar|28/100|[from] Recoil
|move|p1a: Pelipper|Weather Ball|p2a: Incineroar
|-supereffective|p2a: Incineroar|1
|-damage|p2a: Incineroar|0 fnt
|faint|p2a: Incineroar
|
|win|bellytelevision
||AndySB is ready for game 3.
|inactive|bellytelevision has 30 seconds to confirm battle start!
|inactive|bellytelevision has 20 seconds to confirm battle start!
||bellytelevision is ready for game 3.
|uhtml|next|Next: Game 3 of 3
|l|☆AndySB
|player|p2|
