|j|☆zombie wan kenobi
|j|☆pressinblades
|html|zombie wan kenobipressinblades    
|uhtml|bestof|Game 2 of a best-of-3
|t:|1782571717
|gametype|doubles
|player|p1|zombie wan kenobi|102|1076
|player|p2|pressinblades|steven|1157
|gen|9
|tier|[Gen 9 Champions] VGC 2026 Reg M-B (Bo3)
|rated|
|rule|Species Clause: Limit one of each Pokémon
|rule|Item Clause: Limit 1 of each item
|clearpoke
|poke|p1|Tyranitar, L50, F|
|poke|p1|Steelix, L50, M|
|poke|p1|Sinistcha, L50|
|poke|p1|Swampert, L50, F|
|poke|p1|Pelipper, L50, M|
|poke|p1|Incineroar, L50, F|
|poke|p2|Talonflame, L50, F|
|poke|p2|Maushold, L50|
|poke|p2|Gardevoir, L50, M, shiny|
|poke|p2|Hydreigon, L50, F|
|poke|p2|Metagross, L50|
|poke|p2|Garchomp, L50, F, shiny|
|teampreview|4
|showteam|p1|Tyranitar||LifeOrb|SandStream|RockSlide,KnockOff,Protect,IcePunch|Jolly||F|||50|]Steelix||Steelixite|Sturdy|HeavySlam,HighHorsepower,BodyPress,Protect|Brave||M|||50|]Sinistcha||KasibBerry|Hospitality|RagePowder,MatchaGotcha,LifeDew,TrickRoom|Bold|||||50|]Swampert||Swampertite|Torrent|IcePunch,WaveCrash,Protect,Earthquake|Adamant||F|||50|]Pelipper||FocusSash|Drizzle|Hurricane,Tailwind,WideGuard,WeatherBall|Modest||M|||50|]Incineroar||SitrusBerry|Intimidate|FakeOut,FlareBlitz,DarkestLariat,Protect|Careful||F|||50|
|showteam|p2|Talonflame||LifeOrb|GaleWings|Protect,DualWingbeat,Tailwind,Overheat|Naive||F|||50|]Maushold||FocusSash|FriendGuard|Protect,SuperFang,PopulationBomb,FollowMe|Adamant|||||50|]Gardevoir||Gardevoirite|Telepathy|Protect,TrickRoom,HyperVoice,Psychic|Modest||M|||50|]Hydreigon||ChoiceScarf|Levitate|DracoMeteor,DarkPulse,Snarl,FlashCannon|Modest||F|||50|]Metagross||Metagrossite|ClearBody|Protect,MeteorMash,PsychicFangs,BulletPunch|Adamant|||||50|]Garchomp||ExpertBelt|RoughSkin|Protect,RockSlide,Earthquake,DragonClaw|Adamant||F|||50|
|j| x2muz
|inactive|Battle timer is ON: inactive players will automatically lose when time's up. (requested by zombie wan kenobi)
|inactive|pressinblades has 60 seconds left.
|
|t:|1782571825
|teamsize|p1|4
|teamsize|p2|4
|start
|switch|p1a: Pelipper|Pelipper, L50, M|100/100
|switch|p1b: Swampert|Swampert, L50, F|100/100
|switch|p2a: Maushold|Maushold, L50|100/100
|switch|p2b: Gardevoir|Gardevoir, L50, M, shiny|100/100
|-weather|RainDance|[from] ability: Drizzle|[of] p1a: Pelipper
|turn|1
|inactive|zombie wan kenobi has 30 seconds left.
|
|t:|1782571857
|detailschange|p1b: Swampert|Swampert-Mega, L50, F
|-mega|p1b: Swampert|Swampert|Swampertite
|move|p2b: Gardevoir|Protect|p2b: Gardevoir
|-singleturn|p2b: Gardevoir|Protect
|move|p1b: Swampert|Wave Crash|p2b: Gardevoir
|-activate|p2b: Gardevoir|move: Protect
|move|p2a: Maushold|Super Fang|p1b: Swampert
|-damage|p1b: Swampert|50/100g
|move|p1a: Pelipper|Hurricane|p2b: Gardevoir
|-activate|p2b: Gardevoir|move: Protect
|
|-weather|RainDance|[upkeep]
|upkeep
|turn|2
|inactive|pressinblades has 30 seconds left.
|inactive|pressinblades has 20 seconds left.
|
|t:|1782571895
|detailschange|p2b: Gardevoir|Gardevoir-Mega, L50, M, shiny
|-mega|p2b: Gardevoir|Gardevoir|Gardevoirite
|move|p1b: Swampert|Protect|p1b: Swampert
|-singleturn|p1b: Swampert|Protect
|move|p2a: Maushold|Follow Me|p2a: Maushold
|-singleturn|p2a: Maushold|move: Follow Me
|move|p2b: Gardevoir|Hyper Voice|p1a: Pelipper|[spread] p1a
|-activate|p1b: Swampert|move: Protect
|-damage|p1a: Pelipper|16/100
|move|p1a: Pelipper|Hurricane|p2a: Maushold
|-damage|p2a: Maushold|23/100
|
|-weather|RainDance|[upkeep]
|upkeep
|turn|3
|inactive|pressinblades has 30 seconds left.
|inactive|pressinblades has 20 seconds left.
|inactive|pressinblades has 15 seconds left.
|inactive|pressinblades has 10 seconds left.
|inactive|pressinblades has 5 seconds left.
|
|t:|1782571949
|move|p1a: Pelipper|Wide Guard|p1a: Pelipper
|-singleturn|p1a: Pelipper|Wide Guard
|move|p2a: Maushold|Follow Me|p2a: Maushold
|-singleturn|p2a: Maushold|move: Follow Me
|move|p1b: Swampert|Earthquake|p2a: Maushold|[spread] p2a,p2b
|-activate|p1a: Pelipper|move: Wide Guard
|-crit|p2a: Maushold
|-damage|p2a: Maushold|0 fnt
|-damage|p2b: Gardevoir|57/100
|faint|p2a: Maushold
|move|p2b: Gardevoir|Psychic|p1b: Swampert
|-damage|p1b: Swampert|0 fnt
|faint|p1b: Swampert
|
|-weather|RainDance|[upkeep]
|upkeep
|
|t:|1782571969
|switch|p2a: Hydreigon|Hydreigon, L50, F|100/100
|switch|p1b: Steelix|Steelix, L50, M|100/100
|turn|4
|inactive|zombie wan kenobi has 30 seconds left.
|
|t:|1782572001
|switch|p2b: Garchomp|Garchomp, L50, F, shiny|100/100
|move|p1a: Pelipper|Wide Guard|p1a: Pelipper
|-singleturn|p1a: Pelipper|Wide Guard
|move|p2a: Hydreigon|Dark Pulse|p1a: Pelipper
|-damage|p1a: Pelipper|0 fnt
|faint|p1a: Pelipper
|move|p1b: Steelix|Heavy Slam|p2b: Garchomp
|-damage|p2b: Garchomp|56/100
|-damage|p1b: Steelix|87/100|[from] ability: Rough Skin|[of] p2b: Garchomp
|
|-weather|RainDance|[upkeep]
|upkeep
|
|t:|1782572013
|switch|p1a: Incineroar|Incineroar, L50, F|100/100
|-ability|p1a: Incineroar|Intimidate|boost
|-unboost|p2a: Hydreigon|atk|1
|-unboost|p2b: Garchomp|atk|1
|turn|5
|inactive|pressinblades has 30 seconds left.
|
|t:|1782572045
|move|p1a: Incineroar|Fake Out|p2b: Garchomp
|-damage|p2b: Garchomp|45/100
|-damage|p1a: Incineroar|87/100|[from] ability: Rough Skin|[of] p2b: Garchomp
|move|p2a: Hydreigon|Dark Pulse|p1b: Steelix
|-damage|p1b: Steelix|26/100
|cant|p2b: Garchomp|flinch
|move|p1b: Steelix|Body Press|p2a: Hydreigon
|-supereffective|p2a: Hydreigon|1
|-damage|p2a: Hydreigon|18/100
|
|-weather|none
|upkeep
|turn|6
|
|t:|1782572067
|move|p1b: Steelix|Protect|p1b: Steelix
|-singleturn|p1b: Steelix|Protect
|move|p2a: Hydreigon|Dark Pulse|p1a: Incineroar
|-resisted|p1a: Incineroar|1
|-damage|p1a: Incineroar|72/100
|move|p2b: Garchomp|Earthquake|p1a: Incineroar|[spread] p1a
|-activate|p1b: Steelix|move: Protect
|-immune|p2a: Hydreigon|[from] ability: Levitate
|-supereffective|p1a: Incineroar|1
|-damage|p1a: Incineroar|7/100
|-enditem|p1a: Incineroar|Sitrus Berry|[eat]
|-heal|p1a: Incineroar|32/100|[from] item: Sitrus Berry
|move|p1a: Incineroar|Flare Blitz|p2a: Hydreigon
|-resisted|p2a: Hydreigon|1
|-damage|p2a: Hydreigon|0 fnt
|faint|p2a: Hydreigon
|-damage|p1a: Incineroar|27/100|[from] Recoil
|
|upkeep
|inactive|pressinblades has 30 seconds left.
|inactive|pressinblades has 20 seconds left.
|inactive|pressinblades has 15 seconds left.
|
|t:|1782572111
|switch|p2a: Gardevoir|Gardevoir-Mega, L50, M, shiny|57/100
|turn|7
|-message|zombie wan kenobi forfeited.
|
|win|pressinblades
