|j|Ōśåiloveships
|j|ŌśåTheraclod
|html|iloveshipsTheraclod    
|uhtml|bestof|Game 1 of a best-of-3
|t:|1785428371
|gametype|doubles
|player|p1|iloveships|emmet|1143
|player|p2|Theraclod|102|1000
|gen|9
|tier|[Gen 9 Champions] VGC 2026 Reg M-B (Bo3)
|rated|
|rule|Species Clause: Limit one of each Pok├®mon
|rule|Item Clause: Limit 1 of each item
|clearpoke
|poke|p1|Talonflame, L50, F|
|poke|p1|Raichu, L50, F|
|poke|p1|Maushold, L50|
|poke|p1|Garchomp, L50, M|
|poke|p1|Floette-Eternal, L50, F|
|poke|p1|Kingambit, L50, F|
|poke|p2|Beedrill, L50, F|
|poke|p2|Dragonite, L50, M|
|poke|p2|Talonflame, L50, M|
|poke|p2|Arcanine-Hisui, L50, M|
|poke|p2|Milotic, L50, M|
|poke|p2|Goodra-Hisui, L50, F|
|teampreview|4
|showteam|p1|Talonflame||SharpBeak|GaleWings|Tailwind,QuickGuard,Overheat,Taunt|Jolly||F|||50|]Raichu||RaichuniteY|LightningRod|FakeOut,Protect,ZapCannon,FocusBlast|Serious||F|||50|]Maushold||WideLens|Technician|FollowMe,Protect,PopulationBomb,Encore|Serious|||||50|]Garchomp||LifeOrb|RoughSkin|DragonClaw,RockSlide,Earthquake,Protect|Jolly||M|||50|]Floette-Eternal||Floettite|FlowerVeil|Protect,DazzlingGleam,Moonblast,LightofRuin|Modest||F|||50|]Kingambit||FocusSash|Defiant|SuckerPunch,KowtowCleave,IronHead,Protect|Adamant||F|||50|
|showteam|p2|Beedrill||Beedrillite|Sniper|PoisonJab,Uturn,ThroatChop,Protect|Adamant||F|||50|]Dragonite||WhiteHerb|Multiscale|DracoMeteor,Thunder,Hurricane,ExtremeSpeed|Modest||M|||50|]Talonflame||FocusSash|GaleWings|Acrobatics,UpperHand,Tailwind,RainDance|Jolly||M|||50|]Arcanine-Hisui||Charcoal|Intimidate|HeatWave,PowerGem,ScorchingSands,Protect|Timid||M|||50|]Milotic||Leftovers|Competitive|Scald,IcyWind,Recover,Protect|Bold||M|||50|]Goodra-Hisui||SitrusBerry|ShellArmor|DragonPulse,FlashCannon,Flamethrower,Protect|Modest||F|||50|
|inactive|Battle timer is ON: inactive players will automatically lose when time's up. (requested by iloveships)
|inactive|iloveships has 60 seconds left.
|
|t:|1785428425
|teamsize|p1|4
|teamsize|p2|4
|start
|switch|p1a: Maushold|Maushold, L50|100/100
|switch|p1b: Talonflame|Talonflame, L50, F|100/100
|switch|p2a: Talonflame|Talonflame, L50, M|100/100
|switch|p2b: Arcanine|Arcanine-Hisui, L50, M|100/100
|-ability|p2b: Arcanine|Intimidate|boost
|-unboost|p1a: Maushold|atk|1
|-unboost|p1b: Talonflame|atk|1
|turn|1
|inactive|iloveships has 30 seconds left.
|
|t:|1785428453
|move|p2a: Talonflame|Tailwind|p2a: Talonflame
|-sidestart|p2: Theraclod|move: Tailwind
|move|p1b: Talonflame|Tailwind|p1b: Talonflame
|-sidestart|p1: iloveships|move: Tailwind
|move|p1a: Maushold|Population Bomb|p2a: Talonflame
|-damage|p2a: Talonflame|87/100
|-damage|p2a: Talonflame|75/100
|-damage|p2a: Talonflame|65/100
|-damage|p2a: Talonflame|53/100
|-damage|p2a: Talonflame|41/100
|-damage|p2a: Talonflame|28/100
|-damage|p2a: Talonflame|16/100
|-damage|p2a: Talonflame|4/100
|-damage|p2a: Talonflame|0 fnt
|faint|p2a: Talonflame
|-hitcount|p2: Talonflame|9
|move|p2b: Arcanine|Power Gem|p1b: Talonflame
|-supereffective|p1b: Talonflame|2
|-damage|p1b: Talonflame|0 fnt
|faint|p1b: Talonflame
|
|upkeep
|
|t:|1785428474
|switch|p2a: Goodra|Goodra-Hisui, L50, F|100/100
|switch|p1b: Garchomp|Garchomp, L50, M|100/100
|turn|2
|c|ŌśåTheraclod|bro
|c|ŌśåTheraclod|btw]
|c|ŌśåTheraclod|i noticed you have sharp beak and no flying move?
|inactive|iloveships has 30 seconds left.
|inactive|Theraclod has 30 seconds left.
|c|Ōśåiloveships|yea accident lol thanks
|inactive|iloveships has 20 seconds left.
|
|t:|1785428510
|move|p1a: Maushold|Protect|p1a: Maushold
|-singleturn|p1a: Maushold|Protect
|move|p2b: Arcanine|Protect|p2b: Arcanine
|-singleturn|p2b: Arcanine|Protect
|move|p1b: Garchomp|Earthquake|p2a: Goodra|[spread] p2a
|-activate|p1a: Maushold|move: Protect
|-activate|p2b: Arcanine|move: Protect
|-supereffective|p2a: Goodra|1
|-damage|p2a: Goodra|23/100
|-enditem|p2a: Goodra|Sitrus Berry|[eat]
|-heal|p2a: Goodra|48/100|[from] item: Sitrus Berry
|-damage|p1b: Garchomp|90/100|[from] item: Life Orb
|move|p2a: Goodra|Dragon Pulse|p1b: Garchomp
|-supereffective|p1b: Garchomp|1
|-damage|p1b: Garchomp|0 fnt
|faint|p1b: Garchomp
|
|upkeep
|
|t:|1785428525
|switch|p1b: Raichu|Raichu, L50, F|100/100
|turn|3
|
|t:|1785428541
|detailschange|p1b: Raichu|Raichu-Mega-Y, L50, F
|-mega|p1b: Raichu|Raichu|Raichunite Y
|move|p2a: Goodra|Protect|p2a: Goodra
|-singleturn|p2a: Goodra|Protect
|move|p1a: Maushold|Follow Me|p1a: Maushold
|-singleturn|p1a: Maushold|move: Follow Me
|move|p1b: Raichu|Focus Blast|p2b: Arcanine
|-supereffective|p2b: Arcanine|1
|-damage|p2b: Arcanine|0 fnt
|faint|p2b: Arcanine
|
|upkeep
|
|t:|1785428550
|switch|p2b: Beedrill|Beedrill, L50, F|100/100
|turn|4
|
|t:|1785428562
|detailschange|p2b: Beedrill|Beedrill-Mega, L50, F
|-mega|p2b: Beedrill|Beedrill|Beedrillite
|move|p2b: Beedrill|Poison Jab|p1b: Raichu
|-damage|p1b: Raichu|0 fnt
|faint|p1b: Raichu
|move|p1a: Maushold|Encore|p2a: Goodra
|-start|p2a: Goodra|Encore
|move|p2a: Goodra|Protect|p2a: Goodra
|-singleturn|p2a: Goodra|Protect
|
|-sideend|p2: Theraclod|move: Tailwind
|-sideend|p1: iloveships|move: Tailwind
|upkeep
|turn|5
|
|t:|1785428577
|move|p2a: Goodra|Protect||[still]
|-fail|p2a: Goodra
|move|p2b: Beedrill|Poison Jab|p1a: Maushold
|-damage|p1a: Maushold|0 fnt
|faint|p1a: Maushold
|
|win|Theraclod
