|j|☆SORES
|j|☆SeeYouInSf
|html|SORESSeeYouInSf    
|uhtml|bestof|Game 3 of a best-of-3
|t:|1756406806
|gametype|doubles
|player|p1|SORES|veteran|1146
|player|p2|SeeYouInSf|unknown|1218
|gen|9
|tier|[Gen 9] VGC 2025 Reg H (Bo3)
|rated|
|rule|Species Clause: Limit one of each Pokémon
|rule|Item Clause: Limit 1 of each item
|clearpoke
|poke|p1|Grimmsnarl, L50, M|
|poke|p1|Annihilape, L50, M|
|poke|p1|Rillaboom, L50, M|
|poke|p1|Maushold-Four, L50|
|poke|p1|Archaludon, L50, F|
|poke|p1|Pelipper, L50, F|
|poke|p2|Amoonguss, L50, F|
|poke|p2|Gholdengo, L50|
|poke|p2|Porygon2, L50|
|poke|p2|Incineroar, L50, M|
|poke|p2|Ursaluna, L50, M|
|poke|p2|Tyranitar, L50, M|
|teampreview|4
|showteam|p1|Grimmsnarl||CovertCloak|Prankster|PartingShot,Taunt,ThunderWave,SpiritBreak|||M|||50|,,,,,Steel]Annihilape||Leftovers|Defiant|DrainPunch,RageFist,BulkUp,Protect|||M|||50|,,,,,Water]Rillaboom||LoadedDice|GrassySurge|FakeOut,GrassyGlide,BulletSeed,HighHorsepower|||M|||50|,,,,,Fire]Maushold-Four||WideLens|FriendGuard|FollowMe,PopulationBomb,BeatUp,Protect||||||50|,,,,,Ghost]Archaludon||AssaultVest|Stamina|ElectroShot,FlashCannon,BodyPress,Snarl|||F|||50|,,,,,Bug]Pelipper||FocusSash|Drizzle|Hurricane,WeatherBall,Tailwind,Protect|||F|||50|,,,,,Stellar
|showteam|p2|Amoonguss||RockyHelmet|Regenerator|Spore,RagePowder,PollenPuff,Protect|||F|||50|,,,,,Water]Gholdengo||LifeOrb|GoodasGold|MakeItRain,ShadowBall,NastyPlot,Protect||||||50|,,,,,Dragon]Porygon2||Eviolite|Download|TeraBlast,TrickRoom,Recover,IceBeam||||||50|,,,,,Fighting]Incineroar||SafetyGoggles|Intimidate|PartingShot,KnockOff,FlareBlitz,FakeOut|||M|||50|,,,,,Ghost]Ursaluna||FlameOrb|Guts|Facade,HeadlongRush,Substitute,Protect|||M|||50|,,,,,Ghost]Tyranitar||AssaultVest|SandStream|LowKick,TeraBlast,RockSlide,KnockOff|||M|||50|,,,,,Fairy
|inactive|Battle timer is ON: inactive players will automatically lose when time's up. (requested by SeeYouInSf)
|inactive|SORES has 60 seconds left.
|inactive|SeeYouInSf has 60 seconds left.
|
|t:|1756406852
|teamsize|p1|4
|teamsize|p2|4
|start
|switch|p1a: Grimmsnarl|Grimmsnarl, L50, M|100/100
|switch|p1b: Rillaboom|Rillaboom, L50, M|100/100
|switch|p2a: Gholdengo|Gholdengo, L50|100/100
|switch|p2b: Ursaluna|Ursaluna, L50, M|100/100
|-fieldstart|move: Grassy Terrain|[from] ability: Grassy Surge|[of] p1b: Rillaboom
|turn|1
|inactive|SORES has 30 seconds left.
|inactive|SeeYouInSf has 30 seconds left.
|
|t:|1756406882
|-terastallize|p1a: Grimmsnarl|Steel
|-terastallize|p2b: Ursaluna|Ghost
|move|p1a: Grimmsnarl|Parting Shot|p2b: Ursaluna
|-unboost|p2b: Ursaluna|atk|1
|-unboost|p2b: Ursaluna|spa|1
|
|t:|1756406897
|switch|p1a: Annihilape|Annihilape, L50, M|100/100|[from] Parting Shot
|move|p2a: Gholdengo|Make It Rain|p1b: Rillaboom|[spread] p1a,p1b
|-damage|p1a: Annihilape|48/100
|-damage|p1b: Rillaboom|20/100
|-unboost|p2a: Gholdengo|spa|1
|-damage|p2a: Gholdengo|91/100|[from] item: Life Orb
|move|p1b: Rillaboom|High Horsepower|p2a: Gholdengo
|-supereffective|p2a: Gholdengo
|-damage|p2a: Gholdengo|17/100
|move|p2b: Ursaluna|Headlong Rush|p1a: Annihilape
|-damage|p1a: Annihilape|0 fnt
|-unboost|p2b: Ursaluna|def|1
|-unboost|p2b: Ursaluna|spd|1
|faint|p1a: Annihilape
|
|-heal|p2a: Gholdengo|23/100|[from] Grassy Terrain
|-heal|p1b: Rillaboom|26/100|[from] Grassy Terrain
|-status|p2b: Ursaluna|brn|[from] item: Flame Orb
|upkeep
|
|t:|1756406917
|switch|p1a: Maushold|Maushold-Four, L50|100/100
|turn|2
|inactive|SeeYouInSf has 30 seconds left.
|
|t:|1756406944
|switch|p2a: Porygon2|Porygon2, L50|100/100
|-ability|p2a: Porygon2|Download|boost
|-boost|p2a: Porygon2|spa|1
|switch|p2b: Tyranitar|Tyranitar, L50, M|100/100
|-weather|Sandstorm|[from] ability: Sand Stream|[of] p2b: Tyranitar
|move|p1a: Maushold|Beat Up|p2a: Porygon2
|-damage|p2a: Porygon2|98/100
|-crit|p2a: Porygon2
|-damage|p2a: Porygon2|94/100
|-damage|p2a: Porygon2|90/100
|-hitcount|p2a: Porygon2|3
|move|p1b: Rillaboom|Bullet Seed|p2b: Tyranitar
|-supereffective|p2b: Tyranitar
|-damage|p2b: Tyranitar|69/100
|-supereffective|p2b: Tyranitar
|-damage|p2b: Tyranitar|40/100
|-supereffective|p2b: Tyranitar
|-damage|p2b: Tyranitar|8/100
|-supereffective|p2b: Tyranitar
|-damage|p2b: Tyranitar|0 fnt
|faint|p2b: Tyranitar
|-hitcount|p2: Tyranitar|4
|
|-weather|Sandstorm|[upkeep]
|-damage|p1a: Maushold|94/100|[from] Sandstorm
|-damage|p1b: Rillaboom|20/100|[from] Sandstorm
|-damage|p2a: Porygon2|84/100|[from] Sandstorm
|-heal|p1a: Maushold|100/100|[from] Grassy Terrain
|-heal|p1b: Rillaboom|26/100|[from] Grassy Terrain
|-heal|p2a: Porygon2|90/100|[from] Grassy Terrain
|upkeep
|
|t:|1756406966
|switch|p2b: Ursaluna|Ursaluna, L50, M, tera:Ghost|100/100 brn
|turn|3
|
|t:|1756406982
|move|p2b: Ursaluna|Protect|p2b: Ursaluna
|-singleturn|p2b: Ursaluna|Protect
|move|p1a: Maushold|Population Bomb|p2a: Porygon2
|-damage|p2a: Porygon2|85/100
|-damage|p2a: Porygon2|80/100
|-damage|p2a: Porygon2|74/100
|-damage|p2a: Porygon2|69/100
|-damage|p2a: Porygon2|64/100
|-damage|p2a: Porygon2|59/100
|-damage|p2a: Porygon2|54/100
|-damage|p2a: Porygon2|48/100
|-damage|p2a: Porygon2|43/100
|-damage|p2a: Porygon2|38/100
|-hitcount|p2a: Porygon2|10
|move|p1b: Rillaboom|Bullet Seed|p2a: Porygon2
|-damage|p2a: Porygon2|27/100
|-damage|p2a: Porygon2|14/100
|-damage|p2a: Porygon2|3/100
|-damage|p2a: Porygon2|0 fnt
|faint|p2a: Porygon2
|-hitcount|p2: Porygon2|4
|
|-weather|Sandstorm|[upkeep]
|-damage|p1a: Maushold|94/100|[from] Sandstorm
|-damage|p1b: Rillaboom|20/100|[from] Sandstorm
|-damage|p2b: Ursaluna|95/100 brn|[from] Sandstorm
|-heal|p1a: Maushold|100/100|[from] Grassy Terrain
|-heal|p1b: Rillaboom|26/100|[from] Grassy Terrain
|-heal|p2b: Ursaluna|100/100 brn|[from] Grassy Terrain
|-damage|p2b: Ursaluna|95/100 brn|[from] brn
|upkeep
|
|t:|1756407006
|switch|p2a: Gholdengo|Gholdengo, L50|23/100
|turn|4
|
|t:|1756407021
|move|p2a: Gholdengo|Protect|p2a: Gholdengo
|-singleturn|p2a: Gholdengo|Protect
|move|p1a: Maushold|Beat Up|p2b: Ursaluna
|-supereffective|p2b: Ursaluna
|-damage|p2b: Ursaluna|90/100 brn
|-supereffective|p2b: Ursaluna
|-crit|p2b: Ursaluna
|-damage|p2b: Ursaluna|79/100 brn
|-supereffective|p2b: Ursaluna
|-damage|p2b: Ursaluna|73/100 brn
|-hitcount|p2b: Ursaluna|3
|move|p1b: Rillaboom|Bullet Seed|p2b: Ursaluna
|-damage|p2b: Ursaluna|58/100 brn
|-damage|p2b: Ursaluna|44/100 brn
|-damage|p2b: Ursaluna|31/100 brn
|-damage|p2b: Ursaluna|17/100 brn
|-hitcount|p2b: Ursaluna|4
|move|p2b: Ursaluna|Facade|p1a: Maushold
|-damage|p1a: Maushold|0 fnt
|faint|p1a: Maushold
|
|-weather|Sandstorm|[upkeep]
|-damage|p1b: Rillaboom|20/100|[from] Sandstorm
|-damage|p2b: Ursaluna|11/100 brn|[from] Sandstorm
|-heal|p2a: Gholdengo|29/100|[from] Grassy Terrain
|-heal|p1b: Rillaboom|26/100|[from] Grassy Terrain
|-heal|p2b: Ursaluna|17/100 brn|[from] Grassy Terrain
|-damage|p2b: Ursaluna|11/100 brn|[from] brn
|upkeep
|
|t:|1756407039
|switch|p1a: Grimmsnarl|Grimmsnarl, L50, M, tera:Steel|100/100
|turn|5
|
|t:|1756407061
|move|p2b: Ursaluna|Protect|p2b: Ursaluna
|-singleturn|p2b: Ursaluna|Protect
|move|p2a: Gholdengo|Make It Rain|p1b: Rillaboom|[spread] p1a,p1b
|-resisted|p1a: Grimmsnarl
|-damage|p1a: Grimmsnarl|72/100
|-damage|p1b: Rillaboom|0 fnt
|-unboost|p2a: Gholdengo|spa|1
|faint|p1b: Rillaboom
|-damage|p2a: Gholdengo|19/100|[from] item: Life Orb
|move|p1a: Grimmsnarl|Spirit Break|p2a: Gholdengo
|-resisted|p2a: Gholdengo
|-damage|p2a: Gholdengo|3/100
|-unboost|p2a: Gholdengo|spa|1
|
|-weather|Sandstorm|[upkeep]
|-damage|p2b: Ursaluna|5/100 brn|[from] Sandstorm
|-heal|p2a: Gholdengo|9/100|[from] Grassy Terrain
|-heal|p1a: Grimmsnarl|78/100|[from] Grassy Terrain
|-heal|p2b: Ursaluna|11/100 brn|[from] Grassy Terrain
|-damage|p2b: Ursaluna|5/100 brn|[from] brn
|-fieldend|move: Grassy Terrain
|upkeep
|turn|6
|
|t:|1756407076
|move|p2a: Gholdengo|Shadow Ball|p1a: Grimmsnarl
|-crit|p1a: Grimmsnarl
|-damage|p1a: Grimmsnarl|0 fnt
|faint|p1a: Grimmsnarl
|-damage|p2a: Gholdengo|0 fnt|[from] item: Life Orb
|faint|p2a: Gholdengo
|
|win|SeeYouInSf
|raw|SORES's rating: 1146 → 1126(-20 for losing)
|raw|SeeYouInSf's rating: 1218 → 1238(+20 for winning)
|l|☆SORES
|player|p1|
