|j|☆BEAST_AK_XYZ
|j|☆orcat
|html|BEAST_AK_XYZorcat    
|uhtml|bestof|Game 1 of a best-of-3
|t:|1782198701
|gametype|doubles
|player|p1|BEAST_AK_XYZ|lucas|1045
|player|p2|orcat|caitlin|1000
|gen|9
|tier|[Gen 9 Champions] VGC 2026 Reg M-B (Bo3)
|rated|
|rule|Species Clause: Limit one of each Pokémon
|rule|Item Clause: Limit 1 of each item
|clearpoke
|poke|p1|Staraptor, L50, M|
|poke|p1|Raichu, L50, F|
|poke|p1|Annihilape, L50, F|
|poke|p1|Whimsicott, L50, F|
|poke|p1|Sableye, L50, F|
|poke|p1|Basculegion, L50, M|
|poke|p2|Staraptor, L50, F|
|poke|p2|Swampert, L50, F|
|poke|p2|Pelipper, L50, F|
|poke|p2|Archaludon, L50, M|
|poke|p2|Sneasler, L50, F|
|poke|p2|Grimmsnarl, L50, M|
|teampreview|4
|showteam|p1|Staraptor||Staraptite|Intimidate|CloseCombat,BraveBird,Roost,Uturn|Adamant||M|||50|]Raichu||RaichuniteY|Static|ZapCannon,FocusBlast,AlluringVoice,VoltSwitch|Timid||F|||50|]Annihilape||Leftovers|Defiant|RageFist,BulkUp,DrainPunch,FirePunch|Careful||F|||50|]Whimsicott||FocusSash|Prankster|Tailwind,Charm,DazzlingGleam,Encore|Bold||F|||50|]Sableye||MentalHerb|Prankster|ThunderWave,WillOWisp,Recover,SkillSwap|Calm||F|||50|]Basculegion||ChoiceScarf|Adaptability|FlipTurn,WaveCrash,AquaJet,LastRespects|Jolly||M|||50|
|showteam|p2|Staraptor||Staraptite|Intimidate|CloseCombat,BraveBird,DualWingbeat,Roost|Jolly||F|||50|]Swampert||Swampertite|Torrent|WaveCrash,HighHorsepower,IcePunch,Protect|Adamant||F|||50|]Pelipper||SitrusBerry|Drizzle|WeatherBall,Hurricane,Tailwind,Protect|Modest||F|||50|]Archaludon||Leftovers|Stamina|FlashCannon,DragonPulse,ElectroShot,Protect|Modest||M|||50|]Sneasler||FocusSash|PoisonTouch|CloseCombat,PoisonJab,RockSlide,FakeOut|Jolly||F|||50|]Grimmsnarl||LightClay|Prankster|FoulPlay,Reflect,LightScreen,PartingShot|Calm||M|||50|
|inactive|Battle timer is ON: inactive players will automatically lose when time's up. (requested by BEAST_AK_XYZ)
|inactive|orcat has 60 seconds left.
|
|t:|1782198740
|teamsize|p1|4
|teamsize|p2|4
|start
|switch|p1a: Whimsicott|Whimsicott, L50, F|100/100
|switch|p1b: Raichu|Raichu, L50, F|100/100
|switch|p2a: Swampert|Swampert, L50, F|100/100
|switch|p2b: Grimmsnarl|Grimmsnarl, L50, M|100/100
|turn|1
|
|t:|1782198762
|switch|p2a: Archaludon|Archaludon, L50, M|100/100
|detailschange|p1b: Raichu|Raichu-Mega-Y, L50, F
|-mega|p1b: Raichu|Raichu|Raichunite Y
|move|p1a: Whimsicott|Tailwind|p1a: Whimsicott
|-sidestart|p1: BEAST_AK_XYZ|move: Tailwind
|move|p2b: Grimmsnarl|Light Screen|p2b: Grimmsnarl
|-sidestart|p2: orcat|move: Light Screen
|move|p1b: Raichu|Zap Cannon|p2b: Grimmsnarl
|-crit|p2b: Grimmsnarl
|-damage|p2b: Grimmsnarl|17/100
|-status|p2b: Grimmsnarl|par
|
|upkeep
|turn|2
|inactive|BEAST_AK_XYZ has 30 seconds left.
|
|t:|1782198788
|move|p1a: Whimsicott|Encore|p2b: Grimmsnarl
|-hint|Since gen 7, Dark is immune to Prankster moves.
|-immune|p2b: Grimmsnarl
|move|p2b: Grimmsnarl|Parting Shot|p1b: Raichu
|-unboost|p1b: Raichu|atk|1
|-unboost|p1b: Raichu|spa|1
|
|t:|1782198802
|switch|p2b: Swampert|Swampert, L50, F|100/100|[from] Parting Shot
|move|p1b: Raichu|Focus Blast|p2a: Archaludon
|-supereffective|p2a: Archaludon|1
|-damage|p2a: Archaludon|52/100
|-ability|p2a: Archaludon|Stamina|boost
|-boost|p2a: Archaludon|def|1
|move|p2a: Archaludon|Flash Cannon|p1a: Whimsicott
|-supereffective|p1a: Whimsicott|1
|-enditem|p1a: Whimsicott|Focus Sash
|-damage|p1a: Whimsicott|1/100
|
|-heal|p2a: Archaludon|58/100|[from] item: Leftovers
|upkeep
|turn|3
|
|t:|1782198824
|switch|p1b: Annihilape|Annihilape, L50, F|100/100
|detailschange|p2b: Swampert|Swampert-Mega, L50, F
|-mega|p2b: Swampert|Swampert|Swampertite
|move|p1a: Whimsicott|Charm|p2b: Swampert
|-unboost|p2b: Swampert|atk|2
|move|p2b: Swampert|High Horsepower|p1b: Annihilape
|-damage|p1b: Annihilape|75/100
|move|p2a: Archaludon|Flash Cannon|p1a: Whimsicott
|-supereffective|p1a: Whimsicott|1
|-damage|p1a: Whimsicott|0 fnt
|faint|p1a: Whimsicott
|
|-heal|p1b: Annihilape|81/100|[from] item: Leftovers
|-heal|p2a: Archaludon|64/100|[from] item: Leftovers
|upkeep
|
|t:|1782198839
|switch|p1a: Raichu|Raichu-Mega-Y, L50, F|100/100
|turn|4
|
|t:|1782198855
|switch|p2a: Pelipper|Pelipper, L50, F|100/100
|-weather|RainDance|[from] ability: Drizzle|[of] p2a: Pelipper
|move|p1a: Raichu|Zap Cannon|p2a: Pelipper
|-supereffective|p2a: Pelipper|2
|-damage|p2a: Pelipper|0 fnt
|faint|p2a: Pelipper
|move|p2b: Swampert|High Horsepower|p1a: Raichu
|-supereffective|p1a: Raichu|1
|-damage|p1a: Raichu|0 fnt
|faint|p1a: Raichu
|move|p1b: Annihilape|Bulk Up|p1b: Annihilape
|-boost|p1b: Annihilape|atk|1
|-boost|p1b: Annihilape|def|1
|
|-weather|RainDance|[upkeep]
|-heal|p1b: Annihilape|87/100|[from] item: Leftovers
|-sideend|p1: BEAST_AK_XYZ|move: Tailwind
|upkeep
|
|t:|1782198869
|switch|p1a: Basculegion|Basculegion, L50, M|100/100
|switch|p2a: Grimmsnarl|Grimmsnarl, L50, M|17/100 par
|turn|5
|
|t:|1782198882
|move|p2a: Grimmsnarl|Reflect|p2a: Grimmsnarl
|-sidestart|p2: orcat|Reflect
|move|p2b: Swampert|Wave Crash|p1b: Annihilape
|-damage|p1b: Annihilape|56/100
|-damage|p2b: Swampert|87/100|[from] Recoil
|move|p1a: Basculegion|Last Respects|p2b: Swampert
|-damage|p2b: Swampert|23/100
|move|p1b: Annihilape|Rage Fist|p2b: Swampert
|-damage|p2b: Swampert|0 fnt
|faint|p2b: Swampert
|
|-weather|RainDance|[upkeep]
|-heal|p1b: Annihilape|62/100|[from] item: Leftovers
|upkeep
|
|t:|1782198896
|switch|p2b: Archaludon|Archaludon, L50, M|64/100
|turn|6
|
|t:|1782198905
|move|p1a: Basculegion|Last Respects|p2b: Archaludon
|-damage|p2b: Archaludon|19/100
|-ability|p2b: Archaludon|Stamina|boost
|-boost|p2b: Archaludon|def|1
|move|p2b: Archaludon|Electro Shot||[still]
|-prepare|p2b: Archaludon|Electro Shot
|-boost|p2b: Archaludon|spa|1
|-anim|p2b: Archaludon|Electro Shot|p1a: Basculegion
|-supereffective|p1a: Basculegion|1
|-damage|p1a: Basculegion|0 fnt
|faint|p1a: Basculegion
|move|p1b: Annihilape|Drain Punch|p2b: Archaludon
|-supereffective|p2b: Archaludon|1
|-damage|p2b: Archaludon|0 fnt
|-heal|p1b: Annihilape|71/100|[from] drain|[of] p2b: Archaludon
|faint|p2b: Archaludon
|move|p2a: Grimmsnarl|Foul Play|p1b: Annihilape
|-damage|p1b: Annihilape|41/100
|
|-weather|RainDance|[upkeep]
|-heal|p1b: Annihilape|47/100|[from] item: Leftovers
|upkeep
|turn|7
|
|t:|1782198927
|move|p1b: Annihilape|Rage Fist|p2a: Grimmsnarl
|-resisted|p2a: Grimmsnarl|1
|-damage|p2a: Grimmsnarl|0 fnt
|faint|p2a: Grimmsnarl
|
|win|BEAST_AK_XYZ
