|j|☆UnApostrofoRosaVGC
|j|☆WhenSheTerapOnMyCM
|html|UnApostrofoRosaVGCWhenSheTerapOnMyCM    
|uhtml|bestof|Game 2 of a best-of-3
|t:|1756197810
|gametype|doubles
|player|p1|UnApostrofoRosaVGC|101|1280
|player|p2|WhenSheTerapOnMyCM|n|1317
|gen|9
|tier|[Gen 9] VGC 2025 Reg H (Bo3)
|rated|
|rule|Species Clause: Limit one of each Pokémon
|rule|Item Clause: Limit 1 of each item
|clearpoke
|poke|p1|Indeedee-F, L50, F|
|poke|p1|Armarouge, L50, F|
|poke|p1|Kingambit, L50, F|
|poke|p1|Torkoal, L50, M|
|poke|p1|Gallade, L50, M|
|poke|p1|Maushold-Four, L50|
|poke|p2|Kingambit, L50, F|
|poke|p2|Rillaboom, L50, F|
|poke|p2|Electabuzz, L50, M|
|poke|p2|Volcarona, L50, M|
|poke|p2|Sneasler, L50, M|
|poke|p2|Dragonite, L50, M|
|teampreview|4
|showteam|p1|Indeedee-F||PsychicSeed|PsychicSurge|Psychic,HelpingHand,FollowMe,TrickRoom|||F|||50|,,,,,Grass]Armarouge||LifeOrb|FlashFire|ExpandingForce,ArmorCannon,TrickRoom,Protect|||F|||50|,,,,,Grass]Kingambit||SafetyGoggles|Defiant|KowtowCleave,SuckerPunch,LowKick,SwordsDance|||F|||50|,,,,,Dark]Torkoal||Charcoal|Drought|Eruption,WeatherBall,HeatWave,Protect|||M|||50|,,,,,Fire]Gallade||ClearAmulet|Sharpness|SacredSword,PsychoCut,WideGuard,TrickRoom|||M|||50|,,,,,Grass]Maushold-Four||WideLens|Technician|PopulationBomb,Taunt,FollowMe,Protect||||||50|,,,,,Ghost
|showteam|p2|Kingambit||BlackGlasses|Defiant|Protect,KowtowCleave,SuckerPunch,SwordsDance|||F|||50|,,,,,Dark]Rillaboom||AssaultVest|GrassySurge|WoodHammer,GrassyGlide,HighHorsepower,FakeOut|||F|||50|,,,,,Fire]Electabuzz||Eviolite|VitalSpirit|Protect,Thunderbolt,HelpingHand,FollowMe|||M|||50|,,,,,Ghost]Volcarona||CovertCloak|FlameBody|Protect,HeatWave,TeraBlast,QuiverDance|||M|||50|,,,,,Fairy]Sneasler||FocusSash|Unburden|CloseCombat,DireClaw,Coaching,FakeOut|||M|||50|,,,,,Stellar]Dragonite||LoadedDice|Multiscale|ScaleShot,Haze,ExtremeSpeed,Protect|||M|||50|,,,,,Fairy
|inactive|Battle timer is ON: inactive players will automatically lose when time's up. (requested by WhenSheTerapOnMyCM)
|
|t:|1756197871
|teamsize|p1|4
|teamsize|p2|4
|start
|switch|p1a: Maushold|Maushold-Four, L50|100/100
|switch|p1b: Gallade|Gallade, L50, M|100/100
|switch|p2a: WrathofKhan|Kingambit, L50, F, shiny|100/100
|switch|p2b: Litofsky|Electabuzz, L50, M, shiny|100/100
|turn|1
|
|t:|1756197893
|-terastallize|p2b: Litofsky|Ghost
|move|p2b: Litofsky|Follow Me|p2b: Litofsky
|-singleturn|p2b: Litofsky|move: Follow Me
|move|p1a: Maushold|Population Bomb|p2b: Litofsky
|-immune|p2b: Litofsky
|move|p2a: WrathofKhan|Swords Dance|p2a: WrathofKhan
|-boost|p2a: WrathofKhan|atk|2
|move|p1b: Gallade|Trick Room|p1b: Gallade
|-fieldstart|move: Trick Room|[of] p1b: Gallade
|
|upkeep
|turn|2
|inactive|UnApostrofoRosaVGC has 30 seconds left.
|
|t:|1756197920
|move|p2a: WrathofKhan|Kowtow Cleave|p1b: Gallade
|-damage|p1b: Gallade|0 fnt
|faint|p1b: Gallade
|move|p2b: Litofsky|Thunderbolt|p1a: Maushold
|-damage|p1a: Maushold|56/100
|move|p1a: Maushold|Taunt|p2a: WrathofKhan
|-start|p2a: WrathofKhan|move: Taunt
|
|upkeep
|
|t:|1756197932
|switch|p1b: Kingambit|Kingambit, L50, F|100/100
|turn|3
|
|t:|1756197945
|move|p2b: Litofsky|Follow Me|p2b: Litofsky
|-singleturn|p2b: Litofsky|move: Follow Me
|move|p1a: Maushold|Follow Me|p1a: Maushold
|-singleturn|p1a: Maushold|move: Follow Me
|move|p1b: Kingambit|Swords Dance|p1b: Kingambit
|-boost|p1b: Kingambit|atk|2
|move|p2a: WrathofKhan|Kowtow Cleave|p1a: Maushold
|-damage|p1a: Maushold|0 fnt
|faint|p1a: Maushold
|
|upkeep
|
|t:|1756197954
|switch|p1a: Indeedee|Indeedee-F, L50, F|100/100
|-fieldstart|move: Psychic Terrain|[from] ability: Psychic Surge|[of] p1a: Indeedee
|-enditem|p1a: Indeedee|Psychic Seed
|-boost|p1a: Indeedee|spd|1|[from] item: Psychic Seed
|turn|4
|
|t:|1756197973
|move|p1a: Indeedee|Helping Hand|p1b: Kingambit
|-singleturn|p1b: Kingambit|Helping Hand|[of] p1a: Indeedee
|move|p2b: Litofsky|Follow Me|p2b: Litofsky
|-singleturn|p2b: Litofsky|move: Follow Me
|move|p1b: Kingambit|Kowtow Cleave|p2b: Litofsky
|-supereffective|p2b: Litofsky
|-damage|p2b: Litofsky|0 fnt
|faint|p2b: Litofsky
|move|p2a: WrathofKhan|Kowtow Cleave|p1a: Indeedee
|-supereffective|p1a: Indeedee
|-damage|p1a: Indeedee|0 fnt
|faint|p1a: Indeedee
|
|upkeep
|
|t:|1756197983
|switch|p2b: Trunkmeister|Rillaboom, L50, F, shiny|100/100
|-fieldstart|move: Grassy Terrain|[from] ability: Grassy Surge|[of] p2b: Trunkmeister
|turn|5
|
|t:|1756197987
|move|p2b: Trunkmeister|Fake Out|p1b: Kingambit
|-resisted|p1b: Kingambit
|-damage|p1b: Kingambit|95/100
|cant|p1b: Kingambit|flinch
|move|p2a: WrathofKhan|Kowtow Cleave|p1b: Kingambit
|-resisted|p1b: Kingambit
|-damage|p1b: Kingambit|53/100
|
|-heal|p1b: Kingambit|59/100|[from] Grassy Terrain
|-end|p2a: WrathofKhan|move: Taunt
|-fieldend|move: Trick Room
|upkeep
|turn|6
|
|t:|1756197997
|move|p2b: Trunkmeister|High Horsepower|p1b: Kingambit|[miss]
|-miss|p2b: Trunkmeister|p1b: Kingambit
|move|p2a: WrathofKhan|Kowtow Cleave|p1b: Kingambit
|-resisted|p1b: Kingambit
|-crit|p1b: Kingambit
|-damage|p1b: Kingambit|0 fnt
|faint|p1b: Kingambit
|
|win|WhenSheTerapOnMyCM
|raw|UnApostrofoRosaVGC's rating: 1280 → 1258(-22 for losing)
|raw|WhenSheTerapOnMyCM's rating: 1317 → 1335(+18 for winning)
