|j|☆gengur
|j|☆lettitripppp
|html|gengurlettitripppp    
|uhtml|bestof|Game 1 of a best-of-3
|t:|1783896265
|gametype|doubles
|player|p1|gengur|169|1278
|player|p2|lettitripppp|lucas|1329
|gen|9
|tier|[Gen 9 Champions] VGC 2026 Reg M-B (Bo3)
|rated|
|rule|Species Clause: Limit one of each Pokémon
|rule|Item Clause: Limit 1 of each item
|clearpoke
|poke|p1|Blaziken, L50, F|
|poke|p1|Venusaur, L50, F|
|poke|p1|Ninetales-Alola, L50, F|
|poke|p1|Lycanroc-Dusk, L50, F|
|poke|p1|Kingambit, L50, F|
|poke|p1|Basculegion, L50, M|
|poke|p2|Charizard, L50, F|
|poke|p2|Floette-Eternal, L50, F|
|poke|p2|Basculegion, L50, M|
|poke|p2|Whimsicott, L50, M, shiny|
|poke|p2|Garchomp, L50, M, shiny|
|poke|p2|Kingambit, L50, F, shiny|
|teampreview|4
|showteam|p1|Blaziken||Blazikenite|SpeedBoost|CloseCombat,FlareBlitz,StoneEdge,Detect|Adamant||F|||50|]Venusaur||Venusaurite|Chlorophyll|GigaDrain,SludgeBomb,EarthPower,Protect|Modest||F|||50|]Ninetales-Alola||NeverMeltIce|SnowWarning|Protect,FreezeDry,Blizzard,Encore|Timid||F|||50|]Lycanroc-Dusk||FocusSash|ToughClaws|Accelerock,RockSlide,CloseCombat,Protect|Adamant||F|||50|]Kingambit||LifeOrb|Defiant|KowtowCleave,SuckerPunch,IronHead,Protect|Adamant||F|||50|]Basculegion||ChoiceScarf|Adaptability|WaveCrash,LastRespects,FlipTurn,AquaJet|Jolly||M|||50|
|showteam|p2|Charizard||CharizarditeY|Blaze|WeatherBall,SolarBeam,HeatWave,Protect|Modest||F|||50|]Floette-Eternal||Floettite|FlowerVeil|DazzlingGleam,LightofRuin,Moonblast,Protect|Modest||F|||50|]Basculegion||MysticWater|Adaptability|LastRespects,WaveCrash,AquaJet,Protect|Adamant||M|||50|]Whimsicott||FocusSash|Prankster|Moonblast,Tailwind,Encore,Protect|Timid||M|||50|]Garchomp||LifeOrb|RoughSkin|DragonClaw,Earthquake,RockSlide,Protect|Jolly||M|||50|]Kingambit||ChopleBerry|Defiant|KowtowCleave,SuckerPunch,IronHead,LowKick|Adamant||F|||50|
|inactive|Battle timer is ON: inactive players will automatically lose when time's up. (requested by lettitripppp)
|inactive|gengur has 60 seconds left.
|
|t:|1783896313
|teamsize|p1|4
|teamsize|p2|4
|start
|switch|p1a: Venusaur|Venusaur, L50, F|100/100
|switch|p1b: Ninetales|Ninetales-Alola, L50, F|100/100
|switch|p2a: GHOSTWAVE|Basculegion, L50, M|100/100
|switch|p2b: LETS GO GO|Whimsicott, L50, M, shiny|100/100
|-weather|Snowscape|[from] ability: Snow Warning|[of] p1b: Ninetales
|turn|1
|
|t:|1783896334
|detailschange|p1a: Venusaur|Venusaur-Mega, L50, F
|-mega|p1a: Venusaur|Venusaur|Venusaurite
|move|p1b: Ninetales|Protect|p1b: Ninetales
|-singleturn|p1b: Ninetales|Protect
|move|p2a: GHOSTWAVE|Protect|p2a: GHOSTWAVE
|-singleturn|p2a: GHOSTWAVE|Protect
|move|p2b: LETS GO GO|Tailwind|p2b: LETS GO GO
|-sidestart|p2: lettitripppp|move: Tailwind
|move|p1a: Venusaur|Giga Drain|p2a: GHOSTWAVE
|-activate|p2a: GHOSTWAVE|move: Protect
|
|-weather|Snowscape|[upkeep]
|upkeep
|turn|2
|
|t:|1783896354
|switch|p2a: GENERAL BLADUS|Kingambit, L50, F, shiny|100/100
|move|p2b: LETS GO GO|Encore|p1b: Ninetales
|-start|p1b: Ninetales|Encore
|move|p1b: Ninetales|Protect||[still]
|-fail|p1b: Ninetales
|move|p1a: Venusaur|Giga Drain|p2a: GENERAL BLADUS
|-resisted|p2a: GENERAL BLADUS|1
|-crit|p2a: GENERAL BLADUS
|-damage|p2a: GENERAL BLADUS|71/100
|
|-weather|Snowscape|[upkeep]
|upkeep
|turn|3
|
|t:|1783896375
|switch|p1b: Kingambit|Kingambit, L50, F|100/100
|move|p2b: LETS GO GO|Moonblast|p1a: Venusaur
|-resisted|p1a: Venusaur|1
|-damage|p1a: Venusaur|88/100
|move|p2a: GENERAL BLADUS|Kowtow Cleave|p1a: Venusaur
|-damage|p1a: Venusaur|49/100
|move|p1a: Venusaur|Earth Power|p2a: GENERAL BLADUS
|-supereffective|p2a: GENERAL BLADUS|1
|-damage|p2a: GENERAL BLADUS|7/100
|
|-weather|Snowscape|[upkeep]
|upkeep
|turn|4
|
|t:|1783896389
|move|p1b: Kingambit|Sucker Punch|p2a: GENERAL BLADUS
|-resisted|p2a: GENERAL BLADUS|1
|-damage|p2a: GENERAL BLADUS|0 fnt
|faint|p2a: GENERAL BLADUS
|-damage|p1b: Kingambit|90/100|[from] item: Life Orb
|move|p2b: LETS GO GO|Moonblast|p1a: Venusaur
|-resisted|p1a: Venusaur|1
|-damage|p1a: Venusaur|37/100
|move|p1a: Venusaur|Sludge Bomb|p2b: LETS GO GO
|-supereffective|p2b: LETS GO GO|2
|-enditem|p2b: LETS GO GO|Focus Sash
|-damage|p2b: LETS GO GO|1/100
|
|-weather|Snowscape|[upkeep]
|-sideend|p2: lettitripppp|move: Tailwind
|upkeep
|
|t:|1783896396
|switch|p2a: CRUSH SHARK|Garchomp, L50, M, shiny|100/100
|turn|5
|
|t:|1783896420
|move|p2b: LETS GO GO|Tailwind|p2b: LETS GO GO
|-sidestart|p2: lettitripppp|move: Tailwind
|move|p1b: Kingambit|Sucker Punch|p2a: CRUSH SHARK
|-damage|p2a: CRUSH SHARK|47/100
|-damage|p1b: Kingambit|78/100|[from] ability: Rough Skin|[of] p2a: CRUSH SHARK
|-damage|p1b: Kingambit|68/100|[from] item: Life Orb
|move|p2a: CRUSH SHARK|Earthquake|p1a: Venusaur|[spread] p2b,p1a,p1b
|-resisted|p2b: LETS GO GO|1
|-supereffective|p1b: Kingambit|1
|-damage|p2b: LETS GO GO|0 fnt
|-damage|p1a: Venusaur|0 fnt
|-damage|p1b: Kingambit|0 fnt
|faint|p2b: LETS GO GO
|faint|p1a: Venusaur
|faint|p1b: Kingambit
|-damage|p2a: CRUSH SHARK|37/100|[from] item: Life Orb
|
|-weather|none
|upkeep
|
|t:|1783896428
|switch|p2b: GHOSTWAVE|Basculegion, L50, M|100/100
|switch|p1a: Lycanroc|Lycanroc-Dusk, L50, F|100/100
|switch|p1b: Ninetales|Ninetales-Alola, L50, F|100/100
|-weather|Snowscape|[from] ability: Snow Warning|[of] p1b: Ninetales
|turn|6
|
|t:|1783896446
|move|p1a: Lycanroc|Accelerock|p2a: CRUSH SHARK
|-resisted|p2a: CRUSH SHARK|1
|-damage|p2a: CRUSH SHARK|24/100
|-damage|p1a: Lycanroc|87/100|[from] ability: Rough Skin|[of] p2a: CRUSH SHARK
|move|p2a: CRUSH SHARK|Rock Slide|p1b: Ninetales|[spread] p1a,p1b
|-supereffective|p1b: Ninetales|1
|-damage|p1a: Lycanroc|44/100
|-damage|p1b: Ninetales|42/100
|-damage|p2a: CRUSH SHARK|15/100|[from] item: Life Orb
|move|p2b: GHOSTWAVE|Last Respects|p1b: Ninetales
|-damage|p1b: Ninetales|0 fnt
|faint|p1b: Ninetales
|
|-weather|Snowscape|[upkeep]
|upkeep
|turn|7
|-message|gengur forfeited.
|
|win|lettitripppp
|l|☆gengur
|player|p1|
||gengur is ready for game 2.
