|j|☆Onemagician4496
|j|☆p3ds
|html|Onemagician4496p3ds    
|uhtml|bestof|Game 2 of a best-of-3
|t:|1784750970
|gametype|doubles
|player|p1|Onemagician4496|2|
|player|p2|p3ds|alec-anime|
|gen|9
|tier|[Gen 9 Champions] VGC 2026 Reg M-B (Bo3)
|rule|Species Clause: Limit one of each Pokémon
|rule|Item Clause: Limit 1 of each item
|clearpoke
|poke|p1|Charizard, L50, M, shiny|
|poke|p1|Metagross, L50, shiny|
|poke|p1|Hydreigon, L50, F|
|poke|p1|Incineroar, L50, M, shiny|
|poke|p1|Toxapex, L50, F, shiny|
|poke|p1|Annihilape, L50, M, shiny|
|poke|p2|Gengar, L50, M|
|poke|p2|Archaludon, L50, M|
|poke|p2|Politoed, L50, F, shiny|
|poke|p2|Swampert, L50, M|
|poke|p2|Vivillon-Continental, L50, F|
|poke|p2|Incineroar, L50, M|
|teampreview|4
|showteam|p1|Charizard||CharizarditeY|Blaze|HeatWave,WeatherBall,SolarBeam,Protect|Modest||M|||50|]Metagross||Metagrossite|ClearBody|PsychicFangs,BulletPunch,IcePunch,Protect|Jolly|||||50|]Hydreigon||ChoiceScarf|Levitate|DarkPulse,DracoMeteor,Snarl,EarthPower|Modest||F|||50|]Incineroar||SitrusBerry|Intimidate|FlareBlitz,ThroatChop,PartingShot,FakeOut|Impish||M|||50|]Toxapex||Leftovers|Regenerator|Infestation,Toxic,WideGuard,BanefulBunker|Relaxed||F|||50|]Annihilape||FocusSash|Defiant|PhantomForce,CloseCombat,RockTomb,Protect|Jolly||M|||50|
|showteam|p2|Gengar||Gengarite|CursedBody|ShadowBall,SludgeBomb,PerishSong,Protect|Modest||M|||50|]Archaludon||Leftovers|Stamina|ElectroShot,DragonPulse,FlashCannon,Protect|Bold||M|||50|]Politoed||SitrusBerry|Drizzle|WeatherBall,Hypnosis,PerishSong,Protect|Calm||F|||50|]Swampert||Swampertite|Torrent|WaveCrash,Earthquake,IcePunch,Protect|Adamant||M|||50|]Vivillon-Continental||FocusSash|CompoundEyes|Hurricane,SleepPowder,RagePowder,Protect|Timid||F|||50|]Incineroar||PasshoBerry|Intimidate|ThroatChop,FakeOut,PartingShot,Protect|Impish||M|||50|
|inactive|Battle timer is ON: inactive players will automatically lose when time's up. (requested by Onemagician4496)
|j| Jarshall
|j| teslobo
|j| MrGardnHose
|j| JackWhiteVGC
|j| shadow193
|j| ZomalaVGC
|j| splash2ndcousin
|j| Autumnal Rein
|j| petethatgamesTTV
|j| nkgill1101
|j| thepostmanp
|j| WarlogFV
|j| the gong lady
|j| RadiantSteelix
|j| delucieous
|j| The Maknoon
|
|t:|1784750993
|teamsize|p1|4
|teamsize|p2|4
|start
|switch|p1a: Hydreigon|Hydreigon, L50, F|100/100
|switch|p1b: Incineroar|Incineroar, L50, M, shiny|100/100
|switch|p2a: Yellow|Vivillon-Continental, L50, F|100/100
|switch|p2b: Blue|Swampert, L50, M|100/100
|-ability|p1b: Incineroar|Intimidate|boost
|-unboost|p2a: Yellow|atk|1
|-unboost|p2b: Blue|atk|1
|turn|1
|j| bwhitevgc
|inactive|Onemagician4496 has 30 seconds left.
|
|t:|1784751022
|detailschange|p2b: Blue|Swampert-Mega, L50, M
|-mega|p2b: Blue|Swampert|Swampertite
|move|p2a: Yellow|Protect|p2a: Yellow
|-singleturn|p2a: Yellow|Protect
|move|p2b: Blue|Protect|p2b: Blue
|-singleturn|p2b: Blue|Protect
|move|p1b: Incineroar|Fake Out|p2a: Yellow
|-activate|p2a: Yellow|move: Protect
|move|p1a: Hydreigon|Dark Pulse|p2b: Blue
|-activate|p2b: Blue|move: Protect
|
|upkeep
|turn|2
|l| Jarshall
|
|t:|1784751047
|move|p1a: Hydreigon|Dark Pulse|p2a: Yellow
|-damage|p2a: Yellow|19/100
|move|p2a: Yellow|Sleep Powder|p1b: Incineroar
|-status|p1b: Incineroar|slp|[from] move: Sleep Powder
|move|p2b: Blue|Ice Punch|p1a: Hydreigon
|-supereffective|p1a: Hydreigon|1
|-damage|p1a: Hydreigon|47/100
|cant|p1b: Incineroar|slp
|
|upkeep
|turn|3
|j| Jarshall
|inactive|Onemagician4496 has 30 seconds left.
|inactive|p3ds has 30 seconds left.
|inactive|p3ds has 20 seconds left.
|
|t:|1784751083
|switch|p2a: Aqua|Politoed, L50, F, shiny|100/100
|-weather|RainDance|[from] ability: Drizzle|[of] p2a: Aqua
|move|p2b: Blue|Ice Punch|p1a: Hydreigon
|-supereffective|p1a: Hydreigon|1
|-damage|p1a: Hydreigon|1/100
|move|p1a: Hydreigon|Dark Pulse|p2b: Blue
|-damage|p2b: Blue|59/100
|cant|p1b: Incineroar|slp
|
|-weather|RainDance|[upkeep]
|upkeep
|turn|4
|inactive|Onemagician4496 has 30 seconds left.
|inactive|p3ds has 30 seconds left.
|
|t:|1784751117
|move|p2b: Blue|Ice Punch|p1a: Hydreigon
|-supereffective|p1a: Hydreigon|1
|-crit|p1a: Hydreigon
|-damage|p1a: Hydreigon|0 fnt
|faint|p1a: Hydreigon
|move|p2a: Aqua|Weather Ball|p1b: Incineroar
|-supereffective|p1b: Incineroar|1
|-damage|p1b: Incineroar|1/100 slp
|-enditem|p1b: Incineroar|Sitrus Berry|[eat]
|-heal|p1b: Incineroar|26/100 slp|[from] item: Sitrus Berry
|-curestatus|p1b: Incineroar|slp|[msg]
|move|p1b: Incineroar|Parting Shot|p2b: Blue
|-unboost|p2b: Blue|atk|1
|-unboost|p2b: Blue|spa|1
|j| scarborough yute
|
|t:|1784751126
|switch|p1b: Metagross|Metagross, L50, shiny|100/100|[from] Parting Shot
|
|-weather|RainDance|[upkeep]
|upkeep
|l| delucieous
|
|t:|1784751145
|switch|p1a: Incineroar|Incineroar, L50, M, shiny|26/100
|-ability|p1a: Incineroar|Intimidate|boost
|-unboost|p2a: Aqua|atk|1
|-unboost|p2b: Blue|atk|1
|turn|5
|l| the gong lady
|
|t:|1784751161
|switch|p2b: Yellow|Vivillon-Continental, L50, F|19/100
|switch|p2a: Flowery|Archaludon, L50, M|100/100
|detailschange|p1b: Metagross|Metagross-Mega, L50, shiny
|-mega|p1b: Metagross|Metagross|Metagrossite
|move|p1b: Metagross|Psychic Fangs|p2a: Flowery
|-resisted|p2a: Flowery|1
|-damage|p2a: Flowery|81/100
|-ability|p2a: Flowery|Stamina|boost
|-boost|p2a: Flowery|def|1
|move|p1a: Incineroar|Parting Shot|p2b: Yellow
|-unboost|p2b: Yellow|atk|1
|-unboost|p2b: Yellow|spa|1
|
|t:|1784751165
|switch|p1a: Annihilape|Annihilape, L50, M, shiny|100/100|[from] Parting Shot
|
|-weather|RainDance|[upkeep]
|-heal|p2a: Flowery|87/100|[from] item: Leftovers
|upkeep
|turn|6
|j| delucieous
|inactive|p3ds has 30 seconds left.
|
|t:|1784751196
|move|p2b: Yellow|Protect|p2b: Yellow
|-singleturn|p2b: Yellow|Protect
|move|p1b: Metagross|Psychic Fangs|p2b: Yellow
|-activate|p2b: Yellow|move: Protect
|move|p1a: Annihilape|Close Combat|p2a: Flowery
|-supereffective|p2a: Flowery|1
|-damage|p2a: Flowery|38/100
|-unboost|p1a: Annihilape|def|1
|-unboost|p1a: Annihilape|spd|1
|-ability|p2a: Flowery|Stamina|boost
|-boost|p2a: Flowery|def|1
|move|p2a: Flowery|Electro Shot||[still]
|-prepare|p2a: Flowery|Electro Shot
|-boost|p2a: Flowery|spa|1
|-anim|p2a: Flowery|Electro Shot|p1b: Metagross
|-damage|p1b: Metagross|43/100
|
|-weather|RainDance|[upkeep]
|-heal|p2a: Flowery|44/100|[from] item: Leftovers
|upkeep
|turn|7
|inactive|Onemagician4496 has 30 seconds left.
|inactive|p3ds has 30 seconds left.
|inactive|Onemagician4496 has 20 seconds left.
|inactive|p3ds has 20 seconds left.
|inactive|Onemagician4496 has 15 seconds left.
|inactive|Onemagician4496 has 10 seconds left.
|inactive|p3ds has 15 seconds left.
|
|t:|1784751247
|move|p2b: Yellow|Rage Powder|p2b: Yellow
|-singleturn|p2b: Yellow|move: Rage Powder
|move|p1b: Metagross|Ice Punch|p2b: Yellow
|-supereffective|p2b: Yellow|1
|-damage|p2b: Yellow|0 fnt
|faint|p2b: Yellow
|move|p1a: Annihilape|Close Combat|p2a: Flowery
|-supereffective|p2a: Flowery|1
|-damage|p2a: Flowery|5/100
|-unboost|p1a: Annihilape|def|1
|-unboost|p1a: Annihilape|spd|1
|-ability|p2a: Flowery|Stamina|boost
|-boost|p2a: Flowery|def|1
|move|p2a: Flowery|Electro Shot||[still]
|-prepare|p2a: Flowery|Electro Shot
|-boost|p2a: Flowery|spa|1
|-anim|p2a: Flowery|Electro Shot|p1a: Annihilape
|-enditem|p1a: Annihilape|Focus Sash
|-damage|p1a: Annihilape|1/100
|
|-weather|none
|-heal|p2a: Flowery|11/100|[from] item: Leftovers
|upkeep
|
|t:|1784751252
|switch|p2b: Blue|Swampert-Mega, L50, M|59/100
|turn|8
|inactive|Onemagician4496 has 30 seconds left.
|inactive|Onemagician4496 has 20 seconds left.
|inactive|Onemagician4496 has 15 seconds left.
|
|t:|1784751297
|switch|p2a: Aqua|Politoed, L50, F, shiny|100/100
|-weather|RainDance|[from] ability: Drizzle|[of] p2a: Aqua
|move|p2b: Blue|Earthquake|p1b: Metagross|[spread] p2a,p1a,p1b
|-supereffective|p1b: Metagross|1
|-damage|p2a: Aqua|53/100
|-damage|p1a: Annihilape|0 fnt
|-damage|p1b: Metagross|0 fnt
|faint|p1a: Annihilape
|faint|p1b: Metagross
|
|-weather|RainDance|[upkeep]
|upkeep
|j| FBISurveillanceMan
|-message|Onemagician4496 forfeited.
|
|win|p3ds
|l|☆Onemagician4496
|player|p1|
|l| WarlogFV
|c|☆p3ds|GGs
|l| MrGardnHose
|l| nkgill1101
|l| bwhitevgc
|l| petethatgamesTTV
|l| delucieous
|l| The Maknoon
|l| Jarshall
|l| Autumnal Rein
|j| delucieous
|l| delucieous
|l| splash2ndcousin
|l| thepostmanp
|j| ab0ve5029
|l| ab0ve5029
|j| KrisKiwii
|l| KrisKiwii
|l| FBISurveillanceMan
