|j|☆No1RalseiFan
|j|☆p3ds
|html|No1RalseiFanp3ds    
|uhtml|bestof|Game 1 of a best-of-3
|t:|1782670017
|gametype|doubles
|player|p1|No1RalseiFan|266|
|player|p2|p3ds|alec-anime|
|gen|9
|tier|[Gen 9 Champions] VGC 2026 Reg M-B (Bo3)
|rule|Species Clause: Limit one of each Pokémon
|rule|Item Clause: Limit 1 of each item
|clearpoke
|poke|p1|Pyroar, L50, F|
|poke|p1|Scrafty, L50, F|
|poke|p1|Farigiraf, L50, M|
|poke|p1|Torkoal, L50, M|
|poke|p1|Sylveon, L50, M|
|poke|p1|Garchomp, L50, M|
|poke|p2|Whimsicott, L50, M|
|poke|p2|Staraptor, L50, F|
|poke|p2|Garchomp, L50, F|
|poke|p2|Gholdengo, L50|
|poke|p2|Basculegion, L50, M|
|poke|p2|Typhlosion-Hisui, L50, M|
|teampreview|4
|showteam|p1|Pyroar||Pyroarite|Unnerve|HeatWave,Overheat,ScorchingSands,Protect|Timid||F|||50|]Scrafty||Scraftinite|Intimidate|CloseCombat,KnockOff,PoisonJab,FakeOut|Brave||F|||50|]Farigiraf||ColburBerry|ArmorTail|Psychic,Thunderbolt,TrickRoom,Protect|Modest||M|||50|]Torkoal||Charcoal|Drought|Eruption,WeatherBall,HelpingHand,Protect|Quiet||M|||50|]Sylveon||FairyFeather|Pixilate|HyperVoice,HyperBeam,QuickAttack,Protect|Modest||M|||50|]Garchomp||LifeOrb|RoughSkin|DragonClaw,StompingTantrum,RockSlide,Protect|Jolly||M|||50|
|showteam|p2|Whimsicott||FocusSash|Prankster|Tickle,Tailwind,Moonblast,FakeTears|Timid||M|||50|]Staraptor||Staraptite|Intimidate|BraveBird,CloseCombat,Roost,Protect|Jolly||F|||50|]Garchomp||RoseliBerry|RoughSkin|DragonClaw,StompingTantrum,PoisonJab,RockTomb|Jolly||F|||50|]Gholdengo||LifeOrb|GoodasGold|MakeItRain,ShadowBall,PowerGem,Protect|Modest|||||50|]Basculegion||MysticWater|Adaptability|WaveCrash,LastRespects,AquaJet,Protect|Adamant||M|||50|]Typhlosion-Hisui||ChoiceScarf|Frisk|Eruption,HeatWave,Flamethrower,ShadowBall|Modest||M|||50|
|j| floettefan670
|c|☆p3ds|GL&HF!
|c|☆No1RalseiFan|glhf!
|
|t:|1782670214
|teamsize|p1|4
|teamsize|p2|4
|start
|switch|p1a: Scrafty|Scrafty, L50, F|100/100
|switch|p1b: Farigiraf|Farigiraf, L50, M|100/100
|switch|p2a: Ralsei|Whimsicott, L50, M|100/100
|switch|p2b: Kris|Typhlosion-Hisui, L50, M|100/100
|-item|p1a: Scrafty|Scraftinite|[from] ability: Frisk|[of] p2b: Kris
|-item|p1b: Farigiraf|Colbur Berry|[from] ability: Frisk|[of] p2b: Kris
|-ability|p1a: Scrafty|Intimidate|boost
|-unboost|p2a: Ralsei|atk|1
|-unboost|p2b: Kris|atk|1
|turn|1
|c|☆No1RalseiFan|DELTARUNEEEEE
|c|☆p3ds|:)
|
|t:|1782670301
|detailschange|p1a: Scrafty|Scrafty-Mega, L50, F
|-mega|p1a: Scrafty|Scrafty|Scraftinite
|-ability|p1a: Scrafty|Intimidate|boost
|-unboost|p2a: Ralsei|atk|1
|-unboost|p2b: Kris|atk|1
|move|p1a: Scrafty|Fake Out|p2a: Ralsei
|-damage|p2a: Ralsei|78/100
|move|p2b: Kris|Eruption|p1b: Farigiraf|[spread] p1a,p1b
|-crit|p1a: Scrafty
|-damage|p1a: Scrafty|28/100
|-damage|p1b: Farigiraf|45/100
|cant|p2a: Ralsei|flinch
|move|p1b: Farigiraf|Trick Room|p1b: Farigiraf
|-fieldstart|move: Trick Room|[of] p1b: Farigiraf
|
|upkeep
|turn|2
|
|t:|1782670403
|switch|p2a: Berdly|Staraptor, L50, F|100/100
|-ability|p2a: Berdly|Intimidate|boost
|-unboost|p1a: Scrafty|atk|1
|-unboost|p1b: Farigiraf|atk|1
|move|p1a: Scrafty|Poison Jab|p2a: Berdly
|-damage|p2a: Berdly|71/100
|-status|p2a: Berdly|psn
|move|p1b: Farigiraf|Psychic|p2b: Kris
|-crit|p2b: Kris
|-damage|p2b: Kris|28/100
|move|p2b: Kris|Eruption|p1a: Scrafty|[spread] p1a,p1b
|-damage|p1a: Scrafty|13/100
|-damage|p1b: Farigiraf|29/100
|
|-damage|p2a: Berdly|59/100 psn|[from] psn
|upkeep
|turn|3
|
|t:|1782670465
|switch|p1a: Sylveon|Sylveon, L50, M|100/100
|detailschange|p2a: Berdly|Staraptor-Mega, L50, F
|-mega|p2a: Berdly|Staraptor|Staraptite
|move|p2a: Berdly|Protect|p2a: Berdly
|-singleturn|p2a: Berdly|Protect
|move|p1b: Farigiraf|Psychic|p2a: Berdly
|-activate|p2a: Berdly|move: Protect
|move|p2b: Kris|Eruption|p1b: Farigiraf|[spread] p1a,p1b
|-damage|p1a: Sylveon|86/100
|-damage|p1b: Farigiraf|13/100
|
|-damage|p2a: Berdly|46/100 psn|[from] psn
|upkeep
|turn|4
|
|t:|1782670506
|switch|p1b: Scrafty|Scrafty-Mega, L50, F|13/100
|-ability|p1b: Scrafty|Intimidate|boost
|-boost|p2a: Berdly|atk|1
|-unboost|p2b: Kris|atk|1
|switch|p2a: Ralsei|Whimsicott, L50, M|78/100
|move|p1a: Sylveon|Hyper Voice|p2b: Kris|[spread] p2a,p2b
|-resisted|p2b: Kris|1
|-crit|p2b: Kris
|-damage|p2a: Ralsei|0 fnt
|-damage|p2b: Kris|0 fnt
|faint|p2a: Ralsei
|faint|p2b: Kris
|
|upkeep
|
|t:|1782670516
|switch|p2b: Tropical ⭐🚶|Basculegion, L50, M|100/100
|switch|p2a: Berdly|Staraptor-Mega, L50, F|46/100 psn
|turn|5
|
|t:|1782670547
|switch|p1b: Garchomp|Garchomp, L50, M|100/100
|move|p2b: Tropical ⭐🚶|Protect|p2b: Tropical ⭐🚶
|-singleturn|p2b: Tropical ⭐🚶|Protect
|move|p2a: Berdly|Protect|p2a: Berdly
|-singleturn|p2a: Berdly|Protect
|move|p1a: Sylveon|Hyper Voice|p2b: Tropical ⭐🚶|[spread] 
|-activate|p2a: Berdly|move: Protect
|-activate|p2b: Tropical ⭐🚶|move: Protect
|
|-damage|p2a: Berdly|34/100 psn|[from] psn
|-fieldend|move: Trick Room
|upkeep
|turn|6
|
|t:|1782670661
|switch|p1a: Farigiraf|Farigiraf, L50, M|13/100
|move|p2a: Berdly|Roost|p2a: Berdly
|-heal|p2a: Berdly|84/100 psn
|-singleturn|p2a: Berdly|move: Roost
|move|p1b: Garchomp|Dragon Claw|p2a: Berdly
|-damage|p2a: Berdly|23/100 psn
|-damage|p1b: Garchomp|90/100|[from] item: Life Orb
|move|p2b: Tropical ⭐🚶|Last Respects|p1b: Garchomp
|-damage|p1b: Garchomp|0 fnt
|faint|p1b: Garchomp
|
|-damage|p2a: Berdly|11/100 psn|[from] psn
|upkeep
|
|t:|1782670680
|switch|p1b: Scrafty|Scrafty-Mega, L50, F|13/100
|-ability|p1b: Scrafty|Intimidate|boost
|-boost|p2a: Berdly|atk|1
|-unboost|p2b: Tropical ⭐🚶|atk|1
|turn|7
|
|t:|1782670746
|move|p1b: Scrafty|Fake Out|p2a: Berdly
|-damage|p2a: Berdly|0 fnt
|faint|p2a: Berdly
|move|p2b: Tropical ⭐🚶|Wave Crash|p1a: Farigiraf
|-damage|p1a: Farigiraf|0 fnt
|faint|p1a: Farigiraf
|-damage|p2b: Tropical ⭐🚶|94/100|[from] Recoil
|
|upkeep
|
|t:|1782670755
|switch|p1a: Sylveon|Sylveon, L50, M|86/100
|turn|8
|
|t:|1782670850
|move|p2b: Tropical ⭐🚶|Last Respects|p1b: Scrafty
|-resisted|p1b: Scrafty|1
|-damage|p1b: Scrafty|0 fnt
|faint|p1b: Scrafty
|move|p1a: Sylveon|Hyper Beam|p2b: Tropical ⭐🚶
|-damage|p2b: Tropical ⭐🚶|0 fnt
|-mustrecharge|p1a: Sylveon
|faint|p2b: Tropical ⭐🚶
|
|win|No1RalseiFan
||p3ds is ready for game 2.
|inactive|No1RalseiFan has 30 seconds to confirm battle start!
||No1RalseiFan is ready for game 2.
|uhtml|next|Next: Game 2 of 3
|l|☆p3ds
|player|p2|
