|j|☆fustor
|j|☆Ishi30
|html|fustorIshi30    
|uhtml|bestof|Game 2 of a best-of-3
|t:|1757936989
|gametype|doubles
|player|p1|fustor|265|1104
|player|p2|Ishi30|102|1066
|gen|9
|tier|[Gen 9] VGC 2025 Reg H (Bo3)
|rated|
|rule|Species Clause: Limit one of each Pokémon
|rule|Item Clause: Limit 1 of each item
|clearpoke
|poke|p1|Charizard, L50, M|
|poke|p1|Torkoal, L50, F|
|poke|p1|Porygon2, L50|
|poke|p1|Incineroar, L50, F|
|poke|p1|Jumpluff, L50, F|
|poke|p1|Ursaluna, L50, M|
|poke|p2|Indeedee-F, L50, F|
|poke|p2|Gallade, L50, M|
|poke|p2|Maushold-Four, L50|
|poke|p2|Torkoal, L50, F|
|poke|p2|Ursaluna, L50, M|
|poke|p2|Hatterene, L50, F|
|teampreview|4
|showteam|p1|Charizard||ChoiceSpecs|SolarPower|HeatWave,Overheat,WeatherBall,AirSlash|||M|||50|,,,,,Ghost]Torkoal||EjectPack|Drought|Eruption,Overheat,HelpingHand,Protect|||F|||50|,,,,,Fire]Porygon2||Eviolite|Download|TeraBlast,IceBeam,Recover,TrickRoom||||||50|,,,,,Fighting]Incineroar||SitrusBerry|Intimidate|FlareBlitz,KnockOff,FakeOut,PartingShot|||F|||50|,,,,,Ghost]Jumpluff||CovertCloak|Chlorophyll|SleepPowder,SunnyDay,RagePowder,Tailwind|||F|||50|,,,,,Water]Ursaluna||FlameOrb|Guts|HeadlongRush,Facade,Earthquake,Protect|||M|||50|,,,,,Ghost
|showteam|p2|Indeedee-F||SafetyGoggles|PsychicSurge|DazzlingGleam,FollowMe,HelpingHand,TrickRoom|||F|||50|,,,,,Fire]Gallade||ClearAmulet|Sharpness|PsychoCut,SacredSword,TrickRoom,WideGuard|||M|||50|,,,,,Grass]Maushold-Four||WideLens|FriendGuard|PopulationBomb,FollowMe,AfterYou,Protect||||||50|,,,,,Normal]Torkoal||Charcoal|Drought|WeatherBall,HeatWave,EarthPower,Eruption|||F|||50|,,,,,Fire]Ursaluna||FlameOrb|Guts|HeadlongRush,Earthquake,Protect,Facade|||M|||50|,,,,,Ghost]Hatterene||LifeOrb|MagicBounce|DazzlingGleam,ExpandingForce,Protect,TrickRoom|||F|||50|,,,,,Psychic
|inactive|Battle timer is ON: inactive players will automatically lose when time's up. (requested by fustor)
|
|t:|1757936999
|teamsize|p1|4
|teamsize|p2|4
|start
|switch|p1a: Charizard|Charizard, L50, M|100/100
|switch|p1b: Ursaluna|Ursaluna, L50, M|100/100
|switch|p2a: Indeedee|Indeedee-F, L50, F|100/100
|switch|p2b: Gallade|Gallade, L50, M|100/100
|-fieldstart|move: Psychic Terrain|[from] ability: Psychic Surge|[of] p2a: Indeedee
|turn|1
|inactive|fustor has 30 seconds left.
|
|t:|1757937030
|move|p2a: Indeedee|Follow Me|p2a: Indeedee
|-singleturn|p2a: Indeedee|move: Follow Me
|move|p1a: Charizard|Heat Wave|p2a: Indeedee|[spread] p2a,p2b
|-damage|p2a: Indeedee|56/100
|-damage|p2b: Gallade|56/100
|-status|p2b: Gallade|brn
|move|p1b: Ursaluna|Headlong Rush|p2a: Indeedee
|-damage|p2a: Indeedee|0 fnt
|-unboost|p1b: Ursaluna|def|1
|-unboost|p1b: Ursaluna|spd|1
|faint|p2a: Indeedee
|move|p2b: Gallade|Trick Room|p2b: Gallade
|-fieldstart|move: Trick Room|[of] p2b: Gallade
|
|-damage|p2b: Gallade|50/100 brn|[from] brn
|-status|p1b: Ursaluna|brn|[from] item: Flame Orb
|upkeep
|
|t:|1757937052
|switch|p2a: Torkoal|Torkoal, L50, F|100/100
|-weather|SunnyDay|[from] ability: Drought|[of] p2a: Torkoal
|turn|2
|inactive|fustor has 30 seconds left.
|
|t:|1757937079
|-terastallize|p2a: Torkoal|Fire
|move|p1b: Ursaluna|Protect|p1b: Ursaluna
|-singleturn|p1b: Ursaluna|Protect
|move|p2a: Torkoal|Eruption|p1b: Ursaluna|[spread] p1a
|-activate|p1b: Ursaluna|move: Protect
|-resisted|p1a: Charizard
|-damage|p1a: Charizard|29/100
|move|p2b: Gallade|Psycho Cut|p1a: Charizard
|-crit|p1a: Charizard
|-damage|p1a: Charizard|0 fnt
|faint|p1a: Charizard
|
|-weather|SunnyDay|[upkeep]
|-damage|p1b: Ursaluna|95/100 brn|[from] brn
|-damage|p2b: Gallade|44/100 brn|[from] brn
|upkeep
|
|t:|1757937094
|switch|p1a: Porygon2|Porygon2, L50|100/100
|-ability|p1a: Porygon2|Download|boost
|-boost|p1a: Porygon2|spa|1
|turn|3
|
|t:|1757937107
|-terastallize|p1a: Porygon2|Fighting
|move|p2a: Torkoal|Eruption|p1b: Ursaluna|[spread] p1a,p1b
|-damage|p1a: Porygon2|28/100
|-damage|p1b: Ursaluna|0 fnt
|faint|p1b: Ursaluna
|move|p1a: Porygon2|Tera Blast|p2a: Torkoal|[anim] Tera Blast Fighting
|-damage|p2a: Torkoal|21/100
|move|p2b: Gallade|Sacred Sword|p1a: Porygon2
|-damage|p1a: Porygon2|4/100
|
|-weather|SunnyDay|[upkeep]
|-damage|p2b: Gallade|39/100 brn|[from] brn
|upkeep
|
|t:|1757937119
|switch|p1b: Torkoal|Torkoal, L50, F|100/100
|turn|4
|
|t:|1757937133
|move|p2a: Torkoal|Heat Wave|p1a: Porygon2|[spread] p1a,p1b
|-resisted|p1b: Torkoal
|-damage|p1a: Porygon2|0 fnt
|-damage|p1b: Torkoal|54/100
|faint|p1a: Porygon2
|move|p1b: Torkoal|Eruption|p2b: Gallade|[spread] p2a,p2b
|-resisted|p2a: Torkoal
|-damage|p2a: Torkoal|0 fnt
|-damage|p2b: Gallade|0 fnt
|faint|p2a: Torkoal
|faint|p2b: Gallade
|
|-weather|SunnyDay|[upkeep]
|upkeep
|
|t:|1757937147
|switch|p2b: Hatterene|Hatterene, L50, F|100/100
|turn|5
|
|t:|1757937157
|move|p1b: Torkoal|Overheat|p2b: Hatterene|[miss]
|-miss|p1b: Torkoal|p2b: Hatterene
|move|p2b: Hatterene|Expanding Force|p1b: Torkoal
|-damage|p1b: Torkoal|0 fnt
|faint|p1b: Torkoal
|-damage|p2b: Hatterene|91/100|[from] item: Life Orb
|
|win|Ishi30
|raw|fustor's rating: 1104 → 1076(-28 for losing)
|raw|Ishi30's rating: 1066 → 1099(+33 for winning)
