|j|‽curiositytest
|j|☆dabean16
|html|curiositytestdabean16    
|uhtml|bestof|Game 1 of a best-of-3
|t:|1782960017
|gametype|doubles
|player|p1|curiositytest|drayden|1151
|player|p2|dabean16|101|1155
|gen|9
|tier|[Gen 9 Champions] VGC 2026 Reg M-B (Bo3)
|rated|
|rule|Species Clause: Limit one of each Pokémon
|rule|Item Clause: Limit 1 of each item
|clearpoke
|poke|p1|Sneasler, L50, M|
|poke|p1|Sylveon, L50, F|
|poke|p1|Gholdengo, L50|
|poke|p1|Lycanroc-Dusk, L50, M|
|poke|p1|Sableye, L50, F|
|poke|p1|Dragonite, L50, F|
|poke|p2|Dragonite, L50, M, shiny|
|poke|p2|Scizor, L50, M|
|poke|p2|Incineroar, L50, M|
|poke|p2|Pelipper, L50, F, shiny|
|poke|p2|Basculegion, L50, M, shiny|
|poke|p2|Archaludon, L50, F|
|teampreview|4
|showteam|p1|Sneasler||WhiteHerb|Unburden|FakeOut,DireClaw,CloseCombat,Coaching|Adamant||M|||50|]Sylveon||FairyFeather|Pixilate|HyperVoice,HyperBeam,QuickAttack,Protect|Modest||F|||50|]Gholdengo||Leftovers|GoodasGold|MakeItRain,ShadowBall,NastyPlot,Protect|Modest|||||50|]Lycanroc-Dusk||FocusSash|ToughClaws|Accelerock,RockSlide,CloseCombat,Protect|Jolly||M|||50|]Sableye||RoseliBerry|Prankster|RainDance,WillOWisp,LightScreen,FoulPlay|Sassy||F|||50|]Dragonite||Dragoninite|Multiscale|Hurricane,DracoMeteor,HeatWave,Protect|Modest||F|||50|
|showteam|p2|Dragonite||Dragoninite|Multiscale|Tailwind,Protect,DragonPulse,Flamethrower|Modest||M|||50|]Scizor||Scizorite|Technician|Protect,SwordsDance,CloseCombat,BulletPunch|Adamant||M|||50|]Incineroar||SitrusBerry|Intimidate|FakeOut,ThroatChop,PartingShot,FlareBlitz|Careful||M|||50|]Pelipper||FocusSash|Drizzle|Tailwind,Hurricane,WeatherBall,Protect|Modest||F|||50|]Basculegion||ChoiceScarf|Adaptability|LastRespects,WaveCrash,FlipTurn,AquaJet|Adamant||M|||50|]Archaludon||ChopleBerry|Stamina|ElectroShot,Protect,DragonPulse,AuraSphere|Calm||F|||50|
|inactive|Battle timer is ON: inactive players will automatically lose when time's up. (requested by curiositytest)
|inactive|dabean16 has 60 seconds left.
|
|t:|1782960108
|teamsize|p1|4
|teamsize|p2|4
|start
|switch|p1a: Gholdengo|Gholdengo, L50|100/100
|switch|p1b: Sneasler|Sneasler, L50, M|100/100
|switch|p2a: Incineroar|Incineroar, L50, M|100/100
|switch|p2b: Dragonite|Dragonite, L50, M, shiny|100/100
|-ability|p2a: Incineroar|Intimidate|boost
|-unboost|p1a: Gholdengo|atk|1
|-unboost|p1b: Sneasler|atk|1
|-enditem|p1b: Sneasler|White Herb
|-clearnegativeboost|p1b: Sneasler|[silent]
|turn|1
|inactive|dabean16 has 30 seconds left.
|inactive|curiositytest has 30 seconds left.
|inactive|dabean16 has 20 seconds left.
|inactive|dabean16 has 15 seconds left.
|
|t:|1782960149
|switch|p1a: Sylveon|Sylveon, L50, F|100/100
|detailschange|p2b: Dragonite|Dragonite-Mega, L50, M, shiny
|-mega|p2b: Dragonite|Dragonite|Dragoninite
|move|p1b: Sneasler|Fake Out|p2b: Dragonite
|-damage|p2b: Dragonite|92/100
|cant|p2b: Dragonite|flinch
|move|p2a: Incineroar|Throat Chop|p1a: Sylveon
|-resisted|p1a: Sylveon|1
|-damage|p1a: Sylveon|84/100
|-start|p1a: Sylveon|Throat Chop|[silent]
|
|upkeep
|turn|2
|
|t:|1782960168
|move|p2b: Dragonite|Protect|p2b: Dragonite
|-singleturn|p2b: Dragonite|Protect
|move|p1b: Sneasler|Close Combat|p2a: Incineroar
|-supereffective|p2a: Incineroar|1
|-damage|p2a: Incineroar|0 fnt
|-unboost|p1b: Sneasler|def|1
|-unboost|p1b: Sneasler|spd|1
|faint|p2a: Incineroar
|move|p1a: Sylveon|Hyper Beam|p2b: Dragonite
|-activate|p2b: Dragonite|move: Protect
|
|-end|p1a: Sylveon|Throat Chop|[silent]
|upkeep
|
|t:|1782960183
|switch|p2a: Basculegion|Basculegion, L50, M, shiny|100/100
|turn|3
|
|t:|1782960206
|switch|p2b: Pelipper|Pelipper, L50, F, shiny|100/100
|-weather|RainDance|[from] ability: Drizzle|[of] p2b: Pelipper
|move|p1b: Sneasler|Dire Claw|p2a: Basculegion
|-resisted|p2a: Basculegion|1
|-damage|p2a: Basculegion|70/100
|move|p2a: Basculegion|Wave Crash|p1a: Sylveon
|-damage|p1a: Sylveon|0 fnt
|faint|p1a: Sylveon
|-damage|p2a: Basculegion|45/100|[from] Recoil
|
|-weather|RainDance|[upkeep]
|upkeep
|
|t:|1782960216
|switch|p1a: Dragonite|Dragonite, L50, F|100/100
|turn|4
|
|t:|1782960233
|switch|p2a: Dragonite|Dragonite-Mega, L50, M, shiny|92/100
|detailschange|p1a: Dragonite|Dragonite-Mega, L50, F
|-mega|p1a: Dragonite|Dragonite|Dragoninite
|move|p1b: Sneasler|Coaching|p1a: Dragonite
|-boost|p1a: Dragonite|atk|1
|-boost|p1a: Dragonite|def|1
|move|p1a: Dragonite|Hurricane|p2a: Dragonite
|-damage|p2a: Dragonite|35/100
|-start|p2a: Dragonite|confusion
|move|p2b: Pelipper|Hurricane|p1b: Sneasler
|-supereffective|p1b: Sneasler|1
|-damage|p1b: Sneasler|0 fnt
|faint|p1b: Sneasler
|
|-weather|RainDance|[upkeep]
|upkeep
|
|t:|1782960236
|switch|p1b: Gholdengo|Gholdengo, L50|100/100
|turn|5
|inactive|curiositytest has 30 seconds left.
|inactive|dabean16 has 30 seconds left.
|inactive|dabean16 has 20 seconds left.
|inactive|dabean16 has 15 seconds left.
|inactive|curiositytest has 20 seconds left.
|inactive|dabean16 has 10 seconds left.
|
|t:|1782960284
|-activate|p2a: Dragonite|confusion
|move|p2a: Dragonite|Protect|p2a: Dragonite
|-singleturn|p2a: Dragonite|Protect
|move|p1a: Dragonite|Hurricane|p2b: Pelipper
|-crit|p2b: Pelipper
|-enditem|p2b: Pelipper|Focus Sash
|-damage|p2b: Pelipper|1/100
|move|p1b: Gholdengo|Nasty Plot|p1b: Gholdengo
|-boost|p1b: Gholdengo|spa|2
|move|p2b: Pelipper|Weather Ball|p1b: Gholdengo
|-damage|p1b: Gholdengo|27/100
|
|-weather|RainDance|[upkeep]
|-heal|p1b: Gholdengo|33/100|[from] item: Leftovers
|upkeep
|turn|6
|inactive|dabean16 has 30 seconds left.
|inactive|dabean16 has 20 seconds left.
|inactive|dabean16 has 15 seconds left.
|inactive|dabean16 has 10 seconds left.
|
|t:|1782960330
|move|p2b: Pelipper|Protect|p2b: Pelipper
|-singleturn|p2b: Pelipper|Protect
|-activate|p2a: Dragonite|confusion
|move|p2a: Dragonite|Dragon Pulse|p1a: Dragonite
|-supereffective|p1a: Dragonite|1
|-damage|p1a: Dragonite|56/100
|move|p1a: Dragonite|Hurricane|p2a: Dragonite
|-damage|p2a: Dragonite|0 fnt
|faint|p2a: Dragonite
|move|p1b: Gholdengo|Shadow Ball|p2b: Pelipper
|-activate|p2b: Pelipper|move: Protect
|
|-weather|RainDance|[upkeep]
|-heal|p1b: Gholdengo|40/100|[from] item: Leftovers
|upkeep
|
|t:|1782960344
|switch|p2a: Basculegion|Basculegion, L50, M, shiny|45/100
|turn|7
|
|t:|1782960364
|move|p1b: Gholdengo|Protect|p1b: Gholdengo
|-singleturn|p1b: Gholdengo|Protect
|move|p2a: Basculegion|Last Respects|p1a: Dragonite
|-crit|p1a: Dragonite
|-damage|p1a: Dragonite|0 fnt
|faint|p1a: Dragonite
|move|p2b: Pelipper|Weather Ball|p1b: Gholdengo
|-activate|p1b: Gholdengo|move: Protect
|
|-weather|none
|-heal|p1b: Gholdengo|46/100|[from] item: Leftovers
|upkeep
|turn|8
|-message|curiositytest forfeited.
|
|win|dabean16
|l|‽curiositytest
|player|p1|
||curiositytest is ready for game 2.
||dabean16 is ready for game 2.
|uhtml|next|Next: Game 2 of 3
