|j|☆8BitBidoof
|j|☆bwhitevgc
|html|8BitBidoofbwhitevgc    
|uhtml|bestof|Game 2 of a best-of-3
|t:|1756165866
|gametype|doubles
|player|p1|8BitBidoof|red-lgpe|1276
|player|p2|bwhitevgc|102|1171
|gen|9
|tier|[Gen 9] VGC 2025 Reg H (Bo3)
|rated|
|rule|Species Clause: Limit one of each Pokémon
|rule|Item Clause: Limit 1 of each item
|clearpoke
|poke|p1|Sneasler, L50, M|
|poke|p1|Indeedee, L50, M|
|poke|p1|Volcarona, L50, F|
|poke|p1|Ursaluna-Bloodmoon, L50, M|
|poke|p1|Annihilape, L50, M|
|poke|p1|Tyranitar, L50, M|
|poke|p2|Kommo-o, L50, F|
|poke|p2|Gholdengo, L50|
|poke|p2|Tyranitar, L50, M|
|poke|p2|Volcarona, L50, M|
|poke|p2|Rillaboom, L50, F|
|poke|p2|Weezing-Galar, L50, F|
|teampreview|4
|showteam|p1|Sneasler||PsychicSeed|Unburden|CloseCombat,DireClaw,ThroatChop,Protect|||M|||50|,,,,,Dark]Indeedee||ChoiceScarf|PsychicSurge|ExpandingForce,TeraBlast,Trick,Protect|||M|||50|,,,,,Psychic]Volcarona||SitrusBerry|FlameBody|Overheat,StruggleBug,RagePowder,Tailwind|||F|||50|,,,,,Grass]Ursaluna-Bloodmoon||LifeOrb|MindsEye|BloodMoon,HyperVoice,EarthPower,Protect|||M|||50|,,,,,Normal]Annihilape||SafetyGoggles|Defiant|CloseCombat,RageFist,Taunt,FinalGambit|||M|||50|,,,,,Fairy]Tyranitar||AssaultVest|SandStream|RockSlide,KnockOff,TeraBlast,LowKick|||M|||50|,,,,,Flying
|showteam|p2|Kommo-o||Leftovers|Overcoat|BodyPress,IronDefense,ShadowClaw,Protect|||F|||50|,,,,,Steel]Gholdengo||LifeOrb|GoodasGold|MakeItRain,ShadowBall,NastyPlot,Protect||||||50|,,,,,Water]Tyranitar||AssaultVest|SandStream|RockSlide,KnockOff,TeraBlast,LowKick|||M|||50|,,,,,Flying]Volcarona||SafetyGoggles|FlameBody|Overheat,RagePowder,Tailwind,StruggleBug|||M|||50|,,,,,Fairy]Rillaboom||AbilityShield|GrassySurge|WoodHammer,GrassyGlide,FakeOut,Uturn|||F|||50|,,,,,Water]Weezing-Galar||SitrusBerry|NeutralizingGas|StrangeSteam,Taunt,PoisonGas,Protect|||F|||50|,,,,,Grass
|j| seanonalia
|j| HarshVGC
|
|t:|1756165920
|teamsize|p1|4
|teamsize|p2|4
|start
|switch|p1a: Annihilape|Annihilape, L50, M|100/100
|switch|p1b: Tyranitar|Tyranitar, L50, M|100/100
|switch|p2a: Gholdengo|Gholdengo, L50|100/100
|switch|p2b: Rillaboom|Rillaboom, L50, F|100/100
|-fieldstart|move: Grassy Terrain|[from] ability: Grassy Surge|[of] p2b: Rillaboom
|-weather|Sandstorm|[from] ability: Sand Stream|[of] p1b: Tyranitar
|turn|1
|
|t:|1756165959
|switch|p1a: Volcarona|Volcarona, L50, F|100/100
|-terastallize|p1b: Tyranitar|Flying
|move|p2a: Gholdengo|Protect|p2a: Gholdengo
|-singleturn|p2a: Gholdengo|Protect
|move|p2b: Rillaboom|Wood Hammer|p1a: Volcarona
|-resisted|p1a: Volcarona
|-damage|p1a: Volcarona|77/100
|-status|p2b: Rillaboom|brn|[from] ability: Flame Body|[of] p1a: Volcarona
|-damage|p2b: Rillaboom|94/100 brn|[from] Recoil
|move|p1b: Tyranitar|Knock Off|p2a: Gholdengo
|-activate|p2a: Gholdengo|move: Protect
|
|-weather|Sandstorm|[upkeep]
|-damage|p1a: Volcarona|70/100|[from] Sandstorm
|-damage|p2b: Rillaboom|88/100 brn|[from] Sandstorm
|-damage|p1b: Tyranitar|95/100|[from] Sandstorm
|-heal|p1a: Volcarona|77/100|[from] Grassy Terrain
|-heal|p2b: Rillaboom|94/100 brn|[from] Grassy Terrain
|-damage|p2b: Rillaboom|88/100 brn|[from] brn
|upkeep
|turn|2
|
|t:|1756165993
|move|p2a: Gholdengo|Protect||[still]
|-fail|p2a: Gholdengo
|move|p1a: Volcarona|Struggle Bug|p2a: Gholdengo|[spread] p2a,p2b
|-resisted|p2a: Gholdengo
|-supereffective|p2b: Rillaboom
|-damage|p2a: Gholdengo|96/100
|-damage|p2b: Rillaboom|58/100 brn
|-unboost|p2a: Gholdengo|spa|1
|-unboost|p2b: Rillaboom|spa|1
|move|p2b: Rillaboom|U-turn|p1a: Volcarona
|-resisted|p1a: Volcarona
|-damage|p1a: Volcarona|69/100
|
|t:|1756166001
|switch|p2b: Tyranitar|Tyranitar, L50, M|100/100|[from] U-turn
|move|p1b: Tyranitar|Knock Off|p2a: Gholdengo
|-supereffective|p2a: Gholdengo
|-damage|p2a: Gholdengo|0 fnt
|-enditem|p2a: Gholdengo|Life Orb|[from] move: Knock Off|[of] p1b: Tyranitar
|faint|p2a: Gholdengo
|
|-weather|Sandstorm|[upkeep]
|-damage|p1a: Volcarona|63/100|[from] Sandstorm
|-damage|p1b: Tyranitar|89/100|[from] Sandstorm
|-heal|p1a: Volcarona|69/100|[from] Grassy Terrain
|upkeep
|
|t:|1756166003
|switch|p2a: Rillaboom|Rillaboom, L50, F|58/100 brn
|turn|3
|
|t:|1756166032
|switch|p1b: Annihilape|Annihilape, L50, M|100/100
|-terastallize|p2b: Tyranitar|Flying
|move|p2a: Rillaboom|Fake Out|p1a: Volcarona
|-damage|p1a: Volcarona|61/100
|cant|p1a: Volcarona|flinch
|move|p2b: Tyranitar|Rock Slide|p1b: Annihilape|[spread] p1b
|-miss|p2b: Tyranitar|p1a: Volcarona
|-resisted|p1b: Annihilape
|-damage|p1b: Annihilape|86/100
|
|-weather|Sandstorm|[upkeep]
|-damage|p1a: Volcarona|55/100|[from] Sandstorm
|-damage|p2a: Rillaboom|52/100 brn|[from] Sandstorm
|-damage|p2b: Tyranitar|95/100|[from] Sandstorm
|-heal|p1a: Volcarona|61/100|[from] Grassy Terrain
|-heal|p1b: Annihilape|92/100|[from] Grassy Terrain
|-heal|p2a: Rillaboom|58/100 brn|[from] Grassy Terrain
|-damage|p2a: Rillaboom|52/100 brn|[from] brn
|upkeep
|turn|4
|
|t:|1756166057
|move|p1a: Volcarona|Overheat|p2a: Rillaboom
|-supereffective|p2a: Rillaboom
|-damage|p2a: Rillaboom|0 fnt
|-unboost|p1a: Volcarona|spa|2
|faint|p2a: Rillaboom
|move|p1b: Annihilape|Final Gambit|p2b: Tyranitar
|-damage|p2b: Tyranitar|2/100
|faint|p1b: Annihilape
|move|p2b: Tyranitar|Rock Slide|p1a: Volcarona
|-supereffective|p1a: Volcarona
|-crit|p1a: Volcarona
|-damage|p1a: Volcarona|0 fnt
|faint|p1a: Volcarona
|
|-weather|Sandstorm|[upkeep]
|-damage|p2b: Tyranitar|0 fnt|[from] Sandstorm
|faint|p2b: Tyranitar
|upkeep
|
|t:|1756166080
|switch|p1a: Ursaluna|Ursaluna-Bloodmoon, L50, M|100/100
|switch|p1b: Tyranitar|Tyranitar, L50, M, tera:Flying|89/100
|switch|p2b: Volcarona|Volcarona, L50, M, shiny|100/100
|turn|5
|
|t:|1756166098
|move|p2b: Volcarona|Overheat|p1a: Ursaluna
|-crit|p1a: Ursaluna
|-damage|p1a: Ursaluna|0 fnt
|-unboost|p2b: Volcarona|spa|2
|faint|p1a: Ursaluna
|move|p1b: Tyranitar|Rock Slide|p2b: Volcarona
|-supereffective|p2b: Volcarona
|-damage|p2b: Volcarona|0 fnt
|faint|p2b: Volcarona
|
|win|8BitBidoof
|raw|8BitBidoof's rating: 1276 → 1294(+18 for winning)
|raw|bwhitevgc's rating: 1171 → 1153(-18 for losing)
|l| seanonalia
|l|☆bwhitevgc
|player|p2|
|l|☆8BitBidoof
|player|p1|
|l| HarshVGC
|j|☆8BitBidoof
|player|p1|8BitBidoof|red-lgpe|
|l|☆8BitBidoof
|player|p1|
|j|☆8BitBidoof
|player|p1|8BitBidoof|red-lgpe|
