|j|☆DISSSSS
|j|☆pealcantara28
|html|DISSSSSpealcantara28    
|uhtml|bestof|Game 1 of a best-of-3
|t:|1756742510
|gametype|doubles
|player|p1|DISSSSS|flannery|1165
|player|p2|pealcantara28|cynthia-gen4|1117
|gen|9
|tier|[Gen 9] VGC 2025 Reg H (Bo3)
|rated|
|rule|Species Clause: Limit one of each Pokémon
|rule|Item Clause: Limit 1 of each item
|clearpoke
|poke|p1|Ursaluna, L50, F|
|poke|p1|Reuniclus, L50, F|
|poke|p1|Indeedee-F, L50, F|
|poke|p1|Torkoal, L50, M|
|poke|p1|Lilligant-Hisui, L50, F|
|poke|p1|Hydreigon, L50, M|
|poke|p2|Archaludon, L50, F|
|poke|p2|Pelipper, L50, M|
|poke|p2|Incineroar, L50, M|
|poke|p2|Basculegion, L50, M|
|poke|p2|Sinistcha-Masterpiece, L50|
|poke|p2|Kingambit, L50, F|
|teampreview|4
|showteam|p1|Ursaluna||FlameOrb|Guts|Facade,HeadlongRush,Earthquake,Protect|||F|||50|,,,,,Ghost]Reuniclus||LifeOrb|MagicGuard|ExpandingForce,TrickRoom,Protect,FocusBlast|||F|||50|,,,,,Fighting]Indeedee-F||SafetyGoggles|PsychicSurge|TrickRoom,Psychic,FollowMe,HelpingHand|||F|||50|,,,,,Water]Torkoal||Charcoal|Drought|Eruption,EarthPower,HeatWave,Protect|||M|||50|,,,,,Fire]Lilligant-Hisui||FocusSash|Chlorophyll|AfterYou,SleepPowder,CloseCombat,LeafBlade|||F|||50|,,,,,Ghost]Hydreigon||CovertCloak|Levitate|DracoMeteor,DarkPulse,Snarl,Protect|||M|||50|,,,,,Poison
|showteam|p2|Archaludon||AssaultVest|Stamina|DracoMeteor,FlashCannon,ElectroShot,BodyPress|||F|||50|,,,,,Bug]Pelipper||FocusSash|Drizzle|Tailwind,Hurricane,WeatherBall,WideGuard|||M|||50|,,,,,Stellar]Incineroar||SafetyGoggles|Intimidate|FlareBlitz,PartingShot,FakeOut,KnockOff|||M|||50|,,,,,Grass]Basculegion||LifeOrb|SwiftSwim|LastRespects,WaveCrash,AquaJet,Protect|||M|||50|,,,,,Water]Sinistcha-Masterpiece||SitrusBerry|Hospitality|MatchaGotcha,ShadowBall,RagePowder,StrengthSap||||||50|,,,,,Grass]Kingambit||BlackGlasses|Defiant|KowtowCleave,SuckerPunch,Protect,SwordsDance|||F|||50|,,,,,Dark
|inactive|Battle timer is ON: inactive players will automatically lose when time's up. (requested by pealcantara28)
|inactive|DISSSSS also wants the timer to be on.
|inactive|DISSSSS has 60 seconds left.
|inactive|DISSSSS has 30 seconds left.
|
|t:|1756742573
|teamsize|p1|4
|teamsize|p2|4
|start
|switch|p1a: Reuniclus|Reuniclus, L50, F|100/100
|switch|p1b: Indeedee|Indeedee-F, L50, F|100/100
|switch|p2a: Archaludon|Archaludon, L50, F|100/100
|switch|p2b: Kingambit|Kingambit, L50, F|100/100
|-fieldstart|move: Psychic Terrain|[from] ability: Psychic Surge|[of] p1b: Indeedee
|turn|1
|inactive|pealcantara28 has 30 seconds left.
|
|t:|1756742605
|-terastallize|p1a: Reuniclus|Fighting
|move|p2a: Archaludon|Flash Cannon|p1a: Reuniclus
|-damage|p1a: Reuniclus|67/100
|move|p2b: Kingambit|Kowtow Cleave|p1a: Reuniclus
|-resisted|p1a: Reuniclus
|-damage|p1a: Reuniclus|36/100
|move|p1a: Reuniclus|Focus Blast|p2b: Kingambit|[miss]
|-miss|p1a: Reuniclus|p2b: Kingambit
|move|p1b: Indeedee|Trick Room|p1b: Indeedee
|-fieldstart|move: Trick Room|[of] p1b: Indeedee
|
|upkeep
|turn|2
|inactive|pealcantara28 has 30 seconds left.
|
|t:|1756742636
|switch|p1b: Ursaluna|Ursaluna, L50, F|100/100
|move|p1a: Reuniclus|Protect|p1a: Reuniclus
|-singleturn|p1a: Reuniclus|Protect
|move|p2b: Kingambit|Kowtow Cleave|p1b: Ursaluna
|-damage|p1b: Ursaluna|58/100
|move|p2a: Archaludon|Draco Meteor|p1a: Reuniclus
|-activate|p1a: Reuniclus|move: Protect
|
|-status|p1b: Ursaluna|brn|[from] item: Flame Orb
|upkeep
|turn|3
|inactive|pealcantara28 has 30 seconds left.
|
|t:|1756742664
|switch|p2b: Pelipper|Pelipper, L50, M|100/100
|-weather|RainDance|[from] ability: Drizzle|[of] p2b: Pelipper
|-terastallize|p2a: Archaludon|Bug
|move|p1b: Ursaluna|Protect|p1b: Ursaluna
|-singleturn|p1b: Ursaluna|Protect
|move|p1a: Reuniclus|Focus Blast|p2b: Pelipper|[miss]
|-miss|p1a: Reuniclus|p2b: Pelipper
|move|p2a: Archaludon|Electro Shot||[still]
|-prepare|p2a: Archaludon|Electro Shot
|-boost|p2a: Archaludon|spa|1
|-anim|p2a: Archaludon|Electro Shot|p1a: Reuniclus
|-damage|p1a: Reuniclus|0 fnt
|faint|p1a: Reuniclus
|
|-weather|RainDance|[upkeep]
|-damage|p1b: Ursaluna|52/100 brn|[from] brn
|upkeep
|
|t:|1756742668
|switch|p1a: Indeedee|Indeedee-F, L50, F|100/100
|turn|4
|
|t:|1756742689
|move|p1a: Indeedee|Follow Me|p1a: Indeedee
|-singleturn|p1a: Indeedee|move: Follow Me
|move|p1b: Ursaluna|Facade|p2a: Archaludon
|-damage|p2a: Archaludon|9/100
|-ability|p2a: Archaludon|Stamina|boost
|-boost|p2a: Archaludon|def|1
|move|p2a: Archaludon|Electro Shot||[still]
|-prepare|p2a: Archaludon|Electro Shot
|-boost|p2a: Archaludon|spa|1
|-anim|p2a: Archaludon|Electro Shot|p1a: Indeedee
|-damage|p1a: Indeedee|34/100
|move|p2b: Pelipper|Weather Ball|p1a: Indeedee
|-damage|p1a: Indeedee|0 fnt
|faint|p1a: Indeedee
|
|-weather|RainDance|[upkeep]
|-damage|p1b: Ursaluna|46/100 brn|[from] brn
|upkeep
|
|t:|1756742694
|switch|p1a: Hydreigon|Hydreigon, L50, M|100/100
|turn|5
|inactive|DISSSSS has 30 seconds left.
|inactive|DISSSSS has 20 seconds left.
|
|t:|1756742730
|switch|p2a: Incineroar|Incineroar, L50, M|100/100
|-ability|p2a: Incineroar|Intimidate|boost
|-unboost|p1a: Hydreigon|atk|1
|-unboost|p1b: Ursaluna|atk|1
|move|p1b: Ursaluna|Protect|p1b: Ursaluna
|-singleturn|p1b: Ursaluna|Protect
|move|p1a: Hydreigon|Protect|p1a: Hydreigon
|-singleturn|p1a: Hydreigon|Protect
|move|p2b: Pelipper|Weather Ball|p1b: Ursaluna
|-activate|p1b: Ursaluna|move: Protect
|
|-weather|RainDance|[upkeep]
|-damage|p1b: Ursaluna|41/100 brn|[from] brn
|-fieldend|move: Trick Room
|-fieldend|move: Psychic Terrain
|upkeep
|turn|6
|
|t:|1756742755
|move|p1a: Hydreigon|Dark Pulse|p2b: Pelipper
|-damage|p2b: Pelipper|34/100
|cant|p2b: Pelipper|flinch
|move|p2a: Incineroar|Knock Off|p1a: Hydreigon
|-resisted|p1a: Hydreigon
|-damage|p1a: Hydreigon|78/100
|-enditem|p1a: Hydreigon|Covert Cloak|[from] move: Knock Off|[of] p2a: Incineroar
|move|p1b: Ursaluna|Headlong Rush|p2a: Incineroar
|-supereffective|p2a: Incineroar
|-damage|p2a: Incineroar|0 fnt
|-unboost|p1b: Ursaluna|def|1
|-unboost|p1b: Ursaluna|spd|1
|faint|p2a: Incineroar
|
|-weather|RainDance|[upkeep]
|-damage|p1b: Ursaluna|35/100 brn|[from] brn
|upkeep
|
|t:|1756742779
|switch|p2a: Archaludon|Archaludon, L50, F, tera:Bug|9/100
|turn|7
|
|t:|1756742789
|move|p1a: Hydreigon|Snarl|p2b: Pelipper|[spread] p2a,p2b
|-damage|p2a: Archaludon|0 fnt
|-damage|p2b: Pelipper|0 fnt
|faint|p2a: Archaludon
|faint|p2b: Pelipper
|move|p1b: Ursaluna|Facade|p2: Archaludon|[notarget]
|-fail|p1b: Ursaluna
|
|-weather|none
|-damage|p1b: Ursaluna|29/100 brn|[from] brn
|upkeep
|
|t:|1756742799
|switch|p2a: Kingambit|Kingambit, L50, F|100/100
|turn|8
|
|t:|1756742805
|move|p1b: Ursaluna|Protect|p1b: Ursaluna
|-singleturn|p1b: Ursaluna|Protect
|move|p2a: Kingambit|Protect|p2a: Kingambit
|-singleturn|p2a: Kingambit|Protect
|move|p1a: Hydreigon|Dark Pulse|p2a: Kingambit
|-activate|p2a: Kingambit|move: Protect
|
|-damage|p1b: Ursaluna|23/100 brn|[from] brn
|upkeep
|turn|9
|
|t:|1756742818
|move|p1b: Ursaluna|Protect|p1b: Ursaluna
|-singleturn|p1b: Ursaluna|Protect
|move|p1a: Hydreigon|Dark Pulse|p2a: Kingambit
|-resisted|p2a: Kingambit
|-damage|p2a: Kingambit|80/100
|move|p2a: Kingambit|Kowtow Cleave|p1b: Ursaluna
|-activate|p1b: Ursaluna|move: Protect
|
|-damage|p1b: Ursaluna|17/100 brn|[from] brn
|upkeep
|turn|10
|
|t:|1756742830
|move|p2a: Kingambit|Protect|p2a: Kingambit
|-singleturn|p2a: Kingambit|Protect
|move|p1a: Hydreigon|Dark Pulse|p2a: Kingambit
|-activate|p2a: Kingambit|move: Protect
|move|p1b: Ursaluna|Headlong Rush|p2a: Kingambit
|-activate|p2a: Kingambit|move: Protect
|
|-damage|p1b: Ursaluna|11/100 brn|[from] brn
|upkeep
|turn|11
|
|t:|1756742845
|move|p1a: Hydreigon|Dark Pulse|p2a: Kingambit
|-resisted|p2a: Kingambit
|-damage|p2a: Kingambit|59/100
|move|p2a: Kingambit|Kowtow Cleave|p1a: Hydreigon
|-resisted|p1a: Hydreigon
|-damage|p1a: Hydreigon|46/100
|move|p1b: Ursaluna|Headlong Rush|p2a: Kingambit
|-supereffective|p2a: Kingambit
|-damage|p2a: Kingambit|0 fnt
|-unboost|p1b: Ursaluna|def|1
|-unboost|p1b: Ursaluna|spd|1
|faint|p2a: Kingambit
|
|win|DISSSSS
||DISSSSS is ready for game 2.
|inactive|pealcantara28 has 30 seconds to confirm battle start!
